<mjloggm ver="2.3"><GO type="169" lobby="0"/><UN n0="%74%6F%6D%75%74%6F%6D%69" n1="%E5%A4%AA%E3%81%8F%E3%81%AA%E3%81%84%E3%81%8A" n2="%E3%83%86%E3%83%AC%E3%83%93%E3%81%A3%E5%AD%90" n3="%E3%81%91%E3%82%93%31%39%37%30" dan="16,17,16,16" rate="2057.44,2188.18,2142.02,2167.38" sx="M,F,M,M"/><TAIKYOKU oya="0"/>

<Scene>
<INIT seed="0,0,0,3,1,4" ten="250,250,250,250" oya="0" hai0="134,99,24,0,7,2,22,130,87,55,81,106,132" hai1="128,89,111,73,90,127,65,88,48,29,70,44,93" hai2="79,104,122,76,26,71,14,110,86,114,120,74,23" hai3="125,116,75,59,96,94,100,3,117,72,80,107,11"/><T17/><D130/><U68/><E73/><V35/><F71/><W36/><G125/><T85/><D55/><U64/><E127/><V83/><F104/><W49/><G75/><T45/><D45/><U108/><E128/><V18/><F110/><N who="1" m="42025" /><E29/><V52/><F114/><W101/><G36/><T77/><D87/><U43/><E93/><V40/><F40/><W8/><G3/><T13/><D99/><U28/><E28/><V27/><F27/><W98/><G117/><T135/><D106/><U20/><E20/><V15/><F76/><W53/><REACH who="3" step="1"/><G116/><REACH who="3" ten="250,250,250,240" step="2"/><T84/><D84/><U102/><E102/><V31/><F86/><W5/><G5/><T38/><D38/><U54/><E43/><V6/><F6/><W9/><G9/><AGARI ba="0,1" hai="0,2,7,9,13,17,22,24,77,81,85,132,134,135" machi="9" ten="40,3900,0" yaku="20,1,52,1" doraHai="4" who="0" fromWho="3" sc="250,49,250,0,250,0,240,-39" />
</Scene>
<Scene>
<INIT seed="0,1,0,5,2,51" ten="299,250,250,201" oya="0" hai0="92,42,4,2,30,48,66,22,31,3,70,101,133" hai1="44,111,131,11,118,63,80,24,65,112,130,103,116" hai2="60,104,77,96,107,17,21,72,87,69,135,52,89" hai3="75,113,7,50,122,82,115,109,18,114,1,27,29"/><T57/><D70/><U16/><E111/><V129/><F129/><N who="1" m="49161" /><E112/><V126/><F126/><W9/><G75/><T68/><D68/><N who="1" m="42047" /><E103/><V125/><F125/><W99/><G82/><T40/><D133/><U23/><E80/><V20/><F135/><W73/><G73/><T127/><D127/><U94/><E94/><N who="2" m="54591" /><F69/><W5/><G99/><T120/><D120/><U32/><E32/><V53/><F60/><W128/><G50/><T79/><D79/><U88/><E88/><V117/><F107/><W26/><G128/><T45/><D3/><U121/><E121/><V95/><F95/><W93/><G93/><T81/><D81/><U15/><E44/><V106/><F106/><W98/><G98/><N who="0" m="59591" /><D2/><U33/><E33/><V97/><F97/><W36/><G122/><T14/><D40/><U119/><E119/><V58/><F117/><W74/><G74/><T13/><D4/><AGARI ba="1,0" hai="4,11,15,16,23,24,116,118" m="42047,49161" machi="4" ten="30,2000,0" yaku="19,1,54,1" doraHai="51" who="1" fromWho="0" sc="299,-23,250,23,250,0,201,0" />
</Scene>
<Scene>
<INIT seed="1,0,0,5,4,55" ten="276,273,250,201" oya="1" hai0="8,101,117,33,6,26,76,106,49,82,105,16,32" hai1="34,85,110,28,125,116,119,19,90,40,89,94,18" hai2="60,69,59,62,122,91,9,22,23,51,29,79,57" hai3="133,10,100,15,134,27,36,126,103,81,95,3,83"/><U64/><E125/><V21/><F122/><W93/><G36/><T44/><D117/><U130/><E130/><V131/><F131/><W13/><G27/><T58/><D106/><U38/><E64/><V24/><F69/><W67/><G67/><T47/><D105/><U31/><E110/><V4/><F79/><W96/><G3/><T48/><D101/><U92/><E40/><V86/><F51/><W78/><G126/><T135/><D135/><U75/><E75/><V54/><F9/><W25/><G25/><T17/><D6/><U98/><E38/><V5/><F4/><W56/><G10/><T0/><D8/><U53/><E34/><V11/><F11/><W109/><G96/><T68/><D68/><U35/><E35/><V14/><F14/><W72/><G78/><T52/><D0/><U30/><REACH who="1" step="1"/><E53/><REACH who="1" ten="276,263,250,201" step="2"/><N who="2" m="33839" /><F5/><W39/><G39/><T37/><D37/><U80/><E80/><AGARI ba="0,1" hai="21,22,23,24,29,54,59,62,80,86,91" m="33839" machi="80" ten="30,3900,0" yaku="8,1,52,2" doraHai="55" who="2" fromWho="1" sc="276,0,263,-39,250,49,201,0" />
</Scene>
<Scene>
<INIT seed="2,0,0,5,5,132" ten="276,224,299,201" oya="2" hai0="101,15,97,0,82,68,135,73,41,90,63,117,59" hai1="120,40,18,3,20,124,98,62,2,69,44,89,10" hai2="96,8,119,85,46,133,28,86,7,67,4,93,112" hai3="45,47,33,87,121,23,53,43,126,17,49,108,25"/><V78/><F133/><W100/><G121/><T91/><D0/><U61/><E120/><V30/><F119/><W115/><G108/><T72/><D68/><U35/><E35/><V94/><F112/><W129/><G129/><T130/><D135/><U110/><E110/><V55/><F67/><W127/><G115/><T57/><D41/><U39/><E69/><V125/><F125/><N who="3" m="47627" /><G100/><T56/><D130/><U128/><E61/><V71/><F71/><W105/><G105/><T1/><D1/><U22/><E62/><V50/><F94/><W116/><G87/><T27/><D117/><U84/><E3/><V106/><F106/><W48/><G116/><T74/><D63/><U103/><E2/><V24/><F85/><W107/><G107/><T123/><D123/><U38/><E38/><V99/><F99/><W95/><G95/><T75/><D75/><U111/><E111/><V76/><F76/><W14/><G33/><T66/><D66/><U29/><E103/><V34/><F30/><W32/><G32/><T80/><D97/><U92/><E98/><V60/><F86/><W19/><G14/><T42/><D15/><N who="1" m="7543" /><E124/><V58/><F78/><W21/><G21/><N who="1" m="8298" /><E128/><V122/><F122/><W88/><G88/><T12/><D101/><U102/><E102/><N who="2" m="60687" /><F8/><W13/><G13/><T131/><D12/><U70/><E29/><AGARI ba="0,0" hai="17,19,23,25,29,43,45,47,48,49,53" m="47627" machi="29" ten="30,7700,0" yaku="18,1,52,3" doraHai="132" who="3" fromWho="1" sc="276,0,224,-77,299,0,201,77" />
</Scene>
<Scene>
<INIT seed="3,0,0,2,1,2" ten="276,147,299,278" oya="3" hai0="98,43,22,128,70,18,89,134,69,91,82,46,133" hai1="93,10,3,110,90,67,71,77,108,122,27,125,86" hai2="34,4,65,54,132,9,51,107,115,100,47,85,38" hai3="109,99,58,68,33,53,31,124,73,44,36,11,13"/><W121/><G121/><T1/><D128/><U63/><E122/><V102/><F34/><W24/><G73/><T131/><D131/><U20/><E125/><V75/><F75/><W19/><G124/><T8/><D91/><U94/><E77/><V76/><F132/><N who="0" m="50794" /><D98/><U97/><E3/><V32/><F32/><W116/><G68/><T78/><D89/><U104/><E104/><V0/><F115/><W81/><G116/><T83/><D22/><U57/><E71/><N who="0" m="27145" /><D78/><U40/><E40/><V66/><F38/><W84/><G99/><T64/><D64/><U105/><E105/><V118/><F118/><W111/><G36/><T129/><D129/><U5/><E97/><V60/><F65/><W15/><G15/><N who="0" m="7527" /><D1/><U130/><E130/><V50/><F107/><W79/><REACH who="3" step="1"/><G44/><REACH who="3" ten="276,147,299,268" step="2"/><T6/><D46/><U123/><E123/><V45/><F45/><W127/><G127/><T42/><D43/><U41/><E41/><V62/><F47/><W117/><G117/><T56/><D56/><U135/><E135/><V61/><F85/><W21/><G21/><T113/><D42/><U80/><E110/><V96/><F96/><W120/><G120/><T52/><D113/><U28/><E108/><V55/><F0/><W26/><G26/><T29/><D29/><U114/><E114/><V59/><F9/><W12/><G12/><T48/><D48/><AGARI ba="0,1" hai="11,13,19,24,31,33,48,53,58,79,81,84,109,111" machi="48" ten="40,3900,0" yaku="1,1,53,1" doraHai="2" doraHaiUra="14" who="3" fromWho="0" sc="276,-39,147,0,299,0,268,49" />
</Scene>
<Scene>
<INIT seed="3,1,0,1,5,46" ten="237,147,299,317" oya="3" hai0="108,88,98,11,134,107,2,80,24,85,5,53,127" hai1="69,118,4,38,120,23,128,61,57,89,66,95,0" hai2="59,125,56,12,103,13,17,117,110,34,101,97,48" hai3="45,77,99,33,41,32,15,42,49,104,78,30,116"/><W109/><G116/><T93/><D108/><U122/><E38/><V51/><F34/><W52/><G109/><T55/><D134/><U112/><E112/><V65/><F110/><W36/><G33/><T73/><D127/><U119/><E128/><V22/><F125/><W10/><G30/><T96/><D24/><U50/><E23/><V87/><F117/><N who="1" m="44553" /><E4/><V94/><F101/><W81/><G32/><T84/><D73/><U7/><E7/><V47/><F65/><W3/><G3/><T43/><D43/><U72/><E72/><V6/><F87/><W135/><G135/><T58/><D55/><N who="1" m="31991" /><E0/><V115/><F115/><W111/><G111/><T105/><D105/><U39/><E39/><V124/><F124/><W82/><G36/><T121/><D107/><U21/><E21/><V8/><REACH who="2" step="1"/><F51/><REACH who="2" ten="237,147,289,317" step="2"/><W63/><G104/><T75/><D75/><U54/><E54/><AGARI ba="1,1" hai="6,8,12,13,17,22,47,48,54,56,59,94,97,103" machi="54" ten="30,8000,1" yaku="1,1,2,1,7,1,8,1,52,1,53,0" doraHai="46" doraHaiUra="74" who="2" fromWho="1" sc="237,0,147,-83,289,93,317,0" />
</Scene>
<Scene>
<INIT seed="4,0,0,5,3,80" ten="237,64,382,317" oya="0" hai0="42,127,1,48,57,55,2,89,53,125,35,98,58" hai1="5,39,54,56,109,113,81,104,32,114,25,71,41" hai2="85,14,75,123,97,132,52,38,119,124,70,28,106" hai3="72,37,82,29,110,10,108,18,129,99,51,107,95"/><T13/><D35/><U46/><E104/><V69/><F75/><W4/><G37/><T40/><D13/><U22/><E32/><V134/><F38/><W78/><G129/><T7/><D98/><U84/><E71/><V100/><F123/><W49/><G29/><T44/><D89/><U31/><E5/><V68/><F119/><W60/><G107/><T120/><D7/><U101/><E101/><V36/><F36/><W91/><G18/><T19/><D19/><U26/><E26/><V17/><F124/><N who="0" m="47690" /><D120/><U24/><E24/><V64/><F28/><W105/><G105/><T130/><D130/><U3/><E3/><N who="0" m="1033" /><D44/><U6/><E6/><V103/><F103/><W133/><G133/><T62/><AGARI ba="0,0" hai="40,42,48,53,55,57,58,62" m="1033,47690" machi="62" ten="30,1500,0" yaku="18,1" doraHai="80" who="0" fromWho="0" sc="237,15,64,-5,382,-5,317,-5" />
</Scene>
<Scene>
<INIT seed="4,1,0,1,4,119" ten="252,59,377,312" oya="0" hai0="126,33,59,99,70,95,77,106,10,67,14,13,74" hai1="21,11,84,90,125,72,38,104,91,17,116,109,86" hai2="9,111,92,69,16,130,124,12,129,73,1,27,123" hai3="5,127,6,50,117,89,29,24,7,103,115,76,98"/><T83/><D33/><U85/><E116/><V82/><F69/><W71/><G117/><T113/><D113/><U30/><E109/><V49/><F111/><W97/><G71/><T8/><D70/><U19/><E72/><V35/><F92/><W57/><G76/><T26/><D106/><U23/><E104/><V63/><F63/><W133/><G133/><T39/><D39/><U135/><E38/><V53/><F1/><W68/><G68/><T100/><D126/><U128/><E135/><V20/><F35/><W107/><G115/><T51/><D26/><U43/><E43/><V66/><F66/><W108/><G127/><T60/><D51/><U122/><E125/><V118/><F118/><W121/><G108/><T105/><D105/><U131/><E11/><V40/><F40/><W47/><G57/><T93/><D93/><U18/><E122/><V79/><F123/><W102/><G89/><N who="1" m="33802" /><E30/><V55/><F124/><W75/><G75/><T4/><D10/><U58/><E58/><V42/><F42/><N who="3" m="24951" /><G121/><T0/><AGARI ba="1,0" hai="0,4,8,13,14,59,60,67,74,77,83,95,99,100" machi="0" ten="20,2100,0" yaku="0,1,7,1" doraHai="119" who="0" fromWho="0" sc="252,24,59,-8,377,-8,312,-8" />
</Scene>
<Scene>
<INIT seed="4,2,0,2,5,85" ten="276,51,369,304" oya="0" hai0="124,40,122,17,50,20,133,4,26,98,135,59,100" hai1="123,74,52,109,8,134,45,44,34,101,118,64,87" hai2="92,16,68,2,19,39,119,80,127,99,116,3,51" hai3="55,13,62,89,67,53,63,38,126,5,112,108,6"/><T102/><D122/><U49/><E123/><V21/><F39/><W69/><G108/><T95/><D4/><U11/><E109/><V0/><F68/><W104/><G38/><T29/><D124/><U91/><E118/><V32/><F32/><W120/><G104/><T43/><D17/><U115/><E74/><V41/><F80/><W130/><G126/><T22/><D20/><U75/><E75/><V128/><F127/><W72/><G72/><T46/><D40/><U114/><E34/><V24/><F128/><W82/><G130/><T83/><D83/><N who="1" m="49663" /><E134/><N who="0" m="51209" /><D59/><N who="1" m="33167" /><E101/><AGARI ba="2,0" hai="22,26,29,43,46,50,95,98,100,101,102" m="51209" machi="101" ten="30,1500,0" yaku="20,1" doraHai="85" who="0" fromWho="1" sc="276,21,51,-21,369,0,304,0" />
</Scene>
<Scene>
<INIT seed="4,3,0,4,3,93" ten="297,30,369,304" oya="0" hai0="69,36,105,112,83,18,72,91,27,78,103,119,26" hai1="135,14,122,33,57,15,23,74,70,126,96,20,55" hai2="3,92,89,29,123,77,11,65,79,44,61,125,113" hai3="108,17,41,100,16,30,50,101,39,19,10,98,63"/><T45/><D119/><U134/><E122/><V53/><F125/><W73/><G108/><T68/><D112/><U121/><E121/><V75/><F113/><W8/><G73/><T97/><D27/><U2/><E33/><V104/><F104/><W51/><G39/><T56/><D56/><U85/><E74/><V60/><F29/><W1/><G30/><T86/><D18/><U35/><E35/><V54/><F123/><W42/><G1/><T0/><D26/><U80/><E2/><V24/><F24/><W13/><G63/><T28/><D28/><U131/><E70/><V84/><F75/><W95/><G101/><T52/><D0/><U48/><E126/><V82/><F61/><W43/><REACH who="3" step="1"/><G10/><REACH who="3" ten="297,30,369,294" step="2"/><T31/><D31/><U71/><E134/><V34/><F11/><W49/><AGARI ba="3,1" hai="8,13,16,17,19,41,42,43,49,50,51,95,98,100" machi="49" ten="30,16000,3" yaku="1,1,2,1,0,1,8,1,52,1,54,1,53,3" doraHai="93" doraHaiUra="46" who="3" fromWho="3" sc="297,-83,30,-43,369,-43,294,179" owari="214,-19.0,-13,-51.0,326,13.0,473,57.0" />
</Scene>
</mjloggm>