<mjloggm ver="2.3"><GO type="169" lobby="0"/><UN n0="%EF%BF%A1%E3%81%BA%E3%82%93%E3%81%BA%E3%82%93%EF%BF%A1" n1="%E5%A4%AA%E3%81%8F%E3%81%AA%E3%81%84%E3%81%8A" n2="%E3%83%8C%E3%83%83%E3%83%97" n3="%E3%83%AD%E3%83%A1%E3%82%AA" dan="18,18,16,17" rate="2174.74,2180.80,2152.51,2201.59" sx="M,M,M,M"/><TAIKYOKU oya="0"/>

<Scene>
<INIT seed="0,0,0,5,0,79" ten="250,250,250,250" oya="0" hai0="76,47,74,130,131,18,13,125,95,135,65,101,78" hai1="86,23,24,31,1,92,60,3,52,122,120,14,21" hai2="5,7,44,100,35,127,68,38,88,26,17,55,107" hai3="69,133,110,39,16,0,25,48,9,53,8,126,43"/><T115/><D115/><U56/><E14/><V89/><F68/><W30/><G110/><T15/><D65/><U37/><E37/><V87/><F127/><W80/><G69/><T28/><D125/><U27/><E92/><V32/><F89/><W81/><G126/><T97/><D28/><U118/><E118/><V64/><F64/><W2/><G39/><T124/><D124/><U96/><E96/><V119/><F119/><W49/><G133/><T104/><D135/><U10/><E86/><V123/><F123/><W51/><G43/><T12/><D18/><U34/><E34/><V73/><F73/><W117/><G117/><T75/><D104/><U46/><E46/><V4/><F100/><W6/><G53/><T45/><D78/><U71/><E71/><V128/><F107/><W61/><G61/><T99/><D99/><U84/><E84/><V103/><F103/><W112/><G112/><T59/><D59/><U50/><E60/><V42/><F55/><W94/><G94/><T41/><D47/><U19/><REACH who="1" step="1"/><E10/><REACH who="1" ten="250,240,250,250" step="2"/><V72/><F44/><W57/><G57/><T134/><D75/><U58/><E58/><V29/><F72/><W67/><G67/><T91/><D74/><U66/><E66/><V132/><F35/><W98/><G98/><T108/><D97/><U22/><E22/><V114/><F32/><N who="3" m="20559" /><G0/><AGARI ba="0,1" hai="0,1,3,19,21,23,24,27,31,50,52,56,120,122" machi="0" ten="40,2600,0" yaku="1,1,54,1,53,0" doraHai="79" doraHaiUra="102" who="1" fromWho="3" sc="250,0,240,36,250,0,250,-26" />
</Scene>
<Scene>
<INIT seed="1,0,0,2,1,127" ten="250,276,250,224" oya="1" hai0="28,66,81,130,116,33,22,95,8,26,71,59,106" hai1="60,109,47,39,44,88,11,13,30,63,42,121,62" hai2="123,0,57,104,53,49,14,25,70,16,96,69,1" hai3="10,115,117,134,80,6,125,107,23,113,92,98,46"/><U19/><E121/><V37/><F37/><W99/><G125/><T101/><D106/><U7/><E109/><V50/><F123/><W86/><G134/><T131/><D71/><U43/><E30/><V119/><F119/><W34/><G34/><T5/><D116/><U135/><E135/><V54/><F25/><W90/><G117/><T91/><D81/><U114/><E114/><V68/><F96/><W67/><G107/><T132/><D132/><U12/><E88/><V17/><F104/><W84/><G67/><T29/><D101/><U89/><E89/><V4/><F4/><W35/><G35/><T3/><D29/><U82/><E82/><V76/><F76/><W31/><G46/><N who="1" m="17450" /><E39/><V120/><F120/><W38/><G38/><T58/><D33/><U41/><E12/><V93/><F93/><W103/><G103/><T40/><D40/><U94/><E94/><V55/><F57/><W45/><G45/><T20/><D20/><U118/><E118/><V52/><N who="2" m="13312" /><DORA hai="85" /><V111/><F111/><W27/><G113/><T9/><D9/><U75/><E75/><V97/><F97/><W21/><G21/><T18/><D28/><U61/><N who="1" m="15360" /><DORA hai="32" /><U87/><E87/><V129/><F14/><N who="3" m="5463" /><G115/><T48/><D66/><U108/><E108/><V74/><F74/><W124/><G124/><T36/><D36/><U15/><E15/><V128/><F1/><W65/><G65/><T64/><D64/><U79/><E79/><AGARI ba="0,0" hai="23,27,31,79,80,84,86,90,92,98,99" m="5463" machi="79" ten="30,2000,0" yaku="8,1,52,1" doraHai="127,85,32" who="3" fromWho="1" sc="250,0,276,-20,250,0,224,20" />
</Scene>
<Scene>
<INIT seed="2,0,0,2,4,3" ten="250,256,250,244" oya="2" hai0="53,26,78,56,112,1,70,116,82,84,37,0,40" hai1="74,13,96,25,59,5,92,43,67,55,83,133,114" hai2="99,46,121,110,19,126,68,7,28,45,104,73,21" hai3="124,66,22,36,108,115,51,77,57,129,93,127,10"/><V35/><F121/><W54/><G77/><T6/><D112/><U34/><E114/><V100/><F73/><W65/><G115/><T12/><D70/><U94/><E133/><V95/><F126/><N who="3" m="48171" /><G36/><T131/><D131/><U119/><E119/><V8/><F68/><W39/><G39/><T29/><D116/><U81/><E67/><V23/><F104/><W97/><G108/><T120/><D120/><U32/><E43/><V62/><F62/><W2/><G22/><T107/><D107/><U71/><E71/><V86/><F86/><W79/><G79/><T125/><D125/><U48/><E74/><V27/><F110/><W4/><G129/><T90/><D78/><U15/><E92/><V72/><F72/><W98/><G98/><T58/><D40/><U64/><E64/><V75/><F75/><W41/><G41/><T42/><D42/><U50/><E32/><V9/><F9/><W105/><G105/><T61/><D37/><U80/><E34/><V14/><REACH who="2" step="1"/><F23/><REACH who="2" ten="250,256,240,244" step="2"/><W20/><G20/><T113/><D113/><U31/><E96/><V33/><F33/><W63/><G63/><T89/><D84/><U44/><E94/><V87/><F87/><W76/><G76/><T135/><D61/><U17/><E81/><V117/><F117/><W18/><G66/><T128/><D82/><U49/><E83/><V38/><F38/><W111/><G65/><T123/><D128/><U52/><E80/><V106/><F106/><W103/><G111/><T91/><D123/><U132/><E49/><V118/><F118/><W109/><G109/><T60/><D60/><RYUUKYOKU ba="0,1" sc="250,-15,256,-15,240,15,244,15" hai2="7,8,14,19,21,27,28,35,45,46,95,99,100" hai3="2,4,10,18,51,54,57,93,97,103" />
</Scene>
<Scene>
<INIT seed="2,1,1,1,5,80" ten="235,241,255,259" oya="2" hai0="127,44,21,96,115,118,89,9,34,23,101,39,87" hai1="131,121,126,5,28,17,43,110,66,35,42,102,119" hai2="30,55,71,10,74,134,88,63,61,97,132,109,81" hai3="36,2,86,76,27,48,92,62,100,54,50,93,123"/><V25/><F109/><W120/><G36/><T122/><D115/><U32/><E119/><V108/><F108/><W11/><G27/><T69/><D69/><U8/><E110/><V40/><F40/><W116/><G116/><T114/><D114/><U47/><E131/><V65/><F10/><W56/><G120/><T38/><D34/><U70/><E121/><V45/><F74/><W83/><G123/><T16/><D122/><U99/><E17/><V3/><F3/><W125/><G125/><T14/><D127/><U73/><E73/><V52/><F45/><W82/><G82/><T64/><D64/><U130/><E130/><V98/><F98/><W94/><REACH who="3" step="1"/><G100/><REACH who="3" ten="235,241,255,249" step="2"/><T13/><D118/><U91/><E102/><V37/><F37/><W49/><G49/><T117/><D117/><U112/><E126/><V22/><F63/><W113/><G113/><T31/><D39/><U20/><E112/><V53/><REACH who="2" step="1"/><F81/><REACH who="2" ten="235,241,245,249" step="2"/><W111/><G111/><T72/><D38/><U107/><E42/><V1/><F1/><W105/><G105/><T60/><D60/><U24/><E107/><V133/><F133/><W12/><G12/><T18/><D14/><U46/><E24/><V90/><F90/><W84/><G84/><T29/><D89/><U59/><E91/><V26/><F26/><W85/><G85/><T15/><D15/><U79/><E43/><V103/><F103/><W58/><G58/><T124/><D101/><U33/><E79/><V67/><F67/><W78/><G78/><T0/><D124/><U7/><E59/><V77/><F77/><W128/><G128/><RYUUKYOKU ba="1,3" sc="235,-15,241,-15,245,15,249,15" hai2="22,25,30,52,53,55,61,65,71,88,97,132,134" hai3="2,11,48,50,54,56,62,76,83,86,92,93,94" />
</Scene>
<Scene>
<INIT seed="2,2,3,2,4,69" ten="220,226,260,264" oya="2" hai0="81,72,78,7,107,40,108,24,50,97,27,58,124" hai1="64,89,85,21,23,119,13,14,73,61,20,53,101" hai2="82,79,95,125,86,36,122,38,47,87,123,48,31" hai3="75,103,8,100,62,49,17,56,104,63,83,29,71"/><V2/><F2/><W6/><G29/><T70/><D70/><U117/><E73/><V113/><F113/><W105/><G105/><T114/><D114/><U5/><E101/><V96/><F31/><W130/><G104/><T134/><D108/><U76/><E76/><V94/><F87/><W44/><G71/><T84/><D124/><U32/><E32/><V26/><F26/><W112/><G130/><T98/><D134/><U68/><E53/><V77/><F77/><W12/><G75/><T46/><D72/><U132/><E132/><V129/><F129/><W1/><G83/><N who="0" m="47223" /><D107/><U90/><E90/><V110/><F110/><W65/><G63/><T116/><D116/><U126/><E126/><V30/><F30/><W106/><G106/><T102/><D7/><U91/><E91/><V28/><F28/><W92/><G92/><N who="0" m="58663" /><D98/><U66/><E66/><V121/><F125/><W131/><G131/><T10/><D10/><U88/><E89/><V18/><F18/><W43/><REACH who="3" step="1"/><G112/><REACH who="3" ten="220,226,260,254" step="2"/><T35/><D81/><U135/><E135/><V127/><F127/><W128/><G128/><T33/><D33/><U115/><E115/><V16/><F95/><W67/><G67/><T55/><D35/><U74/><E74/><V93/><F94/><W111/><G111/><T59/><D59/><U120/><E119/><V45/><F93/><W9/><AGARI ba="2,4" hai="1,6,8,9,12,17,43,44,49,56,62,65,100,103" machi="9" ten="20,2700,0" yaku="1,1,0,1,7,1,53,0" doraHai="69" doraHaiUra="25" who="3" fromWho="3" sc="220,-9,226,-9,260,-15,254,73" />
</Scene>
<Scene>
<INIT seed="3,0,0,4,3,101" ten="211,217,245,327" oya="3" hai0="96,11,61,57,124,53,114,123,33,91,60,52,76" hai1="24,102,0,47,31,81,118,77,6,50,37,88,15" hai2="62,111,121,28,65,25,69,21,51,129,49,115,59" hai3="19,85,84,18,105,107,134,48,32,95,54,106,29"/><W55/><G29/><T23/><D33/><U10/><E118/><V80/><F121/><W135/><G32/><T36/><D123/><U63/><E102/><V3/><F115/><W64/><G64/><T5/><D36/><U68/><E37/><V42/><F3/><W44/><G54/><T94/><D114/><U78/><E0/><V128/><F111/><W97/><G84/><T43/><D124/><U108/><E108/><V100/><F100/><N who="3" m="60479" /><G85/><T122/><D122/><U75/><E77/><V109/><F109/><W79/><G79/><T14/><D76/><U82/><E68/><V58/><F80/><W40/><G40/><T45/><D23/><U87/><E63/><V16/><F28/><W113/><G113/><T126/><D126/><U1/><E1/><V130/><F42/><W8/><G8/><T70/><D70/><U35/><REACH who="1" step="1"/><E47/><REACH who="1" ten="211,207,245,327" step="2"/><V92/><F69/><W93/><G93/><T133/><D60/><U12/><E12/><V117/><F117/><W132/><AGARI ba="0,1" hai="18,19,44,48,55,105,106,107,132,134,135" m="60479" machi="132" ten="40,12000,1" yaku="20,1,52,3" doraHai="101" who="3" fromWho="3" sc="211,-40,207,-40,245,-40,327,130" />
</Scene>
<Scene>
<INIT seed="3,1,0,3,0,120" ten="171,167,205,457" oya="3" hai0="76,83,36,23,51,66,58,38,67,1,69,55,122" hai1="16,4,118,130,68,42,50,79,14,28,89,27,81" hai2="115,94,88,78,105,116,20,73,128,111,80,12,113" hai3="64,106,96,5,17,8,2,110,90,121,125,117,74"/><W93/><G117/><T129/><D1/><U43/><E68/><V103/><F12/><W44/><G125/><T112/><D122/><U47/><E118/><V26/><F116/><W133/><G133/><T11/><D129/><U72/><E130/><V63/><F128/><W54/><G74/><T48/><D112/><U85/><E4/><V45/><F45/><W84/><G64/><T29/><D11/><U19/><E42/><V95/><F95/><W30/><G30/><T114/><D114/><U123/><E123/><V3/><F3/><W0/><G17/><T97/><D97/><U127/><E14/><V59/><F103/><W53/><G2/><T13/><D69/><U32/><REACH who="1" step="1"/><E127/><REACH who="1" ten="171,157,205,457" step="2"/><V124/><F124/><W10/><G121/><T21/><D13/><U65/><E65/><V87/><F115/><W108/><G10/><T70/><D67/><U39/><E39/><V62/><F113/><W6/><G5/><T61/><D38/><U82/><AGARI ba="1,1" hai="16,19,27,28,32,43,47,50,72,79,81,82,85,89" machi="82" ten="20,8000,1" yaku="1,1,0,1,7,1,54,1,53,1" doraHai="120" doraHaiUra="107" who="1" fromWho="1" sc="171,-21,157,93,205,-21,457,-41" />
</Scene>
<Scene>
<INIT seed="4,0,0,0,2,17" ten="150,250,184,416" oya="0" hai0="44,7,89,47,129,0,40,12,96,45,105,58,72" hai1="116,113,74,64,86,13,6,134,125,103,85,19,67" hai2="102,76,32,55,99,20,81,70,109,83,77,119,52" hai3="57,94,4,101,51,130,27,108,124,69,90,100,121"/><T127/><D72/><U16/><E74/><V84/><F70/><W49/><G108/><T97/><D0/><U110/><E110/><V73/><F109/><W82/><G69/><T5/><D129/><U106/><E116/><V78/><F32/><W42/><G82/><T41/><D127/><U33/><E33/><V26/><F78/><W133/><G133/><T25/><D105/><U107/><E134/><V135/><F119/><W10/><G124/><T15/><D58/><U91/><E125/><V61/><F61/><W24/><G49/><T9/><D25/><U93/><E113/><V50/><F50/><W131/><G121/><T126/><D126/><U38/><E38/><V53/><F135/><W2/><G27/><T80/><D80/><U11/><E107/><V92/><REACH who="2" step="1"/><F53/><REACH who="2" ten="150,250,174,416" step="2"/><N who="3" m="31935" /><G131/><T115/><D115/><U123/><E123/><V79/><F79/><W87/><G130/><T28/><D41/><U37/><E37/><V66/><F66/><W48/><G48/><T114/><D40/><U35/><E35/><V43/><F43/><W8/><G42/><T31/><D114/><U3/><E67/><V63/><F63/><W98/><G101/><T18/><D89/><U21/><E64/><V95/><F95/><W65/><G65/><T71/><D71/><U122/><E122/><V128/><F128/><W68/><G68/><T75/><D75/><U46/><E46/><V36/><F36/><W88/><G100/><T14/><D45/><U23/><E103/><V120/><F120/><W30/><G90/><T117/><D47/><U60/><E60/><V111/><F111/><RYUUKYOKU ba="0,1" sc="150,-10,250,-10,174,30,416,-10" hai2="20,26,52,55,73,76,77,81,83,84,92,99,102" />
</Scene>
<Scene>
<INIT seed="5,1,1,1,1,21" ten="140,240,204,406" oya="1" hai0="70,58,4,66,28,57,74,89,75,54,5,83,106" hai1="14,125,77,62,95,60,19,96,71,34,87,127,88" hai2="53,61,3,101,32,84,108,86,59,110,50,68,29" hai3="69,109,10,63,47,85,102,31,49,55,78,7,122"/><U44/><E34/><V121/><F3/><W18/><G109/><T129/><D106/><U43/><E77/><V12/><F121/><W107/><G18/><T100/><D100/><U45/><E96/><V118/><F118/><W30/><G122/><T131/><D70/><U72/><E72/><N who="0" m="27689" /><D66/><U41/><E71/><V65/><F101/><W124/><G124/><N who="1" m="47690" /><E45/><V91/><F12/><W1/><G69/><T17/><D28/><U92/><E92/><V67/><F67/><W116/><G116/><T37/><D37/><N who="1" m="21551" /><E43/><V117/><F86/><W130/><G130/><N who="0" m="49675" /><D83/><U79/><E79/><V104/><F104/><W134/><G102/><T97/><D97/><U93/><E93/><V16/><F117/><W51/><G107/><T90/><D90/><U38/><E38/><V119/><F119/><W133/><G78/><T35/><D35/><U111/><E111/><V6/><F32/><W114/><G85/><T2/><D89/><U115/><E115/><V112/><F112/><W99/><G114/><T81/><D81/><U13/><E13/><V36/><F36/><W40/><G99/><T80/><D80/><U94/><E94/><V8/><F108/><W22/><G40/><T23/><D2/><U48/><E48/><V9/><F68/><W113/><G51/><N who="0" m="30943" /><D58/><U27/><E14/><AGARI ba="1,1" hai="4,5,14,17,23" m="30943,49675,27689" machi="14" ten="30,1000,0" yaku="19,1" doraHai="21" who="0" fromWho="1" sc="140,23,240,-13,204,0,406,0" />
</Scene>
<Scene>
<INIT seed="6,0,0,4,2,45" ten="163,227,204,406" oya="2" hai0="81,12,97,127,28,117,116,78,94,82,123,48,90" hai1="105,106,24,49,11,36,59,119,63,29,35,129,6" hai2="38,101,91,51,122,107,57,10,15,89,8,33,70" hai3="108,88,79,37,124,133,120,58,125,121,77,30,61"/><V27/><F70/><W32/><G37/><T73/><D28/><U43/><E36/><V96/><F38/><W9/><G108/><T5/><D5/><U126/><E119/><N who="0" m="45641" /><D12/><U1/><E126/><N who="3" m="48746" /><G133/><T102/><D127/><U7/><E7/><V39/><F39/><W100/><G100/><T110/><D48/><U111/><E111/><V22/><F33/><W93/><G9/><T98/><D110/><U52/><E129/><V103/><F103/><W50/><G50/><T104/><D82/><U74/><E74/><V53/><F122/><AGARI ba="0,0" hai="73,78,81,90,94,97,98,102,104,122,123" m="45641" machi="122" ten="30,3900,0" yaku="12,1,34,2" doraHai="45" who="0" fromWho="2" sc="163,39,227,0,204,-39,406,0" />
</Scene>
<Scene>
<INIT seed="7,0,0,4,0,76" ten="202,227,165,406" oya="3" hai0="49,58,37,1,14,90,33,119,39,122,32,96,61" hai1="106,89,17,40,70,112,50,77,27,117,28,107,108" hai2="91,56,38,11,118,105,52,15,92,26,103,4,59" hai3="124,132,80,69,5,25,60,75,82,97,64,84,86"/><W81/><G75/><T10/><D1/><U21/><E108/><V126/><F38/><W79/><G86/><T135/><D122/><U43/><E70/><V133/><F133/><W93/><G132/><T72/><D72/><U68/><E68/><V131/><F131/><W44/><G124/><T34/><D119/><U9/><E77/><V78/><F126/><W8/><G25/><T110/><D110/><U46/><E117/><V100/><F118/><W29/><G29/><T95/><D49/><U121/><E121/><V42/><F105/><W3/><G44/><T48/><D48/><U22/><E112/><V129/><F129/><W87/><G87/><T16/><REACH who="0" step="1"/><D135/><REACH who="0" ten="192,227,165,406" step="2"/><U67/><E50/><N who="2" m="30743" /><F78/><W99/><G99/><T101/><D101/><AGARI ba="0,1" hai="3,5,8,60,64,69,79,80,81,82,84,93,97,101" machi="101" ten="30,11600,0" yaku="7,1,52,3" doraHai="76" who="3" fromWho="0" sc="192,-116,227,0,165,0,406,126" owari="76,-42.0,227,3.0,165,-23.0,532,62.0" />
</Scene>
</mjloggm>