<mjloggm ver="2.3"><GO type="169" lobby="0"/><UN n0="%E3%81%BE%E3%82%8B%E3%81%99%E3%81%91" n1="%E3%82%A2%E3%82%AB%E3%82%AE%EF%BC%A0%E5%B7%9D%E6%9D%91%E8%BB%8D%E5%9B%A3" n2="%6E%61%72%75%72%75%72%75" n3="%E5%A4%AA%E3%81%8F%E3%81%AA%E3%81%84%E3%81%8A" dan="16,17,16,17" rate="2088.18,2195.49,2106.07,2238.17" sx="M,M,M,M"/><TAIKYOKU oya="0"/>

<Scene>
<INIT seed="0,0,0,2,5,129" ten="250,250,250,250" oya="0" hai0="21,84,47,54,18,86,87,64,24,74,119,102,59" hai1="61,82,100,16,42,8,44,39,55,105,108,83,7" hai2="114,4,43,118,80,104,85,109,34,75,123,5,48" hai3="73,103,71,17,30,1,96,60,19,26,106,127,12"/><T35/><D119/><U68/><E108/><V32/><F109/><W20/><G127/><T117/><D117/><U72/><E83/><V112/><F75/><W13/><G1/><T31/><D74/><U51/><E100/><V36/><F36/><W40/><G40/><T94/><D64/><U52/><E105/><V10/><F104/><W56/><G73/><T2/><D2/><U97/><E97/><V89/><F4/><W23/><G71/><T70/><D70/><U9/><E7/><V93/><F123/><W95/><G106/><T66/><D66/><U29/><E29/><V88/><F118/><W116/><G116/><T134/><D47/><U121/><E121/><V67/><F67/><W79/><G79/><T46/><D46/><U131/><E131/><V6/><F6/><W76/><G76/><T15/><D102/><U78/><E68/><V25/><F25/><W135/><G60/><T28/><D28/><U92/><E92/><V62/><F62/><W90/><G56/><T63/><REACH who="0" step="1"/><D94/><REACH who="0" ten="240,250,250,250" step="2"/><U122/><E122/><V124/><F93/><W101/><REACH who="3" step="1"/><G135/><AGARI ba="0,1" hai="15,18,21,24,31,35,54,59,63,84,86,87,134,135" machi="135" ten="40,12000,1" yaku="1,1,2,1,52,2,53,0" doraHai="129" doraHaiUra="3" who="0" fromWho="3" sc="240,130,250,0,250,0,250,-120" />
</Scene>
<Scene>
<INIT seed="0,1,0,2,3,92" ten="370,250,250,130" oya="0" hai0="37,26,58,103,3,22,111,134,8,34,67,109,45" hai1="59,74,49,133,113,7,28,96,79,76,1,33,12" hai2="104,85,106,78,122,91,62,50,99,80,81,27,55" hai3="129,118,77,52,69,15,42,89,117,86,41,108,71"/><T16/><D134/><U40/><E133/><V0/><F0/><W56/><G77/><T31/><D103/><U95/><E1/><V107/><F122/><W82/><G15/><N who="0" m="9503" /><D67/><U72/><E113/><V98/><F62/><N who="3" m="36103" /><G86/><T97/><D58/><U105/><E105/><V54/><F27/><W21/><G82/><T46/><D97/><U14/><E28/><V131/><F131/><W90/><G89/><T9/><D9/><U39/><E33/><V87/><REACH who="2" step="1"/><F55/><REACH who="2" ten="370,250,240,130" step="2"/><W70/><G129/><T38/><D38/><U13/><E39/><V102/><F102/><W63/><G63/><T47/><D37/><U6/><E7/><AGARI ba="1,1" hai="3,7,8,26,31,34,45,46,47,109,111" m="9503" machi="7" ten="30,2900,0" yaku="24,1,54,1" doraHai="92" who="0" fromWho="1" sc="370,42,250,-32,240,0,130,0" />
</Scene>
<Scene>
<INIT seed="0,2,0,1,2,135" ten="412,218,240,130" oya="0" hai0="133,34,112,35,40,65,109,39,52,53,117,12,101" hai1="20,83,17,103,91,98,14,114,25,38,46,41,87" hai2="28,108,15,2,3,100,55,63,30,68,59,13,121" hai3="70,8,7,47,48,81,22,84,71,58,132,105,51"/><T113/><D117/><U97/><E114/><V36/><F36/><W110/><G105/><T60/><D133/><U42/><E42/><V128/><F121/><W66/><G132/><T124/><D101/><U64/><E64/><V74/><F74/><W75/><G75/><T33/><D109/><U24/><REACH who="1" step="1"/><E97/><REACH who="1" ten="412,208,240,130" step="2"/><V95/><F108/><W118/><G110/><T126/><D40/><U129/><E129/><V92/><F128/><W77/><G118/><T26/><D39/><U119/><E119/><V79/><F68/><W80/><G66/><T102/><D112/><U37/><E37/><V5/><F2/><W29/><G71/><N who="0" m="42407" /><D113/><U45/><E45/><V131/><F3/><W0/><G70/><T44/><D44/><U57/><E57/><V88/><F59/><W6/><G58/><T107/><D12/><U123/><E123/><V21/><F15/><W94/><G47/><T120/><D120/><U67/><E67/><V9/><F13/><W31/><G0/><T130/><D130/><U90/><E90/><V69/><F88/><W96/><G96/><N who="0" m="61895" /><D26/><U93/><AGARI ba="2,1" hai="14,17,20,24,25,38,41,46,83,87,91,93,98,103" machi="93" ten="20,5200,0" yaku="1,1,0,1,7,1,53,1" doraHai="135" doraHaiUra="11" who="1" fromWho="1" sc="412,-28,208,68,240,-15,130,-15" />
</Scene>
<Scene>
<INIT seed="1,0,0,1,0,4" ten="384,276,225,115" oya="1" hai0="8,128,112,79,58,101,64,102,91,42,122,34,3" hai1="98,14,50,20,133,0,113,2,38,100,135,67,84" hai2="37,54,116,36,33,74,104,111,110,68,89,126,6" hai3="35,117,59,93,97,5,62,107,121,25,9,23,60"/><U77/><E113/><V108/><F33/><W24/><G121/><T134/><D112/><U90/><E38/><V105/><F68/><W109/><G109/><T120/><D34/><U10/><E77/><V32/><F32/><W127/><G127/><T99/><D134/><N who="1" m="51211" /><E67/><V57/><F74/><W28/><G107/><N who="2" m="41033" /><F126/><W125/><G117/><T19/><D128/><U80/><E20/><V82/><F116/><W131/><G131/><T96/><D79/><U31/><E31/><V53/><F53/><W17/><G125/><T15/><D42/><U94/><E50/><N who="2" m="30935" /><F6/><AGARI ba="0,0" hai="0,2,6,10,14,80,84,90,94,98,100" m="51211" machi="6" ten="30,2900,0" yaku="20,1,52,1" doraHai="4" who="1" fromWho="2" sc="384,0,276,29,225,-29,115,0" />
</Scene>
<Scene>
<INIT seed="1,1,0,2,1,100" ten="384,305,196,115" oya="1" hai0="5,67,116,26,112,128,64,81,92,4,23,79,91" hai1="125,45,54,86,22,103,122,46,115,59,130,80,118" hai2="6,121,25,57,28,120,58,56,33,69,10,24,102" hai3="65,43,127,113,98,131,31,72,66,7,36,42,70"/><U73/><E122/><V15/><F69/><W84/><G72/><T49/><D112/><U85/><E118/><V97/><REACH who="2" step="1"/><F25/><REACH who="2" ten="384,305,186,115" step="2"/><W109/><G70/><T55/><D116/><U76/><E115/><V62/><F62/><W3/><G113/><T104/><D128/><U51/><E130/><V134/><F134/><W19/><G131/><T95/><D67/><U0/><E125/><V27/><F27/><W17/><G66/><T14/><D64/><U21/><E0/><V38/><F38/><W47/><G36/><T44/><D14/><U78/><E73/><V75/><F75/><W12/><G12/><T83/><D26/><U124/><E124/><V48/><F48/><W108/><G65/><T93/><D49/><U37/><E37/><V88/><F88/><W68/><G68/><T132/><D91/><U129/><E129/><V117/><F117/><W2/><G127/><T96/><D132/><U111/><E78/><V89/><F89/><W107/><G2/><T126/><D79/><U8/><E76/><V105/><AGARI ba="1,1" hai="6,10,15,24,28,33,56,57,58,97,102,105,120,121" machi="105" ten="30,4000,0" yaku="1,1,0,1,52,1,53,0" doraHai="100" doraHaiUra="123" who="2" fromWho="2" sc="384,-11,305,-21,186,53,115,-11" />
</Scene>
<Scene>
<INIT seed="2,0,0,4,5,58" ten="373,284,239,104" oya="2" hai0="122,108,100,47,119,2,9,93,16,43,91,114,109" hai1="124,29,110,36,17,134,97,19,89,32,31,118,130" hai2="107,48,86,6,38,68,22,20,67,80,59,87,88" hai3="81,78,42,131,30,120,125,135,75,105,94,13,83"/><V127/><F38/><W73/><G120/><T129/><D122/><U117/><E36/><V60/><F107/><W35/><G105/><T5/><D114/><U26/><E97/><V8/><F127/><W50/><G125/><T98/><D129/><U21/><E89/><V116/><F116/><W69/><G131/><T53/><D119/><U112/><E124/><V45/><F68/><W101/><G69/><T90/><D53/><U113/><E130/><V52/><F87/><W4/><G135/><T63/><D16/><N who="1" m="6219" /><E134/><V14/><AGARI ba="0,0" hai="6,8,14,20,22,45,48,52,59,60,67,80,86,88" machi="14" ten="20,18000,2" yaku="0,1,7,1,8,1,52,1,54,2" doraHai="58" who="2" fromWho="2" sc="373,-60,284,-60,239,180,104,-60" />
</Scene>
<Scene>
<INIT seed="2,1,0,4,4,53" ten="313,224,419,44" oya="2" hai0="29,113,75,77,102,54,103,57,24,11,34,50,119" hai1="131,83,41,99,108,48,87,20,111,95,72,79,46" hai2="110,10,44,70,49,47,45,132,85,25,2,3,66" hai3="130,125,135,78,4,92,67,107,93,82,84,68,86"/><V31/><F132/><W42/><G42/><T43/><D113/><U51/><E131/><V71/><F49/><W33/><G33/><T32/><D119/><U60/><E51/><V115/><F115/><W38/><G38/><T7/><D34/><U69/><E20/><V27/><F85/><W1/><G107/><T90/><D43/><U133/><E133/><V117/><F117/><W65/><G135/><T104/><D104/><U96/><E72/><V0/><F10/><W9/><G130/><T5/><D90/><U118/><E118/><V74/><F74/><W18/><G125/><T128/><D128/><U112/><E112/><V121/><F121/><W40/><G40/><T98/><D98/><U94/><E99/><V81/><F81/><W109/><G109/><N who="1" m="42058" /><E96/><V124/><F110/><W116/><G116/><T58/><D7/><U122/><E122/><V30/><F66/><AGARI ba="1,0" hai="41,46,48,60,66,69,79,83,87,94,95" m="42058" machi="66" ten="30,1000,0" yaku="14,1" doraHai="53" who="1" fromWho="2" sc="313,0,224,13,419,-13,44,0" />
</Scene>
<Scene>
<INIT seed="3,0,0,4,1,106" ten="313,237,406,44" oya="3" hai0="71,87,76,14,65,117,127,135,36,12,24,90,57" hai1="45,49,83,5,126,44,96,37,35,4,84,98,72" hai2="62,28,23,41,108,104,17,8,3,9,11,50,131" hai3="7,82,93,109,53,15,46,107,129,88,103,34,39"/><W122/><G122/><T81/><D117/><U58/><E35/><V20/><F104/><W97/><G34/><T40/><D135/><U59/><E126/><V10/><F108/><W125/><G125/><T115/><D115/><U67/><E37/><V120/><F120/><W79/><G129/><T91/><D127/><U75/><E49/><V123/><F123/><W102/><G109/><T78/><D71/><U94/><E94/><V105/><F105/><W130/><G130/><T16/><D36/><U73/><E67/><V110/><F110/><W22/><G107/><T38/><D38/><U128/><E128/><V2/><F62/><W119/><G119/><T26/><D40/><U61/><E84/><V27/><F50/><N who="3" m="28887" /><G39/><T33/><D33/><U134/><E83/><V121/><F41/><W80/><G79/><T56/><D14/><U18/><E18/><V52/><F121/><W21/><G21/><T68/><D68/><U100/><E100/><N who="3" m="38442" /><G22/><T124/><D124/><U30/><E30/><V133/><F133/><W19/><G19/><T54/><D78/><U89/><E134/><V69/><F69/><W92/><G93/><T99/><D76/><U118/><E118/><V86/><F2/><W74/><G74/><T55/><D16/><U116/><E116/><V101/><F3/><W0/><G0/><T60/><D12/><U29/><E75/><V6/><F28/><W111/><G111/><T70/><D70/><U66/><E29/><V25/><F17/><W114/><G114/><T43/><D43/><U64/><E61/><V77/><N who="2" m="2560" /><DORA hai="85" /><V112/><F131/><RYUUKYOKU ba="0,0" sc="313,-15,237,15,406,-15,44,15" hai1="4,5,44,45,58,59,64,66,72,73,89,96,98" hai3="7,15,80,82,88,92,97" />
</Scene>
<Scene>
<INIT seed="3,1,0,2,0,16" ten="298,252,391,59" oya="3" hai0="111,106,91,35,119,68,56,19,10,90,13,26,65" hai1="135,132,109,22,11,23,113,117,39,45,8,58,84" hai2="116,103,88,38,83,125,123,55,53,134,122,51,41" hai3="27,77,128,96,89,86,97,14,57,54,43,80,131"/><W130/><G43/><T25/><D106/><U71/><E113/><V50/><F116/><W94/><G14/><T24/><D111/><U126/><E71/><V108/><F103/><W129/><N who="3" m="32768" /><DORA hai="76" /><W29/><G57/><T104/><D119/><U102/><E109/><V81/><F108/><W61/><G61/><N who="0" m="38055" /><D68/><U7/><E102/><V118/><F118/><W2/><G54/><T124/><D35/><U0/><E117/><V121/><F134/><N who="1" m="51241" /><E126/><V31/><F31/><W69/><G69/><T78/><D104/><U15/><E84/><V42/><F125/><W37/><G37/><T9/><D124/><U3/><E58/><V85/><F81/><W40/><G40/><T21/><D78/><U74/><E74/><V99/><F99/><W105/><G2/><N who="1" m="554" /><E11/><AGARI ba="1,0" hai="9,10,11,13,19,21,24,25,26,90,91" m="38055" machi="11" ten="30,2000,0" yaku="8,1,52,1" doraHai="16,76" who="0" fromWho="1" sc="298,23,252,-23,391,0,59,0" />
</Scene>
<Scene>
<INIT seed="4,0,0,0,3,87" ten="321,229,391,59" oya="0" hai0="110,107,34,5,91,106,49,92,22,72,126,47,71" hai1="62,63,132,44,55,3,88,103,25,68,100,7,32" hai2="109,127,104,111,121,64,135,131,123,75,102,128,43" hai3="10,59,115,8,52,39,118,124,4,17,9,60,30"/><T58/><D34/><U2/><E132/><V54/><F75/><W20/><G118/><T50/><D72/><U13/><E3/><V41/><F104/><W73/><G73/><T113/><D71/><U69/><E2/><V40/><F102/><N who="1" m="38953" /><E69/><V65/><F135/><W133/><G133/><T117/><D117/><U23/><E32/><V84/><F54/><W122/><G39/><T42/><D113/><U116/><E68/><V105/><F84/><W95/><G115/><T76/><D110/><N who="2" m="41994" /><F105/><W51/><G124/><T21/><D126/><U27/><E116/><V112/><F112/><W66/><G122/><N who="2" m="46601" /><F127/><W16/><G4/><T96/><D76/><U90/><E7/><V29/><F29/><W99/><G30/><T108/><D108/><U15/><E44/><V38/><F38/><W134/><G134/><T56/><D106/><U130/><E55/><V83/><F83/><W31/><G31/><T125/><D107/><U74/><E74/><V0/><F0/><W18/><G66/><AGARI ba="0,0" hai="40,41,43,64,65,66,128,131" m="46601,41994" machi="66" ten="40,8000,1" yaku="28,2,34,2" doraHai="87" who="2" fromWho="3" sc="321,0,229,0,391,80,59,-80" owari="321,12.0,229,-17.0,471,57.0,-21,-52.0" />
</Scene>
</mjloggm>