<mjloggm ver="2.3"><GO type="169" lobby="0"/><UN n0="%E9%BA%BB%E7%94%9F%E9%9B%80%E5%AD%90" n1="%E3%82%B4%E3%83%9F%E3%82%AF%E3%82%BA%E4%B8%83%E6%AE%B5" n2="%6C%69%6C%6C%61%6D%6D%6D" n3="%E5%A4%AA%E3%81%8F%E3%81%AA%E3%81%84%E3%81%8A" dan="17,16,16,17" rate="2157.53,2058.42,2132.49,2207.37" sx="F,F,M,F"/><TAIKYOKU oya="0"/>

<Scene>
<INIT seed="0,0,0,4,1,95" ten="250,250,250,250" oya="0" hai0="64,90,14,115,120,61,42,76,33,116,109,19,12" hai1="87,91,98,129,16,110,24,2,81,97,27,11,25" hai2="104,75,17,46,21,58,10,125,26,48,130,35,133" hai3="78,99,134,32,94,88,82,8,70,49,63,3,77"/><T56/><D116/><U112/><E110/><V105/><F75/><W52/><G32/><T108/><D115/><U7/><E129/><V89/><F130/><W0/><G134/><T13/><D33/><U34/><E112/><V20/><F35/><W71/><G78/><T69/><D120/><U73/><E73/><V15/><F133/><W67/><G8/><T86/><D76/><U68/><E68/><V37/><F37/><W60/><G60/><T117/><D42/><U47/><E34/><V66/><F125/><W96/><G71/><T36/><D36/><U84/><E47/><V4/><F89/><W83/><G96/><T107/><D107/><U93/><REACH who="1" step="1"/><E16/><REACH who="1" ten="250,240,250,250" step="2"/><V9/><F46/><W72/><G82/><N who="0" m="49495" /><D69/><U122/><E122/><V103/><F17/><W80/><G83/><T54/><D117/><U53/><E53/><V121/><F121/><W114/><G114/><T74/><D74/><U38/><E38/><V111/><F111/><N who="0" m="42570" /><D54/><U113/><E113/><V131/><F131/><W18/><G18/><AGARI ba="0,1" hai="12,13,14,18,19,56,61,64" m="42570,49495" machi="18" ten="30,2900,0" yaku="14,1,10,1" doraHai="95" who="0" fromWho="3" sc="250,39,240,0,250,0,250,-29" />
</Scene>
<Scene>
<INIT seed="0,1,0,2,5,131" ten="289,240,250,221" oya="0" hai0="15,41,75,104,127,30,37,76,10,42,13,112,122" hai1="79,5,74,98,24,125,50,94,31,126,87,89,97" hai2="128,39,71,134,64,90,53,113,11,96,59,18,43" hai3="45,20,46,101,12,118,116,99,85,2,44,115,6"/><T77/><D122/><U111/><E111/><V1/><F113/><W29/><G115/><T60/><D112/><U56/><E5/><V33/><F33/><W3/><G85/><T47/><D104/><U91/><E74/><V103/><F128/><W58/><G58/><T55/><D127/><N who="1" m="48651" /><E79/><V93/><F64/><W67/><G67/><T27/><D75/><U95/><E56/><V9/><F71/><W108/><G108/><T119/><D119/><U83/><E50/><V51/><F1/><W107/><G29/><T62/><D41/><U86/><E95/><V36/><F43/><W88/><G2/><T57/><D62/><U105/><E105/><V40/><F39/><W14/><G3/><T68/><D68/><U34/><AGARI ba="1,0" hai="24,31,34,83,86,87,89,91,94,97,98" m="48651" machi="34" ten="30,1100,0" yaku="18,1" doraHai="131" who="1" fromWho="1" sc="289,-6,240,14,250,-4,221,-4" />
</Scene>
<Scene>
<INIT seed="1,0,0,0,5,1" ten="283,254,246,217" oya="1" hai0="36,47,11,105,26,108,7,120,72,106,113,129,6" hai1="13,130,55,124,134,103,98,69,121,34,18,101,99" hai2="0,125,3,5,131,75,25,48,67,46,112,58,100" hai3="8,80,21,52,49,123,117,135,86,15,85,10,62"/><U14/><E121/><V95/><F75/><W42/><G123/><T27/><D120/><U38/><E34/><V68/><F68/><W88/><G135/><T97/><D72/><U93/><E134/><V31/><F131/><W114/><G114/><T87/><D129/><U4/><E124/><V16/><F125/><W76/><G117/><T104/><D113/><U9/><E38/><V35/><F112/><W116/><G116/><T73/><D73/><U74/><E74/><V91/><F100/><W70/><G42/><T118/><D118/><U82/><E69/><V132/><F132/><W39/><G39/><T122/><D122/><U119/><E119/><V59/><F16/><N who="3" m="10399" /><G62/><T107/><D108/><U20/><E130/><V17/><F17/><W77/><G70/><T110/><D110/><U127/><E127/><V28/><F28/><W92/><G77/><T45/><D36/><U57/><E82/><V111/><F111/><W56/><AGARI ba="0,0" hai="8,10,49,52,56,76,80,85,86,88,92" m="10399" machi="56" ten="30,8000,1" yaku="25,1,8,1,54,3" doraHai="1" who="3" fromWho="3" sc="283,-20,254,-40,246,-20,217,80" />
</Scene>
<Scene>
<INIT seed="2,0,0,5,5,91" ten="263,214,226,297" oya="2" hai0="16,49,115,109,119,130,99,24,123,60,21,47,94" hai1="81,36,53,4,78,86,101,58,117,120,48,68,51" hai2="67,116,19,73,37,20,2,41,74,79,34,122,0" hai3="57,35,43,108,135,26,87,7,125,5,30,12,104"/><V6/><F116/><W113/><G104/><T95/><D123/><U133/><E117/><V33/><F122/><W50/><G108/><T56/><D119/><U72/><E120/><V71/><F19/><W114/><G125/><T100/><D115/><N who="3" m="44041" /><G135/><T8/><D109/><U11/><E36/><V29/><F20/><W52/><G43/><T88/><D8/><U59/><E68/><V15/><F15/><W106/><G106/><T80/><D80/><U121/><E121/><V70/><F67/><W118/><G118/><T40/><D130/><U85/><E133/><V28/><F41/><W31/><G31/><T61/><D56/><U126/><E126/><V89/><F89/><W69/><G69/><T93/><D93/><U63/><E101/><V14/><F14/><W10/><G87/><AGARI ba="0,0" hai="16,21,24,40,47,49,60,61,87,88,94,95,99,100" machi="87" ten="30,12000,2" yaku="7,1,8,1,52,2,54,2" doraHai="91" who="0" fromWho="3" sc="263,120,214,0,226,0,297,-120" />
</Scene>
<Scene>
<INIT seed="3,0,0,1,5,48" ten="383,214,226,177" oya="3" hai0="56,70,47,86,78,27,54,81,58,100,15,43,21" hai1="73,42,90,118,46,130,14,49,3,125,71,29,10" hai2="34,24,4,116,120,66,91,79,8,103,2,85,111" hai3="61,12,132,55,93,97,83,88,31,37,89,41,68"/><W114/><G114/><T69/><D100/><U94/><E125/><V112/><F112/><W123/><G123/><T60/><D58/><U95/><E130/><V115/><F115/><W134/><G31/><T9/><D21/><U108/><E108/><V76/><F116/><W128/><G128/><T105/><D105/><U6/><E118/><V101/><F111/><W53/><G37/><T35/><D27/><U44/><E73/><V121/><F66/><N who="3" m="41039" /><G41/><T117/><D35/><U82/><E71/><V135/><F79/><W87/><G12/><T38/><REACH who="0" step="1"/><D117/><REACH who="0" ten="373,214,226,177" step="2"/><U63/><E63/><V23/><F23/><W131/><G131/><T122/><D122/><U107/><E107/><V74/><F34/><W59/><G59/><T30/><D30/><U72/><E29/><V62/><F120/><W102/><G102/><T0/><D0/><U36/><E14/><V92/><F2/><W5/><G5/><AGARI ba="0,1" hai="5,9,15,38,43,47,54,56,60,69,70,78,81,86" machi="5" ten="30,3900,0" yaku="1,1,7,1,52,1,53,0" doraHai="48" doraHaiUra="22" who="0" fromWho="3" sc="373,49,214,0,226,0,177,-39" />
</Scene>
<Scene>
<INIT seed="4,0,0,1,3,47" ten="422,214,226,138" oya="0" hai0="122,37,18,34,26,90,133,60,85,128,28,31,88" hai1="135,15,96,126,87,119,112,50,51,105,23,68,63" hai2="38,82,116,33,9,124,35,106,118,97,55,29,19" hai3="81,71,101,7,4,46,83,49,24,129,79,93,121"/><T123/><D37/><U3/><E119/><V8/><F38/><W6/><G71/><T134/><D128/><U44/><E3/><V113/><F113/><W65/><G129/><T80/><D31/><U109/><E109/><V20/><F124/><W41/><G121/><T131/><D131/><U40/><E126/><V2/><F82/><W66/><G24/><T89/><D18/><U32/><E32/><V72/><F72/><W1/><G1/><T48/><D60/><U77/><E77/><V111/><BYE who="1" /><F111/><W117/><G117/><T125/><D125/><U114/><E114/><V120/><F120/><W58/><G58/><T30/><D30/><U43/><E43/><V61/><F106/><W127/><G127/><T25/><D25/><U59/><E59/><N who="2" m="35071" /><F97/><N who="3" m="59567" /><G79/><N who="0" m="46239" /><D122/><U100/><E100/><V102/><F102/><UN n1="%E3%82%B4%E3%83%9F%E3%82%AF%E3%82%BA%E4%B8%83%E6%AE%B5" /><W27/><G27/><T91/><D123/><U110/><E105/><V67/><F33/><W22/><G22/><T107/><N who="0" m="22528" /><DORA hai="36" /><T74/><D74/><U57/><E23/><V78/><F35/><W76/><G83/><T13/><D13/><U130/><E15/><V54/><F2/><W52/><G81/><T5/><D5/><U95/><E112/><V56/><F29/><W12/><G12/><T69/><D69/><U84/><E130/><V64/><F118/><W99/><G76/><T75/><D75/><U108/><E110/><V94/><F78/><W39/><G99/><T10/><D107/><U16/><E108/><V115/><F116/><W86/><G86/><T132/><D10/><U70/><E68/><V45/><F115/><W92/><G92/><RYUUKYOKU ba="0,0" sc="422,15,214,-15,226,-15,138,15" hai0="26,28,34,48,132,133,134" hai3="4,6,7,39,41,46,49,52,65,66" />
</Scene>
<Scene>
<INIT seed="4,1,0,1,3,124" ten="437,199,211,153" oya="0" hai0="74,20,45,41,96,25,50,21,46,118,135,111,16" hai1="122,51,95,114,62,63,23,60,116,7,126,98,53" hai2="61,27,94,85,4,79,100,73,24,19,52,31,35" hai3="119,68,26,33,105,49,78,56,36,97,113,107,104"/><T83/><D118/><U76/><E122/><V99/><F73/><W43/><G119/><T133/><D96/><U120/><E126/><V37/><F37/><W11/><G68/><T84/><D74/><U67/><E114/><V38/><F38/><W17/><G113/><T93/><D93/><U64/><E120/><V103/><F4/><W91/><G36/><T101/><D101/><N who="1" m="60639" /><E116/><V30/><F19/><W28/><G78/><T10/><D10/><U18/><E76/><V117/><F103/><W57/><G97/><T102/><D102/><U70/><E7/><V55/><F117/><W87/><G43/><T112/><D112/><U9/><E9/><V2/><F2/><W127/><G127/><T58/><D21/><U42/><E42/><V129/><F61/><N who="1" m="15617" /><U82/><DORA hai="66" /><E82/><V109/><F109/><W48/><G48/><T40/><D111/><U90/><E90/><V86/><F79/><W14/><REACH who="3" step="1"/><G49/><REACH who="3" ten="437,199,211,143" step="2"/><T134/><D40/><U69/><E70/><V13/><F99/><W0/><G0/><T81/><D41/><U15/><E69/><V115/><F115/><W88/><G88/><T22/><D50/><U59/><AGARI ba="1,1" hai="15,18,23,51,53,59,64,67" m="15617,60639" machi="59" ten="30,1100,0" yaku="8,1" doraHai="124,66" who="1" fromWho="1" sc="437,-6,199,24,211,-4,143,-4" />
</Scene>
<Scene>
<INIT seed="5,0,0,0,3,117" ten="431,223,207,139" oya="1" hai0="27,99,87,9,95,112,69,43,105,6,129,74,77" hai1="121,90,23,4,134,42,98,92,80,131,84,76,79" hai2="61,93,58,21,31,119,26,35,50,32,133,114,19" hai3="108,47,86,110,89,18,59,103,113,109,36,126,68"/><U2/><E131/><V14/><F119/><W15/><G68/><T123/><D69/><U54/><E134/><V64/><F133/><W73/><G73/><T25/><D112/><U66/><E121/><V85/><F114/><W71/><G71/><T111/><D123/><U46/><E66/><V62/><F50/><W37/><G113/><T30/><D43/><U0/><E54/><V82/><F61/><W39/><G126/><T53/><D30/><U122/><E122/><V102/><F93/><W120/><G120/><T115/><D129/><U130/><E130/><V28/><F102/><W7/><G103/><N who="0" m="62719" /><D111/><U45/><E45/><V11/><REACH who="2" step="1"/><F31/><REACH who="2" ten="431,223,197,139" step="2"/><W78/><G109/><T20/><D95/><U60/><E92/><V38/><F38/><W13/><G110/><T83/><D115/><U88/><E60/><V49/><F49/><W52/><G108/><T91/><D53/><U132/><E132/><V33/><F33/><W48/><G47/><T128/><D128/><U51/><E46/><V22/><F22/><W97/><G37/><T56/><D20/><U104/><E23/><V72/><F72/><W17/><G39/><T107/><D107/><U96/><E51/><V106/><F106/><W125/><G36/><T81/><D56/><U8/><E104/><V57/><F57/><W40/><G59/><T124/><D124/><U94/><E42/><V67/><F67/><W12/><G40/><T55/><D55/><U24/><E94/><V1/><F1/><W101/><G125/><T16/><D83/><U10/><E80/><V3/><F3/><W118/><G52/><RYUUKYOKU ba="0,1" sc="431,-10,223,-10,197,30,139,-10" hai2="11,14,19,21,26,28,32,35,58,62,64,82,85" />
</Scene>
<Scene>
<INIT seed="6,1,1,3,3,90" ten="421,213,227,129" oya="2" hai0="35,135,28,53,60,2,32,15,87,125,41,42,101" hai1="85,50,20,39,48,82,68,64,124,114,58,6,55" hai2="10,120,75,77,11,38,95,99,109,63,21,23,88" hai3="80,45,110,119,131,132,103,57,25,128,98,33,46"/><V133/><F120/><W14/><G110/><T40/><D2/><U118/><E118/><V92/><F38/><W34/><G119/><T74/><D74/><U59/><E114/><V22/><F109/><W56/><G132/><T4/><D135/><U49/><E124/><V0/><F0/><W29/><G14/><T66/><D101/><U16/><E39/><V94/><F133/><W47/><G34/><T129/><D125/><U26/><E68/><V65/><F77/><W83/><G83/><T76/><D28/><U91/><E6/><V24/><F75/><W71/><G71/><T54/><D129/><U30/><E30/><V97/><F24/><W117/><G117/><T37/><D37/><U100/><E100/><N who="2" m="60455" /><F95/><W106/><REACH who="3" step="1"/><G80/><REACH who="3" ten="421,213,227,119" step="2"/><N who="0" m="47495" /><D35/><U67/><REACH who="1" step="1"/><E58/><AGARI ba="1,2" hai="10,11,21,22,23,58,63,65,88,94,99" m="60455" machi="58" ten="30,11600,0" yaku="8,1,52,2,54,1" doraHai="90" who="2" fromWho="1" sc="421,0,213,-119,227,139,119,0" /><AGARI ba="1,0" hai="25,29,33,45,46,47,56,57,58,98,103,106,128,131" machi="58" ten="40,1300,0" yaku="1,1,53,0" doraHai="90" doraHaiUra="19" who="3" fromWho="1" sc="421,0,94,-13,366,0,119,13" />
</Scene>
<Scene>
<INIT seed="6,2,0,5,2,81" ten="421,81,366,132" oya="2" hai0="38,68,27,53,128,52,118,61,60,96,105,72,1" hai1="119,76,100,58,39,120,12,41,84,23,112,123,26" hai2="50,54,37,95,19,36,59,83,117,74,55,40,62" hai3="18,30,25,110,121,63,126,71,35,17,66,47,77"/><V124/><F117/><W11/><G110/><T115/><D38/><U65/><E119/><V73/><F124/><W69/><G121/><N who="1" m="46666" /><E112/><V4/><F4/><W45/><G126/><T51/><D1/><U114/><E114/><V28/><F28/><W70/><G77/><T57/><D118/><U134/><E134/><V20/><F95/><W127/><G127/><T79/><D128/><U125/><E125/><V94/><F94/><W8/><G18/><T82/><D115/><U88/><E100/><V24/><F40/><W3/><G17/><T101/><D68/><U133/><E133/><V89/><F74/><W44/><REACH who="3" step="1"/><G3/><REACH who="3" ten="421,81,366,122" step="2"/><T92/><D27/><U130/><E130/><V116/><F116/><W131/><G131/><T64/><D64/><U9/><E76/><V98/><F19/><W85/><G85/><T104/><D61/><N who="1" m="38071" /><E12/><V80/><F24/><W113/><G113/><T108/><D108/><U2/><E2/><V135/><F135/><W16/><G16/><T33/><D79/><U13/><E13/><V5/><F62/><W91/><G91/><T6/><D60/><U21/><E9/><AGARI ba="2,1" hai="8,9,11,25,30,35,44,45,47,63,66,69,70,71" machi="9" ten="40,1300,0" yaku="1,1,53,0" doraHai="81" doraHaiUra="109" who="3" fromWho="1" sc="421,0,81,-19,366,0,122,29" />
</Scene>
<Scene>
<INIT seed="7,0,0,1,3,9" ten="421,62,366,151" oya="3" hai0="10,127,133,121,44,49,19,92,32,16,97,62,59" hai1="36,115,0,87,30,34,109,27,120,64,135,37,53" hai2="1,17,78,35,82,132,80,117,58,42,40,51,74" hai3="105,69,72,104,4,113,108,81,98,131,129,22,60"/><W125/><G113/><T89/><D121/><U94/><E109/><V52/><F117/><W11/><G108/><T47/><D32/><U88/><E120/><V46/><F132/><W130/><G125/><T48/><D127/><U101/><E115/><V50/><F35/><W15/><G98/><T24/><D133/><U126/><E135/><V128/><F1/><W96/><G96/><T75/><D75/><U45/><E126/><V23/><F128/><W106/><G22/><N who="0" m="13383" /><D44/><U41/><E0/><V39/><F39/><W68/><G60/><T123/><D47/><U56/><E64/><V107/><F107/><W21/><G21/><T70/><D70/><U5/><E5/><V29/><F29/><W112/><G112/><T26/><D123/><U61/><REACH who="1" step="1"/><E101/><REACH who="1" ten="421,52,366,151" step="2"/><V6/><F6/><W14/><G14/><N who="0" m="7639" /><D26/><U83/><E83/><V2/><F82/><W99/><G99/><T66/><AGARI ba="0,1" hai="48,49,59,62,66,89,92,97" m="7639,13383" machi="66" ten="30,4000,0" yaku="8,1,52,1,54,1" doraHai="9" who="0" fromWho="0" sc="421,50,52,-10,366,-10,151,-20" owari="471,57.0,42,-46.0,356,16.0,131,-27.0" />
</Scene>
</mjloggm>