<mjloggm ver="2.3"><GO type="169" lobby="0"/><UN n0="%E5%B7%9D%E6%9D%91%E6%99%83%E8%A3%95%EF%BC%88%E4%B8%A1%E6%96%B9%EF%BC%89" n1="%74%6F%6D%75%74%6F%6D%69" n2="%74%6F%6B%6B%79%32%37" n3="%E5%A4%AA%E3%81%8F%E3%81%AA%E3%81%84%E3%81%8A" dan="16,16,16,18" rate="2013.33,2057.97,2021.46,2197.48" sx="M,M,M,M"/><TAIKYOKU oya="0"/>

<Scene>
<INIT seed="0,0,0,2,1,51" ten="250,250,250,250" oya="0" hai0="8,101,17,41,94,90,0,58,28,25,77,29,93" hai1="99,39,119,14,72,120,108,135,42,133,18,63,62" hai2="37,43,2,106,34,95,59,16,114,24,38,115,44" hai3="123,5,3,52,11,49,92,121,107,110,48,50,71"/><T80/><D41/><U1/><E72/><V118/><F106/><W91/><G107/><T127/><D127/><U12/><E1/><V10/><F118/><W85/><G71/><T7/><D101/><U32/><E32/><V9/><F34/><W20/><G20/><T100/><D100/><U83/><E120/><N who="3" m="46154" /><G110/><T112/><D112/><U86/><E108/><V70/><F70/><W87/><G87/><T56/><D17/><U130/><E130/><V67/><F95/><W84/><G84/><T113/><D113/><U27/><E99/><V31/><F31/><W57/><AGARI ba="0,0" hai="3,5,11,48,49,50,52,57,85,91,92" m="46154" machi="57" ten="30,4000,0" yaku="13,1,52,1,54,1" doraHai="51" who="3" fromWho="3" sc="250,-20,250,-10,250,-10,250,40" />
</Scene>
<Scene>
<INIT seed="1,0,0,4,3,93" ten="230,240,240,290" oya="1" hai0="78,47,45,96,15,26,41,5,2,62,128,77,100" hai1="9,0,105,106,80,13,133,37,25,56,131,57,6" hai2="104,103,116,63,108,7,113,111,65,35,94,54,64" hai3="28,31,48,68,107,67,20,3,29,120,99,60,98"/><U72/><E133/><V109/><F116/><W125/><G120/><T92/><D2/><U86/><E72/><V73/><F73/><W76/><G3/><T52/><D128/><U95/><E37/><V101/><F35/><W119/><G119/><T85/><D26/><U21/><E131/><V88/><F113/><W19/><G125/><T44/><D41/><U134/><E134/><V102/><F7/><W38/><G38/><T87/><D15/><U69/><E69/><V135/><F104/><W121/><G121/><T33/><D5/><U42/><E42/><V39/><F39/><W46/><G76/><N who="0" m="29291" /><D33/><U1/><E1/><V59/><REACH who="2" step="1"/><F135/><REACH who="2" ten="230,240,230,290" step="2"/><W74/><G107/><T49/><D62/><U129/><E106/><V30/><F30/><W43/><REACH who="3" step="1"/><G74/><REACH who="3" ten="230,240,230,280" step="2"/><T115/><D115/><U132/><E105/><V55/><F55/><W112/><G112/><T114/><D114/><U83/><E132/><V89/><F89/><W82/><G82/><T130/><D130/><U53/><E80/><V123/><F123/><W66/><G66/><T110/><D110/><U40/><E83/><V12/><F12/><AGARI ba="0,2" hai="12,19,20,28,29,31,43,46,48,60,67,68,98,99" machi="12" ten="40,8000,1" yaku="1,1,52,2,53,1" doraHai="93" doraHaiUra="61" who="3" fromWho="2" sc="230,0,240,0,230,-80,280,100" />
</Scene>
<Scene>
<INIT seed="2,0,0,2,0,48" ten="230,240,150,380" oya="2" hai0="129,62,68,29,20,30,54,116,61,133,57,113,23" hai1="42,84,44,78,114,128,70,115,122,0,110,24,92" hai2="31,36,4,119,127,124,35,108,65,125,39,56,117" hai3="59,64,21,49,99,72,28,12,18,32,83,34,69"/><V25/><F4/><W26/><G69/><T82/><D113/><U93/><E110/><V63/><REACH who="2" step="1"/><F108/><REACH who="2" ten="230,240,140,380" step="2"/><W126/><G126/><T107/><D116/><AGARI ba="0,1" hai="25,31,35,36,39,56,63,65,116,117,119,124,125,127" machi="116" ten="50,9600,0" yaku="1,1,2,1,18,1,53,0" doraHai="48" doraHaiUra="37" who="2" fromWho="0" sc="230,-96,240,0,140,106,380,0" />
</Scene>
<Scene>
<INIT seed="2,1,0,4,2,105" ten="134,240,246,380" oya="2" hai0="112,54,131,40,99,67,49,62,72,108,53,58,84" hai1="10,95,29,74,51,103,124,19,69,43,126,122,94" hai2="60,113,26,79,86,35,121,128,11,120,59,50,28" hai3="38,22,42,52,34,15,116,127,56,81,133,30,109"/><V44/><F113/><W129/><G116/><T80/><D131/><U16/><E69/><V1/><F128/><W39/><G129/><T0/><D112/><U82/><E29/><V37/><F37/><W114/><G114/><T12/><D0/><U18/><E10/><V45/><F45/><W55/><G34/><T78/><D108/><U25/><E25/><V33/><F33/><W88/><G109/><T101/><D12/><U106/><E106/><V23/><F35/><W87/><G133/><T4/><D4/><U57/><E103/><V100/><F100/><W123/><G123/><T132/><D132/><U102/><E102/><V27/><F27/><W93/><G127/><N who="1" m="48682" /><E122/><V8/><F121/><W20/><G30/><T92/><REACH who="0" step="1"/><D72/><REACH who="0" ten="124,240,246,380" step="2"/><U32/><E32/><V110/><F110/><W91/><G15/><T24/><D24/><U104/><E104/><V66/><F120/><W68/><G20/><T70/><D70/><U3/><E3/><V89/><F1/><W77/><G22/><T5/><D5/><U117/><E117/><V119/><F119/><W46/><G68/><T75/><D75/><U130/><E130/><V71/><F71/><W96/><G38/><T97/><D97/><U118/><E118/><V135/><F135/><W107/><G107/><T125/><D125/><U90/><E74/><V64/><F11/><W41/><G39/><T6/><D6/><U36/><E36/><V13/><F8/><W76/><G96/><T98/><D98/><U85/><E43/><N who="2" m="24863" /><F13/><W17/><G41/><T63/><D63/><U31/><E31/><V14/><F28/><RYUUKYOKU ba="1,1" sc="124,15,240,15,246,-15,380,-15" hai0="40,49,53,54,58,62,67,78,80,84,92,99,101" hai1="16,18,19,51,57,82,85,90,94,95" />
</Scene>
<Scene>
<INIT seed="3,2,1,1,4,96" ten="139,255,231,365" oya="3" hai0="36,119,59,47,74,66,86,37,106,111,90,87,63" hai1="32,117,2,71,127,129,84,45,17,20,51,95,99" hai2="58,85,52,57,7,61,100,64,43,108,72,24,133" hai3="134,80,112,9,46,26,83,33,10,55,50,4,69"/><W104/><G112/><T109/><D74/><U28/><E71/><V62/><F72/><W135/><G69/><T14/><D119/><U60/><E2/><V12/><F108/><N who="0" m="41546" /><D106/><U30/><E129/><V44/><F133/><N who="3" m="50699" /><G104/><T103/><D103/><U16/><E127/><V131/><F131/><W110/><G110/><T65/><D65/><U48/><E32/><V40/><F100/><W97/><G97/><T21/><D47/><U105/><E105/><V77/><F24/><W56/><G46/><T124/><D124/><U130/><E130/><V3/><F3/><N who="3" m="159" /><G10/><T123/><D123/><U38/><E38/><N who="0" m="14953" /><D90/><U89/><E117/><V31/><F44/><W18/><G18/><AGARI ba="2,1" hai="14,18,21,59,63,66,86,87" m="14953,41546" machi="18" ten="30,1000,0" yaku="14,1" doraHai="96" who="0" fromWho="3" sc="139,26,255,0,231,0,365,-16" />
</Scene>
<Scene>
<INIT seed="4,0,0,1,0,43" ten="165,255,231,349" oya="0" hai0="76,123,119,99,55,8,81,93,70,60,67,0,87" hai1="10,78,102,121,52,110,40,47,114,59,54,73,25" hai2="14,57,27,105,124,92,85,50,95,42,107,45,53" hai3="135,51,29,101,75,11,103,56,94,111,5,12,23"/><T84/><D119/><U79/><E110/><V61/><F124/><W122/><G75/><T96/><D123/><U97/><E121/><V62/><F14/><W30/><G111/><T131/><D131/><U116/><E116/><V33/><F62/><W80/><G122/><T69/><D69/><U132/><E132/><V49/><F105/><W108/><G108/><T109/><D109/><U104/><E73/><V26/><F107/><W89/><G80/><T9/><D55/><U19/><E54/><V115/><F115/><W35/><G35/><T88/><REACH who="0" step="1"/><D0/><REACH who="0" ten="155,255,231,349" step="2"/><U83/><E114/><V2/><F2/><W100/><G135/><T65/><D65/><U125/><E125/><V106/><F53/><N who="3" m="31807" /><G23/><T17/><D17/><U128/><E128/><V32/><F33/><W34/><G34/><T22/><D22/><U66/><E66/><V118/><F32/><W4/><G4/><T58/><D58/><U68/><E68/><V126/><F57/><W39/><G5/><T98/><AGARI ba="0,1" hai="8,9,60,67,70,76,81,84,87,88,93,96,98,99" machi="98" ten="30,6000,0" yaku="1,1,0,1,54,1,53,0" doraHai="43" doraHaiUra="44" who="0" fromWho="0" sc="155,70,255,-20,231,-20,349,-20" />
</Scene>
<Scene>
<INIT seed="4,1,0,4,3,98" ten="225,235,211,329" oya="0" hai0="22,80,43,61,110,104,82,14,1,18,33,26,132" hai1="20,119,116,87,48,88,30,99,23,12,55,109,75" hai2="69,86,15,25,50,125,129,5,54,62,51,81,34" hai3="36,67,118,120,71,41,102,124,38,91,121,78,83"/><T17/><D104/><U106/><E109/><V32/><F125/><W27/><G118/><T35/><D110/><U76/><E23/><V42/><F129/><W131/><G131/><T29/><D132/><U3/><E3/><V79/><F25/><W74/><G124/><T72/><D1/><U112/><E112/><V53/><F51/><W93/><G71/><T60/><D43/><U16/><E30/><V47/><F54/><W65/><G27/><T113/><D113/><U101/><E76/><V19/><F19/><W117/><G117/><T13/><D35/><U21/><E21/><V0/><F0/><W70/><G70/><T100/><D100/><U31/><E75/><V59/><REACH who="2" step="1"/><F69/><REACH who="2" ten="225,235,201,329" step="2"/><W2/><G2/><T39/><D39/><U97/><E31/><V128/><F128/><W84/><G36/><T95/><D18/><U68/><E68/><V94/><F94/><W37/><G38/><T58/><D95/><N who="1" m="54687" /><E97/><V135/><F135/><W40/><G37/><T49/><D29/><U73/><E73/><V105/><F105/><W10/><G74/><T111/><D72/><U85/><E85/><V24/><F24/><W45/><G84/><T122/><D111/><U130/><E130/><V107/><F107/><W46/><G93/><T7/><D26/><U57/><AGARI ba="1,1" hai="12,16,20,48,55,57,99,101,106,116,119" m="54687" machi="57" ten="30,7900,0" yaku="25,1,52,1,54,2" doraHai="98" who="1" fromWho="1" sc="225,-40,235,92,201,-21,329,-21" />
</Scene>
<Scene>
<INIT seed="5,0,0,1,5,27" ten="185,327,180,308" oya="1" hai0="106,84,122,67,25,12,114,130,61,94,24,82,98" hai1="72,5,49,126,118,1,50,79,93,80,19,77,33" hai2="29,64,9,6,2,8,48,56,21,105,132,52,17" hai3="104,28,14,120,68,116,10,0,70,40,11,123,134"/><U44/><E118/><V46/><F132/><W95/><G104/><T109/><D109/><U54/><E33/><V55/><F105/><W76/><G76/><T125/><D114/><U88/><E126/><V58/><F64/><W47/><G116/><T124/><D106/><U90/><E79/><V18/><F46/><W103/><G0/><T85/><D12/><U66/><E66/><V119/><F119/><W69/><G134/><T107/><D107/><U101/><E5/><V57/><F57/><W62/><G62/><T92/><D122/><U37/><E37/><V112/><F112/><W131/><G131/><T110/><D110/><U81/><E81/><V34/><F34/><W128/><G128/><T35/><D130/><U100/><E90/><V133/><F133/><W102/><G95/><N who="0" m="36395" /><D98/><U99/><E1/><V86/><F86/><N who="0" m="33386" /><D82/><U15/><E49/><V73/><F73/><W89/><G89/><T60/><D35/><U3/><E3/><V59/><F2/><W45/><G70/><N who="0" m="42343" /><D61/><U41/><REACH who="1" step="1"/><E41/><REACH who="1" ten="185,317,180,308" step="2"/><V83/><F83/><W32/><G32/><T74/><D74/><U30/><E30/><V65/><F29/><W39/><G28/><T129/><D129/><U63/><E63/><N who="2" m="38143" /><F6/><W87/><G40/><T121/><D121/><U96/><E96/><V75/><F75/><W22/><G39/><T117/><D117/><U43/><E43/><V78/><F78/><W97/><G97/><T13/><D124/><U113/><E113/><V23/><F18/><W26/><G120/><T36/><D125/><U53/><E53/><V71/><F17/><W7/><G123/><RYUUKYOKU ba="0,1" sc="185,-10,317,30,180,-10,308,-10" hai1="15,19,44,50,54,72,77,80,88,93,99,100,101" />
</Scene>
<Scene>
<INIT seed="5,1,1,5,1,19" ten="175,347,170,298" oya="1" hai0="84,127,92,18,131,42,25,103,73,75,95,72,53" hai1="126,115,108,31,94,9,67,33,104,59,96,112,129" hai2="45,43,91,117,44,99,1,57,76,23,64,15,26" hai3="16,122,116,5,86,119,121,3,100,20,90,70,62"/><U40/><E104/><V82/><F1/><W39/><G39/><T85/><D42/><U83/><E126/><V49/><F117/><N who="3" m="45131" /><G100/><T21/><D127/><U111/><E40/><V32/><F32/><W35/><G35/><T61/><D131/><U107/><E107/><V77/><F15/><N who="3" m="9247" /><G70/><T120/><D120/><U65/><E129/><V78/><F45/><W28/><G28/><T125/><D125/><U69/><E69/><V55/><F64/><W81/><G62/><T12/><D103/><U128/><E128/><V106/><F106/><W102/><G102/><T24/><D61/><U118/><E118/><V48/><F99/><W52/><G52/><T29/><D53/><U46/><E31/><V124/><F124/><W68/><G68/><T71/><D71/><U51/><E33/><V8/><F8/><AGARI ba="1,1" hai="3,5,8,81,86,90,121,122" m="9247,45131" machi="8" ten="30,3900,0" yaku="12,1,52,1,54,1" doraHai="19" who="3" fromWho="2" sc="175,0,347,0,170,-42,298,52" />
</Scene>
<Scene>
<INIT seed="6,0,0,5,2,62" ten="175,347,128,350" oya="2" hai0="79,94,74,103,67,65,69,10,55,36,9,11,68" hai1="30,96,25,114,35,46,81,3,113,17,5,43,122" hai2="92,101,64,8,90,32,112,53,26,38,82,45,84" hai3="40,117,21,98,106,116,58,110,76,128,13,91,16"/><V47/><F112/><W86/><G110/><T123/><D36/><U73/><E17/><V105/><F105/><W52/><G40/><T15/><D15/><U134/><E96/><N who="2" m="59527" /><F32/><W77/><G128/><T33/><D33/><U56/><E56/><V59/><F38/><W88/><G117/><T121/><D55/><U61/><E61/><N who="2" m="37951" /><F26/><W125/><G125/><T118/><D94/><U72/><E134/><V78/><F8/><W80/><G116/><T48/><D74/><U42/><E42/><V93/><F53/><W126/><G126/><T50/><D10/><N who="1" m="2367" /><E122/><V29/><F29/><W66/><G66/><T31/><D31/><U102/><E102/><V57/><F57/><W130/><G130/><T7/><D103/><U131/><E131/><V44/><F93/><N who="3" m="56615" /><G106/><T70/><D70/><U39/><E72/><V19/><F19/><W124/><G124/><T54/><D118/><U27/><E25/><V115/><F115/><W23/><G23/><T1/><D1/><U71/><E71/><V119/><F119/><W63/><AGARI ba="0,0" hai="13,16,21,52,58,63,76,77,80,86,91" m="56615" machi="63" ten="30,7900,0" yaku="8,1,54,3" doraHai="62" who="3" fromWho="3" sc="175,-20,347,-20,128,-39,350,79" />
</Scene>
<Scene>
<INIT seed="7,0,0,2,5,125" ten="155,327,89,429" oya="3" hai0="54,63,37,118,57,26,100,53,112,51,90,116,12" hai1="104,99,56,93,14,108,42,123,101,17,133,5,106" hai2="21,89,23,77,62,124,33,131,83,65,113,15,98" hai3="58,1,76,68,130,134,59,11,19,129,109,60,46"/><W8/><G76/><T119/><D37/><U16/><E108/><V25/><F124/><W64/><G109/><T121/><D121/><U73/><E123/><V70/><F113/><W34/><G34/><T84/><D112/><U72/><E133/><V110/><F110/><W71/><G134/><T40/><D100/><U44/><E5/><V132/><F132/><W117/><G117/><T2/><D2/><U45/><E56/><V69/><F15/><N who="3" m="7655" /><G46/><T22/><D12/><U29/><E29/><V50/><F50/><W115/><G115/><T135/><D40/><U20/><E17/><V27/><F89/><W35/><G35/><T78/><D78/><U30/><E30/><V0/><F0/><W9/><G58/><T127/><D127/><U67/><E67/><V55/><F55/><W52/><G1/><T95/><D135/><U66/><E66/><V3/><F3/><W4/><G4/><T81/><D81/><U10/><E10/><N who="3" m="3594" /><G52/><T7/><D7/><U38/><E106/><V126/><F126/><W80/><G80/><T92/><D92/><U48/><REACH who="1" step="1"/><E104/><REACH who="1" ten="155,317,89,429" step="2"/><V31/><F70/><W111/><G111/><T105/><D105/><U61/><E61/><V107/><F27/><W43/><G71/><T94/><D119/><U85/><E85/><V13/><F13/><W6/><G6/><T32/><D118/><U24/><E24/><V96/><F96/><W79/><G68/><T88/><D26/><U114/><E114/><V120/><F120/><W103/><G59/><T18/><D57/><U75/><E75/><N who="2" m="43455" /><F107/><W74/><G74/><T41/><D116/><RYUUKYOKU ba="0,1" sc="155,-10,317,30,89,-10,429,-10" hai1="14,16,20,38,42,44,45,48,72,73,93,99,101" owari="145,-25.0,347,15.0,79,-42.0,429,52.0" />
</Scene>
</mjloggm>