<mjloggm ver="2.3"><GO type="225" lobby="0"/><UN n0="%E3%82%B4%E3%83%BC%E3%83%AB%E3%83%87%E3%83%B3%E3%81%B2%E3%82%88%E3%81%93" n1="%E5%A4%AA%E3%81%8F%E3%81%AA%E3%81%84%E3%81%8A" n2="%66%78%78%6B%69%6E" n3="%E3%82%AB%E3%83%A9%E3%82%B9%E3%81%AE%E5%AD%90" dan="17,18,16,16" rate="2262.28,2202.35,2095.14,2104.93" sx="M,M,M,M"/><TAIKYOKU oya="0"/>

<Scene>
<INIT seed="0,0,0,4,5,33" ten="250,250,250,250" oya="0" hai0="95,31,28,43,113,11,127,55,125,25,13,52,40" hai1="17,50,44,22,115,98,49,132,122,131,117,68,47" hai2="51,107,84,93,100,63,92,23,35,108,41,0,130" hai3="42,88,110,14,1,135,3,97,112,37,85,129,119"/><T128/><D113/><U6/><E117/><V9/><F35/><W2/><G119/><T102/><D128/><U60/><E122/><V114/><F114/><W5/><G112/><T91/><D102/><U134/><E115/><V69/><F108/><W96/><G129/><T67/><D67/><N who="1" m="41063" /><E131/><V38/><F38/><W32/><G32/><T27/><D95/><U15/><E6/><V109/><F109/><W8/><G110/><T26/><D91/><U58/><E98/><V123/><F123/><W105/><G135/><N who="1" m="51754" /><E58/><V64/><F130/><W12/><G105/><T116/><D116/><U118/><E118/><V4/><F107/><W18/><G42/><N who="0" m="15915" /><D127/><U76/><E76/><V48/><F93/><W99/><G37/><T21/><D125/><U7/><E7/><V83/><F41/><W94/><REACH who="3" step="1"/><G99/><REACH who="3" ten="250,250,250,240" step="2"/><T65/><D31/><U39/><E39/><V79/><F100/><W45/><G45/><AGARI ba="0,1" hai="15,17,22,44,45,47,49,50" m="51754,41063" machi="45" ten="30,1000,0" yaku="20,1" doraHai="33" who="1" fromWho="3" sc="250,0,250,20,250,0,240,-10" />
</Scene>
<Scene>
<INIT seed="1,0,0,3,5,61" ten="250,270,250,230" oya="1" hai0="22,4,120,17,125,64,50,57,20,104,122,123,36" hai1="5,56,41,23,21,91,46,60,130,35,115,94,45" hai2="73,28,34,134,95,89,97,83,32,55,65,127,10" hai3="117,128,98,40,49,43,59,48,101,70,25,81,82"/><U114/><E35/><V69/><F28/><W90/><G70/><T24/><D36/><U0/><E0/><V19/><F127/><W76/><G128/><T26/><D125/><U102/><E102/><V54/><F134/><W51/><G117/><T38/><D38/><U29/><E5/><V27/><F54/><W100/><G59/><T3/><D104/><U77/><E77/><V129/><F129/><W132/><G132/><T67/><D3/><U126/><E126/><V72/><F72/><W80/><G76/><T16/><D4/><U85/><E130/><V39/><F39/><W121/><G121/><T8/><D8/><U107/><E107/><V87/><F73/><W79/><G79/><T68/><D68/><U106/><E106/><V113/><F55/><AGARI ba="0,0" hai="16,17,20,22,24,26,50,55,57,64,67,120,122,123" machi="55" ten="40,8000,1" yaku="9,1,13,1,52,2,54,1" doraHai="61" who="0" fromWho="2" sc="250,80,270,0,250,-80,230,0" />
</Scene>
<Scene>
<INIT seed="2,0,0,1,2,59" ten="330,270,170,230" oya="2" hai0="83,42,10,18,48,77,84,80,134,62,103,125,106" hai1="118,13,79,5,135,129,119,32,54,52,46,123,25" hai2="111,22,39,86,102,3,9,121,36,55,130,41,124" hai3="75,132,131,68,6,120,51,113,73,85,23,81,97"/><V114/><F114/><W96/><G120/><T30/><D30/><N who="1" m="19535" /><E79/><V47/><F121/><W95/><G68/><T56/><D125/><U107/><E107/><V112/><F124/><W27/><G6/><T93/><D134/><U40/><E123/><V37/><F112/><W70/><G70/><T60/><D106/><U4/><E54/><V74/><F130/><W92/><G131/><T67/><D62/><U72/><E52/><V15/><F74/><N who="3" m="28171" /><G51/><T65/><D65/><U82/><E13/><V57/><F111/><W49/><G23/><T116/><D116/><U71/><E5/><V104/><F3/><W8/><G27/><T45/><D80/><U122/><E4/><V61/><F22/><W20/><G8/><T53/><D53/><U16/><E122/><V108/><F86/><W98/><G20/><T11/><D18/><U99/><E71/><V78/><F78/><N who="3" m="46263" /><G49/><T117/><D117/><U38/><E129/><V133/><F133/><W0/><G113/><T35/><D35/><U58/><E135/><V69/><F69/><W128/><G132/><T87/><D11/><U50/><E38/><V7/><REACH who="2" step="1"/><F108/><REACH who="2" ten="330,270,160,230" step="2"/><W24/><G128/><T63/><D10/><U21/><E119/><V127/><F127/><W110/><G0/><T105/><D84/><U12/><E118/><V43/><F43/><W101/><G110/><T91/><D87/><U64/><E72/><V90/><F90/><N who="3" m="55319" /><G24/><T28/><D42/><U19/><E40/><V44/><F44/><W1/><G1/><T31/><D45/><U26/><E46/><V109/><F109/><W100/><G98/><AGARI ba="0,1" hai="7,9,15,36,37,39,41,47,55,57,61,98,102,104" machi="98" ten="40,7700,0" yaku="1,1,6,1,52,1,53,0" doraHai="59" doraHaiUra="34" who="2" fromWho="3" sc="330,0,270,0,160,87,230,-77" />
</Scene>
<Scene>
<INIT seed="2,1,0,5,2,123" ten="330,270,247,153" oya="2" hai0="134,102,127,117,31,39,45,63,110,80,34,47,98" hai1="37,58,114,107,121,78,33,96,19,7,64,128,76" hai2="22,104,91,61,23,75,131,81,68,30,6,120,50" hai3="12,86,89,16,69,55,118,74,122,20,99,65,38"/><V1/><F120/><W93/><G122/><T79/><D117/><U18/><E33/><V15/><F104/><W35/><G118/><T59/><D39/><U111/><E37/><V42/><F131/><W32/><G74/><T17/><D127/><U108/><E114/><V5/><F1/><W13/><G38/><T52/><D134/><U105/><E121/><V48/><F68/><W135/><G135/><T0/><D0/><U73/><E7/><V36/><F36/><W8/><G65/><T51/><D31/><U57/><E73/><V95/><F61/><W71/><G71/><T46/><D34/><U11/><E11/><V133/><F133/><W90/><G69/><T119/><D119/><U62/><E128/><V126/><F81/><W88/><G55/><T25/><D110/><N who="1" m="42027" /><E58/><V2/><F75/><W94/><REACH who="3" step="1"/><G90/><REACH who="3" ten="330,270,247,143" step="2"/><T24/><D52/><U125/><E125/><V129/><F126/><W106/><G106/><N who="1" m="40458" /><E96/><V28/><F129/><W14/><G14/><T56/><D98/><U100/><E100/><V101/><F101/><W84/><G84/><T66/><D102/><U72/><E72/><V97/><F15/><W92/><G92/><T4/><D25/><U124/><E124/><V41/><F2/><W53/><G53/><T9/><D24/><U113/><E113/><V103/><F103/><W82/><G82/><T29/><D80/><U26/><E26/><N who="2" m="16471" /><F41/><W44/><G44/><T43/><D43/><U10/><E64/><V70/><F70/><W130/><G130/><T54/><D66/><U60/><E78/><V112/><F112/><W85/><G85/><RYUUKYOKU ba="1,1" sc="330,-10,270,-10,247,-10,143,30" hai3="8,12,13,16,20,32,35,86,88,89,93,94,99" />
</Scene>
<Scene>
<INIT seed="3,2,1,3,4,124" ten="320,260,237,173" oya="3" hai0="14,19,16,82,114,44,8,55,98,15,78,75,127" hai1="121,12,126,84,39,5,123,109,51,70,20,74,66" hai2="37,60,68,31,24,1,86,52,91,102,67,73,105" hai3="49,101,32,125,79,38,65,43,26,56,72,41,64"/><W95/><G38/><T117/><D127/><U97/><E74/><V118/><F1/><W0/><G0/><T87/><D117/><U13/><E39/><V132/><F37/><W112/><G112/><T92/><D114/><U4/><E126/><V21/><F118/><W85/><G125/><T122/><D122/><U89/><E70/><V17/><F73/><W71/><G72/><T108/><D108/><U22/><E109/><V106/><F132/><W50/><G71/><T33/><D33/><U120/><E66/><N who="3" m="25706" /><G32/><T2/><D2/><U130/><E97/><V53/><F105/><W115/><G115/><T93/><D75/><U131/><E51/><N who="3" m="19466" /><G56/><T135/><D135/><U27/><E89/><V103/><F103/><W113/><G113/><T45/><D55/><U110/><E84/><V29/><F106/><W18/><G101/><N who="0" m="60615" /><D93/><U133/><E133/><V61/><F102/><W90/><G79/><T107/><D107/><U11/><E110/><V47/><F47/><W48/><N who="3" m="19474" /><W42/><DORA hai="35" /><G26/><T3/><D3/><U10/><E22/><AGARI ba="2,1" hai="8,14,15,16,19,22,44,45,78,82,87" m="60615" machi="22" ten="30,2000,0" yaku="8,1,54,1" doraHai="124,35" who="0" fromWho="1" sc="320,36,260,-26,237,0,173,0" owari="356,46.0,234,-17.0,237,4.0,173,-33.0" />
</Scene>
</mjloggm>