<mjloggm ver="2.3"><GO type="169" lobby="0"/><UN n0="%50%4F%52%49%54%41%4E" n1="%E5%A4%AA%E3%81%8F%E3%81%AA%E3%81%84%E3%81%8A" n2="%6E%65%6F%40%75%6E%69" n3="%E3%82%B9%E3%82%B1%E3%83%BC%E3%82%BF%E3%83%BC" dan="16,17,19,16" rate="2117.79,2235.63,2289.96,2085.71" sx="M,M,M,M"/><TAIKYOKU oya="0"/>

<Scene>
<INIT seed="0,0,0,1,0,101" ten="250,250,250,250" oya="0" hai0="125,79,76,3,82,110,55,70,23,90,112,47,61" hai1="64,32,37,17,46,27,5,68,107,121,60,48,130" hai2="96,126,57,49,77,42,18,67,45,116,9,14,114" hai3="38,69,50,104,108,58,52,102,127,11,109,119,15"/><T118/><D118/><U34/><E121/><V72/><F126/><W115/><G119/><T2/><D112/><U16/><E130/><V33/><F33/><W129/><G115/><T24/><D125/><U99/><E37/><V92/><F77/><W95/><G127/><T88/><D79/><U66/><E5/><V98/><F72/><W31/><G104/><T20/><D110/><N who="3" m="42601" /><G38/><T44/><D70/><U83/><E83/><V41/><F41/><W51/><G31/><T56/><D2/><U133/><E133/><V54/><F67/><W36/><G36/><T63/><D3/><U29/><E64/><V78/><F78/><W73/><G73/><T75/><D61/><U111/><E34/><V28/><F28/><W19/><G69/><T87/><D90/><U113/><E113/><V85/><F114/><W22/><G11/><T134/><D134/><U94/><E111/><V105/><F105/><W30/><G30/><T43/><D24/><U135/><E135/><V93/><F116/><W97/><G129/><T25/><D25/><U86/><E86/><V21/><F9/><W120/><G120/><T7/><D7/><U80/><E80/><V91/><REACH who="2" step="1"/><F93/><REACH who="2" ten="250,250,240,250" step="2"/><W89/><G89/><T81/><REACH who="0" step="1"/><D43/><REACH who="0" ten="240,250,240,250" step="2"/><U103/><REACH who="1" step="1"/><E94/><REACH who="1" ten="240,240,240,250" step="2"/><V12/><F12/><W62/><AGARI ba="0,3" hai="15,19,22,50,51,52,58,62,95,97,102" m="42601" machi="62" ten="30,2000,0" yaku="14,1,54,1" doraHai="101" who="3" fromWho="3" sc="240,-10,240,-5,240,-5,250,50" />
</Scene>
<Scene>
<INIT seed="1,0,0,5,1,48" ten="230,235,235,300" oya="1" hai0="103,20,35,79,12,112,63,123,5,115,60,128,124" hai1="121,126,58,130,77,18,14,59,81,125,87,9,45" hai2="8,102,90,37,2,98,62,75,70,95,119,19,96" hai3="56,40,97,100,82,6,27,3,17,57,106,26,71"/><U78/><E121/><V32/><F37/><W33/><G71/><T135/><D35/><U89/><E130/><V65/><F32/><W22/><G40/><T38/><D135/><U109/><E109/><V133/><F133/><W23/><G33/><T84/><D124/><N who="1" m="47723" /><E45/><V118/><F75/><W1/><G82/><T91/><D38/><U73/><E78/><V30/><F30/><W127/><G127/><T104/><D79/><U47/><E47/><V15/><REACH who="2" step="1"/><F2/><REACH who="2" ten="230,235,225,300" step="2"/><W46/><G3/><T39/><D128/><U24/><E24/><V66/><F66/><W64/><G64/><T117/><D39/><U44/><E44/><V36/><F36/><W53/><G1/><T94/><D123/><U52/><E73/><V74/><F74/><W110/><G46/><T76/><D115/><U107/><E107/><AGARI ba="0,1" hai="8,15,19,62,65,70,90,95,96,98,102,107,118,119" machi="107" ten="30,2000,0" yaku="1,1,7,1,53,0" doraHai="48" doraHaiUra="122" who="2" fromWho="1" sc="230,0,235,-20,225,30,300,0" />
</Scene>
<Scene>
<INIT seed="2,0,0,4,0,40" ten="230,215,255,300" oya="2" hai0="102,98,70,99,89,36,56,49,125,3,96,114,42" hai1="6,4,17,117,66,22,1,119,30,132,75,129,85" hai2="77,106,124,64,115,25,135,35,100,112,26,94,0" hai3="52,15,48,82,78,63,54,105,88,37,95,104,13"/><V127/><F0/><W12/><G37/><T18/><D114/><U21/><E75/><V67/><F77/><W123/><G63/><T55/><D70/><U133/><E66/><N who="2" m="25131" /><F106/><W61/><G61/><T24/><D125/><N who="2" m="48202" /><F35/><W111/><G123/><T59/><D3/><U87/><E1/><V39/><F39/><W27/><G111/><T50/><D36/><U128/><REACH who="1" step="1"/><E17/><REACH who="1" ten="230,205,255,300" step="2"/><V91/><F135/><W110/><G110/><T5/><D5/><U20/><E20/><V57/><F115/><W74/><G74/><T71/><D71/><U68/><E68/><V107/><F112/><W80/><G105/><T120/><D120/><U93/><E93/><V32/><F32/><W14/><G104/><T45/><D102/><U62/><E62/><V86/><F57/><W19/><G95/><N who="0" m="56431" /><D59/><U131/><E131/><V43/><F100/><W23/><G82/><T103/><D103/><U130/><E130/><V76/><F107/><W29/><G19/><T126/><D126/><U8/><E8/><V60/><F60/><W28/><G80/><T73/><D73/><U44/><E44/><V92/><F94/><W72/><G72/><T79/><D24/><U51/><E51/><V38/><F25/><W11/><G27/><T69/><D69/><U41/><E41/><V116/><F26/><W121/><G121/><T113/><D113/><U58/><E58/><V9/><F9/><W134/><G11/><T53/><D18/><U34/><E34/><V33/><F33/><W118/><G134/><T47/><D42/><U16/><E16/><V90/><F38/><W31/><G48/><RYUUKYOKU ba="0,1" sc="230,-10,205,30,255,-10,300,-10" hai1="4,6,21,22,30,85,87,117,119,128,129,132,133" />
</Scene>
<Scene>
<INIT seed="3,1,1,0,5,100" ten="220,235,245,290" oya="3" hai0="88,73,25,54,53,62,127,11,117,79,134,63,28" hai1="108,52,87,107,39,23,125,95,114,105,69,60,35" hai2="83,33,132,124,67,78,101,57,116,4,91,65,99" hai3="111,9,27,135,82,76,31,129,22,109,104,68,115"/><W133/><G68/><T98/><D117/><U58/><E35/><V122/><F33/><W44/><G115/><T17/><D134/><N who="3" m="51209" /><G129/><T93/><D127/><U12/><E114/><V37/><F37/><W2/><G44/><T66/><D73/><U131/><E39/><V51/><F4/><N who="3" m="1175" /><G104/><T55/><D79/><U113/><E113/><V61/><F78/><W29/><G31/><T14/><REACH who="0" step="1"/><D66/><REACH who="0" ten="210,235,245,290" step="2"/><U18/><E125/><V112/><F67/><W102/><G102/><T20/><AGARI ba="1,2" hai="11,14,17,20,25,28,53,54,55,62,63,88,93,98" machi="20" ten="30,12000,2" yaku="1,1,2,1,0,1,8,1,54,1,53,1" doraHai="100" doraHaiUra="86" who="0" fromWho="0" sc="210,143,235,-31,245,-31,290,-61" />
</Scene>
<Scene>
<INIT seed="4,0,0,5,1,102" ten="353,204,214,229" oya="0" hai0="63,16,25,61,106,40,83,117,69,5,79,33,78" hai1="68,30,82,100,10,125,19,24,2,87,50,119,65" hai2="109,113,88,1,104,118,11,75,134,101,76,22,86" hai3="115,67,21,13,133,34,51,64,15,6,31,47,17"/><T0/><D106/><U84/><E119/><V44/><F109/><W85/><G115/><T92/><D117/><U49/><E125/><V9/><F1/><W114/><G114/><T105/><D105/><U73/><E73/><V20/><F113/><W37/><G37/><T57/><D69/><U41/><E100/><V123/><F44/><W131/><G133/><T66/><D40/><U90/><E41/><V121/><F134/><W29/><G131/><T126/><D126/><U70/><E70/><V62/><F62/><W132/><G132/><T28/><D63/><U8/><E65/><N who="3" m="25162" /><G85/><T108/><D108/><U74/><E74/><V127/><F123/><W122/><G34/><T39/><D39/><U110/><E68/><V36/><F121/><W116/><G116/><T43/><D43/><U81/><E110/><V4/><F36/><W111/><G111/><T94/><D79/><U56/><E2/><V3/><F11/><N who="3" m="4343" /><G122/><T23/><D5/><U48/><E56/><V99/><F127/><W7/><G7/><T97/><D97/><U98/><E98/><V12/><F3/><W38/><G38/><T128/><D0/><U54/><E54/><AGARI ba="0,0" hai="15,17,21,29,31,47,51,54" m="4343,25162" machi="54" ten="30,1000,0" yaku="8,1" doraHai="102" who="3" fromWho="1" sc="353,0,204,-10,214,0,229,10" />
</Scene>
<Scene>
<INIT seed="5,0,0,2,4,124" ten="353,194,214,239" oya="1" hai0="22,48,116,122,7,74,58,20,27,45,85,18,33" hai1="14,97,132,130,125,3,101,43,129,62,127,109,6" hai2="37,105,108,126,2,75,39,87,57,42,114,72,12" hai3="115,53,19,123,44,98,8,77,16,64,4,60,104"/><U82/><E3/><V110/><F2/><W38/><G123/><T117/><D74/><U63/><E132/><V133/><F12/><W66/><G77/><T69/><D69/><U86/><E109/><V102/><F57/><W5/><G115/><T34/><D122/><U51/><E43/><V41/><F87/><W80/><G80/><T32/><D58/><U1/><E1/><V56/><F56/><N who="3" m="34831" /><G104/><T54/><D7/><N who="3" m="2633" /><G38/><T78/><D78/><N who="1" m="46423" /><E51/><V47/><F102/><W49/><G98/><T17/><D85/><U118/><E118/><V26/><F105/><W21/><G8/><T79/><D79/><U67/><E14/><V11/><F11/><W131/><G64/><T107/><D107/><N who="1" m="63919" /><E6/><V28/><F133/><W36/><G66/><T24/><AGARI ba="0,0" hai="17,18,20,22,24,27,32,33,34,45,48,54,116,117" machi="24" ten="30,2000,0" yaku="0,1,9,1" doraHai="124" who="0" fromWho="0" sc="353,20,194,-10,214,-5,239,-5" />
</Scene>
<Scene>
<INIT seed="6,0,0,0,5,78" ten="373,184,209,234" oya="2" hai0="82,23,104,72,29,127,25,69,126,54,86,21,32" hai1="119,35,99,66,120,89,97,0,101,115,55,24,65" hai2="43,30,7,45,14,103,110,41,48,33,128,105,79" hai3="20,11,98,81,76,26,73,102,109,106,13,100,44"/><V116/><F116/><W1/><G102/><T62/><D72/><U84/><E119/><V70/><F70/><W59/><G1/><T125/><D104/><U91/><E0/><V114/><F114/><W88/><G109/><T56/><D69/><U5/><E5/><V130/><F43/><W15/><G44/><T117/><D117/><U46/><E115/><V53/><F110/><W9/><G59/><T52/><D54/><U71/><E120/><V90/><F90/><AGARI ba="0,0" hai="21,23,25,29,32,52,56,62,82,86,90,125,126,127" machi="90" ten="40,5200,0" yaku="18,1,52,1,54,1" doraHai="78" who="0" fromWho="2" sc="373,52,184,0,209,-52,234,0" />
</Scene>
<Scene>
<INIT seed="7,0,0,2,5,67" ten="425,184,157,234" oya="3" hai0="127,115,125,69,68,40,5,18,50,61,105,25,75" hai1="59,95,110,79,100,94,4,101,12,45,58,55,60" hai2="86,22,38,36,10,74,121,72,46,78,71,135,62" hai3="23,6,34,70,0,133,82,21,120,106,47,89,41"/><W87/><G70/><T128/><D115/><U130/><E110/><V119/><F119/><W13/><G34/><T3/><D75/><U8/><E130/><V53/><F121/><W44/><G106/><T43/><D105/><U80/><E45/><V92/><F135/><W54/><G0/><T17/><D128/><U124/><E124/><N who="0" m="47689" /><D61/><N who="1" m="36063" /><E80/><V123/><F123/><W85/><G47/><N who="0" m="25959" /><D43/><U26/><E79/><V63/><F38/><W103/><G87/><T104/><D104/><U114/><E26/><V132/><F132/><W76/><G76/><T2/><D17/><U108/><E114/><V35/><F35/><W83/><G6/><T33/><D5/><U81/><E81/><V122/><F122/><W99/><G83/><T32/><D32/><U116/><E108/><V91/><F78/><W64/><G82/><T77/><D77/><U30/><E30/><V39/><F39/><W102/><G13/><T73/><D73/><U113/><E116/><V65/><F22/><W9/><G23/><N who="0" m="13559" /><D33/><U1/><E1/><AGARI ba="0,0" hai="1,2,3,68,69" m="13559,25959,47689" machi="1" ten="30,3900,0" yaku="18,1,52,2" doraHai="67" who="0" fromWho="1" sc="425,39,184,-39,157,0,234,0" owari="464,56.0,145,-35.0,157,-24.0,234,3.0" />
</Scene>
</mjloggm>