<mjloggm ver="2.3"><GO type="169" lobby="0"/><UN n0="%E3%81%99%E3%81%9A%E3%82%81%E3%82%AF%E3%83%AC%E3%82%A4%E3%82%B8%E3%83%BC" n1="%74%79%64%79" n2="%E3%81%AE%E3%81%A9%E3%81%94%E3%81%97%E3%80%88%E7%94%9F%E3%80%89" n3="%E5%A4%AA%E3%81%8F%E3%81%AA%E3%81%84%E3%81%8A" dan="18,16,16,17" rate="2269.47,2092.07,2077.20,2158.89" sx="M,M,M,M"/><TAIKYOKU oya="0"/>

<Scene>
<INIT seed="0,0,0,2,4,14" ten="250,250,250,250" oya="0" hai0="60,112,131,43,54,23,3,13,70,12,127,120,40" hai1="88,122,0,33,121,18,117,10,69,129,44,115,89" hai2="55,42,37,106,125,64,49,124,53,2,38,59,128" hai3="77,29,133,45,35,57,86,113,103,68,116,11,78"/><T114/><D120/><U56/><E117/><V22/><F106/><W130/><G68/><T48/><D3/><U95/><E69/><V99/><F99/><W36/><G116/><T61/><D131/><U123/><E33/><V100/><F100/><W31/><G113/><T132/><D132/><U47/><E129/><V126/><F2/><W79/><G130/><T27/><D127/><U46/><E115/><V58/><F22/><W81/><G133/><T24/><D70/><U134/><E134/><V28/><F28/><W91/><G103/><T71/><D71/><U74/><E74/><V111/><F128/><W5/><G35/><T108/><D48/><U105/><E105/><V34/><F34/><W135/><G135/><T26/><D23/><U85/><E56/><N who="2" m="21547" /><F64/><W39/><G29/><T9/><D26/><U118/><E118/><V98/><F98/><W51/><G31/><T73/><D73/><U102/><E102/><V107/><F107/><W76/><G57/><T66/><D66/><U75/><E75/><V90/><F90/><W80/><G91/><T1/><D1/><U8/><E0/><V15/><F15/><N who="3" m="5615" /><G77/><T83/><D9/><U41/><E89/><V72/><F72/><N who="3" m="43015" /><G78/><T109/><D83/><U119/><E119/><V32/><F32/><W52/><G81/><T92/><REACH who="0" step="1"/><D54/><REACH who="0" ten="240,250,250,250" step="2"/><N who="2" m="20490" /><F49/><W67/><G67/><T50/><D50/><N who="1" m="26895" /><E10/><V65/><F65/><W104/><G51/><T21/><D21/><U62/><E8/><V94/><F126/><W16/><G52/><T84/><D84/><U7/><E123/><V19/><F125/><W20/><G20/><RYUUKYOKU ba="0,1" sc="240,30,250,-10,250,-10,250,-10" hai0="12,13,24,27,40,43,60,61,92,108,109,112,114" />
</Scene>
<Scene>
<INIT seed="0,1,1,1,1,42" ten="270,240,240,240" oya="0" hai0="71,116,59,63,34,98,83,99,102,32,135,112,108" hai1="43,74,109,23,97,33,57,7,44,131,9,70,56" hai2="0,123,96,90,22,88,64,20,19,52,66,114,121" hai3="69,89,21,91,101,46,72,77,103,110,122,105,93"/><T15/><D116/><U14/><E74/><V29/><F0/><W47/><G69/><T27/><D112/><U76/><E70/><V53/><F114/><W120/><G110/><T25/><D71/><U41/><E33/><V11/><F11/><W40/><G105/><T6/><D135/><U94/><E76/><V107/><F107/><W134/><G134/><T111/><D83/><U38/><E109/><N who="0" m="42057" /><D15/><U8/><E131/><V26/><F96/><N who="0" m="36906" /><D102/><U65/><E7/><V4/><F4/><W51/><G77/><T39/><D39/><U124/><E14/><N who="2" m="9335" /><F123/><W10/><G72/><T125/><D125/><U92/><E124/><V45/><F121/><W78/><G78/><T18/><D6/><U82/><E82/><V95/><F90/><W132/><G132/><T106/><D106/><U128/><E38/><V84/><F53/><W60/><G103/><T3/><D3/><U67/><E97/><V5/><F5/><W30/><G120/><T61/><D18/><U49/><E94/><V50/><AGARI ba="1,1" hai="22,26,29,45,50,52,64,66,84,88,95" m="9335" machi="50" ten="30,7900,0" yaku="8,1,52,1,54,2" doraHai="42" who="2" fromWho="2" sc="270,-40,240,-21,240,92,240,-21" />
</Scene>
<Scene>
<INIT seed="1,0,0,4,1,85" ten="230,219,332,219" oya="1" hai0="41,38,71,135,102,48,19,49,56,1,31,84,29" hai1="110,9,32,34,115,25,133,4,8,81,14,35,96" hai2="2,69,105,88,73,36,18,16,111,17,60,57,28" hai3="46,83,11,116,54,112,74,124,22,77,92,63,104"/><U97/><E115/><V21/><F69/><W90/><G112/><T134/><D71/><U5/><E133/><V119/><F105/><W23/><G104/><T86/><D1/><U30/><E110/><V7/><F73/><W51/><G124/><T68/><D68/><U44/><E44/><V94/><F36/><W61/><G116/><T132/><D102/><U99/><REACH who="1" step="1"/><E81/><REACH who="1" ten="230,209,332,219" step="2"/><V53/><F111/><W13/><G63/><T87/><D134/><U55/><E55/><V47/><F47/><W109/><G61/><T131/><D135/><U118/><E118/><V76/><F119/><W98/><REACH who="3" step="1"/><G109/><REACH who="3" ten="230,209,332,209" step="2"/><T120/><D132/><U64/><E64/><V130/><F60/><W125/><G125/><T129/><D129/><U12/><AGARI ba="0,2" hai="4,5,8,9,12,14,25,30,32,34,35,96,97,99" machi="12" ten="30,6000,0" yaku="1,1,0,1,9,1,53,0" doraHai="85" doraHaiUra="43" who="1" fromWho="1" sc="230,-20,209,80,332,-20,209,-20" />
</Scene>
<Scene>
<INIT seed="1,1,0,4,3,131" ten="210,289,312,189" oya="1" hai0="129,119,14,49,111,130,70,97,25,4,30,3,133" hai1="23,114,94,74,122,39,65,95,84,106,116,104,51" hai2="69,42,33,29,11,99,83,90,78,112,115,96,17" hai3="45,8,36,19,56,2,48,72,100,44,75,35,5"/><U125/><E114/><N who="2" m="43563" /><F69/><W54/><G35/><T110/><D70/><U113/><E113/><V50/><F33/><W109/><G109/><N who="0" m="41483" /><D49/><U103/><E39/><V135/><F29/><W22/><G100/><T60/><D60/><U128/><E65/><V71/><F42/><W85/><G85/><T55/><D55/><U124/><E51/><V108/><F71/><W63/><G36/><T21/><D97/><N who="2" m="37450" /><F17/><W27/><REACH who="3" step="1"/><G45/><REACH who="3" ten="210,289,312,179" step="2"/><T88/><D129/><U118/><E128/><V66/><F108/><W43/><AGARI ba="1,1" hai="2,5,8,19,22,27,43,44,48,54,56,63,72,75" machi="43" ten="20,5200,0" yaku="1,1,2,1,0,1,7,1,53,0" doraHai="131" doraHaiUra="101" who="3" fromWho="3" sc="210,-14,289,-27,312,-14,179,65" />
</Scene>
<Scene>
<INIT seed="2,0,0,0,0,2" ten="196,262,298,244" oya="2" hai0="107,33,61,75,39,57,68,104,120,91,25,34,103" hai1="4,110,124,89,58,128,105,79,30,43,131,73,74" hai2="112,60,116,135,97,98,35,26,90,7,80,132,24" hai3="12,49,88,115,38,77,114,1,47,31,17,50,37"/><V67/><F116/><W5/><G77/><T27/><D120/><U85/><E105/><V16/><F112/><N who="3" m="43051" /><G31/><T111/><D39/><U54/><E43/><V70/><F35/><W13/><G1/><T21/><D111/><U14/><E30/><V11/><F80/><W123/><G123/><T66/><D75/><U118/><E118/><V6/><F90/><W134/><G134/><N who="2" m="51241" /><F26/><W45/><G50/><T101/><D68/><U93/><E110/><V82/><F82/><W99/><G47/><T55/><D91/><U65/><E65/><V87/><F87/><W81/><G13/><T129/><D66/><U127/><E79/><V108/><F108/><W63/><G63/><T83/><D83/><U51/><E74/><V3/><F7/><W133/><G133/><T36/><D36/><U84/><E85/><V23/><AGARI ba="0,0" hai="3,6,11,16,23,24,60,67,70,97,98" m="51241" machi="23" ten="30,6000,0" yaku="20,1,52,1,54,1" doraHai="2" who="2" fromWho="2" sc="196,-20,262,-20,298,60,244,-20" />
</Scene>
<Scene>
<INIT seed="2,1,0,1,1,71" ten="176,242,358,224" oya="2" hai0="78,87,22,53,13,15,38,26,9,76,6,83,104" hai1="69,82,126,106,2,73,44,55,14,127,37,112,120" hai2="41,21,115,101,66,96,125,0,111,39,58,84,18" hai3="64,5,29,31,62,77,28,109,36,103,32,42,118"/><V20/><F0/><W74/><G118/><T113/><D113/><U79/><E112/><V3/><F3/><W70/><G109/><T85/><D104/><U108/><E2/><V40/><F115/><W80/><G103/><T52/><D15/><U61/><E106/><V27/><F125/><N who="1" m="47625" /><E108/><V45/><F111/><W132/><G132/><T93/><D38/><U90/><E90/><V129/><F129/><W133/><G133/><T92/><D92/><U63/><E120/><V57/><F84/><W91/><G5/><T68/><D68/><U16/><E69/><V122/><F66/><W86/><G32/><T46/><D46/><U81/><E81/><V105/><F122/><W67/><G67/><T123/><D123/><U56/><E61/><V98/><F41/><W102/><G102/><T131/><D131/><U116/><E116/><V119/><F119/><W49/><G49/><T128/><D128/><U24/><E24/><V11/><F96/><W97/><G97/><T17/><D93/><U19/><E14/><V65/><F65/><W23/><G91/><T7/><REACH who="0" step="1"/><D6/><REACH who="0" ten="166,242,358,224" step="2"/><U47/><E44/><V25/><F57/><W51/><G70/><T60/><D60/><U99/><E99/><V130/><F58/><W54/><G62/><T88/><D88/><U1/><E1/><V124/><F124/><W110/><G110/><T43/><D43/><AGARI ba="1,1" hai="16,19,37,43,47,55,56,63,73,79,82" m="47625" machi="43" ten="30,3900,0" yaku="18,1,52,1,54,1" doraHai="71" who="1" fromWho="0" sc="166,-42,242,52,358,0,224,0" />
</Scene>
<Scene>
<INIT seed="3,0,0,2,3,134" ten="124,294,358,224" oya="3" hai0="59,58,116,23,80,109,1,135,25,126,8,130,44" hai1="4,82,61,114,9,105,113,95,70,35,67,83,18" hai2="55,24,120,5,110,107,65,89,68,10,62,17,85" hai3="38,100,33,41,63,112,133,84,106,86,97,46,45"/><W92/><G112/><T71/><D116/><U88/><E105/><V48/><F107/><W56/><G33/><T47/><D71/><U13/><E35/><V93/><F110/><W53/><G133/><T81/><D109/><U22/><E114/><V11/><F120/><W90/><REACH who="3" step="1"/><G46/><REACH who="3" ten="124,294,358,214" step="2"/><T52/><D135/><U19/><E113/><V49/><F5/><W40/><G40/><T57/><D47/><U98/><REACH who="1" step="1"/><E18/><REACH who="1" ten="124,284,358,214" step="2"/><V129/><F17/><W96/><AGARI ba="0,2" hai="38,41,45,53,56,63,84,86,90,92,96,97,100,106" machi="96" ten="20,3900,0" yaku="1,1,0,1,7,1,53,0" doraHai="134" doraHaiUra="77" who="3" fromWho="3" sc="124,-13,284,-13,358,-13,214,59" />
</Scene>
<Scene>
<INIT seed="3,1,0,3,3,87" ten="111,271,345,273" oya="3" hai0="95,131,126,44,64,91,105,9,54,56,65,24,81" hai1="127,43,74,57,70,106,94,88,116,133,60,2,123" hai2="96,52,113,16,15,75,80,77,67,25,7,23,82" hai3="73,36,108,38,83,58,10,29,47,17,61,62,122"/><W18/><G122/><T98/><D131/><U134/><E123/><V129/><F129/><W45/><G29/><T125/><D105/><U63/><E2/><V30/><F113/><W6/><G108/><T102/><D44/><U41/><E106/><V59/><F67/><W11/><G83/><T4/><D81/><U107/><E74/><V37/><F37/><W27/><G27/><T111/><D111/><U53/><E107/><V31/><F96/><W35/><G58/><T130/><D130/><U40/><E127/><V78/><F7/><W71/><G6/><T101/><D64/><U86/><E116/><V103/><F103/><W76/><G76/><T97/><D65/><U26/><E26/><V124/><F124/><W132/><G73/><T119/><D119/><U68/><REACH who="1" step="1"/><E63/><REACH who="1" ten="111,261,345,273" step="2"/><N who="2" m="36327" /><F75/><W92/><G61/><T22/><D125/><U50/><E50/><V3/><F3/><W39/><G39/><T135/><D126/><U128/><E128/><V93/><F77/><W8/><G62/><T5/><D24/><U13/><E13/><V55/><F78/><W85/><G38/><T51/><D51/><U84/><E84/><V32/><F32/><W19/><G35/><T14/><D14/><U104/><E104/><V12/><F12/><W120/><G120/><T46/><D98/><U28/><E28/><V99/><F31/><W48/><G36/><T49/><D97/><U20/><E20/><N who="2" m="15655" /><F55/><W1/><G1/><T121/><D54/><U72/><E72/><V115/><F115/><W66/><G66/><T114/><D121/><U118/><E118/><V33/><F33/><RYUUKYOKU ba="1,1" sc="111,-15,261,15,345,15,273,-15" hai1="40,41,43,53,57,60,68,70,86,88,94,133,134" hai2="15,16,23,80,82,93,99" />
</Scene>
<Scene>
<INIT seed="4,2,1,0,5,133" ten="96,276,360,258" oya="0" hai0="33,115,1,53,39,35,102,26,44,51,119,3,56" hai1="58,91,82,66,9,41,129,5,128,123,109,6,8" hai2="12,79,99,116,31,71,64,75,86,62,22,59,48" hai3="13,107,84,132,16,72,55,94,131,97,126,104,10"/><T73/><D119/><U25/><E109/><V118/><F99/><W27/><G72/><T63/><D73/><U78/><E123/><V103/><F103/><W45/><G132/><T60/><D115/><U52/><E41/><V81/><F48/><N who="3" m="29071" /><G131/><N who="1" m="50250" /><E66/><V89/><F71/><W106/><G106/><T134/><D134/><U19/><E91/><V76/><F75/><W21/><G104/><T124/><D102/><U30/><E19/><N who="2" m="10599" /><F31/><N who="3" m="17903" /><G107/><T57/><D39/><U15/><E9/><V20/><F20/><W42/><G42/><T120/><D120/><U95/><E95/><V130/><F130/><W105/><G105/><T7/><D7/><U54/><E58/><V23/><F23/><W135/><G94/><T113/><D113/><U111/><E111/><V68/><F68/><W29/><G10/><T108/><D108/><U2/><E2/><V117/><AGARI ba="2,1" hai="59,62,64,76,79,81,86,89,116,117,118" m="10599" machi="117" ten="30,1100,0" yaku="12,1" doraHai="133" who="2" fromWho="2" sc="96,-7,276,-5,360,27,258,-5" />
</Scene>
<Scene>
<INIT seed="5,0,0,5,0,37" ten="89,271,387,253" oya="1" hai0="42,68,27,91,122,5,47,80,33,9,65,56,116" hai1="63,75,0,134,20,117,30,77,124,69,123,26,70" hai2="107,66,1,59,85,36,115,110,25,97,29,82,53" hai3="41,83,16,45,46,127,128,104,12,4,126,49,64"/><U118/><E0/><V2/><F66/><W102/><G4/><T3/><D116/><U13/><E123/><V21/><F110/><W60/><G128/><T17/><D122/><U120/><E120/><V92/><F107/><W50/><G83/><T99/><D68/><U34/><E134/><V90/><F36/><W103/><G104/><T129/><D129/><U76/><E124/><N who="3" m="47658" /><G46/><T54/><D65/><U101/><E101/><V28/><F115/><W106/><G50/><T95/><D80/><U84/><E75/><V15/><F15/><W98/><G98/><T11/><D33/><U24/><E84/><V108/><F108/><W114/><G106/><T67/><D67/><U23/><E63/><V109/><F109/><W44/><G44/><T86/><D86/><U71/><E13/><V51/><F29/><W48/><G48/><T89/><D89/><AGARI ba="0,0" hai="1,2,21,25,28,51,53,59,82,85,89,90,92,97" machi="89" ten="30,1000,0" yaku="7,1" doraHai="37" who="2" fromWho="0" sc="89,-10,271,0,387,10,253,0" />
</Scene>
<Scene>
<INIT seed="6,0,0,3,0,48" ten="79,271,397,253" oya="2" hai0="22,122,57,118,88,124,49,18,70,1,79,117,34" hai1="45,73,135,58,131,59,83,82,53,103,66,102,112" hai2="85,92,130,90,87,89,19,78,26,77,36,12,61" hai3="80,121,100,11,109,127,29,32,116,120,81,37,91"/><V30/><F36/><W0/><G91/><T94/><D34/><U111/><E111/><V72/><F72/><W128/><G81/><N who="1" m="30730" /><E73/><V33/><F130/><W71/><G80/><T20/><D70/><U3/><E3/><V76/><F61/><W60/><G100/><N who="1" m="38442" /><E131/><V99/><REACH who="2" step="1"/><F90/><REACH who="2" ten="79,271,387,253" step="2"/><W67/><G128/><T28/><D118/><U6/><E135/><V84/><F84/><W114/><G116/><T133/><D117/><U93/><E112/><V104/><F104/><W56/><G37/><T64/><D133/><U44/><E66/><V96/><F96/><W52/><G114/><T74/><D64/><U16/><E93/><V113/><F113/><W23/><G67/><T108/><D74/><U9/><E6/><V97/><F97/><W123/><G123/><T106/><D94/><U15/><E59/><V75/><F75/><W10/><G56/><T42/><D57/><U41/><E41/><V39/><F39/><W86/><G120/><T27/><D106/><U110/><E110/><V65/><F65/><W95/><G109/><T107/><D108/><U17/><E58/><V63/><F63/><W62/><G121/><T7/><D107/><U35/><E17/><V54/><F54/><W132/><G52/><T115/><D115/><U5/><E53/><V31/><F31/><W4/><G62/><T51/><D122/><U98/><E98/><V46/><F46/><W55/><G60/><T101/><D101/><U40/><E45/><V8/><AGARI ba="0,1" hai="8,12,19,26,30,33,76,77,78,85,87,89,92,99" machi="8" ten="30,3000,0" yaku="1,1,0,1,53,0" doraHai="48" doraHaiUra="50" who="2" fromWho="2" sc="79,-10,271,-10,387,40,253,-10" />
</Scene>
<Scene>
<INIT seed="6,1,0,2,0,135" ten="69,261,427,243" oya="2" hai0="101,122,10,118,105,40,27,129,76,43,21,119,57" hai1="0,98,71,60,65,111,3,74,123,58,4,53,91" hai2="2,83,134,1,80,87,94,32,81,14,33,13,107" hai3="7,54,77,24,120,42,61,8,128,49,68,50,112"/><V64/><F107/><W72/><G120/><T99/><D122/><U86/><E123/><V69/><F69/><W109/><G109/><T89/><D129/><U73/><E111/><V39/><F64/><W34/><G42/><T106/><D76/><U90/><E3/><V85/><F39/><W18/><G72/><T22/><D10/><U6/><E6/><V67/><F67/><W62/><G77/><T115/><D115/><U38/><E38/><V15/><F94/><W37/><G37/><T78/><D78/><U79/><E79/><V84/><REACH who="2" step="1"/><F134/><REACH who="2" ten="69,261,417,243" step="2"/><W116/><G68/><T45/><D106/><U31/><E71/><V36/><F36/><W52/><G112/><T130/><D105/><U28/><E65/><V59/><F59/><W117/><G128/><T30/><D130/><U23/><E58/><V66/><F66/><W44/><G117/><T75/><D57/><U126/><E60/><V131/><F131/><W70/><G116/><T26/><D119/><U125/><E125/><V82/><N who="2" m="20480" /><DORA hai="17" /><V19/><F19/><W96/><G18/><N who="0" m="12599" /><D75/><U29/><E126/><V35/><AGARI ba="1,1" hai="1,2,13,14,15,32,33,35,84,85,87" m="20480" machi="35" ten="60,48000,5" yakuman="40" doraHai="135,17" doraHaiUra="56,102" who="2" fromWho="2" sc="69,-161,261,-161,417,493,243,-161" owari="-92,-59.0,100,-10.0,910,101.0,82,-32.0" />
</Scene>
</mjloggm>