<mjloggm ver="2.3"><GO type="225" lobby="0"/><UN n0="%E5%A4%AA%E3%81%8F%E3%81%AA%E3%81%84%E3%81%8A" n1="%73%2E%63%65%6C%74%79" n2="%E5%AE%AE%E5%AD%90" n3="%4D%61%6D%65%2D%79%61" dan="18,16,16,16" rate="2201.90,2144.19,2150.53,2063.66" sx="M,F,M,M"/><TAIKYOKU oya="0"/>

<Scene>
<INIT seed="0,0,0,2,3,48" ten="250,250,250,250" oya="0" hai0="67,93,99,1,103,43,60,2,79,24,6,105,120" hai1="41,46,98,52,21,66,23,11,77,8,34,114,130" hai2="57,81,55,111,73,51,104,117,45,63,127,5,132" hai3="96,100,69,64,94,38,78,39,75,4,112,33,92"/><T71/><D120/><U118/><E34/><V70/><F111/><W91/><G112/><T29/><D43/><U88/><E118/><V19/><F104/><W97/><G33/><T3/><D93/><N who="1" m="56615" /><E114/><V32/><F32/><W47/><G4/><T101/><D101/><U76/><E130/><V134/><F117/><W131/><G131/><T85/><D85/><U49/><E66/><N who="2" m="41311" /><F5/><W119/><G119/><T95/><D95/><U36/><E36/><V12/><F127/><W37/><G69/><T108/><D79/><N who="1" m="30283" /><E41/><V35/><F35/><W44/><REACH who="3" step="1"/><G64/><REACH who="3" ten="250,250,250,240" step="2"/><T56/><D71/><U26/><E21/><V0/><F0/><W89/><G89/><T133/><D2/><U83/><E83/><AGARI ba="0,1" hai="37,38,39,44,47,75,78,83,91,92,94,96,97,100" machi="83" ten="40,1300,0" yaku="1,1,53,0" doraHai="48" doraHaiUra="9" who="3" fromWho="1" sc="250,0,250,-13,250,0,240,23" />
</Scene>
<Scene>
<INIT seed="1,0,0,2,1,17" ten="250,237,250,263" oya="1" hai0="32,13,30,98,5,117,101,53,96,40,91,51,87" hai1="129,26,89,4,55,104,34,19,102,38,121,12,39" hai2="107,86,93,114,69,72,61,99,29,65,8,134,3" hai3="120,106,22,83,70,73,25,46,112,20,130,24,47"/><U6/><E121/><V119/><F119/><W15/><G120/><T7/><D117/><U18/><E129/><V95/><F72/><W88/><G112/><T54/><D32/><U56/><E104/><V11/><F114/><W41/><G106/><T79/><D30/><U43/><E102/><V44/><F134/><W111/><G70/><T105/><D79/><U125/><E125/><V58/><F69/><W66/><G66/><T74/><D74/><U67/><E67/><V78/><F3/><W42/><G130/><T68/><D68/><U50/><E89/><N who="2" m="53431" /><F107/><W9/><G111/><T109/><D98/><U27/><E27/><N who="3" m="10314" /><G73/><T92/><D109/><U62/><E62/><V21/><F44/><N who="3" m="16939" /><G83/><N who="0" m="49663" /><D40/><N who="3" m="15465" /><G88/><T84/><D84/><U35/><E43/><V57/><F78/><W127/><G127/><T16/><D105/><U45/><E35/><V132/><F65/><W126/><G126/><T71/><D71/><U63/><E39/><V28/><F29/><W100/><G100/><T49/><D54/><N who="1" m="34199" /><E38/><V10/><F132/><W60/><G60/><T116/><D116/><U76/><E76/><V122/><F122/><W23/><G9/><N who="0" m="6191" /><D49/><U2/><E2/><V115/><F115/><W131/><G131/><T82/><D82/><U37/><E37/><V52/><F61/><W90/><G90/><T113/><D113/><U124/><E124/><V31/><F28/><W135/><G135/><T81/><D81/><U80/><E80/><V103/><F52/><W77/><G77/><T97/><D97/><U133/><E133/><V14/><F31/><W1/><G1/><T123/><D123/><RYUUKYOKU ba="0,0" sc="250,10,237,-30,250,10,263,10" hai0="5,7,51,53,92,96,101" hai2="8,10,11,14,21,57,58,95,99,103" hai3="15,20,22,23" />
</Scene>
<Scene>
<INIT seed="2,1,0,2,4,91" ten="260,207,260,273" oya="2" hai0="23,89,34,133,118,109,45,59,95,50,112,72,135" hai1="53,51,129,2,125,10,21,31,18,39,92,123,93" hai2="48,44,47,49,74,40,84,87,12,117,83,73,105" hai3="107,5,119,56,28,115,62,75,57,85,101,4,124"/><V113/><F113/><W103/><G75/><T38/><D34/><U8/><E39/><V17/><F105/><W66/><G119/><T35/><D35/><U132/><E125/><V3/><F3/><W122/><G122/><T9/><D112/><U99/><E129/><V90/><F84/><W116/><G116/><T29/><D118/><U106/><E106/><V78/><F78/><W80/><G124/><T70/><D70/><U102/><E132/><N who="0" m="50761" /><D109/><U69/><E69/><V0/><F0/><W110/><G110/><T61/><D38/><U108/><E31/><V41/><REACH who="2" step="1"/><F117/><REACH who="2" ten="260,207,250,273" step="2"/><W114/><G107/><T79/><D79/><U134/><E108/><V58/><F58/><W42/><G114/><T120/><D59/><N who="1" m="33215" /><E134/><V128/><F128/><W64/><G115/><T71/><D71/><U16/><E2/><V104/><F104/><W1/><G1/><T30/><D72/><U98/><E123/><V26/><F26/><W63/><G85/><T77/><D77/><U127/><E127/><V25/><F25/><W97/><G97/><T55/><D120/><U43/><E43/><V130/><F130/><W54/><G42/><T68/><D68/><U6/><E6/><V15/><F15/><W11/><G4/><T131/><D131/><U88/><E18/><V32/><F32/><W81/><G5/><T100/><D29/><U76/><E76/><V121/><F121/><W13/><G13/><AGARI ba="1,1" hai="8,10,13,16,21,88,92,93,98,99,102" m="33215" machi="13" ten="30,8000,1" yaku="8,1,52,2,54,2" doraHai="91" who="1" fromWho="3" sc="260,0,207,93,250,0,273,-83" />
</Scene>
<Scene>
<INIT seed="3,0,0,3,3,73" ten="260,300,250,190" oya="3" hai0="121,115,30,50,81,47,42,22,26,38,9,2,21" hai1="110,65,123,6,87,88,10,0,102,100,131,27,58" hai2="64,106,116,60,12,128,119,70,33,53,62,75,98" hai3="7,16,46,91,85,40,39,32,78,97,109,13,5"/><W44/><G32/><T92/><D121/><U76/><E123/><V86/><F75/><W43/><G109/><T120/><D120/><U37/><E37/><V56/><F128/><W133/><G133/><T45/><D115/><U118/><E118/><V124/><F124/><W51/><G97/><T55/><D92/><U96/><E110/><V41/><F41/><W83/><REACH who="3" step="1"/><G91/><REACH who="3" ten="260,300,250,180" step="2"/><T80/><D22/><AGARI ba="0,1" hai="5,7,13,16,22,39,40,43,44,46,51,78,83,85" machi="22" ten="30,18000,2" yaku="1,1,2,1,7,1,52,1,54,1,53,1" doraHai="73" doraHaiUra="11" who="3" fromWho="0" sc="260,-180,300,0,250,0,180,190" owari="80,-42.0,300,10.0,250,-15.0,370,47.0" />
</Scene>
</mjloggm>