<mjloggm ver="2.3"><GO type="169" lobby="0"/><UN n0="%E5%A4%AA%E3%81%8F%E3%81%AA%E3%81%84%E3%81%8A" n1="%E3%81%B5%E3%81%A8%E3%82%93" n2="%65%6E%6B%61%69%73%6D" n3="%77%61%64%6F%70%72%6F" dan="18,16,17,16" rate="2215.94,2118.22,2085.66,2116.44" sx="M,M,M,M"/><TAIKYOKU oya="0"/>

<Scene>
<INIT seed="0,0,0,3,5,17" ten="250,250,250,250" oya="0" hai0="106,27,70,79,87,123,45,0,90,105,114,47,52" hai1="21,111,9,121,3,86,23,115,119,49,22,75,57" hai2="94,30,77,60,46,82,55,78,72,35,14,5,68" hai3="74,93,37,109,127,122,24,129,132,116,53,117,18"/><T133/><D114/><U84/><E119/><V41/><F77/><W110/><G93/><T58/><D123/><U83/><E121/><V134/><F134/><W42/><G53/><T40/><D70/><U62/><E115/><V4/><F94/><W13/><G42/><T12/><D0/><U112/><E112/><V103/><F103/><W97/><G97/><T34/><D79/><N who="1" m="46207" /><E75/><V80/><F80/><W8/><G37/><T59/><D133/><U95/><E3/><V73/><F73/><W125/><G74/><T15/><D34/><U33/><E33/><V76/><F76/><W28/><G132/><T69/><D69/><U71/><E71/><V6/><F14/><W128/><G122/><T11/><D27/><U64/><E9/><V100/><F100/><W124/><G116/><T99/><D99/><U102/><E111/><N who="3" m="42506" /><G117/><T31/><D40/><U25/><E49/><V81/><F81/><W1/><G1/><T61/><D106/><U32/><E32/><AGARI ba="0,0" hai="8,13,18,24,28,32,124,125,127,128,129" m="42506" machi="32" ten="40,8000,1" yaku="18,1,14,1,34,2" doraHai="17" who="3" fromWho="1" sc="250,0,250,-80,250,0,250,80" />
</Scene>
<Scene>
<INIT seed="1,0,0,2,1,34" ten="250,170,250,330" oya="1" hai0="119,133,75,1,109,8,98,82,25,112,89,81,24" hai1="49,92,104,132,22,61,72,93,16,3,40,57,63" hai2="97,27,86,6,106,85,108,12,39,28,4,51,80" hai3="117,105,126,124,20,31,52,26,99,11,38,71,59"/><U83/><E104/><V65/><F39/><W68/><G117/><T62/><D119/><U33/><E33/><V94/><F108/><W95/><G105/><T23/><D112/><U131/><E132/><V58/><F106/><W100/><G38/><T2/><D109/><U18/><E131/><V41/><F41/><W36/><G36/><T114/><D114/><U19/><E3/><V122/><F122/><W54/><G11/><T7/><D133/><U135/><E135/><V90/><F85/><W10/><G10/><T17/><D75/><U134/><E134/><V64/><F12/><W46/><G46/><T116/><D116/><U70/><E70/><V113/><F113/><W79/><G79/><T127/><D127/><N who="3" m="48681" /><G54/><T5/><D5/><N who="2" m="2154" /><F27/><W45/><G45/><T15/><D25/><U87/><E72/><V9/><F9/><W60/><AGARI ba="0,0" hai="20,26,31,52,59,60,68,71,95,99,100" m="48681" machi="60" ten="30,2000,0" yaku="18,1,54,1" doraHai="34" who="3" fromWho="3" sc="250,-5,170,-10,250,-5,330,20" />
</Scene>
<Scene>
<INIT seed="2,0,0,4,5,98" ten="245,160,245,350" oya="2" hai0="50,24,83,90,63,122,41,107,39,17,15,81,78" hai1="82,76,131,43,48,3,84,45,49,53,7,95,31" hai2="116,22,10,13,25,56,72,123,5,113,71,75,85" hai3="26,119,38,55,66,77,114,4,126,110,23,46,64"/><V133/><F123/><W108/><G119/><T61/><D39/><U130/><E31/><V96/><F116/><W60/><G126/><T124/><D107/><U0/><E95/><V1/><F113/><W33/><G33/><T20/><D122/><U19/><E19/><V21/><F71/><W109/><G114/><T73/><D124/><U120/><E120/><V135/><F1/><W101/><G77/><T121/><D121/><U65/><E65/><V115/><F115/><W54/><G4/><T118/><D118/><U134/><E134/><N who="2" m="51211" /><F85/><W67/><G101/><T70/><D70/><U68/><E68/><V12/><F12/><W40/><REACH who="3" step="1"/><G60/><REACH who="3" ten="245,160,245,340" step="2"/><T93/><D63/><U35/><E35/><V117/><F5/><W14/><G14/><T58/><D15/><U69/><E7/><V62/><F13/><W104/><G104/><T132/><D132/><U36/><E3/><V89/><F62/><W80/><G80/><T8/><D81/><U6/><E0/><V2/><F2/><W92/><G92/><T127/><D127/><U125/><E125/><V32/><F32/><W34/><G34/><T129/><D8/><U74/><E6/><V37/><F10/><W100/><G100/><T99/><D61/><U112/><E112/><V27/><F117/><W51/><G51/><T94/><D94/><U91/><E69/><V30/><F37/><W79/><G79/><T57/><D50/><N who="1" m="19563" /><E53/><V16/><F56/><N who="0" m="21610" /><D41/><U44/><E44/><V103/><F103/><W29/><AGARI ba="0,1" hai="23,26,29,38,40,46,54,55,64,66,67,108,109,110" machi="29" ten="40,5200,0" yaku="1,1,0,1,14,1,53,0" doraHai="98" doraHaiUra="47" who="3" fromWho="3" sc="245,-13,160,-13,245,-26,340,62" />
</Scene>
<Scene>
<INIT seed="3,0,0,3,0,65" ten="232,147,219,402" oya="3" hai0="33,87,18,100,107,88,102,76,10,132,9,96,2" hai1="37,40,105,78,36,32,121,93,123,71,119,60,106" hai2="61,99,89,14,131,22,91,27,83,47,52,111,120" hai3="98,70,135,74,69,80,35,122,54,92,38,1,127"/><W95/><G1/><T82/><D33/><U129/><E32/><V4/><F120/><N who="1" m="46153" /><E93/><N who="2" m="56767" /><F111/><W112/><G122/><T85/><D132/><U94/><E94/><V114/><F131/><W34/><G112/><T21/><D100/><U75/><E129/><V84/><F114/><W125/><G38/><N who="1" m="14954" /><E40/><V45/><F4/><W7/><G7/><T97/><D97/><U3/><E3/><V66/><F66/><W108/><G108/><T28/><D28/><U6/><E6/><V104/><F14/><W58/><G135/><T11/><D2/><U113/><E113/><V116/><F104/><W23/><G23/><T130/><D130/><U48/><E48/><V15/><F15/><W103/><G95/><T44/><D44/><U41/><E119/><V56/><F116/><W57/><G57/><T124/><D124/><N who="3" m="47689" /><G80/><T73/><D21/><U19/><E106/><V59/><F59/><W13/><G13/><T31/><D9/><U39/><E105/><V62/><F62/><N who="3" m="36183" /><G74/><T17/><D73/><U77/><E75/><V12/><F12/><W86/><G86/><T115/><D115/><U128/><E128/><V51/><F51/><W5/><G5/><T63/><D63/><U101/><E71/><AGARI ba="0,0" hai="34,35,69,70,71,92,98,103" m="36183,47689" machi="71" ten="30,11600,0" yaku="18,1,52,3" doraHai="65" who="3" fromWho="1" sc="232,0,147,-116,219,0,402,116" />
</Scene>
<Scene>
<INIT seed="3,1,0,0,4,67" ten="232,31,219,518" oya="3" hai0="7,33,102,57,64,126,134,66,111,123,59,87,27" hai1="91,129,97,10,86,28,109,130,5,118,71,52,70" hai2="41,122,77,56,112,25,26,99,16,42,85,34,20" hai3="94,21,69,8,45,101,127,58,62,47,84,44,125"/><W31/><BYE who="1" /><G69/><T39/><D123/><U61/><E61/><V96/><F112/><W88/><G8/><T116/><D116/><U19/><E19/><V55/><F122/><W135/><G135/><T22/><D33/><U17/><E17/><V13/><F34/><W133/><G133/><T30/><D134/><U117/><E117/><V113/><F113/><W50/><G101/><T29/><D39/><U68/><E68/><V95/><F96/><W35/><G35/><T100/><D111/><U79/><E79/><V110/><F110/><W24/><REACH who="3" step="1"/><G50/><REACH who="3" ten="232,31,219,508" step="2"/><T37/><D102/><U18/><E18/><V15/><F16/><W98/><G98/><T23/><D100/><U1/><E1/><V36/><F99/><W48/><G48/><T9/><D9/><U3/><E3/><V0/><F0/><W115/><G115/><T80/><D22/><U81/><E81/><V73/><F20/><W14/><G14/><T92/><D80/><U83/><E83/><V93/><F13/><W65/><AGARI ba="1,1" hai="21,24,31,44,45,47,58,62,65,84,88,94,125,127" machi="65" ten="30,6000,0" yaku="1,1,0,1,54,1,53,0" doraHai="67" doraHaiUra="32" who="3" fromWho="3" sc="232,-21,31,-21,219,-21,508,73" />
</Scene>
<Scene>
<INIT seed="3,2,0,5,3,66" ten="211,10,198,581" oya="3" hai0="22,49,36,119,34,99,57,38,0,83,116,70,85" hai1="106,89,79,75,6,91,95,5,69,107,81,98,28" hai2="96,77,72,103,23,61,122,1,12,47,105,33,21" hai3="40,14,123,128,19,102,45,80,52,31,24,94,132"/><W42/><G123/><T29/><D34/><U120/><E120/><V39/><F33/><W131/><G132/><T25/><D0/><U113/><E113/><V46/><F122/><W129/><G80/><T63/><D49/><U88/><E88/><V92/><F1/><W110/><G110/><T86/><D70/><U108/><E108/><V68/><F105/><W58/><G94/><T44/><D99/><U118/><E118/><V30/><F39/><W54/><G102/><T125/><D125/><U135/><E135/><V62/><F72/><W60/><G54/><T59/><D59/><U133/><E133/><V9/><F77/><W73/><G73/><T101/><D101/><U117/><E117/><V100/><F100/><W16/><G14/><T56/><D56/><U55/><E55/><V4/><F68/><W65/><G65/><T27/><D27/><U20/><E20/><N who="2" m="7755" /><F30/><W115/><G115/><T11/><D11/><U127/><E127/><V93/><F93/><W43/><G45/><AGARI ba="2,0" hai="4,9,12,45,46,47,61,62,92,96,103" m="7755" machi="45" ten="30,1000,0" yaku="8,1" doraHai="66" who="2" fromWho="3" sc="211,0,10,0,198,16,581,-16" />
</Scene>
<Scene>
<INIT seed="4,0,0,5,4,62" ten="211,10,214,565" oya="0" hai0="4,95,54,10,43,3,56,117,99,18,135,21,41" hai1="124,118,5,131,125,48,71,122,59,115,88,130,112" hai2="120,119,19,68,128,98,105,132,17,93,129,79,11" hai3="33,133,87,15,74,113,20,22,0,64,6,55,75"/><T82/><D135/><U52/><E52/><V91/><F120/><W89/><G55/><T31/><D31/><U35/><E35/><V7/><F132/><W80/><G15/><T84/><D117/><U116/><E116/><V110/><F119/><W65/><G6/><T13/><D82/><U16/><E16/><N who="2" m="6219" /><F105/><W81/><G80/><T50/><REACH who="0" step="1"/><D84/><REACH who="0" ten="201,10,214,565" step="2"/><U57/><E57/><V47/><F110/><W42/><G87/><T103/><AGARI ba="0,1" hai="3,4,10,13,18,21,41,43,50,54,56,95,99,103" machi="103" ten="20,7800,0" yaku="1,1,2,1,0,1,7,1,53,0" doraHai="62" doraHaiUra="27" who="0" fromWho="0" sc="201,88,10,-26,214,-26,565,-26" owari="289,9.0,-16,-52.0,188,-21.0,539,64.0" />
</Scene>
</mjloggm>