<mjloggm ver="2.3"><GO type="169" lobby="0"/><UN n0="%E5%A4%AA%E3%81%8F%E3%81%AA%E3%81%84%E3%81%8A" n1="%E4%B8%AD%E3%81%AE%E4%B8%8A" n2="%73%61%69%72%61%73%75" n3="%E3%81%8B%E3%81%AB%E3%83%9E%E3%82%B8%E3%83%B3" dan="17,16,17,17" rate="2222.50,2033.68,2153.98,2179.80" sx="M,M,M,M"/><TAIKYOKU oya="0"/>

<Scene>
<INIT seed="0,0,0,2,1,118" ten="250,250,250,250" oya="0" hai0="54,34,48,0,26,114,62,80,65,37,56,117,59" hai1="39,90,112,17,8,76,36,1,82,110,19,18,130" hai2="126,124,44,73,28,105,12,101,43,30,111,47,22" hai3="109,102,16,13,120,135,11,81,6,57,5,94,85"/><T14/><D117/><U107/><E107/><V7/><F73/><W15/><G109/><T88/><D0/><U75/><E110/><V3/><F111/><W24/><G135/><T38/><D114/><U108/><E108/><V45/><F3/><W129/><G129/><T63/><D14/><U133/><E130/><V66/><F66/><W93/><G120/><T68/><D26/><U49/><E133/><V70/><F70/><W99/><G24/><T71/><D34/><U83/><E112/><V25/><F43/><W115/><G115/><T106/><D106/><U122/><E122/><V61/><F61/><W42/><G42/><T97/><D97/><U64/><E64/><V95/><F105/><W53/><G94/><T134/><D134/><U123/><E123/><V84/><F28/><W60/><REACH who="3" step="1"/><G13/><REACH who="3" ten="250,250,250,240" step="2"/><T132/><D132/><U51/><E1/><V4/><F12/><W35/><G35/><T31/><D31/><U100/><E82/><V58/><F25/><W127/><G127/><T32/><D32/><U113/><E83/><V92/><F30/><W116/><G116/><T91/><D80/><U121/><E121/><V40/><F40/><W9/><G9/><T69/><REACH who="0" step="1"/><D48/><REACH who="0" ten="240,250,250,240" step="2"/><U128/><E51/><V67/><F126/><W104/><G104/><T41/><D41/><U21/><E49/><V86/><F124/><W119/><G119/><T23/><D23/><U131/><E21/><V29/><F22/><W55/><G55/><T103/><D103/><U20/><E20/><V33/><F29/><W46/><G46/><T74/><D74/><U125/><E75/><RYUUKYOKU ba="0,2" sc="240,15,250,-15,250,-15,240,15" hai0="37,38,54,56,59,62,63,65,68,69,71,88,91" hai3="5,6,11,15,16,53,57,60,81,85,93,99,102" />
</Scene>
<Scene>
<INIT seed="0,1,2,0,4,128" ten="255,235,235,255" oya="0" hai0="130,29,68,110,111,41,87,113,6,70,133,121,131" hai1="89,1,44,78,94,23,99,3,17,124,125,71,75" hai2="120,101,35,36,88,63,122,97,56,5,30,123,50" hai3="13,134,54,42,64,135,2,45,38,79,39,66,18"/><T15/><D113/><U82/><E71/><N who="0" m="27177" /><D121/><U40/><E40/><V91/><F36/><W72/><G2/><T32/><D41/><U62/><E44/><V69/><F5/><W27/><G39/><T76/><D29/><U22/><E62/><V93/><F50/><W92/><G27/><T115/><D32/><U65/><E65/><V107/><F69/><W103/><G54/><T46/><D46/><U33/><E33/><V86/><F35/><W84/><G72/><T10/><D115/><U25/><REACH who="1" step="1"/><E23/><REACH who="1" ten="255,225,235,255" step="2"/><V28/><F63/><W132/><G103/><T119/><D130/><U98/><E98/><V77/><F56/><W12/><G12/><T116/><D131/><U61/><E61/><V24/><F24/><W52/><G52/><T59/><D59/><U14/><E14/><V90/><REACH who="2" step="1"/><F107/><REACH who="2" ten="255,225,225,255" step="2"/><W117/><G117/><T95/><D116/><U7/><E7/><V34/><F34/><W67/><G67/><T129/><D119/><U85/><E85/><V106/><F106/><W74/><G74/><T60/><D60/><U104/><E104/><V112/><F112/><W20/><G64/><T48/><D129/><U126/><AGARI ba="1,4" hai="1,3,17,22,25,75,78,82,89,94,99,124,125,126" machi="126" ten="30,4000,0" yaku="1,1,0,1,18,1,53,0" doraHai="128" doraHaiUra="96" who="1" fromWho="1" sc="255,-21,225,83,225,-11,255,-11" />
</Scene>
<Scene>
<INIT seed="1,0,0,3,5,33" ten="234,308,214,244" oya="1" hai0="126,108,113,131,8,38,122,43,35,65,84,31,72" hai1="109,89,51,101,68,87,106,90,40,125,133,10,135" hai2="107,32,30,91,56,78,58,121,34,0,57,24,99" hai3="62,103,81,85,129,15,88,17,123,79,54,76,45"/><U119/><E119/><V13/><F121/><W19/><G123/><T39/><D84/><U23/><E68/><V60/><F78/><W25/><G129/><T80/><D65/><U104/><E109/><V124/><F124/><W55/><G103/><T114/><D8/><U75/><E75/><V70/><F32/><W66/><G25/><T27/><D122/><U96/><E125/><V9/><F91/><W41/><G19/><T67/><D126/><U21/><E10/><V105/><F13/><W44/><G55/><T5/><D5/><U71/><E71/><V83/><F83/><W59/><G45/><T28/><D28/><U100/><E51/><V69/><F69/><W26/><G26/><T18/><D18/><U7/><E7/><V97/><F9/><N who="3" m="6383" /><G41/><T47/><D67/><U16/><E16/><V4/><F4/><W74/><G74/><T102/><D102/><U29/><E40/><V1/><F107/><W98/><G98/><T6/><D6/><U73/><E73/><V117/><F117/><W2/><G2/><T110/><D39/><U120/><E120/><V12/><F12/><W127/><G127/><T82/><D131/><U63/><E96/><V61/><F99/><W94/><G94/><T95/><D95/><U112/><E29/><V134/><F134/><W116/><G116/><T128/><D128/><U22/><E22/><V93/><F93/><W92/><G92/><T115/><REACH who="0" step="1"/><D82/><REACH who="0" ten="224,308,214,244" step="2"/><U46/><E101/><N who="2" m="62639" /><F61/><W48/><AGARI ba="0,1" hai="44,48,54,59,62,66,76,79,81,85,88" m="6383" machi="48" ten="30,4000,0" yaku="25,1,8,1,54,1" doraHai="33" who="3" fromWho="3" sc="224,-10,308,-20,214,-10,244,50" />
</Scene>
<Scene>
<INIT seed="2,0,0,5,3,85" ten="214,288,204,294" oya="2" hai0="72,93,39,126,62,82,110,45,9,50,36,18,13" hai1="131,111,97,115,113,68,37,120,135,51,60,128,94" hai2="46,64,117,66,129,3,41,104,69,90,27,24,108" hai3="96,23,101,65,100,121,31,132,48,122,26,130,91"/><V78/><F117/><W119/><G119/><T102/><D110/><U32/><E32/><V88/><F104/><W89/><G132/><T86/><D126/><U33/><E33/><V43/><F3/><W16/><G130/><N who="1" m="49706" /><E37/><V7/><F129/><W133/><G133/><T74/><D74/><U52/><E135/><V73/><F69/><W15/><G100/><T70/><D72/><U10/><E10/><V83/><F108/><W22/><G65/><N who="2" m="25193" /><F73/><W75/><G75/><T11/><D70/><U25/><E111/><V116/><F116/><W54/><G122/><T44/><D62/><U80/><E60/><V6/><F83/><W118/><G118/><T71/><D71/><U127/><E68/><V106/><F78/><W109/><G121/><T124/><D124/><U47/><E127/><V1/><F106/><W84/><G84/><T95/><D11/><U99/><E120/><V19/><F1/><W123/><G123/><T53/><D102/><N who="1" m="60727" /><E80/><V105/><F105/><W58/><G109/><T107/><D107/><AGARI ba="0,0" hai="15,16,22,23,26,31,48,54,58,89,91,96,101,107" machi="107" ten="30,7700,0" yaku="7,1,52,2,54,1" doraHai="85" who="3" fromWho="0" sc="214,-77,288,0,204,0,294,77" />
</Scene>
<Scene>
<INIT seed="3,0,0,0,4,76" ten="137,288,204,371" oya="3" hai0="43,40,120,92,125,65,42,105,91,54,15,16,31" hai1="129,99,18,4,108,26,93,132,23,106,131,0,97" hai2="135,127,70,1,6,74,107,55,19,35,2,8,80" hai3="11,62,60,13,88,113,59,14,58,124,126,112,94"/><W90/><G94/><T123/><D105/><U103/><E108/><V25/><F135/><W66/><G66/><T134/><D134/><U63/><E132/><V119/><F127/><W115/><G115/><T49/><D125/><U85/><E85/><V73/><F119/><W47/><G47/><T82/><D31/><U50/><E50/><V100/><F55/><W117/><REACH who="3" step="1"/><G11/><REACH who="3" ten="137,288,204,361" step="2"/><T72/><D65/><U7/><E93/><V29/><F107/><W102/><G102/><T69/><D69/><U38/><E103/><V61/><F100/><W44/><G44/><T22/><D72/><U48/><E106/><V30/><F73/><W12/><G12/><T96/><REACH who="0" step="1"/><D82/><REACH who="0" ten="127,288,204,361" step="2"/><U87/><E131/><V130/><F80/><W116/><AGARI ba="0,2" hai="13,14,58,59,60,62,88,90,112,113,116,117,124,126" machi="116" ten="25,18000,2" yaku="1,1,0,1,22,2,54,1,53,2" doraHai="76" doraHaiUra="84" who="3" fromWho="3" sc="127,-60,288,-60,204,-60,361,200" />
</Scene>
<Scene>
<INIT seed="3,1,0,5,0,21" ten="67,228,144,561" oya="3" hai0="15,116,133,9,104,127,6,44,36,94,20,91,86" hai1="11,103,118,23,24,67,26,92,89,30,48,8,106" hai2="77,87,122,34,95,59,39,97,101,99,131,85,88" hai3="12,111,66,107,56,25,78,55,76,84,124,90,43"/><W75/><G107/><T108/><D116/><U126/><E118/><V98/><F39/><W96/><G124/><T65/><D104/><U14/><E126/><V1/><F1/><W28/><G111/><T121/><D127/><U31/><E106/><N who="2" m="63791" /><F34/><W113/><G113/><T81/><D108/><U130/><E130/><V80/><F59/><W17/><G96/><N who="2" m="36905" /><F122/><W134/><G75/><T47/><D121/><U62/><E103/><V37/><F37/><W54/><G43/><T7/><D133/><U63/><E48/><V115/><F115/><W132/><G66/><T60/><D36/><U41/><E41/><V105/><F105/><W73/><G73/><T53/><D7/><U69/><E63/><V40/><F40/><W71/><G71/><T79/><D53/><U33/><REACH who="1" step="1"/><E14/><REACH who="1" ten="67,218,144,561" step="2"/><V13/><F13/><W22/><G134/><T123/><D123/><U74/><E74/><V120/><F120/><W58/><G132/><T19/><D60/><U109/><E109/><V4/><F4/><W35/><G55/><T100/><D100/><U57/><E57/><V119/><F119/><W93/><G56/><T29/><D65/><U10/><E10/><V49/><F49/><AGARI ba="1,1" hai="12,17,22,25,28,35,49,54,58,76,78,84,90,93" machi="49" ten="30,11600,0" yaku="7,1,25,2,52,1" doraHai="21" who="3" fromWho="2" sc="67,0,218,0,144,-119,561,129" />
</Scene>
<Scene>
<INIT seed="3,2,0,1,3,56" ten="67,218,25,690" oya="3" hai0="124,80,46,58,77,85,87,41,18,1,132,5,105" hai1="9,42,81,118,116,34,37,70,66,114,57,107,74" hai2="131,79,100,65,35,73,54,21,23,129,63,117,78" hai3="68,76,97,67,7,84,8,64,38,44,45,30,59"/><W22/><G68/><T13/><D105/><U113/><E34/><V101/><F117/><N who="1" m="45161" /><E9/><V53/><F35/><W106/><G38/><T48/><D124/><U134/><E107/><V126/><F73/><W88/><G67/><T39/><D132/><U96/><E96/><V128/><F126/><W93/><G30/><T99/><D99/><U90/><E90/><V2/><F2/><W40/><G22/><N who="2" m="8201" /><F65/><W19/><G19/><T55/><D18/><U133/><E81/><V122/><F122/><W135/><G40/><T72/><REACH who="0" step="1"/><D13/><REACH who="0" ten="57,218,25,690" step="2"/><U94/><E133/><V47/><F47/><W52/><G135/><T103/><D103/><N who="2" m="39498" /><F63/><N who="3" m="36327" /><G106/><T3/><D3/><U110/><E134/><V15/><F15/><N who="3" m="5535" /><G64/><T115/><D115/><U6/><E66/><V43/><F43/><W28/><G28/><T4/><D4/><U121/><E6/><V61/><F61/><W130/><G130/><T31/><D31/><U71/><E114/><V123/><F123/><W11/><G11/><AGARI ba="2,1" hai="1,5,11,39,41,46,48,55,58,72,77,80,85,87" machi="11" ten="40,8000,1" yaku="1,1,25,2,53,1" doraHai="56" doraHaiUra="33" who="0" fromWho="3" sc="57,96,218,0,25,0,690,-86" />
</Scene>
<Scene>
<INIT seed="4,0,0,4,5,6" ten="153,218,25,604" oya="0" hai0="135,84,117,14,15,106,61,85,52,81,63,57,97" hai1="18,23,108,94,120,47,92,102,101,8,133,35,2" hai2="107,122,125,16,95,32,5,87,121,69,103,1,44" hai3="86,68,115,39,123,54,38,27,78,130,56,116,55"/><T19/><D117/><U31/><E120/><V119/><F69/><W128/><G116/><T98/><D135/><U29/><E108/><V127/><F119/><W91/><G78/><T62/><D106/><U7/><E133/><V129/><F32/><W58/><G68/><T132/><D132/><U66/><E66/><V3/><F129/><N who="3" m="49771" /><G115/><T11/><D84/><U89/><E47/><V41/><F107/><W17/><G123/><T24/><D24/><N who="1" m="18919" /><E29/><V73/><F73/><W80/><G17/><T104/><D104/><U126/><E126/><N who="2" m="48139" /><F1/><W77/><G27/><T74/><D74/><U93/><E89/><N who="2" m="53695" /><F103/><W0/><G0/><T124/><D15/><AGARI ba="0,0" hai="2,7,8,15,18,23,92,93,94,101,102" m="18919" machi="15" ten="30,2000,0" yaku="24,1,52,1" doraHai="6" who="1" fromWho="0" sc="153,-20,218,20,25,0,604,0" />
</Scene>
<Scene>
<INIT seed="5,0,0,4,3,31" ten="133,238,25,604" oya="1" hai0="111,61,55,58,112,47,40,74,108,75,82,8,106" hai1="97,127,36,13,103,6,135,98,125,90,46,93,54" hai2="9,57,51,44,101,42,83,3,14,81,72,27,76" hai3="53,21,88,107,110,124,23,69,5,1,32,113,38"/><U131/><E131/><V29/><F101/><W114/><G32/><T39/><D106/><U41/><E135/><V62/><F83/><W133/><G38/><T33/><D112/><U16/><E6/><V43/><F3/><W19/><G69/><T4/><D33/><U79/><E54/><V132/><F42/><W122/><G107/><T71/><D71/><U35/><E79/><V26/><F132/><W85/><G133/><T11/><D11/><U63/><E63/><V80/><F80/><W0/><G110/><T100/><D100/><U89/><E35/><V49/><F49/><W120/><G124/><N who="1" m="47690" /><E98/><V129/><F129/><W116/><G116/><T115/><D115/><N who="3" m="44041" /><G53/><T66/><D55/><U7/><E7/><V28/><F62/><W25/><G21/><AGARI ba="0,0" hai="13,16,21,36,41,46,89,90,93,97,103" m="47690" machi="21" ten="30,2900,0" yaku="18,1,54,1" doraHai="31" who="1" fromWho="3" sc="133,0,238,29,25,0,604,-29" />
</Scene>
<Scene>
<INIT seed="5,1,0,1,2,112" ten="133,267,25,575" oya="1" hai0="52,48,15,104,46,13,7,114,60,41,0,50,89" hai1="78,69,97,47,57,75,29,133,32,36,53,121,81" hai2="108,21,54,95,11,128,28,100,131,68,8,123,115" hai3="16,77,38,117,98,61,66,58,24,19,119,132,74"/><U118/><E121/><V111/><F68/><W106/><G38/><T122/><D104/><U43/><E69/><V83/><F83/><N who="3" m="45495" /><G24/><T120/><D114/><U73/><E118/><N who="3" m="45066" /><G132/><T71/><D0/><U130/><E130/><N who="2" m="49707" /><F115/><W65/><G66/><N who="0" m="41415" /><D89/><U109/><E78/><V25/><F123/><N who="0" m="47146" /><D7/><U110/><E75/><V30/><F30/><W4/><G4/><T113/><D113/><U124/><E36/><V99/><F54/><W45/><G45/><AGARI ba="1,0" hai="13,15,41,45,46,48,50,52" m="47146,41415" machi="45" ten="30,2000,0" yaku="13,1,54,1" doraHai="112" who="0" fromWho="3" sc="133,23,267,0,25,0,575,-23" />
</Scene>
<Scene>
<INIT seed="6,0,0,3,2,38" ten="156,267,25,552" oya="2" hai0="31,105,20,49,37,113,71,8,19,110,9,16,64" hai1="66,60,88,80,86,107,99,76,87,7,96,40,50" hai2="4,75,59,18,23,6,78,130,85,95,103,128,135" hai3="131,91,97,127,112,48,57,72,129,15,11,35,0"/><V121/><F135/><W22/><G35/><T55/><D110/><U12/><E107/><V51/><F121/><W90/><G72/><T44/><D105/><U14/><E66/><V39/><F39/><W29/><G112/><T10/><D113/><U119/><E60/><V28/><F28/><W81/><G127/><T26/><D37/><U41/><E119/><V68/><F68/><W104/><G81/><T17/><D71/><U58/><E58/><V132/><F132/><W82/><G82/><T83/><D83/><N who="1" m="47463" /><E50/><V77/><F75/><W13/><G0/><T73/><D73/><U118/><E118/><V124/><F124/><W63/><G48/><T74/><D74/><U33/><E33/><V32/><F32/><W69/><G69/><T114/><D114/><U98/><E12/><V3/><F3/><W101/><G15/><T25/><D64/><U108/><E108/><V52/><F77/><W79/><G79/><T117/><D117/><U116/><E116/><V67/><F67/><N who="3" m="39407" /><G22/><AGARI ba="0,0" hai="8,9,10,16,17,19,20,22,25,26,31,44,49,55" machi="22" ten="40,2600,0" yaku="8,1,54,1" doraHai="38" who="0" fromWho="3" sc="156,26,267,0,25,0,552,-26" />
</Scene>
<Scene>
<INIT seed="7,0,0,2,0,51" ten="182,267,25,526" oya="3" hai0="112,115,11,127,61,55,38,111,36,53,47,37,0" hai1="122,69,116,18,81,90,30,124,125,104,117,72,66" hai2="94,60,110,52,86,109,7,87,101,73,133,91,42" hai3="49,107,65,16,74,128,92,41,58,114,1,120,15"/><W123/><G107/><T22/><D111/><U9/><E30/><V135/><F42/><W103/><G74/><T20/><D47/><U98/><E122/><V27/><F7/><W119/><G1/><T126/><D61/><N who="1" m="40143" /><E72/><V106/><F27/><W83/><G119/><T62/><D62/><U57/><E57/><V79/><F60/><W48/><G114/><N who="0" m="43563" /><D11/><U17/><E104/><V134/><F86/><W130/><G65/><T100/><D100/><U35/><E35/><V31/><F31/><W108/><G108/><T118/><D0/><U113/><E113/><V19/><F19/><N who="1" m="7177" /><E9/><V45/><F45/><W131/><G83/><T32/><D32/><U82/><E82/><V76/><F52/><N who="0" m="20042" /><D118/><N who="1" m="45675" /><E81/><V34/><F34/><W78/><G123/><T88/><D88/><U14/><E14/><V105/><F105/><W50/><G120/><T43/><D43/><U26/><E26/><V85/><F85/><W64/><G64/><T97/><D97/><U13/><E13/><V29/><F29/><W93/><G78/><T96/><D96/><U75/><E75/><V8/><F8/><N who="3" m="6247" /><G103/><T12/><D12/><U24/><E24/><V68/><F68/><W89/><G41/><T28/><D28/><U25/><E25/><V77/><F73/><W129/><G129/><T3/><D3/><U23/><E23/><AGARI ba="0,0" hai="20,22,23,36,37,38,126,127" m="20042,43563" machi="23" ten="40,16000,3" yaku="28,2,15,1,11,1,52,3,54,1" doraHai="51" who="0" fromWho="1" sc="182,160,267,-160,25,0,526,0" owari="342,14.0,107,-29.0,25,-47.0,526,62.0" />
</Scene>
</mjloggm>