<mjloggm ver="2.3"><GO type="169" lobby="0"/><UN n0="%E3%83%89%E3%83%90%E3%82%AF%E3%83%81%E5%A4%A7%E9%87%8E" n1="%E5%A4%AA%E3%81%8F%E3%81%AA%E3%81%84%E3%81%8A" n2="%E3%82%B8%E3%82%A7%E3%83%B3%E3%83%88" n3="%E6%A4%8D%E9%87%8E" dan="16,17,16,17" rate="2079.95,2219.71,2065.48,2142.76" sx="M,M,M,M"/><TAIKYOKU oya="0"/>

<Scene>
<INIT seed="0,0,0,5,0,59" ten="250,250,250,250" oya="0" hai0="61,131,90,91,60,87,80,7,112,92,0,35,4" hai1="47,53,48,83,10,68,79,37,57,11,14,127,82" hai2="94,96,109,117,63,58,27,55,56,116,1,69,9" hai3="67,102,26,118,103,33,29,115,62,125,108,19,45"/><T17/><D35/><U74/><E127/><V34/><F69/><W42/><G115/><T93/><D112/><U88/><E68/><V6/><F109/><W28/><G118/><N who="2" m="45673" /><F27/><W24/><G125/><T22/><D131/><U30/><E30/><V38/><F58/><W15/><G19/><T84/><D80/><U73/><E14/><V130/><F130/><W18/><G18/><T71/><D71/><U16/><E16/><V120/><F34/><W2/><G15/><T100/><D100/><U126/><E126/><V31/><F31/><W50/><G2/><T122/><D122/><U95/><E37/><V12/><F38/><W135/><G135/><T77/><D77/><U132/><E132/><V5/><F120/><W85/><G108/><T36/><D36/><U129/><E129/><V104/><F104/><W39/><G39/><T75/><D75/><U13/><E13/><V121/><F121/><W41/><G26/><N who="0" m="14671" /><D0/><U81/><E73/><V52/><F1/><W105/><G105/><T25/><D25/><U49/><E74/><V119/><N who="2" m="45681" /><V78/><DORA hai="54" /><F78/><W133/><G29/><T86/><D86/><N who="1" m="52631" /><E79/><V46/><F12/><W99/><G133/><T97/><D87/><U106/><E106/><V124/><F124/><W40/><G85/><T51/><D51/><U3/><E3/><V89/><F9/><W32/><G32/><T66/><D66/><U70/><E70/><V111/><F111/><W134/><G134/><T98/><D84/><U114/><E114/><V113/><F113/><W72/><G72/><T110/><D110/><U101/><E101/><RYUUKYOKU ba="0,0" sc="250,10,250,10,250,10,250,-30" hai0="4,7,60,61,90,91,92,93,97,98" hai1="10,11,47,48,49,53,57,81,82,83" hai2="5,6,46,52,55,56,63,89,94,96" />
</Scene>
<Scene>
<INIT seed="0,1,0,4,3,27" ten="260,260,260,220" oya="0" hai0="59,75,68,5,13,109,7,96,120,87,121,54,20" hai1="53,57,133,72,0,84,86,15,45,108,47,98,106" hai2="62,114,11,113,101,110,42,124,56,107,46,100,55" hai3="60,123,24,88,14,21,104,125,35,41,34,94,32"/><T48/><D68/><U71/><E0/><V44/><F124/><W64/><G104/><T26/><D75/><U67/><E72/><V130/><F110/><W33/><G125/><T90/><D109/><U4/><E108/><V10/><F130/><W25/><G41/><T93/><D120/><U131/><E71/><V129/><F129/><W16/><N who="3" m="8192" /><DORA hai="122" /><W119/><G119/><T28/><D121/><U30/><E67/><V1/><F46/><W19/><G19/><T111/><D111/><U128/><E98/><V103/><F107/><W89/><G123/><T85/><D13/><U31/><E106/><V18/><F11/><W105/><G105/><T12/><D12/><U70/><E70/><V79/><F79/><W82/><G82/><T9/><D9/><N who="1" m="4519" /><E131/><V66/><F18/><W69/><REACH who="3" step="1"/><G89/><REACH who="3" ten="260,260,260,210" step="2"/><T127/><D127/><U118/><E118/><V6/><REACH who="2" step="1"/><F66/><REACH who="2" ten="260,260,250,210" step="2"/><W78/><G78/><T8/><D8/><U135/><E128/><V134/><F134/><W91/><G91/><T80/><D80/><U81/><E135/><V102/><N who="2" m="26112" /><DORA hai="58" /><V117/><F117/><W74/><G74/><T36/><D90/><U65/><E133/><V3/><F3/><W126/><G126/><T38/><D7/><U63/><E81/><V22/><F22/><W2/><G2/><T52/><D5/><U61/><E65/><V51/><AGARI ba="1,2" hai="1,6,10,42,44,51,55,56,62,113,114" m="26112" machi="51" ten="40,12000,2" yaku="1,1,0,1,52,1,53,4" doraHai="27,122,58" doraHaiUra="97,23,73" who="2" fromWho="2" sc="260,-61,260,-31,250,143,210,-31" />
</Scene>
<Scene>
<INIT seed="1,0,0,2,2,120" ten="199,229,393,179" oya="1" hai0="16,127,101,60,18,124,103,116,71,25,85,33,27" hai1="31,19,97,40,49,122,82,67,132,46,62,78,14" hai2="69,29,118,64,48,92,74,91,99,88,20,65,90" hai3="39,44,98,81,130,115,72,77,37,114,108,107,43"/><U22/><E132/><V59/><F118/><W0/><G130/><T58/><D116/><U12/><E122/><V56/><F74/><W68/><G39/><T24/><D71/><U110/><E31/><V11/><F69/><W128/><G128/><T32/><D85/><U86/><E97/><V96/><F11/><W102/><G108/><T6/><D6/><U36/><E36/><V66/><F99/><W134/><G134/><T52/><D101/><U123/><E123/><V26/><REACH who="2" step="1"/><F48/><REACH who="2" ten="199,229,383,179" step="2"/><W104/><G68/><T111/><D111/><U73/><E110/><V5/><F5/><W23/><G107/><T55/><D33/><U7/><E73/><V53/><F53/><W4/><G23/><T117/><D32/><U51/><E51/><V131/><F131/><W87/><G87/><T109/><D117/><U57/><REACH who="1" step="1"/><E7/><REACH who="1" ten="199,219,383,179" step="2"/><V112/><F112/><W106/><G106/><T95/><D109/><U129/><E129/><V113/><F113/><W94/><G104/><T121/><D121/><U105/><E105/><V79/><F79/><W125/><G115/><T54/><D124/><U126/><E126/><V3/><F3/><W34/><G125/><T93/><D127/><U89/><E89/><AGARI ba="0,2" hai="20,26,29,56,59,64,65,66,88,89,90,91,92,96" machi="89" ten="40,5200,0" yaku="1,1,8,1,54,1,53,0" doraHai="120" doraHaiUra="28" who="2" fromWho="1" sc="199,0,219,-52,383,72,179,0" />
</Scene>
<Scene>
<INIT seed="2,0,0,0,1,30" ten="199,167,455,179" oya="2" hai0="130,129,117,57,85,69,32,124,108,2,67,55,53" hai1="50,101,71,10,22,29,13,8,135,15,28,114,34" hai2="42,9,96,121,133,70,56,75,63,44,51,23,1" hai3="93,125,41,82,54,31,105,120,7,81,26,68,94"/><V38/><F121/><W39/><G105/><T35/><D2/><U91/><E71/><V88/><F75/><W58/><G68/><T77/><D117/><U73/><E73/><V127/><F133/><W104/><G104/><T92/><D108/><U11/><E101/><V64/><F127/><W106/><G106/><T100/><D124/><U109/><E114/><V86/><F96/><W132/><G120/><T111/><D111/><U107/><E107/><V61/><F23/><W80/><G132/><T126/><D126/><U5/><E109/><V103/><F103/><W37/><G7/><T52/><D100/><U45/><E135/><V83/><F9/><W49/><G125/><T115/><D69/><U20/><E91/><V119/><F119/><W90/><G41/><T33/><D115/><U122/><E122/><V84/><F84/><W27/><G27/><T74/><D74/><U89/><E89/><V19/><F19/><W18/><G18/><T46/><D46/><U78/><E78/><V98/><F98/><W65/><G65/><T79/><D92/><U99/><E99/><V134/><F134/><W43/><G43/><T97/><D97/><U59/><E59/><V95/><F95/><N who="3" m="36363" /><G90/><T40/><D40/><N who="1" m="24871" /><E34/><V21/><F1/><W116/><G116/><T4/><D4/><N who="1" m="3207" /><E10/><V128/><F21/><AGARI ba="0,0" hai="5,11,15,20,21,22,28,29" m="3207,24871" machi="21" ten="30,1000,0" yaku="8,1" doraHai="30" who="1" fromWho="2" sc="199,0,167,10,455,-10,179,0" />
</Scene>
<Scene>
<INIT seed="3,0,0,0,1,47" ten="199,177,445,179" oya="3" hai0="44,32,84,111,79,93,131,58,14,30,122,35,3" hai1="11,1,23,118,106,50,103,76,108,134,126,21,98" hai2="51,109,49,20,56,45,129,94,97,120,99,67,70" hai3="22,65,113,86,9,0,81,62,110,66,105,53,40"/><W63/><G113/><T92/><D3/><U26/><E108/><V95/><F109/><W90/><G105/><T52/><D111/><U100/><E126/><V39/><F70/><W55/><G110/><T2/><D2/><U28/><E134/><V88/><F129/><W61/><G40/><T12/><D122/><U83/><E118/><V115/><F115/><W121/><G121/><T64/><D131/><U38/><E38/><V96/><F39/><W132/><G132/><T37/><D64/><U72/><E100/><V128/><F128/><W31/><G0/><T73/><D73/><U34/><REACH who="1" step="1"/><E50/><REACH who="1" ten="199,167,445,179" step="2"/><N who="2" m="18955" /><F120/><W71/><G71/><T6/><D37/><U68/><E68/><V91/><F45/><W117/><G117/><T80/><D44/><U135/><E135/><V33/><F33/><W10/><G66/><T133/><D133/><U124/><E124/><V60/><F20/><W8/><G65/><T123/><D123/><U116/><E116/><V75/><F75/><W104/><G104/><T74/><D74/><U54/><E54/><V57/><F57/><W4/><G4/><AGARI ba="0,1" hai="1,4,11,21,23,26,28,34,72,76,83,98,103,106" machi="4" ten="40,1300,0" yaku="1,1,53,0" doraHai="47" doraHaiUra="112" who="1" fromWho="3" sc="199,0,167,23,445,0,179,-13" />
</Scene>
<Scene>
<INIT seed="4,0,0,5,0,10" ten="199,190,445,166" oya="0" hai0="54,123,109,71,4,29,12,70,84,48,85,57,74" hai1="20,27,115,37,77,17,124,126,36,44,1,53,79" hai2="101,40,90,118,65,35,107,88,131,22,15,49,30" hai3="69,102,134,100,24,46,122,62,83,116,52,63,91"/><T55/><D74/><U127/><E1/><V125/><F35/><W66/><G116/><T95/><D123/><U68/><E68/><V112/><F107/><W93/><G122/><T21/><D109/><U114/><E53/><V8/><F112/><N who="1" m="43049" /><E44/><N who="2" m="25735" /><F125/><N who="1" m="32001" /><U96/><DORA hai="98" /><E96/><V33/><F101/><N who="3" m="39019" /><G69/><T28/><D71/><U119/><E119/><V13/><F33/><W39/><G39/><AGARI ba="0,0" hai="17,20,27,36,37,39,77,79" m="32001,43049" machi="39" ten="50,6400,0" yaku="15,1,11,1,18,1" doraHai="10,98" who="1" fromWho="3" sc="199,0,190,64,445,0,166,-64" />
</Scene>
<Scene>
<INIT seed="5,0,0,4,1,52" ten="199,254,445,102" oya="1" hai0="92,21,15,116,77,86,123,114,91,44,68,62,4" hai1="40,53,90,42,97,101,133,23,49,35,103,74,57" hai2="127,81,118,30,3,134,82,96,9,12,32,60,11" hai3="104,13,1,108,102,128,71,95,83,43,51,34,75"/><U94/><E35/><V7/><F118/><W87/><G1/><T28/><D116/><U56/><E74/><V100/><F134/><W80/><G34/><T93/><D123/><U120/><E120/><V65/><F30/><W78/><G71/><T79/><D114/><U112/><E112/><V33/><F127/><W37/><G37/><T14/><D68/><U55/><E133/><V31/><F31/><W50/><G108/><T99/><D62/><N who="1" m="36111" /><E23/><V46/><F46/><W58/><G128/><T29/><D44/><U64/><E64/><V63/><F32/><W18/><G104/><T89/><D4/><U26/><E26/><V76/><F33/><W0/><G0/><T47/><D47/><N who="1" m="25831" /><E42/><V67/><F67/><W107/><G107/><T2/><D2/><U6/><E6/><V119/><F119/><W111/><G111/><T36/><D36/><U66/><E66/><V105/><F63/><AGARI ba="0,0" hai="55,57,63,90,94,97,101,103" m="25831,36111" machi="63" ten="30,5800,0" yaku="8,1,52,2" doraHai="52" who="1" fromWho="2" sc="199,0,254,58,445,-58,102,0" />
</Scene>
<Scene>
<INIT seed="5,1,0,5,4,54" ten="199,312,387,102" oya="1" hai0="92,81,49,98,86,31,117,93,64,100,70,1,88" hai1="127,18,112,36,21,59,122,34,110,84,123,120,91" hai2="29,16,4,26,22,121,126,124,67,87,47,27,96" hai3="60,32,58,28,115,94,41,111,95,42,2,131,113"/><U52/><E34/><N who="2" m="20791" /><F87/><W40/><G2/><T25/><D1/><U79/><E36/><V10/><F96/><W6/><G6/><T44/><D117/><U82/><E112/><N who="3" m="43082" /><G111/><T114/><D114/><U61/><E127/><N who="2" m="48683" /><F47/><W119/><G131/><T130/><D130/><U133/><E133/><V76/><F67/><N who="3" m="39319" /><G119/><T53/><D64/><U71/><E110/><V97/><F97/><W57/><G28/><T7/><D7/><U125/><E125/><V129/><F76/><W75/><G32/><T101/><D70/><U8/><E71/><V45/><F45/><W83/><G57/><T43/><D43/><N who="3" m="11009" /><W14/><DORA hai="11" /><G14/><T51/><D51/><U55/><E55/><V80/><F80/><W9/><G9/><T23/><REACH who="0" step="1"/><D101/><REACH who="0" ten="189,312,387,102" step="2"/><U77/><REACH who="1" step="1"/><E8/><REACH who="1" ten="189,302,387,102" step="2"/><V105/><F129/><W68/><G68/><T5/><D5/><U56/><E56/><V103/><F10/><W24/><G24/><AGARI ba="1,2" hai="18,21,24,52,59,61,77,79,82,84,91,120,122,123" machi="24" ten="40,18000,2" yaku="1,1,52,1,54,1,53,3" doraHai="54,11" doraHaiUra="85,73" who="1" fromWho="3" sc="189,0,302,203,387,0,102,-183" owari="189,-21.0,505,60.0,387,19.0,-81,-58.0" />
</Scene>
</mjloggm>