<mjloggm ver="2.3"><GO type="169" lobby="0"/><UN n0="%E3%81%B3%E3%82%8A%E3%81%B3%E3%82%8A%E2%98%86%E3%83%93%E3%83%AA%E3%83%BC" n1="%E3%81%82%E3%81%B2%E3%82%8B%E3%81%95%E3%82%93" n2="%E5%A4%AA%E3%81%8F%E3%81%AA%E3%81%84%E3%81%8A" n3="%E3%81%A8%E3%82%8C%E3%82%82%E3%82%8D" dan="18,16,18,17" rate="2244.84,2110.95,2247.65,2208.33" sx="M,M,M,M"/><TAIKYOKU oya="0"/>

<Scene>
<INIT seed="0,0,0,0,4,31" ten="250,250,250,250" oya="0" hai0="36,115,85,37,107,57,4,59,58,43,21,19,7" hai1="12,132,79,46,60,73,44,127,114,28,72,92,53" hai2="5,94,98,67,54,33,134,81,40,75,38,135,121" hai3="70,1,104,23,74,30,90,125,48,80,129,45,13"/><T52/><D115/><U82/><E132/><V102/><F67/><W128/><G1/><T64/><D107/><U89/><E127/><V76/><F54/><W113/><G70/><T83/><D43/><U3/><E3/><V87/><F121/><W116/><G116/><T84/><D64/><U69/><E73/><V11/><F87/><N who="0" m="33354" /><D83/><U61/><E114/><V20/><F20/><W25/><G104/><T93/><D93/><U100/><E100/><V27/><F27/><W112/><G125/><T51/><D37/><U49/><E69/><V133/><F33/><W63/><G63/><T29/><D36/><U124/><E124/><V110/><F110/><W86/><G74/><T35/><D35/><U105/><E105/><V32/><F32/><W91/><G91/><T95/><D95/><U68/><E68/><V47/><REACH who="2" step="1"/><F135/><REACH who="2" ten="250,250,240,250" step="2"/><W109/><G109/><T65/><D65/><U34/><E34/><V96/><F96/><W55/><G113/><T17/><D29/><U9/><E28/><V8/><F8/><W88/><G112/><T41/><D21/><U117/><E9/><V39/><F39/><W78/><G23/><T15/><D41/><U26/><E53/><V42/><F42/><W111/><G55/><T2/><D52/><U106/><E61/><V14/><AGARI ba="0,1" hai="5,11,14,38,40,47,75,76,81,94,98,102,133,134" machi="14" ten="30,4000,0" yaku="1,1,0,1,53,1" doraHai="31" doraHaiUra="99" who="2" fromWho="2" sc="250,-20,250,-10,240,50,250,-10" />
</Scene>
<Scene>
<INIT seed="1,0,0,4,5,84" ten="230,240,290,240" oya="1" hai0="51,54,60,9,48,104,110,88,77,128,70,38,126" hai1="15,120,64,86,91,106,95,133,52,71,78,66,132" hai2="124,99,59,44,94,50,35,103,14,61,32,76,20" hai3="85,47,90,131,81,34,79,42,29,118,45,69,109"/><U134/><E120/><V18/><F124/><W108/><G69/><T114/><D114/><U135/><E106/><V100/><F76/><W121/><G121/><T43/><D104/><U16/><E71/><V0/><F0/><W25/><G131/><T56/><D77/><U117/><E117/><V97/><F50/><W40/><G118/><T33/><D33/><U101/><E101/><V75/><F75/><W107/><G107/><T49/><D126/><U102/><E102/><V116/><F44/><W111/><REACH who="3" step="1"/><G79/><REACH who="3" ten="230,240,290,230" step="2"/><T74/><D70/><U63/><E78/><V105/><REACH who="2" step="1"/><F116/><REACH who="2" ten="230,240,280,230" step="2"/><W24/><G24/><T58/><D128/><U5/><E135/><V13/><F13/><W30/><G30/><T68/><D43/><AGARI ba="0,2" hai="25,29,34,40,42,43,45,47,81,85,90,108,109,111" machi="43" ten="40,5200,0" yaku="1,1,14,1,52,1,53,0" doraHai="84" doraHaiUra="98" who="3" fromWho="0" sc="230,-52,240,0,280,0,230,72" />
</Scene>
<Scene>
<INIT seed="2,0,0,3,0,78" ten="178,240,280,302" oya="2" hai0="23,8,31,27,69,99,36,131,124,39,111,71,84" hai1="7,81,52,63,30,126,48,18,10,116,127,83,113" hai2="115,54,77,62,98,5,133,58,11,82,35,26,19" hai3="29,24,61,9,33,4,100,43,107,125,37,2,64"/><V50/><F115/><W86/><G125/><N who="1" m="47626" /><E116/><V97/><F133/><W95/><G95/><T87/><D124/><U72/><E72/><V44/><F35/><W0/><G86/><T6/><D87/><U34/><E113/><V60/><F26/><W119/><G119/><T40/><D111/><U128/><E128/><V66/><F19/><W129/><G129/><T135/><D131/><U45/><E18/><V25/><F25/><W12/><G43/><T41/><D135/><U17/><E17/><V80/><F62/><W92/><G92/><T114/><D114/><U14/><E30/><V104/><F104/><W76/><G76/><T132/><D132/><U67/><E34/><V122/><F122/><W90/><G90/><T47/><D99/><U1/><E1/><V89/><F89/><W21/><G37/><T108/><D84/><U70/><AGARI ba="0,0" hai="7,10,14,45,48,52,63,67,70,81,83" m="47626" machi="70" ten="30,7900,0" yaku="18,1,52,2,54,1" doraHai="78" who="1" fromWho="1" sc="178,-20,240,79,280,-39,302,-20" />
</Scene>
<Scene>
<INIT seed="3,0,0,0,0,101" ten="158,319,241,282" oya="3" hai0="55,32,92,121,118,106,23,97,127,85,82,53,59" hai1="45,115,84,110,52,114,123,27,130,68,44,10,86" hai2="67,41,15,43,24,72,116,124,108,62,31,6,64" hai3="98,94,11,7,13,57,40,81,76,35,113,26,88"/><W8/><G113/><T135/><D118/><U4/><E68/><V22/><F72/><W129/><G129/><T33/><D121/><U36/><E123/><V1/><F116/><W91/><G40/><T61/><D127/><U107/><E110/><V42/><F108/><W48/><G35/><T77/><D135/><U28/><E130/><V133/><F133/><W102/><G26/><T47/><D23/><U104/><E114/><V60/><F1/><W49/><G11/><T83/><D83/><U17/><E115/><V51/><F51/><W100/><G100/><T18/><D18/><U54/><E17/><V90/><F124/><W78/><G78/><T120/><D120/><U109/><E109/><V70/><F90/><W2/><G2/><T9/><D9/><U16/><E16/><V125/><F125/><W111/><G111/><T46/><D46/><U21/><E45/><V20/><F20/><W117/><G117/><T71/><D71/><U132/><E132/><V66/><F70/><W69/><G69/><T89/><D47/><U30/><E30/><V93/><F93/><W0/><G0/><T19/><D19/><U87/><E36/><V131/><F131/><W99/><G57/><T74/><D55/><U134/><E134/><V63/><F6/><W3/><G3/><T79/><D79/><U14/><REACH who="1" step="1"/><E54/><REACH who="1" ten="158,309,241,282" step="2"/><V119/><F119/><W65/><G8/><T126/><D126/><U96/><E96/><V105/><F15/><W34/><G99/><T122/><D122/><U58/><E58/><V56/><F56/><W12/><G98/><T5/><D5/><RYUUKYOKU ba="0,1" sc="158,10,309,10,241,10,282,-30" hai0="32,33,53,59,61,74,77,82,85,89,92,97,106" hai1="4,10,14,21,27,28,44,52,84,86,87,104,107" hai2="22,24,31,41,42,43,60,62,63,64,66,67,105" />
</Scene>
<Scene>
<INIT seed="4,1,1,1,4,49" ten="168,319,251,252" oya="0" hai0="129,73,52,62,134,12,70,109,3,88,25,28,120" hai1="26,34,69,82,17,27,20,37,65,45,83,135,107" hai2="87,68,126,14,131,90,113,118,15,132,16,48,122" hai3="77,43,105,110,74,85,66,115,117,80,5,91,119"/><T41/><D120/><U47/><E107/><V114/><F122/><W125/><G66/><T33/><D3/><U2/><E2/><V53/><F68/><W94/><G43/><T78/><D41/><U75/><E135/><V102/><F102/><W106/><G5/><T130/><D134/><U56/><E69/><V40/><F40/><W24/><G24/><T51/><D12/><U50/><E37/><V71/><F71/><W112/><G110/><T61/><D109/><U86/><E75/><V6/><F132/><W7/><G7/><T22/><D33/><U101/><E101/><V104/><F104/><N who="3" m="40043" /><G125/><T57/><D70/><U76/><E83/><N who="2" m="49535" /><F126/><W38/><G38/><T60/><REACH who="0" step="1"/><D88/><REACH who="0" ten="158,319,251,252" step="2"/><U63/><E34/><V124/><F124/><W30/><G91/><T8/><D8/><U44/><E27/><V89/><F89/><W1/><G1/><T123/><D123/><U98/><E98/><V67/><F14/><W31/><G80/><AGARI ba="1,2" hai="22,25,28,51,52,57,60,61,62,73,78,80,129,130" machi="80" ten="40,7700,0" yaku="1,1,52,1,54,1,53,0" doraHai="49" doraHaiUra="99" who="0" fromWho="3" sc="158,100,319,0,251,0,252,-80" />
</Scene>
<Scene>
<INIT seed="4,2,0,4,3,116" ten="258,319,251,172" oya="0" hai0="11,23,123,71,50,39,133,107,94,79,127,68,92" hai1="130,8,99,60,125,28,54,80,102,91,47,46,67" hai2="20,72,69,37,73,112,120,104,26,25,53,74,42" hai3="66,93,88,1,17,86,34,64,110,122,119,6,9"/><T84/><D39/><U63/><E130/><V32/><F104/><W117/><G110/><T101/><D107/><U103/><E28/><N who="2" m="19471" /><F53/><W7/><G34/><T3/><D23/><U83/><E54/><V24/><F20/><W58/><G6/><T18/><D50/><U13/><E125/><V43/><F43/><W62/><G122/><T82/><D123/><U33/><E33/><V21/><F21/><W105/><G105/><T14/><D3/><U90/><E13/><V12/><F12/><W51/><G66/><T87/><D127/><U29/><E29/><V109/><F26/><W55/><REACH who="3" step="1"/><G17/><REACH who="3" ten="258,319,251,162" step="2"/><T131/><D18/><U78/><E67/><V108/><F120/><W77/><G77/><T106/><D79/><U41/><E78/><V85/><F108/><W128/><G128/><T0/><D106/><U96/><E8/><V35/><F109/><W27/><G27/><T10/><D11/><U45/><E41/><V129/><F129/><W15/><G15/><T38/><D14/><U44/><E103/><V76/><F24/><W36/><G36/><T126/><D101/><U132/><E102/><V95/><F35/><W52/><G52/><T118/><D10/><U121/><E121/><V75/><F42/><W5/><G5/><T2/><D131/><U115/><E91/><V65/><F72/><W111/><G111/><T98/><D38/><U56/><E90/><V48/><F37/><W100/><G100/><T22/><D126/><U70/><N who="1" m="11776" /><DORA hai="135" /><U113/><E113/><V31/><F112/><W124/><G124/><T57/><D0/><U59/><E115/><RYUUKYOKU ba="2,1" sc="258,-10,319,-10,251,-10,162,30" hai3="1,7,9,51,55,58,62,64,86,88,93,117,119" />
</Scene>
<Scene>
<INIT seed="5,3,1,2,5,76" ten="248,309,241,192" oya="1" hai0="73,62,99,31,133,132,91,134,58,78,125,23,71" hai1="45,49,46,56,115,8,105,93,32,68,116,4,95" hai2="84,43,123,3,106,16,34,109,50,72,21,59,117" hai3="30,12,65,33,75,80,1,9,103,7,0,89,13"/><U57/><E116/><V87/><F34/><W14/><G103/><T114/><D71/><U97/><E68/><V113/><F109/><W126/><G65/><T37/><D37/><U26/><E105/><V107/><F72/><W6/><G75/><T82/><D114/><U135/><E135/><V63/><F3/><N who="3" m="1099" /><G80/><T111/><D111/><U2/><E115/><V130/><F113/><W40/><G89/><T51/><D125/><U101/><E46/><V79/><F117/><W127/><G40/><T10/><D10/><U96/><E32/><V67/><F123/><W27/><G9/><T124/><D124/><AGARI ba="3,1" hai="6,7,12,13,14,27,30,33,124,126,127" m="1099" machi="124" ten="40,5200,0" yaku="18,1,34,2" doraHai="76" who="3" fromWho="0" sc="248,-61,309,0,241,0,192,71" />
</Scene>
<Scene>
<INIT seed="6,0,0,4,5,47" ten="187,309,241,263" oya="2" hai0="133,65,60,13,123,62,24,41,106,21,58,135,112" hai1="94,100,32,132,10,64,53,0,95,40,4,46,18" hai2="131,98,16,51,84,114,79,122,70,14,75,104,6" hai3="37,88,11,77,15,66,85,99,42,80,22,35,76"/><V71/><F122/><W128/><G35/><T117/><D123/><U127/><E32/><V82/><F6/><W113/><G128/><T69/><D106/><U105/><E132/><N who="0" m="50761" /><D112/><U48/><E127/><V124/><F114/><W30/><G66/><N who="0" m="39191" /><D13/><U5/><E64/><V12/><F12/><W115/><G99/><T9/><D9/><U130/><E130/><V126/><F75/><W38/><G22/><T57/><D21/><U72/><E72/><V86/><F86/><W119/><G30/><T26/><D26/><U111/><E111/><V74/><F74/><W25/><G25/><T2/><D2/><U107/><E5/><V7/><F7/><W103/><G103/><T129/><D24/><U28/><E28/><V87/><F131/><W55/><G77/><T63/><D129/><U31/><E31/><V52/><F87/><W96/><G96/><T134/><N who="0" m="50769" /><T90/><DORA hai="116" /><D90/><U3/><E3/><V108/><F98/><W36/><G76/><T67/><D41/><U97/><E18/><V54/><F104/><W8/><G42/><T33/><D33/><U91/><E40/><V109/><F16/><N who="3" m="8295" /><G11/><T101/><D101/><U59/><E107/><V50/><F14/><W1/><G1/><T56/><D117/><U19/><E19/><V110/><F126/><W49/><G119/><T121/><D121/><U29/><E29/><V73/><F124/><W125/><G125/><T120/><D120/><U68/><E105/><V34/><F34/><W89/><G89/><T20/><D20/><U78/><E91/><V81/><F109/><W118/><G118/><RYUUKYOKU ba="0,0" sc="187,15,309,-15,241,-15,263,15" hai0="56,57,62,63,65,67,69" hai3="36,37,38,49,55,80,85,88,113,115" />
</Scene>
<Scene>
<INIT seed="7,1,0,5,0,113" ten="202,294,226,278" oya="3" hai0="42,91,74,15,123,99,31,32,88,7,94,69,128" hai1="80,4,117,18,87,11,44,92,82,105,76,53,114" hai2="109,33,1,24,5,90,46,119,129,97,65,30,130" hai3="19,127,104,134,39,110,115,120,17,125,93,2,108"/><W10/><G104/><T29/><D123/><U56/><E105/><V54/><F109/><N who="3" m="42091" /><G39/><T16/><D74/><U27/><E114/><V124/><F65/><W50/><G120/><T21/><D69/><U8/><E117/><V47/><F124/><N who="3" m="47691" /><G115/><T26/><D128/><U52/><E92/><V28/><F28/><W77/><G77/><T78/><D78/><U89/><E44/><V12/><F47/><W40/><G134/><T14/><D42/><U0/><E76/><V41/><F12/><W62/><G62/><T48/><D48/><U133/><E133/><V83/><F54/><W71/><G71/><T98/><D31/><U72/><E53/><V66/><F66/><W57/><G93/><T84/><REACH who="0" step="1"/><D91/><REACH who="0" ten="192,294,226,278" step="2"/><U13/><E72/><V38/><F130/><W63/><G40/><T70/><D70/><U86/><E89/><V67/><F129/><W36/><G50/><T85/><D85/><U51/><E87/><V122/><F122/><W96/><G36/><T64/><D64/><U43/><E43/><V126/><F126/><W118/><G96/><T60/><D60/><U45/><E86/><N who="2" m="50527" /><F67/><W49/><G49/><T131/><D131/><U34/><E45/><V121/><F121/><W112/><G112/><T25/><D25/><U9/><E27/><V58/><F97/><W6/><G118/><T79/><D79/><U102/><E51/><V23/><F119/><W59/><G63/><T95/><D95/><U20/><E80/><V103/><F41/><W111/><G111/><T3/><D3/><U132/><E82/><V100/><F38/><W35/><G35/><RYUUKYOKU ba="1,1" sc="192,15,294,-15,226,-15,278,15" hai0="7,14,15,16,21,26,29,32,84,88,94,98,99" hai3="2,6,10,17,19,57,59" />
</Scene>
<Scene>
<INIT seed="7,2,1,1,1,6" ten="207,279,211,293" oya="3" hai0="54,109,22,16,119,71,116,19,70,121,115,123,52" hai1="64,110,28,88,48,57,101,80,38,51,13,102,39" hai2="91,49,69,111,7,79,8,50,23,113,82,43,60" hai3="86,107,98,42,134,93,62,33,9,12,2,94,21"/><W85/><G33/><T132/><D22/><U135/><E110/><V4/><F111/><W65/><G107/><T105/><D105/><U125/><E28/><V0/><F113/><W25/><G2/><T63/><D109/><U46/><E135/><V32/><F32/><W29/><G42/><T120/><D63/><N who="1" m="37999" /><E39/><V56/><F69/><N who="0" m="26122" /><D132/><U78/><E125/><V66/><F4/><N who="3" m="3111" /><G134/><T75/><D75/><U122/><E38/><V26/><F91/><N who="3" m="55615" /><G94/><T27/><D27/><U1/><E1/><V45/><F26/><W18/><G18/><N who="0" m="6699" /><D115/><U99/><E122/><V74/><F23/><W17/><G17/><T59/><D59/><AGARI ba="2,1" hai="21,25,29,59,62,65,85,86" m="55615,3111" machi="59" ten="30,2900,0" yaku="8,1,52,1" doraHai="6" who="3" fromWho="0" sc="207,-35,279,0,211,0,293,45" owari="172,-33.0,279,8.0,211,-19.0,338,44.0" />
</Scene>
</mjloggm>