<mjloggm ver="2.3"><GO type="169" lobby="0"/><UN n0="%41%6D%41" n1="%E5%A4%AA%E3%81%8F%E3%81%AA%E3%81%84%E3%81%8A" n2="%79%61%6D%69" n3="%E6%A8%82%E6%9C%B1%E5%BD%8C%E7%A5%9E" dan="16,17,18,16" rate="2135.67,2151.97,2221.95,2168.44" sx="M,M,M,F"/><TAIKYOKU oya="0"/>

<Scene>
<INIT seed="0,0,0,2,0,118" ten="250,250,250,250" oya="0" hai0="103,84,67,50,109,88,85,56,110,134,115,121,91" hai1="59,12,92,35,80,114,47,26,105,53,22,87,113" hai2="24,78,90,74,120,28,124,70,40,37,49,116,77" hai3="104,13,57,132,133,107,2,39,128,117,54,83,36"/><T7/><D115/><N who="1" m="44043" /><E105/><V68/><F49/><W52/><G2/><T19/><D134/><N who="3" m="51817" /><G117/><T10/><D103/><U129/><E129/><V95/><F90/><N who="0" m="34346" /><D19/><N who="1" m="10599" /><E92/><V29/><F95/><W38/><G128/><T108/><D121/><U93/><E93/><V71/><F124/><W125/><G125/><T20/><D20/><U44/><E26/><V8/><F8/><W130/><G130/><T51/><D67/><U126/><E35/><V31/><F116/><W97/><G97/><T16/><D16/><U98/><E98/><V5/><F24/><W21/><G83/><T96/><D96/><U112/><E126/><V73/><F5/><W81/><G81/><T131/><D131/><U61/><N who="1" m="44051" /><U135/><DORA hai="43" /><E135/><V0/><F0/><W42/><G42/><T46/><D56/><U1/><E1/><V111/><F111/><W119/><G119/><T14/><D51/><U66/><E66/><V94/><F94/><W89/><G89/><AGARI ba="0,0" hai="44,47,53,59,61,80,87,89" m="10599,44051" machi="89" ten="40,5200,0" yaku="11,1,52,2" doraHai="118,43" who="1" fromWho="3" sc="250,0,250,52,250,0,250,-52" />
</Scene>
<Scene>
<INIT seed="1,0,0,3,2,34" ten="250,302,250,198" oya="1" hai0="77,96,45,91,4,98,0,62,87,9,12,16,85" hai1="24,129,68,93,23,109,119,11,50,38,124,40,102" hai2="105,112,76,59,90,116,92,13,3,69,25,63,72" hai3="113,30,14,28,125,26,86,48,60,19,127,81,94"/><U132/><E119/><V66/><F105/><W128/><G113/><T51/><D62/><U21/><E68/><V10/><F116/><W101/><G128/><T108/><D108/><U41/><E38/><V99/><F112/><W84/><G60/><T97/><D77/><U74/><E74/><V22/><F76/><W6/><G6/><T43/><REACH who="0" step="1"/><D91/><REACH who="0" ten="240,302,250,198" step="2"/><U111/><E111/><V120/><F90/><W70/><G101/><T57/><D57/><U115/><E109/><V71/><F59/><W88/><G70/><T67/><D67/><U27/><E115/><V82/><F66/><W131/><G131/><T103/><D103/><U46/><E129/><V47/><F71/><W95/><G81/><T31/><D31/><U49/><E102/><V80/><F63/><W37/><G30/><T2/><D2/><U135/><E135/><V8/><F3/><W121/><G28/><T35/><D35/><U32/><E32/><V104/><F69/><W42/><G88/><T7/><D7/><U107/><E132/><V100/><F100/><W114/><G114/><T1/><D1/><U89/><E89/><V29/><F104/><W65/><G65/><T5/><D5/><U61/><E107/><V55/><F29/><W44/><G19/><T123/><D123/><U122/><E122/><V17/><F120/><W18/><G18/><T58/><D58/><U130/><E130/><V36/><F17/><W79/><G79/><T39/><D39/><U64/><E64/><V83/><F36/><W117/><G121/><T73/><D73/><U53/><E61/><V75/><F72/><RYUUKYOKU ba="0,1" sc="240,30,302,-10,250,-10,198,-10" hai0="0,4,9,12,16,43,45,51,85,87,96,97,98" />
</Scene>
<Scene>
<INIT seed="2,1,1,1,1,80" ten="270,292,240,188" oya="2" hai0="22,59,63,83,29,45,39,87,130,118,4,115,92" hai1="98,57,18,77,8,49,125,67,37,78,82,56,21" hai2="53,35,86,69,133,96,9,110,94,36,64,62,113" hai3="40,17,50,51,90,65,100,14,112,26,104,44,74"/><V85/><F113/><W70/><G74/><T135/><D115/><U19/><E37/><V54/><F35/><W15/><G70/><T43/><D135/><U111/><E111/><V0/><F36/><W121/><G65/><T30/><D130/><U84/><E125/><V7/><F133/><W33/><G121/><T129/><D129/><U32/><E32/><V23/><F110/><W1/><G1/><T28/><D4/><U120/><E120/><V123/><F123/><W2/><G2/><T10/><D10/><U119/><E119/><V131/><F131/><W124/><G124/><T122/><D92/><U97/><E77/><V68/><F68/><W79/><G79/><T31/><D122/><U46/><E8/><V105/><F105/><W102/><G104/><T12/><D118/><U41/><E18/><V91/><REACH who="2" step="1"/><F23/><REACH who="2" ten="270,292,230,188" step="2"/><N who="3" m="13679" /><G33/><T127/><D127/><U116/><E116/><V38/><F38/><W134/><G134/><T11/><D22/><U52/><E67/><V73/><F73/><W93/><G112/><T55/><D39/><U24/><E41/><V106/><F106/><W72/><G72/><T88/><D43/><U89/><E78/><V5/><F5/><W103/><G51/><T114/><D114/><U3/><E3/><V128/><F128/><W126/><G126/><T16/><N who="0" m="7680" /><DORA hai="61" /><T34/><D34/><U42/><E42/><V101/><F101/><W47/><G40/><T58/><D63/><U60/><E60/><V107/><F107/><W48/><G48/><AGARI ba="1,2" hai="11,12,16,45,48,55,58,59,83,87,88" m="7680" machi="48" ten="50,12000,2" yaku="25,2,8,1,52,1,54,2" doraHai="80,61" who="0" fromWho="3" sc="270,143,292,0,230,0,188,-123" />
</Scene>
<Scene>
<INIT seed="3,0,0,0,3,112" ten="413,292,230,65" oya="3" hai0="30,68,51,103,4,107,128,3,119,129,52,93,70" hai1="16,57,90,56,98,78,17,27,61,6,23,101,8" hai2="102,41,91,69,99,121,13,115,109,81,43,42,24" hai3="26,126,2,64,97,62,132,7,96,113,47,77,59"/><W135/><G113/><T124/><D107/><U134/><E134/><N who="3" m="51242" /><G126/><T50/><D124/><U32/><E32/><V0/><F0/><W73/><G26/><T127/><D127/><U29/><E78/><V54/><F115/><W40/><G77/><T63/><D30/><U14/><E90/><V38/><F121/><W118/><G118/><T105/><D105/><U39/><E39/><V15/><F38/><N who="3" m="21911" /><G73/><T37/><D37/><U84/><E84/><V72/><F69/><W83/><G83/><T49/><D119/><U21/><E21/><V60/><F24/><W131/><G131/><N who="0" m="50251" /><D4/><U92/><E56/><V34/><F34/><W89/><G89/><T117/><D3/><U74/><E74/><V31/><F31/><W46/><G46/><N who="0" m="27703" /><D117/><U110/><E110/><V87/><F109/><W48/><G48/><N who="0" m="18475" /><D63/><U116/><E116/><V114/><F114/><W85/><G85/><T130/><D130/><U58/><E58/><N who="2" m="34903" /><F72/><W35/><G35/><T20/><D20/><U11/><E11/><AGARI ba="0,0" hai="2,7,11,59,62,64,96,97" m="21911,51242" machi="11" ten="30,1500,0" yaku="20,1" doraHai="112" who="3" fromWho="1" sc="413,0,292,-15,230,0,65,15" />
</Scene>
<Scene>
<INIT seed="3,1,0,3,5,26" ten="413,277,230,80" oya="3" hai0="87,6,96,17,29,85,124,20,65,130,121,111,14" hai1="80,81,25,47,56,122,106,126,5,11,19,113,68" hai2="100,58,39,123,30,132,86,88,75,51,84,42,21" hai3="62,52,64,54,4,71,67,3,66,40,12,134,89"/><W105/><G105/><T57/><D121/><U74/><E68/><V2/><F75/><W73/><G73/><T32/><D111/><U16/><E122/><V83/><F2/><W119/><G3/><T117/><D117/><U118/><E113/><V93/><F123/><W104/><G104/><T59/><D130/><U76/><E106/><V60/><F132/><W107/><G107/><T70/><D124/><U92/><E126/><V41/><F39/><W108/><G119/><T24/><D96/><U31/><E118/><V78/><F51/><W109/><G89/><T34/><D34/><U23/><E81/><V90/><F100/><W69/><G12/><T18/><D6/><U50/><E56/><V127/><F78/><W1/><G4/><T91/><D87/><U10/><E92/><V53/><REACH who="2" step="1"/><F127/><REACH who="2" ten="413,277,220,80" step="2"/><W133/><G1/><T102/><D102/><U115/><E115/><V116/><F116/><W129/><G129/><T8/><D91/><U101/><E101/><V135/><F135/><N who="3" m="51723" /><G40/><T120/><D120/><U82/><E82/><V44/><F44/><W36/><G36/><T114/><D114/><U7/><E7/><V49/><F49/><W45/><G45/><T125/><D125/><U13/><REACH who="1" step="1"/><E11/><REACH who="1" ten="413,267,220,80" step="2"/><V37/><F37/><W131/><G131/><T79/><D8/><U15/><E15/><V103/><F103/><W61/><G67/><T55/><D65/><U97/><E97/><V28/><F28/><W46/><G46/><T98/><D29/><U48/><E48/><V0/><F0/><W33/><G33/><T43/><D32/><U95/><E95/><RYUUKYOKU ba="1,2" sc="413,-30,267,10,220,10,80,10" hai1="5,10,13,16,19,23,25,31,47,50,74,76,80" hai2="21,30,41,42,53,58,60,83,84,86,88,90,93" hai3="52,54,61,62,64,66,69,71,108,109" />
</Scene>
<Scene>
<INIT seed="3,2,2,2,4,57" ten="383,277,230,90" oya="3" hai0="124,3,48,97,118,10,128,7,37,46,108,82,32" hai1="66,43,81,88,50,62,17,111,64,92,132,30,94" hai2="106,16,100,83,40,39,60,86,51,33,121,71,34" hai3="11,77,123,79,115,44,104,87,18,110,23,59,25"/><W73/><G123/><T14/><D118/><U90/><E111/><V63/><F71/><W107/><G115/><T103/><D32/><U78/><E132/><V4/><F39/><W120/><G110/><T76/><D108/><U56/><E30/><V2/><F2/><W89/><G120/><T131/><D124/><U15/><E66/><V24/><F106/><W93/><G73/><N who="0" m="43279" /><D14/><U133/><E133/><V85/><F34/><W5/><G107/><N who="0" m="63983" /><D48/><U96/><E43/><AGARI ba="2,2" hai="3,7,10,37,43,46,128,131" m="63983,43279" machi="43" ten="30,2000,0" yaku="25,1,23,1" doraHai="57" who="0" fromWho="1" sc="383,46,277,-26,230,0,90,0" />
</Scene>
<Scene>
<INIT seed="4,0,0,0,0,25" ten="429,251,230,90" oya="0" hai0="63,49,123,24,42,71,121,105,127,131,45,12,64" hai1="11,69,75,100,122,87,23,104,51,50,84,86,6" hai2="83,108,117,33,72,9,95,13,116,22,29,76,93" hai3="101,38,41,27,74,94,99,47,7,92,107,34,15"/><T16/><D105/><U54/><E122/><V52/><F33/><W81/><G74/><T8/><D131/><U133/><E75/><V62/><F108/><W26/><G81/><T21/><REACH who="0" step="1"/><D127/><REACH who="0" ten="419,251,230,90" step="2"/><U112/><E104/><V130/><F130/><W1/><G107/><T85/><D85/><U55/><E86/><V66/><F116/><W80/><G99/><T44/><D44/><U126/><E84/><V43/><F117/><W109/><G47/><T115/><D115/><U102/><E126/><V3/><F72/><W129/><G129/><T2/><D2/><U14/><E112/><V113/><F113/><W97/><G97/><T46/><D46/><U39/><E87/><V128/><F128/><W132/><G1/><T30/><AGARI ba="0,1" hai="8,12,16,21,24,30,42,45,49,63,64,71,121,123" machi="30" ten="20,12000,1" yaku="1,1,0,1,7,1,52,1,54,1,53,0" doraHai="25" doraHaiUra="53" who="0" fromWho="0" sc="419,130,251,-40,230,-40,90,-40" />
</Scene>
<Scene>
<INIT seed="4,1,0,3,4,121" ten="549,211,190,50" oya="0" hai0="11,53,112,93,78,115,103,63,95,123,122,24,109" hai1="98,102,19,38,126,81,135,46,61,80,125,107,41" hai2="91,0,119,65,25,49,27,42,4,48,118,84,124" hai3="131,62,10,23,51,104,36,21,50,90,85,31,86"/><T96/><D11/><U69/><E135/><V129/><F129/><W133/><G104/><T35/><D78/><U13/><E61/><V55/><F65/><W75/><G75/><T8/><D8/><N who="1" m="6567" /><E69/><V134/><F42/><W116/><G36/><T9/><D9/><U30/><E30/><V89/><F134/><W83/><G116/><N who="2" m="44585" /><F124/><AGARI ba="1,0" hai="38,41,46,80,81,98,102,107,124,125,126" m="6567" machi="124" ten="30,1000,0" yaku="18,1" doraHai="121" who="1" fromWho="2" sc="549,0,211,13,190,-13,50,0" />
</Scene>
<Scene>
<INIT seed="5,0,0,3,1,107" ten="549,224,177,50" oya="1" hai0="52,39,44,10,48,87,72,33,3,62,109,14,111" hai1="42,121,119,46,43,32,4,112,66,25,85,122,12" hai2="7,80,134,51,27,65,86,89,132,9,24,20,53" hai3="49,83,93,91,124,5,17,120,36,38,29,69,30"/><U116/><E85/><V21/><F65/><W77/><G69/><T31/><D3/><U130/><E12/><V1/><F21/><W127/><G120/><N who="1" m="46186" /><E4/><V78/><F89/><W19/><G49/><T126/><D72/><U129/><E25/><V98/><F98/><W81/><G5/><T54/><D39/><N who="3" m="14889" /><G91/><T94/><D126/><N who="3" m="48169" /><G93/><T88/><D31/><N who="3" m="11785" /><G77/><T15/><D33/><U115/><E32/><V6/><F6/><W100/><G100/><T11/><D15/><U99/><E99/><V108/><F108/><W118/><G118/><N who="1" m="45098" /><E66/><V96/><F7/><W64/><G64/><T63/><D11/><U84/><E84/><V67/><F67/><W103/><G103/><T101/><D101/><U59/><E59/><V56/><F56/><W2/><G2/><T128/><D14/><U131/><E46/><V60/><F78/><W82/><AGARI ba="0,0" hai="17,19,81,82,83" m="11785,48169,14889" machi="82" ten="40,5200,0" yaku="28,2,18,1" doraHai="107" who="3" fromWho="3" sc="549,-13,224,-26,177,-13,50,52" />
</Scene>
<Scene>
<INIT seed="6,0,0,5,1,45" ten="536,198,164,102" oya="2" hai0="101,51,23,91,85,46,59,107,75,1,80,93,97" hai1="21,47,34,55,4,104,49,90,120,125,99,87,8" hai2="28,100,71,61,74,41,44,96,32,68,54,69,42" hai3="110,18,86,92,56,3,43,129,50,48,27,134,76"/><V19/><F74/><W113/><G3/><T17/><D1/><U84/><E34/><V66/><F19/><W63/><G110/><T116/><D59/><U26/><E125/><V39/><F42/><W115/><G129/><T89/><D116/><U33/><E33/><V29/><F54/><N who="3" m="34199" /><G43/><N who="0" m="25055" /><D107/><U81/><E120/><V60/><F60/><W132/><G27/><N who="0" m="14831" /><D75/><U7/><E104/><N who="2" m="63495" /><F29/><W67/><G18/><T16/><D16/><N who="1" m="12583" /><E99/><V24/><AGARI ba="0,0" hai="24,28,32,39,41,44,61,66,68,69,71" m="63495" machi="24" ten="30,6000,0" yaku="25,1,33,2" doraHai="45" who="2" fromWho="2" sc="536,-20,198,-20,164,60,102,-20" />
</Scene>
<Scene>
<INIT seed="6,1,0,1,0,89" ten="516,178,224,82" oya="2" hai0="106,34,19,29,10,84,114,123,83,49,45,79,132" hai1="129,101,53,117,128,36,94,50,67,16,30,31,116" hai2="130,134,69,72,25,122,103,133,48,44,120,58,124" hai3="22,66,110,91,40,27,73,18,5,85,61,13,82"/><V118/><F72/><W115/><G73/><T78/><D123/><U119/><E36/><V15/><F25/><W57/><G115/><T97/><D114/><U63/><E16/><V56/><F103/><W20/><G110/><T126/><D126/><U86/><E86/><V98/><F98/><W107/><G107/><T59/><D59/><N who="2" m="22570" /><F15/><W21/><G5/><T80/><D29/><U102/><E30/><V121/><F118/><W99/><G40/><T104/><D34/><U12/><E12/><V64/><F124/><W131/><G131/><N who="1" m="50250" /><E31/><V24/><F24/><W28/><REACH who="3" step="1"/><G99/><REACH who="3" ten="516,178,224,72" step="2"/><T96/><D104/><U60/><E117/><V71/><F130/><W90/><G90/><T62/><D106/><U33/><E102/><V109/><F109/><W92/><G92/><T125/><D97/><U105/><E105/><V75/><F75/><W100/><G100/><T3/><D96/><U39/><E94/><V7/><F7/><W65/><G65/><T14/><D125/><U46/><E101/><V41/><F64/><W38/><G38/><T51/><D79/><U68/><E119/><V87/><F87/><W32/><AGARI ba="1,1" hai="13,18,20,21,22,27,28,32,57,61,66,82,85,91" machi="32" ten="20,5200,0" yaku="1,1,0,1,7,1,53,1" doraHai="89" doraHaiUra="11" who="3" fromWho="3" sc="516,-14,178,-14,224,-27,72,65" />
</Scene>
<Scene>
<INIT seed="7,0,0,2,1,14" ten="502,164,197,137" oya="3" hai0="24,74,48,4,82,2,101,18,13,70,123,37,98" hai1="11,58,104,42,43,131,132,126,41,124,80,128,85" hai2="20,105,34,121,72,127,119,100,51,9,112,23,113" hai3="89,96,106,120,47,95,133,44,3,52,38,28,30"/><W88/><G120/><T67/><D37/><U29/><E104/><V99/><F119/><W78/><G133/><T55/><D24/><U134/><E29/><N who="3" m="11370" /><G106/><T57/><D4/><U109/><E109/><V45/><F121/><W69/><G69/><T83/><D2/><U108/><E108/><V22/><F127/><N who="1" m="48681" /><E11/><V31/><F72/><W71/><G71/><T97/><D123/><U115/><E58/><V5/><F31/><W84/><G38/><T62/><D74/><U92/><E92/><V36/><F34/><W35/><G35/><T102/><D98/><U114/><E114/><N who="2" m="44139" /><F36/><W107/><G107/><T103/><D97/><U73/><E73/><V27/><F27/><W53/><G78/><T19/><D19/><U93/><E93/><V61/><F61/><W49/><G3/><T17/><D17/><U33/><E33/><V66/><F66/><W60/><G60/><T64/><D64/><U77/><E115/><V8/><F5/><W32/><G32/><T76/><D76/><U6/><E6/><V117/><F117/><W12/><G12/><T94/><D94/><U26/><E26/><V75/><F75/><W116/><G116/><T135/><D135/><AGARI ba="0,0" hai="41,42,43,77,80,85,128,131,132,134,135" m="48681" machi="135" ten="40,8000,1" yaku="30,2,20,1,18,1" doraHai="14" who="1" fromWho="0" sc="502,-80,164,80,197,0,137,0" owari="422,52.0,244,4.0,197,-20.0,137,-36.0" />
</Scene>
</mjloggm>