<mjloggm ver="2.3"><GO type="169" lobby="0"/><UN n0="%6D%6F%74%69%37%32%2E%2E" n1="%E5%A4%AA%E3%81%8F%E3%81%AA%E3%81%84%E3%81%8A" n2="%E3%82%B7%E3%83%A3%E3%83%B3%E3%83%86%E3%83%B3%E5%9C%B0%E7%8D%84%E2%98%86" n3="%E9%AB%98%E7%94%BA%E3%83%B4%E3%82%A3%E3%83%B4%E3%82%A3%E3%82%AA%E2%98%86" dan="16,17,16,16" rate="2095.48,2137.55,2042.37,2151.93" sx="M,M,M,F"/><TAIKYOKU oya="0"/>

<Scene>
<INIT seed="0,0,0,0,4,81" ten="250,250,250,250" oya="0" hai0="73,64,6,103,9,106,56,16,25,117,128,62,20" hai1="104,99,8,76,116,127,11,107,46,108,78,96,4" hai2="50,5,24,82,35,21,74,126,112,22,0,41,47" hai3="125,111,58,94,79,34,48,97,77,134,132,105,61"/><T59/><D117/><U93/><E116/><V72/><F112/><W49/><G34/><T38/><D128/><U131/><E131/><V95/><F126/><W84/><G105/><T86/><D73/><U87/><E127/><V13/><F0/><W83/><G79/><T100/><D38/><U118/><E118/><V68/><F68/><W37/><G37/><T36/><D36/><U32/><E32/><V124/><F124/><W115/><G115/><T51/><D106/><U2/><E108/><V85/><F35/><W71/><G71/><T57/><D86/><U102/><E46/><V114/><F95/><W122/><G122/><T101/><REACH who="0" step="1"/><D51/><REACH who="0" ten="240,250,250,250" step="2"/><U123/><E123/><V113/><F113/><W109/><G125/><T53/><D53/><U121/><E121/><V52/><F114/><W120/><G120/><T12/><AGARI ba="0,1" hai="6,9,12,16,20,25,56,57,59,62,64,100,101,103" machi="12" ten="30,11700,0" yaku="1,1,0,1,8,1,54,1,53,0" doraHai="81" doraHaiUra="42" who="0" fromWho="0" sc="240,127,250,-39,250,-39,250,-39" />
</Scene>
<Scene>
<INIT seed="0,1,0,5,2,69" ten="367,211,211,211" oya="0" hai0="80,100,66,43,32,34,49,108,114,73,101,35,95" hai1="42,21,134,22,24,58,29,81,103,20,28,16,115" hai2="3,135,92,56,26,19,96,105,133,113,84,87,102" hai3="97,119,15,122,54,30,125,120,2,36,8,1,39"/><T94/><D114/><U18/><E115/><V38/><F3/><N who="3" m="1035" /><G119/><T79/><D108/><U12/><E134/><N who="2" m="51211" /><F113/><W90/><G30/><T85/><D66/><U55/><E42/><V123/><F123/><N who="3" m="47147" /><G125/><T23/><D23/><U104/><E81/><V91/><F56/><W78/><G78/><T61/><D61/><U51/><REACH who="1" step="1"/><E22/><REACH who="1" ten="367,201,211,211" step="2"/><N who="2" m="13663" /><F38/><N who="3" m="14379" /><G54/><T65/><D43/><U106/><E106/><V126/><F126/><W130/><G130/><T62/><D35/><U86/><E86/><AGARI ba="1,1" hai="84,86,87,91,92,96,102,105" m="13663,51211" machi="86" ten="30,1000,0" yaku="20,1" doraHai="69" who="2" fromWho="1" sc="367,0,201,-13,211,23,211,0" />
</Scene>
<Scene>
<INIT seed="1,0,0,1,2,106" ten="367,188,234,211" oya="1" hai0="79,108,92,53,14,98,75,122,81,35,59,13,77" hai1="24,112,64,10,68,121,65,71,19,87,20,29,101" hai2="46,82,93,31,111,86,117,5,17,27,115,135,62" hai3="28,41,60,73,32,132,131,43,100,128,26,118,22"/><U67/><E112/><V113/><F117/><W3/><G3/><T61/><D108/><U99/><E121/><V30/><F111/><W40/><G118/><T16/><D35/><U123/><E123/><V36/><F5/><W47/><G132/><T114/><D122/><U91/><E10/><V45/><F135/><W119/><G119/><T85/><D114/><N who="2" m="43530" /><F93/><W84/><G84/><T57/><D79/><U110/><E110/><V130/><F130/><N who="3" m="49707" /><G100/><T76/><D76/><U38/><E38/><V55/><F17/><W125/><G125/><T37/><D37/><U89/><E19/><V109/><F36/><W134/><G134/><T120/><D120/><U0/><E0/><V133/><F31/><W63/><G47/><T48/><D75/><U129/><E129/><V51/><F62/><N who="3" m="23595" /><G73/><T9/><D14/><U44/><E44/><N who="2" m="28135" /><F109/><W78/><G78/><T6/><D6/><U90/><REACH who="1" step="1"/><E87/><REACH who="1" ten="367,178,234,211" step="2"/><V58/><F133/><W72/><G72/><T66/><D85/><U11/><E11/><V124/><F45/><W94/><G43/><T126/><D126/><U2/><E2/><V8/><F46/><W12/><G41/><T39/><D39/><U70/><E70/><V95/><F124/><W18/><G40/><T97/><D9/><U103/><E103/><V23/><F8/><W104/><G104/><AGARI ba="0,1" hai="20,24,29,64,65,67,68,71,89,90,91,99,101,104" machi="104" ten="40,3900,0" yaku="1,1,53,1" doraHai="106" doraHaiUra="25" who="1" fromWho="3" sc="367,0,178,49,234,0,211,-39" />
</Scene>
<Scene>
<INIT seed="1,1,0,1,1,91" ten="367,227,234,172" oya="1" hai0="55,86,66,30,95,101,44,50,47,33,127,120,2" hai1="106,94,14,5,0,122,112,83,1,103,71,35,10" hai2="32,57,105,76,124,87,135,22,115,61,130,49,79" hai3="56,13,58,26,88,7,27,110,60,107,129,40,132"/><U89/><E112/><V81/><F32/><W113/><G107/><T111/><D2/><U72/><E122/><V12/><F115/><W42/><G113/><T116/><D116/><U73/><E71/><V131/><F105/><W133/><G110/><T34/><D111/><U69/><E69/><V85/><F124/><W4/><G129/><N who="2" m="49161" /><F135/><W51/><G51/><T18/><D66/><U25/><E103/><V9/><F22/><W15/><REACH who="3" step="1"/><G88/><REACH who="3" ten="367,227,234,162" step="2"/><T28/><D50/><U96/><E106/><V19/><F49/><W78/><G78/><N who="2" m="29737" /><F81/><W121/><G121/><T125/><D125/><U23/><E83/><V48/><F48/><W92/><G92/><T123/><D95/><U114/><E114/><V117/><F117/><W90/><G90/><T98/><D127/><U43/><E43/><V36/><F36/><W119/><G119/><T3/><D120/><U39/><E39/><V84/><F84/><W8/><G8/><T59/><D86/><U77/><E77/><V17/><F87/><W75/><G75/><T62/><D123/><U6/><E73/><V102/><F85/><W37/><G37/><T126/><D126/><U67/><E72/><V118/><F118/><W29/><G29/><T38/><D30/><N who="1" m="19919" /><E89/><V31/><F31/><W109/><G109/><T24/><D28/><U21/><E94/><V41/><F102/><W134/><G134/><T74/><D74/><U52/><E10/><V80/><F80/><W128/><G128/><T93/><D38/><U20/><E96/><V108/><F108/><W64/><G64/><T11/><D98/><U99/><E67/><RYUUKYOKU ba="1,1" sc="367,-10,227,-10,234,-10,162,30" hai3="4,7,13,15,26,27,40,42,56,58,60,132,133" />
</Scene>
<Scene>
<INIT seed="2,2,1,4,5,28" ten="357,217,224,192" oya="2" hai0="25,67,52,115,24,51,80,19,109,82,78,31,108" hai1="112,27,103,39,73,129,106,56,116,102,7,46,101" hai2="79,62,128,49,13,9,4,29,121,37,21,48,135" hai3="35,125,16,15,45,89,58,12,5,124,71,88,40"/><V50/><F121/><W119/><G71/><T110/><D115/><U83/><E112/><V94/><F37/><N who="3" m="21647" /><G119/><T75/><D67/><U81/><E116/><V76/><F135/><W100/><G100/><T57/><D19/><U127/><E127/><N who="3" m="48714" /><G35/><N who="0" m="20967" /><D82/><U123/><E129/><V64/><F128/><W105/><G105/><T104/><D25/><U14/><E123/><V98/><F21/><N who="3" m="11399" /><G58/><T23/><D23/><U18/><E106/><AGARI ba="2,1" hai="51,52,57,75,78,80,104,106,108,109,110" m="20967" machi="106" ten="30,3900,0" yaku="14,1,52,1,54,1" doraHai="28" who="0" fromWho="1" sc="357,55,217,-45,224,0,192,0" />
</Scene>
<Scene>
<INIT seed="3,0,0,4,3,92" ten="412,172,224,192" oya="3" hai0="91,116,97,2,50,63,80,59,33,98,47,119,36" hai1="14,74,23,95,99,78,29,35,102,70,82,86,105" hai2="42,51,15,26,68,48,19,28,69,103,89,25,76" hai3="30,31,18,79,27,3,41,32,87,127,66,124,24"/><W114/><G41/><T1/><D36/><U108/><E108/><V40/><F76/><W122/><G66/><T6/><D33/><U101/><E70/><V64/><F103/><W81/><G122/><T13/><D13/><U12/><E35/><V8/><F69/><W52/><G114/><T55/><D80/><U118/><E118/><V10/><F68/><W115/><G115/><T117/><D91/><N who="1" m="53751" /><E101/><V53/><F64/><W61/><G18/><T88/><D88/><U73/><E73/><V5/><F89/><W93/><G3/><T44/><D44/><U11/><E11/><V17/><F28/><W123/><G93/><T67/><REACH who="0" step="1"/><D6/><REACH who="0" ten="402,172,224,192" step="2"/><U43/><E43/><V60/><F15/><W106/><G32/><T62/><D62/><U113/><E113/><V4/><F60/><W135/><G61/><T54/><D54/><AGARI ba="0,1" hai="4,5,8,10,17,19,25,26,40,42,48,51,53,54" machi="54" ten="25,3200,0" yaku="22,2,8,1" doraHai="92" who="2" fromWho="0" sc="402,-32,172,0,224,42,192,0" />
</Scene>
<Scene>
<INIT seed="4,0,0,1,5,99" ten="370,172,266,192" oya="0" hai0="70,54,59,75,18,21,30,15,55,135,104,71,1" hai1="44,105,39,108,69,4,76,133,42,72,128,17,47" hai2="43,101,98,117,48,16,52,29,116,45,77,90,92" hai3="60,115,121,81,57,127,65,12,62,7,66,103,28"/><T95/><D104/><U49/><E108/><V25/><F77/><W82/><G115/><T2/><D75/><U86/><E69/><V50/><F90/><W111/><G111/><T8/><D55/><U122/><E122/><V134/><F134/><W85/><G127/><T120/><D120/><U74/><E105/><V97/><F97/><W88/><G121/><T118/><D118/><U3/><E133/><V10/><F10/><N who="3" m="4191" /><G28/><T126/><D135/><U114/><E128/><V58/><REACH who="2" step="1"/><F16/><REACH who="2" ten="370,172,256,192" step="2"/><W6/><G6/><T31/><D126/><U131/><E17/><V89/><F89/><W123/><G123/><T94/><D8/><U107/><E76/><V96/><F96/><W125/><G125/><T37/><D18/><U130/><E4/><V91/><F91/><W35/><G82/><T27/><D27/><U67/><E131/><V32/><AGARI ba="0,1" hai="25,29,32,43,45,48,50,52,58,92,98,101,116,117" machi="32" ten="30,8000,1" yaku="1,1,0,1,52,1,54,1,53,1" doraHai="99" doraHaiUra="93" who="2" fromWho="2" sc="370,-40,172,-20,256,90,192,-20" />
</Scene>
<Scene>
<INIT seed="5,0,0,1,0,49" ten="330,152,346,172" oya="1" hai0="79,75,57,87,120,134,11,55,109,77,132,106,116" hai1="56,123,19,121,45,131,101,29,25,70,51,113,80" hai2="96,114,46,6,1,26,40,69,22,24,30,54,7" hai3="16,112,39,85,78,107,21,135,52,2,100,68,72"/><U111/><E70/><V95/><F69/><W58/><G68/><T92/><D109/><U10/><E111/><V94/><F114/><W43/><G72/><T82/><D106/><U41/><E113/><V103/><F1/><W110/><G2/><T31/><D116/><U44/><E131/><V118/><F54/><W64/><G110/><T61/><D120/><U34/><E101/><V60/><F60/><W28/><G28/><T17/><D31/><U3/><E56/><V8/><F8/><W48/><G64/><T59/><D59/><U38/><E80/><V98/><F26/><W126/><G112/><T81/><REACH who="0" step="1"/><D92/><REACH who="0" ten="320,152,346,172" step="2"/><U76/><E76/><V20/><F118/><W84/><G78/><T73/><D73/><U35/><E35/><V5/><F30/><W9/><G107/><T63/><D63/><U102/><E123/><V88/><REACH who="2" step="1"/><F24/><REACH who="2" ten="320,152,336,172" step="2"/><W67/><G58/><T119/><D119/><U4/><E121/><V105/><F105/><W33/><G33/><T66/><D66/><U42/><E29/><V127/><F127/><W53/><G67/><T65/><D65/><U37/><E34/><V86/><F86/><W18/><G85/><T108/><D108/><U130/><E25/><V91/><F91/><W0/><G84/><T90/><D90/><U125/><E125/><V115/><F115/><W117/><G126/><T74/><D74/><U104/><E104/><V15/><F15/><AGARI ba="0,2" hai="11,15,17,55,57,61,75,77,79,81,82,87,132,134" machi="15" ten="40,2600,0" yaku="1,1,52,1,53,0" doraHai="49" doraHaiUra="133" who="0" fromWho="2" sc="320,46,152,0,336,-26,172,0" />
</Scene>
<Scene>
<INIT seed="6,0,0,3,0,8" ten="366,152,310,172" oya="2" hai0="112,48,2,98,11,120,62,57,60,55,38,126,46" hai1="45,87,115,65,134,5,32,51,12,82,110,77,99" hai2="119,37,113,132,30,66,7,0,52,123,125,86,26" hai3="96,39,108,105,135,73,88,64,84,85,69,121,17"/><V49/><F123/><W103/><G73/><T53/><D120/><U3/><E110/><V23/><F119/><W4/><G39/><T59/><D112/><U27/><E115/><V41/><F113/><W116/><G108/><T93/><D38/><U95/><E134/><V127/><F132/><W128/><G116/><T67/><D126/><N who="2" m="48138" /><F66/><W102/><G121/><T91/><D2/><U15/><E65/><V118/><F118/><W97/><G4/><T111/><D111/><U58/><E58/><V81/><F41/><W114/><G114/><T19/><D19/><U63/><E63/><V100/><F100/><W16/><G128/><T129/><D129/><U101/><E3/><V28/><F37/><W78/><G78/><T89/><D11/><U6/><E32/><V1/><F7/><N who="1" m="2569" /><E27/><V130/><F30/><W92/><G135/><T122/><D122/><U14/><E14/><V83/><F130/><W71/><G64/><T74/><D74/><U106/><E106/><V13/><F13/><W54/><G54/><AGARI ba="0,0" hai="12,15,45,51,54,77,82,87,95,99,101" m="2569" machi="54" ten="30,3900,0" yaku="8,1,52,2" doraHai="8" who="1" fromWho="3" sc="366,0,152,39,310,0,172,-39" />
</Scene>
<Scene>
<INIT seed="7,0,0,3,5,27" ten="366,191,310,133" oya="3" hai0="2,109,132,35,57,110,47,14,42,111,89,126,64" hai1="70,78,22,79,0,85,121,53,76,32,51,1,83" hai2="98,118,93,77,63,101,15,106,26,71,117,28,95" hai3="17,18,87,40,108,102,21,72,127,86,90,88,105"/><W6/><G72/><T99/><D2/><U92/><E32/><V94/><F77/><W91/><G127/><T62/><D35/><U37/><E37/><V7/><F7/><W31/><G108/><T19/><D132/><U97/><E70/><V60/><F15/><W119/><G119/><T58/><D126/><U120/><E0/><V134/><F134/><W8/><G40/><T130/><D130/><U56/><E1/><V49/><F49/><W96/><G18/><T43/><D58/><U41/><E41/><V50/><F50/><W133/><G133/><T20/><D47/><U45/><E45/><V23/><REACH who="2" step="1"/><F71/><REACH who="2" ten="366,191,300,133" step="2"/><W66/><G66/><T61/><REACH who="0" step="1"/><D62/><AGARI ba="0,1" hai="23,26,28,60,62,63,93,94,95,98,101,106,117,118" machi="62" ten="40,5200,0" yaku="1,1,2,1,52,1,53,0" doraHai="27" doraHaiUra="5" who="2" fromWho="0" sc="366,-52,191,0,300,62,133,0" owari="314,11.0,191,-21.0,362,47.0,133,-37.0" />
</Scene>
</mjloggm>