<mjloggm ver="2.3"><GO type="169" lobby="0"/><UN n0="%E3%81%8A%E3%81%98%E3%81%95%E3%82%93" n1="%E5%A4%AA%E3%81%8F%E3%81%AA%E3%81%84%E3%81%8A" n2="%E3%81%AF%E3%82%80" n3="%E5%82%B7%E3%81%AF%E6%B5%85%E3%81%84%E3%81%86%E3%81%A1%E3%81%AB" dan="16,17,17,16" rate="2115.52,2187.18,2104.53,2018.64" sx="M,M,M,M"/><TAIKYOKU oya="0"/>

<Scene>
<INIT seed="0,0,0,2,5,115" ten="250,250,250,250" oya="0" hai0="27,131,19,93,4,123,10,96,78,57,125,41,104" hai1="92,56,110,48,111,20,91,122,37,17,60,3,128" hai2="0,84,9,14,77,114,100,134,25,85,7,67,70" hai3="107,109,33,49,74,59,127,45,13,30,61,63,55"/><T43/><D123/><U44/><E122/><V38/><F114/><W8/><G74/><T90/><D125/><U72/><E3/><V130/><F38/><W73/><G73/><T94/><D131/><U95/><E37/><V31/><F130/><W117/><G107/><T124/><D78/><U86/><E72/><V89/><F134/><W81/><G109/><T66/><D104/><U21/><E128/><V28/><F100/><W52/><G127/><T116/><D124/><U133/><E133/><V36/><F36/><W42/><G33/><T82/><D116/><U54/><E92/><V75/><F75/><W26/><G117/><T64/><D82/><U105/><E105/><V121/><F121/><W35/><G81/><T62/><D66/><U23/><REACH who="1" step="1"/><E17/><REACH who="1" ten="250,240,250,250" step="2"/><V108/><F108/><W113/><G113/><T65/><D94/><U15/><E15/><V71/><F14/><W103/><G103/><T22/><REACH who="0" step="1"/><D65/><AGARI ba="0,1" hai="20,21,23,44,48,54,56,60,65,86,91,95,110,111" machi="65" ten="40,1300,0" yaku="1,1,53,0" doraHai="115" doraHaiUra="101" who="1" fromWho="0" sc="250,-13,240,23,250,0,250,0" />
</Scene>
<Scene>
<INIT seed="1,0,0,2,5,56" ten="237,263,250,250" oya="1" hai0="58,26,24,109,27,131,70,69,112,134,3,41,115" hai1="68,31,46,61,66,32,77,7,107,74,81,49,0" hai2="119,37,34,22,133,42,59,5,88,18,122,23,12" hai3="54,123,17,45,97,87,51,101,10,105,55,124,110"/><U132/><E132/><V80/><F34/><W121/><G110/><T79/><D134/><U128/><E128/><V6/><F133/><W82/><G124/><T72/><D3/><U39/><E107/><V89/><F122/><W64/><G55/><T120/><D131/><U118/><E118/><V44/><F119/><W114/><G114/><T53/><D109/><U57/><E57/><V11/><F6/><W104/><G104/><T35/><D35/><U102/><E102/><V95/><F59/><W20/><G64/><T113/><D120/><U60/><E60/><V21/><F80/><W86/><G86/><T76/><D41/><N who="1" m="22847" /><E49/><V29/><F29/><W103/><G103/><T38/><D38/><U14/><E14/><V127/><F127/><W73/><G73/><T125/><D125/><U108/><E108/><V4/><REACH who="2" step="1"/><F89/><REACH who="2" ten="237,263,240,250" step="2"/><N who="3" m="51447" /><G123/><T94/><D115/><U13/><E31/><V40/><F40/><W62/><G121/><T67/><D113/><U96/><E32/><V126/><F126/><W19/><G19/><T52/><D112/><U15/><E96/><AGARI ba="0,1" hai="4,5,11,12,18,21,22,23,37,42,44,88,95,96" machi="96" ten="40,2600,0" yaku="1,1,54,1,53,0" doraHai="56" doraHaiUra="47" who="2" fromWho="1" sc="237,0,263,-26,240,36,250,0" />
</Scene>
<Scene>
<INIT seed="2,0,0,5,5,0" ten="237,237,276,250" oya="2" hai0="130,106,36,70,42,20,108,96,72,65,79,32,55" hai1="129,64,83,43,109,126,90,46,5,14,1,98,95" hai2="9,59,122,135,28,86,116,82,91,57,84,121,113" hai3="12,66,62,89,73,56,74,97,18,92,26,24,77"/><V47/><F116/><W6/><G77/><T23/><D55/><U21/><E109/><V50/><F113/><W68/><G68/><T37/><D96/><U69/><E129/><V93/><F135/><W22/><REACH who="3" step="1"/><G26/><REACH who="3" ten="237,237,276,240" step="2"/><T85/><D70/><U51/><E126/><V8/><F121/><W54/><G54/><T33/><D79/><U38/><E69/><V118/><F122/><W30/><G30/><T45/><D130/><U102/><E64/><V87/><F118/><W48/><G48/><T25/><D65/><U80/><E38/><V4/><F28/><W60/><G60/><T107/><D37/><U120/><E120/><V128/><F128/><W58/><G58/><T13/><D36/><U76/><E76/><V2/><F59/><W99/><G99/><T114/><D114/><U7/><E51/><V17/><F57/><W16/><G16/><T112/><D25/><U34/><E98/><V19/><F19/><W105/><G105/><T81/><D112/><U104/><E104/><V127/><F127/><W41/><G41/><T100/><D42/><U52/><E43/><V35/><F17/><W10/><AGARI ba="0,1" hai="6,10,12,18,22,24,56,62,66,73,74,89,92,97" machi="10" ten="30,4000,0" yaku="1,1,0,1,52,1,53,0" doraHai="0" doraHaiUra="40" who="3" fromWho="3" sc="237,-10,237,-10,276,-20,240,50" />
</Scene>
<Scene>
<INIT seed="3,0,0,1,2,9" ten="227,227,256,290" oya="3" hai0="6,24,2,60,108,65,89,93,31,100,110,71,130" hai1="78,16,43,7,107,61,116,82,25,106,33,20,113" hai2="48,95,15,75,29,125,103,22,124,109,96,0,117" hai3="83,119,28,58,5,63,120,8,40,53,54,34,87"/><W18/><G119/><T26/><D130/><U51/><E113/><V127/><F0/><W115/><G115/><T128/><D128/><U111/><E116/><V131/><F75/><W86/><G120/><T121/><D121/><U77/><E111/><N who="0" m="42537" /><D100/><U74/><E78/><V4/><F109/><W129/><G129/><T122/><D122/><U52/><E7/><V57/><F117/><W134/><G134/><T3/><D6/><U30/><E61/><V10/><F131/><W133/><G133/><T126/><D126/><U50/><E43/><V62/><F48/><W14/><G40/><T23/><D26/><U69/><E69/><V12/><F29/><W72/><G54/><T59/><D71/><U80/><E80/><V41/><F41/><W92/><G92/><T88/><D89/><U99/><E99/><AGARI ba="0,0" hai="2,3,23,24,31,59,60,65,88,93,99" m="42537" machi="99" ten="30,2000,0" yaku="14,1,54,1" doraHai="9" who="0" fromWho="1" sc="227,20,227,-20,256,0,290,0" />
</Scene>
<Scene>
<INIT seed="4,0,0,1,0,16" ten="247,207,256,290" oya="0" hai0="19,7,104,47,112,57,28,23,84,125,38,20,88" hai1="65,69,95,115,108,6,86,29,93,91,74,32,11" hai2="58,37,126,134,120,76,31,26,129,34,128,70,0" hai3="123,59,30,124,41,44,15,63,83,100,54,27,72"/><T107/><D112/><U51/><E108/><V18/><F76/><W105/><G124/><T121/><D121/><U103/><E74/><V25/><F58/><W99/><G123/><T102/><D125/><U39/><E39/><V73/><F126/><W36/><G15/><T49/><D7/><U110/><E110/><V61/><F73/><W45/><G45/><T64/><D102/><U71/><E115/><V122/><F37/><W82/><REACH who="3" step="1"/><G72/><REACH who="3" ten="247,207,256,280" step="2"/><T89/><D47/><U8/><E6/><V9/><F122/><W119/><G119/><T43/><D28/><U81/><E29/><V2/><F120/><W5/><G5/><T79/><D19/><U46/><E46/><V75/><F75/><W135/><G135/><T10/><D38/><U132/><E132/><V48/><F134/><W52/><G52/><T50/><D43/><U109/><E109/><V97/><F18/><W1/><G1/><T13/><D13/><U116/><E116/><V21/><F2/><W24/><G24/><T111/><D111/><U62/><E8/><V42/><F9/><W60/><G60/><T4/><D10/><U80/><E11/><V90/><F0/><W17/><G17/><T35/><D4/><U94/><E62/><V12/><F61/><W66/><G66/><T40/><D64/><U130/><E65/><V106/><F31/><W113/><G113/><T114/><D40/><U22/><E51/><V85/><F48/><W78/><G78/><T131/><D50/><U92/><E103/><V87/><F42/><W55/><G55/><N who="0" m="31983" /><D114/><U33/><N who="1" m="24064" /><DORA hai="127" /><U77/><E77/><RYUUKYOKU ba="0,1" sc="247,-10,207,-10,256,-10,280,30" hai3="27,30,36,41,44,54,59,63,82,83,99,100,105" />
</Scene>
<Scene>
<INIT seed="5,1,1,3,2,57" ten="237,197,246,310" oya="1" hai0="115,7,85,107,37,3,104,2,128,36,83,134,101" hai1="78,54,40,132,81,92,77,82,17,52,67,19,129" hai2="118,112,27,116,97,65,55,13,42,124,60,53,87" hai3="6,93,11,56,76,121,9,133,89,125,25,22,90"/><U41/><E67/><V95/><F124/><W1/><G121/><T47/><D115/><U20/><E92/><V117/><F112/><W131/><G131/><T63/><D128/><U8/><E129/><V14/><F42/><W113/><G113/><T114/><D114/><U79/><E132/><V12/><F87/><W108/><G108/><T109/><D109/><U49/><E8/><V119/><N who="2" m="29696" /><DORA hai="111" /><V71/><REACH who="2" step="1"/><F27/><REACH who="2" ten="237,197,236,310" step="2"/><W130/><G25/><T59/><D85/><U34/><E34/><V84/><F84/><W28/><G125/><T45/><D134/><U99/><E99/><V98/><F98/><W0/><G133/><T106/><D37/><U68/><E78/><V120/><F120/><W105/><G76/><T100/><D36/><U102/><E77/><V110/><F110/><W15/><G130/><T33/><D33/><U46/><E79/><V44/><F44/><W38/><G38/><T30/><D47/><U16/><E41/><V69/><F69/><W62/><G0/><T72/><D45/><U96/><E68/><V23/><F23/><W26/><G22/><T135/><D2/><U10/><E20/><V35/><F35/><W64/><G26/><T103/><D135/><U80/><REACH who="1" step="1"/><E10/><REACH who="1" ten="237,187,236,310" step="2"/><V94/><F94/><W43/><G93/><T74/><D107/><U58/><E58/><V32/><F32/><W18/><G105/><T29/><D106/><U50/><E50/><V126/><F126/><W5/><G43/><T21/><D104/><U86/><E86/><V127/><F127/><W48/><G48/><T24/><D21/><U39/><E39/><RYUUKYOKU ba="1,3" sc="237,-15,187,15,236,15,310,-15" hai1="16,17,19,40,46,49,52,54,80,81,82,96,102" hai2="12,13,14,53,55,60,65,71,95,97" />
</Scene>
<Scene>
<INIT seed="5,2,3,3,2,134" ten="222,202,251,295" oya="1" hai0="20,70,7,107,35,66,112,24,126,30,18,61,98" hai1="53,102,60,32,10,22,37,23,84,103,46,72,39" hai2="9,26,93,121,81,57,129,3,67,52,75,16,94" hai3="117,29,82,78,123,56,92,124,97,14,41,88,118"/><U87/><E32/><V69/><F121/><W17/><G124/><T64/><D64/><U130/><E72/><V36/><F36/><W5/><G123/><T105/><D112/><U63/><E10/><V73/><F129/><W96/><G29/><T19/><D7/><U47/><REACH who="1" step="1"/><E53/><REACH who="1" ten="222,192,251,295" step="2"/><V110/><F52/><W109/><G109/><T25/><D126/><U114/><E114/><V95/><F110/><W119/><G119/><T68/><D68/><U113/><E113/><V11/><F9/><W115/><G115/><T51/><D35/><U44/><E44/><V28/><F11/><N who="3" m="6367" /><G56/><T122/><D70/><U91/><E91/><V79/><F57/><W6/><G118/><T0/><D122/><U59/><E59/><V85/><F73/><W33/><G33/><T65/><D20/><U31/><E31/><V83/><F28/><W34/><G34/><T125/><D30/><U100/><E100/><V89/><F69/><W127/><G117/><T8/><D125/><U48/><E48/><V77/><F89/><W71/><G127/><T133/><D8/><U1/><E1/><V55/><F3/><W86/><G71/><T21/><D0/><U74/><E74/><V15/><F55/><W49/><G5/><T58/><D51/><U131/><AGARI ba="2,4" hai="22,23,37,39,46,47,60,63,84,87,102,103,130,131" machi="131" ten="25,18000,2" yaku="1,1,0,1,22,2,53,2" doraHai="134" doraHaiUra="42" who="1" fromWho="1" sc="222,-62,192,226,251,-62,295,-62" />
</Scene>
<Scene>
<INIT seed="5,3,0,3,1,91" ten="160,418,189,233" oya="1" hai0="133,79,83,17,54,46,130,23,98,15,127,92,12" hai1="82,74,55,8,103,71,114,80,4,39,70,24,42" hai2="107,6,108,134,88,52,22,9,69,30,29,81,27" hai3="135,106,56,122,123,131,66,48,62,67,73,76,132"/><U25/><E103/><V0/><F69/><W97/><G76/><T112/><D112/><U84/><E55/><V75/><F107/><W94/><G73/><T34/><D34/><U124/><E124/><V21/><F108/><W18/><G106/><T64/><D127/><U111/><E114/><V28/><F134/><N who="3" m="51243" /><G48/><N who="0" m="28951" /><D133/><U117/><E117/><V99/><F75/><W129/><G18/><T59/><D130/><N who="3" m="49673" /><G67/><T20/><D83/><U44/><E80/><V104/><F104/><W26/><G26/><N who="0" m="14607" /><D79/><U51/><E82/><V32/><F32/><W109/><G109/><T49/><D23/><U120/><E111/><V96/><F22/><W35/><G35/><T45/><D64/><U58/><E74/><V95/><F81/><W16/><G16/><T53/><D45/><U11/><E44/><V101/><F29/><W31/><G31/><T2/><D2/><U41/><E24/><V118/><F30/><W113/><G113/><T100/><AGARI ba="3,0" hai="12,15,49,53,59,92,98,100" m="14607,28951" machi="100" ten="30,2000,0" yaku="8,1,52,1" doraHai="91" who="0" fromWho="0" sc="160,29,418,-13,189,-8,233,-8" />
</Scene>
<Scene>
<INIT seed="6,0,0,0,1,39" ten="189,405,181,225" oya="2" hai0="101,0,17,103,82,77,57,96,83,16,92,26,94" hai1="104,2,53,49,99,22,60,80,71,98,87,43,47" hai2="14,108,86,112,18,106,59,84,113,70,109,20,19" hai3="118,29,130,102,115,33,131,31,100,127,85,97,50"/><V13/><F70/><W75/><G75/><T4/><D0/><U125/><E2/><V90/><F106/><N who="3" m="63759" /><G118/><T120/><D120/><U5/><E125/><V128/><F59/><W51/><G102/><T37/><D37/><U122/><E122/><V27/><F128/><N who="3" m="49195" /><G115/><N who="2" m="44105" /><F84/><W72/><G72/><T11/><D57/><U10/><E71/><V81/><F19/><W62/><G62/><T1/><D26/><U89/><E60/><V129/><F129/><W135/><G127/><T74/><D83/><U68/><E68/><V110/><AGARI ba="0,0" hai="13,14,18,20,27,81,86,90,108,109,110" m="44105" machi="110" ten="40,3900,0" yaku="10,1,15,1" doraHai="39" who="2" fromWho="2" sc="189,-13,405,-13,181,39,225,-13" />
</Scene>
<Scene>
<INIT seed="6,1,0,4,0,84" ten="176,392,220,212" oya="2" hai0="71,6,29,108,66,23,70,132,111,28,127,57,12" hai1="112,99,56,55,60,82,85,22,1,110,86,98,94" hai2="123,34,91,44,13,39,64,128,118,32,81,30,50" hai3="43,122,16,90,46,97,89,18,35,102,5,117,78"/><V72/><F123/><W31/><G117/><T63/><D127/><U109/><E1/><V37/><F118/><W107/><G122/><T105/><D132/><U52/><E112/><V74/><F128/><W65/><G78/><T135/><D135/><U115/><E115/><V51/><F64/><W36/><G5/><T103/><D71/><U45/><E110/><V101/><F101/><W48/><G65/><T40/><D40/><U119/><E109/><V114/><F114/><W116/><G116/><T100/><D70/><U41/><E55/><V38/><F13/><W15/><G36/><T58/><D105/><U87/><E119/><V49/><F44/><W130/><G130/><T126/><D126/><U17/><E82/><V9/><F9/><W88/><REACH who="3" step="1"/><G15/><REACH who="3" ten="176,392,220,202" step="2"/><T4/><D111/><U26/><REACH who="1" step="1"/><E94/><REACH who="1" ten="176,382,220,202" step="2"/><V14/><F38/><AGARI ba="1,2" hai="17,22,26,38,41,45,52,56,60,85,86,87,98,99" machi="38" ten="40,5200,0" yaku="1,1,2,1,54,1,53,0" doraHai="84" doraHaiUra="121" who="1" fromWho="2" sc="176,0,382,75,220,-55,202,0" />
</Scene>
<Scene>
<INIT seed="7,0,0,0,4,99" ten="176,457,165,202" oya="3" hai0="126,132,41,10,116,45,96,135,14,31,57,15,77" hai1="20,12,9,93,62,86,18,68,53,75,32,104,84" hai2="50,30,134,78,6,28,81,51,27,3,70,67,33" hai3="8,22,103,89,82,111,101,65,63,54,59,114,131"/><W37/><G37/><T23/><D116/><U102/><E32/><V92/><F30/><W17/><G114/><T34/><D126/><U74/><E104/><V24/><F24/><W44/><G8/><T73/><D34/><U85/><E68/><V72/><F134/><N who="0" m="51242" /><D57/><N who="1" m="35119" /><E74/><V76/><F76/><W124/><G131/><T11/><D96/><N who="1" m="59663" /><E75/><V16/><F16/><W110/><G17/><N who="0" m="10687" /><D14/><U21/><AGARI ba="0,0" hai="9,12,18,20,21,84,85,86" m="59663,35119" machi="21" ten="30,2000,0" yaku="8,1,52,1" doraHai="99" who="1" fromWho="1" sc="176,-5,457,20,165,-5,202,-10" owari="171,-23.0,477,58.0,160,-34.0,192,-1.0" />
</Scene>
</mjloggm>