<mjloggm ver="2.3"><GO type="169" lobby="0"/><UN n0="%E3%81%97%E3%82%85%E3%81%86%E3%83%BC%E3%80%82" n1="%E6%A1%9C%E4%BA%95%E3%81%95%E3%82%93" n2="%76%72%6D%6C%37%37%37" n3="%E5%A4%AA%E3%81%8F%E3%81%AA%E3%81%84%E3%81%8A" dan="18,16,16,17" rate="2199.57,2115.49,2179.76,2167.76" sx="M,M,M,F"/><TAIKYOKU oya="0"/>

<Scene>
<INIT seed="0,0,0,1,4,100" ten="250,250,250,250" oya="0" hai0="83,94,54,77,109,86,23,114,30,55,8,51,68" hai1="10,98,36,112,96,85,18,17,13,90,57,45,46" hai2="11,118,44,41,93,101,70,89,52,67,7,71,79" hai3="1,72,95,117,53,91,31,115,24,99,47,2,25"/><T110/><D114/><U15/><E112/><V49/><F118/><W27/><G115/><T37/><D37/><U133/><E133/><V42/><F101/><W14/><G117/><T39/><D39/><U127/><E127/><V121/><F79/><W12/><G72/><T43/><D68/><U62/><E36/><V106/><F106/><W119/><G119/><T61/><D94/><U134/><E134/><V125/><F125/><W132/><G132/><T33/><D33/><U28/><E28/><V92/><F121/><W74/><G74/><T3/><D61/><U48/><E57/><V38/><F92/><W34/><G34/><T81/><D81/><N who="1" m="49455" /><E62/><V9/><F42/><W116/><G116/><T84/><D84/><U102/><E102/><V124/><F124/><W107/><G107/><T135/><D135/><U32/><E32/><V5/><F5/><W26/><G1/><T75/><D75/><U29/><E29/><V0/><F11/><W6/><G2/><T82/><D82/><U65/><E65/><V128/><F67/><W78/><G78/><T21/><D43/><N who="1" m="24639" /><E46/><V69/><F128/><W59/><G47/><N who="0" m="28031" /><D55/><U105/><E105/><V113/><F113/><W129/><G129/><T80/><D80/><U66/><E66/><V130/><F130/><W131/><G131/><T76/><D76/><U88/><E88/><V56/><REACH who="2" step="1"/><F71/><REACH who="2" ten="250,250,240,250" step="2"/><W97/><G91/><T108/><D30/><U73/><E73/><V4/><F4/><AGARI ba="0,1" hai="3,4,8,21,23,77,83,86,108,109,110" m="28031" machi="4" ten="30,2900,0" yaku="14,1,10,1" doraHai="100" who="0" fromWho="2" sc="250,39,250,0,240,-29,250,0" />
</Scene>
<Scene>
<INIT seed="0,1,0,5,5,37" ten="289,250,211,250" oya="0" hai0="51,9,94,55,113,54,41,31,52,25,10,135,15" hai1="78,79,111,131,124,45,108,3,50,38,93,39,59" hai2="130,66,29,114,101,85,80,109,132,89,86,13,60" hai3="117,110,82,16,118,30,64,0,96,43,129,17,84"/><T95/><D135/><U120/><E120/><V22/><F132/><W116/><G0/><T90/><D113/><U69/><E69/><V36/><F114/><W70/><G110/><N who="1" m="42026" /><E3/><V127/><F109/><W133/><G133/><T35/><D90/><U62/><E93/><V91/><F127/><W106/><G129/><T53/><D10/><U71/><E71/><V6/><F36/><N who="1" m="13865" /><E131/><V75/><F75/><W128/><G128/><T34/><D34/><U14/><E14/><V5/><F101/><W8/><G70/><T48/><D48/><U125/><E78/><V68/><F130/><W103/><G8/><T115/><D115/><U104/><E79/><V99/><F99/><W74/><G74/><T56/><REACH who="0" step="1"/><D41/><REACH who="0" ten="279,250,211,250" step="2"/><N who="1" m="24879" /><E104/><V18/><F29/><W112/><G112/><T33/><D33/><U126/><E126/><V83/><AGARI ba="1,1" hai="5,6,13,18,22,60,66,68,80,83,85,86,89,91" machi="83" ten="20,2700,0" yaku="0,1,7,1,9,1" doraHai="37" who="2" fromWho="2" sc="279,-14,250,-8,211,40,250,-8" />
</Scene>
<Scene>
<INIT seed="1,0,0,3,4,7" ten="265,242,251,242" oya="1" hai0="120,80,21,112,33,46,6,135,128,23,31,67,92" hai1="109,14,73,89,82,113,108,58,100,24,2,32,124" hai2="30,91,64,49,53,9,42,99,68,69,106,37,96" hai3="1,62,57,104,59,20,129,132,111,50,60,5,84"/><U51/><E113/><V121/><F121/><W17/><G104/><T130/><D112/><U116/><E116/><V94/><F30/><W26/><G111/><N who="1" m="42570" /><E2/><V27/><F27/><W79/><G132/><T19/><D120/><U105/><E124/><V86/><F96/><W13/><G129/><N who="0" m="49771" /><D135/><U101/><E105/><V88/><F64/><W75/><G75/><T63/><D80/><U98/><E98/><V103/><F37/><W4/><G1/><T54/><D92/><U74/><E74/><V90/><F42/><W25/><G50/><N who="0" m="29015" /><D6/><N who="3" m="2665" /><G79/><T71/><D19/><U81/><E81/><V126/><F126/><W87/><G84/><T66/><D67/><U77/><E89/><V85/><F69/><W35/><G35/><T134/><D134/><U117/><E117/><V41/><F68/><W65/><G87/><T127/><D127/><U122/><E122/><V47/><F106/><W125/><G125/><T95/><D95/><U118/><E118/><V16/><REACH who="2" step="1"/><F41/><REACH who="2" ten="265,242,241,242" step="2"/><W3/><G3/><T18/><D31/><N who="1" m="19559" /><E14/><AGARI ba="0,1" hai="9,14,16,47,49,53,85,86,88,90,91,94,99,103" machi="14" ten="40,8000,1" yaku="1,1,8,1,52,1,54,2,53,0" doraHai="7" doraHaiUra="29" who="2" fromWho="1" sc="265,0,242,-80,241,90,242,0" />
</Scene>
<Scene>
<INIT seed="2,0,0,2,0,96" ten="265,162,331,242" oya="2" hai0="115,75,55,130,30,105,22,94,120,61,3,71,88" hai1="76,118,62,125,58,10,123,7,84,78,20,102,57" hai2="56,25,46,9,8,12,23,83,41,68,126,106,15" hai3="131,69,109,73,72,17,35,101,114,133,110,116,4"/><V36/><F68/><W81/><G35/><T132/><D120/><U65/><E118/><V54/><F106/><W87/><G69/><T63/><D115/><U47/><E123/><V91/><F126/><W39/><G39/><T64/><D75/><N who="3" m="28745" /><G4/><T135/><D3/><U2/><E125/><V19/><F12/><W29/><G29/><T119/><D105/><U43/><E57/><V34/><F34/><W48/><G48/><T80/><D80/><U26/><E84/><V52/><F8/><W53/><G53/><T104/><D104/><U38/><REACH who="1" step="1"/><E102/><REACH who="1" ten="265,152,331,242" step="2"/><V16/><REACH who="2" step="1"/><F56/><REACH who="2" ten="265,152,321,242" step="2"/><W32/><G116/><T59/><D119/><U51/><E51/><V82/><F82/><W85/><G81/><T128/><D128/><U74/><E74/><V49/><F49/><W37/><G131/><T45/><D130/><U67/><E67/><V0/><F0/><W92/><G37/><T93/><D71/><U27/><E27/><V113/><F113/><W108/><G114/><T111/><D64/><U121/><E121/><V98/><F98/><W1/><G1/><T60/><D59/><U90/><E90/><V95/><F95/><W112/><G112/><T11/><D94/><U103/><E103/><V127/><F127/><W122/><G101/><T89/><D93/><U86/><E86/><AGARI ba="0,2" hai="9,15,16,19,23,25,36,41,46,52,54,83,86,91" machi="86" ten="40,12000,1" yaku="1,1,54,2,53,1" doraHai="96" doraHaiUra="79" who="2" fromWho="1" sc="265,0,152,-120,321,140,242,0" />
</Scene>
<Scene>
<INIT seed="2,1,0,5,4,35" ten="265,32,461,242" oya="2" hai0="62,92,19,98,29,0,124,77,117,26,89,90,123" hai1="129,81,24,97,41,128,14,17,110,86,112,101,102" hai2="40,61,84,43,76,133,52,85,47,49,73,134,54" hai3="72,132,135,31,56,114,28,9,53,113,59,131,58"/><V39/><F73/><W122/><G72/><T60/><D123/><U13/><E112/><N who="3" m="43114" /><G122/><T11/><D117/><U79/><E110/><V93/><F76/><W34/><G131/><N who="1" m="50250" /><E41/><N who="2" m="15947" /><F93/><W46/><G9/><T65/><D124/><U37/><E37/><V27/><F27/><N who="3" m="18719" /><G31/><T88/><D77/><U70/><E70/><V25/><F25/><W30/><G30/><T64/><D62/><U74/><E74/><V12/><F12/><N who="1" m="4713" /><E97/><V78/><F78/><W91/><G91/><T22/><D19/><U69/><E69/><V42/><F85/><W116/><G116/><T15/><D15/><U1/><E1/><V94/><F84/><W8/><G8/><T130/><D130/><U63/><E63/><V33/><F94/><W68/><G68/><T57/><REACH who="0" step="1"/><D65/><REACH who="0" ten="255,32,461,242" step="2"/><U107/><E17/><V50/><F61/><W6/><G6/><AGARI ba="1,1" hai="0,6,11,22,26,29,57,60,64,88,89,90,92,98" machi="6" ten="40,8000,1" yaku="1,1,2,1,52,1,54,1,53,0" doraHai="35" doraHaiUra="44" who="0" fromWho="3" sc="255,93,32,0,461,0,242,-83" />
</Scene>
<Scene>
<INIT seed="3,0,0,4,4,132" ten="348,32,461,159" oya="3" hai0="88,75,25,69,107,122,94,59,86,37,123,112,45" hai1="91,89,60,12,76,56,113,92,84,30,15,100,121" hai2="43,97,53,96,63,40,44,99,73,35,104,24,13" hai3="105,39,95,72,127,57,46,1,131,0,6,36,26"/><W68/><G68/><T98/><D69/><U129/><E121/><V42/><F73/><W33/><G105/><T8/><D75/><U77/><E113/><V102/><F13/><N who="1" m="5193" /><E100/><V90/><F90/><W71/><G71/><T108/><D112/><U78/><E129/><V128/><F128/><W32/><G72/><T119/><D119/><U47/><E30/><V62/><F62/><W64/><G131/><T10/><D108/><U38/><E38/><V5/><F5/><W103/><G6/><T116/><D116/><U111/><E47/><V50/><F63/><W51/><G64/><T79/><D59/><U133/><E133/><V67/><F67/><W11/><G57/><T20/><D122/><U135/><E111/><V31/><AGARI ba="0,0" hai="24,31,35,40,42,43,44,50,53,96,97,99,102,104" machi="31" ten="30,1100,0" yaku="0,1" doraHai="132" who="2" fromWho="2" sc="348,-3,32,-3,461,11,159,-5" />
</Scene>
<Scene>
<INIT seed="4,0,0,3,3,7" ten="345,29,472,154" oya="0" hai0="24,119,114,20,99,49,56,23,42,81,129,116,43" hai1="133,31,103,9,124,27,121,102,113,16,101,8,106" hai2="90,41,11,29,105,2,12,65,69,131,17,1,3" hai3="126,51,63,80,89,26,98,117,35,32,104,19,21"/><T73/><D129/><U57/><E121/><V48/><F105/><W54/><G117/><T94/><D114/><U0/><E106/><V6/><F65/><W88/><G126/><T97/><D73/><U123/><E123/><V28/><F69/><W39/><G39/><T107/><D107/><U37/><E37/><V18/><F90/><W118/><G118/><T108/><D81/><U77/><E124/><V4/><F41/><W61/><G32/><T115/><D115/><U134/><E113/><V34/><F48/><W60/><G35/><T46/><D108/><U44/><E44/><V64/><F64/><W47/><REACH who="3" step="1"/><G80/><REACH who="3" ten="345,29,472,144" step="2"/><T13/><D116/><U40/><E134/><V22/><F131/><W112/><G112/><T132/><D119/><U15/><E133/><V55/><F55/><W95/><G95/><T72/><D132/><U79/><E40/><V52/><F52/><W25/><G25/><T59/><D24/><U93/><E93/><V30/><F34/><W135/><G135/><T58/><D94/><U125/><E125/><V38/><F38/><W127/><G127/><T14/><D42/><U78/><E57/><V68/><F68/><W45/><G45/><T82/><D82/><U83/><E83/><V120/><F120/><W128/><G128/><T84/><D72/><U50/><E50/><V74/><F74/><W5/><G5/><T92/><D84/><U85/><E85/><V66/><F66/><W33/><G33/><T36/><D36/><U100/><N who="1" m="25600" /><DORA hai="96" /><U87/><E87/><V111/><F111/><W70/><G70/><T71/><D71/><RYUUKYOKU ba="0,1" sc="345,-15,29,-15,472,15,144,15" hai2="1,2,3,4,6,11,12,17,18,22,28,29,30" hai3="19,21,26,47,51,54,60,61,63,88,89,98,104" />
</Scene>
<Scene>
<INIT seed="5,1,1,4,2,49" ten="330,14,487,159" oya="1" hai0="70,3,10,127,9,42,19,23,76,8,114,35,65" hai1="118,83,40,116,45,117,21,120,77,12,52,125,4" hai2="66,43,44,103,37,96,62,78,107,26,80,50,63" hai3="133,130,121,51,61,131,34,129,22,134,81,109,95"/><U58/><E120/><V33/><F50/><W111/><G34/><T64/><D42/><U29/><E125/><V71/><F62/><W128/><G128/><T5/><D76/><U105/><E105/><V55/><F55/><W92/><G121/><T89/><D127/><U85/><E29/><N who="2" m="19639" /><F80/><W38/><G38/><T106/><D106/><U17/><E4/><V67/><F67/><W124/><G124/><T13/><D114/><U36/><REACH who="1" step="1"/><E118/><REACH who="1" ten="330,4,487,159" step="2"/><V98/><F96/><W108/><G111/><T30/><D5/><U119/><E119/><V54/><F107/><W86/><G109/><T100/><D30/><U97/><E97/><V18/><F98/><W59/><G108/><T2/><D2/><U28/><E28/><V88/><F18/><W7/><G7/><T101/><D3/><U27/><E27/><V72/><F71/><W94/><G131/><T24/><D70/><U48/><AGARI ba="1,2" hai="12,17,21,36,40,45,48,52,58,77,83,85,116,117" machi="48" ten="20,18000,2" yaku="1,1,0,1,7,1,52,1,54,1,53,1" doraHai="49" doraHaiUra="74" who="1" fromWho="1" sc="330,-61,4,203,487,-61,159,-61" />
</Scene>
<Scene>
<INIT seed="5,2,0,4,1,70" ten="269,207,426,98" oya="1" hai0="113,101,50,30,84,96,131,135,63,13,69,68,121" hai1="89,37,111,76,105,119,6,44,74,120,51,133,34" hai2="36,108,16,24,29,12,39,0,32,8,14,2,20" hai3="126,72,25,42,67,59,43,134,57,116,80,55,31"/><U45/><E119/><V83/><F108/><W1/><G1/><T125/><D121/><U128/><E120/><V61/><F61/><W118/><G72/><T78/><D113/><U86/><E34/><V73/><F0/><W21/><G134/><T65/><D135/><U66/><E133/><V17/><REACH who="2" step="1"/><F2/><REACH who="2" ten="269,207,416,98" step="2"/><W129/><G118/><T58/><D63/><U87/><E111/><V99/><F99/><W81/><G116/><T93/><D96/><U75/><E128/><V10/><F10/><W112/><G129/><T104/><D131/><U132/><E132/><V82/><F82/><W40/><G112/><T107/><D69/><U103/><E75/><V7/><F7/><W46/><G126/><T38/><D68/><U85/><E6/><V114/><F114/><W110/><G110/><T3/><D3/><U35/><E74/><V54/><F54/><W48/><REACH who="3" step="1"/><G67/><REACH who="3" ten="269,207,416,88" step="2"/><T97/><D65/><U79/><E66/><V64/><F64/><W23/><G23/><T122/><D122/><U19/><E35/><V53/><F53/><W115/><G115/><T95/><D125/><U4/><E79/><AGARI ba="2,2" hai="8,12,14,16,17,20,24,29,32,36,39,73,79,83" machi="79" ten="40,12000,2" yaku="1,1,52,2,54,1,53,2" doraHai="70" doraHaiUra="11" who="2" fromWho="1" sc="269,0,207,-126,416,146,88,0" />
</Scene>
<Scene>
<INIT seed="6,0,0,0,0,98" ten="269,81,562,88" oya="2" hai0="118,44,72,122,96,16,106,130,92,0,56,63,28" hai1="88,104,126,100,36,29,134,32,107,62,64,48,79" hai2="89,1,34,23,75,38,111,21,124,120,33,2,85" hai3="42,93,60,59,76,61,3,41,52,40,71,66,131"/><V25/><F75/><W95/><G131/><T27/><D122/><U46/><E134/><V129/><F38/><W103/><G3/><N who="2" m="1033" /><F89/><W47/><G76/><T53/><D0/><U125/><E36/><V97/><F85/><W68/><G103/><T13/><D130/><U4/><E4/><V73/><F97/><W128/><G128/><T127/><D127/><N who="1" m="48651" /><E79/><V116/><F73/><W54/><G95/><T24/><D72/><U121/><E121/><V7/><F120/><W45/><G93/><T67/><D106/><U12/><E88/><V113/><F116/><W31/><G31/><T108/><D108/><U115/><E115/><V81/><F81/><W57/><G66/><T69/><D118/><U49/><E100/><V84/><F84/><W135/><G135/><T91/><D28/><U110/><E110/><V74/><F74/><W123/><G123/><T6/><D6/><U5/><E46/><AGARI ba="0,0" hai="40,41,42,45,46,47,52,54,57,59,60,61,68,71" machi="46" ten="40,16000,3" yaku="9,1,35,6,54,1" doraHai="98" who="3" fromWho="1" sc="269,0,81,-160,562,0,88,160" owari="269,7.0,-79,-58.0,562,66.0,248,-15.0" />
</Scene>
</mjloggm>