<mjloggm ver="2.3"><GO type="225" lobby="0"/><UN n0="%70%69%2D%70%6F" n1="%E9%87%8C%E4%B8%AD%E9%9D%99%E6%B5%81" n2="%E5%A4%AA%E3%81%8F%E3%81%AA%E3%81%84%E3%81%8A" n3="%EF%BC%98%EF%BC%99%EF%BC%91%EF%BC%90" dan="16,16,18,16" rate="2160.14,2034.54,2203.30,2101.96" sx="M,F,M,M"/><TAIKYOKU oya="0"/>

<Scene>
<INIT seed="0,0,0,2,3,131" ten="250,250,250,250" oya="0" hai0="20,25,93,32,7,85,127,118,77,112,76,28,36" hai1="42,59,105,126,18,88,75,47,110,12,86,41,27" hai2="92,57,107,1,40,2,3,70,0,111,83,16,115" hai3="69,130,4,51,74,21,43,114,17,34,19,133,46"/><T81/><D112/><U44/><E75/><V78/><F70/><W6/><G34/><T23/><D118/><U129/><E129/><V63/><F107/><W102/><G74/><T56/><D127/><U53/><E105/><V5/><F115/><W64/><G114/><T103/><D36/><U91/><E126/><V109/><F40/><N who="1" m="15465" /><E27/><V134/><F92/><W66/><G130/><T106/><D106/><U62/><E110/><N who="2" m="41995" /><F16/><N who="3" m="6219" /><G133/><T121/><D121/><U97/><E97/><V125/><F125/><W96/><G69/><T99/><D7/><N who="3" m="2601" /><G21/><T117/><D117/><U24/><E24/><V31/><F31/><W52/><G43/><T49/><REACH who="0" step="1"/><D77/><REACH who="0" ten="240,250,250,250" step="2"/><U15/><E15/><V10/><F0/><W30/><G30/><T124/><D124/><U33/><E33/><V128/><F128/><W104/><G104/><T13/><D13/><U26/><E26/><V135/><F1/><W50/><G51/><T73/><D73/><U68/><E68/><V95/><F2/><W116/><G116/><T8/><D8/><N who="1" m="6407" /><E91/><V67/><F3/><W38/><G38/><T113/><D113/><U123/><E123/><V90/><F10/><W11/><G11/><T119/><D119/><U37/><E37/><V79/><F5/><W101/><G50/><T84/><D84/><U55/><E88/><V39/><F39/><W60/><G102/><T22/><D22/><U94/><E86/><V80/><F80/><W35/><BYE who="2" /><G101/><T58/><D58/><N who="1" m="35151" /><E94/><V71/><F71/><W14/><G35/><UN n2="%E5%A4%AA%E3%81%8F%E3%81%AA%E3%81%84%E3%81%8A" /><T122/><D122/><U72/><E72/><N who="2" m="43463" /><F79/><W132/><G14/><T120/><D120/><RYUUKYOKU ba="0,1" sc="240,10,250,10,250,10,250,-30" hai0="20,23,25,28,32,49,56,76,81,85,93,99,103" hai1="44,47,55,59" hai2="57,63,67,90,95,134,135" />
</Scene>
<Scene>
<INIT seed="0,1,1,1,5,109" ten="250,260,260,220" oya="0" hai0="82,89,114,123,7,50,6,108,88,16,128,122,133" hai1="29,41,44,63,19,14,112,105,79,13,4,75,111" hai2="99,98,67,76,131,1,56,97,91,106,2,3,10" hai3="57,86,49,96,46,118,30,35,120,43,77,68,124"/><T55/><D114/><U87/><E112/><V61/><F76/><W42/><G68/><T60/><D122/><U9/><E105/><V135/><F135/><W37/><G118/><T100/><D123/><U71/><E111/><V27/><F131/><W134/><G120/><T38/><D38/><U8/><E75/><V23/><F91/><N who="0" m="34890" /><D108/><U83/><E29/><V48/><F48/><N who="3" m="26711" /><G134/><T72/><D72/><U18/><E63/><V110/><F110/><W92/><G35/><T53/><D133/><U62/><E62/><V94/><F94/><W90/><G37/><T85/><D100/><U115/><E71/><V39/><F39/><W107/><G107/><T58/><D128/><U45/><E115/><V32/><F32/><W81/><G124/><T70/><D16/><U0/><E41/><V117/><F117/><W125/><G125/><T12/><D12/><U31/><E31/><V132/><F132/><W127/><G30/><T64/><D70/><U47/><E0/><V20/><F20/><W102/><G127/><T113/><D113/><U95/><E95/><V40/><F106/><W5/><G5/><AGARI ba="1,1" hai="4,5,8,9,13,14,18,19,44,45,47,79,83,87" machi="5" ten="40,2600,0" yaku="9,1,8,1" doraHai="109" who="1" fromWho="3" sc="250,0,260,39,260,0,220,-29" />
</Scene>
<Scene>
<INIT seed="1,0,0,1,1,30" ten="250,299,260,191" oya="1" hai0="121,41,123,60,51,104,69,101,89,86,82,98,20" hai1="31,65,15,135,76,132,80,99,81,119,61,91,105" hai2="103,133,38,122,74,70,33,11,90,129,17,44,130" hai3="42,68,79,10,7,58,43,32,87,8,116,35,13"/><U118/><E31/><V9/><F70/><W36/><G68/><T78/><D20/><U55/><E55/><V48/><F38/><W14/><G116/><T83/><D41/><U0/><E0/><V111/><F74/><W27/><G42/><T49/><D60/><U16/><E91/><V53/><F122/><N who="0" m="46602" /><D69/><U12/><E61/><V18/><F103/><W25/><G58/><T120/><N who="0" m="46610" /><T93/><DORA hai="71" /><D83/><U97/><E65/><V109/><F133/><W94/><G25/><T6/><D6/><U47/><E76/><V126/><F11/><W88/><G27/><T40/><D40/><U54/><E54/><V131/><F9/><W100/><G100/><T19/><D19/><N who="2" m="7178" /><F90/><W21/><G21/><T95/><D104/><U63/><E16/><V29/><F126/><W56/><G56/><T75/><AGARI ba="0,0" hai="49,51,75,78,82,86,89,93,95,98,101" m="46610" machi="75" ten="40,1500,0" yaku="13,1" doraHai="30,71" who="0" fromWho="0" sc="250,15,299,-7,260,-4,191,-4" />
</Scene>
<Scene>
<INIT seed="2,0,0,3,1,2" ten="265,292,256,187" oya="2" hai0="22,55,41,62,108,71,61,81,1,66,64,18,47" hai1="25,69,50,67,43,78,80,98,68,99,58,33,96" hai2="124,12,7,82,103,93,36,53,73,76,119,113,70" hai3="79,129,0,28,88,85,10,31,4,52,97,121,6"/><V15/><F113/><W87/><G121/><T65/><D108/><U104/><E104/><V37/><F119/><W16/><G129/><T107/><D107/><U45/><E58/><V89/><F70/><W84/><G79/><T115/><D1/><U46/><E67/><V123/><F123/><W118/><G118/><T74/><D115/><U130/><E130/><V26/><F103/><W131/><G131/><T44/><D74/><U9/><E9/><V126/><F26/><W100/><G100/><T77/><D55/><U117/><E117/><V106/><F53/><W42/><G42/><T17/><D47/><U102/><E102/><V91/><F106/><W132/><G132/><T24/><D18/><U109/><E109/><V49/><F49/><W32/><G32/><T40/><D71/><U54/><E25/><V116/><F116/><W30/><G52/><T59/><D59/><U48/><REACH who="1" step="1"/><E33/><REACH who="1" ten="265,282,256,187" step="2"/><V111/><F111/><W125/><G125/><T13/><D24/><U95/><E95/><V75/><F93/><N who="3" m="56487" /><G0/><T135/><D65/><U92/><E92/><V5/><F76/><W60/><G60/><T29/><D64/><U122/><E122/><V35/><F35/><W63/><G63/><T83/><D62/><U23/><E23/><V11/><F11/><W128/><G128/><T19/><D61/><U39/><E39/><V51/><F51/><W105/><G105/><T38/><D38/><U8/><E8/><V3/><F3/><W72/><G72/><AGARI ba="0,1" hai="43,45,46,48,50,54,68,69,72,78,80,96,98,99" machi="72" ten="40,1300,0" yaku="1,1,53,0" doraHai="2" doraHaiUra="110" who="1" fromWho="3" sc="265,0,282,23,256,0,187,-13" />
</Scene>
<Scene>
<INIT seed="3,0,0,0,1,24" ten="265,305,256,174" oya="3" hai0="10,93,7,97,109,79,87,49,110,111,117,42,99" hai1="119,20,22,124,133,115,43,19,112,13,78,27,65" hai2="88,1,76,85,122,57,32,60,68,3,82,92,131" hai3="26,39,114,40,51,54,28,84,94,63,102,9,80"/><W37/><G114/><N who="1" m="43562" /><E65/><V52/><F32/><W128/><G128/><T0/><D117/><U34/><E43/><V81/><F131/><W58/><G9/><T123/><D123/><U17/><E78/><V113/><F113/><W55/><G40/><T11/><D11/><N who="1" m="6335" /><E119/><V53/><F68/><W64/><G102/><T35/><D35/><U33/><E133/><V23/><F122/><W36/><G94/><T45/><D79/><U12/><E124/><V48/><F23/><W105/><G105/><T101/><D97/><U118/><E118/><V104/><F104/><W66/><G66/><T29/><D87/><U103/><E103/><V67/><F81/><W25/><G25/><T44/><D44/><U95/><E95/><V90/><F90/><W47/><G64/><T41/><D41/><U106/><E106/><V16/><F16/><AGARI ba="0,0" hai="12,16,19,20,22,27,33,34" m="6335,43562" machi="16" ten="30,3900,0" yaku="34,2,54,1" doraHai="24" who="1" fromWho="2" sc="265,0,305,39,256,-39,174,0" owari="265,7.0,344,44.0,217,-18.0,174,-33.0" />
</Scene>
</mjloggm>