<mjloggm ver="2.3"><GO type="225" lobby="0"/><UN n0="%E9%88%B4%E4%BE%8D" n1="%E3%83%9D%E3%83%AA%E6%A7%98%E3%81%AE%E5%BC%9F%E5%AD%90" n2="%E9%87%98%E5%AE%AE%E7%97%85%E6%82%A3%E8%80%85" n3="%E5%A4%AA%E3%81%8F%E3%81%AA%E3%81%84%E3%81%8A" dan="17,17,16,18" rate="2176.79,2194.65,2028.86,2215.05" sx="M,F,F,M"/><TAIKYOKU oya="0"/>

<Scene>
<INIT seed="0,0,0,2,5,71" ten="250,250,250,250" oya="0" hai0="86,75,27,127,108,44,119,19,103,78,135,40,117" hai1="33,10,62,21,79,13,42,14,20,128,129,45,130" hai2="30,114,105,72,50,73,113,101,35,83,29,28,81" hai3="97,37,24,47,116,85,89,132,80,82,70,36,43"/><T121/><D121/><U6/><E33/><V51/><F101/><W1/><G116/><T124/><D75/><N who="2" m="28746" /><F105/><W23/><G70/><T18/><D103/><U5/><E79/><V120/><F120/><W60/><G1/><T88/><D78/><U41/><E62/><V64/><F64/><W54/><G132/><T69/><D69/><U57/><E57/><V48/><F35/><W52/><G97/><T25/><D135/><U38/><REACH who="1" step="1"/><E41/><REACH who="1" ten="250,240,250,250" step="2"/><V76/><F76/><W107/><G60/><T98/><D117/><U0/><E0/><V112/><AGARI ba="0,1" hai="28,29,30,48,50,51,81,83,112,113,114" m="28746" machi="112" ten="50,8000,1" yaku="29,2,28,2" doraHai="71" who="2" fromWho="2" sc="250,-40,240,-20,250,90,250,-20" />
</Scene>
<Scene>
<INIT seed="1,0,0,0,3,108" ten="210,220,340,230" oya="1" hai0="20,92,3,84,41,79,97,87,31,0,42,113,112" hai1="102,5,99,81,17,33,125,58,16,12,52,122,62" hai2="115,6,77,116,39,83,67,34,130,1,110,71,127" hai3="27,133,28,47,46,15,109,98,82,119,51,121,55"/><U78/><E122/><V86/><F67/><W7/><G121/><T56/><D56/><U43/><E43/><V94/><F6/><W50/><G109/><T65/><D65/><U13/><E33/><V9/><F9/><W101/><G133/><T103/><D31/><U75/><E125/><V70/><F94/><W134/><G134/><T106/><D20/><U54/><E54/><V11/><F86/><W25/><G82/><T120/><D120/><U69/><E69/><V4/><F83/><W114/><G119/><T131/><D79/><U105/><REACH who="1" step="1"/><E13/><REACH who="1" ten="210,210,340,230" step="2"/><V63/><F70/><W57/><G15/><T80/><D0/><U40/><E40/><V96/><F71/><W132/><G132/><T104/><D3/><U10/><AGARI ba="0,1" hai="5,10,12,16,17,52,58,62,75,78,81,99,102,105" machi="10" ten="30,12000,1" yaku="1,1,0,1,54,2,53,1" doraHai="108" doraHaiUra="76" who="1" fromWho="1" sc="210,-40,210,130,340,-40,230,-40" />
</Scene>
<Scene>
<INIT seed="1,1,0,4,1,129" ten="170,340,300,190" oya="1" hai0="54,62,75,32,90,24,36,17,104,84,60,42,47" hai1="26,98,118,5,71,73,128,88,38,101,79,107,63" hai2="16,20,83,61,114,135,111,87,66,123,50,56,127" hai3="65,44,121,102,103,8,97,82,92,1,72,53,45"/><U18/><E118/><V67/><F123/><W99/><G121/><T85/><D75/><U0/><E88/><N who="2" m="51327" /><F111/><W116/><G116/><T94/><D104/><U78/><E128/><V27/><F127/><W25/><G65/><N who="2" m="24585" /><F114/><W10/><G1/><T96/><D54/><U49/><E49/><V37/><F37/><W22/><G72/><T41/><D41/><U23/><E38/><V125/><F135/><W9/><G82/><T51/><D36/><U6/><E73/><V28/><F125/><W69/><G69/><T33/><D32/><U109/><E109/><V52/><F28/><W46/><G53/><T100/><D84/><U119/><E119/><V35/><F35/><W110/><G110/><T74/><D74/><U68/><E5/><V115/><F115/><W3/><G3/><T91/><D33/><U21/><E21/><V48/><AGARI ba="1,0" hai="16,20,27,48,50,52,56,61" m="24585,51327" machi="48" ten="30,7900,0" yaku="8,1,54,3" doraHai="129" who="2" fromWho="2" sc="170,-21,340,-40,300,82,190,-21" />
</Scene>
<Scene>
<INIT seed="2,0,0,4,1,100" ten="149,300,382,169" oya="2" hai0="47,45,76,6,92,112,66,49,123,0,65,129,73" hai1="2,26,108,102,115,118,116,126,128,8,21,64,71" hai2="38,96,119,55,44,80,134,37,88,1,17,79,39" hai3="60,20,87,122,41,22,78,33,94,114,42,81,9"/><V97/><F119/><W3/><G33/><T77/><D123/><U75/><E115/><V101/><F1/><W69/><G122/><T133/><D112/><U16/><E75/><V93/><F134/><W48/><G114/><T85/><D133/><U40/><E126/><V53/><F17/><W28/><G69/><T50/><D73/><U19/><E128/><V103/><F44/><W34/><G34/><T12/><D0/><U70/><E40/><V82/><F88/><W109/><G109/><T132/><D129/><U43/><E43/><V104/><REACH who="2" step="1"/><F82/><REACH who="2" ten="149,300,372,169" step="2"/><W86/><G81/><N who="0" m="47271" /><D77/><U68/><E108/><V32/><F32/><W120/><G3/><T74/><D132/><U84/><E2/><V131/><F131/><W7/><G78/><T59/><D45/><U51/><E19/><V63/><F63/><W95/><G60/><T113/><D113/><U11/><E116/><V117/><F117/><W67/><G120/><T36/><D47/><U27/><E118/><V29/><F29/><W46/><G28/><T13/><D36/><U56/><E16/><V61/><F61/><W111/><G42/><T89/><D49/><U31/><E51/><V110/><F110/><W54/><G111/><T25/><D50/><U5/><E5/><V52/><F52/><W106/><G54/><T99/><D6/><U105/><E64/><N who="0" m="24681" /><D59/><U124/><E56/><V57/><F57/><W107/><G67/><T24/><D24/><N who="1" m="16783" /><E70/><V135/><F135/><W4/><G46/><T90/><D25/><N who="1" m="9227" /><E71/><V14/><F14/><N who="0" m="5738" /><D89/><U18/><E68/><V72/><AGARI ba="0,1" hai="37,38,39,53,55,72,79,80,93,96,97,101,103,104" machi="72" ten="30,6000,0" yaku="1,1,0,1,52,1,53,0" doraHai="100" doraHaiUra="58" who="2" fromWho="2" sc="149,-20,300,-20,372,70,169,-20" />
</Scene>
<Scene>
<INIT seed="2,1,0,1,4,9" ten="129,280,442,149" oya="2" hai0="118,59,77,65,131,63,114,130,94,52,47,56,40" hai1="33,89,105,18,93,57,121,2,10,73,83,104,62" hai2="17,61,30,46,85,5,49,117,50,48,71,92,20" hai3="8,15,80,36,123,39,67,91,54,133,44,29,26"/><V119/><F5/><W98/><G123/><T101/><D77/><U25/><E121/><V110/><F30/><W74/><G67/><T27/><D27/><U87/><E2/><V43/><F110/><W109/><G133/><T116/><D114/><U102/><E33/><V31/><F31/><W125/><G125/><T58/><D94/><U122/><E122/><V0/><F0/><W38/><G109/><T135/><D135/><U69/><E69/><V81/><F92/><W37/><G98/><T45/><D101/><U113/><E113/><V64/><F119/><N who="0" m="45610" /><D45/><U75/><E105/><V97/><F97/><W70/><G70/><N who="0" m="42303" /><D52/><N who="1" m="34087" /><E10/><V90/><F117/><W4/><G54/><T22/><D22/><N who="1" m="13527" /><E102/><V55/><F55/><W3/><G74/><T34/><D34/><U21/><E21/><V82/><F82/><W95/><G80/><T107/><D107/><U103/><E103/><V126/><REACH who="2" step="1"/><F126/><REACH who="2" ten="129,280,432,149" step="2"/><W132/><G132/><T108/><D108/><U88/><E104/><V16/><F16/><W23/><G95/><T99/><D99/><AGARI ba="1,1" hai="73,75,83,87,88,89,93,99" m="13527,34087" machi="99" ten="30,3900,0" yaku="25,1,54,2" doraHai="9" who="1" fromWho="0" sc="129,-42,280,52,432,0,149,0" />
</Scene>
<Scene>
<INIT seed="3,0,0,2,1,58" ten="87,332,432,149" oya="3" hai0="6,71,97,44,42,14,16,34,117,91,62,21,110" hai1="114,37,32,96,116,2,40,125,100,56,49,66,89" hai2="134,13,131,10,65,135,130,45,70,115,128,72,102" hai3="4,83,121,31,94,51,85,24,129,18,90,80,99"/><W127/><G121/><T39/><D117/><U53/><E32/><V55/><F72/><W106/><G4/><T111/><D34/><U35/><E35/><V122/><F102/><W27/><G127/><T77/><D77/><U67/><E2/><V19/><F115/><W73/><G129/><T132/><D132/><N who="2" m="50730" /><F122/><W87/><G73/><T79/><D79/><U46/><E125/><V86/><F86/><W41/><G106/><T23/><D6/><U82/><E114/><V17/><F65/><W81/><G18/><T47/><D47/><U25/><E116/><V0/><F0/><W74/><G74/><T84/><D97/><U101/><E25/><N who="3" m="9802" /><G31/><T69/><D23/><U1/><E1/><V118/><F118/><W61/><G61/><T54/><D71/><U123/><E123/><V52/><F70/><W57/><G57/><T63/><D69/><U28/><E28/><V103/><F103/><W29/><G29/><T95/><REACH who="0" step="1"/><D54/><REACH who="0" ten="77,332,432,149" step="2"/><N who="2" m="20522" /><F45/><AGARI ba="0,1" hai="41,45,51,80,81,83,85,87,90,94,99" m="9802" machi="45" ten="30,1500,0" yaku="8,1" doraHai="58" who="3" fromWho="2" sc="77,0,332,0,432,-15,149,25" />
</Scene>
<Scene>
<INIT seed="3,1,0,2,4,8" ten="77,332,417,174" oya="3" hai0="76,68,22,63,84,43,90,60,18,89,40,81,45" hai1="77,128,108,10,86,126,98,80,107,88,5,78,125" hai2="64,33,37,52,7,123,113,9,57,15,127,97,85" hai3="72,103,121,6,116,87,53,73,132,35,27,92,59"/><W62/><G116/><T20/><D20/><U95/><E108/><V17/><F113/><W29/><G121/><T58/><D68/><U31/><E31/><V124/><F37/><W46/><G132/><T39/><D43/><U61/><E128/><V105/><F33/><W19/><G6/><T23/><D23/><U50/><E61/><N who="2" m="36007" /><F123/><W114/><G114/><T129/><D129/><U66/><E66/><V82/><F64/><W91/><G103/><T55/><REACH who="0" step="1"/><D60/><REACH who="0" ten="67,332,417,174" step="2"/><U117/><E117/><V119/><F119/><W118/><G118/><T21/><D21/><U51/><E78/><N who="2" m="46295" /><F17/><W44/><REACH who="3" step="1"/><G19/><REACH who="3" ten="67,332,417,164" step="2"/><T106/><D106/><U115/><E107/><V48/><F105/><W131/><G131/><T93/><D93/><U96/><E115/><V25/><F7/><W133/><G133/><T109/><D109/><U101/><E125/><V38/><F127/><W135/><G135/><T34/><D34/><U99/><E126/><V26/><F124/><W14/><G14/><AGARI ba="1,2" hai="14,18,22,39,40,45,55,58,63,76,81,84,89,90" machi="14" ten="30,3900,0" yaku="1,1,7,1,52,1,53,0" doraHai="8" doraHaiUra="1" who="0" fromWho="3" sc="67,62,332,0,417,0,164,-42" owari="129,-27.0,332,13.0,417,52.0,122,-38.0" />
</Scene>
</mjloggm>