<mjloggm ver="2.3"><GO type="169" lobby="0"/><UN n0="%E3%82%B8%E3%82%A7%E3%83%B3%E3%83%88" n1="%E3%83%89%E3%83%90%E3%82%AF%E3%83%81%E5%A4%A7%E9%87%8E" n2="%73%68%61%6F" n3="%E5%A4%AA%E3%81%8F%E3%81%AA%E3%81%84%E3%81%8A" dan="16,16,18,17" rate="2063.08,2073.60,2208.77,2222.11" sx="M,M,M,M"/><TAIKYOKU oya="0"/>

<Scene>
<INIT seed="0,0,0,1,0,57" ten="250,250,250,250" oya="0" hai0="16,39,26,66,79,23,109,76,119,125,18,99,28" hai1="15,133,124,1,105,108,94,50,115,134,100,85,77" hai2="120,25,45,20,21,91,13,44,93,10,126,31,49" hai3="33,2,6,55,4,135,102,67,19,43,29,24,104"/><T0/><D119/><U90/><E1/><V98/><F120/><W41/><G135/><T58/><D39/><U72/><E15/><V113/><F113/><W3/><G55/><T116/><D0/><U47/><E47/><V97/><F126/><W32/><G19/><N who="0" m="7211" /><D116/><U12/><E50/><V52/><F21/><W111/><G111/><T68/><D68/><U65/><E12/><V131/><F131/><W83/><G33/><T114/><D114/><U123/><E65/><V59/><REACH who="2" step="1"/><F98/><REACH who="2" ten="250,250,240,250" step="2"/><W69/><G32/><T107/><D125/><U36/><E124/><V11/><F11/><W82/><G24/><T80/><D99/><N who="1" m="61599" /><E123/><V14/><F14/><W106/><G2/><T75/><D109/><U37/><E115/><V53/><F53/><W70/><G3/><T8/><D8/><U73/><E108/><V101/><F101/><W27/><G102/><T127/><D127/><U103/><E103/><V34/><F34/><W92/><G27/><T112/><D112/><U71/><E134/><V30/><F30/><W128/><G29/><T51/><D23/><U56/><E133/><V84/><F84/><W63/><G128/><T62/><D26/><U60/><E73/><V61/><F61/><W118/><G63/><T88/><D28/><U86/><E86/><V132/><F132/><W35/><G35/><T46/><D75/><U81/><E71/><V74/><F74/><W48/><G118/><T117/><D117/><U17/><E17/><AGARI ba="0,1" hai="10,13,17,20,25,31,44,45,49,52,59,91,93,97" machi="17" ten="30,8000,1" yaku="1,1,7,1,8,1,54,1,53,1" doraHai="57" doraHaiUra="95" who="2" fromWho="1" sc="250,0,250,-80,240,90,250,0" />
</Scene>
<Scene>
<INIT seed="1,0,0,3,5,98" ten="250,170,330,250" oya="1" hai0="82,61,22,104,128,9,89,63,74,53,20,62,114" hai1="36,96,134,72,120,97,129,60,121,73,66,10,38" hai2="48,3,46,1,64,45,2,81,19,24,83,115,133" hai3="126,112,92,86,39,69,91,118,14,108,8,16,25"/><U41/><E10/><V84/><F133/><W103/><G112/><T94/><D114/><U122/><E134/><V65/><F115/><W119/><G39/><T130/><D104/><U18/><E18/><V30/><F19/><W102/><G69/><T99/><D53/><U135/><E135/><V79/><F83/><W76/><G108/><T4/><D82/><U44/><E38/><V6/><F6/><W78/><G126/><T57/><D57/><U0/><E0/><V29/><F29/><W110/><G110/><T51/><D74/><U125/><E125/><V33/><REACH who="2" step="1"/><F46/><REACH who="2" ten="250,170,320,250" step="2"/><W100/><REACH who="3" step="1"/><G25/><REACH who="3" ten="250,170,320,240" step="2"/><T107/><D128/><U50/><E129/><V105/><F105/><W93/><G93/><T27/><D94/><U132/><E132/><V85/><F85/><W70/><G70/><T59/><D27/><U12/><E73/><V67/><F67/><W34/><G34/><T13/><D107/><U47/><E72/><V26/><F26/><W113/><G113/><T15/><D130/><U56/><REACH who="1" step="1"/><E12/><REACH who="1" ten="250,160,320,240" step="2"/><V28/><F28/><W127/><G127/><T68/><D15/><U42/><AGARI ba="0,3" hai="36,41,42,44,47,50,56,60,66,96,97,120,121,122" machi="42" ten="40,7800,0" yaku="1,1,2,1,0,1,53,0" doraHai="98" doraHaiUra="75" who="1" fromWho="1" sc="250,-26,160,108,320,-26,240,-26" />
</Scene>
<Scene>
<INIT seed="1,1,0,5,4,132" ten="224,268,294,214" oya="1" hai0="61,7,115,22,76,44,97,37,83,13,17,10,38" hai1="85,116,4,86,102,63,133,73,66,18,51,56,114" hai2="110,90,99,20,26,21,91,104,122,128,119,52,49" hai3="74,16,123,14,28,54,95,109,107,69,117,25,55"/><U12/><E73/><V41/><F119/><W33/><G107/><T129/><D115/><U11/><E116/><V5/><F122/><W125/><G117/><T58/><D129/><U106/><E114/><V134/><F128/><W59/><G69/><T113/><D113/><U70/><E133/><V120/><F120/><W42/><G123/><T118/><D97/><U87/><E106/><V75/><F75/><W47/><G74/><T68/><D68/><U45/><E102/><V77/><F77/><W3/><G3/><T23/><D118/><U31/><E31/><V35/><F41/><W50/><G109/><T34/><D34/><U124/><E70/><V71/><F71/><W57/><G95/><T105/><D105/><U98/><E98/><V108/><F5/><W72/><G72/><T36/><D44/><U62/><E62/><V79/><F79/><W82/><G82/><T88/><D76/><U53/><E124/><V131/><F35/><W27/><G27/><T96/><D7/><AGARI ba="1,0" hai="4,7,11,12,18,45,51,53,56,63,66,85,86,87" machi="7" ten="40,2000,0" yaku="8,1" doraHai="132" who="1" fromWho="0" sc="224,-23,268,23,294,0,214,0" />
</Scene>
<Scene>
<INIT seed="1,2,0,2,1,73" ten="201,291,294,214" oya="1" hai0="15,65,88,102,83,123,68,36,82,6,121,126,66" hai1="31,53,32,105,10,41,114,34,9,52,61,56,98" hai2="119,39,62,22,27,84,40,77,116,51,100,87,129" hai3="63,4,122,71,78,37,108,120,17,54,30,117,75"/><U29/><E114/><V2/><F2/><W59/><G108/><T46/><D102/><U133/><E133/><V72/><F39/><W8/><G117/><T94/><D126/><U91/><E41/><V128/><F72/><W81/><G30/><N who="1" m="11274" /><E105/><V42/><F100/><W89/><G17/><T112/><D112/><U134/><E134/><V90/><F62/><W109/><G109/><T25/><D25/><U47/><E34/><V69/><F69/><W85/><G71/><T35/><D35/><U110/><E110/><V19/><F119/><W55/><G55/><T80/><D68/><U45/><E32/><V3/><F3/><W124/><G37/><T24/><D24/><U12/><E53/><V125/><F125/><W95/><REACH who="3" step="1"/><G124/><REACH who="3" ten="201,291,294,204" step="2"/><T14/><D36/><U20/><E47/><V5/><F116/><W18/><G18/><T99/><D46/><U115/><E45/><V28/><F28/><W0/><AGARI ba="2,1" hai="0,4,8,54,59,63,75,78,81,85,89,95,120,122" machi="0" ten="20,5200,0" yaku="1,1,0,1,7,1,52,1,53,0" doraHai="73" doraHaiUra="132" who="3" fromWho="3" sc="201,-15,291,-28,294,-15,204,68" />
</Scene>
<Scene>
<INIT seed="2,0,0,5,5,119" ten="186,263,279,272" oya="2" hai0="14,18,56,42,4,23,83,6,96,100,95,92,59" hai1="77,19,15,113,8,73,46,110,134,78,129,17,0" hai2="22,98,89,62,60,67,75,108,58,116,38,117,53" hai3="30,112,33,80,40,2,76,50,84,45,66,79,121"/><V131/><F75/><W20/><G2/><T31/><D42/><U10/><E113/><V1/><F1/><W82/><G112/><T32/><D95/><U101/><E110/><V132/><F38/><W103/><G33/><T130/><D130/><U105/><E129/><V27/><F131/><W28/><G103/><T24/><D83/><U13/><E0/><V51/><F108/><W135/><G135/><T97/><D97/><U71/><E71/><V90/><F132/><W69/><G121/><T54/><REACH who="0" step="1"/><D59/><REACH who="0" ten="176,263,279,272" step="2"/><U5/><E134/><V115/><F115/><W47/><G47/><T127/><D127/><U35/><E46/><V123/><F117/><W93/><G93/><T104/><D104/><U52/><E105/><V26/><F116/><W125/><G125/><T61/><AGARI ba="0,1" hai="4,6,14,18,23,24,31,32,54,56,61,92,96,100" machi="61" ten="20,2700,0" yaku="1,1,0,1,7,1,53,0" doraHai="119" doraHaiUra="111" who="0" fromWho="0" sc="176,37,263,-7,279,-13,272,-7" />
</Scene>
<Scene>
<INIT seed="3,0,0,5,1,71" ten="213,256,266,265" oya="3" hai0="47,117,91,102,128,84,130,31,76,10,88,12,3" hai1="77,121,74,37,99,57,40,94,70,90,113,115,85" hai2="111,120,109,106,107,51,45,124,21,95,44,63,108" hai3="41,49,131,8,80,118,26,92,13,9,114,29,35"/><W48/><G114/><T30/><D3/><U125/><E70/><V135/><F135/><W0/><G118/><T54/><D117/><U22/><E74/><V123/><F21/><W24/><G131/><N who="0" m="50219" /><D102/><U79/><E121/><N who="2" m="46667" /><F63/><W73/><G0/><T83/><D47/><N who="2" m="17994" /><F51/><W100/><G41/><T56/><D31/><U69/><E69/><V81/><F95/><W129/><G129/><T19/><D30/><U16/><E125/><V133/><F133/><W86/><G24/><T17/><D17/><U82/><E40/><V11/><F11/><W4/><G8/><T52/><D54/><U134/><E37/><V15/><F15/><W59/><G73/><T32/><D32/><U78/><E134/><V53/><F53/><W104/><G92/><T64/><D64/><U46/><E46/><V38/><F38/><W122/><G122/><T55/><D55/><U127/><E127/><V96/><F124/><W1/><G59/><T105/><D105/><N who="2" m="39946" /><F81/><W65/><G65/><T110/><D110/><U43/><E43/><V27/><F27/><W89/><REACH who="3" step="1"/><G1/><REACH who="3" ten="213,256,266,255" step="2"/><T60/><AGARI ba="0,1" hai="10,12,19,52,56,60,76,83,84,88,91" m="50219" machi="60" ten="30,4000,0" yaku="19,1,54,2" doraHai="71" who="0" fromWho="0" sc="213,50,256,-10,266,-10,255,-20" />
</Scene>
<Scene>
<INIT seed="4,0,0,0,5,4" ten="263,246,256,235" oya="0" hai0="51,107,50,76,85,119,84,42,6,61,34,56,86" hai1="124,12,13,38,53,49,93,127,47,105,30,21,68" hai2="110,112,9,126,7,28,22,92,133,48,54,94,36" hai3="88,44,39,101,118,95,106,120,18,58,109,31,67"/><T35/><D119/><U52/><E105/><V121/><F36/><W65/><G118/><T64/><D107/><U66/><E38/><V73/><F110/><W115/><G109/><T97/><D76/><U83/><E68/><V62/><F121/><W1/><G1/><T90/><D35/><U116/><E66/><V17/><F73/><W114/><G31/><T32/><D32/><U10/><E116/><V45/><F28/><W103/><G120/><T14/><D42/><U113/><E113/><N who="3" m="43018" /><G106/><T78/><D78/><U125/><E83/><V3/><F112/><W27/><G27/><T71/><D34/><U91/><E53/><V0/><F0/><W60/><G65/><T33/><D33/><U8/><E30/><V87/><F133/><W46/><G18/><T108/><D71/><U59/><E47/><N who="3" m="17962" /><G39/><T25/><D25/><U11/><REACH who="1" step="1"/><E21/><REACH who="1" ten="263,236,256,235" step="2"/><V2/><F22/><W77/><G77/><T72/><D108/><U5/><E5/><V79/><F7/><W99/><AGARI ba="0,1" hai="58,60,67,88,95,99,101,103" m="17962,43018" machi="99" ten="30,2000,0" yaku="15,1,54,1" doraHai="4" who="3" fromWho="3" sc="263,-10,236,-5,256,-5,235,30" />
</Scene>
<Scene>
<INIT seed="5,0,0,4,0,123" ten="253,231,251,265" oya="1" hai0="64,126,18,73,44,105,109,21,42,87,58,41,65" hai1="6,66,86,83,85,33,84,71,11,3,38,32,97" hai2="59,16,35,134,1,49,74,130,88,112,72,39,0" hai3="34,131,101,56,80,92,5,62,106,70,100,20,57"/><U68/><E38/><V95/><F39/><W110/><G34/><T26/><D109/><U4/><E83/><V111/><F35/><N who="1" m="13385" /><E11/><V114/><F111/><W53/><G110/><T129/><D126/><U79/><E79/><V63/><F49/><W118/><G106/><T113/><D105/><U12/><E12/><V120/><F120/><W45/><G70/><N who="1" m="26666" /><E97/><N who="2" m="57575" /><F130/><W50/><G131/><T122/><D129/><U25/><E25/><V17/><F134/><W14/><G80/><T75/><D122/><U2/><E66/><N who="2" m="39295" /><F1/><AGARI ba="0,0" hai="1,2,3,4,6,84,85,86" m="26666,13385" machi="1" ten="40,3900,0" yaku="28,2" doraHai="123" who="1" fromWho="2" sc="253,0,231,39,251,-39,265,0" />
</Scene>
<Scene>
<INIT seed="5,1,0,1,5,4" ten="253,270,212,265" oya="1" hai0="117,42,53,43,119,49,15,6,58,96,59,12,64" hai1="101,8,11,66,76,97,128,55,114,41,56,57,132" hai2="85,38,3,19,40,120,82,9,23,25,116,98,83" hai3="48,122,72,70,78,133,95,115,88,81,110,2,100"/><U30/><E132/><V126/><F120/><W91/><G70/><T44/><D117/><U46/><E128/><V92/><F116/><W62/><G2/><T1/><D119/><U31/><E114/><V63/><F126/><W10/><G62/><T87/><D43/><U123/><E123/><V14/><F3/><W37/><G37/><T102/><D87/><U111/><E76/><V22/><F63/><W5/><G122/><T36/><D64/><U27/><E111/><V112/><F112/><W13/><G110/><T45/><D59/><U60/><E41/><V61/><F61/><W79/><G115/><T51/><D58/><U105/><E46/><V34/><F34/><W29/><G133/><T24/><D36/><U39/><E39/><V28/><F85/><N who="3" m="50223" /><G100/><T67/><D24/><U32/><E31/><V86/><F86/><N who="3" m="52727" /><G72/><T7/><D67/><U131/><E131/><V113/><F113/><W74/><G74/><T93/><REACH who="0" step="1"/><D1/><REACH who="0" ten="243,270,212,265" step="2"/><U68/><E57/><V99/><F38/><W109/><G109/><T134/><D134/><U103/><E103/><N who="2" m="60871" /><F40/><W20/><G48/><AGARI ba="1,1" hai="8,11,27,30,32,48,55,56,60,66,68,97,101,105" machi="48" ten="30,12000,1" yaku="7,1,25,2,52,2" doraHai="4" who="1" fromWho="3" sc="243,0,270,133,212,0,265,-123" />
</Scene>
<Scene>
<INIT seed="5,2,0,5,4,117" ten="243,403,212,142" oya="1" hai0="126,21,101,55,26,36,16,102,20,42,19,18,124" hai1="132,57,17,24,122,74,10,53,80,4,135,23,33" hai2="69,95,131,9,123,72,35,118,75,112,107,62,51" hai3="29,14,50,31,40,60,121,128,63,108,109,47,11"/><U92/><E33/><V93/><F118/><W134/><G134/><T96/><D55/><U65/><E122/><V3/><F107/><W98/><G128/><T77/><D77/><U44/><E44/><V85/><F131/><W119/><G119/><T22/><D42/><U27/><E65/><V106/><F106/><W114/><G114/><T90/><D36/><U73/><E27/><V52/><F35/><W5/><G109/><T71/><D71/><U45/><E45/><V66/><F112/><W104/><G108/><T32/><D90/><U88/><E80/><V110/><F110/><W2/><G2/><T64/><D64/><U127/><E127/><N who="0" m="48681" /><D96/><N who="1" m="57351" /><E10/><V37/><F37/><W120/><G29/><AGARI ba="2,0" hai="16,18,19,20,21,22,26,29,32,101,102" m="48681" machi="29" ten="40,2600,0" yaku="18,1,54,1" doraHai="117" who="0" fromWho="3" sc="243,32,403,0,212,0,142,-32" />
</Scene>
<Scene>
<INIT seed="6,0,0,2,0,18" ten="275,403,212,110" oya="2" hai0="56,98,83,89,54,60,109,120,110,62,126,102,107" hai1="42,104,118,32,21,35,133,64,71,95,82,85,53" hai2="13,113,75,91,61,116,122,129,2,119,117,7,106" hai3="40,124,43,135,69,4,131,45,58,14,44,47,30"/><V96/><F122/><W10/><G69/><T15/><D120/><U87/><E118/><V49/><F75/><W17/><G135/><T26/><D126/><U103/><E104/><V100/><F2/><W31/><G124/><T84/><D15/><U92/><E133/><V19/><F7/><W101/><G131/><T29/><REACH who="0" step="1"/><D62/><REACH who="0" ten="265,403,212,110" step="2"/><U5/><E5/><V93/><F129/><W108/><G108/><T80/><D80/><U94/><E82/><V125/><F13/><W6/><G6/><T51/><D51/><U12/><E12/><V37/><F49/><W99/><G4/><T25/><D25/><U65/><E103/><V76/><F61/><W78/><G78/><T86/><D86/><U28/><E87/><V38/><F125/><W88/><G101/><T123/><D123/><U81/><E85/><V112/><F76/><W48/><G58/><T36/><D36/><U90/><E81/><V97/><F38/><W121/><G121/><T70/><D70/><U72/><E71/><V68/><F37/><W79/><G79/><T23/><AGARI ba="0,1" hai="23,26,29,54,56,60,83,84,89,98,102,107,109,110" machi="23" ten="20,5200,0" yaku="1,1,0,1,7,1,52,1,53,0" doraHai="18" doraHaiUra="67" who="0" fromWho="0" sc="265,62,403,-13,212,-26,110,-13" />
</Scene>
<Scene>
<INIT seed="7,0,0,4,2,73" ten="327,390,186,97" oya="3" hai0="32,34,82,9,0,61,70,18,20,58,3,28,87" hai1="36,120,133,117,64,53,48,60,6,126,102,79,99" hai2="128,10,30,107,76,50,92,124,37,135,15,51,116" hai3="46,86,101,38,125,8,75,85,71,96,110,41,103"/><W88/><G75/><T123/><D70/><U52/><E36/><V112/><F107/><W68/><G125/><T105/><D105/><U89/><E120/><V121/><F37/><W80/><G110/><T65/><D123/><U83/><E89/><V21/><F116/><W19/><G103/><T59/><D59/><U39/><E133/><V127/><F121/><W22/><G8/><T115/><D115/><U49/><E39/><V129/><F112/><W55/><G55/><T109/><D109/><U62/><E53/><V2/><F2/><W94/><REACH who="3" step="1"/><G85/><REACH who="3" ten="327,390,186,87" step="2"/><T67/><D9/><U104/><E52/><V43/><F127/><W97/><G97/><T23/><D67/><U66/><E99/><V4/><F124/><W91/><G91/><T119/><D119/><U33/><E66/><V118/><F118/><W113/><G113/><T54/><D65/><U69/><E64/><V72/><F135/><W74/><G74/><T17/><D54/><U130/><E117/><V131/><F131/><W16/><G16/><T35/><D18/><U11/><E130/><V45/><F129/><W25/><AGARI ba="0,1" hai="19,22,25,38,41,46,68,71,80,86,88,94,96,101" machi="25" ten="20,7800,0" yaku="1,1,0,1,7,1,54,1,53,0" doraHai="73" doraHaiUra="134" who="3" fromWho="3" sc="327,-26,390,-26,186,-26,87,88" />
</Scene>
<Scene>
<INIT seed="7,1,0,3,1,128" ten="301,364,160,175" oya="3" hai0="1,125,49,112,66,91,34,96,71,58,55,126,78" hai1="52,61,16,35,93,119,123,120,95,25,72,86,80" hai2="114,11,56,77,59,14,15,65,133,68,134,99,20" hai3="50,104,127,42,90,32,87,51,19,7,94,74,2"/><W13/><G74/><T132/><D1/><U89/><E119/><V43/><F114/><W40/><G104/><T103/><D34/><U97/><E72/><V28/><F43/><N who="3" m="16427" /><G32/><T30/><D78/><N who="1" m="46359" /><E35/><V81/><F68/><W67/><G2/><T100/><D49/><U121/><E121/><V88/><F99/><W3/><G3/><T69/><D58/><N who="2" m="22058" /><F65/><W107/><G107/><T9/><D9/><U124/><E95/><V108/><F108/><W62/><G127/><T63/><D91/><U6/><E89/><V109/><F109/><W131/><G131/><T113/><D96/><U101/><E16/><N who="2" m="10263" /><F28/><W118/><G118/><T44/><D44/><U48/><E61/><V73/><F88/><N who="3" m="53535" /><G62/><T60/><D30/><U24/><E124/><V8/><F15/><W115/><G115/><T106/><D106/><U45/><E123/><V102/><F102/><W98/><G67/><T22/><D63/><U57/><E120/><V129/><F129/><W64/><G64/><T83/><D60/><N who="1" m="35879" /><E6/><V116/><F116/><W17/><G7/><T26/><D66/><U33/><E33/><V53/><F53/><AGARI ba="1,0" hai="24,25,45,48,53,93,97,101" m="35879,46359" machi="53" ten="30,2000,0" yaku="8,1,54,1" doraHai="128" who="1" fromWho="2" sc="301,0,364,23,160,-23,175,0" owari="301,10.0,387,48.0,137,-36.0,175,-22.0" />
</Scene>
</mjloggm>