<mjloggm ver="2.3"><GO type="169" lobby="0"/><UN n0="%E5%A4%AA%E3%81%8F%E3%81%AA%E3%81%84%E3%81%8A" n1="%6C%61%6B%75%63%68%69" n2="%E3%81%86%E3%81%83%E3%83%BC%E3%81%A1%E3%82%83%E3%82%93" n3="%74%61%6E%69%6D%6F%40" dan="17,16,17,17" rate="2180.12,2093.70,2208.36,2192.04" sx="F,M,M,M"/><TAIKYOKU oya="0"/>

<Scene>
<INIT seed="0,0,0,2,1,101" ten="250,250,250,250" oya="0" hai0="73,127,46,32,5,98,25,12,41,55,11,84,9" hai1="99,45,134,57,52,49,68,113,103,78,39,124,66" hai2="105,129,30,117,108,10,59,31,96,65,85,16,77" hai3="61,42,123,111,118,6,126,4,40,2,58,56,23"/><T13/><D73/><U18/><E134/><V97/><F117/><W89/><G118/><T0/><D127/><U102/><E124/><V26/><F129/><W14/><G126/><T95/><D55/><U81/><E113/><V91/><F108/><W21/><G111/><T15/><D84/><U17/><E103/><V71/><F71/><W70/><G2/><T135/><D135/><U106/><E68/><V20/><F77/><W120/><G70/><T128/><D128/><U125/><E125/><V29/><F105/><W24/><G89/><T60/><D60/><U90/><E90/><V112/><F112/><W114/><G114/><T48/><D25/><U1/><E1/><V76/><F76/><W28/><G58/><T110/><D32/><U132/><E132/><V133/><F133/><W74/><G74/><T37/><D110/><U27/><E27/><V43/><F43/><N who="3" m="16427" /><G21/><T64/><D64/><U109/><E109/><V19/><F59/><W38/><G14/><T69/><D69/><U54/><E66/><V72/><F65/><N who="3" m="39079" /><G38/><T92/><D37/><U7/><E7/><V79/><F79/><W67/><G67/><T130/><D130/><U80/><E39/><V82/><REACH who="2" step="1"/><F72/><REACH who="2" ten="250,250,240,250" step="2"/><W122/><AGARI ba="0,1" hai="4,6,23,24,28,120,122,123" m="39079,16427" machi="122" ten="40,1500,0" yaku="13,1" doraHai="101" who="3" fromWho="3" sc="250,-7,250,-4,240,-4,250,25" />
</Scene>
<Scene>
<INIT seed="1,0,0,3,4,15" ten="243,246,236,275" oya="1" hai0="62,83,35,6,116,24,70,27,59,52,134,51,12" hai1="101,121,123,72,48,95,36,66,9,84,128,2,74" hai2="14,135,93,132,71,5,60,67,45,49,109,90,81" hai3="108,102,86,31,114,110,8,73,79,44,28,92,1"/><U33/><E36/><V78/><F109/><N who="3" m="42091" /><G114/><T26/><D116/><U115/><E115/><V126/><F126/><W89/><G102/><T82/><D35/><U61/><E33/><V106/><F106/><W56/><G73/><T17/><D6/><U46/><E128/><V29/><F29/><W87/><G44/><N who="0" m="27751" /><D70/><U68/><E72/><V97/><F14/><W111/><G111/><T30/><D30/><U96/><E74/><V120/><F5/><N who="3" m="1071" /><G56/><T41/><D41/><U13/><E84/><V43/><F120/><W118/><G118/><T39/><D39/><U53/><REACH who="1" step="1"/><E2/><REACH who="1" ten="243,236,236,275" step="2"/><V99/><F99/><W127/><G127/><T18/><D134/><U55/><E55/><V117/><F117/><W103/><G87/><T32/><D32/><U100/><E100/><V54/><F54/><W37/><G37/><T77/><D77/><U122/><E122/><V129/><F129/><W112/><G112/><T80/><D12/><U85/><E85/><V23/><F135/><W130/><G130/><T3/><D3/><U58/><E58/><V11/><F132/><W25/><G103/><T113/><D113/><U50/><E50/><V76/><F78/><W22/><G79/><T19/><D80/><U104/><E104/><V75/><F81/><W107/><G107/><T40/><D40/><U34/><E34/><V63/><F76/><W133/><G133/><T105/><D105/><U4/><AGARI ba="0,1" hai="4,9,13,46,48,53,61,66,68,95,96,101,121,123" machi="4" ten="20,7800,0" yaku="1,1,0,1,7,1,53,1" doraHai="15" doraHaiUra="94" who="1" fromWho="1" sc="243,-26,236,88,236,-26,275,-26" />
</Scene>
<Scene>
<INIT seed="1,1,0,2,1,77" ten="217,324,210,249" oya="1" hai0="132,30,8,102,88,53,83,87,106,1,125,65,34" hai1="25,62,12,29,113,86,70,122,36,129,37,108,118" hai2="95,131,127,67,78,97,98,35,48,107,73,85,33" hai3="74,0,6,51,71,79,69,112,104,60,39,16,115"/><U45/><E113/><V94/><F127/><W84/><G39/><T54/><D125/><U55/><E122/><V126/><F126/><W32/><G104/><T119/><D119/><U72/><E72/><V5/><F107/><W18/><G32/><T26/><D132/><U64/><E118/><V15/><F131/><W66/><G69/><T111/><D111/><U49/><E129/><V42/><F73/><W93/><G74/><T4/><REACH who="0" step="1"/><D65/><REACH who="0" ten="207,324,210,249" step="2"/><U57/><E108/><V22/><F67/><W43/><G112/><T110/><D110/><U20/><E12/><V116/><F15/><W114/><G115/><T80/><D80/><U90/><REACH who="1" step="1"/><E70/><REACH who="1" ten="207,314,210,249" step="2"/><V21/><F116/><W117/><G71/><T40/><D40/><U134/><E134/><V120/><F42/><W100/><G43/><T75/><D75/><U59/><E59/><V10/><F120/><W41/><G117/><T89/><D89/><U63/><E63/><V121/><F121/><W96/><G114/><T9/><D9/><U130/><E130/><V38/><F10/><W19/><G60/><T47/><D47/><U50/><E50/><V133/><F48/><W91/><G51/><T13/><D13/><U27/><E27/><V24/><F133/><W56/><G41/><T135/><D135/><U17/><E17/><V52/><F24/><W124/><G19/><T44/><D44/><U31/><E31/><V14/><F38/><W2/><G18/><T3/><D3/><U105/><E105/><V58/><F14/><W123/><G16/><T76/><D76/><U92/><AGARI ba="1,2" hai="20,25,29,36,37,45,49,55,57,62,64,86,90,92" machi="92" ten="20,12000,1" yaku="1,1,0,1,7,1,53,2" doraHai="77" doraHaiUra="68" who="1" fromWho="1" sc="207,-41,314,143,210,-41,249,-41" />
</Scene>
<Scene>
<INIT seed="1,2,0,1,3,94" ten="166,457,169,208" oya="1" hai0="116,59,131,46,102,121,37,61,125,63,93,127,31" hai1="85,3,13,92,103,126,82,67,2,9,107,55,48" hai2="28,32,118,50,64,99,87,30,124,20,43,114,135" hai3="74,14,29,41,134,44,129,22,47,60,123,12,108"/><U105/><E67/><V5/><F118/><W49/><G74/><T109/><D116/><U0/><E126/><N who="0" m="48137" /><D109/><U133/><E133/><V25/><F135/><W8/><G134/><T18/><D131/><U88/><E103/><V4/><F114/><W56/><G123/><T128/><D128/><U38/><E82/><V97/><F124/><W36/><G129/><T7/><D121/><U1/><E38/><V52/><F32/><W45/><G108/><T23/><D31/><U58/><N who="1" m="0" /><DORA hai="42" /><U130/><REACH who="1" step="1"/><E130/><REACH who="1" ten="166,447,169,208" step="2"/><V72/><F64/><N who="3" m="38919" /><G36/><T68/><D102/><U79/><E79/><V115/><F115/><W112/><G112/><T70/><D37/><U40/><E40/><V90/><F43/><W119/><G119/><T101/><D101/><U89/><E89/><V113/><F113/><W57/><G41/><T26/><D68/><U95/><E95/><V53/><F90/><W111/><G111/><T65/><D93/><U81/><E81/><V27/><F53/><N who="3" m="31919" /><G8/><T69/><D69/><U120/><E120/><V19/><F52/><W83/><G83/><T71/><D71/><U24/><E24/><AGARI ba="2,1" hai="12,14,22,24,29,44,45,47" m="31919,38919" machi="24" ten="30,7700,0" yaku="8,1,52,3" doraHai="94,42" who="3" fromWho="1" sc="166,0,447,-83,169,0,208,93" />
</Scene>
<Scene>
<INIT seed="2,0,0,1,3,55" ten="166,364,169,301" oya="2" hai0="40,77,10,113,63,39,28,22,24,95,53,18,72" hai1="51,34,1,103,129,47,93,43,48,81,73,110,78" hai2="25,89,65,71,123,41,82,92,91,35,101,85,124" hai3="84,52,121,44,23,17,100,94,32,26,60,56,127"/><V80/><F124/><W135/><G121/><T125/><D113/><U108/><E129/><V9/><F123/><W79/><G135/><T15/><D125/><U133/><E133/><V50/><F101/><W75/><G127/><T5/><D39/><U134/><E134/><V98/><F71/><W42/><G32/><T33/><D40/><U0/><E34/><V131/><F131/><W45/><G75/><T132/><D132/><U107/><E93/><V126/><F126/><W54/><G42/><T37/><D37/><U111/><REACH who="1" step="1"/><E51/><REACH who="1" ten="166,354,169,301" step="2"/><V130/><F130/><W59/><G100/><T96/><D95/><U31/><E31/><V49/><F49/><N who="3" m="30799" /><G94/><T116/><D28/><U70/><E70/><V62/><F82/><AGARI ba="0,1" hai="17,23,26,44,45,52,59,60,79,82,84" m="30799" machi="82" ten="30,7700,0" yaku="8,1,52,2,54,1" doraHai="55" who="3" fromWho="2" sc="166,0,354,0,169,-77,301,87" />
</Scene>
<Scene>
<INIT seed="3,0,0,1,5,95" ten="166,354,92,388" oya="3" hai0="118,29,87,82,12,76,99,78,36,119,123,64,8" hai1="121,65,73,91,84,0,22,57,23,35,43,33,135" hai2="48,106,44,63,16,116,20,2,50,129,6,26,46" hai3="13,79,10,61,114,96,128,42,9,93,83,98,41"/><W69/><G114/><T105/><D123/><U80/><E121/><V90/><F106/><W130/><G61/><T134/><D36/><U59/><E0/><V117/><F129/><N who="3" m="49771" /><G69/><T107/><D64/><U88/><E73/><V60/><F90/><W21/><G21/><N who="1" m="7690" /><E35/><V81/><F81/><W101/><G96/><T89/><D29/><U14/><E135/><V1/><F6/><N who="3" m="3255" /><G10/><T104/><D134/><U124/><E124/><V85/><F85/><AGARI ba="0,0" hai="41,42,79,83,85,93,98,101" m="3255,49771" machi="85" ten="30,2900,0" yaku="19,1,52,1" doraHai="95" who="3" fromWho="2" sc="166,0,354,0,92,-29,388,29" />
</Scene>
<Scene>
<INIT seed="3,1,0,4,2,32" ten="166,354,63,417" oya="3" hai0="110,62,13,52,125,19,11,91,58,108,39,113,134" hai1="82,64,41,1,20,5,44,85,14,70,116,68,124" hai2="69,104,17,28,22,42,119,45,8,118,120,131,50" hai3="4,80,27,33,51,9,106,71,59,127,99,0,40"/><W72/><G71/><T112/><D39/><U98/><E124/><V37/><F104/><W114/><G114/><N who="0" m="44139" /><D125/><U21/><E116/><V101/><F69/><W34/><G127/><T95/><D134/><U12/><E98/><AGARI ba="1,0" hai="11,13,19,52,58,62,91,95,98,108,110" m="44139" machi="98" ten="30,2000,0" yaku="11,1,54,1" doraHai="32" who="0" fromWho="1" sc="166,23,354,-23,63,0,417,0" />
</Scene>
<Scene>
<INIT seed="4,0,0,4,1,129" ten="189,331,63,417" oya="0" hai0="10,90,7,93,36,15,31,95,107,40,112,62,30" hai1="121,33,52,83,92,22,100,11,38,42,123,101,113" hai2="94,134,17,6,0,39,1,66,44,111,87,130,103" hai3="49,16,25,9,27,77,76,55,102,89,98,5,109"/><T85/><D107/><U2/><E33/><V12/><F130/><W82/><G109/><T57/><D112/><U47/><E83/><V64/><F111/><W37/><G37/><T99/><D40/><U46/><E22/><V86/><F6/><W34/><G34/><T106/><D106/><U68/><E68/><V51/><F39/><W53/><G89/><T72/><D72/><U105/><E105/><V91/><F103/><W61/><G61/><T59/><D36/><U126/><E126/><V24/><F24/><W108/><G108/><T122/><D122/><U125/><E125/><V18/><F51/><W97/><G97/><T8/><D8/><U26/><E26/><V110/><F91/><W80/><G98/><T19/><D7/><U88/><E113/><V21/><F94/><W48/><G102/><N who="0" m="60783" /><D57/><U132/><E101/><V118/><F110/><W60/><G5/><T104/><D104/><U117/><E100/><V84/><F118/><W20/><G9/><T3/><D3/><U13/><E2/><V116/><F116/><W74/><G74/><T127/><D127/><U29/><E117/><V4/><F4/><W63/><REACH who="3" step="1"/><G16/><REACH who="3" ten="189,331,63,407" step="2"/><T41/><D19/><U79/><E38/><V23/><F17/><W115/><G115/><T58/><D62/><U45/><E123/><V28/><F18/><W96/><G96/><T124/><D124/><U73/><E121/><V78/><F23/><AGARI ba="0,1" hai="20,23,25,27,48,49,53,55,60,63,76,77,80,82" machi="23" ten="25,6400,0" yaku="1,1,22,2,8,1,53,0" doraHai="129" doraHaiUra="81" who="3" fromWho="2" sc="189,0,331,0,63,-64,407,74" owari="189,-21.0,331,13.0,-1,-50.0,481,58.0" />
</Scene>
</mjloggm>