<mjloggm ver="2.3"><GO type="169" lobby="0"/><UN n0="%E6%A1%9C%E4%BA%95%E3%81%95%E3%82%93" n1="%E5%A4%AA%E3%81%8F%E3%81%AA%E3%81%84%E3%81%8A" n2="%E6%9D%BE%E5%B1%8B%E3%81%8A%E3%81%98%E3%81%95%E3%82%93" n3="%61%31%33%31%38%34%38" dan="16,17,16,16" rate="2076.58,2177.64,2139.27,2127.25" sx="M,F,M,M"/><TAIKYOKU oya="0"/>

<Scene>
<INIT seed="0,0,0,2,4,74" ten="250,250,250,250" oya="0" hai0="41,80,85,96,55,15,125,0,123,1,35,60,78" hai1="19,100,126,86,39,102,106,45,82,12,132,9,77" hai2="92,31,23,47,133,33,112,58,49,50,46,43,17" hai3="73,66,62,34,63,89,38,56,37,21,57,117,4"/><T99/><D123/><U7/><E126/><V122/><F122/><W111/><G117/><T76/><D35/><U40/><E132/><V130/><F112/><W42/><G34/><T70/><D125/><U6/><REACH who="1" step="1"/><E106/><REACH who="1" ten="250,240,250,250" step="2"/><V11/><F133/><W30/><G111/><T131/><D131/><U28/><E28/><V90/><F31/><W109/><G30/><T8/><D0/><U97/><E97/><V14/><F130/><W94/><G109/><T110/><D1/><U13/><E13/><V29/><F33/><W44/><G37/><T108/><D108/><U84/><E84/><V2/><F2/><W98/><G73/><T114/><D110/><U26/><E26/><V83/><F29/><W75/><G75/><T68/><D114/><U65/><E65/><V48/><F14/><W87/><G98/><T135/><D135/><U18/><E18/><V121/><F17/><W51/><G38/><T54/><D99/><U127/><E127/><V113/><F113/><W24/><G4/><AGARI ba="0,1" hai="4,6,7,9,12,19,39,40,45,77,82,86,100,102" machi="4" ten="40,5200,0" yaku="1,1,52,1,53,1" doraHai="74" doraHaiUra="10" who="1" fromWho="3" sc="250,0,240,62,250,0,250,-52" />
</Scene>
<Scene>
<INIT seed="1,0,0,2,1,11" ten="250,302,250,198" oya="1" hai0="87,119,22,28,122,100,50,92,120,55,90,4,105" hai1="84,72,107,37,67,2,93,126,6,97,73,61,58" hai2="115,49,74,134,95,64,116,54,85,16,1,53,14" hai3="89,19,3,66,128,7,71,45,13,29,70,127,135"/><U0/><E37/><V77/><F116/><W81/><G127/><T65/><D119/><U34/><E34/><V121/><F121/><N who="0" m="46698" /><D65/><U96/><E126/><V36/><F36/><W102/><G128/><T24/><D4/><U31/><E31/><V125/><F1/><W9/><G135/><T17/><D100/><U130/><E130/><V69/><F74/><W106/><G29/><T59/><D105/><U88/><E107/><V44/><F134/><W110/><G110/><T39/><D39/><U68/><E68/><V12/><F64/><W82/><G45/><T129/><D129/><U43/><E43/><V91/><F69/><W21/><G66/><T40/><D40/><U133/><E133/><V56/><F125/><W10/><G81/><T99/><D28/><U38/><E38/><V111/><F111/><W42/><G42/><T63/><D50/><U8/><REACH who="1" step="1"/><E0/><REACH who="1" ten="250,292,250,198" step="2"/><V124/><F124/><W79/><G70/><T20/><D20/><U51/><E51/><N who="2" m="30783" /><F115/><W80/><G71/><T103/><D22/><U32/><E32/><V46/><F46/><W26/><G21/><T108/><D108/><U35/><E35/><V86/><F49/><W117/><G117/><T18/><D63/><U27/><E27/><V109/><F44/><W113/><G26/><T15/><D24/><U118/><E118/><V83/><F109/><W112/><G106/><N who="0" m="63871" /><D59/><U47/><E47/><V104/><F104/><W5/><G113/><T30/><D30/><U76/><E76/><V57/><F57/><W75/><G112/><T114/><D114/><U41/><E41/><V62/><F62/><RYUUKYOKU ba="0,1" sc="250,-10,292,30,250,-10,198,-10" hai1="2,6,8,58,61,67,72,73,84,88,93,96,97" />
</Scene>
<Scene>
<INIT seed="1,1,1,5,2,70" ten="240,322,240,188" oya="1" hai0="77,93,98,12,31,66,110,112,132,79,1,117,120" hai1="123,46,48,60,14,22,4,107,80,62,38,91,119" hai2="71,82,39,97,28,29,27,115,6,20,101,43,42" hai3="10,21,8,76,32,9,50,17,90,83,87,105,131"/><U74/><E119/><V134/><F71/><W88/><G131/><T45/><D117/><U116/><E123/><V37/><F6/><W25/><G105/><T26/><D112/><U102/><E116/><V63/><F63/><W104/><G104/><T51/><D1/><U94/><E38/><V54/><F54/><W127/><G127/><T36/><D120/><U130/><E107/><V67/><F67/><W96/><G32/><T99/><D110/><U56/><E102/><V85/><F28/><W61/><G96/><T5/><D132/><U16/><E130/><V124/><F124/><W69/><REACH who="3" step="1"/><G50/><REACH who="3" ten="240,322,240,178" step="2"/><T11/><D99/><U2/><E48/><V64/><F97/><W44/><G44/><T65/><D51/><U15/><E46/><V92/><F115/><W121/><G121/><T122/><D122/><U100/><E100/><V0/><F101/><W68/><G68/><T125/><D125/><U57/><E57/><V34/><F34/><W118/><G118/><T133/><D45/><U18/><E56/><V103/><F103/><W30/><G30/><T114/><D114/><U23/><E62/><V72/><F29/><W109/><G109/><T86/><D31/><U53/><E60/><V52/><F134/><W111/><G111/><T73/><D133/><U19/><E23/><V35/><F20/><W24/><G24/><T128/><D26/><U84/><E22/><V41/><F27/><W47/><G47/><T81/><D128/><U108/><E108/><V129/><F35/><W33/><G33/><T13/><D98/><U59/><E59/><V55/><F129/><RYUUKYOKU ba="1,2" sc="240,-10,322,-10,240,-10,178,30" hai3="8,9,10,17,21,25,61,69,76,83,87,88,90" />
</Scene>
<Scene>
<INIT seed="2,2,2,0,0,113" ten="230,312,230,208" oya="2" hai0="68,106,95,6,93,117,115,56,123,108,12,76,38" hai1="87,70,57,127,33,74,14,134,120,85,63,34,71" hai2="67,9,36,50,122,135,103,124,20,30,19,7,23" hai3="77,100,2,73,129,58,82,10,114,105,60,15,94"/><V27/><F36/><W51/><G129/><T111/><D115/><U28/><E74/><V52/><F122/><W109/><G114/><T44/><D123/><U65/><E120/><V54/><F124/><W64/><G109/><N who="0" m="42059" /><D68/><U84/><E127/><V104/><F135/><W22/><G2/><T96/><D76/><U112/><E112/><V21/><F67/><W26/><G105/><T17/><D6/><U55/><E134/><V53/><F50/><W83/><G51/><T126/><D126/><U45/><E45/><V59/><F59/><W91/><G100/><N who="0" m="62727" /><D56/><U78/><E78/><V69/><F69/><W88/><G83/><T107/><D107/><U42/><E71/><V99/><REACH who="2" step="1"/><F30/><REACH who="2" ten="230,312,220,208" step="2"/><W92/><G58/><T80/><D38/><U81/><E28/><V24/><F24/><W72/><G64/><T46/><D44/><U131/><E70/><V116/><F116/><W43/><G26/><T35/><D46/><U97/><E65/><V11/><F11/><W98/><G10/><N who="0" m="6295" /><D117/><U61/><E57/><V86/><F86/><W119/><G119/><T3/><D3/><AGARI ba="2,3" hai="3,7,9,19,20,21,23,27,52,53,54,99,103,104" machi="3" ten="40,12000,1" yaku="1,1,54,1,53,3" doraHai="113" doraHaiUra="48" who="2" fromWho="0" sc="230,-126,312,0,220,156,208,0" />
</Scene>
<Scene>
<INIT seed="2,3,0,0,0,42" ten="104,312,376,208" oya="2" hai0="118,117,17,70,37,10,75,71,86,49,61,38,90" hai1="54,81,33,82,95,85,9,14,88,97,57,15,93" hai2="30,76,50,29,131,126,11,26,35,132,43,0,7" hai3="107,106,121,69,80,74,39,130,3,96,63,55,45"/><V102/><F102/><W129/><G121/><T23/><D75/><U94/><E33/><V109/><F76/><N who="3" m="44055" /><G3/><T103/><D103/><U87/><E97/><V113/><F113/><W98/><G98/><T28/><D28/><U56/><E54/><V112/><F112/><W99/><G99/><T8/><D49/><U104/><E104/><V12/><F126/><W46/><G96/><T40/><D8/><U108/><E108/><V78/><F78/><W22/><G22/><T62/><D10/><U122/><E122/><V5/><F132/><W51/><G69/><N who="0" m="26123" /><D62/><U91/><REACH who="1" step="1"/><E15/><REACH who="1" ten="104,302,376,208" step="2"/><V100/><F12/><W2/><G107/><T6/><D118/><U73/><E73/><V68/><F109/><W124/><G106/><T65/><D117/><U47/><E47/><V32/><F32/><W92/><G46/><T119/><D119/><U134/><E134/><V58/><F35/><W20/><G45/><T135/><D135/><U77/><E77/><V60/><F100/><W128/><G55/><T101/><D101/><U67/><E67/><V79/><F79/><W44/><G44/><T66/><D66/><U89/><E89/><V48/><F43/><W123/><G123/><T115/><D40/><U21/><E21/><V34/><F34/><W125/><G125/><T114/><D114/><U25/><E25/><V53/><F26/><W52/><G124/><T84/><D115/><U83/><E83/><V127/><F53/><W105/><G105/><T72/><D65/><U36/><E36/><V41/><F127/><W59/><G39/><N who="0" m="14859" /><D72/><U13/><E13/><V27/><F41/><RYUUKYOKU ba="3,1" sc="104,-10,302,30,376,-10,208,-10" hai1="9,14,56,57,81,82,85,87,88,91,93,94,95" />
</Scene>
<Scene>
<INIT seed="3,4,1,1,2,60" ten="94,332,366,198" oya="3" hai0="11,27,96,120,58,35,6,73,32,134,1,43,107" hai1="94,112,132,9,101,121,80,89,87,113,126,3,64" hai2="130,19,12,77,2,0,48,55,31,7,108,30,97" hai3="72,78,128,86,114,69,22,70,28,79,81,51,75"/><W24/><G114/><T13/><D120/><U90/><E121/><V62/><F77/><W44/><G128/><T129/><D73/><U127/><E101/><V100/><F108/><W82/><REACH who="3" step="1"/><G86/><REACH who="3" ten="94,332,366,188" step="2"/><T83/><D129/><U54/><E113/><V91/><F130/><W133/><G133/><T111/><D134/><U34/><E112/><V21/><F0/><W115/><G115/><T42/><D1/><U17/><E132/><V84/><F2/><W65/><G65/><T76/><D111/><U124/><E64/><V41/><F84/><W5/><G5/><T23/><D6/><U8/><E3/><V33/><F7/><W95/><G95/><T119/><D107/><U14/><E94/><V123/><F123/><W109/><G109/><T103/><D119/><U66/><E66/><V49/><F33/><W117/><G117/><T57/><D32/><U25/><E87/><V18/><F31/><W135/><G135/><T61/><D35/><U20/><E80/><V63/><F30/><W47/><G47/><T38/><D83/><U29/><E54/><AGARI ba="4,2" hai="22,24,28,44,51,54,69,70,72,75,78,79,81,82" machi="54" ten="30,12000,1" yaku="1,1,7,1,9,1,53,2" doraHai="60" doraHaiUra="104" who="3" fromWho="1" sc="94,0,332,-132,366,0,188,152" />
</Scene>
<Scene>
<INIT seed="3,5,0,1,4,101" ten="94,200,366,340" oya="3" hai0="92,51,4,23,70,32,112,14,99,100,11,13,49" hai1="65,48,126,21,37,87,47,42,108,71,83,46,95" hai2="111,3,109,24,85,128,110,97,43,122,56,80,88" hai3="118,0,54,2,19,18,57,130,116,103,127,69,17"/><W121/><G121/><T31/><D32/><U124/><E95/><V84/><F3/><W98/><G69/><T81/><D70/><U114/><E114/><V5/><F5/><W123/><G123/><T120/><D120/><U20/><E108/><V26/><F122/><W62/><G127/><N who="1" m="48682" /><E65/><V79/><F128/><W72/><G130/><T96/><D112/><U27/><E71/><V53/><F43/><W125/><G72/><T9/><D81/><U119/><E119/><V133/><F97/><W34/><G125/><T38/><D38/><U134/><E134/><V82/><REACH who="2" step="1"/><F133/><REACH who="2" ten="94,200,356,340" step="2"/><W76/><G0/><T45/><D99/><U74/><E42/><V16/><F16/><W94/><G2/><T25/><REACH who="0" step="1"/><D45/><REACH who="0" ten="84,200,356,340" step="2"/><U90/><E46/><V61/><AGARI ba="5,2" hai="24,26,53,56,61,79,80,82,84,85,88,109,110,111" machi="61" ten="30,7900,0" yaku="1,1,0,1,14,1,54,1,53,0" doraHai="101" doraHaiUra="8" who="2" fromWho="2" sc="84,-25,200,-25,356,114,340,-44" />
</Scene>
<Scene>
<INIT seed="4,0,0,4,1,10" ten="59,175,470,296" oya="0" hai0="67,27,64,1,79,125,28,3,58,15,110,8,25" hai1="123,18,97,80,127,13,38,68,50,84,24,62,52" hai2="59,119,130,65,132,36,40,53,83,114,91,82,95" hai3="47,34,71,77,98,16,55,22,11,89,86,9,66"/><T60/><D125/><U128/><E123/><V101/><F65/><W45/><G34/><T124/><D124/><U54/><E127/><V100/><F114/><W31/><G31/><T75/><D110/><U109/><E38/><V17/><F36/><W99/><G77/><T81/><D67/><U21/><E109/><V39/><F39/><W102/><G71/><T88/><D88/><N who="1" m="51207" /><E68/><V131/><F40/><W19/><G66/><T23/><REACH who="0" step="1"/><D27/><REACH who="0" ten="49,175,470,296" step="2"/><U78/><E128/><V104/><F91/><W2/><G89/><T106/><D106/><U69/><E69/><V26/><F104/><W116/><G116/><T87/><D87/><U135/><E135/><V121/><F119/><W4/><G86/><T74/><D74/><U85/><E78/><V129/><F26/><W76/><G76/><T93/><D93/><U29/><E85/><V37/><F132/><W134/><G134/><T96/><D96/><U94/><E62/><V133/><F95/><W90/><G99/><T117/><D117/><U126/><E126/><V32/><F133/><W113/><G90/><T105/><D105/><U42/><E97/><V43/><F130/><W118/><G118/><T12/><D12/><U0/><E94/><V107/><F131/><W73/><G73/><T46/><D46/><N who="1" m="25943" /><E0/><V56/><F129/><W63/><G98/><T57/><D57/><U14/><E14/><V35/><F56/><W44/><G63/><T120/><D120/><U72/><E72/><V108/><F107/><W30/><G2/><T92/><D92/><U49/><E13/><V61/><F121/><W41/><G47/><RYUUKYOKU ba="0,1" sc="49,30,175,-10,470,-10,296,-10" hai0="1,3,8,15,23,25,28,58,60,64,75,79,81" />
</Scene>
<Scene>
<INIT seed="4,1,1,1,4,110" ten="79,165,460,286" oya="0" hai0="24,72,10,122,80,8,78,115,65,59,114,116,74" hai1="123,36,76,25,51,99,79,86,103,66,126,90,81" hai2="44,34,93,39,97,52,105,56,121,132,135,109,73" hai3="37,11,18,92,87,130,101,119,84,133,54,129,67"/><T69/><D116/><U14/><E36/><V22/><F34/><W96/><G119/><T94/><D122/><U61/><E123/><V35/><F35/><W17/><G133/><N who="2" m="51273" /><F121/><W60/><G37/><T131/><D69/><U63/><E126/><V104/><F73/><W32/><G32/><T15/><D131/><N who="3" m="50185" /><G54/><T29/><D94/><N who="1" m="58871" /><E25/><V6/><F6/><W26/><G26/><T43/><D43/><U12/><E51/><N who="2" m="30751" /><F22/><W89/><G11/><T83/><D59/><N who="1" m="37183" /><E63/><V127/><F109/><W2/><G2/><T7/><D65/><U71/><E71/><V20/><F20/><W50/><G50/><T28/><D10/><U42/><E42/><N who="2" m="22623" /><F127/><W124/><G124/><T9/><D9/><U108/><E108/><V88/><AGARI ba="1,1" hai="88,93,97,104,105" m="22623,30751,51273" machi="88" ten="30,4000,0" yaku="20,1,54,2" doraHai="110" who="2" fromWho="2" sc="79,-21,165,-11,460,53,286,-11" />
</Scene>
<Scene>
<INIT seed="5,0,0,5,0,32" ten="58,154,513,275" oya="1" hai0="31,43,100,87,110,105,29,12,58,11,134,80,18" hai1="133,3,49,119,102,28,13,85,36,20,131,0,45" hai2="114,122,51,37,71,39,9,70,113,47,61,52,92" hai3="89,97,103,127,76,135,74,65,91,78,111,23,63"/><U38/><E119/><V125/><F122/><W57/><G111/><T129/><D110/><U19/><E131/><V99/><F9/><W35/><G35/><T73/><D129/><U88/><E133/><V95/><F125/><W7/><G127/><T120/><D134/><U90/><E102/><N who="2" m="60775" /><F95/><N who="3" m="58815" /><G74/><T67/><D120/><U50/><E28/><V10/><F10/><W86/><G7/><T123/><D123/><U34/><E34/><V16/><F16/><W54/><G23/><T72/><D43/><U44/><E19/><V128/><F128/><W2/><G2/><T107/><D72/><U22/><E85/><V26/><F26/><W56/><G135/><T25/><D73/><U42/><E42/><V64/><F70/><W124/><G124/><T5/><D100/><U48/><E48/><V66/><F66/><W75/><G75/><T115/><D115/><AGARI ba="0,0" hai="37,39,47,51,52,61,64,71,113,114,115" m="60775" machi="115" ten="30,3900,0" yaku="15,1,11,1,54,1" doraHai="32" who="2" fromWho="0" sc="58,-39,154,0,513,39,275,0" />
</Scene>
<Scene>
<INIT seed="6,0,0,4,4,75" ten="19,154,552,275" oya="2" hai0="19,132,4,82,45,106,101,79,98,8,76,73,12" hai1="95,110,57,116,24,102,32,52,59,51,77,68,115" hai2="127,107,44,27,128,3,112,87,33,91,105,92,2" hai3="61,11,78,41,86,18,129,10,5,135,93,46,17"/><V54/><F112/><W67/><G129/><T38/><D132/><U60/><E110/><V125/><F128/><W40/><G11/><T122/><D122/><U84/><E116/><V39/><F33/><W85/><G135/><T63/><D63/><U113/><E68/><V72/><F72/><W62/><G41/><T42/><D19/><U43/><E102/><V53/><F27/><W108/><G85/><T83/><D12/><U97/><E97/><V14/><F14/><W69/><G61/><T109/><D8/><U119/><E119/><V28/><F28/><W16/><G108/><T56/><D56/><U104/><E104/><V80/><F105/><W124/><G124/><N who="2" m="47689" /><F107/><W36/><G93/><T103/><D103/><U94/><E32/><V130/><F130/><W123/><G123/><T22/><D22/><U0/><E0/><N who="2" m="43" /><F92/><W21/><G21/><T23/><D23/><U126/><E24/><V90/><F90/><W66/><G10/><T9/><D9/><U99/><E126/><V96/><F96/><W30/><G30/><T48/><D4/><U29/><E29/><V37/><F37/><W120/><G5/><T1/><D1/><U100/><E95/><V20/><F20/><W117/><G117/><T7/><D7/><U111/><E111/><V35/><F35/><W71/><G120/><T134/><D109/><U58/><E100/><V133/><F133/><W50/><G36/><T114/><D134/><U49/><E99/><V74/><F74/><W47/><G17/><T55/><D114/><U65/><E115/><V26/><F26/><W88/><G18/><RYUUKYOKU ba="0,0" sc="19,-10,154,-10,552,30,275,-10" hai2="39,44,53,54,80,87,91" />
</Scene>
<Scene>
<INIT seed="6,1,0,3,4,100" ten="9,144,582,265" oya="2" hai0="50,39,75,7,13,71,121,131,40,26,28,60,61" hai1="59,62,9,56,135,82,78,63,41,1,17,122,67" hai2="49,114,53,91,2,64,54,94,57,126,81,42,93" hai3="44,65,85,112,37,79,89,116,113,73,16,32,38"/><V8/><F114/><N who="3" m="44139" /><G116/><T69/><D13/><U20/><E135/><V6/><F126/><W3/><G32/><T10/><D10/><U18/><E122/><V104/><F104/><W80/><G3/><T92/><D92/><U15/><E41/><V45/><F64/><W30/><G30/><T12/><D12/><U55/><E1/><V102/><F102/><W109/><G109/><T95/><D95/><U101/><E101/><V118/><F118/><W34/><G34/><T88/><D88/><U24/><E82/><V48/><REACH who="2" step="1"/><F42/><REACH who="2" ten="9,144,572,265" step="2"/><W5/><G65/><N who="0" m="41127" /><D7/><U107/><E107/><V51/><F51/><W120/><G5/><T21/><D21/><U76/><AGARI ba="1,1" hai="9,15,17,18,20,24,55,56,59,62,63,67,76,78" machi="76" ten="30,2000,0" yaku="0,1,8,1" doraHai="100" who="1" fromWho="1" sc="9,-6,144,33,572,-11,265,-6" />
</Scene>
<Scene>
<INIT seed="7,0,0,2,5,27" ten="3,177,561,259" oya="3" hai0="103,14,39,48,24,81,32,50,96,131,3,18,23" hai1="82,61,0,34,29,31,108,132,26,65,113,106,41" hai2="129,124,123,33,45,74,28,59,135,90,80,105,38" hai3="46,10,66,52,54,116,67,42,40,19,87,119,77"/><W121/><G121/><T76/><D3/><U57/><E108/><V104/><F59/><W93/><G116/><T17/><D39/><U100/><E0/><V117/><F90/><N who="3" m="53471" /><G119/><T111/><D111/><U112/><E41/><N who="3" m="15978" /><G77/><T134/><D131/><U6/><E6/><V75/><F45/><W16/><G19/><T64/><D64/><N who="3" m="24617" /><G46/><T72/><D134/><U126/><E132/><V98/><F105/><W35/><G35/><T85/><D72/><U58/><E126/><V7/><F104/><W56/><G56/><T78/><D78/><U9/><E58/><V11/><F75/><W114/><G114/><N who="1" m="44138" /><E9/><V73/><F74/><W62/><G62/><T86/><D86/><U51/><E51/><V101/><F73/><W37/><G37/><T89/><D76/><U60/><E60/><V120/><F38/><W99/><G99/><T36/><D36/><U130/><E82/><V71/><F33/><W8/><G8/><T133/><D133/><U43/><E43/><V83/><F71/><W68/><G68/><T63/><D63/><U109/><E109/><V47/><F98/><W55/><G55/><T102/><D32/><U53/><E130/><V125/><F47/><W5/><G5/><T22/><D96/><N who="1" m="61703" /><E53/><V44/><F11/><W69/><G69/><T92/><D81/><U70/><E57/><V21/><F7/><W13/><AGARI ba="0,0" hai="10,13,16,52,54" m="24617,15978,53471" machi="13" ten="30,6000,0" yaku="8,1,54,2" doraHai="27" who="3" fromWho="3" sc="3,-20,177,-20,561,-20,259,60" owari="-17,-52.0,157,-24.0,541,64.0,319,12.0" />
</Scene>
</mjloggm>