<mjloggm ver="2.3"><GO type="169" lobby="0"/><UN n0="%E9%96%8B%E3%81%8B%E3%82%8C" n1="%7A%65%72%6F%52%58" n2="%E6%B0%B7%E6%B2%B3%E9%A2%A8" n3="%E5%A4%AA%E3%81%8F%E3%81%AA%E3%81%84%E3%81%8A" dan="16,16,17,17" rate="2053.07,2093.52,2160.70,2186.46" sx="F,M,M,M"/><TAIKYOKU oya="0"/>

<Scene>
<INIT seed="0,0,0,5,1,10" ten="250,250,250,250" oya="0" hai0="43,9,92,33,59,127,68,15,32,65,2,128,66" hai1="67,79,131,135,23,62,46,4,110,3,63,1,31" hai2="69,130,25,96,134,102,91,17,77,116,122,44,64" hai3="86,118,29,87,129,40,100,126,84,132,74,11,78"/><T36/><D2/><U42/><E110/><V80/><F122/><W99/><G118/><T109/><D68/><U24/><E135/><V133/><F116/><W35/><G40/><T56/><D127/><U18/><E131/><V97/><F130/><W71/><G129/><T41/><D128/><U125/><E125/><V73/><F91/><W6/><G126/><T101/><D109/><U37/><E79/><V55/><F64/><N who="0" m="24682" /><D33/><U123/><E123/><V13/><F69/><W72/><G71/><T107/><D36/><U58/><E4/><V111/><F25/><W119/><G119/><T27/><D107/><U30/><E62/><V60/><F111/><W81/><G132/><N who="2" m="50793" /><F102/><W105/><G72/><T83/><D32/><U108/><E108/><V85/><F73/><W95/><G35/><T16/><D27/><U89/><E89/><V0/><F0/><W54/><G29/><T21/><D83/><U113/><E30/><V38/><F60/><W19/><G19/><N who="0" m="8687" /><D92/><U104/><E104/><V12/><F38/><W8/><G105/><T51/><D101/><U53/><E113/><V93/><F17/><W90/><G6/><T115/><D115/><U22/><E67/><V103/><F96/><W70/><G70/><T76/><D76/><U121/><E121/><V50/><AGARI ba="0,0" hai="12,13,44,50,55,77,80,85,93,97,103" m="50793" machi="50" ten="30,4000,0" yaku="20,1,52,2" doraHai="10" who="2" fromWho="2" sc="250,-20,250,-10,250,40,250,-10" />
</Scene>
<Scene>
<INIT seed="1,0,0,0,2,32" ten="230,240,290,240" oya="1" hai0="67,90,15,30,111,117,76,122,83,10,132,73,0" hai1="114,123,28,42,115,4,134,59,105,131,7,86,6" hai2="66,14,41,18,52,119,78,40,70,89,104,75,48" hai3="112,101,84,13,107,34,49,12,87,23,118,45,88"/><U35/><E105/><V54/><F119/><W9/><G34/><T39/><D117/><U61/><E123/><V110/><F104/><W113/><G118/><T135/><D122/><U68/><E68/><V129/><F110/><W43/><G84/><T77/><D39/><U57/><E134/><N who="0" m="51241" /><D67/><U109/><E109/><V36/><F36/><W133/><G133/><T60/><D60/><U3/><E42/><V53/><F129/><W72/><G72/><T127/><D111/><U91/><E131/><V108/><F108/><W99/><G23/><T81/><D30/><U47/><E47/><V96/><F48/><W31/><G31/><T100/><D90/><U21/><E35/><V65/><F78/><W55/><G43/><N who="2" m="16457" /><F75/><W94/><REACH who="3" step="1"/><G13/><REACH who="3" ten="230,240,290,230" step="2"/><T27/><D73/><U26/><E115/><V20/><F70/><W85/><G85/><T74/><D74/><U51/><E114/><V58/><F58/><W69/><G69/><T71/><D71/><U5/><E59/><V64/><F96/><W19/><AGARI ba="0,1" hai="9,12,19,45,49,55,87,88,94,99,101,107,112,113" machi="19" ten="20,5200,0" yaku="1,1,0,1,7,1,54,1,53,0" doraHai="32" doraHaiUra="121" who="3" fromWho="3" sc="230,-13,240,-26,290,-13,230,62" />
</Scene>
<Scene>
<INIT seed="2,0,0,0,1,8" ten="217,214,277,292" oya="2" hai0="56,124,19,74,42,132,117,95,10,27,31,62,115" hai1="79,77,61,118,40,127,39,90,128,101,30,103,29" hai2="15,126,60,7,3,107,82,37,94,35,64,57,70" hai3="14,36,78,105,4,72,49,80,83,13,69,5,0"/><V86/><F107/><W73/><G36/><T110/><D115/><U125/><E118/><V44/><F126/><N who="1" m="48137" /><E61/><V2/><F35/><W20/><G105/><T34/><D124/><U97/><E90/><V1/><F94/><W48/><G0/><T47/><D74/><U130/><E40/><V22/><F70/><W26/><G69/><T68/><D68/><U45/><E45/><V99/><F99/><W21/><G26/><T116/><D110/><U92/><E39/><V46/><F37/><W111/><REACH who="3" step="1"/><G78/><REACH who="3" ten="217,214,277,282" step="2"/><N who="1" m="29706" /><E103/><V134/><F134/><W81/><G81/><T67/><D132/><U75/><E75/><V63/><F1/><W9/><G9/><T123/><D117/><U109/><E109/><AGARI ba="0,1" hai="4,5,13,14,20,21,48,49,72,73,80,83,109,111" machi="109" ten="25,8000,1" yaku="1,1,22,2,52,2,53,0" doraHai="8" doraHaiUra="131" who="3" fromWho="1" sc="217,0,214,-80,277,0,282,90" />
</Scene>
<Scene>
<INIT seed="3,0,0,3,0,92" ten="217,134,277,372" oya="3" hai0="124,89,6,43,32,14,100,84,65,26,8,0,13" hai1="16,113,129,59,40,110,130,107,120,73,12,46,70" hai2="9,49,109,25,116,38,112,11,47,39,64,29,33" hai3="104,31,18,60,54,58,52,62,115,3,63,127,2"/><W37/><G115/><T48/><D124/><U72/><E70/><V74/><F112/><W55/><G37/><T99/><D65/><U83/><E113/><V88/><F116/><W117/><G117/><T57/><D32/><U125/><E120/><V75/><F109/><W36/><G36/><T85/><D26/><U78/><E110/><V42/><F64/><W34/><G127/><T133/><D133/><U20/><E125/><V44/><F39/><W50/><G104/><T106/><D85/><U93/><E107/><V27/><F27/><W15/><G34/><T105/><D105/><U134/><E134/><V45/><F45/><W119/><G119/><T94/><D43/><U132/><E132/><V56/><F56/><W97/><G31/><T103/><D103/><U98/><E59/><V69/><F69/><W79/><G79/><T90/><D90/><U101/><REACH who="1" step="1"/><E73/><REACH who="1" ten="217,124,277,372" step="2"/><V123/><F123/><W108/><G108/><T19/><D57/><U118/><E118/><V91/><F74/><W51/><G58/><T126/><D126/><U82/><E82/><V80/><F75/><W53/><G62/><T96/><D106/><U86/><E86/><V30/><F80/><W41/><G60/><T23/><D84/><U10/><E10/><V102/><F9/><W95/><G63/><T5/><D8/><U76/><E76/><V71/><F11/><W21/><G2/><T131/><D0/><U24/><E24/><V87/><F71/><W22/><G3/><T17/><D5/><U1/><E1/><V4/><F25/><W114/><N who="3" m="13824" /><DORA hai="7" /><W111/><G114/><RYUUKYOKU ba="0,1" sc="217,-10,124,30,277,-10,372,-10" hai1="12,16,20,40,46,72,78,83,93,98,101,129,130" />
</Scene>
<Scene>
<INIT seed="4,1,1,4,0,17" ten="207,154,267,362" oya="0" hai0="107,122,121,132,71,18,131,101,60,93,29,103,87" hai1="43,2,21,1,13,39,78,56,104,30,33,22,57" hai2="62,105,68,102,4,50,116,24,106,123,98,51,37" hai3="90,120,7,20,63,3,86,112,113,128,16,134,89"/><T14/><D131/><U40/><E104/><V52/><F123/><W79/><G128/><T88/><D132/><U73/><E33/><V129/><F37/><W46/><G134/><T48/><D29/><U95/><E30/><V94/><F129/><W0/><G120/><T53/><D103/><U8/><E78/><V126/><F126/><W64/><G46/><T97/><D60/><U108/><E73/><V44/><F116/><W49/><G49/><T85/><D85/><U96/><E1/><V130/><F130/><W125/><G79/><T23/><D71/><U5/><E108/><V47/><F4/><W70/><G125/><T111/><D111/><U99/><E2/><N who="3" m="554" /><G7/><T115/><D115/><N who="3" m="44105" /><G86/><T10/><D10/><U38/><E38/><V28/><F62/><W119/><G119/><T133/><D133/><U77/><E77/><V54/><F68/><W84/><G84/><T82/><D82/><U109/><E99/><V41/><F41/><N who="1" m="15945" /><E39/><V127/><F127/><W72/><G72/><T11/><D11/><U27/><E109/><V61/><F61/><W36/><G36/><T110/><D110/><U92/><E27/><AGARI ba="1,1" hai="16,20,27,63,64,70,89,90" m="44105,554" machi="27" ten="30,3900,0" yaku="15,1,52,1,54,1" doraHai="17" who="3" fromWho="1" sc="207,0,154,-42,267,0,362,52" />
</Scene>
<Scene>
<INIT seed="5,0,0,4,4,42" ten="207,112,267,414" oya="1" hai0="40,36,43,74,108,105,122,103,135,70,87,1,3" hai1="97,86,58,125,62,88,44,7,39,71,123,69,81" hai2="110,100,127,129,61,112,24,10,47,38,80,115,17" hai3="82,26,25,16,119,109,19,68,78,64,54,34,67"/><U131/><E123/><V116/><F110/><W124/><G109/><T18/><D87/><U28/><E131/><V57/><F129/><W95/><G124/><T45/><D18/><U73/><E125/><V21/><F127/><W84/><G119/><T4/><D43/><U60/><E73/><V114/><F116/><W46/><G68/><T9/><D108/><U63/><E58/><V94/><F80/><W33/><G95/><T96/><D122/><U72/><E72/><V89/><F100/><W85/><G54/><T121/><D121/><U132/><E132/><V120/><F10/><W102/><G102/><T35/><D135/><U59/><E59/><V8/><F8/><W76/><G82/><T27/><D74/><U117/><E117/><V13/><F120/><W22/><G22/><T93/><D93/><U55/><E7/><V23/><F38/><W90/><G90/><T133/><D133/><U83/><E83/><V111/><F111/><W41/><G41/><T113/><D113/><U37/><E28/><V5/><F5/><W48/><G48/><T31/><D1/><U92/><E55/><V6/><F6/><W126/><G126/><T75/><D75/><U30/><E30/><N who="2" m="17679" /><F57/><W118/><G118/><T104/><D104/><U66/><E66/><V32/><F32/><W134/><G134/><T12/><D12/><U130/><E130/><V2/><F2/><W15/><G15/><T106/><D106/><U14/><E14/><V79/><F61/><N who="1" m="15617" /><U65/><DORA hai="91" /><E65/><V128/><F128/><W53/><G53/><T50/><D50/><U99/><E37/><RYUUKYOKU ba="0,0" sc="207,15,112,-15,267,-15,414,15" hai0="3,4,9,27,31,35,36,40,45,70,96,103,105" hai3="16,19,25,26,33,34,46,64,67,76,78,84,85" />
</Scene>
<Scene>
<INIT seed="6,1,0,1,0,14" ten="222,97,252,429" oya="2" hai0="66,84,31,28,134,8,76,54,21,91,120,75,81" hai1="47,22,63,126,113,117,18,57,0,64,45,56,89" hai2="12,41,99,35,121,102,48,19,2,38,109,65,104" hai3="20,32,17,123,133,78,83,108,72,131,30,79,33"/><V44/><F2/><W106/><G108/><T127/><D120/><U115/><E0/><V92/><F121/><W105/><G123/><T39/><D39/><U27/><E117/><V5/><F109/><W42/><G42/><T69/><D127/><U59/><E126/><V3/><F35/><W129/><G78/><T77/><D134/><U87/><E115/><V96/><F65/><W11/><G11/><T10/><D66/><U86/><E113/><V9/><F38/><W95/><G133/><T15/><D69/><U80/><E57/><V61/><F61/><W103/><G95/><T119/><D119/><U25/><E59/><V50/><F50/><W24/><G33/><T98/><D75/><U112/><E112/><V71/><F71/><W107/><REACH who="3" step="1"/><G103/><REACH who="3" ten="222,97,252,419" step="2"/><T55/><D8/><U51/><E51/><V111/><F111/><W40/><G40/><T52/><D77/><U4/><E4/><V49/><F49/><W97/><G97/><T122/><D122/><U70/><E70/><V130/><F130/><W114/><G114/><T93/><D21/><U16/><E87/><V43/><F43/><W26/><AGARI ba="1,1" hai="17,20,24,26,30,32,72,79,83,105,106,107,129,131" machi="26" ten="40,5200,0" yaku="1,1,0,1,52,1,53,0" doraHai="14" doraHaiUra="46" who="3" fromWho="3" sc="222,-14,97,-14,252,-27,419,65" />
</Scene>
<Scene>
<INIT seed="7,0,0,4,1,52" ten="208,83,225,484" oya="3" hai0="101,25,119,70,11,44,61,81,49,10,87,118,71" hai1="94,78,60,64,112,22,130,115,45,6,50,56,31" hai2="26,39,111,21,99,7,40,48,73,128,86,74,75" hai3="113,131,24,42,8,114,23,106,34,4,85,122,12"/><W126/><G122/><T29/><D101/><U62/><E6/><V30/><F39/><W33/><G106/><T59/><D71/><U38/><E78/><V84/><F111/><W0/><G131/><T76/><D70/><U43/><E94/><V105/><F128/><W53/><G42/><N who="0" m="24727" /><D119/><U109/><E22/><V2/><F2/><W100/><G100/><T77/><D77/><U54/><E31/><V65/><F7/><W18/><G126/><T89/><D76/><U134/><E109/><V132/><F132/><W97/><G97/><T120/><D120/><U98/><E98/><V1/><F1/><W92/><G53/><N who="0" m="34031" /><D118/><U72/><E72/><V19/><F65/><W82/><G92/><T57/><D57/><N who="1" m="36943" /><E130/><V35/><F99/><W104/><G104/><T103/><D103/><U83/><E83/><V69/><F69/><W17/><G85/><T127/><D127/><U124/><E124/><V66/><F66/><W93/><G93/><T41/><D41/><U28/><E28/><V95/><F95/><W79/><G79/><T125/><D125/><U68/><E134/><V107/><F107/><W32/><G82/><T58/><D58/><U80/><E80/><V13/><F105/><W121/><G121/><T135/><D135/><U16/><E16/><V37/><F37/><W47/><G47/><T90/><D90/><U36/><E68/><V3/><F3/><W116/><G116/><T46/><D46/><U14/><E14/><V20/><F35/><W133/><G133/><T9/><D9/><AGARI ba="0,0" hai="0,4,8,9,12,17,18,23,24,32,33,34,113,114" machi="9" ten="50,9600,0" yaku="34,3" doraHai="52" who="3" fromWho="0" sc="208,-96,83,0,225,0,484,96" owari="112,-29.0,83,-42.0,225,3.0,580,68.0" />
</Scene>
</mjloggm>