<mjloggm ver="2.3"><GO type="169" lobby="0"/><UN n0="%63%6F%61" n1="%69%74%61%6C%69%61%6E" n2="%79%6F%6B%6F%77%61%73%68" n3="%E5%A4%AA%E3%81%8F%E3%81%AA%E3%81%84%E3%81%8A" dan="17,16,16,17" rate="2206.89,2045.49,2061.79,2240.43" sx="M,M,M,M"/><TAIKYOKU oya="0"/>

<Scene>
<INIT seed="0,0,0,5,2,25" ten="250,250,250,250" oya="0" hai0="80,60,91,98,20,10,43,4,108,114,59,58,30" hai1="9,97,16,99,133,40,5,78,54,124,88,23,0" hai2="100,107,68,106,129,83,66,90,61,14,28,34,131" hai3="44,77,104,48,82,121,85,41,12,62,105,27,120"/><T109/><D114/><U56/><E78/><V11/><F83/><W132/><G132/><T96/><D43/><U94/><E133/><V89/><F90/><W53/><G12/><N who="0" m="5191" /><D80/><U32/><E32/><V75/><F89/><W63/><G27/><N who="0" m="16743" /><D91/><U135/><E135/><V122/><F75/><W51/><G104/><T55/><D58/><U76/><E76/><V93/><F93/><W65/><G105/><T118/><D118/><U35/><E35/><V13/><F122/><N who="3" m="47211" /><G65/><T3/><D3/><U37/><E40/><V73/><F73/><W19/><G19/><T112/><D112/><U52/><E37/><V128/><F100/><W72/><G72/><T49/><D49/><U57/><E124/><V92/><F92/><W74/><G74/><T111/><AGARI ba="0,0" hai="55,59,60,96,98,108,109,111" m="16743,5191" machi="111" ten="30,6000,0" yaku="14,1,10,1,52,1" doraHai="25" who="0" fromWho="0" sc="250,60,250,-20,250,-20,250,-20" />
</Scene>
<Scene>
<INIT seed="0,1,0,1,5,86" ten="310,230,230,230" oya="0" hai0="113,132,84,41,24,106,122,42,32,40,7,97,93" hai1="135,51,75,62,111,49,104,28,2,30,112,107,126" hai2="27,1,80,70,76,89,59,118,43,114,68,31,128" hai3="37,69,131,61,91,3,18,4,90,127,121,79,35"/><T45/><D113/><U52/><E112/><V123/><F114/><W6/><G35/><T65/><D122/><U17/><E111/><V81/><F123/><W55/><G37/><T39/><D132/><U101/><E135/><V0/><F128/><W82/><G121/><T66/><D42/><U23/><E2/><V88/><F118/><W115/><G115/><T50/><D7/><U116/><E116/><V60/><F43/><W11/><G4/><T109/><D109/><U8/><E126/><V134/><F134/><W46/><G127/><T63/><D66/><U99/><E75/><V72/><F0/><W16/><G131/><T19/><D84/><U54/><E8/><V22/><F1/><W15/><G69/><T48/><D41/><U20/><E107/><V119/><F119/><W105/><G105/><T44/><D44/><U133/><E62/><V130/><F130/><W110/><G110/><T98/><D98/><U25/><E133/><V74/><F72/><W53/><G46/><T85/><D85/><U56/><REACH who="1" step="1"/><E23/><REACH who="1" ten="310,220,230,230" step="2"/><V14/><F74/><W12/><G61/><T38/><D63/><U73/><E73/><V95/><F70/><W13/><G3/><T96/><D106/><U29/><E29/><V9/><F68/><W77/><G11/><T117/><D117/><U92/><E92/><V58/><F95/><W67/><G82/><N who="2" m="31849" /><F76/><W5/><G15/><T64/><D93/><U34/><E34/><V36/><F60/><W10/><G10/><T71/><D32/><U21/><E21/><V47/><F22/><W129/><G129/><T120/><D120/><RYUUKYOKU ba="1,1" sc="310,-15,220,15,230,-15,230,15" hai1="17,20,25,28,30,49,51,52,54,56,99,101,104" hai3="5,6,12,13,16,18,53,55,67,77,79,90,91" />
</Scene>
<Scene>
<INIT seed="1,2,1,0,0,61" ten="295,235,215,245" oya="1" hai0="65,116,31,18,33,106,80,47,96,11,32,100,108" hai1="84,131,30,20,112,42,119,82,97,8,120,124,1" hai2="43,135,90,10,126,38,72,74,67,132,39,3,4" hai3="9,68,28,129,13,87,69,22,27,19,117,37,77"/><U60/><E120/><V55/><F55/><W85/><G37/><N who="2" m="13833" /><F43/><W41/><G41/><T105/><D116/><U24/><E119/><V133/><F90/><W63/><G117/><T66/><D106/><U122/><E122/><V111/><F111/><W26/><G129/><T15/><D108/><U12/><E131/><V7/><F126/><W102/><G102/><T88/><D47/><U29/><E124/><V92/><F92/><W99/><G99/><T127/><D127/><U94/><E42/><V54/><F54/><W78/><G27/><T89/><D89/><U109/><E1/><V70/><F7/><W64/><REACH who="3" step="1"/><G69/><REACH who="3" ten="295,235,215,235" step="2"/><T114/><D114/><U123/><E112/><V101/><F101/><W130/><G130/><T23/><D100/><N who="1" m="60471" /><E109/><V59/><F70/><W134/><G134/><T98/><D98/><U49/><E123/><V2/><F3/><W46/><G46/><T91/><D96/><U58/><E30/><V50/><F135/><W36/><G36/><T79/><D31/><U45/><E29/><V51/><F133/><W57/><G57/><T93/><D105/><U62/><E24/><V86/><F132/><W35/><G35/><T21/><D33/><U83/><E58/><V128/><F128/><W118/><G118/><T121/><D32/><U73/><E45/><V40/><F40/><W75/><G75/><T16/><D121/><U56/><E73/><N who="2" m="28267" /><F86/><AGARI ba="2,2" hai="9,13,19,22,26,28,63,64,68,77,78,85,86,87" machi="86" ten="40,2600,0" yaku="1,1,52,1,53,0" doraHai="61" doraHaiUra="48" who="3" fromWho="2" sc="295,0,235,0,215,-32,235,52" />
</Scene>
<Scene>
<INIT seed="2,0,0,1,5,60" ten="295,235,183,287" oya="2" hai0="119,105,40,118,33,51,19,21,66,10,126,59,28" hai1="108,46,69,123,34,39,128,98,129,127,25,130,107" hai2="75,48,76,9,134,53,114,110,73,84,58,2,71" hai3="16,120,24,5,6,78,8,36,4,88,32,89,99"/><V135/><F114/><W11/><G120/><T13/><D105/><U102/><E123/><V115/><F115/><W56/><G36/><T125/><D40/><N who="1" m="22815" /><E108/><V104/><F104/><W47/><G47/><T80/><D80/><U7/><E7/><V62/><F110/><W67/><G78/><T17/><D51/><U95/><E95/><V42/><F2/><W14/><G11/><T91/><D91/><N who="3" m="34889" /><G32/><T94/><D94/><U57/><E57/><V27/><F27/><W70/><G70/><T49/><D49/><U35/><E69/><V68/><F9/><W122/><G122/><T50/><D50/><U86/><E86/><V131/><F131/><W12/><G12/><N who="0" m="9447" /><D33/><N who="1" m="12299" /><E25/><V61/><F42/><W117/><G99/><T77/><D28/><U97/><E97/><V87/><F76/><W109/><G109/><T63/><D77/><U106/><E106/><V100/><F48/><W132/><G56/><T29/><D29/><U54/><E54/><V112/><F112/><W116/><G24/><T96/><D96/><U18/><E18/><V43/><F43/><W64/><G16/><T85/><D85/><U121/><E121/><V55/><REACH who="2" step="1"/><F58/><REACH who="2" ten="295,235,173,287" step="2"/><W81/><G14/><T79/><D79/><U37/><E37/><V111/><F111/><W124/><G8/><T15/><D13/><U26/><E26/><V41/><F41/><W65/><G5/><T92/><D15/><U30/><E30/><V82/><F82/><W103/><G81/><T93/><D10/><U31/><E31/><V101/><AGARI ba="0,1" hai="53,55,61,62,68,71,73,75,84,87,100,101,134,135" machi="101" ten="25,9600,0" yaku="1,1,0,1,22,2,53,0" doraHai="60" doraHaiUra="44" who="2" fromWho="2" sc="295,-32,235,-32,173,106,287,-32" />
</Scene>
<Scene>
<INIT seed="2,1,0,1,3,99" ten="263,203,279,255" oya="2" hai0="100,30,39,69,89,41,109,84,71,135,101,105,27" hai1="61,66,50,64,12,94,103,31,58,38,17,9,40" hai2="81,92,35,13,32,90,75,48,3,119,102,106,28" hai3="110,34,85,25,24,26,1,78,54,2,126,68,93"/><V127/><F3/><W62/><G34/><T47/><D109/><U129/><E129/><V131/><F119/><W128/><G128/><T20/><D135/><U124/><E124/><V57/><F131/><W79/><G110/><T88/><D89/><U104/><E104/><V111/><F111/><W95/><G126/><T53/><D53/><U59/><E38/><V96/><F28/><W70/><G54/><T122/><D122/><U74/><E74/><V63/><F48/><W117/><G117/><T18/><D18/><U118/><E118/><V33/><F13/><W14/><G14/><T5/><D5/><U130/><E130/><V123/><F123/><W115/><G115/><T22/><D22/><U15/><E31/><V10/><F10/><W108/><G108/><T83/><REACH who="0" step="1"/><D105/><REACH who="0" ten="253,203,279,255" step="2"/><U23/><E23/><V97/><F127/><W67/><G25/><T56/><D56/><U73/><E17/><V51/><F51/><W49/><G49/><T91/><D91/><U98/><E50/><V43/><F43/><W21/><G21/><T121/><D121/><U8/><E40/><V80/><REACH who="2" step="1"/><F75/><REACH who="2" ten="253,203,269,255" step="2"/><W55/><G24/><T4/><D4/><U65/><E73/><V120/><F120/><W44/><G26/><T11/><D11/><U77/><E8/><V6/><F6/><W0/><G62/><T112/><D112/><U60/><E9/><V29/><F29/><W82/><G1/><T37/><D37/><U19/><E19/><V113/><F113/><W107/><G2/><T72/><D72/><U52/><E61/><V116/><F116/><W36/><G0/><RYUUKYOKU ba="1,2" sc="253,15,203,-15,269,15,255,-15" hai0="20,27,30,39,41,47,69,71,83,84,88,100,101" hai2="32,33,35,57,63,80,81,90,92,96,97,102,106" />
</Scene>
<Scene>
<INIT seed="2,2,2,4,5,61" ten="268,188,284,240" oya="2" hai0="54,111,97,86,135,119,40,12,32,0,121,34,125" hai1="98,16,62,104,83,43,52,94,103,95,22,60,36" hai2="105,73,74,96,10,113,129,23,99,59,76,85,127" hai3="79,8,53,26,17,80,63,100,28,31,122,92,82"/><V64/><F113/><W38/><G38/><T68/><D121/><U33/><E33/><V108/><F73/><W27/><G122/><T109/><D0/><U120/><E120/><V123/><F123/><W114/><G114/><T106/><D135/><U75/><E43/><V44/><F74/><W93/><G63/><T9/><D40/><U18/><E36/><V11/><F105/><W1/><G1/><T110/><D125/><U88/><E18/><V101/><F129/><W15/><G53/><T46/><D68/><U2/><E2/><V45/><F23/><W49/><G49/><N who="0" m="28983" /><D119/><U107/><E75/><V132/><F132/><W24/><G82/><T51/><D51/><U65/><E83/><N who="2" m="47335" /><F101/><W91/><G100/><N who="0" m="62735" /><D86/><U13/><E95/><V112/><F127/><W87/><REACH who="3" step="1"/><G93/><REACH who="3" ten="268,188,284,230" step="2"/><T4/><AGARI ba="2,3" hai="4,9,12,32,34,109,110,111" m="62735,28983" machi="4" ten="30,1100,0" yaku="14,1" doraHai="61" who="0" fromWho="0" sc="268,47,188,-5,284,-7,230,-5" />
</Scene>
<Scene>
<INIT seed="3,0,0,1,3,85" ten="315,183,277,225" oya="3" hai0="94,95,103,71,131,52,42,73,68,14,126,96,122" hai1="32,2,16,67,30,97,53,24,22,79,8,47,60" hai2="15,49,123,88,119,59,128,87,12,113,101,90,72" hai3="25,40,34,58,1,112,102,0,27,118,37,13,133"/><W74/><G112/><T91/><D73/><U46/><E79/><V48/><F113/><W116/><G58/><T57/><D122/><U130/><E130/><V82/><F72/><W117/><G74/><T62/><D131/><U4/><E97/><V78/><F119/><W45/><G133/><T129/><D129/><U63/><E53/><N who="2" m="32167" /><F128/><W120/><G120/><T70/><D126/><U132/><E132/><V28/><F123/><W99/><G13/><N who="2" m="5193" /><F28/><N who="3" m="19727" /><G27/><T110/><D110/><U104/><E104/><AGARI ba="0,0" hai="0,1,37,40,45,99,102,104,116,117,118" m="19727" machi="104" ten="30,1500,0" yaku="23,1" doraHai="85" who="3" fromWho="1" sc="315,0,183,-15,277,0,225,15" />
</Scene>
<Scene>
<INIT seed="3,1,0,4,3,115" ten="315,168,277,240" oya="3" hai0="74,79,63,6,3,16,107,133,12,1,67,15,31" hai1="108,25,75,10,18,126,0,77,55,8,47,123,35" hai2="7,45,81,88,69,82,43,54,13,120,19,60,112" hai3="37,71,83,76,73,20,34,118,14,98,122,4,21"/><W44/><G122/><T94/><D107/><U113/><E123/><V97/><F112/><W100/><G34/><T65/><D31/><U105/><E113/><V125/><F7/><W29/><G71/><T30/><D30/><U91/><E108/><V42/><F125/><W5/><G118/><T119/><D119/><U23/><E126/><V57/><F69/><W56/><G56/><T95/><D133/><U90/><E105/><V99/><F120/><W49/><G37/><T24/><D24/><U78/><E35/><V41/><F45/><W66/><G66/><T124/><D124/><U51/><E75/><V96/><REACH who="2" step="1"/><F88/><REACH who="2" ten="315,168,267,240" step="2"/><N who="1" m="33833" /><E0/><V129/><F129/><W104/><G5/><T32/><D6/><U110/><E110/><V117/><F117/><W58/><G44/><T92/><D3/><U36/><E36/><V93/><F93/><W28/><G4/><T40/><D1/><U70/><E70/><V33/><F33/><W130/><G130/><T39/><D32/><U59/><E47/><V131/><F131/><W48/><G58/><T11/><D39/><U109/><E109/><V86/><F86/><W84/><G84/><T68/><D74/><U134/><E134/><V2/><F2/><W135/><G135/><T62/><D68/><U64/><E64/><V80/><F80/><W22/><G83/><T132/><D132/><U52/><E55/><V121/><F121/><W85/><G73/><T89/><D67/><U111/><E111/><V127/><F127/><W53/><G104/><T38/><D38/><U114/><E114/><V101/><F101/><W17/><G100/><RYUUKYOKU ba="1,1" sc="315,-15,168,15,267,15,240,-15" hai1="8,10,18,23,25,51,52,59,77,78" hai2="13,19,41,42,43,54,57,60,81,82,96,97,99" />
</Scene>
<Scene>
<INIT seed="4,2,1,4,1,58" ten="300,183,282,225" oya="0" hai0="131,62,67,45,30,10,0,98,100,86,76,117,52" hai1="72,92,21,41,38,120,66,48,26,102,68,129,65" hai2="132,133,81,124,14,19,93,135,40,134,112,24,103" hai3="84,115,54,82,91,44,107,7,49,85,64,79,13"/><T105/><D117/><U9/><E120/><V75/><F40/><W36/><G107/><T106/><D131/><U130/><E72/><V2/><F2/><W101/><G115/><T27/><D76/><U126/><E38/><V80/><F24/><W23/><G101/><T78/><D78/><U6/><E126/><V15/><F19/><W88/><G36/><T28/><D86/><U116/><E116/><V74/><F15/><W122/><G122/><T32/><D30/><U3/><E65/><V53/><F53/><W97/><G97/><T60/><D106/><U37/><E37/><V29/><F14/><W89/><G64/><T109/><D109/><U99/><E48/><V31/><F29/><W59/><G44/><T90/><D90/><U121/><E41/><V17/><F17/><N who="3" m="10671" /><G7/><T108/><D108/><U113/><E113/><V94/><F31/><W16/><G16/><T70/><D10/><U47/><E47/><V4/><F4/><W127/><G127/><T125/><D125/><U51/><E51/><V118/><F124/><W77/><G91/><T50/><D0/><U42/><E42/><V83/><F135/><W34/><G34/><T55/><D55/><U61/><REACH who="1" step="1"/><E121/><REACH who="1" ten="300,173,282,225" step="2"/><V69/><F118/><W110/><G110/><T25/><D67/><U57/><E57/><V95/><F69/><W12/><G12/><T33/><D70/><U111/><E111/><V39/><F39/><W71/><G71/><T22/><D33/><U46/><E46/><V5/><F112/><W114/><G114/><T8/><D32/><U123/><E123/><V18/><F134/><RYUUKYOKU ba="2,2" sc="300,-15,173,15,282,-15,225,15" hai1="3,6,9,21,26,61,66,68,92,99,102,129,130" hai3="49,54,59,77,79,82,84,85,88,89" />
</Scene>
<Scene>
<INIT seed="5,3,2,3,2,124" ten="285,188,267,240" oya="1" hai0="77,35,106,36,79,42,90,32,83,134,52,91,41" hai1="64,115,89,58,9,7,93,78,104,8,132,108,26" hai2="12,76,112,23,27,121,72,3,85,19,22,37,105" hai3="29,94,97,14,13,116,45,11,38,15,48,63,51"/><U113/><E104/><V102/><F121/><W84/><G116/><T81/><D106/><U128/><E132/><V73/><F37/><W43/><G29/><T46/><D134/><U122/><E122/><V95/><F3/><W75/><G75/><T62/><D36/><U39/><E39/><V1/><F1/><W80/><G63/><T16/><D62/><N who="1" m="37975" /><E78/><V17/><F112/><N who="1" m="43081" /><E26/><V123/><F123/><W21/><G21/><T56/><D56/><U131/><E108/><V65/><F65/><W135/><G135/><T6/><D6/><U100/><E100/><V92/><F105/><W114/><G114/><T47/><D16/><U120/><E120/><V110/><F110/><W66/><G66/><T40/><D40/><U50/><E50/><V30/><F102/><N who="3" m="60727" /><G38/><T101/><D101/><U88/><E89/><V20/><F73/><W4/><G51/><T82/><D82/><U28/><E28/><V61/><F72/><W67/><G67/><T119/><D119/><U53/><E53/><AGARI ba="3,2" hai="32,35,41,42,46,47,52,53,77,79,81,83,90,91" machi="53" ten="25,3200,0" yaku="22,2,54,1" doraHai="124" who="0" fromWho="1" sc="285,61,188,-41,267,0,240,0" />
</Scene>
<Scene>
<INIT seed="6,0,0,1,3,71" ten="346,147,267,240" oya="2" hai0="96,100,83,4,134,119,31,112,116,26,58,30,68" hai1="56,17,34,45,94,23,87,2,132,135,62,1,50" hai2="18,90,75,38,39,128,47,105,101,88,114,64,3" hai3="8,73,76,48,65,14,7,66,49,118,91,67,57"/><V24/><F75/><W54/><G118/><N who="0" m="45099" /><D68/><U9/><E34/><V40/><F3/><W117/><G117/><T86/><D112/><U120/><E120/><V106/><F114/><W77/><G73/><T44/><D134/><U27/><E135/><V6/><F6/><W107/><G107/><N who="0" m="63879" /><D4/><U103/><E132/><V43/><F128/><W124/><G124/><T42/><D58/><U123/><E123/><V79/><F64/><W121/><G121/><T11/><D11/><U110/><E110/><V93/><F79/><N who="3" m="30283" /><G91/><N who="0" m="51679" /><D26/><U113/><E113/><V13/><F24/><W29/><G29/><T60/><D60/><AGARI ba="0,0" hai="7,8,14,48,49,54,57,60,65,66,67" m="30283" machi="60" ten="30,1000,0" yaku="8,1" doraHai="71" who="3" fromWho="0" sc="346,-10,147,0,267,0,240,10" />
</Scene>
<Scene>
<INIT seed="7,0,0,5,5,94" ten="336,147,267,250" oya="3" hai0="62,77,23,84,41,17,29,113,63,27,110,89,60" hai1="35,54,31,58,68,98,109,80,28,11,71,5,115" hai2="87,32,69,122,118,33,106,99,131,52,90,73,21" hai3="72,36,123,2,9,125,57,85,45,42,127,86,24"/><W59/><G123/><T43/><D110/><U7/><E109/><V1/><F118/><W121/><G121/><T107/><D107/><U0/><E115/><V55/><F122/><W108/><G108/><T15/><D77/><U130/><E130/><V116/><F116/><W95/><G72/><T75/><D75/><U93/><E80/><V70/><F1/><W40/><G24/><T64/><D64/><U114/><E114/><V18/><F73/><W3/><G95/><N who="0" m="54695" /><D113/><U16/><E7/><V120/><F120/><W53/><G9/><AGARI ba="0,0" hai="9,15,17,23,27,29,41,43,60,62,63" m="54695" machi="9" ten="30,1000,0" yaku="8,1" doraHai="94" who="0" fromWho="3" sc="336,10,147,0,267,0,250,-10" owari="346,44.0,147,-35.0,267,7.0,240,-16.0" />
</Scene>
</mjloggm>