<mjloggm ver="2.3"><GO type="169" lobby="0"/><UN n0="%E3%81%A0%E3%81%90%E3%81%A9" n1="%E3%83%97%E3%83%AD%E3%83%86%E3%82%A4%E3%83%B3%E5%BE%97%E7%9B%9B" n2="%E3%82%B8%E3%82%AE%E3%82%BF%E3%83%AA%E3%82%B9" n3="%E5%A4%AA%E3%81%8F%E3%81%AA%E3%81%84%E3%81%8A" dan="16,17,16,18" rate="2062.33,2118.43,2080.03,2208.76" sx="M,M,M,M"/><TAIKYOKU oya="0"/>

<Scene>
<INIT seed="0,0,0,1,4,129" ten="250,250,250,250" oya="0" hai0="103,67,125,128,126,114,15,105,31,14,120,48,119" hai1="80,88,30,71,93,10,98,55,77,100,18,113,68" hai2="29,8,32,116,87,94,1,95,81,86,123,70,54" hai3="62,115,92,109,134,50,104,83,59,110,101,40,36"/><T0/><D0/><U26/><E113/><V66/><F123/><W27/><G115/><T72/><D114/><U108/><E108/><V73/><F29/><W121/><G104/><T57/><D72/><U99/><E55/><V82/><F32/><W13/><G36/><T58/><D120/><U78/><E78/><N who="2" m="44239" /><F66/><W37/><G37/><T64/><D105/><U45/><E45/><V107/><F70/><W60/><G121/><T117/><D103/><U49/><E49/><V69/><F8/><W46/><G83/><T25/><D48/><U17/><E10/><V74/><F69/><W5/><G27/><T51/><D51/><U11/><E11/><V53/><F54/><W16/><G5/><T39/><D39/><U131/><E131/><V111/><F53/><W118/><G118/><N who="0" m="45067" /><D25/><U35/><E71/><V34/><F1/><W4/><G4/><T23/><D23/><U84/><REACH who="1" step="1"/><E68/><REACH who="1" ten="250,240,250,250" step="2"/><V42/><F111/><W61/><G109/><T90/><D128/><U122/><E122/><V91/><F42/><W130/><G110/><T3/><D58/><U43/><E43/><V96/><F116/><W76/><G130/><T102/><D57/><U112/><E112/><V75/><F34/><W47/><G47/><T79/><D67/><U65/><E65/><V63/><F63/><W2/><G59/><T20/><D64/><U52/><E52/><V19/><F74/><W41/><G41/><T124/><D124/><U28/><E28/><V135/><F75/><W12/><G40/><T6/><D126/><U7/><E7/><V21/><F19/><W97/><G16/><RYUUKYOKU ba="0,1" sc="250,-10,240,30,250,-10,250,-10" hai1="17,18,26,30,35,77,80,84,88,93,98,99,100" />
</Scene>
<Scene>
<INIT seed="1,1,1,1,0,15" ten="240,270,240,240" oya="1" hai0="2,68,7,94,11,46,13,59,130,83,52,116,64" hai1="62,133,60,73,28,50,123,90,0,78,47,66,128" hai2="34,84,124,71,69,77,40,41,101,18,134,29,21" hai3="113,120,6,57,61,27,3,9,106,104,121,96,98"/><U135/><E0/><V63/><F134/><N who="1" m="51209" /><E123/><V76/><F124/><W14/><G113/><T70/><D116/><U37/><E37/><V53/><F101/><W33/><G98/><T49/><D130/><U20/><E128/><V102/><F102/><W65/><G96/><T112/><D112/><U48/><E90/><V17/><F34/><W95/><G95/><T8/><D83/><N who="1" m="45519" /><E47/><V85/><F29/><W5/><G5/><T115/><D94/><U58/><E62/><V81/><F63/><W92/><G92/><T122/><D122/><U119/><E119/><V87/><F81/><W55/><G120/><T80/><D80/><U23/><E28/><V125/><F87/><W25/><G121/><T99/><D99/><U91/><E91/><V43/><F125/><W118/><G118/><T72/><D72/><U39/><E39/><V132/><F132/><W107/><G33/><T38/><D115/><U26/><E26/><V97/><F97/><W67/><G3/><T54/><D64/><U108/><E108/><V100/><F100/><W1/><G1/><T12/><D2/><U79/><E79/><V75/><F75/><W110/><G110/><T51/><REACH who="0" step="1"/><D38/><REACH who="0" ten="230,270,240,240" step="2"/><U36/><E36/><V105/><F84/><W19/><G65/><T129/><D129/><U42/><E42/><V32/><F85/><W86/><G67/><T114/><D114/><U82/><E82/><V93/><F43/><W31/><G86/><T89/><D89/><U44/><E44/><V16/><F41/><W30/><G106/><T126/><D126/><U45/><E45/><V131/><F105/><RYUUKYOKU ba="1,2" sc="230,15,270,15,240,-15,240,-15" hai0="7,8,11,12,13,46,49,51,52,54,59,68,70" hai1="20,23,48,50,58,60,66" />
</Scene>
<Scene>
<INIT seed="1,2,2,4,4,27" ten="245,285,225,225" oya="1" hai0="35,36,69,84,126,114,56,41,5,77,43,6,46" hai1="24,128,89,48,117,91,8,58,29,17,38,61,52" hai2="75,60,22,73,76,50,2,13,68,59,133,44,39" hai3="110,109,49,116,90,101,79,107,34,83,23,97,20"/><U16/><E38/><V134/><F2/><W65/><G34/><T98/><D69/><U105/><E105/><V102/><F102/><W19/><G116/><T32/><D114/><U78/><E117/><V122/><F122/><W33/><G33/><T99/><D126/><U54/><E78/><V30/><F13/><W0/><G0/><T1/><D56/><U123/><E128/><V70/><F76/><W42/><G65/><T125/><D125/><U85/><E123/><V113/><F113/><W47/><G90/><T55/><D55/><U96/><E96/><V37/><F75/><W108/><REACH who="3" step="1"/><G19/><REACH who="3" ten="245,285,225,215" step="2"/><N who="1" m="7242" /><E8/><V53/><F73/><AGARI ba="2,3" hai="20,23,42,47,49,73,79,83,97,101,107,108,109,110" machi="73" ten="40,2600,0" yaku="1,1,14,1,53,0" doraHai="27" doraHaiUra="3" who="3" fromWho="2" sc="245,0,285,0,225,-32,215,62" />
</Scene>
<Scene>
<INIT seed="2,0,0,2,1,75" ten="245,285,193,277" oya="2" hai0="40,88,95,0,98,48,9,130,34,87,108,45,16" hai1="25,37,124,14,116,83,70,77,66,62,132,61,91" hai2="135,33,41,44,81,30,64,2,46,133,5,18,47" hai3="73,35,99,84,38,85,109,103,4,43,69,122,82"/><V58/><F18/><W39/><G122/><T71/><D108/><U53/><E37/><N who="2" m="21551" /><F33/><W22/><G35/><T56/><D130/><U104/><E104/><V24/><F64/><W68/><G73/><T76/><D71/><U119/><E124/><V86/><F58/><W26/><G4/><T7/><D34/><U50/><E62/><V121/><F121/><W134/><G22/><T118/><D118/><U1/><E1/><V28/><F5/><W117/><G26/><T10/><D56/><U111/><E111/><V131/><F2/><W52/><G39/><T128/><D128/><U115/><E91/><V110/><F110/><W6/><G38/><T127/><D127/><U21/><E14/><V11/><F11/><W72/><G6/><T105/><D105/><U65/><E65/><V74/><F74/><W13/><G72/><T126/><D126/><U97/><E97/><V60/><F60/><W17/><G109/><T123/><D123/><U63/><E63/><V59/><F59/><W19/><G69/><T55/><D40/><U78/><E115/><V54/><F131/><W51/><G43/><T31/><D31/><N who="2" m="11818" /><F24/><W12/><G68/><T114/><D114/><U96/><E96/><V8/><F8/><W125/><G99/><T92/><D98/><U36/><E36/><V112/><F112/><W3/><G125/><T93/><D0/><U100/><E25/><V106/><F106/><W27/><G3/><T20/><D7/><U80/><E70/><V129/><F129/><W79/><G27/><N who="0" m="14727" /><D9/><U120/><E120/><V57/><F133/><W94/><G134/><RYUUKYOKU ba="0,0" sc="245,0,285,0,193,0,277,0" />
</Scene>
<Scene>
<INIT seed="3,1,0,3,4,45" ten="245,285,193,277" oya="3" hai0="57,55,84,6,64,92,135,58,70,40,37,117,130" hai1="68,114,38,61,110,52,9,85,99,71,125,27,18" hai2="47,132,79,104,89,74,1,122,80,24,49,87,111" hai3="3,53,76,31,50,41,91,16,66,113,101,8,133"/><W82/><G113/><T46/><D84/><U69/><E38/><V81/><F1/><W35/><G101/><T43/><D92/><U124/><E114/><V98/><F122/><W28/><G41/><N who="0" m="22831" /><D6/><U67/><E110/><V96/><F132/><W131/><G133/><T19/><D117/><U17/><E99/><V73/><F111/><W72/><G131/><T75/><D19/><U90/><E18/><V4/><F4/><W120/><G120/><T22/><D22/><N who="1" m="13775" /><E52/><V0/><F0/><W63/><G91/><T34/><D34/><U95/><E9/><V83/><F24/><W48/><G35/><T119/><D75/><N who="2" m="28682" /><F49/><W112/><G112/><T115/><D119/><U10/><E10/><V134/><F47/><W97/><G3/><T13/><D13/><U102/><E102/><N who="2" m="62535" /><F134/><W106/><G31/><T12/><D12/><U127/><AGARI ba="1,0" hai="61,67,68,69,71,85,90,95,124,125,127" m="13775" machi="127" ten="30,1100,0" yaku="18,1" doraHai="45" who="1" fromWho="1" sc="245,-4,285,14,193,-4,277,-6" />
</Scene>
<Scene>
<INIT seed="4,0,0,2,3,23" ten="241,299,189,271" oya="0" hai0="59,110,24,79,96,97,77,31,107,86,20,127,19" hai1="125,132,46,60,12,124,75,87,131,6,21,133,17" hai2="1,118,134,88,82,123,99,122,16,41,39,36,56" hai3="73,25,57,100,62,115,5,9,109,43,94,27,63"/><T103/><D127/><N who="1" m="48715" /><E75/><V117/><F1/><W44/><G109/><T26/><D110/><U42/><E6/><V89/><F134/><N who="1" m="51817" /><E60/><V33/><F33/><W92/><G73/><T129/><D129/><U83/><E131/><V130/><F130/><W98/><G94/><T40/><D40/><U37/><E87/><V32/><F32/><W29/><G29/><T13/><D97/><U91/><E91/><V128/><F128/><W61/><G57/><T121/><D121/><U18/><E18/><V111/><F56/><W4/><G115/><T81/><D59/><U30/><E30/><V85/><F111/><W58/><G58/><T64/><D64/><U34/><E34/><V14/><F41/><W54/><G54/><T108/><D108/><U38/><E83/><V7/><F7/><W50/><REACH who="3" step="1"/><G5/><REACH who="3" ten="241,299,189,261" step="2"/><T90/><REACH who="0" step="1"/><D13/><AGARI ba="0,1" hai="4,9,13,25,27,43,44,50,61,62,63,92,98,100" machi="13" ten="40,8000,1" yaku="1,1,2,1,8,1,52,2,53,0" doraHai="23" doraHaiUra="66" who="3" fromWho="0" sc="241,-80,299,0,189,0,261,90" />
</Scene>
<Scene>
<INIT seed="5,0,0,3,0,26" ten="161,299,189,351" oya="1" hai0="50,31,4,134,88,116,11,62,0,46,51,106,58" hai1="29,111,105,92,72,28,21,15,85,14,103,126,74" hai2="109,55,47,118,99,42,52,71,90,63,25,107,77" hai3="12,48,18,9,1,27,96,108,32,101,67,121,70"/><U114/><E105/><V43/><F118/><W119/><G108/><T59/><D134/><U23/><E111/><V104/><F109/><W130/><G121/><T39/><D106/><U97/><E114/><V135/><F77/><W87/><G119/><T20/><D116/><U54/><E126/><V100/><F135/><W133/><G133/><T132/><D132/><U73/><E85/><V41/><F47/><W3/><G130/><T80/><D39/><U19/><REACH who="1" step="1"/><E54/><REACH who="1" ten="161,289,189,351" step="2"/><V44/><F107/><W93/><G87/><T7/><D0/><U102/><E102/><V5/><F55/><W122/><G101/><T91/><D91/><U17/><AGARI ba="0,1" hai="14,15,17,19,21,23,28,29,72,73,74,92,97,103" machi="17" ten="40,12000,1" yaku="1,1,0,1,9,1,52,2,53,0" doraHai="26" doraHaiUra="82" who="1" fromWho="1" sc="161,-40,289,130,189,-40,351,-40" />
</Scene>
<Scene>
<INIT seed="5,1,0,2,5,116" ten="121,419,149,311" oya="1" hai0="122,90,105,45,91,118,57,65,69,88,100,9,92" hai1="19,72,79,37,10,126,114,23,109,117,98,56,30" hai2="1,77,70,96,60,13,2,103,115,84,11,58,85" hai3="83,81,66,59,128,29,129,32,41,44,112,22,64"/><U54/><E37/><V61/><F115/><W35/><G112/><T25/><D118/><U80/><E126/><V76/><F70/><W97/><G22/><T52/><D122/><U63/><E109/><V26/><F26/><W89/><G97/><N who="0" m="59431" /><D105/><U108/><E108/><V53/><F2/><W47/><G59/><T3/><D3/><U34/><E34/><V120/><F1/><W102/><G102/><T4/><D69/><U132/><E132/><V131/><F131/><W55/><G55/><T93/><D25/><U119/><E114/><V8/><F120/><W134/><G89/><N who="0" m="34411" /><D9/><U106/><E10/><V18/><F8/><W50/><G134/><T67/><D45/><U99/><E30/><V125/><F125/><W111/><G29/><T0/><D4/><U24/><E99/><V46/><F46/><W87/><G111/><T101/><D101/><U14/><E24/><V86/><REACH who="2" step="1"/><F61/><REACH who="2" ten="121,419,139,311" step="2"/><W82/><G47/><T62/><D0/><U127/><E127/><V121/><F121/><W43/><G129/><T75/><D75/><U113/><E113/><V110/><F110/><W49/><G128/><T78/><D78/><U51/><E63/><V42/><F42/><W31/><G41/><T39/><D39/><U94/><E106/><AGARI ba="1,1" hai="11,13,18,53,58,60,76,77,84,85,86,96,103,106" machi="106" ten="40,1300,0" yaku="1,1,53,0" doraHai="116" doraHaiUra="21" who="2" fromWho="1" sc="121,0,419,-16,139,26,311,0" />
</Scene>
<Scene>
<INIT seed="6,0,0,3,3,81" ten="121,403,165,311" oya="2" hai0="63,93,125,2,36,92,50,56,109,91,64,54,96" hai1="95,34,33,4,41,84,126,77,13,107,59,131,1" hai2="24,10,68,110,37,82,129,9,70,35,89,65,102" hai3="60,72,19,135,108,66,47,6,127,111,46,97,94"/><V100/><F37/><W112/><G72/><T40/><D125/><U17/><E107/><V32/><F129/><W69/><G6/><T38/><D109/><U21/><E41/><V132/><F110/><W51/><G127/><T73/><D73/><U67/><E131/><V11/><F132/><W74/><G74/><T88/><D2/><U61/><E126/><V26/><F65/><W103/><G135/><T27/><D27/><N who="2" m="10282" /><F89/><W85/><G112/><T87/><REACH who="0" step="1"/><D40/><REACH who="0" ten="111,403,165,311" step="2"/><U52/><E1/><V80/><F35/><W45/><G111/><T22/><D22/><U14/><E34/><V48/><F32/><W62/><G108/><T116/><D116/><U44/><E33/><V121/><F121/><W58/><G46/><AGARI ba="0,1" hai="36,38,46,50,54,56,63,64,87,88,91,92,93,96" machi="46" ten="30,7700,0" yaku="1,1,7,1,52,1,54,1,53,0" doraHai="81" doraHaiUra="113" who="0" fromWho="3" sc="111,87,403,0,165,0,311,-77" />
</Scene>
<Scene>
<INIT seed="7,0,0,2,2,126" ten="198,403,165,234" oya="3" hai0="98,114,87,4,36,14,53,100,10,123,134,45,118" hai1="8,67,29,12,91,46,75,20,112,23,84,25,110" hai2="61,111,6,69,35,64,107,80,22,54,96,56,132" hai3="5,38,103,55,128,52,99,42,49,125,30,47,95"/><W90/><G125/><T71/><D71/><U21/><E75/><V60/><F132/><W41/><G30/><T82/><D134/><U113/><E67/><V57/><F111/><W15/><G128/><T34/><D34/><U31/><E46/><V102/><F6/><W106/><G41/><T7/><D123/><U130/><E130/><V24/><F80/><W76/><G76/><T44/><D36/><U62/><E62/><V74/><F74/><W9/><G38/><T58/><D114/><N who="1" m="44139" /><E110/><V108/><F108/><W117/><G117/><T13/><D13/><U129/><E129/><V115/><F115/><W92/><G106/><T50/><D4/><N who="1" m="3079" /><E25/><V85/><F85/><AGARI ba="0,0" hai="5,9,15,42,47,49,52,55,85,90,92,95,99,103" machi="85" ten="30,5800,0" yaku="7,1,8,1,54,1" doraHai="126" who="3" fromWho="2" sc="198,0,403,0,165,-58,234,58" />
</Scene>
<Scene>
<INIT seed="7,1,0,0,0,127" ten="198,403,107,292" oya="3" hai0="75,2,100,97,63,74,44,78,113,123,56,88,124" hai1="114,9,106,52,116,53,66,1,20,3,29,80,86" hai2="54,48,70,128,91,13,34,83,32,82,121,126,37" hai3="112,135,31,0,19,10,132,22,131,40,12,76,68"/><W17/><G68/><T104/><D2/><U6/><E106/><V105/><F126/><W102/><G102/><T122/><D44/><U99/><E99/><V18/><F37/><W96/><G96/><T38/><D38/><U95/><E95/><V28/><F121/><W118/><G76/><T87/><D124/><U15/><E66/><V85/><F105/><W115/><G40/><T55/><D113/><N who="3" m="43593" /><G118/><T134/><D134/><N who="3" m="51241" /><G131/><T14/><D14/><U35/><E116/><V57/><F70/><W120/><G120/><T16/><D75/><U111/><E111/><V73/><F28/><W92/><G92/><N who="0" m="54303" /><D16/><N who="1" m="10271" /><E1/><V47/><F128/><W49/><G49/><T64/><D64/><U60/><E60/><V59/><F59/><W119/><G119/><T81/><AGARI ba="1,0" hai="55,56,63,74,78,81,97,100,104,122,123" m="54303" machi="81" ten="30,2000,0" yaku="24,1,54,1" doraHai="127" who="0" fromWho="0" sc="198,23,403,-6,107,-6,292,-11" owari="221,-18.0,397,50.0,101,-40.0,281,8.0" />
</Scene>
</mjloggm>