<mjloggm ver="2.3"><GO type="169" lobby="0"/><UN n0="%E3%81%9C%E3%82%8D%E3%82%81%E3%81%90" n1="%E3%83%AA%E3%83%81%E3%83%A3%21%21" n2="%E5%A4%AA%E3%81%8F%E3%81%AA%E3%81%84%E3%81%8A" n3="%E5%96%A7%E5%98%A9%E5%B8%AB%E2%98%86%E8%8A%B1%E5%B1%B1" dan="16,16,17,16" rate="2051.04,2146.89,2240.63,2101.05" sx="F,M,F,M"/><TAIKYOKU oya="0"/>

<Scene>
<INIT seed="0,0,0,3,3,75" ten="250,250,250,250" oya="0" hai0="32,99,70,21,63,34,119,53,94,97,84,14,92" hai1="28,67,71,35,117,108,120,69,62,43,124,109,76" hai2="133,50,29,105,106,11,9,37,52,98,12,15,58" hai3="18,107,79,110,13,73,104,46,19,5,54,72,20"/><T135/><D119/><U16/><E120/><V78/><F37/><W88/><G110/><N who="1" m="42602" /><E117/><V65/><F133/><W60/><G5/><T87/><D135/><U3/><E3/><V1/><F1/><W36/><G72/><T57/><D70/><N who="1" m="42359" /><E124/><V74/><F29/><W77/><G73/><T89/><D34/><U4/><E4/><V48/><F65/><W42/><G88/><N who="0" m="55495" /><D32/><U24/><E43/><V23/><F23/><W111/><G111/><T27/><D14/><U22/><E76/><V17/><F50/><W130/><G130/><T125/><D125/><U64/><E64/><V96/><F106/><W45/><G104/><T82/><D82/><U68/><E35/><V114/><F105/><W6/><G107/><T0/><D0/><U127/><E127/><V123/><F114/><W49/><G6/><T81/><D81/><U128/><E128/><V80/><REACH who="2" step="1"/><F123/><REACH who="2" ten="250,250,240,250" step="2"/><W129/><G129/><T26/><D26/><U83/><E83/><V132/><F132/><W66/><REACH who="3" step="1"/><G19/><RYUUKYOKU type="ron3" ba="0,1" sc="250,0,250,0,240,0,250,0" hai0="21,27,53,57,63,84,87,89,92,99" hai1="16,22,24,28,68,69,71" hai2="9,11,12,15,17,48,52,58,74,78,80,96,98" />
</Scene>
<Scene>
<INIT seed="0,1,1,3,5,134" ten="250,250,240,250" oya="0" hai0="42,1,35,85,68,14,12,129,34,6,46,110,41" hai1="130,71,11,117,8,28,86,31,7,67,98,44,30" hai2="80,69,133,66,5,54,100,61,29,113,13,131,105" hai3="53,83,88,64,43,127,72,78,51,74,107,20,128"/><T116/><D116/><U97/><E117/><V24/><F113/><W77/><G128/><T99/><D129/><U52/><E130/><V18/><F131/><W50/><G107/><T2/><D68/><U23/><E71/><V111/><F133/><W4/><G64/><T15/><D110/><U93/><E67/><V103/><F111/><W25/><G4/><T22/><D99/><N who="1" m="37899" /><E23/><V82/><F5/><W101/><G101/><T125/><D85/><U59/><E7/><V0/><F0/><N who="0" m="106" /><D22/><U36/><E44/><V73/><F105/><W19/><G72/><T81/><D81/><U57/><E57/><V45/><F80/><W87/><G74/><T27/><D27/><U56/><E56/><V102/><F82/><W9/><G9/><T122/><D122/><U17/><E17/><V90/><F73/><W58/><G43/><N who="0" m="16395" /><D46/><U109/><E109/><V37/><F45/><W106/><G106/><T91/><D91/><N who="1" m="53495" /><E36/><V84/><F37/><W119/><G119/><T79/><D79/><U63/><AGARI ba="1,1" hai="8,11,28,30,31,52,59,63" m="53495,37899" machi="63" ten="30,2000,0" yaku="8,1,54,1" doraHai="134" who="1" fromWho="1" sc="250,-11,250,33,240,-6,250,-6" />
</Scene>
<Scene>
<INIT seed="1,0,0,5,0,29" ten="239,283,234,244" oya="1" hai0="87,35,92,120,93,38,110,126,11,18,44,59,58" hai1="27,19,112,108,61,86,117,9,91,102,55,123,75" hai2="43,25,8,77,54,41,134,16,17,114,128,105,83" hai3="63,34,100,71,21,78,94,101,28,37,65,107,98"/><U125/><E123/><V47/><F105/><W7/><G78/><T26/><D120/><U99/><E117/><V33/><F134/><W40/><G7/><T73/><D73/><U20/><E112/><V124/><F114/><W68/><G21/><T56/><D110/><U14/><E75/><V48/><F124/><W84/><G84/><T46/><D126/><U135/><E125/><V103/><F103/><W31/><G31/><T118/><D118/><U67/><E135/><V60/><F128/><W32/><G71/><T130/><D130/><U5/><E108/><V2/><F2/><W52/><G28/><T104/><D104/><U109/><E109/><V89/><F89/><W1/><G1/><T62/><D62/><U131/><E131/><V36/><F33/><W90/><G52/><T111/><D111/><U39/><E55/><V122/><F122/><W132/><G132/><T74/><D74/><U81/><E39/><V69/><F25/><W42/><G42/><T10/><D35/><U82/><E82/><V15/><F17/><W76/><G76/><T57/><D57/><U106/><E61/><V12/><F12/><W79/><G79/><T13/><D26/><U88/><E67/><V80/><F77/><AGARI ba="0,0" hai="5,9,14,19,20,27,77,81,86,88,91,99,102,106" machi="77" ten="30,2900,0" yaku="7,1,54,1" doraHai="29" who="1" fromWho="2" sc="239,0,283,29,234,-29,244,0" />
</Scene>
<Scene>
<INIT seed="1,1,0,1,0,131" ten="239,312,205,244" oya="1" hai0="35,2,55,9,77,110,105,91,17,94,61,24,123" hai1="107,54,18,86,56,120,28,85,43,50,66,67,133" hai2="101,115,0,14,4,99,87,129,39,104,116,44,60" hai3="58,53,31,25,11,8,93,98,79,95,23,33,100"/><U96/><E120/><V108/><F116/><W34/><G79/><T3/><D105/><U52/><E43/><V40/><F129/><W75/><G75/><T19/><D123/><U46/><E28/><V80/><F108/><W57/><G57/><T78/><D110/><U124/><E124/><V37/><F0/><W111/><G111/><T117/><D117/><U10/><E133/><V112/><F39/><W41/><G41/><T32/><D2/><U36/><E36/><V90/><F60/><W97/><G33/><T92/><D92/><U76/><E107/><V114/><F14/><W51/><REACH who="3" step="1"/><G34/><REACH who="3" ten="239,312,205,234" step="2"/><T127/><D32/><U21/><E76/><V121/><F121/><W119/><G119/><T83/><D78/><U63/><E10/><V113/><F113/><W26/><G26/><T103/><D24/><N who="1" m="14391" /><E96/><V74/><F74/><W12/><G12/><T6/><D35/><U72/><E72/><V130/><F130/><W118/><G118/><T106/><D9/><U15/><E15/><V64/><F114/><W68/><G68/><T135/><D3/><U81/><E86/><V69/><F115/><W48/><G48/><T20/><D77/><U59/><E59/><V16/><F112/><W71/><G71/><T125/><D125/><U7/><E85/><V49/><F37/><W47/><G47/><T134/><D127/><U84/><E84/><V109/><F109/><W128/><G128/><T102/><D83/><U88/><E81/><N who="2" m="49519" /><F69/><W45/><G45/><T38/><D38/><U13/><E46/><N who="2" m="25799" /><F80/><W1/><G1/><T42/><D42/><U82/><E50/><RYUUKYOKU ba="1,1" sc="239,-10,312,-10,205,-10,234,30" hai3="8,11,23,25,31,51,53,58,93,95,97,98,100" />
</Scene>
<Scene>
<INIT seed="2,2,1,4,3,31" ten="229,302,195,264" oya="2" hai0="134,1,75,105,14,0,30,81,24,3,51,119,117" hai1="7,2,100,86,125,93,94,99,107,109,15,110,22" hai2="97,56,115,55,61,29,104,38,12,26,106,87,10" hai3="84,58,69,65,131,70,77,45,11,103,60,25,34"/><V63/><F115/><W127/><G127/><T88/><D134/><U50/><E125/><V128/><F38/><W57/><G131/><T126/><D126/><U9/><E50/><V44/><F128/><W49/><G69/><T135/><D135/><U92/><E86/><V64/><F87/><W130/><G130/><T133/><D133/><U37/><E37/><V98/><F104/><W108/><G108/><N who="1" m="41578" /><E22/><V19/><F106/><W13/><G103/><T47/><D105/><U95/><N who="1" m="23552" /><DORA hai="96" /><U76/><E76/><V85/><F85/><W67/><G67/><T120/><D120/><U112/><E112/><V28/><F28/><W124/><G124/><T102/><D102/><U114/><E114/><V129/><F129/><W91/><G77/><T40/><D14/><AGARI ba="2,1" hai="2,7,9,14,15,99,100,107" m="23552,41578" machi="14" ten="50,3200,0" yaku="14,1,52,1" doraHai="31,96" who="1" fromWho="0" sc="229,-38,302,48,195,0,264,0" />
</Scene>
<Scene>
<INIT seed="3,0,0,3,2,90" ten="191,350,195,264" oya="3" hai0="96,119,129,37,91,93,60,4,8,59,39,94,100" hai1="47,49,66,135,34,12,99,38,62,58,41,130,123" hai2="106,10,54,114,23,18,75,50,3,122,133,43,25" hai3="44,6,87,72,52,64,42,76,71,101,29,120,104"/><W124/><G120/><T105/><D119/><U131/><E123/><V95/><F106/><W109/><G124/><T11/><D129/><N who="1" m="49163" /><E34/><V73/><F122/><W7/><G72/><T9/><D4/><U86/><E12/><V88/><F114/><W82/><G29/><T61/><D61/><U27/><E27/><V32/><F43/><W132/><G132/><T17/><D17/><U13/><E99/><V85/><F133/><W67/><G109/><T2/><D2/><U63/><E13/><V55/><F32/><W14/><G104/><T103/><D103/><U110/><E86/><V70/><F70/><W57/><G101/><T128/><D128/><U111/><E135/><V113/><F113/><W53/><G14/><T31/><D31/><U5/><E5/><N who="3" m="1546" /><G71/><T40/><D40/><N who="1" m="22935" /><E62/><V118/><F3/><W33/><G33/><T48/><D48/><U45/><AGARI ba="0,0" hai="41,45,49,58,63,66,110,111" m="22935,49163" machi="45" ten="30,4000,0" yaku="19,1,34,2" doraHai="90" who="1" fromWho="1" sc="191,-10,350,40,195,-10,264,-20" />
</Scene>
<Scene>
<INIT seed="4,0,0,5,5,111" ten="181,390,185,244" oya="0" hai0="48,77,19,20,67,86,90,134,100,89,45,9,66" hai1="70,51,104,119,55,21,50,39,76,56,114,46,124" hai2="117,14,91,126,127,30,41,88,69,105,52,101,103" hai3="57,10,113,33,130,116,26,97,68,81,102,131,96"/><T132/><D100/><N who="2" m="38474" /><F105/><W18/><G68/><T79/><D9/><U13/><E56/><V60/><F41/><W3/><G116/><T49/><D132/><U17/><E51/><N who="0" m="19529" /><D134/><U25/><E50/><V99/><F117/><W58/><G102/><T112/><D45/><U2/><E13/><V121/><F121/><W28/><G81/><N who="0" m="49359" /><D90/><N who="2" m="34346" /><F99/><W122/><G96/><T61/><D112/><U54/><E114/><V75/><F75/><W108/><G113/><T34/><D34/><U98/><E39/><V53/><F30/><W65/><G28/><T95/><D95/><U123/><E104/><V23/><F69/><W63/><G33/><T29/><D29/><U83/><E70/><V125/><F60/><W44/><G63/><T82/><D61/><U42/><E2/><V133/><F133/><W85/><G3/><T32/><D32/><U1/><E119/><V118/><F118/><W92/><G92/><T135/><D135/><U35/><E123/><V115/><F115/><W47/><G97/><T37/><D37/><U11/><E98/><V62/><F62/><W73/><G73/><T7/><D7/><U24/><E1/><V64/><F64/><N who="0" m="24618" /><D82/><U8/><E83/><V129/><F129/><W15/><G131/><T27/><AGARI ba="0,0" hai="19,20,27,77,79" m="24618,49359,19529" machi="27" ten="30,1500,0" yaku="8,1" doraHai="111" who="0" fromWho="0" sc="181,15,390,-5,185,-5,244,-5" />
</Scene>
<Scene>
<INIT seed="4,1,0,0,1,116" ten="196,385,180,239" oya="0" hai0="51,114,32,28,131,35,61,18,85,75,72,117,115" hai1="2,112,71,93,68,80,108,49,22,5,33,66,34" hai2="23,98,64,26,21,58,4,48,84,41,15,56,38" hai3="125,69,12,99,104,78,77,81,122,59,30,107,9"/><T37/><D37/><U97/><E22/><V88/><F38/><W46/><G69/><T16/><D117/><U20/><E93/><V19/><F98/><W102/><G125/><T52/><D61/><U54/><E20/><V110/><F110/><W133/><G133/><T87/><D28/><U119/><E54/><V124/><F124/><W129/><G129/><T123/><D131/><U120/><E49/><V47/><F64/><W96/><G30/><T6/><D6/><U27/><E80/><V73/><F73/><W134/><G134/><T128/><D128/><U31/><E66/><V135/><F135/><W90/><G59/><T86/><D86/><U132/><E27/><V24/><F4/><W89/><G46/><T111/><D51/><U44/><E44/><V74/><F74/><W113/><G9/><T53/><D111/><U55/><E5/><V3/><F3/><W42/><G12/><T36/><D36/><U63/><E55/><V103/><F103/><N who="3" m="62567" /><G42/><T70/><D70/><U8/><E63/><V29/><REACH who="2" step="1"/><F15/><REACH who="2" ten="196,385,170,239" step="2"/><W10/><G99/><T76/><REACH who="0" step="1"/><D76/><REACH who="0" ten="186,385,170,239" step="2"/><U79/><E108/><V101/><F101/><W109/><G102/><T106/><D106/><U25/><E132/><V92/><AGARI ba="1,2" hai="19,21,23,24,26,29,41,47,48,56,58,84,88,92" machi="92" ten="20,8000,1" yaku="1,1,0,1,7,1,8,1,54,1,53,0" doraHai="116" doraHaiUra="67" who="2" fromWho="2" sc="186,-41,385,-21,170,103,239,-21" />
</Scene>
<Scene>
<INIT seed="5,0,0,1,4,128" ten="145,364,273,218" oya="1" hai0="28,107,86,84,42,131,72,33,93,29,60,46,5" hai1="66,25,11,127,83,100,40,106,57,116,15,105,20" hai2="58,122,109,55,121,54,64,124,16,32,61,104,118" hai3="59,88,34,17,21,53,39,41,97,71,95,52,108"/><U123/><E116/><V129/><F32/><W112/><G34/><T0/><D107/><U24/><E123/><V81/><F104/><W96/><G71/><T135/><D131/><U62/><E40/><V47/><F129/><W36/><G108/><T56/><D72/><U119/><E25/><V113/><F81/><W13/><G112/><T98/><D5/><U31/><E127/><V82/><F82/><W9/><G41/><T92/><D0/><U10/><E10/><V130/><F130/><W51/><G97/><T43/><D33/><U114/><E114/><V48/><F113/><W76/><G76/><T26/><D26/><U30/><E30/><V67/><F16/><W7/><REACH who="3" step="1"/><G53/><REACH who="3" ten="145,364,273,208" step="2"/><T80/><D98/><U3/><E119/><V12/><F118/><W4/><G4/><T133/><D43/><U99/><E66/><V23/><F109/><W94/><G94/><T50/><D42/><U19/><E99/><V37/><F67/><W14/><AGARI ba="0,1" hai="7,9,13,14,17,21,36,39,51,52,59,88,95,96" machi="14" ten="20,12000,2" yaku="1,1,0,1,7,1,54,2,53,1" doraHai="128" doraHaiUra="89" who="3" fromWho="3" sc="145,-30,364,-60,273,-30,208,130" />
</Scene>
<Scene>
<INIT seed="6,0,0,0,5,74" ten="115,304,243,338" oya="2" hai0="130,102,61,54,31,93,65,55,99,126,29,45,53" hai1="109,7,2,14,8,118,112,35,48,70,41,10,22" hai2="125,5,25,121,63,132,27,72,34,115,119,129,98" hai3="21,105,113,101,13,43,117,38,86,91,127,36,133"/><V1/><RYUUKYOKU type="yao9" ba="0,0" sc="115,0,304,0,243,0,338,0" hai2="1,5,25,27,34,63,72,98,115,119,121,125,129,132" />
</Scene>
<Scene>
<INIT seed="6,1,0,3,1,42" ten="115,304,243,338" oya="2" hai0="69,111,48,33,61,86,5,44,66,6,135,38,97" hai1="98,70,121,50,60,127,102,96,45,110,41,83,116" hai2="92,99,119,89,25,14,126,76,120,13,24,39,15" hai3="63,131,122,36,118,107,30,51,8,21,28,101,79"/><V65/><F119/><W113/><G36/><T7/><D111/><U26/><E116/><V124/><F120/><W64/><G131/><T52/><D135/><U9/><E110/><V78/><F39/><W85/><G113/><T32/><D38/><U103/><E127/><N who="2" m="48683" /><F65/><W72/><G72/><T4/><N who="0" m="1024" /><DORA hai="37" /><T74/><D74/><U19/><E70/><V54/><F54/><W90/><G8/><T56/><D97/><N who="1" m="37483" /><E60/><V18/><F18/><W27/><G79/><AGARI ba="1,0" hai="13,14,15,24,25,76,78,79,89,92,99" m="48683" machi="79" ten="30,1500,0" yaku="18,1" doraHai="42,37" who="2" fromWho="3" sc="115,0,304,0,243,18,338,-18" />
</Scene>
<Scene>
<INIT seed="6,2,0,5,1,117" ten="115,304,261,320" oya="2" hai0="126,70,1,73,68,133,52,87,34,94,45,83,26" hai1="23,19,96,61,63,12,56,59,110,39,29,80,4" hai2="106,77,98,97,35,121,116,131,93,33,89,90,120" hai3="51,128,122,42,43,75,78,57,27,31,10,11,16"/><V46/><F46/><W125/><G122/><N who="2" m="47209" /><F33/><W41/><G75/><T36/><D1/><U119/><E39/><V123/><F35/><W47/><G78/><T58/><D73/><U105/><E110/><V7/><F7/><W103/><G103/><T79/><D94/><U84/><E119/><V2/><F2/><W82/><G57/><N who="1" m="22090" /><E105/><V55/><F55/><W64/><G41/><T20/><D34/><U74/><E74/><V114/><F123/><W62/><G43/><T44/><D36/><U50/><E96/><V99/><F116/><W134/><G47/><T91/><D70/><U132/><E132/><V109/><F109/><W14/><G134/><T81/><D68/><U112/><E112/><V127/><F114/><W72/><G42/><T48/><D133/><U21/><E4/><V5/><F5/><W53/><G53/><T54/><D54/><U25/><E50/><V113/><F113/><W115/><G51/><T88/><D91/><AGARI ba="2,0" hai="12,19,21,23,25,29,61,63,80,84,91" m="22090" machi="91" ten="30,1000,0" yaku="8,1" doraHai="117" who="1" fromWho="0" sc="115,-16,304,16,261,0,320,0" />
</Scene>
<Scene>
<INIT seed="7,0,0,5,1,17" ten="99,320,261,320" oya="3" hai0="57,71,64,36,76,94,65,23,86,123,41,2,117" hai1="26,132,40,99,37,34,135,133,38,10,51,124,127" hai2="82,13,4,74,7,45,15,55,131,21,90,14,8" hai3="72,22,33,102,56,125,3,105,47,118,110,107,59"/><W49/><G33/><T84/><D71/><U115/><E115/><V43/><F131/><W85/><G72/><T126/><D117/><U109/><E109/><V50/><F74/><W80/><G118/><T83/><D123/><U81/><E81/><V18/><F43/><W25/><G3/><T95/><D2/><U104/><E10/><V54/><F54/><W53/><G125/><N who="1" m="48202" /><E51/><V75/><F75/><W20/><G20/><T89/><D126/><U96/><E40/><V1/><F1/><W121/><G121/><T27/><D57/><N who="3" m="22089" /><G105/><T111/><D111/><U42/><E42/><V61/><F61/><W30/><G107/><T5/><D5/><U62/><E62/><V63/><F63/><W87/><G110/><T100/><D41/><U67/><E67/><V130/><F130/><W46/><G102/><T29/><REACH who="0" step="1"/><D36/><REACH who="0" ten="89,320,261,320" step="2"/><U93/><E37/><V9/><F82/><W101/><G80/><T91/><D91/><AGARI ba="0,1" hai="4,7,8,9,13,14,15,18,21,45,50,55,90,91" machi="91" ten="40,5200,0" yaku="9,1,8,1,52,1" doraHai="17" who="2" fromWho="0" sc="89,-52,320,0,261,62,320,0" owari="37,-46.0,320,12.0,323,42.0,320,-8.0" />
</Scene>
</mjloggm>