<mjloggm ver="2.3"><GO type="169" lobby="0"/><UN n0="%E3%81%92%E3%82%93%E3%81%9F%E3%82%8D%EF%BD%9E" n1="%E7%AD%91%E6%81%B5" n2="%E5%A4%AA%E3%81%8F%E3%81%AA%E3%81%84%E3%81%8A" n3="%E7%89%8C%E3%81%AE%E9%9F%B3%E8%89%B2" dan="17,16,17,16" rate="2161.72,2076.29,2156.98,2045.18" sx="M,M,M,M"/><TAIKYOKU oya="0"/>

<Scene>
<INIT seed="0,0,0,1,4,41" ten="250,250,250,250" oya="0" hai0="124,11,40,23,9,65,10,111,21,79,132,99,131" hai1="101,13,1,16,85,128,42,114,112,34,49,76,104" hai2="7,95,52,56,30,84,18,44,54,64,121,14,5" hai3="77,70,46,39,89,66,3,117,87,53,72,20,82"/><T97/><D132/><U24/><E1/><V107/><F107/><W126/><G117/><T12/><D131/><U110/><E128/><V88/><F121/><W68/><G126/><T74/><D124/><U92/><E104/><V62/><F30/><W8/><G66/><T47/><D111/><U130/><E130/><V37/><F37/><W50/><G20/><T129/><D129/><U122/><E122/><V43/><F43/><W4/><REACH who="3" step="1"/><G39/><REACH who="3" ten="250,250,250,240" step="2"/><T91/><D65/><U26/><E112/><V45/><F64/><W78/><G78/><T33/><D33/><U32/><E76/><V35/><F35/><W81/><AGARI ba="0,1" hai="3,4,8,46,50,53,68,70,72,77,81,82,87,89" machi="81" ten="20,5200,0" yaku="1,1,0,1,7,1,52,1,53,0" doraHai="41" doraHaiUra="135" who="3" fromWho="3" sc="250,-26,250,-13,250,-13,240,62" />
</Scene>
<Scene>
<INIT seed="1,0,0,3,4,100" ten="224,237,237,302" oya="1" hai0="0,18,1,38,15,49,21,118,76,105,131,40,28" hai1="93,129,14,68,64,54,4,98,55,34,29,77,24" hai2="45,42,130,97,122,62,65,12,32,104,75,31,109" hai3="112,114,95,88,3,117,61,70,58,79,9,13,107"/><U127/><E129/><V46/><F122/><W121/><G3/><T102/><D118/><U115/><E115/><V99/><F75/><W92/><G121/><T69/><D69/><U30/><E127/><V108/><F130/><W78/><G70/><T132/><D38/><U103/><E77/><V63/><F12/><W52/><G117/><T19/><D131/><U48/><E30/><V128/><F128/><W10/><G107/><T6/><D28/><U44/><E64/><V135/><F135/><W71/><G71/><T80/><D132/><U89/><E68/><N who="2" m="42039" /><F63/><W56/><G92/><T33/><D33/><U43/><REACH who="1" step="1"/><E103/><REACH who="1" ten="224,227,237,302" step="2"/><N who="2" m="62575" /><F31/><W16/><G114/><T67/><D67/><U26/><E26/><V116/><F116/><W7/><G112/><T35/><D102/><U94/><E94/><V23/><F32/><W101/><G101/><T81/><D35/><U133/><E133/><V106/><F106/><W20/><G79/><T11/><D105/><U8/><AGARI ba="0,1" hai="4,8,14,24,29,34,43,44,48,54,55,89,93,98" machi="8" ten="30,6000,0" yaku="1,1,0,1,53,1" doraHai="100" doraHaiUra="86" who="1" fromWho="1" sc="224,-20,227,70,237,-20,302,-20" />
</Scene>
<Scene>
<INIT seed="1,1,0,5,3,129" ten="204,297,217,282" oya="1" hai0="110,89,47,125,45,18,24,123,23,68,48,30,120" hai1="65,127,84,104,46,13,101,85,106,71,63,83,93" hai2="76,53,1,57,112,11,132,94,111,0,75,55,41" hai3="124,82,87,60,8,10,92,116,126,118,90,12,28"/><U42/><E127/><N who="3" m="48682" /><G28/><T3/><D125/><U131/><E131/><V27/><F41/><W15/><G60/><T73/><D68/><U72/><E72/><V56/><F27/><W44/><G44/><T32/><D73/><U67/><E67/><V4/><F1/><W133/><G133/><T98/><D3/><U102/><E85/><V33/><F33/><W134/><G134/><T69/><D69/><U86/><E86/><V58/><F132/><W64/><G64/><T130/><D130/><U17/><E93/><V88/><F112/><W96/><G15/><N who="0" m="9695" /><D110/><U2/><E2/><V20/><F20/><W36/><G36/><T38/><D38/><U100/><E46/><V119/><F111/><W29/><G29/><T81/><D48/><U105/><E42/><V43/><F43/><W74/><G74/><T9/><D9/><N who="3" m="3689" /><G12/><T25/><D25/><U79/><E13/><V7/><F7/><W103/><AGARI ba="1,0" hai="82,87,90,92,96,103,116,118" m="3689,48682" machi="103" ten="30,1100,0" yaku="18,1" doraHai="129" who="3" fromWho="3" sc="204,-4,297,-6,217,-4,282,14" />
</Scene>
<Scene>
<INIT seed="2,0,0,4,5,47" ten="200,291,213,296" oya="2" hai0="134,120,55,95,24,38,103,78,122,90,9,76,45" hai1="118,49,89,23,19,2,87,4,117,6,50,53,115" hai2="100,68,109,65,15,81,102,93,92,110,121,133,91" hai3="35,3,73,66,11,101,56,63,123,39,105,13,7"/><V42/><F42/><W79/><G123/><T0/><D103/><N who="2" m="39466" /><F15/><W124/><G124/><T33/><D78/><U29/><E115/><V16/><F16/><W34/><G35/><T70/><D76/><U25/><E2/><V51/><F121/><W104/><G34/><T113/><D70/><U52/><E29/><V125/><F125/><W31/><G31/><N who="0" m="19687" /><D113/><U77/><E118/><V36/><F36/><W85/><G101/><T96/><D55/><N who="1" m="21067" /><E77/><V69/><F65/><W135/><G39/><T80/><D80/><N who="1" m="49383" /><E117/><V14/><F69/><W43/><G73/><T44/><D38/><U114/><E114/><V5/><F68/><W27/><G3/><T46/><D134/><U41/><E41/><V40/><F133/><W20/><G43/><T82/><D82/><U8/><E8/><N who="2" m="4367" /><F81/><N who="3" m="47295" /><G105/><T48/><D122/><U22/><E22/><V59/><F91/><W10/><G104/><T129/><D120/><U67/><E67/><V130/><F40/><W111/><G11/><T21/><D21/><U17/><E17/><V98/><F93/><W83/><G83/><T88/><D90/><U112/><E112/><V119/><F119/><W26/><G20/><T94/><D94/><U72/><E72/><V58/><F92/><W1/><G1/><T60/><D0/><U28/><E28/><V127/><F127/><W75/><G75/><T32/><D32/><U108/><E108/><V57/><F110/><W132/><G111/><T61/><D9/><U62/><E62/><V131/><F109/><W54/><G66/><T12/><D61/><U126/><E126/><V106/><F106/><RYUUKYOKU ba="0,0" sc="200,-15,291,15,213,-15,296,15" hai1="4,6,19,23,25,49,50" hai3="7,10,13,26,27,54,56,63,132,135" />
</Scene>
<Scene>
<INIT seed="3,1,0,3,3,71" ten="185,306,198,311" oya="3" hai0="27,36,91,69,49,44,20,19,111,93,4,47,103" hai1="96,58,21,135,72,22,124,123,63,84,25,80,130" hai2="7,94,57,6,77,86,108,87,56,104,107,99,51" hai3="89,64,116,118,53,60,128,38,102,76,17,115,129"/><W55/><G102/><T85/><D111/><U126/><E123/><V62/><F108/><W61/><G76/><T15/><D69/><U35/><E72/><V134/><F134/><W31/><G31/><T112/><D112/><U2/><E2/><V68/><F68/><W50/><G89/><T101/><D36/><U59/><E135/><V45/><F107/><W42/><G17/><T23/><D4/><N who="2" m="1578" /><F104/><W33/><G33/><T90/><D90/><U66/><E130/><N who="3" m="50282" /><G115/><T75/><D75/><U28/><E59/><N who="2" m="22603" /><F62/><N who="3" m="24171" /><G64/><T119/><D119/><N who="3" m="45609" /><G50/><T125/><D49/><U131/><E131/><V16/><F16/><W114/><G114/><T92/><D103/><U110/><E110/><V41/><F77/><W98/><G98/><T34/><D34/><U12/><E96/><V29/><F29/><W39/><G42/><T48/><D48/><U18/><E35/><V54/><F41/><W121/><G121/><T3/><D3/><U133/><E133/><V113/><F113/><W79/><G79/><T74/><D74/><U37/><E84/><V109/><F109/><W120/><G120/><T13/><D13/><U24/><E12/><V32/><F32/><W14/><G14/><T122/><D122/><U46/><E80/><V88/><AGARI ba="1,0" hai="45,51,54,86,87,88,94,99" m="22603,1578" machi="88" ten="30,2000,0" yaku="8,1,54,1" doraHai="71" who="2" fromWho="2" sc="185,-6,306,-6,198,23,311,-11" />
</Scene>
<Scene>
<INIT seed="4,0,0,5,1,35" ten="179,300,221,300" oya="0" hai0="17,6,69,25,29,73,122,55,119,60,92,26,135" hai1="118,37,133,74,126,98,109,32,14,51,46,12,52" hai2="117,71,116,66,77,110,38,113,11,22,123,39,21" hai3="50,53,87,64,27,81,43,105,88,82,80,16,7"/><T128/><D73/><U107/><E109/><V78/><F110/><W121/><G105/><T15/><D119/><N who="2" m="45642" /><F123/><W20/><G121/><T3/><D122/><U76/><E32/><V131/><F113/><W125/><G125/><T30/><D135/><U68/><E68/><V67/><F11/><W95/><G64/><N who="2" m="24617" /><F71/><W61/><G61/><T18/><D69/><U49/><E37/><N who="2" m="13835" /><F131/><W106/><G43/><T45/><D128/><U8/><E126/><V63/><F63/><W19/><G106/><T36/><D36/><U97/><E133/><V114/><F114/><W41/><G41/><T10/><D92/><U9/><E107/><V132/><F132/><W99/><G7/><T65/><D65/><U1/><E118/><V56/><F56/><N who="3" m="32823" /><G19/><T112/><D112/><U130/><E130/><V58/><F58/><W4/><G4/><T24/><D60/><U115/><E115/><V100/><F100/><AGARI ba="0,0" hai="16,20,27,80,81,82,87,88,95,99,100" m="32823" machi="100" ten="30,3900,0" yaku="8,1,54,2" doraHai="35" who="3" fromWho="2" sc="179,0,300,0,221,-39,300,39" />
</Scene>
<Scene>
<INIT seed="5,0,0,3,4,83" ten="179,300,182,339" oya="1" hai0="58,87,18,104,60,37,39,59,26,56,15,77,38" hai1="95,119,45,135,61,49,122,64,14,12,105,121,127" hai2="130,44,109,4,7,11,107,128,118,113,2,68,111" hai3="30,86,62,0,91,31,108,51,8,98,96,133,92"/><U73/><E119/><V132/><F107/><W53/><G108/><N who="2" m="41545" /><F44/><W27/><G133/><T48/><D104/><U16/><E105/><V34/><F68/><W29/><G62/><T112/><D112/><U71/><E73/><V70/><F70/><W25/><G8/><T114/><D114/><U94/><E135/><V79/><F132/><W63/><G63/><T89/><D26/><N who="3" m="9737" /><G0/><T6/><D6/><U33/><E33/><V123/><F113/><W117/><G117/><T76/><D48/><U24/><E24/><V17/><F118/><W9/><G9/><T99/><D99/><U5/><E5/><N who="2" m="1463" /><F34/><W36/><G36/><T21/><REACH who="0" step="1"/><D60/><REACH who="0" ten="169,300,182,339" step="2"/><U1/><E61/><V115/><F115/><W97/><G97/><T82/><AGARI ba="0,1" hai="15,18,21,37,38,39,56,58,59,76,77,82,87,89" machi="82" ten="40,8000,1" yaku="1,1,2,1,0,1,52,1,53,0" doraHai="83" doraHaiUra="134" who="0" fromWho="0" sc="169,90,300,-40,182,-20,339,-20" />
</Scene>
<Scene>
<INIT seed="6,0,0,2,2,14" ten="259,260,162,319" oya="2" hai0="98,40,130,87,12,85,25,60,47,53,7,116,8" hai1="73,58,16,20,48,81,45,2,76,30,4,119,115" hai2="51,21,125,18,9,0,5,91,32,120,109,90,29" hai3="62,127,39,131,128,107,94,122,10,38,3,57,72"/><V112/><F120/><W93/><G122/><T69/><D130/><N who="3" m="49705" /><G107/><T52/><D116/><U88/><E119/><V35/><F112/><W15/><G3/><T123/><D123/><U59/><E30/><V46/><F125/><W103/><G72/><T34/><D98/><U101/><E101/><V118/><F118/><W117/><G127/><T96/><D96/><U71/><E71/><V106/><F106/><W41/><G103/><T64/><D34/><U89/><E115/><V17/><F109/><W86/><G86/><T31/><D31/><U83/><E4/><V129/><F129/><W105/><G105/><T113/><D25/><U82/><E2/><V134/><F134/><W108/><G108/><T66/><D66/><U95/><E76/><V50/><F50/><W44/><G39/><T43/><D43/><N who="1" m="24639" /><E73/><V6/><F6/><N who="3" m="3543" /><G117/><T61/><D113/><U102/><E102/><V124/><F124/><W97/><G97/><T65/><D87/><N who="1" m="52639" /><E89/><V104/><F104/><W121/><G121/><T74/><D74/><U68/><E68/><V126/><F126/><W13/><G93/><T55/><D85/><U56/><E82/><V1/><F1/><W26/><G94/><T70/><REACH who="0" step="1"/><D55/><REACH who="0" ten="249,260,162,319" step="2"/><U132/><E132/><V133/><F133/><W67/><G26/><AGARI ba="0,1" hai="16,20,26,56,58,59,81,83" m="52639,24639" machi="26" ten="30,7700,0" yaku="8,1,52,1,54,2" doraHai="14" who="1" fromWho="3" sc="249,0,260,87,162,0,319,-77" />
</Scene>
<Scene>
<INIT seed="7,0,0,2,1,55" ten="249,347,162,242" oya="3" hai0="101,124,131,29,108,128,24,65,26,36,80,6,11" hai1="43,127,130,103,31,109,7,110,49,62,117,18,95" hai2="39,38,71,46,40,72,119,1,132,61,20,115,118" hai3="0,70,5,126,35,100,114,134,21,45,37,15,48"/><W102/><G70/><T84/><D36/><U92/><E31/><V116/><F20/><W33/><G37/><T99/><D65/><U56/><E7/><V96/><F96/><W89/><G134/><T125/><D108/><U64/><E130/><N who="0" m="49705" /><D84/><U121/><E121/><V81/><F132/><W16/><G126/><N who="0" m="48747" /><D80/><U97/><E117/><V76/><F39/><W47/><G114/><T113/><D29/><U10/><E95/><V63/><F115/><W75/><G75/><T4/><D4/><U27/><E127/><V98/><F98/><W13/><G47/><T90/><D90/><U69/><E69/><V74/><F74/><W32/><G89/><T58/><D58/><U86/><E86/><V135/><F135/><W53/><REACH who="3" step="1"/><G0/><REACH who="3" ten="249,347,162,232" step="2"/><N who="0" m="455" /><D113/><U78/><E109/><V2/><REACH who="2" step="1"/><F63/><REACH who="2" ten="249,347,152,232" step="2"/><W9/><AGARI ba="0,2" hai="5,9,13,15,16,21,32,33,35,45,48,53,100,102" machi="9" ten="40,7800,0" yaku="1,1,0,1,54,1,53,0" doraHai="55" doraHaiUra="60" who="3" fromWho="3" sc="249,-26,347,-26,152,-26,232,98" owari="223,-18.0,321,12.0,126,-37.0,330,43.0" />
</Scene>
</mjloggm>