<mjloggm ver="2.3"><GO type="169" lobby="0"/><UN n0="%E5%A4%AA%E3%81%8F%E3%81%AA%E3%81%84%E3%81%8A" n1="%E3%82%B1%E3%83%B3%E3%83%A4%E2%98%85" n2="%E3%83%96%E3%83%AB%E3%83%96%E3%83%AB%E3%83%8F%E3%83%BC%E3%83%84" n3="%53%55%50%45%52%43%41%52" dan="17,17,18,17" rate="2225.42,2130.55,2245.18,2189.98" sx="M,M,M,M"/><TAIKYOKU oya="0"/>

<Scene>
<INIT seed="0,0,0,0,3,102" ten="250,250,250,250" oya="0" hai0="106,62,103,116,4,105,126,22,92,19,38,110,7" hai1="84,120,76,72,8,71,94,74,45,69,121,61,59" hai2="93,20,122,55,98,42,23,96,49,41,67,21,101" hai3="91,81,10,86,54,134,60,124,5,131,11,39,53"/><T52/><D116/><U40/><E94/><V128/><F122/><N who="1" m="47209" /><E84/><V73/><F128/><W85/><G39/><T125/><D38/><N who="1" m="21655" /><E8/><V37/><F37/><W31/><G131/><T64/><D92/><U88/><E88/><V87/><F73/><W66/><G31/><T75/><D75/><U129/><E76/><V13/><F67/><W127/><G134/><T57/><D64/><N who="1" m="38975" /><E72/><V133/><F133/><W113/><G85/><T14/><D110/><U30/><E30/><V34/><F34/><W12/><G11/><T82/><D82/><U47/><E74/><V109/><F109/><W132/><G132/><T79/><D79/><U95/><E95/><V111/><F111/><W83/><G83/><T63/><D63/><U26/><E26/><V90/><F13/><W27/><G27/><T33/><D33/><U112/><E129/><V80/><REACH who="2" step="1"/><F96/><REACH who="2" ten="250,250,240,250" step="2"/><W32/><G32/><T3/><D3/><U28/><E71/><V35/><F35/><W46/><G12/><T78/><D78/><U25/><E69/><V16/><F16/><W135/><G135/><T97/><REACH who="0" step="1"/><D105/><REACH who="0" ten="240,250,240,250" step="2"/><U89/><E112/><V119/><F119/><W36/><G113/><T51/><D51/><U50/><E50/><V9/><F9/><W77/><G10/><T123/><D123/><U58/><E28/><V107/><F107/><W70/><G36/><T117/><D117/><U0/><E0/><V44/><AGARI ba="0,2" hai="20,21,23,41,42,44,49,55,80,87,90,93,98,101" machi="44" ten="30,4000,0" yaku="1,1,0,1,8,1,53,0" doraHai="102" doraHaiUra="6" who="2" fromWho="2" sc="240,-20,250,-10,240,60,250,-10" />
</Scene>
<Scene>
<INIT seed="1,0,0,4,5,5" ten="220,240,300,240" oya="1" hai0="91,134,1,109,74,133,79,124,2,24,28,135,92" hai1="71,85,8,78,11,59,19,10,12,16,4,38,115" hai2="63,45,52,84,13,36,75,96,120,53,67,129,86" hai3="111,107,25,90,43,119,32,105,98,72,27,104,125"/><U123/><E71/><V39/><F75/><W122/><G122/><T64/><D64/><U6/><E115/><V60/><F120/><W81/><G43/><T48/><D109/><U62/><E38/><V112/><F96/><W103/><G111/><T41/><D124/><U110/><E123/><V127/><F13/><W20/><G125/><T49/><D79/><U26/><E110/><V70/><F127/><W113/><G113/><T23/><D74/><U114/><E114/><V54/><F84/><W44/><G44/><N who="0" m="25615" /><D49/><U30/><E85/><AGARI ba="0,0" hai="1,2,23,24,28,85,91,92,133,134,135" m="25615" machi="85" ten="30,1000,0" yaku="20,1" doraHai="5" who="0" fromWho="1" sc="220,10,240,-10,300,0,240,0" />
</Scene>
<Scene>
<INIT seed="2,0,0,3,5,6" ten="230,230,300,240" oya="2" hai0="61,102,65,53,130,126,72,73,52,48,81,91,69" hai1="40,41,96,103,34,38,70,93,84,115,131,25,86" hai2="19,21,64,55,12,112,77,5,101,134,39,79,71" hai3="1,15,127,42,128,4,97,82,83,108,32,29,23"/><V100/><F112/><W122/><G122/><T30/><D102/><N who="2" m="39530" /><F39/><W120/><G120/><T22/><D126/><U107/><E115/><V8/><F71/><W16/><G97/><T80/><D130/><U13/><E70/><V123/><F123/><W87/><G127/><T56/><D53/><U49/><E38/><V92/><F64/><W111/><G128/><T2/><D2/><U18/><E131/><V45/><F92/><W57/><G42/><T58/><D69/><U63/><E63/><V10/><F134/><W7/><G57/><T60/><D48/><U67/><E67/><V27/><F10/><N who="3" m="2319" /><G7/><T46/><D46/><U33/><E107/><V124/><F124/><W28/><G82/><T76/><D80/><U117/><E117/><V54/><F54/><W118/><G118/><T26/><REACH who="0" step="1"/><D91/><REACH who="0" ten="220,230,300,240" step="2"/><U3/><E103/><V132/><F132/><W75/><G83/><T31/><D31/><U121/><E3/><V43/><F43/><W133/><G29/><T135/><D135/><U104/><E41/><V99/><F45/><W24/><G133/><T116/><D116/><U98/><E40/><V62/><F55/><W37/><G37/><T89/><D89/><U0/><E0/><V78/><F62/><W14/><G28/><T51/><D51/><U125/><E49/><V94/><F77/><W9/><G108/><T44/><D44/><U50/><E125/><V110/><F110/><W74/><G111/><T85/><AGARI ba="0,1" hai="22,26,30,52,56,58,60,61,65,72,73,76,81,85" machi="85" ten="20,5200,0" yaku="1,1,0,1,7,1,54,1,53,0" doraHai="6" doraHaiUra="109" who="0" fromWho="0" sc="220,62,230,-13,300,-26,240,-13" />
</Scene>
<Scene>
<INIT seed="3,0,0,5,3,67" ten="282,217,274,227" oya="3" hai0="26,128,132,60,69,11,101,50,77,33,134,30,18" hai1="57,72,55,54,62,99,98,53,75,115,59,126,68" hai2="49,47,102,113,27,89,64,119,34,90,48,39,114" hai3="56,103,86,40,80,1,23,81,22,8,85,52,82"/><W84/><G40/><T2/><D128/><U88/><E115/><V127/><F119/><W3/><G103/><T106/><D77/><U124/><E62/><V71/><F102/><W107/><G107/><T97/><D50/><U125/><E68/><V65/><F39/><W41/><G41/><T117/><D117/><U21/><E21/><V37/><F37/><W74/><G74/><N who="1" m="28202" /><E88/><V16/><F47/><W104/><G104/><T32/><D32/><U38/><E38/><V76/><F76/><W91/><G91/><T109/><D109/><U63/><E63/><V9/><F89/><W66/><G66/><N who="0" m="41159" /><D18/><U122/><E122/><V130/><F71/><W46/><G46/><T95/><D95/><U131/><E131/><V61/><F61/><W6/><REACH who="3" step="1"/><G3/><REACH who="3" ten="282,217,274,217" step="2"/><T13/><D2/><U35/><E35/><V5/><F90/><W108/><G108/><T133/><D132/><U73/><E73/><V12/><F64/><W15/><G15/><T111/><D111/><U10/><E10/><V51/><F65/><W14/><G14/><T19/><AGARI ba="0,1" hai="11,13,19,26,30,33,97,101,106,133,134" m="41159" machi="19" ten="30,2000,0" yaku="25,1,52,1" doraHai="67" who="0" fromWho="0" sc="282,30,217,-5,274,-5,217,-10" />
</Scene>
<Scene>
<INIT seed="4,0,0,1,2,127" ten="312,212,269,207" oya="0" hai0="72,105,70,75,91,44,24,110,109,8,14,79,23" hai1="133,84,80,115,86,21,54,131,51,11,101,35,48" hai2="33,19,60,121,100,73,92,97,124,39,52,26,90" hai3="59,1,76,71,43,56,29,111,63,10,25,96,65"/><T34/><D70/><U94/><E35/><V68/><F121/><W81/><G111/><N who="0" m="42507" /><D105/><U61/><E115/><V112/><F73/><W53/><G43/><T16/><D34/><U118/><E118/><V120/><F39/><W123/><G123/><T128/><D91/><U104/><E104/><V89/><F124/><W85/><G96/><T113/><D113/><U64/><E11/><V125/><F125/><W7/><REACH who="3" step="1"/><G53/><REACH who="3" ten="312,212,269,197" step="2"/><T41/><D41/><U93/><E54/><V83/><F52/><W119/><G119/><T0/><D44/><U67/><E133/><V27/><F97/><W12/><G12/><T107/><D14/><U62/><E101/><V42/><F100/><W122/><G122/><T4/><D107/><U47/><E47/><V18/><F112/><W95/><G95/><T37/><D37/><U103/><E103/><V77/><F92/><W3/><G3/><T74/><D79/><U22/><REACH who="1" step="1"/><E80/><REACH who="1" ten="312,202,269,197" step="2"/><V2/><F83/><W58/><G58/><T20/><D0/><U98/><E98/><V13/><F2/><W36/><G36/><T66/><D66/><U49/><E49/><V46/><F46/><W45/><G45/><T99/><D99/><U69/><E69/><V38/><F68/><W50/><G50/><T57/><D57/><U9/><E9/><V17/><F38/><W108/><G108/><T129/><D8/><U6/><E6/><V116/><F116/><W114/><G114/><T117/><D4/><U102/><E102/><V130/><F120/><W134/><G134/><T132/><D132/><U78/><E78/><V88/><F77/><RYUUKYOKU ba="0,2" sc="312,-15,202,15,269,-15,197,15" hai1="21,22,48,51,61,62,64,67,84,86,93,94,131" hai3="1,7,10,25,29,56,59,63,65,71,76,81,85" />
</Scene>
<Scene>
<INIT seed="5,1,2,3,0,94" ten="297,217,254,212" oya="1" hai0="97,37,11,69,98,18,65,82,85,55,102,111,88" hai1="96,49,48,15,43,27,59,117,66,120,92,133,17" hai2="77,53,112,32,39,41,84,100,35,67,1,46,128" hai3="57,19,126,119,95,90,110,36,7,103,86,135,64"/><U58/><E117/><V80/><F1/><W89/><G110/><T52/><D37/><U13/><E120/><V130/><F112/><W83/><G36/><T71/><D111/><U26/><E133/><V50/><F67/><W123/><G123/><T70/><D65/><U44/><E13/><V30/><F100/><W22/><G135/><T38/><D38/><U81/><E81/><V6/><F6/><W31/><G119/><T91/><D91/><N who="1" m="55327" /><E49/><V60/><F60/><N who="3" m="37903" /><G126/><T108/><D108/><U47/><E47/><N who="2" m="27871" /><F30/><W79/><G31/><T8/><D97/><U4/><E4/><V34/><F34/><W16/><G7/><T78/><D78/><U63/><E59/><V9/><F9/><AGARI ba="1,2" hai="9,15,17,26,27,43,44,48,58,63,66" m="55327" machi="9" ten="30,2900,0" yaku="8,1,52,1" doraHai="94" who="1" fromWho="2" sc="297,0,217,52,254,-32,212,0" />
</Scene>
<Scene>
<INIT seed="5,2,0,1,0,41" ten="297,269,222,212" oya="1" hai0="99,13,71,93,30,126,48,54,61,34,88,32,94" hai1="72,92,38,3,52,66,58,69,80,43,64,125,25" hai2="134,86,107,19,84,98,20,108,65,17,96,28,7" hai3="101,121,29,62,129,75,49,87,67,122,4,109,51"/><U59/><E3/><V77/><F108/><W120/><G75/><T131/><D131/><U33/><E92/><V70/><F7/><W82/><G109/><T10/><D126/><U74/><E25/><V117/><F117/><W103/><G129/><T91/><D71/><U27/><E27/><V128/><F65/><W83/><G29/><T0/><D0/><U60/><E33/><V18/><F70/><W56/><G4/><T112/><D61/><N who="1" m="40143" /><E80/><V114/><F107/><W133/><G133/><T105/><D105/><U31/><E31/><V45/><F114/><W102/><REACH who="3" step="1"/><G83/><REACH who="3" ten="297,269,222,202" step="2"/><T2/><D30/><U53/><E74/><V16/><F28/><W89/><AGARI ba="2,1" hai="49,51,56,62,67,82,87,89,101,102,103,120,121,122" machi="89" ten="40,5200,0" yaku="1,1,2,1,0,1,53,0" doraHai="41" doraHaiUra="36" who="3" fromWho="3" sc="297,-15,269,-28,222,-15,202,68" />
</Scene>
<Scene>
<INIT seed="6,0,0,0,5,130" ten="282,241,207,270" oya="2" hai0="123,135,83,103,48,96,0,72,120,49,29,75,40" hai1="118,15,22,12,50,128,17,122,99,76,90,51,45" hai2="108,131,81,133,23,115,3,70,58,24,1,80,87" hai3="42,77,44,19,52,34,73,25,47,26,5,28,67"/><V27/><F70/><W129/><G129/><T7/><D29/><U110/><E110/><V61/><F131/><W91/><G67/><T41/><D7/><U113/><E128/><V37/><F108/><W64/><G64/><T125/><D0/><U71/><E118/><V111/><F37/><W104/><G104/><T32/><D32/><U11/><E71/><V127/><F115/><W65/><G65/><T132/><D125/><U4/><E113/><V54/><F127/><W74/><G5/><T98/><D83/><U36/><E122/><V116/><F116/><W117/><G117/><T102/><AGARI ba="0,0" hai="40,41,48,49,72,75,96,98,102,103,120,123,132,135" machi="102" ten="25,8000,1" yaku="0,1,22,2,52,2" doraHai="130" who="0" fromWho="0" sc="282,80,241,-20,207,-40,270,-20" />
</Scene>
<Scene>
<INIT seed="7,0,0,3,0,115" ten="362,221,167,250" oya="3" hai0="68,94,87,81,112,90,26,52,56,116,3,63,128" hai1="50,118,80,73,109,10,45,98,110,96,84,114,85" hai2="106,11,49,102,132,131,7,61,88,74,83,92,82" hai3="97,15,111,6,67,17,0,125,64,54,42,1,32"/><W14/><G32/><T72/><D116/><U121/><E121/><V36/><F131/><W71/><G42/><T23/><D3/><U30/><E30/><V135/><F36/><W76/><G76/><T5/><D5/><U24/><E24/><V48/><F61/><W104/><G6/><T100/><D128/><U34/><E34/><V18/><F18/><W27/><G27/><T124/><D112/><U39/><E73/><V89/><F102/><W46/><G15/><T79/><D124/><U126/><E10/><V77/><F106/><W95/><G104/><T41/><D68/><U133/><E126/><V123/><F123/><W69/><G69/><T2/><D2/><U108/><E114/><V66/><F66/><W19/><G19/><T12/><D12/><U129/><E39/><V16/><F82/><W22/><G125/><T130/><D130/><U134/><E129/><V78/><F77/><W40/><G67/><T107/><D41/><U59/><E109/><V44/><F89/><W35/><G111/><T91/><D107/><U58/><E80/><V127/><F127/><W105/><G105/><T62/><D62/><U25/><E108/><V60/><F60/><W38/><G38/><T86/><D100/><U29/><E29/><V37/><F37/><W93/><G71/><T21/><D26/><U101/><E25/><V53/><F48/><W119/><G64/><T9/><D9/><U31/><E110/><V120/><F120/><W70/><G70/><T122/><D122/><U113/><E113/><V99/><F7/><W4/><G4/><T65/><D65/><RYUUKYOKU ba="0,0" sc="362,15,221,-15,167,15,250,-15" hai0="21,23,52,56,63,72,79,81,86,87,90,91,94" hai2="11,16,44,49,53,74,78,83,88,92,99,132,135" owari="377,47.0,206,-19.0,182,-32.0,235,4.0" />
</Scene>
</mjloggm>