<mjloggm ver="2.3"><GO type="169" lobby="0"/><UN n0="%E8%B1%86%E7%89%B9%EF%BC%A0%E6%B2%B3%E6%9D%91%E8%BB%8D%E5%9B%A3" n1="%6A%75%6D%70%2D%75%70" n2="%E5%A4%AA%E3%81%8F%E3%81%AA%E3%81%84%E3%81%8A" n3="%E6%9C%9D%E6%AF%94%E5%A5%88%E5%A4%A7%E5%90%BE" dan="16,16,17,16" rate="2104.97,2042.26,2236.33,2120.83" sx="M,M,M,M"/><TAIKYOKU oya="0"/>

<Scene>
<INIT seed="0,0,0,5,1,33" ten="250,250,250,250" oya="0" hai0="49,20,16,3,112,59,14,38,113,48,39,94,103" hai1="129,116,53,85,86,114,11,133,19,26,67,91,21" hai2="55,117,109,29,46,79,30,107,47,130,126,90,88" hai3="121,104,44,13,92,119,50,32,82,110,43,18,58"/><T0/><D112/><U57/><E114/><V7/><F107/><W28/><G104/><T111/><D113/><U120/><E116/><V124/><F79/><W125/><G119/><T52/><D111/><U77/><E120/><V64/><F117/><W115/><G115/><T98/><REACH who="0" step="1"/><D49/><REACH who="0" ten="240,250,250,250" step="2"/><N who="1" m="30895" /><E129/><V118/><F118/><W66/><G50/><T4/><D4/><U10/><E133/><V89/><F109/><W134/><G110/><T69/><D69/><U78/><E67/><V56/><F64/><W127/><G134/><T105/><D105/><U12/><E11/><V42/><F7/><W106/><G106/><T36/><AGARI ba="0,1" hai="0,3,14,16,20,36,38,39,48,52,59,94,98,103" machi="36" ten="30,18000,2" yaku="1,1,0,1,52,2,54,2,53,0" doraHai="33" doraHaiUra="23" who="0" fromWho="0" sc="240,190,250,-60,250,-60,250,-60" />
</Scene>
<Scene>
<INIT seed="0,1,0,0,1,88" ten="430,190,190,190" oya="0" hai0="112,97,68,123,36,30,101,46,1,95,58,130,125" hai1="25,35,96,72,8,33,13,32,103,109,92,100,11" hai2="48,27,42,78,90,59,20,53,57,105,61,74,14" hai3="21,69,115,40,12,114,131,22,111,87,71,116,56"/><T119/><D123/><U44/><E109/><V108/><F105/><W124/><G116/><T83/><D119/><U81/><E100/><V63/><F108/><W62/><G111/><T82/><D68/><U66/><E66/><V128/><F128/><W31/><G131/><T98/><D130/><U75/><E25/><V45/><F74/><W9/><G71/><T3/><D112/><U26/><E26/><V102/><F78/><W38/><G69/><T77/><D30/><U104/><E44/><V127/><F127/><W49/><G124/><T93/><D125/><U55/><E55/><V51/><F102/><W129/><G38/><T79/><D58/><U126/><E126/><V4/><F59/><W28/><G129/><T117/><D117/><U24/><E24/><V84/><F4/><N who="3" m="3111" /><G87/><T135/><D135/><U43/><E43/><V10/><F10/><W50/><G114/><T29/><D29/><N who="3" m="11337" /><G115/><T15/><D15/><U2/><E11/><V106/><F106/><W133/><G133/><T19/><D101/><U76/><E2/><V85/><F27/><W6/><G6/><T64/><D64/><U52/><E72/><V113/><F113/><W122/><G40/><T47/><D19/><U41/><E41/><V120/><F120/><W70/><G70/><T16/><D16/><N who="1" m="8231" /><E104/><V94/><F84/><W73/><G73/><T118/><D118/><U110/><E110/><V99/><F99/><W91/><G122/><T80/><D80/><U23/><E23/><N who="3" m="8714" /><G91/><T18/><D18/><AGARI ba="1,0" hai="14,18,20,42,45,48,51,53,57,61,63,85,90,94" machi="18" ten="40,8000,1" yaku="25,2,8,1,52,1" doraHai="88" who="2" fromWho="0" sc="430,-83,190,0,190,83,190,0" />
</Scene>
<Scene>
<INIT seed="1,0,0,2,1,49" ten="347,190,273,190" oya="1" hai0="46,20,85,73,40,27,83,5,119,76,29,68,26" hai1="51,99,37,12,15,42,65,121,111,61,57,31,112" hai2="38,95,77,132,28,19,14,105,122,52,2,86,53" hai3="54,55,17,133,114,45,103,35,130,79,75,70,32"/><U106/><E121/><V127/><F105/><W10/><G114/><T22/><D119/><U98/><E112/><V89/><F122/><W108/><G70/><T0/><D68/><U129/><E129/><V124/><F2/><W78/><G130/><T41/><D85/><U34/><E37/><V24/><F38/><W131/><G131/><T72/><D72/><U90/><E111/><V69/><F69/><W50/><G108/><T58/><D58/><U104/><E104/><V39/><F39/><W13/><G133/><T48/><D5/><U66/><E66/><V120/><F77/><W63/><G103/><T56/><D56/><U97/><E106/><V21/><F120/><W71/><G75/><T87/><D0/><U115/><E115/><V126/><REACH who="2" step="1"/><F132/><REACH who="2" ten="347,190,263,190" step="2"/><W33/><G71/><T101/><D73/><U16/><E90/><V8/><AGARI ba="0,1" hai="8,14,19,21,24,28,52,53,86,89,95,124,126,127" machi="8" ten="30,12000,2" yaku="1,1,2,1,0,1,18,1,52,2,54,1,53,0" doraHai="49" doraHaiUra="113" who="2" fromWho="2" sc="347,-30,190,-60,263,130,190,-30" />
</Scene>
<Scene>
<INIT seed="2,0,0,0,0,28" ten="317,130,393,160" oya="2" hai0="9,101,68,41,33,57,104,96,97,122,4,94,51" hai1="27,130,43,87,98,80,86,45,99,129,132,24,127" hai2="133,40,71,0,31,58,44,88,1,36,81,91,135" hai3="69,103,102,67,79,56,92,8,34,20,76,83,39"/><V16/><F71/><W110/><G110/><T82/><D122/><U121/><E121/><V48/><F31/><W125/><G125/><T119/><D68/><U108/><E108/><V70/><F70/><W118/><G118/><T112/><D112/><U120/><E120/><V106/><F106/><W32/><G39/><T84/><D119/><U15/><E127/><V21/><F58/><W59/><G8/><T107/><D33/><U23/><E132/><N who="2" m="50763" /><F36/><W115/><G115/><T116/><D116/><U124/><E15/><N who="2" m="9375" /><F81/><W65/><G92/><T100/><D94/><U52/><E124/><V66/><F66/><W5/><G20/><T62/><D9/><U105/><E80/><V114/><F114/><W22/><G22/><T128/><D4/><U113/><E105/><V111/><F111/><W50/><G69/><T29/><D29/><U53/><E113/><V42/><F42/><W64/><G64/><T14/><D41/><U49/><E23/><V54/><F40/><W95/><G83/><T73/><D104/><U3/><E43/><V77/><F77/><W90/><G95/><T46/><D82/><U123/><E123/><V47/><F47/><W11/><G11/><T37/><D46/><U85/><E3/><AGARI ba="0,0" hai="0,1,3,44,48,54,88,91" m="9375,50763" machi="3" ten="30,5800,0" yaku="20,1,54,2" doraHai="28" who="2" fromWho="1" sc="317,0,130,-58,393,58,160,0" />
</Scene>
<Scene>
<INIT seed="2,1,0,1,4,77" ten="317,72,451,160" oya="2" hai0="8,13,16,93,37,65,74,0,80,34,87,106,25" hai1="78,83,54,48,67,31,124,107,39,3,123,45,128" hai2="24,51,133,21,99,12,108,10,131,119,121,135,132" hai3="40,14,111,62,36,109,98,71,28,41,112,75,100"/><V35/><F51/><W118/><G118/><T86/><D106/><U23/><E107/><V92/><F119/><W6/><G112/><T9/><D37/><U115/><E115/><V66/><F121/><W4/><G75/><T60/><D74/><U90/><E123/><V29/><F66/><N who="3" m="41431" /><G28/><T64/><D93/><U43/><E3/><V27/><F131/><W5/><G14/><T116/><D86/><U72/><E128/><V68/><F68/><W38/><G40/><T82/><D87/><U125/><E67/><V50/><F50/><W91/><G91/><T58/><D116/><U126/><E90/><V81/><F12/><W47/><G47/><T2/><D64/><U104/><E104/><V94/><F10/><W102/><G41/><T114/><D114/><U57/><E23/><V59/><F59/><W61/><G61/><T103/><D103/><N who="3" m="39465" /><G98/><T63/><D63/><U26/><E26/><V117/><F117/><W101/><G101/><T55/><D65/><U17/><E17/><N who="2" m="12335" /><F99/><W96/><G96/><T97/><D97/><U70/><REACH who="1" step="1"/><E70/><REACH who="1" ten="317,62,451,160" step="2"/><V33/><F27/><W1/><G1/><T73/><D2/><U22/><E22/><V15/><F133/><W46/><G4/><T105/><D105/><U49/><E49/><V84/><F135/><W7/><G5/><T110/><D0/><U30/><AGARI ba="1,1" hai="30,31,39,43,45,48,54,57,72,78,83,124,125,126" machi="30" ten="40,8000,1" yaku="1,1,0,1,18,1,52,1,53,0" doraHai="77" doraHaiUra="20" who="1" fromWho="1" sc="317,-21,62,93,451,-41,160,-21" />
</Scene>
<Scene>
<INIT seed="3,0,0,0,1,129" ten="296,155,410,139" oya="3" hai0="110,40,131,118,59,21,130,1,77,76,47,6,101" hai1="55,112,45,16,29,95,66,7,89,65,5,127,85" hai2="106,117,36,79,87,23,69,32,90,2,33,123,46" hai3="98,44,10,88,62,68,120,34,108,81,3,64,111"/><W133/><G120/><T11/><D118/><U125/><E112/><V115/><F117/><W8/><G34/><T27/><D110/><N who="3" m="42025" /><G133/><T73/><D101/><U15/><E29/><V51/><F36/><W83/><G44/><T25/><D59/><U116/><E55/><V96/><F2/><W70/><G70/><T124/><D124/><N who="1" m="47691" /><E45/><V41/><F69/><W80/><G3/><T39/><D25/><U0/><E0/><V121/><F115/><W71/><G71/><T102/><D102/><U37/><E37/><V92/><F106/><W86/><G98/><T97/><D97/><U99/><E99/><V103/><F103/><W57/><G68/><T14/><D14/><U109/><E109/><V30/><F96/><W24/><G24/><T12/><D12/><U128/><E128/><N who="0" m="49193" /><D73/><U35/><E35/><V78/><F32/><W48/><G48/><T49/><D49/><U67/><E116/><V31/><F33/><W122/><G122/><T94/><D47/><U28/><E28/><V132/><F31/><W91/><G91/><T13/><D39/><U20/><AGARI ba="0,0" hai="5,7,15,16,20,65,66,67,85,89,95" m="47691" machi="20" ten="30,2000,0" yaku="18,1,54,1" doraHai="129" who="1" fromWho="1" sc="296,-5,155,20,410,-5,139,-10" />
</Scene>
<Scene>
<INIT seed="4,0,0,5,2,27" ten="291,175,405,129" oya="0" hai0="124,134,85,89,81,1,127,42,64,130,103,100,18" hai1="71,40,23,4,25,57,36,37,102,112,113,87,109" hai2="114,120,116,17,58,56,6,121,39,95,70,96,19" hai3="48,115,0,52,26,7,111,24,78,94,92,30,68"/><T128/><D1/><U118/><E71/><V32/><F70/><W46/><G111/><T91/><D64/><U5/><E118/><V98/><F39/><N who="1" m="14921" /><E109/><V61/><F32/><W51/><G68/><T77/><D42/><U107/><E87/><V13/><F6/><W16/><G115/><N who="1" m="44106" /><E102/><N who="0" m="38953" /><D18/><N who="1" m="12535" /><E107/><V69/><F69/><W126/><G126/><N who="0" m="48171" /><D134/><U60/><E40/><V67/><F114/><W33/><G0/><T21/><D21/><U101/><E101/><V129/><F116/><W35/><G7/><T29/><D29/><U3/><E3/><V45/><F19/><W75/><G35/><T93/><D91/><U76/><E76/><V43/><F17/><W41/><G78/><T38/><D38/><U2/><E2/><V80/><F43/><W59/><REACH who="3" step="1"/><G75/><AGARI ba="0,0" hai="75,77,81,85,89,93,128,130" m="48171,38953" machi="75" ten="30,5800,0" yaku="18,1,34,2" doraHai="27" who="0" fromWho="3" sc="291,58,175,0,405,0,129,-58" />
</Scene>
<Scene>
<INIT seed="4,1,0,3,1,7" ten="349,175,405,71" oya="0" hai0="74,15,10,73,47,28,56,40,0,44,25,99,46" hai1="105,127,67,131,39,36,114,129,126,69,71,62,3" hai2="89,4,55,103,113,45,100,135,120,57,12,24,124" hai3="123,104,128,29,118,77,8,102,90,130,121,43,41"/><T87/><D0/><U101/><E101/><V58/><F120/><N who="3" m="46155" /><G29/><T125/><D125/><N who="1" m="47627" /><E105/><V13/><F124/><W122/><N who="3" m="46163" /><W33/><DORA hai="35" /><G43/><T88/><D99/><U132/><E3/><V50/><F113/><W68/><G41/><T115/><D115/><U133/><E71/><V18/><F135/><N who="1" m="51785" /><E114/><V63/><F89/><W119/><G33/><T53/><D40/><U16/><E16/><V96/><F4/><W72/><G8/><T11/><D73/><U52/><E52/><N who="2" m="29775" /><F57/><W109/><G109/><T19/><D74/><U86/><E86/><V32/><F32/><W31/><G31/><T14/><D14/><N who="2" m="5738" /><F96/><N who="3" m="61511" /><G90/><T22/><D88/><U107/><E107/><V27/><F18/><W106/><G68/><T26/><D87/><U5/><E5/><V134/><F134/><W60/><G60/><N who="0" m="35855" /><D26/><AGARI ba="1,0" hai="24,26,27,55,58,63,100,103" m="5738,29775" machi="26" ten="30,2000,0" yaku="8,1,54,1" doraHai="7,35" who="2" fromWho="0" sc="349,-23,175,0,405,23,71,0" />
</Scene>
<Scene>
<INIT seed="5,0,0,4,4,67" ten="326,175,428,71" oya="1" hai0="128,12,116,106,4,39,23,97,9,10,74,113,90" hai1="102,132,60,5,55,89,27,62,20,130,118,37,51" hai2="16,50,120,101,81,100,43,45,117,17,32,133,87" hai3="104,98,119,92,46,107,77,33,53,8,73,115,30"/><U34/><E118/><V88/><F117/><W95/><G119/><T121/><D39/><U52/><E130/><V58/><F120/><W65/><G115/><T71/><D74/><U28/><E132/><V35/><F133/><W66/><G104/><T14/><D116/><U126/><E126/><V85/><F35/><W19/><G107/><T44/><D128/><U123/><E123/><V134/><F32/><W69/><G77/><T103/><D121/><U47/><E37/><V82/><F134/><W63/><G73/><T83/><D113/><U78/><E78/><N who="2" m="46263" /><F58/><W79/><G79/><T124/><D124/><U24/><E5/><V125/><F125/><W31/><G33/><T48/><D23/><U76/><E76/><V80/><F80/><W99/><G53/><T3/><D3/><U93/><E102/><AGARI ba="0,0" hai="16,17,43,45,50,82,87,88,100,101,102" m="46263" machi="102" ten="30,3900,0" yaku="8,1,54,2" doraHai="67" who="2" fromWho="1" sc="326,0,175,-39,428,39,71,0" />
</Scene>
<Scene>
<INIT seed="6,0,0,2,2,113" ten="326,136,467,71" oya="2" hai0="106,94,0,32,63,58,124,53,97,122,111,26,135" hai1="77,19,81,110,14,95,89,88,56,102,75,130,45" hai2="1,61,46,6,118,132,69,23,34,64,84,115,120" hai3="33,85,51,27,116,30,31,131,99,86,67,15,68"/><V83/><F34/><W79/><G131/><T76/><D111/><U35/><E130/><V66/><F120/><W39/><G39/><T50/><D122/><U49/><E110/><V123/><F123/><W112/><G112/><T128/><D0/><U129/><E129/><V78/><F115/><W100/><G30/><T121/><D121/><U42/><E35/><V37/><F66/><W74/><G51/><T25/><D128/><U65/><E65/><V10/><F23/><W17/><G116/><T91/><D106/><U3/><E3/><V29/><F29/><W71/><G71/><T11/><D11/><U59/><E102/><V16/><F16/><W127/><G127/><T114/><D32/><U9/><REACH who="1" step="1"/><E89/><REACH who="1" ten="326,126,467,71" step="2"/><V87/><F64/><W22/><G79/><T55/><D76/><U92/><E92/><V24/><F1/><W47/><G67/><T28/><D114/><U60/><E60/><V96/><F61/><W98/><G68/><T62/><D63/><U40/><E40/><V72/><F69/><W126/><G100/><T90/><D90/><U48/><E48/><V117/><F78/><W107/><G33/><T133/><D50/><U38/><E38/><V21/><F37/><W5/><G107/><T93/><D62/><U7/><E7/><V134/><F6/><W109/><G5/><T108/><D91/><U105/><E105/><V8/><F118/><W2/><G109/><T44/><D108/><U57/><E57/><V73/><F117/><W20/><G2/><T70/><D58/><U18/><E18/><V80/><F80/><W41/><G17/><RYUUKYOKU ba="0,1" sc="326,-10,126,30,467,-10,71,-10" hai1="9,14,19,42,45,49,56,59,75,77,81,88,95" />
</Scene>
<Scene>
<INIT seed="7,1,1,4,0,60" ten="316,156,457,61" oya="3" hai0="42,104,89,79,102,61,62,101,116,120,19,52,132" hai1="30,44,123,40,23,64,126,27,51,58,53,55,41" hai2="70,2,68,128,95,36,34,12,91,72,121,90,47" hai3="28,85,9,39,38,56,127,18,113,115,13,118,54"/><W4/><G118/><T99/><D116/><U100/><E123/><V125/><F2/><W31/><G127/><T97/><D120/><U83/><E126/><V109/><F109/><W63/><G85/><T88/><D132/><U11/><E100/><V96/><F125/><W74/><G74/><T134/><D134/><U82/><E64/><V6/><F34/><W45/><G39/><T1/><D1/><U122/><E122/><V81/><F121/><W111/><G111/><T20/><D79/><U87/><E11/><V135/><F135/><W107/><G107/><T0/><D0/><U7/><E7/><V106/><F106/><W71/><G71/><T43/><D20/><U8/><E8/><V92/><F128/><W75/><G75/><T33/><D104/><U49/><E82/><V10/><F36/><W84/><G84/><T133/><D133/><U24/><E24/><V26/><F26/><W73/><G73/><T110/><D110/><U103/><E103/><V77/><F47/><W78/><G78/><AGARI ba="1,1" hai="23,27,30,40,41,44,49,51,53,55,58,78,83,87" machi="78" ten="30,2000,0" yaku="7,1,8,1" doraHai="60" who="1" fromWho="3" sc="316,0,156,33,457,0,61,-23" owari="316,12.0,189,-21.0,457,55.0,38,-46.0" />
</Scene>
</mjloggm>