<mjloggm ver="2.3"><GO type="41" lobby="0"/><UN n0="%4B%62%65%6E%6E" n1="%E5%A4%AA%E3%81%8F%E3%81%AA%E3%81%84%E3%81%8A" n2="%E3%82%B9%E3%83%88%E3%83%BC%E3%82%AF%E3%82%B7%E3%83%86%E3%82%A3" n3="%73%61%74%74%61%73" dan="14,17,13,14" rate="1855.40,2141.51,1830.76,1923.67" sx="M,M,M,M"/><TAIKYOKU oya="0"/>

<Scene>
<INIT seed="0,0,0,1,0,16" ten="250,250,250,250" oya="0" hai0="110,27,53,9,94,45,75,104,90,33,121,128,30" hai1="117,89,71,101,54,95,36,67,28,102,108,113,39" hai2="81,1,62,44,98,63,11,15,37,88,21,100,77" hai3="34,68,91,17,47,43,0,25,115,116,8,14,80"/><T60/><D104/><U74/><E117/><V79/><F79/><W118/><G68/><T123/><D75/><U35/><E74/><V131/><F131/><W97/><G115/><T119/><D119/><U127/><E113/><V58/><F1/><W19/><G0/><T130/><D110/><U96/><E108/><V7/><F37/><W12/><G34/><T69/><D9/><U32/><E127/><V112/><F112/><W6/><G6/><T87/><D69/><U49/><E71/><V105/><F44/><W4/><G4/><T83/><D83/><U99/><E67/><V31/><F88/><W64/><G25/><T13/><D13/><U50/><E89/><V82/><F63/><W92/><G64/><T120/><REACH who="0" step="1"/><D45/><REACH who="0" ten="240,250,250,250" step="2"/><U133/><E95/><V22/><F82/><W84/><G47/><T46/><D46/><U23/><E36/><V107/><F105/><W10/><REACH who="3" step="1"/><G43/><REACH who="3" ten="240,250,250,240" step="2"/><T126/><D126/><U38/><E39/><V125/><F125/><W114/><G114/><T3/><D3/><U5/><E38/><V132/><F132/><W72/><G72/><T70/><D70/><U52/><E133/><V134/><F134/><W129/><G129/><T51/><D51/><U55/><E50/><V76/><F62/><W41/><G41/><T85/><D85/><U24/><E49/><V103/><F11/><W65/><G65/><T106/><D106/><N who="1" m="63783" /><E5/><V59/><F7/><W86/><G86/><T66/><D66/><U122/><E122/><V20/><F107/><W124/><G124/><T57/><AGARI ba="0,2" hai="27,30,33,53,57,60,87,90,94,120,121,123,128,130" machi="57" ten="40,3900,0" yaku="1,1,0,1,53,0" doraHai="16" doraHaiUra="135" who="0" fromWho="0" sc="240,59,250,-13,250,-13,240,-13" />
</Scene>
<Scene>
<INIT seed="0,1,0,3,2,23" ten="299,237,237,227" oya="0" hai0="21,35,10,32,11,133,127,97,114,83,70,57,16" hai1="110,31,58,0,42,44,103,98,36,106,63,108,77" hai2="69,26,71,92,79,50,87,130,18,72,6,73,34" hai3="119,24,68,75,45,129,27,41,55,118,131,93,46"/><T28/><D70/><U8/><E77/><V30/><F130/><N who="3" m="49675" /><G75/><T39/><D114/><U94/><E106/><V135/><F135/><W54/><G68/><T74/><D39/><U90/><E90/><V125/><F125/><W89/><G41/><T14/><D133/><U86/><E86/><V33/><F33/><W101/><G101/><T78/><D127/><U59/><E31/><V96/><F72/><W104/><G104/><T17/><D97/><U56/><REACH who="1" step="1"/><E63/><REACH who="1" ten="299,227,237,227" step="2"/><V117/><F117/><N who="3" m="44555" /><G89/><T95/><D28/><U99/><E99/><V37/><F73/><W122/><G93/><T128/><D95/><U123/><E123/><V12/><F79/><W61/><G122/><T100/><D100/><U52/><E52/><N who="3" m="20010" /><G61/><T47/><D128/><U3/><E3/><V121/><F87/><W2/><G2/><T9/><D78/><U67/><E67/><V25/><F121/><W49/><G49/><T43/><D74/><U53/><E53/><V76/><F50/><W64/><G64/><T38/><D43/><U85/><E85/><V66/><F96/><W120/><G120/><T20/><D83/><U22/><E22/><V13/><F92/><W126/><G126/><T5/><D21/><U65/><E65/><V1/><F76/><W82/><G82/><T80/><D20/><U88/><E88/><V112/><F66/><W116/><G116/><T81/><D80/><U84/><E84/><V102/><F102/><W4/><G4/><AGARI ba="1,1" hai="0,4,8,36,42,44,56,58,59,94,98,103,108,110" machi="4" ten="40,1300,0" yaku="1,1,53,0" doraHai="23" doraHaiUra="62" who="1" fromWho="3" sc="299,0,227,26,237,0,227,-16" />
</Scene>
<Scene>
<INIT seed="1,0,0,3,3,9" ten="299,253,237,211" oya="1" hai0="21,77,43,38,69,16,112,101,84,57,70,5,1" hai1="25,64,66,61,91,97,120,74,40,128,132,10,81" hai2="46,73,2,63,105,135,96,65,41,42,119,130,11" hai3="60,29,88,78,30,95,12,110,32,115,123,79,7"/><U22/><E120/><V26/><F119/><W117/><G32/><T28/><D112/><U102/><E132/><V133/><F42/><W19/><G7/><T106/><D28/><N who="3" m="10857" /><G115/><T39/><D39/><U37/><E128/><V76/><F26/><W121/><G110/><T51/><D101/><U127/><E127/><V134/><F130/><W4/><G4/><T124/><D106/><U0/><E0/><V89/><F105/><W3/><G3/><T109/><D109/><U53/><E10/><V15/><F2/><W13/><G19/><T111/><D111/><U94/><E37/><V86/><F73/><W27/><G27/><T80/><D124/><U8/><E40/><V92/><F76/><N who="3" m="29227" /><G117/><T72/><D84/><N who="1" m="50575" /><E8/><V90/><F90/><W116/><G116/><T17/><D51/><U24/><E74/><V100/><F100/><W87/><G123/><T20/><D57/><N who="1" m="34991" /><E25/><V48/><F96/><W59/><G121/><T45/><D5/><U34/><E34/><V54/><F41/><W104/><G104/><T31/><D31/><AGARI ba="0,0" hai="22,24,31,64,66,94,97,102" m="34991,50575" machi="31" ten="30,1500,0" yaku="8,1" doraHai="9" who="1" fromWho="0" sc="299,-15,253,15,237,0,211,0" />
</Scene>
<Scene>
<INIT seed="1,1,0,4,4,49" ten="284,268,237,211" oya="1" hai0="52,109,33,120,119,74,86,54,90,73,56,125,69" hai1="3,108,100,93,13,80,15,35,85,23,99,22,107" hai2="78,127,105,104,4,115,131,58,39,8,50,16,5" hai3="9,1,130,61,126,53,45,72,96,129,36,124,28"/><U70/><E35/><V110/><F39/><W19/><G72/><T59/><D119/><U57/><E70/><V67/><F105/><W38/><G28/><T83/><D69/><U82/><E3/><V34/><F34/><W84/><G84/><T118/><D118/><U46/><E108/><V17/><F110/><W114/><G96/><T55/><D109/><U64/><E107/><V77/><F104/><W68/><G19/><N who="2" m="7241" /><F131/><N who="3" m="50187" /><G9/><T122/><D33/><U81/><E46/><V88/><F127/><N who="3" m="48683" /><G1/><T112/><D112/><U60/><REACH who="1" step="1"/><E85/><REACH who="1" ten="284,258,237,211" step="2"/><V27/><F115/><W31/><G114/><T42/><D125/><U66/><E66/><V20/><F67/><N who="3" m="41071" /><G31/><T32/><D32/><U135/><E135/><V79/><F8/><W106/><G106/><T7/><D74/><U24/><E24/><V48/><F4/><W113/><G113/><T98/><D73/><U102/><E102/><V95/><F5/><W94/><G94/><T26/><D7/><U121/><E121/><N who="0" m="46697" /><D26/><U91/><E91/><V134/><F134/><W29/><G29/><T111/><D111/><U40/><E40/><V116/><F116/><W11/><G11/><T75/><D42/><U51/><E51/><AGARI ba="1,1" hai="36,38,45,51,53" m="41071,48683,50187" machi="51" ten="30,8000,1" yaku="19,1,18,1,34,2,52,1" doraHai="49" who="3" fromWho="1" sc="284,0,258,-83,237,0,211,93" />
</Scene>
<Scene>
<INIT seed="2,0,0,2,4,81" ten="284,175,237,304" oya="2" hai0="82,5,51,7,40,107,47,111,1,125,46,26,16" hai1="42,74,66,79,10,4,43,127,102,84,11,38,58" hai2="60,134,119,55,56,77,96,62,14,61,50,86,87" hai3="89,36,117,18,37,64,78,103,52,3,19,85,126"/><V57/><F119/><W0/><G117/><T92/><D107/><U54/><E54/><BYE who="1" /><N who="2" m="31831" /><F134/><W99/><G64/><T48/><D111/><U129/><E129/><V31/><F31/><W122/><G78/><T91/><D125/><U110/><E110/><V17/><F96/><W75/><G75/><T118/><D1/><U28/><E28/><V94/><F94/><W131/><G131/><T12/><D26/><U83/><E83/><V44/><F77/><W41/><G41/><T121/><D121/><U6/><E6/><V130/><F44/><W23/><G23/><T120/><D120/><U32/><E32/><V116/><F116/><W27/><G27/><T73/><D73/><U72/><E72/><V80/><F80/><W30/><G30/><T115/><D115/><U34/><E34/><V59/><F130/><W76/><G76/><T20/><D82/><U104/><E104/><V108/><F108/><W124/><G99/><T112/><D112/><U95/><E95/><V15/><F15/><W33/><G33/><T100/><D100/><U114/><E114/><V29/><F29/><W106/><G89/><T101/><D101/><U8/><E8/><N who="2" m="6343" /><F55/><W35/><G35/><UN n1="%E5%A4%AA%E3%81%8F%E3%81%AA%E3%81%84%E3%81%8A" /><T88/><D118/><U45/><E74/><V123/><F123/><W128/><G103/><T21/><D21/><U49/><E102/><V2/><F2/><W133/><G128/><T39/><D39/><U63/><E38/><V113/><F113/><W135/><G106/><T9/><D20/><U71/><E79/><V70/><F70/><W22/><G122/><T97/><D91/><U69/><E71/><RYUUKYOKU ba="0,0" sc="284,15,175,-15,237,15,304,-15" hai0="5,7,9,12,16,40,46,47,48,51,88,92,97" hai2="57,59,60,61,62,86,87" />
</Scene>
<Scene>
<INIT seed="2,1,0,5,5,52" ten="299,160,252,289" oya="2" hai0="85,98,25,61,87,119,95,42,105,20,46,23,67" hai1="17,133,32,3,122,104,62,84,71,36,33,79,18" hai2="16,55,115,99,132,128,89,86,116,6,11,88,45" hai3="120,35,43,28,83,124,125,49,74,97,73,22,60"/><V77/><F116/><W117/><G35/><T135/><D105/><U27/><E3/><V94/><F115/><W64/><G120/><T110/><D110/><U44/><E104/><V114/><F114/><W91/><G117/><T15/><D15/><U9/><E122/><V63/><F132/><W109/><G109/><T4/><D4/><U101/><E101/><V127/><F127/><W92/><G83/><T21/><D25/><U48/><E36/><V69/><F69/><W40/><G49/><T103/><D135/><U2/><E133/><V34/><F34/><W93/><G92/><T41/><D119/><U65/><E79/><V80/><F128/><W113/><G113/><T121/><D121/><U129/><E84/><N who="0" m="32329" /><D46/><U107/><E107/><V53/><F45/><W82/><G82/><T106/><D106/><U111/><E111/><V54/><F6/><W56/><G73/><T123/><D123/><U30/><E129/><V14/><REACH who="2" step="1"/><F77/><REACH who="2" ten="299,160,242,289" step="2"/><W75/><G74/><T0/><D0/><U24/><E32/><V51/><F51/><W134/><G75/><T58/><AGARI ba="1,1" hai="20,21,23,41,42,58,61,67,95,98,103" m="32329" machi="58" ten="30,2000,0" yaku="8,1,52,1" doraHai="52" who="0" fromWho="0" sc="299,33,160,-6,242,-11,289,-6" />
</Scene>
<Scene>
<INIT seed="3,0,0,3,0,71" ten="332,154,231,283" oya="3" hai0="1,26,9,93,59,78,111,29,116,7,31,25,94" hai1="101,128,10,51,62,56,52,55,65,77,5,104,73" hai2="103,70,72,54,41,112,61,127,110,28,2,57,75" hai3="96,83,84,81,23,40,22,88,12,126,135,19,131"/><W76/><G135/><T50/><D116/><U8/><E128/><V133/><F2/><W119/><G131/><T132/><D78/><U120/><E120/><V90/><F112/><W92/><G126/><T49/><D132/><U118/><E118/><V99/><F127/><W34/><G34/><T27/><D111/><U97/><E55/><V3/><F3/><W42/><G119/><T134/><D134/><U36/><E36/><V63/><F28/><W123/><G123/><T100/><D93/><U13/><E10/><V66/><F133/><W16/><REACH who="3" step="1"/><G81/><REACH who="3" ten="332,154,231,273" step="2"/><T35/><D35/><U80/><REACH who="1" step="1"/><E65/><REACH who="1" ten="332,144,231,273" step="2"/><V24/><F110/><W17/><G17/><T115/><D31/><U69/><E69/><V130/><F130/><W39/><G39/><T37/><D29/><U20/><E20/><V109/><F109/><W114/><G114/><T47/><D37/><U121/><E121/><V125/><F125/><W44/><G44/><T85/><D47/><U46/><E46/><V45/><F45/><W14/><AGARI ba="0,2" hai="12,14,16,19,22,23,40,42,76,83,84,88,92,96" machi="14" ten="20,18000,2" yaku="1,1,0,1,7,1,9,1,8,1,54,2,53,0" doraHai="71" doraHaiUra="106" who="3" fromWho="3" sc="332,-60,144,-60,231,-60,273,200" />
</Scene>
<Scene>
<INIT seed="3,1,0,5,0,1" ten="272,84,171,473" oya="3" hai0="100,91,86,126,7,105,5,65,11,106,110,30,34" hai1="76,2,64,20,70,6,108,77,18,3,31,111,59" hai2="66,87,19,84,45,9,12,29,107,79,112,27,49" hai3="28,99,74,32,81,53,78,132,102,51,73,15,82"/><W116/><G116/><T46/><D110/><N who="1" m="42027" /><E70/><V104/><F112/><W92/><G132/><T71/><D126/><U23/><E31/><V113/><F113/><W69/><G69/><T61/><D46/><U121/><E121/><V14/><F66/><W54/><G15/><T85/><D85/><U135/><E135/><V47/><F47/><W4/><G53/><T43/><D43/><U127/><E127/><V94/><F14/><W16/><G16/><T88/><D91/><U80/><E6/><V60/><F60/><W58/><G4/><T95/><D11/><U67/><E59/><V93/><F107/><W37/><G37/><T57/><D57/><U123/><E123/><V68/><F104/><W125/><G125/><T17/><D17/><U96/><E96/><V35/><F68/><W130/><G130/><T122/><D106/><U72/><E76/><V131/><F131/><W10/><G10/><T48/><D48/><U129/><E129/><V114/><F114/><W52/><G54/><T119/><D119/><U98/><E98/><V133/><F133/><W21/><G32/><T83/><D83/><U97/><E97/><V75/><F75/><W39/><G39/><T89/><D89/><U38/><E38/><V115/><F115/><W103/><G103/><T109/><D109/><U42/><E42/><V25/><F25/><W101/><G101/><T44/><D122/><U0/><E23/><V56/><F79/><N who="3" m="44271" /><G21/><T128/><D128/><U33/><E33/><V8/><F8/><W62/><G28/><T63/><D71/><U40/><E40/><N who="2" m="24743" /><F56/><W120/><G62/><RYUUKYOKU ba="1,0" sc="272,-30,84,10,171,10,473,10" hai1="0,2,3,18,20,64,67,72,77,80" hai2="9,12,19,27,29,35,84,87,93,94" hai3="51,52,58,74,78,82,92,99,102,120" />
</Scene>
<Scene>
<INIT seed="3,2,0,1,0,100" ten="242,94,181,483" oya="3" hai0="85,55,114,12,97,10,115,78,134,69,38,18,14" hai1="27,65,109,52,101,31,68,35,5,64,45,132,82" hai2="122,8,93,135,7,29,13,54,80,34,87,102,60" hai3="117,119,11,86,15,118,21,95,116,98,46,72,77"/><W107/><G72/><T125/><D69/><U2/><E109/><V22/><F135/><W112/><G107/><T37/><D134/><U32/><E132/><V25/><F122/><W113/><G46/><T79/><D125/><U3/><E35/><V51/><F34/><W43/><G43/><T103/><D55/><U131/><E131/><V24/><F24/><W128/><G21/><T120/><D120/><U36/><E82/><V96/><F60/><W0/><G0/><T124/><D124/><U81/><E81/><V44/><F80/><N who="3" m="47375" /><G15/><T63/><D63/><N who="1" m="39967" /><E5/><V75/><REACH who="2" step="1"/><F87/><REACH who="2" ten="242,94,171,483" step="2"/><W61/><G61/><T126/><D85/><U129/><E129/><V20/><F20/><W70/><G11/><T4/><D126/><U56/><E65/><V111/><F111/><W91/><G70/><T59/><D79/><U121/><E121/><V83/><F83/><W104/><G128/><T67/><D78/><U76/><E76/><V89/><F89/><W42/><G42/><T47/><D10/><U58/><E27/><V41/><F41/><W130/><G130/><T57/><D115/><U16/><E32/><V62/><F62/><W94/><G119/><T88/><D114/><N who="3" m="44137" /><G91/><T6/><D88/><U92/><E52/><V40/><F40/><W33/><G33/><T1/><D67/><U108/><E108/><V49/><F49/><W50/><G50/><T74/><D74/><AGARI ba="2,1" hai="7,8,13,22,25,29,44,51,54,74,75,93,96,102" machi="74" ten="40,1300,0" yaku="1,1,53,0" doraHai="100" doraHaiUra="71" who="2" fromWho="0" sc="242,-19,94,0,171,29,483,0" />
</Scene>
<Scene>
<INIT seed="4,0,0,4,3,9" ten="223,94,200,483" oya="0" hai0="50,29,124,104,47,108,2,114,132,64,1,86,44" hai1="135,109,54,61,12,19,42,8,39,76,85,117,36" hai2="28,7,73,77,125,0,33,80,52,74,129,113,37" hai3="90,88,18,99,110,16,60,46,71,97,17,116,120"/><T41/><D104/><U111/><E117/><V34/><F129/><W5/><G116/><T115/><D124/><U31/><E135/><V70/><F125/><W72/><G72/><T126/><D126/><U45/><E36/><V100/><F113/><N who="0" m="43018" /><D132/><U62/><E31/><V13/><F100/><W69/><G110/><T133/><D133/><U102/><E102/><V22/><F74/><W79/><G79/><T26/><D108/><U30/><E30/><V53/><F70/><W127/><G5/><T119/><D64/><U107/><E107/><V103/><F103/><W83/><G127/><T38/><D86/><U20/><E62/><V94/><F94/><W48/><G60/><T91/><D91/><N who="3" m="34857" /><G83/><T21/><D119/><U101/><E101/><V59/><F37/><W25/><G71/><T78/><D78/><U49/><E61/><V56/><F0/><W24/><G69/><T81/><D81/><U57/><REACH who="1" step="1"/><E8/><REACH who="1" ten="223,84,200,483" step="2"/><V118/><F118/><W68/><G68/><T4/><D38/><U40/><E40/><V11/><F34/><W123/><G123/><T51/><D41/><U87/><E87/><V67/><F33/><W10/><G10/><N who="0" m="2319" /><D51/><U14/><E14/><V134/><F134/><W82/><G82/><AGARI ba="0,1" hai="12,19,20,39,42,45,49,54,57,76,82,85,109,111" machi="82" ten="40,2600,0" yaku="1,1,52,1,53,0" doraHai="9" doraHaiUra="6" who="1" fromWho="3" sc="223,0,84,36,200,0,483,-26" />
</Scene>
<Scene>
<INIT seed="5,0,0,0,0,130" ten="223,120,200,457" oya="1" hai0="119,12,117,74,127,53,91,62,134,40,96,28,21" hai1="56,94,29,45,19,86,110,125,88,100,8,13,118" hai2="81,46,41,17,95,108,120,10,89,30,4,68,37" hai3="129,32,16,109,20,90,14,102,87,84,80,57,6"/><U61/><E118/><V35/><F17/><W121/><G32/><T18/><D74/><U67/><E125/><V79/><F108/><W63/><G109/><T23/><D127/><U93/><E110/><V64/><F120/><W7/><G129/><T58/><D40/><U59/><E29/><V78/><F78/><W122/><G102/><T116/><D134/><U24/><E24/><V97/><F30/><W75/><G75/><T51/><D62/><U50/><E100/><V92/><F92/><W5/><REACH who="3" step="1"/><G87/><REACH who="3" ten="223,120,200,447" step="2"/><T107/><D119/><U47/><E94/><V101/><F101/><W114/><G114/><T44/><D107/><U76/><E76/><V55/><F35/><W111/><G111/><T104/><D104/><U11/><E11/><V103/><F103/><W77/><G77/><T3/><D117/><U69/><REACH who="1" step="1"/><E45/><REACH who="1" ten="223,110,200,447" step="2"/><V83/><F79/><W123/><G123/><T133/><D44/><U54/><AGARI ba="0,2" hai="8,13,19,47,50,54,56,59,61,67,69,86,88,93" machi="54" ten="20,12000,1" yaku="1,1,2,1,0,1,7,1,54,1,53,0" doraHai="130" doraHaiUra="72" who="1" fromWho="1" sc="223,-40,110,140,200,-40,447,-40" />
</Scene>
<Scene>
<INIT seed="5,1,0,0,5,90" ten="183,250,160,407" oya="1" hai0="80,34,88,22,91,101,119,0,111,100,62,54,58" hai1="104,82,3,135,67,112,114,31,26,21,117,109,124" hai2="106,8,120,38,87,25,13,60,77,6,79,28,75" hai3="7,53,98,11,103,15,123,110,56,134,61,64,94"/><U70/><E104/><V42/><F120/><W16/><G134/><T99/><D34/><U24/><E117/><V19/><F106/><W10/><G123/><T107/><D0/><U83/><E3/><V37/><F60/><W46/><G110/><T65/><D111/><U30/><E109/><V36/><F75/><W125/><G125/><T66/><D119/><U17/><E135/><V130/><F130/><W5/><G10/><T93/><D66/><U74/><E124/><V133/><F133/><W72/><G72/><T43/><D43/><U33/><E17/><V20/><F77/><W4/><G46/><T35/><D35/><U95/><E95/><V131/><F131/><W29/><G29/><T116/><D116/><U97/><E97/><V78/><F78/><W23/><G11/><T32/><D32/><U86/><E74/><V40/><REACH who="2" step="1"/><F19/><REACH who="2" ten="183,250,150,407" step="2"/><W27/><G27/><T76/><D76/><U50/><E26/><V73/><F73/><W89/><G64/><T108/><D108/><U59/><E67/><V126/><F126/><W51/><G61/><T113/><D65/><U18/><E18/><V47/><F47/><W68/><G68/><T81/><D107/><U2/><E70/><V118/><F118/><W102/><AGARI ba="1,1" hai="4,5,7,15,16,23,51,53,56,89,94,98,102,103" machi="102" ten="30,7900,0" yaku="0,1,8,1,52,1,54,1" doraHai="90" who="3" fromWho="3" sc="183,-21,250,-40,150,-21,407,92" />
</Scene>
<Scene>
<INIT seed="6,0,0,1,3,46" ten="162,210,129,499" oya="2" hai0="33,124,74,16,89,114,71,72,24,48,96,32,4" hai1="18,6,41,25,23,82,59,104,30,127,110,111,105" hai2="118,103,134,0,49,78,135,119,116,122,121,17,39" hai3="14,51,84,101,108,43,91,61,1,50,52,106,113"/><V40/><F0/><W88/><G1/><T107/><D71/><U9/><E41/><V93/><F78/><W29/><G106/><T94/><D114/><U117/><E82/><V15/><F39/><W109/><G101/><T97/><D4/><U19/><E59/><V98/><F40/><W90/><G113/><T66/><D66/><U10/><E105/><V81/><F81/><W133/><G133/><N who="2" m="50697" /><F49/><N who="3" m="18443" /><G29/><T132/><D124/><U120/><E104/><V79/><F79/><W45/><G45/><T131/><D131/><U69/><E69/><V92/><F92/><N who="3" m="54279" /><G109/><T102/><D132/><U38/><E38/><V63/><F63/><W83/><G43/><T58/><D74/><U80/><E111/><V126/><F126/><W125/><G108/><T21/><REACH who="0" step="1"/><D72/><REACH who="0" ten="152,210,129,499" step="2"/><U115/><E127/><V5/><F5/><W35/><G125/><T73/><D73/><U60/><E110/><V12/><F17/><W28/><G28/><T13/><D13/><AGARI ba="0,1" hai="12,13,15,93,98,103,116,118,119,121,122" m="50697" machi="13" ten="40,2000,0" yaku="20,1" doraHai="46" who="2" fromWho="0" sc="152,-20,210,0,129,30,499,0" />
</Scene>
<Scene>
<INIT seed="6,1,0,5,2,78" ten="132,210,159,499" oya="2" hai0="81,6,112,95,104,82,13,100,60,133,98,86,129" hai1="132,92,15,76,71,67,57,130,41,14,2,121,70" hai2="102,50,29,111,85,124,17,75,39,126,46,0,18" hai3="87,117,5,89,83,4,8,52,26,90,30,36,19"/><V122/><F122/><W66/><G36/><T94/><D6/><U33/><E2/><V69/><F0/><W62/><G66/><T27/><D27/><U107/><E107/><V68/><F75/><W40/><G40/><T47/><D13/><U54/><E33/><V12/><F39/><W51/><G62/><T103/><D112/><U59/><E121/><V7/><F102/><W110/><G89/><N who="0" m="53559" /><D60/><N who="1" m="38287" /><E70/><V9/><F29/><W31/><G117/><T58/><D58/><U115/><E71/><V73/><F73/><W119/><G119/><T11/><D11/><U125/><E115/><V80/><F111/><W105/><G105/><T38/><D47/><U99/><E125/><N who="2" m="48235" /><F68/><W42/><G42/><T135/><D38/><U118/><E132/><N who="0" m="50761" /><D129/><U120/><E130/><V106/><F69/><W63/><G63/><T123/><D123/><U91/><E120/><V84/><F106/><W116/><G116/><T45/><D45/><U53/><E118/><V108/><F85/><W72/><G72/><T128/><D128/><U24/><E41/><N who="2" m="24911" /><F108/><W74/><G74/><T134/><N who="0" m="50769" /><T1/><DORA hai="56" /><D1/><U25/><E54/><V28/><F28/><W34/><G30/><T48/><D48/><U97/><E53/><V32/><F32/><W114/><G114/><T10/><D10/><U61/><E59/><V88/><AGARI ba="1,0" hai="7,9,12,17,18,80,84,88" m="24911,48235" machi="88" ten="30,6000,0" yaku="18,1,52,1,54,1" doraHai="78,56" who="2" fromWho="2" sc="132,-21,210,-21,159,63,499,-21" />
</Scene>
<Scene>
<INIT seed="6,2,0,4,1,125" ten="111,189,222,478" oya="2" hai0="79,1,34,12,104,74,123,32,7,107,105,66,28" hai1="26,19,63,60,115,73,87,118,18,124,89,20,80" hai2="69,61,52,54,17,36,55,135,97,121,76,47,3" hai3="72,95,111,58,16,45,27,99,85,14,108,84,43"/><V81/><F3/><W101/><G72/><T83/><D123/><U48/><E118/><V86/><F121/><W127/><G127/><T132/><D12/><U22/><E124/><V40/><F135/><W5/><G111/><T134/><D66/><U77/><E115/><V82/><F97/><W75/><G75/><T130/><D130/><U98/><E48/><V133/><F133/><W70/><G70/><T126/><D126/><U120/><E120/><V119/><F119/><W93/><G93/><T78/><D78/><U21/><E98/><V100/><F100/><W2/><G2/><T68/><D68/><U0/><E0/><V131/><F131/><W24/><G5/><T114/><D114/><U33/><E33/><V39/><F39/><W42/><G58/><T51/><D51/><U53/><E53/><V23/><F82/><W103/><G103/><T13/><D13/><U29/><E19/><V57/><REACH who="2" step="1"/><F69/><REACH who="2" ten="111,189,212,478" step="2"/><W106/><G108/><T102/><D102/><U90/><E80/><V91/><F91/><W112/><G112/><T37/><D37/><U25/><E90/><V31/><F31/><W129/><G129/><T44/><D28/><U35/><E89/><V6/><F6/><W65/><G106/><T9/><D134/><U41/><E29/><V10/><F10/><W8/><G101/><T4/><D4/><U46/><E18/><V38/><F38/><W94/><G99/><T59/><D132/><U96/><E96/><V92/><F92/><W15/><G95/><T116/><D116/><U64/><E77/><V117/><F117/><W109/><G109/><RYUUKYOKU ba="2,1" sc="111,-10,189,-10,212,30,478,-10" hai2="17,23,36,40,47,52,54,55,57,61,76,81,86" />
</Scene>
<Scene>
<INIT seed="6,3,1,5,5,98" ten="101,179,242,468" oya="2" hai0="30,21,79,127,86,39,2,74,4,8,5,43,100" hai1="122,64,75,48,29,56,108,101,16,60,33,7,114" hai2="18,99,115,130,71,95,10,112,77,67,28,82,49" hai3="31,113,72,102,94,50,38,111,132,134,119,105,123"/><V96/><F96/><N who="3" m="61639" /><G38/><T133/><D5/><U54/><E108/><V32/><F71/><W3/><G3/><T55/><D133/><N who="3" m="51305" /><G72/><T57/><D86/><U70/><E75/><V80/><F67/><W97/><G111/><T117/><D117/><U42/><E7/><V0/><F32/><W9/><G9/><T90/><D90/><U118/><E118/><V78/><F28/><W37/><G37/><T125/><D30/><U51/><E114/><N who="2" m="43563" /><F0/><W53/><G113/><T107/><D21/><U26/><E122/><V85/><F49/><W106/><G31/><T110/><D110/><U6/><E6/><V129/><F18/><W68/><G68/><T76/><D76/><N who="2" m="29290" /><F10/><W126/><G106/><T103/><D55/><U15/><E42/><V128/><F85/><W23/><G23/><T34/><D57/><U44/><E51/><V46/><F46/><N who="3" m="27863" /><G123/><T24/><D24/><U65/><E70/><V20/><F20/><W45/><G45/><N who="0" m="23807" /><D34/><U25/><E64/><V109/><F109/><W81/><G126/><N who="0" m="48139" /><D107/><U12/><E26/><V35/><F35/><W88/><G119/><T92/><D92/><U13/><E16/><V89/><AGARI ba="3,1" hai="80,82,89,95,99,128,129,130" m="29290,43563" machi="89" ten="40,12000,1" yaku="19,1,15,1,34,2" doraHai="98" who="2" fromWho="2" sc="101,-43,179,-43,242,139,468,-43" />
</Scene>
<Scene>
<INIT seed="6,4,0,0,4,103" ten="58,136,381,425" oya="2" hai0="102,93,28,77,43,61,11,42,68,91,6,80,44" hai1="56,127,41,39,5,54,23,74,101,86,16,104,46" hai2="87,14,0,95,67,12,134,100,7,85,110,116,30" hai3="115,15,123,27,25,4,112,17,51,79,59,1,9"/><V33/><F116/><W2/><G79/><T72/><D28/><U52/><E74/><V69/><F69/><W73/><G73/><T124/><D124/><U50/><E127/><V55/><F67/><W132/><G59/><T81/><D81/><U89/><E5/><V60/><F60/><W90/><G90/><T35/><D35/><U22/><E54/><V99/><F0/><N who="3" m="107" /><G51/><T105/><D11/><U37/><E37/><V40/><F40/><W3/><G132/><T31/><D31/><U66/><E66/><V125/><F125/><W36/><G36/><T49/><D6/><U70/><E70/><V129/><F55/><W62/><G62/><T75/><D75/><U71/><E71/><V20/><F100/><W48/><G48/><T133/><D133/><U120/><E120/><V82/><F82/><W78/><G78/><T106/><D43/><U128/><E128/><V18/><F99/><W53/><G53/><T64/><REACH who="0" step="1"/><D102/><REACH who="0" ten="48,136,381,425" step="2"/><U96/><E16/><N who="2" m="10247" /><F134/><W63/><G123/><T10/><D10/><U38/><E38/><V92/><F129/><W45/><G45/><T117/><D117/><U98/><E98/><AGARI ba="4,1" hai="42,44,49,61,64,68,72,77,80,91,93,98,105,106" machi="98" ten="30,7700,0" yaku="1,1,7,1,52,2,53,0" doraHai="103" doraHaiUra="135" who="0" fromWho="1" sc="48,99,136,-89,381,0,425,0" />
</Scene>
<Scene>
<INIT seed="7,0,0,0,1,45" ten="147,47,381,425" oya="3" hai0="120,64,12,6,60,83,69,99,111,132,53,40,130" hai1="102,52,78,46,107,113,81,100,41,11,57,16,119" hai2="49,5,134,105,14,56,103,106,23,135,118,93,19" hai3="65,80,30,17,77,124,7,47,128,70,79,75,97"/><W76/><G30/><T29/><D111/><U44/><E113/><V122/><F118/><W34/><G34/><T94/><D120/><U26/><E119/><V10/><F122/><W123/><G123/><T37/><D29/><U55/><E107/><V2/><F93/><W54/><G17/><T110/><D110/><U66/><E66/><V101/><F106/><W112/><G112/><T1/><D1/><U72/><E46/><V63/><F63/><W73/><G7/><T18/><D6/><U95/><E95/><V68/><F68/><W36/><G97/><T42/><D37/><U117/><E117/><V109/><F105/><W115/><G115/><T86/><D53/><U88/><E55/><V71/><F71/><W15/><G15/><T121/><D132/><U22/><E11/><V92/><F109/><W21/><G21/><T108/><D130/><U89/><E102/><V127/><F127/><W35/><G35/><T61/><D61/><U39/><REACH who="1" step="1"/><E100/><REACH who="1" ten="147,37,381,425" step="2"/><V4/><F103/><W85/><G65/><T129/><D108/><U38/><E38/><V28/><F101/><W20/><G47/><T9/><D121/><U114/><E114/><V87/><F92/><W3/><G54/><T133/><D133/><U131/><E131/><V126/><F134/><W8/><G8/><T25/><D129/><U74/><E74/><V24/><F135/><W51/><G73/><T33/><D9/><U32/><E32/><V84/><F126/><W125/><G75/><T67/><D33/><U90/><E90/><V91/><F91/><W59/><G124/><T116/><D69/><RYUUKYOKU ba="0,1" sc="147,-10,37,30,381,-10,425,-10" hai1="16,22,26,39,41,44,52,57,72,78,81,88,89" owari="137,-26.0,67,-43.0,371,17.0,425,52.0" />
</Scene>
</mjloggm>