<mjloggm ver="2.3"><GO type="169" lobby="0"/><UN n0="%E5%A4%AA%E3%81%8F%E3%81%AA%E3%81%84%E3%81%8A" n1="%E7%94%9F%E8%82%89%E3%81%A7%E3%81%99%E3%82%88" n2="%E5%B7%9D%E6%9D%91%E6%99%83%E8%A3%95%EF%BC%88%E4%B8%A1%E6%96%B9%EF%BC%89" n3="%E6%99%AE%E8%B3%A2" dan="18,16,16,16" rate="2184.17,2098.38,2105.61,2126.52" sx="M,M,M,F"/><TAIKYOKU oya="0"/>

<Scene>
<INIT seed="0,0,0,4,2,116" ten="250,250,250,250" oya="0" hai0="1,22,79,113,13,97,36,127,41,44,38,128,77" hai1="88,6,10,74,12,91,132,124,83,45,129,34,52" hai2="103,122,101,96,39,24,53,69,76,20,43,67,40" hai3="121,32,114,42,8,110,106,123,78,19,61,115,84"/><T135/><D113/><U28/><E124/><V54/><F76/><W51/><G106/><T126/><D1/><U93/><E132/><V89/><F89/><W47/><G32/><T62/><D135/><U118/><E118/><V4/><F4/><W133/><G133/><T65/><D38/><U108/><E108/><V59/><F122/><N who="3" m="46603" /><G110/><T55/><D55/><U23/><E34/><V111/><F54/><W95/><G61/><T25/><D13/><U48/><E129/><V57/><F53/><W117/><G117/><T80/><D97/><U75/><E91/><V14/><F96/><W119/><G119/><T72/><D77/><U29/><E83/><V87/><F101/><W16/><G16/><T112/><D112/><U71/><E71/><V102/><F103/><W98/><G98/><T92/><D92/><U17/><E75/><V131/><F102/><W56/><G56/><T82/><D82/><U33/><E33/><V7/><F59/><W125/><G125/><N who="0" m="47627" /><D128/><U63/><E74/><V70/><F131/><W60/><G60/><T99/><D99/><N who="1" m="57767" /><E63/><V90/><F57/><W73/><G73/><T30/><D62/><U134/><E134/><V64/><F69/><W50/><G50/><T120/><D120/><U86/><E86/><V0/><F70/><W105/><G105/><T27/><D65/><U37/><E37/><V104/><F67/><W46/><G46/><T49/><D36/><U9/><E17/><N who="2" m="10295" /><F64/><W21/><G95/><T2/><D27/><N who="1" m="16511" /><E29/><V26/><F111/><W85/><G85/><T58/><D58/><U94/><E94/><V130/><F39/><RYUUKYOKU ba="0,0" sc="250,15,250,15,250,-15,250,-15" hai0="2,22,25,30,41,44,49,72,79,80" hai1="6,9,10,12,45,48,52" />
</Scene>
<Scene>
<INIT seed="0,1,0,2,2,27" ten="265,265,235,235" oya="0" hai0="94,91,99,6,42,84,115,7,88,92,62,95,10" hai1="70,120,72,52,5,68,49,35,90,118,30,73,93" hai2="81,18,132,56,102,100,24,53,9,75,128,63,47" hai3="129,29,22,78,32,123,50,41,79,38,130,19,96"/><T89/><D115/><U8/><E118/><V55/><F128/><N who="3" m="49259" /><G38/><T106/><D42/><U20/><E35/><V86/><F75/><W66/><G66/><T67/><D106/><U31/><E120/><V107/><F107/><W103/><G123/><T28/><D28/><U2/><E73/><V43/><F132/><W77/><G41/><T58/><D10/><U3/><E72/><V15/><F24/><N who="3" m="18471" /><G50/><T109/><D109/><U16/><E2/><V13/><F15/><N who="3" m="9599" /><G77/><T65/><D65/><U110/><E68/><V80/><F55/><W71/><G71/><T33/><D33/><U45/><E70/><V51/><REACH who="2" step="1"/><F80/><REACH who="2" ten="265,265,225,235" step="2"/><W21/><G21/><T34/><REACH who="0" step="1"/><D34/><REACH who="0" ten="255,265,225,235" step="2"/><U119/><E119/><V101/><F101/><W126/><G126/><T125/><D125/><U17/><E3/><V48/><F48/><W25/><G103/><T12/><D12/><U69/><E49/><V122/><F122/><W11/><G25/><T82/><D82/><U131/><E131/><V14/><F14/><W83/><G83/><T134/><D134/><U57/><E57/><V104/><F104/><W64/><G64/><T85/><AGARI ba="1,2" hai="6,7,58,62,67,84,85,88,89,91,92,94,95,99" machi="85" ten="20,24000,3" yaku="1,1,0,1,7,1,9,1,8,1,54,1,53,2" doraHai="27" doraHaiUra="0" who="0" fromWho="0" sc="255,263,265,-81,225,-81,235,-81" />
</Scene>
<Scene>
<INIT seed="0,2,0,2,1,60" ten="518,184,144,154" oya="0" hai0="122,110,44,37,35,125,76,91,115,89,129,11,118" hai1="78,34,67,131,40,128,86,6,105,120,38,45,117" hai2="69,3,75,47,66,20,16,42,22,32,43,126,87" hai3="101,73,74,53,17,108,57,29,8,88,14,102,127"/><T9/><D115/><U130/><E120/><V135/><F75/><W97/><G108/><T46/><D122/><U2/><E105/><V100/><F32/><W124/><G29/><T50/><D118/><U103/><E103/><V54/><F3/><W71/><G71/><T19/><D35/><U121/><E121/><V68/><F126/><N who="3" m="48171" /><G102/><T72/><D125/><U56/><E34/><V36/><F135/><W26/><G26/><T95/><D37/><U41/><E41/><V23/><F43/><W81/><G81/><T63/><D76/><U55/><E117/><V39/><F36/><W80/><G80/><T85/><D72/><U5/><E2/><V107/><F87/><W94/><G101/><T77/><D77/><U132/><E132/><V83/><F83/><W25/><G25/><T61/><D110/><U111/><E111/><V13/><F54/><W82/><G82/><T27/><D89/><U49/><E78/><V12/><F12/><W24/><G24/><T7/><D27/><U18/><E86/><V21/><REACH who="2" step="1"/><F66/><REACH who="2" ten="518,184,134,154" step="2"/><W10/><G10/><T65/><D65/><U64/><E64/><V104/><F104/><W112/><G112/><T93/><D11/><U119/><E67/><V28/><F28/><W92/><G92/><T116/><D95/><U31/><E31/><V123/><F123/><W33/><G33/><T15/><D93/><U99/><E119/><V84/><F84/><W134/><G134/><T109/><D85/><U30/><E30/><V1/><F1/><W90/><G90/><T48/><D116/><U98/><E128/><V4/><F4/><RYUUKYOKU ba="2,1" sc="518,-15,184,-15,134,15,154,15" hai2="13,16,20,21,22,23,39,42,47,68,69,100,107" hai3="8,14,17,53,57,73,74,88,94,97" />
</Scene>
<Scene>
<INIT seed="1,3,1,1,1,6" ten="503,169,149,169" oya="1" hai0="101,124,118,53,102,10,38,5,126,110,80,64,39" hai1="128,58,36,125,16,29,134,99,8,47,76,107,79" hai2="44,63,1,54,49,57,130,0,34,65,42,114,74" hai3="77,117,33,41,97,132,28,37,69,32,112,81,122"/><U85/><E125/><N who="0" m="48233" /><D110/><U26/><E128/><V46/><F74/><W75/><G112/><T86/><D64/><U17/><E134/><V3/><F130/><W131/><G131/><T116/><D53/><U93/><E107/><V55/><F34/><W7/><G122/><T108/><D108/><U89/><E58/><V20/><F114/><W27/><G132/><T119/><D101/><U73/><E73/><V123/><F123/><W56/><G56/><T67/><D102/><U2/><E36/><N who="0" m="13865" /><D67/><U15/><E47/><V72/><F72/><W62/><G117/><T19/><D19/><N who="1" m="8679" /><E2/><V90/><F46/><W113/><G113/><T120/><D120/><U9/><E17/><V98/><REACH who="2" step="1"/><F20/><REACH who="2" ten="503,169,139,169" step="2"/><W70/><G33/><T83/><D119/><U82/><E29/><V135/><F135/><W129/><G129/><T96/><D118/><U127/><E127/><V66/><F66/><W91/><G28/><T100/><D116/><U133/><E133/><V92/><AGARI ba="3,2" hai="0,1,3,42,44,49,54,55,57,63,65,90,92,98" machi="92" ten="40,2700,0" yaku="1,1,0,1,53,0" doraHai="6" doraHaiUra="104" who="2" fromWho="2" sc="503,-10,169,-16,139,56,169,-10" />
</Scene>
<Scene>
<INIT seed="2,0,0,4,3,58" ten="493,153,195,159" oya="2" hai0="61,131,112,18,24,11,76,20,41,89,102,35,115" hai1="63,123,66,92,69,107,22,12,132,106,7,113,119" hai2="100,129,94,87,71,21,62,68,110,50,134,121,25" hai3="125,130,14,16,105,30,120,59,96,33,37,64,98"/><V90/><F121/><W73/><G73/><T29/><D76/><U91/><E119/><V116/><F116/><W77/><G120/><T42/><D102/><U17/><E123/><V5/><F129/><W1/><G1/><T0/><D89/><U135/><E113/><V36/><F36/><W122/><G122/><T128/><D61/><U93/><E7/><V19/><F134/><N who="1" m="51241" /><E93/><V31/><F5/><W67/><G77/><T13/><D42/><U4/><E4/><V101/><F110/><W27/><G37/><T2/><D41/><U114/><E114/><N who="0" m="43561" /><D11/><U47/><E47/><V127/><F127/><W85/><G125/><T55/><D55/><U43/><E43/><V103/><F50/><W97/><G105/><T48/><D48/><U72/><E72/><V56/><REACH who="2" step="1"/><F31/><REACH who="2" ten="493,153,185,159" step="2"/><W126/><G126/><T26/><D131/><U32/><E32/><V84/><F84/><AGARI ba="0,1" hai="12,17,22,63,66,69,84,91,92,106,107" m="51241" machi="84" ten="30,2000,0" yaku="20,1,52,1" doraHai="58" who="1" fromWho="2" sc="493,0,153,30,185,-20,159,0" />
</Scene>
<Scene>
<INIT seed="3,0,0,1,3,105" ten="493,183,165,159" oya="3" hai0="131,65,76,104,109,75,48,82,42,125,62,66,64" hai1="77,54,33,51,60,40,16,18,56,108,134,102,132" hai2="15,36,78,80,98,128,126,113,46,17,122,50,57" hai3="7,38,119,110,118,26,69,53,27,135,72,44,11"/><W29/><G135/><N who="1" m="51754" /><E33/><V120/><F113/><W100/><G110/><T121/><D121/><N who="2" m="46698" /><F128/><W59/><G27/><T34/><D104/><U101/><E108/><V45/><F126/><W28/><G28/><T94/><D109/><U127/><E127/><V30/><F30/><W93/><G69/><T47/><D125/><U117/><E117/><V114/><F114/><W19/><G19/><N who="1" m="7210" /><E77/><V83/><F98/><W61/><G72/><T25/><D131/><U111/><E111/><V39/><F57/><W88/><G100/><T14/><D14/><U8/><E8/><N who="2" m="6375" /><F83/><W112/><G112/><T12/><D12/><U10/><E10/><V0/><F0/><W74/><G11/><T124/><D124/><U89/><E89/><V4/><F4/><W52/><G7/><T96/><D34/><U71/><E71/><V49/><F45/><AGARI ba="0,0" hai="40,45,51,54,56,60,101,102" m="7210,51754" machi="45" ten="30,2000,0" yaku="20,1,54,1" doraHai="105" who="1" fromWho="2" sc="493,0,183,20,165,-20,159,0" />
</Scene>
<Scene>
<INIT seed="4,0,0,1,5,8" ten="493,203,145,159" oya="0" hai0="41,26,9,72,73,49,95,89,128,125,107,32,117" hai1="82,24,10,21,6,100,120,51,113,38,68,104,102" hai2="33,55,14,59,11,109,48,77,61,52,53,71,13" hai3="123,86,78,39,114,98,101,69,4,50,35,132,36"/><T56/><D107/><U12/><E38/><V135/><F109/><W108/><G69/><T79/><D117/><U20/><E120/><V63/><F33/><W119/><G119/><T134/><D79/><U66/><E104/><V34/><F34/><W116/><G116/><T115/><D115/><U22/><E113/><V42/><F135/><W94/><G132/><T110/><D134/><U88/><E51/><V67/><F77/><W129/><G35/><T60/><D110/><U31/><E66/><V47/><REACH who="2" step="1"/><F14/><REACH who="2" ten="493,203,135,159" step="2"/><W17/><G108/><T83/><D32/><U45/><E12/><V27/><F27/><W62/><G78/><T133/><D26/><U91/><E24/><V18/><AGARI ba="0,1" hai="11,13,18,42,47,48,52,53,55,59,61,63,67,71" machi="18" ten="20,8000,1" yaku="1,1,0,1,7,1,52,1,54,1,53,0" doraHai="8" doraHaiUra="3" who="2" fromWho="2" sc="493,-40,203,-20,135,90,159,-20" />
</Scene>
<Scene>
<INIT seed="5,0,0,0,4,78" ten="453,183,225,139" oya="1" hai0="13,110,20,48,40,55,85,57,90,126,46,63,6" hai1="81,34,35,18,1,109,65,14,47,130,79,117,72" hai2="80,82,71,29,75,95,9,69,30,129,74,53,102" hai3="68,103,54,2,97,93,120,107,134,28,112,41,106"/><U125/><E117/><V121/><F53/><W38/><G120/><T108/><D126/><U84/><E125/><V83/><F9/><W123/><G68/><N who="2" m="26185" /><F95/><W114/><G2/><T87/><D110/><U23/><E130/><V49/><F49/><W122/><G28/><N who="2" m="10857" /><F102/><W88/><G134/><T31/><D108/><U51/><E109/><V113/><F113/><N who="3" m="43627" /><G54/><T135/><D135/><U44/><E1/><V104/><F104/><N who="3" m="39979" /><G103/><T98/><D6/><U0/><E0/><V73/><F129/><W43/><G43/><T62/><D62/><U39/><E65/><V8/><F8/><W128/><G128/><T10/><D10/><U50/><E39/><V64/><F121/><W127/><G127/><T27/><D13/><U132/><E132/><V96/><F96/><W118/><G118/><T22/><D22/><U36/><E36/><V70/><F70/><W124/><G124/><T86/><D98/><U25/><E51/><V115/><F115/><W92/><G92/><AGARI ba="0,0" hai="20,27,31,40,46,48,55,57,63,85,86,87,90,92" machi="92" ten="30,2000,0" yaku="7,1,8,1" doraHai="78" who="0" fromWho="3" sc="453,20,183,0,225,0,139,-20" />
</Scene>
<Scene>
<INIT seed="6,0,0,5,4,112" ten="473,183,225,119" oya="2" hai0="34,103,54,114,74,120,134,51,66,128,63,129,36" hai1="8,76,132,11,84,102,50,9,96,106,101,86,44" hai2="133,53,26,118,117,46,127,113,123,27,110,57,111" hai3="38,20,61,115,79,3,21,13,99,47,126,65,22"/><V31/><F123/><W94/><G3/><T122/><D74/><U29/><E132/><V12/><F113/><W98/><G115/><T39/><D103/><U60/><E29/><V81/><F133/><W18/><G126/><T130/><D34/><U17/><E101/><V62/><F127/><W104/><G104/><T35/><D35/><U59/><E17/><V58/><F46/><W87/><G38/><N who="0" m="14379" /><D134/><U19/><E19/><V56/><F12/><W52/><G65/><T77/><D77/><U125/><E125/><V73/><F81/><W83/><G99/><T78/><D78/><U121/><E121/><N who="0" m="46697" /><D114/><U107/><E107/><V64/><F73/><W108/><G108/><N who="2" m="41513" /><F26/><W28/><G28/><T23/><D23/><U2/><E76/><V37/><F37/><W75/><G75/><T68/><D130/><U49/><E2/><V71/><F53/><W90/><REACH who="3" step="1"/><G61/><REACH who="3" ten="473,183,225,109" step="2"/><T16/><D63/><U116/><E60/><V40/><F31/><W1/><G1/><T5/><D129/><U43/><E106/><V55/><F64/><W67/><G67/><T0/><D128/><U7/><E96/><V25/><F62/><W30/><G30/><T72/><D72/><U124/><E124/><V95/><F71/><W97/><G97/><T69/><D66/><U14/><E102/><V10/><F118/><W93/><G93/><T24/><D0/><U45/><E116/><V42/><F117/><W100/><G100/><T33/><D69/><U41/><E59/><V131/><F131/><W119/><G119/><T82/><D68/><U15/><E7/><V89/><F57/><RYUUKYOKU ba="0,1" sc="473,-15,183,15,225,-15,109,15" hai1="8,9,11,14,15,41,43,44,45,49,50,84,86" hai3="13,18,20,21,22,47,52,79,83,87,90,94,98" />
</Scene>
<Scene>
<INIT seed="7,1,1,3,0,100" ten="458,198,210,124" oya="3" hai0="116,124,86,33,83,1,65,118,40,121,45,22,78" hai1="109,134,107,29,75,53,72,104,92,132,126,91,127" hai2="9,24,11,7,95,36,117,111,120,31,133,106,28" hai3="98,18,123,15,32,128,0,97,79,41,25,37,62"/><W63/><G123/><T88/><D33/><U74/><E29/><V102/><F106/><N who="1" m="40489" /><E53/><V70/><F36/><W56/><G128/><T61/><D121/><U125/><E109/><V23/><F117/><W5/><G79/><T129/><D1/><U82/><E82/><V135/><F120/><W30/><G62/><T50/><D124/><U10/><E10/><V77/><F70/><W76/><G76/><T47/><D129/><U16/><E16/><N who="2" m="12391" /><F111/><W130/><G130/><T112/><D112/><U71/><E71/><V42/><F42/><W46/><G5/><T17/><D47/><U2/><E2/><N who="2" m="247" /><F11/><W27/><G27/><T49/><D49/><U54/><E54/><V110/><F110/><W73/><G73/><T19/><D78/><U38/><E38/><V96/><F77/><W6/><G6/><T44/><D44/><U89/><E89/><V4/><F4/><W12/><G0/><T93/><D83/><U48/><E48/><V84/><F84/><AGARI ba="1,1" hai="72,74,75,84,91,92,125,126,127,132,134" m="40489" machi="84" ten="50,12000,2" yaku="18,1,34,2,52,3" doraHai="100" who="1" fromWho="2" sc="458,0,198,133,210,-123,124,0" owari="458,56.0,331,13.0,87,-41.0,124,-28.0" />
</Scene>
</mjloggm>