<mjloggm ver="2.3"><GO type="169" lobby="0"/><UN n0="%E3%81%BB%E3%82%8A%E3%81%88%E3%82%82%E3%82%93" n1="%E5%A4%AA%E3%81%8F%E3%81%AA%E3%81%84%E3%81%8A" n2="%E3%81%90%E3%81%9C%E3%82%93%40%4C%69%42" n3="%E7%B5%B6%E5%AF%BE%E4%B8%8D%E5%8F%AF%E4%BE%B5%E9%A0%98%E5%9F%9F" dan="16,17,16,17" rate="2093.57,2167.22,2178.66,2156.81" sx="M,M,M,M"/><TAIKYOKU oya="0"/>

<Scene>
<INIT seed="0,0,0,2,2,91" ten="250,250,250,250" oya="0" hai0="123,81,61,135,62,89,17,7,100,103,54,40,30" hai1="47,97,78,10,96,26,104,110,46,93,105,60,70" hai2="95,19,34,90,107,130,132,116,43,4,0,133,121" hai3="42,66,128,68,84,71,74,76,99,44,125,39,101"/><T28/><D123/><U57/><E70/><V9/><F107/><W52/><G125/><T119/><D119/><U108/><E78/><V13/><F121/><W3/><G128/><T131/><D131/><U49/><E10/><V124/><F130/><W109/><G109/><N who="1" m="42090" /><E26/><V53/><F124/><W37/><G37/><T106/><D106/><N who="1" m="41067" /><E49/><V20/><F116/><W41/><G41/><T50/><D7/><U55/><E97/><V59/><F43/><W85/><G85/><T87/><D40/><U24/><E24/><V126/><F34/><W114/><G84/><T36/><D36/><U16/><E16/><V51/><REACH who="2" step="1"/><F126/><REACH who="2" ten="250,250,240,250" step="2"/><W75/><G42/><T94/><D30/><U8/><E8/><V38/><F38/><W33/><G33/><T127/><D28/><U73/><E73/><V15/><F15/><W18/><G75/><T72/><D127/><U98/><E98/><AGARI ba="0,1" hai="0,4,9,13,19,20,51,53,59,90,95,98,132,133" machi="98" ten="40,2600,0" yaku="1,1,52,1,53,0" doraHai="91" doraHaiUra="67" who="2" fromWho="1" sc="250,0,250,-26,240,36,250,0" />
</Scene>
<Scene>
<INIT seed="1,0,0,5,4,31" ten="250,224,276,250" oya="1" hai0="40,70,3,60,87,42,76,128,78,84,11,79,107" hai1="52,85,92,20,44,112,97,46,86,80,81,19,29" hai2="43,58,12,93,32,98,123,54,34,37,2,96,109" hai3="5,95,131,33,35,91,64,82,62,72,16,69,111"/><U117/><E112/><V6/><F123/><W121/><G121/><T26/><D107/><U71/><E71/><V118/><F118/><W24/><G5/><T127/><D26/><U77/><E29/><V108/><F2/><W100/><G100/><T114/><D114/><U102/><E117/><V30/><F30/><W17/><G111/><N who="2" m="42569" /><F37/><W110/><G110/><T13/><D3/><U47/><E52/><V21/><F43/><W53/><G131/><T57/><D70/><U15/><REACH who="1" step="1"/><E46/><REACH who="1" ten="250,214,276,250" step="2"/><V106/><F106/><W4/><G53/><N who="0" m="33839" /><D128/><U129/><E129/><V125/><F125/><W101/><G4/><N who="0" m="3303" /><D127/><U36/><E36/><V45/><F45/><W38/><G38/><T65/><D65/><U126/><E126/><V49/><F6/><W63/><G69/><T28/><D28/><U25/><E25/><V104/><F104/><W0/><G24/><T105/><D105/><U103/><E103/><V61/><F49/><W22/><G0/><T124/><D124/><U55/><E55/><V122/><F122/><W75/><G101/><T133/><D133/><U9/><E9/><V10/><F10/><W41/><G64/><T94/><D40/><U39/><E39/><V50/><F50/><W74/><G41/><T116/><D42/><U51/><E51/><V23/><F54/><W27/><G17/><T73/><D116/><U8/><E8/><V132/><F132/><W99/><REACH who="3" step="1"/><G82/><REACH who="3" ten="250,214,276,240" step="2"/><T1/><D1/><U89/><AGARI ba="0,2" hai="15,19,20,44,47,77,80,81,85,86,89,92,97,102" machi="89" ten="20,7800,0" yaku="1,1,0,1,7,1,8,1,53,0" doraHai="31" doraHaiUra="68" who="1" fromWho="1" sc="250,-26,214,98,276,-26,240,-26" />
</Scene>
<Scene>
<INIT seed="1,1,0,3,1,5" ten="224,312,250,214" oya="1" hai0="18,103,75,91,115,4,14,12,31,7,100,125,133" hai1="114,16,43,50,80,61,130,126,2,33,47,72,38" hai2="15,65,44,32,83,35,105,20,76,112,60,6,69" hai3="63,132,134,81,102,40,87,73,51,21,135,95,34"/><U120/><E114/><V86/><F112/><W121/><G34/><T10/><D115/><U127/><E33/><V49/><F105/><W30/><G121/><T23/><D75/><U109/><E120/><V118/><F118/><W106/><G63/><T54/><D125/><N who="1" m="47627" /><E130/><V104/><F104/><W41/><G106/><T37/><D37/><U53/><E2/><V70/><F70/><W124/><G73/><T71/><D71/><U11/><E109/><V98/><F98/><N who="3" m="59743" /><G51/><T13/><D133/><U0/><E61/><V62/><F62/><W68/><G68/><T97/><D31/><U110/><E110/><V67/><F67/><W84/><G124/><T45/><D91/><U57/><E0/><V90/><F90/><N who="3" m="51471" /><G87/><T46/><D100/><U123/><E123/><V39/><F39/><W58/><G58/><T101/><D101/><U108/><E108/><V8/><REACH who="2" step="1"/><F20/><REACH who="2" ten="224,312,240,214" step="2"/><W17/><G30/><T129/><D97/><U19/><E38/><V24/><F24/><AGARI ba="1,1" hai="17,21,24,40,41,132,134,135" m="51471,59743" machi="24" ten="30,1000,0" yaku="20,1" doraHai="5" who="3" fromWho="2" sc="224,0,312,0,240,-13,214,23" />
</Scene>
<Scene>
<INIT seed="2,0,0,0,3,71" ten="224,312,227,237" oya="2" hai0="79,92,27,25,134,12,2,102,87,104,30,77,52" hai1="28,11,131,32,36,41,111,0,1,115,22,84,16" hai2="94,24,58,38,8,78,17,118,106,62,95,117,39" hai3="56,19,112,4,72,124,68,121,101,99,122,35,70"/><V46/><F106/><N who="3" m="63807" /><G56/><T98/><D2/><U81/><E115/><V5/><F78/><W135/><G19/><T20/><D134/><U108/><E131/><V126/><F126/><W89/><G89/><T130/><D130/><U57/><E57/><V127/><F127/><W114/><G124/><T61/><D25/><N who="1" m="14535" /><E28/><V48/><F95/><W44/><G135/><T31/><D31/><U73/><E32/><V133/><F133/><W43/><G4/><T103/><D12/><U49/><E49/><V64/><F117/><W123/><G35/><T29/><D29/><U119/><E119/><V18/><F118/><W96/><G96/><T93/><D104/><U128/><E73/><V74/><F74/><W60/><G72/><T47/><D61/><U109/><E11/><V53/><F18/><W113/><G60/><T82/><D79/><N who="1" m="46143" /><E128/><V21/><REACH who="2" step="1"/><F94/><REACH who="2" ten="224,312,217,237" step="2"/><N who="0" m="36458" /><D98/><U120/><E120/><V10/><F10/><W6/><G6/><T86/><D86/><U88/><E88/><V14/><AGARI ba="0,1" hai="5,8,14,17,21,24,38,39,46,48,53,58,62,64" machi="14" ten="20,12000,1" yaku="1,1,0,1,7,1,52,2,53,0" doraHai="71" doraHaiUra="110" who="2" fromWho="2" sc="224,-40,312,-40,217,130,237,-40" />
</Scene>
<Scene>
<INIT seed="2,1,0,4,2,109" ten="184,272,347,197" oya="2" hai0="57,118,102,1,74,17,127,7,29,122,41,0,52" hai1="99,56,6,27,81,78,98,66,61,129,43,134,4" hai2="115,19,53,18,40,90,113,85,114,12,84,132,39" hai3="130,71,92,80,73,14,35,68,8,82,24,62,116"/><V72/><F72/><W89/><G116/><T128/><D118/><U69/><E134/><V37/><F132/><W119/><G119/><T54/><D122/><U5/><E129/><V135/><F135/><W55/><G130/><T46/><D128/><U60/><E43/><V104/><F104/><W75/><G35/><T10/><D74/><U101/><E27/><V100/><F100/><W88/><G24/><T93/><D127/><U30/><E30/><V42/><F53/><W63/><G8/><T86/><D0/><U112/><E112/><V22/><F90/><W11/><G11/><T25/><D17/><N who="2" m="6154" /><F22/><W91/><G91/><T95/><D86/><N who="2" m="33386" /><F12/><W9/><G9/><T106/><D54/><U126/><E126/><V16/><N who="2" m="6162" /><V96/><DORA hai="120" /><F96/><W44/><G55/><T13/><D106/><U77/><E99/><V110/><F110/><W76/><G14/><T31/><D102/><U70/><E70/><V2/><F2/><W131/><G131/><T125/><D1/><U38/><E38/><AGARI ba="1,0" hai="37,38,39,40,42,113,114,115" m="33386,6162" machi="38" ten="50,18000,2" yaku="28,2,52,3,54,1" doraHai="109,120" who="2" fromWho="1" sc="184,0,272,-183,347,183,197,0" />
</Scene>
<Scene>
<INIT seed="2,2,0,4,5,46" ten="184,89,530,197" oya="2" hai0="81,128,68,89,85,99,92,119,42,110,96,115,34" hai1="71,19,55,2,21,135,65,113,122,88,64,117,23" hai2="59,93,134,10,54,104,33,0,44,69,103,17,106" hai3="28,52,53,83,95,48,82,41,102,112,90,36,86"/><V120/><F69/><W37/><G112/><T105/><D42/><U109/><E113/><V121/><F33/><W31/><G37/><T61/><D34/><U32/><E117/><V124/><F44/><N who="3" m="25615" /><G36/><T78/><D61/><U118/><E118/><V67/><F67/><W101/><G83/><T80/><D68/><U40/><E32/><V27/><F124/><W126/><G126/><T13/><D13/><U127/><E2/><V72/><F72/><W84/><G101/><N who="0" m="62655" /><D115/><U8/><E127/><V133/><F0/><W79/><G102/><N who="0" m="60679" /><D128/><U45/><E71/><V29/><F17/><W25/><G25/><T49/><D49/><N who="1" m="26791" /><E122/><V11/><F120/><W63/><G63/><T7/><D7/><U129/><E129/><V39/><F121/><W56/><G56/><T87/><D110/><U77/><E109/><V3/><F3/><W6/><G6/><T73/><D119/><U58/><E77/><V20/><F39/><W14/><G14/><T1/><D1/><U76/><E76/><V30/><F30/><AGARI ba="2,0" hai="28,30,31,52,53,79,82,84,86,90,95" m="25615" machi="30" ten="30,3900,0" yaku="8,1,52,1,54,1" doraHai="46" who="3" fromWho="2" sc="184,0,89,0,530,-45,197,45" />
</Scene>
<Scene>
<INIT seed="3,0,0,3,5,105" ten="184,89,485,242" oya="3" hai0="50,55,59,13,77,95,96,107,106,86,83,92,126" hai1="51,2,40,15,27,109,82,79,18,45,99,69,74" hai2="67,43,93,125,133,44,65,25,113,81,78,104,62" hai3="42,41,131,21,110,54,100,103,63,57,116,32,8"/><W26/><G116/><T132/><D132/><U52/><E2/><V85/><F104/><W6/><G32/><T87/><D126/><U35/><E109/><V33/><F133/><W128/><G110/><T88/><REACH who="0" step="1"/><D13/><REACH who="0" ten="174,89,485,242" step="2"/><U36/><E69/><V73/><F125/><W124/><G124/><T14/><D14/><U38/><E99/><V80/><F113/><W30/><G131/><T64/><D64/><U118/><E118/><V117/><F67/><W61/><G128/><T94/><D94/><U4/><E4/><V39/><F93/><W102/><REACH who="3" step="1"/><G63/><REACH who="3" ten="174,89,485,232" step="2"/><T58/><D58/><U46/><E35/><V17/><F33/><W22/><G22/><T47/><D47/><U122/><E122/><V7/><F62/><W121/><G121/><T114/><D114/><U0/><E0/><AGARI ba="0,2" hai="0,6,8,21,26,30,41,42,54,57,61,100,102,103" machi="0" ten="40,2000,0" yaku="1,1,53,0" doraHai="105" doraHaiUra="115" who="3" fromWho="1" sc="174,0,89,-20,485,0,232,40" />
</Scene>
<Scene>
<INIT seed="3,1,0,5,5,89" ten="174,69,485,272" oya="3" hai0="6,4,81,115,83,63,8,9,58,119,11,82,122" hai1="65,27,100,110,28,49,34,102,92,31,73,108,14" hai2="57,132,15,104,76,7,130,56,107,59,23,25,16" hai3="52,68,30,103,116,72,44,135,75,93,126,61,18"/><W1/><G116/><T133/><D119/><U78/><E65/><V114/><F114/><W112/><G112/><T32/><D115/><U124/><E124/><V35/><F130/><W48/><G126/><T38/><D133/><U106/><E106/><V10/><F132/><W36/><G135/><T91/><D122/><U21/><E73/><V90/><F76/><W24/><G1/><T125/><D125/><U29/><E78/><V111/><F111/><N who="1" m="42537" /><E34/><V67/><F67/><W62/><G18/><T66/><D32/><U123/><E123/><V86/><REACH who="2" step="1"/><F35/><REACH who="2" ten="174,69,475,272" step="2"/><W79/><G79/><T54/><D66/><U22/><E31/><V0/><F0/><W39/><G72/><T87/><REACH who="0" step="1"/><D38/><REACH who="0" ten="164,69,475,272" step="2"/><U37/><E37/><V71/><F71/><W131/><G39/><T88/><D88/><U40/><E102/><V117/><F117/><W113/><G36/><T17/><D17/><N who="1" m="10423" /><E28/><V3/><F3/><W45/><G113/><T77/><D77/><U127/><E127/><V19/><F19/><W50/><G75/><T41/><D41/><U70/><E70/><V128/><F128/><W85/><G131/><T101/><D101/><U47/><E100/><V64/><F64/><W60/><G68/><T97/><D97/><U26/><E26/><V105/><F105/><W55/><G103/><T109/><D109/><U13/><E13/><V53/><F53/><W118/><G118/><T42/><D42/><U51/><E40/><V84/><F84/><W121/><G121/><T120/><D120/><U129/><E129/><V33/><F33/><N who="3" m="20679" /><G85/><T134/><D134/><U20/><E29/><RYUUKYOKU ba="1,2" sc="164,10,69,-30,475,10,272,10" hai0="4,6,8,9,11,54,58,63,81,82,83,87,91" hai2="7,10,15,16,23,25,56,57,59,86,90,104,107" hai3="44,45,48,50,52,55,60,61,62,93" />
</Scene>
<Scene>
<INIT seed="3,2,2,2,0,94" ten="174,39,485,282" oya="3" hai0="21,78,24,132,88,79,101,109,128,87,33,30,22" hai1="18,37,66,62,57,118,34,16,103,19,73,112,10" hai2="100,124,49,106,4,45,135,52,92,42,2,15,41" hai3="134,40,126,75,9,47,117,54,13,68,29,95,17"/><W32/><G117/><T107/><D132/><U104/><E112/><V59/><F106/><W131/><G75/><T69/><D128/><U23/><E34/><V85/><F135/><W55/><G134/><T46/><D109/><U38/><E73/><V70/><F70/><W86/><G131/><T71/><D46/><U115/><E115/><V51/><F2/><W20/><G68/><T7/><D7/><U119/><E23/><V102/><F124/><W14/><G32/><T84/><D71/><U127/><E10/><N who="2" m="4551" /><F42/><W74/><G74/><T44/><D69/><U96/><REACH who="1" step="1"/><E127/><REACH who="1" ten="174,29,485,282" step="2"/><V35/><F35/><W5/><G126/><T90/><D33/><U81/><E81/><V67/><F67/><W56/><G29/><T3/><D22/><U58/><E58/><V121/><F121/><W31/><G31/><T36/><D21/><U64/><E64/><V122/><F122/><W129/><G56/><T39/><D30/><U48/><E48/><V113/><F113/><W80/><G129/><T11/><D36/><AGARI ba="2,3" hai="16,18,19,36,37,38,57,62,66,96,103,104,118,119" machi="36" ten="40,5200,0" yaku="1,1,52,1,54,1,53,0" doraHai="94" doraHaiUra="108" who="1" fromWho="0" sc="174,-58,29,88,485,0,282,0" />
</Scene>
<Scene>
<INIT seed="4,0,0,3,4,55" ten="116,117,485,282" oya="0" hai0="30,112,96,108,79,117,69,100,7,101,39,129,80" hai1="103,58,2,126,15,114,111,65,104,18,8,3,86" hai2="77,24,92,98,31,60,38,20,14,37,41,85,34" hai3="131,135,124,32,83,23,45,132,21,125,68,123,95"/><T25/><D117/><U17/><E111/><V54/><F77/><W76/><G68/><T33/><D112/><U19/><E114/><V94/><F85/><W88/><G32/><T29/><D129/><U16/><E126/><N who="3" m="48746" /><G45/><T72/><D108/><U49/><E86/><V36/><F41/><W52/><G123/><T121/><D121/><U97/><REACH who="1" step="1"/><E49/><REACH who="1" ten="116,107,485,282" step="2"/><V51/><F51/><W128/><G76/><T0/><D69/><U28/><E28/><V75/><F37/><W44/><G83/><T105/><D30/><U127/><E127/><V62/><F38/><W122/><G122/><T26/><D39/><U35/><E35/><V130/><F36/><W81/><G81/><T78/><D78/><U27/><E27/><V90/><F24/><W13/><G131/><T133/><D26/><U91/><E91/><V10/><F90/><W70/><G128/><T71/><D101/><U64/><E64/><V6/><F31/><W119/><G70/><T46/><D71/><U66/><E66/><V42/><F34/><W115/><G115/><T48/><D25/><U116/><E116/><V93/><F75/><W118/><G118/><T59/><D29/><U63/><AGARI ba="0,1" hai="2,3,8,15,16,17,18,19,58,63,65,97,103,104" machi="63" ten="30,7900,0" yaku="1,1,0,1,52,1,54,1,53,0" doraHai="55" doraHaiUra="43" who="1" fromWho="1" sc="116,-39,107,89,485,-20,282,-20" />
</Scene>
<Scene>
<INIT seed="5,0,0,2,2,68" ten="77,196,465,262" oya="1" hai0="22,6,2,26,103,90,91,28,43,49,124,0,88" hai1="132,125,73,52,74,7,83,95,75,66,109,60,115" hai2="41,14,131,18,58,116,87,84,89,19,62,102,93" hai3="128,117,23,55,3,112,64,76,119,127,17,94,121"/><U122/><E122/><V32/><F116/><N who="3" m="44619" /><G121/><T54/><D124/><U133/><E125/><V101/><F32/><W51/><G127/><T126/><D126/><U118/><E118/><V27/><F131/><W108/><G128/><T9/><D103/><U12/><E115/><V10/><F41/><W80/><G3/><T86/><D43/><U46/><E109/><V15/><F87/><W21/><G108/><T47/><REACH who="0" step="1"/><D0/><REACH who="0" ten="67,196,465,262" step="2"/><U42/><E42/><V72/><F102/><W31/><G112/><T35/><D35/><U20/><E133/><V70/><F101/><W104/><G104/><T25/><D25/><U40/><E132/><V100/><F27/><W53/><G23/><T81/><AGARI ba="0,1" hai="2,6,9,22,26,28,47,49,54,81,86,88,90,91" machi="81" ten="20,5200,0" yaku="1,1,0,1,7,1,54,1,53,0" doraHai="68" doraHaiUra="106" who="0" fromWho="0" sc="67,62,196,-26,465,-13,262,-13" />
</Scene>
<Scene>
<INIT seed="6,0,0,3,1,126" ten="129,170,452,249" oya="2" hai0="41,84,86,61,60,96,91,34,48,14,132,68,32" hai1="26,125,114,98,115,19,128,53,7,131,37,38,70" hai2="78,72,49,30,89,58,94,129,101,65,56,21,87" hai3="133,11,16,85,67,29,25,66,116,17,59,18,69"/><V55/><F129/><N who="1" m="49737" /><E125/><V110/><F101/><W9/><G69/><T10/><D132/><U135/><E135/><V103/><F103/><W109/><G133/><T79/><D68/><U22/><E70/><V27/><F110/><W20/><G116/><T3/><D3/><U127/><E127/><V36/><F36/><N who="1" m="13929" /><E7/><V33/><F33/><W102/><G102/><T108/><D108/><U39/><N who="1" m="13937" /><U28/><DORA hai="73" /><E98/><V123/><F123/><W63/><G109/><T8/><D96/><U15/><E53/><V111/><F111/><W43/><G43/><T112/><D112/><U54/><E54/><V64/><F58/><W117/><G117/><T51/><D41/><U97/><E97/><V105/><F105/><W124/><G124/><T0/><D0/><U71/><E71/><V76/><F72/><W88/><REACH who="3" step="1"/><G67/><AGARI ba="0,0" hai="21,27,30,49,55,56,64,65,67,76,78,87,89,94" machi="67" ten="40,7700,0" yaku="8,1,52,2" doraHai="126,73" who="2" fromWho="3" sc="129,0,170,0,452,77,249,-77" />
</Scene>
<Scene>
<INIT seed="6,1,0,1,0,32" ten="129,170,529,172" oya="2" hai0="14,55,0,96,28,65,59,106,20,66,105,51,77" hai1="15,67,109,100,5,3,83,98,114,39,121,99,48" hai2="132,92,11,31,63,36,30,27,9,95,7,41,111" hai3="112,74,122,61,46,117,29,16,60,4,2,126,119"/><V35/><F132/><W118/><G74/><T10/><D105/><U13/><E39/><V38/><F111/><W75/><G75/><T76/><D0/><U101/><E109/><V70/><F31/><W40/><G29/><T93/><D106/><U64/><E114/><V56/><F70/><W53/><G122/><T135/><D135/><U85/><E121/><V52/><F11/><W104/><G104/><T131/><D131/><U82/><E3/><V42/><F38/><W90/><G112/><T120/><D120/><U62/><E48/><V102/><F36/><W33/><G33/><T49/><D49/><U24/><E24/><V116/><F116/><W26/><G4/><T81/><D20/><U37/><E37/><V127/><F127/><W12/><G2/><T84/><D28/><U34/><E34/><V47/><F47/><W78/><G78/><T50/><D50/><U19/><E5/><V134/><F134/><W86/><G26/><T73/><D77/><U94/><E62/><V21/><F35/><W123/><G123/><T22/><D22/><U128/><E128/><V115/><F115/><W88/><G126/><T87/><D87/><U125/><E125/><V8/><F8/><N who="3" m="6151" /><G40/><N who="2" m="15465" /><F102/><W44/><G44/><T23/><D73/><U107/><E19/><V68/><F68/><W108/><G108/><T124/><D124/><U1/><E1/><V45/><F45/><W17/><G17/><N who="0" m="10679" /><D10/><U110/><E110/><V71/><F71/><W54/><G46/><T58/><D58/><U18/><E18/><V103/><F56/><N who="3" m="34831" /><G86/><T129/><D129/><U133/><E133/><RYUUKYOKU ba="1,0" sc="129,15,170,-15,529,-15,172,15" hai0="51,55,59,65,66,76,81,84,93,96" hai3="54,61,88,90,117,118,119" />
</Scene>
<Scene>
<INIT seed="7,2,0,1,2,12" ten="144,155,514,187" oya="3" hai0="66,70,110,23,49,48,105,68,117,87,53,37,77" hai1="59,67,93,107,94,92,111,42,104,79,46,21,98" hai2="45,73,1,122,78,96,80,130,56,97,91,114,9" hai3="125,16,120,81,113,95,50,54,60,119,13,106,3"/><W43/><G106/><T88/><D117/><U112/><E111/><V52/><F45/><W127/><G119/><T8/><D105/><U55/><E67/><V126/><F91/><W17/><G3/><T57/><D37/><U62/><E112/><V38/><F38/><W31/><G120/><T83/><D110/><U90/><E79/><V134/><F114/><W58/><G113/><T0/><D66/><U100/><E107/><V11/><F11/><W101/><G31/><T34/><D34/><U115/><E21/><V124/><F134/><W109/><G109/><T24/><D49/><U40/><E115/><V64/><F64/><W28/><G28/><T123/><D123/><U131/><E131/><V85/><F73/><W19/><G81/><T75/><D8/><U76/><E76/><V89/><F78/><W20/><G125/><N who="2" m="48233" /><F130/><W116/><G116/><T128/><D0/><U102/><E102/><V47/><F47/><N who="3" m="25983" /><G127/><T22/><D128/><U129/><E129/><V108/><F122/><W61/><G60/><T84/><D75/><U74/><E74/><V26/><F108/><W103/><G103/><T7/><D7/><U44/><E44/><V99/><F1/><W63/><G63/><T72/><D72/><U2/><E2/><V118/><F118/><W133/><G133/><T10/><D10/><U35/><E35/><V5/><F9/><W69/><G69/><T41/><D41/><N who="1" m="15979" /><E46/><V4/><F4/><W71/><G71/><T14/><D14/><U6/><E6/><V30/><F5/><W36/><G36/><T135/><D135/><U15/><E15/><RYUUKYOKU ba="2,0" sc="144,-15,155,15,514,-15,187,15" hai1="55,59,62,90,92,93,94,98,100,104" hai3="13,16,17,19,20,54,58,61,95,101" />
</Scene>
<Scene>
<INIT seed="7,3,0,0,3,20" ten="129,170,499,202" oya="3" hai0="61,119,125,131,74,43,63,34,86,83,4,19,82" hai1="32,85,93,3,95,12,101,53,135,58,99,48,2" hai2="113,79,70,100,44,120,94,42,68,84,71,106,57" hai3="60,65,107,123,67,21,6,25,105,26,56,11,128"/><W90/><G123/><T33/><D119/><U129/><E32/><V39/><F106/><W18/><G128/><T55/><D131/><U77/><E129/><V23/><F113/><W27/><G67/><T9/><D125/><U97/><E135/><V88/><F120/><W133/><G133/><T116/><D116/><U8/><E85/><V10/><F10/><W17/><G107/><T62/><D43/><U38/><E38/><V96/><F57/><W52/><G105/><T112/><D112/><U36/><E36/><V115/><F115/><W132/><G132/><T28/><D19/><U22/><E77/><V31/><F79/><W117/><G117/><T118/><D118/><U81/><E81/><V46/><F46/><W69/><G90/><T134/><D134/><U111/><E22/><V16/><F31/><W114/><G18/><T13/><D74/><U1/><E111/><V50/><F39/><W14/><G114/><T40/><D40/><U78/><E78/><V127/><F127/><W89/><G89/><T124/><D124/><U130/><E130/><V49/><F49/><AGARI ba="3,0" hai="6,11,14,17,21,25,26,27,49,52,56,60,65,69" machi="49" ten="30,12000,1" yaku="7,1,52,3,54,1" doraHai="20" who="3" fromWho="2" sc="129,0,170,0,499,-129,202,129" />
</Scene>
<Scene>
<INIT seed="7,4,0,1,2,21" ten="129,170,370,331" oya="3" hai0="106,109,50,39,19,10,58,26,34,112,13,65,25" hai1="57,11,101,121,88,38,97,87,134,122,33,55,24" hai2="90,95,107,115,18,114,74,129,75,77,8,29,128" hai3="43,68,113,120,31,116,98,119,9,110,35,22,30"/><W111/><G68/><T62/><D106/><U2/><E38/><V14/><F107/><W36/><G98/><T45/><D109/><N who="3" m="41481" /><G43/><N who="0" m="24895" /><D39/><U40/><E40/><V100/><F100/><W118/><G36/><T83/><D34/><U79/><E79/><V103/><F103/><W133/><G120/><T60/><D112/><N who="2" m="43050" /><F29/><N who="3" m="10763" /><G113/><T125/><D125/><U91/><E87/><N who="2" m="52703" /><F77/><W72/><G35/><T86/><D62/><U89/><E55/><V4/><F4/><W127/><G72/><AGARI ba="4,0" hai="8,14,18,72,74,75,128,129" m="52703,43050" machi="72" ten="30,1000,0" yaku="15,1" doraHai="21" who="2" fromWho="3" sc="129,0,170,0,370,22,331,-22" owari="129,-37.0,170,-23.0,392,49.0,309,11.0" />
</Scene>
</mjloggm>