<mjloggm ver="2.3"><GO type="169" lobby="0"/><UN n0="%E7%AB%B9%E5%B2%A1%E9%89%B1%E5%B1%B1" n1="%E5%A4%AA%E3%81%8F%E3%81%AA%E3%81%84%E3%81%8A" n2="%E3%81%9C%E3%82%8D%E3%82%81%E3%81%90" n3="%61%74%79%61%6E" dan="17,18,16,18" rate="2144.37,2226.48,2060.42,2218.23" sx="M,M,F,M"/><TAIKYOKU oya="0"/>

<Scene>
<INIT seed="0,0,0,0,2,68" ten="250,250,250,250" oya="0" hai0="95,36,64,80,93,106,41,84,42,18,8,97,38" hai1="56,26,65,134,10,82,108,33,123,20,69,88,79" hai2="77,98,103,43,66,118,25,109,129,59,1,122,128" hai3="76,105,47,48,94,120,58,39,35,30,54,53,29"/><T132/><D64/><U130/><E123/><V46/><F122/><W107/><G120/><T34/><D34/><U86/><E33/><V116/><F1/><W57/><G76/><T37/><D106/><U31/><E108/><V100/><F109/><W40/><G94/><T49/><D132/><U16/><E134/><V104/><F100/><W135/><G135/><T78/><D49/><U0/><E69/><V45/><F25/><W73/><G73/><T7/><D18/><U27/><E130/><N who="2" m="50283" /><F77/><W5/><G5/><T4/><D95/><U85/><E0/><V15/><F15/><W12/><G12/><T133/><D133/><U61/><E10/><V131/><F131/><W3/><G3/><T13/><REACH who="0" step="1"/><D4/><REACH who="0" ten="240,250,250,250" step="2"/><U101/><E31/><V51/><F51/><W127/><G30/><T70/><D70/><U89/><E101/><AGARI ba="0,1" hai="7,8,13,36,37,38,41,42,78,80,84,93,97,101" machi="101" ten="40,12000,1" yaku="1,1,52,3,53,1" doraHai="68" doraHaiUra="74" who="0" fromWho="1" sc="240,130,250,-120,250,0,250,0" />
</Scene>
<Scene>
<INIT seed="0,1,0,5,2,97" ten="370,130,250,250" oya="0" hai0="35,96,121,3,112,126,47,99,133,74,100,2,33" hai1="70,36,57,29,118,68,82,79,50,32,122,92,134" hai2="77,61,114,117,95,64,31,45,107,60,55,106,56" hai3="85,87,116,105,52,108,43,128,39,37,26,104,90"/><T115/><D47/><U24/><E118/><V81/><F114/><N who="0" m="43562" /><D74/><U22/><E36/><V66/><F117/><W113/><G113/><T17/><D17/><U13/><E122/><V73/><F31/><W94/><G116/><T28/><D121/><U23/><E134/><V42/><F95/><W71/><G71/><T44/><D44/><U5/><E32/><N who="0" m="12361" /><D28/><U129/><E129/><V80/><F80/><W48/><G128/><T15/><D15/><U34/><E34/><V19/><F19/><W72/><G72/><T1/><D133/><U27/><E92/><V10/><F10/><W0/><G26/><T58/><D58/><U132/><E132/><V111/><F107/><W135/><G135/><T46/><D46/><U78/><E13/><V30/><F106/><W54/><G94/><T93/><D93/><U125/><E57/><V86/><F30/><W69/><G69/><T21/><D21/><U120/><E29/><V41/><F73/><W53/><G39/><T67/><D67/><N who="2" m="25642" /><F60/><W98/><G104/><N who="0" m="63519" /><D96/><U6/><E120/><V4/><F41/><W40/><G98/><T7/><D7/><U131/><E131/><V11/><F45/><W38/><G43/><T9/><D9/><U83/><REACH who="1" step="1"/><E125/><AGARI ba="1,0" hai="1,2,3,125,126" m="63519,12361,43562" machi="125" ten="40,3900,0" yaku="23,1,52,1" doraHai="97" who="0" fromWho="1" sc="370,42,130,-42,250,0,250,0" />
</Scene>
<Scene>
<INIT seed="0,2,0,3,1,85" ten="412,88,250,250" oya="0" hai0="134,43,97,59,111,8,124,2,135,88,117,109,71" hai1="93,75,61,90,57,18,78,119,107,46,101,49,42" hai2="34,63,0,25,113,14,94,22,41,86,92,104,55" hai3="112,24,67,108,33,65,72,96,13,20,128,81,35"/><T12/><D71/><U69/><E119/><V80/><F104/><W95/><G112/><T36/><D2/><U127/><E127/><V10/><F113/><W106/><G106/><T98/><D117/><U54/><E107/><V73/><F73/><W126/><G128/><T17/><D124/><U62/><E101/><V66/><F34/><W26/><G108/><N who="0" m="41547" /><D59/><U9/><E75/><V31/><F41/><W15/><G81/><T120/><D120/><U6/><E78/><V110/><F55/><W103/><G72/><T76/><D76/><U37/><E18/><V45/><F45/><W89/><G103/><T68/><D68/><U3/><REACH who="1" step="1"/><E69/><REACH who="1" ten="412,78,250,250" step="2"/><V23/><F110/><W79/><G79/><T21/><D134/><U91/><E91/><V121/><F121/><W116/><G89/><T123/><D123/><U64/><E64/><V50/><F66/><W11/><G116/><T129/><D135/><U30/><E30/><V130/><F31/><W38/><G126/><T82/><D129/><U53/><E53/><V105/><F130/><W28/><G28/><T19/><D43/><U77/><E77/><V56/><F105/><W52/><G52/><T48/><D36/><U40/><E40/><V133/><F133/><W70/><G38/><T51/><D48/><U1/><E1/><V7/><F0/><W4/><G70/><T84/><D51/><U74/><E74/><V87/><F50/><W60/><G65/><T132/><D132/><U58/><E58/><V32/><F56/><W131/><G131/><T29/><D29/><U27/><E27/><AGARI ba="2,1" hai="8,12,17,19,21,27,82,84,88,97,98" m="41547" machi="27" ten="30,11600,0" yaku="14,1,10,1,52,1,54,1" doraHai="85" who="0" fromWho="1" sc="412,132,78,-122,250,0,250,0" owari="544,64.0,-44,-54.0,250,5.0,250,-15.0" />
</Scene>
</mjloggm>