<mjloggm ver="2.3"><GO type="169" lobby="0"/><UN n0="%E3%83%AD%E3%83%83%E3%83%86%E9%9B%80%E7%90%83" n1="%EF%BC%9D%E9%AB%98%E6%A9%8B%E3%83%91%E3%83%B3%E3%83%80%EF%BC%9D" n2="%CE%BC%E3%81%97%E3%82%82%E3%81%A7" n3="%E5%A4%AA%E3%81%8F%E3%81%AA%E3%81%84%E3%81%8A" dan="16,16,17,18" rate="2125.65,2127.55,2133.03,2279.34" sx="M,M,M,F"/><TAIKYOKU oya="0"/>

<Scene>
<INIT seed="0,0,0,2,0,40" ten="250,250,250,250" oya="0" hai0="87,52,26,131,44,0,17,28,113,126,108,104,116" hai1="78,23,7,32,56,132,30,38,55,12,119,3,59" hai2="63,102,62,79,22,43,36,24,4,19,34,94,31" hai3="33,6,98,71,51,47,41,69,48,90,121,58,122"/><T118/><D113/><U10/><E119/><V25/><F79/><W39/><G33/><T72/><D72/><U11/><E38/><V16/><F4/><W125/><G6/><T123/><D123/><N who="3" m="47113" /><G90/><T80/><D0/><U133/><E78/><V9/><F102/><W103/><G125/><T110/><D104/><U77/><E77/><V97/><F9/><W83/><G83/><T109/><D131/><U60/><E32/><V135/><F135/><N who="1" m="51785" /><E59/><V93/><F19/><W114/><G114/><T88/><D17/><N who="1" m="10663" /><E11/><V76/><F76/><W115/><G115/><T49/><D126/><U75/><E75/><V111/><F111/><W35/><G35/><AGARI ba="0,0" hai="26,28,35,44,49,52,80,87,88,108,109,110,116,118" machi="35" ten="40,12000,1" yaku="14,1,10,1,52,1,54,2" doraHai="40" who="0" fromWho="3" sc="250,120,250,0,250,0,250,-120" />
</Scene>
<Scene>
<INIT seed="0,1,0,0,1,116" ten="370,250,250,130" oya="0" hai0="125,77,3,83,99,1,128,58,23,82,106,47,52" hai1="62,108,104,21,79,17,98,59,69,34,65,71,32" hai2="97,107,95,119,2,48,134,87,31,12,86,50,123" hai3="46,36,66,67,37,10,39,41,43,30,61,19,115"/><T135/><D135/><U8/><E108/><V126/><F2/><W25/><G115/><T118/><D118/><U89/><E79/><V24/><F107/><W28/><G19/><T120/><D120/><U54/><E8/><V93/><F119/><W38/><G10/><T74/><D128/><U56/><E56/><V129/><F129/><W6/><G6/><T22/><D125/><U75/><E75/><V45/><F134/><W57/><G25/><T7/><D47/><U26/><E104/><V42/><F126/><W113/><G113/><T105/><D82/><U124/><E124/><V18/><F123/><W76/><G76/><T55/><D106/><U44/><E44/><V14/><F50/><W4/><G4/><T60/><D55/><U127/><E127/><V5/><F5/><W70/><G28/><T63/><D63/><N who="1" m="36343" /><E71/><V101/><F93/><AGARI ba="1,0" hai="17,21,26,32,34,62,65,69,89,93,98" m="36343" machi="93" ten="30,1000,0" yaku="25,1" doraHai="116" who="1" fromWho="2" sc="370,0,250,13,250,-13,130,0" />
</Scene>
<Scene>
<INIT seed="1,0,0,5,3,42" ten="370,263,237,130" oya="1" hai0="1,9,106,12,19,71,115,24,72,79,126,20,109" hai1="0,39,47,121,51,50,81,48,28,103,8,132,124" hai2="113,135,63,133,107,100,37,18,23,131,77,111,56" hai3="105,13,134,78,40,99,130,32,97,5,3,41,31"/><U76/><E121/><V86/><F37/><W90/><G78/><T6/><D106/><U128/><E124/><V34/><F34/><W69/><G3/><T2/><D71/><U120/><E120/><V74/><F74/><W49/><G69/><T127/><D79/><U7/><E132/><V4/><F113/><W104/><G5/><T65/><D65/><U52/><E128/><V94/><F131/><W70/><G70/><T101/><D72/><N who="1" m="43143" /><E28/><V57/><F4/><W16/><G130/><T35/><D101/><U84/><E84/><V73/><F107/><W114/><G114/><T118/><D115/><U123/><E103/><V46/><F73/><W87/><G134/><T60/><D60/><U26/><E26/><V17/><F100/><W66/><G66/><T117/><D109/><U43/><E123/><V25/><F111/><W80/><G105/><T116/><D1/><U10/><E10/><V21/><F77/><W98/><G104/><T14/><D14/><U92/><E92/><V67/><F94/><W59/><G31/><AGARI ba="0,0" hai="2,6,9,12,19,20,24,31,35,116,117,118,126,127" machi="31" ten="50,8000,1" yaku="24,2,34,3" doraHai="42" who="0" fromWho="3" sc="370,80,263,0,237,0,130,-80" />
</Scene>
<Scene>
<INIT seed="2,0,0,1,3,82" ten="450,263,237,50" oya="2" hai0="49,59,35,43,127,103,60,128,76,65,32,17,25" hai1="111,110,132,28,115,114,56,50,131,122,88,26,40" hai2="104,36,0,98,109,133,123,16,47,14,90,129,45" hai3="97,52,95,57,116,99,63,112,15,7,54,68,77"/><V29/><F123/><W11/><G116/><T42/><D127/><U51/><E122/><V24/><F0/><W33/><G33/><T9/><D128/><U81/><E131/><V100/><F129/><W93/><G112/><N who="1" m="43050" /><E56/><V92/><F133/><W13/><G68/><T94/><D76/><U19/><E19/><V73/><F73/><W91/><G77/><T124/><D124/><U31/><E40/><V1/><F1/><W135/><G135/><T130/><D130/><U61/><E61/><V134/><F134/><W106/><G106/><T118/><D17/><U5/><E5/><V83/><F109/><N who="1" m="41481" /><E132/><V18/><F104/><W107/><G107/><T102/><D59/><U41/><E41/><V117/><F117/><W108/><G108/><T78/><D60/><U23/><E31/><V87/><F36/><W8/><G54/><T120/><D43/><U66/><E66/><V105/><F105/><W96/><REACH who="3" step="1"/><G95/><REACH who="3" ten="450,263,237,40" step="2"/><T53/><D94/><U44/><E44/><V58/><F58/><W38/><G38/><T79/><D53/><U71/><E71/><V4/><F47/><W6/><AGARI ba="0,1" hai="6,7,8,11,13,15,52,57,63,91,93,96,97,99" machi="6" ten="20,12000,2" yaku="1,1,0,1,7,1,9,1,8,1,54,1,53,0" doraHai="82" doraHaiUra="80" who="3" fromWho="3" sc="450,-30,263,-30,237,-60,40,130" />
</Scene>
<Scene>
<INIT seed="3,0,0,4,5,68" ten="420,233,177,170" oya="3" hai0="62,59,73,70,5,134,129,4,57,13,61,79,32" hai1="92,91,82,113,83,28,37,75,50,63,133,25,94" hai2="10,54,98,96,64,111,103,109,39,108,18,58,107" hai3="128,45,77,40,97,127,118,101,85,69,114,19,60"/><W8/><G114/><T11/><D32/><U89/><E113/><V71/><F71/><W21/><G118/><T1/><D70/><U12/><E133/><V53/><F39/><W130/><G8/><T106/><D106/><U30/><E37/><V24/><F96/><W33/><G33/><T6/><D134/><U90/><E75/><V47/><F47/><W102/><G127/><T110/><D110/><U78/><E78/><V35/><F10/><W23/><G77/><T116/><D116/><U66/><E50/><V52/><F64/><N who="3" m="41095" /><G85/><T132/><D132/><U36/><E36/><V122/><F122/><W125/><G125/><T34/><D34/><U43/><E43/><V86/><F86/><W48/><G19/><T99/><D1/><U0/><E0/><V100/><F100/><W131/><G101/><T27/><D27/><U105/><E105/><AGARI ba="0,0" hai="21,23,40,45,48,97,102,105,128,130,131" m="41095" machi="105" ten="30,1500,0" yaku="19,1" doraHai="68" who="3" fromWho="1" sc="420,0,233,-15,177,0,170,15" />
</Scene>
<Scene>
<INIT seed="3,1,0,5,0,4" ten="420,218,177,185" oya="3" hai0="37,112,116,0,6,44,84,74,108,69,124,18,131" hai1="1,51,128,13,126,55,76,117,25,58,66,33,77" hai2="104,39,118,120,109,113,91,94,95,5,107,68,41" hai3="28,70,46,100,23,17,62,101,16,132,22,30,103"/><W29/><G132/><T14/><RYUUKYOKU type="yao9" ba="1,0" sc="420,0,218,0,177,0,185,0" hai0="0,6,14,18,37,44,69,74,84,108,112,116,124,131" />
</Scene>
<Scene>
<INIT seed="3,2,0,5,0,42" ten="420,218,177,185" oya="3" hai0="40,72,108,66,18,100,110,52,126,71,70,98,132" hai1="34,94,0,61,116,20,96,58,32,36,3,79,19" hai2="104,80,54,90,111,37,60,128,134,77,49,30,63" hai3="1,26,6,15,107,64,97,39,51,83,117,21,124"/><W93/><G39/><T8/><D72/><U121/><E121/><V59/><F104/><W62/><G117/><T57/><D40/><U9/><E116/><V2/><F2/><W88/><G1/><T23/><D8/><U56/><E79/><V82/><F37/><W127/><G107/><N who="0" m="63895" /><D66/><U12/><E36/><V87/><F134/><W75/><G6/><T33/><D33/><U118/><E0/><V35/><F128/><W50/><G15/><N who="0" m="9695" /><D126/><N who="3" m="48169" /><G83/><T31/><D31/><U89/><E58/><V10/><F10/><W11/><G75/><T86/><D86/><U135/><E135/><V130/><F130/><W53/><G11/><T22/><D22/><U122/><E122/><V68/><F30/><N who="3" m="17743" /><G53/><T119/><D119/><U81/><E81/><V25/><F25/><W17/><G17/><T38/><D38/><U85/><E3/><V74/><F35/><W103/><G103/><T125/><D132/><U7/><E118/><V123/><F123/><W13/><G13/><T46/><D125/><U99/><E34/><V41/><F41/><W112/><G112/><T95/><D95/><U129/><E32/><V102/><F102/><W106/><G106/><T101/><D101/><U91/><E129/><V114/><F114/><W14/><G14/><T45/><D71/><AGARI ba="2,0" hai="50,51,62,64,71,88,93,97" m="17743,48169" machi="71" ten="30,2900,0" yaku="18,1,54,1" doraHai="42" who="3" fromWho="0" sc="420,-35,218,0,177,0,185,35" />
</Scene>
<Scene>
<INIT seed="3,3,0,2,3,113" ten="385,218,177,220" oya="3" hai0="94,5,25,58,98,66,92,45,126,1,26,4,131" hai1="38,53,67,132,91,135,79,129,29,12,90,111,35" hai2="68,51,33,52,57,30,107,31,72,64,60,43,56" hai3="17,61,104,80,27,75,88,108,102,87,120,18,83"/><W13/><G120/><T10/><D126/><U55/><E38/><V8/><F72/><W39/><G39/><T110/><D110/><U41/><E111/><V28/><F107/><W85/><G108/><T23/><D131/><U96/><E41/><V74/><F74/><W93/><G27/><T112/><D112/><U76/><E67/><V71/><F33/><W84/><G61/><N who="0" m="38199" /><D1/><U46/><E46/><V118/><F118/><W134/><G18/><T49/><D10/><U128/><E12/><V47/><REACH who="2" step="1"/><F8/><REACH who="2" ten="385,218,167,220" step="2"/><W21/><G134/><T34/><D34/><U62/><E35/><V124/><F124/><W42/><G42/><N who="0" m="24759" /><D26/><U114/><E114/><V2/><F2/><W6/><G6/><N who="0" m="2667" /><D98/><U48/><E96/><V119/><F119/><W78/><G83/><T133/><D133/><U81/><E81/><V63/><AGARI ba="3,1" hai="28,30,31,43,47,51,52,56,57,60,63,64,68,71" machi="63" ten="30,8000,1" yaku="1,1,0,1,54,1,53,2" doraHai="113" doraHaiUra="65" who="2" fromWho="2" sc="385,-23,218,-23,167,99,220,-43" />
</Scene>
<Scene>
<INIT seed="4,0,0,0,1,66" ten="362,195,266,177" oya="0" hai0="100,113,77,130,112,48,91,58,25,53,60,32,111" hai1="35,122,101,132,65,69,102,49,99,96,86,124,88" hai2="41,67,85,24,70,75,76,19,94,74,97,103,82" hai3="39,115,7,3,52,126,10,37,110,23,109,72,2"/><T61/><D130/><U120/><E35/><V87/><F41/><W50/><G72/><N who="2" m="27689" /><F67/><W4/><G115/><N who="0" m="44107" /><D77/><U27/><E27/><V47/><F70/><W5/><G126/><T106/><D111/><U28/><E28/><V29/><F47/><W78/><G78/><T15/><D91/><U131/><E49/><V1/><F19/><W45/><G23/><T33/><D15/><U79/><E132/><V117/><F29/><W31/><G31/><N who="0" m="19567" /><D33/><U98/><E131/><V36/><F36/><W8/><REACH who="3" step="1"/><G7/><REACH who="3" ten="362,195,266,167" step="2"/><T90/><D90/><U92/><E124/><V0/><F117/><W9/><G9/><T129/><D129/><U12/><E79/><V108/><F108/><AGARI ba="0,1" hai="2,3,4,5,8,10,37,39,45,50,52,108,109,110" machi="108" ten="40,5200,0" yaku="1,1,9,1,54,1,53,0" doraHai="66" doraHaiUra="14" who="3" fromWho="2" sc="362,0,195,0,266,-52,167,62" />
</Scene>
<Scene>
<INIT seed="5,0,0,0,5,113" ten="362,195,214,229" oya="1" hai0="20,35,125,3,119,121,98,53,16,122,90,117,127" hai1="9,41,120,134,38,126,128,103,18,65,51,5,81" hai2="109,85,34,22,69,133,88,21,124,48,62,106,19" hai3="135,30,25,70,46,39,10,13,7,82,114,45,97"/><U83/><E120/><N who="0" m="46185" /><D35/><U131/><E38/><V64/><F34/><W67/><G114/><T47/><D3/><U107/><E65/><V75/><F109/><W74/><G135/><T1/><D1/><N who="1" m="175" /><E134/><V112/><F133/><W55/><G97/><T6/><D6/><U77/><E18/><V32/><F112/><W100/><G100/><T102/><D90/><U26/><E26/><V95/><F32/><W129/><G55/><T59/><D47/><N who="1" m="26095" /><E77/><V12/><F124/><N who="0" m="47690" /><D59/><U52/><E126/><V37/><F37/><W94/><G7/><T79/><D79/><U24/><E24/><V91/><F75/><W54/><G25/><N who="0" m="14471" /><D53/><U101/><E52/><V44/><F91/><W66/><G54/><T96/><D96/><N who="1" m="61863" /><E103/><V8/><F106/><AGARI ba="0,0" hai="98,102,106,117,119" m="14471,47690,46185" machi="106" ten="30,8000,1" yaku="13,1,18,1,52,2,54,1" doraHai="113" who="0" fromWho="2" sc="362,80,195,0,214,-80,229,0" />
</Scene>
<Scene>
<INIT seed="6,0,0,3,2,24" ten="442,195,134,229" oya="2" hai0="65,44,50,61,19,9,97,49,94,84,72,123,60" hai1="0,14,99,30,51,109,42,88,133,74,26,35,90" hai2="64,45,103,112,115,77,20,2,63,117,129,111,135" hai3="54,93,82,12,118,134,126,39,11,1,107,127,36"/><V47/><F117/><W96/><G1/><T66/><D72/><U121/><E109/><V8/><F111/><W52/><G107/><T95/><D123/><U33/><E0/><V29/><F135/><W21/><G118/><T110/><D110/><U43/><E133/><V119/><F119/><W80/><G21/><T101/><D84/><U31/><E74/><V113/><F129/><W32/><G32/><T86/><D86/><U56/><E14/><V70/><F77/><W81/><G134/><T92/><D95/><U57/><E99/><V18/><F103/><N who="3" m="60815" /><G36/><T46/><D94/><U67/><E67/><N who="0" m="25609" /><D19/><U114/><E114/><V38/><F38/><W102/><G39/><T34/><D9/><U53/><E121/><V22/><F22/><W15/><G15/><T125/><D125/><N who="3" m="47625" /><G102/><T132/><D34/><U128/><E128/><V55/><F55/><W3/><G3/><T83/><D83/><U79/><E79/><V78/><F78/><W89/><G89/><T58/><D132/><U122/><E122/><V13/><REACH who="2" step="1"/><F2/><REACH who="2" ten="442,195,124,229" step="2"/><W68/><G68/><T116/><D116/><U59/><E53/><V4/><F4/><AGARI ba="0,1" hai="4,11,12,52,54,80,81,82" m="47625,60815" machi="4" ten="30,2000,0" yaku="18,1,54,1" doraHai="24" who="3" fromWho="2" sc="442,0,195,0,124,-20,229,30" />
</Scene>
<Scene>
<INIT seed="7,0,0,5,1,80" ten="442,195,104,259" oya="3" hai0="107,47,53,51,79,77,90,21,32,82,89,120,73" hai1="40,66,74,65,114,97,130,76,125,110,85,72,113" hai2="48,68,22,24,9,109,30,111,116,33,34,121,126" hai3="131,92,44,102,15,75,59,17,104,29,19,94,115"/><W4/><G75/><N who="1" m="28714" /><E110/><V56/><F68/><W0/><G29/><T108/><D79/><U64/><E40/><V88/><F116/><W55/><G44/><T23/><D32/><U133/><E133/><V128/><F121/><W119/><G19/><T61/><D108/><U3/><E3/><V46/><F128/><W112/><G17/><T8/><D107/><U81/><E97/><V28/><F126/><W67/><G104/><T127/><D120/><U50/><E50/><V70/><F70/><W20/><G0/><T117/><D117/><U13/><E13/><V100/><F100/><W124/><G15/><T31/><D8/><U54/><E54/><V122/><F122/><W86/><G55/><T129/><D53/><U42/><E42/><V36/><F36/><W63/><G102/><T103/><D103/><U6/><E6/><V12/><F56/><W10/><G59/><T35/><D73/><U106/><E106/><V132/><F132/><W2/><G124/><T60/><D31/><U39/><E39/><V91/><F111/><W26/><G4/><T83/><D129/><U43/><E43/><V123/><F109/><W52/><G2/><T96/><D51/><U18/><E125/><V87/><F123/><W27/><G131/><T45/><D45/><U14/><E130/><V118/><F118/><W7/><G7/><T71/><D47/><U5/><E5/><V16/><F30/><W38/><G119/><T84/><D127/><U134/><E134/><V99/><F46/><W37/><G37/><T58/><D58/><U98/><E18/><V25/><F16/><RYUUKYOKU ba="0,0" sc="442,0,195,0,104,0,259,0" owari="442,54.0,195,-20.0,104,-40.0,259,6.0" />
</Scene>
</mjloggm>