<mjloggm ver="2.3"><GO type="169" lobby="0"/><UN n0="%E3%81%B2%E3%81%A3%E3%81%B4%E3%83%BC" n1="%E3%82%BF%E3%82%B3%EF%BC%92%EF%BC%95%EF%BC%92%EF%BC%95" n2="%E5%A4%AA%E3%81%8F%E3%81%AA%E3%81%84%E3%81%8A" n3="%47%E9%9B%80" dan="16,16,17,16" rate="2041.31,2050.14,2147.63,2123.95" sx="M,M,M,M"/><TAIKYOKU oya="0"/>

<Scene>
<INIT seed="0,0,0,4,0,57" ten="250,250,250,250" oya="0" hai0="46,77,64,16,78,91,5,33,38,8,51,74,68" hai1="2,92,79,63,126,131,70,128,7,120,99,6,108" hai2="121,71,53,115,76,67,15,55,89,65,114,90,25" hai3="124,119,11,56,82,122,135,125,28,85,117,23,30"/><T81/><D38/><U69/><E120/><V24/><F76/><W34/><G34/><T9/><D33/><U101/><E79/><V116/><F15/><W72/><G72/><T10/><D77/><U19/><E126/><V112/><F121/><W80/><G56/><T98/><D5/><U4/><E108/><V45/><F116/><W31/><G122/><T127/><D127/><N who="3" m="48713" /><G85/><T103/><D91/><N who="2" m="34826" /><F45/><W97/><G23/><T100/><D100/><U66/><E2/><V43/><F43/><W123/><G123/><T61/><D16/><U49/><E49/><V22/><F71/><W44/><G11/><T93/><REACH who="0" step="1"/><D8/><REACH who="0" ten="240,250,250,250" step="2"/><U1/><E19/><V37/><F37/><W104/><G97/><T20/><D20/><U83/><E1/><V0/><F22/><W59/><G82/><T73/><D73/><U111/><E83/><V87/><F0/><W88/><G80/><T40/><AGARI ba="0,1" hai="9,10,40,46,51,61,64,68,74,78,81,93,98,103" machi="40" ten="20,12000,1" yaku="1,1,0,1,7,1,52,1,53,1" doraHai="57" doraHaiUra="75" who="0" fromWho="0" sc="240,130,250,-40,250,-40,250,-40" />
</Scene>
<Scene>
<INIT seed="0,1,0,2,5,79" ten="370,210,210,210" oya="0" hai0="37,19,58,95,21,126,4,36,91,56,54,87,110" hai1="2,102,51,57,111,121,24,107,1,14,108,45,39" hai2="104,32,7,71,106,16,11,94,100,70,25,20,101" hai3="98,9,6,83,42,82,128,53,97,85,64,15,27"/><T132/><D110/><N who="1" m="42027" /><E121/><V49/><F32/><W47/><G64/><T103/><D132/><U30/><E39/><V34/><F34/><W41/><G128/><T84/><D126/><U61/><E14/><V29/><F29/><W86/><G27/><T38/><D4/><U78/><E78/><V62/><F49/><W18/><G6/><T90/><D103/><U76/><E76/><V13/><F94/><W0/><G0/><T5/><D5/><U48/><E102/><V130/><F130/><W33/><G33/><T10/><D10/><U67/><E107/><V40/><F40/><N who="3" m="15467" /><G53/><T8/><D8/><U105/><E105/><V81/><F104/><W75/><G47/><T99/><D99/><N who="3" m="37897" /><G75/><T69/><D69/><U116/><E116/><V112/><F112/><W96/><G96/><T131/><D131/><U31/><E24/><V74/><F106/><W77/><G77/><T80/><REACH who="0" step="1"/><D54/><REACH who="0" ten="360,210,210,210" step="2"/><U44/><E1/><V115/><F71/><W118/><G118/><T50/><D50/><U59/><E2/><V46/><F101/><W114/><G114/><T55/><D55/><N who="1" m="31975" /><E51/><V109/><F100/><W119/><G119/><T26/><AGARI ba="1,1" hai="19,21,26,36,37,38,56,58,80,84,87,90,91,95" machi="26" ten="30,6000,0" yaku="1,1,0,1,52,1,53,0" doraHai="79" doraHaiUra="117" who="0" fromWho="0" sc="360,73,210,-21,210,-21,210,-21" />
</Scene>
<Scene>
<INIT seed="0,2,0,1,3,77" ten="433,189,189,189" oya="0" hai0="85,101,64,57,113,124,62,109,45,116,32,58,106" hai1="44,48,126,17,86,78,134,63,94,41,47,115,84" hai2="0,122,4,49,107,34,21,40,12,67,98,119,16" hai3="2,72,38,14,76,88,89,53,121,9,37,87,55"/><T131/><D116/><U99/><E126/><V60/><F122/><W11/><G72/><T28/><D113/><U79/><E134/><V33/><F119/><W69/><G76/><N who="1" m="29226" /><E115/><V74/><F74/><W130/><G69/><T43/><D124/><U20/><E63/><V56/><F0/><W68/><G68/><T73/><D73/><U83/><E47/><V61/><F4/><W105/><G105/><T15/><D15/><N who="1" m="9279" /><E83/><V22/><F60/><W127/><G127/><T135/><D135/><U24/><E24/><V93/><F107/><W35/><G35/><T27/><D85/><U90/><AGARI ba="2,0" hai="41,44,48,84,86,90,94,99" m="9279,29226" machi="90" ten="30,1100,0" yaku="8,1" doraHai="77" who="1" fromWho="1" sc="433,-7,189,17,189,-5,189,-5" />
</Scene>
<Scene>
<INIT seed="1,0,0,0,0,134" ten="426,206,184,184" oya="1" hai0="18,132,46,28,101,114,99,69,135,19,87,37,97" hai1="133,8,112,128,65,7,41,82,44,126,85,100,107" hai2="104,79,24,67,45,33,48,11,58,120,4,62,52" hai3="2,22,42,83,27,3,80,103,9,1,39,75,98"/><U0/><E133/><N who="0" m="51273" /><D69/><U25/><E112/><V90/><F120/><W93/><G83/><T118/><D118/><U38/><E128/><V102/><F79/><W40/><G9/><T15/><D28/><U53/><E65/><V5/><F90/><W122/><G122/><T121/><D121/><U81/><E25/><V13/><F33/><W76/><REACH who="3" step="1"/><G39/><REACH who="3" ten="426,206,184,174" step="2"/><T63/><D37/><U95/><E81/><V60/><F4/><W84/><G84/><T34/><D87/><U55/><E82/><V35/><F5/><W72/><G72/><T36/><D114/><U43/><E85/><V71/><F11/><W105/><G105/><T68/><D36/><U56/><E107/><V119/><F104/><W86/><G86/><T127/><D97/><U49/><E38/><V92/><F119/><W70/><G70/><T88/><D99/><U113/><E113/><V94/><F94/><W29/><AGARI ba="0,1" hai="1,2,3,22,27,29,40,42,75,76,80,93,98,103" machi="29" ten="30,2000,0" yaku="1,1,0,1,53,0" doraHai="134" doraHaiUra="64" who="3" fromWho="3" sc="426,-5,206,-10,184,-5,174,30" />
</Scene>
<Scene>
<INIT seed="2,0,0,4,5,16" ten="421,196,179,204" oya="2" hai0="33,11,83,41,54,9,67,91,125,66,77,14,86" hai1="38,123,119,27,109,128,44,35,59,37,79,129,36" hai2="103,30,42,78,75,60,32,21,7,134,46,126,48" hai3="84,45,68,105,53,72,51,22,61,97,55,114,15"/><V13/><F126/><W58/><G72/><T8/><D33/><U104/><E104/><V115/><F115/><W49/><G114/><T87/><D125/><U62/><E119/><V40/><F134/><W24/><G15/><T135/><D41/><U29/><E79/><V23/><F103/><W111/><G111/><T5/><D135/><U69/><E109/><V108/><F108/><W31/><G84/><T74/><D74/><U12/><E123/><V133/><F133/><W57/><G68/><T107/><D107/><U101/><E101/><V102/><F102/><W28/><G97/><T17/><D54/><U26/><E69/><V118/><F118/><W94/><G94/><N who="0" m="54655" /><D5/><U120/><E120/><V56/><F32/><W39/><G39/><T122/><D122/><U18/><E27/><V1/><F1/><W99/><G99/><T43/><D43/><U88/><E44/><V96/><F96/><W112/><G112/><T76/><D76/><U93/><E128/><V52/><F30/><W124/><G124/><T3/><D3/><U20/><E129/><V25/><F25/><W98/><G98/><T130/><D130/><U6/><E6/><V90/><F40/><N who="3" m="24743" /><G105/><T0/><D0/><U85/><REACH who="1" step="1"/><E38/><REACH who="1" ten="421,186,179,204" step="2"/><V89/><F78/><W34/><G34/><T65/><AGARI ba="0,1" hai="8,9,11,14,17,65,66,67,77,83,86" m="54655" machi="65" ten="30,1100,0" yaku="8,1" doraHai="16" who="0" fromWho="0" sc="421,21,186,-3,179,-5,204,-3" />
</Scene>
<Scene>
<INIT seed="3,0,0,0,3,63" ten="442,183,174,201" oya="3" hai0="5,62,45,40,71,46,50,112,59,96,31,117,23" hai1="65,97,70,19,76,74,8,77,93,85,115,32,53" hai2="66,37,79,116,60,69,41,72,98,123,82,92,120" hai3="4,1,52,0,83,35,11,17,84,114,42,21,95"/><W16/><G42/><T36/><D71/><U129/><E32/><V67/><F116/><W101/><G35/><T49/><D117/><U100/><E74/><V102/><REACH who="2" step="1"/><F66/><REACH who="2" ten="442,183,164,201" step="2"/><W125/><G114/><T105/><D112/><U25/><E115/><V91/><F91/><W124/><G0/><T107/><D36/><U108/><E77/><V3/><F3/><W128/><G128/><T58/><D5/><U15/><E129/><V110/><F110/><W134/><G134/><T133/><D133/><U68/><E108/><V78/><F78/><N who="3" m="46199" /><G101/><T126/><D126/><N who="3" m="48745" /><G95/><T27/><D96/><U109/><E109/><V135/><F135/><W55/><G17/><T86/><D107/><U99/><E99/><V75/><F75/><W43/><G43/><T81/><D105/><U47/><E97/><V104/><F104/><W106/><G106/><T20/><D81/><U61/><E93/><V38/><F38/><W87/><G87/><T28/><D86/><U12/><E85/><V44/><AGARI ba="0,1" hai="37,41,44,60,67,69,72,79,82,92,98,102,120,123" machi="44" ten="30,4000,0" yaku="1,1,0,1,52,1,53,0" doraHai="63" doraHaiUra="10" who="2" fromWho="2" sc="442,-10,183,-10,164,50,201,-20" />
</Scene>
<Scene>
<INIT seed="4,0,0,0,2,91" ten="432,173,214,181" oya="0" hai0="76,110,11,73,109,85,96,53,99,5,97,1,7" hai1="55,113,4,12,63,33,28,135,112,125,32,0,107" hai2="36,126,100,22,115,70,8,47,45,88,40,108,61" hai3="25,119,13,64,38,39,101,67,41,59,105,17,16"/><T72/><D7/><U42/><E107/><V128/><F108/><N who="0" m="41578" /><D53/><U48/><E0/><V14/><F100/><W3/><G3/><T80/><AGARI ba="0,0" hai="1,5,11,72,73,76,80,85,96,97,99" m="41578" machi="80" ten="40,2100,0" yaku="10,1" doraHai="91" who="0" fromWho="0" sc="432,21,173,-7,214,-7,181,-7" />
</Scene>
<Scene>
<INIT seed="4,1,0,3,3,20" ten="453,166,207,174" oya="0" hai0="8,122,33,3,85,17,99,59,15,31,27,22,38" hai1="35,74,2,129,32,34,7,1,28,58,42,124,101" hai2="61,97,51,4,134,68,106,126,135,29,118,64,39" hai3="103,115,127,89,56,119,46,128,100,18,79,92,121"/><T36/><D122/><U111/><E74/><V41/><F4/><W12/><G119/><T65/><D99/><U44/><E111/><V48/><F118/><W82/><G121/><T107/><D107/><U60/><E129/><V63/><F126/><W91/><G115/><T104/><D104/><U5/><E124/><V6/><F6/><W76/><G46/><T53/><D65/><U123/><E123/><V57/><F29/><W125/><G56/><T75/><D75/><U110/><E110/><V81/><F81/><W54/><G54/><T70/><D70/><U45/><E101/><V120/><F97/><W114/><G12/><T131/><D131/><U43/><E28/><V109/><F106/><W66/><G18/><T105/><D105/><U96/><E96/><V52/><F109/><W94/><G66/><T10/><D85/><U102/><E102/><V84/><F84/><W132/><G114/><T37/><REACH who="0" step="1"/><D3/><REACH who="0" ten="443,166,207,174" step="2"/><U98/><E98/><V71/><F68/><W67/><G67/><T108/><D108/><U62/><E1/><V21/><F120/><W80/><G132/><T130/><D130/><AGARI ba="1,1" hai="76,79,80,82,89,91,92,94,100,103,125,127,128,130" machi="130" ten="25,8000,1" yaku="22,2,34,3" doraHai="20" who="3" fromWho="0" sc="443,-83,166,0,207,0,174,93" />
</Scene>
<Scene>
<INIT seed="5,0,0,2,3,88" ten="360,166,207,267" oya="1" hai0="29,68,35,9,16,122,109,97,96,31,132,75,55" hai1="14,101,123,77,12,105,92,84,34,69,126,100,7" hai2="118,18,124,127,134,125,94,107,42,74,90,67,130" hai3="36,25,2,104,89,0,56,82,110,61,95,86,46"/><U99/><E34/><V51/><F118/><W6/><G104/><T30/><D109/><U113/><E69/><V41/><F107/><W81/><G110/><T10/><D35/><U13/><E123/><V121/><F121/><W3/><G25/><T115/><D115/><U133/><E113/><V44/><F74/><W28/><G28/><T24/><D75/><U33/><E33/><V114/><F114/><W117/><G6/><T17/><D68/><U135/><E126/><V5/><F5/><W73/><G117/><T76/><D76/><U38/><E38/><V60/><F18/><N who="0" m="7274" /><D24/><U53/><E7/><V11/><F11/><N who="0" m="4106" /><D132/><N who="1" m="50763" /><E53/><N who="2" m="29927" /><F130/><W20/><G20/><T27/><D27/><U64/><E64/><V79/><F79/><W19/><G19/><T70/><D70/><U32/><E32/><V37/><F37/><W21/><G21/><T120/><D55/><U116/><E116/><V54/><F54/><W119/><G119/><T47/><D47/><U91/><E105/><V98/><F134/><W103/><G73/><T1/><D1/><U58/><E58/><AGARI ba="0,0" hai="41,42,58,60,67,90,94,98,124,125,127" m="29927" machi="58" ten="30,2000,0" yaku="18,1,52,1" doraHai="88" who="2" fromWho="1" sc="360,0,166,-20,207,20,267,0" />
</Scene>
<Scene>
<INIT seed="6,0,0,5,3,4" ten="360,146,227,267" oya="2" hai0="23,65,68,15,59,67,50,131,84,49,29,25,119" hai1="51,36,31,121,47,108,102,128,9,130,98,61,83" hai2="127,97,16,112,2,1,55,89,21,71,116,11,85" hai3="129,73,35,42,72,126,39,103,56,114,54,94,109"/><V82/><F116/><W18/><G109/><T118/><D118/><U124/><E36/><V106/><F71/><W33/><G42/><T117/><D131/><U38/><E108/><V30/><F112/><W135/><G39/><T43/><D68/><U134/><E38/><V122/><F122/><W52/><G129/><N who="1" m="49770" /><E121/><V120/><F120/><W3/><G114/><T40/><D84/><U14/><E31/><V5/><F127/><W107/><G126/><T58/><D15/><U76/><E124/><V92/><F30/><W101/><G94/><T17/><D29/><U26/><E26/><V81/><F1/><W19/><G56/><T41/><D17/><N who="1" m="8399" /><E134/><V91/><F55/><W96/><G96/><T27/><D41/><N who="1" m="25071" /><E61/><V57/><F57/><W77/><G3/><T132/><REACH who="0" step="1"/><D23/><REACH who="0" ten="350,146,227,267" step="2"/><U88/><E102/><V113/><F113/><W78/><REACH who="3" step="1"/><G107/><REACH who="3" ten="350,146,227,257" step="2"/><T6/><D6/><U53/><E98/><V80/><REACH who="2" step="1"/><F106/><REACH who="2" ten="350,146,217,257" step="2"/><W70/><G70/><T69/><D69/><U123/><E123/><V20/><F20/><W46/><G46/><T75/><D75/><U79/><E53/><V28/><F28/><W13/><G13/><AGARI ba="0,3" hai="2,5,11,13,16,21,80,81,82,85,89,91,92,97" machi="13" ten="30,11600,0" yaku="1,1,7,1,52,1,54,1,53,0" doraHai="4" doraHaiUra="44" who="2" fromWho="3" sc="350,0,146,0,217,146,257,-116" />
</Scene>
<Scene>
<INIT seed="6,1,0,1,1,24" ten="350,146,363,141" oya="2" hai0="71,58,100,129,107,26,85,88,115,8,61,77,3" hai1="6,46,134,96,83,105,17,50,9,94,72,1,114" hai2="45,19,15,35,95,66,63,119,43,75,25,126,93" hai3="130,109,80,124,34,12,90,40,11,10,123,65,98"/><V92/><F75/><W44/><G109/><T70/><D129/><U99/><E134/><V27/><F119/><W49/><G123/><T132/><D132/><U102/><E114/><V125/><F15/><W53/><G130/><T133/><D77/><U32/><E32/><V42/><F19/><N who="3" m="8599" /><G34/><T13/><D3/><U51/><E17/><V5/><F5/><W113/><G124/><N who="2" m="47721" /><F35/><W104/><G104/><T106/><D133/><U52/><E50/><N who="2" m="26935" /><F43/><W120/><G120/><T20/><D115/><U55/><E72/><V73/><F73/><W108/><G108/><T23/><D70/><AGARI ba="1,0" hai="25,27,63,66,70,92,93,95" m="26935,47721" machi="70" ten="30,1500,0" yaku="18,1" doraHai="24" who="2" fromWho="0" sc="350,-18,146,0,363,18,141,0" />
</Scene>
<Scene>
<INIT seed="6,2,0,5,1,8" ten="332,146,381,141" oya="2" hai0="40,0,65,85,112,54,5,131,69,24,46,53,13" hai1="60,73,91,28,95,132,87,55,68,115,133,104,92" hai2="18,52,43,45,117,30,134,108,31,34,113,76,135" hai3="39,64,97,125,70,82,17,12,101,75,74,10,83"/><V29/><F117/><W81/><G39/><T41/><D0/><U50/><E73/><V16/><F34/><W3/><G125/><T116/><D116/><U123/><E104/><V25/><F113/><W96/><G3/><T6/><D112/><U78/><E115/><V86/><F108/><W48/><G48/><T130/><D85/><U21/><E123/><V84/><F52/><N who="0" m="20074" /><D24/><U105/><E105/><V106/><F106/><W44/><G44/><T66/><D69/><U129/><E78/><V121/><F121/><W49/><G49/><N who="0" m="26831" /><D40/><U36/><E36/><N who="2" m="21735" /><F25/><W93/><REACH who="3" step="1"/><G97/><REACH who="3" ten="332,146,381,131" step="2"/><T26/><D131/><U33/><E129/><V14/><F135/><W58/><G58/><T1/><D130/><U124/><E133/><V9/><F134/><W119/><G119/><T100/><D1/><U94/><E132/><V4/><F76/><W79/><G79/><T47/><D47/><U126/><E124/><V20/><F86/><W19/><G19/><T57/><D57/><U35/><E126/><V59/><F84/><W32/><G32/><T111/><D111/><U51/><E35/><V63/><F18/><W127/><G127/><T15/><D66/><N who="1" m="41031" /><E33/><V42/><F59/><W99/><G99/><T90/><D65/><U22/><E50/><V56/><F56/><W88/><G88/><T118/><D90/><U61/><E51/><V109/><F109/><W7/><G7/><T122/><D118/><U38/><E38/><V102/><F4/><W72/><G72/><T98/><D5/><U107/><E91/><V114/><F114/><W62/><AGARI ba="2,1" hai="10,12,17,62,64,70,74,75,81,82,83,93,96,101" machi="62" ten="30,4000,0" yaku="1,1,0,1,52,1,53,0" doraHai="8" doraHaiUra="103" who="3" fromWho="3" sc="332,-12,146,-12,381,-22,131,56" />
</Scene>
<Scene>
<INIT seed="7,0,0,3,1,31" ten="320,134,359,187" oya="3" hai0="121,99,77,48,42,24,47,67,9,56,10,43,98" hai1="41,93,111,76,89,5,126,36,96,90,97,81,134" hai2="68,73,103,117,69,109,18,17,7,4,0,101,131" hai3="46,78,58,6,52,79,122,104,83,119,95,113,1"/><W108/><G104/><T66/><D121/><U32/><E111/><V51/><F109/><W22/><G108/><T65/><D77/><U14/><E126/><V91/><F73/><W102/><G122/><T2/><D2/><U107/><E134/><V39/><F39/><W40/><G119/><T116/><D116/><U106/><E41/><V37/><F37/><W120/><G120/><T75/><D75/><N who="1" m="43167" /><E14/><V19/><F117/><W28/><G113/><T132/><D132/><U50/><E5/><V92/><F131/><W130/><G130/><T60/><D43/><U133/><E50/><V112/><F112/><W84/><G79/><T62/><D24/><U123/><E123/><V86/><F68/><W44/><G40/><T21/><D21/><U94/><E36/><V30/><F69/><W38/><G38/><T105/><D105/><N who="1" m="39947" /><E133/><V127/><F127/><W61/><G6/><N who="2" m="2089" /><F0/><W135/><G1/><T85/><D66/><U33/><E33/><V70/><F70/><W29/><G135/><T57/><D85/><N who="1" m="52399" /><E32/><V115/><F115/><W59/><G59/><T55/><REACH who="0" step="1"/><D55/><REACH who="0" ten="310,134,359,187" step="2"/><U3/><E3/><V13/><F13/><W74/><G22/><T45/><D45/><N who="3" m="17513" /><G74/><T88/><D88/><U128/><E128/><V72/><F72/><W110/><G110/><T64/><D64/><U63/><E63/><V15/><F15/><W125/><G125/><T54/><D54/><U129/><E129/><V53/><F53/><W87/><G52/><T16/><D16/><U8/><E8/><AGARI ba="0,1" hai="8,9,10,42,47,48,56,57,60,62,65,67,98,99" machi="8" ten="40,5200,0" yaku="1,1,9,1,8,1,53,0" doraHai="31" doraHaiUra="34" who="0" fromWho="1" sc="310,62,134,-52,359,0,187,0" owari="372,47.0,82,-42.0,359,16.0,187,-21.0" />
</Scene>
</mjloggm>