<mjloggm ver="2.3"><GO type="169" lobby="0"/><UN n0="%74%61%72%6F%33%39%30%30" n1="%E5%A4%AA%E3%81%8F%E3%81%AA%E3%81%84%E3%81%8A" n2="%E9%BE%8D%E4%BC%AF" n3="%74%61%63%6F%73" dan="17,17,17,17" rate="2164.34,2151.51,2085.26,2149.78" sx="M,M,M,M"/><TAIKYOKU oya="0"/>

<Scene>
<INIT seed="0,0,0,5,2,91" ten="250,250,250,250" oya="0" hai0="20,105,132,39,29,52,85,110,27,3,6,23,10" hai1="90,32,89,30,128,83,22,66,43,75,69,124,55" hai2="80,94,59,54,63,135,12,1,115,100,120,113,0" hai3="40,123,84,73,61,46,42,8,51,114,87,93,37"/><T133/><D39/><U7/><E32/><V77/><F120/><W35/><G73/><T34/><D105/><U101/><E43/><V26/><F135/><N who="0" m="51786" /><D85/><U67/><E101/><V11/><F1/><W65/><G35/><T76/><D76/><U33/><E33/><V17/><F0/><W31/><G31/><T2/><D52/><U24/><E55/><V4/><F4/><W119/><G114/><T9/><D110/><U72/><E72/><V122/><F122/><W5/><G119/><T109/><D109/><U48/><E48/><V58/><F26/><W107/><G107/><T125/><D125/><U78/><E24/><V126/><F126/><W79/><G123/><T38/><D38/><U96/><E75/><V49/><F49/><W92/><G37/><T116/><D116/><U74/><E78/><V81/><F81/><N who="3" m="47167" /><G42/><T117/><D117/><U62/><E83/><V70/><F70/><N who="3" m="42287" /><G87/><T36/><D36/><U127/><E69/><V53/><F115/><W16/><G40/><T130/><D130/><U82/><E128/><V111/><F111/><W47/><G51/><T68/><D68/><U118/><E118/><V57/><F113/><W21/><G46/><T134/><D134/><U104/><E124/><V44/><F44/><W41/><G47/><T50/><D50/><U129/><E127/><V25/><F54/><W106/><G41/><T112/><D112/><U98/><E129/><V15/><F53/><W14/><G106/><T28/><D28/><U13/><E30/><V97/><F63/><W121/><G121/><T18/><D2/><U56/><E62/><RYUUKYOKU ba="0,0" sc="250,15,250,-15,250,-15,250,15" hai0="3,6,9,10,18,20,23,27,29,34" hai3="5,8,14,16,21,92,93" />
</Scene>
<Scene>
<INIT seed="0,1,0,3,3,128" ten="265,235,235,265" oya="0" hai0="83,30,13,77,114,51,84,70,21,120,14,67,101" hai1="20,24,46,7,86,99,82,50,127,81,35,45,117" hai2="118,37,71,25,49,23,55,18,105,85,132,73,66" hai3="39,61,116,10,4,11,96,16,6,31,111,106,78"/><T131/><D114/><U79/><E117/><V90/><F37/><W130/><G39/><T63/><D120/><U108/><E35/><V65/><F73/><W57/><G116/><T72/><D131/><U100/><E108/><V88/><F105/><W12/><G130/><T125/><D125/><U115/><E127/><V27/><F71/><W47/><G78/><T87/><D101/><U36/><E115/><V89/><F132/><W76/><G76/><T124/><D124/><U52/><E7/><V33/><F33/><W3/><G111/><T8/><D51/><U41/><E86/><V93/><F27/><W40/><G31/><T92/><D92/><U19/><REACH who="1" step="1"/><E79/><REACH who="1" ten="265,225,235,265" step="2"/><V43/><F118/><W54/><G6/><T129/><D129/><U22/><E22/><V102/><F85/><W5/><G5/><T15/><REACH who="0" step="1"/><D8/><REACH who="0" ten="255,225,235,265" step="2"/><U38/><E38/><V121/><F121/><W69/><G11/><T17/><D17/><U53/><E53/><V59/><F43/><W75/><G54/><T60/><D60/><U109/><E109/><V62/><F62/><W103/><G61/><T112/><D112/><U122/><E122/><V29/><F18/><W44/><G40/><T56/><D56/><U28/><E28/><V110/><F110/><W107/><G57/><T0/><D0/><U64/><E64/><V26/><F66/><W133/><G16/><T94/><D94/><AGARI ba="1,2" hai="19,20,24,36,41,45,46,50,52,81,82,94,99,100" machi="94" ten="30,7700,0" yaku="1,1,7,1,54,1,53,1" doraHai="128" doraHaiUra="98" who="1" fromWho="0" sc="255,-80,225,100,235,0,265,0" />
</Scene>
<Scene>
<INIT seed="1,0,0,2,1,86" ten="175,325,235,265" oya="1" hai0="64,16,128,13,62,123,106,0,65,135,49,34,75" hai1="10,52,70,88,110,80,41,91,14,90,43,4,107" hai2="94,115,36,11,96,99,56,40,42,63,60,59,30" hai3="8,77,120,134,51,79,132,6,121,29,74,73,9"/><U1/><E70/><V127/><F30/><W12/><G29/><T109/><D16/><U23/><E107/><V27/><F27/><W78/><G51/><T7/><D13/><N who="1" m="5319" /><E110/><V37/><F11/><N who="3" m="4171" /><G12/><T15/><D49/><U22/><E1/><V100/><F127/><W113/><G6/><T98/><D98/><U53/><E80/><V21/><F21/><N who="1" m="7689" /><E14/><V101/><F94/><W48/><G48/><T68/><D62/><U118/><E118/><V104/><F104/><W87/><G113/><AGARI ba="0,0" hai="36,37,40,42,56,59,60,63,96,99,100,101,113,115" machi="113" ten="25,1600,0" yaku="22,2" doraHai="86" who="2" fromWho="3" sc="175,0,325,0,235,16,265,-16" />
</Scene>
<Scene>
<INIT seed="2,0,0,3,3,21" ten="175,325,251,249" oya="2" hai0="58,80,0,52,61,132,106,35,36,92,76,29,97" hai1="128,24,28,54,37,91,83,112,109,88,64,131,48" hai2="62,44,46,49,126,17,75,2,99,56,13,81,69" hai3="115,94,114,78,5,63,39,72,105,89,110,113,27"/><V87/><F2/><W40/><G105/><T23/><D132/><U107/><E112/><V71/><F75/><W85/><G110/><T45/><D106/><U118/><E118/><V11/><F46/><N who="3" m="23839" /><G5/><T51/><D0/><U9/><E37/><V108/><F99/><W68/><G27/><N who="0" m="16639" /><D36/><U34/><E107/><V7/><F126/><W1/><G1/><T14/><D35/><U98/><E109/><V100/><F100/><W123/><G123/><T74/><D74/><U33/><E64/><V31/><F31/><W43/><G43/><T111/><D111/><U10/><E34/><V93/><F93/><W127/><G127/><T50/><D80/><U90/><E98/><V101/><F101/><W26/><G26/><T125/><D76/><U42/><E42/><V30/><F30/><W79/><G72/><T73/><D73/><U6/><E83/><V121/><F121/><W55/><G55/><N who="0" m="30159" /><D125/><U96/><E96/><V86/><F86/><W8/><G8/><T116/><D116/><U135/><E135/><V25/><F108/><W16/><G16/><T77/><D77/><U117/><E117/><V19/><F71/><W119/><G119/><T134/><D134/><U120/><E120/><V60/><F69/><W22/><G22/><T18/><D92/><U95/><E95/><V12/><F17/><W104/><G104/><T102/><D97/><U124/><E124/><V66/><F19/><W41/><G41/><T84/><D102/><U65/><E65/><AGARI ba="0,0" hai="63,65,68,78,79,85,89,94,113,114,115" m="23839" machi="65" ten="30,1000,0" yaku="11,1" doraHai="21" who="3" fromWho="1" sc="175,0,325,-10,251,0,249,10" />
</Scene>
<Scene>
<INIT seed="3,0,0,1,0,64" ten="175,315,251,259" oya="3" hai0="74,104,84,25,122,86,41,29,78,106,52,69,98" hai1="28,67,1,107,100,102,109,34,61,58,115,56,76" hai2="112,128,49,46,24,35,113,48,91,135,12,20,45" hai3="80,43,60,87,31,68,17,110,15,10,62,81,133"/><W127/><G133/><T54/><D122/><U11/><E115/><V37/><F128/><W9/><G127/><T14/><D41/><U8/><E109/><V3/><F3/><W40/><G110/><T21/><D74/><U71/><E76/><V124/><F37/><W103/><G103/><T26/><D69/><U53/><E1/><V95/><F35/><W18/><G31/><T42/><D42/><U85/><E85/><V130/><F12/><W33/><G33/><T119/><D119/><U0/><E0/><V99/><F130/><W97/><G97/><T55/><D14/><U2/><E2/><V101/><F124/><W23/><G80/><T39/><D39/><U118/><E118/><V121/><F121/><W13/><G23/><T59/><D59/><U47/><E47/><V88/><F135/><W92/><G92/><T79/><D98/><N who="1" m="61847" /><E102/><V75/><F75/><W6/><G6/><T73/><D73/><U27/><E58/><V108/><F108/><W132/><G132/><T125/><D125/><U22/><E22/><V77/><F77/><W105/><G105/><T114/><D114/><U65/><E65/><V50/><F113/><W117/><G117/><T111/><D111/><U93/><E93/><V129/><F129/><W38/><G38/><T94/><D94/><U82/><E82/><V89/><REACH who="2" step="1"/><F112/><REACH who="2" ten="175,315,241,259" step="2"/><W57/><G13/><T134/><D134/><U90/><E90/><V83/><F83/><W96/><G15/><T30/><D79/><U7/><E7/><V70/><F70/><W32/><G68/><T63/><D78/><U4/><E4/><RYUUKYOKU ba="0,1" sc="175,-15,315,15,241,15,259,-15" hai1="8,11,27,28,34,53,56,61,67,71" hai2="20,24,45,46,48,49,50,88,89,91,95,99,101" />
</Scene>
<Scene>
<INIT seed="4,1,1,4,4,60" ten="160,330,256,244" oya="0" hai0="22,79,112,20,105,2,19,108,46,69,42,0,133" hai1="31,96,72,83,5,90,50,131,81,134,54,93,99" hai2="114,21,135,43,84,36,33,65,87,127,47,10,88" hai3="29,75,56,12,34,124,4,24,78,53,123,7,101"/><T106/><D112/><U103/><E134/><V26/><F33/><W62/><G101/><T28/><D133/><U73/><E131/><V32/><F32/><W92/><G124/><T120/><D120/><U115/><E115/><V130/><F127/><W129/><G129/><T18/><D28/><U30/><E5/><V25/><F25/><W77/><G123/><T58/><D69/><U119/><E119/><V13/><F135/><W100/><G75/><T113/><D113/><U8/><E8/><V104/><F104/><W15/><G100/><T45/><D79/><U11/><E11/><V51/><F36/><W89/><G15/><T48/><D58/><U126/><E126/><V39/><F39/><W70/><G70/><T86/><D86/><U109/><E109/><V1/><F1/><W95/><G95/><T23/><D108/><U128/><E128/><V27/><F87/><W116/><G116/><T41/><D22/><U66/><E72/><V38/><F38/><W14/><G14/><T59/><D59/><N who="1" m="33239" /><E73/><V118/><F118/><W3/><G3/><T35/><D48/><U16/><E30/><V64/><F27/><W122/><G122/><T110/><REACH who="0" step="1"/><D110/><REACH who="0" ten="150,330,256,244" step="2"/><U17/><E31/><N who="2" m="17871" /><F130/><W107/><G77/><T85/><D85/><U9/><E96/><V80/><F114/><W121/><G78/><T61/><D61/><U132/><E132/><V76/><F76/><W111/><G121/><T44/><D44/><U55/><E99/><V37/><F37/><W52/><G111/><T40/><D40/><U74/><E74/><V57/><F57/><W82/><G56/><RYUUKYOKU ba="1,2" sc="150,15,330,-15,256,15,244,-15" hai0="0,2,18,19,20,23,35,41,42,45,46,105,106" hai2="10,13,43,47,51,64,65,80,84,88" />
</Scene>
<Scene>
<INIT seed="4,2,2,1,5,72" ten="165,315,271,229" oya="0" hai0="116,114,22,50,33,23,129,62,0,41,74,37,27" hai1="76,8,34,118,126,12,95,32,64,135,130,40,90" hai2="54,60,24,127,106,26,103,98,109,112,79,38,97" hai3="121,13,111,53,99,120,65,124,70,10,48,11,81"/><T94/><D116/><U128/><E118/><V39/><F109/><W92/><G111/><T51/><D0/><U7/><E135/><V5/><F5/><W101/><G124/><T108/><D108/><U123/><E123/><N who="3" m="47178" /><G81/><T117/><D117/><U133/><E133/><V29/><F112/><W107/><G107/><T20/><D114/><U43/><E126/><V67/><F54/><W2/><G2/><T28/><D129/><N who="1" m="49771" /><E64/><V47/><F47/><N who="3" m="27807" /><G13/><T58/><D74/><U63/><E63/><AGARI ba="2,2" hai="10,11,63,65,70,92,99,101" m="27807,47178" machi="63" ten="30,1000,0" yaku="13,1" doraHai="72" who="3" fromWho="1" sc="165,0,315,-16,271,0,229,36" />
</Scene>
<Scene>
<INIT seed="5,0,0,5,3,100" ten="165,299,271,265" oya="1" hai0="84,65,27,17,46,71,14,5,66,8,52,115,29" hai1="4,30,68,114,94,43,126,104,89,80,13,70,76" hai2="110,59,93,81,123,10,105,109,99,82,9,127,64" hai3="72,135,18,55,111,36,24,26,62,56,92,53,7"/><U128/><E30/><V79/><F123/><W21/><G72/><T25/><D115/><U133/><E114/><V129/><F129/><W23/><G36/><T67/><D71/><U48/><E128/><V119/><F82/><W32/><G32/><T112/><D112/><U22/><E126/><V125/><F64/><W63/><G111/><T88/><D5/><U131/><E131/><V107/><F59/><W57/><G7/><T108/><D108/><N who="2" m="41578" /><F10/><W83/><G83/><N who="0" m="49183" /><D29/><U51/><E80/><V50/><F50/><AGARI ba="0,0" hai="8,14,17,25,27,46,50,52,65,66,67" m="49183" machi="50" ten="30,7700,0" yaku="25,1,8,1,54,2" doraHai="100" who="0" fromWho="2" sc="165,77,299,0,271,-77,265,0" />
</Scene>
<Scene>
<INIT seed="6,0,0,2,1,33" ten="242,299,194,265" oya="2" hai0="52,69,48,115,128,10,75,46,9,124,81,107,79" hai1="129,6,132,98,59,26,108,82,36,47,13,28,35" hai2="68,38,20,12,55,86,67,104,74,100,131,116,117" hai3="126,18,25,91,45,34,87,130,76,77,39,99,44"/><V51/><F74/><W134/><G39/><T78/><D69/><U58/><E108/><V111/><F38/><W53/><G130/><T17/><D107/><U49/><E36/><V5/><F111/><W105/><G126/><T32/><D32/><U54/><E129/><V29/><F100/><W61/><G34/><T135/><D128/><U65/><E132/><V21/><F104/><W64/><G134/><T96/><D135/><U102/><E65/><V92/><F131/><W123/><G123/><T43/><D115/><U31/><E31/><V57/><F67/><W93/><G105/><T84/><D124/><U14/><E82/><V40/><F68/><W119/><G119/><T114/><D114/><U71/><E71/><V113/><F40/><W133/><G133/><T7/><D96/><U22/><E35/><V2/><F21/><N who="3" m="13495" /><G64/><T125/><D125/><U89/><E89/><N who="2" m="53303" /><F113/><W83/><G76/><T60/><D75/><U106/><E6/><V37/><F37/><W3/><G3/><T112/><D112/><U72/><E72/><V97/><F97/><W23/><G23/><T118/><D118/><U120/><E120/><V73/><F73/><W42/><G42/><T27/><D79/><U0/><E0/><V8/><F29/><W16/><G16/><AGARI ba="0,0" hai="2,5,8,12,16,20,51,55,57,116,117" m="53303" machi="16" ten="30,5800,0" yaku="25,1,52,1,54,1" doraHai="33" who="2" fromWho="3" sc="242,0,299,0,194,58,265,-58" />
</Scene>
<Scene>
<INIT seed="6,1,0,1,4,42" ten="242,299,252,207" oya="2" hai0="105,77,130,82,72,29,113,74,99,65,69,53,88" hai1="5,38,134,59,78,92,118,132,123,119,17,50,90" hai2="62,31,6,55,128,126,54,67,27,100,48,103,106" hai3="32,81,112,120,1,86,49,7,26,14,73,35,2"/><V46/><F6/><W75/><G120/><T39/><D74/><U93/><E38/><V33/><F106/><W83/><G112/><T0/><D0/><U80/><E5/><V76/><F126/><W18/><G7/><T107/><D113/><U94/><E123/><V12/><F76/><W47/><G1/><T8/><D8/><U13/><E90/><V117/><F128/><W96/><G2/><T51/><D39/><U125/><E125/><V22/><F117/><N who="1" m="44553" /><E59/><V79/><F79/><W114/><G96/><T9/><D9/><N who="1" m="6319" /><E50/><V45/><F33/><W104/><G104/><T25/><D130/><U28/><E28/><V91/><F12/><W56/><G56/><T127/><D127/><U97/><E97/><V102/><F91/><W41/><G114/><T3/><D3/><U19/><E19/><V40/><REACH who="2" step="1"/><F45/><REACH who="2" ten="242,299,242,207" step="2"/><W66/><G32/><T34/><D88/><U116/><E116/><V135/><F135/><N who="1" m="51753" /><E94/><V15/><F15/><W23/><G83/><T71/><D107/><U60/><E78/><V95/><F95/><W11/><G35/><T24/><D105/><U57/><E80/><V30/><F30/><W85/><G73/><T37/><D72/><U89/><E89/><V63/><F63/><W21/><G23/><T4/><D82/><U121/><E121/><V108/><F108/><W10/><G11/><T115/><D4/><U110/><E110/><V101/><N who="2" m="25600" /><DORA hai="98" /><V109/><F109/><W70/><G75/><T84/><D115/><U44/><E44/><V36/><F36/><W16/><G81/><T131/><D37/><U133/><E133/><RYUUKYOKU ba="1,1" sc="242,-30,299,10,242,10,207,10" hai1="57,60,92,93" hai2="22,27,31,40,46,48,54,55,62,67" hai3="10,14,16,18,21,26,41,47,49,66,70,85,86" />
</Scene>
<Scene>
<INIT seed="6,2,1,3,3,21" ten="212,309,252,217" oya="2" hai0="82,107,81,29,12,19,7,53,73,58,22,67,35" hai1="72,92,2,64,125,38,60,75,16,1,50,134,49" hai2="14,123,30,39,96,109,89,41,118,23,127,9,87" hai3="84,24,59,34,126,91,105,132,103,54,71,70,78"/><V85/><F123/><W26/><G78/><T8/><D107/><U121/><E38/><V5/><F118/><W108/><G108/><T6/><D67/><U100/><E121/><V79/><F127/><W46/><G46/><T97/><D97/><U80/><E125/><V36/><F41/><W77/><G77/><T28/><D6/><U131/><E100/><V61/><F96/><W18/><G126/><T57/><D57/><U13/><E92/><V66/><F79/><W11/><G105/><T135/><D135/><U68/><E134/><V86/><F89/><W133/><G103/><T74/><D74/><U99/><E99/><V33/><F33/><W90/><G34/><T44/><D44/><U116/><E116/><V120/><F109/><W0/><G0/><T45/><D45/><U63/><E80/><V4/><F4/><W15/><G91/><T42/><D42/><U106/><E106/><V69/><REACH who="2" step="1"/><F120/><REACH who="2" ten="212,309,242,217" step="2"/><W95/><G132/><T110/><D110/><U62/><E72/><V104/><F104/><W51/><G133/><T76/><D35/><U114/><E75/><V37/><F37/><W83/><G83/><T94/><D82/><U128/><E128/><V129/><F129/><W124/><G124/><T10/><D94/><U17/><E131/><V47/><F47/><W101/><G101/><T130/><D130/><U27/><E1/><V113/><F113/><W115/><G115/><T102/><D102/><U43/><E2/><V93/><F93/><W111/><G111/><T88/><D88/><U31/><E43/><V3/><F3/><W112/><G112/><RYUUKYOKU ba="2,2" sc="212,-15,309,-15,242,15,217,15" hai2="5,9,14,23,30,36,39,61,66,69,85,86,87" hai3="11,15,18,24,26,51,54,59,70,71,84,90,95" />
</Scene>
<Scene>
<INIT seed="6,3,2,2,2,132" ten="197,294,257,232" oya="2" hai0="17,27,91,110,101,25,43,53,13,120,81,38,83" hai1="133,44,100,95,86,57,48,8,118,77,19,62,69" hai2="134,41,129,4,32,94,39,93,84,98,122,45,79" hai3="18,99,97,115,126,1,0,20,36,42,89,6,121"/><V33/><F122/><W125/><G121/><T114/><D120/><U104/><E118/><V78/><F134/><W12/><G115/><T35/><D110/><U2/><E69/><V124/><F4/><W28/><G28/><T107/><D114/><U51/><E133/><V10/><F10/><N who="3" m="2383" /><G0/><T112/><D112/><U130/><E104/><V30/><F32/><W66/><G66/><T11/><D43/><U16/><E130/><V29/><F29/><W22/><G89/><T82/><D38/><U21/><E2/><V128/><F30/><W65/><G65/><T135/><D135/><U37/><E37/><V117/><F33/><W59/><G59/><T26/><D35/><U73/><E73/><V14/><F14/><W102/><G22/><T85/><REACH who="0" step="1"/><D53/><REACH who="0" ten="187,294,257,232" step="2"/><N who="1" m="34095" /><E8/><V75/><F129/><W116/><G116/><T5/><D5/><U76/><E21/><V23/><F23/><W47/><G125/><T50/><D50/><U87/><E51/><V60/><F124/><W40/><G126/><T90/><D90/><U74/><E48/><V54/><F117/><W72/><G40/><T9/><D9/><U55/><E55/><V105/><F54/><W80/><G102/><T113/><D113/><U34/><E34/><V52/><F128/><W92/><G36/><T15/><D15/><U109/><E109/><V3/><F41/><W56/><G42/><T24/><N who="0" m="6144" /><DORA hai="106" /><T68/><D68/><U71/><E71/><V111/><F39/><W70/><G12/><T31/><D31/><U58/><E100/><V64/><F111/><W108/><G108/><T88/><D88/><RYUUKYOKU ba="3,3" sc="187,30,294,-10,257,-10,232,-10" hai0="11,13,17,81,82,83,85,91,101,107" />
</Scene>
<Scene>
<INIT seed="7,4,3,2,0,82" ten="217,284,247,222" oya="3" hai0="51,35,112,134,115,100,5,78,113,38,119,106,32" hai1="71,59,102,101,83,7,21,13,94,53,72,80,0" hai2="54,116,107,6,1,40,27,20,109,67,17,118,69" hai3="73,135,42,15,86,105,81,111,18,39,61,37,131"/><W130/><G105/><T45/><D119/><U12/><E71/><V36/><F107/><W50/><G73/><T88/><D134/><U62/><E0/><V124/><F109/><W99/><G135/><T133/><D133/><U56/><E72/><V31/><F67/><W29/><G29/><T41/><D78/><U97/><E102/><V79/><F69/><W117/><G117/><T22/><D5/><U96/><E96/><V123/><F79/><N who="3" m="46399" /><G111/><T89/><D22/><U11/><E59/><V128/><F128/><N who="3" m="49195" /><G99/><N who="0" m="61727" /><D38/><U114/><E114/><V60/><F36/><W90/><G90/><AGARI ba="4,3" hai="32,35,41,45,51,88,89,90,112,113,115" m="61727" machi="90" ten="30,3900,0" yaku="15,1,11,1,54,1" doraHai="82" who="0" fromWho="3" sc="217,81,284,0,247,0,222,-51" />
</Scene>
<Scene>
<INIT seed="8,0,0,2,1,106" ten="298,284,247,171" oya="0" hai0="125,44,85,100,58,81,74,25,28,12,36,77,33" hai1="102,80,103,105,40,104,9,49,67,71,0,119,118" hai2="95,124,64,91,52,127,131,38,37,99,14,70,94" hai3="83,121,39,96,5,114,10,65,111,31,16,4,13"/><T32/><D125/><U43/><E67/><V24/><F64/><W98/><G111/><T135/><D135/><U87/><E71/><V22/><F70/><W73/><G39/><T92/><D58/><U84/><E9/><V15/><F131/><W23/><G114/><T6/><D33/><U101/><E0/><V26/><F22/><W90/><G121/><T45/><D36/><U1/><E1/><V88/><F99/><W8/><G65/><T130/><D130/><U93/><E49/><V17/><F17/><W34/><G73/><T116/><D116/><N who="1" m="44587" /><E40/><V75/><F75/><W69/><G69/><T132/><D132/><U30/><E43/><V110/><F110/><W128/><G128/><T57/><D57/><U35/><E30/><V72/><F72/><W51/><G51/><T117/><D117/><U68/><E35/><V112/><F112/><W120/><G120/><T60/><D60/><U54/><E54/><AGARI ba="0,0" hai="14,15,24,26,37,38,52,54,88,91,94,95,124,127" machi="54" ten="25,6400,0" yaku="22,2,54,2" doraHai="106" who="2" fromWho="1" sc="298,0,284,-64,247,64,171,0" owari="298,10.0,220,-18.0,311,41.0,171,-33.0" />
</Scene>
</mjloggm>