<mjloggm ver="2.3"><GO type="169" lobby="0"/><UN n0="%E5%A4%AA%E3%81%8F%E3%81%AA%E3%81%84%E3%81%8A" n1="%E4%B8%AD%E5%B1%B1%E9%87%8E%E8%8D%89" n2="%6E%6E%6E%6E%6E%6E" n3="%E7%A2%BA%E8%AA%8D%E4%BA%8B%E9%A0%85" dan="17,17,17,16" rate="2207.87,2147.95,2179.35,2075.25" sx="M,M,M,M"/><TAIKYOKU oya="0"/>

<Scene>
<INIT seed="0,0,0,0,3,35" ten="250,250,250,250" oya="0" hai0="9,97,31,91,72,89,68,73,30,62,42,65,96" hai1="95,7,118,2,84,69,48,17,28,13,130,107,83" hai2="10,76,3,132,128,37,64,111,122,63,18,29,21" hai3="40,67,88,93,41,117,74,8,54,82,110,70,47"/><T75/><D42/><U78/><E107/><V81/><F122/><W53/><G117/><T44/><D44/><U16/><E118/><V106/><F106/><W38/><G41/><T12/><D96/><U80/><E69/><V5/><F132/><W126/><G110/><T90/><REACH who="0" step="1"/><D97/><REACH who="0" ten="240,250,250,250" step="2"/><U20/><E130/><V127/><F128/><W6/><G40/><T115/><D115/><U124/><E124/><V121/><F127/><W57/><G47/><T4/><AGARI ba="0,1" hai="4,9,12,30,31,62,65,68,72,73,75,89,90,91" machi="4" ten="40,12000,1" yaku="1,1,0,1,53,2" doraHai="35" doraHaiUra="25" who="0" fromWho="0" sc="240,130,250,-40,250,-40,250,-40" />
</Scene>
<Scene>
<INIT seed="0,1,0,4,3,83" ten="370,210,210,210" oya="0" hai0="130,43,38,104,111,125,105,5,8,131,21,60,24" hai1="45,9,69,17,57,133,117,6,33,49,119,19,98" hai2="56,66,28,112,120,79,37,39,129,48,94,4,47" hai3="121,12,95,100,88,20,61,44,59,78,90,55,40"/><T30/><D125/><U81/><E69/><V108/><F120/><W23/><G78/><T75/><D75/><U103/><E33/><V89/><F108/><W91/><G121/><T22/><D111/><U114/><E114/><V113/><F129/><N who="0" m="49162" /><D22/><U7/><E133/><V127/><F127/><W110/><G110/><T36/><D60/><U18/><E57/><V32/><F39/><N who="0" m="14890" /><D43/><U53/><E117/><V62/><F37/><W70/><G70/><T58/><D58/><U74/><E119/><V76/><F113/><W123/><G123/><T99/><D99/><U109/><E109/><V134/><F134/><W124/><G124/><T29/><D29/><U54/><E54/><V72/><F72/><W16/><G23/><T87/><D87/><U63/><E63/><V107/><F112/><W135/><G135/><T13/><AGARI ba="1,0" hai="5,8,13,21,24,30,104,105" m="14890,49162" machi="13" ten="30,1500,0" yaku="19,1" doraHai="83" who="0" fromWho="0" sc="370,18,210,-6,210,-6,210,-6" />
</Scene>
<Scene>
<INIT seed="0,2,0,2,0,70" ten="388,204,204,204" oya="0" hai0="71,18,10,44,77,3,13,28,9,92,103,8,50" hai1="125,47,24,72,94,73,100,106,79,25,15,128,22" hai2="17,123,112,37,33,83,5,12,54,98,4,95,68" hai3="42,133,85,7,46,20,26,55,23,118,89,108,93"/><T101/><D71/><U122/><E122/><V134/><F112/><W113/><G113/><T97/><D3/><U60/><E128/><V29/><F123/><W102/><G118/><T105/><D28/><U14/><E125/><V45/><F68/><W19/><G108/><T65/><D65/><U43/><E106/><V69/><F69/><W88/><G133/><T119/><D119/><U120/><E120/><V126/><F126/><W41/><G7/><T80/><D103/><U52/><E25/><V30/><F83/><W36/><G102/><T61/><D61/><U117/><E117/><V63/><F37/><W124/><G124/><T58/><D58/><N who="1" m="34887" /><E73/><V104/><F104/><W35/><G35/><T121/><D105/><U75/><E72/><V6/><F33/><W99/><G23/><T11/><D121/><U51/><E75/><V127/><F127/><W87/><G42/><T114/><D114/><U21/><E79/><V0/><F0/><W53/><REACH who="3" step="1"/><G99/><REACH who="3" ten="388,204,204,194" step="2"/><T82/><D77/><U56/><E21/><N who="2" m="11431" /><F134/><W39/><G39/><T110/><D110/><U2/><E2/><V130/><F130/><W34/><G34/><T111/><D111/><U96/><E56/><N who="2" m="35223" /><F45/><W135/><G135/><T66/><REACH who="0" step="1"/><D66/><REACH who="0" ten="378,204,204,194" step="2"/><U16/><AGARI ba="2,2" hai="14,15,16,22,24,43,47,51,94,96,100" m="34887" machi="16" ten="30,4000,0" yaku="8,1,54,2" doraHai="70" who="1" fromWho="1" sc="378,-22,204,66,204,-12,194,-12" />
</Scene>
<Scene>
<INIT seed="1,0,0,2,5,8" ten="356,270,192,182" oya="1" hai0="122,118,10,22,115,18,133,3,36,37,47,130,89" hai1="113,60,114,82,39,59,16,61,66,32,135,44,91" hai2="17,56,108,80,67,81,110,109,30,129,42,28,72" hai3="40,70,119,4,83,15,102,84,105,88,69,120,96"/><U46/><E32/><V24/><F129/><W92/><G120/><T13/><D115/><U31/><E31/><N who="2" m="11819" /><F72/><W99/><G40/><T97/><D118/><U34/><E34/><V111/><F42/><W38/><G38/><T93/><D130/><U98/><E39/><V74/><F74/><W11/><REACH who="3" step="1"/><G119/><REACH who="3" ten="356,270,192,172" step="2"/><T65/><D122/><U68/><E113/><V55/><F111/><W76/><AGARI ba="0,1" hai="4,11,15,69,70,76,83,84,88,92,96,99,102,105" machi="76" ten="20,12000,2" yaku="1,1,2,1,0,1,7,1,52,1,54,1,53,0" doraHai="8" doraHaiUra="116" who="3" fromWho="3" sc="356,-30,270,-60,192,-30,172,130" />
</Scene>
<Scene>
<INIT seed="2,0,0,5,1,117" ten="326,210,162,302" oya="2" hai0="69,129,45,43,79,72,25,15,14,42,26,134,8" hai1="114,6,75,89,19,64,115,35,105,123,104,84,17" hai2="34,70,71,85,27,24,28,132,100,95,92,21,49" hai3="83,18,5,20,13,128,54,62,12,119,50,32,31"/><V11/><F132/><W36/><G36/><T99/><D69/><U113/><E35/><V126/><F95/><W112/><G119/><T77/><D134/><U56/><E75/><V101/><F126/><W121/><G62/><T63/><D129/><U65/><E6/><V122/><F122/><W109/><G121/><T48/><D63/><U111/><E111/><V30/><F11/><W96/><G96/><T38/><D72/><U1/><E1/><V61/><F49/><W57/><G109/><T40/><D99/><U7/><E7/><V44/><F44/><W80/><G128/><T55/><D38/><U97/><E123/><V76/><F76/><N who="0" m="29258" /><D15/><U52/><E97/><V37/><F37/><W130/><G130/><T60/><D60/><U125/><E125/><V78/><F78/><W51/><G51/><T46/><D46/><U74/><E74/><V133/><F133/><W106/><G106/><T94/><D94/><U67/><E104/><V118/><F118/><W135/><G135/><T86/><D86/><U131/><E105/><V98/><F85/><W107/><G107/><T47/><D47/><U127/><E127/><V66/><REACH who="2" step="1"/><F71/><REACH who="2" ten="326,210,152,302" step="2"/><W124/><G124/><T22/><D8/><U41/><E131/><V108/><F108/><W87/><G87/><T4/><D4/><U73/><E73/><V82/><F82/><W81/><G81/><T53/><D45/><U88/><E84/><V58/><F58/><W59/><G57/><T10/><D48/><N who="1" m="30727" /><E41/><V110/><F110/><W16/><G5/><T93/><D93/><U23/><E23/><V102/><AGARI ba="0,1" hai="21,24,27,28,30,34,61,66,70,92,98,100,101,102" machi="102" ten="20,7800,0" yaku="1,1,5,1,0,1,7,1,53,0" doraHai="117" doraHaiUra="120" who="2" fromWho="2" sc="326,-26,210,-26,152,88,302,-26" />
</Scene>
<Scene>
<INIT seed="2,1,0,2,4,55" ten="300,184,240,276" oya="2" hai0="113,83,0,132,116,69,134,96,107,131,128,81,133" hai1="66,47,94,110,97,40,38,21,86,19,57,13,23" hai2="117,63,125,54,67,123,50,48,3,56,6,11,78" hai3="79,44,124,68,32,109,129,108,1,99,135,64,93"/><V120/><F117/><W46/><G124/><T88/><D69/><U14/><E110/><N who="3" m="42602" /><G135/><T126/><D0/><U62/><E86/><V104/><F104/><W76/><G32/><T82/><D116/><U119/><E119/><V10/><F125/><W114/><G1/><T59/><D126/><U77/><E77/><N who="3" m="29770" /><G129/><N who="0" m="49739" /><D59/><U103/><REACH who="1" step="1"/><E14/><REACH who="1" ten="300,174,240,276" step="2"/><V7/><F78/><W51/><G114/><T41/><D113/><U60/><E60/><V73/><F73/><W33/><G99/><T122/><D122/><U70/><E70/><V27/><F27/><W106/><G68/><T53/><D133/><U75/><E75/><V29/><F123/><W80/><G80/><T34/><D82/><U28/><E28/><V92/><F120/><W52/><G33/><T24/><D81/><U100/><E100/><V98/><F29/><W30/><G30/><T118/><D83/><U111/><E111/><V31/><F31/><W9/><G106/><T65/><D118/><U121/><E121/><V2/><F67/><W115/><G64/><T12/><D65/><U16/><E16/><V22/><F22/><AGARI ba="1,1" hai="13,19,21,22,23,38,40,47,57,62,66,94,97,103" machi="22" ten="30,7700,0" yaku="1,1,7,1,52,1,53,1" doraHai="55" doraHaiUra="91" who="1" fromWho="2" sc="300,0,174,90,240,-80,276,0" />
</Scene>
<Scene>
<INIT seed="3,0,0,4,0,34" ten="300,264,160,276" oya="3" hai0="70,20,108,102,44,13,31,112,119,130,89,58,86" hai1="57,118,120,117,98,62,9,66,55,47,21,52,6" hai2="30,133,100,41,8,128,54,103,28,126,109,116,38" hai3="122,46,39,134,19,101,37,115,106,72,69,17,67"/><W132/><G72/><T26/><D70/><U7/><E120/><V104/><F116/><N who="1" m="44649" /><E7/><V81/><F109/><W64/><G122/><T76/><D119/><U107/><E21/><V33/><F133/><N who="3" m="51307" /><G115/><T78/><D108/><U135/><E135/><V29/><F128/><W23/><G17/><T18/><D130/><U1/><E47/><V32/><F126/><W14/><G46/><T22/><D112/><U77/><E77/><V4/><F81/><W5/><G5/><T61/><D102/><AGARI ba="0,0" hai="1,6,9,52,55,57,62,66,98,102,107" m="44649" machi="102" ten="30,3900,0" yaku="12,1,52,1,54,1" doraHai="34" who="1" fromWho="0" sc="300,-39,264,39,160,0,276,0" />
</Scene>
<Scene>
<INIT seed="4,0,0,1,5,66" ten="261,303,160,276" oya="0" hai0="10,114,119,45,60,117,108,22,38,75,85,92,5" hai1="88,107,56,12,15,31,58,121,112,133,87,115,28" hai2="35,76,0,109,37,6,33,3,103,100,30,42,19" hai3="89,51,20,94,25,44,7,122,14,111,81,55,86"/><T84/><D75/><U4/><E107/><V130/><F109/><W21/><G111/><T49/><D38/><U26/><E121/><V68/><F130/><W48/><G122/><T2/><D108/><U50/><E133/><V120/><F120/><W82/><G51/><T69/><D114/><N who="1" m="43563" /><E4/><V101/><F76/><W54/><G54/><T8/><D8/><U124/><E124/><V128/><F128/><W79/><G25/><T127/><D127/><U53/><E56/><V27/><F33/><W99/><REACH who="3" step="1"/><G82/><REACH who="3" ten="261,303,160,266" step="2"/><T9/><D119/><U104/><E31/><V106/><F37/><W116/><G116/><T46/><D117/><U61/><E50/><V43/><F43/><W93/><G93/><T17/><D92/><N who="1" m="54303" /><E104/><V95/><F106/><W47/><G47/><T80/><D46/><U123/><E123/><V39/><F39/><W77/><G77/><T40/><D80/><U83/><E83/><V96/><F42/><W23/><G23/><AGARI ba="0,1" hai="12,15,23,26,28,53,58,61" m="54303,43563" machi="23" ten="30,3900,0" yaku="15,1,11,1,54,1" doraHai="66" who="1" fromWho="3" sc="261,0,303,49,160,0,266,-39" />
</Scene>
<Scene>
<INIT seed="5,0,0,4,5,64" ten="261,352,160,227" oya="1" hai0="123,62,95,57,52,14,9,92,68,132,122,23,124" hai1="113,134,99,105,43,97,60,133,2,94,13,24,84" hai2="90,115,103,11,102,63,129,40,53,39,131,19,48" hai3="0,47,29,116,51,18,8,59,75,72,73,76,88"/><U114/><E2/><V79/><F79/><W61/><G116/><T41/><D124/><U6/><E43/><V27/><F63/><W87/><G29/><T135/><D23/><U25/><E6/><V50/><F39/><W130/><G130/><T109/><D41/><U117/><E117/><V126/><F40/><W71/><G76/><T42/><D109/><U89/><E13/><N who="2" m="7615" /><F126/><W107/><G107/><T83/><D83/><U104/><E60/><V35/><F35/><W37/><G37/><T45/><D95/><U125/><E125/><V98/><F27/><W101/><G101/><T4/><D92/><N who="1" m="54311" /><E25/><V33/><F33/><W12/><G0/><T44/><D44/><U26/><E24/><V32/><F32/><W118/><G118/><T111/><D111/><U38/><E26/><V58/><F115/><N who="1" m="44041" /><E38/><V7/><F7/><W127/><G127/><T78/><D42/><U106/><E99/><V55/><F131/><W5/><G5/><T10/><D10/><U82/><E82/><V110/><F110/><W86/><G8/><T49/><D9/><U65/><E65/><V16/><F16/><W85/><G18/><T77/><D4/><U3/><E3/><V56/><F129/><W96/><G12/><T15/><D14/><U93/><E93/><AGARI ba="0,0" hai="48,50,53,55,56,58,90,93,98,102,103" m="7615" machi="93" ten="30,1000,0" yaku="8,1" doraHai="64" who="2" fromWho="1" sc="261,0,352,-10,160,10,227,0" />
</Scene>
<Scene>
<INIT seed="6,0,0,2,2,19" ten="261,342,170,227" oya="2" hai0="37,123,59,42,121,72,118,110,1,51,58,127,3" hai1="84,91,8,106,92,0,100,67,77,130,49,38,90" hai2="73,48,31,64,112,128,62,99,88,87,113,115,103" hai3="82,46,94,50,20,89,43,56,36,80,24,60,10"/><V111/><F73/><W83/><G10/><T86/><D72/><U45/><E38/><V117/><F117/><W17/><G36/><T34/><D34/><U105/><E130/><V125/><F128/><W129/><G129/><T23/><D110/><U18/><E67/><V30/><F111/><W54/><REACH who="3" step="1"/><G80/><REACH who="3" ten="261,342,170,217" step="2"/><T76/><D37/><U108/><E8/><V53/><F125/><W63/><G63/><T74/><D127/><U133/><E108/><V124/><F124/><W57/><G57/><T47/><D58/><U2/><E49/><V41/><F41/><W4/><G4/><T16/><D59/><U7/><E7/><V35/><F62/><W109/><G109/><T65/><D42/><U98/><E0/><V75/><F64/><W134/><G134/><T71/><D1/><U81/><E2/><V114/><F75/><W40/><G40/><T33/><D3/><U15/><E45/><N who="2" m="27791" /><F35/><W26/><G26/><T39/><D33/><U12/><E133/><V21/><F21/><W44/><G44/><T55/><D74/><U70/><E70/><V68/><F68/><W66/><G66/><T5/><D39/><U122/><E122/><V22/><F22/><W28/><G28/><T116/><D71/><U126/><E126/><V78/><F78/><W95/><G95/><T69/><D69/><U61/><E61/><V93/><N who="2" m="29184" /><DORA hai="107" /><V9/><F9/><W25/><G25/><N who="0" m="14567" /><D65/><U132/><E132/><V131/><F131/><W120/><G120/><N who="0" m="46155" /><D118/><U97/><E77/><V102/><F102/><W79/><G79/><T32/><D116/><U27/><E106/><AGARI ba="0,1" hai="30,31,87,88,93,99,103,106" m="29184,27791" machi="106" ten="60,11600,0" yaku="6,1,15,1,54,1" doraHai="19,107" who="2" fromWho="1" sc="261,0,342,-116,170,126,217,0" />
</Scene>
<Scene>
<INIT seed="6,1,0,3,0,9" ten="261,226,296,217" oya="2" hai0="69,60,97,59,35,46,3,121,115,11,87,66,14" hai1="132,44,30,109,7,108,72,22,98,55,34,47,94" hai2="43,65,89,78,24,48,42,31,91,82,29,113,112" hai3="73,81,20,52,45,17,4,92,49,80,13,0,8"/><V125/><F125/><W120/><G120/><T75/><D75/><U134/><E72/><V26/><F65/><W101/><REACH who="3" step="1"/><G73/><REACH who="3" ten="261,226,296,207" step="2"/><T133/><D121/><U2/><E108/><V110/><F110/><W1/><G1/><T99/><D3/><U128/><E109/><V25/><F43/><W51/><G51/><T96/><D133/><U16/><E132/><V70/><F42/><W117/><G117/><T53/><D115/><U19/><E134/><V107/><F48/><W38/><G38/><T103/><D35/><U39/><E34/><V54/><F113/><W62/><G62/><T85/><D103/><U27/><E39/><V28/><F112/><W23/><G23/><T95/><D60/><U64/><E64/><V76/><F31/><W90/><G90/><T68/><D66/><U111/><E111/><V126/><F91/><W12/><G12/><T86/><D14/><U130/><E44/><V63/><F29/><W84/><G84/><T56/><D46/><U41/><E47/><V32/><F32/><W40/><G40/><T18/><D86/><U36/><E41/><V61/><F61/><W57/><G57/><T114/><D85/><U116/><E36/><V33/><F33/><W50/><G50/><N who="0" m="30775" /><D59/><U15/><E116/><V21/><F89/><W131/><G131/><N who="1" m="50218" /><E55/><V100/><F54/><W106/><G106/><T102/><D114/><U58/><E58/><V124/><F107/><W127/><G127/><T104/><D104/><U135/><E2/><V79/><F126/><W6/><G6/><T118/><D118/><U67/><E135/><V122/><F124/><RYUUKYOKU ba="1,1" sc="261,-10,226,-10,296,-10,207,30" hai3="0,4,8,13,17,20,45,49,52,80,81,92,101" />
</Scene>
<Scene>
<INIT seed="7,2,1,4,0,85" ten="251,216,286,237" oya="3" hai0="70,120,57,80,4,41,100,62,134,59,66,19,60" hai1="17,20,118,63,67,127,111,121,135,126,2,47,115" hai2="74,36,26,117,9,51,37,48,18,116,93,40,13" hai3="83,50,107,61,71,3,129,119,56,133,99,113,22"/><W6/><G113/><T104/><D120/><U102/><E111/><V77/><F36/><W81/><G119/><T109/><D109/><U28/><E118/><V29/><F37/><W101/><G71/><T125/><D4/><U90/><E121/><V72/><F72/><W24/><G50/><T84/><D134/><U46/><E2/><V108/><F108/><W79/><G133/><T10/><D41/><U124/><E102/><V96/><F77/><W53/><G129/><T105/><D125/><N who="1" m="32003" /><U27/><DORA hai="65" /><E115/><V95/><F74/><W21/><G79/><T88/><D100/><U122/><E135/><V52/><F95/><W89/><G89/><T98/><D98/><U73/><E73/><V68/><F48/><W91/><G91/><T110/><D110/><U128/><E128/><V78/><F40/><W103/><G103/><T130/><D130/><U97/><E122/><V15/><F78/><W132/><G132/><T16/><D70/><N who="1" m="42367" /><E28/><V86/><F68/><W94/><G107/><T32/><D32/><U39/><E39/><V49/><F29/><W31/><REACH who="3" step="1"/><G22/><REACH who="3" ten="251,216,286,227" step="2"/><T112/><D112/><U1/><E1/><V25/><F117/><W64/><G64/><N who="0" m="38927" /><D105/><U11/><E11/><AGARI ba="2,2" hai="3,6,11,21,24,31,53,56,61,81,83,94,99,101" machi="11" ten="40,3900,0" yaku="1,1,53,1" doraHai="85,65" doraHaiUra="75,7" who="3" fromWho="1" sc="251,0,216,-45,286,0,227,65" />
</Scene>
<Scene>
<INIT seed="7,3,0,5,5,16" ten="251,171,286,292" oya="3" hai0="132,69,33,2,66,82,68,94,64,80,116,98,72" hai1="3,40,113,73,39,11,38,124,78,18,36,87,107" hai2="9,86,122,96,135,30,4,50,119,103,54,59,106" hai3="14,42,23,104,84,49,114,111,131,53,8,22,55"/><W133/><G104/><T100/><D116/><U118/><E118/><V99/><F119/><W44/><G114/><T123/><D123/><U15/><E107/><V85/><F135/><W102/><G133/><T6/><D33/><U97/><E113/><V31/><F99/><W1/><G1/><T62/><D132/><U76/><E73/><V81/><F86/><W52/><G131/><T90/><D72/><U71/><E124/><V29/><F29/><W65/><G111/><T92/><D6/><U88/><E97/><V101/><F101/><W57/><G84/><T41/><D2/><U19/><E40/><V27/><F27/><W28/><G102/><T75/><D41/><U7/><E71/><V89/><F122/><W74/><G28/><T61/><D75/><U10/><REACH who="1" step="1"/><E19/><REACH who="1" ten="251,161,286,292" step="2"/><V47/><F96/><AGARI ba="3,1" hai="61,62,64,66,68,69,80,82,90,92,94,96,98,100" machi="96" ten="30,2000,0" yaku="7,1,9,1" doraHai="16" who="0" fromWho="2" sc="251,39,161,0,286,-29,292,0" />
</Scene>
<Scene>
<INIT seed="8,0,0,2,3,97" ten="290,161,257,292" oya="0" hai0="111,25,40,78,5,6,120,34,115,80,129,35,14" hai1="71,122,90,95,53,44,62,63,3,29,100,103,81" hai2="43,50,126,114,17,104,45,69,65,98,39,18,77" hai3="30,91,133,37,67,57,2,131,61,27,123,28,68"/><T26/><D40/><U70/><E122/><V106/><F114/><W42/><G2/><T64/><D64/><U0/><E29/><V88/><F126/><W54/><G123/><T24/><D120/><U93/><E44/><V121/><F121/><W20/><G133/><T130/><D115/><U8/><E90/><V85/><F39/><W73/><G73/><T116/><D116/><U49/><E53/><V110/><F110/><W105/><G105/><T1/><D1/><U86/><E86/><V107/><F77/><W22/><G131/><N who="0" m="50187" /><D111/><U124/><E8/><V74/><F74/><W59/><G91/><T119/><D119/><U84/><E84/><V75/><F75/><W99/><G99/><T125/><D125/><U46/><E46/><V23/><F23/><W72/><G72/><N who="0" m="43079" /><D14/><U92/><E92/><V52/><F43/><W9/><G42/><T32/><AGARI ba="0,0" hai="5,6,24,25,26,32,34,35" m="43079,50187" machi="32" ten="40,2100,0" yaku="19,1" doraHai="97" who="0" fromWho="0" sc="290,21,161,-7,257,-7,292,-7" owari="311,41.0,154,-35.0,250,-15.0,285,9.0" />
</Scene>
</mjloggm>