<mjloggm ver="2.3"><GO type="169" lobby="0"/><UN n0="%E5%A4%AA%E3%81%8F%E3%81%AA%E3%81%84%E3%81%8A" n1="%E7%A9%BA%E6%B0%B4%E7%8C%AB" n2="%E3%81%B5%E3%81%81%E3%81%84%E3%81%A1%E3%82%83%E3%82%80%E2%98%85" n3="%72%69%6F%75%63%68%61%6E" dan="17,16,16,16" rate="2119.39,2015.53,2109.71,2089.39" sx="M,M,M,M"/><TAIKYOKU oya="0"/>

<Scene>
<INIT seed="0,0,0,1,5,128" ten="250,250,250,250" oya="0" hai0="125,78,48,68,19,46,93,97,70,20,9,21,135" hai1="112,3,44,0,26,49,123,71,91,118,18,16,36" hai2="33,126,119,24,34,120,61,2,66,64,84,4,23" hai3="32,51,121,79,45,58,83,62,43,116,131,57,87"/><T109/><D78/><U17/><E36/><V60/><F120/><W73/><G116/><T31/><D125/><U74/><E74/><V65/><F126/><W86/><G131/><T124/><D124/><U8/><E123/><V96/><F119/><W41/><G121/><T90/><D109/><U101/><E71/><V134/><F134/><W81/><G32/><T25/><D9/><U77/><E118/><V12/><F96/><W39/><G62/><T11/><D11/><U122/><E122/><V56/><F84/><W50/><G73/><T30/><D135/><U82/><E112/><V40/><F40/><W114/><G114/><T54/><REACH who="0" step="1"/><D31/><REACH who="0" ten="240,250,250,250" step="2"/><U106/><E77/><V28/><F2/><W38/><G79/><T102/><D102/><U103/><E3/><V7/><F7/><W89/><G89/><T63/><D63/><U95/><E0/><V117/><F117/><W92/><G92/><T29/><D29/><U113/><E113/><V127/><F127/><W22/><G22/><T13/><AGARI ba="0,1" hai="13,19,20,21,25,30,46,48,54,68,70,90,93,97" machi="13" ten="20,7800,0" yaku="1,1,0,1,7,1,53,1" doraHai="128" doraHaiUra="94" who="0" fromWho="0" sc="240,88,250,-26,250,-26,250,-26" />
</Scene>
<Scene>
<INIT seed="0,1,0,2,5,26" ten="328,224,224,224" oya="0" hai0="126,95,132,27,69,34,24,52,67,13,18,76,23" hai1="123,45,122,16,62,111,36,11,39,53,125,72,106" hai2="78,134,119,63,135,55,107,42,2,116,7,80,104" hai3="89,124,66,57,133,19,12,75,113,56,92,47,41"/><T31/><D126/><U59/><E106/><N who="2" m="40491" /><F42/><W82/><G124/><T100/><D132/><N who="2" m="50730" /><F7/><W97/><G113/><T94/><D100/><U35/><E35/><V6/><F6/><W40/><G133/><T81/><D13/><U70/><E72/><N who="2" m="43079" /><F2/><W46/><G75/><T117/><D117/><N who="2" m="45130" /><F55/><W61/><G82/><T4/><D4/><U102/><E53/><V118/><N who="2" m="45138" /><V101/><DORA hai="48" /><F63/><N who="3" m="38247" /><G41/><T115/><D115/><U90/><E62/><V51/><F51/><W79/><G79/><T91/><D67/><U30/><E59/><V22/><F22/><N who="3" m="11623" /><G40/><T71/><D52/><AGARI ba="1,0" hai="46,47,52,57,61,89,92,97" m="11623,38247" machi="52" ten="30,3900,0" yaku="8,1,52,1,54,1" doraHai="26,48" who="3" fromWho="0" sc="328,-42,224,0,224,0,224,42" />
</Scene>
<Scene>
<INIT seed="1,0,0,4,1,109" ten="286,224,224,266" oya="1" hai0="121,38,48,100,89,5,10,63,35,117,62,110,73" hai1="74,125,115,42,135,46,31,126,52,118,32,1,69" hai2="111,6,55,105,116,90,41,14,0,4,61,17,12" hai3="124,19,113,58,70,84,75,39,13,114,16,88,33"/><U122/><E52/><V123/><F105/><W133/><G70/><T76/><D38/><U83/><E46/><V24/><F41/><W23/><G39/><T102/><D117/><U131/><E42/><V120/><F90/><W9/><G75/><T68/><D35/><U2/><E83/><V44/><F116/><W92/><G33/><T67/><D110/><U51/><E51/><V87/><F87/><W79/><G79/><T18/><D121/><U43/><E43/><V93/><F93/><W49/><G124/><T81/><D18/><U77/><E31/><V129/><F44/><W3/><G133/><T72/><D72/><U108/><E77/><V103/><F111/><W130/><G130/><T112/><D48/><U91/><E91/><V107/><F129/><W94/><G94/><T15/><D89/><U82/><E82/><V85/><F123/><W64/><G64/><T98/><D63/><U65/><E65/><V8/><F120/><W99/><G99/><T50/><D50/><U21/><E21/><V53/><F61/><W37/><G37/><T29/><D29/><U7/><E7/><V54/><F4/><N who="3" m="1183" /><G19/><T97/><REACH who="0" step="1"/><D112/><REACH who="0" ten="276,224,224,266" step="2"/><U11/><E126/><V45/><F17/><W128/><G128/><T26/><D26/><U96/><E11/><V57/><F8/><W78/><G78/><T40/><D40/><U95/><E125/><V27/><F27/><W66/><G66/><T132/><D132/><U59/><E135/><V134/><F24/><W106/><G106/><T25/><D25/><U47/><E131/><V86/><F134/><W71/><G71/><RYUUKYOKU ba="0,1" sc="276,15,224,-15,224,-15,266,15" hai0="5,10,15,62,67,68,73,76,81,97,98,100,102" hai3="13,16,23,49,58,84,88,92,113,114" />
</Scene>
<Scene>
<INIT seed="2,1,1,4,0,59" ten="291,209,209,281" oya="2" hai0="103,20,29,99,58,92,17,80,87,119,107,16,129" hai1="96,75,66,49,120,112,113,104,128,123,50,116,64" hai2="83,82,101,109,39,131,9,84,15,95,55,22,114" hai3="10,71,115,37,1,25,19,102,73,90,124,68,77"/><V33/><F33/><W4/><G102/><T69/><D69/><U54/><E75/><V108/><F39/><W62/><G124/><T61/><D129/><U125/><E96/><N who="2" m="59551" /><F114/><N who="1" m="44137" /><E104/><V43/><F43/><W44/><G115/><T78/><D119/><U67/><E116/><V98/><F98/><W130/><G130/><T86/><D107/><U118/><E118/><V13/><F131/><W32/><G90/><T42/><D42/><U11/><E11/><V7/><F55/><W132/><G132/><T3/><D3/><U57/><E128/><V56/><F56/><W133/><G133/><T14/><D29/><U47/><E125/><V93/><F93/><W38/><G19/><N who="0" m="10359" /><D87/><U53/><AGARI ba="1,1" hai="47,49,50,53,54,57,64,66,67,120,123" m="44137" machi="53" ten="40,2700,0" yaku="34,2" doraHai="59" who="1" fromWho="1" sc="291,-8,209,40,209,-14,281,-8" />
</Scene>
<Scene>
<INIT seed="3,0,0,3,5,72" ten="283,249,195,273" oya="3" hai0="110,19,26,34,13,16,15,68,5,66,35,1,88" hai1="61,29,109,82,135,94,31,105,126,56,80,36,32" hai2="116,20,122,55,124,115,42,121,9,128,75,134,50" hai3="76,123,3,63,46,70,17,22,73,7,100,117,44"/><W28/><G123/><N who="2" m="47113" /><F75/><W120/><G120/><T62/><D110/><U27/><E105/><V95/><F116/><W47/><G117/><T45/><D1/><U23/><E36/><V52/><F115/><W83/><G100/><T24/><D5/><U43/><E109/><V71/><F71/><W39/><G28/><T127/><D127/><U112/><E112/><V30/><F124/><W57/><G70/><T125/><D125/><U77/><E126/><V38/><F38/><W18/><G39/><T107/><D107/><U14/><E135/><V69/><F69/><W65/><REACH who="3" step="1"/><G22/><REACH who="3" ten="283,249,195,263" step="2"/><T130/><D130/><U106/><E31/><V54/><F128/><W133/><G133/><T108/><D108/><U87/><E29/><V2/><F134/><W118/><G118/><T131/><D131/><U113/><E23/><V8/><F20/><W85/><G85/><T93/><D34/><U33/><E87/><V92/><F30/><W25/><G25/><T129/><D129/><U98/><E27/><V97/><F97/><W49/><G49/><T79/><D35/><U99/><E33/><V21/><F21/><W86/><G86/><T67/><D24/><U53/><E32/><V37/><F37/><W90/><G90/><T119/><D119/><U104/><E99/><V111/><F111/><W103/><G103/><T114/><D26/><U58/><E98/><V59/><F50/><W91/><G91/><T10/><D68/><U96/><E96/><V51/><F51/><W11/><AGARI ba="0,1" hai="3,7,11,17,18,44,46,47,57,63,65,73,76,83" machi="11" ten="30,11700,0" yaku="1,1,0,1,52,1,53,1" doraHai="72" doraHaiUra="60" who="3" fromWho="3" sc="283,-39,249,-39,195,-39,263,127" />
</Scene>
<Scene>
<INIT seed="3,1,0,1,0,51" ten="244,210,156,390" oya="3" hai0="101,26,15,9,82,4,75,99,113,42,87,131,40" hai1="105,134,125,34,31,85,120,108,39,128,60,30,132" hai2="111,47,13,50,118,33,58,81,123,61,67,124,119" hai3="92,41,14,116,28,89,17,32,79,45,90,44,36"/><W52/><G116/><T8/><D75/><U91/><E91/><V69/><F33/><W70/><G70/><T38/><D131/><U100/><E85/><V54/><F81/><W11/><G79/><T55/><D113/><U49/><E49/><N who="2" m="31055" /><F13/><W1/><G1/><T25/><D9/><U37/><E30/><V98/><F98/><W29/><G32/><T0/><D0/><U2/><E60/><V16/><F16/><W21/><G11/><T12/><D12/><U117/><E39/><V46/><F111/><W59/><G45/><N who="2" m="16905" /><F124/><W94/><G92/><N who="0" m="58599" /><D38/><U74/><E31/><V7/><F7/><W77/><G77/><N who="0" m="46543" /><D26/><U96/><E96/><V127/><F127/><W56/><G56/><T71/><D25/><U80/><E100/><V6/><F6/><W18/><G18/><T115/><D71/><U10/><E80/><V19/><F19/><W88/><REACH who="3" step="1"/><G94/><REACH who="3" ten="244,210,156,380" step="2"/><T104/><D8/><U122/><E10/><V76/><F76/><W78/><G78/><T84/><D4/><U103/><E103/><V106/><F106/><W53/><G53/><T66/><D55/><U35/><E35/><V114/><F114/><W3/><G3/><T97/><D115/><U20/><E20/><V63/><F119/><W133/><G133/><T121/><D104/><U73/><E134/><V129/><F118/><W27/><G27/><T68/><D68/><U109/><E109/><V57/><F69/><W112/><G112/><T23/><D23/><U65/><E132/><V43/><F57/><W48/><AGARI ba="1,1" hai="14,17,21,28,29,36,41,44,48,52,59,88,89,90" machi="48" ten="30,12000,1" yaku="1,1,0,1,52,1,54,2,53,0" doraHai="51" doraHaiUra="102" who="3" fromWho="3" sc="244,-41,210,-41,156,-41,380,133" />
</Scene>
<Scene>
<INIT seed="3,2,0,5,1,12" ten="203,169,115,513" oya="3" hai0="4,114,57,55,109,70,60,123,5,48,119,98,74" hai1="108,72,50,15,36,110,130,105,62,43,127,44,14" hai2="54,7,88,47,37,126,34,10,76,29,132,33,120" hai3="67,30,82,131,101,81,91,84,35,135,58,64,118"/><W90/><G118/><T77/><D119/><U28/><E105/><V100/><F126/><W87/><G131/><T66/><D123/><U45/><E72/><V2/><F120/><W89/><G135/><T16/><D109/><N who="1" m="42091" /><E127/><V129/><F129/><W134/><G134/><T39/><D114/><U73/><E73/><V133/><F100/><W53/><G101/><T97/><D39/><U6/><E6/><V111/><F111/><W80/><G35/><T69/><D69/><U13/><E130/><V99/><F76/><W86/><G30/><T1/><D1/><U85/><E28/><V106/><F54/><W71/><G71/><T107/><D107/><U42/><E85/><V21/><F34/><W83/><N who="3" m="20992" /><DORA hai="117" /><W40/><G40/><T68/><D68/><U18/><E62/><AGARI ba="2,0" hai="53,58,62,64,67,84,86,87,89,90,91" m="20992" machi="62" ten="60,11600,0" yaku="29,2,8,1" doraHai="12,117" who="3" fromWho="1" sc="203,0,169,-122,115,0,513,122" />
</Scene>
<Scene>
<INIT seed="3,3,0,3,0,48" ten="203,47,115,635" oya="3" hai0="90,2,126,12,16,58,101,81,127,88,79,84,57" hai1="85,76,18,17,131,112,45,10,93,107,109,133,33" hai2="62,121,80,83,29,14,13,94,25,54,3,51,95" hai3="135,130,75,34,20,31,6,5,110,82,9,21,96"/><W40/><G130/><T129/><D2/><U87/><E107/><V22/><F62/><W60/><G135/><T128/><D101/><U117/><E33/><V122/><F3/><W27/><G110/><T105/><D105/><U36/><E112/><V1/><F1/><W37/><G60/><T119/><D119/><U69/><E69/><V86/><F80/><W47/><G96/><T32/><D32/><U124/><E109/><V91/><F121/><W15/><REACH who="3" step="1"/><G5/><REACH who="3" ten="203,47,115,625" step="2"/><T26/><D128/><U65/><E131/><V99/><F122/><W52/><G52/><T132/><D132/><U30/><E133/><V46/><REACH who="2" step="1"/><F95/><REACH who="2" ten="203,47,105,625" step="2"/><W63/><G63/><T7/><D129/><U73/><E93/><V77/><AGARI ba="3,2" hai="13,14,22,25,29,46,51,54,77,83,86,91,94,99" machi="77" ten="20,12000,2" yaku="1,1,2,1,0,1,7,1,8,1,52,1,53,0" doraHai="48" doraHaiUra="98" who="2" fromWho="2" sc="203,-33,47,-33,105,149,625,-63" />
</Scene>
<Scene>
<INIT seed="4,0,0,2,0,15" ten="170,14,254,562" oya="0" hai0="3,58,25,112,5,88,119,47,42,69,107,39,120" hai1="16,48,101,10,70,105,84,30,104,95,40,41,23" hai2="12,27,108,33,49,26,93,109,121,113,35,97,1" hai3="71,52,21,55,83,53,129,100,22,76,86,122,94"/><T34/><D69/><U96/><E70/><V29/><F1/><W38/><G71/><T64/><D107/><U46/><E41/><V45/><F113/><W102/><G38/><T115/><D119/><U134/><E134/><V4/><F4/><W124/><G124/><T135/><D120/><U17/><E30/><V114/><F114/><N who="0" m="43562" /><D135/><U79/><E10/><V18/><F121/><W68/><G68/><T9/><D88/><U50/><E50/><V89/><F27/><W61/><G129/><T111/><D111/><U51/><E51/><V43/><F35/><W66/><G122/><T125/><D125/><U127/><E127/><V28/><F28/><W2/><G2/><T110/><D110/><U67/><E67/><V118/><F118/><W117/><G117/><T128/><D128/><U8/><E8/><AGARI ba="0,0" hai="8,12,18,26,29,33,43,45,49,89,93,97,108,109" machi="8" ten="30,2000,0" yaku="7,1,52,1" doraHai="15" who="2" fromWho="1" sc="170,0,14,-20,254,20,562,0" owari="170,-23.0,-6,-51.0,274,7.0,562,67.0" />
</Scene>
</mjloggm>