<mjloggm ver="2.3"><GO type="169" lobby="0"/><UN n0="%E3%83%96%E3%83%AB%E3%83%96%E3%83%AB%E3%83%8F%E3%83%BC%E3%83%84" n1="%E5%A4%AA%E3%81%8F%E3%81%AA%E3%81%84%E3%81%8A" n2="%E3%81%BF%E3%81%A3%E3%81%A4%E3%81%9A%E3%81%A4" n3="%79%6F%73%68%69%67%69" dan="18,18,16,16" rate="2252.67,2226.91,2108.20,2052.50" sx="M,M,M,M"/><TAIKYOKU oya="0"/>

<Scene>
<INIT seed="0,0,0,1,1,58" ten="250,250,250,250" oya="0" hai0="23,102,47,83,135,117,45,32,123,76,112,50,1" hai1="11,65,86,44,61,77,36,29,60,15,2,105,116" hai2="134,114,91,101,20,46,8,85,127,19,12,53,124" hai3="98,70,28,27,118,96,56,30,89,80,41,3,64"/><T7/><D123/><U84/><E116/><V38/><F114/><W6/><G118/><T109/><D32/><U51/><E105/><V93/><F134/><W48/><G70/><T71/><D112/><U88/><E2/><V125/><F101/><W94/><G3/><T90/><D117/><U82/><E29/><V72/><F72/><W115/><G115/><T92/><D102/><U40/><E36/><V5/><F38/><W107/><G6/><T108/><D71/><U34/><E34/><V54/><REACH who="2" step="1"/><F46/><REACH who="2" ten="250,250,240,250" step="2"/><N who="3" m="25679" /><G107/><T78/><D45/><U18/><REACH who="1" step="1"/><E65/><REACH who="1" ten="250,240,240,250" step="2"/><V103/><F103/><W26/><G64/><T122/><D135/><U133/><E133/><V67/><F67/><W95/><G30/><T59/><D122/><U49/><E49/><V52/><F52/><W55/><G28/><T128/><D50/><U97/><E97/><V113/><F113/><W129/><G98/><T10/><D108/><U120/><E120/><V37/><F37/><W22/><G96/><T57/><D109/><U132/><E132/><V4/><F4/><W121/><G55/><T100/><D7/><U104/><E104/><V14/><AGARI ba="0,2" hai="5,8,12,14,19,20,53,54,85,91,93,124,125,127" machi="14" ten="30,4000,0" yaku="1,1,0,1,18,1,53,0" doraHai="58" doraHaiUra="131" who="2" fromWho="2" sc="250,-20,240,-10,240,60,250,-10" />
</Scene>
<Scene>
<INIT seed="1,0,0,0,0,131" ten="230,230,300,240" oya="1" hai0="14,118,54,48,86,85,120,134,23,9,105,52,53" hai1="30,64,101,112,2,111,102,0,90,10,21,116,124" hai2="80,28,74,6,11,7,119,45,100,98,113,130,29" hai3="67,108,96,58,33,81,106,128,104,92,17,129,46"/><U103/><E112/><V133/><F119/><W76/><G33/><T121/><D118/><U55/><E116/><V89/><F130/><N who="3" m="50283" /><G46/><T60/><D105/><U24/><E64/><V68/><F68/><W5/><G5/><T40/><D23/><U70/><E70/><V43/><F6/><W57/><G17/><N who="0" m="8399" /><D60/><U135/><E124/><V82/><F82/><W93/><G67/><T88/><D85/><U15/><E111/><V110/><F110/><W97/><G108/><T61/><D40/><U63/><E90/><V19/><F19/><W78/><G58/><N who="0" m="33031" /><D61/><U37/><E37/><V94/><F113/><W18/><G57/><T4/><D4/><U132/><E63/><V107/><F43/><W51/><G51/><T56/><D134/><N who="1" m="51243" /><E55/><V32/><F133/><W26/><G26/><T125/><D125/><U66/><E66/><V42/><F42/><W72/><G18/><AGARI ba="0,0" hai="0,2,10,15,18,21,24,30,101,102,103" m="51243" machi="18" ten="30,11600,0" yaku="20,1,52,3" doraHai="131" who="1" fromWho="3" sc="230,0,230,116,300,0,240,-116" />
</Scene>
<Scene>
<INIT seed="1,1,0,4,4,18" ten="230,346,300,124" oya="1" hai0="49,89,15,81,59,73,33,5,9,6,80,2,132" hai1="78,72,41,111,48,126,107,27,11,112,106,113,54" hai2="127,124,97,114,104,38,91,125,58,84,85,30,133" hai3="37,101,118,61,70,87,128,83,22,28,105,46,57"/><U79/><E41/><V93/><F38/><W3/><G70/><T115/><D115/><U14/><E107/><V25/><F114/><W34/><G34/><T47/><D33/><U36/><E106/><V64/><F133/><W51/><G3/><T13/><D132/><U108/><E36/><V82/><F104/><W123/><G37/><T86/><D59/><N who="1" m="33223" /><E126/><V130/><F130/><W92/><G123/><T10/><D2/><U7/><E72/><V94/><F64/><W90/><G105/><T26/><D26/><U42/><E42/><V56/><F85/><W67/><G128/><T23/><D73/><U99/><E99/><V65/><F65/><W71/><G118/><T135/><D135/><U100/><E100/><V62/><F62/><W121/><G121/><T0/><D0/><U20/><E79/><V131/><F131/><W52/><G71/><T74/><D74/><U1/><E78/><N who="2" m="46167" /><F93/><W43/><G101/><T116/><D80/><U19/><E1/><V45/><F45/><W109/><G109/><AGARI ba="1,0" hai="7,11,14,19,20,27,108,109,111,112,113" m="33223" machi="109" ten="30,5800,0" yaku="14,1,10,1,52,1" doraHai="18" who="1" fromWho="3" sc="230,0,346,61,300,0,124,-61" />
</Scene>
<Scene>
<INIT seed="1,2,0,4,0,38" ten="230,407,300,63" oya="1" hai0="124,20,120,1,45,114,71,129,67,23,109,12,81" hai1="57,93,22,115,82,99,18,86,21,25,105,68,125" hai2="88,107,110,89,116,44,41,73,132,131,58,74,54" hai3="77,87,27,128,80,119,29,102,55,9,97,98,30"/><U8/><E68/><V14/><F116/><W63/><G119/><T43/><D1/><U96/><E115/><V75/><F107/><W51/><G128/><T91/><D114/><U118/><E118/><V15/><F131/><W117/><G117/><T49/><D129/><U60/><E125/><V130/><F130/><W101/><G63/><T47/><D109/><U121/><E121/><V50/><F110/><W16/><G97/><T100/><D100/><U35/><E35/><V4/><F132/><W123/><G123/><T7/><D124/><U42/><E105/><V46/><F46/><W36/><G36/><T113/><D67/><U59/><E8/><V5/><F15/><W3/><G3/><T24/><D71/><U106/><E106/><V10/><REACH who="2" step="1"/><F4/><REACH who="2" ten="230,407,290,63" step="2"/><W2/><G2/><T108/><D108/><U78/><E25/><V90/><F90/><W85/><G85/><N who="0" m="50607" /><D24/><U33/><E86/><V62/><AGARI ba="2,1" hai="5,10,14,41,44,50,54,58,62,73,74,75,88,89" machi="62" ten="30,7900,0" yaku="1,1,0,1,52,1,54,1,53,0" doraHai="38" doraHaiUra="111" who="2" fromWho="2" sc="230,-22,407,-41,290,95,63,-22" />
</Scene>
<Scene>
<INIT seed="2,0,0,3,2,79" ten="208,366,385,41" oya="2" hai0="51,39,3,135,116,87,23,55,45,133,94,30,31" hai1="54,90,41,107,47,56,26,121,69,118,96,63,120" hai2="21,20,52,64,125,106,37,76,95,33,8,113,2" hai3="6,11,93,42,13,25,109,65,28,130,19,1,66"/><V115/><F106/><W84/><G42/><T57/><D3/><U43/><E107/><V10/><F37/><W5/><G5/><T81/><D116/><U129/><E118/><V97/><F33/><W128/><G109/><T82/><D39/><U102/><E102/><V114/><F64/><W127/><G127/><T111/><D111/><U61/><E26/><V18/><F125/><W104/><G104/><T38/><D38/><U34/><E34/><V134/><F134/><N who="0" m="51210" /><D45/><U4/><E4/><V17/><F76/><W103/><G103/><T108/><D108/><U14/><E14/><V101/><F2/><W15/><G15/><T78/><D94/><N who="1" m="56407" /><E47/><V59/><F20/><W22/><G93/><T85/><D23/><U80/><E129/><N who="3" m="49770" /><G84/><T105/><D105/><U77/><E43/><V40/><F40/><W91/><G91/><AGARI ba="0,0" hai="30,31,51,55,57,78,81,82,85,87,91" m="51210" machi="91" ten="30,3900,0" yaku="20,1,52,2" doraHai="79" who="0" fromWho="3" sc="208,39,366,0,385,0,41,-39" />
</Scene>
<Scene>
<INIT seed="3,0,0,2,4,51" ten="247,366,385,2" oya="3" hai0="106,96,45,52,60,115,131,26,6,46,23,73,64" hai1="38,94,39,134,16,122,92,100,120,54,123,103,93" hai2="98,72,86,130,48,41,101,10,56,35,69,112,83" hai3="53,81,111,77,34,78,25,118,57,107,117,58,125"/><W108/><G107/><T27/><D73/><U91/><E134/><V47/><F69/><W21/><G34/><T121/><D121/><U76/><E76/><N who="3" m="29290" /><G81/><T97/><D131/><U9/><E91/><V2/><F72/><W7/><G7/><T61/><D115/><U129/><E129/><V105/><F35/><W89/><G89/><T62/><D106/><U68/><E68/><V5/><F130/><W102/><G102/><N who="1" m="38954" /><E54/><V124/><F112/><W11/><G11/><T71/><D71/><U87/><E9/><V44/><F124/><W55/><G125/><T24/><D64/><U119/><E87/><V90/><F41/><W127/><G127/><T8/><D23/><U37/><E16/><V104/><F105/><W126/><G126/><T75/><D75/><U32/><E32/><V128/><F128/><W70/><G70/><T132/><D132/><U82/><E82/><V79/><F79/><W74/><G74/><T49/><D45/><U85/><E85/><V133/><F133/><W99/><G99/><T30/><D30/><U114/><E114/><V42/><F42/><W63/><G25/><T1/><REACH who="0" step="1"/><D1/><REACH who="0" ten="237,366,385,2" step="2"/><U13/><E13/><V20/><F20/><W65/><G21/><T3/><AGARI ba="0,1" hai="3,6,8,24,26,27,46,49,52,60,61,62,96,97" machi="3" ten="30,12000,2" yaku="1,1,2,1,0,1,52,1,54,1,53,2" doraHai="51" doraHaiUra="95" who="0" fromWho="0" sc="237,130,366,-30,385,-30,2,-60" owari="367,46.0,336,-6.0,355,16.0,-58,-56.0" />
</Scene>
</mjloggm>