<mjloggm ver="2.3"><GO type="169" lobby="0"/><UN n0="%E5%A4%A7%E9%B3%A5%E7%8D%85%E5%AD%90%E5%90%BC" n1="%53%48%49%53%55%4B%45" n2="%73%73%74%61%72%6F" n3="%E5%A4%AA%E3%81%8F%E3%81%AA%E3%81%84%E3%81%8A" dan="16,17,17,18" rate="2123.08,2095.42,2107.84,2227.82" sx="M,M,M,M"/><TAIKYOKU oya="0"/>

<Scene>
<INIT seed="0,0,0,5,3,51" ten="250,250,250,250" oya="0" hai0="58,18,30,112,5,17,102,70,42,61,38,125,79" hai1="55,98,52,14,80,82,8,81,47,135,110,19,73" hai2="66,57,116,32,31,86,130,10,29,64,89,27,11" hai3="133,35,84,75,106,111,59,126,77,65,94,33,103"/><T95/><D112/><U124/><E73/><V115/><F115/><W12/><G111/><T43/><D70/><U85/><E110/><V53/><F130/><W100/><G126/><T7/><D125/><U15/><E124/><V24/><F116/><W26/><G133/><T128/><D79/><U97/><E135/><V4/><F66/><W3/><G3/><T6/><D30/><U13/><E47/><V48/><F64/><W108/><G108/><T25/><D128/><U99/><E85/><V123/><F123/><W122/><G122/><T134/><D134/><U69/><E69/><V90/><F86/><W117/><G117/><T93/><D38/><U63/><E63/><V56/><F56/><W45/><G45/><T0/><D0/><U92/><E92/><N who="0" m="35401" /><D102/><U118/><E118/><V62/><F62/><W68/><G100/><T40/><D25/><U131/><E131/><V34/><F11/><W41/><G75/><T44/><D44/><U119/><E119/><V105/><F105/><W104/><G104/><T109/><D109/><U101/><E101/><V83/><F83/><W88/><G103/><T96/><D96/><U120/><E120/><V22/><F34/><W129/><G33/><T23/><D23/><N who="1" m="11759" /><E15/><AGARI ba="0,0" hai="4,10,15,22,24,27,29,31,32,48,53,57,89,90" machi="15" ten="30,2000,0" yaku="7,1,52,1" doraHai="51" who="2" fromWho="1" sc="250,0,250,-20,250,20,250,0" />
</Scene>
<Scene>
<INIT seed="1,0,0,1,2,93" ten="250,230,270,250" oya="1" hai0="76,69,8,106,19,130,3,95,68,41,99,125,4" hai1="82,90,29,73,54,12,103,0,22,116,105,122,39" hai2="114,43,17,112,30,131,31,15,127,124,59,55,65" hai3="126,50,51,34,78,49,94,102,42,18,83,2,67"/><U132/><E0/><V117/><F117/><W66/><G34/><T36/><D106/><U135/><E39/><V27/><F43/><W87/><G2/><T80/><D125/><N who="2" m="48202" /><F65/><N who="3" m="24587" /><G126/><T16/><D130/><U98/><E116/><V32/><F131/><W44/><G18/><T64/><D68/><U107/><E107/><V20/><F31/><W46/><G42/><T118/><D118/><U79/><E122/><V97/><F97/><AGARI ba="0,0" hai="44,46,49,50,51,78,83,87,94,97,102" m="24587" machi="97" ten="30,2000,0" yaku="8,1,52,1" doraHai="93" who="3" fromWho="2" sc="250,0,230,0,270,-20,250,20" />
</Scene>
<Scene>
<INIT seed="2,0,0,3,4,102" ten="250,230,250,270" oya="2" hai0="97,125,107,98,135,88,113,42,18,47,27,105,95" hai1="17,46,114,65,103,129,45,131,61,50,60,93,78" hai2="115,86,100,12,75,123,82,112,58,81,40,0,133" hai3="128,77,1,36,22,76,16,25,83,110,6,38,23"/><V119/><F123/><W57/><G110/><T10/><D113/><U7/><E114/><V34/><F0/><W51/><G128/><T85/><D135/><U37/><E7/><V68/><F68/><W121/><G121/><T66/><D66/><U117/><E117/><V63/><F34/><W134/><G134/><T56/><D56/><U44/><E37/><V24/><F133/><W118/><G118/><T104/><D125/><U69/><E78/><V72/><F119/><W53/><G76/><T49/><REACH who="0" step="1"/><D27/><REACH who="0" ten="240,230,250,270" step="2"/><U43/><E131/><V33/><F24/><W92/><G57/><T13/><AGARI ba="0,1" hai="10,13,18,42,47,49,85,88,95,97,98,104,105,107" machi="13" ten="40,12000,2" yaku="1,1,2,1,0,1,52,3,54,1,53,0" doraHai="102" doraHaiUra="54" who="0" fromWho="0" sc="240,130,230,-30,250,-60,270,-30" />
</Scene>
<Scene>
<INIT seed="3,0,0,5,5,55" ten="370,200,190,240" oya="3" hai0="96,5,36,131,19,64,119,16,30,31,3,71,113" hai1="116,62,70,22,114,15,10,89,80,4,58,66,17" hai2="68,95,135,102,28,39,69,59,33,130,92,72,99" hai3="112,54,61,63,103,109,128,87,29,83,1,43,9"/><W35/><G112/><T60/><D119/><U44/><E114/><V42/><F72/><W65/><G43/><T124/><D36/><U134/><E116/><V6/><F135/><W110/><G128/><T97/><D131/><U88/><E134/><V90/><F130/><W84/><G103/><T78/><D78/><U56/><E44/><V117/><F117/><W108/><G54/><T41/><D41/><U123/><E123/><V0/><F42/><W100/><G100/><T126/><D113/><U37/><E37/><V25/><F39/><W91/><G84/><T105/><D30/><U21/><E21/><V32/><F32/><W75/><G75/><T93/><D31/><U94/><E80/><V98/><F6/><N who="3" m="1231" /><G65/><T121/><D105/><U57/><REACH who="1" step="1"/><E94/><REACH who="1" ten="370,190,190,240" step="2"/><V104/><F0/><AGARI ba="0,1" hai="0,4,10,15,17,22,56,57,58,62,66,70,88,89" machi="0" ten="40,12000,2" yaku="1,1,2,1,52,3,54,1,53,0" doraHai="55" doraHaiUra="101" who="1" fromWho="2" sc="370,0,190,130,190,-120,240,0" />
</Scene>
<Scene>
<INIT seed="4,0,0,3,5,35" ten="370,320,70,240" oya="0" hai0="75,115,128,90,120,86,9,52,118,126,122,114,49" hai1="63,24,134,85,80,10,17,105,112,65,124,72,38" hai2="30,28,25,32,55,58,31,78,6,82,127,61,110" hai3="130,66,73,37,45,111,68,18,116,7,121,119,1"/><T43/><D75/><U81/><E38/><V108/><F127/><W26/><G18/><T59/><D118/><U40/><E105/><V133/><F133/><W29/><G111/><T74/><D74/><U131/><E40/><V60/><F110/><W113/><G73/><T94/><D128/><U76/><E134/><V98/><F108/><W100/><G100/><T62/><D126/><U106/><E106/><V44/><F6/><W67/><G67/><T125/><D125/><U107/><E107/><V132/><F132/><W2/><G130/><T12/><D43/><U14/><E124/><V54/><F98/><W88/><G88/><T3/><D3/><N who="3" m="1033" /><G7/><N who="0" m="3135" /><D62/><U51/><E51/><V34/><F34/><N who="3" m="20791" /><G121/><T93/><D93/><U87/><E131/><V99/><F99/><W39/><G113/><AGARI ba="0,0" hai="49,52,59,86,90,94,113,114,115,120,122" m="3135" machi="113" ten="30,2900,0" yaku="15,1,54,1" doraHai="35" who="0" fromWho="3" sc="370,29,320,0,70,0,240,-29" />
</Scene>
<Scene>
<INIT seed="4,1,0,5,1,1" ten="399,320,70,211" oya="0" hai0="31,81,63,29,6,121,87,5,22,74,44,126,58" hai1="0,45,51,99,111,118,40,36,134,67,85,55,107" hai2="103,57,131,21,18,24,10,82,52,25,42,61,102" hai3="20,78,104,88,127,33,77,135,8,17,56,84,48"/><T3/><D74/><U72/><E72/><V129/><F129/><W16/><G33/><T122/><D126/><U11/><E67/><V15/><F131/><W105/><G105/><T117/><D117/><U49/><E118/><V64/><F42/><W28/><G104/><T93/><D3/><U133/><E111/><V95/><F82/><N who="3" m="49175" /><G127/><T32/><D32/><U26/><E85/><V83/><F83/><W92/><G135/><T109/><D109/><U106/><E0/><V112/><F112/><W53/><G92/><T98/><D44/><U79/><E79/><N who="3" m="30218" /><G8/><T35/><D35/><U2/><E2/><V97/><F103/><W108/><G108/><T39/><D39/><U80/><E11/><V34/><F34/><W70/><G70/><T43/><D43/><U30/><E36/><V68/><REACH who="2" step="1"/><F10/><REACH who="2" ten="399,320,60,211" step="2"/><W69/><G69/><T54/><D121/><U46/><E133/><V130/><F130/><W128/><G128/><T86/><D81/><U91/><E80/><V125/><F125/><W114/><G114/><T116/><D116/><U124/><E134/><V120/><F120/><W132/><G132/><T41/><D41/><U96/><E124/><V19/><F19/><W75/><G75/><T94/><D94/><U59/><E107/><V113/><F113/><W110/><G110/><T9/><D9/><U90/><E106/><V115/><F115/><W101/><G101/><N who="0" m="60623" /><D122/><U27/><E40/><V14/><F14/><W60/><G17/><T7/><D22/><U66/><E91/><V89/><F89/><W50/><G16/><T123/><D123/><U12/><E90/><RYUUKYOKU ba="1,1" sc="399,10,320,-30,60,10,211,10" hai0="5,6,7,29,31,54,58,63,86,87" hai2="15,18,21,24,25,52,57,61,64,68,95,97,102" hai3="20,28,48,50,53,56,60" />
</Scene>
<Scene>
<INIT seed="4,2,1,4,5,120" ten="409,290,70,221" oya="0" hai0="69,10,95,37,42,7,40,94,110,18,17,24,29" hai1="114,55,5,100,27,63,34,1,35,132,125,72,131" hai2="57,116,84,71,99,36,22,11,104,118,108,53,75" hai3="101,89,58,20,81,106,6,88,70,45,12,119,86"/><T41/><D37/><U19/><E72/><V60/><F75/><W21/><G70/><T109/><D69/><U47/><E125/><V117/><F36/><W93/><G119/><T68/><D68/><U0/><E35/><V135/><F135/><W76/><G106/><T25/><D94/><U105/><E132/><V78/><F11/><N who="3" m="4215" /><G45/><T123/><D95/><U126/><E126/><V77/><F71/><W97/><G58/><T31/><D123/><U44/><E105/><V13/><F84/><N who="3" m="48167" /><G101/><T43/><D43/><U130/><E100/><V16/><REACH who="2" step="1"/><F108/><REACH who="2" ten="409,290,60,221" step="2"/><N who="0" m="41578" /><D10/><U30/><E130/><V46/><F46/><W127/><G127/><T113/><D113/><U107/><E47/><V98/><F98/><W15/><G86/><T74/><D74/><U49/><E44/><V91/><F91/><W124/><G89/><T90/><D90/><U83/><E131/><V8/><F8/><W134/><G134/><T3/><D3/><U51/><E1/><V85/><F85/><W64/><G124/><T14/><D7/><U56/><E0/><V38/><F38/><W111/><G111/><T52/><D40/><U23/><E114/><V2/><F2/><W92/><G97/><T61/><D42/><U115/><E5/><V102/><AGARI ba="2,2" hai="13,16,22,53,57,60,77,78,99,102,104,116,117,118" machi="102" ten="40,8000,1" yaku="1,1,0,1,12,1,54,1,53,0" doraHai="120" doraHaiUra="129" who="2" fromWho="2" sc="409,-42,290,-22,60,106,221,-22" />
</Scene>
<Scene>
<INIT seed="5,0,0,0,2,15" ten="367,268,166,199" oya="1" hai0="16,90,122,111,65,115,2,119,86,117,76,94,55" hai1="37,17,23,114,124,71,36,72,45,25,20,29,6" hai2="129,5,96,4,106,78,100,7,57,101,133,66,41" hai3="92,87,110,28,70,83,116,88,60,77,61,64,46"/><U84/><E72/><V81/><F133/><W104/><G110/><T91/><D2/><U50/><E71/><V103/><F129/><W128/><G128/><T14/><D111/><U99/><E6/><V10/><F41/><W27/><G116/><T47/><D115/><U3/><E3/><V53/><F66/><W105/><G46/><T79/><D65/><U0/><E0/><V123/><F123/><W8/><G61/><T1/><D1/><U125/><E114/><V34/><F34/><W108/><G8/><N who="0" m="6215" /><D122/><U12/><E99/><V63/><REACH who="2" step="1"/><F10/><REACH who="2" ten="367,268,156,199" step="2"/><W107/><G108/><T38/><D117/><U134/><E134/><V40/><F40/><W56/><G70/><T89/><D38/><U95/><E37/><V98/><F98/><W131/><G131/><T32/><D32/><U73/><E36/><V69/><F69/><W118/><G118/><T19/><D119/><U67/><E67/><V33/><F33/><W102/><G102/><T24/><D55/><U113/><E113/><V9/><F9/><W11/><G11/><T54/><D54/><U112/><E112/><V74/><AGARI ba="0,1" hai="4,5,7,53,57,63,74,78,81,96,100,101,103,106" machi="74" ten="30,4000,0" yaku="1,1,0,1,53,1" doraHai="15" doraHaiUra="59" who="2" fromWho="2" sc="367,-10,268,-20,156,50,199,-10" />
</Scene>
<Scene>
<INIT seed="6,0,0,1,0,44" ten="357,248,206,189" oya="2" hai0="73,103,47,2,3,128,114,74,97,92,52,32,122" hai1="116,134,9,48,16,100,35,12,83,18,107,30,61" hai2="90,99,50,43,75,60,1,121,19,124,39,66,120" hai3="111,89,91,87,27,96,36,4,24,51,63,86,38"/><V23/><F1/><W10/><G111/><T110/><D32/><U127/><E116/><V68/><F39/><W5/><G96/><T93/><D110/><U7/><E127/><V76/><F124/><W26/><G63/><T40/><D122/><U22/><E134/><V42/><F42/><W45/><G36/><T88/><D114/><U56/><E107/><V21/><F21/><W72/><G72/><T6/><D128/><U106/><E106/><V58/><F76/><W126/><G38/><T112/><D40/><U131/><E131/><V28/><F28/><W82/><G126/><T78/><D112/><U98/><E83/><V57/><F75/><W17/><G17/><T129/><D74/><U115/><E115/><V62/><F68/><W119/><G119/><T55/><D6/><U33/><E33/><V70/><F70/><W102/><G102/><T14/><D14/><U95/><E48/><V113/><F113/><W69/><G69/><T54/><D47/><U132/><E35/><V8/><F8/><W41/><REACH who="3" step="1"/><G10/><REACH who="3" ten="357,248,206,179" step="2"/><T71/><D71/><U64/><E132/><V0/><F121/><W15/><G15/><T105/><D3/><U65/><E64/><V53/><F120/><W133/><G133/><T84/><D2/><U11/><E9/><V117/><F117/><W135/><G135/><T109/><D109/><U94/><E18/><V125/><F125/><W49/><G49/><T37/><D37/><U59/><E16/><V31/><F0/><W81/><AGARI ba="0,1" hai="4,5,24,26,27,41,45,51,81,82,86,87,89,91" machi="81" ten="30,12000,2" yaku="1,1,0,1,9,1,8,1,52,1,53,2" doraHai="44" doraHaiUra="77" who="3" fromWho="3" sc="357,-30,248,-30,206,-60,179,130" />
</Scene>
<Scene>
<INIT seed="7,0,0,4,2,7" ten="327,218,146,309" oya="3" hai0="60,12,98,101,127,76,124,109,81,43,116,34,120" hai1="92,93,90,23,113,31,8,1,37,82,29,79,114" hai2="5,128,21,119,32,0,65,54,50,67,25,47,64" hai3="134,68,55,28,61,24,22,121,13,18,100,91,87"/><W125/><G121/><T16/><D109/><U35/><E35/><V62/><F119/><W46/><G125/><N who="0" m="48203" /><D34/><U85/><E37/><V41/><F32/><W131/><G134/><T122/><D60/><U97/><E23/><V19/><F128/><W49/><G131/><T9/><D43/><U115/><E1/><V83/><F83/><N who="3" m="49663" /><G68/><T3/><D3/><U38/><E38/><V30/><F30/><N who="1" m="11273" /><E8/><V44/><F0/><W2/><G2/><T63/><D63/><U6/><E6/><V132/><F132/><W45/><G61/><T108/><D108/><U71/><E71/><V106/><F106/><W14/><G100/><T102/><D102/><U59/><E59/><V33/><F33/><W94/><G94/><AGARI ba="0,0" hai="79,82,85,90,92,93,94,97,113,114,115" m="11273" machi="94" ten="40,1300,0" yaku="15,1" doraHai="7" who="1" fromWho="3" sc="327,0,218,13,146,0,309,-13" owari="327,42.0,231,-17.0,146,-35.0,296,10.0" />
</Scene>
</mjloggm>