<mjloggm ver="2.3"><GO type="169" lobby="0"/><UN n0="%4C%53%E9%99%BD" n1="%E3%82%B8%E3%83%A3%E3%82%B9%E3%82%BF%E3%82%A6%E3%82%A7%E3%82%A4" n2="%62%75%74%69%74%61%6D%61" n3="%E5%A4%AA%E3%81%8F%E3%81%AA%E3%81%84%E3%81%8A" dan="16,16,17,17" rate="2103.36,2122.62,2187.26,2186.99" sx="M,M,M,F"/><TAIKYOKU oya="0"/>

<Scene>
<INIT seed="0,0,0,1,2,81" ten="250,250,250,250" oya="0" hai0="33,35,40,46,54,114,29,50,134,131,85,103,27" hai1="98,73,0,126,118,55,15,16,128,105,43,37,25" hai2="86,107,87,59,8,22,12,17,39,104,124,129,9" hai3="32,19,7,10,42,117,41,18,96,53,28,80,61"/><T111/><D114/><U93/><E118/><V108/><F39/><W113/><G117/><T115/><D115/><U64/><E73/><V65/><F108/><W20/><G113/><T122/><D122/><U36/><E0/><V95/><F124/><W88/><G32/><T31/><D103/><U76/><E76/><V100/><F129/><W132/><G28/><T70/><D70/><U66/><E126/><V3/><F104/><W133/><G61/><T90/><D131/><U30/><E105/><V123/><F107/><W34/><G34/><T60/><D111/><U101/><E128/><V125/><F123/><W89/><G53/><T99/><D134/><N who="3" m="51817" /><G96/><T49/><D60/><U45/><E55/><V127/><F127/><W68/><G68/><T1/><D1/><U5/><E5/><V44/><F125/><W119/><G19/><T23/><D99/><U24/><E37/><V57/><F65/><W112/><G119/><T82/><REACH who="0" step="1"/><D31/><REACH who="0" ten="240,250,250,250" step="2"/><U21/><REACH who="1" step="1"/><E25/><REACH who="1" ten="240,240,250,250" step="2"/><V58/><F3/><W97/><G112/><T47/><AGARI ba="0,2" hai="23,27,29,33,35,40,46,47,49,50,54,82,85,90" machi="47" ten="20,12000,1" yaku="1,1,2,1,0,1,7,1,52,1,53,0" doraHai="81" doraHaiUra="121" who="0" fromWho="0" sc="240,140,240,-40,250,-40,250,-40" />
</Scene>
<Scene>
<INIT seed="0,1,0,4,0,94" ten="380,200,210,210" oya="0" hai0="28,5,102,21,50,83,68,90,112,34,65,46,13" hai1="20,97,37,121,64,43,58,2,105,52,98,108,16" hai2="82,23,135,116,91,71,59,66,48,104,47,3,56" hai3="30,35,18,129,29,76,9,27,96,123,115,109,103"/><T1/><D102/><U24/><E121/><V61/><F3/><W8/><G115/><T92/><D112/><U101/><E108/><V130/><F104/><W15/><G109/><T6/><D83/><U131/><E131/><V62/><F130/><W114/><G114/><T36/><D36/><U111/><E111/><V87/><F135/><W99/><G129/><T134/><D134/><U118/><E118/><V124/><F124/><W40/><G123/><T95/><D95/><U4/><E64/><V133/><F133/><W79/><G40/><T113/><D113/><U7/><E2/><V63/><F116/><W69/><G30/><T120/><D120/><U39/><E97/><V89/><F59/><W45/><G45/><T49/><D49/><U22/><E22/><V33/><F33/><W11/><G69/><T72/><D72/><U60/><REACH who="1" step="1"/><E43/><REACH who="1" ten="380,190,210,210" step="2"/><N who="2" m="24703" /><F71/><W117/><G117/><T110/><D110/><U12/><E12/><V86/><F23/><W14/><G96/><N who="0" m="57367" /><D1/><U80/><E80/><AGARI ba="1,1" hai="56,61,62,63,66,80,82,86,87,89,91" m="24703" machi="80" ten="30,1000,0" yaku="8,1" doraHai="94" who="2" fromWho="1" sc="380,0,190,-13,210,23,210,0" />
</Scene>
<Scene>
<INIT seed="1,0,0,1,3,89" ten="380,177,233,210" oya="1" hai0="112,81,104,122,76,29,131,2,120,54,74,26,21" hai1="99,118,16,125,94,92,15,19,23,40,33,49,39" hai2="101,43,47,75,88,11,105,129,68,78,58,45,56" hai3="30,132,10,83,106,34,87,41,52,85,24,25,0"/><U61/><E39/><V90/><F68/><W67/><G106/><T77/><D131/><U135/><E118/><V9/><F129/><W91/><G67/><T126/><D126/><U5/><E125/><V95/><F105/><W42/><G132/><T110/><D110/><U51/><E135/><V79/><F101/><W116/><G116/><T65/><D65/><U60/><E33/><V44/><F43/><W82/><G25/><T103/><D2/><U8/><E19/><V73/><REACH who="2" step="1"/><F45/><REACH who="2" ten="380,177,223,210" step="2"/><W62/><G41/><T59/><D103/><U31/><E40/><V7/><F7/><W36/><G42/><T69/><D104/><U98/><E31/><V4/><F4/><W113/><G36/><T38/><D69/><U134/><E134/><V119/><F119/><W63/><G113/><T22/><D38/><U6/><E6/><V64/><F64/><W123/><G52/><T12/><D112/><U97/><E61/><V13/><F13/><W28/><G28/><T114/><D114/><U128/><E60/><V53/><F53/><W70/><G70/><T93/><D54/><U117/><E128/><V14/><F14/><W108/><G62/><T100/><D29/><U80/><E117/><V127/><F127/><W72/><G63/><T96/><D12/><N who="1" m="5135" /><E80/><V109/><F109/><W1/><G108/><T55/><D81/><U20/><E20/><V133/><F133/><W35/><G30/><T48/><D22/><U111/><E111/><V115/><F115/><W71/><G71/><T46/><D21/><U124/><E124/><V102/><F102/><W50/><G83/><RYUUKYOKU ba="0,1" sc="380,-15,177,15,223,15,210,-15" hai1="15,16,23,49,51,92,94,97,98,99" hai2="9,11,44,47,56,58,73,75,78,79,88,90,95" />
</Scene>
<Scene>
<INIT seed="1,1,1,4,4,121" ten="365,192,238,195" oya="1" hai0="123,40,39,124,134,49,62,14,80,57,29,42,81" hai1="119,97,89,112,90,30,5,63,70,99,46,68,69" hai2="92,101,27,131,37,20,116,66,23,6,87,28,24" hai3="54,133,43,115,79,128,125,56,78,60,32,61,106"/><U126/><E119/><V7/><F37/><W38/><G115/><T95/><D39/><U13/><E112/><V15/><F116/><W1/><G1/><T100/><D123/><U118/><E118/><V76/><F131/><W44/><G106/><T33/><D134/><U130/><E130/><V91/><F15/><W72/><G32/><T25/><D124/><U105/><E126/><V64/><F76/><W103/><G125/><T110/><D110/><U83/><E30/><V104/><F104/><W86/><G128/><T107/><D107/><U93/><E63/><V9/><F101/><W77/><G72/><T114/><D14/><U53/><E83/><V127/><F127/><W65/><G103/><T19/><D19/><U117/><E117/><V0/><REACH who="2" step="1"/><F7/><REACH who="2" ten="365,192,228,195" step="2"/><W22/><G133/><T84/><D100/><U102/><E89/><V135/><F135/><W11/><G78/><T17/><D114/><U51/><E13/><V16/><AGARI ba="1,2" hai="0,6,9,16,20,23,24,27,28,64,66,87,91,92" machi="16" ten="20,5200,0" yaku="1,1,0,1,7,1,54,1,53,0" doraHai="121" doraHaiUra="36" who="2" fromWho="2" sc="365,-14,192,-27,228,75,195,-14" />
</Scene>
<Scene>
<INIT seed="2,0,0,0,5,18" ten="351,165,303,181" oya="2" hai0="82,94,88,132,62,97,47,7,91,124,54,4,44" hai1="52,87,23,129,99,15,31,95,128,122,101,60,57" hai2="37,93,105,120,84,69,2,130,0,115,125,29,43" hai3="13,70,98,46,111,102,127,71,135,32,3,119,110"/><V24/><F105/><W100/><G3/><T133/><D124/><U48/><E122/><V35/><F69/><W65/><G119/><T26/><D26/><N who="1" m="16863" /><E87/><V16/><F120/><W89/><G32/><T14/><D82/><U27/><E27/><V112/><F125/><W73/><G127/><T50/><D91/><U81/><E81/><V66/><F66/><W34/><G34/><T78/><D78/><U121/><E121/><V25/><F130/><N who="1" m="50281" /><E15/><V113/><F43/><W45/><G13/><T39/><D14/><U8/><E8/><V76/><F37/><W30/><G30/><T49/><D39/><U90/><E48/><V1/><F76/><W83/><G83/><T36/><D36/><U75/><E75/><V58/><F84/><W55/><G73/><T9/><D9/><U108/><E108/><V56/><REACH who="2" step="1"/><F93/><REACH who="2" ten="351,165,293,181" step="2"/><W22/><G110/><T118/><D118/><U77/><E77/><V79/><F79/><W19/><G111/><T109/><D109/><U126/><E126/><V106/><F106/><W85/><G85/><T123/><D123/><U72/><E72/><V80/><F80/><W68/><G68/><T74/><D74/><U5/><E5/><V28/><F28/><W67/><G71/><T61/><D7/><U17/><E17/><V131/><F131/><W86/><G70/><T12/><D4/><U33/><E33/><V92/><F92/><W38/><G38/><T96/><D94/><U10/><E90/><V41/><F41/><W134/><G89/><T107/><D88/><U11/><AGARI ba="0,1" hai="10,11,52,57,60,95,99,101" m="50281,16863" machi="11" ten="30,4000,0" yaku="19,1,52,1,54,1" doraHai="18" who="1" fromWho="1" sc="351,-10,165,50,293,-20,181,-10" />
</Scene>
<Scene>
<INIT seed="3,0,0,4,5,34" ten="341,215,273,171" oya="3" hai0="123,89,75,100,38,90,130,46,15,122,7,121,92" hai1="80,99,52,16,104,2,4,56,103,87,35,78,73" hai2="120,48,127,26,13,70,107,28,1,49,45,67,109" hai3="106,60,83,21,10,20,59,112,77,61,0,19,44"/><W102/><G112/><T43/><D75/><U110/><E35/><V14/><F109/><W135/><G135/><T115/><D100/><U98/><E110/><V29/><F127/><W24/><G44/><T133/><D90/><U132/><E132/><V33/><F28/><W74/><G21/><T5/><D133/><U53/><E99/><V42/><F120/><W12/><G0/><T22/><D130/><U30/><E30/><V101/><F48/><W116/><G116/><T84/><D115/><U79/><E79/><V55/><F42/><W88/><G59/><T64/><D64/><U82/><E82/><V81/><F81/><W39/><G39/><T63/><D63/><U85/><E53/><V97/><REACH who="2" step="1"/><F1/><REACH who="2" ten="341,215,263,171" step="2"/><W65/><G83/><T36/><D36/><U62/><E2/><V128/><F128/><W117/><G117/><T94/><D122/><U25/><REACH who="1" step="1"/><E4/><REACH who="1" ten="341,205,263,171" step="2"/><V31/><F31/><W113/><G113/><T71/><D5/><U51/><E51/><V69/><F69/><W9/><G77/><T105/><D71/><U129/><E129/><V47/><F47/><W18/><G61/><AGARI ba="0,2" hai="13,14,26,29,33,45,49,55,61,67,70,97,101,107" machi="61" ten="40,5200,0" yaku="1,1,25,2,53,0" doraHai="34" doraHaiUra="6" who="2" fromWho="3" sc="341,0,205,0,263,72,171,-52" />
</Scene>
<Scene>
<INIT seed="4,0,0,2,4,71" ten="341,205,335,119" oya="0" hai0="53,84,70,41,1,93,113,88,66,48,97,35,119" hai1="62,8,134,110,63,120,115,5,127,56,77,34,131" hai2="29,12,69,75,51,123,105,33,83,101,73,125,43" hai3="9,132,25,99,116,24,133,122,111,28,64,90,65"/><T55/><D119/><U57/><E110/><V103/><F123/><W49/><G111/><T67/><D35/><U87/><E120/><V76/><F125/><W23/><G116/><T118/><D1/><U31/><E127/><V30/><F75/><W20/><G122/><T74/><D74/><U85/><E131/><V100/><F69/><W128/><G128/><T50/><D70/><U38/><E38/><V21/><F33/><W27/><G9/><T124/><D118/><U104/><E104/><V3/><F3/><W42/><G42/><T86/><D41/><U79/><E134/><N who="3" m="51818" /><G49/><N who="0" m="19051" /><D113/><U32/><E31/><V10/><F21/><N who="3" m="8267" /><G28/><T54/><D124/><U45/><E8/><V78/><F78/><W47/><G47/><T91/><D97/><U16/><E5/><V60/><F60/><W126/><G126/><T72/><D72/><U92/><E45/><V4/><F105/><W46/><G46/><T7/><D7/><U94/><REACH who="1" step="1"/><E115/><REACH who="1" ten="341,195,335,119" step="2"/><V95/><F43/><W117/><G117/><T96/><D96/><U13/><E13/><V107/><F107/><W40/><G40/><T109/><D109/><U112/><E112/><V58/><F29/><W6/><G6/><T102/><D102/><U80/><E80/><AGARI ba="0,1" hai="53,54,55,66,67,80,84,86,88,91,93" m="19051" machi="80" ten="30,2900,0" yaku="8,1,54,1" doraHai="71" who="0" fromWho="1" sc="341,39,195,-29,335,0,119,0" />
</Scene>
<Scene>
<INIT seed="4,1,0,3,5,39" ten="380,166,335,119" oya="0" hai0="32,95,120,122,106,17,33,40,55,38,107,111,22" hai1="2,73,83,28,34,36,72,117,103,46,62,41,82" hai2="52,30,118,80,5,66,12,77,35,4,26,63,10" hai3="123,43,20,13,6,84,119,42,60,0,25,29,48"/><T116/><D116/><U51/><E117/><V15/><F118/><W49/><G123/><T3/><D3/><U108/><E51/><N who="3" m="19530" /><G0/><T65/><D65/><U113/><E108/><V94/><F94/><W8/><G119/><T78/><D55/><U93/><E113/><V87/><F52/><W135/><G135/><T71/><D78/><N who="1" m="44359" /><E93/><V23/><F35/><W47/><G47/><T132/><D95/><U50/><E50/><V70/><REACH who="2" step="1"/><F15/><REACH who="2" ten="380,166,325,119" step="2"/><W11/><G60/><T19/><D33/><U16/><E62/><V56/><F56/><W126/><G126/><T14/><D32/><U101/><E34/><V53/><F53/><W110/><G110/><T125/><D14/><U54/><E54/><V121/><F121/><W44/><G44/><T57/><D125/><U18/><E2/><V69/><F69/><W79/><G11/><T67/><D71/><U128/><E103/><V129/><F129/><W134/><G134/><T88/><D120/><U58/><E101/><V100/><F100/><W1/><G1/><T91/><D122/><U112/><E58/><V99/><F99/><W96/><G96/><T85/><D57/><U81/><E128/><V27/><F27/><W59/><G59/><T68/><D132/><U21/><E112/><V74/><F74/><W114/><G114/><T24/><D111/><U98/><E98/><V37/><F37/><W92/><G92/><T61/><D38/><U109/><E109/><V97/><F97/><W131/><G131/><T130/><D130/><U90/><E73/><V127/><F127/><W115/><G115/><T31/><D68/><RYUUKYOKU ba="1,1" sc="380,-15,166,-15,325,15,119,15" hai2="4,5,10,12,23,26,30,63,66,70,77,80,87" hai3="6,8,13,20,25,29,42,43,79,84" />
</Scene>
<Scene>
<INIT seed="5,2,1,2,2,31" ten="365,151,340,134" oya="1" hai0="130,80,23,20,58,75,113,70,27,6,14,99,92" hai1="84,62,36,9,16,115,7,128,11,74,25,34,111" hai2="129,63,123,98,117,107,118,71,37,2,135,41,81" hai3="93,94,47,57,33,106,13,133,102,54,3,30,88"/><U40/><E111/><V69/><F81/><W108/><G3/><T124/><D70/><N who="2" m="26634" /><F2/><W35/><G108/><T78/><D58/><U8/><E115/><V49/><F98/><W43/><G106/><T61/><D113/><U97/><E128/><V101/><F101/><W122/><G122/><T85/><D61/><U112/><E112/><V53/><F107/><W132/><G30/><T125/><D130/><U21/><E74/><V0/><F0/><W22/><G102/><T1/><D1/><N who="1" m="111" /><E84/><V87/><F87/><N who="3" m="52383" /><G94/><T46/><D85/><U28/><E62/><V38/><F129/><W12/><G12/><T76/><D75/><U121/><E121/><V44/><F123/><W134/><G13/><T51/><D92/><U82/><E82/><V120/><F120/><W60/><G22/><T100/><D80/><U18/><E97/><V17/><F17/><N who="1" m="6761" /><E40/><V95/><F95/><W64/><G54/><T55/><D99/><U110/><E36/><AGARI ba="2,1" hai="33,35,36,43,47,57,60,64,132,133,134" m="52383" machi="36" ten="30,7700,0" yaku="20,1,52,2,54,1" doraHai="31" who="3" fromWho="1" sc="365,0,151,-83,340,0,134,93" />
</Scene>
<Scene>
<INIT seed="6,0,0,5,3,60" ten="365,68,340,227" oya="2" hai0="135,16,7,105,57,19,73,112,56,33,115,66,87" hai1="79,71,25,101,62,34,29,116,8,50,37,42,35" hai2="23,80,28,90,123,76,65,97,95,109,75,68,11" hai3="53,86,13,128,10,110,20,99,85,32,133,107,111"/><V96/><F123/><W48/><G32/><T43/><D73/><U132/><E116/><V78/><F109/><W121/><G121/><T14/><D105/><U91/><E132/><V67/><F68/><W70/><G70/><T18/><D135/><U3/><E79/><N who="2" m="30251" /><F75/><W134/><G134/><T46/><D33/><U93/><E101/><V81/><F11/><W129/><G133/><T58/><D87/><N who="3" m="33289" /><G20/><T127/><D127/><U98/><E35/><V45/><F45/><N who="3" m="27791" /><G99/><T84/><D84/><U126/><E126/><V102/><F97/><W51/><G51/><N who="0" m="27103" /><D7/><U52/><E8/><V30/><F102/><W24/><G24/><T83/><D83/><N who="2" m="31818" /><F28/><W0/><G0/><T64/><D14/><U108/><E3/><V6/><F6/><N who="3" m="3287" /><G107/><T94/><D94/><U40/><E108/><V2/><F2/><W103/><G103/><T106/><D106/><U100/><E100/><V17/><F30/><W26/><G110/><T61/><D61/><U88/><E91/><V39/><F39/><W54/><G111/><T114/><AGARI ba="0,0" hai="16,18,19,56,57,58,64,66,112,114,115" m="27103" machi="114" ten="40,12000,2" yaku="29,2,15,1,52,2,54,1" doraHai="60" who="0" fromWho="0" sc="365,120,68,-30,340,-60,227,-30" />
</Scene>
<Scene>
<INIT seed="7,0,0,1,1,42" ten="485,38,280,197" oya="3" hai0="57,84,129,99,36,28,88,101,92,80,6,66,120" hai1="104,70,73,127,19,63,78,40,114,72,44,110,94" hai2="65,105,8,83,5,81,48,21,122,95,34,124,125" hai3="135,61,103,32,75,109,132,45,38,2,20,50,123"/><W131/><G32/><T30/><D36/><U54/><E104/><V68/><F34/><W53/><G75/><T117/><D117/><U85/><E110/><V22/><F105/><W98/><G2/><T23/><D120/><U121/><E121/><V102/><F122/><W26/><G123/><T52/><D66/><U10/><E127/><N who="2" m="48715" /><F65/><W71/><G109/><T128/><D6/><U56/><E114/><V37/><F37/><W27/><G38/><T3/><D3/><U74/><E94/><V18/><F68/><W9/><G9/><T112/><D23/><N who="2" m="8714" /><F18/><W126/><G126/><T17/><D17/><U69/><E19/><V115/><F115/><W133/><G131/><N who="0" m="50251" /><D112/><U64/><E70/><V47/><F95/><N who="3" m="58847" /><G20/><T31/><D31/><U79/><E79/><V11/><F102/><W4/><G4/><T39/><D39/><U107/><E107/><V58/><F58/><N who="3" m="35023" /><G71/><T29/><D29/><U111/><E111/><V49/><F49/><AGARI ba="0,0" hai="28,30,49,52,57,80,84,88,92,99,101" m="50251" machi="49" ten="30,3900,0" yaku="19,1,54,2" doraHai="42" who="0" fromWho="2" sc="485,39,38,0,280,-39,197,0" owari="524,62.0,38,-46.0,241,4.0,197,-20.0" />
</Scene>
</mjloggm>