<mjloggm ver="2.3"><GO type="169" lobby="0"/><UN n0="%E6%9D%BE%E5%B1%8B%E3%81%8A%E3%81%98%E3%81%95%E3%82%93" n1="%7A%61%63%63" n2="%E5%A4%AA%E3%81%8F%E3%81%AA%E3%81%84%E3%81%8A" n3="%EF%BC%8F%28%EF%BC%BE%6F%EF%BC%BE%29%EF%BC%BC" dan="16,16,17,16" rate="2154.48,2172.69,2156.34,2124.22" sx="M,F,M,M"/><TAIKYOKU oya="0"/>

<Scene>
<INIT seed="0,0,0,1,0,124" ten="250,250,250,250" oya="0" hai0="126,77,119,112,105,15,63,128,28,38,97,86,56" hai1="34,4,61,53,30,25,85,68,0,35,41,42,109" hai2="32,29,31,20,99,110,100,26,98,73,125,45,135" hai3="111,75,81,21,47,46,80,74,115,70,3,49,37"/><T108/><D38/><U7/><E35/><V71/><F73/><W43/><G3/><T96/><D119/><U122/><E122/><V69/><F125/><W19/><G115/><T90/><D112/><U76/><E109/><V58/><F110/><W131/><G111/><T22/><D126/><U133/><E133/><V123/><F123/><W72/><G70/><T54/><D77/><U88/><E76/><V23/><F135/><W113/><G131/><T11/><D108/><U87/><E87/><V16/><F32/><W5/><G5/><T103/><D128/><U101/><E101/><V92/><F45/><W94/><G94/><T27/><D103/><U82/><E0/><V62/><F98/><W102/><G102/><T84/><D105/><U95/><E82/><V67/><F31/><W60/><G60/><T39/><D39/><U36/><E68/><V89/><F89/><W114/><G114/><T51/><D63/><U9/><E9/><V118/><F118/><W117/><G117/><T129/><D129/><U24/><E36/><V93/><F93/><W14/><REACH who="3" step="1"/><G113/><REACH who="3" ten="250,250,250,240" step="2"/><T40/><D40/><AGARI ba="0,1" hai="14,19,21,37,40,43,46,47,49,72,74,75,80,81" machi="40" ten="40,2600,0" yaku="1,1,2,1,53,0" doraHai="124" doraHaiUra="52" who="3" fromWho="0" sc="250,-26,250,0,250,0,240,36" />
</Scene>
<Scene>
<INIT seed="1,0,0,0,5,52" ten="224,250,250,276" oya="1" hai0="47,34,93,102,42,24,113,90,15,27,29,55,62" hai1="33,64,104,120,11,7,30,135,63,114,4,3,80" hai2="49,88,1,94,98,124,12,17,69,99,126,38,75" hai3="107,118,32,45,106,100,101,53,82,95,116,70,44"/><U28/><E120/><V58/><F38/><W68/><G53/><T41/><D102/><N who="3" m="39529" /><G95/><T134/><D134/><U8/><E104/><N who="3" m="39978" /><G82/><T20/><D15/><U79/><E114/><V36/><F36/><W72/><G72/><T66/><D113/><U127/><E127/><N who="2" m="48683" /><F69/><N who="3" m="26731" /><G32/><T5/><D55/><U130/><E135/><V0/><F75/><W84/><G84/><T54/><D54/><U57/><E33/><V61/><F49/><W74/><G74/><T71/><D5/><U19/><E19/><V31/><F98/><W122/><G122/><T9/><D9/><U67/><E130/><V121/><F121/><W37/><G37/><T60/><D60/><U59/><E80/><V51/><F51/><W117/><AGARI ba="0,0" hai="44,45,116,117,118" m="26731,39978,39529" machi="117" ten="40,5200,0" yaku="28,2,12,1" doraHai="52" who="3" fromWho="3" sc="224,-13,250,-26,250,-13,276,52" />
</Scene>
<Scene>
<INIT seed="2,0,0,4,0,112" ten="211,224,237,328" oya="2" hai0="120,62,107,110,13,118,82,85,135,86,51,58,111" hai1="132,102,72,125,76,37,15,116,59,0,38,79,3" hai2="22,88,115,75,26,104,61,73,106,87,90,43,52" hai3="9,80,18,105,122,27,100,126,2,95,16,114,12"/><V67/><F115/><W65/><G114/><T119/><D107/><U74/><E15/><V69/><F43/><W81/><G122/><T42/><D120/><U34/><E59/><V41/><F41/><W57/><G105/><T98/><D98/><U134/><E102/><V94/><F106/><W128/><G2/><N who="1" m="554" /><E34/><V71/><F71/><W66/><G126/><T46/><D135/><N who="1" m="51755" /><E116/><N who="0" m="44585" /><D13/><U55/><E55/><V93/><F52/><W48/><G128/><T129/><D129/><U28/><E28/><V77/><F77/><N who="1" m="29769" /><E125/><V97/><REACH who="2" step="1"/><F104/><REACH who="2" ten="211,224,227,328" step="2"/><W35/><G66/><N who="0" m="39255" /><D82/><U24/><E24/><V33/><F33/><W70/><G27/><T103/><D103/><U96/><E96/><V31/><AGARI ba="0,1" hai="22,26,31,61,67,69,73,75,87,88,90,93,94,97" machi="31" ten="20,7800,0" yaku="1,1,0,1,7,1,54,1,53,0" doraHai="112" doraHaiUra="53" who="2" fromWho="2" sc="211,-26,224,-26,227,88,328,-26" />
</Scene>
<Scene>
<INIT seed="2,1,0,2,4,129" ten="185,198,315,302" oya="2" hai0="83,55,6,16,57,14,128,13,84,29,91,10,54" hai1="87,132,5,32,42,82,80,124,17,15,118,81,120" hai2="97,33,103,85,109,24,7,119,25,125,134,68,94" hai3="35,90,8,111,72,46,37,1,64,44,40,21,88"/><V56/><F68/><W110/><G35/><T53/><D128/><U18/><E118/><V127/><F119/><W113/><G113/><T9/><REACH who="0" step="1"/><D29/><REACH who="0" ten="175,198,315,302" step="2"/><U76/><E120/><V104/><F127/><W105/><G110/><T69/><D69/><U3/><E124/><V19/><F125/><W116/><G111/><T36/><D36/><U41/><E32/><V112/><F109/><W108/><G37/><T52/><D52/><U26/><E42/><V95/><F112/><W20/><G40/><T67/><D67/><U47/><E41/><V2/><F33/><W102/><G64/><T48/><AGARI ba="1,1" hai="6,9,10,13,14,16,48,53,54,55,57,83,84,91" machi="48" ten="20,12000,2" yaku="1,1,0,1,7,1,8,1,54,1,53,2" doraHai="129" doraHaiUra="4" who="0" fromWho="0" sc="175,133,198,-31,315,-61,302,-31" />
</Scene>
<Scene>
<INIT seed="3,0,0,1,0,4" ten="308,167,254,271" oya="3" hai0="132,75,10,76,86,35,51,113,101,93,97,13,61" hai1="59,115,129,103,125,82,133,112,71,37,25,45,19" hai2="54,121,11,83,55,60,57,100,2,95,114,65,47" hai3="0,32,8,85,110,106,90,123,104,38,70,68,117"/><W111/><G117/><T27/><D132/><U56/><E71/><N who="3" m="27178" /><G38/><T29/><D113/><U74/><E129/><V96/><F114/><W50/><G50/><T23/><D75/><U94/><E133/><V81/><F121/><W44/><G44/><T28/><D76/><U30/><E19/><V66/><F2/><W15/><G123/><T135/><D135/><U73/><E37/><V36/><F36/><W40/><G40/><T102/><D86/><U42/><E74/><V64/><F11/><W22/><G22/><T1/><D1/><U3/><E3/><V52/><F47/><W6/><G15/><T134/><D134/><U24/><E82/><AGARI ba="0,0" hai="52,54,55,57,60,64,65,66,81,82,83,95,96,100" machi="82" ten="40,2600,0" yaku="8,1,54,1" doraHai="4" who="2" fromWho="1" sc="308,0,167,-26,254,26,271,0" />
</Scene>
<Scene>
<INIT seed="4,0,0,3,1,66" ten="308,141,280,271" oya="0" hai0="33,16,75,36,87,3,120,12,116,118,77,47,52" hai1="0,6,86,50,109,121,35,19,114,97,39,111,125" hai2="20,25,11,131,62,126,102,18,9,34,130,98,103" hai3="73,55,4,5,32,107,17,57,63,105,81,65,91"/><T59/><D120/><U133/><E39/><V110/><F110/><W124/><G124/><T95/><D33/><U134/><E35/><V71/><F126/><W30/><G17/><T22/><D3/><U8/><E121/><V21/><F34/><W72/><G72/><T13/><D75/><U83/><E125/><V26/><F62/><W80/><G80/><T93/><D95/><U23/><E97/><V45/><F45/><W2/><G2/><T51/><D13/><U127/><E114/><V117/><F117/><W64/><G64/><T90/><D77/><U69/><E69/><V48/><F48/><W38/><G38/><T82/><D82/><U100/><E100/><V46/><F46/><W76/><G91/><T67/><D67/><U119/><E50/><V108/><F108/><W104/><REACH who="3" step="1"/><G55/><REACH who="3" ten="308,141,280,261" step="2"/><T14/><D14/><U28/><E127/><V41/><F18/><W132/><G132/><T27/><D27/><AGARI ba="0,1" hai="4,5,27,30,32,57,63,65,73,76,81,104,105,107" machi="27" ten="40,2600,0" yaku="1,1,53,1" doraHai="66" doraHaiUra="58" who="3" fromWho="0" sc="308,-26,141,0,280,0,261,36" />
</Scene>
<Scene>
<INIT seed="5,0,0,4,5,3" ten="282,141,280,297" oya="1" hai0="105,16,22,113,96,127,129,5,62,17,90,4,1" hai1="32,125,7,28,131,98,130,72,115,107,69,133,58" hai2="118,30,39,31,67,9,40,25,8,75,92,53,81" hai3="43,108,27,56,78,12,110,73,11,126,37,38,15"/><U87/><E69/><V111/><F111/><W51/><G126/><T114/><D127/><U26/><E125/><V88/><F118/><W99/><G27/><T13/><D1/><U80/><E72/><V77/><F67/><W119/><G119/><T29/><D29/><U54/><E115/><N who="0" m="44041" /><D129/><N who="1" m="49163" /><E133/><V128/><F128/><W101/><G15/><N who="0" m="9503" /><D62/><N who="1" m="36183" /><E98/><V102/><F102/><W55/><G99/><T89/><D105/><U83/><E107/><V97/><F53/><W65/><G101/><T70/><D70/><U68/><E68/><V94/><F94/><W82/><G55/><T57/><D57/><U91/><E80/><V109/><F109/><W23/><G82/><T93/><D90/><U35/><E32/><V132/><F132/><W112/><G73/><T63/><D63/><U19/><E19/><V106/><F106/><W45/><G112/><T6/><D6/><AGARI ba="0,0" hai="6,7,26,28,35,83,87,91" m="36183,49163" machi="6" ten="30,5800,0" yaku="19,1,52,2" doraHai="3" who="1" fromWho="0" sc="282,-58,141,58,280,0,297,0" />
</Scene>
<Scene>
<INIT seed="5,1,0,1,0,135" ten="224,199,280,297" oya="1" hai0="91,132,7,109,61,57,68,84,79,134,1,56,80" hai1="90,42,119,53,106,34,73,37,41,30,93,62,23" hai2="89,125,87,43,19,18,36,8,110,112,51,108,66" hai3="44,85,2,92,49,21,60,118,64,58,120,77,100"/><U88/><E106/><V26/><F36/><W86/><G120/><T82/><D109/><U101/><E73/><V11/><F66/><W102/><G2/><T78/><D68/><U28/><E34/><V45/><F112/><W104/><G104/><T67/><D57/><N who="1" m="35119" /><E37/><V130/><F130/><W105/><G105/><T97/><D97/><N who="1" m="59567" /><E119/><V5/><F11/><W15/><G118/><T50/><D50/><U126/><E126/><V48/><F48/><W3/><G3/><T65/><D65/><U114/><E114/><V95/><F125/><W46/><G46/><T38/><D38/><U131/><E131/><V94/><F94/><W20/><G77/><T22/><D134/><U55/><E55/><V115/><F115/><W111/><G111/><T27/><D132/><U16/><E30/><V81/><F110/><W98/><G102/><T29/><REACH who="0" step="1"/><D80/><REACH who="0" ten="214,199,280,297" step="2"/><U10/><E41/><V32/><F108/><W72/><G58/><T70/><D70/><U47/><E42/><V13/><F81/><W14/><G98/><T39/><D39/><U71/><E71/><V99/><F99/><W121/><G64/><T74/><D74/><U107/><E47/><V4/><F45/><W31/><G44/><T63/><D63/><U9/><E107/><V54/><F43/><W133/><G60/><T40/><D40/><U123/><E123/><V103/><F51/><W75/><G72/><T116/><D116/><U6/><E28/><N who="2" m="19479" /><F54/><W12/><G121/><T96/><D96/><U129/><E129/><V52/><F52/><W128/><G128/><T127/><D127/><U83/><E83/><RYUUKYOKU ba="1,1" sc="214,30,199,-10,280,-10,297,-10" hai0="1,7,22,27,29,56,61,67,78,79,82,84,91" />
</Scene>
<Scene>
<INIT seed="6,2,1,1,1,114" ten="244,189,270,287" oya="2" hai0="93,47,65,5,68,67,28,35,109,106,14,121,69" hai1="95,64,31,78,75,119,72,17,52,122,105,2,104" hai2="10,103,70,123,82,101,37,16,54,81,79,74,128" hai3="66,48,100,50,24,118,32,58,61,77,76,117,33"/><V108/><F123/><W71/><G100/><T9/><D106/><U46/><E2/><V84/><F37/><W20/><G48/><T87/><D109/><U30/><E122/><V113/><F70/><W25/><G25/><T129/><D129/><U6/><E6/><V40/><F40/><W107/><G107/><T94/><D35/><U126/><E64/><N who="0" m="24649" /><D28/><U43/><E78/><V23/><F128/><W86/><G50/><T96/><D69/><U55/><E95/><V98/><F108/><W53/><G53/><T88/><D68/><U56/><E56/><V73/><F10/><W125/><G58/><T26/><D26/><U4/><E4/><V132/><F113/><W99/><G99/><T42/><D121/><U127/><E17/><V130/><F130/><W92/><G76/><T21/><D21/><U41/><E46/><V0/><F0/><W89/><G77/><T3/><D3/><U29/><E29/><V44/><F132/><W111/><G111/><T80/><D96/><U51/><E51/><AGARI ba="2,1" hai="5,9,14,42,47,51,80,87,88,93,94" m="24649" machi="51" ten="30,2000,0" yaku="8,1,54,1" doraHai="114" who="0" fromWho="1" sc="244,36,189,-26,270,0,287,0" />
</Scene>
<Scene>
<INIT seed="7,0,0,1,3,64" ten="280,163,270,287" oya="3" hai0="12,42,54,45,128,76,74,90,85,41,23,122,0" hai1="71,62,50,21,105,134,125,28,118,22,6,17,72" hai2="109,56,4,107,61,58,108,119,1,102,36,86,5" hai3="27,100,37,120,25,30,121,10,135,75,63,70,66"/><W82/><G135/><T67/><D0/><U60/><E105/><V112/><F119/><W77/><G27/><T129/><D122/><U46/><E72/><V99/><F36/><W92/><G10/><T69/><D76/><U126/><E6/><V115/><F86/><W15/><G15/><T20/><D74/><U97/><E97/><V47/><F47/><W73/><G73/><T53/><D54/><U40/><E134/><V111/><F58/><W2/><G2/><T3/><D53/><U95/><E95/><V113/><REACH who="2" step="1"/><F1/><REACH who="2" ten="280,163,260,287" step="2"/><W11/><G37/><N who="0" m="21679" /><D3/><U8/><E118/><V124/><F124/><W79/><G120/><T110/><D110/><U31/><E71/><V88/><F88/><W16/><G121/><T26/><D90/><U52/><E40/><V65/><AGARI ba="0,1" hai="4,5,56,61,65,99,102,107,108,109,111,112,113,115" machi="65" ten="40,5200,0" yaku="1,1,0,1,15,1,53,0" doraHai="64" doraHaiUra="24" who="2" fromWho="2" sc="280,-13,163,-13,260,62,287,-26" owari="267,7.0,150,-35.0,322,42.0,261,-14.0" />
</Scene>
</mjloggm>