<mjloggm ver="2.3"><GO type="41" lobby="0"/><UN n0="%E5%A4%AA%E3%81%8F%E3%81%AA%E3%81%84%E3%81%8A" n1="%65%6C%73%69%73" n2="%6F%63%65%61%6E%2D%7A" n3="%6D%69%67%2D%33%35" dan="17,13,13,14" rate="2131.65,1860.33,1893.09,1897.36" sx="M,M,M,M"/><TAIKYOKU oya="0"/>

<Scene>
<INIT seed="0,0,0,5,2,117" ten="250,250,250,250" oya="0" hai0="31,2,113,79,88,97,54,8,49,27,6,51,10" hai1="19,89,121,93,118,5,15,85,50,41,33,92,104" hai2="26,40,84,81,77,125,12,135,4,111,43,53,106" hai3="59,78,55,34,25,114,9,23,131,73,102,7,46"/><T103/><D113/><U35/><E104/><V0/><F106/><W29/><G114/><T42/><D79/><U61/><E118/><V110/><F0/><W115/><G115/><T47/><D10/><U21/><E61/><V17/><F135/><W56/><G102/><T122/><D88/><U95/><E5/><V105/><F105/><W62/><G46/><T14/><D2/><U108/><E108/><N who="2" m="41515" /><F125/><W96/><G96/><T132/><D132/><U1/><E1/><V64/><F64/><W74/><G34/><T99/><D103/><U94/><E35/><V32/><F53/><W66/><G131/><T82/><D82/><U22/><E33/><V107/><F107/><W109/><G109/><T83/><D83/><U48/><E121/><V98/><F98/><W58/><G58/><N who="0" m="33103" /><D122/><U91/><E22/><AGARI ba="0,0" hai="6,8,14,22,27,31,42,47,51,97,99" m="33103" machi="22" ten="30,1500,0" yaku="8,1" doraHai="117" who="0" fromWho="1" sc="250,15,250,-15,250,0,250,0" />
</Scene>
<Scene>
<INIT seed="0,1,0,5,0,20" ten="265,235,250,250" oya="0" hai0="50,108,64,116,23,115,83,38,70,19,109,14,130" hai1="30,112,132,131,81,8,79,77,99,97,118,39,89" hai2="122,31,36,124,95,87,126,85,4,10,13,48,1" hai3="15,94,119,135,55,101,41,7,62,69,61,100,107"/><T3/><D115/><U5/><E39/><V106/><F36/><W58/><G119/><T88/><D38/><U127/><E118/><V56/><F106/><W111/><G107/><T51/><D116/><U121/><E112/><V37/><F37/><W73/><G73/><T21/><D3/><U92/><E121/><V117/><F117/><W72/><G72/><T120/><D120/><U63/><E30/><V74/><F74/><W134/><G41/><T53/><D130/><U44/><E44/><V80/><F95/><W66/><G111/><N who="0" m="42571" /><D64/><U27/><E27/><V33/><F122/><W114/><G114/><T0/><D70/><U45/><E45/><V125/><F1/><W68/><G68/><T60/><D60/><U49/><E49/><N who="0" m="18441" /><D0/><U59/><E131/><V113/><F113/><W35/><G35/><T96/><D53/><U57/><E63/><V28/><F28/><W102/><G62/><T18/><D96/><U40/><E40/><V24/><F80/><W71/><G71/><T93/><D83/><U22/><E99/><V9/><F9/><N who="3" m="4543" /><G69/><T129/><D129/><U84/><E79/><V86/><F48/><W82/><G82/><T91/><D93/><U2/><E97/><V46/><F46/><W52/><G66/><T54/><D54/><U25/><E92/><V29/><F29/><W103/><N who="3" m="25600" /><DORA hai="123" /><W47/><G94/><T11/><D11/><U43/><E43/><V76/><F76/><W128/><G128/><T12/><AGARI ba="1,0" hai="12,14,18,19,21,23,88,91" m="18441,42571" machi="12" ten="30,18000,2" yaku="14,1,10,1,52,3,54,1" doraHai="20,123" who="0" fromWho="0" sc="265,183,235,-61,250,-61,250,-61" />
</Scene>
<Scene>
<INIT seed="0,2,0,1,0,94" ten="448,174,189,189" oya="0" hai0="105,82,12,128,21,125,69,90,110,65,7,87,81" hai1="63,96,80,71,15,47,24,40,33,16,55,6,60" hai2="3,66,10,39,44,95,108,38,58,68,134,124,59" hai3="73,101,88,117,70,53,13,42,27,74,103,46,18"/><T118/><D118/><U115/><E115/><V85/><F3/><W41/><G117/><T9/><D105/><U31/><E6/><V48/><F10/><W28/><G70/><T45/><D125/><U91/><E71/><V135/><F85/><W100/><G74/><T126/><D126/><U102/><E55/><V129/><F95/><W132/><G73/><T4/><D128/><U131/><E91/><V22/><F22/><N who="3" m="15479" /><G132/><N who="2" m="50729" /><F124/><W1/><G1/><T2/><D110/><U120/><E80/><V54/><F129/><W113/><G113/><T106/><D106/><U35/><E35/><V98/><F98/><W86/><G53/><T29/><D2/><U50/><E120/><V37/><F108/><W76/><G76/><T83/><D7/><U75/><E75/><V97/><F97/><W51/><G42/><T49/><D69/><U23/><REACH who="1" step="1"/><E131/><REACH who="1" ten="448,164,189,189" step="2"/><V127/><F127/><W62/><G103/><T34/><D34/><U119/><E119/><V78/><F78/><W133/><G133/><T79/><D90/><U36/><E36/><V121/><F121/><W20/><G101/><T72/><D72/><U56/><E56/><V43/><F58/><W112/><G112/><T32/><D32/><U0/><E0/><V30/><F30/><W116/><G116/><T130/><D130/><U61/><E61/><AGARI ba="2,1" hai="37,38,39,43,44,48,54,59,61,66,68" m="50729" machi="61" ten="30,7700,0" yaku="24,1,20,1,34,2" doraHai="94" who="2" fromWho="1" sc="448,0,164,-83,189,93,189,0" />
</Scene>
<Scene>
<INIT seed="1,0,0,1,4,19" ten="448,81,282,189" oya="1" hai0="43,23,119,105,87,118,86,71,96,125,109,79,34" hai1="90,121,6,82,133,111,49,116,58,42,89,44,84" hai2="51,22,68,92,61,38,13,101,107,100,26,110,11" hai3="106,18,41,113,55,57,5,135,52,97,99,12,33"/><U25/><E116/><V122/><F122/><W115/><G33/><T54/><D34/><U14/><E121/><V83/><F38/><W130/><G115/><T48/><D71/><U8/><E133/><V62/><F107/><W50/><G113/><T3/><D3/><U32/><E111/><V104/><F104/><W21/><G135/><T132/><D132/><U74/><E74/><V73/><F68/><W40/><G130/><T128/><D43/><U67/><E32/><V31/><F73/><W81/><G81/><T66/><D66/><U10/><E10/><V64/><F51/><W131/><G131/><T77/><D128/><U94/><E25/><V53/><F83/><W120/><G120/><T24/><D109/><U59/><REACH who="1" step="1"/><E67/><REACH who="1" ten="448,71,282,189" step="2"/><V102/><F64/><W88/><G41/><T95/><D24/><U16/><E16/><N who="2" m="8255" /><F110/><W85/><G40/><T7/><D118/><U78/><E78/><V60/><F53/><W30/><G55/><T65/><D65/><U1/><E1/><V36/><F36/><W103/><G52/><T127/><D119/><U126/><E126/><V69/><F69/><W91/><G5/><T76/><D7/><U93/><E93/><AGARI ba="0,1" hai="22,26,31,60,61,62,92,93,100,101,102" m="8255" machi="93" ten="30,3900,0" yaku="8,1,52,1,54,1" doraHai="19" who="2" fromWho="1" sc="448,0,71,-39,282,49,189,0" />
</Scene>
<Scene>
<INIT seed="2,0,0,2,0,0" ten="448,32,331,189" oya="2" hai0="119,61,133,128,75,51,68,14,131,65,22,70,63" hai1="97,110,50,10,44,101,103,4,94,25,112,87,72" hai2="96,77,49,7,126,127,81,40,58,6,120,80,9" hai3="18,46,78,31,28,102,100,1,66,20,73,45,91"/><V98/><F120/><W79/><G1/><T90/><D75/><U118/><E72/><V107/><F9/><W12/><G66/><N who="0" m="41039" /><D90/><U92/><E118/><V95/><F107/><W115/><G115/><T108/><D14/><U99/><E112/><V23/><F23/><W129/><G129/><N who="0" m="49739" /><D22/><U135/><E135/><V5/><F40/><W16/><G73/><T82/><D82/><U113/><E113/><V109/><F58/><W64/><G64/><T124/><D133/><U32/><E32/><V54/><F49/><W88/><G20/><T93/><D93/><U43/><E110/><V3/><F54/><W55/><G55/><T85/><D85/><U71/><E71/><V57/><F57/><W106/><G12/><T59/><D108/><U33/><E33/><V42/><F109/><W15/><G15/><T21/><D21/><U111/><E111/><V132/><F132/><W122/><G106/><T41/><D119/><U86/><REACH who="1" step="1"/><E25/><REACH who="1" ten="448,22,331,189" step="2"/><V74/><F3/><AGARI ba="0,1" hai="3,4,10,43,44,50,86,87,92,94,97,99,101,103" machi="3" ten="30,8000,1" yaku="1,1,2,1,7,1,9,1,52,1,53,0" doraHai="0" doraHaiUra="53" who="1" fromWho="2" sc="448,0,22,90,331,-80,189,0" />
</Scene>
<Scene>
<INIT seed="3,0,0,2,1,23" ten="448,112,251,189" oya="3" hai0="62,19,127,3,88,115,110,14,131,24,102,132,13" hai1="56,60,133,72,6,134,92,65,122,71,135,97,43" hai2="9,70,33,20,54,39,57,99,44,10,80,90,75" hai3="40,50,63,119,55,78,1,11,108,32,104,101,22"/><W126/><G32/><T46/><D110/><U124/><E72/><V106/><F33/><W91/><G119/><T8/><D127/><U87/><E124/><V107/><F70/><W79/><G126/><T94/><D132/><U37/><E122/><V117/><F117/><W35/><G35/><T96/><D131/><U53/><E87/><V52/><F39/><W85/><G22/><N who="0" m="13407" /><D3/><U83/><E83/><V48/><F75/><W30/><G30/><T17/><D115/><U4/><E43/><V100/><F107/><W28/><G28/><T51/><D62/><U12/><E12/><V114/><F114/><W25/><G25/><T89/><D14/><U66/><E37/><V69/><F69/><W95/><G104/><T59/><D59/><U118/><E118/><V67/><F67/><N who="1" m="25609" /><E71/><V74/><F74/><W84/><G1/><T42/><AGARI ba="0,0" hai="8,13,17,42,46,51,88,89,94,96,102" m="13407" machi="42" ten="30,4000,0" yaku="8,1,52,1,54,1" doraHai="23" who="0" fromWho="0" sc="448,40,112,-10,251,-10,189,-20" />
</Scene>
<Scene>
<INIT seed="4,0,0,1,2,15" ten="488,102,241,169" oya="0" hai0="132,76,75,129,56,12,6,106,81,121,133,63,118" hai1="11,33,62,43,49,13,65,110,68,1,92,87,32" hai2="131,126,17,47,3,4,130,116,80,7,10,85,2" hai3="69,67,135,19,31,112,109,46,21,23,72,82,88"/><T53/><D118/><U55/><E1/><V45/><F85/><W94/><G109/><T93/><D106/><U71/><E71/><V27/><F80/><W90/><G72/><T98/><D129/><N who="2" m="49162" /><F47/><W86/><G69/><T99/><D121/><U60/><E60/><V104/><F45/><W113/><G67/><T54/><D54/><U28/><E28/><V66/><F66/><W107/><G107/><T37/><D37/><U120/><E120/><V64/><F64/><W24/><G46/><T108/><D108/><U83/><E92/><V38/><F38/><W0/><G0/><N who="2" m="41" /><F104/><W100/><G100/><T61/><D61/><U125/><E43/><V73/><F73/><W16/><G31/><T117/><D117/><U48/><E48/><V29/><F116/><W34/><G90/><T78/><D78/><U8/><E8/><V119/><F119/><W35/><G82/><T111/><D111/><U103/><E103/><V115/><F115/><N who="3" m="44107" /><G35/><T30/><D93/><U51/><E51/><V22/><F126/><W52/><G34/><T42/><D75/><U5/><E125/><V20/><F10/><W70/><G70/><T127/><D127/><U79/><E110/><V128/><N who="2" m="49170" /><V58/><DORA hai="101" /><F58/><AGARI ba="0,0" hai="5,11,13,32,33,49,55,58,62,65,68,79,83,87" machi="58" ten="30,1000,0" yaku="7,1" doraHai="15,101" who="1" fromWho="2" sc="488,0,102,10,241,-10,169,0" />
</Scene>
<Scene>
<INIT seed="5,0,0,1,1,86" ten="488,112,231,169" oya="1" hai0="2,55,110,115,98,123,94,13,71,33,8,93,20" hai1="107,30,61,91,131,18,0,36,70,57,116,42,16" hai2="60,75,129,120,124,96,24,130,19,95,26,126,80" hai3="46,56,45,69,118,62,12,29,9,135,92,1,48"/><U40/><E70/><V119/><F60/><W101/><G1/><T50/><D33/><U74/><E0/><V84/><F75/><W59/><G69/><T108/><D71/><U22/><E116/><V31/><F19/><W82/><G29/><T68/><D68/><U114/><E114/><V65/><F65/><W133/><G118/><T38/><D38/><U67/><E36/><V66/><F66/><W109/><G109/><T7/><D94/><U111/><E111/><V21/><F24/><W11/><G82/><T72/><D72/><U51/><E131/><N who="2" m="50187" /><F119/><W117/><G117/><T14/><D2/><U128/><E128/><V85/><F120/><W113/><G46/><T44/><D115/><U102/><E74/><V99/><F21/><W43/><G113/><T47/><D123/><U35/><E35/><V23/><F23/><W37/><G37/><T15/><D20/><U88/><E107/><V105/><F26/><W125/><G62/><T112/><D112/><U127/><E102/><N who="2" m="62663" /><F31/><W49/><G11/><T87/><D110/><U90/><E127/><N who="2" m="48683" /><F80/><W104/><G125/><T76/><D108/><U28/><E18/><V103/><AGARI ba="0,0" hai="84,85,95,99,103" m="48683,62663,50187" machi="103" ten="30,7900,0" yaku="19,1,18,1,34,2" doraHai="86" who="2" fromWho="2" sc="488,-20,112,-39,231,79,169,-20" />
</Scene>
<Scene>
<INIT seed="6,0,0,1,0,90" ten="468,73,310,149" oya="2" hai0="45,84,110,75,12,88,23,28,83,126,100,116,48" hai1="92,125,89,121,96,46,13,17,108,107,77,2,135" hai2="43,41,128,5,80,130,106,50,86,61,31,79,16" hai3="85,34,36,18,54,3,52,59,37,131,111,8,35"/><V133/><F106/><W127/><G111/><T7/><D110/><U19/><E108/><V71/><F31/><W72/><G72/><T112/><D112/><U102/><E2/><V99/><F5/><W109/><G109/><T95/><D116/><U132/><E121/><V98/><F133/><W120/><G120/><T30/><D126/><U62/><E62/><V27/><F61/><W21/><G127/><T51/><D75/><U81/><E125/><V33/><F71/><W4/><G54/><N who="0" m="29967" /><D51/><U65/><E65/><V40/><F33/><W124/><G124/><T123/><D123/><U97/><E46/><V105/><F50/><W53/><G53/><T55/><D55/><U73/><E19/><V104/><F99/><W15/><G131/><N who="2" m="50217" /><F98/><W134/><G134/><N who="1" m="51242" /><E17/><V20/><AGARI ba="0,0" hai="16,20,27,40,41,43,79,80,86,104,105" m="50217" machi="20" ten="40,3900,0" yaku="19,1,54,1" doraHai="90" who="2" fromWho="2" sc="468,-13,73,-13,310,39,149,-13" />
</Scene>
<Scene>
<INIT seed="6,1,0,3,1,8" ten="455,60,349,136" oya="2" hai0="83,44,133,66,24,114,74,108,73,110,79,101,27" hai1="134,86,129,31,33,104,99,10,38,117,122,132,37" hai2="20,4,113,40,82,125,98,118,95,23,120,90,15" hai3="93,47,14,29,124,11,96,56,28,85,19,3,58"/><V0/><F0/><W57/><G3/><T60/><D74/><U36/><E10/><N who="2" m="4551" /><F120/><W103/><G124/><T77/><D77/><U26/><E86/><N who="2" m="50519" /><F118/><W100/><G85/><T111/><D114/><U18/><E18/><V5/><F113/><W64/><G100/><T107/><D133/><U51/><E51/><V17/><F5/><W80/><G80/><T109/><D109/><U91/><E91/><N who="2" m="55679" /><F125/><W116/><G116/><T105/><D101/><U78/><E78/><V128/><F128/><W135/><G135/><N who="1" m="51754" /><E117/><V84/><F40/><W71/><REACH who="3" step="1"/><G47/><REACH who="3" ten="455,60,349,126" step="2"/><T52/><D44/><U53/><E122/><V61/><F84/><W63/><AGARI ba="1,1" hai="11,14,19,28,29,56,57,58,63,64,71,93,96,103" machi="63" ten="30,7900,0" yaku="1,1,2,1,0,1,52,1,53,0" doraHai="8" doraHaiUra="106" who="3" fromWho="3" sc="455,-21,60,-21,349,-40,126,92" />
</Scene>
<Scene>
<INIT seed="7,0,0,4,2,87" ten="434,39,309,218" oya="3" hai0="39,95,129,133,0,130,41,73,2,42,108,76,20" hai1="110,63,44,4,65,28,75,72,51,107,8,111,100" hai2="62,102,124,25,46,11,9,21,58,79,35,119,112" hai3="50,67,83,32,33,45,77,113,122,34,31,93,134"/><W61/><G122/><T52/><D108/><U96/><E111/><V38/><F35/><W14/><G14/><T114/><D133/><U69/><E110/><V24/><F119/><W57/><G134/><T117/><D117/><U54/><E28/><V47/><F112/><W91/><G113/><T120/><D120/><U98/><E98/><V60/><F38/><W29/><G83/><N who="0" m="45455" /><D114/><U104/><E104/><V97/><F79/><W116/><G116/><T131/><D52/><U105/><E105/><V13/><F124/><W70/><G70/><T94/><D20/><U118/><E118/><V121/><F121/><W53/><G77/><T17/><D17/><U78/><E78/><V59/><F97/><W10/><G10/><T15/><D15/><U6/><E6/><V3/><F102/><W23/><REACH who="3" step="1"/><G23/><REACH who="3" ten="434,39,309,208" step="2"/><T56/><D0/><AGARI ba="0,1" hai="0,4,8,44,51,54,63,65,69,72,75,96,100,107" machi="0" ten="30,1000,0" yaku="7,1" doraHai="87" who="1" fromWho="0" sc="434,-10,39,20,309,0,208,0" owari="424,52.0,59,-44.0,309,11.0,208,-19.0" />
</Scene>
</mjloggm>