<mjloggm ver="2.3"><GO type="169" lobby="0"/><UN n0="%6B%69%79%6F%64%61%69" n1="%E6%B0%B4%E5%B8%8C%E2%99%AA" n2="%E5%A4%AA%E3%81%8F%E3%81%AA%E3%81%84%E3%81%8A" n3="%E3%81%8B%E3%81%AB%E3%83%9E%E3%82%B8%E3%83%B3" dan="17,16,17,17" rate="2236.94,2113.86,2227.71,2190.97" sx="M,M,M,M"/><TAIKYOKU oya="0"/>

<Scene>
<INIT seed="0,0,0,2,3,65" ten="250,250,250,250" oya="0" hai0="60,27,42,76,10,49,13,68,53,114,109,50,81" hai1="104,62,97,98,21,43,55,20,34,25,35,19,83" hai2="87,73,6,133,123,7,75,120,72,106,132,128,41" hai3="11,118,4,113,8,125,119,93,57,48,39,101,85"/><T126/><D114/><U51/><E43/><V36/><F106/><W2/><G39/><T112/><D112/><U58/><E83/><V130/><F41/><W110/><G113/><T74/><D126/><U38/><E38/><V33/><F36/><W1/><G125/><T52/><D109/><U5/><E5/><N who="2" m="1547" /><F33/><W117/><G110/><T88/><D42/><U32/><E104/><V3/><F87/><W90/><G8/><T31/><D10/><U63/><E63/><V78/><F78/><W29/><G29/><T82/><D13/><U30/><REACH who="1" step="1"/><E62/><REACH who="1" ten="250,240,250,250" step="2"/><V102/><F3/><W12/><G1/><T103/><D60/><U47/><E47/><V111/><F111/><W95/><G2/><T45/><D45/><U99/><E99/><V67/><F67/><W84/><G57/><T17/><D53/><U15/><AGARI ba="0,1" hai="15,19,20,21,25,30,32,34,35,51,55,58,97,98" machi="15" ten="30,2000,0" yaku="1,1,0,1,53,0" doraHai="65" doraHaiUra="108" who="1" fromWho="1" sc="250,-10,240,30,250,-5,250,-5" />
</Scene>
<Scene>
<INIT seed="1,0,0,3,5,29" ten="240,270,245,245" oya="1" hai0="17,10,68,37,122,19,134,47,46,76,109,133,36" hai1="111,124,85,15,110,94,35,66,116,104,3,52,88" hai2="84,42,12,113,57,18,90,39,132,49,0,26,4" hai3="70,101,48,78,77,2,20,80,54,83,121,123,67"/><U74/><E3/><V95/><F132/><W89/><G2/><T93/><D68/><U40/><E116/><V59/><F39/><W32/><G101/><T102/><D76/><U112/><E112/><V7/><F113/><W56/><G89/><T14/><D109/><N who="1" m="41483" /><E104/><V120/><F120/><W55/><G70/><T53/><D122/><U126/><E74/><V87/><F0/><W73/><G67/><T117/><D117/><U108/><N who="1" m="41491" /><U25/><DORA hai="1" /><E66/><V106/><F106/><W50/><G20/><T135/><D19/><U62/><E40/><V100/><F100/><W5/><G5/><N who="2" m="2121" /><F26/><W131/><G131/><T28/><D28/><N who="1" m="19855" /><E15/><V24/><F24/><W75/><REACH who="3" step="1"/><G32/><REACH who="3" ten="240,270,245,235" step="2"/><T91/><D135/><U27/><E27/><V6/><F6/><W81/><G81/><T60/><D134/><U8/><E8/><N who="2" m="6407" /><F87/><W41/><G41/><T43/><D43/><U114/><E114/><V51/><F42/><W79/><G79/><T13/><D133/><U86/><E85/><V44/><F44/><AGARI ba="0,1" hai="44,48,50,54,55,56,73,75,77,78,80,83,121,123" machi="44" ten="30,3900,0" yaku="1,1,7,1,9,1,53,0" doraHai="29,1" doraHaiUra="30,61" who="3" fromWho="2" sc="240,0,270,0,245,-39,235,49" />
</Scene>
<Scene>
<INIT seed="2,0,0,1,4,118" ten="240,270,206,284" oya="2" hai0="30,58,90,42,110,3,131,78,59,68,19,40,22" hai1="132,75,102,50,39,122,87,65,62,83,13,81,32" hai2="67,95,9,99,29,114,11,85,16,134,92,57,49" hai3="5,106,4,69,23,84,55,37,43,34,127,36,38"/><V89/><F89/><W56/><BYE who="2" /><G34/><T0/><D68/><U100/><E39/><V117/><F117/><W12/><G69/><T33/><D33/><U8/><E32/><V126/><F126/><W7/><G106/><T15/><D30/><U88/><E132/><V119/><F119/><W53/><G127/><UN n2="%E5%A4%AA%E3%81%8F%E3%81%AA%E3%81%84%E3%81%8A" /><T125/><D125/><U120/><E50/><V86/><F29/><W1/><G1/><T41/><D78/><U46/><E46/><V47/><F134/><W91/><G43/><T6/><D110/><U73/><E83/><V21/><F114/><W44/><G44/><T45/><D45/><U14/><E102/><N who="2" m="60775" /><F67/><W128/><G128/><T66/><D131/><U109/><E100/><V52/><F47/><W82/><REACH who="3" step="1"/><G56/><REACH who="3" ten="240,270,206,274" step="2"/><T77/><D59/><N who="1" m="37087" /><E109/><V93/><F93/><W113/><G113/><T105/><D58/><U97/><E97/><V2/><F2/><W63/><G63/><T133/><D0/><U31/><E31/><V107/><F107/><W96/><G96/><T121/><D105/><U124/><E124/><V103/><F103/><W54/><G54/><T35/><D3/><U123/><E14/><N who="2" m="9367" /><F95/><W129/><G129/><T94/><D35/><U79/><E79/><V24/><F24/><W112/><G112/><T70/><D77/><U101/><E101/><V80/><F80/><W17/><AGARI ba="0,1" hai="4,5,7,12,17,23,36,37,38,53,55,82,84,91" machi="17" ten="40,5200,0" yaku="1,1,0,1,53,1" doraHai="118" doraHaiUra="76" who="3" fromWho="3" sc="240,-13,270,-13,206,-26,274,62" />
</Scene>
<Scene>
<INIT seed="3,0,0,3,4,11" ten="227,257,180,336" oya="3" hai0="128,130,44,129,112,52,126,51,122,39,93,32,92" hai1="133,70,88,117,78,57,107,37,82,53,102,31,89" hai2="30,109,81,62,6,33,79,25,10,9,74,135,16" hai3="55,65,67,48,100,41,28,45,104,108,98,95,111"/><W26/><G104/><T84/><D122/><U35/><E37/><V20/><F109/><N who="3" m="42059" /><G55/><T34/><D126/><U83/><E70/><V5/><F135/><W71/><G71/><T94/><D112/><U99/><E83/><V1/><F62/><W91/><G91/><T13/><D39/><U134/><E117/><V132/><F132/><N who="1" m="50793" /><E31/><V77/><F81/><W75/><G75/><T103/><D103/><U46/><E35/><AGARI ba="0,0" hai="26,28,35,41,45,48,65,67,95,98,100" m="42059" machi="35" ten="30,2900,0" yaku="14,1,10,1" doraHai="11" who="3" fromWho="1" sc="227,0,257,-29,180,0,336,29" />
</Scene>
<Scene>
<INIT seed="3,1,0,0,3,105" ten="227,228,180,365" oya="3" hai0="34,63,102,11,108,90,35,58,115,3,54,82,122" hai1="94,77,32,113,61,79,25,103,123,44,116,84,83" hai2="67,72,132,24,89,18,27,85,51,14,128,52,65" hai3="13,43,37,26,133,53,16,15,129,9,131,86,130"/><W4/><G133/><T74/><D122/><U6/><E123/><V104/><F104/><W59/><G86/><T66/><D108/><U62/><E113/><V76/><F132/><W36/><G26/><N who="2" m="9769" /><F76/><W119/><G43/><T64/><D102/><U57/><E116/><V99/><F99/><W135/><G135/><T110/><D110/><U21/><E32/><V121/><F72/><W127/><G127/><T97/><D115/><U39/><E77/><V29/><F29/><W96/><G96/><T101/><D35/><U55/><E39/><V10/><F128/><W109/><G119/><T46/><D34/><U120/><E120/><V38/><F38/><W75/><G75/><T95/><D46/><U117/><E117/><V92/><F121/><W28/><G28/><T91/><D91/><U114/><E114/><V42/><F42/><W69/><G69/><T22/><D22/><U73/><E6/><V49/><F49/><N who="3" m="31151" /><G109/><T60/><D60/><U1/><E1/><V47/><AGARI ba="1,0" hai="10,14,18,47,51,52,65,67,85,89,92" m="9769" machi="47" ten="30,2000,0" yaku="8,1,54,1" doraHai="105" who="2" fromWho="2" sc="227,-6,228,-6,180,23,365,-11" />
</Scene>
<Scene>
<INIT seed="4,0,0,4,4,1" ten="221,222,203,354" oya="0" hai0="3,126,77,88,63,110,66,70,0,30,35,59,111" hai1="53,31,80,103,51,41,56,46,108,11,74,12,73" hai2="87,45,36,57,17,84,78,69,37,97,115,99,71" hai3="122,123,61,49,100,130,104,7,113,120,106,85,34"/><T98/><D77/><U24/><E108/><N who="0" m="41513" /><D126/><U42/><E103/><V86/><F78/><W134/><G134/><T2/><D30/><U117/><E117/><V81/><F81/><W109/><G109/><T10/><D35/><U72/><E80/><V27/><F57/><W131/><G34/><T89/><D70/><U23/><REACH who="1" step="1"/><E46/><REACH who="1" ten="221,212,203,354" step="2"/><V107/><F45/><W33/><G100/><T75/><D75/><U91/><E91/><N who="0" m="34889" /><D98/><U6/><AGARI ba="0,1" hai="6,11,12,23,24,31,41,42,51,53,56,72,73,74" machi="6" ten="30,4000,0" yaku="1,1,0,1,52,1,53,0" doraHai="1" doraHaiUra="114" who="1" fromWho="1" sc="221,-20,212,50,203,-10,354,-10" />
</Scene>
<Scene>
<INIT seed="5,0,0,4,3,20" ten="201,262,193,344" oya="1" hai0="119,99,34,57,92,65,1,53,9,36,121,54,79" hai1="125,55,94,68,30,124,58,21,80,69,32,24,104" hai2="107,122,112,56,127,29,93,37,90,102,67,109,62" hai3="95,113,110,2,111,44,11,7,118,13,100,114,17"/><U103/><E104/><V6/><F109/><N who="3" m="41483" /><G95/><T8/><D36/><U38/><E38/><V74/><F122/><W78/><G100/><T50/><D34/><U131/><E131/><V108/><F108/><W60/><G78/><T35/><D35/><U96/><E80/><V23/><F37/><W133/><G44/><T72/><D119/><U81/><E81/><V15/><F74/><W87/><G87/><T33/><D33/><U0/><E0/><V105/><F127/><N who="1" m="48713" /><E32/><V71/><F71/><W48/><G48/><AGARI ba="0,0" hai="21,24,30,48,55,58,68,69,94,96,103" m="48713" machi="48" ten="30,2900,0" yaku="18,1,52,1" doraHai="20" who="1" fromWho="3" sc="201,0,262,29,193,0,344,-29" />
</Scene>
<Scene>
<INIT seed="5,1,0,2,2,114" ten="201,291,193,315" oya="1" hai0="94,95,69,20,99,70,23,107,96,110,103,42,17" hai1="120,38,27,83,89,47,68,85,40,61,24,105,88" hai2="1,60,77,82,32,128,76,106,126,78,87,37,59" hai3="121,104,52,41,117,63,72,74,12,9,43,58,30"/><U116/><E120/><V92/><F106/><W131/><G121/><T122/><D110/><U53/><E105/><V29/><F1/><W25/><G104/><T112/><D107/><U39/><E39/><V15/><F37/><W86/><G131/><T134/><D122/><U36/><E36/><V11/><F128/><W98/><G98/><T93/><D93/><U56/><E116/><V4/><F126/><W35/><G117/><T97/><D97/><U109/><E109/><V55/><F32/><W101/><G101/><T22/><D112/><U65/><REACH who="1" step="1"/><E89/><REACH who="1" ten="201,281,193,315" step="2"/><N who="2" m="53311" /><F29/><W127/><G127/><T13/><D134/><U129/><E129/><V115/><F115/><W119/><G119/><T54/><D70/><U18/><E18/><V49/><F49/><AGARI ba="1,1" hai="24,27,38,40,47,49,53,56,61,65,68,83,85,88" machi="49" ten="30,12000,1" yaku="1,1,7,1,24,2,54,1,53,0" doraHai="114" doraHaiUra="0" who="1" fromWho="2" sc="201,0,281,133,193,-123,315,0" />
</Scene>
<Scene>
<INIT seed="5,2,0,3,3,84" ten="201,414,70,315" oya="1" hai0="32,7,45,128,23,109,78,115,94,87,27,70,38" hai1="108,104,123,3,83,41,119,93,134,77,96,85,122" hai2="106,90,91,129,130,135,16,18,12,31,62,11,5" hai3="4,111,47,1,51,56,54,42,14,73,63,30,60"/><U118/><E3/><V6/><F106/><W127/><G111/><T125/><D70/><U95/><E41/><V74/><F74/><W58/><G73/><T112/><D32/><U53/><E53/><V37/><F37/><W8/><G127/><T69/><D69/><U55/><E55/><V65/><F31/><W92/><G30/><T34/><D34/><U113/><E113/><V57/><F135/><W59/><G1/><T80/><D109/><U13/><E13/><V107/><F107/><W105/><G105/><T132/><D132/><U43/><E43/><V86/><F18/><W97/><REACH who="3" step="1"/><G63/><REACH who="3" ten="201,414,70,305" step="2"/><T64/><D125/><U116/><E108/><V72/><F72/><W28/><G28/><T19/><D115/><U17/><E134/><V71/><F71/><W110/><G110/><T114/><D114/><U102/><E17/><V101/><F101/><AGARI ba="2,1" hai="4,8,14,42,47,51,54,56,58,59,60,92,97,101" machi="101" ten="30,7700,0" yaku="1,1,7,1,8,1,53,1" doraHai="84" doraHaiUra="88" who="3" fromWho="2" sc="201,0,414,0,70,-83,305,93" owari="201,-20.0,414,51.0,-13,-51.0,398,20.0" />
</Scene>
</mjloggm>