<mjloggm ver="2.3"><GO type="169" lobby="0"/><UN n0="%EF%BC%84%E3%83%8A%E3%83%8A%E3%82%B7%E3%83%BC%EF%BF%A5" n1="%E5%A4%AA%E3%81%8F%E3%81%AA%E3%81%84%E3%81%8A" n2="%6D%69%6E%32%30%30%32" n3="%E3%81%92%E3%82%93%E3%81%9F%E3%82%8D%EF%BD%9E" dan="17,17,16,17" rate="2108.39,2141.27,2119.98,2136.91" sx="M,M,F,M"/><TAIKYOKU oya="0"/>

<Scene>
<INIT seed="0,0,0,4,4,1" ten="250,250,250,250" oya="0" hai0="80,39,109,106,72,30,53,77,37,16,69,52,15" hai1="36,14,7,25,103,8,100,62,22,105,11,92,47" hai2="3,40,94,0,125,68,108,124,19,79,35,134,41" hai3="91,114,133,122,61,98,111,83,90,116,32,135,21"/><T34/><D69/><U107/><E62/><V115/><F115/><W29/><G114/><T67/><D67/><U31/><E92/><V51/><F108/><W26/><G116/><T10/><D106/><U102/><REACH who="1" step="1"/><E8/><REACH who="1" ten="250,240,250,250" step="2"/><V63/><F94/><W60/><G60/><T57/><D109/><U12/><E12/><V13/><F63/><W45/><G61/><T104/><D104/><U75/><E75/><V74/><F74/><W49/><G111/><T88/><D72/><U110/><E110/><V112/><F112/><W78/><G135/><T128/><D128/><U95/><E95/><V64/><F134/><W18/><G133/><T20/><D34/><U23/><E23/><V123/><F123/><W129/><G122/><T50/><D53/><U99/><E99/><V130/><F35/><W48/><G98/><T101/><D101/><U66/><E66/><V97/><F64/><W119/><G129/><T58/><D58/><U4/><E4/><V93/><F130/><W54/><G119/><T127/><D127/><U2/><E2/><V24/><F3/><W33/><G33/><T81/><D81/><U56/><E56/><V6/><F0/><W82/><G82/><T38/><D80/><U55/><E55/><V27/><F93/><W85/><REACH who="3" step="1"/><G49/><REACH who="3" ten="250,240,250,240" step="2"/><T86/><D50/><U132/><E132/><V87/><F51/><W71/><G71/><T117/><D117/><U43/><AGARI ba="0,2" hai="7,11,14,22,25,31,36,43,47,100,102,103,105,107" machi="43" ten="30,4000,0" yaku="1,1,0,1,52,1,53,0" doraHai="1" doraHaiUra="126" who="1" fromWho="1" sc="250,-20,240,60,250,-10,240,-10" />
</Scene>
<Scene>
<INIT seed="1,0,0,0,3,41" ten="230,300,240,230" oya="1" hai0="3,86,44,125,103,82,119,37,49,51,76,21,70" hai1="16,58,116,111,87,1,79,81,65,124,53,93,78" hai2="6,45,66,90,18,68,13,99,50,113,123,26,98" hai3="11,117,40,61,73,29,135,9,77,20,8,88,38"/><U95/><E116/><V108/><F123/><W101/><G117/><T100/><D119/><U92/><E1/><V17/><F108/><W34/><G34/><T109/><D109/><U102/><E111/><V35/><F113/><W59/><G135/><T97/><D70/><U127/><E65/><V23/><F35/><W104/><G77/><T2/><D125/><N who="1" m="48203" /><E16/><V36/><F36/><W62/><G73/><T131/><D131/><U129/><E129/><V22/><F6/><W15/><G104/><T54/><D37/><U43/><E43/><V0/><F0/><W63/><G101/><T46/><D103/><U52/><E102/><V19/><F19/><W128/><G128/><T12/><D21/><U25/><E25/><V74/><F74/><W114/><G114/><T106/><REACH who="0" step="1"/><D12/><REACH who="0" ten="220,300,240,230" step="2"/><U132/><E132/><V47/><F68/><W71/><G71/><T134/><D134/><U69/><E69/><V42/><F13/><W105/><G15/><T133/><D133/><U55/><E79/><V57/><F22/><W60/><G20/><T24/><D24/><U14/><E14/><V96/><F23/><W33/><G33/><T94/><D94/><N who="1" m="24067" /><U112/><DORA hai="64" /><E112/><V83/><F26/><W126/><G126/><T4/><D4/><U32/><E32/><V48/><F83/><W121/><G9/><T80/><D80/><U115/><E115/><V5/><F5/><W28/><G8/><T89/><D89/><U122/><E122/><V67/><F90/><W10/><G11/><T84/><D84/><U31/><E31/><V56/><F99/><W7/><G10/><RYUUKYOKU ba="0,1" sc="220,10,300,10,240,10,230,-30" hai0="2,3,44,46,49,51,54,76,82,86,97,100,106" hai1="52,53,55,58,78,81,87" hai2="17,18,42,45,47,48,50,56,57,66,67,96,98" />
</Scene>
<Scene>
<INIT seed="1,1,1,5,1,13" ten="230,310,250,200" oya="1" hai0="29,104,94,38,1,31,56,69,66,14,25,9,81" hai1="18,73,106,98,83,24,88,50,77,57,30,125,4" hai2="51,85,2,110,92,26,71,89,45,134,126,68,99" hai3="39,41,36,103,62,132,107,58,27,113,65,128,15"/><U53/><E4/><V111/><F2/><W79/><G113/><T46/><D104/><U116/><E116/><V101/><F134/><W47/><G132/><T121/><D1/><U117/><E117/><V75/><F75/><W34/><G128/><T86/><D69/><U67/><E125/><V7/><F7/><W130/><G130/><T48/><D121/><U120/><E120/><V21/><F126/><W16/><G79/><T124/><D38/><U129/><E129/><V64/><F64/><W49/><G103/><T100/><D124/><U80/><E67/><V82/><F51/><W108/><G107/><T12/><D12/><U20/><E106/><V23/><F45/><W96/><G96/><T44/><D44/><U118/><E118/><V55/><F55/><W127/><G108/><N who="2" m="41513" /><F23/><W63/><G127/><T35/><D31/><AGARI ba="1,1" hai="21,26,31,68,71,82,85,89,92,99,101" m="41513" machi="31" ten="30,1000,0" yaku="14,1" doraHai="13" who="2" fromWho="0" sc="230,-13,310,0,250,23,200,0" />
</Scene>
<Scene>
<INIT seed="2,0,0,3,1,66" ten="217,310,273,200" oya="2" hai0="129,103,95,79,5,49,108,8,83,97,84,92,117" hai1="15,30,119,93,68,99,14,85,28,128,73,25,24" hai2="6,58,45,106,132,76,90,53,96,20,46,61,19" hai3="33,116,74,12,122,38,22,63,135,18,131,98,88"/><V50/><F132/><W0/><G116/><T67/><D108/><U7/><E73/><V113/><F113/><W37/><G122/><T43/><D129/><U125/><E119/><V52/><F6/><W81/><G131/><T16/><D117/><U104/><E128/><V64/><F76/><W70/><G0/><T4/><D67/><U134/><E134/><V115/><F115/><W109/><G33/><T54/><D43/><U94/><E125/><V78/><F78/><W3/><G3/><T127/><D95/><U65/><E104/><V27/><F106/><W60/><G109/><T124/><D124/><U34/><E85/><V10/><F10/><W55/><G135/><T101/><D101/><U17/><E7/><V80/><F96/><W23/><G63/><T40/><D40/><U89/><E94/><V57/><F53/><W118/><G118/><T21/><D8/><U107/><E107/><V47/><F47/><W2/><G2/><T130/><D127/><U62/><REACH who="1" step="1"/><E17/><REACH who="1" ten="217,300,273,200" step="2"/><V31/><F19/><W9/><G74/><T44/><REACH who="0" step="1"/><D130/><REACH who="0" ten="207,300,273,200" step="2"/><U56/><E56/><V51/><F58/><W35/><G81/><T13/><AGARI ba="0,2" hai="4,5,13,16,21,44,49,54,79,83,84,92,97,103" machi="13" ten="20,12000,2" yaku="1,1,2,1,0,1,7,1,8,1,54,1,53,0" doraHai="66" doraHaiUra="102" who="0" fromWho="0" sc="207,140,300,-30,273,-60,200,-30" />
</Scene>
<Scene>
<INIT seed="3,0,0,3,0,93" ten="347,270,213,170" oya="3" hai0="120,73,100,110,33,66,14,122,20,22,107,86,43" hai1="29,132,119,56,106,83,24,89,72,51,90,28,103" hai2="6,8,116,102,125,5,71,26,46,113,30,41,65" hai3="63,44,0,12,134,31,3,124,60,49,70,96,104"/><W38/><G38/><T16/><D110/><U128/><E128/><V39/><F116/><W82/><G134/><T15/><D73/><U35/><E132/><V95/><F113/><W130/><G130/><T78/><D33/><U37/><E37/><V18/><F125/><W4/><G124/><T50/><D66/><U13/><E119/><V67/><F18/><W36/><G36/><T129/><D129/><U97/><E28/><V10/><F71/><W58/><G31/><T126/><D126/><U85/><E72/><V88/><F102/><W75/><G70/><T123/><D100/><U76/><REACH who="1" step="1"/><E13/><REACH who="1" ten="347,260,213,170" step="2"/><V91/><F30/><W99/><G12/><T54/><D14/><U52/><AGARI ba="0,1" hai="24,29,35,51,52,56,76,83,85,89,90,97,103,106" machi="52" ten="30,8000,1" yaku="1,1,2,1,0,1,52,1,54,1,53,0" doraHai="93" doraHaiUra="131" who="1" fromWho="1" sc="347,-20,260,90,213,-20,170,-40" />
</Scene>
<Scene>
<INIT seed="4,0,0,4,2,60" ten="327,350,193,130" oya="0" hai0="68,19,20,4,133,108,92,112,8,53,110,2,97" hai1="58,98,37,120,41,129,84,78,7,29,122,74,117" hai2="135,90,51,70,79,131,105,42,89,18,21,80,113" hai3="107,115,104,85,99,124,88,71,1,56,16,100,57"/><T75/><D75/><U43/><E117/><V49/><F105/><W94/><G1/><T83/><D83/><U116/><E116/><V25/><F70/><W130/><G115/><T87/><D87/><U45/><E129/><V33/><F113/><W32/><G130/><T95/><D112/><U14/><E41/><V111/><F111/><N who="0" m="42538" /><D133/><U73/><E29/><V102/><F102/><W65/><G124/><T118/><D118/><U6/><E98/><V132/><F131/><W126/><G126/><T35/><D35/><U36/><E84/><N who="2" m="48159" /><F33/><W134/><G134/><N who="2" m="51241" /><F42/><W54/><G107/><T61/><D97/><U3/><E14/><V127/><F127/><W125/><G125/><T103/><D103/><U26/><E26/><V50/><AGARI ba="0,0" hai="18,21,25,49,50,51,89,90" m="51241,48159" machi="50" ten="30,1100,0" yaku="20,1" doraHai="60" who="2" fromWho="2" sc="327,-5,350,-3,193,11,130,-3" />
</Scene>
<Scene>
<INIT seed="5,0,0,5,5,38" ten="322,347,204,127" oya="1" hai0="129,34,8,126,12,70,114,1,109,60,58,92,66" hai1="99,51,132,85,77,75,125,95,108,46,29,61,10" hai2="40,39,45,104,105,86,55,87,79,14,54,90,89" hai3="52,96,93,59,76,112,124,32,56,97,82,30,35"/><U25/><E75/><V115/><F79/><W73/><G112/><T36/><D109/><U23/><E108/><V33/><F33/><W21/><G124/><T64/><D1/><U57/><E125/><V91/><F115/><W71/><G71/><T134/><D126/><U135/><E10/><V72/><F72/><W69/><G69/><T117/><D114/><U131/><E131/><V65/><F65/><W128/><G59/><T18/><D34/><U47/><E85/><V84/><REACH who="2" step="1"/><F14/><REACH who="2" ten="322,347,194,127" step="2"/><W107/><G128/><T111/><D129/><U78/><E77/><V11/><F11/><W0/><G0/><T98/><D111/><U3/><E78/><V42/><F42/><W16/><G35/><T22/><D8/><U122/><E3/><V63/><F63/><W80/><G32/><T7/><D12/><U31/><E61/><V83/><F83/><W37/><G82/><T120/><D66/><U127/><E127/><V110/><F110/><W81/><G81/><T68/><D64/><U28/><E135/><V123/><F123/><W53/><G73/><T9/><D120/><U130/><E132/><V50/><F50/><W118/><G76/><T62/><D134/><U13/><E122/><V20/><F20/><W74/><G21/><T44/><D70/><U106/><E130/><V43/><F43/><W27/><G80/><T133/><D68/><U121/><E121/><V49/><F49/><N who="3" m="30735" /><G74/><T113/><D133/><U101/><E13/><V94/><F94/><W2/><G93/><T103/><D113/><U5/><E95/><V116/><F116/><W119/><G118/><RYUUKYOKU ba="0,1" sc="322,-10,347,-10,194,30,127,-10" hai2="39,40,45,54,55,84,86,87,89,90,91,104,105" />
</Scene>
<Scene>
<INIT seed="6,1,1,1,2,11" ten="312,337,224,117" oya="2" hai0="115,134,103,116,32,6,18,120,62,64,67,7,9" hai1="5,30,135,55,40,3,128,71,12,10,110,77,124" hai2="24,114,127,118,34,70,33,26,95,78,90,36,42" hai3="75,132,66,98,97,69,0,96,100,91,27,87,25"/><V1/><F118/><W89/><G0/><T44/><D120/><U80/><E110/><V105/><F105/><W111/><G111/><T47/><D32/><U129/><E71/><V28/><F70/><W106/><G75/><T31/><D31/><U56/><E40/><V8/><F78/><W101/><G132/><T16/><D134/><U65/><E65/><N who="0" m="25161" /><D115/><U121/><E30/><V54/><F114/><W117/><G117/><T79/><D62/><N who="1" m="36127" /><E135/><V50/><F127/><W125/><G125/><T23/><D116/><U107/><E107/><V73/><F73/><W17/><G66/><T37/><D37/><U14/><E124/><V93/><F42/><W131/><G69/><T119/><D119/><U104/><E104/><V74/><F74/><W48/><G131/><N who="1" m="50250" /><E121/><V52/><F36/><W84/><G48/><T21/><D103/><N who="3" m="39497" /><G106/><T53/><D79/><U122/><E122/><V92/><F90/><N who="3" m="34315" /><G17/><T43/><D43/><U60/><E60/><V19/><F50/><W112/><G112/><T35/><D35/><U22/><E22/><V72/><F72/><AGARI ba="1,1" hai="3,5,10,12,14,72,77,80" m="50250,36127" machi="72" ten="30,3900,0" yaku="19,1,52,2" doraHai="11" who="1" fromWho="2" sc="312,0,337,52,224,-42,117,0" />
</Scene>
<Scene>
<INIT seed="7,0,0,3,0,111" ten="312,389,182,117" oya="3" hai0="123,103,94,17,85,105,28,66,41,45,42,50,101" hai1="47,63,19,22,70,67,51,40,77,116,15,88,24" hai2="62,131,76,56,71,121,2,53,20,114,4,12,29" hai3="81,99,72,61,21,126,108,125,11,68,49,64,133"/><W1/><G108/><T122/><D105/><U14/><E116/><V46/><F2/><W43/><G133/><T96/><D103/><U134/><E134/><V13/><F71/><W10/><G21/><T18/><D28/><U86/><E77/><V82/><F29/><W60/><G99/><T106/><D66/><U27/><E27/><V104/><F104/><W132/><G132/><T7/><D7/><U57/><E57/><V59/><F20/><W83/><G61/><T69/><D69/><U58/><E58/><V31/><F31/><W98/><G98/><T120/><D42/><U119/><E119/><V65/><F62/><W0/><G0/><T32/><D32/><U78/><E78/><V52/><F65/><W129/><G129/><T74/><D74/><U36/><E51/><V93/><F131/><W35/><G35/><T100/><D100/><U87/><E87/><V95/><F121/><W89/><G81/><AGARI ba="0,0" hai="14,15,19,22,24,36,40,47,63,67,70,81,86,88" machi="81" ten="30,2000,0" yaku="7,1,54,1" doraHai="111" who="1" fromWho="3" sc="312,0,389,20,182,0,117,-20" owari="312,11.0,409,51.0,182,-22.0,97,-40.0" />
</Scene>
</mjloggm>