<mjloggm ver="2.3"><GO type="169" lobby="0"/><UN n0="%E5%A4%AA%E3%81%8F%E3%81%AA%E3%81%84%E3%81%8A" n1="%E5%A4%8F%E3%81%99%E3%81%9A%E3%81%BF%EF%BC%A0%E8%83%A1%E7%93%9C" n2="%E3%83%8B%E3%83%BC%E3%83%88%E7%A4%BE%E9%95%B7" n3="%4A%61%6E%2D%4D%61%63%68" dan="17,16,17,17" rate="2150.90,2042.61,2141.71,2156.59" sx="M,F,M,M"/><TAIKYOKU oya="0"/>

<Scene>
<INIT seed="0,0,0,4,3,116" ten="250,250,250,250" oya="0" hai0="34,3,29,80,25,81,132,75,78,23,119,42,125" hai1="50,32,76,35,70,106,36,37,43,59,92,20,61" hai2="73,85,79,65,86,19,54,127,58,12,28,93,120" hai3="16,21,126,131,53,48,38,30,64,102,11,82,68"/><T77/><D119/><U55/><E106/><V101/><F127/><W99/><G38/><T60/><D125/><U1/><E1/><V45/><F120/><W8/><G30/><T98/><D132/><U2/><E2/><V39/><F28/><W27/><G131/><T112/><D112/><U69/><E76/><V10/><F73/><W22/><G82/><T123/><D3/><U87/><E37/><V95/><F65/><W121/><G121/><T133/><D133/><U62/><E62/><V18/><F45/><W72/><G72/><T5/><D123/><U91/><E20/><V124/><F124/><W134/><G68/><T33/><D5/><U89/><E70/><V52/><F39/><W128/><G64/><T17/><D42/><U31/><E31/><V67/><F67/><W15/><G128/><T111/><D60/><U57/><E89/><V130/><F130/><W71/><G71/><T26/><D98/><U0/><E0/><V84/><F79/><W118/><G118/><T94/><D94/><N who="2" m="35850" /><F101/><W114/><G114/><T96/><D96/><U129/><E129/><V97/><F97/><W115/><G115/><T41/><D41/><U9/><E59/><V56/><F18/><N who="3" m="12759" /><G134/><T46/><D46/><N who="1" m="25951" /><E36/><V7/><F19/><W6/><G6/><T40/><D40/><U109/><E69/><V83/><F83/><W14/><G126/><T117/><D117/><U51/><E109/><V113/><F113/><W108/><G108/><T63/><D111/><U74/><E74/><V88/><F88/><W47/><G15/><T103/><D75/><U24/><E35/><RYUUKYOKU ba="0,0" sc="250,-15,250,-15,250,15,250,15" hai2="7,10,12,52,54,56,58,84,85,86" hai3="8,11,14,16,21,47,48,53,99,102" />
</Scene>
<Scene>
<INIT seed="1,1,0,1,1,19" ten="235,235,265,265" oya="1" hai0="53,57,115,9,33,26,118,126,37,10,70,18,28" hai1="105,62,13,32,128,78,86,65,75,113,100,88,54" hai2="31,83,43,50,124,79,46,25,120,11,76,101,135" hai3="91,89,130,22,30,110,114,123,35,103,20,55,56"/><U98/><E113/><V92/><F120/><W107/><G123/><T34/><D115/><U0/><E0/><V15/><F135/><W17/><G114/><T131/><D118/><U38/><E128/><V3/><F3/><W2/><G2/><T94/><D70/><U125/><E125/><V36/><F36/><W132/><G35/><T134/><D37/><U104/><E32/><V121/><F121/><W23/><G132/><T112/><D134/><U82/><E38/><V5/><F124/><W4/><G107/><T85/><D126/><U106/><E54/><V71/><F71/><W6/><G103/><T90/><D112/><U14/><E106/><V102/><F92/><W40/><G30/><T7/><D131/><U108/><E108/><V45/><F45/><W72/><G72/><T129/><D129/><U111/><E111/><V64/><F64/><W48/><G17/><T51/><D7/><N who="3" m="2601" /><G110/><T68/><D68/><U73/><E73/><V133/><F76/><W12/><G12/><T21/><REACH who="0" step="1"/><D34/><REACH who="0" ten="225,235,265,265" step="2"/><U67/><E105/><V63/><F133/><W59/><G130/><T116/><D116/><U42/><E104/><V99/><F5/><W24/><G24/><AGARI ba="1,1" hai="9,10,18,21,24,26,28,33,51,53,57,85,90,94" machi="24" ten="30,3900,0" yaku="1,1,7,1,52,1,53,0" doraHai="19" doraHaiUra="95" who="0" fromWho="3" sc="225,52,235,0,265,0,265,-42" />
</Scene>
<Scene>
<INIT seed="2,0,0,5,4,14" ten="277,235,265,223" oya="2" hai0="74,42,12,3,8,38,93,106,101,81,63,127,123" hai1="40,37,75,54,109,31,24,32,77,60,71,100,115" hai2="104,61,76,11,27,80,62,134,25,22,114,69,23" hai3="110,78,105,83,102,129,46,20,57,119,117,84,68"/><V121/><F114/><W30/><G68/><T122/><D93/><U48/><E109/><V6/><F121/><W55/><G46/><N who="0" m="23895" /><D63/><U1/><E115/><V116/><F116/><W49/><G110/><T96/><D12/><U89/><E1/><V43/><F104/><W21/><G129/><T19/><D19/><U132/><E132/><V85/><F134/><W35/><G35/><T29/><D29/><U128/><E128/><V65/><F43/><W9/><G105/><T16/><D16/><U88/><E100/><V82/><F62/><W98/><G117/><T44/><D44/><U17/><E17/><V113/><F113/><W94/><G119/><T125/><D81/><U112/><E112/><V118/><F118/><W72/><G72/><T10/><D74/><U111/><E111/><V33/><F80/><W87/><G87/><T56/><D56/><N who="1" m="32839" /><E77/><V126/><F126/><N who="0" m="48138" /><D3/><U39/><E75/><V5/><F33/><W108/><G108/><T51/><D51/><U7/><E7/><V97/><F97/><W86/><G86/><T73/><D73/><U131/><E131/><V2/><REACH who="2" step="1"/><F5/><REACH who="2" ten="277,235,255,223" step="2"/><W45/><G83/><T34/><D34/><U50/><E39/><V4/><F4/><W36/><G36/><T90/><D123/><U91/><E37/><V15/><F15/><W124/><G124/><T41/><D41/><U95/><E40/><V28/><F28/><W26/><G30/><T67/><D122/><U130/><E130/><V66/><F66/><W47/><G98/><N who="0" m="61751" /><D67/><N who="1" m="41447" /><E50/><V70/><F70/><W135/><G49/><T53/><D53/><U92/><AGARI ba="0,1" hai="24,31,32,88,89,91,92,95" m="41447,32839" machi="92" ten="30,2000,0" yaku="5,1,54,1" doraHai="14" who="1" fromWho="1" sc="277,-5,235,30,255,-10,223,-5" />
</Scene>
<Scene>
<INIT seed="3,0,0,0,4,47" ten="272,265,245,218" oya="3" hai0="108,69,92,25,91,66,113,29,5,61,71,80,122" hai1="115,111,58,54,84,60,42,98,24,20,81,49,36" hai2="19,44,103,48,16,118,128,52,65,100,0,78,40" hai3="67,3,90,135,9,59,8,114,82,88,37,32,22"/><W70/><G70/><T6/><D122/><U83/><E115/><V26/><F118/><W126/><G32/><T86/><D113/><U97/><E111/><V129/><F0/><W18/><G37/><T93/><D71/><U7/><E7/><V1/><F1/><W76/><G3/><T12/><D108/><U79/><E36/><V116/><F116/><W77/><G135/><T101/><D12/><U56/><E83/><V64/><F78/><N who="3" m="30315" /><G126/><T121/><D121/><U109/><E109/><V104/><F104/><W89/><G82/><T119/><D119/><U112/><E112/><V53/><F128/><W62/><G114/><T102/><D92/><U35/><E35/><V27/><F129/><W14/><AGARI ba="0,0" hai="8,9,14,18,22,59,62,67,88,89,90" m="30315" machi="14" ten="30,3000,0" yaku="8,1,54,1" doraHai="47" who="3" fromWho="3" sc="272,-10,265,-10,245,-10,218,30" />
</Scene>
<Scene>
<INIT seed="3,1,0,5,4,20" ten="262,255,235,248" oya="3" hai0="108,128,98,15,52,112,26,114,111,34,73,23,96" hai1="6,16,43,45,44,133,110,77,13,103,79,100,132" hai2="92,11,49,120,105,12,61,31,82,35,9,75,94" hai3="60,58,2,56,50,51,37,135,7,0,42,81,126"/><W78/><G135/><N who="1" m="51786" /><E110/><N who="0" m="42025" /><D73/><U91/><E6/><V4/><F105/><W14/><G126/><T87/><D34/><U8/><E91/><V130/><F130/><W124/><G124/><T74/><D74/><U29/><E29/><V97/><F31/><W70/><G70/><T38/><D38/><N who="1" m="21623" /><E45/><V134/><F35/><W109/><G109/><T65/><D65/><U90/><E90/><V101/><F120/><W66/><G37/><T86/><D15/><U69/><E69/><V104/><F134/><W64/><G14/><T5/><D5/><U10/><E10/><V39/><F9/><W63/><G7/><T28/><D128/><U83/><E83/><V41/><F12/><W30/><G30/><T88/><D87/><U117/><E117/><V131/><F131/><W62/><G42/><T127/><D127/><U21/><E8/><V19/><F11/><W119/><G119/><T3/><D3/><N who="3" m="1065" /><G81/><N who="0" m="49231" /><D52/><U22/><E21/><V25/><F4/><W118/><G78/><AGARI ba="1,0" hai="13,16,22,77,78,79,100,103" m="21623,51786" machi="78" ten="30,2000,0" yaku="20,1,54,1" doraHai="20" who="1" fromWho="3" sc="262,0,255,23,235,0,248,-23" />
</Scene>
<Scene>
<INIT seed="4,0,0,5,0,49" ten="262,278,235,225" oya="0" hai0="48,30,23,31,93,16,63,114,2,10,89,117,47" hai1="8,119,62,0,80,68,56,36,38,135,112,21,46" hai2="120,39,24,59,100,76,40,96,82,34,43,84,125" hai3="37,22,66,106,111,133,12,60,134,81,51,97,7"/><T121/><D117/><U109/><E109/><V92/><F120/><W131/><G37/><T108/><D121/><U41/><E135/><N who="3" m="51722" /><G81/><T17/><D108/><U95/><E112/><V128/><F125/><W103/><G111/><T115/><D63/><U14/><E38/><V123/><F128/><W55/><G131/><T45/><D2/><U99/><E80/><V129/><F129/><W124/><G124/><T74/><D74/><U52/><E119/><V71/><F71/><N who="3" m="42439" /><G22/><T116/><D116/><U83/><E21/><V58/><F123/><W101/><G101/><T26/><D17/><U69/><E83/><V85/><F39/><W9/><G51/><T5/><D5/><U90/><E0/><V64/><F34/><W15/><G15/><T50/><D114/><U78/><E78/><V61/><F24/><W132/><N who="3" m="51730" /><W6/><DORA hai="44" /><G6/><AGARI ba="0,0" hai="6,8,14,36,41,46,52,56,62,68,69,90,95,99" machi="6" ten="30,3900,0" yaku="7,1,52,1,54,1" doraHai="49,44" who="1" fromWho="3" sc="262,0,278,39,235,0,225,-39" />
</Scene>
<Scene>
<INIT seed="5,0,0,4,2,65" ten="262,317,235,186" oya="1" hai0="24,128,49,110,133,22,6,10,36,73,78,102,25" hai1="89,84,88,42,59,69,46,115,19,4,132,27,87" hai2="86,125,60,76,33,68,53,120,98,74,112,58,80" hai3="51,16,119,61,32,83,54,91,57,7,18,14,101"/><U5/><E69/><V114/><F125/><W96/><G32/><T117/><D110/><U71/><E71/><V52/><F120/><W72/><G119/><T81/><D36/><U105/><E105/><V70/><F33/><W13/><G72/><T82/><D117/><U113/><E132/><V11/><F98/><W63/><G7/><N who="1" m="2634" /><E59/><N who="2" m="34919" /><F11/><W1/><G1/><T67/><D133/><U34/><E34/><V116/><F116/><W124/><G124/><T15/><D128/><U12/><E27/><V37/><F37/><W39/><G39/><T118/><D118/><U50/><E113/><N who="2" m="43627" /><F74/><W26/><G26/><T131/><D131/><U38/><E38/><V135/><F135/><W0/><G0/><T93/><D24/><U56/><E115/><V23/><F23/><N who="3" m="11663" /><G101/><T122/><D102/><U31/><E31/><V108/><F108/><W123/><G123/><T28/><D122/><U104/><E19/><V130/><F130/><W79/><G79/><T129/><D129/><U111/><E89/><V85/><F85/><N who="3" m="50623" /><G96/><T77/><D73/><U45/><E87/><V99/><F99/><W55/><G55/><T134/><D134/><U3/><E84/><V121/><F121/><W20/><AGARI ba="0,0" hai="14,18,20,51,54,57,61,63" m="50623,11663" machi="20" ten="30,2000,0" yaku="8,1,54,1" doraHai="65" who="3" fromWho="3" sc="262,-5,317,-10,235,-5,186,20" />
</Scene>
<Scene>
<INIT seed="6,0,0,4,1,1" ten="257,307,230,206" oya="2" hai0="85,83,68,91,77,114,93,86,120,56,47,50,98" hai1="61,88,76,59,6,130,127,112,126,14,66,96,81" hai2="72,17,87,97,99,121,20,36,104,131,118,22,26" hai3="95,46,134,80,5,45,135,82,125,90,48,132,111"/><V8/><F118/><W84/><G111/><T73/><D68/><U51/><E112/><V0/><F121/><W92/><G125/><N who="1" m="47626" /><E130/><V52/><F72/><W58/><G58/><T78/><D120/><U102/><E51/><V28/><F131/><W12/><G82/><T94/><D114/><U109/><E109/><V75/><F75/><W55/><G46/><T64/><D77/><U106/><E6/><V42/><F104/><W65/><G65/><T18/><D18/><U110/><E110/><V23/><F0/><W129/><REACH who="3" step="1"/><G129/><REACH who="3" ten="257,307,230,196" step="2"/><T30/><D56/><U115/><E59/><V57/><F36/><W40/><G40/><T38/><D64/><U34/><E66/><V67/><F42/><W43/><G43/><T4/><D38/><U107/><E81/><V35/><F67/><W119/><G119/><T24/><D47/><U105/><E115/><V3/><F87/><W7/><G7/><T21/><D4/><U25/><E76/><V41/><F41/><W44/><G44/><T128/><D128/><U100/><E61/><V15/><REACH who="2" step="1"/><F3/><REACH who="2" ten="257,307,220,196" step="2"/><W16/><G16/><T74/><D50/><AGARI ba="0,2" hai="8,15,17,20,22,23,26,28,35,50,52,57,97,99" machi="50" ten="40,7700,0" yaku="1,1,2,1,54,1,53,0" doraHai="1" doraHaiUra="71" who="2" fromWho="0" sc="257,-77,307,0,220,97,196,0" />
</Scene>
<Scene>
<INIT seed="6,1,0,2,4,121" ten="180,307,317,196" oya="2" hai0="45,102,79,31,22,27,0,7,37,127,11,83,114" hai1="60,101,16,75,41,18,50,65,71,24,108,35,106" hai2="93,130,109,19,131,23,128,8,47,36,26,96,13" hai3="28,105,72,58,10,123,49,78,64,98,110,92,99"/><V15/><F109/><W43/><G123/><T126/><D102/><U3/><E3/><V135/><F135/><W61/><G99/><T129/><D114/><U46/><E108/><V74/><F74/><W132/><G105/><T88/><D129/><U107/><E75/><V77/><F77/><W118/><G132/><T40/><REACH who="0" step="1"/><D88/><REACH who="0" ten="170,307,317,196" step="2"/><U70/><E107/><V69/><F131/><W120/><G110/><T57/><D57/><U113/><E70/><V68/><F130/><W117/><G120/><T111/><D111/><U5/><E113/><V1/><F128/><W76/><G118/><T38/><D38/><U86/><E101/><V63/><F69/><W100/><G117/><T29/><D29/><U14/><E106/><V12/><F68/><W39/><G39/><T30/><D30/><U20/><E71/><V91/><F36/><W133/><G133/><T84/><AGARI ba="1,1" hai="0,7,11,22,27,31,37,40,45,79,83,84,126,127" machi="84" ten="30,4000,0" yaku="1,1,0,1,53,1" doraHai="121" doraHaiUra="32" who="0" fromWho="0" sc="170,53,307,-11,317,-21,196,-11" />
</Scene>
<Scene>
<INIT seed="7,0,0,5,1,37" ten="223,296,296,185" oya="3" hai0="42,32,111,36,17,88,50,44,49,119,120,122,19" hai1="23,63,98,9,84,31,68,47,123,125,135,5,3" hai2="12,87,90,53,10,76,7,126,15,85,73,77,80" hai3="29,39,64,114,71,70,101,38,106,108,74,105,116"/><W24/><G116/><T52/><D32/><U130/><E123/><V18/><F126/><W46/><G114/><T67/><D119/><U65/><E125/><V94/><F53/><W109/><G74/><T22/><D111/><N who="3" m="42569" /><G64/><T33/><D33/><U95/><E84/><V48/><F48/><W81/><G81/><T16/><D67/><U40/><E135/><V129/><F129/><W2/><G2/><T93/><D36/><N who="3" m="13865" /><G46/><N who="0" m="27703" /><D122/><U121/><E121/><V4/><F73/><W62/><G62/><T117/><D117/><U13/><E130/><V8/><F4/><W60/><G60/><T34/><D34/><U91/><E3/><V57/><F57/><W54/><G54/><T59/><D59/><U134/><E134/><V112/><F112/><W78/><G78/><AGARI ba="0,0" hai="7,8,10,12,15,18,76,77,78,80,85,87,90,94" machi="78" ten="30,2000,0" yaku="7,1,8,1" doraHai="37" who="2" fromWho="3" sc="223,0,296,0,296,20,185,-20" owari="223,-18.0,296,10.0,316,41.0,165,-33.0" />
</Scene>
</mjloggm>