<mjloggm ver="2.3"><GO type="169" lobby="0"/><UN n0="%E3%83%89%E3%83%A9%E3%83%AD%E3%83%B3%E3%83%80%E3%82%A4%E3%83%B4" n1="%E3%81%BE%E3%81%95%E3%82%8B%E3%81%95%E3%82%93%E3%80%82%E3%80%82" n2="%E3%83%84%E3%83%AC%E3%82%AA" n3="%E5%A4%AA%E3%81%8F%E3%81%AA%E3%81%84%E3%81%8A" dan="16,16,16,17" rate="2120.66,2040.68,2128.00,2179.05" sx="M,M,M,F"/><TAIKYOKU oya="0"/>

<Scene>
<INIT seed="0,0,0,5,5,67" ten="250,250,250,250" oya="0" hai0="24,15,95,86,97,48,96,108,125,89,65,77,10" hai1="78,80,81,69,47,62,110,120,42,44,17,54,29" hai2="131,46,34,90,33,134,92,43,132,72,79,74,23" hai3="26,39,22,36,71,126,111,49,18,85,14,37,83"/><T129/><D129/><U45/><E45/><V114/><F114/><W94/><G111/><T82/><D125/><U7/><E7/><V6/><F131/><W32/><G126/><T124/><D124/><U38/><E29/><V52/><F6/><W66/><G94/><T107/><D108/><U61/><E81/><V5/><F5/><W98/><G98/><T40/><D107/><U101/><E101/><V9/><F9/><W8/><G32/><T41/><D65/><U50/><E120/><V122/><F23/><W16/><G49/><T105/><D105/><U91/><E91/><V20/><F20/><W103/><G103/><T109/><D109/><U19/><E110/><V127/><F122/><W73/><G73/><T0/><D0/><U87/><E69/><V118/><F127/><W106/><G106/><T135/><D135/><U102/><E102/><V112/><F112/><W56/><G56/><T30/><D96/><U76/><E76/><V119/><F43/><W115/><G115/><T88/><D77/><U117/><E117/><N who="2" m="44555" /><F46/><W27/><G27/><T60/><D60/><U93/><E93/><V100/><F52/><W84/><REACH who="3" step="1"/><G83/><REACH who="3" ten="250,250,250,240" step="2"/><T63/><D48/><U2/><E2/><V59/><F59/><W58/><G58/><T21/><REACH who="0" step="1"/><D63/><AGARI ba="0,1" hai="8,14,16,18,22,26,36,37,39,63,66,71,84,85" machi="63" ten="40,5200,0" yaku="1,1,52,1,54,1,53,0" doraHai="67" doraHaiUra="3" who="3" fromWho="0" sc="250,-52,250,0,250,0,240,62" />
</Scene>
<Scene>
<INIT seed="1,0,0,3,0,3" ten="198,250,250,302" oya="1" hai0="18,2,68,135,70,115,96,21,55,23,15,92,56" hai1="116,38,36,123,27,1,107,76,67,33,64,53,47" hai2="102,7,20,65,122,121,98,82,117,110,126,46,91" hai3="29,94,52,71,19,44,120,88,90,99,4,125,26"/><U66/><E107/><V40/><F117/><W84/><G120/><T59/><D2/><U104/><E104/><V93/><F110/><W41/><G71/><T63/><D115/><U37/><E76/><V112/><F112/><W48/><G125/><T118/><D118/><U9/><E116/><V57/><F126/><W97/><G19/><T11/><D135/><U22/><E123/><V34/><F34/><W6/><G41/><T10/><D23/><U111/><E33/><V62/><F20/><N who="3" m="15559" /><G99/><T89/><D70/><U43/><E53/><V74/><F7/><N who="3" m="2603" /><G84/><T129/><D68/><U42/><E9/><V130/><F130/><W103/><AGARI ba="0,0" hai="44,48,52,88,90,94,97,103" m="2603,15559" machi="103" ten="30,12000,2" yaku="8,1,52,3,54,2" doraHai="3" who="3" fromWho="3" sc="198,-30,250,-60,250,-30,302,120" />
</Scene>
<Scene>
<INIT seed="2,0,0,4,0,97" ten="168,190,220,422" oya="2" hai0="1,24,37,2,66,9,117,15,83,108,111,94,25" hai1="95,34,35,112,89,30,7,64,57,78,18,98,62" hai2="119,13,22,71,120,26,65,3,11,42,121,8,100" hai3="70,19,40,16,39,51,82,123,44,93,17,56,106"/><V14/><F42/><W67/><G106/><T104/><D104/><U127/><E112/><V87/><F71/><W5/><G123/><T60/><D37/><U101/><E127/><V105/><F65/><W88/><G5/><T129/><D129/><U92/><E78/><V128/><F87/><N who="3" m="50295" /><G70/><T125/><D125/><U61/><E61/><V126/><F126/><W36/><G36/><T99/><D83/><U45/><E45/><V131/><F119/><W46/><G39/><T72/><D72/><U52/><E7/><V96/><F3/><W20/><G46/><T109/><D117/><U58/><E18/><N who="2" m="12631" /><F8/><W31/><G93/><T10/><D2/><U49/><E30/><V110/><F110/><W29/><G20/><T107/><D107/><U12/><E12/><N who="2" m="4715" /><F11/><N who="0" m="4106" /><D15/><U114/><E114/><V6/><F6/><W73/><G73/><T74/><D74/><U135/><E135/><V124/><F124/><W132/><G132/><T54/><D1/><U91/><E89/><V116/><F116/><W21/><G21/><T77/><D54/><U63/><E62/><AGARI ba="0,0" hai="16,17,19,29,31,40,44,51,56,62,67" m="50295" machi="62" ten="30,3900,0" yaku="8,1,54,2" doraHai="97" who="3" fromWho="1" sc="168,0,190,-39,220,0,422,39" />
</Scene>
<Scene>
<INIT seed="3,0,0,3,4,2" ten="168,151,220,461" oya="3" hai0="46,42,58,65,33,128,100,8,101,22,61,95,38" hai1="64,106,57,45,47,7,50,13,51,127,43,104,31" hai2="90,34,48,5,94,126,111,109,25,105,12,69,11" hai3="6,81,130,114,132,92,59,66,39,134,1,70,28"/><W103/><G114/><T24/><D33/><U83/><E127/><V108/><F105/><W116/><G116/><T76/><D128/><U88/><E31/><N who="2" m="19823" /><F48/><W80/><G39/><T44/><D76/><U0/><E0/><V60/><F126/><W129/><G70/><T3/><D95/><U99/><E64/><N who="2" m="41095" /><F94/><W118/><G118/><T4/><REACH who="0" step="1"/><D44/><REACH who="0" ten="158,151,220,461" step="2"/><U17/><E104/><V10/><F90/><W71/><G92/><T131/><D131/><U9/><E106/><V55/><F109/><W56/><G129/><T26/><D26/><U19/><E57/><V117/><F111/><W133/><G130/><T93/><D93/><N who="1" m="56743" /><E83/><V73/><F108/><W72/><G81/><T120/><D120/><U102/><E102/><V82/><F82/><W40/><G103/><T84/><D84/><U113/><E113/><V35/><F35/><W119/><G56/><T54/><D54/><AGARI ba="0,1" hai="7,9,13,17,19,43,45,47,50,51,54" m="56743" machi="54" ten="30,3900,0" yaku="8,1,52,1,54,1" doraHai="2" who="1" fromWho="0" sc="158,-39,151,49,220,0,461,0" />
</Scene>
<Scene>
<INIT seed="4,0,0,3,3,14" ten="119,200,220,461" oya="0" hai0="102,101,103,96,85,60,26,55,34,8,19,28,71" hai1="107,27,83,108,68,23,41,121,86,12,22,6,31" hai2="69,79,92,128,97,9,63,2,54,58,98,67,11" hai3="81,10,131,65,48,87,24,59,29,61,70,119,82"/><T53/><D85/><U30/><E107/><V40/><F128/><W88/><G119/><T20/><D8/><U133/><E68/><V77/><F40/><W130/><G10/><T126/><D126/><U112/><E121/><V78/><F2/><W116/><G116/><T33/><D33/><U43/><E108/><V47/><F98/><W38/><G38/><T76/><D76/><N who="1" m="46439" /><E112/><V94/><F92/><N who="3" m="54303" /><G48/><T113/><D113/><U127/><E133/><V46/><F46/><W114/><G70/><T56/><D71/><U123/><E127/><V132/><F132/><W37/><G37/><T49/><D96/><U117/><E123/><V17/><F47/><W73/><G73/><T16/><D34/><U122/><E117/><V72/><F72/><W124/><G124/><T25/><D26/><N who="1" m="16727" /><E122/><V118/><F118/><W5/><G5/><T90/><D90/><U120/><E120/><V100/><F69/><W42/><G42/><T0/><D0/><U3/><E3/><V45/><F45/><AGARI ba="0,0" hai="16,19,20,25,28,45,49,53,55,56,60,101,102,103" machi="45" ten="40,12000,1" yaku="8,1,52,2,54,1" doraHai="14" who="0" fromWho="2" sc="119,120,200,0,220,-120,461,0" />
</Scene>
<Scene>
<INIT seed="4,1,0,4,4,2" ten="239,200,100,461" oya="0" hai0="35,59,0,37,43,1,34,107,42,15,71,58,6" hai1="100,81,62,56,57,13,51,86,79,110,49,106,8" hai2="80,92,39,25,112,91,101,38,93,74,9,44,87" hai3="109,83,48,125,14,135,3,22,103,115,119,69,97"/><T65/><D71/><U127/><E110/><V23/><F112/><W54/><G109/><T21/><D107/><U12/><E127/><V123/><F123/><W128/><G119/><T114/><D1/><U64/><E106/><V102/><F39/><W120/><G3/><T90/><D0/><U11/><E100/><V33/><F33/><W31/><G69/><T85/><D35/><U130/><E56/><V111/><F111/><W27/><G115/><T98/><D34/><U28/><E28/><V76/><F93/><W20/><G125/><T63/><D114/><U73/><E73/><V131/><F131/><W16/><G128/><T61/><D98/><U88/><E79/><V117/><F117/><W19/><G120/><T134/><D37/><U29/><E29/><V60/><F60/><W122/><G122/><T53/><D134/><U17/><E130/><V4/><F44/><W89/><G135/><T113/><D113/><U104/><E104/><V82/><F82/><W121/><G121/><T116/><D116/><U132/><E132/><V95/><F95/><N who="3" m="58815" /><G31/><T129/><D129/><U124/><E124/><V68/><F38/><W52/><G48/><T50/><D50/><U105/><E105/><V5/><F68/><W118/><G118/><T99/><D99/><U41/><E41/><V46/><F46/><W7/><G7/><AGARI ba="1,0" hai="7,8,11,12,13,17,49,51,57,62,64,81,86,88" machi="7" ten="30,7700,0" yaku="7,1,8,1,52,1,54,1" doraHai="2" who="1" fromWho="3" sc="239,0,200,80,100,0,461,-80" />
</Scene>
<Scene>
<INIT seed="5,0,0,0,1,63" ten="239,280,100,381" oya="1" hai0="122,135,97,118,43,90,75,5,88,117,11,111,126" hai1="79,0,78,33,4,85,105,7,108,19,56,41,18" hai2="114,62,47,74,115,12,112,98,120,60,27,31,44" hai3="14,121,53,96,36,81,58,72,32,64,87,71,106"/><U134/><E33/><V24/><F74/><W23/><G121/><T83/><D111/><U28/><E105/><V38/><F120/><W94/><G32/><T128/><D122/><U86/><E28/><V57/><F12/><W70/><G36/><T103/><D128/><U109/><E41/><N who="2" m="22583" /><F47/><W101/><G64/><T3/><D135/><U42/><E42/><V89/><F62/><N who="3" m="36175" /><G23/><T116/><D126/><U15/><E15/><V110/><F110/><W52/><G52/><T127/><D127/><U55/><E55/><N who="2" m="33855" /><F31/><W16/><G16/><T129/><D129/><U50/><E56/><V80/><F80/><W61/><G61/><T76/><REACH who="0" step="1"/><D43/><REACH who="0" ten="229,280,100,381" step="2"/><U123/><E123/><V40/><F40/><W102/><G71/><T25/><D25/><U17/><E109/><V130/><F130/><W124/><G70/><T77/><D77/><U59/><E79/><V46/><F46/><W49/><G124/><T133/><D133/><U54/><E134/><V9/><F9/><W13/><G49/><T99/><D99/><U37/><E78/><V107/><F107/><AGARI ba="0,1" hai="3,5,11,75,76,83,88,90,97,103,107,116,117,118" machi="107" ten="40,5200,0" yaku="1,1,54,1,53,1" doraHai="63" doraHaiUra="35" who="0" fromWho="2" sc="229,62,280,0,100,-52,381,0" />
</Scene>
<Scene>
<INIT seed="6,0,0,0,5,106" ten="291,280,48,381" oya="2" hai0="7,131,81,108,119,17,76,113,64,9,51,91,98" hai1="44,123,103,35,14,130,114,104,52,57,111,16,65" hai2="110,68,42,83,49,41,43,23,135,107,121,21,29" hai3="8,45,73,27,77,4,40,109,18,75,55,92,22"/><V48/><F121/><W129/><G109/><T102/><D108/><U133/><E35/><V95/><F107/><W36/><G129/><T0/><D131/><U3/><E3/><V105/><F105/><W124/><G124/><T5/><D113/><U38/><E65/><V87/><F110/><W120/><G120/><T60/><D119/><U1/><E1/><V101/><F68/><W85/><G55/><T30/><D91/><U94/><E104/><V88/><F135/><W96/><G85/><T115/><D115/><U134/><E114/><V74/><F74/><W54/><G54/><T89/><D89/><U116/><E130/><V24/><REACH who="2" step="1"/><F21/><REACH who="2" ten="291,280,38,381" step="2"/><W93/><G75/><T128/><D128/><U86/><E123/><V127/><F127/><W6/><G73/><T56/><D9/><U99/><E111/><V117/><F117/><W12/><G22/><T19/><D0/><U62/><E116/><V82/><F82/><W67/><G8/><T126/><D81/><U50/><E133/><V47/><F47/><W28/><G45/><T118/><D126/><U25/><E134/><V46/><F46/><W97/><G92/><T90/><D118/><U2/><E44/><V63/><F63/><W80/><G93/><T34/><D60/><U39/><E62/><V69/><F69/><W61/><G80/><T100/><D34/><U59/><E94/><V33/><F33/><W78/><G61/><T84/><D100/><U20/><E103/><V53/><F53/><W71/><G71/><T15/><D102/><U72/><E52/><V125/><F125/><W112/><G112/><RYUUKYOKU ba="0,1" sc="291,-10,280,-10,38,30,381,-10" hai2="23,24,29,41,42,43,48,49,83,87,88,95,101" />
</Scene>
<Scene>
<INIT seed="6,1,1,2,4,133" ten="281,270,68,371" oya="2" hai0="87,0,11,3,60,134,71,114,44,25,55,58,132" hai1="76,43,38,111,80,70,39,10,113,86,85,119,95" hai2="72,29,104,54,48,131,5,27,66,118,21,15,84" hai3="78,91,13,24,40,26,123,17,8,61,112,35,126"/><V49/><F72/><W51/><G126/><T130/><D114/><U98/><E111/><V18/><F118/><W36/><G123/><T107/><D107/><U101/><E70/><V81/><F104/><W22/><G36/><T64/><D130/><U69/><E69/><V117/><F117/><W92/><G112/><T12/><D25/><U90/><E113/><V120/><F131/><W122/><G122/><T124/><D87/><U127/><E127/><V106/><F106/><W97/><G35/><T94/><D94/><U103/><E119/><V109/><F109/><W83/><G61/><N who="0" m="36063" /><D44/><U45/><E38/><V19/><F120/><W77/><G83/><T65/><D65/><U59/><E59/><V37/><F37/><W46/><G26/><T31/><D31/><AGARI ba="1,1" hai="8,13,17,22,24,31,40,46,51,77,78,91,92,97" machi="31" ten="30,2000,0" yaku="7,1,8,1" doraHai="133" who="3" fromWho="0" sc="281,-23,270,0,68,0,371,33" />
</Scene>
<Scene>
<INIT seed="7,0,0,4,2,56" ten="258,270,68,404" oya="3" hai0="4,59,20,1,80,114,17,95,58,87,47,86,5" hai1="89,92,113,116,126,42,60,26,110,68,91,30,67" hai2="101,22,115,29,65,36,90,64,129,99,78,38,49" hai3="25,18,108,50,79,69,63,127,85,107,122,10,7"/><W55/><G107/><T41/><D114/><U52/><E110/><V9/><F115/><W125/><G122/><T37/><D95/><U132/><E113/><V98/><F129/><W100/><G100/><T88/><D4/><U24/><E126/><V134/><F134/><W66/><G108/><T74/><D74/><U27/><E132/><V62/><F38/><W133/><G133/><T118/><D118/><U96/><E116/><V6/><F36/><W43/><G43/><T15/><REACH who="0" step="1"/><D87/><REACH who="0" ten="248,270,68,404" step="2"/><U71/><E71/><V109/><F109/><W77/><G85/><T16/><D16/><U53/><E42/><V3/><F78/><W8/><G79/><T57/><D57/><U104/><E104/><V70/><F65/><W14/><G77/><T82/><D82/><U28/><REACH who="1" step="1"/><E91/><REACH who="1" ten="248,260,68,404" step="2"/><V120/><F120/><W61/><G125/><T105/><D105/><U51/><E51/><V119/><F119/><W102/><G50/><T75/><D75/><U32/><E32/><V72/><F72/><W11/><G127/><T31/><D31/><AGARI ba="0,2" hai="24,26,27,28,30,31,52,53,60,67,68,89,92,96" machi="31" ten="40,8000,1" yaku="1,1,52,1,54,1,53,1" doraHai="56" doraHaiUra="94" who="1" fromWho="0" sc="248,-80,260,100,68,0,404,0" owari="168,-23.0,360,16.0,68,-43.0,404,50.0" />
</Scene>
</mjloggm>