<mjloggm ver="2.3"><GO type="169" lobby="0"/><UN n0="%E6%9D%A5%E9%80%B1%E3%81%AE%E7%B3%B8%E4%BA%95" n1="%43%69%6E%65%63%75%73%73" n2="%E5%A4%AA%E3%81%8F%E3%81%AA%E3%81%84%E3%81%8A" n3="%E6%93%AC%E4%BC%BC%E9%80%A3%E5%AE%9D%E7%87%88%E7%BE%8E" dan="16,17,17,17" rate="2075.45,2118.11,2228.41,2168.69" sx="M,M,M,M"/><TAIKYOKU oya="0"/>

<Scene>
<INIT seed="0,0,0,5,1,80" ten="250,250,250,250" oya="0" hai0="91,82,8,30,53,86,114,131,27,21,6,108,38" hai1="44,87,49,84,10,133,63,37,103,65,127,101,22" hai2="45,113,62,81,74,18,70,110,100,26,28,41,95" hai3="78,123,19,132,94,135,2,17,102,47,35,24,40"/><T33/><D114/><U55/><E133/><N who="3" m="51274" /><G2/><T105/><D105/><U92/><E127/><V109/><F113/><W83/><G123/><T64/><D38/><U75/><E75/><V69/><F18/><W124/><G124/><T85/><D131/><U9/><E37/><N who="2" m="21679" /><F100/><N who="1" m="38473" /><E92/><V119/><F95/><W118/><G118/><T115/><D115/><U89/><E89/><V3/><F3/><W68/><G68/><N who="2" m="26217" /><F62/><W67/><G35/><T104/><D104/><U39/><E39/><V31/><F119/><W51/><G24/><T11/><D64/><U7/><E22/><V13/><F13/><W121/><G67/><T12/><D108/><N who="2" m="41578" /><F26/><W72/><G121/><T88/><D11/><N who="1" m="4107" /><E7/><V106/><F106/><W52/><G40/><T0/><D53/><U56/><AGARI ba="0,0" hai="44,49,55,56,63,65,84,87" m="4107,38473" machi="56" ten="30,4000,0" yaku="8,1,52,2" doraHai="80" who="1" fromWho="1" sc="250,-20,250,40,250,-10,250,-10" />
</Scene>
<Scene>
<INIT seed="1,0,0,5,0,103" ten="230,290,240,240" oya="1" hai0="84,78,97,81,26,132,24,86,30,37,101,14,41" hai1="64,113,17,12,43,25,27,111,53,58,67,128,74" hai2="80,42,73,135,79,102,90,115,68,44,46,34,112" hai3="117,22,134,61,60,83,108,69,21,129,51,63,56"/><U57/><E74/><V59/><F68/><W66/><G108/><T13/><D132/><U82/><E111/><V104/><F34/><W125/><G134/><T23/><D41/><U8/><E113/><N who="2" m="43595" /><F135/><W76/><G129/><T18/><D37/><U121/><E128/><V114/><F114/><W85/><G125/><T92/><REACH who="0" step="1"/><D86/><REACH who="0" ten="220,290,240,240" step="2"/><U16/><E43/><V6/><F42/><W4/><G85/><T65/><D65/><N who="1" m="25163" /><E121/><V70/><F73/><W133/><G133/><T109/><D109/><U88/><E17/><V11/><F6/><W91/><G4/><T72/><D72/><U99/><E57/><V9/><F59/><W116/><G56/><T110/><D110/><U131/><E131/><V118/><F46/><W3/><G66/><T106/><D106/><U124/><E124/><V105/><F44/><W48/><G117/><T127/><D127/><U5/><E5/><V1/><F105/><W126/><G116/><T96/><D96/><U50/><E82/><V10/><F104/><W15/><G126/><T98/><D98/><U38/><E38/><V32/><F80/><W71/><G71/><T87/><D87/><U93/><AGARI ba="0,1" hai="8,12,16,25,27,50,53,58,88,93,99" m="25163" machi="93" ten="30,6000,0" yaku="8,1,54,2" doraHai="103" who="1" fromWho="1" sc="220,-20,290,70,240,-20,240,-20" />
</Scene>
<Scene>
<INIT seed="1,1,0,1,5,3" ten="200,360,220,220" oya="1" hai0="131,41,63,57,115,48,101,104,52,27,129,10,79" hai1="88,118,69,59,96,55,112,93,74,106,31,121,67" hai2="65,103,39,78,7,54,15,83,14,45,105,43,50" hai3="126,22,135,87,107,36,8,109,124,32,21,56,123"/><U92/><E121/><V5/><F65/><W53/><G123/><T34/><D115/><U20/><E106/><V30/><F30/><W46/><G32/><T94/><D104/><U33/><E74/><V40/><F103/><W42/><G109/><T61/><D79/><U64/><E69/><V44/><F105/><W12/><G135/><T125/><D10/><U6/><E33/><V26/><F26/><W99/><G87/><T86/><D125/><N who="3" m="48233" /><G99/><N who="0" m="59639" /><D86/><U72/><E72/><V98/><F98/><W25/><G25/><T116/><D41/><U90/><E112/><V89/><F89/><W58/><G58/><T114/><D116/><U11/><E118/><V134/><F134/><W62/><G107/><T17/><D114/><U73/><E73/><V85/><REACH who="2" step="1"/><F43/><REACH who="2" ten="200,360,210,220" step="2"/><W111/><G111/><T77/><D34/><U102/><E102/><V13/><AGARI ba="1,1" hai="5,7,13,14,15,39,40,44,45,50,54,78,83,85" machi="13" ten="30,8000,1" yaku="1,1,2,1,0,1,52,2,53,0" doraHai="3" doraHaiUra="23" who="2" fromWho="2" sc="200,-21,360,-41,210,93,220,-21" />
</Scene>
<Scene>
<INIT seed="2,0,0,0,0,69" ten="179,319,303,199" oya="2" hai0="10,78,113,103,99,25,120,62,38,22,1,48,80" hai1="59,27,46,123,76,84,129,37,114,126,111,41,8" hai2="110,130,86,30,128,116,33,134,104,79,40,97,100" hai3="77,28,94,70,61,12,44,5,112,82,58,121,93"/><V49/><F116/><W135/><G121/><T83/><D120/><U50/><E123/><V47/><F134/><W122/><G70/><T73/><D113/><U87/><E114/><V19/><F19/><W131/><G112/><T102/><D48/><U43/><E111/><V106/><F110/><W92/><G122/><T117/><D117/><U42/><E129/><N who="2" m="49771" /><F106/><W13/><G131/><T32/><D32/><U85/><E126/><V18/><F18/><W23/><G135/><T45/><D62/><U109/><E109/><V34/><F30/><W66/><G5/><N who="0" m="1327" /><D83/><AGARI ba="0,0" hai="33,34,40,47,49,79,83,86,97,100,104" m="49771" machi="83" ten="30,1500,0" yaku="19,1" doraHai="69" who="2" fromWho="0" sc="179,-15,319,0,303,15,199,0" />
</Scene>
<Scene>
<INIT seed="2,1,0,4,1,98" ten="164,319,318,199" oya="2" hai0="35,135,109,120,48,62,41,105,90,10,94,5,93" hai1="113,123,43,133,81,38,42,87,19,52,118,99,26" hai2="126,25,112,134,3,51,7,82,116,102,76,117,29" hai3="86,56,36,55,46,37,34,103,28,96,63,20,125"/><V91/><F112/><W50/><G34/><T127/><D120/><U54/><E118/><V8/><F134/><W75/><G75/><T58/><D135/><U74/><E74/><V115/><F115/><W47/><G125/><T40/><D105/><U13/><E123/><V97/><F51/><W130/><G130/><T79/><D35/><U11/><E113/><V1/><F91/><W69/><G69/><T27/><D109/><U60/><E133/><V32/><F3/><W129/><G129/><T119/><D127/><U30/><E99/><V44/><F44/><W111/><G86/><T9/><D79/><U106/><E106/><V12/><F12/><W45/><G111/><T89/><D27/><U92/><E92/><V39/><F39/><W80/><G80/><T21/><D119/><U16/><E19/><V53/><F53/><N who="1" m="20585" /><E60/><V108/><F108/><W14/><G50/><T18/><D48/><U124/><E38/><V2/><F2/><W22/><G28/><T95/><D62/><U107/><E107/><N who="2" m="63951" /><F126/><W72/><G72/><AGARI ba="1,0" hai="1,7,8,25,29,32,72,76,82,116,117" m="63951" machi="72" ten="30,2900,0" yaku="23,1,52,1" doraHai="98" who="2" fromWho="3" sc="164,0,319,0,318,32,199,-32" />
</Scene>
<Scene>
<INIT seed="2,2,0,0,0,45" ten="164,319,350,167" oya="2" hai0="4,101,104,96,37,53,7,20,72,129,30,124,88" hai1="68,18,71,60,15,78,63,98,21,25,67,74,100" hai2="64,85,103,32,114,91,40,13,77,42,49,11,36" hai3="82,111,28,6,131,3,35,38,48,1,102,119,8"/><V122/><F36/><W16/><G119/><T113/><D113/><U39/><E39/><V2/><F2/><W84/><G38/><T115/><D115/><U51/><E74/><V56/><F32/><W117/><G117/><T69/><D37/><U127/><E78/><V46/><F122/><W43/><G111/><T22/><D72/><U95/><E127/><V97/><F77/><W108/><G108/><T10/><D69/><U65/><E15/><V110/><F110/><W112/><G112/><T80/><D129/><U120/><E120/><V55/><F114/><W58/><G131/><T27/><D124/><U34/><E34/><V109/><F109/><W14/><G102/><T130/><D130/><U118/><E118/><V116/><F116/><W106/><G106/><T50/><D20/><U33/><E33/><V79/><F79/><W29/><G35/><T134/><D134/><U62/><E62/><N who="2" m="37959" /><F97/><W126/><G126/><T12/><D4/><U24/><E24/><V59/><F59/><W26/><G58/><T132/><D132/><U81/><REACH who="1" step="1"/><E81/><REACH who="1" ten="164,309,350,167" step="2"/><N who="2" m="49583" /><F103/><W94/><G1/><T9/><D27/><U31/><E31/><V125/><F125/><W0/><G0/><T66/><D30/><U92/><E92/><V90/><F90/><N who="3" m="51479" /><G94/><T41/><D88/><U87/><E87/><V133/><F133/><W54/><G3/><T107/><D107/><U121/><E121/><V128/><F128/><W73/><G73/><T44/><D104/><U83/><E83/><V52/><F13/><W105/><G105/><T17/><D12/><U23/><E23/><V47/><F11/><RYUUKYOKU ba="2,1" sc="164,-15,309,15,350,15,167,-15" hai1="18,21,25,51,60,63,65,67,68,71,95,98,100" hai2="40,42,46,47,49,52,55" />
</Scene>
<Scene>
<INIT seed="2,3,1,3,1,41" ten="149,324,365,152" oya="2" hai0="44,59,123,4,95,68,94,45,65,38,39,26,105" hai1="8,57,73,97,32,36,81,17,21,47,18,108,115" hai2="29,107,9,61,125,121,34,55,127,134,129,60,78" hai3="75,98,126,62,48,130,5,53,33,70,71,28,42"/><V51/><F107/><W100/><G75/><T133/><D105/><U35/><E115/><V31/><F121/><W40/><G130/><T12/><D68/><U16/><E108/><V111/><F129/><W37/><G5/><T103/><D123/><U92/><E8/><V124/><F134/><W69/><G37/><T2/><D2/><U114/><E114/><V64/><F111/><W112/><G126/><T109/><D109/><U116/><E57/><N who="2" m="36911" /><F34/><W135/><G135/><T99/><D133/><U25/><E116/><V128/><F128/><W27/><G62/><N who="0" m="38111" /><D39/><U83/><E73/><V66/><F78/><W10/><G10/><N who="0" m="4167" /><D38/><U56/><E56/><N who="2" m="32895" /><F9/><W24/><G112/><T89/><D26/><U110/><E110/><V82/><F82/><N who="1" m="31241" /><E32/><V106/><F106/><W74/><G24/><T91/><D103/><N who="1" m="60839" /><E35/><V101/><F101/><W88/><G74/><T20/><D20/><U117/><E117/><V11/><F11/><W54/><G100/><T77/><D77/><U132/><E132/><V80/><F80/><W102/><G102/><T15/><D15/><U63/><E63/><V3/><F3/><W46/><REACH who="3" step="1"/><G54/><REACH who="3" ten="149,324,365,142" step="2"/><T19/><D19/><N who="1" m="12479" /><E36/><V1/><F1/><W58/><G58/><AGARI ba="3,2" hai="29,31,58,60,66,124,125,127" m="32895,36911" machi="58" ten="30,1500,0" yaku="18,1" doraHai="41" who="2" fromWho="3" sc="149,0,324,0,365,44,142,-24" />
</Scene>
<Scene>
<INIT seed="2,4,0,3,4,58" ten="149,324,409,118" oya="2" hai0="47,112,19,110,98,93,127,124,107,92,41,9,105" hai1="28,123,117,95,94,101,64,83,32,43,24,17,111" hai2="31,50,100,48,7,115,0,55,85,14,56,22,88" hai3="77,134,121,21,67,132,73,20,33,66,59,79,106"/><V3/><F115/><W78/><G121/><T30/><D112/><U6/><E117/><V76/><F76/><W128/><G33/><T25/><D19/><U16/><E123/><V11/><F100/><W57/><G106/><N who="0" m="40459" /><D9/><U10/><E111/><V35/><F35/><W65/><G73/><T69/><D69/><U1/><E43/><V60/><F0/><W8/><G8/><T120/><D120/><U97/><E94/><N who="2" m="54543" /><F3/><W87/><G87/><T90/><D110/><U74/><REACH who="1" step="1"/><E64/><REACH who="1" ten="149,314,409,118" step="2"/><V109/><F109/><W96/><G128/><T39/><D93/><U113/><E113/><V42/><F42/><W36/><G66/><T135/><D92/><U45/><E45/><V99/><F99/><W116/><G116/><T15/><D47/><U130/><E130/><V86/><F86/><W44/><G44/><T102/><D41/><U53/><E53/><V72/><F72/><W27/><G96/><T40/><D40/><U23/><E23/><V18/><F7/><W49/><G67/><T38/><D98/><U54/><E54/><V80/><F80/><W2/><G65/><T51/><D39/><U46/><E46/><V4/><F4/><W5/><G36/><T89/><D38/><U12/><E12/><V91/><F91/><W26/><G5/><T61/><D15/><U133/><E133/><V131/><F131/><W52/><G2/><T81/><D89/><U104/><E104/><V122/><F122/><W70/><G134/><T71/><D90/><U75/><E75/><V129/><F129/><W126/><G132/><T82/><D135/><U114/><E114/><RYUUKYOKU ba="4,1" sc="149,-15,314,15,409,15,118,-15" hai1="1,6,10,16,17,24,28,32,74,83,95,97,101" hai2="11,14,18,22,31,48,50,55,56,60" />
</Scene>
<Scene>
<INIT seed="2,5,1,3,4,83" ten="134,329,424,103" oya="2" hai0="118,36,90,105,104,4,50,73,55,14,127,10,24" hai1="84,42,15,76,126,108,65,109,111,20,91,61,75" hai2="63,45,62,39,57,115,67,66,32,27,49,28,38" hai3="78,117,29,16,97,116,93,5,102,131,86,107,112"/><V2/><F2/><W34/><G131/><T70/><D36/><U130/><E130/><V80/><F115/><W52/><G5/><T77/><D70/><U3/><E3/><V17/><F17/><W40/><G40/><T123/><D123/><U133/><E133/><V25/><F25/><W11/><G112/><T7/><D127/><U119/><E126/><V95/><F95/><W8/><G34/><T125/><D125/><U41/><E76/><V26/><F26/><W79/><G29/><T121/><D121/><U69/><E75/><V71/><REACH who="2" step="1"/><F80/><REACH who="2" ten="134,329,414,103" step="2"/><W58/><G16/><T23/><D24/><U30/><E119/><V113/><F113/><W99/><G117/><T35/><D118/><U89/><E30/><V56/><F56/><W100/><G116/><T1/><D1/><U0/><E0/><V51/><F51/><W122/><G122/><T53/><D50/><U37/><E37/><V46/><F46/><W72/><G58/><T54/><D104/><U21/><E15/><V82/><F82/><W31/><G31/><T92/><D105/><U94/><E20/><V101/><F101/><W74/><G107/><T47/><D23/><U110/><E21/><V43/><AGARI ba="5,2" hai="27,28,32,38,39,43,45,49,57,62,63,66,67,71" machi="43" ten="20,12000,1" yaku="1,1,0,1,7,1,53,2" doraHai="83" doraHaiUra="59" who="2" fromWho="2" sc="134,-45,329,-45,414,155,103,-45" />
</Scene>
<Scene>
<INIT seed="2,6,0,3,0,91" ten="89,284,569,58" oya="2" hai0="29,54,25,36,76,13,125,74,71,127,4,51,70" hai1="105,133,64,122,57,48,19,103,22,80,116,2,47" hai2="89,72,14,5,65,119,34,28,118,112,106,95,62" hai3="87,102,16,6,98,8,0,117,39,123,53,69,9"/><V85/><F72/><W81/><G117/><T7/><D36/><U3/><E116/><V107/><F112/><W110/><G123/><T100/><D100/><U99/><E122/><V33/><F107/><W60/><G39/><T115/><D115/><U45/><E133/><V132/><F106/><W93/><G110/><T32/><D76/><U38/><E80/><V63/><F63/><W96/><G96/><T1/><D1/><U83/><E83/><V27/><F34/><W59/><G69/><T124/><D74/><U128/><E128/><V92/><F132/><W101/><G101/><T126/><N who="0" m="31744" /><DORA hai="66" /><T37/><D37/><U77/><E77/><V20/><F95/><W35/><G35/><T109/><D109/><U130/><E38/><V82/><F82/><W61/><G61/><T75/><D75/><U12/><E130/><V23/><F33/><W78/><REACH who="3" step="1"/><G9/><REACH who="3" ten="89,284,569,48" step="2"/><N who="0" m="4263" /><D7/><U17/><E103/><V84/><F62/><W21/><G21/><T97/><D97/><U108/><E99/><V73/><F20/><W113/><G113/><T121/><D121/><U88/><E105/><V18/><F23/><W114/><G114/><T104/><D104/><U67/><E108/><V134/><F119/><W135/><G135/><T41/><D41/><U50/><E22/><V120/><F118/><W10/><G10/><T26/><D26/><U111/><E111/><V55/><F27/><W68/><G68/><T129/><D129/><U49/><E49/><V31/><F134/><W79/><G79/><T131/><D131/><U90/><E50/><V86/><F120/><W30/><G30/><RYUUKYOKU ba="6,1" sc="89,15,284,-15,569,-15,48,15" hai0="25,29,32,51,54,70,71" hai3="0,6,8,16,53,59,60,78,81,87,93,98,102" />
</Scene>
<Scene>
<INIT seed="3,7,1,4,3,78" ten="104,269,554,63" oya="3" hai0="53,43,106,54,60,49,116,8,92,58,69,67,28" hai1="29,13,34,35,110,103,23,71,65,132,130,66,125" hai2="19,63,108,38,83,14,73,31,100,129,75,59,107" hai3="117,135,2,24,118,50,42,91,133,98,113,16,11"/><W123/><G113/><T76/><D106/><U5/><E110/><V111/><F38/><W82/><G123/><T45/><D28/><U15/><E71/><V70/><F70/><W61/><G61/><N who="0" m="40175" /><D92/><U7/><E103/><V3/><F3/><W25/><G42/><N who="0" m="24759" /><D76/><U124/><E66/><N who="2" m="39295" /><F129/><W52/><G2/><T40/><D8/><U88/><E65/><V112/><F83/><W32/><G32/><N who="1" m="12330" /><E88/><V33/><F100/><W96/><G25/><T20/><D20/><U12/><E130/><V4/><F107/><W57/><G98/><T126/><D116/><U114/><E114/><V104/><F73/><W41/><G96/><T87/><D87/><U127/><E132/><N who="3" m="50762" /><G41/><N who="0" m="15947" /><D126/><U94/><E94/><V79/><F104/><W89/><G24/><AGARI ba="7,1" hai="5,7,12,13,15,23,24,29,124,125,127" m="12330" machi="24" ten="40,5200,0" yaku="18,1,34,2" doraHai="78" who="1" fromWho="3" sc="104,0,269,83,554,0,63,-73" owari="104,-30.0,352,15.0,554,66.0,-10,-51.0" />
</Scene>
</mjloggm>