<mjloggm ver="2.3"><GO type="169" lobby="0"/><UN n0="%E6%93%8D" n1="%E5%A4%AA%E3%81%8F%E3%81%AA%E3%81%84%E3%81%8A" n2="%E4%B8%8D%E8%A8%B1%E5%8F%AF" n3="%E3%83%92%E3%81%A8%E3%82%B7" dan="17,17,16,16" rate="2262.09,2193.34,2100.77,2087.49" sx="M,M,M,M"/><TAIKYOKU oya="0"/>

<Scene>
<INIT seed="0,0,0,4,5,99" ten="250,250,250,250" oya="0" hai0="19,59,118,111,4,22,67,105,132,89,34,134,126" hai1="48,11,26,85,14,1,55,90,108,116,38,23,84" hai2="39,41,37,40,87,65,30,2,133,119,36,68,109" hai3="3,130,32,31,128,104,101,24,16,103,47,92,17"/><T117/><D34/><U72/><E116/><V27/><F2/><W135/><G135/><N who="0" m="51755" /><D67/><U122/><E72/><V120/><F133/><W78/><G104/><T57/><D4/><U76/><E38/><V10/><F120/><W127/><G127/><T88/><D126/><U43/><E1/><V73/><F73/><W6/><G78/><T42/><D42/><U70/><E70/><V102/><F109/><W56/><G56/><N who="0" m="21579" /><D105/><U35/><E35/><V97/><F119/><N who="0" m="45578" /><D111/><U13/><E43/><V44/><F10/><W114/><G6/><T33/><D33/><U82/><E11/><V71/><F87/><W52/><G3/><T64/><D64/><U96/><E122/><V91/><F91/><W110/><G110/><T8/><D8/><U63/><E108/><V100/><F41/><W80/><G32/><T74/><D74/><U94/><E63/><V75/><F75/><W129/><G129/><T112/><D112/><U20/><E84/><V131/><F131/><W18/><G114/><T107/><D107/><U25/><E20/><V51/><F97/><W98/><G128/><T79/><D79/><U54/><E23/><V5/><F5/><W115/><G115/><T93/><D93/><U58/><E55/><V69/><REACH who="2" step="1"/><F65/><REACH who="2" ten="250,250,240,250" step="2"/><W50/><G130/><T15/><AGARI ba="0,1" hai="15,19,22,88,89" m="45578,21579,51755" machi="15" ten="40,3900,0" yaku="20,1,54,1" doraHai="99" who="0" fromWho="0" sc="250,49,250,-13,240,-13,250,-13" />
</Scene>
<Scene>
<INIT seed="0,1,0,3,3,125" ten="299,237,227,237" oya="0" hai0="53,19,59,96,55,39,46,75,100,81,84,7,65" hai1="41,129,40,76,121,38,1,26,72,111,74,132,106" hai2="116,78,43,92,21,52,113,5,49,57,58,12,9" hai3="89,35,54,24,27,30,80,115,33,67,50,69,88"/><T112/><D75/><U48/><E121/><V4/><F113/><W23/><G115/><T18/><D112/><U86/><E106/><V11/><F116/><W90/><G67/><T20/><D7/><U107/><E107/><V83/><F43/><W71/><G80/><T77/><D65/><U51/><E1/><V127/><F127/><W119/><G119/><T110/><D39/><U95/><E38/><V0/><F92/><W22/><G23/><T15/><D46/><U130/><E111/><V103/><F21/><W45/><REACH who="3" step="1"/><G35/><REACH who="3" ten="299,237,227,227" step="2"/><T13/><D110/><U10/><E10/><V120/><F120/><W17/><AGARI ba="1,1" hai="17,22,24,27,30,33,45,50,54,69,71,88,89,90" machi="17" ten="30,7900,0" yaku="1,1,2,1,0,1,54,1,53,0" doraHai="125" doraHaiUra="122" who="3" fromWho="3" sc="299,-40,237,-21,227,-21,227,92" />
</Scene>
<Scene>
<INIT seed="1,0,0,5,1,59" ten="259,216,206,319" oya="1" hai0="21,10,103,133,81,104,96,111,28,135,60,51,16" hai1="13,74,4,122,25,95,46,49,106,40,105,18,0" hai2="3,75,83,126,63,67,92,93,12,8,86,37,24" hai3="47,88,78,80,116,107,58,31,56,6,134,54,66"/><U102/><E122/><V36/><F3/><W65/><G107/><T125/><D28/><U27/><E74/><V82/><F126/><W101/><G101/><T110/><D10/><U72/><E72/><V38/><F24/><W17/><G31/><T112/><D51/><U115/><E115/><V45/><F45/><W23/><G134/><N who="0" m="51211" /><D81/><U114/><E114/><V5/><F75/><W7/><G47/><T119/><D119/><U14/><E0/><V76/><REACH who="2" step="1"/><F83/><REACH who="2" ten="259,216,196,319" step="2"/><W97/><G80/><T64/><D125/><U124/><E124/><V121/><F121/><W128/><G116/><T70/><D112/><U99/><E27/><AGARI ba="0,1" hai="16,21,27,60,64,70,96,103,104,110,111" m="51211" machi="27" ten="30,3900,0" yaku="20,1,52,1,54,1" doraHai="59" who="0" fromWho="1" sc="259,49,216,-39,196,0,319,0" />
</Scene>
<Scene>
<INIT seed="2,0,0,2,5,109" ten="308,177,196,319" oya="2" hai0="128,127,2,64,135,27,134,95,21,37,15,110,121" hai1="71,65,107,1,52,77,3,100,6,8,99,40,94" hai2="89,35,91,36,56,57,87,105,98,28,47,81,119" hai3="16,123,31,30,83,45,41,38,122,120,117,86,18"/><V79/><F119/><W75/><G75/><T43/><D64/><U69/><E40/><V55/><F35/><W5/><G117/><T92/><D43/><U76/><E3/><V63/><F28/><W13/><G5/><T51/><D51/><U115/><E94/><V39/><F47/><W24/><G13/><T96/><D15/><U90/><E90/><V29/><F29/><W58/><G58/><T46/><D46/><U102/><E102/><V70/><F70/><W0/><G0/><T68/><D68/><U132/><E69/><V61/><F105/><W118/><G31/><T85/><D85/><U17/><E17/><V97/><F91/><W113/><G113/><T11/><D11/><U124/><E115/><V48/><F48/><W114/><G114/><T53/><D2/><U34/><E34/><V131/><F131/><W82/><G82/><T20/><D37/><U54/><E132/><V59/><F59/><W49/><G38/><T10/><D128/><U72/><E124/><V93/><REACH who="2" step="1"/><F98/><REACH who="2" ten="308,177,186,319" step="2"/><W73/><G118/><T67/><D96/><U111/><E71/><V23/><F23/><W50/><G50/><T32/><D21/><U42/><E107/><V130/><F130/><W22/><G30/><T25/><D32/><U66/><E99/><V33/><F33/><W74/><G49/><T88/><D20/><U9/><E42/><V101/><F101/><W44/><G41/><T80/><D135/><U4/><E100/><V129/><F129/><W26/><G45/><T7/><D134/><U126/><E9/><V103/><F103/><W62/><G44/><RYUUKYOKU ba="0,1" sc="308,-10,177,-10,186,30,319,-10" hai2="36,39,55,56,57,61,63,79,81,87,89,93,97" />
</Scene>
<Scene>
<INIT seed="2,1,1,1,5,73" ten="298,167,216,309" oya="2" hai0="74,17,66,56,130,123,15,5,89,4,80,88,78" hai1="21,81,42,115,87,54,100,76,59,24,62,77,70" hai2="125,12,55,131,39,65,61,120,112,57,75,127,41" hai3="3,63,83,108,37,31,20,98,0,69,132,111,72"/><V107/><F107/><W22/><G37/><T67/><D123/><U116/><E115/><V34/><F34/><W10/><G132/><T36/><D36/><U92/><E116/><V14/><F112/><W109/><G98/><T128/><D5/><U102/><E70/><V7/><F120/><W85/><G72/><T96/><D4/><U44/><E92/><V47/><F131/><N who="0" m="50218" /><D96/><U126/><E126/><N who="2" m="48139" /><F75/><W103/><G103/><T68/><D68/><U104/><E104/><V119/><F119/><W117/><G10/><N who="0" m="6391" /><D56/><U84/><E42/><V45/><F45/><W124/><G124/><T86/><D89/><U40/><E40/><V49/><F7/><W30/><G0/><T91/><D91/><U13/><E13/><V25/><F25/><W52/><G3/><T38/><D38/><U33/><E33/><V110/><F110/><W135/><G135/><T48/><D48/><U122/><E44/><V101/><F101/><W6/><G6/><T97/><D97/><U60/><E60/><V19/><F19/><W121/><G69/><T46/><D46/><U2/><E2/><V18/><F18/><W93/><G117/><T90/><D90/><U71/><E71/><N who="2" m="42415" /><F14/><W58/><G121/><T134/><D134/><U94/><E122/><V9/><F12/><W64/><G111/><T106/><D106/><U95/><E102/><V50/><F9/><W32/><G109/><T35/><D35/><U113/><E100/><V11/><F11/><W53/><G32/><T27/><D27/><U43/><E113/><V51/><AGARI ba="1,1" hai="39,41,47,49,50,51,55,57" m="42415,48139" machi="51" ten="30,11700,0" yaku="24,1,18,1,34,2" doraHai="73" who="2" fromWho="2" sc="298,-40,167,-40,216,130,309,-40" />
</Scene>
<Scene>
<INIT seed="2,2,0,5,1,68" ten="258,127,346,269" oya="2" hai0="28,85,27,46,134,108,70,58,20,94,54,125,111" hai1="44,135,114,3,121,0,116,23,124,22,15,105,74" hai2="32,73,43,82,113,14,7,18,19,106,110,118,21" hai3="50,119,79,120,1,75,4,127,10,133,96,16,92"/><V36/><F106/><W103/><G119/><T56/><D70/><U102/><E44/><V29/><F113/><W9/><G120/><T109/><D134/><U55/><E55/><V39/><F118/><W63/><G133/><T24/><D24/><U40/><E40/><V69/><F69/><W2/><G127/><T13/><D125/><U31/><E102/><V76/><F110/><W81/><G50/><T123/><D123/><U99/><E99/><V122/><F122/><W97/><G63/><T128/><D13/><U78/><E31/><V25/><F43/><W38/><G38/><T129/><D94/><U84/><E84/><V112/><F112/><W98/><REACH who="3" step="1"/><G16/><REACH who="3" ten="258,127,346,259" step="2"/><T37/><D111/><U48/><E48/><V87/><F7/><AGARI ba="2,1" hai="1,2,4,7,9,10,75,79,81,92,96,97,98,103" machi="7" ten="40,5200,0" yaku="1,1,2,1,9,1,53,0" doraHai="68" doraHaiUra="12" who="3" fromWho="2" sc="258,0,127,0,346,-58,259,68" />
</Scene>
<Scene>
<INIT seed="3,0,0,1,1,104" ten="258,127,288,327" oya="3" hai0="49,69,81,40,37,101,106,28,121,22,63,103,38" hai1="3,91,35,47,110,62,134,4,135,36,99,98,15" hai2="1,53,33,65,128,16,119,66,113,126,124,12,86" hai3="58,111,24,30,0,78,116,75,20,19,93,21,130"/><W83/><G116/><T10/><D121/><U43/><E35/><V32/><F119/><W122/><G122/><T72/><D10/><N who="1" m="2335" /><E110/><V52/><F113/><W129/><G0/><T67/><D22/><U8/><E91/><V2/><F86/><W17/><G111/><T5/><D5/><N who="1" m="3471" /><E62/><V42/><F42/><W68/><G68/><T73/><D81/><U123/><E123/><V125/><F128/><N who="3" m="49259" /><G58/><T90/><D90/><U29/><E29/><V45/><F2/><W41/><G41/><T74/><D28/><U105/><E105/><V6/><F6/><W61/><G61/><T102/><REACH who="0" step="1"/><D106/><REACH who="0" ten="248,127,288,327" step="2"/><U50/><E36/><V109/><F109/><W89/><G21/><T11/><D11/><U114/><E114/><V132/><F32/><W46/><G46/><AGARI ba="0,1" hai="37,38,40,46,49,63,67,69,72,73,74,101,102,103" machi="46" ten="50,8000,1" yaku="1,1,52,3,53,0" doraHai="104" doraHaiUra="120" who="0" fromWho="3" sc="248,90,127,0,288,0,327,-80" />
</Scene>
<Scene>
<INIT seed="4,0,0,2,2,134" ten="338,127,288,247" oya="0" hai0="75,72,21,31,35,54,64,52,85,63,123,106,50" hai1="124,71,121,111,80,60,23,13,127,96,53,39,77" hai2="34,22,17,37,59,56,87,90,15,95,1,12,48" hai3="30,32,67,58,16,102,51,88,131,28,65,112,49"/><T42/><D123/><U62/><E121/><V122/><F122/><W25/><G112/><T84/><D106/><U118/><E111/><V26/><F37/><W57/><G131/><T10/><D35/><U44/><E118/><V33/><F1/><W61/><G102/><T81/><D85/><U82/><E96/><V128/><F128/><W2/><G2/><T20/><D10/><U98/><E98/><V113/><F113/><W3/><G3/><T76/><D75/><U93/><E93/><V116/><F116/><W119/><G119/><T108/><D72/><U47/><E71/><V100/><F100/><W5/><G5/><T11/><D11/><U9/><E23/><V117/><F117/><W46/><G51/><T83/><D83/><U38/><E9/><V55/><F15/><W78/><G78/><T92/><D92/><U126/><E13/><V18/><F18/><W115/><G115/><T125/><D31/><U104/><E104/><V4/><F4/><W0/><G0/><T86/><D86/><N who="1" m="48399" /><E82/><V41/><F41/><W8/><G28/><T14/><D14/><U43/><E53/><N who="2" m="31783" /><F26/><W91/><G8/><T107/><D107/><U24/><E24/><V133/><F133/><W94/><G32/><T101/><D101/><U74/><E74/><V97/><F97/><W40/><G30/><T110/><D21/><U36/><E36/><V66/><F66/><W68/><G65/><T109/><D20/><U114/><E114/><V135/><F135/><W89/><G94/><T6/><D6/><U27/><E27/><V129/><F129/><W99/><G99/><RYUUKYOKU ba="0,0" sc="338,-30,127,10,288,10,247,10" hai1="38,39,43,44,47,60,62,124,126,127" hai2="12,17,22,33,34,55,59,87,90,95" hai3="16,25,40,46,49,57,58,61,67,68,88,89,91" />
</Scene>
<Scene>
<INIT seed="5,1,0,1,2,13" ten="308,137,298,257" oya="1" hai0="92,133,105,132,37,96,27,41,36,91,28,55,64" hai1="83,115,72,101,32,122,82,95,16,0,107,3,103" hai2="99,110,135,58,40,47,134,57,33,89,73,104,78" hai3="53,129,43,71,88,118,4,116,79,51,130,102,80"/><U97/><E122/><V42/><F33/><W19/><G71/><T93/><D64/><U18/><E32/><V106/><F110/><W98/><G43/><T63/><D41/><U66/><E66/><V121/><F121/><W119/><G4/><T120/><D120/><U11/><E115/><V46/><F40/><W117/><G117/><T20/><D105/><U123/><E123/><V49/><F47/><N who="3" m="27903" /><G19/><N who="1" m="7210" /><E72/><V56/><F73/><N who="3" m="43119" /><G88/><T26/><D37/><U84/><E107/><AGARI ba="1,0" hai="98,102,107,116,118,119,129,130" m="43119,27903" machi="107" ten="30,1000,0" yaku="12,1" doraHai="13" who="3" fromWho="1" sc="308,0,137,-13,298,0,257,13" />
</Scene>
<Scene>
<INIT seed="6,0,0,5,2,134" ten="308,124,298,270" oya="2" hai0="25,29,96,56,113,82,69,100,65,1,101,64,10" hai1="70,61,8,81,117,20,2,74,36,49,130,122,78" hai2="59,116,80,75,53,58,39,104,48,57,90,55,4" hai3="121,26,62,115,41,84,123,105,128,119,51,125,126"/><V44/><F104/><W13/><G105/><T91/><D113/><U27/><E117/><V76/><F116/><W73/><G73/><T52/><D69/><U40/><E49/><V114/><F114/><W43/><G119/><T103/><D10/><U54/><E130/><V89/><F4/><W30/><G115/><T112/><D1/><U107/><E107/><V68/><F68/><W15/><G128/><T95/><D82/><U120/><E54/><V35/><F35/><W87/><G62/><T85/><D85/><N who="3" m="32841" /><G26/><T67/><D112/><U18/><E61/><V98/><F39/><W83/><G30/><T42/><D42/><N who="3" m="15881" /><G51/><T50/><REACH who="0" step="1"/><D91/><REACH who="0" ten="298,124,298,270" step="2"/><U19/><E70/><V0/><F0/><W132/><G83/><T16/><D16/><U94/><E19/><V24/><F90/><W38/><G132/><T14/><D14/><N who="3" m="5129" /><G38/><T12/><D12/><U92/><E122/><AGARI ba="0,1" hai="121,122,123,125,126" m="5129,15881,32841" machi="122" ten="40,8000,1" yaku="28,2,52,2" doraHai="134" who="3" fromWho="1" sc="298,0,124,-80,298,0,270,90" />
</Scene>
<Scene>
<INIT seed="7,0,0,1,2,71" ten="298,44,298,360" oya="3" hai0="98,129,39,127,118,59,102,90,21,31,20,99,60" hai1="73,22,92,81,27,125,62,61,36,44,95,76,18" hai2="96,57,15,34,28,26,119,106,109,47,19,8,32" hai3="50,130,84,110,74,123,72,53,51,56,133,29,11"/><W107/><G107/><T12/><D118/><U104/><E104/><V43/><F119/><W89/><G123/><T87/><D129/><U6/><E125/><V14/><F109/><W77/><G77/><T3/><D3/><U41/><E95/><V1/><F57/><W132/><G29/><T0/><D0/><U46/><E92/><V69/><F69/><W135/><G130/><T70/><D70/><U30/><E18/><V88/><BYE who="0" /><F1/><UN n0="%E6%93%8D" /><W7/><G51/><T91/><D39/><U49/><E49/><V85/><F15/><N who="3" m="5631" /><G110/><T78/><D78/><U35/><E22/><V116/><F116/><W9/><G9/><T79/><D79/><U55/><E55/><V112/><F112/><W121/><G121/><T124/><D31/><U115/><E46/><V5/><F5/><W37/><G37/><T23/><D12/><U120/><E120/><V4/><F4/><W97/><G97/><N who="0" m="36875" /><D102/><U67/><E115/><V82/><F96/><W52/><G53/><N who="0" m="33903" /><D87/><U134/><E6/><V63/><F106/><W111/><G111/><T16/><D16/><U105/><E105/><V48/><REACH who="2" step="1"/><F63/><REACH who="2" ten="298,44,288,360" step="2"/><W128/><G56/><T80/><D80/><U131/><E62/><V68/><F68/><W42/><G135/><T114/><D114/><U113/><E113/><V38/><F38/><W83/><G83/><T100/><D100/><U66/><E131/><V75/><F75/><W10/><G128/><T86/><D86/><U93/><E134/><V103/><F103/><W2/><G133/><T54/><D54/><U101/><E61/><V65/><F65/><W122/><G132/><RYUUKYOKU ba="0,1" sc="298,10,44,10,288,10,360,-30" hai0="20,21,23,90,91,124,127" hai1="27,30,35,36,41,44,66,67,73,76,81,93,101" hai2="8,14,19,26,28,32,34,43,47,48,82,85,88" owari="308,11.0,54,-45.0,298,-10.0,340,44.0" />
</Scene>
</mjloggm>