<mjloggm ver="2.3"><GO type="169" lobby="0"/><UN n0="%E5%A4%AA%E3%81%8F%E3%81%AA%E3%81%84%E3%81%8A" n1="%E3%81%BE%E3%81%A4%E3%81%94%E3%82%8D" n2="%E2%91%A3%E3%82%BB%E3%83%B3%E3%83%81" n3="%E4%B8%8D%E8%A8%B1%E5%8F%AF" dan="17,16,18,16" rate="2202.82,2081.10,2231.42,2117.01" sx="F,M,M,M"/><TAIKYOKU oya="0"/>

<Scene>
<INIT seed="0,0,0,5,3,0" ten="250,250,250,250" oya="0" hai0="129,127,124,89,112,27,102,88,7,134,16,46,111" hai1="45,25,4,86,30,22,55,100,12,36,51,92,91" hai2="117,26,76,58,97,90,82,135,5,34,96,128,122" hai3="2,39,47,43,110,74,83,1,6,44,8,75,103"/><T114/><D102/><U109/><E109/><V80/><F122/><W118/><G110/><T116/><D111/><U52/><E36/><V68/><F68/><W53/><G118/><T10/><D116/><U130/><E130/><V3/><F117/><W73/><G103/><T61/><D129/><U9/><E100/><V132/><F128/><W11/><G11/><T32/><D134/><U106/><E106/><V126/><F126/><N who="0" m="48170" /><D61/><U17/><E30/><N who="2" m="19799" /><F58/><W72/><G2/><N who="0" m="375" /><D46/><U49/><E49/><V31/><F31/><W41/><G53/><AGARI ba="0,0" hai="4,9,12,17,22,25,45,51,52,53,55,86,91,92" machi="53" ten="30,7700,0" yaku="7,1,8,1,52,1,54,1" doraHai="0" who="1" fromWho="3" sc="250,0,250,77,250,0,250,-77" />
</Scene>
<Scene>
<INIT seed="1,0,0,2,2,25" ten="250,327,250,173" oya="1" hai0="61,1,130,104,126,121,60,14,82,73,62,86,26" hai1="28,47,29,124,92,9,64,89,96,40,110,63,50" hai2="94,57,59,71,7,56,128,125,72,65,58,114,67" hai3="118,80,12,90,19,34,74,84,77,35,87,129,135"/><U88/><E124/><V5/><F72/><W16/><G129/><T6/><D104/><U117/><E110/><V43/><F71/><W83/><G135/><T127/><D73/><U15/><E117/><V52/><F128/><W133/><G133/><T17/><D130/><U123/><E89/><V113/><F94/><W120/><G120/><T42/><D121/><U111/><E123/><V46/><F5/><W22/><G118/><T37/><D1/><U69/><E111/><V11/><F11/><W30/><G30/><T48/><D37/><U101/><E101/><V3/><F7/><AGARI ba="0,0" hai="7,9,15,28,29,40,47,50,63,64,69,88,92,96" machi="7" ten="30,11600,0" yaku="7,1,52,2,54,1" doraHai="25" who="1" fromWho="2" sc="250,0,327,116,250,-116,173,0" />
</Scene>
<Scene>
<INIT seed="1,1,0,2,0,115" ten="250,443,134,173" oya="1" hai0="75,89,131,1,37,70,52,85,100,76,101,124,119" hai1="57,135,77,16,86,28,91,12,63,121,29,24,61" hai2="78,55,64,54,14,41,118,94,60,82,72,127,68" hai3="30,53,87,45,23,117,40,130,46,74,107,49,79"/><U58/><E121/><V6/><F127/><W22/><G107/><T125/><D37/><U50/><E77/><V98/><F41/><W132/><G130/><T83/><D70/><U38/><E38/><V5/><F118/><W71/><G71/><T36/><D1/><U122/><E135/><V18/><F5/><W43/><G132/><T110/><D36/><U25/><E122/><V0/><F6/><W102/><G117/><T35/><D35/><U3/><E3/><V17/><F0/><W109/><G74/><T11/><D11/><U62/><E50/><V47/><F47/><W93/><G109/><T97/><D110/><U103/><E103/><V81/><F81/><N who="3" m="47551" /><G45/><T95/><D131/><U113/><E113/><V51/><F51/><W123/><G123/><T84/><D52/><N who="1" m="33959" /><E58/><V114/><F114/><W105/><G105/><T7/><D119/><U128/><E128/><V48/><F48/><W120/><G120/><T126/><D7/><U88/><E91/><V19/><REACH who="2" step="1"/><F14/><REACH who="2" ten="250,443,124,173" step="2"/><W8/><G43/><T21/><D125/><U104/><E63/><V2/><F2/><W32/><G40/><T20/><D124/><U44/><E62/><V42/><F42/><W106/><G46/><T90/><D126/><U65/><E44/><V69/><F69/><W9/><G49/><T27/><D83/><N who="1" m="49247" /><E104/><V108/><F108/><W15/><G106/><T92/><D92/><U99/><E99/><V129/><F129/><W116/><G116/><T66/><D97/><U73/><E73/><V26/><F26/><W34/><G93/><T13/><D75/><U31/><E25/><RYUUKYOKU ba="1,1" sc="250,-10,443,-10,124,30,173,-10" hai2="17,18,19,54,55,60,64,68,72,78,82,94,98" />
</Scene>
<Scene>
<INIT seed="2,2,1,1,2,81" ten="240,433,154,163" oya="2" hai0="14,110,107,27,63,36,132,64,40,39,46,96,18" hai1="26,29,45,97,30,120,44,28,58,47,130,48,100" hai2="116,52,103,31,128,69,12,17,89,113,11,134,22" hai3="109,80,6,72,122,43,126,61,2,70,15,115,38"/><V8/><F69/><W135/><RYUUKYOKU type="yao9" ba="2,1" sc="240,0,433,0,154,0,163,0" hai3="2,6,15,38,43,61,70,72,80,109,115,122,126,135" />
</Scene>
<Scene>
<INIT seed="2,3,1,5,1,78" ten="240,433,154,163" oya="2" hai0="110,41,135,30,69,107,60,45,27,53,51,49,16" hai1="118,62,83,122,15,8,20,134,64,76,31,68,50" hai2="92,84,93,56,113,4,72,112,17,127,123,2,42" hai3="25,0,121,1,109,18,74,66,57,116,54,80,99"/><V91/><F123/><W89/><G121/><T35/><D107/><U48/><E118/><V85/><F72/><W77/><G116/><T125/><D110/><U120/><E134/><V61/><F127/><W6/><G109/><T34/><D135/><U63/><E122/><V26/><F42/><W47/><G47/><T37/><D125/><U98/><E63/><V36/><F36/><W115/><G66/><T21/><D30/><U128/><E128/><V86/><F2/><W95/><G6/><T12/><D27/><U130/><E130/><V129/><F4/><W97/><G97/><T58/><D51/><U132/><E132/><V38/><F38/><W40/><G40/><T11/><D11/><U96/><E120/><V114/><F129/><W33/><G115/><T90/><D90/><U131/><E50/><V28/><F17/><W14/><G33/><T43/><D43/><U104/><E48/><V108/><F93/><W73/><G73/><T32/><D32/><U88/><E104/><V39/><F39/><W55/><G55/><T79/><D79/><U124/><E124/><V111/><F111/><W10/><REACH who="3" step="1"/><G25/><REACH who="3" ten="240,433,154,153" step="2"/><T94/><D94/><U29/><E131/><V22/><REACH who="2" step="1"/><F108/><REACH who="2" ten="240,433,144,153" step="2"/><W23/><G23/><T9/><D21/><U75/><E20/><V65/><AGARI ba="3,3" hai="22,26,28,56,61,65,84,85,86,91,92,112,113,114" machi="65" ten="30,6000,0" yaku="1,1,2,1,0,1,53,0" doraHai="78" doraHaiUra="126" who="2" fromWho="2" sc="240,-23,433,-23,144,99,153,-23" />
</Scene>
<Scene>
<INIT seed="2,4,0,1,5,88" ten="217,410,243,130" oya="2" hai0="76,124,3,16,97,63,114,18,15,48,119,29,126" hai1="128,67,72,99,19,7,109,55,1,71,83,123,9" hai2="69,104,52,31,110,60,22,14,93,102,40,80,73" hai3="5,98,112,81,113,54,41,78,58,87,39,107,70"/><V37/><F104/><W33/><G33/><T49/><D114/><U30/><E109/><V47/><F69/><W26/><G70/><T131/><D3/><U130/><E30/><V120/><F120/><W57/><G5/><T11/><D131/><N who="1" m="50219" /><E55/><V0/><F0/><W129/><G129/><T79/><D119/><U36/><E36/><V92/><F102/><W4/><G4/><T94/><D29/><U68/><E67/><V106/><F106/><W44/><G58/><T45/><D63/><U43/><E43/><V50/><F110/><W96/><G26/><T28/><D28/><U121/><E19/><N who="2" m="10615" /><F73/><W90/><G107/><T35/><D35/><U86/><E72/><V8/><F37/><W127/><G113/><T66/><D66/><U12/><E1/><V27/><F80/><W20/><G112/><T23/><D126/><U89/><E99/><V46/><F8/><W111/><G127/><T24/><D124/><U105/><E105/><V25/><F47/><W85/><G111/><T103/><D49/><U91/><E71/><V84/><F84/><W53/><G20/><T51/><REACH who="0" step="1"/><D48/><REACH who="0" ten="207,410,243,130" step="2"/><U116/><E116/><V6/><F60/><W100/><G39/><T74/><D74/><U2/><E2/><V17/><F31/><W64/><G64/><T56/><D56/><U117/><E117/><V62/><F62/><W82/><G57/><T101/><D101/><U21/><E68/><V95/><F50/><N who="3" m="26895" /><G100/><T134/><D134/><U42/><E121/><V108/><F108/><W59/><G59/><T13/><D13/><U61/><E123/><V122/><F122/><RYUUKYOKU ba="4,1" sc="207,15,410,-15,243,-15,130,15" hai0="11,15,16,18,23,24,45,51,76,79,94,97,103" hai3="53,54,78,81,82,85,87,90,96,98" />
</Scene>
<Scene>
<INIT seed="3,5,1,3,3,43" ten="222,395,228,145" oya="3" hai0="111,121,84,105,109,132,3,118,114,103,16,51,34" hai1="69,72,81,58,49,120,14,100,96,40,35,79,32" hai2="71,41,78,45,90,8,42,4,67,119,82,123,68" hai3="61,125,130,19,21,5,26,83,64,86,131,91,134"/><W30/><G5/><T99/><D121/><U2/><E2/><V46/><F119/><W129/><G134/><T128/><D118/><U9/><E69/><V124/><F90/><W47/><G125/><T37/><D37/><U73/><E73/><V15/><F67/><W77/><G47/><T104/><D34/><U7/><E120/><V89/><F89/><W95/><G19/><T88/><D3/><U112/><E112/><V59/><F59/><W117/><G117/><T28/><D28/><U1/><E1/><V74/><F123/><W93/><REACH who="3" step="1"/><G77/><REACH who="3" ten="222,395,228,135" step="2"/><T127/><D127/><U107/><REACH who="1" step="1"/><E58/><AGARI ba="5,2" hai="21,26,30,58,61,64,83,86,91,93,95,129,130,131" machi="58" ten="40,12000,1" yaku="1,1,2,1,19,1,53,1" doraHai="43" doraHaiUra="18" who="3" fromWho="1" sc="222,0,395,-135,228,0,135,155" />
</Scene>
<Scene>
<INIT seed="3,6,0,0,2,97" ten="222,260,228,290" oya="3" hai0="50,102,17,46,95,103,42,51,58,4,115,133,62" hai1="89,40,66,52,101,34,111,54,122,123,13,15,64" hai2="73,29,5,70,83,90,16,39,85,113,79,94,67" hai3="35,25,112,77,106,110,117,96,41,30,10,105,114"/><W93/><G117/><T127/><D127/><U108/><E101/><N who="0" m="38409" /><D133/><U104/><E89/><V99/><F113/><W3/><G110/><N who="1" m="42026" /><E40/><V71/><F39/><W9/><G77/><T59/><D115/><U44/><E34/><V100/><F67/><N who="1" m="25641" /><E44/><V75/><F75/><W27/><G114/><T107/><D107/><U128/><E128/><V23/><F5/><W120/><G112/><T80/><D4/><U24/><E24/><V87/><F29/><W31/><G120/><N who="1" m="46122" /><E104/><N who="2" m="63519" /><F87/><W81/><G105/><T22/><D80/><U135/><E135/><V126/><F126/><W72/><G106/><T36/><D36/><U65/><N who="1" m="25649" /><U0/><DORA hai="118" /><E0/><V11/><F71/><W109/><G109/><T86/><D42/><U119/><E119/><V49/><F70/><W74/><G41/><T121/><D46/><U20/><E20/><V57/><F23/><W38/><G38/><T56/><D121/><U92/><E92/><V21/><F21/><W6/><G81/><T12/><D95/><U82/><E82/><V48/><F57/><N who="0" m="22122" /><D86/><U1/><E1/><V47/><F47/><W19/><G93/><T8/><D22/><U28/><E28/><V132/><F132/><W91/><G35/><T55/><AGARI ba="6,0" hai="8,12,17,50,51,55,59,62" m="22122,38409" machi="55" ten="30,7900,0" yaku="8,1,52,3" doraHai="97,118" who="0" fromWho="0" sc="222,97,260,-26,228,-26,290,-45" />
</Scene>
<Scene>
<INIT seed="4,0,0,4,0,51" ten="319,234,202,245" oya="0" hai0="107,123,44,34,74,59,52,102,90,72,88,125,86" hai1="25,6,48,5,23,32,87,67,101,80,41,112,35" hai2="81,14,77,89,33,122,115,8,27,50,56,30,10" hai3="128,97,61,24,127,75,31,84,1,78,120,54,46"/><T76/><D123/><U85/><E67/><V38/><F38/><W62/><G120/><T104/><D34/><U4/><E101/><V12/><F122/><W57/><G1/><T22/><D44/><U121/><E121/><V134/><F115/><W70/><G128/><T106/><D102/><U98/><E98/><V126/><F126/><W26/><G127/><T111/><D125/><U64/><E64/><V135/><F89/><W99/><G75/><T47/><D47/><U42/><E112/><V37/><F37/><W19/><G70/><T29/><D76/><U68/><E68/><V110/><F110/><W58/><G46/><T100/><D100/><U45/><E42/><V124/><F124/><W119/><G119/><T49/><D111/><U82/><E35/><V114/><F114/><W66/><G19/><T55/><D55/><U133/><E32/><V73/><F8/><W20/><REACH who="3" step="1"/><G26/><REACH who="3" ten="319,234,202,235" step="2"/><T116/><D116/><U129/><E129/><V21/><F14/><W105/><G105/><T28/><D74/><U132/><E133/><V40/><F135/><W117/><G117/><T13/><D72/><U2/><E2/><V118/><F134/><W113/><G113/><T3/><D3/><U9/><E132/><V53/><F118/><W95/><G95/><N who="0" m="54679" /><D90/><U36/><E36/><V109/><F109/><W65/><G65/><T93/><D93/><U15/><E80/><AGARI ba="0,1" hai="20,24,31,54,57,58,61,62,66,78,80,84,97,99" machi="80" ten="40,5200,0" yaku="1,1,8,1,52,1,53,0" doraHai="51" doraHaiUra="11" who="3" fromWho="1" sc="319,0,234,-52,202,0,235,62" />
</Scene>
<Scene>
<INIT seed="5,0,0,4,2,76" ten="319,182,202,297" oya="1" hai0="64,133,82,130,61,16,78,24,28,14,26,84,38" hai1="60,122,110,20,85,69,7,118,30,59,12,113,39" hai2="125,97,35,0,96,121,19,49,92,128,106,17,29" hai3="47,99,21,72,103,32,89,67,135,119,57,23,129"/><U11/><E118/><V13/><F0/><W2/><G119/><T4/><D38/><U100/><E122/><V33/><F121/><W10/><G32/><T132/><D4/><U107/><E39/><V50/><F125/><W63/><G135/><N who="0" m="51787" /><D28/><U62/><E69/><V5/><F5/><W54/><G129/><T31/><D31/><U73/><E73/><V116/><F116/><W101/><G72/><T25/><D130/><U52/><E113/><V104/><F29/><W43/><G54/><T95/><D95/><U114/><E114/><V3/><F92/><W55/><G55/><T22/><D14/><U131/><E110/><V70/><F13/><W105/><G103/><T37/><D37/><U81/><E107/><V66/><F3/><W102/><G102/><T120/><D120/><U44/><E44/><V36/><F36/><W79/><G2/><T48/><D48/><N who="1" m="31111" /><E100/><V134/><F134/><W18/><G101/><T15/><D15/><U80/><E85/><V108/><F128/><W123/><G105/><T127/><D127/><U124/><E124/><V27/><F108/><W58/><G123/><T1/><D1/><U83/><E131/><V77/><F106/><W94/><G94/><T65/><D65/><U68/><E68/><AGARI ba="0,0" hai="16,22,24,25,26,61,64,68,78,82,84" m="51787" machi="68" ten="30,3900,0" yaku="20,1,52,1,54,1" doraHai="76" who="0" fromWho="1" sc="319,39,182,-39,202,0,297,0" />
</Scene>
<Scene>
<INIT seed="6,0,0,5,2,49" ten="358,143,202,297" oya="2" hai0="43,36,3,79,114,110,14,11,77,86,54,99,33" hai1="75,105,28,100,81,93,63,12,17,123,0,60,40" hai2="70,69,48,115,64,78,23,1,98,104,67,44,119" hai3="129,30,120,39,126,90,26,62,34,73,31,61,71"/><V118/><F1/><W96/><G120/><T108/><D33/><U15/><E0/><V24/><F78/><W103/><G39/><T94/><D3/><U35/><E105/><V41/><F104/><W134/><G73/><T29/><D29/><U46/><E123/><V132/><F98/><W18/><G129/><T57/><D36/><U4/><E35/><V72/><F72/><W128/><G128/><T19/><D43/><U16/><E28/><V5/><F5/><W21/><G134/><T89/><D114/><U88/><E100/><V87/><F87/><W68/><G126/><T135/><D135/><U111/><E4/><V50/><F132/><W59/><G90/><N who="0" m="55767" /><D108/><U2/><E2/><V22/><F115/><W9/><G9/><T47/><D47/><U124/><E124/><V10/><F10/><W112/><G112/><T131/><D110/><U13/><E81/><V6/><F44/><W76/><G76/><T53/><D131/><U42/><E75/><V45/><F45/><W82/><G82/><N who="0" m="49367" /><D53/><U92/><E92/><V125/><F41/><N who="1" m="15977" /><E46/><V84/><F125/><W122/><G122/><T58/><D58/><U52/><E111/><V37/><F37/><W127/><G59/><T106/><D106/><U66/><E66/><V107/><F107/><W101/><G127/><T55/><D55/><U83/><E83/><V74/><F67/><W56/><G34/><T85/><D85/><N who="1" m="52367" /><E63/><AGARI ba="0,0" hai="11,14,19,54,57,63,77,79" m="49367,55767" machi="63" ten="30,2000,0" yaku="8,1,52,1" doraHai="49" who="0" fromWho="1" sc="358,20,143,-20,202,0,297,0" />
</Scene>
<Scene>
<INIT seed="7,0,0,5,5,127" ten="378,123,202,297" oya="3" hai0="132,87,81,110,96,15,89,77,128,92,109,34,21" hai1="99,125,131,11,103,6,76,72,61,53,26,69,24" hai2="122,113,10,68,85,44,30,52,126,0,20,123,133" hai3="100,47,58,33,57,17,48,42,41,9,70,106,83"/><W67/><G33/><T55/><D34/><U117/><E125/><V121/><F126/><W4/><G42/><T50/><D128/><U105/><E117/><V3/><F68/><W101/><G17/><T43/><D132/><U97/><E99/><V51/><F133/><W31/><G31/><T129/><D129/><U114/><E114/><V107/><F113/><W78/><G70/><T134/><D134/><U90/><E90/><V124/><F124/><W135/><G135/><T63/><D63/><U29/><E24/><N who="2" m="16647" /><F107/><W62/><G58/><T73/><D43/><U65/><E53/><V60/><F60/><W59/><G59/><N who="0" m="33271" /><D96/><U27/><E27/><V79/><F10/><W93/><G106/><T23/><D23/><U36/><E131/><V22/><F22/><W120/><G93/><T37/><D37/><U74/><E76/><V12/><F12/><N who="3" m="5159" /><G120/><T66/><D66/><U2/><REACH who="1" step="1"/><E36/><REACH who="1" ten="378,113,202,297" step="2"/><V84/><F79/><W118/><G118/><T64/><D64/><U54/><E54/><V32/><F32/><AGARI ba="0,1" hai="2,6,11,26,29,32,61,65,69,72,74,97,103,105" machi="32" ten="30,16000,3" yaku="1,1,7,1,25,2,33,3,53,1" doraHai="127" doraHaiUra="95" who="1" fromWho="2" sc="378,0,113,170,202,-160,297,0" owari="378,48.0,283,-12.0,42,-46.0,297,10.0" />
</Scene>
</mjloggm>