<mjloggm ver="2.3"><GO type="169" lobby="0"/><UN n0="%E3%82%86%E3%81%8D%E3%81%AE%E3%81%9D%E3%82%89" n1="%E5%A4%A9%E6%9C%88%E7%B4%97%E7%9F%A2%E9%A6%99" n2="%E5%A4%AA%E3%81%8F%E3%81%AA%E3%81%84%E3%81%8A" n3="%E9%BB%92%E3%81%AE%E6%97%8B%E9%A2%A8" dan="16,16,17,16" rate="2055.50,2042.14,2186.53,2043.04" sx="F,M,F,M"/><TAIKYOKU oya="0"/>

<Scene>
<INIT seed="0,0,0,1,0,34" ten="250,250,250,250" oya="0" hai0="99,90,122,132,133,128,43,2,47,66,13,30,22" hai1="49,107,71,119,97,48,135,108,78,80,89,129,126" hai2="11,112,61,114,84,24,104,21,125,27,56,31,4" hai3="59,28,116,10,65,115,33,52,58,92,101,44,118"/><T74/><D128/><U55/><E71/><V76/><F104/><W35/><G115/><T51/><D122/><U120/><E129/><V105/><F105/><W96/><G44/><T6/><D74/><U117/><E120/><V111/><F111/><W83/><G83/><T12/><D66/><U134/><E108/><V69/><F69/><W45/><G45/><T67/><D67/><U54/><E126/><V23/><F76/><W14/><G35/><T79/><D79/><U42/><E42/><V93/><F84/><W109/><G109/><T53/><D53/><U87/><E55/><V100/><F125/><W37/><G37/><T0/><D30/><U102/><E49/><V8/><F93/><W113/><G113/><T3/><D22/><U7/><E7/><V62/><F100/><W81/><G81/><T40/><D40/><U73/><E54/><V85/><F85/><W103/><G103/><T95/><D6/><U94/><E48/><V88/><F88/><W77/><G77/><T72/><D72/><U98/><E98/><V106/><F106/><W86/><G86/><T64/><D64/><U82/><E82/><V124/><F124/><W32/><G32/><T39/><D39/><U19/><E19/><V41/><F41/><W9/><G28/><T50/><D50/><U123/><E123/><V46/><F46/><W25/><G33/><T18/><D18/><U70/><E70/><V1/><F11/><W29/><G29/><T75/><D75/><U63/><E63/><N who="2" m="24075" /><F56/><W110/><G110/><T15/><AGARI ba="0,0" hai="0,2,3,12,13,15,43,47,51,90,95,99,132,133" machi="15" ten="40,12000,1" yaku="0,1,52,3" doraHai="34" who="0" fromWho="0" sc="250,120,250,-40,250,-40,250,-40" />
</Scene>
<Scene>
<INIT seed="0,1,0,5,2,104" ten="370,210,210,210" oya="0" hai0="46,42,126,50,88,86,65,31,33,80,52,15,51" hai1="21,43,75,97,41,48,129,61,37,12,135,98,84" hai2="66,34,45,24,124,40,64,107,22,11,95,27,112" hai3="10,100,92,44,93,121,116,39,71,54,23,123,49"/><T0/><D0/><U133/><E37/><V77/><F107/><W30/><G71/><T16/><D126/><U117/><E117/><V19/><F112/><W106/><G116/><T109/><D109/><U91/><E129/><V87/><F124/><W63/><G39/><T120/><D120/><N who="3" m="46153" /><G63/><T89/><D33/><U20/><E75/><V128/><F128/><W130/><G130/><T113/><D31/><U90/><E61/><V83/><F11/><W70/><G70/><T2/><D2/><U53/><E53/><V38/><REACH who="2" step="1"/><F95/><REACH who="2" ten="370,210,200,210" step="2"/><W13/><G106/><T5/><D113/><U7/><E133/><V8/><F8/><W1/><G1/><T119/><D119/><U14/><E135/><V58/><F58/><W103/><G93/><T59/><D5/><U73/><E7/><V6/><F6/><N who="3" m="3287" /><G92/><T69/><D69/><U62/><E84/><V134/><F134/><W111/><G111/><T131/><D131/><U72/><REACH who="1" step="1"/><E62/><REACH who="1" ten="370,200,200,210" step="2"/><V114/><F114/><W9/><G9/><N who="0" m="6255" /><D65/><U118/><E118/><V36/><F36/><W82/><G49/><AGARI ba="1,2" hai="12,14,20,21,41,43,48,49,72,73,90,91,97,98" machi="49" ten="25,8000,1" yaku="1,1,22,2,52,2,53,0" doraHai="104" doraHaiUra="28" who="1" fromWho="3" sc="370,0,200,103,200,0,210,-83" />
</Scene>
<Scene>
<INIT seed="1,0,0,4,2,127" ten="370,303,200,127" oya="1" hai0="51,109,91,20,15,90,45,95,46,50,96,89,59" hai1="62,111,40,76,99,17,12,110,122,64,8,92,44" hai2="29,66,134,6,32,106,19,34,102,80,47,11,68" hai3="130,0,77,131,113,69,33,87,39,70,78,119,84"/><U41/><E122/><V112/><F134/><W63/><G39/><T7/><D109/><N who="1" m="41483" /><E76/><N who="3" m="29290" /><G0/><T94/><D59/><N who="1" m="36959" /><E44/><N who="0" m="17001" /><D94/><U23/><E8/><V103/><F11/><W132/><G119/><T22/><D7/><U57/><E57/><V65/><F6/><W108/><G108/><T133/><D133/><U79/><E79/><V52/><F47/><W88/><G132/><T74/><D74/><U101/><AGARI ba="0,0" hai="12,17,23,40,41,92,99,101" m="36959,41483" machi="101" ten="30,3000,0" yaku="14,1,10,1" doraHai="127" who="1" fromWho="1" sc="370,-10,303,30,200,-10,127,-10" />
</Scene>
<Scene>
<INIT seed="1,1,0,4,4,40" ten="360,333,190,117" oya="1" hai0="6,14,99,9,105,123,86,20,130,56,21,46,83" hai1="114,51,91,76,133,13,17,42,52,84,68,118,26" hai2="80,15,1,92,100,62,77,60,126,75,117,7,18" hai3="3,125,61,113,102,129,49,43,90,23,110,5,135"/><U59/><E118/><V103/><F117/><W27/><G113/><T35/><D35/><U96/><E114/><V66/><F126/><W24/><G125/><T36/><D130/><U69/><E133/><V16/><F1/><W98/><G135/><T33/><D33/><U78/><E96/><V87/><F75/><W47/><G110/><T85/><D123/><U50/><E26/><V97/><F103/><W65/><G129/><T45/><D36/><U19/><E19/><N who="2" m="7211" /><F66/><W71/><G90/><N who="0" m="51519" /><D105/><U25/><E25/><V48/><F48/><W0/><G5/><T53/><D99/><U55/><E42/><V58/><F58/><W63/><G63/><N who="0" m="36239" /><D86/><U106/><E106/><V112/><F112/><W67/><G67/><T11/><D11/><AGARI ba="1,0" hai="7,11,15,60,62,77,80,87,92,97,100" m="7211" machi="11" ten="30,2000,0" yaku="8,1,54,1" doraHai="40" who="2" fromWho="0" sc="360,-23,333,0,190,23,117,0" />
</Scene>
<Scene>
<INIT seed="2,0,0,1,4,31" ten="337,333,213,117" oya="2" hai0="30,129,88,57,126,25,37,124,15,59,67,61,9" hai1="99,115,89,55,51,108,107,103,21,3,70,1,12" hai2="116,91,0,14,118,20,24,26,42,120,128,65,77" hai3="76,93,110,125,82,96,119,109,123,58,17,81,39"/><V64/><F0/><W54/><G123/><T83/><D129/><U32/><E115/><V73/><F120/><W74/><G39/><T4/><D37/><U56/><E70/><V18/><F42/><W47/><G119/><T11/><D11/><U111/><E89/><V49/><F128/><W90/><G125/><T19/><D59/><U44/><E44/><V113/><F113/><W134/><G134/><T130/><D130/><U87/><E87/><V16/><F49/><W27/><G47/><T68/><D68/><U84/><E84/><V117/><F91/><W23/><REACH who="3" step="1"/><G82/><REACH who="3" ten="337,333,213,107" step="2"/><T66/><D126/><U36/><E36/><V112/><F112/><W105/><G105/><T43/><D124/><U6/><E107/><V71/><F117/><W8/><G8/><T100/><D9/><U95/><E108/><V35/><F116/><W80/><G80/><T5/><D83/><U10/><E111/><V2/><F118/><W114/><G114/><T50/><D4/><U106/><E106/><V45/><F45/><W121/><G121/><T97/><D5/><U135/><E135/><V78/><F78/><W75/><G75/><T127/><D127/><U133/><E133/><V104/><F77/><W41/><G41/><T48/><D43/><U22/><E1/><V86/><F104/><W62/><AGARI ba="0,1" hai="17,23,27,54,58,62,74,76,81,90,93,96,109,110" machi="62" ten="30,7900,0" yaku="1,1,0,1,25,2,53,0" doraHai="31" doraHaiUra="38" who="3" fromWho="3" sc="337,-20,333,-20,213,-39,107,89" />
</Scene>
<Scene>
<INIT seed="3,0,0,5,2,15" ten="317,313,174,196" oya="3" hai0="59,40,66,11,29,64,51,0,17,94,67,44,89" hai1="73,30,70,120,134,86,72,57,35,100,26,93,27" hai2="23,22,43,50,132,116,129,2,9,65,56,118,87" hai3="19,97,32,112,105,58,130,84,114,36,119,60,41"/><W74/><G119/><T127/><D127/><U33/><E70/><V16/><F132/><W113/><G74/><T95/><D29/><U92/><E134/><V5/><F129/><W12/><G32/><T79/><D79/><U25/><E120/><V20/><F87/><W75/><G75/><T46/><D46/><U53/><E100/><V34/><F34/><W31/><G130/><T76/><D76/><U125/><E125/><V24/><F43/><W6/><G6/><T52/><D89/><U47/><E47/><V111/><F111/><W107/><G41/><T110/><D110/><U88/><E92/><V10/><F10/><W115/><G36/><T122/><D122/><U38/><E38/><V104/><F104/><W133/><G133/><T106/><D106/><U42/><E42/><V45/><F45/><W126/><G126/><T62/><D0/><U14/><E14/><AGARI ba="0,0" hai="11,14,17,40,44,51,52,59,62,64,66,67,94,95" machi="14" ten="40,5200,0" yaku="8,1,52,1,54,1" doraHai="15" who="0" fromWho="1" sc="317,52,313,-52,174,0,196,0" />
</Scene>
<Scene>
<INIT seed="4,0,0,0,3,12" ten="369,261,174,196" oya="0" hai0="125,14,70,71,19,106,10,120,44,21,97,16,66" hai1="128,134,42,50,65,129,69,99,0,48,43,109,77" hai2="105,26,52,33,35,6,110,58,28,57,96,62,113" hai3="25,118,93,131,135,122,83,8,126,115,29,13,24"/><T88/><D125/><U63/><E0/><V84/><F110/><W127/><G118/><T51/><D120/><U55/><E77/><V108/><F108/><W104/><G104/><T68/><D66/><U92/><E109/><V27/><F113/><W4/><G122/><T119/><D119/><U111/><E111/><V45/><F6/><W49/><G115/><T98/><D88/><U87/><E87/><V9/><F9/><W11/><G83/><T75/><D75/><U32/><E32/><V30/><F84/><W40/><G93/><T60/><D60/><U1/><E1/><V17/><F45/><W20/><G40/><N who="1" m="15402" /><E92/><V114/><F114/><W74/><G49/><N who="1" m="19050" /><E99/><V38/><F38/><W82/><G82/><T95/><D95/><U100/><E100/><V116/><F116/><W80/><G80/><T3/><D3/><U15/><E15/><V132/><F57/><W31/><G74/><T73/><D73/><U23/><E23/><V130/><F96/><W56/><G56/><T64/><D106/><U86/><E86/><V81/><F105/><W5/><G131/><N who="1" m="50250" /><E55/><V22/><F130/><W39/><G39/><T121/><D121/><U124/><E124/><V2/><F81/><W47/><G127/><T117/><D98/><U94/><E94/><V102/><F102/><W46/><G126/><T107/><D97/><U101/><E101/><V67/><F52/><W61/><G5/><T91/><D107/><U78/><E78/><V76/><F76/><W18/><G4/><T123/><D123/><U7/><E7/><V72/><F72/><W133/><G8/><RYUUKYOKU ba="0,0" sc="369,-10,261,30,174,-10,196,-10" hai1="63,65,69,134" />
</Scene>
<Scene>
<INIT seed="5,1,0,2,3,21" ten="359,291,164,186" oya="1" hai0="94,131,41,15,32,78,10,85,84,77,92,80,118" hai1="31,95,86,93,104,89,72,33,58,44,81,52,98" hai2="135,127,114,13,120,6,3,18,5,55,27,123,117" hai3="1,39,26,71,60,45,63,46,124,23,57,59,107"/><U129/><E129/><V111/><F55/><W42/><G107/><T51/><D131/><U73/><E44/><V102/><F102/><W130/><G1/><T0/><D0/><U69/><E69/><V8/><F111/><W38/><G130/><T50/><D32/><U62/><E104/><V110/><F110/><W24/><G124/><T17/><D118/><U53/><E93/><N who="0" m="35945" /><D41/><U88/><REACH who="1" step="1"/><E53/><REACH who="1" ten="359,281,164,186" step="2"/><V109/><F109/><W100/><G39/><T16/><D17/><U112/><E112/><V40/><F114/><W101/><G38/><T99/><D99/><U87/><E87/><V54/><F18/><W20/><G71/><T9/><D9/><U105/><E105/><V106/><F8/><W14/><G42/><T116/><D116/><U49/><E49/><V134/><F117/><W75/><G75/><T121/><D121/><U82/><E82/><AGARI ba="1,1" hai="10,15,16,50,51,77,78,80,82,84,85" m="35945" machi="82" ten="30,2000,0" yaku="8,1,54,1" doraHai="21" who="0" fromWho="1" sc="359,33,281,-23,164,0,186,0" />
</Scene>
<Scene>
<INIT seed="6,0,0,3,4,2" ten="392,258,164,186" oya="2" hai0="14,39,63,112,96,93,55,38,47,56,79,22,103" hai1="102,59,6,3,32,10,123,8,94,25,115,33,109" hai2="43,83,95,66,70,51,82,80,133,106,101,23,12" hai3="17,97,131,45,110,99,130,67,134,87,74,11,9"/><V90/><F133/><W72/><G110/><T65/><D112/><U57/><E109/><V5/><F106/><W78/><G67/><T125/><D125/><U37/><E37/><V50/><F101/><W127/><G45/><T18/><D79/><U89/><E123/><V64/><F70/><W120/><G120/><T20/><D47/><U86/><E115/><V135/><F135/><W113/><G134/><T114/><D114/><U0/><E102/><V108/><F108/><W53/><G113/><T76/><D76/><U92/><E25/><V21/><F43/><W48/><G127/><T75/><D75/><U62/><E92/><V121/><F121/><W34/><G34/><T88/><D103/><U85/><E85/><N who="2" m="52687" /><F21/><W7/><G17/><T105/><D105/><U16/><E59/><V84/><F84/><W71/><G87/><T98/><D98/><U69/><E69/><V124/><F124/><W104/><G71/><T24/><D65/><N who="2" m="25194" /><F23/><W126/><G104/><T46/><D46/><U44/><E44/><V129/><F129/><W49/><G78/><T28/><AGARI ba="0,0" hai="14,18,20,22,24,28,38,39,55,56,63,88,93,96" machi="28" ten="20,2700,0" yaku="0,1,7,1,54,1" doraHai="2" who="0" fromWho="0" sc="392,27,258,-7,164,-13,186,-7" />
</Scene>
<Scene>
<INIT seed="7,0,0,1,4,128" ten="419,251,151,179" oya="3" hai0="93,89,32,80,127,59,56,106,117,66,43,82,76" hai1="107,39,63,96,126,49,46,48,90,16,111,112,35" hai2="60,125,31,29,41,92,28,4,84,37,115,57,70" hai3="94,64,86,134,114,2,30,12,95,67,54,47,97"/><W124/><G2/><T65/><D32/><U33/><E111/><V110/><F110/><W3/><G3/><T17/><D106/><U14/><E126/><V99/><F125/><W83/><G124/><T78/><D117/><U55/><E112/><V24/><F115/><W109/><G114/><T50/><D127/><U71/><E39/><V108/><F108/><W15/><G109/><T118/><D118/><U22/><E49/><V85/><F70/><W53/><G30/><T113/><D17/><U62/><E71/><V6/><F37/><W68/><G68/><T131/><D131/><U87/><E33/><V121/><F41/><W26/><G26/><T132/><D43/><U44/><E35/><V105/><F121/><W13/><G95/><T81/><D50/><U74/><E74/><V8/><F105/><W5/><G5/><T7/><D7/><U45/><E96/><V58/><F58/><BYE who="2" /><W51/><G54/><T27/><D56/><N who="1" m="32871" /><E107/><V102/><F102/><W104/><G104/><T19/><D81/><AGARI ba="0,0" hai="14,16,22,44,45,46,62,63,81,87,90" m="32871" machi="81" ten="30,2000,0" yaku="8,1,54,1" doraHai="128" who="1" fromWho="0" sc="419,-20,251,20,151,0,179,0" owari="399,50.0,271,7.0,151,-35.0,179,-22.0" />
</Scene>
</mjloggm>