<mjloggm ver="2.3"><GO type="169" lobby="0"/><UN n0="%E4%BA%BA%E9%B3%A5%E4%BE%8D%E6%A5%B5" n1="%79%61%6D%69" n2="%E3%82%84%E3%81%BE%E3%83%BC%E3%82%93" n3="%E5%A4%AA%E3%81%8F%E3%81%AA%E3%81%84%E3%81%8A" dan="16,16,17,18" rate="2129.35,2106.52,2207.30,2246.01" sx="M,M,M,M"/><TAIKYOKU oya="0"/>

<Scene>
<INIT seed="0,0,0,1,0,16" ten="250,250,250,250" oya="0" hai0="103,30,18,38,47,62,80,35,63,124,115,74,7" hai1="96,92,64,82,72,133,6,129,104,98,42,26,105" hai2="24,81,93,89,121,110,111,19,4,134,61,97,106" hai3="12,43,50,28,29,86,123,54,69,130,68,88,85"/><T79/><D115/><U13/><E64/><V22/><F121/><W53/><G123/><T51/><D124/><U41/><E26/><V108/><F134/><W17/><G130/><T78/><D38/><U113/><E6/><V132/><F132/><W39/><G39/><T55/><D79/><U99/><E13/><V127/><F127/><W59/><G43/><T36/><D36/><U77/><E133/><V20/><F106/><W33/><G85/><T57/><D7/><U118/><E118/><V5/><F81/><W1/><G1/><T100/><D18/><U94/><E129/><V23/><F61/><W8/><G33/><T87/><D74/><U60/><E60/><V11/><F4/><W65/><G65/><T15/><D15/><AGARI ba="0,0" hai="5,11,15,19,20,22,23,24,89,93,97,108,110,111" machi="15" ten="40,8000,1" yaku="14,1,52,3" doraHai="16" who="2" fromWho="0" sc="250,-80,250,0,250,80,250,0" />
</Scene>
<Scene>
<INIT seed="1,0,0,4,1,126" ten="170,250,330,250" oya="1" hai0="98,108,64,32,24,42,114,100,77,47,63,31,37" hai1="68,39,93,80,122,17,40,30,57,62,82,128,71" hai2="12,13,33,102,8,89,7,127,86,14,9,74,56" hai3="103,44,94,59,120,15,43,0,116,84,69,4,110"/><U53/><E122/><V104/><F74/><W18/><G69/><T2/><D77/><U52/><E30/><V35/><F127/><W72/><G72/><T10/><D114/><U6/><E6/><V27/><F102/><W112/><G112/><T129/><D108/><U119/><E119/><V58/><F104/><W36/><G120/><T91/><D91/><U109/><E109/><V3/><F35/><W16/><G110/><T38/><D38/><U26/><E93/><V96/><F96/><W135/><G0/><T5/><D64/><U51/><E53/><V45/><F45/><W54/><G116/><T99/><D63/><U134/><E134/><V88/><F89/><W101/><G4/><T107/><D99/><U81/><E39/><V34/><F34/><W95/><G18/><T97/><D98/><U121/><E121/><V67/><F67/><W61/><G135/><T111/><D111/><U130/><E40/><V21/><F9/><W131/><G101/><T76/><D76/><U55/><E71/><V75/><F33/><W65/><G103/><T83/><D83/><U73/><E73/><V92/><REACH who="2" step="1"/><F75/><REACH who="2" ten="170,250,320,250" step="2"/><W48/><G65/><T28/><REACH who="0" step="1"/><D31/><AGARI ba="0,1" hai="3,7,8,12,13,14,21,27,31,56,58,86,88,92" machi="31" ten="40,8000,1" yaku="1,1,2,1,54,1,53,1" doraHai="126" doraHaiUra="25" who="2" fromWho="0" sc="170,-80,250,0,320,90,250,0" />
</Scene>
<Scene>
<INIT seed="2,0,0,1,4,36" ten="90,250,410,250" oya="2" hai0="92,124,7,0,17,72,29,93,130,8,60,23,35" hai1="84,56,104,54,61,64,98,13,118,49,47,119,123" hai2="63,76,65,108,120,79,70,39,131,94,96,127,2" hai3="3,40,100,74,6,62,99,121,1,4,16,27,41"/><V25/><F120/><W91/><G74/><T83/><D124/><U52/><E123/><V12/><F2/><W110/><G121/><T18/><D130/><U42/><E84/><V20/><F127/><W11/><G110/><T103/><D103/><U73/><E73/><V115/><F115/><W88/><G62/><T34/><D34/><U89/><E13/><V101/><F39/><W26/><G100/><T129/><D129/><U21/><E21/><V132/><F132/><W31/><G99/><T86/><D72/><U126/><E126/><V5/><F131/><W125/><G125/><T50/><D60/><U22/><E22/><V116/><F116/><W28/><REACH who="3" step="1"/><G16/><REACH who="3" ten="90,250,410,240" step="2"/><T43/><D18/><U114/><E114/><V78/><F108/><W53/><G53/><T135/><D135/><U44/><E54/><V19/><F5/><W97/><G97/><T67/><D67/><U95/><REACH who="1" step="1"/><E104/><REACH who="1" ten="90,240,410,240" step="2"/><V14/><AGARI ba="0,2" hai="12,14,19,20,25,63,65,70,76,78,79,94,96,101" machi="14" ten="30,1500,0" yaku="0,1" doraHai="36" who="2" fromWho="2" sc="90,-5,240,-5,410,35,240,-5" />
</Scene>
<Scene>
<INIT seed="2,1,0,1,2,62" ten="85,235,445,235" oya="2" hai0="51,79,1,123,22,52,20,47,35,84,45,31,101" hai1="102,6,110,36,82,23,44,86,119,129,132,100,94" hai2="33,0,15,55,3,73,70,16,135,114,37,4,113" hai3="124,56,10,98,53,131,96,61,105,59,28,14,54"/><V127/><F37/><W67/><G131/><T58/><D123/><U130/><E119/><V111/><F73/><W66/><G124/><T5/><D35/><U40/><E110/><V122/><F70/><W27/><G105/><T112/><D112/><U63/><E132/><V93/><F122/><W116/><G116/><T46/><D101/><U21/><E6/><V92/><F33/><W69/><G69/><T107/><D107/><U32/><E32/><V17/><F127/><W48/><G27/><T78/><D31/><U24/><E63/><V117/><F117/><W77/><G28/><T128/><D128/><N who="1" m="49259" /><E94/><V126/><F126/><W7/><G77/><T8/><REACH who="0" step="1"/><D78/><REACH who="0" ten="75,235,445,235" step="2"/><N who="1" m="46423" /><E23/><V38/><F111/><W89/><G89/><T88/><D88/><U81/><E81/><AGARI ba="1,1" hai="1,5,8,20,22,45,46,47,51,52,58,79,81,84" machi="81" ten="40,2600,0" yaku="1,1,54,1,53,0" doraHai="62" doraHaiUra="30" who="0" fromWho="1" sc="75,39,235,-29,445,0,235,0" />
</Scene>
<Scene>
<INIT seed="3,0,0,5,3,63" ten="114,206,445,235" oya="3" hai0="39,118,4,33,93,79,50,3,124,128,91,85,90" hai1="38,76,60,40,96,130,29,103,18,9,17,95,13" hai2="83,26,94,27,48,11,59,23,69,31,24,108,0" hai3="89,127,106,131,42,123,37,61,84,28,56,41,5"/><W111/><G123/><T117/><D39/><U71/><E130/><V54/><F69/><W12/><G106/><T34/><D128/><U77/><E29/><V99/><F108/><W64/><G131/><T114/><D79/><U25/><E38/><V47/><F83/><W65/><G127/><T66/><D124/><U109/><E40/><N who="3" m="15466" /><G37/><T86/><D114/><U1/><E1/><V104/><F104/><W132/><G132/><T80/><D50/><U2/><E2/><V10/><F0/><W57/><G28/><T44/><D44/><U81/><E109/><V78/><F78/><W82/><G111/><T133/><D133/><U100/><E77/><V101/><F47/><W72/><G72/><T105/><D105/><U22/><E71/><V58/><F58/><N who="3" m="22635" /><G61/><T126/><D126/><U14/><E60/><V67/><F10/><AGARI ba="0,0" hai="5,10,12,64,65,82,84,89" m="22635,15466" machi="10" ten="30,5800,0" yaku="8,1,52,2" doraHai="63" who="3" fromWho="2" sc="114,0,206,0,445,-58,235,58" />
</Scene>
<Scene>
<INIT seed="3,1,0,2,2,0" ten="114,206,387,293" oya="3" hai0="44,66,35,100,115,34,63,78,32,103,62,124,107" hai1="98,69,21,129,104,130,46,112,27,117,20,51,60" hai2="33,82,41,91,84,6,102,80,56,86,50,55,70" hai3="16,128,22,36,13,95,58,77,48,119,24,11,97"/><W17/><G36/><T57/><D124/><U131/><E112/><V135/><F70/><W87/><G119/><T89/><D78/><U61/><E117/><V96/><F33/><W40/><G128/><T76/><D76/><U15/><E15/><V30/><F30/><W19/><G87/><T88/><D115/><U64/><E61/><V83/><F135/><W114/><G77/><T65/><D44/><U54/><REACH who="1" step="1"/><E27/><REACH who="1" ten="114,196,387,293" step="2"/><V1/><F82/><W10/><G114/><T9/><D9/><U85/><E85/><V134/><F83/><W127/><G127/><T118/><D118/><U106/><E106/><V79/><F84/><W81/><G81/><T12/><D12/><U43/><E43/><V39/><F41/><W126/><G126/><T121/><D121/><U67/><E67/><V53/><F86/><W59/><G10/><T3/><D3/><U94/><E94/><V110/><F80/><W26/><G26/><T132/><D132/><U52/><E52/><V38/><F55/><W111/><G111/><T99/><REACH who="0" step="1"/><D103/><AGARI ba="1,1" hai="20,21,46,51,54,60,64,69,98,103,104,129,130,131" machi="103" ten="40,2600,0" yaku="1,1,19,1,53,0" doraHai="0" doraHaiUra="68" who="1" fromWho="0" sc="114,-29,196,39,387,0,293,0" />
</Scene>
<Scene>
<INIT seed="4,0,0,1,0,125" ten="85,235,387,293" oya="0" hai0="54,95,96,10,32,26,122,108,44,87,77,53,79" hai1="3,22,18,66,56,29,120,59,80,61,127,47,81" hai2="119,121,58,110,13,114,64,1,7,38,93,106,78" hai3="62,133,46,97,65,49,43,107,2,135,88,9,117"/><T92/><D122/><U8/><E120/><V15/><F121/><W103/><G117/><T68/><D68/><U35/><E127/><V36/><F110/><W84/><G9/><T111/><D10/><U5/><E35/><V11/><F106/><W105/><G2/><T99/><D26/><U67/><E29/><V132/><F78/><W34/><G107/><T31/><D87/><U4/><E47/><V50/><F38/><W0/><G0/><T101/><D44/><U123/><E5/><V52/><F36/><W72/><G72/><T28/><REACH who="0" step="1"/><D101/><REACH who="0" ten="75,235,387,293" step="2"/><U21/><E123/><V69/><F69/><W17/><G84/><T130/><D130/><U45/><E45/><V24/><F11/><W83/><G103/><T70/><D70/><U25/><E22/><V90/><F24/><W30/><G46/><T33/><AGARI ba="0,1" hai="28,31,32,33,53,54,77,79,92,95,96,99,108,111" machi="33" ten="25,9600,0" yaku="1,1,0,1,22,2,53,0" doraHai="125" doraHaiUra="37" who="0" fromWho="0" sc="75,106,235,-32,387,-32,293,-32" />
</Scene>
<Scene>
<INIT seed="4,1,0,0,1,122" ten="181,203,355,261" oya="0" hai0="106,65,107,104,69,92,23,75,43,48,108,115,41" hai1="27,56,132,6,112,14,99,94,13,105,62,37,35" hai2="127,53,40,100,96,16,84,91,8,135,34,50,101" hai3="64,28,83,89,80,125,9,130,116,32,71,74,117"/><T15/><D75/><U11/><E37/><V30/><F40/><W55/><G55/><T85/><D115/><U113/><E105/><V54/><F127/><W103/><G89/><T79/><D48/><U44/><E44/><V52/><F135/><W109/><G83/><T86/><D86/><U134/><E14/><N who="2" m="7239" /><F34/><W110/><G9/><T24/><D15/><U67/><E35/><V61/><F30/><W88/><G88/><T59/><D69/><U39/><E27/><V25/><F25/><N who="3" m="18447" /><G103/><N who="2" m="39497" /><F96/><W77/><G125/><T45/><D92/><U29/><E29/><V123/><F61/><N who="3" m="40335" /><G130/><T82/><D45/><U10/><E39/><V73/><F73/><W78/><G78/><T31/><REACH who="0" step="1"/><D108/><AGARI ba="1,0" hai="74,77,80,108,109,110,116,117" m="40335,18447" machi="108" ten="30,7700,0" yaku="23,1,52,3" doraHai="122" who="3" fromWho="0" sc="181,-80,203,0,355,0,261,80" />
</Scene>
<Scene>
<INIT seed="5,0,0,4,2,5" ten="101,203,355,341" oya="1" hai0="32,97,83,87,36,64,78,40,18,21,74,56,13" hai1="10,11,54,79,95,41,81,51,3,65,122,39,125" hai2="110,15,42,111,118,57,6,90,68,94,106,89,76" hai3="88,77,38,14,85,12,119,4,48,84,52,93,25"/><U101/><E3/><V67/><F68/><W29/><G38/><T130/><D32/><U70/><E122/><V116/><F106/><W24/><G119/><T109/><D109/><U129/><E101/><V127/><F42/><W113/><G113/><T99/><D130/><U91/><E95/><V104/><F104/><W45/><G4/><T135/><D135/><U46/><E91/><V7/><F76/><W105/><G105/><T26/><D74/><N who="1" m="43255" /><E125/><V100/><F94/><W112/><G112/><T16/><D40/><U23/><E23/><V20/><F20/><N who="3" m="15495" /><G25/><T60/><REACH who="0" step="1"/><D36/><REACH who="0" ten="91,203,355,341" step="2"/><U19/><E129/><V69/><F111/><W31/><G31/><T121/><D121/><U66/><E39/><V82/><F110/><W132/><G132/><T80/><D80/><AGARI ba="0,1" hai="12,14,45,48,52,77,80,84,85,88,93" m="15495" machi="80" ten="30,3900,0" yaku="8,1,54,2" doraHai="5" who="3" fromWho="0" sc="91,-39,203,0,355,0,341,49" />
</Scene>
<Scene>
<INIT seed="6,0,0,5,2,114" ten="52,203,355,390" oya="2" hai0="96,1,41,20,51,2,68,31,3,88,55,23,76" hai1="65,99,108,24,4,32,123,30,9,42,27,97,39" hai2="82,77,8,104,35,115,117,64,13,62,90,113,58" hai3="118,107,89,29,47,86,19,102,83,66,18,81,75"/><V94/><F35/><W28/><G118/><T111/><D68/><U92/><E108/><V12/><F104/><W109/><G109/><T61/><D111/><U14/><E123/><V50/><F50/><W22/><G107/><T57/><D76/><U126/><E126/><V17/><F13/><W101/><G75/><T80/><D31/><N who="3" m="11849" /><G66/><T26/><D26/><U6/><E27/><V121/><F121/><W46/><G83/><T53/><D41/><U100/><E65/><V93/><F117/><W133/><G18/><T119/><D119/><U37/><E42/><V85/><REACH who="2" step="1"/><F94/><REACH who="2" ten="52,203,345,390" step="2"/><W38/><G38/><T129/><D129/><U95/><E39/><V116/><F116/><W84/><G133/><T78/><D78/><U60/><E37/><V110/><F110/><W45/><G86/><AGARI ba="0,1" hai="8,12,17,58,62,64,77,82,85,86,90,93,113,115" machi="86" ten="40,2000,0" yaku="1,1,53,0" doraHai="114" doraHaiUra="44" who="2" fromWho="3" sc="52,0,203,0,345,30,390,-20" />
</Scene>
<Scene>
<INIT seed="6,1,0,1,0,6" ten="52,203,375,370" oya="2" hai0="112,118,27,25,60,35,127,86,15,113,21,94,38" hai1="75,26,37,130,2,74,0,66,129,93,97,80,105" hai2="50,114,11,84,55,9,71,62,126,1,17,95,91" hai3="128,72,54,42,116,39,23,13,119,53,65,63,7"/><V101/><F114/><W64/><G72/><T3/><D38/><U77/><E37/><V61/><F1/><W22/><G39/><T44/><D44/><U57/><E105/><V47/><F126/><W19/><G42/><T81/><D60/><N who="2" m="23146" /><F71/><W117/><G128/><N who="1" m="49258" /><E66/><V67/><F67/><W92/><G65/><T133/><D127/><U49/><E75/><V18/><F101/><W33/><G33/><T103/><D35/><U122/><E26/><V96/><F96/><W30/><G7/><T46/><D27/><U98/><E98/><V16/><AGARI ba="1,0" hai="9,11,16,17,18,47,50,55,84,91,95" m="23146" machi="16" ten="30,11700,0" yaku="8,1,52,2,54,1" doraHai="6" who="2" fromWho="2" sc="52,-40,203,-40,375,120,370,-40" />
</Scene>
<Scene>
<INIT seed="6,2,0,4,4,37" ten="12,163,495,330" oya="2" hai0="113,121,61,17,12,36,59,67,128,47,34,100,103" hai1="53,89,70,29,86,120,4,126,117,129,122,45,125" hai2="63,112,16,0,60,111,130,91,131,82,104,44,87" hai3="106,65,30,105,28,52,109,48,96,115,40,49,50"/><V124/><F112/><W23/><G109/><T95/><D121/><N who="1" m="46699" /><E117/><V132/><F0/><W14/><G65/><T19/><D113/><U6/><E70/><V42/><F104/><W66/><G66/><T31/><D128/><U24/><E129/><N who="2" m="49163" /><F111/><W43/><G115/><T55/><D19/><U72/><E72/><V51/><F132/><W25/><G106/><T26/><D95/><N who="1" m="54711" /><E53/><V18/><F124/><N who="1" m="47721" /><E45/><V79/><F79/><W35/><G105/><T116/><D116/><U39/><E39/><V2/><F2/><W32/><G96/><T118/><D118/><U10/><E10/><V8/><F8/><W102/><G102/><T98/><D98/><U74/><E74/><V107/><F107/><W73/><G73/><T108/><D108/><U56/><E56/><V88/><F91/><W1/><G1/><T75/><D75/><U135/><E135/><V69/><F69/><W58/><G14/><T9/><REACH who="0" step="1"/><D55/><REACH who="0" ten="2,163,495,330" step="2"/><U94/><E94/><V133/><F133/><W110/><G110/><T5/><D5/><U83/><E83/><V13/><F18/><W127/><G127/><T21/><D21/><AGARI ba="2,1" hai="4,6,21,24,29" m="47721,54711,46699" machi="21" ten="30,2000,0" yaku="13,1,18,1" doraHai="37" who="1" fromWho="0" sc="2,-26,163,36,495,0,330,0" owari="-24,-52.0,199,-20.0,495,59.0,330,13.0" />
</Scene>
</mjloggm>