<mjloggm ver="2.3"><GO type="169" lobby="0"/><UN n0="%E3%82%86%E3%81%8D%E3%81%AE%E3%81%9D%E3%82%89" n1="%E9%BB%92%E7%8C%AB%40%E3%81%BA%E3%82%8D%E3%81%BA%E3%82%8D%E2%98%86" n2="%E8%84%B3%E5%A4%A9%E7%86%8A" n3="%E5%A4%AA%E3%81%8F%E3%81%AA%E3%81%84%E3%81%8A" dan="16,17,16,17" rate="2124.62,2200.30,2077.06,2191.94" sx="F,F,M,M"/><TAIKYOKU oya="0"/>

<Scene>
<INIT seed="0,0,0,5,4,42" ten="250,250,250,250" oya="0" hai0="119,92,86,48,118,45,8,84,94,37,107,20,50" hai1="70,91,39,59,102,124,33,66,29,23,64,72,0" hai2="43,1,134,46,96,75,108,85,16,131,22,130,19" hai3="14,126,61,38,68,55,129,74,52,15,82,56,128"/><T17/><D107/><U60/><E0/><V21/><F75/><W113/><G113/><T2/><D37/><U31/><E33/><V83/><F1/><W26/><G38/><T53/><D119/><U98/><E124/><V28/><F108/><W78/><G126/><T71/><D71/><U51/><E39/><V121/><F121/><W103/><G103/><T62/><D62/><U105/><E72/><V81/><F28/><W99/><G99/><T12/><D118/><U3/><E3/><V80/><F85/><N who="0" m="32874" /><D2/><U101/><E91/><V13/><F96/><W87/><G74/><T73/><D73/><U77/><E77/><V135/><F43/><W133/><G133/><N who="2" m="50697" /><F46/><W122/><G122/><T7/><D7/><U123/><E123/><V5/><F5/><W36/><G36/><T6/><D6/><U40/><E101/><V93/><F93/><W27/><G78/><T47/><D8/><U24/><E31/><V106/><F106/><W57/><G87/><T10/><D10/><U95/><E105/><V117/><F117/><W41/><G41/><AGARI ba="0,0" hai="12,17,20,41,45,47,48,50,53,92,94" m="32874" machi="41" ten="30,5800,0" yaku="8,1,52,2" doraHai="42" who="0" fromWho="3" sc="250,58,250,0,250,0,250,-58" />
</Scene>
<Scene>
<INIT seed="0,1,0,0,5,53" ten="308,250,250,192" oya="0" hai0="80,50,111,11,19,61,30,95,99,131,0,108,102" hai1="124,47,23,86,82,130,88,68,77,25,45,4,17" hai2="49,90,62,109,2,57,110,123,96,87,122,85,52" hai3="63,118,27,41,115,38,69,3,121,54,119,132,21"/><T94/><D131/><U129/><E68/><V92/><F2/><W32/><G3/><T101/><D30/><U40/><E124/><V58/><F123/><W39/><G32/><T135/><D135/><U89/><E4/><V10/><F10/><W34/><G34/><T7/><D80/><U100/><E100/><V105/><F122/><W97/><G115/><T128/><D128/><N who="1" m="49259" /><E47/><V72/><F72/><W12/><G121/><T33/><D33/><U60/><E60/><V55/><REACH who="2" step="1"/><F105/><REACH who="2" ten="308,250,240,192" step="2"/><W24/><G132/><T113/><D11/><U64/><E64/><V125/><F125/><W16/><G119/><T106/><D0/><U91/><E77/><V83/><F83/><W51/><G118/><T127/><D106/><U44/><E44/><V18/><F18/><W70/><G16/><T76/><D19/><U59/><E59/><V65/><F65/><W71/><G71/><T43/><D76/><U8/><E8/><V36/><F36/><AGARI ba="1,1" hai="17,23,25,36,40,45,82,86,88,89,91" m="49259" machi="36" ten="30,2000,0" yaku="19,1,54,1" doraHai="53" who="1" fromWho="2" sc="308,0,250,33,240,-23,192,0" />
</Scene>
<Scene>
<INIT seed="1,0,0,0,5,12" ten="308,283,217,192" oya="1" hai0="133,22,55,94,104,129,45,28,123,19,43,64,32" hai1="9,120,69,79,74,21,88,103,99,71,118,65,115" hai2="124,97,86,77,27,98,38,70,52,84,33,119,35" hai3="47,46,101,81,23,62,42,72,112,122,95,110,10"/><U113/><E118/><V76/><F70/><W83/><G122/><T13/><D104/><U36/><E120/><V6/><F38/><W41/><G112/><T73/><D73/><U39/><E39/><V59/><F119/><W116/><G116/><T114/><D114/><U48/><E36/><V126/><F6/><W34/><G34/><T30/><D64/><U75/><E71/><V89/><F27/><W102/><G110/><T68/><D32/><U49/><E74/><V108/><F59/><W82/><G72/><T111/><D111/><U1/><E21/><V7/><F7/><W91/><G10/><T106/><D106/><N who="1" m="63871" /><E48/><V37/><F37/><W29/><G62/><T96/><D22/><U24/><E49/><V17/><F108/><W80/><N who="3" m="20480" /><DORA hai="26" /><W5/><G5/><T92/><D68/><U16/><E88/><V78/><F78/><W128/><G128/><T44/><D129/><U67/><E79/><V18/><F89/><W107/><G107/><T134/><D123/><U63/><E67/><V4/><REACH who="2" step="1"/><F4/><REACH who="2" ten="308,283,207,192" step="2"/><W3/><G91/><T57/><D57/><U54/><E75/><V90/><F90/><W20/><G3/><T93/><D96/><U125/><E1/><V53/><AGARI ba="0,1" hai="17,18,33,35,52,53,76,77,84,86,97,98,124,126" machi="53" ten="25,12000,2" yaku="1,1,0,1,22,2,52,2,54,1,53,0" doraHai="12,26" doraHaiUra="121,100" who="2" fromWho="2" sc="308,-30,283,-60,207,130,192,-30" />
</Scene>
<Scene>
<INIT seed="2,0,0,3,1,61" ten="278,223,337,162" oya="2" hai0="78,105,58,100,45,114,121,29,92,122,64,71,22" hai1="126,6,119,134,103,83,37,91,131,113,52,110,10" hai2="15,62,21,57,123,27,96,79,107,3,115,18,116" hai3="101,43,59,111,69,0,66,44,26,7,38,133,16"/><V60/><F123/><W40/><G111/><T39/><D114/><U81/><E113/><V14/><F115/><W130/><G130/><T51/><D78/><U41/><E119/><V80/><F3/><W12/><G133/><T72/><D72/><U5/><E134/><V94/><F107/><W76/><G43/><N who="0" m="22783" /><D29/><U32/><E32/><V106/><F106/><W49/><G101/><T35/><D22/><U89/><E110/><V34/><F34/><W68/><G26/><T19/><D19/><U4/><E10/><V25/><F25/><W118/><G118/><T112/><D105/><U65/><E41/><V23/><F116/><W46/><G76/><T128/><D128/><U86/><E37/><V127/><F127/><W30/><G30/><T132/><D35/><U20/><E20/><V53/><F60/><W9/><G46/><T55/><D112/><U87/><E103/><V120/><F23/><W33/><G33/><T75/><D75/><U36/><E36/><V63/><F63/><W95/><G95/><T117/><D117/><U99/><E99/><V77/><F120/><W108/><G108/><T17/><D132/><U50/><E126/><V13/><REACH who="2" step="1"/><F80/><REACH who="2" ten="278,223,327,162" step="2"/><W97/><G0/><T85/><D122/><U1/><E131/><V56/><F56/><W90/><G59/><T124/><D124/><U84/><E1/><V102/><AGARI ba="0,1" hai="13,14,15,18,21,27,53,57,62,77,79,94,96,102" machi="102" ten="30,6000,0" yaku="1,1,0,1,8,1,53,0" doraHai="61" doraHaiUra="82" who="2" fromWho="2" sc="278,-20,223,-20,327,70,162,-20" />
</Scene>
<Scene>
<INIT seed="2,1,0,1,3,71" ten="258,203,397,142" oya="2" hai0="77,40,104,73,69,66,133,84,98,63,55,30,61" hai1="74,21,79,31,56,111,53,130,131,114,14,41,3" hai2="60,103,36,11,33,23,124,108,121,115,68,25,43" hai3="93,100,118,34,126,20,76,29,72,37,132,7,26"/><V106/><F121/><W32/><G118/><T5/><D73/><U110/><E3/><V10/><F115/><W135/><G7/><T120/><D5/><U109/><E114/><V48/><F124/><W82/><G126/><T27/><D120/><U57/><E41/><V80/><F48/><W28/><G37/><T39/><D77/><U85/><E74/><V15/><F108/><W8/><G8/><T64/><D84/><U99/><E99/><V90/><F90/><W116/><G116/><T49/><D133/><N who="3" m="51273" /><G29/><T22/><D98/><AGARI ba="1,0" hai="20,26,28,32,34,72,76,82,93,98,100" m="51273" machi="98" ten="30,1000,0" yaku="20,1" doraHai="71" who="3" fromWho="0" sc="258,-13,203,0,397,0,142,13" />
</Scene>
<Scene>
<INIT seed="3,0,0,2,2,14" ten="245,203,397,155" oya="3" hai0="104,128,101,48,76,87,94,70,9,73,120,82,71" hai1="90,21,25,72,92,114,109,123,4,74,108,62,34" hai2="69,30,134,40,2,12,49,18,31,63,96,75,47" hai3="59,105,79,17,51,57,53,3,132,61,121,10,133"/><W36/><G121/><T7/><D128/><U60/><E123/><V99/><F2/><W35/><G36/><T127/><D127/><U1/><E34/><V8/><F75/><W129/><G35/><T100/><D100/><U6/><E114/><V50/><F134/><N who="3" m="51819" /><G105/><T95/><D95/><U86/><E72/><V117/><F117/><W80/><G129/><T33/><D33/><U26/><E26/><V28/><F69/><W131/><G131/><T81/><D104/><U13/><E13/><V66/><F66/><N who="3" m="39215" /><G3/><T77/><D120/><U54/><E74/><V124/><F124/><W88/><G79/><T110/><D76/><U97/><E97/><V91/><F63/><N who="1" m="24105" /><E54/><V89/><F50/><W135/><N who="3" m="51827" /><W55/><DORA hai="93" /><G53/><T64/><D77/><U67/><E67/><V115/><F115/><W102/><G102/><T106/><D101/><U15/><E1/><V113/><F113/><W43/><G43/><T85/><D64/><U118/><E118/><V112/><F112/><W0/><G0/><T52/><D106/><U116/><E116/><V78/><F78/><W125/><G125/><T41/><D73/><U126/><E126/><V32/><F32/><W44/><G59/><T16/><D41/><U119/><E119/><V11/><F11/><W98/><G10/><T37/><D9/><N who="1" m="4519" /><E6/><V56/><F56/><W39/><G39/><T111/><D37/><U84/><E84/><V68/><F68/><W122/><G122/><T103/><D71/><U19/><E108/><V5/><F5/><W42/><G51/><T46/><D70/><U58/><E58/><RYUUKYOKU ba="0,0" sc="245,-15,203,15,397,15,155,-15" hai1="19,21,25,86,90,92,109" hai2="8,12,18,28,30,31,40,47,49,89,91,96,99" />
</Scene>
<Scene>
<INIT seed="4,1,0,1,5,69" ten="230,218,412,140" oya="0" hai0="87,49,33,47,77,70,90,37,99,65,121,57,34" hai1="7,91,45,66,115,22,104,73,58,13,125,89,41" hai2="36,97,2,106,25,38,76,109,68,108,16,79,15" hai3="4,94,92,110,85,48,63,130,95,6,56,53,126"/><T61/><D77/><U101/><E73/><V98/><F68/><W43/><G110/><T102/><D121/><U40/><E40/><V83/><F2/><W93/><G126/><T27/><D27/><U28/><E101/><V30/><F79/><W100/><G130/><T122/><D122/><U17/><E104/><V24/><F24/><W120/><G120/><T118/><D118/><U72/><E72/><V26/><F26/><W96/><REACH who="3" step="1"/><G85/><REACH who="3" ten="230,218,412,130" step="2"/><T29/><D87/><U21/><E125/><V42/><F108/><W128/><G128/><T71/><D71/><U123/><E123/><V5/><F109/><W119/><G119/><T67/><D70/><U124/><E124/><V18/><F97/><W114/><G114/><T54/><D99/><U112/><E115/><V11/><F98/><W32/><G32/><T84/><D34/><U59/><E112/><V80/><F106/><W52/><G52/><T35/><D35/><U62/><E66/><V0/><F42/><W46/><AGARI ba="1,1" hai="4,6,43,46,48,53,56,63,92,93,94,95,96,100" machi="46" ten="30,4000,0" yaku="1,1,0,1,8,1,53,0" doraHai="69" doraHaiUra="12" who="3" fromWho="3" sc="230,-21,218,-11,412,-11,130,53" />
</Scene>
<Scene>
<INIT seed="5,0,0,0,3,47" ten="209,207,401,183" oya="1" hai0="115,95,19,34,103,40,37,26,127,36,81,130,91" hai1="43,58,83,108,101,90,7,114,61,134,59,102,62" hai2="118,100,63,126,72,121,45,52,74,14,104,5,128" hai3="15,111,69,17,73,29,56,6,3,124,68,133,8"/><U33/><E33/><V116/><F121/><W120/><G120/><T44/><D103/><U50/><E114/><V129/><F126/><W92/><G111/><T23/><D34/><U31/><E31/><V123/><F123/><W89/><G73/><T85/><D115/><U39/><E39/><V21/><F74/><W10/><G124/><T98/><D130/><N who="2" m="50282" /><F72/><W87/><G133/><T48/><REACH who="0" step="1"/><D127/><REACH who="0" ten="199,207,401,183" step="2"/><U94/><E134/><V66/><F100/><W110/><G110/><T25/><D25/><U9/><E102/><V88/><F104/><W80/><G29/><T32/><D32/><U2/><E101/><V42/><F118/><W35/><G35/><T106/><D106/><U131/><E108/><V60/><F116/><W76/><G56/><T38/><D38/><U18/><E59/><V105/><F105/><W84/><AGARI ba="0,1" hai="3,6,8,10,15,17,68,69,76,80,84,87,89,92" machi="84" ten="20,1500,0" yaku="0,1,7,1" doraHai="47" who="3" fromWho="3" sc="199,-4,207,-7,401,-4,183,25" />
</Scene>
<Scene>
<INIT seed="6,0,0,0,5,21" ten="195,200,397,208" oya="2" hai0="89,38,62,80,75,18,110,27,56,94,126,72,88" hai1="20,66,51,46,44,131,59,19,116,35,13,109,52" hai2="64,58,91,30,11,134,1,95,22,8,111,33,99" hai3="53,108,101,84,6,28,14,129,31,114,86,112,71"/><V132/><F33/><W32/><G108/><T107/><D110/><U77/><E109/><V133/><F111/><W54/><G71/><T104/><D38/><U127/><E116/><V117/><F117/><W85/><G129/><T124/><D104/><U47/><E131/><V113/><F113/><N who="3" m="43627" /><G101/><T42/><D42/><U39/><E35/><V130/><F130/><W4/><G14/><T17/><D107/><U121/><E121/><V125/><F1/><W60/><G60/><T74/><D80/><U7/><E127/><N who="0" m="48681" /><D27/><N who="1" m="14751" /><E77/><V49/><F125/><W34/><G34/><T100/><D100/><U9/><E39/><V57/><F57/><W78/><G78/><T119/><D119/><U103/><E103/><V118/><F118/><W55/><G32/><T115/><D115/><U29/><E29/><AGARI ba="0,0" hai="4,6,28,29,31,53,54,55,84,85,86" m="43627" machi="29" ten="40,8000,1" yaku="28,2,15,1,11,1" doraHai="21" who="3" fromWho="1" sc="195,0,200,-80,397,0,208,80" />
</Scene>
<Scene>
<INIT seed="7,0,0,2,3,26" ten="195,120,397,288" oya="3" hai0="54,131,71,96,3,86,121,90,10,114,40,67,116" hai1="92,59,94,48,0,56,8,132,102,12,29,107,101" hai2="118,97,46,110,28,64,2,44,75,78,89,99,63" hai3="20,7,16,18,93,82,104,42,76,88,127,113,37"/><W62/><G104/><T123/><D40/><U15/><E132/><V61/><F2/><W4/><G113/><T80/><D116/><U45/><E107/><V68/><F118/><W106/><G106/><T129/><D114/><U112/><E112/><V119/><F119/><W66/><G127/><T130/><D54/><U72/><E72/><V73/><F110/><W24/><G42/><T126/><D126/><U124/><E0/><V21/><F78/><W103/><G103/><T125/><D125/><U25/><E124/><V5/><F5/><W19/><G37/><T41/><D41/><U77/><E77/><V69/><F89/><W91/><G4/><N who="0" m="1311" /><D96/><U108/><E108/><V31/><F21/><W128/><G7/><T81/><D81/><U53/><E45/><V30/><F30/><W95/><G128/><T100/><D100/><U133/><E133/><V27/><F27/><W60/><G95/><T58/><D71/><U111/><E111/><V43/><F43/><W9/><G9/><T84/><D84/><U105/><E105/><V74/><F74/><W52/><G52/><T17/><D123/><U1/><E1/><V32/><REACH who="2" step="1"/><F64/><REACH who="2" ten="195,120,387,288" step="2"/><W87/><G91/><T117/><D117/><U50/><E25/><V13/><F13/><W85/><G66/><T134/><D130/><U57/><E57/><V98/><F98/><W122/><G122/><T35/><D121/><U11/><E53/><V120/><F120/><W14/><G14/><T115/><D131/><U55/><E55/><V83/><F83/><W109/><G109/><T33/><D129/><U34/><E34/><AGARI ba="0,1" hai="28,31,32,34,44,46,61,63,68,69,73,75,97,99" machi="34" ten="25,12000,2" yaku="1,1,6,1,22,2,52,2,53,0" doraHai="26" doraHaiUra="51" who="2" fromWho="1" sc="195,0,120,-120,387,130,288,0" owari="195,-20.0,0,-50.0,517,61.0,288,9.0" />
</Scene>
</mjloggm>