<mjloggm ver="2.3"><GO type="225" lobby="0"/><UN n0="%E5%A4%AA%E3%81%8F%E3%81%AA%E3%81%84%E3%81%8A" n1="%E9%9D%92%E7%A9%BA%E7%89%87%E6%80%9D%E3%81%84" n2="%EF%BC%98%EF%BC%99%EF%BC%91%EF%BC%90" n3="%E3%81%BF%E3%81%A3%E3%81%A4%E3%81%83%EF%BD%9E" dan="18,17,16,17" rate="2216.48,2152.49,2107.23,2171.48" sx="M,M,M,F"/><TAIKYOKU oya="0"/>

<Scene>
<INIT seed="0,0,0,3,0,31" ten="250,250,250,250" oya="0" hai0="21,3,79,32,16,45,75,30,33,59,127,107,11" hai1="66,70,77,115,54,99,8,20,12,105,23,125,88" hai2="114,42,101,113,110,95,67,118,109,72,55,80,46" hai3="18,26,47,82,106,121,48,29,57,96,76,116,38"/><T86/><D107/><U50/><E125/><V81/><F67/><W89/><G121/><T83/><D127/><U131/><E131/><V94/><F55/><W102/><G116/><T104/><D104/><U7/><E115/><N who="2" m="44043" /><F46/><W65/><G38/><T73/><D59/><U34/><E34/><V69/><F42/><W134/><G134/><T122/><D122/><U120/><E120/><V68/><F118/><W35/><G18/><T44/><D75/><U15/><E77/><V60/><F60/><W135/><G135/><T91/><D44/><U93/><E105/><V56/><F56/><W49/><G89/><T9/><D45/><N who="1" m="27983" /><E70/><N who="2" m="27243" /><F101/><W126/><G126/><T24/><D3/><U61/><E66/><V108/><F72/><W129/><G129/><T111/><D111/><U4/><E61/><V78/><F78/><W17/><G65/><T90/><D90/><U41/><E41/><V92/><AGARI ba="0,0" hai="80,81,92,94,95,108,109,110" m="27243,44043" machi="92" ten="50,6400,0" yaku="28,2,14,1" doraHai="31" who="2" fromWho="2" sc="250,-32,250,-16,250,64,250,-16" />
</Scene>
<Scene>
<INIT seed="1,0,0,5,3,53" ten="218,234,314,234" oya="1" hai0="19,50,8,94,117,30,134,97,109,9,7,64,22" hai1="70,106,17,39,119,6,11,78,47,20,16,101,127" hai2="57,133,18,96,126,87,38,54,66,98,132,88,32" hai3="43,60,76,86,105,40,23,29,65,120,75,36,92"/><U89/><E119/><V68/><F38/><W1/><G120/><T2/><D117/><U24/><E127/><V61/><F32/><W42/><G105/><T46/><D109/><U131/><E131/><V112/><F18/><W48/><G36/><T5/><D134/><N who="2" m="51818" /><F126/><W93/><G1/><T129/><D129/><U33/><E70/><V15/><F15/><W26/><G75/><T90/><D64/><U51/><E33/><V4/><F4/><N who="0" m="1610" /><D30/><U37/><E78/><V113/><F98/><W10/><G10/><T52/><D2/><U108/><E108/><V124/><F96/><W115/><G48/><T122/><D122/><U59/><E106/><V55/><F124/><W104/><G104/><T74/><D74/><U116/><E116/><V99/><F99/><W77/><G115/><N who="2" m="44105" /><F68/><W95/><REACH who="3" step="1"/><G86/><REACH who="3" ten="218,234,314,224" step="2"/><T63/><D63/><U81/><E39/><V102/><F102/><W128/><G128/><T103/><D103/><U35/><E37/><V27/><F27/><AGARI ba="0,1" hai="8,9,19,22,27,46,50,52,90,94,97" m="1610" machi="27" ten="30,2000,0" yaku="8,1,54,1" doraHai="53" who="0" fromWho="2" sc="218,30,234,0,314,-20,224,0" />
</Scene>
<Scene>
<INIT seed="2,0,0,5,4,38" ten="248,234,294,224" oya="2" hai0="33,43,101,19,103,68,104,125,79,113,128,39,85" hai1="45,49,127,89,81,1,60,36,58,111,77,27,4" hai2="65,97,98,106,70,46,44,86,129,8,54,116,52" hai3="102,9,100,64,90,74,80,37,71,135,121,107,112"/><V120/><F116/><W21/><G121/><T10/><D113/><U83/><E111/><V48/><F120/><W124/><G135/><T59/><D68/><U95/><E127/><V26/><F129/><W30/><G124/><T32/><D125/><U11/><E27/><V118/><F118/><W41/><G112/><T28/><D128/><U47/><E36/><V63/><F86/><W134/><G134/><T13/><D104/><U0/><E0/><V99/><F106/><W14/><G71/><T76/><D59/><U123/><E123/><V20/><F8/><W92/><G64/><T2/><D2/><U96/><E77/><V61/><F61/><W84/><G107/><T105/><D28/><U51/><E51/><V15/><F15/><W114/><G74/><T131/><D131/><U22/><E22/><V23/><F23/><W56/><G56/><T29/><D105/><U31/><E31/><V132/><F132/><W108/><G108/><T88/><D76/><U6/><E6/><V17/><REACH who="2" step="1"/><F46/><REACH who="2" ten="248,234,284,224" step="2"/><W16/><G114/><T93/><D85/><U40/><REACH who="1" step="1"/><E47/><REACH who="1" ten="248,224,284,224" step="2"/><V133/><F133/><W50/><G21/><T130/><D130/><U53/><AGARI ba="0,2" hai="1,4,11,40,45,49,53,58,60,81,83,89,95,96" machi="53" ten="20,8000,1" yaku="1,1,2,1,0,1,7,1,52,1,53,0" doraHai="38" doraHaiUra="73" who="1" fromWho="1" sc="248,-20,224,100,284,-40,224,-20" />
</Scene>
<Scene>
<INIT seed="3,0,0,1,2,78" ten="228,324,244,204" oya="3" hai0="29,41,77,128,102,32,73,8,5,15,123,93,80" hai1="118,85,100,46,95,23,111,83,84,88,79,113,6" hai2="20,49,68,40,72,122,116,58,91,127,35,103,71" hai3="115,105,3,36,19,81,52,25,87,28,110,101,65"/><W74/><G115/><T50/><D123/><U31/><E113/><V114/><F35/><W125/><G36/><T75/><D128/><U56/><E111/><V37/><F72/><W38/><G3/><T33/><D73/><U16/><E118/><V11/><F37/><W26/><G38/><T42/><D29/><U94/><E6/><V66/><F103/><W82/><G74/><T0/><D0/><U27/><E56/><V45/><F20/><N who="3" m="15431" /><G105/><T60/><D60/><U61/><E46/><V126/><F71/><W54/><G110/><T17/><D17/><U64/><E64/><V53/><F127/><W76/><G125/><T131/><D131/><U4/><E4/><V92/><F68/><W24/><G65/><T97/><REACH who="0" step="1"/><D50/><REACH who="0" ten="218,324,244,204" step="2"/><U107/><E61/><V21/><F122/><W109/><G109/><T39/><D39/><U120/><E120/><V70/><F126/><W14/><G101/><T12/><D12/><U124/><E124/><V34/><F116/><W44/><G82/><T57/><D57/><U55/><E31/><V112/><F70/><W106/><G106/><T59/><D59/><U86/><E107/><V48/><F114/><W63/><G63/><T18/><D18/><U89/><E100/><V132/><F112/><W119/><G119/><T10/><D10/><U67/><E67/><V96/><F58/><W121/><G121/><T47/><D47/><U13/><E13/><V133/><F45/><W90/><G76/><T30/><D30/><U98/><E79/><V69/><F66/><W62/><G62/><T104/><D104/><U2/><E2/><RYUUKYOKU ba="0,1" sc="218,30,324,-10,244,-10,204,-10" hai0="5,8,15,32,33,41,42,75,77,80,93,97,102" owari="248,5.0,324,43.0,234,-17.0,194,-31.0" />
</Scene>
</mjloggm>