<mjloggm ver="2.3"><GO type="169" lobby="0"/><UN n0="%79%6F%6A%6F" n1="%E5%A4%AA%E3%81%8F%E3%81%AA%E3%81%84%E3%81%8A" n2="%65%69%6B%31" n3="%6A%75%6D%70%2D%75%70" dan="18,17,17,16" rate="2205.84,2230.71,2131.90,2047.72" sx="F,M,M,M"/><TAIKYOKU oya="0"/>

<Scene>
<INIT seed="0,0,0,5,1,109" ten="250,250,250,250" oya="0" hai0="131,22,15,9,95,62,43,132,10,1,3,54,97" hai1="129,64,28,44,103,36,4,8,7,87,27,41,134" hai2="123,12,115,110,68,65,122,0,120,73,51,90,113" hai3="50,40,80,96,30,13,67,52,63,75,86,25,21"/><T74/><D74/><U127/><E127/><V26/><F0/><W133/><G133/><T69/><D132/><U33/><E134/><V57/><F73/><W58/><G75/><T105/><D105/><U56/><E129/><V101/><F101/><W24/><G96/><T114/><D114/><N who="2" m="43530" /><F12/><W2/><G2/><T126/><D131/><U39/><E103/><V48/><F90/><W98/><G98/><T88/><D126/><U38/><E4/><V106/><F26/><N who="3" m="16719" /><G13/><T130/><D130/><U111/><E111/><V31/><F31/><W89/><G40/><T112/><D43/><U6/><E6/><V19/><F19/><W59/><AGARI ba="0,0" hai="24,25,50,52,58,59,63,67,80,86,89" m="16719" machi="59" ten="30,2000,0" yaku="8,1,54,1" doraHai="109" who="3" fromWho="3" sc="250,-10,250,-5,250,-5,250,20" />
</Scene>
<Scene>
<INIT seed="1,0,0,5,0,60" ten="240,245,245,270" oya="1" hai0="74,78,28,62,90,130,96,115,95,100,97,101,116" hai1="27,114,22,12,71,79,11,88,124,109,9,72,46" hai2="41,56,63,19,65,50,110,53,132,58,77,75,51" hai3="103,31,66,105,120,123,99,84,32,69,18,76,45"/><U83/><E114/><V112/><F77/><W89/><G45/><T125/><D115/><U3/><E71/><V81/><F75/><W17/><G18/><T70/><D116/><U24/><E124/><V117/><F81/><W111/><G17/><T119/><D119/><U39/><E109/><V122/><F112/><W33/><G33/><T26/><D125/><U1/><E11/><V55/><F117/><W30/><G30/><T104/><D130/><U14/><E14/><V48/><F19/><W52/><G52/><N who="2" m="20041" /><F122/><W10/><G10/><T8/><D8/><U44/><E27/><V94/><F94/><N who="3" m="54567" /><G111/><T0/><D0/><U129/><E129/><V133/><F110/><W35/><G35/><N who="0" m="20887" /><D78/><U6/><E88/><V47/><F58/><W40/><G40/><T34/><D34/><U54/><E54/><V42/><F42/><W134/><G134/><AGARI ba="0,0" hai="41,47,48,50,51,56,63,65,132,133,134" m="20041" machi="134" ten="30,8000,1" yaku="20,1,34,2,52,1,54,1" doraHai="60" who="2" fromWho="3" sc="240,0,245,0,245,80,270,-80" />
</Scene>
<Scene>
<INIT seed="2,0,0,2,1,105" ten="240,245,325,190" oya="2" hai0="130,123,63,131,76,46,124,132,27,35,91,113,118" hai1="79,62,10,26,57,127,52,73,94,29,111,14,15" hai2="97,103,110,84,7,49,82,0,1,55,77,53,61" hai3="75,40,20,106,21,47,125,48,38,129,25,134,54"/><V100/><F110/><W108/><G106/><T86/><D123/><U8/><E111/><V119/><F119/><W117/><G108/><T72/><D113/><U66/><E127/><V41/><F41/><W18/><G125/><T96/><D124/><U116/><E116/><V126/><F126/><W133/><G129/><T65/><D96/><U16/><E94/><V37/><F37/><W44/><G117/><T81/><D46/><U30/><E26/><V32/><F32/><W56/><G47/><T71/><D118/><U22/><E22/><V99/><F61/><W42/><G42/><T67/><D67/><U104/><E104/><V109/><F7/><W135/><G20/><T68/><D132/><U80/><E66/><V45/><F55/><W95/><G95/><T6/><D6/><AGARI ba="0,0" hai="6,8,10,14,15,16,29,30,52,57,62,73,79,80" machi="6" ten="30,7700,0" yaku="7,1,52,1,54,2" doraHai="105" who="1" fromWho="0" sc="240,-77,245,77,325,0,190,0" />
</Scene>
<Scene>
<INIT seed="3,0,0,3,1,25" ten="163,322,325,190" oya="3" hai0="103,116,12,119,37,8,28,17,71,11,87,66,95" hai1="0,5,133,15,4,3,93,29,126,110,56,109,6" hai2="35,94,24,76,44,20,70,30,114,98,43,111,49" hai3="84,106,65,55,75,128,31,63,102,72,52,96,1"/><W83/><G128/><T18/><D37/><U90/><E56/><V115/><F70/><W125/><G1/><N who="1" m="586" /><E93/><V105/><F111/><N who="1" m="42505" /><E90/><V21/><F105/><W123/><G125/><T60/><D28/><U27/><E126/><V38/><F76/><W16/><G123/><T47/><D47/><U74/><E74/><V48/><F48/><W39/><G39/><T13/><REACH who="0" step="1"/><D87/><REACH who="0" ten="153,322,325,190" step="2"/><U77/><E133/><V88/><REACH who="2" step="1"/><F38/><REACH who="2" ten="153,322,315,190" step="2"/><W104/><G72/><T42/><D42/><U26/><E77/><V33/><F33/><W59/><G75/><T97/><AGARI ba="0,2" hai="8,11,12,13,17,18,60,66,71,95,97,103,116,119" machi="97" ten="30,4000,0" yaku="1,1,0,1,9,1,53,0" doraHai="25" doraHaiUra="68" who="0" fromWho="0" sc="153,60,322,-10,315,-10,190,-20" />
</Scene>
<Scene>
<INIT seed="4,0,0,2,3,101" ten="213,312,305,170" oya="0" hai0="43,48,112,51,129,134,131,105,36,50,84,2,88" hai1="60,128,11,107,32,5,106,25,91,123,42,16,38" hai2="9,104,63,83,110,19,53,102,78,122,59,126,125" hai3="58,119,103,33,41,79,74,85,121,111,130,52,77"/><T22/><D2/><N who="1" m="439" /><E91/><V132/><F122/><W44/><G111/><T86/><D112/><U12/><E123/><V89/><F110/><W13/><G33/><T114/><D114/><U3/><E3/><V82/><F132/><W61/><G130/><N who="0" m="49675" /><D134/><U37/><E60/><V26/><F89/><W117/><G74/><T8/><D8/><U29/><E128/><V28/><F19/><W14/><G121/><T73/><D73/><U6/><E6/><V135/><F9/><W35/><G35/><T10/><D10/><U0/><E0/><V54/><F54/><W27/><G119/><T47/><D22/><N who="1" m="11527" /><E42/><V115/><F115/><W71/><G71/><T46/><D86/><U92/><E92/><V20/><F135/><W30/><G117/><T118/><D118/><U68/><E68/><V39/><F39/><AGARI ba="0,0" hai="25,29,32,37,38,39,106,107" m="11527,439" machi="39" ten="30,7700,0" yaku="24,1,52,2,54,1" doraHai="101" who="1" fromWho="2" sc="213,0,312,77,305,-77,170,0" />
</Scene>
<Scene>
<INIT seed="5,0,0,3,2,119" ten="213,389,228,170" oya="1" hai0="63,51,81,129,101,10,13,16,120,103,75,128,60" hai1="0,18,80,108,97,31,109,36,48,132,124,91,4" hai2="62,28,73,110,94,88,55,43,58,45,14,123,134" hai3="29,92,23,67,6,100,121,78,93,82,5,52,71"/><U66/><E36/><V15/><F73/><W56/><G121/><T107/><D51/><U44/><E31/><V49/><F110/><W65/><G67/><T106/><D75/><U104/><E66/><V114/><F134/><W9/><G65/><T86/><D120/><U17/><E4/><V130/><F123/><W98/><G92/><T89/><D103/><U90/><E0/><V118/><F118/><W50/><G71/><T117/><D117/><U39/><E39/><V32/><F130/><N who="0" m="50282" /><D101/><U64/><E64/><V135/><F135/><W76/><G82/><T46/><D46/><U95/><E44/><V19/><F114/><W102/><G102/><T87/><D87/><U79/><E48/><V21/><F28/><W35/><G35/><T7/><D7/><N who="3" m="2569" /><G9/><T61/><AGARI ba="0,0" hai="10,13,16,60,61,63,81,86,89,106,107" m="50282" machi="61" ten="30,2000,0" yaku="19,1,54,1" doraHai="119" who="0" fromWho="0" sc="213,20,389,-10,228,-5,170,-5" />
</Scene>
<Scene>
<INIT seed="6,0,0,2,5,109" ten="233,379,223,165" oya="2" hai0="1,68,100,87,96,21,41,42,90,66,57,121,58" hai1="132,113,48,135,25,37,98,127,23,33,97,81,134" hai2="125,112,17,76,105,5,130,102,44,122,55,52,84" hai3="77,40,38,107,128,45,13,62,67,82,80,111,22"/><V117/><F117/><W27/><G128/><T8/><D121/><U26/><E113/><V10/><F122/><W69/><G111/><T85/><D68/><U12/><E37/><V15/><F130/><W28/><G107/><T53/><D66/><U119/><E127/><V93/><F125/><W59/><G77/><T30/><D1/><U2/><E2/><V86/><F105/><W91/><G91/><T110/><D8/><U92/><E119/><V39/><F112/><W6/><G6/><T54/><D100/><U31/><E12/><N who="2" m="5199" /><F39/><W61/><REACH who="3" step="1"/><G13/><REACH who="3" ten="233,379,223,155" step="2"/><T50/><D90/><U73/><E134/><V7/><F7/><W79/><G79/><T9/><D110/><U65/><E135/><V32/><F76/><W103/><G103/><T106/><D106/><U51/><E132/><V89/><F102/><W101/><G101/><T123/><D123/><U104/><E104/><V47/><F86/><W0/><G0/><T114/><D87/><U72/><E98/><V120/><F120/><W118/><G118/><T99/><D85/><U24/><E97/><V43/><F84/><W34/><G34/><T4/><D96/><U14/><E33/><V29/><F89/><W16/><G16/><T88/><D88/><U19/><E19/><V3/><F3/><W95/><G95/><T133/><D99/><U64/><E92/><V60/><F93/><W46/><G46/><T129/><D129/><U20/><E81/><V36/><F47/><W71/><G71/><T75/><D133/><U94/><E94/><V83/><F83/><W108/><G108/><T78/><D78/><RYUUKYOKU ba="0,1" sc="233,-10,379,-10,223,-10,155,30" hai3="22,27,28,38,40,45,59,61,62,67,69,80,82" />
</Scene>
<Scene>
<INIT seed="7,1,1,4,0,9" ten="223,369,213,185" oya="3" hai0="13,57,14,68,46,99,61,6,135,121,51,130,83" hai1="0,110,59,94,17,20,90,108,123,26,100,43,23" hai2="107,60,126,21,19,5,86,127,4,88,120,116,78" hai3="58,77,129,101,62,104,105,117,67,98,84,8,32"/><W72/><G117/><T125/><D121/><U56/><E123/><V118/><F120/><W63/><G129/><T134/><D68/><U16/><E0/><V41/><F107/><W49/><G72/><T70/><D70/><U28/><E100/><V38/><F78/><W76/><G32/><T106/><D130/><U122/><E122/><V74/><F74/><W27/><G105/><T133/><D83/><U111/><E43/><V114/><F60/><W113/><G113/><T82/><D82/><U1/><E1/><V18/><F41/><W124/><G124/><N who="2" m="47657" /><F38/><W3/><G27/><T73/><D6/><N who="2" m="2666" /><F114/><W10/><G62/><T103/><D73/><U55/><E55/><V52/><F52/><W36/><G36/><T96/><D96/><U80/><E80/><N who="2" m="49223" /><F19/><W48/><G84/><T69/><D69/><U95/><E23/><V128/><F128/><W93/><G104/><T12/><D125/><U109/><E28/><V112/><F112/><W31/><G31/><T45/><D51/><N who="3" m="19529" /><G3/><T35/><D35/><U2/><E2/><V33/><F33/><W24/><G24/><AGARI ba="1,1" hai="18,21,24,116,118" m="49223,2666,47657" machi="24" ten="30,2000,0" yaku="18,1,54,1" doraHai="9" who="2" fromWho="3" sc="223,0,369,0,213,33,185,-23" owari="223,-18.0,369,47.0,246,5.0,162,-34.0" />
</Scene>
</mjloggm>