<mjloggm ver="2.3"><GO type="169" lobby="0"/><UN n0="%E5%AE%AE%E6%9C%AC%E4%BE%86%E5%A4%8F" n1="%EF%BC%9D%E9%AB%98%E6%A9%8B%E3%83%91%E3%83%B3%E3%83%80%EF%BC%9D" n2="%E5%A4%AA%E3%81%8F%E3%81%AA%E3%81%84%E3%81%8A" n3="%E9%BA%BB%E9%9B%80%E6%9A%A6%EF%BC%93%E6%97%A5" dan="17,16,17,16" rate="2191.49,2158.89,2164.07,2110.03" sx="F,M,M,M"/><TAIKYOKU oya="0"/>

<Scene>
<INIT seed="0,0,0,0,4,40" ten="250,250,250,250" oya="0" hai0="112,63,103,101,106,9,45,1,66,99,44,122,124" hai1="97,65,24,72,38,39,2,100,127,85,119,42,16" hai2="52,11,19,60,61,102,90,43,33,30,54,132,80" hai3="23,82,41,113,93,47,83,49,36,56,3,0,31"/><T13/><D122/><U104/><E119/><V48/><F132/><W29/><G113/><T53/><D112/><U5/><E127/><V133/><F133/><W74/><G93/><T15/><D103/><U84/><E72/><V25/><F102/><W51/><G74/><T109/><D124/><U64/><E5/><V128/><F128/><W69/><G69/><T59/><D109/><U120/><E2/><V8/><F43/><W34/><G34/><T20/><D66/><U12/><E24/><V6/><F19/><W134/><G134/><T116/><D1/><U114/><E120/><V4/><F90/><W96/><G96/><T62/><D62/><U115/><E115/><V46/><F80/><W17/><G0/><T27/><D116/><U67/><E114/><V135/><F135/><W70/><G70/><T50/><D63/><U7/><E7/><V73/><F73/><W86/><G3/><T131/><D131/><U32/><E32/><V57/><F4/><W123/><G36/><T110/><D110/><U111/><E111/><V79/><F79/><W91/><G83/><T78/><D78/><U95/><E104/><V117/><F117/><W94/><G82/><T98/><D98/><U75/><E75/><V92/><F92/><W121/><G123/><T58/><D58/><U105/><E105/><V107/><F107/><W14/><G121/><T126/><D126/><U71/><E71/><V21/><F6/><W118/><G118/><T130/><D130/><U22/><E39/><V108/><F108/><W37/><G37/><T26/><D106/><U88/><E100/><RYUUKYOKU ba="0,0" sc="250,-15,250,15,250,-15,250,15" hai1="12,16,22,38,42,64,65,67,84,85,88,95,97" hai3="14,17,23,29,31,41,47,49,51,56,86,91,94" />
</Scene>
<Scene>
<INIT seed="1,1,0,5,5,119" ten="235,265,235,265" oya="1" hai0="103,106,109,35,80,115,73,70,125,102,122,57,29" hai1="20,18,23,65,96,116,54,112,25,124,11,130,2" hai2="52,61,134,76,49,71,68,67,117,4,41,40,127" hai3="101,7,21,56,17,128,90,37,8,10,85,3,50"/><U66/><E116/><V123/><F117/><W53/><G37/><T47/><D57/><U24/><E112/><V0/><F71/><W99/><G128/><T104/><D47/><U83/><E130/><V133/><F76/><W12/><G8/><T39/><D39/><U51/><E124/><V113/><F127/><W32/><G32/><T59/><D59/><U72/><E96/><V87/><F87/><W98/><REACH who="3" step="1"/><G101/><REACH who="3" ten="235,265,235,255" step="2"/><T38/><D103/><U64/><E11/><N who="2" m="2439" /><F113/><W78/><G78/><T100/><D115/><U126/><E126/><V44/><F123/><W114/><G114/><T30/><D122/><U28/><E2/><V82/><F82/><AGARI ba="1,1" hai="3,7,10,12,17,21,50,53,56,82,85,90,98,99" machi="82" ten="30,2000,0" yaku="1,1,7,1,53,0" doraHai="119" doraHaiUra="60" who="3" fromWho="2" sc="235,0,265,0,235,-23,255,33" />
</Scene>
<Scene>
<INIT seed="2,0,0,3,4,48" ten="235,265,212,288" oya="2" hai0="61,41,31,19,16,53,68,2,57,24,22,32,118" hai1="59,127,42,34,126,20,63,116,81,101,86,5,130" hai2="108,131,103,100,12,120,94,17,40,107,125,89,27" hai3="56,90,122,35,15,72,113,8,98,60,74,67,80"/><V77/><F120/><W54/><G122/><T112/><D112/><U28/><E34/><V123/><F123/><W115/><G35/><T95/><D68/><U96/><E116/><V87/><F125/><N who="1" m="47625" /><E5/><V13/><F131/><W85/><G98/><T9/><D118/><U49/><E49/><V11/><F108/><W44/><G67/><T10/><D41/><U75/><E75/><V91/><F77/><W70/><G70/><T88/><D2/><U1/><E1/><V117/><F117/><W58/><G44/><T7/><D7/><U135/><E135/><V38/><F107/><W37/><G58/><T128/><D128/><U62/><E42/><V4/><F27/><W6/><REACH who="3" step="1"/><G37/><REACH who="3" ten="235,265,212,278" step="2"/><T14/><D19/><U39/><E39/><V25/><F38/><W26/><G26/><T55/><D55/><U36/><E36/><V66/><F66/><W133/><G133/><T51/><D51/><U52/><E130/><V76/><F25/><W29/><G29/><T82/><D82/><U3/><E28/><V109/><F40/><W129/><G129/><T97/><AGARI ba="0,1" hai="9,10,14,16,22,24,31,32,53,57,61,88,95,97" machi="97" ten="20,8000,1" yaku="0,1,7,1,52,1,54,2" doraHai="48" who="0" fromWho="0" sc="235,90,265,-20,212,-40,278,-20" />
</Scene>
<Scene>
<INIT seed="3,0,0,1,2,9" ten="325,245,172,258" oya="3" hai0="8,80,39,70,97,130,113,27,47,100,99,109,48" hai1="118,104,105,71,69,28,52,15,36,132,78,68,61" hai2="120,22,98,24,53,81,60,83,119,18,23,20,4" hai3="96,76,32,26,3,66,14,57,74,112,89,35,108"/><W88/><G3/><T131/><D39/><U128/><E36/><V51/><F119/><W44/><G112/><T50/><D109/><U114/><E114/><V93/><F120/><W73/><G44/><T5/><D70/><U10/><E118/><V123/><F123/><W67/><G108/><T38/><D38/><U55/><E132/><V91/><F4/><W30/><G76/><T62/><D62/><U7/><E128/><V75/><F60/><W49/><G96/><T42/><D113/><U86/><E28/><V77/><REACH who="2" step="1"/><F81/><REACH who="2" ten="325,245,162,258" step="2"/><W0/><G0/><T31/><D80/><U6/><E7/><V16/><F16/><W122/><G122/><T84/><D5/><U72/><E61/><V12/><F12/><W116/><G116/><T110/><D130/><U82/><REACH who="1" step="1"/><E72/><REACH who="1" ten="325,235,162,258" step="2"/><V102/><F102/><W92/><G73/><T17/><D100/><U125/><E125/><V13/><F13/><W95/><G74/><T45/><D131/><U121/><E121/><V54/><F54/><AGARI ba="0,2" hai="6,10,15,52,54,55,68,69,71,78,82,86,104,105" machi="54" ten="40,12000,2" yaku="1,1,52,1,54,1,53,3" doraHai="9" doraHaiUra="64" who="1" fromWho="2" sc="325,0,235,140,162,-120,258,0" />
</Scene>
<Scene>
<INIT seed="4,0,0,4,3,15" ten="325,375,42,258" oya="0" hai0="112,11,114,108,58,103,89,21,22,45,63,78,56" hai1="122,121,70,29,135,51,77,39,73,110,36,35,66" hai2="33,3,10,93,61,125,127,48,129,23,16,5,41" hai3="81,59,126,128,20,54,120,92,97,62,57,27,87"/><T44/><D103/><U9/><E110/><V79/><F33/><W17/><G120/><T102/><D102/><U72/><E51/><V42/><F129/><W34/><G128/><T8/><D89/><U14/><E135/><V132/><F132/><W18/><G34/><T76/><REACH who="0" step="1"/><D63/><REACH who="0" ten="315,375,42,258" step="2"/><N who="1" m="40287" /><E122/><V94/><F79/><N who="3" m="46527" /><G126/><N who="2" m="48137" /><F61/><W12/><G62/><T101/><D101/><U69/><E77/><V107/><F107/><W71/><G71/><T95/><D95/><N who="2" m="36362" /><F48/><W50/><G92/><T46/><D46/><U116/><E121/><V99/><F99/><W82/><G97/><T40/><D40/><U131/><E131/><V130/><F130/><W133/><G133/><T88/><D88/><U4/><E116/><V37/><F37/><W113/><G82/><T13/><D13/><AGARI ba="0,1" hai="3,5,10,13,16,23,41,42" m="36362,48137" machi="13" ten="30,3900,0" yaku="18,1,52,1,54,1" doraHai="15" who="2" fromWho="0" sc="315,-39,375,0,42,49,258,0" />
</Scene>
<Scene>
<INIT seed="5,0,0,3,3,111" ten="276,375,91,258" oya="1" hai0="11,67,17,26,47,92,36,52,24,76,10,25,71" hai1="40,45,14,42,135,23,93,121,58,22,75,53,113" hai2="101,85,116,7,112,2,18,15,95,72,106,105,117" hai3="120,108,39,69,55,80,37,63,103,31,27,6,57"/><U30/><E75/><V119/><F72/><W29/><G108/><T50/><D36/><U73/><E73/><V35/><F35/><W123/><G69/><T38/><D38/><U8/><E121/><V124/><F124/><W97/><G6/><T89/><D76/><U32/><E32/><V16/><F2/><W62/><G63/><T98/><D71/><U100/><E135/><V28/><F28/><W0/><G0/><T59/><D17/><U5/><E30/><V134/><F134/><W20/><G31/><T21/><D21/><N who="1" m="7691" /><E45/><V107/><F112/><W51/><G37/><T81/><D81/><U12/><E113/><V88/><REACH who="2" step="1"/><F101/><REACH who="2" ten="276,375,81,258" step="2"/><W82/><G123/><T70/><D70/><U64/><E100/><V56/><F56/><W109/><G120/><T96/><D59/><U122/><E58/><V19/><F19/><W66/><G109/><T91/><D47/><U3/><E3/><V44/><F44/><W83/><G66/><T43/><D67/><U78/><E64/><V125/><F125/><W132/><G132/><T130/><D130/><U49/><E122/><V61/><F61/><W13/><G62/><T114/><D114/><U1/><E1/><V33/><F33/><W87/><G103/><T102/><D102/><U60/><E60/><V133/><F133/><W79/><G13/><T110/><D110/><U99/><E14/><V118/><N who="2" m="30208" /><DORA hai="4" /><V34/><F34/><W54/><G57/><N who="0" m="32919" /><D43/><U94/><E42/><V77/><F77/><W127/><G79/><T48/><D48/><U41/><E78/><V68/><F68/><W46/><G127/><RYUUKYOKU ba="0,1" sc="276,15,375,-15,81,15,258,-15" hai0="10,11,24,25,26,89,91,92,96,98" hai2="7,15,16,18,85,88,95,105,106,107" />
</Scene>
<Scene>
<INIT seed="6,1,1,1,1,22" ten="291,360,96,243" oya="2" hai0="58,106,88,18,111,125,6,33,14,27,15,102,48" hai1="120,115,89,50,49,13,126,69,86,32,66,135,79" hai2="17,93,94,130,121,34,10,108,80,91,36,104,109" hai3="1,60,123,116,35,23,24,78,96,87,75,112,38"/><V53/><F121/><W134/><G123/><T95/><D111/><N who="2" m="42570" /><F104/><W54/><G116/><T128/><D125/><U61/><E126/><V4/><F36/><W43/><G35/><T77/><D77/><U127/><E32/><V30/><F130/><W47/><G75/><T46/><D106/><U7/><E120/><V73/><F17/><W3/><G134/><T71/><D71/><U97/><E135/><V31/><F53/><W90/><G112/><T105/><D105/><U67/><E115/><V11/><F34/><W68/><G78/><T85/><D102/><U37/><E79/><N who="2" m="44143" /><F10/><W16/><G96/><T132/><D128/><U28/><E97/><N who="2" m="57535" /><F94/><W59/><G68/><T76/><D33/><U0/><E37/><V103/><F103/><W2/><G2/><AGARI ba="1,1" hai="2,4,11,30,31" m="57535,44143,42570" machi="2" ten="30,1500,0" yaku="10,1" doraHai="22" who="2" fromWho="3" sc="291,0,360,0,96,28,243,-18" />
</Scene>
<Scene>
<INIT seed="6,2,0,1,2,131" ten="291,360,124,225" oya="2" hai0="57,101,84,130,70,77,85,25,54,116,103,41,26" hai1="109,108,68,19,81,53,58,98,111,92,59,102,121" hai2="20,95,88,2,50,124,49,48,71,78,39,37,67" hai3="12,86,65,45,74,97,9,125,89,107,99,46,51"/><V52/><F2/><W110/><G74/><T4/><D70/><U29/><E68/><V132/><F124/><W24/><G110/><T30/><D130/><U55/><E121/><V126/><F126/><W11/><G125/><T61/><D41/><U10/><E29/><V33/><F33/><W117/><G65/><T115/><D115/><U69/><E69/><V14/><F78/><W91/><G117/><T31/><D4/><U18/><E81/><V34/><F34/><W6/><G24/><N who="0" m="9323" /><D116/><U28/><E28/><N who="0" m="10793" /><D85/><U66/><E66/><V15/><F132/><W7/><G107/><T80/><AGARI ba="2,0" hai="54,57,61,77,80,84,101,103" m="10793,9323" machi="80" ten="30,1100,0" yaku="8,1" doraHai="131" who="0" fromWho="0" sc="291,17,360,-5,124,-7,225,-5" />
</Scene>
<Scene>
<INIT seed="7,0,0,4,4,128" ten="308,355,117,220" oya="3" hai0="132,133,38,14,25,61,58,105,121,71,19,98,40" hai1="96,36,103,85,17,65,3,27,78,81,97,91,114" hai2="107,53,75,60,89,93,43,102,55,2,111,13,52" hai3="119,23,9,10,24,67,18,99,126,120,59,50,33"/><W54/><G119/><T42/><D121/><U69/><E3/><V63/><F2/><W79/><G120/><T94/><D71/><U6/><E36/><V5/><F111/><W12/><G126/><T92/><D25/><U134/><E134/><N who="0" m="51817" /><D105/><U104/><E114/><V41/><F75/><W68/><G79/><T123/><D38/><U86/><E6/><V116/><F116/><W115/><G115/><T46/><D46/><U32/><E69/><V88/><F107/><W64/><G68/><T62/><D94/><U130/><E130/><V135/><F135/><W51/><G99/><T34/><D34/><U26/><E32/><V127/><F127/><W31/><G51/><T28/><D28/><U74/><E97/><V35/><F35/><W109/><REACH who="3" step="1"/><G109/><REACH who="3" ten="308,355,117,210" step="2"/><T66/><D123/><U84/><E96/><V11/><F102/><W87/><G87/><T118/><D118/><U4/><E86/><V100/><F100/><W124/><G124/><T30/><D61/><U48/><E103/><V106/><F106/><W49/><G49/><T83/><D98/><U20/><E104/><V45/><F93/><W73/><G73/><T16/><D92/><U117/><E74/><V72/><F72/><W76/><G76/><T129/><D62/><U80/><E117/><V21/><F63/><W47/><G47/><T101/><D129/><U44/><E78/><V7/><F60/><W39/><G39/><T90/><D101/><U131/><E131/><V125/><F125/><W95/><G95/><T8/><D83/><N who="1" m="49567" /><E85/><V56/><F45/><W82/><G82/><T57/><D90/><RYUUKYOKU ba="0,1" sc="308,-10,355,-10,117,-10,210,30" hai3="9,10,12,18,23,24,31,33,50,54,59,64,67" />
</Scene>
<Scene>
<INIT seed="7,1,1,0,5,119" ten="298,345,107,240" oya="3" hai0="29,91,108,75,134,47,17,19,46,96,10,53,117" hai1="63,77,57,135,85,0,61,43,55,83,79,109,41" hai2="66,120,110,92,27,111,26,59,22,3,54,62,131" hai3="36,127,1,21,52,86,37,49,34,126,128,45,39"/><W8/><G34/><T73/><D108/><U95/><E109/><V97/><F131/><W133/><G128/><T104/><D117/><U11/><E135/><V32/><F3/><W58/><G133/><T69/><D134/><U129/><E129/><V101/><F120/><W93/><G21/><T4/><D69/><U74/><E74/><V60/><F32/><W125/><G1/><T113/><D29/><U28/><E28/><V90/><F27/><W48/><G8/><T44/><D113/><U80/><E95/><V25/><F25/><W7/><G7/><T100/><D91/><U33/><E33/><V115/><F115/><W84/><REACH who="3" step="1"/><G93/><REACH who="3" ten="298,345,107,230" step="2"/><N who="0" m="58383" /><D10/><U9/><E0/><V12/><F12/><W70/><G70/><T51/><D4/><U13/><E9/><V18/><REACH who="2" step="1"/><F101/><REACH who="2" ten="298,345,97,230" step="2"/><W67/><G67/><T23/><D75/><U89/><E13/><V106/><F106/><W16/><G16/><T6/><D73/><U71/><E11/><V14/><F14/><W132/><G132/><T64/><D104/><U81/><E77/><V5/><F5/><W107/><G107/><T72/><D6/><U35/><E79/><V114/><F114/><W31/><G31/><T15/><D72/><U122/><E35/><V118/><F118/><W99/><G99/><T116/><D116/><U105/><E105/><V40/><F40/><AGARI ba="1,3" hai="36,37,39,40,45,48,49,52,58,84,86,125,126,127" machi="40" ten="50,9600,0" yaku="1,1,18,1,54,1,53,0" doraHai="119" doraHaiUra="130" who="3" fromWho="2" sc="298,0,345,0,97,-99,230,129" owari="298,-10.0,345,15.0,-2,-50.0,359,45.0" />
</Scene>
</mjloggm>