<mjloggm ver="2.3"><GO type="169" lobby="0"/><UN n0="%E5%A4%95%E5%87%AA" n1="%E5%A4%AA%E3%81%8F%E3%81%AA%E3%81%84%E3%81%8A" n2="%41%49%53%4C%49%4E%4E" n3="%E3%82%89%E3%81%84%E3%81%A1%E3%82%87%E3%81%86" dan="16,17,17,16" rate="2106.18,2144.94,2138.75,2050.03" sx="M,M,F,M"/><TAIKYOKU oya="0"/>

<Scene>
<INIT seed="0,0,0,4,2,107" ten="250,250,250,250" oya="0" hai0="63,133,19,39,71,109,8,54,108,73,82,9,14" hai1="125,58,30,33,132,48,100,4,89,43,135,129,69" hai2="2,86,92,23,70,3,122,127,81,88,12,96,44" hai3="101,94,104,34,22,121,65,46,35,66,53,115,75"/><T93/><D39/><U45/><E69/><V49/><F122/><W118/><G115/><T13/><D133/><U15/><E100/><V103/><F127/><W83/><G104/><T110/><D93/><U21/><E33/><V120/><F70/><W20/><G118/><T5/><D71/><U117/><E117/><V102/><F120/><W126/><G121/><T18/><D5/><U91/><E125/><V62/><F62/><W134/><G126/><T78/><D63/><U11/><E129/><V61/><F61/><W99/><G134/><N who="1" m="51242" /><E58/><V29/><F103/><W52/><G35/><T31/><D54/><U40/><E40/><V84/><F86/><W79/><G34/><T26/><D26/><AGARI ba="0,0" hai="4,11,15,21,26,30,43,45,48,89,91" m="51242" machi="26" ten="30,1000,0" yaku="20,1" doraHai="107" who="1" fromWho="0" sc="250,-10,250,10,250,0,250,0" />
</Scene>
<Scene>
<INIT seed="1,0,0,3,5,23" ten="240,260,250,250" oya="1" hai0="51,85,115,3,20,50,13,39,15,9,30,46,14" hai1="106,86,70,47,64,35,28,73,21,65,93,99,7" hai2="58,76,89,87,95,37,12,117,100,26,41,132,27" hai3="63,103,107,49,0,62,29,97,111,71,129,124,122"/><U8/><E73/><V125/><F117/><W123/><G0/><T16/><D115/><U77/><E106/><V90/><F100/><W6/><G6/><T79/><D39/><U2/><E35/><V135/><F76/><W88/><G111/><T80/><D51/><U121/><E121/><V78/><F78/><W113/><G113/><T116/><D116/><U60/><E64/><V130/><F130/><W120/><G129/><T56/><D56/><U75/><E75/><V54/><F12/><W33/><G124/><T59/><D59/><U25/><E47/><N who="2" m="23983" /><F89/><W38/><G38/><T48/><D48/><U112/><E112/><V45/><F45/><W11/><G11/><T69/><D69/><U127/><E127/><V96/><F96/><W126/><G126/><T84/><D84/><U98/><REACH who="1" step="1"/><E93/><REACH who="1" ten="240,250,250,250" step="2"/><V91/><F125/><W18/><G107/><T74/><D74/><U110/><E110/><V102/><F95/><W34/><G123/><T5/><D30/><U1/><E1/><V118/><F118/><W104/><G122/><T108/><D108/><U101/><E101/><V72/><F102/><W40/><G120/><T83/><D83/><AGARI ba="0,1" hai="2,7,8,21,25,28,60,65,70,77,83,86,98,99" machi="83" ten="40,3900,0" yaku="1,1,52,1,53,0" doraHai="23" doraHaiUra="68" who="1" fromWho="0" sc="240,-39,250,49,250,0,250,0" />
</Scene>
<Scene>
<INIT seed="1,1,0,0,0,38" ten="201,299,250,250" oya="1" hai0="117,83,27,70,128,39,9,126,0,61,75,134,88" hai1="49,24,2,107,4,57,59,96,80,99,3,93,74" hai2="65,95,62,60,84,94,106,109,116,48,15,77,37" hai3="91,40,29,68,42,52,85,35,45,41,120,122,127"/><U112/><E112/><V89/><F37/><W110/><G68/><T54/><D117/><U86/><E74/><V19/><F106/><W28/><G110/><T100/><D100/><U97/><E107/><V90/><F77/><W124/><G122/><T12/><D0/><U121/><E121/><V73/><F73/><W76/><G76/><T103/><D103/><U133/><E93/><V72/><F72/><W47/><G120/><T5/><D39/><U43/><E133/><V25/><F109/><W8/><G8/><T111/><D111/><U132/><E132/><V87/><F25/><W135/><G135/><T56/><D134/><U53/><E4/><V69/><F116/><W79/><G79/><T113/><D75/><U71/><E71/><V33/><F33/><W82/><G35/><T98/><D113/><U26/><E2/><V101/><F101/><W118/><G118/><T34/><D70/><U119/><E3/><V14/><F60/><W104/><G104/><T81/><D128/><U58/><E119/><V36/><F36/><W64/><G64/><T102/><D102/><U21/><E43/><V30/><F30/><N who="3" m="11883" /><G52/><T108/><D108/><U66/><E66/><V50/><F14/><W6/><G6/><T55/><D55/><U51/><E53/><V13/><F15/><W131/><G131/><T17/><D34/><U114/><E114/><V16/><REACH who="2" step="1"/><F19/><REACH who="2" ten="201,299,240,250" step="2"/><W125/><AGARI ba="1,1" hai="40,41,42,45,47,82,85,91,124,125,127" m="11883" machi="125" ten="40,8000,1" yaku="18,1,52,3" doraHai="38" who="3" fromWho="3" sc="201,-21,299,-41,240,-21,250,93" />
</Scene>
<Scene>
<INIT seed="2,0,0,3,2,22" ten="180,258,219,343" oya="2" hai0="8,65,70,89,74,3,105,102,23,46,96,106,92" hai1="42,104,61,52,114,34,9,109,4,77,13,131,86" hai2="54,107,44,63,112,79,68,49,29,36,99,119,25" hai3="56,5,26,94,30,11,132,55,66,17,43,85,133"/><V93/><F112/><W20/><G66/><T28/><D74/><U51/><E114/><V1/><F119/><W84/><G43/><T50/><D70/><U115/><E115/><V47/><F1/><W127/><G127/><T134/><D65/><U81/><E104/><V69/><F79/><W62/><G30/><T111/><D134/><N who="3" m="51817" /><G94/><T53/><D106/><U31/><E109/><V48/><F36/><W12/><AGARI ba="0,0" hai="5,11,12,17,20,26,55,56,62,84,85" m="51817" machi="12" ten="30,2000,0" yaku="20,1,52,1" doraHai="22" who="3" fromWho="3" sc="180,-5,258,-5,219,-10,343,20" />
</Scene>
<Scene>
<INIT seed="3,0,0,4,5,13" ten="175,253,209,363" oya="3" hai0="0,47,58,89,38,92,78,18,57,55,126,56,81" hai1="85,46,52,133,99,23,61,7,44,119,82,97,110" hai2="28,12,19,74,60,4,130,37,71,88,134,43,20" hai3="68,30,116,10,122,66,96,24,102,117,15,123,75"/><W132/><G75/><T106/><D106/><U87/><E110/><V49/><F37/><W129/><G129/><T6/><D126/><U41/><E133/><V83/><F134/><W77/><G132/><T131/><D131/><U70/><E119/><V67/><F130/><W42/><G42/><T8/><D38/><U108/><E108/><V22/><F4/><W69/><G77/><T25/><D47/><U121/><E121/><V111/><F111/><W80/><G80/><T59/><D81/><U95/><E7/><V21/><F28/><W36/><G36/><T118/><D78/><U17/><E70/><V39/><F39/><W115/><G115/><T3/><D3/><U51/><E82/><V103/><F103/><W35/><G69/><T100/><D100/><N who="1" m="60479" /><E99/><V72/><F74/><W93/><G117/><T40/><D40/><U29/><E29/><V62/><F62/><N who="3" m="40023" /><G93/><T128/><D128/><U14/><E46/><V135/><F135/><W48/><G48/><T91/><D118/><U107/><E107/><V120/><F120/><W94/><G116/><T9/><D92/><U1/><E1/><V105/><F105/><N who="3" m="63687" /><G123/><T124/><D124/><U53/><E61/><V76/><REACH who="2" step="1"/><F88/><REACH who="2" ten="175,253,199,363" step="2"/><N who="0" m="33866" /><D6/><U31/><E31/><V63/><F63/><W84/><G122/><T34/><D0/><U26/><E87/><V5/><F5/><N who="3" m="3535" /><G94/><T79/><D79/><U73/><E85/><AGARI ba="0,1" hai="24,30,35,84,85" m="3535,63687,40023" machi="85" ten="30,1500,0" yaku="25,1" doraHai="13" who="3" fromWho="1" sc="175,0,253,-15,199,0,363,25" />
</Scene>
<Scene>
<INIT seed="3,1,0,1,2,131" ten="175,238,199,388" oya="3" hai0="26,8,132,19,130,108,128,64,36,46,15,113,122" hai1="29,73,103,116,99,54,62,82,75,28,117,49,96" hai2="59,44,67,47,0,97,39,111,74,83,16,53,12" hai3="51,88,35,45,11,5,68,7,20,61,66,100,79"/><W52/><G35/><T120/><D64/><U123/><E123/><N who="0" m="47145" /><D46/><U3/><E3/><V109/><F0/><W56/><G100/><T21/><D36/><U9/><E9/><N who="2" m="6159" /><F67/><W25/><G79/><T125/><D113/><U32/><E62/><N who="2" m="36207" /><F39/><W72/><G72/><T71/><D71/><U101/><E54/><V106/><F83/><W98/><G11/><T60/><D60/><U1/><E1/><V41/><F41/><W34/><G34/><T121/><N who="0" m="47153" /><T89/><DORA hai="78" /><D89/><U115/><E32/><V77/><F77/><W124/><G68/><T58/><D58/><U127/><E115/><V65/><F65/><W105/><G66/><T80/><D80/><U118/><E82/><V70/><F74/><N who="1" m="28169" /><E49/><V81/><F81/><W112/><G51/><T93/><D93/><N who="1" m="58511" /><E127/><V13/><F13/><W40/><G124/><T27/><D125/><U43/><E43/><V86/><F86/><W102/><G112/><T126/><D126/><U22/><E22/><V114/><F70/><W63/><G63/><T129/><D21/><U110/><E110/><N who="2" m="41995" /><F114/><W57/><G61/><T48/><D108/><U90/><E90/><V2/><F2/><W107/><G88/><T30/><D48/><U84/><E84/><V14/><F14/><W4/><G40/><T37/><D37/><U92/><AGARI ba="1,0" hai="28,29,92,99,103,116,117,118" m="58511,28169" machi="92" ten="40,1500,0" yaku="12,1" doraHai="131,78" who="1" fromWho="1" sc="175,-5,238,18,199,-5,388,-8" />
</Scene>
<Scene>
<INIT seed="4,0,0,3,2,87" ten="170,256,194,380" oya="0" hai0="122,79,77,78,28,102,5,110,11,128,118,53,50" hai1="52,29,59,12,22,74,38,41,25,62,83,105,80" hai2="94,57,125,47,123,126,24,61,90,69,88,8,39" hai3="54,45,44,66,65,127,20,111,46,91,76,31,63"/><T120/><D118/><U49/><E105/><V103/><F123/><W96/><G111/><T15/><D110/><U67/><E74/><V95/><F69/><W70/><G76/><T33/><D128/><U107/><E107/><V71/><F71/><W7/><G127/><N who="2" m="48649" /><F8/><W51/><G7/><T135/><D135/><U19/><E41/><N who="2" m="22975" /><F24/><N who="3" m="16775" /><G70/><T17/><D102/><U26/><E38/><V124/><F124/><W0/><G0/><T3/><D28/><U113/><E113/><V116/><F116/><W131/><G131/><T21/><REACH who="0" step="1"/><D33/><REACH who="0" ten="160,256,194,380" step="2"/><U97/><E97/><N who="2" m="59839" /><F94/><N who="3" m="56415" /><G63/><T84/><D84/><U117/><E117/><V85/><F85/><W32/><G32/><T23/><D23/><N who="1" m="11751" /><E26/><V106/><F106/><W58/><AGARI ba="0,1" hai="44,45,46,51,54,58,65,66" m="56415,16775" machi="58" ten="30,2000,0" yaku="8,1,52,1" doraHai="87" who="3" fromWho="3" sc="160,-10,256,-5,194,-5,380,30" />
</Scene>
<Scene>
<INIT seed="5,0,0,3,0,75" ten="150,251,189,410" oya="1" hai0="52,6,15,102,47,78,104,128,5,17,21,16,18" hai1="36,80,111,125,74,109,101,50,92,26,81,118,54" hai2="42,107,99,38,112,39,100,44,134,20,89,67,106" hai3="90,37,3,88,35,13,115,98,71,7,49,32,29"/><U12/><E36/><V60/><F38/><W133/><G37/><T45/><D128/><U10/><E118/><V65/><F134/><W28/><G71/><T129/><D129/><U14/><E125/><V40/><F40/><W70/><G70/><T132/><D132/><U8/><E26/><V0/><F67/><W94/><G3/><T105/><D105/><U96/><E14/><V9/><F89/><W30/><G133/><T116/><D116/><U87/><E74/><V126/><F20/><W83/><G115/><T114/><D104/><U41/><E41/><V85/><F85/><N who="3" m="50239" /><G35/><T127/><D102/><U108/><E12/><V86/><F86/><W27/><G32/><T131/><D131/><U82/><REACH who="1" step="1"/><E87/><REACH who="1" ten="150,241,189,410" step="2"/><V69/><F126/><W93/><G27/><T2/><D127/><U25/><E25/><V91/><F39/><W77/><G13/><T58/><D114/><U76/><E76/><V63/><F112/><W43/><G77/><T23/><D78/><U120/><E120/><V1/><F42/><W103/><G7/><N who="0" m="2571" /><D2/><U33/><E33/><V130/><F0/><W22/><G43/><T110/><D110/><U123/><E123/><V51/><F130/><W59/><G30/><T113/><D113/><U55/><E55/><V48/><F1/><W84/><G22/><N who="0" m="8203" /><D15/><U117/><E117/><V56/><F9/><W31/><G28/><T57/><D52/><AGARI ba="0,1" hai="29,31,49,52,59,84,90,93,94,98,103" m="50239" machi="52" ten="30,3900,0" yaku="8,1,54,2" doraHai="75" who="3" fromWho="0" sc="150,-39,241,0,189,0,410,49" />
</Scene>
<Scene>
<INIT seed="6,0,0,3,5,131" ten="111,241,189,459" oya="2" hai0="111,107,84,15,110,46,82,18,69,114,70,40,17" hai1="122,29,47,22,38,42,58,90,7,108,101,67,16" hai2="115,134,24,66,87,26,129,60,54,49,10,44,99" hai3="95,128,34,21,93,14,53,48,20,50,100,104,112"/><V109/><F129/><W9/><G34/><T94/><D107/><U89/><E108/><V121/><F121/><W6/><G104/><T97/><D70/><U72/><E72/><V56/><F109/><W91/><G112/><T63/><D114/><U116/><E116/><V65/><F115/><W32/><G32/><T11/><D69/><U31/><E122/><V106/><F66/><W125/><G125/><T61/><D111/><U64/><E101/><V98/><F106/><W127/><G48/><T35/><D35/><U59/><E7/><V43/><F10/><W96/><G128/><T88/><D18/><U39/><E16/><V113/><F113/><W103/><G127/><T119/><D119/><U120/><E120/><V30/><F87/><N who="3" m="52479" /><G103/><T8/><D8/><U27/><E47/><AGARI ba="0,0" hai="6,9,14,20,21,47,50,53,95,96,100" m="52479" machi="47" ten="30,1000,0" yaku="8,1" doraHai="131" who="3" fromWho="1" sc="111,0,241,-10,189,0,459,10" />
</Scene>
<Scene>
<INIT seed="7,0,0,3,5,1" ten="111,231,189,469" oya="3" hai0="132,60,46,13,59,66,76,120,61,97,79,126,107" hai1="94,0,75,73,16,81,113,92,134,29,38,22,110" hai2="91,68,19,36,8,116,5,123,20,133,31,109,44" hai3="15,100,54,89,103,32,48,21,45,84,78,42,6"/><W33/><G78/><T40/><D120/><U86/><E0/><V105/><F68/><W114/><G114/><T118/><D118/><U58/><E38/><V127/><F105/><W43/><G33/><T30/><D132/><U125/><E29/><V104/><F104/><W4/><G32/><T52/><D126/><U106/><E106/><V25/><F109/><W10/><G4/><T55/><D30/><U14/><E75/><V135/><F116/><W24/><G43/><T131/><D131/><U72/><E73/><V49/><F36/><W70/><G42/><T88/><D13/><U65/><E72/><V69/><F69/><W64/><G64/><T67/><D107/><U74/><E74/><V117/><F91/><W85/><G70/><T23/><D23/><U63/><E110/><V128/><F117/><W129/><G129/><T108/><D108/><U119/><E113/><V37/><F37/><W62/><G62/><T96/><D40/><U12/><E134/><N who="2" m="51211" /><F123/><W18/><G85/><T82/><D88/><N who="1" m="51279" /><E125/><V95/><F95/><AGARI ba="0,0" hai="6,10,15,18,21,24,45,48,54,84,89,95,100,103" machi="95" ten="30,5800,0" yaku="7,1,8,1,52,1" doraHai="1" who="3" fromWho="2" sc="111,0,231,0,189,-58,469,58" owari="111,-39.0,231,3.0,131,-27.0,527,63.0" />
</Scene>
</mjloggm>