<mjloggm ver="2.3"><GO type="169" lobby="0"/><UN n0="%6B%69%79%6F%64%61%69" n1="%E5%A4%AA%E3%81%8F%E3%81%AA%E3%81%84%E3%81%8A" n2="%E5%8D%8A%E3%82%AA%E3%82%AB%E3%83%AB%E3%83%88" n3="%E3%82%BB%E3%82%A4%E3%83%A8%E3%82%A6%E3%83%AA%E3%83%B3%E3%82%B4" dan="18,18,16,16" rate="2184.42,2236.78,2051.51,2026.04" sx="M,M,M,M"/><TAIKYOKU oya="0"/>

<Scene>
<INIT seed="0,0,0,3,2,124" ten="250,250,250,250" oya="0" hai0="101,133,36,1,10,125,47,102,38,120,116,113,27" hai1="14,62,44,103,49,67,126,74,7,86,2,37,50" hai2="77,30,19,111,84,56,3,8,25,82,43,17,45" hai3="73,87,9,41,12,55,72,5,112,54,85,61,107"/><T78/><D113/><U98/><E126/><V18/><F111/><W97/><G112/><T42/><D116/><U123/><E123/><V64/><F64/><W15/><G41/><T21/><D120/><U114/><E114/><V33/><F56/><W119/><G119/><T23/><D38/><U93/><E74/><V100/><F100/><W16/><G73/><T39/><D39/><U63/><E2/><V132/><F132/><W31/><G72/><T83/><D133/><U35/><E35/><V110/><F110/><W28/><G107/><T53/><D23/><U75/><E75/><V108/><F108/><W66/><G97/><T70/><D70/><U122/><E122/><V92/><F92/><W81/><G66/><T24/><D24/><U90/><E37/><V71/><F71/><W22/><G85/><N who="0" m="48375" /><D53/><N who="3" m="19977" /><G61/><T6/><D125/><U48/><E44/><V51/><F3/><W117/><G117/><T20/><D20/><U99/><E67/><V52/><F8/><W129/><G129/><T0/><D0/><U76/><E76/><AGARI ba="0,0" hai="5,9,12,15,16,22,28,31,76,81,87" m="19977" machi="76" ten="30,2000,0" yaku="8,1,54,1" doraHai="124" who="3" fromWho="1" sc="250,0,250,-20,250,0,250,20" />
</Scene>
<Scene>
<INIT seed="1,0,0,4,3,14" ten="250,230,250,270" oya="1" hai0="57,64,89,49,93,41,9,128,12,81,67,94,4" hai1="73,130,82,17,111,70,127,104,68,108,27,7,133" hai2="132,74,113,92,32,65,125,91,44,76,47,42,38" hai3="84,16,79,112,13,105,54,109,131,72,36,19,5"/><U96/><E7/><V83/><F32/><W107/><G112/><T117/><D128/><U26/><E130/><V126/><F113/><W90/><G131/><T135/><D135/><U58/><E133/><V33/><F33/><W77/><G36/><T75/><D117/><U51/><E127/><N who="2" m="48651" /><F132/><W56/><G105/><T46/><D75/><U8/><E104/><V39/><F65/><W69/><G69/><N who="1" m="26730" /><E96/><N who="2" m="57375" /><F44/><W45/><G45/><T61/><D67/><U28/><E73/><V25/><F25/><W55/><G107/><T116/><D116/><U59/><E82/><V102/><F102/><W99/><G72/><T98/><D93/><U18/><E8/><V60/><F60/><N who="3" m="35863" /><G55/><T85/><REACH who="0" step="1"/><D81/><REACH who="0" ten="240,230,250,270" step="2"/><U78/><E111/><V80/><F80/><N who="3" m="49415" /><G77/><T124/><D124/><U48/><E108/><V110/><F110/><W87/><G109/><T35/><D35/><U103/><E78/><V0/><F0/><W6/><G79/><T30/><D30/><U88/><E28/><V118/><F118/><W121/><G121/><T120/><D120/><U24/><E103/><V100/><F100/><W20/><G87/><AGARI ba="0,1" hai="4,9,12,41,46,49,57,61,64,85,87,89,94,98" machi="87" ten="40,2600,0" yaku="1,1,8,1,53,0" doraHai="14" doraHaiUra="29" who="0" fromWho="3" sc="240,36,230,0,250,0,270,-26" />
</Scene>
<Scene>
<INIT seed="2,0,0,1,0,47" ten="276,230,250,244" oya="2" hai0="43,93,102,67,8,10,35,22,62,58,97,110,100" hai1="3,16,131,95,132,118,78,18,99,113,39,126,116" hai2="2,123,128,9,98,20,0,134,129,91,114,74,30" hai3="79,70,115,117,82,44,7,38,42,127,105,46,80"/><V53/><F74/><W34/><G117/><T83/><D35/><U37/><E113/><V135/><F114/><W23/><G115/><T96/><D110/><U17/><E3/><V4/><F123/><W84/><G34/><T45/><D83/><U107/><E107/><V86/><F98/><W12/><G70/><T124/><D124/><U33/><E33/><V56/><F2/><W133/><G133/><N who="2" m="50697" /><F30/><W75/><G127/><T28/><D22/><U71/><E132/><V41/><F20/><W103/><G46/><T111/><D28/><U14/><E126/><V112/><F41/><W101/><G105/><T49/><REACH who="0" step="1"/><D111/><REACH who="0" ten="266,230,250,244" step="2"/><U69/><E118/><V73/><F112/><W63/><G23/><T130/><D130/><U92/><E116/><V122/><F122/><W60/><G80/><T27/><D27/><U40/><E131/><V125/><F125/><W29/><G29/><T61/><D61/><U94/><E78/><V104/><F73/><W81/><G60/><T48/><D48/><U121/><E121/><V50/><F104/><AGARI ba="0,1" hai="8,10,43,45,49,58,62,67,93,96,97,100,102,104" machi="104" ten="30,7700,0" yaku="1,1,7,1,52,1,53,1" doraHai="47" doraHaiUra="52" who="0" fromWho="2" sc="266,87,230,0,250,-77,244,0" />
</Scene>
<Scene>
<INIT seed="3,0,0,4,3,63" ten="353,230,173,244" oya="3" hai0="106,126,93,28,56,21,115,64,41,104,79,91,109" hai1="99,31,108,15,65,135,5,129,85,72,45,83,14" hai2="81,43,86,52,9,127,6,62,76,7,10,69,29" hai3="4,98,0,33,118,90,100,34,114,116,123,132,130"/><W27/><G114/><T54/><D64/><U113/><E113/><V103/><F43/><W67/><G123/><T53/><D53/><U11/><E72/><V134/><F127/><W40/><G130/><T22/><D22/><U128/><E108/><V122/><F29/><W13/><G13/><T110/><D79/><U80/><E135/><V124/><F134/><W20/><G132/><T42/><D126/><U112/><E112/><V96/><F124/><W78/><G78/><T36/><D36/><U23/><E99/><V55/><F69/><W57/><G40/><N who="0" m="15467" /><D21/><U66/><E45/><V75/><F75/><W16/><G90/><T92/><D92/><U107/><E107/><V17/><F122/><W47/><G47/><T70/><D70/><U26/><E14/><N who="2" m="7375" /><F10/><W73/><G73/><T19/><D19/><U51/><E51/><V120/><F120/><W18/><G18/><T71/><D71/><U35/><E23/><V50/><F62/><W46/><G46/><T88/><D28/><U44/><E44/><N who="2" m="27719" /><F55/><W102/><G33/><T131/><D104/><U111/><E111/><N who="0" m="42505" /><D106/><U133/><E133/><V24/><F24/><W84/><G34/><T8/><D8/><U121/><E121/><V97/><F97/><W105/><G98/><T101/><D131/><N who="1" m="50251" /><E83/><V95/><AGARI ba="0,0" hai="6,7,76,81,86,95,96,103" m="27719,7375" machi="95" ten="30,2000,0" yaku="8,1,54,1" doraHai="63" who="2" fromWho="2" sc="353,-5,230,-5,173,20,244,-10" />
</Scene>
<Scene>
<INIT seed="4,0,0,0,5,26" ten="348,225,193,234" oya="0" hai0="36,24,125,114,84,106,113,112,15,119,52,42,91" hai1="56,132,35,123,48,13,21,38,37,17,14,93,129" hai2="130,97,104,61,40,101,66,12,23,127,99,5,39" hai3="55,29,109,1,92,44,128,45,46,25,0,58,98"/><T32/><D106/><U8/><E123/><V63/><F39/><W30/><G109/><T116/><D42/><U41/><E35/><V71/><F40/><W117/><G117/><T4/><D36/><U10/><E132/><V11/><F130/><W70/><G70/><T124/><D4/><U7/><E129/><V108/><F108/><W110/><G110/><T19/><D52/><N who="1" m="31751" /><E41/><V3/><F127/><N who="0" m="48714" /><D32/><U80/><E37/><V85/><F99/><W126/><G126/><T89/><D24/><U57/><E38/><V65/><F85/><W111/><G111/><T60/><D60/><U94/><E80/><V69/><F23/><W27/><G1/><AGARI ba="0,0" hai="1,3,5,11,12,61,63,65,66,69,71,97,101,104" machi="1" ten="40,1300,0" yaku="9,1" doraHai="26" who="2" fromWho="3" sc="348,0,225,0,193,13,234,-13" />
</Scene>
<Scene>
<INIT seed="5,0,0,0,4,53" ten="348,225,206,221" oya="1" hai0="102,32,41,67,46,5,107,135,86,72,13,62,78" hai1="69,95,43,20,90,24,14,17,126,73,12,36,61" hai2="34,39,103,81,57,51,115,92,26,55,114,112,96" hai3="65,80,44,21,49,52,94,132,93,91,85,119,128"/><U23/><E73/><V99/><F39/><W131/><G132/><T35/><D72/><U10/><E126/><V54/><F81/><W109/><G109/><T15/><D15/><U47/><E69/><V7/><F7/><W18/><G65/><T68/><D135/><U31/><E61/><V19/><F99/><W74/><G119/><T84/><D84/><U133/><E133/><V105/><F105/><W6/><G6/><T0/><D0/><U101/><E101/><V70/><F70/><W25/><REACH who="3" step="1"/><G74/><REACH who="3" ten="348,225,206,211" step="2"/><T121/><D5/><U3/><E3/><V56/><F34/><W59/><G59/><T134/><D35/><U104/><E104/><V22/><F55/><W111/><G111/><T120/><D32/><U122/><E122/><V64/><F64/><W71/><G71/><T66/><D67/><U89/><REACH who="1" step="1"/><E95/><AGARI ba="0,1" hai="18,21,25,44,49,52,80,85,91,93,94,95,128,131" machi="95" ten="40,2600,0" yaku="1,1,54,1,53,0" doraHai="53" doraHaiUra="58" who="3" fromWho="1" sc="348,0,225,-26,206,0,211,36" />
</Scene>
<Scene>
<INIT seed="6,0,0,0,3,94" ten="348,199,206,247" oya="2" hai0="131,19,110,8,3,99,25,100,55,7,120,73,62" hai1="44,5,68,125,20,75,85,29,63,72,43,0,107" hai2="130,23,119,41,15,22,54,116,104,21,126,53,97" hai3="91,26,101,112,109,88,124,47,27,79,77,16,69"/><V65/><F41/><W102/><G109/><T34/><D73/><U57/><E85/><V121/><F121/><W18/><G69/><T9/><D110/><U60/><E20/><V59/><F130/><W39/><G39/><T28/><D131/><U11/><E29/><V45/><F126/><W93/><G124/><T106/><D120/><U81/><E125/><V86/><F45/><W33/><G47/><T1/><D55/><U95/><E107/><V89/><F15/><W64/><G64/><T96/><D99/><U61/><E68/><V6/><F6/><W42/><G42/><T80/><D80/><U127/><E127/><V133/><F133/><W90/><G112/><T84/><D84/><U108/><E108/><V118/><F65/><W98/><G102/><T117/><D117/><U50/><E95/><V52/><F59/><W132/><G132/><T128/><D62/><U10/><E81/><N who="2" m="49359" /><F97/><W113/><G113/><T46/><D46/><U58/><REACH who="1" step="1"/><E10/><REACH who="1" ten="348,189,206,247" step="2"/><V83/><F83/><W114/><G114/><T74/><D9/><U123/><E123/><V82/><F82/><W31/><G31/><T40/><D8/><U135/><E135/><V67/><F104/><W14/><G33/><T70/><D28/><U87/><E87/><V36/><F67/><W134/><G134/><T48/><D34/><U38/><E38/><AGARI ba="0,1" hai="21,22,23,36,38,52,53,54,116,118,119" m="49359" machi="38" ten="40,7700,0" yaku="29,2,54,1" doraHai="94" who="2" fromWho="1" sc="348,0,189,-77,206,87,247,0" />
</Scene>
<Scene>
<INIT seed="6,1,0,1,5,12" ten="348,112,293,247" oya="2" hai0="96,54,31,92,9,94,21,114,41,88,17,26,130" hai1="69,48,129,119,64,34,86,50,70,117,77,30,125" hai2="16,52,85,97,13,29,81,79,47,109,38,84,20" hai3="87,27,98,3,8,124,55,62,49,82,74,28,76"/><V0/><F0/><W102/><G124/><T25/><D114/><U101/><E77/><V2/><F2/><W60/><G3/><T35/><D130/><U106/><E86/><N who="2" m="48447" /><F38/><W127/><G8/><T65/><D65/><U122/><E129/><V37/><F37/><W7/><G7/><T59/><D92/><U57/><E125/><V4/><F109/><W90/><G127/><T118/><D9/><U115/><E115/><V6/><F29/><W111/><G111/><T24/><D41/><U135/><E135/><V112/><F112/><W121/><G121/><T108/><D108/><U128/><E128/><V61/><F97/><W42/><G42/><T33/><D118/><U32/><E64/><V66/><F66/><W11/><G11/><T22/><D25/><U83/><E57/><N who="2" m="34983" /><F47/><N who="3" m="28095" /><G74/><T113/><D113/><U44/><E44/><V39/><F39/><W75/><G75/><T89/><D89/><U116/><E122/><V14/><F14/><W103/><G76/><T56/><D59/><U99/><E30/><V5/><AGARI ba="1,0" hai="4,5,6,13,16,20,84,85" m="34983,48447" machi="5" ten="30,11700,0" yaku="8,1,52,1,54,2" doraHai="12" who="2" fromWho="2" sc="348,-40,112,-40,293,120,247,-40" />
</Scene>
<Scene>
<INIT seed="6,2,0,5,3,34" ten="308,72,413,207" oya="2" hai0="10,56,33,121,91,64,113,131,65,116,110,72,97" hai1="83,59,13,100,57,85,112,79,0,46,37,16,6" hai2="19,38,127,39,78,20,68,41,69,62,102,101,7" hai3="82,87,84,32,114,107,89,24,81,134,36,51,26"/><V27/><F7/><W122/><G36/><T76/><D33/><U133/><E112/><V30/><F78/><W135/><G122/><T43/><D110/><U29/><E133/><N who="3" m="50698" /><G107/><T132/><D121/><U49/><E37/><V22/><F102/><W3/><G114/><T124/><D43/><U53/><E29/><V8/><F101/><W108/><G108/><T70/><D70/><U106/><E106/><V96/><F41/><W115/><G115/><T31/><D31/><U15/><E100/><V12/><F96/><W9/><G32/><T42/><D97/><U25/><E0/><V21/><F68/><W117/><G117/><T61/><D116/><U48/><E6/><V128/><F69/><W99/><G99/><T63/><D42/><U67/><E46/><V4/><F39/><W126/><G51/><T75/><D76/><U5/><E5/><V71/><F4/><W52/><G3/><T74/><D113/><U111/><E111/><V47/><F47/><W2/><G2/><T105/><D105/><U44/><E44/><V129/><F38/><W130/><G130/><T1/><D131/><U119/><E119/><V11/><F129/><W80/><G9/><T103/><D10/><U125/><E125/><V54/><F8/><W92/><G126/><T94/><D124/><U17/><E25/><N who="3" m="9834" /><G87/><N who="0" m="52607" /><D1/><U98/><E98/><V109/><F127/><W45/><G45/><T118/><D132/><U50/><E15/><V104/><F104/><W40/><G40/><T120/><D118/><U28/><E28/><V58/><F128/><W14/><G14/><T60/><D103/><RYUUKYOKU ba="2,0" sc="308,-10,72,-10,413,-10,207,30" hai3="52,80,81,82,84,89,92" />
</Scene>
<Scene>
<INIT seed="7,3,0,3,5,59" ten="298,62,403,237" oya="3" hai0="106,6,50,112,48,119,128,82,73,9,84,92,45" hai1="88,100,37,75,78,68,7,110,25,21,102,70,134" hai2="14,64,35,43,90,39,113,97,118,109,11,107,54" hai3="91,131,22,36,123,122,19,29,4,117,69,23,61"/><W105/><G117/><T26/><D106/><U111/><E37/><V96/><F109/><W42/><G131/><T130/><D73/><U116/><E7/><V32/><F64/><W58/><G69/><T2/><D119/><U89/><E116/><V33/><F118/><W56/><G4/><T86/><D112/><U71/><E75/><V115/><F43/><W62/><G105/><T8/><D8/><U132/><E78/><V30/><F39/><W126/><G126/><T77/><D26/><U28/><E111/><V44/><F30/><W65/><G36/><T3/><D3/><U85/><E110/><V121/><F121/><W40/><G91/><N who="0" m="53367" /><D45/><U51/><E51/><V120/><F120/><W129/><G129/><T127/><D127/><U53/><E53/><V55/><F55/><W0/><G0/><T10/><D10/><U83/><REACH who="1" step="1"/><E89/><REACH who="1" ten="298,52,403,237" step="2"/><V15/><F54/><N who="3" m="33943" /><G122/><T133/><D50/><U49/><E49/><V87/><F115/><W103/><G123/><T104/><D48/><U81/><E81/><V34/><F113/><W93/><G42/><T114/><D82/><U24/><E24/><V5/><F5/><W1/><G40/><T27/><D77/><U125/><E125/><V16/><F87/><W67/><G67/><T63/><D84/><U18/><E18/><V101/><F16/><W98/><G19/><T57/><D114/><U94/><E94/><V99/><F107/><W38/><G38/><T124/><D104/><U31/><E31/><V60/><F90/><W66/><G66/><T46/><D128/><U72/><E72/><V135/><F97/><RYUUKYOKU ba="3,1" sc="298,-10,52,30,403,-10,237,-10" hai1="21,25,28,68,70,71,83,85,88,100,102,132,134" owari="288,9.0,82,-42.0,403,50.0,227,-17.0" />
</Scene>
</mjloggm>