<mjloggm ver="2.3"><GO type="169" lobby="0"/><UN n0="%E3%82%A2%E3%82%AB%E3%82%AE%EF%BC%A0%E5%B7%9D%E6%9D%91%E8%BB%8D%E5%9B%A3" n1="%68%61%79%61%74%6F%E2%98%86" n2="%E3%83%8B%E3%83%A3%E3%83%83%E3%83%94%E3%83%BC%E5%A4%8F%E7%9B%AE" n3="%E5%A4%AA%E3%81%8F%E3%81%AA%E3%81%84%E3%81%8A" dan="17,19,19,17" rate="2209.35,2268.47,2247.98,2166.33" sx="M,M,M,M"/><TAIKYOKU oya="0"/>

<Scene>
<INIT seed="0,0,0,2,5,134" ten="250,250,250,250" oya="0" hai0="125,17,1,120,33,22,5,61,39,29,65,53,119" hai1="99,101,67,69,87,82,98,107,108,93,96,100,117" hai2="8,123,47,94,71,131,3,90,14,59,20,92,135" hai3="58,13,52,79,73,122,130,88,121,132,105,85,111"/><T75/><D119/><U77/><E69/><V74/><F71/><W72/><G105/><T10/><D120/><N who="3" m="46185" /><G79/><T70/><D75/><U40/><E40/><V37/><F74/><W21/><G132/><T12/><D39/><U91/><E67/><V80/><F59/><W110/><G130/><T114/><D53/><U57/><E57/><V84/><F3/><W126/><G126/><T30/><D114/><U49/><E49/><V133/><F131/><W116/><G116/><T45/><D45/><U76/><E108/><N who="3" m="41514" /><G21/><T124/><REACH who="0" step="1"/><D33/><REACH who="0" ten="240,250,250,250" step="2"/><U11/><E117/><V36/><F123/><W106/><G106/><T44/><D44/><U34/><E34/><V46/><F47/><W128/><G128/><T103/><D103/><N who="1" m="62975" /><E11/><V23/><F46/><W83/><G13/><T15/><D15/><U38/><E38/><V118/><F37/><W51/><AGARI ba="0,1" hai="51,52,58,72,73,83,85,88" m="41514,46185" machi="51" ten="30,7900,0" yaku="13,1,14,1,54,2" doraHai="134" who="3" fromWho="3" sc="240,-39,250,-20,250,-20,250,89" />
</Scene>
<Scene>
<INIT seed="1,0,0,0,5,68" ten="201,230,230,339" oya="1" hai0="98,119,104,49,71,8,108,12,115,56,38,41,69" hai1="46,51,30,31,65,134,29,82,34,111,52,43,25" hai2="19,85,107,10,27,61,22,124,78,110,57,24,67" hai3="13,132,21,100,73,15,42,88,55,109,89,103,59"/><U9/><E134/><V127/><F107/><W125/><G73/><T113/><D119/><U93/><E111/><V4/><F110/><W129/><G109/><T3/><D3/><U54/><E65/><V60/><F27/><W75/><G75/><T32/><D108/><U62/><E62/><N who="2" m="38351" /><F85/><W45/><G132/><T0/><D32/><U122/><E122/><V102/><F102/><W14/><G129/><T126/><D0/><U36/><E9/><V28/><F28/><W35/><G35/><T64/><D126/><N who="2" m="48170" /><F78/><W7/><G125/><T101/><D113/><U33/><E33/><V118/><F118/><W99/><G7/><T91/><D115/><U11/><E11/><V83/><F83/><W117/><G21/><T74/><D74/><U121/><E121/><V77/><F77/><W53/><G117/><T81/><D81/><U94/><E82/><V20/><F20/><W70/><G103/><T50/><D91/><U1/><E1/><AGARI ba="0,0" hai="1,4,10,19,22,24,60,61" m="48170,38351" machi="1" ten="30,1000,0" yaku="18,1" doraHai="68" who="2" fromWho="1" sc="201,0,230,-10,230,10,339,0" />
</Scene>
<Scene>
<INIT seed="2,0,0,0,4,8" ten="201,220,240,339" oya="2" hai0="118,121,13,39,71,97,128,103,94,27,48,117,16" hai1="67,114,77,62,125,19,58,9,111,129,36,69,7" hai2="113,11,106,96,10,101,32,127,115,93,100,28,102" hai3="29,37,5,12,124,44,53,64,68,72,90,34,35"/><V112/><F127/><W87/><G72/><T85/><D39/><U4/><E114/><V14/><F10/><W122/><G122/><T131/><D71/><U41/><E125/><V52/><F106/><W63/><G124/><T65/><D65/><U116/><E116/><N who="0" m="44649" /><D121/><U25/><E111/><V46/><F28/><W24/><G5/><T50/><D27/><U133/><E129/><N who="0" m="49737" /><D85/><U51/><E133/><V38/><F32/><W109/><G109/><T76/><D76/><U92/><E77/><V88/><F38/><W86/><G86/><T132/><D132/><U55/><E92/><V30/><F30/><W49/><G37/><T2/><D2/><U43/><E43/><V104/><F104/><W47/><G34/><T15/><D15/><N who="1" m="7663" /><E25/><V40/><F40/><W3/><G3/><T59/><D59/><U18/><E18/><V21/><F21/><AGARI ba="0,0" hai="13,16,21,48,50,94,97,103" m="49737,44649" machi="21" ten="30,7700,0" yaku="12,1,19,1,52,1,54,1" doraHai="8" who="0" fromWho="2" sc="201,77,220,0,240,-77,339,0" />
</Scene>
<Scene>
<INIT seed="3,0,0,2,4,72" ten="278,220,163,339" oya="3" hai0="1,13,24,118,43,6,89,22,94,25,129,117,55" hai1="77,0,66,110,2,45,23,32,34,40,82,27,20" hai2="80,12,120,99,130,83,132,85,86,69,119,37,28" hai3="74,87,53,68,78,113,93,17,44,65,131,121,21"/><W135/><G113/><T95/><D43/><U33/><E66/><V88/><F37/><W50/><G121/><T3/><D55/><U38/><E110/><V127/><F69/><W35/><G35/><T122/><D89/><U109/><E109/><V14/><F119/><W19/><G135/><T36/><D36/><U70/><E70/><V59/><F132/><W48/><G131/><T11/><D95/><U106/><E106/><V49/><F130/><W84/><G74/><T92/><D94/><U16/><REACH who="1" step="1"/><E23/><REACH who="1" ten="278,210,163,339" step="2"/><V134/><F134/><W126/><G65/><T115/><D129/><U26/><E26/><V73/><F120/><W8/><G68/><T67/><D67/><U15/><E15/><V124/><F12/><N who="3" m="7303" /><G126/><T4/><D122/><U39/><E39/><V63/><F14/><N who="3" m="9463" /><G93/><T111/><D92/><U60/><E60/><V112/><F63/><W9/><G9/><N who="0" m="2207" /><D111/><U10/><E10/><V104/><F104/><W62/><G62/><T133/><D133/><U41/><E41/><V79/><F124/><W31/><G48/><T105/><D105/><U18/><E18/><V57/><F49/><W100/><G100/><T5/><D25/><U30/><E30/><V102/><F28/><W52/><G31/><N who="0" m="17815" /><D115/><U51/><E51/><V81/><F112/><W114/><G114/><T54/><D54/><U64/><E64/><V47/><F127/><W103/><G103/><T108/><D108/><U7/><E7/><N who="0" m="2569" /><D1/><U90/><E90/><V61/><F61/><W125/><G125/><T107/><D107/><U58/><E58/><V128/><F57/><W98/><G53/><RYUUKYOKU ba="0,1" sc="278,15,210,15,163,-15,339,-15" hai0="11,13,117,118" hai1="0,2,16,20,27,32,33,34,38,40,45,77,82" />
</Scene>
<Scene>
<INIT seed="4,1,1,1,0,1" ten="293,225,148,324" oya="0" hai0="93,125,0,119,79,62,84,11,116,94,35,124,75" hai1="56,41,114,31,55,134,120,25,130,50,36,68,95" hai2="49,8,7,44,104,81,46,90,97,29,18,72,57" hai3="26,70,108,17,131,3,19,66,96,109,15,32,9"/><T53/><D35/><U48/><E120/><V5/><F29/><N who="3" m="19511" /><G96/><T34/><D34/><U61/><E25/><V117/><F117/><N who="0" m="45130" /><D11/><U28/><E134/><V112/><F112/><W73/><G73/><T37/><D0/><U23/><E23/><V92/><F104/><W60/><G131/><T12/><D12/><U67/><E130/><V113/><F113/><W122/><G122/><T40/><D40/><U78/><E78/><V102/><F72/><W10/><G60/><T16/><D16/><N who="3" m="6217" /><G66/><T13/><D37/><U132/><E114/><V52/><F81/><W69/><G69/><T101/><D53/><U111/><E132/><V86/><F86/><W110/><G70/><T33/><D62/><U103/><E48/><V27/><F102/><W47/><G47/><N who="2" m="17961" /><F27/><W135/><G135/><T127/><D33/><U4/><E36/><V115/><F115/><W91/><G91/><N who="0" m="53479" /><D75/><U89/><E68/><V45/><F45/><W22/><G3/><T82/><D101/><U121/><E103/><V42/><F42/><W76/><G76/><T107/><D107/><U51/><E121/><V71/><F71/><W128/><G128/><T118/><D118/><U59/><E41/><V54/><F54/><W98/><G22/><T21/><D94/><U43/><E43/><V77/><F77/><W74/><G74/><N who="0" m="43383" /><D21/><U20/><E20/><V2/><F2/><W39/><G39/><T24/><D24/><U85/><E55/><V126/><F126/><W106/><G15/><AGARI ba="1,1" hai="5,7,8,15,18,49,52,57,90,92,97" m="17961" machi="15" ten="30,7700,0" yaku="8,1,52,2,54,1" doraHai="1" who="2" fromWho="3" sc="293,0,225,0,148,90,324,-80" />
</Scene>
<Scene>
<INIT seed="5,0,0,0,4,95" ten="293,225,238,244" oya="1" hai0="108,12,20,52,71,124,92,133,117,51,63,106,99" hai1="57,26,85,11,24,60,5,107,1,68,113,102,47" hai2="40,0,111,90,131,61,72,19,50,41,7,89,38" hai3="3,112,9,53,14,29,44,46,4,121,101,100,94"/><U18/><E113/><V84/><F72/><W70/><G121/><T130/><D106/><U83/><E68/><V87/><F38/><W98/><G70/><T35/><D35/><U75/><E75/><V126/><F111/><W15/><G112/><T110/><D117/><U134/><E134/><V17/><F131/><W27/><G100/><T80/><D130/><U114/><E114/><V23/><F0/><W21/><G3/><T13/><D133/><U88/><E47/><V129/><F7/><W125/><G125/><T127/><D80/><U62/><E62/><V116/><F126/><N who="0" m="48170" /><D13/><U105/><E18/><V119/><F129/><W31/><G31/><T81/><D81/><U37/><E37/><V97/><F61/><W122/><G122/><T64/><D12/><U10/><E10/><V48/><REACH who="2" step="1"/><F23/><REACH who="2" ten="293,225,228,244" step="2"/><W2/><G2/><T28/><D20/><U103/><E107/><V8/><F8/><W74/><G74/><T82/><D110/><U86/><E105/><V32/><F32/><W39/><G39/><T78/><D108/><U73/><E73/><V36/><F36/><W91/><G4/><T109/><D109/><U128/><E128/><V69/><F69/><W65/><G9/><T33/><D33/><U104/><E104/><V54/><F54/><W6/><G53/><T43/><D71/><U55/><REACH who="1" step="1"/><E86/><REACH who="1" ten="293,215,228,244" step="2"/><V42/><F42/><W96/><G6/><T66/><D43/><U58/><E58/><V76/><F76/><W25/><G46/><T59/><D78/><U135/><E135/><V30/><F30/><W132/><G132/><T56/><D28/><RYUUKYOKU ba="0,2" sc="293,-15,215,15,228,15,244,-15" hai1="1,5,11,24,26,55,57,60,83,85,88,102,103" hai2="17,19,40,41,48,50,84,87,89,90,97,116,119" />
</Scene>
<Scene>
<INIT seed="5,1,2,3,3,67" ten="278,230,243,229" oya="1" hai0="113,48,34,52,99,96,41,100,17,126,1,118,53" hai1="60,72,22,11,36,132,84,103,85,31,63,56,86" hai2="54,94,29,98,10,69,123,124,28,101,115,59,61" hai3="25,49,2,131,119,26,109,111,27,128,121,8,38"/><U68/><E36/><V87/><F123/><W9/><G38/><T78/><D1/><U37/><E37/><V120/><F120/><W80/><G121/><T107/><D34/><U74/><E103/><V79/><F124/><W70/><G80/><T135/><D118/><U19/><E132/><V106/><F115/><W125/><G49/><T102/><D135/><U65/><E11/><N who="3" m="4170" /><G2/><T24/><D78/><U51/><E51/><V6/><F69/><W43/><G43/><T114/><D126/><U20/><E31/><V57/><F57/><W45/><G45/><N who="0" m="25647" /><D24/><N who="3" m="9321" /><G70/><T75/><D17/><U4/><E4/><V90/><REACH who="2" step="1"/><F79/><REACH who="2" ten="278,230,233,229" step="2"/><W47/><G125/><T104/><D114/><U88/><E56/><V64/><F64/><W32/><G47/><T110/><D113/><U93/><E60/><V15/><AGARI ba="1,3" hai="6,10,15,28,29,54,59,61,87,90,94,98,101,106" machi="15" ten="20,5200,0" yaku="1,1,0,1,7,1,53,1" doraHai="67" doraHaiUra="91" who="2" fromWho="2" sc="278,-14,230,-27,233,85,229,-14" />
</Scene>
<Scene>
<INIT seed="6,0,0,4,1,132" ten="264,203,318,215" oya="2" hai0="122,68,126,52,134,46,124,115,6,54,34,108,88" hai1="78,81,36,37,30,72,90,49,12,120,98,83,110" hai2="7,135,50,53,133,84,130,114,87,38,112,0,121" hai3="32,131,4,61,23,18,107,26,51,2,125,8,28"/><V79/><F38/><W86/><G107/><T43/><D108/><U105/><E110/><V111/><F121/><W109/><G109/><T11/><D122/><U9/><E120/><V117/><F117/><W65/><G131/><T106/><D106/><U92/><E30/><V64/><F64/><W116/><G116/><T3/><D34/><U102/><E81/><N who="2" m="47167" /><F87/><W103/><G103/><T25/><D134/><N who="2" m="51210" /><F111/><W5/><G51/><N who="0" m="27103" /><D115/><U80/><E80/><V58/><F130/><W31/><G86/><T17/><D68/><U97/><REACH who="1" step="1"/><E49/><REACH who="1" ten="264,193,318,215" step="2"/><V128/><F128/><W45/><G31/><T74/><D74/><U35/><E35/><V56/><F50/><W63/><G28/><T59/><D126/><U27/><E27/><V66/><F114/><W71/><G32/><T55/><D124/><U33/><E33/><V10/><F112/><W82/><G125/><T123/><D123/><U1/><E1/><V99/><F0/><W76/><G82/><T40/><D3/><U42/><E42/><V77/><F77/><W14/><G76/><T96/><D40/><U70/><E70/><V75/><F75/><W113/><G113/><T62/><D25/><U19/><AGARI ba="0,1" hai="9,12,19,36,37,72,78,83,90,92,97,98,102,105" machi="19" ten="20,2700,0" yaku="1,1,0,1,7,1,53,0" doraHai="132" doraHaiUra="44" who="1" fromWho="1" sc="264,-7,193,37,318,-13,215,-7" />
</Scene>
<Scene>
<INIT seed="7,0,0,3,3,93" ten="257,230,305,208" oya="3" hai0="81,9,111,12,59,129,87,43,113,32,40,57,76" hai1="29,21,15,16,84,79,52,30,73,58,115,42,116" hai2="33,128,55,56,39,72,4,114,17,60,82,122,61" hai3="85,88,69,64,119,8,47,66,133,46,70,13,135"/><W2/><G2/><T127/><D111/><U125/><E73/><V134/><F39/><W75/><G75/><T86/><D32/><U50/><E125/><V104/><F104/><W105/><G105/><T74/><D127/><U0/><E0/><V123/><F33/><W1/><G1/><T107/><D107/><U26/><E115/><V100/><F100/><W28/><G28/><T126/><D126/><U53/><E42/><N who="0" m="15913" /><D74/><U90/><E79/><V6/><F134/><N who="3" m="51211" /><G119/><T3/><D3/><U101/><E101/><V36/><F36/><W35/><G35/><T48/><D129/><U20/><E116/><V44/><F114/><W91/><G66/><T34/><D34/><U5/><E53/><V109/><F109/><W124/><G124/><T94/><D48/><U78/><E78/><V10/><F128/><W108/><G108/><T51/><D51/><U71/><E71/><N who="3" m="27146" /><G64/><T54/><D113/><U24/><E5/><V95/><F4/><N who="3" m="3207" /><G91/><N who="0" m="53631" /><D54/><U110/><E110/><V106/><F55/><W49/><G49/><T14/><D14/><U103/><E103/><V7/><F72/><W131/><G131/><T83/><D12/><U19/><E15/><V63/><F6/><W89/><G89/><N who="0" m="51407" /><D9/><U25/><E26/><V118/><F10/><W41/><G41/><T38/><D38/><U97/><E30/><V27/><F7/><W62/><G62/><T121/><D121/><U112/><E29/><V45/><F61/><W99/><G85/><T22/><D22/><U130/><E130/><V37/><F60/><W80/><G80/><T31/><D31/><U96/><E112/><RYUUKYOKU ba="0,0" sc="257,10,230,10,305,-30,208,10" hai0="57,59,76,83" hai1="16,19,20,21,24,25,50,52,58,84,90,96,97" hai3="46,47,88,99" />
</Scene>
<Scene>
<INIT seed="7,1,0,1,2,20" ten="267,240,275,218" oya="3" hai0="16,67,17,27,5,75,110,34,30,112,55,128,125" hai1="119,83,96,91,88,63,52,90,131,113,134,72,50" hai2="18,74,62,29,124,47,103,33,28,105,99,56,41" hai3="7,86,49,127,70,44,114,60,109,31,95,92,36"/><W9/><G36/><T45/><D75/><U108/><E108/><V100/><F74/><W4/><G109/><T24/><D110/><U89/><E134/><V121/><F124/><W59/><G70/><T94/><D125/><U26/><E119/><V3/><F121/><W129/><G127/><T51/><D67/><U12/><E131/><V69/><F103/><W6/><G129/><T76/><D128/><U106/><E113/><V10/><F33/><W61/><G114/><T82/><D112/><U78/><E63/><N who="3" m="24138" /><G59/><T15/><D94/><N who="3" m="35881" /><G31/><T39/><D39/><U58/><N who="1" m="22528" /><DORA hai="57" /><U2/><E2/><V25/><F69/><W87/><G9/><N who="0" m="4527" /><D30/><U32/><E12/><V37/><F10/><W79/><G79/><T1/><D34/><U116/><E116/><V130/><F3/><W115/><G115/><T132/><D132/><U73/><E73/><V107/><F107/><W43/><AGARI ba="1,0" hai="4,6,7,43,44,49,86,87" m="35881,24138" machi="43" ten="30,11700,0" yaku="8,1,52,3" doraHai="20,57" who="3" fromWho="3" sc="267,-40,240,-40,275,-40,218,120" owari="227,-17.0,200,-30.0,235,4.0,338,43.0" />
</Scene>
</mjloggm>