<mjloggm ver="2.3"><GO type="169" lobby="0"/><UN n0="%E3%81%8F%E3%82%89%E3%81%BF%E3%81%98%E3%81%82" n1="%E3%81%8B%E3%82%89%E3%83%BC%E3%81%9C" n2="%53%48%49%53%55%4B%45" n3="%E5%A4%AA%E3%81%8F%E3%81%AA%E3%81%84%E3%81%8A" dan="16,17,17,18" rate="2196.33,2197.37,2092.55,2228.44" sx="M,M,M,M"/><TAIKYOKU oya="0"/>

<Scene>
<INIT seed="0,0,0,4,0,128" ten="250,250,250,250" oya="0" hai0="127,100,73,112,75,56,26,132,103,34,134,48,85" hai1="119,38,129,57,101,13,25,108,78,107,88,17,58" hai2="42,39,94,46,21,98,91,83,106,62,10,50,37" hai3="52,32,5,33,54,110,114,14,130,109,28,81,121"/><T104/><D112/><U77/><E119/><V55/><F106/><W115/><G130/><T27/><D127/><U69/><E129/><V30/><F10/><N who="3" m="4431" /><G121/><T51/><D85/><U0/><E0/><V113/><F113/><N who="3" m="43019" /><G81/><T105/><D56/><U96/><E108/><N who="3" m="41578" /><G28/><T18/><D18/><U11/><E38/><V79/><F30/><W66/><G66/><T120/><REACH who="0" step="1"/><D34/><AGARI ba="0,0" hai="32,33,34,52,54" m="41578,43019,4431" machi="34" ten="40,2600,0" yaku="14,1,54,1" doraHai="128" who="3" fromWho="0" sc="250,-26,250,0,250,0,250,26" />
</Scene>
<Scene>
<INIT seed="1,0,0,2,3,63" ten="224,250,250,276" oya="1" hai0="109,92,70,47,115,20,77,73,49,52,113,3,103" hai1="31,8,131,104,58,76,135,6,126,34,27,95,127" hai2="43,39,26,12,1,93,14,128,80,116,74,61,118" hai3="51,85,38,99,21,108,11,72,69,41,18,55,57"/><U124/><E104/><V91/><F1/><W59/><G72/><T44/><D3/><N who="1" m="95" /><E76/><V9/><F14/><W28/><G69/><T60/><D109/><U114/><E114/><V90/><F26/><N who="3" m="16463" /><G38/><T94/><D47/><U22/><E95/><V40/><F39/><W134/><G108/><T83/><D20/><U81/><E81/><V2/><F2/><W130/><G85/><T122/><D122/><U19/><E58/><V111/><F111/><W56/><G99/><T45/><D45/><U62/><E62/><V102/><F102/><W36/><G36/><T24/><D24/><N who="1" m="14431" /><E135/><V78/><F91/><W67/><G41/><T98/><REACH who="0" step="1"/><D94/><REACH who="0" ten="214,250,250,276" step="2"/><U87/><E87/><V16/><F43/><W110/><G110/><T37/><D37/><U15/><E131/><V64/><F40/><W53/><G130/><T0/><D0/><U121/><E15/><V105/><F128/><W54/><G134/><T79/><D79/><U29/><E29/><V5/><F105/><W66/><G51/><T30/><D30/><U89/><E89/><V129/><F129/><W65/><G54/><T42/><D42/><U96/><E96/><V4/><F116/><W86/><G86/><T107/><D107/><U84/><E84/><N who="2" m="52423" /><F118/><W120/><G120/><AGARI ba="0,1" hai="27,31,34,120,121,124,126,127" m="14431,95" machi="120" ten="30,5800,0" yaku="18,1,34,2" doraHai="63" who="1" fromWho="3" sc="214,0,250,68,250,0,276,-58" />
</Scene>
<Scene>
<INIT seed="1,1,0,0,3,111" ten="214,318,250,218" oya="1" hai0="23,7,43,109,68,53,91,63,33,76,12,71,80" hai1="112,131,66,62,87,84,86,96,128,95,98,41,31" hai2="97,38,74,19,4,72,124,115,65,34,101,17,56" hai3="51,125,89,1,79,28,119,27,40,120,90,48,39"/><U81/><E41/><V69/><F38/><W35/><G120/><T24/><D33/><U3/><E3/><V78/><F34/><W26/><G1/><T108/><D43/><U82/><E31/><V94/><F69/><W100/><G125/><T45/><D91/><N who="1" m="55423" /><E62/><V107/><F124/><W130/><G130/><N who="1" m="49706" /><E66/><V127/><F127/><W52/><G119/><T121/><D121/><U15/><E15/><V21/><F4/><W29/><G100/><T110/><D7/><U44/><E44/><V60/><F19/><W93/><G79/><T75/><D12/><U16/><E16/><V113/><F78/><W13/><G13/><T59/><REACH who="0" step="1"/><D45/><REACH who="0" ten="204,318,250,218" step="2"/><U118/><E118/><V49/><F49/><W47/><G48/><T102/><D102/><U20/><E81/><V14/><REACH who="2" step="1"/><F107/><REACH who="2" ten="204,318,240,218" step="2"/><W88/><G39/><T46/><D46/><U85/><E82/><V123/><F123/><W36/><G36/><T57/><D57/><U116/><E116/><V104/><F104/><W83/><G83/><T18/><AGARI ba="1,2" hai="18,23,24,53,59,63,68,71,75,76,80,108,109,110" machi="18" ten="30,4000,0" yaku="1,1,0,1,14,1,53,0" doraHai="111" doraHaiUra="99" who="0" fromWho="0" sc="204,63,318,-21,240,-11,218,-11" />
</Scene>
<Scene>
<INIT seed="2,0,0,2,2,134" ten="267,297,229,207" oya="2" hai0="44,110,119,6,25,93,129,102,113,12,53,16,13" hai1="135,80,68,5,78,121,24,33,92,123,35,107,46" hai2="97,0,34,72,50,36,40,103,124,14,39,126,117" hai3="51,84,116,43,47,108,26,132,52,130,32,71,49"/><V118/><F34/><W3/><G116/><N who="2" m="44649" /><F50/><W86/><G132/><T11/><D119/><U112/><E135/><V106/><F14/><W23/><G32/><T82/><D113/><U67/><E112/><V54/><F54/><W105/><G105/><T7/><D129/><U29/><E107/><V73/><F0/><W122/><G122/><N who="1" m="46602" /><E5/><V20/><F20/><W22/><G130/><T76/><D25/><U111/><E33/><V81/><F81/><W114/><G114/><T10/><D110/><U120/><E111/><V31/><F31/><W91/><G108/><T90/><D53/><U95/><E120/><V41/><F41/><W88/><G71/><T74/><D44/><U99/><E46/><N who="2" m="23815" /><F39/><W59/><G3/><T94/><D102/><U87/><E99/><V2/><F2/><W62/><G51/><T15/><REACH who="0" step="1"/><D90/><REACH who="0" ten="257,297,229,207" step="2"/><N who="3" m="34345" /><G23/><AGARI ba="0,1" hai="6,7,10,11,12,13,15,16,23,74,76,82,93,94" machi="23" ten="30,8000,1" yaku="1,1,7,1,9,1,54,1,53,1" doraHai="134" doraHaiUra="77" who="0" fromWho="3" sc="257,90,297,0,229,0,207,-80" />
</Scene>
<Scene>
<INIT seed="3,0,0,1,5,50" ten="347,297,229,127" oya="3" hai0="66,127,83,34,117,10,91,64,1,123,3,90,84" hai1="5,114,119,88,43,53,121,113,92,33,2,52,8" hai2="57,45,21,60,133,0,16,30,134,129,37,62,38" hai3="59,95,56,54,27,94,70,40,97,130,44,75,101"/><W77/><G70/><T13/><D34/><U25/><E121/><V22/><F0/><W103/><G130/><T99/><D123/><U61/><E43/><V18/><F129/><W81/><G27/><T131/><D117/><U67/><E119/><V111/><F30/><W68/><G68/><T108/><D131/><U17/><E113/><V14/><F45/><W89/><G94/><N who="0" m="56799" /><D1/><U118/><E114/><V76/><F76/><W120/><G120/><T69/><D69/><U7/><E118/><V9/><F9/><W125/><G125/><T24/><D3/><U78/><E78/><V15/><F111/><W63/><REACH who="3" step="1"/><G59/><AGARI ba="0,0" hai="14,15,16,18,21,22,37,38,57,59,60,62,133,134" machi="59" ten="25,3200,0" yaku="22,2,54,1" doraHai="50" who="2" fromWho="3" sc="347,0,297,0,229,32,127,-32" />
</Scene>
<Scene>
<INIT seed="4,0,0,1,1,94" ten="347,297,261,95" oya="0" hai0="111,42,131,17,117,78,97,36,73,109,129,69,28" hai1="25,47,9,27,65,39,70,12,124,35,18,22,71" hai2="72,37,60,51,101,24,8,79,34,134,133,83,132" hai3="90,3,40,15,115,50,20,80,14,16,57,87,120"/><T45/><D69/><U81/><E124/><V116/><F37/><W91/><G115/><T49/><D28/><U92/><E65/><V30/><F116/><W103/><G3/><T59/><D117/><U96/><E35/><V0/><F51/><W110/><G110/><N who="0" m="41995" /><D17/><U38/><E27/><V106/><F60/><W105/><G120/><T98/><D78/><U10/><E10/><V95/><F95/><W84/><G105/><T86/><D86/><U5/><E81/><V75/><F106/><W4/><G103/><T23/><D23/><U29/><E29/><V99/><F75/><W1/><G1/><T66/><D73/><U41/><REACH who="1" step="1"/><E39/><REACH who="1" ten="347,287,261,95" step="2"/><V102/><F8/><W56/><G4/><T55/><D66/><U26/><E26/><V33/><F0/><W107/><G15/><T46/><D46/><U77/><E77/><V85/><F34/><W64/><G64/><T13/><D13/><U32/><E32/><V126/><F126/><W7/><G7/><T128/><AGARI ba="0,1" hai="36,42,45,49,55,59,97,98,128,129,131" m="41995" machi="128" ten="40,12000,1" yaku="19,1,10,1,52,2" doraHai="94" who="0" fromWho="0" sc="347,130,287,-40,261,-40,95,-40" />
</Scene>
<Scene>
<INIT seed="4,1,0,4,0,20" ten="477,247,221,55" oya="0" hai0="105,48,46,111,16,55,74,34,133,85,110,19,129" hai1="7,66,21,24,73,50,10,119,115,87,79,67,109" hai2="90,47,35,42,8,57,106,97,91,93,76,41,56" hai3="1,104,128,101,125,18,36,135,62,64,118,30,114"/><T65/><D74/><U31/><E109/><V108/><F106/><W103/><G18/><T13/><D105/><U83/><E119/><V78/><F108/><N who="0" m="41514" /><D129/><U69/><E115/><V98/><F35/><W6/><G118/><T117/><D117/><U4/><E73/><V52/><F57/><W81/><G36/><T11/><D133/><U68/><E4/><V54/><F8/><N who="3" m="2127" /><G104/><T132/><D132/><U49/><E67/><V130/><F130/><W92/><G135/><T58/><D34/><U70/><REACH who="1" step="1"/><E66/><REACH who="1" ten="477,237,221,55" step="2"/><V25/><F78/><W43/><G114/><T102/><D65/><U22/><E22/><V95/><F76/><W37/><G128/><T9/><D9/><U2/><AGARI ba="1,1" hai="2,7,10,21,24,31,49,50,68,69,70,79,83,87" machi="2" ten="30,7900,0" yaku="1,1,0,1,52,1,53,1" doraHai="20" doraHaiUra="17" who="1" fromWho="1" sc="477,-40,237,92,221,-21,55,-21" />
</Scene>
<Scene>
<INIT seed="5,0,0,1,3,7" ten="437,329,200,34" oya="1" hai0="94,6,115,41,74,12,100,119,60,49,98,134,104" hai1="51,117,28,62,120,131,125,82,91,35,44,25,42" hai2="113,129,16,29,20,52,84,2,58,59,66,19,126" hai3="132,75,61,78,18,103,96,123,0,64,97,40,55"/><U90/><E117/><V86/><F2/><W92/><G123/><T50/><D119/><U1/><E120/><V57/><F113/><W63/><G132/><T33/><D33/><U99/><E125/><V36/><F36/><W71/><G0/><T17/><D74/><U23/><E131/><V95/><F129/><W27/><G40/><T47/><D134/><U3/><E35/><V116/><F116/><W108/><G108/><T26/><D115/><U15/><E15/><V14/><F126/><W73/><G78/><T13/><D104/><U8/><E62/><V121/><F121/><W45/><G97/><T109/><D109/><U133/><E133/><V48/><F29/><W112/><G112/><T46/><D60/><U38/><E51/><V70/><F70/><W93/><G93/><T53/><D6/><U76/><E99/><V24/><F66/><W56/><REACH who="3" step="1"/><G45/><REACH who="3" ten="437,329,200,24" step="2"/><T54/><D41/><U111/><E111/><V105/><F105/><W81/><G81/><T65/><D47/><U87/><E1/><V21/><F95/><W43/><G43/><T106/><D46/><AGARI ba="0,1" hai="14,16,19,20,21,24,46,48,52,57,58,59,84,86" machi="46" ten="40,5200,0" yaku="8,1,54,2" doraHai="7" who="2" fromWho="0" sc="437,-52,329,0,200,62,24,0" />
</Scene>
<Scene>
<INIT seed="6,0,0,1,1,51" ten="385,329,262,24" oya="2" hai0="61,69,85,81,123,130,24,1,29,107,114,119,46" hai1="18,6,97,103,26,91,4,89,8,128,12,13,68" hai2="21,110,31,113,121,93,27,108,80,38,64,105,109" hai3="53,42,98,65,96,132,15,17,77,120,127,2,102"/><V32/><F105/><W57/><G120/><T79/><D107/><U11/><E128/><V101/><F38/><W35/><G2/><T86/><D123/><U9/><E68/><V60/><F121/><W10/><G35/><T63/><D1/><U71/><E71/><V44/><F44/><W129/><G127/><T135/><D130/><U22/><REACH who="1" step="1"/><E11/><REACH who="1" ten="385,319,262,24" step="2"/><V19/><F113/><W45/><G129/><T94/><D114/><U7/><E7/><V133/><F133/><W54/><G132/><T0/><D135/><U39/><E39/><V106/><F109/><W122/><G122/><T33/><D69/><U23/><E23/><V43/><F110/><W131/><G131/><T14/><D119/><U66/><E66/><V52/><F64/><W62/><G77/><T92/><D79/><U73/><E73/><V118/><F21/><W28/><G28/><T83/><D29/><U117/><E117/><V40/><F31/><W36/><REACH who="3" step="1"/><G98/><REACH who="3" ten="385,319,262,14" step="2"/><T5/><D33/><U74/><E74/><V56/><F32/><W47/><G47/><T20/><D46/><U55/><E55/><V99/><F52/><W100/><G100/><T48/><D20/><U112/><E112/><V58/><F118/><W134/><G134/><T125/><D125/><U78/><E78/><V50/><F108/><W82/><G82/><T70/><D83/><U124/><E124/><V104/><F80/><W72/><G72/><T76/><D81/><U84/><E84/><V90/><F101/><W25/><G25/><T126/><D85/><U41/><E41/><V75/><F43/><W115/><G115/><RYUUKYOKU ba="0,2" sc="385,-15,319,15,262,-15,14,15" hai1="4,6,8,9,12,13,18,22,26,89,91,97,103" hai3="10,15,17,36,42,45,53,54,57,62,65,96,102" />
</Scene>
<Scene>
<INIT seed="7,1,2,3,2,35" ten="370,334,247,29" oya="3" hai0="43,24,131,22,0,62,17,58,124,127,121,86,9" hai1="126,78,4,102,97,3,49,106,130,25,110,92,96" hai2="112,95,40,103,8,41,67,107,119,64,122,31,76" hai3="109,83,34,74,93,6,135,128,38,85,129,51,88"/><W108/><G38/><T61/><D121/><U30/><E110/><N who="3" m="42602" /><G34/><T26/><D131/><N who="3" m="50249" /><G51/><T68/><D43/><U27/><E130/><V42/><F42/><W94/><G135/><T23/><D86/><U52/><E126/><N who="0" m="48169" /><D68/><U125/><E125/><V33/><F122/><W98/><G6/><N who="0" m="1223" /><D58/><U28/><E78/><V72/><F41/><W1/><G1/><T115/><D115/><U116/><E116/><V84/><F40/><W60/><G60/><T80/><D80/><U12/><E3/><V56/><F33/><W132/><G132/><T59/><D59/><U55/><E4/><V104/><F112/><W10/><G10/><T37/><D37/><U46/><E49/><V36/><F119/><W70/><G70/><T39/><D39/><U134/><E134/><V100/><F36/><W89/><G83/><T117/><D117/><U45/><E46/><V15/><F8/><W111/><N who="3" m="42610" /><W99/><DORA hai="133" /><G85/><T16/><AGARI ba="1,2" hai="16,17,22,23,24,26,61,62" m="1223,48169" machi="16" ten="30,12000,2" yaku="18,1,52,4,54,1" doraHai="35,133" who="0" fromWho="0" sc="370,143,334,-31,247,-31,29,-61" owari="513,61.0,303,10.0,216,-18.0,-32,-53.0" />
</Scene>
</mjloggm>