<mjloggm ver="2.3"><GO type="169" lobby="0"/><UN n0="%67%69%6A%79%75%74%75" n1="%79%61%6E%6F%70%61%6E" n2="%E6%B0%B7%E6%B2%B3%E9%A2%A8" n3="%E5%A4%AA%E3%81%8F%E3%81%AA%E3%81%84%E3%81%8A" dan="17,16,17,17" rate="2201.75,2071.50,2145.03,2208.42" sx="M,M,M,M"/><TAIKYOKU oya="0"/>

<Scene>
<INIT seed="0,0,0,0,2,3" ten="250,250,250,250" oya="0" hai0="101,92,109,78,120,44,43,50,47,34,49,81,111" hai1="102,94,22,106,69,52,0,16,51,24,86,29,11" hai2="115,42,17,87,14,93,116,61,128,82,100,90,89" hai3="28,64,57,4,131,130,68,8,85,133,48,5,79"/><T121/><D34/><U13/><E69/><V112/><F128/><N who="3" m="49195" /><G68/><T31/><D31/><U70/><E70/><V132/><F132/><W71/><G71/><T26/><D26/><U36/><E36/><V77/><F116/><W124/><G133/><T19/><D19/><U9/><E106/><V62/><F42/><W107/><G107/><T1/><D1/><U6/><E102/><V119/><F119/><W7/><G124/><T83/><D101/><U21/><E94/><V72/><F100/><W129/><G129/><T75/><D92/><U95/><E95/><V125/><F125/><W32/><G28/><T56/><D56/><U105/><E86/><V118/><F90/><W76/><G32/><T103/><D103/><U39/><E39/><V30/><F30/><W60/><G48/><T63/><D63/><U113/><E113/><V2/><F2/><N who="3" m="23" /><G79/><T96/><D96/><U135/><E135/><V66/><F62/><W88/><G76/><T41/><REACH who="0" step="1"/><D83/><AGARI ba="0,0" hai="5,7,57,60,64,83,85,88" m="23,49195" machi="83" ten="30,8000,1" yaku="19,1,52,3,54,1" doraHai="3" who="3" fromWho="0" sc="250,-80,250,0,250,0,250,80" />
</Scene>
<Scene>
<INIT seed="1,0,0,3,1,68" ten="170,250,250,330" oya="1" hai0="100,7,49,10,19,23,16,58,20,120,103,30,11" hai1="111,86,129,79,121,99,37,66,88,134,62,45,50" hai2="98,133,15,107,110,104,26,27,65,67,40,24,71" hai3="14,119,83,112,131,32,4,130,31,114,33,64,74"/><U109/><E121/><V44/><F110/><N who="1" m="41993" /><E134/><V78/><F133/><W51/><G64/><T54/><D30/><U70/><E129/><N who="3" m="49162" /><G51/><T89/><D120/><U12/><E12/><V47/><F78/><N who="3" m="44503" /><G119/><T117/><D117/><U93/><E79/><V81/><F71/><W73/><G73/><T118/><D118/><U82/><E82/><V28/><F28/><W0/><G14/><T53/><D49/><U128/><E128/><V97/><F81/><W21/><G21/><T48/><D48/><U1/><E1/><V102/><F15/><W56/><G56/><T84/><D58/><U115/><E115/><N who="3" m="44074" /><G31/><T80/><D7/><U101/><E50/><V17/><F17/><W123/><G123/><T75/><D75/><U113/><E113/><V9/><F9/><AGARI ba="0,0" hai="0,4,9,32,33" m="44074,44503,49162" machi="9" ten="30,2000,0" yaku="19,1,23,1" doraHai="68" who="3" fromWho="2" sc="170,0,250,0,250,-20,330,20" />
</Scene>
<Scene>
<INIT seed="2,0,0,0,0,67" ten="170,250,230,350" oya="2" hai0="38,32,4,13,84,73,12,45,46,68,127,20,83" hai1="11,41,9,10,87,55,111,44,16,58,130,51,85" hai2="31,77,75,86,100,95,62,102,76,28,19,43,109" hai3="29,114,69,39,30,6,17,81,2,37,22,21,110"/><V50/><F75/><W56/><G56/><T105/><D105/><U107/><E111/><V82/><F109/><W79/><G110/><T120/><D120/><U96/><E130/><V98/><F76/><W99/><G99/><T131/><D73/><U0/><E0/><V91/><F62/><W53/><G53/><T118/><D32/><U33/><E33/><V70/><F70/><W64/><G64/><T35/><D35/><U90/><E107/><V61/><F61/><W57/><G57/><T112/><D68/><U63/><E96/><V36/><F36/><W106/><G106/><T117/><D112/><U132/><E132/><V15/><F43/><W3/><G79/><T59/><D131/><U34/><E34/><V18/><F50/><W94/><G81/><T40/><D59/><U49/><E63/><V1/><F1/><W119/><G69/><T65/><D65/><U78/><E78/><V92/><F19/><W26/><G17/><N who="0" m="10279" /><D46/><U126/><E126/><V121/><F121/><W71/><G71/><T103/><D103/><N who="2" m="39466" /><F92/><W52/><G94/><T7/><D127/><U8/><REACH who="1" step="1"/><E90/><REACH who="1" ten="170,240,230,350" step="2"/><V133/><F133/><W23/><G2/><T101/><D101/><U123/><E123/><V115/><F115/><W5/><G3/><T125/><D125/><U129/><E129/><V89/><F89/><W80/><G114/><T66/><D118/><U108/><E108/><V134/><F134/><W88/><G119/><T25/><D117/><U135/><E135/><V24/><F24/><W54/><G26/><T60/><D25/><U74/><E74/><N who="2" m="43319" /><F98/><W124/><G124/><RYUUKYOKU ba="0,1" sc="170,-15,240,15,230,15,350,-15" hai1="8,9,10,11,16,41,44,49,51,55,58,85,87" hai2="15,18,28,31,86,91,95" />
</Scene>
<Scene>
<INIT seed="2,1,1,0,2,59" ten="155,255,245,335" oya="2" hai0="52,31,135,29,112,56,124,71,40,20,73,19,122" hai1="89,103,48,134,75,97,11,14,125,26,118,111,107" hai2="98,42,13,85,74,95,105,129,128,33,72,88,1" hai3="76,90,21,3,51,83,82,18,133,58,77,22,6"/><V86/><F1/><W9/><G133/><T96/><D122/><U8/><E118/><V35/><F42/><W15/><G90/><T117/><D112/><U50/><E134/><V130/><F13/><N who="3" m="5303" /><G22/><T30/><D135/><U116/><E116/><V87/><REACH who="2" step="1"/><F105/><REACH who="2" ten="155,255,235,335" step="2"/><W84/><G3/><T24/><D117/><U115/><E107/><V69/><F69/><W45/><G58/><T43/><D71/><U101/><E115/><V127/><F127/><W10/><G10/><T78/><D124/><U27/><E14/><V61/><F61/><W120/><G120/><T109/><D109/><U4/><E111/><V32/><AGARI ba="1,2" hai="32,33,35,72,74,85,86,87,88,95,98,128,129,130" machi="32" ten="50,18000,2" yaku="1,1,0,1,29,2,19,1,54,1,53,0" doraHai="59" doraHaiUra="46" who="2" fromWho="2" sc="155,-61,255,-61,235,203,335,-61" />
</Scene>
<Scene>
<INIT seed="2,2,0,3,4,19" ten="94,194,438,274" oya="2" hai0="21,112,10,44,93,35,105,47,40,131,63,67,34" hai1="23,18,99,49,72,128,12,69,39,70,122,68,127" hai2="29,101,100,0,89,91,117,15,102,79,56,95,8" hai3="75,24,54,48,98,61,116,31,74,1,130,84,120"/><V58/><F0/><W13/><G1/><T103/><D105/><U108/><E39/><V107/><F117/><W50/><G116/><T43/><D112/><U126/><E108/><V135/><F107/><W37/><G37/><T60/><D131/><U121/><E128/><V123/><F123/><N who="1" m="47113" /><E72/><V64/><F135/><W26/><G120/><T81/><D81/><U59/><E99/><V119/><F119/><W113/><G130/><T28/><D10/><U25/><E25/><V52/><F29/><W109/><G109/><T14/><D67/><U132/><E132/><V51/><F79/><W7/><G98/><N who="0" m="59855" /><D34/><U5/><E5/><V2/><F2/><W22/><G7/><T4/><D35/><U38/><E38/><V11/><F15/><W32/><G13/><T104/><D104/><U129/><E129/><V96/><F89/><W53/><G32/><T86/><D86/><U33/><E33/><V55/><F64/><W6/><G84/><T111/><D111/><U41/><E59/><V125/><F125/><N who="1" m="47625" /><E69/><V88/><F91/><W9/><G75/><T66/><D4/><U97/><E97/><V45/><F58/><W36/><G74/><T134/><D134/><U87/><E87/><V124/><F124/><W17/><G6/><T78/><D14/><U42/><E42/><V83/><F83/><W71/><G71/><T110/><D40/><U73/><E73/><V46/><F46/><AGARI ba="2,0" hai="12,18,23,41,46,49,68,70" m="47625,47113" machi="46" ten="30,3900,0" yaku="13,1,18,1,52,1" doraHai="19" who="1" fromWho="2" sc="94,0,194,45,438,-45,274,0" />
</Scene>
<Scene>
<INIT seed="3,0,0,5,3,116" ten="94,239,393,274" oya="3" hai0="2,102,38,50,78,134,70,83,63,77,72,127,95" hai1="81,51,39,123,26,118,105,133,30,44,82,4,106" hai2="52,20,107,64,29,7,68,124,22,15,131,11,121" hai3="129,128,75,100,65,46,126,130,23,62,69,98,3"/><W18/><G126/><T85/><D38/><U25/><E39/><V93/><F107/><W54/><G3/><T49/><D2/><U12/><E118/><V119/><F119/><W0/><G0/><T115/><D127/><U120/><E4/><V35/><F124/><W74/><G54/><T97/><D134/><U73/><E12/><V101/><F131/><W10/><G46/><T89/><D77/><U66/><E66/><V27/><F68/><W92/><REACH who="3" step="1"/><G10/><REACH who="3" ten="94,239,393,264" step="2"/><T104/><D115/><U103/><E133/><V60/><F52/><W31/><G31/><T109/><D109/><U34/><E44/><V76/><F29/><W122/><G122/><T24/><D24/><AGARI ba="0,1" hai="18,23,24,62,65,69,74,75,92,98,100,128,129,130" machi="24" ten="40,3900,0" yaku="1,1,19,1,53,0" doraHai="116" doraHaiUra="87" who="3" fromWho="0" sc="94,-39,239,0,393,0,264,49" />
</Scene>
<Scene>
<INIT seed="3,1,0,5,3,85" ten="55,239,393,313" oya="3" hai0="84,19,113,31,129,81,59,58,99,128,24,71,109" hai1="95,115,8,98,68,48,117,64,76,53,6,10,124" hai2="1,77,121,66,7,34,96,116,17,26,102,4,72" hai3="36,82,37,107,29,74,41,35,21,93,88,13,111"/><W80/><G107/><T127/><D71/><U56/><E115/><V40/><F116/><W3/><G3/><T110/><D19/><U100/><E117/><V61/><F121/><W5/><G35/><N who="0" m="20967" /><D99/><U83/><E124/><V122/><F40/><W89/><G111/><N who="0" m="42507" /><D127/><U51/><E68/><N who="2" m="42063" /><F17/><W118/><G118/><T2/><D2/><U87/><E64/><V49/><F49/><W70/><G70/><T108/><N who="0" m="42515" /><T119/><DORA hai="94" /><D119/><U69/><E69/><V125/><F122/><W126/><G126/><T101/><D101/><U133/><E133/><V106/><F1/><W20/><G29/><T11/><D11/><U65/><E65/><V55/><F125/><W104/><G104/><T130/><D113/><U9/><REACH who="1" step="1"/><E51/><REACH who="1" ten="55,229,393,313" step="2"/><V33/><F33/><W43/><G36/><T28/><D28/><U18/><E18/><V114/><F114/><W52/><G37/><T38/><D38/><U54/><E54/><V78/><F55/><W91/><G52/><T105/><D105/><U73/><E73/><V47/><F72/><W57/><G74/><T86/><D86/><U46/><E46/><V50/><F50/><W132/><G41/><T75/><D75/><U16/><E16/><V42/><F47/><W112/><G43/><T14/><D14/><AGARI ba="1,1" hai="6,8,9,10,14,48,53,56,76,83,87,95,98,100" machi="14" ten="30,8000,1" yaku="1,1,7,1,8,1,52,1,53,1" doraHai="85,94" doraHaiUra="0,22" who="1" fromWho="0" sc="55,-83,229,93,393,0,313,0" owari="-28,-53.0,322,12.0,393,50.0,313,-9.0" />
</Scene>
</mjloggm>