<mjloggm ver="2.3"><GO type="169" lobby="0"/><UN n0="%E5%A4%AA%E3%81%8F%E3%81%AA%E3%81%84%E3%81%8A" n1="%E3%81%91%E3%82%93%31%39%37%30" n2="%E3%83%87%E3%83%AB%E3%83%90%E3%83%A9%E3%83%89" n3="%72%79%6F%E2%80%A6%31%35" dan="17,16,16,17" rate="2139.81,2117.14,2134.07,2200.69" sx="M,M,M,M"/><TAIKYOKU oya="0"/>

<Scene>
<INIT seed="0,0,0,2,4,6" ten="250,250,250,250" oya="0" hai0="93,134,83,78,11,125,96,122,69,76,36,130,87" hai1="61,9,35,112,121,90,103,73,28,45,80,58,44" hai2="62,95,97,2,22,108,114,8,37,24,75,115,52" hai3="85,99,129,84,133,49,20,3,105,118,7,54,132"/><T119/><D119/><U68/><E68/><V0/><F75/><W113/><G118/><T70/><D122/><U109/><E103/><V120/><F120/><W86/><G113/><T74/><D36/><U14/><E112/><V63/><F37/><W19/><G129/><T128/><D125/><U102/><E102/><V39/><F39/><W66/><G66/><T111/><D134/><N who="3" m="51817" /><G99/><T92/><D111/><U21/><E35/><V26/><F22/><W32/><G32/><T79/><D69/><U16/><E109/><V107/><F97/><W67/><G67/><T4/><D70/><U10/><E121/><V50/><F95/><N who="0" m="36426" /><D74/><U41/><E73/><V55/><F50/><W34/><G34/><T40/><D40/><U81/><E28/><V117/><F107/><W46/><G105/><T31/><D31/><U33/><E33/><V65/><F65/><W123/><G123/><T64/><D64/><N who="1" m="38967" /><E90/><V127/><F108/><W12/><G84/><T131/><D96/><U106/><E106/><V25/><F25/><W77/><G77/><T5/><D5/><U116/><E116/><V100/><F100/><W47/><G86/><T82/><D87/><U89/><E89/><V1/><F1/><AGARI ba="0,0" hai="1,4,11,76,78,79,82,83,128,130,131" m="36426" machi="1" ten="40,3900,0" yaku="19,1,52,1" doraHai="6" who="0" fromWho="2" sc="250,39,250,0,250,-39,250,0" />
</Scene>
<Scene>
<INIT seed="0,1,0,5,2,91" ten="289,250,211,250" oya="0" hai0="132,14,34,131,72,108,119,47,61,48,42,104,90" hai1="62,53,5,121,67,36,78,2,111,93,30,51,0" hai2="75,64,57,37,130,19,59,33,23,1,100,113,129" hai3="58,114,86,69,115,8,46,65,18,76,135,117,134"/><T21/><D119/><U41/><E36/><V24/><F113/><N who="3" m="43019" /><G18/><T71/><D34/><U10/><E41/><V26/><F37/><W9/><G76/><T4/><D72/><U105/><E105/><V109/><F1/><W27/><G27/><T122/><D122/><U102/><E121/><V99/><F75/><W127/><G86/><T110/><D104/><U25/><E78/><V107/><F109/><N who="0" m="42090" /><D132/><U82/><E82/><V20/><F33/><W118/><G69/><T101/><D101/><U88/><E102/><V124/><F124/><W35/><G35/><T49/><D131/><N who="2" m="50186" /><F64/><W94/><G127/><T81/><D61/><U79/><E111/><V97/><F97/><W68/><G118/><T83/><D71/><U39/><E62/><V125/><F125/><W89/><G68/><T123/><D123/><U12/><E67/><V73/><F73/><W7/><G65/><T60/><D60/><U32/><E39/><V16/><AGARI ba="1,0" hai="16,19,20,23,24,26,57,59,99,100,107" m="50186" machi="16" ten="30,2000,0" yaku="19,1,54,1" doraHai="91" who="2" fromWho="2" sc="289,-11,250,-6,211,23,250,-6" />
</Scene>
<Scene>
<INIT seed="1,0,0,3,2,76" ten="278,244,234,244" oya="1" hai0="6,0,116,131,75,114,110,130,41,24,46,38,63" hai1="132,37,49,65,82,92,128,8,1,71,28,78,135" hai2="4,32,103,3,11,7,13,118,108,113,22,17,14" hai3="59,9,44,29,91,21,61,81,112,31,47,45,124"/><U95/><E37/><V83/><F103/><W66/><G112/><T98/><D114/><U74/><E28/><V34/><F83/><W48/><G124/><T30/><D116/><U84/><E128/><N who="0" m="49193" /><D110/><U25/><E25/><V88/><F113/><W129/><G129/><T56/><D75/><U111/><E111/><V121/><F108/><W94/><G48/><T70/><D70/><U109/><E109/><V57/><F118/><W119/><G119/><T96/><D6/><N who="1" m="1103" /><E49/><V50/><F121/><W64/><G64/><N who="0" m="39015" /><D0/><U10/><E10/><V123/><F123/><W58/><G9/><T105/><D105/><U19/><E19/><V53/><F7/><W122/><G29/><T134/><D134/><N who="1" m="51243" /><E74/><V39/><F39/><W93/><G122/><T51/><D38/><U54/><E54/><V5/><F5/><W72/><G72/><T97/><D24/><U26/><E26/><V106/><F106/><W69/><G31/><AGARI ba="0,0" hai="30,31,41,46,51,96,97,98" m="39015,49193" machi="31" ten="30,1000,0" yaku="19,1" doraHai="76" who="0" fromWho="3" sc="278,10,244,0,234,0,244,-10" />
</Scene>
<Scene>
<INIT seed="2,0,0,2,0,34" ten="288,244,234,234" oya="2" hai0="107,25,94,30,18,43,7,14,58,92,65,24,23" hai1="0,10,126,39,73,132,48,96,77,103,50,83,16" hai2="15,8,121,84,112,80,78,51,59,56,12,88,26" hai3="134,122,40,79,68,127,53,115,54,22,85,133,98"/><V130/><F121/><W82/><G122/><T109/><D107/><U36/><E132/><N who="3" m="50794" /><G127/><T106/><D106/><U11/><E126/><V44/><F112/><W131/><G68/><T66/><D109/><U64/><E64/><V89/><F130/><W21/><G131/><T63/><D43/><U57/><E39/><V120/><F120/><W116/><G116/><T124/><D124/><U67/><E36/><V125/><F125/><W9/><G115/><T118/><D118/><U128/><E128/><V2/><F2/><W27/><G40/><T32/><D66/><U91/><E91/><N who="2" m="34891" /><F26/><W87/><G87/><T111/><D111/><U100/><E100/><V33/><F33/><W3/><G98/><T110/><D110/><U71/><E71/><V17/><F15/><W38/><G38/><T119/><D119/><U108/><E108/><V101/><F101/><W47/><G47/><T55/><D65/><U52/><E67/><V62/><F62/><W46/><G46/><T76/><D76/><U45/><E0/><V41/><AGARI ba="0,0" hai="8,12,17,41,44,51,56,59,78,80,84" m="34891" machi="41" ten="30,3000,0" yaku="8,1,54,1" doraHai="34" who="2" fromWho="2" sc="288,-10,244,-10,234,30,234,-10" />
</Scene>
<Scene>
<INIT seed="2,1,0,2,2,128" ten="278,234,264,224" oya="2" hai0="121,98,95,96,13,5,124,12,36,44,66,33,0" hai1="112,97,40,105,130,122,116,82,25,69,23,51,62" hai2="57,70,135,63,4,129,20,120,16,134,111,114,2" hai3="35,101,106,72,100,47,93,123,3,91,59,8,15"/><V27/><F120/><W24/><G123/><T107/><D121/><U79/><E122/><RYUUKYOKU type="kaze4" ba="1,0" sc="278,0,234,0,264,0,224,0" />
</Scene>
<Scene>
<INIT seed="2,2,0,3,1,64" ten="278,234,264,224" oya="2" hai0="41,127,11,81,109,108,0,90,47,74,76,13,44" hai1="37,96,135,46,125,106,115,56,43,5,14,84,60" hai2="26,72,133,94,4,93,67,110,126,102,65,95,134" hai3="92,54,86,8,104,91,120,124,55,119,63,97,112"/><V3/><F72/><W15/><G119/><T29/><D127/><U58/><E115/><V2/><F126/><W34/><G34/><T42/><D29/><U89/><E125/><V48/><F102/><W62/><G124/><T50/><D90/><U69/><E135/><N who="2" m="51723" /><F110/><W59/><G112/><T103/><D103/><U130/><E130/><V36/><F36/><W17/><G120/><T83/><D83/><U71/><E106/><V38/><F38/><W27/><G104/><T128/><D128/><U77/><E96/><V100/><F100/><W7/><G27/><T101/><D101/><U33/><E77/><V6/><F48/><W21/><G63/><T31/><D31/><U51/><E37/><V80/><F80/><W113/><G113/><T75/><D75/><U129/><E33/><V131/><F131/><W28/><G28/><T57/><D57/><U117/><E58/><V25/><F25/><N who="3" m="14511" /><G86/><T45/><D0/><N who="2" m="42" /><F26/><W88/><G91/><T39/><REACH who="0" step="1"/><D47/><REACH who="0" ten="268,234,264,224" step="2"/><U114/><E129/><V82/><F82/><W111/><G111/><T79/><D79/><U18/><E114/><V49/><F49/><W116/><G116/><T53/><D53/><AGARI ba="2,1" hai="7,8,15,53,54,55,59,62,88,92,97" m="14511" machi="53" ten="30,3900,0" yaku="25,1,8,1,54,1" doraHai="64" who="3" fromWho="0" sc="268,-45,234,0,264,0,224,55" />
</Scene>
<Scene>
<INIT seed="3,0,0,3,2,98" ten="223,234,264,279" oya="3" hai0="128,79,102,131,85,53,24,46,118,90,12,66,42" hai1="3,111,36,9,41,94,89,127,30,57,15,29,17" hai2="7,81,71,75,59,27,101,108,31,61,116,21,63" hai3="100,114,10,47,91,133,123,65,104,83,54,23,18"/><W110/><G123/><T126/><D118/><U121/><E121/><V73/><F116/><W5/><G114/><T4/><D126/><U106/><E127/><V80/><F108/><W115/><G115/><T82/><D66/><U39/><E111/><V113/><F113/><W107/><G110/><T34/><D53/><U96/><E3/><V125/><F125/><W52/><G133/><T122/><D122/><U95/><E106/><V74/><F7/><W86/><G65/><T130/><D34/><U35/><E41/><V43/><F43/><W0/><G47/><T117/><D24/><U78/><E78/><V135/><F71/><W51/><G51/><N who="0" m="27095" /><D117/><U103/><E57/><V124/><F124/><W55/><REACH who="3" step="1"/><G100/><REACH who="3" ten="223,234,264,269" step="2"/><T99/><D102/><U88/><E103/><V14/><F135/><W26/><AGARI ba="0,1" hai="0,5,10,18,23,26,52,54,55,83,86,91,104,107" machi="26" ten="30,11700,0" yaku="1,1,2,1,0,1,54,1,53,0" doraHai="98" doraHaiUra="97" who="3" fromWho="3" sc="223,-39,234,-39,264,-39,269,127" />
</Scene>
<Scene>
<INIT seed="3,1,0,5,5,134" ten="184,195,225,396" oya="3" hai0="81,0,10,82,69,5,118,22,75,122,124,19,103" hai1="84,97,27,29,15,73,78,135,129,79,70,26,14" hai2="68,110,13,48,126,58,88,67,90,1,66,61,11" hai3="123,113,62,77,38,119,36,109,54,91,53,115,52"/><W85/><G119/><T23/><D118/><U4/><E70/><V16/><F110/><W130/><G77/><T101/><D122/><U18/><E73/><V32/><F32/><W51/><G123/><T55/><D69/><U56/><E135/><V86/><F126/><W80/><G109/><T93/><D124/><U42/><E129/><V107/><F107/><W98/><G130/><T21/><D75/><U39/><E4/><V108/><F108/><W2/><G2/><T24/><D55/><U95/><E15/><V30/><F30/><W74/><G74/><T28/><D21/><U43/><E39/><V76/><F1/><W12/><G98/><T99/><REACH who="0" step="1"/><D103/><REACH who="0" ten="174,195,225,396" step="2"/><U65/><E65/><V72/><F72/><W33/><G54/><T8/><D8/><U102/><E102/><V47/><F67/><W111/><G52/><T60/><D60/><U34/><E34/><V64/><F64/><W63/><G53/><T106/><D106/><U40/><E40/><N who="2" m="24679" /><F68/><W87/><G63/><T50/><D50/><U127/><E127/><V125/><F125/><W92/><G62/><T41/><D41/><U46/><E43/><V105/><F105/><W133/><G51/><T112/><D112/><U83/><E42/><V71/><F71/><W35/><G133/><T45/><D45/><U44/><E46/><V96/><F96/><W31/><G111/><T17/><D17/><U121/><E18/><V104/><F104/><W131/><G115/><T116/><D116/><U59/><E97/><V6/><F6/><W100/><G113/><T114/><D114/><U3/><E121/><RYUUKYOKU ba="1,1" sc="174,15,195,-15,225,15,396,-15" hai0="0,5,10,19,22,23,24,28,81,82,93,99,101" hai2="11,13,16,58,61,66,76,86,88,90" />
</Scene>
<Scene>
<INIT seed="4,2,1,1,3,101" ten="189,180,240,381" oya="0" hai0="103,122,130,57,87,99,119,121,118,96,79,21,92" hai1="47,46,111,76,58,77,55,124,37,48,107,16,40" hai2="69,34,97,129,4,95,3,109,15,1,123,71,127" hai3="133,134,23,63,66,94,102,61,60,22,85,83,74"/><T27/><D57/><U53/><E111/><V86/><F109/><W117/><G117/><N who="0" m="44555" /><D21/><U89/><E124/><V28/><F123/><N who="0" m="47114" /><D27/><U108/><E108/><V132/><F127/><W19/><G23/><T45/><D45/><U10/><E107/><V116/><F116/><W114/><G66/><T42/><D42/><U11/><E89/><V105/><F3/><W39/><G39/><T80/><D99/><U36/><E36/><V115/><F1/><W128/><G61/><T54/><D54/><U35/><E35/><V113/><F28/><W9/><G60/><T73/><D130/><U12/><E11/><V0/><F0/><W78/><G9/><T8/><D8/><U90/><E90/><V38/><F34/><W104/><G63/><AGARI ba="2,1" hai="10,12,16,37,40,46,47,48,53,55,58,63,76,77" machi="63" ten="30,2000,0" yaku="7,1,54,1" doraHai="101" who="1" fromWho="3" sc="189,0,180,36,240,0,381,-26" />
</Scene>
<Scene>
<INIT seed="5,0,0,3,3,107" ten="189,216,240,355" oya="1" hai0="89,129,49,3,14,21,134,34,95,128,99,106,133" hai1="8,111,1,110,123,104,25,31,91,41,108,72,46" hai2="51,40,58,79,81,103,11,59,86,66,101,6,50" hai3="57,64,130,90,30,9,69,38,19,20,37,131,47"/><U62/><E123/><V39/><F39/><W17/><G69/><T88/><D3/><U109/><E104/><V117/><F117/><W96/><G30/><T97/><D34/><U2/><N who="1" m="27648" /><DORA hai="82" /><U92/><E62/><V135/><F135/><N who="0" m="51722" /><D49/><U116/><E116/><V75/><F75/><W5/><G90/><N who="0" m="55543" /><D14/><U55/><E55/><V77/><F77/><W127/><G64/><T68/><D21/><N who="1" m="15791" /><E72/><V0/><F51/><W122/><G37/><T105/><D68/><U54/><E54/><V44/><REACH who="2" step="1"/><F59/><REACH who="2" ten="189,216,230,355" step="2"/><W29/><G57/><T102/><D106/><U80/><E46/><V22/><F22/><W83/><G20/><T28/><D28/><U10/><E41/><V132/><F132/><W87/><G29/><T71/><D71/><U26/><E26/><V23/><F23/><W4/><G47/><T98/><D98/><N who="1" m="57631" /><E10/><V121/><F121/><W112/><G9/><T115/><D115/><U119/><E119/><V118/><F118/><W45/><G122/><T18/><D18/><U76/><E8/><V52/><F52/><W43/><G17/><T61/><D61/><AGARI ba="0,1" hai="0,6,11,40,44,50,58,61,66,79,81,86,101,103" machi="61" ten="40,2600,0" yaku="1,1,52,1,53,0" doraHai="107,82" doraHaiUra="16,126" who="2" fromWho="0" sc="189,-26,216,0,230,36,355,0" />
</Scene>
<Scene>
<INIT seed="6,0,0,4,5,2" ten="163,216,266,355" oya="2" hai0="132,18,74,115,23,70,126,9,94,99,62,107,51" hai1="33,101,106,109,60,36,89,97,39,24,0,130,113" hai2="27,37,71,52,88,117,81,120,128,114,30,100,103" hai3="19,72,11,21,3,46,105,69,116,79,7,87,22"/><V111/><F120/><W96/><G69/><T104/><D74/><U20/><E109/><V5/><F117/><W35/><G35/><T34/><D34/><U14/><E113/><V67/><F114/><W32/><G32/><T59/><D115/><U108/><E108/><V119/><F119/><W95/><G105/><T93/><D70/><U26/><E130/><V124/><F37/><W58/><G72/><T44/><D126/><U92/><E0/><V48/><F111/><W64/><G46/><T84/><D132/><U57/><E14/><V55/><F71/><W66/><G58/><T28/><D28/><U15/><E15/><V86/><F67/><W80/><G21/><T50/><D9/><U13/><E13/><V125/><F128/><W65/><G65/><T45/><D84/><U77/><E77/><V42/><F42/><W82/><G82/><T25/><D45/><U54/><E26/><V17/><F5/><W85/><G85/><T41/><D51/><U56/><E56/><N who="2" m="32775" /><F55/><W90/><G116/><T6/><D6/><U110/><E33/><N who="2" m="20703" /><F17/><W8/><G8/><T68/><D68/><U133/><E110/><V16/><F16/><W43/><G43/><T121/><D121/><U127/><E39/><V61/><F61/><W49/><G49/><T123/><D123/><U53/><E36/><V129/><F129/><W4/><G4/><T63/><D63/><U102/><E54/><V75/><F75/><W134/><G66/><N who="0" m="39263" /><D94/><U118/><E118/><V31/><F31/><W98/><G64/><T122/><D122/><U83/><E60/><V38/><F38/><RYUUKYOKU ba="0,0" sc="163,15,216,-15,266,15,355,-15" hai0="18,23,25,41,44,50,93,99,104,107" hai2="81,86,88,100,103,124,125" />
</Scene>
<Scene>
<INIT seed="6,1,0,1,1,81" ten="178,201,281,340" oya="2" hai0="69,134,16,68,110,116,45,96,117,5,106,98,52" hai1="102,74,31,20,113,99,77,14,61,41,123,53,91" hai2="115,38,131,93,76,63,55,127,66,36,97,120,30" hai3="67,40,56,101,33,23,4,100,12,59,64,1,34"/><V107/><F120/><W105/><G1/><T124/><D5/><U57/><E113/><V80/><F107/><W65/><G105/><T3/><D3/><U87/><E123/><V25/><F55/><W37/><G37/><T83/><D110/><U6/><E41/><V121/><F121/><W86/><G40/><T21/><D124/><U43/><E43/><V109/><F131/><W92/><G4/><T60/><D134/><U79/><E74/><V50/><F50/><W73/><G73/><T72/><D72/><U29/><E6/><V125/><F115/><W58/><G23/><T27/><D83/><U114/><E114/><V108/><F80/><W126/><G12/><T2/><D2/><U11/><E11/><V44/><F76/><N who="1" m="29257" /><E99/><N who="0" m="37929" /><D106/><U51/><E102/><N who="2" m="60719" /><F44/><W22/><G126/><N who="2" m="48137" /><F38/><W62/><G101/><T94/><D94/><N who="1" m="54655" /><E51/><V122/><F36/><W39/><G39/><T32/><D32/><U54/><E54/><V8/><F8/><W17/><G34/><T49/><D60/><U24/><E14/><V133/><F133/><W42/><G33/><T119/><AGARI ba="1,0" hai="16,21,27,45,49,52,68,69,116,117,119" m="37929" machi="119" ten="40,5200,0" yaku="12,1,54,2" doraHai="81" who="0" fromWho="0" sc="178,55,201,-14,281,-27,340,-14" />
</Scene>
<Scene>
<INIT seed="7,0,0,0,0,47" ten="233,187,254,326" oya="3" hai0="60,80,54,62,125,119,67,13,14,65,86,97,41" hai1="10,57,55,84,63,128,107,85,130,70,68,49,24" hai2="51,26,98,46,111,88,48,91,53,92,104,102,18" hai3="61,38,20,82,79,9,23,77,108,44,113,15,135"/><W12/><G113/><T71/><D119/><U134/><E107/><V131/><F111/><W120/><G120/><T112/><D41/><U83/><E134/><V69/><F69/><W66/><G79/><T122/><D122/><U34/><E85/><V129/><F91/><W116/><G15/><T56/><D112/><U28/><E10/><V1/><F1/><W96/><G96/><T90/><D125/><U25/><E25/><V31/><F18/><W103/><G103/><T30/><D30/><U133/><E133/><V21/><REACH who="2" step="1"/><F51/><REACH who="2" ten="233,187,244,326" step="2"/><W4/><G108/><T22/><D71/><U109/><E109/><V117/><F117/><W35/><G116/><T27/><D97/><AGARI ba="0,1" hai="21,26,31,46,48,53,88,92,97,98,102,104,129,131" machi="97" ten="40,8000,1" yaku="1,1,52,1,54,1,53,1" doraHai="47" doraHaiUra="42" who="2" fromWho="0" sc="233,-80,187,0,244,90,326,0" owari="153,-35.0,187,-21.0,334,43.0,326,13.0" />
</Scene>
</mjloggm>