<mjloggm ver="2.3"><GO type="169" lobby="0"/><UN n0="%E6%9E%9D%E8%B1%86%E3%82%AB%E3%83%AC%E3%83%BC%E7%94%98%E5%8F%A3" n1="%E5%A4%AA%E3%81%8F%E3%81%AA%E3%81%84%E3%81%8A" n2="%E5%A4%A7%E7%8E%89%E5%B0%86" n3="%E3%83%89%E3%83%90%E3%82%AF%E3%83%81%E5%A4%A7%E9%87%8E" dan="16,17,16,16" rate="2121.85,2187.72,2146.06,2141.78" sx="F,F,M,M"/><TAIKYOKU oya="0"/>

<Scene>
<INIT seed="0,0,0,5,4,41" ten="250,250,250,250" oya="0" hai0="49,59,127,11,62,83,108,21,89,90,110,109,17" hai1="131,25,130,113,33,102,51,73,98,88,79,134,86" hai2="116,36,85,74,55,27,91,63,120,104,81,23,48" hai3="19,75,112,43,6,96,40,29,68,128,38,31,65"/><T80/><D127/><U64/><E64/><V24/><F120/><W77/><G112/><T26/><D11/><U9/><E9/><V125/><F36/><W124/><G6/><T67/><D83/><N who="1" m="45551" /><E25/><V30/><F125/><W39/><G128/><N who="1" m="49194" /><E33/><V87/><F104/><W122/><G65/><T72/><D49/><U99/><E51/><V47/><F116/><W2/><G77/><AGARI ba="0,0" hai="17,21,26,59,62,67,72,77,80,89,90,108,109,110" machi="77" ten="40,3900,0" yaku="14,1,10,1" doraHai="41" who="0" fromWho="3" sc="250,39,250,0,250,0,250,-39" />
</Scene>
<Scene>
<INIT seed="0,1,0,4,3,25" ten="289,250,250,211" oya="0" hai0="8,126,52,87,50,83,19,35,11,99,120,103,41" hai1="82,46,45,84,14,109,66,116,73,47,2,5,119" hai2="75,115,74,28,130,117,51,94,69,64,88,4,44" hai3="81,105,113,78,123,30,70,56,125,7,21,85,95"/><T67/><D120/><U124/><E2/><V129/><F115/><W61/><G105/><T24/><D126/><U98/><E73/><V57/><F69/><W118/><G70/><T26/><D26/><U40/><E124/><V0/><F117/><W22/><G113/><T9/><D41/><U80/><E109/><V60/><F4/><W43/><G125/><T42/><D42/><U114/><E114/><V12/><F0/><W17/><G123/><T96/><D67/><U71/><E98/><V86/><F12/><W92/><G7/><T97/><D103/><U63/><E80/><V53/><REACH who="2" step="1"/><F28/><REACH who="2" ten="289,250,240,211" step="2"/><W38/><G118/><T36/><D36/><U91/><E119/><V135/><F135/><W77/><G38/><T20/><D35/><U127/><E116/><V72/><AGARI ba="1,1" hai="44,51,53,57,60,64,72,74,75,86,88,94,129,130" machi="72" ten="40,5200,0" yaku="1,1,0,1,54,1,53,0" doraHai="25" doraHaiUra="3" who="2" fromWho="2" sc="289,-27,250,-14,240,65,211,-14" />
</Scene>
<Scene>
<INIT seed="1,0,0,0,3,121" ten="262,236,305,197" oya="1" hai0="58,99,3,28,66,89,49,52,63,4,86,22,70" hai1="84,118,74,15,128,75,24,107,114,130,123,127,64" hai2="1,135,44,120,92,116,12,65,119,73,11,103,29" hai3="78,57,110,14,62,102,106,98,126,82,108,93,31"/><U5/><E123/><V88/><F120/><W131/><G131/><N who="1" m="50218" /><E114/><V56/><F135/><W91/><G126/><T54/><D99/><U124/><E118/><V87/><F1/><W45/><G31/><T50/><D3/><U122/><E122/><V101/><F73/><N who="1" m="27657" /><E107/><V10/><F29/><W2/><G2/><T61/><D4/><U133/><E64/><V38/><F119/><W76/><G45/><T100/><D100/><N who="2" m="38474" /><F38/><W71/><G71/><T111/><D28/><U80/><E24/><V112/><F116/><W132/><G132/><T25/><D25/><U129/><N who="1" m="50226" /><U51/><DORA hai="104" /><E51/><V13/><F112/><W6/><G82/><T33/><D50/><U27/><E27/><V55/><F65/><W95/><G106/><T0/><D49/><U60/><E60/><N who="2" m="35871" /><F44/><W30/><G30/><T39/><D39/><U41/><E41/><V23/><F23/><W83/><G83/><T79/><D66/><U36/><E36/><V40/><F40/><W46/><G46/><T94/><D63/><U125/><E133/><V21/><F21/><W16/><G62/><T18/><D61/><U113/><E113/><V42/><F42/><W97/><G57/><T48/><D58/><U115/><E115/><V77/><F77/><W53/><G53/><T90/><D54/><U81/><E84/><V17/><F17/><W117/><G117/><T34/><D52/><U37/><E37/><V109/><F87/><W20/><REACH who="3" step="1"/><G6/><REACH who="3" ten="262,236,305,187" step="2"/><T47/><D47/><U59/><E59/><V35/><F35/><W32/><G32/><T67/><D48/><U9/><AGARI ba="0,1" hai="5,9,15,80,81,124,125,127" m="27657,50226" machi="9" ten="60,18000,2" yaku="5,1,18,1,19,1,52,3" doraHai="121,104" who="1" fromWho="1" sc="262,-60,236,190,305,-60,187,-60" />
</Scene>
<Scene>
<INIT seed="1,1,0,0,0,11" ten="202,426,245,127" oya="1" hai0="65,125,126,19,26,102,59,124,34,33,52,30,42" hai1="83,3,64,128,66,103,120,84,92,133,62,131,98" hai2="50,37,9,130,35,53,1,8,97,24,119,47,91" hai3="90,101,40,122,87,95,107,18,110,68,41,118,60"/><U56/><E3/><V71/><F119/><W23/><G122/><T121/><D121/><U14/><E120/><V49/><F130/><N who="1" m="49705" /><E133/><V73/><F37/><W123/><G123/><T63/><D42/><U81/><E66/><V12/><F71/><W15/><G118/><T79/><D79/><N who="1" m="46143" /><E83/><V48/><F73/><W99/><REACH who="3" step="1"/><G110/><REACH who="3" ten="202,426,245,117" step="2"/><T89/><D102/><U46/><E46/><V106/><F1/><W93/><G93/><T44/><D89/><U85/><E85/><V78/><F78/><W129/><G129/><T43/><D65/><AGARI ba="1,1" hai="15,18,23,40,41,60,65,68,87,90,95,99,101,107" machi="65" ten="40,2600,0" yaku="1,1,52,1,53,0" doraHai="11" doraHaiUra="132" who="3" fromWho="0" sc="202,-29,426,0,245,0,117,39" />
</Scene>
<Scene>
<INIT seed="2,0,0,1,0,107" ten="173,426,245,156" oya="2" hai0="60,50,78,39,116,71,118,126,70,96,49,27,88" hai1="101,133,16,113,83,123,44,1,112,26,65,129,3" hai2="32,69,34,25,61,43,51,130,29,89,80,135,114" hai3="5,23,63,47,97,10,87,14,20,48,99,115,82"/><V86/><F114/><W4/><G4/><T19/><D39/><U120/><E101/><V58/><F130/><W40/><G115/><N who="1" m="44106" /><E65/><V46/><F135/><W125/><G125/><T22/><D126/><U42/><E133/><V35/><REACH who="2" step="1"/><F69/><REACH who="2" ten="173,426,235,156" step="2"/><W131/><G131/><T28/><D71/><U17/><E129/><V132/><F132/><W103/><G63/><T36/><D70/><U64/><E123/><V31/><F31/><W110/><G110/><T62/><D62/><U92/><E120/><V57/><F57/><W75/><G75/><T21/><D60/><U33/><E64/><AGARI ba="0,1" hai="25,29,32,34,35,43,46,51,58,61,64,80,86,89" machi="64" ten="30,5800,0" yaku="1,1,7,1,53,1" doraHai="107" doraHaiUra="85" who="2" fromWho="1" sc="173,0,426,-58,235,68,156,0" />
</Scene>
<Scene>
<INIT seed="2,1,0,4,3,115" ten="173,368,303,156" oya="2" hai0="63,52,65,13,89,109,103,73,46,67,35,25,131" hai1="122,88,19,117,66,97,106,26,53,72,133,80,90" hai2="86,124,129,74,8,87,85,33,68,40,95,121,61" hai3="112,14,34,9,10,75,118,125,108,18,107,76,130"/><V84/><F121/><W81/><G107/><T48/><D109/><U114/><E114/><V12/><F74/><W82/><G112/><T128/><D103/><U94/><E66/><V2/><F2/><W111/><G34/><T70/><D67/><U102/><E122/><V54/><F33/><W6/><G130/><T47/><D73/><U43/><E43/><V7/><F129/><N who="0" m="49738" /><D13/><U79/><E133/><V123/><F124/><W3/><G125/><T69/><D89/><U39/><E39/><V38/><F123/><W135/><G135/><T134/><D134/><U91/><E53/><V20/><F68/><W37/><G37/><T51/><D25/><U116/><REACH who="1" step="1"/><E106/><REACH who="1" ten="173,358,303,156" step="2"/><V62/><F40/><W57/><G111/><T105/><D105/><U1/><E1/><V0/><F38/><W50/><G108/><T104/><D104/><U127/><E127/><V23/><F0/><W21/><G3/><T49/><D35/><U22/><AGARI ba="1,1" hai="19,22,26,72,79,80,88,90,91,94,97,102,116,117" machi="22" ten="30,12000,2" yaku="1,1,0,1,52,2,54,1,53,2" doraHai="115" doraHaiUra="113" who="1" fromWho="1" sc="173,-31,358,133,303,-61,156,-31" />
</Scene>
<Scene>
<INIT seed="3,0,0,1,2,104" ten="142,491,242,125" oya="3" hai0="123,89,78,93,11,28,41,134,36,99,55,56,37" hai1="27,40,108,100,32,118,95,67,52,6,106,14,12" hai2="13,135,110,26,65,85,130,101,69,5,68,97,126" hai3="22,63,120,121,10,79,38,35,20,84,116,33,122"/><W48/><G38/><T125/><D123/><U34/><E106/><V73/><F110/><W117/><G63/><T105/><D125/><U59/><E67/><V82/><F126/><W51/><G79/><T58/><D58/><U75/><E75/><V18/><F130/><W86/><G10/><T129/><D129/><U124/><E124/><V103/><F135/><W39/><G39/><T81/><D134/><U3/><E40/><V44/><F44/><W7/><G120/><T30/><D11/><U113/><E3/><V9/><F65/><W29/><REACH who="3" step="1"/><G29/><REACH who="3" ten="142,491,242,115" step="2"/><T50/><D37/><U94/><E113/><V21/><F69/><W62/><G62/><T64/><D64/><U109/><E109/><V70/><F68/><W90/><G90/><T46/><REACH who="0" step="1"/><D105/><REACH who="0" ten="132,491,242,115" step="2"/><U23/><E108/><V66/><F70/><W49/><G49/><T98/><D98/><U19/><E118/><V83/><F66/><W76/><G76/><T114/><D114/><U115/><E115/><V71/><F97/><W80/><G80/><T131/><D131/><U102/><E102/><V17/><F71/><W77/><G77/><T128/><D128/><U42/><E100/><V72/><F101/><W2/><G2/><T132/><D132/><U88/><E88/><N who="2" m="51255" /><F103/><W43/><G43/><T31/><D31/><U112/><E42/><V133/><F83/><W15/><G15/><T111/><D111/><U87/><E14/><N who="2" m="5423" /><F133/><W107/><G107/><T4/><D4/><AGARI ba="0,2" hai="4,7,20,22,33,35,48,51,84,86,116,117,121,122" machi="4" ten="25,4800,0" yaku="1,1,22,2,53,0" doraHai="104" doraHaiUra="96" who="3" fromWho="0" sc="132,-48,491,0,242,0,115,68" />
</Scene>
<Scene>
<INIT seed="3,1,0,2,5,49" ten="84,491,242,183" oya="3" hai0="77,99,69,0,56,17,88,11,126,108,60,63,114" hai1="50,105,14,7,13,124,30,131,133,43,100,12,83" hai2="101,68,122,25,32,19,82,54,112,109,8,87,135" hai3="70,41,37,89,15,93,103,118,80,10,35,26,36"/><W72/><G70/><T38/><D38/><U127/><E131/><V125/><F112/><W84/><G118/><T66/><D114/><U115/><E115/><V107/><F68/><W1/><G1/><T22/><D108/><U121/><E121/><V20/><F109/><W48/><G35/><T102/><D126/><N who="1" m="48171" /><E133/><V62/><F125/><W78/><G26/><T90/><D77/><U91/><E30/><V47/><F135/><W75/><G75/><T123/><D123/><U2/><E100/><V95/><F107/><W61/><G61/><T3/><D11/><N who="1" m="2551" /><E105/><V113/><F113/><W85/><G103/><T24/><D0/><U97/><E97/><N who="2" m="59583" /><F32/><W42/><G72/><T92/><REACH who="0" step="1"/><D3/><REACH who="0" ten="74,491,242,183" step="2"/><U74/><E74/><V64/><F122/><W104/><G104/><T6/><D6/><U45/><E91/><N who="2" m="51703" /><F8/><W134/><G134/><T28/><D28/><U53/><E83/><V23/><F19/><N who="3" m="8695" /><G36/><T119/><D119/><U55/><AGARI ba="1,1" hai="12,13,14,43,45,50,53,55" m="2551,48171" machi="55" ten="40,5200,0" yaku="18,1,52,2" doraHai="49" who="1" fromWho="1" sc="74,-14,491,65,242,-14,183,-27" />
</Scene>
<Scene>
<INIT seed="4,0,0,5,1,4" ten="60,556,228,156" oya="0" hai0="118,24,12,83,125,36,97,84,103,58,33,113,101" hai1="61,67,66,71,63,8,69,10,43,56,121,120,28" hai2="98,32,9,73,82,70,42,29,127,131,115,65,86" hai3="49,126,55,114,91,53,80,60,51,85,59,48,100"/><T50/><D118/><U31/><E56/><V128/><F73/><W74/><G74/><T93/><D36/><U116/><E43/><V54/><F42/><W22/><G126/><T64/><D125/><U52/><E52/><V77/><F127/><W3/><G3/><T79/><D113/><U119/><AGARI ba="0,0" hai="8,10,28,31,61,63,66,67,69,71,116,119,120,121" machi="119" ten="25,8000,1" yaku="0,1,22,2,52,2" doraHai="4" who="1" fromWho="1" sc="60,-40,556,80,228,-20,156,-20" />
</Scene>
<Scene>
<INIT seed="5,0,0,5,3,106" ten="20,636,208,136" oya="1" hai0="26,9,97,16,69,0,36,18,100,117,129,104,46" hai1="54,1,39,124,6,95,130,94,22,116,3,13,110" hai2="96,30,14,28,131,82,107,17,62,42,49,72,127" hai3="113,63,56,126,91,89,27,44,85,38,122,68,29"/><U115/><BYE who="0" /><E54/><V105/><F131/><W79/><G122/><T67/><D67/><U19/><E95/><V43/><F127/><W135/><G126/><T78/><D78/><U121/><E94/><V51/><F107/><W92/><G135/><T101/><D101/><U133/><E22/><V52/><F105/><W23/><G68/><T132/><D132/><U61/><E19/><V47/><F96/><W73/><G113/><T2/><D2/><U114/><E13/><V88/><F62/><W55/><G38/><T102/><D102/><U59/><E59/><N who="2" m="33167" /><F72/><W50/><G73/><T31/><D31/><U25/><E1/><V64/><F43/><W41/><G91/><T37/><D37/><U77/><E3/><V71/><F64/><W70/><G70/><T80/><D80/><U111/><E130/><V74/><F74/><W112/><G112/><T99/><D99/><U21/><E133/><V98/><F71/><W75/><G75/><T4/><D4/><U90/><E114/><V15/><F98/><W40/><G79/><T84/><D84/><U24/><E115/><V32/><F32/><W34/><G34/><T123/><D123/><U119/><E121/><V60/><F60/><W118/><G118/><T86/><D86/><U134/><E116/><V87/><F14/><W128/><G128/><T20/><D20/><AGARI ba="0,0" hai="15,17,20,28,30,42,47,51,82,87,88" m="33167" machi="20" ten="30,3900,0" yaku="8,1,54,2" doraHai="106" who="2" fromWho="0" sc="20,-39,636,0,208,39,136,0" owari="-19,-52.0,636,73.0,247,5.0,136,-26.0" />
</Scene>
</mjloggm>