<mjloggm ver="2.3"><GO type="169" lobby="0"/><UN n0="%E3%82%BF%E3%82%B1%E3%82%BF%E3%82%B1%E3%82%BF%E3%82%B1" n1="%E5%A4%AA%E3%81%8F%E3%81%AA%E3%81%84%E3%81%8A" n2="%E3%81%AE%E3%81%A9%E3%81%94%E3%81%97%E3%80%88%E7%94%9F%E3%80%89" n3="%E6%A4%8E%E9%87%8E%E3%81%8D%E3%82%89%E3%82%8A" dan="17,18,16,16" rate="2140.66,2208.00,2055.60,2091.19" sx="M,M,M,F"/><TAIKYOKU oya="0"/>

<Scene>
<INIT seed="0,0,0,5,1,129" ten="250,250,250,250" oya="0" hai0="42,60,87,103,24,100,78,110,10,1,18,125,6" hai1="63,76,56,58,98,93,2,3,126,72,66,52,47" hai2="46,131,21,111,80,54,113,61,81,86,77,128,84" hai3="23,50,104,91,82,22,33,124,19,112,94,117,45"/><T32/><D125/><U71/><E126/><V39/><F113/><W107/><G124/><T62/><D42/><U85/><E72/><V109/><F39/><W108/><G108/><N who="2" m="41545" /><F21/><W36/><G36/><T92/><D110/><U51/><E85/><V38/><F38/><W27/><G112/><T20/><D32/><U121/><E76/><N who="2" m="46087" /><F61/><W96/><G117/><T26/><D26/><U99/><E99/><V89/><F46/><W34/><G82/><T25/><D25/><U73/><E73/><V12/><F12/><W133/><G23/><T132/><D78/><U15/><E121/><V59/><F59/><W49/><G49/><T17/><D17/><U28/><E28/><V134/><F54/><W70/><G70/><T68/><D60/><U83/><E83/><N who="2" m="49375" /><F134/><W9/><G133/><T135/><D103/><U55/><E15/><V43/><F43/><W122/><G122/><T123/><D123/><U116/><E116/><V4/><F4/><W5/><G33/><T115/><D115/><U29/><E29/><V95/><F95/><W31/><G50/><T114/><D114/><U105/><E93/><V65/><F65/><W37/><G45/><T16/><D18/><U119/><E119/><V67/><F67/><W101/><G37/><T120/><D120/><U118/><E118/><V0/><F0/><N who="1" m="41" /><E55/><V7/><F7/><W57/><G57/><T79/><D79/><U44/><E58/><V130/><F130/><W106/><G9/><T14/><D1/><U35/><E35/><V48/><F48/><W102/><G5/><T75/><D68/><U41/><E41/><RYUUKYOKU ba="0,0" sc="250,-30,250,10,250,10,250,10" hai1="44,47,51,52,56,63,66,71,98,105" hai2="77,81,128,131" hai3="19,22,27,31,34,91,94,96,101,102,104,106,107" />
</Scene>
<Scene>
<INIT seed="1,1,0,0,3,24" ten="220,260,260,260" oya="1" hai0="67,70,65,62,120,74,101,129,85,3,78,35,75" hai1="124,106,32,73,31,69,56,16,98,77,113,116,2" hai2="51,12,81,97,64,104,134,122,34,26,126,50,44" hai3="123,48,6,5,14,80,57,33,13,41,133,132,19"/><U43/><E113/><V22/><F122/><W63/><G33/><T28/><D85/><U76/><E116/><V92/><F104/><W37/><G37/><T131/><D67/><U87/><E69/><V39/><F39/><W91/><G123/><T46/><D120/><U27/><E2/><V108/><F64/><W128/><G128/><N who="0" m="49227" /><D78/><U72/><E124/><V121/><F34/><W21/><G41/><T82/><D82/><U61/><E43/><V88/><F126/><W119/><G48/><T45/><D101/><U30/><E87/><V49/><F108/><W114/><G114/><T103/><D103/><U68/><E68/><V100/><F12/><W60/><G119/><T10/><D46/><U59/><E32/><V93/><F134/><N who="3" m="51819" /><G13/><T18/><D45/><U83/><E106/><V23/><F23/><W105/><G105/><T17/><D17/><U66/><E98/><N who="2" m="59471" /><F81/><W90/><G80/><T94/><D94/><U42/><E42/><N who="2" m="24727" /><F121/><W127/><G127/><T9/><D18/><AGARI ba="1,0" hai="18,22,26,50,51,88,92,97" m="24727,59471" machi="18" ten="30,2000,0" yaku="8,1,54,1" doraHai="24" who="2" fromWho="0" sc="220,-23,260,0,260,23,260,0" />
</Scene>
<Scene>
<INIT seed="2,0,0,2,5,17" ten="197,260,283,260" oya="2" hai0="97,110,65,107,55,72,70,18,116,102,25,85,58" hai1="29,53,84,31,41,79,135,98,15,69,115,101,24" hai2="14,122,108,20,93,26,11,106,128,76,4,27,92" hai3="45,12,73,28,130,52,51,44,47,119,39,103,117"/><V10/><F106/><W48/><G73/><T34/><D72/><U64/><E115/><V126/><F122/><W22/><G130/><T23/><D110/><U16/><E135/><V60/><F108/><W132/><G132/><T134/><D134/><U8/><E41/><V129/><F76/><W6/><G103/><T2/><D2/><U62/><E53/><V36/><F36/><W90/><G90/><T109/><D109/><U59/><E69/><V113/><F113/><W33/><G33/><T94/><D116/><U19/><E79/><V100/><F126/><W112/><G112/><T3/><D3/><U1/><E1/><V91/><F60/><W88/><G39/><T7/><D7/><U131/><E84/><V56/><F56/><W124/><G124/><T133/><D133/><U118/><E118/><V43/><F43/><W54/><G45/><T104/><D34/><U0/><E0/><V87/><F11/><W86/><G6/><T67/><D70/><U30/><E131/><N who="2" m="50251" /><F27/><W75/><G75/><T78/><D107/><U21/><REACH who="1" step="1"/><E19/><REACH who="1" ten="197,250,283,260" step="2"/><N who="2" m="12575" /><F100/><W13/><G119/><T46/><D78/><U111/><E111/><V71/><F71/><W38/><G117/><T40/><D40/><U89/><E89/><V68/><F68/><W63/><G38/><T49/><D58/><U9/><E9/><V32/><F93/><AGARI ba="0,1" hai="8,15,16,21,24,29,30,31,59,62,64,93,98,101" machi="93" ten="30,16000,3" yaku="1,1,7,1,25,2,8,1,52,1,54,1,53,1" doraHai="17" doraHaiUra="5" who="1" fromWho="2" sc="197,0,250,170,283,-160,260,0" />
</Scene>
<Scene>
<INIT seed="3,0,0,1,0,118" ten="197,420,123,260" oya="3" hai0="14,31,50,96,105,52,62,38,19,57,51,24,66" hai1="93,75,73,104,36,1,28,2,58,69,84,47,11" hai2="102,9,80,64,115,125,99,123,43,46,5,72,120" hai3="32,15,3,26,30,106,29,74,103,17,25,39,27"/><W63/><G39/><T108/><D108/><U94/><E69/><V133/><F115/><W85/><G74/><T78/><D38/><U67/><E104/><V97/><F64/><W6/><G63/><T101/><D78/><U127/><E28/><N who="3" m="10858" /><G85/><T76/><D76/><U18/><E127/><V37/><F125/><W60/><G60/><T117/><D117/><U107/><E107/><V65/><F65/><W61/><G61/><T81/><D81/><U8/><E67/><V110/><F110/><W45/><G45/><T22/><REACH who="0" step="1"/><D66/><REACH who="0" ten="187,420,123,260" step="2"/><U13/><E36/><V132/><F80/><W135/><G135/><N who="2" m="51785" /><F72/><W114/><G114/><T131/><D131/><U10/><E73/><V111/><F111/><W48/><G106/><T126/><D126/><U34/><E75/><V56/><F56/><W129/><G129/><T55/><D55/><U116/><E58/><V70/><F70/><W7/><G48/><T87/><D87/><U49/><E84/><V53/><F53/><W92/><G92/><T82/><D82/><U4/><E116/><V90/><F90/><W16/><G103/><T54/><D54/><U121/><E94/><N who="2" m="58679" /><F99/><W12/><G32/><AGARI ba="0,1" hai="14,19,22,24,31,32,50,51,52,57,62,96,101,105" machi="32" ten="30,7700,0" yaku="1,1,7,1,54,1,53,1" doraHai="118" doraHaiUra="23" who="0" fromWho="3" sc="187,87,420,0,123,0,260,-77" />
</Scene>
<Scene>
<INIT seed="4,0,0,1,0,11" ten="274,420,123,183" oya="0" hai0="95,71,69,93,0,99,132,78,12,57,86,28,122" hai1="123,91,121,103,4,128,29,134,33,135,101,126,62" hai2="100,119,32,52,37,129,15,55,105,44,107,88,49" hai3="26,2,35,87,77,125,46,98,115,79,118,53,109"/><T94/><D0/><U104/><E4/><V45/><F32/><W89/><G46/><T51/><D122/><N who="1" m="46603" /><E62/><V102/><F119/><W3/><G53/><N who="0" m="31935" /><D71/><U80/><E29/><V76/><F76/><W42/><G89/><T112/><D69/><U31/><E31/><V25/><F37/><W73/><G87/><T48/><D112/><U21/><E21/><V63/><F63/><W23/><G79/><T108/><D132/><N who="1" m="50731" /><E33/><V8/><F8/><W16/><G23/><T27/><D108/><U54/><E54/><V90/><F49/><W116/><G26/><T85/><D48/><U24/><E24/><V61/><F61/><W22/><G35/><T81/><D86/><N who="1" m="50631" /><E128/><V30/><F25/><W47/><G3/><T36/><D36/><U50/><E50/><V97/><F30/><W38/><G22/><N who="0" m="15479" /><D12/><U111/><E111/><V113/><F129/><W117/><G2/><T18/><D18/><U39/><E39/><V56/><F56/><W133/><G38/><T114/><D114/><U127/><E104/><V74/><F113/><W59/><G109/><T70/><D70/><U6/><E6/><V41/><F15/><W20/><G115/><T68/><D68/><U13/><E13/><V84/><F41/><W60/><G133/><T96/><AGARI ba="0,0" hai="78,81,85,93,94,95,96,99" m="15479,31935" machi="96" ten="30,1500,0" yaku="8,1" doraHai="11" who="0" fromWho="0" sc="274,15,420,-5,123,-5,183,-5" />
</Scene>
<Scene>
<INIT seed="4,1,0,4,0,83" ten="289,415,118,178" oya="0" hai0="55,44,99,105,71,52,9,50,97,17,39,72,65" hai1="14,47,13,100,57,90,74,6,95,91,135,108,40" hai2="42,102,69,62,18,75,88,58,127,128,29,121,15" hai3="78,84,101,34,96,119,98,30,11,56,24,87,109"/><T110/><D72/><U16/><E108/><V10/><F75/><W68/><G119/><T130/><D110/><U89/><E74/><V27/><F69/><W19/><G109/><T129/><D39/><U82/><E135/><V114/><F121/><W113/><G113/><T43/><D65/><U31/><E31/><V133/><F133/><W25/><G68/><T64/><D64/><U60/><E6/><V61/><F114/><W32/><G56/><T66/><D66/><N who="1" m="39183" /><E82/><V3/><F3/><W111/><G78/><T125/><D125/><U23/><E14/><V132/><F132/><W38/><G38/><T5/><D17/><U8/><E23/><N who="2" m="15615" /><F127/><W67/><G67/><T33/><D33/><U80/><E80/><V81/><F128/><N who="0" m="49258" /><D71/><U134/><E134/><V117/><F117/><W77/><G77/><T28/><D28/><U107/><E107/><V92/><F42/><W120/><G111/><T112/><D112/><U76/><E76/><V36/><F58/><W131/><G131/><T46/><D105/><U115/><E115/><V124/><F36/><W79/><G79/><T59/><D55/><U37/><E37/><V116/><F116/><W1/><G120/><T86/><D46/><U7/><E7/><V12/><F12/><W122/><G122/><T2/><D59/><U0/><E0/><V41/><F41/><W20/><G1/><T48/><D43/><U45/><E40/><V21/><F124/><W54/><G34/><T104/><D104/><U53/><E53/><V106/><F106/><W51/><G32/><T73/><D73/><U85/><E47/><RYUUKYOKU ba="1,0" sc="289,0,415,0,118,0,178,0" />
</Scene>
<Scene>
<INIT seed="5,2,0,3,0,74" ten="289,415,118,178" oya="1" hai0="35,11,33,112,128,38,123,122,131,47,26,84,39" hai1="56,14,115,16,64,135,82,28,91,75,80,108,9" hai2="1,104,89,118,46,103,37,110,19,124,114,113,111" hai3="50,81,42,94,12,90,8,83,72,127,93,62,61"/><U18/><E115/><N who="2" m="44043" /><F1/><W53/><G127/><T6/><D84/><U2/><E2/><V66/><F118/><W25/><G42/><N who="0" m="22999" /><D39/><U23/><E135/><V98/><F66/><W117/><G117/><T3/><D112/><U21/><E108/><N who="2" m="41515" /><F19/><N who="3" m="8583" /><G25/><T76/><D76/><U70/><E70/><V105/><F46/><N who="3" m="27863" /><G72/><T68/><D68/><U60/><E75/><V71/><F37/><W86/><G83/><T34/><D26/><N who="1" m="16479" /><E91/><V49/><F49/><W13/><G13/><AGARI ba="2,0" hai="9,13,14,16,18,21,56,60,64,80,82" m="16479" machi="13" ten="30,2900,0" yaku="8,1,54,1" doraHai="74" who="1" fromWho="3" sc="289,0,415,35,118,0,178,-35" />
</Scene>
<Scene>
<INIT seed="5,3,0,1,5,86" ten="289,450,118,143" oya="1" hai0="100,61,125,31,76,22,99,9,27,44,85,83,5" hai1="29,84,8,42,89,69,90,101,126,43,53,106,11" hai2="119,132,40,130,18,128,4,25,20,56,3,7,48" hai3="64,93,122,71,17,72,13,77,67,47,54,1,113"/><U28/><E69/><V51/><F119/><W123/><G1/><T30/><D125/><U107/><E84/><V23/><F40/><W79/><G113/><T26/><D44/><U50/><E50/><N who="2" m="18987" /><F56/><W133/><G133/><T63/><D27/><U118/><E101/><V52/><F132/><W10/><G122/><T78/><D31/><U57/><E57/><V24/><F3/><W98/><G123/><T41/><D78/><N who="3" m="29705" /><G71/><T39/><D39/><U103/><E103/><V109/><F109/><W115/><G115/><T120/><D41/><U75/><E53/><V59/><F128/><W124/><G124/><T87/><D87/><U108/><E126/><V2/><F2/><W129/><G72/><T135/><D135/><U49/><E49/><N who="2" m="31119" /><F130/><W38/><G38/><T14/><D120/><U46/><E75/><V114/><F114/><W81/><G129/><T127/><D127/><U0/><E0/><V35/><F35/><W37/><G37/><T32/><D32/><U92/><E118/><V110/><F110/><W60/><G47/><T104/><AGARI ba="3,0" hai="5,9,14,22,26,30,61,63,76,83,85,99,100,104" machi="104" ten="20,1500,0" yaku="0,1,7,1" doraHai="86" who="0" fromWho="0" sc="289,24,450,-10,118,-7,143,-7" />
</Scene>
<Scene>
<INIT seed="6,0,0,5,5,23" ten="313,440,111,136" oya="2" hai0="54,91,3,56,116,65,14,108,111,104,8,121,135" hai1="30,44,124,6,31,57,25,42,40,28,101,21,32" hai2="15,48,134,113,19,68,33,127,115,70,110,39,81" hai3="72,16,109,47,10,107,27,123,36,130,83,99,26"/><V89/><F39/><W100/><G123/><T0/><D104/><U50/><E124/><V18/><F127/><W74/><G109/><T2/><D121/><U105/><E32/><V38/><F38/><W71/><G71/><T69/><D135/><U84/><E105/><V112/><F134/><W97/><G130/><T128/><D128/><U58/><E101/><V80/><F33/><W66/><G66/><T24/><D116/><U46/><E6/><V88/><F48/><W102/><G83/><N who="2" m="31817" /><F110/><W11/><G36/><T7/><D65/><U75/><E75/><V63/><F63/><W45/><REACH who="3" step="1"/><G107/><REACH who="3" ten="313,440,111,126" step="2"/><T52/><D69/><N who="2" m="26730" /><F19/><AGARI ba="0,1" hai="10,11,16,19,26,27,45,47,72,74,97,99,100,102" machi="19" ten="25,12000,2" yaku="1,1,22,2,52,2,54,1,53,0" doraHai="23" doraHaiUra="51" who="3" fromWho="2" sc="313,0,440,0,111,-120,126,130" owari="313,11.0,440,54.0,-9,-51.0,256,-14.0" />
</Scene>
</mjloggm>