<mjloggm ver="2.3"><GO type="169" lobby="0"/><UN n0="%E5%A4%AA%E3%81%8F%E3%81%AA%E3%81%84%E3%81%8A" n1="%65%6E%6B%61%69%73%6D" n2="%7A%6B%75%72%74" n3="%E6%A4%8D%E9%87%8E" dan="18,16,18,17" rate="2233.80,2076.83,2238.11,2140.98" sx="M,M,M,M"/><TAIKYOKU oya="0"/>

<Scene>
<INIT seed="0,0,0,5,4,99" ten="250,250,250,250" oya="0" hai0="46,120,74,72,62,16,94,44,68,101,7,23,31" hai1="6,34,61,107,47,52,123,5,75,77,67,70,102" hai2="122,24,25,71,60,113,28,125,96,21,10,84,54" hai3="112,93,39,76,114,89,103,51,108,129,4,48,65"/><T106/><D106/><U22/><E123/><V127/><F122/><W43/><G39/><T53/><D120/><U26/><E75/><V0/><F113/><W90/><G76/><T66/><D31/><N who="1" m="19831" /><E22/><V20/><F84/><W12/><G65/><T81/><D7/><U100/><E77/><V14/><F0/><W32/><G32/><T132/><D132/><U85/><E100/><V97/><F71/><W37/><G37/><T86/><D72/><U63/><E85/><V124/><F60/><W27/><G27/><T13/><D74/><U56/><E47/><V92/><F54/><W33/><G33/><T133/><D133/><U29/><E29/><N who="2" m="17543" /><F92/><W121/><G121/><T117/><D117/><U1/><E1/><V128/><F128/><W3/><G3/><T126/><D53/><U69/><E69/><V49/><F49/><W15/><G93/><T58/><D68/><U88/><E88/><V115/><F115/><W91/><G91/><N who="0" m="51663" /><D126/><U11/><E11/><V116/><F116/><W78/><G78/><T109/><D109/><U130/><E130/><V2/><F2/><W131/><G108/><T41/><D41/><U135/><E135/><V9/><F9/><W73/><G73/><T110/><D110/><U105/><E105/><V55/><F55/><W95/><G95/><T38/><D38/><U40/><E40/><V82/><F82/><W42/><G4/><AGARI ba="0,0" hai="4,10,14,21,25,28,96,97,124,125,127" m="17543" machi="4" ten="30,1000,0" yaku="18,1" doraHai="99" who="2" fromWho="3" sc="250,0,250,0,250,10,250,-10" />
</Scene>
<Scene>
<INIT seed="1,0,0,1,0,97" ten="250,250,260,240" oya="1" hai0="53,10,102,52,4,65,11,110,83,19,32,134,15" hai1="43,91,132,128,21,17,127,75,16,89,98,12,42" hai2="108,79,40,93,7,28,77,107,69,6,115,57,131" hai3="76,90,87,51,100,70,47,103,72,135,80,38,118"/><U50/><E75/><V39/><F107/><W117/><G70/><T123/><D32/><U125/><E132/><V61/><F69/><W116/><G38/><T73/><D134/><U37/><E37/><V84/><F115/><W44/><G135/><T66/><D110/><U2/><E2/><V58/><F108/><W113/><G113/><T96/><D123/><U30/><E30/><V27/><F131/><W0/><G0/><T46/><D73/><U55/><E128/><V3/><F3/><W48/><G48/><T35/><D35/><U111/><E111/><V88/><F40/><N who="1" m="15401" /><E17/><V104/><F104/><W23/><G23/><T95/><D83/><U126/><E98/><V99/><F39/><W24/><G24/><T36/><D36/><U81/><E81/><V114/><F114/><W124/><G124/><N who="1" m="31746" /><U85/><DORA hai="26" /><E85/><V9/><F9/><W94/><REACH who="3" step="1"/><G47/><AGARI ba="0,0" hai="12,16,21,47,50,55,89,91" m="31746,15401" machi="47" ten="40,3900,0" yaku="18,1,54,1" doraHai="97,26" who="1" fromWho="3" sc="250,0,250,39,260,0,240,-39" />
</Scene>
<Scene>
<INIT seed="1,1,0,4,3,0" ten="250,289,260,201" oya="1" hai0="62,54,115,50,16,51,84,126,132,3,11,87,25" hai1="122,41,8,39,113,117,75,102,66,118,14,27,38" hai2="53,7,22,135,79,70,88,83,68,86,93,105,73" hai3="71,77,1,63,124,130,125,100,92,91,106,120,89"/><U103/><E113/><V2/><F135/><W34/><G120/><T31/><D115/><U26/><E122/><V61/><F105/><W60/><G130/><T128/><D128/><U133/><E75/><V110/><F110/><W19/><G34/><T114/><D114/><U90/><E66/><V104/><F104/><W35/><G35/><T52/><D132/><U49/><E133/><V123/><F123/><W85/><G77/><T43/><D43/><U9/><E41/><V112/><F112/><W37/><G37/><T65/><D126/><N who="3" m="48745" /><G1/><T21/><D3/><U4/><E49/><N who="0" m="18441" /><D65/><U44/><E44/><V36/><F36/><W96/><G71/><T33/><D33/><U134/><E134/><V129/><F129/><W98/><G19/><T24/><D24/><U101/><E90/><V23/><F70/><W107/><G107/><T64/><D64/><U82/><E82/><AGARI ba="1,0" hai="60,63,82,85,89,91,92,96,98,100,106" m="48745" machi="82" ten="30,1000,0" yaku="18,1" doraHai="0" who="3" fromWho="1" sc="250,0,289,-13,260,0,201,13" />
</Scene>
<Scene>
<INIT seed="2,0,0,5,5,127" ten="250,276,260,214" oya="2" hai0="89,81,36,41,4,57,46,122,60,90,58,95,86" hai1="27,107,103,34,0,33,43,31,23,88,131,53,116" hai2="114,28,59,13,129,124,134,109,115,69,75,61,44" hai3="130,73,71,68,64,45,32,18,22,93,104,63,85"/><V35/><F75/><W19/><G104/><T51/><D122/><U8/><E43/><V25/><F69/><W52/><G32/><T55/><D4/><U77/><E77/><V84/><F124/><W66/><G130/><T70/><D70/><U21/><E116/><V56/><F134/><W102/><G73/><T121/><D121/><U98/><E131/><V24/><F129/><W101/><G71/><T105/><D105/><U87/><E34/><V80/><F25/><W14/><G101/><T125/><D125/><U38/><E38/><V50/><F13/><W17/><G66/><T49/><REACH who="0" step="1"/><D57/><REACH who="0" ten="240,276,260,214" step="2"/><U47/><E0/><V94/><F56/><W113/><G68/><T15/><D15/><U30/><E8/><V91/><F109/><W16/><G113/><T78/><D78/><U96/><E27/><V92/><F114/><W48/><G64/><T74/><D74/><U6/><E6/><V128/><F115/><W111/><G111/><T39/><D39/><U120/><E107/><V108/><F108/><W117/><G117/><T123/><D123/><U10/><E10/><V126/><F128/><W76/><G63/><T135/><D135/><U54/><E120/><V72/><F72/><W97/><G76/><T106/><D106/><U62/><E62/><V9/><F126/><W7/><G7/><T11/><D11/><U29/><E33/><V112/><F9/><W82/><G82/><T83/><D83/><N who="1" m="49279" /><E21/><V12/><F112/><W133/><G133/><T40/><D40/><U99/><E23/><V5/><F5/><W110/><G110/><T2/><D2/><RYUUKYOKU ba="0,1" sc="240,15,276,-15,260,-15,214,15" hai0="36,41,46,49,51,55,58,60,81,86,89,90,95" hai3="14,16,17,18,19,22,45,48,52,85,93,97,102" />
</Scene>
<Scene>
<INIT seed="3,1,1,0,1,108" ten="255,261,245,229" oya="3" hai0="62,17,75,42,102,98,81,70,30,46,88,117,130" hai1="79,52,21,132,51,22,129,44,85,4,107,28,65" hai2="9,99,135,48,37,60,67,34,61,69,15,55,29" hai3="77,1,119,32,72,125,83,56,111,11,112,25,40"/><W53/><G119/><T71/><D117/><U59/><E107/><V104/><F37/><W38/><G112/><T113/><D30/><U115/><E115/><V114/><F114/><W86/><G111/><T14/><D113/><U54/><E132/><V35/><F135/><W109/><G109/><T68/><D130/><U94/><E129/><V133/><F60/><W95/><G125/><T84/><D75/><U105/><E105/><V110/><F110/><W134/><G134/><T106/><D62/><N who="1" m="36199" /><E4/><V92/><F104/><W0/><G32/><T2/><D2/><U20/><E65/><V8/><F133/><W103/><G25/><T41/><REACH who="0" step="1"/><D46/><REACH who="0" ten="245,261,245,229" step="2"/><U12/><E28/><V82/><F29/><W120/><G1/><T47/><D47/><U33/><E33/><V101/><F35/><W91/><G0/><T126/><D126/><U116/><E116/><V80/><F34/><W76/><G72/><T89/><D89/><N who="1" m="53551" /><E79/><V16/><F9/><AGARI ba="1,2" hai="9,14,17,41,42,68,70,71,81,84,88,98,102,106" machi="9" ten="40,2600,0" yaku="1,1,54,1,53,0" doraHai="108" doraHaiUra="43" who="0" fromWho="2" sc="245,49,261,0,245,-29,229,0" />
</Scene>
<Scene>
<INIT seed="4,0,0,3,4,35" ten="294,261,216,229" oya="0" hai0="107,52,12,21,134,118,82,128,97,26,49,106,81" hai1="39,103,66,114,72,20,100,15,14,96,24,38,41" hai2="7,37,54,58,90,125,87,86,29,75,73,48,18" hai3="67,129,62,33,57,43,83,47,101,98,88,120,55"/><T63/><D118/><U0/><E0/><V65/><F37/><W119/><G119/><T53/><D134/><U27/><E72/><V61/><F125/><W121/><G33/><T11/><D128/><U31/><E66/><V10/><F29/><W130/><G67/><T64/><D107/><U109/><E109/><V6/><F86/><N who="3" m="50271" /><G98/><T84/><D106/><U2/><E2/><V127/><F127/><W78/><G78/><T60/><D97/><U76/><E76/><V36/><F36/><N who="3" m="21991" /><G101/><T40/><D40/><U74/><E41/><V110/><F110/><W51/><G62/><N who="0" m="23595" /><D64/><U30/><E96/><V3/><F6/><W17/><G17/><N who="0" m="12591" /><D49/><U131/><E131/><AGARI ba="0,0" hai="51,55,57,120,121,129,130,131" m="21991,50271" machi="131" ten="30,2000,0" yaku="19,1,54,1" doraHai="35" who="3" fromWho="1" sc="294,0,261,-20,216,0,229,20" />
</Scene>
<Scene>
<INIT seed="5,0,0,0,4,106" ten="294,241,216,249" oya="1" hai0="76,92,71,48,120,21,121,125,61,52,8,25,94" hai1="127,23,98,70,86,75,130,97,46,9,42,89,133" hai2="20,117,18,38,10,40,54,87,67,36,109,45,56" hai3="99,68,115,80,105,135,62,27,102,123,112,66,65"/><U41/><E70/><V95/><F109/><W15/><G123/><N who="0" m="47179" /><D125/><U22/><E127/><V47/><F117/><W110/><G110/><T12/><D76/><U96/><E133/><V32/><F32/><W81/><G135/><T59/><D71/><U101/><E75/><V83/><F67/><W132/><G66/><N who="0" m="39231" /><D12/><U88/><E130/><V122/><F122/><W90/><G132/><T103/><D8/><U57/><E9/><V6/><F95/><W3/><G3/><T13/><D13/><U16/><E101/><V119/><F119/><W124/><G124/><T72/><D103/><U60/><E23/><V7/><F10/><W64/><G64/><T35/><D72/><U82/><E46/><V55/><F45/><W24/><G15/><T126/><D35/><U79/><E89/><V31/><F38/><W53/><G53/><T17/><D126/><U4/><E4/><V78/><F54/><W85/><REACH who="3" step="1"/><G81/><REACH who="3" ten="294,241,216,239" step="2"/><T107/><D107/><U11/><E11/><V93/><F6/><W114/><AGARI ba="0,1" hai="24,27,62,65,68,80,85,90,99,102,105,112,114,115" machi="114" ten="30,7900,0" yaku="1,1,2,1,0,1,15,1,53,0" doraHai="106" doraHaiUra="39" who="3" fromWho="3" sc="294,-20,241,-39,216,-20,239,89" />
</Scene>
<Scene>
<INIT seed="6,0,0,5,0,12" ten="274,202,196,328" oya="2" hai0="96,42,76,98,101,25,85,111,43,130,134,132,124" hai1="118,66,46,107,100,27,94,83,28,88,109,21,102" hai2="2,84,68,129,93,133,52,97,54,57,120,29,61" hai3="82,1,78,114,65,33,69,19,48,122,59,60,135"/><V17/><F2/><W24/><G122/><T8/><D111/><U126/><E109/><V128/><F120/><W106/><G106/><T38/><D38/><U30/><E126/><V70/><F29/><W99/><G1/><T9/><D124/><U36/><E118/><V35/><F35/><W123/><G123/><T40/><D130/><N who="2" m="50282" /><F84/><W20/><G135/><N who="0" m="51755" /><D25/><U89/><E30/><V87/><F87/><N who="3" m="48599" /><G33/><T104/><D96/><U18/><E28/><V49/><F133/><W81/><G69/><T115/><D115/><U75/><E75/><V92/><F92/><W47/><G114/><T95/><D95/><U5/><E107/><V22/><F93/><W51/><G99/><T39/><D39/><U26/><E36/><V112/><F97/><W50/><G81/><AGARI ba="0,0" hai="8,9,40,42,43,76,81,85,98,101,104" m="51755" machi="81" ten="30,1000,0" yaku="20,1" doraHai="12" who="0" fromWho="3" sc="274,10,202,0,196,0,328,-10" />
</Scene>
<Scene>
<INIT seed="7,0,0,3,5,3" ten="284,202,196,318" oya="3" hai0="134,77,118,98,121,24,90,89,16,0,66,75,46" hai1="83,59,26,39,48,52,120,113,30,31,72,58,60" hai2="74,38,95,5,105,104,129,133,49,43,1,108,35" hai3="79,9,19,13,101,115,56,40,127,82,63,17,54"/><W76/><G115/><T116/><D0/><U36/><E113/><V80/><F108/><W111/><G111/><T125/><D66/><U64/><E120/><V15/><F35/><W110/><G110/><T42/><D121/><U55/><E31/><V53/><F15/><N who="3" m="7407" /><G127/><T84/><D75/><U65/><E39/><V37/><F37/><W67/><G40/><T128/><D125/><U131/><E131/><V102/><F129/><W126/><G126/><T14/><D128/><U122/><E36/><V7/><F133/><W99/><G82/><T2/><D2/><U132/><E132/><V12/><F1/><W92/><G54/><T69/><D69/><U103/><E103/><V47/><F104/><W117/><G117/><T34/><D134/><U70/><E122/><V25/><F105/><W71/><G71/><T57/><D34/><U124/><E124/><V50/><F38/><W87/><G87/><T97/><D84/><U22/><E70/><V91/><F25/><W88/><G101/><T81/><D42/><U4/><E4/><V106/><F106/><W20/><AGARI ba="0,0" hai="13,19,20,56,63,67,76,79,88,92,99" m="7407" machi="20" ten="30,3000,0" yaku="8,1,54,1" doraHai="3" who="3" fromWho="3" sc="284,-10,202,-10,196,-10,318,30" owari="274,7.0,192,-21.0,186,-31.0,348,45.0" />
</Scene>
</mjloggm>