<mjloggm ver="2.3"><GO type="169" lobby="0"/><UN n0="%E3%82%AF%E3%83%A9" n1="%E5%86%A5%E5%9C%9F%E3%81%AE%E3%83%AF%E3%83%8B%E8%94%B5" n2="%E9%96%A2%E4%B8%83%E6%B5%B7" n3="%E5%A4%AA%E3%81%8F%E3%81%AA%E3%81%84%E3%81%8A" dan="17,18,16,17" rate="2157.19,2211.53,2159.59,2193.27" sx="M,M,M,F"/><TAIKYOKU oya="0"/>

<Scene>
<INIT seed="0,0,0,1,0,54" ten="250,250,250,250" oya="0" hai0="119,117,91,77,16,36,115,113,134,103,74,118,23" hai1="52,4,47,102,69,94,24,49,124,122,99,105,1" hai2="106,84,120,75,131,126,62,96,33,133,111,55,31" hai3="40,17,128,88,78,116,79,64,80,14,50,53,38"/><T98/><D36/><U83/><E122/><V57/><F120/><W21/><G116/><T22/><D134/><U8/><E124/><V66/><F75/><W104/><G104/><T100/><D23/><U81/><E69/><V82/><F111/><W56/><G128/><T71/><D71/><U129/><E129/><V114/><F126/><W37/><G64/><T97/><D77/><U51/><E105/><V7/><F114/><W42/><G38/><T35/><D35/><U90/><E102/><V108/><F108/><W27/><G37/><T2/><D2/><U13/><E1/><V46/><F7/><W87/><G27/><T34/><D74/><U127/><E127/><V11/><F11/><W32/><G32/><T93/><D34/><U44/><REACH who="1" step="1"/><E24/><REACH who="1" ten="250,240,250,250" step="2"/><V132/><F131/><W0/><G0/><T59/><D103/><U25/><E25/><V39/><F132/><W20/><G20/><T65/><D115/><U85/><E85/><V135/><F133/><W130/><G130/><T6/><D113/><U73/><E73/><V5/><F135/><W68/><G68/><T121/><D121/><U110/><E110/><V29/><F106/><W28/><G28/><T107/><D119/><U19/><E19/><V101/><F31/><W95/><G78/><T41/><D6/><U30/><E30/><V63/><F5/><W3/><G3/><T92/><D107/><U123/><E123/><V76/><F29/><W43/><G79/><T48/><D118/><U86/><E86/><V112/><F112/><W70/><G70/><T18/><D117/><U9/><E9/><RYUUKYOKU ba="0,1" sc="250,-15,240,15,250,-15,250,15" hai1="4,8,13,44,47,49,51,52,81,83,90,94,99" hai3="14,17,21,40,42,43,50,53,56,80,87,88,95" />
</Scene>
<Scene>
<INIT seed="1,1,1,4,5,13" ten="235,255,235,265" oya="1" hai0="9,65,52,98,2,124,47,123,131,36,35,12,48" hai1="59,8,42,41,70,106,63,57,67,84,113,85,38" hai2="110,76,5,119,43,128,10,126,102,0,37,108,122" hai3="29,133,4,31,3,40,111,19,73,20,60,92,11"/><U55/><E106/><V39/><F119/><W21/><G73/><T94/><D2/><U114/><E84/><V135/><F122/><W30/><G40/><T97/><D36/><U121/><E121/><V109/><F126/><W49/><G49/><T58/><D124/><U26/><E85/><V1/><F128/><W75/><G75/><T16/><D35/><U80/><E80/><V82/><F135/><W125/><G125/><T25/><D131/><U74/><E74/><N who="2" m="43287" /><F102/><W24/><G133/><T134/><D134/><U53/><E26/><V117/><F1/><W99/><G111/><T87/><D25/><U46/><E42/><V33/><F33/><W51/><G51/><N who="0" m="31007" /><D65/><U62/><E8/><V118/><F39/><W130/><G60/><AGARI ba="1,1" hai="38,41,46,53,55,57,59,60,62,63,67,70,113,114" machi="60" ten="30,12000,1" yaku="7,1,9,1,34,3" doraHai="13" who="1" fromWho="3" sc="235,0,255,133,235,0,265,-123" />
</Scene>
<Scene>
<INIT seed="1,2,0,1,5,9" ten="235,388,235,142" oya="1" hai0="31,23,26,36,44,107,56,24,3,7,116,109,87" hai1="59,85,101,69,33,115,42,99,93,66,132,122,34" hai2="90,94,82,80,19,52,124,96,20,123,15,41,133" hai3="106,25,98,13,16,63,8,37,83,104,91,88,43"/><U54/><E122/><V55/><F124/><W68/><G37/><T76/><D116/><U6/><E115/><V64/><F133/><W39/><G39/><T50/><D109/><U119/><E119/><V108/><F108/><W62/><G43/><T21/><D107/><U70/><E42/><V97/><F123/><W84/><G68/><T28/><D36/><U48/><E132/><V134/><F134/><W129/><G129/><T92/><D56/><U46/><E6/><V11/><F41/><W45/><G45/><T118/><D118/><U71/><E66/><V18/><F96/><W0/><G0/><T135/><D135/><U81/><REACH who="1" step="1"/><E46/><REACH who="1" ten="235,378,235,142" step="2"/><V77/><F64/><W58/><G25/><T1/><D7/><U126/><E126/><V67/><F67/><W78/><G63/><T10/><D44/><U89/><AGARI ba="2,1" hai="33,34,48,54,59,69,70,71,81,85,89,93,99,101" machi="89" ten="30,3000,0" yaku="1,1,0,1,53,0" doraHai="9" doraHaiUra="22" who="1" fromWho="1" sc="235,-12,378,46,235,-12,142,-12" />
</Scene>
<Scene>
<INIT seed="1,3,0,5,4,111" ten="223,424,223,130" oya="1" hai0="44,66,74,96,40,12,134,19,106,5,97,80,117" hai1="8,72,47,70,21,126,123,122,36,110,105,6,49" hai2="56,130,37,81,129,4,38,121,27,115,16,116,68" hai3="57,58,33,86,55,127,94,82,13,120,102,73,23"/><U2/><E105/><V124/><F68/><W69/><G69/><T46/><D5/><U53/><E70/><V78/><F121/><W31/><G120/><T26/><D66/><U20/><E72/><V89/><F116/><W113/><G127/><T48/><D134/><U25/><E126/><V30/><F124/><W65/><G73/><T83/><D117/><U14/><E110/><V71/><F71/><W28/><G33/><T54/><D26/><U76/><E76/><V135/><F135/><W17/><G113/><T64/><D64/><U29/><E36/><V11/><F89/><W99/><G65/><T107/><D107/><U101/><E101/><V45/><F56/><W85/><G58/><T34/><D34/><U52/><E53/><V61/><F61/><W1/><G1/><T42/><D54/><U50/><E50/><V128/><F115/><W98/><G98/><T114/><D114/><U92/><E92/><V95/><F95/><W103/><G103/><T77/><D83/><U24/><E2/><N who="2" m="407" /><F45/><W109/><G109/><T100/><D100/><U112/><REACH who="1" step="1"/><E112/><REACH who="1" ten="223,414,223,130" step="2"/><V104/><F104/><W79/><REACH who="3" step="1"/><G86/><REACH who="3" ten="223,414,223,120" step="2"/><T39/><REACH who="0" step="1"/><D106/><REACH who="0" ten="213,414,223,120" step="2"/><U35/><E35/><N who="2" m="20959" /><F128/><W3/><G3/><T0/><D0/><U32/><E32/><V119/><F129/><W18/><G18/><AGARI ba="3,3" hai="6,8,14,18,20,21,24,25,29,47,49,52,122,123" machi="18" ten="30,11600,0" yaku="1,1,7,1,54,1,53,1" doraHai="111" doraHaiUra="10" who="1" fromWho="3" sc="213,0,414,155,223,0,120,-125" owari="213,-19.0,569,68.0,223,2.0,-5,-51.0" />
</Scene>
</mjloggm>