<mjloggm ver="2.3"><GO type="169" lobby="0"/><UN n0="%41%71%75%CE%B1%72%69%75%73" n1="%EF%BC%88%EF%BC%BE%E2%88%80%EF%BC%BE%EF%BC%89" n2="%E5%A4%AA%E3%81%8F%E3%81%AA%E3%81%84%E3%81%8A" n3="%E4%B8%89%E8%89%B2%E5%90%8C%E5%88%BB%E2%98%86" dan="16,16,17,17" rate="2086.22,2041.92,2162.31,2160.91" sx="M,M,M,M"/><TAIKYOKU oya="0"/>

<Scene>
<INIT seed="0,0,0,5,4,120" ten="250,250,250,250" oya="0" hai0="8,134,5,132,28,135,22,54,59,118,99,12,19" hai1="128,72,104,36,30,6,117,23,58,88,70,33,107" hai2="80,7,43,133,37,46,52,119,63,73,0,96,10" hai3="51,55,110,31,91,106,56,71,41,32,101,13,109"/><T45/><D118/><U100/><E72/><V114/><F114/><W47/><G71/><T1/><D45/><U81/><E70/><V60/><F119/><W103/><G91/><T84/><D99/><U50/><E36/><V34/><F34/><W61/><G106/><T105/><D105/><U74/><E33/><V48/><F133/><W122/><G122/><T125/><D125/><U94/><E6/><V87/><F96/><W44/><G13/><T78/><D28/><U127/><E100/><V92/><F92/><W11/><G11/><T75/><D75/><U20/><E127/><V116/><F116/><W111/><G47/><T115/><D115/><U26/><E117/><V90/><REACH who="2" step="1"/><F73/><REACH who="2" ten="250,250,240,250" step="2"/><W53/><REACH who="3" step="1"/><G41/><REACH who="3" ten="250,250,240,240" step="2"/><T108/><D135/><U15/><E107/><V77/><F77/><W129/><G129/><T102/><D134/><U9/><E104/><V2/><F2/><W21/><G21/><T121/><D132/><U82/><E23/><V113/><F113/><W49/><G49/><T76/><D76/><U66/><E128/><V67/><F67/><W83/><G83/><T57/><D78/><U68/><E50/><V64/><F64/><W14/><G14/><T42/><D12/><U18/><E81/><V126/><F126/><W39/><G39/><T93/><D1/><U40/><E82/><V123/><F123/><W24/><AGARI ba="0,2" hai="24,31,32,44,51,53,55,56,61,101,103,109,110,111" machi="24" ten="40,12000,2" yaku="1,1,0,1,14,1,52,3,53,0" doraHai="120" doraHaiUra="89" who="3" fromWho="3" sc="250,-60,250,-30,240,-30,240,140" />
</Scene>
<Scene>
<INIT seed="1,0,0,2,3,114" ten="190,220,210,380" oya="1" hai0="40,22,98,30,85,71,48,42,129,125,94,17,128" hai1="63,21,25,36,110,127,79,59,23,64,100,106,92" hai2="24,39,101,99,117,47,104,12,27,66,57,121,131" hai3="107,133,3,46,6,31,93,60,97,56,35,123,103"/><U8/><E106/><V105/><F121/><W113/><G113/><T87/><D71/><U53/><E36/><V77/><F131/><N who="0" m="50250" /><D30/><U74/><E127/><V116/><F104/><W45/><G123/><T16/><D125/><U29/><E110/><V119/><F77/><W134/><G107/><T4/><D4/><U43/><E43/><N who="0" m="16425" /><D48/><U10/><E23/><V80/><F39/><W89/><G103/><N who="0" m="60887" /><D17/><U111/><E111/><V1/><F1/><W70/><G70/><T18/><D18/><U109/><E109/><V96/><F96/><W81/><G6/><T7/><D7/><U11/><E74/><V102/><F102/><W84/><G3/><T50/><D50/><U5/><E79/><V118/><F47/><W115/><G115/><T75/><D75/><U122/><E122/><V68/><F68/><W14/><G31/><T38/><D38/><U2/><REACH who="1" step="1"/><E53/><REACH who="1" ten="190,210,210,380" step="2"/><V69/><F116/><W61/><G35/><T15/><AGARI ba="0,1" hai="15,16,22,85,87" m="60887,16425,50250" machi="15" ten="30,2000,0" yaku="19,1,54,1" doraHai="114" who="0" fromWho="0" sc="190,30,210,-10,210,-5,380,-5" />
</Scene>
<Scene>
<INIT seed="2,0,0,1,5,123" ten="220,200,205,375" oya="2" hai0="9,108,59,65,106,45,28,96,60,6,50,112,117" hai1="83,118,35,94,132,128,89,73,0,115,44,33,134" hai2="43,102,110,32,61,16,1,91,81,52,12,24,18" hai3="3,76,105,41,47,38,126,82,31,10,22,27,114"/><V74/><F1/><W36/><G105/><T39/><D112/><U135/><E0/><V34/><F43/><W62/><G126/><T79/><D117/><U100/><E115/><V15/><F102/><W99/><G99/><T70/><D28/><U131/><E100/><V133/><F133/><N who="1" m="34049" /><U4/><DORA hai="30" /><E4/><V125/><F125/><W19/><G62/><T103/><D79/><N who="1" m="44527" /><E44/><V93/><F74/><N who="3" m="43287" /><G38/><T101/><D39/><U127/><E118/><V92/><F81/><W86/><G86/><T120/><D101/><U49/><E49/><V69/><F69/><W51/><G51/><T2/><D120/><U58/><E58/><V56/><F110/><W11/><G3/><T5/><D5/><U90/><E90/><V8/><F24/><W107/><G107/><T29/><D108/><U57/><E57/><V42/><F42/><W111/><G111/><T87/><D70/><U119/><E119/><V71/><F71/><W113/><G114/><T104/><D104/><U20/><E20/><V21/><F92/><W109/><G109/><T124/><D124/><U129/><E127/><V26/><F15/><N who="3" m="9599" /><G113/><T48/><D48/><U122/><E122/><V66/><F66/><W95/><G95/><T121/><D121/><U116/><E116/><V98/><AGARI ba="0,0" hai="8,12,16,18,21,26,32,34,52,56,61,91,93,98" machi="98" ten="20,24000,3" yaku="0,1,7,1,25,2,52,2,54,2" doraHai="123,30" who="2" fromWho="2" sc="220,-80,200,-80,205,240,375,-80" />
</Scene>
<Scene>
<INIT seed="2,1,0,4,2,17" ten="140,120,445,295" oya="2" hai0="87,112,132,133,108,26,103,30,28,82,70,8,119" hai1="11,115,86,116,20,69,131,80,113,22,42,3,43" hai2="77,58,76,32,84,114,124,91,18,9,39,2,5" hai3="6,85,7,93,135,128,78,125,81,41,96,73,19"/><V53/><F114/><W0/><G128/><T23/><D112/><U74/><E69/><V55/><F39/><W134/><G125/><T126/><D126/><U102/><E74/><V12/><F32/><W29/><G0/><T56/><D70/><U57/><E116/><V99/><F99/><W90/><G29/><N who="0" m="17631" /><D108/><U36/><E115/><V118/><F118/><W121/><G121/><T65/><D103/><U45/><E113/><V35/><F35/><W49/><G19/><T31/><D8/><U59/><E43/><V50/><F124/><W101/><G49/><T27/><D119/><U94/><E131/><V33/><F33/><W95/><REACH who="3" step="1"/><G41/><REACH who="3" ten="140,120,445,285" step="2"/><T75/><D31/><U109/><E109/><V120/><F120/><W40/><G40/><T4/><D30/><U46/><E3/><V37/><F37/><W72/><G72/><T44/><D75/><U14/><E36/><V107/><F2/><W24/><G24/><T79/><D27/><U127/><E127/><V117/><F117/><W106/><G106/><T129/><D28/><U60/><E42/><V98/><F18/><W97/><G97/><T15/><D129/><U104/><E104/><V64/><F98/><W123/><G123/><T62/><D4/><AGARI ba="1,1" hai="4,6,7,73,78,81,85,90,93,95,96,101,134,135" machi="4" ten="40,1300,0" yaku="1,1,53,0" doraHai="17" doraHaiUra="111" who="3" fromWho="0" sc="140,-16,120,0,445,0,285,26" />
</Scene>
<Scene>
<INIT seed="3,0,0,0,5,97" ten="124,120,445,311" oya="3" hai0="134,123,85,110,75,12,60,96,131,91,122,118,53" hai1="82,87,26,100,68,29,31,90,129,112,92,133,67" hai2="103,111,83,89,47,23,46,33,127,79,69,58,55" hai3="2,74,71,116,106,37,77,7,130,18,66,14,10"/><W121/><G116/><T93/><D118/><U80/><E112/><V36/><F33/><W1/><G121/><T34/><D34/><U95/><E129/><V78/><F69/><W3/><G37/><T109/><D12/><U94/><E133/><V86/><F111/><N who="0" m="42506" /><D134/><U119/><E119/><V117/><F117/><W9/><G130/><T41/><D41/><U115/><E115/><V57/><F127/><W8/><G106/><T113/><D113/><U61/><E82/><V42/><F47/><W98/><G77/><T43/><D43/><U27/><E31/><V49/><F58/><W39/><G74/><T128/><D75/><U108/><E108/><V35/><F35/><W125/><G39/><T59/><D128/><U4/><E4/><V132/><F132/><W65/><G125/><T45/><D131/><U107/><REACH who="1" step="1"/><E29/><REACH who="1" ten="124,110,445,311" step="2"/><V99/><REACH who="2" step="1"/><F23/><REACH who="2" ten="124,110,435,311" step="2"/><N who="3" m="11735" /><G7/><T104/><D123/><U70/><E70/><V84/><F84/><W15/><G71/><T72/><D72/><U38/><E38/><V22/><F22/><W114/><G114/><T20/><D20/><U19/><E19/><V5/><F5/><W21/><G21/><T16/><D16/><U102/><E102/><V64/><F64/><W76/><G66/><T63/><D122/><U0/><E0/><V32/><F32/><W44/><G65/><T48/><D85/><U25/><E25/><V50/><F50/><W11/><G2/><T105/><D63/><U51/><E51/><V120/><F120/><W81/><G3/><T101/><D101/><U73/><E73/><V54/><F54/><W28/><G1/><RYUUKYOKU ba="0,2" sc="124,10,110,10,435,10,311,-30" hai0="45,48,53,59,60,91,93,96,104,105" hai1="26,27,61,67,68,80,87,90,92,94,95,100,107" hai2="36,42,46,49,55,57,78,79,83,86,89,99,103" />
</Scene>
<Scene>
<INIT seed="4,1,2,1,5,123" ten="134,120,445,281" oya="0" hai0="59,37,106,50,120,119,72,94,40,70,67,27,18" hai1="31,24,74,38,11,28,32,5,130,8,93,35,0" hai2="29,79,88,85,44,15,30,101,4,96,41,22,127" hai3="125,20,65,42,26,57,21,48,133,64,90,122,135"/><T19/><D106/><U113/><E38/><V124/><F79/><W68/><G122/><T60/><D72/><U126/><E74/><V114/><F114/><W129/><G68/><T12/><D119/><U47/><E47/><V76/><F76/><W131/><G90/><T71/><D120/><U86/><E113/><V55/><F55/><N who="3" m="31975" /><G20/><N who="0" m="13727" /><D37/><U17/><E93/><N who="2" m="54415" /><F4/><W43/><G125/><N who="2" m="48201" /><F15/><W16/><G65/><T98/><D71/><U33/><E86/><V92/><F22/><W91/><G91/><N who="0" m="55647" /><D70/><U3/><E130/><N who="3" m="49674" /><G64/><T25/><D25/><U7/><E126/><V81/><F81/><W46/><G46/><N who="0" m="25927" /><D18/><U10/><E24/><V69/><F69/><W102/><G102/><T132/><D132/><AGARI ba="1,2" hai="16,21,26,42,43,132,133,135" m="49674,31975" machi="132" ten="30,3900,0" yaku="20,1,19,1,54,1" doraHai="123" who="3" fromWho="0" sc="134,-42,120,0,445,0,281,62" />
</Scene>
<Scene>
<INIT seed="5,0,0,0,2,103" ten="92,120,445,343" oya="1" hai0="119,52,44,116,43,51,75,81,124,104,32,123,56" hai1="98,80,92,50,74,17,87,28,4,114,78,0,5" hai2="84,47,63,3,33,40,111,9,30,26,16,15,34" hai3="22,102,6,97,93,19,77,128,37,64,90,48,58"/><U53/><E114/><V49/><F111/><W20/><G37/><T21/><D32/><U133/><E133/><V42/><F34/><W108/><G108/><T18/><D124/><U24/><E74/><V65/><F3/><W105/><G6/><T38/><D123/><U134/><E0/><V7/><F84/><W110/><G110/><T94/><D104/><U120/><E17/><V29/><F29/><W35/><G35/><T86/><D94/><U11/><E11/><V68/><F7/><W99/><G128/><T62/><D75/><U112/><E120/><V135/><F135/><W45/><G77/><T31/><D31/><U109/><E109/><V23/><F33/><W41/><REACH who="3" step="1"/><G19/><REACH who="3" ten="92,120,445,333" step="2"/><T54/><D18/><U100/><E134/><V91/><F91/><W76/><G76/><T2/><D38/><U1/><E1/><V57/><REACH who="2" step="1"/><F68/><REACH who="2" ten="92,120,435,333" step="2"/><W121/><G121/><T129/><D2/><U67/><E4/><V82/><F82/><W131/><G131/><T39/><D129/><U46/><E5/><V132/><F132/><W66/><G66/><T83/><D81/><U13/><E67/><V71/><F71/><W107/><G107/><T55/><D83/><U72/><E80/><V79/><F79/><W125/><G125/><T115/><D115/><U69/><E78/><V106/><F106/><W70/><G70/><T89/><D89/><U73/><E69/><V122/><F122/><W85/><G85/><T127/><D86/><U118/><E112/><V60/><F60/><AGARI ba="0,2" hai="20,22,41,45,48,58,60,64,90,93,97,99,102,105" machi="60" ten="40,5200,0" yaku="1,1,52,1,53,1" doraHai="103" doraHaiUra="36" who="3" fromWho="2" sc="92,0,120,0,435,-52,333,72" />
</Scene>
<Scene>
<INIT seed="6,0,0,2,0,126" ten="92,120,383,405" oya="2" hai0="41,49,79,13,34,133,108,36,135,124,37,62,12" hai1="77,70,43,52,114,23,38,109,33,3,134,28,15" hai2="46,10,45,47,116,104,84,123,91,30,54,100,5" hai3="81,98,97,118,93,88,9,111,60,56,106,120,1"/><V65/><F116/><W6/><G111/><T63/><D34/><U127/><E70/><V112/><F123/><W22/><G118/><T26/><D108/><U94/><E109/><V21/><F112/><W14/><G81/><T2/><D2/><U16/><E127/><V131/><F65/><W85/><G120/><T80/><D26/><U11/><E114/><V90/><F104/><W27/><G106/><T40/><D124/><U69/><E69/><V19/><F100/><W24/><G1/><T59/><D80/><U105/><E105/><V32/><F32/><W57/><G27/><T8/><D79/><U119/><E119/><V18/><F54/><N who="3" m="33815" /><G57/><T78/><D78/><U29/><E77/><V39/><F39/><N who="0" m="14922" /><D12/><U48/><E33/><V72/><F72/><W0/><G0/><T50/><D13/><U44/><E94/><V20/><F30/><AGARI ba="0,0" hai="6,9,14,22,24,30,85,88,93,97,98" m="33815" machi="30" ten="30,2000,0" yaku="8,1,54,1" doraHai="126" who="3" fromWho="2" sc="92,0,120,0,383,-20,405,20" />
</Scene>
<Scene>
<INIT seed="7,0,0,2,4,3" ten="92,120,363,425" oya="3" hai0="106,110,79,7,67,122,118,113,116,43,20,50,62" hai1="11,47,27,81,72,36,121,78,75,123,109,93,119" hai2="16,86,95,68,80,31,4,1,22,40,133,9,114" hai3="63,59,51,17,37,46,30,88,97,74,117,83,98"/><W45/><G37/><T92/><D106/><U56/><E109/><V94/><F68/><W2/><G2/><T103/><D110/><U127/><E75/><V28/><F114/><W0/><G0/><T44/><D122/><U134/><E27/><V65/><F65/><N who="3" m="39167" /><G74/><T135/><D135/><U15/><E134/><V107/><F107/><W111/><G117/><T25/><D113/><U66/><E119/><V125/><F133/><W71/><G71/><T55/><D79/><U26/><E26/><V48/><F125/><W85/><G111/><T39/><D7/><U129/><E127/><V69/><F69/><W120/><G120/><T5/><D5/><U105/><E105/><V76/><F40/><N who="3" m="24999" /><G30/><T130/><D130/><U54/><E66/><V14/><F48/><W21/><G46/><T64/><D39/><U96/><E129/><V104/><F104/><W6/><G6/><T89/><D103/><U32/><E32/><V101/><REACH who="2" step="1"/><F95/><REACH who="2" ten="92,120,353,425" step="2"/><W34/><G34/><T102/><D102/><N who="1" m="60687" /><E36/><V49/><F49/><W8/><G8/><T61/><D116/><U131/><E131/><V18/><F18/><W19/><G19/><N who="0" m="12447" /><D118/><U87/><E47/><V77/><F77/><W73/><G73/><T38/><D38/><U84/><E121/><V124/><F124/><W126/><G126/><T41/><D41/><U10/><E123/><V33/><F33/><W128/><G128/><T53/><D62/><N who="1" m="36119" /><E11/><V12/><F12/><AGARI ba="0,1" hai="12,17,21,83,85,88,97,98" m="24999,39167" machi="12" ten="30,2900,0" yaku="8,1,54,1" doraHai="3" who="3" fromWho="2" sc="92,0,120,0,353,-29,425,39" owari="92,-41.0,120,-28.0,324,12.0,464,57.0" />
</Scene>
</mjloggm>