<mjloggm ver="2.3"><GO type="169" lobby="0"/><UN n0="%E3%83%8D%E3%83%BC%E3%83%A0%E3%83%AC%E3%82%B9%EF%BC%97" n1="%E5%A4%AA%E3%81%8F%E3%81%AA%E3%81%84%E3%81%8A" n2="%E3%82%B7%E3%83%B3%E3%83%87%E3%83%AB%E3%83%A9" n3="%E3%82%A2%E3%83%95%E3%83%AA%E3%82%AB" dan="17,17,18,17" rate="2145.71,2219.53,2205.99,2120.52" sx="M,M,M,M"/><TAIKYOKU oya="0"/>

<Scene>
<INIT seed="0,0,0,4,2,11" ten="250,250,250,250" oya="0" hai0="107,82,95,108,1,131,56,65,80,116,23,18,69" hai1="46,78,53,73,43,6,120,35,105,91,128,106,109" hai2="83,67,79,55,122,59,68,114,111,99,42,16,48" hai3="3,15,32,47,64,7,102,133,71,121,0,41,112"/><T21/><D107/><U118/><E118/><V93/><F122/><W60/><G121/><T9/><D69/><U51/><E120/><V12/><F114/><W37/><G112/><T33/><D33/><U124/><E35/><V62/><F111/><W126/><G133/><T110/><D116/><U86/><E109/><N who="0" m="42089" /><D131/><U10/><E128/><V19/><F42/><W98/><G32/><T4/><D95/><U40/><E124/><V25/><F25/><W2/><G126/><T29/><D29/><U52/><E73/><V8/><F93/><W119/><G119/><T77/><D18/><U20/><E106/><V38/><F38/><W61/><G61/><N who="0" m="38055" /><D82/><U14/><E105/><V97/><REACH who="2" step="1"/><F19/><REACH who="2" ten="250,250,240,250" step="2"/><W89/><G37/><T84/><AGARI ba="0,1" hai="1,4,9,21,23,77,80,84" m="38055,42089" machi="84" ten="30,3000,0" yaku="14,1,10,1" doraHai="11" who="0" fromWho="0" sc="250,40,250,-10,240,-10,250,-10" />
</Scene>
<Scene>
<INIT seed="0,1,0,0,5,118" ten="290,240,230,240" oya="0" hai0="33,117,36,111,57,75,70,126,44,134,45,60,8" hai1="114,20,128,91,15,28,132,100,110,32,31,42,93" hai2="66,125,46,4,122,73,6,61,7,84,59,107,112" hai3="55,63,108,39,89,5,1,54,76,13,22,98,127"/><T99/><D75/><U41/><E110/><V88/><F112/><W135/><G39/><T62/><D33/><U105/><E105/><V104/><F125/><W49/><G1/><T81/><D117/><U50/><E100/><V47/><F73/><W14/><G108/><T67/><D111/><U64/><E32/><V26/><F122/><W130/><G127/><T77/><D126/><U24/><E114/><V95/><REACH who="2" step="1"/><F26/><REACH who="2" ten="290,240,220,240" step="2"/><W12/><G135/><T71/><D134/><U18/><E132/><V40/><F40/><W51/><G130/><T27/><D27/><U113/><E128/><V69/><F69/><W133/><G133/><T53/><D71/><U16/><E113/><V94/><F94/><N who="3" m="56655" /><G5/><T120/><D120/><U121/><E121/><V115/><F115/><W17/><G76/><T85/><D36/><U123/><E123/><V56/><F56/><N who="3" m="32863" /><G63/><T65/><D62/><U102/><E41/><V29/><F29/><W82/><G82/><T86/><D70/><U35/><E31/><V30/><F30/><W9/><G9/><T78/><D8/><U21/><E42/><V23/><F23/><W96/><G96/><T90/><D81/><U52/><E28/><V3/><F3/><W72/><G72/><T74/><D99/><N who="1" m="57791" /><E35/><V25/><F25/><W92/><G92/><N who="0" m="54351" /><D74/><U38/><E38/><V116/><F116/><W2/><G2/><T83/><D77/><U97/><E97/><V103/><F103/><W131/><G131/><T37/><D37/><U106/><E102/><V109/><F109/><W129/><G129/><T48/><D44/><AGARI ba="1,1" hai="4,6,7,44,46,47,59,61,66,84,88,95,104,107" machi="44" ten="40,2600,0" yaku="1,1,54,1,53,0" doraHai="118" doraHaiUra="119" who="2" fromWho="0" sc="290,-29,240,0,220,39,240,0" /><AGARI ba="1,0" hai="12,13,14,17,22,44,49,55" m="32863,56655" machi="44" ten="30,1000,0" yaku="8,1" doraHai="118" who="3" fromWho="0" sc="261,-10,240,0,259,0,240,10" />
</Scene>
<Scene>
<INIT seed="1,0,0,5,0,83" ten="251,240,259,250" oya="1" hai0="94,34,28,30,112,85,77,129,82,114,22,87,126" hai1="81,79,20,80,31,32,102,21,26,76,123,59,55" hai2="18,101,15,60,90,84,75,92,133,105,68,119,78" hai3="49,10,13,66,33,44,11,54,29,72,110,35,104"/><U134/><E123/><V124/><F119/><W95/><G104/><T45/><D34/><U128/><E128/><V116/><F116/><W132/><G72/><T42/><D129/><U39/><E39/><V43/><F124/><W74/><G74/><T62/><D126/><U125/><E125/><V25/><F133/><W16/><G132/><T96/><D62/><U4/><E134/><V8/><F43/><W89/><G110/><T51/><D114/><U40/><E40/><V117/><F117/><W46/><G66/><T127/><D127/><U27/><E4/><V24/><F60/><W97/><G29/><T91/><D112/><U121/><E102/><V130/><F68/><W17/><G46/><T118/><D118/><U6/><E6/><V99/><REACH who="2" step="1"/><F130/><REACH who="2" ten="251,240,249,250" step="2"/><W0/><G0/><T53/><D42/><U106/><E121/><V64/><F64/><W2/><G2/><T14/><D96/><U107/><E55/><V47/><F47/><W73/><G73/><T98/><D98/><U12/><E59/><V56/><F56/><W65/><G65/><T3/><D3/><U113/><E113/><V115/><F115/><W131/><G131/><T1/><D1/><U100/><E32/><V122/><F122/><W37/><G37/><T57/><D45/><U86/><E100/><V109/><F109/><W61/><G61/><T111/><D111/><U70/><E70/><V19/><F19/><AGARI ba="0,1" hai="14,19,22,28,30,51,53,57,77,82,85,87,91,94" machi="19" ten="40,8000,1" yaku="25,2,8,1,52,2" doraHai="83" who="0" fromWho="2" sc="251,90,240,0,249,-80,250,0" />
</Scene>
<Scene>
<INIT seed="2,0,0,5,2,25" ten="341,240,169,250" oya="2" hai0="22,67,72,69,14,47,50,59,58,133,89,86,75" hai1="65,49,30,106,79,132,4,61,0,41,11,84,34" hai2="125,2,73,31,85,17,78,87,114,48,20,56,32" hai3="112,64,40,35,54,122,71,6,60,80,29,92,130"/><V19/><F114/><W70/><G112/><T27/><D69/><U105/><E132/><V102/><F125/><W5/><G122/><T45/><D72/><U68/><E49/><V12/><F2/><W24/><G71/><T94/><D75/><U118/><E118/><V16/><F102/><W91/><G130/><T52/><D133/><U97/><E41/><V127/><F127/><W131/><G131/><T126/><D126/><U23/><E23/><V129/><F129/><W108/><G108/><T43/><D14/><U134/><E134/><V38/><F38/><W74/><G40/><T53/><D67/><U82/><REACH who="1" step="1"/><E97/><REACH who="1" ten="341,230,169,250" step="2"/><V117/><F117/><W46/><G35/><T33/><D33/><U124/><E124/><V10/><F32/><W42/><G42/><T51/><D43/><U57/><E57/><V44/><F56/><W128/><G70/><T113/><D113/><U8/><E8/><V39/><F39/><W103/><G128/><T93/><D93/><U9/><E9/><V101/><F48/><W107/><G92/><T111/><D111/><U18/><E18/><AGARI ba="0,1" hai="18,22,27,45,47,50,51,52,53,58,59,86,89,94" machi="18" ten="30,7700,0" yaku="7,1,9,1,8,1,54,1" doraHai="25" who="0" fromWho="1" sc="341,87,230,-77,169,0,250,0" />
</Scene>
<Scene>
<INIT seed="3,0,0,4,5,107" ten="428,153,169,250" oya="3" hai0="47,130,38,42,12,41,129,127,13,8,39,29,20" hai1="37,52,4,61,57,79,99,60,48,86,30,109,2" hai2="3,126,49,19,23,94,132,81,85,62,113,68,66" hai3="121,9,106,84,69,96,103,118,90,50,36,105,73"/><W80/><G69/><T53/><D127/><U63/><E109/><V77/><F113/><W110/><G36/><T78/><D78/><U24/><E37/><V133/><F126/><W7/><G110/><T134/><D134/><U10/><E99/><V51/><F3/><W83/><G121/><T115/><D115/><U55/><E86/><V72/><F94/><W101/><G118/><T104/><D104/><U135/><E79/><V108/><F108/><W119/><G119/><T54/><D20/><U58/><REACH who="1" step="1"/><E135/><REACH who="1" ten="428,143,169,250" step="2"/><N who="2" m="51787" /><F85/><W93/><G103/><T112/><D112/><U122/><E122/><V26/><AGARI ba="0,1" hai="19,23,26,49,51,62,66,68,72,77,81" m="51787" machi="26" ten="30,2000,0" yaku="20,1,52,1" doraHai="107" who="2" fromWho="2" sc="428,-5,143,-5,169,30,250,-10" />
</Scene>
<Scene>
<INIT seed="4,0,0,3,3,40" ten="423,138,199,240" oya="0" hai0="4,121,42,74,88,35,0,132,110,125,95,71,73" hai1="100,24,135,51,92,126,29,89,38,105,9,113,128" hai2="56,86,3,130,129,46,70,17,82,14,41,19,66" hai3="81,23,10,109,8,78,97,50,7,52,84,123,111"/><T90/><D121/><U5/><E38/><V62/><F3/><W87/><G123/><T119/><D119/><U44/><E126/><V11/><F70/><W60/><G97/><T134/><D71/><U13/><E128/><V43/><F19/><W108/><G60/><T54/><D35/><U133/><E105/><V64/><F64/><W99/><G99/><T32/><D32/><U53/><E100/><V68/><F68/><W83/><G23/><T20/><D42/><U27/><E113/><V26/><F26/><W30/><G30/><T67/><D67/><U31/><E27/><V118/><F43/><W75/><G75/><T102/><D102/><U120/><E120/><V34/><F34/><W104/><G104/><T49/><D4/><U2/><E2/><V107/><F107/><W98/><G98/><N who="0" m="57703" /><D0/><U112/><E112/><V65/><F65/><W116/><G116/><T127/><D90/><U21/><REACH who="1" step="1"/><E29/><REACH who="1" ten="423,128,199,240" step="2"/><V122/><F122/><W72/><G111/><T55/><D110/><U115/><E115/><V106/><F106/><W16/><G109/><T69/><D127/><U80/><E80/><V85/><F118/><W91/><G108/><T22/><D125/><U1/><E1/><V59/><F82/><W96/><G83/><T117/><D117/><U61/><E61/><N who="2" m="38183" /><F130/><W37/><G37/><T58/><D134/><U57/><E57/><V114/><F129/><W39/><G39/><T94/><D132/><U36/><E36/><N who="2" m="21799" /><F114/><W124/><G124/><T63/><D69/><U101/><E101/><V47/><F47/><N who="3" m="27743" /><G72/><N who="0" m="27755" /><D94/><U79/><E79/><V6/><F17/><RYUUKYOKU ba="0,1" sc="423,10,128,10,199,10,240,-30" hai0="20,22,49,54,55,58,63" hai1="5,9,13,21,24,31,44,51,53,89,92,133,135" hai2="6,11,14,59,62,85,86" />
</Scene>
<Scene>
<INIT seed="4,1,1,4,3,135" ten="433,138,209,210" oya="0" hai0="19,26,8,62,131,57,101,74,88,110,10,119,48" hai1="104,3,126,39,84,123,118,69,99,115,38,16,51" hai2="54,44,29,0,25,14,95,129,67,58,35,32,122" hai3="90,22,30,28,92,27,112,98,121,80,132,53,4"/><T40/><D119/><U33/><RYUUKYOKU type="yao9" ba="1,1" sc="433,0,138,0,209,0,210,0" hai1="3,16,33,38,39,51,69,84,99,104,115,118,123,126" />
</Scene>
<Scene>
<INIT seed="4,2,1,0,2,86" ten="433,138,209,210" oya="0" hai0="81,79,87,8,75,99,44,45,17,70,67,135,119" hai1="96,104,10,33,110,21,46,6,116,28,128,98,124" hai2="120,77,129,126,122,95,66,24,55,0,68,52,108" hai3="121,90,85,134,111,35,71,112,41,20,133,84,127"/><T106/><D119/><U16/><E116/><V39/><F0/><W82/><G35/><T30/><D30/><U57/><E110/><V40/><F77/><W107/><G111/><T50/><D70/><U31/><E124/><V117/><F108/><W34/><G34/><T53/><D67/><U69/><E69/><V118/><F95/><W101/><G71/><T12/><D135/><N who="3" m="51721" /><G127/><T62/><D62/><U18/><E128/><V83/><F83/><N who="3" m="49439" /><G41/><T125/><D125/><U88/><E33/><V13/><F126/><W72/><G20/><T64/><D64/><U25/><E104/><V65/><F129/><W80/><G112/><T59/><D75/><U58/><E46/><N who="0" m="18025" /><D106/><U47/><E47/><V7/><F68/><W123/><G72/><T60/><D99/><U89/><E6/><V56/><F40/><W109/><G109/><T43/><D43/><U94/><E28/><V5/><F39/><W115/><G115/><T32/><D32/><U103/><E31/><V78/><F56/><N who="1" m="21609" /><E96/><V48/><F117/><W76/><G80/><T97/><D81/><U91/><E103/><V19/><F118/><W26/><G107/><T1/><D1/><U74/><E74/><V36/><F36/><W22/><G101/><T131/><D131/><U3/><E3/><V2/><F2/><W73/><G73/><T27/><D60/><U37/><E37/><V38/><F38/><W11/><G11/><T54/><D8/><U100/><E100/><V93/><F5/><W23/><G23/><T42/><D42/><U4/><E4/><V102/><F7/><W9/><G9/><RYUUKYOKU ba="2,1" sc="433,-15,138,15,209,-15,210,15" hai1="10,16,18,21,25,88,89,91,94,98" hai3="22,26,76,82,85,121,123" />
</Scene>
<Scene>
<INIT seed="5,3,1,2,3,97" ten="418,153,194,225" oya="1" hai0="40,73,95,109,19,113,101,71,58,14,3,81,105" hai1="28,20,125,49,77,69,91,121,75,86,108,114,135" hai2="90,15,37,46,23,51,27,66,124,104,119,54,68" hai3="106,128,36,47,132,87,79,115,120,5,42,52,0"/><U50/><E121/><V84/><F119/><W99/><G120/><T53/><D109/><U63/><E108/><V31/><F124/><W2/><G115/><T116/><D71/><U83/><E114/><V62/><F104/><W30/><G30/><T126/><D3/><U131/><E125/><V1/><F1/><W8/><G132/><T9/><D105/><U112/><E112/><V18/><F37/><W39/><G128/><T130/><D40/><U65/><E135/><V88/><F84/><W64/><G64/><T59/><D126/><U107/><E131/><V11/><AGARI ba="3,1" hai="11,15,18,23,27,31,46,51,54,62,66,68,88,90" machi="11" ten="20,2700,0" yaku="0,1,7,1,54,1" doraHai="97" who="2" fromWho="2" sc="418,-10,153,-16,194,46,225,-10" />
</Scene>
<Scene>
<INIT seed="6,0,0,4,0,103" ten="408,137,240,215" oya="2" hai0="71,96,78,46,128,135,48,69,102,56,112,66,117" hai1="33,1,88,50,54,12,98,122,35,52,92,85,91" hai2="22,89,129,130,101,30,110,57,114,127,47,83,7" hai3="120,44,86,37,75,61,65,132,3,100,80,123,115"/><V134/><F114/><W10/><G132/><T53/><D78/><U94/><E1/><V62/><F134/><W41/><G115/><T133/><D112/><U119/><E119/><V17/><F127/><W14/><G100/><T24/><D24/><U23/><E122/><V67/><F110/><W39/><G39/><T38/><D117/><U109/><E109/><V73/><F30/><W29/><G29/><T21/><D21/><U82/><E54/><V40/><F101/><W43/><G43/><N who="0" m="22903" /><D71/><U79/><E12/><V116/><F7/><W63/><G63/><N who="0" m="40159" /><D128/><U58/><REACH who="1" step="1"/><E23/><REACH who="1" ten="408,127,240,215" step="2"/><V90/><F116/><W42/><G3/><T68/><D53/><U125/><E125/><V111/><F111/><W28/><G123/><T81/><D135/><U18/><E18/><V77/><F130/><W32/><G120/><T106/><D133/><U97/><AGARI ba="0,1" hai="33,35,50,52,58,79,82,85,88,91,92,94,97,98" machi="97" ten="20,12000,2" yaku="1,1,0,1,7,1,9,1,54,2,53,0" doraHai="103" doraHaiUra="124" who="1" fromWho="1" sc="408,-30,127,130,240,-60,215,-30" />
</Scene>
<Scene>
<INIT seed="7,0,0,1,1,23" ten="378,257,180,185" oya="3" hai0="106,42,77,58,48,131,97,112,46,63,25,122,24" hai1="90,85,123,8,9,49,47,28,74,52,21,33,100" hai2="66,3,119,130,62,113,116,4,76,69,80,107,82" hai3="70,78,126,89,98,68,124,20,117,134,14,44,6"/><W95/><G117/><T22/><D122/><U72/><E33/><V0/><F113/><W84/><G134/><T86/><D106/><U57/><E123/><V108/><F108/><W64/><G44/><T43/><D43/><U2/><E100/><V16/><F130/><W29/><G64/><T30/><D97/><U7/><E9/><N who="2" m="2183" /><F16/><N who="3" m="10263" /><G6/><T79/><D112/><U125/><E125/><N who="3" m="48234" /><G29/><T115/><D115/><U10/><E10/><V135/><F82/><AGARI ba="0,0" hai="68,70,78,82,84,89,95,98" m="48234,10263" machi="82" ten="30,2900,0" yaku="18,1,54,1" doraHai="23" who="3" fromWho="2" sc="378,0,257,0,180,-29,185,29" />
</Scene>
<Scene>
<INIT seed="7,1,0,3,0,135" ten="378,257,151,214" oya="3" hai0="99,102,11,96,17,93,37,103,46,129,122,8,94" hai1="110,81,55,127,85,76,74,51,115,63,87,70,10" hai2="23,130,71,7,16,26,43,42,84,35,131,31,95" hai3="15,107,56,18,134,108,75,49,120,118,90,14,0"/><W34/><G0/><T124/><D122/><U21/><E127/><V19/><F71/><W9/><G120/><T20/><D124/><U12/><E110/><V67/><F67/><W28/><G108/><T101/><D129/><U125/><E125/><V48/><F7/><W44/><G134/><T40/><D103/><U132/><E115/><V47/><F42/><W72/><G107/><T126/><D126/><U111/><E21/><V133/><F133/><W113/><G118/><T128/><D128/><U61/><E111/><V24/><REACH who="2" step="1"/><F19/><REACH who="2" ten="378,257,141,214" step="2"/><N who="3" m="8655" /><G113/><T79/><D79/><U123/><E132/><V52/><F52/><N who="3" m="29735" /><G34/><T69/><D69/><U77/><E70/><V116/><F116/><W86/><G75/><T6/><D6/><U66/><E74/><V121/><F121/><W114/><G72/><T32/><D32/><U82/><E66/><V92/><F92/><W65/><G114/><T105/><D105/><U1/><E123/><V38/><F38/><W30/><G65/><T39/><D39/><U112/><E112/><V104/><F104/><W41/><G41/><T53/><D53/><U22/><E55/><V60/><F60/><W3/><G3/><T50/><D37/><U59/><E1/><V27/><F27/><AGARI ba="1,1" hai="8,11,17,20,27,40,46,50,93,94,96,99,101,102" machi="27" ten="30,3900,0" yaku="7,1,9,1,8,1" doraHai="135" who="0" fromWho="2" sc="378,52,257,0,141,-42,214,0" owari="430,53.0,257,6.0,99,-40.0,214,-19.0" />
</Scene>
</mjloggm>