<mjloggm ver="2.3"><GO type="169" lobby="0"/><UN n0="%E3%82%84%E3%81%BE%E3%83%BC%E3%82%93" n1="%E3%82%82%E3%82%84%E3%81%97%E3%82%82%E3%82%93" n2="%E3%82%88%E3%81%A4%E3%81%B0%E3%81%A8%EF%BC%81" n3="%E5%A4%AA%E3%81%8F%E3%81%AA%E3%81%84%E3%81%8A" dan="17,17,17,17" rate="2106.66,2189.67,2117.91,2180.72" sx="M,F,F,F"/><TAIKYOKU oya="0"/>

<Scene>
<INIT seed="0,0,0,4,3,4" ten="250,250,250,250" oya="0" hai0="75,57,87,79,64,40,31,100,78,118,95,0,59" hai1="94,91,51,70,92,33,16,97,113,109,105,53,52" hai2="66,56,41,42,67,98,49,45,133,86,103,82,9" hai3="124,116,34,96,28,111,77,17,69,134,15,104,126"/><T74/><D118/><U24/><E109/><V5/><F133/><W21/><G116/><T43/><D0/><U131/><E131/><V48/><F56/><W23/><G69/><T106/><D106/><U11/><E113/><V102/><F48/><W73/><G34/><T63/><D87/><N who="1" m="52351" /><E70/><V114/><F42/><W120/><G111/><T14/><D74/><U55/><E33/><V37/><F37/><W61/><G134/><T112/><D75/><U84/><E105/><V76/><F114/><W85/><G73/><T80/><D80/><U93/><E84/><V19/><F19/><W60/><G120/><T10/><D31/><U81/><E81/><V72/><F72/><W89/><G77/><N who="0" m="29195" /><D59/><N who="1" m="33183" /><E94/><N who="2" m="58711" /><F103/><W36/><G36/><T54/><D64/><U46/><E46/><V65/><F67/><W1/><G1/><T83/><D83/><U47/><E47/><V62/><F62/><W25/><G104/><T108/><D112/><U32/><E32/><V58/><F58/><W50/><G96/><N who="0" m="59423" /><D108/><U3/><E3/><V7/><F65/><W132/><G132/><T125/><D125/><N who="3" m="48233" /><G50/><T68/><D68/><U6/><E97/><V90/><F66/><W107/><G107/><T8/><D8/><U122/><E122/><V30/><F76/><W35/><G35/><T12/><D12/><N who="1" m="5239" /><E93/><AGARI ba="0,0" hai="15,17,21,23,25,28,60,61,85,89,93" m="48233" machi="93" ten="30,1000,0" yaku="18,1" doraHai="4" who="3" fromWho="1" sc="250,0,250,-10,250,0,250,10" />
</Scene>
<Scene>
<INIT seed="1,0,0,1,2,68" ten="250,240,250,260" oya="1" hai0="123,18,94,37,12,64,23,54,112,14,55,89,86" hai1="96,30,62,31,7,85,61,51,40,0,74,1,38" hai2="48,9,42,70,10,25,76,52,103,95,88,111,26" hai3="132,24,129,90,102,81,57,106,17,56,27,121,8"/><U39/><E74/><V118/><F70/><W11/><G121/><T82/><D112/><U16/><E96/><V79/><F103/><W113/><G113/><T20/><D37/><N who="1" m="13835" /><E51/><V59/><F42/><W117/><G90/><T15/><D123/><U69/><E69/><V29/><F111/><W127/><G81/><T109/><D109/><U107/><E40/><V41/><F41/><W84/><G56/><T105/><D105/><U19/><E85/><N who="2" m="52623" /><F118/><W5/><G57/><T72/><D64/><U77/><E77/><N who="2" m="29771" /><F29/><N who="1" m="10761" /><E7/><V131/><F131/><W34/><G5/><T44/><D72/><U91/><E91/><V73/><F73/><W116/><G84/><T93/><D44/><U63/><E107/><V128/><F128/><W67/><G129/><T4/><D4/><U130/><E130/><V92/><F92/><N who="0" m="35434" /><D23/><U66/><E66/><V22/><F22/><W78/><G67/><T2/><D2/><AGARI ba="0,0" hai="0,1,2,16,19,61,62,63" m="10761,13835" machi="2" ten="40,18000,2" yaku="28,2,52,3,54,1" doraHai="68" who="1" fromWho="0" sc="250,-180,240,180,250,0,260,0" />
</Scene>
<Scene>
<INIT seed="1,1,0,2,2,47" ten="70,420,250,260" oya="1" hai0="0,11,32,10,127,94,88,117,54,80,101,70,28" hai1="27,131,68,116,90,106,97,29,112,7,33,73,130" hai2="4,128,44,41,59,42,91,115,79,15,135,60,125" hai3="119,58,110,82,5,23,24,65,67,133,134,98,36"/><U100/><E112/><V17/><F115/><W16/><G36/><T56/><D117/><U75/><E116/><V92/><F4/><W124/><G119/><T61/><D127/><U85/><E7/><V43/><F79/><W55/><G124/><T86/><D70/><U9/><E9/><V31/><F31/><W121/><G121/><T51/><D0/><U52/><E68/><V74/><F74/><W38/><G38/><T108/><D108/><U81/><REACH who="1" step="1"/><E52/><REACH who="1" ten="70,410,250,260" step="2"/><N who="2" m="33895" /><F125/><W107/><G5/><T66/><D66/><U126/><E126/><V99/><F128/><AGARI ba="1,1" hai="27,29,33,73,75,81,85,90,97,100,106,128,130,131" machi="128" ten="40,3900,0" yaku="1,1,19,1,53,0" doraHai="47" doraHaiUra="132" who="1" fromWho="2" sc="70,0,410,52,250,-42,260,0" />
</Scene>
<Scene>
<INIT seed="1,2,0,2,4,48" ten="70,462,208,260" oya="1" hai0="49,25,97,30,110,70,114,130,53,107,5,3,55" hai1="26,117,56,71,39,12,104,98,52,22,113,57,119" hai2="9,34,67,105,125,54,10,87,29,99,88,124,109" hai3="91,13,41,111,112,40,19,89,45,21,17,92,69"/><U11/><E113/><V16/><F109/><W4/><G112/><T131/><D114/><U47/><E71/><V50/><F67/><W126/><G69/><T60/><D110/><U134/><E134/><V101/><F34/><W68/><G68/><T127/><D127/><N who="2" m="48714" /><F29/><W62/><G126/><T44/><D5/><U106/><E57/><N who="2" m="32983" /><F16/><W15/><G111/><T38/><D3/><U46/><E117/><V74/><F74/><W94/><G4/><T59/><D38/><U85/><E119/><V79/><F79/><W1/><G1/><T122/><D70/><U65/><E39/><V31/><F31/><W7/><G7/><T28/><D122/><U61/><E65/><V86/><F86/><W73/><G73/><T103/><REACH who="0" step="1"/><D30/><REACH who="0" ten="60,462,208,260" step="2"/><N who="1" m="17751" /><E106/><V37/><F37/><W120/><G120/><T0/><D0/><U36/><E104/><V72/><F72/><W58/><G19/><T35/><AGARI ba="2,1" hai="25,28,35,44,49,53,55,59,60,97,103,107,130,131" machi="35" ten="30,7900,0" yaku="1,1,0,1,52,2,53,0" doraHai="48" doraHaiUra="78" who="0" fromWho="0" sc="60,95,462,-41,208,-22,260,-22" />
</Scene>
<Scene>
<INIT seed="2,0,0,0,4,70" ten="155,421,186,238" oya="2" hai0="60,135,131,103,21,71,22,88,111,58,133,46,129" hai1="12,14,98,87,27,79,0,117,95,31,61,67,118" hai2="100,53,1,42,63,101,54,85,35,64,75,57,72" hai3="51,120,128,102,107,132,13,81,97,38,7,41,20"/><V59/><F1/><W74/><G120/><T115/><D111/><U83/><E0/><V123/><F35/><W78/><G128/><N who="0" m="49227" /><D103/><U119/><E95/><V122/><F42/><W40/><G132/><N who="0" m="50763" /><D115/><U30/><E98/><V26/><F26/><W18/><G38/><T124/><D71/><U32/><REACH who="1" step="1"/><E31/><REACH who="1" ten="155,411,186,238" step="2"/><V110/><F110/><W106/><G106/><T91/><D124/><U77/><E77/><V109/><F109/><W116/><G78/><T2/><D2/><U43/><E43/><V44/><F122/><W16/><G40/><T73/><D73/><U10/><E10/><V4/><F72/><W52/><G41/><T65/><D46/><U5/><E5/><V92/><F44/><W47/><G7/><T130/><D130/><U76/><E76/><V17/><F4/><W3/><G3/><T37/><D37/><U94/><E94/><V68/><F75/><W36/><G36/><T96/><D96/><U23/><E23/><AGARI ba="0,1" hai="21,22,23,58,60,65,88,91" m="50763,49227" machi="23" ten="30,3900,0" yaku="19,1,20,1,54,1" doraHai="70" who="0" fromWho="1" sc="155,49,411,-39,186,0,238,0" />
</Scene>
<Scene>
<INIT seed="3,0,0,3,5,127" ten="204,372,186,238" oya="3" hai0="14,11,123,59,69,98,63,71,12,124,83,134,135" hai1="48,10,45,78,58,64,122,41,15,76,16,91,20" hai2="22,132,79,126,36,39,55,73,56,90,115,77,60" hai3="70,57,40,51,2,65,0,31,106,86,54,113,96"/><W120/><G120/><T32/><D123/><U97/><E122/><V50/><F115/><W5/><G113/><T33/><D124/><U62/><E97/><V107/><F126/><W100/><G5/><T119/><D119/><U61/><E91/><V44/><F107/><W28/><G86/><T35/><D83/><U19/><REACH who="1" step="1"/><E62/><REACH who="1" ten="204,362,186,238" step="2"/><V25/><F132/><W24/><G96/><T52/><D98/><U85/><E85/><V117/><F117/><W128/><G100/><T17/><REACH who="0" step="1"/><D14/><AGARI ba="0,1" hai="10,14,15,16,19,20,41,45,48,58,61,64,76,78" machi="14" ten="30,7700,0" yaku="1,1,7,1,8,1,54,1,53,0" doraHai="127" doraHaiUra="121" who="1" fromWho="0" sc="204,-77,362,87,186,0,238,0" />
</Scene>
<Scene>
<INIT seed="4,0,0,4,0,11" ten="127,449,186,238" oya="0" hai0="134,104,118,53,49,121,40,111,2,92,1,128,7" hai1="55,43,31,52,74,81,17,65,29,68,113,125,100" hai2="97,60,89,35,63,30,75,103,19,88,27,38,135" hai3="71,22,23,51,70,8,16,34,95,25,117,32,56"/><T112/><D118/><U69/><E125/><V132/><F75/><W10/><G117/><T99/><D121/><U124/><E124/><V61/><F38/><W106/><G106/><T77/><D112/><U21/><E113/><V33/><F33/><W18/><G95/><T26/><D104/><U9/><E9/><V41/><F41/><W133/><G51/><T105/><D105/><U130/><E130/><V13/><F103/><W110/><G56/><T42/><D128/><U98/><E43/><V101/><F101/><W90/><G90/><T129/><D129/><U109/><E109/><V126/><F97/><W93/><G93/><T115/><D115/><U72/><E81/><V108/><F108/><W62/><G110/><T66/><D111/><U15/><E72/><V14/><F14/><W127/><G127/><T107/><D107/><U5/><E5/><V83/><F126/><W122/><G62/><T37/><D1/><U57/><E74/><V82/><F82/><W102/><G102/><T131/><D2/><U114/><E69/><V39/><F39/><W67/><G25/><T12/><D37/><U79/><E68/><V47/><F47/><W6/><G67/><T73/><D73/><U3/><E3/><V20/><REACH who="2" step="1"/><F89/><REACH who="2" ten="127,449,176,238" step="2"/><W0/><G0/><T94/><D131/><U85/><E114/><V46/><F46/><W87/><G32/><T48/><D134/><U96/><E100/><V91/><F91/><W36/><G133/><T116/><D116/><U58/><E96/><V4/><F4/><W45/><G6/><T84/><D99/><U120/><E98/><RYUUKYOKU ba="0,1" sc="127,-10,449,-10,176,30,238,-10" hai2="13,19,20,27,30,35,60,61,63,83,88,132,135" />
</Scene>
<Scene>
<INIT seed="5,1,1,3,1,38" ten="117,439,206,228" oya="1" hai0="85,0,113,16,54,37,53,23,28,92,56,3,125" hai1="61,35,76,74,81,127,119,126,89,41,33,42,55" hai2="123,73,104,31,133,22,106,20,12,132,128,4,60" hai3="71,64,94,115,84,135,67,124,78,50,34,57,82"/><U39/><E39/><V27/><F123/><W90/><G34/><N who="1" m="12810" /><E119/><V36/><F36/><W105/><G105/><T24/><D113/><U59/><E89/><V15/><F73/><W21/><G71/><T58/><D37/><U32/><E32/><V11/><F60/><W129/><G129/><T96/><D125/><AGARI ba="1,1" hai="41,42,55,59,61,74,76,81,125,126,127" m="12810" machi="125" ten="30,5800,0" yaku="18,1,52,2" doraHai="38" who="1" fromWho="0" sc="117,-61,439,71,206,0,228,0" />
</Scene>
<Scene>
<INIT seed="5,2,0,3,2,27" ten="56,510,206,228" oya="1" hai0="85,99,115,41,68,110,57,84,60,112,2,117,134" hai1="131,71,77,53,126,118,92,114,9,52,10,64,116" hai2="78,20,87,130,1,95,50,7,111,55,98,82,56" hai3="28,75,102,97,124,73,113,14,36,135,51,58,47"/><U108/><E114/><V3/><F111/><W25/><G113/><T69/><D2/><U66/><E108/><V80/><F130/><W61/><G36/><T12/><D110/><U83/><E131/><V15/><F80/><W4/><G124/><T31/><D117/><U67/><E71/><V29/><F7/><W54/><G135/><T100/><D134/><U109/><E109/><V0/><F15/><W127/><G127/><T8/><D115/><U105/><E105/><V96/><REACH who="2" step="1"/><F95/><REACH who="2" ten="56,510,196,228" step="2"/><W42/><G14/><T133/><D112/><U81/><E126/><V90/><F90/><W86/><G4/><T38/><D133/><U79/><E92/><V94/><F94/><W89/><G89/><T49/><D100/><U122/><E122/><V119/><F119/><W43/><G75/><T45/><D99/><U125/><E125/><V13/><F13/><W18/><G73/><T48/><D84/><U44/><E116/><V132/><F132/><W40/><G86/><T39/><D85/><U11/><E118/><V16/><F16/><W106/><REACH who="3" step="1"/><G18/><REACH who="3" ten="56,510,196,218" step="2"/><T101/><D101/><U22/><E77/><V70/><F70/><W21/><AGARI ba="2,2" hai="21,25,28,40,42,43,47,51,54,58,61,97,102,106" machi="21" ten="20,12000,2" yaku="1,1,2,1,0,1,7,1,52,1,53,1" doraHai="27" doraHaiUra="19" who="3" fromWho="3" sc="56,-32,510,-62,196,-32,218,146" />
</Scene>
<Scene>
<INIT seed="6,0,0,3,5,51" ten="24,448,164,364" oya="2" hai0="105,80,85,103,123,100,48,12,107,134,16,17,72" hai1="34,23,108,2,135,24,74,3,125,22,69,116,71" hai2="114,42,11,41,73,62,133,5,67,28,0,47,98" hai3="54,78,126,97,31,95,4,127,87,82,115,1,129"/><V44/><F73/><W35/><G35/><T55/><D123/><U88/><E108/><V21/><F133/><W46/><G31/><T30/><D134/><U120/><E135/><V96/><F114/><W60/><G115/><T56/><D72/><U52/><E120/><V61/><F28/><W111/><G111/><T121/><D121/><U130/><E116/><V64/><F21/><W20/><G20/><T26/><D105/><U99/><E74/><V27/><F27/><W119/><G119/><T43/><D107/><U113/><E113/><V77/><F77/><W91/><G129/><T83/><D43/><U49/><E130/><V70/><F44/><W76/><G1/><T92/><D92/><N who="1" m="56711" /><E34/><V33/><F33/><W7/><G78/><T79/><D80/><U118/><E118/><V90/><F90/><W32/><G32/><T110/><D110/><U101/><E69/><V59/><F42/><W131/><G131/><T75/><D75/><U117/><E71/><V53/><REACH who="2" step="1"/><F64/><REACH who="2" ten="24,448,154,364" step="2"/><W40/><G40/><T81/><D81/><U132/><E132/><V94/><F94/><W19/><G46/><T18/><REACH who="0" step="1"/><D12/><REACH who="0" ten="14,448,154,364" step="2"/><U93/><E2/><V57/><F57/><W89/><G82/><T106/><D106/><U25/><E3/><V15/><F15/><W8/><G76/><T37/><D37/><AGARI ba="0,2" hai="0,5,11,37,41,47,53,59,61,62,67,70,96,98" machi="37" ten="30,5800,0" yaku="1,1,7,1,52,1,53,0" doraHai="51" doraHaiUra="9" who="2" fromWho="0" sc="14,-58,448,0,154,78,364,0" owari="-44,-54.0,448,55.0,232,-17.0,364,16.0" />
</Scene>
</mjloggm>