<mjloggm ver="2.3"><GO type="169" lobby="0"/><UN n0="%79%61%6D%69" n1="%E3%81%86%E3%81%8D%E3%81%A7%E3%82%93" n2="%E3%83%8F%E3%83%A0%E3%81%95%E3%81%84%E3%81%A6%E3%82%87" n3="%E5%A4%AA%E3%81%8F%E3%81%AA%E3%81%84%E3%81%8A" dan="16,17,16,18" rate="2106.84,2182.10,2167.24,2245.54" sx="M,M,M,M"/><TAIKYOKU oya="0"/>

<Scene>
<INIT seed="0,0,0,1,1,101" ten="250,250,250,250" oya="0" hai0="40,93,47,90,36,69,29,58,38,129,56,43,87" hai1="76,130,0,72,21,27,11,120,19,66,70,82,132" hai2="111,45,41,133,65,4,96,46,79,22,23,105,18" hai3="80,103,51,64,112,24,124,73,77,121,135,55,7"/><T128/><D69/><U34/><E120/><V88/><F133/><W15/><G112/><T5/><D5/><U2/><E132/><V127/><F65/><W99/><G135/><T131/><REACH who="0" step="1"/><D29/><REACH who="0" ten="240,250,250,250" step="2"/><U26/><E70/><V106/><F4/><W91/><G7/><T61/><D61/><U100/><E2/><V53/><F127/><W42/><G124/><T3/><D3/><U44/><E0/><V116/><F116/><W6/><G6/><T71/><D71/><U54/><E130/><V122/><F122/><W110/><G121/><T83/><D83/><U74/><E82/><V123/><F123/><W57/><G80/><T107/><D107/><U10/><E72/><V59/><F106/><W119/><G73/><T62/><D62/><U89/><E74/><V31/><F31/><W32/><G119/><T118/><D118/><U114/><E114/><V67/><F105/><W134/><G134/><T48/><D48/><U17/><E19/><V8/><F18/><W102/><G51/><T98/><D98/><U63/><E63/><V60/><F60/><W86/><G99/><T94/><D94/><U52/><E17/><V13/><F96/><W25/><G64/><T97/><D97/><U95/><E95/><V126/><F126/><W12/><G102/><T20/><D20/><U16/><E21/><V33/><F23/><W104/><G103/><T1/><D1/><U37/><E100/><V50/><F67/><W92/><G104/><T84/><D84/><U14/><E66/><V113/><F22/><W115/><G115/><T125/><D125/><U30/><E30/><RYUUKYOKU ba="0,1" sc="240,30,250,-10,250,-10,250,-10" hai0="36,38,40,43,47,56,58,87,90,93,128,129,131" />
</Scene>
<Scene>
<INIT seed="0,1,1,2,0,44" ten="270,240,240,240" oya="0" hai0="30,67,24,111,29,134,64,98,69,17,0,39,58" hai1="95,70,89,92,99,47,112,115,108,59,18,14,50" hai2="19,49,9,53,101,21,82,131,66,87,76,96,56" hai3="114,3,55,130,110,105,119,83,37,122,72,88,34"/><T104/><D39/><U2/><E70/><V120/><F120/><W106/><G55/><T75/><D75/><U68/><E68/><V117/><F117/><W63/><G63/><T97/><D0/><U11/><E108/><V65/><F131/><W128/><G83/><T81/><D104/><U41/><E2/><V10/><F66/><N who="0" m="25130" /><D69/><U25/><E59/><V135/><F135/><W8/><G8/><T51/><D81/><U121/><E121/><V40/><F40/><W93/><G93/><T133/><D111/><U79/><E79/><V38/><F38/><W123/><G106/><T42/><D17/><U91/><REACH who="1" step="1"/><E25/><REACH who="1" ten="270,230,240,240" step="2"/><V129/><F65/><W22/><G123/><T127/><D24/><U113/><E113/><V80/><F129/><W5/><G128/><T36/><D133/><U43/><E43/><V74/><F74/><W60/><G3/><T33/><D134/><U90/><E90/><V4/><F76/><W125/><G130/><T6/><D58/><U71/><E71/><V94/><F56/><W35/><G114/><T45/><D42/><U52/><E52/><V124/><F53/><W28/><G110/><T118/><D118/><U27/><E27/><V103/><F103/><W48/><G119/><T102/><D102/><U85/><AGARI ba="1,2" hai="11,14,18,41,47,50,85,89,91,92,95,99,112,115" machi="85" ten="30,4000,0" yaku="1,1,0,1,52,1,53,0" doraHai="44" doraHaiUra="61" who="1" fromWho="1" sc="270,-21,230,63,240,-11,240,-11" />
</Scene>
<Scene>
<INIT seed="1,0,0,3,4,57" ten="249,293,229,229" oya="1" hai0="51,99,94,105,24,35,36,130,119,113,95,62,56" hai1="126,89,23,135,77,121,106,28,44,7,124,115,69" hai2="90,123,3,87,75,133,100,111,12,73,103,93,114" hai3="33,71,79,125,120,74,26,122,34,81,25,45,101"/><U42/><E115/><V2/><F123/><W38/><G101/><T76/><D36/><U131/><E121/><V86/><F114/><W88/><G125/><N who="1" m="48234" /><E135/><V61/><F133/><W67/><G26/><T96/><D119/><U68/><E106/><V14/><F93/><W72/><G72/><T19/><D113/><U65/><E77/><V80/><F90/><W29/><G88/><T52/><D130/><U104/><E104/><V27/><F27/><W85/><G85/><T32/><D105/><U37/><E7/><V98/><F111/><W82/><G82/><T17/><D76/><U84/><E65/><V6/><F6/><W59/><G59/><T30/><D35/><U50/><E131/><V1/><F1/><W97/><G97/><T10/><D10/><U39/><E23/><V118/><F118/><W48/><G34/><T22/><D32/><U109/><E28/><V60/><F80/><W31/><G31/><T117/><D117/><U78/><E109/><V66/><F66/><W102/><G102/><N who="0" m="60695" /><D51/><U11/><E11/><V15/><F15/><W40/><REACH who="3" step="1"/><G48/><REACH who="3" ten="249,293,229,219" step="2"/><T53/><D99/><AGARI ba="0,1" hai="2,3,12,14,60,61,73,75,86,87,98,99,100,103" machi="99" ten="25,6400,0" yaku="22,2,52,2" doraHai="57" who="2" fromWho="0" sc="249,-64,293,0,229,74,219,0" />
</Scene>
<Scene>
<INIT seed="2,0,0,0,2,56" ten="185,293,303,219" oya="2" hai0="120,15,52,61,121,106,43,91,73,62,25,20,24" hai1="58,13,19,89,88,30,36,60,70,11,104,63,124" hai2="29,95,45,41,97,21,1,80,115,108,74,68,113" hai3="5,26,49,107,125,16,8,3,81,82,87,111,32"/><V46/><F68/><W71/><G107/><T116/><D73/><U93/><E104/><V134/><F1/><W85/><G71/><T76/><D106/><U6/><E36/><V102/><F134/><W118/><G118/><T51/><D120/><U96/><E124/><V9/><F9/><W101/><G101/><T34/><D34/><U47/><E30/><V48/><F108/><W39/><G39/><T126/><D121/><U129/><E129/><V133/><F133/><W119/><G119/><T31/><D126/><U10/><E47/><V4/><F4/><W33/><G125/><T127/><D127/><U72/><E72/><V37/><F80/><W110/><G49/><T128/><D116/><U99/><E70/><V38/><F74/><W122/><G122/><T84/><D76/><U92/><E58/><V77/><F77/><N who="3" m="46255" /><G26/><T54/><D15/><AGARI ba="0,0" hai="6,10,11,13,15,19,60,63,88,89,92,93,96,99" machi="15" ten="30,12000,2" yaku="7,1,9,1,8,1,52,2,54,1" doraHai="56" who="1" fromWho="0" sc="185,-120,293,120,303,0,219,0" />
</Scene>
<Scene>
<INIT seed="3,0,0,4,3,54" ten="65,413,303,219" oya="3" hai0="29,1,5,37,71,12,4,60,68,109,114,55,83" hai1="39,104,122,10,6,38,25,135,15,78,126,2,92" hai2="63,35,117,18,7,23,24,14,111,67,49,85,102" hai3="110,20,75,76,51,19,80,36,119,50,94,16,57"/><W72/><G119/><T133/><D1/><U129/><E104/><V103/><F117/><W108/><G36/><T81/><D29/><U134/><E122/><V79/><F111/><N who="3" m="42539" /><G75/><T11/><D37/><N who="1" m="13835" /><E126/><V21/><F35/><W112/><G112/><T48/><D109/><U61/><E129/><V58/><F49/><N who="3" m="18443" /><G94/><T45/><D133/><U42/><E92/><V98/><F98/><W113/><G113/><T66/><D114/><U106/><E106/><V84/><F7/><W118/><G118/><T52/><D5/><U27/><E2/><V101/><REACH who="2" step="1"/><F79/><REACH who="2" ten="65,413,293,219" step="2"/><W115/><G115/><T87/><D71/><U13/><E78/><V99/><F99/><W34/><G34/><T56/><REACH who="0" step="1"/><D87/><REACH who="0" ten="55,413,293,219" step="2"/><U8/><E6/><V131/><F131/><W59/><G19/><AGARI ba="0,2" hai="14,18,19,21,23,24,58,63,67,84,85,101,102,103" machi="19" ten="40,5200,0" yaku="1,1,8,1,52,1,53,0" doraHai="54" doraHaiUra="77" who="2" fromWho="3" sc="55,0,413,0,293,72,219,-52" />
</Scene>
<Scene>
<INIT seed="4,0,0,0,5,117" ten="55,413,365,167" oya="0" hai0="69,90,108,135,25,131,83,128,47,20,122,61,96" hai1="4,109,30,121,51,93,3,99,95,29,63,73,125" hai2="101,42,33,31,129,5,77,12,28,64,14,91,27" hai3="54,10,19,56,110,106,102,80,124,113,116,1,84"/><T133/><D47/><U34/><E109/><V41/><F129/><N who="0" m="49738" /><D108/><U111/><E111/><V15/><F77/><W94/><G110/><T118/><D118/><U23/><E125/><V43/><F101/><W60/><G116/><T45/><D45/><U74/><E23/><V132/><F132/><N who="0" m="50762" /><D122/><U6/><E51/><V112/><F112/><W9/><G124/><T38/><D38/><U85/><E63/><V105/><F105/><W92/><G113/><T55/><D69/><U81/><E34/><V87/><F31/><W120/><G120/><T7/><D7/><U62/><E62/><V72/><F72/><W49/><G106/><T88/><D96/><U17/><E99/><V123/><F123/><W65/><G1/><T52/><D83/><U16/><E121/><V78/><F5/><W66/><G102/><T103/><D103/><U67/><E81/><V119/><F119/><W100/><G100/><T115/><D115/><U127/><E3/><V48/><F42/><W2/><G2/><T18/><D61/><U82/><E82/><V71/><F71/><W134/><G134/><T32/><D32/><U114/><E114/><V107/><F33/><W126/><G126/><T98/><D98/><U22/><E127/><V35/><F35/><W57/><G65/><T26/><D26/><U8/><E67/><V21/><F64/><W50/><G50/><T59/><D59/><U39/><E39/><V36/><F48/><W86/><G80/><T79/><D79/><U24/><E24/><V70/><F78/><W40/><G49/><T44/><D44/><U130/><E130/><RYUUKYOKU ba="0,0" sc="55,30,413,-10,365,-10,167,-10" hai0="18,20,25,52,55,88,90" />
</Scene>
<Scene>
<INIT seed="4,1,0,5,2,85" ten="85,403,355,157" oya="0" hai0="3,74,76,120,51,57,1,61,122,70,112,71,52" hai1="48,37,13,77,24,7,80,49,101,78,36,118,9" hai2="104,50,58,63,6,10,45,100,40,108,87,47,81" hai3="79,75,94,29,15,68,55,134,113,103,130,20,121"/><T66/><D112/><U31/><E118/><V28/><F108/><W126/><G68/><T11/><D71/><U41/><E101/><V32/><F45/><W17/><G113/><T116/><D116/><U59/><E48/><V97/><F28/><W39/><G39/><T5/><REACH who="0" step="1"/><D1/><REACH who="0" ten="75,403,355,157" step="2"/><U44/><E59/><V0/><F32/><W34/><G34/><T90/><D90/><U91/><E91/><V27/><F0/><W115/><G115/><T84/><D84/><N who="1" m="48143" /><E78/><V65/><F87/><W4/><G79/><T93/><D93/><U26/><E26/><V125/><F27/><W69/><G94/><T14/><D14/><U98/><E98/><V30/><F97/><W56/><G69/><T12/><D12/><U16/><E7/><V133/><F6/><W46/><G4/><T131/><D131/><U72/><E72/><V106/><F100/><W127/><G103/><T123/><D123/><U83/><E83/><AGARI ba="1,1" hai="3,5,11,51,52,57,61,66,70,74,76,83,120,122" machi="83" ten="40,3900,0" yaku="1,1,54,1,53,0" doraHai="85" doraHaiUra="128" who="0" fromWho="1" sc="75,52,403,-42,355,0,157,0" />
</Scene>
<Scene>
<INIT seed="4,2,0,5,3,50" ten="127,361,355,157" oya="0" hai0="11,41,77,9,65,84,35,79,98,129,23,86,19" hai1="87,69,12,73,18,3,45,92,5,68,13,89,115" hai2="6,72,28,70,47,131,107,4,123,29,99,33,58" hai3="117,52,48,91,76,7,85,1,109,10,108,82,59"/><T24/><D35/><U25/><E73/><V106/><F123/><W39/><G117/><T63/><D41/><U57/><E115/><V116/><F116/><W95/><REACH who="3" step="1"/><G39/><REACH who="3" ten="127,361,355,147" step="2"/><T102/><D129/><U93/><E5/><V38/><F131/><W56/><G56/><T112/><D112/><U22/><E57/><V26/><F58/><W60/><G60/><T113/><D113/><U78/><E69/><V94/><F70/><W74/><AGARI ba="2,1" hai="1,7,10,48,52,59,74,76,82,85,91,95,108,109" machi="74" ten="20,8000,1" yaku="1,1,0,1,7,1,52,1,54,1,53,0" doraHai="50" doraHaiUra="62" who="3" fromWho="3" sc="127,-42,361,-22,355,-22,147,96" />
</Scene>
<Scene>
<INIT seed="5,0,0,2,2,47" ten="85,339,333,243" oya="1" hai0="134,50,86,117,48,43,81,65,131,89,16,135,20" hai1="46,92,120,52,51,99,105,55,31,96,103,14,133" hai2="82,67,124,84,77,40,69,127,70,119,28,72,110" hai3="17,118,85,54,90,30,3,36,114,27,57,123,12"/><U122/><E133/><N who="0" m="50697" /><D117/><U32/><E14/><V62/><F119/><W93/><G123/><T126/><D126/><N who="2" m="48170" /><F110/><W95/><G36/><T78/><D131/><U129/><E129/><V79/><F28/><W102/><G3/><T121/><D121/><U109/><E109/><V19/><F40/><W108/><G108/><T2/><D2/><U42/><E122/><V100/><F100/><W7/><G118/><T18/><D43/><U26/><REACH who="1" step="1"/><E120/><REACH who="1" ten="85,329,333,243" step="2"/><V29/><F29/><W83/><G114/><T130/><D130/><U73/><E73/><V76/><F72/><W22/><G7/><T37/><D37/><U64/><E64/><V68/><F19/><W41/><G102/><AGARI ba="0,1" hai="26,31,32,42,46,51,52,55,92,96,99,102,103,105" machi="102" ten="30,11600,0" yaku="1,1,7,1,52,1,54,1,53,0" doraHai="47" doraHaiUra="35" who="1" fromWho="3" sc="85,0,329,126,333,0,243,-116" />
</Scene>
<Scene>
<INIT seed="5,1,0,2,4,114" ten="85,455,333,127" oya="1" hai0="101,106,38,37,40,87,48,25,129,100,17,76,81" hai1="26,79,8,120,73,0,83,9,84,92,108,3,52" hai2="53,88,31,64,16,103,21,96,91,102,85,10,58" hai3="4,67,62,12,72,80,63,77,54,55,134,107,135"/><U123/><E108/><V36/><F36/><W70/><G107/><T104/><D129/><U105/><E105/><V113/><F113/><W2/><G2/><T122/><D122/><U89/><E3/><V5/><F64/><W18/><G4/><T32/><D48/><U7/><E9/><V78/><F78/><W99/><G99/><T86/><D40/><U127/><E127/><V128/><F128/><W41/><G41/><T69/><D69/><U117/><E117/><V50/><F31/><W95/><G95/><T116/><D76/><U74/><E74/><V51/><F51/><W33/><G33/><T28/><D81/><U27/><REACH who="1" step="1"/><E52/><REACH who="1" ten="85,445,333,127" step="2"/><N who="2" m="32023" /><F10/><N who="3" m="6423" /><G62/><T39/><D116/><U111/><E111/><V22/><F5/><W35/><G55/><T19/><D106/><U132/><E132/><V57/><F22/><W126/><G54/><T66/><D104/><U23/><E23/><V75/><F75/><W119/><G126/><T30/><D32/><U121/><AGARI ba="1,1" hai="0,7,8,26,27,73,79,83,84,89,92,120,121,123" machi="121" ten="30,3000,0" yaku="1,1,0,1,53,0" doraHai="114" doraHaiUra="97" who="1" fromWho="1" sc="85,-11,445,43,333,-11,127,-11" />
</Scene>
<Scene>
<INIT seed="5,2,0,2,5,108" ten="74,488,322,116" oya="1" hai0="90,118,98,109,39,57,121,114,30,29,20,45,37" hai1="71,70,86,58,55,1,17,80,125,5,23,13,103" hai2="14,61,79,76,38,101,26,130,113,2,112,83,115" hai3="95,119,133,110,60,46,100,7,92,106,47,69,11"/><U82/><E125/><V89/><F130/><W22/><G110/><T15/><D109/><U107/><E107/><V81/><F2/><W43/><G106/><T56/><D118/><U75/><E103/><V99/><F38/><W72/><G72/><T6/><D121/><U94/><E75/><V129/><F129/><W51/><G119/><T63/><D56/><U40/><E40/><V132/><F26/><W77/><G133/><T126/><D126/><U65/><E65/><V0/><F0/><W34/><G34/><T52/><D114/><U16/><E17/><V111/><F111/><W24/><G77/><N who="2" m="29769" /><F61/><W124/><G124/><T50/><D37/><U4/><E1/><V28/><F28/><W18/><G100/><T78/><D78/><U3/><E3/><V44/><F44/><W135/><G135/><T85/><D98/><U127/><E127/><V49/><F49/><N who="3" m="26847" /><G60/><T10/><D20/><U66/><E71/><V87/><F132/><W68/><G68/><T41/><REACH who="0" step="1"/><D39/><REACH who="0" ten="64,488,322,116" step="2"/><U91/><E70/><V53/><F115/><W62/><G69/><T123/><D123/><U128/><E128/><V134/><F134/><W116/><G116/><T27/><D27/><U117/><E117/><V96/><F96/><W84/><G84/><T74/><D74/><U105/><E66/><V36/><F36/><W73/><G73/><T12/><D12/><U8/><E13/><V54/><F113/><W19/><G24/><T42/><D42/><U33/><E86/><V64/><F87/><W67/><G67/><T35/><D35/><U88/><E33/><V25/><F112/><RYUUKYOKU ba="2,1" sc="64,30,488,-10,322,-10,116,-10" hai0="6,10,15,29,30,41,45,50,52,57,63,85,90" />
</Scene>
<Scene>
<INIT seed="6,3,1,2,5,135" ten="94,478,312,106" oya="2" hai0="95,125,72,37,71,38,87,119,14,97,133,128,45" hai1="2,67,31,81,102,96,62,107,80,50,77,57,3" hai2="9,43,15,28,120,20,122,26,130,22,53,55,36" hai3="132,41,52,108,32,7,117,39,64,18,109,21,70"/><V30/><F130/><W25/><G117/><T110/><D72/><U63/><E31/><V78/><F78/><W66/><G132/><T115/><D133/><U69/><E50/><V103/><F103/><W118/><G118/><T56/><D71/><U101/><E101/><V19/><F43/><W10/><G39/><T24/><D119/><U6/><E6/><V75/><F75/><W123/><G41/><T82/><D110/><U42/><E42/><V51/><F36/><W84/><G123/><T4/><D45/><U35/><E35/><V111/><F111/><W5/><G32/><T13/><D13/><U65/><E80/><V11/><F53/><W114/><G114/><T106/><D106/><U46/><E46/><V17/><F55/><W23/><G70/><T121/><D56/><U61/><E61/><V12/><F51/><W116/><G116/><T124/><D24/><AGARI ba="3,1" hai="9,11,12,15,17,19,20,22,24,26,28,30,120,122" machi="24" ten="40,18000,2" yaku="32,3,34,3" doraHai="135" who="2" fromWho="0" sc="94,-189,478,0,312,199,106,0" owari="-95,-60.0,478,28.0,511,61.0,106,-29.0" />
</Scene>
</mjloggm>