<mjloggm ver="2.3"><GO type="169" lobby="0"/><UN n0="%E3%81%8B%E3%82%89%E3%83%BC%E3%81%9C" n1="%E5%A4%AA%E3%81%8F%E3%81%AA%E3%81%84%E3%81%8A" n2="%4C%53%E9%99%BD" n3="%6E%6E%6E%6E%6E%6E" dan="17,17,16,17" rate="2181.77,2175.41,2039.88,2148.08" sx="M,F,M,M"/><TAIKYOKU oya="0"/>

<Scene>
<INIT seed="0,0,0,0,3,56" ten="250,250,250,250" oya="0" hai0="85,125,1,93,42,114,15,72,132,131,37,113,30" hai1="92,129,36,69,9,100,107,64,127,115,21,59,60" hai2="135,108,24,26,48,65,119,3,118,41,91,134,111" hai3="109,98,77,110,89,82,25,13,78,99,103,86,52"/><T18/><D1/><U17/><E36/><V43/><F65/><W124/><G124/><T126/><D72/><U79/><E127/><N who="0" m="48649" /><D132/><N who="2" m="50730" /><F3/><W4/><G25/><N who="2" m="9833" /><F91/><W22/><G22/><N who="0" m="11615" /><D131/><U75/><E107/><V16/><F16/><W104/><G4/><T105/><D105/><U87/><E9/><V55/><F55/><W117/><G52/><T63/><D30/><U101/><E129/><V112/><F112/><W121/><G13/><T83/><D93/><U45/><E92/><V7/><F7/><W34/><G117/><N who="2" m="44553" /><F48/><W2/><G2/><T123/><D37/><U61/><E115/><V5/><F5/><W102/><G34/><T130/><D130/><U68/><E17/><V28/><F28/><W54/><G54/><T49/><D49/><U53/><E53/><V66/><F66/><W116/><G116/><T57/><D113/><U46/><E64/><V90/><F90/><W71/><G71/><T73/><D114/><U50/><E50/><V32/><F32/><W76/><REACH who="3" step="1"/><G121/><REACH who="3" ten="250,250,250,240" step="2"/><T47/><D123/><U33/><E33/><V39/><F39/><W11/><G11/><T84/><D57/><U29/><E59/><V80/><F80/><W67/><G67/><T40/><D83/><U27/><E69/><V128/><F128/><W35/><G35/><T88/><D40/><AGARI ba="0,1" hai="40,41,43,108,111" m="44553,9833,50730" machi="40" ten="40,8000,1" yaku="28,2,20,1,12,1" doraHai="56" who="2" fromWho="0" sc="250,-80,250,0,250,90,240,0" />
</Scene>
<Scene>
<INIT seed="1,0,0,2,1,34" ten="170,250,340,240" oya="1" hai0="3,11,122,105,83,121,41,134,116,0,40,69,26" hai1="61,35,90,21,36,49,132,128,100,110,51,135,19" hai2="46,113,127,32,85,120,54,37,64,75,2,66,114" hai3="104,94,24,88,97,25,107,8,71,131,77,38,31"/><U70/><E36/><V33/><F75/><W73/><G71/><T17/><D116/><U59/><E35/><V87/><F120/><N who="0" m="46186" /><D105/><U96/><E70/><V118/><F54/><W78/><G38/><T30/><D69/><U48/><E128/><V115/><F115/><W4/><G131/><T1/><D83/><U95/><E100/><V126/><F37/><W65/><G65/><T13/><D134/><U109/><E19/><V56/><F56/><W12/><G25/><T20/><AGARI ba="0,0" hai="0,1,3,11,13,17,20,26,30,40,41" m="46186" machi="20" ten="40,8000,1" yaku="13,1,52,3" doraHai="34" who="0" fromWho="0" sc="170,80,250,-40,340,-20,240,-20" />
</Scene>
<Scene>
<INIT seed="2,0,0,3,0,10" ten="250,210,320,220" oya="2" hai0="32,132,25,35,55,114,135,106,64,36,102,61,92" hai1="19,14,125,4,122,15,26,105,16,68,3,0,51" hai2="58,78,77,130,81,65,1,74,6,2,20,103,48" hai3="76,31,11,22,43,107,100,127,33,79,70,17,116"/><V60/><F130/><W97/><G116/><T104/><D36/><U69/><E105/><V113/><F113/><W34/><G127/><T126/><D114/><U42/><E42/><V84/><F103/><W90/><G11/><T89/><D55/><U95/><E51/><V73/><F84/><W98/><G70/><N who="0" m="42255" /><D126/><U119/><E125/><V21/><F48/><W108/><G108/><T9/><D9/><U85/><E119/><V134/><F134/><W62/><G62/><T28/><D35/><U83/><E95/><V13/><F6/><W131/><G131/><T124/><D124/><U96/><E96/><V24/><F13/><W88/><G98/><N who="0" m="61527" /><D106/><U46/><E85/><AGARI ba="0,0" hai="25,28,32,85,89,92,132,135" m="61527,42255" machi="85" ten="30,1000,0" yaku="25,1" doraHai="10" who="0" fromWho="1" sc="250,10,210,-10,320,0,220,0" />
</Scene>
<Scene>
<INIT seed="3,0,0,1,0,128" ten="260,200,320,220" oya="3" hai0="85,109,119,36,48,26,82,68,63,57,94,106,16" hai1="87,120,55,20,66,44,132,7,123,110,43,69,73" hai2="98,72,134,61,62,135,14,115,67,93,102,90,126" hai3="11,27,59,6,122,130,58,78,28,124,41,89,5"/><W19/><G122/><T2/><D36/><N who="1" m="21607" /><E73/><V32/><F72/><W13/><G130/><T118/><D106/><U51/><E20/><V105/><F115/><W12/><G124/><T29/><D2/><U52/><E87/><V4/><F32/><W70/><G70/><T18/><D109/><U117/><E7/><V84/><F126/><W31/><G41/><T21/><D68/><U42/><E110/><V108/><F108/><W60/><G78/><T133/><D48/><U38/><E117/><V3/><F3/><W77/><G77/><T64/><D94/><U74/><E74/><V92/><F92/><W79/><G79/><T50/><D50/><U95/><E95/><V76/><F76/><W25/><G60/><T127/><D18/><U107/><E107/><V15/><F62/><W46/><G46/><T125/><D127/><U104/><E104/><V103/><F103/><W116/><G19/><T86/><D125/><U23/><E23/><V80/><F105/><W100/><G11/><T99/><D16/><U8/><E8/><V91/><F102/><W9/><G9/><T111/><D111/><U33/><E33/><V65/><F4/><W83/><G100/><T22/><D22/><U81/><E69/><N who="2" m="42159" /><F15/><W113/><G116/><T129/><D21/><U101/><E101/><V121/><F14/><W45/><G83/><T17/><D82/><U1/><E120/><V39/><F121/><W0/><G13/><T71/><D118/><U30/><E1/><V75/><F75/><W24/><G0/><T54/><D119/><U56/><E123/><V37/><F67/><RYUUKYOKU ba="0,0" sc="260,-10,200,-10,320,30,220,-10" hai2="37,39,80,84,90,91,93,98,134,135" />
</Scene>
<Scene>
<INIT seed="4,1,0,0,4,15" ten="250,190,350,210" oya="0" hai0="91,87,65,47,74,133,134,49,132,98,23,67,26" hai1="68,58,115,30,108,129,54,81,44,94,111,52,101" hai2="62,4,56,89,125,71,95,33,82,77,36,114,121" hai3="86,78,70,1,118,6,53,76,7,22,38,80,12"/><T29/><D98/><U83/><E68/><V18/><F71/><W66/><G118/><T135/><N who="0" m="33792" /><DORA hai="55" /><T85/><D74/><U39/><E30/><V61/><F61/><W28/><G38/><T96/><D96/><N who="1" m="59543" /><E39/><V97/><F36/><W123/><G1/><T126/><D126/><U41/><E111/><V42/><F42/><W51/><G66/><N who="0" m="25099" /><D91/><U25/><E108/><V72/><F33/><W37/><G37/><T112/><D112/><U122/><E122/><V59/><F4/><W90/><G70/><T107/><D107/><U5/><E5/><N who="3" m="1546" /><G123/><T93/><D93/><U45/><E115/><V105/><F114/><W116/><G116/><T88/><D88/><U35/><E35/><V32/><F32/><W34/><G34/><T20/><D20/><U10/><E83/><V60/><F121/><W79/><G90/><T103/><D103/><U99/><E81/><V57/><F125/><W110/><G110/><T131/><D131/><U27/><E99/><V130/><F130/><W17/><G28/><T24/><D24/><U84/><E84/><V119/><F119/><W21/><G21/><T31/><D31/><U40/><E129/><V109/><F109/><W2/><G2/><T14/><D14/><U19/><E27/><V104/><F104/><W75/><G75/><T117/><D117/><U69/><E25/><V120/><F120/><W113/><G113/><T127/><D127/><U128/><E128/><V11/><F105/><W63/><G80/><T0/><D0/><U3/><E3/><V8/><F8/><W100/><G100/><T102/><D102/><RYUUKYOKU ba="1,0" sc="250,15,190,-15,350,15,210,-15" hai0="23,26,29,47,49,85,87" hai2="11,18,56,57,59,60,62,72,77,82,89,95,97" />
</Scene>
<Scene>
<INIT seed="4,2,0,2,5,126" ten="265,175,365,195" oya="0" hai0="2,84,86,23,85,65,10,131,7,106,88,8,116" hai1="57,89,30,19,100,67,42,64,16,127,98,53,31" hai2="81,51,20,107,52,28,76,54,66,71,37,73,128" hai3="94,122,48,80,79,108,18,102,82,40,25,91,63"/><T58/><D116/><U130/><E127/><V6/><F107/><W12/><G108/><T27/><D106/><U47/><E89/><V133/><F37/><W97/><G122/><T109/><D131/><U41/><E130/><V22/><F128/><W59/><G25/><T46/><D109/><U21/><E98/><V44/><F6/><W17/><G17/><T113/><D113/><U125/><E100/><V115/><F115/><W120/><G120/><T32/><D32/><U9/><E125/><V83/><F28/><N who="1" m="10793" /><E9/><N who="0" m="3689" /><D2/><U62/><E19/><V38/><F38/><W110/><G102/><T101/><D101/><U69/><E69/><V68/><F68/><W56/><G56/><T75/><D75/><U104/><E104/><V95/><F71/><W1/><G1/><T0/><D0/><U129/><E129/><V132/><F73/><W121/><G79/><T39/><D39/><U11/><E11/><V114/><F76/><W13/><G110/><T50/><D7/><U117/><E117/><V78/><F78/><W118/><G121/><T45/><D88/><U15/><E47/><V5/><F5/><W90/><G90/><T34/><D34/><U124/><E124/><V70/><F70/><W103/><G91/><T111/><D111/><U134/><E134/><V33/><F44/><N who="3" m="25607" /><G118/><T123/><D123/><U43/><AGARI ba="2,0" hai="15,16,21,41,42,43,53,57,62,64,67" m="10793" machi="43" ten="30,2000,0" yaku="8,1,54,1" doraHai="126" who="1" fromWho="1" sc="265,-12,175,26,365,-7,195,-7" />
</Scene>
<Scene>
<INIT seed="5,0,0,1,1,41" ten="253,201,358,188" oya="1" hai0="25,90,114,100,64,132,89,105,24,30,108,20,50" hai1="1,82,10,9,81,134,107,60,44,71,123,110,122" hai2="8,91,18,112,54,27,39,51,62,38,68,104,67" hai3="43,45,102,0,80,121,117,92,49,23,77,16,124"/><U78/><E107/><V131/><F104/><W120/><G124/><T83/><D108/><U75/><E110/><V3/><F131/><W7/><G117/><T17/><D132/><U35/><E35/><V106/><F106/><W101/><G0/><T26/><D114/><U55/><E134/><V31/><F112/><W93/><G7/><T125/><D125/><U36/><E81/><V94/><F18/><W11/><G11/><T58/><D105/><U2/><E10/><V32/><F8/><W15/><G121/><N who="1" m="46090" /><E55/><V88/><F3/><W46/><G120/><T116/><D116/><U56/><E56/><V19/><F19/><W109/><G109/><T13/><D100/><N who="3" m="38505" /><G46/><T130/><D130/><U47/><E47/><V70/><F70/><W6/><G6/><T40/><D83/><U66/><E9/><V28/><F91/><W103/><N who="3" m="38513" /><W118/><DORA hai="115" /><G118/><T5/><D5/><U129/><E129/><V99/><F31/><W126/><G126/><T37/><D90/><U97/><E97/><V33/><F33/><W119/><G119/><T61/><D89/><U127/><E127/><V48/><F48/><W52/><G43/><AGARI ba="0,0" hai="1,2,36,43,44,60,66,71,75,78,82" m="46090" machi="43" ten="30,2900,0" yaku="23,1,52,1" doraHai="41,115" who="1" fromWho="3" sc="253,0,201,29,358,0,188,-29" />
</Scene>
<Scene>
<INIT seed="5,1,0,2,0,119" ten="253,230,358,159" oya="1" hai0="98,51,102,36,7,122,113,63,96,21,64,72,43" hai1="56,20,110,77,114,79,87,111,60,73,6,88,9" hai2="89,33,11,120,57,26,29,24,58,107,69,49,30" hai3="94,19,37,80,54,59,75,125,38,100,93,123,105"/><U44/><E114/><V47/><F69/><W99/><G125/><T127/><D113/><U130/><E20/><V40/><F120/><W39/><G19/><T133/><D72/><U135/><E44/><V32/><F107/><W22/><G22/><T2/><D36/><U5/><E73/><V116/><F116/><W84/><G123/><T42/><D133/><U78/><E135/><V132/><F132/><W103/><G103/><T1/><D127/><U67/><E130/><V95/><F11/><W117/><G117/><T35/><D21/><U17/><E17/><V55/><F40/><W16/><G16/><T23/><D23/><U124/><E124/><V14/><F14/><W70/><G70/><T68/><D35/><U4/><REACH who="1" step="1"/><E9/><REACH who="1" ten="253,220,358,159" step="2"/><V126/><F126/><W53/><G75/><T128/><D128/><U41/><E41/><V97/><AGARI ba="1,1" hai="24,26,29,30,32,33,47,49,55,57,58,89,95,97" machi="97" ten="20,2700,0" yaku="0,1,7,1,9,1" doraHai="119" who="2" fromWho="2" sc="253,-8,220,-14,358,40,159,-8" />
</Scene>
<Scene>
<INIT seed="6,0,0,0,4,67" ten="245,206,398,151" oya="2" hai0="55,0,48,104,13,78,95,57,127,118,79,92,126" hai1="101,82,128,100,58,20,56,54,44,119,65,116,125" hai2="97,60,59,74,103,50,5,3,42,86,15,131,108" hai3="32,123,41,2,36,132,53,98,83,81,39,91,29"/><V133/><F74/><W110/><G110/><T35/><D0/><U19/><E125/><N who="0" m="47625" /><D104/><U52/><E128/><V94/><F3/><W99/><G123/><T4/><D35/><U124/><E124/><V90/><F133/><W38/><G2/><T122/><D122/><U14/><E65/><V28/><F28/><W102/><G132/><T7/><D118/><U17/><E44/><V16/><F131/><W105/><G41/><T62/><D62/><N who="1" m="36103" /><E119/><V63/><F5/><N who="0" m="2122" /><D13/><N who="1" m="9263" /><E82/><V89/><F108/><W88/><G53/><T12/><D12/><U93/><E93/><AGARI ba="0,0" hai="48,55,57,78,79,92,93,95" m="2122,47625" machi="93" ten="30,1000,0" yaku="18,1" doraHai="67" who="0" fromWho="1" sc="245,10,206,-10,398,0,151,0" />
</Scene>
<Scene>
<INIT seed="7,0,0,5,0,1" ten="255,196,398,151" oya="3" hai0="27,73,53,101,76,94,122,35,108,32,47,103,44" hai1="50,63,45,70,67,125,62,130,81,91,26,100,41" hai2="3,111,80,12,39,109,16,114,105,40,59,2,83" hai3="13,21,102,121,79,14,51,128,123,8,77,71,90"/><W17/><G71/><T110/><D94/><U132/><E100/><V36/><F105/><W42/><G128/><T131/><D53/><U48/><E130/><V127/><F127/><W65/><G102/><T38/><D131/><U75/><E125/><V15/><F59/><W29/><G65/><T87/><D87/><U6/><E132/><V74/><F74/><W88/><G123/><T135/><D27/><U95/><E6/><V93/><F93/><W28/><G28/><T98/><D98/><U7/><E7/><V115/><F16/><N who="3" m="8231" /><G29/><T24/><D24/><U78/><E62/><V23/><F23/><W119/><G119/><T118/><D118/><U4/><E4/><V120/><F40/><W96/><G121/><AGARI ba="0,0" hai="2,3,12,15,36,39,80,83,109,111,114,115,120,121" machi="121" ten="25,1600,0" yaku="22,2" doraHai="1" who="2" fromWho="3" sc="255,0,196,0,398,16,151,-16" owari="255,6.0,196,-20.0,414,50.0,135,-36.0" />
</Scene>
</mjloggm>