<mjloggm ver="2.3"><GO type="169" lobby="0"/><UN n0="%64%61%6E%6E%63%68%69" n1="%E5%A4%AA%E3%81%8F%E3%81%AA%E3%81%84%E3%81%8A" n2="%E7%A2%BA%E5%A4%89%E3%81%AF%E6%AD%A3%E7%BE%A9%EF%BC%81" n3="%54%61%6E%70%61%61%63%68" dan="16,17,16,16" rate="2093.29,2247.70,2100.59,2021.09" sx="M,F,M,M"/><TAIKYOKU oya="0"/>

<Scene>
<INIT seed="0,0,0,1,2,10" ten="250,250,250,250" oya="0" hai0="101,124,32,31,24,129,5,40,74,128,88,119,2" hai1="132,122,66,52,17,25,90,0,4,94,58,71,72" hai2="44,83,79,121,27,6,64,116,9,106,47,7,12" hai3="120,96,130,112,37,54,114,53,29,46,61,78,11"/><T16/><D101/><U55/><E122/><V41/><F121/><W36/><G130/><N who="0" m="50283" /><D74/><U62/><E72/><V104/><F116/><W81/><G29/><T102/><D102/><U133/><E4/><V20/><F64/><W39/><G96/><T123/><D40/><U113/><E0/><V13/><F13/><W86/><G11/><N who="0" m="2487" /><D123/><U115/><E25/><V89/><F6/><W59/><G120/><T85/><D124/><U1/><E17/><V60/><F60/><W107/><G107/><T127/><D127/><U75/><E75/><V98/><F89/><W135/><G135/><N who="1" m="51786" /><E1/><V22/><F98/><W111/><G111/><T50/><D50/><N who="1" m="30999" /><E55/><V65/><F106/><W73/><G73/><T126/><D126/><U80/><E80/><V105/><F104/><W28/><G114/><N who="1" m="43530" /><E90/><V43/><F105/><W110/><G110/><T95/><D119/><U42/><E94/><V67/><F83/><W131/><G112/><T19/><AGARI ba="0,0" hai="16,19,24,31,32,85,88,95" m="2487,50283" machi="19" ten="30,6000,0" yaku="19,1,54,2" doraHai="10" who="0" fromWho="0" sc="250,60,250,-20,250,-20,250,-20" />
</Scene>
<Scene>
<INIT seed="0,1,0,0,5,57" ten="310,230,230,230" oya="0" hai0="38,3,52,106,119,39,86,132,8,37,92,23,101" hai1="115,120,97,5,46,82,20,17,129,51,75,67,49" hai2="24,60,123,114,54,53,80,47,35,71,50,118,41" hai3="81,66,28,63,27,15,72,122,107,93,79,68,2"/><T62/><D119/><U124/><E120/><V134/><F123/><W40/><G122/><T31/><D132/><U16/><E5/><V1/><F1/><W91/><G2/><T25/><D106/><U78/><E124/><V61/><F114/><W84/><G107/><T0/><D8/><U65/><E115/><V9/><F134/><W30/><G40/><T64/><D86/><U110/><E110/><V100/><F71/><W96/><G15/><T44/><D44/><U13/><E129/><V94/><F9/><W99/><REACH who="3" step="1"/><G30/><REACH who="3" ten="310,230,230,220" step="2"/><T32/><D3/><U70/><E70/><V48/><F41/><W36/><G36/><T105/><D0/><U34/><E13/><V73/><F118/><W19/><G19/><T33/><D39/><U77/><E16/><V45/><F24/><W103/><G103/><T127/><D38/><U56/><E17/><V117/><F117/><W83/><G83/><T4/><D37/><U112/><E82/><V121/><F121/><W111/><G111/><T135/><D105/><U108/><E108/><V85/><F73/><W76/><G76/><T22/><D127/><U88/><E77/><N who="2" m="46223" /><F35/><AGARI ba="1,1" hai="27,28,35,63,66,68,72,79,81,84,91,93,96,99" machi="35" ten="30,3900,0" yaku="1,1,7,1,52,1,53,0" doraHai="57" doraHaiUra="98" who="3" fromWho="2" sc="310,0,230,0,230,-42,220,52" />
</Scene>
<Scene>
<INIT seed="1,0,0,0,1,20" ten="310,230,188,272" oya="1" hai0="14,115,61,113,83,84,3,98,75,112,99,131,43" hai1="134,89,107,22,28,30,126,80,72,59,111,65,46" hai2="31,4,79,21,97,13,129,130,117,2,45,95,24" hai3="12,40,67,100,93,125,27,35,7,114,1,62,104"/><U58/><E107/><V64/><F117/><W77/><G114/><T70/><D3/><U23/><E126/><V73/><F64/><W101/><G1/><T71/><D75/><U118/><E118/><V56/><F2/><W135/><G135/><T54/><D43/><U105/><E105/><V90/><F56/><W82/><G40/><T10/><D131/><N who="2" m="50186" /><F45/><W51/><G51/><T38/><D38/><U85/><E72/><V69/><F69/><W106/><G104/><T37/><D37/><U50/><E134/><V33/><F4/><W120/><G120/><T103/><D54/><N who="1" m="30039" /><E111/><V47/><F47/><W15/><G106/><T49/><D49/><U123/><E123/><V76/><F73/><W57/><G101/><T9/><D103/><U87/><E65/><V52/><F52/><W6/><G125/><T63/><D70/><U119/><E119/><V8/><F8/><W32/><G32/><T78/><D10/><U66/><E66/><V16/><AGARI ba="0,0" hai="13,16,21,24,31,33,76,79,90,95,97" m="50186" machi="16" ten="30,4000,0" yaku="19,1,52,1,54,1" doraHai="20" who="2" fromWho="2" sc="310,-10,230,-20,188,40,272,-10" />
</Scene>
<Scene>
<INIT seed="2,0,0,0,5,68" ten="300,210,228,262" oya="2" hai0="56,39,111,71,100,96,42,26,43,128,80,86,45" hai1="23,54,76,82,32,115,83,104,20,129,87,109,91" hai2="117,112,135,55,98,28,61,41,7,102,88,73,105" hai3="58,44,63,119,25,37,72,48,5,49,92,59,57"/><V14/><F117/><W123/><G72/><T84/><D71/><U95/><E115/><V10/><F112/><W17/><G123/><T116/><D116/><U114/><E114/><V51/><F73/><W52/><G5/><T89/><D111/><U60/><E32/><V132/><F28/><W35/><G119/><T38/><D128/><U2/><E2/><V70/><F41/><W24/><G92/><T124/><D124/><U65/><E109/><V64/><REACH who="2" step="1"/><F88/><REACH who="2" ten="300,210,218,262" step="2"/><W85/><G35/><T131/><D131/><U93/><E91/><V118/><F118/><W78/><G78/><T40/><D86/><U113/><E113/><V31/><F31/><W22/><G85/><T16/><D42/><U125/><E129/><V94/><F94/><W46/><G63/><T34/><D43/><U62/><E87/><V108/><F108/><W6/><G37/><T130/><D34/><U53/><E76/><V110/><F110/><W77/><G77/><T106/><D130/><U11/><E95/><V107/><F107/><W15/><REACH who="3" step="1"/><G6/><REACH who="3" ten="300,210,218,252" step="2"/><T21/><D39/><U99/><E93/><V0/><F0/><W75/><G75/><T4/><D4/><U79/><E79/><V67/><F67/><W18/><G18/><T47/><D38/><U120/><E65/><V122/><F122/><W69/><G69/><T9/><D84/><U8/><E120/><V50/><F50/><W127/><G127/><T3/><D16/><U13/><E104/><V19/><F19/><W133/><G133/><T27/><D106/><U74/><E74/><V12/><F12/><W97/><G97/><RYUUKYOKU ba="0,2" sc="300,-15,210,-15,218,15,252,15" hai2="7,10,14,51,55,61,64,70,98,102,105,132,135" hai3="15,17,22,24,25,44,46,48,49,52,57,58,59" />
</Scene>
<Scene>
<INIT seed="2,1,2,0,1,37" ten="285,195,233,267" oya="2" hai0="123,14,108,71,69,43,111,44,93,86,92,129,85" hai1="19,113,39,32,3,73,127,107,96,11,35,67,56" hai2="26,89,16,77,61,24,70,97,126,121,102,74,27" hai3="21,122,103,90,100,22,40,82,59,65,88,81,63"/><V132/><F121/><W2/><G2/><T46/><D123/><U47/><E113/><V119/><F119/><W106/><G122/><T28/><D28/><U131/><E56/><V78/><F132/><W13/><G40/><T18/><D129/><U128/><E67/><V120/><F120/><W99/><G103/><T115/><D14/><U49/><E73/><V9/><F89/><W91/><REACH who="3" step="1"/><G13/><REACH who="3" ten="285,195,233,257" step="2"/><T30/><D43/><N who="1" m="24831" /><E3/><V57/><F126/><W6/><G6/><T23/><D115/><U117/><E127/><V124/><F124/><W68/><G68/><T29/><D71/><U53/><E131/><V98/><F70/><W25/><G25/><T1/><D69/><U42/><E42/><V110/><F102/><W41/><G41/><T38/><D1/><U116/><E128/><V87/><F26/><W48/><G48/><T76/><D38/><U80/><E39/><V133/><F27/><W95/><G95/><T7/><D7/><U83/><E117/><V45/><F24/><W31/><G31/><T64/><D29/><U34/><E116/><V134/><F133/><W15/><G15/><T112/><D30/><U51/><E34/><V105/><F134/><W62/><G62/><T55/><D112/><U75/><E35/><V130/><F61/><W36/><G36/><T20/><D92/><U54/><E32/><V58/><F130/><W17/><G17/><T33/><D93/><U60/><E60/><V52/><F16/><W10/><G10/><T135/><D18/><U101/><E19/><V66/><F9/><W104/><G104/><T114/><D33/><RYUUKYOKU ba="1,3" sc="285,-10,195,-10,233,-10,257,30" hai3="21,22,59,63,65,81,82,88,90,91,99,100,106" />
</Scene>
<Scene>
<INIT seed="3,2,3,3,0,106" ten="275,185,223,287" oya="3" hai0="116,34,8,115,16,45,82,129,28,3,112,135,90" hai1="88,6,103,108,66,65,9,91,131,83,61,2,122" hai2="102,93,22,60,133,26,95,35,81,77,132,119,29" hai3="100,52,49,38,99,75,43,48,33,109,125,54,126"/><W84/><G33/><T68/><D68/><U94/><E122/><V4/><F119/><W25/><G25/><N who="0" m="18703" /><D116/><U58/><E108/><V64/><F4/><W98/><G75/><T69/><D69/><U40/><E131/><V13/><F13/><W111/><G84/><N who="0" m="50455" /><D129/><U46/><E66/><V42/><F42/><W105/><G98/><T71/><D71/><U32/><E32/><V18/><F18/><W74/><G74/><T12/><D45/><U76/><E94/><V123/><F123/><W19/><G19/><T121/><D121/><U53/><E53/><N who="3" m="20586" /><G38/><T128/><D128/><U97/><E97/><N who="2" m="59695" /><F95/><W92/><G92/><T73/><D73/><N who="1" m="43407" /><E103/><V134/><F35/><W17/><G17/><T63/><D63/><U0/><E0/><V118/><F118/><W44/><G49/><T107/><D107/><U7/><E7/><V37/><F37/><AGARI ba="2,3" hai="2,6,9,37,40,46,58,61,65,88,91" m="43407" machi="37" ten="30,3900,0" yaku="25,1,52,1,54,1" doraHai="106" who="1" fromWho="2" sc="275,0,185,75,223,-45,287,0" />
</Scene>
<Scene>
<INIT seed="4,0,0,1,3,28" ten="275,260,178,287" oya="0" hai0="122,59,127,39,3,132,116,60,124,54,31,48,57" hai1="42,21,92,76,67,65,105,71,49,94,99,104,64" hai2="111,85,109,40,98,110,18,89,30,51,118,117,120" hai3="100,41,66,87,52,9,88,47,37,63,86,123,125"/><T82/><D3/><U81/><E71/><V14/><F120/><W75/><G75/><T22/><D116/><N who="2" m="44650" /><F98/><W36/><G123/><T58/><D122/><U6/><E6/><V61/><F61/><W101/><G125/><N who="0" m="48203" /><D39/><U70/><E70/><V129/><F30/><W102/><G36/><T97/><D132/><U130/><E130/><V62/><F62/><W26/><G86/><T23/><D31/><U10/><E10/><N who="2" m="6487" /><F129/><W95/><G9/><T112/><D112/><U90/><E21/><N who="0" m="7689" /><D97/><U126/><E126/><V38/><F38/><W135/><G26/><T53/><D82/><U80/><E92/><N who="2" m="54319" /><F111/><W56/><REACH who="3" step="1"/><G135/><REACH who="3" ten="275,260,178,277" step="2"/><T128/><D128/><U25/><E25/><V1/><F1/><W69/><G69/><T24/><D24/><U27/><E27/><V121/><F121/><W74/><G74/><T119/><D119/><U96/><E96/><V2/><F2/><W68/><G68/><T72/><D72/><U20/><E20/><V33/><F33/><W4/><G4/><T0/><D0/><U103/><E105/><V16/><F16/><W91/><G91/><T8/><D8/><U44/><E104/><V7/><F7/><W46/><G46/><AGARI ba="0,1" hai="46,48,53,54,57,58,59,60" m="7689,48203" machi="46" ten="30,1500,0" yaku="18,1" doraHai="28" who="0" fromWho="3" sc="275,25,260,0,178,0,277,-15" /><AGARI ba="0,0" hai="40,46,51,109,110" m="54319,6487,44650" machi="46" ten="30,1000,0" yaku="12,1" doraHai="28" who="2" fromWho="3" sc="300,0,260,0,178,10,262,-10" />
</Scene>
<Scene>
<INIT seed="4,1,0,1,4,96" ten="300,260,188,252" oya="0" hai0="133,47,50,98,0,112,57,61,70,121,134,110,97" hai1="39,90,129,22,21,68,126,124,64,60,65,41,18" hai2="104,109,30,74,95,120,123,132,56,131,116,99,29" hai3="14,2,31,72,17,76,93,127,83,122,115,23,113"/><T128/><D0/><U20/><E129/><V12/><F74/><W43/><G122/><T79/><D121/><U34/><E34/><V44/><F109/><W71/><G127/><N who="1" m="48682" /><E65/><V125/><F125/><W66/><G2/><T78/><D112/><U91/><E18/><V25/><F131/><W33/><G43/><T42/><D70/><U85/><E85/><V103/><F132/><N who="0" m="50794" /><D128/><U24/><E24/><V8/><F116/><W86/><G31/><T16/><D110/><U114/><E114/><V9/><F30/><W7/><G33/><T88/><D16/><U80/><E80/><V105/><F8/><W49/><G7/><T111/><D111/><U84/><E84/><V46/><F123/><W36/><G36/><T48/><D48/><U135/><E135/><V52/><F120/><W63/><G49/><T77/><D88/><U15/><E15/><V35/><F105/><W92/><G113/><T67/><AGARI ba="1,0" hai="42,47,50,57,61,67,77,78,79,97,98" m="50794" machi="67" ten="30,1500,0" yaku="20,1" doraHai="96" who="0" fromWho="0" sc="300,18,260,-6,188,-6,252,-6" />
</Scene>
<Scene>
<INIT seed="4,2,0,0,4,63" ten="318,254,182,246" oya="0" hai0="117,1,23,134,113,0,45,48,34,131,89,43,85" hai1="74,60,21,71,86,95,25,79,54,64,68,47,122" hai2="125,132,112,30,20,78,119,104,93,94,129,31,84" hai3="72,51,12,55,27,76,18,101,87,128,70,33,133"/><T15/><D117/><U36/><E122/><V83/><F119/><W22/><G72/><T58/><D34/><U41/><E74/><V97/><F112/><W40/><G70/><T127/><D113/><U67/><E54/><V103/><F132/><W26/><G128/><T24/><D134/><U81/><E95/><V61/><F129/><W124/><G124/><T105/><D105/><U118/><E118/><V3/><F3/><W135/><G101/><T120/><D131/><U69/><REACH who="1" step="1"/><E60/><REACH who="1" ten="318,244,182,246" step="2"/><V13/><F125/><W110/><G55/><T46/><D127/><U130/><E130/><V17/><F94/><W16/><G133/><T4/><D120/><U102/><E102/><V88/><REACH who="2" step="1"/><F61/><REACH who="2" ten="318,244,172,246" step="2"/><W35/><G135/><T91/><D1/><U108/><E108/><V80/><F80/><W5/><G110/><T32/><D0/><U109/><E109/><V57/><F57/><W44/><G35/><T96/><D32/><U111/><E111/><V123/><F123/><W121/><G33/><T2/><D2/><U66/><E66/><V29/><F29/><AGARI ba="2,2" hai="21,25,29,36,41,47,64,67,68,69,71,79,81,86" machi="29" ten="40,8000,1" yaku="1,1,52,2,53,1" doraHai="63" doraHaiUra="38" who="1" fromWho="2" sc="318,0,244,106,172,-86,246,0" />
</Scene>
<Scene>
<INIT seed="5,0,0,1,3,94" ten="318,350,86,246" oya="1" hai0="85,126,21,62,34,69,125,19,26,42,120,56,64" hai1="93,97,0,38,51,72,8,15,4,101,18,12,7" hai2="10,54,65,28,134,133,31,17,71,106,88,76,61" hai3="49,6,30,124,29,82,117,116,55,92,109,131,66"/><U132/><E38/><V112/><F76/><W98/><G109/><T84/><D120/><U121/><E121/><V80/><F106/><W24/><G124/><T67/><D42/><U79/><E132/><N who="2" m="50795" /><F112/><W99/><G6/><T122/><D122/><U25/><E0/><V60/><F60/><W5/><G5/><T115/><D115/><U135/><E135/><V129/><F54/><W32/><G131/><T128/><D128/><U59/><E25/><V14/><F129/><W105/><G66/><T13/><D67/><U75/><E79/><V48/><F48/><W16/><G82/><T91/><D69/><U27/><E27/><V74/><F74/><W114/><G114/><T33/><D85/><AGARI ba="0,0" hai="10,14,17,28,31,61,65,71,80,85,88" m="50795" machi="85" ten="30,2000,0" yaku="20,1,54,1" doraHai="94" who="2" fromWho="0" sc="318,-20,350,0,86,20,246,0" />
</Scene>
<Scene>
<INIT seed="6,0,0,0,2,45" ten="298,350,106,246" oya="2" hai0="41,126,122,49,17,5,58,90,63,4,27,72,108" hai1="69,26,106,13,33,24,64,11,6,71,34,100,110" hai2="40,44,133,42,2,128,76,62,75,118,83,22,109" hai3="125,112,35,54,65,89,132,123,1,82,37,28,103"/><V81/><F118/><W56/><G123/><T127/><D72/><U3/><E110/><V38/><F109/><W31/><G1/><T48/><D108/><U104/><E13/><V9/><F133/><W102/><G37/><T111/><D111/><U124/><E124/><N who="0" m="47657" /><D41/><U47/><E47/><V23/><F128/><W135/><G112/><T113/><D122/><U57/><E57/><V85/><F62/><W117/><G125/><T43/><D43/><U105/><E100/><V70/><F70/><N who="1" m="26633" /><E64/><V36/><F40/><W21/><G65/><N who="0" m="39159" /><D113/><U60/><E60/><V91/><REACH who="2" step="1"/><F38/><REACH who="2" ten="298,350,96,246" step="2"/><W50/><G117/><T74/><D74/><U119/><E119/><V16/><F16/><W129/><G129/><T19/><D19/><U86/><E6/><AGARI ba="0,1" hai="2,6,9,22,23,36,42,44,75,76,81,83,85,91" machi="6" ten="40,7700,0" yaku="1,1,25,2,53,0" doraHai="45" doraHaiUra="66" who="2" fromWho="1" sc="298,0,350,-77,96,87,246,0" />
</Scene>
<Scene>
<INIT seed="6,1,0,5,2,81" ten="298,273,183,246" oya="2" hai0="28,1,69,78,14,68,89,132,15,76,22,126,17" hai1="41,94,117,103,48,127,120,129,40,24,99,119,20" hai2="44,52,3,111,71,82,109,105,134,60,115,58,51" hai3="93,32,2,91,64,131,8,77,56,74,38,124,95"/><V104/><F3/><W39/><G32/><T6/><D1/><U113/><E113/><V65/><F115/><W33/><G33/><T27/><D126/><U128/><E127/><V29/><F29/><W25/><G131/><N who="1" m="50250" /><E120/><V11/><F11/><W54/><G64/><T97/><D132/><U66/><E66/><V122/><F122/><W42/><G25/><T106/><D69/><U73/><E73/><V87/><F134/><W121/><G121/><T12/><D68/><U79/><E79/><N who="0" m="30249" /><D106/><U4/><E4/><V133/><F133/><W53/><G124/><T34/><D34/><U63/><E63/><V116/><F116/><N who="1" m="44617" /><E48/><V30/><F30/><AGARI ba="1,0" hai="20,24,30,40,41,94,99,103" m="44617,50250" machi="30" ten="30,1000,0" yaku="19,1" doraHai="81" who="1" fromWho="2" sc="298,0,273,13,183,-13,246,0" />
</Scene>
<Scene>
<INIT seed="7,0,0,0,3,41" ten="298,286,170,246" oya="3" hai0="43,81,49,75,90,31,121,70,23,62,133,5,44" hai1="107,124,131,77,79,100,66,38,104,48,28,134,126" hai2="72,78,20,50,8,45,132,91,111,95,74,61,19" hai3="58,135,127,9,123,42,59,30,36,53,120,89,102"/><W21/><G127/><N who="1" m="48682" /><E38/><V108/><F132/><W2/><G135/><T35/><D121/><U29/><E134/><V51/><F8/><W115/><G102/><T85/><D133/><U103/><E66/><V114/><F114/><W4/><G115/><T39/><D35/><U125/><E125/><V97/><F61/><W80/><G21/><T57/><D5/><U47/><E103/><V76/><F51/><W82/><G30/><N who="1" m="11882" /><E131/><V88/><F91/><W92/><G42/><T96/><D75/><U98/><E104/><V17/><F17/><W122/><G36/><T1/><D70/><U94/><E94/><V67/><F67/><W65/><G65/><T129/><D129/><U11/><E11/><V24/><F74/><W116/><G116/><T99/><D39/><U69/><E69/><V63/><F63/><W86/><REACH who="3" step="1"/><G59/><REACH who="3" ten="298,286,170,236" step="2"/><T110/><D57/><U3/><E3/><V68/><F68/><W14/><G14/><T130/><D1/><U34/><E34/><V101/><F101/><W0/><G0/><T22/><D130/><U71/><E71/><V46/><F46/><W118/><G118/><T117/><D117/><U128/><E128/><V37/><F37/><W109/><G109/><T113/><D110/><U16/><E47/><V26/><F26/><W25/><G25/><N who="0" m="16823" /><D113/><U73/><E100/><V10/><F10/><W56/><G56/><T15/><D15/><U27/><E27/><V106/><F106/><W112/><G112/><T55/><D23/><U87/><E107/><V6/><F111/><W84/><G84/><T119/><D119/><U64/><E87/><RYUUKYOKU ba="0,1" sc="298,15,286,-15,170,-15,236,15" hai0="43,44,49,55,62,81,85,90,96,99" hai3="2,4,9,53,58,80,82,86,89,92,120,122,123" />
</Scene>
<Scene>
<INIT seed="7,1,1,4,0,70" ten="313,271,155,251" oya="3" hai0="40,124,62,19,49,47,108,13,110,11,0,44,135" hai1="8,93,37,74,16,60,86,32,96,17,72,98,127" hai2="118,78,56,126,129,59,125,1,15,116,29,92,94" hai3="26,106,61,133,14,39,109,24,103,76,69,27,21"/><W105/><G76/><T71/><D124/><U117/><E32/><V28/><F1/><W87/><G133/><T48/><D135/><U67/><E127/><V50/><F78/><W53/><G39/><T81/><D0/><U36/><E86/><V6/><F6/><W22/><G87/><T20/><D81/><U102/><E117/><V34/><F15/><W128/><G128/><T31/><D71/><U12/><E17/><V82/><F50/><W43/><G43/><T79/><D62/><U130/><E130/><V89/><F89/><W90/><G90/><T52/><D79/><U84/><E84/><V9/><F9/><W77/><G77/><T18/><REACH who="0" step="1"/><D31/><REACH who="0" ten="303,271,155,251" step="2"/><U63/><E63/><V99/><F129/><W121/><G69/><T122/><D122/><U91/><E72/><V58/><F58/><W97/><G121/><T95/><D95/><U33/><E74/><V64/><F64/><W85/><G106/><T41/><D41/><U112/><E60/><V65/><F65/><W119/><G119/><T107/><D107/><U83/><E83/><V134/><F134/><W120/><G120/><T45/><D45/><U4/><E93/><V23/><F82/><W88/><G109/><T38/><D38/><U104/><E37/><V111/><F111/><W68/><G68/><T55/><D55/><U115/><E104/><V10/><F10/><W131/><G131/><T35/><D35/><U100/><E33/><V51/><F34/><W66/><G53/><T46/><D46/><U30/><E36/><V54/><F54/><W42/><G105/><T114/><D114/><RYUUKYOKU ba="1,2" sc="303,30,271,-10,155,-10,251,-10" hai0="11,13,18,19,20,40,44,47,48,49,52,108,110" owari="353,45.0,261,6.0,145,-35.0,241,-16.0" />
</Scene>
</mjloggm>