<mjloggm ver="2.3"><GO type="169" lobby="0"/><UN n0="%6D%69%6E%32%30%30%32" n1="%E9%AB%98%E7%94%BA%EF%BC%A0%E3%81%AA%E3%81%AE%E3%81%AF" n2="%74%6F%6D%75%74%6F%6D%69" n3="%E5%A4%AA%E3%81%8F%E3%81%AA%E3%81%84%E3%81%8A" dan="16,16,16,18" rate="2139.21,2169.15,2060.54,2206.83" sx="F,F,M,M"/><TAIKYOKU oya="0"/>

<Scene>
<INIT seed="0,0,0,3,2,90" ten="250,250,250,250" oya="0" hai0="115,80,116,101,13,93,133,39,82,119,61,28,117" hai1="104,100,127,131,110,83,7,71,79,96,68,70,30" hai2="91,118,43,73,95,34,33,49,62,5,23,132,56" hai3="6,65,113,15,4,26,19,81,121,0,66,29,44"/><T32/><D115/><U14/><E110/><V130/><F73/><W103/><G113/><T55/><D39/><U40/><E131/><V112/><F112/><W85/><G121/><T20/><D32/><U63/><E127/><V53/><F130/><W128/><G128/><T84/><D133/><U54/><E30/><V97/><F132/><W42/><G103/><T35/><D35/><U64/><E40/><V10/><F118/><W8/><G44/><T27/><D13/><U1/><E14/><V78/><F78/><W124/><G42/><T58/><REACH who="0" step="1"/><D84/><REACH who="0" ten="240,250,250,250" step="2"/><U21/><E21/><V31/><F23/><N who="3" m="15583" /><G124/><T52/><D52/><U86/><E54/><V36/><F36/><W48/><G0/><T75/><D75/><U60/><E1/><V51/><F34/><W77/><G15/><T3/><D3/><U46/><E7/><V87/><F43/><W135/><G6/><T114/><D114/><U9/><E9/><V92/><F10/><W98/><G4/><T107/><D107/><U125/><E125/><V109/><F5/><W74/><G74/><T59/><D59/><U67/><E46/><V122/><F122/><W105/><G135/><T16/><D16/><U69/><AGARI ba="0,1" hai="60,63,64,67,68,69,70,71,79,83,86,96,100,104" machi="69" ten="20,2700,0" yaku="0,1,7,1,9,1" doraHai="90" who="1" fromWho="1" sc="240,-13,250,37,250,-7,250,-7" />
</Scene>
<Scene>
<INIT seed="1,0,0,1,5,58" ten="227,287,243,243" oya="1" hai0="8,72,121,68,76,105,77,24,31,25,129,81,93" hai1="90,82,51,9,44,64,85,6,0,80,15,19,60" hai2="46,96,100,73,125,134,29,34,49,41,38,67,74" hai3="130,71,104,135,28,55,133,57,61,79,7,83,43"/><U4/><E80/><V47/><F134/><N who="3" m="51211" /><G104/><T126/><D105/><U23/><E23/><V42/><F125/><W39/><G130/><T86/><D68/><U119/><E0/><V1/><F1/><W26/><G7/><T53/><D129/><U18/><E18/><V127/><F127/><W14/><G14/><T32/><D126/><U87/><E87/><V45/><F45/><N who="3" m="23807" /><G71/><T21/><D121/><U16/><E119/><V128/><F128/><W20/><G83/><T118/><D118/><U62/><E4/><V69/><F29/><W101/><G101/><T117/><D117/><U94/><E82/><V40/><F40/><W2/><G2/><T13/><D93/><U113/><E113/><V123/><F34/><W122/><G79/><T109/><D109/><U120/><E120/><AGARI ba="0,0" hai="20,26,28,55,57,61,120,122" m="23807,51211" machi="120" ten="30,2000,0" yaku="20,1,52,1" doraHai="58" who="3" fromWho="1" sc="227,0,287,-20,243,0,243,20" />
</Scene>
<Scene>
<INIT seed="2,0,0,2,0,28" ten="227,267,243,263" oya="2" hai0="0,86,104,57,54,105,34,71,46,85,18,93,87" hai1="102,52,128,78,114,98,107,36,91,64,122,124,53" hai2="117,67,83,26,27,103,22,130,39,115,35,8,109" hai3="99,92,74,55,63,90,111,108,43,23,61,30,3"/><V13/><F39/><W4/><G74/><T77/><D71/><U20/><E122/><V88/><F115/><W15/><G43/><T31/><D0/><U59/><E36/><V68/><F117/><W5/><G3/><T121/><D121/><U106/><E106/><V32/><F103/><W119/><G119/><T79/><D46/><U116/><E116/><V70/><F130/><W24/><G15/><T73/><D73/><U134/><E128/><V89/><F109/><N who="3" m="42059" /><G55/><T56/><D18/><U75/><E134/><V127/><F127/><W37/><G37/><T81/><D57/><U100/><E124/><V69/><F67/><W6/><AGARI ba="0,0" hai="4,5,6,23,24,30,61,63,90,92,99" m="42059" machi="6" ten="30,1100,0" yaku="14,1" doraHai="28" who="3" fromWho="3" sc="227,-3,267,-3,243,-5,263,11" />
</Scene>
<Scene>
<INIT seed="3,0,0,4,3,36" ten="224,264,238,274" oya="3" hai0="104,76,81,14,24,66,102,73,16,35,100,115,54" hai1="25,88,22,79,87,131,77,91,39,48,57,116,47" hai2="125,40,43,42,111,130,9,89,118,5,108,78,90" hai3="92,64,38,122,97,67,29,13,124,45,113,11,80"/><W49/><G113/><T34/><D66/><U121/><E121/><V93/><F118/><W1/><G1/><T4/><D4/><U110/><E131/><V119/><F119/><W132/><G38/><T10/><D115/><U30/><E110/><N who="2" m="42027" /><F130/><W134/><G29/><T20/><D54/><U106/><E106/><V59/><F125/><W31/><G31/><T114/><D114/><U96/><E39/><V28/><F78/><W19/><G80/><T41/><D41/><N who="1" m="24687" /><E116/><V94/><F59/><W27/><G27/><T55/><D55/><U32/><E32/><V50/><F50/><W26/><G26/><T105/><D105/><U62/><E96/><V70/><F28/><W85/><G85/><T95/><D104/><U127/><E127/><V84/><F70/><W46/><G122/><T0/><D0/><U63/><E63/><V123/><F123/><W135/><G124/><T128/><D128/><U51/><E51/><V72/><F72/><W33/><G33/><T109/><D109/><U129/><E129/><V68/><F68/><W56/><G56/><T112/><D112/><U44/><E44/><N who="3" m="17002" /><G49/><T7/><REACH who="0" step="1"/><D95/><REACH who="0" ten="214,264,238,274" step="2"/><N who="2" m="36362" /><F84/><W71/><G71/><T98/><D98/><U18/><E87/><V133/><F133/><W69/><G69/><T15/><D15/><AGARI ba="0,1" hai="5,9,15,40,42,43,89,90" m="36362,42027" machi="15" ten="30,7700,0" yaku="14,1,52,3" doraHai="36" who="2" fromWho="0" sc="214,-77,264,0,238,87,274,0" />
</Scene>
<Scene>
<INIT seed="4,0,0,0,4,122" ten="137,264,325,274" oya="0" hai0="110,24,69,60,100,68,128,121,56,124,16,67,50" hai1="9,116,86,39,42,77,23,8,81,52,71,70,6" hai2="13,15,33,14,1,123,104,108,45,91,120,18,20" hai3="88,57,80,135,107,35,29,34,66,46,133,49,119"/><T36/><D121/><N who="2" m="46666" /><F104/><W102/><G119/><T95/><D36/><U27/><E116/><V83/><F45/><W82/><G102/><T112/><D112/><U26/><E42/><V4/><F83/><W78/><G107/><T41/><D128/><U76/><E39/><V40/><F91/><W129/><G129/><T17/><D124/><U130/><E130/><V48/><F48/><W7/><G7/><T51/><D69/><U79/><E71/><V97/><F97/><W85/><G29/><T58/><D68/><U72/><E70/><V59/><F59/><W38/><G38/><T111/><D95/><U44/><E27/><N who="2" m="14743" /><F40/><N who="3" m="24775" /><G57/><T43/><D100/><U98/><E98/><V25/><F108/><N who="0" m="41514" /><D58/><U87/><E72/><V75/><F75/><W117/><G117/><T22/><D17/><U105/><E105/><V54/><F54/><W132/><G66/><T32/><D32/><U0/><E52/><V19/><F33/><W134/><N who="3" m="34304" /><DORA hai="12" /><W64/><G64/><T127/><D127/><U11/><E44/><V21/><F1/><W31/><G31/><T73/><D73/><AGARI ba="0,0" hai="34,35,73,78,80,82,85,88" m="34304,24775" machi="73" ten="60,3900,0" yaku="20,1,54,1" doraHai="122,12" who="3" fromWho="0" sc="137,-39,264,0,325,0,274,39" />
</Scene>
<Scene>
<INIT seed="5,0,0,2,0,0" ten="98,264,325,313" oya="1" hai0="73,84,74,12,78,35,68,40,127,56,10,28,98" hai1="47,125,65,1,70,61,8,130,96,26,38,11,69" hai2="113,135,97,33,42,118,2,22,23,133,126,87,36" hai3="5,64,37,54,32,102,85,112,103,86,16,7,18"/><U46/><E130/><V48/><F33/><W83/><G32/><T107/><D68/><N who="1" m="42031" /><E46/><V131/><F118/><W93/><G37/><T20/><D35/><U41/><E11/><V21/><F36/><W49/><G64/><T120/><D127/><U106/><E26/><V119/><F119/><W99/><G112/><T124/><D124/><U129/><E129/><V53/><F42/><W117/><G117/><T50/><D120/><U80/><E80/><V43/><F43/><W116/><G116/><T114/><D114/><U24/><E24/><V13/><F2/><W134/><G102/><T29/><D107/><U132/><E125/><V89/><F97/><W110/><G86/><T44/><D98/><U6/><E132/><N who="2" m="50763" /><F131/><W94/><G94/><T81/><D56/><U92/><E92/><N who="2" m="54335" /><F126/><W45/><G134/><T27/><REACH who="0" step="1"/><D29/><REACH who="0" ten="88,264,325,313" step="2"/><U82/><E96/><V75/><F113/><W31/><G31/><T123/><D123/><U17/><E106/><V60/><F60/><W57/><G57/><T14/><D14/><U9/><E70/><V90/><F13/><W115/><G115/><T128/><D128/><U25/><E69/><V108/><F108/><W39/><G110/><T100/><D100/><U91/><E1/><V55/><F48/><W30/><G30/><T62/><D62/><U101/><E101/><V95/><F95/><W79/><G39/><T51/><D51/><U104/><E38/><V109/><F109/><W111/><G111/><T4/><AGARI ba="0,1" hai="4,10,12,20,27,28,40,44,50,73,74,78,81,84" machi="4" ten="20,12000,2" yaku="1,1,0,1,7,1,25,2,52,1,53,0" doraHai="0" doraHaiUra="66" who="0" fromWho="0" sc="88,130,264,-60,325,-30,313,-30" />
</Scene>
<Scene>
<INIT seed="6,0,0,0,0,26" ten="218,204,295,283" oya="2" hai0="40,61,7,100,129,1,4,21,17,127,46,72,44" hai1="128,41,108,49,27,99,14,29,116,57,5,83,88" hai2="131,23,94,58,36,89,86,62,12,9,132,54,98" hai3="24,113,121,134,0,80,103,95,77,123,75,109,87"/><V32/><F36/><W120/><G0/><T84/><D72/><U53/><E116/><V130/><F32/><W20/><G109/><T122/><D122/><U101/><E108/><V33/><F33/><W96/><G134/><T16/><D1/><U112/><E112/><V73/><F73/><W133/><G133/><T30/><D129/><U106/><E128/><N who="2" m="49195" /><F132/><W56/><G113/><T19/><D127/><U135/><E135/><V38/><F38/><W13/><G13/><T126/><D126/><U51/><E5/><N who="0" m="2121" /><D40/><U107/><E14/><V8/><F98/><W15/><G15/><T47/><D100/><U48/><E107/><V81/><F81/><W43/><G43/><T114/><D114/><U50/><E41/><V18/><AGARI ba="0,0" hai="8,9,12,18,23,54,58,62,86,89,94" m="49195" machi="18" ten="30,1500,0" yaku="19,1" doraHai="26" who="2" fromWho="2" sc="218,-5,204,-5,295,15,283,-5" />
</Scene>
<Scene>
<INIT seed="6,1,0,0,2,108" ten="213,199,310,278" oya="2" hai0="50,38,103,43,71,37,57,79,67,105,10,119,84" hai1="51,1,111,47,117,70,87,110,93,82,31,17,46" hai2="85,131,66,42,99,95,83,114,11,61,16,69,62" hai3="109,134,19,96,59,18,125,63,23,3,27,130,75"/><V133/><F133/><W102/><G109/><T29/><D105/><U22/><E70/><V128/><F42/><W60/><G75/><T101/><D71/><U72/><E1/><V115/><F62/><W129/><G3/><T15/><D29/><U5/><E5/><V64/><F64/><W98/><G134/><T14/><D38/><U107/><E107/><V7/><F7/><W54/><G125/><T39/><D39/><U116/><E31/><V21/><F11/><W78/><G78/><T8/><D37/><U56/><E72/><V76/><F95/><W89/><G19/><N who="0" m="8647" /><D119/><N who="1" m="45643" /><E82/><V32/><F99/><W74/><G74/><T92/><D67/><U48/><E48/><V123/><F123/><W121/><G121/><T13/><D13/><N who="1" m="9519" /><E111/><V100/><F100/><W122/><G122/><T2/><D2/><U52/><E110/><V91/><F76/><W132/><G132/><T34/><D34/><U126/><E126/><V41/><F41/><W35/><G35/><T0/><D0/><U12/><E12/><N who="2" m="9351" /><F32/><W30/><G63/><T77/><D77/><U86/><E86/><V81/><F81/><W44/><G60/><T25/><D79/><U4/><E4/><V6/><F6/><W80/><G80/><T53/><D43/><U113/><E87/><V124/><F124/><W28/><G96/><T120/><D120/><U55/><E93/><V9/><F9/><W36/><G98/><T26/><D103/><U118/><N who="1" m="45651" /><U94/><DORA hai="73" /><E94/><V33/><F33/><W88/><G102/><T40/><D40/><U97/><E97/><V90/><F90/><RYUUKYOKU ba="1,0" sc="213,-10,199,-10,310,30,278,-10" hai2="61,66,69,83,85,91,114,115,128,131" />
</Scene>
<Scene>
<INIT seed="6,2,0,1,0,50" ten="203,189,340,268" oya="2" hai0="73,49,41,33,36,35,37,120,9,109,61,71,119" hai1="100,115,64,45,51,97,80,62,48,68,116,47,85" hai2="63,83,132,14,42,57,114,121,18,128,30,13,38" hai3="74,7,19,96,134,108,101,40,111,104,26,16,24"/><V0/><F121/><W75/><G7/><T67/><D73/><U29/><E116/><V23/><F0/><W95/><G40/><T77/><D120/><U17/><E115/><V76/><F114/><W39/><G39/><T125/><D77/><U69/><E69/><V92/><F132/><W4/><G4/><T89/><D109/><U8/><E29/><V79/><F128/><W66/><G66/><T10/><D119/><U133/><E133/><V25/><F92/><W11/><G134/><T112/><D112/><U59/><E17/><V15/><F42/><W103/><G95/><T12/><D125/><U44/><E8/><V99/><F99/><W52/><G11/><T20/><D9/><U72/><E72/><V118/><F38/><W56/><G56/><T81/><D20/><U43/><E51/><V91/><F118/><W22/><G22/><T60/><D60/><U6/><E6/><V106/><F106/><W131/><G96/><T130/><D130/><U129/><E68/><V105/><F105/><W98/><G98/><T82/><D49/><U127/><E127/><V32/><F91/><W54/><G104/><T70/><D70/><U65/><E129/><AGARI ba="2,0" hai="16,19,24,26,52,54,74,75,101,103,108,111,129,131" machi="129" ten="25,12000,2" yaku="22,2,52,2,54,2" doraHai="50" who="3" fromWho="1" sc="203,0,189,-126,340,0,268,126" />
</Scene>
<Scene>
<INIT seed="7,0,0,5,2,131" ten="203,63,340,394" oya="3" hai0="102,94,47,62,105,52,90,60,71,16,128,2,26" hai1="69,7,64,123,117,63,103,0,46,89,12,48,11" hai2="106,77,42,75,43,112,85,120,92,80,76,125,1" hai3="22,99,111,51,114,88,67,21,41,95,10,15,98"/><W133/><G133/><T29/><D2/><U65/><E123/><V45/><F43/><W32/><G32/><T38/><D128/><U53/><E117/><V135/><F45/><N who="3" m="26031" /><G114/><T127/><D127/><U84/><E103/><V101/><F42/><W49/><G111/><T54/><D54/><U122/><E122/><V82/><F1/><W66/><G98/><T70/><D70/><U132/><E65/><N who="3" m="24586" /><G49/><T110/><D62/><U57/><E0/><V79/><F125/><W83/><G83/><T33/><D60/><U40/><E89/><V4/><F4/><AGARI ba="0,0" hai="4,10,15,21,22,88,95,99" m="24586,26031" machi="4" ten="30,2900,0" yaku="8,1,54,1" doraHai="131" who="3" fromWho="2" sc="203,0,63,0,340,-29,394,29" owari="203,-20.0,63,-44.0,311,11.0,423,53.0" />
</Scene>
</mjloggm>