<mjloggm ver="2.3"><GO type="169" lobby="0"/><UN n0="%E3%83%90%E3%83%90%E3%82%A2%E3%81%AE%E6%97%A5%E5%82%98" n1="%28%EF%BC%BE%CF%89%EF%BC%BE%29%E3%81%8A%E3%81%89%E3%82%93" n2="%79%61%6D%61%61%70%71" n3="%E5%A4%AA%E3%81%8F%E3%81%AA%E3%81%84%E3%81%8A" dan="17,17,16,17" rate="2215.11,2187.43,2038.71,2231.15" sx="F,F,M,M"/><TAIKYOKU oya="0"/>

<Scene>
<INIT seed="0,0,0,1,2,40" ten="250,250,250,250" oya="0" hai0="95,58,106,109,114,53,121,24,41,18,2,19,7" hai1="66,118,34,16,50,77,122,57,85,64,112,125,56" hai2="43,96,71,73,1,132,21,82,83,127,101,9,3" hai3="42,129,128,6,135,69,30,10,80,105,107,115,117"/><T48/><D106/><U72/><E72/><V116/><F71/><W13/><G115/><T76/><D121/><U8/><E34/><V131/><F21/><W87/><G117/><T45/><D114/><U20/><E122/><V60/><F60/><W104/><G69/><T14/><D2/><U28/><E125/><V88/><F127/><W119/><G119/><T0/><D0/><U55/><E118/><V12/><F116/><W22/><G135/><T97/><D76/><U37/><E37/><V102/><F131/><N who="3" m="50251" /><G42/><T63/><D109/><U32/><E32/><V36/><F132/><W113/><G113/><T46/><D24/><N who="1" m="16391" /><E112/><V133/><F133/><W59/><G59/><T33/><D33/><U54/><E85/><V120/><F120/><W39/><G39/><T29/><D29/><U25/><E77/><V78/><F43/><W27/><G105/><T62/><D62/><N who="1" m="36127" /><E25/><V65/><F36/><W110/><G110/><T93/><D46/><U11/><E11/><V124/><F124/><W17/><G30/><T67/><D67/><U123/><E123/><V134/><F65/><W70/><G70/><T79/><D79/><AGARI ba="0,0" hai="6,10,13,17,22,27,79,80,87,104,107" m="50251" machi="79" ten="30,1000,0" yaku="19,1" doraHai="40" who="3" fromWho="0" sc="250,-10,250,0,250,0,250,10" />
</Scene>
<Scene>
<INIT seed="1,0,0,5,4,34" ten="240,250,250,260" oya="1" hai0="8,126,70,88,13,85,118,58,25,87,129,35,60" hai1="29,41,44,1,95,134,62,64,9,120,21,57,83" hai2="89,102,24,128,5,68,103,94,119,27,84,65,130" hai3="101,112,51,97,110,105,116,38,111,0,55,3,23"/><U131/><E120/><V53/><F119/><W71/><G112/><T54/><D118/><U66/><E131/><N who="2" m="50219" /><F53/><W12/><G38/><T100/><D126/><U96/><E134/><V14/><F5/><W28/><G71/><T67/><D100/><N who="2" m="38442" /><F14/><W4/><G116/><T11/><D85/><U123/><E123/><V133/><F133/><W80/><G80/><T39/><D39/><U74/><E74/><V93/><F94/><W77/><G4/><T106/><D106/><U6/><E83/><V61/><AGARI ba="0,0" hai="24,27,61,65,68,84,89,93" m="38442,50219" machi="61" ten="30,1100,0" yaku="19,1" doraHai="34" who="2" fromWho="2" sc="240,-3,250,-5,250,11,260,-3" />
</Scene>
<Scene>
<INIT seed="2,0,0,3,4,59" ten="237,245,261,257" oya="2" hai0="26,9,75,37,27,42,127,15,96,62,103,83,125" hai1="68,56,130,115,66,53,100,91,82,54,1,69,2" hai2="123,94,40,4,84,41,119,3,93,10,67,135,133" hai3="7,28,14,129,76,24,65,86,11,30,77,105,20"/><V95/><F119/><W79/><G105/><T104/><D42/><U71/><E115/><V55/><F123/><W134/><G134/><N who="2" m="51209" /><F55/><W132/><G132/><T98/><D37/><U108/><E108/><V16/><F84/><W48/><G129/><T117/><D96/><U122/><E122/><V70/><F16/><N who="3" m="12295" /><G65/><T6/><D117/><U120/><E120/><V109/><F109/><W58/><G86/><T13/><D13/><U39/><E54/><AGARI ba="0,0" hai="7,11,14,28,30,48,54,58,76,77,79" m="12295" machi="54" ten="30,2000,0" yaku="8,1,54,1" doraHai="59" who="3" fromWho="1" sc="237,0,245,-20,261,0,257,20" />
</Scene>
<Scene>
<INIT seed="3,0,0,1,5,72" ten="237,225,261,277" oya="3" hai0="90,76,119,11,28,87,110,105,75,111,84,97,73" hai1="108,56,96,95,19,101,80,17,89,25,82,91,50" hai2="120,115,24,43,35,37,54,132,116,112,94,18,7" hai3="49,123,3,48,67,124,10,23,12,26,109,134,65"/><W131/><G123/><T117/><D28/><U55/><E108/><N who="0" m="41513" /><D11/><U81/><E25/><V79/><F116/><N who="0" m="44618" /><D76/><U63/><E50/><V130/><F94/><W128/><G109/><T69/><D69/><U83/><N who="1" m="20480" /><DORA hai="14" /><U86/><REACH who="1" step="1"/><E91/><REACH who="1" ten="237,215,261,277" step="2"/><V29/><F24/><W52/><G49/><T60/><D90/><U57/><E57/><V85/><F120/><W21/><G26/><T41/><D73/><U126/><E126/><V122/><F122/><W66/><G124/><T93/><D75/><U103/><E103/><V102/><F102/><W62/><G48/><T47/><D60/><U32/><E32/><V33/><F35/><W2/><G62/><T27/><D27/><U121/><E121/><V118/><F33/><W58/><G58/><T53/><D47/><U9/><E9/><V46/><F46/><W59/><G10/><T4/><D41/><U104/><AGARI ba="0,1" hai="17,19,55,56,63,86,89,95,96,101,104" m="20480" machi="104" ten="40,16000,3" yaku="1,1,0,1,52,2,53,4" doraHai="72,14" doraHaiUra="135,77" who="1" fromWho="1" sc="237,-40,215,170,261,-40,277,-80" />
</Scene>
<Scene>
<INIT seed="4,0,0,5,2,100" ten="197,385,221,197" oya="0" hai0="85,99,5,134,17,131,113,115,43,133,101,31,91" hai1="15,112,11,105,21,97,77,63,40,135,84,81,46" hai2="121,69,44,12,0,19,111,67,89,126,109,50,118" hai3="124,82,27,117,87,28,73,42,130,116,107,125,2"/><T79/><D5/><U72/><E135/><N who="0" m="51721" /><D31/><U68/><E21/><V96/><F121/><W122/><G2/><T119/><D43/><U29/><E29/><V60/><F0/><W35/><G122/><T18/><D119/><N who="3" m="45641" /><G42/><T106/><D131/><U26/><E26/><V120/><F120/><W20/><G20/><T92/><D79/><U6/><E112/><AGARI ba="0,0" hai="17,18,85,91,92,99,101,106,112,113,115" m="51721" machi="112" ten="30,5800,0" yaku="15,1,20,1,52,1" doraHai="100" who="0" fromWho="1" sc="197,58,385,-58,221,0,197,0" />
</Scene>
<Scene>
<INIT seed="4,1,0,1,3,79" ten="255,327,221,197" oya="0" hai0="131,7,119,13,43,5,72,22,125,91,34,114,75" hai1="49,6,24,111,57,60,18,39,128,30,29,3,21" hai2="47,71,58,107,124,96,69,76,121,108,52,98,102" hai3="9,27,78,94,70,45,116,103,115,105,101,10,120"/><T20/><D34/><U100/><E39/><V133/><F108/><W35/><G116/><T86/><D75/><U80/><E128/><V87/><F121/><W81/><G70/><T126/><D72/><U37/><E37/><V62/><F124/><N who="0" m="47722" /><D114/><U122/><E122/><V0/><F0/><W31/><G120/><T123/><D123/><U36/><E36/><V33/><F33/><W64/><G115/><T89/><D89/><U129/><E129/><V55/><F133/><W130/><G130/><T53/><D43/><U74/><E111/><V68/><F98/><W85/><G64/><T83/><D131/><U112/><E112/><V77/><REACH who="2" step="1"/><F87/><REACH who="2" ten="255,327,211,197" step="2"/><W113/><G113/><T14/><D119/><U106/><E3/><V65/><F65/><W59/><G35/><T48/><D5/><U50/><E6/><V117/><F117/><W110/><G110/><T63/><D7/><U26/><E74/><V54/><F54/><W67/><G67/><T104/><D53/><U66/><E66/><V42/><F42/><W15/><G85/><T56/><D86/><U51/><E60/><V135/><F135/><W11/><G103/><T109/><D63/><U95/><E100/><V73/><F73/><W25/><G101/><T90/><D109/><U97/><E97/><V2/><F2/><W99/><G99/><T41/><D41/><U46/><E46/><V134/><F134/><W82/><G45/><T32/><D32/><U16/><E49/><AGARI ba="1,1" hai="47,49,52,55,58,62,68,69,71,76,77,96,102,107" machi="49" ten="40,2600,0" yaku="1,1,54,1,53,0" doraHai="79" doraHaiUra="28" who="2" fromWho="1" sc="255,0,327,-29,211,39,197,0" />
</Scene>
<Scene>
<INIT seed="5,0,0,2,3,22" ten="255,298,250,197" oya="1" hai0="10,94,12,48,95,79,7,23,52,11,47,66,118" hai1="46,37,39,99,24,70,13,127,51,30,31,78,124" hai2="92,63,20,103,65,93,122,111,40,100,123,64,73" hai3="4,53,76,38,35,115,114,86,15,1,27,85,112"/><U41/><E70/><V72/><F40/><W88/><G38/><T21/><D118/><U104/><E31/><V59/><F59/><W56/><G1/><T133/><D133/><U28/><E28/><V71/><F20/><N who="0" m="7754" /><D11/><U101/><E78/><V0/><F63/><N who="3" m="36239" /><G76/><T119/><D119/><U54/><E13/><V80/><F80/><N who="3" m="49191" /><G86/><T83/><D66/><U49/><E39/><V74/><F74/><W57/><G57/><T109/><D109/><U117/><E117/><V19/><F71/><W89/><G89/><T3/><D3/><U125/><E54/><V14/><F0/><W132/><G132/><T131/><D131/><U107/><REACH who="1" step="1"/><E107/><REACH who="1" ten="255,288,250,197" step="2"/><V58/><F111/><W6/><G15/><T36/><D36/><U77/><E77/><V116/><F14/><W108/><G108/><T129/><D129/><U91/><E91/><V18/><F116/><W106/><G106/><T32/><D32/><AGARI ba="0,1" hai="24,30,32,37,41,46,49,51,99,101,104,124,125,127" machi="32" ten="40,7700,0" yaku="1,1,18,1,52,1,53,0" doraHai="22" doraHaiUra="90" who="1" fromWho="0" sc="255,-77,288,87,250,0,197,0" />
</Scene>
<Scene>
<INIT seed="5,1,0,1,4,1" ten="178,375,250,197" oya="1" hai0="106,93,132,40,62,32,87,88,82,6,34,120,58" hai1="56,33,23,69,104,63,68,25,47,22,55,72,100" hai2="65,92,66,64,105,0,81,5,123,103,90,30,117" hai3="97,74,37,42,20,80,52,43,49,75,114,125,44"/><U134/><E72/><V101/><F117/><W116/><G116/><T67/><D106/><U60/><E134/><V108/><F123/><W15/><G114/><T110/><D110/><U102/><E47/><V77/><F105/><W121/><G121/><T118/><D118/><U99/><E102/><V8/><F30/><W54/><G125/><T127/><D120/><U124/><E124/><V111/><F103/><W26/><G97/><T130/><D127/><U73/><E73/><V11/><F101/><W122/><G122/><T135/><D40/><U96/><E96/><V18/><F81/><W50/><G15/><T4/><D130/><U16/><E33/><N who="0" m="12905" /><D93/><U35/><E35/><V59/><F59/><W46/><G37/><T112/><D112/><U24/><E63/><V91/><F77/><W29/><REACH who="3" step="1"/><G75/><REACH who="3" ten="178,375,250,187" step="2"/><T39/><D39/><U51/><E60/><V17/><F108/><W19/><G19/><AGARI ba="1,1" hai="16,19,22,23,24,25,51,55,56,68,69,99,100,104" machi="19" ten="30,5800,0" yaku="7,1,9,1,54,1" doraHai="1" who="1" fromWho="3" sc="178,0,375,71,250,0,187,-61" />
</Scene>
<Scene>
<INIT seed="5,2,0,3,2,28" ten="178,446,250,126" oya="1" hai0="6,78,47,106,44,71,20,96,129,22,76,86,24" hai1="88,135,25,61,37,55,125,53,79,118,110,60,35" hai2="17,121,75,109,64,120,36,19,114,62,32,80,85" hai3="91,107,0,43,50,56,63,113,92,111,128,104,98"/><U74/><E37/><V34/><F109/><W58/><G111/><T59/><D71/><U124/><E118/><V11/><F75/><W100/><G0/><T105/><D129/><U77/><E74/><V102/><F102/><W33/><G128/><T82/><D76/><U83/><E110/><V84/><F36/><W12/><G113/><T117/><D22/><U89/><E135/><V51/><F51/><W9/><G33/><T46/><D117/><U133/><E133/><V94/><F94/><W4/><G100/><T2/><D2/><U52/><E55/><V123/><F114/><W23/><G23/><T30/><D6/><U31/><E31/><V95/><F95/><W132/><G132/><T5/><D5/><U116/><E116/><V119/><F119/><W48/><G48/><T49/><REACH who="0" step="1"/><D96/><REACH who="0" ten="168,446,250,126" step="2"/><U57/><E79/><N who="2" m="46111" /><F123/><W1/><G1/><T103/><D103/><U54/><E77/><V87/><F121/><W15/><G4/><T72/><D72/><U122/><E122/><V126/><F120/><W73/><G73/><T90/><D90/><U127/><E89/><V66/><F87/><W40/><G9/><T69/><D69/><U130/><E88/><V108/><F11/><W68/><G68/><T93/><D93/><U115/><E130/><V38/><F85/><W97/><G91/><T67/><D67/><U134/><E134/><V26/><F66/><W16/><G92/><T42/><D42/><U41/><E41/><V13/><F64/><W99/><G99/><T65/><D65/><U101/><E101/><V27/><F108/><W18/><G63/><RYUUKYOKU ba="2,1" sc="168,15,446,-15,250,-15,126,15" hai0="20,24,30,44,46,47,49,59,78,82,86,105,106" hai3="12,15,16,18,40,43,50,56,58,97,98,104,107" />
</Scene>
<Scene>
<INIT seed="6,3,1,2,0,44" ten="183,431,235,141" oya="2" hai0="132,121,60,95,72,104,40,127,118,111,46,41,99" hai1="103,119,36,69,24,108,62,73,33,6,58,13,11" hai2="112,19,134,43,35,10,42,53,96,68,102,14,83" hai3="129,2,81,109,82,28,52,88,56,64,16,12,79"/><V5/><F112/><W90/><G2/><T110/><D104/><U133/><E108/><V92/><F134/><W65/><G109/><T15/><D72/><U100/><E69/><V101/><F68/><W9/><G28/><T87/><D121/><U91/><E36/><V61/><F35/><W20/><G129/><T123/><D123/><U106/><E106/><V131/><F131/><W31/><G31/><T93/><D132/><U23/><E33/><V17/><F101/><W49/><G9/><T75/><D75/><U51/><E73/><V63/><F83/><N who="3" m="31755" /><G79/><T116/><D87/><U26/><E133/><V97/><F97/><W122/><G122/><T125/><D60/><U45/><E119/><N who="0" m="45609" /><D93/><U80/><E26/><V59/><F63/><W3/><G3/><T94/><D94/><U34/><E34/><V38/><F38/><W98/><G98/><T8/><D110/><U48/><E45/><V115/><F115/><W21/><G21/><T29/><D29/><N who="1" m="17567" /><E103/><V7/><F7/><W27/><G27/><T135/><D135/><U18/><E100/><V37/><F37/><W84/><G90/><N who="0" m="55799" /><D46/><U128/><E6/><V85/><F85/><W105/><G105/><T89/><D89/><U32/><E32/><V107/><F107/><W114/><G114/><T0/><D0/><U124/><E128/><V25/><F25/><W67/><G67/><T71/><D111/><U1/><E1/><V120/><F120/><W70/><G70/><T57/><D71/><U78/><E91/><V86/><F86/><W22/><G22/><T55/><D8/><U4/><E11/><RYUUKYOKU ba="3,1" sc="183,-15,431,-15,235,15,141,15" hai2="5,10,14,17,19,42,43,53,59,61,92,96,102" hai3="12,16,20,49,52,56,64,65,84,88" />
</Scene>
<Scene>
<INIT seed="6,4,1,0,2,126" ten="168,416,250,156" oya="2" hai0="112,132,124,81,51,36,83,41,115,97,114,111,99" hai1="69,59,39,84,50,105,90,79,52,122,57,125,10" hai2="100,35,133,44,45,64,37,107,96,33,71,12,54" hai3="46,87,24,5,32,110,117,40,98,23,0,76,72"/><V49/><F133/><W74/><G110/><T80/><D124/><U103/><E122/><V6/><F6/><W65/><G117/><T95/><D111/><U118/><E118/><V15/><F15/><W120/><G120/><T25/><D132/><U91/><E69/><V60/><REACH who="2" step="1"/><F12/><REACH who="2" ten="168,416,240,156" step="2"/><W48/><G5/><T101/><D112/><U119/><E125/><V127/><F127/><W1/><G0/><T108/><D114/><U88/><E119/><V26/><F26/><W109/><G1/><T94/><D108/><U129/><E39/><V67/><F67/><W104/><G65/><T131/><D36/><U62/><E129/><V9/><F9/><W4/><G4/><T28/><D131/><U42/><E10/><V31/><F31/><W18/><G109/><T55/><D115/><U61/><E105/><V73/><F73/><W53/><G74/><T75/><D75/><U27/><E27/><V21/><F21/><W113/><G72/><T66/><D66/><N who="1" m="39215" /><E103/><V130/><F130/><W17/><G113/><T19/><D28/><U77/><E84/><V82/><F82/><N who="3" m="47559" /><G104/><T92/><D101/><U11/><E11/><V116/><F116/><W70/><G24/><T89/><D89/><U16/><E16/><V38/><F38/><W8/><G8/><T78/><D25/><U3/><E3/><V20/><F20/><W13/><G18/><T135/><D19/><U56/><E42/><AGARI ba="4,2" hai="33,35,37,42,44,45,49,54,60,64,71,96,100,107" machi="42" ten="40,7700,0" yaku="1,1,53,2" doraHai="126" doraHaiUra="29" who="2" fromWho="1" sc="168,0,416,-89,240,109,156,0" />
</Scene>
<Scene>
<INIT seed="6,5,0,3,2,42" ten="168,327,349,156" oya="2" hai0="47,79,113,77,122,73,87,126,51,36,63,53,111" hai1="78,119,124,56,104,14,8,94,26,117,12,120,71" hai2="18,80,17,31,48,55,91,128,112,100,132,11,103" hai3="46,28,121,6,23,129,9,110,107,27,72,43,82"/><V135/><F112/><W35/><G121/><T20/><D111/><U96/><E104/><V92/><F31/><W57/><G110/><T130/><D73/><U22/><E71/><V7/><F80/><W109/><G109/><T102/><D36/><U93/><E120/><V95/><F103/><W29/><G107/><T131/><D122/><U116/><E124/><V68/><F68/><W62/><G129/><N who="0" m="49163" /><D102/><U0/><E78/><V98/><F128/><W125/><G125/><T83/><D126/><U118/><N who="1" m="29696" /><DORA hai="13" /><U86/><E86/><N who="2" m="52343" /><F7/><W25/><G82/><T34/><D34/><U106/><E106/><V60/><F60/><W49/><G72/><T70/><D113/><U69/><E69/><V50/><F11/><W84/><G84/><T64/><D20/><U90/><E93/><V133/><F48/><W52/><G9/><T74/><D74/><U61/><E0/><V66/><F66/><W41/><REACH who="3" step="1"/><G6/><REACH who="3" ten="168,327,349,146" step="2"/><T44/><D79/><U114/><E8/><V88/><F133/><W32/><G32/><T37/><D37/><U4/><E4/><V115/><F135/><W65/><AGARI ba="5,1" hai="23,25,27,28,29,35,41,43,46,49,52,57,62,65" machi="65" ten="20,12000,2" yaku="1,1,0,1,7,1,52,1,54,1,53,1" doraHai="42,13" doraHaiUra="45,10" who="3" fromWho="3" sc="168,-35,327,-35,349,-65,146,145" />
</Scene>
<Scene>
<INIT seed="7,0,0,2,2,24" ten="133,292,284,291" oya="3" hai0="120,112,123,135,124,57,14,89,74,26,94,109,11" hai1="76,23,12,82,104,31,96,59,51,21,75,98,61" hai2="25,125,103,77,133,5,134,42,4,130,95,84,92" hai3="19,83,113,117,53,93,88,18,9,30,64,40,37"/><W29/><G117/><T67/><D109/><U80/><E104/><V105/><F125/><W107/><G107/><T118/><D118/><U16/><E51/><V119/><F119/><W48/><G113/><T22/><D74/><U39/><E39/><V62/><F42/><W131/><G131/><T44/><D124/><U10/><E80/><N who="2" m="47119" /><F130/><W55/><G37/><T6/><D112/><U46/><E46/><V116/><F116/><W100/><G64/><T129/><D129/><U20/><REACH who="1" step="1"/><E31/><REACH who="1" ten="133,282,284,291" step="2"/><N who="3" m="11786" /><G83/><T33/><D135/><U49/><E49/><V85/><F105/><W114/><G114/><T54/><D33/><U66/><AGARI ba="0,1" hai="10,12,16,20,21,23,59,61,66,75,76,82,96,98" machi="66" ten="30,4000,0" yaku="1,1,0,1,54,1,53,0" doraHai="24" doraHaiUra="3" who="1" fromWho="1" sc="133,-10,282,50,284,-10,291,-20" owari="123,-38.0,332,44.0,274,7.0,271,-13.0" />
</Scene>
</mjloggm>