<mjloggm ver="2.3"><GO type="169" lobby="0"/><UN n0="%E3%82%A6%E3%82%A3%E3%83%89%E3%82%A5%EF%BC%A0%E9%98%AA%E7%A5%9E" n1="%E5%88%B9%E9%82%A3%E3%81%AE%E5%A3%B0" n2="%41%73%61%32%34" n3="%E5%A4%AA%E3%81%8F%E3%81%AA%E3%81%84%E3%81%8A" dan="16,16,16,18" rate="2177.29,2186.92,2169.91,2222.17" sx="M,M,M,M"/><TAIKYOKU oya="0"/>

<Scene>
<INIT seed="0,0,0,1,4,68" ten="250,250,250,250" oya="0" hai0="17,64,72,89,115,120,4,53,92,5,19,71,56" hai1="87,28,104,45,107,48,118,0,133,58,41,126,90" hai2="51,29,128,108,57,82,20,10,76,67,22,88,135" hai3="34,70,40,130,50,24,123,49,46,12,30,14,84"/><T32/><D120/><U23/><E118/><V113/><F113/><W55/><G70/><T83/><D115/><U36/><E0/><V35/><F35/><W94/><G123/><T13/><D32/><U80/><E126/><V75/><F135/><W99/><G84/><T109/><D109/><U54/><REACH who="1" step="1"/><E133/><REACH who="1" ten="250,240,250,250" step="2"/><V132/><F132/><W7/><G130/><T62/><D72/><U31/><E31/><V18/><F128/><W129/><G129/><T11/><D4/><U21/><E21/><V111/><F22/><W98/><G7/><T95/><D5/><U43/><E43/><V93/><F29/><W6/><G6/><T8/><D8/><U124/><E124/><V127/><F10/><W102/><REACH who="3" step="1"/><G99/><REACH who="3" ten="250,240,250,240" step="2"/><T78/><D19/><U63/><E63/><V65/><F127/><W47/><AGARI ba="0,2" hai="12,14,24,30,34,40,46,47,49,50,55,94,98,102" machi="47" ten="20,5200,0" yaku="1,1,2,1,0,1,7,1,53,0" doraHai="68" doraHaiUra="16" who="3" fromWho="3" sc="250,-26,240,-13,250,-13,240,72" />
</Scene>
<Scene>
<INIT seed="1,0,0,2,3,15" ten="224,227,237,312" oya="1" hai0="30,59,55,50,33,17,88,64,8,99,92,100,3" hai1="10,133,124,109,122,27,26,112,34,47,71,54,108" hai2="111,97,130,107,126,60,19,40,106,32,16,18,12" hai3="36,131,134,91,49,11,116,81,114,25,104,14,94"/><U67/><E71/><V61/><F32/><W96/><G114/><T46/><D33/><U24/><E67/><V65/><F130/><W68/><G36/><T73/><D73/><U98/><E98/><V29/><F29/><W95/><G68/><T110/><D110/><N who="1" m="42603" /><E47/><V5/><F111/><W42/><G131/><T58/><D30/><U38/><E38/><V9/><F126/><W28/><G134/><T117/><D117/><U75/><E75/><V132/><F132/><W74/><G116/><T127/><D127/><U69/><E69/><V89/><F40/><W20/><G104/><T62/><D3/><U80/><E80/><V76/><F76/><W115/><G115/><T31/><D31/><U105/><E105/><V72/><F72/><W2/><G2/><T66/><D100/><U87/><E87/><V70/><REACH who="2" step="1"/><F61/><REACH who="2" ten="224,227,227,312" step="2"/><W85/><G74/><T4/><D62/><U118/><E34/><V83/><F83/><W103/><G42/><T13/><D4/><U78/><E124/><V77/><F77/><W45/><G81/><T120/><D120/><U23/><E78/><V7/><F7/><W79/><G79/><T0/><D0/><U101/><E133/><V22/><F22/><W82/><G82/><T90/><D90/><U121/><E23/><V119/><F119/><W43/><G20/><T123/><D123/><U52/><E118/><V44/><F44/><W21/><G21/><T125/><D125/><U129/><E121/><V135/><F135/><W128/><G128/><T113/><D113/><U53/><E122/><V51/><F51/><W39/><G49/><RYUUKYOKU ba="0,1" sc="224,15,227,-15,227,15,312,-15" hai0="8,13,17,46,50,55,58,59,64,66,88,92,99" hai2="5,9,12,16,18,19,60,65,70,89,97,106,107" />
</Scene>
<Scene>
<INIT seed="2,1,1,4,4,128" ten="239,212,242,297" oya="2" hai0="106,123,94,57,0,37,22,87,38,43,91,132,105" hai1="67,127,59,124,11,74,36,45,95,26,90,72,122" hai2="84,7,35,40,68,19,131,64,102,1,41,100,83" hai3="62,117,126,15,115,42,108,111,103,135,125,65,101"/><V70/><F35/><W107/><G117/><T63/><D123/><U110/><E122/><V112/><F112/><W25/><G115/><T66/><D0/><U53/><E110/><N who="3" m="42026" /><G42/><T39/><D132/><U104/><E104/><V5/><F19/><W31/><G15/><T75/><D75/><U96/><E67/><V120/><F120/><W82/><G82/><T88/><D43/><N who="1" m="22759" /><E11/><V118/><F131/><W46/><G46/><T3/><D3/><U13/><E13/><V60/><F118/><W4/><G4/><T28/><REACH who="0" step="1"/><D91/><REACH who="0" ten="229,212,242,297" step="2"/><U116/><E116/><V130/><F130/><W33/><G135/><T113/><D113/><U134/><E134/><V18/><F1/><W6/><G125/><N who="1" m="48202" /><E26/><AGARI ba="1,2" hai="22,26,28,37,38,39,57,63,66,87,88,94,105,106" machi="26" ten="40,5200,0" yaku="1,1,54,1,53,1" doraHai="128" doraHaiUra="55" who="0" fromWho="1" sc="229,75,212,-55,242,0,297,0" />
</Scene>
<Scene>
<INIT seed="3,0,0,1,1,10" ten="304,157,242,297" oya="3" hai0="96,17,85,113,67,129,3,103,93,49,79,72,74" hai1="131,97,45,68,120,83,70,36,40,59,75,27,62" hai2="112,124,37,90,41,48,77,24,47,44,34,121,114" hai3="4,8,19,6,23,82,15,14,86,132,89,80,128"/><W76/><G132/><T130/><D3/><U55/><E120/><V81/><F124/><W105/><G128/><N who="0" m="49259" /><D67/><U51/><E131/><V84/><F121/><W53/><G105/><T110/><D110/><U102/><E27/><V33/><F77/><W108/><G108/><T7/><D7/><U29/><E29/><V73/><F73/><W117/><G117/><T50/><D113/><U52/><E83/><V39/><F39/><W56/><G6/><T28/><D28/><U135/><E75/><N who="0" m="28713" /><D17/><U109/><E135/><V134/><F134/><W92/><G76/><T99/><D99/><U87/><E87/><V57/><F57/><W13/><G13/><T95/><D79/><U116/><E109/><V30/><REACH who="2" step="1"/><F34/><REACH who="2" ten="304,157,232,297" step="2"/><W21/><REACH who="3" step="1"/><G23/><REACH who="3" ten="304,157,232,287" step="2"/><T119/><D119/><U65/><E116/><V123/><F123/><W9/><G9/><T38/><D38/><U0/><E36/><V94/><F94/><W98/><G98/><T2/><D95/><U118/><E118/><V5/><F5/><W61/><AGARI ba="0,2" hai="4,8,14,15,19,21,53,56,61,80,82,86,89,92" machi="61" ten="20,18000,2" yaku="1,1,0,1,7,1,8,1,52,2,53,0" doraHai="10" doraHaiUra="133" who="3" fromWho="3" sc="304,-60,157,-60,232,-60,287,200" />
</Scene>
<Scene>
<INIT seed="3,1,0,1,3,84" ten="244,97,172,487" oya="3" hai0="89,86,19,87,85,119,73,11,53,4,91,60,35" hai1="71,28,106,25,26,68,7,37,83,76,29,70,65" hai2="21,108,120,79,2,80,46,43,128,104,75,40,69" hai3="20,72,58,59,122,1,116,81,135,123,105,129,18"/><W130/><G116/><T115/><D73/><U98/><E37/><V32/><F21/><W110/><G105/><T55/><D119/><U12/><E65/><V3/><F43/><W22/><G1/><T133/><D35/><U61/><E61/><V42/><F42/><W126/><G126/><T125/><D125/><U56/><E56/><N who="3" m="21546" /><G135/><T57/><D133/><U107/><E12/><V90/><F90/><N who="0" m="34314" /><D115/><U77/><E7/><V103/><F69/><W131/><G110/><T31/><D31/><N who="1" m="11851" /><E98/><V30/><F108/><W113/><G113/><T9/><D4/><U34/><E83/><V48/><F120/><N who="3" m="46123" /><G18/><T41/><D41/><U15/><E34/><V78/><F40/><W6/><G6/><T50/><D19/><U121/><E121/><V96/><F2/><W52/><G52/><N who="0" m="20043" /><D50/><U63/><E70/><V13/><F48/><W38/><G38/><T88/><N who="0" m="34322" /><T10/><DORA hai="124" /><D10/><U127/><E68/><V111/><F111/><W82/><G72/><T92/><D92/><U101/><E127/><V44/><F3/><W74/><G74/><T117/><D117/><U118/><E118/><V45/><F75/><W39/><G39/><T134/><D134/><U0/><E71/><V66/><F32/><W14/><G22/><T93/><D93/><U62/><E0/><V36/><F36/><W8/><G20/><T27/><D27/><U49/><E26/><V102/><F104/><W132/><G132/><T54/><AGARI ba="1,0" hai="9,11,54,57,60,85,86,87" m="20043,34322" machi="54" ten="40,12000,2" yaku="8,1,52,4,54,2" doraHai="84,124" who="0" fromWho="0" sc="244,123,97,-31,172,-31,487,-61" />
</Scene>
<Scene>
<INIT seed="4,0,0,4,1,40" ten="367,66,141,426" oya="0" hai0="72,100,32,96,111,103,85,83,28,23,33,9,13" hai1="132,71,77,109,116,44,24,131,21,12,119,68,114" hai2="87,113,128,49,2,4,18,133,80,107,8,16,55" hai3="106,125,129,3,39,112,63,69,86,34,121,81,102"/><T6/><D72/><U52/><E77/><V98/><F113/><W46/><RYUUKYOKU type="yao9" ba="0,0" sc="367,0,66,0,141,0,426,0" hai3="3,34,39,46,63,69,81,86,102,106,112,121,125,129" />
</Scene>
<Scene>
<INIT seed="4,1,0,0,3,119" ten="367,66,141,426" oya="0" hai0="91,50,131,52,4,39,113,18,58,92,93,128,46" hai1="99,36,11,90,82,19,0,95,29,101,26,108,132" hai2="23,17,84,31,116,112,75,87,81,85,65,22,30" hai3="104,55,8,32,96,6,111,76,14,47,109,94,66"/><T126/><D113/><U73/><E108/><V9/><F116/><W69/><G104/><T38/><D126/><U5/><E36/><V80/><F112/><W70/><G32/><T115/><D115/><U77/><E132/><V10/><F65/><W37/><G76/><T15/><D4/><U120/><E19/><V54/><F75/><W71/><G66/><T41/><D39/><U25/><E120/><V64/><F64/><W88/><REACH who="3" step="1"/><G55/><REACH who="3" ten="367,66,141,416" step="2"/><T44/><D128/><U107/><REACH who="1" step="1"/><E29/><REACH who="1" ten="367,56,141,416" step="2"/><V98/><F30/><W72/><G72/><T89/><D131/><U34/><E34/><V114/><F31/><W102/><G102/><T134/><D134/><U68/><E68/><V121/><F114/><W97/><G97/><AGARI ba="1,2" hai="0,5,11,25,26,73,77,82,90,95,97,99,101,107" machi="97" ten="30,3900,0" yaku="1,1,7,1,53,1" doraHai="119" doraHaiUra="74" who="1" fromWho="3" sc="367,0,56,62,141,0,416,-42" />
</Scene>
<Scene>
<INIT seed="5,0,0,5,2,24" ten="367,118,141,374" oya="1" hai0="13,28,64,87,94,108,16,116,45,103,56,10,15" hai1="18,132,130,14,58,86,30,21,133,43,38,36,69" hai2="135,98,41,55,49,74,82,25,115,129,84,76,50" hai3="60,61,12,48,32,19,131,125,112,107,37,89,123"/><U39/><E69/><V46/><F135/><N who="1" m="51785" /><E130/><V3/><F129/><W110/><G37/><N who="1" m="9474" /><U96/><DORA hai="128" /><E43/><V75/><F115/><W27/><G131/><T59/><D108/><U85/><E30/><V4/><F25/><W26/><G27/><T52/><D28/><U105/><E58/><V9/><F98/><W101/><G112/><T5/><D116/><U34/><E34/><V35/><F35/><W67/><G32/><T70/><D70/><U121/><E121/><V7/><F7/><W114/><G123/><T92/><D64/><U73/><E73/><V44/><AGARI ba="0,0" hai="3,4,9,41,44,46,49,50,55,74,75,76,82,84" machi="44" ten="20,1500,0" yaku="0,1,7,1" doraHai="24,128" who="2" fromWho="2" sc="367,-4,118,-7,141,15,374,-4" />
</Scene>
<Scene>
<INIT seed="6,0,0,2,1,30" ten="363,111,156,370" oya="2" hai0="67,14,122,34,130,56,113,73,45,129,60,12,28" hai1="26,44,18,29,2,95,38,124,10,79,58,111,33" hai2="118,50,92,93,3,25,61,72,114,69,88,117,119" hai3="24,35,1,0,120,99,81,22,66,128,19,85,20"/><V15/><F3/><W40/><G120/><T52/><D122/><U48/><E111/><V100/><F72/><W89/><G128/><N who="0" m="49259" /><D73/><U53/><E124/><V105/><F114/><W121/><G121/><T47/><D113/><U63/><E38/><V54/><F15/><N who="0" m="5674" /><D67/><U104/><E104/><V98/><F25/><AGARI ba="0,0" hai="25,28,34,45,47,52,56,60" m="5674,49259" machi="25" ten="30,3900,0" yaku="19,1,52,1,54,1" doraHai="30" who="0" fromWho="2" sc="363,39,111,0,156,-39,370,0" />
</Scene>
<Scene>
<INIT seed="7,0,0,3,3,79" ten="402,111,117,370" oya="3" hai0="41,60,52,53,95,55,106,113,119,34,24,54,67" hai1="42,128,65,133,10,21,96,59,109,91,90,44,40" hai2="86,123,29,115,107,46,22,38,69,35,77,51,105" hai3="125,11,104,5,81,118,56,72,31,25,102,84,87"/><W98/><G118/><T43/><D106/><U27/><E109/><V49/><F69/><W39/><G125/><T88/><D119/><U0/><E0/><V3/><F3/><W130/><G130/><T14/><D113/><U28/><E133/><V114/><F35/><W20/><G39/><T15/><D55/><U122/><E122/><V82/><F38/><W61/><G72/><T13/><D24/><U45/><E128/><V89/><F89/><N who="1" m="33801" /><E96/><V110/><F110/><W50/><G50/><N who="2" m="18953" /><F46/><N who="1" m="18025" /><E10/><V23/><F123/><W85/><G81/><T75/><D34/><U26/><E26/><N who="2" m="16599" /><F23/><W99/><G99/><N who="0" m="57831" /><D75/><U4/><E4/><V78/><F78/><W66/><REACH who="3" step="1"/><G87/><REACH who="3" ten="402,111,117,360" step="2"/><T100/><D100/><U116/><E116/><V30/><F115/><W33/><G33/><T37/><D37/><U94/><E94/><V103/><F114/><W111/><G111/><T17/><D43/><U68/><E68/><V7/><F107/><W18/><G18/><T16/><D41/><U127/><E127/><V64/><F105/><W117/><G117/><T121/><D121/><U97/><E97/><V36/><F36/><W132/><G132/><T8/><D17/><U58/><E58/><AGARI ba="0,1" hai="8,13,14,15,16,52,53,54,58,60,67" m="57831" machi="58" ten="30,7700,0" yaku="8,1,54,3" doraHai="79" who="0" fromWho="1" sc="402,87,111,-77,117,0,360,0" owari="489,59.0,34,-47.0,117,-28.0,360,16.0" />
</Scene>
</mjloggm>