<mjloggm ver="2.3"><GO type="169" lobby="0"/><UN n0="%E4%B8%AD%E7%94%B0%E3%83%A4%E3%82%B9%E3%82%BF%E3%82%AB" n1="%E3%81%8A%E7%9F%A5%E3%82%89%E3%81%9B" n2="%E5%A4%AA%E3%81%8F%E3%81%AA%E3%81%84%E3%81%8A" n3="%E3%83%99%E3%83%AB%E3%81%A0%E3%81%91%E8%A8%AD%E5%AE%9A%EF%BC%96" dan="16,16,17,16" rate="2067.77,2114.90,2163.18,2078.83" sx="M,M,F,M"/><TAIKYOKU oya="0"/>

<Scene>
<INIT seed="0,0,0,2,4,56" ten="250,250,250,250" oya="0" hai0="92,124,31,95,7,60,46,78,1,104,82,74,20" hai1="22,123,42,110,112,54,116,9,102,93,70,72,85" hai2="88,47,58,39,12,89,96,37,50,13,107,87,27" hai3="100,101,97,106,8,119,57,84,17,32,19,49,129"/><T0/><D104/><U83/><E70/><V6/><F27/><W34/><G119/><T65/><D124/><U103/><E123/><V79/><F58/><W62/><G129/><T11/><D0/><U127/><E116/><V35/><F35/><W114/><G101/><T63/><D46/><U98/><E112/><V55/><F79/><W94/><G49/><T36/><D36/><U121/><E121/><V53/><F6/><W108/><G108/><T2/><D2/><U91/><E110/><V21/><F21/><W51/><G51/><T4/><D4/><U28/><E72/><V45/><F50/><W133/><G133/><T59/><D31/><U105/><E42/><V80/><F87/><W33/><G8/><T134/><D134/><U5/><E127/><V38/><F38/><W122/><G114/><T52/><D20/><U118/><E118/><V16/><F80/><W23/><G122/><T125/><D125/><U111/><E111/><V40/><F96/><W15/><G19/><T135/><D135/><U132/><E132/><V69/><F69/><AGARI ba="0,0" hai="1,7,11,52,59,60,63,65,69,74,78,82,92,95" machi="69" ten="30,11600,0" yaku="7,1,52,2,54,1" doraHai="56" who="0" fromWho="2" sc="250,116,250,0,250,-116,250,0" />
</Scene>
<Scene>
<INIT seed="0,1,0,3,3,59" ten="366,250,134,250" oya="0" hai0="92,10,44,6,100,58,66,77,32,99,117,67,40" hai1="114,41,131,4,7,9,98,105,91,76,119,27,50" hai2="126,106,94,124,54,15,46,88,135,109,120,134,63" hai3="82,121,111,1,49,11,80,93,24,38,19,81,45"/><T115/><D117/><U78/><E119/><V107/><F15/><W57/><G111/><T8/><D32/><U116/><E116/><V101/><F120/><W125/><G125/><N who="2" m="48233" /><F101/><W51/><G121/><T26/><D115/><U35/><E114/><V97/><F109/><W3/><G38/><T37/><D26/><U103/><E131/><V13/><F13/><W33/><G11/><T71/><D71/><U60/><E91/><V36/><F36/><W62/><G93/><T52/><D77/><U95/><E105/><N who="2" m="39947" /><F46/><W86/><G86/><T21/><D21/><U112/><E112/><V2/><F2/><W64/><G51/><T113/><D113/><U133/><E133/><N who="2" m="50699" /><F54/><W90/><G3/><T0/><REACH who="0" step="1"/><D8/><REACH who="0" ten="356,250,134,250" step="2"/><U48/><E9/><V127/><F127/><W42/><G24/><T16/><D16/><U47/><E27/><V5/><F5/><W110/><G19/><T118/><D118/><U43/><E4/><V20/><F20/><W12/><G33/><T31/><D31/><U39/><E7/><V17/><F17/><W23/><G23/><T61/><AGARI ba="1,1" hai="0,6,10,37,40,44,52,58,61,66,67,92,99,100" machi="61" ten="20,12000,1" yaku="1,1,0,1,7,1,52,1,54,1,53,0" doraHai="59" doraHaiUra="30" who="0" fromWho="0" sc="356,133,250,-41,134,-41,250,-41" />
</Scene>
<Scene>
<INIT seed="0,2,0,5,2,72" ten="489,209,93,209" oya="0" hai0="23,68,20,32,74,84,79,110,19,14,103,111,11" hai1="91,13,104,33,1,105,22,5,117,39,3,70,10" hai2="83,75,62,44,112,4,133,97,60,51,93,54,127" hai3="28,71,47,85,69,114,7,27,81,38,50,16,12"/><T31/><D68/><U58/><E70/><V121/><F121/><W53/><G38/><T21/><D103/><U126/><E33/><V2/><F112/><W6/><G114/><T119/><D74/><U132/><E117/><V118/><F118/><W124/><G124/><T15/><D119/><U29/><E39/><V45/><F127/><W61/><G71/><T42/><D42/><U59/><E126/><V40/><F133/><W128/><G128/><T92/><D92/><U24/><E132/><V77/><F4/><W131/><G131/><T36/><D36/><U100/><E91/><V0/><F62/><W43/><G43/><T115/><D115/><U98/><E104/><V37/><REACH who="2" step="1"/><F60/><REACH who="2" ten="489,209,83,209" step="2"/><W30/><G61/><T102/><D111/><U80/><E80/><V48/><F48/><W49/><G49/><T96/><D110/><U57/><AGARI ba="2,1" hai="1,3,5,10,13,22,24,29,57,58,59,98,100,105" machi="57" ten="30,1100,0" yaku="0,1" doraHai="72" who="1" fromWho="1" sc="489,-7,209,27,83,-5,209,-5" />
</Scene>
<Scene>
<INIT seed="1,0,0,1,2,53" ten="482,236,78,204" oya="1" hai0="45,33,66,88,64,65,47,20,1,28,68,79,122" hai1="62,105,35,103,78,80,102,99,86,22,12,21,108" hai2="101,42,85,113,96,50,60,23,82,27,83,90,109" hai3="17,36,74,94,57,131,9,46,51,117,120,0,71"/><U26/><E108/><V72/><F109/><W8/><G71/><T73/><D33/><U30/><E103/><V118/><F118/><W58/><G74/><T10/><D122/><U19/><REACH who="1" step="1"/><E62/><REACH who="1" ten="482,226,78,204" step="2"/><V107/><F60/><W49/><G120/><T24/><D68/><U63/><E63/><V56/><F113/><W14/><G117/><T55/><D64/><U32/><AGARI ba="0,1" hai="12,19,21,22,26,30,32,35,78,80,86,99,102,105" machi="32" ten="30,3000,0" yaku="1,1,0,1,53,0" doraHai="53" doraHaiUra="132" who="1" fromWho="1" sc="482,-10,226,40,78,-10,204,-10" />
</Scene>
<Scene>
<INIT seed="1,1,0,5,3,8" ten="472,266,68,194" oya="1" hai0="104,35,30,103,88,39,75,54,45,40,83,21,112" hai1="73,107,23,10,7,55,68,5,95,53,80,81,34" hai2="128,115,129,85,13,69,37,90,93,12,86,97,48" hai3="126,87,79,18,31,91,16,64,122,131,99,56,51"/><U96/><E34/><V125/><F37/><W71/><G122/><T120/><D120/><U38/><E107/><V44/><F69/><W108/><G71/><T133/><D112/><U132/><E132/><V78/><F115/><W113/><G113/><T47/><D133/><U29/><E38/><V117/><F117/><W20/><G108/><T17/><D35/><U27/><E68/><V11/><F125/><W32/><G32/><T77/><D30/><U111/><E111/><V121/><F121/><W43/><G79/><T62/><D104/><U89/><E73/><V0/><F0/><W82/><G131/><N who="2" m="50249" /><F78/><W19/><G126/><T101/><D88/><U9/><E9/><V24/><F24/><N who="3" m="16775" /><G99/><T15/><REACH who="0" step="1"/><D47/><REACH who="0" ten="462,266,68,194" step="2"/><U4/><E10/><V63/><F11/><W116/><G116/><T49/><D49/><U50/><REACH who="1" step="1"/><E50/><REACH who="1" ten="462,256,68,194" step="2"/><V109/><F109/><W36/><G36/><T42/><D42/><U102/><E102/><V26/><F48/><W74/><G43/><T106/><D106/><U135/><E135/><V2/><F2/><W60/><G51/><T57/><AGARI ba="1,2" hai="15,17,21,39,40,45,54,57,62,75,77,83,101,103" machi="57" ten="30,7900,0" yaku="1,1,0,1,52,1,53,1" doraHai="8" doraHaiUra="76" who="0" fromWho="0" sc="462,102,256,-40,68,-21,194,-21" />
</Scene>
<Scene>
<INIT seed="2,0,0,3,2,77" ten="564,216,47,173" oya="2" hai0="95,49,129,87,36,33,55,118,112,97,53,70,34" hai1="31,41,10,124,131,19,101,133,24,57,103,30,75" hai2="74,92,61,43,132,25,13,127,37,119,113,15,99" hai3="67,102,88,86,107,80,23,114,85,65,45,96,91"/><V93/><F113/><W11/><G114/><T16/><D70/><U2/><E41/><V59/><F119/><W32/><G32/><T73/><D36/><U39/><E39/><V128/><F74/><W123/><G123/><T51/><D73/><U1/><E75/><V82/><F128/><W115/><G115/><T89/><D129/><U63/><E124/><V83/><F127/><W71/><G71/><T109/><D112/><U110/><E110/><V68/><F68/><W62/><G23/><T98/><D118/><U17/><E133/><V6/><F132/><W126/><G126/><T7/><D7/><U60/><E57/><V18/><F43/><W105/><G105/><T100/><D109/><U20/><E20/><N who="2" m="13463" /><F37/><W66/><G45/><T78/><D78/><U48/><E24/><V27/><F27/><W9/><REACH who="3" step="1"/><G62/><REACH who="3" ten="564,216,47,163" step="2"/><T47/><D33/><U135/><E131/><V8/><F15/><W38/><G38/><T64/><D34/><U84/><E135/><V3/><F3/><W4/><G4/><T5/><D5/><U120/><E120/><V69/><F69/><W106/><G106/><T26/><D47/><U104/><E104/><V121/><F121/><W21/><G21/><T76/><D26/><U14/><E14/><V72/><F72/><W22/><G22/><T125/><D125/><U111/><E111/><V40/><F40/><W117/><G117/><T12/><D12/><U90/><E1/><V81/><F99/><W116/><G116/><T50/><D98/><U94/><E2/><V108/><F108/><W35/><G35/><T56/><D56/><RYUUKYOKU ba="0,1" sc="564,-15,216,-15,47,15,163,15" hai2="6,8,13,59,61,81,82,83,92,93" hai3="9,11,65,66,67,80,85,86,88,91,96,102,107" />
</Scene>
<Scene>
<INIT seed="2,1,1,2,2,60" ten="549,201,62,178" oya="2" hai0="85,17,88,95,119,67,53,69,108,23,68,38,45" hai1="80,20,111,129,132,37,64,116,16,90,122,48,47" hai2="44,7,29,100,82,77,131,36,92,41,73,43,104" hai3="54,135,31,106,97,133,128,3,14,21,121,26,32"/><V0/><F131/><W134/><G121/><T10/><D119/><U33/><E33/><V27/><F43/><W76/><G76/><T127/><D127/><U113/><E116/><V72/><F92/><W56/><G3/><T66/><D108/><U57/><E113/><V46/><F46/><W91/><G128/><T15/><D68/><U110/><E129/><V126/><F126/><W114/><G114/><T13/><D69/><U11/><E11/><N who="2" m="2535" /><F73/><W71/><G71/><T8/><D23/><U79/><E90/><V74/><F74/><W107/><G14/><T101/><D101/><U63/><E37/><V12/><F12/><W115/><G115/><T125/><D125/><U62/><E62/><V2/><F2/><W120/><G21/><T123/><D123/><U51/><E122/><V75/><F75/><W30/><G120/><T124/><D124/><U1/><E1/><V55/><F55/><W18/><G18/><T22/><D22/><U103/><E103/><V105/><F100/><W87/><G30/><T81/><D95/><U93/><E93/><V35/><AGARI ba="1,1" hai="27,29,35,36,41,44,72,77,82,104,105" m="2535" machi="35" ten="30,6000,0" yaku="25,1,33,2" doraHai="60" who="2" fromWho="2" sc="549,-21,201,-21,62,73,178,-21" />
</Scene>
<Scene>
<INIT seed="2,2,0,2,0,32" ten="528,180,135,157" oya="2" hai0="33,126,47,26,43,106,74,98,9,77,88,55,22" hai1="70,75,115,38,36,110,124,63,20,42,73,132,19" hai2="3,59,68,107,125,71,44,49,28,99,18,85,39" hai3="57,89,79,52,78,105,58,82,127,45,54,4,15"/><V135/><F28/><W27/><G105/><T64/><D33/><U67/><E115/><V131/><F131/><W101/><G101/><T120/><D120/><U69/><E110/><V97/><F39/><W119/><G119/><T109/><D109/><U40/><E124/><V16/><F59/><W35/><G127/><T6/><D126/><U92/><E132/><V2/><F125/><W91/><G45/><T133/><D133/><U24/><E70/><V5/><F135/><W7/><G35/><T31/><D64/><U90/><E38/><V122/><F85/><W23/><G15/><T17/><D55/><U116/><E116/><V12/><F5/><W48/><G23/><T94/><D106/><U87/><E36/><V108/><F108/><W25/><G48/><T80/><D31/><U123/><E123/><V84/><F84/><W11/><REACH who="3" step="1"/><G82/><REACH who="3" ten="528,180,135,147" step="2"/><T100/><D100/><U95/><E20/><V118/><F118/><W1/><G1/><T61/><D47/><U83/><E83/><V50/><F44/><W130/><G130/><T114/><D114/><U81/><E81/><V117/><F117/><W51/><G51/><T13/><D61/><U41/><E63/><V46/><F46/><W65/><G65/><T112/><D112/><U60/><E60/><V103/><F103/><W96/><G96/><T53/><D43/><U37/><E37/><V30/><F107/><W0/><G0/><T21/><D53/><U102/><E67/><V129/><F129/><W111/><G111/><T134/><D134/><U113/><E113/><V72/><F12/><W86/><G86/><RYUUKYOKU ba="2,1" sc="528,15,180,-15,135,-15,147,15" hai0="6,9,13,17,21,22,26,74,77,80,88,94,98" hai3="4,7,11,25,27,52,54,57,58,78,79,89,91" />
</Scene>
<Scene>
<INIT seed="3,3,1,5,0,60" ten="543,165,120,162" oya="3" hai0="77,64,102,5,111,0,18,70,89,84,120,14,17" hai1="49,19,46,48,124,26,21,90,39,1,118,94,80" hai2="114,98,11,9,92,108,85,16,67,38,74,3,65" hai3="115,30,47,73,58,86,107,50,22,62,54,31,96"/><W6/><G73/><T56/><D120/><U99/><E118/><V69/><F74/><W36/><G115/><T88/><D70/><U104/><E124/><V25/><F38/><W95/><G6/><T52/><D111/><U83/><E1/><V24/><F114/><W55/><G36/><T127/><D127/><U117/><E117/><V53/><F108/><W29/><G86/><T119/><D119/><U2/><E2/><V116/><F116/><W8/><G8/><N who="2" m="3145" /><F69/><W57/><G107/><T121/><D121/><U23/><E104/><V93/><F3/><W128/><G128/><T45/><D0/><U68/><E68/><V32/><F32/><W110/><G110/><T42/><D102/><U106/><E106/><V40/><F40/><W41/><G22/><T109/><D109/><U27/><E39/><V75/><F75/><W20/><G20/><T15/><D5/><U33/><E33/><V130/><F130/><W91/><REACH who="3" step="1"/><G58/><REACH who="3" ten="543,165,120,152" step="2"/><T71/><D84/><U112/><E112/><V132/><F85/><W97/><G97/><T12/><D71/><U101/><E23/><N who="2" m="13415" /><F25/><W113/><G113/><T131/><D131/><U43/><E27/><V103/><F132/><W37/><G37/><T63/><D77/><U79/><E79/><V44/><F93/><W4/><G4/><T105/><D105/><U13/><E26/><V123/><F123/><W10/><G10/><T28/><D56/><U35/><E35/><V126/><F126/><W134/><G134/><T100/><D45/><U61/><E46/><V82/><F82/><W66/><AGARI ba="3,2" hai="29,30,31,41,47,50,54,55,57,62,66,91,95,96" machi="66" ten="30,12000,1" yaku="1,1,0,1,8,1,52,1,53,1" doraHai="60" doraHaiUra="59" who="3" fromWho="3" sc="543,-43,165,-43,120,-43,152,149" />
</Scene>
<Scene>
<INIT seed="3,4,0,4,5,116" ten="500,122,77,301" oya="3" hai0="17,92,111,9,115,122,21,89,27,102,4,26,71" hai1="85,128,44,23,90,63,80,69,18,88,12,7,112" hai2="87,36,40,6,134,62,132,108,97,83,11,81,99" hai3="93,114,78,79,8,52,94,3,100,109,76,43,10"/><W98/><G114/><T127/><D71/><U82/><E112/><V124/><F36/><W56/><G43/><T84/><D115/><U119/><E119/><V110/><F40/><W13/><G3/><T2/><D111/><N who="2" m="42538" /><F62/><W22/><G109/><T67/><D127/><U41/><E128/><V135/><F124/><W49/><REACH who="3" step="1"/><G94/><REACH who="3" ten="500,122,77,291" step="2"/><T59/><D2/><U105/><E41/><V53/><F53/><W33/><G33/><T75/><D92/><U19/><E105/><V55/><F55/><W66/><G66/><T68/><D67/><U32/><E32/><V42/><F42/><W20/><G20/><T47/><D21/><U103/><E23/><V61/><F134/><W1/><G1/><T14/><D26/><U113/><E113/><V37/><F135/><W15/><G15/><T121/><D27/><U91/><E12/><V31/><F132/><W54/><G54/><T74/><D14/><U106/><E106/><V77/><F37/><W133/><G133/><T123/><D121/><U126/><E126/><V38/><F38/><W70/><G70/><T48/><D122/><U5/><E69/><V95/><F95/><W29/><G29/><T25/><D123/><U131/><E131/><V34/><F31/><W16/><AGARI ba="4,1" hai="8,10,13,16,22,49,52,56,76,78,79,93,98,100" machi="16" ten="30,12000,1" yaku="1,1,0,1,8,1,54,2,53,0" doraHai="116" doraHaiUra="120" who="3" fromWho="3" sc="500,-44,122,-44,77,-44,291,142" />
</Scene>
<Scene>
<INIT seed="3,5,0,5,0,89" ten="456,78,33,433" oya="3" hai0="72,81,40,8,60,61,22,5,126,98,67,23,3" hai1="127,42,112,124,82,62,113,56,58,15,51,37,16" hai2="134,20,76,80,71,69,114,97,87,47,121,120,93" hai3="9,2,48,79,135,45,131,100,75,116,7,10,59"/><W33/><G116/><T68/><D126/><N who="1" m="48171" /><E37/><V130/><F114/><N who="1" m="44137" /><E82/><V86/><F134/><W34/><G135/><T43/><D61/><U55/><E42/><V118/><F118/><W54/><G131/><T27/><D23/><N who="1" m="11679" /><E58/><V123/><F130/><W85/><G75/><T77/><REACH who="0" step="1"/><D98/><REACH who="0" ten="446,78,33,433" step="2"/><U30/><E30/><AGARI ba="5,1" hai="3,5,8,22,27,30,40,43,60,67,68,72,77,81" machi="30" ten="30,3900,0" yaku="1,1,2,1,7,1,53,0" doraHai="89" doraHaiUra="122" who="0" fromWho="1" sc="446,64,78,-54,33,0,433,0" />
</Scene>
<Scene>
<INIT seed="4,0,0,5,2,33" ten="510,24,33,433" oya="0" hai0="115,72,81,84,28,66,63,16,135,71,87,92,13" hai1="4,124,134,11,114,34,5,101,112,54,49,85,80" hai2="83,113,111,52,24,62,107,93,127,70,50,133,25" hai3="46,8,64,116,86,45,89,78,119,95,7,79,60"/><T125/><D115/><N who="1" m="44075" /><E134/><V129/><F113/><W22/><G119/><T57/><D135/><U38/><E38/><V48/><F107/><W65/><G116/><T77/><D125/><U31/><E101/><V131/><F133/><W82/><G22/><T97/><D28/><U56/><E124/><V23/><F127/><W47/><G60/><T69/><D69/><U100/><E100/><V19/><F111/><W1/><REACH who="3" step="1"/><G79/><REACH who="3" ten="510,24,33,423" step="2"/><T2/><D71/><U14/><E34/><V130/><F62/><W17/><G17/><T42/><D16/><N who="1" m="8287" /><E31/><V73/><F19/><W122/><G122/><T32/><D32/><U55/><E55/><V26/><F23/><W76/><G76/><AGARI ba="0,1" hai="4,5,49,54,56,76,80,85" m="8287,44075" machi="76" ten="30,3900,0" yaku="15,1,11,1,54,1" doraHai="33" who="1" fromWho="3" sc="510,0,24,49,33,0,423,-39" />
</Scene>
<Scene>
<INIT seed="5,0,0,3,2,59" ten="510,73,33,384" oya="1" hai0="53,126,36,95,9,100,75,57,119,92,50,122,27" hai1="29,26,110,47,88,64,96,82,32,31,51,94,98" hai2="3,12,74,102,63,128,4,71,65,83,93,35,22" hai3="85,40,17,11,10,97,21,38,101,14,134,7,109"/><U6/><E110/><V33/><F3/><W103/><G109/><T37/><D119/><U73/><E6/><V78/><F128/><W129/><G129/><T45/><D75/><U24/><E64/><V116/><F116/><W61/><G134/><T125/><D27/><U58/><E58/><V107/><F93/><W90/><G38/><T20/><D20/><U81/><E96/><V79/><F79/><W2/><G40/><T118/><D118/><U120/><E73/><V54/><F54/><W130/><G130/><T15/><D122/><U60/><E60/><V69/><F69/><W115/><G115/><T55/><D100/><U68/><E68/><V19/><REACH who="2" step="1"/><F4/><REACH who="2" ten="510,73,23,384" step="2"/><W105/><G7/><N who="0" m="3519" /><D95/><U1/><E1/><V72/><F72/><W18/><G2/><T113/><D92/><U52/><E120/><V0/><F0/><W133/><G133/><T121/><D121/><U48/><E48/><V87/><F87/><W104/><G104/><T66/><D113/><U108/><E108/><V23/><F23/><AGARI ba="0,1" hai="23,24,26,29,31,32,47,51,52,81,82,88,94,98" machi="23" ten="30,5800,0" yaku="7,1,54,2" doraHai="59" who="1" fromWho="2" sc="510,0,73,68,23,-58,384,0" owari="510,62.0,141,-26.0,-35,-54.0,384,18.0" />
</Scene>
</mjloggm>