<mjloggm ver="2.3"><GO type="169" lobby="0"/><UN n0="%E5%A4%AA%E3%81%8F%E3%81%AA%E3%81%84%E3%81%8A" n1="%4B%49%4E%4F" n2="%E3%81%BB%E3%82%80%E5%AD%90" n3="%66%75%6A%69%32%32%39" dan="17,17,17,17" rate="2194.60,2161.54,2106.02,2126.64" sx="M,F,M,M"/><TAIKYOKU oya="0"/>

<Scene>
<INIT seed="0,0,0,4,1,52" ten="250,250,250,250" oya="0" hai0="48,49,5,85,2,13,34,77,45,50,19,28,46" hai1="31,60,132,96,1,42,97,111,102,33,110,73,86" hai2="22,94,113,131,66,68,36,104,105,25,79,99,83" hai3="100,11,58,130,21,24,92,51,4,74,57,14,125"/><T114/><D114/><U103/><E73/><V67/><F113/><W117/><G74/><T109/><D109/><U135/><E1/><V134/><F36/><W43/><G117/><T123/><D123/><U91/><E42/><V38/><F38/><W41/><G125/><T10/><D77/><U7/><E7/><V120/><F120/><W20/><G20/><N who="0" m="11375" /><D85/><U98/><E60/><V61/><F66/><W16/><G130/><T53/><D46/><U29/><E33/><V47/><F47/><N who="3" m="26095" /><G43/><T88/><D88/><U89/><E86/><V9/><F9/><W62/><G62/><T108/><D108/><U69/><REACH who="1" step="1"/><E98/><AGARI ba="0,0" hai="4,11,14,16,21,24,57,58,92,98,100" m="26095" machi="98" ten="30,7700,0" yaku="8,1,52,2,54,1" doraHai="52" who="3" fromWho="1" sc="250,0,250,-77,250,0,250,77" />
</Scene>
<Scene>
<INIT seed="1,0,0,4,2,114" ten="250,173,250,327" oya="1" hai0="104,24,112,34,83,52,100,106,50,119,42,59,133" hai1="122,107,15,18,130,37,27,73,9,79,11,60,7" hai2="75,51,58,120,30,80,81,131,12,76,38,53,54" hai3="98,117,90,49,128,109,88,43,48,33,0,89,39"/><U61/><E122/><V25/><F120/><W102/><G0/><T44/><D112/><U8/><E107/><V2/><F2/><W132/><G33/><T96/><D133/><U118/><E37/><V97/><F38/><W4/><G4/><T35/><D119/><U87/><E73/><V55/><F131/><W115/><G115/><T64/><D64/><U94/><E130/><V110/><F110/><W77/><G77/><T26/><D104/><U10/><E118/><V17/><F97/><W135/><G109/><T28/><D83/><N who="1" m="47615" /><E94/><V40/><F81/><W67/><G67/><T129/><D129/><U84/><E84/><V36/><F40/><W66/><G66/><T85/><D85/><U72/><E72/><V16/><F36/><W32/><G32/><T70/><D70/><U45/><E45/><V93/><F93/><N who="3" m="58703" /><G117/><T123/><D123/><U74/><E74/><V127/><F127/><W125/><G125/><T46/><REACH who="0" step="1"/><D42/><REACH who="0" ten="240,173,250,327" step="2"/><U82/><E82/><V5/><F54/><W56/><G128/><T101/><D101/><U68/><E68/><V78/><F53/><N who="3" m="31783" /><G135/><T103/><D103/><U124/><E124/><V23/><F76/><W31/><G132/><T99/><D99/><U1/><E1/><V69/><F69/><W91/><G43/><T13/><D13/><N who="1" m="5279" /><E27/><V71/><F71/><W14/><G14/><T20/><D20/><AGARI ba="0,1" hai="9,10,11,15,18,20,60,61" m="5279,47615" machi="20" ten="30,1500,0" yaku="8,1" doraHai="114" who="1" fromWho="0" sc="240,-15,173,25,250,0,327,0" />
</Scene>
<Scene>
<INIT seed="1,1,0,5,4,123" ten="225,198,250,327" oya="1" hai0="36,46,40,125,18,106,131,102,8,91,44,103,2" hai1="135,0,96,1,21,127,10,49,107,62,48,81,129" hai2="22,19,14,104,25,113,24,20,79,100,132,87,37" hai3="53,51,34,4,126,33,72,105,55,23,38,41,94"/><U42/><E129/><V32/><F37/><W124/><G105/><T83/><D131/><U30/><E135/><V95/><F132/><W85/><G72/><T110/><D125/><U63/><E127/><V59/><F113/><W6/><G23/><T5/><D106/><U15/><E1/><V52/><F104/><W7/><G38/><T11/><D46/><N who="1" m="25687" /><E0/><V64/><F32/><W35/><G41/><T99/><D99/><U60/><E81/><N who="2" m="47551" /><F64/><W65/><G65/><T66/><D66/><U45/><E96/><N who="2" m="59423" /><F22/><W76/><G76/><T47/><D47/><U54/><E107/><V29/><F29/><W17/><G35/><T43/><D43/><U119/><E119/><V56/><F56/><W68/><G68/><T3/><D3/><U27/><E63/><AGARI ba="1,0" hai="14,19,20,24,25,52,59,63" m="59423,47551" machi="63" ten="30,2000,0" yaku="8,1,54,1" doraHai="123" who="2" fromWho="1" sc="225,0,198,-23,250,23,327,0" />
</Scene>
<Scene>
<INIT seed="2,0,0,3,1,126" ten="225,175,273,327" oya="2" hai0="103,10,112,1,12,46,27,54,29,73,24,127,78" hai1="7,105,98,113,48,106,51,56,5,117,43,95,66" hai2="71,21,4,8,26,83,97,94,52,23,45,96,111" hai3="63,102,33,41,15,42,16,128,0,37,30,75,132"/><V104/><F71/><W11/><G75/><T65/><D112/><U49/><E117/><V130/><F104/><W89/><G102/><T28/><D1/><U90/><E113/><V133/><F133/><W22/><G37/><T53/><D127/><U115/><E115/><V2/><F83/><W59/><G132/><T57/><D103/><U86/><E43/><V129/><F111/><W116/><G116/><T77/><D73/><U110/><E110/><V125/><F125/><W19/><G128/><N who="2" m="49257" /><F94/><W6/><G89/><T87/><D65/><U25/><E106/><V44/><F21/><W108/><G108/><T114/><D114/><U79/><E105/><V84/><F84/><W13/><G33/><T82/><D78/><U88/><E79/><V121/><F121/><W39/><G39/><T100/><D87/><U18/><E56/><V61/><F61/><W38/><G38/><T64/><D82/><N who="1" m="49239" /><E66/><V99/><F52/><W32/><G32/><T119/><D53/><U74/><E74/><V135/><F135/><W9/><G30/><AGARI ba="0,0" hai="2,4,8,23,26,30,44,45,96,97,99" m="49257" machi="30" ten="30,11600,0" yaku="19,1,52,3" doraHai="126" who="2" fromWho="3" sc="225,0,175,0,273,116,327,-116" />
</Scene>
<Scene>
<INIT seed="2,1,0,5,3,2" ten="225,175,389,211" oya="2" hai0="55,80,9,15,133,88,29,63,84,64,75,28,85" hai1="54,45,24,91,20,98,61,51,16,128,72,18,56" hai2="113,34,33,32,17,109,11,8,5,118,4,43,12" hai3="67,27,78,0,102,71,94,134,121,76,106,108,99"/><V101/><F101/><W50/><G121/><T129/><D129/><U125/><E125/><V47/><F113/><W48/><G0/><T53/><D75/><U70/><E128/><V62/><F118/><W65/><G108/><T96/><D133/><U23/><E72/><V117/><F117/><W132/><G106/><T120/><D120/><U19/><E70/><V7/><F62/><W37/><G37/><T90/><D96/><U95/><REACH who="1" step="1"/><E23/><REACH who="1" ten="225,165,389,211" step="2"/><V135/><F135/><W49/><G71/><T119/><D119/><U31/><E31/><V123/><F123/><W57/><G134/><T86/><D28/><U40/><AGARI ba="1,1" hai="16,18,19,20,24,40,45,51,54,56,61,91,95,98" machi="40" ten="20,12000,2" yaku="1,1,0,1,7,1,25,2,8,1,54,1,53,0" doraHai="2" doraHaiUra="131" who="1" fromWho="1" sc="225,-31,165,133,389,-61,211,-31" />
</Scene>
<Scene>
<INIT seed="3,0,0,2,0,91" ten="194,298,328,180" oya="3" hai0="53,131,134,124,50,40,79,60,22,54,90,9,78" hai1="23,126,10,121,81,116,42,84,105,110,47,6,28" hai2="21,14,99,83,85,86,25,106,64,63,59,93,113" hai3="20,2,129,98,12,125,104,45,3,135,73,92,36"/><W71/><G73/><T75/><D124/><U95/><E105/><V67/><F106/><W19/><G71/><T114/><D131/><U133/><E121/><V120/><F113/><W119/><G119/><T77/><D75/><U33/><E33/><V11/><F67/><W29/><G125/><T80/><D114/><U39/><E126/><V41/><F41/><W82/><G104/><T26/><D134/><U4/><E110/><V96/><F96/><W43/><G129/><T94/><D80/><U62/><E133/><V118/><F83/><W0/><G135/><T17/><D9/><U52/><E116/><V7/><F120/><W18/><G82/><T72/><D72/><U122/><E122/><V35/><F35/><W69/><G69/><T16/><D17/><U115/><E115/><V56/><F56/><W70/><G70/><T87/><D60/><U61/><E95/><V102/><REACH who="2" step="1"/><F118/><REACH who="2" ten="194,298,318,180" step="2"/><W55/><G55/><T57/><D53/><U37/><E42/><AGARI ba="0,1" hai="16,22,26,40,42,50,54,57,77,78,79,87,90,94" machi="42" ten="40,5200,0" yaku="8,1,52,1,54,1" doraHai="91" who="0" fromWho="1" sc="194,62,298,-52,318,0,180,0" />
</Scene>
<Scene>
<INIT seed="4,0,0,4,0,16" ten="256,246,318,180" oya="0" hai0="110,59,95,51,2,6,93,71,130,87,67,38,57" hai1="90,128,69,45,88,8,106,116,92,107,47,31,66" hai2="39,104,105,70,81,54,122,114,108,29,125,123,83" hai3="74,48,26,32,120,76,40,21,18,52,101,96,133"/><T94/><D38/><U62/><E116/><V111/><F70/><W77/><G133/><T36/><D36/><U13/><E31/><V134/><F39/><W63/><G120/><T4/><D130/><U5/><E90/><V0/><F0/><W34/><G40/><T86/><D110/><U60/><E128/><V126/><F29/><W68/><G68/><T73/><D73/><U28/><E62/><V89/><F54/><W20/><G63/><N who="0" m="38383" /><D2/><U25/><E107/><N who="2" m="41035" /><F134/><W9/><G9/><T11/><D71/><U97/><REACH who="1" step="1"/><E106/><REACH who="1" ten="256,236,318,180" step="2"/><V99/><F111/><W42/><G34/><AGARI ba="0,1" hai="5,8,13,25,28,34,45,47,60,66,69,88,92,97" machi="34" ten="30,7700,0" yaku="1,1,2,1,7,1,54,1,53,0" doraHai="16" doraHaiUra="35" who="1" fromWho="3" sc="256,0,236,87,318,0,180,-77" />
</Scene>
<Scene>
<INIT seed="5,0,0,3,2,32" ten="256,323,318,103" oya="1" hai0="37,71,119,64,60,113,18,50,90,104,72,96,55" hai1="105,85,73,107,12,45,67,51,91,93,15,131,69" hai2="80,57,2,24,103,108,94,74,26,115,4,23,81" hai3="77,100,122,43,82,0,65,20,41,29,99,83,17"/><U30/><E73/><V98/><F108/><W6/><G122/><T124/><D119/><U128/><E30/><V48/><F24/><W59/><G29/><T38/><D72/><U133/><E133/><V111/><F111/><W25/><G83/><T97/><D113/><U9/><E67/><V116/><F116/><W125/><G125/><T16/><D124/><U135/><E69/><V109/><F109/><W61/><G6/><T1/><D1/><U5/><E15/><V92/><F92/><W95/><REACH who="3" step="1"/><G0/><REACH who="3" ten="256,323,318,93" step="2"/><T134/><D134/><U21/><E135/><V130/><F4/><W8/><G8/><T123/><D123/><U19/><E131/><V127/><F2/><W118/><G118/><T54/><D18/><U112/><E128/><V86/><F81/><W46/><G46/><T28/><D28/><U78/><E9/><V42/><F80/><W62/><G62/><T11/><D16/><U13/><E5/><V102/><F127/><W120/><G120/><T3/><D11/><U84/><E45/><V126/><F130/><W33/><G33/><T75/><D3/><U89/><E19/><V31/><F126/><W22/><G22/><T114/><D60/><U47/><E47/><V121/><F23/><W106/><G106/><T70/><D104/><U10/><E21/><V35/><F31/><W7/><G7/><T14/><D114/><U58/><E112/><V66/><F115/><W44/><G44/><T49/><D49/><U34/><E107/><V117/><F117/><W101/><G101/><T27/><D50/><U39/><E105/><V129/><F129/><RYUUKYOKU ba="0,1" sc="256,-10,323,-10,318,-10,93,30" hai3="17,20,25,41,43,59,61,65,77,82,95,99,100" />
</Scene>
<Scene>
<INIT seed="6,1,1,3,3,51" ten="246,313,308,123" oya="2" hai0="43,120,78,98,105,68,12,134,20,103,45,110,108" hai1="132,4,30,97,112,15,128,77,37,36,46,90,83" hai2="115,102,38,3,48,16,119,75,26,19,28,33,17" hai3="116,85,125,14,111,0,7,118,67,52,95,41,23"/><V73/><F38/><W32/><G111/><T65/><D120/><U50/><E30/><V94/><F119/><W114/><G67/><T24/><D134/><U126/><E112/><V62/><F3/><W59/><G41/><T35/><D78/><U71/><E71/><V55/><F62/><W56/><G32/><T5/><D5/><U58/><E58/><V40/><F40/><W104/><G104/><T57/><D57/><U96/><E96/><V107/><F107/><W70/><G70/><T88/><D12/><U47/><E47/><V29/><F29/><W91/><G125/><T9/><D9/><U25/><E25/><V117/><F117/><W72/><G72/><T127/><D88/><U44/><E44/><V10/><F10/><N who="3" m="2407" /><G59/><T87/><D87/><U11/><E132/><V54/><F75/><W109/><G109/><T13/><D13/><U99/><E126/><V106/><F73/><W74/><G74/><T6/><D6/><U79/><E15/><V42/><F106/><W89/><G89/><T133/><D133/><U31/><E4/><V69/><F69/><W27/><G114/><T81/><D127/><U63/><E11/><V129/><F115/><W135/><G135/><T100/><D100/><U64/><E90/><V84/><F102/><W8/><G8/><T49/><D35/><U82/><E79/><V60/><F33/><W22/><G14/><T86/><D68/><U18/><E77/><V76/><F76/><W34/><G34/><T131/><D110/><U61/><E37/><V80/><F26/><W1/><G27/><T21/><D108/><RYUUKYOKU ba="1,1" sc="246,0,313,0,308,0,123,0" />
</Scene>
<Scene>
<INIT seed="7,2,1,3,4,6" ten="246,313,308,123" oya="3" hai0="24,127,100,11,58,55,96,3,68,16,73,132,115" hai1="61,71,120,92,54,32,0,59,70,29,95,104,19" hai2="126,123,45,10,135,118,21,35,34,17,66,125,112" hai3="31,98,33,117,88,79,122,37,41,77,13,124,133"/><W60/><G117/><T131/><D68/><U30/><E104/><V87/><F118/><W106/><G122/><T67/><D73/><U22/><E0/><V83/><F123/><W102/><G124/><N who="2" m="47721" /><F112/><W23/><G133/><T75/><D127/><U15/><E120/><V64/><F10/><W114/><G114/><T46/><D75/><U107/><E107/><V101/><F101/><W62/><G33/><N who="2" m="12297" /><F45/><W72/><G88/><T69/><D115/><U116/><E116/><V51/><F51/><W18/><G31/><N who="1" m="11786" /><E71/><V28/><F28/><W81/><REACH who="3" step="1"/><G79/><REACH who="3" ten="246,313,308,113" step="2"/><T36/><D132/><U128/><E32/><V5/><F135/><W53/><G53/><T76/><D76/><U74/><E54/><V110/><F64/><W56/><G56/><T94/><D58/><U78/><E70/><V90/><F66/><W129/><G129/><T113/><D131/><U63/><E128/><V85/><F90/><W52/><G52/><T86/><D113/><U109/><E78/><V27/><F83/><W89/><G89/><T4/><D69/><U93/><E59/><V121/><F121/><W134/><G134/><T42/><D67/><U50/><E63/><V48/><F48/><W111/><G111/><T80/><D55/><U103/><E109/><V38/><F110/><W99/><G99/><T26/><D80/><U40/><E61/><V12/><F38/><W1/><G1/><T8/><D36/><U119/><E119/><V82/><F82/><W39/><G39/><T7/><D3/><U84/><E50/><V2/><F2/><W14/><G14/><T9/><D96/><RYUUKYOKU ba="2,2" sc="246,-15,313,-15,308,15,113,15" hai2="5,12,17,21,27,85,87" hai3="13,18,23,37,41,60,62,72,77,81,98,102,106" />
</Scene>
<Scene>
<INIT seed="7,3,2,4,4,37" ten="231,298,323,128" oya="3" hai0="130,110,98,126,97,2,104,41,68,107,55,105,79" hai1="51,100,32,103,124,6,25,76,35,80,101,116,30" hai2="67,64,22,12,16,131,127,132,111,0,61,117,75" hai3="65,90,92,48,13,99,114,109,21,63,19,36,46"/><W96/><G109/><T70/><D110/><U1/><E35/><V69/><F75/><W81/><G36/><T34/><D34/><U38/><E38/><V31/><F117/><W3/><G3/><T72/><D2/><U125/><E116/><V4/><F111/><W78/><G114/><T113/><D41/><U77/><E51/><V87/><F132/><W122/><G122/><T95/><D113/><U56/><E56/><V112/><F112/><W7/><G7/><T11/><D11/><N who="1" m="2511" /><E80/><V27/><F131/><W15/><G99/><T74/><D126/><AGARI ba="3,2" hai="25,30,32,76,77,100,101,103,124,125,126" m="2511" machi="126" ten="30,1000,0" yaku="18,1" doraHai="37" who="1" fromWho="0" sc="231,-19,298,39,323,0,128,0" owari="212,-19.0,337,44.0,323,12.0,128,-37.0" />
</Scene>
</mjloggm>