<mjloggm ver="2.3"><GO type="169" lobby="0"/><UN n0="%E3%81%82%E3%81%B2%E3%82%8B%E3%81%95%E3%82%93" n1="%E5%A4%AA%E3%81%8F%E3%81%AA%E3%81%84%E3%81%8A" n2="%E3%81%B5%E3%81%86%E3%81%8C%E2%99%AA" n3="%E3%81%BF%E3%81%A9%E3%82%8A%E8%8C%B6" dan="16,18,16,16" rate="2035.29,2209.00,2133.39,2088.95" sx="M,M,M,M"/><TAIKYOKU oya="0"/>

<Scene>
<INIT seed="0,0,0,1,3,54" ten="250,250,250,250" oya="0" hai0="16,126,101,53,127,60,20,88,83,73,18,71,77" hai1="119,23,66,116,51,80,131,135,125,69,85,78,25" hai2="0,26,98,118,36,56,75,102,87,29,64,34,124" hai3="46,32,133,122,86,40,30,123,68,110,79,129,9"/><T5/><D5/><U96/><E125/><N who="0" m="47625" /><D101/><U117/><E135/><V22/><F124/><W63/><G110/><T61/><D71/><U99/><E131/><V97/><F75/><W57/><G133/><T50/><D18/><U89/><E69/><V35/><F36/><W28/><G129/><T6/><D6/><U104/><E66/><V2/><F98/><W52/><G68/><T58/><D88/><U27/><E23/><V95/><F118/><W45/><G9/><T24/><AGARI ba="0,0" hai="16,20,24,50,53,58,60,61,73,77,83" m="47625" machi="24" ten="30,6000,0" yaku="18,1,52,1,54,1" doraHai="54" who="0" fromWho="0" sc="250,60,250,-20,250,-20,250,-20" />
</Scene>
<Scene>
<INIT seed="0,1,0,4,1,69" ten="310,230,230,230" oya="0" hai0="21,81,50,22,32,26,19,41,74,105,20,104,30" hai1="122,82,2,55,86,64,28,127,71,96,51,121,6" hai2="131,15,25,110,129,52,103,46,97,124,9,10,40" hai3="112,77,38,16,89,107,18,91,3,90,58,23,130"/><T126/><D126/><U79/><E127/><V109/><F124/><W111/><G112/><T133/><D133/><U135/><E135/><V125/><F125/><W33/><G3/><T7/><D7/><U102/><E28/><V17/><F25/><W92/><G33/><T13/><D74/><U76/><E76/><V53/><F9/><W113/><G113/><T80/><D105/><U67/><E2/><V118/><F118/><W54/><G107/><T75/><D104/><U95/><E6/><V73/><F73/><W85/><G111/><N who="2" m="42505" /><F97/><W47/><G130/><N who="2" m="49673" /><F103/><W94/><G77/><T93/><D75/><U45/><REACH who="1" step="1"/><E71/><REACH who="1" ten="310,220,230,230" step="2"/><V65/><F65/><AGARI ba="1,1" hai="45,51,55,64,65,67,79,82,86,95,96,102,121,122" machi="65" ten="40,2600,0" yaku="1,1,2,1,53,0" doraHai="69" doraHaiUra="56" who="1" fromWho="2" sc="310,0,220,39,230,-29,230,0" />
</Scene>
<Scene>
<INIT seed="1,0,0,1,1,65" ten="310,259,201,230" oya="1" hai0="25,19,31,112,18,15,72,121,84,134,13,104,67" hai1="27,10,53,62,46,66,39,0,96,79,114,49,99" hai2="82,37,38,50,101,78,110,102,9,35,75,119,14" hai3="59,120,118,94,87,117,61,106,48,100,52,43,40"/><U32/><E114/><V105/><F119/><N who="3" m="45579" /><G120/><T93/><D72/><U28/><E79/><V132/><F110/><W54/><G106/><T111/><D104/><U1/><E39/><V24/><F132/><W125/><G125/><T64/><D112/><U45/><E45/><V60/><F38/><W128/><G128/><T95/><D111/><U23/><E32/><V4/><F37/><W85/><G85/><T80/><D134/><U6/><REACH who="1" step="1"/><E0/><REACH who="1" ten="310,249,201,230" step="2"/><V73/><F73/><W135/><G135/><T131/><D121/><U56/><AGARI ba="0,1" hai="1,6,10,23,27,28,46,49,53,56,62,66,96,99" machi="56" ten="20,7800,0" yaku="1,1,2,1,0,1,7,1,53,0" doraHai="65" doraHaiUra="68" who="1" fromWho="1" sc="310,-26,249,88,201,-26,230,-26" />
</Scene>
<Scene>
<INIT seed="1,1,0,3,5,26" ten="284,337,175,204" oya="1" hai0="63,5,40,59,97,25,61,94,33,99,35,115,96" hai1="132,108,15,118,134,66,110,87,130,18,30,86,113" hai2="75,93,54,91,45,46,125,79,2,89,107,80,21" hai3="127,76,123,116,24,53,135,103,6,90,3,81,92"/><U78/><E113/><V51/><F125/><W8/><G127/><T64/><D115/><U60/><E118/><V0/><F107/><W7/><G116/><T9/><D40/><U124/><E124/><V47/><F91/><W55/><G135/><N who="1" m="51754" /><E130/><V11/><F21/><W28/><G123/><T56/><D35/><U1/><E1/><V12/><F0/><W22/><G103/><T27/><D94/><U98/><E98/><V111/><F111/><N who="1" m="42537" /><E78/><V120/><F2/><W48/><G48/><T44/><D44/><U106/><E106/><V67/><F67/><W39/><G39/><T57/><D33/><U4/><E4/><V129/><F120/><W114/><G114/><T85/><D85/><U74/><E74/><V31/><F129/><W68/><G68/><T112/><D112/><U10/><E30/><V70/><F31/><W13/><G6/><T101/><D101/><U23/><E10/><V29/><F29/><W19/><G28/><T65/><D57/><AGARI ba="1,0" hai="15,18,23,57,60,66,86,87" m="42537,51754" machi="57" ten="30,5800,0" yaku="20,1,14,1,10,1" doraHai="26" who="1" fromWho="0" sc="284,-61,337,61,175,0,204,0" />
</Scene>
<Scene>
<INIT seed="1,2,0,2,4,53" ten="223,398,175,204" oya="1" hai0="55,2,107,69,21,79,114,7,92,33,83,112,113" hai1="49,9,81,12,135,60,27,70,62,52,22,24,5" hai2="98,91,42,117,31,124,23,72,36,11,32,30,89" hai3="88,110,8,104,38,46,93,77,96,123,115,116,84"/><U106/><E106/><V129/><F117/><W95/><G115/><T75/><D33/><U85/><E135/><V43/><F32/><W101/><G116/><T26/><D107/><U44/><E70/><V47/><F129/><W51/><G123/><T6/><D69/><U125/><E125/><V131/><F131/><W87/><G110/><T15/><D2/><U122/><E122/><V45/><F124/><W29/><G38/><T54/><D92/><U103/><E103/><V74/><F11/><W80/><G8/><T105/><D105/><U0/><E0/><V50/><F98/><W20/><G29/><T132/><D132/><U34/><E34/><V10/><F10/><W59/><G20/><T108/><D108/><U119/><E119/><V64/><F64/><W97/><G97/><T48/><D55/><U58/><E22/><V16/><F74/><W133/><G133/><T1/><D15/><U130/><E130/><V19/><F72/><W57/><G104/><T63/><D63/><N who="1" m="24107" /><E44/><V94/><F94/><W102/><G102/><T99/><D99/><U56/><E56/><V28/><REACH who="2" step="1"/><F19/><REACH who="2" ten="223,398,165,204" step="2"/><W39/><REACH who="3" step="1"/><G39/><REACH who="3" ten="223,398,165,194" step="2"/><T25/><D113/><U68/><E68/><V40/><F40/><AGARI ba="2,2" hai="40,46,51,57,59,77,80,84,87,88,93,95,96,101" machi="40" ten="30,12000,2" yaku="1,1,2,1,7,1,8,1,52,2,54,1,53,0" doraHai="53" doraHaiUra="126" who="3" fromWho="2" sc="223,0,398,0,165,-126,194,146" />
</Scene>
<Scene>
<INIT seed="2,0,0,1,5,4" ten="223,398,39,340" oya="2" hai0="121,125,28,61,0,97,89,37,29,18,10,51,95" hai1="41,54,34,135,114,101,112,106,111,48,94,43,99" hai2="44,117,76,113,66,107,63,78,123,55,62,36,122" hai3="102,68,80,126,11,67,128,38,79,115,72,6,130"/><V25/><F117/><W23/><G126/><T84/><D37/><U110/><E34/><V33/><F113/><N who="1" m="43625" /><E106/><V127/><F127/><W52/><G115/><T60/><D121/><U100/><E100/><V24/><F55/><W133/><G133/><T103/><D125/><U91/><E101/><V2/><F44/><W22/><G102/><T57/><D51/><U88/><E91/><V47/><F47/><W87/><G38/><T3/><D3/><U93/><E93/><V118/><F36/><W50/><G87/><T104/><D61/><U86/><E86/><V8/><F2/><W119/><G119/><T45/><D45/><N who="1" m="27919" /><E135/><V12/><F118/><W82/><G82/><T65/><REACH who="0" step="1"/><D0/><REACH who="0" ten="213,398,39,340" step="2"/><U30/><E111/><V13/><F66/><W81/><G67/><T71/><D71/><U132/><E110/><V64/><F64/><W15/><G68/><T42/><D42/><U14/><E43/><V56/><F56/><W74/><G128/><T49/><D49/><U69/><E41/><V116/><F116/><W32/><G130/><T31/><D31/><U21/><E69/><V85/><F107/><W77/><REACH who="3" step="1"/><G32/><REACH who="3" ten="213,398,39,330" step="2"/><T39/><D39/><U108/><E108/><V120/><F120/><W9/><G9/><T75/><D75/><U109/><E109/><V16/><F33/><W19/><G19/><T5/><D5/><U105/><E132/><V59/><F16/><W58/><AGARI ba="0,2" hai="6,11,15,22,23,50,52,58,72,74,77,79,80,81" machi="58" ten="20,12000,2" yaku="1,1,0,1,7,1,9,1,52,1,54,1,53,1" doraHai="4" doraHaiUra="7" who="3" fromWho="3" sc="213,-30,398,-30,39,-60,330,140" owari="183,-22.0,368,17.0,-21,-52.0,470,57.0" />
</Scene>
</mjloggm>