<mjloggm ver="2.3"><GO type="169" lobby="0"/><UN n0="%E5%B7%9D%E6%9D%91%E6%99%83%E8%A3%95%EF%BC%88%E4%B8%A1%E6%96%B9%EF%BC%89" n1="%E5%A4%AA%E3%81%8F%E3%81%AA%E3%81%84%E3%81%8A" n2="%73%65%69%6C" n3="%E3%81%BE%E3%83%BC%E3%81%95%EF%BC%A0%EF%BC%92%EF%BC%91" dan="16,17,16,16" rate="2041.03,2167.91,2103.28,2096.14" sx="M,M,M,M"/><TAIKYOKU oya="0"/>

<Scene>
<INIT seed="0,0,0,5,1,17" ten="250,250,250,250" oya="0" hai0="97,124,70,114,40,72,54,115,107,106,64,86,126" hai1="105,26,47,135,132,93,96,90,37,45,53,44,1" hai2="103,6,3,67,133,38,57,42,95,58,34,128,62" hai3="130,92,5,112,33,36,35,15,100,55,32,83,11"/><T10/><D72/><U81/><E1/><V4/><F34/><W27/><G36/><T43/><D54/><U77/><E105/><N who="0" m="39945" /><D97/><U23/><E37/><V52/><F103/><W48/><G112/><N who="0" m="43051" /><D86/><U20/><E53/><V71/><F95/><W73/><G130/><T110/><D10/><U101/><E101/><V31/><F31/><W109/><G100/><T85/><D85/><U21/><REACH who="1" step="1"/><E26/><REACH who="1" ten="250,240,250,250" step="2"/><V102/><F52/><W120/><G55/><T75/><D110/><U66/><E66/><V30/><F102/><W60/><G109/><T7/><D64/><U76/><E76/><V121/><F38/><W129/><G27/><T29/><D43/><U14/><E14/><V91/><F42/><W123/><G15/><T13/><D40/><U131/><E131/><V61/><F3/><W19/><G129/><T88/><D13/><U74/><AGARI ba="0,1" hai="20,21,23,44,45,47,74,77,81,90,93,96,132,135" machi="74" ten="40,8000,1" yaku="1,1,0,1,52,3,53,0" doraHai="17" doraHaiUra="65" who="1" fromWho="1" sc="250,-40,240,90,250,-20,250,-20" />
</Scene>
<Scene>
<INIT seed="1,0,0,5,4,5" ten="210,330,230,230" oya="1" hai0="12,66,8,100,42,38,79,127,83,30,33,81,111" hai1="18,82,24,107,44,72,114,25,115,37,103,96,0" hai2="3,120,68,91,59,118,32,102,54,90,135,117,98" hai3="85,70,34,31,122,10,23,71,35,28,125,97,69"/><U109/><E0/><V16/><F68/><W80/><G122/><T119/><D119/><U4/><E4/><V56/><F120/><W86/><G97/><T108/><D127/><U99/><E109/><N who="0" m="42057" /><D100/><U77/><E96/><V113/><F32/><N who="3" m="12331" /><G23/><T89/><D66/><U75/><E75/><V106/><F3/><W74/><G74/><N who="0" m="43255" /><D42/><U29/><E18/><V94/><F135/><W73/><G73/><T41/><D41/><N who="1" m="22575" /><E25/><V132/><F132/><W26/><G26/><N who="0" m="18647" /><D38/><U62/><E103/><V50/><F113/><W17/><G80/><T67/><D67/><U51/><E82/><V2/><F2/><W6/><G125/><T15/><D8/><U1/><E114/><V39/><F39/><W14/><G17/><T64/><D64/><U104/><E115/><V63/><F16/><W87/><G14/><T7/><D7/><U124/><E1/><V45/><F91/><W20/><G20/><T19/><D19/><U76/><E124/><V27/><F27/><W131/><G6/><T95/><D83/><U133/><E133/><V58/><REACH who="2" step="1"/><F63/><REACH who="2" ten="210,330,220,230" step="2"/><W121/><G121/><T22/><D22/><U13/><E62/><V55/><F55/><W21/><G21/><T65/><D65/><U49/><E24/><V128/><F128/><W126/><G126/><T78/><D78/><U53/><E77/><V130/><F130/><W101/><G131/><T93/><D89/><U92/><E76/><V48/><F48/><W123/><G123/><T36/><D36/><U60/><E49/><V88/><F88/><W57/><G71/><T129/><D129/><U46/><E72/><RYUUKYOKU ba="0,1" sc="210,15,330,-15,220,15,230,-15" hai0="12,15,93,95" hai2="45,50,54,56,58,59,90,94,98,102,106,117,118" />
</Scene>
<Scene>
<INIT seed="2,1,1,2,4,89" ten="225,315,235,215" oya="2" hai0="91,5,87,24,2,69,35,123,108,85,88,58,112" hai1="77,134,79,48,20,3,54,39,18,37,97,135,93" hai2="115,82,28,36,38,46,14,117,100,125,109,26,51" hai3="13,119,23,114,22,127,90,86,52,78,29,133,31"/><V1/><F1/><W84/><G119/><T83/><D69/><U63/><E3/><V110/><F117/><W8/><G133/><N who="1" m="50698" /><E63/><V34/><F115/><W19/><G127/><T59/><D123/><U129/><E129/><V41/><F125/><W124/><G114/><T128/><D112/><U113/><E113/><V12/><F100/><W106/><G106/><T27/><D128/><U131/><E131/><V92/><F82/><N who="3" m="47191" /><G124/><T43/><D108/><N who="2" m="41578" /><F92/><N who="3" m="54359" /><G52/><T80/><D43/><U60/><E60/><V116/><F116/><W102/><G102/><T99/><D99/><U105/><E105/><V61/><F61/><W75/><G75/><T65/><D35/><U10/><E79/><V103/><F103/><W56/><G56/><T70/><D70/><U42/><E77/><V120/><F120/><W73/><G73/><T71/><D71/><U4/><E97/><V32/><F32/><W16/><G23/><T98/><D98/><U64/><E20/><V81/><F81/><W30/><G30/><T122/><D122/><U33/><E33/><V94/><F94/><W0/><G0/><T57/><REACH who="0" step="1"/><D65/><REACH who="0" ten="215,315,235,215" step="2"/><U25/><E64/><V55/><F38/><W17/><G17/><T7/><D7/><U118/><E18/><V50/><F36/><W68/><G68/><T96/><D96/><U40/><E39/><V132/><F132/><W47/><G47/><AGARI ba="1,2" hai="12,14,26,28,34,41,46,47,50,51,55" m="41578" machi="47" ten="30,2900,0" yaku="14,1,10,1" doraHai="89" who="2" fromWho="3" sc="215,0,315,0,235,52,215,-32" />
</Scene>
<Scene>
<INIT seed="2,2,0,3,1,106" ten="215,315,287,183" oya="2" hai0="68,92,18,135,41,64,28,127,27,81,79,50,86" hai1="4,31,63,59,46,58,78,133,115,104,0,130,61" hai2="5,129,14,7,43,6,2,112,76,25,96,40,19" hai3="126,54,75,113,23,109,128,102,38,39,72,32,60"/><V119/><F119/><W51/><G32/><T88/><D127/><U10/><E115/><V100/><F112/><W34/><G34/><T82/><D135/><U16/><E104/><V30/><F129/><W48/><G113/><T29/><D68/><U105/><E105/><V83/><F2/><W3/><G3/><T55/><D64/><U49/><E31/><N who="0" m="11849" /><D41/><U121/><E133/><V108/><F108/><W22/><G102/><T94/><D92/><U26/><E130/><V110/><F110/><W98/><G98/><T47/><D79/><U12/><E121/><V89/><F89/><W33/><G33/><T91/><D91/><U97/><E97/><V131/><F131/><W65/><G128/><T80/><D18/><U42/><E78/><V9/><F96/><W17/><G109/><T118/><D118/><U53/><E26/><AGARI ba="2,0" hai="26,27,47,50,55,80,81,82,86,88,94" m="11849" machi="26" ten="30,2000,0" yaku="8,1,54,1" doraHai="106" who="0" fromWho="1" sc="215,26,315,-26,287,0,183,0" />
</Scene>
<Scene>
<INIT seed="3,0,0,1,5,22" ten="241,289,287,183" oya="3" hai0="77,6,60,23,33,14,122,7,103,45,71,59,16" hai1="74,97,39,38,49,8,91,4,78,121,1,46,3" hai2="76,117,110,116,134,12,130,61,86,124,24,133,65" hai3="93,56,42,58,106,100,35,109,27,53,32,28,11"/><W5/><G106/><T85/><D122/><U104/><E121/><V132/><F110/><W114/><G114/><T52/><D33/><U21/><E1/><V118/><F12/><W112/><G112/><T48/><D71/><U73/><E78/><V125/><F24/><W2/><G109/><T88/><D103/><U135/><E135/><V75/><F86/><W26/><G42/><N who="0" m="24631" /><D77/><U62/><E62/><V54/><F54/><W67/><G67/><T19/><D19/><U99/><E99/><V44/><F44/><W92/><G100/><T72/><D72/><U9/><E74/><V94/><F94/><AGARI ba="0,0" hai="6,7,14,16,23,52,59,60,85,88,94" m="24631" machi="94" ten="30,7700,0" yaku="8,1,54,3" doraHai="22" who="0" fromWho="2" sc="241,77,289,0,287,-77,183,0" />
</Scene>
<Scene>
<INIT seed="4,0,0,0,3,17" ten="318,289,210,183" oya="0" hai0="56,16,100,62,130,53,27,71,10,93,70,28,22" hai1="37,8,66,82,72,20,4,41,45,111,125,9,133" hai2="24,29,118,1,134,116,77,108,126,104,33,124,50" hai3="120,84,96,135,54,25,89,101,75,52,107,98,122"/><T113/><D113/><U69/><E111/><V109/><F104/><W123/><G75/><T61/><D130/><U59/><E125/><N who="2" m="48235" /><F77/><W58/><G135/><T91/><D100/><U95/><E133/><V117/><F50/><W55/><G98/><T129/><D129/><U90/><E69/><V47/><F47/><W103/><G103/><T99/><D62/><U83/><E72/><V105/><F105/><W88/><G25/><N who="0" m="14535" /><D10/><U132/><E8/><V79/><F79/><W43/><G43/><T36/><D36/><U11/><E11/><V64/><F134/><W60/><REACH who="3" step="1"/><G89/><REACH who="3" ten="318,289,210,173" step="2"/><T63/><D63/><U46/><E41/><V119/><F119/><W114/><G114/><T32/><AGARI ba="0,1" hai="27,28,32,53,56,61,70,71,91,93,99" m="14535" machi="32" ten="30,6000,0" yaku="25,1,52,1,54,1" doraHai="17" who="0" fromWho="0" sc="318,70,289,-20,210,-20,173,-20" />
</Scene>
<Scene>
<INIT seed="4,1,0,2,2,28" ten="388,269,190,153" oya="0" hai0="77,102,21,23,2,83,97,61,7,99,73,107,94" hai1="50,57,95,109,59,89,123,8,26,51,22,67,79" hai2="3,87,72,36,74,85,0,106,82,56,115,113,1" hai3="135,65,64,131,66,121,48,49,110,116,53,78,111"/><T98/><D61/><U5/><E109/><N who="3" m="41482" /><G78/><T84/><D98/><U35/><E123/><V69/><F69/><W24/><G24/><T46/><D46/><U6/><E79/><N who="2" m="46303" /><F106/><W38/><G38/><T14/><D2/><U70/><E70/><V127/><F36/><W63/><G116/><T15/><D73/><U93/><E35/><V27/><F127/><W108/><N who="3" m="41490" /><W47/><DORA hai="41" /><G135/><T19/><D7/><U114/><E114/><N who="2" m="43531" /><F87/><W10/><G10/><T120/><D120/><U76/><E76/><V52/><F27/><W4/><G4/><T117/><D117/><U119/><E119/><V103/><F103/><W40/><G121/><T45/><D45/><U58/><E67/><V54/><F54/><W39/><G131/><T16/><D99/><U88/><E93/><AGARI ba="1,0" hai="14,15,16,19,21,23,77,83,84,93,94,97,102,107" machi="93" ten="40,3900,0" yaku="9,1,54,1" doraHai="28,41" who="0" fromWho="1" sc="388,42,269,-42,190,0,153,0" />
</Scene>
<Scene>
<INIT seed="4,2,0,4,3,107" ten="430,227,190,153" oya="0" hai0="2,125,122,46,4,40,3,70,62,60,47,77,45" hai1="99,105,28,134,108,26,22,74,133,43,31,58,102" hai2="51,123,82,10,132,36,41,124,126,32,76,14,119" hai3="42,129,19,12,63,90,66,6,100,101,103,11,120"/><T110/><D122/><U35/><E108/><V18/><F123/><W116/><G120/><T117/><D117/><U97/><E43/><V50/><F119/><W71/><G116/><T115/><D40/><U93/><E74/><N who="2" m="43287" /><F32/><W23/><G129/><T9/><D115/><U113/><E113/><V73/><F73/><W95/><G42/><T7/><D125/><N who="2" m="48234" /><F132/><N who="1" m="50793" /><E58/><V13/><F13/><W20/><REACH who="3" step="1"/><G6/><REACH who="3" ten="430,227,190,143" step="2"/><N who="0" m="1239" /><D110/><U16/><E35/><V118/><F118/><W37/><G37/><T17/><D7/><U78/><E78/><V29/><F29/><W128/><G128/><T79/><D4/><U33/><E33/><V25/><F25/><W56/><G56/><T1/><D70/><U55/><E55/><V27/><F27/><W65/><G65/><T106/><D17/><U112/><E112/><V84/><F41/><W94/><G94/><T88/><D45/><U81/><E81/><V59/><F59/><W121/><G121/><T89/><D47/><U83/><E83/><V5/><F36/><W24/><G24/><T127/><D46/><U64/><E64/><V104/><F5/><W61/><G61/><T87/><D62/><U15/><E26/><V53/><F104/><W8/><G8/><T0/><D106/><U30/><E31/><V114/><F114/><W92/><G92/><N who="0" m="54303" /><D127/><U91/><AGARI ba="2,1" hai="15,16,22,28,30,91,93,97,99,102,105" m="50793" machi="91" ten="30,2000,0" yaku="20,1,54,1" doraHai="107" who="1" fromWho="1" sc="430,-12,227,36,190,-7,143,-7" />
</Scene>
<Scene>
<INIT seed="5,0,0,0,4,49" ten="418,263,183,136" oya="1" hai0="93,26,4,27,51,32,123,24,18,50,34,52,120" hai1="86,0,43,58,40,22,28,15,17,92,20,57,10" hai2="95,119,128,84,23,124,64,75,11,111,118,39,89" hai3="60,90,125,108,61,97,134,127,29,46,53,63,122"/><U109/><E109/><V77/><F39/><W129/><G29/><T74/><D74/><U16/><E28/><V72/><F64/><W12/><G108/><T42/><D4/><U56/><E0/><V37/><F37/><W91/><G122/><N who="0" m="46635" /><D93/><U82/><E92/><V103/><F111/><W81/><G134/><T19/><D42/><U98/><E98/><N who="2" m="59871" /><F23/><W71/><G71/><T8/><D50/><U114/><E114/><V47/><F11/><W79/><G97/><T55/><D55/><U3/><E3/><V38/><F38/><W62/><G129/><T73/><D73/><U115/><E115/><V67/><F75/><W65/><G65/><T130/><D130/><U100/><E100/><V36/><F67/><W76/><G12/><N who="0" m="7431" /><D19/><U41/><REACH who="1" step="1"/><E17/><REACH who="1" ten="418,253,183,136" step="2"/><V54/><F118/><W135/><G135/><T104/><D104/><U87/><E87/><V80/><F84/><W31/><G31/><N who="0" m="19559" /><D34/><U85/><E85/><V88/><F72/><W7/><G7/><T102/><D102/><U68/><E68/><V5/><F119/><W33/><G33/><T126/><D126/><U69/><E69/><V44/><F124/><W48/><G127/><T99/><D99/><U14/><E14/><V116/><F128/><W113/><G125/><T132/><D132/><U45/><E45/><AGARI ba="0,1" hai="26,27,45,51,52" m="19559,7431,46635" machi="45" ten="30,3900,0" yaku="13,1,52,1,54,1" doraHai="49" who="0" fromWho="1" sc="418,49,253,-39,183,0,136,0" />
</Scene>
<Scene>
<INIT seed="6,0,0,2,0,130" ten="467,214,183,136" oya="2" hai0="107,11,80,115,14,55,132,78,118,27,29,77,32" hai1="48,61,121,83,67,37,20,87,105,17,128,59,36" hai2="117,104,28,33,42,92,34,26,89,53,66,62,110" hai3="22,101,90,51,24,0,100,13,45,12,134,122,65"/><V68/><F117/><W91/><G0/><T135/><D118/><U16/><E105/><V15/><F110/><W74/><G74/><T63/><D107/><U4/><E128/><V58/><F42/><W82/><G122/><T81/><D115/><U46/><E4/><V109/><F109/><W75/><G65/><T25/><D25/><U3/><E3/><V97/><F15/><W76/><G12/><T127/><D127/><U6/><E6/><V71/><F104/><W39/><G39/><T103/><D103/><U125/><E125/><V123/><F123/><W84/><G13/><T41/><D41/><U112/><E112/><V56/><REACH who="2" step="1"/><F34/><REACH who="2" ten="467,214,173,136" step="2"/><W119/><G119/><T18/><D77/><U64/><E121/><V35/><F35/><W52/><G134/><N who="0" m="51243" /><D78/><U47/><E36/><V114/><F114/><W99/><G75/><T111/><D111/><U1/><E37/><V120/><F120/><W72/><G72/><T98/><D98/><U69/><E1/><V57/><F57/><AGARI ba="0,1" hai="11,14,18,27,29,32,55,57,63,80,81" m="51243" machi="57" ten="30,7700,0" yaku="20,1,52,3" doraHai="130" who="0" fromWho="2" sc="467,87,214,0,173,-77,136,0" />
</Scene>
<Scene>
<INIT seed="7,0,0,0,2,64" ten="554,214,96,136" oya="3" hai0="73,17,72,86,59,65,27,82,132,29,43,53,18" hai1="55,127,70,74,63,95,109,61,2,54,36,26,115" hai2="67,33,60,10,37,66,52,11,13,57,84,110,45" hai3="108,68,5,87,69,40,99,78,93,44,51,49,50"/><W39/><G5/><T47/><D132/><U75/><E36/><V58/><F33/><W135/><G135/><T129/><D65/><U31/><E2/><V104/><F110/><W116/><G116/><T114/><D129/><U111/><E95/><V107/><F84/><W81/><REACH who="3" step="1"/><G108/><REACH who="3" ten="554,214,96,126" step="2"/><T79/><D114/><U101/><E115/><V0/><F0/><W22/><G22/><N who="0" m="15607" /><D73/><U62/><E75/><V90/><F90/><AGARI ba="0,1" hai="39,40,44,49,50,51,68,69,78,81,87,90,93,99" machi="90" ten="40,7700,0" yaku="1,1,52,2,53,0" doraHai="64" doraHaiUra="121" who="3" fromWho="2" sc="554,0,214,0,96,-77,126,87" />
</Scene>
<Scene>
<INIT seed="7,1,0,1,1,15" ten="554,214,19,213" oya="3" hai0="47,77,11,73,42,17,66,94,112,75,14,109,105" hai1="59,117,46,130,76,72,48,41,31,32,9,95,40" hai2="92,34,35,126,82,79,106,20,69,100,51,113,89" hai3="125,101,6,16,127,24,120,63,65,13,30,115,56"/><W4/><G120/><T70/><D14/><U44/><E130/><V88/><F69/><W37/><G37/><T45/><D17/><U97/><E117/><V28/><F51/><W81/><G115/><T25/><D47/><U67/><E72/><V2/><F2/><W132/><G132/><T64/><D66/><U91/><E76/><V52/><F20/><N who="3" m="15623" /><G101/><T55/><D55/><U18/><E32/><V54/><F100/><W29/><G29/><T93/><D94/><U8/><E31/><V71/><F71/><W61/><G61/><T110/><D93/><U86/><E97/><V43/><F92/><W57/><G57/><T1/><D45/><U114/><E114/><V60/><F60/><W131/><G131/><T21/><D70/><U27/><E67/><V84/><F43/><W96/><G96/><T98/><D75/><U33/><E59/><V119/><F113/><W38/><G38/><T85/><D98/><U128/><E128/><V116/><F28/><W36/><G81/><T49/><D73/><U23/><E33/><V62/><F62/><W12/><G12/><T121/><D112/><U129/><E129/><V118/><F106/><W58/><G36/><AGARI ba="1,0" hai="8,9,18,23,27,36,40,41,44,46,48,86,91,95" machi="36" ten="30,2000,0" yaku="7,1,52,1" doraHai="15" who="1" fromWho="3" sc="554,0,214,23,19,0,213,-23" owari="554,65.0,237,4.0,19,-48.0,190,-21.0" />
</Scene>
</mjloggm>