<mjloggm ver="2.3"><GO type="169" lobby="0"/><UN n0="%4B%69%72%63%68%65" n1="%E5%8F%8A%E5%B7%9D%E5%86%B0%E9%BA%97" n2="%E6%B6%88%E7%81%AB%E5%99%A8" n3="%E5%A4%AA%E3%81%8F%E3%81%AA%E3%81%84%E3%81%8A" dan="16,16,17,18" rate="2087.78,2127.10,2075.92,2260.09" sx="M,F,M,F"/><TAIKYOKU oya="0"/>

<Scene>
<INIT seed="0,0,0,5,4,108" ten="250,250,250,250" oya="0" hai0="44,131,5,2,6,50,118,36,123,15,11,116,7" hai1="95,121,98,52,58,66,124,37,132,88,9,99,78" hai2="120,130,128,21,77,106,55,76,59,8,69,126,94" hai3="73,65,62,71,61,63,39,46,10,48,105,22,35"/><T23/><D36/><U26/><E37/><V135/><F106/><W41/><G35/><T115/><D123/><U38/><E38/><V28/><F120/><W129/><G73/><T80/><D131/><N who="2" m="50218" /><F69/><W133/><G105/><T122/><D122/><U112/><E121/><V30/><F126/><W125/><G125/><T45/><D45/><U64/><E124/><V107/><F107/><W60/><G10/><T24/><D115/><U110/><E110/><V42/><F42/><W56/><G22/><T53/><D2/><U31/><E112/><V74/><F135/><W0/><G0/><T86/><D118/><U96/><E9/><V100/><F8/><W16/><G129/><T20/><D116/><U29/><E78/><N who="2" m="30315" /><F21/><N who="0" m="8266" /><D24/><U117/><E117/><V103/><F74/><W4/><G4/><T40/><D53/><U72/><E72/><V87/><F30/><N who="1" m="11273" /><E132/><V109/><F28/><W14/><G133/><T113/><D113/><U54/><E26/><V75/><F75/><W18/><REACH who="3" step="1"/><G14/><REACH who="3" ten="250,250,250,240" step="2"/><T102/><D102/><U89/><E89/><AGARI ba="0,1" hai="5,6,7,11,15,40,44,50,80,86,89" m="8266" machi="89" ten="30,1500,0" yaku="8,1" doraHai="108" who="0" fromWho="1" sc="250,25,250,-15,250,0,240,0" />
</Scene>
<Scene>
<INIT seed="0,1,0,0,4,35" ten="275,235,250,240" oya="0" hai0="61,78,57,11,13,24,103,9,6,127,49,90,97" hai1="106,46,105,43,19,16,89,87,121,116,62,102,58" hai2="30,71,48,73,0,41,108,8,101,31,111,68,66" hai3="135,93,129,54,37,128,20,112,131,47,100,125,134"/><T44/><D127/><U69/><E69/><N who="2" m="26699" /><F73/><W55/><G20/><T10/><D78/><U95/><E121/><V94/><F66/><W1/><G100/><T72/><D72/><U133/><E116/><V85/><F48/><W23/><G93/><T45/><D24/><U86/><E86/><V29/><F41/><N who="3" m="22959" /><G23/><T88/><D11/><U32/><E32/><V5/><F101/><W119/><G119/><T67/><D10/><U33/><E33/><V28/><F28/><W126/><G1/><T124/><D124/><N who="3" m="47721" /><G112/><T113/><D113/><U3/><E3/><V15/><F94/><W40/><G40/><T64/><D64/><U7/><E7/><V21/><F85/><W51/><G51/><T52/><REACH who="0" step="1"/><D45/><REACH who="0" ten="265,235,250,240" step="2"/><U79/><E46/><V115/><F115/><W60/><G60/><T123/><D123/><U99/><E62/><V27/><F27/><W82/><G82/><T53/><D53/><AGARI ba="1,1" hai="53,54,55,128,129,131,134,135" m="47721,22959" machi="53" ten="40,12000,2" yaku="30,2,19,1,18,1,34,2" doraHai="35" who="3" fromWho="0" sc="265,-123,235,0,250,0,240,133" />
</Scene>
<Scene>
<INIT seed="1,0,0,4,0,35" ten="142,235,250,373" oya="1" hai0="88,67,23,65,123,94,114,2,76,57,32,75,70" hai1="84,92,68,128,80,117,1,113,19,111,73,90,58" hai2="96,40,37,50,101,33,56,108,115,13,85,62,95" hai3="26,124,24,18,104,38,28,98,87,127,20,29,14"/><U107/><E117/><V61/><F108/><W22/><G38/><T52/><D32/><U15/><E113/><V72/><F72/><W129/><G87/><T133/><D114/><U77/><E128/><V120/><F120/><W45/><G45/><T12/><D123/><U34/><E34/><V6/><F33/><N who="3" m="20615" /><G98/><T10/><D133/><U55/><E68/><V131/><F131/><W4/><G104/><T60/><D75/><U126/><E111/><V71/><F71/><W66/><G66/><T132/><D76/><U64/><E107/><V106/><F37/><W119/><G129/><T36/><D36/><U27/><E27/><V93/><F106/><W97/><G97/><T130/><D132/><U42/><E64/><V78/><F115/><W89/><G89/><T116/><D116/><U59/><E42/><V25/><F25/><N who="3" m="16567" /><G119/><T99/><D130/><U51/><E59/><V105/><F105/><W0/><G26/><T86/><D99/><U9/><REACH who="1" step="1"/><E126/><REACH who="1" ten="142,225,250,373" step="2"/><V63/><F40/><W49/><G49/><T83/><D70/><U47/><E47/><V135/><F135/><W44/><G44/><T53/><D67/><U43/><E43/><V11/><F50/><W46/><G46/><T41/><D41/><U109/><E109/><V121/><F121/><W82/><G82/><T102/><D83/><U31/><E31/><V39/><F39/><W122/><G122/><T112/><D112/><U100/><E100/><V17/><F56/><W74/><G74/><T5/><D102/><U30/><E30/><V81/><F63/><W110/><G110/><T48/><D48/><RYUUKYOKU ba="0,1" sc="142,10,225,10,250,-30,373,10" hai0="2,5,10,12,23,52,53,57,60,65,86,88,94" hai1="1,9,15,19,51,55,58,73,77,80,84,90,92" hai3="0,4,14,18,20,124,127" />
</Scene>
<Scene>
<INIT seed="1,1,1,0,3,28" ten="152,235,220,383" oya="1" hai0="64,78,115,77,1,73,17,71,88,102,118,133,24" hai1="6,22,116,30,74,121,20,131,104,90,126,23,26" hai2="0,5,41,80,109,72,39,69,110,81,57,31,44" hai3="105,130,107,114,67,68,10,35,123,43,117,85,63"/><U15/><E104/><V34/><F69/><W49/><G123/><T125/><D118/><U38/><E38/><V75/><F57/><W106/><G114/><T18/><D115/><U4/><E74/><N who="2" m="28203" /><F80/><W45/><G117/><T95/><D1/><U52/><E121/><V89/><F89/><W70/><G130/><T55/><D102/><U96/><E116/><V19/><F19/><W2/><G85/><T21/><D125/><U82/><E126/><V62/><F62/><W83/><G83/><T100/><D100/><U46/><E131/><V32/><F81/><W134/><G134/><T65/><D133/><U122/><E122/><V60/><F60/><W113/><G113/><T47/><D71/><U54/><E82/><V25/><F32/><W84/><G84/><N who="0" m="52615" /><D73/><U59/><E46/><V53/><F53/><N who="1" m="20585" /><E59/><V128/><F128/><W98/><G68/><T87/><D87/><U56/><E56/><V14/><F14/><W101/><G35/><T86/><D86/><U94/><E15/><V111/><F0/><W119/><G119/><T103/><D103/><U93/><E93/><V108/><F108/><W76/><G106/><T3/><D3/><U11/><E11/><V51/><F39/><W8/><G105/><T27/><D55/><U42/><E42/><V99/><F99/><W124/><G124/><T132/><D47/><U79/><E79/><N who="0" m="30217" /><D132/><U37/><E37/><V97/><F97/><W135/><G135/><T13/><D13/><U91/><E91/><V9/><F9/><N who="3" m="3691" /><G76/><T12/><D12/><U112/><E112/><V129/><F129/><W48/><G2/><RYUUKYOKU ba="1,1" sc="152,0,235,0,220,0,383,0" hai0="17,18,21,24,27,64,65" hai1="4,6,20,22,23,26,30,90,94,96" hai2="5,25,31,34,41,44,51,109,110,111" hai3="43,45,48,49,63,67,70,98,101,107" />
</Scene>
<Scene>
<INIT seed="1,2,1,5,4,66" ten="152,235,220,383" oya="1" hai0="9,49,82,24,123,20,128,75,58,36,41,33,102" hai1="1,103,65,46,29,22,94,81,62,107,5,60,73" hai2="70,78,99,133,40,61,59,26,124,48,57,89,90" hai3="8,104,17,74,127,13,14,6,43,55,52,134,4"/><U19/><E107/><V15/><F133/><W83/><G104/><T30/><D36/><U121/><E29/><V3/><F3/><W18/><G134/><T63/><D123/><U10/><E121/><V21/><F124/><W47/><G127/><T12/><D128/><U111/><E111/><V37/><F37/><W115/><G115/><T119/><D119/><U100/><E60/><V45/><F78/><W39/><G74/><T96/><D33/><U28/><E28/><V51/><F15/><W130/><G130/><T87/><D75/><U95/><E46/><N who="2" m="25671" /><F70/><W86/><G6/><T91/><D41/><U93/><E73/><V129/><F129/><W108/><G108/><T54/><D63/><U42/><E42/><V27/><F99/><W120/><G120/><T85/><D85/><U69/><REACH who="1" step="1"/><E81/><REACH who="1" ten="152,225,220,383" step="2"/><V113/><F61/><W106/><G106/><T71/><D71/><U34/><E34/><V88/><F45/><W131/><G131/><T80/><D80/><U118/><E118/><V72/><F72/><W77/><REACH who="3" step="1"/><G4/><REACH who="3" ten="152,225,220,373" step="2"/><T11/><REACH who="0" step="1"/><D12/><AGARI ba="2,3" hai="1,5,10,12,19,22,62,65,69,93,94,95,100,103" machi="12" ten="40,3900,0" yaku="1,1,52,1,53,0" doraHai="66" doraHaiUra="135" who="1" fromWho="0" sc="152,-45,225,75,220,0,373,0" />
</Scene>
<Scene>
<INIT seed="1,3,0,0,5,2" ten="107,300,220,373" oya="1" hai0="16,88,62,94,124,24,8,115,21,60,75,22,90" hai1="64,85,53,70,26,91,18,118,106,1,71,28,116" hai2="87,126,110,25,12,33,102,77,122,45,10,65,79" hai3="37,48,76,3,5,66,7,129,105,131,119,30,47"/><U20/><E106/><V86/><F110/><W32/><G105/><T29/><D75/><U17/><E1/><V114/><F122/><W4/><G37/><T108/><D108/><U55/><E64/><V107/><F126/><W104/><G104/><T82/><D124/><U80/><E18/><V92/><F114/><W59/><G3/><T78/><D115/><U6/><E6/><V120/><F120/><W100/><G100/><T49/><D8/><U52/><REACH who="1" step="1"/><E28/><REACH who="1" ten="107,290,220,373" step="2"/><V43/><F65/><W123/><G123/><T121/><D121/><U42/><E42/><V74/><F43/><W130/><G119/><AGARI ba="3,1" hai="17,20,26,52,53,55,70,71,80,85,91,116,118,119" machi="119" ten="40,3900,0" yaku="1,1,54,1,53,0" doraHai="2" doraHaiUra="133" who="1" fromWho="3" sc="107,0,290,58,220,0,373,-48" />
</Scene>
<Scene>
<INIT seed="1,4,0,5,4,14" ten="107,348,220,325" oya="1" hai0="7,9,10,91,116,43,56,18,22,5,41,130,113" hai1="98,71,11,75,0,109,26,105,88,35,53,110,2" hai2="59,79,28,52,48,32,102,118,13,36,107,104,40" hai3="89,27,119,38,123,54,6,17,55,120,57,128,68"/><U85/><E75/><V64/><F118/><W65/><G6/><T47/><D116/><U87/><E71/><V67/><F79/><W1/><G1/><T63/><D113/><U62/><E35/><V94/><F94/><W96/><G119/><T4/><D130/><U131/><E131/><V50/><F50/><W37/><G128/><T24/><D91/><U117/><E117/><V66/><F102/><W92/><G55/><T19/><D47/><U134/><E134/><V103/><F103/><W69/><G37/><T82/><D82/><U83/><E87/><V60/><F36/><W115/><G38/><T45/><D45/><U23/><E98/><V99/><F99/><W34/><G115/><T33/><D33/><U58/><E105/><V97/><F97/><W100/><G100/><T77/><D77/><U106/><E106/><V78/><F78/><W114/><G114/><T46/><D46/><U3/><REACH who="1" step="1"/><E11/><REACH who="1" ten="107,338,220,325" step="2"/><V129/><F104/><W125/><G34/><T30/><D10/><U135/><E135/><V133/><F107/><W122/><G68/><T16/><REACH who="0" step="1"/><D9/><REACH who="0" ten="97,338,220,325" step="2"/><U39/><E39/><V25/><F129/><W72/><G123/><T12/><D12/><U61/><E61/><V126/><F133/><W127/><G122/><T51/><D51/><U49/><E49/><V15/><F15/><W124/><G120/><T76/><D76/><U93/><E93/><V21/><F13/><W101/><G92/><T121/><D121/><U74/><E74/><V31/><F32/><W86/><G72/><T80/><D80/><U81/><E81/><V20/><F48/><RYUUKYOKU ba="4,2" sc="97,15,338,15,220,-15,325,-15" hai0="4,5,7,16,18,19,22,24,30,41,43,56,63" hai1="0,2,3,23,26,53,58,62,83,85,88,109,110" />
</Scene>
<Scene>
<INIT seed="1,5,2,3,2,39" ten="112,353,205,310" oya="1" hai0="92,51,132,109,8,31,102,27,129,94,0,37,76" hai1="104,112,53,99,96,14,83,52,64,114,24,85,25" hai2="12,6,17,131,69,81,88,20,38,19,123,89,29" hai3="115,66,101,110,44,22,119,86,122,10,60,11,2"/><U78/><E64/><V91/><F69/><W1/><G122/><T62/><D37/><U124/><E124/><V79/><F38/><W134/><G115/><T107/><D132/><U116/><E116/><V98/><F131/><W4/><G134/><T82/><D129/><U120/><E120/><V3/><F123/><W111/><G119/><T59/><D109/><N who="3" m="41481" /><G101/><T54/><D107/><U95/><E112/><V48/><F3/><N who="3" m="287" /><G11/><T128/><D128/><U97/><E114/><V9/><F98/><N who="1" m="37385" /><E104/><V118/><F118/><W77/><G44/><T108/><D108/><U43/><E14/><V34/><F34/><W100/><G100/><T32/><D102/><N who="1" m="60703" /><E43/><V57/><F20/><W117/><G22/><T113/><D113/><U135/><E135/><V105/><F105/><W23/><G23/><T49/><D94/><U68/><E68/><V121/><F121/><W75/><G75/><T103/><D92/><U15/><E15/><V56/><F12/><W126/><G126/><T61/><D103/><U46/><E46/><V28/><F9/><W41/><G41/><T106/><D106/><U127/><E127/><V35/><F35/><W45/><G45/><T71/><D8/><U16/><E16/><N who="2" m="6219" /><F56/><N who="3" m="37127" /><G117/><T72/><REACH who="0" step="1"/><D0/><REACH who="0" ten="102,353,205,310" step="2"/><U36/><E36/><V7/><F7/><W87/><G1/><T26/><D26/><AGARI ba="5,3" hai="24,25,26,52,53,78,83,85" m="60703,37385" machi="26" ten="30,2900,0" yaku="8,1,54,1" doraHai="39" who="1" fromWho="0" sc="102,-44,353,74,205,0,310,0" />
</Scene>
<Scene>
<INIT seed="1,6,0,1,1,24" ten="58,427,205,310" oya="1" hai0="74,57,95,62,117,41,14,124,81,39,16,86,118" hai1="20,58,132,68,98,3,133,87,112,21,71,90,88" hai2="96,34,61,69,111,44,10,22,114,11,82,135,77" hai3="35,121,51,43,50,99,89,45,119,97,129,52,27"/><U64/><E112/><V53/><F34/><W126/><G121/><T107/><D107/><U33/><E3/><V109/><F114/><W79/><G129/><T60/><D124/><U113/><E33/><V63/><F135/><N who="1" m="51785" /><E113/><V23/><F96/><W127/><G119/><T46/><D74/><U122/><E122/><V134/><F134/><W130/><G130/><T91/><D81/><N who="1" m="49263" /><E58/><N who="2" m="35023" /><F44/><N who="3" m="27751" /><G79/><T94/><D95/><N who="1" m="56695" /><E64/><V75/><F69/><AGARI ba="6,0" hai="20,21,68,69,71" m="56695,49263,51785" machi="69" ten="30,2900,0" yaku="20,1,54,1" doraHai="24" who="1" fromWho="2" sc="58,0,427,47,205,-47,310,0" />
</Scene>
<Scene>
<INIT seed="1,7,0,1,0,16" ten="58,474,158,310" oya="1" hai0="29,68,22,101,37,60,129,3,24,109,108,12,13" hai1="118,79,11,47,135,65,82,56,111,21,73,106,88" hai2="116,35,74,76,66,78,100,58,44,70,83,43,64" hai3="85,49,72,4,27,55,122,123,40,28,75,23,38"/><U127/><E118/><V87/><F116/><W57/><G4/><T67/><D3/><U128/><E127/><V91/><F70/><W98/><G85/><T105/><D37/><U124/><E124/><V9/><F35/><W54/><G98/><N who="0" m="61623" /><D129/><U84/><E128/><V134/><F134/><W125/><G125/><T69/><D69/><U132/><E106/><V36/><F100/><W1/><G1/><T133/><D133/><N who="1" m="51275" /><E11/><V50/><F76/><W26/><G55/><T5/><D5/><U63/><E47/><V17/><F58/><W99/><G99/><T126/><D126/><U93/><E21/><V130/><F130/><W117/><G117/><T81/><D81/><U7/><E7/><V112/><F36/><W51/><G38/><T62/><D62/><U8/><E8/><V107/><F107/><W59/><G54/><T110/><AGARI ba="7,0" hai="12,13,22,24,29,60,67,68,108,109,110" m="61623" machi="110" ten="30,2000,0" yaku="14,1,52,1" doraHai="16" who="0" fromWho="0" sc="58,41,474,-17,158,-12,310,-12" />
</Scene>
<Scene>
<INIT seed="2,0,0,2,4,63" ten="99,457,146,298" oya="2" hai0="22,50,94,46,124,54,52,48,67,116,113,71,47" hai1="34,111,75,6,5,109,64,123,45,78,125,104,25" hai2="33,97,14,36,44,19,80,2,105,70,91,95,93" hai3="115,96,32,41,43,121,118,30,24,17,39,131,117"/><V127/><F2/><W100/><G121/><T99/><D116/><U20/><E104/><V26/><F127/><W103/><G103/><T83/><D124/><U21/><E123/><V18/><F70/><W58/><G131/><T98/><D113/><U128/><E128/><V66/><F105/><W4/><G115/><T110/><D110/><U49/><E64/><V65/><F80/><W133/><G133/><T13/><D83/><N who="1" m="45535" /><E34/><V56/><F56/><W112/><G112/><T126/><D126/><U79/><E21/><N who="2" m="13623" /><F44/><W135/><G135/><T74/><D74/><U37/><E37/><V130/><F36/><W88/><G39/><T119/><D119/><U60/><E60/><V31/><F31/><W62/><G118/><T73/><D73/><U38/><E38/><V15/><F33/><W132/><G132/><T120/><D120/><U72/><E125/><V10/><F130/><W61/><G61/><T108/><D108/><N who="1" m="41547" /><E72/><V77/><F77/><W53/><G117/><T0/><D0/><U29/><E79/><V84/><F15/><W68/><G68/><T51/><D51/><U92/><E92/><V35/><F35/><W16/><G32/><T101/><D71/><U134/><E134/><V89/><AGARI ba="0,0" hai="10,14,19,65,66,84,89,91,93,95,97" m="13623" machi="89" ten="30,6000,0" yaku="8,1,52,2" doraHai="63" who="2" fromWho="2" sc="99,-20,457,-20,146,60,298,-20" />
</Scene>
<Scene>
<INIT seed="2,1,0,5,4,92" ten="79,437,206,278" oya="2" hai0="68,49,45,83,66,14,36,59,99,52,12,46,1" hai1="94,62,89,79,30,129,104,60,18,22,42,86,58" hai2="108,27,43,122,44,118,6,132,54,123,5,63,72" hai3="77,34,11,76,17,130,105,88,38,128,15,100,78"/><V69/><F118/><W26/><G38/><T82/><D1/><U55/><E104/><V73/><F27/><W7/><G88/><T28/><D28/><U67/><E129/><N who="3" m="49770" /><G34/><T37/><D37/><U16/><E79/><V57/><F5/><W85/><G85/><T24/><D24/><N who="1" m="16663" /><E42/><V124/><F6/><W21/><G100/><T19/><D46/><U95/><E95/><V3/><F3/><W8/><G8/><T96/><D12/><U48/><E62/><V117/><F69/><W41/><G105/><T20/><D68/><U56/><AGARI ba="1,0" hai="16,18,48,55,56,58,60,67,86,89,94" m="16663" machi="56" ten="30,2000,0" yaku="8,1,54,1" doraHai="92" who="1" fromWho="1" sc="79,-6,437,23,206,-11,278,-6" />
</Scene>
<Scene>
<INIT seed="3,0,0,3,1,15" ten="73,460,195,272" oya="3" hai0="60,44,117,57,36,51,126,113,27,130,75,77,65" hai1="107,88,110,8,63,102,11,47,29,58,99,2,9" hai2="73,124,20,108,72,13,82,52,1,78,43,96,134" hai3="71,87,23,59,76,62,16,109,111,105,53,55,127"/><W125/><G105/><T121/><D121/><U49/><E110/><N who="3" m="41994" /><G71/><T85/><D75/><U69/><E69/><V33/><F1/><W5/><G5/><T50/><D117/><U104/><E104/><V6/><F33/><W40/><G40/><T86/><D113/><U38/><E38/><V92/><F43/><W83/><G55/><T3/><D3/><U4/><E29/><V91/><F108/><W116/><G116/><T68/><D126/><U93/><E49/><V32/><F124/><W70/><G70/><T119/><D119/><U24/><E47/><V37/><F32/><W114/><G114/><T19/><D130/><U67/><E24/><AGARI ba="0,0" hai="16,23,24,53,59,62,76,83,87,125,127" m="41994" machi="24" ten="30,11600,0" yaku="14,1,10,1,52,1,54,1" doraHai="15" who="3" fromWho="1" sc="73,0,460,-116,195,0,272,116" />
</Scene>
<Scene>
<INIT seed="3,1,0,4,3,12" ten="73,344,195,388" oya="3" hai0="44,112,78,18,0,65,119,97,57,50,85,43,81" hai1="40,122,83,22,52,38,23,100,20,47,77,41,8" hai2="80,19,71,33,10,110,129,28,1,113,4,49,7" hai3="11,104,92,87,37,2,26,14,95,69,3,127,17"/><W125/><G104/><T55/><D119/><U70/><E122/><V120/><F71/><W90/><G37/><T114/><D0/><U24/><E70/><V74/><F120/><W105/><G105/><T130/><D130/><U84/><E8/><V123/><F123/><W66/><G92/><T30/><D30/><U116/><E116/><V48/><F110/><W126/><REACH who="3" step="1"/><G26/><REACH who="3" ten="73,344,195,378" step="2"/><T51/><D65/><U135/><E135/><V75/><F129/><W59/><G59/><T45/><D57/><U115/><E115/><V108/><F108/><W79/><G79/><T42/><D114/><U101/><E24/><V82/><F113/><W15/><G15/><T109/><D112/><U67/><E77/><V25/><F25/><W128/><G128/><T134/><D109/><U63/><E38/><V91/><F82/><W9/><G9/><T32/><D134/><U34/><E83/><V118/><F80/><W124/><N who="3" m="31744" /><DORA hai="96" /><W21/><G21/><T117/><D117/><U88/><E20/><V5/><F10/><W53/><G53/><T58/><D32/><U89/><E52/><V60/><F33/><W29/><G29/><T121/><D121/><U64/><E34/><V61/><F28/><W73/><G73/><T103/><D58/><U107/><E107/><V86/><F74/><W56/><G56/><T102/><D55/><U31/><E31/><V72/><F75/><W36/><G36/><T93/><D18/><U98/><E23/><V94/><F19/><W76/><G76/><T6/><D6/><U99/><E22/><V13/><F5/><W35/><G35/><RYUUKYOKU ba="1,1" sc="73,15,344,-15,195,-15,378,15" hai0="42,43,44,45,50,51,78,81,85,93,97,102,103" hai3="2,3,11,14,17,66,69,87,90,95" />
</Scene>
<Scene>
<INIT seed="3,2,1,3,4,104" ten="88,329,180,393" oya="3" hai0="51,71,95,16,19,48,70,99,30,125,53,9,72" hai1="102,91,86,92,56,134,85,79,13,4,22,135,96" hai2="87,37,18,93,133,64,115,50,80,131,57,89,129" hai3="122,121,130,31,36,28,12,38,0,100,32,101,46"/><W114/><G12/><T119/><D119/><U94/><E56/><V128/><F37/><W1/><G46/><T69/><D125/><U40/><E40/><V103/><F115/><W67/><G67/><T21/><D72/><U54/><E54/><N who="2" m="31959" /><F133/><N who="1" m="50697" /><E22/><V2/><F2/><W108/><G32/><T20/><D30/><U26/><E13/><V55/><F64/><W74/><G114/><T49/><D53/><U44/><E44/><V116/><F116/><W113/><G113/><T82/><D82/><N who="1" m="47327" /><E4/><V90/><F103/><W7/><G7/><T105/><D105/><N who="1" m="63687" /><E26/><V47/><F18/><W127/><G127/><T117/><D117/><U73/><E73/><V61/><F61/><W110/><G74/><T35/><D35/><U98/><E94/><V83/><F47/><W120/><G120/><T27/><D9/><U109/><E109/><V43/><F43/><W41/><G41/><T34/><D34/><U62/><E62/><V112/><F55/><W106/><G106/><T111/><D111/><U42/><E42/><V33/><F33/><W39/><G39/><T68/><N who="0" m="17408" /><DORA hai="45" /><T24/><REACH who="0" step="1"/><D49/><REACH who="0" ten="78,329,180,393" step="2"/><U59/><E59/><V124/><F124/><W23/><G38/><T29/><D29/><U123/><E123/><V10/><F10/><W63/><G36/><T77/><D77/><U14/><E92/><N who="2" m="54335" /><F112/><W25/><G110/><T81/><D81/><U11/><E11/><V132/><F132/><W58/><G108/><T75/><D75/><U5/><E5/><V17/><F17/><W65/><G121/><T84/><D84/><AGARI ba="2,2" hai="80,83,84,90,93,128,129,131" m="54335,31959" machi="84" ten="30,2000,0" yaku="19,1,52,1" doraHai="104,45" who="2" fromWho="0" sc="78,-26,329,0,180,46,393,0" />
</Scene>
<Scene>
<INIT seed="4,0,0,2,0,85" ten="52,329,226,393" oya="0" hai0="5,96,12,74,6,115,106,59,39,108,112,91,13" hai1="84,8,113,117,100,21,15,35,123,50,45,60,32" hai2="81,44,80,57,61,94,82,90,40,26,128,64,36" hai3="119,87,105,42,120,99,56,93,109,110,47,88,76"/><T38/><D74/><U52/><E117/><V30/><F128/><W127/><G119/><T11/><D108/><U111/><E111/><V62/><F62/><W130/><G130/><T25/><D25/><U69/><E123/><V14/><F14/><W46/><G46/><T55/><D106/><U114/><E21/><V101/><F101/><N who="3" m="62655" /><G56/><T92/><D6/><U24/><E100/><V132/><F132/><W83/><G120/><T68/><D68/><U22/><E84/><V28/><REACH who="2" step="1"/><F26/><REACH who="2" ten="52,329,216,393" step="2"/><W116/><G116/><T29/><D13/><U89/><E15/><V75/><F75/><N who="3" m="43423" /><G127/><T98/><D29/><U118/><E24/><V54/><F54/><W2/><G2/><T107/><D107/><U31/><E52/><V43/><F43/><W3/><G3/><T73/><D73/><U20/><E31/><V71/><F71/><W67/><G67/><T124/><D124/><U53/><E69/><V102/><F102/><W49/><AGARI ba="0,1" hai="42,47,49,87,88,93,109,110" m="43423,62655" machi="49" ten="30,4000,0" yaku="24,1,52,1,54,1" doraHai="85" who="3" fromWho="3" sc="52,-20,329,-10,216,-10,393,50" />
</Scene>
<Scene>
<INIT seed="5,0,0,0,5,35" ten="32,319,206,443" oya="1" hai0="56,78,26,124,28,97,112,89,126,99,44,58,20" hai1="94,23,12,0,49,91,86,25,133,114,54,39,103" hai2="127,118,69,111,66,7,70,106,101,13,52,27,74" hai3="93,109,87,125,77,102,16,32,19,64,61,130,129"/><U71/><E0/><V22/><F74/><W8/><G109/><T108/><D108/><U75/><E71/><V115/><F111/><W11/><G32/><T3/><D112/><U18/><E39/><V40/><F118/><W55/><G125/><T131/><D131/><N who="3" m="50185" /><G55/><T110/><D110/><U88/><E114/><V14/><F14/><W98/><G77/><T47/><D78/><U81/><E133/><V43/><F106/><W17/><G87/><T46/><D89/><U38/><E38/><V51/><F22/><W15/><G15/><T83/><D83/><U113/><E75/><V33/><F70/><AGARI ba="0,0" hai="8,11,16,17,19,61,64,70,93,98,102" m="50185" machi="70" ten="30,2000,0" yaku="19,1,54,1" doraHai="35" who="3" fromWho="2" sc="32,0,319,0,206,-20,443,20" />
</Scene>
<Scene>
<INIT seed="6,0,0,3,1,49" ten="32,319,186,463" oya="2" hai0="104,38,43,32,16,102,89,132,8,4,125,6,29" hai1="133,80,113,122,84,86,124,53,123,119,110,56,75" hai2="62,41,93,95,120,101,15,28,20,0,11,55,21" hai3="9,54,105,61,81,52,64,58,98,107,7,23,50"/><V78/><F0/><W85/><G23/><N who="2" m="8777" /><F120/><N who="1" m="46121" /><E110/><V130/><F130/><W91/><G98/><T114/><D132/><U36/><E36/><V109/><F109/><W134/><G134/><T108/><D108/><U66/><E133/><V65/><F41/><W106/><REACH who="3" step="1"/><G50/><REACH who="3" ten="32,319,186,453" step="2"/><T71/><D38/><U83/><E119/><V34/><F28/><W129/><G129/><T103/><D29/><U22/><E124/><V63/><F34/><W60/><G60/><T18/><D32/><U26/><E113/><V127/><F62/><W79/><G79/><T97/><D114/><U39/><E39/><V90/><F78/><W59/><G59/><T88/><D125/><U2/><E2/><AGARI ba="0,1" hai="2,7,9,52,54,58,61,64,81,85,91,105,106,107" machi="2" ten="40,8000,1" yaku="1,1,52,2,54,1,53,0" doraHai="49" doraHaiUra="30" who="3" fromWho="1" sc="32,0,319,-80,186,0,453,90" />
</Scene>
<Scene>
<INIT seed="7,0,0,1,3,81" ten="32,239,186,543" oya="3" hai0="117,36,125,80,57,118,6,97,93,30,107,23,49" hai1="84,91,110,51,35,14,75,120,113,128,47,74,29" hai2="87,11,13,114,52,103,54,48,111,83,4,86,32" hai3="95,9,42,40,61,96,39,76,50,25,119,130,64"/><W59/><G119/><T85/><D36/><U94/><E110/><V41/><F114/><W77/><G39/><T69/><D69/><U45/><E120/><V8/><F32/><W43/><G130/><T116/><D107/><U19/><E128/><V3/><F103/><N who="3" m="60831" /><G9/><T123/><D6/><U122/><E113/><V126/><F126/><W18/><G50/><T56/><D30/><U37/><E37/><V21/><F21/><AGARI ba="0,0" hai="18,21,25,40,42,43,59,61,64,76,77" m="60831" machi="21" ten="30,1500,0" yaku="8,1" doraHai="81" who="3" fromWho="2" sc="32,0,239,0,186,-15,543,15" owari="32,-47.0,239,4.0,171,-23.0,558,66.0" />
</Scene>
</mjloggm>