<mjloggm ver="2.3"><GO type="169" lobby="0"/><UN n0="%53%69%6D%6F%6F%6E" n1="%74%61%6B%75%61%6B%61" n2="%4C%61%73%6B%26%59%75" n3="%E5%A4%AA%E3%81%8F%E3%81%AA%E3%81%84%E3%81%8A" dan="16,16,16,17" rate="2111.21,2090.70,2161.81,2191.03" sx="M,M,M,F"/><TAIKYOKU oya="0"/>

<Scene>
<INIT seed="0,0,0,1,5,118" ten="250,250,250,250" oya="0" hai0="77,13,108,89,43,72,74,102,104,25,47,121,0" hai1="114,17,1,124,22,84,31,64,4,58,130,41,42" hai2="87,26,126,81,125,135,132,97,106,123,96,100,29" hai3="120,101,88,117,68,36,7,133,15,80,85,119,86"/><T35/><D0/><U60/><E124/><N who="2" m="47723" /><F26/><W63/><G36/><N who="0" m="21991" /><D13/><U54/><E130/><V93/><F29/><W131/><G131/><T61/><D89/><U122/><E114/><V11/><F11/><W91/><G133/><N who="2" m="51273" /><F123/><W79/><G101/><T2/><D2/><U46/><E122/><V5/><F5/><W75/><G120/><T30/><D121/><U103/><E103/><N who="2" m="60815" /><F87/><W55/><G7/><T67/><D77/><U27/><E1/><V50/><F50/><W8/><G8/><T71/><D108/><U92/><E4/><V6/><F6/><W70/><G15/><T95/><D95/><U112/><E31/><V16/><F16/><W53/><G79/><T57/><D57/><U32/><E32/><V45/><F45/><W56/><G56/><T76/><D76/><U113/><E17/><V65/><F65/><W48/><G85/><T39/><D39/><U111/><E64/><V12/><F12/><W82/><G86/><T40/><D40/><U115/><E42/><V34/><F34/><W128/><G119/><T94/><D94/><U28/><E92/><V10/><F10/><W116/><G117/><T49/><D49/><N who="1" m="26831" /><E84/><V44/><F44/><W51/><G116/><T99/><AGARI ba="0,0" hai="25,30,35,61,67,71,72,74,99,102,104" m="21991" machi="99" ten="30,6000,0" yaku="25,1,33,2" doraHai="118" who="0" fromWho="0" sc="250,60,250,-20,250,-20,250,-20" />
</Scene>
<Scene>
<INIT seed="0,1,0,2,0,115" ten="310,230,230,230" oya="0" hai0="18,113,65,51,58,12,130,11,87,126,33,92,38" hai1="78,42,13,103,108,46,25,39,124,75,90,8,122" hai2="45,47,7,50,109,73,72,107,61,81,24,121,99" hai3="100,74,19,91,55,95,132,32,80,27,9,112,120"/><T63/><D38/><U4/><E122/><V43/><F121/><W28/><G120/><T34/><D113/><U66/><E124/><V85/><F109/><W3/><G112/><T16/><D126/><U2/><E103/><V54/><F7/><W82/><G132/><T76/><D130/><U98/><E108/><V86/><F24/><W36/><G36/><T110/><D110/><U30/><E13/><V56/><F47/><W44/><G100/><T1/><D1/><U57/><E98/><V101/><REACH who="2" step="1"/><F86/><REACH who="2" ten="310,230,220,230" step="2"/><W22/><G44/><T135/><D135/><U104/><E25/><V116/><F116/><W70/><G27/><T77/><D34/><U69/><E4/><V6/><F6/><W23/><G32/><T41/><D33/><U64/><E46/><V21/><F21/><W128/><G23/><T60/><D18/><U94/><E75/><V97/><F97/><W111/><G22/><T123/><D123/><U40/><E8/><V88/><AGARI ba="1,1" hai="43,45,50,54,56,61,72,73,81,85,88,99,101,107" machi="88" ten="20,5200,0" yaku="1,1,0,1,7,1,54,1,53,0" doraHai="115" doraHaiUra="118" who="2" fromWho="2" sc="310,-27,230,-14,220,65,230,-14" />
</Scene>
<Scene>
<INIT seed="1,0,0,1,0,58" ten="283,216,285,216" oya="1" hai0="81,6,67,130,85,132,46,66,84,23,69,75,59" hai1="24,45,14,37,21,61,103,74,17,44,93,83,28" hai2="8,80,95,120,52,79,11,72,1,98,90,53,0" hai3="114,49,50,126,70,115,9,89,127,133,110,100,112"/><U77/><E37/><V7/><REACH who="2" step="1"/><F120/><REACH who="2" ten="283,216,275,216" step="2"/><W27/><G115/><T60/><D132/><U125/><E125/><V73/><F73/><W109/><G112/><T71/><D75/><U29/><E29/><V117/><F117/><W104/><G114/><T119/><D119/><U36/><E36/><V41/><F41/><W57/><G127/><T96/><D130/><U33/><REACH who="1" step="1"/><E61/><REACH who="1" ten="283,206,275,216" step="2"/><V12/><F12/><W124/><G126/><T34/><D60/><U30/><E30/><V62/><F62/><W40/><G124/><T13/><D69/><U20/><E20/><V107/><F107/><W91/><G104/><T106/><D23/><U101/><E101/><V102/><F102/><W16/><G70/><T39/><D71/><U122/><E122/><V64/><F64/><W19/><G100/><T10/><D67/><U86/><E86/><V26/><F26/><W121/><G27/><T118/><D66/><U47/><E47/><V35/><F35/><W129/><G121/><T123/><D123/><U97/><AGARI ba="0,2" hai="14,17,21,24,28,33,44,45,74,77,83,93,97,103" machi="97" ten="30,3000,0" yaku="1,1,0,1,53,0" doraHai="58" doraHaiUra="65" who="1" fromWho="1" sc="283,-10,206,50,275,-10,216,-10" />
</Scene>
<Scene>
<INIT seed="1,1,0,3,0,116" ten="273,256,265,206" oya="1" hai0="43,38,28,105,112,8,101,94,40,123,66,50,48" hai1="55,114,118,87,31,24,6,102,107,93,45,36,54" hai2="21,128,51,88,103,35,119,98,110,29,18,0,70" hai3="77,22,74,64,41,109,71,52,117,83,132,5,130"/><U68/><E118/><V99/><F119/><W79/><G117/><T78/><D38/><U9/><E107/><V92/><F70/><W81/><G41/><N who="0" m="15947" /><D105/><U85/><E68/><V96/><F128/><W127/><G130/><T73/><D73/><U125/><E36/><V11/><F110/><W27/><G109/><T89/><D112/><U14/><E114/><V106/><F35/><W131/><G131/><T58/><D78/><U115/><E125/><V63/><F63/><W121/><G127/><T32/><D32/><U108/><E108/><V33/><F33/><W61/><G132/><T60/><D101/><U49/><E115/><V53/><F29/><W90/><G5/><T57/><D28/><U111/><E55/><V65/><F65/><W76/><G121/><T13/><D57/><U1/><E1/><V26/><F99/><W75/><G90/><T113/><D123/><U17/><E6/><V44/><F11/><W91/><G91/><T72/><D72/><U120/><E120/><V34/><F34/><W133/><G133/><T39/><D39/><U7/><E7/><V47/><REACH who="2" step="1"/><F0/><REACH who="2" ten="273,256,255,206" step="2"/><W126/><G126/><T42/><D113/><U12/><E111/><V97/><F97/><W84/><G74/><T82/><D66/><U15/><E31/><V59/><AGARI ba="1,1" hai="18,21,26,44,47,51,53,59,88,92,96,98,103,106" machi="59" ten="20,5200,0" yaku="1,1,0,1,7,1,54,1,53,0" doraHai="116" doraHaiUra="10" who="2" fromWho="2" sc="273,-14,256,-27,255,65,206,-14" />
</Scene>
<Scene>
<INIT seed="2,0,0,5,3,124" ten="259,229,320,192" oya="2" hai0="96,11,112,27,29,88,45,4,1,120,123,21,118" hai1="117,71,3,69,51,81,38,9,83,91,68,40,129" hai2="67,25,121,85,13,36,50,6,82,26,98,23,2" hai3="76,33,24,90,89,125,37,16,55,100,63,77,8"/><V133/><F121/><W5/><G37/><T65/><D112/><U122/><E117/><V15/><F36/><W42/><G42/><T132/><D132/><U127/><E38/><V79/><F133/><W35/><G100/><T103/><D45/><N who="1" m="26023" /><E91/><V134/><F134/><W128/><G125/><T59/><D118/><U52/><E3/><V32/><F67/><W41/><G41/><T84/><D59/><U119/><E9/><V95/><F2/><W102/><G102/><T18/><D65/><U108/><E83/><V19/><F50/><W115/><G115/><T111/><D111/><U75/><E75/><V58/><F58/><W60/><G8/><T62/><D62/><U109/><E81/><V43/><F43/><W73/><G5/><T10/><D10/><U130/><E127/><V116/><F116/><W72/><G24/><N who="2" m="9321" /><F32/><W30/><G55/><T34/><D29/><U0/><E0/><V92/><F6/><W110/><G30/><T105/><D34/><U22/><E22/><N who="2" m="11631" /><F98/><W101/><G110/><N who="1" m="42602" /><E122/><V131/><F131/><N who="1" m="50185" /><E119/><V56/><F82/><AGARI ba="0,0" hai="1,4,11,18,21,27,82,84,88,96,103,105,120,123" machi="82" ten="30,2000,0" yaku="7,1,54,1" doraHai="124" who="0" fromWho="2" sc="259,20,229,0,320,-20,192,0" />
</Scene>
<Scene>
<INIT seed="3,0,0,3,1,131" ten="279,229,300,192" oya="3" hai0="125,108,95,6,29,5,42,19,111,41,100,82,61" hai1="51,130,17,84,70,104,45,98,69,18,119,102,124" hai2="47,30,123,75,33,25,34,10,96,35,78,113,68" hai3="4,110,43,99,31,54,135,92,67,87,94,71,114"/><W118/><G114/><T93/><D125/><U60/><E130/><V89/><F113/><W72/><G72/><T26/><D19/><U44/><E124/><V0/><F123/><W55/><G118/><T48/><D61/><U49/><E119/><V77/><F68/><W76/><G43/><N who="0" m="16395" /><D82/><U86/><E102/><V64/><F64/><W106/><G106/><T8/><D48/><U63/><E98/><V50/><F96/><W1/><G31/><T129/><D100/><U59/><E59/><V112/><F112/><W32/><G32/><N who="0" m="20535" /><D129/><U134/><REACH who="1" step="1"/><E104/><REACH who="1" ten="279,219,300,192" step="2"/><V16/><F89/><W39/><G99/><T90/><D90/><U15/><E15/><V27/><F75/><W128/><G128/><T22/><D111/><U132/><AGARI ba="0,1" hai="17,18,44,45,49,51,60,63,69,70,84,86,132,134" machi="132" ten="25,12000,2" yaku="1,1,0,1,22,2,52,2,53,0" doraHai="131" doraHaiUra="28" who="1" fromWho="1" sc="279,-30,219,130,300,-30,192,-60" />
</Scene>
<Scene>
<INIT seed="4,0,0,2,4,114" ten="249,349,270,132" oya="0" hai0="24,48,102,119,105,74,134,71,72,83,131,10,111" hai1="8,117,126,68,41,90,81,57,109,25,97,5,69" hai2="93,121,39,82,44,103,59,42,115,84,100,129,20" hai3="53,66,38,135,47,123,130,58,70,60,7,91,127"/><T29/><D48/><U92/><E109/><V96/><F121/><W64/><G123/><T110/><D71/><U80/><E126/><V87/><F115/><W122/><G122/><T18/><D131/><U65/><E41/><V107/><F129/><W54/><G130/><T33/><D134/><U12/><E25/><V32/><F32/><W55/><G7/><T13/><D119/><U133/><E117/><V43/><F43/><N who="3" m="23031" /><G91/><T85/><D102/><U0/><E0/><V9/><F103/><W78/><G78/><T62/><D62/><N who="1" m="38095" /><E68/><V101/><F101/><W4/><G4/><T50/><D50/><U22/><E69/><V3/><F20/><W79/><G79/><N who="0" m="46335" /><D105/><U94/><E133/><V67/><F107/><W73/><G73/><T76/><D76/><U28/><E28/><V19/><F3/><W6/><G6/><T112/><D112/><U77/><E77/><V88/><F87/><W16/><G16/><T36/><D36/><U108/><E108/><AGARI ba="0,0" hai="10,13,18,24,29,33,72,74,108,110,111" m="46335" machi="108" ten="30,1500,0" yaku="10,1" doraHai="114" who="0" fromWho="1" sc="249,15,349,-15,270,0,132,0" />
</Scene>
<Scene>
<INIT seed="4,1,0,0,4,58" ten="264,334,270,132" oya="0" hai0="103,132,75,134,33,121,26,64,123,97,4,34,8" hai1="28,57,54,120,39,41,70,117,40,109,15,29,0" hai2="88,101,42,73,2,111,48,27,84,14,122,71,69" hai3="30,24,99,62,11,32,116,10,114,65,12,93,31"/><T53/><D75/><U19/><E120/><V78/><F122/><W90/><G114/><T110/><D64/><U104/><E0/><V125/><F2/><W49/><G116/><T51/><D123/><U13/><E70/><V98/><F111/><W72/><G72/><T67/><D67/><U131/><E109/><V9/><F125/><W112/><G112/><T35/><D26/><U55/><E104/><V82/><F27/><W56/><G31/><T38/><D38/><U50/><E39/><V52/><F42/><N who="1" m="16489" /><E131/><V118/><F118/><W17/><REACH who="3" step="1"/><G49/><REACH who="3" ten="264,334,270,122" step="2"/><T89/><D110/><U46/><E117/><V102/><F73/><W113/><G113/><T37/><D121/><U20/><E15/><V87/><F71/><W16/><G16/><T127/><D37/><U83/><E13/><V128/><F69/><W47/><G47/><T135/><D127/><U133/><E19/><N who="2" m="8655" /><F128/><W80/><G80/><T100/><D4/><U43/><E83/><N who="2" m="49279" /><F98/><W79/><G79/><T22/><D135/><U115/><E133/><V1/><F1/><W96/><G96/><T92/><D132/><U7/><E115/><V68/><F68/><W63/><G63/><T105/><D134/><U86/><E29/><V23/><F23/><AGARI ba="1,1" hai="10,11,12,17,23,24,30,32,56,62,65,90,93,99" machi="23" ten="30,3900,0" yaku="1,1,7,1,52,1,53,0" doraHai="58" doraHaiUra="119" who="3" fromWho="2" sc="264,0,334,0,270,-42,122,52" />
</Scene>
<Scene>
<INIT seed="5,0,0,3,4,25" ten="264,334,228,174" oya="1" hai0="129,11,48,115,1,14,63,70,99,126,45,95,133" hai1="42,61,24,81,34,82,113,131,122,101,21,66,32" hai2="38,62,92,43,17,124,74,118,37,13,119,80,94" hai3="64,78,26,9,98,50,85,130,93,75,40,91,87"/><U114/><E122/><V16/><F124/><W108/><G108/><T106/><D1/><U83/><E101/><V97/><F62/><W22/><G130/><T35/><D35/><U29/><E42/><V28/><F74/><W90/><G64/><T71/><D106/><U88/><E131/><V44/><F80/><W49/><G75/><T73/><D73/><U86/><E34/><V5/><F37/><W54/><G9/><T23/><D23/><U57/><E32/><V105/><F105/><W68/><G68/><T117/><D117/><U41/><E41/><V3/><F3/><W109/><G109/><T79/><D79/><U100/><E100/><V33/><F5/><W18/><G78/><T132/><D126/><U55/><E55/><V107/><F107/><W65/><G65/><T102/><D129/><U121/><E121/><V69/><F69/><W110/><G110/><T8/><D8/><U104/><E104/><V134/><F134/><N who="0" m="51818" /><D63/><U89/><E86/><V58/><F119/><W39/><G39/><T125/><D125/><U12/><E12/><V72/><F118/><W15/><G15/><T127/><D127/><U51/><E51/><V77/><F13/><W10/><G10/><T116/><D116/><U59/><E59/><V76/><F58/><N who="3" m="33103" /><G91/><T7/><D115/><U19/><E19/><N who="2" m="7243" /><F72/><W47/><AGARI ba="0,0" hai="18,22,26,40,47,50,85,87,90,93,98" m="33103" machi="47" ten="30,1100,0" yaku="8,1" doraHai="25" who="3" fromWho="3" sc="264,-3,334,-5,228,-3,174,11" />
</Scene>
<Scene>
<INIT seed="6,0,0,3,4,39" ten="261,329,225,185" oya="2" hai0="0,46,38,97,67,100,13,60,29,95,108,105,45" hai1="96,26,73,40,135,80,8,50,104,79,51,88,43" hai2="85,94,21,16,118,116,7,106,107,20,122,53,127" hai3="28,133,19,32,128,62,126,78,98,119,76,27,77"/><V70/><F122/><W37/><G119/><T6/><D0/><U10/><E135/><V59/><F70/><W123/><G123/><T42/><D108/><U101/><E26/><V120/><F120/><W36/><G133/><T65/><D29/><U54/><E88/><N who="2" m="53519" /><F107/><W125/><G128/><T23/><D46/><U71/><E71/><V44/><F106/><W25/><G62/><T41/><D41/><U75/><E75/><V5/><F127/><N who="3" m="48651" /><G98/><T30/><D105/><U3/><E3/><V99/><F99/><W17/><G27/><T66/><D6/><N who="2" m="2058" /><F116/><W24/><G24/><T9/><D9/><U103/><E103/><V11/><F118/><W102/><G102/><T121/><D121/><U132/><E132/><V58/><F44/><W89/><G89/><T22/><D30/><U83/><E96/><V49/><F58/><W34/><G34/><T1/><D1/><U81/><E101/><V4/><N who="2" m="2066" /><V111/><DORA hai="74" /><F111/><W130/><G130/><T117/><D117/><U61/><E104/><V114/><F114/><W64/><G64/><T109/><D109/><U2/><E2/><V129/><F129/><W124/><N who="3" m="48659" /><W14/><DORA hai="57" /><G19/><T68/><D66/><U52/><E73/><V63/><F49/><W18/><G18/><T56/><D68/><U15/><E50/><V115/><F115/><W55/><G55/><T72/><D65/><U47/><E54/><V31/><F31/><W69/><G69/><T134/><D134/><U112/><E52/><V82/><F16/><W90/><G90/><T110/><D110/><U84/><E112/><RYUUKYOKU ba="0,0" sc="261,-10,329,-10,225,-10,185,30" hai3="14,17,25,28,32,36,37,76,77,78" />
</Scene>
<Scene>
<INIT seed="7,1,0,1,3,18" ten="251,319,215,215" oya="3" hai0="90,64,71,69,92,58,20,34,121,126,81,100,113" hai1="7,122,47,102,133,2,120,14,125,74,79,10,8" hai2="105,44,61,11,135,59,56,41,82,118,21,6,115" hai3="45,123,134,55,39,68,43,109,16,119,98,83,23"/><W53/><G119/><T13/><D121/><U62/><E102/><V114/><F118/><W46/><G123/><T51/><D34/><U38/><E125/><V65/><F105/><W72/><G68/><T52/><D126/><U42/><E62/><V31/><F135/><W94/><G134/><T33/><D33/><U5/><E133/><V99/><F99/><W25/><G109/><T124/><D113/><N who="2" m="43018" /><F82/><AGARI ba="1,0" hai="2,5,7,8,10,14,38,42,47,74,79,82,120,122" machi="82" ten="40,2600,0" yaku="25,2" doraHai="18" who="1" fromWho="2" sc="251,0,319,29,215,-29,215,0" owari="251,5.0,348,44.0,186,-31.0,215,-18.0" />
</Scene>
</mjloggm>