<mjloggm ver="2.3"><GO type="225" lobby="0"/><UN n0="%E9%BA%BB%E9%9B%80%E7%89%87%E6%83%B3%E3%81%84" n1="%E6%9D%89%E6%B5%A6%E7%B6%BE%E4%B9%83%76" n2="%E5%A4%AA%E3%81%8F%E3%81%AA%E3%81%84%E3%81%8A" n3="%E9%87%98%E5%AE%AE%E7%97%85%E6%82%A3%E8%80%85" dan="16,17,18,16" rate="2112.90,2106.29,2208.04,2040.11" sx="M,M,M,F"/><TAIKYOKU oya="0"/>

<Scene>
<INIT seed="0,0,0,3,0,83" ten="250,250,250,250" oya="0" hai0="45,99,9,18,62,84,25,96,117,48,87,133,81" hai1="71,129,130,33,105,52,109,60,123,98,106,30,131" hai2="101,113,21,6,120,90,43,55,7,104,124,111,80" hai3="24,108,17,2,40,54,31,58,37,19,15,92,44"/><T46/><D117/><U107/><E123/><V42/><F120/><W5/><G108/><T12/><D133/><U73/><E73/><V79/><F113/><W0/><G5/><T10/><D62/><U63/><E109/><V102/><F111/><W36/><G36/><T77/><D10/><U27/><E63/><V28/><F124/><W22/><G92/><T23/><D87/><U94/><E94/><V69/><F69/><W34/><REACH who="3" step="1"/><G19/><REACH who="3" ten="250,250,250,240" step="2"/><N who="0" m="12543" /><D45/><U91/><E91/><V118/><F90/><W75/><G75/><T49/><D49/><AGARI ba="0,1" hai="0,2,15,17,22,24,31,34,37,40,44,49,54,58" machi="49" ten="30,2000,0" yaku="1,1,7,1,53,0" doraHai="83" doraHaiUra="56" who="3" fromWho="0" sc="250,-20,250,0,250,0,240,30" />
</Scene>
<Scene>
<INIT seed="1,0,0,3,1,124" ten="230,250,250,270" oya="1" hai0="40,47,72,52,134,74,135,67,56,71,11,53,110" hai1="6,114,28,96,14,126,4,69,92,39,36,100,33" hai2="73,48,122,44,103,121,80,17,77,35,55,42,131" hai3="5,12,109,45,117,3,0,89,99,59,118,102,23"/><U49/><E114/><V98/><F35/><W116/><G109/><T64/><D11/><U112/><E112/><V13/><F42/><W32/><G32/><T24/><D24/><U101/><E69/><V95/><REACH who="2" step="1"/><F131/><REACH who="2" ten="230,250,240,270" step="2"/><W120/><G117/><T97/><D40/><U91/><E33/><V129/><F129/><W27/><G118/><T1/><D110/><U82/><E126/><V58/><F58/><W115/><G116/><T94/><D56/><U133/><E133/><V7/><F7/><W123/><G59/><T31/><D134/><U83/><E4/><V75/><F75/><W79/><G5/><T61/><D74/><U119/><E119/><V111/><F111/><W2/><G115/><T34/><D72/><U54/><E6/><V15/><F15/><W29/><G12/><T108/><D135/><U51/><E14/><V68/><F68/><W57/><G57/><T60/><D71/><U90/><E54/><V88/><F88/><W9/><G89/><T81/><D108/><U20/><E91/><V66/><F66/><W30/><G0/><T63/><D1/><U25/><E100/><V43/><F43/><W22/><G2/><T93/><D34/><U26/><E26/><V37/><F37/><N who="1" m="14409" /><E90/><V104/><F104/><W78/><G3/><T8/><D53/><U87/><E87/><V76/><F76/><W62/><G78/><T106/><D52/><U130/><E130/><V105/><F105/><W128/><G79/><T50/><D106/><U41/><E41/><V113/><F113/><W125/><G128/><T86/><D86/><U84/><E84/><RYUUKYOKU ba="0,1" sc="230,-15,250,15,240,15,270,-15" hai1="20,25,28,49,51,82,83,92,96,101" hai2="13,17,44,48,55,73,77,80,95,98,103,121,122" />
</Scene>
<Scene>
<INIT seed="1,1,1,4,2,96" ten="215,265,255,255" oya="1" hai0="2,47,65,116,64,41,48,18,98,105,122,44,60" hai1="78,74,101,63,113,93,24,4,11,85,31,95,40" hai2="10,57,33,21,84,135,9,99,127,26,59,22,89" hai3="126,73,76,118,77,51,104,7,19,23,132,17,92"/><U109/><E113/><V38/><F38/><W50/><G104/><T97/><D116/><U130/><E74/><V68/><F68/><W121/><G121/><T88/><D2/><U42/><E130/><V129/><F33/><W32/><G32/><T79/><D79/><U58/><E109/><V87/><F129/><W46/><G126/><T37/><D122/><U106/><E106/><V8/><F127/><W124/><G124/><T45/><D18/><U108/><E108/><V83/><F135/><W133/><G118/><T6/><D6/><U86/><E93/><N who="2" m="54439" /><F99/><W1/><G92/><T66/><D60/><U36/><E36/><V61/><F61/><W125/><G125/><T30/><D30/><U39/><E39/><V131/><F131/><W35/><G35/><T123/><D123/><U54/><E86/><V117/><F117/><W67/><G73/><T49/><D105/><U28/><E78/><N who="2" m="46583" /><F21/><W27/><G23/><T115/><D115/><U16/><E85/><V134/><F134/><W70/><G77/><T34/><D34/><U15/><E42/><V53/><F53/><W81/><G76/><T69/><D69/><U103/><E40/><V71/><F71/><W80/><G70/><T128/><D128/><U90/><E90/><V114/><F114/><W43/><G43/><N who="0" m="24703" /><D88/><U55/><E55/><V102/><F102/><N who="1" m="38921" /><E95/><V13/><F59/><W107/><G133/><T100/><D100/><U82/><E82/><V3/><F57/><W94/><G132/><T119/><D119/><U120/><E120/><V91/><F91/><W52/><G107/><T56/><D56/><RYUUKYOKU ba="1,1" sc="215,15,265,15,255,-15,255,-15" hai0="37,41,44,45,49,64,65,66,97,98" hai1="4,11,15,16,24,28,31,54,58,63" />
</Scene>
<Scene>
<INIT seed="1,2,1,0,5,116" ten="230,280,240,240" oya="1" hai0="105,56,43,67,18,35,79,92,0,77,17,101,115" hai1="57,54,82,30,94,10,134,36,20,39,37,42,87" hai2="25,52,68,81,118,66,24,130,34,73,44,109,16" hai3="4,74,69,83,112,122,41,120,117,26,51,91,7"/><U106/><E106/><V113/><F118/><W108/><G69/><T59/><D0/><U9/><E94/><V15/><F68/><W60/><G117/><T127/><D35/><U125/><E42/><V78/><F66/><W5/><G112/><T131/><D105/><U103/><E103/><V97/><F113/><W12/><G26/><T72/><D115/><U123/><E123/><V33/><F97/><W1/><G1/><T49/><D131/><U22/><E125/><V58/><F44/><W110/><G60/><T14/><D72/><U86/><E134/><V135/><F135/><W93/><G12/><T104/><D104/><U8/><E30/><V90/><F90/><W50/><G83/><T64/><D127/><U62/><REACH who="1" step="1"/><E82/><REACH who="1" ten="230,270,240,240" step="2"/><V46/><F130/><W2/><G41/><T48/><D92/><U27/><E27/><V95/><F95/><W65/><G93/><T70/><D101/><U71/><E71/><V23/><F25/><W38/><G108/><T107/><D107/><U76/><E76/><V133/><F109/><W111/><G110/><T85/><D70/><U100/><E100/><V96/><F133/><W99/><G111/><T40/><D79/><U89/><E89/><V32/><F96/><W29/><G91/><T102/><D77/><U45/><E45/><V126/><F46/><W28/><G99/><T47/><D47/><U31/><E31/><N who="2" m="19559" /><F126/><W124/><G124/><T11/><D102/><U13/><E13/><V55/><F58/><W75/><G28/><T98/><D98/><U6/><E6/><V63/><F78/><W132/><G132/><RYUUKYOKU ba="2,2" sc="230,-10,270,30,240,-10,240,-10" hai1="8,9,10,20,22,36,37,39,54,57,62,86,87" />
</Scene>
<Scene>
<INIT seed="1,3,2,2,3,107" ten="220,300,230,230" oya="1" hai0="2,85,15,49,105,88,93,112,86,119,96,62,18" hai1="108,7,81,115,134,99,27,126,21,77,25,53,68" hai2="103,95,34,4,26,28,116,36,92,43,70,1,120" hai3="8,94,101,20,114,66,48,128,123,98,131,80,5"/><U41/><E115/><V51/><F116/><W78/><G114/><T50/><D2/><U0/><E68/><V24/><F120/><W73/><G123/><T118/><D112/><U97/><E134/><V72/><F70/><W30/><G48/><N who="0" m="18539" /><D105/><U44/><E53/><V117/><F117/><W121/><G121/><T39/><D39/><N who="1" m="21567" /><E126/><V100/><F51/><W55/><G55/><T22/><D118/><U133/><E133/><V33/><F4/><W110/><G110/><T89/><D119/><U84/><E84/><N who="0" m="32361" /><D62/><U40/><E40/><V45/><F1/><W13/><REACH who="3" step="1"/><G66/><REACH who="3" ten="220,300,230,220" step="2"/><T122/><D122/><U37/><E108/><V71/><F71/><W61/><G61/><T56/><D56/><U83/><E37/><V130/><F36/><W75/><G75/><T111/><D111/><U14/><E0/><V113/><F113/><W9/><G9/><T67/><D67/><U19/><E81/><V82/><F43/><W32/><G32/><T64/><D64/><U65/><E83/><V12/><F82/><W54/><G54/><T57/><D57/><U52/><E65/><V76/><F72/><W42/><G42/><T35/><D35/><U135/><E52/><V69/><F69/><W63/><G63/><T104/><D104/><U109/><E109/><V59/><F59/><W102/><G102/><AGARI ba="3,3" hai="15,18,22,88,89,93,96,102" m="32361,18539" machi="102" ten="30,2000,0" yaku="8,1,54,1" doraHai="107" who="0" fromWho="3" sc="220,59,300,0,230,0,220,-29" />
</Scene>
<Scene>
<INIT seed="2,0,0,2,5,28" ten="279,300,230,191" oya="2" hai0="14,101,80,56,25,85,30,78,50,26,82,119,83" hai1="92,109,48,84,73,121,81,134,116,23,6,89,94" hai2="122,40,135,45,111,38,70,67,39,0,99,29,107" hai3="35,32,77,115,15,64,63,132,46,126,60,33,112"/><V37/><F0/><W43/><G132/><T20/><D119/><U108/><E116/><V5/><F5/><W104/><G104/><T76/><D101/><U124/><E134/><V96/><F96/><W34/><G126/><T105/><D105/><U8/><E124/><V74/><F74/><W97/><G97/><T3/><D3/><N who="1" m="95" /><E48/><V65/><F135/><W133/><G133/><T13/><D26/><U127/><E127/><V117/><F117/><W21/><G77/><T53/><D82/><U71/><E71/><V36/><F67/><W75/><G75/><AGARI ba="0,0" hai="13,14,20,25,30,50,53,56,75,76,78,80,83,85" machi="75" ten="30,1000,0" yaku="7,1" doraHai="28" who="0" fromWho="3" sc="279,10,300,0,230,0,191,-10" />
</Scene>
<Scene>
<INIT seed="3,0,0,5,3,40" ten="289,300,230,181" oya="3" hai0="123,77,69,85,133,41,95,72,34,3,130,35,115" hai1="29,106,90,80,51,15,36,18,76,24,101,103,94" hai2="55,121,67,61,47,119,60,43,22,37,59,65,12" hai3="25,112,50,88,16,1,74,104,126,92,23,97,128"/><W48/><G112/><T78/><D69/><U66/><E36/><V9/><F119/><W42/><G1/><T4/><D123/><U124/><E66/><V49/><F22/><W26/><G126/><T83/><D130/><U84/><E124/><V89/><F121/><W20/><G128/><T63/><D63/><U111/><E111/><V107/><F107/><W44/><G104/><T53/><D53/><U33/><E51/><V68/><F89/><W116/><G116/><T108/><D108/><U19/><E106/><V13/><F9/><W100/><G74/><T52/><D52/><U31/><E31/><V87/><F87/><W5/><G5/><T45/><D133/><U11/><E19/><V10/><F10/><W105/><G48/><T127/><D127/><U109/><E109/><V102/><F102/><W64/><G64/><T122/><D122/><U82/><E82/><V114/><F114/><W6/><G6/><T56/><D56/><AGARI ba="0,0" hai="12,13,37,43,47,49,55,56,59,60,61,65,67,68" machi="56" ten="30,7700,0" yaku="7,1,24,2,52,1" doraHai="40" who="2" fromWho="0" sc="289,-77,300,0,230,77,181,0" owari="212,-19.0,300,10.0,307,41.0,181,-32.0" />
</Scene>
</mjloggm>