<mjloggm ver="2.3"><GO type="169" lobby="0"/><UN n0="%E3%81%AF%E3%81%A3%E3%81%A8%E3%82%8A%E3%81%B8%E3%81%84%E3%81%98" n1="%E3%81%8A%E3%81%98%E3%81%95%E3%82%93" n2="%74%61%74%73%75%37%30%32" n3="%E5%A4%AA%E3%81%8F%E3%81%AA%E3%81%84%E3%81%8A" dan="17,17,16,17" rate="2169.78,2204.42,2229.79,2212.97" sx="M,M,M,M"/><TAIKYOKU oya="0"/>

<Scene>
<INIT seed="0,0,0,3,0,95" ten="250,250,250,250" oya="0" hai0="86,94,118,45,23,61,40,8,133,128,130,35,83" hai1="126,93,82,54,81,127,68,122,80,9,135,120,57" hai2="73,102,3,91,39,106,89,27,42,52,115,26,72" hai3="51,10,75,50,11,55,84,25,76,38,104,6,20"/><T53/><D35/><U16/><E68/><V113/><F3/><W62/><G38/><T110/><D118/><U123/><E135/><V7/><F102/><W70/><G75/><T97/><D133/><U105/><E105/><V90/><F106/><W28/><G104/><T108/><D8/><U31/><E31/><V58/><F7/><W63/><G70/><T98/><D23/><U107/><E107/><V112/><F39/><W119/><G119/><T85/><D61/><N who="3" m="23049" /><G6/><T78/><D53/><U29/><E29/><V129/><F42/><W30/><G30/><T101/><D86/><U79/><E79/><V125/><F52/><W47/><G51/><N who="0" m="27047" /><D98/><U100/><E16/><V19/><F19/><W24/><G24/><N who="2" m="9257" /><F58/><W34/><G34/><T71/><D71/><U5/><E57/><V32/><F32/><W15/><G15/><T74/><D74/><N who="2" m="28778" /><F125/><N who="1" m="47625" /><E54/><V22/><F129/><AGARI ba="0,0" hai="78,83,85,94,97,101,108,110,128,129,130" m="27047" machi="129" ten="30,2900,0" yaku="19,1,52,1" doraHai="95" who="0" fromWho="2" sc="250,29,250,0,250,-29,250,0" />
</Scene>
<Scene>
<INIT seed="0,1,0,1,3,23" ten="279,250,221,250" oya="0" hai0="74,48,3,51,14,57,58,40,108,38,64,34,43" hai1="101,16,26,53,25,6,80,90,66,79,30,4,32" hai2="0,68,95,100,55,91,20,50,78,127,81,132,8" hai3="47,105,67,46,54,24,70,71,42,99,103,31,109"/><T107/><D3/><U44/><E101/><V117/><F68/><W118/><G118/><T93/><D107/><U10/><E66/><V87/><F117/><W35/><G109/><T13/><D74/><U123/><E123/><V98/><F127/><W114/><G114/><T97/><D34/><U22/><E90/><V19/><F132/><W45/><G54/><N who="0" m="31943" /><D38/><U60/><E10/><V115/><F8/><W76/><G76/><T18/><D108/><U92/><E92/><V131/><F131/><W49/><REACH who="3" step="1"/><G71/><REACH who="3" ten="279,250,221,240" step="2"/><T122/><D122/><U128/><E128/><V112/><F0/><W113/><G113/><T85/><D64/><U120/><E120/><V56/><REACH who="2" step="1"/><F78/><REACH who="2" ten="279,250,211,240" step="2"/><W135/><G135/><T86/><D43/><U121/><E121/><V36/><F36/><W77/><G77/><T1/><D1/><U116/><E116/><V96/><F96/><W126/><G126/><T73/><D40/><U110/><E110/><V5/><F5/><W82/><G82/><T83/><D83/><U89/><E4/><V133/><F133/><W130/><G130/><T17/><D97/><U15/><E6/><V9/><F9/><W52/><G52/><T69/><D69/><U104/><E53/><V12/><AGARI ba="1,2" hai="12,19,20,50,55,56,81,87,91,95,98,100,112,115" machi="12" ten="20,5200,0" yaku="1,1,0,1,7,1,53,1" doraHai="23" doraHaiUra="88" who="2" fromWho="2" sc="279,-27,250,-14,211,75,240,-14" />
</Scene>
<Scene>
<INIT seed="1,0,0,4,0,17" ten="252,236,286,226" oya="1" hai0="32,76,59,62,115,63,26,55,16,11,19,75,98" hai1="125,104,129,46,70,86,119,57,128,103,44,48,56" hai2="87,130,67,40,123,60,122,0,50,89,49,6,14" hai3="118,43,41,18,91,36,121,135,81,4,131,38,107"/><U21/><E104/><V51/><F0/><W120/><G107/><T96/><D115/><U95/><E70/><V79/><F79/><W90/><G4/><T110/><D110/><U100/><E119/><V127/><F127/><W27/><G81/><T65/><D75/><U101/><E125/><V42/><F130/><N who="1" m="50281" /><E21/><V61/><F123/><W108/><G131/><T124/><D76/><U74/><E74/><V85/><F85/><W20/><G108/><T22/><D124/><U30/><E30/><V112/><F112/><W78/><G78/><T114/><D114/><U5/><E5/><V113/><F61/><W52/><G118/><T117/><D32/><U12/><E12/><V64/><F64/><W83/><G135/><T39/><D39/><U102/><E44/><V106/><F106/><W28/><G28/><T45/><D117/><U7/><E7/><V29/><F29/><W88/><G83/><T66/><D45/><U13/><E13/><V9/><F122/><W69/><G69/><T23/><D11/><U99/><E86/><V31/><F31/><W33/><G33/><T1/><D1/><U134/><E134/><V82/><REACH who="2" step="1"/><F113/><REACH who="2" ten="252,236,276,226" step="2"/><W10/><G121/><T37/><D66/><U116/><E116/><V25/><F25/><W2/><G120/><T73/><D73/><U132/><E132/><V3/><F3/><W68/><G2/><T54/><D65/><U77/><E77/><V92/><F92/><W58/><G68/><AGARI ba="0,1" hai="6,9,14,40,42,49,50,51,60,67,68,82,87,89" machi="68" ten="40,1300,0" yaku="1,1,53,0" doraHai="17" doraHaiUra="94" who="2" fromWho="3" sc="252,0,236,0,276,23,226,-13" />
</Scene>
<Scene>
<INIT seed="2,0,0,1,3,28" ten="252,236,299,213" oya="2" hai0="72,18,131,123,70,119,1,24,88,73,5,120,94" hai1="23,77,106,133,0,85,114,31,59,84,113,107,34" hai2="10,97,45,11,41,33,122,52,127,49,62,8,83" hai3="12,117,20,55,80,87,111,100,43,15,126,129,125"/><V46/><F122/><W68/><G117/><T9/><D70/><U58/><E0/><V21/><F33/><W116/><G116/><T16/><D119/><U35/><E23/><V132/><F127/><N who="3" m="48651" /><G68/><T103/><D103/><U130/><E77/><V29/><F132/><W92/><G43/><T95/><D131/><U4/><E4/><V99/><F83/><W40/><G40/><T75/><D95/><U79/><E79/><V47/><F62/><W78/><G129/><T102/><D102/><U101/><E130/><V82/><F82/><W57/><G111/><T44/><D44/><N who="2" m="17002" /><F41/><W7/><G7/><T115/><D115/><N who="1" m="44043" /><E101/><V109/><F109/><W36/><G36/><T32/><D123/><U110/><E31/><V3/><F3/><W37/><G37/><T53/><D53/><U14/><E14/><V86/><F86/><N who="1" m="33385" /><E110/><V51/><F51/><N who="3" m="30975" /><G20/><T90/><D120/><U13/><E133/><V65/><F65/><W56/><G56/><N who="1" m="21546" /><E13/><V108/><F108/><W22/><G22/><T66/><D66/><U25/><E25/><AGARI ba="0,0" hai="8,10,11,21,25,29,47,49,52,97,99" m="17002" machi="25" ten="30,2900,0" yaku="8,1,54,1" doraHai="28" who="2" fromWho="1" sc="252,0,236,-29,299,29,213,0" />
</Scene>
<Scene>
<INIT seed="2,1,0,2,5,101" ten="252,207,328,213" oya="2" hai0="46,38,106,47,11,131,98,48,113,112,10,49,39" hai1="60,55,14,24,103,84,119,21,117,123,92,58,22" hai2="124,9,8,36,30,104,81,78,86,56,133,65,118" hai3="20,42,111,116,134,5,74,120,130,73,79,114,50"/><V77/><F104/><W67/><G116/><T94/><D94/><U40/><E123/><V34/><F118/><W75/><G120/><T121/><D121/><U85/><E119/><V57/><F36/><W69/><G5/><T37/><D131/><U12/><E117/><V2/><F124/><W87/><G130/><T64/><D98/><N who="1" m="59847" /><E40/><V135/><F78/><W41/><G111/><T17/><D17/><N who="1" m="10423" /><E12/><V15/><F2/><W32/><G32/><T19/><D19/><AGARI ba="1,0" hai="19,22,24,55,58,60,84,85" m="10423,59847" machi="19" ten="30,1000,0" yaku="8,1" doraHai="101" who="1" fromWho="0" sc="252,-13,207,13,328,0,213,0" />
</Scene>
<Scene>
<INIT seed="3,0,0,4,4,134" ten="239,220,328,213" oya="3" hai0="71,90,88,37,69,11,29,24,48,67,42,63,77" hai1="36,121,38,60,110,10,116,68,62,54,21,122,125" hai2="14,13,104,128,101,8,61,51,19,93,26,20,96" hai3="107,85,127,92,129,3,55,23,111,100,15,32,0"/><W43/><G32/><T98/><D71/><U28/><E28/><V114/><F128/><W105/><G43/><T123/><D77/><U17/><E116/><V117/><F114/><W74/><G74/><T7/><D123/><N who="1" m="47115" /><E21/><V81/><F117/><W57/><G129/><T1/><D37/><N who="1" m="14443" /><E17/><N who="2" m="8359" /><F104/><W70/><G70/><T135/><D135/><U89/><E89/><V97/><F96/><W9/><G23/><T65/><D65/><N who="1" m="40999" /><E10/><V6/><F81/><W118/><G118/><T5/><D5/><U113/><E113/><V49/><F61/><W83/><G105/><T119/><D119/><U44/><E110/><V30/><F6/><W22/><G107/><T108/><D108/><U132/><E132/><V12/><F12/><W72/><G111/><T4/><D98/><U45/><E125/><V18/><F30/><W102/><G127/><T33/><D7/><U120/><N who="1" m="47123" /><U78/><DORA hai="115" /><E78/><V40/><F19/><N who="3" m="8687" /><G72/><T86/><REACH who="0" step="1"/><D86/><REACH who="0" ten="229,220,328,213" step="2"/><U133/><E133/><V109/><F109/><W99/><G99/><T47/><AGARI ba="0,1" hai="1,4,11,24,29,33,42,47,48,63,67,69,88,90" machi="47" ten="30,7900,0" yaku="1,1,2,1,0,1,54,1,53,0" doraHai="134,115" doraHaiUra="130,126" who="0" fromWho="0" sc="229,89,220,-20,328,-20,213,-39" />
</Scene>
<Scene>
<INIT seed="4,0,0,1,4,64" ten="318,200,308,174" oya="0" hai0="84,6,68,15,94,28,129,70,25,95,104,128,82" hai1="36,89,83,118,31,93,99,106,86,103,109,69,80" hai2="46,116,0,20,11,74,71,57,90,114,45,130,35" hai3="23,26,98,41,34,87,16,63,126,58,40,66,56"/><T61/><D104/><U102/><E36/><V123/><F20/><W122/><G126/><T17/><D6/><U77/><E31/><V10/><F57/><W21/><G122/><T24/><D61/><U13/><E13/><V72/><F90/><W133/><G133/><T48/><D48/><U52/><E52/><V44/><F44/><W29/><G34/><T117/><D117/><U33/><E69/><N who="0" m="26729" /><D15/><U81/><E33/><V91/><F91/><W79/><G58/><T124/><D17/><U75/><E109/><V112/><F35/><W9/><G9/><T3/><D3/><U1/><E1/><V54/><F71/><W50/><G50/><T108/><D124/><U97/><E118/><V22/><F54/><W42/><G98/><T113/><D113/><U60/><E60/><V18/><F18/><W38/><G38/><T5/><D5/><U127/><E127/><V110/><F22/><W135/><G135/><T12/><D12/><U2/><E2/><V132/><F0/><W76/><REACH who="3" step="1"/><G87/><REACH who="3" ten="318,200,308,164" step="2"/><T121/><D121/><U100/><E100/><V49/><F123/><W134/><G134/><T125/><D125/><U37/><E37/><V51/><F132/><W96/><G96/><T73/><D108/><U62/><E62/><V101/><F110/><W107/><G107/><AGARI ba="0,1" hai="75,77,80,81,83,86,89,93,97,99,102,103,106,107" machi="107" ten="30,16000,3" yaku="7,1,9,1,24,2,35,6" doraHai="64" who="1" fromWho="3" sc="318,0,200,170,308,0,164,-160" />
</Scene>
<Scene>
<INIT seed="5,0,0,2,5,34" ten="318,370,308,4" oya="1" hai0="108,95,90,126,30,101,56,70,18,54,122,21,91" hai1="111,119,97,98,94,53,82,17,69,11,39,49,107" hai2="12,60,120,79,41,46,88,45,75,73,35,114,85" hai3="113,44,72,28,112,121,124,68,22,65,89,118,61"/><U29/><E119/><V25/><F120/><W32/><G121/><T130/><D70/><U81/><E39/><V74/><F79/><W102/><G72/><T128/><D108/><U59/><E69/><V62/><F12/><W26/><G118/><T37/><D37/><U123/><E123/><V42/><F114/><N who="3" m="44139" /><G124/><T80/><D30/><U2/><E29/><V47/><F25/><W71/><G102/><T110/><D110/><U105/><E111/><V96/><F96/><W1/><G68/><T0/><D0/><U66/><E66/><V6/><F6/><W83/><G44/><T19/><D122/><U40/><E40/><V104/><F104/><W27/><G1/><T13/><D18/><U135/><E135/><V78/><F78/><W129/><G129/><N who="0" m="49771" /><D126/><U58/><E58/><V116/><F35/><W131/><G131/><T43/><D43/><U127/><E127/><V8/><F8/><W57/><G71/><T5/><D5/><U125/><E125/><V10/><F10/><W87/><G27/><T15/><D15/><N who="1" m="7423" /><E2/><V14/><F14/><W100/><G100/><T51/><D80/><N who="1" m="30827" /><E94/><N who="2" m="54543" /><F116/><W20/><AGARI ba="0,0" hai="20,22,26,28,32,57,61,65,83,87,89" m="44139" machi="20" ten="30,1100,0" yaku="15,1" doraHai="34" who="3" fromWho="3" sc="318,-3,370,-5,308,-3,4,11" />
</Scene>
<Scene>
<INIT seed="6,0,0,3,4,62" ten="315,365,305,15" oya="2" hai0="72,12,49,96,90,84,23,1,7,117,47,120,32" hai1="112,10,19,20,77,128,76,9,61,125,16,102,129" hai2="73,27,79,97,31,45,92,116,104,18,88,13,52" hai3="42,80,26,51,135,41,95,59,130,8,11,109,101"/><V58/><F116/><W75/><G109/><T14/><D120/><U35/><E35/><V0/><F0/><W122/><G122/><T78/><D32/><U121/><E112/><V36/><F104/><W2/><G2/><T93/><D117/><U24/><E121/><V55/><F73/><W46/><G135/><T48/><D72/><U38/><E38/><V91/><F79/><W110/><G110/><T83/><D23/><N who="1" m="13415" /><E102/><N who="2" m="60711" /><F36/><W134/><G134/><T6/><D1/><U57/><E125/><V114/><F114/><W106/><G106/><T25/><D25/><N who="1" m="14495" /><E77/><V99/><F27/><W53/><G130/><N who="1" m="50282" /><E76/><V118/><F31/><W132/><G132/><T119/><D119/><U60/><E60/><N who="2" m="35911" /><F118/><W21/><G75/><T66/><D49/><U69/><E69/><V15/><F99/><N who="3" m="59647" /><G80/><T71/><D14/><N who="2" m="5130" /><F18/><N who="3" m="12599" /><G41/><T39/><D39/><U81/><E81/><V126/><F126/><W56/><G42/><T5/><D12/><U123/><E123/><V67/><F67/><AGARI ba="0,0" hai="9,10,57,61,67" m="50282,14495,13415" machi="67" ten="30,3900,0" yaku="19,1,52,1,54,1" doraHai="62" who="1" fromWho="2" sc="315,0,365,39,305,-39,15,0" />
</Scene>
<Scene>
<INIT seed="7,0,0,2,4,101" ten="315,404,266,15" oya="3" hai0="84,106,26,92,8,39,69,119,116,123,45,100,38" hai1="81,61,79,111,73,62,117,128,3,59,112,54,87" hai2="50,66,4,19,7,133,104,1,56,9,80,132,55" hai3="34,30,125,105,72,35,10,5,40,77,47,14,43"/><W18/><G125/><T24/><D69/><U68/><E3/><V51/><F7/><W120/><G120/><T49/><D123/><U97/><E117/><V124/><F124/><W31/><G105/><T20/><D8/><U130/><E111/><V57/><F104/><W70/><G70/><T29/><D39/><U13/><E112/><V75/><F19/><W129/><G129/><N who="1" m="49770" /><E13/><V98/><F98/><W60/><G60/><T21/><D38/><U36/><E97/><V131/><F131/><W109/><G109/><T44/><D84/><U85/><E36/><V94/><F94/><W93/><G93/><T82/><D82/><U67/><AGARI ba="0,0" hai="54,59,61,62,67,68,73,79,81,85,87" m="49770" machi="67" ten="30,1100,0" yaku="19,1" doraHai="101" who="1" fromWho="1" sc="315,-3,404,11,266,-3,15,-5" owari="312,11.0,415,52.0,263,-14.0,10,-49.0" />
</Scene>
</mjloggm>