<mjloggm ver="2.3"><GO type="169" lobby="0"/><UN n0="%77%61%72%6E%69%6E%67" n1="%E7%81%BC%E3%81%A1%E3%82%83%E3%82%93%E3%81%8D%E3%82%83%E3%82%8F%E3%82%8F" n2="%77%61%64%6F%70%72%6F" n3="%E5%A4%AA%E3%81%8F%E3%81%AA%E3%81%84%E3%81%8A" dan="16,16,16,18" rate="2075.80,2152.05,2118.32,2222.34" sx="M,M,M,M"/><TAIKYOKU oya="0"/>

<Scene>
<INIT seed="0,0,0,5,1,92" ten="250,250,250,250" oya="0" hai0="133,75,65,21,73,118,58,130,106,109,3,23,101" hai1="86,114,14,111,36,76,97,39,117,132,108,48,120" hai2="54,25,26,122,121,50,8,35,20,40,102,68,104" hai3="105,51,89,85,37,55,78,100,135,123,7,113,96"/><T134/><D118/><U66/><E117/><V63/><F40/><W129/><G113/><T81/><D3/><U59/><E120/><V32/><F8/><W60/><G37/><T62/><D130/><U90/><E114/><V115/><F115/><W82/><G129/><T6/><D6/><U98/><E132/><N who="0" m="50793" /><D109/><N who="1" m="42059" /><E76/><V28/><F50/><W119/><G135/><T103/><D81/><N who="1" m="49487" /><E14/><V1/><F1/><W18/><G119/><T15/><D21/><U74/><E74/><N who="0" m="28169" /><D106/><U61/><E48/><V94/><F94/><W38/><G38/><AGARI ba="0,0" hai="36,38,39,59,61,66,97,98" m="49487,42059" machi="38" ten="30,3900,0" yaku="14,1,52,2" doraHai="92" who="1" fromWho="3" sc="250,0,250,39,250,0,250,-39" />
</Scene>
<Scene>
<INIT seed="1,0,0,1,1,74" ten="250,289,250,211" oya="1" hai0="53,100,33,41,135,83,14,26,25,45,0,108,93" hai1="73,29,79,35,28,30,88,69,2,60,16,1,133" hai2="40,76,94,132,10,20,51,13,96,47,62,129,110" hai3="113,27,8,39,37,102,85,49,23,59,6,54,87"/><U107/><E107/><V134/><F110/><W101/><G113/><T68/><D108/><U24/><E133/><V116/><F116/><W130/><G130/><T3/><D135/><N who="2" m="51754" /><F129/><W124/><G124/><T131/><D68/><U5/><E69/><V97/><F20/><W55/><G39/><T64/><D64/><U75/><E60/><V104/><F104/><W71/><G37/><T19/><D53/><U12/><E5/><N who="2" m="3279" /><F94/><W105/><G71/><T112/><D112/><U32/><E75/><V4/><F4/><W42/><G42/><T77/><D93/><U82/><E29/><V65/><F76/><W106/><G106/><T22/><D100/><N who="3" m="38505" /><G105/><T11/><D33/><U9/><REACH who="1" step="1"/><E88/><REACH who="1" ten="250,279,250,211" step="2"/><V17/><F62/><N who="3" m="36215" /><G6/><T92/><D131/><U18/><E18/><V52/><F17/><N who="3" m="12783" /><G8/><T31/><D31/><U111/><E111/><V86/><F97/><W122/><G122/><T61/><D61/><U72/><E72/><V89/><F96/><W58/><AGARI ba="0,1" hai="49,55,58,85,87" m="12783,36215,38505" machi="58" ten="30,1100,0" yaku="8,1" doraHai="74" who="3" fromWho="3" sc="250,-3,279,-5,250,-3,211,21" />
</Scene>
<Scene>
<INIT seed="2,0,0,5,0,31" ten="247,274,247,232" oya="2" hai0="23,7,49,98,18,124,106,44,6,2,127,104,55" hai1="109,125,77,111,58,16,70,105,69,96,132,45,121" hai2="93,26,83,48,78,30,19,135,32,12,0,9,99" hai3="108,90,95,112,103,35,84,101,82,42,36,118,41"/><V123/><F123/><W120/><G120/><T133/><D133/><U80/><E132/><V60/><F135/><W73/><G118/><T28/><D28/><U64/><E121/><V130/><F130/><W131/><G131/><T87/><D87/><U52/><E125/><N who="0" m="48201" /><D2/><U126/><E126/><V46/><F60/><W54/><G108/><N who="1" m="41546" /><E45/><V110/><F110/><W37/><G112/><T86/><D86/><U107/><E64/><V59/><F59/><W38/><G54/><T89/><D89/><U68/><E96/><V117/><F117/><W72/><G35/><T39/><D39/><U34/><E34/><V14/><F0/><W79/><REACH who="3" step="1"/><G73/><REACH who="3" ten="247,274,247,222" step="2"/><T116/><D116/><U1/><E1/><V25/><F32/><W114/><G114/><T67/><D67/><U102/><E102/><AGARI ba="0,1" hai="36,37,38,41,42,72,79,82,84,90,95,101,102,103" machi="102" ten="40,1300,0" yaku="1,1,53,0" doraHai="31" doraHaiUra="134" who="3" fromWho="1" sc="247,0,274,-13,247,0,222,23" />
</Scene>
<Scene>
<INIT seed="3,0,0,5,5,24" ten="247,261,247,245" oya="3" hai0="82,5,80,60,89,125,8,90,32,6,45,73,76" hai1="18,86,57,110,101,28,13,38,133,74,54,81,75" hai2="59,2,51,41,23,0,105,135,53,42,29,66,49" hai3="4,14,37,120,78,111,116,100,131,117,93,109,134"/><W130/><G37/><T43/><D125/><U9/><E110/><N who="3" m="41994" /><G4/><T129/><D129/><N who="3" m="49161" /><G14/><T34/><D5/><U67/><E133/><V61/><F105/><W17/><G17/><T48/><D60/><U26/><E101/><V77/><F135/><W20/><G20/><T50/><D50/><U113/><E113/><V84/><F51/><W99/><G134/><T115/><D115/><U46/><E67/><V121/><F49/><W112/><G112/><T108/><D108/><U102/><E102/><V118/><F2/><W98/><G120/><T19/><D19/><U62/><E46/><V21/><F0/><W103/><G78/><T87/><D90/><U33/><E38/><V91/><F21/><W71/><G71/><T58/><D58/><U122/><E122/><V40/><F77/><AGARI ba="0,0" hai="9,13,18,26,28,33,54,57,62,74,75,77,81,86" machi="77" ten="30,2000,0" yaku="7,1,52,1" doraHai="24" who="1" fromWho="2" sc="247,0,261,20,247,-20,245,0" />
</Scene>
<Scene>
<INIT seed="4,0,0,2,2,41" ten="247,281,227,245" oya="0" hai0="86,101,0,125,43,74,3,97,6,127,84,38,129" hai1="8,47,77,89,29,124,36,96,5,25,64,93,24" hai2="122,123,56,55,118,113,95,132,81,19,37,11,131" hai3="49,71,50,114,134,120,4,54,128,45,83,75,32"/><T126/><D74/><U104/><E124/><V26/><F37/><W82/><G71/><T30/><D129/><U100/><E64/><V44/><F131/><W65/><G128/><T23/><D43/><U80/><E29/><V68/><F68/><W14/><G32/><T117/><D38/><U18/><E18/><V105/><F105/><W73/><G114/><T16/><D30/><U9/><E9/><V27/><F113/><W92/><G134/><T87/><D6/><U116/><E116/><V53/><F132/><W35/><G35/><T72/><D72/><U85/><E47/><V107/><F107/><W67/><G120/><T20/><D117/><U60/><E60/><V28/><F118/><W99/><G75/><T112/><D112/><U59/><E59/><V17/><F81/><N who="3" m="30731" /><G73/><T13/><REACH who="0" step="1"/><D23/><REACH who="0" ten="237,281,227,245" step="2"/><U31/><E36/><V130/><F130/><W12/><G4/><T111/><D111/><U108/><E108/><V62/><F28/><W1/><G1/><T88/><D88/><U66/><E31/><V90/><F123/><W70/><G70/><T103/><D103/><U79/><E77/><V78/><F122/><W33/><G33/><T2/><D2/><U133/><E133/><V94/><F78/><W42/><G42/><T7/><D7/><U57/><E79/><V63/><F90/><N who="3" m="55703" /><G50/><T40/><D40/><U48/><E48/><V34/><F34/><W121/><G121/><T110/><D110/><U58/><E100/><V115/><F115/><W102/><G102/><T21/><D21/><U61/><E89/><V51/><F63/><W109/><G109/><RYUUKYOKU ba="0,1" sc="237,15,281,-15,227,-15,245,15" hai0="0,3,13,16,20,84,86,87,97,101,125,126,127" hai3="12,14,45,49,54,65,67" />
</Scene>
<Scene>
<INIT seed="4,1,1,5,4,106" ten="252,266,212,260" oya="0" hai0="15,26,55,8,56,61,34,135,29,118,88,49,30" hai1="53,110,105,127,33,75,126,81,1,45,102,80,31" hai2="93,78,22,50,47,32,74,97,13,12,40,83,104" hai3="66,82,6,57,58,134,90,60,87,39,109,73,19"/><T2/><D118/><U63/><E110/><V0/><F0/><W112/><G109/><T92/><D135/><U86/><E1/><V37/><F32/><W59/><G39/><T98/><D2/><U27/><E75/><V52/><F104/><W5/><G134/><T129/><D129/><U130/><E130/><V125/><F125/><N who="1" m="47625" /><E86/><V36/><F22/><W128/><G128/><T84/><D30/><U72/><E72/><V95/><F36/><W101/><G112/><T69/><D84/><U113/><E113/><V133/><F133/><W21/><G101/><T111/><D111/><U132/><E132/><V108/><F108/><W79/><G5/><T67/><D8/><U114/><E114/><V91/><REACH who="2" step="1"/><F95/><REACH who="2" ten="252,266,202,260" step="2"/><W51/><G51/><T46/><REACH who="0" step="1"/><D15/><REACH who="0" ten="242,266,202,260" step="2"/><U24/><E33/><V10/><F10/><W124/><G124/><T121/><D121/><U76/><E31/><V17/><F17/><W122/><G122/><T48/><D48/><N who="1" m="28815" /><E63/><V68/><F68/><AGARI ba="1,3" hai="26,29,34,46,49,55,56,61,67,68,69,88,92,98" machi="68" ten="40,3900,0" yaku="1,1,54,1,53,0" doraHai="106" doraHaiUra="115" who="0" fromWho="2" sc="242,72,266,0,202,-42,260,0" />
</Scene>
<Scene>
<INIT seed="4,2,0,4,2,118" ten="314,266,160,260" oya="0" hai0="91,121,72,115,18,135,26,8,39,46,108,40,24" hai1="64,130,48,15,28,116,103,92,23,55,9,81,25" hai2="7,34,105,33,89,22,3,17,16,114,52,4,45" hai3="30,57,32,62,41,66,107,84,63,0,86,78,106"/><T49/><D121/><U87/><E116/><V96/><F105/><W50/><G0/><T126/><D72/><U124/><E124/><V80/><F114/><W38/><G38/><T88/><D115/><U76/><E130/><V11/><F7/><W133/><G133/><T85/><D135/><U120/><E120/><V37/><F17/><W19/><G32/><T68/><D126/><U27/><E27/><V101/><F37/><W12/><G30/><T104/><D68/><U128/><E128/><V131/><F131/><W79/><G107/><T77/><D39/><U83/><E83/><V75/><F101/><W94/><G106/><T44/><D44/><U65/><E92/><V56/><F45/><N who="3" m="25903" /><G63/><T69/><D69/><U119/><E103/><V6/><F6/><W127/><G127/><T134/><D108/><U95/><E95/><N who="2" m="56431" /><F80/><W51/><G51/><T102/><D102/><U99/><E99/><V100/><F100/><W60/><G60/><T1/><D1/><U82/><E82/><V58/><F58/><W117/><G117/><T74/><D74/><U113/><E113/><V67/><F67/><W43/><G94/><N who="0" m="54543" /><D91/><U2/><E2/><V97/><F97/><W109/><G109/><T110/><D110/><U13/><E119/><V59/><F75/><W125/><G125/><T132/><D104/><U129/><E129/><V10/><F59/><W98/><G98/><T54/><D132/><U73/><E73/><V123/><F123/><W31/><G84/><T21/><D134/><U5/><E15/><N who="2" m="7295" /><F22/><W20/><G86/><T35/><D35/><U42/><E42/><RYUUKYOKU ba="2,0" sc="314,-15,266,15,160,15,260,-15" hai1="5,9,13,23,25,28,48,55,64,65,76,81,87" hai2="3,4,10,33,34,52,56" />
</Scene>
<Scene>
<INIT seed="5,3,0,5,4,47" ten="299,281,175,245" oya="1" hai0="97,14,33,34,119,84,100,52,110,107,42,74,48" hai1="116,101,73,95,122,27,46,9,36,1,113,114,45" hai2="26,29,68,66,123,0,35,83,115,124,60,135,112" hai3="134,129,54,53,130,108,38,6,96,40,94,127,19"/><U99/><E116/><V2/><F123/><W103/><G108/><T22/><D110/><U121/><E73/><V21/><F135/><W58/><G134/><T109/><D74/><U88/><E27/><V111/><F111/><W75/><G75/><T126/><D126/><U10/><E122/><V69/><F124/><W25/><G127/><T41/><D119/><U12/><E121/><V63/><F83/><W32/><G6/><T62/><D62/><U91/><E10/><V104/><F21/><N who="3" m="13503" /><G32/><T55/><D55/><U105/><E1/><N who="2" m="619" /><F104/><W125/><G125/><T17/><D109/><U98/><E91/><V117/><F117/><W87/><G87/><T79/><D41/><U131/><E131/><N who="3" m="50186" /><G58/><T20/><D20/><U57/><E57/><V18/><F18/><W71/><G71/><T80/><D42/><U90/><E90/><V39/><F39/><W51/><G38/><T43/><D43/><U76/><E76/><V11/><F11/><W67/><G67/><AGARI ba="3,0" hai="26,29,35,60,63,66,67,68,69,112,115" m="619" machi="67" ten="30,1000,0" yaku="23,1" doraHai="47" who="2" fromWho="3" sc="299,0,281,0,175,19,245,-19" />
</Scene>
<Scene>
<INIT seed="6,0,0,2,2,97" ten="299,281,194,226" oya="2" hai0="24,16,69,45,65,17,99,51,78,39,126,124,3" hai1="80,56,58,85,113,91,90,21,41,23,7,134,27" hai2="102,60,26,6,0,129,53,73,1,57,123,72,30" hai3="95,131,20,75,98,13,74,127,128,89,64,29,63"/><V52/><F123/><W35/><G35/><T38/><D3/><U133/><E113/><V117/><F117/><W94/><G127/><N who="0" m="48683" /><D78/><U130/><E130/><N who="3" m="49706" /><G29/><T44/><D44/><U43/><E7/><V18/><F129/><W114/><G114/><T135/><D135/><N who="1" m="51723" /><E23/><V11/><F18/><N who="0" m="7274" /><D24/><U46/><E91/><V115/><F115/><W108/><G108/><T54/><D99/><U36/><E43/><V107/><F1/><W112/><G112/><T67/><D69/><U70/><E70/><V4/><F4/><W87/><G20/><T122/><D122/><U121/><E121/><V125/><F125/><W93/><G13/><T40/><D40/><U48/><E36/><AGARI ba="0,0" hai="36,38,39,45,51,54,65,67" m="7274,48683" machi="36" ten="30,2000,0" yaku="18,1,54,1" doraHai="97" who="0" fromWho="1" sc="299,20,281,-20,194,0,226,0" />
</Scene>
<Scene>
<INIT seed="7,0,0,5,0,121" ten="319,261,194,226" oya="3" hai0="64,60,85,112,27,63,48,102,18,133,17,32,1" hai1="37,131,25,53,43,10,69,79,90,15,117,40,26" hai2="30,135,46,65,92,16,122,101,51,9,75,93,33" hai3="82,94,6,77,115,50,114,76,95,58,55,97,49"/><W62/><G6/><T124/><D1/><U28/><E69/><V99/><F75/><W109/><G109/><T132/><D124/><U66/><E66/><V100/><F122/><W19/><G94/><T118/><D118/><U13/><E117/><V20/><F135/><W104/><G104/><T123/><D102/><U108/><E108/><V14/><F33/><W81/><G19/><T80/><D112/><N who="3" m="43049" /><G77/><N who="0" m="46223" /><D48/><N who="3" m="18537" /><G76/><T84/><D84/><U126/><E126/><V52/><F65/><W70/><G70/><T103/><D64/><U42/><E37/><V45/><F45/><W110/><G110/><T106/><D17/><U39/><E39/><V36/><F36/><W91/><AGARI ba="0,0" hai="55,58,62,81,82,91,95,97" m="18537,43049" machi="91" ten="30,1500,0" yaku="15,1" doraHai="121" who="3" fromWho="3" sc="319,-5,261,-5,194,-5,226,15" />
</Scene>
<Scene>
<INIT seed="7,1,0,0,0,120" ten="314,256,189,241" oya="3" hai0="88,8,44,23,51,77,95,101,129,99,62,52,134" hai1="133,60,25,119,73,111,105,91,92,84,1,34,131" hai2="122,97,40,124,71,3,127,42,37,108,24,98,132" hai3="49,17,2,100,109,47,70,102,125,15,135,130,18"/><W76/><G2/><T56/><D134/><U14/><E133/><V4/><F132/><W106/><G135/><T68/><D129/><U7/><E119/><V94/><F71/><W113/><G70/><T22/><D68/><U9/><E131/><V48/><F37/><W50/><G130/><T89/><D77/><U28/><E73/><V81/><F122/><W43/><G113/><T86/><D8/><U61/><E105/><V82/><F24/><W116/><G116/><T83/><D89/><U93/><E93/><V114/><F48/><W64/><G64/><AGARI ba="1,0" hai="22,23,44,51,52,56,62,64,83,86,88,95,99,101" machi="64" ten="30,7700,0" yaku="7,1,8,1,54,2" doraHai="120" who="0" fromWho="3" sc="314,80,256,0,189,0,241,-80" owari="394,49.0,256,6.0,189,-21.0,161,-34.0" />
</Scene>
</mjloggm>