<mjloggm ver="2.3"><GO type="169" lobby="0"/><UN n0="%E9%81%8A%E8%B5%B0" n1="%E3%81%93%E3%81%AE%E3%81%8D%E3%83%BC" n2="%6E%6E%6E%6E%6E%6E" n3="%E5%A4%AA%E3%81%8F%E3%81%AA%E3%81%84%E3%81%8A" dan="17,18,16,17" rate="2156.23,2210.72,2149.08,2200.27" sx="M,M,M,M"/><TAIKYOKU oya="0"/>

<Scene>
<INIT seed="0,0,0,3,3,23" ten="250,250,250,250" oya="0" hai0="108,27,35,83,13,15,47,70,11,129,32,2,22" hai1="116,80,55,33,66,131,34,20,14,127,121,39,90" hai2="52,109,133,74,19,76,3,67,6,85,69,122,63" hai3="134,36,5,88,118,10,68,21,98,95,113,84,125"/><T120/><D70/><U7/><E39/><V56/><F122/><W117/><G113/><T81/><D120/><U50/><E116/><V130/><F109/><W119/><G36/><T77/><D108/><U59/><E131/><V41/><F133/><W40/><G68/><T72/><D129/><U0/><E127/><V58/><F41/><W28/><G40/><T9/><D2/><U102/><E102/><V8/><F19/><W61/><G61/><T57/><D47/><U73/><E0/><V75/><F58/><W62/><G62/><T91/><D57/><U92/><E66/><V24/><F24/><W96/><G134/><T101/><D101/><U114/><E114/><V123/><F123/><W43/><G43/><T99/><D13/><U17/><E7/><V107/><F107/><W112/><G112/><T54/><D54/><U12/><E12/><V65/><F130/><W126/><G21/><T86/><D99/><U111/><E111/><V135/><F135/><W4/><G28/><T48/><D48/><U38/><E38/><V30/><F30/><W124/><REACH who="3" step="1"/><G4/><REACH who="3" ten="250,250,250,240" step="2"/><T103/><D11/><U110/><E110/><V106/><F69/><W16/><G16/><T29/><D103/><U60/><E60/><V26/><F63/><W105/><G105/><T100/><D100/><U97/><E121/><V44/><F106/><W94/><G94/><T79/><REACH who="0" step="1"/><D91/><REACH who="0" ten="240,250,250,240" step="2"/><U78/><AGARI ba="0,2" hai="14,17,20,33,34,50,55,59,73,78,80,90,92,97" machi="78" ten="30,1100,0" yaku="0,1" doraHai="23" who="1" fromWho="1" sc="240,-5,250,31,250,-3,240,-3" />
</Scene>
<Scene>
<INIT seed="1,0,0,4,3,135" ten="235,281,247,237" oya="1" hai0="67,11,77,83,134,59,116,108,126,74,64,128,12" hai1="62,97,90,82,57,0,103,61,88,79,127,13,72" hai2="53,111,55,75,16,115,51,43,2,65,80,118,109" hai3="41,26,71,87,45,8,25,15,63,4,19,34,48"/><U114/><E0/><V78/><F118/><W31/><G71/><T119/><D134/><U133/><E133/><V130/><F130/><W3/><G63/><T81/><D108/><N who="2" m="41546" /><F115/><W101/><G101/><T93/><D128/><U47/><E114/><V91/><F2/><W52/><G26/><T70/><D126/><U113/><E127/><V10/><F91/><W98/><G98/><T1/><D70/><U21/><E113/><V121/><F121/><W22/><REACH who="3" step="1"/><G87/><REACH who="3" ten="235,281,247,227" step="2"/><T58/><D74/><U107/><E62/><V35/><F65/><W112/><G112/><T110/><D67/><U124/><E61/><V40/><F35/><W29/><G29/><T18/><D64/><U105/><E97/><V42/><F51/><W32/><G32/><T104/><D110/><U96/><E96/><V131/><F131/><W54/><AGARI ba="0,1" hai="3,4,8,15,19,22,25,31,34,41,45,48,52,54" machi="54" ten="30,8000,1" yaku="1,1,0,1,24,2,54,1,53,0" doraHai="135" doraHaiUra="89" who="3" fromWho="3" sc="235,-20,281,-40,247,-20,227,90" />
</Scene>
<Scene>
<INIT seed="2,0,0,5,1,2" ten="215,241,227,317" oya="2" hai0="66,69,62,48,110,41,54,47,107,86,98,130,67" hai1="133,109,56,39,126,26,30,102,9,114,100,90,68" hai2="116,119,40,88,21,79,37,27,6,23,128,120,17" hai3="12,29,105,14,33,42,73,28,77,129,15,49,16"/><V0/><F128/><W13/><G105/><T71/><D86/><U124/><E68/><N who="0" m="26185" /><D98/><U50/><E39/><V31/><F120/><W65/><G129/><T5/><D107/><U106/><E114/><V44/><F79/><W55/><G65/><N who="0" m="24587" /><D5/><U52/><E106/><V91/><F119/><W64/><G64/><T97/><D97/><U63/><E109/><V11/><REACH who="2" step="1"/><F116/><REACH who="2" ten="215,241,217,317" step="2"/><W57/><G77/><T132/><D130/><U22/><E126/><V95/><F95/><W121/><G121/><T10/><D110/><U122/><E124/><V35/><F35/><W36/><G33/><T85/><D85/><U94/><E122/><V84/><F84/><W1/><G73/><T125/><D125/><U81/><E81/><V103/><F103/><W118/><G118/><T135/><D10/><U4/><E102/><V20/><F20/><W92/><G92/><T72/><D72/><U19/><E100/><V87/><F87/><W34/><G34/><T38/><D62/><U8/><E63/><V75/><F75/><W24/><G29/><T104/><D104/><U115/><E30/><V80/><F80/><W3/><G28/><T89/><D89/><U93/><E90/><V78/><F78/><W117/><G117/><T134/><D38/><U43/><E94/><V113/><F113/><W59/><G36/><T53/><AGARI ba="0,1" hai="41,47,48,53,54,132,134,135" m="24587,26185" machi="53" ten="40,5200,0" yaku="20,1,34,2" doraHai="2" who="0" fromWho="0" sc="215,62,241,-13,217,-26,317,-13" />
</Scene>
<Scene>
<INIT seed="3,0,0,1,4,132" ten="277,228,191,304" oya="3" hai0="68,120,121,2,79,45,28,78,124,101,20,32,98" hai1="115,7,54,38,104,43,73,87,85,105,71,91,80" hai2="22,88,135,76,81,72,116,129,67,51,46,44,86" hai3="77,16,11,42,50,123,52,35,6,131,47,25,75"/><W64/><G123/><T95/><D32/><U112/><E73/><V15/><F116/><W66/><G131/><T109/><D2/><U107/><E71/><V60/><F129/><W36/><G35/><T96/><D68/><U9/><E43/><V130/><F135/><W40/><G40/><T55/><D109/><U134/><E38/><V100/><F100/><W119/><G119/><T23/><D45/><U84/><E134/><V99/><F99/><W18/><G66/><T31/><D55/><U48/><E80/><V59/><F51/><W39/><G64/><T63/><D95/><U106/><E91/><V83/><REACH who="2" step="1"/><F130/><REACH who="2" ten="277,228,181,304" step="2"/><W110/><G36/><T102/><D63/><U14/><N who="1" m="26624" /><DORA hai="69" /><U19/><REACH who="1" step="1"/><E7/><REACH who="1" ten="277,218,181,304" step="2"/><V92/><F92/><W41/><G39/><T12/><D101/><U0/><E0/><V26/><F26/><W3/><G25/><T113/><D102/><U122/><E122/><V34/><F34/><W10/><G6/><T17/><D120/><U90/><E90/><V27/><F27/><W56/><G3/><T103/><D121/><U108/><E108/><V125/><F125/><W82/><G110/><T97/><D124/><U58/><AGARI ba="0,2" hai="9,14,19,48,54,58,84,85,87,112,115" m="26624" machi="58" ten="60,7900,0" yaku="1,1,0,1,53,1" doraHai="132,69" doraHaiUra="117,4" who="1" fromWho="1" sc="277,-20,218,99,181,-20,304,-39" />
</Scene>
<Scene>
<INIT seed="4,0,0,3,0,110" ten="257,317,161,265" oya="0" hai0="81,68,104,108,49,82,87,74,96,73,5,17,131" hai1="25,125,37,112,89,111,85,16,126,3,114,64,134" hai2="60,32,67,54,12,116,101,105,55,13,98,113,106" hai3="29,30,120,92,133,71,41,6,99,72,57,20,21"/><T62/><D108/><U26/><E111/><V50/><F116/><W44/><G71/><T53/><D131/><U10/><E37/><V38/><F32/><W75/><G6/><T52/><D5/><N who="1" m="1343" /><E64/><V88/><F113/><N who="1" m="43625" /><E134/><V86/><F38/><W31/><G133/><T59/><D68/><U79/><E79/><V2/><F2/><W121/><G57/><T9/><D73/><U109/><E109/><V94/><F106/><W97/><G72/><T118/><D74/><U103/><E103/><V22/><F22/><N who="3" m="8811" /><G75/><T61/><D118/><U14/><E14/><V51/><F50/><N who="3" m="26895" /><G92/><T124/><D124/><N who="1" m="47723" /><E16/><V46/><F13/><W63/><G121/><T36/><D36/><U107/><E107/><V28/><F12/><W47/><G120/><T18/><D104/><U95/><AGARI ba="0,0" hai="25,26,85,89,95" m="47723,43625,1343" machi="95" ten="30,12000,2" yaku="15,1,11,1,18,1,52,3" doraHai="110" who="1" fromWho="1" sc="257,-60,317,120,161,-30,265,-30" />
</Scene>
<Scene>
<INIT seed="5,0,0,5,2,32" ten="197,437,131,235" oya="1" hai0="5,52,93,99,114,66,73,40,7,24,0,95,126" hai1="44,15,77,67,70,128,133,19,101,112,16,120,71" hai2="127,31,98,20,130,89,84,64,37,21,12,49,1" hai3="76,4,80,121,108,25,59,8,122,129,34,42,63"/><U23/><E120/><V74/><F37/><W11/><G108/><T9/><D114/><U51/><E112/><V111/><F74/><W62/><G42/><T39/><D126/><U78/><E133/><V72/><F111/><W115/><G115/><T79/><D66/><U92/><E128/><V96/><F72/><W123/><G129/><T82/><D7/><U28/><E28/><V83/><F127/><W26/><G34/><T103/><D24/><N who="1" m="14439" /><E70/><V94/><F1/><W27/><G59/><T125/><D125/><U43/><E67/><V3/><F3/><W36/><G36/><T56/><D93/><U22/><E71/><V124/><F64/><W38/><G38/><T131/><D131/><U2/><E2/><V81/><F21/><W29/><G29/><T6/><D6/><U107/><E107/><V30/><F124/><W57/><G57/><T102/><D102/><U88/><E101/><V135/><F135/><W46/><G46/><N who="0" m="23839" /><D56/><U117/><E117/><V90/><F130/><W113/><G113/><T54/><AGARI ba="0,0" hai="0,5,9,52,54,73,79,82,95,99,103" m="23839" machi="54" ten="30,4000,0" yaku="25,1,52,1,54,1" doraHai="32" who="0" fromWho="0" sc="197,40,437,-20,131,-10,235,-10" />
</Scene>
<Scene>
<INIT seed="6,0,0,0,4,74" ten="237,417,121,225" oya="2" hai0="46,1,12,135,119,33,53,16,54,48,87,47,80" hai1="25,117,14,39,5,50,101,132,115,85,75,35,52" hai2="0,109,64,56,60,43,57,92,24,121,18,32,86" hai3="99,104,130,108,15,29,114,28,68,58,88,122,134"/><V120/><F0/><W49/><G68/><T55/><D33/><U71/><E75/><V45/><F109/><W116/><G108/><T69/><D69/><U103/><E39/><V21/><F32/><W123/><G116/><T67/><D1/><U106/><E106/><V11/><F57/><W118/><G118/><T72/><D119/><U44/><E5/><V78/><F11/><W129/><G134/><T34/><D34/><U6/><E14/><V91/><REACH who="2" step="1"/><F78/><REACH who="2" ten="237,417,111,225" step="2"/><W65/><G123/><T13/><D135/><U90/><E35/><V82/><F82/><W73/><G122/><T125/><D125/><U84/><E132/><V61/><F61/><W38/><G58/><T20/><D47/><U70/><E44/><V30/><F30/><W2/><G29/><T76/><D67/><U113/><E117/><V59/><F59/><W95/><G28/><T27/><D72/><U110/><E110/><V51/><AGARI ba="0,1" hai="18,21,24,43,45,51,56,60,64,86,91,92,120,121" machi="51" ten="20,3900,0" yaku="1,1,0,1,7,1,53,0" doraHai="74" doraHaiUra="3" who="2" fromWho="2" sc="237,-13,417,-13,111,49,225,-13" />
</Scene>
<Scene>
<INIT seed="6,1,0,2,0,14" ten="224,404,160,212" oya="2" hai0="71,116,98,11,44,134,110,133,30,131,16,34,73" hai1="41,43,117,127,42,53,120,89,102,111,12,17,27" hai2="97,114,57,28,105,91,48,121,4,95,99,13,72" hai3="54,68,125,130,129,5,106,8,101,93,3,132,49"/><V56/><F121/><W1/><G68/><T35/><D110/><U51/><E117/><V22/><F72/><W33/><G33/><T38/><D116/><U103/><E127/><V46/><F105/><W29/><G29/><T78/><D71/><U59/><E111/><V76/><F76/><W123/><G123/><T70/><D70/><U36/><E36/><V52/><F114/><W9/><G106/><T21/><D131/><N who="3" m="50185" /><G125/><T100/><D11/><N who="3" m="4169" /><G5/><T7/><D7/><U50/><E27/><N who="2" m="16503" /><F99/><N who="3" m="59631" /><G132/><N who="0" m="50795" /><D30/><U104/><E104/><V2/><F2/><W79/><G79/><T90/><D90/><U88/><E120/><V74/><F74/><W128/><N who="3" m="50193" /><W25/><DORA hai="85" /><G25/><N who="0" m="14503" /><D78/><U96/><E96/><V6/><F6/><W113/><G113/><T119/><D73/><U60/><E103/><V64/><F64/><W66/><G66/><T86/><D119/><U39/><E102/><V20/><F4/><W75/><G75/><T15/><D86/><U26/><E26/><V61/><F61/><W32/><G32/><T10/><D98/><U37/><E37/><V31/><F31/><W118/><G118/><T0/><D100/><U65/><E39/><V83/><F83/><W115/><G115/><T112/><D112/><U82/><E82/><V67/><F67/><W109/><G109/><T135/><N who="0" m="50803" /><T122/><DORA hai="55" /><D122/><U47/><E51/><V126/><F126/><W124/><G124/><T40/><D0/><U69/><E69/><V24/><F24/><W94/><G94/><T84/><D84/><U80/><E80/><V18/><AGARI ba="1,0" hai="13,18,20,46,48,52,56,57,91,95,97" m="16503" machi="18" ten="30,18000,2" yaku="8,1,52,4,54,1" doraHai="14,85,55" who="2" fromWho="2" sc="224,-61,404,-61,160,183,212,-61" />
</Scene>
<Scene>
<INIT seed="6,2,0,2,2,0" ten="163,343,343,151" oya="2" hai0="76,74,4,27,33,107,10,19,35,77,63,70,9" hai1="93,95,38,29,104,129,55,128,52,37,18,40,111" hai2="66,85,5,119,20,47,73,81,115,97,1,58,30" hai3="72,120,87,17,123,2,96,59,91,126,112,51,90"/><V99/><F119/><W114/><G72/><T64/><D76/><U36/><E104/><V100/><F73/><W46/><G2/><T32/><D10/><U54/><E40/><V25/><F47/><W84/><G59/><T45/><D45/><U13/><E29/><V132/><F132/><W23/><G96/><T44/><D19/><U11/><REACH who="1" step="1"/><E111/><REACH who="1" ten="163,333,343,151" step="2"/><V83/><F30/><W67/><G126/><T102/><D107/><U88/><E88/><N who="3" m="33834" /><G123/><T135/><D102/><U43/><E43/><V103/><F103/><W124/><G120/><T105/><D105/><U98/><E98/><V109/><F99/><W118/><G124/><T127/><D135/><U133/><E133/><V61/><F109/><W134/><G134/><T60/><D127/><U8/><E8/><V68/><F97/><W15/><G118/><T57/><D9/><U31/><E31/><V92/><F100/><W106/><G106/><T26/><D33/><U48/><E48/><V89/><F89/><W116/><G116/><T22/><D35/><U21/><E21/><V6/><F20/><W94/><G94/><AGARI ba="2,1" hai="11,13,18,36,37,38,52,54,55,93,94,95,128,129" machi="94" ten="50,3200,0" yaku="1,1,54,1,53,0" doraHai="0" doraHaiUra="53" who="1" fromWho="3" sc="163,0,333,48,343,0,151,-38" />
</Scene>
<Scene>
<INIT seed="7,0,0,2,4,32" ten="163,381,343,113" oya="3" hai0="84,92,48,119,108,24,100,17,31,15,22,16,78" hai1="86,1,30,123,101,128,83,23,106,69,134,66,104" hai2="126,88,6,116,72,45,112,132,71,41,133,63,60" hai3="129,49,9,20,77,97,124,38,73,82,105,70,125"/><W62/><G38/><T135/><D108/><U113/><E1/><V14/><F116/><W8/><G129/><T26/><D119/><U28/><BYE who="2" /><E123/><V5/><F5/><W53/><G20/><N who="0" m="15815" /><D135/><UN n2="%6E%6E%6E%6E%6E%6E" /><U68/><E113/><V40/><F72/><W33/><G33/><T52/><D100/><U120/><E120/><V46/><F6/><W61/><G105/><T4/><D4/><U109/><E101/><V67/><F14/><W89/><G97/><T110/><D110/><U96/><E96/><V131/><F88/><W117/><G89/><N who="0" m="53287" /><D78/><U57/><E57/><N who="2" m="37263" /><F112/><W85/><G73/><T74/><D74/><U39/><E66/><N who="2" m="41439" /><F126/><N who="3" m="48747" /><G117/><T114/><D114/><U118/><E128/><V21/><F21/><W87/><G87/><T99/><D99/><U3/><E106/><V50/><F131/><W0/><G70/><T64/><D64/><U34/><E104/><V43/><F50/><W127/><N who="3" m="48755" /><W29/><DORA hai="95" /><G29/><N who="0" m="17559" /><D15/><U35/><E23/><V79/><F79/><W47/><G0/><T91/><D91/><U103/><E86/><V10/><F10/><AGARI ba="0,0" hai="8,9,10,47,49,53,61,62,77,82,85" m="48755" machi="10" ten="40,2000,0" yaku="18,1" doraHai="32,95" who="3" fromWho="2" sc="163,0,381,0,343,-20,113,20" />
</Scene>
<Scene>
<INIT seed="7,1,0,5,5,78" ten="163,381,323,133" oya="3" hai0="3,64,116,30,66,120,12,47,46,82,7,19,28" hai1="22,51,53,131,65,52,113,74,45,129,128,62,121" hai2="25,27,91,35,29,69,34,39,98,110,96,88,76" hai3="54,73,48,18,42,26,114,31,60,10,68,41,100"/><W38/><G73/><T1/><D120/><U118/><E121/><V107/><F39/><W14/><G114/><T72/><D116/><U102/><E118/><V83/><F69/><W105/><G38/><T16/><D72/><U123/><E123/><V97/><F110/><W17/><G17/><T63/><D7/><U101/><E113/><V108/><F107/><W49/><G105/><T55/><D82/><U126/><E126/><V56/><F56/><W67/><G100/><N who="1" m="38506" /><E22/><V57/><F57/><W125/><G125/><T112/><D112/><U13/><E13/><V122/><F122/><W92/><G92/><T32/><D63/><U24/><E24/><V21/><F108/><W85/><G85/><T11/><D55/><N who="1" m="30191" /><E74/><V36/><F36/><W37/><G37/><T86/><D86/><U90/><E90/><V87/><REACH who="2" step="1"/><F35/><REACH who="2" ten="163,381,313,133" step="2"/><W127/><G127/><T89/><D32/><U130/><E130/><V23/><F23/><W44/><G48/><T2/><D11/><U81/><E81/><V104/><F104/><W103/><G103/><T93/><D47/><U20/><E20/><AGARI ba="1,1" hai="10,14,18,20,26,31,41,42,44,49,54,60,67,68" machi="20" ten="30,1500,0" yaku="7,1" doraHai="78" who="3" fromWho="1" sc="163,0,381,-18,313,0,133,28" />
</Scene>
<Scene>
<INIT seed="7,2,0,1,3,67" ten="163,363,313,161" oya="3" hai0="97,6,73,35,132,18,20,123,91,38,59,21,8" hai1="61,82,103,30,4,106,10,5,47,13,2,24,11" hai2="70,68,120,114,80,58,133,41,17,7,112,42,76" hai3="15,66,85,99,127,14,109,62,19,101,107,83,122"/><W98/><G122/><T96/><D123/><U74/><E61/><V37/><F120/><W111/><G127/><T32/><D38/><U64/><E64/><V0/><F133/><W105/><G99/><N who="0" m="37963" /><D32/><U124/><E103/><V121/><F121/><W94/><G105/><T12/><D35/><U25/><E106/><V56/><F17/><W92/><G92/><T75/><D75/><U53/><E124/><V131/><F131/><W49/><G49/><T26/><D73/><U90/><E30/><V130/><F130/><W43/><G43/><N who="2" m="16393" /><F7/><W115/><G107/><T71/><D71/><N who="2" m="27178" /><F0/><W110/><G115/><N who="2" m="44073" /><F37/><W3/><G3/><T60/><D132/><U65/><E65/><V57/><F57/><N who="3" m="37199" /><G19/><N who="0" m="12607" /><D91/><AGARI ba="2,0" hai="14,15,83,85,91,94,98,101,109,110,111" m="37199" machi="91" ten="30,1500,0" yaku="10,1" doraHai="67" who="3" fromWho="0" sc="163,-21,363,0,313,0,161,21" />
</Scene>
<Scene>
<INIT seed="7,3,0,2,1,4" ten="142,363,313,182" oya="3" hai0="16,130,57,113,31,115,82,22,93,125,14,42,55" hai1="69,47,64,122,111,131,10,8,81,118,62,50,123" hai2="58,99,21,56,7,101,33,103,23,70,5,86,35" hai3="20,91,108,18,109,84,129,44,24,105,52,112,15"/><W68/><G68/><T83/><D130/><U100/><E111/><N who="3" m="42570" /><G105/><T41/><D31/><U132/><E131/><V37/><F70/><W134/><G129/><T67/><D67/><U39/><E132/><V11/><F86/><W40/><G134/><T133/><D133/><U85/><E39/><V135/><F135/><W116/><G116/><T102/><D125/><U49/><E100/><V9/><F99/><W6/><G112/><N who="0" m="43083" /><D93/><U38/><E38/><AGARI ba="3,0" hai="5,7,9,11,21,23,33,35,37,38,56,58,101,103" machi="38" ten="25,6400,0" yaku="22,2,52,2" doraHai="4" who="2" fromWho="1" sc="142,0,363,-73,313,73,182,0" owari="142,-36.0,290,9.0,386,49.0,182,-22.0" />
</Scene>
</mjloggm>