<mjloggm ver="2.3"><GO type="169" lobby="0"/><UN n0="%79%61%6D%69" n1="%E5%A4%AA%E3%81%8F%E3%81%AA%E3%81%84%E3%81%8A" n2="%53%69%6D%6F%6F%6E" n3="%63%68%75%62%75%37%34" dan="18,17,17,16" rate="2212.58,2161.55,2230.48,2085.33" sx="M,M,M,M"/><TAIKYOKU oya="0"/>

<Scene>
<INIT seed="0,0,0,3,2,99" ten="250,250,250,250" oya="0" hai0="50,92,26,82,53,74,63,129,0,11,118,48,45" hai1="113,125,31,105,85,34,103,126,115,27,42,25,117" hai2="46,73,112,91,20,14,30,2,9,133,32,130,59" hai3="94,61,124,122,97,111,90,21,4,107,134,70,18"/><T100/><D118/><U102/><E117/><V37/><F73/><W1/><G122/><T40/><D129/><U19/><E42/><V96/><F112/><N who="1" m="43081" /><E105/><V39/><F32/><W83/><G111/><T81/><D74/><U86/><E19/><V116/><F133/><W24/><G134/><T57/><D0/><U64/><E64/><V10/><F46/><W8/><G124/><N who="1" m="47722" /><E27/><V109/><F109/><W69/><G107/><T75/><D75/><U72/><E72/><V98/><F2/><W110/><G110/><T58/><D11/><U131/><E131/><V7/><F9/><W93/><G83/><T33/><D33/><U67/><E67/><V127/><F130/><W120/><G120/><T6/><D6/><U47/><E47/><V121/><F121/><W128/><G128/><T52/><REACH who="0" step="1"/><D26/><REACH who="0" ten="240,250,250,250" step="2"/><U101/><AGARI ba="0,1" hai="25,31,34,85,86,101,102,103" m="47722,43081" machi="101" ten="40,8000,1" yaku="11,1,18,1,52,3" doraHai="99" who="1" fromWho="1" sc="240,-40,250,90,250,-20,250,-20" />
</Scene>
<Scene>
<INIT seed="1,0,0,5,4,108" ten="200,340,230,230" oya="1" hai0="116,132,24,81,21,20,23,78,110,38,68,26,134" hai1="75,37,70,33,14,42,128,27,51,22,92,29,3" hai2="5,63,79,119,1,107,39,9,11,10,105,102,18" hai3="58,17,61,62,112,80,45,41,121,103,64,71,135"/><U126/><E75/><V90/><F119/><W49/><G121/><T86/><D68/><U104/><E104/><V99/><F39/><W93/><G135/><N who="0" m="51755" /><D116/><U19/><E70/><V52/><F105/><W89/><G112/><T36/><D110/><U4/><E126/><V96/><F79/><W115/><G115/><T111/><D111/><U31/><E37/><AGARI ba="0,0" hai="20,21,23,24,26,36,37,38,78,81,86" m="51755" machi="37" ten="40,1300,0" yaku="20,1" doraHai="108" who="0" fromWho="1" sc="200,13,340,-13,230,0,230,0" />
</Scene>
<Scene>
<INIT seed="2,0,0,4,0,106" ten="213,327,230,230" oya="2" hai0="78,73,87,16,47,50,72,80,8,112,86,127,49" hai1="97,132,32,120,124,93,55,1,23,121,29,117,39" hai2="58,96,82,36,125,114,128,15,6,99,76,134,119" hai3="105,110,14,129,100,11,108,7,70,13,62,68,126"/><V109/><F114/><W116/><G116/><T9/><D112/><U67/><E117/><V107/><F119/><W94/><G105/><T89/><D127/><U26/><E1/><V18/><F36/><W84/><G126/><T123/><D123/><N who="1" m="47179" /><E124/><V17/><F125/><W45/><G129/><T103/><D103/><U46/><E67/><V113/><F113/><W61/><G45/><T28/><D28/><U20/><E132/><V54/><F128/><W10/><G100/><T65/><D65/><U44/><E55/><V31/><F31/><W95/><G84/><T43/><D50/><U38/><E46/><V122/><F6/><AGARI ba="0,0" hai="6,7,10,11,13,14,61,62,68,70,94,95,108,110" machi="6" ten="25,1600,0" yaku="22,2" doraHai="106" who="3" fromWho="2" sc="213,0,327,0,230,-16,230,16" />
</Scene>
<Scene>
<INIT seed="3,0,0,3,2,86" ten="213,327,214,246" oya="3" hai0="121,91,28,27,72,36,108,11,9,17,99,62,55" hai1="34,83,67,64,115,102,47,41,81,44,22,74,133" hai2="6,30,3,111,84,40,52,80,57,19,66,113,135" hai3="25,117,31,56,126,0,87,50,94,77,122,88,101"/><W90/><G0/><T48/><D36/><U132/><E34/><V110/><F113/><W65/><G117/><T119/><D72/><U63/><E115/><V82/><F135/><N who="1" m="51785" /><E102/><V118/><F118/><W103/><G122/><T8/><D119/><U76/><E22/><V92/><F40/><W106/><G106/><T61/><D108/><N who="2" m="41514" /><F30/><W96/><G126/><T69/><D17/><U78/><E63/><V7/><F66/><N who="1" m="25129" /><E41/><V109/><F109/><W49/><G77/><N who="1" m="29802" /><E74/><V32/><F32/><W58/><G31/><T73/><D73/><U71/><E71/><V54/><F19/><W59/><G65/><T13/><D69/><U42/><E42/><V20/><F20/><W10/><G25/><T23/><D121/><U89/><E89/><N who="2" m="53287" /><F54/><W70/><G70/><T29/><D29/><U38/><E38/><V60/><F3/><W35/><G35/><T46/><REACH who="0" step="1"/><D13/><REACH who="0" ten="203,327,214,246" step="2"/><U5/><E5/><AGARI ba="0,1" hai="5,6,7,52,57,60,80,82" m="53287,41514" machi="5" ten="30,3900,0" yaku="14,1,52,1,54,1" doraHai="86" who="2" fromWho="1" sc="203,0,327,-39,214,49,246,0" />
</Scene>
<Scene>
<INIT seed="4,0,0,3,1,75" ten="203,288,263,246" oya="0" hai0="43,127,30,104,108,120,39,20,34,102,88,50,51" hai1="32,113,135,63,26,52,114,97,116,53,100,65,72" hai2="90,74,49,3,31,6,42,0,134,121,1,81,111" hai3="68,37,45,93,69,8,124,61,99,15,126,11,79"/><T112/><D120/><U78/><E116/><V47/><F111/><W122/><G122/><T23/><D104/><N who="1" m="63503" /><E135/><V67/><F121/><W35/><G35/><T123/><D102/><U103/><E103/><V29/><F134/><W36/><G61/><T117/><D123/><U84/><E84/><V27/><F67/><W38/><G45/><N who="0" m="23807" /><D117/><U10/><E10/><N who="3" m="3626" /><G15/><T98/><D108/><U95/><E95/><V16/><F6/><W133/><G133/><T70/><D70/><N who="1" m="42303" /><E26/><V2/><N who="2" m="0" /><DORA hai="77" /><V58/><F58/><W131/><G131/><T128/><D128/><U17/><E17/><V7/><F7/><W5/><G5/><T56/><D56/><U92/><E92/><V80/><F90/><N who="3" m="55735" /><G79/><T41/><D98/><U28/><E32/><V87/><F74/><W46/><G46/><T130/><D34/><U83/><E28/><V22/><REACH who="2" step="1"/><F87/><REACH who="2" ten="203,288,253,246" step="2"/><W132/><G132/><T110/><D110/><U21/><E72/><V101/><F101/><W64/><G64/><T129/><D129/><U73/><E73/><V96/><F96/><W13/><G68/><T109/><D130/><U119/><E119/><V40/><F40/><W76/><G69/><T62/><D109/><U18/><E53/><V91/><F91/><W118/><G76/><T86/><D88/><U24/><E52/><V85/><F85/><W105/><G118/><T4/><D86/><U106/><E106/><V60/><F60/><W48/><G105/><T33/><D62/><U14/><E78/><V125/><F125/><W54/><G124/><T9/><D41/><U66/><E66/><V19/><F19/><RYUUKYOKU ba="0,1" sc="203,-10,288,-10,253,30,246,-10" hai2="16,22,27,29,31,42,47,49,80,81" />
</Scene>
<Scene>
<INIT seed="5,1,1,4,4,65" ten="193,278,283,236" oya="1" hai0="119,78,76,81,56,24,3,44,34,82,15,17,123" hai1="12,89,67,59,72,26,128,33,97,60,19,7,75" hai2="94,6,53,113,50,107,69,80,106,83,91,93,112" hai3="57,117,0,122,88,51,48,54,47,23,43,95,109"/><U52/><E128/><V63/><F6/><W55/><G0/><T11/><D119/><U40/><E7/><V38/><F38/><W32/><G32/><T49/><D123/><U90/><E40/><V135/><F63/><W9/><G122/><T96/><D3/><U16/><E33/><V31/><F69/><W36/><G109/><T66/><D34/><U74/><E26/><V134/><F50/><W71/><G9/><T61/><D24/><U39/><E39/><V68/><F53/><W116/><G23/><T21/><D21/><U2/><E2/><V110/><F68/><W104/><G104/><N who="2" m="39977" /><F31/><W131/><G131/><T77/><REACH who="0" step="1"/><D96/><REACH who="0" ten="183,278,283,236" step="2"/><U46/><E97/><N who="2" m="57535" /><F110/><W25/><G25/><T100/><D100/><U70/><E46/><V22/><F22/><W29/><G116/><T92/><D92/><U5/><E5/><V30/><F94/><W126/><G117/><T101/><D101/><U20/><REACH who="1" step="1"/><E19/><REACH who="1" ten="183,268,283,236" step="2"/><V105/><F30/><W118/><G118/><T14/><D14/><U120/><E120/><V84/><F105/><W87/><G29/><T121/><D121/><U111/><E111/><V130/><F130/><W103/><G103/><T58/><D58/><U37/><E37/><V45/><F45/><N who="3" m="28015" /><G71/><T41/><AGARI ba="1,3" hai="11,15,17,41,44,49,56,61,66,76,77,78,81,82" machi="41" ten="30,4000,0" yaku="1,1,0,1,8,1,53,0" doraHai="65" doraHaiUra="129" who="0" fromWho="0" sc="183,73,268,-21,283,-11,236,-11" />
</Scene>
<Scene>
<INIT seed="6,0,0,3,2,12" ten="256,247,272,225" oya="2" hai0="105,132,127,119,67,99,19,123,109,49,60,106,43" hai1="2,14,0,1,41,95,89,77,103,53,7,22,118" hai2="82,30,13,125,50,66,32,116,44,114,5,117,70" hai3="47,126,18,17,92,122,121,104,36,11,6,80,16"/><V78/><F114/><W135/><G104/><T79/><D79/><U38/><E118/><V68/><F125/><W76/><G92/><T96/><D109/><U73/><E103/><V33/><F116/><W8/><G126/><T69/><D127/><U97/><E53/><V39/><F39/><W63/><G63/><T83/><D83/><U98/><E98/><V108/><F108/><W40/><G135/><T86/><D86/><U134/><E134/><V111/><F111/><W9/><REACH who="3" step="1"/><G6/><REACH who="3" ten="256,247,272,215" step="2"/><T52/><D132/><U10/><E95/><V128/><F5/><W31/><G31/><T91/><D106/><U71/><E7/><V45/><F30/><W124/><G124/><T84/><D105/><U28/><E28/><V93/><F93/><W58/><G58/><T102/><D60/><U88/><E71/><V100/><F70/><W46/><G46/><T94/><D69/><U27/><E97/><V59/><F45/><W129/><G129/><T57/><D99/><U107/><E107/><V29/><F59/><W87/><AGARI ba="0,1" hai="8,9,11,16,17,18,36,40,47,76,80,87,121,122" machi="87" ten="30,12000,2" yaku="1,1,0,1,52,3,54,1,53,0" doraHai="12" doraHaiUra="133" who="3" fromWho="3" sc="256,-30,247,-30,272,-60,215,130" />
</Scene>
<Scene>
<INIT seed="7,0,0,5,1,62" ten="226,217,212,345" oya="3" hai0="85,52,80,123,87,81,2,20,71,92,4,78,44" hai1="124,21,16,118,91,3,38,84,29,70,127,39,90" hai2="73,17,22,69,129,47,24,36,14,88,93,107,23" hai3="76,1,31,77,46,28,110,109,117,27,10,55,65"/><W41/><G55/><T66/><D123/><U94/><E70/><V122/><F107/><W111/><G65/><T64/><D71/><U102/><E3/><V131/><F69/><W45/><G45/><T56/><D44/><U120/><E120/><V135/><F122/><W112/><G112/><T35/><D35/><U51/><E29/><N who="3" m="11338" /><G27/><T61/><D92/><N who="1" m="54343" /><E102/><V7/><F73/><W96/><G96/><T13/><D2/><U83/><E51/><V34/><F34/><W42/><G117/><T99/><D99/><N who="1" m="57823" /><E83/><V97/><F135/><W74/><G74/><T68/><D68/><U6/><E6/><V26/><F7/><N who="3" m="1391" /><G42/><T9/><D20/><U121/><E118/><V105/><F23/><W128/><G128/><N who="2" m="49225" /><F105/><W103/><G103/><T75/><D75/><U63/><E121/><V116/><F116/><W57/><G57/><T101/><D101/><U106/><E106/><V98/><F97/><W67/><G67/><T49/><D49/><AGARI ba="0,0" hai="41,46,49,76,77,109,110,111" m="1391,11338" machi="49" ten="30,1500,0" yaku="10,1" doraHai="62" who="3" fromWho="0" sc="226,-15,217,0,212,0,345,15" owari="211,-29.0,217,2.0,212,-19.0,360,46.0" />
</Scene>
</mjloggm>