<mjloggm ver="2.3"><GO type="169" lobby="0"/><UN n0="%E3%81%AE%E3%81%A9%E3%81%94%E3%81%97%E3%80%88%E7%94%9F%E3%80%89" n1="%74%61%72%6F%6F" n2="%E5%A4%AA%E3%81%8F%E3%81%AA%E3%81%84%E3%81%8A" n3="%E6%A1%9C%E7%94%B0%E3%83%8F%E3%83%AB" dan="16,18,17,16" rate="2095.86,2194.92,2156.85,2151.73" sx="M,M,M,F"/><TAIKYOKU oya="0"/>

<Scene>
<INIT seed="0,0,0,0,0,22" ten="250,250,250,250" oya="0" hai0="111,97,113,67,4,135,70,112,98,108,128,55,40" hai1="43,47,99,38,44,6,117,84,50,66,77,17,10" hai2="122,127,131,41,63,115,90,57,78,101,82,69,124" hai3="61,73,114,133,110,11,80,54,81,5,64,109,42"/><T59/><D4/><U96/><E117/><V116/><F122/><W123/><G114/><N who="0" m="44139" /><D40/><U13/><E66/><V60/><F115/><W8/><G123/><T71/><D67/><U37/><E37/><V107/><F116/><W25/><G42/><T129/><D98/><N who="1" m="37419" /><E44/><V52/><F41/><W9/><G54/><T68/><D97/><U3/><E38/><V16/><F101/><W72/><G133/><T30/><D30/><U48/><E48/><V121/><F121/><W39/><G5/><T102/><D102/><U95/><E3/><V35/><F63/><W126/><G39/><T53/><D135/><U20/><E95/><V74/><F107/><W94/><G94/><T105/><D105/><U93/><E93/><V79/><F35/><W125/><G64/><T21/><D21/><U31/><E31/><V56/><F56/><W119/><G61/><N who="0" m="36079" /><D55/><U87/><E77/><V49/><F78/><W83/><G119/><T32/><D32/><U45/><E45/><V130/><F60/><W65/><G65/><T15/><D15/><U46/><E46/><V62/><F62/><W58/><G58/><T29/><D29/><U104/><E104/><V92/><F69/><N who="0" m="17666" /><T103/><DORA hai="36" /><D103/><U14/><AGARI ba="0,0" hai="6,10,13,14,17,20,43,47,50,84,87" m="37419" machi="14" ten="30,2000,0" yaku="8,1,52,1" doraHai="22,36" who="1" fromWho="1" sc="250,-10,250,20,250,-5,250,-5" />
</Scene>
<Scene>
<INIT seed="1,0,0,3,0,54" ten="240,270,245,245" oya="1" hai0="50,94,111,46,79,121,19,88,127,71,99,123,30" hai1="122,117,28,135,63,56,133,10,24,18,61,125,9" hai2="100,102,41,39,118,0,44,7,109,22,23,84,64" hai3="104,105,89,37,20,51,47,59,38,68,108,92,4"/><U72/><E72/><V8/><F118/><W62/><G108/><T129/><D71/><U75/><E75/><V73/><F109/><W52/><G4/><T66/><D111/><U70/><E117/><V78/><F84/><W48/><G20/><N who="2" m="7721" /><F64/><W26/><G26/><T82/><D19/><U65/><E122/><N who="0" m="46601" /><D66/><N who="1" m="39207" /><E18/><V87/><F87/><W58/><G68/><T14/><D14/><U6/><E6/><V31/><F31/><W90/><G105/><T97/><D30/><U134/><E125/><V5/><F5/><W60/><G104/><T112/><D112/><U42/><E42/><V86/><F86/><W40/><G51/><T25/><D25/><U43/><E43/><V53/><F53/><W81/><G81/><AGARI ba="0,0" hai="0,7,8,39,41,44,73,78,81,100,102" m="7721" machi="81" ten="30,1000,0" yaku="25,1" doraHai="54" who="2" fromWho="3" sc="240,0,270,0,245,10,245,-10" />
</Scene>
<Scene>
<INIT seed="2,0,0,4,5,92" ten="240,270,255,235" oya="2" hai0="23,33,5,128,8,91,132,54,74,89,62,88,32" hai1="6,26,18,31,72,102,76,4,103,48,96,34,28" hai2="37,49,24,11,27,109,78,45,39,71,95,108,124" hai3="53,57,115,125,14,44,82,17,122,65,81,77,19"/><V98/><F71/><W13/><G122/><T9/><D74/><U106/><E31/><V90/><F78/><W60/><G125/><T80/><D128/><U123/><E123/><V112/><F112/><W126/><G126/><T86/><D132/><U40/><E102/><V3/><F124/><W58/><G44/><T94/><D23/><U52/><E40/><N who="2" m="24743" /><F3/><W12/><G115/><T99/><D89/><U38/><E38/><N who="2" m="14347" /><F11/><W59/><G77/><T16/><D54/><U61/><E61/><V119/><F119/><W130/><G130/><T131/><D62/><U117/><E117/><V116/><F116/><W104/><G104/><T43/><D43/><U85/><E72/><V51/><F51/><N who="3" m="30911" /><G58/><T64/><D64/><U107/><E107/><V105/><F105/><W67/><G67/><T133/><D131/><U101/><E101/><V111/><AGARI ba="0,0" hai="24,27,90,95,98,108,109,111" m="14347,24743" machi="111" ten="40,7800,0" yaku="14,1,10,1,52,1" doraHai="92" who="2" fromWho="2" sc="240,-26,270,-26,255,78,235,-26" />
</Scene>
<Scene>
<INIT seed="2,1,0,0,0,75" ten="214,244,333,209" oya="2" hai0="122,118,77,3,108,99,25,17,4,24,2,0,48" hai1="107,70,63,119,53,40,59,50,62,104,80,126,111" hai2="131,14,79,98,30,56,81,35,52,51,129,109,83" hai3="74,92,57,73,55,133,44,117,68,132,39,97,21"/><V16/><F109/><W76/><G117/><T93/><D118/><U69/><E119/><V60/><F98/><W125/><G68/><N who="1" m="26218" /><E80/><V37/><F37/><W100/><G125/><T123/><D108/><U103/><E103/><V82/><F30/><W78/><G21/><T38/><D38/><U105/><E111/><V20/><F35/><W134/><G73/><T112/><D112/><U49/><E105/><V54/><REACH who="2" step="1"/><F79/><REACH who="2" ten="214,244,323,209" step="2"/><N who="3" m="30251" /><G74/><T1/><D77/><U89/><E107/><V13/><F13/><W7/><G39/><T85/><D2/><U90/><E104/><V66/><F66/><W11/><G44/><AGARI ba="1,1" hai="14,16,20,44,51,52,54,56,60,81,82,83,129,131" machi="44" ten="40,7700,0" yaku="1,1,54,2,53,0" doraHai="75" doraHaiUra="91" who="2" fromWho="3" sc="214,0,244,0,323,90,209,-80" />
</Scene>
<Scene>
<INIT seed="2,2,0,2,4,101" ten="214,244,413,129" oya="2" hai0="130,56,113,5,126,11,133,82,92,19,132,42,52" hai1="74,1,100,65,70,64,105,62,95,63,135,23,118" hai2="0,83,27,120,15,115,14,3,38,6,134,97,18" hai3="79,55,108,41,73,10,59,128,37,26,68,99,77"/><V8/><F38/><W76/><G128/><T30/><D113/><U25/><E118/><V87/><F115/><W72/><G108/><T86/><D42/><U17/><E74/><V61/><F120/><W119/><G119/><T47/><D30/><U114/><E1/><V96/><F134/><N who="0" m="51818" /><D92/><U44/><E135/><V116/><F116/><W46/><G26/><T112/><D112/><U48/><E95/><V117/><F117/><W2/><G99/><T89/><D130/><U45/><E114/><V106/><F27/><W124/><G124/><T39/><D39/><U90/><E90/><V29/><F29/><W13/><G68/><T32/><D32/><U111/><E111/><V81/><F61/><W24/><G24/><T49/><D126/><U121/><E121/><V110/><F110/><W71/><G71/><T98/><D98/><U103/><E105/><V94/><F106/><W78/><G2/><N who="0" m="439" /><D19/><U40/><REACH who="1" step="1"/><E45/><AGARI ba="2,0" hai="45,47,49,52,56,82,86,89" m="439,51818" machi="45" ten="30,2000,0" yaku="20,1,54,1" doraHai="101" who="0" fromWho="1" sc="214,26,244,-26,413,0,129,0" />
</Scene>
<Scene>
<INIT seed="3,0,0,2,0,87" ten="240,218,413,129" oya="3" hai0="11,89,16,21,50,44,20,3,123,49,66,24,34" hai1="117,70,23,2,65,84,107,100,62,22,88,91,127" hai2="0,30,39,104,97,74,48,15,131,72,95,80,4" hai3="33,55,105,57,41,9,121,69,81,109,122,92,99"/><W51/><G105/><T73/><D73/><U63/><E2/><V86/><F39/><W1/><G33/><T60/><D123/><U111/><E111/><V77/><F0/><W90/><G69/><T79/><D79/><U40/><E127/><V42/><F30/><W124/><G124/><T94/><D34/><U54/><E40/><V61/><F131/><W115/><G115/><T28/><D11/><U108/><E108/><V68/><F104/><W26/><G109/><T101/><D44/><U29/><E29/><V8/><F68/><W36/><G26/><T102/><D102/><U76/><E76/><V47/><F61/><W59/><G59/><N who="0" m="37151" /><D101/><AGARI ba="0,0" hai="4,8,15,42,47,48,72,74,77,80,86,95,97,101" machi="101" ten="30,3900,0" yaku="7,1,25,2" doraHai="87" who="2" fromWho="0" sc="240,-39,218,0,413,39,129,0" />
</Scene>
<Scene>
<INIT seed="4,0,0,1,4,131" ten="201,218,452,129" oya="0" hai0="75,20,72,42,1,123,100,53,121,84,120,67,134" hai1="122,7,59,70,57,25,28,111,94,83,115,93,40" hai2="33,64,95,62,108,117,50,4,34,96,49,18,39" hai3="116,73,61,90,97,119,15,76,54,125,118,12,128"/><T74/><D1/><U27/><E70/><V89/><F39/><W55/><G128/><T9/><D9/><U21/><E111/><V30/><F108/><W66/><G125/><T29/><D42/><U98/><E122/><V81/><F117/><W0/><G0/><T16/><D29/><U17/><E7/><V114/><F4/><W101/><G90/><T69/><D100/><U65/><E40/><V63/><F114/><W127/><G127/><T58/><D84/><U22/><E115/><V104/><F81/><W102/><G76/><T77/><D67/><U10/><E10/><V79/><F79/><W86/><G86/><T105/><D105/><U11/><E11/><V51/><F104/><W37/><G37/><T31/><D31/><U60/><E83/><V80/><F80/><W109/><G73/><T78/><D69/><U19/><E28/><V6/><F6/><W85/><G85/><T132/><D78/><U32/><E32/><V113/><F113/><W106/><G109/><T52/><D77/><U44/><E44/><V8/><F30/><W133/><G102/><T91/><D91/><U26/><E26/><V3/><F3/><W45/><G133/><N who="0" m="51307" /><D58/><N who="1" m="37015" /><E94/><V87/><F64/><W92/><G106/><T13/><AGARI ba="0,0" hai="13,16,20,52,53,72,74,75,120,121,123" m="51307" machi="13" ten="50,18000,2" yaku="20,1,52,3,54,2" doraHai="131" who="0" fromWho="0" sc="201,180,218,-60,452,-60,129,-60" />
</Scene>
<Scene>
<INIT seed="4,1,0,4,3,88" ten="381,158,392,69" oya="0" hai0="62,33,19,2,100,10,128,135,67,40,73,58,112" hai1="12,115,66,16,3,9,1,124,34,109,131,127,117" hai2="43,118,30,39,107,44,60,65,75,70,22,91,11" hai3="99,35,86,104,23,46,8,93,94,97,82,25,96"/><T125/><D73/><U83/><E117/><V95/><F107/><W78/><G35/><T5/><D33/><U38/><E38/><V42/><F75/><W87/><G104/><T54/><D112/><U110/><E66/><V7/><F118/><W108/><G108/><N who="1" m="41578" /><E83/><V79/><F79/><W113/><G113/><T134/><D40/><U80/><E80/><V77/><F77/><W105/><G105/><T120/><D120/><U103/><E103/><V85/><F43/><W111/><G111/><T27/><D100/><U24/><E115/><V63/><F63/><W114/><G114/><T56/><D125/><N who="1" m="48203" /><E131/><V47/><F42/><W74/><G46/><T49/><D128/><U53/><E53/><V21/><F39/><W116/><G116/><T68/><D68/><U92/><E92/><N who="3" m="35434" /><G74/><T51/><D51/><U26/><E34/><V121/><F44/><W101/><G86/><T41/><D41/><U48/><E48/><V17/><F47/><W133/><G133/><T14/><D2/><AGARI ba="1,0" hai="1,2,3,9,12,16,24,26" m="48203,41578" machi="2" ten="40,8000,1" yaku="18,1,34,2,54,1" doraHai="88" who="1" fromWho="0" sc="381,-83,158,83,392,0,69,0" />
</Scene>
<Scene>
<INIT seed="5,0,0,5,5,30" ten="298,241,392,69" oya="1" hai0="69,55,49,44,97,127,3,8,60,117,24,27,19" hai1="110,26,116,53,68,118,134,93,130,43,13,78,23" hai2="37,39,100,107,36,14,86,95,46,63,0,88,126" hai3="47,72,66,103,115,104,111,90,98,17,65,94,38"/><U73/><E68/><V83/><F0/><W34/><G111/><T121/><D117/><U80/><E110/><V33/><F126/><W129/><G72/><T70/><D70/><U75/><E75/><V114/><F33/><W12/><G129/><T108/><D121/><U1/><E1/><V4/><F114/><W42/><G115/><T105/><D127/><U57/><E130/><V59/><F107/><W109/><G109/><T9/><D9/><U125/><E134/><V58/><F46/><W41/><G41/><T77/><D77/><U15/><E43/><V79/><F100/><W106/><G104/><T31/><D8/><U131/><E131/><V74/><F4/><W123/><G123/><T21/><D3/><U87/><E125/><V28/><F28/><W99/><REACH who="3" step="1"/><G34/><REACH who="3" ten="298,241,392,59" step="2"/><T16/><D108/><U101/><E118/><V18/><F74/><W51/><G51/><T84/><D49/><N who="1" m="30895" /><E116/><V7/><F39/><W11/><AGARI ba="0,1" hai="11,12,17,38,42,47,65,66,90,94,98,99,103,106" machi="11" ten="20,2700,0" yaku="1,1,0,1,7,1,53,0" doraHai="30" doraHaiUra="132" who="3" fromWho="3" sc="298,-7,241,-13,392,-7,59,37" />
</Scene>
<Scene>
<INIT seed="6,0,0,0,2,91" ten="291,228,385,96" oya="2" hai0="124,5,128,93,15,108,0,42,11,105,85,63,14" hai1="129,46,78,34,112,35,26,56,89,111,95,97,29" hai2="61,36,45,71,21,39,32,79,83,59,8,37,123" hai3="135,103,96,73,55,12,43,3,110,62,113,16,54"/><V72/><F32/><W18/><G110/><T64/><D105/><U117/><E112/><V109/><F123/><W66/><G73/><T80/><D42/><U86/><E129/><V90/><F109/><W130/><G130/><T127/><D108/><U67/><E117/><V76/><F76/><W23/><G3/><T122/><D122/><U99/><E111/><V132/><F71/><W7/><G135/><T6/><D6/><U94/><E46/><V104/><F104/><W27/><G7/><T88/><D128/><U87/><E78/><V51/><F132/><W9/><G43/><T126/><REACH who="0" step="1"/><D80/><REACH who="0" ten="281,228,385,96" step="2"/><U92/><E35/><V28/><F83/><W4/><G4/><T115/><D115/><U102/><REACH who="1" step="1"/><E94/><REACH who="1" ten="281,218,385,96" step="2"/><V22/><F37/><W98/><G113/><T70/><AGARI ba="0,2" hai="0,5,11,14,15,63,64,70,85,88,93,124,126,127" machi="70" ten="30,8000,1" yaku="1,1,0,1,18,1,52,1,54,1,53,0" doraHai="91" doraHaiUra="50" who="0" fromWho="0" sc="281,100,218,-20,385,-40,96,-20" />
</Scene>
<Scene>
<INIT seed="7,0,0,0,3,56" ten="381,198,345,76" oya="3" hai0="14,131,92,77,75,64,57,134,63,103,81,55,6" hai1="43,19,35,44,11,7,102,69,126,52,112,95,34" hai2="115,61,65,127,49,30,79,21,114,133,25,108,36" hai3="89,100,105,91,85,72,40,28,3,117,15,73,90"/><W18/><G117/><T47/><D134/><U41/><E69/><V82/><F36/><W111/><G3/><T9/><D131/><U84/><E112/><N who="2" m="43051" /><F108/><W93/><G111/><T16/><D75/><U96/><E126/><V124/><F49/><W116/><G116/><T58/><D77/><U107/><E19/><V60/><F133/><W0/><G0/><T8/><D81/><U71/><E71/><V67/><F67/><W83/><G40/><T130/><D130/><U13/><E52/><V132/><F132/><W2/><G2/><T62/><D47/><U106/><E84/><N who="2" m="48223" /><F65/><W99/><G28/><T104/><D104/><U38/><E13/><V123/><F123/><W80/><G80/><T17/><D9/><U48/><E96/><AGARI ba="0,0" hai="6,8,14,16,17,55,57,58,62,63,64,92,96,103" machi="96" ten="40,8000,1" yaku="8,1,52,2,54,1" doraHai="56" who="0" fromWho="1" sc="381,80,198,-80,345,0,76,0" owari="461,55.0,118,-28.0,345,15.0,76,-42.0" />
</Scene>
</mjloggm>