<mjloggm ver="2.3"><GO type="169" lobby="0"/><UN n0="%E3%83%8B%E3%83%A3%E3%83%83%E3%83%94%E3%83%BC%E5%A4%8F%E7%9B%AE" n1="%6B%6C%62%73%74%38%38" n2="%E5%A4%AA%E3%81%8F%E3%81%AA%E3%81%84%E3%81%8A" n3="%E9%81%8A%E8%B5%B0" dan="19,17,18,16" rate="2238.70,2242.63,2266.24,2197.02" sx="M,M,F,M"/><TAIKYOKU oya="0"/>

<Scene>
<INIT seed="0,0,0,2,1,102" ten="250,250,250,250" oya="0" hai0="2,51,70,48,113,44,112,46,78,6,107,27,123" hai1="53,126,36,9,62,108,31,59,1,133,52,10,72" hai2="88,14,42,29,58,101,19,18,90,38,81,109,124" hai3="131,50,89,37,22,47,93,15,35,20,57,84,64"/><T79/><D6/><U98/><E72/><V23/><F109/><W121/><G121/><T12/><D2/><U105/><E108/><V32/><F124/><W104/><G35/><T60/><D12/><U120/><E126/><V83/><F101/><W54/><G131/><T92/><D27/><U128/><E128/><V7/><F7/><W5/><G104/><T30/><D30/><U135/><E36/><V28/><F32/><W39/><G39/><T122/><D92/><U91/><E91/><V77/><F38/><W11/><REACH who="3" step="1"/><G64/><REACH who="3" ten="250,250,250,240" step="2"/><T41/><D107/><U111/><E120/><V33/><F33/><W114/><G114/><T129/><D129/><U68/><E111/><V94/><F94/><W96/><G96/><T118/><D113/><U49/><E98/><V71/><F81/><W43/><AGARI ba="0,1" hai="5,11,15,20,22,37,43,47,50,54,57,84,89,93" machi="43" ten="30,2000,0" yaku="1,1,0,1,53,0" doraHai="102" doraHaiUra="134" who="3" fromWho="3" sc="250,-10,250,-5,250,-5,240,30" />
</Scene>
<Scene>
<INIT seed="1,0,0,2,5,94" ten="240,245,245,270" oya="1" hai0="33,87,128,32,64,100,82,49,132,56,2,48,80" hai1="99,21,26,7,4,43,73,17,25,117,72,15,37" hai2="71,65,133,52,3,119,126,61,123,104,98,38,130" hai3="35,11,62,41,29,44,110,58,27,60,45,105,115"/><U50/><E37/><V102/><RYUUKYOKU type="yao9" ba="0,0" sc="240,0,245,0,245,0,270,0" hai2="3,38,52,61,65,71,98,102,104,119,123,126,130,133" />
</Scene>
<Scene>
<INIT seed="1,1,0,2,0,109" ten="240,245,245,270" oya="1" hai0="94,111,16,101,25,80,43,7,125,0,28,134,46" hai1="66,20,118,123,47,113,18,132,121,55,2,77,89" hai2="1,129,98,100,79,13,72,126,39,120,57,119,114" hai3="103,63,31,54,22,127,51,34,64,131,59,4,53"/><U61/><E2/><V91/><F57/><W81/><G131/><T10/><D111/><U133/><E77/><V3/><F13/><W70/><G127/><T75/><D125/><U102/><E102/><V69/><F91/><W29/><G34/><T76/><D134/><N who="1" m="51819" /><E89/><V58/><F58/><W19/><G103/><T37/><D101/><U30/><E30/><V115/><F39/><W48/><G4/><T32/><D94/><U104/><E104/><V88/><F69/><W60/><G81/><T93/><D93/><U83/><E83/><N who="2" m="45543" /><F126/><W24/><G63/><T99/><REACH who="0" step="1"/><D16/><REACH who="0" ten="230,245,245,270" step="2"/><U87/><E18/><V12/><F129/><W17/><G17/><T122/><D122/><U45/><E123/><V9/><F120/><W117/><G117/><T62/><D62/><U23/><E118/><V15/><F119/><W85/><G19/><T26/><D26/><U124/><E124/><V110/><F110/><W56/><G29/><T14/><D14/><N who="2" m="5162" /><F9/><W11/><G11/><T86/><D86/><AGARI ba="1,1" hai="22,24,31,48,51,53,54,56,59,60,64,70,85,86" machi="86" ten="40,1300,0" yaku="9,1" doraHai="109" who="3" fromWho="0" sc="230,-16,245,0,245,0,270,26" />
</Scene>
<Scene>
<INIT seed="2,0,0,4,0,25" ten="214,245,245,296" oya="2" hai0="12,13,75,114,45,121,78,42,24,90,27,46,43" hai1="80,125,84,127,53,34,37,106,0,86,55,119,22" hai2="102,1,103,126,115,81,91,67,135,76,92,17,64" hai3="69,38,47,131,109,116,60,133,3,61,50,57,68"/><V74/><F115/><W108/><G3/><T129/><D114/><U83/><E34/><V93/><F1/><W36/><G116/><T130/><D78/><U111/><E0/><V8/><F126/><W117/><G117/><T66/><D66/><U39/><E119/><V20/><F135/><W62/><G133/><T52/><D75/><U94/><E22/><V113/><F113/><W44/><G131/><T31/><D90/><U98/><E98/><V118/><F8/><W100/><G100/><T59/><D59/><U71/><E94/><V128/><F118/><W7/><G7/><T122/><REACH who="0" step="1"/><D52/><REACH who="0" ten="204,245,245,296" step="2"/><U30/><E71/><N who="3" m="27210" /><G109/><T124/><D124/><U48/><E111/><V89/><F64/><W70/><G108/><T35/><D35/><U16/><E127/><V107/><F67/><N who="3" m="41335" /><G44/><T28/><AGARI ba="0,1" hai="12,13,24,27,28,31,42,43,45,46,121,122,129,130" machi="28" ten="25,12000,2" yaku="1,1,0,1,22,2,52,2,53,0" doraHai="25" doraHaiUra="77" who="0" fromWho="0" sc="204,130,245,-30,245,-60,296,-30" />
</Scene>
<Scene>
<INIT seed="3,0,0,1,5,25" ten="334,215,185,266" oya="3" hai0="56,11,87,76,126,101,107,41,40,91,69,129,5" hai1="78,124,44,65,81,14,128,63,117,92,31,39,48" hai2="114,106,38,121,20,47,127,13,111,46,15,70,105" hai3="10,83,29,84,7,35,12,9,75,32,82,42,118"/><W109/><G118/><T18/><D69/><U68/><E117/><V36/><F70/><W8/><G109/><T135/><D135/><U102/><E128/><V59/><F111/><W49/><G75/><T88/><D129/><U66/><E66/><V37/><F114/><W64/><G64/><T130/><D130/><U17/><E39/><V60/><F127/><W54/><G83/><T103/><D126/><U108/><E108/><V119/><F119/><W1/><G42/><T33/><D33/><U2/><E2/><V100/><F121/><W61/><G61/><T4/><D107/><U73/><E124/><V95/><F95/><W27/><G35/><T52/><D76/><U97/><E31/><V34/><F34/><W132/><G1/><T77/><D77/><U43/><E17/><V0/><F0/><W55/><G55/><T116/><D116/><U99/><E14/><V16/><F13/><W134/><G132/><T120/><D120/><U19/><E19/><V115/><F115/><W98/><G98/><T122/><D18/><U3/><E97/><V53/><REACH who="2" step="1"/><F100/><REACH who="2" ten="334,215,175,266" step="2"/><W30/><G134/><T23/><D122/><U24/><E3/><V85/><F85/><W80/><G84/><T104/><D87/><U28/><E92/><V58/><F58/><N who="3" m="33103" /><G82/><T67/><D56/><U50/><E102/><V110/><F110/><W71/><G80/><T62/><D103/><U74/><E74/><V89/><F89/><W45/><G71/><T22/><D101/><U112/><E99/><V123/><F123/><W90/><G90/><T131/><D91/><U96/><E96/><RYUUKYOKU ba="0,1" sc="334,-10,215,-10,175,30,266,-10" hai2="15,16,20,36,37,38,46,47,53,59,60,105,106" />
</Scene>
<Scene>
<INIT seed="4,1,1,1,1,58" ten="324,205,205,256" oya="0" hai0="46,21,87,28,128,44,70,29,89,16,66,15,92" hai1="134,37,18,41,63,30,83,78,94,75,85,9,51" hai2="101,12,98,103,72,60,93,13,27,61,23,81,84" hai3="86,88,122,129,67,120,126,64,53,57,68,131,100"/><T124/><D124/><U49/><E134/><V77/><F101/><W76/><G76/><T35/><D128/><N who="3" m="49225" /><G100/><T32/><D32/><U127/><E127/><V55/><F72/><W39/><G39/><T38/><D35/><U33/><E37/><V123/><F123/><N who="3" m="47147" /><G68/><T59/><D70/><U1/><E41/><V69/><F69/><W108/><G126/><T135/><D135/><U119/><E119/><V80/><F80/><N who="3" m="49223" /><G108/><T82/><D38/><U50/><E78/><V20/><F55/><W96/><G96/><T73/><D73/><U47/><E75/><V105/><F105/><W113/><G113/><T26/><D82/><U4/><E83/><V31/><F23/><W3/><G3/><T110/><D110/><U74/><E74/><V99/><REACH who="2" step="1"/><F98/><REACH who="2" ten="324,205,195,256" step="2"/><W117/><G117/><T71/><D71/><U22/><E22/><V40/><F40/><W8/><G8/><T0/><D21/><U25/><E9/><V45/><F45/><W11/><G11/><T107/><D46/><U132/><E47/><V118/><F118/><W133/><G133/><T95/><D44/><U34/><E132/><V65/><F65/><W14/><G53/><T24/><D107/><U102/><E102/><V17/><F17/><W10/><G57/><T97/><D59/><U6/><E18/><AGARI ba="1,2" hai="10,14,18,64,67" m="49223,47147,49225" machi="18" ten="30,3900,0" yaku="19,1,13,1,54,1" doraHai="58" who="3" fromWho="1" sc="324,0,205,-42,195,0,256,62" />
</Scene>
<Scene>
<INIT seed="5,0,0,0,4,84" ten="324,163,195,318" oya="1" hai0="134,133,50,114,38,101,54,88,120,40,52,76,102" hai1="104,30,71,37,81,61,83,57,8,94,69,51,67" hai2="79,131,92,4,65,73,24,93,68,126,119,97,75" hai3="64,21,36,87,111,20,103,7,22,95,70,96,82"/><U98/><E104/><V115/><F119/><W1/><G36/><T110/><D110/><U41/><E30/><V108/><F108/><W34/><G34/><T55/><D76/><U35/><E35/><V121/><F121/><W90/><G111/><T117/><D117/><U29/><E29/><V123/><F123/><W91/><G70/><T113/><D120/><U26/><E26/><V6/><F24/><W130/><G130/><T9/><D38/><U74/><E8/><V107/><F107/><W47/><G64/><T18/><D40/><U48/><E48/><V11/><F131/><W19/><G47/><T45/><D50/><U3/><E3/><V27/><F27/><W31/><G31/><T122/><D45/><N who="1" m="23727" /><E71/><V25/><F25/><N who="3" m="14495" /><G7/><T46/><D46/><U63/><E63/><V99/><F11/><W86/><G1/><T43/><D43/><U77/><E77/><V125/><F79/><W14/><G14/><N who="0" m="7503" /><D122/><U78/><E78/><V56/><F68/><W23/><G21/><T17/><D17/><U116/><E74/><V62/><F62/><W89/><G103/><T124/><D102/><N who="1" m="60759" /><E116/><V129/><F129/><W135/><G135/><T72/><D101/><U59/><E59/><V105/><F56/><W118/><G118/><T58/><D72/><U10/><E10/><V127/><F127/><W60/><G60/><T28/><D124/><U80/><E69/><V85/><F105/><W13/><G13/><T2/><D28/><U49/><E49/><V132/><F132/><N who="0" m="50794" /><D2/><U112/><E51/><V12/><F126/><W33/><G33/><T15/><D58/><RYUUKYOKU ba="0,0" sc="324,-15,163,15,195,-15,318,15" hai1="57,61,67,80,81,83,112" hai3="22,23,82,86,87,89,90,91,95,96" />
</Scene>
<Scene>
<INIT seed="5,1,0,4,5,55" ten="309,178,180,333" oya="1" hai0="135,11,101,60,75,114,66,130,21,54,29,106,5" hai1="38,26,20,25,39,31,9,109,127,53,35,71,12" hai2="0,108,14,123,126,76,119,28,95,91,44,65,92" hai3="80,46,100,104,115,33,87,15,34,89,70,72,88"/><U117/><E117/><V48/><F0/><W85/><G115/><T83/><D114/><U36/><E71/><V96/><F108/><W32/><G70/><T52/><D135/><U51/><E109/><V133/><F119/><W116/><G116/><T22/><D130/><U134/><E134/><V64/><F133/><W7/><G72/><T78/><D106/><U17/><E127/><V93/><F126/><W45/><G104/><T6/><D101/><U129/><E129/><V73/><F123/><W122/><G100/><T23/><D29/><U47/><REACH who="1" step="1"/><E36/><REACH who="1" ten="309,168,180,333" step="2"/><V68/><F68/><W40/><G122/><T99/><D5/><AGARI ba="1,1" hai="5,9,12,17,20,25,26,31,35,38,39,47,51,53" machi="5" ten="30,5800,0" yaku="1,1,2,1,7,1,53,0" doraHai="55" doraHaiUra="84" who="1" fromWho="0" sc="309,-61,168,71,180,0,333,0" />
</Scene>
<Scene>
<INIT seed="5,2,0,4,4,18" ten="248,239,180,333" oya="1" hai0="7,26,12,60,71,55,44,22,51,17,52,41,131" hai1="89,19,78,32,37,114,33,97,101,83,57,24,6" hai2="94,96,5,111,126,54,2,127,23,135,121,92,42" hai3="95,90,110,124,109,93,82,49,50,79,77,36,47"/><U91/><E37/><V39/><F111/><W64/><G124/><T30/><D131/><U76/><E6/><V74/><F121/><W13/><G36/><T80/><D7/><U134/><E114/><V72/><F54/><W98/><G64/><T21/><D71/><U56/><E134/><V15/><F2/><W45/><G13/><T67/><D67/><U88/><E33/><V34/><F34/><W81/><G90/><T28/><D60/><U87/><E76/><V75/><F135/><W38/><G38/><T29/><D80/><U31/><REACH who="1" step="1"/><E19/><AGARI ba="2,0" hai="12,17,19,21,22,26,28,29,30,41,44,51,52,55" machi="19" ten="40,8000,1" yaku="8,1,52,2,54,1" doraHai="18" who="0" fromWho="1" sc="248,86,239,-86,180,0,333,0" />
</Scene>
<Scene>
<INIT seed="6,0,0,2,2,58" ten="334,153,180,333" oya="2" hai0="43,51,119,97,78,46,35,27,59,32,103,135,90" hai1="128,39,81,44,55,112,100,56,113,125,120,37,12" hai2="127,109,17,50,86,9,40,34,57,134,69,121,1" hai3="36,104,49,11,67,122,70,94,131,108,20,133,116"/><V130/><F121/><W30/><G122/><T16/><D135/><U3/><E3/><V98/><F69/><W123/><G104/><T85/><D119/><U124/><E120/><V31/><F134/><W89/><G123/><T28/><D78/><U80/><E100/><V42/><F127/><N who="1" m="48713" /><E12/><N who="2" m="7311" /><F34/><W63/><G36/><N who="1" m="13898" /><E44/><V26/><F1/><W13/><G133/><T21/><D35/><U84/><E84/><V53/><F130/><W76/><G131/><T91/><D85/><U54/><E128/><V62/><F109/><W110/><G116/><T5/><D5/><U132/><E132/><V47/><F98/><W61/><G76/><T82/><D82/><N who="1" m="31851" /><E56/><V102/><F102/><W15/><G110/><T114/><D59/><U83/><N who="1" m="31859" /><U24/><DORA hai="29" /><E24/><V65/><F86/><W92/><G108/><T33/><D33/><U129/><E129/><V38/><F38/><W99/><G70/><T2/><D2/><U79/><E79/><V107/><F107/><W52/><G99/><T117/><D97/><U0/><E0/><V66/><F42/><W93/><G13/><T106/><D43/><U87/><E87/><V10/><F10/><W75/><G11/><T105/><D103/><U60/><E60/><V88/><F88/><W19/><G89/><T14/><D91/><U23/><E23/><N who="2" m="15839" /><F40/><W73/><G63/><T126/><D90/><U115/><AGARI ba="0,0" hai="54,55,112,113,115" m="31859,13898,48713" machi="115" ten="50,8000,1" yaku="28,2,15,1,18,1" doraHai="58,29" who="1" fromWho="1" sc="334,-20,153,80,180,-40,333,-20" />
</Scene>
<Scene>
<INIT seed="7,0,0,0,4,106" ten="314,233,140,313" oya="3" hai0="89,20,118,101,12,57,19,81,74,123,98,93,102" hai1="105,17,54,116,34,27,65,63,3,82,30,47,103" hai2="52,90,119,129,18,125,79,91,124,133,6,95,58" hai3="69,42,126,2,122,77,14,70,44,15,128,134,50"/><W29/><G122/><T108/><D118/><U16/><E116/><V87/><F119/><W135/><G2/><T37/><D108/><U130/><E3/><V21/><F129/><W111/><G128/><T100/><D37/><U51/><E130/><V43/><F133/><N who="3" m="50699" /><G126/><T31/><D123/><U99/><REACH who="1" step="1"/><E82/><REACH who="1" ten="314,223,140,313" step="2"/><V45/><F6/><W55/><G111/><T67/><D81/><U117/><E117/><V41/><F79/><W22/><G77/><T61/><D74/><U109/><E109/><V46/><F90/><W113/><G113/><T62/><D62/><U38/><E38/><V73/><F73/><W5/><G5/><T53/><D31/><U104/><E104/><V28/><F28/><W49/><G29/><T24/><D12/><N who="3" m="4649" /><G22/><T1/><D1/><U68/><AGARI ba="0,1" hai="16,17,27,30,34,47,51,54,63,65,68,99,103,105" machi="68" ten="20,12000,2" yaku="1,1,0,1,7,1,25,2,54,1,53,0" doraHai="106" doraHaiUra="36" who="1" fromWho="1" sc="314,-30,223,130,140,-30,313,-60" owari="284,8.0,353,46.0,110,-39.0,253,-15.0" />
</Scene>
</mjloggm>