<mjloggm ver="2.3"><GO type="169" lobby="0"/><UN n0="%E3%81%A8%E3%82%8C%E3%82%82%E3%82%8D" n1="%79%6F%73%68%69%67%69" n2="%E5%A4%AA%E3%81%8F%E3%81%AA%E3%81%84%E3%81%8A" n3="%44%65%74%63%68%27" dan="17,16,18,16" rate="2194.46,2033.97,2240.28,2103.50" sx="M,M,M,M"/><TAIKYOKU oya="0"/>

<Scene>
<INIT seed="0,0,0,1,3,19" ten="250,250,250,250" oya="0" hai0="38,80,47,5,94,40,129,18,68,99,35,87,2" hai1="113,70,73,12,26,71,81,72,30,49,53,79,45" hai2="36,42,34,23,112,33,44,109,64,52,76,17,120" hai3="130,55,104,60,50,127,96,8,59,11,121,89,39"/><T102/><D129/><U128/><E128/><V22/><F120/><W101/><G127/><T63/><D35/><U16/><E73/><V6/><F112/><W133/><G133/><T21/><D5/><U4/><E4/><V118/><F64/><W117/><G117/><T103/><D2/><U107/><E107/><V74/><F118/><W111/><G111/><T91/><D63/><U122/><E113/><V106/><F106/><W14/><G39/><T41/><D41/><U123/><E123/><V105/><F105/><W95/><G130/><T134/><D68/><U57/><E45/><V32/><F109/><W31/><G31/><T24/><REACH who="0" step="1"/><D134/><REACH who="0" ten="240,250,250,250" step="2"/><U125/><E122/><V115/><F115/><W65/><G121/><T88/><AGARI ba="0,1" hai="18,21,24,38,40,47,80,87,88,91,94,99,102,103" machi="88" ten="20,18000,2" yaku="1,1,2,1,0,1,7,1,52,1,54,1,53,0" doraHai="19" doraHaiUra="3" who="0" fromWho="0" sc="240,190,250,-60,250,-60,250,-60" />
</Scene>
<Scene>
<INIT seed="0,1,0,1,4,12" ten="430,190,190,190" oya="0" hai0="11,60,72,89,7,51,45,124,96,103,107,93,62" hai1="90,105,128,69,46,135,20,92,127,129,58,78,28" hai2="44,61,66,27,79,112,8,87,38,91,110,29,125" hai3="34,94,70,122,10,119,24,71,120,32,83,109,81"/><T14/><D124/><U74/><E69/><N who="3" m="26122" /><G109/><T98/><REACH who="0" step="1"/><D72/><REACH who="0" ten="420,190,190,190" step="2"/><U36/><E127/><V76/><F125/><W99/><G122/><T116/><D116/><U126/><E126/><V18/><F110/><W52/><G120/><T15/><D15/><U4/><E74/><V134/><F112/><W19/><G119/><T26/><D26/><U130/><E129/><V35/><F27/><W75/><G24/><T118/><D118/><U47/><E130/><V6/><F134/><W23/><G75/><T49/><D49/><U0/><E128/><V85/><F38/><W104/><G32/><T108/><D108/><U39/><E36/><V33/><F35/><W22/><G34/><T9/><D9/><U121/><E39/><V57/><F8/><W3/><G10/><T53/><AGARI ba="1,1" hai="7,11,14,45,51,53,60,62,89,93,96,98,103,107" machi="53" ten="20,12000,1" yaku="1,1,0,1,7,1,53,2" doraHai="12" doraHaiUra="95" who="0" fromWho="0" sc="420,133,190,-41,190,-41,190,-41" />
</Scene>
<Scene>
<INIT seed="0,2,0,1,4,77" ten="553,149,149,149" oya="0" hai0="92,80,94,110,2,22,33,134,131,0,67,17,102" hai1="34,118,36,30,63,52,68,47,132,97,64,16,60" hai2="65,44,50,71,56,124,55,41,45,15,84,20,91" hai3="26,32,75,101,129,24,114,125,11,62,107,88,28"/><T83/><D33/><U93/><E118/><V48/><F124/><W1/><G125/><T87/><D134/><U74/><E74/><V21/><F71/><W31/><G114/><T115/><D115/><U46/><E132/><V38/><F15/><W109/><G109/><T57/><D131/><U121/><E121/><V49/><F65/><W13/><G129/><T37/><D37/><U98/><E36/><V18/><F18/><W79/><G1/><T103/><D0/><U54/><E34/><V10/><F10/><W82/><G62/><N who="0" m="38351" /><D2/><U122/><E30/><V14/><F14/><W128/><G88/><N who="0" m="53279" /><D110/><U51/><E122/><V135/><F135/><W73/><G128/><T8/><D8/><U85/><E16/><V40/><REACH who="2" step="1"/><F38/><REACH who="2" ten="553,149,139,149" step="2"/><W76/><G13/><N who="0" m="9519" /><D102/><U126/><E126/><V59/><F59/><W86/><G101/><T127/><D127/><U105/><E68/><V66/><F66/><W106/><G11/><T123/><D123/><U27/><E64/><V72/><F72/><W19/><G73/><T61/><D61/><U90/><E63/><V25/><F25/><W70/><G75/><T29/><D29/><U130/><E27/><V104/><F104/><W7/><G107/><T12/><D12/><U39/><E105/><V9/><F9/><W5/><G106/><T120/><D120/><U112/><E130/><V117/><F117/><W4/><G26/><T43/><D43/><N who="1" m="22911" /><E112/><V78/><F78/><W42/><G76/><T99/><AGARI ba="2,1" hai="80,83,94,99,103" m="9519,53279,38351" machi="99" ten="30,11700,0" yaku="8,1,52,2,54,1" doraHai="77" who="0" fromWho="0" sc="553,133,149,-41,139,-41,149,-41" />
</Scene>
<Scene>
<INIT seed="0,3,0,1,1,27" ten="686,108,98,108" oya="0" hai0="47,127,48,129,0,119,81,100,85,114,65,128,72" hai1="118,64,54,122,32,61,55,98,90,30,34,89,96" hai2="45,71,3,101,19,44,26,38,60,133,106,66,58" hai3="135,42,78,57,103,107,53,33,111,43,5,56,132"/><T22/><D114/><U79/><E118/><V117/><F3/><W124/><G111/><T105/><D72/><U14/><E122/><V120/><F120/><W16/><G124/><T70/><D0/><U35/><E79/><V82/><F117/><W2/><G78/><T126/><D119/><U115/><E115/><V9/><F133/><N who="3" m="51275" /><G33/><T50/><D100/><U104/><E14/><V69/><F82/><W97/><G56/><T17/><D105/><U41/><E41/><V7/><F106/><W76/><G76/><N who="0" m="46247" /><D65/><U84/><E104/><V28/><F101/><W134/><N who="3" m="51283" /><W63/><DORA hai="39" /><G5/><T74/><D74/><U31/><E64/><V94/><F7/><W4/><G16/><T13/><D70/><U10/><E10/><AGARI ba="3,0" hai="2,4,10,42,43,53,57,63,97,103,107" m="51283" machi="10" ten="40,5200,0" yaku="20,1,52,2" doraHai="27,39" who="3" fromWho="1" sc="686,0,108,-61,98,0,108,61" />
</Scene>
<Scene>
<INIT seed="1,0,0,5,2,39" ten="686,47,98,169" oya="1" hai0="53,101,77,65,129,107,134,97,130,64,23,45,46" hai1="70,34,52,84,93,106,126,27,48,121,113,81,41" hai2="55,9,28,42,66,124,116,102,73,47,32,17,117" hai3="96,20,8,109,3,56,10,135,13,111,105,5,100"/><U43/><E121/><V133/><F73/><W86/><G135/><T120/><D134/><U24/><E106/><V61/><F133/><W78/><G56/><T29/><D77/><N who="1" m="46127" /><E70/><V38/><F124/><W127/><G20/><T26/><D120/><U89/><E34/><V94/><F28/><W11/><G127/><T115/><D115/><U2/><E2/><V12/><F32/><W132/><G132/><T71/><D71/><U76/><E76/><V92/><F55/><W21/><G21/><T31/><D31/><U58/><E126/><V67/><F67/><N who="0" m="25674" /><D53/><U110/><E113/><V6/><F6/><W57/><G57/><T15/><D15/><U40/><E110/><N who="3" m="41994" /><G13/><T118/><D118/><U0/><E0/><V60/><F60/><W128/><G128/><AGARI ba="0,0" hai="23,26,29,45,46,97,101,107,128,129,130" m="25674" machi="128" ten="30,1000,0" yaku="19,1" doraHai="39" who="0" fromWho="3" sc="686,10,47,0,98,0,169,-10" />
</Scene>
<Scene>
<INIT seed="2,0,0,5,3,84" ten="696,47,98,159" oya="2" hai0="65,133,30,107,58,16,50,42,34,114,70,64,102" hai1="56,80,52,74,125,129,57,122,31,26,22,35,100" hai2="120,81,119,46,10,104,69,79,49,13,108,7,53" hai3="111,134,88,106,63,4,14,8,39,123,113,61,96"/><V54/><F120/><W29/><G111/><T23/><D114/><U103/><E122/><V41/><F119/><W77/><G39/><T109/><D70/><U6/><E125/><V116/><F116/><W128/><G123/><T85/><D30/><U51/><E129/><V92/><F104/><W132/><G128/><T21/><D34/><U18/><E6/><V37/><F69/><W99/><G77/><T62/><D23/><U68/><E68/><V55/><F108/><W48/><G29/><T11/><D11/><U17/><E57/><V71/><F71/><W97/><G48/><T20/><D20/><U28/><E28/><V12/><F92/><N who="3" m="56327" /><G113/><T72/><D72/><U78/><REACH who="1" step="1"/><E18/><REACH who="1" ten="696,37,98,159" step="2"/><V94/><F94/><W98/><G106/><T90/><D16/><U127/><E127/><V67/><F67/><W75/><G4/><T118/><D64/><U73/><E73/><V135/><F135/><W66/><G75/><T15/><D65/><U130/><E130/><V86/><REACH who="2" step="1"/><F12/><AGARI ba="0,1" hai="12,17,22,26,31,35,51,52,56,74,78,80,100,103" machi="12" ten="30,3900,0" yaku="1,1,7,1,54,1,53,0" doraHai="84" doraHaiUra="60" who="1" fromWho="2" sc="696,0,37,49,98,-39,159,0" />
</Scene>
<Scene>
<INIT seed="3,0,0,2,1,44" ten="696,86,59,159" oya="3" hai0="54,132,110,46,127,115,116,76,38,55,82,74,20" hai1="61,39,85,48,59,70,128,66,9,14,32,52,77" hai2="81,35,19,72,75,29,86,28,80,117,27,130,108" hai3="8,101,125,94,90,123,122,112,78,118,109,36,26"/><W15/><G26/><T50/><D116/><U67/><E32/><V129/><F117/><W126/><G36/><T103/><D110/><U30/><E128/><N who="2" m="49259" /><F108/><W49/><G118/><T58/><D127/><N who="3" m="48649" /><G78/><T6/><D132/><U107/><E107/><V119/><F119/><W22/><G22/><T34/><D34/><U102/><E39/><V91/><F29/><W111/><G101/><T12/><D115/><U73/><E73/><N who="2" m="28235" /><F19/><N who="3" m="8679" /><G49/><T25/><D103/><U53/><E102/><V124/><F124/><W17/><G112/><T97/><D50/><U42/><E30/><V95/><AGARI ba="0,0" hai="27,28,35,80,81,86,91,95" m="28235,49259" machi="95" ten="30,1100,0" yaku="19,1" doraHai="44" who="2" fromWho="2" sc="696,-3,86,-3,59,11,159,-5" />
</Scene>
<Scene>
<INIT seed="4,0,0,0,5,35" ten="693,83,70,154" oya="0" hai0="100,103,67,57,135,9,127,91,13,94,129,11,53" hai1="124,7,81,17,130,109,55,72,96,46,1,84,50" hai2="114,64,131,31,97,40,63,98,8,112,87,115,4" hai3="38,111,29,37,88,6,92,0,45,110,48,105,132"/><T70/><D127/><U10/><E109/><V116/><F131/><W89/><G105/><T85/><D135/><U68/><E130/><V77/><F116/><W125/><G29/><T54/><D70/><U113/><E68/><N who="2" m="42015" /><F40/><W28/><G28/><T44/><D67/><U21/><E124/><V104/><F104/><W36/><G89/><T2/><D2/><U61/><E72/><V3/><F31/><W76/><G76/><T128/><D11/><U27/><E113/><N who="2" m="28931" /><V80/><AGARI ba="0,0" hai="3,4,8,77,80,87,97,98" m="28931,42015" machi="80" ten="40,5200,0" yaku="4,1,15,1,52,1" doraHai="35" who="2" fromWho="2" sc="693,-26,83,-13,70,52,154,-13" />
</Scene>
<Scene>
<INIT seed="5,0,0,3,2,112" ten="667,70,122,141" oya="1" hai0="110,99,36,11,18,95,126,60,0,114,56,9,12" hai1="24,25,123,122,120,89,31,77,86,69,37,115,133" hai2="79,50,26,27,8,38,72,52,47,91,49,1,109" hai3="131,40,111,124,48,22,82,58,5,118,17,33,102"/><U65/><E37/><V106/><F106/><W53/><G111/><T73/><D73/><U20/><E115/><V74/><F109/><W23/><G33/><T94/><D36/><U93/><E133/><V51/><F91/><W135/><G135/><T21/><D110/><U85/><E25/><V71/><F71/><W57/><G5/><T3/><D3/><U32/><E65/><V98/><F98/><W78/><G40/><T121/><D121/><U28/><E69/><V4/><F74/><W129/><G102/><T88/><D126/><U44/><E44/><V42/><REACH who="2" step="1"/><F52/><REACH who="2" ten="667,70,112,141" step="2"/><W81/><G53/><T15/><D114/><U19/><REACH who="1" step="1"/><E32/><REACH who="1" ten="667,60,112,141" step="2"/><V134/><F134/><W63/><G124/><T59/><D59/><U62/><E62/><V101/><F101/><W80/><G57/><T119/><D56/><U29/><E29/><V41/><F41/><W14/><G58/><T97/><D60/><U90/><E90/><V30/><F30/><W66/><G63/><T34/><D88/><U70/><E70/><V87/><F87/><W108/><G108/><T104/><D34/><U16/><E16/><V92/><F92/><W10/><G17/><T6/><D95/><U113/><E113/><V2/><F2/><W84/><G84/><T117/><D94/><U67/><E67/><V76/><F76/><W13/><G66/><T100/><D99/><U68/><E68/><V130/><F130/><W39/><G78/><T7/><AGARI ba="0,2" hai="0,6,7,9,11,12,15,18,21,97,100,104,117,119" machi="7" ten="20,5200,0" yaku="0,1,7,1,52,2" doraHai="112" who="0" fromWho="0" sc="667,72,60,-26,112,-13,141,-13" />
</Scene>
<Scene>
<INIT seed="6,0,0,4,2,83" ten="739,34,99,128" oya="2" hai0="48,81,94,17,63,76,90,61,6,130,50,96,4" hai1="55,54,9,3,75,93,129,49,39,84,57,80,36" hai2="38,52,23,18,25,99,85,59,86,134,34,31,10" hai3="51,70,104,53,108,117,22,119,79,88,46,135,74"/><V95/><F38/><W12/><G108/><T124/><D124/><U2/><E129/><V7/><F134/><W14/><G104/><T8/><D17/><U125/><E125/><V73/><F73/><W43/><G135/><T20/><D20/><U89/><E54/><V116/><F116/><W15/><G70/><T44/><D50/><U98/><E75/><V121/><F121/><W27/><G79/><T58/><D58/><U114/><E114/><V30/><F7/><W101/><G101/><T77/><D77/><U42/><E9/><V41/><F41/><W35/><G35/><T56/><D56/><U126/><E126/><V78/><F78/><W111/><G111/><T32/><D32/><U19/><E19/><V112/><F112/><W103/><G103/><T91/><D91/><U109/><E109/><V65/><F65/><W1/><G1/><T69/><D69/><U133/><E133/><V5/><F5/><W100/><G100/><T87/><D6/><U67/><E67/><V82/><F82/><W72/><G74/><T71/><D71/><U113/><E113/><V13/><F34/><W123/><G72/><T105/><D105/><U131/><E131/><V47/><F47/><W16/><G123/><T62/><D130/><U28/><E28/><V92/><F31/><W115/><G115/><T26/><D26/><U120/><E120/><V97/><F97/><W110/><G110/><T24/><D24/><U40/><E40/><V45/><F45/><W128/><G43/><N who="0" m="24607" /><D4/><U60/><E60/><N who="2" m="35943" /><F99/><W107/><G128/><T11/><AGARI ba="0,0" hai="8,11,61,62,63,76,81,87,90,94,96" m="24607" machi="11" ten="30,2000,0" yaku="8,1,52,1" doraHai="83" who="0" fromWho="0" sc="739,20,34,-5,99,-10,128,-5" />
</Scene>
<Scene>
<INIT seed="7,0,0,3,2,27" ten="759,29,89,123" oya="3" hai0="115,129,80,116,72,123,73,44,107,16,4,106,18" hai1="63,71,28,62,23,47,61,57,53,59,31,68,19" hai2="5,66,50,131,128,37,35,84,3,55,56,99,114" hai3="38,134,133,65,11,78,122,118,113,42,77,100,69"/><W127/><G113/><T130/><D115/><U13/><E47/><V20/><F35/><W33/><G33/><T126/><D4/><U93/><E93/><V34/><F34/><W81/><G118/><T6/><D6/><U132/><E132/><V104/><F114/><W98/><G122/><T7/><D7/><U25/><E25/><V102/><F37/><W90/><G90/><T41/><D126/><U64/><E71/><V119/><F119/><W51/><G11/><T45/><D123/><U125/><REACH who="1" step="1"/><E125/><REACH who="1" ten="759,19,89,123" step="2"/><V58/><F20/><W87/><G127/><T91/><D18/><U97/><E97/><V86/><F5/><W96/><G98/><T22/><D91/><U40/><E40/><V120/><F120/><W36/><G96/><T24/><D22/><U30/><E30/><V85/><REACH who="2" step="1"/><F3/><REACH who="2" ten="759,19,79,123" step="2"/><W49/><G133/><T110/><D72/><U39/><E39/><V82/><F82/><W88/><G81/><T2/><D45/><U21/><E21/><V9/><F9/><W14/><G36/><T101/><D101/><U135/><E135/><V74/><F74/><W105/><G38/><T112/><D107/><U124/><E124/><V1/><F1/><W32/><G100/><T117/><D41/><U103/><E103/><V94/><F94/><W46/><G105/><T79/><D79/><U15/><E15/><V76/><F76/><W89/><G77/><T111/><D16/><U52/><AGARI ba="0,2" hai="13,19,23,28,31,52,53,57,59,61,62,63,64,68" machi="52" ten="20,12000,2" yaku="1,1,0,1,7,1,9,1,52,2,54,1,53,0" doraHai="27" doraHaiUra="92" who="1" fromWho="1" sc="759,-30,19,140,79,-30,123,-60" owari="729,83.0,159,-4.0,49,-45.0,63,-34.0" />
</Scene>
</mjloggm>