<mjloggm ver="2.3"><GO type="169" lobby="0"/><UN n0="%65%69%6B%31" n1="%63%79%62%65%72%E9%9B%80%E3%82%B4%E3%83%AD" n2="%E5%A4%AA%E3%81%8F%E3%81%AA%E3%81%84%E3%81%8A" n3="%E8%B1%86%E7%89%B9%EF%BC%A0%E6%B2%B3%E6%9D%91%E8%BB%8D%E5%9B%A3" dan="16,17,17,16" rate="2075.65,2140.80,2166.84,2088.63" sx="M,M,M,M"/><TAIKYOKU oya="0"/>

<Scene>
<INIT seed="0,0,0,0,5,51" ten="250,250,250,250" oya="0" hai0="124,2,4,26,134,130,70,77,83,116,110,114,6" hai1="17,78,123,131,122,117,9,65,113,32,7,59,84" hai2="125,135,0,42,126,3,105,120,36,118,107,30,12" hai3="57,13,92,127,29,93,86,91,15,60,87,31,47"/><T112/><D70/><U88/><E78/><V55/><F120/><W133/><G133/><T23/><D116/><U24/><E117/><V73/><F118/><W54/><G127/><N who="2" m="48649" /><F73/><W103/><G47/><T21/><D124/><U104/><E104/><N who="2" m="40011" /><F135/><W106/><G106/><T46/><D134/><U10/><E131/><V129/><F129/><W18/><G15/><T94/><D130/><U56/><E113/><V82/><F82/><W119/><G119/><T100/><D110/><U69/><E69/><V98/><F98/><N who="3" m="59855" /><G87/><T64/><D2/><U50/><E59/><V14/><F30/><W79/><G79/><T128/><D77/><U71/><E32/><V41/><F36/><W39/><G39/><T49/><D128/><U115/><E115/><V132/><F132/><W44/><G44/><T58/><D46/><U38/><E38/><V37/><F37/><W35/><G35/><T66/><D114/><U11/><E7/><V22/><F22/><AGARI ba="0,0" hai="13,18,22,29,31,54,57,60,86,91,92" m="59855" machi="22" ten="30,2000,0" yaku="8,1,52,1" doraHai="51" who="3" fromWho="2" sc="250,0,250,0,250,-20,250,20" />
</Scene>
<Scene>
<INIT seed="1,0,0,5,4,28" ten="250,250,230,270" oya="1" hai0="5,100,49,52,131,70,58,130,19,15,127,23,101" hai1="129,84,69,125,34,59,53,42,2,61,20,88,56" hai2="73,9,110,103,8,7,117,40,6,106,90,18,4" hai3="31,123,60,107,78,118,13,64,54,3,96,48,32"/><U128/><E2/><V80/><F117/><W86/><G123/><T46/><D70/><U71/><E42/><V114/><F110/><W66/><G3/><T124/><D5/><U62/><E20/><V21/><F114/><W51/><G118/><T10/><D10/><U92/><E34/><V119/><F119/><W99/><G13/><T68/><D68/><U89/><E125/><N who="0" m="48201" /><D46/><U16/><E16/><V133/><F133/><W97/><G107/><T81/><D81/><U82/><E128/><AGARI ba="0,0" hai="15,19,23,49,52,58,100,101,128,130,131" m="48201" machi="128" ten="30,3900,0" yaku="19,1,18,1,54,1" doraHai="28" who="0" fromWho="1" sc="250,39,250,-39,230,0,270,0" />
</Scene>
<Scene>
<INIT seed="2,0,0,1,4,89" ten="289,211,230,270" oya="2" hai0="115,81,101,100,124,91,7,104,58,102,44,109,11" hai1="25,8,52,32,92,31,107,82,83,39,17,90,21" hai2="9,34,62,56,60,27,20,118,41,1,40,126,0" hai3="51,131,37,42,75,2,61,97,23,86,73,93,122"/><V33/><F118/><W114/><G122/><T119/><D109/><U54/><E107/><V74/><F74/><W112/><G2/><T103/><D115/><N who="3" m="44073" /><G37/><T13/><D119/><U46/><E8/><V135/><F135/><W59/><G131/><T16/><D124/><U43/><E82/><V110/><F126/><W72/><G86/><N who="0" m="50639" /><D104/><U18/><E83/><V3/><F9/><W19/><G51/><T125/><D125/><U95/><E18/><V108/><F20/><W65/><G42/><N who="2" m="16489" /><F56/><W133/><G133/><T128/><D44/><U68/><E68/><V111/><F27/><N who="3" m="14847" /><G73/><T45/><D45/><U14/><REACH who="1" step="1"/><E95/><REACH who="1" ten="289,201,230,270" step="2"/><V71/><F71/><W38/><G38/><T116/><D116/><U63/><E63/><AGARI ba="0,1" hai="0,1,3,33,34,60,62,63,108,110,111" m="16489" machi="63" ten="40,12000,1" yaku="28,2,14,1,10,1" doraHai="89" who="2" fromWho="1" sc="289,0,201,-120,230,130,270,0" />
</Scene>
<Scene>
<INIT seed="2,1,0,5,1,12" ten="289,81,360,270" oya="2" hai0="71,102,13,60,116,86,16,0,92,42,3,49,121" hai1="69,95,89,23,97,46,17,51,110,43,65,125,9" hai2="105,38,132,66,8,25,128,117,45,80,34,22,24" hai3="120,6,50,83,101,81,26,67,41,98,68,63,88"/><V131/><F105/><W129/><G120/><T85/><D121/><U123/><E123/><V61/><F117/><W30/><G6/><T4/><D116/><U78/><E125/><V90/><F34/><W82/><G129/><N who="2" m="49737" /><F132/><W73/><G41/><T91/><D102/><U29/><E110/><V122/><F122/><W76/><G50/><T70/><D4/><U75/><E75/><V32/><F32/><N who="3" m="20567" /><G88/><T127/><D127/><U47/><E78/><V10/><F38/><W20/><G20/><T57/><D86/><U104/><E104/><AGARI ba="1,0" hai="63,67,68,73,76,81,82,83,98,101,104" m="20567" machi="104" ten="30,1000,0" yaku="25,1" doraHai="12" who="3" fromWho="1" sc="289,0,81,-13,360,0,270,13" />
</Scene>
<Scene>
<INIT seed="3,0,0,3,4,21" ten="289,68,360,283" oya="3" hai0="95,78,28,0,9,100,37,121,51,127,71,67,47" hai1="104,44,3,131,75,11,133,24,34,106,88,109,58" hai2="18,90,103,86,105,111,102,30,92,53,79,128,74" hai3="81,54,68,112,8,69,19,27,120,43,115,134,99"/><W61/><G120/><T132/><D37/><U36/><E75/><V31/><F111/><W45/><G134/><T113/><D121/><U80/><E133/><V29/><F128/><W72/><G69/><T38/><D38/><U35/><E109/><V22/><F105/><W91/><G72/><T60/><D132/><U85/><E35/><V56/><F79/><W96/><G96/><T7/><D127/><U62/><E131/><V16/><F74/><W14/><G27/><T42/><D78/><U15/><E3/><V107/><F107/><W40/><G40/><T20/><D113/><U76/><E44/><V94/><F94/><W6/><G6/><T63/><D63/><U39/><E104/><V2/><F2/><W41/><G41/><T70/><D70/><U77/><E106/><V135/><F135/><W114/><G114/><T33/><D33/><U93/><E93/><V129/><F129/><W64/><G54/><T57/><D71/><U46/><E46/><V65/><F65/><W110/><G110/><T5/><D5/><U87/><E87/><V98/><F18/><W23/><G99/><N who="0" m="59519" /><D28/><U55/><E39/><V83/><F103/><W52/><G52/><T32/><D32/><U126/><E126/><V59/><REACH who="2" step="1"/><F53/><REACH who="2" ten="289,68,350,283" step="2"/><W119/><G112/><T49/><D67/><U101/><E101/><V116/><F116/><W84/><G115/><T117/><D117/><U130/><E130/><V89/><F89/><W12/><G119/><T26/><D0/><U1/><E1/><V122/><F122/><W66/><G66/><T118/><D118/><U10/><E77/><RYUUKYOKU ba="0,1" sc="289,-10,68,-10,350,30,283,-10" hai2="16,22,29,30,31,56,59,83,86,90,92,98,102" />
</Scene>
<Scene>
<INIT seed="4,1,1,2,2,23" ten="279,58,380,273" oya="0" hai0="72,100,82,34,3,89,48,131,30,96,77,25,27" hai1="115,0,116,50,26,130,7,124,13,38,106,55,93" hai2="4,63,95,20,31,84,47,79,66,59,76,15,22" hai3="56,127,101,41,68,70,71,60,107,103,105,80,62"/><T52/><D3/><U119/><E106/><V49/><F95/><W108/><G108/><T111/><D111/><U126/><E38/><V37/><F37/><W18/><G41/><T91/><D131/><U109/><E109/><V42/><F84/><W24/><G127/><T9/><D9/><U57/><E0/><V114/><F114/><W97/><G80/><T81/><D27/><U43/><E43/><V83/><F83/><W14/><G24/><T45/><REACH who="0" step="1"/><D82/><REACH who="0" ten="269,58,380,273" step="2"/><U6/><E130/><V88/><F22/><W29/><G29/><T128/><D128/><U98/><E115/><V32/><F32/><W117/><G117/><T40/><D40/><U12/><E26/><V73/><F31/><W118/><G118/><T28/><D28/><U36/><E36/><V21/><F21/><W35/><G35/><T104/><AGARI ba="1,2" hai="25,30,34,45,48,52,72,77,81,89,91,96,100,104" machi="104" ten="20,12000,1" yaku="1,1,0,1,7,1,52,1,54,1,53,0" doraHai="23" doraHaiUra="67" who="0" fromWho="0" sc="269,143,58,-41,380,-41,273,-41" />
</Scene>
<Scene>
<INIT seed="4,2,0,3,4,48" ten="412,17,339,232" oya="0" hai0="68,53,110,118,64,15,72,88,45,16,28,106,75" hai1="91,85,90,36,63,71,4,29,98,6,131,32,93" hai2="124,50,51,26,21,130,80,1,117,108,25,19,31" hai3="54,62,18,120,129,94,30,121,41,125,47,135,8"/><T46/><D118/><U115/><E36/><V102/><F108/><W55/><G30/><T10/><D106/><U83/><E131/><V27/><F1/><W38/><G129/><T52/><D28/><U97/><E97/><V33/><F130/><W34/><G34/><T82/><D110/><U99/><E99/><V104/><F117/><W20/><G8/><T5/><D68/><U49/><E115/><V86/><F124/><W126/><G94/><T76/><D64/><U95/><E83/><V70/><F70/><W114/><G62/><T127/><D72/><U128/><E128/><V0/><F0/><W42/><G114/><T11/><D127/><N who="3" m="48649" /><G42/><T101/><D101/><U60/><E60/><V59/><F26/><N who="3" m="14615" /><G135/><T58/><D11/><U14/><E14/><V39/><F104/><W13/><G13/><T73/><D10/><U56/><E49/><V78/><F39/><W12/><G12/><T23/><D5/><U44/><E44/><V57/><F102/><W96/><G96/><T69/><D45/><U79/><E79/><V89/><F78/><W132/><G132/><T7/><D7/><U112/><E112/><V65/><F65/><W113/><G113/><T24/><D15/><U116/><E116/><V40/><F25/><W66/><G66/><T100/><D76/><U67/><REACH who="1" step="1"/><E71/><REACH who="1" ten="412,7,339,232" step="2"/><V103/><F27/><AGARI ba="2,1" hai="4,6,27,29,32,56,63,67,85,90,91,93,95,98" machi="27" ten="40,5200,0" yaku="1,1,2,1,53,1" doraHai="48" doraHaiUra="22" who="1" fromWho="2" sc="412,0,7,68,339,-58,232,0" />
</Scene>
<Scene>
<INIT seed="5,0,0,0,3,40" ten="412,75,281,232" oya="1" hai0="133,118,76,122,134,131,120,81,50,14,26,102,24" hai1="28,2,63,18,99,8,97,17,58,104,0,33,54" hai2="29,88,96,117,113,100,135,80,1,39,107,77,20" hai3="119,128,62,60,38,46,10,89,86,27,48,124,7"/><U105/><E33/><V4/><F117/><W19/><G38/><T95/><D118/><U126/><E28/><V83/><F39/><W41/><G119/><T47/><D131/><U70/><E70/><V121/><F121/><N who="0" m="46698" /><D14/><U132/><E132/><V91/><F135/><W43/><G43/><N who="0" m="24959" /><D26/><U55/><E58/><V6/><F113/><W32/><G128/><T65/><D65/><U116/><E116/><V85/><F1/><W56/><G124/><T45/><D45/><U90/><E63/><V52/><F91/><W71/><G71/><T67/><D67/><U98/><E90/><V61/><F29/><W30/><G19/><N who="1" m="7178" /><E8/><V108/><F20/><W109/><G56/><T111/><D24/><U110/><E126/><V75/><F108/><W64/><G64/><T9/><D111/><U130/><E130/><V101/><F101/><W37/><G37/><T112/><D9/><U74/><E74/><V72/><F72/><W125/><G125/><T5/><D112/><U34/><E34/><V103/><F103/><W12/><G109/><T79/><D5/><U59/><E59/><V66/><F4/><W69/><G69/><T82/><D134/><U25/><E25/><V57/><F6/><W36/><G36/><T92/><D133/><U87/><E87/><V13/><F66/><W15/><G12/><T94/><D102/><U51/><E110/><V93/><REACH who="2" step="1"/><F13/><REACH who="2" ten="412,75,271,232" step="2"/><W23/><REACH who="3" step="1"/><G32/><REACH who="3" ten="412,75,271,222" step="2"/><T115/><D115/><U114/><E114/><V42/><F42/><W106/><G106/><AGARI ba="0,2" hai="52,57,61,75,77,80,83,85,88,93,96,100,106,107" machi="106" ten="40,8000,1" yaku="1,1,54,2,53,1" doraHai="40" doraHaiUra="49" who="2" fromWho="3" sc="412,0,75,0,271,100,222,-80" />
</Scene>
<Scene>
<INIT seed="6,0,0,2,3,90" ten="412,75,371,142" oya="2" hai0="100,96,64,130,99,83,105,111,69,95,92,81,25" hai1="58,61,71,53,56,91,38,120,68,47,18,79,76" hai2="10,50,70,77,19,42,5,73,32,125,109,36,52" hai3="107,114,13,98,119,49,28,55,78,31,48,2,39"/><V84/><F32/><W44/><G119/><T33/><D111/><U134/><E18/><V101/><F70/><N who="1" m="26665" /><E91/><V16/><F84/><W67/><G2/><T62/><D130/><U22/><E22/><V60/><F60/><W6/><G78/><T118/><D118/><U127/><E79/><V66/><F66/><W93/><G107/><T97/><D97/><U30/><E30/><V40/><F101/><W9/><G67/><T20/><D33/><U135/><E76/><V117/><F42/><N who="3" m="24599" /><G39/><T113/><D113/><U123/><E58/><N who="2" m="33047" /><F117/><W112/><G112/><T26/><D105/><U29/><E29/><V51/><F51/><W121/><G114/><T41/><D41/><N who="1" m="22967" /><E127/><V75/><F75/><W59/><G31/><T24/><REACH who="0" step="1"/><D20/><REACH who="0" ten="402,75,371,142" step="2"/><U129/><E129/><V4/><F109/><W103/><G98/><T27/><N who="0" m="6144" /><DORA hai="54" /><T1/><D1/><U34/><E34/><V0/><F125/><W122/><G28/><T23/><D23/><U86/><E86/><V132/><F0/><W124/><G124/><T89/><AGARI ba="0,1" hai="62,64,69,81,83,89,92,95,96,99,100" m="6144" machi="89" ten="40,12000,2" yaku="1,1,0,1,52,2,53,2" doraHai="90,54" doraHaiUra="88,133" who="0" fromWho="0" sc="402,130,75,-30,371,-60,142,-30" />
</Scene>
<Scene>
<INIT seed="7,0,0,5,5,61" ten="532,45,311,112" oya="3" hai0="20,70,45,71,28,26,90,50,111,76,110,67,75" hai1="16,31,43,63,127,133,117,104,98,109,23,66,97" hai2="93,79,122,25,107,53,129,108,85,74,119,72,130" hai3="9,116,59,92,68,114,51,89,29,57,41,19,134"/><W6/><G116/><T3/><D3/><U44/><E109/><V81/><F107/><W121/><G121/><T54/><D67/><U125/><E117/><V123/><F119/><W56/><G68/><T94/><D71/><U132/><E31/><V48/><F108/><W105/><G105/><T2/><D70/><U131/><E104/><V103/><F25/><W99/><G114/><T47/><D2/><U87/><E87/><V13/><F13/><N who="3" m="5303" /><G134/><N who="1" m="51818" /><E98/><N who="2" m="59855" /><F72/><W32/><G32/><T112/><D112/><U80/><E97/><V78/><F78/><W64/><G29/><T69/><D69/><N who="1" m="42207" /><E80/><V15/><F74/><W30/><G30/><T49/><D76/><U0/><E0/><V7/><F7/><W42/><G19/><T38/><D38/><N who="1" m="21623" /><E16/><V18/><F18/><W65/><G89/><T33/><D50/><U14/><E14/><V39/><F15/><W21/><G21/><T77/><D47/><U17/><E17/><V135/><F135/><W55/><G92/><T126/><D126/><N who="1" m="48139" /><E23/><V100/><F39/><W96/><G96/><T8/><D54/><U88/><E88/><V58/><F100/><W102/><G102/><T24/><D45/><U113/><E113/><V36/><F36/><W27/><G27/><T1/><D49/><U52/><E52/><V12/><F12/><W46/><G99/><N who="0" m="57815" /><D75/><U91/><E91/><V128/><AGARI ba="0,0" hai="48,53,58,79,81,85,122,123,128,129,130" m="59855" machi="128" ten="40,1500,0" yaku="19,1" doraHai="61" who="2" fromWho="2" sc="532,-4,45,-4,311,15,112,-7" owari="528,62.0,41,-46.0,326,13.0,105,-29.0" />
</Scene>
</mjloggm>