<mjloggm ver="2.3"><GO type="169" lobby="0"/><UN n0="%E3%81%94%E3%81%86%EF%BC%AA%EF%BC%B0%EF%BC%AE" n1="%E5%A4%AA%E3%81%8F%E3%81%AA%E3%81%84%E3%81%8A" n2="%E6%AD%A6%E8%A3%85%E5%95%86%E8%88%B9%E5%9B%A3" n3="%E7%82%8E%E3%81%AE%E3%82%B7%E3%83%A5%E3%83%AC%E3%83%B3" dan="16,17,17,16" rate="2080.47,2189.90,2269.76,2135.53" sx="M,M,M,M"/><TAIKYOKU oya="0"/>

<Scene>
<INIT seed="0,0,0,1,5,105" ten="250,250,250,250" oya="0" hai0="75,100,68,54,82,42,43,134,81,15,10,30,51" hai1="48,118,77,61,104,133,72,22,31,17,32,5,21" hai2="27,76,55,124,102,135,96,33,78,112,49,7,121" hai3="74,110,65,119,3,66,37,88,19,95,47,0,70"/><T91/><D134/><U35/><E104/><V34/><F121/><W117/><G19/><T29/><D68/><U129/><E118/><V89/><F112/><W125/><G47/><T69/><D69/><U108/><E5/><V71/><F135/><W12/><G12/><T126/><D126/><U122/><E122/><V41/><F124/><W14/><G14/><T107/><D107/><U8/><E133/><V38/><F7/><W56/><G70/><T40/><D100/><U1/><E1/><V44/><F71/><W92/><G125/><T93/><D75/><U53/><E8/><V87/><F96/><W116/><G56/><T73/><D73/><U127/><E127/><V111/><F102/><W99/><G74/><T132/><D132/><U28/><E61/><V46/><F111/><W114/><G37/><T98/><D30/><U57/><E108/><V60/><F60/><W58/><G114/><T94/><D93/><U13/><E129/><V101/><F101/><W85/><G110/><T84/><D29/><U2/><E2/><V103/><F103/><W9/><G9/><T18/><REACH who="0" step="1"/><D84/><REACH who="0" ten="240,250,250,250" step="2"/><U11/><E31/><V23/><F34/><W106/><G106/><T86/><D86/><U62/><E28/><N who="2" m="17535" /><F33/><W63/><G95/><T130/><D130/><U128/><E128/><V25/><F25/><W36/><G85/><T50/><D50/><U64/><E32/><V52/><F78/><W45/><G36/><T97/><D97/><U26/><E35/><V83/><F76/><W6/><G99/><T80/><D80/><N who="1" m="45095" /><E26/><V123/><F123/><W67/><G117/><RYUUKYOKU ba="0,1" sc="240,10,250,10,250,10,250,-30" hai0="10,15,18,40,42,43,51,54,81,82,91,94,98" hai1="11,13,17,21,22,48,53,57,62,64" hai2="38,41,44,46,49,52,55,83,87,89" />
</Scene>
<Scene>
<INIT seed="0,1,1,1,4,27" ten="250,260,260,220" oya="0" hai0="24,19,100,109,96,20,89,15,50,75,18,70,77" hai1="98,78,101,129,51,131,46,95,80,53,81,66,12" hai2="84,33,104,30,135,22,92,86,56,34,99,130,7" hai3="64,6,35,44,79,126,102,52,68,114,29,23,61"/><T125/><D125/><U118/><E118/><V69/><F69/><W120/><G114/><T71/><D109/><U122/><E122/><V132/><F130/><N who="1" m="49673" /><E78/><V31/><F104/><W26/><G126/><T121/><D121/><U115/><E115/><V38/><F38/><W116/><G116/><T63/><D89/><U37/><E66/><V41/><F41/><W42/><G120/><T40/><D75/><U112/><E112/><V25/><F7/><W10/><G102/><T111/><D77/><U97/><E37/><V58/><F25/><W94/><G94/><T59/><D40/><U16/><E98/><V43/><F43/><W4/><G79/><T134/><D50/><U5/><E5/><V74/><F22/><AGARI ba="1,1" hai="12,16,22,46,51,53,80,81,95,97,101" m="49673" machi="22" ten="30,2000,0" yaku="19,1,54,1" doraHai="27" who="1" fromWho="2" sc="250,0,260,33,260,-23,220,0" />
</Scene>
<Scene>
<INIT seed="1,0,0,2,2,89" ten="250,293,237,220" oya="1" hai0="37,30,24,59,28,21,23,122,46,75,107,16,2" hai1="48,3,120,65,56,119,25,104,129,114,18,131,13" hai2="38,134,73,62,67,8,36,55,40,69,87,126,132" hai3="60,79,15,29,57,103,47,49,31,33,26,19,6"/><U22/><E114/><V124/><F73/><W1/><G103/><T94/><D107/><U71/><E119/><V74/><F74/><W118/><G118/><T70/><D70/><U112/><E112/><V84/><F8/><W78/><G31/><T102/><D122/><U7/><E120/><V53/><F87/><W96/><G96/><T44/><D37/><N who="2" m="14442" /><F84/><W27/><G27/><T52/><D75/><U0/><E71/><V50/><F40/><W99/><G99/><N who="0" m="59767" /><D2/><U128/><E104/><V11/><F11/><W86/><G86/><T90/><D90/><U123/><E123/><V77/><F77/><W115/><G115/><T54/><D54/><N who="2" m="20490" /><F50/><W101/><G49/><N who="0" m="31119" /><D30/><N who="1" m="17719" /><E48/><V108/><F108/><W82/><G1/><T113/><D113/><U91/><E91/><V39/><N who="2" m="14450" /><V125/><AGARI ba="0,0" hai="62,67,69,124,125,126,132,134" m="20490,14450" machi="125" ten="50,8000,1" yaku="4,1,18,1,34,2" doraHai="89" who="2" fromWho="2" sc="250,-20,293,-40,237,80,220,-20" />
</Scene>
<Scene>
<INIT seed="2,0,0,5,5,98" ten="230,253,317,200" oya="2" hai0="7,78,12,70,71,8,135,43,64,30,32,60,96" hai1="107,80,53,59,117,112,121,125,24,50,95,46,57" hai2="79,51,22,56,94,1,93,130,88,23,55,4,76" hai3="21,25,115,131,38,122,65,106,133,52,109,20,100"/><V116/><F116/><W119/><G38/><T129/><D135/><U17/><E107/><V99/><F130/><W28/><G119/><T87/><D129/><U103/><E117/><V89/><F1/><W83/><G122/><T72/><D72/><U34/><E112/><V84/><F4/><W49/><G131/><T92/><D32/><U104/><E104/><V45/><F23/><W0/><G0/><T97/><D30/><U19/><E121/><V58/><F58/><W120/><G120/><T132/><D132/><U33/><E125/><V126/><F126/><W37/><G37/><T10/><D10/><U18/><E80/><V9/><F9/><W69/><G133/><T48/><D71/><U41/><E24/><V74/><F74/><W2/><G83/><N who="0" m="47607" /><D92/><U114/><E114/><V113/><F113/><W127/><G2/><T44/><AGARI ba="0,0" hai="7,8,12,43,44,48,60,64,70,96,97" m="47607" machi="44" ten="30,1100,0" yaku="25,1" doraHai="98" who="0" fromWho="0" sc="230,11,253,-3,317,-5,200,-3" />
</Scene>
<Scene>
<INIT seed="3,0,0,0,5,28" ten="241,250,312,197" oya="3" hai0="35,133,106,53,78,52,4,108,30,17,61,13,43" hai1="80,77,58,67,89,109,9,134,60,73,57,48,88" hai2="84,59,85,29,118,55,123,23,36,130,38,81,24" hai3="10,7,124,110,19,127,83,12,65,105,6,50,68"/><W64/><G105/><T62/><D108/><U100/><E109/><V8/><F118/><W96/><G110/><T71/><D133/><U47/><E134/><V102/><F130/><W101/><G83/><T98/><D78/><U91/><E100/><V132/><F132/><W33/><G33/><T21/><D4/><U125/><E125/><N who="3" m="48202" /><G68/><T87/><D43/><U26/><E9/><V45/><F123/><W128/><G128/><T37/><D37/><U63/><E26/><V79/><F102/><W40/><G96/><T129/><D87/><U69/><REACH who="1" step="1"/><E60/><REACH who="1" ten="241,240,312,197" step="2"/><V1/><F8/><W122/><G101/><N who="0" m="62775" /><D62/><U116/><E116/><V70/><F24/><W75/><G122/><T54/><D129/><U131/><E131/><V27/><F27/><W104/><G104/><T76/><D61/><U107/><E107/><V66/><F1/><W51/><G65/><T22/><D22/><U41/><AGARI ba="0,1" hai="41,47,48,57,58,63,67,69,73,77,80,88,89,91" machi="41" ten="30,4000,0" yaku="1,1,0,1,54,1,53,0" doraHai="28" doraHaiUra="126" who="1" fromWho="1" sc="241,-10,240,50,312,-10,197,-20" />
</Scene>
<Scene>
<INIT seed="4,0,0,5,3,58" ten="231,290,302,177" oya="0" hai0="26,121,42,93,21,63,90,44,119,132,61,86,108" hai1="22,0,54,133,30,75,134,98,39,11,57,125,67" hai2="122,73,65,40,96,120,69,123,52,129,111,9,89" hai3="50,14,41,7,74,3,12,31,16,32,117,46,127"/><T84/><D121/><U95/><E39/><V13/><F111/><W107/><G117/><T113/><D119/><U53/><E75/><V48/><F40/><W20/><G127/><T23/><D108/><U97/><E125/><V45/><F73/><W100/><G74/><T34/><D113/><U55/><E0/><V116/><F116/><W66/><G66/><T27/><D132/><N who="1" m="50795" /><E11/><V4/><F129/><W72/><G72/><T83/><D34/><U79/><E79/><V109/><F109/><W104/><G100/><T81/><D93/><U115/><E115/><V10/><F96/><N who="1" m="36969" /><E95/><V64/><F69/><W110/><G12/><T88/><D44/><U28/><E22/><V35/><F89/><W112/><G112/><T126/><D126/><U15/><E15/><V91/><F91/><W94/><G94/><T85/><D84/><U1/><E1/><V77/><F77/><W102/><G102/><T131/><D42/><U56/><E67/><V47/><F35/><W105/><G110/><T59/><D59/><AGARI ba="0,0" hai="28,30,53,54,55,56,57,59" m="36969,50795" machi="59" ten="40,5200,0" yaku="28,2,20,1" doraHai="58" who="1" fromWho="0" sc="231,-52,290,52,302,0,177,0" />
</Scene>
<Scene>
<INIT seed="5,0,0,0,2,125" ten="179,342,302,177" oya="1" hai0="126,102,74,44,130,29,119,39,48,49,54,93,76" hai1="133,8,71,91,117,59,89,109,34,69,38,81,73" hai2="97,32,114,2,123,50,45,108,31,37,78,80,103" hai3="82,96,26,5,41,7,51,12,20,61,1,27,72"/><U43/><E117/><V99/><F108/><W17/><G96/><T36/><D119/><U107/><E34/><V30/><F123/><W131/><G131/><T124/><D74/><U53/><E107/><V106/><F114/><W6/><G1/><T85/><D29/><U101/><E101/><V88/><F37/><N who="0" m="14410" /><D76/><U118/><E118/><V98/><F2/><W18/><G61/><T24/><D24/><U62/><E109/><V16/><F16/><W11/><G72/><T23/><D23/><U63/><E133/><V46/><F32/><W56/><G82/><T110/><D85/><U111/><E111/><V15/><F15/><N who="3" m="9279" /><G56/><N who="0" m="32839" /><D93/><U10/><E73/><V129/><F129/><W66/><G66/><T22/><D22/><U92/><E81/><V21/><F21/><W65/><G65/><T116/><D102/><U57/><E92/><V122/><F122/><W135/><G135/><T55/><D116/><U132/><E132/><V112/><F112/><W128/><G128/><T121/><D110/><U113/><E113/><V13/><F45/><AGARI ba="0,0" hai="5,6,7,11,12,18,26,27,41,45,51" m="9279" machi="45" ten="30,1000,0" yaku="8,1" doraHai="125" who="3" fromWho="2" sc="179,0,342,0,302,-10,177,10" />
</Scene>
<Scene>
<INIT seed="6,0,0,2,1,24" ten="179,342,292,187" oya="2" hai0="30,44,42,5,117,86,34,81,105,29,134,35,17" hai1="90,32,133,56,43,10,39,3,95,9,111,64,82" hai2="48,116,118,53,45,98,16,15,99,80,94,89,37" hai3="54,62,120,61,66,27,130,63,77,25,38,12,57"/><V41/><F98/><W33/><G120/><T40/><D117/><U68/><E111/><V14/><F14/><W91/><G130/><T107/><D134/><U0/><E32/><V4/><F4/><W75/><G38/><T58/><D5/><U115/><E68/><V51/><F80/><W101/><G101/><T110/><D110/><U21/><E0/><V18/><F18/><W104/><G104/><T127/><D127/><U46/><E3/><V47/><REACH who="2" step="1"/><F37/><REACH who="2" ten="179,342,282,187" step="2"/><W52/><G12/><T2/><D2/><U112/><E82/><V23/><AGARI ba="0,1" hai="15,16,23,41,45,47,48,51,53,89,94,99,116,118" machi="23" ten="20,18000,2" yaku="1,1,2,1,0,1,7,1,54,1,53,1" doraHai="24" doraHaiUra="50" who="2" fromWho="2" sc="179,-60,342,-60,282,190,187,-60" />
</Scene>
<Scene>
<INIT seed="6,1,0,2,2,135" ten="119,282,472,127" oya="2" hai0="116,36,16,52,128,30,0,29,47,85,72,49,77" hai1="90,62,111,65,19,74,38,75,60,89,63,83,45" hai2="24,79,124,110,70,4,66,41,64,109,80,101,7" hai3="3,95,131,5,105,134,91,46,73,97,10,6,31"/><V108/><F124/><W61/><G134/><T22/><D72/><U96/><E111/><V48/><F101/><W130/><G73/><T18/><D128/><N who="3" m="49193" /><G6/><N who="2" m="2089" /><F70/><W50/><G105/><T8/><D116/><U121/><E121/><V40/><F24/><W13/><G61/><T43/><D0/><U98/><E65/><N who="2" m="25195" /><F48/><W21/><G31/><T20/><D8/><U114/><E114/><V57/><F57/><W87/><G21/><T117/><D117/><U27/><E38/><V1/><F1/><W58/><G58/><T34/><D34/><U39/><E39/><V9/><F9/><W23/><G23/><T82/><D22/><N who="1" m="13791" /><E75/><AGARI ba="1,0" hai="40,41,75,79,80,108,109,110" m="25195,2089" machi="75" ten="40,2000,0" yaku="10,1" doraHai="135" who="2" fromWho="1" sc="119,0,282,-23,472,23,127,0" />
</Scene>
<Scene>
<INIT seed="6,2,0,2,2,30" ten="119,259,495,127" oya="2" hai0="42,93,1,111,59,102,97,25,60,23,16,82,134" hai1="89,132,127,88,40,43,13,57,22,35,105,31,49" hai2="44,54,78,56,75,51,26,79,81,24,45,124,123" hai3="15,3,92,52,72,91,17,108,68,36,62,98,109"/><V21/><F123/><W66/><G36/><T77/><D111/><U11/><E105/><V133/><F124/><W67/><G3/><T113/><D113/><U47/><E35/><V128/><F128/><W46/><G72/><T20/><D134/><U87/><E127/><V19/><F133/><W103/><G67/><T84/><D1/><U106/><E106/><V118/><F118/><W48/><REACH who="3" step="1"/><G103/><REACH who="3" ten="119,259,495,117" step="2"/><T2/><D2/><U95/><E132/><V101/><F101/><W29/><G29/><T112/><D112/><U9/><E31/><V38/><F38/><W119/><G119/><T116/><D116/><U41/><E57/><V117/><F117/><W70/><G70/><T58/><D42/><U28/><E28/><V107/><F75/><W114/><G114/><T131/><D131/><U55/><E41/><V8/><F56/><W27/><G27/><N who="0" m="14727" /><D60/><U69/><E69/><V61/><F24/><W33/><G33/><T64/><D64/><U74/><E74/><V126/><F26/><W73/><G73/><T120/><D120/><U12/><E43/><V14/><F61/><W6/><G6/><T39/><D39/><U110/><E40/><V130/><F130/><W80/><G80/><T122/><D122/><U37/><E37/><V85/><F81/><W125/><G125/><T94/><D59/><U10/><E110/><V34/><F34/><W71/><G71/><T53/><D102/><U135/><E135/><V65/><F65/><W86/><G86/><T83/><D83/><U129/><E129/><V5/><F126/><W90/><G90/><T4/><D4/><RYUUKYOKU ba="2,1" sc="119,-10,259,-10,495,-10,117,30" hai3="15,17,46,48,52,62,66,68,91,92,98,108,109" />
</Scene>
<Scene>
<INIT seed="7,3,1,4,5,8" ten="109,249,485,147" oya="3" hai0="95,91,127,45,113,18,131,132,27,7,109,33,46" hai1="58,60,68,21,36,59,49,50,85,102,72,61,99" hai2="11,6,105,10,47,55,119,111,39,77,116,32,134" hai3="63,118,129,86,122,121,12,112,16,31,114,73,80"/><W100/><G129/><T69/><D109/><U90/><E72/><V56/><F111/><W101/><G118/><T5/><D69/><U84/><E36/><V34/><F134/><W70/><G73/><T23/><D132/><U22/><E68/><V54/><F105/><W124/><G31/><T117/><D117/><U20/><E102/><N who="3" m="39530" /><G124/><T110/><D110/><U104/><E104/><V88/><F77/><N who="3" m="46351" /><G63/><N who="1" m="24138" /><E99/><V15/><F88/><W48/><G48/><N who="1" m="18538" /><E84/><V2/><F39/><W67/><G67/><T103/><D103/><U76/><E76/><V41/><F32/><W93/><G93/><AGARI ba="3,1" hai="20,21,22,58,59,85,90,93" m="18538,24138" machi="93" ten="30,1000,0" yaku="8,1" doraHai="8" who="1" fromWho="3" sc="109,0,249,29,485,0,147,-19" owari="109,-39.0,278,8.0,485,58.0,128,-27.0" />
</Scene>
</mjloggm>