<mjloggm ver="2.3"><GO type="169" lobby="0"/><UN n0="%E5%A4%AA%E3%81%8F%E3%81%AA%E3%81%84%E3%81%8A" n1="%4D%46%E9%A6%99%E5%B7%9D%E7%9C%9F%E5%8F%B8" n2="%E5%9B%BD%E8%A6%8B%E6%AF%94%E5%91%82" n3="%E7%B4%A0%E6%9C%B4%E3%81%AA%E5%91%B3%E3%82%8F%E3%81%84" dan="17,16,17,16" rate="2230.99,2104.86,2137.25,2086.56" sx="M,M,M,M"/><TAIKYOKU oya="0"/>

<Scene>
<INIT seed="0,0,0,5,0,51" ten="250,250,250,250" oya="0" hai0="53,52,78,11,34,24,56,90,122,46,127,74,23" hai1="87,2,134,31,21,120,45,79,118,12,43,92,100" hai2="81,14,116,49,75,106,84,42,38,126,101,60,15" hai3="102,103,26,7,112,80,3,68,4,115,119,0,94"/><T99/><D122/><U55/><E2/><V63/><F38/><W105/><G68/><T85/><D34/><U59/><E118/><V95/><F116/><W10/><G119/><T76/><D74/><U86/><E120/><V18/><F106/><W61/><G105/><T73/><D73/><U88/><E134/><V124/><F75/><W113/><G94/><N who="0" m="56791" /><D127/><N who="2" m="48682" /><F95/><W132/><G132/><T30/><D11/><U8/><E100/><V25/><F25/><W48/><G61/><N who="2" m="23625" /><F18/><W107/><G107/><T111/><D111/><U36/><E31/><V6/><F6/><W70/><G70/><T69/><D69/><U77/><E86/><V110/><F101/><W65/><G65/><T37/><D37/><U130/><E130/><V64/><F64/><W109/><G109/><T1/><D1/><U89/><E89/><N who="2" m="51343" /><F110/><W114/><G115/><T44/><D56/><U20/><E77/><N who="0" m="29801" /><D85/><U135/><E79/><V29/><F29/><W39/><G39/><T50/><D46/><AGARI ba="0,0" hai="14,15,42,46,49" m="51343,23625,48682" machi="46" ten="30,1000,0" yaku="18,1" doraHai="51" who="2" fromWho="0" sc="250,-10,250,0,250,10,250,0" />
</Scene>
<Scene>
<INIT seed="1,0,0,0,5,87" ten="240,250,260,250" oya="1" hai0="82,68,29,111,79,109,99,129,115,84,15,119,27" hai1="75,41,78,127,23,116,16,8,0,135,93,123,110" hai2="47,52,104,118,45,126,105,132,34,72,56,103,31" hai3="71,60,90,117,122,28,40,63,112,64,9,95,76"/><U49/><E116/><V91/><F118/><W80/><G112/><T114/><D119/><U24/><E123/><V101/><F72/><W73/><G122/><T58/><D68/><U26/><E127/><V42/><F126/><W32/><G40/><T14/><D129/><U69/><E69/><V96/><F132/><W48/><G9/><T106/><D58/><U77/><E135/><V74/><F74/><W2/><G2/><T102/><D14/><U10/><E110/><N who="0" m="41993" /><D15/><N who="1" m="9631" /><E75/><V39/><F47/><W125/><G125/><T35/><AGARI ba="0,0" hai="27,29,35,79,82,84,99,102,106,114,115" m="41993" machi="35" ten="30,1100,0" yaku="14,1" doraHai="87" who="0" fromWho="0" sc="240,11,250,-5,260,-3,250,-3" />
</Scene>
<Scene>
<INIT seed="2,0,0,4,5,133" ten="251,245,257,247" oya="2" hai0="114,6,96,121,100,19,15,88,81,79,134,43,2" hai1="63,46,89,37,25,24,47,53,132,76,61,82,59" hai2="20,9,127,77,36,44,102,122,48,106,131,110,87" hai3="16,85,33,14,40,80,135,57,69,124,128,90,26"/><V18/><F122/><W51/><G69/><T10/><D121/><U64/><E132/><V30/><F36/><W60/><G135/><T27/><D134/><U52/><E37/><V130/><F110/><W12/><G128/><N who="2" m="49193" /><F30/><W41/><G124/><T21/><D114/><U72/><E89/><V3/><F102/><W50/><G50/><T32/><D43/><U7/><E7/><N who="2" m="1279" /><F106/><W125/><G125/><T23/><D32/><U55/><REACH who="1" step="1"/><E63/><REACH who="1" ten="251,235,257,247" step="2"/><V22/><F127/><W28/><G51/><T113/><D88/><U111/><E111/><V45/><F48/><W29/><G60/><T65/><D113/><U120/><E120/><V93/><F77/><W109/><G90/><T98/><D100/><U5/><E5/><V67/><F44/><AGARI ba="0,1" hai="24,25,44,46,47,52,53,55,59,61,64,72,76,82" machi="44" ten="40,2600,0" yaku="1,1,54,1,53,0" doraHai="133" doraHaiUra="13" who="1" fromWho="2" sc="251,0,235,36,257,-26,247,0" />
</Scene>
<Scene>
<INIT seed="3,0,0,2,1,74" ten="251,271,231,247" oya="3" hai0="32,63,95,97,55,127,67,115,39,82,93,35,46" hai1="38,20,91,61,122,47,29,113,104,9,72,124,99" hai2="10,85,12,111,16,86,48,94,45,76,15,84,40" hai3="71,117,7,54,106,58,56,24,57,14,5,119,79"/><W92/><G106/><T66/><D127/><U89/><E72/><V6/><F111/><W2/><G2/><T121/><D121/><U31/><E113/><V96/><F76/><W3/><G3/><T75/><D115/><U81/><E122/><V51/><F48/><W30/><G71/><T50/><D39/><U70/><E9/><V131/><F131/><W0/><G0/><T118/><D118/><U80/><E124/><V42/><F42/><W69/><G69/><T34/><D63/><U27/><E31/><V128/><F128/><W8/><G92/><T11/><D11/><U23/><E23/><V53/><F40/><W22/><G5/><T73/><D93/><U112/><E112/><V100/><REACH who="2" step="1"/><F86/><REACH who="2" ten="251,271,221,247" step="2"/><W65/><G79/><T132/><D73/><U77/><E77/><V28/><F28/><W87/><G87/><T44/><D75/><U26/><E29/><V13/><F13/><W126/><G126/><T37/><D50/><U130/><E130/><V90/><F90/><W60/><REACH who="3" step="1"/><G57/><REACH who="3" ten="251,271,221,237" step="2"/><T62/><D46/><U17/><E70/><V109/><F109/><W1/><G1/><T98/><D44/><U33/><E47/><V41/><F41/><W110/><G110/><T108/><D108/><U52/><E104/><V133/><F133/><W25/><G25/><T105/><D132/><U88/><E26/><V19/><F19/><W116/><G116/><T21/><D105/><U120/><E17/><V101/><F101/><W102/><G102/><T135/><D135/><U123/><E27/><V59/><F59/><W36/><G36/><T107/><D37/><RYUUKYOKU ba="0,2" sc="251,-15,271,-15,221,15,237,15" hai2="6,10,12,15,16,45,51,53,84,85,94,96,100" hai3="7,8,14,22,24,30,54,56,58,60,65,117,119" />
</Scene>
<Scene>
<INIT seed="3,1,2,4,0,32" ten="236,256,236,252" oya="3" hai0="78,28,121,54,105,41,134,61,10,80,20,29,51" hai1="19,111,131,12,30,122,85,21,13,114,113,47,63" hai2="9,89,5,69,48,81,24,17,87,58,23,107,52" hai3="116,42,4,2,22,40,79,60,96,53,106,115,70"/><W129/><G115/><T38/><D121/><U18/><E122/><V37/><F37/><W15/><G116/><T86/><D105/><U66/><E111/><V11/><F107/><W44/><G129/><T3/><D134/><U108/><E131/><V68/><REACH who="2" step="1"/><F11/><REACH who="2" ten="236,256,226,252" step="2"/><W0/><G106/><T92/><D38/><U14/><E114/><V82/><F82/><W77/><G79/><T133/><D10/><U91/><E113/><V95/><F95/><W97/><G77/><T65/><D92/><U46/><E108/><V132/><F132/><W126/><G126/><T64/><D133/><U100/><E100/><V35/><F35/><W135/><G135/><T109/><D109/><U27/><E46/><V99/><F99/><W130/><G130/><T90/><D78/><U120/><E47/><V101/><F101/><W88/><G97/><T6/><D80/><U128/><E120/><V34/><F34/><W110/><G110/><T36/><D36/><U117/><E128/><V25/><F25/><W93/><G44/><T31/><D20/><U104/><E104/><V16/><F16/><W71/><G22/><T84/><D29/><U72/><E117/><V50/><F50/><W1/><G4/><T26/><D6/><U43/><E19/><V75/><F75/><W94/><G94/><T123/><D31/><U57/><E72/><V98/><F98/><W83/><G83/><T118/><D28/><U67/><E30/><V62/><F62/><W8/><G60/><T124/><D123/><U102/><E102/><V49/><F49/><W74/><G74/><T7/><D118/><RYUUKYOKU ba="1,3" sc="236,-10,256,-10,226,30,252,-10" hai2="5,9,17,23,24,48,52,58,68,69,81,87,89" />
</Scene>
<Scene>
<INIT seed="4,2,3,0,0,98" ten="226,246,256,242" oya="0" hai0="91,75,52,62,84,17,80,120,77,72,24,93,123" hai1="105,46,33,102,41,83,9,8,51,97,10,6,103" hai2="85,12,11,20,124,45,50,106,92,5,95,132,29" hai3="65,134,133,112,94,31,38,13,109,126,34,125,70"/><T100/><D72/><U18/><E33/><V121/><F121/><W79/><G38/><T114/><D114/><U108/><E108/><V90/><F106/><W61/><G109/><T26/><D123/><U57/><E83/><N who="2" m="49471" /><F132/><N who="3" m="50795" /><G112/><T118/><D120/><U101/><E6/><V87/><F124/><W71/><G79/><T49/><D118/><U23/><REACH who="1" step="1"/><E57/><REACH who="1" ten="226,236,256,242" step="2"/><V73/><F73/><W27/><G71/><T14/><D62/><U131/><E131/><V88/><F29/><W48/><G125/><T3/><D3/><U43/><E43/><N who="2" m="24895" /><F20/><W117/><G126/><T40/><D40/><U113/><E113/><V16/><F5/><W15/><G117/><T122/><D122/><U32/><E32/><V116/><F116/><W82/><G31/><T56/><REACH who="0" step="1"/><D100/><REACH who="0" ten="216,236,256,242" step="2"/><U21/><E21/><AGARI ba="2,5" hai="14,17,21,24,26,49,52,56,75,77,80,84,91,93" machi="21" ten="30,18000,2" yaku="1,1,2,1,7,1,25,2,54,1,53,0" doraHai="98" doraHaiUra="129" who="0" fromWho="1" sc="216,236,236,-186,256,0,242,0" />
</Scene>
<Scene>
<INIT seed="4,3,0,4,0,5" ten="452,50,256,242" oya="0" hai0="128,126,0,102,99,98,22,106,34,61,68,28,37" hai1="104,52,17,53,109,85,43,113,26,60,3,24,70" hai2="58,83,116,84,114,81,36,131,94,56,129,119,1" hai3="38,49,66,122,86,96,117,33,50,127,97,30,71"/><T132/><D22/><U39/><E104/><V105/><F36/><W63/><G117/><N who="2" m="45129" /><F1/><W13/><G38/><T47/><D99/><U54/><E109/><V100/><F58/><W40/><G127/><T77/><D77/><U59/><E113/><V51/><F56/><W112/><G112/><T92/><D92/><U76/><E70/><V120/><F51/><W73/><G73/><T123/><D126/><U48/><E3/><V107/><F114/><W14/><G122/><T89/><D89/><U90/><E39/><V118/><F120/><W80/><G30/><T95/><D95/><BYE who="0" /><U57/><E76/><N who="2" m="46119" /><F83/><W44/><G33/><T20/><D20/><U10/><E43/><V15/><F15/><W121/><G121/><T78/><D78/><U75/><E75/><V69/><F69/><W74/><G74/><T12/><D12/><N who="1" m="7319" /><E53/><V65/><F65/><W35/><G35/><T45/><D45/><U87/><E87/><V41/><F41/><W103/><G50/><T79/><D79/><U29/><E29/><UN n0="%E5%A4%AA%E3%81%8F%E3%81%AA%E3%81%84%E3%81%8A" /><V42/><F42/><W64/><G64/><N who="0" m="40975" /><D0/><U101/><E101/><V111/><F111/><W23/><G23/><T130/><D123/><U19/><E19/><V82/><F82/><AGARI ba="3,0" hai="24,26,48,52,54,57,59,60,82,85,90" m="7319" machi="82" ten="30,3900,0" yaku="8,1,52,1,54,1" doraHai="5" who="1" fromWho="2" sc="452,0,50,48,256,-48,242,0" />
</Scene>
<Scene>
<INIT seed="5,0,0,5,3,45" ten="452,98,208,242" oya="1" hai0="47,71,58,8,97,126,0,23,105,54,75,21,39" hai1="36,18,20,133,33,60,1,108,96,98,95,66,130" hai2="117,38,57,9,67,59,11,73,48,129,10,109,124" hai3="84,107,13,113,52,78,89,65,94,90,19,53,119"/><U72/><E33/><V69/><F73/><W3/><G107/><T123/><D71/><U121/><E1/><V85/><F117/><W92/><G3/><T106/><D75/><U24/><E121/><V114/><F109/><W77/><G113/><T112/><D21/><U93/><E36/><V115/><F38/><W27/><G27/><T135/><D23/><U134/><E72/><V42/><F129/><W44/><G65/><T102/><D106/><U88/><E108/><V86/><F69/><W87/><G119/><T17/><D112/><N who="2" m="43050" /><F124/><W37/><G37/><T50/><D126/><U28/><E130/><V101/><F101/><W26/><G26/><T31/><D31/><U56/><REACH who="1" step="1"/><E18/><REACH who="1" ten="452,88,208,242" step="2"/><V76/><F76/><N who="3" m="29291" /><G44/><T81/><D47/><U120/><E120/><V68/><F68/><W125/><G125/><T111/><D123/><U34/><E34/><V12/><F59/><W132/><G132/><T74/><D135/><U15/><E15/><V83/><F12/><W35/><G35/><T79/><D39/><U55/><E55/><N who="2" m="31975" /><F42/><W64/><G64/><T70/><D111/><U32/><E32/><V14/><F67/><W131/><G131/><T16/><D0/><U61/><E61/><V128/><F128/><W7/><G7/><T22/><D74/><U40/><E40/><V30/><F14/><W99/><G13/><T5/><D5/><U110/><E110/><V29/><F29/><W63/><G19/><T116/><D16/><U46/><E46/><V91/><F30/><W2/><G2/><T80/><D17/><U103/><AGARI ba="0,1" hai="20,24,28,56,60,66,88,93,95,96,98,103,133,134" machi="103" ten="30,12000,1" yaku="1,1,0,1,25,2,54,1,53,0" doraHai="45" doraHaiUra="122" who="1" fromWho="1" sc="452,-40,88,130,208,-40,242,-40" />
</Scene>
<Scene>
<INIT seed="5,1,0,5,0,130" ten="412,218,168,202" oya="1" hai0="61,80,13,70,96,53,129,94,45,88,83,118,110" hai1="39,27,91,57,71,7,127,78,59,117,79,108,26" hai2="69,2,103,135,10,64,14,72,111,42,47,73,82" hai3="38,54,124,107,3,55,131,102,87,75,24,0,34"/><U16/><E117/><V58/><F111/><W115/><G75/><T126/><D110/><U40/><E71/><V50/><F103/><W30/><G38/><T134/><D134/><U8/><E108/><V28/><F28/><W9/><G115/><T18/><D118/><U65/><E127/><V99/><F99/><W116/><G131/><T49/><D129/><U85/><E40/><V41/><F41/><W98/><G124/><T60/><D126/><U35/><E35/><V104/><F104/><W31/><G31/><T15/><D15/><N who="1" m="7271" /><E7/><V48/><F2/><W113/><G113/><T93/><D70/><U128/><E39/><V132/><F69/><W77/><G116/><T92/><D80/><N who="1" m="49575" /><E128/><V66/><F73/><W62/><G0/><T67/><D67/><U133/><E133/><N who="2" m="51275" /><F82/><W121/><G3/><T101/><D83/><U100/><E100/><V51/><F72/><W81/><G121/><T1/><D1/><U97/><E97/><V122/><F122/><W74/><G74/><T5/><D5/><U76/><E76/><V109/><F109/><W12/><G62/><N who="0" m="24171" /><D101/><U11/><E79/><V23/><F23/><AGARI ba="1,0" hai="13,18,23,45,49,53,88,92,93,94,96" m="24171" machi="23" ten="30,2000,0" yaku="8,1,54,1" doraHai="130" who="0" fromWho="2" sc="412,23,218,0,168,-23,202,0" />
</Scene>
<Scene>
<INIT seed="6,0,0,3,4,101" ten="435,218,145,202" oya="2" hai0="117,74,78,6,84,3,51,83,128,40,125,103,75" hai1="97,120,88,12,122,85,62,23,116,129,99,18,54" hai2="113,34,105,37,14,135,65,100,32,7,46,111,76" hai3="118,36,26,55,50,70,108,134,81,63,42,29,20"/><V4/><F113/><W121/><G118/><T126/><D117/><U43/><E43/><V41/><F65/><W71/><G108/><T61/><D128/><U77/><E77/><V64/><F64/><W39/><G121/><N who="1" m="46698" /><E129/><V33/><F135/><W9/><G134/><T69/><D103/><U67/><E54/><V119/><F119/><W106/><G106/><T57/><D69/><N who="1" m="42231" /><E116/><V35/><N who="2" m="8192" /><DORA hai="52" /><V109/><F76/><W49/><G49/><T16/><D16/><U123/><N who="1" m="46706" /><U0/><DORA hai="133" /><E0/><V89/><F89/><W104/><G104/><T92/><D92/><AGARI ba="0,0" hai="12,18,23,85,88,92,97,99" m="42231,46706" machi="92" ten="40,2600,0" yaku="13,1,54,1" doraHai="101,52,133" who="1" fromWho="0" sc="435,-26,218,26,145,0,202,0" />
</Scene>
<Scene>
<INIT seed="7,0,0,5,5,29" ten="409,244,145,202" oya="3" hai0="24,13,57,60,27,87,79,33,8,125,100,76,52" hai1="0,23,128,34,28,75,105,120,93,45,14,90,54" hai2="132,94,82,68,108,70,88,129,43,117,111,92,67" hai3="47,109,99,85,11,72,38,3,113,64,77,130,4"/><W7/><G113/><T16/><D125/><U46/><E105/><V36/><F117/><W96/><G130/><T114/><D114/><U73/><E0/><V61/><F129/><W2/><G85/><T91/><D100/><U19/><E120/><V115/><F115/><W97/><G64/><T20/><D33/><U17/><E128/><V98/><F70/><W84/><G84/><T15/><D15/><U112/><E112/><V74/><F132/><W30/><G30/><N who="0" m="17671" /><D27/><U63/><E34/><V131/><F131/><W26/><G26/><T71/><D71/><U49/><E28/><V135/><F135/><W102/><G109/><T118/><D118/><U81/><E81/><AGARI ba="0,0" hai="8,13,16,52,57,60,76,79,81,87,91" m="17671" machi="81" ten="30,3900,0" yaku="8,1,54,2" doraHai="29" who="0" fromWho="1" sc="409,39,244,-39,145,0,202,0" owari="448,54.0,205,1.0,145,-35.0,202,-20.0" />
</Scene>
</mjloggm>