<mjloggm ver="2.3"><GO type="169" lobby="0"/><UN n0="%E5%A4%AA%E3%81%8F%E3%81%AA%E3%81%84%E3%81%8A" n1="%E4%B8%AD%E6%9D%91%E8%B1%AA" n2="%6D%61%2D%62%6F%33%35" n3="%E3%83%90%E3%83%90%E3%82%A2%E3%81%AE%E6%97%A5%E5%82%98" dan="17,17,16,17" rate="2235.28,2164.44,2117.85,2181.73" sx="M,M,M,F"/><TAIKYOKU oya="0"/>

<Scene>
<INIT seed="0,0,0,3,4,73" ten="250,250,250,250" oya="0" hai0="103,106,90,135,55,104,88,12,18,93,15,3,38" hai1="75,77,71,14,32,5,127,117,110,39,8,58,59" hai2="92,95,29,131,120,118,0,129,80,22,1,42,68" hai3="64,20,128,16,66,109,86,119,57,85,83,61,130"/><T19/><D3/><U79/><E71/><V67/><F120/><W76/><G109/><T60/><D38/><U35/><E75/><V43/><F118/><W82/><G119/><T101/><D60/><U96/><E39/><V10/><F10/><W2/><G2/><T98/><D55/><U122/><E122/><V108/><F80/><W94/><G94/><T112/><D93/><U52/><E117/><V31/><F22/><W111/><G111/><T30/><D30/><U50/><E110/><V46/><F108/><W87/><G66/><T41/><D98/><U69/><E69/><V70/><F46/><W47/><G47/><T97/><D97/><U72/><E127/><V33/><F67/><W74/><REACH who="3" step="1"/><G83/><REACH who="3" ten="250,250,250,240" step="2"/><T6/><D112/><U56/><E96/><V134/><F134/><W45/><G45/><T17/><D135/><U126/><E126/><V23/><F23/><W11/><G11/><T63/><D106/><U133/><E133/><V107/><F33/><W54/><G54/><T100/><D104/><AGARI ba="0,1" hai="0,1,29,31,42,43,68,70,92,95,104,107,129,131" machi="104" ten="25,1600,0" yaku="22,2" doraHai="73" who="2" fromWho="0" sc="250,-16,250,0,250,26,240,0" />
</Scene>
<Scene>
<INIT seed="1,0,0,4,4,9" ten="234,250,276,240" oya="1" hai0="108,8,51,74,35,7,132,111,45,59,77,30,34" hai1="68,42,58,84,106,88,115,73,100,81,56,125,11" hai2="101,17,6,117,12,65,26,64,22,91,90,72,62" hai3="46,36,31,37,133,107,128,32,119,76,82,127,93"/><U55/><E68/><V52/><F72/><W43/><G107/><T102/><D132/><U97/><E115/><V123/><F123/><W98/><G127/><T5/><D102/><U92/><E125/><V118/><F101/><W53/><G128/><T87/><D74/><U70/><E70/><V71/><F118/><W110/><G110/><N who="0" m="42027" /><D59/><U126/><E126/><V75/><F75/><W66/><G66/><N who="2" m="25705" /><F71/><W79/><G79/><T19/><D19/><U0/><E42/><V1/><F1/><W69/><G69/><T29/><D77/><N who="1" m="44207" /><E55/><V121/><F121/><W116/><G53/><N who="0" m="29935" /><D87/><U95/><E92/><V3/><F3/><W96/><G93/><T39/><D39/><U63/><E63/><V16/><F117/><N who="3" m="45131" /><G36/><T86/><D86/><U20/><E20/><N who="2" m="11303" /><F6/><AGARI ba="0,0" hai="0,6,11,56,58,84,88,95,97,100,106" m="44207" machi="6" ten="30,2900,0" yaku="24,1,54,1" doraHai="9" who="1" fromWho="2" sc="234,0,250,29,276,-29,240,0" />
</Scene>
<Scene>
<INIT seed="1,1,0,1,3,2" ten="234,279,247,240" oya="1" hai0="13,15,110,113,12,0,54,91,121,86,72,39,19" hai1="129,127,94,81,8,56,130,47,118,82,108,55,49" hai2="5,131,119,92,31,115,104,99,21,6,117,9,95" hai3="3,67,35,26,128,38,132,61,48,69,89,71,50"/><U109/><E118/><V33/><F33/><W68/><G38/><T103/><D113/><U93/><E127/><V84/><F115/><W29/><G132/><T20/><D0/><U30/><E30/><V51/><F104/><W112/><G112/><T116/><D116/><U76/><E56/><V101/><F131/><N who="1" m="50185" /><E8/><V7/><F9/><W41/><G128/><T105/><D72/><N who="1" m="43143" /><E82/><V45/><F31/><W70/><G41/><T11/><D11/><U125/><E125/><V27/><F27/><W135/><G135/><T87/><D121/><U78/><E78/><V126/><F21/><W57/><G68/><T106/><D20/><U1/><E1/><V97/><F84/><W100/><G69/><T23/><D87/><U64/><E64/><V73/><F73/><W37/><G70/><T62/><D23/><U85/><E85/><V63/><F63/><W124/><G71/><T17/><D62/><U18/><E18/><V133/><F133/><W83/><G67/><T65/><D65/><U34/><E34/><V80/><F80/><W24/><G83/><T43/><D19/><U111/><AGARI ba="1,0" hai="47,49,55,93,94,108,109,111" m="43143,50185" machi="111" ten="40,7800,0" yaku="14,1,10,1,19,1" doraHai="2" who="1" fromWho="1" sc="234,-27,279,81,247,-27,240,-27" />
</Scene>
<Scene>
<INIT seed="1,2,0,4,3,41" ten="207,360,220,213" oya="1" hai0="54,79,107,38,2,90,103,51,28,24,46,99,113" hai1="17,98,78,36,76,122,45,7,53,11,97,81,135" hai2="109,1,87,27,85,117,105,57,89,50,23,12,104" hai3="48,52,0,20,74,6,73,96,108,120,19,118,64"/><U22/><E122/><V88/><F1/><W69/><G108/><T65/><D113/><U110/><E135/><V101/><F109/><W62/><G120/><T56/><D2/><U121/><E121/><V49/><F117/><W128/><G128/><T126/><D126/><U129/><E129/><V43/><F12/><W125/><G125/><T21/><D79/><U95/><E110/><V10/><F10/><W55/><G55/><T59/><D65/><U3/><E95/><V93/><F101/><W75/><G118/><T92/><REACH who="0" step="1"/><D38/><REACH who="0" ten="197,360,220,213" step="2"/><U39/><E78/><V8/><F8/><W37/><G37/><T124/><D124/><U83/><E39/><V127/><F127/><W67/><G0/><T63/><D63/><U60/><E60/><V58/><F50/><W130/><G48/><T112/><D112/><U13/><E36/><V71/><F71/><W91/><G69/><T134/><D134/><U5/><E76/><V111/><F111/><W34/><G130/><T61/><D61/><U94/><E3/><V77/><F77/><W102/><G62/><T25/><D25/><U123/><E123/><V31/><F49/><W9/><G75/><T84/><AGARI ba="2,1" hai="21,24,28,46,51,54,56,59,84,90,92,99,103,107" machi="84" ten="20,8000,1" yaku="1,1,0,1,7,1,52,1,53,1" doraHai="41" doraHaiUra="86" who="0" fromWho="0" sc="197,96,360,-42,220,-22,213,-22" />
</Scene>
<Scene>
<INIT seed="2,0,0,5,4,31" ten="293,318,198,191" oya="2" hai0="96,76,64,122,7,81,105,65,20,91,129,67,8" hai1="69,62,70,44,22,46,119,116,94,107,95,51,134" hai2="21,92,18,35,10,43,118,47,63,97,36,84,112" hai3="40,61,37,49,13,71,121,48,109,1,110,83,34"/><V131/><F118/><N who="1" m="45097" /><E22/><V125/><F112/><W135/><G1/><T128/><D122/><U77/><E77/><V54/><F131/><N who="0" m="50250" /><D20/><U88/><E107/><V17/><F125/><W24/><G13/><N who="0" m="5279" /><D91/><U90/><E51/><V2/><F84/><W74/><G49/><T99/><D105/><U102/><E62/><V55/><F35/><W19/><G135/><T14/><D14/><U115/><E102/><V52/><F63/><W15/><G48/><T53/><D53/><U25/><E25/><V11/><F2/><W57/><G121/><T103/><D103/><U82/><E115/><V41/><F41/><W73/><G40/><T60/><D60/><U100/><E100/><V38/><F38/><W120/><G37/><T32/><D32/><U113/><E113/><V26/><REACH who="2" step="1"/><F18/><REACH who="2" ten="293,318,188,191" step="2"/><W127/><G127/><T98/><D67/><U132/><E132/><V12/><F12/><W27/><G15/><T23/><D64/><U58/><E134/><V123/><F123/><W45/><G120/><T104/><D65/><U79/><E70/><V93/><F93/><W5/><G71/><T42/><D42/><U75/><E69/><V6/><F6/><W133/><G5/><T0/><D0/><U59/><E95/><V101/><AGARI ba="0,1" hai="10,11,17,21,26,36,43,47,52,54,55,92,97,101" machi="101" ten="30,6000,0" yaku="1,1,0,1,54,1,53,0" doraHai="31" doraHaiUra="124" who="2" fromWho="2" sc="293,-20,318,-20,188,70,191,-20" />
</Scene>
<Scene>
<INIT seed="2,1,0,2,4,61" ten="273,298,258,171" oya="2" hai0="122,95,43,21,17,2,104,120,34,66,0,100,54" hai1="29,50,80,84,30,113,135,63,88,28,22,64,56" hai2="124,25,52,4,47,114,19,18,57,132,51,129,92" hai3="97,5,45,58,128,111,39,23,69,133,20,16,121"/><V118/><F114/><W123/><G69/><T14/><D104/><U90/><E135/><V110/><F118/><W67/><G111/><T40/><D34/><U89/><E113/><V79/><F132/><W93/><G133/><T75/><D75/><U94/><E50/><V6/><F110/><W35/><G35/><T105/><D105/><U78/><REACH who="1" step="1"/><E22/><REACH who="1" ten="273,288,258,171" step="2"/><N who="2" m="13527" /><F129/><W70/><G23/><T68/><D21/><U27/><E27/><V115/><F124/><W32/><G128/><T41/><D122/><U107/><E107/><V76/><F115/><W98/><G32/><T72/><D120/><U11/><E11/><V83/><F51/><W36/><G123/><T65/><D41/><U55/><E55/><V131/><F52/><W81/><G121/><T73/><D54/><U7/><E7/><V15/><F4/><W127/><G5/><T86/><D43/><U9/><E9/><V3/><F6/><W44/><G127/><T37/><D40/><U71/><E71/><V108/><F131/><W119/><G70/><T77/><D68/><U1/><E1/><V12/><F3/><W60/><G36/><T53/><D37/><U59/><E59/><V13/><F57/><W42/><G44/><T91/><D0/><U99/><AGARI ba="1,1" hai="28,29,30,56,63,64,78,80,84,88,89,90,94,99" machi="99" ten="30,8000,1" yaku="1,1,0,1,8,1,52,1,54,1,53,0" doraHai="61" doraHaiUra="102" who="1" fromWho="1" sc="273,-21,288,93,258,-41,171,-21" />
</Scene>
<Scene>
<INIT seed="3,0,0,2,3,105" ten="252,381,217,150" oya="3" hai0="5,59,7,114,9,71,99,112,61,17,25,109,89" hai1="40,1,106,75,67,135,100,15,38,111,96,73,122" hai2="70,77,90,50,92,55,49,36,53,28,44,101,81" hai3="129,63,107,102,104,35,62,133,117,134,19,24,72"/><W68/><G117/><T131/><D71/><U23/><E122/><V84/><F70/><W27/><G129/><T13/><D131/><U37/><E15/><V108/><F108/><W121/><G121/><T56/><D109/><U30/><E111/><V51/><F28/><N who="3" m="19847" /><G62/><T34/><D34/><U6/><E23/><V14/><F101/><W95/><G95/><N who="0" m="56815" /><D56/><U123/><E123/><V91/><F14/><W88/><G88/><T132/><D25/><U120/><E120/><V11/><F11/><W82/><G19/><T76/><D76/><U42/><E30/><V93/><F36/><W79/><G27/><T85/><D85/><U127/><E37/><V128/><F128/><W110/><G110/><T124/><D17/><U3/><E38/><V29/><F29/><W10/><G10/><T8/><D8/><U86/><E86/><V113/><F113/><W83/><G83/><T126/><D112/><U39/><E39/><V45/><REACH who="2" step="1"/><F51/><REACH who="2" ten="252,381,207,150" step="2"/><W58/><G68/><T115/><D115/><U60/><E100/><V52/><F52/><N who="3" m="34247" /><G102/><T94/><D114/><U116/><E116/><V65/><F65/><W125/><G125/><T20/><D126/><U32/><E67/><V2/><F2/><W22/><G22/><T43/><D20/><U12/><E3/><V47/><F47/><W66/><G66/><T4/><D124/><U78/><E1/><V16/><F16/><W41/><G41/><T80/><D43/><U57/><E127/><V69/><F69/><W64/><G64/><T0/><D0/><U18/><E40/><V31/><F31/><W119/><G119/><RYUUKYOKU ba="0,1" sc="252,-15,381,-15,207,15,150,15" hai2="44,45,49,50,53,55,77,81,84,90,91,92,93" hai3="72,79,82,104,107,133,134" />
</Scene>
<Scene>
<INIT seed="3,1,1,5,2,30" ten="237,366,222,165" oya="3" hai0="21,42,97,118,47,2,124,88,106,131,63,86,93" hai1="73,60,46,132,71,18,15,74,45,113,79,126,44" hai2="112,91,110,121,36,84,102,10,70,78,82,59,90" hai3="35,107,115,133,43,111,108,105,89,9,31,109,123"/><W77/><G115/><T64/><D118/><U16/><E113/><V19/><F70/><W51/><G133/><T33/><D33/><U120/><E120/><V14/><F36/><W125/><G125/><T50/><D2/><U5/><E5/><V94/><F110/><W119/><G119/><T72/><D72/><U7/><E7/><V129/><F129/><W40/><G77/><T117/><D117/><U114/><E114/><V135/><F135/><W128/><G128/><T68/><D131/><U127/><E132/><V87/><F121/><W48/><G9/><T95/><D124/><N who="1" m="47659" /><E79/><V130/><F130/><W22/><G22/><T98/><D106/><N who="3" m="40457" /><G89/><T17/><REACH who="0" step="1"/><D93/><REACH who="0" ten="227,366,222,165" step="2"/><U116/><E116/><V6/><F112/><W24/><G123/><T55/><D55/><U37/><E74/><V96/><F59/><W34/><G35/><T61/><D61/><U85/><E73/><V27/><F84/><W58/><G58/><T3/><D3/><U69/><E85/><V29/><REACH who="2" step="1"/><F6/><REACH who="2" ten="227,366,212,165" step="2"/><W23/><G34/><AGARI ba="1,3" hai="10,14,19,27,29,34,78,82,87,90,91,94,96,102" machi="34" ten="30,7700,0" yaku="1,1,2,1,7,1,52,1,53,0" doraHai="30" doraHaiUra="67" who="2" fromWho="3" sc="227,0,366,0,212,110,165,-80" />
</Scene>
<Scene>
<INIT seed="4,0,0,5,2,51" ten="227,366,322,85" oya="0" hai0="93,13,98,16,83,113,17,112,58,10,90,81,66" hai1="62,23,102,12,116,103,87,35,67,20,71,0,9" hai2="4,117,25,84,33,77,123,70,52,56,43,125,118" hai3="72,78,132,50,97,135,119,61,107,127,44,114,105"/><T41/><D41/><U32/><E0/><V99/><F70/><W19/><G119/><N who="2" m="45577" /><F123/><W63/><G114/><T47/><D47/><U85/><E116/><V59/><F4/><W2/><G2/><T29/><D29/><U124/><E124/><V108/><F108/><W65/><G127/><T76/><D17/><U130/><E130/><V36/><F125/><W49/><G72/><T28/><D28/><U31/><E23/><V54/><F99/><W111/><G111/><T126/><D126/><U75/><E75/><V100/><F100/><W64/><G97/><T96/><D96/><U26/><E85/><V94/><F33/><W3/><G3/><T91/><D91/><U11/><E11/><V30/><F36/><W128/><G19/><T18/><D18/><U115/><E115/><N who="0" m="44105" /><D76/><U14/><E87/><V27/><F43/><W92/><G44/><T129/><D129/><U121/><E121/><V89/><F77/><W15/><G128/><T74/><D74/><U34/><REACH who="1" step="1"/><E14/><REACH who="1" ten="227,356,322,85" step="2"/><V6/><F30/><W86/><G86/><T104/><D104/><U73/><E73/><V37/><F6/><AGARI ba="0,1" hai="6,9,12,20,26,31,32,34,35,62,67,71,102,103" machi="6" ten="40,2600,0" yaku="1,1,53,1" doraHai="51" doraHaiUra="57" who="1" fromWho="2" sc="227,0,356,36,322,-26,85,0" />
</Scene>
<Scene>
<INIT seed="5,0,0,4,1,105" ten="227,392,296,85" oya="1" hai0="74,43,116,2,87,132,31,42,40,26,134,98,18" hai1="119,120,59,22,114,37,5,12,90,45,91,47,77" hai2="111,25,121,80,58,66,104,100,89,93,67,13,48" hai3="64,129,36,72,127,44,65,39,76,51,4,131,126"/><U125/><E119/><V56/><F121/><W112/><G4/><T101/><D116/><U84/><E120/><V118/><F111/><W50/><G76/><T122/><D122/><U10/><E114/><V99/><F118/><W29/><G29/><T117/><D117/><U24/><E125/><N who="3" m="47626" /><G112/><T79/><D2/><U41/><E59/><V32/><F13/><W19/><G19/><T11/><D87/><U9/><E9/><V75/><F32/><W97/><G97/><T82/><D18/><U96/><E96/><V3/><F25/><W55/><G51/><T68/><D68/><U130/><E130/><N who="3" m="49674" /><G72/><T128/><D11/><U78/><E78/><N who="2" m="44127" /><F3/><W20/><G20/><T35/><REACH who="0" step="1"/><D128/><REACH who="0" ten="217,392,296,85" step="2"/><U27/><E84/><N who="2" m="52391" /><F48/><W6/><G6/><T34/><D34/><U8/><E5/><V88/><F99/><W53/><G53/><T109/><D109/><U15/><E10/><V16/><F16/><W49/><G49/><T54/><D54/><U33/><E8/><V69/><F104/><AGARI ba="0,1" hai="26,31,35,40,42,43,74,79,82,98,101,104,132,134" machi="104" ten="40,2600,0" yaku="1,1,52,1,53,0" doraHai="105" doraHaiUra="17" who="0" fromWho="2" sc="217,36,392,0,296,-26,85,0" />
</Scene>
<Scene>
<INIT seed="6,0,0,5,5,39" ten="253,392,270,85" oya="2" hai0="42,43,5,52,124,35,30,70,111,50,135,94,18" hai1="45,95,79,97,37,78,74,7,29,88,100,36,81" hai2="120,51,123,110,73,1,90,118,6,98,75,9,48" hai3="89,34,19,114,134,28,77,15,57,105,0,55,104"/><V86/><F118/><W127/><G0/><T27/><D111/><U121/><E78/><V103/><F110/><W59/><G104/><T24/><D70/><U133/><E133/><V126/><F126/><W31/><G105/><T108/><D108/><U87/><E45/><V44/><F51/><W49/><G34/><T17/><D5/><U129/><E129/><V80/><F75/><W38/><G38/><T93/><D135/><U102/><E102/><V113/><F73/><W69/><G69/><T65/><D65/><U20/><E7/><V106/><REACH who="2" step="1"/><F113/><REACH who="2" ten="253,392,260,85" step="2"/><W66/><G114/><T91/><D124/><U54/><E37/><V117/><F117/><W14/><G127/><T76/><D50/><U61/><E36/><V83/><F83/><W64/><G134/><T131/><D131/><U99/><E74/><V21/><F21/><W22/><G22/><T116/><D116/><U132/><E81/><V67/><F67/><W11/><G64/><T60/><D35/><U68/><E20/><V25/><F25/><W12/><G66/><T8/><D27/><U32/><E32/><V128/><F128/><W33/><G33/><T26/><D24/><U23/><E23/><V82/><F82/><W46/><G49/><T84/><D26/><U130/><E130/><V63/><F63/><W107/><G31/><T109/><D30/><U115/><E61/><V41/><AGARI ba="0,1" hai="1,6,9,41,44,48,80,86,90,98,103,106,120,123" machi="41" ten="20,12000,1" yaku="1,1,0,1,7,1,52,1,53,1" doraHai="39" doraHaiUra="101" who="2" fromWho="2" sc="253,-40,392,-40,260,130,85,-40" />
</Scene>
<Scene>
<INIT seed="6,1,0,5,4,51" ten="213,352,390,45" oya="2" hai0="68,12,125,0,131,85,63,129,50,54,134,102,56" hai1="62,111,28,41,42,82,2,6,44,52,109,53,115" hai2="118,80,73,112,4,39,87,22,30,91,57,126,18" hai3="116,117,36,99,132,1,20,64,40,72,110,60,89"/><V25/><F118/><W43/><G20/><T77/><D0/><U128/><E28/><V119/><F39/><W16/><G99/><T79/><D102/><U88/><E115/><V19/><F119/><W31/><G31/><T120/><D120/><U32/><E32/><V49/><F112/><W48/><G89/><T97/><D97/><U26/><E26/><V81/><F126/><W35/><G16/><N who="2" m="6185" /><F73/><W10/><G10/><T130/><D12/><U23/><E23/><V122/><F122/><W103/><G103/><T34/><D34/><U123/><E123/><V94/><F4/><W66/><G35/><T113/><D113/><U65/><E6/><V69/><F69/><N who="3" m="42119" /><G72/><T133/><D125/><U106/><E2/><V83/><F83/><W78/><G78/><N who="0" m="29707" /><D85/><U90/><E106/><V127/><F127/><W108/><G1/><T15/><D15/><U70/><E82/><V95/><F80/><W101/><G101/><T13/><D13/><U135/><E90/><V3/><F3/><W14/><G14/><T58/><D68/><U45/><E88/><V61/><F49/><W38/><G116/><T24/><D24/><U7/><E7/><V27/><F27/><W9/><G117/><T93/><D93/><U105/><E105/><V59/><F59/><W107/><G107/><T11/><D11/><U124/><E124/><V76/><F76/><W55/><G36/><T8/><D8/><U100/><E100/><V21/><F21/><W33/><G9/><T47/><D58/><U84/><E84/><V86/><F87/><W37/><G38/><T75/><D75/><RYUUKYOKU ba="1,0" sc="213,15,352,-15,390,15,45,-15" hai0="47,50,54,56,63,129,130,131,133,134" hai2="22,25,30,57,61,81,86,91,94,95" />
</Scene>
<Scene>
<INIT seed="6,2,0,0,3,14" ten="228,337,405,30" oya="2" hai0="72,74,10,82,64,56,24,88,113,105,112,0,4" hai1="27,67,90,60,98,40,122,126,114,81,19,20,128" hai2="46,11,8,68,109,101,26,86,17,87,123,110,6" hai3="102,100,22,125,97,118,1,129,37,55,80,63,18"/><V21/><F68/><W135/><G37/><T39/><D105/><U96/><E114/><N who="0" m="44137" /><D39/><U71/><E128/><V2/><F123/><W44/><G1/><T108/><D108/><N who="2" m="41578" /><F101/><W94/><G125/><T75/><D24/><U54/><E126/><V62/><F62/><W23/><G135/><T73/><D64/><U61/><E40/><V120/><F120/><W116/><G23/><T38/><D38/><U16/><E122/><V59/><F59/><W52/><G129/><T69/><D69/><U5/><E5/><N who="2" m="1079" /><F46/><W85/><G102/><T34/><D34/><U89/><E54/><V77/><F77/><W79/><G55/><T35/><D35/><U3/><E3/><AGARI ba="2,0" hai="3,6,11,17,21,26,86,87" m="1079,41578" machi="3" ten="30,2900,0" yaku="10,1,52,1" doraHai="14" who="2" fromWho="1" sc="228,0,337,-35,405,35,30,0" />
</Scene>
<Scene>
<INIT seed="6,3,0,3,0,117" ten="228,302,440,30" oya="2" hai0="104,12,18,8,66,112,35,106,134,28,99,89,114" hai1="25,107,1,55,38,23,123,126,75,6,80,15,131" hai2="115,62,53,93,129,14,48,11,97,0,109,20,30" hai3="111,133,105,69,108,17,125,52,10,135,27,101,82"/><V124/><F0/><W81/><G69/><T102/><D134/><N who="3" m="51209" /><G27/><N who="0" m="18847" /><D89/><U58/><E107/><V50/><F124/><W22/><G17/><T43/><D43/><U32/><E38/><V120/><F129/><W71/><G22/><T116/><D116/><U90/><E131/><V44/><F115/><N who="0" m="44074" /><D66/><U113/><E113/><V68/><F68/><W72/><G10/><T76/><D76/><U127/><E1/><V21/><F21/><W94/><G52/><T33/><D33/><U110/><E110/><N who="3" m="42026" /><G71/><T47/><D47/><U37/><E32/><V103/><F20/><W122/><G105/><AGARI ba="3,0" hai="8,12,18,99,102,104,105,106" m="44074,18847" machi="105" ten="30,1000,0" yaku="15,1" doraHai="117" who="0" fromWho="3" sc="228,19,302,0,440,0,30,-19" />
</Scene>
<Scene>
<INIT seed="7,0,0,3,1,126" ten="247,302,440,11" oya="3" hai0="96,42,64,5,74,45,62,117,60,30,59,32,83" hai1="54,47,39,124,109,135,63,132,25,104,35,84,12" hai2="66,129,3,78,111,90,19,82,92,88,8,9,1" hai3="20,89,86,28,23,125,98,13,68,40,122,70,112"/><W55/><G125/><T94/><D117/><U100/><E124/><V106/><F106/><W15/><G112/><T93/><D5/><U16/><E109/><V108/><F66/><W4/><G122/><T18/><D32/><U99/><E84/><V76/><F92/><W57/><G70/><T80/><D30/><U77/><E77/><V95/><F95/><W134/><G68/><T123/><D123/><U38/><E63/><V0/><F0/><W128/><G134/><T69/><D18/><U7/><E7/><V71/><F71/><W29/><G40/><T6/><D6/><U105/><E105/><V118/><F19/><N who="3" m="10351" /><G98/><T24/><D24/><U21/><E54/><V97/><F97/><W41/><G41/><T36/><D74/><U65/><E65/><V17/><F118/><W75/><G75/><T49/><D62/><U67/><E67/><V120/><F120/><W56/><G128/><T37/><D37/><N who="1" m="13835" /><E47/><V58/><F111/><W127/><G127/><T22/><D22/><U113/><E113/><V110/><F108/><W52/><G57/><T85/><D96/><U46/><E46/><V53/><F58/><W61/><G55/><N who="0" m="32239" /><D80/><U81/><E81/><V115/><F53/><W14/><G4/><T119/><D119/><U102/><E102/><V11/><F115/><W130/><G130/><T44/><D44/><U133/><E35/><V101/><F129/><W48/><G61/><T27/><D27/><AGARI ba="0,0" hai="12,16,21,25,27,99,100,104,132,133,135" m="13835" machi="27" ten="40,2600,0" yaku="20,1,54,1" doraHai="126" who="1" fromWho="0" sc="247,-26,302,26,440,0,11,0" owari="221,-18.0,328,13.0,440,54.0,11,-49.0" />
</Scene>
</mjloggm>