<mjloggm ver="2.3"><GO type="169" lobby="0"/><UN n0="%E3%82%A6%E3%82%A3%E3%83%89%E3%82%A5%EF%BC%A0%E9%98%AA%E7%A5%9E" n1="%E5%A4%AA%E3%81%8F%E3%81%AA%E3%81%84%E3%81%8A" n2="%E3%83%95%E3%83%AA%E3%83%86%E3%83%B3" n3="%68%65%61%6C%74%68%79%37" dan="16,18,17,16" rate="2182.19,2188.63,2098.88,2059.67" sx="M,M,M,M"/><TAIKYOKU oya="0"/>

<Scene>
<INIT seed="0,0,0,4,4,102" ten="250,250,250,250" oya="0" hai0="126,70,132,135,131,107,36,51,41,27,54,86,100" hai1="99,98,15,121,65,31,69,53,37,10,7,12,90" hai2="118,23,50,0,5,103,84,47,55,75,92,93,110" hai3="63,94,112,59,58,96,61,130,17,128,73,111,25"/><T30/><D70/><U74/><E121/><V76/><F110/><W114/><G73/><T79/><D126/><U119/><E119/><V11/><F118/><W122/><G111/><T133/><D131/><N who="3" m="50217" /><G122/><T35/><D36/><U129/><E74/><V28/><F75/><W52/><G17/><T4/><D41/><U33/><E37/><V68/><F68/><W66/><G25/><T18/><D4/><U108/><E108/><V80/><REACH who="2" step="1"/><F103/><AGARI ba="0,0" hai="52,58,59,61,63,66,94,96,103,112,114" m="50217" machi="103" ten="30,2000,0" yaku="19,1,54,1" doraHai="102" who="3" fromWho="2" sc="250,0,250,0,250,-20,250,20" />
</Scene>
<Scene>
<INIT seed="1,0,0,4,4,109" ten="250,250,230,270" oya="1" hai0="75,90,63,34,57,16,27,98,0,7,77,28,48" hai1="97,26,52,56,108,12,62,23,111,24,112,6,87" hai2="106,11,50,118,93,42,78,30,135,125,99,59,101" hai3="67,25,116,96,21,68,103,44,39,88,45,43,134"/><U122/><E122/><V110/><F110/><N who="1" m="42025" /><E112/><V121/><F118/><W94/><G68/><T17/><D48/><U69/><E69/><V133/><F78/><W49/><G67/><T80/><D0/><U33/><E33/><V37/><F11/><W29/><G134/><T130/><D7/><U38/><E38/><V41/><F93/><W76/><G76/><T61/><D130/><U115/><E115/><V81/><F81/><W53/><REACH who="3" step="1"/><G116/><REACH who="3" ten="250,250,230,260" step="2"/><T1/><D77/><U129/><E129/><V3/><F133/><W10/><G10/><T8/><D8/><N who="1" m="4119" /><E23/><V18/><F135/><W40/><G40/><T100/><D34/><U72/><E72/><V117/><F42/><W19/><G19/><T66/><D17/><U104/><E87/><V22/><F18/><W86/><G86/><T4/><D16/><U131/><E131/><V65/><F22/><W36/><G36/><T51/><D75/><U105/><E97/><V20/><F37/><W89/><AGARI ba="0,1" hai="21,25,29,39,43,44,45,49,53,88,89,94,96,103" machi="89" ten="30,8000,1" yaku="1,1,0,1,54,1,53,2" doraHai="109" doraHaiUra="85" who="3" fromWho="3" sc="250,-20,250,-40,230,-20,260,90" />
</Scene>
<Scene>
<INIT seed="2,0,0,5,3,94" ten="230,210,210,350" oya="2" hai0="56,15,48,96,110,60,27,101,29,105,127,36,11" hai1="112,32,34,42,74,65,5,13,108,67,106,61,49" hai2="115,87,131,72,117,17,135,59,6,38,134,43,111" hai3="7,124,41,120,63,103,25,50,40,1,31,68,73"/><V71/><F72/><W3/><G73/><T104/><D36/><U80/><E112/><V57/><F115/><W69/><G124/><T37/><D37/><U23/><E106/><V116/><F6/><W54/><G103/><T21/><D127/><U0/><E0/><V12/><F87/><W82/><G82/><T76/><D110/><U125/><E125/><V16/><F71/><W98/><G98/><T88/><D48/><U14/><E108/><V66/><F111/><W30/><G7/><T53/><D76/><U26/><E42/><V35/><F35/><W97/><G50/><T85/><D105/><U102/><E49/><V130/><F43/><W78/><G78/><T58/><D58/><U132/><E102/><V91/><F38/><W28/><G25/><T79/><D79/><U20/><E132/><V109/><F109/><W51/><G51/><T75/><D75/><U70/><E65/><V81/><F12/><W33/><G33/><T128/><D128/><U62/><E14/><V100/><F100/><W24/><G24/><T46/><D46/><U92/><E26/><V90/><REACH who="2" step="1"/><F66/><REACH who="2" ten="230,210,200,350" step="2"/><W133/><G1/><T84/><REACH who="0" step="1"/><D88/><REACH who="0" ten="220,210,200,350" step="2"/><U107/><E74/><V2/><F2/><W95/><G3/><T9/><D9/><U39/><E39/><V121/><F121/><W18/><G120/><T126/><D126/><U114/><E70/><V10/><F10/><W93/><G69/><T119/><D119/><U83/><E114/><V123/><F123/><W86/><G68/><T55/><D55/><U64/><E64/><V77/><F77/><W44/><G54/><RYUUKYOKU ba="0,2" sc="220,15,210,-15,200,15,350,-15" hai0="11,15,21,27,29,53,56,60,84,85,96,101,104" hai2="16,17,57,59,81,90,91,116,117,130,131,134,135" />
</Scene>
<Scene>
<INIT seed="2,1,2,3,5,24" ten="235,195,215,335" oya="2" hai0="37,68,12,125,117,7,17,46,97,134,36,56,118" hai1="111,6,116,0,98,10,99,14,77,39,8,78,25" hai2="33,31,119,79,21,1,107,59,87,74,128,16,115" hai3="126,38,104,73,83,65,62,42,102,93,85,129,94"/><V96/><F115/><W121/><G129/><T101/><D68/><U89/><E116/><N who="0" m="44649" /><D134/><U81/><E39/><V120/><F1/><W80/><G38/><T110/><D110/><U18/><E111/><V103/><F74/><W69/><G42/><T95/><D125/><U3/><E3/><V11/><F119/><W72/><G83/><T105/><D7/><U5/><E5/><V30/><F33/><W84/><G121/><T35/><D35/><U76/><REACH who="1" step="1"/><E25/><REACH who="1" ten="235,185,215,335" step="2"/><N who="2" m="14503" /><F120/><W45/><G126/><T61/><D37/><U122/><E122/><V108/><F108/><W63/><G73/><T28/><D36/><U27/><E27/><V132/><F132/><W92/><G72/><T44/><D12/><U135/><E135/><V49/><F128/><W22/><G84/><AGARI ba="1,3" hai="0,6,8,10,14,18,76,77,78,81,84,89,98,99" machi="84" ten="40,2600,0" yaku="1,1,53,1" doraHai="24" doraHaiUra="32" who="1" fromWho="3" sc="235,0,185,59,215,0,335,-29" />
</Scene>
<Scene>
<INIT seed="3,0,0,0,4,86" ten="235,244,215,306" oya="3" hai0="22,19,81,82,122,15,131,68,55,126,10,12,135" hai1="51,37,76,41,127,0,92,48,35,47,59,70,11" hai2="6,60,114,124,33,73,61,129,119,25,67,63,44" hai3="90,106,128,83,53,89,121,118,49,5,62,108,9"/><W112/><G106/><T78/><D122/><U40/><E35/><V4/><F114/><W30/><G121/><T50/><D68/><U39/><E76/><V132/><F73/><W107/><G107/><T117/><D117/><U24/><E24/><V88/><F119/><W16/><G112/><T29/><D126/><U96/><E70/><V100/><F100/><W18/><G118/><T20/><D131/><U1/><E127/><V42/><F67/><W98/><G30/><T109/><D135/><U64/><E64/><V79/><F79/><W134/><G134/><T56/><D109/><U74/><E74/><V3/><F129/><W45/><G128/><T77/><D77/><U113/><E113/><V110/><F110/><W75/><G62/><T31/><D22/><U32/><E32/><V34/><F124/><W21/><G98/><T26/><D15/><U102/><E59/><V125/><F132/><W66/><G66/><T69/><D69/><U93/><E11/><V116/><F34/><W57/><G57/><T46/><D56/><U58/><E58/><V94/><F3/><W28/><G75/><T36/><D36/><U123/><E123/><V17/><F116/><W84/><G90/><T111/><D111/><U8/><E96/><N who="2" m="57415" /><F125/><W14/><G108/><T97/><D97/><U91/><E102/><V54/><F33/><W120/><G120/><T38/><D38/><U85/><E91/><V133/><F133/><W13/><G13/><T87/><D81/><U23/><E0/><V99/><F61/><W115/><G115/><T71/><D71/><U95/><E1/><RYUUKYOKU ba="0,0" sc="235,15,244,-15,215,-15,306,15" hai0="10,12,19,20,26,29,31,46,50,55,78,82,87" hai3="5,9,14,16,18,21,28,45,49,53,83,84,89" />
</Scene>
<Scene>
<INIT seed="3,1,0,3,4,77" ten="250,229,200,321" oya="3" hai0="82,110,28,50,47,133,2,87,90,37,103,79,72" hai1="71,36,62,16,35,46,54,33,81,66,121,112,27" hai2="102,70,43,131,91,120,5,80,117,106,68,14,88" hai3="59,135,9,0,4,124,45,52,97,100,111,113,93"/><W78/><G113/><T114/><D37/><U108/><E112/><V15/><F117/><W73/><G135/><T65/><D114/><U39/><E121/><V31/><F120/><W85/><G124/><T7/><D133/><U116/><E116/><V127/><F127/><W57/><G73/><T20/><D65/><U86/><E108/><V92/><F43/><W55/><G111/><T75/><D110/><U134/><E134/><V130/><F106/><W25/><G25/><T126/><D126/><U44/><E33/><V58/><F31/><W51/><REACH who="3" step="1"/><G55/><REACH who="3" ten="250,229,200,311" step="2"/><T94/><D75/><U105/><E54/><V1/><F130/><W42/><G42/><T76/><D72/><U10/><E27/><V67/><F131/><W12/><G12/><T109/><D109/><U49/><E35/><V40/><F15/><W84/><G84/><T107/><D2/><U69/><E86/><V119/><F40/><W56/><G56/><T83/><D87/><U123/><E123/><V22/><F1/><W74/><G74/><T11/><D79/><U96/><E69/><V48/><F119/><W18/><G18/><T60/><D76/><U32/><E16/><N who="2" m="10519" /><F70/><W3/><G3/><T104/><D28/><U89/><E71/><V17/><F17/><W8/><G8/><T21/><D11/><U38/><E10/><V125/><F125/><W19/><G19/><T53/><D7/><U132/><E32/><V98/><F5/><W101/><G101/><T29/><D103/><U34/><E34/><V61/><F80/><AGARI ba="1,1" hai="0,4,9,45,51,52,57,59,78,80,85,93,97,100" machi="80" ten="40,12000,1" yaku="1,1,52,1,54,1,53,1" doraHai="77" doraHaiUra="6" who="3" fromWho="2" sc="250,0,229,0,200,-123,311,133" />
</Scene>
<Scene>
<INIT seed="3,2,0,1,3,91" ten="250,229,77,444" oya="3" hai0="115,3,121,20,103,118,7,93,62,66,82,42,28" hai1="129,23,45,113,67,120,50,55,59,86,110,94,83" hai2="64,31,89,47,48,16,96,95,125,109,88,58,102" hai3="135,27,84,46,25,35,57,71,100,4,73,99,77"/><W15/><G71/><T40/><D118/><U38/><E120/><V54/><F109/><W132/><G73/><T17/><D121/><U78/><E113/><V69/><F125/><W87/><G35/><T34/><D82/><U5/><E110/><V6/><F69/><W51/><G57/><T108/><D108/><U63/><E129/><V32/><F6/><W74/><G74/><T111/><D111/><U81/><E38/><V130/><F130/><W105/><G15/><T128/><D128/><U104/><E104/><V2/><F2/><W107/><G107/><T133/><D133/><N who="3" m="51273" /><G4/><T117/><D7/><U19/><E5/><V44/><F31/><W65/><G65/><T61/><D3/><U101/><E81/><V52/><F32/><W56/><G56/><T13/><D66/><U79/><E79/><V39/><F64/><W75/><G75/><T8/><D34/><U134/><E134/><V98/><F98/><W0/><G0/><T22/><D28/><U119/><E119/><V97/><F97/><W10/><G10/><T80/><D8/><U131/><E131/><V33/><F33/><W43/><G77/><T126/><D117/><U127/><E78/><V124/><F124/><W114/><G114/><T90/><D115/><U49/><E127/><V123/><F123/><W92/><G105/><T41/><D22/><U70/><E67/><V30/><F30/><W116/><G116/><T72/><D126/><U1/><E1/><V85/><F85/><AGARI ba="2,0" hai="25,27,43,46,51,84,85,87,92,99,100" m="51273" machi="85" ten="30,2900,0" yaku="20,1,52,1" doraHai="91" who="3" fromWho="2" sc="250,0,229,0,77,-35,444,35" />
</Scene>
<Scene>
<INIT seed="3,3,0,0,4,103" ten="250,229,42,479" oya="3" hai0="83,42,30,114,53,129,80,86,98,84,73,108,60" hai1="89,67,38,120,1,48,101,61,106,43,110,107,126" hai2="8,63,10,0,99,23,4,52,49,57,39,68,128" hai3="12,119,65,87,13,111,113,51,20,33,75,44,21"/><W14/><G75/><T29/><D73/><U62/><E120/><V19/><F128/><W125/><G119/><T123/><D123/><U25/><E1/><V133/><F133/><W40/><G113/><T16/><D42/><U132/><E38/><V46/><F10/><W96/><G33/><T130/><D98/><U90/><E101/><V122/><F122/><W22/><G125/><T35/><D108/><U109/><E132/><V27/><F68/><W36/><G65/><T45/><D35/><U3/><E3/><V85/><F39/><W26/><G87/><T7/><D7/><U115/><E115/><V50/><F85/><W91/><G36/><T66/><D83/><U127/><E25/><V5/><F5/><W2/><G2/><T79/><D84/><U47/><E90/><V81/><F81/><W104/><G111/><N who="1" m="42506" /><E89/><V82/><F82/><W55/><G26/><T56/><D114/><U95/><E95/><V116/><F116/><W74/><G74/><T131/><D16/><U58/><E62/><V15/><F0/><W9/><G91/><T28/><REACH who="0" step="1"/><D45/><REACH who="0" ten="240,229,42,479" step="2"/><U121/><E121/><V77/><F77/><W134/><G96/><T76/><D76/><U135/><E135/><V102/><REACH who="2" step="1"/><F46/><REACH who="2" ten="240,229,32,479" step="2"/><W69/><G44/><T41/><D41/><U97/><E97/><V71/><F71/><W34/><G40/><T37/><D37/><U117/><E117/><V78/><F78/><W59/><G69/><T18/><D18/><U6/><E6/><V118/><F118/><W54/><G134/><T105/><D105/><AGARI ba="3,2" hai="43,47,48,58,61,67,105,106,107,126,127" m="42506" machi="105" ten="30,7700,0" yaku="14,1,52,3" doraHai="103" who="1" fromWho="0" sc="240,-86,229,106,32,0,479,0" /><AGARI ba="3,0" hai="4,8,15,19,23,27,49,50,52,57,63,99,102,105" machi="105" ten="30,7700,0" yaku="1,1,7,1,52,1,54,1,53,0" doraHai="103" doraHaiUra="64" who="2" fromWho="0" sc="154,-77,335,0,32,77,479,0" />
</Scene>
<Scene>
<INIT seed="4,0,0,5,5,53" ten="77,335,109,479" oya="0" hai0="50,19,73,59,62,99,32,135,116,95,133,81,134" hai1="27,108,49,24,79,83,98,6,89,1,130,103,20" hai2="3,42,69,17,65,18,41,107,47,57,121,93,68" hai3="129,70,71,127,9,120,84,119,21,114,0,113,96"/><T30/><D116/><U5/><E108/><V131/><F107/><W63/><G119/><T82/><D50/><U46/><E130/><V28/><F28/><W74/><G74/><T33/><D19/><U126/><E89/><V111/><F93/><W14/><G127/><T23/><D23/><U72/><E126/><V125/><F47/><W22/><G0/><T11/><D11/><U8/><E6/><V118/><F65/><W90/><G96/><T100/><D30/><U54/><E20/><V40/><F40/><W44/><G44/><T132/><N who="0" m="33792" /><DORA hai="25" /><T115/><D115/><U39/><REACH who="1" step="1"/><E39/><REACH who="1" ten="77,325,109,479" step="2"/><V91/><F111/><W104/><G90/><T45/><D32/><U85/><E85/><V105/><F91/><W94/><G84/><T77/><D33/><U80/><E80/><V67/><F131/><W117/><G129/><T51/><D73/><U26/><E26/><V58/><F125/><W106/><G21/><T61/><D77/><U36/><E36/><V12/><F118/><W34/><G22/><T43/><REACH who="0" step="1"/><D62/><REACH who="0" ten="67,325,109,479" step="2"/><U15/><E15/><V35/><F12/><W86/><G34/><T31/><D31/><U37/><E37/><V101/><F35/><W128/><G63/><T55/><AGARI ba="0,2" hai="43,45,51,55,59,61,81,82,95,99,100" m="33792" machi="55" ten="60,12000,1" yaku="1,1,0,1,20,1,52,1,53,1" doraHai="53,25" doraHaiUra="66,88" who="0" fromWho="0" sc="67,140,325,-40,109,-40,479,-40" />
</Scene>
<Scene>
<INIT seed="4,1,0,3,2,78" ten="207,285,69,439" oya="0" hai0="130,41,17,84,124,72,85,95,25,108,58,94,38" hai1="107,88,27,101,116,71,129,126,82,32,14,70,18" hai2="77,48,13,20,42,3,23,117,0,31,47,65,30" hai3="22,87,110,109,67,49,29,104,40,68,28,93,132"/><T19/><D72/><U115/><E116/><V97/><F117/><W16/><G104/><T106/><D106/><U57/><E107/><V1/><F65/><W21/><G68/><T131/><D124/><U66/><E101/><V92/><F77/><W102/><G67/><T53/><D41/><U63/><E126/><V83/><F83/><W91/><G102/><T11/><D38/><U112/><E129/><N who="0" m="49161" /><D11/><N who="1" m="6495" /><E27/><V44/><F44/><W4/><G132/><T9/><D9/><U15/><E15/><V36/><F36/><W52/><G40/><T10/><D10/><U123/><E32/><V127/><F127/><W61/><G4/><T8/><D8/><U111/><E123/><V69/><F69/><W89/><G28/><T46/><D46/><U54/><E66/><V135/><F135/><W7/><G7/><T5/><D5/><U113/><E111/><V2/><N who="2" m="0" /><DORA hai="56" /><V73/><F73/><W100/><G29/><T55/><D55/><U39/><E39/><V37/><F37/><W26/><G52/><T43/><D43/><U134/><E134/><V114/><F114/><W12/><G109/><T96/><D95/><U6/><E6/><V75/><F75/><W118/><G93/><T90/><D108/><U119/><E119/><V59/><F59/><W80/><G118/><T79/><D79/><U74/><E74/><V34/><F34/><W120/><G110/><T99/><D17/><U125/><E125/><V122/><F122/><W60/><G16/><T98/><D19/><U24/><E24/><V81/><F13/><W86/><G120/><T51/><D25/><RYUUKYOKU ba="1,0" sc="207,15,285,15,69,-15,439,-15" hai0="51,53,58,84,85,90,94,96,98,99" hai1="54,57,63,70,71,82,88,112,113,115" />
</Scene>
<Scene>
<INIT seed="4,2,0,0,0,16" ten="222,300,54,424" oya="0" hai0="38,134,48,97,13,81,135,126,104,42,117,62,108" hai1="27,32,43,9,46,93,59,49,125,109,69,119,101" hai2="50,111,131,67,90,19,120,41,110,30,77,36,85" hai3="122,6,82,87,44,20,114,31,80,11,22,68,26"/><T23/><D117/><U56/><E119/><V21/><F120/><W75/><G68/><T124/><D38/><U66/><E109/><V34/><F131/><W127/><G122/><T12/><D108/><U115/><E125/><N who="0" m="48233" /><D62/><U116/><E116/><V2/><F2/><W71/><G71/><T86/><D48/><U40/><E115/><V92/><F36/><W39/><G114/><T37/><D42/><U70/><E43/><V132/><F132/><N who="0" m="50730" /><D37/><U15/><E69/><V129/><F129/><W33/><G82/><T73/><D73/><U58/><E70/><V45/><F67/><W25/><G33/><T7/><D7/><U65/><E32/><V57/><F57/><W103/><G75/><T14/><D97/><N who="1" m="59567" /><E27/><V54/><F41/><W17/><G39/><T63/><D63/><U123/><E123/><V128/><F128/><W106/><G127/><T98/><D98/><U88/><E88/><V78/><F111/><W105/><G103/><T51/><D51/><U83/><E83/><V24/><REACH who="2" step="1"/><F110/><REACH who="2" ten="222,300,44,424" step="2"/><W29/><G44/><T84/><D104/><U91/><E65/><V74/><F74/><W102/><G105/><T107/><D107/><U52/><E66/><V28/><F28/><W18/><G106/><T112/><D112/><U89/><E40/><V60/><F60/><W8/><G29/><T113/><D113/><U95/><E58/><V96/><F96/><W99/><G31/><T10/><D86/><N who="1" m="52663" /><E59/><V61/><F61/><W118/><G99/><T130/><D130/><U94/><E56/><V133/><F133/><W53/><G118/><T55/><D84/><RYUUKYOKU ba="2,1" sc="222,-10,300,-10,44,30,424,-10" hai2="19,21,24,30,34,45,50,54,77,78,85,90,92" />
</Scene>
<Scene>
<INIT seed="5,3,1,3,0,56" ten="212,290,74,414" oya="1" hai0="100,81,128,3,85,36,48,26,29,115,77,0,14" hai1="57,37,59,90,63,67,50,96,78,124,104,28,69" hai2="132,42,82,24,114,95,58,49,41,116,16,121,98" hai3="70,32,73,55,74,34,7,9,76,105,130,86,75"/><U60/><E37/><V72/><F116/><W79/><G70/><T112/><D36/><U89/><E124/><V19/><F121/><W22/><G105/><T18/><D100/><U47/><E78/><V40/><F132/><W1/><G22/><N who="0" m="11607" /><D128/><U11/><E28/><V39/><F39/><W5/><G5/><T110/><D48/><U84/><E11/><V38/><F38/><W53/><G130/><T122/><D122/><U33/><E33/><V99/><F114/><N who="0" m="43562" /><D110/><U52/><E69/><V23/><F19/><W91/><G79/><T15/><D15/><U62/><E84/><V126/><F126/><W102/><G76/><T12/><D12/><U125/><E125/><V6/><F6/><W17/><G102/><T43/><D43/><U21/><E21/><AGARI ba="3,1" hai="0,3,21,26,29,77,81,85" m="43562,11607" machi="21" ten="30,1000,0" yaku="15,1" doraHai="56" who="0" fromWho="1" sc="212,29,290,-19,74,0,414,0" />
</Scene>
<Scene>
<INIT seed="6,0,0,5,0,24" ten="241,271,74,414" oya="2" hai0="21,60,56,66,47,32,8,69,1,45,23,63,106" hai1="20,123,114,68,129,70,118,79,133,30,35,5,74" hai2="77,33,105,89,104,81,51,112,102,59,28,65,100" hai3="16,96,54,126,67,101,39,82,124,41,111,61,38"/><V12/><F112/><W49/><G111/><T75/><D32/><U27/><E118/><V116/><F116/><W71/><G82/><T42/><D75/><U37/><E114/><V107/><F89/><W86/><G86/><T55/><D106/><U109/><E109/><V93/><F93/><N who="3" m="58511" /><G16/><T26/><D42/><U90/><E37/><V113/><F113/><W97/><G97/><T40/><D40/><U72/><E133/><V115/><F115/><W80/><G80/><T117/><D117/><U132/><E129/><V98/><F100/><W43/><G43/><T10/><D23/><U119/><E119/><V18/><F65/><W92/><G92/><T103/><D103/><U17/><E132/><V83/><F83/><W22/><G22/><T99/><D99/><U7/><E79/><V127/><F127/><N who="3" m="48683" /><G41/><T135/><D135/><U62/><E90/><V13/><F13/><W34/><G34/><T122/><D122/><U88/><E88/><V15/><F15/><W87/><G87/><T58/><D69/><U19/><E123/><V48/><F104/><W6/><G6/><T121/><D121/><U76/><E76/><V25/><F105/><W84/><G84/><T73/><D73/><U91/><E72/><V31/><F31/><W64/><G64/><T36/><D36/><U110/><E62/><V130/><F130/><W3/><G3/><T94/><D94/><U11/><E74/><N who="2" m="43191" /><F59/><AGARI ba="0,0" hai="38,39,49,54,59,61,67,71" m="48683,58511" machi="59" ten="30,1000,0" yaku="18,1" doraHai="24" who="3" fromWho="2" sc="241,0,271,0,74,-10,414,10" />
</Scene>
<Scene>
<INIT seed="7,0,0,5,0,120" ten="241,271,64,424" oya="3" hai0="105,43,15,12,52,49,71,82,111,64,102,19,117" hai1="21,29,91,66,134,22,112,77,40,81,75,55,126" hai2="25,68,78,115,24,18,132,123,28,88,54,31,119" hai3="65,10,113,13,73,96,7,89,42,2,98,23,121"/><W85/><G73/><T122/><D111/><U87/><E40/><V130/><F78/><W48/><G65/><T61/><D117/><U76/><E66/><V95/><F95/><W94/><G113/><T5/><D122/><U109/><E109/><V44/><F88/><W32/><G32/><T80/><D5/><U46/><E112/><V53/><F44/><W110/><G110/><T4/><D4/><U39/><E39/><V20/><F68/><W99/><G2/><T69/><D69/><U9/><E126/><V70/><F70/><W6/><G23/><N who="1" m="8714" /><E75/><V38/><F38/><W17/><G121/><T60/><D12/><U47/><E134/><V26/><F20/><W34/><G34/><T51/><D105/><U41/><E29/><V58/><F123/><W36/><G36/><T116/><D116/><U59/><E9/><V67/><F119/><W133/><G133/><T100/><D43/><U125/><E125/><V27/><N who="2" m="6144" /><DORA hai="30" /><V97/><F67/><W79/><G79/><N who="1" m="30282" /><E41/><V108/><F115/><W0/><G0/><T104/><D104/><U135/><E135/><V86/><F108/><W131/><G48/><AGARI ba="0,0" hai="46,47,48,55,59,81,87,91" m="30282,8714" machi="48" ten="30,1000,0" yaku="8,1" doraHai="120,30" who="1" fromWho="3" sc="241,0,271,10,64,0,424,-10" owari="241,-16.0,281,8.0,64,-44.0,414,52.0" />
</Scene>
</mjloggm>