<mjloggm ver="2.3"><GO type="169" lobby="0"/><UN n0="%E6%AC%A1%E5%85%83%E5%B9%B2%E6%B8%89" n1="%E5%A4%AA%E3%81%8F%E3%81%AA%E3%81%84%E3%81%8A" n2="%E3%81%8F%E3%82%89%E3%81%BF%E3%81%98%E3%81%82" n3="%E3%81%BD%E3%81%BF%E3%82%85" dan="16,18,17,16" rate="2083.62,2195.02,2215.01,2031.86" sx="M,M,M,F"/><TAIKYOKU oya="0"/>

<Scene>
<INIT seed="0,0,0,3,1,96" ten="250,250,250,250" oya="0" hai0="88,102,42,78,6,90,63,129,24,22,16,17,105" hai1="25,47,83,125,18,28,120,56,116,45,72,8,38" hai2="7,84,108,117,23,85,86,133,61,131,111,51,60" hai3="109,4,43,99,64,89,36,118,1,32,74,15,29"/><T135/><D129/><U62/><E116/><V132/><F117/><W82/><G118/><T14/><D135/><N who="2" m="51786" /><F7/><W67/><G15/><T34/><D6/><U11/><E120/><V134/><F131/><W130/><G130/><T119/><D119/><U46/><E125/><V55/><F23/><W27/><G89/><T39/><D78/><U73/><E38/><V75/><F75/><W128/><G99/><T0/><D0/><U58/><E18/><V113/><F113/><W127/><G127/><T40/><D39/><U13/><E83/><V71/><F71/><W97/><G97/><T87/><D90/><U106/><E106/><V93/><F93/><W91/><G91/><T59/><D34/><U77/><E77/><V107/><F107/><W54/><G128/><T44/><D102/><U100/><E100/><V124/><F124/><W112/><G112/><T48/><D105/><U20/><E56/><N who="2" m="32895" /><F134/><W52/><G4/><T30/><D42/><U70/><E70/><V65/><F65/><W81/><G1/><T37/><D37/><U57/><E57/><V9/><F9/><W94/><G94/><N who="0" m="54559" /><D14/><U123/><E123/><V68/><F68/><W76/><G82/><T33/><D33/><U104/><E104/><V79/><F79/><W95/><G95/><T5/><D5/><U110/><E13/><V19/><F19/><W35/><G35/><T80/><D80/><U66/><E73/><V126/><F126/><W98/><G74/><T115/><D115/><U101/><E72/><V103/><F103/><W31/><G76/><T26/><D26/><U3/><E25/><RYUUKYOKU ba="0,0" sc="250,15,250,-15,250,15,250,-15" hai0="16,17,22,24,30,40,44,48,59,63" hai2="60,61,84,85,86,108,111" />
</Scene>
<Scene>
<INIT seed="0,1,0,4,3,52" ten="265,235,265,235" oya="0" hai0="125,56,104,23,63,92,58,97,17,68,1,110,4" hai1="55,75,67,94,82,124,31,88,65,89,19,93,90" hai2="81,76,33,35,87,109,113,85,21,78,66,77,69" hai3="11,3,25,112,51,134,62,16,46,60,20,47,5"/><T73/><D104/><U116/><E116/><V2/><F2/><W57/><G112/><T91/><D73/><U118/><E118/><V22/><F113/><W103/><G134/><T26/><D125/><U39/><E39/><V50/><F109/><W131/><G131/><T18/><D110/><U43/><E43/><V8/><F8/><W128/><G128/><T6/><D1/><U121/><E121/><V42/><F69/><W72/><G72/><T135/><D135/><U117/><E117/><V102/><F102/><W32/><G103/><T108/><D108/><U74/><E124/><V119/><F119/><W122/><G122/><T13/><D68/><U127/><E127/><V71/><F71/><W24/><G51/><T130/><D130/><U36/><E36/><V115/><F115/><W9/><G9/><N who="0" m="6319" /><D63/><U28/><E90/><V114/><F114/><W45/><G32/><T64/><D64/><U107/><E55/><V48/><F42/><W132/><G132/><T86/><D86/><U34/><E19/><V37/><F37/><W129/><G129/><T100/><D100/><U84/><E84/><V12/><F66/><W133/><G133/><T61/><D61/><U30/><E30/><V83/><F77/><W111/><G111/><T96/><D96/><U120/><E34/><V105/><F105/><W14/><G62/><T95/><D95/><U7/><E107/><V44/><F44/><W41/><G41/><T70/><D70/><U53/><E120/><V126/><F126/><W40/><G40/><T15/><D15/><AGARI ba="1,0" hai="12,15,21,22,33,35,48,50,76,78,81,83,85,87" machi="15" ten="25,1600,0" yaku="22,2" doraHai="52" who="2" fromWho="0" sc="265,-19,235,0,265,19,235,0" />
</Scene>
<Scene>
<INIT seed="1,0,0,0,0,26" ten="246,235,284,235" oya="1" hai0="92,79,133,20,98,117,74,5,8,52,31,123,2" hai1="103,85,43,49,64,67,16,44,90,93,58,32,30" hai2="1,45,126,6,101,91,68,35,60,53,33,78,34" hai3="129,11,114,112,55,0,100,15,130,59,80,125,113"/><U122/><E122/><V23/><F78/><W56/><G100/><T38/><D117/><U13/><E103/><V37/><F101/><W109/><G0/><T118/><D118/><U69/><E69/><V134/><F6/><W89/><G109/><T39/><D133/><U70/><E70/><V42/><F1/><W110/><G110/><T28/><D123/><U94/><E94/><V46/><F134/><W97/><G125/><T40/><D39/><U77/><E77/><V82/><F126/><W84/><G97/><T62/><D20/><U36/><E36/><V120/><F120/><W108/><G108/><T25/><D25/><U21/><E32/><V27/><F60/><W10/><G55/><T12/><D12/><U99/><E30/><N who="0" m="11305" /><D92/><U4/><E99/><V95/><F82/><W81/><G81/><N who="0" m="45303" /><D98/><U48/><E4/><V87/><F68/><W61/><G61/><T111/><D111/><U65/><REACH who="1" step="1"/><E49/><REACH who="1" ten="246,225,284,235" step="2"/><V50/><REACH who="2" step="1"/><F35/><REACH who="2" ten="246,225,274,235" step="2"/><W47/><G113/><T9/><D62/><AGARI ba="0,2" hai="13,16,21,43,44,48,58,62,64,65,67,85,90,93" machi="62" ten="40,12000,1" yaku="1,1,2,1,8,1,54,1,53,0" doraHai="26" doraHaiUra="132" who="1" fromWho="0" sc="246,-120,225,140,274,0,235,0" />
</Scene>
<Scene>
<INIT seed="1,1,0,4,0,95" ten="126,365,274,235" oya="1" hai0="14,111,35,133,121,82,46,131,87,0,130,120,106" hai1="65,54,22,45,9,132,78,32,109,3,84,38,74" hai2="41,2,44,122,12,99,40,51,64,70,101,104,115" hai3="102,6,1,39,68,67,10,85,59,88,8,48,103"/><U30/><E65/><V110/><F2/><W127/><G39/><T100/><D0/><U108/><E32/><V58/><F122/><N who="0" m="47210" /><D35/><U24/><E84/><V21/><F41/><W117/><G68/><T33/><D33/><U97/><E132/><V17/><F110/><N who="1" m="42601" /><E3/><V86/><F86/><W79/><G79/><N who="0" m="46559" /><D111/><U69/><E69/><V11/><F115/><W55/><G127/><T52/><D14/><U75/><E9/><V107/><F70/><W66/><G117/><T27/><D27/><U15/><E15/><V20/><REACH who="2" step="1"/><F107/><REACH who="2" ten="126,365,264,235" step="2"/><W53/><G1/><T81/><D133/><U61/><E75/><V5/><F5/><W134/><G6/><T89/><D131/><U71/><E74/><V105/><F105/><W25/><G134/><T77/><D130/><U47/><E71/><V60/><AGARI ba="1,1" hai="11,12,17,20,21,40,44,51,58,60,64,99,101,104" machi="60" ten="30,7900,0" yaku="1,1,0,1,52,1,53,1" doraHai="95" doraHaiUra="62" who="2" fromWho="2" sc="126,-21,365,-40,264,92,235,-21" />
</Scene>
<Scene>
<INIT seed="2,0,0,4,4,127" ten="105,325,356,214" oya="2" hai0="57,70,119,68,129,106,30,59,34,84,77,74,37" hai1="48,101,3,104,56,128,20,4,73,92,114,18,105" hai2="23,86,125,124,1,0,51,135,28,24,93,46,64" hai3="118,65,5,98,85,25,31,16,55,2,133,121,27"/><V87/><F64/><W58/><G121/><T108/><D119/><U132/><E114/><V116/><F116/><W110/><G118/><T71/><D108/><U13/><E73/><V9/><F135/><W41/><G133/><T47/><D106/><U134/><E104/><V115/><F115/><W81/><G110/><T97/><D97/><U126/><E105/><V62/><F62/><W72/><G72/><T33/><D84/><N who="2" m="32298" /><F93/><W90/><G65/><T6/><D6/><U83/><E83/><V109/><F9/><W45/><G2/><T38/><D30/><U19/><E126/><N who="2" m="48747" /><F109/><W10/><G31/><T26/><D77/><U49/><E132/><V111/><F111/><W94/><G5/><T76/><D76/><U32/><E134/><V35/><F35/><W82/><G82/><T79/><D79/><U120/><E32/><V66/><F66/><W36/><G10/><T75/><D71/><U78/><E120/><V7/><F7/><W117/><G117/><T11/><D11/><U89/><E4/><V22/><F22/><W112/><G112/><T44/><REACH who="0" step="1"/><D26/><REACH who="0" ten="95,325,356,214" step="2"/><U95/><E78/><V8/><F8/><W99/><G99/><T43/><D43/><AGARI ba="0,1" hai="0,1,23,24,28,43,46,51" m="48747,32298" machi="43" ten="30,1500,0" yaku="18,1" doraHai="127" who="2" fromWho="0" sc="95,-15,325,0,356,25,214,0" />
</Scene>
<Scene>
<INIT seed="2,1,0,0,5,34" ten="80,325,381,214" oya="2" hai0="0,108,48,78,74,117,97,2,79,121,59,25,102" hai1="63,131,51,81,110,75,71,84,8,122,9,62,49" hai2="94,111,114,124,135,73,118,38,109,105,29,92,112" hai3="24,39,96,60,130,41,128,36,101,91,72,42,52"/><V90/><F38/><W64/><G72/><T21/><D121/><U55/><E75/><V61/><F105/><W32/><G91/><T4/><D4/><U22/><E122/><V82/><F29/><W119/><G119/><T54/><D108/><N who="2" m="41546" /><F118/><W76/><G76/><T26/><D26/><U104/><E104/><V66/><F124/><W28/><G42/><T125/><D125/><U83/><E110/><V69/><F135/><W46/><G36/><T95/><D117/><U70/><E22/><V98/><F92/><W33/><G33/><T100/><D102/><U89/><E131/><V126/><F126/><W134/><G134/><T57/><D59/><U116/><E116/><V67/><F67/><W113/><G113/><T37/><D37/><U35/><E35/><V56/><F69/><W31/><G31/><T50/><D50/><U15/><E15/><V115/><F73/><W23/><G32/><T123/><D123/><U58/><E71/><V99/><F82/><W18/><G18/><T1/><REACH who="0" step="1"/><D74/><REACH who="0" ten="70,325,381,214" step="2"/><U86/><E70/><V13/><F13/><W132/><G132/><T10/><D10/><N who="1" m="4203" /><E51/><V11/><F11/><W40/><G39/><T106/><D106/><U85/><E49/><V5/><F5/><W80/><G128/><T93/><D93/><U20/><E62/><V129/><F129/><W7/><G130/><T6/><D6/><U88/><E20/><V77/><F114/><W133/><G7/><T53/><D53/><U16/><E16/><AGARI ba="1,1" hai="0,1,2,16,21,25,48,54,57,78,79,95,97,100" machi="16" ten="40,8000,1" yaku="1,1,52,3,54,1,53,0" doraHai="34" doraHaiUra="68" who="0" fromWho="1" sc="70,93,325,-83,381,0,214,0" />
</Scene>
<Scene>
<INIT seed="3,0,0,2,3,54" ten="163,242,381,214" oya="3" hai0="90,32,112,104,62,39,121,78,119,46,76,57,75" hai1="60,10,83,25,47,133,113,34,66,122,65,27,110" hai2="132,101,41,48,106,70,20,53,1,105,13,44,97" hai3="94,84,18,42,15,22,21,45,64,6,49,5,40"/><W11/><G64/><T8/><D121/><U129/><E113/><V3/><F70/><W103/><G42/><T135/><D119/><U126/><E122/><V93/><F132/><W0/><G0/><T67/><D135/><U35/><E133/><V69/><F69/><W4/><REACH who="3" step="1"/><G84/><REACH who="3" ten="163,242,381,204" step="2"/><T131/><D112/><U125/><E66/><V23/><F3/><W86/><G86/><T68/><D68/><U124/><E65/><V98/><F1/><W36/><G36/><T123/><D39/><U71/><E124/><V102/><F41/><W87/><G87/><T12/><D123/><U14/><E125/><V17/><F93/><W128/><G128/><T120/><D120/><U52/><E129/><V38/><F38/><W9/><G9/><AGARI ba="0,1" hai="9,13,17,20,23,44,48,53,97,98,101,102,105,106" machi="9" ten="30,2000,0" yaku="7,1,9,1" doraHai="54" who="2" fromWho="3" sc="163,0,242,0,381,30,204,-20" />
</Scene>
<Scene>
<INIT seed="4,0,0,2,5,53" ten="163,242,411,184" oya="0" hai0="73,61,134,131,34,124,83,21,29,0,55,133,51" hai1="112,12,96,44,130,127,78,100,123,82,41,65,102" hai2="108,121,80,114,4,58,116,111,1,49,2,59,70" hai3="36,7,9,101,103,122,40,84,14,24,109,33,128"/><T132/><D34/><U77/><E123/><V60/><F70/><W54/><G109/><T72/><D0/><U63/><E127/><V19/><F121/><W38/><G122/><T31/><D124/><U104/><E130/><V8/><F2/><W135/><G128/><T48/><D131/><U106/><E112/><V20/><F114/><W42/><G135/><T11/><D11/><U16/><E100/><V120/><F120/><W93/><G38/><T99/><D99/><U39/><E106/><V37/><F37/><W68/><G68/><T95/><D95/><U90/><E90/><V91/><F116/><W22/><G33/><T129/><D129/><U98/><E98/><V64/><F80/><W56/><G36/><T57/><D83/><U27/><E27/><V3/><F91/><N who="3" m="53479" /><G103/><T88/><D88/><U113/><E82/><V75/><F75/><N who="0" m="28746" /><D21/><U81/><E81/><V76/><F76/><W105/><G101/><T45/><D51/><U117/><E117/><V32/><F32/><W115/><G105/><T18/><D18/><U67/><E113/><V50/><F3/><W125/><G115/><T5/><D5/><U10/><REACH who="1" step="1"/><E67/><AGARI ba="0,0" hai="29,31,45,48,55,57,61,67,132,133,134" m="28746" machi="67" ten="40,3900,0" yaku="20,1,52,1" doraHai="53" who="0" fromWho="1" sc="163,39,242,-39,411,0,184,0" />
</Scene>
<Scene>
<INIT seed="4,1,0,0,0,130" ten="202,203,411,184" oya="0" hai0="94,115,85,42,110,23,18,83,27,65,47,56,13" hai1="53,31,109,62,118,124,135,71,32,79,117,41,96" hai2="107,44,121,28,63,74,3,92,73,48,38,88,15" hai3="97,19,10,78,98,54,0,89,7,51,46,12,64"/><T100/><D115/><U61/><E79/><V84/><F107/><W40/><G64/><T133/><D110/><U105/><E109/><V14/><F3/><W45/><G78/><T58/><D133/><U114/><E41/><V5/><F38/><W67/><G67/><T125/><D125/><U37/><E37/><V21/><F121/><W120/><G120/><T17/><D65/><N who="1" m="41391" /><E124/><V22/><F63/><W116/><G116/><T25/><D25/><N who="1" m="18543" /><E114/><V90/><F74/><W69/><G69/><T108/><D108/><U123/><E123/><V8/><F73/><W81/><G0/><T68/><D68/><U33/><E33/><V29/><F15/><W106/><G106/><T82/><D82/><U24/><E24/><V99/><F28/><W91/><G7/><T34/><D34/><U30/><E30/><V127/><F29/><W26/><G26/><T102/><D94/><U86/><E86/><V1/><F1/><W134/><G134/><T4/><D58/><N who="1" m="35151" /><E135/><V112/><F112/><W131/><G131/><T111/><D56/><U11/><E11/><V35/><F35/><W55/><G40/><T57/><D57/><U52/><E52/><N who="2" m="29703" /><F127/><W113/><G113/><T60/><D60/><U132/><E132/><V103/><F103/><AGARI ba="1,0" hai="96,103,105,117,118" m="35151,18543,41391" machi="103" ten="30,1000,0" yaku="25,1" doraHai="130" who="1" fromWho="2" sc="202,0,203,13,411,-13,184,0" />
</Scene>
<Scene>
<INIT seed="5,0,0,2,3,113" ten="202,216,398,184" oya="1" hai0="132,125,38,92,62,97,43,46,56,90,2,58,104" hai1="108,27,24,61,13,10,0,91,114,33,41,22,94" hai2="126,123,1,120,47,109,7,51,28,49,40,5,42" hai3="135,88,129,60,64,69,37,73,26,112,30,23,128"/><U103/><E114/><V66/><F1/><W53/><G112/><T130/><D2/><U3/><E103/><V117/><F109/><W34/><G73/><T32/><D32/><U68/><E108/><V115/><F115/><W134/><G37/><T76/><D130/><N who="3" m="50281" /><G53/><T102/><D132/><N who="3" m="50729" /><G88/><T80/><D58/><U59/><E68/><V127/><F28/><W39/><G39/><T101/><D102/><U55/><E41/><V75/><F66/><W93/><G93/><T20/><D56/><U81/><E81/><V77/><F77/><W54/><G54/><T85/><D62/><U116/><E91/><V14/><F75/><W63/><G63/><T67/><D67/><U84/><E94/><V19/><F47/><W95/><G95/><T31/><D31/><N who="1" m="19711" /><E84/><V25/><F42/><W8/><G8/><T6/><D38/><U71/><E55/><V35/><F40/><W57/><G57/><T87/><D43/><U98/><E59/><V110/><F110/><W121/><G23/><T122/><D20/><U70/><E61/><V45/><F45/><W15/><G15/><T4/><D46/><U48/><E0/><V106/><F106/><W11/><G11/><T16/><D104/><U96/><E3/><V100/><F100/><W99/><G99/><N who="1" m="37930" /><E48/><V124/><F51/><W78/><G78/><T111/><D76/><U50/><E50/><V86/><F49/><W17/><G17/><T82/><D101/><U21/><E71/><V72/><F86/><N who="0" m="32778" /><D97/><U12/><E70/><V107/><F107/><W29/><G29/><T36/><D92/><U52/><E52/><RYUUKYOKU ba="0,0" sc="202,-10,216,-10,398,-10,184,30" hai3="26,30,34,60,64,69,121" />
</Scene>
<Scene>
<INIT seed="6,1,0,3,5,77" ten="192,206,388,214" oya="2" hai0="114,53,28,109,84,43,12,105,41,117,37,104,21" hai1="15,36,52,42,35,100,88,115,126,57,83,7,89" hai2="112,25,73,34,59,62,49,78,19,71,124,127,122" hai3="11,95,92,47,135,44,102,74,51,123,61,131,72"/><V2/><F2/><W63/><G123/><T79/><D109/><U24/><E115/><V118/><F122/><W108/><G108/><T85/><D114/><U17/><E126/><V64/><F118/><W68/><G11/><T86/><D117/><U14/><E100/><V76/><F112/><W101/><G51/><T4/><D37/><U87/><E36/><V129/><F129/><W38/><G38/><T48/><D104/><U27/><E42/><V98/><F98/><W46/><G46/><T94/><D105/><U67/><E67/><V1/><F1/><W31/><G31/><T133/><D133/><U3/><E3/><V116/><F116/><W119/><G119/><T26/><D94/><U55/><E35/><V97/><F97/><W29/><G29/><T81/><D12/><N who="1" m="4651" /><E7/><V33/><F33/><W66/><G66/><T90/><D4/><U56/><E89/><V106/><F106/><W91/><G91/><T58/><REACH who="0" step="1"/><D90/><REACH who="0" ten="182,206,388,214" step="2"/><U40/><E27/><V80/><F25/><W45/><G135/><T69/><D69/><U65/><E24/><V70/><F71/><W121/><G121/><T128/><D128/><U18/><E88/><V130/><F70/><W39/><G39/><T96/><D96/><U5/><E5/><V75/><F130/><W110/><G68/><T30/><D30/><U9/><E18/><V22/><F127/><W120/><G110/><T111/><D111/><U23/><E17/><V107/><F124/><W103/><G131/><T60/><D60/><N who="3" m="23113" /><G120/><T32/><D32/><U113/><E113/><V50/><F107/><W132/><G132/><RYUUKYOKU ba="1,1" sc="182,15,206,-15,388,-15,214,15" hai0="21,26,28,41,43,48,53,58,79,81,84,85,86" hai3="44,45,47,72,74,92,95,101,102,103" />
</Scene>
<Scene>
<INIT seed="7,2,1,4,4,97" ten="197,191,373,229" oya="3" hai0="55,16,102,108,125,70,107,114,19,109,76,48,90" hai1="61,101,94,38,33,112,68,57,110,82,32,29,130" hai2="75,26,7,41,88,43,44,129,51,47,39,93,5" hai3="103,100,11,77,115,4,91,13,52,73,117,72,95"/><W9/><G117/><T89/><D70/><U2/><E110/><V31/><F75/><W92/><G115/><T126/><D76/><U12/><E2/><V3/><F3/><W121/><G121/><T56/><D114/><U132/><E112/><V17/><F17/><N who="0" m="6730" /><D108/><U119/><E68/><V10/><F10/><W133/><G133/><T63/><D109/><U131/><E38/><V30/><F129/><N who="1" m="49161" /><E132/><V18/><F18/><W135/><G135/><T113/><D113/><U27/><E119/><V50/><F39/><W65/><G65/><T106/><D106/><U15/><E33/><V0/><F0/><W34/><G34/><T59/><D56/><U116/><E116/><V14/><F14/><N who="1" m="5161" /><E82/><V118/><F118/><W25/><G25/><T124/><D63/><U45/><E45/><V99/><F30/><W69/><G69/><T21/><D21/><AGARI ba="2,1" hai="5,7,21,26,31,41,43,44,47,50,51,88,93,99" machi="21" ten="30,7700,0" yaku="7,1,9,1,8,1,54,1" doraHai="97" who="2" fromWho="0" sc="197,-83,191,0,373,93,229,0" owari="114,-39.0,191,-21.0,466,57.0,229,3.0" />
</Scene>
</mjloggm>