<mjloggm ver="2.3"><GO type="169" lobby="0"/><UN n0="%E5%B7%9D%E6%9D%91%E6%99%83%E8%A3%95%EF%BC%88%E4%B8%A1%E6%96%B9%EF%BC%89" n1="%E5%A4%9C%E6%98%8E%E3%81%91%E3%81%AE%42%45%41%54" n2="%EF%BF%A1%E3%81%BA%E3%82%93%E3%81%BA%E3%82%93%EF%BF%A1" n3="%E5%A4%AA%E3%81%8F%E3%81%AA%E3%81%84%E3%81%8A" dan="16,17,17,18" rate="2098.97,2162.58,2168.00,2189.90" sx="M,M,M,M"/><TAIKYOKU oya="0"/>

<Scene>
<INIT seed="0,0,0,2,1,101" ten="250,250,250,250" oya="0" hai0="135,44,13,37,62,128,1,24,68,133,65,39,131" hai1="127,117,10,28,99,121,95,64,33,19,106,56,76" hai2="134,107,5,89,98,92,66,16,81,115,60,63,7" hai3="69,112,50,51,124,49,25,88,67,87,120,11,20"/><T57/><D1/><U4/><E121/><V84/><F115/><W2/><G112/><T58/><D24/><U61/><E106/><V23/><F107/><W118/><G118/><T26/><D26/><U97/><E117/><V90/><F134/><N who="0" m="51210" /><D13/><U6/><E127/><V21/><F21/><W52/><G124/><T29/><D29/><U103/><E76/><V54/><F54/><W36/><G36/><N who="0" m="13899" /><D44/><U82/><E82/><V96/><F96/><W111/><G120/><T31/><D31/><U34/><E97/><V132/><F132/><W41/><G41/><T78/><D78/><U42/><E42/><V55/><F55/><W100/><G2/><T94/><D94/><U109/><E28/><V38/><F38/><W12/><G12/><T40/><D40/><U15/><E95/><V79/><F79/><W70/><G25/><T14/><D14/><U75/><E15/><N who="2" m="9631" /><F66/><W35/><G67/><T91/><D91/><U116/><E64/><V122/><F122/><W85/><G88/><T48/><D48/><U125/><E116/><V126/><F126/><W22/><G50/><T129/><AGARI ba="0,0" hai="57,58,62,65,68,128,129,131" m="13899,51210" machi="129" ten="40,12000,1" yaku="19,1,20,1,34,2" doraHai="101" who="0" fromWho="0" sc="250,120,250,-40,250,-40,250,-40" />
</Scene>
<Scene>
<INIT seed="0,1,0,2,4,52" ten="370,210,210,210" oya="0" hai0="46,13,84,109,36,64,15,118,99,97,63,67,131" hai1="130,103,93,72,80,49,40,98,114,42,26,78,110" hai2="106,92,125,133,25,66,94,0,122,89,55,113,23" hai3="87,24,30,127,70,69,19,48,96,61,45,54,100"/><T18/><D118/><U77/><E110/><V17/><F106/><W29/><G127/><T73/><D73/><U37/><E130/><V126/><F113/><W43/><G19/><T14/><D131/><U34/><E37/><V119/><F119/><W47/><G87/><T35/><D35/><U120/><E120/><V107/><F107/><W132/><G132/><T108/><D18/><U50/><E114/><V86/><F122/><W112/><G112/><T6/><D6/><U101/><E77/><V128/><F128/><W85/><G85/><T74/><D84/><U90/><E42/><V8/><F66/><N who="0" m="25130" /><D74/><U111/><E111/><N who="0" m="42569" /><D63/><U41/><E34/><V82/><F126/><W7/><G7/><T20/><D20/><U39/><E72/><V102/><F125/><W38/><G61/><T62/><D62/><U123/><E123/><V28/><F17/><W76/><G30/><T65/><N who="0" m="25138" /><T79/><DORA hai="32" /><D79/><U68/><E78/><V88/><F28/><W83/><G76/><T2/><D2/><U75/><E75/><V95/><F86/><W11/><G11/><T3/><D3/><U53/><E98/><N who="0" m="37385" /><D36/><U56/><E39/><V134/><F0/><W51/><G38/><T10/><D10/><U16/><E16/><V22/><F8/><W21/><REACH who="3" step="1"/><G83/><REACH who="3" ten="370,210,210,200" step="2"/><T121/><D121/><U1/><E80/><V81/><F82/><W57/><G57/><T116/><D116/><U31/><E56/><V33/><F81/><W117/><G117/><T71/><D71/><U60/><E68/><V4/><F4/><W12/><G12/><T27/><D27/><RYUUKYOKU ba="1,1" sc="370,15,210,-15,210,-15,200,15" hai0="13,14,15,46" hai3="21,24,29,43,45,47,48,51,54,69,70,96,100" />
</Scene>
<Scene>
<INIT seed="0,2,1,5,5,132" ten="385,195,195,215" oya="0" hai0="19,24,122,18,115,85,75,53,99,74,104,126,7" hai1="123,95,14,11,48,117,127,36,102,26,86,119,87" hai2="65,63,108,113,120,109,40,130,1,55,28,60,112" hai3="94,17,32,4,77,6,134,135,116,103,124,27,30"/><T3/><D115/><N who="2" m="44106" /><F1/><W15/><G77/><T72/><D122/><U82/><E36/><V80/><F80/><W71/><G71/><T38/><D38/><U92/><E123/><V41/><F28/><W62/><G62/><N who="2" m="23593" /><F120/><W68/><G68/><T131/><D85/><U56/><E26/><V34/><F34/><W39/><G39/><T57/><D7/><N who="3" m="2601" /><G94/><T29/><D3/><U97/><E92/><V84/><F84/><W100/><G116/><T110/><D99/><U59/><E87/><V23/><F23/><N who="3" m="11711" /><G103/><T78/><D78/><U90/><E117/><V83/><F83/><W118/><G100/><T125/><D104/><U133/><E119/><V16/><F16/><W5/><G118/><T31/><D31/><U93/><E82/><V50/><F130/><W105/><G105/><T52/><D110/><N who="2" m="42602" /><F65/><W25/><G5/><T81/><D131/><U101/><E101/><V76/><F76/><W45/><G27/><T46/><D81/><U106/><E106/><V13/><F13/><W43/><G25/><T79/><D79/><U98/><E86/><V128/><F128/><W61/><G30/><T51/><D29/><U114/><E114/><V91/><F91/><W129/><G129/><T37/><D24/><U8/><E90/><V10/><F10/><W20/><G32/><T111/><D111/><U47/><E102/><V107/><F107/><W64/><G20/><T2/><D2/><U69/><E97/><V121/><F121/><W54/><G64/><T12/><D19/><U33/><E98/><V66/><F66/><W96/><G96/><T89/><D18/><RYUUKYOKU ba="2,1" sc="385,-10,195,-10,195,30,215,-10" hai2="40,41,50,55" />
</Scene>
<Scene>
<INIT seed="1,3,1,0,4,86" ten="375,185,225,205" oya="1" hai0="60,89,23,1,15,63,26,9,8,22,94,17,127" hai1="70,49,107,7,97,19,66,117,61,105,88,69,10" hai2="16,76,84,64,41,27,121,36,96,52,11,126,120" hai3="37,44,0,57,67,54,133,35,51,73,12,53,98"/><U113/><E117/><V20/><F64/><W34/><G0/><T95/><D127/><U128/><E113/><V31/><F126/><W38/><G73/><T123/><D123/><U55/><E70/><V82/><F96/><W91/><G67/><T108/><D108/><U72/><E72/><V115/><F115/><W29/><G133/><T83/><D83/><U68/><E68/><V59/><F36/><W129/><G129/><T2/><D1/><U132/><E19/><V93/><F41/><W103/><G12/><T125/><D2/><U77/><E77/><V78/><F93/><N who="0" m="35338" /><D89/><U48/><E132/><V104/><F104/><W28/><G103/><T122/><D122/><U50/><E128/><V4/><F31/><W119/><G119/><T101/><D101/><U99/><E55/><V118/><F76/><W80/><G98/><T33/><D33/><U6/><E6/><V109/><F109/><W56/><G80/><T25/><D125/><U14/><E99/><V32/><F32/><W87/><G87/><T5/><D9/><U75/><E75/><V92/><F92/><W111/><G111/><T62/><D63/><U130/><E130/><V46/><F118/><W58/><G91/><T24/><D24/><U39/><E39/><N who="3" m="14858" /><G35/><T42/><D42/><U18/><E7/><V79/><F79/><W30/><G34/><T131/><D131/><U71/><E69/><V85/><F85/><W43/><G43/><T114/><D114/><U100/><E105/><V110/><F110/><W74/><G74/><T45/><D45/><U112/><E112/><V116/><F116/><RYUUKYOKU ba="3,1" sc="375,10,185,10,225,-30,205,10" hai0="5,8,15,17,22,23,25,26,60,62" hai1="10,14,18,48,49,50,61,66,71,88,97,100,107" hai3="28,29,30,44,51,53,54,56,57,58" />
</Scene>
<Scene>
<INIT seed="1,4,1,5,2,17" ten="385,195,195,215" oya="1" hai0="49,76,80,4,121,126,132,105,57,23,52,97,58" hai1="16,21,35,42,130,78,135,71,89,88,20,85,123" hai2="41,50,0,37,102,25,36,128,1,90,119,48,43" hai3="9,117,99,101,56,70,13,125,24,53,111,112,44"/><U32/><E123/><V28/><F102/><W7/><G112/><T61/><D126/><U75/><E71/><V63/><F119/><W55/><G70/><T15/><D121/><U115/><E115/><V118/><F118/><W64/><G117/><T26/><D132/><U45/><E75/><V18/><F63/><N who="3" m="37991" /><G125/><T40/><D105/><U113/><E113/><V124/><F124/><W134/><G134/><T62/><D97/><U65/><E135/><V34/><F128/><W82/><G111/><T38/><D38/><U12/><E130/><V83/><F18/><W94/><G24/><T14/><D40/><U95/><E65/><V69/><F69/><W106/><G106/><T131/><D131/><U27/><E78/><V109/><F109/><W96/><G96/><T46/><D4/><U2/><E2/><V74/><F37/><W108/><G108/><T87/><D62/><U120/><E120/><V5/><F36/><W104/><G104/><T6/><D6/><U47/><E89/><V114/><F114/><W133/><G133/><T86/><D86/><U8/><E32/><V59/><F5/><W122/><G122/><T73/><D73/><U79/><E79/><N who="2" m="44535" /><F90/><W84/><G44/><N who="1" m="16970" /><E35/><V129/><F129/><W67/><G67/><N who="0" m="39343" /><D46/><U81/><E42/><N who="2" m="15883" /><F1/><W103/><G103/><T29/><AGARI ba="4,1" hai="14,15,23,26,29,49,52,58,76,80,87" m="39343" machi="29" ten="30,4000,0" yaku="8,1,52,1,54,1" doraHai="17" who="0" fromWho="0" sc="385,62,195,-24,195,-14,215,-14" />
</Scene>
<Scene>
<INIT seed="2,0,0,0,1,49" ten="447,171,181,201" oya="2" hai0="111,14,128,102,87,104,6,125,108,68,9,121,39" hai1="85,7,17,20,86,29,62,12,99,113,61,30,0" hai2="93,105,109,43,13,52,78,72,55,112,71,58,133" hai3="35,2,67,57,24,107,51,37,110,80,98,120,46"/><V96/><F105/><W76/><G120/><T21/><D68/><U103/><E113/><V11/><F71/><W118/><G118/><T77/><D39/><U59/><E0/><V88/><F112/><W73/><G2/><T18/><D121/><U5/><E29/><V15/><F133/><W119/><G119/><T124/><D128/><U40/><E40/><V31/><F43/><W117/><G37/><T134/><D134/><U25/><E86/><V23/><F109/><N who="0" m="42058" /><D102/><U65/><E85/><V114/><F114/><W126/><G110/><T90/><D77/><U63/><E63/><N who="2" m="36295" /><F72/><W122/><G122/><T79/><D79/><U84/><E84/><V56/><F78/><W38/><G38/><T135/><D104/><U33/><REACH who="1" step="1"/><E62/><REACH who="1" ten="447,161,181,201" step="2"/><N who="2" m="36127" /><F11/><W36/><G117/><T92/><D135/><U16/><E16/><N who="2" m="10639" /><F15/><AGARI ba="0,1" hai="6,9,14,15,18,21,87,90,92,124,125" m="42058" machi="15" ten="30,1000,0" yaku="14,1" doraHai="49" who="0" fromWho="2" sc="447,20,161,0,181,-10,201,0" />
</Scene>
<Scene>
<INIT seed="3,0,0,0,5,39" ten="467,161,171,201" oya="3" hai0="57,81,131,23,70,33,40,28,95,43,99,68,90" hai1="46,77,56,128,100,82,75,96,0,37,14,114,69" hai2="47,20,108,125,2,52,112,41,135,85,24,76,97" hai3="72,26,13,109,44,123,71,86,111,98,1,127,132"/><W8/><G72/><T73/><D33/><U4/><E69/><V87/><F112/><W80/><G123/><T89/><D131/><U60/><E114/><V88/><F2/><W42/><G71/><T119/><D119/><U19/><E128/><V9/><F108/><N who="3" m="41547" /><G1/><T5/><D5/><U59/><E4/><V32/><F32/><W129/><G129/><T106/><D106/><U25/><E25/><V45/><F125/><W118/><G118/><T61/><D73/><U105/><E0/><V36/><F135/><W104/><G132/><T12/><D68/><U62/><E59/><V93/><F9/><W124/><G26/><N who="0" m="16479" /><D70/><U6/><E6/><V79/><F79/><N who="3" m="46367" /><G98/><N who="0" m="57711" /><D12/><U34/><E34/><V101/><F76/><W30/><G30/><T102/><D102/><U48/><E37/><V15/><F15/><W84/><G84/><N who="0" m="50447" /><D99/><U27/><E27/><V130/><F101/><W21/><G21/><T115/><D115/><U55/><REACH who="1" step="1"/><E56/><REACH who="1" ten="467,151,171,201" step="2"/><V17/><REACH who="2" step="1"/><F130/><REACH who="2" ten="467,151,161,201" step="2"/><W3/><G3/><T65/><AGARI ba="0,2" hai="40,43,57,61,65" m="50447,57711,16479" machi="65" ten="30,4000,0" yaku="8,1,52,2" doraHai="39" who="0" fromWho="0" sc="467,60,151,-10,161,-10,201,-20" />
</Scene>
<Scene>
<INIT seed="4,0,0,0,4,94" ten="527,141,151,181" oya="0" hai0="99,112,30,135,21,90,73,114,38,87,102,51,18" hai1="12,48,91,13,42,53,15,54,71,3,86,82,93" hai2="98,110,41,85,31,89,19,50,0,35,79,133,116" hai3="122,121,117,104,59,43,34,33,106,24,62,10,37"/><T76/><D38/><U45/><E71/><V130/><F0/><W97/><G117/><T66/><D30/><U52/><E3/><V29/><F110/><W107/><G10/><T75/><D66/><U132/><E132/><V126/><F116/><W56/><G56/><T77/><D51/><U46/><REACH who="1" step="1"/><E82/><REACH who="1" ten="527,131,151,181" step="2"/><V109/><F133/><W7/><G122/><T23/><D135/><U68/><E68/><V88/><F109/><W95/><G121/><T124/><D114/><U120/><E120/><V61/><F126/><W119/><G119/><T118/><D112/><U111/><E111/><V108/><F108/><W74/><G74/><T96/><D124/><U78/><E78/><V2/><F79/><W100/><G7/><T16/><D118/><U134/><E134/><V6/><F2/><W36/><G43/><T1/><D1/><U47/><AGARI ba="0,1" hai="12,13,15,42,45,46,47,48,52,53,54,86,91,93" machi="47" ten="40,8000,1" yaku="1,1,0,1,8,1,54,1,53,0" doraHai="94" doraHaiUra="123" who="1" fromWho="1" sc="527,-40,131,90,151,-20,181,-20" />
</Scene>
<Scene>
<INIT seed="5,0,0,5,2,48" ten="487,221,131,161" oya="1" hai0="75,23,20,79,103,49,45,89,44,32,104,12,50" hai1="132,98,68,9,92,76,110,56,35,81,121,113,95" hai2="14,17,70,94,134,46,106,60,66,88,43,131,117" hai3="127,53,129,29,18,51,13,91,83,4,54,64,125"/><U58/><E121/><V82/><F106/><W28/><G4/><T55/><D32/><U77/><E68/><V122/><F122/><W100/><G129/><T25/><D89/><U8/><E35/><V11/><F131/><W40/><G64/><T10/><D75/><U65/><E113/><V78/><F134/><W16/><G100/><T39/><D79/><N who="1" m="30283" /><E132/><V36/><F117/><W123/><G123/><T59/><D39/><U6/><E110/><V5/><F78/><W30/><G40/><N who="0" m="24711" /><D104/><U74/><E81/><V69/><F82/><W61/><G61/><N who="0" m="36095" /><D103/><N who="1" m="60871" /><E74/><V112/><F112/><W57/><G54/><N who="0" m="30031" /><D25/><U109/><E109/><V42/><F42/><W90/><G90/><T124/><D124/><N who="3" m="47689" /><G13/><T84/><D84/><AGARI ba="0,0" hai="16,18,28,29,30,51,53,57,83,84,91" m="47689" machi="84" ten="30,3900,0" yaku="18,1,52,1,54,1" doraHai="48" who="3" fromWho="0" sc="487,-39,221,0,131,0,161,39" />
</Scene>
<Scene>
<INIT seed="6,0,0,1,1,62" ten="448,221,131,200" oya="2" hai0="99,81,98,122,100,31,3,127,46,53,17,119,130" hai1="22,7,73,126,75,116,108,94,89,93,39,128,74" hai2="14,111,107,44,132,64,82,32,123,80,57,83,76" hai3="51,40,6,70,5,103,48,120,56,86,68,106,43"/><V59/><F123/><W41/><G120/><T29/><D98/><U23/><E39/><V38/><F107/><W97/><G86/><T95/><D31/><U12/><E108/><V72/><F32/><W58/><G58/><T125/><D81/><U42/><E116/><V78/><F132/><W114/><G114/><T67/><D46/><U50/><E126/><V87/><F111/><W84/><G84/><T9/><D29/><U33/><E33/><V77/><F14/><W63/><G48/><T91/><D91/><U34/><E34/><V109/><F109/><W71/><REACH who="3" step="1"/><G51/><REACH who="3" ten="448,221,131,190" step="2"/><T134/><D122/><U36/><E50/><V113/><F113/><W104/><G104/><T1/><D127/><U47/><E73/><V133/><F133/><W49/><G49/><T92/><D125/><U85/><E74/><V79/><F64/><AGARI ba="0,1" hai="5,6,40,41,43,56,63,64,68,70,71,97,103,106" machi="64" ten="50,3200,0" yaku="1,1,52,1,53,0" doraHai="62" doraHaiUra="69" who="3" fromWho="2" sc="448,0,221,0,131,-32,190,42" />
</Scene>
<Scene>
<INIT seed="7,0,0,5,0,4" ten="448,221,99,232" oya="3" hai0="52,80,99,54,85,92,39,10,79,27,109,13,58" hai1="43,127,7,32,95,48,87,113,125,120,19,45,44" hai2="66,134,60,47,11,94,89,63,75,97,123,26,129" hai3="98,105,88,104,28,14,108,22,103,111,126,69,114"/><W84/><G69/><T15/><D109/><N who="3" m="42057" /><G114/><T18/><D39/><U3/><E120/><V50/><F123/><W73/><G73/><T107/><D107/><U24/><E113/><V115/><F115/><W40/><G40/><T51/><D54/><U37/><E7/><V81/><F129/><W71/><G71/><T46/><D27/><U119/><E3/><V20/><F134/><W124/><G105/><T41/><D15/><U0/><E0/><V112/><F112/><W65/><G65/><T101/><D41/><U35/><E119/><V61/><F75/><W96/><G96/><T132/><D132/><U67/><E67/><V100/><F81/><N who="3" m="49167" /><G28/><T70/><D70/><U53/><E87/><V76/><F76/><W64/><G64/><T78/><D78/><U30/><E95/><V83/><F83/><W16/><AGARI ba="0,0" hai="14,16,22,98,103,104,124,126" m="49167,42057" machi="16" ten="30,6000,0" yaku="10,1,54,2" doraHai="4" who="3" fromWho="3" sc="448,-20,221,-20,99,-20,232,60" />
</Scene>
<Scene>
<INIT seed="7,1,0,5,3,49" ten="428,201,79,292" oya="3" hai0="59,97,42,55,11,104,51,95,132,120,71,69,35" hai1="15,21,109,46,37,92,93,43,29,50,61,80,90" hai2="86,121,89,60,100,48,34,72,62,24,53,27,68" hai3="38,52,30,118,125,32,36,117,12,106,96,18,64"/><W40/><G64/><T129/><D120/><U47/><E109/><V122/><F72/><W17/><G40/><T128/><D104/><U110/><E110/><V91/><F100/><W70/><G70/><T0/><D35/><U44/><E61/><V4/><F4/><W113/><G30/><T5/><D42/><U124/><E124/><V119/><F48/><W13/><G32/><T126/><D126/><U9/><E80/><V45/><F34/><W66/><G66/><T98/><D132/><U31/><E37/><V115/><F86/><W94/><G106/><T67/><D98/><N who="1" m="57623" /><E93/><V54/><F115/><W114/><G94/><T123/><D123/><U33/><E33/><V133/><F45/><N who="1" m="17513" /><E21/><V73/><F73/><W57/><G96/><T105/><D105/><U8/><E8/><V112/><F112/><N who="3" m="43115" /><G125/><T81/><D81/><U6/><AGARI ba="1,0" hai="6,9,15,29,31,43,47,50" m="17513,57623" machi="6" ten="30,1100,0" yaku="8,1" doraHai="49" who="1" fromWho="1" sc="428,-4,201,14,79,-4,292,-6" owari="424,51.0,215,-18.0,75,-42.0,286,9.0" />
</Scene>
</mjloggm>