<mjloggm ver="2.3"><GO type="169" lobby="0"/><UN n0="%68%61%79%61%74%6F%E2%98%86" n1="%E5%A4%AA%E3%81%8F%E3%81%AA%E3%81%84%E3%81%8A" n2="%E5%B8%B8%E5%A4%8F%E3%83%91%E3%82%A4%E5%8A%A9" n3="%76%61%67%69%6F" dan="17,18,16,16" rate="2220.11,2190.47,2065.28,2122.90" sx="M,M,F,M"/><TAIKYOKU oya="0"/>

<Scene>
<INIT seed="0,0,0,5,4,122" ten="250,250,250,250" oya="0" hai0="49,27,102,1,66,84,129,46,115,135,118,63,67" hai1="98,43,128,75,9,119,74,109,52,8,4,82,101" hai2="58,92,105,110,133,85,23,29,56,33,30,60,47" hai3="14,12,16,55,34,51,97,50,76,42,87,11,81"/><T91/><D118/><U64/><E119/><V15/><F105/><W79/><G34/><T32/><D1/><U112/><E64/><V78/><F133/><W83/><G97/><T61/><D115/><U96/><E43/><V73/><F33/><W38/><G38/><T114/><D114/><U120/><E112/><V36/><F73/><W57/><G42/><T65/><D102/><U93/><E120/><V37/><F47/><W0/><G0/><T113/><D113/><U77/><E128/><V126/><F126/><W7/><G81/><T131/><D135/><U19/><E19/><V117/><F117/><W25/><G25/><T123/><D123/><U88/><E109/><V3/><F3/><W127/><G127/><T54/><D27/><U20/><E20/><V17/><F110/><W40/><G40/><T39/><D32/><U48/><E75/><V111/><F111/><W22/><REACH who="3" step="1"/><G51/><REACH who="3" ten="250,250,250,240" step="2"/><T5/><D39/><U106/><REACH who="1" step="1"/><E4/><REACH who="1" ten="250,240,250,240" step="2"/><V13/><F37/><W94/><G94/><N who="0" m="54631" /><D5/><U35/><E35/><V104/><F36/><W69/><G69/><T99/><D131/><U26/><E26/><V125/><F125/><W124/><G124/><T28/><D129/><U41/><E41/><V90/><F92/><W103/><G103/><T18/><D28/><U95/><E95/><V31/><F29/><W44/><G44/><AGARI ba="0,2" hai="8,9,44,48,52,74,77,82,88,93,96,98,101,106" machi="44" ten="30,8000,1" yaku="1,1,7,1,54,2,53,1" doraHai="122" doraHaiUra="100" who="1" fromWho="3" sc="250,0,240,100,250,0,240,-80" />
</Scene>
<Scene>
<INIT seed="1,0,0,1,2,34" ten="250,340,250,160" oya="1" hai0="9,44,110,79,123,2,115,97,35,14,111,100,104" hai1="101,45,20,134,125,19,43,61,4,99,75,126,12" hai2="120,3,95,89,68,92,50,56,128,62,16,47,59" hai3="107,94,5,17,109,7,33,28,70,60,90,42,57"/><U133/><E75/><V65/><F120/><W25/><G107/><T131/><D35/><U46/><E61/><V51/><F128/><W1/><G70/><T29/><D123/><U88/><E4/><V118/><F118/><W108/><G42/><T58/><D29/><U0/><E0/><V78/><F3/><W69/><G69/><T36/><D115/><U6/><E6/><V8/><F78/><W127/><G127/><N who="1" m="48650" /><E88/><V85/><F95/><W73/><G73/><T83/><D131/><U91/><E91/><V32/><F32/><W130/><G130/><T15/><D83/><U26/><E12/><V76/><F76/><W23/><G1/><T21/><D79/><U64/><E64/><V38/><F8/><W105/><G105/><T10/><D21/><U119/><E119/><V86/><F86/><W37/><G37/><T72/><D72/><U71/><E71/><V77/><F77/><W132/><G132/><N who="1" m="50794" /><E43/><V87/><F65/><W31/><G7/><T124/><D124/><U114/><E114/><V55/><F68/><W129/><G5/><T80/><D2/><U27/><E27/><V52/><F89/><W22/><G129/><T67/><D67/><U98/><E98/><V63/><F63/><W102/><G25/><T74/><D74/><U113/><E113/><V122/><F62/><W40/><G60/><T106/><D97/><U24/><E24/><V66/><F122/><W82/><G40/><T11/><D14/><U13/><E13/><V84/><F66/><W41/><G41/><T96/><D15/><U30/><E30/><V39/><F39/><RYUUKYOKU ba="0,0" sc="250,-10,340,30,250,-10,160,-10" hai1="19,20,26,45,46,99,101" />
</Scene>
<Scene>
<INIT seed="1,1,0,2,3,7" ten="240,370,240,150" oya="1" hai0="61,129,124,69,71,75,76,39,87,5,119,96,78" hai1="18,107,43,3,66,108,47,21,8,44,109,117,103" hai2="6,101,33,10,38,112,127,23,116,104,45,111,134" hai3="19,113,98,40,130,72,85,25,131,22,29,126,62"/><U55/><E117/><V133/><F116/><W132/><G72/><T2/><D119/><U41/><E66/><V64/><F33/><W121/><G121/><T88/><D39/><U67/><E67/><V135/><F111/><N who="1" m="42569" /><E103/><V11/><F6/><W90/><G113/><T34/><D34/><U83/><E107/><V79/><F112/><W58/><G40/><N who="1" m="15434" /><E55/><V52/><F127/><W89/><G126/><T42/><D124/><U57/><E57/><V77/><F64/><W30/><G132/><T1/><D42/><U81/><E3/><V106/><F38/><W28/><G85/><T51/><D51/><U86/><E8/><N who="2" m="3115" /><F23/><W63/><G63/><T73/><D1/><U16/><E18/><V94/><F94/><W20/><G20/><T84/><D2/><U110/><N who="1" m="42577" /><U56/><DORA hai="9" /><E56/><V114/><F114/><W125/><G125/><T37/><D37/><U31/><E31/><V14/><F101/><W74/><G58/><T102/><D102/><U53/><E53/><V80/><F104/><W115/><G115/><T26/><D5/><U32/><E32/><V27/><F106/><W36/><G36/><T95/><D71/><U97/><E97/><V48/><F135/><W49/><G29/><T93/><D69/><U91/><E83/><V99/><F80/><W35/><G30/><T68/><D68/><U0/><E0/><V100/><F133/><W70/><G28/><T50/><D96/><U54/><E54/><V17/><F134/><W46/><G98/><T123/><D61/><U118/><E118/><V13/><F99/><W65/><G35/><RYUUKYOKU ba="1,0" sc="240,-10,370,30,240,-10,150,-10" hai1="16,21,44,47,81,86,91" />
</Scene>
<Scene>
<INIT seed="1,2,0,4,1,112" ten="230,400,230,140" oya="1" hai0="43,26,88,113,23,42,127,16,96,121,133,78,82" hai1="27,56,122,91,25,90,15,3,101,1,41,98,80" hai2="2,28,102,95,45,83,67,115,64,63,89,19,109" hai3="55,60,71,65,126,69,39,14,124,87,73,111,10"/><U54/><E122/><V51/><F109/><W93/><G73/><T62/><D113/><U132/><E132/><V84/><F115/><W49/><G111/><T100/><D133/><U134/><E134/><V52/><F2/><W97/><G39/><T107/><D121/><U70/><E70/><V125/><F125/><W24/><G87/><T131/><D127/><U37/><E1/><V61/><F28/><W35/><G35/><T7/><D7/><U118/><E3/><V29/><F29/><W66/><G24/><T5/><D5/><U75/><E41/><V92/><F19/><W20/><G20/><T76/><D131/><U120/><E37/><V59/><REACH who="2" step="1"/><F102/><REACH who="2" ten="230,400,220,140" step="2"/><W86/><G124/><T116/><D100/><U46/><E101/><V22/><F22/><W34/><G126/><T40/><D16/><U18/><E18/><V8/><F8/><W17/><G34/><T108/><D23/><U128/><E120/><V44/><F44/><W105/><G10/><T21/><D21/><U0/><E0/><V36/><F36/><W68/><G17/><T104/><D108/><U106/><E46/><V94/><F94/><W11/><G11/><T9/><D9/><U114/><E114/><V119/><F119/><W110/><G110/><T85/><D26/><U32/><E32/><V53/><F53/><W81/><G93/><T72/><D40/><U99/><E54/><V79/><F79/><W117/><G117/><T31/><D116/><U6/><E118/><V77/><F77/><W129/><G55/><T38/><D38/><U33/><E33/><V13/><F13/><RYUUKYOKU ba="2,1" sc="230,-10,400,-10,220,30,140,-10" hai2="45,51,52,59,61,63,64,67,83,84,89,92,95" />
</Scene>
<Scene>
<INIT seed="2,3,1,2,3,39" ten="220,390,250,130" oya="2" hai0="44,93,96,20,114,113,70,112,33,68,5,43,53" hai1="29,8,45,72,41,61,126,117,57,129,104,38,116" hai2="35,125,119,76,135,99,52,111,51,132,60,4,16" hai3="122,12,130,105,115,87,79,49,36,21,40,69,75"/><V101/><F119/><W24/><G69/><T90/><D33/><U2/><E104/><V97/><F125/><W86/><G122/><T58/><D5/><N who="1" m="1079" /><E29/><V89/><F111/><W94/><G105/><T34/><D20/><U9/><E9/><V30/><F4/><W13/><G36/><T64/><D64/><N who="1" m="38959" /><E126/><V66/><F76/><W73/><G115/><T124/><D124/><U110/><E110/><V98/><F89/><W84/><G94/><T25/><D25/><U7/><E7/><V26/><F16/><W62/><G62/><T85/><D96/><U80/><E129/><V6/><F6/><W48/><G79/><AGARI ba="3,1" hai="38,41,45,72,79,80,116,117" m="38959,1079" machi="79" ten="30,2000,0" yaku="25,1,52,1" doraHai="39" who="1" fromWho="3" sc="220,0,390,39,250,0,130,-29" />
</Scene>
<Scene>
<INIT seed="3,0,0,3,3,42" ten="220,429,250,101" oya="3" hai0="59,74,91,114,36,17,20,28,7,4,33,57,12" hai1="131,96,43,120,103,115,38,46,24,32,49,130,95" hai2="35,86,0,71,54,105,75,18,67,122,77,6,111" hai3="78,97,60,3,73,93,68,81,23,107,14,53,39"/><W61/><G3/><T76/><D114/><U99/><E115/><V123/><F111/><W101/><G39/><T110/><D110/><U85/><E120/><V45/><F35/><W2/><G2/><T37/><D4/><U72/><E72/><V102/><F86/><W30/><G68/><T94/><D7/><U63/><E63/><V5/><F18/><W129/><G129/><N who="1" m="49162" /><E85/><V27/><F27/><W70/><G70/><T82/><D36/><U56/><E96/><V29/><F29/><W109/><G109/><T1/><D1/><U8/><E8/><V98/><F54/><W44/><G107/><T19/><D37/><U121/><E121/><N who="2" m="46091" /><F45/><W26/><REACH who="3" step="1"/><G14/><REACH who="3" ten="220,429,250,91" step="2"/><T25/><D19/><U118/><E38/><V88/><F0/><W84/><G84/><AGARI ba="0,1" hai="12,17,20,25,28,33,57,59,74,76,82,84,91,94" machi="84" ten="30,1000,0" yaku="7,1" doraHai="42" who="0" fromWho="3" sc="220,20,429,0,250,0,91,-10" />
</Scene>
<Scene>
<INIT seed="4,0,0,4,3,49" ten="240,429,250,81" oya="0" hai0="111,6,17,64,51,12,76,59,39,24,68,5,41" hai1="32,121,97,102,98,52,46,47,29,8,101,55,36" hai2="89,129,133,71,1,63,108,30,7,65,99,117,100" hai3="82,10,23,34,134,25,87,73,72,105,11,79,28"/><T26/><D111/><U113/><E121/><V83/><F108/><W38/><G38/><T110/><D76/><U3/><E32/><V48/><F133/><W22/><G105/><T60/><D110/><U116/><E29/><V62/><F129/><W69/><G69/><T42/><D39/><U45/><E36/><V94/><F117/><W57/><G134/><T18/><D68/><U37/><E37/><V130/><F130/><W106/><G106/><T104/><D104/><U115/><E116/><V2/><F7/><N who="0" m="2570" /><D18/><U44/><E8/><V43/><F30/><W56/><G34/><T93/><D93/><U81/><E81/><V67/><F83/><W40/><G40/><N who="0" m="15467" /><D51/><U88/><E3/><V61/><F2/><W92/><G73/><T58/><D58/><BYE who="0" /><N who="3" m="22633" /><G92/><T124/><D124/><U50/><E55/><UN n0="%68%61%79%61%74%6F%E2%98%86" /><V128/><F128/><W54/><G54/><T35/><D35/><U126/><E126/><V96/><F1/><W123/><G72/><T120/><D120/><U80/><E115/><V78/><F71/><W70/><G70/><T15/><D15/><U9/><E113/><V4/><F67/><W135/><G135/><T118/><D118/><U114/><E114/><V0/><F65/><W112/><G112/><T84/><D84/><N who="1" m="50183" /><E9/><AGARI ba="0,0" hai="9,12,17,24,26,59,60,64" m="15467,2570" machi="9" ten="30,1500,0" yaku="8,1" doraHai="49" who="0" fromWho="1" sc="240,15,429,-15,250,0,81,0" />
</Scene>
<Scene>
<INIT seed="4,1,0,2,4,108" ten="255,414,250,81" oya="0" hai0="53,5,45,99,42,54,17,81,127,125,85,27,129" hai1="91,52,75,68,102,38,29,100,105,2,97,16,92" hai2="40,41,26,46,64,90,130,120,73,49,34,80,23" hai3="84,78,36,47,35,58,72,76,22,114,1,30,118"/><T3/><D129/><U77/><E68/><V115/><F120/><W131/><G1/><T122/><D122/><U101/><E38/><V79/><F130/><W9/><G118/><T39/><D99/><U63/><E2/><V132/><F132/><W66/><G35/><T135/><D135/><U28/><E105/><V88/><F34/><W13/><G72/><T109/><D109/><U87/><E75/><V50/><F64/><W11/><G131/><T7/><D3/><U121/><E121/><V123/><F123/><W69/><G69/><T83/><D83/><N who="1" m="47599" /><E16/><V86/><F115/><W15/><G114/><T98/><D98/><U67/><E67/><V134/><F134/><W71/><G71/><T51/><D27/><U103/><E103/><V70/><F70/><W33/><G33/><T12/><D5/><U0/><E0/><V56/><F73/><W104/><G104/><T94/><D94/><U60/><E52/><N who="2" m="31767" /><F41/><W44/><G36/><T65/><D7/><U111/><E111/><V55/><F40/><W89/><G66/><T61/><D39/><U117/><E117/><V128/><F128/><W48/><G13/><T37/><D37/><U113/><E113/><V112/><F112/><W116/><G116/><T4/><D4/><U119/><E119/><V43/><F43/><W96/><G15/><T57/><D53/><U106/><E106/><V126/><F126/><N who="0" m="48138" /><D54/><U82/><E82/><V21/><F26/><W18/><G18/><T24/><D24/><U93/><E93/><V74/><F74/><W59/><G30/><AGARI ba="1,0" hai="28,29,30,60,63,91,92,97,100,101,102" m="47599" machi="30" ten="30,1000,0" yaku="8,1" doraHai="108" who="1" fromWho="3" sc="255,0,414,13,250,0,81,-13" />
</Scene>
<Scene>
<INIT seed="5,0,0,4,0,32" ten="255,427,250,68" oya="1" hai0="110,19,1,69,108,95,134,111,31,132,62,70,48" hai1="119,123,4,61,40,128,12,122,26,109,82,84,53" hai2="50,77,17,117,51,113,49,68,3,46,107,21,63" hai3="120,112,14,98,47,131,86,102,36,45,97,90,7"/><U44/><E119/><V83/><F117/><W118/><G118/><T64/><D31/><U135/><E26/><V85/><F107/><W94/><G120/><T127/><D127/><U92/><E92/><V125/><F125/><W79/><G131/><T0/><D69/><U55/><E128/><V76/><F113/><W115/><G36/><T30/><D30/><U25/><E25/><V81/><F3/><N who="0" m="1098" /><D95/><U106/><E106/><V23/><F68/><W8/><G79/><T96/><D48/><U124/><E124/><V74/><F63/><W114/><REACH who="3" step="1"/><G98/><REACH who="3" ten="255,427,250,58" step="2"/><T10/><D96/><U100/><E122/><V66/><F77/><W60/><G60/><T87/><D87/><U28/><E84/><V58/><F85/><W5/><G5/><T52/><D111/><U88/><E109/><V71/><F76/><W38/><G38/><T16/><D108/><U29/><E4/><V18/><F74/><W116/><G116/><T75/><D75/><U9/><E61/><V59/><F71/><W99/><G99/><T56/><D110/><U133/><E123/><V129/><F129/><W101/><G101/><T72/><D72/><U27/><E100/><V89/><F51/><W91/><G91/><T43/><D70/><U78/><E88/><V42/><F89/><W73/><G73/><T130/><D130/><U22/><E78/><V37/><F37/><W105/><AGARI ba="0,1" hai="7,8,14,45,47,86,90,94,97,102,105,112,114,115" machi="105" ten="30,4000,0" yaku="1,1,0,1,15,1,53,0" doraHai="32" doraHaiUra="34" who="3" fromWho="3" sc="255,-10,427,-20,250,-10,58,50" />
</Scene>
<Scene>
<INIT seed="6,0,0,3,1,39" ten="245,407,240,108" oya="2" hai0="8,54,27,130,128,51,34,66,116,53,41,121,46" hai1="72,81,38,102,127,50,56,87,24,108,104,52,10" hai2="23,79,112,69,92,123,63,32,43,76,77,45,73" hai3="132,71,107,37,35,67,120,17,58,110,40,47,11"/><V22/><F123/><W36/><G107/><T61/><D121/><U99/><E108/><V0/><F112/><W126/><G120/><T21/><D8/><U42/><E127/><V64/><F32/><W15/><G35/><T26/><D34/><U131/><E131/><N who="0" m="50217" /><D116/><U57/><E72/><V88/><F0/><W113/><G110/><T30/><D27/><U85/><E24/><V98/><REACH who="2" step="1"/><F73/><REACH who="2" ten="245,407,230,108" step="2"/><W114/><G126/><T93/><D93/><U89/><E104/><V84/><F84/><W111/><G111/><T25/><D25/><U33/><E85/><V74/><F74/><W4/><G132/><T29/><D29/><U60/><E87/><V125/><F125/><W48/><G4/><T19/><D30/><U90/><E33/><V80/><F80/><W12/><G12/><T101/><D101/><U65/><E81/><V83/><F83/><W124/><G124/><T59/><AGARI ba="0,1" hai="19,21,26,41,46,51,53,54,59,61,66" m="50217" machi="59" ten="30,2000,0" yaku="19,1,52,1" doraHai="39" who="0" fromWho="0" sc="245,30,407,-5,230,-10,108,-5" />
</Scene>
<Scene>
<INIT seed="7,0,0,3,0,23" ten="275,402,220,103" oya="3" hai0="106,5,54,110,115,18,44,13,118,45,20,121,61" hai1="38,95,27,39,12,9,86,103,97,62,91,129,7" hai2="123,69,114,8,56,50,28,126,88,120,109,104,83" hai3="117,34,98,89,85,105,130,113,75,73,99,96,42"/><W133/><G34/><T81/><D106/><U71/><E129/><V92/><F109/><W102/><G42/><T31/><D118/><U122/><E122/><N who="2" m="46635" /><F104/><W135/><G117/><T84/><D110/><U78/><E78/><V10/><F69/><W66/><G66/><T93/><D115/><U55/><E27/><V108/><F108/><W21/><G21/><T64/><D54/><U87/><E87/><N who="2" m="52255" /><F114/><W107/><G113/><T48/><D93/><U79/><E79/><V59/><F126/><W58/><G58/><N who="2" m="22057" /><F28/><W70/><G70/><T101/><D31/><U16/><E55/><V63/><F63/><W74/><G130/><T22/><D61/><U65/><E7/><V112/><F112/><W11/><G11/><T132/><D64/><U80/><AGARI ba="0,0" hai="9,12,16,38,39,62,65,71,80,86,91,95,97,103" machi="80" ten="20,2700,0" yaku="0,1,7,1,54,1" doraHai="23" who="1" fromWho="1" sc="275,-7,402,27,220,-7,103,-13" owari="268,7.0,429,53.0,213,-19.0,90,-41.0" />
</Scene>
</mjloggm>