<mjloggm ver="2.3"><GO type="169" lobby="0"/><UN n0="%E3%81%8D%E3%81%97%E3%82%8A%E3%81%A3%E3%81%97%E3%82%85" n1="%E5%A4%AA%E3%81%8F%E3%81%AA%E3%81%84%E3%81%8A" n2="%E3%82%A2%E3%83%95%E3%83%AD%E3%81%AA%E4%BE%8D" n3="%72%63%70%62" dan="16,17,16,16" rate="2056.63,2185.90,2071.31,2025.68" sx="M,F,M,M"/><TAIKYOKU oya="0"/>

<Scene>
<INIT seed="0,0,0,5,5,131" ten="250,250,250,250" oya="0" hai0="64,0,119,52,48,105,29,135,107,56,25,102,116" hai1="43,91,106,37,63,97,80,8,47,60,57,6,108" hai2="61,73,49,36,53,133,78,71,55,114,134,23,16" hai3="62,117,66,42,99,70,100,129,28,13,77,31,35"/><T118/><D0/><U45/><E108/><V54/><F36/><W104/><G117/><T122/><D122/><U96/><E47/><V113/><F78/><W26/><G129/><T19/><D19/><U20/><E20/><V68/><F73/><W76/><G31/><T9/><D9/><U75/><E106/><V22/><F22/><W84/><G42/><T30/><D64/><U3/><E91/><V67/><F49/><W33/><G33/><T101/><D29/><U51/><E51/><V110/><F71/><W32/><G32/><T103/><REACH who="0" step="1"/><D135/><REACH who="0" ten="240,250,250,250" step="2"/><N who="2" m="51722" /><F110/><W93/><REACH who="3" step="1"/><G13/><AGARI ba="0,1" hai="13,16,23,53,54,55,61,67,68,113,114" m="51722" machi="13" ten="30,8000,1" yaku="20,1,52,3,54,1" doraHai="131" who="2" fromWho="3" sc="240,0,250,0,250,90,250,-80" /><BYE who="3" />
</Scene>
<Scene>
<INIT seed="1,0,0,1,4,87" ten="240,250,340,170" oya="1" hai0="23,69,96,115,4,76,18,57,127,108,125,20,7" hai1="132,71,51,134,11,24,50,104,52,78,26,133,34" hai2="110,107,27,44,0,13,8,121,30,123,47,120,117" hai3="83,48,36,32,95,21,102,100,14,59,92,135,2"/><U3/><E71/><UN n3="%72%63%70%62" /><V55/><F107/><W126/><G36/><T77/><D69/><U72/><E104/><V82/><F117/><W91/><G32/><T67/><D67/><U62/><E72/><V129/><F129/><W128/><G2/><T99/><D57/><N who="1" m="35111" /><E78/><V38/><F110/><W37/><G37/><T16/><REACH who="0" step="1"/><D115/><REACH who="0" ten="230,250,340,170" step="2"/><U61/><E61/><V80/><F123/><W66/><G59/><T49/><D49/><N who="1" m="18443" /><E34/><V88/><F121/><W10/><G66/><T79/><D79/><U109/><E109/><AGARI ba="0,1" hai="4,7,16,18,20,23,76,77,96,99,108,109,125,127" machi="109" ten="25,12000,2" yaku="1,1,22,2,54,1,53,2" doraHai="87" doraHaiUra="74" who="0" fromWho="1" sc="230,130,250,-120,340,0,170,0" />
</Scene>
<Scene>
<INIT seed="2,0,0,4,1,14" ten="360,130,340,170" oya="2" hai0="118,117,69,31,102,132,25,48,56,81,67,4,110" hai1="99,90,15,113,41,80,32,84,30,37,124,44,40" hai2="46,125,7,115,134,24,108,135,50,72,128,121,114" hai3="26,63,10,71,92,98,93,77,18,49,65,29,58"/><V68/><F72/><W79/><G71/><T35/><D4/><U74/><E113/><V20/><F7/><W53/><G93/><T120/><D120/><U52/><E124/><V112/><F121/><W107/><G107/><T106/><D110/><U78/><E41/><V6/><F125/><W12/><G49/><T27/><D132/><N who="2" m="50730" /><F68/><W101/><REACH who="3" step="1"/><G53/><REACH who="3" ten="360,130,340,160" step="2"/><T33/><D48/><U131/><E52/><N who="2" m="29783" /><F108/><W43/><G43/><T103/><D69/><U1/><E40/><V133/><F133/><W2/><G2/><T83/><D106/><U82/><E1/><V85/><F85/><W13/><G13/><T62/><D83/><U36/><E15/><V127/><F127/><W39/><G39/><T61/><D81/><U42/><E37/><V57/><F57/><W23/><AGARI ba="0,1" hai="10,12,18,23,26,29,58,63,65,77,79,92,98,101" machi="23" ten="20,12000,2" yaku="1,1,0,1,7,1,25,2,8,1,52,1,53,0" doraHai="14" doraHaiUra="116" who="3" fromWho="3" sc="360,-30,130,-30,340,-60,160,130" />
</Scene>
<Scene>
<INIT seed="3,0,0,1,1,46" ten="330,100,280,290" oya="3" hai0="24,78,38,29,7,52,87,109,95,12,134,69,126" hai1="44,129,35,88,98,127,91,84,5,51,50,131,9" hai2="85,6,77,68,81,86,36,121,90,49,113,2,117" hai3="94,116,63,100,96,135,41,47,92,1,20,54,8"/><W71/><G116/><T22/><D38/><U43/><E35/><V133/><F113/><W30/><G135/><T48/><D69/><U55/><E127/><V75/><F68/><W105/><G1/><T80/><D126/><U39/><E98/><V26/><F133/><W72/><G72/><T108/><D134/><U42/><E42/><V23/><F36/><W27/><G8/><T28/><D95/><U99/><E99/><V73/><F121/><W18/><G18/><T65/><D65/><U101/><E101/><V125/><F125/><W16/><G30/><T3/><D3/><U112/><E112/><V79/><F6/><W102/><G102/><T89/><D29/><U110/><E110/><V40/><F2/><W25/><G25/><T74/><D74/><U32/><E32/><V128/><F117/><W57/><REACH who="3" step="1"/><G71/><REACH who="3" ten="330,100,280,280" step="2"/><T120/><D109/><U106/><E106/><V124/><F75/><W132/><G132/><T111/><D108/><U103/><E103/><V130/><F73/><W17/><G17/><T70/><D70/><U119/><E119/><V104/><F26/><W13/><G13/><T11/><D111/><U64/><E9/><V66/><F124/><W97/><G97/><T60/><D120/><U83/><E5/><V93/><F23/><W61/><G61/><T82/><D60/><U115/><E115/><V76/><F130/><W14/><G14/><T59/><D12/><U62/><E129/><V33/><F128/><W15/><G15/><T114/><D114/><U53/><E131/><V21/><F33/><W123/><G123/><T67/><D11/><RYUUKYOKU ba="0,1" sc="330,-10,100,-10,280,-10,280,30" hai3="16,20,27,41,47,54,57,63,92,94,96,100,105" />
</Scene>
<Scene>
<INIT seed="3,1,1,5,2,28" ten="320,90,270,310" oya="3" hai0="114,95,17,119,129,58,66,80,130,88,126,127,52" hai1="125,85,36,115,30,14,117,55,46,51,107,79,91" hai2="99,104,63,41,93,109,26,50,69,75,27,113,7" hai3="21,32,81,53,72,101,18,106,34,62,74,97,82"/><W56/><G81/><T87/><D119/><U120/><E120/><V49/><F113/><W100/><G100/><T86/><D66/><U5/><E115/><V11/><F75/><W29/><G29/><T23/><D114/><U98/><E117/><V122/><F122/><W94/><G106/><T12/><D58/><U60/><E125/><N who="0" m="47625" /><D52/><U77/><E36/><V4/><F104/><W40/><G40/><T134/><D134/><U124/><E124/><V78/><F78/><AGARI ba="1,1" hai="12,17,23,78,80,86,87,88,95,129,130" m="47625" machi="78" ten="30,2000,0" yaku="18,1,54,1" doraHai="28" who="0" fromWho="2" sc="320,33,90,0,270,-23,310,0" />
</Scene>
<Scene>
<INIT seed="4,0,0,2,4,99" ten="353,90,247,310" oya="0" hai0="104,35,118,12,1,42,130,43,124,62,78,72,87" hai1="17,115,61,23,90,133,92,0,34,28,127,110,75" hai2="105,18,8,37,63,41,69,44,93,129,80,120,14" hai3="79,86,84,101,121,2,91,116,126,49,56,74,50"/><T89/><D1/><U16/><E110/><V60/><F120/><W59/><G2/><T22/><D35/><U119/><E119/><V25/><F105/><W45/><G116/><T98/><D78/><U123/><E123/><V103/><F129/><W128/><G121/><T54/><D72/><U96/><E0/><V38/><F38/><W77/><G126/><T27/><D12/><U53/><E75/><V7/><F80/><N who="3" m="47135" /><G74/><T97/><D124/><U117/><E117/><V6/><F69/><W113/><G77/><T102/><D97/><U29/><E127/><V36/><F36/><W48/><G113/><T24/><D24/><N who="1" m="14439" /><E34/><V33/><F33/><W100/><G45/><T88/><D89/><U46/><E133/><V64/><F64/><W85/><G128/><T108/><D108/><U55/><E115/><V70/><F70/><W10/><G10/><T76/><D76/><U122/><E122/><V131/><F8/><W11/><G11/><T51/><D62/><U125/><E125/><V47/><F63/><W95/><G86/><T73/><D73/><U3/><E3/><V135/><F135/><W67/><G67/><T65/><D65/><U4/><E4/><V32/><F6/><W109/><G109/><T134/><D134/><U30/><E46/><V106/><F47/><W111/><G111/><T132/><D132/><U114/><E114/><V13/><F44/><W5/><G5/><T68/><D68/><U39/><E39/><V94/><F37/><W9/><G9/><T112/><D112/><U83/><E61/><V57/><F60/><W20/><G20/><RYUUKYOKU ba="0,0" sc="353,-10,90,-10,247,-10,310,30" hai3="48,49,50,56,59,85,91,95,100,101" />
</Scene>
<Scene>
<INIT seed="5,1,0,0,4,6" ten="343,80,237,340" oya="1" hai0="100,60,110,125,99,128,114,106,49,90,120,124,34" hai1="50,33,105,117,51,7,97,32,53,9,98,109,73" hai2="58,16,112,67,20,122,0,15,54,36,1,104,68" hai3="21,30,119,84,66,10,123,89,85,126,115,52,63"/><U65/><E117/><V70/><F122/><W38/><G38/><T41/><D34/><U113/><E73/><V118/><F118/><W40/><G40/><T132/><D110/><U79/><E79/><V74/><F104/><W28/><G123/><T48/><D120/><U12/><E109/><V121/><F121/><W19/><G115/><T35/><D35/><U4/><E113/><V107/><F107/><W22/><G126/><T82/><D132/><U3/><E65/><V26/><F36/><W102/><G102/><T64/><D128/><U31/><E105/><V72/><F112/><W2/><G119/><T129/><D129/><U25/><E33/><V135/><F135/><W108/><G108/><T101/><D101/><U130/><E130/><V55/><F72/><W18/><G2/><T80/><D41/><U62/><E62/><V39/><F39/><W44/><G66/><T23/><D48/><U91/><E91/><V45/><F74/><W77/><G77/><T133/><D49/><U14/><E50/><V8/><F45/><W56/><G44/><T81/><D133/><U5/><E14/><V103/><F103/><W87/><G89/><T83/><D90/><U24/><E24/><V47/><F47/><W27/><REACH who="3" step="1"/><G10/><REACH who="3" ten="343,80,237,330" step="2"/><T86/><D114/><U95/><E3/><V29/><F0/><W42/><G42/><T46/><D46/><N who="1" m="27895" /><E98/><V92/><F1/><W96/><G96/><T37/><D37/><U134/><E134/><V11/><F67/><W69/><G69/><N who="0" m="42119" /><D125/><U17/><E97/><V93/><F70/><W127/><G127/><T71/><D124/><RYUUKYOKU ba="1,1" sc="343,-15,80,15,237,-15,330,15" hai1="4,5,7,9,12,17,25,31,32,95" hai3="18,19,21,22,27,28,30,52,56,63,84,85,87" />
</Scene>
<Scene>
<INIT seed="5,2,1,4,0,84" ten="328,95,222,345" oya="1" hai0="66,88,19,61,118,94,44,75,50,93,113,123,34" hai1="11,68,17,37,107,125,5,128,25,38,98,52,48" hai2="15,81,101,64,129,18,112,103,13,73,33,26,12" hai3="49,3,36,1,102,57,71,28,119,99,30,104,87"/><U67/><E125/><V16/><F129/><W114/><G71/><T39/><D34/><U4/><E128/><V126/><F126/><W63/><G36/><T79/><D39/><U41/><E68/><V78/><F64/><W40/><G114/><T24/><D75/><U108/><E67/><V2/><F2/><W95/><G119/><T20/><D79/><U47/><E108/><V117/><F117/><W59/><G1/><T27/><D94/><U82/><E82/><V80/><F112/><W132/><G3/><T89/><D123/><U97/><E38/><V74/><F74/><W134/><G40/><T22/><D93/><U58/><E107/><V56/><F56/><N who="3" m="21579" /><G49/><T60/><D118/><U35/><E17/><V7/><F7/><W121/><G63/><N who="0" m="24139" /><D66/><U131/><E131/><V77/><F33/><W31/><G121/><T70/><D70/><U8/><E5/><V124/><F124/><W42/><G42/><N who="0" m="24855" /><D113/><U43/><E43/><V23/><F18/><AGARI ba="2,1" hai="18,19,20,22,24,27,88,89" m="24855,24139" machi="18" ten="30,7700,0" yaku="8,1,52,2,54,1" doraHai="84" who="0" fromWho="2" sc="328,93,95,0,222,-83,345,0" />
</Scene>
<Scene>
<INIT seed="6,0,0,0,4,76" ten="421,95,139,345" oya="2" hai0="131,78,129,11,114,84,103,95,52,125,69,135,0" hai1="127,42,19,66,7,12,123,111,70,5,62,73,33" hai2="60,117,65,79,132,46,44,51,30,118,82,20,3" hai3="119,96,39,102,64,107,85,1,26,86,115,94,22"/><V110/><F3/><W38/><G1/><T35/><D69/><U99/><E111/><V61/><F110/><W23/><G119/><T63/><D35/><U53/><E33/><V113/><F113/><W17/><G115/><T87/><D135/><U58/><E73/><V55/><F132/><W92/><G64/><T80/><D125/><U2/><E127/><V68/><F46/><W120/><G120/><T108/><D108/><U16/><E123/><V36/><F60/><W6/><G6/><T77/><D11/><U21/><E2/><V124/><F124/><W45/><G107/><T133/><D0/><U112/><E112/><V91/><F91/><N who="3" m="53367" /><G39/><T122/><D122/><U40/><E99/><V106/><F106/><W8/><G38/><T32/><D32/><U4/><REACH who="1" step="1"/><E19/><REACH who="1" ten="421,85,139,345" step="2"/><V25/><REACH who="2" step="1"/><F36/><REACH who="2" ten="421,85,129,345" step="2"/><W126/><G126/><T15/><D114/><U34/><E34/><V81/><F81/><W128/><G102/><T83/><D133/><U90/><E90/><V116/><F116/><W74/><G74/><AGARI ba="0,2" hai="20,25,30,44,51,55,61,65,68,74,79,82,117,118" machi="74" ten="30,5800,0" yaku="1,1,7,1,52,1,53,0" doraHai="76" doraHaiUra="101" who="2" fromWho="3" sc="421,0,85,0,129,78,345,-58" />
</Scene>
<Scene>
<INIT seed="6,1,0,0,2,111" ten="421,85,207,287" oya="2" hai0="99,5,134,52,37,123,63,34,8,103,48,43,30" hai1="94,1,122,23,44,47,56,4,74,73,50,126,116" hai2="59,15,26,31,64,87,125,97,11,86,113,129,110" hai3="53,61,133,130,78,117,92,32,118,51,101,35,119"/><V89/><F110/><W85/><G133/><T19/><D19/><U6/><E116/><V68/><F68/><W40/><G130/><T75/><D75/><U0/><E56/><V62/><F129/><W71/><G40/><T42/><D63/><U90/><E23/><N who="2" m="15839" /><F113/><W132/><G132/><T108/><D37/><U3/><E126/><V104/><F104/><W27/><G27/><T83/><D123/><U10/><E122/><V33/><F33/><W41/><G41/><T98/><D98/><U58/><E58/><V2/><F2/><W14/><G14/><T21/><D34/><U120/><E120/><V81/><F125/><W127/><G127/><T115/><D83/><U77/><E77/><V109/><F109/><W100/><G32/><T105/><D115/><U29/><E29/><V114/><F114/><W55/><G35/><T102/><D102/><U93/><E10/><V45/><F45/><N who="3" m="27887" /><G71/><T20/><D134/><U131/><E131/><V7/><F81/><N who="3" m="47287" /><G92/><AGARI ba="1,0" hai="7,11,15,59,62,64,86,87,89,92,97" m="15839" machi="92" ten="30,1500,0" yaku="8,1" doraHai="111" who="2" fromWho="3" sc="421,0,85,0,207,18,287,-18" />
</Scene>
<Scene>
<INIT seed="6,2,0,1,0,75" ten="421,85,225,269" oya="2" hai0="104,37,68,118,76,69,55,91,65,32,15,73,67" hai1="40,57,127,43,39,17,85,125,116,10,11,131,44" hai2="72,135,99,115,35,97,130,117,106,48,60,6,54" hai3="112,49,84,80,123,90,132,120,109,121,88,119,5"/><V14/><F117/><W2/><G2/><T25/><D37/><U29/><E116/><V4/><F35/><W124/><G5/><T78/><D15/><U30/><E57/><V77/><F135/><W86/><G119/><T26/><D118/><U94/><E131/><V92/><F106/><W42/><G109/><T128/><D91/><U19/><E94/><V61/><F130/><W83/><G124/><T100/><D73/><U87/><REACH who="1" step="1"/><E39/><REACH who="1" ten="421,75,225,269" step="2"/><V46/><F92/><W114/><G132/><T0/><D128/><U63/><E63/><V27/><F61/><W79/><G49/><T111/><D69/><U53/><E53/><V34/><F60/><W16/><G42/><T50/><D68/><U47/><AGARI ba="2,1" hai="10,11,17,19,29,30,40,43,44,47,85,87,125,127" machi="47" ten="25,6400,0" yaku="1,1,0,1,22,2,53,0" doraHai="75" doraHaiUra="89" who="1" fromWho="1" sc="421,-18,75,80,225,-34,269,-18" />
</Scene>
<Scene>
<INIT seed="7,0,0,0,0,39" ten="403,155,191,251" oya="3" hai0="81,35,34,95,28,4,26,90,22,88,53,7,24" hai1="16,89,30,25,121,38,18,42,116,36,65,15,1" hai2="112,115,103,113,133,73,40,50,37,71,54,23,80" hai3="132,32,97,20,61,107,2,0,11,74,21,56,27"/><W134/><G74/><T64/><D64/><U3/><E121/><V111/><F111/><W70/><G70/><T55/><D81/><U119/><E65/><V127/><F127/><W6/><G107/><T12/><D12/><U114/><E114/><V92/><F133/><N who="3" m="51307" /><G97/><T131/><D131/><U44/><E38/><V10/><F71/><W96/><G96/><T130/><D130/><U102/><E102/><V60/><F60/><W8/><G56/><T135/><D135/><U75/><E75/><V52/><F73/><W84/><G84/><T128/><D128/><U93/><E1/><V59/><F80/><W76/><G61/><T120/><D22/><N who="3" m="8809" /><G76/><T45/><D45/><U125/><E3/><N who="3" m="1066" /><G6/><T62/><D62/><U117/><E125/><V58/><F59/><W94/><G94/><T122/><D28/><AGARI ba="0,0" hai="8,11,27,28,32" m="1066,8809,51307" machi="28" ten="40,7700,0" yaku="20,1,34,2" doraHai="39" who="3" fromWho="0" sc="403,-77,155,0,191,0,251,77" owari="326,13.0,155,-34.0,191,-21.0,328,42.0" />
</Scene>
</mjloggm>