<mjloggm ver="2.3"><GO type="169" lobby="0"/><UN n0="%6E%69%63%6B%2E" n1="%41%6D%69%63%68%61%6E" n2="%74%61%6B%75%61%6B%61" n3="%E5%A4%AA%E3%81%8F%E3%81%AA%E3%81%84%E3%81%8A" dan="16,16,16,17" rate="2144.12,2091.19,2070.36,2182.43" sx="M,F,M,F"/><TAIKYOKU oya="0"/>

<Scene>
<INIT seed="0,0,0,4,1,36" ten="250,250,250,250" oya="0" hai0="134,117,38,16,0,6,103,22,120,69,11,131,53" hai1="51,121,60,128,25,39,7,73,43,49,56,126,80" hai2="54,65,119,12,26,64,127,70,77,75,109,21,133" hai3="18,96,52,4,118,67,84,125,42,94,113,47,97"/><T74/><D117/><U23/><E121/><V59/><F109/><W83/><G118/><T66/><D120/><U71/><E7/><V107/><F107/><W57/><G113/><T19/><D74/><U15/><E15/><V88/><F70/><W86/><G125/><T91/><D103/><U108/><E126/><V87/><F127/><W48/><G4/><T30/><D134/><U92/><E108/><V3/><F3/><W110/><G110/><T55/><D131/><U95/><E128/><V14/><F133/><W41/><G18/><T105/><D105/><U106/><E106/><V78/><F12/><W93/><G67/><N who="2" m="25673" /><F14/><W62/><G42/><T33/><D38/><U31/><E71/><V34/><F34/><W98/><REACH who="3" step="1"/><G86/><REACH who="3" ten="250,250,250,240" step="2"/><T100/><D19/><U101/><E43/><V32/><F75/><W63/><G63/><T10/><D66/><U99/><E60/><N who="2" m="35959" /><F119/><W76/><AGARI ba="0,1" hai="41,47,48,52,57,62,76,83,84,93,94,96,97,98" machi="76" ten="30,8000,1" yaku="1,1,0,1,8,1,52,1,54,1,53,0" doraHai="36" doraHaiUra="1" who="3" fromWho="3" sc="250,-40,250,-20,250,-20,240,90" />
</Scene>
<Scene>
<INIT seed="1,0,0,3,5,24" ten="210,230,230,330" oya="1" hai0="128,54,25,2,106,77,80,73,8,103,71,53,3" hai1="31,115,134,64,112,84,5,37,41,57,9,117,69" hai2="92,104,83,98,94,95,58,13,20,89,72,59,38" hai3="56,118,85,93,26,7,48,121,4,96,111,12,74"/><U70/><E117/><V125/><F125/><W100/><G74/><T123/><D71/><U21/><E84/><N who="2" m="50335" /><F38/><W101/><G121/><T75/><D123/><U132/><E21/><V23/><F104/><W28/><G118/><T114/><D114/><N who="1" m="43563" /><E31/><V133/><F72/><W108/><G101/><T15/><D75/><U79/><E9/><V29/><F133/><N who="1" m="51305" /><E5/><V39/><F39/><W40/><G85/><T110/><D128/><U19/><E19/><N who="2" m="10351" /><F98/><W63/><G48/><T50/><D110/><N who="3" m="42025" /><G40/><T30/><D106/><U129/><E129/><V127/><F127/><W68/><G68/><T113/><D103/><U88/><E88/><V102/><F102/><W49/><G49/><T67/><D113/><U131/><E131/><V66/><F66/><N who="3" m="39271" /><G12/><T61/><D3/><U10/><E79/><V105/><F105/><W34/><AGARI ba="0,0" hai="4,7,26,28,34,93,96,100" m="39271,42025" machi="34" ten="30,2000,0" yaku="14,1,52,1" doraHai="24" who="3" fromWho="3" sc="210,-5,230,-10,230,-5,330,20" />
</Scene>
<Scene>
<INIT seed="2,0,0,0,4,76" ten="205,220,225,350" oya="2" hai0="14,23,123,34,72,69,78,58,119,97,31,116,128" hai1="79,85,131,81,130,105,28,13,95,86,127,7,42" hai2="100,83,68,15,5,133,103,62,18,115,64,33,26" hai3="3,117,52,99,25,75,132,126,89,124,39,107,49"/><V98/><F115/><W122/><G117/><N who="0" m="45131" /><D123/><U27/><E105/><V12/><F133/><W60/><G122/><T38/><D69/><U101/><E127/><N who="3" m="48682" /><G39/><T120/><D120/><U61/><E42/><V46/><F5/><W10/><G75/><T73/><D128/><U80/><E61/><V32/><F46/><W45/><G132/><T129/><D129/><N who="1" m="49163" /><E13/><V71/><F71/><W88/><G25/><N who="0" m="18799" /><D38/><U50/><E50/><V51/><F51/><W6/><G60/><T30/><D78/><N who="1" m="46263" /><E7/><V19/><F12/><W114/><G114/><T21/><D97/><N who="1" m="59583" /><E27/><V16/><F15/><W134/><G134/><T90/><D14/><U9/><E9/><V36/><F36/><W0/><G0/><T118/><D118/><U92/><E28/><V2/><F2/><W22/><G22/><N who="0" m="8203" /><D30/><U59/><E59/><V11/><F11/><W109/><G109/><T56/><D58/><U125/><E125/><V24/><F24/><W17/><G17/><T106/><D56/><U77/><E92/><V53/><F26/><W43/><G43/><T82/><D106/><U47/><E47/><V54/><F32/><W91/><G107/><T4/><D4/><U44/><E44/><V93/><F33/><W135/><G135/><T104/><D104/><U113/><E77/><V67/><F67/><W94/><AGARI ba="0,0" hai="3,6,10,45,49,52,88,89,91,94,99" m="48682" machi="94" ten="30,4000,0" yaku="18,1,54,2" doraHai="76" who="3" fromWho="3" sc="205,-10,220,-10,225,-20,350,40" />
</Scene>
<Scene>
<INIT seed="3,0,0,0,3,77" ten="195,210,205,390" oya="3" hai0="50,14,63,105,62,54,81,29,40,15,128,113,64" hai1="114,121,88,65,36,126,75,45,93,53,76,133,110" hai2="21,90,108,23,8,55,5,99,31,104,39,94,135" hai3="32,115,11,30,38,6,27,86,109,20,58,87,42"/><W92/><G115/><T129/><D105/><U69/><E121/><V3/><F108/><W100/><G109/><T73/><D113/><U34/><E110/><V46/><F135/><W28/><G38/><T111/><D111/><U117/><E34/><V72/><F104/><W52/><G42/><T70/><D40/><U132/><E114/><V66/><F66/><W91/><G100/><T120/><D120/><U95/><E126/><V67/><F67/><W24/><G92/><T44/><D62/><U37/><E117/><V17/><F31/><W43/><G43/><T89/><D29/><U16/><E95/><V84/><F72/><W79/><G91/><T101/><D101/><U134/><E65/><V98/><F39/><W68/><G79/><N who="0" m="44271" /><D89/><U0/><E69/><V51/><REACH who="2" step="1"/><F23/><REACH who="2" ten="195,210,195,390" step="2"/><W7/><G68/><T47/><D70/><U123/><E75/><V78/><F78/><W48/><REACH who="3" step="1"/><G6/><REACH who="3" ten="195,210,195,380" step="2"/><T116/><D116/><U96/><E76/><V1/><F1/><AGARI ba="0,2" hai="1,7,11,20,24,27,28,30,32,48,52,58,86,87" machi="1" ten="30,11600,0" yaku="1,1,2,1,7,1,54,1,53,0" doraHai="77" doraHaiUra="13" who="3" fromWho="2" sc="195,0,210,0,195,-116,380,136" />
</Scene>
<Scene>
<INIT seed="3,1,0,1,0,18" ten="195,210,79,516" oya="3" hai0="10,13,55,17,112,114,71,35,22,125,75,19,111" hai1="84,81,79,37,5,7,28,25,59,121,95,33,73" hai2="106,1,54,40,127,12,64,98,85,130,92,23,69" hai3="124,91,29,88,48,104,47,103,42,50,109,68,77"/><W38/><G68/><T24/><D75/><U122/><E37/><V93/><F1/><W66/><G66/><T129/><D71/><U134/><E134/><V27/><F127/><W86/><G124/><T108/><D55/><U105/><E105/><V41/><F130/><W52/><G29/><N who="0" m="19879" /><D129/><U44/><E44/><V87/><F106/><W34/><G34/><T21/><D125/><U45/><E45/><V82/><F69/><W30/><G30/><T8/><D8/><U133/><E133/><V96/><F64/><W89/><G109/><N who="0" m="42059" /><D10/><U65/><E65/><V31/><F12/><AGARI ba="1,0" hai="12,13,17,19,21,22,112,114" m="42059,19879" machi="12" ten="30,8000,1" yaku="14,1,34,2,52,2" doraHai="18" who="0" fromWho="2" sc="195,83,210,0,79,-83,516,0" owari="278,8.0,210,-19.0,-4,-50.0,516,61.0" />
</Scene>
</mjloggm>