<mjloggm ver="2.3"><GO type="169" lobby="0"/><UN n0="%E6%96%B0%E9%96%8B%E5%96%84%E6%96%87" n1="%E9%A3%9B%E6%B2%AB" n2="%28%C2%B4%E2%80%95%CF%89%E2%80%95%60%29" n3="%E5%A4%AA%E3%81%8F%E3%81%AA%E3%81%84%E3%81%8A" dan="17,16,16,17" rate="2166.40,2132.18,2066.17,2235.01" sx="F,F,M,M"/><TAIKYOKU oya="0"/>

<Scene>
<INIT seed="0,0,0,4,3,133" ten="250,250,250,250" oya="0" hai0="108,120,115,17,47,122,58,90,21,98,110,20,118" hai1="42,124,69,22,9,101,23,25,82,96,127,109,15" hai2="7,19,65,45,111,49,60,103,12,50,94,46,62" hai3="80,13,67,63,55,121,132,32,27,97,37,51,114"/><T104/><D47/><U54/><E69/><V43/><F7/><W61/><G114/><T92/><D104/><U84/><E42/><N who="2" m="24759" /><F65/><W24/><G37/><T16/><D118/><U79/><E54/><V41/><F41/><W36/><G36/><T29/><D115/><U89/><E89/><V87/><F111/><N who="0" m="42538" /><D58/><U113/><E113/><V14/><F14/><W26/><G132/><T91/><D91/><U1/><E1/><V70/><F70/><W105/><G121/><N who="0" m="46699" /><D29/><U28/><E23/><AGARI ba="0,0" hai="16,17,20,21,23,90,92,98" m="46699,42538" machi="23" ten="30,5800,0" yaku="14,1,10,1,54,1" doraHai="133" who="0" fromWho="1" sc="250,58,250,-58,250,0,250,0" />
</Scene>
<Scene>
<INIT seed="0,1,0,3,0,9" ten="308,192,250,250" oya="0" hai0="107,13,103,80,31,73,126,6,16,132,88,42,20" hai1="5,0,77,75,118,54,87,124,46,49,113,12,24" hai2="33,26,93,127,112,44,81,70,111,62,115,15,11" hai3="120,51,108,39,128,52,98,41,40,85,79,91,59"/><T14/><D132/><U10/><E118/><V21/><F111/><W60/><G108/><T100/><D126/><U58/><E124/><V18/><F127/><W89/><G128/><T71/><D71/><U50/><E75/><V129/><F129/><W104/><G39/><T105/><D105/><U63/><E113/><V72/><F33/><W99/><G120/><T106/><D106/><U84/><E0/><V130/><F130/><W35/><G35/><T117/><D73/><U27/><E50/><V19/><F93/><N who="3" m="56639" /><G104/><T47/><D31/><U97/><E97/><V22/><F44/><N who="3" m="27751" /><G79/><T32/><D32/><U134/><E134/><V1/><F1/><W102/><G99/><T123/><D107/><U48/><E48/><V109/><F109/><W122/><G102/><T133/><D133/><U69/><E69/><V3/><F3/><W119/><G122/><T121/><D117/><U28/><E77/><V36/><F36/><W90/><G119/><T30/><D121/><U25/><REACH who="1" step="1"/><E28/><REACH who="1" ten="308,182,250,250" step="2"/><V131/><F131/><W68/><G68/><T2/><D30/><U45/><E45/><V110/><F110/><W7/><G59/><T74/><D2/><U23/><E23/><V64/><F21/><W66/><G41/><AGARI ba="1,1" hai="5,10,12,24,25,27,41,46,49,54,58,63,84,87" machi="41" ten="40,8000,1" yaku="1,1,8,1,52,1,53,1" doraHai="9" doraHaiUra="56" who="1" fromWho="3" sc="308,0,182,93,250,0,250,-83" />
</Scene>
<Scene>
<INIT seed="1,0,0,5,1,17" ten="308,275,250,167" oya="1" hai0="38,27,76,134,91,68,18,10,117,69,57,132,41" hai1="61,33,11,121,86,2,111,25,3,110,55,66,85" hai2="97,130,23,116,87,37,48,77,53,22,80,65,20" hai3="119,19,72,112,115,83,13,30,31,14,113,127,50"/><U58/><E121/><V124/><F116/><W46/><G119/><T56/><D117/><U129/><E129/><V49/><F37/><W78/><G127/><T98/><D76/><U47/><E33/><V101/><F130/><W15/><REACH who="3" step="1"/><G19/><REACH who="3" ten="308,275,250,157" step="2"/><T96/><D132/><U36/><E111/><V6/><F124/><W73/><G73/><T63/><D134/><U1/><E110/><V67/><F6/><W104/><G104/><T64/><D18/><U95/><E11/><V107/><REACH who="2" step="1"/><F49/><REACH who="2" ten="308,275,240,157" step="2"/><W75/><G75/><T16/><D38/><U45/><E36/><V125/><F125/><W51/><G51/><T60/><D63/><U94/><E61/><V118/><F118/><W108/><G108/><T42/><D60/><U88/><E66/><V28/><F28/><W135/><G135/><T29/><D64/><U93/><E1/><V82/><F82/><W120/><G120/><T126/><D29/><U90/><E3/><V92/><F92/><W35/><G35/><T52/><D126/><U8/><E93/><V9/><F9/><W123/><G123/><T99/><D10/><U128/><E128/><V89/><F89/><W0/><G0/><T44/><D91/><U100/><E8/><V133/><F133/><W74/><G74/><T39/><D39/><U4/><E2/><V109/><F109/><W106/><G106/><T81/><D81/><U24/><E4/><V102/><F102/><W103/><G103/><T62/><D62/><N who="1" m="36191" /><E100/><V21/><N who="2" m="5120" /><DORA hai="131" /><V122/><F122/><W32/><G32/><T54/><D16/><U105/><E105/><V71/><F71/><RYUUKYOKU ba="0,2" sc="308,-30,275,10,240,10,157,10" hai1="24,25,45,47,85,86,88,90,94,95" hai2="48,53,65,67,77,80,87,97,101,107" hai3="13,14,15,30,31,46,50,72,78,83,112,113,115" />
</Scene>
<Scene>
<INIT seed="1,1,2,2,5,118" ten="278,285,250,167" oya="1" hai0="69,116,29,42,73,3,97,88,7,132,5,96,110" hai1="10,101,89,50,12,8,68,0,72,123,52,134,105" hai2="18,85,39,82,87,48,90,108,94,26,62,124,113" hai3="43,38,55,100,77,51,74,133,32,106,36,35,99"/><U21/><E72/><V54/><F39/><N who="3" m="14891" /><G55/><T31/><D69/><U114/><E123/><V25/><F113/><W122/><G51/><T109/><D116/><U128/><E68/><V119/><F119/><W47/><G47/><T19/><D73/><U129/><E134/><V61/><F124/><W6/><G43/><T76/><D76/><U67/><E67/><V102/><F108/><N who="0" m="41578" /><D42/><U64/><E64/><V14/><F61/><W58/><G58/><T111/><D132/><U112/><E89/><V91/><F62/><W30/><G133/><T2/><D19/><N who="1" m="10471" /><E0/><N who="0" m="41" /><D111/><U104/><E114/><V75/><F102/><W126/><G6/><N who="0" m="2059" /><D88/><U40/><E40/><V20/><REACH who="2" step="1"/><F75/><REACH who="2" ten="278,285,240,167" step="2"/><W98/><G126/><T41/><D41/><U80/><E112/><V63/><F63/><W37/><G37/><T22/><D22/><U4/><E101/><V16/><F16/><W46/><G100/><T83/><D83/><U33/><E4/><V11/><F11/><W1/><G1/><T44/><D44/><AGARI ba="1,3" hai="14,18,20,25,26,44,48,54,82,85,87,90,91,94" machi="44" ten="30,3900,0" yaku="1,1,7,1,8,1,53,0" doraHai="118" doraHaiUra="131" who="2" fromWho="0" sc="278,-42,285,0,240,72,167,0" />
</Scene>
<Scene>
<INIT seed="2,0,0,0,3,132" ten="236,285,312,167" oya="2" hai0="99,3,65,15,27,131,112,57,81,16,55,61,97" hai1="48,33,21,49,52,53,10,119,87,8,20,69,25" hai2="118,129,89,116,103,66,93,35,115,6,11,120,78" hai3="124,43,110,125,12,23,56,122,19,29,114,4,30"/><V42/><F35/><W24/><G43/><T130/><D3/><U1/><E69/><V38/><F120/><W95/><G122/><T75/><D112/><U133/><E33/><V134/><F115/><W17/><G114/><T36/><D36/><U77/><E119/><V14/><F134/><W90/><G110/><T108/><D108/><U70/><E70/><V105/><F129/><N who="0" m="49162" /><D27/><U5/><E21/><V13/><F66/><W121/><G121/><T26/><D26/><U127/><E127/><N who="3" m="48714" /><G56/><N who="0" m="37031" /><D81/><U54/><E133/><V73/><F42/><W102/><G102/><T64/><D75/><U79/><E79/><V111/><F103/><W60/><G4/><T109/><D64/><U107/><E5/><V59/><F6/><W84/><G60/><N who="0" m="35903" /><D109/><U7/><E7/><V100/><F59/><W32/><G32/><T47/><D47/><U117/><E1/><V98/><F111/><W44/><G44/><T50/><D50/><U96/><E49/><V126/><F126/><W46/><G46/><T31/><D31/><U9/><E48/><V74/><F38/><W0/><G0/><T92/><D92/><U63/><E63/><V76/><F93/><W123/><G123/><T58/><D58/><U91/><E107/><V67/><F105/><W85/><G85/><T62/><D62/><U83/><E87/><V37/><F37/><W86/><G86/><T34/><D34/><U18/><E83/><V28/><F74/><W39/><G39/><T51/><D51/><U113/><E113/><V22/><F73/><W101/><G101/><T71/><D71/><U41/><E41/><RYUUKYOKU ba="0,0" sc="236,15,285,-15,312,-15,167,15" hai0="15,16,97,99" hai3="12,17,19,23,24,29,30,84,90,95" />
</Scene>
<Scene>
<INIT seed="3,1,0,3,4,78" ten="251,270,297,182" oya="3" hai0="31,9,119,132,73,105,7,1,14,42,118,104,94" hai1="32,124,134,102,109,67,54,48,95,84,111,5,63" hai2="87,2,93,8,92,65,91,20,101,52,29,23,41" hai3="125,56,17,114,122,43,74,88,24,61,127,133,11"/><W75/><G114/><T33/><D73/><U0/><E32/><V18/><F65/><N who="3" m="39079" /><G122/><T35/><D42/><U10/><E134/><V6/><F41/><W50/><G133/><T3/><D132/><U86/><E124/><N who="3" m="47690" /><G88/><T58/><D58/><N who="1" m="37367" /><E95/><V107/><F107/><W25/><G11/><T128/><D94/><U40/><E40/><V39/><F39/><W57/><G17/><T60/><D104/><U13/><E102/><V108/><F101/><W55/><G43/><T59/><D105/><U131/><E0/><V115/><F115/><W120/><G120/><T64/><D3/><U34/><E34/><V100/><F100/><W85/><G85/><T27/><D35/><U30/><E86/><V26/><F92/><W47/><G57/><T62/><D118/><U103/><E84/><V99/><F87/><W66/><G66/><T15/><D119/><U113/><E113/><V77/><F8/><W22/><G22/><T106/><D106/><U49/><E103/><V36/><F23/><W38/><G38/><T116/><D116/><U126/><E126/><V19/><F20/><W96/><G96/><T37/><D37/><U53/><E10/><V51/><F99/><W28/><G28/><T70/><D128/><U89/><E131/><V68/><F29/><W135/><G135/><T76/><D76/><U21/><E89/><V97/><F36/><W110/><G110/><N who="1" m="41994" /><E30/><V80/><F108/><W71/><G71/><T82/><D70/><U121/><E121/><V79/><F68/><W16/><G16/><T112/><D112/><U129/><E129/><V45/><F19/><RYUUKYOKU ba="1,0" sc="251,-10,270,-10,297,-10,182,30" hai3="24,25,47,50,55,74,75" />
</Scene>
<Scene>
<INIT seed="3,2,0,5,4,75" ten="241,260,287,212" oya="3" hai0="21,115,124,90,123,53,113,1,62,132,130,128,12" hai1="129,102,73,45,74,134,3,42,22,60,65,76,91" hai2="24,58,125,109,8,48,0,85,86,32,52,35,37" hai3="16,116,126,20,92,33,77,36,55,40,38,47,98"/><W121/><G116/><T69/><D123/><U66/><E102/><V84/><F37/><W135/><G121/><T63/><D1/><U71/><E65/><V44/><F109/><W120/><G120/><T114/><D124/><U133/><E3/><V97/><F125/><W5/><G126/><T30/><D132/><N who="1" m="50795" /><E129/><N who="0" m="49769" /><D69/><U80/><E91/><V51/><F97/><W9/><G135/><T34/><D53/><U131/><E22/><V103/><F103/><W57/><G33/><T110/><D110/><U83/><E83/><V28/><F35/><W70/><G70/><T64/><D64/><U81/><E81/><V26/><F26/><W31/><G31/><T127/><D127/><U4/><E4/><V99/><F99/><W79/><G38/><T87/><D34/><U112/><E112/><V78/><F0/><W27/><G5/><T56/><D12/><U15/><E15/><V14/><F78/><W100/><REACH who="3" step="1"/><G9/><REACH who="3" ten="241,260,287,202" step="2"/><T96/><D30/><U111/><E131/><V68/><F68/><W104/><G104/><T39/><D39/><N who="1" m="21727" /><E111/><V54/><REACH who="2" step="1"/><F85/><AGARI ba="2,1" hai="60,66,71,73,74,76,80,85" m="21727,50795" machi="85" ten="30,2000,0" yaku="20,1,52,1" doraHai="75" who="1" fromWho="2" sc="241,0,260,36,287,-26,202,0" />
</Scene>
<Scene>
<INIT seed="4,0,0,0,2,119" ten="241,296,261,202" oya="0" hai0="96,4,84,40,123,92,126,30,3,101,70,1,106" hai1="24,21,105,45,75,88,112,12,17,73,36,87,2" hai2="104,107,6,0,55,82,68,46,64,103,42,48,76" hai3="65,108,9,118,56,94,27,72,29,130,83,20,113"/><T26/><D126/><U135/><E105/><V85/><F103/><W34/><G118/><T95/><D70/><U86/><E2/><V63/><F0/><W58/><G108/><T66/><D66/><U93/><E135/><V37/><REACH who="2" step="1"/><F6/><REACH who="2" ten="241,296,251,202" step="2"/><W71/><G113/><T128/><D4/><U49/><E112/><V78/><F78/><W32/><G130/><T115/><D128/><U67/><E73/><V15/><F15/><W35/><G9/><T50/><D1/><U116/><E75/><V74/><F74/><W11/><G11/><T25/><D3/><U5/><E5/><V124/><F124/><W54/><G72/><T111/><D101/><U89/><E12/><V100/><F100/><W77/><G77/><T44/><D115/><U10/><E10/><V47/><AGARI ba="0,1" hai="37,42,46,47,48,55,63,64,68,76,82,85,104,107" machi="47" ten="20,2700,0" yaku="1,1,0,1,7,1,53,0" doraHai="119" doraHaiUra="99" who="2" fromWho="2" sc="241,-13,296,-7,251,37,202,-7" />
</Scene>
<Scene>
<INIT seed="5,0,0,4,5,14" ten="228,289,288,195" oya="1" hai0="76,44,88,10,51,57,19,92,91,3,72,60,42" hai1="65,100,108,38,121,128,86,81,61,23,27,20,110" hai2="129,89,99,94,84,124,6,135,15,33,62,105,7" hai3="1,13,30,63,70,80,111,21,96,85,56,83,26"/><U68/><E38/><V8/><F33/><W49/><G1/><T117/><D117/><U37/><E37/><V93/><F105/><W66/><G111/><N who="1" m="42538" /><E121/><V5/><F129/><W52/><G85/><T67/><D72/><U58/><E100/><V40/><F124/><W4/><G96/><T132/><D132/><U133/><E133/><V115/><F115/><W31/><G31/><T90/><D76/><N who="1" m="46375" /><E128/><V32/><F32/><W41/><G4/><T11/><D3/><U87/><E87/><V28/><F28/><W131/><G131/><T35/><D35/><U126/><E126/><V34/><F34/><W123/><G123/><T119/><D119/><U78/><E78/><V64/><F40/><W46/><REACH who="3" step="1"/><G13/><REACH who="3" ten="228,289,288,185" step="2"/><N who="0" m="7607" /><D11/><U107/><E27/><V71/><F135/><W79/><G79/><T12/><D12/><U75/><E75/><V50/><F6/><W116/><G116/><T106/><D106/><U59/><E107/><V73/><F73/><W36/><AGARI ba="0,1" hai="21,26,30,36,41,46,49,52,56,63,66,70,80,83" machi="36" ten="20,12000,2" yaku="1,1,0,1,7,1,24,2,54,1,53,1" doraHai="14" doraHaiUra="55" who="3" fromWho="3" sc="228,-30,289,-60,288,-30,185,130" />
</Scene>
<Scene>
<INIT seed="6,0,0,0,3,122" ten="198,229,258,315" oya="2" hai0="10,101,41,70,19,39,76,67,99,79,87,66,127" hai1="69,98,113,90,75,89,62,7,117,56,105,71,30" hai2="81,129,49,93,109,112,36,77,3,106,5,63,65" hai3="25,6,97,120,14,55,95,8,78,60,72,130,59"/><V88/><F106/><W115/><G120/><T91/><D127/><U37/><E117/><V134/><F36/><W11/><G130/><T61/><D67/><U47/><E75/><V58/><F112/><W23/><G115/><T32/><D32/><U17/><E113/><V46/><F129/><W114/><G114/><T133/><D133/><U108/><E108/><V128/><F128/><W103/><G72/><T22/><D10/><U82/><E7/><V44/><F134/><W16/><G11/><T96/><D41/><U35/><E37/><V4/><F109/><W28/><G78/><T126/><D39/><U64/><E17/><AGARI ba="0,0" hai="6,8,14,16,17,23,25,28,55,59,60,95,97,103" machi="17" ten="40,2600,0" yaku="8,1,54,1" doraHai="122" who="3" fromWho="1" sc="198,0,229,-26,258,0,315,26" />
</Scene>
<Scene>
<INIT seed="7,0,0,3,2,29" ten="198,203,258,341" oya="3" hai0="11,86,79,84,126,102,24,115,61,99,7,85,117" hai1="15,70,49,75,77,23,9,130,37,8,39,4,103" hai2="32,18,10,21,6,100,3,135,114,129,101,1,54" hai3="87,88,127,53,78,46,91,95,71,12,94,98,122"/><W22/><G71/><T131/><D117/><U56/><E70/><V19/><F54/><W83/><G122/><T64/><D131/><U47/><E103/><V128/><F100/><W20/><G127/><T134/><D126/><U63/><E130/><N who="2" m="50283" /><F101/><W108/><G108/><T65/><D134/><U57/><E57/><V14/><F135/><W41/><G12/><N who="0" m="5247" /><D115/><U110/><E110/><V73/><F73/><W97/><G53/><T123/><D123/><U17/><E8/><N who="2" m="6471" /><F114/><W92/><G92/><N who="0" m="58727" /><D24/><U67/><E77/><V69/><F69/><W33/><G33/><T125/><D125/><U112/><E75/><V120/><F120/><W90/><G78/><T76/><D64/><U50/><E112/><V42/><F42/><W44/><G44/><T74/><D74/><U40/><E37/><AGARI ba="0,0" hai="20,22,37,41,46,83,87,88,90,91,94,95,97,98" machi="37" ten="30,5800,0" yaku="7,1,9,1,54,1" doraHai="29" who="3" fromWho="1" sc="198,0,203,-58,258,0,341,58" owari="198,-20.0,145,-35.0,258,6.0,399,49.0" />
</Scene>
</mjloggm>