<mjloggm ver="2.3"><GO type="169" lobby="0"/><UN n0="%E3%83%A0%E3%83%A1%E3%82%A4" n1="%E5%A4%AA%E3%81%8F%E3%81%AA%E3%81%84%E3%81%8A" n2="%E3%81%97%E3%82%85%E3%81%86%E3%83%BC%E3%80%82" n3="%52%6F%62%69%4E" dan="16,17,17,17" rate="2074.94,2188.77,2182.14,2158.47" sx="M,F,M,M"/><TAIKYOKU oya="0"/>

<Scene>
<INIT seed="0,0,0,4,5,5" ten="250,250,250,250" oya="0" hai0="82,128,2,19,72,76,65,120,61,83,34,124,130" hai1="105,88,53,20,26,42,12,52,32,24,73,99,60" hai2="125,27,63,29,94,48,39,9,33,71,135,127,134" hai3="91,84,58,104,6,15,114,56,98,121,43,123,122"/><T31/><D120/><U40/><E73/><V106/><F94/><W22/><G114/><T126/><D2/><U49/><E32/><V69/><F48/><W28/><G43/><N who="1" m="16426" /><E105/><V18/><F39/><W109/><G109/><T10/><D83/><U4/><E60/><V132/><F106/><W23/><G98/><T36/><D36/><U59/><E53/><V17/><F17/><N who="3" m="10559" /><G6/><T51/><D51/><U70/><E70/><V16/><F18/><W78/><G78/><T112/><D112/><U13/><E20/><V85/><F85/><W113/><G104/><T21/><D34/><U108/><E108/><V50/><F50/><W54/><G54/><T35/><D35/><U93/><E13/><N who="2" m="7215" /><F63/><W119/><G113/><T47/><D47/><U8/><AGARI ba="0,0" hai="4,8,12,24,26,49,52,59,88,93,99" m="16426" machi="8" ten="30,7900,0" yaku="8,1,52,1,54,2" doraHai="5" who="1" fromWho="1" sc="250,-39,250,79,250,-20,250,-20" />
</Scene>
<Scene>
<INIT seed="1,0,0,1,0,100" ten="211,329,230,230" oya="1" hai0="96,16,17,87,113,30,31,41,105,112,114,68,108" hai1="92,78,27,84,21,118,79,13,123,35,128,1,64" hai2="26,117,121,52,4,90,111,6,106,135,71,29,0" hai3="115,109,12,75,60,124,38,122,8,107,45,97,37"/><U18/><E118/><V14/><F117/><W39/><G75/><T24/><D68/><U53/><E1/><V110/><F121/><W22/><G122/><T67/><D67/><U99/><E123/><V81/><F71/><W66/><G115/><T76/><D108/><N who="2" m="41514" /><F0/><W40/><G124/><T11/><D41/><U93/><E128/><V134/><F81/><W72/><G22/><T57/><D57/><U101/><E64/><V127/><F90/><W19/><G72/><T59/><D59/><U125/><E125/><V133/><F127/><W126/><G126/><T25/><D76/><U116/><E116/><V88/><F88/><W43/><G43/><T56/><D56/><U34/><E34/><N who="2" m="20791" /><F14/><W77/><G77/><T48/><D87/><U95/><E35/><V46/><F106/><W89/><G109/><T32/><D48/><AGARI ba="0,0" hai="4,6,46,48,52,133,134,135" m="20791,41514" machi="48" ten="40,5200,0" yaku="20,1,14,1,54,1" doraHai="100" who="2" fromWho="0" sc="211,-52,329,0,230,52,230,0" />
</Scene>
<Scene>
<INIT seed="2,0,0,0,2,85" ten="159,329,282,230" oya="2" hai0="51,107,119,110,61,125,15,100,127,4,45,57,128" hai1="132,121,91,62,47,17,14,20,101,116,86,75,27" hai2="21,89,117,106,7,3,108,53,112,87,2,56,94" hai3="5,88,55,23,18,8,31,38,71,59,113,83,78"/><V68/><F68/><W35/><G71/><T97/><D110/><U9/><E116/><V54/><F117/><W33/><G38/><T46/><D128/><U84/><E75/><V115/><F106/><W92/><G31/><T81/><D119/><U30/><E132/><V109/><F21/><W67/><G67/><T114/><D114/><N who="2" m="43562" /><F7/><W76/><G113/><T26/><D26/><U95/><E121/><V63/><F54/><W69/><G69/><T120/><D120/><U1/><E101/><V60/><F60/><W105/><G105/><T40/><D81/><U64/><E1/><V93/><F93/><W90/><G83/><T10/><REACH who="0" step="1"/><D46/><REACH who="0" ten="149,329,282,230" step="2"/><U37/><E47/><V22/><F22/><W82/><G82/><T118/><D118/><U77/><E20/><V73/><F73/><W130/><G130/><T39/><D39/><U19/><E37/><V70/><F70/><W126/><G23/><T11/><D11/><U13/><E9/><V24/><F24/><W111/><G8/><T28/><D28/><U133/><E30/><V16/><F16/><W58/><G18/><T0/><D0/><U32/><E27/><V135/><F135/><W104/><G76/><T12/><D12/><N who="1" m="4715" /><E133/><V74/><F74/><W52/><G78/><T131/><D131/><U43/><E19/><V134/><F134/><W102/><G5/><T48/><D48/><U99/><E17/><V34/><F34/><W6/><G35/><T80/><D80/><U103/><E77/><V72/><F72/><W50/><G33/><T79/><D79/><U66/><E32/><V124/><F124/><RYUUKYOKU ba="0,1" sc="149,15,329,-15,282,15,230,-15" hai0="4,10,15,40,45,51,57,61,97,100,107,125,127" hai2="2,3,53,56,63,87,89,94,108,109" />
</Scene>
<Scene>
<INIT seed="2,1,1,3,1,30" ten="164,314,297,215" oya="2" hai0="90,114,10,125,71,48,35,68,132,133,27,112,80" hai1="4,23,94,41,113,15,5,76,22,104,69,51,82" hai2="65,126,8,89,61,118,97,50,75,44,19,11,34" hai3="115,73,17,18,134,98,0,66,77,26,92,64,99"/><V46/><F118/><W20/><G0/><T1/><D125/><U25/><E104/><V21/><F75/><W70/><G134/><N who="0" m="51819" /><D48/><U111/><E113/><N who="0" m="43625" /><D1/><U117/><E69/><V14/><F126/><W93/><G115/><T101/><D101/><U29/><E117/><V40/><F46/><W121/><G121/><T124/><D124/><U58/><E111/><V95/><REACH who="2" step="1"/><F34/><REACH who="2" ten="164,314,287,215" step="2"/><W43/><G73/><T37/><D35/><U87/><E41/><V135/><F135/><W49/><G43/><T106/><D37/><U56/><E56/><AGARI ba="1,2" hai="8,11,14,19,21,40,44,50,56,61,65,89,95,97" machi="56" ten="30,5800,0" yaku="1,1,7,1,8,1,53,0" doraHai="30" doraHaiUra="127" who="2" fromWho="1" sc="164,0,314,-61,287,81,215,0" />
</Scene>
<Scene>
<INIT seed="2,2,0,4,2,99" ten="164,253,368,215" oya="2" hai0="32,30,71,21,67,105,60,120,130,100,96,56,124" hai1="77,87,42,34,117,19,22,79,35,27,92,84,103" hai2="44,53,50,132,6,2,4,16,23,82,64,40,72" hai3="52,98,13,17,73,1,116,39,31,46,85,14,129"/><V131/><F131/><W58/><G73/><T134/><D120/><U12/><E117/><V10/><F132/><W69/><G69/><T109/><D134/><U5/><E42/><V127/><F127/><W47/><G1/><T94/><D124/><U33/><E84/><V43/><F6/><W66/><G66/><T74/><D130/><U36/><E36/><V48/><F64/><W93/><G39/><T123/><D123/><U126/><E126/><V0/><F0/><W112/><G129/><T81/><D109/><U78/><E87/><V18/><F18/><W91/><G31/><T88/><D32/><U115/><E115/><V68/><F68/><W65/><G65/><T83/><D71/><U102/><REACH who="1" step="1"/><E92/><REACH who="1" ten="164,243,368,215" step="2"/><V125/><F125/><W11/><G116/><T118/><D74/><U24/><E24/><V8/><F43/><W15/><G112/><T63/><D118/><U38/><E38/><V57/><F72/><W95/><G14/><T107/><D107/><U37/><E37/><V113/><F113/><W90/><REACH who="3" step="1"/><G15/><REACH who="3" ten="164,243,368,205" step="2"/><T122/><D122/><U62/><E62/><AGARI ba="2,2" hai="11,13,17,46,47,52,58,62,85,90,91,93,95,98" machi="62" ten="30,8000,1" yaku="1,1,2,1,7,1,8,1,54,1,53,0" doraHai="99" doraHaiUra="106" who="3" fromWho="1" sc="164,0,243,-86,368,0,205,106" />
</Scene>
<Scene>
<INIT seed="3,0,0,5,2,69" ten="164,157,368,311" oya="3" hai0="42,30,90,17,79,23,13,84,109,33,116,47,31" hai1="110,117,27,104,41,55,99,25,45,94,16,14,133" hai2="122,75,56,4,89,68,76,87,97,35,77,52,64" hai3="73,123,59,6,119,19,111,131,93,0,39,22,9"/><W98/><G119/><T120/><D116/><U67/><E117/><V50/><F75/><W1/><G73/><T65/><D120/><U38/><E104/><V132/><F35/><W18/><G123/><T54/><D109/><U32/><E110/><V121/><F132/><W88/><G131/><T20/><D79/><U95/><E133/><V44/><F121/><W83/><G111/><T72/><D72/><U126/><E126/><V81/><F68/><W85/><G1/><T15/><D33/><U66/><E55/><V96/><F122/><W46/><G59/><T29/><D65/><U28/><E25/><V53/><F64/><W24/><G46/><T71/><D71/><U57/><E94/><V51/><F4/><W128/><G128/><T26/><D54/><U92/><E95/><V130/><F130/><W5/><G5/><T82/><REACH who="0" step="1"/><D13/><REACH who="0" ten="154,157,368,311" step="2"/><U118/><E118/><V10/><F77/><W113/><G0/><T134/><D134/><U21/><REACH who="1" step="1"/><E57/><REACH who="1" ten="154,147,368,311" step="2"/><V3/><F56/><W11/><G24/><T74/><D74/><U48/><E48/><AGARI ba="0,2" hai="15,17,20,23,26,29,30,31,42,47,48,82,84,90" machi="48" ten="30,3900,0" yaku="1,1,7,1,8,1,53,0" doraHai="69" doraHaiUra="107" who="0" fromWho="1" sc="154,59,147,-39,368,0,311,0" />
</Scene>
<Scene>
<INIT seed="4,0,0,1,1,135" ten="213,108,368,311" oya="0" hai0="113,85,15,25,97,38,103,39,4,121,88,53,101" hai1="19,55,24,3,93,10,83,77,75,47,50,132,59" hai2="96,20,130,120,41,40,65,114,104,21,87,8,51" hai3="68,66,22,46,54,89,117,95,127,56,91,9,63"/><T124/><D113/><U76/><E132/><V43/><F120/><W72/><G117/><T14/><D121/><U102/><E77/><V61/><F114/><W58/><G72/><T34/><D124/><U28/><E102/><V67/><F130/><W33/><G33/><T128/><D128/><U116/><E116/><V74/><F74/><W57/><G127/><T123/><D123/><U7/><E93/><V86/><F104/><W12/><G22/><N who="2" m="8809" /><F96/><W81/><G81/><T98/><D98/><U37/><E19/><V118/><F118/><W106/><G106/><T111/><D111/><U6/><E6/><V84/><F61/><W99/><G46/><T82/><D103/><U126/><E126/><V78/><F78/><W134/><G134/><T100/><D100/><U11/><E11/><V112/><F112/><W90/><REACH who="3" step="1"/><G54/><REACH who="3" ten="213,108,368,301" step="2"/><T36/><D53/><U31/><REACH who="1" step="1"/><E24/><REACH who="1" ten="213,98,368,301" step="2"/><V129/><F129/><W107/><G107/><T48/><D101/><U44/><E44/><N who="2" m="25991" /><F8/><W27/><G27/><T64/><D25/><U105/><E105/><V60/><F41/><AGARI ba="0,2" hai="3,7,10,28,31,37,41,47,50,55,59,75,76,83" machi="41" ten="40,5200,0" yaku="1,1,25,2,53,0" doraHai="135" doraHaiUra="80" who="1" fromWho="2" sc="213,0,98,72,368,-52,301,0" />
</Scene>
<Scene>
<INIT seed="5,0,0,4,4,29" ten="213,170,316,301" oya="1" hai0="103,62,55,68,39,97,10,65,107,92,32,22,132" hai1="54,19,111,67,98,59,124,99,78,30,28,12,66" hai2="130,70,87,49,95,18,93,85,106,51,91,46,21" hai3="104,6,96,119,129,113,89,112,72,34,0,20,33"/><U77/><E124/><V86/><F106/><W48/><G72/><T126/><D126/><U118/><E118/><V83/><F70/><W75/><G75/><T27/><D132/><U63/><E111/><V73/><F130/><W41/><G119/><T79/><D39/><U110/><E110/><V35/><F35/><N who="3" m="13323" /><G129/><T120/><D120/><U131/><E131/><V100/><F73/><W109/><G109/><T3/><D79/><N who="1" m="30219" /><E28/><V1/><F1/><W45/><G6/><T117/><D117/><U8/><E30/><V105/><F105/><W56/><G0/><T80/><D80/><U36/><E36/><V40/><F51/><W52/><G20/><T81/><D81/><U90/><E90/><N who="2" m="53471" /><F100/><N who="3" m="62471" /><G89/><T94/><D32/><U50/><E67/><V4/><F4/><W16/><G16/><T58/><D3/><U60/><E60/><V122/><F122/><W69/><G69/><T84/><D10/><U31/><E31/><V38/><F18/><W37/><G37/><T134/><D84/><U115/><E98/><V82/><F38/><W71/><G71/><T125/><D68/><N who="1" m="42079" /><E99/><V11/><F11/><W127/><G127/><T15/><D125/><U23/><E8/><V121/><F121/><W57/><G41/><T88/><D88/><U43/><E43/><V61/><F21/><W74/><G74/><T53/><D22/><U64/><E64/><V25/><F61/><W24/><G24/><T2/><D27/><U128/><E128/><V116/><F116/><W17/><G17/><T47/><D65/><U102/><E102/><V133/><F25/><W14/><G14/><RYUUKYOKU ba="0,0" sc="213,-15,170,15,316,-15,301,15" hai1="12,19,23,50,54,59,115" hai3="45,48,52,56,57,112,113" />
</Scene>
<Scene>
<INIT seed="5,1,0,3,2,82" ten="198,185,301,316" oya="1" hai0="102,81,109,11,77,99,123,131,63,65,124,130,23" hai1="10,132,119,134,107,41,72,79,108,55,6,51,30" hai2="94,40,62,2,52,32,122,18,91,46,112,83,73" hai3="4,110,115,85,95,111,37,25,33,80,88,96,16"/><U5/><E119/><V13/><F2/><W121/><G121/><T70/><D109/><U17/><E107/><V87/><F32/><W114/><G37/><T68/><D123/><U45/><E108/><V104/><F104/><W19/><G4/><T53/><D124/><U113/><E113/><N who="3" m="43018" /><G19/><T127/><D127/><U117/><E117/><V98/><F73/><W35/><G35/><T106/><D11/><U49/><E30/><V27/><F27/><W118/><G118/><T74/><D23/><U66/><E66/><V67/><F122/><W69/><G69/><N who="0" m="42175" /><D53/><U93/><E72/><V90/><F112/><W1/><G1/><T43/><D43/><U15/><E79/><V126/><F126/><W54/><G54/><T38/><D38/><U12/><E93/><V3/><F3/><W71/><G71/><AGARI ba="1,0" hai="68,70,71,74,77,81,99,102,106,130,131" m="42175" machi="71" ten="30,1000,0" yaku="23,1" doraHai="82" who="0" fromWho="3" sc="198,13,185,0,301,0,316,-13" />
</Scene>
<Scene>
<INIT seed="6,0,0,0,5,127" ten="211,185,301,303" oya="2" hai0="24,91,74,87,58,114,133,81,34,77,51,70,67" hai1="14,113,53,19,55,131,75,102,40,44,0,7,17" hai2="2,71,62,6,52,106,83,63,47,68,105,124,27" hai3="107,12,110,101,92,93,99,89,3,54,135,31,79"/><V30/><F124/><W36/><G110/><T78/><D114/><U23/><E113/><V112/><F112/><W60/><G3/><T13/><D133/><U28/><E102/><V100/><F83/><W56/><G36/><T21/><D70/><U120/><E120/><V80/><F80/><W41/><G79/><T25/><D74/><U49/><E75/><V115/><F115/><W119/><G119/><T121/><D121/><U111/><E111/><V16/><F6/><W22/><G41/><T118/><D118/><U33/><E17/><V42/><F2/><W66/><G107/><T130/><D34/><U46/><E46/><V9/><F68/><W37/><G37/><T95/><D130/><U90/><E90/><V4/><F71/><W59/><G135/><T84/><D77/><U26/><REACH who="1" step="1"/><E131/><REACH who="1" ten="211,175,301,303" step="2"/><V1/><F100/><W86/><G101/><T10/><D21/><U96/><E96/><V18/><F106/><W134/><G99/><T11/><D11/><AGARI ba="0,1" hai="0,7,11,14,19,23,26,28,33,40,44,49,53,55" machi="11" ten="40,5200,0" yaku="1,1,24,2,53,0" doraHai="127" doraHaiUra="117" who="1" fromWho="0" sc="211,-52,175,62,301,0,303,0" />
</Scene>
<Scene>
<INIT seed="7,0,0,5,3,26" ten="159,237,301,303" oya="3" hai0="103,73,64,122,68,67,65,101,119,72,87,71,57" hai1="85,107,42,51,36,96,3,95,82,109,90,33,127" hai2="24,124,97,34,50,106,94,120,46,123,54,16,131" hai3="32,41,49,25,93,83,44,1,5,47,43,45,35"/><W52/><G83/><T58/><D119/><U77/><E3/><V128/><F106/><W55/><G1/><T59/><D87/><U116/><E109/><V129/><F124/><W78/><G5/><T102/><REACH who="0" step="1"/><D122/><REACH who="0" ten="149,237,301,303" step="2"/><U113/><E116/><V22/><F34/><W132/><G35/><T98/><D98/><U89/><E33/><V21/><F21/><W66/><G32/><T126/><D126/><U135/><E127/><V125/><F125/><W37/><G78/><T12/><D12/><U100/><E77/><V114/><F114/><W61/><G132/><T19/><D19/><U79/><E135/><V81/><F81/><W133/><G133/><T117/><D117/><U105/><E113/><V69/><F69/><AGARI ba="0,1" hai="57,58,59,64,65,67,68,69,71,72,73,101,102,103" machi="69" ten="50,8000,1" yaku="1,1,29,2,28,2,53,0" doraHai="26" doraHaiUra="48" who="0" fromWho="2" sc="149,90,237,0,301,-80,303,0" owari="239,4.0,237,-16.0,221,-28.0,303,40.0" />
</Scene>
</mjloggm>