<mjloggm ver="2.3"><GO type="169" lobby="0"/><UN n0="%E5%A4%AA%E3%81%8F%E3%81%AA%E3%81%84%E3%81%8A" n1="%E3%83%90%E3%83%90%E3%82%A2%E3%81%AE%E6%97%A5%E5%82%98" n2="%E9%9B%80%E6%97%A5%E9%80%A3%E7%99%BD%E6%B3%A2%E7%80%AC" n3="%E9%BA%BB%E7%94%9F%E9%9B%80%E5%AD%90" dan="17,17,16,17" rate="2143.38,2153.40,2141.46,2173.04" sx="M,F,M,F"/><TAIKYOKU oya="0"/>

<Scene>
<INIT seed="0,0,0,0,2,100" ten="250,250,250,250" oya="0" hai0="98,68,30,125,27,135,45,16,122,114,113,19,71" hai1="42,23,133,81,94,50,120,18,32,11,41,63,109" hai2="28,51,53,102,127,25,85,132,91,99,72,52,7" hai3="93,60,96,47,89,95,0,116,4,38,92,107,121"/><T66/><D122/><U9/><E109/><V22/><F72/><W31/><G116/><T62/><D125/><U29/><E32/><V10/><F132/><W34/><G121/><T44/><D135/><U6/><E29/><V20/><F20/><W83/><G60/><T111/><D111/><U17/><E17/><V118/><F127/><W24/><G83/><T73/><D73/><U88/><E81/><V119/><F119/><W69/><G69/><T105/><D68/><U97/><E133/><V129/><F129/><W124/><G124/><T5/><D5/><U86/><E86/><V59/><F53/><W46/><G46/><T76/><D76/><U61/><E120/><V26/><F26/><W64/><G64/><T112/><D44/><N who="1" m="25871" /><E42/><V115/><F115/><W87/><G4/><T35/><D45/><U106/><E106/><V56/><F56/><W49/><G38/><T78/><D78/><U134/><E134/><V130/><F130/><W39/><G39/><T36/><D36/><U110/><E110/><V103/><F99/><W126/><G0/><T48/><D48/><U104/><E104/><V84/><F118/><W82/><G126/><T128/><D128/><U74/><E74/><V55/><F55/><W79/><REACH who="3" step="1"/><G107/><REACH who="3" ten="250,250,250,240" step="2"/><T101/><AGARI ba="0,1" hai="16,19,27,30,35,62,66,71,98,101,105,112,113,114" machi="101" ten="40,12000,1" yaku="0,1,25,2,52,1,54,1" doraHai="100" who="0" fromWho="0" sc="250,130,250,-40,250,-40,240,-40" />
</Scene>
<Scene>
<INIT seed="0,1,0,1,4,52" ten="380,210,210,200" oya="0" hai0="46,9,69,124,26,3,96,135,64,128,88,60,14" hai1="132,28,99,98,90,120,59,97,74,38,95,103,36" hai2="129,6,117,114,5,131,86,71,77,25,41,24,89" hai3="76,66,19,116,29,13,56,58,40,113,87,0,39"/><T82/><D124/><U65/><E74/><V81/><F114/><W7/><G0/><T79/><D135/><U121/><E36/><V92/><F71/><W37/><G113/><T15/><D128/><N who="2" m="49226" /><F41/><W32/><G7/><N who="2" m="2569" /><F117/><W107/><G107/><T110/><D3/><U55/><E38/><V108/><F108/><W101/><G101/><T63/><D110/><U11/><E65/><V91/><F91/><W112/><G116/><T70/><D46/><U35/><E11/><V134/><F134/><W54/><G112/><T119/><D119/><U50/><E132/><V106/><F106/><W4/><G4/><T102/><D9/><U130/><E130/><V23/><F23/><W73/><G40/><T115/><D115/><U68/><E68/><V85/><AGARI ba="1,0" hai="24,25,77,81,85,86,89,92" m="2569,49226" machi="85" ten="30,1100,0" yaku="19,1" doraHai="52" who="2" fromWho="2" sc="380,-6,210,-4,210,14,200,-4" />
</Scene>
<Scene>
<INIT seed="1,0,0,0,3,18" ten="374,206,224,196" oya="1" hai0="56,132,4,3,118,79,22,24,133,11,69,45,42" hai1="13,47,127,124,25,64,35,89,99,122,88,87,77" hai2="91,84,43,16,2,98,61,104,102,129,17,108,68" hai3="27,39,10,96,82,125,54,92,57,28,113,81,93"/><U49/><E64/><V111/><F2/><W126/><G39/><T62/><D69/><U48/><E122/><V34/><F34/><W19/><G113/><T78/><D118/><U75/><E75/><V52/><F43/><W86/><G10/><T55/><D79/><U112/><E112/><V6/><F6/><W114/><G19/><T97/><D78/><U71/><E71/><V14/><F129/><W26/><G114/><T46/><D97/><U51/><E77/><V119/><F119/><W130/><G130/><T63/><D63/><U33/><E47/><V38/><F38/><W5/><G5/><T109/><D109/><N who="2" m="42058" /><F14/><W110/><G110/><T31/><REACH who="0" step="1"/><D46/><REACH who="0" ten="364,206,224,196" step="2"/><U58/><E99/><V1/><F68/><W123/><G96/><T73/><D73/><U29/><E58/><N who="2" m="35015" /><F1/><W135/><G123/><T121/><D121/><U90/><E87/><V80/><AGARI ba="0,1" hai="16,17,80,84,91,98,102,104" m="35015,42058" machi="80" ten="30,4000,0" yaku="14,1,54,2" doraHai="18" who="2" fromWho="2" sc="364,-10,206,-20,224,50,196,-10" />
</Scene>
<Scene>
<INIT seed="2,0,0,4,3,92" ten="354,186,274,186" oya="2" hai0="113,70,103,27,31,123,100,34,20,41,62,115,13" hai1="111,131,73,112,89,102,38,22,122,88,119,81,19" hai2="33,26,37,107,56,45,125,104,72,96,54,64,14" hai3="110,132,90,44,128,86,10,42,98,4,40,82,11"/><V97/><F72/><W9/><G132/><T130/><D123/><U63/><E112/><V95/><F64/><W114/><G114/><T109/><D113/><U127/><E38/><V28/><F125/><W35/><G35/><T21/><D115/><U75/><E119/><V16/><F37/><W50/><G128/><T15/><D41/><U101/><E131/><V58/><F45/><W118/><G118/><T84/><D130/><U2/><E2/><V99/><F95/><W46/><G110/><T129/><D129/><U120/><E111/><V93/><F93/><W68/><G68/><T18/><D109/><U74/><E63/><V47/><F47/><W117/><G117/><T94/><D84/><N who="1" m="50191" /><E127/><V8/><REACH who="2" step="1"/><F54/><REACH who="2" ten="354,186,264,186" step="2"/><W67/><G67/><T53/><D94/><U135/><E120/><V57/><AGARI ba="0,1" hai="8,14,16,26,28,33,56,57,58,96,97,99,104,107" machi="57" ten="30,24000,3" yaku="1,1,2,1,0,1,52,3,54,1,53,1" doraHai="92" doraHaiUra="25" who="2" fromWho="2" sc="354,-80,186,-80,264,250,186,-80" />
</Scene>
<Scene>
<INIT seed="2,1,0,2,2,89" ten="274,106,514,106" oya="2" hai0="135,111,29,27,20,41,51,42,108,76,126,90,102" hai1="60,93,72,132,9,107,128,18,22,105,28,56,47" hai2="59,6,14,45,57,130,7,12,71,3,62,110,48" hai3="19,49,79,117,70,78,91,133,122,127,39,65,26"/><V32/><F32/><W125/><G39/><T34/><D135/><U95/><E72/><V37/><F37/><W118/><G133/><T85/><D126/><N who="3" m="48137" /><G122/><T31/><D76/><N who="3" m="29225" /><G49/><T35/><D102/><U21/><E105/><V40/><F71/><W50/><G50/><T73/><D73/><U69/><E107/><V129/><F110/><N who="0" m="42026" /><D31/><U13/><E69/><V1/><F7/><W124/><N who="3" m="48145" /><W84/><DORA hai="58" /><G26/><T116/><D116/><U94/><E128/><N who="2" m="49259" /><F59/><W5/><G5/><T101/><D101/><U63/><E132/><V87/><F87/><W119/><G19/><T75/><D75/><U121/><E121/><V112/><F112/><W114/><G114/><T4/><D4/><N who="1" m="3239" /><E47/><V16/><F6/><W64/><G70/><T98/><D98/><U104/><E104/><V11/><F14/><W88/><G91/><T8/><D51/><U17/><E28/><V113/><F113/><W38/><G38/><T103/><D103/><U43/><E43/><V115/><F115/><W46/><G46/><T2/><D41/><U36/><E36/><V134/><F134/><W23/><G23/><N who="1" m="8714" /><E60/><V109/><F109/><W67/><G119/><T83/><D42/><U15/><E15/><V92/><F92/><AGARI ba="1,0" hai="64,65,67,84,88,92,117,118" m="29225,48145" machi="92" ten="50,6400,0" yaku="18,1,52,1,54,1" doraHai="89,58" who="3" fromWho="2" sc="274,0,106,0,514,-67,106,67" />
</Scene>
<Scene>
<INIT seed="3,0,0,0,5,79" ten="274,106,447,173" oya="3" hai0="11,86,129,13,38,45,41,19,65,117,32,107,55" hai1="40,64,73,121,3,69,27,23,122,66,26,80,84" hai2="88,100,43,102,56,92,119,105,53,81,71,34,21" hai3="59,112,48,135,46,17,123,111,82,128,36,4,44"/><W42/><G123/><T16/><D117/><U99/><E73/><V89/><F34/><W97/><G112/><T47/><D107/><U15/><E3/><V87/><F71/><W118/><G118/><T54/><D32/><U24/><E40/><V106/><F119/><W101/><G135/><T60/><D129/><U52/><E69/><V58/><F106/><W109/><G4/><T77/><D47/><U5/><E99/><N who="2" m="57743" /><F105/><W127/><G59/><N who="2" m="22569" /><F43/><N who="3" m="24671" /><G17/><T1/><D1/><U78/><E121/><V20/><F53/><W9/><G9/><T93/><D19/><N who="1" m="10751" /><E122/><V10/><F10/><W126/><G128/><T50/><D38/><U124/><E124/><N who="3" m="47658" /><G82/><N who="0" m="47439" /><D65/><N who="1" m="25195" /><E5/><V113/><F113/><W108/><G97/><T98/><D60/><U103/><E103/><RYUUKYOKU type="ron3" ba="0,0" sc="274,0,106,0,447,0,173,0" hai0="11,13,16,41,45,50,54,55,93,98" hai2="20,21,81,87,88,100,102" hai3="36,42,44,101,108,109,111" />
</Scene>
<Scene>
<INIT seed="3,1,0,1,4,100" ten="274,106,447,173" oya="3" hai0="57,64,85,58,131,122,94,44,121,26,10,7,41" hai1="80,49,87,55,97,135,0,116,110,20,60,88,134" hai2="104,123,74,15,32,18,16,28,67,23,21,8,46" hai3="103,42,91,120,45,51,2,13,98,34,6,11,129"/><W3/><G120/><T71/><D71/><U35/><E35/><V124/><F74/><W40/><G129/><T119/><D119/><U12/><E0/><V37/><F123/><W102/><G34/><T93/><D131/><U59/><E116/><V130/><F130/><W69/><G69/><T109/><D109/><U61/><E110/><V105/><F32/><W33/><G33/><T128/><D26/><U66/><E97/><V5/><F28/><W107/><G42/><T106/><D128/><U95/><E80/><V56/><F124/><W92/><REACH who="3" step="1"/><G102/><REACH who="3" ten="274,106,447,163" step="2"/><T125/><D41/><U112/><E112/><V48/><F37/><W73/><G73/><T43/><D43/><U27/><E12/><V14/><F14/><W72/><G72/><T76/><D122/><U62/><REACH who="1" step="1"/><E66/><REACH who="1" ten="274,96,447,163" step="2"/><V90/><F67/><W108/><G108/><T77/><D64/><U53/><E53/><V132/><F15/><W54/><G54/><T79/><D121/><U47/><E47/><V24/><F46/><W83/><G83/><T81/><D81/><U117/><E117/><V39/><F24/><W65/><G65/><T75/><D44/><U99/><E99/><AGARI ba="1,2" hai="2,3,6,11,13,40,45,51,91,92,98,99,103,107" machi="99" ten="30,5800,0" yaku="1,1,7,1,52,1,53,0" doraHai="100" doraHaiUra="50" who="3" fromWho="1" sc="274,0,96,-61,447,0,163,81" />
</Scene>
<Scene>
<INIT seed="3,2,0,3,5,5" ten="274,35,447,244" oya="3" hai0="116,127,36,92,81,38,8,24,23,44,64,62,15" hai1="12,67,57,112,27,43,32,134,10,103,75,25,13" hai2="55,99,131,20,18,115,54,121,39,50,52,94,122" hai3="61,84,102,71,125,78,108,93,21,70,91,128,97"/><W26/><G128/><T16/><D116/><U90/><E75/><V45/><F45/><W120/><BYE who="2" /><G120/><T49/><D127/><U111/><E134/><V89/><F89/><W69/><G125/><T47/><D92/><U117/><E111/><V87/><F87/><W133/><G78/><T11/><D81/><UN n2="%E9%9B%80%E6%97%A5%E9%80%A3%E7%99%BD%E6%B3%A2%E7%80%AC" /><U42/><E117/><V29/><F29/><W40/><G133/><T85/><D85/><U104/><E112/><V107/><F39/><W129/><G129/><T68/><D11/><U98/><E13/><N who="2" m="9295" /><F107/><W88/><G40/><T14/><D14/><U109/><E109/><V35/><F35/><W2/><G2/><T4/><REACH who="0" step="1"/><D47/><REACH who="0" ten="264,35,447,244" step="2"/><U126/><E126/><V76/><F131/><W22/><G108/><T30/><D30/><U82/><E82/><V41/><F121/><W59/><G21/><T1/><D1/><U28/><E25/><V86/><F122/><W7/><G7/><T6/><D6/><U110/><E110/><V83/><F115/><W100/><G100/><T106/><D106/><U34/><E34/><V114/><F114/><W60/><G91/><T58/><D58/><U63/><E90/><V33/><F94/><W113/><G59/><T31/><D31/><U119/><E119/><V132/><F132/><W118/><G118/><T101/><D101/><U53/><E67/><V105/><F33/><W79/><G113/><T123/><D123/><U17/><AGARI ba="2,1" hai="10,12,17,27,28,32,42,43,53,57,63,98,103,104" machi="17" ten="20,2700,0" yaku="0,1,7,1,52,1" doraHai="5" who="1" fromWho="1" sc="264,-9,35,43,447,-9,244,-15" />
</Scene>
<Scene>
<INIT seed="4,0,0,3,4,119" ten="255,78,438,229" oya="0" hai0="65,124,120,64,2,95,27,62,123,118,61,96,16" hai1="56,31,42,43,41,88,130,94,132,70,110,77,13" hai2="36,20,39,82,48,76,24,45,84,11,74,72,134" hai3="8,47,101,102,111,109,60,112,9,79,127,51,29"/><T131/><D118/><U133/><E70/><V80/><F134/><N who="1" m="51817" /><E110/><V106/><F11/><W73/><G112/><T85/><D2/><U0/><E0/><V93/><F106/><W100/><G127/><T125/><D85/><U15/><E77/><V21/><F93/><W34/><G60/><T55/><D131/><U69/><E69/><V87/><F39/><W33/><G79/><T28/><D55/><U122/><E122/><V114/><F36/><W121/><G73/><T116/><D116/><U23/><E130/><V3/><F3/><W58/><G58/><T63/><D64/><U98/><E56/><V68/><F68/><W4/><G121/><T99/><D65/><U19/><E31/><V38/><F38/><W25/><G33/><T35/><D99/><U44/><E13/><V37/><F37/><AGARI ba="0,0" hai="15,19,23,37,41,42,43,44,88,94,98" m="51817" machi="37" ten="30,2000,0" yaku="20,1,54,1" doraHai="119" who="1" fromWho="2" sc="255,0,78,20,438,-20,229,0" />
</Scene>
<Scene>
<INIT seed="5,0,0,0,4,48" ten="255,98,418,229" oya="1" hai0="1,21,128,125,89,133,98,31,34,49,2,24,10" hai1="132,29,53,56,44,115,55,63,14,71,84,66,121" hai2="27,90,64,129,25,74,117,58,19,87,65,93,126" hai3="70,114,97,20,37,18,95,59,86,5,99,118,52"/><U12/><E121/><V116/><F74/><W130/><G70/><T26/><D125/><U42/><E115/><V85/><F126/><W113/><G118/><T36/><D36/><U108/><E132/><V22/><F129/><W7/><G37/><T69/><D69/><U123/><E123/><V107/><F107/><W88/><G130/><T11/><D128/><U43/><E108/><V67/><F117/><W68/><G68/><T47/><D133/><U119/><E119/><V94/><F116/><W28/><G28/><T73/><D73/><U112/><E112/><N who="3" m="43114" /><G7/><T30/><D89/><U77/><E29/><V17/><F58/><W124/><G5/><T78/><D78/><U40/><E71/><V4/><F4/><W39/><G39/><T134/><D98/><U61/><E44/><V101/><F101/><W96/><G124/><T3/><REACH who="0" step="1"/><D134/><REACH who="0" ten="245,98,418,229" step="2"/><U0/><E0/><V91/><REACH who="2" step="1"/><F19/><REACH who="2" ten="245,98,408,229" step="2"/><W8/><G96/><T41/><AGARI ba="0,2" hai="1,2,3,10,11,21,24,26,30,31,34,41,47,49" machi="41" ten="30,4000,0" yaku="1,1,2,1,0,1,53,0" doraHai="48" doraHaiUra="13" who="0" fromWho="0" sc="245,60,98,-20,408,-10,229,-10" />
</Scene>
<Scene>
<INIT seed="6,0,0,4,3,66" ten="305,78,398,219" oya="2" hai0="51,107,68,64,58,8,130,124,43,41,38,56,18" hai1="59,22,62,133,11,122,2,86,115,3,127,91,5" hai2="28,104,47,34,50,53,135,7,93,77,90,92,55" hai3="106,126,33,72,1,87,60,81,25,46,94,36,119"/><V52/><F104/><W114/><G119/><T23/><D107/><U110/><E115/><V89/><F77/><W26/><G106/><T116/><D116/><U19/><E127/><V125/><F125/><W35/><G126/><T69/><D124/><U102/><E133/><V32/><F135/><W44/><G60/><N who="0" m="37911" /><D23/><U39/><E110/><V10/><F28/><W4/><G114/><T42/><D8/><U13/><E122/><V101/><F101/><W63/><G63/><T61/><D18/><U20/><E102/><V134/><F134/><W12/><G12/><T98/><D98/><U83/><E39/><V65/><F65/><W78/><G26/><T6/><D6/><U16/><E2/><V30/><F30/><W70/><G70/><N who="0" m="27243" /><D130/><U132/><E132/><V14/><F34/><W75/><G46/><N who="0" m="26079" /><D38/><U71/><E71/><V0/><F32/><W80/><G94/><N who="2" m="36457" /><F0/><W67/><G25/><T31/><D31/><U82/><E82/><V29/><F29/><W74/><G80/><T48/><D48/><U112/><E112/><V123/><F123/><W113/><G113/><T57/><D57/><U129/><E129/><V9/><F9/><N who="3" m="2191" /><G33/><T84/><D84/><U37/><E37/><V108/><F108/><W40/><G35/><T118/><D118/><U128/><E128/><V17/><F7/><W103/><G103/><T95/><D95/><U15/><E62/><V111/><F111/><W73/><G87/><T24/><D24/><U109/><E109/><V54/><AGARI ba="0,0" hai="10,14,17,47,50,52,53,54,55,89,90" m="36457" machi="54" ten="30,3000,0" yaku="8,1,54,1" doraHai="66" who="2" fromWho="2" sc="305,-10,78,-10,398,30,219,-10" />
</Scene>
<Scene>
<INIT seed="6,1,0,3,1,66" ten="295,68,428,209" oya="2" hai0="23,112,73,91,33,88,14,108,9,48,123,25,65" hai1="58,49,24,40,84,129,76,113,79,30,103,32,70" hai2="29,101,67,13,47,133,3,51,116,42,134,19,56" hai3="21,22,110,10,78,81,20,27,104,28,90,122,89"/><V17/><F3/><W37/><G104/><T7/><D108/><U102/><E113/><V55/><F29/><W18/><G122/><T45/><D123/><U126/><E129/><V114/><F116/><W38/><G110/><T83/><D33/><U132/><E126/><V86/><F114/><W15/><G37/><T36/><D36/><U105/><E132/><N who="2" m="50795" /><F101/><W57/><G38/><T16/><D112/><U100/><E105/><V6/><F67/><W53/><G78/><T135/><D135/><U26/><E70/><V61/><F86/><W87/><REACH who="3" step="1"/><G90/><REACH who="3" ten="295,68,428,199" step="2"/><T106/><D106/><U1/><E1/><V121/><F121/><W59/><G59/><T50/><D73/><U69/><E69/><V93/><F56/><W12/><G12/><T75/><D75/><U131/><E131/><V31/><F13/><W60/><AGARI ba="1,1" hai="10,15,18,20,21,22,27,28,53,57,60,81,87,89" machi="60" ten="20,5200,0" yaku="1,1,0,1,7,1,8,1,53,0" doraHai="66" doraHaiUra="44" who="3" fromWho="3" sc="295,-14,68,-14,428,-27,199,65" />
</Scene>
<Scene>
<INIT seed="7,0,0,5,5,43" ten="281,54,401,264" oya="3" hai0="35,23,63,78,95,81,25,10,109,4,52,61,70" hai1="88,60,46,106,85,104,14,28,72,97,38,27,103" hai2="66,69,113,123,77,36,51,110,128,24,129,29,87" hai3="44,34,68,131,132,86,124,115,32,80,64,54,40"/><W112/><G131/><N who="2" m="50249" /><F36/><W30/><G132/><T127/><D109/><U55/><E14/><V7/><F110/><W134/><G134/><T90/><D35/><U3/><E85/><V133/><F113/><N who="3" m="43595" /><G124/><T130/><D127/><U45/><E38/><V6/><F133/><W75/><G75/><T13/><D70/><U98/><E72/><V11/><F123/><W0/><G0/><T107/><D107/><U65/><E3/><V26/><F66/><W116/><G116/><T16/><D130/><U84/><E84/><V20/><F69/><W73/><G73/><T89/><D78/><U58/><E65/><V99/><F99/><W47/><G30/><T108/><D108/><U76/><E76/><V8/><F26/><W74/><G74/><T125/><D125/><U17/><E28/><V118/><F118/><W57/><G64/><T93/><D81/><U53/><E27/><V15/><F51/><N who="3" m="30943" /><G68/><T119/><D119/><U31/><E31/><V22/><F22/><W111/><G111/><T33/><D33/><N who="3" m="12905" /><G40/><T12/><D25/><U135/><E135/><V2/><F87/><W37/><G37/><T121/><D121/><U19/><E58/><V122/><F122/><W18/><G18/><T117/><D117/><U91/><REACH who="1" step="1"/><E103/><REACH who="1" ten="281,44,401,264" step="2"/><V79/><AGARI ba="0,1" hai="2,6,7,8,11,15,20,24,29,77,79" m="50249" machi="79" ten="30,1100,0" yaku="19,1" doraHai="43" who="2" fromWho="2" sc="281,-3,44,-3,401,21,264,-5" owari="278,8.0,41,-46.0,422,52.0,259,-14.0" />
</Scene>
</mjloggm>