<mjloggm ver="2.3"><GO type="225" lobby="0"/><UN n0="%56%65%6E%75%73%53%61%79" n1="%EF%BC%98%EF%BC%99%EF%BC%91%EF%BC%90" n2="%E5%A4%AA%E3%81%8F%E3%81%AA%E3%81%84%E3%81%8A" n3="%E8%92%BC%E6%9C%88%E6%BD%AE" dan="17,16,18,16" rate="2226.53,2095.30,2198.18,2090.31" sx="M,M,M,M"/><TAIKYOKU oya="0"/>

<Scene>
<INIT seed="0,0,0,3,0,117" ten="250,250,250,250" oya="0" hai0="24,123,93,4,44,108,37,118,87,91,75,5,79" hai1="84,22,88,71,27,65,58,50,49,82,43,122,52" hai2="130,31,107,17,67,8,0,126,38,16,90,35,95" hai3="11,100,6,21,55,76,36,45,124,103,105,77,99"/><T98/><D118/><U127/><E127/><V125/><F107/><W53/><G124/><N who="2" m="47721" /><F38/><W13/><G100/><T18/><D75/><U66/><E122/><V42/><F42/><W135/><G135/><T94/><D123/><U64/><E71/><V23/><F67/><W56/><G21/><N who="0" m="13367" /><D37/><U73/><E73/><V39/><F39/><W54/><REACH who="3" step="1"/><G56/><REACH who="3" ten="250,250,250,240" step="2"/><T81/><D108/><U15/><E15/><V25/><F23/><W101/><G101/><T40/><D44/><N who="1" m="25759" /><E64/><V109/><F109/><W113/><G113/><T110/><D110/><U30/><AGARI ba="0,1" hai="22,27,30,50,52,58,65,66,82,84,88" m="25759" machi="30" ten="30,4000,0" yaku="8,1,54,2" doraHai="117" who="1" fromWho="1" sc="250,-20,250,50,250,-10,240,-10" />
</Scene>
<Scene>
<INIT seed="1,0,0,1,2,1" ten="230,300,240,230" oya="1" hai0="60,107,52,81,100,98,88,16,103,121,125,122,6" hai1="69,48,7,126,86,118,115,12,104,43,11,92,91" hai2="36,8,55,23,79,21,64,101,95,0,83,111,42" hai3="37,15,45,133,46,102,56,38,114,108,17,87,135"/><U57/><E118/><V58/><F64/><W22/><G114/><T54/><D100/><U50/><E115/><V84/><F111/><W35/><G35/><T90/><D125/><U4/><E69/><V63/><F36/><N who="3" m="13931" /><G108/><T97/><D6/><N who="1" m="2091" /><E104/><V76/><F0/><W71/><G71/><T116/><D116/><U73/><E73/><V44/><F8/><W51/><G102/><T32/><D32/><U24/><E126/><V80/><F44/><W59/><G87/><N who="0" m="50287" /><D60/><U13/><E24/><V74/><F42/><N who="3" m="25015" /><G46/><T9/><D98/><U89/><E43/><V67/><F67/><W53/><G53/><T10/><D10/><U119/><E119/><V94/><F101/><W75/><G75/><T109/><D109/><U105/><E105/><V85/><F74/><W130/><G130/><T61/><D61/><U25/><E25/><V30/><F23/><W49/><G49/><N who="1" m="19050" /><E57/><V27/><AGARI ba="0,0" hai="21,27,30,55,58,63,76,79,80,83,84,85,94,95" machi="27" ten="30,4000,0" yaku="0,1,9,1,8,1" doraHai="1" who="2" fromWho="2" sc="230,-10,300,-20,240,40,230,-10" />
</Scene>
<Scene>
<INIT seed="2,0,0,5,0,41" ten="220,280,280,220" oya="2" hai0="37,42,89,49,73,16,36,90,70,3,66,60,64" hai1="127,110,114,98,47,74,78,7,77,81,33,100,30" hai2="97,46,79,6,134,129,12,102,88,55,10,13,107" hai3="9,61,65,4,17,1,15,44,111,14,94,24,26"/><V83/><F134/><W96/><G111/><T87/><D73/><U63/><E114/><V18/><F129/><W71/><G44/><T58/><D3/><U75/><E110/><V68/><F68/><W132/><G132/><T103/><D103/><U54/><E127/><V62/><F62/><W95/><G95/><T128/><D128/><U131/><E7/><V92/><F55/><W0/><G0/><T45/><D89/><U118/><E118/><V23/><F46/><W130/><G130/><T25/><D70/><U31/><E131/><V105/><REACH who="2" step="1"/><F102/><REACH who="2" ten="220,280,270,220" step="2"/><W135/><G135/><T59/><D59/><U27/><E47/><V93/><F93/><W2/><G71/><T35/><D66/><U125/><E54/><V53/><F53/><W112/><G61/><T38/><D38/><U120/><E63/><V80/><F80/><W22/><G65/><T108/><D108/><U32/><E125/><V106/><F106/><W109/><G109/><T126/><D126/><U67/><E81/><V21/><F21/><W39/><G39/><T82/><REACH who="0" step="1"/><D35/><REACH who="0" ten="210,280,270,220" step="2"/><U52/><E33/><V72/><AGARI ba="0,2" hai="6,10,12,13,18,23,72,79,83,88,92,97,105,107" machi="72" ten="20,7800,0" yaku="1,1,0,1,7,1,54,1,53,0" doraHai="41" doraHaiUra="40" who="2" fromWho="2" sc="210,-26,280,-26,270,98,220,-26" />
</Scene>
<Scene>
<INIT seed="2,1,0,3,2,76" ten="184,254,368,194" oya="2" hai0="22,63,43,23,95,103,35,89,7,94,49,32,40" hai1="107,53,39,60,52,27,18,96,126,0,44,105,104" hai2="3,132,114,78,74,73,102,134,38,113,66,79,26" hai3="25,45,116,19,50,82,93,125,71,115,64,118,47"/><V108/><F38/><W9/><G71/><T135/><D7/><U21/><E126/><V46/><F3/><W1/><G64/><T84/><D135/><N who="2" m="51754" /><F46/><W81/><G1/><T34/><D63/><U130/><E130/><V124/><F26/><W101/><G125/><T5/><D5/><U98/><E0/><V54/><F54/><W61/><G115/><N who="2" m="44041" /><F66/><W12/><G25/><T11/><D11/><U30/><E53/><V88/><F102/><W65/><G45/><T15/><D15/><U55/><E55/><V99/><F124/><W20/><G65/><T72/><D49/><U29/><E39/><V90/><F108/><W6/><G61/><T2/><D2/><U42/><E42/><V133/><F133/><W127/><G127/><T109/><D109/><U62/><E62/><V8/><F8/><W13/><G116/><T87/><D103/><U75/><E52/><V16/><F16/><N who="3" m="10247" /><G118/><T28/><D28/><U69/><E44/><V106/><F106/><W83/><G6/><T92/><D43/><U70/><E60/><V17/><F17/><W110/><G110/><T85/><D40/><U121/><E30/><V36/><F36/><W10/><G10/><T41/><D41/><U123/><E29/><V58/><F58/><W56/><G56/><T97/><D22/><U117/><E117/><V91/><F99/><N who="1" m="37929" /><E70/><V122/><F122/><N who="1" m="46601" /><E69/><V100/><F100/><W111/><G111/><T51/><D51/><U31/><E31/><V131/><F131/><W24/><G50/><T119/><D119/><U14/><E27/><V48/><F74/><AGARI ba="1,0" hai="14,18,21,74,75,104,105,107" m="46601,37929" machi="74" ten="40,1300,0" yaku="13,1" doraHai="76" who="1" fromWho="2" sc="184,0,254,16,368,-16,194,0" />
</Scene>
<Scene>
<INIT seed="3,0,0,5,0,133" ten="184,270,352,194" oya="3" hai0="59,46,49,60,31,62,61,98,66,23,34,69,16" hai1="67,129,4,118,29,88,123,11,84,24,96,38,113" hai2="117,97,81,91,21,33,35,5,126,86,57,116,78" hai3="58,27,83,0,105,36,135,18,28,109,25,75,12"/><W100/><G0/><T124/><D124/><U112/><E123/><V104/><F126/><W93/><G36/><T89/><D34/><U20/><E38/><V9/><F35/><W131/><G105/><T114/><D114/><U110/><E110/><V19/><F33/><W45/><G135/><T122/><D122/><U68/><E129/><V3/><F57/><W2/><G2/><T103/><D31/><U17/><E118/><V127/><F127/><W51/><G131/><T130/><D130/><U55/><E96/><V1/><F1/><W77/><G58/><T26/><D89/><U120/><E120/><V121/><F121/><W132/><G132/><T94/><D69/><U40/><E40/><AGARI ba="0,0" hai="16,23,26,40,46,49,59,60,61,62,66,94,98,103" machi="40" ten="30,3900,0" yaku="7,1,8,1,54,1" doraHai="133" who="0" fromWho="1" sc="184,39,270,-39,352,0,194,0" owari="223,-18.0,231,3.0,352,46.0,194,-31.0" />
</Scene>
</mjloggm>