<mjloggm ver="2.3"><GO type="169" lobby="0"/><UN n0="%E7%A9%B6%E6%A5%B5%41%49" n1="%E5%A4%AA%E3%81%8F%E3%81%AA%E3%81%84%E3%81%8A" n2="%E6%99%AE%E8%B3%A2" n3="%E3%82%86%E3%81%A3%E3%81%8F%E3%82%8A%E5%A6%96%E5%A4%A2" dan="16,17,16,16" rate="2057.30,2191.87,2095.68,2099.66" sx="M,M,F,M"/><TAIKYOKU oya="0"/>

<Scene>
<INIT seed="0,0,0,0,0,89" ten="250,250,250,250" oya="0" hai0="49,99,116,114,65,27,63,13,69,135,117,8,18" hai1="26,39,58,47,36,105,17,38,66,68,98,20,92" hai2="75,52,115,12,67,25,125,3,106,77,23,54,88" hai3="93,34,48,101,103,128,57,2,70,90,59,133,19"/><T79/><D114/><U94/><E68/><V5/><F115/><W11/><G70/><T55/><D135/><U97/><E47/><V44/><F106/><W6/><G34/><T53/><D79/><U9/><E9/><V121/><F121/><W82/><G128/><T132/><D132/><U110/><E110/><V62/><F125/><W0/><G82/><T74/><D74/><U37/><N who="1" m="9216" /><DORA hai="80" /><U127/><E127/><V10/><F3/><W7/><G133/><T122/><D122/><U30/><E17/><V129/><F129/><W108/><G108/><T112/><D112/><U107/><E66/><V95/><F77/><W1/><G19/><T119/><D27/><U31/><E58/><N who="2" m="37335" /><F44/><W111/><G111/><T50/><REACH who="0" step="1"/><D99/><REACH who="0" ten="240,250,250,250" step="2"/><U14/><E31/><N who="2" m="17855" /><F75/><W33/><G2/><T131/><D131/><U81/><E14/><V71/><F71/><W24/><G24/><T32/><D32/><U56/><E26/><V60/><F60/><W46/><G33/><T28/><D28/><U61/><E61/><V109/><F109/><W45/><G1/><T118/><N who="0" m="29696" /><DORA hai="124" /><T91/><D91/><U35/><E30/><V16/><F5/><W73/><G73/><T40/><D40/><U42/><E42/><V43/><F43/><N who="3" m="24639" /><G7/><T123/><D123/><U83/><E35/><V86/><AGARI ba="0,1" hai="10,12,16,52,54,86,88,95" m="17855,37335" machi="86" ten="30,12000,2" yaku="8,1,52,2,54,3" doraHai="89,80,124" who="2" fromWho="2" sc="240,-60,250,-30,250,130,250,-30" />
</Scene>
<Scene>
<INIT seed="1,0,0,4,3,125" ten="180,220,380,220" oya="1" hai0="68,28,50,7,58,99,93,111,123,41,82,100,21" hai1="23,107,35,1,133,53,45,78,80,27,47,22,36" hai2="124,67,118,120,109,64,90,43,29,88,86,116,66" hai3="19,9,95,61,25,83,31,56,102,13,81,65,119"/><U127/><E107/><V92/><F120/><W76/><G119/><T96/><D68/><U57/><E1/><V74/><F74/><W63/><G76/><T40/><D123/><U132/><E35/><V121/><F121/><W122/><G63/><T2/><D111/><U55/><E127/><V135/><F124/><W30/><G30/><T54/><D2/><U70/><E70/><V128/><F109/><W15/><G15/><T20/><D7/><U33/><E33/><V114/><F114/><W84/><G122/><T59/><D82/><U69/><E69/><V105/><F105/><W98/><REACH who="3" step="1"/><G84/><REACH who="3" ten="180,220,380,210" step="2"/><T32/><D99/><U113/><E113/><V79/><F79/><W42/><G42/><T115/><D115/><U12/><E12/><V26/><F43/><W6/><G6/><T77/><D77/><U85/><E27/><V126/><F126/><W52/><G52/><N who="0" m="32023" /><D32/><AGARI ba="0,1" hai="9,13,19,25,31,32,56,61,65,81,83,95,98,102" machi="32" ten="30,3900,0" yaku="1,1,7,1,53,1" doraHai="125" doraHaiUra="4" who="3" fromWho="0" sc="180,-39,220,0,380,0,210,49" />
</Scene>
<Scene>
<INIT seed="2,0,0,4,5,43" ten="141,220,380,259" oya="2" hai0="120,135,87,127,102,99,9,35,36,42,105,45,6" hai1="7,74,46,114,58,93,103,40,128,124,41,119,110" hai2="72,16,75,82,88,101,98,20,94,92,76,84,59" hai3="31,14,54,8,26,73,47,117,15,132,37,51,130"/><V5/><F5/><W32/><G117/><T28/><D120/><U85/><E74/><V89/><F59/><W44/><G130/><T71/><D127/><U134/><E119/><V27/><REACH who="2" step="1"/><F101/><REACH who="2" ten="141,220,370,259" step="2"/><W13/><G132/><T70/><D135/><U125/><E58/><V30/><F30/><W122/><G122/><T1/><REACH who="0" step="1"/><D87/><AGARI ba="0,1" hai="16,20,27,72,75,76,82,84,87,88,89,92,94,98" machi="87" ten="30,12000,1" yaku="1,1,7,1,54,2,53,1" doraHai="43" doraHaiUra="17" who="2" fromWho="0" sc="141,-120,220,0,370,130,259,0" />
</Scene>
<Scene>
<INIT seed="2,1,0,5,5,78" ten="21,220,500,259" oya="2" hai0="16,94,55,4,114,10,131,102,40,63,30,57,97" hai1="106,56,76,39,100,14,128,52,84,73,125,65,81" hai2="113,107,77,41,69,127,26,111,80,133,68,83,44" hai3="51,123,15,23,130,96,45,132,6,28,122,120,31"/><V90/><F113/><W48/><G130/><T74/><D114/><U70/><E39/><V115/><F115/><W93/><G132/><T34/><D131/><U22/><E128/><V116/><F116/><W86/><G86/><T11/><D74/><U3/><E3/><V27/><F133/><W75/><G75/><T53/><D40/><U54/><E125/><V2/><F2/><W112/><G112/><T134/><D134/><U85/><E70/><V64/><F107/><W42/><G51/><T91/><D34/><U20/><E65/><V118/><F118/><W61/><G61/><T95/><D30/><U92/><E106/><V124/><F111/><W62/><G62/><T25/><D55/><U32/><E32/><V71/><F64/><W59/><G59/><T110/><D110/><U79/><E73/><V29/><F90/><W135/><G135/><T129/><D129/><U19/><E22/><N who="2" m="15575" /><F77/><W35/><G35/><T43/><D43/><U87/><E76/><V67/><F27/><W89/><REACH who="3" step="1"/><G23/><REACH who="3" ten="21,220,500,249" step="2"/><N who="0" m="13543" /><D4/><U5/><E5/><V38/><F67/><W104/><G104/><T88/><D102/><U60/><E54/><V121/><F121/><W13/><G13/><T18/><D18/><U119/><E119/><V37/><F37/><W46/><G46/><T33/><D33/><U99/><AGARI ba="1,1" hai="14,19,20,52,56,60,79,81,84,85,87,92,99,100" machi="99" ten="30,7900,0" yaku="0,1,8,1,52,1,54,1" doraHai="78" who="1" fromWho="1" sc="21,-21,220,92,500,-40,249,-21" />
</Scene>
<Scene>
<INIT seed="3,0,0,2,3,38" ten="0,312,460,228" oya="3" hai0="21,96,113,48,76,135,56,124,93,41,100,123,2" hai1="69,98,31,109,129,64,110,5,108,28,60,127,70" hai2="4,105,7,104,73,59,67,102,25,122,43,33,40" hai3="130,107,89,50,72,17,15,1,79,16,34,30,8"/><W86/><G130/><T95/><D123/><U81/><E129/><V103/><F73/><W18/><G107/><T106/><D2/><U117/><E127/><V114/><F114/><W58/><G72/><T39/><D39/><U62/><E117/><V99/><F122/><W94/><G79/><T20/><D124/><U77/><E5/><V35/><F67/><W32/><G1/><T37/><D37/><U24/><E98/><V13/><F59/><W82/><G94/><T112/><D135/><U71/><E62/><V125/><F125/><W78/><G78/><T68/><D68/><N who="1" m="41991" /><E24/><V57/><F57/><W42/><G30/><T97/><D76/><U131/><E131/><V66/><F66/><W53/><REACH who="3" step="1"/><G42/><REACH who="3" ten="0,312,460,218" step="2"/><T14/><D106/><U6/><E6/><AGARI ba="0,1" hai="6,8,15,16,17,18,32,34,50,53,58,82,86,89" machi="6" ten="40,7700,0" yaku="1,1,2,1,54,1,53,0" doraHai="38" doraHaiUra="27" who="3" fromWho="1" sc="0,0,312,-77,460,0,218,87" />
</Scene>
<Scene>
<INIT seed="3,1,0,0,3,53" ten="0,235,460,305" oya="3" hai0="121,54,130,86,24,28,9,84,70,10,116,6,81" hai1="123,52,79,111,42,68,117,106,13,59,12,82,90" hai2="87,60,16,124,131,94,29,48,105,80,4,45,61" hai3="36,85,134,25,2,104,75,62,14,51,65,101,107"/><W33/><G36/><T35/><D121/><U50/><E123/><V95/><F105/><W96/><G75/><T56/><D116/><U49/><E68/><V23/><F131/><W44/><G2/><T93/><D70/><U114/><E114/><V127/><F29/><W19/><G134/><T132/><D132/><U3/><E3/><V91/><F4/><W74/><G74/><T119/><D119/><U21/><E117/><V15/><F124/><W43/><G85/><T83/><D130/><U88/><E106/><V129/><F127/><W18/><G107/><T32/><D32/><U31/><E111/><V55/><F129/><W125/><G125/><T11/><D6/><U122/><E122/><V89/><F80/><W115/><G115/><T39/><D39/><U76/><E31/><V1/><F1/><W98/><G98/><AGARI ba="1,0" hai="15,16,23,45,48,55,60,61,87,89,91,94,95,98" machi="98" ten="30,3900,0" yaku="7,1,8,1,54,1" doraHai="53" who="2" fromWho="3" sc="0,0,235,0,460,42,305,-42" />
</Scene>
<Scene>
<INIT seed="4,0,0,1,2,21" ten="0,235,502,263" oya="0" hai0="92,81,40,91,2,66,61,22,48,36,64,18,51" hai1="115,116,105,69,132,46,130,30,135,19,84,65,31" hai2="45,72,94,134,111,47,107,35,121,34,76,124,14" hai3="101,78,82,58,99,96,41,8,77,95,56,54,33"/><T5/><D36/><U6/><E105/><V87/><F111/><W71/><G33/><T73/><D2/><U55/><E6/><V80/><F121/><W120/><G71/><T50/><D40/><U37/><E84/><V63/><F107/><W79/><G120/><T60/><D5/><U89/><E89/><V108/><F108/><W83/><G41/><T24/><D81/><N who="3" m="30729" /><G99/><N who="0" m="57759" /><D73/><U49/><E116/><V70/><F124/><W9/><G56/><T67/><AGARI ba="0,0" hai="18,22,24,48,50,51,60,61,64,66,67" m="57759" machi="67" ten="30,3000,0" yaku="8,1,52,1" doraHai="21" who="0" fromWho="0" sc="0,30,235,-10,502,-10,263,-10" />
</Scene>
<Scene>
<INIT seed="4,1,0,4,1,67" ten="30,225,492,253" oya="0" hai0="120,100,41,98,134,42,106,11,31,132,87,71,28" hai1="15,61,40,3,129,7,36,47,52,22,78,68,102" hai2="75,29,94,114,64,1,69,56,130,104,93,105,38" hai3="117,133,54,27,82,126,53,86,107,128,59,122,25"/><T12/><D120/><U45/><E129/><V113/><F130/><W8/><G117/><T13/><D87/><U88/><E102/><V19/><F75/><W14/><G107/><T48/><D71/><U95/><E78/><V49/><F29/><N who="0" m="11338" /><D48/><U92/><E3/><V111/><F111/><W72/><G72/><T84/><D84/><U2/><E2/><V89/><F38/><W58/><G126/><T76/><D76/><U34/><E34/><V70/><F1/><W65/><G133/><N who="0" m="51307" /><D13/><U96/><E92/><N who="2" m="35435" /><F89/><N who="3" m="51415" /><G65/><T57/><D57/><N who="3" m="21513" /><G122/><T26/><D26/><N who="3" m="9737" /><G128/><T30/><N who="0" m="11346" /><T77/><DORA hai="135" /><D77/><U43/><E68/><N who="2" m="26219" /><F19/><AGARI ba="1,0" hai="8,14,19,53,54" m="9737,21513,51415" machi="19" ten="30,1000,0" yaku="8,1" doraHai="67,135" who="3" fromWho="2" sc="30,0,225,0,492,-13,253,13" /><AGARI ba="1,0" hai="11,12,19,41,42,98,100,106" m="51307,11346" machi="19" ten="40,2000,0" yaku="20,1" doraHai="67,135" who="0" fromWho="2" sc="30,20,225,0,479,-20,266,0" />
</Scene>
<Scene>
<INIT seed="4,2,0,1,1,43" ten="50,225,459,266" oya="0" hai0="102,128,110,95,18,101,130,59,27,33,45,90,39" hai1="37,3,81,120,42,5,50,77,53,92,54,19,94" hai2="118,66,36,93,41,25,117,129,58,20,109,79,131" hai3="67,13,51,17,91,10,84,124,133,89,87,69,76"/><T82/><D110/><U52/><E120/><V107/><F107/><W15/><G124/><T24/><D59/><U47/><E19/><V105/><F105/><W31/><G133/><T46/><D82/><U74/><E50/><V115/><F109/><W40/><G31/><T23/><D33/><U123/><E123/><V21/><F79/><W126/><G126/><T63/><D63/><U97/><E97/><V12/><F115/><W85/><G76/><T103/><D27/><U22/><E22/><V71/><F71/><W56/><G69/><T80/><D80/><U1/><E1/><V108/><F108/><W8/><G67/><T112/><D112/><U28/><E28/><N who="2" m="17447" /><F93/><W83/><G91/><T29/><D29/><U111/><E111/><V9/><F21/><W38/><G38/><T57/><D57/><U48/><E48/><V62/><F41/><W135/><G135/><T60/><D60/><U0/><E0/><V6/><F36/><W26/><G26/><T35/><D35/><U44/><E44/><V34/><F34/><W32/><G32/><T106/><D106/><U127/><E127/><V49/><F49/><W16/><G40/><T70/><D70/><U61/><E61/><V7/><F7/><W65/><G65/><T121/><D121/><U132/><E132/><V4/><F4/><W88/><G83/><T113/><D113/><U55/><E55/><AGARI ba="2,0" hai="8,10,13,15,16,17,51,55,56,84,85,87,88,89" machi="55" ten="40,8000,1" yaku="9,1,8,1,54,2" doraHai="43" who="3" fromWho="1" sc="50,0,225,-86,459,0,266,86" />
</Scene>
<Scene>
<INIT seed="5,0,0,2,1,126" ten="50,139,459,352" oya="1" hai0="5,65,46,55,79,48,72,24,67,11,102,34,51" hai1="60,9,96,101,30,19,104,110,53,106,75,28,6" hai2="88,18,83,62,50,33,85,61,2,84,94,121,59" hai3="49,20,128,12,95,122,89,92,82,90,76,91,0"/><U10/><E75/><V78/><F121/><W7/><G0/><T93/><D72/><U42/><E42/><V81/><F33/><W54/><G122/><T115/><D79/><U52/><E110/><V45/><F2/><W73/><G128/><T99/><D115/><U22/><E106/><V113/><F113/><W120/><G120/><T100/><D100/><U80/><E80/><N who="2" m="47127" /><F18/><W123/><G123/><T3/><REACH who="0" step="1"/><D51/><REACH who="0" ten="40,139,459,352" step="2"/><U131/><E131/><V41/><F62/><W130/><G49/><T98/><D98/><U47/><E60/><V39/><F39/><W68/><G76/><T8/><D8/><U56/><E9/><V69/><F69/><W21/><G68/><T1/><D1/><U132/><E96/><V4/><F4/><W63/><G7/><T117/><D117/><U32/><E101/><V66/><AGARI ba="0,1" hai="41,45,50,59,61,66,81,83,85,88,94" m="47127" machi="66" ten="30,2000,0" yaku="8,1,54,1" doraHai="126" who="2" fromWho="2" sc="40,-5,139,-10,459,30,352,-5" />
</Scene>
<Scene>
<INIT seed="6,0,0,5,0,34" ten="35,129,489,347" oya="2" hai0="82,27,102,1,38,104,122,98,105,124,37,111,29" hai1="54,126,43,93,81,69,95,65,49,20,28,75,129" hai2="8,130,121,11,90,33,110,21,31,68,133,99,23" hai3="45,89,12,61,118,41,3,91,74,116,7,14,18"/><V113/><F121/><W46/><G74/><T77/><D122/><U9/><E43/><V22/><F68/><W53/><G41/><T100/><D111/><U80/><E126/><V58/><F110/><W24/><G7/><T35/><D124/><U70/><E129/><V57/><F130/><W52/><G24/><T15/><D15/><U94/><E9/><V135/><F113/><W10/><G10/><N who="2" m="3625" /><F33/><W112/><G112/><T109/><D109/><U59/><E75/><V87/><F99/><W120/><G120/><T79/><D102/><U83/><E65/><V132/><F31/><W128/><G128/><T50/><D50/><U0/><E0/><V63/><F63/><W103/><G103/><T131/><D131/><U96/><E96/><V2/><F2/><W4/><G4/><T6/><D105/><U73/><E73/><V25/><F25/><W17/><G61/><T60/><D60/><U13/><REACH who="1" step="1"/><E28/><REACH who="1" ten="35,119,489,347" step="2"/><V123/><F123/><W114/><G114/><T56/><D6/><U72/><E72/><V92/><AGARI ba="0,1" hai="21,22,23,57,58,87,90,92,132,133,135" m="3625" machi="92" ten="40,2100,0" yaku="20,1" doraHai="34" who="2" fromWho="2" sc="35,-7,119,-7,489,31,347,-7" />
</Scene>
<Scene>
<INIT seed="6,1,0,1,5,53" ten="28,112,520,340" oya="2" hai0="88,128,26,29,60,32,99,101,120,81,103,112,20" hai1="37,124,44,117,38,77,106,68,69,18,23,62,1" hai2="129,132,48,93,24,15,54,118,33,94,2,39,97" hai3="71,7,13,59,45,111,41,121,122,115,30,130,16"/><V46/><F118/><W22/><G111/><T56/><D120/><U36/><E117/><V80/><F2/><W40/><G71/><T125/><D112/><U92/><E106/><V47/><F129/><W57/><G130/><T119/><D128/><U27/><E1/><V107/><F132/><W65/><G115/><T17/><D119/><U73/><E124/><V12/><F107/><W21/><G7/><T74/><D125/><U82/><E62/><V134/><F134/><W25/><G40/><T61/><D61/><U8/><E8/><V109/><F109/><W86/><G86/><N who="0" m="50255" /><D74/><U5/><E5/><V70/><F70/><W31/><G31/><T49/><D32/><U3/><E3/><V79/><F39/><W4/><G4/><T58/><D49/><U11/><E11/><V105/><F105/><W98/><G98/><T55/><D55/><U14/><E92/><V72/><F94/><W127/><G127/><T84/><D60/><U35/><E44/><V63/><F63/><W83/><G65/><T126/><D126/><U75/><E75/><V34/><F47/><W6/><G6/><T78/><D29/><U19/><E35/><V114/><F114/><W95/><G83/><N who="0" m="47223" /><D99/><U67/><E67/><V0/><F0/><W51/><REACH who="3" step="1"/><G95/><REACH who="3" ten="28,112,520,330" step="2"/><T89/><D89/><U9/><AGARI ba="1,1" hai="9,14,18,19,23,27,36,37,38,68,69,73,77,82" machi="9" ten="30,1100,0" yaku="0,1" doraHai="53" who="1" fromWho="1" sc="28,-4,112,24,520,-6,330,-4" />
</Scene>
<Scene>
<INIT seed="7,0,0,1,5,95" ten="24,136,514,326" oya="3" hai0="124,120,29,31,59,100,134,117,83,4,122,76,86" hai1="97,45,88,54,133,24,106,109,34,94,19,132,41" hai2="27,135,61,68,22,81,50,16,28,73,72,37,111" hai3="36,85,98,78,131,6,107,47,23,79,93,101,48"/><W46/><G131/><T49/><D49/><U64/><E109/><V35/><F111/><W53/><G6/><T25/><D59/><U38/><E64/><V70/><F37/><W58/><G23/><T63/><D63/><U102/><E54/><V103/><F135/><W91/><REACH who="3" step="1"/><G58/><REACH who="3" ten="24,136,514,316" step="2"/><T74/><D4/><U33/><E133/><V32/><F22/><W10/><G10/><T60/><D60/><U92/><E132/><V0/><F61/><W77/><G77/><T84/><D134/><U17/><E34/><V40/><F35/><W56/><G56/><T57/><D57/><U9/><E33/><V2/><F32/><W80/><G80/><T115/><D25/><U127/><E9/><V3/><F27/><W26/><G26/><T129/><D29/><U71/><E24/><V128/><F81/><W65/><G65/><T99/><D31/><U20/><E20/><V42/><F28/><W113/><G113/><T87/><D117/><U8/><E8/><V21/><F21/><W30/><G30/><T18/><D18/><U69/><E17/><V123/><F16/><W12/><G12/><T66/><D66/><U82/><E82/><V105/><F0/><W51/><G51/><T5/><D5/><U67/><E19/><V52/><F2/><W62/><G62/><T96/><D115/><U118/><E118/><V125/><F3/><W43/><AGARI ba="0,1" hai="36,43,46,47,48,53,78,79,85,91,93,98,101,107" machi="43" ten="30,6000,0" yaku="1,1,0,1,52,1,53,0" doraHai="95" doraHaiUra="1" who="3" fromWho="3" sc="24,-20,136,-20,514,-20,316,70" />
</Scene>
<Scene>
<INIT seed="7,1,0,0,3,49" ten="4,116,494,386" oya="3" hai0="6,101,114,119,58,98,37,26,126,135,40,38,129" hai1="60,125,7,79,117,82,17,107,72,59,89,97,39" hai2="132,14,87,48,133,75,96,25,41,33,124,27,83" hai3="88,100,51,74,62,118,16,68,86,66,106,34,77"/><W76/><G118/><T46/><D98/><U131/><E39/><V113/><F113/><W70/><G70/><T36/><D101/><U21/><E7/><V43/><F124/><W35/><G77/><T4/><D26/><N who="2" m="9738" /><F33/><W130/><G130/><T65/><D6/><U116/><E125/><V134/><F75/><W78/><G78/><T1/><D4/><U61/><E61/><V42/><F96/><N who="3" m="61703" /><G16/><T92/><D92/><U63/><E59/><V67/><F67/><W10/><G51/><T64/><D1/><U19/><E19/><V104/><F104/><W71/><G68/><T32/><D32/><U29/><E82/><V54/><F14/><W28/><G10/><T103/><D103/><U20/><E21/><V112/><F112/><W55/><G55/><T90/><D90/><U9/><E89/><N who="2" m="51455" /><F54/><W109/><G109/><T50/><D126/><U128/><E63/><V22/><F22/><W2/><G2/><T52/><D114/><U18/><E18/><V108/><F108/><W91/><G28/><T13/><D13/><U44/><E44/><AGARI ba="1,0" hai="41,42,43,44,48,132,133,134" m="51455,9738" machi="44" ten="40,1300,0" yaku="20,1" doraHai="49" who="2" fromWho="1" sc="4,0,116,-16,494,16,386,0" owari="4,-50.0,100,-30.0,510,61.0,386,19.0" />
</Scene>
</mjloggm>