<mjloggm ver="2.3"><GO type="169" lobby="0"/><UN n0="%E9%81%8A%E8%B5%B0" n1="%38%37%73%65%66" n2="%E5%A4%AA%E3%81%8F%E3%81%AA%E3%81%84%E3%81%8A" n3="%3A%63%6F%63%75%61%3A" dan="16,16,17,16" rate="2161.87,2085.29,2177.78,2025.13" sx="M,F,F,M"/><TAIKYOKU oya="0"/>

<Scene>
<INIT seed="0,0,0,2,1,10" ten="250,250,250,250" oya="0" hai0="15,36,86,123,44,55,124,73,103,61,48,14,13" hai1="42,4,77,71,80,31,101,34,39,38,22,20,66" hai2="121,41,54,63,16,70,19,46,30,85,62,88,23" hai3="68,3,49,104,33,64,5,91,72,94,105,112,114"/><T50/><D73/><N who="1" m="43055" /><E22/><V119/><F121/><W109/><G109/><T78/><D123/><U8/><E20/><V84/><F119/><W59/><G72/><T128/><D36/><U21/><E21/><V122/><F122/><W53/><G33/><T87/><D128/><U37/><E101/><V40/><F70/><W18/><G18/><T106/><D124/><U131/><E131/><V28/><F54/><W133/><G133/><T113/><D113/><U29/><E29/><N who="2" m="11371" /><F19/><W57/><G68/><T1/><D1/><N who="1" m="15" /><E42/><N who="2" m="16491" /><F46/><W125/><G125/><T82/><D61/><N who="1" m="40399" /><E31/><V60/><F88/><W97/><G3/><T17/><D50/><U93/><E93/><V83/><F83/><W65/><G5/><T110/><D110/><U24/><E24/><AGARI ba="0,0" hai="16,23,24,60,62,63,84,85" m="16491,11371" machi="24" ten="30,2000,0" yaku="8,1,54,1" doraHai="10" who="2" fromWho="1" sc="250,0,250,-20,250,20,250,0" />
</Scene>
<Scene>
<INIT seed="1,0,0,3,0,76" ten="250,230,270,250" oya="1" hai0="47,80,4,115,133,131,30,54,57,81,105,118,24" hai1="129,83,65,110,111,62,69,33,68,122,27,103,6" hai2="84,116,73,45,19,46,5,86,90,53,99,15,34" hai3="29,95,72,104,16,48,79,74,39,12,66,11,93"/><U124/><E122/><V36/><F73/><W1/><G39/><T71/><D118/><U96/><E129/><V101/><F116/><W10/><G104/><T123/><D115/><U22/><E6/><V89/><F34/><W120/><G120/><T38/><D71/><N who="1" m="42423" /><E124/><V43/><F5/><W9/><G29/><T18/><D131/><U17/><E33/><V130/><F130/><W2/><G66/><T82/><D123/><U91/><E91/><V59/><F46/><W63/><G63/><N who="0" m="36279" /><D105/><N who="1" m="63719" /><E83/><N who="0" m="31817" /><D133/><U94/><E94/><V102/><F89/><W35/><G35/><T32/><D32/><U37/><E37/><V20/><F90/><W26/><G2/><T25/><D38/><U134/><E134/><V78/><F78/><W128/><G79/><T119/><D119/><U70/><E17/><V106/><F101/><W126/><G1/><T31/><N who="0" m="31825" /><T28/><DORA hai="56" /><D4/><U92/><E92/><V97/><REACH who="2" step="1"/><F97/><REACH who="2" ten="250,230,260,250" step="2"/><W49/><G72/><T51/><D18/><U8/><E111/><V135/><F135/><W61/><G74/><T14/><D14/><U58/><E110/><V113/><F113/><W41/><G12/><T100/><D100/><U55/><E70/><V107/><F107/><W85/><G128/><T75/><D75/><U88/><E69/><V112/><F112/><W44/><G16/><T13/><D13/><U67/><E68/><V87/><F87/><W0/><G85/><T127/><D127/><U132/><E132/><V23/><F23/><W98/><G0/><T60/><D60/><AGARI ba="0,1" hai="15,19,20,36,43,45,53,59,60,84,86,99,102,106" machi="60" ten="30,7700,0" yaku="1,1,7,1,52,1,53,1" doraHai="76,56" doraHaiUra="77,50" who="2" fromWho="0" sc="250,-77,230,0,260,87,250,0" />
</Scene>
<Scene>
<INIT seed="2,0,0,3,5,19" ten="173,230,347,250" oya="2" hai0="70,40,120,77,121,57,116,85,82,119,45,3,66" hai1="102,39,59,7,73,127,36,28,21,15,27,41,12" hai2="100,38,123,0,10,89,91,33,67,135,113,95,13" hai3="14,69,118,84,50,11,93,30,111,131,6,76,46"/><V134/><F113/><W22/><G111/><T83/><D3/><U58/><E73/><V54/><F123/><W114/><G131/><T130/><D130/><U65/><E127/><V88/><F0/><W126/><G126/><T106/><D106/><U64/><E41/><V117/><F117/><N who="0" m="45130" /><D66/><U71/><E71/><V16/><F38/><W115/><G118/><T78/><D57/><U128/><E128/><V1/><F33/><W79/><G69/><T81/><D70/><U97/><E39/><V104/><F67/><W101/><G101/><T61/><D61/><U94/><E36/><V62/><F104/><W48/><G48/><N who="0" m="26663" /><D83/><U25/><E15/><V34/><F34/><W90/><G115/><T2/><D2/><U103/><E59/><N who="2" m="35191" /><F1/><W35/><G35/><T92/><D92/><U4/><E65/><V37/><F37/><W44/><G114/><T20/><D20/><U124/><E124/><V63/><F63/><W53/><REACH who="3" step="1"/><G46/><REACH who="3" ten="173,230,347,240" step="2"/><T68/><D68/><U125/><E125/><V133/><F100/><W80/><G80/><T8/><D8/><U132/><E103/><V75/><F75/><AGARI ba="0,1" hai="75,77,78,81,82,85,120,121" m="26663,45130" machi="75" ten="30,1000,0" yaku="12,1" doraHai="19" who="0" fromWho="2" sc="173,20,230,0,347,-10,240,0" />
</Scene>
<Scene>
<INIT seed="3,0,0,5,1,50" ten="193,230,337,240" oya="3" hai0="69,104,54,65,71,7,19,15,34,27,51,84,110" hai1="135,21,132,28,55,98,42,32,64,128,25,77,94" hai2="74,24,83,102,31,52,60,91,127,134,109,16,13" hai3="12,114,125,23,66,36,105,123,124,131,92,39,126"/><W56/><G114/><T61/><D110/><U112/><E112/><V93/><F109/><W80/><G105/><T90/><D104/><U107/><E107/><V35/><F102/><W88/><G131/><T10/><D71/><U100/><E42/><V58/><F127/><W96/><G123/><T3/><D34/><U62/><E77/><V97/><F134/><N who="1" m="51241" /><E55/><V2/><F2/><W116/><G116/><T78/><D78/><U72/><E72/><V40/><F40/><W81/><G23/><T101/><D101/><U103/><E103/><V87/><F74/><W11/><G66/><T95/><D27/><U6/><E6/><V47/><F47/><W33/><G33/><T30/><D30/><U48/><E48/><V76/><F35/><W41/><G56/><T130/><D130/><U108/><E108/><V75/><F31/><W79/><G41/><T5/><REACH who="0" step="1"/><D3/><REACH who="0" ten="183,230,337,240" step="2"/><U119/><E32/><V26/><REACH who="2" step="1"/><F75/><REACH who="2" ten="183,230,327,240" step="2"/><W59/><G124/><T45/><AGARI ba="0,2" hai="5,7,10,15,19,45,51,54,61,65,69,84,90,95" machi="45" ten="20,8000,1" yaku="1,1,2,1,0,1,7,1,52,1,53,0" doraHai="50" doraHaiUra="18" who="0" fromWho="0" sc="183,100,230,-20,327,-20,240,-40" />
</Scene>
<Scene>
<INIT seed="4,0,0,0,3,109" ten="283,210,307,200" oya="0" hai0="120,73,117,81,65,4,40,77,41,104,54,129,25" hai1="124,7,76,87,52,92,85,127,48,75,19,31,78" hai2="29,94,112,121,91,11,125,61,10,89,27,67,8" hai3="53,56,128,32,135,17,131,100,55,12,49,16,36"/><T116/><D120/><U88/><E75/><V66/><F112/><W51/><G135/><T38/><D104/><U71/><E71/><V23/><F125/><N who="1" m="48201" /><E31/><V35/><F121/><W93/><G36/><T43/><D38/><U1/><E19/><V64/><F35/><W133/><G133/><T50/><D129/><N who="3" m="49737" /><G32/><T105/><D105/><U83/><E7/><V46/><F46/><N who="3" m="27831" /><G12/><T70/><D25/><U108/><E1/><V80/><F80/><W57/><G57/><T24/><D24/><U22/><E22/><V130/><F130/><W33/><G33/><T62/><REACH who="0" step="1"/><D4/><REACH who="0" ten="273,210,307,200" step="2"/><U20/><E108/><V26/><F26/><W126/><G126/><T60/><D60/><U47/><E20/><V6/><F6/><W69/><G69/><T95/><D95/><U0/><E0/><V86/><F61/><W82/><G82/><T90/><D90/><AGARI ba="0,1" hai="47,48,52,76,78,83,85,87,88,90,92" m="48201" machi="90" ten="30,3900,0" yaku="18,1,54,2" doraHai="109" who="1" fromWho="0" sc="273,-39,210,49,307,0,200,0" /><AGARI ba="0,0" hai="8,10,11,23,27,29,64,66,67,86,89,90,91,94" machi="90" ten="40,1300,0" yaku="8,1" doraHai="109" who="2" fromWho="0" sc="234,-13,259,0,307,13,200,0" />
</Scene>
<Scene>
<INIT seed="5,0,0,1,2,112" ten="221,259,320,200" oya="1" hai0="77,76,116,122,56,88,120,135,49,125,15,39,75" hai1="113,73,86,92,59,17,20,35,48,11,124,36,21" hai2="45,123,94,81,38,131,41,34,12,85,58,93,31" hai3="2,5,29,26,28,104,83,117,100,13,126,118,0"/><U102/><E36/><V130/><F123/><N who="0" m="47146" /><D39/><U62/><E73/><V42/><F42/><W107/><G83/><T14/><D135/><U134/><E35/><V67/><F12/><N who="0" m="4650" /><D125/><U111/><E48/><V96/><F31/><N who="3" m="11851" /><G126/><T110/><D110/><U80/><E11/><V87/><F34/><W95/><G95/><N who="2" m="36361" /><F96/><W54/><G54/><N who="0" m="31823" /><D75/><U89/><E20/><V101/><F101/><W128/><G128/><N who="2" m="49193" /><F81/><W43/><G43/><T61/><D116/><N who="3" m="44649" /><G26/><T99/><D61/><AGARI ba="0,0" hai="38,41,45,58,61,67,85,87" m="49193,36361" machi="61" ten="30,1000,0" yaku="19,1" doraHai="112" who="2" fromWho="0" sc="221,-10,259,0,320,10,200,0" />
</Scene>
<Scene>
<INIT seed="6,0,0,2,4,45" ten="211,259,330,200" oya="2" hai0="120,27,83,24,30,73,13,96,7,132,62,60,36" hai1="90,72,28,121,14,126,98,39,52,41,127,128,64" hai2="135,4,80,91,61,97,88,67,122,100,82,111,68" hai3="10,17,103,3,81,43,108,104,11,32,49,40,110"/><V8/><F122/><W71/><G71/><T12/><D36/><U131/><E72/><V134/><F111/><W133/><G133/><N who="2" m="50697" /><F82/><W115/><G115/><T20/><D120/><U34/><E64/><V54/><F80/><W26/><G104/><T86/><D73/><U23/><E121/><V29/><F29/><W18/><G103/><T95/><D27/><N who="1" m="18719" /><E41/><V114/><F54/><W79/><G110/><T38/><D38/><U69/><E39/><V22/><F22/><W129/><G129/><N who="1" m="49738" /><E69/><V94/><F114/><W75/><G108/><T92/><D132/><U130/><E130/><V85/><F85/><W55/><G32/><T66/><D95/><N who="1" m="56695" /><E52/><V117/><F117/><W57/><G26/><T78/><D66/><U44/><E44/><V63/><F63/><N who="0" m="24106" /><D7/><U107/><E107/><V74/><F74/><W50/><G3/><AGARI ba="0,0" hai="3,4,8,61,67,68,88,91,94,97,100" m="50697" machi="3" ten="30,2900,0" yaku="20,1,54,1" doraHai="45" who="2" fromWho="3" sc="211,0,259,0,330,29,200,-29" />
</Scene>
<Scene>
<INIT seed="6,1,0,2,1,14" ten="211,259,359,171" oya="2" hai0="36,91,69,42,11,3,7,119,13,31,40,43,21" hai1="120,114,23,103,132,67,32,58,90,84,71,20,123" hai2="53,37,72,50,96,89,19,112,49,22,85,135,15" hai3="130,70,83,4,5,18,64,28,1,95,75,81,74"/><V6/><F37/><W12/><G130/><T124/><D124/><U110/><E71/><V9/><F72/><W44/><G28/><T25/><D119/><U33/><E110/><V76/><F112/><W48/><G64/><T27/><D69/><U102/><E67/><V97/><F76/><W41/><G70/><T59/><D59/><U65/><E65/><V107/><F135/><W127/><G127/><T111/><D111/><U8/><E58/><N who="2" m="33071" /><F50/><W16/><G1/><T134/><D134/><U60/><E8/><V73/><F73/><W93/><G74/><T47/><D3/><U54/><E132/><V129/><F107/><W104/><G104/><T29/><REACH who="0" step="1"/><D91/><REACH who="0" ten="201,259,359,171" step="2"/><U55/><E90/><V80/><F129/><W77/><G81/><T92/><D92/><U56/><E56/><V118/><F118/><W61/><G61/><T51/><D51/><U131/><E131/><V63/><F63/><W126/><G126/><T133/><D133/><U10/><E60/><V30/><F89/><W116/><G116/><T101/><D101/><U34/><E103/><V66/><F66/><W100/><G95/><T121/><D121/><U99/><E102/><V109/><F109/><W125/><G125/><T39/><D39/><U86/><E123/><V128/><F128/><W117/><G117/><T26/><D26/><U78/><E120/><V45/><F80/><W38/><G38/><T68/><D68/><U105/><E105/><V94/><F94/><W62/><G62/><T122/><D122/><U17/><E114/><V98/><F45/><W2/><G44/><T35/><AGARI ba="1,1" hai="7,11,13,21,25,27,29,31,35,36,40,42,43,47" machi="35" ten="20,5200,0" yaku="1,1,5,1,0,1,7,1,53,0" doraHai="14" doraHaiUra="52" who="0" fromWho="0" sc="201,65,259,-14,359,-27,171,-14" />
</Scene>
<Scene>
<INIT seed="7,0,0,0,5,69" ten="266,245,332,157" oya="3" hai0="130,93,1,87,13,62,45,42,9,20,39,25,94" hai1="135,129,105,60,79,63,83,55,108,27,19,65,80" hai2="22,64,75,36,72,26,70,2,109,38,121,15,16" hai3="24,74,95,67,21,12,117,59,41,37,48,28,52"/><W100/><G117/><T6/><D130/><U102/><E108/><V54/><F109/><W114/><G114/><T81/><D62/><U34/><E129/><V17/><F2/><W132/><G132/><T0/><D0/><U11/><E63/><V10/><F70/><W88/><G74/><T89/><REACH who="0" step="1"/><D1/><REACH who="0" ten="256,245,332,157" step="2"/><U91/><E60/><V90/><F64/><W103/><G67/><T43/><D43/><U78/><E65/><V82/><F54/><W53/><G53/><T73/><D73/><U124/><E55/><V4/><F75/><W110/><G110/><T119/><D119/><U116/><E116/><V49/><F72/><W40/><G12/><T46/><D46/><U131/><E131/><V98/><F15/><W84/><REACH who="3" step="1"/><G37/><REACH who="3" ten="256,245,332,147" step="2"/><T56/><D56/><U92/><E135/><V33/><F36/><W23/><G23/><T86/><D86/><U29/><E34/><V111/><F38/><W31/><G31/><AGARI ba="0,2" hai="6,9,13,20,25,31,39,42,45,81,87,89,93,94" machi="31" ten="30,3900,0" yaku="1,1,7,1,52,1,53,0" doraHai="69" doraHaiUra="101" who="0" fromWho="3" sc="256,59,245,0,332,0,147,-39" owari="315,12.0,245,-15.0,332,42.0,108,-39.0" />
</Scene>
</mjloggm>