<mjloggm ver="2.3"><GO type="225" lobby="0"/><UN n0="%E5%A4%AA%E3%81%8F%E3%81%AA%E3%81%84%E3%81%8A" n1="%56%65%6E%75%73%53%61%79" n2="%E4%BC%9D%E8%AA%AC%E3%81%AE%E3%81%B2%E3%82%88%E3%81%93" n3="%72%69%6F%75%63%68%61%6E" dan="18,17,16,16" rate="2207.28,2199.61,2086.73,2113.03" sx="M,M,F,M"/><TAIKYOKU oya="0"/>

<Scene>
<INIT seed="0,0,0,2,4,96" ten="250,250,250,250" oya="0" hai0="0,123,106,9,15,113,71,82,74,18,5,49,124" hai1="45,86,33,66,93,23,81,97,59,62,114,72,118" hai2="38,41,92,50,68,83,126,127,35,11,69,30,14" hai3="99,76,12,24,134,7,25,112,6,94,128,22,90"/><T40/><D113/><U91/><E33/><V116/><F38/><W109/><G112/><T21/><D123/><U39/><E114/><V54/><F41/><W131/><G109/><T20/><D71/><U117/><E72/><V34/><F116/><W121/><G134/><T108/><D124/><N who="2" m="47658" /><F83/><W80/><G121/><T36/><D49/><U111/><E111/><V29/><F92/><W2/><G2/><T102/><D108/><U120/><E120/><V60/><F30/><N who="3" m="17687" /><G12/><T129/><D129/><N who="3" m="49737" /><G25/><T58/><D58/><U53/><E23/><V115/><F115/><W31/><G31/><T32/><D32/><N who="2" m="12330" /><F60/><W27/><G27/><T103/><D21/><U70/><E39/><V19/><F29/><W132/><G132/><T26/><D106/><U95/><E95/><V16/><F19/><W110/><G110/><T52/><D26/><U67/><E118/><V47/><AGARI ba="0,0" hai="11,14,16,47,50,54,68,69" m="12330,47658" machi="47" ten="30,2000,0" yaku="18,1,54,1" doraHai="96" who="2" fromWho="2" sc="250,-10,250,-5,250,20,250,-5" />
</Scene>
<Scene>
<INIT seed="1,0,0,4,5,27" ten="240,245,270,245" oya="1" hai0="94,133,21,122,86,39,132,12,66,1,118,100,101" hai1="74,76,80,43,71,14,125,58,26,98,36,105,37" hai2="20,111,131,83,121,87,19,134,124,129,119,78,91" hai3="13,17,96,89,63,9,0,31,59,48,50,62,95"/><U92/><E71/><V23/><F119/><W128/><G128/><N who="2" m="49225" /><F121/><W29/><G0/><T46/><D1/><U85/><E125/><V3/><F3/><W24/><G63/><T108/><D118/><U68/><E68/><V38/><F38/><W126/><G126/><T52/><D66/><U25/><E58/><V79/><F124/><W67/><REACH who="3" step="1"/><G31/><REACH who="3" ten="240,245,270,235" step="2"/><T82/><D122/><U103/><E14/><N who="2" m="9335" /><F134/><W45/><G45/><T5/><D46/><N who="1" m="23911" /><E37/><V55/><F111/><W135/><G135/><T56/><D108/><U107/><E107/><V69/><F69/><W16/><G16/><N who="0" m="10375" /><D39/><U72/><E72/><V2/><F2/><W6/><G6/><T30/><D5/><U57/><E57/><V54/><F23/><AGARI ba="0,1" hai="9,13,17,23,24,29,48,50,59,62,67,89,95,96" machi="23" ten="30,7700,0" yaku="1,1,7,1,8,1,52,1,53,0" doraHai="27" doraHaiUra="114" who="3" fromWho="2" sc="240,0,245,0,270,-77,235,87" />
</Scene>
<Scene>
<INIT seed="2,0,0,3,3,93" ten="240,245,193,322" oya="2" hai0="17,95,127,82,34,58,33,108,85,72,97,102,45" hai1="31,128,54,80,13,25,90,86,43,123,48,5,66" hai2="91,107,132,129,117,4,0,12,65,41,120,56,20" hai3="29,53,40,98,88,116,27,22,76,69,71,126,57"/><V6/><F117/><W46/><G116/><T47/><D72/><U14/><E128/><V79/><F120/><W131/><G131/><T30/><D108/><U68/><E123/><V11/><F129/><W24/><G126/><T10/><D127/><U110/><E110/><V124/><F124/><W2/><G2/><T100/><D100/><U104/><E104/><V70/><F70/><W84/><G76/><T62/><D30/><U122/><E122/><V63/><F79/><W44/><G24/><T42/><D10/><U111/><E111/><V3/><F41/><W81/><G98/><T61/><D17/><U60/><E43/><V112/><F112/><W121/><G121/><T26/><D26/><U78/><E5/><V113/><F113/><W87/><G87/><T94/><D94/><U55/><E78/><V8/><F107/><W39/><G46/><T7/><D7/><U52/><REACH who="1" step="1"/><E48/><AGARI ba="0,0" hai="22,27,29,39,40,44,48,53,57,69,71,81,84,88" machi="48" ten="30,2000,0" yaku="7,1,54,1" doraHai="93" who="3" fromWho="1" sc="240,0,245,-20,193,0,322,20" />
</Scene>
<Scene>
<INIT seed="3,0,0,5,1,28" ten="240,225,193,342" oya="3" hai0="18,99,105,68,55,62,48,97,51,89,9,128,25" hai1="42,118,73,102,90,78,83,71,20,11,96,125,41" hai2="127,2,108,74,19,107,23,110,82,70,30,14,67" hai3="47,123,77,65,15,122,3,81,84,17,76,5,86"/><W45/><G65/><T34/><D128/><U132/><E71/><V1/><F107/><W8/><G47/><T64/><D89/><U59/><E118/><V119/><F70/><W36/><G36/><T63/><D63/><U80/><E125/><V95/><F67/><W88/><G45/><T124/><D124/><U69/><E132/><V26/><F127/><W58/><G58/><T111/><D111/><N who="2" m="42538" /><F95/><W79/><G86/><T126/><D126/><U94/><E69/><V103/><F103/><W92/><G92/><T33/><D51/><U121/><E121/><V60/><F60/><W31/><G31/><T91/><D97/><U4/><E59/><V50/><F50/><W38/><G38/><T54/><D54/><U114/><E114/><V29/><F82/><W93/><G93/><T120/><D120/><U32/><E32/><N who="2" m="20535" /><F74/><W10/><AGARI ba="0,0" hai="3,5,8,10,15,17,76,77,79,81,84,88,122,123" machi="10" ten="30,3000,0" yaku="0,1,54,1" doraHai="28" who="3" fromWho="3" sc="240,-10,225,-10,193,-10,342,30" owari="230,3.0,215,-18.0,183,-32.0,372,47.0" />
</Scene>
</mjloggm>