<mjloggm ver="2.3"><GO type="169" lobby="0"/><UN n0="%E6%96%B0%E6%BD%9F%E3%83%89%E3%83%A9%E3%82%B4%E3%83%B3" n1="%E3%83%8A%E3%82%AB%E3%83%9E%E3%82%B9%E3%83%86%E3%82%A3%E3%83%95" n2="%E5%A4%AA%E3%81%8F%E3%81%AA%E3%81%84%E3%81%8A" n3="%EF%BC%AA%E3%81%AE%E3%83%86%E3%83%BC%E3%83%9E" dan="16,16,18,16" rate="2160.51,2059.17,2208.77,2068.82" sx="M,M,M,M"/><TAIKYOKU oya="0"/>

<Scene>
<INIT seed="0,0,0,2,1,117" ten="250,250,250,250" oya="0" hai0="61,60,66,103,41,30,115,89,44,125,40,71,133" hai1="27,13,78,57,86,11,51,53,130,126,15,106,59" hai2="21,10,36,63,124,64,96,84,77,129,101,18,80" hai3="91,14,68,6,74,50,73,46,111,100,83,70,79"/><T9/><D115/><U135/><E106/><V116/><F36/><W132/><G132/><T131/><D133/><U104/><E104/><V52/><F116/><W118/><G118/><T3/><D103/><U26/><E135/><V121/><F124/><W112/><G112/><T128/><D30/><U92/><E126/><V25/><F129/><N who="0" m="49738" /><D60/><U20/><E130/><V4/><F52/><W12/><G100/><T97/><D125/><U110/><E110/><V58/><F121/><W62/><G111/><T23/><D23/><U123/><E123/><V114/><F114/><W72/><G70/><T99/><D89/><N who="1" m="53303" /><E78/><V17/><F21/><W98/><G62/><T120/><D120/><U95/><E95/><N who="2" m="58527" /><F25/><W85/><G68/><T90/><D90/><U43/><E20/><V69/><F69/><W93/><G6/><N who="0" m="1247" /><D41/><U19/><E43/><V31/><F31/><W24/><G24/><N who="1" m="9258" /><E15/><AGARI ba="0,0" hai="4,10,15,17,18,58,63,64,77,80,84" m="58527" machi="15" ten="30,1000,0" yaku="8,1" doraHai="117" who="2" fromWho="1" sc="250,0,250,-10,250,10,250,0" />
</Scene>
<Scene>
<INIT seed="1,0,0,3,0,127" ten="250,240,260,250" oya="1" hai0="5,120,101,33,108,72,112,27,58,84,91,88,60" hai1="31,59,83,16,119,9,76,55,15,82,52,0,36" hai2="24,131,70,34,68,93,49,21,23,107,28,113,14" hai3="78,79,20,53,130,90,7,81,17,126,6,54,111"/><U94/><E119/><V11/><F107/><W118/><G126/><T25/><D72/><U86/><E36/><V98/><F113/><W103/><G103/><T89/><D112/><U44/><E0/><V135/><F135/><W121/><G111/><T38/><D38/><U13/><E31/><V42/><F42/><W56/><G121/><T67/><D108/><U39/><E39/><V65/><F49/><W32/><G32/><T26/><D120/><U124/><E124/><V117/><F117/><W10/><G118/><T51/><D101/><U29/><E29/><V47/><F47/><W125/><G125/><T45/><D33/><U100/><E82/><V30/><F65/><W8/><G81/><T105/><D105/><U40/><E40/><V106/><F106/><W3/><G3/><T1/><D1/><U46/><E13/><V80/><F80/><W109/><G109/><T4/><REACH who="0" step="1"/><D84/><REACH who="0" ten="240,240,260,250" step="2"/><U129/><E100/><V110/><F110/><W85/><G85/><T115/><D115/><U132/><E86/><V18/><F34/><W64/><G79/><T37/><D37/><U102/><E76/><V35/><F35/><W57/><G78/><T75/><D75/><U66/><E102/><V104/><F104/><W48/><G90/><T123/><D123/><U69/><E132/><V99/><F99/><W63/><G7/><T43/><AGARI ba="0,1" hai="4,5,25,26,27,43,45,51,58,60,67,88,89,91" machi="43" ten="30,7900,0" yaku="1,1,0,1,8,1,54,1,53,0" doraHai="127" doraHaiUra="133" who="0" fromWho="0" sc="240,89,240,-39,260,-20,250,-20" />
</Scene>
<Scene>
<INIT seed="2,0,0,0,5,70" ten="329,201,240,230" oya="2" hai0="33,98,87,3,100,89,82,38,37,131,31,110,24" hai1="79,11,47,134,54,124,15,81,2,103,85,74,112" hai2="9,23,26,128,118,43,62,80,117,32,127,105,77" hai3="104,92,25,13,5,120,42,8,22,59,121,46,95"/><V34/><F105/><W90/><G104/><T132/><D110/><U55/><E112/><V51/><F127/><W125/><G125/><T111/><D111/><U91/><E124/><V108/><F108/><W86/><G95/><T72/><D132/><U107/><E134/><V129/><F62/><W75/><G59/><T106/><D131/><N who="2" m="50250" /><F9/><W102/><G102/><T113/><D113/><U18/><E2/><V0/><F0/><W41/><G41/><T122/><D122/><U50/><E107/><V76/><F51/><W12/><G12/><T7/><REACH who="0" step="1"/><D72/><REACH who="0" ten="319,201,240,230" step="2"/><U67/><E103/><V45/><F118/><W58/><G75/><T126/><D126/><U30/><E74/><V66/><F117/><W35/><G121/><T44/><D44/><U61/><E47/><V63/><F45/><W119/><G46/><T65/><D65/><U49/><E67/><V1/><F43/><W101/><G42/><T78/><D78/><U29/><E79/><V16/><F76/><W123/><G101/><T97/><D97/><U40/><E40/><V36/><F77/><W84/><G119/><T130/><D130/><U116/><E116/><V17/><F66/><W64/><G123/><T52/><D52/><N who="1" m="20011" /><E61/><V69/><F63/><W73/><G64/><T94/><D94/><U53/><E53/><V114/><F114/><W48/><G73/><T83/><D83/><U88/><E91/><V96/><F80/><W99/><G90/><T93/><D93/><U71/><E71/><V14/><F69/><W57/><G92/><T10/><AGARI ba="0,1" hai="3,7,10,24,31,33,37,38,82,87,89,98,100,106" machi="10" ten="30,7900,0" yaku="1,1,0,1,52,2,53,0" doraHai="70" doraHaiUra="135" who="0" fromWho="0" sc="319,89,201,-20,240,-39,230,-20" />
</Scene>
<Scene>
<INIT seed="3,0,0,5,0,24" ten="408,181,201,210" oya="3" hai0="47,60,4,75,81,89,62,73,36,70,65,79,84" hai1="113,48,100,72,97,74,82,63,110,5,93,115,12" hai2="22,116,78,41,107,108,86,64,98,105,87,134,120" hai3="90,16,40,20,124,122,55,8,71,49,56,111,131"/><W1/><G122/><T92/><D4/><U76/><E63/><V69/><F116/><W38/><G131/><T27/><D60/><U11/><E110/><V39/><F108/><W34/><G111/><T32/><D36/><U66/><E66/><V130/><F130/><W19/><G34/><T96/><D47/><U123/><E123/><V114/><F114/><W102/><G102/><T33/><D33/><U88/><E72/><V37/><F120/><W112/><G112/><T31/><AGARI ba="0,0" hai="27,31,32,62,65,70,73,75,79,81,84,89,92,96" machi="31" ten="30,2000,0" yaku="0,1,52,1" doraHai="24" who="0" fromWho="0" sc="408,20,181,-5,201,-5,210,-10" />
</Scene>
<Scene>
<INIT seed="4,0,0,2,2,123" ten="428,176,196,200" oya="0" hai0="77,86,110,116,52,11,43,111,79,16,35,121,39" hai1="125,112,9,134,96,51,49,62,53,48,102,30,70" hai2="88,8,127,68,120,119,115,23,64,87,34,33,95" hai3="31,44,89,65,84,37,72,1,114,75,22,17,107"/><T47/><D116/><U61/><E125/><V80/><F120/><W7/><G107/><T42/><D35/><U130/><E130/><V101/><F127/><W13/><G114/><T92/><D43/><U12/><E134/><V27/><F115/><W131/><G131/><T24/><D121/><U58/><E112/><V117/><F8/><W18/><G65/><T14/><D24/><U135/><E30/><V55/><F55/><W57/><G57/><T32/><D32/><U69/><E135/><V36/><F36/><W129/><G129/><T3/><D3/><U59/><E69/><V103/><F34/><W63/><G63/><T46/><D92/><U4/><E70/><V28/><F33/><W41/><G31/><T132/><D132/><U85/><E85/><V2/><F2/><W109/><G109/><N who="0" m="41483" /><D86/><U21/><E21/><V67/><F95/><W20/><G1/><T25/><D25/><U100/><REACH who="1" step="1"/><E96/><REACH who="1" ten="428,166,196,200" step="2"/><V71/><F71/><W118/><G75/><T10/><D10/><U15/><E15/><V19/><F68/><W66/><G13/><T128/><D128/><U78/><E78/><V0/><F0/><W126/><G72/><T45/><D45/><U91/><E91/><V90/><F90/><W98/><G89/><T6/><D6/><U108/><E108/><V73/><F73/><W5/><G7/><T94/><D94/><U124/><E124/><V40/><F28/><W54/><G5/><T133/><D133/><U38/><E38/><V76/><F88/><W97/><G37/><T60/><D47/><U26/><E26/><V74/><F27/><RYUUKYOKU ba="0,1" sc="428,15,166,15,196,-15,200,-15" hai0="11,14,16,39,42,46,52,60,77,79" hai1="4,9,12,48,49,51,53,58,59,61,62,100,102" />
</Scene>
<Scene>
<INIT seed="4,1,1,5,2,55" ten="443,181,181,185" oya="0" hai0="62,37,53,34,101,96,24,81,31,41,95,125,79" hai1="70,64,87,120,133,0,20,26,93,30,76,4,83" hai2="47,115,29,18,85,23,22,129,5,132,103,42,113" hai3="126,106,8,57,44,33,77,15,78,72,1,40,80"/><T45/><D125/><U90/><E120/><V39/><F132/><W58/><G33/><T3/><D3/><U68/><E133/><V14/><F129/><W19/><G106/><T118/><D118/><U75/><E0/><V10/><F103/><W16/><G126/><T122/><D122/><U35/><E4/><V56/><F29/><W25/><G78/><T46/><D46/><U73/><E64/><V94/><F94/><W100/><G100/><T135/><D135/><U108/><E108/><V54/><F85/><W60/><G60/><T67/><D53/><U105/><E75/><V134/><F134/><W36/><REACH who="3" step="1"/><G1/><REACH who="3" ten="443,181,181,175" step="2"/><T65/><D62/><U13/><E105/><V114/><REACH who="2" step="1"/><F5/><REACH who="2" ten="443,181,171,175" step="2"/><W119/><G119/><T111/><D111/><U98/><E73/><AGARI ba="1,3" hai="24,31,34,37,41,45,65,67,73,79,81,95,96,101" machi="73" ten="30,1500,0" yaku="7,1" doraHai="55" who="0" fromWho="1" sc="443,48,181,-18,171,0,175,0" />
</Scene>
<Scene>
<INIT seed="4,2,0,5,4,90" ten="491,163,171,175" oya="0" hai0="78,56,69,98,18,115,38,43,76,35,31,44,74" hai1="97,27,1,16,73,105,99,41,117,52,119,65,94" hai2="3,124,108,0,15,134,9,89,37,39,121,132,86" hai3="58,66,6,100,12,21,82,4,96,57,11,93,131"/><T107/><D69/><U103/><E73/><V28/><F121/><W109/><G109/><T114/><D74/><U20/><E1/><N who="2" m="587" /><F28/><W64/><G131/><T46/><D46/><U67/><E41/><V116/><F108/><W54/><G58/><T122/><D56/><U79/><E79/><V60/><F60/><W83/><G21/><T130/><D18/><U101/><REACH who="1" step="1"/><E52/><REACH who="1" ten="491,153,171,175" step="2"/><V72/><F72/><W87/><G66/><AGARI ba="2,1" hai="16,20,27,65,66,67,94,97,99,101,103,105,117,119" machi="66" ten="40,8000,1" yaku="1,1,2,1,52,1,54,1,53,0" doraHai="90" doraHaiUra="33" who="1" fromWho="3" sc="491,0,153,96,171,0,175,-86" />
</Scene>
<Scene>
<INIT seed="5,0,0,0,0,42" ten="491,249,171,89" oya="1" hai0="66,92,124,13,46,58,127,115,35,19,45,111,110" hai1="29,128,22,102,55,48,75,108,4,105,106,78,23" hai2="30,99,97,132,5,60,95,17,122,65,6,40,49" hai3="50,2,16,74,134,38,81,68,113,41,117,37,0"/><U103/><E4/><V24/><F122/><W67/><G117/><T71/><D35/><U125/><E78/><V39/><F39/><W109/><G109/><T85/><D71/><U31/><E75/><V59/><F17/><W93/><G134/><T12/><D92/><U90/><E90/><V86/><F86/><W34/><G113/><T101/><D115/><U32/><E32/><V1/><F132/><W25/><G34/><T98/><D85/><U28/><E108/><V62/><F62/><W114/><G114/><T3/><D3/><U89/><E89/><V27/><F1/><W51/><G93/><N who="0" m="58575" /><D58/><U52/><E29/><V121/><F121/><W84/><G74/><T20/><D13/><U133/><E133/><V64/><F97/><W10/><G38/><T72/><D66/><U11/><E11/><V21/><F64/><W118/><G37/><T53/><D53/><U43/><E48/><V112/><F24/><W83/><G118/><T18/><D18/><U57/><E57/><V130/><F112/><W131/><G68/><T8/><D8/><U129/><E43/><V7/><F40/><W96/><G41/><T56/><D56/><U44/><E44/><N who="0" m="17001" /><D72/><U47/><E47/><V54/><F54/><W26/><G2/><T61/><D61/><U15/><E15/><V87/><F60/><W82/><G0/><T126/><AGARI ba="0,0" hai="12,19,20,110,111,124,126,127" m="17001,58575" machi="126" ten="40,8000,1" yaku="18,1,52,3" doraHai="42" who="0" fromWho="0" sc="491,80,249,-40,171,-20,89,-20" />
</Scene>
<Scene>
<INIT seed="6,0,0,1,0,22" ten="571,209,151,69" oya="2" hai0="86,66,120,28,135,77,6,44,97,65,12,50,42" hai1="62,15,19,37,130,95,58,98,80,72,122,79,100" hai2="115,63,40,38,90,48,55,43,57,93,27,108,91" hai3="74,61,29,101,20,124,129,110,49,82,68,118,17"/><V103/><F38/><W11/><G118/><T111/><D28/><U133/><E133/><V134/><F134/><W121/><G110/><T21/><D111/><U81/><E37/><V3/><F108/><W30/><G121/><T87/><D97/><U56/><E130/><V8/><F115/><W128/><G129/><T16/><D6/><U112/><E112/><V116/><F116/><W39/><G128/><T76/><D120/><U123/><E80/><V107/><F107/><W78/><G39/><T104/><D104/><U119/><E119/><V92/><F3/><W69/><G124/><T96/><D96/><U125/><E125/><V73/><F73/><W45/><G101/><T46/><D46/><U7/><E7/><V113/><F113/><W10/><G11/><T60/><D60/><U131/><E131/><V2/><F2/><W114/><G10/><T9/><D9/><N who="1" m="6639" /><E62/><V41/><F8/><W36/><G114/><T132/><D132/><U54/><E54/><V88/><F103/><W84/><G36/><T4/><D4/><U1/><E1/><V25/><F63/><W64/><G74/><T117/><D117/><U26/><E122/><V85/><F90/><W51/><G69/><T14/><D135/><U83/><E123/><V105/><F105/><W94/><G51/><T71/><D71/><U126/><E126/><V67/><F67/><N who="0" m="25610" /><D14/><U0/><E0/><V18/><F18/><W52/><REACH who="3" step="1"/><G94/><REACH who="3" ten="571,209,151,59" step="2"/><T89/><D50/><U33/><E72/><V53/><F48/><W75/><G75/><T35/><D42/><U13/><E100/><V59/><F41/><RYUUKYOKU ba="0,1" sc="571,-15,209,-15,151,15,59,15" hai2="25,27,40,43,53,55,57,59,85,88,91,92,93" hai3="17,20,29,30,45,49,52,61,64,68,78,82,84" />
</Scene>
<Scene>
<INIT seed="6,1,1,4,1,83" ten="556,194,166,74" oya="2" hai0="43,119,51,96,40,57,70,106,15,37,134,45,46" hai1="63,103,104,132,98,89,59,127,1,110,2,64,73" hai2="125,22,135,27,95,66,112,81,19,14,0,24,8" hai3="32,44,68,35,72,107,71,69,31,88,65,10,26"/><V115/><F66/><W102/><G65/><T4/><D4/><U67/><E110/><V50/><F95/><W84/><G10/><T131/><D15/><U109/><E109/><V5/><F50/><W54/><G72/><T133/><D96/><U90/><E73/><V123/><F123/><W130/><G130/><T79/><D79/><U58/><E127/><V52/><F125/><W49/><G102/><T128/><D106/><U11/><E132/><N who="0" m="50793" /><D70/><U97/><E11/><V91/><F135/><W9/><G9/><T28/><D28/><U74/><E74/><V105/><F105/><W47/><G107/><T33/><D33/><U3/><E98/><V116/><F116/><W56/><REACH who="3" step="1"/><G32/><REACH who="3" ten="556,194,166,64" step="2"/><T94/><D119/><U85/><E64/><V82/><F8/><W18/><G18/><T111/><D111/><U39/><E103/><V92/><F5/><W101/><G101/><T62/><D94/><AGARI ba="1,2" hai="26,31,35,44,47,49,54,56,68,69,71,84,88,94" machi="94" ten="40,8000,1" yaku="1,1,52,1,54,1,53,2" doraHai="83" doraHaiUra="42" who="3" fromWho="0" sc="556,-83,194,0,166,0,64,103" />
</Scene>
<Scene>
<INIT seed="7,0,0,0,1,1" ten="473,194,166,167" oya="3" hai0="81,134,44,31,91,0,35,33,41,43,130,58,116" hai1="8,73,110,115,87,50,96,128,27,86,48,124,88" hai2="26,84,36,127,64,51,104,19,2,15,93,65,53" hai3="49,90,118,60,94,57,16,74,114,82,126,103,100"/><W7/><G118/><T11/><D116/><U29/><E73/><V6/><F104/><W66/><G114/><T22/><D58/><U13/><E110/><V121/><F36/><W125/><G49/><T39/><D43/><U24/><E115/><V10/><F127/><N who="3" m="48651" /><G74/><T14/><D0/><U54/><E128/><V123/><F26/><N who="1" m="9769" /><E29/><V37/><F37/><W99/><G82/><T113/><D22/><U85/><E124/><V72/><F72/><W63/><G63/><T25/><D91/><U32/><E32/><V95/><F64/><W21/><G7/><T97/><D81/><U77/><E77/><V3/><F65/><W107/><G107/><T109/><D109/><U111/><E111/><V5/><F2/><W70/><G70/><T38/><D38/><U45/><E50/><V108/><F108/><W78/><G78/><T120/><D113/><U92/><E85/><V133/><F84/><W83/><G83/><T122/><D122/><U59/><E45/><N who="2" m="27887" /><F3/><W20/><G20/><T40/><D120/><N who="2" m="46154" /><F133/><W55/><G55/><T117/><D117/><U69/><E69/><V56/><F56/><W18/><G18/><AGARI ba="0,0" hai="8,13,18,48,54,59,86,87,88,92,96" m="9769" machi="18" ten="30,2000,0" yaku="8,1,54,1" doraHai="1" who="1" fromWho="3" sc="473,0,194,20,166,0,167,-20" owari="473,57.0,214,1.0,166,-23.0,147,-35.0" />
</Scene>
</mjloggm>