<mjloggm ver="2.3"><GO type="169" lobby="0"/><UN n0="%E7%A2%BA%E8%AA%8D%E4%BA%8B%E9%A0%85" n1="%6A%69%7A%6F%75" n2="%65%69%6B%31" n3="%E5%A4%AA%E3%81%8F%E3%81%AA%E3%81%84%E3%81%8A" dan="16,16,16,17" rate="2084.11,2054.06,2106.12,2192.41" sx="M,M,M,F"/><TAIKYOKU oya="0"/>

<Scene>
<INIT seed="0,0,0,3,4,57" ten="250,250,250,250" oya="0" hai0="104,70,35,132,52,77,86,45,16,23,5,81,62" hai1="17,126,50,135,63,26,95,51,32,120,38,59,61" hai2="78,75,105,127,68,85,113,49,93,31,60,111,24" hai3="41,13,128,98,123,6,76,42,119,114,69,134,96"/><T122/><D35/><U133/><E38/><V48/><F113/><W53/><G114/><T12/><D122/><U109/><E120/><V18/><F75/><W92/><G119/><T33/><D33/><U129/><E129/><V118/><F118/><W66/><G123/><T72/><D104/><U106/><E106/><V94/><F105/><W65/><G128/><T88/><D132/><N who="1" m="50763" /><E126/><V37/><F37/><W15/><G134/><T46/><D5/><U40/><E109/><V97/><F111/><W89/><G76/><T25/><D25/><U3/><E3/><V2/><F2/><W58/><G96/><T34/><D34/><U117/><E117/><V21/><F127/><W43/><G69/><T29/><D29/><N who="1" m="19511" /><E59/><V20/><F31/><W124/><G124/><T107/><D107/><U1/><E1/><V116/><F116/><W19/><G6/><T102/><D102/><U9/><E95/><V55/><F94/><W99/><G99/><T27/><D27/><U11/><E40/><V91/><F68/><W74/><G74/><T22/><D22/><U101/><E101/><V7/><F21/><N who="3" m="11503" /><G15/><T73/><D73/><U0/><E0/><V28/><F7/><W64/><G42/><T82/><REACH who="0" step="1"/><D52/><REACH who="0" ten="240,250,250,250" step="2"/><U36/><E11/><V83/><F28/><W14/><G14/><T8/><D8/><U80/><E9/><V90/><F55/><W115/><G115/><T130/><D130/><U108/><E108/><V112/><F112/><W47/><G47/><T125/><D125/><U44/><E44/><V103/><F20/><W10/><G10/><T79/><D79/><RYUUKYOKU ba="0,1" sc="240,15,250,-15,250,-15,250,15" hai0="12,16,23,45,46,62,70,72,77,81,82,86,88" hai3="41,43,53,58,64,65,66,89,92,98" />
</Scene>
<Scene>
<INIT seed="0,1,1,4,4,82" ten="255,235,235,265" oya="0" hai0="38,90,0,74,130,40,66,85,88,28,61,132,83" hai1="3,47,72,78,12,102,39,7,75,93,98,30,124" hai2="97,10,59,123,129,25,27,86,69,68,77,103,8" hai3="80,1,119,19,70,67,60,37,49,2,55,114,32"/><T113/><D113/><U62/><E124/><V31/><F123/><W17/><G114/><T101/><D74/><U56/><E3/><V54/><F129/><W111/><G119/><T23/><D130/><U34/><E78/><V29/><F77/><W22/><G32/><T4/><D101/><U24/><E39/><V45/><F45/><W116/><G116/><T122/><D122/><U106/><E47/><V109/><F109/><W35/><G35/><T92/><D40/><U76/><E76/><V36/><F36/><W15/><G37/><T5/><D38/><U120/><E106/><V51/><F69/><W9/><G111/><T26/><D132/><U46/><E46/><V131/><F68/><W118/><G80/><T57/><REACH who="0" step="1"/><D0/><REACH who="0" ten="245,235,235,265" step="2"/><U110/><E120/><V64/><F103/><W16/><G118/><T71/><D71/><U95/><E110/><V6/><F131/><W11/><G11/><T128/><D128/><U41/><E41/><V43/><F43/><W99/><G1/><T96/><AGARI ba="1,2" hai="4,5,23,26,28,57,61,66,83,85,88,90,92,96" machi="96" ten="20,18000,2" yaku="1,1,0,1,7,1,8,1,52,1,54,1,53,0" doraHai="82" doraHaiUra="112" who="0" fromWho="0" sc="245,203,235,-61,235,-61,265,-61" />
</Scene>
<Scene>
<INIT seed="0,2,0,0,2,88" ten="448,174,174,204" oya="0" hai0="50,0,126,123,42,105,96,56,70,26,44,36,117" hai1="12,39,128,34,84,66,65,110,69,47,133,32,18" hai2="28,101,82,111,121,23,6,58,41,60,20,14,54" hai3="63,55,64,115,77,104,108,35,25,1,3,30,22"/><T16/><D0/><U122/><E122/><V91/><F121/><W81/><G115/><T102/><D123/><U40/><E133/><V85/><F111/><W71/><G108/><T83/><D70/><U37/><E110/><V93/><F41/><W132/><G132/><T78/><D117/><U124/><E128/><V31/><F6/><W131/><G131/><T135/><D135/><U10/><E124/><V79/><F101/><W17/><G55/><T80/><D126/><U94/><E39/><V120/><F120/><W116/><G116/><T21/><REACH who="0" step="1"/><D78/><REACH who="0" ten="438,174,174,204" step="2"/><U59/><E69/><V86/><F14/><W24/><REACH who="3" step="1"/><G104/><REACH who="3" ten="438,174,174,194" step="2"/><T107/><D107/><U76/><E76/><V68/><F68/><W9/><G9/><T52/><AGARI ba="2,2" hai="16,21,26,36,42,44,50,52,56,80,83,96,102,105" machi="52" ten="30,12000,1" yaku="1,1,0,1,54,2,53,1" doraHai="88" doraHaiUra="103" who="0" fromWho="0" sc="438,146,174,-42,174,-42,194,-42" />
</Scene>
<Scene>
<INIT seed="0,3,0,0,1,33" ten="584,132,132,152" oya="0" hai0="117,68,41,116,121,90,81,69,85,73,28,12,11" hai1="71,25,35,39,96,122,93,89,66,59,29,50,45" hai2="58,112,76,0,108,49,57,87,104,40,132,88,15" hai3="110,83,52,126,55,37,91,51,80,94,61,109,43"/><T63/><D121/><U5/><E122/><V125/><F112/><W118/><G118/><T119/><D73/><U75/><E75/><V54/><F104/><W36/><G126/><T23/><D41/><U114/><E114/><V42/><F125/><W32/><G32/><T16/><D63/><U38/><E71/><V17/><F108/><N who="3" m="41579" /><G61/><T77/><D77/><U120/><E120/><V103/><F103/><W62/><G62/><T102/><D102/><U135/><E135/><V9/><F132/><W115/><G115/><T133/><D133/><U8/><E59/><V65/><F0/><W124/><G124/><T3/><REACH who="0" step="1"/><D28/><REACH who="0" ten="574,132,132,152" step="2"/><U56/><E66/><V13/><F76/><W1/><G43/><T30/><D30/><U4/><E56/><V86/><F58/><W107/><G36/><T95/><D95/><U84/><E39/><V14/><F42/><W48/><G37/><T100/><D100/><U78/><E38/><V20/><F40/><W70/><G94/><T26/><D26/><U106/><E78/><V31/><F65/><W19/><G107/><T7/><AGARI ba="3,1" hai="3,7,11,12,16,23,68,69,81,85,90,116,117,119" machi="7" ten="40,12000,1" yaku="1,1,0,1,52,1,54,1,53,0" doraHai="33" doraHaiUra="97" who="0" fromWho="0" sc="574,139,132,-43,132,-43,152,-43" />
</Scene>
<Scene>
<INIT seed="0,4,0,4,2,64" ten="713,89,89,109" oya="0" hai0="34,8,59,118,94,63,122,125,41,104,65,116,10" hai1="86,132,78,66,54,7,19,13,28,51,55,62,44" hai2="56,60,49,22,85,89,117,97,23,69,72,95,105" hai3="46,18,17,83,129,12,40,3,5,38,36,70,2"/><T107/><D34/><U1/><E132/><V43/><F72/><W42/><G129/><T114/><D114/><U58/><E28/><V76/><F117/><W98/><G70/><T92/><D59/><U50/><E7/><V106/><F106/><W37/><G98/><T35/><D35/><U68/><E1/><V52/><F105/><W121/><G121/><T73/><D65/><U90/><E78/><V99/><F69/><W25/><G5/><T112/><D112/><U15/><REACH who="1" step="1"/><E19/><REACH who="1" ten="713,79,89,109" step="2"/><V27/><F76/><W61/><G2/><T110/><D118/><U108/><E108/><V14/><F14/><W100/><G3/><T102/><D110/><U80/><AGARI ba="4,1" hai="13,15,44,50,51,54,55,58,62,66,68,80,86,90" machi="80" ten="20,8000,1" yaku="1,1,0,1,7,1,52,1,53,1" doraHai="64" doraHaiUra="77" who="1" fromWho="1" sc="713,-44,79,102,89,-24,109,-24" />
</Scene>
<Scene>
<INIT seed="1,0,0,5,2,9" ten="669,181,65,85" oya="1" hai0="21,27,45,49,41,10,61,91,14,2,116,92,33" hai1="115,76,132,65,64,126,46,74,29,0,118,89,133" hai2="114,31,97,82,70,106,105,130,68,55,77,120,121" hai3="34,66,38,103,52,56,128,53,37,98,26,20,50"/><U17/><E118/><V71/><F130/><W108/><G34/><T42/><D2/><U131/><E115/><V87/><F114/><W81/><G128/><T51/><D61/><U54/><E0/><V123/><F31/><W36/><G108/><T107/><D107/><U25/><E76/><V127/><F127/><W13/><G66/><T104/><D104/><U19/><E74/><V22/><F97/><W129/><G129/><T88/><D33/><U96/><E131/><V111/><F111/><W122/><G122/><T134/><D134/><N who="1" m="51819" /><E126/><V67/><F67/><N who="1" m="25673" /><E96/><V3/><F3/><W94/><G81/><T135/><D135/><U63/><E89/><V32/><F32/><W62/><G13/><T75/><D75/><U6/><E6/><V86/><F86/><W110/><G110/><T113/><D116/><U80/><E80/><V73/><F73/><W12/><G12/><T7/><D113/><U79/><E79/><V40/><F87/><W47/><REACH who="3" step="1"/><G37/><REACH who="3" ten="669,181,65,75" step="2"/><T43/><D14/><U4/><E4/><V18/><F82/><W57/><G57/><T28/><D7/><U39/><E39/><V59/><F121/><W83/><G83/><T117/><D117/><U24/><E46/><V101/><F123/><W125/><G125/><T78/><D45/><U8/><E8/><V102/><F120/><W30/><AGARI ba="0,1" hai="20,26,30,36,38,47,50,52,53,56,62,94,98,103" machi="30" ten="20,12000,2" yaku="1,1,0,1,7,1,54,1,53,2" doraHai="9" doraHaiUra="69" who="3" fromWho="3" sc="669,-30,181,-60,65,-30,75,130" />
</Scene>
<Scene>
<INIT seed="2,0,0,4,3,133" ten="639,121,35,205" oya="2" hai0="23,121,51,134,58,14,135,34,122,26,103,130,108" hai1="57,46,119,17,80,49,73,64,68,0,90,31,124" hai2="7,84,24,28,88,66,62,125,20,96,83,8,60" hai3="55,16,44,107,93,2,54,109,27,111,70,29,63"/><V1/><F125/><W30/><G107/><T22/><D108/><N who="3" m="41545" /><G2/><T76/><D76/><U128/><E124/><V123/><F123/><W127/><G127/><T75/><D75/><U33/><E0/><V48/><F66/><N who="3" m="41311" /><G93/><T104/><D34/><U41/><E68/><V113/><F113/><W114/><G114/><T72/><D72/><U112/><E112/><V9/><F9/><W59/><G44/><T126/><D126/><U32/><E119/><V13/><F1/><W42/><G42/><T110/><D14/><U78/><E128/><V74/><F74/><W115/><G115/><T129/><D110/><U5/><E5/><V79/><REACH who="2" step="1"/><F48/><REACH who="2" ten="639,121,25,205" step="2"/><N who="3" m="31175" /><G55/><T101/><D51/><U40/><E49/><V3/><F3/><W21/><AGARI ba="0,1" hai="16,21,27,29,30" m="31175,41311,41545" machi="21" ten="30,2000,0" yaku="14,1,54,1" doraHai="133" who="3" fromWho="3" sc="639,-5,121,-5,25,-10,205,30" />
</Scene>
<Scene>
<INIT seed="3,0,0,2,4,133" ten="634,116,15,235" oya="3" hai0="122,82,100,94,6,52,96,15,92,80,110,66,119" hai1="51,88,97,53,56,104,19,29,64,1,99,54,65" hai2="98,128,76,42,124,103,36,68,30,33,102,25,40" hai3="126,55,32,18,7,60,95,130,3,57,12,129,120"/><W112/><G126/><T67/><D119/><U113/><E113/><V109/><F109/><W31/><G112/><T106/><D122/><U17/><E1/><V134/><F134/><W48/><G120/><T93/><D110/><U34/><E29/><V69/><F128/><N who="3" m="49259" /><G3/><T4/><D52/><U26/><E34/><V13/><F103/><W16/><G95/><T22/><D6/><U79/><E79/><V9/><F76/><W47/><G31/><T21/><D21/><U118/><E118/><V72/><F72/><W73/><G32/><T58/><D58/><U89/><E56/><V114/><F114/><W49/><G73/><T117/><D117/><U78/><E78/><V28/><F28/><W132/><G132/><T77/><D82/><U116/><E116/><V85/><F85/><W108/><G49/><T0/><D0/><U27/><REACH who="1" step="1"/><E51/><REACH who="1" ten="634,106,15,235" step="2"/><V131/><F131/><W50/><G50/><T11/><REACH who="0" step="1"/><D22/><REACH who="0" ten="624,106,15,235" step="2"/><U14/><E14/><V62/><F13/><W5/><G108/><T71/><D71/><U91/><E91/><V101/><F69/><W37/><G57/><T39/><D39/><U63/><E63/><V127/><F36/><W81/><G60/><T10/><D10/><U84/><E84/><AGARI ba="0,2" hai="4,11,15,66,67,77,80,84,92,93,94,96,100,106" machi="84" ten="40,2600,0" yaku="1,1,53,1" doraHai="133" doraHaiUra="2" who="0" fromWho="1" sc="624,46,106,-26,15,0,235,0" />
</Scene>
<Scene>
<INIT seed="4,0,0,3,4,8" ten="670,80,15,235" oya="0" hai0="22,127,120,46,122,38,82,92,64,107,121,88,72" hai1="126,40,78,129,108,47,60,102,85,0,63,95,134" hai2="100,24,14,116,66,33,105,80,3,97,112,48,124" hai3="49,9,99,90,104,125,73,41,62,69,15,132,4"/><T130/><D22/><U18/><E0/><V39/><F3/><W26/><G73/><T75/><D46/><U135/><E108/><V28/><F39/><W58/><G69/><T20/><D20/><U96/><E129/><V31/><F112/><W71/><G71/><T51/><D51/><U87/><E126/><V76/><F124/><W84/><G125/><T59/><D59/><U1/><E1/><V117/><F48/><W50/><G132/><N who="1" m="50730" /><E18/><V103/><F31/><W34/><G104/><T11/><D11/><U81/><E87/><V7/><F103/><W115/><G99/><N who="0" m="57735" /><D64/><U56/><E56/><V91/><F66/><W98/><G98/><T53/><D53/><U12/><E12/><V110/><F110/><W93/><G115/><T23/><D127/><U89/><E102/><V57/><F57/><W123/><G58/><T16/><D130/><U52/><E40/><V109/><F109/><W67/><G67/><T35/><D75/><U128/><E128/><V10/><REACH who="2" step="1"/><F91/><REACH who="2" ten="670,80,5,235" step="2"/><W68/><G90/><T30/><D30/><U86/><E96/><V65/><F65/><W27/><G50/><AGARI ba="0,1" hai="47,50,52,60,63,78,81,85,86,89,95" m="50730" machi="50" ten="30,2000,0" yaku="20,1,54,1" doraHai="8" who="1" fromWho="3" sc="670,0,80,30,5,0,235,-20" />
</Scene>
<Scene>
<INIT seed="5,0,0,4,5,17" ten="670,110,5,215" oya="1" hai0="84,96,55,32,78,58,14,66,3,123,103,7,57" hai1="61,130,19,128,133,42,33,43,122,40,45,38,118" hai2="59,9,86,12,119,125,89,115,81,94,67,71,98" hai3="87,113,37,41,62,16,60,10,77,13,99,92,29"/><U25/><E122/><V79/><F119/><W8/><G113/><T129/><D32/><U85/><E118/><V124/><F71/><W121/><G121/><T68/><D3/><U100/><E133/><V83/><F115/><W48/><G37/><T91/><D78/><U69/><E100/><V26/><F26/><W105/><G29/><T49/><D68/><U106/><E106/><V50/><F83/><N who="3" m="47599" /><G105/><T101/><D129/><N who="1" m="49771" /><E85/><V107/><F107/><W104/><G104/><T127/><D127/><N who="2" m="48714" /><F50/><W93/><G10/><T82/><D96/><U63/><E69/><V51/><F51/><W95/><G99/><T27/><D123/><U108/><E108/><V111/><F111/><W39/><G39/><T47/><D103/><U34/><E45/><AGARI ba="0,0" hai="8,13,16,41,45,48,60,62,92,93,95" m="47599" machi="45" ten="30,2000,0" yaku="8,1,54,1" doraHai="17" who="3" fromWho="1" sc="670,0,110,-20,5,0,215,20" />
</Scene>
<Scene>
<INIT seed="6,0,0,1,1,73" ten="670,90,5,235" oya="2" hai0="71,127,38,60,106,43,57,92,89,68,114,31,121" hai1="134,113,5,64,16,85,44,135,119,63,117,133,81" hai2="103,65,95,42,76,78,97,23,51,27,52,120,1" hai3="118,115,20,105,55,3,69,36,84,8,28,93,4"/><V82/><F120/><W22/><G105/><T37/><D92/><U7/><E44/><N who="2" m="26007" /><F1/><W12/><G69/><T25/><D89/><U67/><E113/><V99/><F65/><N who="1" m="25161" /><E63/><V75/><F75/><W13/><G36/><T62/><D25/><U100/><E100/><V11/><F11/><W83/><G118/><N who="1" m="45066" /><E16/><N who="2" m="12775" /><F82/><W45/><G115/><T54/><D127/><U101/><E101/><V50/><F99/><W125/><G125/><T33/><D114/><U34/><E34/><V107/><F107/><W111/><G111/><T30/><D106/><U123/><E123/><V58/><AGARI ba="0,0" hai="50,52,58,76,78,95,97,103" m="12775,26007" machi="58" ten="30,12000,1" yaku="8,1,52,2,54,2" doraHai="73" who="2" fromWho="2" sc="670,-40,90,-40,5,120,235,-40" />
</Scene>
<Scene>
<INIT seed="6,1,0,5,1,52" ten="630,50,125,195" oya="2" hai0="6,90,46,51,117,75,42,114,32,127,41,65,89" hai1="131,88,9,124,38,97,119,17,64,105,78,48,2" hai2="70,108,104,58,55,115,26,96,82,50,91,110,30" hai3="14,134,3,35,99,13,12,16,133,94,66,24,123"/><V79/><F70/><W101/><G123/><T135/><D75/><U130/><E119/><V76/><F115/><W111/><G111/><N who="2" m="42537" /><F104/><W68/><G3/><T116/><D32/><U102/><E38/><V4/><F4/><W47/><G47/><N who="0" m="26103" /><D114/><U85/><E64/><V83/><F96/><W63/><G35/><T15/><D65/><U10/><E124/><V121/><F121/><W7/><G7/><T5/><D135/><N who="3" m="51721" /><G24/><T60/><D60/><U120/><E120/><V118/><F118/><N who="0" m="45674" /><D127/><U44/><E78/><N who="2" m="29739" /><F91/><N who="0" m="34826" /><D15/><U106/><E106/><V0/><F0/><W18/><AGARI ba="1,0" hai="12,13,14,16,18,63,66,68,94,99,101" m="51721" machi="18" ten="40,2700,0" yaku="20,1,54,1" doraHai="52" who="3" fromWho="3" sc="630,-8,50,-8,125,-14,195,30" />
</Scene>
<Scene>
<INIT seed="7,0,0,0,5,42" ten="622,42,111,225" oya="3" hai0="83,27,26,57,78,73,52,119,31,94,112,75,37" hai1="29,71,34,85,107,102,14,79,116,23,54,38,45" hai2="12,4,49,51,61,133,35,93,103,28,105,62,22" hai3="109,46,121,55,90,130,104,1,48,32,72,53,127"/><W43/><G72/><T65/><D37/><U134/><E116/><V33/><F105/><W113/><G1/><T76/><D65/><U97/><E134/><V108/><F108/><W17/><G32/><T120/><D120/><U41/><E54/><V122/><F35/><W59/><G121/><T18/><D119/><U124/><E124/><V25/><F133/><W87/><G104/><T50/><D112/><U117/><E117/><V88/><F103/><W91/><G127/><T7/><D7/><U6/><E79/><V2/><F2/><W95/><G113/><T74/><D94/><U47/><E85/><V115/><F115/><W96/><G130/><T56/><D76/><U114/><E114/><V13/><F33/><W21/><G59/><T30/><D18/><U131/><E131/><V84/><F122/><W39/><G39/><T8/><D8/><U11/><E71/><V106/><F106/><W44/><G44/><T99/><D57/><U100/><E100/><V89/><F89/><W132/><G109/><T111/><D111/><U20/><E45/><V123/><F123/><W3/><G3/><T66/><D74/><U68/><E68/><V36/><F36/><W118/><G132/><T10/><D75/><U15/><E15/><N who="2" m="5707" /><F4/><W19/><G118/><T110/><D56/><U5/><REACH who="1" step="1"/><E6/><REACH who="1" ten="622,32,111,225" step="2"/><V77/><F77/><W126/><G126/><T67/><D110/><U40/><E40/><V58/><F62/><W64/><G43/><T70/><D73/><U9/><E9/><V98/><F84/><W69/><G87/><N who="0" m="48631" /><D10/><U86/><E86/><V0/><F0/><RYUUKYOKU ba="0,1" sc="622,-15,32,15,111,15,225,-15" hai1="5,11,14,20,23,29,34,38,41,47,97,102,107" hai2="22,25,28,49,51,58,61,88,93,98" owari="617,71.0,47,-45.0,126,-27.0,210,1.0" />
</Scene>
</mjloggm>