<mjloggm ver="2.3"><GO type="169" lobby="0"/><UN n0="%68%61%79%61%74%6F%E2%98%86" n1="%E3%81%A0%E3%81%A3%E3%81%A6%E3%81%84%E3%81%86" n2="%63%6F%61" n3="%E5%A4%AA%E3%81%8F%E3%81%AA%E3%81%84%E3%81%8A" dan="17,18,16,17" rate="2124.07,2196.13,2073.35,2143.74" sx="M,M,M,M"/><TAIKYOKU oya="0"/>

<Scene>
<INIT seed="0,0,0,2,0,109" ten="250,250,250,250" oya="0" hai0="37,15,99,1,40,133,79,7,132,32,114,59,125" hai1="45,80,49,104,36,128,74,130,31,111,30,29,107" hai2="54,10,65,61,135,22,63,69,41,110,68,38,101" hai3="19,122,53,131,12,100,26,35,9,78,113,82,87"/><T18/><D32/><U112/><E36/><V43/><F101/><W121/><G131/><N who="1" m="50218" /><E111/><V33/><F33/><W46/><G100/><T73/><D125/><U52/><E112/><V75/><F75/><W115/><G53/><T93/><D7/><U5/><E5/><V51/><F10/><W24/><G46/><T71/><D1/><U105/><E105/><V98/><F98/><W39/><G39/><T16/><D71/><U4/><E4/><V85/><F85/><W118/><G118/><T14/><D114/><N who="3" m="43529" /><G35/><T67/><D79/><AGARI ba="0,0" hai="29,30,31,45,49,52,74,79,80,104,107" m="50218" machi="79" ten="30,2000,0" yaku="19,1,54,1" doraHai="109" who="1" fromWho="0" sc="250,-20,250,20,250,0,250,0" />
</Scene>
<Scene>
<INIT seed="1,0,0,3,0,94" ten="230,270,250,250" oya="1" hai0="45,73,119,111,67,17,132,72,121,60,92,6,116" hai1="31,66,90,62,112,95,87,69,64,27,47,126,54" hai2="44,131,108,52,70,101,98,88,43,16,28,107,78" hai3="15,110,102,37,34,115,113,84,128,81,130,29,61"/><U103/><E126/><V109/><F70/><W74/><G37/><T10/><D17/><U39/><E112/><V2/><F2/><W5/><G74/><T135/><D121/><U75/><E75/><V124/><F124/><W96/><G110/><N who="2" m="42601" /><F78/><N who="3" m="46135" /><G29/><T18/><D18/><U118/><E66/><V117/><F117/><N who="0" m="45130" /><D92/><U134/><E134/><N who="0" m="51241" /><D45/><U9/><E9/><V42/><F131/><N who="3" m="50219" /><G34/><T38/><D38/><U127/><E127/><V49/><F28/><W99/><G61/><T12/><D111/><U14/><E31/><V59/><F44/><W46/><G46/><T123/><D123/><U51/><E39/><V55/><F55/><W80/><G80/><T7/><D7/><U89/><E47/><V77/><F77/><W3/><G3/><T4/><D4/><U24/><E118/><V21/><F88/><W63/><G63/><T83/><D83/><U65/><E90/><V57/><F57/><AGARI ba="0,0" hai="6,10,12,57,60,67,72,73" m="51241,45130" machi="57" ten="30,1000,0" yaku="20,1" doraHai="94" who="0" fromWho="2" sc="230,10,270,0,250,-10,250,0" />
</Scene>
<Scene>
<INIT seed="2,0,0,3,5,90" ten="240,270,240,250" oya="2" hai0="6,125,48,47,62,49,69,117,94,75,96,17,80" hai1="54,26,13,30,11,16,91,119,88,129,5,84,98" hai2="52,106,4,124,10,65,105,46,127,29,37,122,23" hai3="121,99,33,63,53,134,34,20,21,101,3,7,95"/><V57/><F122/><W22/><G121/><T66/><D6/><U32/><E119/><V51/><F29/><W27/><G134/><T15/><D117/><U38/><E129/><V71/><F23/><W86/><G27/><T64/><D64/><U68/><E68/><V59/><F71/><W12/><G3/><T60/><D60/><U55/><E38/><V116/><F116/><W114/><G114/><T61/><D61/><U18/><E98/><V126/><F65/><W1/><G1/><T123/><D125/><U109/><E91/><V35/><F35/><W56/><REACH who="3" step="1"/><G86/><REACH who="3" ten="240,270,240,240" step="2"/><T112/><D123/><U67/><E109/><V110/><F110/><W2/><G2/><T87/><D112/><U78/><E26/><V115/><F115/><W40/><G40/><T9/><D75/><U92/><E30/><V131/><F131/><W118/><G118/><T24/><D24/><U8/><E32/><V58/><F37/><W14/><G14/><AGARI ba="0,1" hai="4,10,14,46,51,52,57,58,59,105,106,124,126,127" machi="14" ten="50,4800,0" yaku="18,1,54,1" doraHai="90" who="2" fromWho="3" sc="240,0,270,0,240,58,240,-48" />
</Scene>
<Scene>
<INIT seed="2,1,0,0,3,23" ten="240,270,298,192" oya="2" hai0="81,34,32,94,31,56,9,128,47,104,45,64,120" hai1="57,10,33,25,0,66,50,60,7,121,26,62,38" hai2="61,75,107,43,101,77,103,71,69,116,52,1,114" hai3="110,100,76,83,90,122,118,48,21,37,124,88,132"/><V22/><F116/><W19/><G37/><T15/><D104/><U108/><E38/><V20/><F114/><W3/><G118/><T85/><D120/><U135/><E121/><V131/><F1/><W123/><G3/><T72/><D72/><U36/><E36/><V95/><F131/><W28/><G28/><T89/><D128/><U27/><E108/><V51/><F107/><W49/><G110/><T105/><D105/><U65/><E50/><V86/><F75/><W79/><G100/><N who="2" m="38473" /><F71/><W54/><G124/><T84/><D32/><U63/><E135/><V17/><F69/><W40/><G132/><T46/><D31/><U11/><E33/><V67/><F43/><W102/><G102/><T8/><D34/><U80/><E10/><V111/><F111/><W109/><G109/><T113/><D113/><U70/><E63/><V18/><F61/><W58/><G123/><T29/><D29/><U117/><REACH who="1" step="1"/><E80/><REACH who="1" ten="240,260,298,192" step="2"/><N who="2" m="47375" /><F67/><W12/><G122/><T4/><D8/><U134/><E134/><V16/><F95/><W96/><G83/><T133/><D133/><U39/><E39/><V126/><F126/><W93/><REACH who="3" step="1"/><G90/><REACH who="3" ten="240,260,298,182" step="2"/><T5/><D81/><U24/><N who="1" m="6144" /><DORA hai="44" /><U6/><E6/><V112/><F112/><W119/><G119/><AGARI ba="1,2" hai="0,7,11,57,60,62,65,66,70,117,119" m="6144" machi="119" ten="50,12000,2" yaku="1,1,52,4,53,1" doraHai="23,44" doraHaiUra="55,98" who="1" fromWho="3" sc="240,0,260,143,298,0,182,-123" />
</Scene>
<Scene>
<INIT seed="3,0,0,4,4,5" ten="240,403,298,59" oya="3" hai0="129,65,16,29,127,86,40,80,77,64,56,59,96" hai1="90,85,110,109,99,118,126,63,33,11,89,75,61" hai2="21,9,13,79,36,105,20,120,41,73,121,103,76" hai3="133,83,106,125,1,119,43,46,7,68,98,12,52"/><W8/><G119/><T130/><D29/><U82/><E118/><V95/><F105/><W122/><G122/><N who="2" m="47209" /><F41/><W6/><G68/><T60/><D40/><U37/><E33/><V74/><F36/><W26/><G133/><T45/><D45/><U47/><E126/><V100/><F79/><W15/><G125/><T111/><D111/><N who="1" m="42507" /><E75/><N who="2" m="28683" /><F76/><W66/><G66/><T102/><D127/><U70/><E70/><V132/><F132/><W134/><G134/><T28/><D28/><U44/><E37/><V32/><F32/><W81/><G26/><T78/><D78/><U39/><E39/><V24/><F95/><W54/><G43/><T50/><D65/><U101/><E90/><V135/><F135/><W94/><G106/><T115/><D115/><U27/><E27/><V58/><F58/><W92/><G1/><T84/><D56/><U23/><E23/><N who="2" m="8779" /><F24/><W2/><G2/><T128/><D59/><U88/><E89/><V17/><AGARI ba="0,0" hai="9,13,17,100,103" m="8779,28683,47209" machi="17" ten="40,2700,0" yaku="13,1,52,1" doraHai="5" who="2" fromWho="2" sc="240,-7,403,-7,298,27,59,-13" />
</Scene>
<Scene>
<INIT seed="4,0,0,4,0,2" ten="233,396,325,46" oya="0" hai0="59,3,109,20,95,35,88,117,13,125,27,104,29" hai1="16,53,18,24,105,10,1,82,96,98,25,107,51" hai2="15,75,85,78,64,26,46,57,79,67,77,118,121" hai3="21,80,7,93,68,132,115,34,99,81,66,90,61"/><T110/><D104/><U6/><E105/><V43/><F121/><W84/><G34/><T0/><D117/><U126/><E126/><V41/><F118/><W71/><G115/><T54/><D125/><U106/><E106/><V101/><F75/><W4/><G132/><T28/><D28/><U22/><E82/><V86/><F101/><W56/><G81/><T127/><D127/><U33/><E107/><V40/><F46/><W70/><REACH who="3" step="1"/><G21/><REACH who="3" ten="233,396,325,36" step="2"/><T65/><D110/><U42/><E33/><V63/><F26/><W60/><G60/><T83/><D109/><U108/><E24/><V62/><F15/><W120/><G120/><T135/><D83/><U133/><E25/><V74/><F74/><W100/><AGARI ba="0,1" hai="4,7,56,61,66,68,70,71,80,84,90,93,99,100" machi="100" ten="30,7900,0" yaku="1,1,0,1,52,2,53,0" doraHai="2" doraHaiUra="112" who="3" fromWho="3" sc="233,-39,396,-20,325,-20,36,89" />
</Scene>
<Scene>
<INIT seed="5,0,0,5,3,54" ten="194,376,305,125" oya="1" hai0="58,4,77,64,127,10,65,37,59,48,8,55,18" hai1="66,99,128,107,126,31,118,5,109,87,30,1,90" hai2="130,116,117,133,38,111,114,22,85,97,40,49,41" hai3="125,79,42,28,93,81,60,106,23,102,32,98,19"/><U122/><E122/><V46/><F111/><W34/><G125/><T29/><D37/><U115/><E118/><V132/><F130/><W16/><G42/><T78/><D127/><U131/><E126/><V135/><F97/><W3/><G3/><T110/><D29/><U74/><E74/><V44/><F85/><W63/><G106/><T26/><D110/><U45/><E109/><V124/><F22/><W96/><G96/><T103/><D103/><U43/><E66/><N who="0" m="25705" /><D4/><U76/><E76/><N who="0" m="29289" /><D8/><U89/><E30/><V120/><F124/><W105/><G105/><T82/><D82/><U92/><E31/><V100/><F100/><W33/><G28/><T25/><D25/><U80/><E107/><V83/><F83/><W11/><G11/><T15/><D26/><U129/><E5/><V35/><F35/><W73/><REACH who="3" step="1"/><G19/><REACH who="3" ten="194,376,305,115" step="2"/><T24/><D24/><AGARI ba="0,1" hai="16,23,24,32,33,34,60,63,73,79,81,93,98,102" machi="24" ten="40,5200,0" yaku="1,1,2,1,54,1,53,0" doraHai="54" doraHaiUra="121" who="3" fromWho="0" sc="194,-52,376,0,305,0,115,62" />
</Scene>
<Scene>
<INIT seed="6,0,0,4,5,32" ten="142,376,305,177" oya="2" hai0="106,112,90,91,92,42,3,57,71,25,123,119,69" hai1="45,1,51,74,61,2,104,99,102,39,94,98,105" hai2="132,133,16,109,17,85,60,26,72,120,29,65,48" hai3="70,36,130,107,108,115,49,54,80,78,114,117,18"/><V43/><F72/><W67/><G108/><T83/><D106/><U131/><E74/><V14/><F120/><W66/><G117/><T118/><D123/><U11/><E39/><V22/><F109/><W122/><G122/><T44/><D57/><U73/><E73/><V89/><F48/><W121/><G121/><T125/><D125/><U86/><E131/><V103/><F103/><W12/><G107/><T55/><D55/><U8/><E86/><V46/><F46/><N who="3" m="27959" /><G70/><T135/><D25/><U62/><E51/><V33/><F43/><W87/><G36/><N who="0" m="21575" /><D112/><N who="3" m="43049" /><G130/><T88/><D135/><U79/><E45/><V10/><F89/><N who="0" m="34410" /><D83/><U64/><E102/><V50/><F50/><W100/><G100/><T41/><D41/><U47/><E47/><V95/><F95/><W110/><G110/><T75/><D75/><U82/><E82/><V20/><F85/><W111/><G111/><T93/><D93/><U63/><E94/><V77/><F77/><W9/><AGARI ba="0,0" hai="9,12,18,66,67,78,80,87" m="43049,27959" machi="9" ten="30,2000,0" yaku="15,1,11,1" doraHai="32" who="3" fromWho="3" sc="142,-5,376,-5,305,-10,177,20" />
</Scene>
<Scene>
<INIT seed="7,0,0,3,0,2" ten="137,371,295,197" oya="3" hai0="93,118,5,89,42,41,3,107,119,120,18,10,87" hai1="73,32,82,90,95,1,105,121,59,71,133,125,135" hai2="132,122,31,25,109,12,100,84,94,128,64,103,27" hai3="52,55,7,65,13,130,45,75,20,34,15,70,101"/><W48/><G34/><T81/><D120/><U53/><E71/><V68/><F109/><W111/><G75/><T40/><D107/><U39/><E39/><V4/><F27/><W110/><G130/><T38/><D38/><U30/><E105/><V78/><F132/><W88/><G101/><T29/><D29/><U117/><E121/><V16/><F128/><W74/><G74/><T35/><D35/><U106/><E106/><V124/><F124/><W123/><G123/><T129/><D129/><U36/><E36/><V115/><F115/><W85/><G70/><T97/><REACH who="0" step="1"/><D18/><REACH who="0" ten="127,371,295,197" step="2"/><U44/><E32/><V49/><F31/><W6/><G111/><T37/><D37/><U92/><E30/><V104/><F104/><W50/><G110/><T72/><D72/><U67/><E73/><V17/><F17/><N who="3" m="10287" /><G65/><T46/><D46/><U43/><E44/><V24/><F64/><W47/><G15/><T79/><AGARI ba="0,1" hai="3,5,10,40,41,42,79,81,87,89,93,97,118,119" machi="79" ten="30,4000,0" yaku="1,1,0,1,52,1,53,0" doraHai="2" doraHaiUra="26" who="0" fromWho="0" sc="127,50,371,-10,295,-10,197,-20" owari="177,-22.0,361,45.0,285,9.0,177,-32.0" />
</Scene>
</mjloggm>