<mjloggm ver="2.3"><GO type="169" lobby="0"/><UN n0="%E3%81%8A%E3%81%98%E3%81%95%E3%82%93" n1="%E3%81%92%E3%82%93%E3%81%9F%E3%82%8D%EF%BD%9E" n2="%E5%A4%AA%E3%81%8F%E3%81%AA%E3%81%84%E3%81%8A" n3="%E3%81%B3%E3%82%8A%E3%81%B3%E3%82%8A%E2%98%86%E3%83%93%E3%83%AA%E3%83%BC" dan="17,17,17,18" rate="2173.04,2160.24,2144.84,2263.97" sx="M,M,M,M"/><TAIKYOKU oya="0"/>

<Scene>
<INIT seed="0,0,0,3,3,107" ten="250,250,250,250" oya="0" hai0="114,25,76,21,108,94,66,15,68,95,14,54,100" hai1="16,41,61,130,20,124,117,58,26,53,126,105,96" hai2="28,6,35,27,122,135,38,118,75,42,101,1,81" hai3="13,89,119,88,127,36,90,98,73,7,56,134,8"/><T82/><D114/><U91/><E117/><V85/><F122/><W19/><G119/><T23/><D108/><U22/><E130/><V92/><F118/><W77/><G36/><T60/><D54/><U79/><E41/><V112/><F112/><W51/><G134/><T109/><D109/><U9/><E9/><V86/><F135/><W132/><G132/><T31/><D23/><U125/><E79/><N who="2" m="44287" /><F92/><W110/><G110/><T123/><D123/><U116/><E116/><V39/><F101/><W64/><G127/><T59/><D68/><U129/><E129/><V121/><F39/><W74/><G77/><T93/><REACH who="0" step="1"/><D100/><REACH who="0" ten="240,250,250,250" step="2"/><N who="1" m="62599" /><E20/><V69/><F69/><W67/><G98/><T78/><D78/><U47/><E125/><V4/><F121/><W106/><G67/><T71/><D71/><U37/><E126/><V120/><F120/><W83/><G64/><T10/><D10/><U84/><E124/><V49/><F35/><W43/><G43/><T46/><D46/><U12/><E47/><V99/><F42/><W80/><G106/><T113/><D113/><U34/><E34/><V70/><F70/><W72/><REACH who="3" step="1"/><G7/><REACH who="3" ten="240,250,250,240" step="2"/><T0/><D0/><U24/><E37/><V111/><F38/><W11/><G11/><T133/><D133/><U102/><E102/><V50/><F111/><W29/><G29/><T30/><D30/><U62/><E53/><AGARI ba="0,2" hai="8,13,19,51,53,56,72,73,74,80,83,88,89,90" machi="53" ten="50,8000,1" yaku="1,1,52,3,54,1,53,0" doraHai="107" doraHaiUra="97" who="3" fromWho="1" sc="240,0,250,-80,250,0,240,100" />
</Scene>
<Scene>
<INIT seed="1,0,0,3,5,25" ten="240,170,250,340" oya="1" hai0="131,65,49,113,24,54,70,112,57,109,15,85,104" hai1="95,27,96,52,111,22,91,29,101,74,32,98,134" hai2="17,103,40,118,19,87,100,5,110,80,35,76,12" hai3="78,108,14,83,26,89,115,71,42,47,81,128,13"/><U82/><E134/><V69/><F118/><W122/><G115/><N who="0" m="44107" /><D85/><U102/><E111/><V130/><F69/><W4/><G122/><T84/><D84/><U7/><E7/><V86/><F35/><W37/><G71/><T44/><D15/><U34/><E102/><N who="2" m="38955" /><F110/><W120/><G128/><T94/><D94/><U18/><E18/><V31/><F130/><W21/><G120/><T77/><D77/><U56/><E74/><V117/><F117/><W68/><G68/><T45/><D24/><U33/><E82/><N who="2" m="47431" /><F40/><W119/><G119/><T135/><D104/><U61/><REACH who="1" step="1"/><E34/><REACH who="1" ten="240,160,250,340" step="2"/><V126/><F5/><W50/><G4/><T48/><D109/><U10/><E10/><V38/><F17/><W97/><G108/><T59/><D135/><U93/><AGARI ba="0,1" hai="22,27,29,32,33,52,56,61,91,93,95,96,98,101" machi="93" ten="20,18000,2" yaku="1,1,0,1,7,1,52,1,54,1,53,2" doraHai="25" doraHaiUra="92" who="1" fromWho="1" sc="240,-60,160,190,250,-60,340,-60" />
</Scene>
<Scene>
<INIT seed="1,1,0,2,5,123" ten="180,350,190,280" oya="1" hai0="108,0,52,65,98,4,107,3,91,70,54,69,21" hai1="118,53,18,28,25,64,57,127,56,7,13,113,89" hai2="60,128,14,19,86,17,84,24,78,36,61,87,63" hai3="112,34,62,45,67,94,115,117,27,40,129,35,51"/><U93/><E113/><V73/><F36/><W68/><G129/><T92/><D107/><U22/><E118/><V114/><F128/><W125/><G117/><T66/><D4/><U81/><E127/><V121/><F121/><W59/><G125/><T122/><D122/><U55/><E81/><V44/><F114/><W29/><G35/><T85/><D21/><U75/><E75/><V9/><F73/><W11/><G11/><T135/><D135/><U26/><E7/><V124/><F124/><W5/><G5/><T96/><D85/><N who="1" m="52399" /><E64/><V99/><F99/><W104/><G94/><T41/><D92/><U2/><E2/><V83/><REACH who="2" step="1"/><F44/><REACH who="2" ten="180,350,180,280" step="2"/><W132/><G132/><T38/><D38/><U23/><E26/><V126/><F126/><W50/><G115/><T71/><D71/><U106/><E106/><V76/><F76/><W6/><G112/><T47/><D47/><U133/><E133/><V15/><F15/><W32/><G104/><T116/><D116/><U130/><E130/><V95/><F95/><W119/><G119/><T103/><D70/><U12/><E12/><V8/><F8/><W82/><G82/><T134/><D69/><U1/><E1/><V88/><F88/><W48/><G68/><T33/><D0/><U97/><E97/><V58/><F58/><AGARI ba="1,1" hai="13,18,22,23,25,28,53,55,56,57,58" m="52399" machi="58" ten="30,1500,0" yaku="8,1" doraHai="123" who="1" fromWho="2" sc="180,0,350,28,180,-18,280,0" />
</Scene>
<Scene>
<INIT seed="1,2,0,2,4,39" ten="180,378,162,280" oya="1" hai0="97,42,81,11,17,82,85,100,8,14,23,58,29" hai1="47,69,63,135,113,105,112,18,19,131,56,26,130" hai2="114,68,109,110,48,50,120,41,96,80,104,123,121" hai3="94,103,102,30,52,84,67,5,118,4,55,86,99"/><U2/><E105/><V116/><F80/><W74/><G74/><T7/><D42/><U108/><E2/><V34/><F34/><W83/><G118/><T31/><D58/><U79/><E69/><V87/><F87/><W75/><G75/><T111/><D111/><N who="2" m="42506" /><F104/><W91/><G67/><T95/><D11/><U124/><E108/><V129/><F96/><W71/><G71/><T3/><REACH who="0" step="1"/><D82/><REACH who="0" ten="170,378,162,280" step="2"/><U134/><E56/><V46/><F116/><W117/><G117/><T115/><D115/><U76/><E47/><N who="2" m="25711" /><F68/><W33/><G83/><T28/><D28/><U107/><E112/><V9/><F9/><W73/><G30/><T22/><D22/><U37/><E113/><V106/><F114/><W27/><G33/><T119/><D119/><U98/><E135/><V101/><F129/><W61/><G4/><T59/><D59/><U128/><E134/><V126/><F126/><W38/><G5/><T1/><D1/><U70/><E124/><V127/><F127/><W45/><G45/><T43/><D43/><U72/><E130/><V32/><F32/><W93/><G55/><T51/><D51/><U21/><E131/><V90/><F50/><W12/><G52/><T24/><D24/><U40/><E128/><V16/><F46/><W88/><G27/><T15/><D15/><U35/><E35/><V78/><F16/><W54/><G12/><T89/><AGARI ba="2,1" hai="3,7,8,14,17,23,29,31,81,85,89,95,97,100" machi="89" ten="20,2700,0" yaku="1,1,0,1,7,1,53,0" doraHai="39" doraHaiUra="36" who="0" fromWho="0" sc="170,43,378,-15,162,-9,280,-9" />
</Scene>
<Scene>
<INIT seed="2,0,0,2,5,26" ten="213,363,153,271" oya="2" hai0="16,90,76,77,48,56,19,100,18,108,29,112,23" hai1="97,86,44,132,28,14,109,98,119,134,10,81,126" hai2="65,122,87,61,73,68,33,9,39,0,127,114,67" hai3="43,15,11,21,85,74,80,51,72,32,113,84,3"/><V124/><F73/><W105/><G32/><T53/><D108/><U54/><E119/><V110/><F114/><W129/><G105/><T130/><D112/><U36/><E109/><V115/><F115/><W66/><G113/><T95/><D130/><U101/><E126/><N who="2" m="48171" /><F110/><W128/><G3/><T35/><D35/><U34/><E36/><V123/><F39/><W103/><G103/><T13/><D100/><U40/><E40/><V45/><F33/><W50/><G66/><T8/><D29/><U22/><E34/><V4/><F45/><W5/><G85/><N who="0" m="52687" /><D19/><N who="1" m="8663" /><E101/><V107/><F107/><W58/><G72/><T135/><D135/><U30/><E30/><V131/><F131/><W102/><G74/><T111/><D111/><U91/><E134/><V41/><F41/><W57/><G102/><T125/><D125/><U133/><E133/><V118/><F118/><W104/><G104/><T89/><D89/><U31/><E132/><V12/><F67/><W49/><G43/><T62/><D62/><U2/><E31/><V1/><F87/><W99/><G99/><T69/><D69/><U93/><E98/><V37/><F37/><W117/><G117/><T79/><D76/><U75/><E75/><V88/><F88/><N who="3" m="51207" /><G129/><T38/><D38/><U7/><E97/><V64/><F64/><W6/><G128/><T83/><D83/><U52/><E81/><V82/><F82/><W60/><G60/><T106/><D106/><U25/><E44/><V92/><F92/><W59/><G5/><T20/><D18/><U46/><E46/><V27/><F27/><W55/><G55/><RYUUKYOKU ba="0,0" sc="213,0,363,0,153,0,271,0" hai0="8,13,16,20,23,48,53,56,77,79" hai1="2,7,22,25,28,52,54,86,91,93" hai2="0,1,4,9,12,61,65,68,122,123" hai3="6,11,15,21,49,50,51,57,58,59" />
</Scene>
<Scene>
<INIT seed="2,1,0,0,2,48" ten="213,363,153,271" oya="2" hai0="107,110,16,133,120,90,100,67,33,89,119,77,106" hai1="39,124,131,49,1,98,86,46,50,84,64,6,52" hai2="82,5,44,83,128,72,75,94,79,71,43,59,27" hai3="69,60,85,31,76,108,12,29,74,127,30,45,22"/><V7/><F71/><W36/><G74/><T25/><D120/><U9/><E39/><V38/><F128/><W0/><G0/><T102/><D119/><U28/><E131/><V2/><F94/><W62/><G108/><T97/><D110/><U105/><E124/><V99/><F99/><W78/><G127/><T109/><D109/><U58/><E28/><V57/><F27/><W24/><G69/><T118/><D118/><U116/><E116/><V26/><F26/><W47/><G12/><T104/><D133/><U17/><E17/><V129/><F129/><W13/><G13/><T15/><D67/><U132/><E132/><V55/><F57/><W122/><G122/><T91/><D77/><N who="3" m="29801" /><G85/><T41/><D41/><U114/><E114/><V68/><F82/><W123/><G36/><T70/><D70/><U125/><E125/><V35/><F35/><W19/><G123/><T103/><D25/><U37/><E37/><V8/><F7/><W111/><G111/><T92/><REACH who="0" step="1"/><D33/><REACH who="0" ten="203,363,153,271" step="2"/><U88/><E64/><V11/><F68/><W21/><G31/><T96/><D96/><U54/><REACH who="1" step="1"/><E105/><REACH who="1" ten="203,353,153,271" step="2"/><V73/><REACH who="2" step="1"/><F11/><AGARI ba="1,2" hai="11,15,16,89,90,91,92,97,100,102,103,104,106,107" machi="11" ten="50,6400,0" yaku="1,1,54,1,53,1" doraHai="48" doraHaiUra="10" who="0" fromWho="2" sc="203,87,353,0,153,-67,271,0" />
</Scene>
<Scene>
<INIT seed="3,0,0,0,4,123" ten="290,353,86,271" oya="3" hai0="22,61,8,91,98,88,67,55,120,25,29,17,106" hai1="104,1,82,126,95,117,121,128,73,130,86,12,107" hai2="79,116,37,5,112,74,34,11,10,87,14,26,3" hai3="101,81,77,89,23,32,18,42,96,63,132,47,13"/><W102/><G32/><T33/><D120/><U129/><E1/><V78/><F112/><W30/><G132/><T50/><D8/><U40/><E121/><V39/><F116/><W68/><G30/><T45/><D106/><N who="1" m="40491" /><E40/><V56/><F74/><W66/><G89/><T2/><D2/><U36/><E36/><V124/><F124/><W65/><G65/><T75/><D75/><U72/><E126/><V133/><F133/><W21/><G96/><T118/><D118/><U83/><E12/><V125/><F125/><W58/><G23/><T103/><D103/><U80/><E117/><V114/><F114/><W43/><G68/><T92/><D91/><AGARI ba="0,0" hai="72,73,80,82,83,86,91,95,128,129,130" m="40491" machi="91" ten="40,5200,0" yaku="19,1,34,2" doraHai="123" who="1" fromWho="0" sc="290,-52,353,52,86,0,271,0" />
</Scene>
<Scene>
<INIT seed="4,0,0,2,3,7" ten="238,405,86,271" oya="0" hai0="44,58,48,99,89,106,82,1,36,5,131,20,46" hai1="50,95,76,41,12,108,0,45,61,40,79,52,116" hai2="126,109,9,51,113,93,69,15,55,14,128,25,77" hai3="92,68,13,134,104,98,122,43,129,84,37,11,72"/><T64/><D131/><U118/><E0/><V121/><F109/><W35/><G72/><T32/><D32/><U117/><E108/><V53/><F121/><W23/><G35/><T120/><D120/><U17/><E95/><V96/><F69/><W2/><G68/><T71/><D71/><U19/><E19/><V60/><F128/><W73/><G73/><T21/><D36/><U112/><E112/><V119/><F113/><W124/><G2/><T97/><D106/><U110/><E110/><V94/><F126/><W57/><G104/><T18/><D1/><U130/><E130/><V42/><F119/><W80/><G129/><T102/><D5/><U70/><E41/><V8/><F77/><W111/><G111/><T3/><D3/><U107/><E107/><V100/><F25/><W38/><G38/><T56/><D102/><U31/><E31/><V86/><F42/><W4/><G124/><T132/><D132/><U47/><E70/><V78/><F60/><W62/><G134/><T28/><D28/><U65/><E65/><V67/><F67/><W49/><G37/><T87/><D46/><U33/><E33/><V59/><F55/><W133/><G133/><T81/><D81/><U30/><E30/><V34/><F34/><W75/><G75/><T16/><D21/><N who="1" m="11431" /><E47/><V88/><F78/><W105/><G105/><T10/><D18/><U127/><E127/><V135/><F135/><W74/><G74/><T114/><D20/><U24/><E24/><V29/><F29/><W103/><G122/><T54/><D87/><U63/><E40/><V83/><F86/><RYUUKYOKU type="nm" ba="0,0" sc="238,-40,405,-20,86,-20,271,80" hai1="45,50,52,61,63,76,79,116,117,118" />
</Scene>
<Scene>
<INIT seed="5,1,0,5,4,51" ten="198,385,66,351" oya="1" hai0="79,109,25,122,118,41,1,73,68,36,19,86,14" hai1="4,81,21,100,76,6,72,44,85,65,97,82,121" hai2="90,62,3,131,107,112,129,96,22,33,91,15,134" hai3="49,32,89,110,132,66,71,95,10,135,54,16,46"/><U7/><E121/><V101/><F3/><W67/><G110/><T126/><D109/><U45/><E65/><V75/><F33/><W12/><G32/><T24/><D1/><U116/><E21/><V42/><F42/><W103/><G103/><T37/><D73/><U29/><E29/><V30/><F30/><W2/><G2/><T56/><D68/><U106/><REACH who="1" step="1"/><E116/><REACH who="1" ten="198,375,66,351" step="2"/><V130/><F134/><N who="3" m="51243" /><G71/><T40/><D118/><U5/><N who="1" m="1024" /><DORA hai="117" /><U120/><E120/><V23/><F112/><W9/><G9/><T114/><D122/><U8/><E8/><V47/><F22/><W35/><G35/><T0/><D0/><U77/><AGARI ba="1,1" hai="44,45,72,76,77,81,82,85,97,100,106" m="1024" machi="77" ten="40,7800,0" yaku="1,1,0,1,53,1" doraHai="51,117" doraHaiUra="70,105" who="1" fromWho="1" sc="198,-27,375,91,66,-27,351,-27" />
</Scene>
<Scene>
<INIT seed="5,2,0,5,1,48" ten="171,466,39,324" oya="1" hai0="68,27,95,115,81,132,85,56,113,13,128,76,24" hai1="78,33,79,67,59,32,122,37,65,93,34,119,109" hai2="3,23,47,4,66,62,131,30,19,108,6,71,25" hai3="53,82,101,77,55,111,36,60,127,126,21,91,45"/><U38/><E119/><V75/><F108/><W92/><G111/><T135/><D68/><U18/><E109/><V15/><F75/><W54/><G101/><T2/><D2/><U7/><E122/><V121/><F121/><W94/><G60/><T105/><D105/><U106/><E106/><V107/><F131/><W86/><G21/><T90/><D128/><U80/><E7/><V96/><F3/><W40/><REACH who="3" step="1"/><G94/><REACH who="3" ten="171,466,39,314" step="2"/><T84/><D95/><U123/><E93/><V73/><F73/><W11/><G11/><T10/><D10/><U16/><E123/><V99/><F47/><W118/><G118/><T44/><D44/><U70/><E34/><V63/><F63/><W97/><AGARI ba="2,1" hai="36,40,45,53,54,55,77,82,86,91,92,97,126,127" machi="97" ten="30,8000,1" yaku="1,1,0,1,52,3,53,0" doraHai="48" doraHaiUra="31" who="3" fromWho="3" sc="171,-22,466,-42,39,-22,314,96" />
</Scene>
<Scene>
<INIT seed="6,0,0,4,4,77" ten="149,424,17,410" oya="2" hai0="31,52,51,110,13,59,96,71,22,6,27,57,83" hai1="104,9,119,37,109,8,60,64,12,78,24,54,61" hai2="105,43,130,21,113,118,48,50,134,84,11,135,14" hai3="94,2,125,20,129,40,90,63,53,98,62,107,44"/><V124/><F118/><W131/><G2/><T73/><D71/><U74/><E104/><V56/><F105/><W25/><G125/><T97/><D110/><U30/><E37/><V33/><F33/><W23/><G107/><T65/><D83/><U34/><E109/><V0/><F124/><W66/><G53/><N who="0" m="31935" /><D65/><U86/><E74/><V39/><F113/><W47/><G23/><N who="0" m="15871" /><D73/><U93/><E119/><V67/><F0/><W121/><G121/><T87/><D87/><U45/><E64/><V117/><F117/><W29/><G47/><T32/><D32/><U133/><E86/><V99/><F99/><W120/><G120/><T85/><D85/><U15/><E45/><N who="2" m="23807" /><F21/><W69/><REACH who="3" step="1"/><G63/><REACH who="3" ten="149,424,17,400" step="2"/><N who="0" m="36327" /><D22/><U126/><E126/><V81/><F67/><W10/><G10/><AGARI ba="0,1" hai="6,10,13,96,97" m="36327,15871,31935" machi="10" ten="30,2000,0" yaku="8,1,54,1" doraHai="77" who="0" fromWho="3" sc="149,30,424,0,17,0,400,-20" />
</Scene>
<Scene>
<INIT seed="7,0,0,2,3,16" ten="179,424,17,380" oya="3" hai0="27,125,5,70,97,18,107,30,90,67,73,13,61" hai1="79,63,56,35,10,47,74,113,62,111,75,124,99" hai2="54,68,28,105,37,101,71,25,59,52,66,53,12" hai3="109,58,129,116,80,120,127,14,49,65,81,38,24"/><W43/><G116/><T128/><D73/><U57/><E35/><V126/><F12/><W44/><G120/><T48/><D5/><U39/><E111/><V2/><F2/><W42/><G109/><T40/><D40/><U110/><E110/><V95/><F105/><W50/><G129/><T112/><D48/><U77/><E113/><V9/><F9/><W130/><G130/><T76/><D76/><U118/><E99/><V32/><F32/><W98/><G127/><T84/><D112/><U20/><E10/><V41/><F95/><W117/><G117/><T89/><D128/><U86/><E86/><V115/><F101/><W23/><G14/><T85/><D125/><U102/><E102/><V119/><F25/><W83/><G98/><T132/><D132/><U51/><E51/><V0/><F28/><W82/><N who="3" m="20480" /><DORA hai="122" /><W17/><REACH who="3" step="1"/><G43/><REACH who="3" ten="179,424,17,370" step="2"/><T11/><D97/><U4/><E118/><V29/><F0/><W72/><G72/><T96/><D96/><U15/><E124/><V131/><F131/><W45/><G45/><T78/><D13/><U55/><E75/><V121/><F126/><W92/><G92/><T103/><D107/><U1/><E74/><V33/><F119/><W93/><G93/><T19/><D103/><U34/><E1/><V94/><F121/><W3/><G3/><T6/><D85/><U46/><E46/><N who="2" m="23855" /><F94/><W22/><G22/><T26/><D84/><U104/><E104/><V108/><F108/><W31/><G31/><T133/><D30/><U123/><E123/><V69/><F115/><W36/><G36/><T87/><D87/><RYUUKYOKU ba="0,1" sc="179,-10,424,-10,17,-10,370,30" hai3="17,23,24,38,42,44,49,50,58,65" />
</Scene>
<Scene>
<INIT seed="7,1,1,3,3,133" ten="169,414,7,400" oya="3" hai0="8,43,90,17,105,103,82,58,108,115,60,71,11" hai1="125,113,22,123,135,40,46,59,91,28,39,7,72" hai2="1,97,130,53,78,3,61,35,77,114,122,69,84" hai3="95,99,96,50,127,63,55,48,65,121,34,88,117"/><W5/><G117/><T44/><D71/><U86/><E72/><V2/><F84/><W14/><G121/><T111/><D115/><U100/><E123/><V85/><F85/><N who="3" m="52623" /><G127/><T74/><D103/><U54/><E113/><V24/><F53/><W68/><G68/><T106/><D106/><U128/><E7/><V81/><F81/><W66/><G34/><T26/><D105/><U42/><E42/><V112/><F112/><W124/><G124/><T76/><D90/><U64/><E125/><V30/><F114/><W23/><G50/><T36/><D60/><U18/><E135/><V83/><F122/><W27/><G14/><T118/><D58/><U62/><E100/><V37/><F130/><W87/><G87/><T98/><D44/><U92/><E28/><V79/><F37/><W41/><G5/><T15/><D36/><U131/><REACH who="1" step="1"/><E64/><REACH who="1" ten="169,404,7,400" step="2"/><N who="3" m="24682" /><G41/><T0/><D76/><U52/><E52/><V56/><F69/><W9/><G63/><T134/><D98/><U32/><E32/><V31/><F97/><W57/><G9/><T51/><D82/><U102/><E102/><V6/><F83/><W67/><G67/><T109/><D15/><AGARI ba="1,2" hai="15,18,22,39,40,46,54,59,62,86,91,92,128,131" machi="15" ten="40,1300,0" yaku="1,1,53,0" doraHai="133" doraHaiUra="93" who="1" fromWho="0" sc="169,-16,404,36,7,0,400,0" owari="153,-25.0,440,54.0,7,-49.0,400,20.0" />
</Scene>
</mjloggm>