<mjloggm ver="2.3"><GO type="169" lobby="0"/><UN n0="%E3%83%86%E3%83%AC%E3%83%93%E3%81%A3%E5%AD%90" n1="%E5%AE%AE%E6%9C%AC%E4%BE%86%E5%A4%8F" n2="%E5%A4%AA%E3%81%8F%E3%81%AA%E3%81%84%E3%81%8A" n3="%E8%A3%8F%E6%8A%95%E3%81%92%E4%B8%80%E6%9C%AC" dan="17,18,18,16" rate="2158.67,2239.07,2223.16,2078.98" sx="M,F,M,M"/><TAIKYOKU oya="0"/>

<Scene>
<INIT seed="0,0,0,4,0,15" ten="250,250,250,250" oya="0" hai0="131,87,25,123,117,82,63,43,108,121,86,100,130" hai1="135,84,42,32,20,112,6,53,118,116,62,70,8" hai2="66,37,64,90,7,61,88,73,50,60,124,52,83" hai3="9,76,109,35,127,77,132,51,75,95,47,55,101"/><T107/><D43/><U44/><E32/><V11/><F37/><W68/><G35/><T1/><D1/><U29/><E135/><V40/><F124/><W57/><G68/><T4/><D4/><U3/><E112/><V36/><F36/><W56/><G109/><T128/><D63/><U16/><E29/><V38/><F38/><W31/><G31/><T89/><D25/><U19/><E42/><V14/><F40/><W26/><G26/><T99/><D117/><U72/><E72/><V104/><F104/><W28/><G28/><T13/><D13/><U10/><E10/><V30/><F30/><W134/><G127/><T98/><D108/><U79/><E70/><V102/><F102/><W34/><G34/><T94/><REACH who="0" step="1"/><D87/><REACH who="0" ten="240,250,250,250" step="2"/><U67/><E62/><V129/><F61/><W103/><G134/><T114/><D114/><U24/><E116/><V71/><F66/><W58/><G132/><T33/><D33/><U111/><E67/><V2/><F2/><W39/><G39/><T5/><D5/><U45/><E118/><V46/><REACH who="2" step="1"/><F129/><REACH who="2" ten="240,250,240,250" step="2"/><W21/><G51/><T115/><D115/><U113/><E113/><V78/><AGARI ba="0,2" hai="7,11,14,46,50,52,60,64,71,73,78,83,88,90" machi="78" ten="30,8000,1" yaku="1,1,2,1,0,1,54,2,53,0" doraHai="15" doraHaiUra="133" who="2" fromWho="2" sc="240,-40,250,-20,240,100,250,-20" />
</Scene>
<Scene>
<INIT seed="1,0,0,3,3,73" ten="200,230,340,230" oya="1" hai0="59,106,20,66,113,95,58,123,107,87,23,48,3" hai1="11,75,105,122,51,101,26,6,93,86,126,44,14" hai2="17,53,56,80,16,117,50,10,35,31,5,69,127" hai3="104,97,130,132,38,57,54,12,0,25,92,109,108"/><U85/><E122/><V47/><F69/><W128/><G0/><T111/><D3/><U43/><E126/><V81/><F117/><W89/><G38/><T8/><D8/><U46/><E75/><V99/><F127/><W1/><G1/><T78/><D123/><U121/><E121/><V60/><F35/><W28/><G12/><T19/><D113/><U2/><E105/><V124/><F31/><W22/><G132/><T77/><D111/><N who="3" m="42569" /><G104/><T91/><D107/><U49/><E26/><V114/><F124/><W62/><AGARI ba="0,0" hai="22,25,28,54,57,62,89,92,97,128,130" m="42569" machi="62" ten="30,1100,0" yaku="14,1" doraHai="73" who="3" fromWho="3" sc="200,-3,230,-5,340,-3,230,11" />
</Scene>
<Scene>
<INIT seed="2,0,0,2,5,87" ten="197,225,337,241" oya="2" hai0="8,66,34,89,88,60,18,2,73,20,0,55,57" hai1="77,104,125,86,61,68,84,94,110,48,27,4,75" hai2="7,45,132,49,25,53,72,41,28,9,64,81,5" hai3="71,97,40,122,67,12,99,16,17,124,65,100,22"/><V33/><F132/><W106/><G122/><T36/><D34/><U133/><E104/><V56/><F64/><W103/><G40/><T74/><D36/><U31/><E133/><V58/><F58/><W43/><G43/><T115/><D115/><U39/><E39/><V69/><F69/><W6/><G6/><T32/><D32/><U10/><E110/><V24/><F24/><W1/><G1/><T98/><D73/><U85/><E125/><V126/><F126/><W112/><G124/><T76/><D74/><U131/><E131/><V101/><F101/><W117/><G117/><T83/><D98/><U50/><E75/><V38/><REACH who="2" step="1"/><F9/><REACH who="2" ten="197,225,327,241" step="2"/><W78/><G100/><T118/><D8/><U59/><E68/><V120/><F120/><W93/><G103/><T26/><D118/><U129/><E10/><V127/><F127/><W102/><G102/><T29/><D66/><U116/><E116/><V108/><F108/><W119/><G67/><T46/><D46/><U111/><E111/><V42/><F42/><W21/><G65/><T134/><D134/><U80/><E27/><V90/><F90/><W11/><G11/><T92/><D89/><U44/><E59/><V114/><F114/><W19/><G71/><T79/><D0/><U107/><E44/><V3/><F3/><W123/><G123/><T109/><D2/><U95/><E107/><V51/><F51/><W91/><G106/><T52/><D109/><U121/><E50/><V62/><F62/><W30/><G112/><T113/><D60/><U82/><E61/><V63/><F63/><W128/><G119/><RYUUKYOKU ba="0,1" sc="197,-10,225,-10,327,30,241,-10" hai2="5,7,25,28,33,38,41,45,49,53,56,72,81" />
</Scene>
<Scene>
<INIT seed="2,1,1,4,2,99" ten="187,215,357,231" oya="2" hai0="35,77,109,111,110,53,17,62,15,95,82,42,33" hai1="40,75,122,25,66,19,102,22,133,74,45,26,6" hai2="114,41,16,4,54,84,65,126,130,21,32,43,108" hai3="129,76,117,87,56,60,127,96,125,106,20,128,63"/><V57/><F32/><W37/><G37/><T7/><D7/><U104/><E133/><V18/><F114/><W55/><G117/><T71/><D42/><U34/><E122/><V67/><F4/><W113/><G20/><T134/><D134/><U81/><E6/><V116/><F116/><W119/><G119/><T69/><D95/><U38/><E66/><N who="2" m="25099" /><F130/><N who="3" m="50283" /><G87/><N who="0" m="48591" /><D62/><U103/><E104/><V8/><F126/><N who="3" m="48139" /><G76/><T14/><D53/><U85/><E34/><N who="0" m="12809" /><D15/><U1/><E1/><V0/><F41/><W89/><G89/><T59/><D59/><U3/><E3/><V47/><F43/><W52/><G113/><T73/><D73/><U92/><E26/><V98/><F57/><N who="3" m="34855" /><G96/><T124/><D124/><U70/><E75/><V10/><F98/><W107/><AGARI ba="1,1" hai="55,56,63,106,107" m="34855,48139,50283" machi="107" ten="40,5200,0" yaku="19,1,18,1,54,1" doraHai="99" who="3" fromWho="3" sc="187,-14,215,-14,357,-27,231,65" />
</Scene>
<Scene>
<INIT seed="3,0,0,1,5,38" ten="173,201,330,296" oya="3" hai0="103,69,29,22,37,117,58,64,99,114,126,32,130" hai1="24,18,54,61,90,13,102,35,51,105,42,12,83" hai2="85,26,20,46,49,50,133,78,5,52,59,108,67" hai3="15,77,39,91,33,65,123,132,107,95,82,101,135"/><W128/><G33/><T110/><D117/><U57/><E105/><V62/><F108/><W17/><G65/><T16/><D110/><U93/><E102/><V21/><F133/><N who="3" m="51275" /><G123/><T100/><D37/><U84/><E35/><V124/><F124/><W97/><G39/><T63/><D126/><U86/><E24/><V19/><F5/><W27/><G27/><T81/><D130/><U106/><E106/><V131/><F131/><W66/><G66/><T98/><D114/><U125/><E125/><V30/><F21/><W56/><G56/><T47/><D32/><U94/><E13/><V44/><F78/><W134/><G128/><T112/><D29/><U60/><E93/><V68/><F85/><N who="3" m="52719" /><G17/><T40/><D112/><U80/><E80/><V129/><F129/><W111/><G111/><T36/><D81/><U87/><E83/><V23/><REACH who="2" step="1"/><F49/><REACH who="2" ten="173,201,320,296" step="2"/><W48/><G48/><T74/><D74/><U104/><E51/><V127/><F127/><W0/><G134/><T4/><D4/><U28/><E84/><V2/><F2/><W118/><G0/><T25/><D99/><U1/><E87/><V109/><F109/><W122/><G118/><T120/><D120/><U113/><E1/><V71/><F71/><W88/><G122/><T41/><D69/><U8/><E113/><V89/><F89/><W53/><G88/><T9/><D9/><U116/><E8/><V43/><F43/><N who="0" m="16458" /><D98/><U70/><E70/><V96/><F96/><W55/><G97/><T34/><D34/><U92/><E104/><V45/><F45/><W6/><G107/><T3/><D3/><RYUUKYOKU ba="0,1" sc="173,15,201,-15,320,15,296,-15" hai0="16,22,25,36,47,58,63,64,100,103" hai2="19,20,23,26,30,44,46,50,52,59,62,67,68" />
</Scene>
<Scene>
<INIT seed="4,1,1,5,4,10" ten="188,186,335,281" oya="0" hai0="64,125,12,7,99,58,101,59,4,131,129,55,0" hai1="90,28,84,25,114,83,110,120,61,13,52,105,118" hai2="24,135,100,103,80,2,37,5,11,104,85,3,41" hai3="35,126,76,117,107,69,49,26,20,16,88,30,67"/><T27/><D125/><U62/><E118/><V9/><F135/><W42/><G117/><T94/><D0/><U63/><E120/><V96/><F103/><W8/><G107/><T47/><D27/><U71/><E110/><V18/><F37/><W128/><G76/><T23/><D64/><U113/><E105/><V21/><F41/><W57/><G128/><N who="0" m="49227" /><D47/><U46/><E71/><V36/><F36/><W95/><G69/><T72/><D72/><U111/><E111/><V98/><F98/><W40/><G8/><T14/><D59/><U109/><E109/><V124/><F124/><W31/><G126/><T81/><D81/><U22/><E46/><V1/><F11/><W17/><G31/><T33/><D33/><U75/><E75/><V48/><F48/><W39/><G39/><T66/><D66/><U50/><E50/><V86/><F86/><W51/><G49/><N who="0" m="31087" /><D23/><U65/><E65/><V60/><F60/><N who="3" m="38287" /><G35/><T116/><D116/><U15/><E52/><V134/><F134/><W115/><G115/><AGARI ba="1,1" hai="13,15,22,25,28,61,62,63,83,84,90,113,114,115" machi="115" ten="40,8000,1" yaku="15,1,11,1,52,2" doraHai="10" who="1" fromWho="3" sc="188,0,186,93,335,0,281,-83" />
</Scene>
<Scene>
<INIT seed="5,0,0,4,4,10" ten="188,279,335,198" oya="1" hai0="27,123,61,113,41,24,119,102,16,118,31,70,12" hai1="120,72,50,11,32,132,46,111,15,88,14,98,43" hai2="40,94,99,114,69,108,21,6,81,47,26,124,30" hai3="18,115,84,66,28,3,80,63,90,135,48,51,134"/><U29/><E120/><V76/><F108/><W125/><G3/><T34/><D123/><U53/><E111/><V100/><F124/><W130/><G115/><T78/><D113/><U62/><E72/><V4/><F69/><W59/><G28/><T64/><D41/><U75/><E75/><V36/><F114/><W45/><G130/><T117/><D78/><U93/><E132/><V106/><F106/><W1/><G1/><T133/><D133/><N who="3" m="50697" /><G125/><T22/><D102/><U83/><E83/><V107/><F107/><W56/><G56/><T19/><REACH who="0" step="1"/><D118/><REACH who="0" ten="178,279,335,198" step="2"/><U74/><E74/><AGARI ba="0,1" hai="4,6,21,26,30,36,40,47,74,76,81,94,99,100" machi="74" ten="30,1000,0" yaku="7,1" doraHai="10" who="2" fromWho="1" sc="178,0,279,-10,335,20,198,0" />
</Scene>
<Scene>
<INIT seed="6,0,0,1,0,58" ten="178,269,355,198" oya="2" hai0="80,121,126,65,117,22,47,15,35,74,4,130,10" hai1="78,8,6,105,16,37,133,85,110,62,127,49,132" hai2="83,106,118,120,25,43,89,109,88,54,68,19,12" hai3="27,53,87,1,90,95,48,103,102,9,45,17,26"/><V76/><F118/><W128/><G128/><T20/><D35/><U50/><E37/><V46/><F106/><W104/><G104/><T52/><D117/><U99/><E110/><V119/><F119/><W0/><G0/><T81/><D130/><U11/><E127/><V14/><F68/><W71/><G71/><T107/><D107/><U129/><E129/><V86/><F120/><W97/><G1/><T30/><D126/><U122/><E122/><V23/><F54/><W41/><G41/><T34/><D121/><U29/><E29/><V84/><F109/><W72/><G72/><T44/><D65/><U77/><E99/><V91/><REACH who="2" step="1"/><F84/><REACH who="2" ten="178,269,345,198" step="2"/><W82/><G103/><T134/><D74/><U108/><E85/><V94/><F94/><W75/><G75/><T2/><D52/><U18/><E105/><V42/><F42/><W66/><G66/><T60/><D81/><U70/><E70/><V124/><F124/><W55/><G53/><T31/><D80/><U64/><E108/><V5/><F5/><W96/><G97/><T111/><D111/><U114/><E64/><V73/><F73/><W36/><G96/><T13/><D4/><U112/><E6/><V113/><F113/><W92/><G102/><T79/><D134/><U69/><E69/><V24/><F24/><W123/><G123/><T125/><D125/><U51/><E51/><AGARI ba="0,1" hai="12,14,19,23,25,43,46,51,76,83,86,88,89,91" machi="51" ten="40,7700,0" yaku="1,1,8,1,54,1,53,0" doraHai="58" doraHaiUra="28" who="2" fromWho="1" sc="178,0,269,-77,345,87,198,0" />
</Scene>
<Scene>
<INIT seed="6,1,0,5,1,109" ten="178,192,432,198" oya="2" hai0="129,69,96,115,21,75,133,95,59,116,106,58,86" hai1="112,11,65,25,30,24,51,122,14,56,3,29,64" hai2="31,35,87,12,127,74,117,114,53,8,0,77,121" hai3="49,119,110,16,103,17,63,128,70,52,48,130,18"/><V33/><F87/><W10/><G110/><T28/><D75/><U131/><E3/><V22/><F53/><W82/><G119/><T61/><D116/><U54/><E131/><N who="3" m="50218" /><G103/><T9/><D129/><U45/><E122/><V104/><F104/><W57/><G82/><T62/><D133/><U6/><E112/><V42/><F42/><W76/><G76/><T108/><D108/><U47/><E47/><V36/><F77/><W123/><G123/><T44/><D115/><U19/><E6/><V84/><F36/><W4/><G70/><T97/><D69/><U85/><E85/><V90/><F90/><W15/><AGARI ba="1,0" hai="4,10,15,16,17,18,48,49,52,57,63" m="50218" machi="15" ten="30,4000,0" yaku="19,1,54,2" doraHai="109" who="3" fromWho="3" sc="178,-11,192,-11,432,-21,198,43" />
</Scene>
<Scene>
<INIT seed="7,0,0,5,3,15" ten="167,181,411,241" oya="3" hai0="85,22,80,129,29,99,50,86,121,42,68,38,133" hai1="112,25,113,103,11,118,120,53,93,114,64,54,6" hai2="7,10,62,101,34,102,18,111,19,95,32,71,43" hai3="88,61,126,92,16,135,65,63,2,72,12,27,79"/><W124/><G2/><T14/><D121/><U59/><E120/><V105/><F111/><W4/><G4/><T9/><D133/><U44/><E118/><V24/><F43/><W67/><G72/><T28/><D68/><U78/><E78/><V30/><F34/><W48/><G79/><T20/><D38/><U66/><E25/><V1/><F95/><W98/><G135/><T23/><D99/><N who="1" m="59887" /><E44/><V33/><F33/><W70/><G27/><T109/><D109/><U90/><E90/><V116/><F116/><W130/><G48/><T36/><D36/><U58/><E58/><V76/><F76/><W84/><G98/><T17/><D129/><U3/><E54/><V73/><F73/><W40/><G40/><T104/><D104/><U94/><E94/><V117/><F117/><W127/><G130/><T56/><D80/><U31/><E31/><N who="0" m="11849" /><D42/><U81/><E81/><V13/><F105/><W122/><G122/><T37/><D37/><U107/><E107/><V123/><F123/><W0/><G0/><T125/><D125/><U41/><E41/><V110/><F7/><W108/><G108/><T83/><D83/><U115/><N who="1" m="28672" /><DORA hai="26" /><U131/><E131/><V39/><F62/><AGARI ba="0,0" hai="3,6,11,53,59,62,64,66" m="28672,59887" machi="62" ten="60,2000,0" yaku="15,1" doraHai="15,26" who="1" fromWho="2" sc="167,0,181,20,411,-20,241,0" owari="167,-33.0,201,-20.0,391,49.0,241,4.0" />
</Scene>
</mjloggm>