<mjloggm ver="2.3"><GO type="169" lobby="0"/><UN n0="%E3%81%A1%E3%81%B3%E3%81%B2%E3%82%88" n1="%E5%A4%AA%E3%81%8F%E3%81%AA%E3%81%84%E3%81%8A" n2="%28%EF%BC%BE%CF%89%EF%BC%BE%29%E3%81%8A%E3%81%89%E3%82%93" n3="%4D%72%2E%6E%69%6B%75%39" dan="16,17,16,16" rate="2099.88,2143.60,2131.62,2160.75" sx="M,M,F,M"/><TAIKYOKU oya="0"/>

<Scene>
<INIT seed="0,0,0,5,0,67" ten="250,250,250,250" oya="0" hai0="17,80,104,91,124,43,107,29,88,100,70,59,54" hai1="112,95,30,81,39,75,114,123,26,135,49,34,79" hai2="33,117,32,24,25,86,113,116,69,87,78,97,82" hai3="36,93,21,45,77,38,83,134,105,115,126,8,132"/><T122/><D122/><U60/><E39/><V23/><F113/><N who="1" m="43625" /><E123/><V96/><F23/><W31/><G105/><T27/><D124/><U62/><E135/><V63/><F63/><N who="1" m="24105" /><E95/><V85/><F85/><W14/><G115/><T42/><D17/><U109/><E49/><V64/><F64/><W99/><G126/><T108/><D108/><AGARI ba="0,0" hai="26,30,34,75,79,81,108,109" m="24105,43625" machi="108" ten="30,1000,0" yaku="11,1" doraHai="67" who="1" fromWho="0" sc="250,-10,250,10,250,0,250,0" />
</Scene>
<Scene>
<INIT seed="1,0,0,1,5,98" ten="240,260,250,250" oya="1" hai0="106,111,27,134,105,75,13,11,26,40,68,44,102" hai1="108,74,86,76,89,57,113,55,56,51,116,3,33" hai2="85,78,71,125,65,110,25,5,119,34,8,48,103" hai3="124,120,4,101,80,28,97,17,133,10,19,21,54"/><U104/><E113/><V72/><F119/><W61/><G120/><T94/><D75/><U122/><E116/><V2/><F125/><W109/><G124/><T18/><D68/><U43/><E122/><V6/><F6/><W60/><G109/><T82/><D111/><U83/><E108/><V29/><F110/><W20/><G80/><T90/><D134/><U50/><E3/><V126/><F126/><W117/><G117/><T130/><D130/><U9/><E33/><V115/><F115/><W99/><G133/><T107/><D82/><U64/><E104/><V23/><F85/><W92/><G97/><T45/><D102/><U93/><E9/><V62/><F48/><W37/><G37/><T128/><D128/><U53/><E64/><V63/><F63/><N who="3" m="24139" /><G28/><T112/><D112/><U100/><E43/><V87/><F87/><W47/><G4/><T52/><D44/><U79/><E79/><V7/><F7/><W36/><G36/><T88/><D52/><U12/><E12/><V84/><F84/><W95/><G95/><T31/><D94/><U22/><E22/><N who="3" m="8810" /><G10/><T38/><REACH who="0" step="1"/><D31/><REACH who="0" ten="230,260,250,250" step="2"/><U114/><E114/><V96/><F29/><W77/><G77/><T91/><AGARI ba="0,1" hai="11,13,18,26,27,38,40,45,88,90,91,105,106,107" machi="91" ten="40,8000,1" yaku="1,1,2,1,0,1,54,1,53,0" doraHai="98" doraHaiUra="127" who="0" fromWho="0" sc="230,90,260,-40,250,-20,250,-20" />
</Scene>
<Scene>
<INIT seed="2,0,0,4,5,12" ten="320,220,230,230" oya="2" hai0="39,28,128,5,21,75,105,95,50,81,125,97,57" hai1="130,119,20,96,126,68,103,67,16,83,47,72,69" hai2="71,82,73,56,44,36,26,60,85,79,29,92,23" hai3="61,54,89,17,41,1,104,15,7,124,94,131,38"/><V37/><F71/><W123/><G104/><T64/><D105/><U62/><E119/><V43/><F92/><W48/><G123/><T99/><D39/><U24/><E130/><V10/><F10/><W55/><G38/><T49/><D128/><U129/><E129/><V3/><F3/><W135/><G131/><T87/><D75/><U108/><E108/><V84/><REACH who="2" step="1"/><F37/><REACH who="2" ten="320,220,220,230" step="2"/><W134/><G1/><T78/><D95/><U0/><E0/><V59/><F59/><W30/><G134/><T111/><D57/><U66/><E69/><V109/><F109/><W80/><G135/><T76/><D111/><U77/><E68/><V132/><F132/><W51/><G94/><T33/><D81/><U100/><E83/><V6/><F6/><W31/><G7/><T133/><D5/><U22/><E103/><V93/><F93/><W118/><G80/><T58/><D133/><U63/><E100/><V40/><F40/><W4/><G4/><T65/><D58/><U101/><E101/><V116/><F116/><W14/><G41/><T42/><D42/><U102/><E102/><V120/><F120/><W117/><G118/><T13/><D78/><U19/><E77/><V107/><F107/><W74/><G117/><T53/><D76/><U113/><E96/><V25/><F25/><W122/><G122/><T91/><D99/><U110/><E24/><V45/><F45/><W46/><G46/><T18/><D97/><U121/><E121/><V2/><F2/><W27/><G27/><T9/><D9/><U52/><E110/><V106/><F106/><W70/><G70/><RYUUKYOKU ba="0,1" sc="320,-10,220,-10,220,30,230,-10" hai2="23,26,29,36,43,44,56,60,73,79,82,84,85" />
</Scene>
<Scene>
<INIT seed="2,1,1,3,4,120" ten="310,210,250,220" oya="2" hai0="72,81,7,78,132,79,53,2,3,103,80,4,59" hai1="5,128,33,12,22,56,32,28,91,109,34,18,65" hai2="101,85,37,102,122,107,100,11,41,83,86,19,15" hai3="95,84,21,45,73,52,49,39,60,35,96,110,118"/><V0/><F122/><W23/><G118/><T62/><D132/><U76/><E76/><V105/><F0/><W43/><G73/><T64/><D103/><U129/><E91/><V123/><F123/><W127/><G35/><T38/><D38/><U114/><E65/><V92/><F92/><W1/><G127/><T133/><D133/><U111/><E56/><V58/><F58/><N who="3" m="34887" /><G39/><T70/><D2/><U89/><E89/><V90/><REACH who="2" step="1"/><F86/><REACH who="2" ten="310,210,240,220" step="2"/><W17/><G1/><T106/><D3/><U104/><E104/><V77/><F77/><W47/><G84/><T125/><D106/><U124/><E124/><V82/><F82/><W10/><G95/><T40/><D125/><U112/><E5/><V36/><F36/><W57/><G57/><T42/><D4/><U31/><E114/><V13/><F13/><W130/><G96/><T54/><D7/><U71/><E112/><V74/><F74/><W75/><G75/><T20/><D72/><U93/><E93/><V29/><F29/><N who="1" m="11337" /><E71/><V6/><F6/><W25/><G17/><T16/><D70/><U126/><E126/><V87/><F87/><W94/><G94/><T108/><D79/><U14/><E14/><V134/><F134/><W67/><G25/><N who="0" m="14471" /><D78/><U26/><E26/><V48/><F48/><W135/><G49/><T44/><D80/><U98/><E98/><V121/><F121/><W131/><G135/><T55/><D81/><U88/><E88/><V46/><AGARI ba="1,2" hai="11,15,19,37,41,46,83,85,90,100,101,102,105,107" machi="46" ten="30,3000,0" yaku="1,1,0,1,53,0" doraHai="120" doraHaiUra="116" who="2" fromWho="2" sc="310,-11,210,-11,240,53,220,-11" />
</Scene>
<Scene>
<INIT seed="2,2,0,2,2,25" ten="299,199,293,209" oya="2" hai0="135,2,57,98,52,33,106,78,97,131,56,114,105" hai1="20,45,87,123,40,125,46,13,62,9,90,44,29" hai2="110,43,63,27,112,11,86,89,118,94,17,82,30" hai3="24,81,8,61,47,132,53,18,23,75,92,113,72"/><V4/><F118/><W37/><G132/><T19/><D2/><U129/><E129/><V12/><F112/><W127/><G127/><T111/><D114/><U74/><E74/><V76/><F110/><W21/><G113/><T50/><D111/><U128/><E128/><V38/><F38/><W59/><G8/><T5/><D131/><U66/><E125/><V32/><F63/><W70/><G70/><T80/><D5/><U55/><E123/><V117/><F117/><W58/><G81/><T42/><D42/><U84/><E55/><V64/><F64/><W120/><G120/><T99/><D33/><U48/><E20/><V60/><F60/><W51/><G37/><T88/><D135/><U83/><E84/><V104/><F43/><W85/><G59/><T71/><D71/><U35/><E35/><V133/><F133/><W79/><G23/><T115/><D115/><U107/><E107/><V109/><F104/><W69/><G69/><T103/><D106/><U3/><E3/><V26/><F109/><W119/><G119/><T22/><D57/><N who="1" m="37199" /><E29/><V34/><F26/><W68/><G68/><T16/><D19/><AGARI ba="2,0" hai="9,13,19,40,44,45,46,48,83,87,90" m="37199" machi="19" ten="30,1000,0" yaku="8,1" doraHai="25" who="1" fromWho="0" sc="299,-16,199,16,293,0,209,0" />
</Scene>
<Scene>
<INIT seed="3,0,0,3,2,105" ten="283,215,293,209" oya="3" hai0="83,47,48,122,125,102,35,77,124,106,54,55,44" hai1="19,114,79,115,60,27,100,128,3,95,69,117,104" hai2="97,11,15,87,26,82,94,120,49,38,135,78,50" hai3="74,39,111,107,20,73,59,109,96,53,23,9,46"/><W81/><G9/><T113/><D35/><U132/><E3/><V118/><F118/><W98/><G46/><T86/><D122/><U88/><E117/><V32/><F38/><W89/><G39/><T22/><D113/><U7/><E7/><V10/><F135/><W18/><G23/><T91/><D22/><U119/><E119/><V133/><F133/><W93/><G107/><T29/><D29/><U116/><E116/><V51/><F120/><W84/><G98/><N who="0" m="61783" /><D91/><U112/><E132/><V13/><F32/><W42/><G42/><N who="0" m="24599" /><D47/><U2/><E128/><V121/><F26/><W52/><G18/><T131/><D131/><U108/><E108/><N who="3" m="41546" /><G20/><T126/><AGARI ba="0,0" hai="54,55,77,83,86,124,125,126" m="24599,61783" machi="126" ten="30,1100,0" yaku="18,1" doraHai="105" who="0" fromWho="0" sc="283,11,215,-3,293,-3,209,-5" />
</Scene>
<Scene>
<INIT seed="4,0,0,5,1,6" ten="294,212,290,204" oya="0" hai0="42,92,130,20,83,95,1,105,45,116,112,120,21" hai1="106,90,134,32,110,77,34,98,53,80,73,132,87" hai2="119,11,97,40,60,127,79,39,96,74,26,122,29" hai3="68,66,82,128,4,124,91,65,38,36,50,101,35"/><T131/><D120/><U72/><E53/><V62/><F122/><W76/><G35/><T10/><D116/><U44/><E44/><V69/><F127/><W12/><G124/><T22/><D105/><U0/><E0/><V100/><F11/><W3/><G3/><T84/><D112/><U103/><E110/><V55/><F119/><W2/><G101/><T57/><D57/><U5/><E5/><V111/><F111/><W71/><G50/><T14/><D1/><U99/><E99/><V64/><F96/><W75/><G2/><T17/><D130/><U8/><E8/><V23/><F79/><W18/><G4/><T63/><D63/><U78/><E32/><V61/><F74/><N who="1" m="28777" /><E34/><V93/><F40/><W121/><G121/><T33/><D33/><U46/><E46/><V19/><F39/><W48/><G38/><T56/><D56/><U67/><E67/><V27/><F55/><W41/><G66/><T52/><D131/><U123/><E123/><V24/><REACH who="2" step="1"/><F29/><REACH who="2" ten="294,212,280,204" step="2"/><W126/><G36/><T89/><D42/><U51/><E51/><AGARI ba="0,1" hai="10,14,17,20,21,22,45,51,52,83,84,89,92,95" machi="51" ten="40,12000,1" yaku="25,2,8,1,52,1,54,1" doraHai="6" who="0" fromWho="1" sc="294,130,212,-120,280,0,204,0" />
</Scene>
<Scene>
<INIT seed="4,1,0,5,1,125" ten="424,92,280,204" oya="0" hai0="29,126,67,50,65,134,57,45,100,81,26,85,49" hai1="73,103,82,5,22,36,97,89,84,64,17,111,69" hai2="18,61,101,109,60,46,2,108,106,86,15,7,0" hai3="119,75,112,113,42,94,58,95,127,91,130,87,83"/><T14/><D126/><U37/><E111/><V132/><F132/><W24/><G127/><T28/><D134/><U3/><E3/><V120/><F120/><W102/><G42/><T76/><D100/><U11/><E69/><V59/><F86/><W128/><G24/><T63/><D14/><U62/><E11/><V66/><F7/><W43/><G43/><T129/><D129/><N who="3" m="49769" /><G119/><T44/><D65/><U92/><E5/><V104/><F104/><W93/><BYE who="2" /><G58/><T20/><D29/><U1/><E1/><V51/><F51/><AGARI ba="1,0" hai="20,26,28,44,45,49,50,51,57,63,67,76,81,85" machi="51" ten="40,2000,0" yaku="8,1" doraHai="125" who="0" fromWho="2" sc="424,23,92,0,280,-23,204,0" />
</Scene>
<Scene>
<INIT seed="4,2,0,5,1,92" ten="447,92,257,204" oya="0" hai0="69,95,6,62,106,117,89,3,5,114,48,101,36" hai1="42,93,84,46,129,98,17,12,4,18,96,14,51" hai2="41,77,49,45,97,38,119,58,134,52,60,47,27" hai3="39,91,13,65,1,103,61,64,2,29,70,123,121"/><T90/><D36/><U53/><E129/><V126/><F126/><W10/><G39/><UN n2="%28%EF%BC%BE%CF%89%EF%BC%BE%29%E3%81%8A%E3%81%89%E3%82%93" /><T120/><D120/><N who="3" m="46153" /><G103/><T7/><D117/><U71/><E71/><V102/><F119/><W35/><G65/><T30/><D3/><U59/><E4/><V124/><F124/><W26/><G91/><T20/><D106/><U44/><E84/><V67/><F134/><W82/><G82/><T16/><D114/><U86/><E86/><V55/><F27/><W8/><G8/><T73/><D73/><U118/><E118/><V33/><F33/><W122/><N who="3" m="46161" /><W24/><DORA hai="85" /><G24/><T107/><D69/><U112/><E112/><V28/><F28/><W105/><G105/><T57/><D30/><U50/><E59/><V15/><F15/><W43/><G43/><T110/><D107/><U87/><E87/><V0/><F0/><W34/><G34/><T104/><D104/><U76/><E76/><V22/><F22/><W100/><G100/><T78/><D78/><U109/><E109/><V25/><F25/><W135/><G135/><T63/><D110/><U81/><E81/><V80/><F80/><W116/><G116/><T132/><D101/><U131/><E131/><V125/><F77/><W75/><G75/><T72/><D72/><U19/><REACH who="1" step="1"/><E98/><REACH who="1" ten="447,82,257,204" step="2"/><V74/><F74/><W88/><G70/><T79/><D79/><U31/><E31/><V94/><REACH who="2" step="1"/><F125/><REACH who="2" ten="447,82,247,204" step="2"/><W56/><G2/><T37/><D132/><U113/><E113/><V83/><F83/><W128/><G1/><T127/><D127/><U68/><E68/><V32/><F32/><W111/><G35/><RYUUKYOKU ba="2,2" sc="447,-15,82,15,247,15,204,-15" hai1="12,14,17,18,19,42,44,46,50,51,53,93,96" hai2="38,41,45,47,49,52,55,58,60,67,94,97,102" />
</Scene>
<Scene>
<INIT seed="5,3,2,5,5,96" ten="432,97,262,189" oya="1" hai0="5,48,122,35,39,8,84,132,134,1,93,32,99" hai1="82,7,23,46,73,83,56,120,10,30,102,105,92" hai2="68,51,53,65,3,18,117,66,128,69,24,71,111" hai3="22,70,78,49,95,61,106,54,13,72,60,131,17"/><U40/><E120/><V58/><F3/><W135/><G106/><T74/><D122/><U94/><E105/><V125/><F117/><W97/><G135/><N who="0" m="51755" /><D74/><U81/><E73/><V43/><F111/><W36/><G36/><T103/><D39/><U124/><E124/><V14/><F128/><W12/><G131/><T112/><D112/><U107/><E107/><V52/><F24/><W118/><G118/><T77/><D48/><N who="1" m="26695" /><E56/><N who="2" m="32799" /><F14/><W88/><G70/><T31/><D31/><U6/><E10/><V85/><F18/><N who="3" m="10575" /><G78/><T11/><D11/><U114/><E114/><V41/><F85/><W9/><G72/><T104/><D104/><U50/><E50/><N who="2" m="31031" /><F125/><W133/><G133/><T130/><D130/><U27/><E92/><V34/><F34/><W129/><G129/><T62/><D62/><U115/><E115/><V63/><F63/><W33/><G33/><T15/><D1/><U127/><E127/><V121/><F121/><W126/><G126/><T44/><D44/><AGARI ba="3,2" hai="9,12,17,44,49,54,60,61,88,95,97" m="10575" machi="44" ten="30,2000,0" yaku="8,1,54,1" doraHai="96" who="3" fromWho="0" sc="432,-29,97,0,262,0,189,49" />
</Scene>
<Scene>
<INIT seed="6,0,0,1,1,121" ten="403,97,262,238" oya="2" hai0="80,93,96,17,57,113,100,34,85,95,94,126,71" hai1="52,99,132,51,72,10,74,60,28,41,13,102,107" hai2="8,111,115,79,131,133,58,101,81,67,118,0,75" hai3="30,20,125,135,88,98,40,49,97,1,117,64,103"/><V120/><F120/><W108/><G108/><T62/><D71/><U2/><E132/><V110/><F118/><W128/><G1/><T48/><D34/><U82/><E2/><V43/><F133/><W32/><G32/><T69/><D69/><U61/><E28/><V5/><F131/><W45/><G64/><T21/><D113/><U55/><E41/><V36/><F101/><W86/><G125/><T130/><D48/><U109/><E109/><N who="2" m="41483" /><F115/><W19/><G30/><T90/><D126/><U39/><E39/><V92/><F92/><W112/><G117/><T123/><D123/><U122/><E122/><V56/><F67/><W15/><G128/><T114/><D114/><U127/><E127/><V119/><F119/><W53/><G135/><T116/><D116/><U104/><E104/><V105/><F105/><W12/><G103/><T44/><D130/><U83/><E83/><V91/><F91/><W38/><G112/><T63/><D94/><U14/><E82/><V18/><F18/><W124/><G124/><T27/><D93/><U50/><E102/><V33/><F33/><W84/><G88/><T68/><D100/><U59/><E107/><V22/><F22/><W106/><G20/><T24/><D95/><U6/><E99/><V4/><F4/><W29/><G19/><T25/><D17/><U70/><E70/><V134/><F134/><W42/><G106/><T23/><D96/><U47/><REACH who="1" step="1"/><E13/><REACH who="1" ten="403,87,262,238" step="2"/><N who="3" m="5194" /><G98/><T11/><D80/><U7/><E7/><V54/><F54/><W37/><G97/><T9/><D68/><U129/><E129/><V73/><F73/><AGARI ba="0,1" hai="6,10,14,47,50,51,52,55,59,60,61,72,73,74" machi="73" ten="40,5200,0" yaku="1,1,6,1,54,1,53,0" doraHai="121" doraHaiUra="26" who="1" fromWho="2" sc="403,0,87,62,262,-52,238,0" />
</Scene>
<Scene>
<INIT seed="7,0,0,0,0,42" ten="403,149,210,238" oya="3" hai0="135,125,130,10,81,38,73,1,103,45,83,98,72" hai1="93,99,59,108,77,78,82,34,9,134,124,16,113" hai2="85,8,126,119,86,48,92,7,11,44,57,41,24" hai3="80,29,25,97,33,39,62,111,74,61,131,12,115"/><W43/><G115/><T75/><D125/><U35/><E108/><V123/><F126/><W76/><G131/><T27/><D130/><U95/><E124/><V70/><F119/><W79/><G79/><T104/><D135/><U128/><E128/><V49/><F70/><W20/><G111/><T87/><D27/><U31/><E113/><V88/><F123/><W109/><G109/><T102/><D102/><U127/><E127/><V54/><F24/><W17/><G97/><T90/><D83/><U91/><E134/><V110/><F110/><W30/><G29/><T22/><D22/><U47/><E31/><V118/><F118/><W15/><G12/><T5/><D38/><U106/><E106/><V100/><F100/><W32/><G33/><T84/><D84/><U28/><E28/><V53/><F7/><W2/><G2/><T71/><D45/><U64/><E77/><V133/><F133/><W101/><G101/><T36/><D36/><U58/><E93/><V19/><F19/><W121/><G121/><T26/><D71/><U37/><E59/><N who="2" m="33191" /><F86/><W107/><G107/><T117/><D26/><U23/><E9/><V3/><F3/><W50/><G39/><T105/><D105/><U116/><E116/><V65/><F65/><W63/><G32/><T4/><D5/><U129/><E129/><V66/><F66/><W0/><G0/><T51/><D117/><U21/><E64/><V114/><F114/><W67/><G67/><T69/><D69/><U13/><E23/><V132/><F132/><W52/><G20/><T40/><D73/><N who="1" m="43343" /><E58/><V56/><F56/><RYUUKYOKU ba="0,0" sc="403,10,149,10,210,10,238,-30" hai0="1,4,10,40,51,72,75,81,87,90,98,103,104" hai1="13,16,21,34,35,37,47,91,95,99" hai2="8,11,41,44,49,54,57,85,88,92" owari="413,51.0,159,-34.0,220,2.0,208,-19.0" />
</Scene>
</mjloggm>