<mjloggm ver="2.3"><GO type="169" lobby="0"/><UN n0="%E3%82%AA%E3%82%AB%E3%83%AB%E3%83%88%E4%B8%80%E8%89%B2" n1="%E5%A4%A7%E6%AD%A3%E7%BE%A9%E9%87%8E%E7%90%83%E5%A8%98" n2="%E5%A4%AA%E3%81%8F%E3%81%AA%E3%81%84%E3%81%8A" n3="%4E%6E%31%33%34" dan="16,16,18,17" rate="2047.79,2094.81,2154.06,2156.34" sx="M,F,M,M"/><TAIKYOKU oya="0"/>

<Scene>
<INIT seed="0,0,0,0,4,123" ten="250,250,250,250" oya="0" hai0="68,89,40,128,21,84,25,57,88,62,101,65,2" hai1="56,64,50,71,45,42,108,49,10,59,103,104,58" hai2="44,24,112,82,132,69,29,122,63,110,8,85,81" hai3="109,1,135,60,133,46,53,33,97,114,26,107,105"/><T9/><D128/><U98/><E108/><V87/><F122/><W32/><G109/><T55/><D101/><U36/><REACH who="1" step="1"/><E10/><REACH who="1" ten="250,240,250,250" step="2"/><V17/><F8/><W117/><G117/><T43/><D9/><U47/><E47/><V93/><F44/><W54/><G46/><T38/><D2/><U48/><E48/><V113/><F110/><W12/><G1/><T5/><D5/><U52/><E52/><V115/><F115/><W20/><G114/><T126/><D126/><U73/><E73/><V86/><F112/><W83/><G54/><T67/><D38/><U78/><E78/><V119/><F113/><W127/><G53/><T76/><D76/><U35/><E35/><V106/><F119/><W72/><G33/><T91/><D84/><U41/><E41/><N who="0" m="15945" /><D68/><U96/><E96/><V22/><F69/><W134/><G97/><T79/><D79/><U77/><E77/><V116/><F116/><W19/><G127/><T13/><D13/><U34/><E34/><V125/><F125/><W121/><G32/><T100/><D100/><U4/><E4/><V74/><F74/><W99/><G121/><T18/><AGARI ba="0,1" hai="18,21,25,55,57,62,65,67,88,89,91" m="15945" machi="18" ten="30,3000,0" yaku="8,1,54,1" doraHai="123" who="0" fromWho="0" sc="250,40,240,-10,250,-10,250,-10" />
</Scene>
<Scene>
<INIT seed="0,1,0,0,4,25" ten="290,230,240,240" oya="0" hai0="33,92,130,112,37,4,124,91,61,73,0,39,27" hai1="14,64,12,57,50,118,45,71,122,75,98,55,97" hai2="53,56,81,85,6,19,102,51,117,29,74,108,65" hai3="109,23,123,26,8,77,104,43,67,32,28,59,1"/><T94/><D112/><U128/><E122/><V60/><F108/><W20/><G109/><T82/><D124/><U35/><E118/><V120/><F120/><W36/><G123/><T30/><D130/><U2/><E2/><V15/><F117/><W134/><G134/><T132/><D132/><U86/><E75/><V78/><F102/><W135/><G135/><T41/><D61/><U88/><E71/><V47/><F6/><W115/><G115/><T125/><D125/><U49/><E35/><V42/><F74/><W21/><G104/><T18/><D18/><U119/><E128/><V11/><REACH who="2" step="1"/><F29/><REACH who="2" ten="290,230,230,240" step="2"/><W63/><G28/><T133/><D133/><U131/><E119/><V90/><F90/><W110/><G110/><T89/><D89/><U44/><E131/><V9/><F9/><W103/><G8/><N who="0" m="2055" /><D91/><U5/><E5/><V106/><F106/><W100/><G100/><T46/><D39/><U10/><E10/><V31/><F31/><N who="3" m="19575" /><G103/><T72/><D72/><U105/><E105/><V79/><F79/><AGARI ba="1,1" hai="27,30,33,37,41,46,73,79,82,92,94" m="2055" machi="79" ten="30,2900,0" yaku="25,1,52,1" doraHai="25" who="0" fromWho="2" sc="290,42,230,0,230,-32,240,0" />
</Scene>
<Scene>
<INIT seed="0,2,0,5,2,15" ten="332,230,198,240" oya="0" hai0="68,84,87,111,48,124,97,50,35,19,72,122,75" hai1="118,29,98,86,28,42,43,4,1,53,60,54,10" hai2="46,62,131,16,130,18,5,74,20,90,79,99,21" hai3="71,81,91,114,36,133,12,110,13,24,27,78,59"/><T132/><D122/><U100/><E118/><V73/><F5/><W30/><G71/><T44/><D35/><U102/><E86/><V33/><F33/><W116/><G114/><T109/><D68/><U2/><E4/><V0/><F0/><W58/><G116/><T113/><D113/><U47/><E47/><V106/><F62/><W14/><G36/><T25/><D97/><U129/><E98/><V39/><F39/><W70/><G70/><T55/><D124/><U103/><E103/><N who="2" m="62847" /><F46/><W34/><G133/><T22/><D132/><U92/><E92/><V107/><F107/><W115/><G115/><T57/><D72/><N who="2" m="27754" /><F79/><W80/><G78/><T108/><D75/><U126/><E60/><V9/><F90/><W69/><G69/><T76/><D76/><U40/><E40/><AGARI ba="2,0" hai="19,22,25,40,44,48,50,55,57,84,87,108,109,111" machi="40" ten="40,7700,0" yaku="14,1,10,1,52,1" doraHai="15" who="0" fromWho="1" sc="332,83,230,-83,198,0,240,0" />
</Scene>
<Scene>
<INIT seed="0,3,0,2,1,67" ten="415,147,198,240" oya="0" hai0="100,75,128,36,15,83,117,95,125,74,59,77,22" hai1="80,44,87,99,11,13,49,101,48,108,10,120,126" hai2="1,33,12,42,106,45,104,66,129,21,73,105,103" hai3="107,98,14,71,27,92,133,111,102,5,118,134,62"/><T130/><D36/><U23/><E120/><V17/><F129/><N who="0" m="49770" /><D117/><U40/><E126/><V4/><F73/><W58/><G111/><T47/><D47/><U85/><E108/><V31/><F66/><W19/><G118/><T32/><D32/><U0/><E0/><V61/><F61/><W112/><G112/><T132/><D132/><U57/><E23/><V35/><F103/><W52/><G5/><T69/><D59/><U9/><E13/><V70/><F70/><W116/><G116/><T28/><D69/><U89/><E85/><V34/><F31/><W119/><G119/><T135/><D135/><N who="3" m="51721" /><G27/><N who="0" m="16503" /><D15/><U97/><REACH who="1" step="1"/><E101/><REACH who="1" ten="415,137,198,240" step="2"/><V46/><F1/><W41/><G14/><T93/><D125/><U81/><E81/><V72/><F4/><W30/><G102/><T88/><D100/><U68/><E68/><V76/><F33/><W78/><G98/><T53/><D74/><U109/><E109/><V114/><F34/><W64/><G71/><T37/><D83/><U82/><E82/><N who="2" m="45319" /><F35/><W79/><G92/><T25/><D93/><U29/><E29/><V96/><F96/><W54/><G30/><T121/><D95/><U110/><E110/><V127/><F127/><W55/><G19/><T43/><D75/><U8/><N who="1" m="2048" /><DORA hai="26" /><U20/><E20/><V131/><F131/><W2/><G2/><T6/><D6/><U123/><E123/><V56/><F21/><W84/><G84/><T24/><D121/><U18/><E18/><V90/><F17/><W7/><G7/><T60/><D24/><U122/><E122/><V51/><F12/><W38/><G107/><RYUUKYOKU ba="3,1" sc="415,-15,137,15,198,-15,240,15" hai1="40,44,48,49,57,80,87,89,97,99" hai3="38,41,52,54,55,58,62,64,78,79" />
</Scene>
<Scene>
<INIT seed="1,4,1,2,1,63" ten="400,152,183,255" oya="1" hai0="15,84,79,78,23,55,113,123,46,33,21,25,89" hai1="87,131,61,106,36,39,10,30,24,90,74,134,0" hai2="18,122,32,129,115,37,91,59,60,107,117,20,80" hai3="7,42,51,19,12,82,83,92,48,93,128,135,125"/><U99/><E74/><V116/><F122/><W118/><G135/><T109/><D113/><U103/><E134/><V9/><F32/><W94/><G128/><T104/><D104/><U26/><E131/><V130/><F107/><W50/><G125/><T27/><D33/><U54/><E24/><V49/><F37/><W40/><G7/><T108/><D15/><U72/><E72/><V81/><F115/><W71/><G71/><T67/><D67/><U8/><E54/><V73/><F9/><W96/><G96/><T133/><D123/><U38/><E61/><V75/><F49/><W77/><G118/><T127/><D127/><U4/><E8/><V86/><F130/><W68/><G68/><T97/><D97/><U95/><REACH who="1" step="1"/><E39/><REACH who="1" ten="400,142,183,255" step="2"/><V11/><F129/><W41/><REACH who="3" step="1"/><G77/><REACH who="3" ten="400,142,183,245" step="2"/><T56/><D78/><U62/><E62/><V65/><F116/><W31/><G31/><T120/><D79/><U64/><E64/><V112/><F117/><W126/><G126/><T14/><D133/><U98/><E98/><V2/><F65/><W47/><G47/><T13/><D46/><U53/><E53/><V57/><F112/><W22/><AGARI ba="4,3" hai="12,19,22,40,41,42,48,50,51,82,83,92,93,94" machi="22" ten="40,8000,1" yaku="1,1,0,1,29,2,8,1,53,0" doraHai="63" doraHaiUra="111" who="3" fromWho="3" sc="400,-24,142,-44,183,-24,245,122" />
</Scene>
<Scene>
<INIT seed="2,0,0,5,5,80" ten="376,98,159,367" oya="2" hai0="129,18,51,131,57,35,39,104,0,123,14,86,41" hai1="55,103,127,49,29,106,19,121,92,94,100,75,73" hai2="54,84,110,102,4,105,64,132,128,17,38,16,5" hai3="107,67,42,21,76,2,71,98,36,87,12,130,78"/><V3/><F38/><W44/><G130/><N who="0" m="49675" /><D104/><U95/><E29/><V90/><F64/><W69/><G2/><T124/><D35/><U27/><E127/><V125/><F128/><W109/><G109/><T34/><D34/><U58/><E121/><V11/><F4/><W126/><G126/><T134/><D0/><U20/><REACH who="1" step="1"/><E106/><REACH who="1" ten="376,88,159,367" step="2"/><V70/><F125/><W113/><G107/><T7/><D123/><U56/><E56/><V59/><F110/><W99/><G113/><T30/><D57/><U50/><E50/><V116/><F116/><W45/><G71/><T81/><D51/><U120/><E120/><V43/><F70/><W122/><G122/><T101/><D30/><U25/><E25/><V68/><F68/><W82/><G69/><T114/><D124/><U117/><E117/><V77/><F105/><W28/><G28/><T26/><D26/><U31/><E31/><V9/><F59/><W60/><G60/><T111/><D111/><U48/><E48/><V91/><F132/><W61/><G61/><T1/><D114/><U119/><E119/><V40/><F3/><W93/><G36/><T85/><D39/><U8/><E8/><V53/><F9/><W32/><G32/><T89/><D1/><U33/><E33/><V63/><F63/><W6/><G45/><T10/><D10/><U46/><E46/><V24/><F24/><W65/><G44/><T47/><D47/><U74/><AGARI ba="0,1" hai="19,20,27,49,55,58,73,74,75,92,94,95,100,103" machi="74" ten="40,8000,1" yaku="1,1,0,1,53,2" doraHai="80" doraHaiUra="96" who="1" fromWho="1" sc="376,-20,88,90,159,-40,367,-20" />
</Scene>
<Scene>
<INIT seed="3,0,0,3,3,36" ten="356,178,119,347" oya="3" hai0="43,11,56,118,85,51,35,90,20,41,40,135,124" hai1="119,125,110,81,64,91,129,32,69,3,63,34,127" hai2="46,82,102,2,101,99,106,13,65,97,29,30,24" hai3="50,54,120,0,76,15,61,79,48,42,16,134,39"/><W93/><G120/><T27/><D118/><U5/><E119/><V6/><F2/><W70/><G0/><T107/><D107/><U71/><E110/><V31/><F65/><W88/><G134/><T72/><D72/><U77/><E91/><V103/><F82/><W109/><G109/><T55/><D135/><U83/><E129/><V14/><F6/><W47/><G39/><T123/><D123/><U57/><E83/><V80/><F24/><W96/><G61/><T9/><D35/><N who="1" m="13355" /><E5/><V44/><F80/><W25/><G25/><T45/><D124/><N who="1" m="47691" /><E3/><V62/><F62/><W116/><G70/><T114/><D114/><U111/><E111/><V73/><F73/><AGARI ba="0,0" hai="57,63,64,69,71,73,77,81" m="47691,13355" machi="73" ten="30,1000,0" yaku="18,1" doraHai="36" who="1" fromWho="2" sc="356,0,178,10,119,-10,347,0" />
</Scene>
<Scene>
<INIT seed="4,0,0,5,0,85" ten="356,188,109,347" oya="0" hai0="16,119,10,75,63,35,24,94,2,123,132,96,23" hai1="6,54,64,28,134,37,40,15,86,46,133,48,60" hai2="66,100,57,19,122,114,98,53,80,105,44,30,26" hai3="82,52,1,120,12,47,13,81,61,91,20,130,69"/><T131/><D119/><U33/><E28/><V58/><F122/><W99/><G1/><T29/><D123/><U71/><E33/><V27/><F114/><W76/><G120/><T129/><D75/><U113/><E113/><V4/><F4/><W42/><G130/><N who="0" m="49675" /><D63/><U104/><E104/><V65/><F44/><W127/><G127/><T67/><D67/><U111/><E111/><V22/><F80/><N who="3" m="30827" /><G76/><T38/><D38/><U92/><E15/><V5/><F5/><W109/><G69/><T56/><D56/><N who="1" m="32839" /><E6/><V135/><F135/><W83/><G109/><T21/><D132/><N who="1" m="50795" /><E86/><V59/><REACH who="2" step="1"/><F53/><REACH who="2" ten="356,188,99,347" step="2"/><W115/><G115/><T116/><D2/><U11/><E46/><V39/><F39/><W0/><G0/><T118/><D118/><U50/><E37/><V9/><F9/><W107/><G83/><T17/><D116/><U89/><E40/><V70/><F70/><W68/><G42/><T95/><D10/><U62/><E11/><V51/><F51/><W103/><G47/><T110/><D110/><U43/><E43/><V73/><F73/><W124/><G68/><T84/><D17/><U7/><E7/><V90/><F90/><W32/><G52/><T106/><D16/><U45/><E62/><V3/><F3/><W78/><G61/><T31/><D31/><U108/><E108/><V128/><F128/><W87/><G78/><T101/><D29/><U34/><E50/><V72/><F72/><W126/><G91/><T97/><D101/><U41/><E41/><V36/><F36/><W49/><G103/><T8/><D8/><U121/><E121/><RYUUKYOKU ba="0,1" sc="356,-10,188,-10,99,30,347,-10" hai2="19,22,26,27,30,57,58,59,65,66,98,100,105" />
</Scene>
<Scene>
<INIT seed="5,1,1,4,2,106" ten="346,178,129,337" oya="1" hai0="34,93,64,80,86,130,122,77,83,103,20,29,3" hai1="76,12,10,109,31,87,54,46,0,51,59,30,121" hai2="41,28,84,27,116,123,35,115,111,2,104,72,126" hai3="50,24,8,38,100,98,43,56,128,65,88,129,118"/><U32/><E121/><V16/><RYUUKYOKU type="yao9" ba="1,1" sc="346,0,178,0,129,0,337,0" hai2="2,16,27,28,35,41,72,84,104,111,115,116,123,126" />
</Scene>
<Scene>
<INIT seed="5,2,1,2,0,96" ten="346,178,129,337" oya="1" hai0="88,12,81,44,95,86,89,59,129,54,114,82,37" hai1="87,43,26,40,103,134,68,115,98,27,21,39,65" hai2="128,31,130,83,25,123,3,4,2,131,15,42,34" hai3="30,7,69,91,62,52,113,60,120,55,76,84,67"/><U135/><E115/><V93/><F42/><N who="1" m="15913" /><E39/><V100/><F83/><W92/><G120/><T72/><D129/><U23/><E87/><V94/><F123/><W49/><G113/><T24/><D114/><U5/><E5/><V78/><F78/><W29/><G7/><T13/><D37/><U18/><E65/><V41/><F41/><W116/><G116/><T133/><D133/><N who="1" m="50699" /><E68/><V99/><REACH who="2" step="1"/><F94/><REACH who="2" ten="346,178,119,337" step="2"/><W17/><G76/><T14/><D95/><N who="1" m="58847" /><E21/><V64/><F64/><W38/><G67/><T110/><D81/><U109/><E109/><V9/><AGARI ba="2,2" hai="2,3,4,9,15,25,31,34,93,99,100,128,130,131" machi="9" ten="40,8000,1" yaku="1,1,0,1,19,1,52,1,53,1" doraHai="96" doraHaiUra="0" who="2" fromWho="2" sc="346,-22,178,-42,119,106,337,-22" />
</Scene>
<Scene>
<INIT seed="6,0,0,3,3,6" ten="324,136,225,315" oya="2" hai0="84,89,86,25,124,60,130,93,134,78,52,62,106" hai1="50,85,11,117,55,36,32,67,131,57,5,37,31" hai2="4,66,23,19,41,44,43,69,24,51,120,20,109" hai3="83,9,38,133,80,110,16,82,92,125,72,98,28"/><V88/><F120/><W45/><G110/><T101/><D124/><U96/><E117/><V49/><F109/><W10/><G72/><T112/><D112/><U22/><E32/><V30/><F4/><W71/><G71/><T75/><D130/><U14/><E131/><V53/><F69/><W27/><G125/><T122/><D122/><U97/><E67/><V114/><F114/><W13/><G133/><T128/><D128/><U113/><E113/><V29/><F66/><W34/><G38/><T0/><D0/><U1/><E36/><V56/><F43/><W68/><G68/><T115/><D75/><U58/><E37/><V2/><F2/><W118/><G45/><T121/><D134/><U119/><E119/><V81/><REACH who="2" step="1"/><F23/><REACH who="2" ten="324,136,215,315" step="2"/><N who="3" m="15487" /><G118/><T35/><D115/><U135/><E135/><V79/><F79/><W59/><G34/><T26/><D78/><U105/><E1/><V104/><F104/><W48/><G48/><T46/><D106/><U95/><E105/><V126/><F126/><W111/><G111/><T129/><D35/><U91/><REACH who="1" step="1"/><E58/><REACH who="1" ten="324,126,215,315" step="2"/><V103/><F103/><N who="3" m="60871" /><G59/><T87/><D129/><U12/><E12/><V100/><F100/><W21/><AGARI ba="0,2" hai="9,10,13,16,21,80,82,83" m="60871,15487" machi="21" ten="30,7900,0" yaku="8,1,52,2,54,1" doraHai="6" who="3" fromWho="3" sc="324,-20,126,-20,215,-39,315,99" />
</Scene>
<Scene>
<INIT seed="7,0,0,5,0,35" ten="304,106,176,414" oya="3" hai0="11,2,128,109,33,108,95,21,116,115,64,117,56" hai1="17,68,134,66,3,84,76,73,10,63,57,86,54" hai2="120,37,18,49,47,121,6,99,89,60,79,135,41" hai3="15,130,94,29,103,87,25,27,51,88,74,40,106"/><W36/><G36/><T13/><D95/><U123/><E123/><N who="2" m="47179" /><F135/><W119/><G74/><T78/><D56/><U69/><E134/><V53/><F6/><W4/><G119/><N who="0" m="45643" /><D64/><U127/><E127/><V105/><F79/><W133/><G103/><T50/><D50/><U97/><E69/><V62/><F18/><W8/><G106/><T61/><D61/><N who="2" m="23658" /><F89/><W14/><G133/><T30/><D78/><U67/><E67/><V131/><F131/><W39/><G130/><T23/><D128/><U58/><E68/><V112/><F112/><W34/><G39/><T26/><D115/><U72/><E97/><V44/><F99/><W9/><G51/><T98/><D98/><U43/><E43/><V124/><F124/><W16/><G40/><T118/><D118/><U20/><E58/><V55/><F55/><W12/><G94/><T126/><D23/><U96/><E66/><V59/><F59/><W114/><G114/><T125/><D125/><U107/><E107/><AGARI ba="0,0" hai="37,41,44,47,49,53,105,107" m="23658,47179" machi="107" ten="30,1000,0" yaku="13,1" doraHai="35" who="2" fromWho="1" sc="304,0,106,-10,176,10,414,0" owari="304,10.0,96,-40.0,186,-21.0,414,51.0" />
</Scene>
</mjloggm>