<mjloggm ver="2.3"><GO type="169" lobby="0"/><UN n0="%54%44%4E%34%38" n1="%E3%83%AD%E3%83%9E%E3%83%8D%E3%82%B9%E3%82%AF" n2="%E5%A4%AA%E3%81%8F%E3%81%AA%E3%81%84%E3%81%8A" n3="%E6%B2%99%E8%80%B6%E5%8A%A0%E4%BD%90%E5%80%89" dan="17,16,17,16" rate="2173.65,2139.41,2148.77,2057.91" sx="M,M,M,M"/><TAIKYOKU oya="0"/>

<Scene>
<INIT seed="0,0,0,4,3,84" ten="250,250,250,250" oya="0" hai0="8,42,74,2,107,95,127,49,91,39,113,22,35" hai1="112,109,78,98,36,32,85,53,61,4,115,94,6" hai2="97,90,120,92,101,124,7,46,83,14,89,0,93" hai3="59,122,57,129,77,23,24,76,66,64,104,31,126"/><T43/><D113/><N who="1" m="43595" /><E32/><V80/><F0/><W51/><G104/><T37/><D35/><U21/><E36/><V52/><F120/><W110/><G122/><T10/><D107/><U58/><E109/><V81/><F124/><W125/><G110/><T133/><D127/><N who="3" m="48649" /><G129/><T88/><D74/><U130/><E130/><V50/><F93/><W67/><G51/><T28/><D133/><U111/><E21/><V45/><F45/><W9/><G9/><AGARI ba="0,0" hai="7,9,14,46,50,52,80,81,83,89,90,92,97,101" machi="9" ten="40,8000,1" yaku="8,1,52,2,54,1" doraHai="84" who="2" fromWho="3" sc="250,0,250,0,250,80,250,-80" />
</Scene>
<Scene>
<INIT seed="1,0,0,0,5,5" ten="250,250,330,170" oya="1" hai0="27,83,50,15,66,112,115,34,93,133,53,87,20" hai1="77,13,28,16,48,118,81,91,116,99,3,18,65" hai2="29,23,80,108,49,86,42,122,12,2,6,124,98" hai3="100,9,51,126,41,76,71,40,33,64,111,1,101"/><U61/><E3/><V46/><F122/><W117/><G33/><T104/><D104/><U113/><E28/><V123/><F123/><W30/><G30/><T69/><D34/><U121/><E113/><V109/><F124/><W131/><G126/><T130/><D69/><U127/><E127/><V38/><F2/><W84/><G111/><N who="2" m="42569" /><F98/><W119/><G131/><T62/><D66/><U39/><E39/><V107/><F107/><W114/><G114/><T24/><D62/><U103/><E48/><V57/><F29/><W96/><G64/><T97/><D133/><U134/><E91/><N who="2" m="51655" /><F23/><W8/><G1/><T82/><D130/><U110/><E134/><V129/><F129/><W7/><G71/><T52/><D15/><U25/><E25/><V10/><F57/><W47/><G7/><T106/><D106/><U54/><E121/><V92/><F92/><W56/><G56/><T45/><D53/><U44/><E54/><V85/><F85/><W132/><G132/><T4/><D4/><U120/><E120/><V21/><F21/><W88/><G41/><T90/><D82/><U0/><E0/><V125/><F125/><W135/><G135/><T26/><REACH who="0" step="1"/><D20/><REACH who="0" ten="240,250,330,170" step="2"/><U105/><E110/><V63/><F63/><W73/><G119/><T78/><AGARI ba="0,1" hai="24,26,27,45,50,52,78,83,87,90,93,97,112,115" machi="78" ten="30,7900,0" yaku="1,1,2,1,0,1,54,1,53,0" doraHai="5" doraHaiUra="58" who="0" fromWho="0" sc="240,89,250,-39,330,-20,170,-20" />
</Scene>
<Scene>
<INIT seed="2,0,0,2,0,85" ten="329,211,310,150" oya="2" hai0="32,116,20,12,132,65,92,34,10,83,15,101,108" hai1="47,77,63,78,80,117,133,50,96,58,19,134,64" hai2="1,29,49,18,99,14,44,104,42,129,57,121,71" hai3="112,111,60,110,93,131,74,62,27,79,105,89,31"/><V6/><F71/><W90/><G112/><T91/><D65/><U53/><E117/><V67/><F121/><W119/><G119/><T94/><D116/><U103/><E19/><V7/><F129/><W120/><G131/><T35/><D83/><U16/><E16/><V66/><F29/><W126/><G105/><T9/><D108/><N who="3" m="41513" /><G120/><T51/><D132/><N who="1" m="50795" /><E80/><V41/><F41/><W75/><G93/><AGARI ba="0,0" hai="47,50,53,58,63,64,77,78,93,96,103" m="50795" machi="93" ten="30,1000,0" yaku="20,1" doraHai="85" who="1" fromWho="3" sc="329,0,211,10,310,0,150,-10" />
</Scene>
<Scene>
<INIT seed="3,0,0,5,0,120" ten="329,221,310,140" oya="3" hai0="28,25,100,36,79,85,123,11,102,55,26,60,87" hai1="6,22,52,99,133,113,63,53,128,58,104,30,12" hai2="31,35,32,77,9,29,70,115,50,17,15,37,33" hai3="75,13,42,4,39,129,83,21,8,61,23,46,64"/><W1/><G129/><T124/><D123/><U112/><E128/><V82/><F37/><W49/><G49/><T0/><D36/><U130/><E130/><V103/><F70/><W126/><G13/><T5/><D124/><U109/><E133/><V44/><F103/><W18/><G18/><T96/><D79/><U24/><E109/><V81/><F115/><W20/><G126/><T114/><D114/><U74/><E74/><V48/><F48/><W2/><G2/><T73/><D73/><U69/><E69/><V88/><F81/><W54/><G54/><T40/><D40/><U134/><E134/><V71/><F71/><N who="3" m="42383" /><G23/><T10/><D10/><U110/><E110/><V119/><F119/><W45/><G45/><T80/><D80/><U84/><E84/><N who="2" m="50199" /><F77/><AGARI ba="0,0" hai="1,4,8,20,21,39,42,46,75,77,83" m="42383" machi="77" ten="30,1500,0" yaku="25,1" doraHai="120" who="3" fromWho="2" sc="329,0,221,0,310,-15,140,15" />
</Scene>
<Scene>
<INIT seed="3,1,0,5,4,53" ten="329,221,295,155" oya="3" hai0="55,84,133,78,131,101,112,71,116,70,19,120,109" hai1="68,96,29,59,36,61,25,128,122,92,111,77,81" hai2="118,32,103,10,104,95,21,20,35,65,105,62,114" hai3="135,46,51,64,72,40,48,85,126,0,89,97,4"/><W18/><G72/><T67/><D120/><U39/><E111/><V83/><F114/><W16/><G126/><T69/><D116/><U60/><E128/><V90/><F118/><W129/><G129/><T76/><D131/><U52/><E122/><V117/><F117/><W30/><G135/><T8/><D133/><U115/><E115/><V37/><F37/><W57/><G30/><T108/><D112/><U1/><E1/><V100/><F83/><W22/><G97/><T27/><D101/><U49/><E68/><V79/><F79/><W93/><G22/><T43/><D43/><U113/><E113/><V33/><F103/><W123/><G123/><T47/><D67/><U12/><E12/><V80/><F80/><W88/><G0/><T91/><D27/><U17/><E17/><N who="3" m="6762" /><G4/><T11/><D11/><U31/><E36/><V15/><F100/><W102/><G102/><T14/><D78/><U63/><E39/><V9/><F21/><W44/><G89/><T34/><D76/><U38/><E38/><V3/><F20/><W28/><G28/><T124/><D34/><U127/><E127/><V42/><F3/><W74/><G74/><T6/><D124/><U99/><E92/><V54/><F10/><W75/><G75/><T26/><D6/><U87/><REACH who="1" step="1"/><E31/><REACH who="1" ten="329,211,295,155" step="2"/><V2/><F2/><W130/><G130/><T41/><D71/><U132/><E132/><V119/><F119/><W94/><G94/><T73/><D70/><U86/><E86/><V7/><F15/><W134/><G134/><T66/><D69/><U13/><E13/><V23/><F7/><RYUUKYOKU ba="1,1" sc="329,-10,211,30,295,-10,155,-10" hai1="25,29,49,52,59,60,61,63,77,81,87,96,99" />
</Scene>
<Scene>
<INIT seed="4,2,1,5,0,28" ten="319,241,285,145" oya="0" hai0="5,15,72,97,6,89,71,43,42,23,62,20,22" hai1="10,50,48,115,109,117,125,51,107,16,90,81,73" hai2="120,122,135,30,52,93,76,9,110,31,85,126,128" hai3="134,60,58,105,18,121,92,91,86,75,127,55,69"/><T98/><D72/><U83/><E107/><V56/><F110/><W100/><G69/><T108/><D108/><U57/><E109/><V95/><F126/><W2/><G2/><T65/><D15/><N who="1" m="7287" /><E73/><V64/><F64/><W45/><G127/><T80/><D80/><N who="1" m="30795" /><E117/><V4/><F76/><W21/><G75/><T39/><D39/><U68/><E68/><V129/><F135/><W17/><G134/><T66/><D89/><U116/><E116/><V0/><F30/><W131/><G131/><N who="2" m="50249" /><F31/><W14/><G121/><N who="2" m="46697" /><F85/><W8/><G45/><T35/><D71/><U49/><E125/><V63/><AGARI ba="2,1" hai="0,4,9,52,56,63,93,95" m="46697,50249" machi="63" ten="30,2000,0" yaku="19,1,54,1" doraHai="28" who="2" fromWho="2" sc="319,-12,241,-7,285,36,145,-7" />
</Scene>
<Scene>
<INIT seed="5,0,0,2,5,124" ten="307,234,321,138" oya="1" hai0="46,125,116,108,60,59,38,129,86,114,107,21,78" hai1="81,67,17,85,118,110,130,132,29,77,104,127,36" hai2="126,82,54,90,56,12,6,13,100,25,128,44,88" hai3="121,75,41,30,96,4,27,97,68,103,45,3,92"/><U52/><E118/><V69/><F69/><W62/><G121/><T28/><D116/><U47/><E104/><V37/><F126/><W20/><G97/><T64/><D125/><U66/><E127/><V117/><F117/><W15/><G75/><T43/><D108/><U0/><E0/><V87/><F100/><W79/><G79/><T14/><D107/><U23/><E110/><V94/><F128/><W55/><G3/><T122/><D122/><U84/><E130/><V106/><F106/><W39/><G15/><T119/><D119/><U105/><E105/><V109/><F109/><W134/><G134/><T72/><D129/><U49/><E29/><V2/><F2/><W83/><G83/><T48/><D114/><U24/><E132/><V91/><F25/><W135/><G135/><T34/><D34/><U11/><E11/><N who="2" m="4215" /><F37/><W131/><G131/><T89/><D38/><U5/><E5/><V102/><F44/><W58/><G68/><T98/><D72/><U73/><REACH who="1" step="1"/><E36/><REACH who="1" ten="307,224,321,138" step="2"/><V133/><F133/><W19/><REACH who="3" step="1"/><G4/><REACH who="3" ten="307,224,321,128" step="2"/><T112/><D112/><U95/><E95/><V51/><F94/><W18/><AGARI ba="0,2" hai="18,19,20,27,30,39,41,45,55,58,62,92,96,103" machi="18" ten="30,4000,0" yaku="1,1,2,1,0,1,53,0" doraHai="124" doraHaiUra="101" who="3" fromWho="3" sc="307,-10,224,-20,321,-10,128,60" />
</Scene>
<Scene>
<INIT seed="6,0,0,5,2,54" ten="297,204,311,188" oya="2" hai0="134,100,77,116,76,75,22,109,106,9,27,117,26" hai1="11,112,52,135,25,33,130,12,101,129,69,89,29" hai2="113,51,132,17,7,23,125,59,35,50,131,128,64" hai3="41,10,19,115,56,102,120,121,78,83,45,95,61"/><V82/><F35/><W81/><G115/><T133/><D109/><U105/><E69/><V0/><F113/><W114/><G114/><T70/><D70/><U24/><E112/><V73/><F125/><W47/><G120/><T65/><D65/><U39/><E39/><V13/><F132/><N who="0" m="50794" /><D9/><U38/><E38/><V34/><F34/><W85/><G121/><T6/><D6/><U96/><E135/><V94/><F0/><W28/><G28/><T14/><D14/><U90/><E25/><N who="0" m="9225" /><D22/><U53/><E89/><V60/><F7/><W88/><G102/><T62/><D62/><U57/><E90/><V58/><F94/><W71/><G71/><T84/><D84/><U8/><E8/><V110/><F110/><W55/><G78/><N who="0" m="30315" /><D75/><U46/><E46/><N who="3" m="17418" /><G41/><T30/><D30/><U98/><E98/><AGARI ba="0,0" hai="98,100,106,116,117" m="30315,9225,50794" machi="98" ten="40,1300,0" yaku="20,1" doraHai="54" who="0" fromWho="1" sc="297,13,204,-13,311,0,188,0" />
</Scene>
<Scene>
<INIT seed="7,0,0,2,1,42" ten="310,191,311,188" oya="3" hai0="54,23,14,50,98,2,101,81,31,94,55,121,28" hai1="91,90,75,40,134,38,99,122,34,131,135,97,60" hai2="18,65,15,73,106,22,21,59,105,39,74,83,93" hai3="96,70,109,68,26,63,87,116,36,19,3,1,13"/><W24/><G36/><T32/><D32/><U111/><E111/><V132/><F39/><W103/><G109/><T17/><D121/><U125/><E122/><V104/><F132/><N who="1" m="50729" /><E34/><V118/><F118/><W107/><G116/><T108/><D108/><U4/><E125/><V110/><F110/><W49/><G87/><T126/><D126/><U30/><E75/><V130/><F130/><W29/><G49/><T128/><D128/><U124/><E124/><V77/><F74/><W16/><G26/><T45/><D2/><N who="3" m="521" /><G13/><T44/><D81/><U102/><E30/><V115/><F93/><W80/><G80/><T5/><D5/><U127/><E131/><V85/><F85/><W53/><G53/><T123/><D123/><U25/><E25/><V6/><F6/><W100/><G100/><T64/><D64/><U66/><E4/><V33/><F65/><N who="3" m="41023" /><G70/><T119/><D119/><U89/><E102/><V71/><F71/><W86/><G86/><T37/><D37/><U114/><E127/><V88/><F73/><W112/><G112/><T82/><D82/><U10/><E114/><V117/><F115/><W56/><G56/><T7/><D7/><U0/><E38/><V129/><F129/><W52/><G52/><T20/><D20/><U35/><E35/><V48/><F33/><W72/><G72/><T46/><D55/><U43/><E0/><V84/><F117/><W51/><G51/><T120/><D120/><U69/><E10/><N who="2" m="6519" /><F77/><W133/><G133/><T12/><D12/><U62/><E62/><V95/><F83/><W27/><G29/><AGARI ba="0,0" hai="14,17,23,28,29,31,44,45,46,50,54,94,98,101" machi="29" ten="40,8000,1" yaku="8,1,52,3" doraHai="42" who="0" fromWho="3" sc="310,80,191,0,311,0,188,-80" owari="390,49.0,191,-21.0,311,11.0,108,-39.0" />
</Scene>
</mjloggm>