<mjloggm ver="2.3"><GO type="225" lobby="0"/><UN n0="%E5%AE%AE%E5%AD%90" n1="%E5%A4%AA%E3%81%8F%E3%81%AA%E3%81%84%E3%81%8A" n2="%E5%A4%A9%E7%A9%BA%73%61%79%61" n3="%46%4C%41%4D%45" dan="16,18,16,16" rate="2139.31,2236.67,2098.12,2131.10" sx="M,M,M,M"/><TAIKYOKU oya="0"/>

<Scene>
<INIT seed="0,0,0,0,0,103" ten="250,250,250,250" oya="0" hai0="1,29,14,59,85,120,121,132,82,22,92,96,81" hai1="134,135,78,70,0,24,21,57,58,99,80,71,125" hai2="113,31,19,34,15,9,111,122,112,54,83,133,100" hai3="6,11,55,107,90,128,42,91,23,46,106,26,118"/><T65/><D1/><U89/><E0/><V33/><F100/><W25/><G118/><T28/><D132/><N who="1" m="50731" /><E125/><V50/><F133/><W98/><G128/><T18/><D120/><U53/><E89/><V48/><F122/><W77/><G77/><T131/><D131/><U102/><E21/><V2/><F111/><W7/><G55/><T12/><D12/><U97/><E24/><N who="2" m="18663" /><F54/><W56/><G56/><N who="1" m="21610" /><E53/><V119/><F34/><W3/><G6/><T41/><D41/><U38/><E38/><V67/><F2/><W30/><G26/><T4/><D4/><U39/><E39/><V69/><F119/><W16/><G30/><N who="0" m="11883" /><D85/><N who="1" m="48279" /><E97/><V62/><F112/><W116/><G116/><T51/><D121/><U88/><E88/><V109/><F113/><W60/><G60/><N who="0" m="38047" /><D51/><U47/><E47/><V35/><F48/><W108/><G108/><T43/><D43/><U63/><E63/><V84/><F50/><W72/><G72/><T110/><D110/><U130/><E130/><V129/><F129/><W36/><REACH who="3" step="1"/><G91/><AGARI ba="0,0" hai="14,18,22,81,82,91,92,96" m="38047,11883" machi="91" ten="30,1500,0" yaku="8,1" doraHai="103" who="0" fromWho="3" sc="250,15,250,0,250,0,250,-15" />
</Scene>
<Scene>
<INIT seed="0,1,0,2,4,95" ten="265,250,250,235" oya="0" hai0="113,43,23,40,109,37,79,70,101,41,29,130,89" hai1="38,120,108,129,58,87,126,55,91,52,27,57,118" hai2="77,92,85,47,75,8,48,2,123,106,25,97,98" hai3="82,135,128,26,84,9,50,22,20,14,42,110,51"/><T100/><D113/><U39/><E118/><V132/><F123/><W67/><G110/><T19/><D70/><U74/><E74/><V93/><F75/><W44/><G128/><T15/><D37/><U86/><E120/><V66/><F132/><W46/><G135/><T54/><D130/><U114/><E129/><V64/><F106/><W56/><G56/><T62/><D79/><U7/><E7/><V32/><F2/><W11/><G67/><N who="2" m="25641" /><F32/><W72/><G72/><T112/><D112/><U131/><E131/><V104/><F104/><W1/><G1/><T21/><D89/><U63/><E114/><V83/><F8/><W34/><G34/><T53/><D109/><U119/><E119/><V33/><F25/><W30/><G22/><T5/><D5/><U36/><E108/><V73/><F33/><W4/><G11/><T115/><D115/><U16/><E126/><V71/><F71/><W60/><G60/><T24/><D62/><U12/><E27/><V0/><F0/><W59/><G59/><T105/><D105/><U65/><E58/><V76/><F76/><N who="3" m="46151" /><G42/><T90/><D90/><U49/><E49/><AGARI ba="1,0" hai="4,9,14,20,26,30,44,46,49,50,51" m="46151" machi="49" ten="30,1000,0" yaku="8,1" doraHai="95" who="3" fromWho="1" sc="265,0,250,-13,250,0,235,13" />
</Scene>
<Scene>
<INIT seed="1,0,0,4,1,66" ten="265,237,250,248" oya="1" hai0="29,74,63,116,34,16,32,126,77,95,131,125,39" hai1="106,83,69,79,93,78,67,99,40,75,42,51,119" hai2="47,3,53,134,123,2,113,26,37,85,92,84,0" hai3="54,71,62,25,108,28,44,36,65,112,72,124,135"/><U81/><E119/><V90/><F123/><W35/><G72/><T17/><D39/><U96/><E106/><V27/><F134/><W31/><G112/><T103/><D116/><U45/><E40/><V55/><F113/><W4/><G135/><T107/><D107/><U128/><E128/><V80/><F53/><W7/><G108/><T19/><D131/><U6/><E6/><V70/><F70/><W105/><G105/><T98/><D63/><U109/><E109/><V76/><REACH who="2" step="1"/><F55/><REACH who="2" ten="265,237,240,248" step="2"/><W1/><G54/><T132/><D132/><U43/><E69/><V10/><F10/><W91/><G71/><T122/><D122/><U82/><E67/><V130/><F130/><W38/><G65/><T97/><D125/><U129/><E129/><V73/><F73/><W49/><G124/><T127/><D126/><U102/><E43/><AGARI ba="0,1" hai="0,2,3,26,27,37,43,47,76,80,84,85,90,92" machi="43" ten="40,1300,0" yaku="1,1,53,0" doraHai="66" doraHaiUra="110" who="2" fromWho="1" sc="265,0,237,-13,240,23,248,0" />
</Scene>
<Scene>
<INIT seed="2,0,0,2,2,122" ten="265,224,263,248" oya="2" hai0="55,2,47,126,117,57,107,77,130,0,111,58,42" hai1="5,129,133,17,40,35,88,48,39,46,132,49,89" hai2="128,26,1,84,90,72,80,112,135,101,34,115,96" hai3="99,106,59,86,92,51,108,3,76,97,116,44,125"/><V25/><F1/><W63/><G3/><T54/><D107/><U14/><E35/><V124/><F124/><W78/><G116/><T113/><D113/><U20/><E5/><V30/><F135/><N who="1" m="51785" /><E129/><V65/><F128/><W28/><G28/><T33/><D33/><U73/><E73/><V75/><F65/><N who="3" m="39167" /><G106/><T41/><D130/><U60/><E60/><V121/><F121/><W62/><G62/><T32/><D32/><U120/><E120/><V100/><F100/><W71/><G71/><T87/><D117/><U36/><E49/><V110/><F75/><W64/><G64/><T98/><D126/><U18/><E18/><V7/><F72/><W13/><G125/><T6/><D6/><U15/><E15/><V81/><F7/><W119/><G119/><T45/><D98/><N who="3" m="37385" /><G13/><T38/><D38/><AGARI ba="0,0" hai="14,17,20,36,38,39,40,46,48,88,89" m="51785" machi="38" ten="30,2000,0" yaku="20,1,54,1" doraHai="122" who="1" fromWho="0" sc="265,-20,224,20,263,0,248,0" />
</Scene>
<Scene>
<INIT seed="3,0,0,0,3,14" ten="245,244,263,248" oya="3" hai0="86,96,64,87,114,115,57,116,48,19,89,95,88" hai1="84,132,8,108,24,28,91,70,110,25,22,1,0" hai2="78,36,53,17,33,113,121,71,66,92,126,118,123" hai3="105,41,27,6,100,30,7,128,60,3,129,18,103"/><W21/><G41/><T15/><D116/><U135/><E70/><V106/><F106/><W104/><G60/><T133/><D133/><N who="1" m="51275" /><E91/><V69/><F118/><W127/><G127/><T37/><D37/><U35/><E84/><V12/><F113/><N who="0" m="43018" /><D64/><U61/><E61/><V99/><F36/><W124/><G124/><T16/><D15/><U134/><N who="1" m="51283" /><U39/><DORA hai="82" /><E39/><V79/><F33/><W101/><G30/><T62/><D96/><U130/><E130/><N who="3" m="50282" /><G3/><N who="1" m="1098" /><E8/><N who="2" m="6279" /><F53/><W55/><G55/><N who="0" m="31975" /><D62/><U44/><E44/><V94/><F126/><W5/><AGARI ba="0,0" hai="5,6,7,18,21,27,100,101,103,104,105" m="50282" machi="5" ten="40,3900,0" yaku="19,1,52,1" doraHai="14,82" who="3" fromWho="3" sc="245,-13,244,-13,263,-13,248,39" />
</Scene>
<Scene>
<INIT seed="3,1,0,0,0,107" ten="232,231,250,287" oya="3" hai0="34,44,119,125,82,29,33,73,70,40,66,74,118" hai1="13,87,31,95,49,19,112,132,12,64,25,17,41" hai2="133,80,52,54,114,131,63,123,51,134,101,117,7" hai3="97,76,79,62,65,110,106,24,68,98,71,72,22"/><W30/><G110/><T4/><D4/><U89/><E112/><V57/><F117/><N who="0" m="44554" /><D82/><U15/><E132/><N who="2" m="50795" /><F114/><W36/><G36/><N who="0" m="21511" /><D125/><U37/><E37/><V103/><F131/><W128/><G128/><T16/><D16/><N who="1" m="6219" /><E64/><V35/><F123/><W99/><G106/><T38/><D38/><U109/><E109/><V108/><F108/><W83/><REACH who="3" step="1"/><G79/><REACH who="3" ten="232,231,250,277" step="2"/><T127/><D127/><U96/><E25/><V1/><F101/><W45/><G45/><T39/><D39/><U53/><E41/><V93/><F103/><W122/><G122/><T21/><D21/><U116/><E116/><V121/><F121/><W86/><G86/><T5/><D33/><U94/><E31/><V50/><F35/><W81/><G81/><T9/><D29/><U2/><E2/><V3/><F80/><W105/><G105/><T111/><D34/><U135/><E135/><V84/><F1/><W67/><G67/><T18/><D111/><U20/><E20/><V129/><F129/><W113/><G113/><T55/><D66/><U100/><E12/><V14/><F3/><W77/><G77/><T42/><D9/><U92/><E92/><V26/><F93/><W0/><G0/><T75/><D70/><AGARI ba="1,1" hai="22,24,30,62,65,68,70,71,72,76,83,97,98,99" machi="70" ten="40,3900,0" yaku="1,1,52,1,53,0" doraHai="107" doraHaiUra="48" who="3" fromWho="0" sc="232,-42,231,0,250,0,277,52" owari="190,-31.0,231,-17.0,250,5.0,329,43.0" />
</Scene>
</mjloggm>