<mjloggm ver="2.3"><GO type="169" lobby="0"/><UN n0="%E5%A4%AA%E3%81%8F%E3%81%AA%E3%81%84%E3%81%8A" n1="%E3%82%BC%E3%83%B3%E3%83%84%E3%83%83%E3%83%91" n2="%47%E3%83%A8%E9%BE%8D%E9%96%80" n3="%E3%82%A4%E3%83%AB%E3%83%91%E3%83%A9%E3%83%83%E3%83%84%E3%82%A9" dan="18,16,17,16" rate="2207.50,2121.09,2115.88,2059.28" sx="M,M,M,M"/><TAIKYOKU oya="0"/>

<Scene>
<INIT seed="0,0,0,2,3,75" ten="250,250,250,250" oya="0" hai0="7,135,98,83,111,8,74,87,121,126,115,99,30" hai1="31,24,5,21,127,54,49,13,62,26,15,130,78" hai2="18,113,120,82,36,123,1,2,14,29,133,0,70" hai3="44,61,60,66,93,95,59,6,25,65,71,48,125"/><T50/><D115/><U38/><E38/><V86/><F113/><W64/><G125/><T101/><D121/><U131/><E127/><V67/><F36/><W72/><G72/><T20/><D126/><U58/><E78/><V53/><F29/><W88/><G6/><T116/><D116/><U105/><E105/><V22/><F133/><W57/><G25/><T51/><D74/><U16/><E5/><V124/><F124/><W79/><G71/><T92/><D135/><U28/><E49/><V103/><F53/><W11/><G11/><T91/><D111/><U132/><E132/><V102/><F67/><W41/><G95/><T81/><D81/><U4/><E4/><V90/><REACH who="2" step="1"/><F70/><REACH who="2" ten="250,250,240,250" step="2"/><W17/><G64/><T118/><D118/><U39/><E39/><V122/><AGARI ba="0,1" hai="0,1,2,14,18,22,82,86,90,102,103,120,122,123" machi="122" ten="40,5200,0" yaku="1,1,2,1,0,1,53,0" doraHai="75" doraHaiUra="40" who="2" fromWho="2" sc="250,-26,250,-13,240,62,250,-13" />
</Scene>
<Scene>
<INIT seed="1,0,0,4,2,97" ten="224,237,302,237" oya="1" hai0="39,113,65,124,20,75,58,19,84,119,95,112,30" hai1="5,70,61,64,12,37,56,132,23,134,80,100,38" hai2="105,32,4,44,90,72,126,14,18,15,42,121,130" hai3="29,133,114,120,9,31,54,92,26,111,43,101,107"/><U82/><E82/><V115/><F121/><W76/><G76/><T63/><D75/><U71/><E80/><V98/><F130/><W25/><G43/><T28/><D39/><N who="1" m="14859" /><E5/><V125/><F32/><W52/><G114/><T10/><D119/><U127/><E12/><V123/><F115/><W35/><G111/><T89/><D124/><U88/><E23/><V68/><F68/><N who="1" m="26153" /><E88/><V135/><F123/><W94/><G133/><N who="1" m="51306" /><E100/><V60/><F72/><W46/><G120/><T106/><D113/><U2/><E2/><V27/><F15/><W34/><G9/><T102/><D112/><U83/><E83/><V36/><F27/><W7/><G7/><T45/><D10/><U110/><E110/><V0/><F4/><W66/><G101/><T13/><D106/><U17/><E17/><V49/><F0/><W109/><G107/><T1/><D1/><U21/><E21/><V51/><F135/><W50/><G109/><T33/><D102/><U81/><E81/><V74/><F74/><W131/><G131/><T99/><D84/><U3/><E3/><V85/><F105/><W48/><REACH who="3" step="1"/><G66/><REACH who="3" ten="224,237,302,227" step="2"/><T78/><D65/><U86/><E86/><V103/><F85/><W55/><G55/><T129/><D129/><U116/><E116/><V91/><F103/><W53/><G53/><T24/><D78/><U122/><E122/><V67/><F91/><W128/><G128/><T22/><D89/><U108/><E108/><V79/><F90/><W47/><AGARI ba="0,1" hai="25,26,29,31,34,35,46,47,48,50,52,54,92,94" machi="47" ten="20,16000,3" yaku="1,1,0,1,7,1,32,3,54,1,53,2" doraHai="97" doraHaiUra="41" who="3" fromWho="3" sc="224,-40,237,-80,302,-40,227,170" />
</Scene>
<Scene>
<INIT seed="2,0,0,3,0,55" ten="184,157,262,397" oya="2" hai0="27,20,26,69,127,47,88,34,64,56,65,90,67" hai1="101,8,41,77,48,12,32,35,16,17,14,24,112" hai2="40,79,5,33,80,59,52,107,129,13,30,0,42" hai3="71,21,39,116,110,60,126,70,58,29,18,133,72"/><V109/><F107/><W25/><G39/><T104/><D69/><U50/><E112/><V95/><F129/><W53/><G72/><T87/><D104/><U78/><E24/><V36/><F33/><W128/><G116/><T4/><D127/><U57/><E101/><V92/><F30/><W89/><G128/><T108/><D108/><U37/><E37/><V113/><F0/><W73/><G73/><T68/><D68/><U45/><E35/><V100/><F113/><W22/><G110/><T91/><D4/><U97/><E97/><N who="2" m="59431" /><F36/><W119/><G133/><T51/><D34/><U46/><E32/><V43/><F95/><W61/><G126/><T3/><D3/><U1/><E1/><V2/><F2/><W9/><G9/><T74/><D74/><U76/><E57/><V6/><F109/><W84/><G119/><T99/><D99/><U31/><E31/><V66/><F66/><N who="0" m="25706" /><D87/><U49/><E41/><V94/><F94/><W63/><G70/><T106/><D106/><U115/><E115/><V98/><F98/><W132/><G71/><T10/><D10/><AGARI ba="0,0" hai="8,10,12,14,16,17,45,46,48,49,50,76,77,78" machi="10" ten="40,5200,0" yaku="9,1,8,1,54,1" doraHai="55" who="1" fromWho="0" sc="184,-52,157,52,262,0,397,0" />
</Scene>
<Scene>
<INIT seed="3,0,0,4,0,28" ten="132,209,262,397" oya="3" hai0="19,12,89,134,90,128,100,62,38,104,101,117,103" hai1="55,109,119,41,53,120,68,81,123,69,0,88,46" hai2="91,83,110,76,85,118,16,57,86,95,64,121,135" hai3="84,29,4,50,51,72,43,22,2,23,31,102,9"/><W132/><G72/><T87/><D117/><U20/><E0/><V27/><F118/><W75/><G75/><T6/><D38/><U3/><E3/><V67/><F110/><W71/><G71/><T82/><D128/><U63/><E119/><V74/><F135/><W10/><G132/><T47/><D134/><U112/><E112/><V130/><F130/><W58/><G102/><T39/><D6/><U59/><E109/><V115/><F115/><W96/><G96/><T44/><D104/><U18/><E55/><V45/><F121/><W111/><G2/><T113/><D113/><U11/><E11/><N who="3" m="4106" /><G4/><T15/><D39/><U105/><E105/><V77/><F45/><N who="0" m="17482" /><D62/><U32/><E32/><V1/><F1/><W116/><G43/><T107/><D107/><U133/><E133/><V49/><F76/><W114/><G114/><T34/><D34/><U36/><E123/><V5/><F5/><W60/><G116/><T42/><D42/><U106/><E106/><V99/><F74/><W24/><G84/><N who="0" m="50327" /><D19/><U25/><REACH who="1" step="1"/><E120/><REACH who="1" ten="132,199,262,397" step="2"/><V40/><F40/><W48/><G111/><T78/><D78/><U98/><E98/><V65/><F99/><W94/><G23/><T52/><D52/><U66/><E66/><V7/><F67/><N who="3" m="39319" /><G94/><AGARI ba="0,1" hai="12,15,87,90,94,100,101,103" m="50327,17482" machi="94" ten="30,1000,0" yaku="8,1" doraHai="28" who="0" fromWho="3" sc="132,20,199,0,262,0,397,-10" />
</Scene>
<Scene>
<INIT seed="4,0,0,1,4,129" ten="152,199,262,387" oya="0" hai0="135,52,45,121,71,74,128,83,67,82,66,20,42" hai1="51,101,108,109,63,86,80,7,50,100,91,114,105" hai2="81,117,53,133,113,61,55,68,2,78,40,69,72" hai3="57,89,48,120,87,21,123,49,6,76,27,110,119"/><T65/><D121/><N who="3" m="46665" /><G119/><T62/><D128/><U125/><E125/><V84/><F117/><W28/><G110/><T0/><D0/><U106/><E7/><V94/><F113/><W77/><G6/><T5/><D5/><U14/><E14/><V96/><F2/><W29/><G28/><T104/><D104/><N who="1" m="40043" /><E63/><V73/><F40/><W59/><G57/><N who="0" m="35111" /><D74/><U38/><E50/><N who="3" m="19562" /><G59/><T115/><D115/><U64/><E51/><V12/><F61/><W44/><G44/><T93/><D71/><U15/><E15/><V60/><F12/><W3/><G3/><T99/><D45/><U111/><E64/><V19/><F84/><W70/><G70/><T56/><D42/><U131/><E38/><V9/><F53/><W22/><G21/><T124/><D124/><U116/><E116/><V118/><F118/><W79/><G79/><T30/><D56/><U127/><E114/><V122/><F69/><W97/><G22/><T126/><D126/><U46/><E46/><V24/><F60/><W75/><G27/><N who="0" m="16743" /><D135/><U4/><E4/><V54/><F133/><W10/><G75/><T33/><D33/><U8/><E8/><V23/><F73/><W37/><G10/><T11/><D11/><U34/><E34/><V92/><F122/><W43/><G37/><T36/><D36/><U1/><E1/><V32/><F68/><W16/><G43/><T130/><D130/><U26/><E131/><V39/><F39/><W103/><G29/><T31/><D31/><U98/><E127/><V90/><F32/><W47/><G47/><T112/><D112/><U17/><E109/><RYUUKYOKU ba="0,0" sc="152,30,199,-10,262,-10,387,-10" hai0="65,66,67,82,83,93,99" />
</Scene>
<Scene>
<INIT seed="4,1,0,3,1,38" ten="182,189,252,377" oya="0" hai0="12,93,132,13,69,68,116,52,62,60,120,55,72" hai1="131,59,30,14,94,79,114,67,36,66,90,129,0" hai2="73,44,31,48,2,34,70,71,75,29,118,87,82" hai3="24,105,91,51,86,115,135,128,15,33,106,49,21"/><T124/><D72/><U103/><E0/><V88/><F2/><W117/><G117/><T74/><D74/><U119/><E119/><V126/><F126/><W102/><G135/><T61/><D116/><U89/><E36/><V83/><F118/><W3/><G3/><T8/><D120/><U130/><E79/><V1/><F1/><W47/><G128/><T17/><D132/><U121/><E121/><V109/><F109/><W23/><G115/><T46/><D124/><U35/><E114/><V19/><F19/><W6/><G102/><T134/><D134/><U113/><E113/><V28/><F34/><W80/><G33/><T111/><D111/><U85/><E103/><V37/><F37/><W101/><G101/><T40/><D93/><U107/><E107/><V42/><REACH who="2" step="1"/><F75/><REACH who="2" ten="182,189,242,377" step="2"/><W16/><G6/><T5/><D69/><U57/><E35/><V11/><F11/><W92/><G21/><N who="0" m="11431" /><D68/><U112/><E112/><V127/><F127/><W110/><G110/><T81/><D81/><U77/><E131/><V84/><F84/><W39/><G80/><T56/><D56/><U18/><E59/><V41/><F41/><W50/><G39/><T10/><D10/><U104/><E130/><V58/><F58/><W45/><G23/><T63/><N who="0" m="15872" /><DORA hai="54" /><T123/><D123/><U133/><E129/><V25/><F25/><W43/><G24/><T22/><D22/><U26/><E133/><V78/><AGARI ba="1,1" hai="28,29,31,42,44,48,70,71,73,78,82,83,87,88" machi="78" ten="30,7900,0" yaku="1,1,0,1,52,1,54,1,53,0" doraHai="38,54" doraHaiUra="125,7" who="2" fromWho="2" sc="182,-40,189,-21,242,92,377,-21" />
</Scene>
<Scene>
<INIT seed="5,0,0,3,2,114" ten="142,168,334,356" oya="1" hai0="131,8,126,116,0,135,67,40,133,81,107,46,132" hai1="118,58,68,89,7,18,93,1,112,11,57,83,32" hai2="51,43,19,38,76,12,96,22,14,55,30,73,85" hai3="4,117,5,45,37,33,104,71,26,111,35,34,62"/><U134/><E68/><V125/><F125/><W44/><G111/><T119/><D107/><U36/><E36/><V80/><F30/><W9/><G26/><T53/><D126/><U23/><E32/><V72/><F96/><W99/><G5/><N who="0" m="1063" /><D131/><U79/><E112/><V115/><F115/><W29/><G29/><T28/><D67/><U49/><E134/><N who="0" m="34305" /><T31/><DORA hai="10" /><D53/><U16/><E118/><N who="0" m="45097" /><D81/><U21/><E21/><V109/><F80/><W110/><G117/><T75/><D75/><U78/><E18/><V25/><F73/><W128/><G104/><T113/><D113/><U77/><E83/><V124/><F19/><W82/><G128/><T3/><D3/><U91/><E49/><AGARI ba="0,0" hai="28,31,40,46,49" m="45097,34305,1063" machi="49" ten="40,8000,1" yaku="20,1,52,3" doraHai="114,10" who="0" fromWho="1" sc="142,80,168,-80,334,0,356,0" />
</Scene>
<Scene>
<INIT seed="6,0,0,2,1,54" ten="222,88,334,356" oya="2" hai0="22,98,42,102,7,12,78,48,63,58,15,118,77" hai1="1,6,44,65,127,68,5,90,104,106,30,3,28" hai2="14,80,49,25,85,31,19,76,109,57,0,95,88" hai3="114,43,23,67,13,72,132,36,64,38,74,53,125"/><V29/><F0/><W24/><G13/><T45/><D118/><U62/><E44/><V83/><F109/><W51/><G132/><T27/><D15/><U86/><E127/><V126/><F126/><W87/><G125/><T60/><D60/><U46/><E46/><V119/><F119/><W115/><G87/><T40/><D40/><U11/><E106/><V107/><F107/><W4/><G4/><T89/><D12/><U130/><E104/><V100/><F100/><W50/><G24/><T73/><D73/><U79/><E79/><V52/><F25/><W124/><G23/><T41/><D7/><U116/><E116/><V112/><F112/><N who="3" m="43051" /><G124/><T96/><D42/><U33/><E33/><V75/><F80/><W93/><G93/><N who="0" m="58639" /><D89/><U2/><E130/><V117/><F117/><W99/><G99/><T84/><D84/><U123/><E123/><V34/><F34/><W39/><G72/><T70/><D70/><U105/><E105/><V128/><F128/><W108/><G74/><T129/><D98/><U9/><REACH who="1" step="1"/><E1/><REACH who="1" ten="222,78,334,356" step="2"/><V103/><F103/><W101/><G108/><T35/><D35/><U16/><E16/><V10/><AGARI ba="0,1" hai="10,14,19,29,31,49,52,57,75,76,83,85,88,95" machi="10" ten="20,12000,1" yaku="0,1,7,1,52,1,54,2" doraHai="54" who="2" fromWho="2" sc="222,-40,78,-40,334,130,356,-40" />
</Scene>
<Scene>
<INIT seed="6,1,0,1,5,58" ten="182,38,464,316" oya="2" hai0="122,89,111,11,56,120,75,101,65,37,67,40,43" hai1="39,92,109,12,127,126,90,8,123,83,35,61,74" hai2="70,14,104,26,62,107,69,131,64,9,57,24,18" hai3="110,45,36,94,25,96,133,73,106,30,28,7,68"/><V49/><F131/><W130/><G28/><T113/><D75/><U6/><E109/><V87/><F87/><W20/><G110/><T118/><D101/><U132/><E39/><V46/><F26/><W54/><G130/><T78/><D78/><U93/><E35/><V55/><REACH who="2" step="1"/><F24/><REACH who="2" ten="182,38,454,316" step="2"/><W19/><G25/><T41/><D111/><U63/><E132/><V27/><F27/><W128/><G133/><T108/><D108/><U114/><E114/><V121/><F121/><W91/><G128/><T23/><D113/><U99/><E123/><V124/><F124/><N who="1" m="47657" /><E93/><V115/><F115/><W105/><G94/><T1/><D122/><U72/><E83/><V33/><F33/><W38/><G73/><AGARI ba="1,1" hai="6,8,12,61,63,72,73,74,90,92,99" m="47657" machi="73" ten="30,3900,0" yaku="18,1,52,2" doraHai="58" who="1" fromWho="3" sc="182,0,38,52,454,0,316,-42" />
</Scene>
<Scene>
<INIT seed="7,0,0,0,1,24" ten="182,90,454,274" oya="3" hai0="82,75,49,13,20,3,14,126,112,130,72,31,99" hai1="16,6,89,86,111,114,102,83,8,109,121,81,124" hai2="119,38,12,88,118,17,85,135,123,41,133,134,127" hai3="76,54,36,132,26,21,30,74,90,34,37,23,22"/><W98/><G132/><T53/><D3/><U35/><E114/><V28/><F28/><W51/><G76/><T101/><D112/><U63/><E124/><V32/><F32/><W129/><G74/><T60/><D60/><U10/><E121/><V40/><F127/><W92/><REACH who="3" step="1"/><G129/><REACH who="3" ten="182,90,454,264" step="2"/><T78/><D75/><U94/><E111/><V128/><F123/><W93/><G93/><T95/><D130/><U122/><E109/><V48/><F128/><W71/><G71/><T19/><D126/><U104/><E122/><V77/><F77/><W45/><AGARI ba="0,1" hai="21,22,23,26,30,34,36,37,45,51,54,90,92,98" machi="45" ten="30,6000,0" yaku="1,1,0,1,52,1,53,0" doraHai="24" doraHaiUra="66" who="3" fromWho="3" sc="182,-20,90,-20,454,-20,264,70" />
</Scene>
<Scene>
<INIT seed="7,1,0,5,3,51" ten="162,70,434,334" oya="3" hai0="44,74,89,106,76,85,6,18,132,117,54,41,46" hai1="100,69,81,105,92,73,39,107,114,31,110,58,37" hai2="64,108,40,45,20,129,120,5,96,70,103,27,101" hai3="14,17,75,65,97,99,93,32,26,94,122,95,102"/><W22/><G75/><T42/><D117/><U119/><E110/><V24/><F108/><W68/><G122/><T53/><D106/><U34/><E119/><V60/><F129/><W13/><G68/><T28/><D28/><U71/><E114/><V19/><F120/><W30/><G97/><T7/><D76/><U91/><E105/><V82/><F82/><W12/><REACH who="3" step="1"/><G65/><REACH who="3" ten="162,70,434,324" step="2"/><T3/><D74/><U47/><E71/><V130/><F130/><W57/><G57/><T21/><D132/><U11/><E69/><V77/><F96/><W59/><G59/><T0/><D85/><U29/><E73/><V50/><F77/><W116/><G116/><T84/><D84/><U83/><E107/><AGARI ba="1,1" hai="12,13,14,17,22,26,30,32,93,94,95,99,102,107" machi="107" ten="40,12000,1" yaku="1,1,53,3" doraHai="51" doraHaiUra="9" who="3" fromWho="1" sc="162,0,70,-123,434,0,324,133" owari="162,-24.0,-53,-55.0,434,23.0,457,56.0" />
</Scene>
</mjloggm>