<mjloggm ver="2.3"><GO type="169" lobby="0"/><UN n0="%E5%A4%AA%E3%81%8F%E3%81%AA%E3%81%84%E3%81%8A" n1="%E3%81%97%E3%81%8A%E3%81%BE%E3%81%AD%E3%81%8D" n2="%6D%75%6B%69%74%74%69" n3="%E6%B0%B7%E6%B2%B3%E9%A2%A8" dan="17,17,16,18" rate="2177.70,2161.48,2091.85,2171.09" sx="M,M,M,M"/><TAIKYOKU oya="0"/>

<Scene>
<INIT seed="0,0,0,3,2,15" ten="250,250,250,250" oya="0" hai0="80,123,101,37,17,59,61,135,110,29,76,79,30" hai1="122,87,82,89,97,16,35,81,18,133,19,0,34" hai2="84,26,23,40,124,9,22,95,33,90,47,44,74" hai3="28,38,67,132,121,60,39,51,48,21,126,4,128"/><T102/><D123/><U93/><E122/><V104/><F74/><W32/><G32/><T100/><D37/><U49/><E0/><V10/><F104/><W7/><G121/><T94/><D135/><U50/><E133/><V31/><F124/><W107/><G107/><T119/><D119/><U99/><E35/><V71/><F71/><W53/><G132/><T1/><D1/><U41/><E34/><V11/><REACH who="2" step="1"/><F47/><REACH who="2" ten="250,250,240,250" step="2"/><W134/><G126/><T109/><D109/><U12/><E12/><V6/><F6/><W3/><G4/><T46/><D46/><N who="1" m="25807" /><E50/><AGARI ba="0,1" hai="9,10,11,22,23,26,31,33,40,44,50,84,90,95" machi="50" ten="40,2600,0" yaku="1,1,53,1" doraHai="15" doraHaiUra="43" who="2" fromWho="1" sc="250,0,250,-26,240,36,250,0" />
</Scene>
<Scene>
<INIT seed="1,0,0,5,4,66" ten="250,224,276,250" oya="1" hai0="130,42,75,23,81,103,102,104,65,107,63,34,67" hai1="90,82,71,37,84,121,43,119,55,98,96,8,74" hai2="76,25,101,114,97,30,87,26,118,21,12,110,38" hai3="44,56,33,3,95,127,94,129,24,64,134,13,89"/><U1/><E121/><V123/><F123/><W50/><G3/><T133/><D34/><U5/><E119/><V73/><F118/><W20/><G134/><T92/><D42/><U60/><E74/><V68/><F73/><W32/><G129/><T124/><D92/><U36/><E43/><V31/><F38/><W77/><G77/><T122/><D122/><U54/><E54/><V28/><F110/><W106/><G106/><T132/><D130/><U117/><E117/><V108/><F108/><W72/><G72/><T128/><D128/><U126/><E126/><V35/><F114/><W93/><G13/><T58/><D124/><U51/><E96/><V70/><F31/><W88/><G32/><T91/><D23/><U47/><REACH who="1" step="1"/><E98/><REACH who="1" ten="250,214,276,250" step="2"/><V46/><F97/><W62/><G127/><T59/><D75/><U2/><E2/><V4/><F87/><W9/><G33/><T41/><D41/><U61/><E61/><V27/><F35/><W15/><G50/><T112/><D63/><U120/><E120/><V83/><F30/><N who="3" m="17671" /><G44/><T116/><D116/><U7/><E7/><AGARI ba="0,1" hai="7,9,15,56,62,64,88,89,93,94,95" m="17671" machi="7" ten="30,2000,0" yaku="8,1,54,1" doraHai="66" who="3" fromWho="1" sc="250,0,214,-20,276,0,250,30" />
</Scene>
<Scene>
<INIT seed="2,0,0,1,0,65" ten="250,194,276,280" oya="2" hai0="35,22,93,4,54,46,14,79,37,49,116,47,77" hai1="75,63,31,24,72,98,10,16,71,126,88,95,86" hai2="1,25,33,122,73,104,82,42,81,9,106,115,130" hai3="66,132,21,8,107,114,133,15,119,96,110,105,112"/><V0/><F122/><W11/><G119/><T17/><D35/><U3/><E126/><V102/><F115/><N who="3" m="44075" /><G110/><T2/><D116/><U12/><E3/><V48/><F130/><W43/><G43/><T124/><D124/><U34/><E71/><V53/><F42/><W13/><G21/><T45/><D37/><U92/><REACH who="1" step="1"/><E63/><REACH who="1" ten="250,184,276,280" step="2"/><V44/><F1/><W101/><G66/><T30/><D2/><U27/><E27/><V118/><F25/><W125/><G125/><T40/><D14/><N who="3" m="5129" /><G107/><T20/><D40/><U87/><E87/><V29/><F106/><W58/><G58/><T99/><D46/><U55/><E55/><V56/><F53/><W113/><G113/><T80/><D47/><U97/><E97/><V23/><F44/><W59/><G59/><T111/><D45/><U19/><E19/><V129/><F0/><W6/><G6/><T127/><D17/><U83/><E83/><V67/><F82/><W60/><G60/><T51/><D80/><U32/><E32/><V69/><F33/><W123/><G123/><T134/><D4/><U94/><E94/><V135/><F81/><W78/><G105/><T109/><D127/><U91/><AGARI ba="0,1" hai="10,12,16,24,31,34,72,75,86,88,91,92,95,98" machi="91" ten="20,8000,1" yaku="1,1,0,1,7,1,54,2,53,0" doraHai="65" doraHaiUra="61" who="1" fromWho="1" sc="250,-20,184,90,276,-40,280,-20" />
</Scene>
<Scene>
<INIT seed="3,0,0,2,1,32" ten="230,274,236,260" oya="3" hai0="73,127,66,133,39,59,69,65,5,115,134,37,97" hai1="12,135,17,13,45,23,126,116,6,78,50,103,122" hai2="42,8,19,123,47,108,106,70,30,100,20,113,60" hai3="104,88,33,18,56,131,79,49,38,4,125,57,22"/><W27/><G38/><N who="0" m="14347" /><D73/><U75/><E135/><N who="0" m="51721" /><D97/><U31/><E126/><V26/><F113/><W95/><G125/><T111/><D127/><U107/><E122/><V63/><F123/><W72/><G104/><T43/><D5/><U48/><E116/><V44/><F108/><W46/><G131/><T55/><D111/><U53/><E78/><V34/><F8/><W51/><G33/><T76/><D76/><U84/><E84/><V1/><F70/><W24/><G4/><T82/><D82/><U21/><E75/><V80/><F80/><W14/><G79/><T114/><D43/><U10/><E103/><V64/><F106/><W25/><G72/><T11/><D11/><U16/><E107/><V129/><F42/><N who="3" m="24791" /><G51/><N who="0" m="31231" /><D69/><U81/><E81/><V67/><F34/><W124/><G124/><T35/><D35/><U130/><E130/><V96/><F129/><W54/><G95/><T89/><D89/><U29/><REACH who="1" step="1"/><E50/><REACH who="1" ten="230,264,236,260" step="2"/><V40/><F100/><W121/><G121/><T117/><D117/><U85/><E85/><V101/><F101/><W9/><G88/><T7/><D7/><U119/><E119/><V128/><F128/><W87/><G87/><T98/><D98/><U91/><E91/><V110/><F96/><W92/><G92/><T105/><D105/><U112/><E112/><AGARI ba="0,1" hai="65,66,112,114,115" m="31231,51721,14347" machi="112" ten="40,8000,1" yaku="11,1,20,1,34,2" doraHai="32" who="0" fromWho="1" sc="230,90,264,-80,236,0,260,0" />
</Scene>
<Scene>
<INIT seed="4,0,0,3,1,53" ten="320,184,236,260" oya="0" hai0="16,42,24,88,69,94,0,49,99,97,127,67,91" hai1="7,74,3,12,8,119,2,66,76,134,73,62,125" hai2="1,51,89,77,112,83,122,46,121,71,96,54,90" hai3="44,13,100,115,37,41,59,61,98,14,78,26,36"/><T45/><D0/><U113/><E119/><V95/><F1/><W64/><G115/><T123/><D123/><U10/><E134/><V75/><F112/><W104/><G37/><T108/><D127/><U19/><E125/><V4/><F4/><W135/><G135/><T57/><D69/><U101/><E101/><V9/><F9/><W70/><G78/><T11/><D108/><U35/><E35/><V131/><F71/><W93/><G104/><T34/><D34/><U116/><E116/><V79/><F131/><W56/><REACH who="3" step="1"/><G26/><REACH who="3" ten="320,184,236,250" step="2"/><T28/><D24/><U68/><E113/><V33/><F79/><W23/><G23/><T87/><D28/><U48/><E76/><V5/><F77/><W25/><G25/><T92/><D87/><U132/><E132/><V103/><F122/><W6/><G6/><T20/><D20/><U82/><E2/><V58/><F5/><W27/><G27/><T81/><D11/><U110/><E110/><V15/><F121/><W38/><G38/><T118/><D118/><U130/><E130/><V133/><F133/><W106/><G106/><T102/><D16/><U18/><E19/><V39/><F33/><W30/><G30/><T17/><D17/><U65/><E18/><V126/><F39/><W63/><G63/><N who="0" m="38383" /><D81/><U124/><E82/><V80/><F80/><W50/><G50/><T40/><D102/><U29/><E29/><V86/><F103/><W111/><G111/><T109/><D109/><U128/><E124/><V60/><F126/><W47/><G47/><T21/><D21/><U84/><E128/><V85/><F83/><RYUUKYOKU ba="0,1" sc="320,15,184,-15,236,-15,250,15" hai0="40,42,45,49,88,91,92,94,97,99" hai3="13,14,36,41,44,56,59,61,64,70,93,98,100" />
</Scene>
<Scene>
<INIT seed="4,1,1,4,4,123" ten="335,169,221,265" oya="0" hai0="85,1,102,69,135,9,7,14,80,53,119,87,130" hai1="33,58,65,13,91,70,83,98,121,133,111,16,37" hai2="57,77,127,29,55,54,84,20,38,110,103,43,92" hai3="8,0,118,44,60,75,78,105,62,86,63,129,18"/><T82/><D119/><U52/><E121/><V72/><F72/><W66/><G105/><T46/><D69/><U90/><E33/><V81/><F127/><W59/><G75/><T51/><D135/><U22/><E37/><V39/><F110/><W94/><G118/><T56/><D130/><U11/><E133/><V27/><F43/><W74/><G74/><T61/><D102/><U35/><E35/><V116/><F116/><W19/><G129/><T96/><D96/><U5/><E65/><V4/><F4/><W40/><G0/><T30/><D30/><U134/><E70/><V104/><F104/><W132/><G132/><T23/><D23/><U45/><E134/><V6/><F6/><W48/><G8/><T21/><D21/><U49/><E111/><V88/><F103/><W17/><G94/><T2/><D85/><U97/><E58/><V120/><F120/><W67/><REACH who="3" step="1"/><G59/><REACH who="3" ten="335,169,221,255" step="2"/><T12/><D1/><U42/><E42/><V68/><F68/><W24/><G24/><T41/><REACH who="0" step="1"/><D80/><AGARI ba="1,2" hai="17,18,19,40,44,48,60,62,63,66,67,78,80,86" machi="80" ten="40,2600,0" yaku="1,1,8,1,53,0" doraHai="123" doraHaiUra="107" who="3" fromWho="0" sc="335,-29,169,0,221,0,255,49" />
</Scene>
<Scene>
<INIT seed="5,0,0,1,4,63" ten="306,169,221,304" oya="1" hai0="52,19,68,5,124,26,128,33,100,82,107,78,99" hai1="30,126,22,59,23,17,91,58,0,76,117,93,69" hai2="35,75,29,72,49,96,50,118,87,121,90,56,60" hai3="57,129,8,2,10,1,24,31,71,127,123,13,74"/><U80/><E69/><V28/><F118/><W64/><G71/><T115/><D5/><U38/><E0/><V47/><F121/><W62/><G74/><T102/><D102/><U94/><E38/><V119/><F119/><W37/><G37/><T54/><D68/><U45/><E117/><V120/><F120/><W48/><G123/><T105/><D105/><U125/><E45/><V14/><F96/><W77/><G77/><T36/><D36/><U79/><E80/><V18/><F75/><W32/><G129/><T73/><D128/><U20/><E17/><V135/><F72/><W132/><G132/><T92/><D115/><U83/><E83/><N who="2" m="49535" /><F35/><W108/><G108/><T55/><D124/><N who="1" m="47723" /><E30/><N who="2" m="11883" /><F47/><W7/><G127/><T70/><D70/><U110/><E110/><V65/><F135/><W4/><G48/><T112/><D112/><U11/><E11/><AGARI ba="0,0" hai="11,14,18,49,50,56,60,65" m="11883,49535" machi="11" ten="30,2000,0" yaku="8,1,52,1" doraHai="63" who="2" fromWho="1" sc="306,0,169,-20,221,20,304,0" />
</Scene>
<Scene>
<INIT seed="6,0,0,2,1,7" ten="306,149,241,304" oya="2" hai0="99,123,77,92,118,101,80,26,51,14,72,4,53" hai1="11,116,59,75,63,135,33,55,95,41,62,114,89" hai2="52,108,133,104,109,115,86,85,22,6,9,90,132" hai3="60,121,88,102,106,98,65,35,119,66,17,25,49"/><V122/><F104/><W10/><G119/><T78/><D123/><U94/><E75/><V127/><F122/><W45/><G121/><T81/><D118/><U36/><E33/><V126/><F115/><W34/><G65/><T48/><D26/><U117/><E114/><V56/><F22/><W42/><G88/><T3/><D3/><U13/><E135/><N who="2" m="51787" /><F90/><W38/><G38/><T37/><D37/><U20/><E95/><V79/><F79/><W40/><G40/><T58/><D4/><U130/><E62/><N who="2" m="36103" /><F86/><W111/><G111/><N who="2" m="42569" /><F85/><W91/><G91/><T83/><D72/><U134/><E20/><V57/><F57/><W107/><G107/><T100/><D100/><U5/><E134/><V54/><F54/><W125/><G25/><T131/><D78/><U73/><E73/><V128/><F128/><W2/><G34/><T113/><D131/><U67/><E130/><V64/><F64/><W32/><G32/><T76/><D113/><U21/><E21/><V87/><F87/><W124/><G35/><T105/><D105/><U18/><E67/><V30/><F30/><W71/><G106/><T19/><D77/><U61/><E117/><V8/><F6/><N who="3" m="1367" /><G102/><T16/><D76/><U74/><E116/><V96/><F96/><W29/><G98/><T23/><D19/><U68/><E5/><V27/><F27/><W112/><G112/><T129/><D129/><U0/><E74/><V47/><F47/><W70/><G17/><T43/><D81/><U120/><E120/><V44/><F44/><AGARI ba="0,0" hai="14,16,23,43,44,48,51,53,58,80,83,92,99,101" machi="44" ten="40,2600,0" yaku="8,1,54,1" doraHai="7" who="0" fromWho="2" sc="306,26,149,0,241,-26,304,0" />
</Scene>
<Scene>
<INIT seed="7,0,0,4,5,94" ten="332,149,215,304" oya="3" hai0="102,128,108,34,134,129,43,109,96,117,119,88,99" hai1="78,20,97,49,116,23,70,9,15,45,115,114,6" hai2="75,37,19,11,90,125,104,107,135,41,27,7,95" hai3="126,124,17,84,85,58,92,98,53,4,69,51,48"/><W24/><G69/><T118/><D34/><U121/><E70/><V86/><F75/><W76/><G4/><T64/><D64/><U35/><E35/><V42/><F125/><N who="3" m="48235" /><G76/><T131/><D134/><U112/><E121/><V10/><F135/><W12/><G51/><T47/><D88/><U32/><E32/><V5/><F11/><N who="3" m="6303" /><G24/><T28/><D28/><U79/><E116/><V82/><F107/><W80/><G80/><T66/><D66/><U36/><E36/><V13/><F104/><W101/><AGARI ba="0,0" hai="48,53,58,84,85,92,98,101" m="6303,48235" machi="101" ten="30,3000,0" yaku="18,1,52,1" doraHai="94" who="3" fromWho="3" sc="332,-10,149,-10,215,-10,304,30" owari="322,12.0,139,-36.0,205,-19.0,334,43.0" />
</Scene>
</mjloggm>