<mjloggm ver="2.3"><GO type="169" lobby="0"/><UN n0="%E5%A4%AA%E3%81%8F%E3%81%AA%E3%81%84%E3%81%8A" n1="%E9%BA%BB%E9%9B%80%E7%89%87%E6%83%B3%E3%81%84" n2="%EF%BC%A6%EF%BC%B8%E9%9B%80%E5%A3%AB" n3="%E3%82%A2%E3%83%AB%E3%83%87%E3%83%B3%E3%83%86" dan="17,16,17,16" rate="2206.93,2093.25,2143.03,2025.70" sx="M,M,M,M"/><TAIKYOKU oya="0"/>

<Scene>
<INIT seed="0,0,0,0,2,62" ten="250,250,250,250" oya="0" hai0="14,16,49,92,95,121,130,127,96,38,111,45,34" hai1="27,65,115,4,58,85,30,19,56,73,91,88,41" hai2="54,22,13,60,84,70,7,44,67,46,99,28,26" hai3="80,63,61,10,103,123,18,71,100,90,129,51,83"/><T2/><D121/><U97/><E73/><V52/><F84/><N who="3" m="50439" /><G123/><T68/><D2/><U125/><E4/><V128/><F128/><W117/><G71/><T72/><D34/><U29/><E41/><V1/><F1/><W15/><G117/><T114/><D114/><U135/><E135/><V43/><F99/><W120/><G120/><T40/><D72/><U9/><E125/><V87/><F87/><W124/><G124/><T64/><D127/><U21/><E115/><V31/><F31/><N who="1" m="11785" /><E97/><V126/><F126/><W11/><G129/><T107/><D130/><U119/><E119/><V78/><F78/><W105/><G105/><T39/><D107/><U113/><E113/><V104/><F104/><W108/><G83/><T134/><D134/><U66/><E9/><V20/><F7/><W94/><G108/><T106/><D106/><U102/><E102/><N who="3" m="38954" /><G94/><T122/><D122/><U118/><E118/><V8/><F8/><W132/><G132/><T77/><D111/><U0/><E0/><V37/><REACH who="2" step="1"/><F46/><REACH who="2" ten="250,250,240,250" step="2"/><W35/><G10/><T25/><D77/><U48/><E48/><V93/><F93/><W75/><G75/><T5/><D95/><N who="1" m="54671" /><E91/><V33/><F33/><W55/><G35/><T81/><D81/><U6/><E6/><V12/><F12/><W116/><G116/><T82/><D82/><U101/><E101/><V32/><F32/><W42/><G11/><N who="0" m="4463" /><D92/><U59/><AGARI ba="0,1" hai="19,21,27,56,58,59,65,66" m="54671,11785" machi="59" ten="30,7900,0" yaku="8,1,52,2,54,1" doraHai="62" who="1" fromWho="1" sc="250,-39,250,89,240,-20,250,-20" />
</Scene>
<Scene>
<INIT seed="1,0,0,3,3,96" ten="211,339,220,230" oya="1" hai0="76,120,23,73,19,114,103,51,77,129,15,98,78" hai1="107,11,116,109,119,125,47,20,37,49,43,83,91" hai2="110,42,84,56,75,58,36,16,39,29,2,101,62" hai3="80,24,55,10,68,122,13,14,69,118,127,46,61"/><U5/><E125/><V111/><F75/><W67/><G122/><T38/><D38/><N who="2" m="14378" /><F29/><W115/><G115/><T133/><D114/><U54/><E107/><V104/><F2/><W34/><G127/><T93/><D120/><U52/><E109/><N who="2" m="41483" /><F42/><W89/><G118/><T90/><D133/><U4/><E20/><V95/><F62/><W82/><G61/><T128/><D73/><U53/><E37/><V45/><F45/><W112/><G46/><T31/><D31/><U113/><E113/><V63/><F63/><W131/><G131/><N who="0" m="50251" /><D51/><U25/><E25/><V6/><F6/><W64/><G24/><T35/><D35/><U117/><E11/><V130/><F104/><W88/><G34/><T57/><D57/><U66/><E66/><V79/><F58/><W87/><G112/><T124/><D124/><U32/><E32/><V81/><F56/><W44/><G44/><T30/><D30/><U60/><E60/><V9/><F130/><W40/><G40/><T70/><D70/><U72/><E72/><V50/><F50/><W99/><G10/><T85/><D76/><U108/><E108/><V106/><F9/><W48/><G48/><T121/><D121/><U86/><AGARI ba="0,0" hai="4,5,43,47,49,52,53,54,83,86,91,116,117,119" machi="86" ten="40,3900,0" yaku="0,1,54,1" doraHai="96" who="1" fromWho="1" sc="211,-13,339,39,220,-13,230,-13" />
</Scene>
<Scene>
<INIT seed="1,1,0,2,4,129" ten="198,378,207,217" oya="1" hai0="41,56,92,134,33,81,109,17,78,38,21,115,125" hai1="58,89,48,62,80,113,119,135,43,132,104,14,36" hai2="23,59,107,108,111,84,52,60,70,65,1,6,76" hai3="122,19,100,12,15,31,7,13,124,75,91,45,79"/><U106/><E119/><V77/><F107/><W18/><G122/><T90/><D115/><U72/><E36/><V85/><F23/><W82/><G124/><T121/><D33/><U69/><E69/><V118/><F118/><W46/><G100/><T27/><D125/><U71/><E71/><V133/><F76/><W131/><G131/><T47/><D121/><U51/><E14/><V54/><F54/><W57/><G7/><T22/><D109/><N who="2" m="42058" /><F77/><W117/><G117/><T126/><D126/><U95/><E80/><V25/><F25/><W66/><G31/><T99/><D56/><U53/><E72/><V83/><F83/><W5/><G5/><T74/><REACH who="0" step="1"/><D21/><REACH who="0" ten="188,378,207,217" step="2"/><U93/><E113/><V26/><F59/><W24/><G57/><T39/><D39/><U86/><E62/><V20/><F60/><W28/><G66/><T11/><D11/><U44/><REACH who="1" step="1"/><E95/><REACH who="1" ten="188,368,207,217" step="2"/><V123/><F123/><W103/><G82/><T114/><D114/><U37/><E37/><V68/><F68/><W110/><G110/><T4/><D4/><U94/><E94/><V34/><F70/><W112/><G112/><T96/><D96/><U32/><E32/><V116/><F34/><W105/><G105/><AGARI ba="1,2" hai="43,44,48,51,53,58,86,89,93,104,105,106,132,135" machi="105" ten="40,18000,2" yaku="1,1,52,2,53,3" doraHai="129" doraHaiUra="102" who="1" fromWho="3" sc="188,0,368,203,207,0,217,-183" />
</Scene>
<Scene>
<INIT seed="1,2,0,5,4,87" ten="188,571,207,34" oya="1" hai0="69,111,84,117,129,121,83,82,123,131,2,58,8" hai1="96,17,90,92,23,89,20,112,122,126,103,75,7" hai2="15,13,85,45,66,124,105,128,101,25,110,41,47" hai3="3,77,76,88,57,116,72,115,29,107,68,54,28"/><U61/><E75/><V52/><F66/><W0/><G115/><T32/><D69/><U59/><E122/><N who="0" m="46601" /><D32/><U106/><E126/><V97/><F124/><W53/><G57/><T56/><D117/><U18/><E7/><V65/><F65/><W26/><G116/><T70/><D70/><U132/><E132/><V44/><F110/><W22/><G107/><T16/><D111/><U33/><E33/><V1/><F1/><W80/><G68/><T64/><D83/><U71/><E71/><V104/><F104/><W62/><G29/><T55/><D64/><U46/><E46/><V95/><F128/><N who="0" m="49226" /><D55/><N who="1" m="34047" /><E106/><V37/><F25/><W91/><G76/><N who="0" m="46151" /><D2/><U9/><E112/><V74/><F74/><W135/><G135/><T130/><D130/><U48/><E48/><V31/><F31/><W120/><G120/><T30/><D30/><U98/><E23/><V102/><F37/><W36/><G36/><T63/><D63/><U5/><E20/><V134/><F134/><W50/><G0/><T27/><D27/><U113/><E113/><V51/><F45/><W42/><G3/><T38/><D38/><U49/><E49/><V99/><F47/><W93/><G62/><T109/><D109/><U86/><E5/><V78/><F41/><W19/><G28/><T94/><D16/><U6/><E6/><V35/><F35/><W118/><G118/><T11/><D58/><U60/><E60/><V21/><F21/><W119/><G119/><T43/><D56/><U67/><E67/><V127/><F127/><W12/><G22/><T114/><D114/><U125/><E125/><RYUUKYOKU ba="2,0" sc="188,-10,571,-10,207,30,34,-10" hai2="13,15,44,51,52,78,85,95,97,99,101,102,105" />
</Scene>
<Scene>
<INIT seed="2,3,0,4,0,38" ten="178,561,237,24" oya="2" hai0="36,93,117,51,102,76,91,96,72,115,23,35,133" hai1="3,82,80,135,132,116,1,104,62,108,123,65,42" hai2="131,10,58,7,16,74,50,98,127,29,14,97,77" hai3="13,100,120,9,33,90,101,0,106,130,25,24,57"/><V73/><F29/><W37/><G120/><T75/><D36/><U85/><E108/><V8/><F131/><W46/><G0/><T119/><D35/><U30/><E104/><V68/><F68/><W39/><G130/><T67/><D67/><U111/><E111/><V26/><F127/><W118/><G39/><T28/><D115/><U110/><E30/><V21/><F77/><W17/><G118/><N who="0" m="45067" /><D133/><U41/><E116/><V84/><F84/><W70/><G70/><T92/><D51/><U114/><E110/><V105/><F10/><W4/><G90/><T34/><D34/><U94/><E94/><V87/><F87/><W2/><G106/><T129/><D76/><U69/><E114/><V54/><REACH who="2" step="1"/><F105/><REACH who="2" ten="178,561,227,24" step="2"/><W134/><G134/><T63/><D129/><U47/><E132/><V59/><F59/><W53/><G57/><T40/><D28/><U107/><E107/><V99/><AGARI ba="3,1" hai="7,8,14,16,21,26,50,54,58,73,74,97,98,99" machi="99" ten="30,11700,0" yaku="1,1,0,1,54,1,53,1" doraHai="38" doraHaiUra="15" who="2" fromWho="2" sc="178,-42,561,-42,227,136,24,-42" owari="136,-26.0,519,62.0,363,16.0,-18,-52.0" />
</Scene>
</mjloggm>