<mjloggm ver="2.3"><GO type="169" lobby="0"/><UN n0="%E6%A1%9C%E4%BA%95%E3%81%95%E3%82%93" n1="%E5%A4%AA%E3%81%8F%E3%81%AA%E3%81%84%E3%81%8A" n2="%48%6F%6F%6F%6F%6F%6F%69" n3="%E3%80%90%E7%BD%AA%E6%AD%8C%E3%80%91" dan="16,17,16,18" rate="2097.28,2186.09,2095.38,2234.04" sx="M,M,M,F"/><TAIKYOKU oya="0"/>

<Scene>
<INIT seed="0,0,0,2,3,103" ten="250,250,250,250" oya="0" hai0="94,135,36,71,17,3,62,47,121,31,57,9,95" hai1="64,7,32,72,58,54,46,70,59,87,39,4,118" hai2="123,26,43,80,45,73,27,8,1,92,56,53,10" hai3="5,15,82,106,34,115,131,119,24,23,116,91,112"/><T101/><D121/><U55/><E72/><V89/><F123/><W65/><G65/><T93/><D71/><U102/><E32/><V97/><F73/><W129/><G91/><T98/><D135/><U113/><E118/><N who="3" m="45098" /><G82/><T83/><D31/><U104/><E113/><N who="3" m="43594" /><G34/><T125/><D125/><U13/><E87/><V74/><F74/><W78/><G78/><T68/><D68/><U30/><E70/><V132/><F80/><W42/><G42/><T124/><D124/><U2/><E64/><V37/><F132/><W77/><G77/><T52/><D83/><U86/><E86/><V66/><F66/><W0/><G0/><T33/><D33/><U84/><E84/><V28/><F1/><W127/><G127/><T133/><D133/><U126/><E2/><V22/><REACH who="2" step="1"/><F26/><REACH who="2" ten="250,250,240,250" step="2"/><W29/><G24/><T50/><D3/><U35/><E126/><V38/><F38/><W16/><G131/><T40/><D36/><U100/><E39/><V110/><F110/><W18/><G129/><T20/><D9/><U60/><E13/><AGARI ba="0,1" hai="13,17,20,40,47,50,52,57,62,93,94,95,98,101" machi="13" ten="30,5800,0" yaku="7,1,8,1,54,1" doraHai="103" who="0" fromWho="1" sc="250,68,250,-58,240,0,250,0" />
</Scene>
<Scene>
<INIT seed="0,1,0,5,2,3" ten="318,192,240,250" oya="0" hai0="100,76,129,135,46,5,104,99,133,97,114,127,71" hai1="82,7,124,132,79,126,17,84,23,116,121,52,36" hai2="37,44,31,11,95,77,4,106,131,122,18,16,111" hai3="78,59,105,53,55,45,12,92,107,40,27,98,2"/><T86/><D71/><U123/><E36/><V26/><F106/><W42/><G2/><T8/><D114/><U130/><E116/><V120/><F111/><W48/><G78/><T109/><D109/><U81/><E132/><N who="0" m="50761" /><D129/><U110/><E110/><V125/><F125/><N who="1" m="48233" /><E130/><V63/><F131/><W61/><G12/><N who="0" m="5135" /><D127/><U72/><E52/><V65/><F120/><W117/><G117/><T0/><D0/><U54/><E54/><V128/><F122/><W24/><G107/><T9/><D46/><U94/><E7/><V62/><F44/><W19/><G105/><T93/><D9/><U21/><E94/><V30/><F11/><W20/><REACH who="3" step="1"/><G27/><REACH who="3" ten="318,192,240,240" step="2"/><T32/><D104/><U10/><E10/><V38/><F26/><W68/><G68/><T25/><D25/><N who="1" m="14511" /><E23/><V34/><F128/><W112/><G112/><T51/><D32/><U15/><E15/><V70/><F34/><W134/><G134/><T6/><D76/><AGARI ba="1,1" hai="72,76,79,81,82,84,121,123" m="14511,48233" machi="76" ten="30,1000,0" yaku="18,1" doraHai="3" who="1" fromWho="0" sc="318,-13,192,23,240,0,240,0" />
</Scene>
<Scene>
<INIT seed="1,0,0,5,2,64" ten="305,215,240,240" oya="1" hai0="32,70,22,124,2,69,49,103,133,25,34,83,27" hai1="36,57,61,107,30,128,38,98,85,120,13,93,116" hai2="43,23,9,106,40,41,127,104,132,102,108,72,21" hai3="65,0,29,3,11,26,135,105,45,37,96,54,6"/><U125/><E116/><V117/><F117/><W17/><G135/><T110/><D2/><U71/><E120/><V113/><F108/><W87/><G87/><T112/><D112/><U129/><E125/><V134/><F72/><W58/><G17/><T74/><D110/><U39/><E30/><V80/><F127/><W5/><G65/><T4/><D124/><U130/><E71/><V86/><F9/><W84/><G84/><T59/><D4/><U19/><E107/><N who="2" m="41003" /><F102/><W97/><G105/><T92/><D133/><N who="2" m="51306" /><F113/><W94/><G6/><T123/><D123/><U73/><E85/><V16/><F16/><W88/><G97/><T67/><D103/><N who="1" m="60879" /><E73/><V126/><F126/><W121/><G121/><T24/><D74/><U56/><E61/><V14/><F14/><W75/><G75/><T91/><D32/><U15/><E15/><V114/><F114/><W31/><G26/><T8/><D34/><U77/><E77/><AGARI ba="0,0" hai="21,23,40,41,43,77,80,86" m="51306,41003" machi="77" ten="40,1300,0" yaku="20,1" doraHai="64" who="2" fromWho="1" sc="305,0,215,-13,240,13,240,0" />
</Scene>
<Scene>
<INIT seed="2,0,0,0,0,78" ten="305,202,253,240" oya="2" hai0="60,105,70,25,56,85,76,77,129,103,1,72,10" hai1="0,80,40,50,51,94,39,5,113,14,115,7,130" hai2="2,27,126,55,46,101,108,20,116,35,52,69,38" hai3="24,89,119,90,57,132,99,133,112,71,58,53,67"/><V117/><F69/><W49/><G24/><T26/><D70/><U59/><E0/><V6/><F126/><W18/><G18/><T104/><D72/><U68/><E68/><V88/><F101/><W98/><G119/><T97/><D105/><U36/><E94/><V31/><F108/><W11/><G11/><T86/><D129/><U8/><E130/><V123/><F123/><W22/><G22/><T121/><D121/><U17/><E59/><V118/><F38/><W92/><G71/><T100/><D100/><U12/><E17/><V124/><F124/><W15/><G15/><T54/><D76/><U64/><E8/><V28/><F28/><W87/><G112/><T79/><D79/><U4/><E4/><V73/><F73/><W13/><G13/><T93/><D86/><U29/><E29/><V42/><F35/><W16/><G16/><T135/><D135/><N who="3" m="51785" /><G90/><T66/><D10/><U102/><E102/><V128/><F128/><W96/><G58/><N who="0" m="37143" /><D1/><U62/><E115/><V91/><F2/><W30/><G30/><T111/><D111/><U61/><E113/><V43/><F6/><W65/><AGARI ba="0,0" hai="49,53,57,65,67,87,89,92,96,98,99" m="51785" machi="65" ten="40,1500,0" yaku="20,1" doraHai="78" who="3" fromWho="3" sc="305,-4,202,-4,253,-7,240,15" />
</Scene>
<Scene>
<INIT seed="3,0,0,0,1,8" ten="301,198,246,255" oya="3" hai0="29,56,72,92,35,78,50,64,14,34,25,23,102" hai1="90,129,70,127,83,128,20,69,0,66,77,17,75" hai2="79,32,80,9,124,130,60,104,58,21,84,53,51" hai3="26,27,115,107,45,132,3,39,49,71,52,18,95"/><W61/><G107/><T30/><D30/><U126/><E0/><V81/><F32/><W36/><G3/><T31/><D31/><U42/><E42/><V67/><F104/><W55/><G115/><T87/><D72/><U93/><E66/><V100/><F100/><W99/><G132/><T44/><D78/><U133/><E133/><V89/><F130/><N who="1" m="50281" /><E90/><V2/><F124/><N who="1" m="47657" /><E93/><V65/><F21/><W91/><G27/><AGARI ba="0,0" hai="17,20,27,69,70,75,77,83" m="47657,50281" machi="27" ten="30,2000,0" yaku="19,1,18,1" doraHai="8" who="1" fromWho="3" sc="301,0,198,20,246,0,255,-20" />
</Scene>
<Scene>
<INIT seed="4,0,0,3,5,60" ten="301,218,246,235" oya="0" hai0="103,120,53,20,50,27,3,56,112,52,19,106,45" hai1="116,9,42,24,61,81,18,104,68,134,12,118,132" hai2="39,11,128,17,72,89,75,100,76,131,114,95,22" hai3="32,55,35,16,31,14,65,63,127,4,88,94,79"/><T107/><D120/><U78/><E104/><V113/><F39/><W85/><G127/><T64/><D3/><U115/><E42/><V8/><F100/><W119/><G119/><T84/><D112/><N who="2" m="43114" /><F76/><W91/><G4/><T66/><D103/><U51/><E115/><V15/><F75/><W92/><G79/><T122/><D122/><U71/><E51/><V126/><F72/><W74/><G74/><T110/><D110/><U90/><E78/><V133/><F126/><W97/><G31/><T99/><D99/><U26/><E81/><V30/><F133/><N who="1" m="51305" /><E90/><V41/><F41/><W80/><G55/><T10/><D107/><U130/><E130/><N who="2" m="49707" /><F30/><W123/><G123/><T23/><D106/><U58/><E24/><V124/><F124/><W87/><G97/><AGARI ba="0,0" hai="8,11,15,17,22,89,95,97" m="49707,43114" machi="97" ten="30,2000,0" yaku="15,1,19,1" doraHai="60" who="2" fromWho="3" sc="301,0,218,0,246,20,235,-20" />
</Scene>
<Scene>
<INIT seed="5,0,0,1,2,27" ten="301,218,266,215" oya="1" hai0="70,124,93,109,62,59,21,15,13,5,3,112,126" hai1="35,11,116,78,1,73,99,60,41,8,49,6,7" hai2="4,82,97,94,29,52,102,114,71,22,19,95,38" hai3="76,54,120,131,57,91,46,44,83,23,26,39,72"/><U88/><E116/><V64/><F38/><W107/><G120/><T119/><D109/><U92/><E35/><V63/><F4/><W127/><G127/><N who="0" m="48683" /><D119/><U66/><E73/><V61/><F114/><W79/><G131/><T84/><D70/><U17/><E78/><V9/><F82/><W28/><G107/><T37/><D37/><U98/><E17/><V122/><F122/><W123/><G123/><T117/><D112/><U113/><E113/><V81/><F81/><W134/><G134/><T16/><D117/><U100/><E49/><V20/><F95/><W40/><G44/><T132/><D132/><U42/><E99/><V125/><F125/><W90/><REACH who="3" step="1"/><G79/><REACH who="3" ten="301,218,266,205" step="2"/><T135/><D135/><U74/><E100/><V105/><F105/><W56/><G56/><T25/><D59/><U53/><E74/><V133/><F102/><W128/><G128/><T24/><D3/><U0/><REACH who="1" step="1"/><E53/><REACH who="1" ten="301,208,266,205" step="2"/><V18/><F52/><W75/><G75/><T68/><D68/><AGARI ba="0,2" hai="0,1,6,7,8,11,41,42,60,66,68,88,92,98" machi="68" ten="30,12000,1" yaku="1,1,2,1,7,1,9,1,54,1,53,0" doraHai="27" doraHaiUra="43" who="1" fromWho="0" sc="301,-120,208,140,266,0,205,0" />
</Scene>
<Scene>
<INIT seed="5,1,0,5,5,79" ten="181,348,266,205" oya="1" hai0="19,134,70,17,114,135,30,78,104,29,20,25,14" hai1="84,54,27,42,21,118,71,133,80,40,6,10,82" hai2="46,47,53,106,12,126,2,81,110,130,92,4,99" hai3="95,83,127,63,87,43,24,109,55,103,72,9,64"/><U129/><E118/><V88/><F110/><W34/><G109/><T61/><D104/><U62/><E133/><N who="0" m="50697" /><D70/><U38/><E129/><V35/><F35/><W96/><G127/><T0/><D61/><U28/><E38/><V37/><F2/><W85/><G43/><T105/><D105/><U7/><E71/><V67/><F67/><W41/><G41/><N who="1" m="15978" /><E10/><V117/><F37/><W75/><G55/><T76/><D0/><U116/><E116/><V108/><F108/><W32/><G9/><N who="0" m="6351" /><D76/><N who="1" m="46087" /><E82/><V33/><F117/><W56/><G87/><T45/><D78/><U125/><E125/><V44/><F126/><W73/><REACH who="3" step="1"/><G24/><REACH who="3" ten="181,348,266,195" step="2"/><T15/><D25/><U3/><E3/><V18/><F53/><W36/><G36/><T123/><D123/><U59/><AGARI ba="1,1" hai="6,7,21,27,28,54,59,62" m="46087,15978" machi="59" ten="30,3000,0" yaku="8,1,52,1" doraHai="79" who="1" fromWho="1" sc="181,-11,348,43,266,-11,195,-11" />
</Scene>
<Scene>
<INIT seed="5,2,0,2,1,75" ten="170,391,255,184" oya="1" hai0="104,95,13,26,84,86,34,19,47,48,69,111,62" hai1="74,106,0,121,126,66,76,102,120,80,130,101,124" hai2="11,108,15,68,61,85,23,94,38,98,24,112,83" hai3="54,12,127,122,87,35,57,60,72,37,132,129,21"/><U4/><E66/><V1/><F1/><W71/><G72/><T88/><D111/><U113/><E4/><V7/><F38/><W16/><G35/><T78/><D104/><U103/><E0/><V131/><F108/><W51/><G122/><N who="1" m="47210" /><E113/><V52/><F131/><W46/><G129/><T89/><D69/><U91/><E130/><V64/><F112/><W97/><G132/><T6/><D6/><U55/><E55/><V123/><F123/><W59/><G127/><N who="1" m="48682" /><E91/><V8/><F8/><W93/><G87/><T77/><D62/><U117/><E117/><V9/><F9/><W134/><G134/><T92/><D26/><U115/><E115/><V107/><F52/><N who="3" m="33895" /><G37/><T125/><D34/><U42/><E42/><V109/><F109/><W67/><G71/><T33/><D33/><U40/><E40/><V63/><F68/><W82/><G67/><T105/><D125/><U39/><E39/><V28/><F64/><W110/><G110/><T99/><D47/><U29/><E29/><V79/><REACH who="2" step="1"/><F107/><AGARI ba="2,0" hai="74,76,80,101,102,103,106,107" m="48682,47210" machi="107" ten="40,12000,1" yaku="18,1,34,2,52,1" doraHai="75" who="1" fromWho="2" sc="170,0,391,126,255,-126,184,0" />
</Scene>
<Scene>
<INIT seed="5,3,0,0,0,90" ten="170,517,129,184" oya="1" hai0="33,110,125,93,46,60,105,59,44,109,124,19,51" hai1="14,101,126,23,26,113,24,85,83,129,63,9,80" hai2="58,67,84,108,96,134,128,95,71,0,107,30,99" hai3="21,11,116,73,127,39,62,117,6,52,130,53,115"/><U37/><E37/><V122/><F122/><W89/><G73/><T98/><D33/><U50/><E113/><V48/><F0/><W76/><G39/><T118/><D118/><N who="3" m="45673" /><G76/><T86/><D105/><U45/><E126/><N who="0" m="48745" /><D86/><U22/><E129/><V104/><F71/><W40/><G40/><N who="0" m="24967" /><D19/><N who="1" m="8655" /><E101/><V47/><F30/><W120/><G120/><T7/><D46/><U3/><E3/><V31/><F31/><W91/><G127/><T72/><D7/><U27/><E63/><V42/><F108/><W2/><G115/><T18/><D18/><U36/><E36/><V111/><F111/><W54/><G130/><T66/><D72/><U56/><E56/><V78/><F128/><W133/><G133/><T112/><D112/><U32/><E32/><V35/><F35/><W119/><N who="3" m="45681" /><W41/><DORA hai="29" /><G41/><T17/><D17/><U74/><E74/><V97/><F107/><W64/><G21/><N who="1" m="7690" /><E85/><V8/><F104/><W102/><G102/><AGARI ba="3,0" hai="59,60,66,93,98,102,109,110" m="24967,48745" machi="102" ten="30,2000,0" yaku="18,1,52,1" doraHai="90,29" who="0" fromWho="3" sc="170,29,517,0,129,0,184,-29" />
</Scene>
<Scene>
<INIT seed="6,0,0,4,1,58" ten="199,517,129,155" oya="2" hai0="67,16,57,102,17,40,14,44,11,94,114,49,35" hai1="2,100,79,106,54,83,123,92,6,61,31,45,126" hai2="68,47,131,130,9,23,30,75,7,21,103,22,52" hai3="60,34,36,133,48,13,64,109,74,89,12,124,112"/><V1/><F75/><W82/><G36/><T70/><D35/><U77/><E106/><V108/><F108/><W90/><G34/><T20/><D70/><U87/><E31/><V32/><F68/><W80/><G109/><T104/><D104/><U33/><E33/><V19/><F103/><W43/><G133/><T119/><D114/><U24/><E24/><N who="2" m="18503" /><F52/><W42/><G74/><T69/><D69/><U18/><E54/><V26/><F47/><W116/><G116/><T76/><D76/><U88/><E45/><V122/><F122/><W55/><G55/><T66/><D119/><U25/><E100/><V120/><F120/><W105/><G105/><T85/><D57/><U51/><E51/><V5/><F5/><W99/><G99/><N who="0" m="59767" /><D85/><U63/><E6/><V53/><F53/><W15/><G64/><T101/><D101/><U134/><E87/><V28/><F131/><W127/><G48/><T56/><D56/><U78/><E123/><V135/><F130/><W107/><G107/><T62/><D62/><U39/><E61/><V38/><F38/><W73/><G73/><T3/><D3/><U129/><E63/><V72/><F72/><W37/><G60/><T59/><D59/><U71/><E39/><V118/><F135/><W50/><G50/><T27/><AGARI ba="0,0" hai="11,14,16,17,20,27,40,44,49,66,67" m="59767" machi="27" ten="30,2000,0" yaku="8,1,54,1" doraHai="58" who="0" fromWho="0" sc="199,20,517,-5,129,-10,155,-5" />
</Scene>
<Scene>
<INIT seed="7,0,0,5,5,41" ten="219,512,119,150" oya="3" hai0="131,134,84,74,105,37,71,109,22,45,18,124,126" hai1="51,38,82,117,52,49,129,29,8,16,70,99,60" hai2="113,95,6,53,10,57,62,108,59,39,7,110,135" hai3="91,122,102,54,101,123,69,125,76,5,79,19,9"/><W24/><G69/><T94/><D109/><U86/><E38/><V46/><F113/><W77/><G125/><N who="0" m="48235" /><D105/><U14/><E129/><V63/><F135/><W96/><G91/><N who="0" m="53607" /><D74/><U112/><E112/><V55/><F95/><W0/><G54/><T58/><D71/><U1/><E117/><V43/><F6/><W36/><G36/><T121/><D121/><U21/><E99/><V116/><F116/><W11/><G102/><T20/><D131/><U66/><E1/><AGARI ba="0,0" hai="1,7,10,39,43,46,53,55,57,59,62,63,108,110" machi="1" ten="30,3900,0" yaku="7,1,9,1,52,1" doraHai="41" who="2" fromWho="1" sc="219,0,512,-39,119,39,150,0" owari="219,2.0,473,57.0,158,-24.0,150,-35.0" />
</Scene>
</mjloggm>