<mjloggm ver="2.3"><GO type="169" lobby="0"/><UN n0="%53%55%50%45%52%43%41%52" n1="%E3%83%AF%E3%82%A4%E3%83%AB%E3%83%89" n2="%E3%83%96%E3%83%AB%E3%83%96%E3%83%AB%E3%83%8F%E3%83%BC%E3%83%84" n3="%E5%A4%AA%E3%81%8F%E3%81%AA%E3%81%84%E3%81%8A" dan="17,16,18,18" rate="2185.02,2089.42,2256.11,2198.48" sx="M,M,M,M"/><TAIKYOKU oya="0"/>

<Scene>
<INIT seed="0,0,0,0,2,116" ten="250,250,250,250" oya="0" hai0="51,94,135,133,6,118,37,13,24,134,8,91,87" hai1="48,95,50,106,18,46,59,30,128,119,38,58,108" hai2="110,29,130,39,100,28,0,88,96,52,125,70,74" hai3="107,82,41,72,122,102,79,101,17,56,92,89,127"/><T123/><D118/><U117/><E106/><V33/><F0/><W80/><G41/><T27/><D37/><U75/><E75/><V53/><F70/><W23/><G127/><T42/><REACH who="0" step="1"/><D123/><REACH who="0" ten="240,250,250,250" step="2"/><U124/><E38/><V2/><F39/><W9/><G122/><T14/><D14/><U54/><E124/><V19/><F125/><W85/><G107/><T109/><D109/><U103/><E108/><V16/><F110/><W121/><G121/><T3/><D3/><U129/><E119/><V32/><F2/><W81/><G72/><T7/><D7/><U86/><E117/><V55/><F74/><W83/><G79/><T132/><N who="0" m="33792" /><DORA hai="120" /><T10/><D10/><U90/><E128/><V63/><F130/><W76/><G9/><T57/><D57/><U21/><E129/><V131/><F131/><W45/><G56/><T78/><D78/><U67/><E59/><V104/><F63/><W62/><G62/><T25/><D25/><U84/><E67/><V98/><F33/><W113/><G113/><T20/><D20/><U36/><E36/><V112/><F32/><W71/><G71/><T26/><D26/><N who="1" m="16719" /><E58/><V68/><F68/><W111/><G111/><T115/><D115/><U22/><E50/><V69/><F69/><W99/><REACH who="3" step="1"/><G45/><AGARI ba="0,1" hai="6,8,13,24,27,42,45,51,87,91,94" m="33792" machi="45" ten="70,12000,1" yaku="1,1,20,1,53,2" doraHai="116,120" doraHaiUra="43,4" who="0" fromWho="3" sc="240,130,250,0,250,0,250,-120" />
</Scene>
<Scene>
<INIT seed="0,1,0,5,1,47" ten="370,250,250,130" oya="0" hai0="64,122,14,74,71,44,51,7,111,53,15,9,4" hai1="10,67,43,96,124,29,131,116,24,79,99,103,94" hai2="66,23,58,112,25,118,126,84,22,128,91,110,133" hai3="82,102,108,42,18,16,127,41,98,85,5,48,120"/><T132/><D122/><U76/><E116/><V57/><F112/><W46/><G108/><T36/><D74/><U49/><E124/><V62/><F110/><W87/><G127/><T104/><D111/><U86/><E131/><V35/><F126/><W20/><G120/><T125/><D125/><U80/><E67/><V55/><F128/><W69/><G69/><T73/><D73/><U21/><E10/><V28/><F133/><W65/><G65/><T26/><D104/><U33/><E33/><V31/><F31/><W0/><G0/><T61/><D132/><U6/><E6/><V17/><F17/><W123/><G5/><T56/><D26/><U40/><E96/><V101/><F101/><W121/><G18/><N who="0" m="8527" /><D15/><U109/><E109/><V32/><F32/><W52/><G123/><T88/><D88/><N who="1" m="51271" /><E43/><AGARI ba="1,0" hai="4,7,36,43,44,51,53,56,61,64,71" m="8527" machi="43" ten="30,2900,0" yaku="24,1,52,1" doraHai="47" who="0" fromWho="1" sc="370,32,250,-32,250,0,130,0" />
</Scene>
<Scene>
<INIT seed="0,2,0,4,2,67" ten="402,218,250,130" oya="0" hai0="109,94,104,62,33,46,49,112,103,84,83,56,23" hai1="121,66,7,8,52,24,2,55,53,80,91,96,114" hai2="78,132,135,41,28,102,22,125,31,82,51,29,35" hai3="26,3,87,134,16,130,72,116,13,19,61,100,99"/><T70/><D33/><U57/><E121/><V18/><F102/><W123/><G72/><T115/><D104/><U59/><E114/><V32/><F41/><W79/><G116/><T128/><D128/><U95/><E66/><V0/><F51/><W42/><G3/><T15/><D109/><U21/><REACH who="1" step="1"/><E80/><REACH who="1" ten="402,208,250,130" step="2"/><V133/><F82/><W90/><G123/><T4/><D83/><U58/><E58/><V6/><F78/><W25/><G79/><T60/><D56/><U38/><E38/><V1/><F125/><W107/><G130/><T98/><D112/><U47/><E47/><V10/><REACH who="2" step="1"/><F0/><REACH who="2" ten="402,208,240,130" step="2"/><W110/><G110/><T71/><D115/><U120/><E120/><V113/><F113/><W64/><G134/><T106/><D46/><U119/><E119/><V20/><F20/><W48/><G48/><T34/><D23/><U75/><E75/><V92/><F92/><W50/><G50/><T11/><D49/><U63/><E63/><V101/><F101/><W69/><G42/><T44/><D44/><U73/><E73/><V40/><F40/><W93/><REACH who="3" step="1"/><G19/><AGARI ba="2,2" hai="2,7,8,19,21,24,52,53,55,57,59,91,95,96" machi="19" ten="40,2600,0" yaku="1,1,54,1,53,0" doraHai="67" doraHaiUra="131" who="1" fromWho="3" sc="402,0,208,52,240,0,130,-32" />
</Scene>
<Scene>
<INIT seed="1,0,0,1,5,25" ten="402,260,240,98" oya="1" hai0="70,72,99,109,118,48,33,94,22,36,37,114,52" hai1="29,74,80,107,34,40,20,116,132,11,78,77,120" hai2="63,41,56,125,127,67,46,49,102,65,44,7,128" hai3="23,121,76,6,111,27,26,113,15,3,119,93,31"/><U73/><E120/><V90/><F102/><W17/><G76/><T18/><D33/><U105/><E116/><V24/><F7/><W55/><G121/><T2/><D118/><U85/><E20/><V32/><F90/><W13/><G119/><T95/><D114/><U5/><E85/><V57/><F32/><N who="3" m="20599" /><G55/><T129/><D70/><U135/><E40/><N who="2" m="24711" /><F24/><W89/><G89/><T134/><D2/><N who="1" m="439" /><E29/><V61/><F128/><W100/><G93/><T88/><D129/><U69/><E34/><V59/><F125/><W39/><G39/><T68/><D72/><U79/><E69/><N who="2" m="42159" /><F127/><W91/><G91/><T60/><D95/><U106/><E80/><V96/><F96/><W115/><G100/><T50/><D94/><U83/><E83/><V124/><F124/><W12/><G111/><T126/><D109/><U43/><E43/><V123/><F123/><W53/><G53/><T38/><D52/><U4/><E4/><V47/><F47/><W51/><G51/><AGARI ba="0,0" hai="41,46,51,56,57,59,63,67" m="42159,24711" machi="51" ten="30,8000,1" yaku="35,5" doraHai="25" who="2" fromWho="3" sc="402,0,260,0,240,80,98,-80" />
</Scene>
<Scene>
<INIT seed="2,0,0,0,0,72" ten="402,260,320,18" oya="2" hai0="8,123,45,20,75,107,96,55,103,67,15,130,66" hai1="91,50,25,27,26,30,40,113,44,56,64,33,28" hai2="90,5,80,52,59,87,116,122,77,106,111,4,34" hai3="9,48,19,114,0,35,118,117,73,58,32,62,16"/><V36/><F116/><N who="3" m="44651" /><G48/><T37/><D123/><U109/><E113/><V86/><F122/><W65/><G58/><T127/><D75/><U84/><E109/><V78/><F34/><N who="3" m="12843" /><G62/><T128/><D127/><U12/><E12/><V99/><F111/><W69/><G65/><T1/><D1/><U92/><E33/><V17/><F36/><W95/><G95/><T131/><D20/><U7/><E7/><N who="2" m="2635" /><F106/><W60/><G60/><AGARI ba="0,0" hai="25,26,27,28,30,40,44,50,56,60,64,84,91,92" machi="60" ten="40,1300,0" yaku="8,1" doraHai="72" who="1" fromWho="3" sc="402,0,260,13,320,0,18,-13" />
</Scene>
<Scene>
<INIT seed="3,0,0,1,1,60" ten="402,273,320,5" oya="3" hai0="114,19,82,84,29,120,75,124,49,69,134,92,104" hai1="33,62,31,39,42,117,58,86,118,73,52,102,15" hai2="68,56,10,74,127,18,91,96,61,25,16,108,40" hai3="113,1,9,133,17,76,35,95,64,121,71,14,30"/><W11/><G76/><T80/><D104/><U47/><E73/><V32/><F74/><W4/><G113/><T24/><D69/><U2/><E2/><V135/><F68/><W48/><G121/><T125/><D120/><U109/><E109/><V116/><F108/><W28/><G133/><T7/><D7/><U41/><E41/><V26/><F116/><N who="1" m="44649" /><E102/><V22/><F127/><W87/><G48/><T99/><D19/><U46/><E46/><V6/><F40/><W115/><G115/><T94/><D49/><U27/><E86/><V81/><F135/><W8/><G71/><T50/><D134/><U129/><E15/><V13/><F32/><W44/><G44/><T111/><D84/><U126/><E129/><V12/><F81/><W107/><G107/><T78/><D82/><U79/><E79/><V51/><F51/><W128/><G128/><T34/><D111/><U88/><E126/><V89/><F96/><W37/><G37/><T130/><D130/><U97/><E97/><V101/><F101/><W93/><G64/><T98/><D114/><U59/><E59/><V70/><F70/><W123/><G123/><T119/><D119/><U5/><E5/><V72/><F72/><W0/><G87/><T55/><D124/><U112/><E112/><V36/><F36/><W85/><G85/><T53/><D125/><U23/><E33/><V67/><F25/><N who="3" m="18831" /><G30/><T100/><D50/><U77/><E77/><V66/><F66/><W132/><G132/><T20/><D34/><U21/><E21/><AGARI ba="0,0" hai="6,10,12,13,16,18,21,22,26,56,61,67,89,91" machi="21" ten="30,7700,0" yaku="7,1,8,1,52,1,54,1" doraHai="60" who="2" fromWho="1" sc="402,0,273,-77,320,77,5,0" />
</Scene>
<Scene>
<INIT seed="4,0,0,5,0,27" ten="402,196,397,5" oya="0" hai0="68,54,6,19,100,107,35,14,104,92,44,123,20" hai1="71,12,70,42,36,38,110,120,21,105,57,61,16" hai2="125,5,8,106,109,99,76,78,49,25,39,130,66" hai3="17,86,13,65,48,77,124,32,50,88,96,79,3"/><T93/><D123/><U33/><E105/><V116/><F39/><W58/><G3/><T98/><D68/><U60/><E110/><V67/><F109/><W113/><G32/><T43/><D35/><U126/><E120/><V84/><F116/><W69/><G69/><T34/><D34/><U45/><E126/><V102/><F125/><W114/><G96/><T31/><D54/><U115/><E115/><N who="3" m="44042" /><G124/><T0/><D31/><U30/><E38/><V73/><F73/><W59/><G79/><T47/><D47/><U119/><E119/><V81/><F76/><W23/><G77/><T131/><D131/><U128/><E128/><V2/><F130/><W62/><G59/><T64/><D104/><U89/><E89/><V133/><F133/><W63/><G63/><T24/><D0/><U134/><E134/><V118/><F118/><W52/><G65/><T18/><D64/><U87/><E87/><V4/><F4/><W117/><G117/><T135/><D6/><U56/><E56/><V15/><F2/><W46/><G46/><T74/><D74/><U41/><E41/><V1/><F1/><W26/><G13/><T108/><D108/><U95/><E95/><AGARI ba="0,0" hai="17,23,26,48,50,52,58,62,86,88,95" m="44042" machi="95" ten="30,3900,0" yaku="15,1,54,2" doraHai="27" who="3" fromWho="1" sc="402,0,196,-39,397,0,5,39" />
</Scene>
<Scene>
<INIT seed="5,0,0,0,1,116" ten="402,157,397,44" oya="1" hai0="60,114,31,26,74,4,128,36,104,101,98,85,56" hai1="41,100,14,18,127,108,99,87,91,88,52,12,67" hai2="105,121,78,37,35,130,72,112,90,95,9,24,107" hai3="81,34,11,7,3,13,129,103,32,134,50,59,28"/><U19/><E67/><V6/><F130/><W89/><G103/><T38/><D74/><U97/><E41/><V25/><F25/><W58/><G129/><T61/><D128/><U118/><E118/><V17/><F17/><W62/><G134/><T66/><D114/><U22/><E127/><V131/><F131/><W8/><G28/><T111/><D111/><U53/><E108/><V122/><F90/><W119/><G119/><T27/><D27/><U44/><E44/><V79/><F95/><W102/><G102/><T106/><D106/><N who="2" m="40458" /><F78/><W69/><G69/><T132/><D132/><U113/><E113/><V82/><F37/><W15/><G3/><T39/><D4/><U57/><E100/><V42/><F42/><W135/><G135/><T64/><D85/><U16/><E19/><V117/><F117/><W96/><G50/><T70/><REACH who="0" step="1"/><D39/><REACH who="0" ten="392,157,397,44" step="2"/><U124/><E124/><V5/><F5/><W76/><G7/><T94/><D94/><N who="1" m="54559" /><E91/><V51/><F112/><W40/><G89/><T84/><D84/><U77/><E77/><V115/><F115/><W1/><G76/><T29/><D29/><U46/><E46/><V80/><F80/><W75/><G81/><T109/><D109/><U126/><E126/><V20/><F82/><W2/><G75/><T55/><D55/><U49/><E53/><V92/><F79/><W125/><G125/><T63/><D63/><U23/><AGARI ba="0,1" hai="12,14,16,18,22,23,49,52,57,97,99" m="54559" machi="23" ten="30,12000,1" yaku="25,1,8,1,54,3" doraHai="116" who="1" fromWho="1" sc="392,-40,157,130,397,-40,44,-40" />
</Scene>
<Scene>
<INIT seed="5,1,0,4,0,128" ten="352,287,357,4" oya="1" hai0="7,59,126,53,119,88,68,58,108,30,50,104,106" hai1="77,40,103,111,21,70,116,8,72,133,45,134,49" hai2="76,114,16,35,120,94,34,20,67,27,97,62,115" hai3="46,78,110,81,28,54,39,131,79,107,32,11,84"/><U63/><E116/><V18/><F76/><W92/><G107/><T90/><D119/><U47/><E103/><N who="2" m="60855" /><F120/><W80/><G110/><T25/><D108/><U86/><E111/><V66/><F66/><W17/><G131/><T130/><D68/><U37/><E86/><V91/><F91/><N who="3" m="53351" /><G32/><T9/><D130/><U85/><E85/><V41/><F41/><W89/><G39/><T31/><D126/><U125/><E125/><V135/><F18/><W44/><G28/><T96/><D59/><U22/><E8/><V100/><F100/><W65/><G65/><T121/><D121/><U13/><E77/><N who="3" m="29194" /><G89/><T113/><D31/><U14/><E72/><V42/><F42/><W26/><G54/><T75/><D75/><U19/><E70/><V73/><F73/><W51/><G11/><T93/><D90/><U29/><E63/><V71/><F34/><W6/><G6/><T56/><D106/><U57/><E57/><V4/><F4/><W36/><G36/><T83/><D104/><U15/><E29/><V3/><F3/><W127/><G127/><T82/><D58/><U117/><E117/><V101/><F101/><W132/><G132/><N who="1" m="50794" /><E19/><V99/><F135/><W123/><G123/><T112/><D9/><U102/><E102/><V87/><F87/><W10/><G10/><T33/><D7/><U95/><E95/><V0/><F99/><W5/><G5/><T1/><D1/><U64/><E64/><V38/><F0/><W129/><G129/><T98/><D98/><U105/><E105/><V124/><F124/><W24/><G17/><T60/><D60/><RYUUKYOKU ba="1,0" sc="352,15,287,15,357,-15,4,-15" hai0="25,30,33,50,53,56,82,83,88,93,96,112,113" hai1="13,14,15,21,22,37,40,45,47,49" owari="367,47.0,302,-10.0,342,14.0,-11,-51.0" />
</Scene>
</mjloggm>