<mjloggm ver="2.3"><GO type="169" lobby="0"/><UN n0="%E5%A4%AA%E3%81%8F%E3%81%AA%E3%81%84%E3%81%8A" n1="%E3%81%94%E3%82%8A%E3%81%94%E3%82%8A%E3%81%94%E3%82%8A%E3%82%89" n2="%E3%83%98%E3%82%AF%E3%82%B5%E3%83%BC" n3="%52%4F%54%54%45%4E" dan="17,16,16,16" rate="2171.59,2137.86,2173.70,2071.56" sx="M,M,M,F"/><TAIKYOKU oya="0"/>

<Scene>
<INIT seed="0,0,0,5,0,42" ten="250,250,250,250" oya="0" hai0="110,18,38,89,111,85,65,84,82,58,24,49,77" hai1="105,40,131,29,113,2,122,44,34,130,57,92,129" hai2="1,126,51,125,107,31,68,15,115,11,41,0,102" hai3="17,88,96,23,47,61,16,101,39,69,117,4,46"/><T119/><D38/><U43/><E105/><V87/><F115/><W70/><G117/><T66/><D119/><U127/><E122/><V7/><F68/><W100/><G39/><T6/><D6/><U74/><E74/><V33/><F87/><W134/><G4/><T3/><D3/><U71/><E71/><V21/><F33/><W53/><G134/><T25/><D49/><U98/><E2/><V37/><F37/><W20/><G61/><N who="0" m="38071" /><D66/><U14/><E113/><V128/><F128/><W112/><G112/><T78/><D18/><U80/><E80/><V120/><F120/><W118/><G118/><T60/><D60/><U54/><E127/><N who="2" m="48651" /><F51/><W81/><G81/><N who="0" m="49295" /><D78/><U90/><E14/><V79/><F79/><W99/><G53/><T94/><D94/><U30/><E44/><V64/><F64/><W8/><G8/><T91/><D77/><U28/><REACH who="1" step="1"/><E34/><REACH who="1" ten="250,240,250,250" step="2"/><V72/><F72/><W13/><G13/><T93/><D82/><U62/><AGARI ba="0,1" hai="28,29,30,40,43,54,57,62,90,92,98,129,130,131" machi="62" ten="40,8000,1" yaku="1,1,2,1,0,1,19,1,53,0" doraHai="42" doraHaiUra="19" who="1" fromWho="1" sc="250,-40,240,90,250,-20,250,-20" />
</Scene>
<Scene>
<INIT seed="1,0,0,2,4,110" ten="210,330,230,230" oya="1" hai0="123,99,129,5,65,17,53,0,76,125,119,89,112" hai1="22,84,55,3,36,116,11,29,1,120,59,31,54" hai2="83,127,52,42,4,101,20,115,80,100,133,70,135" hai3="81,72,32,78,62,96,56,75,44,105,37,113,48"/><U60/><E120/><V88/><F70/><W114/><G32/><T73/><D119/><U28/><E36/><V35/><F35/><W47/><G75/><T49/><D65/><U30/><E116/><V7/><F42/><W71/><G71/><T2/><D123/><U66/><E84/><N who="2" m="50183" /><F127/><W69/><G105/><T15/><D125/><U34/><E34/><V91/><F115/><W118/><G118/><T40/><D40/><U26/><REACH who="1" step="1"/><E1/><REACH who="1" ten="210,320,230,230" step="2"/><V14/><F133/><W18/><G37/><T33/><D33/><U92/><E92/><V131/><F135/><W86/><G114/><T107/><D2/><U61/><E61/><V97/><F131/><W51/><G62/><T41/><D0/><U64/><E64/><V50/><F83/><W121/><G81/><T67/><D67/><U57/><E57/><N who="2" m="32919" /><F20/><W9/><G113/><T27/><D112/><U124/><E124/><V82/><F82/><W108/><G121/><T77/><D129/><U98/><E98/><V8/><F4/><AGARI ba="0,1" hai="3,4,11,22,26,28,29,30,31,54,55,59,60,66" machi="4" ten="40,2000,0" yaku="1,1,53,0" doraHai="110" doraHaiUra="74" who="1" fromWho="2" sc="210,0,320,30,230,-20,230,0" />
</Scene>
<Scene>
<INIT seed="1,1,0,0,0,112" ten="210,350,210,230" oya="1" hai0="67,117,77,28,75,105,80,29,116,114,36,7,21" hai1="94,6,8,115,33,10,86,51,40,1,98,128,70" hai2="57,35,127,82,107,16,87,61,53,123,30,120,76" hai3="38,93,47,101,68,14,27,111,113,31,60,92,90"/><U73/><E73/><V3/><F127/><W0/><G113/><T64/><D114/><U119/><E33/><V42/><F3/><W37/><G111/><T5/><D36/><U99/><E115/><V26/><F107/><W102/><G0/><T91/><D105/><U18/><E70/><V50/><F42/><W58/><G68/><T109/><D109/><U108/><E128/><V126/><F126/><W95/><G14/><T100/><D100/><U24/><E108/><V44/><REACH who="2" step="1"/><F16/><REACH who="2" ten="210,350,200,230" step="2"/><W121/><G121/><T69/><D5/><U63/><E18/><V72/><F72/><W54/><G90/><T55/><D91/><U81/><E6/><V134/><F134/><W122/><G122/><T66/><D7/><U62/><E1/><V125/><F125/><W78/><G78/><T4/><D4/><U46/><E8/><V83/><F83/><W133/><G133/><T71/><D80/><U79/><E10/><V52/><AGARI ba="1,1" hai="26,30,35,44,50,52,53,57,61,76,82,87,120,123" machi="52" ten="20,8000,1" yaku="1,1,0,1,7,1,54,1,53,1" doraHai="112" doraHaiUra="56" who="2" fromWho="2" sc="210,-21,350,-41,200,93,230,-21" />
</Scene>
<Scene>
<INIT seed="2,0,0,1,0,114" ten="189,309,293,209" oya="2" hai0="124,5,111,36,22,87,128,125,3,62,57,55,118" hai1="81,49,51,85,13,126,135,71,1,50,73,26,18" hai2="75,16,122,69,101,123,100,2,47,91,66,14,4" hai3="78,106,113,72,25,88,89,48,59,129,112,103,38"/><V44/><F75/><W56/><G38/><T11/><D36/><U127/><E1/><V90/><F4/><W19/><G129/><T39/><D39/><U30/><E71/><V20/><F2/><W97/><G25/><T43/><D128/><U105/><E73/><V102/><F69/><W134/><G19/><T0/><D111/><U6/><E105/><V121/><REACH who="2" step="1"/><F66/><REACH who="2" ten="189,309,283,209" step="2"/><W23/><G113/><T94/><D0/><U79/><E135/><V8/><F8/><W83/><G134/><T120/><D11/><U63/><E6/><V46/><AGARI ba="0,1" hai="14,16,20,44,46,47,90,91,100,101,102,121,122,123" machi="46" ten="40,12000,1" yaku="1,1,0,1,29,2,54,1,53,0" doraHai="114" doraHaiUra="109" who="2" fromWho="2" sc="189,-40,309,-40,283,130,209,-40" />
</Scene>
<Scene>
<INIT seed="2,1,0,2,5,96" ten="149,269,413,169" oya="2" hai0="83,126,9,42,33,20,17,13,59,80,64,26,109" hai1="39,25,49,108,31,78,61,73,117,2,111,77,134" hai2="48,87,79,88,131,90,41,102,44,66,32,51,23" hai3="8,86,71,45,132,130,36,101,4,110,54,43,37"/><V3/><F32/><W135/><G110/><N who="1" m="42026" /><E39/><V128/><F3/><W30/><G130/><N who="2" m="49705" /><F66/><W95/><G71/><T103/><D109/><U14/><E2/><V19/><F102/><W116/><G116/><T119/><D33/><N who="1" m="20719" /><E73/><V28/><F28/><W113/><G113/><T68/><D68/><U35/><E35/><V99/><F99/><N who="3" m="59647" /><G30/><T124/><D42/><U123/><E123/><V76/><F48/><N who="3" m="28943" /><G86/><T58/><D119/><U118/><E61/><V24/><F90/><W18/><G18/><T63/><D103/><U22/><E134/><N who="3" m="51242" /><G43/><T121/><D121/><U112/><E112/><V93/><AGARI ba="1,0" hai="19,23,24,41,44,51,76,79,87,88,93" m="49705" machi="93" ten="30,3000,0" yaku="19,1,54,1" doraHai="96" who="2" fromWho="2" sc="149,-11,269,-11,413,33,169,-11" />
</Scene>
<Scene>
<INIT seed="2,2,0,2,1,19" ten="138,258,446,158" oya="2" hai0="82,57,16,7,88,91,72,42,51,97,35,92,49" hai1="50,43,106,107,128,102,56,121,89,117,75,86,59" hai2="25,124,70,76,134,100,115,37,52,80,40,83,55" hai3="130,66,109,45,108,74,24,96,103,69,123,110,44"/><V132/><F115/><W125/><G123/><T18/><D35/><U99/><E121/><V129/><F70/><W119/><G119/><T101/><D7/><U53/><E128/><V1/><F1/><W104/><G130/><T2/><D2/><U127/><E117/><V30/><F129/><W58/><G125/><T54/><D72/><U46/><E127/><V5/><F124/><W20/><G74/><T62/><D42/><U120/><E75/><N who="2" m="43039" /><F5/><W77/><G77/><T87/><D101/><U6/><E6/><V95/><F83/><W13/><G13/><T38/><D38/><U31/><E31/><V47/><F95/><W22/><G69/><T61/><D51/><U94/><E120/><V63/><F63/><AGARI ba="2,0" hai="16,18,49,54,57,61,62,63,82,87,88,91,92,97" machi="63" ten="40,5200,0" yaku="8,1,54,2" doraHai="19" who="0" fromWho="2" sc="138,58,258,0,446,-58,158,0" />
</Scene>
<Scene>
<INIT seed="3,0,0,4,0,98" ten="196,258,388,158" oya="3" hai0="20,33,134,62,31,22,71,79,97,37,105,93,120" hai1="6,70,8,58,5,43,46,82,51,86,106,27,89" hai2="78,68,63,26,74,39,133,75,95,0,34,129,128" hai3="116,107,112,131,67,12,125,9,19,88,103,23,28"/><W29/><G116/><T49/><D37/><U13/><E70/><V80/><F133/><W114/><G131/><N who="2" m="50249" /><F39/><W1/><G125/><T4/><D120/><U124/><E106/><V44/><F0/><W127/><G127/><T110/><D110/><U111/><E124/><V17/><F44/><W65/><G114/><T100/><D134/><U76/><E111/><V52/><F95/><W61/><G112/><T84/><D4/><U113/><E113/><V7/><F7/><N who="3" m="3135" /><G1/><T21/><D49/><U132/><E132/><V72/><F17/><W11/><G11/><T126/><D126/><U36/><E36/><V118/><F118/><W35/><G35/><T87/><D79/><U94/><E5/><V135/><F135/><W73/><G73/><T85/><D93/><U99/><E58/><N who="2" m="35271" /><F68/><W81/><G107/><T57/><D71/><U77/><E77/><V48/><F48/><W15/><G103/><T60/><REACH who="0" step="1"/><D57/><REACH who="0" ten="186,258,388,158" step="2"/><U115/><E115/><V66/><F78/><W3/><G3/><T50/><D50/><U122/><E122/><V16/><F80/><W38/><G38/><T24/><AGARI ba="0,1" hai="20,21,22,24,31,33,60,62,84,85,87,97,100,105" machi="24" ten="40,8000,1" yaku="1,1,0,1,52,1,53,1" doraHai="98" doraHaiUra="102" who="0" fromWho="0" sc="186,90,258,-20,388,-20,158,-40" />
</Scene>
<Scene>
<INIT seed="4,0,0,3,1,75" ten="276,238,368,118" oya="0" hai0="34,62,30,46,56,111,32,15,35,98,109,27,118" hai1="7,31,10,82,1,112,135,25,69,130,39,102,105" hai2="67,17,108,11,58,92,41,42,0,74,104,21,127" hai3="78,55,48,81,23,44,47,133,83,54,107,50,125"/><T4/><D118/><U101/><E130/><V51/><F104/><W63/><G107/><T26/><D46/><U106/><E135/><V12/><F108/><N who="0" m="41546" /><D98/><U20/><E112/><V24/><F127/><W90/><G125/><T3/><D56/><U132/><E132/><V64/><F0/><W73/><G133/><T85/><D62/><U28/><E102/><V45/><F74/><W59/><G23/><N who="0" m="15711" /><D85/><U49/><E39/><V22/><F22/><W61/><REACH who="3" step="1"/><G59/><REACH who="3" ten="276,238,368,108" step="2"/><T13/><D27/><N who="1" m="16487" /><E106/><V52/><F58/><W2/><G2/><T97/><D97/><U60/><E25/><V87/><F24/><W134/><G134/><T16/><D3/><U96/><E1/><V123/><F21/><W80/><G80/><T115/><D115/><U121/><E82/><V124/><F124/><W76/><G76/><T129/><D129/><U66/><E105/><V94/><F87/><AGARI ba="0,1" hai="44,47,48,50,54,55,61,63,73,78,81,83,87,90" machi="87" ten="40,5200,0" yaku="1,1,9,1,52,1,53,0" doraHai="75" doraHaiUra="114" who="3" fromWho="2" sc="276,0,238,0,368,-52,108,62" />
</Scene>
<Scene>
<INIT seed="5,0,0,2,0,132" ten="276,238,316,170" oya="1" hai0="52,53,0,35,41,94,83,113,96,61,75,59,135" hai1="76,81,70,37,50,54,39,89,31,99,131,28,34" hai2="65,116,16,112,44,29,40,17,98,71,86,8,85" hai3="36,110,91,19,123,64,5,126,45,111,74,97,46"/><U129/><E70/><V114/><F116/><W2/><G123/><T55/><D0/><U130/><E89/><V117/><F117/><W72/><G36/><N who="1" m="13898" /><E99/><V47/><F29/><W109/><G64/><T49/><D35/><U48/><E34/><V6/><F98/><W104/><G19/><N who="2" m="7241" /><F65/><W30/><G30/><N who="1" m="11306" /><E54/><V24/><F24/><W124/><G5/><T12/><D55/><U106/><E106/><V120/><F120/><W4/><G4/><T134/><D53/><U60/><E60/><V121/><F71/><W119/><G2/><T21/><D96/><U125/><E125/><N who="3" m="48234" /><G119/><T105/><D61/><U127/><E127/><V93/><F121/><W128/><G128/><N who="1" m="32770" /><U103/><DORA hai="101" /><E103/><V108/><F6/><W95/><G104/><T3/><D105/><U118/><E118/><V23/><F40/><W9/><G9/><T62/><D41/><U92/><E92/><V67/><F8/><W107/><G107/><T80/><D94/><U79/><E81/><V82/><F93/><W51/><G45/><T87/><D134/><U26/><E26/><V90/><F44/><W115/><G115/><T122/><D113/><U20/><E20/><V43/><F23/><W100/><G100/><T15/><D21/><U38/><N who="1" m="13906" /><U33/><DORA hai="32" /><E33/><V13/><F114/><W42/><AGARI ba="0,0" hai="42,46,51,72,74,91,95,97,109,110,111" m="48234" machi="42" ten="40,8000,1" yaku="18,1,52,3" doraHai="132,101,32" who="3" fromWho="3" sc="276,-20,238,-40,316,-20,170,80" />
</Scene>
<Scene>
<INIT seed="6,0,0,5,4,29" ten="256,198,296,250" oya="2" hai0="59,7,91,133,101,87,24,78,11,94,105,97,86" hai1="119,117,128,15,25,50,120,35,64,14,103,100,23" hai2="4,102,49,118,17,98,19,116,54,110,131,93,66" hai3="42,43,111,92,77,62,125,41,65,80,124,81,112"/><V47/><F131/><W123/><G111/><T39/><D39/><U127/><E128/><V79/><F110/><W95/><G123/><T106/><D133/><U69/><E120/><V89/><F79/><W129/><G129/><T0/><D59/><U22/><E127/><N who="3" m="48714" /><G112/><T45/><D45/><U132/><E132/><V16/><F4/><W36/><G36/><T26/><D106/><U74/><E50/><V8/><F8/><W6/><G6/><T67/><D67/><U52/><E74/><V134/><F134/><W76/><G76/><T70/><D70/><U71/><E25/><V32/><F32/><W44/><G44/><T57/><D57/><U63/><E64/><V126/><F126/><W9/><G9/><T107/><D107/><U115/><E115/><V104/><REACH who="2" step="1"/><F66/><REACH who="2" ten="256,198,286,250" step="2"/><W99/><G77/><T61/><D78/><U90/><E35/><V48/><F48/><W82/><G99/><AGARI ba="0,1" hai="16,17,19,47,49,54,89,93,98,99,102,104,116,118" machi="99" ten="40,12000,1" yaku="1,1,54,1,53,2" doraHai="29" doraHaiUra="113" who="2" fromWho="3" sc="256,0,198,0,286,130,250,-120" />
</Scene>
<Scene>
<INIT seed="6,1,0,0,1,127" ten="256,198,416,130" oya="2" hai0="95,83,25,126,62,13,34,96,134,31,125,132,107" hai1="110,6,115,5,109,17,72,85,9,112,70,46,118" hai2="37,113,103,14,79,73,133,78,77,58,116,26,11" hai3="119,120,32,92,74,90,52,48,64,4,0,82,59"/><V87/><F73/><W47/><G120/><T104/><D83/><U81/><E72/><V23/><F37/><W68/><G32/><T61/><D13/><N who="1" m="7343" /><E70/><V88/><F113/><N who="1" m="43593" /><E46/><V41/><F133/><N who="0" m="51306" /><D61/><U86/><E86/><V135/><F41/><W38/><G119/><T7/><D62/><U114/><E118/><V53/><F103/><W2/><G4/><N who="1" m="1642" /><E114/><V106/><F106/><N who="0" m="40490" /><D7/><U75/><E75/><V49/><F116/><W33/><G33/><T60/><D60/><U84/><E84/><V21/><F135/><W44/><G44/><T121/><D121/><U42/><E42/><V15/><F87/><W12/><G12/><T101/><AGARI ba="1,0" hai="25,31,34,95,96,101,125,126" m="40490,51306" machi="101" ten="40,1500,0" yaku="20,1" doraHai="127" who="0" fromWho="0" sc="256,18,198,-5,416,-8,130,-5" />
</Scene>
<Scene>
<INIT seed="7,0,0,4,1,22" ten="274,193,408,125" oya="3" hai0="89,105,88,19,131,6,84,36,96,48,40,81,3" hai1="91,70,27,9,103,74,94,85,120,76,61,77,86" hai2="15,31,55,23,129,90,11,104,97,125,8,47,64" hai3="69,59,29,28,82,121,41,25,118,1,106,126,95"/><W130/><G121/><T67/><D36/><U10/><E74/><V66/><F104/><W80/><G118/><T65/><D131/><U30/><E103/><V18/><F125/><W50/><G69/><T133/><D133/><U78/><E120/><V109/><F109/><W35/><G106/><T46/><D3/><U14/><E86/><V83/><F31/><W132/><G132/><T110/><D6/><U5/><E10/><N who="2" m="3627" /><F129/><W128/><G1/><T134/><D110/><U62/><REACH who="1" step="1"/><E70/><REACH who="1" ten="274,183,408,125" step="2"/><V117/><F117/><W38/><G126/><T79/><D134/><U43/><E43/><V115/><F55/><W12/><G29/><T26/><D105/><U49/><E49/><V92/><F15/><W16/><G38/><T13/><D13/><U34/><AGARI ba="0,1" hai="5,9,14,27,30,34,61,62,76,77,78,85,91,94" machi="34" ten="30,4000,0" yaku="1,1,0,1,52,1,53,0" doraHai="22" doraHaiUra="112" who="1" fromWho="1" sc="274,-10,183,50,408,-10,125,-20" owari="264,6.0,233,-17.0,398,50.0,105,-39.0" />
</Scene>
</mjloggm>