<mjloggm ver="2.3"><GO type="169" lobby="0"/><UN n0="%E3%83%A1%E3%83%95%E3%82%A7%E3%83%8A%E3%83%A0%E2%85%A2" n1="%E3%80%90%E7%BD%AA%E6%AD%8C%E3%80%91" n2="%E5%A4%AA%E3%81%8F%E3%81%AA%E3%81%84%E3%81%8A" n3="%76%61%67%69%6F" dan="16,16,18,16" rate="2039.32,2132.78,2210.31,2095.79" sx="M,F,M,M"/><TAIKYOKU oya="0"/>

<Scene>
<INIT seed="0,0,0,3,5,70" ten="250,250,250,250" oya="0" hai0="122,51,15,79,131,86,9,47,24,59,130,97,98" hai1="92,105,120,53,83,13,33,23,128,132,37,30,20" hai2="5,96,11,108,8,0,73,123,84,119,17,129,65" hai3="82,112,133,22,4,69,74,52,93,116,21,81,6"/><T54/><D122/><U1/><E105/><V99/><F73/><W77/><G116/><T26/><D130/><U60/><E1/><V127/><F123/><W57/><G69/><T114/><D114/><U117/><E117/><V19/><F119/><W67/><G67/><T103/><D131/><U104/><E120/><V25/><F129/><W100/><G112/><T125/><D125/><U36/><E104/><V16/><F127/><W110/><G133/><T58/><D97/><U95/><E132/><V88/><F108/><W85/><G110/><T32/><D32/><U61/><E33/><V109/><F109/><W101/><G101/><T28/><D28/><U62/><E128/><V134/><F134/><W87/><G74/><T45/><D45/><U121/><E121/><V90/><F65/><W89/><G100/><T71/><D71/><U10/><E83/><V12/><F90/><W126/><G81/><N who="0" m="47423" /><D98/><U76/><E76/><V35/><F35/><W55/><G55/><N who="0" m="30207" /><D103/><U44/><E30/><V3/><F3/><W41/><G41/><T111/><D111/><U66/><E66/><V14/><F25/><N who="0" m="9834" /><D54/><U7/><E53/><V31/><F31/><W27/><G126/><T94/><D94/><N who="1" m="35883" /><E44/><V80/><F0/><W2/><G2/><T63/><D63/><U64/><E64/><V106/><F106/><W29/><G22/><T78/><D78/><U91/><E91/><V42/><F42/><W72/><G72/><T46/><D46/><U75/><E75/><V68/><F68/><W49/><AGARI ba="0,0" hai="4,6,21,27,29,49,52,57,77,82,85,87,89,93" machi="49" ten="20,5200,0" yaku="0,1,7,1,8,1,54,1" doraHai="70" who="3" fromWho="3" sc="250,-26,250,-13,250,-13,250,52" />
</Scene>
<Scene>
<INIT seed="1,0,0,2,4,92" ten="224,237,237,302" oya="1" hai0="20,78,76,4,133,74,39,6,38,27,120,127,43" hai1="125,129,36,75,134,70,24,109,102,93,54,3,58" hai2="33,68,26,32,132,30,28,14,113,124,126,105,94" hai3="99,35,17,60,128,63,15,9,98,123,2,37,49"/><U117/><E58/><V52/><F105/><W44/><G37/><T104/><D104/><U81/><E24/><N who="2" m="18439" /><F68/><W108/><G35/><T47/><D120/><U59/><E59/><V80/><F80/><W86/><G123/><T16/><D133/><U31/><E31/><V122/><F122/><W65/><G2/><T115/><D115/><U87/><E87/><V45/><F94/><W85/><G108/><T13/><D127/><N who="2" m="48682" /><F14/><W56/><G63/><T12/><D39/><U48/><E93/><V0/><F0/><W89/><G86/><T116/><D116/><U10/><E81/><V103/><F103/><W96/><G85/><T83/><D76/><U64/><E102/><V95/><F95/><N who="3" m="56431" /><G128/><T53/><D53/><AGARI ba="0,0" hai="9,15,17,44,49,53,56,60,65,98,99" m="56431" machi="53" ten="30,7700,0" yaku="8,1,52,3" doraHai="92" who="3" fromWho="0" sc="224,-77,237,0,237,0,302,77" />
</Scene>
<Scene>
<INIT seed="2,0,0,0,2,128" ten="147,237,237,379" oya="2" hai0="118,23,126,17,86,124,95,30,122,63,94,93,6" hai1="87,106,47,16,109,60,132,54,116,15,48,7,133" hai2="69,103,117,4,58,27,135,107,110,127,14,70,50" hai3="57,131,77,90,66,91,73,52,46,102,19,24,2"/><V88/><F117/><W34/><G2/><T83/><D118/><U89/><E106/><V42/><F107/><W62/><G131/><T26/><D122/><U119/><E109/><V114/><F103/><W125/><G125/><N who="0" m="48235" /><D6/><U71/><E7/><V111/><F127/><W81/><G102/><T59/><D17/><U25/><E25/><V43/><F114/><W21/><G34/><T72/><D72/><U5/><E5/><V56/><F27/><W44/><G44/><T65/><D83/><N who="1" m="49407" /><E119/><V53/><F4/><W68/><G46/><T61/><D61/><AGARI ba="0,0" hai="19,21,24,52,57,61,62,66,68,73,77,81,90,91" machi="61" ten="30,2000,0" yaku="7,1,54,1" doraHai="128" who="3" fromWho="0" sc="147,-20,237,0,237,0,379,20" />
</Scene>
<Scene>
<INIT seed="3,0,0,1,4,129" ten="127,237,237,399" oya="3" hai0="32,33,131,56,82,50,7,98,42,78,53,40,27" hai1="90,120,6,57,88,91,118,117,22,100,30,62,116" hai2="76,20,39,10,2,101,69,94,110,23,60,65,5" hai3="9,12,68,0,47,113,74,66,77,123,96,79,4"/><W18/><G123/><T45/><D131/><U58/><E120/><V105/><F39/><W14/><G113/><T112/><D112/><U106/><E6/><V108/><F105/><W84/><G74/><T72/><D7/><U43/><E43/><V103/><F76/><W28/><G0/><T48/><D98/><N who="1" m="61719" /><E62/><V86/><F101/><W85/><G28/><T41/><REACH who="0" step="1"/><D27/><AGARI ba="0,0" hai="22,27,30,57,58,88,90,91,116,117,118" m="61719" machi="27" ten="40,2600,0" yaku="12,1,54,1" doraHai="129" who="1" fromWho="0" sc="127,-26,237,26,237,0,399,0" />
</Scene>
<Scene>
<INIT seed="4,0,0,2,2,79" ten="101,263,237,399" oya="0" hai0="129,21,112,9,131,119,126,123,34,132,44,11,50" hai1="114,80,105,75,70,47,133,64,88,51,103,38,94" hai2="73,85,97,33,83,90,28,134,69,4,6,2,81" hai3="65,127,120,27,113,29,86,0,40,8,121,55,36"/><T128/><D34/><U122/><E38/><V130/><F69/><W101/><G113/><T53/><D119/><U93/><E122/><V99/><F134/><W16/><G101/><T72/><D123/><U107/><E133/><V25/><F130/><W32/><G65/><T42/><D132/><U82/><E70/><V19/><F19/><W71/><G71/><T5/><D72/><U13/><E64/><V63/><F63/><W12/><G127/><T15/><D112/><U124/><E114/><V7/><REACH who="2" step="1"/><F2/><REACH who="2" ten="101,263,227,399" step="2"/><W76/><G0/><T26/><D126/><U39/><E124/><V78/><AGARI ba="0,1" hai="4,6,7,25,28,33,73,78,81,83,85,90,97,99" machi="78" ten="30,8000,1" yaku="1,1,2,1,0,1,52,2,53,0" doraHai="79" doraHaiUra="61" who="2" fromWho="2" sc="101,-40,263,-20,227,90,399,-20" />
</Scene>
<Scene>
<INIT seed="5,0,0,5,3,109" ten="61,243,317,379" oya="1" hai0="10,106,40,65,130,74,15,123,84,78,135,108,28" hai1="127,6,88,69,72,82,93,103,116,17,55,131,85" hai2="12,21,105,24,134,18,94,7,59,13,50,132,43" hai3="0,35,37,27,30,2,23,8,112,11,114,38,118"/><U58/><E116/><V36/><F105/><W79/><G37/><T111/><D123/><U31/><E69/><V80/><F36/><W52/><G79/><T46/><D135/><N who="2" m="51754" /><F94/><W41/><G41/><T33/><D130/><U25/><E131/><V45/><F7/><N who="3" m="1127" /><G52/><T110/><D106/><U5/><E127/><V133/><F133/><W32/><G38/><T44/><D65/><U87/><E72/><V60/><F80/><W75/><G75/><T115/><D115/><N who="3" m="44073" /><G118/><T76/><D74/><U89/><E17/><V100/><F100/><W29/><G29/><T101/><D76/><U48/><REACH who="1" step="1"/><E103/><REACH who="1" ten="61,233,317,379" step="2"/><V68/><F68/><W54/><G54/><AGARI ba="0,1" hai="12,13,18,21,24,43,45,50,54,59,60" m="51754" machi="54" ten="30,1000,0" yaku="20,1" doraHai="109" who="2" fromWho="3" sc="61,0,233,0,317,20,379,-10" />
</Scene>
<Scene>
<INIT seed="6,0,0,3,3,96" ten="61,233,337,369" oya="2" hai0="16,14,25,115,48,78,130,7,24,131,61,42,105" hai1="17,10,101,33,90,26,31,67,66,60,134,57,64" hai2="132,1,71,35,81,6,30,75,12,47,62,52,128" hai3="92,0,83,94,133,27,126,23,108,110,98,50,79"/><V127/><F1/><W40/><G0/><T113/><D105/><U69/><E134/><V111/><F132/><W135/><G126/><T129/><D78/><U109/><E109/><V32/><F127/><W55/><G40/><T36/><D36/><U76/><E76/><V117/><F117/><W89/><G133/><T41/><D61/><U77/><E77/><V39/><F75/><W120/><G120/><T122/><D122/><U15/><E90/><V29/><F81/><W87/><G135/><T103/><D103/><U84/><E84/><V80/><F80/><W38/><G38/><T5/><D48/><U102/><REACH who="1" step="1"/><E69/><REACH who="1" ten="61,223,337,369" step="2"/><V68/><F111/><W123/><G123/><T116/><D116/><U11/><E11/><V54/><F68/><W85/><G110/><T114/><D42/><U51/><E51/><V8/><F71/><W99/><G108/><T45/><D41/><U100/><AGARI ba="0,1" hai="10,15,17,26,31,33,57,60,64,66,67,100,101,102" machi="100" ten="30,8000,1" yaku="1,1,0,1,52,3,53,0" doraHai="96" doraHaiUra="88" who="1" fromWho="1" sc="61,-20,223,90,337,-40,369,-20" />
</Scene>
<Scene>
<INIT seed="7,0,0,2,2,83" ten="41,313,297,349" oya="3" hai0="86,7,133,117,135,126,52,15,78,9,28,96,47" hai1="66,76,42,114,51,81,80,73,112,72,45,87,91" hai2="71,65,106,131,4,58,79,0,38,99,101,98,129" hai3="33,35,130,77,48,62,41,1,22,21,19,88,132"/><W60/><G1/><T118/><D28/><U85/><REACH who="1" step="1"/><E66/><REACH who="1" ten="41,303,297,349" step="2"/><V82/><F38/><W14/><G130/><N who="2" m="49673" /><F71/><W3/><G132/><T26/><D133/><U29/><E29/><V111/><F111/><W8/><G3/><T94/><D135/><U49/><E49/><V56/><F65/><W121/><G48/><T67/><D67/><U134/><E134/><V105/><F0/><W39/><G39/><T120/><D118/><U63/><E63/><V12/><F105/><W110/><G60/><T17/><D117/><U32/><E32/><V108/><F108/><W109/><G62/><T40/><D120/><U95/><E95/><V69/><F69/><W23/><G109/><T44/><D126/><U107/><E107/><V6/><F99/><W115/><G110/><T125/><D125/><U103/><E103/><V10/><F6/><W57/><G35/><T93/><D96/><U119/><E119/><V128/><N who="2" m="49681" /><V74/><AGARI ba="0,1" hai="4,10,12,56,58,74,79,82,98,101,106" m="49681" machi="74" ten="40,2700,0" yaku="4,1,19,1" doraHai="83" who="2" fromWho="2" sc="41,-7,303,-7,297,37,349,-13" owari="34,-47.0,296,-10.0,334,13.0,336,44.0" />
</Scene>
</mjloggm>