<mjloggm ver="2.3"><GO type="169" lobby="0"/><UN n0="%E5%A4%AA%E3%81%8F%E3%81%AA%E3%81%84%E3%81%8A" n1="%6B%6C%62%73%74%38%38" n2="%64%6F%6F%6F%6F%77%79" n3="%6D%69%74%73%75%36%31%31" dan="18,17,16,16" rate="2260.65,2244.96,2093.46,2110.74" sx="F,M,M,M"/><TAIKYOKU oya="0"/>

<Scene>
<INIT seed="0,0,0,2,2,113" ten="250,250,250,250" oya="0" hai0="39,60,48,118,37,69,41,77,66,90,30,44,47" hai1="2,75,43,124,122,52,34,65,18,71,110,5,61" hai2="127,109,95,107,91,57,24,135,10,42,98,33,82" hai3="46,51,89,55,101,21,6,22,87,79,115,7,114"/><T120/><D77/><U134/><E75/><V102/><F109/><W56/><G101/><T131/><D30/><U132/><E34/><V68/><F68/><W83/><G115/><T45/><D90/><U111/><E18/><V119/><F42/><W117/><G117/><T49/><D120/><U96/><E96/><V97/><F10/><W0/><G0/><T72/><D72/><U32/><E32/><V50/><F50/><N who="0" m="19562" /><D131/><U64/><E5/><N who="3" m="1546" /><G114/><T3/><D3/><U27/><E27/><V84/><F57/><W67/><G79/><T126/><D126/><U14/><E14/><V125/><F24/><W86/><G86/><T80/><D80/><U53/><E2/><V73/><F33/><W38/><G38/><N who="0" m="14347" /><D118/><U123/><E43/><AGARI ba="0,0" hai="41,43,44,45,47,60,66,69" m="14347,19562" machi="43" ten="40,12000,1" yaku="35,5" doraHai="113" who="0" fromWho="1" sc="250,120,250,-120,250,0,250,0" />
</Scene>
<Scene>
<INIT seed="0,1,0,2,5,114" ten="370,130,250,250" oya="0" hai0="126,36,103,97,24,62,89,40,59,34,110,55,99" hai1="101,6,25,72,56,104,3,132,44,33,131,38,53" hai2="68,42,7,70,15,41,88,79,133,18,45,37,96" hai3="21,9,4,50,78,85,95,84,119,83,54,14,16"/><T90/><D126/><U23/><E72/><V82/><F7/><W74/><G119/><T17/><D110/><U61/><E33/><V31/><F31/><W80/><G95/><T32/><D36/><U75/><E75/><V60/><F42/><W26/><REACH who="3" step="1"/><G83/><REACH who="3" ten="370,130,250,240" step="2"/><T1/><D99/><U116/><E116/><V58/><F96/><W19/><G19/><T71/><D17/><U121/><E104/><V118/><F118/><W27/><G27/><T86/><D24/><U67/><E25/><V108/><F108/><W12/><G12/><T13/><D13/><U130/><E3/><V120/><F82/><W29/><G29/><T48/><D1/><U69/><E6/><V123/><F15/><W49/><G49/><T115/><D48/><N who="1" m="30759" /><E23/><V127/><F18/><W112/><G112/><T100/><D97/><U124/><E101/><V63/><F127/><W122/><G122/><T28/><D115/><U47/><E124/><V87/><F37/><W125/><G125/><T30/><D28/><U46/><E121/><V64/><F123/><W105/><G105/><T92/><D30/><U51/><E38/><V11/><F120/><W20/><G20/><T91/><D103/><U113/><E113/><V77/><F11/><W22/><G22/><T135/><D100/><U93/><E93/><N who="2" m="54431" /><F63/><W129/><G129/><N who="1" m="49162" /><E132/><V134/><F134/><W52/><G52/><AGARI ba="1,1" hai="44,46,47,51,52,61,67,69" m="49162,30759" machi="52" ten="30,7700,0" yaku="19,1,34,2,54,1" doraHai="114" who="1" fromWho="3" sc="370,0,130,90,250,0,240,-80" />
</Scene>
<Scene>
<INIT seed="1,0,0,1,3,117" ten="370,220,250,160" oya="1" hai0="55,6,56,122,99,4,70,9,43,20,57,135,7" hai1="93,38,121,83,72,73,18,133,60,39,76,8,54" hai2="53,107,58,31,27,34,49,48,124,26,127,29,68" hai3="130,65,100,2,123,42,126,82,120,11,101,98,37"/><U24/><E73/><V45/><F107/><W109/><G65/><T12/><D70/><U46/><E133/><V69/><F45/><N who="3" m="23759" /><G100/><T30/><D135/><U61/><E121/><N who="3" m="46666" /><G82/><T94/><D43/><U102/><E39/><V128/><F58/><W116/><G116/><T36/><D36/><U103/><E38/><V134/><F53/><W67/><G67/><T19/><D122/><U119/><E119/><V33/><REACH who="2" step="1"/><F134/><REACH who="2" ten="370,220,240,160" step="2"/><W91/><G91/><N who="0" m="55775" /><D55/><U89/><E54/><V21/><F21/><W17/><G130/><AGARI ba="0,1" hai="26,27,29,31,33,34,48,49,68,69,124,127,128,130" machi="130" ten="25,3200,0" yaku="1,1,22,2,53,0" doraHai="117" doraHaiUra="0" who="2" fromWho="3" sc="370,0,220,0,240,42,160,-32" />
</Scene>
<Scene>
<INIT seed="2,0,0,0,0,50" ten="370,220,282,128" oya="2" hai0="65,48,69,104,27,129,77,46,121,98,58,109,49" hai1="80,91,16,116,78,0,131,67,61,81,56,112,32" hai2="63,72,68,5,130,119,66,84,8,4,115,17,37" hai3="89,83,75,92,111,3,76,90,71,117,64,99,19"/><V107/><F72/><W30/><G3/><T31/><D121/><U79/><E112/><V110/><F107/><W93/><G30/><T105/><D77/><U45/><E0/><V44/><F115/><W34/><G34/><T60/><D109/><U118/><E32/><V87/><F110/><W124/><G111/><T135/><D135/><U39/><E91/><V25/><F119/><W134/><G71/><T9/><D129/><U47/><E131/><V73/><F73/><W23/><G64/><T57/><D9/><U88/><E88/><V59/><F130/><W95/><G117/><T7/><D7/><U126/><E126/><V55/><F87/><W15/><G124/><T35/><D49/><U42/><E47/><V12/><F84/><W11/><G134/><T21/><D21/><U132/><E132/><V14/><F25/><W2/><G2/><T26/><D26/><U97/><E97/><V106/><F106/><W41/><G41/><N who="0" m="24655" /><D105/><U51/><E39/><V128/><F128/><W33/><G33/><T100/><AGARI ba="0,0" hai="27,31,35,57,58,60,65,69,98,100,104" m="24655" machi="100" ten="30,1100,0" yaku="25,1" doraHai="50" who="0" fromWho="0" sc="370,11,220,-3,282,-5,128,-3" />
</Scene>
<Scene>
<INIT seed="3,0,0,0,1,102" ten="381,217,277,125" oya="3" hai0="82,36,14,130,75,106,114,40,26,112,93,95,12" hai1="20,45,89,38,28,61,37,119,97,90,99,41,117" hai2="84,21,15,72,58,110,88,11,17,19,121,64,77" hai3="111,109,85,83,100,10,73,47,67,91,69,42,33"/><W23/><G33/><T24/><D40/><U4/><E4/><V81/><F110/><N who="3" m="41995" /><G10/><T59/><D36/><U116/><E37/><V60/><F121/><W80/><G23/><T87/><D75/><U46/><E46/><V71/><F71/><W22/><G22/><T48/><D130/><U115/><E115/><V125/><F125/><W78/><G67/><T27/><D106/><U52/><E97/><V18/><REACH who="2" step="1"/><F11/><REACH who="2" ten="381,217,267,125" step="2"/><W113/><G69/><T0/><D114/><U127/><E127/><V57/><F57/><W122/><G113/><T129/><D112/><U132/><E132/><V86/><F86/><N who="3" m="50655" /><G122/><T65/><D129/><U74/><E74/><V66/><F66/><W103/><G73/><T44/><D59/><N who="1" m="35047" /><E99/><V56/><F56/><W2/><G2/><T135/><D0/><U118/><E118/><V35/><F35/><W6/><G6/><T104/><D135/><U31/><E20/><V3/><F3/><W76/><G76/><T54/><D65/><U43/><E116/><V107/><F107/><W120/><G120/><T133/><D104/><U70/><E70/><V13/><F13/><N who="0" m="5226" /><D133/><U25/><E119/><V94/><AGARI ba="0,1" hai="15,17,18,19,21,58,60,64,72,77,81,84,88,94" machi="94" ten="20,8000,1" yaku="1,1,0,1,7,1,54,1,53,1" doraHai="102" doraHaiUra="105" who="2" fromWho="2" sc="381,-20,217,-20,267,90,125,-40" />
</Scene>
<Scene>
<INIT seed="4,0,0,0,5,27" ten="361,197,357,85" oya="0" hai0="91,133,92,12,115,103,93,88,66,37,76,98,127" hai1="75,102,120,74,117,31,122,124,113,34,65,63,123" hai2="20,4,57,35,68,7,109,135,49,24,62,130,36" hai3="87,6,111,0,71,16,125,5,126,86,52,64,82"/><T106/><D37/><U11/><E11/><V30/><F36/><W13/><G111/><T38/><D38/><U41/><E41/><V9/><F68/><W61/><G0/><T81/><D66/><U50/><E50/><V79/><F79/><W40/><G40/><T2/><D2/><U118/><E102/><V54/><F109/><W45/><G87/><N who="0" m="52255" /><D12/><U26/><E124/><V131/><F135/><W110/><G110/><T107/><D127/><U23/><E23/><V73/><F73/><W134/><G134/><T10/><D10/><U132/><E132/><V14/><F4/><W84/><G84/><N who="0" m="52455" /><D133/><U19/><E19/><V104/><F104/><W44/><G126/><T96/><D115/><U80/><E113/><V67/><REACH who="2" step="1"/><F35/><REACH who="2" ten="361,197,347,85" step="2"/><W3/><G3/><T100/><D76/><N who="1" m="44055" /><E75/><V72/><F72/><W97/><G125/><T128/><D128/><U1/><E1/><V60/><F60/><W8/><G97/><N who="0" m="37483" /><D81/><U21/><E34/><V95/><F95/><W58/><G6/><T56/><D56/><N who="1" m="37095" /><E122/><V33/><F33/><W32/><G5/><T70/><D70/><U55/><E123/><V112/><F112/><W42/><G32/><T108/><D108/><U119/><E120/><V85/><F85/><W129/><G129/><T43/><D43/><U99/><E99/><V83/><F83/><W48/><REACH who="3" step="1"/><G42/><REACH who="3" ten="361,197,347,75" step="2"/><T116/><D116/><U15/><E119/><V51/><F51/><W101/><G101/><AGARI ba="0,2" hai="100,101,103,106,107" m="37483,52455,52255" machi="101" ten="30,18000,2" yaku="35,5,54,1" doraHai="27" who="0" fromWho="3" sc="361,200,197,0,347,0,75,-180" owari="561,66.0,197,-20.0,347,15.0,-105,-61.0" />
</Scene>
</mjloggm>