<mjloggm ver="2.3"><GO type="169" lobby="0"/><UN n0="%E7%89%8C%E3%81%AE%E9%9F%B3%E8%89%B2" n1="%E5%A4%AA%E3%81%8F%E3%81%AA%E3%81%84%E3%81%8A" n2="%65%72%61%6E%76%69%74%61" n3="%E8%AA%B2%E9%95%B7%E8%A6%96%E9%87%8E%E7%8B%AD%E7%AA%84" dan="16,17,16,16" rate="2045.75,2156.50,2072.86,2110.16" sx="M,M,M,M"/><TAIKYOKU oya="0"/>

<Scene>
<INIT seed="0,0,0,2,5,128" ten="250,250,250,250" oya="0" hai0="77,4,103,71,23,58,93,20,116,97,57,9,55" hai1="87,110,117,46,44,38,36,98,83,125,19,3,78" hai2="49,21,61,95,31,35,29,1,0,51,69,109,132" hai3="12,113,2,53,130,42,82,101,80,75,133,27,40"/><T11/><D71/><U89/><E117/><V112/><F35/><W124/><G2/><T48/><D116/><U79/><E3/><V99/><F109/><W90/><G101/><T66/><D77/><U92/><E110/><V107/><F107/><W123/><G113/><T59/><D66/><U104/><E125/><V8/><F69/><W68/><G68/><T65/><D65/><U96/><E79/><V52/><F51/><W16/><G27/><T32/><D32/><U28/><E28/><V41/><F41/><W47/><G124/><T6/><D20/><U105/><E19/><V131/><F61/><W14/><G130/><T134/><D134/><U45/><REACH who="1" step="1"/><E98/><REACH who="1" ten="250,240,250,250" step="2"/><V13/><F112/><W85/><G16/><T7/><REACH who="0" step="1"/><D23/><REACH who="0" ten="240,240,250,250" step="2"/><U100/><E100/><N who="2" m="60543" /><F131/><W121/><G123/><T115/><D115/><U17/><E17/><V88/><F21/><W94/><G121/><T127/><D127/><U37/><AGARI ba="0,2" hai="36,37,38,44,45,46,78,83,87,89,92,96,104,105" machi="37" ten="40,2700,0" yaku="1,1,0,1,53,0" doraHai="128" doraHaiUra="15" who="1" fromWho="1" sc="240,-13,240,47,250,-7,250,-7" />
</Scene>
<Scene>
<INIT seed="1,0,0,0,5,130" ten="227,287,243,243" oya="1" hai0="93,52,7,26,53,135,4,100,25,124,79,43,44" hai1="70,81,67,20,8,29,64,13,60,128,58,91,16" hai2="82,86,45,102,92,6,51,98,18,68,126,42,117" hai3="127,40,87,46,57,5,17,0,30,19,104,35,36"/><U48/><E128/><V122/><F126/><W83/><G104/><T1/><D124/><U85/><E48/><V54/><F68/><W123/><G127/><T131/><D131/><U21/><REACH who="1" step="1"/><E29/><REACH who="1" ten="227,277,243,243" step="2"/><V110/><F117/><W56/><G30/><T116/><D116/><U94/><E94/><V118/><F118/><W103/><G123/><T121/><D121/><U69/><E69/><V65/><F122/><W12/><G35/><T95/><D95/><U38/><E38/><V61/><F92/><W89/><G103/><T97/><D1/><U32/><E32/><V9/><F102/><W113/><G0/><T76/><D7/><U107/><E107/><V84/><F6/><W120/><G120/><T105/><D4/><U34/><E34/><V3/><F3/><W11/><G113/><T99/><D105/><U115/><E115/><V66/><F51/><W33/><G33/><T134/><D99/><U71/><E71/><V49/><F98/><W74/><G5/><T132/><D76/><U14/><E14/><N who="2" m="7503" /><F82/><W31/><G83/><T96/><D79/><U90/><E90/><V112/><F112/><W37/><G89/><T22/><D96/><U24/><E24/><V119/><F119/><W39/><G36/><N who="0" m="21607" /><D26/><U75/><E75/><V41/><F42/><W27/><G74/><T72/><D72/><U80/><E80/><V106/><F106/><W2/><G39/><T129/><D129/><U63/><AGARI ba="0,1" hai="8,13,16,20,21,58,60,63,64,67,70,81,85,91" machi="63" ten="30,11700,0" yaku="1,1,0,1,54,1,53,1" doraHai="130" doraHaiUra="15" who="1" fromWho="1" sc="227,-39,277,127,243,-39,243,-39" />
</Scene>
<Scene>
<INIT seed="1,1,0,2,4,120" ten="188,404,204,204" oya="1" hai0="46,41,64,80,114,127,65,92,25,60,70,18,53" hai1="47,32,77,113,135,29,84,93,52,100,57,24,130" hai2="10,106,117,1,37,83,89,118,68,7,11,109,21" hai3="5,19,15,23,49,111,132,27,36,12,4,76,112"/><U103/><E113/><V26/><F106/><W101/><G36/><T95/><D114/><U54/><E135/><V2/><F68/><W20/><G112/><T99/><D127/><U13/><E130/><V134/><F37/><W56/><G132/><T61/><D80/><U17/><E47/><V71/><F71/><W39/><G39/><T42/><D92/><U66/><E66/><V38/><F38/><W91/><G76/><T59/><D25/><U6/><E6/><N who="2" m="1359" /><F89/><W28/><G101/><T62/><D18/><U107/><E107/><V69/><F83/><W31/><G91/><T78/><D78/><U33/><E33/><V35/><F69/><W97/><G97/><T108/><D95/><U67/><E67/><N who="0" m="25673" /><D99/><U102/><E57/><V123/><F123/><W90/><G56/><T124/><D70/><U129/><E93/><V0/><F35/><W125/><G90/><T22/><D22/><U115/><E115/><V119/><F134/><W51/><G125/><T8/><D8/><U75/><E32/><V34/><F34/><W110/><G19/><T82/><D82/><U3/><E77/><V128/><F2/><W58/><G58/><T14/><D14/><U43/><E3/><V40/><F128/><W98/><G98/><T131/><D131/><U45/><E129/><V63/><F63/><N who="0" m="24138" /><D124/><U104/><E104/><V72/><F72/><W55/><G27/><T73/><D73/><U133/><E75/><V85/><F85/><W74/><G74/><T48/><D42/><U87/><E133/><V105/><F40/><W86/><G86/><N who="1" m="32810" /><E43/><V79/><F105/><RYUUKYOKU ba="1,0" sc="188,15,404,-15,204,-15,204,15" hai0="41,46,48,53,59,62,108" hai3="4,5,12,15,20,23,28,31,49,51,55,110,111" />
</Scene>
<Scene>
<INIT seed="2,2,0,0,5,95" ten="203,389,189,219" oya="2" hai0="12,34,65,42,72,8,86,5,91,45,1,3,116" hai1="6,19,16,14,106,94,47,2,60,113,101,29,0" hai2="27,119,118,104,134,68,48,117,82,11,41,58,9" hai3="59,88,129,28,61,124,122,115,64,102,76,103,126"/><V25/><F68/><W33/><G122/><T99/><D34/><U21/><E106/><V93/><F104/><W43/><G129/><T52/><D72/><U44/><E113/><V127/><F134/><W83/><G115/><T92/><D116/><U89/><E101/><V67/><F127/><N who="3" m="48683" /><G43/><T26/><D65/><U17/><E0/><V128/><F41/><W131/><G131/><T98/><D26/><N who="1" m="16591" /><E2/><V50/><F128/><W63/><G88/><T22/><D3/><U7/><E60/><N who="2" m="38295" /><F82/><W84/><G63/><T18/><REACH who="0" step="1"/><D52/><REACH who="0" ten="193,389,189,219" step="2"/><U13/><E13/><V108/><F117/><W96/><G33/><T114/><D114/><U66/><E66/><V130/><F130/><W100/><G28/><T121/><D121/><U46/><E14/><V73/><F73/><W71/><G71/><T35/><D35/><U53/><E53/><V38/><F118/><W123/><G123/><T87/><D87/><AGARI ba="2,1" hai="6,7,16,17,19,44,46,47,87,89,94" m="16591" machi="87" ten="30,2000,0" yaku="8,1,54,1" doraHai="95" who="1" fromWho="0" sc="193,-26,389,36,189,0,219,0" />
</Scene>
<Scene>
<INIT seed="3,0,0,4,3,54" ten="167,425,189,219" oya="3" hai0="127,115,63,100,52,59,51,42,102,62,80,131,49" hai1="118,41,29,31,133,107,119,113,64,99,123,10,103" hai2="44,17,45,117,60,81,89,11,116,67,134,128,79" hai3="39,75,58,37,43,98,15,130,61,16,12,129,94"/><W14/><G75/><T19/><D127/><U108/><E123/><V71/><F134/><W33/><G33/><T27/><D131/><N who="3" m="50185" /><G43/><T66/><D115/><U109/><E113/><V34/><F128/><W13/><G94/><T40/><D80/><U83/><E133/><V65/><F34/><W22/><G98/><T38/><D38/><U30/><E41/><N who="0" m="15977" /><D63/><U120/><E120/><V53/><F116/><N who="1" m="44585" /><E64/><AGARI ba="0,0" hai="12,13,14,15,16,22,37,39,58,61,64" m="50185" machi="64" ten="30,5800,0" yaku="19,1,52,1,54,1" doraHai="54" who="3" fromWho="1" sc="167,0,425,-58,189,0,219,58" />
</Scene>
<Scene>
<INIT seed="3,1,0,3,5,91" ten="167,367,189,277" oya="3" hai0="131,105,85,0,11,17,21,71,90,69,132,100,78" hai1="135,117,5,64,42,58,89,103,129,112,44,48,60" hai2="41,62,99,86,106,57,33,82,30,25,7,107,35" hai3="115,16,38,95,111,128,125,36,83,10,114,28,13"/><W75/><G28/><T84/><D132/><U15/><E112/><V49/><F35/><W51/><G115/><T29/><D131/><U4/><E135/><V70/><F7/><W6/><G114/><T27/><D78/><U24/><E129/><V1/><F1/><W120/><G128/><T109/><D84/><U12/><E117/><V116/><F70/><W68/><G120/><T40/><D40/><U113/><E103/><V18/><F18/><W97/><G68/><T47/><D47/><U102/><E102/><V22/><F33/><W39/><G51/><T118/><D109/><U134/><E134/><V56/><F99/><W108/><G125/><T23/><D118/><U87/><E113/><V3/><F3/><W94/><G6/><N who="1" m="2666" /><E24/><V34/><F34/><W80/><G75/><T26/><D11/><U52/><E42/><V124/><F124/><W88/><REACH who="3" step="1"/><G95/><AGARI ba="1,0" hai="12,15,44,48,52,58,60,64,87,89,95" m="2666" machi="95" ten="30,3900,0" yaku="8,1,52,1,54,1" doraHai="91" who="1" fromWho="3" sc="167,0,367,42,189,0,277,-42" />
</Scene>
<Scene>
<INIT seed="4,0,0,1,0,77" ten="167,409,189,235" oya="0" hai0="104,112,74,59,13,103,106,29,20,12,57,40,115" hai1="7,100,81,84,89,70,95,67,114,31,49,43,8" hai2="122,9,80,75,88,90,116,108,39,35,113,3,109" hai3="126,42,118,0,53,85,38,73,121,86,50,96,54"/><T123/><D123/><U16/><E31/><V10/><F75/><W133/><G73/><T4/><D74/><U56/><E70/><V132/><F35/><W30/><G118/><T46/><D4/><U24/><E114/><N who="0" m="43561" /><D29/><U110/><E110/><V11/><F3/><W14/><G0/><T68/><D68/><U101/><E7/><V111/><F39/><W23/><G121/><T60/><D20/><N who="1" m="13319" /><E8/><V44/><F113/><W32/><G32/><T97/><D106/><U102/><E43/><V5/><F5/><W34/><G34/><T131/><D131/><U37/><E37/><V64/><F116/><W15/><G38/><N who="0" m="21783" /><D59/><U125/><E125/><V130/><F130/><W66/><G126/><T99/><D99/><N who="1" m="59519" /><E49/><V51/><F122/><W98/><G50/><T93/><D104/><U78/><E78/><V128/><F128/><W82/><G42/><T69/><D69/><U19/><E19/><V17/><F17/><W22/><G30/><T55/><AGARI ba="0,0" hai="12,13,55,57,60,93,97,103" m="21783,43561" machi="55" ten="30,1500,0" yaku="15,1" doraHai="77" who="0" fromWho="0" sc="167,15,409,-5,189,-5,235,-5" />
</Scene>
<Scene>
<INIT seed="4,1,0,0,4,50" ten="182,404,184,230" oya="0" hai0="53,75,13,9,11,86,36,29,0,84,76,102,128" hai1="119,37,6,103,126,62,65,79,30,1,21,14,93" hai2="17,19,43,52,25,121,81,74,115,34,116,80,111" hai3="99,8,41,132,18,27,55,46,72,40,60,78,59"/><T96/><D36/><U67/><E119/><V113/><F111/><W123/><G132/><T47/><D0/><U33/><E37/><V125/><F43/><W12/><G123/><T127/><D75/><U64/><E79/><N who="2" m="44151" /><F121/><W110/><G110/><T97/><D127/><U77/><E77/><V88/><F34/><W48/><G99/><N who="0" m="37963" /><D102/><U15/><E126/><V85/><F25/><W20/><G72/><T131/><D29/><U38/><E38/><V118/><F125/><W106/><G106/><T42/><D42/><U82/><E33/><V54/><F17/><W87/><G41/><T32/><D32/><U92/><E103/><V4/><F19/><W5/><G78/><T91/><D76/><U112/><E1/><V51/><F4/><W31/><REACH who="3" step="1"/><G87/><REACH who="3" ten="182,404,184,220" step="2"/><T124/><D86/><U71/><E112/><N who="2" m="43083" /><F54/><W70/><G70/><T63/><D124/><U56/><E71/><V100/><F100/><W69/><G69/><T105/><D105/><U10/><E65/><V109/><F109/><W94/><G94/><T16/><D11/><U35/><E92/><V2/><F2/><W89/><G89/><T133/><D133/><U58/><E93/><V44/><AGARI ba="1,1" hai="44,51,52,81,85,88,116,118" m="43083,44151" machi="44" ten="30,7900,0" yaku="15,1,52,1,54,2" doraHai="50" who="2" fromWho="2" sc="182,-40,404,-21,184,92,220,-21" />
</Scene>
<Scene>
<INIT seed="5,0,0,1,3,85" ten="142,383,276,199" oya="1" hai0="96,128,91,38,57,103,130,13,66,101,2,9,62" hai1="123,20,121,97,50,73,60,135,26,69,36,118,28" hai2="119,78,52,58,125,63,18,3,100,14,74,40,109" hai3="65,59,108,90,27,76,54,10,92,51,102,35,122"/><U99/><E36/><V134/><F3/><W117/><G122/><T94/><D38/><U47/><E73/><V87/><F74/><W82/><G108/><T126/><D2/><U21/><E118/><V88/><F78/><W55/><G117/><T5/><REACH who="0" step="1"/><D126/><REACH who="0" ten="132,383,276,199" step="2"/><U129/><E123/><V67/><F125/><W23/><G35/><T30/><D30/><U124/><E28/><V1/><F1/><W84/><G102/><AGARI ba="0,1" hai="5,9,13,57,62,66,91,94,96,101,102,103,128,130" machi="102" ten="40,2600,0" yaku="1,1,52,1,53,0" doraHai="85" doraHaiUra="107" who="0" fromWho="3" sc="132,36,383,0,276,0,199,-26" />
</Scene>
<Scene>
<INIT seed="6,0,0,0,0,16" ten="168,383,276,173" oya="2" hai0="6,93,102,29,35,41,27,32,107,123,135,53,76" hai1="46,127,36,114,69,43,72,78,13,96,120,19,94" hai2="84,122,103,38,124,104,0,111,51,75,5,63,45" hai3="85,14,2,119,18,121,40,126,108,10,130,88,34"/><V26/><F75/><W42/><G119/><T37/><D123/><U97/><E69/><V17/><F38/><W54/><G121/><T83/><D135/><U71/><E71/><V22/><F124/><W74/><G126/><T70/><D70/><U25/><E127/><V30/><F104/><W133/><G133/><T67/><D93/><U129/><E120/><V113/><F103/><W65/><G108/><T82/><D82/><U125/><E125/><V23/><F113/><W11/><G74/><N who="0" m="43415" /><D53/><U31/><E129/><V64/><F84/><W95/><G130/><T87/><D67/><U100/><E114/><V118/><F118/><W86/><G34/><N who="0" m="20799" /><D6/><U77/><E97/><V99/><F99/><N who="3" m="57831" /><G2/><T59/><D59/><U112/><E72/><V109/><F122/><W47/><G65/><T79/><D87/><N who="3" m="33289" /><G10/><T90/><D90/><U39/><E112/><V98/><F0/><W80/><G80/><T66/><D66/><U21/><E39/><V57/><F98/><W106/><G106/><T55/><D55/><U116/><E116/><V50/><F5/><W1/><G1/><T110/><D79/><U68/><E68/><V12/><REACH who="2" step="1"/><F51/><AGARI ba="0,0" hai="11,14,18,40,42,47,51,54" m="33289,57831" machi="51" ten="30,2000,0" yaku="8,1,54,1" doraHai="16" who="3" fromWho="2" sc="168,0,383,0,276,-20,173,20" />
</Scene>
<Scene>
<INIT seed="7,0,0,1,2,100" ten="168,383,256,193" oya="3" hai0="109,46,69,55,102,45,78,38,99,19,135,24,116" hai1="126,37,60,20,41,34,5,48,106,6,0,9,96" hai2="104,73,93,112,53,12,124,113,71,88,125,49,129" hai3="75,110,98,94,68,31,130,52,39,3,120,134,42"/><W25/><G120/><T64/><D116/><U111/><E34/><V28/><F104/><W91/><G3/><T27/><D109/><U95/><E106/><V56/><F73/><W92/><G110/><T17/><D135/><U72/><E37/><V59/><F71/><W54/><G68/><T65/><D78/><U30/><E72/><V13/><F28/><W85/><G75/><T76/><D76/><U1/><E111/><V107/><F107/><W66/><G66/><T70/><D55/><U63/><E126/><N who="2" m="48747" /><F59/><W132/><G130/><T80/><D102/><U44/><E6/><V77/><F77/><W29/><G42/><T21/><D99/><U103/><E0/><V35/><F35/><W127/><G39/><T47/><D80/><U121/><E95/><V108/><F129/><W115/><G127/><T128/><D128/><U2/><E9/><V84/><F108/><W51/><G115/><AGARI ba="0,0" hai="12,13,49,53,56,84,88,93,112,113,115" m="48747" machi="115" ten="30,3900,0" yaku="15,1,18,1,54,1" doraHai="100" who="2" fromWho="3" sc="168,0,383,0,256,39,193,-39" owari="168,-23.0,383,48.0,295,10.0,154,-35.0" />
</Scene>
</mjloggm>