<mjloggm ver="2.3"><GO type="169" lobby="0"/><UN n0="%E3%81%BA%E3%82%8A%E3%81%8B%E3%82%93" n1="%42%69%67%75" n2="%E5%A4%AA%E3%81%8F%E3%81%AA%E3%81%84%E3%81%8A" n3="%77%61%77%61%33%30%33%30" dan="17,17,17,16" rate="2198.46,2132.88,2225.69,2193.90" sx="F,M,M,M"/><TAIKYOKU oya="0"/>

<Scene>
<INIT seed="0,0,0,4,5,21" ten="250,250,250,250" oya="0" hai0="127,62,45,18,63,44,60,9,113,79,5,100,83" hai1="3,128,26,53,129,106,33,84,29,20,110,76,50" hai2="1,23,66,58,65,11,125,36,134,12,107,74,80" hai3="68,38,6,112,131,22,24,132,121,114,46,95,89"/><T119/><D113/><U77/><E3/><V92/><F107/><W101/><G68/><T56/><D119/><U85/><E106/><V90/><F36/><W30/><G101/><T7/><D127/><U86/><E33/><V59/><F1/><W15/><G131/><N who="1" m="50250" /><E110/><V31/><F125/><W57/><G132/><T54/><D100/><U97/><E97/><V126/><F126/><W41/><G121/><T51/><D45/><AGARI ba="0,0" hai="20,26,29,45,50,53,76,77,84,85,86" m="50250" machi="45" ten="30,2000,0" yaku="19,1,52,1" doraHai="21" who="1" fromWho="0" sc="250,-20,250,20,250,0,250,0" />
</Scene>
<Scene>
<INIT seed="1,0,0,0,1,89" ten="230,270,250,250" oya="1" hai0="107,91,106,92,127,64,53,133,11,44,20,5,98" hai1="119,58,86,81,67,47,40,129,57,52,102,19,93" hai2="17,36,43,31,113,45,15,56,104,105,33,61,18" hai3="134,126,38,50,32,62,124,101,70,103,51,78,2"/><U71/><E119/><V100/><F113/><W3/><G38/><T96/><D127/><U59/><E129/><V97/><F33/><W60/><G78/><T39/><D133/><U108/><E108/><V65/><F31/><W9/><G9/><T49/><D39/><U87/><E71/><V68/><F105/><W125/><G125/><T30/><D96/><U21/><E67/><V135/><F135/><W4/><G4/><T26/><REACH who="0" step="1"/><D64/><REACH who="0" ten="220,270,250,250" step="2"/><U84/><E81/><V118/><F118/><W41/><G134/><T74/><D74/><U24/><E102/><V46/><F36/><W28/><G101/><T123/><D123/><U88/><E40/><V90/><F43/><W7/><G103/><T13/><AGARI ba="0,1" hai="5,11,13,20,26,30,44,49,53,91,92,98,106,107" machi="13" ten="20,5200,0" yaku="1,1,0,1,7,1,52,1,53,0" doraHai="89" doraHaiUra="54" who="0" fromWho="0" sc="220,62,270,-26,250,-13,250,-13" />
</Scene>
<Scene>
<INIT seed="2,0,0,1,0,9" ten="282,244,237,237" oya="2" hai0="11,88,115,40,107,52,83,109,16,126,128,26,82" hai1="85,97,35,43,132,66,96,106,84,113,116,71,130" hai2="76,89,72,73,4,74,65,49,86,48,129,5,17" hai3="31,77,56,53,27,29,133,68,32,123,91,103,54"/><V21/><F76/><W101/><G68/><T30/><D115/><U92/><E116/><V98/><F98/><W57/><G77/><T78/><D107/><U0/><E0/><V127/><F65/><W67/><G67/><T93/><D40/><U34/><E113/><V47/><F127/><W100/><G133/><T12/><D126/><U1/><E1/><V51/><F47/><W105/><G31/><T108/><D52/><U90/><E43/><V69/><F69/><W24/><G24/><T18/><D18/><U45/><E45/><V94/><REACH who="2" step="1"/><F129/><REACH who="2" ten="282,244,227,237" step="2"/><W19/><G123/><T110/><D78/><U58/><E130/><V22/><F22/><W70/><G70/><T42/><D128/><U63/><E71/><V117/><F117/><W2/><G105/><T20/><D42/><U8/><E34/><V37/><F37/><W44/><G44/><T7/><D7/><U15/><E35/><V60/><F60/><W61/><G32/><T10/><D11/><U55/><E66/><V33/><F33/><W111/><G61/><T112/><D112/><U122/><E122/><V102/><F102/><W104/><G100/><T87/><AGARI ba="0,1" hai="10,12,16,20,26,30,82,83,87,88,93,108,109,110" machi="87" ten="30,8000,1" yaku="0,1,14,1,52,1,54,2" doraHai="9" who="0" fromWho="0" sc="282,90,244,-20,227,-40,237,-20" />
</Scene>
<Scene>
<INIT seed="3,0,0,3,2,4" ten="372,224,187,217" oya="3" hai0="40,69,110,49,59,16,34,118,21,47,104,134,103" hai1="53,114,37,44,7,27,107,122,30,22,116,32,24" hai2="46,97,78,12,126,131,132,121,77,135,92,100,54" hai3="117,105,86,71,65,76,101,130,90,39,52,42,83"/><W72/><G117/><T9/><D118/><U127/><E116/><V98/><F54/><W102/><G130/><T91/><D34/><U94/><E107/><N who="2" m="63887" /><F46/><W115/><G115/><T29/><D69/><U36/><E114/><V43/><F43/><W133/><G133/><N who="2" m="51273" /><F12/><W3/><G105/><T99/><D91/><U13/><E127/><V81/><F126/><W67/><G71/><T25/><D59/><U17/><E122/><V33/><F33/><W109/><G3/><T93/><D134/><U73/><E73/><V41/><F41/><W63/><G109/><T119/><D110/><U20/><E94/><V62/><F62/><W82/><G42/><T57/><D57/><U14/><E14/><V64/><F64/><W48/><G39/><T55/><D119/><U108/><E108/><V113/><F113/><W89/><G89/><T31/><D104/><U11/><REACH who="1" step="1"/><E32/><REACH who="1" ten="372,214,187,217" step="2"/><V66/><F121/><W106/><G106/><T61/><D93/><U18/><E18/><V79/><F131/><W68/><REACH who="3" step="1"/><G67/><REACH who="3" ten="372,214,187,207" step="2"/><T51/><D40/><U88/><E88/><N who="2" m="55559" /><F66/><W128/><G128/><T19/><D55/><U124/><E124/><V15/><F15/><W50/><G50/><AGARI ba="0,2" hai="7,11,13,17,20,22,24,27,30,36,37,44,50,53" machi="50" ten="40,2600,0" yaku="1,1,52,1,53,0" doraHai="4" doraHaiUra="56" who="1" fromWho="3" sc="372,0,214,46,187,0,207,-26" />
</Scene>
<Scene>
<INIT seed="4,0,0,4,5,64" ten="372,260,187,181" oya="0" hai0="132,69,65,37,85,45,78,79,104,89,122,133,29" hai1="84,48,59,7,12,81,119,131,100,25,61,101,72" hai2="51,116,124,22,32,46,53,15,105,55,106,130,95" hai3="14,73,129,11,110,120,19,2,60,125,97,43,18"/><T75/><D122/><U80/><E119/><V83/><F32/><W128/><G73/><T92/><D104/><U88/><E131/><V47/><F130/><W20/><G110/><T6/><D75/><U123/><E123/><V13/><F116/><W49/><G2/><T1/><D29/><U126/><E126/><V23/><F95/><W62/><G125/><T58/><D69/><U111/><E111/><V38/><F124/><W98/><G120/><T76/><D37/><U26/><E72/><V135/><F83/><W28/><G28/><T42/><D1/><U4/><E80/><V74/><F74/><W9/><G49/><T16/><D6/><N who="1" m="2091" /><E48/><V21/><F135/><W68/><G20/><T31/><D31/><U99/><E12/><N who="2" m="4683" /><F51/><W27/><G14/><T54/><D133/><U34/><E34/><V113/><F38/><W107/><G43/><T93/><D42/><U24/><E99/><V5/><F5/><W39/><G39/><T0/><D0/><U121/><E121/><V109/><F109/><W87/><G87/><T52/><D132/><U67/><AGARI ba="0,0" hai="24,25,26,59,61,67,81,84,88,100,101" m="2091" machi="67" ten="30,2000,0" yaku="8,1,54,1" doraHai="64" who="1" fromWho="1" sc="372,-10,260,20,187,-5,181,-5" />
</Scene>
<Scene>
<INIT seed="5,0,0,2,3,33" ten="362,280,182,176" oya="1" hai0="26,130,124,29,17,118,14,18,28,55,23,74,19" hai1="60,35,22,111,88,129,80,59,3,81,126,31,104" hai2="8,116,48,97,76,13,30,89,83,106,15,67,2" hai3="128,44,93,39,134,45,79,75,112,0,54,86,123"/><U58/><E104/><V49/><F116/><W61/><G75/><T32/><D74/><U94/><E35/><V84/><F2/><W11/><G123/><T47/><D118/><U21/><E3/><V63/><F30/><W71/><G39/><T52/><D124/><U105/><E105/><V96/><F15/><W42/><G42/><T131/><D29/><U6/><E6/><V72/><F97/><W95/><G79/><T10/><D47/><U122/><E122/><V133/><F133/><W57/><G71/><T9/><D52/><N who="1" m="33863" /><E126/><V12/><F106/><W90/><G93/><T24/><D55/><U101/><E101/><V20/><F20/><N who="1" m="7785" /><E31/><V36/><F36/><W56/><G0/><T109/><D109/><U87/><E111/><V40/><F96/><W121/><G54/><T25/><D25/><U82/><E129/><V127/><F127/><W27/><G128/><T38/><D38/><U4/><E4/><V119/><F119/><W78/><G121/><T16/><D17/><U66/><E59/><V7/><F13/><AGARI ba="0,0" hai="9,10,13,14,16,18,19,23,24,26,28,32,130,131" machi="13" ten="40,8000,1" yaku="9,1,34,3,54,1" doraHai="33" who="0" fromWho="2" sc="362,80,280,0,182,-80,176,0" />
</Scene>
<Scene>
<INIT seed="6,0,0,2,1,37" ten="442,280,102,176" oya="2" hai0="2,92,39,38,0,29,133,51,68,120,98,41,104" hai1="73,18,93,116,14,80,83,91,53,89,69,61,86" hai2="9,97,123,55,70,52,74,15,67,87,125,79,99" hai3="54,56,114,96,71,30,82,85,113,28,44,108,48"/><V63/><F123/><W11/><G71/><T64/><D120/><U119/><E73/><V50/><F74/><W95/><G108/><T94/><D104/><U131/><E131/><V128/><F128/><W49/><G11/><T43/><D29/><U77/><E83/><V118/><F118/><W109/><G109/><T135/><D51/><U100/><E100/><V88/><F79/><N who="3" m="46303" /><G95/><T110/><D110/><U16/><E18/><V25/><F25/><W42/><G96/><T31/><D98/><U57/><E69/><V130/><F130/><W75/><G75/><T121/><D31/><U90/><REACH who="1" step="1"/><E93/><REACH who="1" ten="442,270,102,176" step="2"/><V10/><F125/><W33/><G30/><T27/><D121/><U46/><E46/><V58/><F55/><W34/><G28/><T76/><D68/><U78/><E78/><V1/><F1/><W59/><G59/><T66/><D76/><U22/><AGARI ba="0,1" hai="14,16,22,53,57,61,77,80,86,89,90,91,116,119" machi="22" ten="30,7900,0" yaku="1,1,0,1,54,1,53,1" doraHai="37" doraHaiUra="13" who="1" fromWho="1" sc="442,-20,270,89,102,-39,176,-20" />
</Scene>
<Scene>
<INIT seed="7,0,0,4,4,76" ten="422,359,63,156" oya="3" hai0="121,11,12,16,41,66,27,56,101,28,36,123,104" hai1="72,46,15,64,74,92,105,118,103,132,119,34,115" hai2="91,7,81,45,88,86,124,87,99,53,100,5,43" hai3="44,122,78,129,97,60,62,33,128,59,125,90,96"/><W102/><G122/><T51/><D36/><U82/><E34/><V126/><F53/><W29/><G78/><T32/><D104/><U120/><E64/><V48/><F126/><W37/><G125/><T58/><D101/><U71/><E71/><V106/><REACH who="2" step="1"/><F124/><REACH who="2" ten="422,359,53,156" step="2"/><W25/><G128/><T4/><D123/><U80/><E120/><V52/><F52/><W112/><G129/><T14/><D121/><U85/><E132/><V57/><F57/><W23/><G112/><T77/><D66/><U61/><E115/><V2/><F2/><W63/><G59/><T73/><D58/><U84/><E46/><V40/><F40/><W130/><G130/><T10/><D56/><U69/><E69/><V95/><AGARI ba="0,1" hai="5,7,43,45,48,81,86,87,88,91,95,99,100,106" machi="95" ten="20,12000,2" yaku="1,1,0,1,7,1,52,1,54,1,53,2" doraHai="76" doraHaiUra="1" who="2" fromWho="2" sc="422,-30,359,-30,53,130,156,-60" owari="392,49.0,329,13.0,183,-22.0,96,-40.0" />
</Scene>
</mjloggm>