<mjloggm ver="2.3"><GO type="169" lobby="0"/><UN n0="%E5%A4%AA%E3%81%8F%E3%81%AA%E3%81%84%E3%81%8A" n1="%E3%83%98%E3%82%AF%E3%82%B5%E3%83%BC" n2="%E3%81%97%E3%82%85%E3%81%86%E3%83%BC%E3%80%82" n3="%E3%81%99%E3%81%9A%E3%82%81%E3%82%AF%E3%83%AC%E3%82%A4%E3%82%B8%E3%83%BC" dan="17,16,17,19" rate="2198.76,2104.07,2129.03,2269.86" sx="M,M,M,M"/><TAIKYOKU oya="0"/>

<Scene>
<INIT seed="0,0,0,0,5,27" ten="250,250,250,250" oya="0" hai0="3,41,66,77,39,56,96,103,2,114,4,119,82" hai1="92,36,18,43,112,48,58,32,16,105,80,113,81" hai2="59,98,17,9,64,124,65,84,50,78,5,104,38" hai3="30,21,123,117,47,42,44,34,110,91,51,94,25"/><T57/><D114/><N who="1" m="44139" /><E105/><V24/><F38/><W11/><G110/><T72/><D119/><U60/><E36/><V54/><F124/><W133/><G133/><T15/><D15/><U61/><E32/><V1/><F104/><W95/><G123/><T106/><D66/><U132/><E132/><V68/><F68/><W79/><G79/><T19/><D19/><N who="1" m="7211" /><E92/><V101/><F101/><W13/><G34/><T86/><D3/><U76/><E76/><V70/><F98/><W134/><G117/><T107/><D107/><U53/><E61/><V52/><F70/><W130/><G130/><T108/><D108/><U7/><E7/><V100/><F100/><W20/><G20/><T49/><D49/><U118/><E118/><V135/><F135/><W71/><G71/><T128/><D128/><U40/><E60/><V90/><F78/><W46/><G95/><T74/><D74/><U109/><E109/><V93/><REACH who="2" step="1"/><F54/><REACH who="2" ten="250,250,240,250" step="2"/><W126/><G126/><T8/><REACH who="0" step="1"/><D86/><REACH who="0" ten="240,250,240,250" step="2"/><U37/><E37/><V75/><F75/><W116/><G116/><T85/><D85/><U23/><E53/><V127/><F127/><W33/><G134/><T63/><D63/><U0/><E48/><V131/><F131/><W6/><G51/><T26/><D26/><U83/><E40/><V10/><F10/><W67/><G42/><T99/><D99/><U111/><E43/><V31/><F31/><W115/><G115/><T29/><D29/><U55/><E111/><V121/><F121/><W89/><G30/><T22/><D22/><AGARI ba="0,2" hai="1,5,9,17,22,24,50,52,59,64,65,84,90,93" machi="22" ten="40,5200,0" yaku="1,1,54,1,53,1" doraHai="27" doraHaiUra="12" who="2" fromWho="0" sc="240,-52,250,0,240,72,250,0" />
</Scene>
<Scene>
<INIT seed="1,0,0,1,0,121" ten="188,250,312,250" oya="1" hai0="13,63,1,23,76,5,66,88,101,77,12,67,105" hai1="118,16,35,59,56,93,31,113,64,46,61,74,94" hai2="95,126,120,99,133,21,45,49,106,3,54,72,11" hai3="26,17,36,7,135,130,87,43,57,96,2,122,128"/><U30/><E118/><V42/><F120/><W22/><G122/><T84/><D1/><U52/><E113/><V50/><F126/><W10/><G135/><T91/><D105/><U129/><E74/><V27/><F133/><W85/><G36/><T75/><D75/><U0/><E0/><V83/><F106/><W71/><G43/><T111/><D101/><U60/><E129/><N who="3" m="49770" /><G71/><T44/><D44/><U51/><E35/><V65/><F65/><W104/><G57/><T47/><D47/><U132/><E132/><V92/><F72/><W20/><G20/><T80/><D23/><U29/><REACH who="1" step="1"/><E16/><REACH who="1" ten="188,240,312,250" step="2"/><V55/><F3/><W6/><G6/><T86/><D5/><U8/><E8/><V41/><F11/><W37/><G37/><T32/><D32/><U134/><E134/><V112/><F112/><W114/><G114/><T40/><D12/><U109/><E109/><V69/><F21/><W14/><G2/><T110/><D13/><U48/><E48/><V107/><F50/><W82/><G7/><T102/><D111/><U103/><E103/><V119/><F49/><W58/><G10/><T100/><D110/><U62/><E62/><V70/><F27/><W19/><G14/><T38/><D63/><U34/><E34/><V15/><F15/><W97/><G17/><T28/><D38/><U4/><E4/><V9/><F9/><W115/><G115/><T79/><D102/><U18/><E18/><V125/><F125/><W24/><G19/><T90/><D100/><U89/><E89/><V53/><F107/><W124/><G124/><T98/><D90/><RYUUKYOKU ba="0,1" sc="188,-10,240,30,312,-10,250,-10" hai1="29,30,31,46,51,52,56,59,60,61,64,93,94" />
</Scene>
<Scene>
<INIT seed="1,1,1,5,3,54" ten="178,270,302,240" oya="1" hai0="13,103,69,114,86,23,64,62,102,19,85,51,43" hai1="94,17,117,61,45,71,127,122,58,26,129,88,113" hai2="98,48,77,59,49,99,56,53,125,50,8,31,44" hai3="22,82,35,121,57,112,15,65,3,89,38,75,55"/><U30/><E122/><V126/><F77/><W109/><G35/><T14/><D114/><U27/><E117/><V47/><F31/><W28/><G3/><T10/><D43/><U79/><E113/><V60/><F8/><W132/><G109/><T21/><D51/><N who="2" m="19530" /><F125/><W18/><G38/><T108/><D108/><U46/><E71/><V90/><F126/><W107/><G132/><T36/><D36/><U115/><E115/><V52/><F90/><W39/><G39/><T6/><REACH who="0" step="1"/><D23/><REACH who="0" ten="168,270,302,240" step="2"/><N who="1" m="15711" /><E127/><V68/><F68/><W1/><G22/><T74/><D74/><U25/><E129/><V92/><F92/><W72/><G75/><T78/><D78/><U32/><E79/><V84/><F84/><AGARI ba="1,2" hai="6,10,13,14,19,21,62,64,69,84,85,86,102,103" machi="84" ten="40,1300,0" yaku="1,1,53,0" doraHai="54" doraHaiUra="29" who="0" fromWho="2" sc="168,36,270,0,302,-16,240,0" />
</Scene>
<Scene>
<INIT seed="2,0,0,5,4,0" ten="204,270,286,240" oya="2" hai0="90,123,3,66,121,52,73,57,79,25,13,29,89" hai1="103,127,42,115,37,1,71,7,17,109,30,6,34" hai2="24,104,20,22,74,130,54,68,70,26,95,69,116" hai3="135,35,76,94,100,82,27,61,45,133,47,62,118"/><V129/><F104/><W21/><G35/><T23/><D3/><U2/><E71/><V50/><F74/><W117/><G100/><T11/><D66/><U128/><E103/><V75/><F75/><W98/><G98/><T63/><D73/><U38/><E42/><V87/><F116/><W12/><G94/><T83/><D79/><U51/><E51/><V46/><F87/><W91/><G91/><T64/><D83/><U110/><E115/><V96/><F22/><W10/><G82/><T31/><D31/><U40/><E40/><V134/><F134/><W36/><G76/><T9/><D9/><U92/><E92/><V114/><F114/><W99/><G99/><T49/><D123/><U124/><E17/><V88/><REACH who="2" step="1"/><F20/><REACH who="2" ten="204,270,276,240" step="2"/><W18/><G118/><T48/><D121/><U81/><E34/><V60/><F60/><W16/><G62/><T86/><D86/><U126/><E128/><AGARI ba="0,1" hai="24,26,46,50,54,68,69,70,88,95,96,128,129,130" machi="128" ten="50,12000,1" yaku="1,1,19,1,54,1,53,1" doraHai="0" doraHaiUra="43" who="2" fromWho="1" sc="204,0,270,-120,276,130,240,0" />
</Scene>
<Scene>
<INIT seed="2,1,0,2,4,41" ten="204,150,406,240" oya="2" hai0="129,7,130,114,86,73,132,51,1,120,76,112,98" hai1="34,25,94,116,19,22,33,121,44,2,92,134,87" hai2="15,89,45,14,103,110,133,11,35,105,40,3,53" hai3="42,37,55,124,32,52,24,90,31,26,84,8,74"/><V29/><F133/><W13/><G74/><T82/><D1/><U61/><E116/><V99/><F3/><W66/><G66/><T77/><D7/><U6/><E134/><V81/><F35/><W28/><G124/><T115/><D132/><U17/><E121/><V68/><F29/><W0/><G0/><T119/><D120/><U104/><E104/><V10/><F68/><W12/><G12/><T122/><D122/><U79/><E61/><V49/><F110/><W123/><G123/><T46/><D119/><U43/><E17/><V91/><F81/><W62/><G62/><T23/><D73/><U95/><E79/><V63/><F63/><W113/><G42/><T78/><D23/><U128/><E128/><N who="0" m="49257" /><D98/><U93/><N who="1" m="24064" /><DORA hai="64" /><U60/><E60/><V127/><F127/><W21/><G37/><T118/><D118/><U80/><E6/><V108/><F108/><W4/><G113/><N who="0" m="28931" /><T18/><DORA hai="96" /><D18/><U72/><E72/><V101/><F11/><W48/><G48/><T111/><D111/><U125/><E2/><V69/><F10/><W102/><G84/><T83/><D86/><U39/><REACH who="1" step="1"/><E125/><REACH who="1" ten="204,140,406,240" step="2"/><V56/><F105/><W70/><G4/><T109/><D109/><U135/><E135/><V88/><F99/><W71/><G71/><T50/><D82/><U107/><E107/><V27/><F69/><W106/><G70/><T16/><D16/><U9/><E9/><V67/><F67/><W57/><G106/><T54/><D83/><U38/><E38/><V65/><F65/><W58/><G8/><T131/><N who="0" m="49265" /><T20/><DORA hai="97" /><D51/><RYUUKYOKU ba="1,1" sc="204,15,140,15,406,-15,240,-15" hai0="20,46,50,54,76,77,78" hai1="19,22,25,33,34,39,43,44,80,87" />
</Scene>
<Scene>
<INIT seed="3,2,1,3,5,81" ten="219,155,391,225" oya="3" hai0="14,7,113,54,102,134,115,29,108,107,44,32,123" hai1="75,83,88,39,58,104,78,132,124,65,128,131,76" hai2="48,60,34,114,53,30,17,133,18,73,70,100,135" hai3="31,85,86,84,122,33,121,118,95,5,79,69,71"/><W49/><G118/><T25/><D123/><U3/><E39/><V21/><F73/><W106/><G106/><T93/><D107/><U40/><E3/><V127/><F114/><N who="0" m="43530" /><D108/><U4/><E4/><V129/><F100/><W92/><G5/><T96/><D134/><N who="2" m="51210" /><F34/><W63/><G79/><T64/><D64/><U27/><E132/><V94/><F127/><W99/><G63/><T37/><D54/><U19/><E124/><V23/><F60/><W74/><G74/><T50/><D50/><U38/><E65/><V56/><F70/><N who="3" m="26635" /><G49/><T111/><D111/><U2/><E58/><V68/><F68/><W16/><G99/><T103/><D7/><U110/><E2/><V57/><F57/><W130/><G31/><T8/><D37/><U45/><E110/><V91/><F30/><W105/><G105/><T90/><D44/><U10/><E104/><V12/><F18/><W47/><G47/><T66/><D66/><U116/><E116/><V55/><F55/><W42/><G16/><N who="0" m="8263" /><D103/><U117/><E117/><V109/><F109/><W1/><G1/><T61/><D61/><U43/><E43/><V51/><F51/><W36/><G33/><T62/><D62/><U119/><E119/><V52/><F53/><W89/><G42/><T46/><D46/><U9/><E45/><V20/><F48/><W72/><G36/><T13/><D102/><U125/><E40/><V22/><F52/><W82/><G72/><T41/><D41/><U26/><E38/><V77/><F56/><W6/><G6/><T24/><D13/><U112/><E125/><V98/><F77/><RYUUKYOKU ba="2,1" sc="219,15,155,-15,391,15,225,-15" hai0="24,25,29,32,90,93,96" hai2="12,17,20,21,22,23,91,94,98,129" />
</Scene>
<Scene>
<INIT seed="4,3,1,4,3,117" ten="234,140,406,210" oya="0" hai0="25,71,79,2,55,119,44,30,0,87,40,121,3" hai1="19,123,32,104,53,112,70,28,24,96,125,42,63" hai2="51,107,69,80,65,89,122,45,118,31,5,68,130" hai3="132,29,67,11,48,8,46,52,23,73,110,27,62"/><T100/><D119/><U84/><E125/><V41/><F107/><W18/><G110/><T120/><D71/><U49/><E112/><V82/><F118/><W43/><G73/><T92/><D55/><U90/><E19/><V33/><F5/><W81/><G132/><T135/><D135/><U95/><E42/><V103/><F103/><W47/><G81/><T91/><D79/><U128/><E128/><V22/><F33/><W35/><G67/><T101/><D101/><N who="1" m="62503" /><E49/><V102/><F102/><W129/><G129/><T76/><D76/><U83/><E53/><V64/><F130/><W39/><REACH who="3" step="1"/><G62/><REACH who="3" ten="234,140,406,200" step="2"/><T126/><D126/><U4/><E83/><N who="2" m="31787" /><F65/><W34/><G34/><T113/><D113/><U20/><E32/><V10/><F64/><W106/><G106/><T108/><D108/><U13/><E63/><V16/><F69/><W21/><G21/><T36/><REACH who="0" step="1"/><D100/><REACH who="0" ten="224,140,406,200" step="2"/><U134/><E70/><V115/><F68/><W50/><G50/><T74/><D74/><U116/><E134/><V57/><F115/><W9/><G9/><T1/><N who="0" m="0" /><DORA hai="6" /><T133/><D133/><U127/><E116/><V77/><F10/><W15/><AGARI ba="3,3" hai="8,11,15,18,23,27,29,35,39,43,46,47,48,52" machi="15" ten="20,12000,2" yaku="1,1,0,1,7,1,52,2,54,1,53,1" doraHai="117,6" doraHaiUra="85,12" who="3" fromWho="3" sc="224,-63,140,-33,406,-33,200,159" />
</Scene>
<Scene>
<INIT seed="5,0,0,4,5,1" ten="161,107,373,359" oya="1" hai0="27,26,120,110,45,84,60,104,107,105,47,53,14" hai1="129,70,75,37,113,72,80,57,40,78,30,12,103" hai2="48,124,115,76,73,17,89,43,65,135,31,22,85" hai3="116,35,79,125,10,42,112,9,98,34,59,2,44"/><U4/><E70/><V71/><F73/><W24/><G112/><T16/><D110/><U96/><E113/><V92/><F115/><W66/><G98/><T5/><D120/><U119/><E119/><V94/><F71/><W100/><G100/><T39/><D5/><U20/><E129/><V18/><F76/><W74/><G24/><T134/><D134/><U102/><E72/><V111/><F111/><W62/><G9/><T15/><D84/><U86/><E75/><V19/><F65/><W63/><G63/><T128/><D128/><U109/><E109/><V133/><F124/><W101/><G101/><N who="1" m="38410" /><E37/><V36/><F36/><N who="3" m="21575" /><G116/><T97/><D97/><U28/><E40/><V67/><F67/><W23/><G23/><T88/><D39/><U51/><E96/><V6/><F94/><W126/><G35/><T33/><D33/><U130/><E130/><V58/><F43/><W127/><G34/><T93/><D105/><U3/><E3/><V114/><F114/><W121/><G121/><T13/><D107/><U56/><E20/><V118/><F118/><W29/><G29/><N who="1" m="11370" /><E51/><V69/><F69/><W55/><G74/><T32/><D104/><U117/><E117/><V21/><F31/><W61/><G2/><T87/><D32/><U41/><E41/><V81/><F22/><W64/><G126/><T38/><D38/><U68/><E68/><V25/><F21/><W90/><G127/><T132/><D132/><U46/><E46/><N who="0" m="17417" /><D27/><U50/><E50/><V108/><F25/><W83/><G125/><T52/><D60/><U106/><E106/><V54/><F135/><RYUUKYOKU ba="0,0" sc="161,15,107,15,373,-15,359,-15" hai0="13,14,15,16,26,52,53,87,88,93" hai1="4,12,56,57,78,80,86" />
</Scene>
<Scene>
<INIT seed="5,1,0,5,2,29" ten="176,122,358,344" oya="1" hai0="35,92,100,20,31,28,40,39,67,25,65,38,87" hai1="21,89,1,30,97,5,59,103,84,129,132,48,16" hai2="43,12,57,62,46,9,7,134,111,61,24,23,27" hai3="115,135,86,124,94,131,18,2,125,22,63,70,71"/><U11/><E132/><V72/><F111/><W33/><G2/><T58/><D40/><U122/><E122/><V91/><F72/><W34/><G115/><T51/><D51/><U105/><E129/><V104/><F104/><W78/><G131/><T69/><D69/><U110/><E110/><V88/><F134/><W98/><G86/><T8/><D8/><U32/><E59/><V26/><F23/><W102/><G78/><T3/><D3/><U53/><E30/><V130/><F130/><W52/><G135/><T116/><D116/><U133/><E133/><V0/><F0/><W117/><G117/><T15/><D67/><U99/><E32/><V83/><F83/><W96/><G96/><T82/><D100/><U6/><E6/><V128/><F128/><W108/><G108/><T68/><D92/><U47/><E99/><V42/><F61/><W17/><G17/><T55/><D65/><U54/><E54/><N who="2" m="34103" /><F46/><W93/><G93/><T112/><D68/><U45/><E45/><V41/><AGARI ba="1,0" hai="7,9,12,24,26,27,41,42,43,88,91" m="34103" machi="41" ten="30,2000,0" yaku="8,1,54,1" doraHai="29" who="2" fromWho="2" sc="176,-6,122,-11,358,23,344,-6" />
</Scene>
<Scene>
<INIT seed="6,0,0,5,3,76" ten="170,111,381,338" oya="2" hai0="59,54,79,85,42,31,19,57,49,32,68,18,115" hai1="50,88,83,7,93,61,6,37,134,20,105,38,45" hai2="118,82,123,70,121,25,2,126,116,14,40,98,78" hai3="130,17,66,84,112,23,71,102,100,94,72,135,26"/><V92/><F2/><W132/><G72/><T29/><D68/><U104/><E134/><N who="3" m="51242" /><G130/><T36/><D115/><U113/><E113/><V15/><F25/><W133/><G112/><T55/><D36/><U96/><E61/><V129/><F15/><W0/><G0/><T77/><D42/><U86/><E37/><V62/><F14/><W27/><G27/><T39/><D39/><U65/><E38/><V64/><F40/><W95/><G133/><T22/><D32/><U21/><E65/><V44/><F44/><W75/><G75/><T28/><D85/><U101/><E105/><V63/><F63/><N who="3" m="40415" /><G84/><T110/><D110/><U13/><E104/><V1/><F1/><W16/><G17/><N who="0" m="6155" /><D22/><N who="1" m="8811" /><E13/><V89/><F129/><W131/><G131/><T35/><D35/><U43/><AGARI ba="0,0" hai="6,7,43,45,50,83,86,88,93,96,101" m="8811" machi="43" ten="30,4000,0" yaku="8,1,52,1,54,1" doraHai="76" who="1" fromWho="1" sc="170,-10,111,40,381,-20,338,-10" />
</Scene>
<Scene>
<INIT seed="7,0,0,2,0,129" ten="160,151,361,328" oya="3" hai0="81,40,2,9,35,90,74,22,125,50,15,107,123" hai1="5,77,29,103,10,6,30,116,78,56,128,69,99" hai2="27,113,43,7,63,68,71,95,47,122,119,92,108" hai3="134,93,67,20,91,121,120,96,44,100,85,16,80"/><W32/><G32/><T4/><D123/><U21/><E69/><V106/><F108/><W97/><G134/><T41/><D107/><U79/><E128/><V66/><F106/><W86/><G67/><T76/><D125/><U24/><E116/><V19/><F119/><W13/><G85/><T54/><D35/><U117/><E117/><V8/><F71/><W25/><G44/><T115/><D115/><U102/><E30/><V62/><F62/><W52/><G52/><T14/><D2/><U132/><E132/><V82/><F82/><W49/><G49/><T33/><D33/><U98/><E56/><V75/><F75/><W17/><REACH who="3" step="1"/><G97/><REACH who="3" ten="160,151,361,318" step="2"/><N who="1" m="36874" /><E10/><AGARI ba="0,1" hai="10,13,16,17,20,25,80,86,91,93,96,100,120,121" machi="10" ten="30,5800,0" yaku="1,1,7,1,54,1,53,0" doraHai="129" doraHaiUra="28" who="3" fromWho="1" sc="160,0,151,-58,361,0,318,68" owari="160,-24.0,93,-41.0,361,16.0,386,49.0" />
</Scene>
</mjloggm>