<mjloggm ver="2.3"><GO type="169" lobby="0"/><UN n0="%E9%9B%AA%E4%B9%83%E7%80%AC%E9%BA%97" n1="%E5%A4%AA%E3%81%8F%E3%81%AA%E3%81%84%E3%81%8A" n2="%65%72%6F%67%72%65%65%6E" n3="%E6%9C%A8%E6%9D%91%E2%98%86%E9%A0%98" dan="16,18,16,16" rate="2122.82,2217.19,2166.78,2120.41" sx="M,M,M,M"/><TAIKYOKU oya="0"/>

<Scene>
<INIT seed="0,0,0,2,2,49" ten="250,250,250,250" oya="0" hai0="100,111,1,108,45,54,64,20,51,23,118,131,102" hai1="56,77,44,85,75,84,6,88,7,17,73,5,38" hai2="16,124,21,25,107,19,92,94,69,24,134,98,126" hai3="103,117,113,10,76,63,105,28,79,26,72,91,71"/><T65/><D1/><U133/><E133/><V2/><F69/><W58/><G71/><T29/><D118/><U123/><E123/><V40/><F2/><W86/><G72/><T15/><D131/><U87/><E77/><V41/><F107/><W48/><G113/><T12/><D29/><U93/><E17/><V33/><F134/><W36/><G36/><T132/><D132/><U42/><REACH who="1" step="1"/><E56/><REACH who="1" ten="250,240,250,250" step="2"/><V90/><F126/><W114/><G117/><T62/><D108/><U31/><E31/><V127/><F124/><W50/><G79/><T130/><D111/><U8/><E8/><V52/><F19/><W59/><G10/><T109/><D130/><U66/><E66/><V110/><F110/><W67/><G76/><T22/><D109/><U53/><E53/><V96/><F127/><W129/><G59/><N who="0" m="36959" /><D65/><U70/><E70/><V43/><F52/><W61/><G67/><T112/><D112/><U97/><AGARI ba="0,1" hai="5,6,7,38,42,44,73,75,84,85,87,88,93,97" machi="97" ten="30,4000,0" yaku="1,1,0,1,54,1,53,0" doraHai="49" doraHaiUra="119" who="1" fromWho="1" sc="250,-20,240,50,250,-10,250,-10" />
</Scene>
<Scene>
<INIT seed="1,0,0,2,1,57" ten="230,290,240,240" oya="1" hai0="119,76,132,47,86,71,60,23,102,107,26,89,106" hai1="31,21,85,104,97,117,8,24,124,19,129,61,70" hai2="45,111,6,77,48,109,126,0,74,15,28,64,79" hai3="1,27,55,17,37,125,3,34,25,134,43,29,105"/><U72/><E72/><V46/><F126/><W99/><G105/><T20/><D119/><U36/><E117/><V130/><F130/><W41/><G37/><T103/><D76/><U22/><E36/><V14/><F28/><N who="3" m="19743" /><G55/><T78/><D78/><N who="2" m="29706" /><F74/><W69/><G99/><T35/><D132/><U90/><E129/><V101/><F101/><W131/><G69/><T16/><D35/><U33/><E124/><V73/><F73/><W100/><G100/><T94/><D106/><U80/><E8/><V56/><F0/><W96/><G96/><T127/><D127/><U40/><E40/><V53/><F6/><W4/><G125/><T113/><D113/><U122/><E19/><V52/><F64/><W123/><G123/><T59/><D107/><U30/><E30/><V51/><F46/><W38/><G38/><T114/><D71/><U32/><E32/><V12/><F111/><W11/><G3/><T118/><D118/><U84/><E84/><V87/><F109/><W50/><G134/><T116/><D114/><U115/><E115/><V49/><F87/><W68/><G68/><T65/><D116/><U7/><E122/><V98/><F98/><W54/><G131/><T18/><D47/><U83/><E97/><V2/><F2/><N who="3" m="407" /><G17/><T88/><D89/><U10/><E104/><V62/><AGARI ba="0,0" hai="12,14,15,45,48,49,51,52,53,56,62" m="29706" machi="62" ten="30,4000,0" yaku="8,1,52,1,54,1" doraHai="57" who="2" fromWho="2" sc="230,-10,290,-20,240,40,240,-10" />
</Scene>
<Scene>
<INIT seed="2,0,0,2,2,117" ten="220,270,280,230" oya="2" hai0="56,106,16,92,8,96,89,121,42,103,23,73,35" hai1="18,132,120,75,9,83,87,104,50,112,53,61,118" hai2="5,90,4,30,26,93,58,41,37,15,109,100,28" hai3="21,33,10,107,79,126,38,71,70,69,76,86,110"/><V65/><F100/><W105/><G38/><T124/><D121/><U64/><E118/><V32/><F109/><W95/><G33/><T127/><D35/><U119/><E119/><V98/><F30/><W46/><G46/><T55/><D42/><U14/><E112/><V81/><F15/><W125/><G110/><T111/><D8/><U34/><E34/><V60/><REACH who="2" step="1"/><F81/><REACH who="2" ten="220,270,270,230" step="2"/><W17/><G107/><T54/><D111/><U47/><E104/><V67/><F67/><W45/><G105/><T97/><D73/><U13/><E75/><V113/><F113/><W101/><G101/><T99/><D96/><U51/><E14/><V44/><AGARI ba="0,1" hai="4,5,26,28,32,37,41,44,58,60,65,90,93,98" machi="44" ten="30,6000,0" yaku="1,1,0,1,53,1" doraHai="117" doraHaiUra="52" who="2" fromWho="2" sc="220,-20,270,-20,270,70,230,-20" />
</Scene>
<Scene>
<INIT seed="2,1,0,2,1,116" ten="200,250,340,210" oya="2" hai0="61,112,77,117,40,4,90,45,83,125,84,37,94" hai1="21,16,123,6,66,1,35,60,42,30,56,59,20" hai2="113,127,78,88,80,33,110,54,114,96,93,18,119" hai3="98,3,24,85,81,108,67,69,53,46,39,74,63"/><V71/><F119/><W120/><G3/><T55/><D125/><U25/><E42/><V5/><F71/><W32/><G74/><T62/><D117/><U134/><E134/><V8/><F33/><W28/><G108/><T106/><D112/><U2/><E6/><V41/><F127/><W75/><G75/><T52/><D106/><U124/><E124/><V102/><F18/><W128/><G128/><T13/><D61/><U58/><E35/><V15/><F110/><W91/><G98/><T47/><D62/><U70/><REACH who="1" step="1"/><E123/><REACH who="1" ten="200,240,340,210" step="2"/><V51/><F41/><W29/><G120/><T118/><D118/><U130/><E130/><V86/><REACH who="2" step="1"/><F102/><REACH who="2" ten="200,240,330,210" step="2"/><W79/><G32/><T9/><REACH who="0" step="1"/><D47/><AGARI ba="1,2" hai="5,8,15,47,51,54,78,80,86,88,93,96,113,114" machi="47" ten="30,12000,1" yaku="1,1,2,1,7,1,54,1,53,1" doraHai="116" doraHaiUra="95" who="2" fromWho="0" sc="200,-123,240,0,330,143,210,0" />
</Scene>
<Scene>
<INIT seed="2,2,0,1,5,13" ten="77,240,473,210" oya="2" hai0="88,21,29,26,6,83,2,97,99,126,14,24,17" hai1="71,44,113,36,38,87,57,76,11,55,37,62,51" hai2="59,122,3,30,98,72,129,94,116,93,96,61,132" hai3="40,35,92,114,89,18,77,133,117,95,12,134,32"/><V81/><F122/><W85/><G117/><T27/><D126/><U7/><E113/><V90/><F116/><W110/><G110/><T67/><D67/><U10/><E71/><V4/><F129/><W8/><G114/><T120/><D120/><U103/><E103/><V80/><F132/><N who="3" m="50795" /><G40/><T127/><D127/><U25/><E25/><V50/><F30/><W86/><G77/><T106/><D106/><U28/><E28/><V135/><F135/><W109/><G109/><T1/><D29/><U41/><REACH who="1" step="1"/><E7/><REACH who="1" ten="77,230,473,210" step="2"/><V121/><F4/><W131/><G131/><T82/><D6/><U34/><E34/><V119/><F119/><W69/><G69/><T39/><D1/><U45/><E45/><V54/><F3/><W105/><G105/><T111/><D2/><U64/><E64/><V47/><F121/><W102/><G102/><T73/><D111/><U52/><E52/><N who="2" m="34023" /><F72/><W53/><G35/><T78/><REACH who="0" step="1"/><D39/><REACH who="0" ten="67,230,473,210" step="2"/><U107/><E107/><V66/><F66/><W128/><G128/><T42/><D42/><U58/><E58/><V0/><F0/><W118/><G118/><T33/><D33/><U79/><E79/><V108/><F108/><W15/><G32/><T49/><D49/><U22/><E22/><V43/><F43/><W74/><G53/><T65/><D65/><U46/><E46/><V23/><F23/><W115/><G115/><T16/><D16/><U91/><E91/><AGARI ba="2,2" hai="47,50,54,80,81,90,91,93,94,96,98" m="34023" machi="91" ten="30,2900,0" yaku="8,1,54,1" doraHai="13" who="2" fromWho="1" sc="67,0,230,-35,473,55,210,0" />
</Scene>
<Scene>
<INIT seed="2,3,0,3,4,85" ten="67,195,528,210" oya="2" hai0="122,5,101,124,87,125,114,132,13,57,61,130,12" hai1="9,11,92,100,77,6,89,1,19,14,128,110,107" hai2="133,29,73,53,120,46,116,86,118,3,58,63,28" hai3="113,112,81,83,49,121,69,22,98,129,31,21,93"/><V119/><F120/><W50/><G69/><T4/><D114/><U34/><E34/><V45/><F73/><W94/><G121/><T67/><D122/><U134/><E110/><V64/><F3/><W80/><G129/><T30/><D30/><U135/><E128/><V115/><F115/><N who="3" m="44107" /><G31/><T17/><D132/><N who="1" m="50731" /><E77/><V40/><F133/><W52/><G50/><T117/><D130/><U103/><E107/><V24/><F29/><W127/><G127/><N who="0" m="48715" /><D117/><U10/><E10/><V70/><F86/><AGARI ba="3,0" hai="1,6,9,11,14,19,86,89,92,100,103" m="50731" machi="86" ten="30,2000,0" yaku="20,1,52,1" doraHai="85" who="1" fromWho="2" sc="67,0,195,29,528,-29,210,0" />
</Scene>
<Scene>
<INIT seed="3,0,0,3,4,129" ten="67,224,499,210" oya="3" hai0="44,82,36,50,73,120,24,53,4,56,20,124,55" hai1="23,76,46,114,61,78,59,118,49,74,39,80,25" hai2="131,32,68,103,9,93,115,19,14,107,112,102,41" hai3="63,47,10,101,116,64,86,125,135,122,40,104,98"/><W83/><G122/><T12/><D124/><U69/><E114/><V45/><F107/><W87/><G125/><T92/><D120/><U42/><E118/><V72/><F68/><W123/><G123/><T111/><D111/><U38/><E78/><V100/><F72/><W109/><G116/><T52/><D73/><U117/><E69/><V77/><F77/><W91/><G109/><T95/><D82/><U96/><E96/><V1/><F131/><W11/><G87/><T133/><D133/><U57/><E117/><V3/><F32/><W110/><G110/><T51/><D36/><U85/><E74/><V5/><F93/><W127/><G127/><T6/><D53/><U65/><E59/><V34/><F34/><W79/><G91/><T27/><D27/><U89/><E89/><V71/><F71/><W66/><G135/><T43/><D43/><U70/><E70/><V7/><F7/><W48/><REACH who="3" step="1"/><G66/><REACH who="3" ten="67,224,499,200" step="2"/><T105/><D105/><U2/><E2/><V130/><F1/><W13/><G13/><T58/><D44/><U8/><E65/><V0/><F3/><W132/><G132/><T84/><D84/><U119/><E119/><V30/><F130/><W16/><G16/><N who="0" m="12295" /><D12/><U29/><E85/><V113/><F0/><W67/><G67/><T106/><D106/><U81/><E46/><V60/><F45/><W15/><G15/><T33/><D33/><U108/><E108/><V134/><F14/><W37/><G37/><T21/><D21/><U31/><E39/><V18/><F134/><W35/><G35/><T97/><D97/><U90/><E38/><RYUUKYOKU ba="0,1" sc="67,15,224,-15,499,-15,200,15" hai0="4,6,50,51,52,55,56,58,92,95" hai3="10,11,40,47,48,63,64,79,83,86,98,101,104" />
</Scene>
<Scene>
<INIT seed="3,1,1,4,3,124" ten="82,209,484,215" oya="3" hai0="122,114,109,132,47,50,63,13,64,69,130,42,46" hai1="135,95,5,21,16,89,93,3,60,18,70,19,26" hai2="74,112,33,32,67,92,98,7,73,40,1,103,36" hai3="90,106,129,37,79,59,68,51,43,80,131,2,6"/><W39/><G68/><T23/><D122/><U14/><E135/><V110/><F67/><W20/><G106/><T54/><D132/><U10/><E3/><V121/><F112/><W24/><G90/><T75/><D75/><U107/><E107/><V104/><F92/><W52/><G43/><T86/><D109/><U25/><E25/><V12/><F12/><W49/><G51/><T72/><D72/><N who="2" m="27754" /><F110/><W41/><G41/><T113/><D86/><U65/><REACH who="1" step="1"/><E95/><REACH who="1" ten="82,199,484,215" step="2"/><V17/><F1/><W53/><G80/><T125/><D125/><U102/><E102/><V91/><F103/><W133/><G133/><T78/><D78/><U15/><E15/><V111/><F104/><W85/><G79/><T27/><D13/><U81/><E81/><V58/><F111/><W0/><G2/><T99/><D99/><AGARI ba="1,2" hai="5,10,14,16,18,19,21,26,60,65,70,89,93,99" machi="99" ten="30,3900,0" yaku="1,1,7,1,54,1,53,0" doraHai="124" doraHaiUra="128" who="1" fromWho="0" sc="82,-42,199,62,484,0,215,0" />
</Scene>
<Scene>
<INIT seed="4,0,0,2,1,93" ten="40,261,484,215" oya="0" hai0="126,66,4,133,30,42,61,64,88,129,121,3,24" hai1="11,55,65,101,135,59,116,124,13,123,9,73,17" hai2="95,27,8,56,51,32,26,81,62,83,71,115,113" hai3="107,39,48,87,112,109,21,41,50,23,114,98,43"/><T118/><D121/><U12/><E123/><V53/><F115/><N who="3" m="44075" /><G109/><T90/><D118/><U127/><E116/><V25/><F32/><W120/><G39/><T72/><D72/><U75/><E65/><V108/><F108/><W100/><G120/><T132/><D129/><U77/><E101/><V68/><F113/><W37/><G37/><T18/><D42/><N who="3" m="15881" /><G87/><T102/><D126/><N who="1" m="48171" /><E77/><V131/><F68/><W130/><G130/><T103/><D18/><N who="1" m="8463" /><E135/><N who="0" m="51785" /><D4/><U128/><E128/><V63/><F71/><W94/><G107/><T99/><D3/><U86/><E86/><V20/><F131/><W54/><G50/><AGARI ba="0,0" hai="11,13,17,50,55,59,73,75" m="8463,48171" machi="50" ten="30,1000,0" yaku="18,1" doraHai="93" who="1" fromWho="3" sc="40,0,261,10,484,0,215,-10" />
</Scene>
<Scene>
<INIT seed="5,0,0,0,5,45" ten="40,271,484,205" oya="1" hai0="118,68,43,110,133,53,9,59,98,130,3,55,74" hai1="57,26,81,126,105,27,135,132,49,64,87,111,70" hai2="21,119,47,40,82,92,115,113,38,120,104,84,2" hai3="94,66,97,23,13,131,89,124,5,15,60,29,99"/><U33/><E105/><V101/><F119/><W18/><G124/><T4/><D130/><U14/><E70/><V85/><F120/><W25/><G5/><T108/><D133/><N who="1" m="51275" /><E126/><V114/><F2/><W79/><G79/><T22/><D118/><U30/><E111/><V6/><F6/><W128/><G97/><T95/><D68/><U39/><E39/><V58/><F104/><W67/><G15/><T83/><D43/><U112/><E112/><V28/><F58/><W107/><G107/><T127/><D127/><U24/><E14/><V12/><F82/><W121/><G121/><T102/><D55/><N who="1" m="31983" /><E64/><V125/><F125/><W71/><REACH who="3" step="1"/><G67/><REACH who="3" ten="40,271,484,195" step="2"/><T76/><REACH who="0" step="1"/><D22/><AGARI ba="0,1" hai="13,18,22,23,25,29,60,66,71,89,94,99,128,131" machi="22" ten="40,2600,0" yaku="1,1,2,1,53,0" doraHai="45" doraHaiUra="80" who="3" fromWho="0" sc="40,-26,271,0,484,0,195,36" />
</Scene>
<Scene>
<INIT seed="6,0,0,1,3,88" ten="14,271,484,231" oya="2" hai0="3,53,113,63,52,42,64,91,111,103,83,122,121" hai1="123,79,20,68,0,78,49,61,18,69,21,87,48" hai2="70,50,65,37,100,31,114,26,44,54,13,47,17" hai3="126,130,84,120,12,15,34,127,29,10,23,6,32"/><V108/><F108/><W35/><G120/><T77/><D3/><U27/><E0/><V71/><F114/><W51/><G51/><T74/><D113/><U59/><E123/><V8/><F65/><W85/><G85/><T115/><D111/><U2/><E2/><V67/><F67/><W14/><G84/><T41/><D115/><U11/><E68/><V131/><F131/><W4/><G130/><T94/><D103/><U98/><E69/><V30/><F30/><W102/><G102/><T46/><D122/><U104/><E104/><V97/><F47/><W89/><G89/><T96/><D121/><U25/><E11/><V112/><F37/><W38/><G38/><T106/><D106/><U134/><E98/><V19/><F19/><N who="3" m="10751" /><G29/><T119/><D119/><U1/><E1/><V36/><F36/><W133/><G133/><T86/><D74/><U58/><E134/><V43/><F112/><W57/><G57/><N who="1" m="21514" /><E61/><V93/><F43/><W5/><G14/><T116/><D116/><U99/><E99/><V39/><F39/><W60/><G60/><T90/><D77/><N who="1" m="29195" /><E87/><V118/><F118/><W28/><G28/><AGARI ba="0,0" hai="18,20,21,25,27,28,48,49" m="29195,21514" machi="28" ten="30,1000,0" yaku="8,1" doraHai="88" who="1" fromWho="3" sc="14,0,271,10,484,0,231,-10" />
</Scene>
<Scene>
<INIT seed="7,0,0,0,5,4" ten="14,281,484,221" oya="3" hai0="1,76,49,102,55,109,28,59,21,98,87,47,74" hai1="60,64,10,26,117,91,66,135,99,94,14,108,93" hai2="119,124,107,41,53,51,68,23,69,73,103,84,6" hai3="46,20,123,80,101,129,110,62,118,44,15,88,92"/><W52/><G123/><T130/><D109/><U56/><E108/><V13/><F84/><W125/><G118/><T114/><D74/><U43/><E117/><V89/><F13/><W27/><G110/><T17/><D130/><U77/><E135/><V3/><F89/><W127/><G129/><T85/><D1/><U8/><E43/><V131/><F53/><W2/><G2/><T86/><D114/><U132/><E132/><V31/><F51/><W12/><G101/><T34/><D34/><U81/><E26/><V70/><F23/><W5/><G80/><T78/><D78/><U100/><E66/><V75/><F31/><N who="3" m="17895" /><G5/><T121/><D76/><U83/><E77/><V134/><F6/><W11/><G46/><T30/><D121/><U133/><E133/><V65/><F3/><W19/><G15/><T38/><D38/><U120/><E120/><V50/><F103/><W104/><G104/><T128/><D47/><U9/><E14/><V72/><F107/><W35/><G35/><T7/><D7/><U122/><E122/><V45/><F119/><W22/><G22/><T48/><D48/><U58/><E58/><V61/><F131/><W116/><G116/><T106/><D128/><U115/><E115/><V33/><F33/><W0/><G0/><T96/><D96/><AGARI ba="0,0" hai="8,9,10,56,60,64,81,83,91,93,94,96,99,100" machi="96" ten="40,8000,1" yaku="8,1,52,3" doraHai="4" who="1" fromWho="0" sc="14,-80,281,80,484,0,221,0" owari="-66,-57.0,361,16.0,484,59.0,221,-18.0" />
</Scene>
</mjloggm>