<mjloggm ver="2.3"><GO type="169" lobby="0"/><UN n0="%E5%A4%AA%E3%81%8F%E3%81%AA%E3%81%84%E3%81%8A" n1="%6B%69%79%6F%6E%61%72%69" n2="%77%61%77%61%33%30%33%30" n3="%E3%82%A8%E3%83%83%E3%83%95%E3%82%A7%E3%83%AB%E5%A1%94" dan="17,16,17,16" rate="2243.62,2095.41,2204.95,2181.80" sx="M,M,M,M"/><TAIKYOKU oya="0"/>

<Scene>
<INIT seed="0,0,0,3,5,33" ten="250,250,250,250" oya="0" hai0="38,96,102,113,105,11,127,99,18,15,76,70,91" hai1="88,29,23,16,54,73,135,7,97,61,37,86,53" hai2="2,77,98,130,31,51,124,83,108,39,10,41,57" hai3="30,0,134,6,36,92,133,79,32,103,35,80,94"/><T68/><D113/><U81/><E37/><V115/><F115/><W12/><G36/><T27/><D38/><U112/><E112/><V63/><F51/><W45/><G45/><T17/><D127/><U85/><E135/><V13/><F130/><W44/><G44/><T75/><D76/><N who="1" m="46247" /><E73/><V74/><F124/><W132/><G12/><T69/><D75/><U129/><E129/><V78/><F78/><W59/><G59/><T62/><D62/><U46/><E29/><V55/><F31/><W42/><G42/><T82/><D82/><U104/><E104/><V118/><F108/><W131/><G131/><T95/><REACH who="0" step="1"/><D27/><REACH who="0" ten="240,250,250,250" step="2"/><U21/><E61/><V5/><F39/><W93/><G80/><T106/><D106/><U22/><E7/><AGARI ba="0,1" hai="7,11,15,17,18,68,69,70,91,95,96,99,102,105" machi="7" ten="40,2000,0" yaku="1,1,53,0" doraHai="33" doraHaiUra="123" who="0" fromWho="1" sc="240,30,250,-20,250,0,250,0" />
</Scene>
<Scene>
<INIT seed="0,1,0,4,3,120" ten="270,230,250,250" oya="0" hai0="131,42,78,24,15,2,34,5,89,11,45,47,51" hai1="117,8,105,70,73,40,21,123,88,112,48,103,20" hai2="28,128,58,110,134,125,99,93,115,26,53,14,23" hai3="61,18,135,100,16,29,95,82,54,101,109,13,74"/><T87/><D131/><U49/><E117/><V0/><F0/><W17/><G135/><T121/><D121/><U91/><E123/><V38/><F38/><W3/><G3/><T12/><D78/><U52/><E73/><V1/><F1/><W90/><G29/><T44/><D34/><U9/><E70/><V86/><F134/><W75/><G75/><T111/><D24/><U122/><E122/><V60/><F115/><W107/><G107/><T22/><D111/><U31/><E105/><V37/><F37/><W36/><G36/><T81/><D2/><U64/><E112/><V126/><F110/><W66/><G54/><T127/><D127/><U27/><E103/><V114/><F114/><W97/><G109/><T50/><D50/><U94/><E64/><V68/><F68/><W33/><G33/><T132/><D132/><U43/><E21/><V72/><F72/><W65/><G65/><T30/><D30/><U84/><E91/><V119/><F119/><W85/><G74/><T83/><REACH who="0" step="1"/><D81/><REACH who="0" ten="260,230,250,250" step="2"/><U62/><E62/><V41/><F128/><W76/><REACH who="3" step="1"/><G13/><REACH who="3" ten="260,230,250,240" step="2"/><T71/><D71/><AGARI ba="1,2" hai="16,17,18,61,66,71,76,82,85,90,95,97,100,101" machi="71" ten="40,8000,1" yaku="1,1,2,1,54,1,53,2" doraHai="120" doraHaiUra="96" who="3" fromWho="0" sc="260,-83,230,0,250,0,240,103" />
</Scene>
<Scene>
<INIT seed="1,0,0,4,5,106" ten="177,230,250,343" oya="1" hai0="71,126,34,127,53,73,26,91,79,100,47,52,124" hai1="135,75,64,23,14,31,93,89,110,97,104,40,133" hai2="29,22,8,13,107,115,95,123,18,72,131,119,58" hai3="78,101,19,54,105,103,2,46,102,44,6,120,49"/><U12/><E110/><V134/><F107/><W39/><G120/><T32/><D71/><U57/><E104/><V96/><F119/><W24/><G78/><T60/><D100/><U0/><E0/><V108/><F108/><W63/><G2/><T66/><D91/><U116/><E116/><V121/><F115/><W111/><G111/><T122/><D122/><U55/><E64/><V77/><F134/><N who="1" m="51209" /><E40/><V3/><F131/><W81/><G81/><N who="0" m="45295" /><D47/><U61/><E75/><V74/><F77/><W130/><G6/><T17/><D17/><U118/><E118/><V45/><F45/><W128/><G105/><T11/><D11/><U9/><E9/><V68/><F68/><W5/><G5/><T82/><D82/><U27/><AGARI ba="0,0" hai="12,14,23,27,31,55,57,61,89,93,97" m="51209" machi="27" ten="30,1500,0" yaku="20,1" doraHai="106" who="1" fromWho="1" sc="177,-5,230,15,250,-5,343,-5" />
</Scene>
<Scene>
<INIT seed="1,1,0,5,0,43" ten="172,245,245,338" oya="1" hai0="132,88,133,1,75,9,14,29,77,130,68,85,127" hai1="57,53,55,34,18,11,123,104,122,27,74,23,3" hai2="44,66,112,97,98,47,92,109,124,120,64,121,10" hai3="72,50,56,78,67,36,79,89,101,16,46,22,65"/><U111/><E104/><V105/><F109/><W40/><G101/><T5/><D68/><U61/><E74/><V69/><F105/><W114/><G114/><T63/><D127/><U62/><E111/><V76/><F76/><W20/><G20/><T117/><D117/><U30/><E55/><V48/><F48/><W37/><G37/><T135/><D130/><U7/><REACH who="1" step="1"/><E62/><REACH who="1" ten="172,235,245,338" step="2"/><V126/><F112/><W86/><G72/><T84/><D63/><U2/><E2/><V54/><F54/><W45/><G67/><T118/><D118/><U59/><E59/><V110/><F110/><W107/><G107/><T15/><D75/><U87/><E87/><V26/><F69/><W17/><G65/><T6/><D1/><U21/><E21/><V52/><F52/><W128/><G56/><T95/><D84/><U100/><E100/><V102/><F102/><W13/><G128/><T28/><D77/><U51/><E51/><V8/><F124/><W12/><G79/><T134/><N who="0" m="33792" /><DORA hai="116" /><T71/><D71/><U94/><E94/><V129/><F126/><W115/><G78/><T25/><D25/><AGARI ba="1,1" hai="3,7,11,18,23,25,27,30,34,53,57,61,122,123" machi="25" ten="30,18000,2" yaku="1,1,7,1,52,2,53,2" doraHai="43,116" doraHaiUra="33,4" who="1" fromWho="0" sc="172,-183,235,193,245,0,338,0" owari="-11,-51.0,428,52.0,245,-15.0,338,14.0" />
</Scene>
</mjloggm>