<mjloggm ver="2.3"><GO type="169" lobby="0"/><UN n0="%E3%82%86%E3%83%BC%E3%81%9B%E3%83%BC" n1="%E5%87%9B%E5%AE%99" n2="%E5%A4%AA%E3%81%8F%E3%81%AA%E3%81%84%E3%81%8A" n3="%E6%97%A5%E6%AF%94%E9%87%8E%E7%9C%9F%E7%90%B4" dan="16,17,17,16" rate="2128.99,2157.92,2222.80,2058.74" sx="M,M,M,F"/><TAIKYOKU oya="0"/>

<Scene>
<INIT seed="0,0,0,0,4,80" ten="250,250,250,250" oya="0" hai0="54,98,41,81,115,13,94,22,44,57,25,83,16" hai1="111,113,33,76,70,60,21,75,72,103,106,123,130" hai2="95,84,71,107,23,48,86,121,82,100,58,14,68" hai3="117,39,77,38,92,93,88,61,127,0,131,116,31"/><T73/><D115/><U104/><E21/><V34/><F34/><W102/><G0/><T109/><D109/><U43/><E43/><V69/><F121/><W51/><G77/><T42/><D73/><U65/><E111/><V91/><F107/><W126/><G131/><T9/><D42/><U90/><E123/><V55/><F100/><W53/><G31/><T26/><D44/><U1/><E113/><V64/><F64/><W59/><G102/><T2/><D2/><U124/><E90/><V35/><F35/><W96/><G92/><T36/><D41/><U128/><E124/><N who="3" m="47658" /><G51/><N who="0" m="30943" /><D36/><AGARI ba="0,0" hai="36,38,39,53,59,61,88,93,96,116,117" m="47658" machi="36" ten="30,2000,0" yaku="18,1,54,1" doraHai="80" who="3" fromWho="0" sc="250,-20,250,0,250,0,250,20" />
</Scene>
<Scene>
<INIT seed="1,0,0,2,1,104" ten="230,250,250,270" oya="1" hai0="113,72,96,12,62,106,102,20,49,24,3,27,19" hai1="73,57,37,103,4,79,18,133,119,31,5,123,14" hai2="61,117,29,38,81,21,10,93,58,6,16,85,107" hai3="53,131,77,108,43,47,122,71,82,129,0,76,66"/><U75/><E119/><V98/><F38/><W15/><G0/><T36/><D113/><U125/><E37/><V83/><F29/><W44/><G122/><T128/><D36/><U126/><E79/><V124/><F107/><W135/><G108/><T111/><D111/><U100/><E123/><V42/><F42/><W33/><G33/><T63/><D3/><U121/><E31/><V97/><F124/><N who="1" m="47721" /><E57/><V50/><F50/><W59/><G135/><T25/><D128/><N who="3" m="49225" /><G66/><T69/><D69/><U87/><E87/><V115/><F115/><W105/><G105/><T41/><REACH who="0" step="1"/><D72/><REACH who="0" ten="220,250,250,270" step="2"/><N who="1" m="27723" /><E121/><V2/><F117/><W64/><G71/><T84/><D84/><U80/><E133/><V68/><F68/><W65/><G77/><T130/><D130/><U28/><E80/><V9/><F85/><W88/><G76/><T1/><D1/><U70/><E70/><V94/><F2/><W45/><G82/><T86/><D86/><U26/><E103/><V35/><F81/><W60/><G88/><T127/><D127/><U67/><E100/><V116/><F83/><W56/><G56/><T23/><D23/><N who="1" m="11735" /><E67/><V55/><F116/><W109/><G64/><T30/><D30/><U112/><E112/><V114/><F114/><W13/><G65/><T32/><D32/><AGARI ba="0,1" hai="4,5,26,28,32" m="11735,27723,47721" machi="32" ten="30,11600,0" yaku="18,1,52,3" doraHai="104" who="1" fromWho="0" sc="220,-116,250,126,250,0,270,0" />
</Scene>
<Scene>
<INIT seed="1,1,0,2,4,131" ten="104,376,250,270" oya="1" hai0="65,32,122,70,10,96,90,74,53,26,76,134,0" hai1="82,95,55,100,37,63,88,121,133,31,75,52,14" hai2="124,128,127,11,83,7,118,51,102,6,23,2,130" hai3="54,41,104,22,103,80,27,60,109,112,56,101,125"/><U29/><E121/><V15/><F102/><W40/><G112/><T132/><D122/><U28/><E133/><N who="0" m="51305" /><D53/><U49/><E37/><V110/><F51/><W86/><G109/><T66/><D70/><U64/><E75/><V25/><F83/><W85/><G125/><N who="2" m="48201" /><F118/><W57/><G57/><T87/><D96/><N who="1" m="59423" /><E14/><V114/><F110/><W8/><G104/><T46/><D46/><U78/><E78/><V44/><F44/><W99/><G99/><T16/><D76/><U106/><E106/><V12/><F114/><W113/><G113/><T47/><D74/><U105/><E105/><V20/><F20/><W91/><G22/><N who="0" m="13639" /><D32/><U120/><E120/><V135/><F135/><W33/><G33/><T42/><D10/><U17/><E64/><V36/><F130/><W116/><G8/><T67/><D0/><U71/><E71/><V62/><F128/><W19/><G116/><T93/><D67/><U4/><E55/><V79/><F79/><N who="3" m="46239" /><G41/><T61/><D61/><U24/><E63/><V123/><F62/><W1/><G40/><T59/><D59/><U45/><E45/><V119/><F123/><W72/><G72/><T117/><D117/><U81/><E52/><V58/><F58/><W43/><G43/><T69/><D69/><U108/><E108/><V5/><F119/><W48/><G60/><T97/><D97/><U89/><E49/><AGARI ba="1,0" hai="42,47,49,65,66,87,90,93" m="13639,51305" machi="49" ten="30,8000,1" yaku="20,1,52,3,54,1" doraHai="131" who="0" fromWho="1" sc="104,83,376,-83,250,0,270,0" />
</Scene>
<Scene>
<INIT seed="2,0,0,2,0,105" ten="187,293,250,270" oya="2" hai0="99,78,49,101,62,47,17,4,79,55,23,123,120" hai1="14,97,92,109,72,133,28,117,1,36,125,103,131" hai2="20,7,80,29,122,13,107,35,48,44,69,74,2" hai3="57,75,93,81,59,66,71,0,96,87,100,34,127"/><V3/><F107/><W84/><G127/><T52/><D4/><U27/><E109/><V46/><F69/><W129/><G129/><T24/><D123/><U132/><E36/><V37/><F122/><W10/><G34/><T73/><D120/><U128/><E1/><V6/><F35/><W54/><G71/><T45/><D73/><U68/><E68/><V19/><F29/><W114/><G114/><T67/><D67/><U32/><E117/><V95/><F37/><W126/><G126/><T39/><D39/><U135/><E125/><V65/><F65/><W89/><G66/><T76/><D62/><U15/><REACH who="1" step="1"/><E72/><REACH who="1" ten="187,283,250,270" step="2"/><V58/><F2/><W130/><G75/><T83/><D83/><U119/><E119/><V82/><F3/><W5/><G130/><AGARI ba="0,1" hai="14,15,27,28,32,92,97,103,128,130,131,132,133,135" machi="130" ten="50,6400,0" yaku="1,1,19,1,20,1,53,0" doraHai="105" doraHaiUra="104" who="1" fromWho="3" sc="187,0,283,74,250,0,270,-64" />
</Scene>
<Scene>
<INIT seed="3,0,0,2,0,43" ten="187,357,250,206" oya="3" hai0="133,18,103,82,42,23,5,4,63,94,114,115,0" hai1="128,46,31,112,61,44,65,132,28,92,106,62,14" hai2="72,102,19,71,125,3,81,67,17,127,25,15,29" hai3="26,78,69,87,98,66,50,113,86,41,101,59,80"/><W40/><G113/><N who="0" m="43019" /><D133/><U121/><E106/><V84/><F3/><W45/><G69/><T1/><D42/><U36/><E36/><V107/><F72/><W16/><G41/><T32/><D82/><U119/><E112/><V7/><F102/><W52/><G66/><T93/><D32/><U99/><E121/><V118/><F107/><W8/><G86/><T85/><D63/><N who="1" m="24075" /><E65/><V58/><F58/><W70/><G70/><T64/><D64/><U117/><E128/><V30/><F67/><W100/><G98/><N who="0" m="59855" /><D94/><U75/><E75/><V124/><F71/><W116/><G116/><N who="1" m="44618" /><E14/><V79/><F118/><W83/><G83/><T110/><D85/><U49/><E49/><V53/><F84/><W51/><G26/><N who="0" m="14711" /><D110/><U35/><E132/><V55/><F127/><W54/><G40/><T76/><D76/><U22/><E35/><V105/><F125/><W39/><REACH who="3" step="1"/><G39/><REACH who="3" ten="187,357,250,196" step="2"/><T96/><D96/><U97/><E97/><V77/><F124/><W88/><G88/><T48/><D0/><U10/><E99/><V20/><F81/><W104/><G104/><T11/><D1/><U13/><E92/><V122/><F105/><W109/><G109/><T33/><D33/><U89/><E89/><V27/><F79/><W60/><G60/><T134/><D134/><U95/><E95/><V21/><F77/><W37/><G37/><T130/><D130/><U73/><E73/><V68/><F68/><W57/><G57/><T24/><D24/><U135/><E135/><V6/><F15/><AGARI ba="0,1" hai="8,15,16,45,50,51,52,54,59,78,80,87,100,101" machi="15" ten="40,12000,1" yaku="1,1,8,1,52,1,54,2,53,0" doraHai="43" doraHaiUra="56" who="3" fromWho="2" sc="187,0,357,0,250,-120,196,130" />
</Scene>
<Scene>
<INIT seed="3,1,0,0,5,79" ten="187,357,130,326" oya="3" hai0="56,110,17,97,64,122,37,107,20,27,18,32,34" hai1="3,25,59,24,85,120,44,5,135,106,131,98,35" hai2="125,77,129,95,81,9,80,28,46,60,63,108,75" hai3="121,132,39,115,21,41,43,36,133,127,114,31,68"/><W12/><G31/><T89/><D37/><N who="3" m="14409" /><G21/><T90/><D110/><U62/><E120/><V87/><F108/><W66/><G12/><T119/><D122/><U0/><E131/><V130/><F125/><W99/><G99/><T23/><D119/><U91/><E135/><N who="3" m="51786" /><G121/><T58/><D107/><U57/><E35/><V76/><F28/><W16/><G16/><T26/><D64/><U104/><E5/><V101/><F46/><W14/><G14/><T6/><D6/><U69/><E44/><V38/><F38/><W111/><G111/><T29/><D29/><U118/><E98/><AGARI ba="1,0" hai="17,18,20,23,26,27,32,34,56,58,89,90,97,98" machi="98" ten="25,1600,0" yaku="22,2" doraHai="79" who="0" fromWho="1" sc="187,19,357,-19,130,0,326,0" />
</Scene>
<Scene>
<INIT seed="4,0,0,5,1,84" ten="206,338,130,326" oya="0" hai0="126,37,45,12,0,15,56,18,127,50,27,9,17" hai1="26,81,133,123,82,101,80,34,75,113,25,3,76" hai2="74,33,71,54,51,109,72,102,65,35,88,49,7" hai3="16,135,62,11,10,69,114,79,118,67,52,8,104"/><T23/><D37/><U2/><E123/><V108/><F102/><W93/><G104/><T20/><D56/><U111/><E111/><V99/><F7/><W89/><G118/><T112/><D112/><U95/><E133/><V57/><F65/><W106/><G106/><T100/><D100/><U107/><E107/><V1/><F1/><W48/><G79/><T78/><D78/><U19/><E113/><V83/><F71/><W105/><G105/><T119/><D119/><U60/><E60/><V39/><F39/><W61/><G135/><T124/><D50/><U46/><E46/><V103/><F103/><W58/><G114/><T44/><REACH who="0" step="1"/><D0/><REACH who="0" ten="196,338,130,326" step="2"/><U66/><E76/><V129/><F49/><W55/><G69/><T121/><D121/><U86/><E2/><V43/><F109/><W38/><G38/><T4/><AGARI ba="0,1" hai="4,9,12,15,17,18,20,23,27,44,45,124,126,127" machi="4" ten="30,6000,0" yaku="1,1,0,1,18,1,53,0" doraHai="84" doraHaiUra="98" who="0" fromWho="0" sc="196,70,338,-20,130,-20,326,-20" />
</Scene>
<Scene>
<INIT seed="4,1,0,5,3,81" ten="266,318,110,306" oya="0" hai0="82,55,103,14,56,79,13,46,67,64,123,30,106" hai1="54,108,17,94,88,76,121,25,112,113,33,70,3" hai2="31,27,16,71,29,109,85,119,73,63,12,11,9" hai3="118,1,28,116,104,66,111,35,53,69,24,52,10"/><T98/><D123/><U42/><E108/><V50/><F73/><W77/><G111/><T127/><D127/><U49/><E70/><V130/><F109/><W59/><G104/><T6/><D30/><U44/><E76/><V43/><F130/><W62/><G77/><T45/><D64/><U37/><E3/><V23/><F119/><W120/><G120/><T99/><D99/><U47/><E121/><V75/><F75/><W8/><G53/><T0/><D0/><U114/><E33/><V39/><F39/><W40/><G40/><T131/><D67/><U74/><E74/><V115/><F115/><W97/><G97/><T126/><D126/><U100/><E100/><V83/><F71/><W105/><G105/><T51/><D131/><U122/><E122/><V101/><F101/><W80/><G80/><T2/><D2/><U86/><E25/><V92/><F92/><W15/><G8/><T89/><D89/><U132/><E17/><V87/><F63/><W72/><G72/><T133/><D133/><AGARI ba="1,0" hai="37,42,44,47,49,54,86,88,94,112,113,114,132,133" machi="133" ten="50,8000,1" yaku="15,1,11,1,52,1,54,1" doraHai="81" who="1" fromWho="0" sc="266,-83,318,83,110,0,306,0" />
</Scene>
<Scene>
<INIT seed="5,0,0,5,3,130" ten="183,401,110,306" oya="1" hai0="77,93,71,18,78,62,31,54,51,14,67,113,22" hai1="10,97,19,106,89,39,29,104,21,107,96,49,59" hai2="43,74,76,124,26,86,87,1,92,85,102,131,114" hai3="17,53,56,35,91,48,41,95,80,108,119,13,121"/><U25/><E39/><V6/><F26/><W15/><G108/><T37/><D113/><U75/><E75/><V27/><F27/><W125/><G35/><T112/><D112/><U36/><E36/><V38/><F114/><W103/><G121/><T11/><D37/><U55/><E89/><V57/><F57/><W109/><G109/><T72/><D72/><U122/><E122/><V45/><F131/><W34/><G34/><T79/><D31/><U42/><E42/><V126/><F92/><W100/><G41/><T129/><D129/><U120/><E120/><V127/><F102/><N who="3" m="38955" /><G80/><T115/><D115/><U7/><REACH who="1" step="1"/><E29/><REACH who="1" ten="183,391,110,306" step="2"/><V33/><F33/><W44/><G119/><T133/><D79/><U65/><E65/><V110/><F110/><W116/><G116/><T52/><D78/><U58/><E58/><V61/><F61/><W73/><G73/><T3/><D77/><U105/><N who="1" m="26624" /><DORA hai="16" /><U118/><E118/><V66/><F66/><W82/><G56/><T88/><D54/><U111/><E111/><V128/><F128/><W0/><G53/><T40/><D40/><U20/><E20/><V94/><F94/><W32/><G95/><T23/><D3/><AGARI ba="0,1" hai="3,7,10,19,21,25,49,55,59,96,97" m="26624" machi="3" ten="70,18000,2" yaku="1,1,52,1,53,4" doraHai="130,16" doraHaiUra="135,101" who="1" fromWho="0" sc="183,-180,391,190,110,0,306,0" />
</Scene>
<Scene>
<INIT seed="5,1,0,3,2,19" ten="3,581,110,306" oya="1" hai0="130,90,9,132,5,120,110,92,43,122,115,111,11" hai1="64,44,109,73,48,80,100,21,49,59,0,96,70" hai2="52,56,89,61,31,85,15,30,105,36,23,133,84" hai3="116,50,104,58,128,7,32,8,99,77,55,124,87"/><U119/><E0/><V83/><F105/><W24/><G124/><T3/><D43/><U97/><E70/><V106/><F106/><W75/><G75/><T65/><D65/><U94/><E119/><V95/><F36/><W35/><G128/><T51/><D51/><U17/><E73/><V107/><F107/><W28/><G116/><T26/><D92/><N who="1" m="58375" /><E80/><V37/><F37/><W125/><G125/><T29/><D90/><N who="1" m="55511" /><E44/><V6/><F133/><W40/><G32/><N who="0" m="20535" /><D132/><U20/><E109/><N who="0" m="41481" /><D130/><U69/><E69/><V127/><F127/><W34/><G34/><T38/><D38/><U10/><E49/><V27/><F83/><W46/><G77/><T60/><D60/><N who="1" m="37919" /><E48/><V62/><F62/><W74/><G74/><T102/><D102/><U76/><E76/><V66/><F66/><W135/><G135/><T123/><D11/><U71/><E71/><V42/><F42/><W54/><G87/><T78/><D78/><U114/><E114/><AGARI ba="1,0" hai="3,5,9,114,115,120,122,123" m="41481,20535" machi="114" ten="40,8000,1" yaku="13,1,23,1,34,2" doraHai="19" who="0" fromWho="1" sc="3,83,581,-83,110,0,306,0" />
</Scene>
<Scene>
<INIT seed="6,0,0,5,3,13" ten="86,498,110,306" oya="2" hai0="83,101,34,94,116,107,84,3,82,66,80,40,79" hai1="108,42,120,121,125,67,118,44,135,59,97,100,128" hai2="71,35,0,2,77,16,95,78,22,114,112,39,88" hai3="26,36,25,41,57,12,64,49,68,102,29,111,48"/><V38/><F35/><W134/><G111/><T24/><D3/><N who="2" m="1066" /><F71/><W56/><G68/><T63/><D116/><U126/><E118/><V99/><F78/><W85/><G134/><T6/><D6/><U27/><E108/><V10/><F10/><W17/><G36/><T119/><D40/><U14/><E128/><V53/><F77/><W75/><G75/><T73/><D119/><U74/><E135/><V122/><F53/><N who="3" m="31783" /><G29/><T98/><D34/><U91/><E74/><V32/><F32/><W52/><G102/><T81/><D24/><N who="3" m="9321" /><G85/><N who="0" m="48287" /><D66/><U23/><E67/><V30/><F30/><W113/><G113/><N who="2" m="43625" /><F122/><W55/><G64/><T86/><D63/><U37/><E120/><V96/><F96/><W54/><G41/><T92/><D73/><U65/><E121/><V123/><F123/><W87/><G87/><AGARI ba="0,0" hai="81,82,83,84,86,87,92,94,98,101,107" m="48287" machi="87" ten="30,8000,1" yaku="35,5" doraHai="13" who="0" fromWho="3" sc="86,80,498,0,110,0,306,-80" />
</Scene>
<Scene>
<INIT seed="7,0,0,0,5,98" ten="166,498,110,226" oya="3" hai0="86,42,96,77,128,38,129,28,100,85,26,12,89" hai1="34,83,94,92,91,73,43,21,78,121,131,16,126" hai2="6,13,58,32,11,36,124,116,110,15,70,119,24" hai3="117,41,108,4,37,115,23,81,14,125,53,133,135"/><W82/><G117/><T118/><D118/><N who="2" m="45098" /><F58/><W22/><G115/><T97/><D42/><U67/><E121/><V123/><F70/><W112/><G112/><T18/><D38/><U33/><E126/><V103/><F36/><W114/><G114/><T8/><D77/><U17/><E131/><N who="0" m="50249" /><D89/><U48/><E67/><V35/><F103/><W65/><G125/><T63/><D63/><U69/><E69/><V19/><F124/><W75/><G65/><T90/><D90/><U54/><E43/><V52/><F52/><W51/><G41/><T120/><D120/><U45/><E17/><V127/><F127/><W29/><G37/><T107/><D96/><U93/><E91/><V30/><F123/><W39/><G39/><T72/><D72/><U62/><E62/><V87/><F87/><W105/><G53/><T80/><D80/><U59/><E45/><V10/><F110/><W71/><G108/><T3/><D3/><U7/><E7/><V61/><F61/><W106/><G71/><T109/><D109/><U132/><E132/><V0/><F35/><AGARI ba="0,0" hai="8,12,18,26,28,35,85,86,97,100,107" m="50249" machi="35" ten="30,2000,0" yaku="19,1,52,1" doraHai="98" who="0" fromWho="2" sc="166,20,498,0,110,-20,226,0" owari="186,-21.0,498,59.0,90,-41.0,226,3.0" />
</Scene>
</mjloggm>