<mjloggm ver="2.3"><GO type="169" lobby="0"/><UN n0="%E5%A4%AA%E3%81%8F%E3%81%AA%E3%81%84%E3%81%8A" n1="%61%6B%69%21%21%21" n2="%73%68%6F%6F%74%33%39" n3="%E3%83%84%E3%83%AC%E3%82%AA" dan="18,17,19,16" rate="2240.02,2162.21,2226.86,2077.98" sx="M,M,M,M"/><TAIKYOKU oya="0"/>

<Scene>
<INIT seed="0,0,0,4,5,74" ten="250,250,250,250" oya="0" hai0="8,15,100,58,83,17,131,108,92,6,119,129,48" hai1="113,96,77,114,133,86,126,99,61,19,73,21,125" hai2="51,115,102,123,12,82,76,55,79,52,54,40,43" hai3="80,18,4,69,135,105,36,34,2,31,107,90,127"/><T45/><D119/><U14/><E133/><V20/><F123/><W11/><G135/><T109/><D58/><U84/><E73/><V37/><F115/><N who="1" m="44041" /><E61/><V7/><F37/><W39/><G69/><T53/><D83/><N who="1" m="47215" /><E86/><V91/><F102/><W101/><G80/><T110/><REACH who="0" step="1"/><D6/><REACH who="0" ten="240,250,250,250" step="2"/><U59/><E59/><V47/><F7/><W103/><G4/><T88/><D88/><U46/><E46/><V93/><F82/><W66/><G90/><T75/><D75/><U85/><E85/><N who="2" m="52463" /><F43/><W23/><G101/><T104/><D104/><U106/><E106/><V62/><F62/><W28/><G103/><T78/><D78/><U16/><E99/><AGARI ba="0,1" hai="8,15,17,45,48,53,92,99,100,108,109,110,129,131" machi="99" ten="50,9600,0" yaku="1,1,14,1,10,1,53,0" doraHai="74" doraHaiUra="38" who="0" fromWho="1" sc="240,106,250,-96,250,0,250,0" />
</Scene>
<Scene>
<INIT seed="0,1,0,2,4,7" ten="346,154,250,250" oya="0" hai0="96,59,28,48,17,45,97,84,40,92,85,104,87" hai1="77,81,75,22,11,35,26,66,63,32,110,91,118" hai2="61,86,16,99,3,79,111,74,23,89,33,121,69" hai3="12,55,70,95,68,18,34,113,130,71,72,106,42"/><T101/><D28/><U134/><E118/><V43/><F121/><W0/><G0/><T103/><D59/><U31/><E110/><V24/><F3/><W126/><G106/><T94/><REACH who="0" step="1"/><D17/><REACH who="0" ten="336,154,250,250" step="2"/><U116/><E116/><V9/><F16/><W80/><G18/><T6/><D6/><U78/><E134/><V117/><F117/><W125/><G70/><T44/><D44/><U129/><E129/><V13/><F69/><W41/><G68/><T52/><D52/><U20/><E35/><V47/><F33/><W120/><G55/><T14/><D14/><U60/><E32/><V124/><F13/><W102/><G12/><T46/><D46/><U98/><E22/><V29/><F47/><W131/><G71/><T37/><D37/><U93/><E66/><V133/><F23/><W67/><G67/><T8/><D8/><U19/><E63/><V27/><F9/><W127/><G34/><T39/><D39/><U10/><E60/><V109/><F61/><W100/><G120/><T90/><AGARI ba="1,1" hai="40,45,48,84,85,87,90,92,94,96,97,101,103,104" machi="90" ten="30,12000,1" yaku="1,1,0,1,53,3" doraHai="7" doraHaiUra="82" who="0" fromWho="0" sc="336,133,154,-41,250,-41,250,-41" />
</Scene>
<Scene>
<INIT seed="0,2,0,4,3,71" ten="469,113,209,209" oya="0" hai0="38,20,115,129,39,56,85,101,121,74,70,26,120" hai1="119,64,86,19,78,109,104,21,80,97,65,47,40" hai2="88,63,50,43,123,0,116,41,25,75,42,103,30" hai3="51,118,82,8,6,27,117,49,57,79,133,113,28"/><T108/><D70/><U46/><E119/><V92/><F123/><W76/><G133/><T13/><D74/><U135/><E135/><V112/><F112/><W36/><G113/><T62/><D115/><U12/><E109/><V68/><F0/><W15/><G36/><T69/><D69/><U53/><E47/><V4/><F75/><W73/><G76/><T5/><D101/><U44/><E44/><V23/><F4/><W105/><G105/><T132/><D132/><U35/><E35/><V37/><F116/><W122/><G122/><T22/><D121/><U48/><REACH who="1" step="1"/><E40/><REACH who="1" ten="469,103,209,209" step="2"/><V100/><F42/><W67/><G118/><T111/><D120/><U126/><E126/><V66/><F43/><W107/><G117/><T72/><D108/><U94/><E94/><V34/><F34/><W3/><G107/><T10/><D111/><U24/><E24/><V81/><F92/><W9/><G27/><T102/><D26/><U106/><E106/><V54/><F41/><W61/><G28/><T14/><D39/><U11/><E11/><V83/><F37/><W96/><G9/><T2/><D38/><U93/><E93/><V87/><REACH who="2" step="1"/><F83/><REACH who="2" ten="469,103,199,209" step="2"/><W7/><G82/><T124/><D124/><U128/><E128/><V29/><F29/><W52/><G3/><T130/><D129/><U32/><E32/><V16/><F16/><W55/><G6/><T77/><D130/><U99/><E99/><V17/><F17/><W114/><G96/><T58/><D5/><U84/><E84/><V131/><F131/><W89/><G7/><T31/><D2/><U125/><E125/><RYUUKYOKU ba="2,2" sc="469,-15,103,15,199,15,209,-15" hai1="12,19,21,46,48,53,64,65,78,80,86,97,104" hai2="23,25,30,50,54,63,66,68,81,87,88,100,103" />
</Scene>
<Scene>
<INIT seed="1,3,2,1,0,90" ten="454,118,214,194" oya="1" hai0="42,31,55,16,70,14,75,48,20,116,39,2,118" hai1="29,63,19,21,37,78,27,80,88,127,1,91,5" hai2="113,67,96,112,38,128,101,109,4,84,68,102,25" hai3="9,66,82,104,114,131,53,92,94,65,119,28,18"/><U11/><E37/><V22/><F38/><W76/><G104/><T98/><D2/><U135/><E135/><V111/><F4/><W51/><G114/><N who="2" m="44137" /><F128/><W100/><G100/><T52/><D75/><U133/><E133/><V7/><F7/><W50/><G131/><T74/><D74/><U54/><E127/><V89/><F67/><N who="3" m="25611" /><G119/><T130/><D130/><U47/><E29/><N who="2" m="17591" /><F68/><W36/><G36/><T49/><D70/><U69/><E69/><V134/><F134/><W34/><G34/><T35/><D39/><U40/><E40/><V26/><F26/><W32/><G32/><T99/><D42/><U86/><REACH who="1" step="1"/><E47/><REACH who="1" ten="454,108,214,194" step="2"/><V97/><F111/><W125/><G28/><T95/><D31/><U123/><E123/><V62/><F109/><W120/><G120/><T72/><D118/><U105/><E105/><V126/><F126/><W59/><G125/><T12/><D116/><U107/><E107/><V60/><F97/><W81/><G50/><T129/><D49/><U132/><E132/><V15/><F96/><W103/><G51/><T45/><D99/><U87/><E87/><V64/><F84/><W33/><G33/><T71/><D35/><U23/><E23/><V85/><F85/><W13/><G9/><N who="0" m="6159" /><D129/><U44/><E44/><V61/><F61/><W106/><G106/><T46/><D71/><U10/><E10/><V124/><F62/><W41/><G41/><N who="0" m="24623" /><D46/><U58/><AGARI ba="3,3" hai="1,5,11,19,21,27,54,58,63,78,80,86,88,91" machi="58" ten="30,6000,0" yaku="1,1,0,1,54,1,53,0" doraHai="90" doraHaiUra="8" who="1" fromWho="1" sc="454,-23,108,99,214,-23,194,-23" />
</Scene>
<Scene>
<INIT seed="1,4,0,5,1,36" ten="431,207,191,171" oya="1" hai0="66,116,86,128,13,69,109,60,65,104,89,92,88" hai1="84,85,68,112,135,106,21,98,79,56,33,111,5" hai2="87,132,11,77,45,81,134,28,113,51,29,94,130" hai3="107,90,124,80,19,121,34,8,67,44,20,40,4"/><U115/><E68/><V38/><F38/><W54/><G34/><T32/><D116/><U52/><E33/><V6/><F130/><W126/><G107/><T129/><D32/><U3/><E135/><N who="2" m="51755" /><F94/><W41/><G67/><T78/><D104/><U99/><E98/><V122/><F122/><W125/><G44/><T118/><D118/><U63/><E111/><V96/><F96/><W48/><G121/><T7/><D109/><U46/><E85/><V14/><F113/><W42/><G48/><T91/><D66/><U110/><E110/><V114/><F114/><W26/><G54/><AGARI ba="4,0" hai="6,11,14,28,29,45,51,54,77,81,87" m="51755" machi="54" ten="30,1000,0" yaku="20,1" doraHai="36" who="2" fromWho="3" sc="431,0,207,0,191,22,171,-22" />
</Scene>
<Scene>
<INIT seed="2,0,0,2,5,115" ten="431,207,213,149" oya="2" hai0="34,112,5,44,45,46,13,58,104,130,89,127,79" hai1="108,1,97,85,0,19,52,67,7,96,42,122,82" hai2="70,99,66,131,23,27,121,28,103,32,100,90,117" hai3="132,49,55,94,73,80,111,48,40,83,47,37,43"/><V116/><F121/><W126/><G111/><T15/><D112/><U98/><E108/><V20/><F131/><W57/><G132/><T9/><D34/><U68/><E122/><V11/><F90/><W25/><G126/><T18/><D104/><U120/><E120/><V125/><F125/><W84/><G25/><T3/><D127/><U2/><E42/><V87/><F87/><W22/><G22/><T76/><D130/><U6/><E19/><V124/><F124/><W21/><G21/><N who="0" m="11471" /><D3/><U10/><E10/><V33/><F33/><W31/><G31/><T53/><D89/><U129/><E129/><V101/><F11/><W134/><G134/><T92/><D92/><U71/><E52/><V93/><F20/><W118/><G73/><T107/><D107/><U8/><E8/><V113/><F113/><W72/><G72/><T75/><D75/><U41/><E41/><V63/><F101/><W26/><G26/><T105/><D105/><U60/><REACH who="1" step="1"/><E68/><REACH who="1" ten="431,197,213,149" step="2"/><V51/><F51/><AGARI ba="0,1" hai="5,9,15,44,45,46,51,53,58,76,79" m="11471" machi="51" ten="30,1000,0" yaku="8,1" doraHai="115" who="0" fromWho="2" sc="431,20,197,0,213,-10,149,0" />
</Scene>
<Scene>
<INIT seed="3,0,0,4,0,111" ten="451,197,203,149" oya="3" hai0="52,113,129,112,0,125,55,17,15,124,33,102,97" hai1="3,8,87,104,48,18,69,100,42,107,62,36,71" hai2="31,27,115,34,77,46,89,39,103,84,126,96,123" hai3="30,121,88,92,95,9,28,81,26,25,19,80,53"/><W12/><G121/><T109/><D0/><U66/><E69/><V7/><F123/><W10/><G53/><N who="0" m="20555" /><D33/><U119/><E36/><V86/><F126/><N who="0" m="48746" /><D129/><U60/><E60/><V106/><F7/><W35/><G9/><N who="0" m="6383" /><D109/><U128/><E128/><V50/><F39/><W68/><G68/><T79/><D79/><U130/><E3/><V5/><F5/><W116/><G116/><T56/><D56/><U132/><E119/><V51/><F77/><W11/><G11/><T61/><D61/><U99/><E8/><V67/><F67/><W82/><REACH who="3" step="1"/><G88/><REACH who="3" ten="451,197,203,139" step="2"/><T59/><D59/><U110/><E71/><V65/><F89/><W29/><G29/><T41/><D41/><U45/><E130/><V63/><F31/><W58/><G58/><T38/><D38/><U117/><E117/><V22/><F65/><W101/><G101/><T21/><D21/><AGARI ba="0,1" hai="10,12,19,21,25,26,28,30,35,80,81,82,92,95" machi="21" ten="40,2000,0" yaku="1,1,53,0" doraHai="111" doraHaiUra="54" who="3" fromWho="0" sc="451,-20,197,0,203,0,139,30" />
</Scene>
<Scene>
<INIT seed="3,1,0,0,0,36" ten="431,197,203,169" oya="3" hai0="128,68,59,82,103,53,18,116,65,123,27,112,75" hai1="104,80,70,0,12,124,50,105,5,121,38,51,7" hai2="86,74,115,25,79,94,108,113,119,16,97,31,33" hai3="83,66,87,63,100,4,131,133,126,46,26,23,106"/><W41/><G126/><T34/><D116/><U44/><E38/><V24/><F74/><W120/><G133/><T47/><D123/><U62/><E0/><V17/><F119/><W71/><G131/><T72/><D128/><U92/><E121/><V3/><F3/><W13/><G120/><T9/><D47/><U90/><E80/><V85/><F108/><W57/><G100/><T134/><D134/><U122/><E51/><V35/><F79/><W60/><G106/><T52/><D103/><U40/><E122/><V10/><F10/><W84/><G13/><T61/><D112/><U56/><E70/><V76/><F76/><W107/><G4/><T114/><D114/><U135/><E135/><V21/><F94/><W30/><G107/><T98/><D98/><U130/><E130/><V15/><F97/><W55/><REACH who="3" step="1"/><G83/><REACH who="3" ten="431,197,203,159" step="2"/><T78/><D82/><U32/><E124/><V89/><F15/><W29/><G29/><T96/><D18/><U77/><E105/><V20/><F31/><W49/><AGARI ba="1,1" hai="23,26,30,41,46,49,55,57,60,63,66,71,84,87" machi="49" ten="20,7800,0" yaku="1,1,0,1,7,1,52,1,53,0" doraHai="36" doraHaiUra="117" who="3" fromWho="3" sc="431,-27,197,-27,203,-27,159,91" />
</Scene>
<Scene>
<INIT seed="3,2,0,5,2,82" ten="404,170,176,250" oya="3" hai0="45,78,84,53,12,42,33,34,35,117,11,36,56" hai1="26,70,102,41,28,119,27,122,83,75,73,17,134" hai2="49,46,67,63,110,65,128,76,62,59,92,50,115" hai3="19,40,130,88,94,77,98,101,66,21,8,107,89"/><W25/><G130/><T4/><D117/><U52/><E122/><V131/><F76/><W74/><G66/><T103/><D103/><U51/><E70/><V61/><F92/><W124/><G124/><T64/><D64/><N who="2" m="24650" /><F115/><W23/><G40/><T116/><D116/><U5/><E134/><V13/><F13/><W1/><G23/><T38/><D38/><U113/><E5/><V79/><F79/><W44/><G44/><T58/><REACH who="0" step="1"/><D53/><REACH who="0" ten="394,170,176,250" step="2"/><U48/><E119/><V57/><F110/><W105/><G105/><T31/><D31/><U87/><E102/><V106/><F106/><W91/><G107/><T3/><D3/><U114/><E113/><V85/><F131/><W10/><REACH who="3" step="1"/><G1/><REACH who="3" ten="394,170,176,240" step="2"/><T0/><D0/><U15/><E114/><V22/><F128/><W6/><G6/><T123/><D123/><U90/><E41/><V80/><F22/><W129/><G129/><T109/><D109/><U37/><E37/><V71/><F71/><W54/><G54/><T69/><D69/><U86/><E52/><V9/><F46/><W99/><G99/><T100/><D100/><U108/><E108/><V60/><F57/><W121/><G121/><T81/><AGARI ba="2,2" hai="4,11,12,33,34,35,36,42,45,56,58,78,81,84" machi="81" ten="40,5200,0" yaku="1,1,0,1,52,1,53,0" doraHai="82" doraHaiUra="127" who="0" fromWho="0" sc="394,78,170,-15,176,-15,240,-28" />
</Scene>
<Scene>
<INIT seed="4,0,0,2,5,116" ten="472,155,161,212" oya="0" hai0="37,94,29,119,50,106,17,7,20,46,57,52,71" hai1="123,67,35,133,40,115,109,75,21,9,68,96,54" hai2="87,78,60,34,85,82,44,118,129,120,42,88,63" hai3="125,134,80,13,41,104,100,65,84,0,117,58,31"/><T64/><D106/><U4/><E35/><V12/><F34/><W70/><G0/><T132/><D119/><U121/><E109/><V122/><F118/><W1/><G1/><T89/><D132/><U61/><E75/><V86/><F129/><W26/><G70/><T73/><D73/><U72/><E72/><V77/><F12/><W45/><G125/><T38/><D29/><U47/><E133/><V102/><F102/><W91/><G134/><T14/><D7/><U95/><E115/><V59/><F86/><W28/><G13/><T66/><D71/><U55/><E21/><V3/><F3/><W16/><G100/><T56/><D38/><U2/><E55/><V74/><F74/><W130/><G104/><T23/><D23/><U101/><REACH who="1" step="1"/><E54/><REACH who="1" ten="472,145,161,212" step="2"/><V25/><F25/><W108/><G26/><T53/><D53/><U81/><E81/><V98/><F82/><W114/><G80/><T10/><D20/><U97/><E97/><V36/><F98/><W110/><G114/><T76/><D52/><U83/><E83/><V24/><F24/><W79/><G110/><T19/><D76/><U33/><E33/><V51/><F78/><W126/><G79/><T111/><D111/><U103/><E103/><V131/><F77/><W22/><G108/><T48/><D89/><U62/><E62/><V27/><F88/><W32/><G22/><T15/><D10/><U90/><E90/><V6/><F27/><W92/><G91/><T43/><D46/><U107/><E107/><V30/><F44/><W11/><G45/><T39/><D94/><U135/><E135/><RYUUKYOKU ba="0,1" sc="472,15,145,15,161,-15,212,-15" hai0="14,15,17,19,37,39,43,48,50,56,57,64,66" hai1="2,4,9,40,47,61,67,68,95,96,101,121,123" />
</Scene>
<Scene>
<INIT seed="4,1,1,1,0,56" ten="487,160,146,197" oya="0" hai0="15,22,31,12,8,2,114,37,35,42,60,129,41" hai1="25,97,18,33,51,79,85,94,121,105,20,92,59" hai2="40,117,113,43,90,81,100,1,29,64,10,86,102" hai3="38,47,106,49,27,75,19,109,61,77,48,34,4"/><T130/><D114/><U120/><E105/><V55/><F113/><W88/><G106/><T135/><D135/><U96/><E33/><V62/><F117/><W115/><G115/><T132/><D132/><U50/><E121/><V110/><F110/><W13/><G77/><T107/><D107/><U133/><E120/><V23/><F55/><W57/><G75/><T70/><D35/><U9/><E133/><V119/><F119/><W14/><G38/><T93/><D2/><U28/><E97/><V83/><F83/><W58/><G58/><T118/><D118/><U32/><E32/><V30/><F10/><W7/><G34/><T66/><D93/><U84/><E51/><V108/><F1/><W104/><G27/><N who="0" m="16887" /><D37/><U95/><E79/><V53/><F64/><W112/><G104/><T91/><D91/><U54/><E96/><V126/><F108/><W45/><G88/><T36/><D36/><U5/><REACH who="1" step="1"/><E28/><REACH who="1" ten="487,150,146,197" step="2"/><V111/><F30/><W127/><G109/><T122/><D122/><U72/><E72/><V101/><F111/><W69/><G112/><T3/><D129/><U78/><E78/><V17/><F29/><W128/><G128/><T6/><D130/><U26/><E26/><N who="2" m="14703" /><F126/><W124/><G127/><T123/><D123/><U44/><E44/><V125/><F125/><W63/><G124/><T65/><D42/><U73/><E73/><V134/><F134/><W76/><G76/><T68/><D41/><U74/><E74/><V99/><F99/><W16/><G45/><T103/><D103/><U52/><E52/><V46/><F46/><W131/><G47/><RYUUKYOKU ba="1,2" sc="487,10,150,10,146,10,197,-30" hai0="3,6,8,12,15,60,65,66,68,70" hai1="5,9,18,20,25,50,54,59,84,85,92,94,95" hai2="40,43,53,62,81,86,90,100,101,102" />
</Scene>
<Scene>
<INIT seed="4,2,2,3,3,54" ten="497,160,156,167" oya="0" hai0="58,45,26,107,127,14,3,5,35,47,122,80,61" hai1="118,33,113,129,38,22,70,16,12,120,79,76,63" hai2="124,46,121,20,131,49,66,31,60,9,36,67,2" hai3="19,101,110,62,59,4,1,87,68,28,7,53,123"/><T99/><D3/><U89/><E118/><V51/><F121/><W64/><G110/><T91/><D122/><U83/><E38/><V104/><F104/><W108/><G108/><T74/><D127/><U15/><E33/><V21/><F124/><W114/><G123/><T100/><D5/><U73/><E120/><V52/><F131/><W0/><G28/><T44/><D14/><U135/><E135/><V116/><F36/><W97/><G87/><T24/><D35/><U65/><E129/><V88/><F116/><W95/><G114/><T85/><REACH who="0" step="1"/><D74/><REACH who="0" ten="487,160,156,167" step="2"/><U125/><E125/><V34/><F34/><W57/><G4/><T96/><D96/><U72/><E113/><V112/><F2/><W40/><G7/><T55/><AGARI ba="2,3" hai="24,26,44,45,47,55,58,61,80,85,91,99,100,107" machi="55" ten="30,6000,0" yaku="1,1,0,1,52,1,53,0" doraHai="54" doraHaiUra="126" who="0" fromWho="0" sc="487,96,160,-22,156,-22,167,-22" />
</Scene>
<Scene>
<INIT seed="4,3,0,4,1,122" ten="583,138,134,145" oya="0" hai0="53,103,38,50,81,86,106,13,113,78,126,84,125" hai1="118,82,80,23,129,120,127,90,107,114,124,67,61" hai2="64,130,88,1,75,40,112,97,19,39,62,45,63" hai3="43,37,48,24,109,117,121,8,76,71,25,32,58"/><T92/><D38/><U29/><E120/><V74/><F1/><W12/><G37/><T42/><D42/><U18/><E118/><V111/><F111/><W4/><G71/><T15/><D106/><U2/><E2/><V87/><F112/><W98/><G121/><T69/><D69/><U66/><E107/><V6/><F6/><W94/><G117/><T105/><D105/><U49/><E129/><V72/><F130/><W52/><G109/><T51/><D113/><U3/><E3/><V96/><F19/><W47/><G76/><T93/><D103/><U83/><E114/><V133/><F133/><W70/><G70/><T115/><D115/><U11/><E11/><V79/><F79/><W101/><REACH who="3" step="1"/><G32/><REACH who="3" ten="583,138,134,135" step="2"/><T26/><D78/><U95/><E127/><V14/><F39/><W46/><G46/><T33/><D33/><U110/><E124/><V21/><F45/><W0/><G0/><T119/><D119/><U65/><E110/><V100/><F74/><W55/><G55/><T135/><D126/><U99/><E67/><V68/><F75/><W60/><AGARI ba="3,1" hai="4,8,12,24,25,43,47,48,52,58,60,94,98,101" machi="60" ten="20,8000,1" yaku="1,1,0,1,7,1,8,1,54,1,53,0" doraHai="122" doraHaiUra="116" who="3" fromWho="3" sc="583,-43,138,-23,134,-23,135,99" />
</Scene>
<Scene>
<INIT seed="5,0,0,2,2,44" ten="540,115,111,234" oya="1" hai0="65,25,71,134,75,51,128,119,57,21,61,88,53" hai1="124,30,40,8,93,2,82,90,36,52,116,50,27" hai2="48,76,126,104,132,24,91,108,67,114,63,103,100" hai3="120,12,96,1,80,47,4,130,89,92,117,23,19"/><U110/><E116/><V107/><F108/><W98/><G130/><T11/><D119/><U58/><E124/><V133/><F126/><W14/><G117/><T42/><D128/><U49/><E110/><V20/><F76/><W118/><G118/><T105/><D134/><N who="2" m="51818" /><F91/><W54/><G1/><T123/><D123/><U77/><E36/><V29/><F114/><W31/><G31/><T135/><D135/><U41/><E8/><V10/><F10/><N who="3" m="4167" /><G80/><T55/><D105/><N who="2" m="40522" /><F48/><N who="3" m="28959" /><G120/><T22/><D75/><U68/><E68/><AGARI ba="0,0" hai="20,24,29,63,67,68,100,103" m="40522,51818" machi="68" ten="30,1000,0" yaku="20,1" doraHai="44" who="2" fromWho="1" sc="540,0,115,-10,111,10,234,0" />
</Scene>
<Scene>
<INIT seed="6,0,0,1,5,119" ten="540,105,121,234" oya="2" hai0="112,72,120,128,75,95,13,46,55,104,22,131,114" hai1="64,28,42,73,29,113,67,30,87,86,133,134,60" hai2="117,68,49,122,85,90,43,20,44,47,12,132,1" hai3="115,80,101,6,52,107,21,3,74,93,66,77,50"/><V37/><F122/><W27/><G66/><N who="1" m="25130" /><E73/><N who="0" m="28233" /><D104/><U125/><E60/><V26/><F117/><W63/><G63/><T116/><D120/><U41/><E113/><N who="0" m="43625" /><D131/><U18/><E18/><V96/><F1/><W89/><G115/><T94/><D128/><U14/><E14/><V69/><F12/><W127/><G127/><T84/><D84/><N who="1" m="32299" /><E125/><V16/><F96/><W58/><G101/><T78/><D78/><U19/><E19/><V135/><F69/><W71/><G71/><T45/><D45/><U108/><E108/><V81/><REACH who="2" step="1"/><F68/><REACH who="2" ten="540,105,111,234" step="2"/><W10/><G3/><T11/><D116/><U76/><E76/><V62/><F62/><W32/><G77/><T56/><D13/><U79/><E79/><V88/><F88/><W36/><G89/><T40/><D11/><U92/><E92/><V38/><F38/><W59/><G36/><T24/><D95/><U33/><E33/><V123/><F123/><W126/><G10/><T35/><D94/><U99/><E99/><V23/><F23/><W82/><G21/><T106/><D35/><U111/><E111/><V48/><F48/><W4/><G50/><T15/><D15/><U118/><E118/><V130/><F130/><W65/><G93/><T129/><D129/><U25/><E25/><V83/><F83/><W121/><G80/><T54/><D22/><U8/><E8/><V61/><F61/><W57/><G82/><T5/><D24/><U17/><E17/><V7/><F7/><W51/><G4/><T39/><D5/><U100/><E100/><V109/><F109/><W91/><G6/><T124/><D39/><RYUUKYOKU ba="0,1" sc="540,-15,105,15,111,15,234,-15" hai1="28,29,30,41,42,133,134" hai2="16,20,26,37,43,44,47,49,81,85,90,132,135" />
</Scene>
<Scene>
<INIT seed="6,1,1,1,4,126" ten="525,120,126,219" oya="2" hai0="120,90,72,108,80,4,77,97,12,26,56,69,125" hai1="19,37,117,31,91,28,93,48,68,86,84,7,32" hai2="101,6,122,118,45,83,65,130,50,39,61,105,75" hai3="82,15,20,63,109,87,17,115,24,135,3,55,102"/><V18/><F122/><W34/><G109/><T96/><D69/><U35/><E37/><V38/><F118/><W98/><G3/><T110/><D120/><U103/><E68/><V58/><F6/><W121/><G121/><T89/><D26/><U99/><E117/><V59/><F59/><W57/><G135/><T52/><D125/><U128/><E84/><V49/><F49/><W67/><G115/><T129/><D129/><U95/><E7/><V79/><F130/><W62/><G34/><T23/><D90/><U27/><E128/><V53/><REACH who="2" step="1"/><F18/><REACH who="2" ten="525,120,116,219" step="2"/><N who="3" m="12311" /><G57/><T2/><D4/><U114/><E114/><V14/><F14/><W111/><G17/><T94/><D12/><U133/><E133/><V113/><F113/><W71/><G15/><T76/><D56/><U88/><E19/><V100/><F100/><W104/><G102/><T116/><D116/><U44/><E31/><V0/><F0/><W51/><G51/><T85/><D2/><U119/><E119/><V124/><F124/><W46/><G71/><T132/><D132/><U131/><E131/><V70/><F70/><W33/><G63/><T47/><D110/><U16/><E16/><V1/><F1/><W81/><G62/><T42/><D108/><U123/><E123/><V8/><F8/><W29/><G29/><T60/><D60/><U106/><E28/><V9/><F9/><W78/><G111/><T22/><D47/><U54/><E27/><V21/><F21/><W13/><G13/><T10/><D22/><U40/><E35/><V36/><F36/><W25/><G33/><T30/><D30/><RYUUKYOKU ba="1,2" sc="525,-10,120,-10,116,30,219,-10" hai2="38,39,45,50,53,58,61,65,75,79,83,101,105" />
</Scene>
<Scene>
<INIT seed="6,2,2,0,2,86" ten="515,110,146,209" oya="2" hai0="93,99,23,114,69,112,120,42,32,84,117,66,54" hai1="101,49,65,106,51,132,124,40,16,19,122,82,102" hai2="133,50,103,63,58,52,25,38,109,5,92,53,34" hai3="71,94,1,111,75,119,31,39,98,48,35,29,55"/><V15/><F38/><W97/><G39/><T88/><D32/><U62/><E132/><V41/><F133/><W30/><G75/><T89/><D120/><U113/><E122/><V96/><F109/><W78/><G111/><T0/><D0/><U17/><E113/><N who="0" m="43625" /><D42/><U68/><E124/><V22/><F34/><W121/><G78/><T116/><D54/><U73/><E106/><V56/><F41/><W33/><G71/><T85/><D23/><U123/><E123/><V8/><F25/><W110/><G1/><T45/><D45/><U79/><REACH who="1" step="1"/><E40/><REACH who="1" ten="515,100,146,209" step="2"/><V60/><F22/><W21/><G21/><T77/><D116/><U67/><E67/><V13/><F13/><W6/><G119/><T108/><D117/><U10/><E10/><V2/><F2/><W128/><G35/><T76/><D108/><U90/><E90/><V24/><F24/><W20/><G20/><T127/><D127/><U26/><E26/><V125/><F125/><W44/><G33/><T72/><D89/><U14/><E14/><V64/><F64/><W28/><G110/><T43/><D43/><U115/><E115/><V130/><F130/><W80/><G128/><T81/><D77/><U36/><E36/><V12/><F12/><W134/><G121/><T7/><D76/><U100/><AGARI ba="2,3" hai="16,17,19,49,51,62,65,68,73,79,82,100,101,102" machi="100" ten="30,7900,0" yaku="1,1,0,1,54,1,53,1" doraHai="86" doraHaiUra="105" who="1" fromWho="1" sc="515,-22,100,115,146,-41,209,-22" />
</Scene>
<Scene>
<INIT seed="7,0,0,0,2,121" ten="493,215,105,187" oya="3" hai0="103,125,1,28,100,80,8,117,84,57,62,135,114" hai1="33,35,27,14,63,115,106,38,52,59,64,19,79" hai2="65,97,10,123,47,133,81,118,23,127,40,11,26" hai3="7,2,91,108,82,21,6,55,50,29,83,93,132"/><W68/><G68/><T120/><D120/><U49/><E38/><V87/><F123/><W12/><G132/><T46/><D117/><U0/><E0/><V99/><F133/><W61/><G61/><T105/><D135/><U39/><E39/><V73/><F73/><W20/><G2/><T9/><D125/><U43/><E43/><V51/><F127/><W37/><G37/><T92/><D105/><U72/><E106/><V86/><F118/><W75/><G108/><T104/><D104/><U22/><E115/><V102/><F65/><W36/><G36/><T116/><D116/><U76/><E76/><V13/><F102/><N who="0" m="38954" /><D114/><U16/><E79/><V129/><F129/><W32/><G32/><T60/><D1/><U53/><E53/><V112/><F112/><W31/><G55/><T69/><D69/><U44/><E72/><V74/><F74/><W66/><G66/><T42/><D92/><U124/><E124/><V134/><F134/><W94/><G75/><T101/><D101/><U77/><E77/><V131/><F131/><W34/><G34/><T70/><D28/><U58/><E58/><V4/><F11/><AGARI ba="0,0" hai="11,14,16,19,22,27,33,35,44,49,52,59,63,64" machi="11" ten="30,3900,0" yaku="7,1,54,2" doraHai="121" who="1" fromWho="2" sc="493,0,215,39,105,-39,187,0" owari="493,59.0,254,5.0,66,-43.0,187,-21.0" />
</Scene>
</mjloggm>