<mjloggm ver="2.3"><GO type="169" lobby="0"/><UN n0="%E5%A4%AA%E3%81%8F%E3%81%AA%E3%81%84%E3%81%8A" n1="%E3%82%82%E3%81%97%E3%83%A9%E3%82%B9%E3%81%A7" n2="%4B%61%74%5F%48" n3="%E3%82%81%E3%81%8C%EF%BC%93" dan="17,17,16,16" rate="2178.99,2144.70,2106.09,2016.42" sx="F,M,M,M"/><TAIKYOKU oya="0"/>

<Scene>
<INIT seed="0,0,0,2,2,16" ten="250,250,250,250" oya="0" hai0="43,61,55,91,83,62,88,93,86,135,110,38,24" hai1="29,115,18,104,119,28,12,30,31,9,36,111,117" hai2="17,98,87,102,103,45,89,25,7,42,75,1,90" hai3="37,46,80,56,77,48,129,52,20,40,85,51,76"/><T92/><D135/><U134/><E36/><V114/><F75/><W74/><G129/><T133/><D133/><U101/><E101/><V71/><F71/><W23/><REACH who="3" step="1"/><G37/><REACH who="3" ten="250,250,250,240" step="2"/><T81/><D110/><U57/><E134/><V126/><F114/><W58/><G58/><T5/><D38/><U66/><E115/><V47/><F47/><W112/><G112/><T41/><D5/><U99/><E111/><V6/><F45/><W100/><G100/><T105/><D105/><U121/><E104/><V27/><F103/><W97/><G97/><T108/><D108/><U32/><E99/><V39/><F98/><W96/><G96/><T122/><D122/><U14/><E57/><V84/><F102/><W130/><G130/><T21/><D43/><U64/><E121/><V19/><F42/><W132/><G132/><T78/><D41/><U67/><E32/><V49/><F39/><W106/><G106/><T33/><D33/><U34/><E34/><V53/><F7/><W125/><G125/><T54/><D54/><U116/><N who="1" m="7168" /><DORA hai="107" /><U95/><E95/><V82/><F6/><W69/><G69/><T11/><D55/><U131/><E131/><V127/><F53/><W60/><G60/><T73/><D92/><U44/><E44/><V50/><REACH who="2" step="1"/><F82/><AGARI ba="0,1" hai="20,23,40,46,48,51,52,56,74,76,77,80,82,85" machi="82" ten="40,8000,1" yaku="1,1,52,3,54,1,53,0" doraHai="16,107" doraHaiUra="63,123" who="3" fromWho="2" sc="250,0,250,0,250,-80,240,90" />
</Scene>
<Scene>
<INIT seed="1,0,0,3,2,4" ten="250,250,170,330" oya="1" hai0="18,67,6,60,32,11,55,3,21,59,80,92,119" hai1="131,30,24,79,90,83,62,56,29,33,69,15,82" hai2="99,38,124,53,89,26,95,39,27,68,115,13,64" hai3="2,84,14,118,116,44,25,19,75,126,97,114,85"/><U108/><E69/><V36/><F124/><W50/><G114/><T63/><D119/><N who="3" m="45609" /><G75/><T51/><D32/><U61/><E131/><V104/><F115/><W128/><G2/><T77/><D92/><U107/><E30/><V109/><F104/><W31/><G97/><T102/><D102/><U28/><E28/><V7/><F109/><W98/><G98/><T57/><D51/><U52/><E107/><V94/><F64/><W42/><G126/><T40/><D40/><U23/><E108/><V110/><F68/><W5/><G5/><T49/><D49/><U1/><E1/><V78/><F110/><W34/><G128/><T105/><D105/><U20/><E15/><V12/><F78/><W35/><G35/><T22/><REACH who="0" step="1"/><D18/><REACH who="0" ten="240,250,170,330" step="2"/><U129/><E129/><V86/><F95/><W37/><G50/><T47/><D47/><U81/><E79/><V117/><F117/><W123/><G44/><T106/><D106/><U134/><E134/><V96/><F94/><W66/><G42/><T65/><D65/><U100/><E100/><V127/><F127/><W45/><G66/><T73/><AGARI ba="0,1" hai="3,6,11,21,22,55,57,59,60,63,67,73,77,80" machi="73" ten="20,5200,0" yaku="1,1,0,1,7,1,52,1,53,0" doraHai="4" doraHaiUra="122" who="0" fromWho="0" sc="240,62,250,-26,170,-13,330,-13" />
</Scene>
<Scene>
<INIT seed="2,0,0,5,4,3" ten="302,224,157,317" oya="2" hai0="127,25,129,103,88,121,73,101,106,72,77,51,82" hai1="108,119,34,8,112,15,70,12,17,10,61,85,102" hai2="62,132,41,91,67,117,98,118,40,75,46,28,14" hai3="90,83,79,55,111,56,2,130,4,135,66,60,58"/><V120/><F120/><W29/><G111/><T18/><D121/><U100/><E108/><V87/><F75/><W33/><G130/><T115/><D115/><U37/><E37/><V113/><F113/><W42/><G42/><T26/><D129/><U1/><E1/><V123/><F123/><W128/><G128/><T81/><D127/><U19/><E112/><V71/><F132/><W122/><G122/><T57/><D106/><U48/><E119/><V96/><F28/><W92/><G135/><T38/><D38/><U68/><E34/><V27/><F27/><W97/><G29/><T20/><D25/><U109/><E109/><V23/><F40/><W84/><G33/><T52/><REACH who="0" step="1"/><D88/><REACH who="0" ten="292,224,157,317" step="2"/><U80/><E100/><V78/><F91/><W131/><G131/><T35/><D35/><U133/><E102/><V107/><F107/><W31/><G31/><T45/><D45/><U125/><E125/><V104/><F104/><W116/><G116/><T50/><D50/><U32/><E32/><V47/><F47/><W64/><REACH who="3" step="1"/><G58/><REACH who="3" ten="292,224,157,307" step="2"/><T6/><D6/><U11/><E133/><V21/><F118/><W49/><G49/><T134/><D134/><U36/><E48/><V9/><F117/><W43/><G43/><T69/><D69/><U114/><E114/><V63/><F41/><W53/><G53/><T22/><D22/><N who="1" m="11559" /><E36/><V30/><F23/><W105/><G105/><T126/><D126/><U59/><E70/><V65/><F21/><W89/><G89/><T44/><D44/><U39/><E68/><N who="2" m="42039" /><F30/><W74/><G74/><T16/><D16/><U86/><E19/><RYUUKYOKU ba="0,2" sc="292,15,224,-15,157,-15,307,15" hai0="18,20,26,51,52,57,72,73,77,81,82,101,103" hai3="2,4,55,56,60,64,66,79,83,84,90,92,97" />
</Scene>
<Scene>
<INIT seed="3,1,2,5,2,108" ten="307,209,142,322" oya="3" hai0="60,65,101,106,79,4,118,26,38,82,89,104,62" hai1="25,73,135,121,40,115,52,23,36,126,116,122,27" hai2="77,55,97,57,64,8,66,43,100,21,47,2,53" hai3="78,96,70,87,16,19,107,33,83,63,11,54,67"/><W98/><G33/><T68/><D118/><U15/><E73/><V81/><F21/><W71/><G71/><T109/><D38/><U128/><E116/><V84/><F8/><W129/><G129/><T112/><D109/><U7/><E40/><V130/><F2/><W134/><G134/><T105/><D89/><U24/><E36/><V75/><F130/><W6/><G54/><T124/><D124/><U102/><E52/><V110/><F110/><W18/><REACH who="3" step="1"/><G107/><REACH who="3" ten="307,209,142,312" step="2"/><T22/><D105/><U13/><E135/><V133/><F55/><W69/><G69/><T114/><D104/><U10/><E128/><V34/><F34/><W88/><G88/><T113/><D68/><U31/><E102/><V0/><F100/><W125/><G125/><T12/><D106/><U93/><E126/><V72/><F133/><W5/><G5/><T94/><D101/><U9/><E93/><V59/><F53/><W99/><G99/><T35/><D94/><U20/><E25/><V41/><F97/><W28/><G28/><N who="0" m="19863" /><D65/><U90/><E90/><V92/><F92/><W85/><G85/><N who="0" m="48351" /><D4/><U131/><E131/><V49/><F66/><W50/><G50/><T32/><D32/><U117/><E7/><V45/><F64/><W46/><G46/><T91/><D91/><U51/><E51/><N who="2" m="27055" /><F0/><AGARI ba="1,3" hai="0,6,11,16,18,19,63,67,70,78,83,87,96,98" machi="0" ten="40,3900,0" yaku="1,1,54,1,53,0" doraHai="108" doraHaiUra="30" who="3" fromWho="2" sc="307,0,209,0,142,-42,312,72" />
</Scene>
<Scene>
<INIT seed="3,2,0,2,4,134" ten="307,209,100,384" oya="3" hai0="28,68,44,51,13,109,90,85,0,21,40,66,128" hai1="78,119,48,65,105,36,87,56,76,30,22,9,125" hai2="89,14,130,135,117,70,115,79,8,95,81,59,82" hai3="60,58,23,77,15,69,116,12,61,11,33,25,34"/><W67/><G116/><T55/><D0/><U91/><E36/><V52/><F70/><W32/><G77/><T108/><D128/><U6/><E105/><V20/><F117/><W93/><G93/><T131/><D131/><U50/><E119/><V100/><F130/><W5/><G15/><T26/><D68/><U104/><E104/><V92/><F115/><W54/><REACH who="3" step="1"/><G34/><REACH who="3" ten="307,209,100,374" step="2"/><T110/><D13/><U83/><E78/><V113/><F95/><W62/><G62/><T35/><D35/><U43/><E76/><V132/><F92/><W49/><G49/><T129/><D129/><U103/><E50/><V124/><F14/><W122/><G122/><T99/><D109/><U84/><E48/><V19/><F79/><W46/><G46/><T57/><D110/><U88/><E83/><V37/><F81/><W1/><G1/><T31/><D108/><U126/><E43/><V39/><F82/><W42/><G42/><T96/><D40/><U3/><E3/><V4/><F135/><W16/><AGARI ba="2,1" hai="5,11,12,16,23,25,32,33,54,58,60,61,67,69" machi="16" ten="20,12000,1" yaku="1,1,0,1,7,1,54,1,53,1" doraHai="134" doraHaiUra="10" who="3" fromWho="3" sc="307,-42,209,-42,100,-42,374,136" />
</Scene>
<Scene>
<INIT seed="3,3,0,4,3,132" ten="265,167,58,510" oya="3" hai0="66,53,87,54,75,125,15,10,43,76,37,7,108" hai1="72,23,4,1,64,124,115,98,30,9,60,94,58" hai2="70,68,38,91,123,29,73,89,28,110,40,83,104" hai3="131,27,11,71,65,59,114,112,122,100,25,36,51"/><W63/><G122/><T78/><D75/><U14/><E72/><V42/><F123/><W6/><G131/><T82/><D78/><U35/><E115/><V101/><F110/><W134/><G134/><T129/><D108/><U88/><E35/><V17/><F73/><W50/><G36/><T96/><D129/><U22/><E23/><V84/><F38/><W45/><G100/><T19/><D66/><U121/><E121/><V86/><F101/><W2/><G71/><T103/><D125/><U18/><REACH who="1" step="1"/><E30/><REACH who="1" ten="265,157,58,510" step="2"/><V81/><REACH who="2" step="1"/><F17/><REACH who="2" ten="265,157,48,510" step="2"/><W26/><G112/><T24/><D19/><U49/><E49/><V13/><F13/><N who="3" m="5367" /><G114/><T113/><D113/><U80/><E80/><V61/><F61/><W135/><G135/><T67/><D82/><U106/><E106/><AGARI ba="3,2" hai="28,29,40,42,68,70,81,83,84,86,89,91,104,106" machi="106" ten="25,3200,0" yaku="1,1,22,2,53,0" doraHai="132" doraHaiUra="130" who="2" fromWho="1" sc="265,0,157,-41,48,61,510,0" />
</Scene>
<Scene>
<INIT seed="4,0,0,1,5,24" ten="265,116,109,510" oya="0" hai0="41,25,54,122,52,98,104,113,71,121,107,134,72" hai1="73,116,130,59,129,0,21,55,97,82,49,15,48" hai2="118,10,13,28,57,20,26,66,60,100,68,115,45" hai3="14,51,79,133,128,1,5,90,125,77,32,132,42"/><T126/><D72/><U91/><E0/><V111/><F115/><W124/><G32/><T85/><D71/><U87/><E116/><V69/><F118/><W22/><G1/><T40/><D113/><U65/><E65/><V38/><F111/><W7/><G90/><T112/><D112/><U78/><E97/><V92/><F38/><W58/><G128/><T16/><D85/><U86/><E49/><V50/><F50/><W93/><G93/><T123/><D126/><N who="3" m="48745" /><G22/><T6/><D6/><N who="3" m="2057" /><G14/><T94/><D94/><U120/><E120/><V9/><F45/><N who="3" m="26039" /><G58/><T119/><D119/><U2/><E2/><V96/><F9/><W17/><G17/><AGARI ba="0,0" hai="10,13,17,20,26,28,57,60,66,68,69,92,96,100" machi="17" ten="30,7700,0" yaku="7,1,25,2,52,1" doraHai="24" who="2" fromWho="3" sc="265,0,116,0,109,77,510,-77" />
</Scene>
<Scene>
<INIT seed="5,0,0,1,5,30" ten="265,116,186,433" oya="1" hai0="132,135,128,88,21,54,51,3,111,118,113,77,5" hai1="131,57,120,25,60,102,133,101,91,14,12,17,107" hai2="49,99,56,109,84,72,123,92,39,11,121,50,52" hai3="97,66,63,43,6,103,55,95,38,76,45,74,20"/><U24/><E120/><V10/><F72/><W70/><G6/><T18/><D111/><U73/><E73/><V27/><F39/><W42/><G42/><T15/><D118/><U67/><E133/><N who="0" m="51273" /><D77/><U83/><E131/><V69/><F109/><W47/><G20/><T108/><D108/><U58/><E14/><V44/><F69/><W130/><G130/><T125/><D128/><U26/><E107/><V122/><F84/><W13/><G13/><T53/><D113/><U87/><REACH who="1" step="1"/><E58/><REACH who="1" ten="265,106,186,433" step="2"/><V112/><F112/><W110/><G110/><T134/><D134/><U106/><E106/><V115/><F115/><W22/><G74/><T124/><D124/><U29/><E29/><V126/><F126/><W93/><G70/><T4/><D125/><U71/><E71/><V33/><F56/><W94/><G45/><N who="0" m="27887" /><D3/><U75/><E75/><V68/><F68/><W59/><G47/><T127/><D127/><U64/><E64/><V100/><F121/><W8/><G66/><T41/><D15/><U80/><E80/><V36/><F122/><W35/><G59/><T23/><D5/><U2/><E2/><V46/><F123/><W98/><G95/><T31/><D4/><U129/><E129/><V82/><F82/><W114/><G94/><T1/><D1/><U62/><E62/><V0/><F0/><W28/><G63/><T9/><D31/><U32/><E32/><V65/><F65/><W40/><G28/><T48/><D18/><U78/><E78/><V117/><F44/><W37/><G76/><T61/><D61/><U19/><E19/><V96/><F46/><RYUUKYOKU ba="0,1" sc="265,-10,106,30,186,-10,433,-10" hai1="12,17,24,25,26,57,60,67,83,87,91,101,102" />
</Scene>
<Scene>
<INIT seed="5,1,1,4,2,104" ten="255,136,176,423" oya="1" hai0="39,117,42,38,123,88,127,41,84,17,126,45,129" hai1="73,33,55,71,99,80,63,120,43,37,79,98,132" hai2="102,130,44,27,52,7,24,35,66,134,83,75,65" hai3="6,56,93,1,9,18,122,131,69,87,91,46,58"/><U92/><E120/><V116/><F116/><W10/><G69/><T60/><D117/><U61/><E33/><V68/><F130/><W57/><G131/><T90/><D129/><U96/><E132/><V16/><F134/><W78/><G122/><T21/><D123/><U118/><E118/><V67/><F68/><W54/><G78/><T0/><D0/><U29/><E29/><V50/><F7/><W95/><G95/><T51/><D60/><U113/><E113/><V125/><F125/><N who="0" m="47626" /><D42/><U103/><E63/><V20/><F102/><W115/><G115/><T40/><D40/><U86/><E73/><V59/><F75/><W70/><G70/><T25/><D90/><U32/><E32/><V97/><F97/><W62/><G46/><T47/><D47/><U64/><REACH who="1" step="1"/><E55/><REACH who="1" ten="255,126,176,423" step="2"/><V30/><REACH who="2" step="1"/><F83/><AGARI ba="1,2" hai="17,21,25,38,39,41,45,51,83,84,88" m="47626" machi="83" ten="30,2000,0" yaku="18,1,54,1" doraHai="104" who="0" fromWho="2" sc="255,43,126,0,176,-23,423,0" />
</Scene>
<Scene>
<INIT seed="6,0,0,5,1,85" ten="298,126,153,423" oya="2" hai0="71,96,107,63,67,78,104,49,91,94,29,36,127" hai1="80,119,126,25,128,79,26,38,16,68,55,75,92" hai2="64,124,93,69,45,97,77,5,39,58,46,6,130" hai3="116,47,123,86,103,72,82,43,135,32,70,54,42"/><V66/><F69/><W90/><G123/><T40/><D127/><U34/><E119/><V115/><F124/><W21/><G116/><T134/><D134/><U102/><E126/><V31/><F115/><W108/><G32/><T60/><D36/><U113/><E38/><V52/><F130/><W30/><G70/><T74/><D29/><U13/><E68/><V35/><F77/><W0/><G0/><T19/><D63/><U51/><E34/><V84/><F84/><W9/><G9/><T37/><D37/><U100/><E113/><V87/><F87/><W11/><G11/><T125/><D125/><U111/><E111/><V83/><F83/><W99/><G72/><T106/><D19/><U105/><E105/><V24/><F66/><W61/><G108/><T20/><D20/><U89/><E128/><V53/><F64/><W122/><G122/><T62/><D62/><U65/><E65/><V56/><F56/><N who="3" m="34967" /><G47/><T27/><D27/><U76/><E76/><V1/><F53/><W133/><G133/><T2/><D2/><U57/><E26/><V12/><F1/><W50/><G135/><T44/><D78/><U59/><E25/><V17/><F39/><W22/><G43/><T23/><D74/><U98/><E59/><V8/><F46/><N who="3" m="25943" /><G30/><T15/><D106/><U112/><E112/><V132/><F45/><W129/><G129/><T109/><D109/><U110/><E110/><V114/><F132/><W118/><G118/><T73/><D73/><U41/><E41/><V4/><F114/><W33/><G33/><T95/><D40/><U131/><E131/><RYUUKYOKU ba="0,0" sc="298,-15,126,15,153,-15,423,15" hai1="13,16,51,55,57,75,79,80,89,92,98,100,102" hai3="21,22,82,86,90,99,103" />
</Scene>
<Scene>
<INIT seed="7,1,0,0,4,84" ten="283,141,138,438" oya="3" hai0="57,90,98,86,115,6,37,134,97,10,114,40,111" hai1="32,31,0,109,100,65,23,4,82,45,33,124,105" hai2="67,17,58,76,83,42,110,80,38,16,13,29,71" hai3="44,92,27,79,119,113,129,120,99,101,62,12,14"/><W127/><G120/><T135/><D111/><U41/><E23/><N who="2" m="11663" /><F71/><W34/><G113/><N who="0" m="43019" /><D57/><U95/><E105/><V50/><F38/><W46/><G62/><T77/><D40/><U106/><E106/><V72/><F72/><W126/><G129/><T93/><D37/><U53/><E109/><V64/><F110/><W20/><G119/><T43/><D43/><U74/><E33/><V112/><F112/><W130/><G130/><T63/><D63/><U89/><E32/><V66/><F29/><W55/><G55/><T117/><D117/><U51/><E31/><V59/><F17/><W8/><G34/><T60/><D60/><U69/><E69/><V21/><F21/><W123/><G123/><T104/><D6/><U18/><E18/><V54/><F42/><W25/><G44/><T2/><D2/><U116/><E116/><V81/><F76/><W102/><G46/><AGARI ba="1,0" hai="46,50,54,58,59,64,66,67,80,81,83" m="11663" machi="46" ten="30,2000,0" yaku="8,1,54,1" doraHai="84" who="2" fromWho="3" sc="283,0,141,0,138,23,438,-23" owari="283,8.0,141,-36.0,161,-24.0,415,52.0" />
</Scene>
</mjloggm>