<mjloggm ver="2.3"><GO type="169" lobby="0"/><UN n0="%E3%82%89%E3%81%84%E3%81%B5%E3%81%8C%E3%83%BC%E3%81%A9%E3%81%99%E3%81%8D" n1="%E9%81%8B%E3%81%8C%E3%81%BB%E3%81%BC%E5%85%A8%E3%81%A6" n2="%E5%A4%AA%E3%81%8F%E3%81%AA%E3%81%84%E3%81%8A" n3="%E3%82%B8%E3%82%A7%E3%83%B3%E3%83%88" dan="17,16,17,16" rate="2154.27,2133.21,2207.43,2086.65" sx="M,M,M,M"/><TAIKYOKU oya="0"/>

<Scene>
<INIT seed="0,0,0,1,5,27" ten="250,250,250,250" oya="0" hai0="44,53,5,72,66,80,114,91,42,78,113,108,7" hai1="17,38,18,133,33,117,0,31,8,89,70,94,88" hai2="129,65,131,83,52,118,3,130,127,103,1,62,128" hai3="56,99,116,58,105,115,86,90,107,122,102,95,50"/><T119/><D119/><U121/><E117/><V20/><N who="2" m="33280" /><DORA hai="43" /><V81/><F118/><W111/><G116/><T25/><D66/><U132/><E121/><V28/><F127/><W9/><G115/><T2/><D108/><U4/><E70/><V36/><F36/><W57/><G111/><T32/><D53/><U98/><E38/><V126/><F103/><W67/><G122/><T64/><D64/><U84/><E33/><V37/><F37/><W41/><G9/><N who="0" m="2231" /><D91/><U124/><E31/><V14/><F126/><W82/><REACH who="3" step="1"/><G67/><REACH who="3" ten="250,250,250,240" step="2"/><T22/><D113/><U45/><E124/><V61/><F65/><W100/><G100/><T30/><D114/><U12/><E133/><V59/><F62/><W51/><G51/><T11/><D11/><U19/><E132/><V96/><F1/><W97/><G97/><T40/><D7/><U71/><E4/><V29/><F3/><W125/><G125/><T35/><D32/><U77/><E0/><V123/><F123/><W76/><G76/><T60/><D35/><U15/><E77/><V24/><F96/><W49/><G49/><T39/><D78/><U47/><E8/><V63/><F63/><W48/><G48/><T104/><D39/><U21/><E71/><V101/><F101/><W46/><AGARI ba="0,1" hai="41,46,50,56,57,58,82,86,90,95,99,102,105,107" machi="46" ten="30,12000,2" yaku="1,1,0,1,52,1,53,3" doraHai="27,43" doraHaiUra="55,75" who="3" fromWho="3" sc="250,-60,250,-30,250,-30,240,130" />
</Scene>
<Scene>
<INIT seed="1,0,0,0,4,36" ten="190,220,220,370" oya="1" hai0="108,125,73,32,130,115,131,103,61,71,107,19,4" hai1="44,98,96,24,25,62,53,85,42,59,58,99,1" hai2="111,18,91,117,106,66,43,55,118,70,114,21,121" hai3="16,72,120,11,97,101,128,127,29,135,81,129,20"/><U126/><E1/><V109/><F106/><W100/><G29/><T7/><D115/><U15/><E126/><V31/><F31/><W77/><G120/><T39/><D125/><U132/><E132/><V28/><F28/><W23/><G127/><T37/><D108/><N who="2" m="41546" /><F91/><W92/><G101/><T30/><D73/><U79/><E15/><V17/><F17/><W45/><G135/><T86/><D86/><U3/><E3/><V122/><F18/><W113/><G113/><T102/><D19/><U33/><E33/><V63/><F21/><W41/><G11/><T93/><D107/><U26/><E59/><V38/><F55/><W75/><G75/><T12/><D12/><U94/><E79/><V46/><F114/><W95/><G95/><T6/><D30/><U56/><E85/><V119/><AGARI ba="0,0" hai="38,43,46,63,66,70,117,118,119,121,122" m="41546" machi="119" ten="40,8000,1" yaku="14,1,23,1,34,2,52,1" doraHai="36" who="2" fromWho="2" sc="190,-20,220,-40,220,80,370,-20" />
</Scene>
<Scene>
<INIT seed="2,0,0,5,1,19" ten="170,180,300,350" oya="2" hai0="84,13,2,79,103,95,125,23,29,43,109,118,83" hai1="70,105,80,0,20,8,41,37,38,57,1,107,127" hai2="32,68,44,119,115,5,48,45,86,111,131,99,34" hai3="3,31,112,134,15,36,102,108,106,89,120,135,132"/><V128/><F115/><W123/><G36/><T39/><D2/><U60/><E70/><V93/><F119/><W71/><G3/><T87/><D118/><U97/><E127/><V35/><F68/><W104/><G71/><T14/><D125/><U65/><E80/><V59/><F5/><W58/><G31/><T50/><D39/><U7/><E1/><V16/><F86/><W124/><G15/><T117/><D117/><U11/><E11/><V17/><F59/><W76/><G58/><T110/><D14/><U64/><E64/><V28/><F28/><W18/><G18/><N who="2" m="7273" /><F48/><W121/><G124/><T42/><D13/><U78/><E78/><V91/><F111/><W129/><G108/><T126/><D126/><U4/><E7/><V88/><F91/><W69/><G69/><T25/><D110/><U63/><E57/><V66/><F66/><W82/><G89/><N who="0" m="53695" /><D109/><U94/><E0/><V90/><F90/><W72/><G112/><T113/><D113/><U122/><E38/><V46/><F34/><W92/><REACH who="3" step="1"/><G129/><REACH who="3" ten="170,180,300,340" step="2"/><N who="2" m="49737" /><F32/><W10/><G10/><T27/><D29/><U114/><E8/><V24/><F35/><W52/><G52/><T53/><D53/><U75/><E37/><V85/><F24/><W51/><G51/><T130/><D50/><U26/><E26/><V21/><F99/><AGARI ba="0,1" hai="72,76,82,92,99,102,104,106,120,121,123,132,134,135" machi="99" ten="50,8000,1" yaku="1,1,20,1,34,3,53,0" doraHai="19" doraHaiUra="9" who="3" fromWho="2" sc="170,0,180,0,300,-80,340,90" />
</Scene>
<Scene>
<INIT seed="3,0,0,2,3,67" ten="170,180,220,430" oya="3" hai0="16,1,18,127,113,63,129,48,34,108,52,23,2" hai1="22,133,20,121,117,5,42,85,29,76,124,57,130" hai2="69,50,104,123,132,115,114,71,4,41,10,74,31" hai3="65,72,83,66,11,44,8,126,3,47,80,79,53"/><W49/><G126/><T7/><D34/><U51/><E121/><V122/><F74/><W61/><G47/><T45/><D127/><U12/><E124/><V60/><F104/><W100/><G3/><T54/><D108/><U70/><E133/><V105/><F105/><W86/><G100/><T101/><D101/><U81/><E130/><V112/><F31/><W19/><G19/><T62/><D129/><U89/><E70/><N who="2" m="26635" /><F10/><W35/><G35/><T111/><D113/><U28/><E117/><V134/><F4/><W46/><G46/><T125/><D111/><U118/><E118/><V38/><F38/><W36/><G36/><T21/><D125/><U0/><E0/><V13/><F13/><W87/><G72/><T68/><D7/><U33/><E33/><V128/><F128/><W99/><G99/><T102/><D102/><U90/><E5/><V116/><F116/><W9/><G61/><T43/><D1/><U6/><E12/><V131/><F131/><W59/><REACH who="3" step="1"/><G44/><REACH who="3" ten="170,180,220,420" step="2"/><T24/><D2/><U135/><E29/><V109/><F60/><N who="0" m="23082" /><D68/><U107/><E28/><V64/><F109/><W98/><G98/><T73/><D73/><U55/><E6/><V75/><F75/><W82/><G82/><T14/><AGARI ba="0,1" hai="14,16,18,21,23,24,43,45,48,52,54" m="23082" machi="14" ten="30,4000,0" yaku="8,1,54,2" doraHai="67" who="0" fromWho="0" sc="170,50,180,-10,220,-10,420,-20" />
</Scene>
<Scene>
<INIT seed="4,0,0,1,0,32" ten="220,170,210,400" oya="0" hai0="36,56,10,64,101,66,35,78,123,131,113,106,73" hai1="19,76,75,42,51,91,16,54,87,108,43,63,100" hai2="104,103,128,58,99,132,130,9,97,46,96,135,120" hai3="118,18,20,3,124,21,81,114,2,52,40,82,67"/><T110/><D123/><U12/><E108/><V90/><F58/><W89/><G118/><T29/><D113/><U0/><E0/><V119/><F46/><W25/><G124/><T33/><D110/><U62/><E100/><V5/><F120/><W121/><G121/><T34/><D131/><N who="2" m="50218" /><F119/><W28/><G40/><N who="1" m="15402" /><E76/><V48/><F48/><W55/><G67/><T80/><D36/><U127/><E75/><V7/><F7/><W109/><G109/><T31/><D10/><N who="1" m="6167" /><E19/><V117/><F117/><W60/><G82/><T23/><D23/><U61/><E127/><V44/><F44/><W6/><G6/><T122/><D122/><U8/><E8/><V53/><F53/><W4/><G4/><T37/><D37/><U24/><E24/><V41/><F41/><W39/><G55/><T116/><D116/><U65/><E65/><V17/><F17/><W129/><G39/><T22/><D66/><U77/><E77/><V88/><F103/><W69/><G21/><T112/><D22/><U26/><E26/><V93/><F104/><W126/><G20/><T38/><D38/><U15/><E15/><N who="2" m="5551" /><F90/><W102/><G102/><T115/><D101/><U13/><E13/><V1/><F1/><W84/><G3/><T95/><D106/><U83/><E61/><V49/><F49/><W47/><G2/><T133/><D112/><U74/><E74/><V92/><F88/><W45/><G114/><T57/><D115/><U111/><E111/><V70/><F70/><W107/><G69/><T50/><D73/><U68/><E68/><V59/><F59/><AGARI ba="0,0" hai="51,54,59,62,63,83,87,91" m="6167,15402" machi="59" ten="30,2000,0" yaku="8,1,54,1" doraHai="32" who="1" fromWho="2" sc="220,0,170,20,210,-20,400,0" />
</Scene>
<Scene>
<INIT seed="5,0,0,2,0,54" ten="220,190,190,400" oya="1" hai0="22,120,20,47,134,123,85,128,125,81,115,99,116" hai1="87,21,118,129,8,38,64,126,84,62,9,133,45" hai2="100,111,36,110,6,63,0,91,25,61,29,35,95" hai3="88,37,93,43,46,130,26,82,132,89,18,79,42"/><U14/><E118/><V3/><F36/><W32/><G132/><T48/><D116/><U92/><E129/><V106/><F63/><W31/><G130/><T66/><D115/><U113/><E126/><V108/><F6/><W135/><G135/><T7/><D125/><U102/><E133/><V78/><F78/><W74/><G42/><N who="0" m="24695" /><D128/><U65/><E113/><V121/><F121/><N who="0" m="46666" /><D134/><U34/><E34/><V57/><F106/><W23/><G93/><T109/><D109/><U53/><E92/><V76/><F76/><W10/><G10/><T117/><D117/><U11/><E9/><V104/><F100/><W13/><AGARI ba="0,0" hai="13,18,23,26,31,32,37,43,46,74,79,82,88,89" machi="13" ten="20,2700,0" yaku="0,1,7,1,54,1" doraHai="54" who="3" fromWho="3" sc="220,-7,190,-13,190,-7,400,27" />
</Scene>
<Scene>
<INIT seed="6,0,0,0,0,93" ten="213,177,183,427" oya="2" hai0="13,77,39,121,111,115,74,89,70,7,52,15,64" hai1="71,125,104,112,8,16,108,49,92,84,51,103,53" hai2="94,122,54,90,14,119,123,133,58,131,36,130,102" hai3="85,34,40,46,43,96,1,50,18,47,106,107,11"/><V6/><F119/><W57/><G34/><T87/><D111/><U23/><E71/><V118/><F118/><W132/><G132/><T48/><D39/><U81/><E108/><V3/><F3/><W79/><G57/><T114/><D121/><U29/><E104/><V55/><F36/><W135/><G135/><T37/><D37/><U80/><E112/><V38/><F102/><W42/><G106/><T27/><D27/><U20/><E125/><V98/><F38/><W100/><G47/><T44/><D77/><U78/><E8/><N who="2" m="4375" /><F133/><W127/><G127/><T82/><D74/><U41/><E41/><V68/><F68/><W17/><G1/><T113/><D7/><U124/><E124/><V24/><F24/><W129/><G129/><N who="2" m="49161" /><F54/><N who="3" m="30039" /><G11/><T134/><D134/><U72/><E53/><V12/><F12/><W60/><G107/><T101/><D101/><U25/><E103/><V26/><F26/><W83/><G60/><AGARI ba="0,0" hai="13,15,44,48,52,60,64,70,82,87,89,113,114,115" machi="60" ten="40,2600,0" yaku="15,1,54,1" doraHai="93" who="0" fromWho="3" sc="213,26,177,0,183,0,427,-26" /><AGARI ba="0,0" hai="55,58,60,90,94,98,122,123" m="49161,4375" machi="60" ten="30,2900,0" yaku="19,1,52,1" doraHai="93" who="2" fromWho="3" sc="239,0,177,0,183,29,401,-29" />
</Scene>
<Scene>
<INIT seed="6,1,0,0,2,94" ten="239,177,212,372" oya="2" hai0="63,36,49,45,34,20,107,66,98,15,132,114,91" hai1="11,74,108,77,17,51,101,23,27,69,22,31,59" hai2="105,109,93,79,87,1,46,58,119,50,14,57,21" hai3="29,71,25,42,30,86,56,97,131,100,28,16,111"/><V127/><F105/><W39/><G111/><T44/><D34/><U76/><E69/><V123/><F1/><W104/><G71/><T67/><D36/><U95/><E108/><V12/><F109/><W52/><G131/><T133/><D114/><U126/><E126/><V135/><F119/><W78/><G42/><T55/><D44/><U75/><E75/><V19/><F123/><W85/><G39/><T113/><D113/><U92/><E74/><V33/><F33/><W65/><G65/><T88/><D66/><U96/><E11/><V90/><F127/><W128/><G78/><T13/><D20/><U80/><E80/><N who="2" m="47519" /><F14/><W2/><G2/><T122/><D15/><U37/><E37/><V120/><F135/><N who="0" m="51786" /><D13/><N who="1" m="9519" /><E95/><V125/><F120/><W89/><G89/><T10/><D10/><U4/><E4/><V82/><F82/><W48/><G128/><T68/><D122/><U129/><E129/><V73/><F73/><W40/><G40/><T5/><D5/><U106/><E106/><V118/><F118/><W102/><REACH who="3" step="1"/><G100/><AGARI ba="1,0" hai="45,49,55,63,67,68,88,91,98,100,107" m="51786" machi="100" ten="30,3900,0" yaku="20,1,52,1,54,1" doraHai="94" who="0" fromWho="3" sc="239,42,177,0,212,0,372,-42" />
</Scene>
<Scene>
<INIT seed="7,0,0,3,3,119" ten="281,177,212,330" oya="3" hai0="79,46,26,28,17,59,48,101,96,75,0,43,83" hai1="20,34,93,24,84,129,50,132,76,22,89,85,68" hai2="21,88,118,90,86,114,30,25,36,41,105,67,18" hai3="71,111,126,104,19,135,11,37,49,123,87,53,113"/><W102/><G123/><T32/><D0/><U121/><E121/><V117/><F105/><W95/><G113/><T61/><D17/><U120/><E68/><V16/><F114/><W57/><G71/><T110/><D110/><U99/><E132/><V82/><F67/><W56/><G37/><T115/><D115/><U65/><E65/><V58/><F58/><N who="3" m="33071" /><G104/><T54/><D96/><U29/><E129/><V10/><F90/><N who="3" m="53727" /><G126/><T98/><D98/><U55/><E120/><V1/><F18/><W45/><G45/><T72/><D101/><U127/><E127/><V4/><REACH who="2" step="1"/><F30/><REACH who="2" ten="281,177,202,330" step="2"/><W124/><G124/><T9/><REACH who="0" step="1"/><D9/><REACH who="0" ten="271,177,202,330" step="2"/><U52/><E29/><V51/><F51/><W116/><G11/><T5/><D5/><U33/><E50/><V125/><F125/><W8/><G19/><T103/><D103/><U70/><E99/><V106/><F106/><W112/><G8/><T31/><D31/><U100/><E100/><V13/><F13/><W15/><G15/><T130/><D130/><U91/><E91/><V7/><F7/><W108/><G112/><T66/><D66/><U128/><E89/><V122/><F122/><W78/><G102/><T64/><D64/><U38/><E128/><V14/><F14/><W80/><G108/><T63/><D63/><U42/><E70/><V109/><F109/><W6/><G111/><T62/><D62/><U39/><E76/><V77/><F77/><W44/><G6/><T69/><D69/><U3/><E3/><V74/><F74/><AGARI ba="0,2" hai="26,28,32,43,46,48,54,59,61,72,74,75,79,83" machi="74" ten="30,2000,0" yaku="1,1,7,1,53,0" doraHai="119" doraHaiUra="12" who="0" fromWho="2" sc="271,40,177,0,202,-20,330,0" owari="311,11.0,177,-32.0,182,-22.0,330,43.0" />
</Scene>
</mjloggm>