<mjloggm ver="2.3"><GO type="169" lobby="0"/><UN n0="%E5%A5%88%E8%90%BD%E3%81%AE%E7%8E%8B" n1="%E3%82%81%E3%82%8D%E3%82%93%E3%81%9D%E3%83%BC%E3%81%A0" n2="%E5%A4%AA%E3%81%8F%E3%81%AA%E3%81%84%E3%81%8A" n3="%79%6F%73%68%69%67%69" dan="16,16,17,16" rate="2119.53,2113.18,2182.09,2094.94" sx="M,F,M,M"/><TAIKYOKU oya="0"/>

<Scene>
<INIT seed="0,0,0,5,4,51" ten="250,250,250,250" oya="0" hai0="5,6,100,116,34,105,110,42,46,121,67,95,114" hai1="69,15,74,19,48,131,60,23,2,61,7,10,96" hai2="99,31,111,22,83,66,130,36,133,55,89,93,134" hai3="118,18,123,103,106,13,132,90,84,82,57,97,120"/><T58/><D114/><U115/><E74/><V62/><F36/><W79/><G118/><T63/><D116/><U0/><E115/><V71/><F111/><W77/><G57/><T14/><D105/><U113/><E113/><V37/><F37/><W29/><G29/><T24/><D121/><N who="3" m="46665" /><G132/><N who="2" m="50793" /><F130/><W68/><G68/><T4/><D110/><U33/><E131/><V92/><F83/><W65/><G65/><T102/><D14/><U8/><E69/><V94/><F55/><W50/><G50/><T20/><D34/><U38/><E38/><V119/><F119/><W78/><G13/><T125/><D125/><U43/><E33/><V128/><F128/><W28/><G28/><T45/><D42/><U30/><E30/><V16/><F31/><W26/><G26/><AGARI ba="0,0" hai="16,22,26,62,66,71,89,92,93,94,99" m="50793" machi="26" ten="30,2000,0" yaku="20,1,54,1" doraHai="51" who="2" fromWho="3" sc="250,0,250,0,250,20,250,-20" />
</Scene>
<Scene>
<INIT seed="1,0,0,4,3,119" ten="250,250,270,230" oya="1" hai0="27,48,116,33,60,1,120,67,47,4,54,38,25" hai1="35,29,46,64,92,30,127,52,132,114,22,12,82" hai2="14,84,110,128,74,86,58,88,7,24,28,115,66" hai3="57,53,71,56,23,15,32,19,103,42,9,50,118"/><U133/><E114/><V2/><F74/><W89/><G118/><T36/><D116/><U11/><E35/><V95/><F2/><W77/><G71/><T87/><D1/><U21/><E64/><V98/><F115/><W18/><G32/><T41/><D4/><N who="1" m="3175" /><E92/><V122/><F128/><W40/><G103/><T45/><D33/><U62/><E82/><V37/><F37/><W105/><G105/><T63/><D87/><U16/><E127/><V123/><F7/><W39/><G77/><T75/><D75/><U20/><E16/><V78/><F14/><W65/><G39/><N who="0" m="21695" /><D27/><U131/><E131/><V85/><F78/><W61/><REACH who="3" step="1"/><G89/><REACH who="3" ten="250,250,270,220" step="2"/><T97/><D38/><U81/><E133/><V99/><F110/><W3/><G3/><T101/><D36/><U134/><E132/><V130/><F130/><W124/><G124/><T59/><D101/><U31/><E134/><V43/><F43/><W100/><G100/><T117/><D117/><U109/><E109/><V91/><F91/><W102/><G102/><T113/><D113/><U111/><E111/><V68/><F68/><W83/><G83/><T107/><D107/><U96/><E81/><V26/><F88/><W94/><G94/><T79/><D79/><U80/><E80/><V135/><F135/><W112/><G112/><T72/><D72/><U90/><E90/><V126/><F126/><W34/><G34/><T17/><D97/><N who="2" m="36874" /><F95/><W121/><G121/><T55/><D120/><U49/><E96/><V8/><F122/><W129/><G129/><T108/><D108/><U106/><E106/><V44/><F123/><RYUUKYOKU ba="0,1" sc="250,-15,250,15,270,-15,220,15" hai1="20,21,22,29,30,31,46,49,52,62" hai3="9,15,18,19,23,40,42,50,53,56,57,61,65" />
</Scene>
<Scene>
<INIT seed="1,1,1,0,1,22" ten="235,265,255,235" oya="1" hai0="117,66,15,52,47,6,56,8,46,11,114,3,129" hai1="127,35,26,63,111,78,69,93,76,1,94,23,20" hai2="29,88,41,24,60,12,73,96,4,132,32,43,25" hai3="95,100,74,65,30,21,122,125,27,48,81,61,131"/><U71/><E1/><V38/><F73/><W9/><G122/><T109/><D114/><U85/><E35/><V34/><F132/><W130/><G125/><T28/><D117/><U10/><E127/><V18/><F4/><W75/><G9/><T72/><D72/><U67/><E71/><V59/><F38/><W116/><G48/><T103/><D66/><U5/><E111/><V70/><F70/><W102/><G116/><T45/><D109/><U135/><E20/><V79/><F79/><W51/><G51/><T42/><D129/><N who="3" m="49161" /><G81/><T120/><D120/><U49/><E49/><V97/><F97/><N who="3" m="59455" /><G102/><T133/><D133/><U119/><E135/><V126/><F126/><W77/><G77/><T101/><D42/><U113/><E78/><V2/><F2/><W82/><G82/><T115/><D115/><U105/><E113/><V54/><F96/><W99/><G99/><T17/><REACH who="0" step="1"/><D28/><REACH who="0" ten="225,265,255,235" step="2"/><N who="1" m="17503" /><E119/><V134/><F134/><W13/><G13/><T108/><D108/><U110/><E110/><V91/><F41/><W123/><G123/><T44/><N who="0" m="11264" /><DORA hai="39" /><T58/><D58/><AGARI ba="1,2" hai="21,27,30,58,61,65,74,75" m="59455,49161" machi="58" ten="30,3900,0" yaku="25,1,19,1,52,1" doraHai="22,39" who="3" fromWho="0" sc="225,-42,265,0,255,0,235,62" />
</Scene>
<Scene>
<INIT seed="2,0,0,0,2,134" ten="183,265,255,297" oya="2" hai0="40,129,102,2,100,61,108,43,124,113,35,75,24" hai1="96,0,132,111,57,29,21,73,15,107,88,47,7" hai2="13,63,110,18,62,103,50,55,27,45,85,91,98" hai3="74,28,126,114,119,39,32,128,14,46,12,3,31"/><V68/><F110/><W20/><G119/><T131/><D75/><U118/><E73/><V30/><F68/><W34/><G74/><T42/><D2/><U38/><E118/><V52/><F55/><W69/><G69/><T87/><D113/><U112/><E112/><V122/><F122/><W59/><G114/><T70/><D108/><U4/><E0/><V17/><F30/><N who="3" m="11307" /><G59/><T44/><D24/><U6/><E132/><V48/><F48/><W25/><G46/><T101/><D35/><N who="3" m="13353" /><G39/><T120/><D120/><U92/><E111/><V81/><F27/><W37/><G37/><T105/><D105/><U80/><E107/><V11/><F18/><N who="3" m="12439" /><G128/><N who="0" m="49227" /><D44/><U83/><E57/><V125/><F125/><W10/><G126/><T56/><D70/><U97/><E97/><V1/><F1/><W95/><G95/><AGARI ba="0,0" hai="11,13,17,45,50,52,62,63,81,85,91,95,98,103" machi="95" ten="30,12000,1" yaku="7,1,25,2,8,1,54,1" doraHai="134" who="2" fromWho="3" sc="183,0,265,0,255,120,297,-120" />
</Scene>
<Scene>
<INIT seed="2,1,0,0,0,46" ten="183,265,375,177" oya="2" hai0="122,99,82,107,64,55,72,87,40,65,117,27,79" hai1="17,69,38,132,129,131,10,23,12,45,133,84,59" hai2="0,75,62,8,25,124,115,35,13,42,18,56,9" hai3="7,81,50,130,21,111,34,88,119,102,1,92,53"/><V127/><F75/><W30/><G119/><T76/><D122/><U128/><E69/><V125/><F115/><W31/><G111/><T106/><D40/><N who="1" m="22679" /><E84/><V15/><F42/><W103/><G130/><T32/><D117/><U113/><E113/><V98/><F98/><W121/><G121/><T6/><D6/><N who="1" m="3159" /><E59/><V135/><F135/><W96/><G34/><T78/><D72/><U63/><E63/><V116/><F116/><W33/><G33/><T114/><D114/><U39/><E39/><V61/><F0/><W28/><G21/><T19/><D99/><U70/><E70/><V71/><F71/><W20/><G20/><T110/><D110/><U89/><E89/><V100/><F100/><W44/><REACH who="3" step="1"/><G81/><REACH who="3" ten="183,265,375,167" step="2"/><T2/><D32/><U120/><E120/><V14/><F35/><W22/><G22/><T3/><D82/><U4/><E133/><V52/><F25/><W54/><G54/><T74/><D55/><U85/><E132/><V134/><F134/><W16/><G16/><T68/><D19/><U48/><E17/><N who="2" m="8359" /><F14/><W86/><G86/><T83/><D27/><U108/><E85/><V43/><F43/><W66/><G66/><T77/><D74/><U105/><E108/><V94/><F18/><W5/><G5/><T101/><D65/><U80/><E23/><V26/><F15/><W49/><G49/><T123/><D123/><U51/><E4/><V112/><F112/><W90/><G90/><T47/><D2/><U118/><E118/><V109/><F109/><W37/><G37/><T24/><D3/><U11/><E129/><V67/><F67/><RYUUKYOKU ba="1,1" sc="183,-10,265,-10,375,-10,167,30" hai3="1,7,28,30,31,44,50,53,88,92,96,102,103" />
</Scene>
<Scene>
<INIT seed="3,2,1,4,3,90" ten="173,255,365,197" oya="3" hai0="38,94,70,122,51,65,67,95,10,18,107,104,132" hai1="126,36,93,97,117,113,12,8,89,34,80,78,19" hai2="29,30,9,55,119,71,61,88,47,101,50,86,24" hai3="3,63,16,118,48,40,103,66,114,43,64,57,1"/><W0/><G118/><T121/><D38/><U120/><E120/><V73/><F73/><W128/><G114/><T130/><D70/><U2/><E113/><V98/><F119/><W26/><G128/><T15/><D51/><U96/><E117/><V14/><F71/><W13/><G26/><T131/><D132/><U74/><E34/><V105/><F61/><W11/><G66/><T135/><D135/><U33/><E33/><V127/><F24/><W102/><REACH who="3" step="1"/><G48/><REACH who="3" ten="173,255,365,187" step="2"/><T4/><D67/><U22/><E36/><V7/><REACH who="2" step="1"/><F127/><REACH who="2" ten="173,255,355,187" step="2"/><W17/><G17/><T109/><D18/><U129/><E126/><V25/><F25/><W6/><G6/><T76/><D131/><U23/><E129/><V37/><F37/><W60/><G60/><T31/><D130/><U106/><E19/><V28/><F28/><W46/><G46/><T79/><D31/><U92/><E74/><V72/><F72/><W41/><AGARI ba="2,3" hai="0,1,3,11,13,16,40,41,43,57,63,64,102,103" machi="41" ten="40,7800,0" yaku="1,1,0,1,54,1,53,0" doraHai="90" doraHaiUra="125" who="3" fromWho="3" sc="173,-28,255,-28,355,-28,187,114" />
</Scene>
<Scene>
<INIT seed="3,3,0,1,4,76" ten="145,227,327,301" oya="3" hai0="15,124,134,71,28,36,98,45,23,107,108,115,90" hai1="99,133,42,128,7,43,16,17,97,57,21,96,106" hai2="120,32,2,117,53,125,75,132,11,61,88,37,54" hai3="27,105,118,87,70,109,41,56,85,119,9,104,130"/><W131/><G70/><T4/><D71/><U78/><E106/><N who="3" m="41066" /><G56/><T92/><D107/><U55/><E128/><N who="3" m="49194" /><G41/><T22/><D45/><U116/><E133/><V67/><F37/><W59/><G59/><T1/><D36/><U63/><E116/><N who="3" m="44586" /><G27/><T6/><D134/><U25/><E7/><V38/><F38/><W73/><G9/><T30/><D6/><U31/><E78/><V51/><F11/><W47/><G47/><T39/><D4/><U127/><E127/><V24/><F24/><W14/><G14/><T69/><D124/><U20/><E31/><V114/><F125/><W72/><G109/><T74/><D69/><U81/><E81/><V19/><F117/><W100/><G100/><T62/><D15/><AGARI ba="3,0" hai="15,16,17,20,21,25,42,43,55,57,63,96,97,99" machi="15" ten="40,2600,0" yaku="8,1,54,1" doraHai="76" who="1" fromWho="0" sc="145,-35,227,35,327,0,301,0" />
</Scene>
<Scene>
<INIT seed="4,0,0,2,5,9" ten="110,262,327,301" oya="0" hai0="67,123,88,112,16,25,6,59,101,54,48,94,132" hai1="134,89,127,98,129,61,65,32,131,113,4,78,104" hai2="114,96,31,44,64,57,135,3,119,74,26,46,111" hai3="18,1,38,81,14,107,122,8,110,27,34,11,99"/><T77/><D123/><U72/><E32/><V117/><F111/><W80/><G38/><T118/><D118/><N who="2" m="45066" /><F3/><W95/><G107/><T73/><D112/><U50/><E113/><V49/><F74/><W36/><G36/><T15/><D132/><U62/><E134/><V91/><F114/><W84/><G110/><T70/><D70/><U33/><E127/><V58/><F135/><W116/><G116/><T76/><D73/><U102/><E33/><N who="2" m="20727" /><F64/><W120/><G1/><T69/><D69/><U86/><E50/><V2/><F2/><W51/><G11/><N who="0" m="4599" /><D101/><U133/><E4/><V125/><F125/><W28/><G51/><T53/><D67/><U56/><E133/><V5/><F5/><W115/><G115/><T103/><D103/><U75/><E62/><V130/><F130/><N who="1" m="49673" /><E78/><V45/><F49/><W22/><G34/><T17/><D54/><U108/><E108/><V52/><F52/><W100/><REACH who="3" step="1"/><G81/><AGARI ba="0,0" hai="56,61,65,72,75,81,86,89,98,102,104" m="49673" machi="81" ten="30,1000,0" yaku="19,1" doraHai="9" who="1" fromWho="3" sc="110,0,262,10,327,0,301,-10" />
</Scene>
<Scene>
<INIT seed="5,0,0,5,4,57" ten="110,272,327,291" oya="1" hai0="121,73,102,51,22,7,82,20,1,13,11,43,86" hai1="14,118,134,66,80,27,126,3,41,71,116,74,38" hai2="124,2,18,103,28,67,105,70,8,64,56,44,114" hai3="37,6,53,39,60,122,34,107,100,115,19,23,97"/><U29/><E14/><V125/><F70/><W68/><G122/><T120/><D73/><U5/><E126/><N who="2" m="48747" /><F28/><W72/><G72/><T96/><D120/><U135/><E5/><N who="2" m="1079" /><F114/><W106/><G115/><T108/><D108/><U83/><E3/><V95/><F105/><W88/><G107/><T16/><D121/><U46/><E83/><V49/><F56/><W62/><G34/><T128/><D128/><U48/><E48/><V79/><F79/><W31/><G31/><T101/><D96/><U21/><E80/><V119/><F18/><W24/><G6/><T85/><D22/><U75/><E75/><V17/><F17/><W81/><G68/><T4/><D4/><U9/><E9/><V113/><F119/><W93/><G81/><T127/><D127/><U58/><E58/><V131/><F131/><W109/><G109/><T33/><D33/><U104/><E104/><V36/><F36/><W0/><G0/><T89/><REACH who="0" step="1"/><D86/><REACH who="0" ten="100,272,327,291" step="2"/><U129/><E74/><V42/><F113/><W35/><G35/><T25/><D25/><U12/><E129/><V52/><F42/><W65/><G65/><T63/><D63/><U92/><E66/><V45/><F67/><W90/><G62/><T50/><D50/><U61/><E61/><V26/><F64/><W30/><G60/><T69/><D69/><U112/><E71/><V99/><F26/><W117/><G24/><T59/><D59/><U47/><E112/><V110/><F110/><W15/><G97/><T77/><D77/><U10/><E27/><V32/><F32/><W132/><G39/><T78/><D78/><RYUUKYOKU ba="0,1" sc="100,15,272,-15,327,15,291,-15" hai0="1,7,11,13,16,20,43,51,82,85,89,101,102" hai2="44,45,49,52,95,99,103" />
</Scene>
<Scene>
<INIT seed="6,1,1,2,0,131" ten="115,257,342,276" oya="2" hai0="135,73,121,116,108,112,107,31,96,84,78,50,68" hai1="79,100,12,118,58,93,49,52,16,10,92,128,30" hai2="89,117,123,3,127,71,95,45,83,36,4,6,86" hai3="74,132,65,39,33,76,46,37,120,82,54,5,40"/><V115/><F117/><W57/><G120/><T109/><D31/><U1/><E118/><V23/><F123/><W64/><G33/><T56/><D50/><U19/><E1/><V35/><F35/><W91/><G39/><T81/><D56/><U130/><E30/><V55/><F71/><W72/><G72/><T97/><D68/><U51/><E79/><V17/><F115/><W87/><G5/><T43/><D43/><U2/><E2/><V111/><F127/><W14/><G14/><T85/><D121/><U28/><E28/><V41/><F111/><W0/><G0/><T102/><D116/><U7/><E49/><V27/><F3/><W134/><G54/><T61/><D61/><U34/><E34/><V106/><F106/><W8/><G8/><T59/><D59/><U98/><E93/><V26/><F26/><W60/><REACH who="3" step="1"/><G65/><REACH who="3" ten="115,257,342,266" step="2"/><T67/><D67/><U133/><E128/><V66/><F66/><W119/><G119/><T32/><D32/><U90/><E130/><V42/><F55/><W125/><G125/><T75/><D112/><U24/><E7/><V44/><F6/><W9/><G9/><T122/><D122/><U62/><E10/><V25/><F4/><W48/><G48/><T22/><D22/><U18/><E12/><V13/><F13/><W38/><G38/><T114/><D114/><U126/><E126/><V88/><F36/><W124/><G124/><T29/><D75/><U104/><E51/><V69/><F41/><W63/><G63/><T70/><D73/><U53/><E62/><V110/><F42/><W80/><AGARI ba="1,2" hai="37,40,46,57,60,64,74,76,80,82,87,91,132,134" machi="80" ten="30,8000,1" yaku="1,1,5,1,0,1,52,2,53,0" doraHai="131" doraHaiUra="113" who="3" fromWho="3" sc="115,-21,257,-21,342,-41,266,103" />
</Scene>
<Scene>
<INIT seed="7,0,0,3,2,62" ten="94,236,301,369" oya="3" hai0="111,52,25,133,104,89,49,85,58,8,122,134,19" hai1="40,41,54,0,103,27,130,42,68,13,106,119,31" hai2="77,9,98,44,117,83,56,132,128,2,12,1,50" hai3="105,75,113,101,79,63,60,99,80,18,94,32,115"/><W16/><G32/><T10/><D104/><U107/><E0/><V116/><F132/><W135/><G135/><T48/><D111/><U24/><E68/><V39/><F39/><W21/><G105/><T61/><D122/><U87/><E130/><V108/><F108/><W15/><G18/><T6/><D134/><U84/><E119/><V7/><F128/><W72/><G72/><T76/><D133/><U3/><E3/><V102/><F2/><W47/><G47/><T90/><D76/><U118/><E41/><V35/><F35/><W112/><AGARI ba="0,0" hai="15,16,21,60,63,75,79,80,94,99,101,112,113,115" machi="112" ten="30,6000,0" yaku="0,1,15,1,54,1" doraHai="62" who="3" fromWho="3" sc="94,-20,236,-20,301,-20,369,60" owari="74,-43.0,216,-18.0,281,8.0,429,53.0" />
</Scene>
</mjloggm>