<mjloggm ver="2.3"><GO type="169" lobby="0"/><UN n0="%E5%A4%AA%E3%81%8F%E3%81%AA%E3%81%84%E3%81%8A" n1="%E8%A3%8F%E6%8A%95%E3%81%92%E4%B8%80%E6%9C%AC" n2="%EF%BC%9D%E9%AB%98%E6%A9%8B%E3%83%91%E3%83%B3%E3%83%80%EF%BC%9D" n3="%E3%83%97%E3%83%AD%E3%82%AD%E3%82%B7%E3%83%BC" dan="18,16,16,16" rate="2268.16,2112.64,2126.45,2085.69" sx="F,M,M,M"/><TAIKYOKU oya="0"/>

<Scene>
<INIT seed="0,0,0,5,0,98" ten="250,250,250,250" oya="0" hai0="131,39,97,57,51,75,73,20,50,12,63,61,15" hai1="89,26,135,81,14,79,107,86,106,130,30,66,71" hai2="43,62,70,25,19,65,41,60,31,124,22,129,115" hai3="112,119,109,17,59,117,21,2,67,49,55,0,58"/><T80/><D39/><U125/><E71/><V64/><F115/><W91/><G112/><T45/><D131/><U85/><E66/><V90/><F124/><W108/><G91/><T94/><D80/><U9/><E125/><V122/><F122/><W104/><G104/><T36/><D36/><U87/><E135/><V28/><F129/><W3/><G67/><T126/><D126/><U113/><E130/><V133/><F133/><W42/><G42/><T123/><D123/><U56/><E113/><V18/><F90/><W99/><G99/><T7/><D7/><U32/><E86/><V78/><F78/><W132/><G58/><T82/><D82/><U84/><E87/><V134/><F134/><W23/><G132/><T6/><D6/><U118/><E118/><V54/><F54/><W13/><REACH who="3" step="1"/><G21/><REACH who="3" ten="250,250,250,240" step="2"/><T103/><D20/><U8/><E56/><V69/><F22/><W105/><G105/><T111/><D57/><U101/><E107/><V24/><AGARI ba="0,1" hai="18,19,24,25,28,31,41,43,60,62,64,65,69,70" machi="24" ten="25,3200,0" yaku="0,1,22,2" doraHai="98" who="2" fromWho="2" sc="250,-16,250,-8,250,42,240,-8" />
</Scene>
<Scene>
<INIT seed="1,0,0,5,1,85" ten="234,242,292,232" oya="1" hai0="11,59,42,13,15,2,84,65,53,34,68,95,1" hai1="45,96,104,36,99,16,8,20,32,88,10,5,87" hai2="117,62,48,114,72,12,101,109,92,37,110,52,28" hai3="93,126,47,89,129,73,39,74,9,17,70,66,86"/><U118/><E32/><V46/><F117/><W79/><G129/><T122/><D34/><U22/><E118/><V35/><F72/><W38/><G126/><T6/><D122/><U31/><E104/><V128/><F128/><W108/><G108/><N who="2" m="41577" /><F114/><W121/><G121/><T41/><D68/><U76/><E76/><V4/><F37/><W98/><G39/><T127/><D65/><U7/><E36/><V78/><F78/><W97/><G66/><T91/><D127/><U119/><E119/><V56/><F35/><W71/><G71/><T123/><D123/><U90/><E45/><V106/><F28/><W27/><G70/><T135/><D135/><U103/><E103/><V64/><F106/><W14/><G27/><T50/><REACH who="0" step="1"/><D15/><REACH who="0" ten="224,242,292,232" step="2"/><N who="1" m="9247" /><E31/><V23/><F12/><W19/><G73/><T51/><D51/><U75/><E75/><V120/><F120/><W107/><G74/><T60/><D60/><U94/><E22/><V26/><F23/><W100/><G38/><T49/><D49/><U77/><E77/><V81/><F48/><W25/><G79/><T116/><D116/><U40/><E40/><AGARI ba="0,1" hai="1,2,6,11,13,40,41,42,50,53,59,84,91,95" machi="40" ten="40,2600,0" yaku="1,1,52,1,53,0" doraHai="85" doraHaiUra="115" who="0" fromWho="1" sc="224,36,242,-26,292,0,232,0" />
</Scene>
<Scene>
<INIT seed="2,0,0,0,2,23" ten="260,216,292,232" oya="2" hai0="51,53,5,78,84,120,134,101,3,107,95,48,56" hai1="62,20,65,19,125,60,71,27,131,7,118,133,123" hai2="61,41,82,97,89,14,98,124,122,112,36,52,91" hai3="93,88,75,29,16,111,108,17,44,110,126,55,0"/><V4/><F122/><W109/><G0/><T130/><D120/><U45/><E118/><V128/><F112/><W35/><G126/><T47/><D107/><U114/><E114/><V83/><F124/><W87/><G75/><T106/><D106/><U37/><E123/><V9/><F36/><W54/><N who="3" m="27648" /><DORA hai="31" /><W127/><G127/><T135/><D130/><U6/><E125/><V117/><F41/><W13/><G44/><T129/><D129/><U22/><E131/><V11/><F128/><W121/><G121/><T79/><D5/><U105/><E105/><V80/><F117/><W85/><G85/><T119/><D3/><U57/><E133/><N who="0" m="50697" /><D119/><U50/><E37/><V70/><F9/><N who="3" m="6191" /><G17/><T102/><D78/><U94/><E94/><V132/><F70/><W43/><G43/><N who="0" m="24703" /><D95/><U104/><E104/><V10/><F10/><W76/><G76/><T74/><D74/><U8/><E8/><V67/><F132/><W2/><G2/><T66/><D66/><U68/><E20/><V26/><F67/><W18/><G18/><T72/><D84/><U42/><REACH who="1" step="1"/><E71/><REACH who="1" ten="260,206,292,232" step="2"/><V64/><F11/><W100/><G100/><T34/><D102/><U99/><E99/><V24/><F98/><W25/><AGARI ba="0,1" hai="25,29,35,54,55,87,88,93" m="6191,27648" machi="25" ten="60,8000,1" yaku="14,1,52,2,54,2" doraHai="23,31" who="3" fromWho="3" sc="260,-20,206,-20,292,-40,232,90" /><BYE who="1" />
</Scene>
<Scene>
<INIT seed="3,0,0,0,4,19" ten="240,186,252,322" oya="3" hai0="15,88,10,49,78,134,85,115,29,51,59,74,106" hai1="114,131,83,14,1,95,40,94,65,87,9,62,0" hai2="53,110,28,67,17,13,116,118,58,103,80,97,44" hai3="101,55,120,38,31,7,24,89,77,52,119,35,11"/><W69/><G120/><T91/><D106/><UN n1="%E8%A3%8F%E6%8A%95%E3%81%92%E4%B8%80%E6%9C%AC" /><U26/><E114/><V25/><F110/><W6/><G119/><T2/><D2/><U68/><E40/><V100/><F80/><W107/><G38/><T56/><D115/><U135/><E135/><V36/><F36/><W54/><G77/><T125/><D134/><U30/><E131/><V61/><F44/><W108/><G108/><T75/><D125/><U86/><E0/><V111/><F111/><W82/><G69/><T129/><D129/><U102/><E1/><V117/><F53/><W23/><G35/><T50/><D29/><U90/><E86/><V99/><F99/><W27/><G27/><T79/><D85/><U32/><REACH who="1" step="1"/><E102/><REACH who="1" ten="240,176,252,322" step="2"/><V45/><F103/><W104/><G101/><T37/><D37/><U93/><E93/><N who="2" m="58415" /><F118/><W20/><G107/><T128/><D128/><U72/><E72/><V130/><F130/><W66/><G104/><T126/><D126/><U105/><E105/><V122/><F117/><W76/><G76/><N who="0" m="29227" /><D74/><U34/><E34/><V112/><F116/><W43/><G43/><T57/><D75/><U5/><AGARI ba="0,1" hai="5,9,14,26,30,32,62,65,68,83,87,90,94,95" machi="5" ten="20,2700,0" yaku="1,1,0,1,7,1,53,0" doraHai="19" doraHaiUra="71" who="1" fromWho="1" sc="240,-7,176,37,252,-7,322,-13" />
</Scene>
<Scene>
<INIT seed="4,0,0,1,2,29" ten="233,213,245,309" oya="0" hai0="99,46,127,21,104,117,31,76,123,101,108,23,120" hai1="89,6,48,8,133,9,33,63,77,12,91,28,88" hai2="42,56,49,7,95,85,11,131,90,74,52,14,67" hai3="30,35,3,135,51,73,66,87,119,58,4,130,114"/><T112/><D117/><U68/><E77/><V110/><F110/><W47/><G73/><T134/><D108/><U126/><E126/><V44/><F131/><W75/><G75/><T92/><D127/><U64/><E133/><V71/><F74/><W5/><G114/><T129/><D112/><U72/><E72/><V107/><F107/><W80/><G3/><T55/><D134/><U43/><E43/><V106/><F106/><W100/><G100/><T109/><D129/><U97/><E48/><V16/><F71/><W27/><G119/><T38/><D109/><U59/><E68/><V1/><F67/><W53/><G130/><T111/><D111/><U26/><REACH who="1" step="1"/><E9/><REACH who="1" ten="233,203,245,309" step="2"/><V69/><F69/><W94/><G135/><T18/><D76/><U78/><E78/><V19/><F1/><W132/><G132/><T61/><D38/><AGARI ba="0,1" hai="7,11,14,16,19,38,42,44,49,52,56,85,90,95" machi="38" ten="30,3900,0" yaku="7,1,54,2" doraHai="29" who="2" fromWho="0" sc="233,-39,203,0,245,49,309,0" />
</Scene>
<Scene>
<INIT seed="5,0,0,1,1,51" ten="194,203,294,309" oya="1" hai0="66,130,115,95,63,113,111,86,120,116,10,77,62" hai1="108,20,8,114,128,76,21,61,12,129,1,133,98" hai2="101,90,118,79,16,42,84,32,70,64,35,28,22" hai3="46,78,82,69,65,7,93,34,36,60,124,102,97"/><U24/><E76/><V49/><F118/><W104/><G7/><T122/><D116/><U44/><E98/><V112/><F112/><N who="0" m="43082" /><D111/><U89/><E114/><V99/><F79/><W127/><G93/><T110/><D110/><U27/><E108/><V126/><F126/><W131/><G131/><N who="1" m="50250" /><E89/><V15/><F70/><W88/><G88/><N who="0" m="53655" /><D130/><U43/><E61/><N who="0" m="23049" /><D66/><U83/><E83/><V6/><F64/><W75/><G34/><T132/><D132/><U11/><E133/><V17/><F32/><W125/><G46/><T31/><D77/><U117/><E44/><V68/><F35/><W33/><G33/><T74/><D74/><U119/><E43/><V73/><F42/><W55/><G36/><T107/><D107/><U106/><E106/><V29/><F99/><W121/><G121/><N who="0" m="46699" /><D10/><N who="1" m="3627" /><E1/><V100/><F73/><W48/><G127/><T87/><D87/><U39/><E39/><V94/><F84/><W80/><G125/><T56/><D56/><U38/><E38/><V105/><F105/><W40/><G124/><T123/><N who="0" m="46707" /><T58/><DORA hai="81" /><D58/><U3/><E3/><V2/><F2/><W92/><G82/><T53/><D31/><N who="1" m="17799" /><E12/><V0/><F15/><W103/><G104/><T57/><D57/><U25/><E25/><V71/><F0/><W67/><G78/><T9/><D9/><U134/><E134/><V50/><F71/><W19/><G69/><T47/><D47/><U52/><E52/><AGARI ba="0,0" hai="52,53" m="46707,23049,53655,43082" machi="52" ten="50,12000,2" yaku="15,1,13,1,52,3,54,2" doraHai="51,81" who="0" fromWho="1" sc="194,120,203,-120,294,0,309,0" />
</Scene>
<Scene>
<INIT seed="6,0,0,5,1,129" ten="314,83,294,309" oya="2" hai0="16,32,124,125,98,4,33,126,44,79,64,47,84" hai1="101,63,55,52,123,9,119,78,80,26,107,7,35" hai2="112,115,130,24,29,87,31,91,18,122,117,39,120" hai3="51,110,71,41,38,100,132,75,118,11,20,103,106"/><V57/><F39/><W23/><G110/><T99/><D4/><U62/><E119/><V37/><F37/><W121/><G118/><T58/><D79/><U22/><E123/><N who="2" m="47147" /><F117/><W105/><G121/><T42/><D84/><U21/><E35/><N who="0" m="13385" /><D16/><U92/><E107/><V5/><F130/><W66/><G38/><N who="0" m="21591" /><D47/><U113/><E113/><N who="2" m="43595" /><F57/><W69/><G11/><T2/><D2/><U95/><E80/><N who="2" m="49639" /><F5/><W81/><G81/><T82/><D82/><U116/><E116/><V10/><F10/><W45/><G69/><T89/><D89/><U0/><E7/><V108/><F108/><W74/><G71/><T72/><D72/><U76/><E9/><V40/><F40/><W60/><G75/><T94/><D94/><U13/><E0/><V48/><F48/><W102/><G74/><T49/><D49/><U36/><E36/><V96/><F96/><W83/><G83/><T8/><D8/><U86/><E86/><V46/><F46/><W88/><G45/><T50/><D50/><U3/><E3/><V77/><F77/><W17/><G51/><T133/><D98/><U43/><E43/><V68/><F68/><W15/><G41/><T19/><D99/><U12/><REACH who="1" step="1"/><E26/><REACH who="1" ten="314,73,294,309" step="2"/><V1/><F1/><W6/><G6/><T61/><D125/><U28/><E28/><V90/><F90/><W109/><G88/><T135/><D124/><U59/><E59/><V85/><F85/><W111/><G109/><T127/><D126/><U30/><E30/><V134/><F31/><W73/><G111/><T56/><D127/><U128/><E128/><V54/><F29/><RYUUKYOKU ba="0,1" sc="314,-10,73,30,294,-10,309,-10" hai1="12,13,21,22,52,55,62,63,76,78,92,95,101" />
</Scene>
<Scene>
<INIT seed="7,1,1,2,4,31" ten="304,103,284,299" oya="3" hai0="84,42,112,5,39,126,124,2,26,79,27,129,18" hai1="70,107,4,73,114,23,83,51,77,100,134,22,58" hai2="68,75,120,46,55,115,94,14,90,36,118,59,89" hai3="45,87,8,72,131,24,121,123,109,37,106,88,49"/><W92/><G72/><T64/><D129/><U80/><E70/><V103/><F118/><W13/><G106/><T62/><D112/><U33/><E114/><V11/><F75/><W54/><G131/><T25/><D5/><U81/><E134/><V56/><F68/><W74/><G74/><T130/><D2/><U34/><E4/><N who="2" m="3431" /><F36/><W117/><G117/><T44/><D130/><U10/><E10/><V108/><F108/><W66/><G109/><T113/><D113/><U85/><E107/><V20/><F120/><W135/><G135/><T111/><D111/><U17/><E100/><V78/><F78/><W119/><G119/><T32/><D32/><U30/><E30/><V97/><F115/><W61/><G24/><T6/><D6/><U128/><E128/><V71/><F71/><W86/><G37/><T101/><D101/><U69/><E69/><V28/><F46/><W21/><G21/><N who="0" m="13495" /><D62/><U110/><E110/><V133/><F133/><W57/><REACH who="3" step="1"/><G87/><REACH who="3" ten="304,103,284,289" step="2"/><T3/><D84/><U127/><E127/><V96/><F96/><W41/><G41/><T43/><D43/><U91/><E81/><V0/><F0/><W125/><G125/><T132/><D3/><U47/><E58/><N who="2" m="22059" /><F55/><W19/><AGARI ba="1,2" hai="8,13,19,45,49,54,57,61,66,86,88,92,121,123" machi="19" ten="20,12000,1" yaku="1,1,0,1,7,1,54,1,53,1" doraHai="31" doraHaiUra="48" who="3" fromWho="3" sc="304,-41,103,-41,284,-41,289,143" owari="263,6.0,62,-44.0,243,-16.0,432,54.0" />
</Scene>
</mjloggm>