<mjloggm ver="2.3"><GO type="169" lobby="0"/><UN n0="%E3%81%8B%E3%81%8D" n1="%E5%A4%AA%E3%81%8F%E3%81%AA%E3%81%84%E3%81%8A" n2="%E3%80%90%E6%B8%9A%E6%A5%93%E3%80%91" n3="%4C%53%E9%99%BD" dan="16,18,16,16" rate="2059.41,2209.01,2134.45,2037.33" sx="M,M,F,M"/><TAIKYOKU oya="0"/>

<Scene>
<INIT seed="0,0,0,2,2,69" ten="250,250,250,250" oya="0" hai0="65,102,123,38,41,89,44,3,130,28,100,31,110" hai1="21,37,49,47,98,24,72,64,132,51,80,62,10" hai2="63,11,23,81,113,1,53,134,58,40,95,121,56" hai3="50,118,79,122,131,108,39,12,83,101,103,124,84"/><T112/><D123/><U107/><E132/><V76/><F113/><W7/><G118/><T45/><D112/><U36/><E10/><V52/><F134/><W25/><G122/><T48/><D3/><U86/><E72/><V82/><F121/><W135/><G135/><T0/><D0/><U96/><E96/><V60/><F40/><W114/><G114/><T27/><D130/><U67/><E98/><V18/><F95/><W78/><G78/><T90/><D65/><U87/><E107/><V71/><F71/><W106/><G106/><T32/><D28/><U104/><E104/><V128/><F128/><W29/><G131/><T30/><D30/><U26/><E47/><V91/><F91/><W120/><G120/><T85/><D110/><U68/><E68/><V20/><F76/><W61/><G108/><T33/><D33/><U70/><E70/><V75/><F75/><W119/><G119/><T97/><D97/><U59/><E21/><V88/><F88/><W94/><G103/><T116/><D90/><U19/><E19/><V35/><F35/><W111/><G101/><T57/><D57/><U14/><E59/><V117/><F117/><W55/><G111/><T77/><D77/><U92/><E14/><N who="2" m="7519" /><F1/><W2/><G2/><T133/><D133/><U4/><E4/><V93/><F93/><W8/><G94/><N who="0" m="54575" /><D116/><U99/><E92/><V13/><F20/><W115/><G115/><T9/><D9/><U22/><E22/><V5/><F23/><W6/><G8/><AGARI ba="0,0" hai="5,8,13,52,53,56,58,60,63,81,82" m="7519" machi="8" ten="30,2000,0" yaku="8,1,54,1" doraHai="69" who="2" fromWho="3" sc="250,0,250,0,250,20,250,-20" />
</Scene>
<Scene>
<INIT seed="1,0,0,4,2,9" ten="250,250,270,230" oya="1" hai0="21,55,119,46,98,80,95,30,72,120,117,134,49" hai1="60,1,14,52,99,41,93,77,87,125,78,112,33" hai2="42,32,115,135,17,68,122,128,108,61,6,110,111" hai3="66,47,133,23,51,86,34,62,126,64,76,25,53"/><U45/><E1/><V13/><F42/><W118/><G118/><T69/><D69/><U124/><E33/><V54/><F68/><W11/><G133/><T39/><D134/><U84/><E112/><V114/><F61/><W24/><G126/><N who="1" m="48746" /><E84/><V7/><F54/><W85/><G34/><T127/><D127/><U89/><E87/><V35/><F135/><W96/><G25/><T129/><D129/><U10/><E60/><V113/><F128/><W94/><G11/><T8/><D120/><U15/><E52/><V121/><F35/><W109/><G109/><T50/><D39/><N who="1" m="21695" /><E10/><N who="2" m="6327" /><F32/><W102/><G76/><AGARI ba="0,0" hai="14,15,76,77,78,89,93,99" m="21695,48746" machi="76" ten="30,5800,0" yaku="18,1,52,2" doraHai="9" who="1" fromWho="3" sc="250,0,250,58,270,0,230,-58" />
</Scene>
<Scene>
<INIT seed="1,1,0,4,2,18" ten="250,308,270,172" oya="1" hai0="45,73,93,76,22,33,132,116,117,94,44,71,65" hai1="106,20,48,119,60,86,74,82,63,110,88,101,38" hai2="77,28,12,118,49,70,47,100,32,111,124,104,9" hai3="114,66,29,10,61,31,83,123,128,41,108,36,4"/><U58/><E38/><V89/><F118/><W19/><G123/><T8/><D33/><U96/><E119/><V75/><F70/><W134/><G114/><T69/><D8/><U87/><E110/><V57/><F111/><W27/><G108/><T68/><D68/><U129/><E129/><V13/><F124/><W80/><G128/><T53/><D53/><U46/><E74/><V103/><F57/><W52/><G134/><T24/><D24/><U6/><E6/><V92/><F104/><W16/><G36/><T72/><D65/><U99/><E99/><V109/><F109/><W54/><G41/><T115/><D76/><U81/><E58/><V35/><F35/><W135/><G135/><T30/><D132/><U50/><E20/><V21/><F77/><W37/><G37/><T78/><D78/><U97/><E97/><V122/><F75/><W17/><G66/><T98/><D98/><U14/><E14/><V2/><F2/><W95/><G95/><T126/><D126/><U91/><REACH who="1" step="1"/><E50/><REACH who="1" ten="250,298,270,172" step="2"/><V120/><F32/><W5/><G5/><T107/><D115/><U55/><AGARI ba="1,1" hai="46,48,55,60,63,81,82,86,87,88,91,96,101,106" machi="55" ten="20,18000,2" yaku="1,1,2,1,0,1,7,1,9,1,54,1,53,1" doraHai="18" doraHaiUra="51" who="1" fromWho="1" sc="250,-61,298,193,270,-61,172,-61" />
</Scene>
<Scene>
<INIT seed="1,2,0,1,0,72" ten="189,491,209,111" oya="1" hai0="28,35,31,47,25,75,112,132,30,36,26,2,59" hai1="127,65,62,103,13,43,110,58,95,29,54,64,109" hai2="11,6,100,5,90,117,0,93,51,118,81,12,83" hai3="94,73,78,19,41,99,42,56,37,114,126,108,49"/><U46/><E29/><V113/><F113/><W24/><G114/><T33/><D112/><U3/><E3/><V63/><F100/><W70/><G70/><T4/><D132/><U119/><E13/><V131/><F131/><W57/><G37/><T77/><D30/><U48/><E103/><V38/><F38/><W80/><G108/><N who="1" m="41578" /><E95/><V69/><F51/><W91/><G126/><T105/><D59/><N who="1" m="33223" /><E127/><V96/><F5/><W92/><G24/><T74/><D105/><U89/><E89/><V107/><F0/><W79/><G19/><T61/><D61/><U111/><E111/><V124/><F107/><W121/><G121/><T40/><D77/><N who="3" m="29193" /><G73/><T66/><D66/><N who="1" m="39255" /><E119/><V102/><F124/><W71/><G80/><T14/><D14/><U60/><E60/><V44/><F81/><W18/><G94/><T134/><D134/><U68/><E68/><V98/><F83/><W123/><G71/><T16/><D16/><U129/><E129/><V120/><F69/><W115/><G115/><T53/><D53/><U135/><E135/><V15/><F117/><W20/><G20/><T34/><D34/><U67/><E67/><V116/><F116/><W125/><G18/><T1/><D1/><U85/><E85/><V55/><F93/><W87/><G125/><T39/><D39/><AGARI ba="2,0" hai="39,43,46,64,65" m="39255,33223,41578" machi="39" ten="30,11600,0" yaku="14,1,10,1,34,2" doraHai="72" who="1" fromWho="0" sc="189,-122,491,122,209,0,111,0" />
</Scene>
<Scene>
<INIT seed="1,3,0,0,3,13" ten="67,613,209,111" oya="1" hai0="18,2,82,122,85,77,52,90,87,86,115,134,16" hai1="65,33,26,108,20,27,49,12,34,101,129,99,1" hai2="9,61,107,110,117,17,69,42,106,97,114,81,50" hai3="40,111,48,11,32,130,57,119,105,39,88,95,94"/><U103/><E1/><V53/><F117/><W131/><G105/><T4/><D115/><U0/><E0/><V63/><F114/><W113/><G113/><T6/><D134/><U121/><E65/><V25/><F110/><W29/><G111/><T98/><D122/><U64/><E64/><V19/><F42/><W43/><G119/><T102/><D2/><U79/><E12/><N who="2" m="7311" /><F107/><W100/><G100/><T37/><D37/><U23/><E49/><V72/><F106/><W51/><G39/><T83/><D86/><U24/><E24/><V15/><F72/><W89/><G11/><T127/><D127/><U133/><E79/><V45/><F25/><W80/><G80/><T10/><D52/><U3/><E99/><V58/><F69/><W66/><G32/><T41/><D41/><U109/><E3/><V35/><F35/><W5/><G5/><N who="0" m="2155" /><D10/><U54/><E54/><N who="2" m="30031" /><F97/><W123/><G66/><T93/><AGARI ba="3,0" hai="16,18,77,82,83,85,87,90,93,98,102" m="2155" machi="93" ten="30,7900,0" yaku="8,1,52,2,54,1" doraHai="13" who="0" fromWho="0" sc="67,88,613,-42,209,-23,111,-23" />
</Scene>
<Scene>
<INIT seed="2,0,0,4,3,24" ten="155,571,186,88" oya="2" hai0="2,12,116,67,130,131,73,80,16,99,37,64,129" hai1="96,28,94,55,13,19,101,63,115,69,104,124,79" hai2="54,4,43,72,113,106,0,82,85,62,118,9,75" hai3="105,5,47,114,91,8,15,3,126,125,41,39,59"/><V77/><F113/><W46/><G114/><T25/><D37/><U111/><E115/><V56/><F118/><W134/><G105/><T58/><D2/><U65/><E79/><V117/><F106/><W34/><G34/><T83/><D116/><U89/><E111/><V100/><F100/><W42/><G134/><T22/><D99/><U110/><E110/><V112/><F112/><W49/><G3/><T70/><D70/><U30/><E55/><V10/><F117/><W84/><REACH who="3" step="1"/><G59/><REACH who="3" ten="155,571,186,78" step="2"/><T95/><D58/><U38/><E104/><V78/><F75/><W103/><G103/><T133/><D133/><U81/><E101/><V52/><F72/><W76/><G76/><T60/><D73/><U87/><E69/><V31/><F77/><W107/><G107/><T36/><D130/><U86/><E124/><V21/><F0/><W33/><G33/><T121/><D131/><U109/><E109/><V123/><F123/><W71/><G71/><T92/><D121/><U23/><E89/><V48/><F43/><W29/><G29/><T119/><D129/><U127/><E30/><V122/><F122/><W61/><G61/><T135/><D135/><U66/><E63/><V128/><F128/><W40/><G40/><T68/><D119/><U1/><E1/><V35/><F35/><W120/><G120/><T7/><D68/><U108/><E108/><V18/><F31/><W27/><G27/><T26/><D26/><U53/><E28/><V45/><F4/><W32/><G32/><T20/><D25/><AGARI ba="0,1" hai="9,10,18,21,25,45,48,52,54,56,62,78,82,85" machi="25" ten="30,5800,0" yaku="7,1,8,1,54,1" doraHai="24" who="2" fromWho="0" sc="155,-58,571,0,186,68,78,0" />
</Scene>
<Scene>
<INIT seed="2,1,0,0,0,78" ten="97,571,254,78" oya="2" hai0="6,99,74,28,107,71,89,77,39,95,25,55,36" hai1="125,5,121,113,87,31,134,27,21,65,11,42,57" hai2="53,62,30,16,34,0,108,98,18,61,58,15,70" hai3="91,20,49,66,102,119,128,110,94,1,67,135,24"/><V26/><F0/><W132/><G119/><T9/><D71/><U104/><E104/><V48/><F108/><W124/><G1/><T117/><D117/><U73/><E73/><V129/><F129/><W109/><G102/><T133/><D133/><N who="3" m="51273" /><G49/><T126/><D126/><U14/><E134/><V115/><F115/><W41/><G41/><T2/><D107/><U106/><E106/><V56/><F98/><N who="3" m="57695" /><G128/><T37/><D55/><U45/><E113/><V51/><F70/><W93/><G93/><T50/><D50/><U123/><E125/><V44/><F18/><N who="3" m="12311" /><G124/><T86/><D74/><U72/><E72/><V59/><REACH who="2" step="1"/><F51/><REACH who="2" ten="97,571,244,78" step="2"/><W111/><AGARI ba="1,1" hai="66,67,109,110,111" m="12311,57695,51273" machi="111" ten="40,2700,0" yaku="14,1,20,1" doraHai="78" who="3" fromWho="3" sc="97,-8,571,-8,244,-14,78,40" />
</Scene>
<Scene>
<INIT seed="3,0,0,1,5,64" ten="89,563,230,118" oya="3" hai0="34,95,3,101,59,9,26,77,87,24,31,15,44" hai1="114,51,88,126,54,86,79,49,53,65,70,22,43" hai2="121,38,108,85,125,97,19,130,124,123,35,52,91" hai3="21,23,10,92,127,40,133,104,18,47,11,46,71"/><W129/><G104/><T112/><D112/><U39/><E79/><V50/><F38/><W110/><G110/><T1/><D26/><U98/><E98/><V4/><F35/><W132/><G129/><T42/><D59/><U117/><E22/><V68/><F97/><W14/><G127/><N who="2" m="48713" /><F4/><W6/><G92/><T99/><D87/><U56/><E54/><V75/><F75/><W89/><G89/><T63/><D63/><N who="1" m="40255" /><E51/><V55/><F108/><W93/><G71/><T80/><D80/><U33/><E33/><V135/><F68/><W116/><G93/><T120/><D77/><U28/><E28/><V128/><F19/><W67/><G67/><T102/><D102/><U115/><E117/><V76/><F76/><W45/><G40/><T57/><D57/><U72/><E72/><V29/><F29/><W111/><G111/><T20/><D120/><N who="2" m="46154" /><F135/><N who="3" m="51787" /><G116/><T30/><D34/><U107/><E107/><V8/><F8/><W119/><G119/><T25/><D31/><U13/><E126/><V37/><F37/><W74/><G74/><T2/><D25/><U131/><E39/><V62/><F62/><W96/><G96/><T17/><REACH who="0" step="1"/><D1/><AGARI ba="0,0" hai="1,6,10,11,14,18,21,23,45,46,47" m="51787" machi="1" ten="30,1500,0" yaku="20,1" doraHai="64" who="3" fromWho="0" sc="89,-15,563,0,230,0,118,15" />
</Scene>
<Scene>
<INIT seed="3,1,0,4,0,122" ten="74,563,230,133" oya="3" hai0="72,99,14,71,65,86,126,129,5,78,12,52,25" hai1="97,42,112,58,123,68,18,131,43,105,30,79,38" hai2="89,98,83,40,95,8,69,116,135,124,114,107,70" hai3="47,88,3,64,77,133,125,39,9,24,96,84,17"/><W93/><G133/><T132/><D72/><U63/><E18/><V2/><F114/><W118/><G118/><T134/><D129/><U80/><E58/><V85/><F116/><W75/><G125/><T81/><D126/><U111/><E43/><V23/><F135/><N who="0" m="51754" /><D71/><U57/><E57/><V50/><F107/><W41/><G64/><T26/><D65/><U19/><E19/><V36/><F36/><W115/><G115/><T44/><D99/><U104/><E80/><V128/><F128/><W113/><G113/><T20/><D5/><U110/><E79/><V37/><F37/><W13/><G24/><N who="0" m="9323" /><D20/><U10/><E97/><V35/><F23/><W108/><G3/><T28/><D28/><U60/><E30/><V87/><F2/><W16/><G17/><T91/><D78/><U11/><E68/><V74/><F74/><W66/><G66/><T119/><D119/><U49/><E112/><V67/><F67/><W33/><G75/><T7/><D7/><U0/><E131/><V109/><F124/><W48/><G77/><T92/><D81/><U54/><E0/><V6/><F6/><W1/><G1/><T106/><D106/><U82/><E105/><V46/><F83/><N who="3" m="49183" /><G39/><T76/><D76/><U127/><E38/><V90/><F70/><W61/><G96/><T21/><D21/><U4/><E127/><V103/><F98/><W117/><G117/><T45/><D45/><U31/><E4/><V29/><F29/><W62/><G47/><T100/><D100/><U53/><E31/><V73/><F69/><W130/><G130/><T59/><D44/><RYUUKYOKU ba="1,0" sc="74,30,563,-10,230,-10,133,-10" hai0="12,14,52,59,86,91,92" />
</Scene>
<Scene>
<INIT seed="4,2,0,1,4,94" ten="104,553,220,123" oya="0" hai0="27,66,38,10,34,49,68,33,20,124,91,129,69" hai1="125,107,112,15,75,90,3,16,56,58,65,28,44" hai2="57,53,77,102,97,23,72,117,86,81,74,32,119" hai3="36,1,98,118,37,89,62,39,41,82,76,121,46"/><T87/><D38/><U93/><E56/><V26/><F32/><W29/><G118/><N who="2" m="45065" /><F53/><W60/><G121/><T13/><D34/><U21/><E90/><V80/><F57/><W0/><G29/><T114/><D33/><U131/><E15/><V126/><F126/><W116/><G116/><T113/><D124/><U71/><E21/><V43/><F43/><W17/><G39/><T9/><D129/><U18/><E18/><N who="2" m="12663" /><F80/><W73/><G37/><T120/><D120/><U108/><E58/><V88/><F77/><W123/><G36/><T103/><D103/><U83/><E83/><V51/><F51/><W122/><G123/><T63/><D68/><U67/><E71/><V92/><AGARI ba="2,0" hai="72,74,81,86,88,92,97,102" m="12663,45065" machi="92" ten="30,4000,0" yaku="12,1,52,1,54,1" doraHai="94" who="2" fromWho="2" sc="104,-22,553,-12,220,46,123,-12" />
</Scene>
<Scene>
<INIT seed="5,0,0,4,0,42" ten="82,541,266,111" oya="1" hai0="122,37,35,51,21,36,116,41,129,72,133,85,10" hai1="25,24,63,86,27,118,40,59,112,99,91,46,111" hai2="33,50,9,13,127,45,97,104,43,120,5,90,128" hai3="126,44,102,69,108,117,53,11,18,130,56,1,0"/><U55/><E118/><V134/><F120/><W66/><G69/><T16/><D35/><U54/><E112/><V28/><F127/><W88/><G108/><T123/><D72/><U95/><E111/><V64/><F134/><W68/><G68/><T12/><D116/><U47/><E40/><V89/><F128/><W7/><G102/><T96/><D129/><U83/><REACH who="1" step="1"/><E54/><REACH who="1" ten="82,531,266,111" step="2"/><V110/><F110/><W113/><G53/><T105/><D41/><U125/><E125/><V62/><F43/><W8/><G126/><T6/><D123/><U15/><E15/><V115/><F115/><W77/><G113/><T61/><D12/><U103/><AGARI ba="0,1" hai="24,25,27,46,47,55,59,63,83,86,91,95,99,103" machi="103" ten="30,12000,1" yaku="1,1,0,1,8,1,52,2,53,0" doraHai="42" doraHaiUra="121" who="1" fromWho="1" sc="82,-40,531,130,266,-40,111,-40" />
</Scene>
<Scene>
<INIT seed="5,1,0,0,1,120" ten="42,661,226,71" oya="1" hai0="61,75,103,97,62,5,38,3,48,88,83,99,47" hai1="52,115,32,14,34,1,39,118,15,76,77,106,45" hai2="54,70,129,31,16,127,104,60,78,67,18,107,13" hai3="131,0,124,128,81,134,42,6,53,22,123,114,64"/><U100/><E52/><V130/><F127/><W49/><G64/><T63/><D38/><U29/><E15/><V66/><F78/><W19/><G123/><T24/><D24/><U57/><E57/><V133/><F133/><W116/><G124/><T74/><D3/><U17/><E17/><V51/><F66/><W110/><G110/><T113/><D113/><U71/><E14/><V87/><F87/><W68/><G68/><T84/><D5/><U69/><E45/><V72/><F72/><W9/><G42/><T112/><D112/><U40/><E29/><V135/><F31/><W105/><G105/><T8/><D8/><U126/><E77/><V10/><F18/><W94/><G94/><T12/><D12/><U121/><E100/><V80/><F80/><W85/><G114/><T92/><REACH who="0" step="1"/><D99/><REACH who="0" ten="32,661,226,71" step="2"/><U33/><E1/><V56/><F135/><W86/><G134/><T111/><D111/><U55/><E39/><V20/><F10/><W93/><G0/><T101/><D101/><U25/><E25/><V26/><F26/><W46/><G6/><T30/><D30/><U96/><E96/><V119/><F119/><W36/><G36/><T11/><D11/><U108/><E118/><V91/><F13/><W27/><G9/><T117/><D117/><U95/><E115/><V58/><F20/><W90/><G116/><T23/><D23/><U59/><E108/><V2/><F2/><W89/><AGARI ba="1,1" hai="19,22,27,46,49,53,81,85,86,89,90,93,128,131" machi="89" ten="30,1100,0" yaku="0,1" doraHai="120" who="3" fromWho="3" sc="32,-4,661,-6,226,-4,71,24" />
</Scene>
<Scene>
<INIT seed="6,0,0,1,0,0" ten="28,655,222,95" oya="2" hai0="22,73,26,113,38,31,93,12,1,39,15,11,50" hai1="78,122,109,9,68,94,66,8,6,81,35,53,63" hai2="33,40,129,2,42,99,60,70,125,21,32,80,89" hai3="55,71,37,117,95,98,135,44,7,100,57,118,82"/><V75/><F2/><W130/><G71/><T56/><D73/><U43/><E9/><V110/><F21/><W85/><G130/><T103/><D113/><U83/><E53/><V124/><F129/><W128/><G128/><T131/><D131/><U25/><E94/><V65/><F110/><W47/><G135/><T54/><D1/><U90/><E90/><V52/><F75/><W48/><G7/><T5/><REACH who="0" step="1"/><D12/><REACH who="0" ten="18,655,222,95" step="2"/><U34/><E109/><V69/><F124/><W49/><G117/><T13/><D13/><U105/><E122/><V97/><F125/><W108/><G118/><T64/><D64/><U30/><E66/><V67/><F67/><W120/><G108/><T111/><D111/><U18/><E25/><V126/><F65/><W74/><G120/><T101/><D101/><U115/><E115/><V107/><F126/><W61/><G74/><T132/><D132/><U46/><E68/><V84/><F69/><W87/><G37/><T36/><D36/><U92/><E34/><V17/><F32/><W127/><G127/><T79/><D79/><U91/><E78/><V88/><F33/><W133/><G133/><T24/><D24/><U4/><E35/><V19/><F70/><W3/><G3/><T41/><D41/><U86/><E43/><V121/><F121/><W134/><G134/><T27/><D27/><U62/><E91/><V116/><F116/><W106/><G100/><T77/><D77/><U102/><E102/><V119/><F119/><W114/><G114/><T10/><D10/><U23/><E8/><V112/><F112/><W16/><G55/><RYUUKYOKU ba="0,1" sc="18,30,655,-10,222,-10,95,-10" hai0="5,11,15,22,26,31,38,39,50,54,56,93,103" />
</Scene>
<Scene>
<INIT seed="7,1,1,3,5,100" ten="48,645,212,85" oya="3" hai0="129,53,55,108,102,60,37,17,11,80,76,67,79" hai1="105,32,61,125,135,22,96,111,74,38,88,52,78" hai2="41,110,31,46,69,85,104,107,43,87,77,42,26" hai3="75,36,59,84,27,117,123,35,58,48,15,54,133"/><W44/><G75/><T73/><D108/><U57/><E88/><V131/><F69/><W132/><G123/><T116/><D37/><U119/><E52/><N who="0" m="20041" /><D116/><U20/><E22/><V118/><F110/><W134/><G117/><T19/><D129/><U30/><E96/><V25/><F118/><W64/><G64/><T45/><D73/><U8/><E20/><V90/><F46/><W82/><G36/><T47/><D102/><U13/><E13/><V92/><F131/><W2/><G2/><T16/><D11/><U126/><E78/><N who="0" m="29737" /><D80/><U70/><E135/><V4/><F4/><W49/><G49/><T95/><D95/><U10/><E30/><V91/><F77/><N who="3" m="46159" /><G15/><T103/><D103/><U18/><E61/><V39/><F39/><W40/><G54/><T65/><D65/><U34/><E119/><V56/><F56/><AGARI ba="1,1" hai="16,17,19,45,47,56,60,67" m="29737,20041" machi="56" ten="30,3900,0" yaku="8,1,54,2" doraHai="100" who="0" fromWho="2" sc="48,52,645,0,212,-42,85,0" owari="100,-30.0,645,74.0,170,-3.0,85,-41.0" />
</Scene>
</mjloggm>