<mjloggm ver="2.3"><GO type="169" lobby="0"/><UN n0="%73%61%76%65%69" n1="%E8%B5%A4%E6%9C%A8%E3%81%97%E3%81%92%E3%82%8C" n2="%74%61%62%69%6B%61%6B%65" n3="%E5%A4%AA%E3%81%8F%E3%81%AA%E3%81%84%E3%81%8A" dan="16,16,16,17" rate="2089.54,2105.34,2078.75,2177.52" sx="M,M,M,M"/><TAIKYOKU oya="0"/>

<Scene>
<INIT seed="0,0,0,2,1,1" ten="250,250,250,250" oya="0" hai0="83,37,8,82,22,35,32,91,15,104,120,114,4" hai1="20,103,65,107,88,98,115,106,58,28,78,80,84" hai2="124,13,67,89,10,73,64,123,90,125,36,49,9" hai3="45,128,7,26,53,52,127,38,109,59,108,118,54"/><T16/><D114/><U51/><E115/><V66/><F36/><W87/><G118/><T12/><D120/><U121/><E121/><V56/><F123/><W2/><G127/><N who="2" m="48713" /><F73/><W122/><G122/><T55/><D104/><U39/><E39/><V81/><F81/><W31/><G128/><T102/><D102/><U96/><E107/><V85/><F85/><W19/><G19/><T29/><D37/><U94/><E51/><V48/><F56/><W129/><G129/><T86/><D82/><U5/><E5/><N who="2" m="3247" /><F10/><N who="3" m="2423" /><G87/><T77/><D77/><U42/><E42/><V72/><F72/><W21/><G45/><T110/><D55/><U68/><E68/><V119/><F119/><W131/><G38/><T71/><D71/><U14/><E14/><V57/><F57/><W30/><G30/><T130/><D130/><U41/><E41/><V134/><F134/><W23/><G131/><T44/><D44/><U34/><E34/><V100/><F100/><W0/><G0/><T79/><D79/><U76/><E76/><V33/><F33/><N who="3" m="20727" /><G59/><T50/><D50/><AGARI ba="0,0" hai="48,49,50,64,66,67,89,90" m="3247,48713" machi="50" ten="30,2000,0" yaku="18,1,52,1" doraHai="1" who="2" fromWho="0" sc="250,-20,250,0,250,20,250,0" />
</Scene>
<Scene>
<INIT seed="1,0,0,2,5,86" ten="230,250,270,250" oya="1" hai0="98,80,135,73,54,18,125,61,39,105,43,4,75" hai1="129,103,38,71,132,87,82,85,49,95,56,57,118" hai2="33,20,65,35,115,102,111,3,64,110,40,113,84" hai3="19,32,122,55,26,79,62,37,52,124,91,16,128"/><U30/><E118/><V67/><F102/><W11/><G37/><T90/><D4/><U101/><E38/><V121/><F3/><W44/><G122/><T63/><D18/><U100/><E71/><V66/><F121/><W116/><G116/><T133/><D125/><U14/><E129/><V108/><N who="2" m="16384" /><DORA hai="2" /><V36/><F20/><N who="3" m="13575" /><G32/><N who="2" m="12361" /><F84/><W27/><G124/><T21/><D73/><U15/><E132/><V45/><AGARI ba="0,0" hai="36,40,45,108,110,111,113,115" m="12361,16384" machi="45" ten="60,2000,0" yaku="14,1" doraHai="86,2" who="2" fromWho="2" sc="230,-5,250,-10,270,20,250,-5" />
</Scene>
<Scene>
<INIT seed="2,0,0,3,3,1" ten="225,240,290,245" oya="2" hai0="8,103,74,98,91,22,112,60,119,106,43,95,108" hai1="64,23,11,130,102,78,44,55,131,39,28,76,57" hai2="121,77,110,24,67,42,9,127,80,71,58,63,126" hai3="114,105,15,104,96,88,47,100,122,48,31,97,115"/><V107/><F121/><W118/><G122/><T93/><D112/><N who="3" m="43049" /><G118/><T94/><D119/><U16/><E102/><V27/><F107/><N who="3" m="63879" /><G31/><T65/><D108/><U85/><E64/><V79/><F110/><W90/><G15/><T111/><D111/><U30/><E44/><V25/><F42/><N who="3" m="24695" /><G97/><T53/><D43/><U109/><E39/><V135/><F135/><W120/><G120/><T132/><D132/><U52/><E109/><V19/><F71/><W87/><G90/><T29/><D91/><U10/><E130/><V18/><F9/><N who="1" m="3081" /><E131/><V49/><F49/><W113/><N who="3" m="43057" /><W61/><DORA hai="81" /><G61/><T99/><D8/><U3/><E3/><V5/><F18/><W134/><G134/><T26/><D60/><N who="1" m="35879" /><E55/><V34/><F34/><W73/><G73/><T20/><D53/><U72/><E72/><V117/><F117/><W82/><AGARI ba="0,0" hai="82,87,88,104,105" m="24695,63879,43057" machi="82" ten="40,5200,0" yaku="11,1,52,1,54,1" doraHai="1,81" who="3" fromWho="3" sc="225,-13,240,-13,290,-26,245,52" />
</Scene>
<Scene>
<INIT seed="3,0,0,1,4,29" ten="212,227,264,297" oya="3" hai0="69,17,10,126,68,39,11,20,79,66,106,105,109" hai1="114,62,102,88,16,128,74,59,71,116,40,9,90" hai2="133,98,89,130,81,118,19,32,101,86,18,84,42" hai3="83,3,26,34,77,53,35,103,131,115,27,124,135"/><W92/><G3/><T44/><D79/><U125/><E114/><V49/><F118/><W36/><G36/><T24/><D109/><U93/><E74/><V61/><F130/><W12/><G115/><T13/><D126/><U51/><E71/><V64/><F133/><W2/><G2/><T57/><D69/><U14/><E128/><V15/><F32/><W122/><G122/><T108/><D68/><U113/><E113/><V107/><F84/><W80/><G131/><T22/><D108/><U6/><E125/><V55/><F42/><W120/><G120/><T117/><D117/><U87/><E102/><V95/><F107/><W127/><G12/><T82/><D106/><U43/><E51/><V104/><F104/><W41/><G41/><T110/><D105/><U30/><E30/><V1/><F1/><W75/><G53/><T72/><D72/><U99/><E6/><V47/><F15/><W119/><G119/><T94/><D39/><U0/><E0/><V8/><F8/><W7/><G7/><T85/><D110/><U58/><E116/><V45/><F47/><W123/><G123/><T96/><D44/><U91/><E91/><V112/><F112/><W46/><G46/><T60/><D85/><U48/><E48/><V65/><F64/><W76/><G135/><T56/><D56/><AGARI ba="0,0" hai="18,19,45,49,55,56,61,65,81,86,89,95,98,101" machi="56" ten="30,2000,0" yaku="7,1,8,1" doraHai="29" who="2" fromWho="0" sc="212,-20,227,0,264,20,297,0" />
</Scene>
<Scene>
<INIT seed="4,0,0,5,3,70" ten="192,227,284,297" oya="0" hai0="114,44,36,21,79,123,24,113,52,90,133,19,125" hai1="98,84,33,71,63,27,132,131,48,119,73,122,116" hai2="105,129,6,111,10,100,4,121,115,135,45,75,85" hai3="88,40,117,31,101,87,110,56,68,124,22,12,69"/><T39/><D123/><U80/><E122/><V86/><F121/><W11/><G110/><T92/><D79/><U46/><E73/><V18/><F111/><W50/><G117/><T61/><D133/><U47/><E132/><V58/><F75/><W104/><G124/><T43/><D125/><U76/><E131/><V67/><F129/><W108/><G108/><T23/><D23/><U81/><E98/><V102/><F115/><N who="0" m="44042" /><D61/><U16/><E80/><V99/><F18/><W3/><G3/><T82/><D82/><U109/><E109/><V7/><F10/><W8/><G104/><T14/><D14/><U89/><E76/><V49/><F135/><W64/><G22/><T29/><D19/><U42/><E47/><V53/><F100/><W57/><G31/><T91/><D52/><U95/><E81/><V120/><F120/><W77/><G77/><T74/><D74/><U72/><E72/><V134/><F134/><W62/><G11/><T78/><D78/><U20/><REACH who="1" step="1"/><E33/><REACH who="1" ten="192,217,284,297" step="2"/><V128/><F128/><W66/><G87/><N who="0" m="52319" /><D91/><U2/><E2/><V35/><F35/><W51/><G101/><T37/><AGARI ba="0,1" hai="21,24,29,36,37,39,43,44" m="52319,44042" machi="37" ten="30,11700,0" yaku="15,1,52,3" doraHai="70" who="0" fromWho="0" sc="192,127,217,-39,284,-39,297,-39" />
</Scene>
<Scene>
<INIT seed="4,1,0,0,1,74" ten="319,178,245,258" oya="0" hai0="49,85,78,131,17,5,91,80,53,32,38,11,48" hai1="45,134,98,68,118,9,19,73,13,15,2,113,84" hai2="129,101,59,92,112,10,14,93,70,96,130,125,90" hai3="25,132,41,89,6,95,12,114,3,28,123,119,23"/><T43/><D32/><U1/><E73/><V0/><F70/><W108/><G119/><T46/><D131/><N who="2" m="50186" /><F112/><W111/><G114/><T122/><D122/><U36/><E113/><V61/><F125/><W83/><G3/><T60/><D60/><U116/><E68/><V69/><F69/><W57/><G123/><T54/><D17/><U102/><E134/><V47/><F47/><W33/><G132/><T22/><D22/><U99/><E84/><V127/><F0/><W121/><G121/><T16/><D16/><U31/><E31/><V52/><F127/><W30/><G41/><T88/><D38/><U40/><E98/><V87/><F14/><W67/><G30/><T62/><D62/><U104/><E2/><V65/><F10/><W124/><G124/><T8/><D8/><U109/><E109/><V39/><F39/><W34/><G111/><T71/><D71/><U20/><REACH who="1" step="1"/><E1/><REACH who="1" ten="319,168,245,258" step="2"/><V105/><F105/><W72/><G72/><T120/><D120/><U63/><E63/><V58/><F87/><W27/><G108/><T77/><D85/><U115/><E115/><V7/><F96/><W29/><G29/><T133/><D133/><U79/><E79/><V55/><F61/><W135/><G135/><T94/><D77/><U103/><E103/><V126/><F101/><W37/><G28/><T35/><D78/><U26/><E26/><V76/><F76/><W21/><G27/><T42/><D35/><U56/><E56/><V81/><F126/><W106/><G25/><T75/><D75/><U18/><AGARI ba="1,1" hai="9,13,15,18,19,20,36,40,45,99,102,104,116,118" machi="18" ten="20,2700,0" yaku="1,1,0,1,7,1,53,0" doraHai="74" doraHaiUra="64" who="1" fromWho="1" sc="319,-14,168,40,245,-8,258,-8" />
</Scene>
<Scene>
<INIT seed="5,0,0,2,4,82" ten="305,208,237,250" oya="1" hai0="133,62,99,47,97,44,2,6,114,15,73,54,81" hai1="131,74,17,101,46,128,3,72,68,122,31,110,104" hai2="119,60,129,34,96,40,123,127,93,21,29,51,92" hai3="59,13,71,9,63,19,43,48,61,109,98,33,4"/><U57/><E68/><V94/><F119/><W67/><G109/><T30/><D2/><U66/><E122/><V107/><F123/><W111/><G111/><T0/><D0/><U35/><E3/><V70/><F127/><W41/><G33/><T117/><D117/><U28/><E17/><V125/><F125/><W89/><G48/><T5/><D73/><N who="1" m="28267" /><E46/><V86/><F129/><N who="1" m="49737" /><E35/><V83/><F21/><W88/><G19/><T134/><D5/><U58/><E110/><V24/><F51/><W79/><G41/><T69/><D15/><U56/><E66/><N who="2" m="41287" /><F40/><W121/><G43/><T105/><D6/><U120/><E120/><V32/><F32/><W91/><G121/><T45/><D44/><U12/><E12/><V14/><F14/><W102/><G79/><T52/><D69/><U76/><E76/><V23/><F23/><W53/><REACH who="3" step="1"/><G91/><REACH who="3" ten="305,208,237,240" step="2"/><T39/><D45/><U126/><E126/><V112/><F34/><W37/><G37/><T11/><D47/><U36/><E36/><V8/><F29/><N who="1" m="11337" /><E101/><V22/><F8/><W38/><G38/><T116/><D11/><U108/><E108/><V65/><F22/><W20/><G20/><T42/><D39/><U135/><E135/><V18/><F18/><W100/><G100/><T118/><D134/><U49/><E49/><V130/><F130/><W25/><G25/><T75/><D133/><U10/><E10/><V106/><F24/><W78/><G78/><T50/><D118/><U87/><E87/><V115/><F86/><W7/><G7/><T64/><D116/><U84/><E84/><V85/><F85/><RYUUKYOKU ba="0,1" sc="305,-15,208,15,237,-15,240,15" hai1="56,57,58,104" hai3="4,9,13,53,59,61,63,67,71,88,89,98,102" />
</Scene>
<Scene>
<INIT seed="5,1,1,1,1,127" ten="290,223,222,255" oya="1" hai0="121,116,5,33,75,23,79,87,131,50,99,46,132" hai1="83,58,31,62,14,129,2,101,97,107,126,91,109" hai2="37,102,81,123,35,70,104,20,134,80,89,94,64" hai3="56,25,4,77,112,30,71,42,17,117,29,8,3"/><U53/><E2/><V68/><F123/><W78/><G71/><T105/><D116/><U110/><E126/><V21/><F37/><W85/><G117/><T124/><D33/><U0/><E0/><V63/><F70/><W72/><G72/><T1/><D75/><U76/><E31/><V39/><F39/><W86/><G42/><T19/><D1/><U59/><E14/><V57/><F57/><W125/><G125/><T98/><D105/><U95/><E59/><V61/><F61/><W22/><G112/><T11/><D132/><U96/><REACH who="1" step="1"/><E129/><REACH who="1" ten="290,213,222,255" step="2"/><V28/><F134/><W66/><G30/><T44/><D131/><U26/><E26/><V16/><F28/><W111/><G29/><T122/><D124/><U54/><E54/><V32/><F35/><W115/><G56/><T93/><D122/><U69/><E69/><V12/><F32/><W74/><G25/><T114/><D121/><U45/><E45/><V92/><F68/><W48/><G3/><T6/><D44/><U41/><E41/><V52/><F52/><W27/><G27/><T118/><D118/><U18/><E18/><V60/><F64/><W73/><G17/><T90/><D19/><U67/><E67/><V7/><F16/><W120/><G120/><T128/><D46/><U88/><E88/><V9/><F89/><W24/><G24/><T103/><D90/><U43/><E43/><V10/><F12/><W82/><G66/><T65/><D65/><U135/><E135/><V40/><F40/><W113/><G113/><T38/><D114/><U51/><E51/><V106/><F7/><RYUUKYOKU ba="1,2" sc="290,-15,213,15,222,15,255,-15" hai1="53,58,62,76,83,91,95,96,97,101,107,109,110" hai2="9,10,20,21,60,63,80,81,92,94,102,104,106" />
</Scene>
<Scene>
<INIT seed="5,2,2,5,3,125" ten="275,228,237,240" oya="1" hai0="135,55,56,27,62,132,127,50,28,84,9,35,6" hai1="73,134,130,88,65,114,3,79,75,120,18,80,126" hai2="31,39,87,67,14,78,81,15,76,33,112,128,63" hai3="117,4,106,85,1,121,104,48,99,10,90,37,11"/><U101/><E120/><V74/><F39/><W22/><G37/><T59/><D84/><N who="1" m="50183" /><E3/><V97/><F112/><W34/><G34/><T131/><D127/><U89/><E126/><V12/><F97/><W19/><G121/><T116/><D116/><U129/><E65/><V41/><F41/><W133/><G117/><T119/><D119/><U123/><E123/><V8/><F76/><W51/><G11/><T17/><D17/><U95/><E114/><V40/><F40/><W57/><G133/><N who="0" m="51275" /><D131/><N who="1" m="50187" /><E134/><V107/><F128/><W86/><G1/><N who="0" m="207" /><D59/><U58/><E101/><V82/><F74/><N who="1" m="28169" /><E79/><V124/><F78/><W42/><G90/><T91/><D91/><U26/><E58/><V60/><F124/><W38/><G57/><T111/><D111/><U66/><E66/><V25/><F67/><W113/><G113/><T32/><D62/><U47/><E47/><V13/><F60/><W44/><G44/><T100/><D100/><U43/><E43/><V102/><F63/><W5/><G42/><T61/><D61/><U103/><E103/><V93/><F102/><W108/><G108/><T110/><D110/><U109/><E109/><V16/><F82/><W64/><G64/><T70/><D70/><U7/><E7/><V0/><F0/><W105/><G4/><T20/><AGARI ba="2,2" hai="20,27,28,32,35,50,55,56" m="207,51275" machi="20" ten="30,1100,0" yaku="20,1" doraHai="125" who="0" fromWho="0" sc="275,37,228,-7,237,-5,240,-5" />
</Scene>
<Scene>
<INIT seed="6,0,0,0,0,18" ten="312,221,232,235" oya="2" hai0="134,76,30,102,112,36,93,132,116,47,86,10,52" hai1="135,118,68,22,97,2,89,66,55,53,34,82,59" hai2="84,72,73,11,92,96,7,120,95,27,124,115,56" hai3="60,16,88,1,99,48,74,54,39,29,23,24,113"/><V8/><F120/><W131/><G39/><T85/><D112/><U35/><E118/><V129/><F115/><W71/><G113/><T125/><D116/><U25/><E2/><V32/><F124/><W94/><G131/><T67/><D125/><U31/><E135/><N who="0" m="51753" /><D67/><U38/><E38/><V77/><F129/><W58/><G1/><T78/><D30/><U14/><E68/><V133/><F133/><W121/><G74/><T70/><D70/><U33/><E14/><V130/><F130/><W90/><G121/><T4/><D86/><U83/><E66/><V79/><F32/><W103/><G71/><T19/><D19/><U65/><E65/><V61/><F27/><W126/><G126/><T109/><D109/><U44/><E44/><V127/><F127/><W9/><G60/><T17/><D17/><U15/><E15/><AGARI ba="0,0" hai="9,15,16,23,24,29,48,54,58,88,90,94,99,103" machi="15" ten="40,8000,1" yaku="8,1,52,1,54,2" doraHai="18" who="3" fromWho="1" sc="312,0,221,-80,232,0,235,80" />
</Scene>
<Scene>
<INIT seed="7,0,0,2,2,132" ten="312,141,232,315" oya="3" hai0="67,110,89,49,112,3,0,59,129,60,66,92,9" hai1="13,37,23,85,119,56,57,65,7,16,115,47,113" hai2="38,120,25,32,116,24,133,64,27,79,111,33,61" hai3="107,28,21,74,95,72,130,12,106,5,105,55,90"/><W94/><G55/><T91/><D110/><U62/><E119/><V43/><F111/><W2/><G2/><T98/><D129/><U35/><E35/><V100/><F133/><W125/><G5/><T87/><D112/><U109/><E109/><V118/><F100/><W123/><G12/><T122/><D122/><U46/><E7/><V81/><F120/><W102/><G123/><T128/><D128/><U19/><E85/><V58/><F32/><W10/><G10/><T22/><D49/><U71/><E19/><V77/><F33/><W117/><G117/><T15/><D22/><U121/><E121/><V104/><F104/><W20/><G130/><T6/><D67/><U86/><E86/><V42/><F77/><W18/><G28/><T127/><D127/><U78/><E78/><V82/><F82/><AGARI ba="0,0" hai="0,3,6,9,15,59,60,66,82,87,89,91,92,98" machi="82" ten="30,1000,0" yaku="7,1" doraHai="132" who="0" fromWho="2" sc="312,10,141,0,232,-10,315,0" owari="322,42.0,141,-36.0,222,-18.0,315,12.0" />
</Scene>
</mjloggm>