<mjloggm ver="2.3"><GO type="169" lobby="0"/><UN n0="%41%6B%6B%69%79" n1="%E5%A4%AA%E3%81%8F%E3%81%AA%E3%81%84%E3%81%8A" n2="%E3%81%88%E3%83%A2%E3%83%B3" n3="%E3%81%84%E3%81%AA%E3%81%97%E3%82%93%E3%80%82" dan="16,18,16,16" rate="2080.33,2202.06,2055.83,2069.22" sx="M,M,F,F"/><TAIKYOKU oya="0"/>

<Scene>
<INIT seed="0,0,0,1,5,17" ten="250,250,250,250" oya="0" hai0="10,70,86,78,63,111,105,114,0,68,19,31,60" hai1="85,3,6,99,122,134,58,87,65,54,41,66,18" hai2="46,33,35,16,73,97,93,83,30,81,36,28,102" hai3="130,8,48,75,115,82,72,71,37,98,47,127,57"/><T69/><D114/><U133/><E122/><V38/><F46/><W9/><G71/><T34/><D105/><U129/><E129/><V124/><F124/><W126/><G115/><T125/><D125/><N who="3" m="47625" /><G37/><T11/><D111/><U59/><E41/><V67/><F67/><W55/><G98/><T44/><D31/><U104/><E6/><V119/><F119/><W49/><G130/><T56/><D34/><U39/><E3/><V77/><F83/><W2/><G82/><T88/><D78/><U107/><E18/><V100/><F100/><W116/><G116/><T120/><D44/><U20/><E54/><V61/><F61/><W109/><G109/><T84/><D84/><U76/><E99/><V95/><F95/><W106/><G106/><T89/><D120/><U15/><E15/><V5/><F5/><N who="3" m="1079" /><G9/><T131/><D131/><U13/><E39/><V21/><F38/><W128/><G128/><T135/><D135/><U4/><E4/><V27/><REACH who="2" step="1"/><F36/><REACH who="2" ten="250,250,240,250" step="2"/><W32/><G32/><AGARI ba="0,1" hai="16,21,27,28,30,32,33,35,73,77,81,93,97,102" machi="32" ten="40,8000,1" yaku="1,1,2,1,52,1,54,1,53,0" doraHai="17" doraHaiUra="113" who="2" fromWho="3" sc="250,0,250,0,240,90,250,-80" />
</Scene>
<Scene>
<INIT seed="1,0,0,3,1,51" ten="250,250,330,170" oya="1" hai0="18,33,21,25,120,8,97,35,10,135,123,122,129" hai1="26,38,30,118,112,27,48,89,0,92,75,96,84" hai2="74,127,83,63,67,34,68,45,86,59,102,36,126" hai3="114,66,43,6,91,128,16,47,32,80,31,44,100"/><U77/><E38/><V65/><F74/><W98/><G6/><T14/><D97/><U53/><E112/><V24/><F102/><W55/><G114/><T99/><D99/><U46/><E118/><V103/><F103/><W9/><G31/><T54/><D54/><U37/><E0/><V52/><F24/><W13/><G32/><N who="0" m="12363" /><D135/><U115/><E115/><V72/><F34/><W71/><G128/><T57/><D57/><U85/><E37/><V40/><F72/><W62/><G91/><T106/><D106/><U12/><E12/><V116/><F116/><W23/><G80/><T5/><D8/><U64/><E64/><V117/><F117/><W70/><G70/><T113/><D113/><U81/><REACH who="1" step="1"/><E27/><REACH who="1" ten="250,240,330,170" step="2"/><V60/><REACH who="2" step="1"/><F67/><REACH who="2" ten="250,240,320,170" step="2"/><W3/><G66/><T58/><D129/><U124/><E124/><V131/><F131/><W20/><G71/><T41/><D122/><U130/><E130/><V110/><F110/><W134/><G134/><T69/><D123/><U50/><E50/><V132/><F132/><W17/><G3/><T4/><D25/><U1/><E1/><V133/><F133/><W29/><G13/><T49/><D14/><U15/><E15/><V39/><F39/><W95/><G29/><T88/><D49/><U121/><E121/><V105/><F105/><W11/><G11/><T56/><D10/><U125/><E125/><V94/><F94/><W119/><G9/><T42/><D120/><U82/><E82/><V108/><F108/><W28/><G119/><T90/><D5/><U19/><E19/><V76/><AGARI ba="0,2" hai="36,40,45,52,59,60,63,65,68,76,83,86,126,127" machi="76" ten="30,7900,0" yaku="1,1,0,1,52,1,54,1,53,0" doraHai="51" doraHaiUra="104" who="2" fromWho="2" sc="250,-20,240,-39,320,99,170,-20" />
</Scene>
<Scene>
<INIT seed="2,0,0,3,4,5" ten="230,201,419,150" oya="2" hai0="134,4,98,74,80,36,83,55,70,120,105,48,92" hai1="58,14,6,96,21,63,71,130,26,32,77,47,101" hai2="109,27,99,25,62,135,119,28,15,57,126,107,112" hai3="52,7,45,72,64,35,3,61,9,50,121,31,12"/><V116/><F112/><W2/><G121/><T1/><D70/><U33/><E71/><V128/><F27/><W122/><G122/><T82/><D36/><U123/><E123/><V41/><F41/><W110/><G110/><T132/><D4/><U66/><E77/><V89/><F109/><W23/><G72/><T56/><D1/><U111/><E130/><V34/><F128/><W76/><G76/><T113/><D105/><U108/><E47/><V131/><F131/><W84/><G84/><T115/><D120/><U85/><E85/><V17/><F135/><N who="0" m="51754" /><D74/><U19/><E32/><V73/><F73/><W95/><G95/><T90/><AGARI ba="0,0" hai="48,55,56,80,82,83,90,92,98,113,115" m="51754" machi="90" ten="30,1100,0" yaku="20,1" doraHai="5" who="0" fromWho="0" sc="230,11,201,-3,419,-5,150,-3" />
</Scene>
<Scene>
<INIT seed="3,0,0,5,1,108" ten="241,198,414,147" oya="3" hai0="50,16,118,126,69,58,64,96,109,22,90,20,101" hai1="78,98,17,28,41,77,46,24,29,89,11,52,54" hai2="2,121,37,7,19,92,106,26,67,135,33,95,59" hai3="83,13,34,84,122,44,48,70,14,73,35,75,130"/><W3/><G70/><T79/><D69/><U56/><E89/><V131/><F106/><W5/><G122/><T43/><D109/><U104/><E98/><V65/><F37/><W8/><G130/><T71/><D71/><U85/><E104/><V113/><F7/><W40/><G3/><T25/><D126/><U129/><E129/><V127/><F2/><W133/><G133/><T38/><D38/><U117/><E117/><V88/><F95/><W45/><G14/><T97/><D79/><U57/><E41/><V114/><F131/><W86/><G86/><T68/><D68/><U115/><E46/><V110/><F110/><W60/><G60/><T62/><D118/><U107/><E107/><V31/><F127/><W55/><G34/><T74/><D74/><U103/><E103/><V123/><F135/><W0/><G35/><T72/><D72/><U102/><E102/><V9/><F59/><W111/><G0/><T53/><D64/><N who="2" m="24650" /><F19/><W36/><REACH who="3" step="1"/><G111/><REACH who="3" ten="241,198,414,137" step="2"/><T30/><D62/><U81/><E85/><N who="2" m="52239" /><F9/><W91/><AGARI ba="0,1" hai="5,8,13,36,40,44,45,48,55,73,75,83,84,91" machi="91" ten="20,7800,0" yaku="1,1,0,1,7,1,53,1" doraHai="108" doraHaiUra="76" who="3" fromWho="3" sc="241,-26,198,-26,414,-26,137,88" />
</Scene>
<Scene>
<INIT seed="3,1,0,0,0,69" ten="215,172,388,225" oya="3" hai0="41,105,78,111,61,101,102,33,86,30,79,12,14" hai1="40,57,8,16,84,104,76,118,53,121,133,4,92" hai2="115,100,43,34,63,97,45,90,58,3,5,81,65" hai3="23,66,123,49,36,21,99,88,112,62,116,107,89"/><W38/><G116/><T10/><D14/><U70/><E104/><V96/><F34/><W131/><G112/><T55/><D30/><U37/><E121/><V108/><F115/><W28/><G123/><T106/><D33/><U52/><E70/><V64/><F108/><W109/><G49/><T2/><D2/><U9/><E118/><V117/><F117/><W31/><G131/><T48/><D41/><U75/><E133/><V125/><F125/><W32/><G109/><T128/><D106/><U39/><E75/><V11/><F81/><W17/><G31/><T122/><D105/><U35/><E35/><V85/><F100/><N who="3" m="62879" /><G17/><T110/><D128/><U119/><E119/><V94/><F65/><W77/><G77/><T127/><D127/><U132/><E132/><V44/><F44/><W113/><G21/><T93/><D122/><U42/><E16/><V134/><F134/><W19/><G113/><T129/><D61/><U47/><E57/><V126/><F126/><W72/><G72/><T87/><D129/><U46/><E92/><V0/><F0/><W51/><G51/><AGARI ba="1,0" hai="3,5,11,43,45,51,58,63,64,85,90,94,96,97" machi="51" ten="30,1000,0" yaku="7,1" doraHai="69" who="2" fromWho="3" sc="215,0,172,0,388,13,225,-13" />
</Scene>
<Scene>
<INIT seed="4,0,0,4,4,63" ten="215,172,401,212" oya="0" hai0="45,121,95,82,36,73,103,38,117,102,47,126,118" hai1="41,43,8,52,14,97,78,77,106,111,54,34,119" hai2="3,81,26,7,74,65,85,64,10,66,94,16,57" hai3="44,135,88,93,107,59,127,27,69,87,48,99,131"/><T55/><D121/><U51/><E111/><V116/><F74/><W2/><G69/><T17/><D126/><U68/><E119/><V109/><F109/><W50/><G2/><T15/><D73/><U35/><E68/><V120/><F120/><W110/><G127/><T124/><D82/><U79/><E106/><V33/><F94/><W39/><G110/><T90/><D124/><U22/><E97/><V113/><F113/><W23/><G131/><T21/><D36/><U46/><E22/><V19/><F116/><W75/><G75/><T11/><D38/><U122/><E122/><V115/><F115/><W128/><G128/><T108/><D108/><U20/><E20/><V134/><F134/><W105/><G135/><T61/><D117/><U132/><E132/><V58/><F19/><W83/><G39/><T133/><D133/><U72/><E72/><V49/><F49/><W129/><G129/><T76/><D76/><U0/><E0/><V71/><F71/><W31/><G59/><N who="0" m="35071" /><D11/><U18/><REACH who="1" step="1"/><E54/><REACH who="1" ten="215,162,401,212" step="2"/><V1/><F3/><W42/><REACH who="3" step="1"/><G48/><REACH who="3" ten="215,162,401,202" step="2"/><T28/><D118/><U86/><E86/><V9/><F1/><W130/><G130/><T67/><D28/><U32/><AGARI ba="0,2" hai="8,14,18,32,34,35,41,43,46,51,52,77,78,79" machi="32" ten="40,12000,2" yaku="1,1,0,1,54,1,53,3" doraHai="63" doraHaiUra="30" who="1" fromWho="1" sc="215,-60,162,140,401,-30,202,-30" />
</Scene>
<Scene>
<INIT seed="5,0,0,5,1,85" ten="155,302,371,172" oya="1" hai0="43,129,90,77,7,46,30,25,54,122,26,106,71" hai1="127,67,92,74,17,38,79,69,66,39,73,97,60" hai2="34,48,107,108,37,32,131,91,109,126,6,89,20" hai3="112,23,102,65,114,76,11,87,135,14,82,103,64"/><U81/><E127/><V33/><F107/><W24/><G135/><T52/><D106/><U63/><E17/><V10/><F37/><W120/><G120/><T50/><D71/><U58/><REACH who="1" step="1"/><E74/><REACH who="1" ten="155,292,371,172" step="2"/><V61/><F126/><W118/><G118/><T5/><D122/><U105/><E105/><V113/><F109/><W42/><G112/><T84/><D129/><U95/><E95/><V57/><F108/><W41/><G114/><T88/><D77/><U115/><E115/><V125/><F113/><W4/><G103/><AGARI ba="0,1" hai="38,39,58,60,63,66,67,69,73,79,81,92,97,103" machi="103" ten="30,11600,0" yaku="1,1,7,1,53,2" doraHai="85" doraHaiUra="59" who="1" fromWho="3" sc="155,0,292,126,371,0,172,-116" />
</Scene>
<Scene>
<INIT seed="5,1,0,5,1,133" ten="155,418,371,56" oya="1" hai0="63,53,37,21,110,118,106,69,80,129,100,32,112" hai1="108,23,85,107,88,90,34,91,13,51,116,9,95" hai2="4,5,128,127,7,71,14,61,58,8,29,125,86" hai3="78,28,48,18,62,11,26,87,59,96,105,6,0"/><U111/><E34/><V66/><F128/><W50/><G18/><T74/><RYUUKYOKU type="yao9" ba="1,0" sc="155,0,418,0,371,0,56,0" hai0="21,32,37,53,63,69,74,80,100,106,110,112,118,129" />
</Scene>
<Scene>
<INIT seed="5,2,0,3,5,47" ten="155,418,371,56" oya="1" hai0="78,95,93,37,1,129,46,96,123,118,105,29,51" hai1="67,14,28,63,97,90,10,84,111,116,133,3,77" hai2="127,88,82,104,32,0,44,121,100,21,25,6,19" hai3="99,76,66,20,26,57,50,81,34,62,126,8,91"/><U131/><E116/><V112/><F121/><W42/><G34/><T125/><D37/><U102/><E3/><V69/><F69/><W4/><G91/><T73/><D1/><U45/><E131/><V52/><F32/><W24/><G99/><T117/><D125/><U135/><E77/><V43/><F127/><W7/><G7/><T119/><D29/><U36/><E28/><V75/><F100/><W54/><G42/><T101/><D129/><U130/><E111/><V92/><F104/><W15/><G126/><T40/><REACH who="0" step="1"/><D123/><REACH who="0" ten="145,418,371,56" step="2"/><U23/><E130/><V30/><F0/><W49/><G20/><T109/><D109/><U115/><E23/><V79/><F30/><W35/><G35/><T114/><D114/><U33/><E33/><V85/><F112/><W31/><G31/><T12/><D12/><U89/><E115/><V74/><F6/><W53/><G53/><T120/><D120/><U65/><E14/><V128/><F128/><W9/><G9/><T17/><D17/><U41/><E10/><V64/><F64/><W59/><REACH who="3" step="1"/><G49/><REACH who="3" ten="145,418,371,46" step="2"/><T110/><D110/><U124/><E124/><V13/><F52/><W58/><G58/><T80/><AGARI ba="2,2" hai="40,46,51,73,78,80,93,95,96,101,105,117,118,119" machi="80" ten="40,5200,0" yaku="1,1,0,1,52,1,53,0" doraHai="47" doraHaiUra="48" who="0" fromWho="0" sc="145,78,418,-28,371,-15,46,-15" />
</Scene>
<Scene>
<INIT seed="6,0,0,3,3,47" ten="223,390,356,31" oya="2" hai0="67,127,119,79,55,30,0,12,107,104,7,124,20" hai1="88,35,131,109,57,5,91,96,102,98,117,37,90" hai2="108,29,50,120,103,4,87,61,44,115,16,112,48" hai3="125,25,122,89,40,53,85,116,18,133,73,2,14"/><V17/><F120/><W134/><G73/><T38/><D67/><U3/><E109/><V42/><F108/><W9/><G40/><T39/><D119/><U26/><E117/><V135/><F135/><N who="3" m="51723" /><G116/><T82/><D0/><U94/><E37/><V106/><F4/><N who="3" m="1175" /><G122/><T63/><D30/><U62/><E131/><V113/><F29/><W77/><G125/><T46/><D107/><U28/><E5/><V121/><F121/><W21/><G77/><T86/><D104/><U58/><E58/><V118/><F118/><W123/><G123/><T76/><D76/><U80/><E3/><V54/><F61/><W84/><G89/><T32/><D32/><U31/><E31/><V101/><F87/><N who="3" m="33355" /><G53/><T13/><D13/><AGARI ba="0,0" hai="13,14,18,21,25" m="33355,1175,51723" machi="13" ten="30,1000,0" yaku="20,1" doraHai="47" who="3" fromWho="0" sc="223,-10,390,0,356,0,31,10" />
</Scene>
<Scene>
<INIT seed="7,0,0,1,4,135" ten="213,390,356,41" oya="3" hai0="119,122,130,62,47,22,80,57,81,75,74,63,30" hai1="12,11,97,31,40,73,105,21,54,85,29,39,32" hai2="93,113,18,65,41,86,76,91,70,52,101,20,115" hai3="124,71,6,28,13,107,102,55,127,2,111,25,24"/><W19/><G71/><T129/><D119/><U14/><E73/><V117/><F117/><W114/><G102/><T56/><D47/><U112/><E32/><V9/><F41/><W68/><G68/><T125/><D22/><U8/><E112/><V4/><F76/><W43/><G43/><T69/><D69/><U59/><E39/><V16/><F101/><W7/><G107/><T109/><D30/><U66/><E66/><V95/><F65/><W33/><G55/><T77/><D77/><U110/><E110/><V98/><F70/><W92/><G92/><T94/><D94/><U131/><E40/><V89/><F20/><N who="3" m="11375" /><G114/><T10/><D10/><U133/><E105/><V1/><F115/><W106/><G106/><T78/><D78/><U84/><E97/><V104/><F113/><W36/><G36/><T128/><D128/><U72/><E131/><V53/><F104/><W51/><G51/><T118/><D118/><U35/><E35/><V46/><F53/><W48/><G48/><T103/><D103/><U99/><E99/><V58/><F46/><W121/><G121/><T79/><D79/><U132/><E72/><V90/><F90/><W5/><G111/><T3/><D3/><U100/><E100/><V50/><AGARI ba="0,0" hai="1,4,9,16,18,50,52,58,86,89,91,93,95,98" machi="50" ten="20,5200,0" yaku="0,1,7,1,54,2" doraHai="135" who="2" fromWho="2" sc="213,-13,390,-13,356,52,41,-26" owari="200,-20.0,377,18.0,408,50.0,15,-48.0" />
</Scene>
</mjloggm>