<mjloggm ver="2.3"><GO type="233" lobby="0"/><UN n0="%E3%81%95%E3%81%95%E3%81%95%E3%81%95" n1="%E3%82%80%E3%81%A3%E3%81%8D%E3%83%BC" n2="%E5%A4%AA%E3%81%8F%E3%81%AA%E3%81%84%E3%81%8A" n3="%E3%82%80%E3%81%A8%E3%81%85%E3%83%BC" dan="16,17,18,17" rate="2090.94,2218.53,2189.93,2187.54" sx="M,F,M,M"/><TAIKYOKU oya="0"/>

<Scene>
<INIT seed="0,0,0,4,2,67" ten="250,250,250,250" oya="0" hai0="115,25,61,23,100,36,128,49,3,11,112,102,63" hai1="16,131,53,37,12,2,42,80,32,117,72,7,41" hai2="66,28,65,90,50,51,88,119,1,126,43,130,33" hai3="122,81,135,27,95,56,83,10,4,9,124,94,15"/><T24/><D36/><U99/><E117/><V35/><F1/><W70/><G70/><T129/><D49/><U116/><E116/><V34/><F119/><W133/><G124/><T74/><D11/><U87/><E32/><V19/><F28/><W92/><G122/><T44/><D44/><U107/><E131/><V103/><F130/><W55/><G27/><T82/><D82/><U57/><E72/><V0/><F0/><W73/><G10/><T59/><D59/><U17/><E2/><V125/><F103/><W114/><G114/><T123/><D23/><U89/><E7/><V20/><F43/><W8/><G8/><T6/><D6/><U52/><E17/><V13/><F51/><W60/><REACH who="3" step="1"/><G73/><REACH who="3" ten="250,250,250,240" step="2"/><T48/><D74/><U79/><E37/><V21/><F21/><W58/><G58/><T18/><D123/><U5/><E57/><V64/><REACH who="2" step="1"/><F50/><REACH who="2" ten="250,250,240,240" step="2"/><W111/><G111/><T93/><D48/><U77/><E42/><V38/><F38/><W75/><G75/><T78/><D129/><U39/><E41/><V54/><F54/><W47/><G47/><T14/><D128/><U127/><E39/><V109/><F109/><W113/><G113/><T29/><D112/><U110/><E110/><V31/><F31/><W76/><G76/><T98/><D78/><U118/><E79/><V108/><F108/><W120/><G120/><T84/><D115/><U106/><E77/><V22/><F22/><W45/><G45/><T97/><D29/><U105/><E118/><V85/><F85/><W68/><G68/><T86/><D84/><U26/><E87/><RYUUKYOKU ba="0,2" sc="250,-15,250,-15,240,15,240,15" hai2="13,19,20,33,34,35,64,65,66,88,90,125,126" hai3="4,9,15,55,56,60,81,83,92,94,95,133,135" />
</Scene>
<Scene>
<INIT seed="1,1,2,4,3,99" ten="235,235,255,255" oya="1" hai0="115,9,84,1,14,18,49,95,21,132,90,46,33" hai1="26,120,68,51,69,131,42,55,56,122,13,74,16" hai2="80,39,117,100,88,118,124,112,82,72,37,134,93" hai3="121,19,11,41,6,104,103,10,52,128,24,127,85"/><U29/><E74/><V53/><F53/><W92/><G121/><T61/><D115/><U105/><E131/><V48/><F48/><W45/><G128/><T71/><D132/><U83/><E105/><V28/><F28/><W0/><G127/><T12/><D33/><U86/><E42/><V73/><F37/><W101/><G104/><T76/><D76/><U27/><E120/><V109/><F39/><W43/><G52/><T111/><D111/><U17/><E17/><V130/><F130/><W97/><G43/><T89/><D1/><U70/><E29/><V102/><F109/><W110/><G110/><T47/><D71/><U59/><E59/><V34/><F34/><W135/><G135/><T123/><D61/><U50/><E50/><V129/><F129/><W66/><G66/><T36/><D36/><U15/><E15/><V114/><F134/><W91/><G85/><N who="0" m="52655" /><D49/><U40/><E40/><V30/><F30/><W108/><G108/><T25/><D14/><U75/><E75/><N who="2" m="28747" /><F124/><W44/><G41/><T78/><D123/><U77/><REACH who="1" step="1"/><E122/><REACH who="1" ten="235,225,255,255" step="2"/><V23/><F114/><W107/><G107/><T126/><D126/><U5/><E5/><V31/><F112/><W125/><G125/><T65/><D12/><U2/><E2/><V64/><F31/><W58/><G58/><T113/><D18/><U38/><E38/><V87/><F23/><AGARI ba="1,3" hai="13,16,23,26,27,51,55,56,68,69,70,77,83,86" machi="23" ten="40,3900,0" yaku="1,1,54,1,53,0" doraHai="99" doraHaiUra="133" who="1" fromWho="2" sc="235,0,225,72,255,-42,255,0" />
</Scene>
<Scene>
<INIT seed="1,2,0,0,4,107" ten="235,297,213,255" oya="1" hai0="55,101,45,78,70,115,41,48,81,84,14,23,116" hai1="112,11,110,37,79,32,104,119,58,56,83,124,134" hai2="25,35,27,133,73,125,9,132,111,75,51,42,3" hai3="52,59,15,0,82,62,121,13,38,86,17,103,85"/><U40/><E119/><V10/><F111/><W65/><G0/><T129/><D116/><U77/><E112/><V20/><F125/><W61/><G121/><T88/><D70/><U97/><E32/><V92/><F35/><W67/><G38/><T49/><D129/><U60/><E124/><V31/><F92/><W128/><G128/><T120/><D120/><U6/><E79/><V127/><F127/><W87/><G103/><T50/><D101/><N who="1" m="62511" /><E60/><V94/><F94/><W36/><G36/><T68/><D68/><U53/><E53/><V63/><F63/><W131/><G131/><T24/><D14/><U71/><E71/><V117/><F117/><W2/><G2/><T18/><D115/><U80/><E80/><V22/><F3/><W93/><G93/><T66/><D66/><N who="3" m="25097" /><G62/><T44/><D49/><U109/><E134/><N who="2" m="51819" /><F51/><W76/><G15/><T33/><D33/><U100/><E100/><V5/><F42/><W26/><G26/><T91/><AGARI ba="2,0" hai="18,23,24,41,44,45,48,50,55,78,81,84,88,91" machi="91" ten="30,4000,0" yaku="0,1,8,1,54,1" doraHai="107" who="0" fromWho="0" sc="235,46,297,-22,213,-12,255,-12" />
</Scene>
<Scene>
<INIT seed="2,0,0,1,1,87" ten="281,275,201,243" oya="2" hai0="135,96,122,50,10,78,70,86,24,23,67,93,15" hai1="81,14,100,49,39,61,125,40,69,131,7,92,132" hai2="72,44,52,66,112,104,64,119,82,5,129,95,74" hai3="79,37,128,47,60,36,41,101,116,134,98,83,71"/><V121/><F104/><N who="3" m="63543" /><G116/><T133/><D122/><U54/><E132/><N who="0" m="50761" /><D50/><U22/><E131/><V126/><F119/><W113/><G134/><T33/><D33/><U117/><E125/><V13/><F121/><W102/><G102/><T120/><D120/><U107/><E107/><V30/><F112/><W46/><G128/><T42/><D42/><U18/><E39/><V94/><F129/><W65/><G113/><T75/><D75/><U130/><E130/><V109/><F126/><W62/><G62/><N who="0" m="40311" /><D86/><U17/><E61/><V6/><F30/><W16/><G47/><T34/><D78/><U127/><E127/><V118/><F118/><W20/><G36/><T105/><D105/><U114/><E40/><V11/><F109/><W106/><G106/><T68/><D68/><U9/><E69/><V90/><F6/><W35/><G35/><T111/><D34/><U28/><E7/><V91/><F72/><N who="3" m="43495" /><G16/><N who="0" m="8311" /><D111/><U76/><E117/><V27/><F27/><W21/><G21/><T32/><D32/><U77/><E22/><V3/><F3/><W57/><G20/><T19/><D19/><U58/><E18/><V99/><F74/><W73/><G57/><T123/><D23/><U55/><E114/><V97/><F82/><W26/><G26/><T1/><D24/><U48/><E81/><V51/><AGARI ba="0,0" hai="5,11,13,44,51,52,64,66,90,91,94,95,97,99" machi="51" ten="30,18000,2" yaku="0,1,9,1,8,1,52,2,54,1" doraHai="87" who="2" fromWho="2" sc="281,-60,275,-60,201,180,243,-60" />
</Scene>
<Scene>
<INIT seed="2,1,0,0,3,29" ten="221,215,381,183" oya="2" hai0="38,117,69,91,66,135,126,67,92,61,97,130,93" hai1="11,21,119,98,121,96,27,14,115,113,49,43,57" hai2="48,82,112,22,106,125,118,84,63,70,19,71,34" hai3="99,75,68,3,17,35,37,53,109,79,25,4,23"/><V90/><F112/><W36/><G68/><T78/><D78/><U6/><E119/><V103/><F118/><W80/><G109/><T128/><D117/><U131/><E131/><N who="0" m="50217" /><D126/><U83/><E121/><V26/><F125/><W81/><G81/><T1/><D1/><U40/><E115/><V124/><F124/><W2/><G2/><T47/><D67/><U72/><E72/><V101/><F106/><W44/><G99/><N who="1" m="37930" /><E83/><V8/><F34/><W41/><G53/><T104/><D104/><U39/><BYE who="0" /><E39/><V50/><F71/><W52/><G52/><T24/><D24/><U85/><E85/><UN n0="%E3%81%95%E3%81%95%E3%81%95%E3%81%95" /><V59/><F70/><W134/><G134/><T127/><D127/><U74/><E74/><V15/><F101/><W133/><G133/><T18/><D18/><N who="1" m="12727" /><E113/><V42/><F42/><N who="1" m="15913" /><E49/><V76/><F103/><W111/><G111/><T62/><D38/><U65/><E65/><N who="2" m="39167" /><F76/><W87/><G36/><T123/><D123/><U56/><AGARI ba="1,0" hai="6,11,14,56,57" m="15913,12727,37930" machi="56" ten="30,1100,0" yaku="8,1" doraHai="29" who="1" fromWho="1" sc="221,-4,215,14,381,-6,183,-4" />
</Scene>
<Scene>
<INIT seed="3,0,0,5,0,49" ten="217,229,375,179" oya="3" hai0="4,111,65,38,110,54,25,46,134,115,45,79,75" hai1="129,92,88,24,91,103,107,96,37,123,69,84,128" hai2="81,0,61,2,120,56,113,130,51,94,95,135,82" hai3="6,77,133,18,26,19,58,105,80,30,122,44,85"/><W31/><G122/><T114/><D4/><U27/><E37/><V118/><F113/><N who="0" m="43018" /><D65/><U93/><E69/><V78/><F118/><W43/><G105/><T102/><D102/><U12/><E12/><V33/><F33/><W50/><G133/><T66/><D66/><U60/><E60/><V62/><F135/><W41/><G31/><T13/><D25/><U72/><E24/><V121/><F51/><W36/><G6/><T35/><D35/><U21/><E72/><V106/><F106/><W42/><G58/><T67/><D67/><U59/><E59/><V8/><F56/><W90/><G77/><T15/><D134/><U5/><E5/><V108/><F78/><W9/><G36/><T109/><D75/><U126/><E123/><V132/><F132/><W52/><REACH who="3" step="1"/><G9/><REACH who="3" ten="217,229,375,169" step="2"/><T89/><D79/><U112/><E112/><V22/><F8/><W116/><G116/><T73/><D38/><U64/><E107/><V71/><F71/><W125/><G125/><T57/><D57/><U131/><E126/><V34/><F120/><W63/><G63/><T98/><D109/><U23/><E64/><V99/><F121/><W11/><G11/><T14/><D110/><U97/><E23/><AGARI ba="0,1" hai="18,19,23,26,30,41,42,43,44,50,52,80,85,90" machi="23" ten="40,12000,1" yaku="1,1,8,1,52,1,54,1,53,0" doraHai="49" doraHaiUra="101" who="3" fromWho="1" sc="217,0,229,-120,375,0,169,130" />
</Scene>
<Scene>
<INIT seed="3,1,0,3,1,106" ten="217,109,375,299" oya="3" hai0="28,88,118,113,9,83,102,36,107,22,80,104,74" hai1="73,4,99,47,33,64,76,128,24,112,111,70,49" hai2="117,109,35,119,68,34,39,115,124,131,105,133,67" hai3="13,98,125,89,122,62,23,84,72,92,66,95,69"/><W82/><G122/><T0/><D36/><U61/><E112/><V123/><F67/><W65/><G125/><T8/><D118/><U2/><E111/><V11/><F11/><W110/><G110/><T81/><D113/><U17/><E128/><V58/><F58/><W45/><G66/><T63/><D63/><U57/><E70/><V14/><F14/><W41/><G72/><T5/><D9/><U44/><E4/><V21/><F21/><W55/><G55/><T134/><D134/><U71/><E2/><V20/><F20/><W30/><G98/><T54/><D104/><U26/><E26/><V42/><F42/><W51/><REACH who="3" step="1"/><G30/><REACH who="3" ten="217,109,375,289" step="2"/><T16/><D28/><U6/><E73/><V15/><F119/><W116/><G116/><T60/><D74/><U101/><E64/><V3/><F15/><W103/><G103/><T135/><D135/><U25/><E99/><V120/><F120/><W46/><G46/><T97/><D54/><U27/><E101/><V18/><F18/><AGARI ba="1,1" hai="13,18,23,41,45,51,62,65,69,82,84,89,92,95" machi="18" ten="40,3900,0" yaku="1,1,53,1" doraHai="106" doraHaiUra="78" who="3" fromWho="2" sc="217,0,109,0,375,-42,289,52" />
</Scene>
<Scene>
<INIT seed="3,2,0,5,1,22" ten="217,109,333,341" oya="3" hai0="34,131,45,19,12,104,55,53,124,46,70,84,21" hai1="135,85,37,25,51,68,75,115,108,26,33,13,127" hai2="2,96,100,103,4,119,125,73,89,90,72,78,98" hai3="3,102,113,93,18,20,99,71,76,38,27,88,11"/><W8/><G113/><T101/><D70/><U79/><E37/><V112/><F4/><W43/><G71/><T60/><D124/><U74/><E33/><V69/><F2/><W9/><G76/><T83/><D131/><U106/><E115/><V23/><F69/><W35/><G35/><T81/><D34/><U10/><E106/><N who="2" m="63751" /><F23/><W80/><G38/><T110/><D110/><U132/><E127/><V66/><F66/><W97/><G43/><T130/><D130/><U65/><E108/><V15/><F15/><W41/><G41/><T95/><D104/><U118/><E118/><V31/><F31/><W62/><G62/><T94/><D101/><U61/><E51/><V42/><F42/><W133/><G133/><N who="1" m="51274" /><E85/><V54/><F54/><N who="0" m="20490" /><D60/><U59/><E68/><V40/><F40/><W30/><G3/><T86/><D86/><U24/><E79/><V91/><F112/><W126/><G126/><T64/><D64/><U122/><E122/><V111/><F111/><W0/><G0/><T117/><D117/><U48/><E48/><V58/><F125/><W116/><G116/><T1/><D1/><U56/><E56/><V114/><F58/><W87/><REACH who="3" step="1"/><G99/><REACH who="3" ten="217,109,333,331" step="2"/><T39/><D39/><U52/><E65/><V57/><F114/><W92/><G92/><T49/><D94/><U17/><AGARI ba="2,1" hai="10,13,17,24,25,26,52,59,61,74,75" m="51274" machi="17" ten="30,8000,1" yaku="20,1,52,3,54,1" doraHai="22" who="1" fromWho="1" sc="217,-22,109,96,333,-22,331,-42" />
</Scene>
<Scene>
<INIT seed="4,0,0,5,4,7" ten="195,205,311,289" oya="0" hai0="4,94,40,44,34,99,50,32,29,42,98,59,131" hai1="52,111,75,53,2,33,66,72,133,120,135,31,125" hai2="132,46,100,48,127,38,130,67,20,78,113,106,79" hai3="45,47,134,110,83,13,89,8,87,15,71,121,17"/><T108/><D108/><U37/><E111/><V21/><F38/><W36/><G110/><T49/><D131/><U107/><E120/><V54/><F130/><W12/><G121/><T41/><D34/><U128/><E37/><V82/><F113/><W24/><G71/><T77/><D77/><N who="2" m="29194" /><F106/><W116/><G116/><T124/><D124/><U101/><E128/><V51/><F127/><W11/><G134/><T35/><D35/><U25/><E125/><V114/><F114/><W10/><G36/><T103/><D98/><N who="1" m="61879" /><E2/><V92/><F132/><N who="1" m="50761" /><E66/><V55/><F67/><W70/><G70/><T81/><D81/><U19/><E19/><V104/><F104/><W109/><G109/><T105/><D105/><U22/><E33/><V86/><F92/><W123/><G123/><T90/><D103/><U6/><E6/><V112/><F100/><W117/><G117/><T85/><D99/><U64/><E64/><V30/><F30/><W95/><G95/><T93/><D93/><U88/><E88/><N who="2" m="51287" /><F112/><W115/><G115/><T76/><D76/><U62/><E62/><V91/><F91/><W56/><G56/><AGARI ba="0,0" hai="20,21,46,48,51,54,55,56" m="51287,29194" machi="56" ten="30,2000,0" yaku="8,1,54,1" doraHai="7" who="2" fromWho="3" sc="195,0,205,0,311,20,289,-20" />
</Scene>
<Scene>
<INIT seed="5,0,0,0,2,7" ten="195,205,331,269" oya="1" hai0="51,25,126,125,85,37,50,133,54,68,113,110,90" hai1="32,64,41,81,116,109,122,40,107,78,55,45,46" hai2="84,19,87,5,42,77,105,71,23,92,72,3,111" hai3="67,120,89,18,94,8,131,123,28,70,57,26,33"/><U13/><E122/><V9/><F105/><W62/><G131/><T24/><D110/><U53/><E107/><V21/><F71/><W16/><G70/><T30/><D37/><U39/><E32/><V34/><F34/><W75/><G75/><T59/><D68/><U11/><E64/><V121/><F111/><W44/><G44/><T73/><D73/><U10/><E116/><V128/><F121/><W130/><G130/><T108/><D108/><U15/><E109/><V38/><F128/><W63/><G63/><T119/><D119/><U69/><E69/><V27/><F92/><W95/><G95/><T101/><D101/><U35/><E35/><V88/><F88/><W56/><G56/><T118/><D118/><U97/><E97/><V29/><F23/><W6/><G120/><T82/><D113/><U74/><E15/><V65/><F29/><W96/><REACH who="3" step="1"/><G123/><REACH who="3" ten="195,205,331,259" step="2"/><T112/><D112/><U20/><E46/><N who="2" m="23895" /><F65/><W103/><G103/><T47/><D47/><U17/><REACH who="1" step="1"/><E41/><REACH who="1" ten="195,195,331,259" step="2"/><V76/><F3/><AGARI ba="0,2" hai="3,6,8,16,18,26,28,33,57,62,67,89,94,96" machi="3" ten="30,7700,0" yaku="1,1,7,1,52,1,54,1,53,0" doraHai="7" doraHaiUra="80" who="3" fromWho="2" sc="195,0,195,0,331,-77,259,97" />
</Scene>
<Scene>
<INIT seed="6,0,0,5,3,48" ten="195,195,254,356" oya="2" hai0="30,96,64,81,93,72,22,10,112,133,75,39,73" hai1="101,103,44,83,129,9,20,16,60,63,58,36,87" hai2="25,127,124,28,15,12,1,41,14,89,84,107,125" hai3="59,98,88,2,0,40,86,37,13,56,130,24,51"/><V35/><F1/><W11/><G130/><T78/><D39/><U92/><E129/><V50/><F107/><W131/><G131/><T27/><D133/><U66/><E36/><V34/><F41/><W42/><G37/><T106/><D106/><U3/><E44/><V18/><F50/><W95/><G0/><T109/><D109/><U46/><E46/><V70/><F70/><W115/><G2/><T120/><D120/><U117/><E117/><V134/><F134/><W91/><G24/><T121/><D121/><U90/><E83/><N who="2" m="49311" /><F35/><W55/><G56/><T23/><D10/><AGARI ba="0,0" hai="10,12,14,15,18,25,28,34,124,125,127" m="49311" machi="10" ten="30,1500,0" yaku="18,1" doraHai="48" who="2" fromWho="0" sc="195,-15,195,0,254,15,356,0" />
</Scene>
<Scene>
<INIT seed="6,1,0,0,2,77" ten="180,195,269,356" oya="2" hai0="56,55,6,67,37,69,12,65,82,128,93,105,26" hai1="107,63,51,92,78,33,108,72,126,110,116,111,36" hai2="48,75,125,134,121,135,122,61,22,1,114,4,76" hai3="84,43,81,96,71,3,68,79,2,90,27,70,103"/><V64/><F22/><W97/><G43/><T101/><D105/><U5/><E5/><V49/><F4/><W102/><G27/><T0/><D0/><U60/><E36/><V18/><F18/><W17/><G17/><T124/><D124/><U57/><E107/><V30/><F30/><W16/><G16/><T50/><D37/><U47/><E33/><V28/><F28/><W86/><G97/><N who="0" m="59567" /><D69/><U113/><E126/><V15/><F15/><W106/><REACH who="3" step="1"/><G103/><REACH who="3" ten="180,195,269,346" step="2"/><T80/><D128/><U99/><E111/><V123/><F125/><W11/><G11/><N who="0" m="4215" /><D26/><U118/><E110/><V44/><F122/><W74/><G74/><T35/><D35/><U98/><E108/><V119/><F121/><W8/><G8/><T34/><D34/><U133/><E72/><V132/><F123/><W46/><G46/><T109/><D109/><U42/><E47/><V20/><F44/><W58/><G58/><T112/><D112/><U53/><E113/><V59/><F20/><W73/><G73/><T41/><D41/><U10/><E42/><V91/><F114/><W32/><G32/><T31/><D31/><U39/><E10/><V95/><F75/><W104/><G104/><T13/><D13/><U85/><E57/><V54/><F59/><W120/><G120/><T45/><D45/><U14/><E14/><V40/><F40/><W38/><G38/><T7/><D7/><U127/><E39/><V24/><F24/><W117/><G117/><T130/><D130/><U88/><E118/><V21/><F21/><W62/><G62/><T25/><D25/><U19/><E116/><RYUUKYOKU ba="1,1" sc="180,15,195,-15,269,-15,346,15" hai0="50,55,56,65,67,80,82" hai3="2,3,68,70,71,79,81,84,86,90,96,102,106" />
</Scene>
<Scene>
<INIT seed="7,2,1,2,5,23" ten="195,180,254,361" oya="3" hai0="84,121,32,48,85,73,31,7,16,0,83,132,37" hai1="40,97,30,43,44,76,14,116,39,92,104,117,91" hai2="35,9,67,13,71,122,112,65,36,106,101,77,113" hai3="111,135,18,12,26,49,8,130,15,1,90,128,107"/><W33/><G107/><T51/><D37/><U56/><E104/><V5/><F36/><W29/><G111/><T105/><D105/><U69/><E69/><V108/><F108/><W20/><G135/><T134/><D73/><U120/><E120/><V103/><F35/><W57/><G90/><T126/><D121/><U38/><E76/><V6/><F122/><W46/><G57/><T118/><D118/><N who="1" m="45675" /><E30/><V62/><F77/><W80/><G80/><T53/><D126/><U10/><E56/><V54/><F67/><W98/><G98/><T58/><D48/><N who="1" m="26631" /><E43/><V93/><F106/><W89/><G1/><T124/><D124/><U70/><E70/><V42/><F42/><W24/><G33/><T25/><D16/><AGARI ba="2,1" hai="10,14,16,38,39,91,92,97" m="26631,45675" machi="16" ten="30,2000,0" yaku="12,1,54,1" doraHai="23" who="1" fromWho="0" sc="195,-26,180,36,254,0,361,0" owari="169,-33.0,216,-18.0,254,5.0,361,46.0" />
</Scene>
</mjloggm>