<mjloggm ver="2.3"><GO type="225" lobby="0"/><UN n0="%E5%A4%AA%E3%81%8F%E3%81%AA%E3%81%84%E3%81%8A" n1="%E4%BC%9D%E8%AA%AC%E3%81%AE%E3%81%B2%E3%82%88%E3%81%93" n2="%E9%88%B4%E4%BE%8D" n3="%E9%BA%BB%E9%9B%80%E7%89%87%E6%83%B3%E3%81%84" dan="18,16,17,16" rate="2220.01,2086.72,2163.96,2105.21" sx="M,F,M,M"/><TAIKYOKU oya="0"/>

<Scene>
<INIT seed="0,0,0,3,3,61" ten="250,250,250,250" oya="0" hai0="28,92,128,86,46,5,36,19,107,23,104,113,14" hai1="6,134,65,130,72,120,103,125,48,91,123,74,49" hai2="54,83,84,50,11,97,77,30,80,135,69,0,81" hai3="90,98,118,43,29,33,27,47,64,9,88,124,58"/><T109/><D113/><U111/><E103/><V122/><F122/><W63/><G124/><T129/><D5/><U2/><E91/><V12/><F69/><W22/><G118/><T35/><D35/><U102/><E102/><V96/><F0/><W40/><G33/><T41/><D28/><U66/><E125/><V100/><F30/><W21/><G21/><T70/><D70/><U93/><E93/><N who="2" m="58383" /><F97/><W3/><G98/><T116/><D116/><U15/><E111/><V115/><F135/><W95/><G95/><T132/><D132/><U56/><E130/><N who="0" m="50281" /><D109/><U114/><E134/><V34/><F34/><W101/><G101/><T18/><D18/><U105/><E15/><V99/><F99/><W94/><G94/><T7/><D7/><U26/><E6/><N who="2" m="3191" /><F115/><W76/><G76/><T87/><D92/><U55/><E2/><V89/><F89/><W121/><G121/><T8/><D8/><U75/><E114/><V45/><AGARI ba="0,0" hai="45,50,54,77,80,81,83,84" m="3191,58383" machi="45" ten="30,1100,0" yaku="8,1" doraHai="61" who="2" fromWho="2" sc="250,-5,250,-3,250,11,250,-3" />
</Scene>
<Scene>
<INIT seed="1,0,0,1,1,39" ten="245,247,261,247" oya="1" hai0="71,35,94,82,70,121,112,29,19,123,85,78,8" hai1="55,22,36,60,132,15,87,40,111,90,96,44,128" hai2="58,57,79,116,30,125,129,7,95,41,124,25,120" hai3="75,67,86,53,98,50,115,133,21,130,119,43,110"/><U13/><E128/><V118/><F120/><N who="0" m="46154" /><D112/><U97/><E132/><V69/><F69/><N who="0" m="26122" /><D94/><U49/><E60/><V4/><F79/><W117/><G115/><T2/><D19/><U134/><E134/><V88/><F41/><W47/><G133/><T65/><D65/><U5/><E15/><V126/><F57/><W74/><G130/><T114/><D114/><U66/><E66/><V104/><F58/><W27/><G67/><T106/><D106/><U23/><E23/><N who="2" m="15679" /><F104/><W109/><G98/><T131/><D131/><U62/><E111/><N who="3" m="42506" /><G53/><T16/><D2/><U6/><E6/><N who="2" m="2091" /><F129/><W24/><G86/><AGARI ba="0,0" hai="86,88,95,116,118,124,125,126" m="2091,15679" machi="86" ten="30,2000,0" yaku="18,1,54,1" doraHai="39" who="2" fromWho="3" sc="245,0,247,0,261,20,247,-20" />
</Scene>
<Scene>
<INIT seed="2,0,0,0,4,76" ten="245,247,281,227" oya="2" hai0="35,68,4,87,113,5,48,134,130,117,3,41,94" hai1="57,25,27,50,103,115,92,59,96,60,15,93,98" hai2="121,88,86,84,14,53,62,51,30,129,89,120,122" hai3="31,100,105,107,82,109,71,56,1,49,135,47,10"/><V75/><F75/><W8/><G71/><T81/><D113/><U17/><E115/><V83/><F129/><W61/><G109/><T85/><D68/><U128/><E128/><V79/><F62/><W124/><G135/><T39/><D35/><U64/><E50/><V114/><F114/><W72/><G124/><T63/><D39/><U65/><E57/><V125/><F125/><W44/><G31/><T132/><D130/><U108/><E65/><V111/><F111/><W37/><G37/><T90/><D63/><U99/><E108/><V106/><F106/><W119/><G119/><T69/><D69/><U11/><REACH who="1" step="1"/><E99/><REACH who="1" ten="245,237,281,227" step="2"/><V112/><F112/><W102/><G49/><T55/><D117/><U133/><E133/><V34/><F120/><W54/><G56/><T45/><D134/><U38/><E38/><V46/><F121/><W20/><G61/><T9/><D132/><U28/><E28/><V131/><F131/><W21/><G47/><T80/><D55/><U13/><E13/><V95/><F122/><W23/><G44/><T16/><D3/><U110/><E110/><V19/><F30/><W2/><G54/><T52/><D41/><U18/><E18/><V24/><F19/><W29/><G29/><T58/><D58/><U91/><AGARI ba="0,1" hai="11,15,17,25,27,59,60,64,91,92,93,96,98,103" machi="91" ten="20,5200,0" yaku="1,1,0,1,7,1,8,1,53,0" doraHai="76" doraHaiUra="101" who="1" fromWho="1" sc="245,-13,237,62,281,-26,227,-13" />
</Scene>
<Scene>
<INIT seed="3,0,0,4,5,39" ten="232,299,255,214" oya="3" hai0="81,82,80,122,37,45,56,36,53,123,76,128,88" hai1="30,91,2,74,116,44,3,85,73,112,28,48,13" hai2="68,8,83,17,54,107,115,94,43,121,26,34,86" hai3="47,89,38,16,9,69,114,22,1,62,41,20,100"/><W119/><G119/><T49/><D128/><U21/><E112/><V129/><F107/><W103/><G114/><T90/><D76/><U99/><E99/><V120/><F115/><W29/><G89/><T63/><D37/><U59/><E59/><V113/><F113/><W7/><G29/><T51/><D36/><U105/><E105/><V125/><F68/><W60/><G22/><T135/><D135/><U11/><E74/><V93/><F8/><W109/><G109/><T75/><D75/><U134/><E73/><V50/><F129/><W31/><G31/><T117/><D49/><U72/><E72/><V96/><F96/><W124/><G124/><T66/><REACH who="0" step="1"/><D117/><REACH who="0" ten="222,299,255,214" step="2"/><U102/><E134/><V67/><F125/><W10/><G10/><T79/><D79/><U57/><E48/><V14/><F50/><W40/><G40/><T15/><D15/><U92/><E13/><V71/><F14/><W110/><G110/><T65/><D65/><U64/><E64/><V77/><F43/><W33/><G33/><T98/><D98/><U19/><E3/><V97/><F34/><W35/><G35/><T18/><D18/><U6/><E19/><V131/><F131/><W78/><G78/><T25/><D25/><U24/><E116/><V46/><F26/><N who="3" m="14599" /><G62/><T87/><D87/><U27/><E2/><V4/><F120/><AGARI ba="0,1" hai="45,51,53,56,63,66,80,81,82,88,90,120,122,123" machi="120" ten="40,8000,1" yaku="1,1,54,1,53,2" doraHai="39" doraHaiUra="84" who="0" fromWho="2" sc="222,90,299,0,255,-80,214,0" owari="312,41.0,299,10.0,175,-32.0,214,-19.0" />
</Scene>
</mjloggm>