<mjloggm ver="2.3"><GO type="169" lobby="0"/><UN n0="%E3%81%91%E3%82%93%31%39%37%30" n1="%E5%B7%9D%E6%9D%91%E6%99%83%E8%A3%95%EF%BC%88%E4%B8%A1%E6%96%B9%EF%BC%89" n2="%E5%A4%AA%E3%81%8F%E3%81%AA%E3%81%84%E3%81%8A" n3="%E3%81%B5%E3%81%8B%E3%81%98" dan="17,18,17,16" rate="2181.24,2110.96,2191.49,2080.37" sx="M,M,M,M"/><TAIKYOKU oya="0"/>

<Scene>
<INIT seed="0,0,0,0,0,83" ten="250,250,250,250" oya="0" hai0="134,122,37,114,58,101,132,67,30,4,40,88,133" hai1="116,28,53,27,72,0,107,10,81,68,94,131,117" hai2="78,22,99,54,128,57,79,120,127,7,118,20,1" hai3="47,26,38,8,80,41,52,84,96,66,35,21,17"/><T135/><D114/><U71/><E107/><V90/><F120/><W124/><G66/><T59/><D122/><U34/><E131/><V98/><F128/><W110/><G110/><T119/><D119/><N who="1" m="45643" /><E94/><V97/><F118/><W61/><G96/><T74/><D74/><U19/><E53/><V24/><F127/><W15/><G35/><T32/><D101/><U11/><E19/><N who="2" m="12319" /><F1/><W2/><G2/><T92/><D4/><N who="1" m="1287" /><E11/><V104/><F7/><W33/><G124/><T123/><D123/><U6/><E6/><V29/><F104/><W103/><G103/><T109/><D109/><U9/><E9/><V112/><F90/><W93/><G93/><T85/><D67/><U89/><E89/><V111/><F111/><W64/><G33/><T73/><D73/><U108/><E108/><V5/><F5/><W76/><G52/><T18/><D18/><U14/><E14/><V31/><F112/><W56/><G8/><T100/><D100/><U55/><E55/><V125/><F125/><W62/><G62/><T113/><D113/><U129/><E129/><V13/><F13/><W91/><G91/><T16/><D16/><U70/><E70/><V25/><F29/><W102/><REACH who="3" step="1"/><G102/><REACH who="3" ten="250,250,250,240" step="2"/><T49/><D132/><U86/><E71/><V42/><F42/><W115/><G115/><T44/><D37/><U65/><E68/><V63/><AGARI ba="0,1" hai="22,25,31,54,57,63,78,79,97,98,99" m="12319" machi="63" ten="30,1100,0" yaku="8,1" doraHai="83" who="2" fromWho="2" sc="250,-5,250,-3,250,21,240,-3" />
</Scene>
<Scene>
<INIT seed="1,0,0,5,1,66" ten="245,247,271,237" oya="1" hai0="42,10,12,56,9,115,120,111,99,40,94,125,7" hai1="19,104,121,25,135,8,80,54,88,5,23,31,38" hai2="13,114,49,102,73,128,65,57,110,134,48,41,84" hai3="37,116,127,82,67,2,43,6,45,123,130,81,69"/><U32/><E121/><V64/><F73/><W59/><G123/><T98/><D115/><U34/><E104/><V133/><F102/><W76/><G81/><T68/><D111/><U90/><E38/><V35/><F35/><W62/><G130/><T70/><D125/><U108/><E135/><N who="2" m="51723" /><F110/><W106/><G106/><T112/><D112/><U22/><E108/><V15/><F114/><W11/><G127/><T132/><D120/><U1/><E34/><V129/><F84/><W109/><G109/><T86/><D86/><U39/><E39/><V27/><F27/><W60/><G116/><T55/><D10/><U24/><E80/><V79/><F79/><W36/><G36/><T126/><D126/><U77/><E77/><V83/><F83/><W101/><G101/><T72/><D72/><U28/><REACH who="1" step="1"/><E54/><REACH who="1" ten="245,237,271,237" step="2"/><V17/><F129/><W52/><G82/><T29/><D132/><U47/><E47/><V44/><F128/><W113/><G113/><T51/><D42/><U119/><E119/><V97/><F44/><W71/><REACH who="3" step="1"/><G76/><REACH who="3" ten="245,237,271,227" step="2"/><T20/><D94/><U46/><E46/><V87/><F41/><W105/><G105/><T14/><D40/><U124/><E124/><V4/><F65/><W85/><G85/><T117/><D117/><U0/><E0/><V107/><F87/><W100/><G100/><T63/><D99/><U61/><E61/><N who="2" m="37935" /><F107/><W118/><G118/><T96/><D63/><U93/><E93/><V74/><F97/><W30/><G30/><T16/><D29/><U103/><E103/><V95/><F95/><W18/><G18/><T33/><D33/><RYUUKYOKU ba="0,2" sc="245,10,237,10,271,-30,227,10" hai0="7,9,12,14,16,20,51,55,56,68,70,96,98" hai1="1,5,8,19,22,23,24,25,28,31,32,88,90" hai3="2,6,11,37,43,45,52,59,60,62,67,69,71" />
</Scene>
<Scene>
<INIT seed="1,1,2,1,5,113" ten="255,247,241,237" oya="1" hai0="102,27,16,9,133,120,101,118,68,121,67,63,10" hai1="0,32,123,49,36,56,109,47,70,1,64,92,78" hai2="130,127,107,132,116,38,41,122,90,72,134,48,96" hai3="65,94,59,98,44,22,99,42,5,25,3,20,34"/><U4/><E123/><N who="0" m="47177" /><D133/><N who="2" m="51306" /><F122/><W69/><G69/><T58/><D68/><U97/><E78/><V12/><F72/><W126/><G34/><T23/><D118/><U125/><E92/><V83/><F38/><W13/><G3/><T131/><D131/><U80/><E56/><V77/><F130/><W46/><G126/><T112/><D112/><U40/><E49/><V95/><F127/><W87/><G87/><T53/><D67/><U29/><E36/><V114/><F114/><W81/><G81/><T85/><D85/><U51/><E80/><V128/><F128/><W7/><G98/><T100/><AGARI ba="1,2" hai="9,10,16,23,27,53,58,63,100,101,102" m="47177" machi="100" ten="30,2000,0" yaku="13,1,54,1" doraHai="113" who="0" fromWho="0" sc="255,43,247,-11,241,-6,237,-6" />
</Scene>
<Scene>
<INIT seed="2,0,0,2,0,110" ten="298,236,235,231" oya="2" hai0="52,43,54,60,116,114,89,38,122,123,101,132,8" hai1="104,82,134,135,6,90,109,84,73,65,28,87,85" hai2="96,2,88,10,92,131,78,15,51,48,86,23,18" hai3="99,1,124,40,47,106,69,105,108,98,0,57,19"/><V36/><F36/><W133/><G69/><T34/><D34/><U4/><E109/><V117/><F117/><W130/><G108/><T102/><D116/><U63/><E104/><V16/><F131/><W50/><G130/><T119/><D119/><U53/><E53/><V64/><F64/><W62/><G124/><T27/><D27/><U91/><E28/><V79/><F2/><W37/><G37/><T55/><D8/><U21/><E21/><V20/><F10/><W32/><G32/><T97/><D132/><N who="1" m="50731" /><E73/><V30/><F30/><W103/><G133/><T41/><D60/><U70/><E85/><V61/><F61/><W5/><G19/><T126/><D38/><U72/><E72/><V9/><F9/><W75/><G75/><T83/><D126/><U25/><E25/><N who="2" m="14471" /><F86/><W112/><G5/><T44/><D44/><U68/><E68/><V93/><F93/><AGARI ba="0,0" hai="4,6,63,65,70,82,84,87,90,91,93" m="50731" machi="93" ten="30,1000,0" yaku="20,1" doraHai="110" who="1" fromWho="2" sc="298,0,236,10,235,-10,231,0" />
</Scene>
<Scene>
<INIT seed="3,0,0,4,3,43" ten="298,246,225,231" oya="3" hai0="133,82,134,63,61,130,92,84,50,19,74,70,78" hai1="62,8,131,128,115,104,122,106,25,99,77,66,26" hai2="57,112,129,100,2,60,59,27,105,48,124,121,67" hai3="127,69,10,119,73,32,11,37,126,35,111,28,56"/><W33/><G69/><T55/><D130/><N who="1" m="49707" /><E122/><V97/><F129/><W80/><G37/><T54/><D54/><U3/><E115/><V12/><F2/><W86/><G73/><T39/><D39/><U18/><E77/><V40/><F112/><W96/><G119/><T31/><D31/><U132/><E132/><N who="0" m="50793" /><D70/><N who="1" m="42327" /><E99/><V114/><F114/><W7/><G111/><T79/><D19/><U89/><E89/><V90/><F121/><W30/><G96/><T4/><D4/><N who="1" m="1055" /><E18/><V116/><F90/><N who="3" m="51527" /><G56/><N who="0" m="32887" /><D92/><U34/><E34/><V83/><F57/><W93/><G93/><T29/><D29/><N who="3" m="11369" /><G7/><T44/><D74/><U51/><E51/><V68/><F48/><W58/><G58/><T117/><D117/><U109/><E109/><V5/><F116/><W76/><G76/><T135/><D79/><U46/><E46/><V14/><F68/><W49/><G49/><T22/><D135/><U85/><E85/><V91/><F97/><W17/><G17/><T118/><D118/><U103/><E103/><V52/><F100/><W65/><G65/><T72/><D72/><U13/><E104/><V101/><F105/><W107/><G107/><T36/><D22/><U110/><E106/><V1/><F1/><W87/><G87/><T98/><D98/><U71/><E110/><V81/><F5/><W123/><G123/><T120/><D120/><U113/><E113/><V15/><F101/><W88/><G88/><T53/><D36/><U42/><E71/><V23/><F91/><W41/><G41/><T94/><D94/><U21/><E42/><V6/><F40/><W45/><G45/><RYUUKYOKU ba="0,0" sc="298,10,246,10,225,-30,231,10" hai0="44,53,61,63,78,82,84" hai1="13,21,25,26" hai3="10,11,32,33,35,126,127" />
</Scene>
<Scene>
<INIT seed="3,1,0,5,0,73" ten="308,256,195,241" oya="3" hai0="130,22,100,41,25,50,135,47,72,21,95,113,77" hai1="23,90,132,80,51,28,27,49,66,67,131,61,19" hai2="31,10,98,106,78,46,44,53,0,2,99,117,103" hai3="111,71,39,3,129,110,124,33,104,7,114,36,57"/><W45/><RYUUKYOKU type="yao9" ba="1,0" sc="308,0,256,0,195,0,241,0" hai3="3,7,33,36,39,45,57,71,104,110,111,114,124,129" />
</Scene>
<Scene>
<INIT seed="3,2,0,1,2,71" ten="308,256,195,241" oya="3" hai0="81,106,59,83,132,32,45,25,85,103,24,134,121" hai1="125,3,130,113,26,86,104,90,22,23,29,116,20" hai2="2,92,100,129,57,1,37,88,97,7,46,89,56" hai3="41,74,48,73,43,76,18,68,110,99,119,124,70"/><W128/><G119/><T0/><D121/><U118/><E113/><V15/><F129/><W14/><G128/><T112/><D0/><U38/><E130/><V6/><F15/><W108/><G124/><T93/><D112/><U4/><E125/><V49/><F1/><W127/><G127/><T58/><D106/><U84/><E104/><V44/><F37/><W12/><G99/><T35/><D45/><N who="2" m="17514" /><F2/><W65/><G48/><T94/><REACH who="0" step="1"/><D85/><REACH who="0" ten="298,256,195,241" step="2"/><U34/><E86/><V64/><F49/><W96/><G73/><T102/><AGARI ba="2,1" hai="24,25,32,35,58,59,81,83,93,94,102,103,132,134" machi="102" ten="25,8000,1" yaku="1,1,2,1,0,1,22,2,53,0" doraHai="71" doraHaiUra="135" who="0" fromWho="0" sc="298,96,256,-22,195,-22,241,-42" />
</Scene>
<Scene>
<INIT seed="4,0,0,5,3,16" ten="394,234,173,199" oya="0" hai0="95,4,133,71,59,74,36,98,54,11,6,107,129" hai1="10,65,1,0,81,127,94,118,111,102,33,30,20" hai2="62,130,132,47,78,124,61,104,89,45,100,42,17" hai3="43,50,85,86,18,57,58,14,96,75,25,5,29"/><T79/><D71/><U91/><E118/><V135/><F78/><W68/><G68/><T121/><D107/><U9/><E33/><V35/><F35/><W12/><G75/><T28/><D36/><U97/><E111/><V48/><F104/><W77/><G96/><T93/><D93/><U99/><E127/><V128/><F100/><W125/><G125/><T44/><D44/><U26/><E65/><V101/><F101/><W123/><G123/><T8/><D79/><U31/><E31/><V46/><F124/><W55/><G43/><T37/><D74/><U90/><E90/><V106/><F106/><W51/><G77/><T103/><D37/><U120/><E120/><V41/><F17/><W87/><G5/><T105/><D105/><U67/><E67/><V24/><F24/><W116/><G116/><T38/><D38/><U19/><E99/><V22/><F89/><W82/><G82/><T7/><D28/><U60/><E60/><N who="2" m="23147" /><F22/><N who="3" m="15543" /><G18/><T34/><D34/><U88/><E102/><V2/><F2/><W80/><G80/><T23/><D103/><U126/><E126/><V76/><F76/><W84/><N who="3" m="21504" /><DORA hai="56" /><W21/><G21/><T32/><D32/><U134/><E19/><V70/><F70/><W108/><G108/><T63/><D121/><U66/><E0/><V39/><F47/><W73/><G73/><T15/><D98/><U53/><E1/><V122/><F122/><W83/><G83/><T69/><D69/><U13/><E81/><V119/><F119/><W114/><G114/><T3/><D3/><U117/><E97/><V52/><F41/><RYUUKYOKU ba="0,0" sc="394,-15,234,-15,173,15,199,15" hai2="39,42,45,46,48,52,128,130,132,135" hai3="12,14,50,51,55,57,58" />
</Scene>
<Scene>
<INIT seed="5,1,0,5,4,66" ten="379,219,188,214" oya="1" hai0="34,111,118,130,60,82,1,126,105,117,83,13,119" hai1="50,94,39,99,0,48,55,42,6,67,109,63,31" hai2="44,84,122,103,29,86,38,128,12,96,72,107,71" hai3="80,91,40,135,49,14,85,58,8,76,116,73,43"/><U3/><E109/><V95/><F122/><W132/><G116/><T41/><D1/><U5/><E0/><V52/><F72/><W56/><G56/><T53/><D34/><U78/><E39/><V23/><F71/><W33/><G33/><T32/><D32/><U89/><E3/><V7/><F128/><W64/><G64/><T18/><D105/><U17/><E31/><V9/><F107/><W92/><G58/><T21/><D111/><U16/><E78/><V35/><F35/><W127/><G127/><T15/><D41/><U69/><E42/><V70/><F70/><W65/><G65/><T114/><D126/><U25/><E48/><N who="2" m="28679" /><F38/><W129/><G129/><T131/><D53/><U59/><REACH who="1" step="1"/><E25/><AGARI ba="1,0" hai="7,9,12,23,25,29,84,86,95,96,103" m="28679" machi="25" ten="30,2000,0" yaku="8,1,54,1" doraHai="66" who="2" fromWho="1" sc="379,0,219,-23,188,23,214,0" />
</Scene>
<Scene>
<INIT seed="6,0,0,0,0,19" ten="379,196,211,214" oya="2" hai0="9,82,103,120,90,74,0,32,115,101,107,47,91" hai1="6,31,21,119,78,39,41,60,10,5,59,94,35" hai2="40,51,43,29,96,57,106,77,53,62,67,121,108" hai3="75,93,132,130,71,14,45,72,79,16,24,99,38"/><V12/><F121/><W124/><G71/><T13/><D32/><U109/><E35/><V135/><F135/><W64/><G64/><T123/><D0/><U95/><E109/><V133/><F133/><W122/><G132/><T22/><D47/><U49/><E39/><V111/><F77/><W87/><G122/><T69/><D69/><U28/><E78/><V61/><F29/><N who="1" m="11337" /><E119/><V20/><F106/><W18/><G130/><T46/><D46/><N who="1" m="25807" /><E21/><V68/><F96/><W33/><G33/><T50/><D74/><U98/><E10/><V2/><F2/><W23/><G124/><T26/><D9/><U44/><E44/><N who="2" m="27879" /><F12/><W83/><G45/><T127/><D13/><U48/><E48/><V86/><F20/><W105/><G105/><T80/><D50/><U70/><E70/><V117/><F117/><W113/><G38/><T125/><D107/><U73/><E73/><V92/><F68/><W129/><G129/><T114/><D22/><U55/><E95/><V30/><F30/><W104/><G104/><T54/><D54/><U36/><E36/><V76/><F62/><W63/><G63/><T100/><D100/><U7/><E7/><V88/><F76/><W66/><G93/><T102/><D102/><U11/><E11/><V3/><F3/><W27/><G75/><T42/><D26/><U89/><AGARI ba="0,0" hai="5,6,55,59,60,89,94,98" m="25807,11337" machi="89" ten="30,1100,0" yaku="8,1" doraHai="19" who="1" fromWho="1" sc="379,-3,196,11,211,-5,214,-3" />
</Scene>
<Scene>
<INIT seed="7,0,0,2,0,84" ten="376,207,206,211" oya="3" hai0="94,4,80,130,132,19,42,105,72,76,63,89,90" hai1="49,114,18,52,118,115,123,134,5,0,26,45,15" hai2="32,64,51,62,70,58,28,13,71,116,14,54,85" hai3="128,40,117,22,61,98,88,73,53,30,120,16,3"/><W74/><G120/><T65/><D105/><U108/><E108/><V95/><F116/><W38/><G3/><T2/><D42/><U78/><E123/><V81/><F95/><N who="3" m="56679" /><G30/><T17/><D132/><U69/><E134/><V57/><F32/><W91/><G91/><T67/><D67/><U47/><E69/><V112/><F112/><N who="1" m="43049" /><E118/><V7/><F28/><W127/><G117/><T101/><D101/><U75/><E26/><V43/><F43/><W35/><G35/><T48/><D48/><U23/><E75/><V100/><F100/><W8/><G8/><T86/><D130/><U131/><E78/><V122/><F122/><W79/><G79/><T9/><D89/><U59/><E131/><V24/><F24/><N who="3" m="14407" /><G128/><T97/><D72/><U50/><E49/><V107/><F107/><W37/><G127/><T21/><D21/><U46/><E0/><V27/><F27/><W44/><G38/><T12/><D2/><U93/><E5/><V33/><F33/><W77/><G77/><T99/><D99/><U126/><E93/><V129/><F129/><W68/><G68/><AGARI ba="0,0" hai="4,9,12,17,19,63,65,68,76,80,86,90,94,97" machi="68" ten="30,2000,0" yaku="7,1,52,1" doraHai="84" who="0" fromWho="3" sc="376,20,207,0,206,0,211,-20" owari="396,49.0,207,1.0,206,-19.0,191,-31.0" />
</Scene>
</mjloggm>