<mjloggm ver="2.3"><GO type="41" lobby="0"/><UN n0="%4E%4D%6D%63%6F%33" n1="%72%61%69%6E%77%6F%6C%66" n2="%E9%96%8B%E3%81%8B%E3%82%8C" n3="%E5%A4%AA%E3%81%8F%E3%81%AA%E3%81%84%E3%81%8A" dan="14,14,15,17" rate="1899.68,2006.07,2052.94,2151.74" sx="M,M,M,M"/><TAIKYOKU oya="0"/>

<Scene>
<INIT seed="0,0,0,0,0,71" ten="250,250,250,250" oya="0" hai0="85,64,19,23,46,38,2,116,40,0,15,66,59" hai1="124,106,78,91,94,65,61,127,113,130,55,52,121" hai2="82,128,72,79,14,3,93,96,133,92,100,134,122" hai3="129,60,74,76,49,132,81,48,99,25,75,118,80"/><T29/><D116/><U1/><E106/><V67/><F3/><W18/><G118/><T111/><D111/><U37/><E1/><V4/><F122/><W26/><G132/><N who="2" m="50793" /><F67/><W47/><G129/><T51/><D85/><N who="1" m="52591" /><E121/><V22/><F128/><W41/><G60/><T44/><D29/><U68/><E78/><V12/><F22/><W56/><G99/><T32/><D32/><U101/><E101/><V119/><F119/><W112/><G112/><T30/><D30/><U110/><E110/><V63/><F63/><W117/><G117/><T36/><D36/><U27/><E27/><V53/><F53/><N who="1" m="20553" /><E113/><V115/><F115/><W34/><G34/><T88/><D66/><U33/><E33/><V57/><F57/><W77/><G56/><T54/><D59/><U62/><E62/><V8/><F14/><W24/><REACH who="3" step="1"/><G49/><REACH who="3" ten="250,250,250,240" step="2"/><T11/><D51/><U6/><E130/><V69/><F69/><W126/><G126/><N who="1" m="48170" /><E6/><V39/><F4/><W89/><G89/><T84/><D88/><U5/><E5/><V42/><F100/><W105/><G105/><T50/><D50/><U135/><E135/><V45/><F96/><W95/><G95/><T73/><D64/><U102/><E102/><V70/><F70/><W87/><G87/><T21/><D84/><U108/><E108/><V35/><F35/><W43/><G43/><T13/><D40/><U86/><E86/><V120/><F120/><W98/><G98/><T83/><D46/><U17/><E17/><AGARI ba="0,1" hai="17,18,24,25,26,41,47,48,74,75,76,77,80,81" machi="17" ten="40,8000,1" yaku="1,1,9,1,53,2" doraHai="71" doraHaiUra="104" who="3" fromWho="1" sc="250,0,250,-80,250,0,240,90" />
</Scene>
<Scene>
<INIT seed="1,0,0,4,2,11" ten="250,170,250,330" oya="1" hai0="25,19,103,133,63,44,92,64,10,75,5,91,16" hai1="85,45,102,40,112,98,46,53,109,128,27,104,17" hai2="97,21,117,68,84,114,8,65,26,115,41,123,28" hai3="125,88,37,108,95,62,4,71,39,107,72,116,134"/><U50/><E128/><V15/><F123/><W14/><G107/><T118/><D75/><U78/><E109/><V51/><F117/><W100/><G100/><T23/><D118/><U18/><E112/><N who="2" m="43051" /><F97/><W90/><G116/><T82/><D44/><U60/><E60/><N who="2" m="39975" /><F84/><W6/><G72/><T119/><D133/><U130/><E130/><V49/><F41/><W126/><G108/><T70/><D82/><U57/><E27/><V129/><F129/><W132/><G62/><T86/><D103/><U81/><REACH who="1" step="1"/><E57/><REACH who="1" ten="250,160,250,330" step="2"/><V38/><F38/><AGARI ba="0,1" hai="17,18,38,40,45,46,50,53,78,81,85,98,102,104" machi="38" ten="30,5800,0" yaku="1,1,2,1,7,1,53,0" doraHai="11" doraHaiUra="35" who="1" fromWho="2" sc="250,0,160,68,250,-58,330,0" />
</Scene>
<Scene>
<INIT seed="1,1,0,4,5,44" ten="250,228,192,330" oya="1" hai0="85,40,77,47,56,109,79,100,58,68,61,119,2" hai1="102,105,33,127,122,69,104,22,113,115,110,128,82" hai2="45,36,24,54,9,28,34,15,51,84,98,23,106" hai3="43,95,30,72,80,88,87,67,90,49,74,25,121"/><U38/><RYUUKYOKU type="yao9" ba="1,0" sc="250,0,228,0,192,0,330,0" hai1="22,33,38,69,82,102,104,105,110,113,115,122,127,128" />
</Scene>
<Scene>
<INIT seed="1,2,0,2,4,20" ten="250,228,192,330" oya="1" hai0="42,119,60,95,90,121,6,75,83,28,7,45,62" hai1="33,39,13,135,17,89,65,111,96,94,116,8,57" hai2="38,104,24,87,69,120,122,133,54,99,18,21,31" hai3="103,52,80,15,114,113,30,19,134,129,64,74,56"/><U110/><E116/><V12/><F69/><W35/><G64/><T47/><D119/><U92/><E39/><V27/><F38/><W105/><G105/><T130/><D130/><U36/><E36/><V61/><F133/><W9/><G103/><T3/><D121/><U106/><E33/><V50/><F61/><W70/><G70/><T14/><D14/><U16/><E135/><V1/><F1/><W73/><G134/><T118/><D118/><U109/><E106/><V53/><F87/><W22/><G35/><T4/><D3/><U85/><E57/><V128/><F128/><W51/><G129/><T97/><D28/><U77/><E65/><V102/><F53/><W81/><G81/><T123/><D123/><U124/><E124/><V44/><REACH who="2" step="1"/><F27/><REACH who="2" ten="250,228,182,330" step="2"/><W5/><G73/><T72/><D60/><U59/><E59/><V132/><F132/><W55/><G55/><T108/><D62/><U93/><E17/><V101/><F101/><W76/><REACH who="3" step="1"/><G30/><REACH who="3" ten="250,228,182,320" step="2"/><T84/><D72/><U79/><REACH who="1" step="1"/><E96/><REACH who="1" ten="250,218,182,320" step="2"/><V131/><F131/><W91/><G91/><T41/><D90/><U43/><E43/><V100/><F100/><W23/><G23/><AGARI ba="2,3" hai="12,18,21,23,24,31,44,50,54,99,102,104,120,122" machi="23" ten="30,8000,1" yaku="1,1,7,1,52,1,53,2" doraHai="20" doraHaiUra="117" who="2" fromWho="3" sc="250,0,218,0,182,116,320,-86" />
</Scene>
<Scene>
<INIT seed="2,0,0,0,3,92" ten="250,218,298,234" oya="2" hai0="115,123,57,97,9,17,42,128,19,61,80,55,21" hai1="45,103,28,27,89,88,85,69,46,22,65,6,111" hai2="10,64,134,72,48,37,60,107,34,121,108,25,90" hai3="15,131,23,133,66,75,40,51,30,13,78,14,93"/><V5/><F121/><W43/><G133/><T18/><D115/><U20/><E111/><V41/><F37/><W2/><G2/><T86/><D123/><U117/><E117/><V119/><F72/><W50/><G131/><T52/><D42/><N who="3" m="15913" /><G75/><T102/><D128/><U118/><E118/><V16/><F119/><W7/><G78/><N who="0" m="46359" /><D9/><U63/><E6/><V0/><F107/><W58/><G7/><T56/><D21/><U106/><E22/><V8/><F108/><W31/><G93/><N who="0" m="58671" /><D17/><U35/><E20/><V4/><F134/><W112/><G112/><T49/><AGARI ba="0,0" hai="18,19,49,52,55,56,57,61" m="58671,46359" machi="49" ten="30,4000,0" yaku="8,1,52,1,54,1" doraHai="92" who="0" fromWho="0" sc="250,40,218,-10,298,-20,234,-10" />
</Scene>
<Scene>
<INIT seed="3,0,0,5,5,14" ten="290,208,278,224" oya="3" hai0="73,12,4,121,26,64,119,71,67,117,70,84,30" hai1="17,96,133,128,76,5,69,13,68,25,99,34,88" hai2="115,127,36,8,75,57,132,113,104,65,126,95,53" hai3="107,42,55,9,6,82,79,40,3,41,52,125,1"/><W89/><G107/><T60/><D121/><U131/><E76/><V110/><F104/><W22/><G125/><N who="2" m="47625" /><F75/><W108/><G108/><T114/><D4/><U98/><E5/><V116/><F36/><W51/><G89/><T37/><D37/><U31/><E133/><V45/><F8/><W7/><G22/><T10/><D73/><U47/><E47/><V106/><F95/><W120/><G120/><T109/><D109/><U38/><E38/><V118/><F106/><W72/><REACH who="3" step="1"/><G51/><REACH who="3" ten="290,208,278,214" step="2"/><T58/><D117/><U24/><E88/><V0/><F110/><W16/><G16/><T32/><D119/><U97/><E25/><V23/><F116/><W122/><G122/><T15/><D26/><U101/><E101/><V100/><F100/><W61/><G61/><T80/><D60/><U33/><N who="1" m="24576" /><DORA hai="28" /><U18/><E34/><V44/><F118/><W112/><G112/><T63/><D114/><U135/><E135/><V11/><F132/><W29/><G29/><T2/><D30/><U62/><E62/><N who="2" m="38095" /><F23/><W59/><G59/><T66/><D58/><U77/><E77/><V93/><F113/><W86/><G86/><T54/><D63/><U50/><E50/><N who="2" m="28871" /><F115/><W27/><G27/><T21/><D64/><U74/><E74/><V46/><F93/><W35/><G35/><T81/><D32/><U56/><E18/><V87/><F87/><W111/><G111/><T83/><D66/><U43/><E17/><V19/><F19/><W105/><G105/><T134/><D134/><U92/><E92/><V102/><F102/><W48/><G48/><T91/><D67/><RYUUKYOKU ba="0,1" sc="290,-15,208,-15,278,15,214,15" hai2="0,11,45,46" hai3="1,3,6,7,9,40,41,42,52,55,72,79,82" />
</Scene>
<Scene>
<INIT seed="3,1,1,4,0,10" ten="275,193,293,229" oya="3" hai0="124,25,65,92,33,41,44,21,0,67,3,119,128" hai1="73,11,38,109,2,34,40,66,111,122,57,117,107" hai2="28,120,97,56,23,86,104,47,18,48,55,70,60" hai3="123,110,81,27,49,83,106,1,91,135,87,72,59"/><W15/><G1/><T62/><D119/><U37/><E66/><V78/><F70/><W36/><G36/><T22/><D124/><U68/><E57/><V76/><F120/><W115/><G123/><T88/><D22/><U54/><E54/><V42/><F28/><W116/><G116/><T108/><D108/><U12/><E12/><V98/><F104/><W71/><G71/><T51/><D128/><U69/><E11/><V19/><F19/><W114/><G106/><T75/><D75/><U61/><E61/><V16/><F18/><W84/><G72/><T90/><D33/><U100/><E100/><V94/><F86/><W103/><G103/><T101/><D90/><U113/><E40/><V127/><F127/><W29/><G110/><T118/><D118/><U31/><E31/><V5/><F5/><W133/><G59/><T30/><D101/><U102/><E102/><N who="2" m="60727" /><F98/><W58/><G29/><T45/><D45/><U4/><E4/><V63/><F60/><W39/><G39/><T20/><D20/><U26/><E26/><AGARI ba="1,1" hai="16,23,26,42,47,48,55,56,63,76,78" m="60727" machi="26" ten="30,2000,0" yaku="8,1,54,1" doraHai="10" who="2" fromWho="1" sc="275,0,193,-23,293,33,229,0" />
</Scene>
<Scene>
<INIT seed="4,0,0,0,5,119" ten="275,170,326,229" oya="0" hai0="72,52,29,116,46,57,45,35,41,104,19,15,78" hai1="115,34,88,80,135,20,63,100,48,7,94,103,66" hai2="6,3,127,130,123,69,74,24,0,4,2,129,50" hai3="110,11,121,82,14,37,96,71,112,39,17,120,95"/><T114/><D104/><U36/><E34/><V122/><F74/><W55/><G110/><T12/><D116/><U47/><E36/><V118/><F69/><W51/><G71/><T93/><D72/><U97/><E135/><V79/><F118/><W99/><G82/><T23/><D78/><U126/><E126/><V61/><F61/><W106/><G106/><T131/><D131/><N who="2" m="50186" /><F79/><W5/><G112/><T85/><D114/><U89/><E115/><V58/><F127/><W70/><G70/><T27/><D12/><U108/><E7/><N who="2" m="2603" /><F24/><W40/><G5/><T102/><D41/><U13/><E108/><V25/><F25/><W1/><G1/><T26/><D26/><U38/><E38/><V86/><F86/><W113/><G113/><T53/><D53/><AGARI ba="0,0" hai="0,2,3,50,53,58,122,123" m="2603,50186" machi="53" ten="40,5200,0" yaku="19,1,52,2" doraHai="119" who="2" fromWho="0" sc="275,-52,170,0,326,52,229,0" />
</Scene>
<Scene>
<INIT seed="5,0,0,1,3,1" ten="223,170,378,229" oya="1" hai0="52,112,43,57,90,115,121,98,38,19,60,74,91" hai1="45,37,51,109,105,104,29,36,8,134,130,95,54" hai2="46,14,102,17,96,35,41,24,23,122,77,87,92" hai3="108,66,25,75,16,119,4,20,11,58,116,114,61"/><U40/><E130/><V62/><F122/><W133/><G108/><T135/><D74/><U18/><E109/><V103/><F62/><W27/><G75/><T12/><D135/><U67/><E29/><V6/><F35/><W124/><G133/><T120/><D38/><U110/><E110/><V26/><F103/><W71/><G114/><N who="0" m="43563" /><D43/><U117/><E134/><V131/><F131/><W10/><G124/><T111/><D111/><U86/><E117/><N who="3" m="45130" /><G27/><T15/><D15/><U21/><E8/><N who="3" m="3114" /><G71/><T0/><D0/><U80/><E95/><V33/><F26/><W47/><G47/><T100/><D100/><U99/><E67/><V127/><F92/><W65/><G65/><T118/><D118/><U30/><E30/><V69/><F46/><W85/><G85/><T88/><D98/><U129/><E129/><V73/><F96/><W72/><G72/><T5/><D5/><AGARI ba="0,0" hai="4,5,16,20,25,58,61,66" m="3114,45130" machi="5" ten="30,7700,0" yaku="12,1,52,2,54,1" doraHai="1" who="3" fromWho="0" sc="223,-77,170,0,378,0,229,77" />
</Scene>
<Scene>
<INIT seed="6,0,0,0,4,49" ten="146,170,378,306" oya="2" hai0="32,135,124,88,117,41,58,12,78,97,54,115,48" hai1="19,43,101,7,26,90,63,105,50,104,56,47,6" hai2="38,39,57,23,129,60,128,127,93,89,82,106,94" hai3="70,92,80,123,24,53,73,119,45,122,22,126,2"/><V33/><F106/><W27/><G119/><T83/><D32/><U30/><E104/><V11/><F33/><W74/><G70/><T91/><D117/><U16/><E105/><V5/><F127/><W113/><G2/><T134/><D124/><U21/><E101/><V40/><F23/><W102/><G126/><T132/><D115/><U34/><E90/><V37/><F82/><W25/><G22/><T84/><D97/><U79/><E79/><V114/><F40/><W99/><G113/><T44/><REACH who="0" step="1"/><D12/><REACH who="0" ten="136,170,378,306" step="2"/><U107/><E107/><V0/><F114/><W9/><G99/><T95/><D95/><U8/><E34/><V17/><F94/><W64/><G92/><T118/><D118/><U68/><E68/><V125/><F125/><W61/><G122/><T69/><D69/><U76/><E76/><V18/><F128/><W66/><G123/><T14/><D14/><N who="1" m="7239" /><E30/><V133/><F129/><W67/><G80/><T81/><D81/><U103/><E103/><V51/><F93/><W111/><G102/><T46/><D46/><U71/><E71/><V121/><F121/><W62/><G45/><T112/><D112/><U52/><AGARI ba="0,1" hai="6,7,19,21,26,43,47,50,52,56,63" m="7239" machi="52" ten="30,7900,0" yaku="8,1,52,1,54,2" doraHai="49" who="1" fromWho="1" sc="136,-20,170,89,378,-39,306,-20" />
</Scene>
<Scene>
<INIT seed="7,0,0,0,1,32" ten="116,259,339,286" oya="3" hai0="42,31,15,124,58,93,49,130,98,63,54,96,83" hai1="41,117,131,59,33,14,113,121,99,18,6,126,108" hai2="122,50,55,45,64,11,110,37,81,87,67,95,85" hai3="72,24,114,29,74,17,56,13,82,79,8,118,57"/><W133/><G118/><T53/><D124/><U104/><E108/><V21/><F110/><W22/><G114/><T119/><D119/><U120/><E33/><V40/><F122/><W127/><G127/><T77/><D130/><U125/><E41/><V26/><F11/><W4/><G133/><T112/><D112/><U109/><E109/><V60/><F95/><W123/><G123/><T27/><D15/><U69/><E69/><V86/><F60/><W73/><G56/><T103/><D42/><U44/><E117/><V35/><F35/><W23/><REACH who="3" step="1"/><G57/><REACH who="3" ten="116,259,339,276" step="2"/><T70/><D70/><U134/><E113/><V0/><F0/><AGARI ba="0,1" hai="0,4,8,13,17,22,23,24,29,72,73,74,79,82" machi="0" ten="30,11600,0" yaku="1,1,2,1,7,1,52,1,53,0" doraHai="32" doraHaiUra="38" who="3" fromWho="2" sc="116,0,259,0,339,-116,276,126" owari="116,-38.0,259,6.0,223,-18.0,402,50.0" />
</Scene>
</mjloggm>