<mjloggm ver="2.3"><GO type="169" lobby="0"/><UN n0="%61%73%73%65%72%74%69%76" n1="%E9%AB%98%E7%94%BA%E3%83%B4%E3%82%A3%E3%83%B4%E3%82%A3%E3%82%AA%E2%98%86" n2="%E9%81%8A%E8%B5%B0" n3="%E5%A4%AA%E3%81%8F%E3%81%AA%E3%81%84%E3%81%8A" dan="17,16,18,17" rate="2145.39,2142.66,2248.27,2172.62" sx="M,F,M,M"/><TAIKYOKU oya="0"/>

<Scene>
<INIT seed="0,0,0,1,4,76" ten="250,250,250,250" oya="0" hai0="49,102,16,106,62,115,19,134,101,58,126,51,131" hai1="92,66,26,55,110,21,97,125,71,83,59,20,132" hai2="12,33,121,61,104,5,43,52,73,118,41,130,11" hai3="28,64,57,77,39,63,4,119,114,78,96,111,40"/><T48/><D115/><U79/><E110/><V34/><F121/><W14/><G114/><T22/><D126/><U42/><E132/><V9/><F118/><W65/><G119/><T72/><D72/><U37/><E125/><V90/><F130/><W32/><G111/><T8/><D131/><U98/><E71/><V18/><F104/><W112/><G112/><T86/><D134/><U87/><E66/><V116/><F116/><W45/><G64/><N who="0" m="38999" /><D106/><U99/><E92/><V105/><F105/><W123/><G123/><T54/><D8/><U127/><E127/><V27/><F73/><W10/><REACH who="3" step="1"/><G96/><REACH who="3" ten="250,250,250,240" step="2"/><T2/><D2/><U91/><E99/><V25/><F34/><W46/><G46/><T17/><D54/><U82/><E98/><V3/><F33/><W36/><G36/><T60/><D60/><U129/><E97/><V67/><F52/><W128/><G128/><T6/><D22/><U1/><E129/><V68/><F43/><W94/><G94/><T80/><D6/><U30/><E37/><V120/><F120/><W107/><G107/><T35/><D35/><U15/><E42/><V113/><F113/><W0/><G0/><T81/><D81/><N who="1" m="49647" /><E1/><V70/><F41/><W75/><G75/><T23/><D23/><U84/><E82/><V89/><F70/><W135/><G135/><T38/><D38/><U100/><E21/><V124/><F124/><W53/><G53/><T74/><D74/><U95/><E95/><V29/><F27/><AGARI ba="0,1" hai="4,10,14,27,28,32,39,40,45,57,63,65,77,78" machi="27" ten="40,2600,0" yaku="1,1,53,1" doraHai="76" doraHaiUra="31" who="3" fromWho="2" sc="250,0,250,0,250,-26,240,36" />
</Scene>
<Scene>
<INIT seed="1,0,0,4,4,86" ten="250,250,224,276" oya="1" hai0="122,14,7,81,89,24,55,129,112,49,1,59,58" hai1="17,36,132,63,133,21,47,37,93,130,73,31,67" hai2="2,70,12,64,74,109,38,66,20,117,113,85,43" hai3="100,5,9,135,60,87,114,34,126,131,82,115,134"/><U120/><E120/><V102/><F117/><W96/><G34/><T35/><D112/><U25/><E73/><V44/><F109/><W105/><G60/><T15/><D129/><U79/><E130/><V39/><F113/><N who="3" m="43019" /><G9/><T128/><D128/><U42/><E79/><V30/><F74/><W3/><G5/><T92/><D122/><U4/><E4/><V94/><F39/><W95/><G3/><T103/><D1/><U40/><E93/><V69/><F2/><W10/><G10/><N who="0" m="4447" /><D35/><U119/><E119/><V23/><F69/><W19/><G19/><T22/><D103/><U84/><E84/><V65/><F70/><W61/><G61/><T26/><D81/><U72/><E72/><V83/><F30/><W13/><G13/><T111/><D111/><U71/><REACH who="1" step="1"/><E31/><REACH who="1" ten="250,240,224,276" step="2"/><V90/><F12/><W8/><G131/><T53/><D15/><U110/><E110/><V6/><F6/><W54/><G134/><T125/><D125/><U0/><E0/><V33/><REACH who="2" step="1"/><F33/><REACH who="2" ten="250,240,214,276" step="2"/><W107/><G126/><T75/><D75/><U88/><E88/><V11/><F11/><W124/><G8/><T56/><D89/><U99/><E99/><AGARI ba="0,2" hai="20,23,38,43,44,64,65,66,83,85,90,94,99,102" machi="99" ten="40,2600,0" yaku="1,1,52,1,53,0" doraHai="86" doraHaiUra="121" who="2" fromWho="1" sc="250,0,240,-26,214,46,276,0" />
</Scene>
<Scene>
<INIT seed="2,0,0,1,3,132" ten="250,214,260,276" oya="2" hai0="20,39,14,27,97,13,86,115,90,60,101,9,28" hai1="98,2,35,59,61,47,53,5,41,42,72,22,32" hai2="11,77,84,110,49,21,125,126,56,74,50,40,30" hai3="102,36,58,120,89,95,112,113,91,31,1,75,71"/><V106/><F106/><W131/><G71/><T29/><D39/><U24/><E72/><V118/><F118/><W43/><G1/><T83/><D115/><U4/><E35/><V51/><F74/><W65/><G120/><T128/><D128/><U34/><E34/><V15/><F110/><W134/><G75/><T12/><D60/><U44/><E32/><V109/><F109/><W38/><G31/><T93/><REACH who="0" step="1"/><D29/><REACH who="0" ten="240,214,260,276" step="2"/><U123/><E123/><V66/><F30/><W111/><G111/><T92/><D92/><U16/><E2/><V37/><F37/><W7/><G38/><T46/><D46/><U82/><E44/><V18/><F40/><W133/><G43/><T57/><D57/><U55/><E42/><V48/><F66/><W76/><G36/><T87/><D87/><U96/><E41/><V45/><F56/><W69/><G58/><T67/><D67/><U105/><E105/><V73/><F73/><W117/><G131/><T62/><D62/><U63/><E63/><V103/><F45/><W129/><G129/><T130/><D130/><U108/><E108/><V121/><F121/><W124/><G65/><T19/><AGARI ba="0,1" hai="9,12,13,14,19,20,27,28,83,86,90,93,97,101" machi="19" ten="20,8000,1" yaku="1,1,0,1,7,1,8,1,53,1" doraHai="132" doraHaiUra="81" who="0" fromWho="0" sc="240,90,214,-20,260,-40,276,-20" />
</Scene>
<Scene>
<INIT seed="3,0,0,0,4,100" ten="330,194,220,256" oya="3" hai0="81,7,82,35,21,65,123,11,73,61,106,130,97" hai1="9,23,2,13,102,62,74,111,129,88,15,117,114" hai2="108,131,31,41,59,69,119,5,46,16,94,133,45" hai3="3,107,127,96,83,72,92,116,105,8,52,76,121"/><W118/><G8/><T6/><D21/><U85/><E114/><V19/><F69/><W98/><G3/><N who="0" m="479" /><D7/><U17/><E74/><V38/><F108/><W113/><G52/><T14/><D82/><U86/><E111/><V22/><F133/><W78/><G113/><T68/><D14/><U87/><E129/><V93/><F131/><W124/><G121/><T89/><D89/><U25/><E2/><V42/><F119/><N who="3" m="45611" /><G76/><N who="0" m="44175" /><D130/><U49/><E117/><V54/><F5/><W84/><G72/><T126/><D126/><N who="3" m="48169" /><G98/><T101/><D35/><U90/><E62/><V95/><F31/><W30/><G30/><T115/><D115/><U103/><E49/><V134/><F134/><W48/><G48/><T43/><D43/><N who="2" m="16394" /><F38/><W26/><G26/><T51/><D51/><U104/><E13/><N who="2" m="9487" /><F19/><W33/><G33/><T37/><D123/><U80/><E80/><V20/><F20/><W112/><G112/><T53/><D53/><U55/><E55/><V128/><F128/><W120/><G120/><T57/><D57/><U135/><E135/><V27/><F27/><W67/><G67/><T66/><D66/><U29/><E25/><V60/><AGARI ba="0,0" hai="45,46,54,59,60,93,94,95" m="9487,16394" machi="60" ten="30,2000,0" yaku="8,1,54,1" doraHai="100" who="2" fromWho="2" sc="330,-5,194,-5,220,20,256,-10" />
</Scene>
<Scene>
<INIT seed="4,0,0,4,2,40" ten="325,189,240,246" oya="0" hai0="63,105,4,78,94,107,84,36,60,82,90,93,72" hai1="15,106,85,109,104,81,5,83,41,95,75,51,66" hai2="71,133,88,14,55,111,89,132,37,59,114,38,3" hai3="31,125,50,128,44,56,34,115,43,76,61,124,101"/><T20/><D36/><N who="2" m="13930" /><F3/><W7/><G7/><T118/><D118/><U67/><E109/><V102/><F102/><W52/><G115/><T62/><D4/><U119/><E119/><V1/><F1/><W134/><G134/><N who="2" m="51817" /><F111/><W22/><G34/><T103/><D93/><U126/><E126/><N who="3" m="48746" /><G128/><T28/><D28/><U12/><E75/><V110/><F110/><W18/><G101/><T16/><REACH who="0" step="1"/><D103/><REACH who="0" ten="315,189,240,246" step="2"/><U113/><E95/><V123/><F114/><W11/><G31/><T35/><D35/><U21/><E113/><V96/><F123/><W0/><G0/><T121/><D121/><U91/><E5/><V57/><F96/><W33/><G33/><T69/><D69/><U25/><E83/><V10/><F71/><W117/><G117/><T24/><AGARI ba="0,1" hai="16,20,24,60,62,63,72,78,82,84,90,94,105,107" machi="24" ten="30,6000,0" yaku="1,1,0,1,54,1,53,0" doraHai="40" doraHaiUra="65" who="0" fromWho="0" sc="315,70,189,-20,240,-20,246,-20" />
</Scene>
<Scene>
<INIT seed="4,1,0,5,1,123" ten="385,169,220,226" oya="0" hai0="56,88,124,71,52,122,44,110,131,45,19,119,18" hai1="94,6,4,53,101,74,64,132,25,3,133,37,92" hai2="114,60,43,76,90,24,80,108,128,46,54,11,134" hai3="65,57,32,73,129,49,100,105,12,23,125,51,40"/><T55/><D119/><U106/><E74/><V121/><F121/><W95/><G32/><T16/><D122/><U109/><E109/><V20/><F108/><W39/><G73/><T103/><D71/><U1/><E37/><V135/><F128/><W115/><G105/><T72/><D72/><U70/><E53/><N who="0" m="20553" /><D110/><U78/><E78/><V30/><F114/><W38/><G38/><T96/><D131/><U15/><E25/><V82/><F90/><W31/><G39/><T5/><D124/><U75/><E75/><V42/><F11/><W104/><G104/><T117/><D117/><U41/><E41/><N who="2" m="15371" /><F76/><W10/><G40/><T126/><D126/><U66/><E106/><V77/><F77/><W35/><G35/><T98/><D103/><U13/><E70/><V68/><F68/><W27/><G115/><T93/><D5/><U111/><E111/><V63/><F46/><N who="0" m="18026" /><D56/><U91/><REACH who="1" step="1"/><E101/><REACH who="1" ten="385,159,220,226" step="2"/><V118/><F118/><W97/><G129/><T83/><D83/><U7/><E7/><V84/><F80/><W48/><G125/><T69/><D69/><U107/><E107/><V22/><F82/><W79/><G79/><T50/><D50/><U99/><E99/><AGARI ba="1,1" hai="16,18,19,88,93,96,98,99" m="18026,20553" machi="99" ten="30,11600,0" yaku="8,1,54,3" doraHai="123" who="0" fromWho="1" sc="385,129,159,-119,220,0,226,0" />
</Scene>
<Scene>
<INIT seed="4,2,0,5,1,72" ten="514,40,220,226" oya="0" hai0="87,49,116,21,90,89,57,40,88,62,14,30,28" hai1="4,82,34,96,98,25,114,37,93,129,48,53,59" hai2="23,122,50,133,112,55,75,12,44,17,5,110,119" hai3="32,109,85,35,63,60,115,91,38,36,117,29,107"/><T47/><D116/><U120/><E120/><V43/><F110/><W16/><G109/><T101/><D101/><U56/><E37/><V70/><F122/><W66/><G107/><T20/><D87/><U131/><E114/><V118/><F112/><W64/><G115/><T123/><D123/><U97/><E4/><V0/><F75/><W31/><G85/><T102/><D102/><U92/><E56/><V86/><F70/><W100/><G100/><T7/><D7/><U130/><E34/><V103/><F133/><W68/><G91/><T81/><D81/><U39/><E39/><V61/><F103/><W111/><G68/><T83/><D83/><U9/><E9/><V104/><F104/><W18/><G111/><T65/><D21/><U135/><E25/><V51/><F61/><W42/><G42/><T113/><D113/><U124/><E135/><V67/><F67/><W71/><G71/><T73/><D73/><U3/><E3/><V11/><REACH who="2" step="1"/><F86/><REACH who="2" ten="514,40,210,226" step="2"/><W78/><G117/><T76/><D76/><AGARI ba="2,1" hai="16,18,29,31,32,35,36,38,60,63,64,66,76,78" machi="76" ten="25,8000,1" yaku="22,2,52,2,54,1" doraHai="72" who="3" fromWho="0" sc="514,-86,40,0,210,0,226,96" />
</Scene>
<Scene>
<INIT seed="5,0,0,0,2,86" ten="428,40,210,322" oya="1" hai0="16,94,109,30,108,113,91,99,1,13,72,83,124" hai1="100,48,117,76,73,21,61,53,106,58,59,97,127" hai2="37,123,36,82,114,133,129,50,39,101,90,71,14" hai3="131,26,132,32,34,11,57,78,84,12,0,8,103"/><U116/><E127/><V66/><F123/><W87/><G103/><T110/><D1/><U42/><E21/><V112/><F133/><W95/><G0/><T111/><D111/><U105/><E105/><V31/><F129/><W77/><G57/><T75/><D113/><N who="2" m="43626" /><F101/><W118/><G132/><T35/><D124/><U89/><E76/><V3/><F3/><W93/><G12/><T62/><D83/><U19/><E73/><V67/><F71/><W27/><G131/><T92/><D92/><U81/><E19/><V115/><F31/><W55/><G55/><T69/><D30/><U10/><E10/><V68/><F68/><W45/><G45/><T120/><D35/><U49/><E42/><V85/><N who="2" m="43634" /><V88/><DORA hai="20" /><F50/><W63/><REACH who="3" step="1"/><G63/><REACH who="3" ten="428,40,210,312" step="2"/><T74/><D120/><U107/><E107/><V128/><F128/><W40/><G40/><T18/><REACH who="0" step="1"/><D13/><REACH who="0" ten="418,40,210,312" step="2"/><U38/><E38/><V98/><F14/><W65/><G65/><AGARI ba="0,2" hai="16,18,62,65,69,72,74,75,91,94,99,108,109,110" machi="65" ten="50,8000,1" yaku="1,1,2,1,52,1,54,1,53,0" doraHai="86,20" doraHaiUra="25,29" who="0" fromWho="3" sc="418,100,40,0,210,0,312,-80" />
</Scene>
<Scene>
<INIT seed="6,0,0,3,0,131" ten="518,40,210,232" oya="2" hai0="51,121,49,98,78,62,120,39,38,69,74,41,42" hai1="75,80,26,8,34,105,53,118,46,108,110,103,20" hai2="67,101,106,107,128,0,10,40,29,52,95,99,76" hai3="125,97,1,32,134,83,123,63,81,2,57,22,17"/><V73/><F128/><W122/><G32/><T100/><D78/><U24/><E118/><V13/><F0/><W72/><G97/><T64/><D74/><U135/><E135/><V50/><F40/><N who="0" m="15466" /><D98/><U43/><E53/><V12/><F67/><W93/><G93/><T47/><D100/><U68/><E8/><V65/><F65/><W18/><G57/><T85/><D85/><U90/><E24/><V88/><F29/><W70/><G63/><T4/><D4/><U45/><E20/><V79/><F13/><W15/><G15/><T89/><D89/><U124/><E46/><V126/><F126/><W71/><G22/><T119/><D119/><U112/><E112/><V114/><F114/><W35/><G35/><T91/><D91/><U113/><E113/><V77/><F73/><W104/><G72/><T48/><D47/><U19/><E68/><V111/><F111/><W116/><G116/><T86/><D86/><N who="1" m="50503" /><E75/><V25/><F25/><W28/><G28/><T3/><D3/><U115/><E115/><V16/><REACH who="2" step="1"/><F101/><REACH who="2" ten="518,40,200,232" step="2"/><W54/><G125/><T55/><D55/><U21/><E34/><V66/><F66/><W82/><G54/><T11/><D11/><U36/><E124/><V7/><F7/><W117/><G117/><T44/><D44/><AGARI ba="0,1" hai="10,12,16,44,50,52,76,77,79,88,95,99,106,107" machi="44" ten="40,12000,1" yaku="1,1,54,3,53,0" doraHai="131" doraHaiUra="31" who="2" fromWho="0" sc="518,-120,40,0,200,130,232,0" />
</Scene>
<Scene>
<INIT seed="6,1,0,2,3,116" ten="398,40,330,232" oya="2" hai0="68,63,69,114,109,93,111,14,97,106,103,32,74" hai1="127,27,37,44,8,81,131,22,42,130,26,100,9" hai2="104,35,96,76,10,86,82,24,87,88,2,121,36" hai3="39,34,105,55,120,15,67,17,62,108,25,112,4"/><V51/><F36/><W1/><G108/><T13/><D74/><U135/><E127/><V129/><F121/><W65/><G105/><T38/><D38/><U46/><E135/><V54/><F129/><W72/><G72/><T118/><D114/><U128/><E100/><V12/><F2/><W125/><G39/><T71/><D32/><U66/><E66/><V64/><F64/><W40/><G40/><T84/><D118/><U132/><E132/><V11/><F104/><W47/><G120/><T60/><D84/><U78/><E44/><N who="2" m="28007" /><F35/><W23/><G125/><T5/><D106/><U80/><E80/><N who="2" m="47367" /><F24/><W30/><G112/><T59/><D109/><U6/><E22/><V3/><F3/><W53/><G47/><T113/><D113/><U56/><E56/><V85/><F96/><W95/><G95/><T29/><D71/><U20/><E20/><V75/><F75/><W58/><G67/><T79/><D93/><U21/><E21/><V61/><F61/><W33/><G33/><T101/><D97/><U73/><REACH who="1" step="1"/><E9/><AGARI ba="1,0" hai="1,4,9,15,17,23,25,30,34,53,55,58,62,65" machi="9" ten="40,2600,0" yaku="24,2" doraHai="116" who="3" fromWho="1" sc="398,0,40,-29,330,0,232,29" />
</Scene>
<Scene>
<INIT seed="7,0,0,5,3,47" ten="398,11,330,261" oya="3" hai0="13,95,101,119,104,108,2,92,37,83,44,123,72" hai1="12,27,105,133,56,63,51,35,21,7,38,121,59" hai2="16,41,91,48,71,88,132,77,130,124,126,39,60" hai3="18,103,85,115,17,106,22,68,69,53,57,19,99"/><W40/><G115/><T75/><D108/><U127/><E105/><V90/><F39/><W36/><G22/><T70/><D2/><U76/><E38/><V125/><F132/><W78/><G40/><T0/><D0/><U32/><E121/><V86/><F130/><W43/><G43/><T34/><D70/><U5/><E5/><V116/><F116/><W61/><G36/><T55/><D34/><U1/><E133/><V54/><F41/><W42/><G42/><T94/><D37/><U87/><E127/><V46/><F77/><W118/><G118/><T6/><D6/><U29/><E32/><V74/><F74/><N who="0" m="28202" /><D13/><U100/><E100/><V93/><REACH who="2" step="1"/><F16/><REACH who="2" ten="398,11,320,261" step="2"/><W11/><REACH who="3" step="1"/><G11/><REACH who="3" ten="398,11,320,251" step="2"/><T64/><D119/><U113/><E113/><V33/><F33/><W62/><G62/><T45/><D123/><U89/><E76/><V67/><AGARI ba="0,2" hai="46,48,54,60,67,71,86,88,90,91,93,124,125,126" machi="67" ten="40,8000,1" yaku="1,1,0,1,18,1,52,1,54,1,53,0" doraHai="47" doraHaiUra="52" who="2" fromWho="2" sc="398,-20,11,-20,320,100,251,-40" owari="378,18.0,-9,-51.0,420,52.0,211,-19.0" />
</Scene>
</mjloggm>