<mjloggm ver="2.3"><GO type="41" lobby="0"/><UN n0="%70%61%70%61%31%39%34%38" n1="%76%61%6E%69%6C%6C%65" n2="%E5%A4%AA%E3%81%8F%E3%81%AA%E3%81%84%E3%81%8A" n3="%E9%87%A3%E3%82%8A%E9%9B%80%E5%A3%AB%EF%BC%88%E6%94%B9%EF%BC%89" dan="13,13,17,13" rate="1849.79,1889.47,2240.30,1915.72" sx="M,M,M,M"/><TAIKYOKU oya="0"/>

<Scene>
<INIT seed="0,0,0,5,4,113" ten="250,250,250,250" oya="0" hai0="74,78,128,66,97,132,61,69,84,79,33,13,106" hai1="111,109,116,27,11,24,87,71,115,40,120,37,14" hai2="104,124,15,25,12,55,126,43,68,119,127,80,110" hai3="77,86,19,56,21,67,1,99,122,82,105,100,4"/><T42/><D128/><U51/><E71/><V129/><F104/><W118/><G122/><T0/><D132/><U45/><E120/><V44/><F68/><W72/><G1/><T46/><D0/><U102/><E115/><V8/><F129/><W20/><G4/><T50/><D33/><U22/><E102/><V58/><F110/><N who="1" m="41993" /><E37/><V23/><F80/><W81/><G118/><T10/><D74/><U36/><E36/><N who="2" m="21607" /><F8/><W114/><G114/><T76/><D106/><U92/><E116/><V49/><F119/><W52/><G67/><T103/><D97/><U5/><E22/><V96/><F96/><W18/><G21/><T30/><D30/><AGARI ba="0,0" hai="12,15,23,25,30,49,55,58,124,126,127" m="21607" machi="30" ten="30,1000,0" yaku="18,1" doraHai="113" who="2" fromWho="0" sc="250,-10,250,0,250,10,250,0" />
</Scene>
<Scene>
<INIT seed="1,0,0,5,4,106" ten="240,250,260,250" oya="1" hai0="48,32,49,70,59,60,55,103,90,112,23,50,40" hai1="125,130,116,104,97,89,7,122,5,43,111,30,66" hai2="69,126,98,80,133,8,16,72,28,34,46,131,54" hai3="135,101,120,20,63,81,42,29,21,93,86,58,26"/><U88/><E122/><V0/><F69/><W38/><G120/><T77/><D112/><U4/><E116/><V17/><F34/><W61/><G135/><T109/><D109/><U127/><E130/><V91/><F28/><W78/><G20/><T51/><D32/><U44/><E111/><V121/><F121/><W13/><G13/><T18/><D103/><N who="1" m="62575" /><E66/><V117/><F126/><N who="1" m="48137" /><E30/><V45/><F117/><W31/><G31/><T36/><D77/><U128/><E128/><V67/><F67/><W82/><G58/><T79/><D79/><U105/><E105/><V56/><F131/><W39/><G82/><T115/><D115/><U129/><E129/><V118/><F118/><W2/><G2/><T64/><D90/><U3/><E3/><V37/><F133/><W102/><G38/><AGARI ba="0,0" hai="4,5,7,38,43,44,88,89" m="48137,62575" machi="38" ten="30,2900,0" yaku="18,1,54,1" doraHai="106" who="1" fromWho="3" sc="240,0,250,29,260,0,250,-29" />
</Scene>
<Scene>
<INIT seed="1,1,0,2,3,117" ten="240,279,260,221" oya="1" hai0="10,0,56,45,72,48,32,84,77,123,135,58,115" hai1="33,47,74,3,87,19,95,54,29,128,111,39,43" hai2="1,116,76,67,57,78,64,24,83,55,35,131,92" hai3="30,8,13,119,51,109,5,88,66,28,23,22,42"/><U120/><E74/><V129/><F1/><W97/><G119/><T7/><D115/><U133/><E3/><V100/><F116/><W20/><G109/><T25/><D135/><U44/><E133/><V81/><F100/><W15/><G66/><N who="2" m="25129" /><F92/><N who="3" m="56455" /><G15/><T17/><D72/><U130/><E111/><V36/><F36/><W59/><G42/><T101/><D101/><U86/><E33/><V132/><F24/><W125/><G125/><T53/><D123/><U99/><E29/><N who="3" m="11370" /><G59/><T112/><D112/><U12/><E120/><V27/><F27/><W14/><G14/><T90/><D77/><N who="2" m="29802" /><F35/><W6/><G51/><T122/><D122/><U107/><E107/><V91/><F91/><W11/><G11/><T46/><D58/><U70/><E70/><V68/><F68/><W106/><G106/><T50/><D32/><U113/><E113/><V127/><F127/><W105/><G105/><T40/><D56/><U94/><E94/><V89/><F89/><W21/><N who="3" m="5632" /><DORA hai="34" /><W18/><AGARI ba="1,0" hai="5,6,8,13,18" m="5632,11370,56455" machi="18" ten="40,5200,0" yaku="4,1,8,1,54,1" doraHai="117,34" who="3" fromWho="3" sc="240,-14,279,-27,260,-14,221,55" />
</Scene>
<Scene>
<INIT seed="2,0,0,5,1,99" ten="226,252,246,276" oya="2" hai0="52,108,32,10,106,127,46,5,70,134,29,30,116" hai1="69,66,21,83,49,123,75,78,122,101,76,64,97" hai2="125,39,0,51,23,68,85,82,71,94,34,22,26" hai3="1,117,31,129,50,25,120,130,111,124,16,118,86"/><V135/><F39/><W55/><G120/><N who="1" m="46122" /><E69/><V87/><F0/><W65/><G65/><T27/><D108/><U62/><E78/><V3/><F3/><W13/><G111/><T90/><D127/><U133/><E133/><V92/><F34/><W79/><G124/><T80/><D134/><U38/><E38/><V59/><F135/><W104/><G1/><T44/><D116/><U103/><E97/><V45/><F125/><W96/><G79/><T36/><D30/><U115/><E115/><V54/><F71/><W6/><G6/><T114/><D114/><U56/><E66/><V15/><F68/><W128/><G86/><T100/><D70/><U47/><E21/><V43/><F15/><W28/><G96/><T48/><D36/><U2/><E2/><V113/><F113/><W12/><G104/><T19/><D19/><U61/><E61/><N who="2" m="36087" /><F23/><N who="3" m="13543" /><G50/><T121/><D121/><U77/><E77/><N who="2" m="46287" /><F87/><W14/><G55/><AGARI ba="0,0" hai="47,49,55,56,62,64,75,76,83,101,103" m="46122" machi="55" ten="30,3900,0" yaku="13,1,52,2" doraHai="99" who="1" fromWho="3" sc="226,0,252,39,246,0,276,-39" />
</Scene>
<Scene>
<INIT seed="3,0,0,3,3,93" ten="226,291,246,237" oya="3" hai0="70,100,117,120,65,121,97,134,127,101,80,61,39" hai1="26,33,71,122,44,15,21,118,112,82,59,12,132" hai2="69,47,114,27,83,53,50,94,125,84,35,16,5" hai3="102,45,133,85,103,43,23,6,48,99,11,38,41"/><W78/><G133/><T32/><D117/><U79/><E71/><V4/><F114/><W106/><G103/><T67/><D65/><U9/><E122/><V131/><F69/><W116/><G116/><T105/><D134/><U37/><E118/><V31/><F131/><W86/><G23/><T8/><D127/><U91/><E33/><V77/><F125/><W64/><G64/><T14/><D80/><U55/><E132/><V7/><F94/><W123/><G78/><T98/><D39/><U113/><E44/><V0/><REACH who="2" step="1"/><F16/><REACH who="2" ten="226,291,236,237" step="2"/><W110/><G123/><T1/><D32/><U52/><E113/><V62/><F62/><W28/><G28/><T17/><D1/><AGARI ba="0,1" hai="0,1,4,5,7,27,31,35,47,50,53,77,83,84" machi="1" ten="40,1300,0" yaku="1,1,53,0" doraHai="93" doraHaiUra="111" who="2" fromWho="0" sc="226,-13,291,0,236,23,237,0" />
</Scene>
<Scene>
<INIT seed="4,0,0,4,2,8" ten="213,291,259,237" oya="0" hai0="122,19,134,38,18,103,6,95,39,67,15,110,107" hai1="49,123,131,20,1,47,104,54,112,109,9,41,0" hai2="12,76,79,40,24,127,117,14,80,125,101,44,93" hai3="65,98,48,92,29,129,135,96,133,37,113,63,71"/><T36/><D122/><U114/><E104/><V10/><F117/><W106/><G113/><N who="1" m="43626" /><E109/><V52/><F24/><W132/><G37/><T75/><D107/><U32/><E32/><V85/><F79/><W73/><G129/><T27/><D110/><U60/><E123/><V121/><F121/><W120/><G73/><T13/><D75/><U61/><E131/><V128/><F128/><W115/><G115/><T43/><D134/><U23/><E9/><V89/><F101/><N who="3" m="62759" /><G120/><T90/><D103/><U64/><E54/><V97/><F52/><W124/><G124/><N who="2" m="47689" /><F10/><W70/><G29/><T22/><D67/><U31/><E60/><V30/><F30/><W108/><G48/><AGARI ba="0,0" hai="12,14,40,44,48,76,80,85,89,93,97" m="47689" machi="48" ten="30,3900,0" yaku="18,1,52,2" doraHai="8" who="2" fromWho="3" sc="213,0,291,0,259,39,237,-39" />
</Scene>
<Scene>
<INIT seed="5,0,0,4,4,116" ten="213,291,298,198" oya="1" hai0="125,115,71,91,63,32,109,70,94,11,10,28,68" hai1="127,82,18,53,119,135,43,45,128,96,49,102,9" hai2="65,47,26,7,51,118,133,52,80,61,126,87,30" hai3="21,55,107,66,1,84,111,69,122,114,33,25,35"/><U60/><E119/><V24/><F118/><W88/><G111/><T13/><D109/><U98/><E127/><V103/><F126/><W100/><G1/><T113/><D125/><U81/><E128/><V89/><F133/><W90/><G114/><T42/><D42/><U3/><E135/><V0/><F103/><W15/><G55/><T4/><D63/><U105/><E96/><V117/><F117/><W74/><G74/><T76/><D76/><U130/><E130/><V112/><F112/><N who="0" m="43082" /><D28/><U44/><E60/><V40/><F0/><W27/><G122/><T120/><D32/><U58/><E45/><V19/><F7/><W108/><G108/><T75/><D75/><U129/><E129/><V86/><F19/><N who="3" m="10495" /><G84/><N who="0" m="52583" /><D11/><U121/><E121/><AGARI ba="0,0" hai="4,10,13,68,70,71,120,121" m="52583,43082" machi="121" ten="40,5200,0" yaku="15,1,52,2" doraHai="116" who="0" fromWho="1" sc="213,52,291,-52,298,0,198,0" />
</Scene>
<Scene>
<INIT seed="6,0,0,1,5,24" ten="265,239,298,198" oya="2" hai0="9,128,31,26,39,133,103,10,104,130,107,1,111" hai1="52,70,92,48,67,22,53,108,129,49,47,0,87" hai2="112,41,100,62,40,117,122,65,83,96,95,68,115" hai3="16,113,3,135,2,5,25,55,54,71,127,77,101"/><V29/><F117/><W63/><G127/><T106/><D10/><U94/><E0/><V42/><F122/><W69/><G135/><T91/><D111/><U80/><E108/><V27/><REACH who="2" step="1"/><F83/><REACH who="2" ten="265,239,288,198" step="2"/><W46/><G113/><T72/><D133/><U51/><E129/><N who="0" m="49769" /><D91/><U84/><E80/><V64/><F64/><W8/><G77/><T90/><D90/><U57/><E67/><V126/><F126/><W81/><G81/><T6/><D72/><U93/><E70/><V28/><F28/><W66/><G71/><T120/><D120/><U98/><E98/><V134/><F134/><W73/><G73/><T105/><D39/><U30/><E51/><V14/><F14/><W74/><G74/><T123/><D123/><U20/><E20/><AGARI ba="0,1" hai="20,27,29,40,41,42,62,65,68,95,96,100,112,115" machi="20" ten="40,3900,0" yaku="1,1,52,1,53,0" doraHai="24" doraHaiUra="85" who="2" fromWho="1" sc="265,0,239,-39,288,49,198,0" />
</Scene>
<Scene>
<INIT seed="6,1,0,0,0,7" ten="265,200,337,198" oya="2" hai0="13,89,54,123,93,130,74,78,116,134,119,3,129" hai1="2,94,71,56,27,24,48,37,53,1,120,66,29" hai2="8,103,97,26,41,0,131,81,96,51,72,52,17" hai3="58,42,135,128,132,70,28,49,107,14,115,118,80"/><V62/><F131/><N who="0" m="50186" /><D3/><U18/><E37/><V73/><F41/><W46/><G128/><T84/><D54/><U68/><E68/><V133/><F62/><W25/><G70/><T10/><D10/><U101/><E120/><V122/><F122/><W57/><G118/><N who="0" m="45099" /><D13/><U31/><E18/><V69/><F69/><W91/><G107/><T39/><D39/><U67/><E71/><V77/><F133/><N who="3" m="51275" /><G115/><T104/><D134/><U90/><E101/><V83/><F26/><W50/><G50/><T113/><D123/><U9/><E2/><V112/><F112/><W105/><G105/><T11/><D11/><U126/><E9/><V106/><F97/><W55/><G14/><T36/><D36/><U65/><E1/><V59/><F17/><W88/><G80/><N who="0" m="45143" /><D104/><U124/><E27/><V117/><F117/><W92/><G92/><T35/><D35/><U22/><REACH who="1" step="1"/><E31/><REACH who="1" ten="265,190,337,198" step="2"/><V98/><F0/><W95/><G25/><T38/><D38/><U5/><E5/><V30/><F30/><W108/><G28/><T6/><D6/><U114/><E114/><AGARI ba="1,1" hai="84,89,93,113,114" m="45143,45099,50186" machi="114" ten="40,8000,1" yaku="19,1,12,1,34,2" doraHai="7" who="0" fromWho="1" sc="265,93,190,-83,337,0,198,0" />
</Scene>
<Scene>
<INIT seed="7,0,0,3,2,104" ten="358,107,337,198" oya="3" hai0="22,32,103,90,101,76,0,46,117,94,49,114,53" hai1="60,39,4,20,54,89,91,47,21,118,40,50,123" hai2="80,27,28,88,42,109,108,81,7,87,122,79,75" hai3="73,62,13,126,16,10,84,63,15,69,5,97,37"/><W36/><G126/><T105/><D32/><U41/><E123/><V99/><F122/><W34/><G34/><T112/><D0/><U110/><E110/><V12/><F42/><W1/><G73/><T131/><D131/><U120/><E120/><V25/><F25/><W9/><G1/><T3/><D3/><U71/><E118/><V64/><F64/><W82/><G97/><T115/><D117/><U121/><E41/><V127/><F127/><W111/><G111/><T98/><D76/><U43/><E43/><V38/><F38/><W95/><G95/><T18/><D105/><U24/><E4/><V68/><F68/><W61/><REACH who="3" step="1"/><G69/><REACH who="3" ten="358,107,337,188" step="2"/><T56/><D101/><U113/><E121/><V51/><F99/><W116/><G116/><T23/><D103/><U92/><E113/><V57/><F109/><W29/><G29/><T48/><D18/><U133/><E133/><V55/><F108/><W59/><G59/><T58/><D56/><U85/><E89/><AGARI ba="0,1" hai="5,9,10,13,15,16,36,37,61,62,63,82,84,89" machi="89" ten="40,12000,1" yaku="1,1,54,1,53,2" doraHai="104" doraHaiUra="6" who="3" fromWho="1" sc="358,0,107,-120,337,0,188,130" owari="358,45.0,-13,-51.0,337,14.0,318,-8.0" />
</Scene>
</mjloggm>