<mjloggm ver="2.3"><GO type="41" lobby="0"/><UN n0="%E5%A4%AA%E3%81%8F%E3%81%AA%E3%81%84%E3%81%8A" n1="%41%41%41%5A%5A%5A" n2="%7A%6A%62%31%33%36%34" n3="%68%61%73%75%6F%69%6B%65" dan="17,14,13,15" rate="2134.50,1914.56,1808.39,1996.77" sx="M,M,M,M"/><TAIKYOKU oya="0"/>

<Scene>
<INIT seed="0,0,0,4,3,47" ten="250,250,250,250" oya="0" hai0="58,73,121,20,4,32,134,65,120,55,108,17,98" hai1="128,90,131,92,69,0,106,75,72,100,36,43,84" hai2="14,110,85,96,21,89,41,97,29,109,11,10,2" hai3="123,39,44,67,99,113,15,104,3,127,1,56,61"/><T18/><D32/><U135/><E69/><V76/><F76/><W88/><G113/><T101/><D73/><U82/><E0/><V112/><F112/><W25/><G127/><T28/><D4/><U64/><E64/><V94/><F41/><W19/><G123/><T114/><D114/><U116/><E116/><V132/><F132/><W60/><G25/><T81/><D81/><U46/><E135/><V103/><F96/><W59/><G104/><T91/><D91/><U51/><E36/><V52/><F2/><W12/><G39/><T126/><D134/><U22/><E22/><V62/><F29/><W130/><G130/><T102/><D65/><U122/><E122/><V53/><F21/><W24/><G24/><T34/><D34/><U54/><E43/><V78/><F78/><W68/><G44/><T50/><D126/><U119/><E119/><V118/><F118/><W9/><G15/><T45/><D28/><U117/><E117/><V77/><F77/><W31/><G31/><T80/><D80/><U23/><E23/><V38/><F38/><W48/><G48/><T6/><D6/><U111/><E111/><N who="2" m="42507" /><F62/><W115/><G115/><T27/><D108/><U83/><E75/><V66/><F66/><N who="3" m="39175" /><G68/><T8/><D121/><U129/><E72/><V133/><F133/><W40/><G40/><N who="0" m="24871" /><D120/><U13/><E106/><N who="2" m="63855" /><F10/><W57/><G57/><T95/><D8/><U107/><E107/><V71/><F71/><W93/><G1/><T125/><D125/><U16/><E100/><V5/><AGARI ba="0,0" hai="5,11,14,52,53,85,89,94" m="63855,42507" machi="5" ten="30,2000,0" yaku="14,1,54,1" doraHai="47" who="2" fromWho="2" sc="250,-10,250,-5,250,20,250,-5" />
</Scene>
<Scene>
<INIT seed="1,0,0,2,3,125" ten="240,245,270,245" oya="1" hai0="122,1,53,133,72,54,46,9,8,63,25,78,45" hai1="110,86,58,0,69,41,68,15,2,131,16,81,106" hai2="130,126,70,23,32,38,22,102,33,98,44,103,85" hai3="84,76,4,67,47,82,117,30,34,28,96,93,112"/><U127/><E106/><V73/><F73/><W5/><G112/><T26/><D133/><U7/><E127/><V134/><F134/><W6/><G117/><T77/><D72/><U18/><E41/><V88/><F126/><W74/><G34/><T20/><D1/><U55/><E110/><V17/><F70/><W66/><G74/><T10/><D122/><U52/><E7/><V116/><F116/><W12/><G12/><T123/><D123/><U115/><E115/><V19/><F130/><W14/><G14/><T89/><D89/><U11/><E131/><V111/><F111/><W21/><G47/><N who="0" m="17931" /><D63/><U24/><E55/><N who="0" m="21001" /><D20/><U64/><E2/><V62/><F62/><W105/><G105/><T75/><D75/><U37/><E37/><V29/><F44/><W114/><G114/><T51/><D51/><U59/><E0/><V107/><F38/><W87/><G87/><T83/><D83/><U118/><E118/><V60/><F60/><W79/><G79/><AGARI ba="0,0" hai="8,9,10,25,26,77,78,79" m="21001,17931" machi="79" ten="30,3900,0" yaku="28,2,8,1" doraHai="125" who="0" fromWho="3" sc="240,39,245,0,270,0,245,-39" />
</Scene>
<Scene>
<INIT seed="2,0,0,5,1,49" ten="279,245,270,206" oya="2" hai0="44,113,115,67,2,10,82,12,84,13,25,53,107" hai1="74,120,19,101,89,93,37,61,11,105,87,77,133" hai2="40,110,111,9,21,64,23,22,123,15,100,63,79" hai3="94,65,56,118,47,132,6,134,69,135,70,48,16"/><V18/><F123/><W122/><G6/><T71/><D107/><U108/><E37/><V85/><F40/><W62/><G94/><T114/><D2/><U8/><E120/><V14/><F100/><W4/><G4/><T29/><D67/><U55/><E108/><N who="2" m="41515" /><F85/><W104/><G104/><T45/><D71/><U5/><E5/><N who="2" m="3375" /><F79/><W54/><G122/><T24/><D84/><U81/><E19/><V112/><F112/><W117/><G16/><T91/><D113/><U90/><E90/><V95/><F95/><W86/><G86/><T35/><D91/><U17/><E17/><V124/><F124/><W20/><G20/><T34/><D10/><U126/><E126/><V75/><F75/><W32/><G32/><T59/><D82/><U80/><E81/><V50/><F50/><W51/><G48/><T76/><D76/><U43/><E43/><V33/><F33/><W30/><G30/><T72/><D29/><U3/><E3/><V7/><F7/><W83/><G83/><T97/><D72/><U116/><E116/><AGARI ba="0,0" hai="47,51,54,56,62,65,69,70,116,117,118,132,134,135" machi="116" ten="50,8000,1" yaku="20,1,34,3,52,1" doraHai="49" who="3" fromWho="1" sc="279,0,245,-80,270,0,206,80" />
</Scene>
<Scene>
<INIT seed="3,0,0,3,3,30" ten="279,165,270,286" oya="3" hai0="73,128,64,56,89,129,119,67,72,29,37,41,92" hai1="48,23,105,54,126,107,76,8,115,52,61,77,106" hai2="111,36,91,20,43,25,0,19,53,2,32,133,99" hai3="134,15,58,45,113,116,47,104,51,17,75,108,135"/><W127/><G116/><T110/><D119/><U85/><E115/><V18/><F111/><W96/><G113/><T90/><D110/><U55/><E126/><V39/><F133/><W81/><G108/><T26/><D41/><U122/><E122/><V97/><F53/><N who="3" m="32063" /><G127/><T59/><D37/><U31/><E8/><V93/><F99/><W21/><G104/><T117/><D117/><U114/><E114/><V131/><F131/><W42/><G96/><T83/><D83/><U66/><E48/><V132/><F132/><N who="3" m="50731" /><G42/><T6/><D6/><U130/><E130/><V5/><F43/><W74/><G81/><T112/><D112/><U78/><E85/><V50/><F36/><W88/><G88/><T120/><D92/><U118/><E118/><V1/><F39/><W79/><G79/><T16/><D120/><U22/><REACH who="1" step="1"/><E31/><REACH who="1" ten="279,155,270,286" step="2"/><V125/><F125/><W40/><G40/><T94/><D29/><U95/><E95/><V121/><F93/><W84/><G84/><T123/><D94/><U38/><E38/><V69/><F121/><W57/><G75/><T68/><D123/><U60/><E60/><V10/><F10/><W7/><G74/><T24/><D73/><U4/><E4/><V46/><F5/><W82/><G7/><T63/><D72/><U28/><E28/><V71/><F0/><W27/><G82/><T62/><D16/><U109/><E109/><V80/><F1/><W103/><G17/><T14/><D14/><U9/><E9/><V33/><F2/><W44/><G15/><T87/><D87/><U98/><E98/><V100/><F18/><RYUUKYOKU ba="0,1" sc="279,15,155,15,270,-15,286,-15" hai0="24,26,56,59,62,63,64,67,68,89,90,128,129" hai1="22,23,52,54,55,61,66,76,77,78,105,106,107" />
</Scene>
<Scene>
<INIT seed="4,1,1,0,1,73" ten="294,170,255,271" oya="0" hai0="22,89,101,83,66,38,124,67,18,109,97,84,133" hai1="70,129,33,10,15,103,35,123,0,7,25,134,105" hai2="19,28,58,127,135,118,17,132,26,63,13,2,64" hai3="5,44,31,92,8,39,29,74,131,76,128,41,114"/><T11/><D38/><U77/><E123/><V37/><F2/><W94/><G114/><T87/><D124/><U102/><E102/><V106/><BYE who="1" /><F118/><W48/><G48/><T86/><D133/><N who="2" m="51274" /><F127/><UN n1="%41%41%41%5A%5A%5A" /><W111/><G111/><T62/><D11/><U107/><E103/><V55/><F37/><W81/><G31/><T14/><D109/><U61/><E134/><V51/><F106/><W96/><G29/><T54/><D54/><U46/><E46/><N who="2" m="28151" /><F13/><W57/><G57/><T104/><REACH who="0" step="1"/><D67/><REACH who="0" ten="284,170,255,271" step="2"/><U119/><E10/><V91/><F91/><W42/><G42/><T53/><D53/><U93/><E119/><V65/><F65/><W108/><G108/><T40/><D40/><U1/><E1/><V43/><F43/><W52/><G52/><T98/><D98/><U117/><E0/><V72/><F72/><W34/><G96/><T6/><D6/><U12/><E117/><V27/><F27/><W60/><G8/><T32/><D32/><AGARI ba="1,2" hai="17,19,26,28,32,58,63,64" m="28151,51274" machi="32" ten="30,1000,0" yaku="20,1" doraHai="73" who="2" fromWho="0" sc="284,-13,170,0,255,33,271,0" />
</Scene>
<Scene>
<INIT seed="5,0,0,1,3,99" ten="271,170,288,271" oya="1" hai0="38,68,109,51,92,42,73,20,32,16,119,78,81" hai1="34,70,56,24,52,79,19,135,71,132,2,10,23" hai2="67,114,87,1,54,53,57,95,76,29,5,112,115" hai3="84,126,123,41,117,113,18,22,125,131,118,50,31"/><U61/><E79/><V62/><F29/><W37/><G37/><T65/><D32/><U49/><E49/><V74/><F74/><W35/><G123/><T96/><D109/><U30/><E70/><V90/><REACH who="2" step="1"/><F76/><REACH who="2" ten="271,170,278,271" step="2"/><W110/><G31/><T3/><D78/><U14/><REACH who="1" step="1"/><E71/><REACH who="1" ten="271,160,278,271" step="2"/><V98/><F98/><W11/><G118/><T128/><D96/><U124/><E124/><V39/><F39/><W103/><G117/><T116/><D68/><U43/><E43/><V102/><F102/><W130/><G41/><T91/><D42/><U0/><E0/><V134/><F134/><W89/><G103/><T100/><D38/><U21/><E21/><V6/><F6/><AGARI ba="0,2" hai="2,6,10,14,19,23,24,30,34,52,56,61,132,135" machi="6" ten="40,12000,1" yaku="1,1,24,2,54,1,53,0" doraHai="99" doraHaiUra="111" who="1" fromWho="2" sc="271,0,160,140,278,-120,271,0" />
</Scene>
<Scene>
<INIT seed="5,1,0,4,5,76" ten="271,300,158,271" oya="1" hai0="87,101,94,61,6,1,35,60,77,36,55,67,89" hai1="114,97,82,59,133,102,34,121,132,4,56,93,119" hai2="29,91,74,19,115,37,100,134,52,124,40,107,62" hai3="10,83,110,135,127,75,58,17,70,125,106,126,131"/><U113/><E34/><V41/><F74/><W43/><G110/><T57/><D36/><U15/><E119/><V8/><F134/><N who="1" m="51817" /><E121/><V122/><F122/><W27/><G70/><T53/><D35/><U9/><E59/><V109/><F109/><W96/><G135/><T85/><D101/><U18/><E56/><V46/><F124/><W2/><G131/><T116/><D116/><U30/><E30/><V47/><F115/><N who="1" m="44041" /><E4/><V65/><F29/><W45/><G127/><T66/><D1/><U50/><E50/><V28/><F28/><W73/><G126/><T90/><D77/><U68/><E68/><V7/><F19/><W112/><G17/><T25/><D25/><U105/><E105/><V24/><F24/><W42/><G106/><T103/><D103/><U0/><E0/><V99/><F91/><W81/><G27/><T98/><D6/><U48/><E48/><V108/><F108/><W64/><G2/><T44/><D44/><U3/><E3/><V72/><F72/><W117/><G75/><T78/><D61/><U80/><AGARI ba="1,0" hai="9,15,18,80,82,93,97,102" m="44041,51817" machi="80" ten="40,12000,1" yaku="20,1,15,1,52,2" doraHai="76" who="1" fromWho="1" sc="271,-41,300,123,158,-41,271,-41" />
</Scene>
<Scene>
<INIT seed="5,2,0,4,1,74" ten="230,423,117,230" oya="1" hai0="22,92,83,105,72,38,34,76,109,44,94,9,24" hai1="20,88,30,52,55,87,101,124,17,111,14,31,119" hai2="84,62,86,29,106,112,91,10,6,80,65,5,26" hai3="57,117,56,126,128,123,41,73,131,60,99,110,104"/><U95/><E119/><V114/><F106/><W68/><G123/><T132/><D109/><U103/><E124/><V89/><F10/><W45/><G73/><T53/><D105/><U37/><E37/><V1/><F1/><W19/><G19/><T40/><D34/><U43/><E43/><V79/><F79/><W69/><G99/><T66/><D132/><U85/><E85/><V39/><F39/><W107/><G110/><T61/><D53/><U7/><E7/><V81/><F112/><W2/><G2/><T8/><D8/><U100/><E111/><V35/><REACH who="2" step="1"/><F114/><REACH who="2" ten="230,423,107,230" step="2"/><W25/><G107/><T36/><D9/><U130/><E130/><V120/><F120/><W33/><G104/><T28/><D38/><U102/><N who="1" m="26112" /><DORA hai="16" /><U78/><E78/><V115/><F115/><W90/><G131/><T82/><D82/><U118/><E118/><V71/><AGARI ba="2,1" hai="5,6,26,29,35,62,65,71,80,81,84,86,89,91" machi="71" ten="20,8000,1" yaku="1,1,0,1,7,1,9,1,53,1" doraHai="74,16" doraHaiUra="127,59" who="2" fromWho="2" sc="230,-22,423,-42,107,96,230,-22" />
</Scene>
<Scene>
<INIT seed="6,0,0,1,5,90" ten="208,381,203,208" oya="2" hai0="11,51,76,72,5,96,36,12,134,1,23,7,101" hai1="14,99,13,41,3,120,26,73,98,109,77,4,50" hai2="89,56,61,114,81,84,28,128,92,34,88,106,15" hai3="67,0,80,38,39,83,107,87,75,53,68,25,21"/><V58/><F106/><W100/><G0/><T19/><D36/><U32/><E120/><V70/><F114/><W27/><G75/><T85/><D72/><U57/><E13/><V118/><F118/><W37/><G68/><T108/><D108/><U55/><E41/><V91/><F128/><W95/><G67/><T110/><D110/><U8/><E109/><V54/><F70/><W133/><G107/><T49/><D134/><U126/><E126/><V79/><F34/><W71/><G71/><T135/><D135/><U69/><E69/><V43/><F28/><W78/><G133/><T86/><D7/><U6/><E6/><V42/><F15/><W115/><G83/><T22/><D22/><U65/><E65/><N who="2" m="39079" /><F92/><W97/><G115/><T124/><D124/><U127/><E127/><V130/><F130/><W2/><G2/><T122/><D122/><U46/><E3/><V31/><F31/><W48/><REACH who="3" step="1"/><G21/><REACH who="3" ten="208,381,203,198" step="2"/><T64/><D64/><U104/><E104/><V131/><F131/><W121/><G121/><T30/><D1/><U66/><E73/><V9/><F9/><W112/><G112/><T62/><D11/><U24/><E32/><V33/><F33/><W20/><G20/><T59/><D23/><U63/><E26/><V82/><F81/><W47/><AGARI ba="0,1" hai="25,27,37,38,39,47,48,53,78,80,87,95,97,100" machi="47" ten="30,4000,0" yaku="1,1,0,1,52,1,53,0" doraHai="90" doraHaiUra="17" who="3" fromWho="3" sc="208,-10,381,-10,203,-20,198,50" />
</Scene>
<Scene>
<INIT seed="7,0,0,4,4,93" ten="198,371,183,248" oya="3" hai0="46,90,57,50,25,91,110,77,95,94,84,7,78" hai1="6,113,75,19,40,9,28,68,118,70,32,134,99" hai2="126,43,98,45,92,1,72,33,121,79,114,129,106" hai3="97,87,104,60,35,73,26,59,2,105,107,61,102"/><W62/><G73/><T34/><D110/><U69/><E75/><V116/><RYUUKYOKU type="yao9" ba="0,0" sc="198,0,371,0,183,0,248,0" hai2="1,33,43,45,72,79,92,98,106,114,116,121,126,129" />
</Scene>
<Scene>
<INIT seed="7,1,0,4,5,125" ten="198,371,183,248" oya="3" hai0="70,97,98,54,69,117,21,3,131,107,31,126,9" hai1="33,81,18,8,65,73,20,49,63,66,23,101,16" hai2="80,92,35,75,83,2,10,86,103,60,17,14,123" hai3="85,79,58,76,6,55,72,50,82,32,116,127,95"/><W115/><G116/><T11/><D117/><U39/><E33/><V112/><F123/><W110/><G32/><T134/><D126/><U91/><E101/><V36/><F35/><W37/><G37/><T45/><D107/><U74/><E39/><V122/><F122/><W59/><G127/><T121/><D121/><U67/><E8/><N who="0" m="3145" /><D3/><U30/><E30/><V41/><F75/><W43/><G43/><T119/><D119/><U102/><E102/><V87/><F112/><W132/><G115/><T13/><D70/><U19/><E63/><V40/><F60/><W42/><G42/><T57/><D69/><U26/><E49/><V78/><F2/><W34/><G34/><T27/><D134/><U96/><E96/><N who="0" m="36969" /><D131/><U51/><E51/><V48/><F36/><W104/><G104/><T12/><D45/><U38/><E38/><V124/><F124/><W99/><G132/><T130/><D130/><U64/><E26/><V133/><F133/><W62/><G110/><T29/><D29/><U93/><E93/><V25/><F25/><W24/><G24/><T84/><D84/><U47/><E47/><N who="2" m="25703" /><F41/><W22/><G72/><T118/><D118/><U7/><E74/><V108/><F108/><W77/><G6/><T88/><D88/><U106/><E73/><V61/><F61/><AGARI ba="1,0" hai="12,13,21,27,31,54,57,61" m="36969,3145" machi="61" ten="30,1000,0" yaku="8,1" doraHai="125" who="0" fromWho="2" sc="198,13,371,0,183,-13,248,0" owari="211,-19.0,371,47.0,170,-33.0,248,5.0" />
</Scene>
</mjloggm>