<mjloggm ver="2.3"><GO type="169" lobby="0"/><UN n0="%E4%B8%8D%E8%A8%B1%E5%8F%AF" n1="%E5%A4%AA%E3%81%8F%E3%81%AA%E3%81%84%E3%81%8A" n2="%E5%A4%95%E5%87%AA" n3="%74%61%6E%61%4B%61" dan="16,17,18,17" rate="2123.69,2148.05,2176.58,2157.77" sx="M,M,M,M"/><TAIKYOKU oya="0"/>

<Scene>
<INIT seed="0,0,0,4,4,12" ten="250,250,250,250" oya="0" hai0="37,0,120,3,82,73,33,79,106,98,105,26,94" hai1="63,2,39,43,96,38,49,29,27,108,133,56,54" hai2="116,90,77,35,128,4,86,16,87,127,36,114,65" hai3="81,93,75,132,50,51,129,53,52,44,17,21,118"/><T6/><D120/><U46/><E2/><V101/><F114/><W60/><G118/><T103/><D37/><U45/><E108/><V124/><F35/><W122/><G122/><T25/><D6/><U84/><E133/><V32/><F32/><W24/><G132/><T126/><D126/><N who="2" m="48170" /><F4/><W97/><G129/><T23/><D33/><U15/><E96/><V92/><F36/><W74/><G60/><T71/><D71/><U67/><E84/><V62/><F101/><W76/><G74/><T119/><D119/><U121/><E121/><V57/><F116/><W88/><G50/><T58/><D26/><U113/><E113/><V110/><F110/><W1/><G1/><T134/><D134/><U7/><E7/><V5/><F5/><W85/><G75/><T107/><REACH who="0" step="1"/><D58/><REACH who="0" ten="240,250,250,250" step="2"/><N who="1" m="37367" /><E27/><V89/><F128/><W66/><REACH who="3" step="1"/><G66/><REACH who="3" ten="240,250,250,240" step="2"/><T41/><D41/><AGARI ba="0,2" hai="17,21,24,41,44,51,52,53,76,81,85,88,93,97" machi="41" ten="30,12000,2" yaku="1,1,2,1,7,1,8,1,52,1,54,2,53,0" doraHai="12" doraHaiUra="59" who="3" fromWho="0" sc="240,-120,250,0,250,0,240,140" />
</Scene>
<Scene>
<INIT seed="1,0,0,3,0,42" ten="120,250,250,380" oya="1" hai0="15,109,130,62,74,132,30,88,76,66,100,34,2" hai1="31,89,110,33,24,126,54,61,99,9,96,18,108" hai2="94,127,98,23,49,121,118,5,78,65,59,122,73" hai3="58,75,64,12,48,29,120,7,6,82,84,131,55"/><U125/><E18/><V17/><F118/><W128/><G75/><T86/><D2/><U11/><E61/><V72/><F127/><N who="1" m="48649" /><E54/><V21/><F5/><W3/><G3/><T53/><D100/><U41/><E41/><V47/><F23/><W112/><G112/><T129/><D109/><N who="1" m="42091" /><E89/><V52/><F122/><W90/><G120/><T87/><D53/><U22/><E33/><V19/><F19/><W56/><G29/><T135/><D30/><U119/><E119/><V91/><F121/><W1/><G1/><T44/><D34/><U77/><E77/><V81/><F65/><W13/><G64/><T117/><D66/><U51/><E51/><V123/><F123/><W104/><G6/><T16/><D62/><U38/><E38/><V63/><F63/><W116/><G7/><T83/><D117/><U32/><E32/><V95/><F59/><W27/><G58/><T69/><D76/><U105/><E105/><V40/><F40/><W26/><G104/><T68/><D88/><U45/><E45/><V39/><F39/><W50/><G48/><T79/><D44/><U113/><E113/><V43/><F43/><W60/><G60/><T67/><D67/><U8/><AGARI ba="0,0" hai="8,9,11,22,24,31,96,99" m="42091,48649" machi="8" ten="40,7800,0" yaku="18,1,14,1,10,1" doraHai="42" who="1" fromWho="1" sc="120,-26,250,78,250,-26,380,-26" />
</Scene>
<Scene>
<INIT seed="1,1,0,1,0,96" ten="94,328,224,354" oya="1" hai0="13,35,53,85,46,79,131,31,73,37,115,102,7" hai1="106,39,75,125,10,74,116,38,76,21,32,123,25" hai2="5,30,108,130,60,135,118,56,128,78,84,41,16" hai3="47,97,64,17,86,101,66,132,133,127,48,109,103"/><U42/><E116/><V19/><F118/><W81/><G109/><T71/><D115/><U113/><E113/><V69/><F69/><W18/><G127/><T9/><D71/><U107/><E123/><V57/><F5/><W20/><G132/><T4/><D131/><U67/><E67/><N who="3" m="25642" /><G97/><T129/><D129/><U15/><E125/><V11/><F30/><W49/><G49/><T22/><D73/><U80/><E74/><V100/><F41/><N who="3" m="24687" /><G133/><T51/><D35/><U93/><E32/><V121/><F121/><W52/><G52/><T119/><D37/><U43/><E43/><V105/><F135/><W88/><G17/><T12/><D119/><U55/><E55/><V134/><F134/><W94/><G81/><T120/><D120/><U122/><E122/><V89/><F105/><W23/><G23/><T8/><D22/><U98/><E39/><V54/><F54/><W99/><G99/><T29/><REACH who="0" step="1"/><D102/><REACH who="0" ten="84,328,224,354" step="2"/><U28/><E38/><V124/><F124/><W36/><G36/><T110/><D110/><U14/><E75/><V117/><F117/><W45/><G45/><T77/><D77/><U82/><E76/><V90/><F78/><W2/><G2/><T111/><D111/><U33/><E33/><V68/><F68/><W58/><G58/><T114/><D114/><U62/><E21/><V104/><F108/><W95/><G20/><T87/><D87/><U59/><E59/><V65/><F130/><W6/><G86/><T61/><D61/><U1/><E1/><V27/><F128/><W72/><G72/><T112/><D112/><U44/><E62/><RYUUKYOKU ba="1,1" sc="84,30,328,-10,224,-10,354,-10" hai0="4,7,8,9,12,13,29,31,46,51,53,79,85" />
</Scene>
<Scene>
<INIT seed="2,2,1,5,3,58" ten="114,318,214,344" oya="2" hai0="73,126,111,4,37,117,90,65,19,11,106,91,10" hai1="83,135,35,74,77,2,42,36,18,93,45,14,123" hai2="48,31,88,49,96,26,17,47,81,23,131,115,52" hai3="16,33,86,40,82,56,44,76,72,25,113,104,122"/><V85/><F131/><W98/><G122/><T79/><D106/><U39/><E123/><V95/><F115/><W92/><G113/><T119/><D37/><U107/><E107/><V61/><F48/><W24/><G33/><T38/><D38/><U125/><E2/><V89/><REACH who="2" step="1"/><F61/><REACH who="2" ten="114,318,204,344" step="2"/><W103/><G72/><T109/><D73/><U71/><E39/><V114/><F114/><W57/><G104/><T64/><D126/><U116/><E125/><V46/><F46/><W8/><G44/><T99/><D119/><U13/><E116/><V70/><F70/><W97/><G40/><T69/><D117/><U128/><E71/><V105/><F105/><W132/><G132/><T60/><D69/><U30/><E128/><V63/><F63/><W50/><G50/><T129/><D129/><U1/><E135/><V6/><F6/><W0/><G57/><T15/><D60/><U80/><E45/><V120/><F120/><W133/><G56/><T12/><D4/><U9/><E36/><V53/><F53/><W43/><G43/><T5/><D5/><U78/><E42/><V22/><F22/><W20/><G133/><T28/><D64/><U110/><E35/><V84/><F84/><W94/><G20/><T68/><D65/><U102/><E74/><V87/><F87/><W34/><G34/><T124/><D68/><U127/><E127/><V134/><F134/><W118/><G118/><T29/><D124/><U75/><E75/><V7/><F7/><W59/><G59/><T27/><D99/><U108/><E108/><V130/><F130/><W100/><G0/><RYUUKYOKU ba="2,2" sc="114,-15,318,-15,204,15,344,15" hai2="17,23,26,31,47,49,52,81,85,88,89,95,96" hai3="8,16,24,25,76,82,86,92,94,97,98,100,103" />
</Scene>
<Scene>
<INIT seed="2,3,2,5,4,86" ten="99,303,219,359" oya="2" hai0="125,63,66,25,120,97,84,65,68,14,21,39,76" hai1="132,90,73,100,104,74,93,0,7,64,22,91,122" hai2="102,134,82,12,98,133,3,72,58,40,17,19,115" hai3="53,114,89,81,18,34,4,108,116,55,77,44,130"/><V107/><F3/><W27/><G116/><T105/><D120/><U54/><E64/><V88/><F115/><W85/><G108/><T61/><D125/><U96/><E122/><V59/><F40/><W49/><G130/><T11/><D39/><U1/><E132/><N who="2" m="50795" /><F72/><W36/><G36/><T45/><D45/><U113/><E113/><V71/><F71/><W101/><G114/><T47/><D47/><U46/><E22/><N who="2" m="11559" /><F19/><W26/><G101/><T75/><D75/><U20/><E20/><V31/><F31/><W32/><G4/><T83/><D21/><U48/><E0/><V124/><F124/><W131/><G131/><T2/><D2/><U118/><E118/><V69/><F69/><W57/><G77/><T29/><D29/><U60/><E1/><V67/><F67/><W94/><G18/><T56/><D25/><N who="3" m="9225" /><G32/><T123/><D123/><U135/><E135/><V95/><F82/><W92/><G34/><T5/><D105/><U110/><E7/><V6/><F6/><W35/><G35/><T126/><D126/><U9/><E110/><V13/><F13/><W87/><G81/><T117/><REACH who="0" step="1"/><D97/><AGARI ba="3,2" hai="58,59,88,95,97,98,102,107" m="11559,50795" machi="97" ten="30,5800,0" yaku="20,1,52,1,54,1" doraHai="86" who="2" fromWho="0" sc="99,-67,303,0,219,87,359,0" />
</Scene>
<Scene>
<INIT seed="2,4,0,1,1,47" ten="32,303,306,359" oya="2" hai0="6,53,114,56,38,60,51,35,14,21,88,23,73" hai1="12,89,44,108,113,79,22,128,20,7,39,81,69" hai2="118,102,100,109,90,133,9,98,67,134,52,75,82" hai3="13,116,46,3,1,105,65,74,110,86,97,15,55"/><V24/><F67/><W43/><G74/><T59/><D114/><U122/><E113/><V8/><F118/><W78/><G116/><T76/><D35/><U71/><E89/><V135/><F109/><W40/><G65/><T64/><D38/><U93/><E93/><N who="2" m="56631" /><F24/><W42/><G110/><T18/><D6/><U131/><E108/><V117/><F117/><W0/><G105/><T41/><D41/><N who="1" m="22591" /><E122/><V115/><F115/><W80/><REACH who="3" step="1"/><G97/><REACH who="3" ten="32,303,306,349" step="2"/><T91/><D73/><N who="1" m="43247" /><E71/><V17/><F75/><W11/><G11/><T16/><REACH who="0" step="1"/><D76/><REACH who="0" ten="22,303,306,349" step="2"/><U129/><E69/><V48/><F135/><W130/><G130/><T26/><AGARI ba="4,2" hai="14,16,18,21,23,26,51,53,56,59,60,64,88,91" machi="26" ten="20,16000,3" yaku="1,1,2,1,0,1,7,1,8,1,52,1,54,2,53,0" doraHai="47" doraHaiUra="121" who="0" fromWho="0" sc="22,192,303,-44,306,-84,349,-44" />
</Scene>
<Scene>
<INIT seed="3,0,0,5,1,1" ten="214,259,222,305" oya="3" hai0="127,63,94,67,52,84,91,58,9,124,66,90,37" hai1="36,22,35,93,119,39,31,3,23,79,20,51,78" hai2="41,56,29,54,72,26,17,129,103,68,60,76,49" hai3="80,135,45,118,113,132,8,133,86,5,96,134,59"/><W99/><G118/><T38/><D9/><U44/><E3/><V24/><F129/><W48/><G59/><T46/><D91/><U15/><E119/><V108/><F103/><W117/><G113/><T126/><REACH who="0" step="1"/><D46/><REACH who="0" ten="204,259,222,305" step="2"/><U85/><E44/><V2/><F76/><N who="3" m="46343" /><G135/><T95/><D95/><U4/><E93/><V81/><F81/><W97/><G117/><T27/><D27/><U75/><E78/><V65/><F26/><W109/><G109/><T114/><D114/><U130/><E79/><V64/><F108/><W104/><G104/><T131/><D131/><U89/><E89/><V100/><F24/><W74/><G74/><T121/><D121/><U105/><E105/><V101/><F72/><W69/><G133/><T14/><D14/><U123/><E75/><V50/><F2/><N who="3" m="55" /><G132/><T25/><D25/><U57/><E130/><V120/><F120/><W47/><G134/><T116/><D116/><U61/><E123/><V87/><F29/><W83/><G45/><T106/><D106/><U12/><E12/><V88/><F88/><W42/><G83/><T122/><D122/><U98/><E31/><V55/><F87/><W115/><G115/><T11/><D11/><N who="1" m="4583" /><E85/><V10/><F10/><W128/><G128/><T70/><D70/><U125/><E22/><V16/><F68/><W40/><G69/><T82/><D82/><U19/><E20/><V6/><F56/><W92/><G92/><T33/><D33/><U18/><E35/><V112/><F112/><W30/><G30/><T34/><D34/><U73/><E23/><V28/><F28/><W32/><G32/><RYUUKYOKU ba="0,1" sc="204,15,259,-15,222,-15,305,15" hai0="37,38,52,58,63,66,67,84,90,94,124,126,127" hai3="40,42,47,48,96,97,99" />
</Scene>
<Scene>
<INIT seed="3,1,1,3,4,15" ten="219,244,207,320" oya="3" hai0="72,76,134,85,110,16,20,103,9,36,83,35,87" hai1="24,19,4,40,70,106,37,26,30,93,117,3,1" hai2="57,78,7,21,127,58,32,69,77,115,49,90,74" hai3="128,133,101,14,126,121,92,130,88,47,68,80,94"/><W38/><G68/><T81/><D35/><U31/><E106/><V48/><F69/><W75/><G121/><T5/><D36/><U39/><E70/><V66/><F32/><W82/><G126/><T54/><D110/><U53/><E117/><V91/><F7/><W119/><G119/><T86/><D134/><U96/><E53/><V122/><F21/><W33/><G133/><T124/><D124/><U67/><E67/><V73/><F127/><W60/><G33/><T62/><D103/><U109/><E109/><V12/><F12/><W132/><G132/><T46/><D62/><U95/><E4/><V89/><F66/><W105/><G60/><T100/><D100/><U71/><E71/><V0/><F0/><W125/><G125/><T44/><D54/><U113/><E96/><V135/><F135/><W99/><G14/><N who="0" m="5423" /><D72/><U34/><E34/><V42/><F91/><W112/><G47/><N who="0" m="17963" /><D76/><U29/><E39/><V98/><F42/><W84/><G38/><T52/><D52/><U10/><E40/><V131/><F122/><W55/><G55/><T22/><D22/><U41/><E41/><V97/><REACH who="2" step="1"/><F131/><REACH who="2" ten="219,244,197,320" step="2"/><W18/><G128/><T43/><D43/><U63/><E37/><V108/><F108/><W111/><G111/><T64/><D64/><U61/><E61/><V11/><F11/><W123/><G130/><T107/><D107/><U45/><E63/><V25/><F25/><AGARI ba="1,2" hai="16,20,25,81,83,85,86,87" m="17963,5423" machi="25" ten="30,3900,0" yaku="8,1,52,1,54,1" doraHai="15" who="0" fromWho="2" sc="219,62,244,0,197,-42,320,0" />
</Scene>
<Scene>
<INIT seed="4,0,0,3,5,135" ten="281,244,155,320" oya="0" hai0="128,1,16,17,94,87,72,46,44,129,105,20,29" hai1="88,89,132,119,106,122,92,18,25,58,9,66,7" hai2="15,98,93,27,64,80,10,86,73,131,100,32,40" hai3="110,26,57,51,117,37,38,99,97,52,60,56,35"/><T84/><D72/><U45/><E106/><V90/><F131/><N who="0" m="50250" /><D1/><U14/><E119/><V19/><F73/><W134/><G110/><T91/><D105/><U127/><E122/><V62/><F40/><W21/><G35/><T12/><D29/><U109/><E109/><V81/><F32/><W41/><G134/><T24/><D87/><U47/><E127/><V3/><F3/><W31/><G117/><T120/><D120/><U74/><E74/><V130/><F130/><W96/><REACH who="3" step="1"/><G41/><REACH who="3" ten="281,244,155,310" step="2"/><T113/><D113/><U2/><E132/><V49/><F49/><W65/><AGARI ba="0,1" hai="21,26,31,37,38,51,52,56,57,60,65,96,97,99" machi="65" ten="30,8000,1" yaku="1,1,2,1,0,1,54,1,53,1" doraHai="135" doraHaiUra="23" who="3" fromWho="3" sc="281,-40,244,-20,155,-20,310,90" />
</Scene>
<Scene>
<INIT seed="5,0,0,1,1,130" ten="241,224,135,400" oya="1" hai0="94,85,80,38,109,22,2,121,25,16,75,131,41" hai1="11,69,105,127,63,1,124,33,115,123,88,19,117" hai2="96,46,129,3,119,29,103,72,97,28,101,68,54" hai3="118,71,40,50,114,58,7,77,20,26,82,52,126"/><U62/><E117/><V95/><F119/><W135/><G71/><T42/><D109/><U55/><E123/><V125/><F129/><W98/><G118/><T15/><D131/><U74/><E74/><V106/><F3/><W79/><G114/><T84/><D2/><U48/><E105/><V14/><F72/><W13/><G135/><T90/><D121/><U104/><E104/><V102/><F68/><W76/><G126/><N who="1" m="48170" /><E33/><V30/><F125/><W51/><G98/><T89/><D75/><U108/><E115/><V6/><F106/><W35/><G35/><T5/><REACH who="0" step="1"/><D38/><REACH who="0" ten="231,224,135,400" step="2"/><U49/><E108/><V53/><F103/><W128/><G128/><T4/><D4/><U32/><E1/><V9/><F102/><W45/><G7/><T65/><D65/><N who="1" m="41143" /><E32/><V122/><F122/><W39/><G39/><T60/><D60/><U27/><E63/><V18/><F6/><W17/><G26/><T70/><D70/><U21/><E48/><V78/><F101/><W23/><G50/><T134/><D134/><U44/><E11/><AGARI ba="0,1" hai="5,11,15,16,22,25,41,42,80,84,85,89,90,94" machi="11" ten="40,5200,0" yaku="1,1,8,1,54,1,53,0" doraHai="130" doraHaiUra="116" who="0" fromWho="1" sc="231,62,224,-52,135,0,400,0" />
</Scene>
<Scene>
<INIT seed="6,0,0,1,1,15" ten="293,172,135,400" oya="2" hai0="67,13,50,61,66,112,51,100,52,5,60,26,11" hai1="3,132,77,85,111,8,103,36,48,62,124,122,87" hai2="98,6,33,90,101,106,68,86,72,7,19,108,97" hai3="17,94,93,91,10,14,27,16,23,113,54,45,134"/><V12/><F72/><W24/><G134/><T32/><D112/><U104/><E36/><V49/><F68/><W116/><G116/><T2/><D100/><U107/><E111/><V126/><F33/><W18/><G113/><T117/><D117/><U133/><E124/><V99/><F126/><W74/><G74/><T102/><D102/><U78/><E48/><V46/><F108/><W123/><G123/><T40/><D2/><U25/><E62/><N who="0" m="24169" /><D32/><U0/><E103/><V81/><F106/><N who="1" m="40489" /><E25/><V63/><F63/><W83/><G83/><T129/><D129/><U70/><E70/><V125/><F101/><W34/><G34/><T41/><D26/><U44/><E44/><V22/><REACH who="2" step="1"/><F125/><REACH who="2" ten="293,172,125,400" step="2"/><W43/><G91/><T28/><D67/><U58/><E122/><V110/><F110/><W84/><G84/><T95/><D66/><U92/><E87/><V105/><F105/><W35/><G35/><T20/><D41/><AGARI ba="0,1" hai="6,7,12,19,22,41,46,49,81,86,90,97,98,99" machi="41" ten="40,7700,0" yaku="1,1,8,1,52,1,53,0" doraHai="15" doraHaiUra="89" who="2" fromWho="0" sc="293,-77,172,0,125,87,400,0" />
</Scene>
<Scene>
<INIT seed="6,1,0,4,4,135" ten="216,172,212,400" oya="2" hai0="28,109,3,47,68,48,98,76,88,38,126,13,83" hai1="99,91,8,30,95,29,20,19,60,58,31,125,103" hai2="87,78,114,113,92,32,35,132,105,93,102,97,72" hai3="6,0,79,106,123,55,42,71,89,7,101,21,25"/><V56/><F56/><W16/><G123/><T115/><D3/><U80/><E125/><V59/><F59/><W44/><G71/><T107/><D68/><U128/><E128/><V27/><F132/><W66/><G66/><T118/><D38/><U74/><E8/><V23/><F72/><W100/><G79/><T110/><D126/><U124/><E124/><V22/><F22/><W94/><G55/><T69/><D69/><U70/><E70/><V75/><F75/><W34/><G34/><N who="2" m="12841" /><F87/><W14/><G0/><T112/><D118/><U24/><E74/><V41/><F41/><W130/><G130/><T10/><D28/><U122/><E122/><V127/><F78/><W82/><G82/><T133/><D133/><U81/><REACH who="1" step="1"/><E103/><REACH who="1" ten="216,162,212,400" step="2"/><V108/><F127/><W53/><G101/><T26/><D10/><U9/><E9/><V61/><F108/><W57/><G100/><T51/><D110/><U111/><E111/><V73/><F73/><W77/><G7/><T37/><D109/><U54/><AGARI ba="1,1" hai="19,20,24,29,30,31,54,58,60,80,81,91,95,99" machi="54" ten="30,8000,1" yaku="1,1,0,1,25,2,8,1,53,0" doraHai="135" doraHaiUra="121" who="1" fromWho="1" sc="216,-21,162,93,212,-41,400,-21" />
</Scene>
<Scene>
<INIT seed="7,0,0,4,3,9" ten="195,255,171,379" oya="3" hai0="20,129,27,44,21,17,36,84,93,133,117,114,78" hai1="8,74,25,83,30,115,29,24,34,75,47,32,19" hai2="95,131,92,71,49,100,76,5,64,72,101,3,43" hai3="26,121,82,7,1,18,23,31,42,59,116,119,40"/><W103/><G121/><T134/><D117/><U110/><E110/><V96/><F131/><W50/><G103/><T4/><D129/><U85/><E115/><V90/><F3/><W56/><G7/><T52/><D114/><U77/><E47/><N who="2" m="25855" /><F72/><W28/><G1/><T57/><D4/><U15/><AGARI ba="0,0" hai="8,15,19,24,25,29,30,32,34,74,75,77,83,85" machi="15" ten="30,4000,0" yaku="0,1,9,1,52,1" doraHai="9" who="1" fromWho="1" sc="195,-10,255,40,171,-10,379,-20" owari="185,-21.0,295,10.0,161,-34.0,359,45.0" />
</Scene>
</mjloggm>