<mjloggm ver="2.3"><GO type="169" lobby="0"/><UN n0="%E3%81%8A%E3%81%98%E3%81%8A" n1="%E5%A4%AA%E3%81%8F%E3%81%AA%E3%81%84%E3%81%8A" n2="%4E%6E%31%33%34" n3="%77%61%64%6F%70%72%6F" dan="16,18,16,16" rate="2045.42,2234.56,2083.72,2140.82" sx="M,M,M,M"/><TAIKYOKU oya="0"/>

<Scene>
<INIT seed="0,0,0,2,2,8" ten="250,250,250,250" oya="0" hai0="119,71,45,49,63,6,109,114,53,106,41,105,32" hai1="11,118,36,89,42,47,5,113,51,79,23,81,54" hai2="10,0,55,29,13,46,26,34,116,62,66,24,33" hai3="38,133,127,129,130,94,35,56,39,93,70,85,27"/><T112/><D119/><U60/><E118/><V100/><F116/><W65/><G70/><T83/><D32/><U50/><E113/><V88/><F100/><W128/><G127/><T92/><D109/><U1/><E89/><V37/><F0/><W48/><G133/><T7/><D106/><U124/><E124/><V2/><F2/><W4/><G4/><T103/><D105/><U111/><E111/><V72/><F72/><W126/><G126/><T104/><D104/><U52/><E23/><V82/><F37/><N who="3" m="13835" /><G85/><T16/><D83/><U115/><E115/><V40/><F40/><W58/><G65/><T122/><D6/><U132/><E132/><V73/><F73/><W9/><G9/><T84/><D7/><U134/><E134/><V120/><F120/><W69/><G69/><T121/><D84/><U59/><E54/><V74/><F74/><AGARI ba="0,0" hai="1,5,11,36,42,47,50,51,52,59,60,74,79,81" machi="74" ten="30,7700,0" yaku="7,1,25,2,54,1" doraHai="8" who="1" fromWho="2" sc="250,0,250,77,250,-77,250,0" />
</Scene>
<Scene>
<INIT seed="1,0,0,4,4,122" ten="250,327,173,250" oya="1" hai0="74,69,78,22,121,124,105,47,31,100,70,103,113" hai1="5,118,67,44,107,51,56,20,130,110,125,108,48" hai2="109,59,61,133,85,41,128,6,1,127,120,116,96" hai3="89,39,21,95,43,94,99,37,86,53,27,134,76"/><U115/><E107/><V16/><F120/><W93/><G134/><T42/><D113/><U123/><E123/><V81/><F116/><W80/><G53/><T92/><D105/><U45/><E5/><V19/><F133/><W104/><G104/><T90/><D124/><U98/><E98/><V14/><F127/><W102/><G43/><T119/><D119/><U28/><E118/><V84/><F128/><W46/><G46/><T15/><D78/><U11/><E11/><N who="2" m="4471" /><F41/><W33/><G33/><T17/><D74/><U66/><E125/><V18/><F1/><W77/><G77/><T12/><D31/><U131/><E28/><V23/><F109/><N who="1" m="42089" /><E20/><V82/><F96/><W52/><G99/><T73/><D73/><U60/><E67/><N who="2" m="39359" /><F23/><W50/><G21/><T36/><D121/><U112/><E45/><V13/><F13/><W132/><G132/><T91/><D12/><U9/><E9/><V35/><F35/><W106/><G106/><T71/><D15/><U117/><E117/><V32/><F32/><W114/><G114/><N who="1" m="43562" /><E51/><V135/><F135/><W101/><G50/><T3/><D22/><U24/><E24/><V72/><F72/><W2/><G27/><T126/><D126/><U49/><E49/><V63/><F19/><W54/><G2/><T64/><D17/><U10/><E10/><V4/><F18/><W88/><G54/><AGARI ba="0,0" hai="44,48,54,56,60,66,130,131" m="43562,42089" machi="54" ten="30,18000,2" yaku="14,1,10,1,34,2,52,3" doraHai="122" who="1" fromWho="3" sc="250,0,327,180,173,0,250,-180" />
</Scene>
<Scene>
<INIT seed="1,1,0,1,1,111" ten="250,507,173,70" oya="1" hai0="95,66,80,97,126,29,30,133,2,52,62,83,56" hai1="49,12,31,46,0,79,38,82,108,45,58,130,3" hai2="99,91,61,131,64,71,1,84,23,73,89,70,51" hai3="35,115,53,77,105,44,103,100,117,88,55,104,120"/><U19/><E108/><V33/><F33/><W134/><G115/><T72/><D2/><U102/><E130/><V32/><F32/><W124/><G120/><T110/><D110/><U65/><E31/><V42/><F73/><W40/><G35/><T76/><D133/><U8/><E102/><V25/><F1/><W68/><G68/><T16/><D126/><U20/><E38/><V24/><F71/><W22/><G134/><T81/><D72/><U128/><E128/><V106/><F131/><W28/><G124/><T26/><D76/><U112/><E112/><V34/><F25/><W118/><G77/><T86/><D86/><U101/><E101/><N who="3" m="38986" /><G88/><N who="0" m="55527" /><D66/><U125/><E125/><V4/><F106/><N who="3" m="41067" /><G22/><AGARI ba="1,0" hai="16,22,26,29,30,52,56,62,80,81,83" m="55527" machi="22" ten="30,8000,1" yaku="25,1,8,1,54,3" doraHai="111" who="0" fromWho="3" sc="250,83,507,0,173,0,70,-83" owari="333,13.0,507,61.0,173,-23.0,-13,-51.0" />
</Scene>
</mjloggm>