<mjloggm ver="2.3"><GO type="169" lobby="0"/><UN n0="%E7%A5%9E%E8%8A%9D%E5%B1%85" n1="%74%61%74%73%75%37%30%32" n2="%E5%A4%AA%E3%81%8F%E3%81%AA%E3%81%84%E3%81%8A" n3="%65%69%6B%31" dan="17,16,17,17" rate="2175.83,2167.60,2181.81,2123.28" sx="M,M,F,M"/><TAIKYOKU oya="0"/>

<Scene>
<INIT seed="0,0,0,5,4,64" ten="250,250,250,250" oya="0" hai0="10,87,117,28,116,69,80,83,74,36,32,9,0" hai1="114,106,129,53,17,33,26,105,88,47,51,78,56" hai2="55,42,86,76,134,14,68,22,135,96,124,46,48" hai3="57,121,7,84,52,104,132,66,73,99,62,1,4"/><T18/><D36/><U71/><E71/><V131/><F124/><W19/><G73/><T125/><D125/><U43/><E129/><V61/><F131/><W39/><G39/><T110/><D74/><U8/><E78/><V120/><F120/><W25/><G121/><T24/><D83/><U98/><E114/><V93/><F86/><W97/><G132/><N who="2" m="50729" /><F76/><W44/><G1/><T37/><D37/><U122/><E122/><V103/><F22/><N who="3" m="13535" /><G104/><T72/><D72/><U3/><E3/><V49/><F14/><W127/><G84/><T31/><D69/><U15/><E26/><V16/><F16/><W118/><G127/><T92/><D92/><U13/><E13/><V85/><F85/><W65/><G4/><N who="0" m="1159" /><D31/><U27/><E27/><V75/><F75/><W21/><G7/><T90/><D110/><U111/><E111/><V128/><F128/><W126/><G21/><T130/><D130/><U70/><E70/><V102/><F49/><W30/><G30/><T133/><D133/><U95/><REACH who="1" step="1"/><E33/><REACH who="1" ten="250,240,250,250" step="2"/><V38/><F68/><W79/><G79/><T35/><D35/><U41/><E41/><V23/><F42/><W12/><G12/><N who="0" m="7447" /><D116/><U59/><E59/><V5/><F5/><W109/><G118/><T107/><D117/><U112/><E112/><V29/><F29/><W123/><G109/><T50/><D107/><U115/><E115/><V58/><F23/><W63/><G123/><T40/><D40/><U34/><E34/><V81/><F58/><N who="3" m="37111" /><G126/><T11/><D11/><U89/><E89/><V45/><F45/><W67/><G44/><T77/><D90/><RYUUKYOKU ba="0,1" sc="250,10,240,10,250,-30,250,10" hai0="24,28,32,50,77,80,87" hai1="8,15,17,43,47,51,53,56,88,95,98,105,106" hai3="52,57,62,66,67,97,99" />
</Scene>
<Scene>
<INIT seed="0,1,1,5,0,89" ten="260,250,220,260" oya="0" hai0="34,56,104,71,88,58,80,86,8,95,11,30,70" hai1="116,42,26,111,36,106,9,49,96,98,62,23,24" hai2="74,40,72,54,53,118,29,107,124,39,94,75,99" hai3="3,28,125,17,37,129,93,101,91,132,41,68,102"/><T7/><D104/><U78/><E116/><V18/><F118/><W15/><G3/><T114/><D114/><U110/><E36/><V22/><F107/><W131/><G68/><T44/><D34/><U35/><E35/><V66/><F29/><W6/><G6/><T14/><D30/><U79/><E9/><V25/><F124/><W50/><G37/><T113/><D113/><U92/><E98/><V4/><F66/><W77/><G125/><T63/><D44/><N who="1" m="25751" /><E62/><V85/><F85/><N who="3" m="52463" /><G77/><N who="1" m="29194" /><E23/><V69/><F69/><W82/><G132/><T133/><D133/><U90/><E106/><V51/><F4/><W33/><G33/><T128/><D128/><N who="3" m="49225" /><G82/><T27/><D27/><U46/><E46/><V20/><F39/><W60/><G60/><T121/><D121/><U126/><E126/><V84/><F84/><W135/><G135/><T43/><D80/><U16/><E16/><V112/><F112/><W0/><G0/><T67/><D43/><U32/><E32/><V13/><F40/><W83/><G83/><T100/><D100/><U55/><E55/><V61/><F53/><W115/><G28/><T73/><D73/><U87/><E87/><V119/><F119/><W48/><G115/><T59/><D71/><U76/><N who="1" m="29202" /><U10/><DORA hai="109" /><E10/><N who="2" m="6455" /><F61/><W57/><G41/><T2/><REACH who="0" step="1"/><D70/><REACH who="0" ten="250,250,220,260" step="2"/><U64/><E64/><V19/><F25/><W123/><G123/><T5/><AGARI ba="1,2" hai="2,5,7,8,11,14,56,58,59,63,67,86,88,95" machi="5" ten="20,18000,2" yaku="1,1,2,1,0,1,7,1,52,1,54,1,53,0" doraHai="89,109" doraHaiUra="122,38" who="0" fromWho="0" sc="250,203,250,-61,220,-61,260,-61" />
</Scene>
<Scene>
<INIT seed="0,2,0,1,2,79" ten="453,189,159,199" oya="0" hai0="113,116,100,40,22,94,87,34,0,61,98,69,131" hai1="68,91,125,56,82,3,5,43,41,65,45,8,64" hai2="53,42,88,132,73,80,30,25,129,49,29,57,20" hai3="135,126,108,52,48,26,1,72,9,59,11,93,101"/><T35/><D0/><U66/><E125/><V7/><F132/><W107/><G107/><T83/><D113/><U77/><E91/><V86/><F129/><W75/><G135/><T44/><D116/><U124/><E43/><V102/><F102/><W130/><G130/><T47/><D47/><U127/><E56/><V71/><F71/><W95/><G126/><T33/><D131/><U122/><E122/><V60/><F73/><W15/><G108/><T85/><D22/><U24/><E24/><V67/><F7/><W23/><G1/><T110/><D110/><U4/><E5/><V39/><F39/><W84/><G75/><T70/><D61/><U51/><REACH who="1" step="1"/><E68/><REACH who="1" ten="453,179,159,199" step="2"/><V18/><REACH who="2" step="1"/><F42/><REACH who="2" ten="453,179,149,199" step="2"/><W6/><G6/><T92/><D70/><U10/><E10/><V12/><F12/><W119/><G15/><T96/><D69/><U54/><E54/><V120/><F120/><W62/><G52/><T99/><D100/><U90/><E90/><V121/><F121/><W37/><G9/><T16/><D40/><U97/><E97/><V74/><F74/><AGARI ba="2,2" hai="3,4,8,41,45,51,64,65,66,74,77,82,124,127" machi="74" ten="40,5200,0" yaku="1,1,52,1,53,1" doraHai="79" doraHaiUra="46" who="1" fromWho="2" sc="453,0,179,78,149,-58,199,0" />
</Scene>
<Scene>
<INIT seed="1,0,0,3,5,12" ten="453,257,91,199" oya="1" hai0="30,0,11,66,120,49,127,35,89,50,29,10,17" hai1="118,8,105,93,71,126,42,58,84,115,112,90,32" hai2="34,101,3,26,33,64,130,97,37,106,60,87,31" hai3="102,92,111,13,113,5,94,123,55,57,114,46,40"/><U9/><E71/><V83/><F130/><W104/><G123/><T70/><D70/><U61/><E32/><V82/><F3/><W36/><G104/><T21/><D66/><U116/><E105/><V54/><F37/><W15/><G111/><T108/><D108/><U75/><E75/><V73/><F54/><W110/><G110/><T100/><D100/><U1/><E42/><V41/><F41/><W98/><G94/><T28/><D127/><U125/><E58/><V131/><F131/><W24/><G24/><T16/><D35/><U14/><E61/><V53/><F53/><W56/><G56/><T19/><D0/><U91/><E1/><V103/><F103/><W121/><G121/><T74/><D74/><U86/><E14/><V88/><F34/><W107/><G15/><T134/><D134/><U68/><E68/><N who="2" m="41991" /><F73/><W129/><G129/><T124/><D124/><U63/><E63/><V62/><F62/><W81/><G55/><T18/><D89/><U99/><E93/><AGARI ba="0,0" hai="26,31,33,82,83,87,88,93,97,101,106" m="41991" machi="93" ten="30,2000,0" yaku="25,1,54,1" doraHai="12" who="2" fromWho="1" sc="453,0,257,-20,91,20,199,0" />
</Scene>
<Scene>
<INIT seed="2,0,0,1,0,64" ten="453,237,111,199" oya="2" hai0="50,74,119,70,92,106,52,66,127,53,71,17,2" hai1="87,30,60,67,116,99,31,4,100,36,35,10,123" hai2="7,43,16,15,27,107,89,11,42,130,65,14,111" hai3="8,113,12,18,57,22,80,117,72,29,135,85,25"/><V28/><F107/><W110/><G117/><T97/><D106/><U77/><E36/><V9/><F130/><W96/><G72/><T125/><D74/><U126/><E116/><V3/><F111/><W103/><G110/><T105/><D119/><U5/><E126/><N who="0" m="48137" /><D105/><U88/><E77/><V73/><F73/><W94/><G135/><T41/><D2/><U32/><E123/><V91/><F3/><W121/><G113/><T68/><D66/><U112/><E112/><V24/><F65/><W84/><G121/><T81/><D81/><U108/><E108/><V0/><F0/><W23/><G57/><T124/><D124/><U1/><E5/><V93/><F89/><W20/><REACH who="3" step="1"/><G85/><REACH who="3" ten="453,237,111,189" step="2"/><T78/><D78/><AGARI ba="0,1" hai="8,12,18,20,22,23,25,29,78,80,84,94,96,103" machi="78" ten="30,7700,0" yaku="1,1,2,1,7,1,8,1,53,0" doraHai="64" doraHaiUra="55" who="3" fromWho="0" sc="453,-77,237,0,111,0,189,87" />
</Scene>
<Scene>
<INIT seed="3,0,0,2,4,12" ten="376,237,111,276" oya="3" hai0="73,77,80,20,27,30,41,97,5,89,40,86,70" hai1="129,52,128,103,90,23,32,135,74,57,2,81,75" hai2="1,24,7,69,113,25,83,50,36,8,93,43,71" hai3="127,125,38,13,92,87,107,64,123,28,78,22,60"/><W91/><G123/><T49/><D70/><U21/><E32/><V37/><F113/><W66/><G38/><T105/><D5/><U101/><E2/><V53/><F71/><W0/><G0/><T134/><D134/><U120/><E135/><V3/><F3/><W108/><G107/><T133/><D133/><U104/><E120/><V39/><F69/><W96/><G108/><T121/><D121/><U115/><E115/><V67/><F67/><W19/><G28/><T106/><D106/><U34/><E34/><V116/><F43/><W112/><G112/><T84/><D84/><N who="1" m="50447" /><E75/><V130/><F116/><W14/><G14/><T109/><D109/><U48/><E74/><V102/><F130/><N who="1" m="50281" /><E104/><V4/><F4/><W117/><G117/><T56/><D49/><U26/><E23/><V100/><F83/><N who="3" m="47607" /><G60/><T10/><D10/><U35/><E35/><V79/><F79/><W44/><G44/><T29/><D29/><AGARI ba="0,0" hai="21,26,29,48,52,57,101,103" m="50281,50447" machi="29" ten="30,2000,0" yaku="19,1,54,1" doraHai="12" who="1" fromWho="0" sc="376,-20,237,20,111,0,276,0" />
</Scene>
<Scene>
<INIT seed="4,0,0,3,2,60" ten="356,257,111,276" oya="0" hai0="65,124,37,43,113,42,23,64,120,3,105,68,129" hai1="56,115,51,35,107,94,108,53,87,95,8,77,111" hai2="73,109,50,45,34,59,114,17,62,134,32,92,118" hai3="31,15,22,131,24,83,28,84,20,55,47,58,89"/><T121/><D105/><U106/><E35/><V76/><F109/><W116/><G116/><T54/><D3/><U126/><E107/><V21/><F118/><W132/><G132/><T71/><D23/><U1/><E106/><V78/><F134/><W98/><G131/><T103/><D103/><U41/><E126/><V5/><F114/><W70/><G70/><N who="0" m="26667" /><D113/><U97/><E115/><V9/><F92/><W127/><G127/><T63/><D124/><U4/><E41/><N who="0" m="15369" /><D37/><U74/><E74/><V36/><F36/><W49/><G98/><T104/><D104/><U110/><E95/><V16/><F73/><W122/><G31/><T128/><D54/><U14/><E1/><V82/><F32/><W125/><G125/><T99/><D99/><U39/><E39/><V101/><F101/><W46/><G22/><T27/><D27/><U11/><E11/><V81/><F34/><W75/><G75/><T79/><D79/><N who="2" m="30250" /><F5/><W100/><G100/><T112/><D112/><U72/><E72/><V133/><F9/><W6/><G6/><T117/><D117/><U57/><E97/><V88/><F133/><W119/><G119/><T93/><D93/><U61/><E94/><V12/><F17/><W67/><G20/><T52/><D52/><U69/><E77/><V2/><F2/><W40/><G55/><T96/><D96/><U48/><E87/><V90/><F81/><W123/><G83/><T7/><D7/><U13/><E13/><V66/><F82/><W44/><G15/><T130/><D63/><U86/><E86/><V30/><F30/><W80/><G28/><RYUUKYOKU ba="0,0" sc="356,15,257,-15,111,15,276,-15" hai0="64,65,120,121,128,129,130" hai2="12,16,21,45,50,59,62,66,88,90" />
</Scene>
<Scene>
<INIT seed="4,1,0,4,5,102" ten="371,242,126,261" oya="0" hai0="20,23,68,88,38,29,8,131,70,0,103,47,84" hai1="108,105,33,31,127,62,12,67,93,10,32,123,52" hai2="25,59,1,114,83,116,104,119,49,16,30,43,87" hai3="6,26,72,107,60,69,39,129,71,55,64,101,92"/><T130/><D103/><U80/><E123/><V48/><F1/><W9/><G72/><T85/><D85/><U11/><E108/><V13/><F114/><W98/><G39/><T122/><D122/><U124/><E80/><V79/><F104/><W21/><G129/><N who="0" m="49163" /><D8/><U77/><E77/><V89/><F79/><W3/><G55/><T126/><D126/><N who="1" m="48171" /><E93/><V22/><F43/><W112/><G112/><T54/><D0/><U94/><E94/><V65/><F65/><W135/><G135/><T44/><D54/><U40/><E105/><V91/><F59/><N who="3" m="36895" /><G107/><T2/><D2/><U46/><E11/><V109/><F109/><W28/><AGARI ba="1,0" hai="3,6,9,21,26,28,69,71,92,98,101" m="36895" machi="28" ten="30,1100,0" yaku="25,1" doraHai="102" who="3" fromWho="3" sc="371,-6,242,-4,126,-4,261,14" />
</Scene>
<Scene>
<INIT seed="5,0,0,0,1,26" ten="365,238,122,275" oya="1" hai0="1,55,59,110,33,117,34,84,32,42,38,40,7" hai1="35,100,121,83,107,93,120,126,127,74,73,18,129" hai2="11,104,97,3,134,133,49,15,103,98,12,50,87" hai3="21,123,76,44,86,48,132,72,47,113,96,14,9"/><U30/><E18/><V109/><F109/><W88/><G123/><N who="1" m="47178" /><E30/><V58/><F3/><W13/><G72/><N who="1" m="27754" /><E35/><V10/><F87/><W29/><G76/><T131/><D110/><U77/><E129/><V90/><F90/><W102/><G88/><T63/><D7/><U41/><E41/><V95/><F95/><W99/><G29/><T135/><D1/><U82/><E93/><V75/><F75/><W4/><G4/><T25/><D40/><U36/><E36/><V106/><REACH who="2" step="1"/><F58/><REACH who="2" ten="365,238,112,275" step="2"/><W39/><G86/><T111/><D59/><U45/><E77/><V81/><F81/><N who="1" m="30729" /><E45/><V70/><F70/><W37/><G47/><T60/><D131/><U114/><E114/><V61/><F61/><W71/><G44/><T94/><D63/><U78/><E78/><V89/><F89/><W112/><G71/><T19/><D60/><U124/><E100/><AGARI ba="0,1" hai="10,11,12,15,49,50,97,98,100,103,104,106,133,134" machi="100" ten="25,3200,0" yaku="1,1,22,2,53,0" doraHai="26" doraHaiUra="115" who="2" fromWho="1" sc="365,0,238,-32,112,42,275,0" />
</Scene>
<Scene>
<INIT seed="6,0,0,0,1,51" ten="365,206,154,275" oya="2" hai0="79,0,71,8,52,99,14,27,74,6,13,77,11" hai1="22,128,132,21,41,125,37,17,46,100,116,104,62" hai2="103,88,7,91,58,49,44,20,4,25,66,39,28" hai3="67,15,89,106,127,122,92,123,113,107,129,115,135"/><V114/><F114/><N who="3" m="43531" /><G67/><T105/><D71/><U94/><E116/><V90/><F39/><W120/><G15/><T56/><D74/><U35/><E35/><V93/><F103/><W108/><G108/><T18/><D105/><N who="3" m="39945" /><G127/><T101/><D0/><U124/><E104/><V61/><REACH who="2" step="1"/><F93/><REACH who="2" ten="365,206,144,275" step="2"/><W112/><G112/><T73/><D101/><U70/><E94/><V119/><F119/><W78/><G92/><T109/><D109/><U5/><E100/><V9/><F9/><W31/><G123/><T26/><D11/><U126/><E128/><V32/><F32/><W54/><G122/><T48/><D8/><U76/><E132/><V3/><F3/><W34/><G129/><T43/><D99/><U59/><E5/><V82/><F82/><W69/><G34/><T118/><D6/><U98/><E98/><V134/><F134/><W1/><G1/><T12/><D118/><U86/><E22/><V87/><F87/><W97/><G97/><T111/><D111/><U121/><E121/><V102/><F102/><W81/><G81/><T60/><D73/><U19/><E21/><V68/><F68/><W30/><G69/><T96/><D96/><U75/><E70/><V36/><F36/><W24/><G135/><T57/><D79/><U16/><E75/><V117/><F117/><W64/><G78/><T50/><D77/><U63/><E76/><V23/><F23/><W130/><G130/><T2/><D2/><U47/><E86/><V131/><F131/><W55/><G120/><T53/><D43/><AGARI ba="0,1" hai="4,7,20,25,28,43,44,49,58,61,66,88,90,91" machi="43" ten="40,7700,0" yaku="1,1,8,1,54,1,53,0" doraHai="51" doraHaiUra="33" who="2" fromWho="0" sc="365,-77,206,0,144,87,275,0" />
</Scene>
<Scene>
<INIT seed="6,1,0,5,5,101" ten="288,206,231,275" oya="2" hai0="117,11,103,72,59,82,20,52,128,94,14,51,30" hai1="25,100,113,15,104,32,109,2,134,83,3,10,123" hai2="29,111,50,120,110,114,99,22,65,41,118,71,43" hai3="93,87,121,127,95,26,28,61,77,8,54,108,40"/><V9/><F118/><W0/><G108/><N who="2" m="41513" /><F120/><W16/><G121/><T68/><D68/><U58/><E109/><V5/><F114/><W74/><G74/><T126/><D126/><U78/><E113/><V18/><F29/><W73/><G73/><T38/><D38/><U4/><E123/><V36/><F36/><W67/><G40/><T132/><D132/><U66/><E134/><V13/><F50/><W86/><G127/><T1/><D1/><U37/><E37/><V21/><F21/><W27/><G54/><T112/><D112/><U53/><E66/><V39/><F39/><W91/><G28/><T46/><D128/><U107/><E100/><V44/><F44/><W125/><G125/><T49/><D117/><U47/><E47/><V23/><F23/><W130/><G130/><T62/><D72/><U6/><E25/><N who="2" m="14551" /><F99/><W31/><G31/><T55/><D82/><U17/><E32/><V102/><F102/><W96/><G96/><N who="0" m="59799" /><D30/><U24/><E24/><V124/><F124/><W42/><G27/><T34/><D34/><U97/><E97/><V129/><F129/><W57/><G26/><T84/><D20/><U69/><E69/><V115/><F115/><W89/><G42/><T19/><D84/><N who="1" m="48247" /><E3/><V63/><AGARI ba="1,0" hai="5,9,13,41,43,63,65,71" m="14551,41513" machi="63" ten="30,1500,0" yaku="10,1" doraHai="101" who="2" fromWho="2" sc="288,-6,206,-6,231,18,275,-6" />
</Scene>
<Scene>
<INIT seed="6,2,0,4,2,4" ten="282,200,249,269" oya="2" hai0="79,27,12,58,9,29,98,130,39,20,70,30,31" hai1="35,122,19,97,53,131,59,111,104,80,43,11,83" hai2="121,10,67,82,1,40,65,34,5,90,52,120,76" hai3="14,3,47,13,127,21,105,94,99,109,8,71,26"/><V123/><F34/><W85/><G109/><T118/><D70/><U55/><E111/><V49/><F40/><W133/><G71/><T25/><D39/><U101/><E35/><V110/><F90/><W88/><G127/><T15/><D79/><U125/><E125/><V87/><REACH who="2" step="1"/><F110/><REACH who="2" ten="282,200,239,269" step="2"/><W108/><G88/><T113/><D118/><U54/><E43/><V129/><F129/><W114/><G108/><T7/><D130/><U135/><E131/><V91/><F91/><W64/><G133/><T50/><D98/><U46/><E135/><V56/><AGARI ba="2,1" hai="1,5,10,49,52,56,65,67,76,82,87,120,121,123" machi="56" ten="30,11700,0" yaku="1,1,0,1,52,1,54,1,53,0" doraHai="4" doraHaiUra="36" who="2" fromWho="2" sc="282,-41,200,-41,239,133,269,-41" />
</Scene>
<Scene>
<INIT seed="6,3,0,1,1,112" ten="241,159,372,228" oya="2" hai0="65,2,56,14,20,64,117,34,126,93,92,30,81" hai1="108,96,132,57,33,111,98,58,105,18,110,3,124" hai2="118,39,24,89,83,78,0,42,80,15,91,87,61" hai3="73,135,19,125,107,62,90,86,63,31,35,120,17"/><V88/><F0/><W119/><G73/><T46/><D2/><U129/><E3/><V134/><F134/><W133/><G120/><T37/><D34/><U38/><E33/><V9/><F118/><W59/><G107/><T102/><D126/><U49/><E38/><V131/><F131/><W68/><G125/><T122/><D122/><U104/><E124/><V66/><F24/><N who="3" m="18919" /><G68/><T84/><D37/><U23/><E129/><V75/><F42/><W79/><G79/><T85/><D46/><U11/><E11/><V67/><F39/><W13/><G119/><T48/><D117/><U6/><E6/><V21/><F21/><N who="3" m="11439" /><G59/><T94/><D102/><U109/><E132/><N who="3" m="50762" /><G19/><N who="0" m="10359" /><D30/><U4/><E4/><V52/><F67/><N who="0" m="25674" /><D81/><AGARI ba="3,0" hai="62,63,81,86,90" m="50762,11439,18919" machi="81" ten="30,1000,0" yaku="20,1" doraHai="112" who="3" fromWho="0" sc="241,-19,159,0,372,0,228,19" />
</Scene>
<Scene>
<INIT seed="7,0,0,3,0,128" ten="222,159,372,247" oya="3" hai0="91,99,77,45,108,1,61,106,120,134,117,60,76" hai1="5,0,98,105,30,26,35,67,94,27,53,113,122" hai2="79,88,119,71,126,8,83,11,80,46,3,7,57" hai3="12,100,51,111,47,103,50,16,74,49,28,37,81"/><W19/><G111/><T82/><D117/><U22/><E113/><V125/><F71/><W135/><G28/><T95/><D108/><U115/><E115/><V112/><F112/><W69/><G69/><T92/><D120/><U54/><E122/><V31/><F119/><W56/><G56/><T123/><D1/><U68/><E5/><V21/><F11/><W96/><G19/><T97/><D123/><U118/><E0/><V93/><F46/><W23/><G135/><T15/><D134/><U101/><E94/><V10/><F10/><W87/><G74/><T114/><D106/><U42/><E42/><V127/><F57/><W84/><G84/><N who="0" m="48207" /><D76/><U55/><E118/><V133/><F79/><N who="3" m="46527" /><G37/><T20/><D114/><U58/><E27/><N who="2" m="16879" /><F133/><W36/><G36/><T2/><D2/><U104/><E22/><V85/><AGARI ba="0,0" hai="3,7,8,80,83,85,88,93,125,126,127" m="16879" machi="85" ten="30,2000,0" yaku="18,1,54,1" doraHai="128" who="2" fromWho="2" sc="222,-5,159,-5,372,20,247,-10" owari="217,-18.0,154,-35.0,392,49.0,237,4.0" />
</Scene>
</mjloggm>