<mjloggm ver="2.3"><GO type="169" lobby="0"/><UN n0="%E3%82%AB%E3%83%96%E3%83%88" n1="%E5%A4%AA%E3%81%8F%E3%81%AA%E3%81%84%E3%81%8A" n2="%E9%A7%84%E5%A6%B9" n3="%E3%82%84%E3%81%BE%E3%83%BC%E3%82%93" dan="16,17,16,18" rate="2104.66,2200.78,2047.77,2241.01" sx="M,F,F,M"/><TAIKYOKU oya="0"/>

<Scene>
<INIT seed="0,0,0,3,5,43" ten="250,250,250,250" oya="0" hai0="83,108,97,27,24,107,102,67,116,53,134,125,71" hai1="62,117,123,58,23,34,15,127,82,74,114,1,88" hai2="33,103,6,72,3,93,61,105,4,21,66,135,29" hai3="46,110,26,95,37,79,63,85,89,128,5,52,119"/><T32/><D116/><U100/><E1/><V90/><F72/><W96/><G119/><T16/><D134/><U57/><E34/><V76/><F76/><W78/><G110/><T50/><D125/><U99/><E117/><V56/><F3/><W120/><G37/><T106/><D108/><U84/><E123/><V12/><F135/><W68/><G68/><T124/><D124/><U131/><E127/><V126/><F126/><W14/><G26/><T22/><D83/><U17/><E131/><V101/><F33/><W47/><G128/><T51/><D107/><U38/><E114/><V8/><F4/><W77/><G120/><T86/><D86/><U98/><E38/><V18/><F105/><W45/><G96/><T13/><D32/><U115/><E115/><V55/><F66/><W65/><G65/><T59/><REACH who="0" step="1"/><D50/><REACH who="0" ten="240,250,250,250" step="2"/><U87/><E74/><V73/><F73/><W19/><G5/><T111/><D111/><U35/><E35/><V118/><F118/><W28/><G28/><T132/><D132/><U112/><E112/><V122/><F122/><W60/><REACH who="3" step="1"/><G52/><REACH who="3" ten="240,250,250,240" step="2"/><T41/><D41/><U94/><E99/><N who="2" m="57783" /><F6/><W11/><AGARI ba="0,2" hai="11,14,19,45,46,47,60,63,77,78,79,85,89,95" machi="11" ten="30,12000,2" yaku="1,1,0,1,8,1,52,3,53,0" doraHai="43" doraHaiUra="64" who="3" fromWho="3" sc="240,-60,250,-30,250,-30,240,140" />
</Scene>
<Scene>
<INIT seed="1,0,0,1,0,88" ten="180,220,220,380" oya="1" hai0="120,133,43,116,123,110,11,77,23,47,121,52,26" hai1="74,134,108,82,24,96,81,112,41,57,63,3,65" hai2="33,67,42,117,37,15,93,29,54,39,13,113,107" hai3="100,125,91,55,129,79,76,87,53,114,62,14,9"/><U115/><E3/><V10/><F107/><W85/><G114/><T118/><D77/><U70/><E134/><V86/><F117/><N who="0" m="45162" /><D11/><U46/><E108/><V73/><F73/><W19/><G125/><T131/><D110/><U66/><E66/><V28/><F67/><W22/><G129/><T12/><D12/><U104/><E57/><V34/><F113/><W4/><G100/><T103/><D103/><N who="1" m="62567" /><E82/><V7/><F42/><W61/><G79/><T98/><D98/><U78/><E24/><V89/><F54/><N who="3" m="20491" /><G76/><T92/><D131/><U94/><E94/><V35/><REACH who="2" step="1"/><F15/><REACH who="2" ten="180,220,210,380" step="2"/><N who="3" m="9599" /><G85/><T128/><D128/><U64/><E64/><V44/><F44/><W20/><G20/><T50/><D133/><U80/><E115/><V48/><F48/><W119/><G119/><T36/><D43/><U126/><E112/><V109/><F109/><W97/><G97/><T111/><D111/><U135/><E135/><V49/><F49/><W1/><G1/><T21/><D36/><AGARI ba="0,1" hai="7,10,13,28,29,33,34,35,36,37,39,86,89,93" machi="36" ten="50,8000,1" yaku="1,1,52,1,53,3" doraHai="88" doraHaiUra="30" who="2" fromWho="0" sc="180,-80,220,0,210,90,380,0" />
</Scene>
<Scene>
<INIT seed="2,0,0,0,5,91" ten="100,220,300,380" oya="2" hai0="47,38,37,62,106,118,97,71,85,3,89,103,74" hai1="8,12,63,45,21,44,19,105,9,24,77,54,117" hai2="131,65,11,6,76,16,17,102,92,68,22,48,69" hai3="100,109,39,34,83,2,87,59,7,42,98,41,25"/><V79/><F131/><W5/><G109/><T53/><D3/><U40/><E117/><V36/><F36/><W93/><G2/><T4/><D4/><N who="3" m="1609" /><G34/><T86/><D118/><U107/><E77/><N who="2" m="29771" /><F69/><W52/><G39/><T1/><D1/><U116/><E116/><V55/><F65/><W94/><G25/><T75/><D86/><U115/><E115/><V61/><F61/><N who="3" m="36071" /><G83/><T99/><D99/><U49/><E9/><V80/><F80/><W126/><G126/><T43/><D37/><U101/><E107/><V51/><F68/><W56/><G56/><T111/><D111/><U15/><E8/><V132/><F132/><W60/><G60/><T112/><D112/><U30/><E63/><V46/><F51/><W27/><G27/><T29/><D29/><U57/><E30/><V66/><F66/><W88/><AGARI ba="0,0" hai="41,42,87,88,93,94,98,100" m="36071,1609" machi="88" ten="30,8000,1" yaku="8,1,52,2,54,2" doraHai="91" who="3" fromWho="3" sc="100,-20,220,-20,300,-40,380,80" />
</Scene>
<Scene>
<INIT seed="3,0,0,2,2,69" ten="80,200,260,460" oya="3" hai0="109,120,92,78,28,8,49,39,60,119,107,32,58" hai1="132,24,27,12,133,3,36,124,53,129,35,45,116" hai2="102,6,14,91,41,72,67,118,111,33,128,66,101" hai3="1,100,76,93,90,94,115,112,7,79,46,54,57"/><W125/><G125/><T21/><D119/><U31/><E3/><V123/><F33/><W87/><G7/><T134/><D120/><U98/><E124/><V59/><F72/><W17/><G1/><T4/><D107/><U68/><E68/><V0/><F0/><W2/><G2/><T48/><D32/><U44/><E116/><V38/><F118/><W85/><G46/><T56/><D109/><U5/><E27/><V77/><F77/><W73/><G17/><T122/><D122/><U135/><E129/><V117/><F38/><W84/><G54/><T71/><D71/><U18/><E5/><V43/><F111/><W114/><G57/><T29/><D134/><U108/><E108/><V47/><F128/><W121/><G121/><T70/><D70/><U74/><E74/><V96/><F117/><W19/><G19/><T64/><D78/><N who="3" m="29737" /><G73/><T40/><D56/><U83/><E53/><V11/><F123/><W23/><G23/><T9/><D9/><N who="1" m="6415" /><E36/><V26/><F26/><W50/><G50/><T104/><D104/><U52/><E52/><V126/><F126/><W113/><G113/><T80/><D39/><U127/><E127/><V110/><F110/><W89/><G100/><N who="2" m="38505" /><F47/><W105/><G105/><T131/><D131/><U62/><E44/><V22/><F22/><W20/><G20/><T65/><D65/><N who="2" m="24586" /><F59/><W15/><G15/><T95/><D58/><U82/><E45/><V81/><F81/><N who="1" m="30729" /><E62/><V37/><F37/><W30/><G30/><T99/><D29/><U51/><E51/><V10/><F10/><W13/><G13/><T97/><D8/><RYUUKYOKU ba="0,0" sc="80,-30,200,10,260,10,460,10" hai1="24,31,35,98,132,133,135" hai2="6,11,14,41,43,91,96" hai3="84,85,87,89,90,93,94,112,114,115" />
</Scene>
<Scene>
<INIT seed="3,1,0,2,2,83" ten="50,210,270,470" oya="3" hai0="115,8,85,88,30,1,116,18,14,106,135,15,118" hai1="95,113,109,33,89,130,90,16,12,126,40,56,84" hai2="50,41,20,49,62,71,24,57,93,10,54,27,11" hai3="68,122,125,87,43,59,67,35,129,76,36,6,38"/><W121/><G35/><T26/><D106/><U48/><E113/><V75/><F75/><W119/><G119/><T80/><D115/><U74/><E33/><V46/><F71/><W17/><G6/><T70/><D70/><U110/><E74/><V72/><F72/><W117/><G117/><T99/><D135/><U44/><E130/><V60/><F27/><W134/><G36/><T107/><D1/><U96/><E56/><V58/><F93/><W100/><G100/><T53/><D15/><U82/><REACH who="1" step="1"/><E126/><REACH who="1" ten="50,200,270,470" step="2"/><V29/><REACH who="2" step="1"/><F50/><REACH who="2" ten="50,200,260,470" step="2"/><W102/><G68/><T25/><D118/><U114/><E114/><V127/><F127/><W9/><G125/><T31/><D116/><U52/><E52/><AGARI ba="1,2" hai="10,11,20,24,29,41,46,49,52,54,57,58,60,62" machi="52" ten="30,8000,1" yaku="1,1,7,1,9,1,8,1,54,1,53,0" doraHai="83" doraHaiUra="112" who="2" fromWho="1" sc="50,0,200,-83,260,103,470,0" />
</Scene>
<Scene>
<INIT seed="4,0,0,0,2,135" ten="50,117,363,470" oya="0" hai0="54,88,73,74,132,77,92,99,115,120,15,28,47" hai1="131,11,100,63,105,60,2,103,27,122,33,113,9" hai2="83,82,20,98,5,51,111,96,16,124,6,68,46" hai3="84,65,12,32,123,71,35,39,56,10,106,102,61"/><T49/><D120/><U107/><E122/><V70/><F111/><W17/><G123/><T38/><D132/><U81/><E81/><N who="2" m="30731" /><F70/><W14/><G39/><T93/><D115/><U110/><E27/><N who="2" m="14727" /><F68/><W130/><G84/><T50/><D38/><U121/><E11/><V114/><F114/><W112/><G112/><T116/><D116/><U34/><E63/><V7/><F124/><W23/><G130/><T42/><D28/><U62/><E100/><V43/><AGARI ba="0,0" hai="5,6,7,43,46,51,96,98" m="14727,30731" machi="43" ten="30,2000,0" yaku="8,1,54,1" doraHai="135" who="2" fromWho="2" sc="50,-10,117,-5,363,20,470,-5" />
</Scene>
<Scene>
<INIT seed="5,0,0,1,0,92" ten="40,112,383,465" oya="1" hai0="63,103,50,84,83,110,19,42,99,10,21,68,74" hai1="130,26,24,59,47,123,132,127,67,57,135,112,0" hai2="109,64,28,72,97,133,17,121,55,89,41,60,66" hai3="75,51,8,71,11,40,125,16,37,35,116,88,102"/><U117/><E123/><V31/><F121/><W44/><G125/><T114/><D110/><U95/><E117/><V22/><F72/><W36/><G71/><T33/><D33/><U87/><E0/><V38/><F38/><W46/><G75/><T104/><D114/><U58/><E127/><V69/><F41/><W86/><G35/><T18/><D74/><U12/><E112/><V73/><F73/><W131/><G131/><T80/><D10/><U1/><E1/><V52/><F133/><N who="1" m="51273" /><E130/><V48/><F109/><W29/><G29/><N who="2" m="11337" /><F69/><W20/><G102/><T91/><D80/><U108/><E108/><V70/><F70/><W113/><G116/><T77/><D77/><U124/><E67/><N who="2" m="25643" /><F60/><W122/><G122/><T65/><REACH who="0" step="1"/><D21/><REACH who="0" ten="30,112,383,465" step="2"/><U85/><E124/><V115/><F115/><W53/><G113/><T23/><D23/><U111/><E111/><V7/><F7/><W30/><G20/><T134/><D134/><U120/><E120/><V96/><F89/><W27/><G11/><T100/><D100/><U79/><E79/><V105/><F105/><W15/><G8/><T78/><D78/><U76/><E76/><V32/><F32/><W62/><G37/><T2/><D2/><U54/><E95/><V4/><F4/><W61/><G36/><T5/><D5/><U101/><E101/><V49/><F22/><W56/><G88/><T126/><D126/><U14/><E26/><V82/><F17/><W119/><G27/><T90/><D90/><U129/><E24/><V3/><F3/><W98/><G119/><T13/><D13/><N who="1" m="5227" /><E129/><V118/><F118/><RYUUKYOKU ba="0,1" sc="30,15,112,15,383,-15,465,-15" hai0="18,19,42,50,63,65,68,83,84,91,99,103,104" hai1="47,54,57,58,59,85,87" />
</Scene>
<Scene>
<INIT seed="5,1,1,1,0,72" ten="45,127,368,450" oya="1" hai0="122,84,44,17,133,113,2,52,26,87,25,135,134" hai1="95,24,19,61,131,97,46,81,33,88,34,1,127" hai2="70,104,98,7,91,79,96,123,64,23,108,5,94" hai3="89,78,60,90,36,105,39,73,125,38,6,48,92"/><U119/><E119/><V21/><F108/><W56/><G105/><T43/><D2/><U83/><E1/><V126/><F123/><W63/><G125/><T110/><D110/><U50/><E127/><V27/><F21/><W9/><G48/><N who="0" m="28679" /><D122/><U29/><E131/><V101/><F126/><W100/><G100/><T40/><D113/><U31/><E19/><V118/><F118/><W115/><G115/><T47/><D40/><U116/><E116/><V55/><F55/><W12/><G89/><T86/><D17/><U82/><E61/><V99/><F98/><W3/><G56/><T128/><D128/><U41/><REACH who="1" step="1"/><E83/><REACH who="1" ten="45,117,368,450" step="2"/><V42/><F5/><W111/><G3/><T37/><AGARI ba="1,2" hai="25,26,37,43,47,84,86,87,133,134,135" m="28679" machi="37" ten="40,2700,0" yaku="20,1,54,1" doraHai="72" who="0" fromWho="0" sc="45,50,117,-14,368,-8,450,-8" />
</Scene>
<Scene>
<INIT seed="6,0,0,0,5,100" ten="95,103,360,442" oya="2" hai0="94,27,19,44,101,91,89,41,106,135,64,130,23" hai1="80,87,7,38,113,62,122,128,72,104,83,123,13" hai2="132,111,99,61,120,125,110,84,119,121,69,3,25" hai3="39,102,92,32,54,79,115,109,98,12,55,76,95"/><V107/><F119/><W74/><G39/><T45/><D135/><U15/><E38/><V105/><F3/><W31/><G109/><N who="2" m="41481" /><F132/><W134/><G74/><T58/><D130/><U29/><E128/><V46/><F125/><W65/><G65/><T77/><D77/><N who="1" m="44071" /><E113/><V26/><F84/><W9/><G115/><T11/><D106/><N who="2" m="40458" /><F99/><W126/><G126/><T63/><D11/><U85/><E85/><V53/><F69/><W28/><G134/><T118/><D118/><U2/><E87/><V34/><F34/><W24/><G31/><T96/><D45/><U75/><E29/><V108/><F108/><W66/><G66/><T70/><D70/><U10/><E104/><V33/><F33/><W8/><G76/><T59/><D59/><U78/><E123/><N who="2" m="47179" /><F46/><W67/><G79/><T81/><D81/><U18/><E2/><V112/><F112/><W17/><G95/><T30/><D19/><U51/><E18/><V133/><F133/><W88/><G102/><T116/><D116/><U36/><E122/><V103/><F103/><W52/><REACH who="3" step="1"/><G67/><REACH who="3" ten="95,103,360,432" step="2"/><T86/><D86/><U49/><E75/><V82/><F82/><W1/><G1/><T93/><D93/><U57/><E83/><V0/><F0/><W47/><G47/><T16/><D30/><U43/><E78/><V90/><F90/><W71/><G71/><T48/><AGARI ba="0,1" hai="16,23,27,41,44,48,58,63,64,89,91,94,96,101" machi="48" ten="20,5200,0" yaku="0,1,7,1,8,1,54,1" doraHai="100" who="0" fromWho="0" sc="95,62,103,-13,360,-26,432,-13" />
</Scene>
<Scene>
<INIT seed="7,0,0,5,0,67" ten="157,90,334,419" oya="3" hai0="104,64,51,107,105,46,6,78,117,5,108,99,59" hai1="65,25,68,116,119,128,75,124,19,122,121,83,35" hai2="79,87,44,18,33,94,49,131,91,8,74,96,45" hai3="43,76,11,109,92,66,71,81,110,10,82,86,22"/><W134/><G134/><T9/><D108/><N who="3" m="41577" /><G43/><T95/><D117/><N who="1" m="45131" /><E19/><V24/><F131/><W56/><G71/><T36/><D36/><U115/><E128/><V70/><F74/><N who="3" m="43159" /><G92/><T129/><D129/><U52/><E25/><V132/><F132/><W26/><G56/><T53/><D78/><U126/><E35/><V31/><F44/><W20/><G66/><T111/><D111/><U1/><E1/><V93/><F79/><N who="3" m="46431" /><G22/><T100/><D9/><U114/><E83/><V28/><F70/><W30/><AGARI ba="0,0" hai="10,11,20,26,30" m="46431,43159,41577" machi="30" ten="30,1500,0" yaku="10,1" doraHai="67" who="3" fromWho="3" sc="157,-5,90,-5,334,-5,419,15" owari="152,-25.0,85,-41.0,329,13.0,434,53.0" />
</Scene>
</mjloggm>