<mjloggm ver="2.3"><GO type="169" lobby="0"/><UN n0="%E3%81%A4%E3%81%B0%E3%81%8D%E3%81%A1%30%33" n1="%4E%47%EF%BC%A0%E5%B7%9D%E6%9D%91%E8%BB%8D%E5%9B%A3" n2="%E3%81%A1%E3%81%B3%E3%81%B2%E3%82%88" n3="%E5%A4%AA%E3%81%8F%E3%81%AA%E3%81%84%E3%81%8A" dan="16,17,16,17" rate="2164.62,2179.63,2129.77,2188.61" sx="M,M,M,M"/><TAIKYOKU oya="0"/>

<Scene>
<INIT seed="0,0,0,4,0,24" ten="250,250,250,250" oya="0" hai0="11,76,111,91,13,110,116,29,9,48,52,128,104" hai1="115,4,82,130,35,36,66,78,2,114,135,99,121" hai2="7,80,59,21,79,89,103,34,12,132,105,39,37" hai3="107,127,77,113,19,119,8,27,94,131,32,125,1"/><T109/><D116/><U6/><E36/><V45/><F34/><W26/><G107/><T18/><D128/><U133/><E121/><V22/><F132/><N who="1" m="50761" /><E130/><V58/><F89/><W96/><G131/><T65/><D104/><U108/><E108/><V60/><F103/><W92/><G119/><T90/><D65/><U20/><E35/><V31/><F105/><W83/><G113/><T97/><D76/><U10/><E66/><V38/><F45/><W134/><G134/><T47/><D29/><U129/><E129/><V101/><F101/><W23/><G1/><T84/><D97/><U74/><E6/><V53/><F59/><W123/><G8/><N who="0" m="6439" /><D91/><U106/><E20/><V44/><F22/><N who="3" m="13663" /><G96/><T16/><D16/><U25/><E25/><V112/><F112/><W54/><G123/><T71/><D71/><U68/><E68/><V86/><F7/><W98/><G98/><T124/><D124/><N who="3" m="47689" /><G32/><T70/><D70/><U61/><E99/><V72/><F72/><N who="3" m="43431" /><G54/><T55/><D55/><U49/><E106/><V67/><F53/><W93/><G23/><T62/><D62/><U122/><E61/><V46/><F12/><W95/><N who="3" m="24064" /><DORA hai="51" /><W40/><G27/><T41/><D41/><AGARI ba="0,0" hai="40,41" m="24064,43431,47689,13663" machi="41" ten="50,1600,0" yaku="18,1" doraHai="24,51" who="3" fromWho="0" sc="250,-16,250,0,250,0,250,16" />
</Scene>
<Scene>
<INIT seed="1,0,0,5,2,7" ten="234,250,250,266" oya="1" hai0="10,1,29,133,103,51,23,59,79,20,73,82,107" hai1="16,64,112,9,22,109,132,17,58,78,114,85,63" hai2="38,50,71,44,33,75,52,19,105,31,49,116,96" hai3="108,27,97,54,84,5,117,34,28,104,36,122,70"/><U67/><E132/><V14/><F75/><W65/><G122/><T42/><D133/><U130/><E130/><V83/><F71/><W129/><G36/><T80/><D80/><U125/><E125/><V86/><F116/><W124/><G124/><T15/><D1/><U99/><E109/><V120/><F120/><W101/><G108/><T25/><D23/><U0/><E67/><V24/><F38/><W2/><G129/><T135/><D135/><U30/><E99/><V94/><F105/><W61/><G54/><T111/><D111/><U93/><E30/><V68/><F68/><W134/><G134/><T3/><D3/><U47/><E47/><V90/><F50/><W56/><G56/><T87/><D73/><U74/><E74/><V88/><F14/><W37/><G37/><T32/><D32/><U92/><E78/><V6/><REACH who="2" step="1"/><F19/><REACH who="2" ten="234,250,240,266" step="2"/><W121/><G121/><T11/><D15/><N who="1" m="9503" /><E17/><V98/><F98/><W12/><G12/><T60/><D107/><U66/><E0/><V8/><F8/><N who="0" m="3114" /><D103/><U76/><E9/><V126/><F126/><W115/><G2/><T57/><D60/><U35/><E63/><V89/><F89/><W119/><G119/><T131/><D131/><U41/><E76/><V53/><F53/><W46/><G117/><T62/><D62/><U95/><E114/><V81/><F81/><W123/><G115/><T106/><D106/><U45/><E112/><V21/><F21/><W48/><G123/><T13/><D13/><U18/><E35/><V118/><F118/><W128/><G128/><T4/><D4/><AGARI ba="0,1" hai="4,6,24,31,33,44,49,52,83,86,88,90,94,96" machi="4" ten="40,5200,0" yaku="1,1,54,2,53,0" doraHai="7" doraHaiUra="102" who="2" fromWho="0" sc="234,-52,250,0,240,62,266,0" />
</Scene>
<Scene>
<INIT seed="2,0,0,0,1,20" ten="182,250,302,266" oya="2" hai0="123,102,32,62,49,16,116,38,77,65,75,7,12" hai1="101,103,85,89,15,129,23,109,98,5,132,1,72" hai2="84,106,86,71,111,68,131,99,119,18,115,94,107" hai3="21,54,69,88,0,97,105,73,56,42,117,27,76"/><V125/><F115/><W26/><G69/><T121/><D38/><U9/><E72/><V4/><F4/><W122/><G117/><T33/><D7/><U24/><E109/><V11/><F119/><W79/><G122/><T110/><D116/><U39/><E39/><V100/><F111/><W63/><G0/><T53/><D110/><U118/><E118/><V113/><F113/><W127/><G127/><T78/><D102/><U95/><E129/><V104/><F131/><W13/><G42/><T66/><D75/><U120/><E132/><V58/><F58/><W34/><G73/><T36/><D36/><U31/><E120/><V22/><F125/><W2/><G2/><T70/><D66/><U108/><E108/><V51/><F51/><W3/><G3/><T96/><D96/><U124/><E124/><V90/><F11/><W92/><G105/><T126/><D126/><U130/><E130/><V50/><F50/><W35/><G35/><T52/><D53/><U59/><E59/><V60/><F60/><W45/><G45/><N who="0" m="27695" /><D123/><U44/><E44/><V29/><F29/><N who="3" m="19767" /><G13/><T43/><D43/><U135/><E135/><V81/><REACH who="2" step="1"/><F86/><REACH who="2" ten="182,250,292,266" step="2"/><W57/><G57/><N who="0" m="37071" /><D121/><U14/><REACH who="1" step="1"/><E103/><REACH who="1" ten="182,240,292,266" step="2"/><V48/><F48/><W80/><G56/><T47/><D47/><U55/><E55/><V64/><F64/><W46/><G46/><T61/><D61/><U17/><E17/><V114/><F114/><W8/><G54/><T25/><D16/><U41/><E41/><V19/><F19/><W82/><G63/><T67/><D67/><U28/><E28/><V6/><F6/><RYUUKYOKU ba="0,2" sc="182,-15,240,15,292,15,266,-15" hai1="1,5,9,14,15,23,24,31,85,89,95,98,101" hai2="18,22,68,71,81,84,90,94,99,100,104,106,107" />
</Scene>
<Scene>
<INIT seed="2,1,2,5,5,86" ten="167,255,307,251" oya="2" hai0="97,80,13,20,126,57,41,70,48,16,122,49,133" hai1="19,95,38,74,6,116,78,5,25,113,66,98,132" hai2="32,135,75,36,100,3,15,82,110,131,134,119,101" hai3="0,14,23,2,73,59,77,1,47,107,85,4,121"/><V109/><F36/><W21/><G121/><T93/><D122/><U67/><E38/><V128/><F3/><W27/><G107/><T39/><D133/><N who="2" m="50698" /><F32/><W12/><G73/><T129/><D126/><U55/><E116/><V42/><F119/><W130/><G47/><T29/><D129/><N who="2" m="49738" /><F42/><W115/><G130/><T10/><D70/><U127/><E127/><V102/><F15/><W53/><G115/><T28/><D39/><U120/><E113/><V30/><F30/><W24/><G12/><T112/><D112/><U44/><E132/><V60/><F60/><W84/><G14/><T69/><D69/><U26/><E120/><V117/><F117/><W56/><G2/><T40/><D29/><U8/><E26/><V45/><F45/><W88/><G4/><T58/><D49/><U99/><E44/><V87/><F75/><W96/><G53/><T64/><D64/><U91/><E55/><V43/><F43/><W18/><G18/><T50/><D50/><U37/><E67/><V79/><AGARI ba="1,2" hai="79,82,87,100,101,102,109,110" m="49738,50698" machi="79" ten="40,12000,1" yaku="20,1,19,1,34,2" doraHai="86" who="2" fromWho="2" sc="167,-41,255,-41,307,143,251,-41" />
</Scene>
<Scene>
<INIT seed="2,2,0,4,1,17" ten="126,214,450,210" oya="2" hai0="0,2,4,28,21,44,30,48,13,126,1,122,86" hai1="108,67,79,112,55,34,36,5,62,32,63,115,25" hai2="98,107,102,84,80,134,46,85,51,47,56,118,114" hai3="50,135,73,105,23,78,101,40,3,16,59,70,37"/><V128/><F118/><W100/><G70/><T132/><D122/><U76/><E36/><V26/><F114/><W91/><G3/><T120/><D120/><U6/><E25/><V14/><F134/><W11/><G135/><T69/><D69/><U90/><E67/><V71/><F71/><W99/><G11/><T87/><D132/><U65/><E65/><V19/><F26/><W10/><G10/><T127/><D4/><U117/><E90/><V103/><F103/><W54/><G101/><T75/><D75/><U58/><E58/><V106/><F56/><W68/><G68/><T97/><D97/><U12/><E12/><V41/><F128/><W20/><G91/><T124/><D13/><U31/><E31/><N who="0" m="11817" /><D21/><U88/><E88/><V125/><F125/><N who="0" m="32002" /><T38/><DORA hai="77" /><D38/><U113/><E113/><V121/><F121/><W93/><G16/><T89/><D89/><U22/><E22/><V15/><F19/><W27/><G27/><T42/><AGARI ba="2,0" hai="0,1,2,42,44,48,86,87" m="32002,11817" machi="42" ten="50,1600,0" yaku="18,1" doraHai="17,77" who="0" fromWho="0" sc="126,22,214,-6,450,-10,210,-6" />
</Scene>
<Scene>
<INIT seed="3,0,0,5,5,117" ten="148,208,440,204" oya="3" hai0="93,78,59,1,84,131,54,108,92,31,133,30,22" hai1="83,2,39,53,86,100,18,47,33,44,88,134,135" hai2="4,106,45,19,80,55,25,60,32,48,123,38,121" hai3="109,95,129,85,107,102,115,17,16,50,58,37,124"/><W46/><G115/><T105/><D105/><U41/><E33/><V91/><F106/><W112/><G112/><T14/><D1/><U114/><E114/><V8/><F38/><W62/><G37/><T15/><D108/><U36/><E2/><V87/><F60/><W43/><G124/><T34/><D34/><U13/><E100/><V76/><F76/><W104/><G129/><T97/><D133/><N who="1" m="50699" /><E53/><V99/><F99/><N who="3" m="59775" /><G104/><T69/><D69/><U61/><E61/><V125/><F125/><W116/><G116/><T96/><D131/><U101/><E101/><V89/><F89/><W5/><G107/><T120/><D78/><U42/><E13/><N who="2" m="7591" /><F4/><W6/><G109/><T57/><D54/><U63/><E63/><V70/><F70/><W20/><G85/><T73/><D73/><U7/><E18/><N who="3" m="7274" /><G20/><T64/><D22/><U79/><E7/><V130/><F130/><W24/><G24/><T27/><D27/><U49/><E36/><V122/><F32/><W103/><G103/><T52/><D84/><U81/><E79/><V90/><F90/><W28/><G28/><T119/><D119/><U75/><E75/><V98/><F25/><W72/><G72/><T29/><D29/><U9/><E9/><V126/><F126/><W94/><G94/><AGARI ba="0,0" hai="39,41,42,44,47,49,81,83,86,88,94" m="50699" machi="94" ten="30,2000,0" yaku="20,1,54,1" doraHai="117" who="1" fromWho="3" sc="148,0,208,20,440,0,204,-20" />
</Scene>
<Scene>
<INIT seed="4,0,0,2,0,22" ten="148,228,440,184" oya="0" hai0="17,103,100,52,50,63,76,75,57,124,13,98,96" hai1="27,48,11,86,14,122,56,79,40,121,8,51,4" hai2="54,61,55,26,102,3,94,88,44,43,36,20,47" hai3="89,46,117,67,64,91,84,60,19,38,29,95,83"/><T115/><D115/><U21/><E11/><V90/><F3/><W110/><G110/><T109/><D124/><U101/><E101/><N who="0" m="38985" /><D75/><U68/><E68/><V62/><F102/><W23/><G117/><T112/><D112/><U6/><E6/><V42/><F62/><W72/><G29/><T81/><D109/><U66/><E122/><V45/><F90/><W106/><G106/><T135/><D135/><U97/><E97/><N who="0" m="37481" /><D63/><N who="1" m="38247" /><E40/><N who="2" m="15403" /><F61/><W31/><G31/><T9/><D81/><N who="1" m="47423" /><E121/><V41/><F36/><W25/><G60/><T5/><D76/><U37/><E37/><V30/><F41/><W82/><G38/><T132/><D132/><U116/><E116/><V71/><F71/><W120/><G120/><T2/><D2/><U69/><E69/><V24/><F24/><W0/><G0/><T134/><D134/><U93/><E93/><V10/><F10/><W28/><G72/><T80/><D80/><U129/><E51/><V107/><F107/><W127/><G82/><T49/><D49/><U130/><E48/><V125/><F125/><W65/><G127/><T118/><D118/><U105/><E105/><V77/><F77/><W70/><G70/><T33/><D33/><U111/><E111/><V104/><F104/><W108/><G108/><T18/><AGARI ba="0,0" hai="5,9,13,17,18,50,52,57" m="37481,38985" machi="18" ten="30,3000,0" yaku="8,1,54,1" doraHai="22" who="0" fromWho="0" sc="148,30,228,-10,440,-10,184,-10" />
</Scene>
<Scene>
<INIT seed="4,1,0,4,1,98" ten="178,218,430,174" oya="0" hai0="43,23,133,67,103,57,16,114,22,95,87,75,7" hai1="30,126,29,72,129,123,115,42,34,60,41,11,38" hai2="4,64,77,56,48,135,61,13,40,49,59,118,1" hai3="5,113,3,134,73,12,106,74,51,26,105,68,17"/><T82/><D75/><U6/><E72/><V101/><F1/><W80/><G68/><T108/><D114/><U120/><E115/><V97/><F135/><W20/><G113/><T83/><D133/><U37/><E129/><V119/><F77/><W2/><G134/><T66/><D7/><U18/><E18/><V35/><F35/><W78/><G73/><T89/><D43/><U100/><E60/><V125/><F125/><W110/><G110/><T21/><D108/><U96/><E126/><V124/><F124/><W131/><G131/><T84/><D16/><U31/><E34/><V39/><F39/><W33/><G51/><T107/><D107/><U94/><E42/><V0/><F0/><W9/><REACH who="3" step="1"/><G2/><REACH who="3" ten="178,218,430,164" step="2"/><T112/><D112/><U44/><REACH who="1" step="1"/><E38/><REACH who="1" ten="178,208,430,164" step="2"/><V53/><F118/><W54/><G54/><T132/><D132/><U15/><AGARI ba="1,2" hai="6,11,15,29,30,31,37,41,44,94,96,100,120,123" machi="15" ten="30,8000,1" yaku="1,1,2,1,0,1,52,1,53,1" doraHai="98" doraHaiUra="8" who="1" fromWho="1" sc="178,-41,208,103,430,-21,164,-21" />
</Scene>
<Scene>
<INIT seed="5,0,0,1,1,23" ten="137,311,409,143" oya="1" hai0="102,50,18,70,76,63,79,17,112,15,7,21,41" hai1="66,95,109,124,60,30,3,121,71,9,61,93,83" hai2="78,36,42,74,134,114,129,6,48,72,49,22,59" hai3="115,43,32,54,14,31,94,118,24,45,13,2,107"/><U113/><E121/><V26/><F129/><W119/><G107/><T27/><D112/><U123/><E123/><V135/><F114/><W91/><G2/><T132/><D132/><U130/><E113/><V81/><F74/><W47/><G115/><T117/><D117/><N who="3" m="44553" /><G54/><T8/><D102/><U68/><E130/><V11/><F59/><W128/><G128/><T75/><D75/><U84/><E124/><V97/><F97/><N who="3" m="57567" /><G47/><N who="0" m="25967" /><D70/><U56/><E109/><V0/><F36/><AGARI ba="0,0" hai="13,14,24,31,32,36,43,45" m="57567,44553" machi="36" ten="30,2000,0" yaku="12,1,52,1" doraHai="23" who="3" fromWho="2" sc="137,0,311,0,409,-20,143,20" />
</Scene>
<Scene>
<INIT seed="6,0,0,4,4,10" ten="137,311,389,163" oya="2" hai0="18,126,55,107,1,91,115,7,42,45,4,89,59" hai1="112,23,92,76,118,99,28,14,53,47,122,57,63" hai2="90,86,127,72,123,82,120,117,100,31,30,3,25" hai3="64,87,0,84,67,60,114,108,109,51,19,125,98"/><V132/><F3/><W46/><G0/><T97/><D115/><U33/><E118/><V116/><F127/><W12/><G125/><T37/><D126/><U81/><E33/><V35/><F132/><W77/><G114/><T101/><D18/><U48/><E112/><V62/><F31/><W17/><G98/><T6/><REACH who="0" step="1"/><D1/><REACH who="0" ten="127,311,389,163" step="2"/><U38/><E122/><V2/><F120/><W79/><G19/><T16/><D16/><U75/><E28/><V5/><F2/><W102/><G109/><T113/><D113/><U58/><E38/><V56/><F30/><W110/><G108/><T131/><D131/><U49/><E75/><V73/><F72/><W119/><G110/><T93/><D93/><U71/><E92/><V103/><F73/><W21/><G119/><T40/><D40/><U124/><E124/><V134/><F123/><W111/><G111/><T78/><D78/><U94/><E76/><V20/><F117/><W24/><G77/><T43/><D43/><U74/><E94/><V27/><F116/><W41/><G79/><T85/><D85/><N who="3" m="32841" /><G24/><T69/><D69/><U13/><E71/><V36/><F27/><W15/><G15/><T11/><D11/><U54/><E74/><V61/><F25/><W50/><G12/><T70/><D70/><U52/><E13/><V83/><F86/><W121/><G121/><T44/><D44/><U29/><E47/><V39/><F134/><W104/><G46/><T66/><D66/><N who="3" m="25129" /><G41/><T96/><D96/><U68/><E99/><V106/><F106/><W133/><G133/><T130/><D130/><U80/><E14/><RYUUKYOKU ba="0,1" sc="127,30,311,-10,389,-10,163,-10" hai0="4,6,7,37,42,45,55,59,89,91,97,101,107" />
</Scene>
<Scene>
<INIT seed="7,1,1,0,5,105" ten="157,301,379,153" oya="3" hai0="51,27,20,41,82,63,16,2,72,90,99,23,104" hai1="84,10,25,21,26,132,14,47,34,55,115,79,64" hai2="122,24,102,62,89,112,76,96,0,53,133,58,3" hai3="135,87,32,48,78,74,106,59,80,71,73,30,92"/><W49/><G71/><T126/><D2/><U46/><E64/><V11/><F112/><W107/><G135/><T130/><D72/><U43/><E115/><V5/><F76/><W28/><G32/><T123/><D123/><U91/><E79/><V94/><F133/><W88/><G74/><T31/><D63/><U9/><E34/><V15/><F122/><W101/><G106/><T13/><D126/><U125/><E26/><V116/><F116/><W56/><G49/><T66/><D66/><U1/><E1/><V98/><F24/><W75/><G75/><T134/><D130/><U18/><E125/><V39/><F39/><W103/><G103/><T68/><D68/><U22/><E55/><V54/><F53/><N who="3" m="31783" /><G59/><T50/><D134/><U40/><E132/><V100/><F102/><W36/><G36/><T124/><D124/><U93/><E47/><V128/><F128/><W35/><G35/><T67/><D104/><AGARI ba="1,1" hai="0,3,5,11,15,54,58,62,89,94,96,98,100,104" machi="104" ten="30,1000,0" yaku="7,1" doraHai="105" who="2" fromWho="0" sc="157,-13,301,0,379,23,153,0" owari="144,-36.0,301,10.0,402,51.0,153,-25.0" />
</Scene>
</mjloggm>