<mjloggm ver="2.3"><GO type="169" lobby="0"/><UN n0="%E5%A4%AA%E3%81%8F%E3%81%AA%E3%81%84%E3%81%8A" n1="%E3%81%95%E3%82%8A%E3%83%BC%E3%81%99%E3%81%93%E3%81%A3%E3%81%A8" n2="%E3%82%B9%E3%82%B1%E3%83%BC%E3%82%BF%E3%83%BC" n3="%4F%4E%41%4B%41%4E" dan="18,16,16,17" rate="2269.81,2155.15,2083.09,2176.23" sx="F,F,M,M"/><TAIKYOKU oya="0"/>

<Scene>
<INIT seed="0,0,0,0,1,104" ten="250,250,250,250" oya="0" hai0="32,64,91,36,95,128,70,29,41,81,37,22,25" hai1="53,109,30,134,117,50,77,35,114,123,51,125,72" hai2="87,26,33,110,133,28,12,124,98,79,40,8,55" hai3="49,45,24,47,101,102,68,94,38,107,0,46,92"/><T61/><D128/><U57/><E77/><V43/><F110/><W126/><G68/><T4/><D4/><U99/><E99/><V119/><F124/><W93/><G0/><T112/><D112/><U73/><E30/><V27/><F133/><W96/><G126/><T74/><D32/><U121/><E57/><V13/><F119/><W10/><G38/><T20/><D20/><U132/><E53/><V75/><F27/><W19/><G102/><T120/><D120/><U106/><E51/><V15/><F87/><W103/><G101/><T58/><D70/><U14/><E14/><V9/><F55/><W85/><G85/><T5/><D5/><U76/><E76/><V31/><F31/><W86/><G86/><T111/><D111/><U78/><E50/><V71/><F71/><W59/><G59/><T52/><D64/><U116/><E78/><V122/><F122/><W7/><G7/><T127/><D127/><U82/><E82/><V17/><F98/><W2/><G2/><T84/><D41/><U39/><E39/><V88/><F15/><W108/><G108/><T89/><D74/><U1/><E117/><V16/><REACH who="2" step="1"/><F88/><REACH who="2" ten="250,250,240,250" step="2"/><W34/><G24/><T90/><D91/><U18/><E123/><V100/><F100/><W3/><G3/><T83/><D83/><AGARI ba="0,1" hai="8,9,12,13,16,17,26,28,33,40,43,75,79,83" machi="83" ten="40,8000,1" yaku="1,1,9,1,52,1,54,1,53,0" doraHai="104" doraHaiUra="54" who="2" fromWho="0" sc="250,-80,250,0,240,90,250,0" />
</Scene>
<Scene>
<INIT seed="1,0,0,0,3,92" ten="170,250,330,250" oya="1" hai0="31,130,54,125,48,129,123,9,68,80,112,87,63" hai1="109,96,66,120,51,113,47,17,16,77,1,133,90" hai2="21,8,86,2,111,19,119,59,56,3,4,105,60" hai3="34,78,69,41,74,42,40,107,29,50,20,55,89"/><U97/><E120/><V27/><F119/><W70/><G34/><T13/><D112/><U45/><E113/><V76/><F111/><W126/><G107/><T10/><D123/><U52/><E1/><V18/><F105/><W83/><G126/><T114/><D114/><U67/><E77/><V134/><F134/><W39/><G39/><T81/><D125/><U32/><E32/><V128/><F128/><W22/><G89/><T95/><D31/><U46/><E133/><V115/><F3/><W124/><G124/><T23/><D23/><U135/><E135/><V122/><F122/><W24/><REACH who="3" step="1"/><G22/><REACH who="3" ten="170,250,330,240" step="2"/><T71/><D130/><U49/><E109/><V43/><F21/><W84/><G84/><T38/><D87/><U33/><E33/><V37/><F37/><W101/><G101/><T85/><D85/><U6/><E90/><V12/><F86/><W132/><G132/><T88/><D38/><U104/><E104/><V98/><F115/><W118/><G118/><T36/><D36/><U94/><E94/><V62/><F76/><W11/><G11/><T57/><D9/><U53/><REACH who="1" step="1"/><E47/><AGARI ba="0,1" hai="20,24,29,40,41,42,47,50,55,69,70,74,78,83" machi="47" ten="40,1300,0" yaku="1,1,53,0" doraHai="92" doraHaiUra="91" who="3" fromWho="1" sc="170,0,250,-13,330,0,240,23" />
</Scene>
<Scene>
<INIT seed="2,0,0,5,5,89" ten="170,237,330,263" oya="2" hai0="52,119,123,39,108,107,99,100,98,91,45,101,13" hai1="96,36,35,53,67,72,43,130,47,57,125,25,28" hai2="22,77,48,24,117,9,56,131,88,73,134,55,5" hai3="80,51,50,3,4,18,68,20,30,103,113,44,70"/><V74/><F117/><W129/><G30/><T32/><D123/><U95/><E130/><V17/><F131/><W54/><G129/><T6/><D32/><U65/><E72/><V105/><F134/><W8/><G113/><T27/><D27/><U23/><E35/><V87/><F77/><W124/><G124/><T71/><D71/><U7/><E7/><V83/><REACH who="2" step="1"/><F105/><REACH who="2" ten="170,237,320,263" step="2"/><W84/><G70/><T10/><D119/><U97/><E125/><V29/><F29/><W133/><G68/><T58/><D108/><U86/><E86/><V60/><F60/><W61/><G61/><T16/><D107/><U15/><E97/><V92/><F92/><W116/><G116/><T46/><D98/><U81/><E81/><V78/><F78/><W104/><G133/><T115/><D115/><U121/><E121/><V75/><F75/><W94/><G94/><N who="0" m="56799" /><D39/><U118/><E118/><V59/><F59/><W66/><G104/><T79/><D79/><U109/><E109/><V12/><AGARI ba="0,1" hai="5,9,12,17,22,24,48,55,56,73,74,83,87,88" machi="12" ten="20,12000,1" yaku="1,1,0,1,7,1,54,1,53,1" doraHai="89" doraHaiUra="1" who="2" fromWho="2" sc="170,-40,237,-40,320,130,263,-40" />
</Scene>
<Scene>
<INIT seed="2,1,0,2,4,106" ten="130,197,450,223" oya="2" hai0="20,112,22,126,27,124,88,46,26,7,92,30,64" hai1="90,107,95,105,71,100,110,111,77,69,13,54,16" hai2="12,58,70,57,62,5,36,66,125,2,41,55,9" hai3="28,120,8,134,19,50,81,43,25,122,96,6,101"/><V33/><F33/><W129/><G129/><T87/><D112/><U39/><E39/><V114/><F125/><W133/><G19/><T60/><D7/><U45/><E77/><V79/><F114/><W132/><G50/><T47/><D126/><U44/><E100/><V94/><F94/><N who="3" m="58519" /><G43/><T1/><D1/><U11/><E105/><V17/><F55/><W34/><G81/><T118/><D118/><U103/><E103/><V91/><F79/><W75/><G75/><T0/><D0/><AGARI ba="1,0" hai="0,6,8,25,28,34,120,122,132,133,134" m="58519" machi="0" ten="30,1000,0" yaku="20,1" doraHai="106" who="3" fromWho="0" sc="130,-13,197,0,450,0,223,13" />
</Scene>
<Scene>
<INIT seed="3,0,0,5,1,24" ten="117,197,450,236" oya="3" hai0="89,128,70,27,46,96,36,97,25,7,63,14,0" hai1="75,78,1,86,74,15,72,93,18,129,5,114,19" hai2="82,45,132,71,30,21,83,113,54,100,73,94,66" hai3="48,91,29,26,61,111,67,119,95,6,42,47,135"/><W80/><G135/><T17/><D128/><U41/><E114/><V90/><F113/><W120/><G120/><T109/><D109/><U31/><E41/><V16/><F100/><W134/><G134/><T123/><D123/><U53/><E53/><V20/><F73/><W34/><G111/><T51/><D36/><U64/><E64/><V127/><F127/><W107/><G107/><T2/><D7/><U12/><E1/><V49/><F71/><W92/><G119/><T60/><D70/><U65/><E65/><V76/><F76/><W39/><G6/><T68/><D68/><U50/><E50/><V13/><F66/><W104/><G104/><T106/><D106/><U10/><E78/><V99/><F132/><W40/><G80/><T101/><D101/><U131/><E93/><V57/><F45/><W125/><G125/><T102/><D102/><U11/><E86/><V124/><F124/><W105/><G105/><T62/><D0/><U87/><E87/><V44/><F44/><W79/><G79/><T130/><D2/><U35/><E5/><V115/><F115/><W85/><G95/><N who="0" m="56431" /><D97/><U108/><E108/><V81/><F21/><W88/><G91/><T56/><D56/><U58/><E58/><V126/><F126/><W112/><G112/><T122/><D122/><U3/><E3/><V77/><F77/><W55/><G39/><T117/><D117/><U52/><E52/><V110/><F110/><W37/><G37/><T118/><D118/><U32/><E74/><V4/><F4/><W69/><AGARI ba="0,0" hai="26,29,34,40,42,47,48,55,61,67,69,85,88,92" machi="69" ten="20,7800,0" yaku="0,1,7,1,52,1,54,1" doraHai="24" who="3" fromWho="3" sc="117,-26,197,-26,450,-26,236,78" />
</Scene>
<Scene>
<INIT seed="3,1,0,1,1,75" ten="91,171,424,314" oya="3" hai0="16,49,14,58,130,50,15,88,44,96,129,64,55" hai1="2,56,59,131,74,81,7,99,115,38,109,95,132" hai2="91,0,6,34,39,85,112,116,68,1,89,111,11" hai3="42,79,51,41,83,103,9,125,73,54,70,33,90"/><W57/><G125/><T24/><D130/><U19/><E109/><V60/><F111/><W32/><G70/><T77/><D129/><U82/><E115/><V105/><F105/><W135/><G135/><T8/><D77/><U13/><E38/><V123/><F34/><W52/><G103/><T4/><D24/><U12/><E2/><V87/><F39/><W76/><G33/><T17/><D14/><U10/><E132/><V117/><F123/><W113/><G32/><T104/><D104/><U22/><E131/><V127/><F127/><W21/><G9/><T30/><D30/><U61/><E74/><V107/><F107/><W94/><G79/><T86/><D96/><U37/><E37/><V119/><F112/><W134/><G113/><T40/><REACH who="0" step="1"/><D64/><REACH who="0" ten="81,171,424,314" step="2"/><N who="1" m="38951" /><E59/><V35/><F1/><W124/><G134/><T20/><D20/><U122/><E122/><V29/><F35/><W121/><G121/><T62/><D62/><U65/><E65/><V78/><F60/><W69/><G124/><T18/><D18/><U5/><E5/><V3/><F0/><W106/><G106/><T43/><D43/><U133/><E133/><V28/><F68/><W48/><G21/><T47/><D47/><U97/><E97/><V92/><F78/><W63/><G69/><T118/><D118/><U45/><E45/><V53/><F29/><W26/><G63/><T23/><D23/><U128/><E128/><V84/><F28/><W126/><G126/><T72/><D72/><U71/><E71/><V110/><F110/><W67/><G73/><T27/><D27/><U120/><E120/><RYUUKYOKU ba="1,1" sc="81,15,171,15,424,-15,314,-15" hai0="4,8,15,16,17,40,44,49,50,55,58,86,88" hai1="7,10,12,13,19,22,81,82,95,99" />
</Scene>
<Scene>
<INIT seed="4,2,1,5,4,125" ten="96,186,409,299" oya="0" hai0="107,71,19,64,127,51,30,34,33,130,134,121,48" hai1="111,120,75,12,129,113,22,92,117,87,67,46,10" hai2="60,31,106,122,94,59,135,133,32,73,62,52,57" hai3="119,41,109,16,6,54,45,78,96,66,131,85,98"/><T114/><D121/><U112/><E75/><V35/><F106/><W25/><G131/><T43/><D107/><U126/><E126/><V0/><F0/><W14/><G109/><T79/><D127/><U110/><E67/><V84/><F73/><W132/><G119/><T91/><D79/><U55/><E117/><V77/><F122/><W2/><G132/><N who="2" m="50761" /><F31/><W116/><G116/><T1/><D134/><U11/><E22/><V128/><F128/><W15/><G66/><T56/><D130/><U104/><E129/><V42/><F42/><W21/><G54/><T28/><D1/><U93/><E104/><V80/><F94/><N who="1" m="36457" /><E87/><V102/><F102/><W39/><G2/><T123/><D123/><U58/><E46/><V3/><F3/><W50/><G39/><T13/><D71/><U26/><E26/><V81/><F81/><N who="3" m="47287" /><G25/><T108/><D108/><N who="1" m="41515" /><E120/><V38/><F38/><W8/><AGARI ba="2,1" hai="6,8,14,15,16,21,41,45,50,96,98" m="47287" machi="8" ten="30,4000,0" yaku="25,1,8,1,54,1" doraHai="125" who="3" fromWho="3" sc="96,-22,186,-12,409,-12,299,56" />
</Scene>
<Scene>
<INIT seed="5,0,0,1,5,133" ten="74,174,397,355" oya="1" hai0="65,0,53,74,130,106,93,112,43,116,34,132,99" hai1="8,125,14,84,71,83,62,113,45,9,50,97,86" hai2="61,104,109,23,119,17,21,4,98,85,73,20,114" hai3="124,128,47,32,77,79,120,80,22,87,35,134,19"/><U11/><E113/><V13/><F73/><W60/><G120/><T28/><D53/><U40/><E97/><V49/><F109/><W39/><G134/><T82/><D43/><U44/><E44/><V46/><F119/><W33/><G128/><T122/><D65/><U42/><E42/><V102/><F114/><W3/><G3/><T107/><D28/><U135/><E135/><V100/><F100/><W67/><G47/><T90/><D34/><U57/><E71/><V123/><F123/><W54/><G54/><T118/><D0/><U78/><E86/><V56/><F4/><W36/><G77/><N who="0" m="44343" /><D132/><U121/><E121/><V75/><F85/><W68/><G124/><T76/><D122/><U70/><E70/><V127/><F127/><W105/><REACH who="3" step="1"/><G105/><REACH who="3" ten="74,174,397,345" step="2"/><N who="0" m="39947" /><D130/><U59/><E125/><V101/><F46/><W111/><G111/><T131/><D131/><U37/><E37/><V72/><F104/><W81/><G81/><T6/><D112/><U63/><E14/><AGARI ba="0,1" hai="14,19,22,32,33,35,36,39,60,67,68,79,80,87" machi="14" ten="40,1300,0" yaku="1,1,53,0" doraHai="133" doraHaiUra="117" who="3" fromWho="1" sc="74,0,174,-13,397,0,345,23" />
</Scene>
<Scene>
<INIT seed="6,0,0,4,3,7" ten="74,161,397,368" oya="2" hai0="95,125,43,37,75,88,48,115,17,127,107,61,66" hai1="16,106,26,49,71,53,18,97,70,133,68,83,14" hai2="93,39,113,86,47,92,132,108,45,72,42,104,80" hai3="135,51,101,62,126,74,129,34,76,4,29,31,128"/><V77/><F104/><W40/><G126/><T35/><D107/><U24/><E133/><V130/><F132/><W3/><G135/><T116/><D75/><U112/><E83/><V124/><F124/><N who="0" m="47690" /><D35/><U73/><E73/><V117/><F117/><W87/><G74/><T103/><D103/><U120/><E120/><V134/><F134/><W91/><G76/><T79/><D79/><U55/><E97/><V8/><F130/><N who="3" m="50283" /><G101/><T2/><D37/><U11/><E106/><V81/><F108/><W38/><G38/><T25/><D2/><U94/><E94/><V111/><F111/><W100/><G100/><T105/><D105/><U41/><E18/><V12/><F47/><N who="3" m="26087" /><G62/><T23/><D116/><U131/><E131/><V69/><F69/><W82/><G34/><T84/><D115/><U122/><E112/><V50/><F113/><W33/><G33/><T65/><D61/><U121/><E121/><V123/><F39/><W15/><G15/><T89/><D89/><U44/><E122/><V63/><F63/><W0/><G0/><T9/><D48/><U59/><E41/><V1/><F1/><W110/><G110/><T102/><D43/><U27/><E55/><V118/><F118/><W6/><G6/><T19/><D102/><U58/><AGARI ba="0,0" hai="11,14,16,24,26,27,44,49,53,58,59,68,70,71" machi="58" ten="40,5200,0" yaku="0,1,52,1,54,1" doraHai="7" who="1" fromWho="1" sc="74,-13,161,52,397,-26,368,-13" />
</Scene>
<Scene>
<INIT seed="7,0,0,3,1,79" ten="61,213,371,355" oya="3" hai0="26,56,106,92,120,37,75,54,29,101,23,65,4" hai1="87,112,6,42,12,91,11,99,31,38,50,44,122" hai2="109,97,10,132,103,129,84,73,80,69,46,71,95" hai3="70,41,64,134,107,5,82,27,17,39,45,121,113"/><W15/><G107/><T88/><D120/><U58/><E112/><V62/><F109/><W43/><G121/><T53/><D37/><U108/><E31/><V123/><F123/><W125/><G43/><T59/><D75/><U51/><E122/><V93/><F73/><W105/><G105/><T57/><D106/><U13/><E99/><V72/><F72/><W96/><G113/><T86/><D4/><U36/><E12/><V126/><F126/><W25/><G5/><T133/><D133/><U102/><E102/><V110/><F110/><W14/><G14/><T0/><D0/><U35/><E35/><V90/><F132/><W81/><G134/><T60/><D57/><U114/><E114/><V28/><F28/><W18/><G18/><T19/><D59/><U98/><E98/><V100/><F129/><W22/><G96/><T3/><D3/><U117/><E117/><V2/><F46/><W9/><G125/><T16/><D101/><U118/><E118/><V130/><F130/><W111/><G111/><T21/><D29/><U32/><E32/><V77/><F103/><W47/><G47/><T8/><D8/><U68/><E68/><V124/><F124/><W52/><G52/><T20/><D20/><U48/><E108/><V34/><F34/><W85/><G9/><T49/><D49/><N who="1" m="19051" /><E58/><V104/><F104/><W61/><G85/><T94/><D94/><U115/><E115/><V135/><F135/><W76/><G76/><T24/><REACH who="0" step="1"/><D92/><REACH who="0" ten="51,213,371,355" step="2"/><N who="1" m="54399" /><E36/><V89/><F95/><W30/><G30/><T127/><D127/><U40/><E38/><V63/><F93/><RYUUKYOKU ba="0,1" sc="51,10,213,10,371,-30,355,10" hai0="16,19,21,23,24,26,53,54,56,60,65,86,88" hai1="6,11,13,40,42,44,51" hai3="15,17,22,25,27,39,41,45,61,64,70,81,82" owari="61,-44.0,223,-18.0,341,14.0,375,48.0" />
</Scene>
</mjloggm>