<mjloggm ver="2.3"><GO type="169" lobby="0"/><UN n0="%E5%A4%AA%E3%81%8F%E3%81%AA%E3%81%84%E3%81%8A" n1="%E3%82%8B%E3%81%84%E3%81%9A%E3%81%85%E3%81%86%E3%81%82%E3%81%81%E3%81%82" n2="%E5%AE%AE%E6%9C%AC%E4%BE%86%E5%A4%8F" n3="%E3%82%AF%E3%83%AD%E3%83%8E%E3%82%B9%40" dan="17,16,16,18" rate="2176.13,2029.13,2120.38,2182.68" sx="M,F,F,M"/><TAIKYOKU oya="0"/>

<Scene>
<INIT seed="0,0,0,0,2,109" ten="250,250,250,250" oya="0" hai0="135,94,114,98,75,132,90,111,32,2,86,16,133" hai1="12,18,95,73,22,28,117,46,89,64,56,80,76" hai2="54,14,115,85,122,42,62,120,108,58,21,6,105" hai3="43,39,134,34,49,29,33,100,31,107,123,59,101"/><T68/><D2/><U66/><E117/><V125/><F115/><W84/><G134/><T45/><D32/><U51/><E28/><V128/><F108/><W67/><G39/><T121/><D111/><U4/><E4/><V70/><F105/><W27/><G107/><T63/><D75/><U13/><E13/><V24/><F125/><W30/><G123/><T47/><D121/><U92/><E56/><V0/><F128/><W78/><G67/><N who="0" m="41087" /><D114/><U72/><E72/><V112/><F112/><W57/><G43/><T106/><D16/><U87/><REACH who="1" step="1"/><E95/><REACH who="1" ten="250,240,250,250" step="2"/><V8/><F14/><W53/><G59/><T129/><D129/><U131/><E131/><V55/><F0/><W118/><G118/><T60/><D60/><U91/><E91/><V17/><F62/><W50/><G34/><T36/><D36/><U5/><E5/><V44/><F6/><W96/><G33/><T81/><D106/><U41/><AGARI ba="0,1" hai="12,18,22,41,46,51,64,66,73,76,80,87,89,92" machi="41" ten="20,2700,0" yaku="1,1,0,1,7,1,53,0" doraHai="109" doraHaiUra="71" who="1" fromWho="1" sc="250,-13,240,37,250,-7,250,-7" />
</Scene>
<Scene>
<INIT seed="1,0,0,2,5,80" ten="237,277,243,243" oya="1" hai0="119,89,50,121,122,63,95,49,59,73,23,25,16" hai1="37,98,132,17,125,100,69,12,40,10,66,134,13" hai2="5,84,39,1,74,130,102,0,75,33,115,20,81" hai3="4,43,82,105,14,88,26,7,106,126,91,36,78"/><U108/><E125/><V48/><F33/><W22/><G126/><T42/><D73/><U109/><E66/><V71/><F39/><W93/><G36/><T104/><D104/><N who="1" m="63511" /><E69/><V47/><F71/><W55/><G43/><T128/><D119/><U57/><E57/><V58/><F102/><W111/><G111/><N who="1" m="42570" /><E13/><V118/><F118/><W60/><G91/><T27/><D27/><U133/><E37/><V64/><F1/><W32/><G32/><T34/><D34/><U62/><E40/><V86/><F58/><N who="3" m="34911" /><G105/><T24/><D24/><U44/><E44/><V83/><F64/><W92/><G106/><T65/><D128/><U117/><E62/><V135/><F130/><W52/><G93/><T54/><D42/><U90/><E90/><V85/><F20/><W67/><G67/><T103/><D103/><U72/><E72/><V46/><F75/><N who="3" m="43359" /><G52/><T3/><D3/><U99/><E99/><V107/><F74/><W51/><G14/><T29/><D65/><U120/><E117/><V38/><F38/><W127/><G51/><T131/><D131/><U113/><E113/><V96/><F115/><W8/><G8/><T6/><D50/><U19/><E120/><N who="0" m="46185" /><D49/><U21/><E21/><V110/><F110/><W124/><G124/><T18/><D6/><AGARI ba="0,0" hai="6,10,12,17,19,132,133,134" m="42570,63511" machi="6" ten="40,7700,0" yaku="20,1,14,1,10,1" doraHai="80" who="1" fromWho="0" sc="237,-77,277,77,243,0,243,0" />
</Scene>
<Scene>
<INIT seed="1,1,0,1,1,9" ten="160,354,243,243" oya="1" hai0="65,110,104,119,118,37,79,121,91,88,64,74,67" hai1="42,13,28,31,69,94,44,20,89,134,75,5,41" hai2="116,117,82,47,71,14,93,63,24,127,57,2,48" hai3="58,55,111,109,38,130,32,97,4,36,21,35,99"/><U126/><E69/><V73/><F2/><W92/><G130/><T46/><D104/><U129/><E75/><V11/><F71/><W61/><G4/><T3/><D3/><U51/><E129/><V8/><F127/><W123/><G123/><T6/><D6/><U45/><E126/><V131/><F11/><W29/><G97/><T23/><D121/><U85/><E134/><V56/><F24/><W1/><G1/><T15/><D110/><N who="3" m="41993" /><G21/><T43/><D79/><U87/><E87/><V19/><F131/><W70/><G70/><T124/><D74/><U10/><REACH who="1" step="1"/><E20/><REACH who="1" ten="160,344,243,243" step="2"/><V84/><F73/><W66/><G32/><T25/><D124/><U90/><E90/><V133/><F133/><W80/><G35/><T112/><D112/><U76/><E76/><V105/><F84/><W52/><G99/><T72/><D72/><U49/><AGARI ba="1,1" hai="5,10,13,28,31,41,42,44,45,49,51,85,89,94" machi="49" ten="20,18000,2" yaku="1,1,0,1,7,1,9,1,8,1,52,1,53,0" doraHai="9" doraHaiUra="50" who="1" fromWho="1" sc="160,-61,344,193,243,-61,243,-61" />
</Scene>
<Scene>
<INIT seed="1,2,0,0,0,3" ten="99,537,182,182" oya="1" hai0="132,27,29,115,79,85,54,24,44,20,45,55,133" hai1="59,117,15,69,32,106,74,49,123,130,58,43,39" hai2="14,53,37,68,48,71,75,50,90,101,126,93,67" hai3="99,1,7,80,34,8,40,33,19,12,92,121,81"/><U124/><RYUUKYOKU type="yao9" ba="2,0" sc="99,0,537,0,182,0,182,0" hai1="15,32,39,43,49,58,59,69,74,106,117,123,124,130" />
</Scene>
<Scene>
<INIT seed="1,3,0,4,0,118" ten="99,537,182,182" oya="1" hai0="88,57,49,85,8,92,36,119,95,89,81,82,37" hai1="42,117,32,101,100,54,14,1,73,60,53,10,41" hai2="24,128,134,12,93,58,0,2,86,83,7,56,107" hai3="121,25,110,13,77,132,55,51,28,127,102,5,94"/><U15/><E73/><V18/><F107/><W111/><G132/><T3/><D119/><U67/><E32/><V122/><F122/><W120/><G77/><T97/><D3/><U61/><E1/><V123/><F123/><N who="3" m="47179" /><G102/><T78/><D8/><U131/><E117/><V9/><F134/><W4/><G94/><T29/><D29/><U71/><E131/><V65/><F93/><W124/><G13/><T16/><D16/><U26/><E26/><V19/><F128/><W105/><G105/><T80/><REACH who="0" step="1"/><D78/><REACH who="0" ten="89,537,182,182" step="2"/><U68/><E10/><V62/><F2/><W135/><G135/><T40/><D40/><U99/><E99/><V63/><F0/><W50/><G4/><T33/><D33/><U98/><E98/><V106/><F24/><W130/><G5/><T34/><D34/><U76/><E76/><V31/><F31/><W46/><G130/><T39/><D39/><U47/><E42/><V109/><F19/><W30/><G30/><T64/><D64/><U133/><E41/><V129/><F18/><W87/><G87/><T44/><D44/><U75/><E47/><V103/><F129/><W113/><G113/><T23/><D23/><U125/><E133/><V72/><F7/><W59/><G25/><T22/><D22/><U104/><E67/><V114/><F65/><W91/><G28/><T66/><D66/><U38/><E15/><V74/><F114/><W48/><G46/><T70/><D70/><U116/><E71/><V21/><F12/><W115/><G115/><T108/><D108/><N who="3" m="41513" /><G91/><T112/><D112/><U84/><E116/><V27/><F109/><RYUUKYOKU ba="3,1" sc="89,15,537,-15,182,-15,182,15" hai0="36,37,49,57,80,81,82,85,88,89,92,95,97" hai3="48,50,51,55,59,124,127" />
</Scene>
<Scene>
<INIT seed="2,4,1,0,4,15" ten="104,522,167,197" oya="2" hai0="76,38,53,13,5,60,94,110,3,117,28,1,124" hai1="25,52,6,130,134,131,129,121,103,100,21,66,10" hai2="49,20,122,88,34,51,69,127,58,74,85,72,133" hai3="104,56,17,2,63,36,128,80,64,50,54,27,8"/><V75/><F122/><W98/><G128/><T87/><D38/><U11/><E121/><V68/><F34/><W102/><G36/><T0/><D110/><U107/><E134/><V95/><F133/><W47/><G80/><T114/><D114/><U125/><E125/><V113/><F127/><W126/><G126/><T67/><D124/><U99/><E103/><V90/><F113/><W70/><G2/><T84/><D117/><U82/><E66/><V14/><F90/><W93/><G104/><T65/><D28/><N who="1" m="17455" /><E82/><V91/><F91/><W29/><G29/><T112/><D112/><U77/><E77/><V7/><F51/><W37/><G37/><T46/><D94/><U135/><E135/><V33/><F33/><W89/><G102/><T42/><D76/><U101/><E101/><V43/><F7/><W57/><REACH who="3" step="1"/><G8/><REACH who="3" ten="104,522,167,187" step="2"/><N who="0" m="4239" /><D3/><N who="1" m="351" /><E11/><V132/><F132/><W30/><G30/><T92/><D1/><U123/><E123/><V35/><F35/><W39/><G39/><T97/><D0/><U109/><E109/><V31/><F31/><W9/><G9/><T55/><D92/><U71/><E107/><V73/><F73/><W115/><G115/><T111/><D111/><U86/><E130/><V4/><F4/><W12/><G12/><T120/><D120/><U108/><E131/><V61/><F14/><W83/><G83/><T22/><D22/><AGARI ba="4,2" hai="17,22,27,47,50,54,56,57,63,64,70,89,93,98" machi="22" ten="40,5200,0" yaku="1,1,52,1,53,1" doraHai="15" doraHaiUra="45" who="3" fromWho="0" sc="104,-64,522,0,167,0,187,84" />
</Scene>
<Scene>
<INIT seed="3,0,0,2,3,117" ten="40,522,167,271" oya="3" hai0="1,96,17,111,60,59,120,113,37,21,103,106,40" hai1="69,89,50,12,128,64,52,118,3,63,119,66,85" hai2="84,95,19,32,2,135,65,88,127,70,39,114,130" hai3="109,4,14,67,97,28,33,41,133,48,47,22,55"/><W82/><G133/><T101/><D1/><U93/><E3/><V62/><F114/><W20/><G109/><T90/><D111/><U10/><E128/><V26/><F135/><W53/><G67/><T129/><D129/><U123/><E66/><V56/><F130/><W38/><G33/><T108/><D108/><U121/><E119/><V131/><F131/><W25/><G97/><T91/><D103/><U124/><E124/><V104/><F2/><W34/><G82/><T6/><D6/><U132/><E118/><V46/><F104/><W13/><G55/><T98/><D113/><U102/><E102/><V35/><F127/><W94/><G94/><T79/><D79/><U23/><E23/><V58/><F35/><W49/><G38/><T27/><D98/><U80/><E93/><V54/><F32/><W29/><G4/><T92/><D106/><U100/><E100/><V31/><F31/><W44/><G34/><T76/><D76/><U77/><E77/><V43/><F54/><W99/><G99/><T36/><D120/><U115/><E115/><V86/><F86/><W125/><G125/><T134/><D134/><U105/><E105/><V45/><F45/><W18/><REACH who="3" step="1"/><G29/><REACH who="3" ten="40,522,167,261" step="2"/><T107/><D107/><U81/><E81/><V16/><REACH who="2" step="1"/><F26/><AGARI ba="0,1" hai="13,14,18,20,22,25,26,28,41,44,47,48,49,53" machi="26" ten="30,11600,0" yaku="1,1,2,1,7,1,8,1,53,0" doraHai="117" doraHaiUra="116" who="3" fromWho="2" sc="40,0,522,0,167,-116,261,126" />
</Scene>
<Scene>
<INIT seed="3,1,0,5,1,65" ten="40,522,51,387" oya="3" hai0="14,123,56,101,92,51,70,36,99,19,72,13,21" hai1="64,25,66,106,38,118,126,33,95,130,26,104,116" hai2="0,50,47,30,76,2,88,39,46,31,119,107,57" hai3="40,68,60,115,114,28,6,32,17,78,131,77,29"/><W90/><G131/><T3/><D36/><U110/><E110/><V122/><F119/><N who="1" m="45609" /><E38/><V34/><F107/><N who="1" m="41001" /><E130/><V74/><F39/><W71/><G6/><T67/><D3/><U89/><E126/><V73/><F76/><N who="3" m="29291" /><G90/><T79/><D123/><U87/><E25/><V128/><F128/><W4/><G4/><T22/><D79/><U58/><E58/><V24/><F122/><W125/><G125/><T85/><D72/><U11/><E11/><V100/><F100/><W105/><G105/><T98/><D85/><U48/><E48/><V82/><F57/><W97/><G60/><T41/><D56/><U18/><E18/><V54/><F31/><AGARI ba="1,0" hai="26,31,33,64,66,87,89,95" m="41001,45609" machi="31" ten="30,1000,0" yaku="12,1" doraHai="65" who="1" fromWho="2" sc="40,0,522,13,51,-13,387,0" />
</Scene>
<Scene>
<INIT seed="4,0,0,1,1,89" ten="40,535,38,387" oya="0" hai0="135,44,40,67,107,48,105,96,124,18,133,77,6" hai1="93,131,33,120,132,19,51,55,64,21,87,47,8" hai2="52,61,43,106,74,76,123,122,42,99,129,102,41" hai3="46,92,111,49,71,103,95,4,13,30,119,38,79"/><T90/><D6/><U80/><E33/><V63/><F129/><W85/><G71/><T24/><D77/><U134/><E131/><V10/><F10/><N who="3" m="4295" /><G38/><T91/><D67/><U73/><E120/><V69/><F69/><W15/><G119/><T81/><D124/><U34/><E34/><V58/><REACH who="2" step="1"/><F63/><REACH who="2" ten="40,535,28,387" step="2"/><W26/><G111/><T68/><D68/><U114/><E8/><V126/><F126/><W82/><G103/><T101/><D105/><U108/><E108/><V78/><F78/><W2/><G2/><T50/><D91/><U7/><E134/><N who="0" m="51209" /><D90/><U86/><E132/><V97/><F97/><W20/><G15/><T83/><D50/><U29/><E51/><V27/><F27/><W39/><G39/><T57/><D57/><U56/><E56/><V1/><F1/><W25/><G25/><T60/><D60/><U53/><E7/><V65/><F65/><W128/><G128/><T109/><D109/><U110/><E64/><V32/><F32/><W28/><G28/><T12/><D24/><U127/><E110/><V35/><F35/><W70/><G70/><T98/><D98/><U17/><E127/><V9/><F9/><AGARI ba="0,1" hai="9,12,18,40,44,48,81,83,96,101,107" m="51209" machi="9" ten="30,1500,0" yaku="20,1" doraHai="89" who="0" fromWho="2" sc="40,25,535,0,28,-15,387,0" />
</Scene>
<Scene>
<INIT seed="4,1,0,3,5,90" ten="65,535,13,387" oya="0" hai0="117,31,51,121,135,50,12,82,6,107,105,132,91" hai1="21,3,89,73,18,99,123,53,131,19,81,77,54" hai2="41,86,72,48,15,69,40,106,133,52,37,17,13" hai3="71,46,8,35,49,57,120,119,102,122,94,96,0"/><T134/><D117/><U27/><E3/><V84/><F72/><W16/><G71/><T103/><D121/><N who="3" m="46697" /><G35/><T30/><D91/><U88/><E131/><V2/><F69/><W111/><G111/><T80/><D6/><U112/><E112/><V118/><F2/><W62/><G119/><T124/><D12/><U59/><E123/><V43/><F118/><W127/><G127/><T4/><D4/><U87/><E99/><V85/><F37/><W24/><G0/><T25/><D124/><U92/><E59/><V100/><F133/><W98/><G98/><N who="0" m="61687" /><D107/><U70/><E70/><V29/><F29/><N who="0" m="10762" /><D25/><U110/><E110/><V7/><F7/><W79/><G79/><T76/><D82/><U101/><E101/><V10/><F106/><W33/><G33/><T64/><D64/><U74/><E89/><V125/><F125/><W58/><G62/><T129/><D129/><U39/><E74/><AGARI ba="1,0" hai="50,51,74,76,80,132,134,135" m="10762,61687" machi="74" ten="30,1500,0" yaku="20,1" doraHai="90" who="0" fromWho="1" sc="65,18,535,-18,13,0,387,0" />
</Scene>
<Scene>
<INIT seed="4,2,0,0,4,27" ten="83,517,13,387" oya="0" hai0="133,66,8,126,3,7,86,97,1,59,99,91,84" hai1="73,68,43,26,127,76,31,100,34,21,14,46,52" hai2="69,28,48,107,64,51,44,95,6,114,131,32,56" hai3="109,115,17,40,112,80,135,94,101,57,49,47,45"/><T16/><D1/><U42/><E68/><V79/><F107/><W54/><G109/><T19/><D126/><U35/><E127/><V88/><F114/><N who="3" m="43563" /><G135/><T61/><D133/><U65/><E65/><V72/><F131/><W12/><G80/><T50/><D86/><U103/><E76/><V122/><F122/><W70/><G70/><T92/><D50/><U82/><E82/><V18/><F6/><W20/><G40/><T9/><D9/><U111/><E73/><V37/><F37/><W13/><G12/><T123/><D123/><U98/><E14/><V36/><F36/><W38/><G38/><T71/><D71/><U33/><E43/><V2/><F2/><W77/><G77/><T25/><D25/><U5/><E42/><V78/><F69/><W117/><G117/><T93/><D84/><U83/><E26/><V119/><F119/><W58/><G57/><T110/><D110/><U104/><E83/><V85/><F72/><W118/><G118/><T120/><D120/><U96/><E111/><V11/><F11/><W10/><G10/><T128/><D128/><U108/><E108/><V24/><F18/><W4/><G4/><T124/><D124/><U23/><E5/><V116/><F116/><W60/><G60/><T125/><D125/><U132/><E132/><V106/><F106/><W129/><G129/><T53/><D19/><U102/><E104/><V67/><F51/><W0/><G0/><T89/><D16/><U74/><E74/><V134/><F134/><W90/><G101/><T22/><D3/><U63/><E103/><V121/><F121/><RYUUKYOKU ba="2,0" sc="83,-10,517,-10,13,-10,387,30" hai3="13,17,20,45,47,49,54,58,90,94" />
</Scene>
<Scene>
<INIT seed="5,3,0,3,3,117" ten="73,507,3,417" oya="1" hai0="27,70,13,90,10,22,17,62,75,97,118,99,93" hai1="86,102,6,33,74,121,132,51,16,100,5,24,40" hai2="63,25,77,114,56,59,106,71,15,0,36,44,95" hai3="66,80,125,34,123,48,124,92,50,94,35,103,54"/><U127/><E74/><V85/><F106/><W76/><G66/><T19/><D75/><U67/><E121/><V89/><F0/><W120/><G76/><T72/><D72/><U21/><E33/><N who="3" m="12298" /><G80/><T69/><D118/><U8/><E67/><V37/><F71/><W23/><G23/><T133/><D133/><U53/><E40/><V4/><F114/><W41/><G41/><T116/><D116/><U14/><E127/><N who="3" m="48714" /><G103/><N who="1" m="39466" /><E132/><V65/><F77/><W39/><G39/><T119/><D119/><U79/><E86/><V113/><F113/><W32/><N who="3" m="12306" /><W104/><DORA hai="88" /><G104/><T55/><D99/><U12/><E79/><V130/><F130/><W28/><G28/><T78/><D78/><U20/><E20/><V83/><F83/><W115/><G115/><T1/><D70/><U68/><E68/><V64/><F25/><W122/><G50/><T110/><D69/><U45/><E14/><V101/><F101/><W61/><G61/><T11/><D1/><U46/><E46/><AGARI ba="3,0" hai="46,48,54,92,94,120,122,123" m="48714,12306" machi="46" ten="50,12000,2" yaku="18,1,52,5" doraHai="117,88" who="3" fromWho="1" sc="73,0,507,-129,3,0,417,129" />
</Scene>
<Scene>
<INIT seed="6,0,0,1,3,24" ten="73,378,3,546" oya="2" hai0="126,51,78,67,106,101,30,6,119,116,52,27,10" hai1="83,73,127,89,19,66,121,15,76,70,18,54,114" hai2="59,5,120,94,123,32,81,91,60,96,77,134,46" hai3="7,128,9,84,122,92,55,13,50,125,102,113,86"/><V97/><F32/><W132/><G122/><N who="2" m="46633" /><F5/><W42/><G125/><T26/><D67/><U61/><E127/><V65/><F46/><N who="3" m="25943" /><G128/><T130/><D126/><U88/><E121/><V25/><F25/><W4/><G132/><T104/><D78/><U105/><E105/><V20/><F20/><W135/><G113/><T99/><D104/><U75/><E75/><N who="2" m="43199" /><F59/><W35/><G35/><T2/><D130/><U44/><E114/><V115/><F60/><W90/><G135/><T118/><D30/><U56/><E44/><AGARI ba="0,0" hai="2,6,10,26,27,44,51,52,99,101,106,116,118,119" machi="44" ten="40,2600,0" yaku="12,1,54,1" doraHai="24" who="0" fromWho="1" sc="73,26,378,-26,3,0,546,0" />
</Scene>
<Scene>
<INIT seed="7,0,0,0,4,70" ten="99,352,3,546" oya="3" hai0="120,113,39,35,108,63,86,32,7,49,37,38,47" hai1="2,97,56,96,51,21,6,79,20,115,87,117,52" hai2="105,83,14,116,68,127,121,10,98,44,133,124,1" hai3="126,62,89,58,12,15,69,30,11,130,29,9,67"/><W72/><G130/><T53/><D108/><U71/><E71/><V106/><F68/><W134/><G72/><T41/><D120/><U109/><E109/><V90/><F44/><W60/><G134/><T125/><D7/><U88/><E115/><V102/><F1/><W24/><G126/><N who="2" m="48169" /><F10/><W33/><G30/><T74/><D74/><U101/><E117/><V13/><F14/><W31/><G89/><T131/><D125/><U81/><E6/><V75/><F13/><W40/><G40/><T48/><D63/><U110/><E2/><V0/><F0/><W28/><G12/><T66/><D66/><U36/><E110/><V91/><F116/><W34/><G34/><T55/><D41/><U82/><E97/><V93/><F121/><W119/><G119/><T5/><D5/><U50/><E36/><V95/><F133/><W122/><G122/><T19/><D35/><U92/><E51/><V118/><F118/><W129/><G129/><T23/><D32/><U59/><E59/><V65/><F65/><W8/><G15/><T3/><D3/><U4/><E4/><V104/><F95/><W26/><G33/><T114/><D38/><U25/><E25/><N who="3" m="9834" /><G69/><T135/><D135/><U78/><E78/><AGARI ba="0,0" hai="75,78,83,90,91,93,98,102,104,105,106" m="48169" machi="78" ten="40,5200,0" yaku="18,1,34,2" doraHai="70" who="2" fromWho="1" sc="99,0,352,-52,3,52,546,0" owari="99,-30.0,300,10.0,55,-44.0,546,64.0" />
</Scene>
</mjloggm>