<mjloggm ver="2.3"><GO type="225" lobby="0"/><UN n0="%E3%81%BF%E3%81%A3%E3%81%A4%E3%81%83%EF%BD%9E" n1="%E5%A4%AA%E3%81%8F%E3%81%AA%E3%81%84%E3%81%8A" n2="%E3%83%95%E3%82%A7%E3%83%AB%E3%83%A1%E3%83%BC%E3%83%AB" n3="%E9%9D%92%E7%A9%BA%E7%89%87%E6%80%9D%E3%81%84" dan="17,18,16,17" rate="2173.50,2222.74,2131.13,2150.39" sx="F,M,F,M"/><TAIKYOKU oya="0"/>

<Scene>
<INIT seed="0,0,0,1,0,54" ten="250,250,250,250" oya="0" hai0="34,70,13,64,40,42,111,117,18,78,5,112,77" hai1="105,107,108,128,89,106,126,58,115,26,101,109,66" hai2="71,134,87,15,28,103,41,118,43,96,93,95,97" hai3="88,76,85,113,50,98,35,63,8,47,83,102,21"/><T116/><D34/><U69/><E69/><V12/><F71/><W16/><G35/><T79/><D112/><U90/><E115/><V36/><F118/><W57/><G113/><T22/><D111/><N who="1" m="42571" /><E128/><V131/><F131/><W11/><G76/><T14/><D70/><U61/><E126/><V81/><F28/><W20/><G20/><T44/><D64/><U91/><E26/><V51/><F36/><W104/><G47/><T133/><D133/><U46/><E46/><N who="2" m="26063" /><F43/><W62/><G50/><T52/><D117/><U127/><E127/><V53/><F134/><W38/><G38/><T72/><D72/><U123/><E123/><V9/><F9/><W92/><G104/><T130/><D130/><U19/><E19/><V114/><F53/><N who="3" m="34095" /><G63/><T99/><D116/><U124/><E124/><V23/><F23/><W65/><G65/><T10/><D52/><U29/><E29/><V49/><F49/><W75/><G75/><T119/><D119/><U33/><E33/><V17/><F17/><W1/><G1/><T122/><D44/><U24/><E24/><AGARI ba="0,0" hai="8,11,16,21,24,83,85,88,92,98,102" m="34095" machi="24" ten="30,7700,0" yaku="8,1,52,1,54,2" doraHai="54" who="3" fromWho="1" sc="250,0,250,-77,250,0,250,77" />
</Scene>
<Scene>
<INIT seed="1,0,0,2,2,2" ten="250,173,250,327" oya="1" hai0="117,86,17,42,89,134,28,112,77,116,51,10,91" hai1="26,85,129,23,35,5,130,29,119,95,12,87,81" hai2="63,24,14,47,124,21,16,127,57,97,43,118,79" hai3="94,75,93,126,83,109,128,50,115,11,13,66,54"/><U111/><E119/><V56/><F79/><W125/><G115/><T107/><D107/><U106/><E106/><V135/><F118/><W60/><G109/><T104/><D104/><U32/><E95/><V78/><F78/><N who="3" m="44511" /><G128/><N who="1" m="49258" /><E111/><V133/><F97/><W80/><G80/><N who="0" m="47375" /><D134/><N who="2" m="51210" /><F24/><W82/><G82/><T131/><D131/><U113/><E113/><V4/><F57/><N who="3" m="37135" /><G54/><T132/><D132/><U40/><E40/><V44/><F44/><W55/><G50/><T84/><D112/><U36/><E36/><N who="2" m="21991" /><F4/><N who="3" m="3303" /><G55/><AGARI ba="0,0" hai="14,16,21,55,56,63,124,127" m="21991,51210" machi="55" ten="30,2000,0" yaku="20,1,54,1" doraHai="2" who="2" fromWho="3" sc="250,0,173,0,250,20,327,-20" />
</Scene>
<Scene>
<INIT seed="2,0,0,5,1,72" ten="250,173,270,307" oya="2" hai0="117,51,122,68,135,45,125,29,10,84,71,121,12" hai1="34,77,83,49,79,9,130,73,90,88,17,46,74" hai2="85,27,87,53,91,56,127,76,67,98,30,110,101" hai3="57,105,5,0,94,1,23,92,18,128,48,124,129"/><V70/><F127/><W19/><G105/><T52/><D135/><U97/><E34/><V8/><F8/><N who="3" m="2087" /><G124/><T21/><D125/><U64/><E64/><V37/><F37/><W100/><G1/><T55/><D117/><U62/><E62/><V65/><F70/><W61/><G100/><T102/><D102/><U107/><E130/><N who="3" m="50282" /><G48/><T41/><D71/><U38/><E38/><V42/><F42/><W59/><G59/><T96/><D68/><U112/><E112/><V114/><F114/><W132/><G132/><T60/><D122/><U82/><E107/><V44/><F44/><W116/><G116/><T81/><D121/><U54/><E97/><V66/><F110/><W95/><G23/><T99/><D60/><U13/><AGARI ba="0,0" hai="9,13,17,46,49,54,73,74,77,79,82,83,88,90" machi="13" ten="30,8000,1" yaku="0,1,9,1,52,2,54,1" doraHai="72" who="1" fromWho="1" sc="250,-20,173,80,270,-40,307,-20" />
</Scene>
<Scene>
<INIT seed="3,0,0,0,1,101" ten="230,253,230,287" oya="3" hai0="109,117,24,87,98,108,89,88,0,123,75,6,97" hai1="120,5,21,99,40,11,110,41,36,135,65,20,74" hai2="63,19,38,26,10,72,94,85,60,2,95,49,29" hai3="79,23,105,132,113,50,70,111,127,52,18,71,73"/><W55/><G113/><T54/><D0/><U61/><E120/><V58/><F38/><W133/><G105/><T121/><D6/><U114/><E114/><V104/><F72/><W93/><G127/><T56/><D75/><U134/><E74/><V125/><F125/><W42/><G111/><N who="0" m="42571" /><D24/><U59/><E110/><V80/><F49/><W37/><G37/><T47/><D47/><N who="1" m="23943" /><E99/><N who="0" m="37897" /><D117/><U13/><E41/><V116/><F63/><W92/><G42/><T62/><D89/><U131/><E131/><V14/><F2/><W67/><G55/><T17/><D17/><U81/><E81/><AGARI ba="0,0" hai="54,56,62,81,87,88,121,123" m="37897,42571" machi="81" ten="30,2000,0" yaku="14,1,54,1" doraHai="101" who="0" fromWho="1" sc="230,20,253,-20,230,0,287,0" />
</Scene>
<Scene>
<INIT seed="4,0,0,5,2,1" ten="250,233,230,287" oya="0" hai0="55,52,109,101,129,64,48,20,127,44,16,65,135" hai1="60,85,6,98,126,27,112,63,39,111,76,40,94" hai2="12,113,2,132,74,28,128,14,29,0,69,56,82" hai3="95,120,13,104,46,79,36,26,61,133,45,102,49"/><T62/><D129/><U87/><E111/><V106/><F69/><W75/><G104/><T131/><D135/><U19/><E39/><V58/><F106/><W84/><G75/><T21/><D127/><U99/><E40/><V43/><F74/><W80/><G36/><T30/><D131/><U18/><E126/><V107/><F107/><W124/><G124/><T35/><D35/><U88/><E112/><V57/><F128/><W125/><G125/><T7/><D101/><U53/><E6/><V70/><F70/><W31/><G133/><T86/><D20/><N who="1" m="13719" /><E19/><V51/><F132/><W17/><G120/><T50/><D30/><N who="2" m="11882" /><F82/><W32/><G61/><N who="1" m="23626" /><E53/><V97/><F97/><W96/><G49/><T15/><D86/><U23/><E23/><AGARI ba="0,0" hai="13,17,23,26,31,32,45,46,79,80,84,95,96,102" machi="23" ten="30,1000,0" yaku="7,1" doraHai="1" who="3" fromWho="1" sc="250,0,233,-10,230,0,287,10" />
</Scene>
<Scene>
<INIT seed="5,0,0,3,2,1" ten="250,223,230,297" oya="1" hai0="3,126,22,85,25,59,53,109,41,5,4,2,19" hai1="110,106,94,39,44,99,26,78,70,111,116,75,103" hai2="92,122,40,51,32,108,61,45,20,114,42,124,50" hai3="83,79,134,121,57,130,117,58,27,28,105,128,29"/><U125/><E70/><V33/><F108/><N who="1" m="41513" /><E116/><V93/><F122/><W129/><G105/><T55/><D126/><U123/><E123/><V60/><F124/><W62/><G121/><T98/><D3/><U76/><E125/><V91/><F20/><N who="3" m="15463" /><G134/><T48/><D2/><U38/><E75/><V89/><F45/><W66/><G29/><T13/><D109/><U15/><E26/><V12/><F12/><W63/><G117/><T16/><D41/><N who="1" m="22583" /><E39/><V10/><F10/><W37/><G37/><T46/><D98/><N who="1" m="61815" /><E15/><V102/><F102/><AGARI ba="0,0" hai="76,78,94,99,102" m="61815,22583,41513" machi="102" ten="30,1500,0" yaku="10,1" doraHai="1" who="1" fromWho="2" sc="250,0,223,15,230,-15,297,0" />
</Scene>
<Scene>
<INIT seed="5,1,0,0,2,59" ten="250,238,215,297" oya="1" hai0="128,5,15,18,119,92,125,56,99,73,76,22,31" hai1="116,46,114,86,112,118,107,45,94,13,84,90,27" hai2="95,89,122,129,38,8,98,24,36,101,63,117,61" hai3="113,67,106,33,35,57,19,83,29,54,32,135,96"/><U30/><E107/><V109/><F117/><N who="1" m="45161" /><E13/><V80/><F122/><W111/><G67/><T131/><D119/><U104/><E84/><N who="2" m="50311" /><F38/><W2/><G2/><T37/><D37/><U14/><E14/><V10/><F36/><W49/><G29/><T4/><D73/><U11/><E11/><N who="2" m="4139" /><F109/><W0/><G111/><T62/><D76/><U121/><E104/><V110/><F110/><W51/><G0/><T85/><D85/><U97/><E86/><V44/><F129/><N who="0" m="49738" /><D31/><U126/><E126/><V100/><F100/><W115/><G83/><T70/><D70/><U91/><E91/><V133/><F133/><W53/><G135/><T43/><D43/><U23/><E121/><V77/><F77/><W28/><G28/><T79/><D79/><U103/><E103/><V40/><F40/><W134/><G134/><T9/><D9/><U69/><E69/><V132/><F132/><W82/><G82/><T1/><D1/><U81/><E81/><V124/><F124/><W68/><G68/><T123/><D123/><U120/><E120/><V48/><F24/><W87/><G87/><T102/><D125/><U55/><E114/><V6/><F6/><W50/><G19/><T64/><AGARI ba="1,0" hai="4,5,15,18,22,56,62,64,92,99,102" m="49738" machi="64" ten="30,2000,0" yaku="19,1,52,1" doraHai="59" who="0" fromWho="0" sc="250,23,238,-11,215,-6,297,-6" />
</Scene>
<Scene>
<INIT seed="6,0,0,3,1,76" ten="273,227,209,291" oya="2" hai0="94,112,49,60,85,130,39,45,111,64,33,115,104" hai1="17,114,74,8,71,89,91,26,3,75,23,34,135" hai2="56,134,82,54,46,7,63,117,92,9,109,52,12" hai3="25,123,36,101,124,38,107,47,93,48,22,24,2"/><V116/><F109/><W105/><G123/><T35/><D111/><U95/><E71/><V51/><F134/><W58/><G2/><T73/><D73/><U68/><E68/><V131/><F131/><W119/><G119/><T122/><D104/><U61/><E61/><V87/><REACH who="2" step="1"/><F92/><REACH who="2" ten="273,227,199,291" step="2"/><W99/><G93/><T102/><D94/><U121/><E135/><V37/><F37/><W20/><G38/><T128/><D39/><U14/><E121/><V90/><AGARI ba="0,1" hai="7,9,12,46,51,52,54,56,63,82,87,90,116,117" machi="90" ten="20,12000,1" yaku="1,1,0,1,7,1,52,1,54,1,53,0" doraHai="76" doraHaiUra="66" who="2" fromWho="2" sc="273,-40,227,-40,199,130,291,-40" owari="233,-17.0,187,-31.0,329,43.0,251,5.0" />
</Scene>
</mjloggm>