<mjloggm ver="2.3"><GO type="169" lobby="0"/><UN n0="%E3%83%8A%E3%82%AC%E3%83%A4%E3%83%9E" n1="%E5%A4%AA%E3%81%8F%E3%81%AA%E3%81%84%E3%81%8A" n2="%E5%A3%B2%E3%82%89%E3%82%8C%E3%81%9F%E8%8A%B1%E5%AB%81" n3="%E3%81%B5%E3%81%86%E3%81%8C%E2%99%AA" dan="16,17,16,16" rate="2075.99,2131.73,2165.99,2109.65" sx="M,M,F,M"/><TAIKYOKU oya="0"/>

<Scene>
<INIT seed="0,0,0,3,3,25" ten="250,250,250,250" oya="0" hai0="54,17,8,65,68,69,26,109,18,105,1,103,90" hai1="100,64,74,48,15,61,72,111,0,57,118,56,9" hai2="131,89,71,58,12,59,46,93,95,86,83,122,134" hai3="91,11,78,119,82,60,130,3,135,31,63,13,98"/><T99/><D109/><U23/><E111/><V35/><F122/><W4/><G119/><T24/><D54/><U115/><E118/><V38/><F71/><W44/><G130/><T62/><D68/><U102/><E0/><V6/><F131/><W42/><G135/><T84/><D1/><U96/><E115/><V128/><F128/><W39/><G13/><T70/><D70/><U112/><E112/><V124/><F134/><W108/><G108/><T125/><D125/><U66/><E23/><V88/><F124/><W51/><G51/><T110/><D110/><U53/><E66/><V101/><F35/><W29/><G91/><T14/><REACH who="0" step="1"/><D18/><REACH who="0" ten="240,250,250,250" step="2"/><U94/><E100/><V73/><F101/><W87/><REACH who="3" step="1"/><G98/><REACH who="3" ten="240,250,250,240" step="2"/><T120/><D120/><U76/><REACH who="1" step="1"/><E76/><REACH who="1" ten="240,240,250,240" step="2"/><V126/><F126/><W67/><G67/><T92/><AGARI ba="0,3" hai="8,14,17,24,26,62,65,69,84,90,92,99,103,105" machi="92" ten="20,7800,0" yaku="1,1,0,1,7,1,53,1" doraHai="25" doraHaiUra="5" who="0" fromWho="0" sc="240,108,240,-26,250,-26,240,-26" />
</Scene>
<Scene>
<INIT seed="0,1,0,4,0,31" ten="348,214,224,214" oya="0" hai0="21,51,107,42,126,114,56,2,32,75,69,116,4" hai1="64,76,26,117,1,108,45,33,135,68,129,52,119" hai2="91,110,39,27,104,101,22,62,38,85,132,81,103" hai3="87,44,92,47,109,18,67,102,70,9,127,5,30"/><T37/><RYUUKYOKU type="yao9" ba="1,0" sc="348,0,214,0,224,0,214,0" hai0="2,4,21,32,37,42,51,56,69,75,107,114,116,126" />
</Scene>
<Scene>
<INIT seed="0,2,0,0,0,16" ten="348,214,224,214" oya="0" hai0="135,62,54,121,64,73,76,58,23,115,112,30,87" hai1="44,65,134,72,26,19,119,128,21,59,6,47,66" hai2="129,15,38,99,22,42,109,25,32,48,10,110,105" hai3="35,8,41,125,39,33,92,20,103,107,88,89,53"/><T94/><D121/><U5/><E119/><V11/><F38/><W2/><G125/><T28/><D135/><U86/><E72/><V0/><F32/><W80/><G107/><T7/><D7/><N who="1" m="2571" /><E128/><V100/><F0/><W60/><G103/><T123/><D123/><U31/><E134/><V49/><F129/><W96/><G2/><T12/><D73/><U106/><E106/><V69/><F69/><W52/><G8/><N who="2" m="3113" /><F15/><W67/><G39/><T104/><D104/><U36/><E36/><V116/><F42/><W132/><G41/><T34/><D34/><U56/><E19/><N who="2" m="12511" /><F116/><W114/><G114/><T63/><D112/><U102/><E102/><V68/><F68/><W83/><G132/><T17/><D115/><U82/><E59/><V18/><F18/><W108/><G108/><AGARI ba="2,0" hai="48,49,99,100,105,108,109,110" m="12511,3113" machi="108" ten="30,2000,0" yaku="14,1,52,1" doraHai="16" who="2" fromWho="3" sc="348,0,214,0,224,26,214,-26" />
</Scene>
<Scene>
<INIT seed="1,0,0,2,1,14" ten="348,214,250,188" oya="1" hai0="78,66,37,86,33,58,31,62,134,115,75,128,129" hai1="131,7,25,49,109,108,79,11,90,82,81,8,50" hai2="5,135,119,121,111,93,39,101,126,30,19,120,73" hai3="34,112,45,88,1,21,92,67,116,125,28,113,41"/><U4/><E90/><V65/><F39/><W6/><G125/><T69/><D115/><U59/><E25/><V29/><F73/><W123/><G123/><T16/><D75/><U26/><E26/><V114/><F65/><W35/><G116/><T130/><D37/><U87/><E131/><V76/><F76/><W91/><G67/><T71/><D134/><U80/><E87/><V64/><F64/><W133/><G133/><T100/><D100/><U23/><E23/><V40/><F40/><W17/><G6/><N who="1" m="2090" /><E79/><V44/><F5/><W77/><G77/><T94/><D31/><U3/><E3/><V84/><F119/><W46/><G1/><T54/><D33/><U85/><E85/><V122/><F122/><W48/><G46/><T74/><D74/><U95/><E95/><V97/><F44/><W118/><G118/><T99/><D86/><U103/><E103/><V20/><F84/><W43/><G91/><N who="0" m="55775" /><D78/><U0/><E0/><V24/><F135/><W106/><G106/><T51/><D69/><U18/><E59/><V32/><F120/><W13/><G35/><T38/><D38/><U63/><E63/><V53/><F32/><W36/><G34/><T22/><D22/><U98/><E98/><V27/><F121/><W105/><G105/><T61/><D61/><U68/><E68/><V89/><F101/><W104/><G104/><T110/><D110/><N who="1" m="42603" /><E8/><V60/><F111/><W107/><G107/><T132/><D132/><U57/><E57/><N who="2" m="34863" /><F27/><W72/><G72/><T12/><D128/><U55/><E55/><V102/><F102/><W10/><G36/><RYUUKYOKU ba="0,0" sc="348,15,214,15,250,-15,188,-15" hai0="12,16,51,54,58,62,66,71,129,130" hai1="11,18,49,50,80,81,82" />
</Scene>
<Scene>
<INIT seed="1,1,0,1,3,59" ten="363,229,235,173" oya="1" hai0="125,56,14,111,29,38,43,100,57,115,55,105,18" hai1="84,76,74,17,124,21,103,116,130,42,99,26,52" hai2="48,109,67,8,66,126,110,86,31,19,102,13,77" hai3="25,118,113,80,30,20,36,49,108,122,71,2,93"/><U98/><E116/><V4/><F126/><W35/><G113/><T60/><D115/><U73/><E42/><V70/><F31/><W65/><G122/><T10/><D111/><N who="2" m="42506" /><F102/><W34/><G108/><T1/><D125/><U46/><E124/><V54/><F70/><W128/><G128/><T78/><D78/><U51/><E130/><V91/><F77/><W87/><G36/><T107/><D1/><U28/><E98/><V106/><F4/><W58/><G2/><T119/><D119/><U63/><E28/><V121/><F106/><W23/><G35/><T53/><D29/><U62/><E84/><V117/><F117/><W37/><G37/><T50/><REACH who="0" step="1"/><D100/><REACH who="0" ten="353,229,235,173" step="2"/><U41/><E76/><V7/><F121/><W104/><G118/><T95/><D95/><U45/><E74/><V5/><F91/><W81/><G104/><T64/><D64/><U85/><E73/><V123/><F66/><W133/><G93/><T61/><D61/><U0/><E0/><V69/><F67/><W32/><G32/><T79/><D79/><U22/><E85/><V72/><F72/><W24/><G34/><T120/><D120/><U101/><E101/><V114/><F86/><W9/><G87/><T16/><D16/><N who="1" m="12583" /><E103/><V134/><F123/><W75/><G75/><T127/><D127/><U44/><E99/><V90/><F114/><W96/><G96/><T89/><D89/><U129/><E129/><V135/><F90/><W47/><G30/><T68/><D68/><U94/><E94/><V88/><F69/><W83/><G71/><T3/><D3/><U33/><E33/><RYUUKYOKU ba="1,1" sc="353,30,229,-10,235,-10,173,-10" hai0="10,14,18,38,43,50,53,55,56,57,60,105,107" />
</Scene>
<Scene>
<INIT seed="2,2,1,1,2,106" ten="383,219,225,163" oya="2" hai0="34,131,26,22,15,113,7,45,49,35,126,60,102" hai1="135,107,10,25,14,16,33,120,61,65,76,104,64" hai2="20,67,93,112,122,133,27,24,89,86,103,101,121" hai3="1,5,18,125,41,31,62,130,134,85,12,55,78"/><V52/><F112/><W19/><G41/><T59/><D113/><U37/><E37/><V50/><F133/><W44/><G130/><T105/><D131/><U36/><E36/><V11/><F67/><W51/><G134/><T80/><D126/><U84/><E135/><V58/><F11/><W66/><G31/><T96/><D80/><U40/><E40/><V90/><F27/><W63/><G125/><T111/><D111/><U108/><E108/><V57/><F57/><N who="3" m="37231" /><G1/><T98/><D98/><U81/><E65/><V42/><F42/><W128/><G62/><T99/><D99/><U68/><REACH who="1" step="1"/><E120/><REACH who="1" ten="383,209,225,163" step="2"/><V124/><F124/><W115/><G128/><T79/><D35/><U73/><E73/><V0/><F122/><W38/><G38/><T88/><D34/><U21/><E21/><V129/><F121/><W28/><G115/><T95/><D22/><U30/><AGARI ba="2,2" hai="10,14,16,25,30,33,61,64,68,76,81,84,104,107" machi="30" ten="30,7900,0" yaku="1,1,0,1,54,1,53,1" doraHai="106" doraHaiUra="4" who="1" fromWho="1" sc="383,-22,209,105,225,-41,163,-22" />
</Scene>
<Scene>
<INIT seed="3,0,0,4,4,79" ten="361,314,184,141" oya="3" hai0="88,51,114,39,67,5,62,49,117,131,46,9,116" hai1="12,134,35,16,68,41,126,48,31,109,33,89,74" hai2="21,71,23,52,92,36,105,76,107,66,6,84,28" hai3="132,57,77,115,100,130,90,125,38,27,98,113,85"/><W78/><G38/><T75/><D75/><U95/><E68/><V96/><F36/><W69/><G69/><T59/><D131/><U91/><E74/><V4/><F71/><W13/><G27/><T121/><D121/><U104/><E104/><V1/><F66/><W112/><G13/><T53/><D114/><U82/><E109/><V133/><F133/><W81/><G57/><T15/><D39/><U10/><E134/><V111/><F111/><W83/><G132/><T123/><D123/><U94/><E126/><V2/><F105/><N who="3" m="63639" /><G130/><T7/><D7/><N who="2" m="2602" /><F107/><W50/><G50/><T29/><D29/><U25/><E35/><V110/><F110/><W22/><G22/><T73/><D73/><U37/><E37/><V103/><F2/><W34/><G34/><T11/><D11/><U40/><E48/><V54/><F1/><W93/><G125/><T56/><REACH who="0" step="1"/><D88/><REACH who="0" ten="351,314,184,141" step="2"/><U120/><E89/><V108/><F108/><W63/><G63/><T122/><D122/><U124/><E120/><V119/><F28/><W19/><G19/><T118/><D118/><U3/><E124/><V58/><F119/><W99/><G115/><T86/><D86/><AGARI ba="0,1" hai="77,78,81,83,85,86,90,93,99,112,113" m="63639" machi="86" ten="30,11600,0" yaku="34,2,52,2" doraHai="79" who="3" fromWho="0" sc="351,-116,314,0,184,0,141,126" />
</Scene>
<Scene>
<INIT seed="3,1,0,2,2,47" ten="235,314,184,267" oya="3" hai0="94,103,79,62,50,86,65,61,46,119,11,76,27" hai1="33,130,30,121,4,42,28,25,40,8,88,81,59" hai2="123,96,51,21,52,12,127,31,101,131,106,0,129" hai3="58,100,13,18,83,80,74,93,49,43,36,45,87"/><W73/><G100/><T102/><D119/><U37/><E121/><V68/><F0/><W82/><G93/><T14/><D27/><U120/><E120/><V132/><F123/><W19/><G87/><T64/><D62/><U99/><E130/><N who="2" m="49675" /><F68/><W122/><G122/><T29/><D29/><U115/><E115/><V69/><F69/><W91/><G91/><T97/><D102/><U35/><E37/><V117/><F117/><W110/><G110/><T128/><D128/><U20/><E30/><V48/><F132/><W3/><G3/><T5/><D86/><N who="1" m="50255" /><E33/><V66/><F66/><N who="0" m="25706" /><D61/><U41/><E35/><V134/><F134/><W78/><G78/><T32/><D32/><U111/><E111/><V54/><F127/><W95/><G95/><T98/><D97/><U22/><E99/><V7/><F31/><W124/><G124/><T133/><D133/><U63/><E25/><V113/><F113/><W135/><G135/><T109/><D109/><U71/><E28/><V104/><F104/><W89/><G89/><T38/><D38/><U24/><E24/><V16/><F7/><W34/><G34/><T84/><D84/><U72/><E72/><V112/><F112/><W116/><G116/><T23/><D23/><U90/><E71/><V10/><F21/><W15/><G74/><T70/><D70/><U126/><E126/><V114/><F114/><W67/><G73/><T6/><D6/><U92/><E4/><V77/><F77/><W26/><G26/><T56/><D56/><U2/><E2/><V85/><F85/><W118/><G118/><T55/><AGARI ba="1,0" hai="5,11,14,46,50,55,76,79,94,98,103" m="25706" machi="55" ten="30,4000,0" yaku="5,1,8,1,52,1" doraHai="47" who="0" fromWho="0" sc="235,43,314,-11,184,-11,267,-21" />
</Scene>
<Scene>
<INIT seed="4,0,0,0,5,113" ten="278,303,173,246" oya="0" hai0="100,108,122,16,128,53,135,37,111,93,78,42,41" hai1="22,56,132,52,95,133,129,127,14,73,46,44,45" hai2="10,91,115,82,98,38,125,72,83,13,30,8,7" hai3="49,130,32,88,86,112,89,25,102,84,26,67,107"/><T87/><D122/><U96/><E73/><V33/><F38/><W36/><G36/><T118/><D128/><U68/><E68/><V55/><F115/><W0/><G112/><T17/><D135/><N who="1" m="51787" /><E129/><V75/><F125/><W57/><G130/><T126/><D126/><U35/><E35/><V94/><F72/><W101/><G0/><T20/><D118/><U92/><E127/><V5/><F75/><W4/><G4/><T27/><D53/><U104/><E22/><V39/><F39/><W50/><G67/><T70/><D70/><U81/><E81/><V97/><F30/><W3/><G3/><T51/><D37/><U117/><E14/><V120/><F33/><W34/><REACH who="3" step="1"/><G57/><REACH who="3" ten="278,303,173,236" step="2"/><T77/><D108/><U116/><E104/><AGARI ba="0,1" hai="25,26,32,34,49,50,84,86,88,89,101,102,104,107" machi="104" ten="25,8000,1" yaku="1,1,2,1,22,2,54,1,53,0" doraHai="113" doraHaiUra="69" who="3" fromWho="1" sc="278,0,303,-80,173,0,236,90" />
</Scene>
<Scene>
<INIT seed="5,0,0,1,2,54" ten="278,223,173,326" oya="1" hai0="105,59,15,103,32,110,30,51,67,94,132,92,116" hai1="46,98,82,123,109,120,3,114,130,121,73,31,91" hai2="115,43,111,90,22,17,9,36,13,26,74,50,124" hai3="38,100,21,134,102,108,83,6,122,86,5,27,97"/><U19/><E3/><V75/><F111/><W126/><G108/><T49/><D116/><U101/><E31/><V78/><F124/><W71/><G71/><T44/><D105/><U99/><E109/><V113/><F36/><W48/><G38/><T104/><D104/><N who="1" m="63543" /><E19/><V89/><F43/><W87/><G134/><T60/><D132/><U118/><E46/><V55/><F78/><W93/><G126/><T84/><D103/><U133/><E133/><V2/><F2/><W56/><G102/><T70/><D70/><U18/><E18/><N who="2" m="8495" /><F75/><W85/><G83/><T88/><D110/><U119/><E114/><N who="2" m="43531" /><F74/><W107/><G107/><T117/><D117/><N who="1" m="44555" /><E130/><V29/><F17/><N who="3" m="12719" /><G122/><N who="1" m="31234" /><U10/><DORA hai="129" /><E10/><V14/><F14/><W69/><G69/><T45/><D15/><U128/><E128/><V63/><F63/><W41/><G41/><N who="0" m="24719" /><D30/><U11/><E11/><V12/><F12/><W80/><G5/><T96/><D60/><U106/><E106/><V95/><F95/><W28/><G6/><T127/><D92/><N who="1" m="56735" /><E73/><V62/><F62/><W33/><G33/><T76/><D127/><U47/><E47/><AGARI ba="0,0" hai="22,26,29,47,50,55,89,90" m="43531,8495" machi="47" ten="30,2000,0" yaku="15,1,11,1" doraHai="54,129" who="2" fromWho="1" sc="278,0,223,-20,173,20,326,0" />
</Scene>
<Scene>
<INIT seed="6,0,0,4,0,72" ten="278,203,193,326" oya="2" hai0="57,3,35,51,22,104,83,60,103,70,32,10,34" hai1="44,110,134,82,105,61,89,78,90,120,65,126,130" hai2="76,39,46,23,96,116,33,53,94,7,38,66,40" hai3="36,63,64,75,124,73,118,29,0,58,9,109,79"/><V113/><F116/><W25/><G109/><T102/><D70/><U8/><E110/><V114/><F33/><W80/><G118/><T71/><D71/><U43/><E105/><V133/><F66/><W85/><G36/><T87/><D51/><U17/><E130/><V26/><F7/><W2/><G124/><T28/><D3/><U119/><E119/><V91/><F53/><W20/><REACH who="3" step="1"/><G0/><REACH who="3" ten="278,203,193,316" step="2"/><T16/><D35/><U62/><E126/><V4/><F133/><W13/><G13/><N who="0" m="7223" /><D34/><U5/><E134/><V81/><F39/><W50/><G50/><T100/><D32/><U77/><E120/><V132/><F132/><W49/><G49/><T27/><D104/><U135/><E135/><V41/><F41/><W45/><G45/><T111/><D111/><U47/><E43/><V11/><F40/><W37/><G37/><T30/><D30/><U67/><E44/><V121/><F46/><W84/><G84/><T55/><D103/><U131/><E47/><V18/><F38/><W101/><G101/><T99/><D99/><U74/><E131/><V14/><REACH who="2" step="1"/><F121/><REACH who="2" ten="278,203,183,316" step="2"/><W69/><G69/><T128/><D128/><U54/><E61/><V56/><F56/><W93/><G93/><T112/><D57/><U88/><E62/><V6/><F6/><AGARI ba="0,2" hai="2,6,9,20,25,29,58,63,64,73,75,79,80,85" machi="6" ten="40,2600,0" yaku="1,1,52,1,53,0" doraHai="72" doraHaiUra="129" who="3" fromWho="2" sc="278,0,203,0,183,-26,316,46" />
</Scene>
<Scene>
<INIT seed="7,0,0,2,5,93" ten="278,203,157,362" oya="3" hai0="46,115,48,96,51,104,118,43,112,38,5,63,56" hai1="23,120,102,61,67,103,1,107,74,32,65,54,129" hai2="106,80,24,10,100,123,89,60,34,99,57,108,92" hai3="77,9,28,94,20,119,12,37,25,11,75,79,49"/><W13/><G37/><T122/><D5/><U36/><E32/><V6/><F108/><W31/><G119/><T84/><D84/><U62/><E120/><V35/><F123/><W105/><G105/><T73/><D73/><U110/><E110/><V125/><F125/><W70/><G70/><T132/><D122/><U117/><E1/><V83/><F24/><W55/><G94/><T69/><D118/><U72/><E117/><V131/><F131/><W42/><G42/><T101/><D69/><U4/><E4/><V68/><F68/><W116/><G31/><T86/><D86/><U82/><E36/><V22/><F22/><W30/><G30/><T21/><D21/><U133/><E23/><V41/><F41/><W0/><G0/><T44/><D132/><U2/><E2/><V53/><F35/><W18/><G75/><T78/><D78/><U3/><E3/><V27/><F27/><W39/><G39/><T90/><D90/><U95/><E107/><V59/><F34/><W50/><G50/><T91/><D91/><U8/><E129/><V71/><F71/><W97/><G79/><T98/><D38/><U114/><E133/><V15/><REACH who="2" step="1"/><F59/><REACH who="2" ten="278,203,147,362" step="2"/><N who="3" m="33263" /><G116/><T52/><D43/><U126/><E126/><V66/><F66/><W124/><G124/><T76/><D56/><U64/><E64/><V87/><AGARI ba="0,1" hai="6,10,15,53,57,60,80,83,87,89,92,99,100,106" machi="87" ten="20,5200,0" yaku="1,1,0,1,7,1,52,1,53,0" doraHai="93" doraHaiUra="45" who="2" fromWho="2" sc="278,-13,203,-13,147,62,362,-26" owari="265,7.0,190,-31.0,209,-19.0,336,43.0" />
</Scene>
</mjloggm>