<mjloggm ver="2.3"><GO type="169" lobby="0"/><UN n0="%E9%81%8A%E8%B5%B0" n1="%E9%A3%9B%E3%81%B3%E3%82%B7%E3%83%A3%E3%83%81" n2="%CE%BC%E3%81%97%E3%82%82%E3%81%A7" n3="%E5%A4%AA%E3%81%8F%E3%81%AA%E3%81%84%E3%81%8A" dan="16,16,17,18" rate="2198.95,2071.34,2136.98,2271.43" sx="M,F,M,F"/><TAIKYOKU oya="0"/>

<Scene>
<INIT seed="0,0,0,1,3,40" ten="250,250,250,250" oya="0" hai0="113,48,112,69,51,125,49,87,97,28,18,90,99" hai1="37,122,84,105,25,9,83,16,115,7,52,89,47" hai2="72,50,131,41,62,15,132,66,92,95,11,31,57" hai3="39,29,61,94,77,73,38,88,42,30,107,24,126"/><T109/><D125/><U85/><E105/><V55/><F72/><W22/><G107/><T133/><D133/><U129/><E122/><V65/><F132/><W46/><G126/><T34/><D69/><U96/><E96/><V101/><F131/><W19/><G39/><T117/><D117/><U127/><E127/><V21/><F41/><W120/><G120/><T14/><D109/><U130/><E115/><V5/><F66/><W81/><REACH who="3" step="1"/><G61/><REACH who="3" ten="250,250,250,240" step="2"/><T17/><D113/><U106/><E106/><V123/><F123/><W64/><G64/><T82/><D112/><U135/><E130/><V12/><F101/><W104/><G104/><T27/><REACH who="0" step="1"/><D18/><REACH who="0" ten="240,250,250,240" step="2"/><U68/><E135/><V124/><F124/><W86/><AGARI ba="0,2" hai="19,22,24,29,30,38,42,46,73,77,81,86,88,94" machi="86" ten="20,8000,1" yaku="1,1,0,1,7,1,52,1,54,1,53,0" doraHai="40" doraHaiUra="100" who="3" fromWho="3" sc="240,-40,250,-20,250,-20,240,100" />
</Scene>
<Scene>
<INIT seed="1,0,0,2,0,101" ten="200,230,230,340" oya="1" hai0="76,106,82,121,31,75,65,88,33,98,43,27,72" hai1="40,59,90,115,20,42,4,57,130,7,22,62,46" hai2="49,36,1,25,92,47,134,61,132,68,83,80,123" hai3="117,10,3,114,110,105,95,102,119,94,113,8,56"/><U9/><E115/><N who="3" m="44042" /><G56/><T5/><D121/><U85/><E130/><V89/><F1/><W100/><G3/><T28/><D28/><U107/><E107/><V73/><F36/><W19/><G19/><T120/><D120/><U78/><E57/><V99/><F123/><W50/><G50/><T52/><D43/><U116/><E116/><N who="3" m="44618" /><G110/><T77/><D65/><U12/><E4/><V97/><F25/><W69/><G69/><T109/><D109/><U29/><E78/><V15/><F15/><W135/><G135/><T0/><D76/><U125/><E125/><V14/><F14/><W60/><G60/><T21/><D52/><N who="1" m="34151" /><E46/><V39/><F39/><W129/><G129/><T86/><D33/><U122/><E122/><V45/><F61/><W96/><G100/><T48/><D48/><U71/><E71/><V16/><F68/><W24/><G24/><T30/><D30/><U66/><E66/><V104/><F49/><W112/><N who="3" m="44050" /><W131/><DORA hai="108" /><G131/><T35/><D35/><U87/><E29/><V67/><F67/><W53/><G53/><T23/><D23/><N who="1" m="8747" /><E40/><V64/><F64/><W37/><G37/><T17/><D31/><U70/><E70/><V58/><F58/><W81/><G81/><N who="0" m="49231" /><D0/><U11/><E42/><V18/><F47/><W54/><G54/><T126/><D5/><U34/><E34/><V111/><F45/><W127/><G127/><T84/><D126/><U26/><E26/><V133/><F111/><W128/><G128/><T93/><D93/><AGARI ba="0,0" hai="8,10,93,94,95,96,102,105" m="44618,44050" machi="93" ten="50,12000,2" yaku="12,1,52,5" doraHai="101,108" who="3" fromWho="0" sc="200,-120,230,0,230,0,340,120" />
</Scene>
<Scene>
<INIT seed="2,0,0,4,4,16" ten="80,230,230,460" oya="2" hai0="121,122,78,77,80,93,3,120,109,111,8,131,11" hai1="37,4,38,41,132,88,14,6,114,112,25,1,51" hai2="48,71,26,15,128,127,56,21,91,133,103,124,50" hai3="108,45,33,95,19,69,68,64,90,86,65,0,24"/><V81/><F71/><W39/><G0/><T115/><D131/><U27/><E1/><V79/><F128/><W94/><G108/><T119/><D93/><U97/><E132/><V62/><F133/><W5/><G5/><T74/><D115/><U29/><E38/><V66/><F103/><W57/><G39/><T12/><D119/><U104/><E37/><V106/><F106/><W35/><G45/><T42/><D78/><U23/><E27/><V13/><F91/><W135/><G57/><T10/><D3/><U89/><E114/><V123/><F123/><W76/><G76/><T96/><D96/><U43/><E112/><V73/><F13/><W70/><G135/><T22/><REACH who="0" step="1"/><D42/><REACH who="0" ten="70,230,230,460" step="2"/><U18/><E43/><V54/><F127/><W61/><G94/><T49/><D49/><U98/><E104/><V84/><F124/><W40/><G40/><T134/><D134/><U47/><E98/><V44/><F48/><W126/><G126/><T7/><D7/><N who="1" m="2603" /><E97/><V72/><REACH who="2" step="1"/><F15/><REACH who="2" ten="70,230,220,460" step="2"/><W118/><G90/><N who="1" m="34922" /><E14/><V20/><F20/><W17/><G95/><T31/><D31/><AGARI ba="0,2" hai="18,23,25,29,31,41,47,51" m="34922,2603" machi="31" ten="30,3900,0" yaku="8,1,52,1,54,1" doraHai="16" who="1" fromWho="0" sc="70,-39,230,59,220,0,460,0" /><AGARI ba="0,0" hai="21,26,31,44,50,54,56,62,66,72,73,79,81,84" machi="31" ten="30,5800,0" yaku="1,1,7,1,52,1,53,0" doraHai="16" doraHaiUra="85" who="2" fromWho="0" sc="31,-58,289,0,220,58,460,0" owari="-27,-53.0,289,9.0,278,-12.0,460,56.0" />
</Scene>
</mjloggm>