<mjloggm ver="2.3"><GO type="169" lobby="0"/><UN n0="%E7%A2%BA%E5%A4%89%E3%81%AF%E6%AD%A3%E7%BE%A9%EF%BC%81" n1="%E5%A4%AA%E3%81%8F%E3%81%AA%E3%81%84%E3%81%8A" n2="%E7%B4%A0%E6%9C%B4%E3%81%AA%E5%91%B3%E3%82%8F%E3%81%84" n3="%EF%BC%A4%EF%BC%B2%EF%BC%AF%EF%BC%B0" dan="16,17,16,17" rate="2074.82,2161.45,2105.68,2142.92" sx="M,M,M,M"/><TAIKYOKU oya="0"/>

<Scene>
<INIT seed="0,0,0,1,2,27" ten="250,250,250,250" oya="0" hai0="51,23,29,64,37,16,120,119,83,135,59,4,0" hai1="100,19,43,5,49,86,110,77,99,8,84,69,11" hai2="72,73,103,111,87,48,128,121,35,2,124,107,47" hai3="130,34,31,58,95,44,118,105,74,79,62,53,61"/><T3/><D120/><U56/><E69/><V46/><F121/><W70/><G118/><T76/><D37/><U66/><E110/><V108/><F35/><W134/><G105/><T129/><D119/><U55/><E66/><V18/><F2/><W63/><G134/><T57/><D135/><U14/><E77/><V90/><F124/><W112/><G112/><T28/><D129/><U115/><E43/><V82/><F128/><W127/><G130/><T42/><D3/><U81/><E81/><V9/><F103/><W36/><G127/><T117/><D4/><U15/><REACH who="1" step="1"/><E115/><REACH who="1" ten="250,240,250,250" step="2"/><V50/><F108/><W122/><G122/><T60/><D117/><U91/><E91/><V78/><F111/><W109/><G70/><T89/><D89/><U39/><E39/><V45/><F78/><W12/><G79/><T1/><D42/><U131/><E131/><V25/><F82/><W75/><G109/><T21/><D83/><U24/><E24/><V38/><F25/><W98/><G36/><T97/><D76/><U54/><E54/><V30/><F90/><W114/><G53/><T13/><D64/><U92/><AGARI ba="0,1" hai="5,8,11,14,15,19,49,55,56,84,86,92,99,100" machi="92" ten="20,5200,0" yaku="1,1,0,1,7,1,8,1,53,0" doraHai="27" doraHaiUra="85" who="1" fromWho="1" sc="250,-26,240,62,250,-13,250,-13" />
</Scene>
<Scene>
<INIT seed="1,0,0,1,0,97" ten="224,302,237,237" oya="1" hai0="80,57,130,62,100,52,17,132,113,91,50,75,96" hai1="88,109,7,133,128,85,25,11,1,22,67,26,129" hai2="23,35,119,21,31,3,14,47,56,116,68,48,58" hai3="83,27,53,79,78,5,59,66,120,123,20,33,84"/><U86/><E133/><V82/><F3/><W63/><G33/><T127/><D113/><U92/><E67/><V94/><F68/><W24/><G24/><T95/><D132/><U54/><E109/><V90/><F35/><W61/><G5/><T110/><D110/><U124/><E124/><V6/><F82/><W46/><G79/><T37/><D37/><U16/><E54/><N who="2" m="29983" /><F119/><W49/><REACH who="3" step="1"/><G63/><REACH who="3" ten="224,302,237,227" step="2"/><T134/><D134/><U72/><E72/><V117/><F116/><W38/><G38/><T28/><D127/><U121/><E121/><V102/><F117/><W93/><G93/><T70/><D130/><N who="1" m="50283" /><E26/><N who="2" m="16847" /><F6/><W15/><G15/><T108/><D108/><U89/><E92/><V71/><F14/><W131/><G131/><T115/><D115/><U103/><E25/><V87/><F94/><W125/><G125/><T36/><D36/><U104/><E7/><V111/><F111/><W55/><G55/><T60/><D95/><U77/><E77/><V45/><F71/><W98/><G98/><T107/><D70/><U64/><E1/><V34/><F34/><W2/><G2/><T43/><D96/><U10/><E64/><V101/><F45/><W12/><G12/><T74/><D107/><U73/><E73/><V32/><F32/><W18/><AGARI ba="0,1" hai="18,20,27,46,49,53,59,61,66,78,83,84,120,123" machi="18" ten="20,2700,0" yaku="1,1,0,1,7,1,53,0" doraHai="97" doraHaiUra="106" who="3" fromWho="3" sc="224,-7,302,-13,237,-7,227,37" />
</Scene>
<Scene>
<INIT seed="2,0,0,2,0,73" ten="217,289,230,264" oya="2" hai0="3,106,120,117,132,31,101,123,93,68,8,126,43" hai1="5,33,44,135,84,38,69,53,23,1,124,10,88" hai2="12,113,27,25,107,35,86,42,15,54,122,20,134" hai3="91,58,30,2,49,64,24,66,59,50,81,79,76"/><V19/><F107/><W121/><G2/><T37/><D93/><U14/><E33/><V28/><F113/><W97/><G121/><T119/><D31/><U41/><E69/><V21/><F122/><N who="0" m="46634" /><D68/><U94/><E124/><V127/><F127/><W129/><G129/><T65/><D65/><N who="3" m="25193" /><G24/><T61/><D61/><U95/><E135/><V105/><F105/><W111/><G30/><T96/><D132/><U72/><E72/><V6/><F134/><W80/><G111/><T7/><D126/><U116/><E53/><V90/><F42/><W85/><G97/><T13/><D13/><U130/><E130/><V51/><F6/><W100/><G100/><T45/><AGARI ba="0,0" hai="3,7,8,37,43,45,96,101,106,117,119" m="46634" machi="45" ten="30,1100,0" yaku="23,1" doraHai="73" who="0" fromWho="0" sc="217,11,289,-3,230,-5,264,-3" />
</Scene>
<Scene>
<INIT seed="3,0,0,5,3,115" ten="228,286,225,261" oya="3" hai0="32,94,91,68,120,132,45,73,70,88,77,17,18" hai1="71,9,25,29,3,11,49,37,102,124,109,92,127" hai2="35,57,27,131,72,112,61,12,15,110,19,51,14" hai3="4,80,6,21,106,33,26,85,7,117,56,129,122"/><W96/><G122/><T75/><D120/><U2/><E37/><V69/><F112/><W66/><G33/><T38/><D32/><U54/><E71/><V90/><F110/><W128/><G106/><T89/><D132/><U0/><E109/><V105/><F72/><W1/><G96/><T41/><D94/><U67/><E67/><V39/><F39/><W20/><G1/><T87/><D87/><U101/><E11/><V40/><F105/><W78/><G66/><T22/><D18/><U55/><E9/><V5/><F69/><W13/><G56/><T119/><D119/><U134/><E134/><V44/><F131/><N who="3" m="50251" /><G13/><T100/><D100/><U28/><E92/><V53/><F5/><W52/><G52/><N who="1" m="20010" /><E49/><V48/><F90/><W43/><G43/><T98/><D98/><U50/><E50/><N who="2" m="26887" /><F35/><W116/><G21/><AGARI ba="0,0" hai="12,14,15,19,21,27,48,51,53,57,61" m="26887" machi="21" ten="30,1000,0" yaku="8,1" doraHai="115" who="2" fromWho="3" sc="228,0,286,0,225,10,261,-10" />
</Scene>
<Scene>
<INIT seed="4,0,0,0,5,46" ten="228,286,235,251" oya="0" hai0="92,19,20,99,7,10,102,77,56,53,25,30,101" hai1="85,27,37,116,105,135,24,129,43,97,3,22,47" hai2="72,12,70,0,121,109,123,87,38,98,106,95,82" hai3="36,115,26,15,54,50,130,33,78,45,39,62,71"/><T118/><D118/><U58/><E116/><V110/><F70/><W64/><G115/><T29/><D77/><U48/><E3/><V125/><F38/><W93/><G130/><T21/><D102/><U132/><E129/><V73/><F12/><W89/><G78/><T100/><D100/><N who="1" m="62607" /><E85/><V86/><F0/><W126/><G126/><T40/><D40/><U66/><E22/><V67/><F67/><W124/><G124/><T57/><D20/><U117/><E117/><V114/><F125/><W65/><G64/><T88/><D101/><U8/><E8/><V79/><F114/><W44/><G15/><N who="0" m="5599" /><D56/><U52/><E66/><V68/><F68/><W76/><G76/><T107/><D107/><U1/><E1/><V75/><F106/><W14/><G14/><T113/><D113/><U120/><E120/><N who="2" m="46155" /><F86/><W127/><G127/><T81/><D81/><U90/><E90/><AGARI ba="0,0" hai="72,73,75,79,82,87,90,95,98,109,110" m="46155" machi="90" ten="40,2600,0" yaku="34,2" doraHai="46" who="2" fromWho="1" sc="228,0,286,-26,235,26,251,0" />
</Scene>
<Scene>
<INIT seed="5,0,0,4,3,25" ten="228,260,261,251" oya="1" hai0="125,10,103,113,86,48,133,72,19,107,68,88,50" hai1="33,102,44,84,13,104,2,51,111,1,6,4,12" hai2="105,108,24,127,92,83,29,97,30,132,31,134,60" hai3="99,61,43,63,114,9,55,109,18,52,75,91,77"/><U56/><E33/><V26/><F108/><W135/><G109/><T11/><D68/><U116/><E116/><V85/><F127/><W122/><G122/><T54/><D125/><U131/><E111/><V69/><F105/><W128/><G43/><T15/><D72/><U126/><E126/><V7/><F7/><N who="1" m="2601" /><E104/><V79/><F60/><W70/><G75/><T17/><D113/><U89/><E2/><V21/><F69/><W96/><G77/><T57/><D133/><N who="2" m="51306" /><F21/><W112/><G135/><T80/><D107/><U58/><E102/><AGARI ba="0,0" hai="24,26,29,30,31,79,83,85,92,97,102" m="51306" machi="102" ten="30,7700,0" yaku="20,1,52,3" doraHai="25" who="2" fromWho="1" sc="228,0,260,-77,261,77,251,0" />
</Scene>
<Scene>
<INIT seed="6,0,0,0,4,117" ten="228,183,338,251" oya="2" hai0="45,21,7,119,43,26,87,32,6,70,27,36,73" hai1="98,131,22,41,104,76,31,79,93,130,127,56,5" hai2="51,0,88,128,2,39,122,108,110,16,42,58,14" hai3="125,49,120,9,114,68,57,67,135,25,121,81,102"/><V90/><F39/><W10/><G102/><T116/><D73/><U83/><E5/><V50/><F128/><N who="1" m="49193" /><E41/><V118/><F118/><N who="0" m="45098" /><D70/><U52/><E104/><V63/><F122/><W92/><G49/><N who="2" m="18441" /><F42/><W55/><G92/><T78/><D32/><U112/><E112/><V134/><F134/><W100/><G55/><T61/><D61/><N who="1" m="35975" /><E127/><V47/><F47/><W19/><G125/><T15/><D15/><U105/><E105/><V71/><F71/><W54/><G68/><T65/><D65/><U35/><E35/><V69/><F69/><W38/><G67/><T72/><D72/><U12/><E83/><V84/><F2/><W33/><G81/><N who="0" m="47543" /><D27/><N who="1" m="16887" /><E12/><V97/><F0/><W4/><G33/><T74/><D74/><U60/><E60/><V77/><F63/><W18/><G25/><T99/><D6/><U115/><E115/><V80/><F14/><W94/><G114/><T28/><D7/><U59/><E59/><V1/><F58/><W75/><G57/><T124/><D124/><U85/><E85/><V48/><F1/><W129/><G75/><T101/><D99/><U66/><E66/><V91/><F97/><W40/><G4/><T20/><D21/><U103/><AGARI ba="0,0" hai="76,79,93,98,103" m="16887,35975,49193" machi="103" ten="30,2000,0" yaku="19,1,54,1" doraHai="117" who="1" fromWho="1" sc="228,-5,183,20,338,-10,251,-5" />
</Scene>
<Scene>
<INIT seed="7,0,0,4,5,74" ten="223,203,328,246" oya="3" hai0="31,66,107,29,91,117,20,126,128,50,123,7,9" hai1="36,23,33,88,80,60,129,12,6,47,109,101,103" hai2="127,25,102,18,24,8,93,124,40,4,13,131,97" hai3="113,135,61,11,78,89,114,62,67,58,53,86,98"/><W57/><G135/><T56/><D123/><U35/><E109/><V104/><F131/><W19/><G98/><T73/><D117/><U116/><E129/><V106/><F40/><W26/><G78/><T68/><D68/><U64/><E116/><V77/><F77/><W134/><G134/><T27/><D73/><U82/><E35/><V121/><F121/><W0/><G0/><T110/><D110/><U21/><E33/><V94/><F104/><W37/><G37/><T15/><D128/><U34/><E34/><V99/><F106/><W132/><G132/><T85/><D107/><U100/><E36/><V44/><F44/><W81/><G26/><T5/><D126/><N who="2" m="48170" /><F4/><W84/><G84/><T133/><D7/><U92/><E47/><V43/><F43/><W63/><G62/><N who="0" m="38215" /><D50/><U65/><E6/><V108/><F108/><W76/><G63/><T14/><D14/><U79/><E12/><V3/><F3/><W119/><G61/><T30/><D133/><U38/><E38/><V16/><F18/><W52/><G19/><T54/><D54/><U46/><E46/><V2/><F2/><W48/><G53/><T112/><D112/><U28/><E28/><V125/><F125/><W90/><G119/><T10/><D10/><U122/><E122/><V55/><F55/><W83/><G11/><T32/><D32/><U51/><E51/><V22/><F8/><W41/><G113/><T39/><D39/><U42/><E42/><V105/><F105/><W59/><G114/><T87/><D87/><N who="1" m="52255" /><E60/><V115/><F115/><W96/><G41/><T95/><AGARI ba="0,0" hai="5,9,15,20,27,29,30,31,85,91,95" m="38215" machi="95" ten="30,2000,0" yaku="5,1,8,1" doraHai="74" who="0" fromWho="0" sc="223,20,203,-5,328,-5,246,-10" owari="243,4.0,198,-30.0,323,42.0,236,-16.0" />
</Scene>
</mjloggm>