<mjloggm ver="2.3"><GO type="169" lobby="0"/><UN n0="%65%72%61%6E%76%69%74%61" n1="%E5%A4%AA%E3%81%8F%E3%81%AA%E3%81%84%E3%81%8A" n2="%73%68%61%6F" n3="%74%6F%6D%75%74%6F%6D%69" dan="17,17,18,16" rate="2120.10,2192.07,2176.59,2083.13" sx="M,M,M,M"/><TAIKYOKU oya="0"/>

<Scene>
<INIT seed="0,0,0,5,5,77" ten="250,250,250,250" oya="0" hai0="22,42,113,6,32,61,92,100,119,109,45,66,24" hai1="132,54,99,13,87,69,62,0,36,26,65,48,118" hai2="126,4,38,95,74,70,67,35,23,88,122,91,111" hai3="21,135,49,20,131,120,97,83,106,128,127,121,110"/><T59/><D32/><U116/><E0/><V3/><F35/><W27/><G49/><T129/><D119/><U79/><E132/><V5/><F122/><W98/><G135/><T96/><D113/><U2/><E2/><V112/><F112/><W108/><G27/><T14/><D129/><N who="3" m="49737" /><G106/><T25/><D109/><N who="3" m="42089" /><G127/><T55/><D55/><U34/><E36/><V44/><F38/><W10/><G10/><T46/><D46/><U73/><E26/><V101/><F44/><W125/><G125/><T37/><REACH who="0" step="1"/><D22/><REACH who="0" ten="240,250,250,250" step="2"/><N who="3" m="8809" /><G83/><T39/><D39/><U41/><E34/><V31/><F111/><W50/><G50/><T40/><D40/><U85/><E41/><V130/><F130/><W7/><G7/><T93/><D93/><U30/><E48/><V12/><F95/><W107/><G107/><T114/><D114/><U8/><E118/><V11/><F4/><W53/><G53/><T1/><D1/><U16/><E54/><V78/><F3/><W84/><G84/><T63/><D63/><U90/><E116/><V123/><F5/><W117/><G117/><T75/><D75/><U81/><E73/><V72/><F74/><W33/><G33/><T29/><D29/><U58/><E30/><V89/><F31/><W71/><G71/><T80/><D80/><N who="1" m="49447" /><E69/><V102/><F70/><W76/><G76/><T15/><D15/><U17/><E17/><V94/><F72/><W104/><G104/><T105/><D105/><U52/><E52/><V86/><F12/><W68/><G68/><T43/><D43/><U133/><E133/><V64/><F126/><W134/><G134/><RYUUKYOKU ba="0,1" sc="240,10,250,10,250,-30,250,10" hai0="6,14,24,25,37,42,45,59,61,66,92,96,100" hai1="8,13,16,58,62,65,79,81,87,99" hai3="97,98,120,121" />
</Scene>
<Scene>
<INIT seed="0,1,1,1,0,121" ten="250,260,220,260" oya="0" hai0="2,62,45,66,102,25,29,123,99,64,0,126,97" hai1="94,71,93,10,101,13,72,124,117,55,38,41,95" hai2="106,104,103,70,22,92,75,46,53,5,78,58,100" hai3="31,65,125,68,33,107,108,7,1,36,26,98,50"/><T109/><D123/><U132/><E117/><V67/><F5/><W59/><G59/><T32/><D126/><U84/><E72/><V54/><F70/><W20/><G50/><T77/><D77/><U81/><E71/><V42/><F67/><W40/><G20/><T6/><D6/><U15/><E124/><V37/><F53/><W110/><G125/><T115/><D115/><U128/><E128/><V24/><F78/><W89/><G89/><T69/><D66/><U129/><E129/><V27/><F75/><W90/><G90/><T131/><D131/><U18/><E132/><V105/><F92/><W85/><G85/><T14/><D14/><U79/><E38/><V56/><F56/><W120/><G120/><T118/><D118/><U130/><E41/><V16/><REACH who="2" step="1"/><F27/><REACH who="2" ten="250,260,210,260" step="2"/><W3/><G7/><T9/><D45/><U47/><E130/><V43/><F43/><W60/><G40/><T113/><D113/><U34/><E55/><V134/><F134/><W91/><G91/><T8/><D8/><U30/><E47/><V57/><F57/><W23/><G36/><T86/><D9/><U111/><E10/><V122/><F122/><W49/><G49/><AGARI ba="1,2" hai="16,22,24,37,42,46,49,54,58,100,103,104,105,106" machi="49" ten="40,2600,0" yaku="1,1,54,1,53,0" doraHai="121" doraHaiUra="28" who="2" fromWho="3" sc="250,0,260,0,210,49,260,-29" />
</Scene>
<Scene>
<INIT seed="1,0,0,2,2,100" ten="250,260,259,231" oya="1" hai0="123,116,22,124,82,93,132,38,9,114,79,125,118" hai1="50,59,31,44,58,10,46,128,119,84,24,111,120" hai2="102,8,105,30,6,19,61,109,16,115,49,75,72" hai3="133,0,126,130,117,71,74,131,26,37,40,98,66"/><U88/><E119/><N who="0" m="45609" /><D38/><U87/><E120/><V83/><F115/><W54/><G26/><T107/><D22/><U127/><E127/><N who="0" m="48713" /><D9/><U101/><E128/><V13/><F30/><W15/><G98/><T48/><D48/><U89/><E101/><V85/><F49/><W86/><G86/><N who="0" m="48479" /><D114/><U112/><E112/><V2/><F19/><W94/><G15/><T67/><D67/><U70/><E10/><V73/><F61/><W68/><G126/><T135/><D123/><U110/><E50/><V122/><F122/><W64/><G0/><T129/><D129/><U90/><E70/><V21/><F2/><W43/><G117/><T34/><D34/><U95/><E24/><V7/><F8/><W55/><G37/><T42/><D42/><U103/><E31/><V41/><F41/><W18/><G18/><T69/><D69/><U4/><E4/><V28/><F28/><W81/><G71/><T99/><D107/><U76/><E44/><V96/><REACH who="2" step="1"/><F109/><REACH who="2" ten="250,260,249,231" step="2"/><W65/><G43/><T14/><D14/><U60/><E60/><V80/><F80/><W121/><G81/><T17/><D17/><U56/><E111/><V77/><AGARI ba="0,1" hai="6,7,13,16,21,72,73,75,77,83,85,96,102,105" machi="77" ten="30,7900,0" yaku="1,1,0,1,52,1,54,1,53,0" doraHai="100" doraHaiUra="23" who="2" fromWho="2" sc="250,-20,260,-39,249,89,231,-20" />
</Scene>
<Scene>
<INIT seed="2,0,0,2,3,55" ten="230,221,338,211" oya="2" hai0="22,99,67,131,33,128,47,98,41,21,72,104,9" hai1="88,66,30,135,108,27,109,17,80,90,86,115,24" hai2="8,77,52,2,118,39,106,113,71,112,63,51,68" hai3="122,121,43,57,10,58,125,42,92,87,7,64,119"/><V114/><F106/><W59/><G119/><T61/><D72/><U76/><E115/><V0/><F118/><W40/><G64/><T79/><D79/><U54/><E66/><V28/><F39/><W29/><G29/><T16/><D33/><U102/><E135/><V36/><F36/><W34/><G34/><T12/><D99/><U120/><E120/><V49/><F28/><W85/><G125/><T26/><D98/><U91/><E102/><V94/><F77/><W83/><G92/><T129/><D104/><U123/><E123/><V5/><F2/><W45/><G45/><T82/><D82/><U93/><E17/><V84/><F49/><W130/><G130/><T100/><D100/><U46/><E93/><V73/><F73/><W111/><G87/><T62/><D67/><U38/><E54/><V6/><F6/><W37/><G111/><N who="1" m="42570" /><E30/><V44/><REACH who="2" step="1"/><F63/><REACH who="2" ten="230,221,328,211" step="2"/><W132/><G37/><N who="0" m="21935" /><D22/><U75/><E75/><V116/><F116/><W69/><G132/><T60/><D61/><U32/><E32/><V103/><F103/><W56/><N who="3" m="14848" /><DORA hai="65" /><W18/><G18/><AGARI ba="0,1" hai="9,12,16,18,21,26,60,62,128,129,131" m="21935" machi="18" ten="30,2000,0" yaku="19,1,54,1" doraHai="55,65" who="0" fromWho="3" sc="230,30,221,0,328,0,211,-20" />
</Scene>
<Scene>
<INIT seed="3,0,0,5,5,44" ten="260,221,328,191" oya="3" hai0="79,135,133,64,54,72,43,39,104,132,84,34,16" hai1="41,134,27,92,124,46,60,117,9,131,98,20,128" hai2="96,123,66,23,2,63,78,24,81,86,125,1,93" hai3="25,71,51,88,40,76,32,126,99,94,5,50,0"/><W73/><G71/><T35/><D104/><U4/><E117/><V80/><F80/><W90/><G40/><T118/><D118/><U28/><E124/><V26/><F125/><W77/><G126/><T95/><D72/><U14/><E60/><V30/><F26/><W113/><G113/><T56/><D64/><U101/><REACH who="1" step="1"/><E134/><REACH who="1" ten="260,211,328,191" step="2"/><V110/><F123/><W21/><G73/><T61/><D135/><U102/><E102/><V103/><F110/><W11/><G32/><T120/><D35/><U58/><E58/><AGARI ba="0,1" hai="1,2,23,24,30,58,63,66,78,81,86,93,96,103" machi="58" ten="30,3900,0" yaku="7,1,25,2" doraHai="44" who="2" fromWho="1" sc="260,0,211,-39,328,49,191,0" />
</Scene>
<Scene>
<INIT seed="4,0,0,3,3,90" ten="260,172,377,191" oya="0" hai0="38,104,24,85,81,108,27,61,83,121,31,106,91" hai1="126,59,16,109,73,122,94,18,60,100,77,44,72" hai2="21,118,111,79,48,86,89,28,84,22,51,68,103" hai3="13,78,96,82,47,32,57,120,135,19,130,76,34"/><T62/><D121/><U131/><E122/><V132/><F68/><W64/><G120/><T4/><D108/><U8/><E109/><V80/><F111/><W46/><G130/><T26/><D38/><U55/><E131/><V2/><F2/><W88/><G135/><T70/><D31/><U117/><E117/><V75/><F132/><W0/><G0/><T69/><D4/><U87/><E126/><V93/><F118/><W36/><G36/><T98/><D98/><N who="1" m="59479" /><E73/><V25/><F103/><W65/><G34/><T50/><D50/><N who="1" m="29127" /><E72/><V124/><F124/><W37/><G37/><T14/><D14/><U39/><E8/><V112/><F112/><W9/><G32/><T29/><D29/><U92/><E39/><V40/><F40/><W11/><G11/><T116/><D116/><U133/><E133/><V95/><F22/><W97/><G47/><T123/><D123/><U20/><E20/><V134/><F134/><W99/><G46/><T49/><D49/><N who="2" m="19018" /><F75/><W52/><G64/><T1/><D1/><U17/><E77/><V58/><F58/><W115/><G65/><T15/><D15/><U102/><E102/><V6/><F6/><W33/><G33/><T125/><D125/><U30/><E30/><V74/><F74/><W7/><G7/><T10/><D10/><U12/><E12/><V63/><F63/><N who="0" m="24074" /><D106/><U67/><E18/><V101/><F101/><W23/><G9/><T53/><D104/><U45/><E45/><V43/><F43/><W128/><G128/><T35/><D35/><U56/><E56/><V42/><F42/><W66/><G115/><RYUUKYOKU ba="0,0" sc="260,-15,172,15,377,15,191,-15" hai1="16,17,59,60,67,87,92" hai2="21,25,28,79,80,84,86,89,93,95" />
</Scene>
<Scene>
<INIT seed="5,1,0,4,0,58" ten="245,187,392,176" oya="1" hai0="51,126,108,3,94,97,40,135,47,21,91,18,57" hai1="70,95,113,104,114,33,112,100,16,55,32,63,118" hai2="37,61,82,133,106,117,105,46,34,76,134,29,28" hai3="5,65,130,123,10,31,9,50,122,115,52,83,110"/><U2/><E118/><V86/><F117/><W128/><G110/><T39/><D3/><U14/><E2/><V44/><F61/><W19/><G31/><N who="2" m="11849" /><F34/><W27/><G65/><T4/><D4/><U11/><E104/><N who="2" m="40043" /><F37/><W68/><G68/><T109/><D126/><U80/><E80/><V73/><F86/><W12/><G83/><T15/><D135/><AGARI ba="1,0" hai="44,46,73,76,82,133,134,135" m="40043,11849" machi="135" ten="30,1000,0" yaku="20,1" doraHai="58" who="2" fromWho="0" sc="245,-13,187,0,392,13,176,0" />
</Scene>
<Scene>
<INIT seed="6,0,0,5,2,102" ten="232,187,405,176" oya="2" hai0="106,10,71,103,69,29,125,37,118,108,133,51,19" hai1="14,121,61,6,56,93,85,65,12,74,31,97,5" hai2="17,16,9,131,22,67,33,26,63,43,112,87,54" hai3="45,53,72,34,110,62,127,111,116,21,25,70,68"/><V88/><F33/><W60/><G116/><T23/><D37/><U76/><E74/><V73/><F73/><W94/><G72/><T42/><D118/><U123/><E31/><V134/><F112/><W98/><G34/><T64/><D108/><U36/><E36/><V50/><F43/><W55/><G127/><T95/><D125/><U79/><E123/><V57/><F131/><W132/><G132/><T92/><D29/><U32/><E32/><V52/><F134/><W135/><G135/><T81/><D81/><N who="1" m="47271" /><E79/><V8/><F17/><W38/><G25/><T82/><D82/><U24/><E24/><V46/><F67/><W41/><G21/><T105/><D10/><U35/><E121/><V90/><F90/><W4/><G98/><T44/><D133/><U48/><E48/><V99/><F99/><W40/><G94/><AGARI ba="0,0" hai="8,9,16,22,26,46,50,52,54,57,63,87,88,94" machi="94" ten="30,12000,1" yaku="7,1,8,1,54,3" doraHai="102" who="2" fromWho="3" sc="232,0,187,0,405,120,176,-120" />
</Scene>
<Scene>
<INIT seed="6,1,0,0,5,9" ten="232,187,525,56" oya="2" hai0="119,31,101,62,67,86,118,105,95,63,75,80,133" hai1="35,84,134,64,0,131,85,29,19,15,32,110,83" hai2="33,82,13,3,76,30,106,24,57,99,87,49,43" hai3="127,116,132,102,65,98,74,40,77,7,121,79,36"/><V56/><F3/><W97/><G121/><T61/><D133/><U25/><E110/><V100/><F43/><W60/><G116/><T27/><D75/><U104/><E104/><V16/><F49/><W4/><G132/><T81/><D105/><U52/><E0/><V26/><F26/><W11/><G127/><T123/><D123/><U48/><E64/><V59/><F59/><W34/><G34/><T111/><D111/><U107/><E107/><V96/><F99/><W122/><G122/><T44/><D44/><U53/><E134/><V103/><F103/><W92/><G98/><N who="0" m="59615" /><D81/><U23/><E131/><V37/><F37/><W42/><G7/><T78/><D62/><U90/><E85/><V18/><F18/><W45/><G74/><T115/><D115/><U129/><E129/><V54/><F54/><W72/><G42/><T112/><D112/><U10/><E53/><V66/><F66/><W5/><G5/><T125/><D125/><U130/><E130/><V8/><AGARI ba="1,0" hai="8,13,16,24,30,33,56,57,76,82,87,96,100,106" machi="8" ten="20,7800,0" yaku="0,1,7,1,52,1,54,1" doraHai="9" who="2" fromWho="2" sc="232,-27,187,-27,525,81,56,-27" />
</Scene>
<Scene>
<INIT seed="6,2,0,5,4,98" ten="205,160,606,29" oya="2" hai0="133,36,80,71,83,30,39,126,53,16,93,105,7" hai1="107,37,12,19,22,43,47,23,4,89,102,50,111" hai2="97,24,91,81,70,129,10,125,45,25,31,76,64" hai3="134,15,8,117,99,11,131,46,20,32,58,9,57"/><V56/><F70/><W112/><G117/><T115/><D93/><U27/><E111/><V38/><F129/><W29/><G46/><T95/><D95/><U108/><E108/><V59/><F125/><W109/><G109/><T35/><D7/><U33/><E33/><V127/><F127/><W90/><G90/><T65/><D30/><U94/><E107/><V118/><F118/><W34/><G99/><T104/><D65/><U2/><E2/><V100/><F91/><W40/><G40/><T13/><D13/><U72/><E72/><V14/><F45/><W103/><G131/><T55/><D35/><U132/><E132/><V1/><F1/><W61/><G134/><T48/><D48/><U130/><E130/><V69/><F38/><W87/><G87/><T3/><D3/><U82/><E82/><V77/><F69/><W21/><G112/><T96/><D71/><U28/><E37/><V128/><F128/><W18/><G61/><T84/><D126/><U79/><E79/><V73/><F77/><W63/><G63/><T85/><D133/><U116/><E116/><V5/><F64/><W49/><G49/><T122/><D115/><U86/><E4/><V0/><F0/><W42/><G42/><T41/><D41/><U106/><E106/><N who="2" m="63759" /><F25/><N who="3" m="16551" /><G32/><T124/><D124/><U121/><E121/><V119/><F119/><W62/><G62/><T78/><D78/><U75/><E75/><V54/><F54/><W52/><G34/><T110/><D110/><U120/><E120/><V114/><F114/><W101/><G52/><T6/><D122/><U113/><E113/><RYUUKYOKU ba="2,0" sc="205,-30,160,10,606,10,29,10" hai1="12,19,22,23,27,28,43,47,50,86,89,94,102" hai2="5,10,14,24,31,56,59,73,76,81" hai3="8,9,11,15,18,21,57,58,101,103" />
</Scene>
<Scene>
<INIT seed="6,3,0,4,0,33" ten="175,170,616,39" oya="2" hai0="28,119,126,36,34,21,87,63,122,32,96,55,104" hai1="8,11,58,99,42,90,49,54,86,133,70,125,114" hai2="43,74,26,128,50,103,132,81,37,135,113,12,67" hai3="20,44,97,79,53,118,69,111,39,110,0,46,61"/><V2/><F2/><W29/><G118/><T14/><D36/><U102/><E70/><V5/><F37/><W51/><G79/><T45/><D122/><U22/><E114/><V41/><F103/><W116/><G116/><T52/><D119/><U91/><E133/><V127/><F113/><W120/><G120/><T6/><D104/><U130/><E130/><V124/><F67/><W76/><G76/><T47/><D32/><U40/><E125/><V121/><F81/><W92/><G29/><T106/><D34/><U134/><E134/><V75/><F26/><W73/><G73/><T131/><D106/><U68/><E68/><V66/><F66/><W59/><G20/><T107/><D107/><U84/><E102/><V38/><F50/><W18/><G18/><T100/><D126/><U80/><E99/><V89/><F38/><W13/><G13/><T10/><D131/><U65/><E65/><V64/><F12/><W123/><G123/><T35/><D35/><U105/><E105/><V30/><F121/><W27/><G27/><T88/><D96/><U31/><E22/><V3/><F124/><W1/><G44/><N who="0" m="16971" /><D63/><U83/><E31/><V109/><F30/><W24/><G24/><N who="0" m="16399" /><D100/><U9/><AGARI ba="3,0" hai="8,9,11,40,42,49,54,58,80,83,84,86,90,91" machi="9" ten="30,4000,0" yaku="0,1,9,1,8,1" doraHai="33" who="1" fromWho="1" sc="175,-13,170,49,616,-23,39,-13" />
</Scene>
<Scene>
<INIT seed="7,0,0,4,0,96" ten="162,219,593,26" oya="3" hai0="83,90,104,82,47,49,0,71,40,115,125,84,33" hai1="36,68,120,126,50,119,63,88,2,134,98,24,130" hai2="111,35,27,21,70,129,86,89,5,79,56,53,9" hai3="4,16,105,117,43,30,131,101,29,80,41,93,52"/><W102/><G117/><T15/><D104/><U78/><E36/><V72/><F70/><W124/><G105/><T17/><D0/><U122/><E2/><V67/><F67/><W55/><G4/><T69/><D33/><U42/><E78/><V108/><F35/><W59/><G80/><T14/><D125/><U54/><E42/><N who="3" m="15882" /><G93/><T13/><D115/><U23/><E126/><V39/><F39/><W77/><G131/><T12/><D69/><U95/><E119/><V110/><F129/><W11/><G77/><T46/><D71/><U87/><E130/><V66/><F79/><W32/><G32/><T18/><D47/><U58/><E134/><V114/><F114/><W3/><G3/><T97/><D97/><U31/><E68/><V106/><F106/><W109/><G109/><T20/><REACH who="0" step="1"/><D82/><REACH who="0" ten="152,219,593,26" step="2"/><N who="1" m="49271" /><E122/><V100/><F5/><W10/><G124/><T1/><D1/><U107/><E120/><V73/><F73/><W8/><G59/><T51/><D51/><U128/><E128/><V22/><F100/><N who="3" m="38507" /><G16/><AGARI ba="0,1" hai="12,13,14,15,16,17,18,20,40,46,49,83,84,90" machi="16" ten="40,5200,0" yaku="1,1,8,1,54,1,53,0" doraHai="96" doraHaiUra="57" who="0" fromWho="3" sc="152,62,219,0,593,0,26,-52" owari="214,-19.0,219,2.0,593,70.0,-26,-53.0" />
</Scene>
</mjloggm>