<mjloggm ver="2.3"><GO type="169" lobby="0"/><UN n0="%E5%A4%AA%E3%81%8F%E3%81%AA%E3%81%84%E3%81%8A" n1="%64%61%72%74%65%72" n2="%E3%82%82%E3%82%84%E3%81%97%E3%82%82%E3%82%93" n3="%4E%61%72%75%6B%61" dan="17,17,16,16" rate="2184.56,2237.86,2175.26,2088.33" sx="M,M,F,F"/><TAIKYOKU oya="0"/>

<Scene>
<INIT seed="0,0,0,2,2,47" ten="250,250,250,250" oya="0" hai0="106,84,86,42,50,96,0,48,85,115,32,94,36" hai1="22,7,28,117,126,26,44,97,24,60,111,79,17" hai2="118,76,73,113,20,11,107,59,63,95,16,83,41" hai3="53,80,6,75,10,78,49,15,110,133,88,4,62"/><T121/><D115/><U128/><E117/><V46/><F113/><W72/><G110/><T18/><D121/><U131/><E111/><V71/><F118/><W5/><G133/><T74/><D74/><U58/><E126/><V55/><F107/><W87/><G62/><T3/><D106/><U119/><E119/><V30/><F95/><W38/><G38/><T39/><D32/><U82/><E7/><V70/><F11/><W19/><REACH who="3" step="1"/><G78/><REACH who="3" ten="250,250,250,240" step="2"/><T34/><D39/><U51/><E131/><V103/><F103/><W109/><G109/><T2/><D34/><U27/><E128/><V12/><REACH who="2" step="1"/><F30/><REACH who="2" ten="250,250,240,240" step="2"/><W125/><G125/><T116/><D116/><U64/><E28/><V108/><F108/><W134/><G134/><T56/><D36/><AGARI ba="0,2" hai="12,16,20,36,41,46,55,59,63,70,71,73,76,83" machi="36" ten="30,3900,0" yaku="1,1,7,1,54,1,53,0" doraHai="47" doraHaiUra="135" who="2" fromWho="0" sc="250,-39,250,0,240,59,240,0" />
</Scene>
<Scene>
<INIT seed="1,0,0,4,5,18" ten="211,250,299,240" oya="1" hai0="23,114,57,67,122,73,116,40,117,54,25,22,70" hai1="36,96,112,50,84,91,129,65,102,35,74,56,107" hai2="29,119,53,101,64,49,10,92,0,120,59,26,19" hai3="20,61,8,104,11,125,16,63,30,4,124,7,81"/><U77/><E36/><V33/><F120/><W38/><G104/><T9/><D114/><U118/><E118/><V110/><F119/><W131/><G131/><T5/><D73/><U132/><E35/><V42/><F110/><W3/><G38/><T55/><D122/><U103/><E65/><V47/><F64/><W76/><G30/><T44/><D70/><U83/><E112/><V68/><F68/><W99/><G99/><T75/><D75/><U121/><E121/><V46/><F19/><W52/><G7/><T86/><D86/><U90/><E56/><V80/><F80/><W15/><G11/><T32/><D32/><U41/><E50/><V12/><F0/><W37/><G37/><T93/><D93/><U13/><E41/><V39/><F47/><W85/><REACH who="3" step="1"/><G52/><REACH who="3" ten="211,250,299,230" step="2"/><T79/><D116/><U133/><E129/><V82/><F10/><W135/><G135/><T105/><D117/><U43/><E43/><V69/><F39/><W72/><G72/><T113/><D105/><U109/><E74/><V6/><F42/><W123/><G123/><T1/><D113/><U115/><E115/><V14/><F6/><W97/><G97/><T94/><D54/><U27/><E96/><N who="2" m="59527" /><F46/><W31/><G31/><T98/><D40/><U100/><E107/><V45/><F45/><W21/><G21/><T28/><D44/><U58/><E133/><V62/><F29/><W66/><G66/><T95/><D67/><U48/><E132/><V108/><F53/><W88/><G88/><T130/><D130/><U89/><E91/><V127/><F33/><W87/><G87/><RYUUKYOKU ba="0,1" sc="211,-10,250,-10,299,-10,230,30" hai3="3,4,8,15,16,20,61,63,76,81,85,124,125" />
</Scene>
<Scene>
<INIT seed="2,1,1,3,3,27" ten="201,240,289,260" oya="2" hai0="78,52,22,4,122,61,7,14,35,135,30,66,123" hai1="84,75,12,39,56,73,115,127,129,95,131,36,64" hai2="106,93,68,89,87,34,60,107,74,16,125,69,103" hai3="71,110,67,37,51,41,130,82,5,119,94,88,90"/><V99/><F125/><W124/><G110/><T50/><D135/><U33/><E115/><V133/><F133/><W108/><G108/><T0/><D78/><U72/><E33/><V26/><F74/><W18/><G119/><T8/><D35/><U38/><E12/><V98/><F60/><W121/><G121/><T80/><D80/><U120/><E120/><V118/><F118/><W3/><G130/><N who="1" m="49674" /><E127/><V91/><F106/><W21/><G124/><T104/><D104/><U83/><E95/><V109/><F109/><W65/><G37/><T25/><D0/><U11/><E11/><V45/><F45/><W117/><G117/><T92/><D92/><U105/><E105/><V58/><F58/><W40/><G5/><T63/><D63/><N who="1" m="37991" /><E84/><V42/><F42/><W81/><G3/><T128/><D4/><U132/><E132/><V47/><F47/><N who="3" m="26087" /><G41/><T15/><D15/><U32/><E32/><V77/><F77/><AGARI ba="1,1" hai="36,38,39,72,73,75,77,83" m="37991,49674" machi="77" ten="40,1300,0" yaku="19,1" doraHai="27" who="1" fromWho="2" sc="201,0,240,26,289,-16,260,0" />
</Scene>
<Scene>
<INIT seed="3,0,0,5,5,23" ten="201,266,273,260" oya="3" hai0="42,17,12,63,47,72,122,106,38,109,81,5,52" hai1="70,43,34,94,77,117,89,29,86,3,10,53,96" hai2="4,123,91,64,15,66,121,1,68,16,126,7,120" hai3="128,119,20,131,18,92,71,21,62,130,97,79,73"/><W57/><G119/><T22/><D122/><U56/><E70/><V116/><F116/><W102/><G71/><T69/><D106/><U46/><E117/><V32/><F126/><W111/><G111/><T84/><D109/><U59/><E3/><V27/><F91/><W76/><G73/><T14/><D72/><U88/><E77/><N who="3" m="29770" /><G18/><T74/><D74/><U104/><E10/><N who="2" m="2319" /><F68/><W118/><G118/><T37/><D69/><U82/><E104/><V25/><F7/><W133/><G133/><T67/><D67/><AGARI ba="0,0" hai="20,21,57,62,67,92,97,102,128,130,131" m="29770" machi="67" ten="30,1500,0" yaku="19,1" doraHai="23" who="3" fromWho="0" sc="201,-15,266,0,273,0,260,15" />
</Scene>
<Scene>
<INIT seed="3,1,0,2,2,74" ten="186,266,273,275" oya="3" hai0="26,81,124,66,92,68,99,44,64,48,34,2,85" hai1="21,114,60,31,20,113,42,94,112,128,97,108,47" hai2="25,33,115,6,32,78,127,27,106,46,73,131,59" hai3="79,123,70,49,9,69,132,101,10,86,121,30,22"/><W103/><G132/><T98/><D2/><U125/><E108/><V13/><F115/><W50/><G22/><T72/><D72/><U38/><E125/><V8/><F127/><W91/><G91/><T96/><D124/><U0/><E0/><V82/><F131/><W76/><G86/><T35/><D92/><U83/><E128/><V126/><F126/><W75/><G75/><T104/><D104/><U40/><E40/><V80/><F106/><W102/><G102/><T87/><D68/><U29/><E60/><V130/><F130/><W15/><G15/><T37/><D37/><U3/><E3/><V1/><F46/><W134/><G134/><T118/><D118/><U5/><E5/><V122/><F122/><W110/><G30/><T12/><D26/><U129/><E129/><V57/><F1/><W100/><G100/><T53/><D85/><U56/><E31/><V116/><F116/><W62/><G62/><T90/><REACH who="0" step="1"/><D12/><REACH who="0" ten="176,266,273,275" step="2"/><U4/><E38/><V14/><F13/><W95/><G95/><T135/><D135/><U28/><E94/><V89/><F27/><W107/><G107/><T58/><D58/><U23/><E56/><V16/><F57/><W17/><G17/><T119/><D119/><U88/><E112/><V54/><F59/><W51/><G51/><T111/><D111/><AGARI ba="1,1" hai="9,10,49,50,69,70,76,79,101,103,110,111,121,123" machi="111" ten="25,9600,0" yaku="22,2,52,2" doraHai="74" who="3" fromWho="0" sc="176,-99,266,0,273,0,275,109" />
</Scene>
<Scene>
<INIT seed="3,2,0,2,1,27" ten="77,266,273,384" oya="3" hai0="49,68,124,97,95,113,25,52,133,11,33,66,4" hai1="32,127,135,86,34,131,55,15,57,115,35,100,70" hai2="96,121,93,54,42,61,69,14,0,117,1,102,48" hai3="87,89,98,58,81,20,107,80,60,10,109,114,3"/><W79/><G109/><T23/><D124/><U19/><E70/><V90/><F117/><W31/><G114/><T64/><D33/><U37/><E37/><V103/><F121/><W111/><G111/><T125/><D133/><U46/><E115/><V94/><F42/><W18/><G3/><T53/><D125/><U2/><E2/><V108/><F108/><W92/><G10/><T17/><D113/><U134/><E46/><V132/><F132/><N who="1" m="50729" /><E100/><V112/><F112/><W13/><G107/><T116/><D116/><U99/><E99/><V122/><F14/><W16/><G81/><T74/><D74/><U40/><E40/><V50/><F50/><W65/><G13/><N who="0" m="5351" /><D68/><U29/><E86/><V47/><F103/><W51/><G51/><T59/><D53/><U128/><E127/><V84/><F122/><W105/><G105/><T129/><D129/><N who="1" m="49739" /><E57/><V12/><F0/><W28/><G28/><T56/><D56/><U26/><E55/><V101/><F54/><W9/><G9/><AGARI ba="2,0" hai="9,15,19,26,29,32,34,35" m="49739,50729" machi="9" ten="30,8000,1" yaku="20,1,19,1,34,2,52,1" doraHai="27" who="1" fromWho="3" sc="77,0,266,86,273,0,384,-86" />
</Scene>
<Scene>
<INIT seed="4,0,0,1,1,81" ten="77,352,273,298" oya="0" hai0="18,58,87,8,73,129,66,112,34,126,134,40,68" hai1="35,48,77,9,96,54,130,2,110,61,29,67,21" hai2="111,10,38,51,49,56,36,60,86,64,17,125,39" hai3="4,26,114,65,46,33,5,47,115,132,117,120,45"/><T37/><D73/><U44/><E35/><V72/><F72/><W23/><G117/><T80/><D34/><U70/><E77/><V99/><F111/><W6/><G132/><T82/><D68/><U11/><E110/><V55/><F125/><W63/><G33/><T108/><D108/><U3/><E3/><V13/><F99/><W101/><G101/><T133/><D126/><U53/><E2/><V15/><F15/><W97/><G97/><T62/><D112/><N who="3" m="43049" /><G120/><T135/><D129/><U84/><E84/><V109/><F109/><W91/><G91/><N who="0" m="51687" /><D82/><U104/><E130/><V12/><F12/><W98/><G98/><T122/><D122/><U100/><E96/><V88/><REACH who="2" step="1"/><F64/><REACH who="2" ten="77,352,263,298" step="2"/><W113/><G113/><T103/><D103/><U92/><E67/><V41/><F41/><W78/><G78/><T79/><D79/><U83/><E100/><V95/><AGARI ba="0,1" hai="10,13,17,36,38,39,49,51,55,56,60,86,88,95" machi="95" ten="30,7900,0" yaku="1,1,0,1,52,1,54,1,53,0" doraHai="81" doraHaiUra="25" who="2" fromWho="2" sc="77,-39,352,-20,263,89,298,-20" />
</Scene>
<Scene>
<INIT seed="5,0,0,1,0,127" ten="38,332,352,278" oya="1" hai0="68,119,14,29,48,116,112,99,128,15,131,104,46" hai1="93,95,66,135,134,110,40,4,59,50,25,106,64" hai2="80,108,124,132,31,18,126,20,19,60,72,75,109" hai3="74,34,38,70,27,47,10,115,5,67,9,21,57"/><U30/><E106/><V11/><F132/><N who="1" m="50729" /><E4/><V113/><F113/><W120/><G115/><T13/><D112/><U96/><E110/><V61/><F11/><W114/><G114/><T111/><D111/><U69/><E69/><V0/><F80/><W117/><G120/><T54/><D68/><U107/><E107/><V35/><F20/><W36/><G74/><T129/><D29/><U58/><E40/><V91/><F31/><W55/><G34/><T16/><D16/><U121/><E121/><V133/><F91/><W24/><G70/><T3/><D3/><U37/><E37/><V71/><F133/><W63/><G117/><T33/><D33/><U82/><E82/><V2/><F71/><W88/><G5/><T23/><D23/><U87/><E87/><V97/><F35/><W65/><G21/><T1/><D1/><U92/><E96/><AGARI ba="0,0" hai="0,2,18,19,60,61,72,75,96,97,108,109,124,126" machi="96" ten="25,1600,0" yaku="22,2" doraHai="127" who="2" fromWho="1" sc="38,0,332,-16,352,16,278,0" />
</Scene>
<Scene>
<INIT seed="6,0,0,4,1,96" ten="38,316,368,278" oya="2" hai0="24,18,31,13,25,47,5,61,33,37,27,66,34" hai1="1,32,53,81,107,72,132,86,80,65,60,77,28" hai2="48,7,3,43,90,85,54,0,49,114,44,10,121" hai3="71,95,20,62,125,23,79,128,58,41,102,4,6"/><V55/><F114/><W45/><G128/><T88/><D37/><U29/><E1/><V26/><F121/><W56/><G125/><T69/><D47/><U127/><E107/><V64/><F64/><W109/><G109/><T135/><D135/><U76/><E132/><V119/><F119/><W100/><G71/><T22/><D34/><U98/><E127/><V63/><F63/><W112/><G112/><T92/><REACH who="0" step="1"/><D5/><REACH who="0" ten="28,316,368,278" step="2"/><U74/><E32/><V122/><F122/><W118/><G118/><T123/><D123/><U30/><E74/><V39/><F39/><W50/><G6/><T133/><D133/><U113/><E113/><V57/><F43/><W46/><G4/><T87/><AGARI ba="0,1" hai="13,18,22,24,25,27,31,33,61,66,69,87,88,92" machi="87" ten="20,8000,1" yaku="1,1,0,1,7,1,54,1,53,1" doraHai="96" doraHaiUra="16" who="0" fromWho="0" sc="28,90,316,-20,368,-40,278,-20" />
</Scene>
<Scene>
<INIT seed="7,0,0,3,2,112" ten="118,296,328,258" oya="3" hai0="38,59,94,122,45,117,96,93,0,31,88,75,90" hai1="114,12,72,79,35,61,17,71,82,64,3,129,73" hai2="53,95,4,26,67,126,49,20,43,110,30,116,68" hai3="113,86,99,32,56,109,65,84,103,11,1,92,74"/><W19/><G113/><T87/><D0/><U123/><E3/><V104/><F116/><W134/><G74/><T57/><D122/><U23/><E114/><V124/><F110/><W108/><G134/><T128/><D75/><U85/><E123/><V15/><F104/><W105/><G32/><T24/><D128/><U60/><E35/><V133/><F43/><W51/><G109/><T102/><D38/><U81/><E129/><V40/><F40/><W76/><G108/><T6/><D6/><U28/><E28/><V77/><F77/><W69/><G69/><T55/><D117/><U91/><E61/><N who="2" m="40047" /><F95/><W89/><G65/><T83/><D45/><U25/><E25/><V44/><F133/><W107/><G107/><T5/><D5/><U70/><E70/><V121/><F121/><W37/><G37/><T10/><D10/><U14/><E14/><V46/><F46/><W16/><G1/><T39/><D39/><U34/><E34/><V33/><F4/><W127/><G11/><T2/><D2/><U41/><E41/><V29/><F15/><W7/><G7/><T48/><D57/><U78/><E91/><V118/><F118/><W50/><G50/><T9/><D9/><U100/><E100/><V27/><F124/><W101/><G101/><T42/><D42/><U18/><E18/><N who="3" m="6698" /><G127/><T52/><D55/><U98/><E98/><V63/><F126/><W36/><G36/><T130/><D130/><U115/><E115/><V47/><F63/><W119/><G119/><T135/><D135/><U131/><E131/><V21/><F33/><W120/><G120/><RYUUKYOKU ba="0,0" sc="118,-15,296,15,328,15,258,-15" hai1="12,17,23,60,64,71,72,73,78,79,81,82,85" hai2="20,21,26,27,29,30,44,47,49,53" owari="103,-40.0,311,11.0,343,45.0,243,-16.0" />
</Scene>
</mjloggm>