<mjloggm ver="2.3"><GO type="169" lobby="0"/><UN n0="%E5%A4%AA%E3%81%8F%E3%81%AA%E3%81%84%E3%81%8A" n1="%E6%9C%88%E8%A9%A0%E3%81%95%E3%82%93" n2="%E2%98%85%E7%8E%89%E9%9F%BF%E2%98%85" n3="%E3%83%AD%E3%83%83%E3%83%86%E9%9B%80%E7%90%83" dan="18,16,17,16" rate="2272.50,2138.71,2174.95,2100.08" sx="F,F,F,M"/><TAIKYOKU oya="0"/>

<Scene>
<INIT seed="0,0,0,3,3,103" ten="250,250,250,250" oya="0" hai0="8,55,91,119,33,54,102,19,120,12,67,52,36" hai1="122,104,37,23,127,4,92,27,13,118,80,17,63" hai2="5,76,69,83,77,28,39,24,109,18,126,84,57" hai3="71,60,89,30,124,110,43,11,75,85,6,58,48"/><T113/><D113/><U61/><E122/><V65/><F39/><W82/><G110/><T9/><D120/><U68/><E118/><V41/><F41/><W101/><G124/><T78/><D119/><U93/><E37/><V73/><F109/><W53/><G30/><T26/><D36/><U116/><E116/><V131/><F69/><W117/><G117/><T50/><D78/><U111/><E111/><V56/><F5/><W96/><G75/><T135/><D135/><U72/><E104/><V15/><F131/><W123/><G123/><T2/><D67/><U107/><E107/><V49/><F73/><W74/><G74/><T35/><D102/><U7/><E68/><V22/><F126/><W100/><G96/><T86/><D26/><U128/><E128/><V132/><F132/><W87/><G85/><T47/><D2/><U51/><E51/><V70/><F76/><W38/><G38/><T14/><D33/><U64/><E64/><V133/><F49/><W44/><REACH who="3" step="1"/><G71/><REACH who="3" ten="250,250,250,240" step="2"/><T31/><D31/><N who="1" m="17919" /><E72/><V29/><F29/><W90/><G90/><T105/><D35/><U95/><E127/><V25/><F133/><W112/><G112/><T46/><D46/><U10/><E80/><V32/><F70/><W62/><G62/><AGARI ba="0,1" hai="4,7,10,13,17,61,62,63,92,93,95" m="17919" machi="62" ten="30,1000,0" yaku="8,1" doraHai="103" who="1" fromWho="3" sc="250,0,250,20,250,0,240,-10" />
</Scene>
<Scene>
<INIT seed="1,0,0,4,0,66" ten="250,270,250,230" oya="1" hai0="74,81,75,95,20,43,113,90,112,61,45,28,134" hai1="105,0,29,47,86,78,116,38,103,76,69,71,94" hai2="32,52,96,18,118,14,2,99,122,84,19,83,80" hai3="106,124,11,15,22,115,131,27,42,87,121,98,5"/><U48/><E116/><V126/><F2/><W36/><G115/><T31/><D134/><U73/><E38/><V119/><F122/><W25/><G121/><T7/><D7/><U54/><E0/><V64/><F32/><W67/><G131/><T120/><D120/><U41/><E29/><V4/><F64/><W17/><G124/><T56/><D113/><U129/><E129/><V92/><F126/><W133/><G133/><T91/><D112/><U13/><E78/><V82/><F119/><W72/><G72/><T16/><D75/><U1/><E1/><V97/><F118/><W40/><G36/><T130/><D130/><U127/><E41/><V128/><F128/><W110/><G110/><T35/><D35/><U58/><E47/><V57/><F4/><W88/><G67/><T59/><D74/><U6/><E127/><V44/><F44/><W10/><G10/><T102/><D102/><U26/><E26/><V108/><F108/><W123/><G123/><T51/><D81/><N who="1" m="45199" /><E13/><V93/><F84/><W89/><G27/><N who="0" m="14727" /><D90/><N who="1" m="53591" /><E6/><V33/><F33/><W62/><G62/><T21/><D21/><U107/><E107/><V23/><REACH who="2" step="1"/><F19/><REACH who="2" ten="250,270,240,230" step="2"/><W3/><G3/><T65/><D56/><U8/><E8/><V49/><AGARI ba="0,1" hai="14,18,23,49,52,57,80,82,83,92,93,96,97,99" machi="49" ten="30,12000,2" yaku="1,1,2,1,0,1,8,1,54,1,53,1" doraHai="66" doraHaiUra="55" who="2" fromWho="2" sc="250,-30,270,-60,240,130,230,-30" />
</Scene>
<Scene>
<INIT seed="2,0,0,2,3,111" ten="220,210,370,200" oya="2" hai0="11,53,52,99,102,113,98,20,31,131,39,13,109" hai1="106,91,17,83,90,128,107,73,117,75,77,121,10" hai2="47,80,0,60,92,32,35,93,129,40,46,84,18" hai3="1,132,74,4,127,110,120,67,33,26,104,61,116"/><V94/><F0/><W66/><RYUUKYOKU type="yao9" ba="0,0" sc="220,0,210,0,370,0,200,0" hai3="1,4,26,33,61,66,67,74,104,110,116,120,127,132" />
</Scene>
<Scene>
<INIT seed="2,1,0,2,2,43" ten="220,210,370,200" oya="2" hai0="70,79,72,22,21,88,102,11,122,62,50,26,0" hai1="129,119,97,94,49,31,103,15,96,56,9,71,66" hai2="69,86,113,108,61,132,51,57,74,63,128,93,91" hai3="112,1,99,23,90,89,6,45,83,107,8,80,121"/><V133/><F113/><W55/><G121/><T115/><D122/><U124/><E119/><V37/><F37/><W53/><G112/><T3/><D102/><U104/><E71/><V125/><F128/><W76/><G23/><T120/><D120/><U84/><E129/><V116/><F116/><W60/><G80/><T24/><D115/><U42/><E31/><V68/><F74/><W100/><G55/><T46/><D79/><U44/><E84/><V123/><F123/><W98/><G98/><T134/><D72/><U48/><E124/><V78/><F78/><W13/><G1/><T101/><D101/><U75/><E75/><V47/><F125/><W118/><G118/><T4/><D134/><N who="2" m="51818" /><F108/><W30/><G30/><T64/><D3/><U111/><E111/><V117/><F63/><W41/><G53/><T87/><D24/><U109/><E109/><V127/><F127/><W5/><G5/><T28/><D22/><U81/><E81/><V14/><F14/><W12/><G13/><T32/><D21/><U34/><E34/><V19/><F19/><W18/><G18/><T52/><REACH who="0" step="1"/><D87/><REACH who="0" ten="210,210,370,200" step="2"/><U73/><E73/><V17/><F117/><W58/><G76/><T77/><D77/><U10/><E103/><V39/><F86/><W131/><G100/><T135/><D135/><U65/><E15/><V36/><F91/><AGARI ba="1,1" hai="0,4,11,26,28,32,46,50,52,62,64,70,88,91" machi="91" ten="40,8000,1" yaku="1,1,52,1,54,2,53,0" doraHai="43" doraHaiUra="82" who="0" fromWho="2" sc="210,93,210,0,370,-83,200,0" />
</Scene>
<Scene>
<INIT seed="3,0,0,3,1,122" ten="303,210,287,200" oya="3" hai0="57,33,75,48,107,55,51,62,92,128,14,7,95" hai1="90,123,132,29,133,78,30,15,41,10,82,86,104" hai2="80,100,21,97,129,5,120,74,32,13,60,116,119" hai3="81,131,9,68,39,110,65,77,46,112,134,1,34"/><W6/><G112/><T27/><D107/><U12/><E123/><V37/><F32/><W3/><G134/><N who="1" m="51818" /><E104/><V114/><F120/><W36/><G131/><T45/><D75/><U31/><E41/><V69/><F114/><W24/><G1/><T76/><D76/><U50/><E50/><V18/><F129/><W64/><G110/><T85/><D128/><U25/><E25/><V73/><F37/><W38/><G46/><T113/><D85/><N who="1" m="48343" /><E10/><V135/><F74/><W102/><G102/><T111/><D7/><U121/><E121/><V11/><F73/><N who="3" m="43183" /><G64/><T115/><D48/><U89/><E89/><V44/><F135/><W126/><G126/><T117/><D51/><U42/><E42/><V88/><F44/><W91/><G91/><T52/><D45/><U108/><E108/><V23/><F116/><W84/><G84/><T2/><D111/><U22/><E22/><V70/><F119/><W8/><G9/><T26/><D117/><U130/><E130/><V99/><F23/><W72/><G72/><T63/><D115/><U53/><E53/><V103/><F88/><W125/><G125/><T127/><D2/><U109/><E109/><V56/><F103/><W79/><G79/><T106/><D57/><U19/><E19/><V96/><F100/><W49/><G49/><T94/><D127/><U16/><E16/><V4/><F21/><W105/><G105/><T59/><D63/><U28/><N who="1" m="7168" /><DORA hai="47" /><U101/><E101/><V54/><F80/><AGARI ba="0,0" hai="12,15,80,86,90" m="7168,48343,51818" machi="80" ten="40,1300,0" yaku="20,1" doraHai="122,47" who="1" fromWho="2" sc="303,0,210,13,287,-13,200,0" />
</Scene>
<Scene>
<INIT seed="4,0,0,3,5,68" ten="303,223,274,200" oya="0" hai0="134,45,4,22,81,56,133,6,60,28,74,32,8" hai1="120,67,80,102,44,5,88,39,40,10,125,63,131" hai2="15,61,48,72,31,115,52,94,84,42,129,124,114" hai3="21,57,75,14,87,135,95,53,105,19,79,64,103"/><T13/><D32/><U12/><E120/><V29/><F72/><W49/><G135/><N who="0" m="51723" /><D45/><U30/><E131/><V69/><F129/><W11/><G64/><N who="0" m="38919" /><D28/><U85/><E125/><V97/><F84/><W71/><G71/><T35/><D22/><U9/><E9/><V20/><F124/><W27/><G105/><T76/><D35/><U18/><E102/><N who="2" m="60727" /><F42/><W98/><G75/><T82/><D82/><U17/><REACH who="1" step="1"/><E30/><REACH who="1" ten="303,213,274,200" step="2"/><V54/><F31/><W132/><G132/><T1/><D6/><U47/><E47/><V122/><F29/><N who="3" m="17647" /><G79/><T104/><D104/><U65/><E65/><V92/><F122/><W38/><G38/><T128/><D128/><U111/><E111/><V127/><F127/><W25/><G25/><T3/><AGARI ba="0,1" hai="1,3,4,8,13,74,76,81" m="38919,51723" machi="3" ten="30,1500,0" yaku="20,1" doraHai="68" who="0" fromWho="0" sc="303,25,213,-5,274,-5,200,-5" />
</Scene>
<Scene>
<INIT seed="4,1,0,5,4,73" ten="328,208,269,195" oya="0" hai0="130,135,86,101,77,54,90,39,72,5,44,26,119" hai1="94,52,33,60,80,125,57,115,99,100,113,63,38" hai2="78,48,10,120,69,24,126,20,3,102,76,32,108" hai3="132,16,83,124,29,116,122,42,67,70,93,56,8"/><T134/><D119/><U43/><E33/><V19/><F120/><W103/><G116/><T45/><D130/><U13/><E125/><V34/><F108/><W97/><G124/><T104/><D5/><U107/><E43/><V112/><F126/><W59/><G122/><T123/><D123/><U18/><E38/><V127/><F69/><W12/><G132/><N who="0" m="50731" /><D39/><U66/><E80/><V128/><F127/><W31/><G42/><T96/><D26/><U61/><E107/><V0/><F128/><W51/><G83/><N who="0" m="45479" /><D54/><U84/><E84/><V17/><F112/><N who="1" m="43081" /><E66/><V35/><F102/><W15/><G15/><T36/><D36/><U23/><AGARI ba="1,0" hai="13,18,23,52,57,60,61,63,94,99,100" m="43081" machi="23" ten="30,4000,0" yaku="15,1,11,1,54,1" doraHai="73" who="1" fromWho="1" sc="328,-21,208,43,269,-11,195,-11" />
</Scene>
<Scene>
<INIT seed="5,0,0,4,0,113" ten="307,251,258,184" oya="1" hai0="124,80,21,25,1,60,31,0,47,78,98,40,66" hai1="94,72,95,65,6,64,2,67,62,76,82,122,30" hai2="70,101,117,48,123,55,131,33,119,59,89,104,71" hai3="10,20,52,106,74,27,133,93,13,37,132,129,73"/><U126/><E122/><V61/><F123/><W12/><G106/><T29/><D124/><U35/><E126/><V121/><F121/><W88/><G37/><T56/><D31/><U34/><E62/><V3/><F3/><W127/><G127/><T43/><D43/><U19/><E19/><V46/><F33/><W91/><G129/><T90/><D90/><N who="3" m="34345" /><G93/><T68/><D98/><U15/><E2/><V50/><F89/><W41/><G41/><T128/><D68/><N who="2" m="26154" /><F101/><W53/><G20/><T16/><D29/><U130/><E130/><V77/><F77/><W14/><G27/><T109/><D109/><U51/><E51/><N who="2" m="29175" /><F104/><W125/><G10/><T17/><D17/><U103/><E103/><V110/><F110/><W5/><G5/><T83/><D83/><U26/><REACH who="1" step="1"/><E35/><REACH who="1" ten="307,241,258,184" step="2"/><V32/><F32/><W69/><G125/><T85/><D128/><U36/><E36/><AGARI ba="0,1" hai="0,1,16,21,25,36,40,47,56,60,66,78,80,85" machi="36" ten="30,2000,0" yaku="7,1,54,1" doraHai="113" who="0" fromWho="1" sc="307,30,241,-20,258,0,184,0" />
</Scene>
<Scene>
<INIT seed="6,0,0,3,5,38" ten="337,221,258,184" oya="2" hai0="94,114,87,3,79,70,134,51,121,131,81,115,99" hai1="95,5,6,107,14,30,23,78,69,52,37,18,61" hai2="56,53,1,97,84,59,34,93,19,98,36,71,54" hai3="118,40,65,104,127,89,116,92,111,105,39,46,102"/><V62/><F71/><W106/><G111/><T109/><D3/><U75/><E107/><V41/><F34/><W35/><G127/><T49/><D109/><U63/><E37/><V76/><F1/><W31/><G102/><N who="0" m="60791" /><D121/><U32/><E75/><V135/><F135/><W132/><G132/><T72/><D134/><U125/><E78/><V83/><F19/><W108/><G108/><T43/><D70/><U0/><E69/><V100/><F98/><W44/><G65/><T8/><D8/><U66/><E66/><V33/><F33/><W4/><G4/><T48/><D72/><U17/><E0/><V120/><F120/><W68/><G68/><T26/><D26/><N who="1" m="16735" /><E32/><V74/><F74/><W50/><G31/><T64/><D64/><U101/><E18/><V122/><F122/><W42/><REACH who="3" step="1"/><G35/><REACH who="3" ten="337,221,258,174" step="2"/><T126/><D126/><U91/><E125/><V67/><F67/><W29/><G29/><T28/><D28/><U90/><E101/><V73/><F100/><W85/><AGARI ba="0,1" hai="39,40,42,44,46,50,85,89,92,104,105,106,116,118" machi="85" ten="30,7900,0" yaku="1,1,0,1,52,2,53,0" doraHai="38" doraHaiUra="9" who="3" fromWho="3" sc="337,-20,221,-20,258,-39,174,89" />
</Scene>
<Scene>
<INIT seed="7,0,0,3,4,115" ten="317,201,219,263" oya="3" hai0="68,95,72,52,7,77,12,8,25,1,32,20,45" hai1="93,91,56,107,65,19,0,112,80,99,5,135,11" hai2="103,98,74,134,129,88,57,123,84,2,6,27,126" hai3="53,18,9,97,3,82,67,4,46,16,92,89,105"/><W113/><G113/><T15/><D68/><U117/><E112/><V104/><F74/><W44/><G105/><T63/><D32/><U66/><E107/><V86/><F129/><W114/><G114/><T39/><D95/><U33/><E33/><V49/><F134/><W87/><G67/><T47/><D47/><U37/><E37/><V83/><F126/><W73/><G73/><T130/><D130/><U51/><E135/><V58/><F123/><W38/><G46/><T116/><D116/><U43/><E19/><V48/><F27/><W40/><REACH who="3" step="1"/><G53/><REACH who="3" ten="317,201,219,253" step="2"/><T62/><D52/><U36/><E117/><V21/><F104/><W128/><G128/><T133/><D45/><U124/><E124/><V127/><F127/><W70/><G70/><T60/><D133/><U24/><E36/><V109/><F57/><W81/><G81/><T26/><D39/><U78/><E43/><V75/><F75/><W59/><G59/><T85/><D72/><U108/><E108/><V71/><F71/><W94/><G94/><T106/><D106/><U90/><E66/><V42/><F109/><W101/><AGARI ba="0,1" hai="3,4,9,16,18,38,40,44,82,87,89,92,97,101" machi="101" ten="20,7800,0" yaku="1,1,0,1,7,1,54,1,53,0" doraHai="115" doraHaiUra="121" who="3" fromWho="3" sc="317,-26,201,-26,219,-26,253,88" owari="291,9.0,175,-32.0,193,-21.0,341,44.0" />
</Scene>
</mjloggm>