<mjloggm ver="2.3"><GO type="169" lobby="0"/><UN n0="%E6%96%B0%E4%B8%96%E7%95%8C%E3%81%AE%E7%B4%99" n1="%E3%81%A1%E3%82%83%E3%81%9D%E2%98%86" n2="%E9%AB%98%E7%94%BA%EF%BC%A0%E3%81%AA%E3%81%AE%E3%81%AF" n3="%E5%A4%AA%E3%81%8F%E3%81%AA%E3%81%84%E3%81%8A" dan="17,17,16,17" rate="2157.40,2128.75,2069.96,2165.51" sx="M,M,F,M"/><TAIKYOKU oya="0"/>

<Scene>
<INIT seed="0,0,0,3,3,69" ten="250,250,250,250" oya="0" hai0="111,2,80,47,45,107,33,34,40,17,100,13,84" hai1="6,128,42,48,129,15,49,12,76,106,105,72,55" hai2="115,104,108,98,62,10,21,89,71,93,56,65,70" hai3="103,112,50,119,63,35,118,44,73,37,0,75,3"/><T95/><D2/><U135/><E42/><V43/><F115/><W19/><G19/><T97/><D107/><U11/><E135/><V67/><F104/><W24/><G103/><T60/><D111/><U81/><E48/><V82/><F108/><W51/><G63/><T117/><D117/><U91/><E15/><V18/><F10/><W130/><G112/><T58/><D33/><U122/><E122/><V87/><F43/><W52/><G130/><N who="1" m="50282" /><E91/><V46/><F46/><AGARI ba="0,0" hai="6,11,12,46,49,55,72,76,81,105,106" m="50282" machi="46" ten="30,1000,0" yaku="19,1" doraHai="69" who="1" fromWho="2" sc="250,0,250,10,250,-10,250,0" />
</Scene>
<Scene>
<INIT seed="1,0,0,1,1,42" ten="250,260,240,250" oya="1" hai0="51,89,135,7,30,24,40,83,18,134,4,49,50" hai1="72,61,101,53,70,99,16,109,55,26,39,85,94" hai2="104,29,22,130,46,92,19,107,0,124,8,131,111" hai3="81,90,88,87,73,43,97,75,84,129,114,15,133"/><U12/><E72/><N who="3" m="27722" /><G15/><T103/><D103/><U34/><E109/><V117/><F117/><W132/><G43/><T95/><D83/><U13/><E39/><V17/><F111/><W74/><G114/><T67/><D18/><U113/><E113/><V102/><F124/><W54/><G54/><N who="1" m="20490" /><E70/><V11/><F92/><N who="3" m="56455" /><G129/><T56/><D40/><U98/><E98/><V57/><F29/><W44/><G44/><T78/><D78/><U3/><E3/><V45/><F0/><W63/><G63/><T100/><D100/><U105/><E34/><V58/><F102/><W2/><G2/><T68/><D68/><U10/><E105/><V126/><F126/><W118/><G118/><T77/><D77/><U69/><E69/><V122/><REACH who="2" step="1"/><F22/><REACH who="2" ten="250,260,230,250" step="2"/><W32/><G32/><T91/><D95/><U80/><E94/><V86/><F86/><N who="3" m="50511" /><G74/><T33/><D33/><U62/><E101/><V115/><F115/><W110/><G110/><T59/><D30/><U9/><E9/><V41/><F41/><W38/><G38/><T76/><D51/><U112/><E10/><V60/><F60/><W36/><G36/><T52/><D50/><U79/><E112/><V21/><F21/><W28/><G28/><T119/><D119/><U71/><E62/><V123/><AGARI ba="0,1" hai="8,11,17,19,45,46,57,58,104,107,122,123,130,131" machi="123" ten="25,12000,2" yaku="1,1,0,1,22,2,52,2,53,0" doraHai="42" doraHaiUra="93" who="2" fromWho="2" sc="250,-30,260,-60,230,130,250,-30" />
</Scene>
<Scene>
<INIT seed="2,0,0,0,1,64" ten="220,200,360,220" oya="2" hai0="90,40,103,83,108,127,102,0,111,35,117,20,121" hai1="67,51,52,14,70,85,135,129,77,15,112,66,17" hai2="98,68,13,123,91,113,33,12,109,10,22,60,1" hai3="55,30,120,63,96,134,53,38,110,46,34,7,99"/><V37/><F37/><W3/><G120/><T94/><D35/><U87/><E112/><V126/><F33/><W106/><G110/><N who="0" m="42027" /><D121/><U58/><E129/><V118/><F118/><W104/><G134/><T44/><D117/><U9/><E135/><V73/><F73/><W50/><G38/><N who="0" m="21527" /><D127/><U8/><E70/><V4/><F109/><W18/><G18/><T75/><D0/><U114/><E114/><V62/><F126/><W45/><G34/><T24/><D75/><U25/><E25/><V76/><F76/><W92/><G30/><N who="0" m="17671" /><D83/><N who="1" m="47343" /><E87/><AGARI ba="0,0" hai="87,90,94,102,103" m="17671,21527,42027" machi="87" ten="30,1000,0" yaku="14,1" doraHai="64" who="0" fromWho="1" sc="220,10,200,-10,360,0,220,0" />
</Scene>
<Scene>
<INIT seed="3,0,0,4,0,56" ten="230,190,360,220" oya="3" hai0="66,99,19,131,103,52,79,115,97,86,120,49,101" hai1="111,127,135,121,118,78,55,124,72,69,33,73,95" hai2="28,54,29,91,113,130,83,48,31,89,17,75,85" hai3="5,13,63,26,102,41,116,96,93,10,42,84,112"/><W67/><G112/><T128/><D120/><U3/><RYUUKYOKU type="yao9" ba="0,0" sc="230,0,190,0,360,0,220,0" hai1="3,33,55,69,72,73,78,95,111,118,121,124,127,135" />
</Scene>
<Scene>
<INIT seed="3,1,0,2,1,117" ten="230,190,360,220" oya="3" hai0="18,15,71,127,27,13,81,69,62,124,119,85,60" hai1="114,91,83,12,36,29,134,133,128,7,56,107,120" hai2="89,35,90,41,68,16,111,21,45,26,131,50,70" hai3="112,95,108,92,2,55,79,20,39,126,102,115,22"/><W9/><G39/><T31/><D119/><U17/><E107/><V51/><F111/><W43/><G43/><T1/><D1/><U100/><E100/><V4/><F131/><W98/><G79/><T40/><D40/><U64/><E36/><V11/><F35/><W58/><G126/><N who="0" m="48171" /><D62/><N who="1" m="37959" /><E128/><V49/><F70/><N who="0" m="26634" /><D18/><U54/><E29/><V110/><F110/><W30/><G108/><T32/><D60/><U72/><E7/><V86/><F68/><W88/><G2/><T52/><D52/><U24/><E54/><V96/><F96/><W3/><G3/><T66/><D66/><U118/><E17/><V116/><F116/><W38/><G38/><T46/><D46/><U101/><E118/><V74/><F74/><W94/><G30/><T23/><D32/><U97/><E134/><V103/><F103/><W75/><G75/><T33/><D33/><U104/><E72/><V76/><F76/><AGARI ba="1,0" hai="13,15,23,27,31,76,81,85" m="26634,48171" machi="76" ten="30,1000,0" yaku="18,1" doraHai="117" who="0" fromWho="2" sc="230,13,190,0,360,-13,220,0" />
</Scene>
<Scene>
<INIT seed="4,0,0,0,3,72" ten="243,190,347,220" oya="0" hai0="13,12,36,1,131,99,42,117,30,128,81,45,64" hai1="48,20,63,49,83,125,122,118,28,88,55,114,111" hai2="74,124,23,115,123,16,109,27,100,79,87,75,110" hai3="26,133,31,10,58,76,19,121,130,126,108,25,120"/><T40/><D117/><U98/><E118/><V34/><F123/><N who="3" m="47179" /><G108/><T90/><D1/><U116/><E116/><V14/><F115/><W24/><G58/><T22/><D64/><U102/><E111/><V9/><F124/><W43/><G43/><T17/><D40/><U18/><E125/><V51/><F100/><W85/><G126/><T80/><D30/><U97/><E122/><V6/><F109/><W69/><G69/><T67/><D67/><U132/><E132/><V68/><F68/><W119/><G119/><T96/><D13/><U3/><E3/><V15/><F110/><W70/><G70/><T105/><D105/><U93/><E28/><V29/><REACH who="2" step="1"/><F51/><REACH who="2" ten="243,190,337,220" step="2"/><W129/><G133/><T89/><D128/><U106/><E114/><V135/><F135/><W82/><G31/><T0/><D131/><N who="3" m="50185" /><G10/><T57/><D36/><U104/><E49/><V107/><F107/><W47/><G47/><T8/><D45/><U4/><E106/><V53/><F53/><W46/><G46/><T134/><D134/><U71/><E48/><V37/><F37/><W60/><G60/><T65/><D65/><U7/><E71/><V50/><F50/><W2/><G2/><T86/><D42/><U38/><E38/><V56/><F56/><W103/><G103/><T92/><D57/><U61/><E61/><V73/><F73/><W78/><G19/><T91/><D0/><U39/><E39/><V101/><F101/><W66/><G66/><T52/><D52/><U113/><E55/><V95/><F95/><W35/><G35/><T5/><D8/><U62/><E62/><RYUUKYOKU ba="0,1" sc="243,-15,190,-15,337,15,220,15" hai2="6,9,14,15,16,23,27,29,34,74,75,79,87" hai3="24,25,26,76,78,82,85" />
</Scene>
<Scene>
<INIT seed="5,1,1,0,4,43" ten="228,175,352,235" oya="1" hai0="98,5,37,11,127,73,51,53,10,134,81,8,46" hai1="48,104,49,116,41,33,45,67,112,109,47,122,9" hai2="59,130,23,82,79,94,69,39,2,54,131,135,32" hai3="93,40,17,20,7,99,28,64,111,100,72,74,58"/><U117/><E33/><V71/><F32/><W66/><G111/><T86/><D127/><U36/><E104/><V77/><F2/><W78/><G7/><T107/><D73/><U108/><E122/><V92/><F39/><W106/><G40/><T0/><D37/><U22/><E9/><V27/><F135/><W113/><G113/><T119/><D119/><N who="1" m="45643" /><E22/><V25/><F59/><W91/><G28/><T42/><D134/><U110/><E112/><V6/><F6/><W61/><G66/><T89/><REACH who="0" step="1"/><D42/><REACH who="0" ten="218,175,352,235" step="2"/><N who="1" m="24695" /><E67/><V90/><F130/><W56/><G56/><T62/><D62/><U102/><E102/><AGARI ba="1,2" hai="0,5,8,10,11,46,51,53,81,86,89,98,102,107" machi="102" ten="40,2600,0" yaku="1,1,52,1,53,0" doraHai="43" doraHaiUra="68" who="0" fromWho="1" sc="218,49,175,-29,352,0,235,0" />
</Scene>
<Scene>
<INIT seed="6,0,0,4,3,51" ten="267,146,352,235" oya="2" hai0="129,44,17,28,4,104,83,64,46,121,120,36,41" hai1="135,97,110,67,118,100,122,90,127,55,113,117,52" hai2="84,115,6,27,124,85,39,34,38,14,65,0,131" hai3="50,119,130,53,108,37,98,61,23,103,42,57,72"/><V75/><F75/><W107/><G108/><T1/><D104/><U35/><E110/><V71/><F14/><W68/><G119/><T40/><D129/><U87/><E35/><V19/><F19/><W134/><G130/><T123/><D17/><U2/><E2/><V20/><F20/><W126/><G134/><T81/><D28/><U96/><E135/><V10/><F115/><W89/><G126/><T80/><D64/><U21/><E113/><V58/><F124/><W125/><G72/><T102/><D102/><U24/><E127/><V31/><F131/><W13/><G125/><T8/><REACH who="0" step="1"/><D120/><REACH who="0" ten="257,146,352,235" step="2"/><U105/><E122/><V66/><F66/><W76/><G103/><T29/><D29/><U74/><E118/><V43/><F71/><W70/><G107/><T82/><N who="0" m="20480" /><DORA hai="93" /><T91/><D91/><U94/><E117/><V11/><F65/><W5/><G68/><T22/><D22/><U78/><E74/><V47/><F31/><W33/><G23/><T95/><D95/><N who="1" m="58431" /><E78/><V48/><F34/><W69/><G76/><T16/><D16/><N who="1" m="12327" /><E105/><V86/><F11/><W106/><G33/><T18/><D18/><U112/><E112/><V15/><F10/><W30/><G30/><T99/><D99/><U12/><E67/><V63/><F6/><W54/><G106/><T9/><D9/><U32/><E32/><V116/><F116/><W25/><G69/><T109/><D109/><U62/><E96/><V77/><F77/><W101/><G70/><T88/><D88/><U45/><E90/><V26/><F0/><W128/><G128/><T133/><D133/><RYUUKYOKU ba="0,1" sc="257,30,146,-10,352,-10,235,-10" hai0="1,4,8,36,40,41,44,46,121,123" />
</Scene>
<Scene>
<INIT seed="7,1,1,4,5,68" ten="287,136,342,225" oya="3" hai0="43,11,121,72,99,58,47,75,109,78,18,27,92" hai1="56,55,88,120,31,104,48,70,0,44,133,69,17" hai2="86,37,95,24,77,81,52,119,105,127,126,132,102" hai3="54,113,2,62,3,98,50,1,128,21,106,5,130"/><W8/><G113/><T4/><D121/><U131/><E104/><V38/><F119/><W118/><G118/><T115/><D109/><U87/><E131/><N who="3" m="50218" /><G62/><T80/><D115/><U76/><E133/><V93/><F132/><W13/><G106/><T111/><D58/><U60/><E120/><V66/><F66/><W90/><G98/><T82/><D111/><U85/><E0/><V14/><F24/><W135/><G90/><T16/><D27/><U40/><E31/><V103/><F14/><W108/><G108/><T23/><D23/><U49/><E17/><V84/><F105/><W114/><G114/><T63/><D75/><U97/><E97/><V73/><F73/><W46/><G135/><T134/><D80/><U22/><E22/><AGARI ba="1,1" hai="1,2,3,5,8,13,21,22,46,50,54" m="50218" machi="22" ten="40,2000,0" yaku="19,1" doraHai="68" who="3" fromWho="1" sc="287,0,136,-23,342,0,225,33" />
</Scene>
<Scene>
<INIT seed="7,2,0,1,5,50" ten="287,113,342,258" oya="3" hai0="111,21,63,27,47,104,68,61,87,130,89,36,92" hai1="94,32,124,51,106,41,3,78,54,14,11,90,100" hai2="110,49,43,101,117,10,115,34,69,38,135,0,88" hai3="91,86,76,116,19,12,13,16,95,25,81,75,127"/><W7/><G116/><T126/><D111/><U24/><E124/><V67/><F34/><W71/><G71/><T35/><D126/><U22/><E41/><V103/><F117/><W132/><G127/><T2/><D130/><U73/><E3/><V77/><F110/><W55/><G132/><T28/><D2/><U15/><E32/><V83/><F38/><W113/><G113/><T129/><D129/><U84/><E106/><V80/><F115/><W118/><G118/><T59/><D104/><U93/><E73/><V60/><F135/><W46/><G7/><T70/><D63/><U133/><E78/><V57/><F69/><W97/><G75/><T18/><D47/><U29/><E133/><V8/><F77/><W1/><G1/><T102/><D102/><N who="2" m="38922" /><F0/><W131/><G131/><T65/><REACH who="0" step="1"/><D36/><REACH who="0" ten="277,113,342,258" step="2"/><U96/><REACH who="1" step="1"/><E11/><REACH who="1" ten="277,103,342,258" step="2"/><V9/><F9/><W121/><G121/><T98/><D98/><U42/><E42/><V66/><F8/><W107/><G107/><T33/><D33/><U112/><E112/><V52/><F10/><W85/><G97/><T45/><D45/><AGARI ba="2,2" hai="14,15,22,24,29,45,51,54,84,90,93,94,96,100" machi="45" ten="30,8000,1" yaku="1,1,7,1,8,1,52,1,53,1" doraHai="50" doraHaiUra="23" who="1" fromWho="0" sc="277,-86,103,106,342,0,258,0" owari="191,-31.0,209,-19.0,342,44.0,258,6.0" />
</Scene>
</mjloggm>