<mjloggm ver="2.3"><GO type="169" lobby="0"/><UN n0="%E3%83%94%E3%82%A3%38%31%30" n1="%6A%69%6E%6B%61%69" n2="%E5%A4%AA%E3%81%8F%E3%81%AA%E3%81%84%E3%81%8A" n3="%E3%83%8B%E3%83%A3%E3%83%83%E3%83%94%E3%83%BC%E5%A4%8F%E7%9B%AE" dan="16,16,18,19" rate="2075.08,2100.31,2270.85,2247.41" sx="M,M,F,M"/><TAIKYOKU oya="0"/>

<Scene>
<INIT seed="0,0,0,3,0,87" ten="250,250,250,250" oya="0" hai0="115,81,46,29,86,76,17,74,73,8,22,34,63" hai1="69,45,38,71,116,85,43,21,51,123,42,36,4" hai2="1,106,24,127,50,103,135,134,6,102,122,58,62" hai3="68,92,125,5,10,47,41,48,114,89,54,19,60"/><T132/><D115/><U90/><E4/><V80/><F122/><W66/><G125/><T52/><D132/><U59/><E123/><V12/><F1/><W79/><G114/><T94/><D8/><U99/><E99/><V110/><F127/><W53/><G79/><T33/><D94/><U96/><E96/><V28/><F106/><W70/><G19/><T129/><D129/><U14/><E116/><V44/><F110/><W61/><G61/><T18/><D18/><N who="1" m="10455" /><E43/><V37/><F37/><W25/><G25/><T35/><D29/><U83/><E38/><V108/><F108/><W93/><G93/><T84/><D74/><U112/><E83/><V39/><F39/><W117/><G70/><T120/><D120/><U118/><E118/><V32/><F80/><W15/><REACH who="3" step="1"/><G117/><REACH who="3" ten="250,250,250,240" step="2"/><T131/><D131/><U55/><E112/><V13/><F135/><W113/><G113/><T133/><D133/><U11/><E69/><V100/><F134/><W27/><G27/><T3/><D73/><U75/><E75/><V30/><F30/><W121/><G121/><T40/><D76/><U128/><E71/><V56/><F62/><W111/><G111/><T98/><D81/><U23/><E128/><V97/><F28/><W109/><G109/><T31/><D31/><U9/><E23/><V101/><F24/><W57/><G57/><T49/><D22/><U16/><E16/><V119/><F56/><W7/><G7/><T107/><D17/><U77/><E77/><V20/><F119/><W104/><G104/><T88/><D107/><U130/><E130/><V126/><F20/><RYUUKYOKU ba="0,1" sc="250,-15,250,15,250,-15,240,15" hai1="9,11,36,42,45,51,55,59,85,90" hai3="5,10,15,41,47,48,53,54,60,66,68,89,92" />
</Scene>
<Scene>
<INIT seed="1,1,1,3,1,72" ten="235,265,235,255" oya="1" hai0="0,3,54,98,58,51,131,38,121,36,115,28,66" hai1="70,79,130,111,124,129,23,25,68,69,95,35,109" hai2="110,61,94,41,2,49,126,102,117,133,62,27,112" hai3="108,18,5,15,14,100,16,9,84,96,22,60,80"/><U37/><E37/><V107/><F107/><W116/><G108/><N who="1" m="41546" /><E35/><V12/><F2/><W91/><G116/><T24/><D131/><N who="1" m="50187" /><E124/><V104/><F104/><W71/><G71/><T114/><D121/><U57/><E95/><V48/><F12/><W20/><G60/><T59/><D98/><U87/><E57/><V10/><F94/><W83/><G83/><T21/><D38/><U39/><E39/><V40/><F126/><W63/><G63/><T30/><D36/><U11/><E11/><V43/><F10/><W50/><G50/><T33/><D66/><U26/><E23/><V123/><F110/><W118/><G118/><T89/><D59/><U97/><E97/><V128/><F117/><W127/><G127/><T46/><D58/><U93/><E93/><V52/><F128/><W82/><G82/><AGARI ba="1,1" hai="25,26,68,69,70,79,82,87" m="50187,41546" machi="82" ten="40,12000,1" yaku="14,1,10,1,19,1,52,1" doraHai="72" who="1" fromWho="3" sc="235,0,265,133,235,0,255,-123" />
</Scene>
<Scene>
<INIT seed="1,2,0,3,5,49" ten="235,398,235,132" oya="1" hai0="39,25,19,24,117,70,82,15,57,68,105,63,60" hai1="16,127,36,13,54,119,124,77,55,134,71,132,114" hai2="129,28,38,10,72,40,31,91,17,0,113,84,22" hai3="99,6,131,67,120,111,8,27,96,33,26,4,66"/><U41/><E119/><V56/><F72/><W108/><G120/><T75/><D39/><U110/><E114/><V83/><F113/><W123/><G123/><T87/><D105/><U69/><E77/><V20/><F129/><W133/><G33/><T29/><D75/><U122/><E122/><V73/><F73/><W35/><G35/><T128/><D128/><U81/><E81/><V61/><F38/><W18/><G131/><T45/><D45/><N who="1" m="23719" /><E110/><N who="3" m="42026" /><G133/><N who="1" m="51306" /><E69/><V52/><F40/><W1/><G18/><T93/><D93/><U107/><E107/><V121/><F121/><W53/><G53/><N who="1" m="19978" /><E71/><V14/><F0/><W48/><G48/><T65/><D68/><U32/><E32/><V86/><F86/><W44/><G44/><T3/><D87/><U62/><E62/><V88/><F91/><W95/><G99/><T116/><D82/><U102/><E102/><V74/><F74/><W64/><G6/><T98/><D70/><U9/><AGARI ba="2,0" hai="9,13,16,124,127" m="19978,51306,23719" machi="9" ten="30,12000,1" yaku="20,1,52,3,54,1" doraHai="49" who="1" fromWho="1" sc="235,-42,398,126,235,-42,132,-42" />
</Scene>
<Scene>
<INIT seed="1,3,0,5,3,17" ten="193,524,193,90" oya="1" hai0="12,92,104,3,127,131,111,0,134,7,32,4,38" hai1="107,85,5,93,79,60,64,114,90,105,44,120,132" hai2="46,42,34,19,96,24,8,56,54,43,25,124,37" hai3="63,9,71,95,133,57,84,82,69,6,14,30,68"/><U52/><E120/><V23/><F124/><W11/><G133/><T78/><D92/><U29/><E114/><V76/><F43/><W91/><G30/><T102/><D102/><U74/><E5/><V41/><F41/><W26/><G26/><T121/><D78/><U70/><E29/><V51/><F76/><W123/><G123/><T15/><D15/><U50/><REACH who="1" step="1"/><E132/><REACH who="1" ten="193,514,193,90" step="2"/><V86/><F34/><W106/><G106/><T27/><D7/><U36/><E36/><V45/><F37/><W53/><G11/><T81/><D4/><U58/><E58/><V88/><F56/><W48/><REACH who="3" step="1"/><G82/><AGARI ba="3,1" hai="44,50,52,60,64,70,74,79,82,85,90,93,105,107" machi="82" ten="40,3900,0" yaku="1,1,54,1,53,0" doraHai="17" doraHaiUra="20" who="1" fromWho="3" sc="193,0,514,58,193,0,90,-48" />
</Scene>
<Scene>
<INIT seed="1,4,0,2,0,80" ten="193,572,193,42" oya="1" hai0="33,105,29,54,122,46,8,31,135,128,129,70,39" hai1="53,16,15,106,48,37,78,82,110,73,100,118,111" hai2="101,92,107,43,99,60,119,109,76,6,38,94,125" hai3="28,89,26,50,5,123,21,130,134,75,86,19,108"/><U126/><E37/><V114/><F119/><W127/><G75/><T115/><D115/><U17/><E118/><V11/><F114/><W59/><G123/><T51/><D70/><U112/><E112/><V121/><F121/><W35/><G108/><N who="1" m="41514" /><E126/><V77/><F109/><W79/><G79/><T69/><D69/><U24/><E24/><V9/><F125/><W2/><G127/><T36/><D105/><U0/><E0/><V103/><F107/><W40/><G134/><T93/><D122/><U84/><E73/><V45/><F60/><W88/><G130/><N who="0" m="50283" /><D8/><N who="1" m="6247" /><E17/><V49/><F38/><N who="0" m="14378" /><D33/><U34/><E34/><V65/><F11/><W23/><G35/><T7/><D7/><U117/><E117/><V132/><F65/><W90/><G5/><T20/><D20/><U4/><E4/><V133/><F132/><W95/><G2/><T124/><D135/><U55/><E48/><V57/><F133/><W62/><G23/><T66/><D124/><U12/><E12/><V67/><F6/><W64/><REACH who="3" step="1"/><G19/><REACH who="3" ten="193,572,193,32" step="2"/><T42/><D29/><U56/><E56/><V83/><F9/><W27/><G27/><T41/><D31/><U131/><E131/><V47/><F57/><W91/><G91/><T52/><D46/><AGARI ba="4,1" hai="21,26,28,40,46,50,59,62,64,86,88,89,90,95" machi="46" ten="40,8000,1" yaku="1,1,8,1,52,1,54,1,53,0" doraHai="80" doraHaiUra="97" who="3" fromWho="0" sc="193,-92,572,0,193,0,32,102" />
</Scene>
<Scene>
<INIT seed="2,0,0,1,5,55" ten="101,572,193,134" oya="2" hai0="46,41,58,65,62,38,66,36,81,114,83,52,70" hai1="12,40,54,14,101,89,76,124,11,22,32,0,13" hai2="29,112,42,97,48,3,34,93,90,91,26,85,134" hai3="33,37,50,60,117,98,95,51,74,135,27,5,57"/><V102/><F112/><W75/><G37/><N who="0" m="14443" /><D83/><U15/><E40/><V49/><F134/><W123/><G117/><T18/><D18/><N who="1" m="10591" /><E54/><V103/><F3/><W10/><G123/><T107/><D107/><U45/><E45/><V106/><F42/><W87/><G135/><T68/><D114/><U119/><E76/><V96/><REACH who="2" step="1"/><F90/><REACH who="2" ten="101,572,183,134" step="2"/><W131/><G131/><T100/><D100/><U47/><E89/><V133/><F133/><W2/><G2/><T128/><D128/><U118/><E0/><V109/><F109/><W56/><G75/><T19/><D81/><AGARI ba="0,1" hai="26,29,34,48,49,81,85,91,93,96,97,102,103,106" machi="81" ten="30,2900,0" yaku="1,1,7,1,53,0" doraHai="55" doraHaiUra="59" who="2" fromWho="0" sc="101,-29,572,0,183,39,134,0" />
</Scene>
<Scene>
<INIT seed="2,1,0,4,1,116" ten="72,572,222,134" oya="2" hai0="132,43,33,110,95,75,13,106,26,102,73,57,45" hai1="22,101,28,118,32,100,93,36,105,114,48,97,9" hai2="96,50,6,78,60,90,0,120,121,129,74,15,27" hai3="58,87,49,89,19,82,117,70,51,111,8,130,25"/><V71/><F15/><W17/><G70/><T3/><D110/><U104/><E36/><V5/><F50/><W39/><G39/><T67/><D3/><U86/><E32/><V131/><F27/><W21/><G117/><T54/><D132/><U112/><E118/><V11/><F6/><W88/><G111/><T30/><D106/><N who="1" m="41067" /><E48/><N who="3" m="18506" /><G130/><N who="2" m="49673" /><F90/><N who="3" m="51575" /><G58/><T135/><D135/><U77/><E9/><V133/><F96/><W113/><G113/><T44/><D67/><U31/><E22/><V10/><F10/><W34/><G34/><T81/><D13/><AGARI ba="1,0" hai="8,13,17,19,21,25,88,89" m="51575,18506" machi="13" ten="30,2000,0" yaku="8,1,54,1" doraHai="116" who="3" fromWho="0" sc="72,-23,572,0,222,0,134,23" />
</Scene>
<Scene>
<INIT seed="3,0,0,3,5,86" ten="49,572,222,157" oya="3" hai0="30,59,0,32,2,101,134,108,92,102,97,91,114" hai1="11,90,82,55,58,128,36,27,19,3,71,9,119" hai2="105,44,40,121,76,35,132,45,99,16,115,93,126" hai3="15,14,46,34,103,89,63,109,7,64,116,75,51"/><W100/><G34/><T122/><D122/><U84/><E71/><V43/><F115/><W61/><G75/><T33/><D134/><U24/><E36/><V131/><F35/><W12/><G116/><T22/><D108/><U133/><E119/><V70/><F70/><W66/><G7/><T8/><D114/><U94/><E133/><V69/><F69/><W65/><G109/><T124/><D124/><U77/><E3/><V57/><F105/><W25/><G25/><N who="1" m="9802" /><E19/><V106/><F106/><W120/><G120/><T95/><D30/><U87/><E128/><V98/><F76/><W48/><G48/><AGARI ba="0,0" hai="9,11,48,55,58,77,82,84,87,90,94" m="9802" machi="48" ten="30,2000,0" yaku="8,1,52,1" doraHai="86" who="1" fromWho="3" sc="49,0,572,20,222,0,157,-20" />
</Scene>
<Scene>
<INIT seed="4,0,0,5,2,124" ten="49,592,222,137" oya="0" hai0="84,40,126,57,59,75,64,48,100,78,41,31,92" hai1="45,69,80,12,119,25,3,89,76,110,114,73,104" hai2="0,103,8,23,83,109,106,36,81,116,56,127,70" hai3="43,113,94,135,16,98,90,9,14,87,60,88,71"/><T82/><D126/><U115/><E69/><V2/><F70/><W96/><G135/><T132/><D132/><U44/><E3/><V49/><F36/><W121/><G113/><N who="1" m="43018" /><E104/><V117/><F127/><W125/><G125/><T102/><D31/><U67/><E67/><V131/><F23/><W42/><G121/><T38/><D38/><U118/><E110/><V66/><F103/><N who="0" m="39466" /><D75/><U37/><E89/><V112/><F106/><W122/><G122/><T72/><D72/><U93/><E93/><V4/><F66/><W33/><G33/><T55/><D92/><U101/><E101/><V19/><F2/><W34/><G34/><T11/><D11/><U77/><E77/><V105/><F8/><W35/><G35/><T47/><D64/><U18/><E25/><V85/><F0/><W29/><G29/><T20/><D20/><N who="1" m="11335" /><E37/><V79/><F105/><W1/><G1/><T65/><D65/><U95/><E95/><V26/><F112/><W27/><G71/><T107/><D107/><U111/><E111/><V10/><F109/><W15/><G27/><T5/><D5/><U50/><E45/><V24/><F26/><W97/><G15/><T52/><D47/><U39/><E39/><V30/><F24/><W46/><G46/><T129/><D129/><U13/><E13/><V21/><F131/><W54/><G90/><T74/><D74/><U63/><E63/><AGARI ba="0,0" hai="40,41,48,52,55,57,59,63,78,82,84" m="39466" machi="63" ten="30,2900,0" yaku="8,1,54,1" doraHai="124" who="0" fromWho="1" sc="49,29,592,-29,222,0,137,0" />
</Scene>
<Scene>
<INIT seed="4,1,0,0,1,67" ten="78,563,222,137" oya="0" hai0="73,133,41,127,32,7,21,108,51,69,66,123,29" hai1="39,102,74,59,35,128,37,101,90,95,126,94,92" hai2="131,53,72,33,119,5,112,48,80,47,44,46,79" hai3="30,58,134,71,135,40,3,121,42,0,55,106,6"/><T1/><D123/><U114/><E74/><V130/><F33/><W20/><G106/><T100/><D73/><U105/><E35/><V62/><F112/><W88/><G121/><T81/><D81/><U23/><E114/><V61/><F5/><W27/><G71/><T129/><D100/><U82/><E59/><N who="2" m="33191" /><F119/><W125/><G125/><T111/><D127/><U34/><E34/><V109/><F109/><N who="0" m="42058" /><D32/><U86/><E126/><V116/><F116/><W78/><G78/><T124/><D124/><U60/><E128/><AGARI ba="1,0" hai="44,46,47,61,62,72,79,80,128,130,131" m="33191" machi="128" ten="30,1000,0" yaku="19,1" doraHai="67" who="2" fromWho="1" sc="78,0,563,-13,222,13,137,0" />
</Scene>
<Scene>
<INIT seed="5,0,0,2,3,62" ten="78,550,235,137" oya="1" hai0="121,52,95,6,29,13,37,23,65,21,44,74,132" hai1="50,7,117,26,88,106,128,32,48,77,78,43,14" hai2="85,41,16,70,123,18,64,90,31,125,10,22,129" hai3="19,15,67,28,27,118,5,68,45,61,36,42,58"/><U11/><E106/><V97/><F123/><W113/><G113/><T79/><D132/><U66/><E66/><V111/><F111/><W1/><G118/><T72/><D121/><U17/><E128/><V56/><F70/><W54/><G5/><T8/><D95/><U55/><E32/><V134/><F125/><W135/><G135/><T115/><D115/><U93/><E43/><V110/><F110/><W60/><G1/><T63/><D79/><N who="1" m="30219" /><E50/><V49/><F49/><W133/><G133/><T103/><D103/><U69/><E69/><V39/><F41/><W127/><G127/><T46/><D72/><U99/><E117/><V86/><F39/><W91/><G91/><T120/><D74/><U109/><E109/><V80/><F90/><W81/><G81/><T24/><D120/><U130/><E130/><V126/><F80/><W53/><G53/><T83/><D83/><U30/><E30/><V96/><F31/><W3/><G3/><T51/><D23/><N who="1" m="13679" /><E48/><V104/><F104/><W107/><G107/><T94/><D37/><U124/><E124/><V101/><F126/><W75/><G75/><T57/><REACH who="0" step="1"/><D94/><REACH who="0" ten="68,550,235,137" step="2"/><U102/><E102/><V34/><F101/><W20/><G36/><T33/><D33/><U47/><E47/><AGARI ba="0,1" hai="6,8,13,21,24,29,44,46,47,51,52,57,63,65" machi="47" ten="30,8000,1" yaku="1,1,7,1,8,1,52,1,54,1,53,0" doraHai="62" doraHaiUra="105" who="0" fromWho="1" sc="68,90,550,-80,235,0,137,0" />
</Scene>
<Scene>
<INIT seed="6,0,0,0,0,83" ten="158,470,235,137" oya="2" hai0="31,2,113,103,120,85,29,125,41,118,105,72,116" hai1="43,32,15,126,0,79,112,5,89,84,48,13,70" hai2="44,6,60,131,96,104,67,45,55,114,61,37,54" hai3="34,14,128,88,38,30,17,121,4,53,77,26,49"/><V9/><F114/><W57/><G128/><T18/><D72/><U75/><E70/><V122/><F122/><W82/><G121/><T78/><D113/><U115/><E32/><V58/><F131/><W46/><G4/><T90/><D78/><U1/><E126/><V109/><F109/><W123/><G123/><T73/><D73/><U74/><E48/><V99/><F104/><W36/><G57/><T117/><D125/><U68/><E79/><V108/><F108/><W16/><G17/><T21/><D2/><U42/><E89/><V106/><F106/><W10/><REACH who="3" step="1"/><G88/><REACH who="3" ten="158,470,235,127" step="2"/><T132/><D120/><U50/><E68/><V87/><F6/><W110/><G110/><T22/><D132/><U59/><E5/><V19/><F19/><W91/><G91/><T124/><D124/><U65/><E59/><V92/><F58/><W51/><G51/><T102/><D18/><U97/><E50/><V81/><F61/><W23/><G23/><T71/><D71/><U20/><E20/><V47/><F60/><W40/><G40/><T100/><D41/><U35/><E35/><V80/><F37/><W135/><G135/><T129/><D129/><U3/><E112/><V28/><F9/><W133/><G133/><T86/><D90/><U39/><E115/><V52/><F96/><W69/><G69/><T64/><D22/><U11/><E97/><V12/><F99/><W27/><G27/><N who="0" m="16623" /><D31/><U95/><E39/><V76/><F28/><W56/><G56/><T130/><D130/><U101/><E42/><V119/><F55/><W33/><G33/><T63/><D105/><RYUUKYOKU ba="0,1" sc="158,15,470,-15,235,-15,127,15" hai0="63,64,85,86,100,102,103,116,117,118" hai3="10,14,16,26,30,34,36,38,46,49,53,77,82" />
</Scene>
<Scene>
<INIT seed="7,1,1,1,0,36" ten="173,455,220,142" oya="3" hai0="134,122,67,45,103,118,121,127,84,46,2,20,61" hai1="38,116,63,113,30,95,102,35,13,131,17,6,93" hai2="3,40,98,18,96,51,44,21,69,68,117,62,64" hai3="78,14,27,11,85,49,31,112,48,77,5,126,105"/><W120/><G120/><T99/><D2/><U9/><E38/><V129/><F117/><W47/><G105/><T4/><D4/><U106/><E116/><V124/><F3/><W8/><G126/><T125/><D118/><U130/><E113/><V56/><F124/><N who="0" m="47690" /><D134/><U55/><E6/><V50/><F129/><N who="1" m="49161" /><E30/><V100/><F51/><W76/><G112/><T25/><D84/><U28/><E28/><V91/><F91/><W15/><G85/><T73/><D73/><U97/><E35/><V34/><F34/><W41/><G49/><T81/><D81/><U71/><E55/><V86/><F86/><W108/><G108/><T53/><D53/><U107/><E107/><V132/><F132/><W7/><REACH who="3" step="1"/><G78/><REACH who="3" ten="173,455,220,132" step="2"/><T1/><D121/><U104/><E106/><V0/><F50/><W87/><G87/><T66/><D122/><U110/><E110/><V114/><F114/><W16/><G16/><N who="0" m="12423" /><D1/><U60/><E60/><V109/><F0/><W92/><G92/><N who="0" m="58855" /><D61/><U90/><E104/><V70/><F109/><W22/><AGARI ba="1,2" hai="5,7,8,11,14,15,22,27,31,41,47,48,76,77" machi="22" ten="20,18000,2" yaku="1,1,0,1,7,1,9,1,8,1,52,1,53,0" doraHai="36" doraHaiUra="32" who="3" fromWho="3" sc="173,-61,455,-61,220,-61,132,203" />
</Scene>
<Scene>
<INIT seed="7,2,0,4,4,125" ten="112,394,159,335" oya="3" hai0="0,100,74,135,72,6,95,50,1,23,40,129,96" hai1="66,2,46,43,61,15,90,49,128,30,65,91,115" hai2="124,104,86,36,57,39,109,16,28,70,107,121,52" hai3="79,59,13,10,19,106,122,68,67,32,24,31,108"/><W102/><G122/><T105/><D135/><U14/><E128/><V5/><F70/><W101/><G108/><T42/><D23/><U81/><E2/><V132/><F109/><W127/><G127/><T55/><D105/><U37/><E115/><V17/><F124/><W99/><G102/><T120/><D120/><U113/><E113/><V60/><F121/><W7/><G59/><T35/><D35/><U73/><E30/><V71/><F5/><W110/><G110/><T4/><D1/><U12/><E37/><V21/><F132/><W83/><G19/><T119/><D119/><U48/><E48/><V133/><F133/><W93/><G93/><T82/><D129/><U38/><E38/><V116/><F36/><W75/><G67/><N who="1" m="25610" /><E73/><V69/><F39/><W64/><REACH who="3" step="1"/><G64/><REACH who="3" ten="112,394,159,325" step="2"/><T131/><D131/><U87/><E61/><V33/><F17/><W54/><G54/><T89/><D42/><U97/><E97/><V41/><F41/><W34/><G34/><T111/><D40/><U94/><E94/><V58/><F58/><W22/><G22/><T117/><D111/><U103/><E103/><V114/><F16/><W92/><G92/><T123/><D123/><U88/><AGARI ba="2,1" hai="12,14,15,43,46,49,81,87,88,90,91" m="25610" machi="88" ten="30,2000,0" yaku="8,1,54,1" doraHai="125" who="1" fromWho="1" sc="112,-7,394,36,159,-7,325,-12" owari="105,-39.0,430,53.0,152,-25.0,313,11.0" />
</Scene>
</mjloggm>