<mjloggm ver="2.3"><GO type="169" lobby="0"/><UN n0="%2A%E3%81%B6%E3%81%A3%E3%81%A1%2A" n1="%7A%65%6C%64%69%6E%61" n2="%E5%A4%AA%E3%81%8F%E3%81%AA%E3%81%84%E3%81%8A" n3="%E8%A3%95%E7%BE%8E%E5%AD%90" dan="17,16,17,16" rate="2085.39,2075.48,2171.87,2171.07" sx="M,M,M,F"/><TAIKYOKU oya="0"/>

<Scene>
<INIT seed="0,0,0,5,0,112" ten="250,250,250,250" oya="0" hai0="62,78,95,39,12,33,82,115,48,102,99,35,63" hai1="16,9,87,53,134,71,132,64,3,6,130,57,125" hai2="89,7,52,36,100,66,77,101,42,75,93,122,119" hai3="135,61,58,32,25,47,105,50,120,114,127,109,34"/><T59/><D39/><U111/><E111/><V13/><F122/><W85/><G105/><T11/><D115/><U8/><E130/><V94/><F66/><W88/><G109/><T110/><D48/><U41/><E41/><V4/><F36/><W128/><G120/><T24/><D110/><U23/><E125/><V21/><F42/><W80/><G114/><T121/><D121/><U18/><E9/><V26/><F75/><W74/><G135/><T98/><D98/><U129/><E129/><V86/><F77/><W69/><G69/><T96/><D96/><U27/><E18/><V10/><F7/><W118/><G128/><T0/><D0/><U55/><E71/><V126/><F126/><W67/><G127/><T40/><D40/><U106/><E106/><V1/><F1/><W29/><G74/><T131/><D131/><U107/><E107/><V117/><F52/><W123/><G123/><T45/><D45/><U91/><E64/><V124/><F124/><W113/><G113/><T97/><D97/><U73/><E73/><V76/><F76/><W56/><G58/><T90/><D102/><U20/><E23/><V70/><F93/><W68/><G68/><T38/><D38/><U19/><E19/><N who="2" m="12607" /><F70/><W60/><G61/><T81/><D63/><U49/><REACH who="1" step="1"/><E55/><REACH who="1" ten="250,240,250,250" step="2"/><V37/><F37/><W79/><G34/><T5/><D35/><U72/><E72/><V104/><F104/><W28/><G32/><T54/><D33/><U65/><E65/><V44/><F44/><W133/><G47/><T116/><D54/><U84/><E84/><V14/><F14/><RYUUKYOKU ba="0,1" sc="250,-15,240,15,250,15,250,-15" hai1="3,6,8,16,20,27,49,53,57,87,91,132,134" hai2="4,10,13,86,89,94,100,101,117,119" />
</Scene>
<Scene>
<INIT seed="1,1,1,0,1,78" ten="235,255,265,235" oya="1" hai0="127,33,132,89,91,43,129,82,103,0,125,9,22" hai1="121,24,53,45,13,124,34,59,65,105,55,131,1" hai2="74,32,87,52,97,11,81,99,63,35,95,62,126" hai3="12,31,134,60,79,68,69,111,108,86,107,96,15"/><U51/><E105/><V36/><F36/><W21/><G134/><T130/><D33/><U76/><E1/><V27/><F74/><W83/><G31/><T14/><D0/><U85/><E65/><V30/><F126/><N who="0" m="48138" /><D22/><U118/><E34/><V120/><F120/><W61/><G15/><T17/><D132/><U67/><E24/><V5/><F35/><W77/><G79/><T38/><D103/><U40/><E76/><V116/><F116/><W100/><G68/><T54/><D54/><N who="1" m="20491" /><E13/><V114/><F114/><W57/><G69/><T128/><D38/><U26/><E26/><V104/><F104/><W75/><G75/><T133/><D43/><U3/><E85/><V117/><F117/><W10/><G21/><T88/><D133/><U18/><E18/><V115/><F115/><W119/><G119/><T71/><D71/><U2/><E3/><V122/><F122/><W41/><G41/><T58/><D58/><U56/><E2/><N who="2" m="439" /><F52/><W39/><G39/><T102/><D102/><U64/><E124/><V90/><F63/><W29/><G29/><T94/><D94/><U49/><E131/><V84/><F62/><W101/><G100/><T25/><D25/><U50/><E121/><V106/><F106/><W7/><REACH who="3" step="1"/><G57/><REACH who="3" ten="235,255,265,225" step="2"/><N who="1" m="22090" /><E118/><V44/><F44/><W80/><G80/><AGARI ba="1,2" hai="9,14,17,80,82,88,89,91,128,129,130" m="48138" machi="80" ten="40,8000,1" yaku="19,1,18,1,52,2,54,1" doraHai="78" who="0" fromWho="3" sc="235,103,255,0,265,0,225,-83" />
</Scene>
<Scene>
<INIT seed="2,0,0,1,0,106" ten="338,255,265,142" oya="2" hai0="83,7,14,93,92,3,57,120,26,130,125,84,90" hai1="69,61,118,121,116,97,75,23,1,13,79,104,56" hai2="60,74,68,44,20,16,8,78,30,6,62,133,27" hai3="45,82,77,135,123,41,31,98,48,51,129,87,115"/><V22/><F133/><W46/><G135/><T47/><D120/><U5/><E1/><V101/><F101/><W29/><G123/><T42/><D3/><U113/><E69/><V126/><F126/><W132/><G132/><T32/><D125/><U43/><E43/><V11/><F44/><W94/><G129/><T35/><D130/><U122/><E113/><V80/><F68/><W0/><G0/><T131/><D131/><U63/><E97/><V10/><REACH who="2" step="1"/><F6/><REACH who="2" ten="338,255,255,142" step="2"/><W9/><G115/><T88/><D7/><U2/><E5/><V18/><F18/><W95/><G9/><T12/><D47/><U117/><E122/><V72/><F72/><W53/><REACH who="3" step="1"/><G95/><REACH who="3" ten="338,255,255,132" step="2"/><T71/><D93/><U99/><E121/><V15/><AGARI ba="0,2" hai="8,10,11,15,16,20,22,27,30,60,62,74,78,80" machi="15" ten="30,11700,0" yaku="1,1,0,1,52,1,54,1,53,0" doraHai="106" doraHaiUra="39" who="2" fromWho="2" sc="338,-39,255,-39,255,137,132,-39" />
</Scene>
<Scene>
<INIT seed="2,1,0,3,2,20" ten="299,216,392,93" oya="2" hai0="2,98,111,94,128,76,75,85,95,120,103,61,134" hai1="38,5,12,92,68,7,49,26,115,52,72,1,107" hai2="21,109,104,17,96,132,64,82,78,126,129,34,25" hai3="23,79,30,3,36,97,18,102,31,62,86,57,70"/><V22/><F126/><W24/><G36/><T8/><D120/><U119/><E107/><V114/><F114/><W54/><G3/><T10/><D111/><U135/><E68/><V58/><F129/><W4/><G70/><T90/><D128/><U116/><E38/><V19/><F132/><W63/><G4/><T118/><D134/><U88/><E72/><V65/><F34/><W73/><G73/><T112/><D112/><U124/><E135/><V55/><F109/><W80/><REACH who="3" step="1"/><G63/><REACH who="3" ten="299,216,392,83" step="2"/><T66/><D2/><U29/><E1/><V87/><F104/><AGARI ba="1,1" hai="18,23,24,30,31,54,57,62,79,80,86,97,102,104" machi="104" ten="30,7700,0" yaku="1,1,2,1,7,1,52,1,53,0" doraHai="20" doraHaiUra="121" who="3" fromWho="2" sc="299,0,216,0,392,-80,83,90" />
</Scene>
<Scene>
<INIT seed="3,0,0,1,4,114" ten="299,216,312,173" oya="3" hai0="0,129,82,106,46,11,49,30,86,71,51,73,68" hai1="118,21,31,44,85,110,19,59,92,8,74,16,52" hai2="130,32,94,39,111,3,117,48,35,50,40,75,77" hai3="64,26,54,13,53,90,29,91,47,83,65,109,63"/><W12/><G109/><T27/><D129/><U22/><E74/><V43/><F3/><W78/><G47/><T38/><D106/><U60/><E110/><V61/><F39/><W116/><G116/><T42/><D68/><U132/><E132/><V56/><F111/><W18/><G64/><T127/><D71/><U113/><E113/><V34/><F130/><W98/><G13/><T2/><D2/><U104/><E104/><V87/><F75/><W28/><G29/><T125/><D73/><U93/><E118/><V89/><F77/><W99/><G78/><N who="0" m="46423" /><D11/><U25/><E44/><V41/><REACH who="2" step="1"/><F117/><REACH who="2" ten="299,216,302,173" step="2"/><W126/><G126/><N who="0" m="48139" /><D0/><U80/><E8/><V4/><F4/><W55/><G83/><T134/><D134/><U135/><E135/><V62/><F62/><W57/><G91/><T36/><D36/><U1/><E1/><V7/><F7/><W37/><G90/><T101/><D101/><U72/><E72/><V103/><F103/><W10/><REACH who="3" step="1"/><G37/><REACH who="3" ten="299,216,302,163" step="2"/><T120/><D38/><U33/><E31/><V6/><F6/><W100/><G100/><T108/><D108/><U9/><E33/><AGARI ba="0,2" hai="10,12,18,26,28,33,53,54,55,57,63,65,98,99" machi="33" ten="40,3900,0" yaku="1,1,53,1" doraHai="114" doraHaiUra="15" who="3" fromWho="1" sc="299,0,216,-39,302,0,163,59" />
</Scene>
<Scene>
<INIT seed="3,1,0,3,3,67" ten="299,177,302,222" oya="3" hai0="130,93,16,43,46,55,62,87,41,113,7,133,64" hai1="112,51,15,61,31,94,8,101,5,47,58,56,39" hai2="77,18,12,135,73,104,44,27,52,120,38,36,76" hai3="124,32,6,81,29,34,48,108,107,83,22,88,0"/><W24/><G107/><T91/><D130/><U129/><E39/><V54/><F104/><W102/><G102/><T74/><D74/><U23/><E112/><V4/><F4/><W117/><G117/><T103/><D7/><U40/><E129/><V72/><F27/><W59/><G124/><T118/><D118/><U65/><E58/><V11/><F135/><W116/><G116/><T2/><D2/><U128/><E128/><V131/><F131/><W126/><G126/><T9/><D103/><U50/><E50/><V26/><F26/><W25/><G108/><T110/><D110/><U105/><E105/><V13/><F18/><W95/><G6/><T98/><D98/><U97/><E23/><V119/><F119/><W111/><G0/><T69/><D133/><U63/><REACH who="1" step="1"/><E61/><REACH who="1" ten="299,167,302,222" step="2"/><V96/><F44/><W28/><G111/><T106/><D106/><U66/><E66/><V134/><F134/><W70/><G22/><T92/><D113/><U30/><AGARI ba="1,1" hai="5,8,15,30,31,40,47,51,56,63,65,94,97,101" machi="30" ten="30,4000,0" yaku="1,1,0,1,8,1,53,0" doraHai="67" doraHaiUra="78" who="1" fromWho="1" sc="299,-11,167,53,302,-11,222,-21" />
</Scene>
<Scene>
<INIT seed="4,0,0,2,2,118" ten="288,220,291,201" oya="0" hai0="31,121,114,16,107,53,39,2,89,70,73,131,119" hai1="5,36,97,0,21,58,135,42,85,41,1,18,81" hai2="12,122,52,72,111,74,104,50,66,129,65,124,40" hai3="19,24,76,87,115,45,69,84,60,82,120,101,78"/><T105/><RYUUKYOKU type="yao9" ba="0,0" sc="288,0,220,0,291,0,201,0" hai0="2,16,31,39,53,70,73,89,105,107,114,119,121,131" />
</Scene>
<Scene>
<INIT seed="4,1,0,2,1,121" ten="288,220,291,201" oya="0" hai0="62,99,105,53,79,47,88,36,89,20,118,123,55" hai1="6,130,5,107,119,128,116,9,112,49,27,13,101" hai2="68,28,25,42,125,35,4,67,90,37,80,34,83" hai3="94,65,59,32,21,69,73,46,114,135,14,22,108"/><T57/><D123/><U71/><E71/><V48/><F37/><W120/><G32/><T11/><D118/><U1/><E49/><V122/><F122/><W131/><G73/><T10/><D79/><U110/><E101/><V81/><F125/><W61/><G120/><T45/><D20/><U95/><E95/><V96/><F4/><W97/><G46/><T17/><D36/><U91/><E91/><V134/><F134/><W41/><G41/><T33/><D33/><U3/><E107/><V82/><F35/><W58/><G135/><T78/><D78/><U51/><E51/><V19/><F19/><W109/><G131/><N who="1" m="50218" /><E110/><V39/><F39/><W60/><G114/><T76/><D76/><U93/><E93/><V30/><F48/><W72/><G22/><T113/><D113/><U124/><E124/><V8/><F42/><W115/><G72/><T86/><D105/><U31/><E112/><V74/><F68/><W18/><G115/><T23/><D99/><U52/><E52/><V133/><F133/><W29/><G29/><T132/><D132/><U26/><E26/><V85/><F74/><W117/><G117/><N who="1" m="45130" /><E5/><V92/><F67/><W43/><G43/><T77/><D77/><U12/><E13/><V64/><F64/><W106/><G106/><T126/><D126/><U102/><E102/><V87/><F25/><W111/><REACH who="3" step="1"/><G61/><REACH who="3" ten="288,220,291,191" step="2"/><T127/><D127/><U100/><E100/><AGARI ba="1,1" hai="14,18,21,58,59,60,65,69,94,97,100,108,109,111" machi="100" ten="40,8000,1" yaku="1,1,2,1,52,3,53,0" doraHai="121" doraHaiUra="104" who="3" fromWho="1" sc="288,0,220,-83,291,0,191,93" />
</Scene>
<Scene>
<INIT seed="5,0,0,1,2,79" ten="288,137,291,284" oya="1" hai0="19,86,92,66,55,4,72,26,123,5,18,9,93" hai1="13,3,27,36,89,125,101,68,77,24,135,31,110" hai2="25,126,2,70,69,41,90,97,10,107,63,17,39" hai3="113,61,6,131,124,115,38,58,128,54,98,112,102"/><U91/><E3/><V120/><F120/><W8/><G38/><T21/><D72/><U67/><E36/><V35/><F126/><W73/><G73/><T49/><D123/><U130/><E125/><V111/><F111/><W117/><G117/><T82/><D66/><U106/><E110/><V105/><F90/><W99/><G124/><T75/><D75/><U133/><E130/><N who="3" m="49706" /><G102/><T22/><D92/><U81/><E13/><AGARI ba="0,0" hai="6,8,13,54,58,61,98,99,112,113,115" m="49706" machi="13" ten="40,2600,0" yaku="15,1,19,1" doraHai="79" who="3" fromWho="1" sc="288,0,137,-26,291,0,284,26" />
</Scene>
<Scene>
<INIT seed="6,0,0,5,1,63" ten="288,111,291,310" oya="2" hai0="44,106,25,39,1,47,16,51,59,110,54,19,83" hai1="105,95,77,102,49,107,66,125,5,132,69,4,8" hai2="103,55,31,57,73,35,88,30,112,118,6,32,113" hai3="50,11,84,13,29,94,124,129,101,17,27,86,119"/><V128/><F73/><W45/><G124/><T104/><D110/><U79/><E49/><V92/><F118/><W96/><G129/><T114/><D114/><N who="2" m="44138" /><F103/><W60/><G60/><T134/><D134/><U10/><E125/><V109/><F6/><W100/><G101/><T18/><D1/><U23/><E102/><V70/><F70/><W42/><REACH who="3" step="1"/><G119/><REACH who="3" ten="288,111,291,300" step="2"/><T9/><D106/><U12/><E132/><V81/><F128/><W71/><G71/><T108/><D104/><U121/><E69/><V33/><F109/><W40/><G40/><T41/><D108/><U20/><E121/><V34/><F81/><W85/><G85/><T24/><D83/><U120/><E120/><V65/><F65/><W36/><G36/><T22/><D9/><U74/><E74/><V126/><F126/><W0/><G0/><T61/><REACH who="0" step="1"/><D25/><REACH who="0" ten="278,111,291,300" step="2"/><U82/><E82/><V116/><F116/><W43/><G43/><AGARI ba="0,2" hai="16,18,19,22,24,39,41,43,44,47,51,54,59,61" machi="43" ten="30,7700,0" yaku="1,1,2,1,7,1,54,1,53,0" doraHai="63" doraHaiUra="117" who="0" fromWho="3" sc="278,97,111,0,291,0,300,-77" />
</Scene>
<Scene>
<INIT seed="7,0,0,4,0,23" ten="375,111,291,223" oya="3" hai0="101,114,48,37,123,76,61,90,70,132,78,1,111" hai1="11,49,21,14,84,29,62,65,134,60,36,33,52" hai2="56,108,109,104,75,69,0,64,99,6,82,133,20" hai3="117,58,93,51,120,72,102,92,80,32,116,100,43"/><W83/><G32/><T81/><D37/><U74/><E36/><V38/><F56/><W66/><G43/><T35/><D1/><U127/><E74/><V55/><F55/><W128/><G51/><T112/><D111/><U3/><E3/><V53/><F20/><W96/><G58/><T91/><D123/><U125/><E134/><V46/><F53/><W85/><G66/><N who="0" m="41295" /><D132/><U106/><E33/><V57/><F57/><W88/><G120/><T94/><D35/><U73/><E73/><V68/><F133/><W28/><G28/><T67/><D67/><U130/><E130/><V135/><F135/><W18/><G18/><T77/><D48/><U79/><E106/><V119/><F119/><N who="3" m="45643" /><G128/><T71/><D81/><N who="3" m="31305" /><G72/><T50/><D50/><U105/><E105/><V98/><F38/><W8/><G8/><T131/><D71/><U118/><E118/><V39/><F39/><W31/><G31/><T47/><D47/><U13/><E65/><V27/><F46/><W22/><G22/><T129/><D131/><U87/><E21/><V97/><F104/><W4/><G4/><T59/><D59/><U86/><E29/><V113/><F64/><W107/><G107/><T34/><D34/><U124/><E79/><N who="2" m="44415" /><F69/><W17/><G17/><T121/><D129/><U63/><REACH who="1" step="1"/><E11/><REACH who="1" ten="375,101,291,223" step="2"/><V126/><F0/><W45/><G102/><T25/><D101/><U9/><E9/><V5/><F68/><W95/><G100/><T7/><D77/><U89/><E89/><V10/><F10/><W24/><G88/><T44/><D90/><U42/><E42/><V15/><F109/><RYUUKYOKU ba="0,1" sc="375,-10,101,30,291,-10,223,-10" hai1="13,14,49,52,60,62,63,84,86,87,124,125,127" owari="375,48.0,131,-37.0,281,8.0,213,-19.0" />
</Scene>
</mjloggm>