<mjloggm ver="2.3"><GO type="169" lobby="0"/><UN n0="%E3%82%88%E3%83%BC%EF%BC%A0%E3%83%AD%E3%83%83%E3%82%AF" n1="%E5%A4%AA%E3%81%8F%E3%81%AA%E3%81%84%E3%81%8A" n2="%73%61%69%72%61%73%75" n3="%E5%A4%A7%E8%83%86%E3%81%AB%E3%83%80%E3%82%A4%E3%82%BF" dan="16,17,16,16" rate="2087.76,2173.40,2141.55,2116.95" sx="M,M,M,M"/><TAIKYOKU oya="0"/>

<Scene>
<INIT seed="0,0,0,5,3,45" ten="250,250,250,250" oya="0" hai0="28,24,119,72,77,123,33,114,46,59,31,125,39" hai1="8,7,110,32,78,29,121,34,87,52,132,9,27" hai2="42,30,76,12,127,18,61,37,113,54,50,13,134" hai3="109,63,15,11,116,58,64,36,56,60,26,71,1"/><T95/><D123/><U122/><E34/><V106/><F106/><W22/><G109/><T41/><D119/><U130/><E110/><V111/><F111/><W103/><G116/><T57/><D114/><U135/><E78/><V82/><F113/><W91/><G36/><T68/><D125/><U88/><E130/><V69/><F134/><N who="1" m="51241" /><E9/><V133/><F133/><W74/><G1/><T96/><D68/><U126/><E126/><V102/><F102/><W99/><G74/><T89/><REACH who="0" step="1"/><D31/><REACH who="0" ten="240,250,250,250" step="2"/><U66/><E121/><V70/><F30/><W85/><G71/><T49/><D49/><U101/><E122/><V118/><F118/><W53/><G63/><T105/><D105/><U84/><E29/><V92/><F61/><W90/><G60/><T51/><D51/><U81/><E32/><V38/><F69/><W83/><G64/><T2/><D2/><U35/><E66/><V75/><F70/><W23/><G26/><T17/><D17/><U73/><E27/><V131/><F18/><W108/><G108/><T67/><D67/><U129/><E35/><V16/><F16/><W19/><G19/><T40/><D40/><U104/><E129/><V65/><F42/><W117/><G117/><T43/><D43/><U0/><E0/><V107/><F65/><W4/><G23/><T93/><D93/><U128/><E128/><V94/><F107/><W20/><G22/><T21/><D21/><U97/><E104/><V25/><F131/><W112/><G20/><T10/><D10/><U5/><E8/><V86/><F127/><W120/><G11/><T124/><D124/><RYUUKYOKU ba="0,1" sc="240,30,250,-10,250,-10,250,-10" hai0="24,28,33,39,41,46,57,59,72,77,89,95,96" />
</Scene>
<Scene>
<INIT seed="0,1,1,1,5,104" ten="270,240,240,240" oya="0" hai0="89,106,3,10,22,70,87,77,8,132,96,35,58" hai1="39,94,32,67,30,86,59,52,129,123,18,111,27" hai2="6,61,31,121,82,54,11,85,1,126,57,33,118" hai3="98,75,122,56,95,76,68,4,51,42,46,134,40"/><T23/><D70/><U55/><E123/><V0/><F121/><W12/><G68/><T133/><D35/><U117/><E117/><V88/><F126/><W49/><G134/><N who="0" m="51819" /><D77/><U135/><E135/><V74/><F118/><W5/><G122/><T45/><D45/><U115/><E39/><V60/><F33/><W63/><G12/><T25/><D58/><U41/><E41/><V83/><F31/><W66/><G42/><T37/><D37/><U9/><E115/><V20/><F20/><N who="0" m="7722" /><D25/><U112/><E112/><V90/><F60/><W124/><G124/><T7/><D7/><U36/><E36/><V100/><F100/><W15/><G15/><T114/><D3/><U97/><E59/><V21/><F21/><W84/><G5/><T50/><D50/><U16/><E32/><V113/><F113/><W125/><G4/><T103/><D114/><U110/><E27/><V53/><F53/><W79/><G125/><T92/><AGARI ba="1,1" hai="8,10,87,89,92,96,103,106" m="7722,51819" machi="92" ten="30,1500,0" yaku="20,1" doraHai="104" who="0" fromWho="0" sc="270,28,240,-6,240,-6,240,-6" />
</Scene>
<Scene>
<INIT seed="0,2,0,2,2,33" ten="298,234,234,234" oya="0" hai0="110,73,71,132,111,47,13,78,101,135,30,81,62" hai1="92,53,19,94,38,103,98,130,10,113,26,83,69" hai2="64,86,115,129,51,1,93,99,63,108,106,57,29" hai3="114,112,39,31,123,6,23,50,100,42,109,104,48"/><T67/><D101/><U121/><E121/><V76/><F108/><N who="0" m="41514" /><D30/><U56/><E69/><V97/><F115/><W126/><G109/><T133/><D13/><U125/><E38/><V22/><F129/><W5/><G100/><T52/><D52/><U134/><E130/><V44/><F1/><W59/><G123/><T107/><D47/><U66/><E113/><V105/><F105/><AGARI ba="2,0" hai="62,67,71,73,78,81,105,107,132,133,135" m="41514" machi="105" ten="40,12000,1" yaku="20,1,14,1,10,1,23,1" doraHai="33" who="0" fromWho="2" sc="298,126,234,0,234,-126,234,0" />
</Scene>
<Scene>
<INIT seed="0,3,0,3,2,120" ten="424,234,108,234" oya="0" hai0="49,97,43,102,105,111,2,40,33,58,27,68,134" hai1="130,73,110,93,26,31,14,17,11,108,74,135,83" hai2="103,71,60,15,50,72,20,18,4,10,69,55,62" hai3="61,41,56,113,119,21,47,82,123,101,95,81,128"/><T1/><D68/><U53/><E135/><V29/><F72/><W129/><G113/><T44/><D111/><N who="1" m="42539" /><E130/><N who="3" m="50282" /><G119/><T9/><D134/><U126/><E126/><V114/><F114/><W48/><G123/><T64/><D43/><U28/><E83/><N who="3" m="31754" /><G21/><T63/><D9/><U96/><E53/><V115/><F115/><W34/><G34/><T124/><D124/><U38/><E38/><V88/><F103/><W109/><G109/><T92/><D105/><U78/><E78/><V99/><F71/><W107/><G95/><T19/><D1/><U32/><E28/><V80/><F69/><W85/><G85/><T133/><D2/><U122/><E122/><V36/><F36/><W94/><G94/><T65/><D133/><U125/><E125/><V112/><F112/><W57/><G61/><T121/><D121/><U87/><E87/><N who="2" m="50279" /><F99/><AGARI ba="3,0" hai="41,47,48,56,57,99,101,107" m="31754,50282" machi="99" ten="30,1000,0" yaku="19,1" doraHai="120" who="3" fromWho="2" sc="424,0,234,0,108,-19,234,19" />
</Scene>
<Scene>
<INIT seed="1,0,0,0,5,46" ten="424,234,89,253" oya="1" hai0="3,98,62,56,0,91,64,131,93,15,27,63,21" hai1="50,39,104,70,96,119,108,112,67,123,9,89,41" hai2="34,80,110,129,117,13,79,130,99,40,118,53,134" hai3="106,7,75,55,43,127,71,42,10,8,94,72,135"/><U48/><E112/><V126/><F34/><W17/><G106/><T19/><D131/><U18/><E119/><V73/><F13/><W120/><G120/><T84/><D84/><U88/><E123/><V60/><F40/><W1/><G71/><T128/><D128/><N who="2" m="49258" /><F60/><W74/><G135/><T2/><REACH who="0" step="1"/><D63/><REACH who="0" ten="414,234,89,253" step="2"/><U85/><E85/><V20/><F118/><W83/><G75/><T47/><D47/><U90/><E108/><V51/><F110/><W81/><G74/><T31/><D31/><U122/><E122/><V54/><F117/><W36/><G72/><T58/><D58/><U5/><E70/><V125/><F134/><W22/><G83/><T133/><D133/><U16/><E96/><V103/><F20/><W109/><G22/><T26/><AGARI ba="0,1" hai="0,2,3,15,19,21,26,27,56,62,64,91,93,98" machi="26" ten="40,5200,0" yaku="1,1,0,1,53,1" doraHai="46" doraHaiUra="87" who="0" fromWho="0" sc="414,62,234,-26,89,-13,253,-13" />
</Scene>
<Scene>
<INIT seed="2,0,0,4,3,45" ten="476,208,76,240" oya="2" hai0="116,110,108,74,33,15,53,69,46,39,10,29,104" hai1="28,47,44,85,131,34,113,3,4,7,52,8,43" hai2="48,65,129,68,5,18,35,111,19,38,123,64,135" hai3="115,114,80,14,56,27,102,32,37,97,75,51,76"/><V77/><F123/><W55/><G37/><T17/><D74/><U105/><E113/><N who="3" m="43018" /><G14/><T88/><D104/><U124/><E105/><V6/><F35/><W58/><G27/><T98/><D98/><U54/><E7/><N who="2" m="2571" /><F38/><W16/><G32/><T118/><D69/><U84/><E124/><V9/><F68/><W130/><G130/><T0/><D0/><U86/><E131/><V31/><F129/><W26/><G26/><N who="0" m="18615" /><D88/><U25/><REACH who="1" step="1"/><E47/><REACH who="1" ten="476,198,76,240" step="2"/><V49/><F135/><W119/><G119/><T93/><D46/><U42/><E42/><V62/><F111/><W134/><G134/><T11/><D108/><U90/><E90/><V112/><F77/><W12/><G102/><T41/><D110/><U133/><E133/><V50/><F112/><W60/><G76/><T59/><D41/><U91/><E91/><V103/><F103/><W1/><G1/><T13/><D116/><U57/><E57/><N who="2" m="36943" /><F31/><W132/><G132/><T82/><D118/><U73/><E73/><V81/><F81/><W99/><G80/><T89/><D82/><U106/><E106/><V63/><F9/><N who="3" m="6159" /><G75/><T128/><D128/><U120/><E120/><V71/><F71/><W83/><G83/><T127/><D11/><U67/><E67/><AGARI ba="0,1" hai="51,55,56,58,60,67,97,99" m="6159,43018" machi="67" ten="30,3900,0" yaku="11,1,52,1,54,1" doraHai="45" who="3" fromWho="1" sc="476,0,198,-39,76,0,240,49" />
</Scene>
<Scene>
<INIT seed="3,0,0,3,4,1" ten="476,159,76,289" oya="3" hai0="75,30,90,66,121,46,50,98,133,62,117,57,101" hai1="102,132,2,113,72,118,42,78,91,120,52,126,76" hai2="27,28,61,16,87,134,104,55,68,100,36,82,49" hai3="130,80,32,122,84,89,58,127,125,94,123,112,95"/><W105/><G32/><T119/><D121/><N who="3" m="46089" /><G58/><T74/><D133/><U47/><E120/><V29/><F134/><W124/><G112/><T24/><D90/><U33/><E132/><V115/><F36/><W5/><G5/><T114/><D114/><U8/><E113/><V18/><F115/><W17/><G17/><T67/><D67/><U116/><E33/><V53/><F104/><W79/><G130/><T129/><D129/><U10/><E102/><V48/><F100/><W81/><G105/><T15/><D15/><U45/><E2/><V109/><F109/><W106/><G106/><T39/><D39/><U6/><E6/><V69/><F87/><AGARI ba="0,0" hai="79,80,81,84,87,89,94,95,124,125,127" m="46089" machi="87" ten="40,7700,0" yaku="18,1,34,2" doraHai="1" who="3" fromWho="2" sc="476,0,159,0,76,-77,289,77" owari="476,57.0,159,-24.0,-1,-50.0,366,17.0" />
</Scene>
</mjloggm>