<mjloggm ver="2.3"><GO type="169" lobby="0"/><UN n0="%64%61%6E%6E%63%68%69" n1="%E6%99%AE%E8%B3%A2" n2="%EF%BF%A1%E3%81%BA%E3%82%93%E3%81%BA%E3%82%93%EF%BF%A1" n3="%E5%A4%AA%E3%81%8F%E3%81%AA%E3%81%84%E3%81%8A" dan="16,16,18,18" rate="2060.24,2085.92,2172.97,2187.10" sx="M,F,M,M"/><TAIKYOKU oya="0"/>

<Scene>
<INIT seed="0,0,0,1,2,42" ten="250,250,250,250" oya="0" hai0="11,134,8,47,97,38,121,19,133,132,56,21,66" hai1="32,126,108,119,29,41,120,24,3,69,75,54,53" hai2="128,26,12,35,6,115,113,79,135,5,52,123,15" hai3="81,94,102,117,0,10,85,46,101,131,107,48,110"/><T103/><D121/><U1/><E119/><V43/><F79/><W49/><G117/><T20/><D66/><U36/><E120/><V83/><F43/><W70/><G70/><T40/><D56/><U45/><E108/><V4/><F83/><W105/><G110/><T68/><D68/><U129/><E129/><V104/><F104/><W13/><G0/><T58/><D58/><U25/><E126/><V17/><F123/><W86/><G131/><T16/><D20/><U111/><E111/><V127/><F128/><W64/><G64/><T90/><D90/><U116/><E116/><V61/><F61/><W59/><G105/><N who="0" m="63727" /><D19/><U87/><E75/><V96/><F96/><W27/><G107/><T71/><D71/><U106/><E106/><V80/><F127/><W89/><G59/><T62/><D62/><U92/><E69/><V122/><F122/><W63/><G63/><T88/><D88/><U125/><E125/><V55/><F17/><W72/><G72/><T14/><AGARI ba="0,0" hai="8,11,14,16,21,38,40,47,132,133,134" m="63727" machi="14" ten="30,6000,0" yaku="20,1,52,1,54,1" doraHai="42" who="0" fromWho="0" sc="250,60,250,-20,250,-20,250,-20" />
</Scene>
<Scene>
<INIT seed="0,1,0,0,5,20" ten="310,230,230,230" oya="0" hai0="10,53,72,59,76,51,6,126,47,13,117,78,5" hai1="63,127,102,115,31,0,41,29,100,17,86,55,122" hai2="3,32,48,56,123,121,33,89,58,105,130,26,90" hai3="35,69,2,116,99,125,106,64,24,128,38,82,109"/><T71/><D117/><U118/><E122/><V88/><F3/><W97/><RYUUKYOKU type="yao9" ba="1,0" sc="310,0,230,0,230,0,230,0" hai3="2,24,35,38,64,69,82,97,99,106,109,116,125,128" />
</Scene>
<Scene>
<INIT seed="0,2,0,5,2,8" ten="310,230,230,230" oya="0" hai0="28,89,36,94,122,17,13,95,102,63,135,59,52" hai1="42,112,108,98,46,97,72,66,50,110,27,73,116" hai2="107,87,118,21,44,121,109,32,40,38,90,130,47" hai3="104,53,126,31,16,24,62,127,92,0,15,115,85"/><T133/><D122/><U58/><E116/><V131/><F121/><W7/><G104/><T64/><D36/><U77/><E112/><V56/><F32/><N who="3" m="20583" /><G115/><T78/><D78/><U65/><E27/><V125/><F118/><W51/><G62/><T34/><D34/><U10/><E10/><V11/><F107/><W114/><G114/><T71/><D28/><U81/><E73/><V2/><F109/><N who="1" m="42089" /><E58/><V91/><F125/><N who="3" m="47627" /><G7/><T9/><D102/><U105/><E105/><V124/><F124/><W103/><G0/><T80/><D80/><U29/><E29/><V82/><F2/><W39/><G39/><T128/><D128/><U19/><E19/><V93/><F11/><N who="3" m="6271" /><G85/><T41/><D41/><U99/><AGARI ba="2,0" hai="42,46,50,65,66,72,77,81,97,98,99" m="42089" machi="99" ten="30,1100,0" yaku="14,1" doraHai="8" who="1" fromWho="1" sc="310,-7,230,17,230,-5,230,-5" />
</Scene>
<Scene>
<INIT seed="1,0,0,4,1,129" ten="303,247,225,225" oya="1" hai0="72,46,101,38,11,55,54,131,40,10,120,21,95" hai1="22,25,86,78,76,35,49,126,92,114,5,66,24" hai2="105,16,82,59,31,77,19,34,104,107,75,3,52" hai3="4,43,36,33,13,130,28,116,6,47,8,17,74"/><U98/><E114/><V67/><F3/><W89/><G74/><T85/><D72/><U12/><E126/><V14/><F67/><W121/><G121/><T65/><D65/><U81/><E76/><V57/><F57/><W61/><G130/><T109/><D109/><U113/><E113/><V112/><F112/><W135/><G116/><T39/><D39/><U32/><E66/><V0/><F0/><W118/><G118/><T80/><D131/><U103/><E25/><V88/><F88/><W96/><G61/><T42/><D42/><U93/><E93/><V20/><F19/><W41/><G41/><T63/><D21/><U99/><E99/><V2/><F2/><W7/><G96/><T123/><D95/><U133/><E133/><V117/><F117/><W15/><G89/><N who="0" m="51367" /><D101/><U56/><E5/><V71/><F71/><W106/><G106/><T51/><D63/><U68/><E68/><V83/><F83/><W125/><G125/><T70/><D70/><U64/><E12/><V48/><REACH who="2" step="1"/><F105/><REACH who="2" ten="303,247,215,225" step="2"/><W69/><G69/><T9/><D120/><U27/><E64/><V44/><F44/><W62/><G47/><T29/><D123/><U73/><E56/><V134/><F134/><W119/><G135/><T91/><D91/><U90/><E90/><V53/><F53/><N who="0" m="19978" /><D29/><U87/><E81/><V79/><F79/><W23/><G119/><T60/><D38/><U111/><E78/><V102/><F102/><W50/><G36/><T30/><D30/><U127/><E103/><V100/><F100/><W128/><G128/><T1/><D1/><U97/><E127/><RYUUKYOKU ba="0,1" sc="303,15,247,-15,215,15,225,-15" hai0="9,10,11,40,46,51,60" hai2="14,16,20,31,34,48,52,59,75,77,82,104,107" />
</Scene>
<Scene>
<INIT seed="2,1,1,5,4,4" ten="318,232,230,210" oya="2" hai0="34,116,77,126,122,109,113,104,87,57,131,121,133" hai1="62,50,120,129,69,105,88,67,7,43,97,16,0" hai2="115,110,72,24,84,21,40,111,45,35,42,3,99" hai3="65,107,91,36,74,81,90,33,22,49,127,73,61"/><V130/><F72/><W60/><G33/><T134/><RYUUKYOKU type="yao9" ba="1,1" sc="318,0,232,0,230,0,210,0" hai0="34,57,77,87,104,109,113,116,121,122,126,131,133,134" />
</Scene>
<Scene>
<INIT seed="2,2,1,5,5,48" ten="318,232,230,210" oya="2" hai0="126,127,88,3,101,15,90,54,53,112,75,97,30" hai1="6,116,98,8,100,121,71,87,109,80,114,82,93" hai2="1,135,134,65,18,79,58,81,13,22,50,34,120" hai3="37,19,103,125,118,25,7,68,108,130,76,41,2"/><V94/><F34/><W44/><G118/><T119/><D3/><U46/><E116/><V47/><F1/><W21/><G68/><T72/><D30/><U57/><E114/><V28/><F120/><W52/><G108/><T124/><D112/><U115/><E71/><V84/><F28/><W83/><G125/><T132/><D15/><U69/><E69/><V9/><F94/><W117/><G117/><T78/><D132/><N who="2" m="50730" /><F65/><W89/><G103/><T55/><D119/><U133/><E133/><V110/><F110/><W123/><G123/><T39/><D39/><U92/><E115/><V86/><F58/><W74/><G89/><N who="0" m="34411" /><D78/><U45/><E109/><V77/><F9/><N who="3" m="2295" /><G130/><T105/><AGARI ba="2,1" hai="53,54,55,72,75,97,101,105,124,126,127" m="34411" machi="105" ten="40,8000,1" yaku="18,1,52,3,54,1" doraHai="48" who="0" fromWho="0" sc="318,96,232,-22,230,-42,210,-22" />
</Scene>
<Scene>
<INIT seed="3,0,0,3,3,122" ten="414,210,188,188" oya="3" hai0="116,77,115,60,82,113,106,2,129,34,10,134,53" hai1="78,93,94,72,107,101,55,73,100,91,92,131,75" hai2="16,0,123,26,28,56,3,86,81,23,128,14,52" hai3="24,30,45,135,43,112,31,71,33,67,59,80,118"/><W58/><G112/><N who="0" m="43083" /><D106/><U44/><E44/><V37/><F37/><W114/><G114/><T126/><D34/><U20/><E20/><V27/><F128/><W39/><G118/><T120/><D129/><U54/><E131/><V132/><F132/><W19/><G135/><T88/><D134/><U79/><E54/><V108/><F108/><W69/><G30/><T11/><D120/><U133/><E55/><V124/><F124/><W13/><G80/><T38/><D38/><U15/><E15/><V18/><F123/><W66/><G58/><N who="0" m="34895" /><D126/><U7/><E7/><V103/><F103/><N who="1" m="39497" /><E107/><V42/><F42/><W127/><G127/><T57/><D2/><U36/><E36/><V117/><F117/><W32/><G32/><T121/><D121/><U12/><E12/><V4/><F4/><W46/><G46/><T51/><D88/><U65/><E65/><V97/><F97/><W5/><G5/><T25/><D25/><U74/><E133/><V125/><F27/><W64/><REACH who="3" step="1"/><G59/><REACH who="3" ten="414,210,188,178" step="2"/><T104/><D57/><U105/><E105/><V96/><F125/><W76/><G76/><N who="1" m="29226" /><E72/><V102/><F28/><W17/><G17/><T90/><D116/><U40/><E40/><V8/><F56/><W47/><G47/><T22/><D77/><U83/><E83/><V95/><F52/><W61/><G61/><T70/><D82/><U21/><E91/><AGARI ba="0,1" hai="0,3,8,14,16,18,23,26,81,86,91,95,96,102" machi="91" ten="30,2000,0" yaku="7,1,54,1" doraHai="122" who="2" fromWho="1" sc="414,0,210,-20,188,30,178,0" />
</Scene>
<Scene>
<INIT seed="4,0,0,4,5,92" ten="414,190,218,178" oya="0" hai0="18,67,87,23,121,116,38,104,85,122,50,135,19" hai1="24,49,2,39,21,1,25,88,5,113,130,15,42" hai2="66,91,111,14,46,4,16,109,83,86,3,108,55" hai3="13,74,64,118,48,35,102,77,9,32,30,125,54"/><T34/><D104/><U6/><E39/><V75/><F66/><W129/><G118/><T98/><D38/><U36/><E36/><V47/><F75/><W52/><G64/><T10/><D34/><U51/><E130/><V45/><F3/><W12/><G129/><T97/><D116/><U37/><E37/><V7/><REACH who="2" step="1"/><F55/><REACH who="2" ten="414,190,208,178" step="2"/><W93/><G54/><T71/><D67/><U70/><E1/><V20/><AGARI ba="0,1" hai="4,7,14,16,20,45,46,47,83,86,91,108,109,111" machi="20" ten="40,8000,1" yaku="1,1,2,1,0,1,54,1,53,0" doraHai="92" doraHaiUra="124" who="2" fromWho="2" sc="414,-40,190,-20,208,90,178,-20" />
</Scene>
<Scene>
<INIT seed="5,0,0,4,0,85" ten="374,170,298,158" oya="1" hai0="103,87,12,59,108,91,133,51,53,105,102,126,23" hai1="39,114,129,119,86,21,18,54,19,118,78,66,104" hai2="77,40,96,20,93,11,25,43,106,69,42,84,57" hai3="128,44,64,61,125,107,4,88,45,50,65,116,56"/><U35/><E35/><V99/><F69/><W76/><G107/><T48/><D108/><U74/><E74/><V79/><F106/><W94/><G125/><T0/><D126/><U9/><E39/><V63/><F11/><W22/><G128/><T2/><D2/><U49/><E129/><V58/><F84/><N who="3" m="52487" /><G116/><T24/><D0/><U111/><E111/><V37/><F37/><W131/><G131/><T115/><D105/><U97/><E66/><N who="3" m="25706" /><G76/><N who="2" m="29257" /><F63/><W29/><G4/><T36/><D115/><U62/><E114/><V135/><F135/><W68/><G68/><T55/><D36/><U26/><E62/><V52/><F52/><N who="3" m="31767" /><G61/><T72/><D72/><U71/><E71/><V30/><F99/><W3/><G3/><T81/><D133/><U70/><E70/><V92/><F92/><W10/><G10/><T117/><D117/><U121/><E104/><V41/><N who="2" m="10240" /><DORA hai="130" /><V13/><F93/><W112/><G112/><T82/><D53/><U33/><E119/><V80/><F96/><W17/><G29/><T110/><D110/><U1/><E118/><V8/><F80/><W132/><G132/><T67/><D82/><U47/><E1/><V75/><F75/><W32/><G32/><T89/><D67/><U14/><E33/><V31/><F30/><W38/><G38/><T15/><D55/><U28/><E28/><V16/><AGARI ba="0,0" hai="8,13,16,20,25,31,57,58" m="10240,29257" machi="16" ten="40,2700,0" yaku="8,1,54,1" doraHai="85,130" who="2" fromWho="2" sc="374,-7,170,-13,298,27,158,-7" />
</Scene>
<Scene>
<INIT seed="6,0,0,3,1,24" ten="367,157,325,151" oya="2" hai0="120,61,50,70,19,46,60,125,78,89,11,65,31" hai1="106,90,75,79,94,127,15,82,81,115,111,2,27" hai2="54,6,121,85,41,132,32,18,97,124,96,108,47" hai3="40,13,34,58,52,16,28,87,105,131,62,37,39"/><V57/><F121/><W0/><G0/><T77/><D125/><U76/><E111/><V1/><F124/><W33/><G105/><T66/><D31/><U30/><E2/><V101/><F32/><W93/><G131/><T72/><D72/><U35/><E127/><V83/><F108/><W98/><G87/><T123/><D89/><U116/><E106/><V63/><F132/><W126/><G126/><T84/><D84/><U12/><E115/><V29/><F29/><W135/><G135/><T109/><D109/><U69/><E69/><V88/><F18/><W43/><G37/><T110/><D110/><U26/><E26/><V22/><F22/><W38/><G38/><T86/><D86/><U122/><E116/><V95/><F97/><W92/><G92/><T114/><D114/><U23/><E35/><V53/><F53/><W9/><G39/><T119/><D119/><U99/><E122/><V133/><F133/><W44/><G28/><T59/><D120/><U129/><E129/><V17/><F17/><W21/><G21/><T103/><D103/><U51/><E51/><N who="2" m="27119" /><F1/><W117/><G117/><T8/><D123/><U113/><E113/><V7/><AGARI ba="0,0" hai="6,7,54,57,63,83,85,88,95,96,101" m="27119" machi="7" ten="30,3000,0" yaku="8,1,54,1" doraHai="24" who="2" fromWho="2" sc="367,-10,157,-10,325,30,151,-10" />
</Scene>
<Scene>
<INIT seed="6,1,0,0,3,26" ten="357,147,355,141" oya="2" hai0="118,48,130,24,126,11,44,25,124,51,85,10,7" hai1="22,107,122,45,106,123,52,92,8,29,31,28,40" hai2="131,1,13,65,37,16,21,46,3,114,6,99,133" hai3="97,110,102,27,30,5,4,112,34,84,79,42,91"/><V54/><F114/><W127/><G110/><T61/><D130/><U0/><E22/><V77/><F131/><W119/><G119/><T100/><D100/><U113/><E113/><V90/><F65/><W120/><G112/><T80/><D118/><U33/><E33/><V59/><F77/><W47/><G79/><N who="0" m="46239" /><D61/><U103/><E52/><V78/><F78/><W63/><G63/><T86/><D86/><U125/><E125/><N who="0" m="48233" /><D51/><N who="1" m="27047" /><E92/><V101/><F37/><W68/><G68/><T83/><D83/><U17/><E103/><V129/><F101/><W57/><G127/><T74/><D74/><U115/><E115/><V2/><F129/><W82/><G57/><T75/><D75/><U109/><E109/><V18/><F59/><W32/><G32/><T15/><D11/><U69/><E69/><V12/><F46/><W87/><G87/><T94/><D94/><U23/><E8/><V104/><F21/><W134/><G120/><N who="1" m="46122" /><E0/><V64/><F1/><W89/><G89/><T73/><D73/><U43/><E43/><AGARI ba="1,0" hai="7,10,15,24,25,43,44,48" m="48233,46239" machi="43" ten="30,2000,0" yaku="25,1,18,1" doraHai="26" who="0" fromWho="1" sc="357,23,147,-23,355,0,141,0" />
</Scene>
<Scene>
<INIT seed="7,0,0,2,4,61" ten="380,124,355,141" oya="3" hai0="72,17,4,100,56,89,99,54,122,49,65,128,60" hai1="48,96,109,127,58,41,104,69,30,68,62,70,11" hai2="124,28,83,79,116,33,29,78,19,112,52,91,44" hai3="63,87,39,3,5,135,82,88,53,113,34,37,84"/><W108/><G34/><T36/><D72/><U74/><E109/><V120/><F116/><W2/><G108/><T114/><D36/><U16/><E74/><V75/><F112/><W80/><G113/><T20/><D122/><U51/><E127/><V21/><F124/><W13/><G135/><T110/><D110/><U55/><E30/><V10/><F120/><W90/><G13/><T38/><D38/><U77/><E77/><N who="2" m="29195" /><F33/><W45/><G5/><T93/><D128/><U50/><E41/><V35/><F35/><W121/><G121/><T76/><D76/><U6/><E16/><V119/><F119/><W32/><G32/><T132/><D4/><U26/><E26/><N who="2" m="14655" /><F10/><W101/><G101/><T27/><D132/><U9/><REACH who="1" step="1"/><E6/><REACH who="1" ten="380,114,355,141" step="2"/><V85/><F75/><W12/><G12/><T46/><D114/><U129/><E129/><V42/><F42/><W15/><G15/><T131/><D131/><U31/><E31/><V1/><F1/><W86/><G3/><T8/><D8/><U118/><E118/><V105/><F105/><W40/><G2/><T125/><D125/><U130/><E130/><V67/><F67/><W94/><G39/><T98/><D100/><U71/><N who="1" m="17408" /><DORA hai="43" /><U25/><E25/><V0/><F0/><W22/><G22/><T24/><D24/><U111/><E111/><V73/><F73/><W107/><G107/><T102/><D102/><U92/><E92/><V133/><F133/><W18/><G18/><T117/><D117/><U47/><E47/><V57/><F44/><W64/><G94/><T81/><D93/><U126/><E126/><RYUUKYOKU ba="0,1" sc="380,10,114,10,355,10,141,-30" hai0="17,20,27,46,49,54,56,60,65,81,89,98,99" hai1="9,11,48,50,51,55,58,62,96,104" hai2="28,29,52,57,83,85,91" owari="400,50.0,124,-28.0,365,17.0,111,-39.0" />
</Scene>
</mjloggm>