<mjloggm ver="2.3"><GO type="169" lobby="0"/><UN n0="%E3%83%A4%E3%82%AD%E3%83%B3" n1="%79%61%6D%69" n2="%E5%A4%AA%E3%81%8F%E3%81%AA%E3%81%84%E3%81%8A" n3="%4E%47%EF%BC%A0%E5%B7%9D%E6%9D%91%E8%BB%8D%E5%9B%A3" dan="16,16,18,16" rate="2139.12,2125.65,2201.99,2087.59" sx="M,M,M,M"/><TAIKYOKU oya="0"/>

<Scene>
<INIT seed="0,0,0,5,0,27" ten="250,250,250,250" oya="0" hai0="62,125,119,21,118,74,53,109,104,68,23,60,18" hai1="70,73,13,51,105,92,28,83,121,85,48,42,2" hai2="78,89,75,17,10,94,1,22,19,111,102,69,114" hai3="25,59,123,97,66,35,131,36,34,65,31,11,122"/><T64/><D74/><U107/><E2/><V55/><F114/><W44/><G131/><T134/><D104/><U106/><E70/><V30/><F69/><W0/><G35/><T112/><D112/><U7/><E121/><N who="3" m="46090" /><G97/><T61/><D125/><U49/><E73/><V108/><F102/><W26/><G26/><T5/><D134/><U132/><E132/><V128/><F128/><W101/><G101/><T16/><D5/><U41/><E92/><V72/><F1/><W63/><G0/><T91/><D109/><U45/><E41/><V43/><F10/><W76/><G11/><T96/><D91/><U20/><E7/><V117/><F43/><N who="3" m="22631" /><G76/><T99/><D96/><U3/><E3/><V12/><F78/><W116/><G116/><T81/><D81/><U47/><E42/><V46/><F117/><W39/><G39/><T67/><D99/><U82/><E82/><V120/><F120/><W113/><G113/><T56/><D23/><U6/><E6/><V14/><F75/><W37/><G37/><T87/><D87/><U33/><E33/><V58/><F72/><W86/><G86/><T4/><D4/><U100/><E100/><V80/><F80/><W9/><G9/><T52/><D18/><U103/><E103/><V129/><F19/><W50/><G50/><T98/><D98/><U110/><E110/><V90/><F111/><W8/><G8/><T84/><D84/><U126/><E107/><V130/><F108/><W24/><G24/><N who="0" m="14375" /><D61/><U79/><E106/><V93/><F129/><W95/><G95/><T124/><D124/><U54/><E126/><RYUUKYOKU ba="0,0" sc="250,15,250,-15,250,-15,250,15" hai0="52,53,56,60,62,64,67,68,118,119" hai3="25,31,34,59,63,65,66" />
</Scene>
<Scene>
<INIT seed="0,1,0,2,3,120" ten="265,235,235,265" oya="0" hai0="80,54,27,124,52,75,91,79,58,69,107,36,43" hai1="55,47,4,16,64,15,133,39,76,35,46,77,60" hai2="97,126,24,128,34,56,89,67,5,14,32,41,33" hai3="50,96,63,0,28,106,3,51,21,7,17,59,130"/><T100/><D69/><U95/><E35/><V105/><F41/><W121/><G130/><T85/><D124/><U68/><E4/><V73/><F73/><W44/><G28/><T9/><D27/><U87/><E133/><V113/><F113/><W49/><G44/><T103/><D9/><U90/><E39/><V116/><F128/><W125/><G125/><T30/><D30/><U57/><E47/><V40/><F40/><W98/><G121/><T119/><D119/><U135/><E135/><V84/><F126/><W61/><G7/><T123/><D123/><U112/><E112/><V13/><F24/><W53/><G63/><T81/><D107/><U12/><E12/><V20/><F20/><W25/><REACH who="3" step="1"/><G106/><REACH who="3" ten="265,235,235,255" step="2"/><T101/><REACH who="0" step="1"/><D58/><REACH who="0" ten="255,235,235,255" step="2"/><U37/><E57/><V71/><F56/><W70/><G70/><T72/><D72/><U22/><E68/><V66/><F105/><W6/><G6/><T127/><D127/><U19/><E46/><AGARI ba="1,2" hai="36,43,46,52,54,75,79,80,81,85,91,100,101,103" machi="46" ten="40,3900,0" yaku="1,1,54,1,53,0" doraHai="120" doraHaiUra="18" who="0" fromWho="1" sc="255,62,235,-42,235,0,255,0" />
</Scene>
<Scene>
<INIT seed="0,2,0,1,3,102" ten="317,193,235,255" oya="0" hai0="105,28,79,100,21,58,134,8,49,124,77,40,113" hai1="6,25,16,26,130,78,35,64,0,17,95,74,108" hai2="99,122,121,87,34,3,29,30,51,82,110,90,41" hai3="66,57,54,46,109,91,75,12,111,112,7,36,37"/><T9/><D113/><U120/><E64/><V103/><F3/><W44/><G75/><T5/><D124/><U55/><E74/><V118/><F110/><N who="3" m="41995" /><G112/><T31/><D134/><U93/><E78/><V62/><F118/><W32/><G32/><T10/><D5/><U115/><E108/><V133/><F133/><W24/><G24/><T126/><D126/><U123/><E115/><V61/><F41/><W83/><G66/><T1/><D1/><U53/><E0/><V132/><F51/><N who="3" m="30943" /><G83/><T97/><D58/><U60/><E60/><V65/><F62/><W69/><G91/><T104/><D21/><U2/><E2/><V81/><F81/><W116/><G69/><T96/><D79/><U135/><E135/><V42/><F132/><W76/><G76/><T72/><D77/><U86/><E35/><V128/><F34/><W71/><G71/><T50/><D72/><U129/><REACH who="1" step="1"/><E6/><REACH who="1" ten="317,183,235,255" step="2"/><V22/><F65/><W45/><G116/><T39/><D39/><U11/><E11/><AGARI ba="2,1" hai="7,11,12,36,37,44,45,46" m="30943,41995" machi="11" ten="30,1000,0" yaku="14,1" doraHai="102" who="3" fromWho="1" sc="317,0,183,-16,235,0,255,26" />
</Scene>
<Scene>
<INIT seed="1,0,0,5,2,134" ten="317,167,235,281" oya="1" hai0="51,80,49,44,9,119,78,59,55,58,45,133,25" hai1="83,42,32,52,108,67,129,73,86,93,109,128,71" hai2="48,94,125,10,68,75,43,60,17,6,7,30,14" hai3="130,21,72,77,39,117,35,98,24,114,28,31,118"/><U19/><E42/><V89/><F75/><W66/><G39/><T96/><D119/><N who="3" m="45577" /><G114/><T26/><D133/><U0/><E73/><V127/><F30/><W126/><G130/><N who="1" m="50282" /><E32/><V132/><F132/><W103/><G66/><T116/><D116/><U102/><E0/><V64/><F48/><W76/><G126/><N who="2" m="48137" /><F43/><W62/><G62/><T54/><D96/><AGARI ba="0,0" hai="6,7,10,14,17,60,64,68,89,94,96" m="48137" machi="96" ten="30,7700,0" yaku="18,1,52,3" doraHai="134" who="2" fromWho="0" sc="317,-77,167,0,235,77,281,0" />
</Scene>
<Scene>
<INIT seed="2,0,0,3,3,133" ten="240,167,312,281" oya="2" hai0="73,41,100,92,103,37,134,85,67,16,33,94,78" hai1="58,84,81,32,10,127,39,97,74,99,123,56,55" hai2="0,75,24,45,46,83,52,1,18,12,4,87,35" hai3="63,11,101,36,118,59,129,76,82,109,14,70,34"/><V98/><F98/><BYE who="2" /><W107/><G36/><T40/><D33/><U80/><E32/><V48/><F48/><W26/><G118/><UN n2="%E5%A4%AA%E3%81%8F%E3%81%AA%E3%81%84%E3%81%8A" /><T121/><D121/><U119/><E39/><V69/><F69/><W65/><G109/><T30/><D30/><U86/><E74/><V28/><F75/><W23/><G129/><T105/><D134/><U131/><E119/><V61/><F61/><W9/><G59/><T128/><D67/><U89/><E131/><V50/><F4/><W25/><G25/><T71/><D71/><U42/><E42/><V114/><F46/><W8/><G34/><T77/><D128/><U17/><E123/><V49/><F49/><W79/><G14/><T72/><D37/><U135/><E135/><V54/><F54/><W110/><G110/><T88/><D16/><U116/><E116/><V57/><F57/><W27/><G27/><T95/><D41/><U38/><E38/><V125/><F114/><W96/><REACH who="3" step="1"/><G82/><REACH who="3" ten="240,167,312,271" step="2"/><N who="0" m="49207" /><D40/><U115/><E115/><V124/><F0/><W44/><G44/><T43/><D43/><U117/><E117/><V132/><F1/><W64/><G64/><T53/><D53/><U60/><E58/><V13/><F132/><W106/><G106/><T104/><D105/><U31/><E56/><V111/><F111/><W122/><G122/><T5/><D104/><U21/><E55/><V3/><F3/><W102/><G102/><N who="0" m="38955" /><D5/><U126/><E81/><V19/><F12/><W120/><G120/><T90/><D90/><U113/><E80/><V2/><F2/><W7/><G7/><T22/><D22/><U6/><E89/><RYUUKYOKU ba="0,1" sc="240,15,167,-15,312,-15,271,15" hai0="72,73,77,78,92,94,95" hai3="8,9,11,23,26,63,65,70,76,79,96,101,107" />
</Scene>
<Scene>
<INIT seed="3,1,1,3,0,90" ten="255,152,297,286" oya="3" hai0="85,29,96,63,112,10,128,22,41,73,99,107,97" hai1="83,13,114,20,92,115,48,68,17,120,39,2,6" hai2="0,49,126,14,35,105,106,62,23,5,36,93,91" hai3="55,50,40,113,7,64,59,56,65,109,46,129,4"/><W84/><G113/><T116/><D73/><U131/><E39/><V38/><F35/><W53/><G129/><T130/><D116/><U8/><E68/><V125/><F0/><W117/><G117/><T124/><D112/><U30/><E120/><V102/><F102/><W16/><G109/><T134/><D41/><U32/><E131/><N who="0" m="50217" /><D124/><N who="2" m="47722" /><F49/><N who="3" m="30831" /><G84/><T52/><D10/><U80/><E48/><V127/><F62/><N who="3" m="36207" /><G16/><T42/><D42/><U26/><REACH who="1" step="1"/><E92/><REACH who="1" ten="255,142,297,286" step="2"/><V66/><F93/><W45/><G45/><T95/><D95/><U12/><E12/><V119/><F14/><W51/><G51/><T121/><D121/><U133/><E133/><V111/><F127/><W9/><G9/><T11/><D11/><U87/><E87/><V31/><F38/><W47/><G47/><T82/><D134/><U123/><E123/><V86/><F36/><W108/><G108/><T28/><D107/><U1/><E1/><V58/><F111/><W76/><G76/><T54/><D63/><U100/><E100/><V24/><F119/><W61/><G61/><T103/><D103/><U15/><E15/><V74/><F106/><W81/><G81/><AGARI ba="1,2" hai="2,6,8,13,17,20,26,30,32,80,81,83,114,115" machi="81" ten="40,5200,0" yaku="1,1,24,2,53,0" doraHai="90" doraHaiUra="101" who="1" fromWho="3" sc="255,0,142,75,297,0,286,-55" />
</Scene>
<Scene>
<INIT seed="4,0,0,4,1,35" ten="255,217,297,231" oya="0" hai0="24,68,66,0,50,74,7,97,116,65,62,19,126" hai1="13,79,119,88,8,52,85,63,71,18,10,6,27" hai2="120,70,99,60,82,44,28,133,20,90,48,45,64" hai3="75,67,92,40,95,84,22,14,42,26,122,58,128"/><T130/><D116/><U69/><E119/><V76/><F120/><W47/><G75/><T51/><D74/><U98/><E79/><V89/><F133/><W78/><G122/><T11/><D126/><U17/><E98/><V114/><F114/><W123/><G123/><T83/><D130/><U46/><E27/><V56/><F70/><W32/><G32/><T43/><D66/><U135/><E135/><V49/><F20/><W100/><G14/><T21/><D83/><U34/><E34/><V80/><F28/><N who="3" m="17495" /><G128/><T23/><D43/><U77/><E77/><V31/><F31/><W73/><G73/><T111/><D111/><U115/><E115/><V91/><F99/><N who="3" m="59495" /><G47/><T30/><REACH who="0" step="1"/><D97/><REACH who="0" ten="245,217,297,231" step="2"/><U9/><E71/><V94/><F80/><W127/><G127/><T29/><D29/><U2/><E69/><V87/><F82/><W125/><G125/><T1/><D1/><U118/><E118/><V41/><F76/><W57/><G78/><T107/><D107/><U38/><E2/><V4/><REACH who="2" step="1"/><F4/><REACH who="2" ten="245,217,287,231" step="2"/><W108/><G108/><T36/><D36/><U5/><E38/><V54/><AGARI ba="0,2" hai="41,44,45,48,49,54,56,60,64,87,89,90,91,94" machi="54" ten="20,8000,1" yaku="1,1,2,1,0,1,7,1,8,1,53,0" doraHai="35" doraHaiUra="113" who="2" fromWho="2" sc="245,-40,217,-20,287,100,231,-20" />
</Scene>
<Scene>
<INIT seed="5,0,0,5,4,52" ten="205,197,387,211" oya="1" hai0="85,103,46,117,37,123,60,40,125,2,56,42,128" hai1="131,90,129,122,69,94,92,38,119,45,73,108,118" hai2="17,28,67,59,50,115,0,66,113,77,79,71,10" hai3="88,34,22,132,114,68,5,83,54,124,78,20,21"/><U57/><E69/><V19/><F71/><W44/><G34/><T61/><D2/><U48/><E122/><V109/><F28/><W18/><G68/><T12/><D117/><U96/><E73/><V11/><F50/><W110/><G110/><T97/><D123/><U41/><E108/><V14/><F109/><W75/><G114/><N who="2" m="43529" /><F19/><W4/><G124/><T1/><D1/><U126/><E126/><V8/><F0/><W16/><G132/><T80/><D42/><U104/><E104/><V89/><F89/><W87/><G5/><T15/><D61/><U3/><E3/><V51/><F51/><W53/><G4/><T134/><D128/><N who="1" m="49227" /><E94/><V64/><F59/><W62/><G44/><T7/><D7/><U35/><E35/><V86/><F86/><W105/><G105/><T9/><D134/><U91/><E91/><V65/><N who="2" m="16896" /><DORA hai="93" /><V107/><F107/><W26/><G62/><T6/><D125/><U13/><E13/><V39/><F39/><W99/><G75/><T47/><D15/><U121/><E121/><V133/><F133/><W72/><G72/><T70/><D70/><U106/><E106/><V130/><F130/><W82/><G18/><T24/><D37/><U81/><E81/><V43/><F17/><W25/><G16/><T63/><D12/><U112/><E112/><V31/><F14/><W23/><N who="3" m="5120" /><DORA hai="58" /><W76/><G83/><T100/><D80/><U135/><E135/><V32/><F32/><W29/><G29/><T84/><D6/><U27/><E27/><V120/><F31/><W98/><G25/><T36/><D24/><RYUUKYOKU ba="0,0" sc="205,-10,197,30,387,-10,211,-10" hai1="38,41,45,48,57,90,92,96,118,119" />
</Scene>
<Scene>
<INIT seed="5,1,0,0,4,47" ten="195,227,377,201" oya="1" hai0="83,24,23,4,18,122,41,130,36,42,80,31,14" hai1="29,35,30,63,101,113,33,20,49,128,53,55,118" hai2="72,115,87,37,95,119,121,104,0,98,70,116,5" hai3="1,103,127,105,91,62,48,7,126,38,25,92,84"/><U99/><E118/><V39/><F87/><W51/><G38/><N who="2" m="14345" /><F95/><W108/><G108/><T28/><D130/><U58/><E128/><V81/><F70/><W19/><G62/><T86/><D122/><U85/><E85/><V74/><F121/><W135/><G135/><T89/><D36/><U132/><E132/><V6/><F6/><W68/><G68/><T46/><D83/><U21/><E113/><V65/><F65/><W3/><G105/><T100/><D100/><U94/><E30/><N who="0" m="11305" /><D46/><U75/><E75/><V66/><F66/><W50/><G103/><T8/><AGARI ba="1,0" hai="4,8,14,18,23,24,41,42,80,86,89" m="11305" machi="8" ten="30,1100,0" yaku="8,1" doraHai="47" who="0" fromWho="0" sc="195,14,227,-6,377,-4,201,-4" />
</Scene>
<Scene>
<INIT seed="6,0,0,5,1,0" ten="209,221,373,197" oya="2" hai0="121,85,16,20,102,103,68,83,52,48,8,2,42" hai1="123,45,17,92,1,128,55,70,5,9,106,89,126" hai2="12,122,57,107,47,95,50,124,60,28,98,93,7" hai3="54,82,56,72,32,76,51,23,104,115,84,24,39"/><V91/><F107/><W133/><G104/><T19/><D68/><U13/><E106/><V40/><F122/><W86/><G133/><T116/><D121/><U22/><E123/><V69/><F69/><W77/><G39/><T81/><D42/><U101/><E126/><V58/><F28/><W131/><G131/><T87/><D116/><U4/><E70/><V127/><F60/><W27/><G115/><T90/><D2/><U129/><E101/><N who="0" m="38409" /><D8/><U64/><E64/><V10/><F93/><W125/><G125/><AGARI ba="0,0" hai="7,10,12,40,47,50,57,58,91,95,98,124,125,127" machi="125" ten="40,3900,0" yaku="18,1,52,1" doraHai="0" who="2" fromWho="3" sc="209,0,221,0,373,39,197,-39" />
</Scene>
<Scene>
<INIT seed="6,1,0,3,5,72" ten="209,221,412,158" oya="2" hai0="81,22,121,41,34,119,3,109,53,101,71,56,11" hai1="57,13,86,37,43,127,134,46,114,96,55,44,60" hai2="132,116,107,87,99,83,125,93,100,98,103,62,95" hai3="21,7,135,104,5,124,88,0,69,25,80,33,1"/><V45/><F45/><W90/><G104/><T126/><D34/><U15/><E114/><V131/><F62/><W23/><G69/><T30/><D109/><U38/><E127/><V2/><F2/><W74/><G33/><T91/><D121/><U14/><E134/><V40/><F40/><W112/><G135/><T110/><D71/><U20/><E96/><V58/><F58/><W16/><G124/><T123/><D123/><U113/><E113/><V51/><F51/><W47/><G112/><T27/><D110/><U64/><E86/><V19/><F19/><W49/><G1/><T6/><D126/><U76/><E76/><N who="2" m="46567" /><F125/><W97/><G0/><T133/><D133/><U106/><E106/><N who="2" m="63767" /><F132/><W18/><G74/><T82/><D41/><U102/><E38/><V61/><F61/><W84/><G90/><T78/><D91/><U42/><E20/><V31/><F31/><W68/><G97/><T120/><D120/><U36/><E64/><V122/><F122/><W4/><G68/><T24/><D78/><U130/><E36/><V85/><F116/><W52/><G23/><T79/><D79/><U65/><E37/><V54/><F54/><W111/><G111/><T117/><D27/><U75/><E55/><V128/><F85/><W70/><G70/><T63/><D119/><U105/><E42/><V8/><F8/><W115/><G115/><T67/><D117/><U73/><E43/><V129/><AGARI ba="1,0" hai="93,95,99,103,107,128,129,131" m="63767,46567" machi="129" ten="30,11700,0" yaku="19,1,34,2,52,1" doraHai="72" who="2" fromWho="2" sc="209,-40,221,-40,412,120,158,-40" />
</Scene>
<Scene>
<INIT seed="6,2,0,1,0,29" ten="169,181,532,118" oya="2" hai0="99,79,64,15,19,52,46,53,126,96,81,98,33" hai1="56,69,36,38,31,90,132,43,62,24,77,93,73" hai2="39,8,4,85,60,13,107,128,120,124,32,41,113" hai3="65,102,108,86,11,127,74,84,2,89,51,122,16"/><V100/><F60/><W135/><G122/><T25/><D126/><U75/><E69/><V22/><F22/><W20/><G108/><T54/><D64/><U87/><E132/><V50/><F85/><W70/><G74/><T118/><D118/><U34/><E77/><V95/><F95/><W111/><G111/><T80/><D33/><U71/><E71/><V59/><F50/><W18/><G135/><T92/><D25/><U45/><E38/><V3/><F13/><W63/><G127/><T134/><D134/><U106/><E106/><V5/><F59/><W47/><G102/><N who="0" m="60679" /><D46/><U49/><E36/><V14/><F32/><W0/><G11/><N who="0" m="6655" /><D79/><U115/><E115/><V35/><F35/><W37/><G37/><T119/><D119/><U125/><E125/><V30/><F124/><W44/><G44/><T117/><D117/><U76/><E76/><V133/><F133/><W55/><G18/><T27/><D27/><U114/><E114/><V97/><F113/><W1/><REACH who="3" step="1"/><G89/><REACH who="3" ten="169,181,532,108" step="2"/><T42/><D42/><U21/><E73/><V82/><F41/><W67/><G67/><T110/><D110/><U12/><E75/><V103/><F39/><W7/><G7/><T23/><D23/><U26/><E21/><V101/><F4/><W116/><G116/><T78/><D78/><U105/><E45/><V72/><F5/><W88/><G88/><T40/><D40/><U94/><E90/><V10/><F72/><W131/><G131/><T28/><D28/><U104/><E43/><V129/><F128/><W123/><G123/><T6/><D6/><U66/><E31/><RYUUKYOKU ba="2,1" sc="169,15,181,-15,532,-15,108,15" hai0="52,53,54,80,81,98,99" hai3="0,1,2,16,20,47,51,55,63,65,70,84,86" />
</Scene>
<Scene>
<INIT seed="7,3,1,1,5,2" ten="184,166,517,123" oya="3" hai0="130,18,44,6,9,93,78,28,111,63,10,106,72" hai1="45,15,126,29,14,114,112,87,52,64,131,60,133" hai2="73,19,20,43,96,80,103,22,0,49,21,105,56" hai3="116,91,12,104,25,84,83,121,98,26,97,47,5"/><W41/><G116/><T92/><D111/><U7/><E126/><V113/><F0/><W36/><G121/><T1/><D106/><U59/><E131/><V120/><F120/><W53/><G53/><T71/><D28/><U74/><E74/><V77/><F113/><N who="1" m="43625" /><E133/><V24/><F43/><W66/><G66/><T101/><D101/><U42/><E29/><V65/><F65/><W128/><G128/><T27/><D92/><U135/><E135/><V95/><F49/><N who="3" m="26863" /><G104/><T34/><D44/><U127/><E127/><V102/><F56/><W30/><G36/><T107/><D63/><N who="1" m="36327" /><E7/><V48/><F48/><W54/><G54/><T16/><D1/><U51/><E87/><V55/><F55/><W94/><G30/><T81/><D81/><U110/><E110/><V62/><F62/><W75/><G75/><T115/><D78/><U123/><E123/><V35/><F35/><W125/><G125/><T33/><D107/><U129/><E129/><V108/><F108/><W4/><G98/><T39/><D39/><U69/><AGARI ba="3,1" hai="14,15,42,45,51,60,64,69" m="36327,43625" machi="69" ten="30,2000,0" yaku="15,1,54,1" doraHai="2" who="1" fromWho="1" sc="184,-8,166,39,517,-8,123,-13" owari="176,-22.0,205,1.0,509,60.0,110,-39.0" />
</Scene>
</mjloggm>