<mjloggm ver="2.3"><GO type="169" lobby="0"/><UN n0="%70%70%61%61%6F%6F" n1="%4B%69%72%63%68%65" n2="%E3%81%86%E3%81%83%E3%83%BC%E3%81%A1%E3%82%83%E3%82%93" n3="%E5%A4%AA%E3%81%8F%E3%81%AA%E3%81%84%E3%81%8A" dan="17,17,17,17" rate="2142.37,2132.16,2123.09,2167.54" sx="M,M,M,M"/><TAIKYOKU oya="0"/>

<Scene>
<INIT seed="0,0,0,1,5,118" ten="250,250,250,250" oya="0" hai0="63,37,135,6,119,17,3,103,45,62,0,51,89" hai1="27,36,18,70,33,86,104,22,53,54,77,32,90" hai2="98,46,19,85,4,124,10,122,58,112,92,97,84" hai3="65,20,12,101,109,102,127,34,73,7,61,88,35"/><T16/><D119/><U57/><E70/><V80/><F124/><W56/><G73/><T31/><D37/><U1/><E104/><V82/><F112/><W25/><G127/><T71/><D103/><U40/><E1/><V68/><F68/><W129/><G109/><T21/><D135/><U28/><E77/><V72/><F72/><W120/><G129/><T66/><D63/><U24/><E33/><V121/><F19/><W79/><G79/><T128/><D128/><U38/><E40/><V49/><F58/><W9/><G35/><T43/><D31/><U76/><E76/><V52/><F85/><W106/><G34/><T14/><D6/><U2/><E2/><V110/><F110/><W42/><G106/><T95/><REACH who="0" step="1"/><D17/><REACH who="0" ten="240,250,250,250" step="2"/><U55/><REACH who="1" step="1"/><E57/><REACH who="1" ten="240,240,250,250" step="2"/><V39/><F39/><W15/><G56/><T59/><D59/><U29/><E29/><V123/><F123/><W134/><G120/><T125/><D125/><U69/><E69/><V108/><F108/><W105/><G134/><T99/><AGARI ba="0,2" hai="0,3,14,16,21,43,45,51,62,66,71,89,95,99" machi="99" ten="20,7800,0" yaku="1,1,0,1,7,1,54,1,53,0" doraHai="118" doraHaiUra="114" who="0" fromWho="0" sc="240,98,240,-26,250,-26,250,-26" />
</Scene>
<Scene>
<INIT seed="0,1,0,3,3,62" ten="338,214,224,224" oya="0" hai0="84,131,52,81,76,46,129,29,114,63,61,101,122" hai1="17,103,73,50,115,32,113,1,3,8,100,48,24" hai2="55,44,124,106,135,75,107,36,83,79,28,77,132" hai3="72,134,56,117,120,0,9,112,89,35,95,40,26"/><T119/><D114/><N who="1" m="43531" /><E73/><V66/><F28/><W43/><G112/><T116/><D122/><U23/><E32/><V18/><F18/><W74/><G117/><N who="0" m="45131" /><D101/><N who="1" m="38987" /><E8/><V30/><F30/><W123/><G134/><N who="2" m="51241" /><F124/><W4/><G35/><T64/><D29/><U102/><N who="1" m="38995" /><U22/><DORA hai="92" /><E23/><V10/><F10/><W90/><G26/><T53/><D46/><U54/><E50/><N who="2" m="29127" /><F36/><W41/><G56/><AGARI ba="1,0" hai="1,3,17,22,24,48,54,56" m="38995,43531" machi="56" ten="40,1300,0" yaku="11,1" doraHai="62,92" who="1" fromWho="3" sc="338,0,214,16,224,0,224,-16" />
</Scene>
<Scene>
<INIT seed="1,0,0,4,2,87" ten="338,230,224,208" oya="1" hai0="30,35,32,13,22,113,89,6,78,12,82,2,134" hai1="85,7,80,39,86,27,28,115,49,23,127,88,133" hai2="42,50,70,18,75,77,63,37,25,130,103,109,21" hai3="48,58,1,101,55,40,9,43,100,132,11,102,47"/><U76/><E39/><V54/><F130/><W110/><G110/><T59/><D113/><U116/><E115/><V95/><F109/><W29/><G132/><T93/><D134/><U67/><E133/><V56/><F77/><W92/><G29/><T105/><D105/><U69/><E116/><V38/><F95/><W135/><G135/><T99/><D2/><U79/><E127/><V108/><F103/><W8/><G1/><T96/><D35/><U129/><E129/><V84/><F75/><W98/><REACH who="3" step="1"/><G43/><REACH who="3" ten="338,230,224,198" step="2"/><T53/><D32/><U81/><E7/><V114/><F108/><W124/><G124/><T112/><D112/><U44/><E69/><V41/><F114/><W66/><G66/><T14/><D30/><U131/><E131/><V120/><F120/><W90/><G90/><T52/><D6/><U71/><E71/><V17/><F42/><W119/><G119/><T57/><D22/><U36/><E67/><V123/><F21/><W20/><G20/><T4/><D4/><U64/><E64/><V118/><F123/><W33/><G33/><T15/><D53/><N who="1" m="29863" /><E36/><AGARI ba="0,1" hai="8,9,11,36,40,47,48,55,58,92,98,100,101,102" machi="36" ten="40,1300,0" yaku="1,1,53,0" doraHai="87" doraHaiUra="16" who="3" fromWho="1" sc="338,0,230,-13,224,0,198,23" />
</Scene>
<Scene>
<INIT seed="2,0,0,0,2,11" ten="338,217,224,221" oya="2" hai0="50,71,110,58,121,101,18,31,135,57,82,39,125" hai1="6,9,75,120,132,59,34,60,119,4,97,21,118" hai2="98,43,123,48,68,116,16,127,40,37,14,32,72" hai3="129,115,76,46,53,100,105,109,52,96,73,126,25"/><V94/><F72/><W89/><G109/><T79/><D39/><U134/><E34/><V104/><F104/><W113/><G129/><T112/><D71/><U24/><E75/><V108/><F68/><W90/><G126/><T86/><D112/><N who="3" m="43081" /><G25/><T85/><D121/><U78/><E78/><V2/><F32/><W95/><G46/><T51/><D110/><U122/><E97/><V56/><F2/><W64/><G64/><T66/><D125/><U45/><E45/><V99/><F127/><W17/><G17/><T20/><D135/><N who="1" m="51755" /><E60/><V19/><F123/><N who="1" m="47145" /><E59/><N who="0" m="22537" /><D101/><U61/><E61/><V92/><F116/><N who="1" m="44585" /><E9/><N who="2" m="6223" /><F108/><W7/><G90/><T49/><D86/><U12/><E12/><V63/><F98/><N who="3" m="57711" /><G76/><T69/><D69/><U3/><E3/><V103/><F92/><W62/><G73/><T42/><D66/><U80/><E80/><V38/><F63/><W47/><G62/><T35/><D35/><U77/><E77/><V36/><F103/><W27/><G100/><T44/><D42/><U5/><E5/><V10/><F43/><W124/><G124/><T107/><D107/><U106/><E106/><V67/><F40/><W15/><G105/><T28/><D44/><U55/><E55/><N who="2" m="31847" /><F67/><W84/><G53/><T81/><D81/><U91/><E91/><V26/><F99/><W117/><G96/><T13/><AGARI ba="0,0" hai="13,18,20,28,31,49,50,51,79,82,85" m="22537" machi="13" ten="30,2000,0" yaku="8,1,52,1" doraHai="11" who="0" fromWho="0" sc="338,20,217,-5,224,-10,221,-5" />
</Scene>
<Scene>
<INIT seed="3,0,0,1,4,133" ten="358,212,214,216" oya="3" hai0="84,121,123,95,122,97,25,67,102,31,104,34,14" hai1="79,54,87,99,66,72,73,89,107,27,71,92,42" hai2="116,58,86,11,128,48,103,80,65,110,7,47,63" hai3="18,68,52,75,9,127,118,113,13,82,4,20,46"/><W93/><G113/><T132/><D132/><U85/><E42/><V55/><F128/><W83/><G118/><T33/><D33/><U26/><E54/><V105/><F110/><W28/><G68/><T49/><D67/><U98/><E66/><V78/><F116/><W124/><G28/><T74/><D74/><N who="1" m="28779" /><E71/><V15/><F105/><W101/><G101/><AGARI ba="0,0" hai="7,11,15,47,48,55,58,63,65,78,80,86,101,103" machi="101" ten="40,1300,0" yaku="8,1" doraHai="133" who="2" fromWho="3" sc="358,0,212,0,214,13,216,-13" />
</Scene>
<Scene>
<INIT seed="4,0,0,2,4,111" ten="358,212,227,203" oya="0" hai0="95,83,27,64,51,14,88,84,23,43,92,130,65" hai1="122,16,5,115,41,10,25,77,127,60,13,56,121" hai2="93,0,36,70,39,120,61,105,67,38,102,9,18" hai3="37,73,17,131,100,44,106,87,72,81,82,45,68"/><T75/><D130/><U62/><E127/><V19/><F120/><W50/><G68/><T7/><D75/><U4/><E77/><V40/><F93/><N who="0" m="35914" /><D7/><U24/><E41/><V97/><F19/><W15/><G131/><T42/><D14/><U76/><E76/><V119/><F18/><W71/><G71/><T29/><D43/><U101/><E101/><V123/><F123/><N who="1" m="47113" /><E56/><V57/><F57/><W135/><G135/><T6/><D6/><N who="1" m="2667" /><E60/><V20/><F9/><W98/><G37/><T31/><D31/><U79/><E79/><V74/><F0/><W80/><G87/><T118/><D118/><U129/><E62/><V35/><F119/><W69/><G69/><T107/><D107/><U66/><E66/><V8/><F67/><W46/><REACH who="3" step="1"/><G50/><REACH who="3" ten="358,212,227,193" step="2"/><T47/><AGARI ba="0,1" hai="23,27,29,42,47,51,64,65,83,84,88" m="35914" machi="47" ten="30,3000,0" yaku="8,1,54,1" doraHai="111" who="0" fromWho="0" sc="358,40,212,-10,227,-10,193,-10" />
</Scene>
<Scene>
<INIT seed="4,1,0,2,0,5" ten="398,202,217,183" oya="0" hai0="74,13,75,37,24,90,62,94,36,68,106,54,131" hai1="40,64,83,9,82,129,132,25,59,102,41,121,95" hai2="112,7,11,110,15,89,17,134,12,97,56,91,111" hai3="16,118,47,23,51,66,84,20,96,123,22,77,46"/><T135/><D106/><U81/><E121/><V14/><F134/><W39/><G118/><T113/><D135/><U49/><E132/><V2/><F112/><W87/><G123/><T35/><D113/><U31/><E129/><V42/><F42/><W85/><G66/><T93/><D131/><U34/><E102/><V38/><F38/><W119/><G119/><T73/><D94/><U127/><E127/><V115/><F115/><W1/><G1/><T103/><D103/><U101/><E101/><V86/><F17/><W105/><G105/><T48/><D68/><U60/><E95/><V3/><F3/><W99/><G77/><T44/><D62/><U125/><E125/><V50/><F97/><N who="3" m="37451" /><G39/><T33/><D13/><U78/><E78/><V55/><REACH who="2" step="1"/><F91/><REACH who="2" ten="398,202,207,183" step="2"/><W58/><G16/><T10/><D37/><U26/><E41/><V104/><F104/><W30/><G30/><T43/><D36/><U120/><E120/><V70/><F70/><W98/><G98/><T80/><D43/><U0/><E0/><V28/><F28/><W88/><G88/><T71/><D90/><U67/><E40/><V117/><F117/><W27/><G27/><T29/><D71/><U63/><E26/><V79/><F79/><W122/><G122/><T128/><D24/><U32/><E25/><V124/><F124/><W4/><G4/><T8/><D29/><U53/><E31/><V116/><F116/><W18/><G18/><T61/><D128/><U52/><E34/><V69/><F69/><W114/><G114/><T133/><D35/><U92/><E32/><V76/><F76/><RYUUKYOKU ba="1,1" sc="398,-15,202,-15,207,15,183,15" hai2="2,7,11,12,14,15,50,55,56,86,89,110,111" hai3="20,22,23,46,47,51,58,84,85,87" />
</Scene>
<Scene>
<INIT seed="5,2,1,5,1,79" ten="383,187,222,198" oya="1" hai0="96,116,134,28,85,5,117,90,3,12,9,114,0" hai1="17,71,121,57,98,110,77,106,80,50,49,46,54" hai2="92,36,74,38,33,126,67,58,75,83,70,69,111" hai3="10,72,102,59,97,113,7,101,112,48,89,31,55"/><U122/><E71/><V104/><F33/><W24/><G72/><T127/><D114/><N who="3" m="44137" /><G89/><T16/><D134/><U135/><E135/><V44/><F104/><W62/><G97/><T64/><D127/><U47/><E110/><V66/><F92/><W34/><G62/><T107/><D64/><U22/><E106/><V82/><F58/><W32/><G32/><T41/><D41/><U123/><E98/><V129/><F44/><W6/><G6/><T120/><D120/><U4/><E4/><V13/><F13/><AGARI ba="2,1" hai="7,10,13,24,31,34,48,55,59,101,102" m="44137" machi="13" ten="30,1000,0" yaku="15,1" doraHai="79" who="3" fromWho="2" sc="383,0,187,0,222,-16,198,26" />
</Scene>
<Scene>
<INIT seed="6,0,0,4,5,97" ten="383,187,206,224" oya="2" hai0="51,6,87,25,26,134,66,109,18,127,60,32,22" hai1="89,27,84,2,38,35,48,41,47,3,135,31,46" hai2="93,65,120,23,103,132,77,61,107,125,91,42,110" hai3="121,5,52,50,30,85,7,101,123,119,64,111,67"/><V19/><F120/><W57/><G111/><T45/><D109/><U100/><E135/><V63/><F110/><W71/><G119/><T34/><D6/><U54/><REACH who="1" step="1"/><E100/><REACH who="1" ten="383,177,206,224" step="2"/><V126/><F132/><W0/><G101/><T75/><D134/><U10/><E10/><V122/><F122/><W118/><G123/><T72/><D127/><U12/><E12/><V20/><F103/><W88/><G121/><T113/><D113/><U39/><E39/><V69/><F126/><W55/><G118/><T73/><D26/><U102/><E102/><V112/><F125/><W43/><G0/><T128/><D25/><U108/><E108/><V21/><F112/><W82/><G71/><T90/><D72/><U131/><E131/><V83/><F69/><W117/><G117/><T116/><D73/><U92/><AGARI ba="0,1" hai="2,3,27,31,35,38,41,46,47,48,54,84,89,92" machi="92" ten="20,2700,0" yaku="1,1,0,1,7,1,53,0" doraHai="97" doraHaiUra="98" who="1" fromWho="1" sc="383,-7,177,37,206,-13,224,-7" />
</Scene>
<Scene>
<INIT seed="7,0,0,0,0,47" ten="376,214,193,217" oya="3" hai0="82,58,93,114,27,22,75,17,79,2,117,108,15" hai1="11,25,14,124,62,127,112,88,8,35,0,99,38" hai2="36,72,3,45,64,83,131,20,16,51,101,49,7" hai3="56,52,111,81,133,39,31,80,37,92,50,107,121"/><W63/><G107/><T6/><D2/><U13/><E38/><V78/><F64/><W26/><G121/><T9/><D108/><U41/><E41/><N who="2" m="22695" /><F101/><W129/><G111/><T106/><D106/><U73/><E73/><V120/><F131/><W89/><G129/><T5/><D114/><U28/><E112/><V34/><F34/><W134/><G37/><T29/><D117/><U95/><E62/><V118/><F118/><W40/><G39/><T116/><D116/><U67/><E67/><V87/><F87/><N who="3" m="52287" /><G40/><T46/><D46/><U24/><E25/><N who="2" m="14471" /><F120/><W66/><G26/><T33/><D93/><U119/><E119/><V77/><F77/><W109/><G31/><T94/><D94/><U10/><E0/><V18/><F18/><W122/><G109/><T97/><D97/><U53/><E53/><V1/><F1/><W61/><G122/><T43/><D43/><U59/><E59/><V57/><F57/><N who="3" m="32919" /><G61/><T19/><D58/><U91/><E91/><V115/><F115/><W68/><G68/><T104/><D104/><U54/><E54/><V90/><F90/><W85/><G85/><T76/><D76/><U126/><AGARI ba="0,0" hai="8,10,11,13,14,24,28,35,88,95,99,124,126,127" machi="126" ten="40,5200,0" yaku="0,1,18,1,54,1" doraHai="47" who="1" fromWho="1" sc="376,-13,214,52,193,-13,217,-26" owari="363,46.0,266,7.0,180,-32.0,191,-21.0" />
</Scene>
</mjloggm>