<mjloggm ver="2.3"><GO type="169" lobby="0"/><UN n0="%E3%81%8A%E3%81%98%E3%81%95%E3%82%93" n1="%E3%81%84%E3%81%AA%E3%81%97%E3%82%93%E3%80%82" n2="%E5%A4%AA%E3%81%8F%E3%81%AA%E3%81%84%E3%81%8A" n3="%EF%BC%88%E2%88%AA%EF%BC%BE%CF%89%EF%BC%BE%EF%BC%89%E3%81%8A%EF%BC%81" dan="17,16,18,16" rate="2090.47,2135.70,2172.06,2094.01" sx="M,F,M,M"/><TAIKYOKU oya="0"/>

<Scene>
<INIT seed="0,0,0,4,0,50" ten="250,250,250,250" oya="0" hai0="53,16,40,97,7,55,52,64,9,76,20,31,5" hai1="78,28,126,113,134,85,100,104,74,95,121,131,129" hai2="105,1,83,41,36,114,67,23,98,56,112,91,118" hai3="6,44,106,65,17,87,80,72,59,2,103,75,63"/><T11/><D64/><U18/><E28/><V124/><F1/><W79/><G106/><T109/><D40/><U58/><E58/><V66/><F23/><W22/><G103/><T27/><D109/><U107/><E18/><V0/><F0/><W117/><G117/><T33/><D76/><U29/><E29/><V92/><F105/><N who="1" m="40521" /><E121/><V24/><F24/><W34/><G34/><T77/><D77/><U54/><E54/><V96/><F41/><W38/><G2/><T73/><D73/><U51/><E51/><V127/><F36/><W119/><G119/><T60/><D60/><U61/><E61/><V15/><F15/><W82/><G6/><N who="0" m="2059" /><D33/><U10/><E74/><V12/><F118/><W45/><G38/><T116/><D116/><U89/><E113/><V99/><F67/><W32/><G32/><T120/><D120/><U42/><E42/><V94/><F114/><W57/><G72/><T25/><D97/><N who="1" m="59455" /><E78/><V71/><F112/><W49/><G75/><T19/><D31/><U48/><E48/><V132/><F71/><W111/><G111/><T110/><D110/><U128/><E85/><V69/><F69/><W88/><G79/><T37/><D37/><U47/><E129/><V102/><F66/><W135/><G49/><T93/><D93/><U125/><E131/><V30/><F96/><W68/><G68/><T130/><D130/><U122/><E128/><V8/><F99/><W14/><G135/><T13/><D27/><U26/><E26/><V108/><F98/><W70/><G80/><T86/><D86/><U123/><E123/><V101/><F101/><RYUUKYOKU ba="0,0" sc="250,15,250,-15,250,-15,250,15" hai0="9,11,13,16,19,20,25,52,53,55" hai3="14,17,22,44,45,57,59,63,65,70,82,87,88" />
</Scene>
<Scene>
<INIT seed="0,1,0,5,1,67" ten="265,235,235,265" oya="0" hai0="92,44,62,104,34,82,20,28,5,126,36,25,81" hai1="16,59,102,10,74,71,21,63,101,97,27,51,80" hai2="60,131,109,49,12,69,4,23,1,86,134,13,40" hai3="127,99,90,30,122,31,128,78,116,47,52,93,61"/><T50/><D104/><U42/><E71/><V132/><F109/><W2/><G116/><T17/><D36/><U53/><E10/><N who="2" m="2319" /><F131/><W123/><G2/><T39/><D39/><U125/><E125/><V117/><F117/><W114/><G114/><T19/><D126/><U105/><E101/><V108/><F108/><W115/><G115/><T37/><D37/><U98/><E98/><V9/><F23/><W121/><G127/><T64/><D5/><U48/><REACH who="1" step="1"/><E42/><REACH who="1" ten="265,225,235,265" step="2"/><V133/><F40/><W33/><G128/><T112/><D112/><U66/><E66/><N who="2" m="41159" /><F9/><W56/><G33/><T77/><D34/><U124/><E124/><V43/><F43/><W91/><G121/><T41/><D92/><U113/><E113/><V29/><F133/><W87/><G122/><T100/><D100/><U58/><E58/><V11/><F11/><W84/><G123/><T120/><D120/><U0/><E0/><V88/><F132/><W18/><G47/><T70/><REACH who="0" step="1"/><D82/><REACH who="0" ten="255,225,235,265" step="2"/><U14/><E14/><V15/><F134/><W8/><G93/><T103/><D103/><U26/><E26/><V22/><F13/><W135/><G135/><T57/><D57/><U110/><E110/><V45/><F12/><W75/><G56/><T55/><D55/><U94/><E94/><N who="2" m="54551" /><F15/><W54/><G54/><T107/><D107/><U7/><E7/><V6/><F6/><W89/><G52/><T85/><AGARI ba="1,2" hai="17,19,20,25,28,41,44,50,62,64,70,77,81,85" machi="85" ten="20,7800,0" yaku="1,1,0,1,7,1,52,1,53,0" doraHai="67" doraHaiUra="119" who="0" fromWho="0" sc="255,101,225,-27,235,-27,265,-27" />
</Scene>
<Scene>
<INIT seed="0,2,0,1,0,20" ten="356,198,208,238" oya="0" hai0="22,43,87,15,57,79,104,98,122,78,19,13,115" hai1="89,68,92,40,46,134,52,4,21,12,128,0,35" hai2="81,33,48,75,70,49,32,102,82,44,8,61,38" hai3="117,65,45,83,73,1,74,109,16,132,121,2,54"/><T71/><D71/><U59/><E68/><V113/><F113/><W64/><G117/><T11/><D115/><U125/><E35/><V97/><F38/><W123/><G109/><T96/><D122/><U55/><E0/><V5/><F61/><W124/><G83/><N who="0" m="47607" /><D104/><U58/><E134/><V41/><F70/><W88/><G45/><T101/><D79/><U118/><E118/><V129/><F129/><W72/><G54/><N who="1" m="20522" /><E125/><V51/><F32/><W24/><G124/><T17/><D43/><U36/><E36/><V114/><F33/><W7/><G7/><N who="0" m="3327" /><D101/><U84/><E128/><V27/><F114/><W76/><G76/><T3/><D57/><U90/><E90/><V28/><F75/><W66/><G88/><T86/><D86/><U116/><E116/><V30/><F41/><W105/><G105/><T107/><D107/><U120/><E120/><N who="3" m="46154" /><G132/><T42/><D42/><U110/><E110/><V50/><F44/><W63/><G63/><T62/><D62/><U108/><E108/><V23/><F50/><W14/><G14/><N who="0" m="9527" /><D3/><N who="3" m="1033" /><G16/><T10/><AGARI ba="2,0" hai="10,15,19,96,98" m="9527,3327,47607" machi="10" ten="30,1500,0" yaku="8,1" doraHai="20" who="0" fromWho="0" sc="356,21,198,-7,208,-7,238,-7" />
</Scene>
<Scene>
<INIT seed="0,3,0,5,0,112" ten="377,191,201,231" oya="0" hai0="7,5,31,52,122,83,26,105,79,19,62,76,101" hai1="9,6,119,90,120,12,116,30,1,37,92,81,91" hai2="85,77,38,64,104,69,63,89,126,23,70,96,102" hai3="134,28,24,103,25,107,20,113,60,93,43,58,32"/><T72/><D122/><U94/><E37/><V115/><F115/><W110/><G113/><T13/><D79/><U127/><E120/><V67/><F126/><W41/><G134/><T131/><D131/><U78/><E127/><V80/><F38/><W54/><G110/><T130/><D130/><U10/><E30/><V50/><F50/><W108/><G108/><T17/><D101/><U87/><E92/><V132/><F132/><W29/><G107/><T14/><D105/><U2/><E91/><V18/><F77/><W118/><G118/><T124/><D124/><U73/><REACH who="1" step="1"/><E2/><REACH who="1" ten="377,181,201,231" step="2"/><V22/><F18/><AGARI ba="3,1" hai="1,6,9,10,12,18,73,78,81,87,90,94,116,119" machi="18" ten="30,8000,1" yaku="1,1,2,1,7,1,52,2,53,0" doraHai="112" doraHaiUra="117" who="1" fromWho="2" sc="377,0,181,99,201,-89,231,0" />
</Scene>
<Scene>
<INIT seed="1,0,0,4,0,87" ten="377,280,112,231" oya="1" hai0="24,76,43,13,53,14,79,93,54,55,7,31,56" hai1="5,135,99,37,67,75,4,16,100,18,57,2,11" hai2="17,102,122,86,113,19,134,73,59,20,116,50,36" hai3="45,23,92,49,127,95,125,132,98,81,129,133,41"/><U89/><E37/><V70/><F73/><W109/><G109/><T46/><D56/><U91/><E75/><V0/><F70/><W48/><G23/><N who="0" m="15775" /><D93/><N who="1" m="58479" /><E135/><N who="3" m="51786" /><G81/><T82/><D82/><U104/><E104/><V27/><F134/><W30/><G30/><T107/><D107/><U8/><E2/><V52/><F116/><W123/><G123/><T124/><D124/><N who="3" m="47689" /><G49/><N who="0" m="26847" /><D7/><N who="1" m="2635" /><E11/><V88/><F0/><W117/><G117/><T120/><D120/><U96/><E96/><V97/><F122/><W65/><G65/><T25/><D25/><U1/><E1/><V60/><F36/><W42/><G42/><T32/><D32/><U66/><E8/><V12/><F113/><W84/><G84/><T128/><D79/><U118/><E118/><V58/><F97/><W72/><G72/><T15/><D76/><U78/><E78/><V74/><F74/><W64/><G64/><N who="1" m="24618" /><E57/><N who="2" m="32919" /><F60/><W85/><G85/><T39/><D39/><U119/><E119/><V29/><F102/><N who="3" m="60743" /><G95/><T22/><D22/><U112/><E112/><V77/><F77/><W111/><G111/><T103/><D103/><U69/><E69/><V114/><F114/><W105/><G105/><T21/><D21/><U83/><E83/><N who="2" m="49247" /><F29/><W34/><G34/><T44/><D44/><U38/><E38/><V68/><F68/><W3/><G3/><T51/><D51/><U110/><E110/><V94/><F94/><W61/><G61/><T47/><D47/><U130/><E18/><V108/><F108/><W126/><G126/><T63/><D63/><U9/><E16/><V121/><F121/><W6/><G6/><T80/><D80/><RYUUKYOKU ba="0,0" sc="377,10,280,-30,112,10,231,10" hai0="13,14,15,53,54,55,128" hai2="12,17,19,20,27,58,59" hai3="41,45,48,129" />
</Scene>
<Scene>
<INIT seed="2,1,0,4,5,17" ten="387,250,122,241" oya="2" hai0="12,96,37,112,54,128,64,100,80,57,15,101,122" hai1="31,92,135,90,1,50,60,113,68,44,108,73,33" hai2="85,75,27,51,116,103,106,119,69,98,87,84,130" hai3="72,49,40,65,8,118,9,77,63,2,125,117,38"/><V10/><F69/><W93/><G125/><T81/><D37/><U30/><E1/><V39/><F39/><W45/><G93/><N who="0" m="58383" /><D112/><U58/><E113/><V95/><F10/><W109/><G9/><T18/><D122/><U52/><E68/><V48/><F75/><W35/><G35/><T55/><D101/><U53/><E73/><V83/><F130/><W14/><G109/><T94/><D94/><U26/><E135/><V88/><F27/><W62/><G62/><N who="0" m="37967" /><D12/><U34/><E108/><V61/><F61/><W86/><G2/><T42/><D42/><U79/><E79/><V46/><F51/><W67/><G67/><T43/><D43/><U59/><E31/><V36/><F36/><W104/><G104/><T132/><D132/><U124/><E124/><V66/><F66/><W74/><G74/><T13/><D13/><U131/><E131/><V0/><F0/><W25/><G38/><T23/><D128/><U3/><E3/><V7/><F7/><W70/><G72/><T121/><D121/><U102/><E102/><V16/><F16/><W6/><G25/><T22/><D22/><U4/><E4/><V89/><REACH who="2" step="1"/><F87/><REACH who="2" ten="387,250,112,241" step="2"/><W127/><G127/><T21/><D21/><U123/><E123/><V78/><F78/><W126/><G126/><T120/><D120/><U115/><E115/><V110/><F110/><W19/><G19/><T97/><D18/><U71/><E71/><V91/><F91/><W41/><G41/><AGARI ba="1,1" hai="41,46,48,83,84,85,88,89,95,98,103,106,116,119" machi="41" ten="30,5800,0" yaku="1,1,7,1,54,1,53,0" doraHai="17" doraHaiUra="11" who="2" fromWho="3" sc="387,0,250,0,112,71,241,-61" />
</Scene>
<Scene>
<INIT seed="2,2,0,0,0,105" ten="387,250,183,180" oya="2" hai0="44,127,112,121,100,130,15,119,102,39,43,126,12" hai1="54,71,10,3,123,53,72,94,5,122,77,56,41" hai2="79,48,85,86,11,49,60,32,59,128,129,118,1" hai3="93,91,109,106,68,13,42,133,55,9,17,110,38"/><V36/><F36/><W18/><G68/><T26/><D112/><U135/><E71/><V64/><F32/><W23/><G106/><T99/><D121/><N who="1" m="46091" /><E135/><V62/><F118/><W22/><G38/><T76/><D119/><U83/><E41/><V104/><F104/><W70/><G70/><T45/><D130/><N who="2" m="50282" /><F60/><W115/><G42/><N who="0" m="22623" /><D76/><U101/><E56/><V103/><F103/><N who="0" m="39466" /><D99/><AGARI ba="2,0" hai="3,5,10,53,54,72,77,83,94,99,101" m="46091" machi="99" ten="30,2000,0" yaku="13,1,52,1" doraHai="105" who="1" fromWho="0" sc="387,-26,250,26,183,0,180,0" />
</Scene>
<Scene>
<INIT seed="3,0,0,3,1,1" ten="361,276,183,180" oya="3" hai0="88,51,3,116,45,40,77,69,87,65,13,35,37" hai1="9,120,130,89,22,62,126,93,71,74,15,118,112" hai2="14,64,0,25,128,17,76,44,60,91,114,95,10" hai3="39,124,55,105,125,8,133,109,54,6,12,119,107"/><W117/><G39/><T27/><D3/><U36/><E120/><V115/><F128/><W21/><G21/><T83/><D116/><U61/><E36/><V111/><F111/><W103/><G103/><T110/><D110/><U43/><E43/><V131/><F131/><W92/><G109/><T47/><D65/><U24/><E74/><V33/><F76/><W19/><G133/><T86/><D69/><U2/><E2/><V34/><F0/><W85/><G85/><T7/><D35/><U97/><E112/><V135/><F135/><W102/><G92/><T79/><D27/><U53/><E126/><N who="3" m="48746" /><G102/><T78/><D87/><U18/><E130/><V56/><F34/><W129/><G129/><T123/><D123/><U122/><E122/><V58/><F33/><W84/><G84/><T52/><REACH who="0" step="1"/><D79/><REACH who="0" ten="351,276,183,180" step="2"/><U132/><E132/><V5/><F114/><W16/><G117/><T81/><D81/><U90/><E71/><V57/><F115/><W100/><G119/><T101/><D101/><U99/><E118/><V70/><F25/><W28/><G100/><T59/><D59/><N who="2" m="22602" /><F70/><W29/><G107/><T26/><D26/><U66/><E66/><V4/><F44/><W80/><G105/><T50/><D50/><U113/><E113/><V98/><AGARI ba="0,1" hai="4,5,10,14,17,58,60,64,91,95,98" m="22602" machi="98" ten="30,4000,0" yaku="8,1,52,2" doraHai="1" who="2" fromWho="2" sc="351,-10,276,-10,183,50,180,-20" />
</Scene>
<Scene>
<INIT seed="4,0,0,0,5,56" ten="341,266,233,160" oya="0" hai0="21,70,118,10,114,23,26,111,19,67,129,11,27" hai1="34,25,135,62,69,61,84,102,33,17,50,30,73" hai2="32,40,112,9,110,16,95,65,124,89,115,120,46" hai3="63,22,38,98,104,116,20,72,39,18,64,86,80"/><T42/><D42/><U45/><E73/><V113/><F110/><W109/><G116/><T128/><D67/><U43/><E135/><V81/><F120/><W48/><G109/><T8/><D70/><U77/><E69/><V49/><F32/><W88/><G72/><T57/><D57/><U100/><E34/><V7/><F124/><W119/><G119/><T55/><D55/><U75/><E75/><V91/><F65/><W47/><G22/><T132/><D111/><U97/><E17/><V60/><F60/><W83/><G83/><T3/><D132/><U90/><E77/><V28/><F28/><W134/><G134/><T127/><D118/><U12/><E12/><N who="2" m="5183" /><F81/><W52/><G104/><T0/><D114/><U87/><E87/><N who="2" m="52671" /><F91/><W68/><G98/><T125/><D11/><U99/><E99/><V5/><F16/><AGARI ba="0,0" hai="0,3,8,10,16,19,21,23,26,27,125,127,128,129" machi="16" ten="25,18000,2" yaku="22,2,34,3,54,1" doraHai="56" who="0" fromWho="2" sc="341,180,266,0,233,-180,160,0" />
</Scene>
<Scene>
<INIT seed="4,1,0,4,0,117" ten="521,266,53,160" oya="0" hai0="125,74,16,4,38,114,60,97,46,108,42,82,67" hai1="72,113,31,49,56,48,21,94,13,104,9,78,25" hai2="99,126,81,79,30,131,102,123,118,76,32,69,91" hai3="19,116,83,54,96,121,64,101,34,45,57,40,27"/><T112/><D108/><U55/><E104/><N who="2" m="63583" /><F30/><W58/><G116/><T0/><D125/><U100/><E113/><V66/><F66/><W128/><G128/><T15/><D97/><N who="1" m="59447" /><E72/><N who="2" m="43143" /><F32/><W105/><G83/><T61/><D82/><U92/><E92/><V93/><F69/><W23/><G34/><T5/><D74/><U107/><E107/><V63/><F63/><N who="0" m="24138" /><D0/><U41/><E78/><V120/><F118/><W50/><G64/><T1/><D1/><U87/><E87/><N who="2" m="52479" /><F79/><W68/><G68/><T20/><D67/><U28/><E28/><V53/><F53/><W29/><G29/><T35/><D35/><U8/><E13/><V39/><F39/><W7/><G7/><T133/><D114/><U109/><E109/><V2/><F2/><W52/><G54/><T115/><D112/><U65/><E65/><V106/><F106/><W119/><G119/><T44/><D115/><U98/><E41/><V17/><F131/><W47/><G47/><T122/><D4/><U14/><E48/><V135/><F126/><W77/><G77/><T26/><D5/><N who="1" m="3343" /><E9/><V84/><F135/><W70/><G70/><T132/><D132/><U12/><E12/><V80/><F17/><W110/><G110/><T90/><D133/><U75/><E75/><V71/><F71/><W22/><G22/><T59/><D20/><U111/><E111/><V95/><F80/><W103/><G57/><T73/><D59/><U62/><E62/><V37/><F37/><N who="3" m="21647" /><G103/><T130/><D38/><U88/><E88/><AGARI ba="1,0" hai="84,88,95,120,123" m="52479,43143,63583" machi="88" ten="30,12000,2" yaku="24,1,34,2,52,2,54,1" doraHai="117" who="2" fromWho="1" sc="521,0,266,-123,53,123,160,0" />
</Scene>
<Scene>
<INIT seed="5,0,0,0,1,118" ten="521,143,176,160" oya="1" hai0="12,52,17,82,78,42,4,90,53,56,102,11,1" hai1="41,126,22,63,37,24,18,135,103,92,100,7,84" hai2="87,59,109,119,55,54,131,128,64,123,67,5,115" hai3="3,21,127,10,50,31,39,62,13,91,70,112,45"/><U49/><E37/><V6/><F119/><W93/><G112/><T116/><D116/><U20/><E135/><V133/><F109/><W74/><G127/><T121/><D102/><U77/><E126/><V104/><F104/><W51/><G74/><T19/><D90/><N who="1" m="53319" /><E77/><V94/><F133/><W75/><G75/><T25/><D42/><U95/><E7/><N who="2" m="2571" /><F115/><W44/><G3/><T73/><D121/><U79/><E79/><V129/><F123/><W28/><G39/><T38/><D38/><U124/><E124/><V0/><F0/><W110/><G70/><T27/><D53/><N who="2" m="19978" /><F59/><W68/><G110/><T61/><D19/><N who="1" m="12319" /><E63/><V30/><F30/><W32/><G62/><T14/><D1/><U108/><E108/><V65/><F87/><N who="3" m="52479" /><G68/><T113/><D113/><U57/><E95/><AGARI ba="0,0" hai="64,65,67,94,95,128,129,131" m="19978,2571" machi="95" ten="40,5200,0" yaku="28,2,19,1" doraHai="118" who="2" fromWho="1" sc="521,0,143,-52,176,52,160,0" />
</Scene>
<Scene>
<INIT seed="6,0,0,4,5,66" ten="521,91,228,160" oya="2" hai0="30,8,111,105,108,13,14,132,93,41,29,58,43" hai1="20,26,87,120,17,7,113,9,127,96,21,34,54" hai2="71,35,134,4,102,119,22,70,27,104,33,24,117" hai3="31,99,2,1,78,5,126,86,40,75,45,62,82"/><V74/><F74/><W0/><G126/><T38/><D105/><U11/><E96/><V47/><F4/><W68/><G31/><T36/><D58/><U133/><E87/><V37/><F22/><N who="1" m="8809" /><E54/><V15/><F102/><W52/><G86/><T116/><D8/><U67/><E67/><V49/><F49/><W12/><G99/><T84/><D132/><U6/><E133/><V61/><F61/><W72/><G12/><T19/><D84/><U73/><E73/><V57/><F15/><W115/><G72/><T48/><D19/><U32/><E127/><V118/><F104/><W88/><G88/><T23/><D23/><N who="1" m="13679" /><E113/><V91/><F134/><W103/><G103/><T94/><D48/><U98/><E98/><V121/><F91/><W100/><G100/><T28/><D28/><U85/><E85/><V90/><F90/><W135/><G135/><T51/><D51/><U80/><E80/><V112/><F112/><W3/><G115/><T44/><D116/><U50/><E50/><V77/><F118/><W55/><G55/><T95/><D95/><U122/><E122/><V46/><F121/><W76/><G76/><T92/><D92/><U65/><E65/><V25/><F77/><W59/><G68/><T114/><D114/><U42/><E42/><V64/><F71/><W69/><G69/><T63/><D63/><U101/><E101/><V79/><F70/><W123/><G123/><T131/><D44/><U81/><E81/><V53/><F119/><W130/><G45/><T39/><D39/><U128/><E120/><V89/><F117/><W125/><G125/><RYUUKYOKU ba="0,0" sc="521,30,91,-10,228,-10,160,-10" hai0="13,14,29,30,36,38,41,43,93,94,108,111,131" />
</Scene>
<Scene>
<INIT seed="7,1,0,4,2,21" ten="551,81,218,150" oya="3" hai0="63,6,119,110,34,118,47,111,65,2,10,7,61" hai1="35,18,112,30,84,113,68,76,69,43,57,98,40" hai2="85,114,128,105,99,20,56,64,82,74,41,107,120" hai3="1,3,0,28,66,38,39,51,109,26,123,23,78"/><W130/><G123/><T129/><D7/><U62/><E98/><V92/><F41/><N who="1" m="15945" /><E84/><V58/><F74/><W90/><G109/><T11/><D47/><U115/><E76/><V31/><F114/><N who="1" m="29185" /><U135/><DORA hai="48" /><E18/><V131/><F120/><W132/><G130/><T93/><D129/><U80/><E80/><V71/><F85/><W72/><G132/><T52/><D52/><N who="1" m="34087" /><E30/><V134/><F82/><W19/><G72/><T22/><D63/><U24/><E24/><V59/><F31/><W89/><G78/><T94/><D65/><U44/><E35/><V102/><F131/><W116/><G66/><T32/><D61/><U45/><E135/><V46/><F134/><W100/><G100/><T86/><D86/><U83/><E83/><V8/><F128/><W124/><G28/><T53/><D53/><U16/><E16/><V14/><F102/><W87/><G89/><T79/><D111/><U4/><E4/><V103/><F103/><W55/><G90/><T126/><D110/><U108/><E108/><V5/><F105/><W88/><G88/><T125/><D79/><U13/><E13/><V95/><F107/><W91/><G91/><T25/><D94/><U77/><E77/><V67/><F95/><W60/><G87/><T133/><D93/><U49/><E49/><V15/><F92/><W121/><G51/><T12/><D133/><U96/><E96/><V81/><F99/><W75/><G75/><T50/><D50/><U37/><E37/><V70/><F81/><W17/><G39/><T106/><D106/><U54/><E54/><V36/><F36/><RYUUKYOKU ba="1,0" sc="551,-10,81,30,218,-10,150,-10" hai1="44,45,68,69" owari="541,64.0,111,-39.0,208,1.0,140,-26.0" />
</Scene>
</mjloggm>