<mjloggm ver="2.3"><GO type="169" lobby="0"/><UN n0="%E3%82%AA%E3%82%A2%E3%83%AA%E3%83%A0%E3%81%AE%E8%A9%A0%E5%94%B1" n1="%E3%81%A4%E3%81%8B%E3%82%93%E3%81%BD%E3%81%8F%E3%82%93" n2="%E3%82%A2%E3%82%AB%E3%82%AE%EF%BC%A0%E5%B7%9D%E6%9D%91%E8%BB%8D%E5%9B%A3" n3="%E5%A4%AA%E3%81%8F%E3%81%AA%E3%81%84%E3%81%8A" dan="17,16,17,17" rate="2137.48,2075.04,2201.86,2210.69" sx="M,M,M,M"/><TAIKYOKU oya="0"/>

<Scene>
<INIT seed="0,0,0,2,0,91" ten="250,250,250,250" oya="0" hai0="28,40,80,128,79,25,134,29,58,92,45,23,20" hai1="19,60,38,21,41,81,15,85,93,43,99,82,98" hai2="96,65,76,87,86,30,0,124,1,125,110,89,119" hai3="66,27,84,127,101,71,52,73,11,122,135,133,103"/><T88/><D128/><U49/><E38/><V48/><F110/><W90/><G73/><T51/><D134/><N who="3" m="51209" /><G127/><T126/><D126/><U50/><E60/><V12/><F30/><W35/><G122/><T34/><D58/><U105/><E105/><V118/><F65/><W131/><G131/><T100/><D100/><N who="1" m="60495" /><E99/><V123/><F123/><W70/><G11/><T116/><D116/><N who="2" m="44586" /><F96/><W115/><G115/><T4/><D4/><U32/><E32/><V94/><F12/><W108/><G108/><T129/><D29/><U55/><E81/><N who="2" m="47399" /><F48/><N who="1" m="18537" /><E55/><V121/><F121/><W132/><G132/><T33/><D33/><U54/><E54/><V8/><F0/><W68/><G52/><T64/><D64/><U24/><E15/><V74/><F74/><W13/><G13/><T62/><D129/><U17/><E19/><V18/><F18/><W14/><G14/><T102/><D62/><U16/><E17/><V111/><F111/><W117/><G117/><T114/><D114/><U109/><E109/><V77/><F77/><AGARI ba="0,0" hai="16,21,24,41,43,77,82,85" m="18537,60495" machi="77" ten="30,3900,0" yaku="8,1,52,1,54,1" doraHai="91" who="1" fromWho="2" sc="250,0,250,39,250,-39,250,0" />
</Scene>
<Scene>
<INIT seed="1,0,0,4,0,66" ten="250,289,211,250" oya="1" hai0="59,130,124,117,70,134,10,44,60,27,63,112,74" hai1="24,2,31,122,47,51,69,113,110,97,7,6,76" hai2="83,129,135,126,22,30,93,38,54,3,95,46,36" hai3="87,127,56,96,49,18,78,61,14,121,5,42,26"/><U62/><E122/><V86/><F3/><W64/><G121/><T120/><D120/><U67/><E113/><V4/><F4/><W123/><G123/><T105/><D112/><U52/><E76/><V88/><F129/><W53/><G127/><T103/><D74/><U23/><E2/><V115/><F115/><W41/><G5/><T68/><D117/><U102/><REACH who="1" step="1"/><E110/><REACH who="1" ten="250,279,211,250" step="2"/><V100/><F126/><W19/><G78/><T91/><D124/><U37/><E37/><V58/><F38/><W13/><G87/><T11/><D130/><U65/><E65/><V45/><F36/><W114/><G114/><T125/><D125/><U57/><E57/><V104/><F58/><W9/><G96/><T21/><D59/><U20/><E20/><V132/><F22/><W33/><G33/><T29/><D21/><U128/><E128/><V92/><F45/><W85/><G85/><T35/><D44/><U79/><E79/><V118/><F118/><W34/><G34/><T0/><D0/><U12/><E12/><V71/><F46/><N who="3" m="27831" /><G26/><T107/><D27/><U1/><E1/><V82/><F86/><W101/><G14/><T89/><D35/><U98/><E98/><V109/><F109/><W48/><G13/><T17/><D11/><U80/><E80/><V111/><F82/><W77/><G77/><T72/><D10/><U133/><E133/><V75/><F83/><W15/><G9/><T28/><D134/><U81/><E81/><V43/><F135/><W99/><G15/><T106/><D72/><U90/><E90/><V50/><F132/><W84/><G56/><RYUUKYOKU ba="0,1" sc="250,-10,279,30,211,-10,250,-10" hai1="6,7,23,24,31,47,51,52,62,67,69,97,102" />
</Scene>
<Scene>
<INIT seed="1,1,1,0,2,61" ten="240,309,201,240" oya="1" hai0="1,125,38,90,13,12,64,116,101,120,126,106,44" hai1="93,95,86,60,123,56,133,50,30,23,57,35,84" hai2="65,29,28,5,15,129,124,39,94,34,49,89,131" hai3="97,74,3,6,118,7,104,91,102,32,22,76,92"/><U18/><E123/><V67/><F39/><W27/><G32/><T81/><D1/><U132/><E35/><V41/><F124/><W96/><G3/><T52/><D116/><U25/><E30/><N who="2" m="11883" /><F34/><W19/><G118/><T10/><D120/><U51/><E60/><V59/><F41/><W2/><G2/><T107/><D13/><U117/><E117/><V26/><F26/><W11/><G11/><T72/><D64/><N who="2" m="24650" /><F131/><W4/><G76/><T21/><D38/><U24/><E23/><V31/><N who="2" m="11891" /><V62/><DORA hai="8" /><F129/><W113/><REACH who="3" step="1"/><G74/><REACH who="3" ten="240,309,201,230" step="2"/><T135/><D72/><U114/><REACH who="1" step="1"/><E18/><REACH who="1" ten="240,299,201,230" step="2"/><V100/><F5/><W37/><G37/><T111/><D126/><U40/><E40/><V55/><F62/><W54/><G54/><T16/><D52/><U82/><E82/><V17/><F17/><W98/><G98/><T88/><D81/><U85/><E85/><V47/><F55/><W130/><G130/><T80/><D16/><U134/><E134/><V127/><F127/><W63/><G63/><T36/><D135/><U69/><E69/><V78/><F49/><W14/><G14/><T48/><D12/><U77/><E77/><V112/><F78/><W128/><G128/><T108/><D48/><U70/><E70/><V46/><F15/><W103/><G103/><T0/><D101/><U68/><E68/><V83/><F100/><W53/><G53/><T110/><D125/><U45/><E45/><V75/><F47/><W99/><G99/><T71/><D44/><U9/><E9/><V115/><F46/><W66/><G66/><T109/><D109/><RYUUKYOKU ba="1,3" sc="240,-15,299,15,201,-15,230,15" hai1="24,25,50,51,56,57,84,86,93,95,114,132,133" hai3="4,6,7,19,22,27,91,92,96,97,102,104,113" />
</Scene>
<Scene>
<INIT seed="1,2,3,0,2,61" ten="225,314,186,245" oya="1" hai0="124,36,98,132,64,5,110,45,115,90,33,80,41" hai1="15,111,85,68,32,35,52,22,100,20,104,113,34" hai2="3,119,58,67,127,84,89,54,70,47,11,37,26" hai3="39,28,6,79,123,94,81,24,19,95,31,46,0"/><U120/><E120/><V118/><F127/><W91/><G123/><T42/><D115/><U93/><E113/><V97/><F97/><W9/><G19/><T57/><D33/><U18/><E104/><V48/><F26/><W23/><G91/><T7/><D124/><U12/><E68/><V106/><F106/><W86/><G28/><T107/><D110/><U105/><E105/><V87/><F87/><W43/><AGARI ba="2,3" hai="0,6,9,23,24,31,39,43,46,79,81,86,94,95" machi="43" ten="30,1100,0" yaku="0,1" doraHai="61" who="3" fromWho="3" sc="225,-5,314,-7,186,-5,245,47" />
</Scene>
<Scene>
<INIT seed="2,0,0,2,3,100" ten="220,307,181,292" oya="2" hai0="55,119,67,77,53,91,4,70,102,106,123,108,50" hai1="80,49,131,116,14,51,41,12,35,94,105,52,104" hai2="40,81,68,19,9,127,37,89,27,36,120,129,32" hai3="112,57,87,59,56,58,98,65,124,111,71,21,135"/><V2/><F120/><W82/><G111/><T17/><D123/><U132/><E116/><V92/><F129/><W43/><G124/><T31/><D108/><U103/><E131/><V25/><F127/><W85/><G135/><T61/><D119/><U64/><E132/><V76/><F68/><W1/><G1/><T93/><D77/><U126/><E126/><V20/><F40/><W107/><G71/><T113/><D113/><U26/><E64/><V48/><F48/><W34/><G34/><T121/><D121/><U46/><E80/><V33/><F2/><W97/><G112/><T30/><D4/><U83/><E83/><V122/><F9/><W16/><G43/><T62/><D17/><U28/><E94/><V79/><F122/><W101/><G97/><T8/><D8/><U86/><E86/><V38/><F27/><W95/><G107/><T114/><D114/><U45/><REACH who="1" step="1"/><E105/><REACH who="1" ten="220,297,181,292" step="2"/><V13/><F79/><W117/><G117/><T11/><D106/><U74/><E74/><V128/><F128/><W5/><G82/><T44/><D93/><U78/><E78/><V118/><F118/><W133/><G133/><T3/><D91/><U42/><E42/><V90/><F90/><W96/><G96/><AGARI ba="0,1" hai="12,14,26,28,35,41,45,46,49,51,52,96,103,104" machi="96" ten="40,5200,0" yaku="1,1,52,1,54,1,53,0" doraHai="100" doraHaiUra="69" who="1" fromWho="3" sc="220,0,297,62,181,0,292,-52" />
</Scene>
<Scene>
<INIT seed="3,0,0,4,3,86" ten="220,359,181,240" oya="3" hai0="9,61,71,70,29,63,36,99,2,69,33,19,30" hai1="114,125,52,14,5,115,47,87,55,51,83,129,97" hai2="34,7,28,88,60,1,134,49,113,38,8,23,91" hai3="133,13,46,20,17,102,82,132,108,120,130,42,56"/><W15/><G120/><T117/><D36/><U84/><E129/><V40/><F113/><W119/><G119/><T118/><D99/><U103/><E125/><V59/><F38/><W135/><G130/><T100/><D100/><U43/><E114/><V75/><F75/><W123/><G123/><T106/><D106/><U105/><E115/><V124/><F34/><W3/><G3/><T95/><D95/><U76/><REACH who="1" step="1"/><E87/><REACH who="1" ten="220,349,181,240" step="2"/><V10/><F124/><W72/><G133/><T101/><D118/><U80/><E80/><V67/><F134/><W21/><G82/><T77/><D117/><U98/><E98/><V4/><F28/><W65/><G135/><T79/><D30/><U58/><E58/><V12/><REACH who="2" step="1"/><F23/><REACH who="2" ten="220,349,171,240" step="2"/><W45/><G21/><T78/><D29/><U89/><E89/><V81/><F81/><W74/><G20/><T131/><D131/><U50/><E50/><V16/><F16/><W111/><G17/><T104/><D19/><U92/><E92/><V39/><F39/><W31/><G132/><T128/><D128/><U73/><E73/><V57/><F57/><W107/><G56/><T24/><D33/><U62/><E62/><V127/><F127/><W85/><G31/><T122/><D122/><U48/><E48/><V0/><F0/><W18/><G18/><T110/><D63/><U35/><E35/><V94/><F94/><W126/><G126/><T96/><D61/><U109/><E109/><V22/><F22/><W37/><G111/><T26/><D110/><U121/><E121/><V93/><F93/><W116/><G108/><T68/><D68/><RYUUKYOKU ba="0,2" sc="220,10,349,10,171,10,240,-30" hai0="2,9,24,26,69,70,71,77,78,79,96,101,104" hai1="5,14,43,47,51,52,55,76,83,84,97,103,105" hai2="1,4,7,8,10,12,40,49,59,60,67,88,91" />
</Scene>
<Scene>
<INIT seed="4,1,2,1,3,111" ten="230,359,181,210" oya="0" hai0="54,3,91,107,85,80,57,6,128,58,23,70,106" hai1="44,117,31,8,124,62,101,84,18,0,4,33,77" hai2="79,75,76,122,99,42,49,69,90,56,12,9,104" hai3="126,105,59,103,39,24,5,46,16,86,14,82,34"/><T52/><D70/><U87/><E117/><V116/><F69/><W13/><G126/><T118/><D118/><U26/><E124/><V66/><F116/><W11/><G105/><T123/><D123/><U38/><E101/><V112/><F122/><W20/><G103/><T61/><D128/><U81/><E62/><N who="2" m="38215" /><F75/><W120/><G120/><T53/><D23/><U83/><E18/><N who="2" m="8463" /><F104/><W109/><G109/><T55/><REACH who="0" step="1"/><D58/><REACH who="0" ten="220,359,181,210" step="2"/><U22/><E22/><V98/><F112/><W134/><G59/><T15/><D15/><U48/><E0/><V97/><F90/><W100/><G14/><T1/><D1/><U35/><E33/><V64/><F64/><W2/><G34/><T108/><D108/><U129/><E129/><V7/><F7/><W92/><G2/><T96/><D96/><U110/><E110/><V30/><F30/><W67/><G67/><T131/><D131/><U74/><E4/><V60/><F60/><W21/><G5/><T47/><D47/><AGARI ba="1,3" hai="42,47,49,76,79,97,98,99" m="8463,38215" machi="47" ten="30,1000,0" yaku="8,1" doraHai="111" who="2" fromWho="0" sc="220,-13,359,0,181,43,210,0" />
</Scene>
<Scene>
<INIT seed="5,0,0,2,5,93" ten="207,359,224,210" oya="1" hai0="35,5,43,2,20,12,26,40,64,109,30,112,133" hai1="104,33,68,90,44,48,107,108,32,105,116,62,118" hai2="115,114,19,92,29,16,15,123,1,110,88,98,66" hai3="8,41,50,119,34,65,134,127,122,22,67,11,3"/><U6/><E6/><V80/><F110/><W7/><G34/><T101/><D109/><U45/><E108/><V36/><F1/><W31/><G122/><T25/><D112/><N who="2" m="43050" /><F123/><W124/><G134/><T55/><D133/><U113/><E113/><V73/><F36/><W56/><G119/><T131/><D131/><U18/><E18/><V82/><F66/><W57/><G41/><T46/><D64/><N who="3" m="24649" /><G50/><T96/><D2/><U10/><E105/><V77/><F29/><W13/><G22/><T52/><D12/><U87/><E48/><V95/><F15/><W83/><G83/><T54/><D5/><U132/><E132/><V69/><F69/><W129/><G31/><T86/><D86/><U4/><E68/><V84/><F95/><W128/><G3/><T103/><D103/><AGARI ba="0,0" hai="16,19,73,77,80,82,84,88,92,98,103" m="43050" machi="103" ten="30,8000,1" yaku="15,1,11,1,52,1,54,2" doraHai="93" who="2" fromWho="0" sc="207,-80,359,0,224,80,210,0" />
</Scene>
<Scene>
<INIT seed="6,0,0,4,3,5" ten="127,359,304,210" oya="2" hai0="58,65,29,118,66,131,6,15,126,25,40,42,73" hai1="97,52,129,34,102,96,104,95,91,54,71,88,17" hai2="53,32,49,112,28,19,127,56,7,110,36,45,128" hai3="89,41,27,103,14,114,62,108,30,78,105,51,20"/><V76/><F110/><W12/><G108/><T123/><D73/><U48/><E71/><V122/><F122/><W31/><G78/><T117/><D123/><U72/><E34/><V115/><F127/><W38/><G38/><T13/><D126/><U77/><E129/><V39/><F128/><W87/><G31/><T99/><D131/><U92/><E17/><V100/><F100/><W61/><G103/><T83/><D83/><U124/><E124/><V93/><F93/><N who="3" m="54463" /><G105/><T4/><D99/><U133/><E133/><V90/><F90/><W67/><G114/><N who="2" m="43561" /><F76/><W50/><G50/><T59/><REACH who="0" step="1"/><D29/><REACH who="0" ten="117,359,304,210" step="2"/><U63/><E72/><V130/><F28/><W64/><G64/><T1/><D1/><U109/><E109/><V47/><F130/><W0/><G0/><T16/><D16/><U125/><E125/><V43/><F19/><W70/><G70/><T68/><D68/><U22/><E97/><V113/><F113/><W3/><G3/><T116/><D116/><U55/><E96/><V18/><F18/><W26/><G26/><AGARI ba="0,1" hai="4,6,13,15,25,26,40,42,58,59,65,66,117,118" machi="26" ten="25,3200,0" yaku="1,1,22,2,53,0" doraHai="5" doraHaiUra="82" who="0" fromWho="3" sc="117,42,359,0,304,0,210,-32" />
</Scene>
<Scene>
<INIT seed="7,0,0,3,3,54" ten="159,359,304,178" oya="3" hai0="92,55,74,39,62,102,89,121,107,135,30,99,41" hai1="4,24,63,127,51,111,125,82,87,105,78,84,6" hai2="129,0,14,95,23,133,31,48,123,36,5,57,46" hai3="52,128,22,85,66,112,97,18,119,61,100,72,32"/><W132/><G72/><T28/><D121/><U35/><E105/><V3/><F123/><W16/><G32/><T76/><D135/><U130/><E111/><V67/><F36/><W12/><G119/><T2/><D2/><U110/><E110/><V49/><F129/><W106/><G128/><T9/><D9/><U47/><E130/><V40/><F133/><W7/><G132/><T93/><D93/><U88/><E63/><V103/><F5/><W34/><G34/><T27/><D41/><N who="1" m="25071" /><E24/><V37/><F49/><W26/><G112/><T115/><D39/><U13/><E35/><V10/><F10/><W33/><G85/><N who="0" m="52271" /><D27/><U81/><E13/><V131/><F37/><W104/><G7/><T120/><D120/><U42/><E42/><V117/><F14/><W118/><G118/><T8/><D8/><U45/><E45/><V70/><F70/><N who="3" m="42319" /><G18/><T53/><D53/><U108/><E108/><V19/><F19/><W75/><G75/><T38/><D38/><U124/><AGARI ba="0,0" hai="4,6,78,81,82,84,87,88,124,125,127" m="25071" machi="124" ten="30,2000,0" yaku="18,1,54,1" doraHai="54" who="1" fromWho="1" sc="159,-5,359,20,304,-5,178,-10" owari="154,-35.0,379,48.0,299,10.0,168,-23.0" />
</Scene>
</mjloggm>