<mjloggm ver="2.3"><GO type="169" lobby="0"/><UN n0="%E3%83%AD%E3%83%83%E3%83%86%E9%9B%80%E7%90%83" n1="%E5%A4%AA%E3%81%8F%E3%81%AA%E3%81%84%E3%81%8A" n2="%6B%6C%62%73%74%38%38" n3="%52%4F%4C%4C%59" dan="16,17,17,17" rate="2072.79,2230.15,2248.12,2174.05" sx="M,F,M,M"/><TAIKYOKU oya="0"/>

<Scene>
<INIT seed="0,0,0,3,0,113" ten="250,250,250,250" oya="0" hai0="59,41,111,99,18,82,33,67,13,122,34,12,1" hai1="15,91,129,100,8,128,5,28,123,43,38,66,61" hai2="95,74,49,96,114,86,19,69,131,89,3,0,103" hai3="4,47,102,40,81,83,26,109,44,134,54,29,48"/><T117/><D41/><U93/><E123/><V16/><F69/><W45/><G109/><T64/><D1/><U133/><E100/><V126/><F114/><W25/><G134/><T118/><D99/><U112/><E112/><V51/><F74/><W32/><G4/><T120/><D82/><U31/><E133/><V104/><F131/><N who="1" m="50249" /><E43/><V127/><F49/><W14/><G102/><T68/><D59/><N who="1" m="37183" /><E38/><V130/><F51/><W30/><G14/><T27/><D27/><U60/><E60/><V115/><F115/><W20/><G45/><T9/><D68/><U76/><E76/><V10/><F130/><W75/><G75/><T70/><D70/><U2/><E2/><V119/><F3/><W63/><G63/><T92/><D92/><U124/><E124/><N who="2" m="47659" /><F119/><N who="0" m="45578" /><D67/><U24/><E24/><V132/><F132/><W53/><G40/><T135/><D64/><U73/><E73/><V57/><F57/><W78/><G78/><T87/><D87/><AGARI ba="0,0" hai="5,8,15,28,31,87,91,93" m="37183,50249" machi="87" ten="30,1000,0" yaku="19,1" doraHai="113" who="1" fromWho="0" sc="250,-10,250,10,250,0,250,0" />
</Scene>
<Scene>
<INIT seed="1,0,0,4,5,101" ten="240,260,250,250" oya="1" hai0="124,64,116,135,8,78,1,45,119,93,96,97,15" hai1="9,79,129,63,50,49,102,5,94,23,60,65,88" hai2="69,110,89,73,107,39,27,43,127,105,113,25,59" hai3="21,51,106,112,29,35,53,80,61,18,109,81,126"/><U54/><E129/><V3/><F69/><W132/><G112/><T71/><D1/><U100/><E79/><V19/><F3/><W118/><G126/><T75/><D124/><U68/><E23/><V82/><F127/><W130/><G35/><T33/><D33/><U11/><E63/><V55/><F43/><W6/><G106/><N who="2" m="40457" /><F39/><W114/><G114/><T108/><D64/><U26/><E26/><N who="2" m="9739" /><F19/><W48/><G18/><T32/><D32/><U66/><E66/><V95/><F82/><W17/><G81/><T92/><D71/><U22/><E22/><V133/><F73/><W70/><G80/><T44/><D75/><U30/><E30/><V134/><F113/><W57/><G29/><T56/><D56/><U90/><E50/><V120/><F120/><W128/><G17/><T67/><D67/><U40/><E40/><V16/><F16/><W72/><G72/><T117/><D117/><U10/><E5/><V125/><F125/><W103/><G6/><T42/><D42/><U58/><REACH who="1" step="1"/><E90/><REACH who="1" ten="240,250,250,250" step="2"/><V91/><F91/><W7/><G7/><T104/><D119/><U122/><E122/><V123/><F123/><W34/><G118/><T28/><D116/><U47/><E47/><V111/><F59/><W74/><G57/><T12/><D28/><U4/><E4/><V86/><F55/><W20/><G53/><T36/><D45/><U2/><E2/><V31/><F31/><W41/><G41/><T46/><D44/><U84/><AGARI ba="0,1" hai="9,10,11,49,54,58,60,65,68,84,88,94,100,102" machi="84" ten="30,6000,0" yaku="1,1,0,1,54,1,53,0" doraHai="101" doraHaiUra="0" who="1" fromWho="1" sc="240,-20,250,70,250,-20,250,-20" />
</Scene>
<Scene>
<INIT seed="1,1,0,0,5,55" ten="220,320,230,230" oya="1" hai0="85,39,33,73,7,98,70,58,63,14,117,135,99" hai1="46,32,68,121,120,86,49,80,44,31,71,16,2" hai2="69,27,54,11,115,118,105,6,122,40,47,113,61" hai3="91,133,83,22,13,12,64,20,59,23,102,134,101"/><U50/><E2/><V112/><F105/><W128/><G128/><T93/><D117/><U77/><E31/><V129/><F118/><W5/><G83/><T24/><D135/><N who="3" m="51721" /><G91/><N who="0" m="53487" /><D39/><U81/><E32/><V97/><F97/><W3/><G3/><T43/><D33/><U30/><E30/><V34/><F34/><W88/><G88/><T108/><D70/><U116/><E116/><V109/><F27/><W130/><G130/><T94/><D108/><U0/><E0/><V95/><F95/><W8/><G13/><T60/><D73/><U1/><E1/><V25/><F25/><W52/><G64/><T38/><D38/><U76/><REACH who="1" step="1"/><E86/><REACH who="1" ten="220,310,230,230" step="2"/><V9/><F129/><W21/><N who="3" m="5120" /><DORA hai="78" /><W74/><G74/><T82/><D24/><U53/><E53/><V10/><F54/><W15/><G15/><T111/><D14/><U48/><E48/><AGARI ba="1,1" hai="5,8,12,48,52,59,101,102" m="5120,51721" machi="48" ten="40,5200,0" yaku="20,1,52,1,54,1" doraHai="55,78" who="3" fromWho="1" sc="220,0,310,-55,230,0,230,65" />
</Scene>
<Scene>
<INIT seed="2,0,0,5,3,55" ten="220,255,230,295" oya="2" hai0="92,81,20,101,97,12,96,19,112,130,98,117,17" hai1="40,1,10,7,34,125,31,100,4,13,64,94,107" hai2="99,56,46,83,109,91,2,93,133,39,104,69,42" hai3="126,11,53,82,28,63,135,50,58,86,106,45,27"/><V84/><F69/><W49/><G106/><T29/><D112/><U103/><E107/><V102/><F2/><W38/><G135/><T44/><D130/><U78/><E125/><V6/><F6/><W73/><G73/><T52/><D117/><U119/><E119/><V15/><F15/><W22/><G126/><T90/><D29/><U48/><E64/><V87/><F133/><W59/><G38/><T76/><D101/><U88/><E78/><V3/><F3/><W36/><G36/><T72/><REACH who="0" step="1"/><D19/><REACH who="0" ten="210,255,230,295" step="2"/><U32/><E31/><V68/><F68/><W25/><G28/><T122/><D122/><U62/><E100/><V65/><F109/><W41/><G11/><T0/><D0/><U79/><E103/><V60/><REACH who="2" step="1"/><F87/><REACH who="2" ten="210,255,220,295" step="2"/><W33/><G86/><T74/><D74/><U132/><E132/><V51/><F51/><AGARI ba="0,2" hai="12,17,20,44,51,52,72,76,81,90,92,96,97,98" machi="51" ten="40,5200,0" yaku="1,1,54,1,53,1" doraHai="55" doraHaiUra="89" who="0" fromWho="2" sc="210,72,255,0,220,-52,295,0" />
</Scene>
<Scene>
<INIT seed="3,0,0,4,1,90" ten="282,255,168,295" oya="3" hai0="99,31,61,25,71,108,60,69,47,133,22,65,38" hai1="53,35,27,68,111,44,66,50,114,3,96,10,110" hai2="45,88,102,55,123,117,74,92,130,13,91,34,6" hai3="81,0,73,52,33,86,119,82,134,46,40,107,76"/><W49/><G119/><T77/><D108/><N who="1" m="41515" /><E114/><V70/><F74/><W1/><G134/><T124/><D124/><U4/><E96/><N who="2" m="59655" /><F70/><W113/><G107/><T122/><D122/><U106/><E106/><V98/><F34/><W56/><G33/><T18/><D133/><U78/><E78/><V129/><F117/><W115/><G113/><T9/><D77/><U8/><E8/><N who="2" m="4247" /><F123/><W104/><G104/><T36/><D99/><U57/><E68/><V19/><F19/><W58/><G58/><T16/><D9/><U75/><E75/><V48/><F98/><W7/><G7/><T89/><D89/><U17/><E17/><V23/><F23/><W101/><G101/><T5/><D5/><U62/><E35/><V15/><F15/><W94/><G115/><T105/><D105/><U95/><E95/><V59/><F45/><W12/><G94/><T63/><D36/><U128/><E27/><V51/><F51/><W87/><G73/><T103/><D103/><U118/><E118/><V30/><F30/><W20/><G12/><T120/><D120/><U132/><E132/><V2/><F2/><W121/><G121/><T24/><D71/><U21/><E21/><V43/><F43/><W126/><G20/><N who="0" m="15783" /><D18/><U72/><E72/><V131/><AGARI ba="0,0" hai="48,55,59,88,91,129,130,131" m="4247,59655" machi="131" ten="30,4000,0" yaku="19,1,52,1,54,1" doraHai="90" who="2" fromWho="2" sc="282,-10,255,-10,168,40,295,-20" />
</Scene>
<Scene>
<INIT seed="4,0,0,5,0,51" ten="272,245,208,275" oya="0" hai0="67,49,126,35,9,61,8,84,47,17,71,46,7" hai1="125,79,112,50,103,110,0,40,20,124,22,28,54" hai2="65,89,38,131,109,39,113,10,60,69,82,62,12" hai3="81,122,118,116,56,106,114,111,11,24,77,2,90"/><T87/><D126/><N who="1" m="48747" /><E110/><V19/><F109/><W43/><G106/><T94/><D35/><U42/><E0/><V98/><F131/><W53/><G111/><T101/><D17/><U85/><E103/><V44/><F113/><W134/><G114/><T14/><D9/><U93/><E112/><V132/><F132/><W123/><G134/><T119/><D119/><U66/><E66/><V133/><F133/><W86/><G43/><N who="1" m="16426" /><E28/><V48/><F62/><N who="3" m="36111" /><G24/><T107/><D107/><U1/><E1/><V108/><F108/><W70/><G70/><T92/><D46/><N who="1" m="27991" /><E79/><V41/><REACH who="2" step="1"/><F98/><REACH who="2" ten="272,245,198,275" step="2"/><W115/><G115/><T6/><D61/><U127/><E127/><V95/><F95/><W37/><G118/><T102/><D92/><U75/><E75/><V52/><F52/><W83/><G116/><T27/><D94/><U97/><E97/><V3/><F3/><W72/><G2/><T16/><D71/><U74/><E74/><V4/><F4/><W105/><G72/><T33/><D6/><U23/><E93/><V55/><F55/><W32/><G105/><T117/><D7/><U129/><E85/><AGARI ba="0,1" hai="10,12,19,38,39,41,44,48,60,65,69,82,85,89" machi="85" ten="40,1300,0" yaku="1,1,53,0" doraHai="51" doraHaiUra="100" who="2" fromWho="1" sc="272,0,245,-13,198,23,275,0" />
</Scene>
<Scene>
<INIT seed="5,0,0,1,5,98" ten="272,232,221,275" oya="1" hai0="25,105,119,12,5,70,8,49,17,26,44,85,102" hai1="101,37,53,3,18,65,84,38,33,82,128,100,9" hai2="130,86,132,14,108,76,4,10,73,31,20,64,19" hai3="48,43,96,63,40,109,27,104,129,61,69,72,80"/><U42/><E33/><V30/><F73/><W62/><G109/><T2/><D119/><U67/><E128/><V55/><F64/><N who="1" m="24649" /><E3/><V77/><F108/><W36/><G69/><T123/><D70/><U45/><E38/><V58/><F130/><W59/><G36/><T134/><D134/><U23/><E37/><V99/><F132/><W115/><G129/><T60/><D60/><U121/><E42/><V74/><F74/><W127/><G127/><T28/><D123/><U1/><E1/><V97/><F97/><W47/><G115/><T90/><D102/><N who="1" m="39531" /><E121/><V106/><F99/><W52/><G96/><T118/><D105/><U68/><E68/><V57/><F106/><W56/><G104/><T92/><D118/><U94/><E94/><V91/><F31/><W51/><G80/><T117/><D28/><U112/><E112/><V41/><F30/><W79/><G27/><T95/><D95/><U0/><E0/><V93/><F41/><N who="3" m="24687" /><G79/><T66/><D66/><U21/><E45/><V125/><F58/><N who="3" m="22059" /><G72/><T133/><D133/><U54/><E9/><V7/><F125/><W110/><G110/><T13/><D117/><U124/><E124/><V6/><REACH who="2" step="1"/><F10/><REACH who="2" ten="272,232,211,275" step="2"/><W32/><G32/><T120/><D120/><U71/><E71/><V122/><F122/><W24/><G24/><T15/><D26/><N who="1" m="14647" /><E23/><V89/><F89/><AGARI ba="0,1" hai="53,54,82,84,89" m="14647,39531,24649" machi="89" ten="30,11600,0" yaku="8,1,52,3" doraHai="98" who="1" fromWho="2" sc="272,0,232,126,211,-116,275,0" />
</Scene>
<Scene>
<INIT seed="5,1,0,0,0,96" ten="272,358,95,275" oya="1" hai0="16,12,49,115,103,14,61,133,86,111,74,76,28" hai1="104,110,55,5,94,43,37,22,1,91,68,113,30" hai2="33,9,4,0,39,121,85,131,3,47,84,10,134" hai3="87,15,107,48,17,29,129,62,81,82,97,7,98"/><U127/><E104/><V27/><F47/><W54/><G129/><T2/><D111/><U83/><E68/><V57/><F57/><W63/><G29/><T77/><D115/><U114/><E83/><V65/><F65/><W78/><G7/><T70/><D133/><U64/><E64/><V101/><F27/><W59/><G82/><T11/><D2/><U45/><E110/><V8/><F8/><W88/><G78/><T128/><D74/><U132/><E132/><V79/><F79/><W25/><G25/><T24/><D128/><U125/><E30/><V116/><F39/><W51/><G107/><T119/><D119/><U40/><E40/><V21/><F21/><N who="3" m="11455" /><G51/><T13/><D49/><U123/><E123/><V66/><F66/><W26/><G26/><T31/><D61/><AGARI ba="1,0" hai="48,54,59,61,62,63,81,87,88,97,98" m="11455" machi="61" ten="30,2000,0" yaku="8,1,54,1" doraHai="96" who="3" fromWho="0" sc="272,-23,358,0,95,0,275,23" />
</Scene>
<Scene>
<INIT seed="6,0,0,1,3,20" ten="249,358,95,298" oya="2" hai0="116,39,100,27,113,127,94,101,125,6,124,78,112" hai1="77,46,54,105,26,85,17,56,24,97,18,99,23" hai2="91,9,107,45,29,44,43,132,52,13,104,19,128" hai3="47,72,102,4,79,55,88,65,21,83,49,84,57"/><V75/><F128/><W33/><G33/><T70/><D39/><U121/><E121/><V7/><F132/><W135/><G135/><T8/><D70/><U50/><E105/><V134/><F134/><W120/><G120/><T35/><D78/><U58/><E18/><V53/><F75/><W93/><G4/><T73/><D73/><U130/><E26/><V76/><F76/><W61/><G21/><T106/><D106/><U36/><E130/><V42/><F91/><W11/><G11/><T82/><D82/><N who="1" m="47311" /><E36/><V37/><F19/><W15/><G15/><N who="0" m="5527" /><D116/><U110/><E110/><V2/><F13/><W111/><REACH who="3" step="1"/><G102/><REACH who="3" ten="249,358,95,288" step="2"/><T103/><D103/><U115/><E115/><N who="0" m="44105" /><D94/><U122/><E122/><V86/><F86/><W51/><G51/><T119/><D119/><U81/><E81/><V59/><F29/><AGARI ba="0,1" hai="27,29,35,100,101,124,125,127" m="44105,5527" machi="29" ten="40,5200,0" yaku="18,1,15,1,52,1" doraHai="20" who="0" fromWho="2" sc="249,62,358,0,95,-52,288,0" />
</Scene>
<Scene>
<INIT seed="7,0,0,4,2,115" ten="311,358,43,288" oya="3" hai0="31,24,10,89,72,64,0,54,56,119,65,2,61" hai1="45,40,32,17,80,84,25,92,93,29,19,18,86" hai2="34,44,112,87,124,106,102,42,107,67,3,26,76" hai3="116,48,11,57,62,79,126,4,128,118,21,83,103"/><W22/><G103/><T20/><D72/><U94/><REACH who="1" step="1"/><E80/><REACH who="1" ten="311,348,43,288" step="2"/><V132/><F112/><W8/><G128/><T77/><D119/><U70/><E70/><V99/><F124/><W69/><G126/><T90/><D77/><U73/><E73/><V9/><F76/><W109/><G69/><T101/><D101/><U100/><E100/><V81/><F81/><W60/><G109/><T98/><D90/><U27/><E27/><V28/><F87/><N who="3" m="48639" /><G118/><T66/><D89/><U41/><E41/><V91/><F91/><W50/><G116/><T35/><D98/><U63/><E63/><N who="3" m="24106" /><G57/><T30/><D65/><U108/><E108/><V38/><F67/><W131/><G131/><T7/><D66/><U53/><E53/><V49/><F49/><AGARI ba="0,1" hai="17,18,19,25,29,32,40,45,49,84,86,92,93,94" machi="49" ten="40,2600,0" yaku="21,2,53,0" doraHai="115" doraHaiUra="85" who="1" fromWho="2" sc="311,0,348,36,43,-26,288,0" owari="311,11.0,384,48.0,17,-48.0,288,-11.0" />
</Scene>
</mjloggm>