<mjloggm ver="2.3"><GO type="169" lobby="0"/><UN n0="%E5%A4%AA%E3%81%8F%E3%81%AA%E3%81%84%E3%81%8A" n1="%4D%72%2E%6E%69%6B%75%39" n2="%4A%61%6E%2D%4D%61%63%68" n3="%E3%82%80%E3%81%99%E3%82%93%E3%81%A7%E3%81%B2%E3%82%89%E3%81%84%E3%81%A6" dan="17,17,17,16" rate="2162.31,2167.17,2140.40,2103.90" sx="M,M,M,M"/><TAIKYOKU oya="0"/>

<Scene>
<INIT seed="0,0,0,1,5,47" ten="250,250,250,250" oya="0" hai0="129,58,90,40,27,74,98,34,17,63,46,108,123" hai1="86,49,101,16,43,130,81,67,59,57,48,69,125" hai2="91,85,88,62,55,124,36,131,30,133,134,28,82" hai3="20,100,78,106,11,132,80,114,33,14,76,111,51"/><T122/><D74/><U93/><E69/><V127/><F36/><W5/><G33/><T135/><D135/><N who="2" m="51722" /><F62/><W94/><G132/><T119/><D119/><U112/><E130/><V25/><F25/><W84/><G114/><T105/><D129/><U42/><E112/><V75/><F75/><W7/><G111/><T50/><D108/><U70/><E70/><V77/><F131/><W126/><G126/><N who="2" m="48169" /><F55/><W0/><G106/><T44/><D105/><U115/><E115/><V38/><F38/><W52/><G78/><T56/><D34/><U4/><E125/><V35/><F35/><W107/><G107/><T23/><D46/><U32/><E32/><V109/><F109/><W92/><G100/><T68/><D68/><U6/><E43/><V83/><F83/><W64/><G64/><T54/><REACH who="0" step="1"/><D58/><REACH who="0" ten="240,250,250,250" step="2"/><U13/><E59/><V121/><F121/><W73/><G73/><T66/><D66/><U60/><E42/><V110/><F110/><W95/><G95/><AGARI ba="0,1" hai="17,23,27,40,44,50,54,56,63,90,95,98,122,123" machi="95" ten="40,12000,1" yaku="1,1,25,2,52,1,53,1" doraHai="47" doraHaiUra="21" who="0" fromWho="3" sc="240,130,250,0,250,0,250,-120" />
</Scene>
<Scene>
<INIT seed="0,1,0,1,1,54" ten="370,250,250,130" oya="0" hai0="106,129,50,130,127,47,119,132,3,71,116,63,29" hai1="39,78,1,131,9,24,114,133,97,73,94,121,123" hai2="120,7,2,11,52,56,111,41,108,40,42,38,34" hai3="105,98,135,81,14,65,95,92,13,53,113,58,60"/><T89/><D106/><U74/><E39/><V125/><F120/><N who="1" m="46153" /><E24/><V84/><F34/><W118/><G118/><N who="0" m="45099" /><D89/><N who="1" m="55503" /><E9/><V25/><F125/><W6/><G113/><T68/><D29/><U23/><E23/><V49/><F38/><W12/><G135/><T83/><D83/><N who="1" m="45527" /><E1/><V72/><F72/><W117/><G117/><T70/><D3/><U55/><E55/><V88/><REACH who="2" step="1"/><F25/><REACH who="2" ten="370,250,240,130" step="2"/><W122/><G122/><T17/><D127/><U22/><E73/><V31/><F31/><W51/><G6/><T110/><D17/><U90/><E114/><V107/><F107/><W37/><G37/><T0/><D132/><U4/><E133/><V18/><F18/><W35/><G35/><T104/><D104/><U80/><E4/><V64/><F64/><W99/><G105/><T77/><D130/><U15/><E131/><V91/><F91/><W126/><G126/><T109/><D77/><U10/><E22/><V66/><F66/><W112/><G112/><T19/><D19/><U26/><E26/><V62/><F62/><W100/><G65/><N who="0" m="41023" /><D129/><U86/><E10/><V45/><F45/><W96/><G60/><T75/><D75/><U8/><E8/><V93/><AGARI ba="1,1" hai="2,7,11,40,41,42,49,52,56,84,88,93,108,111" machi="93" ten="30,8000,1" yaku="1,1,0,1,52,1,54,2,53,0" doraHai="54" doraHaiUra="103" who="2" fromWho="2" sc="370,-41,250,-21,240,93,130,-21" />
</Scene>
<Scene>
<INIT seed="1,0,0,4,1,90" ten="329,229,333,109" oya="1" hai0="111,40,44,92,26,70,84,8,112,60,35,51,81" hai1="23,126,6,20,38,131,31,53,103,62,27,97,123" hai2="91,54,58,65,121,30,7,68,114,130,14,99,87" hai3="10,105,79,104,134,127,5,107,101,46,42,113,115"/><U133/><E123/><V116/><F121/><W50/><G134/><T71/><D112/><U85/><E38/><V3/><F3/><W36/><G127/><T124/><D124/><U122/><E122/><V75/><F75/><W128/><G128/><T108/><D8/><U19/><E126/><V102/><F68/><W110/><G110/><N who="0" m="42027" /><D60/><U34/><E131/><V52/><F30/><W93/><G79/><N who="0" m="46143" /><D92/><N who="1" m="58791" /><E34/><V43/><F43/><W132/><G132/><T59/><D59/><N who="1" m="35183" /><E133/><V0/><F0/><W57/><G57/><T73/><D73/><U29/><E6/><V2/><F2/><W100/><G36/><T25/><D35/><U83/><E23/><V17/><F7/><W9/><G9/><T67/><D67/><U22/><E20/><N who="2" m="11319" /><F116/><W41/><G115/><T106/><D106/><U63/><E63/><N who="2" m="38135" /><F114/><W80/><G113/><T1/><D1/><U47/><E47/><V24/><F24/><AGARI ba="0,0" hai="24,25,26,40,44,51,70,71" m="46143,42027" machi="24" ten="30,1000,0" yaku="14,1" doraHai="90" who="0" fromWho="2" sc="329,10,229,0,333,-10,109,0" />
</Scene>
<Scene>
<INIT seed="2,0,0,5,2,128" ten="339,229,323,109" oya="2" hai0="124,75,57,111,69,83,134,92,45,78,39,12,35" hai1="79,116,6,86,66,70,131,5,104,44,77,24,53" hai2="102,73,101,88,2,42,13,99,15,135,127,27,49" hai3="82,112,63,52,85,94,130,106,4,41,54,14,29"/><V120/><F2/><W59/><G106/><T125/><D69/><U33/><E104/><V16/><F73/><W58/><G130/><T50/><D35/><U7/><E116/><V11/><F120/><W84/><G112/><T71/><D71/><U67/><E131/><V121/><F121/><W68/><G68/><T40/><D111/><U115/><E115/><V76/><F76/><W87/><G29/><T28/><D28/><U19/><E33/><V56/><F27/><W60/><G41/><T34/><D34/><U61/><E70/><V95/><F127/><N who="0" m="48714" /><D12/><U117/><E117/><V108/><F135/><W23/><G94/><T8/><D8/><U110/><E110/><V122/><F122/><W46/><G46/><T9/><D9/><U51/><E86/><V129/><F129/><W90/><REACH who="3" step="1"/><G4/><REACH who="3" ten="339,229,323,99" step="2"/><T48/><D92/><U80/><E7/><N who="2" m="3327" /><F108/><W97/><G97/><T18/><D45/><U93/><E6/><V126/><F126/><W81/><G81/><T43/><D83/><U72/><E5/><V107/><F107/><W22/><G22/><T123/><D43/><U133/><E44/><N who="2" m="25751" /><F56/><W74/><G74/><T47/><D57/><U1/><E72/><V32/><F32/><W103/><G103/><T10/><D123/><U21/><E21/><AGARI ba="0,1" hai="15,16,21,88,95,99,101,102" m="25751,3327" machi="21" ten="30,5800,0" yaku="8,1,54,2" doraHai="128" who="2" fromWho="1" sc="339,0,229,-58,323,68,99,0" />
</Scene>
<Scene>
<INIT seed="2,1,0,5,1,126" ten="339,171,391,99" oya="2" hai0="112,63,6,103,17,62,14,119,99,37,77,128,11" hai1="104,114,69,87,91,93,22,59,58,73,13,121,36" hai2="108,53,45,60,84,134,79,2,29,130,70,7,41" hai3="1,27,92,0,132,129,96,28,88,61,51,30,135"/><V78/><F29/><W109/><G109/><T107/><D112/><U42/><E69/><V86/><F2/><W124/><G124/><T117/><D37/><U12/><E114/><V18/><F7/><W115/><G115/><T19/><D77/><U20/><E104/><V4/><F4/><W81/><G61/><N who="0" m="23051" /><D128/><U85/><E73/><V21/><F108/><W71/><G71/><T34/><D34/><U52/><E36/><V23/><F70/><W5/><G5/><T122/><D122/><U102/><E42/><V110/><F110/><W100/><G51/><T82/><D82/><U75/><E75/><V33/><F33/><W39/><G39/><T55/><D55/><U32/><E32/><V15/><F23/><N who="1" m="8745" /><E102/><V123/><F130/><W49/><G49/><T64/><D64/><U131/><E121/><V46/><F134/><N who="3" m="51243" /><G129/><T57/><D57/><N who="1" m="21515" /><E52/><V38/><F123/><W65/><G65/><T66/><D66/><U98/><E131/><V67/><F60/><W72/><G72/><T44/><D44/><U94/><E98/><V118/><F67/><W16/><G0/><T90/><D90/><AGARI ba="1,0" hai="12,13,85,87,90,91,93,94" m="21515,8745" machi="90" ten="30,1000,0" yaku="8,1" doraHai="126" who="1" fromWho="0" sc="339,-13,171,13,391,0,99,0" />
</Scene>
<Scene>
<INIT seed="3,0,0,5,3,4" ten="326,184,391,99" oya="3" hai0="60,113,45,89,130,65,42,133,83,52,103,98,93" hai1="51,94,1,107,16,101,24,82,68,17,11,100,47" hai2="19,34,126,21,15,54,37,33,72,36,99,96,29" hai3="119,46,25,53,84,128,35,121,86,109,135,102,62"/><W108/><G119/><T55/><D130/><U50/><E68/><V134/><F72/><W104/><G121/><T111/><D111/><N who="3" m="42569" /><G128/><T77/><D133/><U49/><E107/><V129/><F134/><W7/><G135/><T92/><D113/><U74/><E74/><V131/><F126/><W106/><G7/><T97/><D77/><U57/><E82/><V14/><F21/><W12/><G12/><T87/><D65/><U66/><E1/><V8/><F19/><W132/><G132/><T67/><D42/><N who="1" m="24823" /><E17/><V20/><F20/><W88/><G102/><N who="1" m="39530" /><E94/><V10/><REACH who="2" step="1"/><F54/><REACH who="2" ten="326,184,381,99" step="2"/><W40/><G53/><T75/><D75/><U5/><E5/><V71/><F71/><W2/><G2/><T39/><D55/><U0/><E0/><V90/><F90/><W76/><G76/><T124/><D52/><U64/><E64/><V122/><F122/><W115/><G115/><T23/><D124/><U9/><E16/><V44/><F44/><W91/><G91/><N who="0" m="51711" /><D23/><U73/><E24/><V30/><AGARI ba="0,1" hai="8,10,14,15,29,30,33,34,36,37,96,99,129,131" machi="30" ten="25,16000,3" yaku="1,1,0,1,22,2,52,2,53,2" doraHai="4" doraHaiUra="31" who="2" fromWho="2" sc="326,-40,184,-40,381,170,99,-80" />
</Scene>
<Scene>
<INIT seed="4,0,0,5,1,12" ten="286,144,551,19" oya="0" hai0="44,24,113,5,119,110,63,58,127,101,23,131,97" hai1="34,13,45,39,94,124,84,62,107,60,126,64,123" hai2="35,105,59,40,99,120,36,7,32,93,29,88,52" hai3="15,86,78,14,130,79,115,82,72,77,109,31,48"/><T25/><D119/><U133/><E107/><V16/><F120/><W118/><G109/><T108/><D113/><U87/><E34/><V61/><F7/><W42/><G118/><T47/><D5/><U73/><E73/><V26/><F105/><W125/><G115/><T51/><D127/><U69/><E123/><V81/><F81/><W75/><G125/><N who="1" m="48234" /><E133/><V95/><F95/><W21/><G130/><T112/><D112/><U20/><E62/><V103/><F103/><W92/><G92/><N who="0" m="58535" /><D131/><U49/><E39/><V56/><F56/><W98/><G98/><T10/><D10/><U11/><E20/><N who="2" m="13575" /><F29/><W117/><G117/><T1/><D1/><U0/><E0/><V106/><F106/><W28/><G75/><T74/><D74/><U50/><E94/><V83/><F83/><W102/><G102/><T27/><D110/><U96/><E96/><V37/><F40/><W104/><G104/><T2/><D2/><U57/><E69/><V68/><F68/><W100/><G100/><T114/><D108/><U90/><E90/><V66/><F66/><W80/><G77/><T41/><D114/><U4/><E45/><V111/><F111/><W89/><G78/><T8/><D47/><U55/><E64/><V76/><F76/><W3/><G3/><T30/><D58/><U128/><E128/><V67/><F67/><W6/><G72/><T85/><D41/><U17/><E4/><V22/><F22/><W135/><G79/><T38/><D44/><U116/><E116/><V43/><F43/><W46/><G42/><T129/><D129/><U65/><E65/><RYUUKYOKU ba="0,0" sc="286,-15,144,15,551,15,19,-15" hai1="11,13,17,49,50,55,57,60,84,87" hai2="32,35,36,37,52,59,61,88,93,99" />
</Scene>
<Scene>
<INIT seed="5,1,0,4,1,66" ten="271,159,566,4" oya="1" hai0="45,24,86,109,118,111,20,4,84,129,18,40,63" hai1="133,52,81,3,21,22,17,76,64,91,67,120,33" hai2="107,127,126,131,70,78,89,28,53,2,93,117,42" hai3="105,48,85,134,123,82,95,124,6,106,62,102,119"/><U8/><E33/><V23/><F107/><W36/><G123/><T104/><D118/><U14/><E120/><V7/><F42/><W59/><G36/><T46/><D104/><U16/><E133/><V96/><F78/><W65/><G119/><T68/><D129/><U72/><E91/><V15/><F2/><W132/><G6/><T39/><D4/><U38/><E38/><V30/><F117/><W61/><G124/><N who="2" m="47657" /><F70/><W49/><G62/><T71/><D46/><U35/><E35/><V57/><F131/><W0/><G0/><T92/><D63/><U1/><E1/><V130/><F130/><W135/><G95/><T54/><D54/><U10/><E3/><V44/><F44/><W19/><G19/><T32/><D32/><U115/><E115/><V98/><F98/><N who="3" m="61655" /><G106/><T37/><D37/><U87/><E72/><V29/><F7/><W69/><G59/><T100/><D86/><U5/><E5/><V12/><F23/><W122/><G122/><T88/><REACH who="0" step="1"/><D100/><REACH who="0" ten="261,159,566,4" step="2"/><U13/><REACH who="1" step="1"/><E52/><REACH who="1" ten="261,149,566,4" step="2"/><V26/><F53/><W114/><G114/><T25/><D25/><U116/><E116/><V113/><F26/><W94/><G94/><T108/><AGARI ba="1,2" hai="18,20,24,39,40,45,68,71,84,88,92,108,109,111" machi="108" ten="30,12000,2" yaku="1,1,0,1,52,2,54,1,53,1" doraHai="66" doraHaiUra="41" who="0" fromWho="0" sc="261,143,149,-61,566,-31,4,-31" owari="404,20.0,88,-31.0,535,64.0,-27,-53.0" />
</Scene>
</mjloggm>