<mjloggm ver="2.3"><GO type="225" lobby="0"/><UN n0="%E7%89%B9%E4%B8%8A%E3%81%AE%E9%A4%8A%E5%88%86" n1="%E5%A4%AA%E3%81%8F%E3%81%AA%E3%81%84%E3%81%8A" n2="%E6%B5%B7%E6%9C%88%E6%A1%83%E9%A6%99" n3="%73%61%72%61%68%31%32%33" dan="16,17,16,16" rate="2112.34,2194.85,2011.62,2115.14" sx="M,M,F,M"/><TAIKYOKU oya="0"/>

<Scene>
<INIT seed="0,0,0,5,2,64" ten="250,250,250,250" oya="0" hai0="51,94,106,81,66,90,79,13,47,117,76,111,32" hai1="101,72,69,21,27,80,97,16,92,35,44,29,2" hai2="10,50,11,62,102,121,131,93,109,124,75,42,78" hai3="18,34,40,100,86,73,84,4,132,45,123,17,74"/><T0/><D0/><U107/><E2/><V9/><F121/><W58/><G123/><T119/><D106/><U110/><E110/><V105/><F105/><W65/><G132/><T112/><D32/><U85/><E72/><V22/><F75/><W1/><G34/><T63/><D112/><U12/><E44/><V70/><F131/><W46/><G100/><T26/><D111/><U104/><REACH who="1" step="1"/><E69/><REACH who="1" ten="250,240,250,250" step="2"/><V98/><F70/><W82/><G74/><T71/><D119/><U3/><E3/><V43/><F109/><W57/><G73/><T37/><D117/><U116/><E116/><V67/><F43/><W56/><G40/><T38/><D71/><U39/><E39/><V8/><F42/><W61/><G1/><T135/><D38/><U125/><E125/><V7/><F124/><W54/><G46/><T53/><D37/><U55/><E55/><V127/><F127/><W120/><G45/><T89/><D53/><U24/><E24/><V128/><F128/><W77/><G120/><T5/><D26/><U134/><E134/><V52/><F52/><W130/><G130/><T49/><D47/><U103/><E103/><V113/><F102/><W14/><G54/><T99/><D135/><U31/><E31/><V68/><F68/><W6/><G58/><T91/><D66/><U118/><E118/><V41/><F67/><W122/><G56/><T87/><D13/><U60/><E60/><V96/><F62/><W25/><G122/><T19/><D63/><U115/><E115/><V108/><F41/><W15/><G25/><T20/><D51/><U83/><E83/><RYUUKYOKU ba="0,1" sc="250,-10,240,30,250,-10,250,-10" hai1="12,16,21,27,29,35,80,85,92,97,101,104,107" />
</Scene>
<Scene>
<INIT seed="1,1,1,5,1,129" ten="240,270,240,240" oya="1" hai0="34,133,15,39,132,115,57,130,126,9,65,7,127" hai1="18,125,52,92,49,110,23,20,13,17,88,116,51" hai2="19,67,105,24,135,103,119,82,114,97,4,75,122" hai3="14,50,106,72,1,63,96,42,71,40,121,89,113"/><U31/><E116/><V48/><F119/><W86/><G113/><T128/><D115/><U53/><E125/><N who="0" m="47625" /><D39/><U27/><E110/><V43/><F122/><W93/><G72/><T124/><D124/><U68/><E68/><V111/><F111/><W10/><G1/><T108/><D108/><U35/><E51/><V59/><F4/><W74/><G74/><T54/><D65/><U41/><E41/><V131/><F131/><N who="0" m="50218" /><D34/><U85/><REACH who="1" step="1"/><E49/><AGARI ba="1,1" hai="7,9,15,49,54,57,132,133" m="50218,47625" machi="49" ten="30,12000,2" yaku="30,2,18,1,19,1,52,2" doraHai="129" who="0" fromWho="1" sc="240,133,270,-123,240,0,240,0" />
</Scene>
<Scene>
<INIT seed="2,0,0,1,0,37" ten="373,147,240,240" oya="2" hai0="68,84,10,89,9,0,95,123,85,101,36,2,45" hai1="59,42,128,34,72,120,56,116,16,111,114,50,125" hai2="88,43,17,23,110,67,97,57,93,99,44,80,27" hai3="119,106,131,113,92,75,26,134,71,19,104,35,14"/><V76/><F110/><W13/><G71/><T124/><D68/><U63/><E34/><V65/><F99/><W94/><G75/><T62/><D123/><U77/><E114/><V127/><F127/><W11/><G113/><T6/><D124/><U82/><E125/><V83/><F57/><W121/><G121/><T53/><D101/><U133/><E120/><V118/><F118/><W46/><G119/><T55/><D84/><U74/><E116/><V122/><F122/><W96/><G131/><T40/><D62/><U31/><E31/><V33/><F33/><W4/><G134/><T108/><D108/><U100/><E111/><V90/><F90/><W109/><G109/><T81/><D81/><U39/><E133/><V29/><F29/><W86/><G35/><T8/><D8/><U22/><E128/><V47/><F47/><W5/><G26/><T60/><D60/><U66/><E100/><V73/><REACH who="2" step="1"/><F80/><REACH who="2" ten="373,147,230,240" step="2"/><W64/><G46/><T132/><D132/><U102/><E102/><V48/><AGARI ba="0,1" hai="17,23,27,43,44,48,65,67,73,76,83,88,93,97" machi="48" ten="20,18000,2" yaku="1,1,2,1,0,1,7,1,52,1,54,1,53,0" doraHai="37" doraHaiUra="54" who="2" fromWho="2" sc="373,-60,147,-60,230,190,240,-60" />
</Scene>
<Scene>
<INIT seed="2,1,0,0,2,85" ten="313,87,420,180" oya="2" hai0="117,89,88,26,86,122,59,43,91,61,81,8,135" hai1="96,0,19,21,118,55,130,98,74,94,31,15,13" hai2="7,67,131,71,18,101,41,51,120,23,112,1,70" hai3="100,128,48,132,42,72,113,37,119,16,99,125,54"/><V127/><F112/><W57/><G119/><T124/><D122/><U53/><E0/><V129/><F120/><W50/><G72/><T133/><D117/><U84/><E74/><V134/><F101/><W5/><G113/><T107/><D107/><U28/><E118/><V38/><F38/><W36/><G125/><T93/><D124/><U33/><E130/><V95/><F127/><W17/><G128/><T34/><D43/><U97/><E33/><V103/><F71/><W27/><G5/><T66/><D8/><U92/><E15/><V56/><F70/><W69/><G69/><T2/><D2/><U73/><E73/><V123/><F123/><W3/><G3/><T75/><D75/><U121/><E121/><V110/><F110/><W68/><G68/><T35/><D91/><U25/><E92/><V108/><F7/><W126/><G132/><N who="0" m="50763" /><D26/><U60/><E60/><V109/><F1/><W106/><G126/><T4/><D4/><U6/><E6/><V58/><F134/><W24/><G37/><T52/><D66/><U20/><REACH who="1" step="1"/><E31/><REACH who="1" ten="313,77,420,180" step="2"/><V76/><F131/><W104/><G104/><T12/><D12/><U47/><E47/><V115/><F129/><W40/><G106/><T22/><D22/><U11/><E11/><V102/><F23/><W30/><G30/><T114/><D114/><U62/><E62/><V14/><F115/><W45/><G45/><T29/><D29/><U105/><E105/><V90/><F14/><W63/><G63/><T116/><D116/><U80/><E80/><V64/><F109/><W46/><G46/><T82/><D82/><RYUUKYOKU ba="1,1" sc="313,15,77,15,420,-15,180,-15" hai0="34,35,52,59,61,81,86,88,89,93" hai1="13,19,20,21,25,28,53,55,84,94,96,97,98" />
</Scene>
<Scene>
<INIT seed="3,2,1,1,4,54" ten="328,92,405,165" oya="3" hai0="133,15,11,68,129,111,72,126,42,36,113,112,128" hai1="103,5,135,91,96,13,99,67,56,1,125,28,7" hai2="20,19,2,52,58,71,25,120,76,123,94,41,117" hai3="101,61,77,116,75,8,97,34,47,98,53,12,122"/><W33/><G122/><N who="2" m="46633" /><F71/><W50/><G116/><T59/><D72/><U69/><E1/><V85/><F41/><W105/><G97/><T46/><D68/><U9/><E69/><V121/><F121/><W22/><G22/><T4/><D111/><U118/><E118/><V14/><F2/><W106/><G106/><T114/><D126/><U119/><E119/><V29/><F117/><W65/><G77/><T10/><D133/><U60/><E125/><V95/><F85/><W109/><G75/><T37/><D37/><U32/><E135/><V64/><F64/><W49/><G49/><T39/><D39/><U132/><E132/><V27/><F76/><W38/><G38/><T66/><REACH who="0" step="1"/><D11/><REACH who="0" ten="318,92,405,165" step="2"/><U74/><E74/><V89/><F89/><W48/><G109/><T3/><D3/><U107/><E7/><V51/><F25/><W108/><G108/><T57/><D57/><U81/><E81/><V55/><F55/><W79/><G53/><T92/><D92/><U80/><E80/><V102/><F102/><W84/><G101/><T6/><D6/><U26/><E91/><V43/><F43/><W134/><G134/><T17/><D17/><U90/><E90/><V127/><F127/><W93/><G93/><T35/><D35/><AGARI ba="2,2" hai="14,19,20,27,29,35,51,52,58,94,95" m="46633" machi="35" ten="30,3900,0" yaku="13,1,52,1,54,1" doraHai="54" who="2" fromWho="0" sc="318,-45,92,0,405,65,165,0" owari="273,7.0,92,-41.0,470,57.0,165,-23.0" />
</Scene>
</mjloggm>