<mjloggm ver="2.3"><GO type="169" lobby="0"/><UN n0="%73%68%61%6F" n1="%E3%83%98%E3%82%AF%E3%82%B5%E3%83%BC" n2="%E3%81%A0%E3%81%A3%E3%81%A6%E3%81%84%E3%81%86" n3="%E5%A4%AA%E3%81%8F%E3%81%AA%E3%81%84%E3%81%8A" dan="18,16,18,17" rate="2233.20,2173.16,2168.70,2174.64" sx="M,M,M,M"/><TAIKYOKU oya="0"/>

<Scene>
<INIT seed="0,0,0,0,2,87" ten="250,250,250,250" oya="0" hai0="91,114,86,104,77,40,17,25,48,85,83,44,75" hai1="60,9,113,16,11,36,43,82,33,108,109,107,39" hai2="54,123,62,74,105,58,2,99,67,21,22,120,94" hai3="81,106,8,5,133,65,115,72,116,129,57,66,69"/><T80/><D114/><U61/><E113/><V100/><F74/><W130/><G115/><T127/><D104/><U68/><E33/><V92/><F2/><W118/><G106/><T0/><D0/><U24/><E107/><V88/><F105/><W97/><G69/><T117/><D117/><U55/><E82/><V110/><F110/><N who="1" m="42601" /><E43/><V95/><F95/><W37/><G37/><N who="1" m="14410" /><E55/><V20/><REACH who="2" step="1"/><F54/><REACH who="2" ten="250,250,240,250" step="2"/><W124/><G118/><T10/><D127/><U18/><E68/><V78/><F78/><W14/><G124/><T1/><D75/><U27/><E18/><V52/><F52/><W46/><G116/><T53/><D40/><U132/><E132/><V76/><F76/><W49/><G133/><T51/><D1/><U134/><E134/><V90/><F90/><W41/><G72/><T19/><D51/><U102/><E102/><V131/><F131/><W4/><G129/><T98/><D98/><AGARI ba="0,1" hai="20,21,22,58,62,67,88,92,94,98,99,100,120,123" machi="98" ten="40,5200,0" yaku="1,1,52,1,54,1,53,0" doraHai="87" doraHaiUra="26" who="2" fromWho="0" sc="250,-52,250,0,240,62,250,0" />
</Scene>
<Scene>
<INIT seed="1,0,0,0,1,45" ten="198,250,302,250" oya="1" hai0="6,58,128,64,123,52,34,27,36,33,95,103,127" hai1="13,71,107,47,91,115,94,120,88,134,112,78,32" hai2="23,77,108,131,9,30,14,122,72,38,125,133,99" hai3="0,60,16,44,66,130,31,82,43,18,48,41,5"/><U24/><E71/><V49/><F122/><W135/><G135/><T62/><D123/><U97/><E134/><V116/><F133/><W59/><G130/><T4/><D128/><U80/><E120/><V81/><F131/><W37/><G31/><T51/><D36/><U117/><E117/><V100/><F38/><W8/><G41/><T17/><D127/><U11/><E107/><V65/><F116/><W113/><G113/><T40/><D40/><U114/><E47/><V89/><F108/><W63/><G37/><T26/><D34/><U35/><E91/><V3/><F3/><W90/><G90/><T106/><D106/><U98/><E98/><V7/><F65/><W118/><G118/><T42/><D42/><U46/><E24/><N who="0" m="9257" /><D33/><U67/><E67/><V92/><F23/><W124/><G124/><T79/><D79/><U57/><E46/><V84/><F30/><W12/><G0/><T102/><D17/><U126/><E57/><V75/><F125/><W132/><G132/><T74/><D74/><U105/><E105/><N who="2" m="63647" /><F72/><W85/><REACH who="3" step="1"/><G60/><REACH who="3" ten="198,250,302,240" step="2"/><T56/><D103/><U55/><E126/><V2/><F2/><W39/><G39/><T119/><D119/><U109/><E109/><V1/><F1/><W70/><G70/><T129/><D129/><U76/><E76/><V110/><F110/><W69/><G69/><T50/><D102/><U22/><E78/><V83/><F75/><W53/><G53/><T73/><D73/><U54/><E54/><V61/><F77/><W87/><G87/><T20/><D52/><U68/><E114/><V104/><F84/><RYUUKYOKU ba="0,1" sc="198,-10,250,-10,302,-10,240,30" hai3="5,8,12,16,18,43,44,48,59,63,66,82,85" />
</Scene>
<Scene>
<INIT seed="2,1,1,4,4,77" ten="188,240,292,270" oya="2" hai0="102,55,89,6,72,131,27,80,45,4,74,90,10" hai1="57,1,134,83,125,53,81,59,60,44,36,3,62" hai2="96,68,123,52,73,95,122,32,13,118,104,19,65" hai3="93,33,111,117,46,103,99,47,9,119,121,85,67"/><V20/><F118/><W40/><G121/><T97/><D131/><U58/><E125/><V2/><F2/><W116/><G33/><T41/><D55/><U128/><E128/><V30/><F104/><W35/><G35/><T110/><D27/><U106/><E106/><V133/><F133/><W37/><G111/><T82/><D110/><U43/><E134/><V124/><F124/><W78/><G67/><T25/><D25/><U126/><E126/><V69/><F30/><W15/><G47/><T75/><D90/><U66/><REACH who="1" step="1"/><E58/><REACH who="1" ten="188,230,292,270" step="2"/><V132/><F132/><W135/><G135/><T14/><D4/><U38/><E38/><V127/><F127/><W56/><G56/><T51/><REACH who="0" step="1"/><D89/><REACH who="0" ten="178,230,292,270" step="2"/><U12/><E12/><V130/><F13/><W0/><G15/><T115/><D115/><U31/><E31/><V98/><F130/><W11/><G0/><AGARI ba="1,3" hai="0,1,3,36,43,44,53,57,59,60,62,66,81,83" machi="0" ten="40,5200,0" yaku="1,1,52,2,53,0" doraHai="77" doraHaiUra="101" who="1" fromWho="3" sc="178,0,230,85,292,0,270,-55" />
</Scene>
<Scene>
<INIT seed="3,0,0,1,1,27" ten="178,315,292,215" oya="3" hai0="68,35,62,19,84,20,134,28,92,12,37,75,43" hai1="107,61,54,1,9,24,23,76,16,17,39,45,52" hai2="125,74,131,49,36,96,65,113,33,102,123,41,69" hai3="90,63,71,124,110,91,21,100,121,93,60,128,99"/><W130/><G121/><T3/><D75/><U77/><E107/><V13/><F113/><W87/><G124/><T97/><D3/><U103/><E1/><V38/><F125/><W82/><G110/><T53/><D134/><U22/><E9/><V57/><F74/><W132/><G132/><T118/><D118/><U73/><E103/><V111/><F111/><W4/><G4/><T126/><D126/><U120/><E120/><V133/><F133/><W72/><G71/><T112/><D112/><U18/><E73/><V34/><F123/><W42/><G42/><T105/><D43/><U50/><E39/><V66/><F131/><N who="3" m="50219" /><G72/><T29/><D35/><U86/><E86/><V40/><F40/><W127/><G127/><T89/><D37/><U116/><E116/><V119/><F119/><W5/><G5/><T67/><REACH who="0" step="1"/><D53/><REACH who="0" ten="168,315,292,215" step="2"/><U56/><E23/><V0/><F33/><W109/><G109/><T2/><D2/><U104/><E104/><V129/><F34/><W8/><G8/><T79/><D79/><AGARI ba="0,1" hai="16,17,18,22,24,45,50,52,54,56,61,76,77,79" machi="79" ten="40,5200,0" yaku="8,1,54,2" doraHai="27" who="1" fromWho="0" sc="168,-52,315,62,292,0,215,0" />
</Scene>
<Scene>
<INIT seed="4,0,0,5,1,40" ten="116,377,292,215" oya="0" hai0="89,12,75,20,67,51,43,3,59,26,22,6,29" hai1="42,82,74,125,121,92,13,49,115,80,33,123,2" hai2="127,34,10,113,79,35,55,114,7,62,23,86,58" hai3="66,116,112,85,120,9,5,94,68,57,104,19,47"/><T111/><D75/><U117/><E2/><V65/><F127/><W53/><G104/><T70/><D70/><U88/><E117/><V50/><F23/><W98/><G116/><T17/><D111/><U1/><E125/><V131/><F131/><W83/><G112/><N who="2" m="43113" /><F86/><W4/><G120/><T15/><D3/><U135/><E1/><N who="2" m="367" /><F79/><N who="3" m="46335" /><G68/><AGARI ba="0,0" hai="34,35,50,55,58,62,65,68" m="367,43113" machi="68" ten="30,1000,0" yaku="15,1" doraHai="40" who="2" fromWho="3" sc="116,0,377,0,292,10,215,-10" />
</Scene>
<Scene>
<INIT seed="5,0,0,2,4,23" ten="116,377,302,205" oya="1" hai0="69,79,61,25,8,29,125,81,44,107,56,134,16" hai1="64,128,133,94,24,118,53,59,135,89,32,101,100" hai2="13,37,17,72,66,3,62,42,5,112,6,74,97" hai3="117,27,127,38,22,130,50,90,104,7,85,71,86"/><U51/><E118/><V43/><F112/><W10/><G38/><T76/><D107/><U102/><E64/><V36/><F36/><W49/><G71/><T52/><D69/><U21/><E32/><V45/><F43/><W55/><G104/><T1/><D134/><U109/><E128/><V14/><F3/><W2/><G130/><T120/><D125/><U108/><E135/><V19/><F97/><W33/><G127/><T92/><D120/><U26/><E133/><V4/><F14/><W68/><G68/><T115/><D115/><U77/><E77/><V54/><F54/><W35/><G117/><T113/><D113/><U0/><E0/><V82/><F82/><W70/><G70/><T67/><D1/><U91/><E91/><V34/><F19/><W84/><G90/><T83/><D92/><U111/><E21/><V47/><F47/><W65/><G65/><T132/><D132/><U48/><E51/><V131/><F34/><W95/><G95/><T116/><D116/><U87/><AGARI ba="0,0" hai="24,26,48,53,59,87,89,94,100,101,102,108,109,111" machi="87" ten="40,12000,1" yaku="0,1,10,1,52,2" doraHai="23" who="1" fromWho="1" sc="116,-40,377,120,302,-40,205,-40" />
</Scene>
<Scene>
<INIT seed="5,1,0,2,0,97" ten="76,497,262,165" oya="1" hai0="46,92,59,71,67,7,73,99,107,45,4,135,11" hai1="113,30,38,109,91,82,80,21,74,17,130,56,48" hai2="15,69,90,50,33,100,35,85,102,104,22,23,8" hai3="118,54,28,49,36,62,124,116,129,44,121,42,128"/><U58/><E38/><V101/><F104/><W106/><G106/><T88/><D73/><U103/><E30/><V110/><F69/><W122/><G28/><T95/><D107/><U61/><E113/><V52/><F33/><W18/><G18/><T83/><D71/><U76/><E130/><N who="3" m="50282" /><G62/><N who="0" m="38367" /><D135/><U87/><E109/><V108/><F35/><W25/><G25/><T119/><D119/><N who="3" m="45609" /><G124/><T65/><D65/><U9/><E61/><V37/><F37/><W12/><G12/><N who="0" m="5223" /><D7/><U131/><E48/><V40/><F40/><W27/><G27/><T77/><D77/><U3/><E131/><V117/><F117/><W123/><G36/><T1/><D1/><U120/><E3/><V70/><F70/><W29/><G29/><T96/><D83/><U79/><E82/><N who="2" m="49463" /><F110/><W132/><G132/><T115/><D115/><U66/><E80/><V34/><F34/><W75/><G75/><T51/><D51/><U125/><E74/><V133/><F133/><W41/><AGARI ba="1,0" hai="41,42,44,49,54,121,122,123" m="45609,50282" machi="41" ten="40,8000,1" yaku="19,1,12,1,34,2" doraHai="97" who="3" fromWho="3" sc="76,-21,497,-41,262,-21,165,83" />
</Scene>
<Scene>
<INIT seed="6,0,0,2,2,65" ten="55,456,241,248" oya="2" hai0="76,126,5,18,96,117,9,66,73,131,0,22,14" hai1="102,20,4,121,33,120,34,72,3,51,47,40,124" hai2="8,112,83,77,45,13,118,82,80,101,57,75,37" hai3="48,46,98,108,79,114,122,104,59,36,103,60,135"/><V52/><F112/><W115/><G108/><T10/><D76/><U99/><E124/><V69/><F69/><W91/><G122/><N who="1" m="47210" /><E72/><V134/><F134/><W105/><G135/><T81/><D73/><U32/><E20/><V84/><F101/><W100/><G36/><T39/><D81/><U62/><E62/><V16/><F118/><W125/><G79/><T38/><D117/><U55/><E55/><V63/><REACH who="2" step="1"/><F75/><REACH who="2" ten="55,456,231,248" step="2"/><W35/><G115/><T67/><D126/><U68/><E68/><V111/><F111/><W109/><G109/><T27/><D131/><U127/><E127/><V29/><F29/><W107/><G114/><T2/><D39/><U133/><E133/><V132/><F132/><W23/><G125/><T12/><D38/><U85/><E102/><V106/><F106/><W30/><G103/><T15/><D96/><U94/><E99/><V26/><F26/><N who="3" m="18903" /><G107/><T1/><D66/><U17/><E85/><V53/><F53/><N who="3" m="29847" /><G105/><T93/><D67/><U50/><E40/><AGARI ba="0,1" hai="8,13,16,37,40,45,52,57,63,77,80,82,83,84" machi="40" ten="40,7700,0" yaku="1,1,54,2,53,0" doraHai="65" doraHaiUra="97" who="2" fromWho="1" sc="55,0,456,-77,231,87,248,0" />
</Scene>
<Scene>
<INIT seed="6,1,0,3,4,60" ten="55,379,318,248" oya="2" hai0="96,75,67,127,89,129,82,30,32,79,66,95,81" hai1="49,7,57,53,134,50,92,5,11,69,19,18,105" hai2="17,16,29,110,111,72,90,3,61,113,68,133,58" hai3="63,12,122,34,131,106,118,107,104,99,101,15,42"/><V112/><F68/><W14/><G118/><T117/><D117/><U108/><E105/><V85/><F72/><W2/><G122/><T94/><D129/><U1/><E69/><V52/><F3/><W51/><G2/><T44/><D127/><U9/><E108/><N who="2" m="41515" /><F29/><W25/><G131/><T87/><D44/><U0/><E134/><V38/><F38/><W35/><G42/><T125/><D125/><U45/><REACH who="1" step="1"/><E92/><REACH who="1" ten="55,369,318,248" step="2"/><N who="2" m="54351" /><F133/><W26/><G106/><T40/><D40/><AGARI ba="1,1" hai="0,1,5,7,9,11,18,19,40,45,49,50,53,57" machi="40" ten="30,3900,0" yaku="1,1,7,1,9,1,53,0" doraHai="60" doraHaiUra="21" who="1" fromWho="0" sc="55,-42,369,52,318,0,248,0" />
</Scene>
<Scene>
<INIT seed="7,0,0,5,0,97" ten="13,421,318,248" oya="3" hai0="96,64,87,112,29,20,74,115,129,48,28,21,49" hai1="10,75,26,79,9,69,46,94,83,63,95,41,17" hai2="92,76,84,52,86,3,5,100,120,126,38,107,71" hai3="98,13,8,122,31,88,132,78,85,70,56,4,113"/><W30/><G70/><T0/><D74/><U102/><E102/><V128/><F107/><W124/><G122/><T80/><D96/><U130/><E130/><V24/><F38/><W44/><G113/><T118/><D64/><U25/><E95/><V105/><F105/><W32/><G132/><T57/><D87/><U35/><E94/><V131/><F71/><W66/><G124/><T121/><D80/><U55/><E35/><V101/><F126/><W114/><G114/><T58/><D57/><U51/><E69/><V18/><F120/><W2/><G78/><T47/><D58/><U42/><E63/><V37/><F37/><W72/><G72/><T40/><D47/><U45/><E55/><V89/><F5/><W65/><G98/><T119/><D40/><U117/><E117/><V109/><F3/><W135/><G135/><T16/><D49/><U91/><E91/><V22/><F109/><W53/><G2/><T93/><D48/><U111/><E111/><V59/><F131/><W54/><G44/><T62/><D93/><U67/><E67/><N who="3" m="25610" /><G32/><T73/><D62/><U110/><E110/><V123/><F128/><W82/><G54/><T125/><D73/><U11/><E46/><V23/><F123/><W81/><G82/><T6/><D121/><U34/><E34/><V39/><F39/><W43/><G43/><T116/><D129/><U36/><E42/><V133/><F133/><W50/><AGARI ba="0,0" hai="4,8,13,30,31,50,53,56,81,85,88" m="25610" machi="50" ten="30,3000,0" yaku="8,1,54,1" doraHai="97" who="3" fromWho="3" sc="13,-10,421,-10,318,-10,248,30" />
</Scene>
<Scene>
<INIT seed="7,1,0,4,5,15" ten="3,411,308,278" oya="3" hai0="89,71,76,35,85,109,60,132,83,106,27,87,26" hai1="18,7,19,92,94,24,115,119,49,75,70,68,110" hai2="48,33,38,10,56,127,117,25,97,34,12,8,104" hai3="29,82,44,46,43,30,39,100,113,67,4,122,88"/><W28/><G122/><T77/><D76/><U9/><E75/><V125/><F38/><W57/><G100/><T126/><D77/><U61/><E49/><V116/><F104/><W118/><G118/><N who="2" m="45673" /><F97/><W53/><G113/><T124/><D27/><U105/><E24/><V120/><F120/><W111/><G111/><T52/><D26/><U79/><E79/><V69/><F69/><W31/><N who="3" m="7680" /><DORA hai="112" /><W36/><G67/><T5/><D83/><U13/><E61/><V21/><F48/><W2/><G4/><T23/><D87/><U41/><E92/><V37/><F56/><W73/><G2/><T108/><D85/><U90/><E105/><V16/><F37/><W135/><G73/><T65/><D89/><U86/><E41/><V66/><F66/><W14/><G14/><T11/><D23/><U134/><E115/><V93/><F93/><W3/><G3/><T0/><D11/><N who="2" m="4138" /><F25/><W102/><G102/><T129/><D5/><U59/><E119/><V42/><F42/><W51/><G135/><T81/><D81/><U95/><E134/><V54/><F54/><W98/><G46/><T72/><D52/><U74/><E74/><V101/><F101/><W32/><G39/><T78/><D60/><U22/><E59/><V133/><F133/><W40/><G40/><T130/><D65/><U131/><E68/><V1/><F1/><W128/><G128/><T6/><D78/><U63/><E131/><V80/><F80/><W62/><G36/><T47/><D6/><U84/><E70/><V103/><F103/><W107/><G62/><T58/><D47/><RYUUKYOKU ba="1,0" sc="3,-10,411,-10,308,30,278,-10" hai2="12,16,21,33,34,125,127" owari="-7,-51.0,401,50.0,338,14.0,268,-13.0" />
</Scene>
</mjloggm>