<mjloggm ver="2.3"><GO type="169" lobby="0"/><UN n0="%E3%82%AB%E3%83%96%E3%83%88" n1="%E5%A4%AA%E3%81%8F%E3%81%AA%E3%81%84%E3%81%8A" n2="%4A%55%4E%4B%45%52%53" n3="%E9%81%8A%E8%B5%B0" dan="17,17,18,18" rate="2169.70,2160.55,2243.09,2235.93" sx="M,M,M,M"/><TAIKYOKU oya="0"/>

<Scene>
<INIT seed="0,0,0,0,2,101" ten="250,250,250,250" oya="0" hai0="33,107,47,84,116,78,48,108,82,106,17,129,135" hai1="15,54,103,13,26,60,123,90,133,24,104,71,96" hai2="70,5,42,61,86,40,98,53,97,2,58,80,73" hai3="125,65,128,120,22,10,41,100,36,118,27,31,66"/><T49/><D116/><U109/><E123/><V74/><F70/><W57/><G118/><T112/><D112/><U88/><E109/><V7/><F74/><W77/><G120/><T63/><D33/><U37/><E37/><V91/><F73/><W92/><G128/><T32/><D32/><U72/><E72/><V69/><F69/><W95/><G125/><T25/><D129/><U56/><E133/><V8/><F7/><W94/><G100/><T29/><D17/><U113/><E113/><V30/><F30/><W52/><G36/><T76/><D135/><U1/><E1/><V39/><F39/><W9/><G41/><T68/><D78/><U55/><E71/><V83/><F83/><W75/><G77/><T132/><D132/><U4/><E54/><V12/><F2/><W87/><G87/><T6/><D6/><U44/><E44/><V127/><F127/><W28/><G28/><T3/><D3/><U11/><REACH who="1" step="1"/><E15/><REACH who="1" ten="250,240,250,250" step="2"/><V124/><F124/><W122/><G75/><T62/><D108/><U119/><E119/><V16/><REACH who="2" step="1"/><F5/><REACH who="2" ten="250,240,240,250" step="2"/><W126/><G126/><T19/><D68/><U93/><E93/><V67/><F67/><N who="3" m="25611" /><G122/><T46/><D46/><U51/><E51/><AGARI ba="0,2" hai="9,10,22,27,31,51,52,57,92,94,95" m="25611" machi="51" ten="30,2000,0" yaku="8,1,54,1" doraHai="101" who="3" fromWho="1" sc="250,0,240,-20,240,0,250,40" />
</Scene>
<Scene>
<INIT seed="1,0,0,4,0,94" ten="250,220,240,290" oya="1" hai0="88,78,85,59,63,119,120,71,101,28,1,110,123" hai1="58,31,34,92,67,52,19,8,0,83,62,66,6" hai2="38,86,105,116,106,15,30,13,91,87,121,127,103" hai3="60,37,65,12,16,40,24,82,124,125,36,9,134"/><U84/><E92/><V44/><F121/><N who="0" m="46666" /><D119/><U80/><E19/><V5/><F116/><W54/><G134/><T96/><D1/><U39/><E39/><V7/><F127/><N who="3" m="48715" /><G54/><T47/><D71/><U104/><E104/><V113/><F113/><W97/><G40/><T81/><D110/><U73/><E73/><V128/><F128/><W98/><G82/><T109/><D109/><U89/><REACH who="1" step="1"/><E83/><REACH who="1" ten="250,210,240,290" step="2"/><V74/><F74/><W10/><G37/><T75/><D75/><U45/><E45/><V25/><F44/><W76/><G36/><T48/><D47/><U33/><E33/><V11/><F38/><W42/><G10/><T29/><D28/><U14/><E14/><V93/><F15/><W135/><G24/><AGARI ba="0,1" hai="0,6,8,24,31,34,52,58,62,66,67,80,84,89" machi="24" ten="40,3900,0" yaku="1,1,54,1,53,0" doraHai="94" doraHaiUra="43" who="1" fromWho="3" sc="250,0,210,49,240,0,290,-39" />
</Scene>
<Scene>
<INIT seed="1,1,0,5,4,58" ten="250,259,240,251" oya="1" hai0="126,85,124,49,80,42,35,21,82,54,81,95,83" hai1="89,15,31,134,10,78,90,101,118,127,39,44,67" hai2="19,110,30,51,18,86,98,34,59,100,50,32,16" hai3="66,75,92,63,70,22,133,74,1,43,46,91,93"/><U115/><E115/><V14/><F110/><W107/><G133/><T94/><D35/><U125/><E134/><V88/><F14/><W69/><G70/><T73/><D42/><N who="1" m="22623" /><E118/><V57/><F32/><W37/><G107/><T36/><D36/><U17/><E31/><V28/><F34/><W55/><G1/><T68/><D68/><U5/><E101/><V122/><F122/><W11/><G11/><T117/><D117/><U131/><E78/><V72/><F72/><W128/><G128/><T47/><D73/><U48/><E131/><V97/><F100/><W84/><G93/><T106/><D106/><U23/><E48/><N who="2" m="18475" /><F86/><W79/><G79/><T99/><D21/><U52/><E67/><V24/><F24/><W112/><G112/><T0/><D0/><N who="1" m="295" /><E52/><V120/><F120/><W113/><G113/><T9/><D9/><U123/><E123/><V27/><F27/><W41/><G41/><T103/><REACH who="0" step="1"/><D95/><REACH who="0" ten="240,259,240,251" step="2"/><U111/><E111/><V102/><F102/><W56/><G22/><T26/><D26/><U7/><E7/><V8/><F8/><W129/><G129/><T6/><D6/><U109/><E109/><V71/><F71/><W104/><G104/><T20/><D20/><U64/><E23/><V45/><F28/><W12/><REACH who="3" step="1"/><G12/><REACH who="3" ten="240,259,240,241" step="2"/><T29/><D29/><U77/><E15/><V135/><F30/><W114/><G114/><T121/><D121/><U3/><E3/><V33/><F33/><W132/><G132/><T105/><D105/><U4/><E4/><V53/><F135/><W76/><G76/><AGARI ba="1,2" hai="47,49,54,76,80,81,82,83,85,94,99,103,124,126" machi="76" ten="40,1300,0" yaku="1,1,53,0" doraHai="58" doraHaiUra="61" who="0" fromWho="3" sc="240,36,259,0,240,0,241,-16" />
</Scene>
<Scene>
<INIT seed="2,0,0,5,4,115" ten="276,259,240,225" oya="2" hai0="75,133,67,36,85,79,91,17,135,43,81,93,76" hai1="101,52,111,50,63,73,22,49,129,39,32,62,34" hai2="28,97,77,124,116,106,118,126,120,122,51,4,1" hai3="44,119,98,100,72,18,86,42,40,130,19,128,88"/><V90/><F28/><W25/><G72/><T38/><D67/><U102/><E39/><V83/><F51/><W110/><G110/><T71/><D71/><U78/><E111/><V57/><F57/><W70/><G70/><T64/><D64/><U23/><E73/><V46/><F46/><W66/><G66/><T104/><D104/><U131/><REACH who="1" step="1"/><E78/><REACH who="1" ten="276,249,240,225" step="2"/><V68/><F68/><W82/><G119/><N who="2" m="45609" /><F1/><W132/><G132/><T84/><D79/><U26/><E26/><V33/><F33/><W0/><G0/><T6/><D75/><U65/><E65/><V92/><F4/><W125/><G25/><T121/><D6/><U29/><E29/><V24/><F24/><W112/><G112/><T113/><D113/><U11/><E11/><V127/><F106/><W80/><G42/><T48/><D38/><U15/><E15/><V95/><F95/><N who="3" m="56679" /><G19/><T56/><D36/><U47/><E47/><V21/><F21/><W2/><G44/><T74/><D43/><U114/><E114/><V7/><F7/><W13/><G18/><T99/><D17/><U69/><E69/><V134/><F134/><W35/><G13/><T27/><D27/><U117/><E117/><V60/><F60/><W31/><G2/><T30/><D30/><U94/><E94/><V107/><F107/><W103/><G31/><T123/><D135/><U59/><E59/><V96/><F96/><W9/><G35/><T45/><D56/><U105/><E105/><V12/><F12/><W20/><G9/><T10/><D133/><U41/><E41/><V37/><F37/><W87/><G40/><RYUUKYOKU ba="0,1" sc="276,-15,249,15,240,15,225,-15" hai1="22,23,32,34,49,50,52,62,63,101,102,129,131" hai2="77,83,90,92,97,120,122,124,126,127" />
</Scene>
<Scene>
<INIT seed="2,1,1,0,5,122" ten="261,264,255,210" oya="2" hai0="117,44,133,88,129,52,115,11,105,120,67,35,84" hai1="91,14,123,135,57,48,128,28,41,98,85,5,89" hai2="31,93,4,19,83,40,80,76,17,124,47,113,112" hai3="111,24,53,43,22,78,33,104,36,79,87,116,94"/><V12/><F124/><W134/><G116/><T73/><D120/><U46/><E123/><V127/><F127/><W132/><G104/><T20/><D35/><U74/><E74/><V72/><F31/><N who="3" m="17815" /><G33/><T99/><D115/><U62/><E135/><N who="3" m="51754" /><G111/><T102/><D133/><U30/><E128/><V18/><F93/><W64/><G53/><T110/><D73/><U77/><E98/><V71/><F71/><W63/><G43/><T50/><D129/><U37/><E37/><V119/><F119/><W100/><G36/><T81/><D117/><U27/><E77/><V108/><F80/><W101/><G87/><T125/><D125/><U58/><E27/><V38/><REACH who="2" step="1"/><F108/><REACH who="2" ten="261,264,245,210" step="2"/><W42/><G94/><T45/><D110/><U10/><E30/><V29/><F29/><W13/><G101/><T75/><D81/><U95/><E28/><V39/><F39/><W15/><G100/><T131/><D131/><U106/><E106/><V126/><F126/><W121/><G121/><T55/><D105/><U54/><E95/><V97/><F97/><W65/><G65/><T61/><D102/><U3/><E85/><V23/><F23/><W59/><G42/><T109/><D99/><U68/><E68/><V0/><F0/><W8/><G15/><T60/><D67/><U114/><E3/><V26/><F26/><W56/><G56/><T107/><D107/><U1/><E1/><V9/><AGARI ba="1,2" hai="4,9,12,17,18,19,38,40,47,72,76,83,112,113" machi="9" ten="30,6000,0" yaku="1,1,0,1,53,1" doraHai="122" doraHaiUra="6" who="2" fromWho="2" sc="261,-21,264,-21,245,83,210,-21" />
</Scene>
<Scene>
<INIT seed="2,2,0,1,4,31" ten="240,243,328,189" oya="2" hai0="38,96,35,11,29,122,127,24,13,10,61,90,115" hai1="91,110,53,105,79,22,118,94,50,62,34,6,106" hai2="5,98,23,130,36,12,78,126,47,65,74,93,131" hai3="60,134,70,100,25,28,15,107,113,123,135,37,88"/><V8/><F126/><W56/><G123/><T120/><D115/><U83/><E118/><V57/><F74/><W80/><G37/><T102/><D38/><U73/><E110/><V92/><F78/><W59/><G113/><T32/><D127/><U14/><E62/><N who="2" m="38095" /><F23/><W95/><G15/><T26/><D90/><U71/><E71/><V64/><F64/><N who="3" m="41223" /><G80/><T87/><D87/><U0/><E0/><V30/><F30/><W17/><G17/><T111/><D61/><U44/><E34/><V39/><F93/><W49/><G49/><T132/><D132/><N who="3" m="50729" /><G100/><T18/><D111/><U20/><E20/><V76/><F76/><W116/><G116/><T85/><D10/><U67/><E67/><V124/><F124/><W129/><G107/><T86/><D122/><U42/><E22/><V84/><F39/><W112/><G129/><N who="2" m="49161" /><F36/><W133/><N who="3" m="50737" /><W66/><DORA hai="9" /><G66/><T77/><D77/><U2/><E106/><V75/><F75/><W41/><G112/><T45/><D120/><U108/><E105/><V46/><F84/><N who="3" m="52615" /><G41/><T97/><D102/><AGARI ba="2,0" hai="5,8,12,46,47,92,98,102" m="49161,38095" machi="102" ten="30,2900,0" yaku="19,1,52,1" doraHai="31,9" who="2" fromWho="0" sc="240,-35,243,0,328,35,189,0" />
</Scene>
<Scene>
<INIT seed="2,3,0,3,0,114" ten="205,243,363,189" oya="2" hai0="9,133,16,67,41,87,99,132,119,70,7,49,37" hai1="77,127,116,1,13,57,20,81,93,108,10,103,124" hai2="66,8,130,79,29,71,89,30,75,90,131,53,5" hai3="19,80,101,2,17,33,112,125,63,102,4,62,68"/><V134/><F134/><N who="0" m="51818" /><D37/><U35/><E35/><V61/><F53/><W104/><G33/><T95/><D87/><U45/><E1/><V92/><F79/><W86/><G112/><T65/><D70/><U21/><E108/><V88/><F75/><W24/><G125/><N who="1" m="48202" /><E45/><V97/><F29/><W82/><G104/><T6/><D119/><U74/><E57/><V18/><F18/><N who="3" m="6667" /><G2/><N who="0" m="215" /><D7/><N who="1" m="3295" /><E116/><V32/><F30/><W36/><G36/><T98/><D98/><AGARI ba="3,0" hai="20,21,74,77,81,93,98,103" m="3295,48202" machi="98" ten="30,1000,0" yaku="18,1" doraHai="114" who="1" fromWho="0" sc="205,-19,243,19,363,0,189,0" />
</Scene>
<Scene>
<INIT seed="3,0,0,0,1,20" ten="186,262,363,189" oya="3" hai0="114,12,84,27,121,3,4,127,44,62,52,80,94" hai1="72,11,93,81,8,49,39,115,5,38,110,131,95" hai2="53,74,128,60,31,15,57,83,0,23,109,99,134" hai3="55,76,73,97,75,2,1,104,42,14,132,119,90"/><W82/><G119/><T103/><D121/><U113/><E49/><V40/><F0/><W56/><G75/><T30/><D3/><U122/><E122/><V108/><F128/><W32/><G32/><T112/><D127/><U69/><E69/><V125/><F125/><W129/><G129/><T85/><D4/><U123/><E123/><V13/><F134/><W35/><G132/><T91/><D12/><U77/><E131/><V120/><F40/><W61/><G35/><T33/><D103/><U43/><E110/><N who="2" m="42603" /><F120/><W92/><G42/><T107/><D107/><U135/><E135/><V116/><F116/><W37/><G37/><T17/><D17/><U25/><E11/><V7/><F7/><W16/><REACH who="3" step="1"/><G104/><REACH who="3" ten="186,262,363,179" step="2"/><T59/><REACH who="0" step="1"/><D44/><REACH who="0" ten="176,262,363,179" step="2"/><U45/><E45/><V6/><F74/><W36/><G36/><T26/><D26/><U106/><E25/><V70/><F6/><W29/><G29/><T28/><D28/><U86/><E39/><V79/><F31/><W87/><G87/><T9/><D9/><AGARI ba="0,2" hai="1,2,9,14,16,55,56,61,73,76,82,90,92,97" machi="9" ten="30,5800,0" yaku="1,1,7,1,54,1,53,0" doraHai="20" doraHaiUra="96" who="3" fromWho="0" sc="176,-58,262,0,363,0,179,78" />
</Scene>
<Scene>
<INIT seed="3,1,0,1,2,78" ten="118,262,363,257" oya="3" hai0="20,116,97,100,61,114,74,64,22,94,108,14,39" hai1="37,45,101,121,16,65,30,4,84,7,133,44,35" hai2="71,23,134,118,90,73,127,25,60,32,72,115,93" hai3="38,95,52,63,83,1,43,11,50,40,48,110,49"/><W59/><G110/><T5/><D116/><U122/><E65/><V51/><F118/><W105/><G105/><T9/><D39/><U103/><E30/><V68/><F32/><W82/><G38/><T27/><D108/><U36/><E84/><V17/><F115/><W10/><G95/><T8/><D114/><U18/><REACH who="1" step="1"/><E35/><REACH who="1" ten="118,252,363,257" step="2"/><V104/><F73/><W62/><G1/><T76/><D74/><U13/><E13/><V135/><F72/><W112/><G112/><T129/><D129/><U31/><E31/><V130/><F130/><W80/><REACH who="3" step="1"/><G62/><REACH who="3" ten="118,252,363,247" step="2"/><T111/><D111/><U123/><E123/><V42/><F60/><W92/><G92/><T96/><D76/><U117/><E117/><V113/><F93/><W109/><G109/><T46/><D97/><U120/><E120/><V124/><F113/><W106/><G106/><T54/><D27/><U107/><E107/><V119/><F104/><W12/><G12/><T57/><D14/><U70/><E70/><V88/><F119/><W34/><G34/><T28/><D94/><U77/><E77/><V15/><F15/><W41/><AGARI ba="1,2" hai="10,11,40,41,43,48,49,50,52,59,63,80,82,83" machi="41" ten="40,24000,3" yaku="1,1,0,1,29,2,8,1,52,3,54,1,53,0" doraHai="78" doraHaiUra="24" who="3" fromWho="3" sc="118,-81,252,-81,363,-81,247,263" />
</Scene>
<Scene>
<INIT seed="3,2,0,4,3,44" ten="37,171,282,510" oya="3" hai0="133,66,30,67,85,112,54,71,55,50,127,83,89" hai1="96,59,5,51,42,78,86,69,99,4,120,14,60" hai2="31,15,47,3,72,118,105,6,103,74,123,24,114" hai3="1,39,98,130,70,23,87,12,48,2,29,101,111"/><W45/><G39/><T122/><D122/><U100/><E69/><V58/><F118/><W7/><G70/><T16/><D30/><U17/><E120/><V41/><F123/><W61/><G130/><T135/><D127/><U63/><E78/><V13/><F114/><W34/><G111/><T19/><D112/><U92/><E86/><V110/><F110/><W35/><G61/><N who="1" m="23626" /><E99/><V18/><F15/><W38/><G38/><T43/><D43/><U94/><E94/><V88/><F58/><W57/><G57/><T20/><D55/><N who="1" m="32255" /><E42/><V81/><F103/><W40/><G34/><T33/><D33/><U119/><E119/><V65/><F105/><W116/><G116/><T36/><D36/><U8/><AGARI ba="2,0" hai="4,5,8,14,17,92,96,100" m="32255,23626" machi="8" ten="30,2000,0" yaku="8,1,52,1" doraHai="44" who="1" fromWho="1" sc="37,-7,171,26,282,-7,510,-12" />
</Scene>
<Scene>
<INIT seed="4,0,0,3,2,8" ten="30,197,275,498" oya="0" hai0="48,36,57,90,120,30,134,34,26,4,17,47,114" hai1="84,38,15,27,69,100,64,102,88,28,133,19,37" hai2="97,66,50,52,0,70,87,98,62,118,68,112,54" hai3="42,132,56,94,58,115,29,24,130,79,60,123,13"/><T14/><D120/><U35/><E133/><V16/><F0/><W2/><G2/><T86/><D134/><U33/><E33/><V25/><F112/><W121/><G132/><T95/><D114/><U65/><E102/><V103/><F118/><W75/><G115/><T92/><D36/><U78/><E78/><V12/><F25/><W51/><G130/><T119/><D119/><U22/><E100/><V10/><F70/><W53/><G42/><T128/><D128/><U44/><E69/><V91/><F103/><W61/><G94/><T113/><D4/><U81/><REACH who="1" step="1"/><E38/><REACH who="1" ten="30,187,275,498" step="2"/><V89/><F89/><W101/><G79/><T11/><D113/><U21/><E21/><V116/><F116/><W105/><G101/><T127/><D127/><U129/><E129/><V3/><F3/><W43/><G121/><T109/><D109/><U45/><E45/><N who="2" m="27727" /><F54/><W77/><G53/><T131/><D131/><U111/><E111/><V41/><F41/><AGARI ba="0,1" hai="15,19,22,27,28,35,37,41,44,64,65,81,84,88" machi="41" ten="40,5200,0" yaku="1,1,52,1,54,1,53,0" doraHai="8" doraHaiUra="126" who="1" fromWho="2" sc="30,0,187,62,275,-52,498,0" />
</Scene>
<Scene>
<INIT seed="5,0,0,4,5,83" ten="30,249,223,498" oya="1" hai0="134,14,85,0,46,128,40,49,67,92,64,22,69" hai1="126,107,36,71,80,91,129,130,81,35,28,20,45" hai2="39,121,57,131,10,119,70,32,66,58,15,99,6" hai3="78,100,59,42,62,132,120,123,108,13,54,18,53"/><U133/><E71/><V41/><F121/><W17/><G108/><T11/><D128/><N who="1" m="49259" /><E107/><V68/><F119/><W75/><G132/><T84/><D0/><U24/><E133/><V109/><F109/><W50/><G100/><T102/><D134/><U135/><E135/><V77/><F32/><W74/><G42/><T7/><D69/><U60/><E126/><V23/><F131/><W118/><G118/><T89/><D102/><U117/><E60/><V29/><F41/><W1/><G1/><T88/><REACH who="0" step="1"/><D22/><REACH who="0" ten="20,249,223,498" step="2"/><U106/><E117/><V30/><F68/><W51/><G120/><T87/><D87/><U114/><E20/><V12/><F70/><W61/><G123/><T26/><D26/><U111/><E111/><V127/><F23/><W34/><G34/><T63/><D63/><U105/><E24/><V116/><F116/><W115/><G62/><T79/><D79/><U19/><E35/><V38/><F77/><W76/><G61/><T31/><D31/><U101/><E28/><V56/><F66/><W2/><G2/><T33/><D33/><U47/><E101/><V73/><F73/><W124/><G13/><T82/><AGARI ba="0,1" hai="7,11,14,40,46,49,64,67,82,84,85,88,89,92" machi="82" ten="20,12000,2" yaku="1,1,0,1,7,1,8,1,52,2,54,1,53,0" doraHai="83" doraHaiUra="65" who="0" fromWho="0" sc="20,130,249,-60,223,-30,498,-30" />
</Scene>
<Scene>
<INIT seed="6,0,0,0,5,57" ten="150,189,193,468" oya="2" hai0="60,128,36,111,91,17,132,15,59,40,94,131,48" hai1="4,13,38,84,99,1,76,63,18,71,31,64,127" hai2="116,110,124,101,130,21,24,3,107,123,72,16,23" hai3="34,65,8,49,104,109,29,134,135,68,5,37,119"/><V83/><F123/><W50/><G119/><T73/><D111/><U51/><E38/><V97/><F116/><W75/><G37/><T80/><D36/><U129/><E129/><N who="0" m="49737" /><D132/><N who="3" m="50729" /><G104/><T33/><D33/><U70/><E127/><V56/><F3/><W61/><G50/><T43/><D48/><U108/><E108/><V126/><F130/><W85/><G85/><N who="0" m="52591" /><D80/><U77/><E99/><V52/><F110/><W112/><G8/><N who="0" m="6375" /><D73/><U115/><E51/><N who="2" m="30751" /><F83/><W32/><G49/><T79/><D79/><U35/><E77/><V103/><F72/><W86/><G109/><T30/><D30/><U90/><E76/><V78/><F78/><W95/><G75/><T105/><D105/><U117/><E117/><V47/><F47/><W25/><G29/><T44/><D44/><U2/><E31/><N who="2" m="17807" /><F107/><W82/><G34/><T120/><D120/><U45/><E45/><V14/><F97/><W100/><G32/><T0/><D0/><U133/><E1/><V66/><F66/><W89/><G65/><T88/><D88/><U19/><E35/><V122/><F122/><W62/><G89/><T74/><D74/><U42/><E133/><V10/><F10/><W121/><G121/><T102/><D102/><N who="2" m="38922" /><F126/><W125/><G125/><T92/><D92/><U53/><E2/><V7/><F124/><W114/><G82/><T28/><D28/><U93/><E90/><V22/><F22/><W87/><G100/><T81/><D81/><U98/><E93/><V12/><F7/><W27/><G5/><T11/><D11/><U55/><E98/><V69/><F12/><W26/><G95/><RYUUKYOKU ba="0,0" sc="150,15,189,-15,193,15,468,-15" hai0="40,43,59,60" hai2="14,16,23,69" />
</Scene>
<Scene>
<INIT seed="6,1,0,0,3,110" ten="165,174,208,453" oya="2" hai0="106,65,54,67,4,134,123,29,91,80,24,102,44" hai1="0,119,37,93,66,48,2,13,131,59,28,8,73" hai2="49,88,22,115,81,64,84,118,11,21,18,32,58" hai3="71,63,15,42,96,126,127,122,130,129,23,57,47"/><V12/><F118/><W9/><G23/><T46/><D123/><U79/><E37/><V19/><F32/><W14/><G96/><T99/><D4/><U125/><E119/><V60/><F115/><W98/><G98/><T117/><D117/><U75/><E28/><V27/><F49/><N who="3" m="26871" /><G14/><T53/><D134/><U70/><E70/><V55/><F64/><N who="3" m="41375" /><G15/><T92/><D80/><U104/><E125/><N who="3" m="47626" /><G9/><AGARI ba="1,0" hai="9,11,12,18,19,21,22,27,55,58,60,81,84,88" machi="9" ten="40,3900,0" yaku="8,1,54,1" doraHai="110" who="2" fromWho="3" sc="165,0,174,0,208,42,453,-42" />
</Scene>
<Scene>
<INIT seed="6,2,0,2,1,61" ten="165,174,250,411" oya="2" hai0="116,123,79,55,44,28,94,108,56,26,66,117,45" hai1="10,22,84,15,41,89,113,58,95,51,34,82,1" hai2="20,39,70,31,37,35,25,57,102,27,109,114,130" hai3="122,128,17,49,38,12,132,6,14,74,59,8,88"/><V78/><F70/><W91/><G122/><T48/><D108/><U92/><E34/><V75/><F109/><W73/><G38/><T29/><D123/><U32/><E32/><V0/><F0/><W98/><G132/><T30/><D79/><U119/><E119/><N who="0" m="45641" /><D94/><U85/><E1/><V53/><F114/><W112/><G112/><T11/><D11/><U77/><E113/><V97/><F130/><W104/><G128/><T81/><D81/><N who="1" m="49327" /><E22/><V40/><F78/><W9/><G74/><T42/><D66/><U33/><E33/><V126/><F126/><W106/><G73/><T121/><D121/><U90/><E77/><V54/><F75/><W19/><G6/><T21/><D45/><N who="1" m="26031" /><E58/><V100/><F39/><AGARI ba="2,0" hai="21,26,28,29,30,39,42,44,48,55,56" m="45641" machi="39" ten="30,1000,0" yaku="12,1" doraHai="61" who="0" fromWho="2" sc="165,16,174,0,250,-16,411,0" />
</Scene>
<Scene>
<INIT seed="7,0,0,4,5,82" ten="181,174,234,411" oya="3" hai0="24,60,75,73,53,17,20,122,104,54,111,70,85" hai1="84,95,118,119,6,98,55,32,108,41,44,81,69" hai2="115,112,100,71,129,26,117,96,74,48,91,61,43" hai3="13,65,47,63,51,135,93,59,49,128,4,12,21"/><W134/><G128/><T31/><D111/><U92/><E108/><V8/><F74/><W133/><G4/><T11/><D122/><U40/><E69/><V30/><F129/><W79/><G13/><T38/><D38/><U36/><E32/><V25/><F91/><W99/><G12/><T124/><D104/><U16/><E6/><V123/><F48/><W19/><G21/><T64/><D124/><U35/><E35/><V80/><F61/><W132/><G19/><T110/><D110/><U7/><E7/><V57/><F26/><W107/><G107/><T45/><D45/><U127/><E41/><V101/><F115/><W103/><N who="3" m="33792" /><DORA hai="131" /><W130/><G130/><T42/><D42/><U34/><E34/><V83/><F43/><N who="3" m="24831" /><G51/><T72/><D11/><U0/><E0/><V86/><F8/><W109/><G109/><T89/><D17/><U126/><E16/><V58/><F112/><W87/><G87/><T46/><D46/><U50/><E36/><V27/><F86/><W18/><G18/><T68/><D72/><U9/><E9/><V33/><F33/><W113/><G79/><T10/><D73/><U62/><E40/><V29/><F25/><W37/><G37/><T114/><D114/><AGARI ba="0,0" hai="59,63,65,93,99,103,113,114" m="24831,33792" machi="114" ten="60,12000,1" yaku="20,1,52,4" doraHai="82,131" who="3" fromWho="0" sc="181,-120,174,0,234,0,411,120" owari="61,-44.0,174,-23.0,234,3.0,531,64.0" />
</Scene>
</mjloggm>