<mjloggm ver="2.3"><GO type="169" lobby="0"/><UN n0="%E3%81%82%E3%81%B2%E3%82%8B%E3%81%95%E3%82%93" n1="%7A%65%72%6F%52%58" n2="%E5%A4%AA%E3%81%8F%E3%81%AA%E3%81%84%E3%81%8A" n3="%6F%6E%65%73%74%61%72" dan="16,16,17,17" rate="2129.91,2087.67,2192.15,2153.51" sx="M,M,M,M"/><TAIKYOKU oya="0"/>

<Scene>
<INIT seed="0,0,0,1,0,39" ten="250,250,250,250" oya="0" hai0="8,44,38,5,37,20,114,86,26,131,130,14,34" hai1="113,107,16,103,95,64,15,6,42,22,49,78,116" hai2="88,40,69,99,24,9,77,87,89,23,13,72,85" hai3="46,81,2,32,17,82,52,74,60,106,133,56,28"/><T92/><D114/><U111/><E116/><V83/><F69/><W68/><G133/><T109/><D34/><U102/><E111/><V104/><F40/><W79/><G106/><T112/><D112/><U67/><E107/><V123/><F123/><W132/><G132/><T70/><D70/><U97/><E113/><V31/><F104/><W129/><G129/><T90/><D109/><U96/><E78/><V48/><F48/><W126/><G126/><T115/><D115/><U121/><E121/><V63/><F63/><W11/><G68/><T108/><D108/><U135/><E135/><V84/><REACH who="2" step="1"/><F99/><REACH who="2" ten="250,250,240,250" step="2"/><W12/><G60/><T7/><D38/><U80/><E42/><V101/><F101/><W1/><G46/><T33/><D37/><U65/><E49/><V59/><F59/><W19/><G56/><T18/><D44/><U27/><E97/><V3/><F3/><W41/><G2/><T124/><D131/><U66/><E103/><V21/><F21/><W127/><G41/><T4/><D130/><U50/><E50/><V93/><F93/><W61/><G1/><T128/><D128/><U0/><E0/><V98/><F98/><W58/><G81/><T94/><D33/><U75/><E80/><V45/><F45/><W57/><G58/><T117/><D94/><U71/><E71/><V73/><F73/><W120/><G120/><T36/><D36/><U51/><E51/><V118/><F118/><W125/><G32/><T91/><D117/><U43/><N who="1" m="16384" /><DORA hai="105" /><U54/><E75/><V25/><F25/><W119/><G119/><T76/><D26/><RYUUKYOKU ba="0,1" sc="250,-10,250,-10,240,30,250,-10" hai2="9,13,23,24,31,72,77,83,84,85,87,88,89" />
</Scene>
<Scene>
<INIT seed="1,1,1,1,0,58" ten="240,240,270,240" oya="1" hai0="23,35,10,112,56,27,101,65,77,21,45,55,122" hai1="130,53,15,16,109,113,91,100,1,17,44,70,114" hai2="14,20,124,106,127,119,115,13,19,34,84,125,86" hai3="81,133,103,4,50,98,123,88,32,85,29,38,105"/><U129/><E70/><V51/><F119/><W5/><G123/><T30/><D77/><U102/><E1/><V24/><F106/><W9/><G38/><T7/><D112/><U3/><E3/><V74/><F74/><W66/><G133/><T11/><D101/><U80/><E109/><V111/><F111/><W83/><G5/><T52/><D122/><U37/><E102/><V89/><F115/><W134/><G134/><T41/><D65/><U108/><E100/><V75/><F75/><W96/><G96/><T71/><D71/><U95/><E80/><N who="2" m="49287" /><F34/><W33/><G66/><T22/><D55/><U63/><E108/><V117/><F117/><W73/><G29/><T93/><D93/><U90/><E91/><V92/><F51/><W116/><G116/><T120/><D120/><U107/><E107/><V135/><F135/><W67/><G67/><T49/><REACH who="0" step="1"/><D7/><REACH who="0" ten="230,240,270,240" step="2"/><U48/><E114/><V128/><F128/><W72/><G83/><T6/><D6/><U132/><E113/><V94/><F94/><W68/><G68/><T42/><D42/><U62/><E132/><V121/><F121/><W28/><G81/><T8/><D8/><N who="1" m="6247" /><E130/><V18/><F92/><W2/><G105/><T118/><D118/><U31/><E129/><V79/><F79/><W46/><G103/><T78/><D78/><U126/><E95/><V12/><F86/><W54/><G85/><T131/><D131/><U110/><E110/><V87/><F87/><W97/><G97/><T47/><D47/><U104/><E44/><V57/><F57/><W0/><G98/><T60/><AGARI ba="1,2" hai="10,11,21,22,23,27,30,35,41,45,49,52,56,60" machi="60" ten="30,12000,2" yaku="1,1,5,1,0,1,52,1,54,1,53,1" doraHai="58" doraHaiUra="59" who="0" fromWho="0" sc="230,143,240,-61,270,-31,240,-31" />
</Scene>
<Scene>
<INIT seed="2,0,0,0,0,106" ten="373,179,239,209" oya="2" hai0="55,60,3,20,34,40,132,100,24,93,46,61,58" hai1="67,41,21,96,125,78,47,130,84,19,25,38,116" hai2="27,135,101,97,86,112,122,76,79,1,14,103,71" hai3="133,94,120,74,42,6,7,32,31,82,51,87,63"/><V43/><F1/><W113/><G133/><T107/><D107/><U121/><E130/><V8/><F112/><W62/><G120/><T22/><D34/><U119/><E125/><V53/><F122/><W33/><G113/><T59/><D3/><U134/><E134/><V105/><F135/><W29/><G94/><T68/><D68/><U4/><E121/><V66/><F103/><W73/><G87/><T90/><D100/><U10/><E67/><V23/><F43/><W128/><G42/><T48/><D132/><U114/><E114/><V16/><F53/><W65/><G65/><N who="0" m="39063" /><D24/><U131/><E131/><V124/><F124/><W99/><G51/><T117/><D117/><U81/><REACH who="1" step="1"/><E96/><AGARI ba="0,0" hai="20,22,40,46,48,55,59,61,90,93,96" m="39063" machi="96" ten="30,1000,0" yaku="8,1" doraHai="106" who="0" fromWho="1" sc="373,10,179,-10,239,0,209,0" />
</Scene>
<Scene>
<INIT seed="3,0,0,4,1,88" ten="383,169,239,209" oya="3" hai0="14,66,39,117,130,25,94,32,97,123,75,30,53" hai1="69,1,10,76,115,121,40,134,29,125,46,80,91" hai2="109,11,124,72,135,0,120,95,35,113,12,67,43" hai3="23,133,93,48,6,38,52,13,19,74,47,129,92"/><W54/><G129/><T102/><D75/><U36/><E121/><V77/><F113/><W73/><G133/><T15/><D39/><U55/><E69/><V99/><F35/><W17/><G38/><T51/><D117/><U86/><E125/><V116/><F116/><W50/><G6/><T110/><D123/><U128/><E134/><V16/><F120/><W8/><G73/><T28/><D110/><U111/><E111/><V100/><F109/><W122/><G74/><T71/><D30/><U78/><E128/><V106/><F135/><W85/><G85/><T107/><D130/><U3/><E29/><V87/><F124/><W22/><G122/><T118/><D118/><U7/><E115/><V24/><F0/><W57/><G8/><T83/><D83/><U4/><REACH who="1" step="1"/><E55/><REACH who="1" ten="383,159,239,209" step="2"/><V96/><F67/><W112/><REACH who="3" step="1"/><G112/><REACH who="3" ten="383,159,239,199" step="2"/><T34/><D71/><U114/><E114/><V79/><F72/><W5/><G5/><T58/><D66/><U31/><E31/><V103/><F87/><W41/><G41/><T108/><D108/><U26/><E26/><AGARI ba="0,2" hai="13,17,19,22,23,26,47,48,50,52,54,57,92,93" machi="26" ten="30,18000,2" yaku="1,1,7,1,8,1,52,2,54,1,53,0" doraHai="88" doraHaiUra="70" who="3" fromWho="1" sc="383,0,159,-180,239,0,199,200" owari="383,18.0,-21,-52.0,239,-16.0,399,50.0" />
</Scene>
</mjloggm>