<mjloggm ver="2.3"><GO type="169" lobby="0"/><UN n0="%E5%8F%AF%E7%87%83%E6%80%A7%E9%AB%98%E5%9C%A7%E3%82%AC%E3%82%B9" n1="%E5%A4%AA%E3%81%8F%E3%81%AA%E3%81%84%E3%81%8A" n2="%E3%83%AC%E3%83%87%E3%82%B9%E3%83%9E" n3="%E3%83%88%E3%82%B7%E3%83%95%E3%83%BC%E3%83%8B" dan="17,18,16,16" rate="2160.46,2185.26,2094.26,2165.18" sx="M,M,M,M"/><TAIKYOKU oya="0"/>

<Scene>
<INIT seed="0,0,0,2,4,30" ten="250,250,250,250" oya="0" hai0="0,125,69,132,18,32,108,95,134,42,31,114,104" hai1="102,97,23,133,90,109,65,8,26,52,55,20,14" hai2="38,35,33,1,41,56,16,79,21,121,71,81,40" hai3="120,44,85,113,131,10,61,112,76,128,96,130,60"/><T111/><D104/><U25/><E109/><N who="0" m="42057" /><D114/><U46/><E133/><N who="0" m="51305" /><D69/><U75/><E75/><V15/><F71/><W99/><G120/><T116/><D116/><U74/><E74/><V66/><F1/><W70/><G113/><T28/><D125/><U6/><E65/><V80/><F121/><W49/><G112/><T115/><D115/><U11/><E90/><V123/><F123/><W127/><G127/><T106/><D106/><U101/><E46/><V48/><F38/><W17/><G70/><T29/><D42/><U22/><E11/><V2/><F2/><W119/><G119/><T84/><D0/><U59/><E55/><V129/><F129/><W7/><G131/><T124/><D124/><U126/><E126/><V3/><F3/><W122/><G122/><T58/><D58/><U13/><E13/><V34/><F81/><W103/><G130/><T43/><D43/><U77/><E77/><V86/><REACH who="2" step="1"/><F48/><REACH who="2" ten="250,250,240,250" step="2"/><W5/><G49/><T37/><D37/><U9/><E9/><V82/><F82/><W87/><G10/><T19/><D32/><U12/><E12/><V4/><F4/><W117/><G5/><T68/><D68/><U72/><E72/><V98/><F98/><W53/><G7/><T135/><D135/><U105/><REACH who="1" step="1"/><E102/><REACH who="1" ten="250,240,240,250" step="2"/><V62/><AGARI ba="0,2" hai="15,16,21,33,34,35,40,41,56,62,66,79,80,86" machi="62" ten="40,12000,2" yaku="1,1,0,1,52,3,54,1,53,0" doraHai="30" doraHaiUra="118" who="2" fromWho="2" sc="250,-60,240,-30,240,140,250,-30" />
</Scene>
<Scene>
<INIT seed="1,0,0,4,3,91" ten="190,210,380,220" oya="1" hai0="17,66,73,79,22,87,51,117,24,21,2,19,37" hai1="53,38,58,25,62,7,3,40,27,30,127,67,89" hai2="133,71,59,64,113,86,116,101,94,121,36,100,23" hai3="96,81,122,82,75,5,115,28,63,130,78,10,48"/><U88/><E127/><V16/><F116/><W109/><G115/><T35/><D117/><U69/><E7/><V77/><F121/><W12/><G122/><T46/><D37/><U84/><E3/><V106/><F71/><W129/><G109/><T108/><D108/><U125/><E125/><V31/><F31/><W80/><G28/><T124/><D124/><U26/><E30/><V114/><F36/><W134/><G134/><T43/><D35/><U0/><E0/><V34/><F34/><W90/><G48/><T72/><D66/><U104/><E104/><V98/><F133/><W49/><G49/><T95/><D2/><U8/><E8/><V56/><F101/><W20/><G63/><T68/><D68/><U107/><E107/><V123/><F123/><W93/><REACH who="3" step="1"/><G20/><REACH who="3" ten="190,210,380,210" step="2"/><T52/><D43/><U74/><E40/><V135/><F135/><W39/><G39/><T42/><D42/><U131/><E38/><V6/><F113/><W76/><G76/><T15/><REACH who="0" step="1"/><D79/><REACH who="0" ten="180,210,380,210" step="2"/><U97/><E69/><V54/><F77/><W9/><G9/><T126/><D126/><U99/><E67/><V111/><F64/><W61/><G61/><T4/><D4/><U50/><E62/><V29/><F6/><W13/><G13/><T47/><D47/><U119/><E50/><V44/><F44/><W102/><G102/><T11/><D11/><U57/><E119/><V41/><F111/><W33/><G33/><T120/><D120/><U32/><E32/><V45/><F45/><W128/><AGARI ba="0,2" hai="5,10,12,75,78,80,81,82,90,93,96,128,129,130" machi="128" ten="30,8000,1" yaku="1,1,0,1,19,1,52,1,53,1" doraHai="91" doraHaiUra="92" who="3" fromWho="3" sc="180,-20,210,-40,380,-20,210,100" />
</Scene>
<Scene>
<INIT seed="2,0,0,3,1,96" ten="160,170,360,310" oya="2" hai0="66,12,116,34,99,118,76,65,41,60,73,4,52" hai1="133,120,28,128,33,1,64,90,35,45,103,135,123" hai2="59,72,8,42,21,89,88,124,75,40,39,127,95" hai3="11,80,122,19,37,38,79,98,101,119,56,5,111"/><V46/><F40/><W36/><G122/><N who="1" m="46634" /><E64/><V47/><F47/><W87/><G119/><N who="0" m="45611" /><D34/><N who="1" m="12811" /><E90/><V13/><F21/><W91/><G111/><T67/><D41/><U18/><E45/><V100/><F59/><W6/><G56/><N who="0" m="34823" /><D99/><U9/><E103/><V2/><F2/><W24/><G79/><T113/><D113/><U86/><E86/><V110/><F110/><W132/><G132/><N who="1" m="50762" /><E28/><V71/><F71/><W17/><G38/><T125/><D125/><N who="2" m="48202" /><F100/><W57/><G37/><T61/><D76/><U108/><E108/><V117/><F117/><W102/><G36/><T107/><D107/><U129/><E18/><N who="2" m="8487" /><F89/><W14/><G57/><N who="0" m="37039" /><D73/><U68/><E68/><V63/><F63/><W25/><G19/><T54/><D54/><U7/><AGARI ba="0,0" hai="1,7,9,128,129" m="50762,12811,46634" machi="7" ten="40,8000,1" yaku="13,1,20,1,23,1,34,2" doraHai="96" who="1" fromWho="1" sc="160,-20,170,80,360,-40,310,-20" />
</Scene>
<Scene>
<INIT seed="3,0,0,1,0,20" ten="140,250,320,290" oya="3" hai0="83,45,34,60,108,100,78,28,6,61,122,132,30" hai1="118,18,126,53,69,92,123,66,90,121,51,72,80" hai2="70,21,11,84,40,111,1,97,125,82,75,13,14" hai3="7,81,135,9,101,37,134,63,94,79,27,99,2"/><W116/><G37/><T109/><D122/><U55/><E55/><V104/><F75/><W105/><G116/><T33/><D100/><U10/><E118/><V52/><F70/><W32/><G94/><T129/><D6/><U120/><E126/><V31/><F40/><W56/><G56/><T3/><D3/><U23/><E10/><V64/><F64/><W57/><G57/><T67/><D129/><U74/><E66/><V48/><F111/><N who="0" m="42570" /><D45/><U115/><E69/><V117/><F117/><W128/><G63/><N who="0" m="24139" /><D67/><U16/><E115/><V39/><F39/><W19/><G128/><T49/><D49/><U38/><E38/><V96/><F104/><W44/><G44/><T106/><D106/><U113/><E113/><V86/><F1/><W102/><G102/><T103/><D103/><U4/><E4/><V110/><F110/><W98/><G98/><T91/><D91/><U26/><E18/><V8/><F97/><W93/><G93/><T36/><D36/><U77/><E74/><V47/><F96/><W22/><REACH who="3" step="1"/><G32/><REACH who="3" ten="140,250,320,280" step="2"/><N who="0" m="12395" /><D132/><U62/><E62/><V127/><F47/><W73/><AGARI ba="0,1" hai="2,7,9,19,22,27,73,79,81,99,101,105,134,135" machi="73" ten="30,11700,0" yaku="1,1,0,1,52,1,53,1" doraHai="20" doraHaiUra="35" who="3" fromWho="3" sc="140,-39,250,-39,320,-39,280,127" />
</Scene>
<Scene>
<INIT seed="3,1,0,4,4,51" ten="101,211,281,407" oya="3" hai0="21,84,86,63,25,114,14,85,65,124,22,32,27" hai1="109,82,81,61,135,33,45,129,83,123,58,36,6" hai2="3,113,30,13,34,95,49,67,59,35,130,38,69" hai3="15,91,115,112,79,52,53,12,31,132,64,107,90"/><W16/><G107/><T108/><D108/><U117/><E123/><V47/><F3/><W39/><G39/><T18/><D114/><U62/><E33/><V60/><F113/><W80/><G132/><T5/><D124/><U97/><E109/><V72/><F72/><W131/><G131/><T50/><D32/><U26/><E129/><V102/><F130/><W87/><G115/><T68/><D5/><U88/><E135/><V1/><F1/><W126/><G112/><T101/><D101/><U104/><E117/><V70/><F13/><W77/><G91/><T55/><REACH who="0" step="1"/><D22/><REACH who="0" ten="91,211,281,407" step="2"/><U41/><E6/><V75/><F102/><W42/><G126/><T134/><D134/><U110/><E110/><V105/><F35/><W19/><G31/><T11/><D11/><U98/><E104/><V4/><F105/><W10/><G64/><T92/><D92/><U74/><E81/><V99/><F95/><W122/><G122/><T89/><D89/><U43/><E82/><V8/><F8/><N who="3" m="6151" /><G42/><T118/><D118/><U71/><E43/><V2/><F30/><W57/><G57/><AGARI ba="1,1" hai="14,18,21,25,27,50,55,57,63,65,68,84,85,86" machi="57" ten="40,2600,0" yaku="1,1,52,1,53,0" doraHai="51" doraHaiUra="73" who="0" fromWho="3" sc="91,39,211,0,281,0,407,-29" />
</Scene>
<Scene>
<INIT seed="4,0,0,5,2,50" ten="130,211,281,378" oya="0" hai0="57,10,11,18,109,119,91,118,32,120,76,72,4" hai1="43,51,39,46,54,90,86,65,14,97,87,105,130" hai2="100,126,33,36,63,27,116,66,0,17,31,12,22" hai3="104,34,127,1,6,48,70,21,16,77,106,111,131"/><T44/><D120/><U80/><E130/><V123/><F123/><W84/><G111/><T61/><D109/><U93/><E65/><V71/><F36/><W74/><G70/><T28/><D44/><U52/><E39/><V102/><F126/><W59/><G74/><T81/><D18/><U78/><REACH who="1" step="1"/><E14/><REACH who="1" ten="130,201,281,378" step="2"/><V98/><F0/><W122/><G1/><T62/><D119/><U101/><AGARI ba="0,1" hai="43,46,51,52,54,78,80,86,87,90,93,97,101,105" machi="101" ten="30,16000,3" yaku="1,1,2,1,0,1,52,2,54,1,53,2" doraHai="50" doraHaiUra="49" who="1" fromWho="1" sc="130,-80,201,170,281,-40,378,-40" />
</Scene>
<Scene>
<INIT seed="5,0,0,3,2,118" ten="50,371,241,338" oya="1" hai0="34,90,27,26,129,103,125,56,52,108,48,15,1" hai1="84,70,51,132,74,77,22,113,117,25,122,76,80" hai2="30,119,7,121,128,54,39,88,96,49,12,31,14" hai3="73,55,58,89,124,28,75,57,61,36,21,69,18"/><U63/><E117/><V110/><F110/><W98/><G69/><T43/><D108/><U123/><E113/><V81/><F39/><W67/><G36/><T33/><D1/><U66/><E132/><V87/><F119/><W79/><G124/><T41/><D125/><U100/><E100/><V127/><F127/><W109/><G28/><T13/><D103/><U19/><REACH who="1" step="1"/><E51/><REACH who="1" ten="50,361,241,338" step="2"/><V40/><F49/><W91/><G109/><T82/><D129/><U37/><E37/><V2/><F128/><W114/><G114/><T126/><D126/><U131/><E131/><V6/><F40/><W130/><G130/><T104/><D104/><U97/><E97/><V106/><F96/><W35/><G98/><T45/><D41/><U86/><E86/><V42/><F42/><W71/><G75/><T53/><D43/><U65/><E65/><V32/><F106/><W102/><G102/><T46/><D48/><U133/><E133/><V4/><F87/><W20/><G73/><T99/><D99/><U116/><E116/><V115/><F115/><W95/><G67/><T134/><D134/><U64/><E64/><V5/><F2/><W120/><G71/><T85/><D85/><U112/><E112/><V101/><F101/><W29/><G89/><T78/><D90/><U92/><E92/><V94/><F88/><W8/><G91/><T17/><D78/><U72/><E72/><V60/><F94/><W47/><G95/><T83/><REACH who="0" step="1"/><D56/><REACH who="0" ten="40,361,241,338" step="2"/><U135/><E135/><V68/><F68/><W9/><G58/><T59/><D59/><U111/><E111/><V0/><F0/><RYUUKYOKU ba="0,2" sc="40,15,361,15,241,-15,338,-15" hai0="13,15,17,26,27,33,34,45,46,52,53,82,83" hai1="19,22,25,63,66,70,74,76,77,80,84,122,123" />
</Scene>
<Scene>
<INIT seed="5,1,2,2,5,38" ten="55,376,226,323" oya="1" hai0="90,27,129,71,100,131,55,133,37,127,135,5,30" hai1="20,23,28,58,123,49,134,81,78,53,48,79,103" hai2="32,130,68,115,114,73,120,43,118,107,31,0,76" hai3="84,10,59,62,124,66,11,88,54,106,102,33,85"/><U95/><E123/><V15/><RYUUKYOKU type="yao9" ba="1,2" sc="55,0,376,0,226,0,323,0" hai2="0,15,31,32,43,68,73,76,107,114,115,118,120,130" />
</Scene>
<Scene>
<INIT seed="5,2,2,4,1,6" ten="55,376,226,323" oya="1" hai0="30,107,125,12,122,19,17,3,31,14,113,82,25" hai1="71,130,118,33,134,10,46,94,72,99,88,48,110" hai2="64,76,43,128,26,105,85,2,24,62,120,123,27" hai3="65,131,40,70,7,5,102,126,86,35,55,56,83"/><U109/><E118/><V106/><F2/><W16/><G35/><T41/><D107/><U11/><E33/><V53/><F43/><W49/><G131/><T1/><D82/><U96/><E72/><V117/><F117/><W104/><G126/><T57/><D41/><N who="1" m="24655" /><E71/><V127/><F127/><W15/><G104/><T32/><D57/><U37/><E37/><V84/><F128/><W98/><G40/><T119/><D119/><U28/><E28/><V95/><F53/><W124/><G124/><T69/><D69/><U111/><E130/><V90/><F106/><W89/><G70/><T75/><D75/><U67/><E67/><V29/><F29/><W42/><G42/><T77/><D77/><U78/><E78/><V132/><F105/><W74/><G74/><T9/><D125/><U80/><E80/><V50/><F50/><W34/><G34/><N who="0" m="20815" /><D122/><U79/><E79/><V36/><F36/><W108/><G108/><T121/><D121/><U87/><E134/><V20/><F132/><W115/><G115/><T63/><D63/><U68/><E68/><V103/><F123/><W101/><G65/><T51/><D51/><U60/><E60/><V4/><F120/><W112/><G112/><T114/><D114/><U129/><E129/><V45/><F62/><W91/><G91/><T59/><D113/><U18/><E18/><V44/><F64/><W93/><G102/><T8/><D59/><U81/><E99/><V61/><F61/><W47/><G56/><T73/><D73/><U58/><E58/><V22/><F76/><W135/><G135/><T21/><D32/><RYUUKYOKU ba="2,2" sc="55,10,376,10,226,-30,323,10" hai0="1,3,8,9,12,14,17,19,21,31" hai1="10,11,81,87,88,94,96,109,110,111" hai3="5,7,15,16,47,49,55,83,86,89,93,98,101" />
</Scene>
<Scene>
<INIT seed="5,3,2,5,0,85" ten="65,386,196,333" oya="1" hai0="80,87,94,83,131,68,128,92,73,9,132,35,45" hai1="112,78,21,2,63,79,5,15,86,117,57,14,28" hai2="52,81,54,30,69,71,105,84,8,66,23,74,10" hai3="70,64,51,118,61,26,40,18,95,47,100,121,24"/><U82/><E117/><V56/><F74/><W98/><G121/><T3/><D35/><U59/><E112/><V102/><F71/><W75/><G75/><T53/><D68/><U13/><E2/><V90/><F69/><W7/><G118/><T19/><D132/><U115/><E115/><V126/><F126/><W93/><G7/><T114/><D114/><U60/><E5/><V36/><F36/><W120/><G120/><T17/><D3/><U88/><E28/><V67/><F102/><W25/><REACH who="3" step="1"/><G18/><REACH who="3" ten="65,386,196,323" step="2"/><T12/><D17/><U101/><E101/><V55/><F105/><AGARI ba="3,3" hai="24,25,26,40,47,51,61,64,70,93,95,98,100,105" machi="105" ten="40,2600,0" yaku="1,1,2,1,53,0" doraHai="85" doraHaiUra="29" who="3" fromWho="2" sc="65,0,386,0,196,-35,323,65" />
</Scene>
<Scene>
<INIT seed="6,0,0,1,4,41" ten="65,386,161,388" oya="2" hai0="45,82,113,65,33,25,132,120,85,111,96,57,58" hai1="72,18,71,9,43,78,36,101,19,130,125,5,59" hai2="73,38,15,42,29,77,60,17,64,128,90,103,30" hai3="4,68,84,70,91,89,32,114,119,1,134,117,129"/><V106/><F128/><W66/><G32/><T39/><D111/><U107/><E71/><V61/><F90/><W51/><G129/><T127/><D120/><U20/><E130/><V7/><F7/><W98/><G134/><T112/><D132/><U13/><E125/><V116/><F116/><W22/><G114/><T124/><D96/><U108/><E108/><V102/><F77/><W121/><G121/><T24/><D33/><U92/><E107/><V67/><F73/><W12/><G1/><T110/><D110/><U10/><E72/><V6/><F6/><W47/><G117/><T54/><D65/><N who="2" m="25162" /><F42/><N who="3" m="25079" /><G68/><T109/><D109/><U131/><E78/><V95/><F38/><W126/><G66/><T26/><D39/><U87/><E131/><V28/><F106/><W105/><G105/><T63/><D58/><U118/><E118/><V74/><F74/><W83/><G70/><T49/><D57/><U88/><E101/><N who="2" m="38411" /><F95/><N who="3" m="56687" /><G126/><N who="0" m="48171" /><D63/><U75/><E36/><V16/><F17/><N who="3" m="10535" /><G119/><T133/><D133/><U62/><E75/><V40/><F40/><W31/><G4/><T100/><D100/><U115/><E43/><V80/><F80/><W135/><G135/><T86/><D82/><U122/><E122/><V14/><F14/><W123/><G123/><T2/><D2/><N who="1" m="183" /><E115/><AGARI ba="0,0" hai="24,25,26,45,49,54,85,86,112,113,115" m="48171" machi="115" ten="40,5200,0" yaku="15,1,18,1,52,1" doraHai="41" who="0" fromWho="1" sc="65,52,386,-52,161,0,388,0" />
</Scene>
<Scene>
<INIT seed="7,0,0,1,2,100" ten="117,334,161,388" oya="3" hai0="102,63,117,47,132,89,124,1,118,46,49,34,105" hai1="75,28,45,58,65,55,62,134,29,88,0,101,111" hai2="16,126,115,38,15,2,26,72,92,95,27,70,121" hai3="19,123,133,131,10,125,8,44,20,17,85,109,51"/><W39/><G39/><T77/><D34/><U78/><E111/><V61/><F2/><W14/><G123/><T116/><D1/><U43/><E0/><V128/><F72/><W129/><G109/><T64/><D132/><U110/><E110/><V66/><F38/><W24/><G133/><T56/><D124/><U33/><E134/><V71/><F121/><W68/><G68/><T99/><D77/><U76/><E101/><V86/><F71/><W93/><G125/><T94/><REACH who="0" step="1"/><D49/><REACH who="0" ten="107,334,161,388" step="2"/><U74/><E74/><V12/><F126/><W5/><G131/><T81/><D81/><U13/><E75/><V84/><F128/><W53/><G129/><T31/><D31/><U59/><E33/><V97/><F115/><W107/><G51/><T90/><D90/><U108/><E108/><V112/><F112/><W30/><G30/><T127/><D127/><U69/><E28/><V22/><F70/><W104/><G5/><T40/><D40/><U52/><E29/><V60/><F16/><W122/><G17/><T79/><D79/><N who="1" m="30251" /><E69/><V119/><F119/><W6/><G19/><T103/><D103/><U9/><E43/><V32/><F32/><W130/><G6/><T57/><D57/><U114/><E114/><V7/><F7/><W83/><G130/><T4/><D4/><N who="1" m="3239" /><E45/><V96/><F22/><W91/><G20/><T67/><D67/><AGARI ba="0,1" hai="12,15,26,27,60,61,66,67,84,86,92,95,96,97" machi="67" ten="25,3200,0" yaku="22,2,8,1" doraHai="100" who="2" fromWho="0" sc="107,-32,334,0,161,42,388,0" owari="75,-42.0,334,13.0,203,-20.0,388,49.0" />
</Scene>
</mjloggm>