<mjloggm ver="2.3"><GO type="169" lobby="0"/><UN n0="%E3%81%82%E3%81%84%E3%81%A0%E3%81%A6" n1="%E5%A4%AA%E3%81%8F%E3%81%AA%E3%81%84%E3%81%8A" n2="%67%6F%73%68%69%6B%6B%75" n3="%E3%83%87%E3%83%87%E3%82%AD%E3%83%B3%E3%83%88" dan="16,18,16,17" rate="2155.37,2265.40,2118.29,2221.62" sx="M,F,F,M"/><TAIKYOKU oya="0"/>

<Scene>
<INIT seed="0,0,0,2,4,78" ten="250,250,250,250" oya="0" hai0="76,30,40,34,19,8,15,87,86,60,113,121,102" hai1="109,31,97,62,13,135,77,21,6,49,105,117,122" hai2="27,26,54,96,47,131,112,123,69,65,94,17,107" hai3="67,106,2,61,57,9,92,110,101,3,129,90,52"/><T55/><D113/><U41/><E117/><V16/><F123/><W89/><G110/><T0/><D121/><U103/><E122/><V104/><F112/><W70/><G129/><T115/><D115/><U32/><E109/><V80/><F131/><W46/><G106/><T108/><D108/><U126/><E135/><V23/><F69/><W58/><G101/><T88/><D102/><U10/><E126/><V36/><F65/><W33/><G33/><T116/><D40/><U44/><E32/><V7/><F7/><W125/><G125/><T48/><D0/><U59/><E31/><V134/><F134/><W127/><G127/><T28/><D60/><U18/><E77/><V130/><F130/><W22/><G90/><T51/><D51/><U81/><E81/><V14/><F80/><W56/><G22/><T71/><D71/><U42/><E42/><V53/><F36/><W73/><G73/><T20/><D34/><U5/><REACH who="1" step="1"/><E21/><REACH who="1" ten="250,240,250,250" step="2"/><V124/><F124/><W114/><G114/><T50/><D116/><U25/><E25/><V119/><F119/><W118/><G118/><T75/><D75/><U66/><AGARI ba="0,1" hai="5,6,10,13,18,41,44,49,59,62,66,97,103,105" machi="66" ten="20,5200,0" yaku="1,1,0,1,7,1,53,1" doraHai="78" doraHaiUra="98" who="1" fromWho="1" sc="250,-26,240,62,250,-13,250,-13" />
</Scene>
<Scene>
<INIT seed="1,0,0,3,2,90" ten="224,302,237,237" oya="1" hai0="108,45,119,111,21,26,106,120,68,73,127,109,83" hai1="7,134,50,48,117,79,56,101,133,28,6,114,81" hai2="110,25,60,123,99,126,0,44,5,118,96,62,19" hai3="65,76,17,88,78,72,55,91,59,37,129,8,74"/><U100/><E114/><V12/><F118/><W43/><G129/><T64/><D106/><U47/><E117/><V49/><F123/><W24/><G37/><T52/><D119/><U70/><E70/><V113/><F110/><W92/><G43/><T54/><D127/><U122/><E122/><V131/><F126/><W29/><G65/><T53/><D120/><U86/><E28/><V107/><F131/><W39/><G39/><T13/><D13/><U102/><E56/><V18/><F0/><W2/><G74/><T87/><D73/><U20/><E20/><N who="2" m="13471" /><F5/><W58/><G72/><T15/><D15/><U51/><REACH who="1" step="1"/><E47/><REACH who="1" ten="224,292,237,237" step="2"/><V69/><F69/><W63/><G59/><T42/><D68/><U46/><E46/><V57/><F57/><W30/><G30/><T36/><D64/><U95/><E95/><V34/><F113/><W9/><G92/><T67/><D67/><U84/><E84/><V22/><F107/><W32/><G29/><N who="0" m="17615" /><D54/><U105/><E105/><V31/><F31/><W98/><G55/><T4/><D53/><U112/><E112/><V41/><F34/><W27/><G58/><T40/><D52/><U10/><E10/><V125/><F125/><W124/><G124/><T115/><D115/><U80/><E80/><V16/><F60/><W93/><G63/><T1/><D42/><U121/><E121/><V38/><F62/><W103/><G32/><T82/><D87/><U132/><AGARI ba="0,1" hai="6,7,48,50,51,79,81,86,100,101,102,132,133,134" machi="132" ten="40,12000,1" yaku="1,1,0,1,29,2,20,1,53,0" doraHai="90" doraHaiUra="33" who="1" fromWho="1" sc="224,-40,292,130,237,-40,237,-40" />
</Scene>
<Scene>
<INIT seed="1,1,0,4,0,94" ten="184,422,197,197" oya="1" hai0="120,21,134,117,93,131,100,31,4,64,79,113,123" hai1="48,37,81,3,13,5,67,33,19,52,40,80,53" hai2="108,18,58,9,115,46,25,130,83,101,88,135,92" hai3="116,0,76,89,97,90,20,105,26,91,35,82,38"/><U55/><E37/><V124/><F108/><W84/><G38/><T66/><D113/><U107/><E33/><V42/><F124/><W2/><G35/><T16/><D117/><U34/><E34/><V98/><F130/><W77/><G116/><T96/><D131/><U65/><E107/><V68/><F68/><W59/><G59/><T118/><D31/><U23/><E3/><V69/><F69/><W86/><G2/><T14/><D134/><U1/><E1/><V32/><F135/><W43/><G43/><T111/><D111/><U17/><E5/><V129/><F129/><W70/><G70/><T72/><D4/><U41/><E19/><V45/><F115/><W114/><G0/><T103/><D103/><U112/><E112/><V44/><F58/><W74/><G114/><T71/><D71/><U133/><E133/><V85/><F32/><W8/><G8/><T78/><D118/><U127/><E127/><V7/><F25/><W109/><G109/><T60/><D60/><U126/><E126/><V12/><REACH who="2" step="1"/><F7/><REACH who="2" ten="184,422,187,197" step="2"/><W47/><G26/><T57/><D57/><U110/><E110/><V122/><F122/><N who="0" m="46634" /><D72/><U73/><E73/><V29/><F29/><W56/><G56/><T28/><D28/><U75/><E75/><V22/><F22/><W87/><G20/><T54/><D54/><U15/><E55/><V106/><F106/><W49/><G105/><T63/><D63/><U6/><E6/><V102/><F102/><W132/><G132/><T11/><D21/><U10/><E23/><V30/><F30/><W50/><G74/><T99/><D100/><RYUUKYOKU ba="1,1" sc="184,-10,422,-10,187,30,197,-10" hai2="9,12,18,42,44,45,46,83,85,88,92,98,101" />
</Scene>
<Scene>
<INIT seed="2,2,1,3,3,37" ten="174,412,217,187" oya="2" hai0="87,117,29,129,9,1,81,31,46,92,68,63,69" hai1="0,38,130,19,94,15,32,74,83,126,125,134,4" hai2="89,34,88,41,99,56,35,53,112,97,54,8,78" hai3="79,27,22,82,85,47,16,120,110,77,105,44,61"/><V51/><F112/><W30/><G110/><T50/><D129/><U21/><E38/><V90/><F78/><W93/><G120/><T101/><D117/><U2/><E32/><V48/><F35/><W12/><G105/><T104/><D104/><U18/><E130/><V102/><F34/><W66/><G93/><T131/><D29/><U52/><E134/><V128/><F128/><W106/><G106/><T36/><D36/><U100/><E4/><V67/><F67/><W124/><G79/><T62/><D31/><U20/><E74/><V123/><F123/><W71/><REACH who="3" step="1"/><G124/><REACH who="3" ten="174,412,217,177" step="2"/><T49/><D92/><U114/><E94/><N who="2" m="58743" /><F97/><W98/><G98/><T65/><D81/><U26/><E83/><V135/><F135/><W13/><G13/><T45/><D1/><U39/><E0/><V23/><F90/><W84/><G84/><T119/><D87/><U59/><E2/><V72/><F72/><W121/><G121/><T75/><D75/><U115/><E126/><V40/><F89/><W28/><G28/><T108/><D131/><U55/><E125/><V60/><F88/><W17/><G17/><T73/><D73/><U33/><E19/><V76/><F76/><W95/><G95/><T113/><D101/><U133/><E18/><V14/><F8/><AGARI ba="2,2" hai="8,12,16,22,27,30,44,47,61,66,71,77,82,85" machi="8" ten="30,3900,0" yaku="1,1,7,1,54,1,53,0" doraHai="37" doraHaiUra="91" who="3" fromWho="2" sc="174,0,412,0,217,-45,177,65" />
</Scene>
<Scene>
<INIT seed="3,0,0,3,5,56" ten="174,412,172,242" oya="3" hai0="60,8,100,114,75,84,0,40,107,108,7,131,64" hai1="61,106,93,9,30,101,47,32,120,81,17,36,90" hai2="104,26,16,127,11,52,6,72,59,31,99,96,80" hai3="70,79,44,35,111,109,128,87,66,132,105,14,69"/><W63/><G70/><T115/><D75/><U48/><E36/><V49/><F127/><W126/><G126/><T4/><D108/><N who="3" m="41545" /><G128/><T46/><D131/><U113/><E113/><N who="0" m="43017" /><D7/><U51/><E120/><V92/><F104/><W97/><G132/><T103/><D84/><N who="1" m="50447" /><E32/><V68/><F68/><W62/><G35/><T18/><D18/><U39/><E39/><V33/><F92/><W77/><G44/><T24/><D24/><U10/><E30/><V15/><REACH who="2" step="1"/><F6/><REACH who="2" ten="174,412,162,242" step="2"/><W73/><G69/><N who="0" m="42119" /><D107/><U89/><E106/><V88/><F88/><W65/><G105/><T2/><D0/><U43/><E89/><V27/><F27/><W85/><G79/><AGARI ba="0,1" hai="11,15,16,26,31,33,49,52,59,72,79,80,96,99" machi="79" ten="40,8000,1" yaku="1,1,54,2,53,1" doraHai="56" doraHaiUra="23" who="2" fromWho="3" sc="174,0,412,0,162,90,242,-80" />
</Scene>
<Scene>
<INIT seed="4,0,0,4,4,126" ten="174,412,252,162" oya="0" hai0="17,72,39,11,13,113,63,109,7,77,101,52,45" hai1="102,8,36,89,25,88,43,61,3,41,28,121,120" hai2="26,54,122,27,79,47,99,50,127,130,132,16,2" hai3="108,74,82,80,117,100,134,57,125,1,135,118,86"/><T104/><D113/><U32/><E102/><V21/><F122/><W59/><G1/><T49/><D109/><U94/><E89/><V71/><F71/><W129/><G108/><T35/><D35/><U24/><E61/><V64/><F2/><W55/><G100/><T98/><D39/><U119/><E119/><N who="3" m="45578" /><G125/><T18/><REACH who="0" step="1"/><D63/><REACH who="0" ten="164,412,252,162" step="2"/><U37/><E37/><V68/><F127/><W6/><G135/><T23/><D23/><U44/><E36/><V112/><F21/><W105/><G134/><T73/><D73/><U83/><E32/><V124/><F112/><W84/><G74/><T97/><D97/><U31/><E121/><V133/><F99/><W70/><G86/><T60/><D60/><U93/><E120/><V106/><F124/><W42/><G84/><T5/><D5/><U69/><E8/><V14/><F133/><W115/><G6/><T33/><D33/><U90/><E69/><V10/><F68/><W40/><G70/><T107/><D107/><U58/><E58/><V34/><F106/><W76/><G105/><T15/><D15/><U65/><E3/><V96/><F34/><W75/><G115/><T9/><D9/><U12/><E12/><V116/><F96/><W51/><G59/><T53/><D53/><U114/><E114/><V29/><F116/><W91/><G129/><T46/><D46/><U4/><E4/><V62/><F130/><W67/><G67/><T66/><D66/><U111/><E111/><V87/><F64/><W48/><G48/><T22/><D22/><U19/><E65/><V85/><F132/><W92/><G55/><RYUUKYOKU ba="0,1" sc="164,30,412,-10,252,-10,162,-10" hai0="7,11,13,17,18,45,49,52,72,77,98,101,104" />
</Scene>
<Scene>
<INIT seed="4,1,1,3,5,59" ten="194,402,242,152" oya="0" hai0="101,103,49,39,90,65,68,56,54,80,37,84,50" hai1="76,129,13,132,66,106,111,28,38,131,72,61,124" hai2="128,134,112,78,121,30,14,67,12,107,118,130,115" hai3="125,95,23,32,91,83,53,48,114,24,11,0,55"/><T34/><D34/><U21/><E111/><V4/><F121/><W87/><G114/><N who="2" m="43561" /><F107/><W52/><G125/><T22/><D50/><U33/><E38/><V133/><F78/><W70/><G70/><T108/><D108/><U126/><E106/><V64/><F30/><W104/><G104/><T10/><D10/><U71/><E33/><V123/><F123/><W119/><G32/><T43/><D22/><U15/><E76/><V75/><F75/><W17/><G119/><T29/><D29/><U69/><E72/><V46/><F46/><W8/><G48/><T116/><D116/><U135/><E28/><V97/><F97/><W127/><G127/><N who="1" m="48682" /><E71/><V9/><F14/><N who="1" m="5129" /><E21/><V113/><F118/><W79/><REACH who="3" step="1"/><G0/><REACH who="3" ten="194,402,242,142" step="2"/><T1/><D1/><U47/><E47/><V6/><F113/><W45/><G45/><N who="0" m="23807" /><D37/><U73/><E73/><AGARI ba="1,2" hai="8,11,17,23,24,52,53,55,73,79,83,87,91,95" machi="73" ten="40,2600,0" yaku="1,1,54,1,53,0" doraHai="59" doraHaiUra="3" who="3" fromWho="1" sc="194,0,402,-29,242,0,142,49" />
</Scene>
<Scene>
<INIT seed="5,0,0,4,4,80" ten="194,373,242,191" oya="1" hai0="115,130,9,119,106,32,56,33,57,15,62,97,42" hai1="31,96,4,7,103,39,105,1,76,93,121,6,86" hai2="129,71,112,116,8,98,67,63,41,21,0,125,78" hai3="77,114,20,123,94,38,110,46,124,35,28,88,68"/><U102/><E121/><V117/><F125/><W40/><G123/><T127/><D115/><U44/><E31/><V52/><F129/><W69/><G110/><T118/><D127/><U133/><E133/><V132/><F132/><W81/><G124/><T64/><D130/><U45/><E1/><V95/><F112/><W24/><G35/><T22/><D22/><U92/><E39/><V79/><F41/><W120/><G120/><T65/><D42/><U90/><E76/><V61/><F79/><W74/><REACH who="3" step="1"/><G114/><REACH who="3" ten="194,373,242,181" step="2"/><T3/><D119/><U47/><REACH who="1" step="1"/><E103/><REACH who="1" ten="194,363,242,181" step="2"/><V25/><F117/><W2/><G2/><T11/><D118/><U48/><E48/><V101/><F116/><W14/><G14/><T99/><D15/><U87/><E87/><AGARI ba="0,2" hai="20,24,28,38,40,46,68,69,74,77,81,87,88,94" machi="87" ten="30,7700,0" yaku="1,1,7,1,52,1,54,1,53,0" doraHai="80" doraHaiUra="50" who="3" fromWho="1" sc="194,0,363,-77,242,0,181,97" />
</Scene>
<Scene>
<INIT seed="6,0,0,1,2,91" ten="194,286,242,278" oya="2" hai0="38,5,117,62,1,79,61,64,59,36,22,88,35" hai1="67,75,10,115,13,127,39,45,33,126,98,129,87" hai2="24,34,30,74,68,49,85,8,122,109,0,94,82" hai3="114,15,29,70,83,27,52,3,76,21,135,125,78"/><V132/><F122/><W119/><G3/><T65/><D117/><U116/><E75/><V84/><F109/><W96/><G70/><T112/><D112/><U32/><E116/><V106/><F106/><W120/><G119/><T71/><D35/><U113/><E129/><V130/><F132/><W69/><G69/><T12/><D79/><U44/><E67/><V48/><F130/><W19/><G120/><T11/><D1/><U63/><E63/><V51/><F68/><W58/><G135/><T28/><D28/><U25/><E87/><V43/><F43/><W102/><G125/><N who="1" m="47626" /><E98/><V92/><F74/><W54/><G114/><N who="1" m="43530" /><E39/><V4/><REACH who="2" step="1"/><F85/><REACH who="2" ten="194,286,232,278" step="2"/><W73/><G73/><T90/><REACH who="0" step="1"/><D22/><REACH who="0" ten="184,286,232,278" step="2"/><U47/><E25/><V108/><F108/><W37/><G27/><T26/><D26/><U89/><E32/><V40/><F40/><W41/><G41/><T50/><D50/><U97/><E33/><V111/><F111/><W107/><G21/><T77/><D77/><AGARI ba="0,2" hai="0,4,8,24,30,34,48,49,51,77,82,84,92,94" machi="77" ten="40,7700,0" yaku="1,1,52,2,53,0" doraHai="91" doraHaiUra="14" who="2" fromWho="0" sc="184,-77,286,0,232,97,278,0" />
</Scene>
<Scene>
<INIT seed="6,1,0,3,5,85" ten="107,286,329,278" oya="2" hai0="35,14,121,62,122,132,55,46,133,12,51,40,73" hai1="18,116,114,65,113,102,36,88,101,127,45,2,48" hai2="52,0,109,75,11,134,126,104,56,131,21,23,42" hai3="8,72,97,63,1,7,77,53,111,94,4,135,43"/><V26/><F104/><W106/><G106/><T115/><D73/><U20/><E116/><V30/><F75/><W125/><G111/><T37/><D35/><U16/><E2/><V98/><F126/><W3/><G125/><T15/><D12/><N who="1" m="9223" /><E36/><V58/><F131/><W34/><G34/><T31/><D14/><U5/><E5/><V32/><F134/><W129/><G129/><T79/><D15/><U128/><E128/><V44/><F58/><W93/><G135/><T99/><D31/><U41/><E127/><V90/><F109/><W118/><G118/><T100/><D79/><U59/><E18/><V74/><F74/><W124/><G124/><T22/><D22/><U91/><E114/><V76/><F76/><W68/><G77/><T60/><D99/><U28/><E28/><V54/><F54/><W67/><G72/><T13/><D13/><U84/><E113/><V69/><F69/><W9/><G43/><T81/><D81/><N who="1" m="49167" /><E91/><V57/><F0/><W107/><G107/><T130/><D100/><U70/><E70/><V95/><F11/><W47/><G97/><T92/><D130/><U120/><E120/><V61/><F57/><W119/><G119/><T10/><D10/><U33/><E33/><V112/><F112/><W89/><G89/><T39/><D115/><U80/><E80/><V105/><F105/><W27/><G27/><T96/><D92/><U50/><E65/><V71/><F71/><W6/><G6/><T49/><D96/><U117/><E117/><V83/><F83/><W17/><G17/><T78/><D133/><U87/><E87/><RYUUKYOKU ba="1,0" sc="107,-30,286,10,329,10,278,10" hai1="41,45,48,50,59,101,102" hai2="21,23,26,30,32,42,44,52,56,61,90,95,98" hai3="1,3,4,7,8,9,47,53,63,67,68,93,94" />
</Scene>
<Scene>
<INIT seed="6,2,0,4,5,119" ten="77,296,339,288" oya="2" hai0="23,92,86,118,72,131,60,122,85,6,80,69,35" hai1="66,58,56,90,61,101,63,77,95,112,71,110,123" hai2="104,105,22,26,117,134,121,8,31,44,55,29,75" hai3="50,98,48,24,40,13,54,127,4,88,83,49,78"/><V100/><F117/><W103/><G127/><T128/><D35/><U114/><E110/><V96/><F134/><W2/><G2/><T109/><D6/><U38/><E38/><V89/><F75/><W34/><G40/><T18/><D23/><U70/><E101/><V133/><F133/><W12/><G34/><T111/><D18/><U33/><E33/><V124/><F124/><W82/><G24/><T32/><D32/><U1/><E1/><V91/><F105/><W129/><G129/><T10/><D10/><U135/><E77/><V43/><F121/><W39/><G39/><T14/><D14/><N who="3" m="5737" /><G4/><T59/><D59/><U0/><E0/><V67/><F67/><W19/><G19/><T116/><D60/><U51/><E51/><N who="3" m="19530" /><G78/><T20/><D20/><U46/><E46/><V68/><F68/><W64/><G103/><T45/><D45/><U74/><E74/><V16/><F55/><W57/><G64/><T73/><D69/><U102/><E102/><V97/><F8/><W79/><G79/><T130/><D130/><U108/><E108/><V27/><F27/><W81/><G98/><T125/><D125/><U5/><E5/><V62/><F62/><W28/><G28/><T52/><D52/><N who="1" m="33927" /><E123/><V15/><F97/><W87/><AGARI ba="2,0" hai="50,54,57,81,82,83,87,88" m="19530,5737" machi="87" ten="30,2000,0" yaku="8,1,54,1" doraHai="119" who="3" fromWho="3" sc="77,-7,296,-7,339,-12,288,26" />
</Scene>
<Scene>
<INIT seed="7,0,0,2,2,83" ten="70,289,327,314" oya="3" hai0="49,32,77,131,58,46,134,51,72,63,81,55,79" hai1="104,66,128,60,115,67,25,88,24,99,61,111,127" hai2="125,56,15,87,28,4,74,33,86,80,75,109,119" hai3="27,10,47,105,113,108,124,98,26,42,135,132,90"/><W34/><G113/><T78/><D32/><U103/><E111/><V31/><F109/><W92/><G108/><T95/><D134/><N who="3" m="51241" /><G124/><T65/><D131/><U50/><E128/><V82/><F119/><W106/><G10/><T73/><D95/><N who="1" m="58879" /><E115/><V23/><F33/><W120/><G120/><T36/><D81/><N who="2" m="31338" /><F75/><W17/><G17/><T9/><D79/><U126/><E104/><N who="3" m="40042" /><G34/><T14/><D9/><U64/><E127/><V123/><F74/><W2/><G2/><T107/><D78/><U43/><E126/><V6/><F123/><W122/><G122/><T29/><D77/><U114/><E114/><V94/><F125/><W93/><G93/><T54/><D107/><U116/><E116/><V96/><F56/><W101/><G101/><T19/><D73/><U35/><E35/><V8/><F4/><W71/><G71/><T41/><D72/><U102/><E102/><N who="2" m="60695" /><F23/><W100/><G100/><T5/><D5/><U117/><E117/><V7/><F7/><W62/><G62/><T37/><D29/><AGARI ba="0,0" hai="6,8,15,28,29,31,86,87" m="60695,31338" machi="29" ten="30,3900,0" yaku="8,1,52,2" doraHai="83" who="2" fromWho="0" sc="70,-39,289,0,327,39,314,0" owari="31,-47.0,289,-11.0,366,47.0,314,11.0" />
</Scene>
</mjloggm>