<mjloggm ver="2.3"><GO type="169" lobby="0"/><UN n0="%E5%A4%AA%E3%81%8F%E3%81%AA%E3%81%84%E3%81%8A" n1="%E5%8F%8A%E5%B7%9D%E5%86%B0%E9%BA%97" n2="%74%61%6E%61%4B%61%E8%8A%8B%E5%AD%90" n3="%E7%B6%BE%E9%A6%99" dan="18,16,16,17" rate="2193.02,2048.68,2048.40,2168.07" sx="M,M,F,F"/><TAIKYOKU oya="0"/>

<Scene>
<INIT seed="0,0,0,3,2,82" ten="250,250,250,250" oya="0" hai0="111,118,25,20,38,68,5,14,122,52,51,106,126" hai1="63,0,102,75,128,90,97,85,133,104,79,2,72" hai2="120,57,11,117,66,29,47,105,4,62,123,127,109" hai3="45,119,112,55,1,108,50,121,80,17,60,65,113"/><T89/><D118/><U114/><E63/><V19/><F109/><W33/><G121/><T49/><D38/><U3/><E128/><V91/><F117/><W24/><G119/><T53/><D122/><U58/><E133/><V69/><F105/><W16/><G1/><T110/><D68/><U39/><E39/><V7/><F127/><W34/><G108/><N who="0" m="41515" /><D106/><U131/><E131/><V40/><F29/><W71/><G80/><T31/><D126/><U73/><E114/><V43/><F69/><W15/><G17/><N who="0" m="10295" /><D5/><U56/><REACH who="1" step="1"/><E79/><REACH who="1" ten="250,240,250,250" step="2"/><V115/><F120/><W98/><G112/><T125/><D125/><U30/><E30/><V10/><F123/><W22/><G113/><T92/><D49/><U107/><E107/><V84/><F115/><W26/><REACH who="3" step="1"/><G98/><REACH who="3" ten="250,240,250,240" step="2"/><N who="0" m="57615" /><D51/><U87/><E87/><V42/><F84/><W37/><G37/><T35/><AGARI ba="0,2" hai="25,31,35,52,53" m="57615,10295,41515" machi="35" ten="30,6000,0" yaku="14,1,10,1,54,1" doraHai="82" who="0" fromWho="0" sc="250,80,240,-20,250,-20,240,-20" />
</Scene>
<Scene>
<INIT seed="0,1,0,1,3,8" ten="330,220,230,220" oya="0" hai0="125,15,28,82,67,44,86,42,59,5,52,26,129" hai1="31,121,134,96,9,108,57,85,127,135,49,118,21" hai2="35,74,33,102,89,83,87,100,12,25,130,99,1" hai3="69,14,66,60,24,98,56,113,115,19,109,61,55"/><T105/><D105/><U22/><E121/><V133/><F1/><W110/><G24/><T103/><D103/><U84/><E118/><V50/><F133/><W27/><G27/><T6/><D67/><U68/><E68/><V106/><F130/><W63/><G61/><T13/><D129/><U64/><E108/><N who="3" m="41578" /><G98/><T104/><D104/><U122/><E122/><V94/><F50/><W36/><G36/><T18/><D125/><U72/><E127/><V40/><F40/><W29/><G29/><T79/><D44/><U124/><E124/><V41/><F41/><W20/><AGARI ba="1,0" hai="14,19,20,55,56,60,63,66,69,113,115" m="41578" machi="20" ten="30,2000,0" yaku="14,1,52,1" doraHai="8" who="3" fromWho="3" sc="330,-11,220,-6,230,-6,220,23" />
</Scene>
<Scene>
<INIT seed="1,0,0,4,2,128" ten="319,214,224,243" oya="1" hai0="115,47,46,85,75,77,33,6,117,44,129,103,101" hai1="70,130,109,94,3,135,54,5,84,34,13,9,99" hai2="95,69,20,96,17,11,37,133,14,119,51,60,50" hai3="28,88,62,81,26,55,1,42,22,57,106,29,125"/><U105/><E130/><V80/><F119/><W35/><G1/><T24/><D129/><U63/><E34/><V48/><F37/><W0/><G0/><T25/><D117/><U32/><E32/><V116/><F116/><W100/><G125/><T111/><D115/><U93/><E3/><V61/><F80/><W82/><G42/><T108/><D75/><U98/><E109/><N who="0" m="42057" /><D6/><U45/><E105/><V114/><F114/><W30/><G35/><T36/><D36/><U7/><E7/><N who="2" m="3455" /><F69/><W86/><REACH who="3" step="1"/><G82/><REACH who="3" ten="319,214,224,233" step="2"/><N who="0" m="47311" /><D33/><U68/><E68/><V65/><F65/><W123/><G123/><T91/><D91/><U52/><E70/><V41/><F41/><W23/><G23/><T15/><D15/><U83/><E83/><V58/><F20/><W27/><G27/><AGARI ba="0,1" hai="24,25,27,44,46,47,101,103" m="47311,42057" machi="27" ten="30,1000,0" yaku="14,1" doraHai="128" who="0" fromWho="3" sc="319,20,214,0,224,0,233,-10" />
</Scene>
<Scene>
<INIT seed="2,0,0,1,4,21" ten="339,214,224,223" oya="2" hai0="41,43,57,104,14,86,92,61,47,50,52,72,88" hai1="26,87,38,83,32,3,25,19,12,82,64,99,56" hai2="30,123,24,122,134,17,31,9,28,73,121,13,126" hai3="110,68,0,132,94,54,84,27,1,6,119,20,74"/><V109/><F73/><W91/><G74/><T120/><D120/><U135/><E38/><V79/><F79/><W118/><G68/><T33/><D72/><U116/><E32/><V8/><F134/><W5/><G132/><T107/><D33/><U105/><E135/><V78/><F78/><W96/><G110/><T108/><D108/><U102/><E3/><V103/><F103/><W111/><G111/><T130/><D130/><U49/><E116/><V75/><F75/><W7/><G84/><T66/><REACH who="0" step="1"/><D14/><REACH who="0" ten="329,214,224,223" step="2"/><U95/><E105/><AGARI ba="0,1" hai="41,43,47,50,52,57,61,66,86,88,92,104,105,107" machi="105" ten="40,8000,1" yaku="1,1,2,1,54,2,53,0" doraHai="21" doraHaiUra="69" who="0" fromWho="1" sc="329,90,214,-80,224,0,223,0" />
</Scene>
<Scene>
<INIT seed="3,0,0,0,2,60" ten="419,134,224,223" oya="3" hai0="126,99,103,122,44,14,54,2,91,68,89,21,118" hai1="98,19,63,41,23,20,129,75,69,115,32,81,108" hai2="130,83,37,77,31,97,3,113,6,76,133,51,27" hai3="7,28,17,73,18,56,57,36,58,94,65,10,111"/><W4/><G36/><T106/><D2/><U38/><E108/><V80/><F37/><W67/><G73/><T12/><D118/><U53/><E129/><V70/><F113/><W25/><G111/><T5/><D122/><U52/><E115/><V100/><F130/><W85/><G28/><T110/><D110/><U55/><E32/><V29/><F133/><W86/><G25/><T84/><D126/><U135/><E135/><V49/><F70/><W121/><G121/><T24/><D68/><U114/><E114/><V72/><F3/><W50/><G50/><T102/><D5/><N who="3" m="2121" /><G10/><T134/><D134/><U101/><E41/><V22/><F6/><W71/><G71/><T33/><D33/><U42/><E42/><V74/><REACH who="2" step="1"/><F29/><REACH who="2" ten="419,134,214,223" step="2"/><W109/><G109/><T61/><D24/><U40/><E38/><V47/><F47/><W124/><G124/><T59/><D44/><U128/><E128/><V1/><F1/><W79/><G17/><T62/><D12/><U64/><E40/><V96/><F96/><W107/><G18/><T16/><D99/><U0/><E0/><V45/><F45/><W66/><G107/><AGARI ba="0,1" hai="22,27,31,49,51,72,74,76,77,80,83,97,100,107" machi="107" ten="30,7700,0" yaku="1,1,7,1,9,1,53,1" doraHai="60" doraHaiUra="93" who="2" fromWho="3" sc="419,0,134,0,214,87,223,-77" />
</Scene>
<Scene>
<INIT seed="4,0,0,1,0,121" ten="419,134,301,146" oya="0" hai0="88,86,87,60,65,4,107,66,25,79,113,61,131" hai1="78,135,112,126,117,58,35,18,75,52,20,39,44" hai2="124,50,36,116,114,1,8,133,108,38,106,67,98" hai3="76,70,119,43,68,27,3,96,103,90,19,17,37"/><T30/><D107/><U33/><E135/><V11/><F116/><W49/><G3/><T111/><D113/><U28/><E126/><V48/><F114/><W95/><G37/><T10/><D131/><U24/><E117/><V21/><F133/><W128/><G128/><T69/><D79/><U9/><E112/><V104/><F124/><W92/><G76/><T2/><D88/><U132/><E132/><V45/><F67/><W12/><G119/><T125/><D125/><U102/><E102/><V115/><F115/><W62/><G62/><T83/><D83/><U26/><E9/><V7/><F21/><W57/><G27/><T71/><REACH who="0" step="1"/><D111/><REACH who="0" ten="409,134,301,146" step="2"/><U55/><E78/><V118/><F108/><W59/><G90/><T77/><D77/><U63/><E75/><V91/><F106/><W72/><G72/><T89/><D89/><U80/><E80/><V82/><F104/><W32/><G95/><T15/><D15/><U129/><E129/><V22/><F118/><W109/><G12/><T74/><D74/><U14/><E14/><V101/><F82/><W85/><G109/><T97/><D97/><U47/><E35/><AGARI ba="0,1" hai="2,4,10,25,30,35,60,61,65,66,69,71,86,87" machi="35" ten="30,5800,0" yaku="1,1,7,1,9,1,53,0" doraHai="121" doraHaiUra="99" who="0" fromWho="1" sc="409,68,134,-58,301,0,146,0" />
</Scene>
<Scene>
<INIT seed="4,1,0,3,1,59" ten="477,76,301,146" oya="0" hai0="27,73,125,51,26,98,68,106,5,75,108,128,36" hai1="109,89,69,112,53,19,4,6,61,43,2,124,82" hai2="113,25,102,44,28,94,7,87,49,85,131,56,81" hai3="52,100,21,83,79,91,55,117,76,78,15,13,95"/><T74/><D36/><U9/><E124/><V67/><F113/><W22/><G117/><T17/><D68/><U77/><E109/><V99/><F131/><W66/><G66/><T123/><D123/><U119/><E119/><V35/><F7/><W84/><G100/><T70/><D70/><U23/><E112/><V32/><F32/><W62/><G83/><T42/><D5/><U3/><E43/><V80/><F80/><W97/><G84/><T122/><D122/><U64/><E53/><N who="3" m="20554" /><G62/><T33/><D128/><U92/><E82/><V39/><F39/><W29/><G29/><T116/><D116/><U60/><E77/><V71/><F81/><W63/><G63/><T48/><D125/><U65/><E3/><V11/><F71/><W24/><G24/><T8/><D108/><U96/><E6/><V37/><F37/><W118/><G118/><T88/><D106/><U111/><E111/><V127/><F127/><W54/><N who="3" m="20562" /><W93/><DORA hai="41" /><G95/><T38/><D38/><U129/><E129/><V72/><F72/><W45/><G45/><T16/><D27/><U101/><E61/><V12/><F67/><W90/><G90/><T47/><D26/><U133/><E65/><V120/><F120/><W34/><G34/><T31/><D33/><U105/><E133/><V46/><F87/><W20/><AGARI ba="1,0" hai="13,15,20,21,22,76,78,79,91,93,97" m="20562" machi="20" ten="40,2700,0" yaku="8,1,54,1" doraHai="59,41" who="3" fromWho="3" sc="477,-14,76,-8,301,-8,146,30" />
</Scene>
<Scene>
<INIT seed="5,0,0,0,2,4" ten="463,68,293,176" oya="1" hai0="101,67,55,54,113,46,57,91,6,13,37,27,12" hai1="80,10,40,14,0,105,76,125,124,135,96,8,110" hai2="74,95,38,79,63,99,97,81,77,130,120,129,107" hai3="28,42,102,59,7,100,104,88,132,3,93,58,34"/><U65/><E110/><V32/><F32/><W134/><G42/><T84/><D113/><U50/><E135/><N who="3" m="51754" /><G3/><T52/><D37/><U111/><E111/><V119/><F38/><W83/><G83/><N who="0" m="49567" /><D101/><N who="3" m="39017" /><G7/><T133/><D133/><U121/><E121/><V62/><F120/><W22/><G34/><T30/><D46/><N who="1" m="25927" /><E65/><V29/><F79/><W33/><G33/><T21/><D6/><N who="1" m="1095" /><E105/><V47/><F107/><W44/><G44/><T69/><D69/><U68/><E68/><V87/><F47/><W43/><G43/><T86/><D86/><N who="1" m="48391" /><E96/><V114/><F99/><N who="3" m="57767" /><G104/><T51/><D51/><U5/><AGARI ba="0,0" hai="5,10,14,124,125" m="48391,1095,25927" machi="5" ten="30,6000,0" yaku="25,1,52,2" doraHai="4" who="1" fromWho="1" sc="463,-20,68,60,293,-20,176,-20" />
</Scene>
<Scene>
<INIT seed="5,1,0,3,3,111" ten="443,128,273,156" oya="1" hai0="121,65,20,4,2,36,115,41,104,8,64,80,59" hai1="67,56,110,46,113,24,76,55,101,108,120,22,90" hai2="72,32,27,124,9,81,14,102,98,62,126,44,35" hai3="21,116,79,63,95,18,85,39,78,60,77,133,45"/><U94/><E120/><V49/><F72/><W132/><G116/><T31/><D104/><U17/><E101/><V13/><F81/><W75/><G75/><T89/><D121/><U6/><E6/><V25/><F62/><W19/><G39/><T3/><D3/><U105/><E105/><V50/><F44/><W127/><G45/><T96/><D41/><U92/><E92/><V97/><F9/><W93/><G127/><T131/><D36/><U86/><E113/><V1/><F1/><W134/><G85/><T11/><D131/><U7/><E7/><V58/><F58/><W91/><G91/><T37/><D37/><U107/><E107/><V57/><F57/><W66/><G21/><T47/><D47/><U43/><E67/><V100/><AGARI ba="1,0" hai="13,14,25,27,32,35,49,50,97,98,100,102,124,126" machi="100" ten="25,3200,0" yaku="0,1,22,2" doraHai="111" who="2" fromWho="2" sc="443,-9,128,-17,273,35,156,-9" />
</Scene>
<Scene>
<INIT seed="6,0,0,0,2,99" ten="434,111,308,147" oya="2" hai0="41,116,127,30,50,115,52,108,4,55,93,48,104" hai1="123,88,74,49,86,118,135,45,125,72,15,11,57" hai2="69,132,13,12,117,17,103,20,94,113,106,21,119" hai3="105,26,44,96,24,9,111,32,97,67,131,5,37"/><V120/><F69/><W35/><G111/><T66/><D104/><U40/><E118/><V47/><F120/><W36/><G67/><T109/><D4/><U59/><E123/><V85/><F132/><W83/><G83/><T71/><D30/><U18/><E135/><V10/><F113/><W28/><G131/><T129/><D93/><U100/><E125/><V90/><F47/><W122/><G122/><T128/><D127/><U31/><E31/><V7/><REACH who="2" step="1"/><F21/><REACH who="2" ten="434,111,298,147" step="2"/><W3/><G44/><N who="0" m="25615" /><D115/><U65/><E59/><V51/><F51/><W107/><G36/><T39/><D39/><U58/><E58/><V63/><F63/><W80/><G37/><T61/><D116/><U76/><E57/><V114/><F114/><W64/><G32/><T56/><D55/><U82/><E65/><V33/><F33/><W130/><G64/><T42/><D42/><U121/><E121/><V6/><F6/><W126/><G5/><T89/><D109/><U134/><E134/><V84/><F84/><W22/><G35/><T91/><D108/><U102/><REACH who="1" step="1"/><E74/><REACH who="1" ten="434,101,298,147" step="2"/><V46/><F46/><W19/><G126/><T78/><D66/><U81/><AGARI ba="0,2" hai="11,15,18,40,45,49,72,76,81,82,86,88,100,102" machi="81" ten="20,16000,3" yaku="1,1,2,1,0,1,7,1,52,2,54,1,53,1" doraHai="99" doraHaiUra="73" who="1" fromWho="1" sc="434,-40,101,180,298,-80,147,-40" />
</Scene>
<Scene>
<INIT seed="7,0,0,0,5,112" ten="394,281,218,107" oya="3" hai0="21,86,119,128,19,95,22,106,71,23,127,122,133" hai1="44,66,24,77,130,132,10,100,14,125,121,51,37" hai2="99,47,6,88,58,126,42,89,131,16,67,64,18" hai3="116,2,7,13,32,56,46,25,31,39,109,12,108"/><W29/><G39/><T104/><D119/><U124/><E121/><V83/><F131/><W36/><G56/><T65/><D122/><U118/><E118/><V45/><F6/><W61/><G61/><T92/><D19/><N who="2" m="7210" /><F42/><N who="3" m="22855" /><G116/><T87/><D128/><U28/><E51/><V0/><F0/><W53/><G53/><T55/><D55/><U96/><E66/><N who="2" m="25131" /><F126/><W73/><G73/><T98/><D127/><U30/><E77/><V85/><F58/><W75/><G29/><T63/><D92/><AGARI ba="0,0" hai="45,47,83,85,88,89,92,99" m="25131,7210" machi="92" ten="30,3900,0" yaku="8,1,54,2" doraHai="112" who="2" fromWho="0" sc="394,-39,281,0,218,39,107,0" owari="355,45.0,281,8.0,257,-14.0,107,-39.0" />
</Scene>
</mjloggm>