<mjloggm ver="2.3"><GO type="169" lobby="0"/><UN n0="%E5%A4%AA%E3%81%8F%E3%81%AA%E3%81%84%E3%81%8A" n1="%E9%96%8B%E3%81%8B%E3%82%8C" n2="%E9%9B%80%CE%B2%CE%BF%D1%83" n3="%73%61%69%72%61%73%75" dan="17,16,16,16" rate="2173.72,2076.03,2091.78,2101.12" sx="M,M,M,M"/><TAIKYOKU oya="0"/>

<Scene>
<INIT seed="0,0,0,5,2,19" ten="250,250,250,250" oya="0" hai0="107,98,58,75,29,35,89,8,38,52,123,104,90" hai1="56,116,128,91,95,93,115,4,57,121,97,59,63" hai2="37,55,47,13,74,14,94,31,48,1,100,21,111" hai3="126,131,51,122,54,41,36,15,81,125,6,46,127"/><T105/><D123/><U106/><E116/><V50/><F1/><W88/><G122/><T60/><D38/><U113/><E121/><V43/><F74/><W117/><G131/><T83/><D8/><U9/><E106/><V72/><F72/><W85/><G117/><T114/><D114/><N who="1" m="43531" /><E95/><V68/><F68/><W112/><G112/><T120/><D120/><U86/><E97/><N who="2" m="59447" /><F37/><W39/><G41/><T92/><D75/><U129/><E63/><V130/><F130/><W103/><G103/><T119/><D119/><U135/><E135/><V33/><F33/><W26/><G26/><T42/><D42/><U7/><E7/><V25/><F111/><W67/><G67/><T64/><D64/><U5/><E5/><V22/><F22/><W87/><G87/><T78/><D78/><U34/><E34/><V17/><F31/><W69/><G69/><T77/><D77/><U16/><E16/><V66/><F66/><W71/><G71/><T53/><D53/><U11/><E11/><AGARI ba="0,0" hai="6,11,15,36,39,46,51,54,81,85,88,125,126,127" machi="11" ten="40,2600,0" yaku="18,1,54,1" doraHai="19" who="3" fromWho="1" sc="250,0,250,-26,250,0,250,26" />
</Scene>
<Scene>
<INIT seed="1,0,0,3,0,62" ten="250,224,250,276" oya="1" hai0="47,27,85,25,65,13,120,49,75,128,66,56,105" hai1="37,11,109,42,118,96,92,50,39,102,107,64,36" hai2="100,117,63,35,45,81,99,125,9,19,101,110,40" hai3="67,90,93,104,30,83,88,74,127,123,91,133,53"/><U129/><E118/><V111/><F35/><W97/><G123/><T29/><D75/><U10/><E129/><V130/><F117/><W113/><G113/><T0/><D0/><U14/><E109/><V119/><F119/><W2/><G2/><T22/><D105/><U6/><E107/><V131/><F81/><W80/><G53/><N who="0" m="29887" /><D128/><N who="2" m="49194" /><F125/><W24/><G133/><T38/><D38/><U89/><E102/><V71/><F19/><W112/><G112/><T106/><D106/><U58/><E11/><V84/><F84/><W17/><G17/><N who="0" m="10543" /><D120/><U54/><REACH who="1" step="1"/><E64/><REACH who="1" ten="250,214,250,276" step="2"/><N who="2" m="41375" /><F9/><W5/><G67/><T108/><D65/><U4/><E4/><V28/><F101/><W73/><G5/><T52/><D66/><U61/><E61/><V23/><F100/><W26/><G104/><T135/><D108/><U51/><E51/><N who="2" m="27047" /><F99/><W34/><G97/><T31/><D135/><U21/><E21/><V132/><F132/><W79/><G34/><T1/><D1/><U68/><E68/><V33/><F33/><W43/><G90/><T48/><D85/><U12/><E12/><V116/><F116/><W124/><G91/><T94/><D27/><AGARI ba="0,1" hai="23,27,28,110,111" m="27047,41375,49194" machi="27" ten="30,2000,0" yaku="19,1,52,1" doraHai="62" who="2" fromWho="0" sc="250,-20,214,0,250,30,276,0" />
</Scene>
<Scene>
<INIT seed="2,0,0,1,0,69" ten="230,214,280,276" oya="2" hai0="99,128,100,129,19,107,52,121,87,76,125,14,18" hai1="12,90,21,59,106,11,105,101,3,94,110,104,103" hai2="74,124,22,123,118,62,16,80,98,53,72,65,56" hai3="5,63,34,127,55,35,61,131,29,60,33,4,24"/><V67/><F123/><W132/><G132/><T78/><D121/><U71/><E71/><V66/><F118/><W75/><G75/><T36/><D125/><U115/><E115/><V95/><F124/><W39/><G131/><N who="0" m="50251" /><D36/><U96/><E110/><V42/><F42/><W111/><G127/><T134/><D134/><U114/><E114/><V40/><F40/><W26/><G111/><T70/><D70/><U0/><E21/><V112/><F112/><W37/><G55/><T45/><D87/><U119/><E119/><V135/><F80/><W116/><G116/><T77/><D14/><U20/><E20/><V43/><F43/><W6/><G29/><T15/><D15/><U64/><E3/><V133/><F133/><W28/><G28/><T93/><D107/><U41/><E41/><V58/><F58/><W109/><G109/><T30/><D30/><U31/><E31/><V2/><F2/><W108/><G108/><T122/><D122/><U50/><E0/><V126/><F126/><W97/><G97/><T84/><D84/><U47/><E104/><V91/><REACH who="2" step="1"/><F135/><REACH who="2" ten="230,214,270,276" step="2"/><W48/><G48/><AGARI ba="0,1" hai="18,19,45,48,52,76,77,78,93,99,100" m="50251" machi="48" ten="30,2000,0" yaku="19,1,54,1" doraHai="69" who="0" fromWho="3" sc="230,30,214,0,270,0,276,-20" />
</Scene>
<Scene>
<INIT seed="3,0,0,0,0,121" ten="260,214,270,256" oya="3" hai0="100,76,72,39,48,65,87,122,55,37,123,18,132" hai1="36,45,88,116,71,3,135,35,49,21,77,85,23" hai2="61,103,28,34,79,57,17,8,10,129,24,63,81" hai3="97,22,0,56,133,96,104,90,29,113,62,58,2"/><W44/><G133/><T73/><D65/><U7/><E35/><V50/><F129/><W114/><G44/><T83/><D100/><U70/><E135/><V1/><F103/><W12/><G12/><T89/><D132/><U20/><E77/><V99/><F99/><W4/><G4/><T41/><D41/><U84/><E36/><V52/><F10/><W112/><G90/><T75/><D76/><U31/><E31/><V115/><F115/><W16/><G29/><T78/><D78/><U80/><E116/><V53/><F53/><W128/><G128/><T5/><D5/><U27/><E85/><V93/><F93/><W107/><G62/><T46/><D37/><U9/><REACH who="1" step="1"/><E27/><REACH who="1" ten="260,204,270,256" step="2"/><V14/><REACH who="2" step="1"/><F1/><REACH who="2" ten="260,204,260,256" step="2"/><W30/><G114/><T111/><D122/><U40/><AGARI ba="0,2" hai="3,7,9,20,21,23,40,45,49,70,71,80,84,88" machi="40" ten="30,7900,0" yaku="1,1,2,1,0,1,54,1,53,0" doraHai="121" doraHaiUra="126" who="1" fromWho="1" sc="260,-20,204,99,260,-20,256,-39" />
</Scene>
<Scene>
<INIT seed="4,0,0,0,5,85" ten="240,303,240,217" oya="0" hai0="125,19,113,109,32,16,96,132,134,88,114,87,71" hai1="39,115,74,21,10,6,99,38,102,133,30,15,9" hai2="51,60,64,84,34,1,100,92,103,95,112,98,130" hai3="59,135,72,110,81,122,44,107,65,90,69,47,94"/><T43/><D71/><U7/><E74/><V108/><F1/><W3/><G3/><T24/><D43/><U11/><E133/><N who="0" m="51305" /><D125/><U116/><E116/><V48/><F34/><W17/><G110/><T0/><D0/><U63/><E115/><N who="0" m="44041" /><D109/><U31/><E63/><V76/><F130/><W129/><G129/><T20/><D32/><U37/><E21/><V29/><F29/><W89/><G107/><T35/><D35/><U61/><E61/><V55/><F55/><W111/><G122/><T73/><D73/><U128/><E128/><V13/><F13/><W23/><G111/><T45/><D45/><U120/><E120/><V40/><F40/><W123/><G123/><T49/><D49/><U50/><E50/><V14/><F14/><W82/><G69/><T83/><D96/><U58/><E38/><V66/><F112/><W33/><G33/><T93/><D83/><U118/><E39/><V119/><F119/><W106/><G81/><T67/><D67/><N who="2" m="25642" /><F60/><N who="3" m="38047" /><G72/><T75/><D75/><U57/><E37/><V52/><F108/><W78/><G135/><T124/><D124/><U53/><E118/><V54/><F48/><W70/><G70/><T121/><D121/><U36/><E36/><V127/><F127/><W56/><G47/><T41/><D41/><U79/><E57/><V77/><F51/><W62/><G44/><T28/><AGARI ba="0,0" hai="16,19,20,24,28,87,88,93" m="44041,51305" machi="28" ten="30,12000,1" yaku="20,1,15,1,52,1,54,2" doraHai="85" who="0" fromWho="0" sc="240,120,303,-40,240,-40,217,-40" />
</Scene>
<Scene>
<INIT seed="4,1,0,2,2,55" ten="360,263,200,177" oya="0" hai0="58,30,88,95,122,74,9,105,0,90,83,50,31" hai1="98,64,72,61,37,24,11,39,69,23,130,16,43" hai2="67,60,63,25,41,6,26,45,66,133,82,53,108" hai3="101,73,27,51,36,32,76,128,135,80,124,125,85"/><T13/><D105/><U102/><E130/><V115/><F115/><W103/><G36/><T52/><D0/><U19/><E72/><V129/><F129/><W48/><G128/><T92/><D122/><U29/><E43/><V109/><F133/><W104/><G135/><T107/><D107/><U40/><E40/><V15/><F41/><W65/><G65/><T38/><D38/><U119/><E119/><V22/><F82/><W134/><G134/><T46/><D46/><U35/><E19/><V91/><F91/><N who="0" m="34858" /><D83/><U56/><E11/><V42/><F42/><W117/><G117/><T75/><D75/><U111/><E111/><V44/><F53/><W47/><G47/><T70/><D70/><U5/><E5/><V3/><F6/><W77/><G104/><T114/><D74/><U28/><E69/><V4/><F4/><W14/><G76/><T62/><D50/><U106/><E29/><N who="0" m="10761" /><D114/><U116/><E116/><V84/><F84/><W94/><G48/><T126/><D126/><U81/><E81/><V132/><F132/><W57/><G32/><T17/><AGARI ba="1,0" hai="9,13,17,52,58,62,92,95" m="10761,34858" machi="17" ten="30,11700,0" yaku="8,1,52,1,54,2" doraHai="55" who="0" fromWho="0" sc="360,120,263,-40,200,-40,177,-40" />
</Scene>
<Scene>
<INIT seed="4,2,0,3,5,28" ten="480,223,160,137" oya="0" hai0="85,125,80,91,81,88,105,97,96,128,33,99,10" hai1="43,0,93,9,124,26,76,63,23,100,92,56,75" hai2="103,73,82,8,3,83,106,133,129,51,39,11,46" hai3="64,98,25,48,14,6,52,1,121,117,37,120,86"/><T132/><D10/><U45/><E124/><V18/><F103/><W58/><G37/><T62/><D62/><U38/><E100/><V17/><F106/><W42/><G117/><T21/><D21/><U54/><E76/><V123/><F123/><W61/><G1/><T122/><D33/><U78/><E78/><V68/><F68/><W2/><G2/><T32/><D32/><U135/><E75/><V59/><F59/><W41/><G98/><T79/><D122/><N who="3" m="47209" /><G25/><T127/><D132/><U95/><E135/><V72/><F3/><W22/><G86/><N who="0" m="50255" /><D128/><U29/><REACH who="1" step="1"/><E95/><REACH who="1" ten="480,213,160,137" step="2"/><V36/><F73/><W34/><G34/><T69/><D105/><U4/><AGARI ba="2,1" hai="0,4,9,23,26,29,38,43,45,54,56,63,92,93" machi="4" ten="30,4000,0" yaku="1,1,2,1,0,1,53,0" doraHai="28" doraHaiUra="131" who="1" fromWho="1" sc="480,-22,213,56,160,-12,137,-12" />
</Scene>
<Scene>
<INIT seed="5,0,0,2,5,115" ten="458,269,148,125" oya="1" hai0="81,34,106,77,96,39,40,135,6,92,76,28,83" hai1="91,134,113,123,25,14,124,132,33,8,119,4,21" hai2="20,61,48,100,86,126,67,78,60,131,87,118,3" hai3="69,117,114,38,1,17,94,15,73,72,95,16,13"/><U98/><E113/><V82/><F3/><W54/><G114/><T24/><D106/><U102/><E123/><V37/><F37/><W22/><G38/><T70/><D70/><U41/><E124/><V27/><F126/><W108/><G69/><T43/><D135/><N who="1" m="51755" /><E33/><V23/><F118/><W31/><G1/><T121/><D121/><U111/><E111/><V49/><F100/><W19/><G108/><T5/><D39/><U109/><E109/><V101/><F101/><W30/><G54/><T9/><D81/><U56/><E91/><V120/><F120/><W52/><G52/><T53/><D53/><U50/><E50/><V63/><F131/><W68/><G68/><T104/><D104/><N who="1" m="63575" /><E56/><V44/><F49/><W93/><G117/><T36/><D36/><U65/><E65/><V74/><F67/><W103/><G22/><N who="2" m="8233" /><F27/><W79/><G79/><T47/><D47/><U62/><E62/><V116/><F116/><W97/><G97/><T26/><D26/><U122/><E122/><V128/><F128/><W75/><REACH who="3" step="1"/><G103/><REACH who="3" ten="458,269,148,115" step="2"/><T32/><D32/><U90/><E119/><V85/><F44/><W46/><G46/><T110/><D110/><U130/><E130/><V127/><F48/><W18/><N who="3" m="4608" /><DORA hai="89" /><W71/><G71/><T88/><D76/><U112/><E112/><V133/><F133/><W84/><G84/><T64/><D64/><U59/><E21/><V12/><F127/><W66/><G66/><T129/><D129/><U51/><E51/><V42/><F42/><W55/><G55/><T35/><D35/><U2/><E41/><V105/><F12/><AGARI ba="0,1" hai="12,13,15,30,31,72,73,75,93,94,95" m="4608" machi="12" ten="60,32000,5" yaku="1,1,6,1,29,2,28,2,52,3,54,1,53,3" doraHai="115,89" doraHaiUra="58,107" who="3" fromWho="2" sc="458,0,269,0,148,-320,115,330" owari="458,55.0,269,-13.0,-172,-67.0,445,25.0" />
</Scene>
</mjloggm>