<mjloggm ver="2.3"><GO type="169" lobby="0"/><UN n0="%67%6F%75%73%69" n1="%41%79%6F%75%46" n2="%E5%A4%AA%E3%81%8F%E3%81%AA%E3%81%84%E3%81%8A" n3="%E9%81%8B%E3%81%8C%E3%81%BB%E3%81%BC%E5%85%A8%E3%81%A6" dan="17,18,17,16" rate="2111.46,2214.21,2148.99,2090.51" sx="M,M,M,M"/><TAIKYOKU oya="0"/>

<Scene>
<INIT seed="0,0,0,0,3,67" ten="250,250,250,250" oya="0" hai0="38,63,116,5,86,69,105,13,36,60,129,57,4" hai1="20,85,124,24,82,103,100,25,133,84,51,132,95" hai2="74,98,128,41,73,50,6,93,52,123,53,127,134" hai3="64,48,16,12,88,115,80,119,112,7,75,91,102"/><T77/><D105/><U27/><E20/><V108/><F123/><W94/><G119/><T42/><D77/><U54/><E124/><V44/><F127/><W47/><G7/><T126/><D86/><N who="1" m="33387" /><E95/><V113/><F113/><W68/><G102/><N who="1" m="38954" /><E51/><V99/><F50/><W120/><G120/><T31/><D31/><U33/><E54/><V37/><F52/><W35/><G35/><T15/><D126/><U71/><E82/><V76/><F53/><W2/><G80/><T109/><D57/><U111/><E33/><V29/><F93/><W10/><G48/><T62/><D62/><U104/><E104/><V122/><F122/><W45/><G91/><T19/><D19/><U97/><E97/><V121/><F99/><W90/><G90/><T131/><D42/><U89/><E89/><V72/><F98/><W65/><G88/><T59/><D59/><U92/><E92/><V30/><F121/><W22/><G94/><T79/><D79/><U135/><E111/><V17/><F108/><W130/><G115/><T32/><D32/><U40/><E40/><V49/><F41/><W14/><G47/><T110/><D116/><U34/><E34/><V118/><F44/><W9/><G45/><T23/><D23/><U81/><E81/><V55/><F49/><W58/><G58/><T107/><D107/><U117/><E71/><AGARI ba="0,0" hai="4,5,13,15,36,38,60,63,69,71,109,110,129,131" machi="71" ten="25,9600,0" yaku="22,2,52,2" doraHai="67" who="0" fromWho="1" sc="250,96,250,-96,250,0,250,0" />
</Scene>
<Scene>
<INIT seed="0,1,0,4,0,135" ten="346,154,250,250" oya="0" hai0="2,23,83,41,24,107,45,114,65,36,35,124,122" hai1="15,113,99,37,129,128,115,110,127,58,77,31,10" hai2="64,101,18,47,105,68,63,78,44,67,86,20,98" hai3="81,82,4,80,125,100,27,112,93,50,14,34,33"/><T43/><D107/><U90/><E37/><V52/><F67/><W49/><G112/><N who="1" m="43082" /><E58/><V126/><F126/><W59/><G125/><T3/><D114/><U104/><E127/><V120/><F120/><W111/><G111/><T11/><D122/><U75/><E31/><V119/><F119/><W1/><G1/><T28/><D124/><U42/><E42/><V91/><F78/><W16/><G4/><T40/><D65/><U48/><E48/><V12/><REACH who="2" step="1"/><F52/><REACH who="2" ten="346,154,240,250" step="2"/><W62/><G33/><T73/><D40/><U69/><E110/><V53/><F53/><W60/><G60/><T132/><D43/><U130/><E69/><V5/><F5/><W95/><G34/><T85/><D35/><U117/><E117/><V13/><F13/><W57/><G62/><T116/><D116/><U30/><E77/><V39/><F39/><W21/><G50/><T26/><D3/><U74/><E130/><V19/><F19/><W102/><G49/><T97/><D2/><U66/><E66/><V89/><F89/><W106/><G14/><T133/><D41/><U88/><E30/><V55/><F55/><W54/><G54/><T131/><D131/><N who="1" m="50251" /><E90/><V22/><F22/><W118/><G118/><T96/><D28/><U84/><E15/><V123/><F123/><W72/><G21/><T103/><D36/><U51/><E51/><V38/><F38/><W109/><G109/><T87/><D23/><U56/><E56/><V121/><F121/><W94/><G57/><T70/><D70/><U32/><E32/><V134/><F134/><W79/><G59/><T0/><D132/><RYUUKYOKU ba="1,1" sc="346,-10,154,-10,240,30,250,-10" hai2="12,18,20,44,47,63,64,68,86,91,98,101,105" />
</Scene>
<Scene>
<INIT seed="1,2,1,3,1,98" ten="336,144,270,240" oya="1" hai0="28,63,57,122,31,106,16,44,56,34,115,46,42" hai1="4,65,78,41,87,107,82,8,73,102,19,13,29" hai2="2,83,9,118,81,96,48,43,18,114,126,121,47" hai3="123,68,101,132,89,20,39,105,51,110,104,30,62"/><U94/><E29/><V12/><F118/><W93/><G39/><T79/><D79/><U117/><E117/><V112/><F121/><W127/><G123/><T71/><D71/><U116/><E116/><V76/><F126/><W32/><G127/><T103/><D115/><N who="2" m="44074" /><F76/><W134/><G110/><T17/><D34/><U80/><E65/><V74/><F74/><W33/><G51/><T6/><D106/><U129/><E129/><V26/><F2/><W97/><G20/><T55/><D6/><U14/><E80/><N who="2" m="30795" /><F96/><N who="3" m="57391" /><G104/><T52/><D63/><U120/><E120/><V69/><F26/><N who="3" m="18519" /><G33/><T72/><D122/><U27/><E27/><V61/><F61/><W84/><G84/><T25/><D25/><U95/><E41/><V77/><F77/><W36/><G36/><T113/><D113/><U100/><E107/><V119/><F119/><W54/><G54/><T64/><D42/><U0/><E0/><V58/><F58/><W24/><G24/><T49/><D49/><U85/><E73/><V11/><F69/><W130/><G130/><T22/><D72/><U111/><E111/><V10/><AGARI ba="2,1" hai="9,10,11,12,18,43,47,48" m="30795,44074" machi="10" ten="30,1100,0" yaku="11,1" doraHai="98" who="2" fromWho="2" sc="336,-5,144,-7,270,27,240,-5" />
</Scene>
<Scene>
<INIT seed="2,0,0,0,4,16" ten="331,137,297,235" oya="2" hai0="48,47,77,103,75,79,64,21,45,19,85,35,74" hai1="81,43,86,108,76,126,101,24,118,26,29,50,13" hai2="59,7,78,125,54,37,30,25,89,49,46,15,82" hai3="112,61,34,80,83,39,97,129,132,122,114,68,111"/><V73/><F125/><W0/><RYUUKYOKU type="yao9" ba="0,0" sc="331,0,137,0,297,0,235,0" hai3="0,34,39,61,68,80,83,97,111,112,114,122,129,132" />
</Scene>
<Scene>
<INIT seed="2,1,0,3,1,97" ten="331,137,297,235" oya="2" hai0="1,128,125,62,12,84,3,30,8,45,93,59,0" hai1="119,19,126,18,73,95,25,76,99,46,9,56,42" hai2="22,134,90,21,29,135,107,13,132,33,81,131,75" hai3="38,2,36,31,96,120,105,5,72,85,54,117,65"/><V61/><F107/><W4/><G72/><T101/><D30/><U82/><E119/><V64/><F131/><W103/><G117/><T52/><D125/><U121/><E126/><V49/><F49/><W87/><G120/><T16/><D128/><U129/><E129/><V27/><F13/><W92/><G65/><T60/><D45/><U51/><E121/><V111/><F111/><W77/><G31/><T15/><D15/><U41/><E41/><V112/><F112/><W89/><G54/><T68/><D68/><U20/><E56/><N who="2" m="36903" /><F90/><W67/><G67/><T118/><D118/><U83/><E82/><V48/><F48/><W35/><G35/><T91/><D62/><U100/><REACH who="1" step="1"/><E9/><REACH who="1" ten="331,127,297,235" step="2"/><V114/><F114/><W86/><G38/><T133/><D133/><U53/><E53/><V11/><F11/><W32/><G36/><T127/><D127/><U28/><AGARI ba="1,1" hai="18,19,20,25,28,42,46,51,73,76,83,95,99,100" machi="28" ten="20,8000,1" yaku="1,1,0,1,7,1,52,1,53,1" doraHai="97" doraHaiUra="17" who="1" fromWho="1" sc="331,-21,127,93,297,-41,235,-21" />
</Scene>
<Scene>
<INIT seed="3,0,0,5,4,50" ten="310,220,256,214" oya="3" hai0="107,1,16,131,90,66,45,35,57,42,83,84,133" hai1="85,6,49,2,128,73,117,86,75,11,34,68,114" hai2="55,132,63,65,32,9,124,98,13,104,77,58,78" hai3="87,71,15,88,111,89,120,14,91,29,21,44,20"/><W64/><G120/><T115/><D107/><U135/><E86/><V17/><F32/><W105/><G105/><T67/><D35/><U118/><E68/><V126/><F132/><W31/><G111/><T81/><D1/><U51/><E114/><V79/><REACH who="2" step="1"/><F65/><REACH who="2" ten="310,220,246,214" step="2"/><W25/><G64/><T54/><D133/><U30/><E135/><V70/><F70/><W106/><G71/><T134/><D134/><U72/><E34/><V101/><AGARI ba="0,1" hai="9,13,17,55,58,63,77,78,79,98,101,104,124,126" machi="101" ten="30,4000,0" yaku="1,1,0,1,52,1,53,0" doraHai="50" doraHaiUra="36" who="2" fromWho="2" sc="310,-10,220,-10,246,50,214,-20" />
</Scene>
<Scene>
<INIT seed="4,0,0,1,3,111" ten="300,210,296,194" oya="0" hai0="61,112,69,44,83,53,103,97,93,105,78,87,74" hai1="64,70,59,15,29,31,89,128,50,1,8,80,118" hai2="46,57,56,21,106,42,119,107,94,73,110,99,132" hai3="67,120,5,86,125,11,84,85,82,104,30,96,133"/><T113/><D44/><U40/><E1/><V116/><F73/><W24/><G133/><T124/><D124/><U33/><E118/><N who="2" m="45099" /><F110/><W25/><G125/><T37/><D37/><U115/><E70/><V66/><F21/><W27/><G120/><T51/><D51/><U58/><E128/><V75/><F75/><W54/><G67/><T16/><D16/><U7/><E33/><V3/><F3/><W65/><G65/><T41/><D41/><U91/><E115/><N who="0" m="44105" /><D53/><U127/><E127/><V60/><F56/><W9/><G54/><T71/><D61/><U6/><E6/><V10/><F10/><W0/><G11/><T34/><D34/><U68/><E40/><V102/><F132/><W39/><G39/><AGARI ba="0,0" hai="39,42,46,57,60,66,94,99,102,106,107" m="45099" machi="39" ten="30,1000,0" yaku="12,1" doraHai="111" who="2" fromWho="3" sc="300,0,210,0,296,10,194,-10" />
</Scene>
<Scene>
<INIT seed="5,0,0,3,5,17" ten="300,210,306,184" oya="1" hai0="103,128,41,47,123,134,49,88,48,98,130,7,132" hai1="126,50,35,20,11,122,22,68,81,120,110,100,79" hai2="111,28,63,59,91,124,19,5,57,12,42,31,1" hai3="93,112,9,94,102,115,133,53,69,54,84,75,33"/><U3/><E68/><V40/><F111/><W15/><G75/><T83/><D7/><N who="1" m="1535" /><E100/><V24/><F1/><W113/><G33/><T66/><D66/><U77/><E77/><V97/><F5/><W109/><G109/><T129/><D123/><U65/><E65/><V135/><F135/><N who="0" m="51754" /><D83/><U25/><E50/><V131/><F124/><W90/><G69/><T72/><D72/><U108/><E81/><V51/><F51/><W121/><G121/><N who="1" m="46698" /><E79/><V119/><F59/><W36/><G36/><N who="0" m="21927" /><D88/><U39/><E39/><V117/><F91/><W64/><G64/><T92/><AGARI ba="0,0" hai="48,49,92,98,103,128,129,130" m="21927,51754" machi="92" ten="40,2700,0" yaku="19,1,20,1" doraHai="17" who="0" fromWho="0" sc="300,27,210,-13,306,-7,184,-7" />
</Scene>
<Scene>
<INIT seed="6,0,0,1,1,59" ten="327,197,299,177" oya="2" hai0="60,43,89,112,48,37,120,103,14,121,68,28,99" hai1="119,62,1,49,105,0,124,50,125,87,13,111,53" hai2="97,31,73,45,79,7,114,76,90,9,25,123,32" hai3="52,85,42,83,100,102,131,71,44,11,67,40,88"/><V51/><F123/><W132/><G132/><T41/><D37/><U26/><E105/><V135/><F135/><W130/><G11/><T127/><D14/><U74/><E74/><V94/><F73/><W38/><G42/><T54/><D28/><U34/><E111/><V106/><F106/><W23/><G23/><T24/><D24/><U58/><E119/><V55/><REACH who="2" step="1"/><F114/><REACH who="2" ten="327,197,289,177" step="2"/><W3/><G131/><T95/><D112/><U63/><E125/><V61/><F61/><W8/><G130/><T65/><D127/><U57/><E124/><V5/><F5/><W47/><G100/><T64/><D120/><U129/><E129/><V46/><F46/><W33/><G102/><T70/><D121/><U108/><E108/><V109/><F109/><W22/><G47/><T21/><D103/><U16/><E63/><V92/><F92/><W78/><G44/><T133/><D133/><U18/><E62/><V17/><F17/><W80/><G83/><T4/><D4/><U116/><E18/><V82/><F82/><W96/><G80/><T104/><D60/><U12/><E16/><V75/><F75/><W93/><G93/><T2/><D104/><U66/><E116/><V6/><F6/><W115/><G115/><T30/><D95/><U56/><E56/><V107/><F107/><W36/><G71/><T72/><D72/><U29/><E58/><V113/><F113/><W101/><G101/><T81/><D68/><U35/><E57/><V98/><F98/><W20/><G96/><T10/><D70/><U77/><E87/><V128/><F128/><W110/><G85/><RYUUKYOKU ba="0,1" sc="327,-10,197,-10,289,30,177,-10" hai2="7,9,25,31,32,45,51,55,76,79,90,94,97" />
</Scene>
<Scene>
<INIT seed="6,1,1,0,0,113" ten="317,187,319,167" oya="2" hai0="77,62,61,74,3,54,11,127,58,124,1,122,27" hai1="75,94,15,43,115,109,30,101,72,37,5,10,65" hai2="76,4,42,16,36,117,132,59,23,89,79,53,85" hai3="73,69,103,81,6,111,29,66,33,107,133,52,38"/><V86/><F132/><W110/><G133/><T106/><D106/><U87/><E109/><V98/><F4/><W20/><G38/><T35/><D122/><U95/><E65/><V112/><F112/><W104/><G6/><T120/><D120/><U71/><E71/><V96/><F117/><W45/><G20/><T78/><D62/><U17/><E30/><V64/><F64/><W105/><G103/><T34/><D11/><U19/><E115/><V12/><F42/><W119/><G119/><T135/><D135/><U28/><E28/><V129/><F36/><W88/><G66/><T46/><D46/><U63/><E63/><N who="2" m="36335" /><F129/><W114/><G69/><T84/><D74/><U70/><E70/><V0/><F0/><N who="0" m="74" /><D84/><N who="2" m="32362" /><F89/><W121/><G114/><T13/><D13/><U31/><E75/><V47/><F47/><W7/><G45/><T39/><D39/><U126/><E72/><V97/><AGARI ba="1,1" hai="12,16,23,76,79,96,97,98" m="32362,36335" machi="97" ten="30,3000,0" yaku="8,1,54,1" doraHai="113" who="2" fromWho="2" sc="317,-11,187,-11,319,43,167,-11" />
</Scene>
<Scene>
<INIT seed="6,2,0,3,5,1" ten="306,176,362,156" oya="2" hai0="19,80,69,37,31,54,24,102,135,114,121,40,134" hai1="88,133,10,9,18,105,96,47,125,128,132,63,120" hai2="77,91,6,13,86,23,39,72,59,68,46,26,85" hai3="75,122,95,43,115,38,61,60,66,34,28,65,84"/><V83/><F68/><W78/><G122/><T12/><D69/><U118/><E118/><V42/><F59/><W7/><G115/><T107/><D121/><U131/><E120/><V2/><F13/><W21/><G34/><T16/><D114/><U76/><E76/><V130/><F130/><N who="1" m="49705" /><E63/><V113/><F91/><W79/><G75/><T58/><D40/><U82/><E105/><V45/><F45/><W87/><G7/><T4/><D37/><U57/><E57/><V52/><F52/><W98/><G38/><T67/><D67/><N who="3" m="25609" /><G43/><T89/><D102/><U73/><E73/><V14/><F14/><W108/><G108/><T48/><D107/><U112/><E112/><V53/><F53/><W74/><G74/><T56/><D56/><U70/><E70/><V111/><F111/><W30/><G21/><T123/><D123/><U106/><E47/><V15/><F15/><W109/><G109/><T101/><D101/><N who="1" m="62759" /><E125/><V3/><F3/><W94/><G61/><T44/><D44/><U126/><E126/><V71/><F71/><W36/><G36/><T110/><D110/><U97/><E10/><N who="2" m="2391" /><F113/><W51/><G60/><T41/><D58/><U32/><E32/><V93/><F93/><N who="3" m="35339" /><G51/><T29/><D48/><U55/><E55/><V64/><F64/><W27/><G27/><T81/><D54/><U127/><E127/><V92/><F92/><W116/><G116/><T90/><D24/><U62/><E62/><V99/><F99/><W124/><G98/><T33/><D41/><U117/><E117/><V25/><F42/><W0/><G124/><T104/><D104/><RYUUKYOKU ba="2,0" sc="306,0,176,0,362,0,156,0" />
</Scene>
<Scene>
<INIT seed="7,3,0,1,4,6" ten="306,176,362,156" oya="3" hai0="96,70,35,69,85,95,20,104,38,52,99,107,39" hai1="9,44,100,64,118,128,66,81,31,15,48,30,126" hai2="32,112,26,98,23,14,59,79,61,94,16,7,34" hai3="114,42,102,17,103,68,132,123,131,89,72,11,8"/><W120/><G72/><T3/><D35/><U108/><E108/><V88/><F112/><W5/><G68/><T105/><D3/><U19/><E128/><V50/><F79/><W80/><G114/><T43/><D43/><U29/><E126/><V110/><F110/><W71/><G71/><T63/><D20/><U129/><E129/><V121/><F121/><W135/><G131/><T124/><D104/><U134/><E134/><N who="3" m="51242" /><G42/><T92/><D63/><U77/><E100/><N who="3" m="38442" /><G17/><T76/><D85/><N who="1" m="48303" /><E118/><V57/><F50/><W49/><G49/><T60/><D60/><U133/><E133/><V91/><F57/><W13/><G11/><T58/><D76/><U82/><E82/><V97/><F7/><W78/><G89/><T75/><D58/><U51/><E51/><V1/><F91/><W86/><AGARI ba="3,0" hai="5,8,13,78,80,86,120,123" m="38442,51242" machi="86" ten="30,3000,0" yaku="20,1,52,1" doraHai="6" who="3" fromWho="3" sc="306,-13,176,-13,362,-13,156,39" />
</Scene>
<Scene>
<INIT seed="7,4,0,3,4,90" ten="293,163,349,195" oya="3" hai0="27,95,133,33,101,44,123,15,70,6,122,107,113" hai1="83,62,67,135,40,124,88,51,117,72,39,118,106" hai2="71,0,26,98,60,74,77,110,61,64,75,66,13" hai3="52,12,1,129,130,47,87,112,30,49,21,96,63"/><W56/><G1/><T126/><D70/><U81/><E39/><V55/><F0/><W93/><G112/><T41/><D107/><U10/><E106/><V115/><F110/><W69/><G69/><T79/><D79/><U108/><E108/><V45/><F115/><W4/><G87/><T84/><D113/><U78/><E135/><V31/><F13/><W99/><G99/><T7/><D133/><U111/><E111/><V89/><F55/><W24/><G4/><T16/><D126/><U34/><E34/><V11/><F11/><W102/><REACH who="3" step="1"/><G12/><REACH who="3" ten="293,163,349,185" step="2"/><T120/><D84/><N who="1" m="50207" /><E124/><V97/><F98/><W38/><G38/><T59/><D6/><U131/><E131/><V23/><F97/><W76/><G76/><T100/><D7/><U37/><E37/><V65/><F77/><W25/><G25/><T22/><D27/><U3/><E3/><V18/><F71/><W105/><G105/><T42/><D120/><U116/><E10/><V114/><F114/><W46/><G46/><T54/><D44/><N who="1" m="25991" /><E67/><AGARI ba="4,1" hai="21,24,30,47,49,52,56,63,67,93,96,102,129,130" machi="67" ten="40,12000,1" yaku="1,1,25,2,52,1,54,1,53,0" doraHai="90" doraHaiUra="119" who="3" fromWho="1" sc="293,0,163,-132,349,0,185,142" />
</Scene>
<Scene>
<INIT seed="7,5,0,4,4,103" ten="293,31,349,327" oya="3" hai0="14,11,134,86,6,113,42,50,28,20,128,118,107" hai1="46,56,88,43,117,21,16,62,58,120,101,67,91" hai2="34,25,98,110,121,0,93,92,1,66,17,111,99" hai3="63,115,129,57,85,122,95,2,119,106,10,105,123"/><W126/><G119/><T49/><D118/><U60/><E120/><V94/><F66/><W22/><G115/><T48/><D128/><U33/><E33/><V96/><F121/><W52/><G129/><T104/><D42/><U133/><E133/><V131/><F131/><W55/><G126/><T9/><D134/><U13/><E117/><V51/><F51/><W130/><G130/><T32/><D32/><U19/><E101/><V74/><F74/><W4/><G22/><T108/><D108/><N who="2" m="41514" /><F34/><W100/><G123/><T80/><D113/><U23/><E46/><V31/><F17/><W40/><G40/><T8/><D6/><U78/><E43/><V45/><F45/><W36/><G36/><T84/><D84/><U69/><E69/><V12/><F12/><W61/><G122/><T70/><D70/><U29/><E78/><V27/><F31/><W26/><G26/><AGARI ba="5,0" hai="0,1,25,26,27,92,93,94,96,98,99" m="41514" machi="26" ten="40,2600,0" yaku="28,2" doraHai="103" who="2" fromWho="3" sc="293,0,31,0,349,41,327,-41" owari="293,9.0,31,-47.0,390,49.0,286,-11.0" />
</Scene>
</mjloggm>