<mjloggm ver="2.3"><GO type="169" lobby="0"/><UN n0="%E5%A4%AA%E3%81%8F%E3%81%AA%E3%81%84%E3%81%8A" n1="%E3%81%9C%E3%82%8D%E3%82%81%E3%81%90" n2="%68%61%79%61%74%6F%E2%98%86" n3="%E5%88%B9%E9%82%A3%E3%81%AE%E5%A3%B0" dan="18,16,18,17" rate="2220.16,2062.93,2227.94,2220.88" sx="M,F,M,M"/><TAIKYOKU oya="0"/>

<Scene>
<INIT seed="0,0,0,4,0,18" ten="250,250,250,250" oya="0" hai0="134,96,35,11,68,64,124,81,98,99,117,17,47" hai1="54,37,91,6,107,130,57,46,119,31,62,36,128" hai2="19,78,72,3,44,79,86,7,50,52,113,92,97" hai3="60,28,48,125,106,112,25,63,61,105,38,24,115"/><T33/><D117/><U75/><E119/><V40/><F72/><W59/><G38/><T80/><D124/><U42/><E107/><V123/><F123/><W0/><G0/><T8/><D134/><U16/><E75/><V77/><F113/><W83/><G83/><T70/><D47/><U126/><E126/><V87/><F7/><W1/><G1/><T88/><D64/><U56/><E6/><V104/><F3/><W95/><G125/><T34/><D17/><U13/><E31/><V2/><F104/><W116/><G116/><T30/><D30/><U15/><E37/><V49/><F19/><W58/><G61/><T51/><D51/><U132/><E132/><V84/><F2/><W43/><G28/><T12/><D12/><U85/><E56/><V74/><F74/><W120/><G48/><T26/><D26/><U89/><E13/><V129/><F129/><N who="1" m="49769" /><E85/><V121/><F121/><W133/><G120/><T69/><REACH who="0" step="1"/><D88/><REACH who="0" ten="240,250,250,250" step="2"/><U65/><E65/><V21/><F79/><W102/><G133/><T20/><D20/><AGARI ba="0,1" hai="15,16,20,36,42,46,54,57,62,89,91" m="49769" machi="20" ten="30,3900,0" yaku="19,1,52,1,54,1" doraHai="18" who="1" fromWho="0" sc="240,-39,250,49,250,0,250,0" />
</Scene>
<Scene>
<INIT seed="1,0,0,3,0,0" ten="201,299,250,250" oya="1" hai0="31,32,30,67,110,75,90,29,10,69,93,22,64" hai1="88,99,123,116,13,104,109,91,49,122,54,84,2" hai2="102,125,44,61,120,34,24,36,33,37,51,81,66" hai3="121,77,95,129,35,107,42,9,112,117,14,105,79"/><U82/><E2/><V76/><F120/><W108/><G35/><T133/><D32/><U27/><E116/><V98/><F125/><W103/><G42/><T85/><D75/><U78/><E109/><V18/><F34/><W25/><G25/><T11/><D110/><U101/><E27/><V97/><F97/><N who="3" m="59839" /><G14/><T118/><D118/><U106/><E106/><N who="3" m="40458" /><G9/><N who="0" m="3083" /><D69/><U1/><E1/><V3/><F3/><W126/><G108/><T131/><D131/><U21/><E123/><V124/><F124/><W59/><G121/><T89/><D133/><U23/><E122/><V68/><F18/><W62/><G112/><T17/><D89/><U7/><E23/><V12/><F12/><AGARI ba="0,0" hai="12,17,22,29,30,31,64,67,85,90,93" m="3083" machi="12" ten="30,1000,0" yaku="8,1" doraHai="0" who="0" fromWho="2" sc="201,10,299,0,250,-10,250,0" />
</Scene>
<Scene>
<INIT seed="2,0,0,4,4,135" ten="211,299,240,250" oya="2" hai0="61,77,74,112,111,42,50,45,34,5,114,60,22" hai1="101,19,17,27,37,8,96,21,15,73,64,78,57" hai2="116,40,67,103,10,106,122,98,63,113,59,102,2" hai3="105,4,69,132,119,13,0,55,25,104,120,33,41"/><V7/><F122/><W16/><G69/><T48/><D34/><U92/><E37/><V117/><F113/><W30/><G119/><T93/><D111/><U88/><E73/><V134/><F134/><W130/><G120/><T65/><D5/><U109/><E109/><V56/><F103/><W115/><G130/><T24/><D74/><U66/><E78/><V9/><F40/><W46/><G55/><T110/><D110/><U71/><E71/><V11/><F11/><N who="3" m="2439" /><G115/><T18/><D77/><U23/><E8/><V87/><F10/><W6/><G6/><T90/><D50/><U91/><E57/><V79/><F79/><W32/><G33/><T62/><REACH who="0" step="1"/><D65/><AGARI ba="0,0" hai="15,17,19,21,23,27,64,65,66,88,91,92,96,101" machi="65" ten="40,2600,0" yaku="8,1,54,1" doraHai="135" who="1" fromWho="0" sc="211,-26,299,26,240,0,250,0" />
</Scene>
<Scene>
<INIT seed="3,0,0,2,5,53" ten="185,325,240,250" oya="3" hai0="31,87,45,100,130,77,83,58,134,120,126,104,7" hai1="49,69,70,16,115,67,135,33,25,80,20,61,46" hai2="73,89,40,74,14,101,9,98,94,36,48,2,27" hai3="41,119,121,111,103,86,96,129,28,54,109,99,35"/><W107/><G41/><T62/><D120/><U95/><E115/><V0/><F36/><W26/><G119/><T118/><D118/><U108/><E108/><N who="3" m="41546" /><G121/><T88/><D126/><U8/><E135/><V29/><F73/><W3/><G3/><T128/><D134/><U63/><E33/><V21/><F74/><W18/><G96/><N who="0" m="61447" /><D7/><U84/><E8/><V56/><F101/><W76/><G18/><T66/><D45/><U127/><E95/><V57/><F2/><W13/><G13/><T68/><D31/><U123/><E127/><V30/><F30/><W133/><G133/><T23/><D23/><U38/><E38/><V102/><F102/><W1/><G1/><T5/><D5/><U11/><E11/><V110/><F0/><W47/><G47/><T82/><D68/><U24/><E24/><V19/><F110/><W39/><G39/><T32/><D32/><U92/><E92/><V116/><F116/><W10/><G10/><T85/><D62/><U125/><E125/><V71/><F71/><W52/><G129/><N who="0" m="49771" /><D66/><U97/><E123/><V17/><F29/><W131/><G131/><T91/><D58/><N who="2" m="22634" /><F48/><W60/><G60/><T132/><D132/><U55/><E63/><V112/><F112/><W79/><G35/><T65/><D65/><U117/><E117/><V12/><F27/><W93/><G26/><T105/><D105/><U44/><E69/><V22/><F9/><W15/><G28/><T50/><D50/><U122/><E122/><V113/><F113/><W37/><G37/><T6/><D6/><U42/><E70/><V59/><F59/><RYUUKYOKU ba="0,0" sc="185,15,325,-15,240,15,250,-15" hai0="77,82,83,85,87,88,91" hai2="12,14,17,19,21,22,40,89,94,98" />
</Scene>
<Scene>
<INIT seed="4,1,0,0,5,11" ten="200,310,255,235" oya="0" hai0="28,116,69,87,79,92,71,98,55,84,133,40,113" hai1="17,4,61,1,47,106,102,7,34,41,38,68,104" hai2="33,60,51,88,35,44,83,15,16,56,36,72,111" hai3="63,97,135,74,78,45,110,64,118,105,134,125,10"/><T80/><D116/><U25/><E17/><V30/><F36/><W112/><G110/><T9/><D40/><U53/><E53/><V81/><F111/><W18/><G45/><T96/><D113/><U95/><E95/><V75/><F81/><W42/><G42/><T32/><D133/><U73/><E73/><V93/><F72/><W58/><G118/><T0/><D84/><U89/><E89/><V39/><F39/><W91/><G112/><T130/><D130/><U132/><E132/><N who="3" m="50730" /><G125/><T20/><D32/><U101/><E101/><V124/><F124/><W126/><G126/><T48/><D0/><U108/><E108/><V8/><F30/><W86/><G78/><T127/><D127/><U85/><E85/><N who="2" m="50239" /><F75/><W119/><G119/><T21/><D69/><U82/><E82/><V5/><F93/><W67/><G105/><T14/><D71/><U13/><E1/><V52/><F5/><W76/><G76/><T100/><D28/><U129/><E7/><V66/><AGARI ba="1,0" hai="8,15,16,33,35,44,51,52,56,60,66" m="50239" machi="66" ten="30,8000,1" yaku="25,1,52,1,54,3" doraHai="11" who="2" fromWho="2" sc="200,-41,310,-21,255,83,235,-21" />
</Scene>
<Scene>
<INIT seed="5,0,0,2,0,57" ten="159,289,338,214" oya="1" hai0="102,97,110,68,25,40,54,18,117,49,81,61,133" hai1="114,112,123,75,131,27,128,118,31,66,34,121,14" hai2="15,59,77,39,67,71,85,32,28,23,7,9,129" hai3="1,130,116,92,72,53,93,45,88,90,99,58,120"/><U50/><E50/><V11/><F39/><W104/><G120/><N who="1" m="46154" /><E75/><V6/><F71/><W30/><G1/><T135/><D110/><U73/><E73/><V0/><F129/><N who="1" m="49737" /><E66/><V109/><F109/><W56/><G116/><T47/><D117/><U64/><E64/><V115/><F32/><W37/><G104/><T83/><D18/><U2/><E118/><V78/><F115/><N who="1" m="44073" /><E14/><N who="2" m="5439" /><F85/><W134/><G72/><T29/><D40/><U16/><E16/><V33/><F0/><AGARI ba="0,0" hai="0,2,27,31,34" m="44073,49737,46154" machi="0" ten="40,12000,1" yaku="19,1,15,1,23,1,34,2" doraHai="57" who="1" fromWho="2" sc="159,0,289,120,338,-120,214,0" />
</Scene>
<Scene>
<INIT seed="5,1,0,0,3,61" ten="159,409,218,214" oya="1" hai0="108,100,9,2,4,23,130,46,135,119,78,123,53" hai1="67,131,76,82,64,72,31,21,7,34,105,98,24" hai2="28,99,16,129,45,87,11,71,15,74,111,57,96" hai3="68,42,26,103,8,27,116,113,117,54,65,29,22"/><U102/><E131/><V44/><F74/><W122/><G122/><T59/><D108/><U43/><E43/><V47/><F71/><W19/><G42/><T132/><D119/><N who="3" m="45641" /><G113/><T79/><D130/><U104/><E104/><V63/><F129/><W36/><G36/><T85/><D123/><U33/><REACH who="1" step="1"/><E7/><REACH who="1" ten="159,399,218,214" step="2"/><V18/><F111/><W114/><G114/><T41/><D41/><U75/><E75/><V86/><F28/><W70/><G29/><T73/><D73/><U110/><E110/><V13/><F86/><W90/><G19/><T6/><D6/><U127/><E127/><V118/><F87/><W55/><G55/><T5/><D5/><U60/><E60/><V124/><F124/><W89/><G54/><T56/><D85/><U69/><E69/><V109/><F118/><W51/><G68/><T126/><D126/><U115/><E115/><V58/><F109/><W66/><G70/><T120/><D120/><U92/><E92/><V83/><F83/><W39/><G39/><T125/><D125/><U107/><E107/><V106/><F106/><W77/><G51/><T40/><D40/><U97/><E97/><N who="2" m="37451" /><F63/><W101/><G101/><T32/><D100/><U48/><E48/><V30/><F30/><W17/><G103/><T112/><D112/><U25/><E25/><V14/><F11/><W3/><G8/><T35/><D9/><U10/><E10/><V37/><F37/><W134/><G26/><T81/><D4/><U1/><E1/><V95/><F95/><W128/><G128/><T121/><D2/><U133/><E133/><V20/><F18/><RYUUKYOKU ba="1,1" sc="159,-15,399,15,218,15,214,-15" hai1="21,24,31,33,34,64,67,72,76,82,98,102,105" hai2="13,14,15,16,20,44,45,47,57,58" />
</Scene>
<Scene>
<INIT seed="5,2,1,2,0,80" ten="144,414,233,199" oya="1" hai0="93,117,62,64,10,125,7,51,84,47,4,104,29" hai1="36,87,32,46,110,127,8,15,53,11,126,132,42" hai2="63,39,16,118,68,25,52,45,88,48,85,69,91" hai3="83,14,55,58,37,61,121,108,60,76,102,24,31"/><U19/><E132/><V34/><F118/><W43/><G121/><T6/><D104/><U133/><E133/><V20/><F39/><W115/><G108/><T56/><D117/><U38/><E110/><V114/><F114/><W75/><G115/><T59/><D125/><U123/><E123/><V95/><F34/><W27/><G102/><T17/><D29/><U22/><E32/><V78/><F78/><W30/><G43/><T44/><D56/><U33/><E33/><V92/><F63/><W99/><G37/><T119/><D119/><U71/><E71/><V130/><F130/><W41/><G41/><T1/><D17/><U113/><E38/><V135/><F135/><W101/><G27/><T96/><D47/><U13/><E113/><V50/><F48/><W18/><G24/><T5/><D84/><AGARI ba="2,1" hai="16,20,25,45,50,52,68,69,84,85,88,91,92,95" machi="84" ten="30,12000,2" yaku="7,1,9,1,52,2,54,3" doraHai="80" who="2" fromWho="0" sc="144,-126,414,0,233,136,199,0" />
</Scene>
<Scene>
<INIT seed="6,0,0,4,0,26" ten="18,414,369,199" oya="2" hai0="37,102,66,9,134,70,114,56,22,61,98,119,92" hai1="133,100,105,117,109,64,19,14,89,68,50,21,46" hai2="2,40,125,73,126,8,1,65,51,15,113,49,52" hai3="99,45,3,108,124,30,122,0,112,47,6,24,129"/><V29/><F73/><W107/><G108/><T72/><D72/><U35/><E109/><V10/><F65/><W28/><G122/><T23/><D114/><U74/><E117/><V111/><F111/><W87/><G87/><T18/><D119/><U81/><E133/><V44/><F113/><W93/><G107/><T60/><D134/><U71/><E35/><V54/><F44/><W88/><G112/><T63/><D37/><U33/><E33/><V57/><F15/><W82/><G82/><T39/><D39/><U42/><E64/><V27/><F40/><W118/><G129/><T75/><D75/><U132/><E132/><V11/><F54/><W58/><G3/><T41/><D41/><U96/><REACH who="1" step="1"/><E89/><REACH who="1" ten="18,404,369,199" step="2"/><V101/><F101/><W84/><G118/><T130/><D130/><U31/><E31/><V36/><F36/><W16/><G30/><T135/><D135/><U115/><E115/><V120/><F120/><W25/><G28/><T76/><D76/><AGARI ba="0,1" hai="14,19,21,42,46,50,68,71,74,76,81,96,100,105" machi="76" ten="40,5200,0" yaku="1,1,53,2" doraHai="26" doraHaiUra="67" who="1" fromWho="0" sc="18,-52,404,62,369,0,199,0" owari="-34,-53.0,466,56.0,369,17.0,199,-20.0" />
</Scene>
</mjloggm>