<mjloggm ver="2.3"><GO type="169" lobby="0"/><UN n0="%E3%81%B6%E3%81%9F%EF%BC%A0%E3%81%A1%E3%82%85%E3%81%86" n1="%E3%83%8C%E3%83%83%E3%83%97" n2="%E8%B3%A2%E8%80%85%E3%81%AC%E3%81%93" n3="%E5%A4%AA%E3%81%8F%E3%81%AA%E3%81%84%E3%81%8A" dan="16,16,16,17" rate="2031.55,2120.75,2080.20,2177.92" sx="M,M,F,F"/><TAIKYOKU oya="0"/>

<Scene>
<INIT seed="0,0,0,3,0,76" ten="250,250,250,250" oya="0" hai0="135,100,123,19,45,126,64,62,104,31,2,106,115" hai1="119,77,65,32,105,35,94,41,68,54,12,53,59" hai2="13,82,61,107,78,50,73,98,43,129,108,124,87" hai3="22,67,109,111,112,132,55,51,10,46,16,3,96"/><T49/><D123/><U23/><E105/><V71/><F108/><N who="3" m="41547" /><G112/><T27/><D2/><U39/><E119/><V122/><F122/><W48/><G132/><T110/><D115/><U121/><E121/><V131/><F124/><W127/><G127/><T15/><D110/><U99/><E77/><V17/><F73/><W133/><G133/><T5/><D5/><U89/><E68/><V97/><F107/><W84/><G67/><T14/><D126/><U72/><E72/><V103/><F103/><W66/><G66/><T101/><D135/><U134/><E65/><V117/><F117/><W128/><G128/><N who="2" m="49225" /><F61/><W47/><G96/><T37/><D37/><U60/><E134/><V26/><F26/><N who="3" m="14663" /><G84/><T93/><D106/><U118/><E118/><V18/><F71/><W57/><G51/><T88/><D104/><U38/><E38/><V85/><F85/><W44/><G10/><T95/><D95/><U25/><E39/><V34/><F97/><W120/><G120/><T81/><D62/><U30/><E41/><V58/><F98/><W90/><G90/><T28/><D64/><U83/><E54/><N who="2" m="32087" /><F43/><W102/><G3/><T42/><D101/><AGARI ba="0,0" hai="44,46,47,48,55,57,101,102" m="14663,41547" machi="101" ten="30,2000,0" yaku="14,1,54,1" doraHai="76" who="3" fromWho="0" sc="250,-20,250,0,250,0,250,20" />
</Scene>
<Scene>
<INIT seed="1,0,0,3,0,14" ten="230,250,250,270" oya="1" hai0="62,46,8,126,4,131,87,130,71,133,120,55,24" hai1="122,36,76,121,68,20,93,53,52,79,88,22,63" hai2="94,7,50,69,32,115,118,3,103,38,56,54,60" hai3="70,84,112,73,59,86,97,96,43,125,102,23,44"/><U74/><E36/><V13/><F118/><W39/><G70/><T110/><D24/><U108/><E108/><V109/><F3/><W12/><G73/><T83/><D110/><U6/><E6/><V17/><F7/><W47/><G112/><T10/><D120/><U114/><E114/><V124/><F109/><W35/><G35/><T123/><D123/><U9/><E9/><V31/><F115/><W81/><G125/><T75/><D75/><U117/><E117/><V101/><F124/><W116/><G116/><T41/><D126/><U111/><E111/><V80/><F80/><W40/><G59/><N who="0" m="35199" /><D71/><U107/><E107/><V67/><F38/><W77/><G84/><T113/><D113/><U134/><E134/><V106/><F94/><W99/><G102/><T61/><D61/><U45/><E74/><V49/><F49/><W57/><G57/><T127/><D127/><U95/><E68/><V119/><F119/><W42/><REACH who="3" step="1"/><G39/><REACH who="3" ten="230,250,250,260" step="2"/><N who="0" m="21823" /><D133/><U100/><E122/><V85/><F85/><W28/><G28/><T129/><D4/><U19/><E121/><V5/><F5/><W104/><G104/><T18/><D18/><AGARI ba="0,1" hai="12,18,23,40,42,43,44,47,77,81,86,96,97,99" machi="18" ten="40,12000,2" yaku="1,1,8,1,52,1,53,3" doraHai="14" doraHaiUra="37" who="3" fromWho="0" sc="230,-120,250,0,250,0,260,130" />
</Scene>
<Scene>
<INIT seed="2,0,0,4,0,21" ten="110,250,250,390" oya="2" hai0="15,27,95,131,121,62,68,54,82,30,113,101,12" hai1="33,120,20,85,126,13,78,28,26,53,60,74,8" hai2="119,9,99,23,110,104,18,106,34,81,49,107,11" hai3="37,75,25,5,41,52,102,58,71,14,19,130,118"/><V32/><F119/><W127/><G71/><T43/><D121/><U35/><E126/><V124/><F124/><W83/><G118/><T79/><D113/><U2/><E74/><V22/><F110/><W46/><G127/><T123/><D123/><U38/><E38/><V51/><F99/><W88/><G102/><T128/><D43/><U114/><E114/><V90/><F81/><W135/><G130/><N who="0" m="49707" /><D101/><U57/><E2/><V132/><F90/><W10/><G135/><T6/><D95/><U16/><REACH who="1" step="1"/><E120/><REACH who="1" ten="110,240,250,390" step="2"/><V66/><F132/><W129/><G129/><T63/><D6/><U39/><E39/><V45/><F104/><W47/><G75/><N who="0" m="43391" /><D68/><U67/><E67/><V56/><F66/><W87/><G37/><T44/><D63/><U40/><E40/><V55/><F106/><W61/><G41/><T72/><D72/><U117/><E117/><V96/><F107/><W133/><G133/><T89/><D62/><U4/><E4/><V69/><F69/><W105/><G105/><T125/><D125/><U115/><E115/><V92/><F51/><W31/><REACH who="3" step="1"/><G5/><REACH who="3" ten="110,240,250,380" step="2"/><T111/><D111/><U48/><E48/><V93/><F49/><W17/><G17/><T103/><D30/><U116/><E116/><V76/><F18/><W80/><G80/><AGARI ba="0,2" hai="8,13,16,20,26,28,33,35,53,57,60,78,80,85" machi="80" ten="40,5200,0" yaku="1,1,52,1,54,1,53,0" doraHai="21" doraHaiUra="91" who="1" fromWho="3" sc="110,0,240,72,250,0,380,-52" />
</Scene>
<Scene>
<INIT seed="3,0,0,1,3,87" ten="110,312,250,328" oya="3" hai0="92,40,79,69,107,118,88,81,126,78,132,50,14" hai1="108,113,115,82,37,127,72,134,131,13,112,26,119" hai2="5,104,6,3,21,7,86,117,58,2,84,111,90" hai3="116,123,122,41,47,75,124,32,67,66,20,93,57"/><W61/><G32/><T128/><D69/><U48/><E37/><V44/><F117/><W64/><G75/><T8/><D107/><U28/><E119/><V120/><F104/><W71/><G20/><T35/><D35/><U70/><E70/><V109/><F120/><N who="3" m="46123" /><G93/><T54/><D118/><U25/><E25/><V114/><F114/><W0/><G0/><T27/><D132/><U97/><E134/><V98/><F21/><W100/><G100/><T51/><D128/><U36/><E36/><V53/><F44/><W65/><G116/><T91/><D27/><U77/><E131/><V10/><F98/><W38/><G124/><T125/><D40/><U110/><E127/><N who="0" m="48649" /><D92/><U1/><E1/><V11/><F6/><W4/><G4/><N who="0" m="3335" /><D51/><U94/><E48/><V52/><REACH who="2" step="1"/><F58/><AGARI ba="0,0" hai="38,41,47,57,58,61,64,65,66,67,71" m="46123" machi="58" ten="30,2900,0" yaku="34,2" doraHai="87" who="3" fromWho="2" sc="110,0,312,0,250,-29,328,29" />
</Scene>
<Scene>
<INIT seed="3,1,0,1,0,16" ten="110,312,221,357" oya="3" hai0="26,33,79,103,120,126,105,122,69,67,50,80,53" hai1="133,28,61,20,25,44,43,39,5,107,9,104,34" hai2="90,112,109,97,65,22,95,36,74,10,71,58,76" hai3="55,14,116,31,117,78,6,35,98,56,125,77,64"/><W51/><G125/><T113/><D126/><U12/><E133/><V130/><F112/><W62/><G35/><T70/><D113/><U131/><E131/><V85/><F36/><W92/><G31/><T115/><D115/><U8/><E8/><V118/><F118/><W63/><G117/><T49/><D49/><U96/><E61/><N who="3" m="23050" /><G64/><T38/><D38/><U23/><REACH who="1" step="1"/><E96/><REACH who="1" ten="110,302,221,357" step="2"/><V47/><F10/><N who="3" m="4439" /><G116/><T114/><D114/><U91/><E91/><AGARI ba="1,1" hai="51,55,56,77,78,91,92,98" m="4439,23050" machi="91" ten="30,1500,0" yaku="8,1" doraHai="16" who="3" fromWho="1" sc="110,0,302,-18,221,0,357,28" />
</Scene>
<Scene>
<INIT seed="3,2,0,3,5,124" ten="110,284,221,385" oya="3" hai0="17,98,63,130,100,99,104,7,11,109,102,132,88" hai1="94,24,48,78,54,126,105,68,84,82,121,86,61" hai2="51,12,0,133,35,107,92,87,20,127,46,116,125" hai3="49,112,111,3,80,58,81,53,70,32,5,108,128"/><W4/><G112/><T76/><D109/><N who="3" m="42057" /><G70/><T39/><D39/><U131/><E105/><V37/><F107/><W91/><G32/><T43/><D43/><U75/><E121/><V77/><F0/><W2/><G128/><T30/><D132/><U16/><E126/><V6/><F35/><W55/><G91/><T23/><D30/><U42/><E42/><V67/><F116/><W60/><G5/><T90/><D76/><U22/><E94/><V28/><F77/><W25/><G25/><T52/><D130/><U83/><E131/><V1/><F92/><W36/><G36/><T97/><D11/><U85/><E61/><V19/><F6/><W34/><G34/><T118/><D7/><U79/><REACH who="1" step="1"/><E68/><REACH who="1" ten="110,274,221,385" step="2"/><V114/><F125/><W62/><G62/><T9/><D118/><U56/><AGARI ba="2,1" hai="16,22,24,48,54,56,75,78,79,82,83,84,85,86" machi="56" ten="20,8000,1" yaku="1,1,2,1,0,1,7,1,54,1,53,0" doraHai="124" doraHaiUra="103" who="1" fromWho="1" sc="110,-22,274,96,221,-22,385,-42" />
</Scene>
<Scene>
<INIT seed="4,0,0,1,4,121" ten="88,370,199,343" oya="0" hai0="116,122,11,111,79,106,44,56,124,100,131,127,74" hai1="129,12,22,62,24,119,72,41,59,90,112,98,82" hai2="33,93,39,70,75,29,76,67,107,45,134,102,50" hai3="10,38,25,49,126,27,108,86,73,91,47,113,32"/><T103/><D122/><U52/><E119/><V5/><F134/><W3/><G73/><T58/><D116/><U101/><E129/><V78/><F5/><W0/><G38/><T125/><D131/><U130/><E130/><V89/><F39/><W55/><G113/><T36/><D11/><U84/><E112/><V77/><F75/><W42/><G126/><T28/><D28/><U60/><E41/><V92/><F89/><W133/><G133/><T68/><D68/><U54/><E12/><V16/><F50/><W85/><G42/><N who="0" m="22599" /><D106/><U35/><E35/><V61/><F45/><W4/><G3/><T8/><D8/><U37/><E37/><V120/><F16/><W64/><G64/><T30/><D30/><U53/><E72/><V14/><F14/><W15/><G0/><T20/><D20/><U18/><E62/><V46/><F46/><W114/><G114/><T118/><D118/><U23/><E23/><V128/><F120/><W26/><G32/><T97/><D111/><U1/><E1/><V31/><F128/><W51/><G51/><T7/><D7/><U34/><E34/><V105/><F31/><W66/><G108/><T43/><D43/><U6/><E6/><V109/><F109/><W81/><G66/><T17/><D17/><U88/><E90/><V69/><F69/><W83/><REACH who="3" step="1"/><G25/><REACH who="3" ten="88,370,199,333" step="2"/><T2/><D2/><U63/><E63/><V57/><F61/><W9/><G9/><T40/><D40/><U135/><E135/><V48/><F33/><W19/><G19/><T123/><D123/><U95/><AGARI ba="0,1" hai="18,22,24,52,53,54,59,60,82,84,88,95,98,101" machi="95" ten="20,8000,1" yaku="0,1,7,1,8,1,54,2" doraHai="121" who="1" fromWho="1" sc="88,-40,370,90,199,-20,333,-20" />
</Scene>
<Scene>
<INIT seed="5,0,0,2,0,57" ten="48,460,179,313" oya="1" hai0="86,107,38,4,82,32,68,6,108,103,117,59,36" hai1="13,18,9,105,42,111,91,132,122,83,40,109,44" hai2="97,135,62,60,126,41,11,102,10,48,72,81,113" hai3="124,15,7,129,64,23,84,78,79,22,131,134,29"/><U112/><E122/><V25/><F126/><W2/><G2/><T116/><D32/><U114/><E105/><V26/><F135/><W56/><G134/><T115/><D103/><U87/><E132/><V101/><F113/><N who="1" m="43625" /><E42/><V74/><F48/><AGARI ba="0,0" hai="9,13,18,40,44,48,83,87,91,109,111" m="43625" machi="48" ten="30,1500,0" yaku="15,1" doraHai="57" who="1" fromWho="2" sc="48,0,460,15,179,-15,313,0" />
</Scene>
<Scene>
<INIT seed="5,1,0,0,2,75" ten="48,475,164,313" oya="1" hai0="101,8,80,66,2,32,50,81,107,127,97,27,115" hai1="35,61,68,131,77,25,89,6,122,126,30,7,116" hai2="102,57,118,59,24,26,12,117,36,38,41,64,108" hai3="33,37,9,3,112,15,34,47,20,40,86,21,94"/><U105/><E105/><V99/><F64/><W134/><G112/><T78/><D81/><U133/><E122/><V10/><F99/><W123/><G123/><T45/><D127/><U72/><E126/><V90/><F12/><W125/><G3/><T85/><D115/><U28/><E28/><V110/><F10/><W4/><G125/><T135/><D135/><U132/><E116/><V130/><F90/><W22/><G134/><T79/><D66/><U53/><E131/><V74/><F74/><W69/><G69/><T51/><D51/><U58/><E68/><V121/><F121/><W104/><G104/><T44/><D44/><U39/><E39/><V23/><F23/><W42/><G42/><T0/><D8/><U31/><E31/><V29/><F29/><W88/><AGARI ba="1,0" hai="4,9,15,20,21,22,33,34,37,40,47,86,88,94" machi="88" ten="30,2000,0" yaku="0,1,54,1" doraHai="75" who="3" fromWho="3" sc="48,-6,475,-11,164,-6,313,23" />
</Scene>
<Scene>
<INIT seed="6,0,0,0,4,48" ten="42,464,158,336" oya="2" hai0="52,105,16,65,24,22,15,88,112,134,0,47,97" hai1="53,78,98,31,100,128,51,85,81,25,11,70,68" hai2="13,49,46,73,94,9,79,57,74,101,109,72,20" hai3="77,62,124,19,6,133,58,5,92,14,2,96,111"/><V84/><F109/><W61/><G111/><T18/><D0/><U67/><E67/><V60/><F20/><W126/><G77/><T103/><D134/><U28/><E11/><V117/><F117/><W131/><G131/><T130/><D130/><U122/><E128/><V115/><F115/><W38/><G38/><T118/><D118/><U108/><E108/><V12/><F101/><N who="3" m="60551" /><G2/><T66/><D112/><U40/><E40/><V102/><F102/><W33/><G33/><T27/><D27/><U93/><E28/><V106/><F106/><W95/><G95/><N who="0" m="56551" /><D103/><U110/><E122/><V44/><F13/><W64/><G62/><T71/><D71/><U35/><E110/><V43/><F79/><W8/><G133/><T29/><D105/><U132/><E132/><V34/><F34/><W125/><AGARI ba="0,0" hai="5,6,8,14,19,58,61,64,124,125,126" m="60551" machi="125" ten="30,1100,0" yaku="18,1" doraHai="48" who="3" fromWho="3" sc="42,-3,464,-3,158,-5,336,11" />
</Scene>
<Scene>
<INIT seed="7,0,0,0,2,120" ten="39,461,153,347" oya="3" hai0="83,95,39,104,127,65,116,122,57,103,112,72,69" hai1="77,37,124,22,19,76,7,101,87,84,5,45,113" hai2="82,8,109,105,52,81,13,110,114,9,44,92,54" hai3="61,129,1,97,133,10,94,79,2,67,17,130,11"/><W73/><G79/><N who="1" m="30282" /><E37/><V102/><F105/><W20/><G73/><T40/><D57/><U134/><E134/><V135/><F92/><W49/><G49/><T66/><D95/><U36/><E36/><V108/><F102/><W58/><G133/><T132/><D83/><N who="2" m="31754" /><F13/><N who="3" m="9263" /><G2/><T21/><D103/><U80/><E113/><V51/><F51/><W28/><G28/><T25/><D40/><U106/><E124/><V42/><F135/><W99/><G1/><T78/><D78/><N who="1" m="46103" /><E106/><V48/><F114/><W55/><G67/><T32/><D65/><U16/><E19/><V85/><F48/><W90/><G99/><T14/><D66/><U111/><E45/><V125/><F125/><W38/><G38/><T93/><D21/><U29/><E29/><V23/><F23/><W98/><G98/><T12/><D14/><N who="1" m="9495" /><E111/><V53/><F85/><W43/><G43/><T46/><D12/><U59/><E101/><V96/><F42/><W74/><G74/><T126/><D25/><U91/><E59/><V24/><F96/><W34/><G34/><T115/><D46/><U121/><E121/><V3/><F44/><W15/><G15/><T107/><D127/><U60/><E60/><V119/><F24/><W70/><G70/><T123/><D107/><U0/><E0/><V27/><F3/><W89/><G89/><T6/><D115/><U88/><E88/><V41/><F41/><W30/><G30/><T117/><D93/><AGARI ba="0,0" hai="5,7,87,91,93" m="9495,46103,30282" machi="93" ten="30,2000,0" yaku="8,1,54,1" doraHai="120" who="1" fromWho="0" sc="39,-20,461,20,153,0,347,0" owari="19,-48.0,481,58.0,153,-25.0,347,15.0" />
</Scene>
</mjloggm>