<mjloggm ver="2.3"><GO type="169" lobby="0"/><UN n0="%E6%B2%96%EF%BC%92%EF%BC%99" n1="%E5%A4%AA%E3%81%8F%E3%81%AA%E3%81%84%E3%81%8A" n2="%E5%99%82%E3%81%AE%E3%81%8D%E3%81%BF%E3%81%A9%E3%82%8A" n3="%E3%82%84%E3%81%BE%E3%83%BC%E3%82%93" dan="17,17,16,17" rate="2190.46,2184.20,2118.14,2187.37" sx="M,M,F,M"/><TAIKYOKU oya="0"/>

<Scene>
<INIT seed="0,0,0,4,4,85" ten="250,250,250,250" oya="0" hai0="47,12,32,100,10,129,117,118,97,26,11,86,36" hai1="44,105,40,89,135,120,91,60,122,126,130,57,46" hai2="88,52,68,134,76,99,123,71,73,113,1,83,127" hai3="103,23,106,96,62,74,41,2,49,29,67,125,128"/><T50/><D36/><U132/><E105/><V6/><F113/><W98/><G74/><T104/><D129/><U37/><E130/><V107/><F123/><N who="1" m="47145" /><E46/><V7/><F127/><W70/><G2/><T0/><D0/><U69/><E69/><V8/><F6/><W28/><G125/><T39/><D39/><U66/><E126/><V93/><F134/><AGARI ba="0,0" hai="37,40,44,57,60,66,89,91,132,134,135" m="47145" machi="134" ten="30,3900,0" yaku="20,1,52,2" doraHai="85" who="1" fromWho="2" sc="250,0,250,39,250,-39,250,0" />
</Scene>
<Scene>
<INIT seed="1,0,0,3,2,78" ten="250,289,211,250" oya="1" hai0="55,81,34,119,57,72,79,131,117,22,58,108,91" hai1="111,85,134,2,120,44,70,56,116,0,86,115,11" hai2="112,84,37,62,93,102,68,10,31,67,64,135,6" hai3="13,114,46,41,104,121,29,82,49,100,75,110,125"/><U77/><E70/><V95/><F112/><W35/><G114/><T33/><D108/><U109/><E115/><V122/><F122/><W27/><G121/><T130/><D91/><U42/><E120/><V1/><F135/><W118/><G118/><T17/><D117/><U126/><E116/><V18/><F37/><W92/><G110/><N who="1" m="41994" /><E134/><V63/><F31/><W40/><G125/><T69/><D69/><U128/><E126/><V94/><F18/><W38/><G104/><T97/><D97/><U5/><E128/><N who="0" m="49193" /><D119/><U107/><E107/><V61/><F63/><W36/><G41/><T133/><D133/><U19/><E19/><V50/><F50/><W101/><G13/><N who="0" m="9519" /><D58/><U15/><E56/><V45/><F45/><W76/><REACH who="3" step="1"/><G92/><REACH who="3" ten="250,289,211,240" step="2"/><T25/><D25/><U21/><E42/><V8/><F102/><AGARI ba="0,1" hai="27,29,35,36,38,40,46,49,75,76,82,100,101,102" machi="102" ten="40,8000,1" yaku="1,1,2,1,52,1,53,1" doraHai="78" doraHaiUra="47" who="3" fromWho="2" sc="250,0,289,0,211,-80,240,90" />
</Scene>
<Scene>
<INIT seed="2,0,0,5,3,134" ten="250,289,131,330" oya="2" hai0="16,127,68,9,120,122,110,101,116,15,81,19,40" hai1="70,33,113,61,102,132,11,128,80,18,1,57,93" hai2="53,82,74,125,66,88,67,39,32,4,85,42,60" hai3="55,77,47,90,131,56,133,10,23,73,5,49,29"/><V31/><F74/><W48/><G133/><T111/><D68/><U72/><E113/><V0/><F53/><W24/><G131/><T99/><D40/><U6/><E132/><V26/><F125/><W52/><G90/><T37/><D37/><U83/><E70/><V94/><F0/><W108/><G108/><N who="0" m="41515" /><D81/><U130/><E33/><V25/><F4/><W91/><G91/><T38/><D38/><U44/><E44/><V71/><F67/><W97/><G97/><T84/><D84/><U34/><E34/><V13/><F26/><W129/><G129/><N who="1" m="49770" /><E72/><V63/><F63/><W123/><G123/><N who="0" m="47147" /><D116/><U41/><E41/><V8/><F42/><W135/><G135/><T96/><D96/><N who="1" m="59663" /><E18/><V100/><F39/><W86/><G73/><T112/><D112/><U119/><E119/><V35/><F35/><W50/><G86/><T58/><D58/><U36/><E36/><V114/><F114/><W98/><G98/><T22/><D99/><U54/><AGARI ba="0,0" hai="1,6,11,54,57,61,80,83" m="59663,49770" machi="54" ten="30,1100,0" yaku="19,1" doraHai="134" who="1" fromWho="1" sc="250,-3,289,11,131,-5,330,-3" />
</Scene>
<Scene>
<INIT seed="3,0,0,0,1,12" ten="247,300,126,327" oya="3" hai0="1,122,112,48,20,123,50,56,59,19,80,102,54" hai1="116,4,93,100,88,70,2,84,72,17,121,25,18" hai2="82,39,57,75,46,129,106,64,14,6,23,79,99" hai3="36,85,28,31,10,130,68,60,128,126,5,26,91"/><W94/><G36/><T43/><D1/><U51/><E121/><V115/><F115/><W41/><G41/><T45/><D112/><U58/><E70/><V16/><F129/><N who="3" m="49771" /><G126/><T32/><D32/><U8/><E72/><V42/><F6/><W132/><G132/><T33/><D33/><U63/><E116/><V0/><F0/><N who="3" m="295" /><G26/><T119/><D119/><U83/><E51/><V13/><F13/><W47/><G47/><T92/><D80/><U9/><E25/><V15/><F15/><W114/><G114/><T117/><D117/><U118/><E118/><V34/><F34/><W37/><G37/><T69/><D69/><U3/><E3/><V67/><REACH who="2" step="1"/><F57/><REACH who="2" ten="247,300,116,327" step="2"/><W98/><G68/><T110/><D59/><U87/><E9/><V111/><F111/><W40/><G28/><T52/><D110/><U134/><E134/><V90/><F90/><W77/><G31/><T61/><D123/><U49/><E100/><AGARI ba="0,1" hai="14,16,23,39,42,46,64,67,75,79,82,99,100,106" machi="100" ten="40,5200,0" yaku="1,1,52,1,54,1,53,0" doraHai="12" doraHaiUra="24" who="2" fromWho="1" sc="247,0,300,-52,116,62,327,0" />
</Scene>
<Scene>
<INIT seed="4,0,0,2,4,129" ten="247,248,178,327" oya="0" hai0="101,74,47,59,106,5,127,31,43,8,93,34,56" hai1="52,77,76,113,84,23,123,108,15,78,37,42,125" hai2="21,92,62,122,50,63,100,109,36,99,13,67,64" hai3="105,26,71,115,45,85,2,1,20,22,6,75,40"/><T91/><D74/><U35/><E35/><V27/><F122/><W131/><G75/><T80/><D127/><U7/><E123/><V134/><F36/><W89/><G71/><T25/><D80/><U68/><E108/><V46/><F109/><W48/><G105/><T95/><D106/><U81/><E68/><V70/><F13/><W49/><G115/><T126/><D101/><U114/><E42/><V96/><F99/><W11/><G131/><T94/><D126/><U130/><E37/><V72/><F72/><W66/><G66/><T41/><D91/><U28/><E130/><V87/><F87/><W107/><G107/><T39/><REACH who="0" step="1"/><D43/><REACH who="0" ten="237,248,178,327" step="2"/><U29/><E125/><V119/><F100/><W82/><G40/><T0/><AGARI ba="0,1" hai="0,5,8,25,31,34,39,41,47,56,59,93,94,95" machi="0" ten="30,6000,0" yaku="1,1,2,1,0,1,53,0" doraHai="129" doraHaiUra="51" who="0" fromWho="0" sc="237,70,248,-20,178,-20,327,-20" />
</Scene>
<Scene>
<INIT seed="4,1,0,0,5,123" ten="307,228,158,307" oya="0" hai0="58,54,8,91,73,102,89,115,68,81,44,75,2" hai1="30,105,101,62,96,77,50,60,7,104,131,37,125" hai2="29,51,13,118,65,109,121,56,45,21,18,6,19" hai3="116,48,108,117,132,27,67,17,12,95,38,72,57"/><T112/><D68/><U80/><E37/><V23/><F121/><W114/><G38/><T92/><D44/><U134/><E104/><V122/><F122/><W74/><G114/><N who="0" m="43563" /><D2/><U5/><E134/><V99/><F118/><W94/><G132/><T3/><D3/><U0/><E131/><V87/><F29/><W111/><G27/><T100/><D8/><U52/><E30/><V24/><F6/><W98/><G116/><T126/><D58/><U69/><E125/><V85/><F109/><W9/><G117/><T70/><D54/><U33/><E33/><V20/><F23/><W107/><G107/><T40/><D40/><U129/><E129/><V22/><F22/><W46/><G57/><T36/><D70/><U71/><E71/><V61/><REACH who="2" step="1"/><F99/><REACH who="2" ten="307,228,148,307" step="2"/><W124/><G108/><T34/><D34/><U110/><E110/><V59/><F59/><W97/><G111/><T25/><D126/><U31/><E31/><V127/><F127/><W79/><G124/><T14/><D25/><U16/><E7/><V78/><F78/><W49/><G79/><N who="0" m="44271" /><D14/><U64/><E0/><V93/><F93/><W90/><G12/><T53/><D92/><U1/><E1/><V47/><F47/><W113/><G95/><T135/><D135/><U15/><E5/><V130/><F130/><W119/><G94/><T43/><D102/><U10/><E77/><V128/><F128/><W66/><G119/><T88/><D100/><U63/><E80/><V103/><F103/><W39/><G113/><T120/><D120/><U86/><E86/><V41/><AGARI ba="1,1" hai="13,18,19,20,21,24,41,45,51,56,61,65,85,87" machi="41" ten="20,5200,0" yaku="1,1,0,1,7,1,8,1,53,0" doraHai="123" doraHaiUra="106" who="2" fromWho="2" sc="307,-27,228,-14,148,65,307,-14" />
</Scene>
<Scene>
<INIT seed="5,0,0,3,5,120" ten="280,214,213,293" oya="1" hai0="76,110,79,131,65,109,104,60,134,0,15,90,129" hai1="54,75,85,53,106,113,80,18,84,30,37,51,103" hai2="23,122,46,45,16,117,10,48,64,78,125,95,99" hai3="9,32,43,115,135,19,124,132,31,133,33,68,66"/><U3/><E37/><V121/><F117/><W26/><G115/><T107/><D0/><U2/><E75/><V61/><F125/><W39/><G124/><T97/><D15/><U62/><E30/><V59/><F10/><W38/><G43/><T71/><D134/><U41/><E113/><V86/><F46/><W35/><G66/><T126/><D126/><U12/><E41/><V73/><F73/><W82/><G68/><T29/><D29/><U93/><E106/><N who="0" m="40489" /><D90/><U20/><E62/><V14/><F78/><N who="0" m="29738" /><D97/><U77/><E54/><V4/><F4/><W70/><G70/><T67/><D67/><U52/><E53/><V87/><F122/><W101/><G101/><T6/><D6/><U74/><E74/><V114/><F121/><W25/><G82/><T88/><D88/><N who="1" m="53391" /><E103/><N who="2" m="60927" /><F114/><W58/><G35/><T102/><D102/><U128/><E128/><AGARI ba="0,0" hai="60,65,71,109,110,128,129,131" m="29738,40489" machi="128" ten="30,3900,0" yaku="19,1,52,2" doraHai="120" who="0" fromWho="1" sc="280,39,214,-39,213,0,293,0" />
</Scene>
<Scene>
<INIT seed="6,0,0,2,0,97" ten="319,175,213,293" oya="2" hai0="22,75,117,43,33,21,46,87,28,23,59,53,133" hai1="85,7,19,56,108,124,47,74,70,35,101,12,79" hai2="44,122,40,102,86,103,25,31,3,10,88,125,2" hai3="57,63,0,64,73,20,130,29,71,76,1,77,95"/><V132/><F122/><W115/><G130/><T66/><D75/><U107/><E70/><V81/><F132/><W118/><G118/><T121/><D121/><U126/><E108/><V27/><F125/><N who="1" m="48233" /><E35/><V112/><F112/><W49/><G0/><T91/><D66/><U127/><N who="1" m="48241" /><U38/><DORA hai="52" /><E74/><V94/><F27/><W67/><G1/><T41/><D133/><U16/><E79/><V104/><F104/><W120/><G73/><T55/><D33/><U4/><E85/><V9/><F3/><W72/><G72/><T62/><D28/><U98/><E56/><V78/><F2/><W15/><G120/><T48/><D117/><U106/><E106/><V114/><F114/><W92/><G71/><T128/><D128/><U54/><E54/><V69/><F69/><W135/><G135/><T110/><D110/><U14/><E14/><V17/><F40/><W24/><G15/><T37/><D37/><U26/><E26/><V68/><F44/><W65/><G76/><T51/><D62/><U109/><E109/><V42/><F42/><W89/><G77/><T8/><D8/><N who="2" m="3178" /><F31/><W105/><G105/><T111/><D111/><U58/><E58/><V83/><F68/><W13/><G115/><T134/><D134/><U5/><E12/><V84/><F81/><AGARI ba="0,0" hai="21,22,23,41,43,46,48,51,53,55,59,81,87,91" machi="81" ten="40,2600,0" yaku="8,1,52,1" doraHai="97,52" who="0" fromWho="2" sc="319,26,175,0,213,-26,293,0" />
</Scene>
<Scene>
<INIT seed="7,0,0,2,5,129" ten="345,175,187,293" oya="3" hai0="90,5,99,39,114,41,25,86,59,70,53,121,34" hai1="93,83,81,109,128,10,87,69,50,63,117,33,125" hai2="22,131,106,20,56,16,122,21,28,108,82,112,74" hai3="113,12,48,32,119,75,68,89,13,107,6,35,60"/><W120/><G119/><T79/><D70/><U127/><E109/><V97/><F108/><W118/><G75/><T23/><D121/><U110/><E110/><V88/><F112/><W38/><G38/><T0/><D34/><U24/><E128/><V98/><F131/><W36/><G36/><T49/><D79/><U29/><E117/><V1/><F1/><W95/><G107/><T62/><D114/><U27/><E27/><N who="2" m="16503" /><F74/><W133/><G48/><T9/><D99/><N who="2" m="37898" /><F106/><W126/><G120/><T58/><D39/><U8/><E93/><V3/><F3/><W61/><G126/><N who="1" m="48138" /><E50/><V96/><F122/><W44/><G113/><T46/><D62/><U92/><E92/><N who="2" m="56327" /><F82/><N who="1" m="31241" /><E87/><V43/><F43/><W7/><G118/><T78/><D78/><U47/><E47/><V104/><F104/><W51/><G44/><T11/><D11/><U77/><E77/><V64/><F16/><W115/><G115/><T66/><D66/><U124/><N who="1" m="48146" /><U72/><DORA hai="84" /><E72/><V105/><F105/><W14/><G68/><T17/><D41/><U18/><E18/><V31/><F31/><W94/><G32/><T26/><D26/><U103/><E103/><V91/><F91/><W19/><G89/><T76/><D76/><U102/><E102/><V111/><F111/><W130/><G35/><T134/><D59/><U85/><E85/><V42/><F42/><W30/><G130/><T100/><D100/><U67/><AGARI ba="0,0" hai="8,10,24,29,33,63,67,69" m="31241,48146" machi="67" ten="50,1600,0" yaku="18,1" doraHai="129,84" who="1" fromWho="1" sc="345,-4,175,16,187,-4,293,-8" owari="341,44.0,191,-21.0,183,-32.0,285,9.0" />
</Scene>
</mjloggm>