<mjloggm ver="2.3"><GO type="169" lobby="0"/><UN n0="%45%6C%67%69%6E%31%32%33" n1="%E3%83%81%E3%83%81%E3%82%AB%E3%82%AB%E6%B9%96" n2="%4A%61%6E%2D%4D%61%63%68" n3="%E5%A4%AA%E3%81%8F%E3%81%AA%E3%81%84%E3%81%8A" dan="16,16,17,17" rate="2070.30,2157.69,2161.65,2163.53" sx="M,M,M,M"/><TAIKYOKU oya="0"/>

<Scene>
<INIT seed="0,0,0,3,2,43" ten="250,250,250,250" oya="0" hai0="111,82,25,119,3,66,81,125,38,15,28,128,76" hai1="99,132,24,109,104,29,107,105,26,23,72,106,59" hai2="48,14,55,6,50,7,73,8,84,134,35,30,17" hai3="95,96,54,93,114,86,37,13,80,117,85,74,126"/><T52/><D3/><U62/><E72/><V33/><F73/><W78/><G114/><T118/><D125/><U71/><E109/><V130/><F50/><W69/><G117/><T10/><D111/><U53/><E132/><V56/><F134/><W124/><G69/><T21/><D128/><U64/><E26/><V61/><F130/><W11/><G37/><T79/><D38/><U19/><E107/><V98/><F30/><W12/><G54/><T100/><D100/><U115/><E115/><V70/><F98/><W68/><G68/><T34/><D66/><U46/><E19/><V39/><F39/><W122/><G122/><T113/><D34/><U0/><E0/><V89/><F33/><W116/><G116/><T31/><D31/><U42/><E99/><V36/><F36/><W32/><G32/><T129/><D129/><U112/><E112/><V57/><F70/><W110/><G110/><T5/><D113/><U45/><REACH who="1" step="1"/><E42/><REACH who="1" ten="250,240,250,250" step="2"/><V16/><F17/><W91/><G74/><T133/><D133/><U9/><E9/><V60/><F35/><W47/><G11/><T51/><D119/><U40/><E40/><V20/><F8/><W102/><G126/><T27/><D118/><U108/><E108/><V103/><F103/><W18/><G124/><T49/><D27/><U4/><E4/><V90/><F6/><W44/><G18/><T94/><D94/><U58/><E58/><V63/><F57/><W75/><G75/><T120/><D120/><U41/><E41/><V123/><F123/><W22/><G22/><T101/><D5/><U87/><E87/><RYUUKYOKU ba="0,1" sc="250,-15,240,15,250,-15,250,15" hai1="23,24,29,45,46,53,59,62,64,71,104,105,106" hai3="12,13,44,47,78,80,85,86,91,93,95,96,102" />
</Scene>
<Scene>
<INIT seed="1,1,1,2,1,101" ten="235,255,235,265" oya="1" hai0="112,63,66,105,102,10,22,123,11,92,7,60,59" hai1="110,48,39,90,24,16,114,99,107,33,1,76,13" hai2="118,100,111,57,106,29,19,37,88,53,80,124,12" hai3="94,43,89,72,9,119,51,126,97,91,50,36,132"/><U4/><E39/><V2/><F37/><W108/><G72/><T65/><D112/><U52/><E114/><V85/><F2/><W5/><G108/><T75/><D75/><U69/><E76/><V64/><F64/><W58/><G126/><T71/><D123/><U31/><E69/><V96/><F124/><W117/><G132/><T129/><D129/><U62/><E62/><V70/><F70/><W121/><G121/><T130/><D130/><U25/><E110/><V135/><F29/><W115/><G115/><T6/><D22/><N who="1" m="11535" /><E24/><V116/><F135/><W34/><G34/><T67/><D67/><U28/><E28/><V125/><F125/><W20/><G20/><T41/><D41/><U61/><E61/><V46/><F57/><W17/><G17/><T8/><REACH who="0" step="1"/><D92/><REACH who="0" ten="225,255,235,265" step="2"/><N who="1" m="56727" /><E52/><V32/><F111/><W73/><G73/><T131/><D131/><U103/><E48/><N who="2" m="28823" /><F32/><W42/><G36/><T23/><D23/><U27/><E27/><V84/><F116/><W87/><G119/><T98/><AGARI ba="1,2" hai="6,7,8,10,11,59,60,63,65,66,71,98,102,105" machi="98" ten="30,4000,0" yaku="1,1,0,1,52,1,53,0" doraHai="101" doraHaiUra="122" who="0" fromWho="0" sc="225,63,255,-21,235,-11,265,-11" />
</Scene>
<Scene>
<INIT seed="2,0,0,5,1,87" ten="288,234,224,254" oya="2" hai0="93,88,1,17,68,64,7,90,122,50,53,89,125" hai1="35,76,113,51,73,114,106,84,110,52,121,127,27" hai2="117,40,26,21,41,101,131,132,128,55,11,59,30" hai3="115,39,58,19,0,78,119,123,108,112,34,48,85"/><V62/><F117/><W31/><G119/><T45/><D122/><U38/><E121/><V72/><F72/><W63/><G39/><T130/><D125/><U82/><E38/><V99/><F11/><W107/><G123/><T12/><D130/><N who="2" m="49706" /><F132/><W9/><G107/><AGARI ba="0,0" hai="21,26,30,40,41,55,59,62,99,101,107" m="49706" machi="107" ten="30,1500,0" yaku="19,1" doraHai="87" who="2" fromWho="3" sc="288,0,234,0,224,15,254,-15" />
</Scene>
<Scene>
<INIT seed="2,1,0,0,1,129" ten="288,234,239,239" oya="2" hai0="78,69,123,48,100,23,1,74,92,109,16,82,135" hai1="77,50,7,94,44,118,79,2,66,52,61,65,63" hai2="25,32,45,51,60,116,124,35,19,67,20,99,96" hai3="93,5,113,84,30,37,6,28,102,95,110,91,0"/><V31/><F124/><W122/><G122/><T38/><D123/><U15/><E2/><V76/><F76/><N who="1" m="29257" /><E118/><V56/><F116/><W104/><G37/><T33/><D38/><U17/><E7/><N who="3" m="2570" /><G104/><T68/><D1/><U24/><E24/><V125/><F125/><W46/><G0/><T59/><D33/><U26/><E26/><V80/><F80/><W43/><G110/><T11/><D109/><U127/><E94/><V4/><F4/><W55/><G43/><T42/><D42/><U34/><E34/><V81/><F81/><W57/><G46/><T54/><D11/><N who="1" m="6399" /><E127/><V12/><F35/><W9/><G9/><T83/><D83/><U40/><E40/><AGARI ba="1,0" hai="12,19,20,25,31,32,40,45,51,56,60,67,96,99" machi="40" ten="30,1500,0" yaku="7,1" doraHai="129" who="2" fromWho="1" sc="288,0,234,-18,239,18,239,0" />
</Scene>
<Scene>
<INIT seed="2,2,0,0,3,9" ten="288,216,257,239" oya="2" hai0="84,82,99,33,10,90,95,130,76,115,106,16,20" hai1="121,69,134,32,97,21,54,65,70,109,71,62,44" hai2="2,50,52,135,55,31,78,35,83,114,86,46,128" hai3="103,47,34,36,113,100,96,22,68,98,125,30,93"/><V40/><F114/><W15/><G68/><T29/><D115/><U101/><E109/><V112/><F112/><W116/><G113/><T67/><D130/><U37/><E134/><V4/><F135/><W75/><G116/><T7/><D67/><U123/><E32/><V51/><F128/><W85/><G75/><T105/><D33/><U107/><E21/><V94/><F94/><W19/><G125/><T79/><D29/><U102/><E102/><V17/><F17/><W122/><G122/><N who="1" m="46602" /><E54/><V3/><F40/><AGARI ba="2,0" hai="37,40,44,62,65,69,70,71,97,101,107" m="46602" machi="40" ten="30,2000,0" yaku="13,1,23,1" doraHai="9" who="1" fromWho="2" sc="288,0,216,26,257,-26,239,0" />
</Scene>
<Scene>
<INIT seed="3,0,0,3,0,4" ten="288,242,231,239" oya="3" hai0="123,45,70,82,120,21,81,0,67,99,90,42,19" hai1="2,121,6,94,68,48,33,111,95,127,92,131,86" hai2="124,38,102,112,39,76,62,18,105,77,122,56,125" hai3="51,109,37,98,29,78,101,60,46,72,17,8,106"/><W7/><G29/><T132/><D0/><U55/><E121/><V11/><F122/><W43/><G17/><T25/><D132/><U63/><E33/><V126/><F112/><W30/><G30/><T83/><D70/><U53/><E111/><V103/><F105/><W119/><G60/><T104/><D67/><U41/><E127/><V12/><F103/><W3/><G51/><T85/><D123/><U36/><E36/><N who="2" m="13867" /><F102/><W49/><G49/><N who="0" m="26807" /><D120/><U20/><E131/><V28/><F28/><W14/><G14/><T88/><D104/><U31/><E41/><V129/><F129/><W113/><G113/><T115/><D115/><U34/><E34/><V9/><F9/><W52/><G52/><AGARI ba="0,0" hai="11,12,18,52,56,62,76,77,124,125,126" m="13867" machi="52" ten="40,5200,0" yaku="18,1,52,1,54,1" doraHai="4" who="2" fromWho="3" sc="288,0,242,0,231,52,239,-52" />
</Scene>
<Scene>
<INIT seed="4,0,0,2,2,107" ten="288,242,283,187" oya="0" hai0="80,34,22,89,54,95,83,128,66,122,92,76,75" hai1="53,115,88,124,39,126,47,63,112,6,135,73,5" hai2="9,2,49,33,134,94,84,125,26,113,10,69,51" hai3="18,16,127,55,62,106,99,20,72,130,4,3,40"/><T50/><D122/><U43/><E135/><V109/><F69/><W11/><G130/><T21/><D34/><U1/><E73/><V68/><F68/><W103/><G127/><N who="1" m="48682" /><E88/><N who="2" m="53511" /><F33/><W91/><G40/><T56/><D128/><U82/><E82/><V15/><F2/><W133/><G133/><T42/><D42/><U105/><E105/><V64/><F109/><W118/><G118/><T104/><D104/><U36/><E36/><V116/><F113/><N who="1" m="43593" /><E1/><V24/><F116/><W71/><G72/><T19/><D83/><U67/><E53/><V7/><F134/><W30/><G91/><T120/><D120/><U119/><E119/><V81/><F81/><W123/><G123/><T102/><D66/><U98/><E98/><V52/><F64/><W100/><G100/><T110/><D110/><U27/><E27/><N who="2" m="10283" /><F125/><W37/><G37/><T65/><D65/><U38/><E38/><V132/><F132/><W17/><G71/><AGARI ba="0,0" hai="5,6,39,43,47,63,67,71" m="43593,48682" machi="71" ten="30,3900,0" yaku="18,1,15,1,11,1" doraHai="107" who="1" fromWho="3" sc="288,0,242,39,283,0,187,-39" />
</Scene>
<Scene>
<INIT seed="5,0,0,2,1,11" ten="288,281,283,148" oya="1" hai0="100,132,124,55,64,135,27,116,97,96,61,99,65" hai1="66,107,85,103,39,70,1,71,121,25,3,53,2" hai2="60,91,4,12,80,43,126,125,15,79,5,81,83" hai3="92,104,42,111,76,87,30,89,18,128,122,17,34"/><U130/><E121/><V74/><F43/><W36/><G122/><T115/><D116/><U84/><E39/><V119/><F60/><W90/><G111/><T20/><D115/><U127/><E127/><N who="2" m="48651" /><F119/><W123/><G123/><T22/><D124/><U67/><E130/><V26/><F26/><W98/><G128/><T105/><D105/><U52/><E25/><V13/><F91/><W118/><G118/><T9/><D100/><U32/><E32/><V77/><F81/><W110/><G110/><T69/><D65/><N who="1" m="24587" /><E103/><V95/><F95/><W33/><G76/><T73/><D73/><AGARI ba="0,0" hai="4,5,12,13,15,73,74,77,79,80,83" m="48651" machi="73" ten="30,7700,0" yaku="18,1,52,3" doraHai="11" who="2" fromWho="0" sc="288,-77,281,0,283,77,148,0" />
</Scene>
<Scene>
<INIT seed="6,0,0,4,1,95" ten="211,281,360,148" oya="2" hai0="109,53,62,0,12,16,94,131,9,71,37,7,89" hai1="24,1,29,3,66,26,20,50,100,42,124,34,5" hai2="31,105,111,76,108,112,67,21,25,98,49,55,128" hai3="114,52,8,130,19,23,107,68,119,74,118,73,59"/><V90/><F76/><W103/><G68/><T11/><D109/><N who="2" m="42058" /><F67/><W56/><G8/><T96/><D131/><U40/><E66/><V39/><F39/><W45/><G130/><T85/><D37/><U46/><E124/><V83/><F128/><W35/><G35/><T48/><D71/><U127/><E127/><V44/><F112/><W97/><G45/><T104/><D62/><U133/><E133/><V99/><F105/><W60/><G114/><T70/><D70/><U43/><E100/><V117/><F117/><W135/><G135/><T78/><D104/><U30/><REACH who="1" step="1"/><E5/><REACH who="1" ten="211,271,360,148" step="2"/><V121/><F121/><W61/><G119/><T80/><D7/><U72/><E72/><V65/><F65/><W79/><G118/><T13/><D0/><AGARI ba="0,1" hai="0,1,3,20,24,26,29,30,34,40,42,43,46,50" machi="0" ten="40,1300,0" yaku="1,1,53,0" doraHai="95" doraHaiUra="91" who="1" fromWho="0" sc="211,-13,271,23,360,0,148,0" />
</Scene>
<Scene>
<INIT seed="7,0,0,0,4,66" ten="198,294,360,148" oya="3" hai0="88,113,86,45,33,42,40,70,129,103,6,118,127" hai1="25,69,14,19,134,63,74,123,38,56,59,135,68" hai2="89,53,73,132,13,90,106,34,55,102,46,31,108" hai3="97,5,4,47,96,3,54,114,16,81,121,49,71"/><W67/><G121/><T22/><D118/><U92/><E123/><V27/><F73/><W7/><G3/><T91/><D33/><U111/><E111/><V116/><F116/><W37/><G114/><T94/><D113/><U60/><E38/><V82/><F108/><W29/><G29/><T101/><D70/><N who="1" m="27243" /><E25/><V99/><F82/><W133/><G133/><N who="1" m="50698" /><E74/><V36/><F132/><W110/><G110/><T57/><D129/><U65/><E92/><V112/><F112/><W41/><G81/><T61/><D127/><U125/><E125/><V80/><F80/><W85/><G85/><N who="0" m="52495" /><D6/><U93/><E93/><V117/><F117/><W122/><G122/><T48/><D40/><U104/><E104/><V95/><F106/><W98/><G16/><T15/><D91/><U76/><E76/><V39/><F90/><W58/><REACH who="3" step="1"/><G7/><REACH who="3" ten="198,294,360,138" step="2"/><T126/><D126/><U109/><E109/><V24/><F31/><W87/><G87/><T8/><D86/><U115/><E115/><V78/><F78/><W26/><G26/><T131/><D131/><U84/><E84/><V0/><F27/><W44/><G44/><T9/><D45/><U79/><E79/><V50/><F46/><W32/><G32/><T100/><D42/><U107/><E107/><V17/><F24/><W12/><G12/><T18/><D48/><U10/><E65/><AGARI ba="0,1" hai="8,9,15,18,22,57,61,65,100,101,103" m="52495" machi="65" ten="30,2000,0" yaku="8,1,54,1" doraHai="66" who="0" fromWho="1" sc="198,30,294,-20,360,0,138,0" owari="228,-17.0,274,7.0,360,46.0,138,-36.0" />
</Scene>
</mjloggm>