<mjloggm ver="2.3"><GO type="169" lobby="0"/><UN n0="%6E%6E%6E%6E%6E%6E" n1="%E5%8E%9F%E5%AE%BF%E3%82%B8%E3%82%A7%E3%83%B3%E3%83%8C" n2="%E3%81%A8%E3%81%BE%E3%81%A8%E3%81%BE%E5%90%9B" n3="%E5%A4%AA%E3%81%8F%E3%81%AA%E3%81%84%E3%81%8A" dan="17,16,16,18" rate="2138.68,2056.52,2156.87,2246.52" sx="M,M,M,M"/><TAIKYOKU oya="0"/>

<Scene>
<INIT seed="0,0,0,1,4,41" ten="250,250,250,250" oya="0" hai0="28,87,57,119,123,0,35,72,3,60,66,103,73" hai1="49,80,40,104,13,68,23,91,92,83,133,81,31" hai2="11,117,14,121,74,54,48,9,101,82,10,21,44" hai3="127,12,94,56,67,118,55,26,122,24,64,22,15"/><T105/><D123/><U116/><E104/><V58/><F121/><W124/><G122/><T43/><D119/><U95/><E68/><V130/><F130/><W106/><G106/><T29/><D87/><U75/><E75/><V18/><F117/><W113/><G118/><T33/><D29/><U65/><E65/><N who="3" m="25162" /><G113/><T7/><D43/><U97/><E133/><V42/><F101/><W59/><G94/><T2/><D7/><U53/><E40/><V132/><F132/><W88/><G88/><T30/><D30/><U61/><E61/><V62/><F74/><W99/><G99/><T50/><D50/><U120/><E95/><V5/><REACH who="2" step="1"/><F82/><REACH who="2" ten="250,250,240,250" step="2"/><W1/><G124/><T114/><D114/><U32/><E116/><V70/><F70/><W111/><G127/><T96/><D73/><U46/><E120/><V36/><F36/><W25/><G111/><T16/><D72/><U38/><E38/><V27/><AGARI ba="0,1" hai="5,9,10,11,14,18,21,27,42,44,48,54,58,62" machi="27" ten="20,8000,1" yaku="1,1,0,1,7,1,8,1,52,1,53,0" doraHai="41" doraHaiUra="129" who="2" fromWho="2" sc="250,-40,250,-20,240,90,250,-20" />
</Scene>
<Scene>
<INIT seed="1,0,0,3,4,50" ten="210,230,330,230" oya="1" hai0="108,114,93,4,87,115,63,23,110,11,1,3,60" hai1="89,101,83,82,53,29,72,88,125,36,76,57,117" hai2="8,86,38,41,46,27,13,65,35,73,112,68,128" hai3="130,9,123,98,20,119,96,129,126,17,78,69,116"/><U109/><E36/><V37/><F73/><W100/><G69/><T111/><D87/><U45/><E117/><N who="3" m="45130" /><G123/><T24/><D93/><U127/><E45/><V99/><F112/><N who="0" m="43050" /><D1/><U81/><E29/><AGARI ba="0,0" hai="3,4,11,23,24,29,60,63,108,110,111" m="43050" machi="29" ten="40,1300,0" yaku="14,1" doraHai="50" who="0" fromWho="1" sc="210,13,230,-13,330,0,230,0" />
</Scene>
<Scene>
<INIT seed="2,0,0,0,2,59" ten="223,217,330,230" oya="2" hai0="30,35,33,78,51,84,43,116,3,45,23,133,1" hai1="2,46,0,47,11,76,41,34,20,60,98,42,44" hai2="85,104,58,110,56,55,53,132,97,80,135,128,79" hai3="6,127,73,24,83,13,93,18,27,4,91,124,26"/><V48/><F128/><W122/><G73/><T126/><D133/><U89/><E34/><V100/><REACH who="2" step="1"/><F110/><REACH who="2" ten="223,217,320,230" step="2"/><W102/><G127/><T129/><D126/><U5/><E76/><V111/><F111/><W32/><G124/><T8/><D129/><U96/><E0/><V112/><F112/><W62/><G122/><T63/><D1/><U9/><E9/><V69/><F69/><W31/><G32/><T52/><D116/><U114/><E114/><V7/><F7/><W57/><G4/><T17/><D8/><U118/><E118/><V39/><F39/><W107/><G6/><T68/><D68/><U37/><E37/><V67/><F67/><W125/><G125/><T64/><D3/><U87/><E20/><V115/><F115/><W66/><G66/><T106/><D64/><U113/><E113/><V54/><F54/><W22/><G22/><T65/><D65/><U77/><E77/><V40/><F40/><W103/><G31/><T101/><D35/><U120/><E120/><V134/><F134/><W28/><G28/><T49/><D33/><U38/><E38/><V81/><F81/><W16/><G83/><T10/><D10/><U99/><REACH who="1" step="1"/><E60/><AGARI ba="0,1" hai="48,53,55,56,58,60,79,80,85,97,100,104,132,135" machi="60" ten="40,3900,0" yaku="1,1,52,1,53,0" doraHai="59" doraHaiUra="86" who="2" fromWho="1" sc="223,0,217,-39,320,49,230,0" />
</Scene>
<Scene>
<INIT seed="2,1,0,3,3,15" ten="223,178,369,230" oya="2" hai0="78,112,84,10,8,43,133,28,95,77,109,90,53" hai1="61,97,4,19,98,87,125,72,25,24,12,83,63" hai2="132,21,40,52,29,70,82,35,57,20,131,94,14" hai3="104,124,27,101,37,30,89,71,80,120,0,26,3"/><V93/><F70/><W99/><G26/><N who="1" m="10346" /><E72/><V59/><F35/><W130/><G120/><T114/><D109/><U91/><E4/><V107/><F107/><W33/><G37/><T54/><D28/><U38/><E38/><V96/><F40/><W105/><G105/><T85/><D133/><U31/><E31/><V16/><F131/><W121/><G121/><T9/><D43/><U5/><E5/><V135/><F29/><W103/><G103/><T13/><D13/><U39/><E39/><V86/><F59/><W45/><G45/><T55/><REACH who="0" step="1"/><D85/><REACH who="0" ten="213,178,369,230" step="2"/><U100/><E125/><V129/><F129/><W79/><G124/><T67/><D67/><U118/><E118/><V46/><F135/><W51/><G130/><T123/><D123/><U49/><E49/><N who="2" m="30863" /><F132/><W32/><G51/><T64/><D64/><U102/><E102/><V65/><F65/><W111/><G33/><T88/><D88/><U1/><E100/><V60/><F86/><W119/><G119/><T108/><D108/><U58/><E1/><V18/><F60/><N who="1" m="23113" /><E58/><V106/><F14/><W134/><G134/><T17/><D17/><U69/><E69/><V115/><F18/><W48/><G71/><T116/><D116/><U76/><E76/><AGARI ba="1,1" hai="8,9,10,53,54,55,76,77,78,84,90,95,112,114" machi="76" ten="40,8000,1" yaku="1,1,53,3" doraHai="15" doraHaiUra="50" who="0" fromWho="1" sc="213,93,178,-83,369,0,230,0" />
</Scene>
<Scene>
<INIT seed="3,0,0,2,3,8" ten="306,95,369,230" oya="3" hai0="120,33,22,121,15,20,61,72,115,133,122,17,14" hai1="52,93,131,132,128,116,97,87,118,42,123,79,119" hai2="129,90,74,58,130,69,67,106,21,101,23,49,26" hai3="53,41,44,32,30,2,43,11,56,77,78,28,98"/><W48/><G32/><T81/><D61/><U92/><E42/><V5/><F74/><W35/><G35/><T107/><D107/><U50/><E123/><V31/><F5/><W124/><G124/><T12/><D133/><U0/><E0/><V82/><F69/><W40/><G2/><T109/><D109/><U86/><E132/><V100/><F21/><N who="0" m="8298" /><D72/><U83/><E52/><N who="2" m="32015" /><F67/><W127/><G127/><T54/><D54/><U36/><E50/><V59/><F59/><W4/><G98/><T62/><D62/><U18/><E18/><V19/><F31/><N who="3" m="11819" /><G4/><T27/><D81/><U88/><E36/><V38/><F106/><W16/><G56/><T85/><D85/><U84/><E86/><N who="2" m="50519" /><F38/><W24/><G24/><T135/><D135/><U63/><REACH who="1" step="1"/><E63/><REACH who="1" ten="306,85,369,230" step="2"/><V66/><F66/><W105/><G105/><T68/><D33/><U37/><E37/><V112/><F112/><W110/><G110/><T6/><D115/><U13/><E13/><AGARI ba="0,1" hai="11,13,16,40,41,43,44,48,53,77,78" m="11819" machi="13" ten="30,5800,0" yaku="8,1,52,1,54,1" doraHai="8" who="3" fromWho="1" sc="306,0,85,-58,369,0,230,68" />
</Scene>
<Scene>
<INIT seed="3,1,0,5,1,90" ten="306,27,369,298" oya="3" hai0="80,6,0,49,55,20,96,7,4,58,124,3,34" hai1="33,106,79,26,78,105,8,133,59,99,28,19,36" hai2="22,111,9,15,77,101,29,76,52,91,130,53,38" hai3="113,43,27,18,125,12,118,57,63,89,86,37,60"/><W21/><G113/><T64/><D34/><U2/><E36/><V24/><F111/><W104/><G118/><T121/><D121/><U13/><E133/><V25/><F38/><W50/><G104/><T16/><D124/><U112/><E112/><V110/><F110/><W41/><G125/><T119/><D119/><U92/><E106/><V40/><F40/><W70/><G37/><T102/><D80/><U88/><E105/><V75/><F101/><W131/><G131/><T73/><D73/><U98/><E59/><V69/><F69/><W82/><G70/><T126/><D64/><U117/><E117/><V128/><F25/><W85/><G50/><T135/><D135/><U10/><E99/><V17/><F91/><W83/><G27/><T84/><D84/><U134/><E134/><V72/><F72/><W32/><G32/><T23/><D23/><U100/><E100/><V107/><F107/><W94/><G82/><T66/><D66/><U68/><E68/><V116/><F116/><W46/><G46/><T132/><D132/><U5/><AGARI ba="1,0" hai="2,5,8,10,13,19,26,28,33,78,79,88,92,98" machi="5" ten="30,4000,0" yaku="0,1,52,1,54,1" doraHai="90" who="1" fromWho="1" sc="306,-11,27,43,369,-11,298,-21" />
</Scene>
<Scene>
<INIT seed="4,0,0,0,1,86" ten="295,70,358,277" oya="0" hai0="20,36,77,117,134,11,1,7,104,66,107,27,2" hai1="26,64,13,38,95,130,70,19,22,111,72,87,126" hai2="78,24,101,81,74,9,106,82,102,8,128,14,46" hai3="131,85,42,110,91,35,21,45,118,32,71,133,90"/><T43/><D117/><U31/><E72/><V93/><F128/><W34/><G118/><T75/><D1/><U113/><E111/><V80/><F106/><W52/><G110/><T115/><D66/><U94/><E38/><V49/><F24/><W88/><G71/><T121/><D121/><U135/><E130/><V33/><F33/><W3/><G131/><T79/><D115/><U89/><E113/><V127/><F127/><W120/><G3/><T12/><D12/><U76/><E126/><V58/><F58/><W15/><G120/><T59/><D59/><U57/><E76/><V5/><F9/><W23/><G133/><T119/><D134/><U114/><E70/><V132/><F132/><W30/><G30/><N who="0" m="17767" /><D79/><U40/><E114/><V4/><F4/><W103/><G103/><T6/><D6/><U96/><E40/><V108/><F108/><W73/><G73/><T60/><D60/><N who="1" m="37903" /><E135/><V29/><F29/><W25/><G15/><T65/><D65/><U62/><E62/><V56/><F56/><W129/><G129/><T67/><D67/><U109/><E109/><V125/><F125/><W17/><G23/><T68/><D68/><U100/><E13/><V123/><F123/><W48/><REACH who="3" step="1"/><G42/><REACH who="3" ten="295,70,358,267" step="2"/><T18/><D119/><U53/><E19/><V84/><F74/><W54/><G54/><AGARI ba="0,1" hai="22,26,31,53,54,87,89,94,95,96,100" m="37903" machi="54" ten="30,3900,0" yaku="25,1,8,1,52,1" doraHai="86" who="1" fromWho="3" sc="295,0,70,49,358,0,267,-39" />
</Scene>
<Scene>
<INIT seed="5,0,0,5,5,81" ten="295,119,358,228" oya="1" hai0="99,62,111,87,10,55,66,135,75,71,80,117,9" hai1="3,33,77,107,93,13,2,34,60,56,121,25,57" hai2="11,21,67,90,112,6,63,129,47,26,134,59,36" hai3="113,37,95,38,124,64,65,122,46,73,17,32,20"/><U49/><E107/><V114/><F134/><W101/><G122/><T92/><D111/><U130/><E121/><V15/><F129/><W82/><G32/><T105/><D117/><U19/><E77/><V126/><F126/><W106/><G106/><T69/><D69/><U89/><E130/><V58/><F36/><W22/><G101/><T48/><D75/><U78/><E78/><V5/><F47/><W68/><G95/><T61/><D61/><U74/><E74/><V133/><F133/><W123/><G123/><T54/><D135/><U119/><E119/><V108/><F108/><W40/><G73/><T76/><D55/><N who="1" m="31855" /><E33/><V103/><F103/><W30/><G82/><T23/><D23/><N who="1" m="11759" /><E25/><V0/><F0/><W120/><G120/><T104/><D104/><U43/><E34/><V51/><F5/><W132/><G132/><T39/><D39/><U18/><E18/><V29/><F112/><W31/><G113/><T83/><D105/><U72/><E43/><V28/><F28/><W27/><G124/><T100/><REACH who="0" step="1"/><D83/><REACH who="0" ten="285,119,358,228" step="2"/><U85/><E72/><V14/><F114/><W88/><G68/><T96/><D96/><U127/><E127/><V79/><F63/><W97/><G38/><T98/><D98/><U12/><E12/><V116/><F15/><W1/><G22/><T86/><D86/><U35/><E35/><V42/><F116/><W45/><G20/><T70/><D70/><U128/><E128/><V91/><F21/><W24/><G37/><T94/><D94/><U110/><E110/><V53/><F14/><W52/><G97/><T8/><D8/><RYUUKYOKU ba="0,1" sc="285,15,119,15,358,-15,228,-15" hai0="9,10,48,54,62,66,71,76,80,87,92,99,100" hai1="2,3,57,60,85,89,93" />
</Scene>
<Scene>
<INIT seed="5,1,1,3,1,41" ten="300,134,343,213" oya="1" hai0="122,65,86,4,74,48,98,118,20,62,40,3,44" hai1="32,97,53,103,0,61,68,85,7,57,129,135,100" hai2="69,15,104,134,22,78,113,26,54,60,125,91,88" hai3="42,30,89,67,128,114,52,12,130,102,76,64,49"/><U99/><E32/><V33/><F104/><W23/><G114/><T50/><D118/><U39/><E39/><V56/><F33/><W43/><G102/><T70/><D74/><U121/><E121/><V8/><F125/><W107/><G107/><T109/><D109/><U81/><E129/><N who="3" m="49770" /><G76/><T120/><D98/><U36/><E36/><V110/><F110/><W47/><G89/><T83/><D20/><U2/><E68/><V9/><F78/><W75/><G75/><T133/><D133/><U14/><E135/><V108/><F108/><W34/><G34/><T58/><D58/><U84/><E84/><V115/><F69/><W94/><G94/><T35/><D35/><U5/><E0/><V13/><F8/><W106/><G106/><T101/><D101/><N who="1" m="38987" /><E2/><V92/><F134/><W19/><G30/><T126/><D126/><U127/><E127/><V90/><F92/><W21/><G21/><T112/><D112/><N who="2" m="43082" /><F9/><W59/><G43/><T27/><D3/><U132/><E132/><V72/><F72/><W45/><G45/><N who="0" m="25639" /><D4/><N who="1" m="1611" /><E14/><V79/><F79/><AGARI ba="1,1" hai="53,57,61,79,81,85,97,99" m="1611,38987" machi="79" ten="30,1500,0" yaku="8,1" doraHai="41" who="1" fromWho="2" sc="300,0,134,28,343,-18,213,0" />
</Scene>
<Scene>
<INIT seed="5,2,0,2,5,35" ten="300,162,325,213" oya="1" hai0="133,60,20,124,100,26,70,91,93,104,127,116,81" hai1="110,111,134,82,101,64,33,38,45,25,88,109,13" hai2="68,73,7,83,12,4,10,6,0,55,87,131,31" hai3="47,43,67,65,58,39,76,121,21,34,19,92,37"/><U105/><E64/><V8/><F68/><W11/><G34/><T57/><D70/><U99/><E134/><V132/><F132/><W17/><G121/><T120/><D133/><U40/><E13/><V48/><F73/><W126/><G126/><T106/><D100/><U84/><E25/><V108/><F131/><W80/><G39/><T96/><D116/><U69/><E33/><V118/><F118/><W125/><G125/><N who="0" m="48203" /><D81/><U95/><REACH who="1" step="1"/><E69/><REACH who="1" ten="300,152,325,213" step="2"/><V42/><F12/><W130/><G65/><N who="0" m="39055" /><D120/><U1/><E1/><V15/><F0/><W22/><G67/><T98/><D98/><U97/><E97/><V102/><F15/><W14/><G14/><T23/><D23/><U114/><E114/><V2/><F2/><W90/><G21/><T46/><D46/><U59/><E59/><V103/><F8/><W52/><G11/><T135/><D135/><U36/><E36/><V85/><F10/><W61/><G22/><T56/><D56/><U28/><E28/><AGARI ba="2,1" hai="20,26,28,91,93,96,104,106" m="39055,48203" machi="28" ten="30,1000,0" yaku="18,1" doraHai="35" who="0" fromWho="1" sc="300,26,152,-16,325,0,213,0" />
</Scene>
<Scene>
<INIT seed="6,0,0,0,3,3" ten="326,136,325,213" oya="2" hai0="83,17,62,86,4,68,116,109,84,118,102,14,41" hai1="56,45,122,43,40,25,52,61,79,51,19,63,73" hai2="65,85,127,15,67,29,46,24,22,50,101,75,23" hai3="74,2,121,98,77,112,108,125,8,7,78,70,31"/><V42/><F75/><W96/><G121/><T130/><D109/><U100/><E122/><V76/><F127/><W54/><G108/><T91/><D102/><U99/><E73/><V48/><F101/><W26/><G70/><T81/><D41/><U103/><E79/><V106/><F106/><W27/><G125/><T33/><D33/><U120/><E103/><V129/><F129/><W11/><G54/><T97/><D97/><U113/><E120/><V124/><F124/><W95/><G112/><T115/><D115/><U71/><E71/><V114/><F114/><W57/><G57/><T28/><D28/><U21/><E113/><V94/><F50/><W69/><G69/><T16/><D62/><U38/><REACH who="1" step="1"/><E40/><REACH who="1" ten="326,126,325,213" step="2"/><V90/><F76/><W37/><G74/><T72/><D72/><U66/><E66/><V88/><F90/><W34/><G77/><T64/><D64/><U12/><E12/><V123/><F123/><W82/><G78/><T89/><D68/><U1/><E1/><V87/><F67/><W44/><G2/><T126/><D126/><U80/><E80/><V110/><F65/><W60/><G82/><T105/><D130/><U32/><E32/><V6/><F110/><W135/><G34/><T132/><D14/><U117/><E117/><V133/><F15/><W49/><G95/><AGARI ba="0,1" hai="19,21,25,38,43,45,51,52,56,61,63,95,99,100" machi="95" ten="30,3900,0" yaku="1,1,7,1,54,1,53,0" doraHai="3" doraHaiUra="107" who="1" fromWho="3" sc="326,0,126,49,325,0,213,-39" />
</Scene>
<Scene>
<INIT seed="7,0,0,5,0,30" ten="326,175,325,174" oya="3" hai0="107,6,102,32,9,97,112,66,98,68,114,100,56" hai1="65,20,82,13,35,64,115,54,128,87,72,33,111" hai2="17,41,84,78,123,53,133,71,46,10,1,105,127" hai3="89,80,77,50,61,130,39,49,113,55,29,131,27"/><W62/><G39/><T63/><D56/><U95/><E111/><V15/><F105/><W116/><G116/><T96/><D32/><U106/><E106/><V19/><F71/><W108/><G89/><T60/><D60/><U57/><E72/><V118/><F1/><W3/><G3/><T22/><D22/><U45/><E45/><V129/><F123/><W59/><G108/><T37/><D37/><U103/><E128/><N who="3" m="49194" /><G62/><T90/><D90/><N who="1" m="51575" /><E35/><V4/><F118/><W117/><G117/><T75/><D75/><U110/><E33/><V44/><F129/><W7/><G7/><T122/><D122/><U47/><E47/><V51/><F133/><W43/><G43/><T79/><D79/><U42/><E115/><N who="0" m="44073" /><D107/><U14/><E42/><V34/><F34/><N who="3" m="20799" /><G113/><T83/><D83/><U101/><E110/><V86/><F78/><W67/><G67/><N who="1" m="25674" /><E103/><V24/><F4/><W94/><G94/><T2/><AGARI ba="0,0" hai="2,6,9,63,66,68,96,97,98,100,102" m="44073" machi="2" ten="30,2000,0" yaku="15,1,11,1" doraHai="30" who="0" fromWho="0" sc="326,20,175,-5,325,-5,174,-10" owari="346,45.0,170,-23.0,320,12.0,164,-34.0" />
</Scene>
</mjloggm>