<mjloggm ver="2.3"><GO type="169" lobby="0"/><UN n0="%E5%A4%AA%E3%81%8F%E3%81%AA%E3%81%84%E3%81%8A" n1="%E7%B4%85%E3%81%84%E7%9E%B3%E3%81%AE%E6%AD%A6%E4%B8%B8" n2="%E3%81%A0%E3%81%A3%E3%81%A6%E3%81%84%E3%81%86" n3="%54%61%6E%70%61%61%63%68" dan="17,16,17,16" rate="2163.72,2116.48,2124.35,2079.45" sx="M,M,F,M"/><TAIKYOKU oya="0"/>

<Scene>
<INIT seed="0,0,0,1,3,9" ten="250,250,250,250" oya="0" hai0="104,119,70,113,127,15,17,19,105,75,72,38,14" hai1="109,115,28,110,18,66,20,96,76,116,35,130,132" hai2="97,91,103,82,74,27,123,33,94,107,87,86,22" hai3="39,60,21,1,120,58,44,6,65,10,37,68,12"/><T111/><D38/><U134/><E66/><V83/><F33/><W16/><G120/><T62/><D113/><U40/><E40/><V81/><F27/><W5/><G5/><T31/><D119/><U112/><E76/><N who="2" m="44183" /><F22/><W106/><G106/><T126/><D62/><U71/><E96/><N who="2" m="61927" /><F123/><W99/><G99/><T3/><D111/><N who="1" m="42507" /><E130/><V122/><F122/><W36/><REACH who="3" step="1"/><G68/><REACH who="3" ten="250,250,250,240" step="2"/><T8/><D70/><U101/><E71/><V47/><F47/><AGARI ba="0,1" hai="1,6,10,12,16,21,36,37,39,44,47,58,60,65" machi="47" ten="40,12000,2" yaku="1,1,2,1,52,1,54,1,53,2" doraHai="9" doraHaiUra="42" who="3" fromWho="2" sc="250,0,250,0,250,-120,240,130" />
</Scene>
<Scene>
<INIT seed="1,0,0,4,1,89" ten="250,250,130,370" oya="1" hai0="11,115,64,59,74,49,24,14,71,131,6,80,26" hai1="121,111,60,91,2,124,129,97,102,30,55,103,45" hai2="109,16,98,86,47,31,7,83,76,127,116,90,96" hai3="93,92,110,77,126,39,135,41,120,132,63,114,12"/><U94/><E121/><V36/><F116/><W61/><G120/><T54/><D115/><U112/><E112/><V78/><F127/><W95/><G114/><T50/><D131/><U43/><E2/><V5/><F109/><W0/><G0/><T133/><D133/><N who="3" m="51273" /><G110/><T25/><D71/><U113/><E113/><V88/><F31/><W108/><G108/><T35/><D64/><U38/><E124/><V82/><F36/><W4/><G77/><T105/><D105/><U42/><E129/><V107/><F47/><N who="3" m="23999" /><G126/><T20/><D35/><U10/><E111/><V17/><F107/><W65/><G65/><T33/><D33/><U104/><E43/><V81/><F81/><W53/><G53/><N who="0" m="32175" /><D74/><U99/><E30/><V123/><F123/><W100/><G100/><T27/><D80/><U128/><E128/><V52/><F52/><W3/><G3/><T79/><D79/><U69/><E10/><AGARI ba="0,0" hai="4,10,12,61,63,92,93,95" m="23999,51273" machi="10" ten="30,7700,0" yaku="20,1,52,3" doraHai="89" who="3" fromWho="1" sc="250,0,250,-77,130,0,370,77" />
</Scene>
<Scene>
<INIT seed="2,0,0,5,0,110" ten="250,173,130,447" oya="2" hai0="7,31,106,52,10,26,117,45,115,61,13,49,90" hai1="46,71,24,104,119,65,99,80,112,22,38,86,133" hai2="91,47,81,79,63,124,9,82,131,14,134,48,97" hai3="17,20,83,35,39,33,30,121,21,29,74,105,102"/><V11/><F131/><W56/><G39/><T126/><D126/><U12/><E119/><V25/><F124/><W130/><G121/><T6/><D117/><U128/><E128/><V94/><F134/><W78/><G56/><T120/><D120/><U68/><E133/><V34/><F11/><W37/><G37/><T96/><D115/><U107/><E112/><V27/><F63/><W28/><G130/><T44/><D61/><U51/><E12/><V60/><F60/><W58/><G58/><T123/><D123/><U95/><E38/><V3/><F3/><W109/><G109/><T122/><D122/><U88/><E65/><V42/><F34/><W15/><G21/><N who="0" m="15823" /><D106/><U116/><E116/><V101/><F101/><W118/><G118/><T75/><D75/><U113/><E113/><V40/><F40/><W67/><G67/><T62/><D62/><U64/><E64/><V93/><F93/><W103/><G103/><T89/><D45/><U73/><E73/><V8/><F8/><W114/><G114/><T129/><D129/><U77/><E71/><V0/><F0/><W59/><G59/><T54/><D54/><U72/><E72/><V92/><F92/><W98/><AGARI ba="0,0" hai="15,17,20,28,29,30,33,35,74,78,83,98,102,105" machi="98" ten="30,1100,0" yaku="0,1" doraHai="110" who="3" fromWho="3" sc="250,-3,173,-3,130,-5,447,11" />
</Scene>
<Scene>
<INIT seed="3,0,0,2,5,102" ten="247,170,125,458" oya="3" hai0="58,34,16,1,44,66,65,23,112,106,121,90,70" hai1="27,107,122,51,7,129,103,9,10,20,8,86,108" hai2="78,114,96,62,0,5,64,21,41,101,110,116,13" hai3="6,63,25,80,88,17,135,3,97,84,48,38,131"/><W56/><G38/><T79/><D121/><U91/><E122/><V117/><F114/><W28/><G131/><T69/><D34/><U43/><E129/><V29/><F110/><W76/><G135/><T72/><D1/><U68/><E68/><V61/><F0/><W18/><G48/><T52/><D112/><U55/><E43/><V40/><F78/><W120/><G120/><T89/><D44/><U128/><E108/><V33/><F62/><W22/><G6/><T24/><D106/><U59/><E128/><V94/><F117/><W105/><G3/><T37/><D37/><U118/><E118/><V93/><F93/><W130/><G130/><T19/><D72/><U42/><E42/><V39/><F39/><W77/><G76/><T132/><D79/><U134/><E134/><V98/><F98/><W60/><G60/><N who="0" m="35911" /><D70/><U82/><E7/><V12/><F33/><W75/><G75/><T104/><D104/><U32/><E32/><V35/><F35/><W57/><G57/><T133/><D69/><U124/><E124/><V109/><F109/><W100/><REACH who="3" step="1"/><G77/><REACH who="3" ten="247,170,125,448" step="2"/><T31/><D133/><U67/><E59/><V49/><F49/><W113/><G113/><T36/><D36/><U99/><E51/><V2/><F116/><W127/><G127/><T92/><D132/><U125/><E125/><V115/><F115/><W119/><G119/><T45/><D45/><U26/><E67/><AGARI ba="0,1" hai="17,18,22,25,28,56,63,67,80,84,88,97,100,105" machi="67" ten="30,11600,0" yaku="1,1,7,1,52,1,54,1,53,0" doraHai="102" doraHaiUra="30" who="3" fromWho="1" sc="247,0,170,-116,125,0,448,126" />
</Scene>
<Scene>
<INIT seed="3,1,0,5,2,84" ten="247,54,125,574" oya="3" hai0="46,81,4,39,131,97,40,112,74,108,100,67,5" hai1="15,62,33,95,70,0,73,111,68,86,49,101,133" hai2="13,43,116,38,22,41,48,16,17,118,27,114,115" hai3="2,14,71,66,36,94,25,91,135,7,28,130,134"/><W32/><G36/><T104/><D108/><U79/><E0/><V76/><F38/><W89/><G130/><T117/><D117/><U47/><E33/><V10/><F76/><W34/><G34/><T6/><D131/><U44/><E44/><V50/><F116/><W127/><G2/><T3/><D67/><U26/><E26/><V65/><F118/><W99/><G127/><T125/><D112/><U35/><E73/><V106/><F106/><W88/><G66/><T113/><D113/><U93/><E133/><N who="3" m="50698" /><G71/><T8/><D125/><U51/><E70/><V80/><F65/><W85/><G85/><T31/><D31/><U72/><E86/><V12/><F80/><W58/><G58/><T96/><D96/><U83/><E35/><V102/><F102/><W37/><G37/><T90/><D90/><U23/><E83/><V1/><F1/><W56/><G56/><T110/><D110/><U45/><E68/><V18/><F115/><W30/><G30/><T21/><D21/><U120/><E23/><N who="2" m="11663" /><F114/><W20/><G20/><T92/><REACH who="0" step="1"/><D104/><REACH who="0" ten="237,54,125,574" step="2"/><U78/><E111/><V69/><F69/><W64/><G64/><T132/><D132/><U124/><E124/><V109/><F109/><W105/><G105/><T119/><D119/><U98/><E98/><V19/><F22/><W60/><G60/><T29/><D29/><U107/><E62/><V123/><F27/><W122/><G122/><T82/><D82/><U75/><E120/><V52/><F123/><W63/><G63/><T87/><D87/><U128/><E107/><V24/><F24/><W55/><G99/><RYUUKYOKU ba="1,1" sc="237,30,54,-10,125,-10,574,-10" hai0="3,4,5,6,8,39,40,46,74,81,92,97,100" />
</Scene>
<Scene>
<INIT seed="4,2,1,0,1,50" ten="267,44,115,564" oya="0" hai0="48,94,70,15,111,110,89,115,100,101,0,102,54" hai1="28,75,27,13,104,85,133,80,19,51,8,96,126" hai2="130,31,118,95,69,121,20,73,46,52,106,68,29" hai3="74,83,4,66,93,58,36,131,57,41,3,35,39"/><T124/><D0/><U25/><E75/><V127/><F121/><W79/><G35/><T10/><D70/><U17/><E126/><V60/><F106/><W62/><G131/><T38/><D38/><U72/><E72/><V91/><F73/><W128/><G93/><T43/><D43/><U134/><E19/><V63/><F130/><W123/><G123/><T122/><D122/><U37/><E37/><V90/><F127/><W67/><G128/><T120/><D115/><U82/><E82/><V77/><F77/><W45/><G36/><T105/><D105/><U24/><E28/><V116/><F20/><W87/><G87/><T109/><D124/><U65/><E65/><N who="3" m="24586" /><G62/><T129/><D129/><U125/><E125/><V49/><F95/><W6/><G6/><N who="0" m="3543" /><D120/><U92/><E104/><V114/><F114/><W40/><G40/><T113/><D113/><U61/><E61/><V1/><F1/><W86/><G86/><N who="0" m="52535" /><D101/><U107/><E107/><V99/><F68/><W7/><G7/><T84/><D84/><U112/><E112/><V33/><F69/><W119/><G119/><T98/><D98/><U14/><E96/><V34/><F99/><W78/><G79/><T55/><D102/><U26/><E92/><V30/><F33/><W53/><G78/><T56/><D100/><U12/><E85/><V18/><F34/><W11/><G74/><T117/><D117/><U23/><E80/><V81/><F81/><W88/><G88/><N who="2" m="33833" /><F118/><W108/><G83/><T103/><D103/><U2/><E2/><V71/><F116/><W5/><G3/><T132/><D132/><RYUUKYOKU ba="2,1" sc="267,30,44,-10,115,-10,564,-10" hai0="48,54,55,56,109,110,111" />
</Scene>
<Scene>
<INIT seed="4,3,1,1,5,7" ten="297,34,105,554" oya="0" hai0="0,62,52,133,19,134,53,112,15,20,129,58,5" hai1="30,89,16,105,78,80,87,50,72,1,108,9,42" hai2="64,79,104,23,119,63,135,90,4,118,60,94,81" hai3="36,41,111,116,8,27,70,28,18,74,96,39,32"/><T107/><D107/><U49/><E108/><V77/><F104/><W40/><G111/><T98/><D98/><U109/><E109/><V12/><F135/><N who="0" m="51722" /><D112/><U120/><E120/><V84/><F77/><W10/><G74/><T123/><D123/><U110/><E110/><V46/><F46/><W95/><G70/><T125/><D125/><U13/><E105/><V54/><F54/><W76/><G76/><T51/><D129/><U100/><E100/><V34/><F34/><W48/><G116/><N who="2" m="44585" /><F64/><W21/><G39/><T85/><D85/><U43/><E30/><V115/><F115/><W73/><G73/><T17/><D17/><U131/><E131/><V31/><F31/><W75/><G75/><T22/><D22/><U130/><E130/><V6/><F23/><N who="3" m="15487" /><G36/><T122/><D122/><U65/><E65/><V56/><F56/><W38/><G38/><T3/><D5/><U59/><E1/><V92/><F4/><W2/><G2/><T117/><D117/><U55/><REACH who="1" step="1"/><E49/><REACH who="1" ten="297,24,105,554" step="2"/><V101/><F101/><N who="3" m="60575" /><G48/><T14/><D0/><U24/><E24/><V68/><F68/><W93/><G32/><T45/><D3/><U61/><E61/><N who="2" m="23627" /><F12/><AGARI ba="3,2" hai="12,14,15,19,20,45,51,52,53,58,62" m="51722" machi="12" ten="30,2900,0" yaku="20,1,54,1" doraHai="7" who="0" fromWho="2" sc="297,58,24,0,105,-38,554,0" />
</Scene>
<Scene>
<INIT seed="4,4,0,5,2,20" ten="355,24,67,554" oya="0" hai0="95,41,78,44,123,77,47,14,2,112,127,18,121" hai1="128,61,76,110,88,132,10,29,129,38,35,108,91" hai2="1,28,32,16,11,42,43,84,8,90,12,122,104" hai3="93,63,54,126,83,26,116,133,82,6,49,105,74"/><T25/><D2/><U39/><E132/><V109/><F104/><W19/><G105/><T53/><D112/><U89/><E61/><V52/><F109/><N who="1" m="42089" /><E10/><N who="2" m="6167" /><F32/><W86/><G116/><T67/><D67/><U75/><E76/><V102/><F1/><W34/><G126/><T15/><D127/><U113/><E75/><V4/><F102/><W118/><G34/><T97/><D53/><U9/><E9/><N who="2" m="3659" /><F4/><W56/><G74/><T81/><D123/><U62/><E62/><V85/><F85/><W119/><G6/><T106/><D121/><U50/><E50/><V64/><F64/><W94/><G133/><T99/><D106/><U134/><E134/><V115/><F115/><W30/><G30/><T17/><D95/><N who="3" m="36361" /><G118/><T23/><D81/><N who="3" m="30729" /><G86/><T92/><D92/><U96/><E113/><V48/><F122/><W59/><G119/><T71/><D23/><U7/><E7/><V31/><F90/><W0/><G0/><T79/><D79/><U135/><E135/><V87/><F87/><W37/><G37/><N who="1" m="13834" /><E29/><N who="2" m="11339" /><F84/><W45/><G63/><T5/><D5/><U120/><E120/><V55/><F55/><W46/><G45/><AGARI ba="4,0" hai="42,43,45,48,52" m="11339,3659,6167" machi="45" ten="30,3900,0" yaku="8,1,54,2" doraHai="20" who="2" fromWho="3" sc="355,0,24,0,67,51,554,-51" />
</Scene>
<Scene>
<INIT seed="5,0,0,5,1,87" ten="355,24,118,503" oya="1" hai0="79,62,55,120,36,93,22,27,3,123,72,110,105" hai1="1,73,13,35,89,134,43,130,97,104,0,25,20" hai2="76,83,40,80,31,59,18,108,17,103,6,94,74" hai3="39,10,122,96,58,119,12,125,30,77,4,81,113"/><U21/><E73/><V65/><F108/><W82/><G122/><T57/><D105/><U121/><E121/><V64/><F40/><W90/><G39/><T118/><D110/><U67/><E35/><V101/><F31/><W107/><G125/><T42/><D3/><U112/><E112/><V41/><F41/><W124/><G113/><T117/><D117/><U98/><E67/><V100/><F6/><W116/><G124/><T85/><D118/><N who="3" m="45097" /><G30/><T132/><D72/><U51/><E130/><V70/><F59/><W45/><G45/><T44/><D132/><U2/><E134/><V102/><F94/><N who="3" m="56407" /><G107/><T24/><D24/><U86/><E104/><V128/><F103/><W16/><G58/><T135/><D135/><U11/><E51/><V111/><F111/><W63/><G63/><T95/><D123/><U38/><E43/><V46/><F46/><W5/><G81/><T71/><D120/><U106/><E38/><V99/><F83/><W54/><G54/><T49/><D79/><U133/><E133/><V7/><F70/><W69/><G69/><T129/><D129/><U84/><E106/><V88/><F128/><W34/><G34/><T114/><D114/><U23/><E25/><V29/><F29/><W48/><G48/><T131/><D131/><U14/><E14/><V66/><F7/><W19/><G4/><T37/><D37/><U68/><E68/><V75/><F75/><AGARI ba="0,0" hai="5,10,12,16,19,75,77,82" m="56407,45097" machi="75" ten="30,3900,0" yaku="12,1,52,1,54,1" doraHai="87" who="3" fromWho="2" sc="355,0,24,0,118,-39,503,39" />
</Scene>
<Scene>
<INIT seed="6,0,0,5,3,34" ten="355,24,79,542" oya="2" hai0="135,8,81,17,59,118,21,42,86,122,37,112,32" hai1="12,94,113,50,82,71,6,52,36,76,120,15,56" hai2="65,134,123,109,31,1,98,126,62,101,121,80,14" hai3="68,58,41,60,7,88,3,129,104,131,96,61,66"/><V30/><F1/><W55/><G41/><T23/><D32/><U106/><E106/><V49/><F109/><W51/><G51/><T99/><D122/><U29/><E36/><V22/><F134/><W5/><G3/><T114/><D99/><U24/><E71/><V115/><F126/><W53/><G53/><T33/><D33/><U47/><E113/><V111/><F115/><W132/><G132/><T128/><D128/><N who="3" m="49225" /><G88/><T105/><D42/><U130/><E130/><V39/><F31/><W73/><G73/><T54/><D54/><U63/><E120/><V2/><F22/><W77/><G77/><T83/><D23/><U4/><E94/><V75/><F14/><W100/><AGARI ba="0,0" hai="5,7,55,58,60,61,66,68,96,100,104" m="49225" machi="100" ten="30,1100,0" yaku="19,1" doraHai="34" who="3" fromWho="3" sc="355,-3,24,-3,79,-5,542,11" />
</Scene>
<Scene>
<INIT seed="7,0,0,0,5,87" ten="352,21,74,553" oya="3" hai0="76,131,6,35,72,66,20,61,11,67,95,38,101" hai1="111,19,51,70,23,57,21,116,82,90,71,114,83" hai2="0,94,91,16,49,106,89,41,125,17,60,133,73" hai3="59,56,15,40,2,117,3,29,28,31,13,65,129"/><W54/><G65/><T74/><D35/><U126/><E111/><V103/><F73/><W9/><G59/><T130/><D38/><U64/><E114/><V12/><F0/><W105/><G56/><T84/><D20/><U50/><E126/><V55/><F125/><W93/><G54/><T123/><D123/><U92/><E116/><V58/><F133/><W53/><G93/><T112/><D112/><U5/><E5/><V27/><F106/><W18/><G53/><T86/><D101/><U102/><E102/><V34/><F34/><W63/><G63/><T128/><D76/><U69/><E23/><N who="2" m="13807" /><F103/><W124/><G40/><T100/><D100/><U42/><E64/><N who="2" m="38935" /><F94/><W26/><G9/><T62/><D95/><U121/><E121/><V4/><F4/><W30/><G28/><T88/><D130/><U79/><E42/><V1/><F1/><W36/><G15/><T104/><D6/><U39/><E39/><V52/><F41/><W115/><G115/><T24/><D11/><U110/><E110/><V33/><F33/><W45/><G18/><T122/><D122/><U78/><E78/><V120/><F120/><W81/><G26/><T80/><D24/><U32/><E32/><V98/><F98/><W46/><G45/><T47/><D104/><U8/><E8/><N who="2" m="6151" /><F55/><W107/><G46/><AGARI ba="0,0" hai="46,49,52,89,91" m="6151,38935,13807" machi="46" ten="30,8000,1" yaku="8,1,52,2,54,2" doraHai="87" who="2" fromWho="3" sc="352,0,21,0,74,80,553,-80" owari="352,15.0,21,-48.0,154,-25.0,473,58.0" />
</Scene>
</mjloggm>