<mjloggm ver="2.3"><GO type="225" lobby="0"/><UN n0="%E3%83%9D%E3%83%AA%E6%A7%98%E3%81%AE%E5%BC%9F%E5%AD%90" n1="%E9%BA%BB%E9%9B%80%E7%89%87%E6%83%B3%E3%81%84" n2="%E4%BF%BA%E3%81%A8%E5%A6%96%E5%A4%A2" n3="%E5%A4%AA%E3%81%8F%E3%81%AA%E3%81%84%E3%81%8A" dan="17,16,16,18" rate="2196.45,2103.41,2162.08,2225.63" sx="F,M,F,M"/><TAIKYOKU oya="0"/>

<Scene>
<INIT seed="0,0,0,3,2,128" ten="250,250,250,250" oya="0" hai0="58,72,29,92,23,66,26,96,65,64,3,12,53" hai1="11,10,75,122,79,70,67,126,105,113,38,81,19" hai2="27,42,88,106,54,93,95,33,43,25,135,32,98" hai3="5,2,4,30,49,116,24,56,74,131,51,100,28"/><T46/><D72/><U6/><E122/><V80/><F106/><W134/><G116/><T77/><D3/><U76/><E126/><V16/><F80/><W129/><G74/><T120/><D120/><U62/><E113/><V48/><F32/><W21/><G100/><T78/><D12/><U36/><E76/><V47/><F33/><W130/><G30/><T87/><D46/><U44/><E19/><V52/><F135/><W101/><G101/><T50/><REACH who="0" step="1"/><D87/><REACH who="0" ten="240,250,250,250" step="2"/><U124/><E124/><V40/><F54/><N who="3" m="31823" /><G2/><T82/><D82/><U17/><E44/><V59/><F47/><W9/><G134/><T37/><D37/><U73/><E73/><V45/><F45/><W13/><G130/><T90/><AGARI ba="0,1" hai="23,26,29,50,53,58,64,65,66,77,78,90,92,96" machi="90" ten="30,6000,0" yaku="1,1,0,1,8,1,53,0" doraHai="128" doraHaiUra="31" who="0" fromWho="0" sc="240,70,250,-20,250,-20,250,-20" />
</Scene>
<Scene>
<INIT seed="0,1,0,1,4,85" ten="310,230,230,230" oya="0" hai0="34,46,48,31,33,69,92,1,42,96,128,61,133" hai1="3,126,102,80,70,49,27,6,26,39,29,45,74" hai2="2,83,107,22,135,62,122,87,64,76,28,43,111" hai3="59,113,10,68,41,54,56,12,58,114,110,125,94"/><T23/><D1/><U44/><E126/><V129/><F122/><W7/><G68/><T104/><D133/><U123/><E123/><V67/><F107/><W101/><G125/><T84/><D128/><U30/><E70/><V119/><F2/><W4/><G110/><T78/><D104/><U93/><E39/><V38/><F111/><W130/><G130/><T132/><D132/><U55/><E6/><V100/><F129/><W109/><G109/><T127/><D127/><U134/><E3/><V0/><F0/><W21/><G41/><T18/><D31/><U88/><E134/><V98/><F135/><W25/><G7/><T19/><D84/><N who="1" m="50183" /><E74/><V17/><F28/><N who="1" m="10857" /><E44/><V50/><F38/><W47/><G47/><T53/><D78/><U79/><E79/><V71/><F119/><W106/><G106/><T5/><D5/><U14/><E14/><V105/><F71/><W81/><G114/><T20/><D34/><U121/><E121/><V82/><F76/><W90/><G113/><T116/><D33/><U24/><E93/><V124/><F124/><W89/><G81/><T91/><D116/><U40/><E102/><V120/><F120/><W9/><G101/><T57/><D69/><U72/><E72/><V8/><F105/><W63/><G10/><T73/><D73/><U51/><E51/><V37/><F8/><W77/><G77/><T131/><D131/><U97/><E97/><V86/><F100/><W66/><G94/><T112/><D112/><U108/><E108/><V32/><F37/><W16/><G58/><T117/><D117/><U60/><E40/><RYUUKYOKU ba="1,0" sc="310,10,230,10,230,-30,230,10" hai0="18,19,20,23,42,46,48,53,57,61,91,92,96" hai1="24,26,27,45,49,55,60" hai3="4,9,12,16,21,25,54,56,59,63,66,89,90" />
</Scene>
<Scene>
<INIT seed="0,2,0,3,2,123" ten="320,240,200,240" oya="0" hai0="60,61,133,119,25,22,34,52,35,0,94,3,81" hai1="14,7,4,54,91,134,95,124,62,30,2,75,131" hai2="121,77,15,87,112,84,85,19,110,88,55,28,12" hai3="39,115,114,74,29,11,59,38,105,27,21,68,102"/><T13/><D119/><U116/><E116/><V118/><F121/><W83/><G59/><T9/><D133/><U16/><E75/><V41/><F118/><W70/><G21/><T89/><D81/><U40/><E124/><V56/><F112/><N who="3" m="43051" /><G11/><T63/><D52/><U76/><E76/><V43/><F28/><W78/><G27/><T37/><D37/><N who="3" m="13833" /><G29/><T129/><D129/><U31/><E40/><N who="2" m="15435" /><F110/><W98/><AGARI ba="2,0" hai="68,70,74,78,83,98,102,105" m="13833,43051" machi="98" ten="40,1500,0" yaku="23,1" doraHai="123" who="3" fromWho="3" sc="320,-9,240,-6,200,-6,240,21" />
</Scene>
<Scene>
<INIT seed="1,0,0,2,3,19" ten="311,234,194,261" oya="1" hai0="60,42,61,94,29,114,126,121,111,34,59,132,109" hai1="49,86,85,44,53,68,54,51,4,35,98,58,50" hai2="2,67,75,7,123,74,110,83,27,9,45,117,102" hai3="65,88,73,100,92,63,33,120,95,124,5,11,40"/><U46/><E35/><V134/><F117/><W90/><G73/><T47/><D114/><U135/><E135/><V93/><F123/><W103/><G33/><T115/><D115/><U13/><E68/><V16/><F134/><W32/><G32/><T133/><D126/><U89/><E98/><V6/><F110/><N who="0" m="41994" /><D121/><U62/><E85/><V130/><F130/><W119/><G40/><T129/><D129/><U99/><E99/><V24/><F67/><W127/><G119/><T0/><D0/><U52/><E4/><V91/><F102/><W31/><G31/><T112/><D94/><N who="1" m="54583" /><E13/><V43/><F6/><W36/><G36/><N who="0" m="21959" /><D61/><AGARI ba="0,0" hai="44,46,49,50,51,52,53,54,58,61,62" m="54583" machi="61" ten="30,2900,0" yaku="8,1,54,1" doraHai="19" who="1" fromWho="0" sc="311,-29,234,29,194,0,261,0" />
</Scene>
<Scene>
<INIT seed="1,1,0,4,1,33" ten="282,263,194,261" oya="1" hai0="71,99,128,49,16,0,104,67,134,133,107,100,110" hai1="39,23,132,89,24,35,94,97,120,2,77,1,17" hai2="62,44,29,42,66,27,58,76,20,98,5,123,15" hai3="83,106,36,32,30,55,131,47,54,57,103,14,64"/><U6/><E120/><V126/><F123/><W122/><G122/><T121/><D121/><RYUUKYOKU type="kaze4" ba="1,0" sc="282,0,263,0,194,0,261,0" />
</Scene>
<Scene>
<INIT seed="1,2,0,3,5,107" ten="282,263,194,261" oya="1" hai0="16,28,135,127,102,49,63,44,70,126,0,13,114" hai1="52,118,4,40,61,26,23,42,65,77,62,93,34" hai2="2,134,115,120,3,68,43,36,31,10,73,82,108" hai3="97,30,128,7,25,38,125,67,53,55,116,20,112"/><U94/><E34/><V103/><F120/><W133/><G112/><T78/><D114/><U14/><E118/><V80/><F115/><W117/><G38/><T21/><D135/><U90/><E77/><V106/><F68/><W98/><G133/><T46/><D102/><U86/><E94/><V105/><F134/><W121/><G121/><T37/><D0/><U11/><E61/><V85/><F108/><W92/><G67/><N who="0" m="41343" /><D37/><U22/><E22/><V12/><F31/><W88/><G125/><N who="0" m="47627" /><D78/><U19/><REACH who="1" step="1"/><E52/><REACH who="1" ten="282,253,194,261" step="2"/><V110/><F110/><W58/><G55/><T1/><D46/><U18/><E18/><V119/><F119/><W33/><G33/><T131/><D28/><U54/><E54/><V41/><F105/><W8/><G117/><T39/><D44/><U71/><AGARI ba="2,1" hai="4,11,14,19,23,26,40,42,62,65,71,86,90,93" machi="71" ten="20,3900,0" yaku="1,1,0,1,7,1,53,0" doraHai="107" doraHaiUra="95" who="1" fromWho="1" sc="282,-15,253,55,194,-15,261,-15" />
</Scene>
<Scene>
<INIT seed="1,3,0,3,4,42" ten="267,308,179,246" oya="1" hai0="51,120,10,21,84,104,123,106,107,135,82,132,28" hai1="109,110,98,80,1,90,62,79,64,57,131,65,128" hai2="96,5,33,105,75,86,93,59,27,122,102,69,74" hai3="91,35,31,8,58,67,118,72,38,20,39,117,119"/><U46/><E1/><V44/><F69/><W76/><G35/><T134/><D10/><U22/><E22/><V61/><F122/><N who="0" m="46634" /><D51/><U26/><E26/><V129/><F129/><N who="1" m="49737" /><E65/><V77/><F5/><W53/><G67/><T18/><D28/><U12/><E12/><V100/><F100/><W121/><G121/><T48/><D48/><U15/><E15/><V92/><F92/><W11/><G91/><N who="0" m="51607" /><D18/><U2/><E2/><V63/><F63/><N who="3" m="36303" /><G31/><T85/><D21/><U55/><E98/><V41/><F33/><W127/><G20/><T108/><D108/><N who="1" m="41579" /><E90/><V52/><F27/><W37/><G8/><T34/><D34/><U111/><E111/><V25/><F25/><W36/><G11/><T7/><D7/><U49/><E80/><V101/><F101/><W14/><G14/><T29/><D29/><U112/><E79/><V43/><F43/><W81/><N who="3" m="9728" /><DORA hai="54" /><W68/><G68/><T4/><D4/><U30/><E30/><V99/><F99/><W94/><G118/><T88/><D135/><U89/><E89/><V23/><F23/><W40/><G119/><T97/><D97/><U24/><E24/><V133/><F133/><W113/><G117/><T45/><D45/><U130/><E130/><V125/><F105/><W115/><G94/><AGARI ba="3,0" hai="85,88,94,104,106,107,132,134" m="51607,46634" machi="94" ten="40,8000,1" yaku="13,1,34,2,54,1" doraHai="42,54" who="0" fromWho="3" sc="267,89,308,0,179,0,246,-89" />
</Scene>
<Scene>
<INIT seed="2,0,0,2,1,5" ten="356,308,179,157" oya="2" hai0="15,84,109,134,101,47,60,78,33,120,53,74,111" hai1="66,8,117,125,52,25,96,51,35,112,1,100,58" hai2="48,116,69,104,2,95,6,89,44,72,59,24,131" hai3="32,13,22,121,20,129,115,23,57,50,135,27,36"/><V37/><F116/><W14/><G36/><T132/><D74/><U122/><E112/><V82/><F69/><W128/><G57/><N who="0" m="34863" /><D33/><U103/><E117/><V67/><F104/><W97/><G50/><T19/><D101/><U126/><E122/><V107/><F107/><W93/><G93/><T85/><D47/><U124/><E66/><V38/><F131/><N who="3" m="50251" /><G97/><T105/><D105/><U43/><E43/><V108/><F72/><W76/><G76/><T98/><D98/><U119/><E119/><V99/><F82/><W61/><G61/><T114/><D114/><U91/><E91/><V34/><F59/><W102/><G102/><T83/><D84/><U55/><E55/><V10/><F67/><W40/><G40/><T30/><D30/><N who="1" m="19919" /><E96/><V87/><F99/><W26/><G115/><T16/><D120/><U81/><E81/><V65/><F65/><W92/><G92/><T12/><D111/><U63/><E63/><V56/><F56/><W62/><G62/><T3/><D109/><U133/><E133/><V7/><F108/><W113/><G113/><T73/><D73/><U118/><E118/><V77/><F77/><W4/><G121/><T54/><D54/><U9/><E1/><V86/><F86/><W90/><G90/><T68/><D3/><U71/><E71/><V42/><F38/><W75/><G75/><T11/><D68/><U28/><E28/><N who="2" m="19719" /><F37/><W130/><N who="3" m="50259" /><W49/><DORA hai="41" /><G135/><T18/><D132/><U39/><E39/><V88/><F89/><W31/><G49/><T64/><D134/><U79/><E79/><V127/><F2/><RYUUKYOKU ba="0,0" sc="356,-10,308,30,179,-10,157,-10" hai1="8,9,51,52,58,100,103,124,125,126" />
</Scene>
<Scene>
<INIT seed="3,1,0,3,0,94" ten="346,338,169,147" oya="3" hai0="90,115,83,114,72,16,33,41,103,59,12,2,68" hai1="76,66,65,93,91,78,79,98,134,106,133,97,124" hai2="131,55,44,116,70,73,29,121,119,46,80,75,56" hai3="13,5,34,69,26,51,7,113,111,64,110,28,126"/><W39/><G39/><T15/><D68/><U130/><E124/><V14/><F70/><W100/><G113/><N who="0" m="43019" /><D2/><U54/><E130/><V84/><F131/><W23/><G126/><T49/><D103/><N who="1" m="62839" /><E54/><V60/><F121/><W109/><G51/><T92/><D33/><U43/><E43/><V105/><F105/><W18/><REACH who="3" step="1"/><G100/><REACH who="3" ten="346,338,169,137" step="2"/><T112/><D112/><U24/><E24/><V128/><F128/><W50/><G50/><T4/><D49/><U67/><E67/><V107/><F119/><W19/><G19/><T82/><D16/><U42/><E66/><V63/><F116/><W127/><G127/><T9/><D4/><U30/><E65/><V101/><F63/><AGARI ba="1,1" hai="5,7,13,18,23,26,28,34,63,64,69,109,110,111" machi="63" ten="40,7700,0" yaku="1,1,14,1,10,1,53,0" doraHai="94" doraHaiUra="40" who="3" fromWho="2" sc="346,0,338,0,169,-80,137,90" />
</Scene>
<Scene>
<INIT seed="3,2,0,5,4,32" ten="346,338,89,227" oya="3" hai0="29,3,40,66,134,64,10,61,129,122,126,73,75" hai1="33,27,65,98,18,79,43,6,81,57,35,48,14" hai2="25,106,1,93,53,37,102,70,68,90,107,131,85" hai3="72,95,36,4,128,108,112,21,96,30,121,56,118"/><W69/><G69/><T67/><D122/><U114/><E114/><V51/><F37/><W97/><G112/><T76/><D29/><U109/><E109/><V135/><F135/><W23/><G118/><T101/><D101/><U19/><E98/><V38/><F38/><W133/><G121/><T119/><D134/><U31/><E33/><V94/><F25/><W52/><G133/><T26/><D26/><U50/><E65/><V91/><F102/><W13/><G72/><T123/><D123/><U58/><E50/><V45/><F131/><W0/><G36/><T80/><D129/><U104/><E104/><V105/><F105/><W16/><G128/><T115/><D40/><U54/><E43/><V5/><F45/><W34/><G108/><T117/><D115/><U125/><E125/><V59/><F51/><N who="3" m="30751" /><G0/><T22/><D126/><U47/><E6/><V44/><F44/><W28/><G34/><T120/><D120/><U110/><E19/><V83/><F83/><W116/><G4/><N who="0" m="1311" /><D73/><U24/><E24/><V7/><F53/><W8/><G96/><T99/><D61/><U39/><E39/><V20/><F20/><N who="3" m="7755" /><G116/><N who="0" m="44619" /><D99/><U41/><E110/><V77/><F77/><W87/><G87/><T2/><D2/><U62/><E57/><V86/><F1/><W46/><G46/><T111/><D111/><U132/><E132/><V100/><F100/><AGARI ba="2,0" hai="8,13,16,28,30,95,97,100" m="7755,30751" machi="100" ten="30,5800,0" yaku="8,1,54,2" doraHai="32" who="3" fromWho="2" sc="346,0,338,0,89,-64,227,64" />
</Scene>
<Scene>
<INIT seed="3,3,0,5,0,22" ten="346,338,25,291" oya="3" hai0="21,66,77,17,102,123,78,37,46,18,30,64,14" hai1="15,105,130,68,52,69,4,81,26,106,51,57,82" hai2="131,29,85,103,44,63,132,99,79,7,72,35,10" hai3="55,43,80,134,73,89,86,25,116,74,54,128,13"/><W125/><G116/><T60/><D123/><U71/><BYE who="2" /><E130/><V16/><F16/><W97/><G128/><T127/><D127/><U75/><E26/><V45/><F45/><W124/><G43/><T48/><D37/><U112/><E112/><V65/><F65/><N who="0" m="25194" /><D102/><U56/><E56/><V3/><F3/><W24/><G134/><T19/><D60/><U108/><E108/><V2/><F2/><W95/><G13/><N who="0" m="9391" /><D30/><U8/><REACH who="1" step="1"/><E75/><REACH who="1" ten="346,328,25,291" step="2"/><N who="3" m="28682" /><G55/><N who="0" m="30103" /><D18/><U114/><E114/><V33/><F33/><W70/><G54/><T12/><D12/><U0/><E0/><V6/><F6/><W84/><G70/><T32/><D32/><U50/><E50/><V9/><F9/><AGARI ba="3,1" hai="9,14,19,77,78" m="30103,9391,25194" machi="9" ten="30,1000,0" yaku="8,1" doraHai="22" who="0" fromWho="2" sc="346,29,328,0,25,-19,291,0" owari="375,47.0,328,13.0,6,-49.0,291,-11.0" />
</Scene>
</mjloggm>