<mjloggm ver="2.3"><GO type="41" lobby="0"/><UN n0="%E3%83%96%E3%83%A9%E3%82%B8%E3%83%AB%E6%8B%93%E4%BA%BA" n1="%38%37%73%65%66" n2="%E5%A4%AA%E3%81%8F%E3%81%AA%E3%81%84%E3%81%8A" n3="%4F%5A%4B%59" dan="13,14,17,14" rate="1949.62,1933.95,2151.93,1953.44" sx="M,M,M,M"/><TAIKYOKU oya="0"/>

<Scene>
<INIT seed="0,0,0,1,3,101" ten="250,250,250,250" oya="0" hai0="103,80,27,134,19,5,111,133,56,74,135,127,98" hai1="130,8,82,20,6,120,36,3,88,21,29,15,32" hai2="131,41,35,73,64,112,43,83,77,121,62,13,44" hai3="40,58,39,53,16,75,12,104,113,100,1,124,60"/><T30/><D127/><U117/><E36/><V38/><F121/><W116/><G113/><T72/><D5/><U51/><E120/><V129/><F112/><W31/><G116/><T49/><D19/><N who="1" m="10367" /><E51/><V106/><F41/><W68/><G75/><T45/><D56/><U93/><E82/><V23/><F35/><W28/><G1/><T67/><D67/><U24/><E117/><V26/><F13/><W90/><G124/><T0/><D0/><U71/><E71/><N who="2" m="42391" /><F23/><W86/><G68/><T84/><D111/><U10/><E130/><N who="2" m="49675" /><F26/><W34/><G34/><N who="0" m="20831" /><D49/><U9/><E21/><V123/><F123/><W33/><G39/><T78/><D45/><U37/><E37/><V4/><F4/><W17/><G40/><T25/><D25/><U91/><E91/><V46/><F46/><W114/><G33/><T50/><D50/><U97/><AGARI ba="0,0" hai="3,6,8,9,10,24,29,32,88,93,97" m="10367" machi="97" ten="30,2000,0" yaku="24,1,54,1" doraHai="101" who="1" fromWho="1" sc="250,-10,250,20,250,-5,250,-5" />
</Scene>
<Scene>
<INIT seed="1,0,0,3,2,2" ten="240,270,245,245" oya="1" hai0="49,96,72,101,60,55,22,0,78,124,95,90,7" hai1="51,9,41,65,16,70,58,17,107,99,38,112,135" hai2="43,52,88,81,33,57,64,134,47,87,109,103,110" hai3="53,91,74,125,114,98,30,75,32,131,115,18,82"/><U56/><E112/><V84/><F33/><W77/><G125/><T10/><D60/><N who="1" m="40231" /><E107/><V1/><F1/><W106/><G32/><T116/><D124/><U50/><E99/><V129/><F64/><W128/><G30/><T93/><D116/><U79/><E79/><V61/><F134/><W69/><G69/><T66/><D66/><U97/><E97/><V29/><F29/><W23/><G53/><T68/><D68/><U34/><E34/><V15/><F129/><N who="3" m="49739" /><G18/><T12/><D78/><U54/><E17/><V120/><F120/><W123/><G23/><T31/><D72/><N who="3" m="27689" /><G123/><T94/><D101/><U48/><E16/><V113/><F113/><W71/><G71/><T108/><D108/><U26/><E26/><V86/><F103/><N who="3" m="62839" /><G91/><T45/><D0/><U4/><E9/><V119/><F15/><W105/><G105/><T25/><AGARI ba="0,0" hai="7,10,12,22,25,31,45,49,55,90,93,94,95,96" machi="25" ten="30,4000,0" yaku="0,1,8,1,52,1" doraHai="2" who="0" fromWho="0" sc="240,40,270,-20,245,-10,245,-10" />
</Scene>
<Scene>
<INIT seed="2,0,0,0,2,106" ten="280,250,235,235" oya="2" hai0="100,62,71,72,64,27,122,34,82,73,126,3,87" hai1="76,16,48,14,40,58,128,99,51,90,13,17,60" hai2="8,65,21,50,95,101,115,104,133,98,59,78,91" hai3="7,114,42,77,15,61,28,79,81,112,93,117,94"/><V30/><F115/><N who="3" m="44075" /><G117/><T11/><D122/><U12/><E128/><V29/><F133/><W113/><G113/><T32/><D126/><U120/><E120/><V68/><F68/><W0/><G0/><T23/><D100/><U19/><E76/><V36/><F36/><W46/><G28/><T103/><D103/><U129/><E40/><V134/><F134/><W124/><G61/><T70/><D70/><U38/><E38/><V49/><F78/><W2/><G124/><T83/><D83/><U118/><E118/><V119/><F119/><W9/><G77/><T44/><D44/><U89/><E129/><V66/><F8/><W26/><G26/><T54/><D54/><N who="1" m="33879" /><E99/><V96/><F29/><W57/><G57/><T43/><D43/><U107/><E107/><V10/><F59/><W92/><G92/><T84/><D84/><U102/><E102/><V131/><F131/><W56/><G56/><T123/><D123/><U105/><E105/><V69/><F69/><W24/><G24/><T85/><D85/><U108/><E108/><V45/><F10/><W6/><G6/><T41/><D41/><U33/><E33/><V31/><F31/><W110/><G110/><T88/><D32/><U63/><E63/><V121/><F121/><W125/><G125/><T116/><D34/><U86/><E86/><V135/><F135/><W132/><G132/><T35/><D35/><U39/><E39/><V18/><F30/><W47/><G2/><T97/><D116/><U1/><E1/><V4/><F104/><W20/><G7/><N who="0" m="1535" /><D97/><U74/><E74/><V5/><F96/><RYUUKYOKU ba="0,0" sc="280,15,250,15,235,-15,235,-15" hai0="23,27,62,64,71,72,73,82,87,88" hai1="12,13,14,16,17,19,48,51,89,90" />
</Scene>
<Scene>
<INIT seed="3,1,0,4,3,117" ten="295,265,220,220" oya="3" hai0="102,62,2,88,33,13,14,48,53,57,46,75,17" hai1="130,66,118,93,29,59,55,7,42,116,109,23,35" hai2="63,5,67,133,80,84,105,98,60,27,34,91,6" hai3="22,108,101,41,24,3,82,4,78,37,111,113,135"/><W89/><G113/><T125/><D2/><U81/><E42/><V90/><F133/><W18/><G135/><T95/><D33/><U128/><E35/><V26/><F63/><W94/><G101/><T47/><D75/><U87/><E7/><V19/><F27/><W69/><G69/><T115/><D102/><U92/><E66/><V20/><F34/><W104/><G104/><T119/><D125/><U43/><E43/><V21/><F21/><W120/><G120/><T36/><D119/><N who="1" m="45611" /><E29/><V65/><F65/><W9/><G41/><T110/><D110/><N who="3" m="42025" /><G37/><T54/><D36/><U10/><E10/><V64/><F64/><W100/><G100/><T39/><D39/><U15/><E109/><V51/><F51/><W38/><G38/><T131/><D131/><N who="1" m="50219" /><E23/><V85/><F105/><W70/><G70/><T126/><D115/><U30/><E15/><V61/><F98/><W103/><G103/><T77/><D77/><N who="1" m="46511" /><E30/><V40/><F40/><W106/><G4/><N who="2" m="1641" /><F67/><W52/><G3/><T107/><D107/><U112/><E112/><V68/><F68/><W114/><G106/><T134/><D134/><U31/><E31/><V11/><F11/><W79/><G114/><T99/><D126/><U74/><E74/><V73/><F73/><W45/><G24/><T122/><D14/><U28/><E28/><V32/><F32/><W83/><G22/><N who="0" m="11567" /><D46/><U0/><E0/><V96/><F26/><W16/><G45/><T123/><D47/><U71/><E71/><V49/><F20/><W25/><G25/><T8/><D8/><U129/><N who="1" m="50227" /><U50/><AGARI ba="1,0" hai="50,55,59,92,93" m="46511,50227,45611" machi="50" ten="50,6400,0" yaku="4,1,12,1,19,1" doraHai="117" who="1" fromWho="1" sc="295,-17,265,67,220,-17,220,-33" />
</Scene>
<Scene>
<INIT seed="4,0,0,3,3,37" ten="278,332,203,187" oya="0" hai0="66,38,40,109,11,103,10,5,15,1,29,34,6" hai1="68,130,129,32,89,96,78,4,46,28,107,65,132" hai2="135,2,61,133,95,87,86,56,17,73,104,63,122" hai3="106,64,110,120,121,81,45,92,83,105,47,134,72"/><T53/><D103/><N who="1" m="62951" /><E89/><V126/><F104/><N who="3" m="40043" /><G64/><T49/><D66/><U97/><E97/><V74/><F122/><N who="3" m="47211" /><G92/><T102/><D102/><U111/><E111/><V16/><F2/><W22/><G22/><T91/><D109/><U60/><E78/><V12/><F12/><W44/><G72/><T125/><D125/><U23/><E23/><V36/><F36/><W25/><G25/><T67/><D67/><U90/><E90/><V31/><F56/><W80/><G110/><T9/><D9/><U3/><E46/><V27/><F27/><W131/><G131/><N who="1" m="50186" /><E132/><AGARI ba="0,0" hai="44,45,47,80,81,83,132,134" m="47211,40043" machi="132" ten="40,5200,0" yaku="28,2,13,1" doraHai="37" who="3" fromWho="1" sc="278,0,332,-52,203,0,187,52" />
</Scene>
<Scene>
<INIT seed="5,0,0,2,1,45" ten="278,280,203,239" oya="1" hai0="3,77,124,42,52,19,59,70,113,96,110,133,108" hai1="62,134,30,118,85,32,38,95,26,126,40,39,6" hai2="35,65,14,105,102,49,50,1,131,132,57,90,125" hai3="31,101,2,67,37,48,76,122,46,44,117,43,121"/><U111/><E118/><V56/><F1/><W55/><G2/><T17/><D3/><U66/><E134/><V18/><F35/><W81/><G101/><T0/><D0/><U79/><E126/><V4/><F4/><W11/><G31/><T22/><D70/><U91/><E111/><V5/><F5/><W92/><G92/><T34/><D34/><U72/><E6/><V9/><F132/><W53/><G11/><T36/><D133/><U15/><E40/><V73/><F73/><W28/><G28/><T10/><D124/><U41/><E41/><V33/><F33/><W69/><G117/><T83/><D96/><U100/><E100/><V20/><F125/><W89/><G89/><T97/><D97/><U47/><E15/><V106/><F131/><W80/><G80/><T24/><D113/><U58/><E47/><V94/><F102/><W112/><G112/><T60/><D42/><U23/><REACH who="1" step="1"/><E32/><REACH who="1" ten="278,270,203,239" step="2"/><V82/><F106/><W63/><REACH who="3" step="1"/><G55/><REACH who="3" ten="278,270,203,229" step="2"/><T29/><D36/><U8/><E8/><V130/><F9/><W114/><G114/><T88/><D108/><U12/><E12/><V99/><F105/><W51/><G51/><N who="2" m="19465" /><F130/><W84/><AGARI ba="0,2" hai="37,43,44,46,48,53,63,67,69,76,81,84,121,122" machi="84" ten="20,8000,1" yaku="1,1,0,1,7,1,52,1,53,1" doraHai="45" doraHaiUra="74" who="3" fromWho="3" sc="278,-20,270,-40,203,-20,229,100" />
</Scene>
<Scene>
<INIT seed="6,0,0,1,1,57" ten="258,230,183,329" oya="2" hai0="9,83,98,84,12,50,106,55,20,2,107,115,86" hai1="66,71,108,56,44,32,42,70,1,31,88,75,124" hai2="4,102,10,19,101,119,61,65,27,120,38,99,95" hai3="51,90,53,34,21,64,39,97,67,37,109,69,11"/><V87/><F119/><W26/><G34/><T63/><D115/><U68/><E108/><V93/><F38/><W35/><G35/><T28/><D2/><U100/><E75/><V59/><F120/><W123/><G123/><T6/><D86/><U104/><E1/><V17/><F27/><W81/><G109/><T54/><D98/><N who="1" m="61463" /><E56/><V135/><F135/><W33/><G33/><T128/><D128/><U96/><E88/><N who="2" m="53407" /><F102/><W118/><G118/><T125/><D125/><U52/><E96/><V134/><F134/><W129/><G11/><T112/><D112/><U22/><E52/><V121/><F121/><W40/><G129/><T74/><D74/><U133/><E22/><V0/><F0/><W111/><G111/><T80/><D80/><U62/><E133/><V72/><F72/><W127/><G127/><T78/><D28/><U94/><E94/><V49/><F4/><W103/><G103/><T79/><D79/><U46/><E124/><V15/><F19/><W24/><G39/><T41/><D41/><U23/><E23/><V82/><F82/><W105/><G26/><T13/><D20/><U14/><E14/><N who="2" m="7383" /><F49/><W126/><G81/><T47/><D13/><AGARI ba="0,0" hai="13,15,59,61,65,95,99,101" m="7383,53407" machi="13" ten="30,5800,0" yaku="8,1,52,1,54,1" doraHai="57" who="2" fromWho="0" sc="258,-58,230,0,183,58,329,0" />
</Scene>
<Scene>
<INIT seed="6,1,0,2,4,101" ten="200,230,241,329" oya="2" hai0="32,128,102,60,113,75,130,1,121,61,0,50,35" hai1="111,110,13,73,87,31,79,17,104,54,64,120,86" hai2="15,59,23,42,105,69,70,39,33,43,124,2,129" hai3="106,67,118,4,71,84,81,80,7,92,14,40,22"/><V47/><F2/><W5/><G118/><T96/><D75/><U53/><E64/><V16/><F33/><N who="0" m="12874" /><D50/><U91/><E73/><V99/><F124/><W19/><G106/><N who="0" m="63815" /><D121/><U21/><E120/><V18/><F129/><N who="0" m="49770" /><D113/><U10/><E111/><V76/><F76/><W117/><G117/><T127/><D127/><U36/><E36/><V66/><F43/><W46/><G92/><T28/><D28/><U89/><E110/><V37/><F37/><W125/><G125/><T41/><D41/><U115/><E115/><V20/><F99/><W83/><G84/><T97/><D97/><U134/><E79/><V26/><F105/><W123/><G123/><T109/><D109/><U94/><E104/><V88/><F88/><W78/><G78/><T38/><D38/><U133/><E31/><V90/><F90/><W55/><G40/><T100/><D100/><U29/><E29/><V62/><AGARI ba="1,0" hai="15,16,18,20,23,26,39,42,47,59,62,66,69,70" machi="62" ten="30,3000,0" yaku="0,1,54,1" doraHai="101" who="2" fromWho="2" sc="200,-11,230,-11,241,33,329,-11" />
</Scene>
<Scene>
<INIT seed="6,2,0,5,4,51" ten="189,219,274,318" oya="2" hai0="92,8,83,99,59,123,22,56,27,36,132,41,49" hai1="17,64,81,93,102,129,104,73,80,131,4,58,7" hai2="134,84,61,42,115,5,128,79,66,126,130,109,37" hai3="14,10,68,38,26,24,12,13,34,43,21,117,120"/><V101/><F101/><W133/><G68/><T20/><D123/><U1/><E104/><V25/><F5/><N who="3" m="3151" /><G38/><T103/><D132/><U54/><E64/><V47/><F134/><W72/><G72/><T124/><D124/><U106/><E106/><V111/><F25/><W112/><G43/><T113/><D113/><U118/><E118/><V74/><F84/><W77/><G77/><T3/><D3/><U39/><E39/><V6/><F6/><W46/><G46/><T89/><D36/><U23/><E7/><V91/><F91/><W31/><G133/><T86/><D8/><U33/><E33/><V116/><F116/><W88/><G88/><T69/><D69/><U9/><E73/><V94/><F94/><W19/><G117/><T53/><D41/><U60/><E93/><V63/><F126/><W100/><G100/><T44/><REACH who="0" step="1"/><D20/><REACH who="0" ten="179,219,274,318" step="2"/><U76/><E102/><V70/><F115/><W18/><G120/><T122/><D122/><U85/><REACH who="1" step="1"/><E80/><REACH who="1" ten="179,209,274,318" step="2"/><N who="2" m="45175" /><F70/><W75/><G112/><T125/><D125/><U78/><E78/><V35/><F35/><N who="3" m="20967" /><G75/><T135/><D135/><U96/><E96/><V29/><F37/><W45/><G34/><T32/><D32/><U15/><AGARI ba="2,2" hai="1,4,9,15,17,23,54,58,60,76,81,85,129,131" machi="15" ten="30,4000,0" yaku="1,1,0,1,52,1,53,0" doraHai="51" doraHaiUra="30" who="1" fromWho="1" sc="179,-12,209,66,274,-22,318,-12" />
</Scene>
<Scene>
<INIT seed="7,0,0,3,5,133" ten="167,275,252,306" oya="3" hai0="17,68,0,94,108,92,27,22,48,29,15,117,122" hai1="56,76,83,69,1,106,70,54,115,95,102,35,64" hai2="13,59,43,60,25,49,53,134,104,79,128,2,45" hai3="124,135,44,33,14,132,6,40,109,67,36,78,90"/><W28/><G109/><T127/><D68/><U24/><E1/><V81/><F2/><W74/><G124/><T7/><D108/><U89/><E115/><V93/><F104/><W96/><G67/><T18/><D122/><U111/><E111/><V23/><F134/><W34/><G14/><T38/><D38/><U12/><E12/><V16/><F93/><W62/><G62/><T39/><D39/><U51/><E64/><V66/><F128/><W52/><G52/><T103/><D117/><U113/><E113/><V80/><F79/><W112/><G90/><T26/><D127/><U55/><E102/><V82/><F13/><W5/><G34/><T9/><D103/><U73/><E106/><V86/><F66/><W91/><G91/><T88/><D88/><U105/><E105/><V47/><F47/><W19/><G44/><T107/><D107/><U125/><E125/><V3/><F3/><W46/><G112/><T21/><REACH who="0" step="1"/><D48/><REACH who="0" ten="157,275,252,306" step="2"/><U110/><E110/><V63/><F63/><W99/><G36/><T116/><D116/><U4/><E69/><V37/><F37/><W129/><G135/><T131/><D131/><U100/><E70/><V71/><F71/><W58/><G132/><T120/><D120/><U126/><E126/><V50/><F60/><W42/><G129/><T41/><D41/><U123/><E123/><V97/><F97/><W87/><G40/><T84/><D84/><N who="1" m="52647" /><E100/><V101/><F101/><W72/><G42/><T98/><D98/><U30/><E54/><V10/><F86/><W119/><G87/><T31/><D31/><U77/><E77/><RYUUKYOKU ba="0,1" sc="157,10,275,10,252,10,306,-30" hai0="0,7,9,15,17,18,21,22,26,27,29,92,94" hai1="4,24,30,35,51,55,56,73,76,83" hai2="10,16,23,25,43,45,49,50,53,59,80,81,82" />
</Scene>
<Scene>
<INIT seed="8,1,1,0,1,68" ten="167,285,262,276" oya="0" hai0="26,3,22,82,127,95,33,55,124,100,14,105,72" hai1="102,84,44,118,121,109,27,116,135,65,31,24,29" hai2="96,87,43,69,48,37,134,94,7,106,41,46,122" hai3="107,114,5,130,80,11,23,92,40,71,28,51,133"/><T97/><D3/><U15/><E121/><V50/><F122/><W86/><G114/><T79/><D33/><N who="1" m="20647" /><E109/><V126/><F69/><W90/><G107/><T53/><D14/><U132/><E102/><V25/><F106/><W85/><G71/><T117/><D117/><N who="1" m="45163" /><E65/><V62/><F7/><W128/><G133/><N who="1" m="51274" /><E15/><V1/><F134/><W17/><G51/><T13/><D13/><U110/><E110/><V12/><F12/><W45/><G45/><T112/><D112/><U21/><E84/><V42/><F87/><W73/><G40/><T34/><D34/><U20/><E44/><V36/><F1/><W35/><G86/><T32/><D32/><AGARI ba="1,1" hai="20,21,27,31,32" m="51274,45163,20647" machi="32" ten="30,7700,0" yaku="16,1,20,1,34,2" doraHai="68" who="1" fromWho="0" sc="167,-80,285,90,262,0,276,0" owari="87,-41.0,375,47.0,262,-14.0,276,8.0" />
</Scene>
</mjloggm>