<mjloggm ver="2.3"><GO type="169" lobby="0"/><UN n0="%E5%A4%AA%E3%81%8F%E3%81%AA%E3%81%84%E3%81%8A" n1="%E3%83%AA%E3%82%B9%E3%83%83%E3%83%81" n2="%E3%81%A9%E3%81%84%EF%BC%8D%E3%82%93" n3="%E4%B8%8A%E6%9F%BF%E3%82%81%E3%81%90%E3%81%BF" dan="18,16,16,17" rate="2210.30,2051.38,2146.79,2189.82" sx="M,M,M,F"/><TAIKYOKU oya="0"/>

<Scene>
<INIT seed="0,0,0,2,2,2" ten="250,250,250,250" oya="0" hai0="107,5,56,42,39,135,83,81,73,117,18,82,92" hai1="94,121,77,8,49,23,99,16,66,78,40,97,115" hai2="55,53,37,75,127,132,101,44,93,33,41,104,7" hai3="9,17,25,134,130,70,62,14,119,65,125,122,6"/><T31/><D107/><U112/><E121/><V43/><F33/><W113/><G113/><N who="1" m="43594" /><E66/><V24/><F24/><W71/><G119/><T19/><D117/><U21/><E49/><V87/><F43/><W67/><G130/><T0/><D135/><U103/><E40/><V1/><F132/><W58/><G134/><T69/><D69/><U133/><E133/><V114/><F114/><W35/><G125/><T98/><D73/><U96/><E94/><V52/><F75/><W105/><G105/><T76/><D76/><N who="1" m="29291" /><E103/><V68/><F127/><W124/><G124/><T27/><D56/><U102/><E102/><V129/><F68/><W12/><G122/><T34/><D42/><U131/><E131/><V111/><F129/><W50/><G50/><T38/><D39/><U22/><E8/><V45/><F104/><W11/><REACH who="3" step="1"/><G67/><REACH who="3" ten="250,250,250,240" step="2"/><T108/><D38/><U15/><AGARI ba="0,1" hai="15,16,21,22,23,96,97,99" m="29291,43594" machi="15" ten="40,2700,0" yaku="11,1,54,1" doraHai="2" who="1" fromWho="1" sc="250,-13,250,37,250,-7,240,-7" />
</Scene>
<Scene>
<INIT seed="1,0,0,1,4,101" ten="237,287,243,233" oya="1" hai0="121,54,9,30,99,113,85,23,69,78,119,104,60" hai1="80,65,16,5,47,63,77,97,35,33,6,20,7" hai2="19,2,76,66,21,15,31,56,58,130,89,42,1" hai3="41,49,14,52,126,50,29,53,81,127,120,44,82"/><U40/><E97/><V36/><F76/><W62/><G29/><T46/><D113/><U123/><E123/><V87/><F130/><W110/><G110/><T124/><D119/><U75/><E65/><V108/><F36/><W26/><G26/><T95/><D121/><U109/><E109/><V106/><F42/><W68/><G120/><T17/><D124/><N who="3" m="47657" /><G14/><T92/><D30/><U79/><E79/><V48/><F106/><W57/><G81/><N who="0" m="47287" /><D69/><U100/><E100/><V105/><F105/><W94/><G94/><T117/><D104/><U118/><E118/><V13/><F13/><W12/><G12/><N who="0" m="9639" /><D117/><U39/><REACH who="1" step="1"/><E63/><REACH who="1" ten="237,277,243,233" step="2"/><V22/><F108/><W72/><G72/><T93/><D60/><U74/><E74/><V132/><F66/><N who="3" m="41047" /><G82/><T59/><D99/><U133/><E133/><V112/><F132/><W32/><G32/><T91/><D91/><U129/><E129/><V135/><F89/><W0/><G0/><T84/><D84/><U61/><E61/><V25/><F135/><W83/><G83/><T116/><D116/><U67/><E67/><V122/><F2/><W28/><G28/><T11/><D95/><U27/><AGARI ba="0,1" hai="5,6,7,16,20,27,33,35,39,40,47,75,77,80" machi="27" ten="30,6000,0" yaku="1,1,0,1,54,1,53,0" doraHai="101" doraHaiUra="45" who="1" fromWho="1" sc="237,-20,277,70,243,-20,233,-20" />
</Scene>
<Scene>
<INIT seed="1,1,0,1,3,26" ten="217,347,223,213" oya="1" hai0="38,118,106,35,4,119,66,16,97,58,37,133,101" hai1="70,9,13,75,57,30,64,126,0,110,135,109,111" hai2="54,105,90,56,131,47,24,43,21,2,112,113,71" hai3="20,87,82,32,84,22,6,48,34,27,127,46,99"/><U12/><E75/><V100/><F2/><W31/><G127/><T96/><D4/><N who="1" m="1159" /><E126/><V92/><F71/><W10/><G99/><T19/><D35/><U18/><E135/><V121/><F131/><W76/><G87/><T41/><D133/><U49/><E70/><V67/><F67/><W114/><G34/><T33/><D33/><U79/><E79/><V120/><F100/><W102/><G102/><T3/><D3/><U77/><E77/><V124/><F124/><W93/><G93/><T132/><D132/><U68/><E68/><V39/><F105/><W129/><G129/><T62/><D97/><U115/><E115/><N who="2" m="44107" /><F54/><W61/><G61/><T80/><D80/><U65/><E13/><V130/><F56/><W7/><G7/><T72/><D72/><U85/><E85/><N who="2" m="52303" /><F130/><W63/><G63/><T55/><D66/><U83/><E49/><V23/><F23/><W45/><G114/><T95/><D106/><U125/><E57/><V44/><F44/><W94/><G94/><T52/><D55/><U73/><E83/><V107/><F107/><W88/><G45/><T81/><D81/><U1/><E1/><V89/><F89/><W78/><G22/><T17/><REACH who="0" step="1"/><D41/><REACH who="0" ten="207,347,223,213" step="2"/><U128/><E128/><V5/><F5/><W25/><G32/><T60/><D60/><U104/><E125/><V91/><F91/><W74/><G74/><T15/><D15/><U134/><E104/><V117/><F117/><AGARI ba="1,1" hai="16,17,19,37,38,52,58,62,95,96,101,117,118,119" machi="117" ten="40,5200,0" yaku="1,1,54,2,53,0" doraHai="26" doraHaiUra="40" who="0" fromWho="2" sc="207,65,347,0,223,-55,213,0" />
</Scene>
<Scene>
<INIT seed="2,0,0,3,1,112" ten="272,347,168,213" oya="2" hai0="122,76,90,5,34,18,51,93,4,123,117,26,133" hai1="106,95,102,11,24,97,52,32,58,65,46,115,113" hai2="55,121,23,69,40,125,86,12,80,56,15,27,13" hai3="128,110,28,119,44,126,37,33,8,25,81,59,50"/><V116/><F69/><W79/><G37/><T66/><D76/><U17/><E46/><V70/><F70/><W53/><G128/><T129/><D66/><U100/><E100/><V131/><F125/><W48/><G110/><T68/><D68/><U41/><E41/><V135/><F131/><W38/><G126/><T118/><D129/><U31/><E65/><V54/><F135/><W103/><G103/><T104/><D104/><U29/><E29/><V91/><F121/><N who="0" m="46090" /><D51/><U72/><E72/><V88/><F116/><N who="0" m="44650" /><D133/><U77/><E77/><N who="2" m="46351" /><F40/><W78/><G78/><T61/><D61/><U20/><E106/><V134/><F134/><W87/><G38/><T39/><D39/><U84/><E115/><V49/><F55/><W9/><G119/><T109/><D109/><U42/><E113/><V64/><F64/><W62/><G48/><T10/><D34/><U108/><E108/><V73/><F73/><W107/><G107/><T114/><D114/><U60/><E42/><AGARI ba="0,0" hai="8,9,25,28,33,42,44,50,53,59,62,79,81,87" machi="42" ten="30,1000,0" yaku="7,1" doraHai="112" who="3" fromWho="1" sc="272,0,347,-10,168,0,213,10" />
</Scene>
<Scene>
<INIT seed="3,0,0,5,2,113" ten="272,337,168,223" oya="3" hai0="6,98,108,4,92,105,110,56,34,94,82,22,51" hai1="25,38,27,90,43,47,72,104,26,57,128,100,10" hai2="28,60,85,0,2,93,55,75,67,119,40,5,37" hai3="124,134,109,11,69,18,114,15,29,54,48,73,78"/><W64/><G114/><T31/><D34/><U23/><E72/><V121/><F75/><W7/><G134/><T63/><D105/><U49/><E128/><V3/><F121/><W120/><G120/><T95/><D98/><U86/><E10/><V76/><F5/><W129/><G129/><T99/><D99/><U17/><E100/><V125/><F125/><W81/><G124/><T16/><D31/><U83/><E104/><V102/><F28/><W135/><G135/><T91/><D51/><U79/><E38/><V62/><F55/><W117/><G29/><T80/><D4/><U127/><E127/><V32/><F32/><W50/><G109/><N who="0" m="42091" /><D6/><U65/><E79/><V106/><F106/><W46/><G50/><T42/><D42/><U44/><E44/><V8/><F8/><W115/><G115/><T123/><D91/><U12/><E57/><V116/><F62/><W66/><G69/><T118/><D123/><U96/><E96/><V131/><F102/><W122/><G122/><T88/><D88/><U68/><E68/><V112/><F112/><W89/><G89/><T111/><N who="0" m="42099" /><T9/><DORA hai="1" /><D9/><N who="1" m="6287" /><E65/><V61/><F61/><W45/><G45/><T21/><D56/><U53/><E43/><V41/><F131/><W30/><G30/><AGARI ba="0,0" hai="23,25,26,27,30,47,49,53,83,86,90" m="6287" machi="30" ten="30,2000,0" yaku="25,1,8,1" doraHai="113,1" who="1" fromWho="3" sc="272,0,337,20,168,0,223,-20" />
</Scene>
<Scene>
<INIT seed="4,0,0,5,0,8" ten="272,357,168,203" oya="0" hai0="6,83,106,54,104,63,127,19,102,5,108,81,53" hai1="129,14,121,48,55,43,76,46,95,12,18,124,119" hai2="74,17,4,34,28,92,36,120,9,118,32,90,110" hai3="24,126,20,123,41,87,38,117,60,33,72,114,77"/><T113/><D113/><U69/><E69/><V40/><F74/><W23/><G72/><T132/><D132/><U22/><E119/><V73/><F73/><W30/><G117/><T107/><D102/><U2/><E2/><V80/><F80/><W57/><G114/><T52/><D127/><U88/><E121/><V85/><F120/><W112/><G126/><T51/><D108/><U97/><E124/><V35/><F110/><W70/><G70/><T13/><D63/><U16/><E129/><V89/><F118/><W131/><G112/><T116/><D116/><U122/><E122/><V0/><F36/><W128/><G77/><T94/><D94/><U71/><E71/><V1/><F40/><W105/><G105/><T44/><D83/><U27/><E76/><V84/><F17/><W39/><G87/><T82/><D82/><U45/><E18/><V96/><F96/><W101/><G101/><T31/><D31/><U37/><AGARI ba="0,0" hai="12,14,16,22,27,37,43,45,46,48,55,88,95,97" machi="37" ten="20,12000,2" yaku="0,1,7,1,52,2,54,2" doraHai="8" who="1" fromWho="1" sc="272,-60,357,120,168,-30,203,-30" />
</Scene>
<Scene>
<INIT seed="5,0,0,4,3,8" ten="212,477,138,173" oya="1" hai0="77,24,19,46,129,63,44,16,28,100,91,54,45" hai1="131,58,105,30,119,2,37,103,3,87,20,25,21" hai2="12,15,48,98,32,29,61,13,4,18,72,94,104" hai3="57,69,85,89,66,123,65,93,126,22,64,1,80"/><U38/><E119/><V31/><F104/><W125/><G69/><T10/><D129/><U109/><E131/><V60/><F72/><W68/><G68/><T17/><D100/><U34/><E109/><V96/><F4/><W55/><G123/><T113/><D77/><U127/><E127/><N who="3" m="48650" /><G1/><T14/><D113/><U6/><E21/><V86/><F32/><W23/><G93/><T84/><D63/><AGARI ba="0,0" hai="22,23,55,57,63,64,65,66,80,85,89" m="48650" machi="63" ten="30,1000,0" yaku="18,1" doraHai="8" who="3" fromWho="0" sc="212,-10,477,0,138,0,173,10" />
</Scene>
<Scene>
<INIT seed="6,0,0,5,2,1" ten="202,477,138,183" oya="2" hai0="89,39,25,66,2,107,58,14,43,104,10,120,22" hai1="100,57,21,94,26,131,77,128,93,41,63,55,36" hai2="18,102,122,134,79,103,64,98,13,44,35,56,72" hai3="90,70,83,109,29,121,19,123,15,52,113,115,132"/><V130/><F35/><W6/><G70/><T20/><D120/><N who="3" m="46153" /><G29/><T65/><D2/><U80/><E41/><V54/><F122/><W133/><G83/><T42/><D39/><U34/><E34/><V111/><F130/><N who="1" m="49705" /><E100/><V31/><F134/><N who="3" m="51819" /><G90/><T87/><D107/><U28/><E36/><V60/><F111/><W110/><G52/><T99/><D104/><U37/><E37/><V119/><F119/><W45/><G6/><N who="0" m="3415" /><D99/><U75/><AGARI ba="0,0" hai="21,26,28,55,57,63,75,77,80,93,94" m="49705" machi="75" ten="30,1100,0" yaku="19,1" doraHai="1" who="1" fromWho="1" sc="202,-3,477,11,138,-5,183,-3" />
</Scene>
<Scene>
<INIT seed="7,0,0,3,0,130" ten="199,488,133,180" oya="3" hai0="97,29,23,5,80,62,13,91,66,125,71,104,121" hai1="46,4,133,14,112,68,123,37,1,9,48,61,28" hai2="26,54,100,86,34,60,72,73,76,6,7,81,38" hai3="96,78,116,135,77,63,90,42,79,69,55,18,53"/><W92/><G116/><T124/><D121/><U47/><E112/><V93/><F38/><W19/><G42/><T111/><D111/><U36/><E133/><V134/><F134/><W118/><G118/><T33/><D5/><U15/><E28/><V74/><F34/><W49/><G135/><T51/><D51/><U105/><E105/><V102/><F26/><W58/><REACH who="3" step="1"/><G69/><REACH who="3" ten="199,488,133,170" step="2"/><T35/><D71/><U32/><E68/><V44/><F72/><W41/><G41/><T120/><D120/><U43/><E123/><V50/><F73/><W117/><G117/><T25/><D124/><U129/><E43/><V94/><F74/><W24/><G24/><T128/><D25/><U70/><E70/><V127/><F127/><W22/><G22/><T27/><D23/><U113/><E113/><V12/><F60/><W31/><G31/><T10/><D125/><U115/><E115/><V132/><F132/><W98/><G98/><T106/><D97/><U45/><E61/><V103/><REACH who="2" step="1"/><F12/><REACH who="2" ten="199,488,123,170" step="2"/><W83/><G83/><T87/><D33/><U21/><E21/><V40/><F40/><W64/><G64/><T67/><D62/><U52/><E14/><V85/><F85/><W89/><G89/><T39/><D67/><U114/><E114/><V30/><F30/><W0/><G0/><T65/><D66/><U107/><E1/><V82/><F82/><W110/><G110/><T109/><D109/><U3/><E3/><V122/><F122/><W75/><G75/><T84/><D65/><U108/><E15/><V16/><F16/><W57/><AGARI ba="0,2" hai="18,19,49,53,55,57,58,63,77,78,79,90,92,96" machi="57" ten="30,6000,0" yaku="1,1,0,1,8,1,53,0" doraHai="130" doraHaiUra="11" who="3" fromWho="3" sc="199,-20,488,-20,123,-20,170,80" />
</Scene>
<Scene>
<INIT seed="7,1,0,3,5,36" ten="179,468,103,250" oya="3" hai0="50,133,124,106,59,54,86,72,53,118,126,7,94" hai1="90,33,38,91,26,3,23,16,119,112,135,101,22" hai2="96,62,115,45,10,79,46,76,82,2,28,4,102" hai3="14,80,113,27,68,12,15,132,11,125,89,109,18"/><W29/><G68/><T1/><D118/><U127/><E119/><V9/><F115/><W75/><G75/><T88/><D72/><U51/><E38/><V105/><F79/><W60/><G60/><T65/><D106/><U42/><E3/><V32/><F62/><W117/><G117/><T20/><D65/><U122/><E122/><V66/><F66/><W37/><G37/><T121/><D121/><U130/><E33/><V123/><F123/><W128/><G80/><T108/><D108/><U129/><E112/><V6/><F28/><W69/><G89/><T100/><D133/><U70/><E70/><V61/><F61/><W103/><G103/><T74/><D74/><U56/><E135/><V48/><F32/><W64/><G64/><T13/><D100/><U131/><E127/><N who="0" m="48681" /><D54/><N who="1" m="31839" /><E42/><V24/><F24/><W21/><G69/><T47/><D59/><U93/><E22/><V0/><REACH who="2" step="1"/><F48/><REACH who="2" ten="179,468,93,250" step="2"/><W81/><G125/><T92/><D50/><U71/><E71/><V114/><F114/><W97/><G113/><T63/><D63/><U77/><E77/><V39/><F39/><W107/><G132/><T85/><D53/><U5/><E5/><V98/><F98/><AGARI ba="1,1" hai="16,23,26,90,91,93,98,101,129,130,131" m="31839" machi="98" ten="30,2000,0" yaku="19,1,54,1" doraHai="36" who="1" fromWho="2" sc="179,0,468,33,93,-23,250,0" owari="179,-22.0,501,60.0,70,-43.0,250,5.0" />
</Scene>
</mjloggm>