<mjloggm ver="2.3"><GO type="225" lobby="0"/><UN n0="%E5%A4%AA%E3%81%8F%E3%81%AA%E3%81%84%E3%81%8A" n1="%6B%61%6D%6F%73%75%6B%65" n2="%E3%82%A8%E3%83%AB%E3%82%AF" n3="%E3%81%B5%E3%82%82%E3%81%B5%E3%82%82%E3%81%A3%E3%81%B5" dan="18,16,16,18" rate="2234.16,2068.48,2136.99,2197.83" sx="M,M,M,M"/><TAIKYOKU oya="0"/>

<Scene>
<INIT seed="0,0,0,4,2,115" ten="250,250,250,250" oya="0" hai0="125,56,86,102,52,45,105,87,70,7,49,19,96" hai1="111,104,55,31,108,92,32,124,78,79,81,112,63" hai2="80,50,98,9,23,42,75,48,106,20,35,88,103" hai3="12,100,44,76,8,53,61,15,5,36,93,47,22"/><T3/><D70/><U39/><E104/><V0/><F35/><W24/><G36/><T2/><D125/><U59/><E39/><V30/><F0/><W60/><G76/><T69/><D69/><U57/><E124/><V129/><F9/><W66/><G15/><T77/><D77/><U34/><E112/><V99/><F129/><W132/><G132/><T51/><D19/><U97/><E59/><V118/><F75/><W43/><G43/><T16/><D16/><U121/><E79/><V58/><F118/><W73/><G73/><T62/><D51/><U10/><E31/><V13/><F13/><W17/><G66/><T131/><D131/><U25/><E25/><V119/><F119/><W128/><G128/><T94/><D105/><U101/><E10/><V120/><F120/><W41/><G41/><T110/><D110/><N who="1" m="42027" /><E121/><V71/><F71/><W26/><G26/><T107/><D7/><U6/><E6/><V1/><F1/><W127/><G127/><T28/><D28/><U40/><E40/><V95/><F80/><W133/><G133/><T122/><D122/><U37/><E37/><V38/><F38/><W109/><G109/><T91/><REACH who="0" step="1"/><D86/><AGARI ba="0,0" hai="32,34,55,57,63,78,81,86,92,97,101" m="42027" machi="86" ten="30,1000,0" yaku="14,1" doraHai="115" who="1" fromWho="0" sc="250,-10,250,10,250,0,250,0" />
</Scene>
<Scene>
<INIT seed="1,0,0,0,5,124" ten="240,260,250,250" oya="1" hai0="59,131,100,120,21,134,48,17,135,62,22,26,111" hai1="29,126,25,65,81,6,19,11,67,41,46,116,118" hai2="31,89,108,35,14,95,2,92,58,117,85,71,43" hai3="133,49,90,86,79,88,47,42,127,114,37,44,91"/><U77/><E126/><V70/><F2/><W112/><G127/><T3/><D3/><U54/><E54/><V106/><F117/><W52/><REACH who="3" step="1"/><G133/><REACH who="3" ten="240,260,250,240" step="2"/><T98/><D135/><U122/><E118/><V132/><F132/><W33/><G33/><T12/><D134/><U121/><E116/><V30/><F35/><W94/><G94/><T99/><D120/><U110/><E122/><V82/><F95/><W96/><G96/><T23/><D99/><U123/><E121/><V51/><F92/><W4/><G4/><T80/><D98/><U1/><E123/><V83/><F83/><AGARI ba="0,1" hai="37,42,44,47,49,52,79,83,86,88,90,91,112,114" machi="83" ten="40,8000,1" yaku="1,1,54,2,53,1" doraHai="124" doraHaiUra="36" who="3" fromWho="2" sc="240,0,260,0,250,-80,240,90" />
</Scene>
<Scene>
<INIT seed="2,0,0,5,4,49" ten="240,260,170,330" oya="2" hai0="50,111,110,42,56,43,103,122,48,36,109,1,117" hai1="82,24,62,102,130,125,96,127,113,46,22,31,87" hai2="60,104,114,120,92,129,101,84,76,14,80,79,18" hai3="35,100,128,105,78,115,59,85,45,68,3,123,30"/><V99/><F114/><W98/><G123/><T118/><D1/><U66/><E113/><V91/><F129/><W54/><G3/><T52/><D103/><U20/><E20/><V25/><F120/><W11/><G68/><T93/><D93/><U6/><E6/><V53/><F25/><W74/><G45/><N who="0" m="23751" /><D122/><U64/><E46/><AGARI ba="0,0" hai="43,46,48,50,52,56,109,110,111,117,118" m="23751" machi="46" ten="40,8000,1" yaku="14,1,34,2,52,1,54,1" doraHai="49" who="0" fromWho="1" sc="240,80,260,-80,170,0,330,0" />
</Scene>
<Scene>
<INIT seed="3,0,0,0,1,117" ten="320,180,170,330" oya="3" hai0="86,109,73,83,5,10,58,128,94,119,45,135,30" hai1="20,129,95,18,103,118,52,59,134,36,67,66,47" hai2="133,34,127,54,57,108,107,17,9,27,46,123,81" hai3="64,126,29,50,100,49,19,31,105,22,42,124,112"/><W32/><G112/><T77/><D119/><U85/><E118/><V21/><F107/><W69/><G32/><T3/><D30/><N who="3" m="11273" /><G42/><T38/><D109/><U55/><E134/><V131/><F34/><W41/><G41/><N who="0" m="22711" /><D58/><U79/><E129/><V7/><F108/><W90/><G64/><T98/><D86/><U84/><E36/><V8/><F133/><W102/><G69/><T96/><D135/><U25/><E47/><V65/><F131/><W2/><G2/><T97/><D128/><U106/><E106/><V15/><F127/><N who="3" m="48683" /><G90/><AGARI ba="0,0" hai="3,5,10,73,77,83,90,94,96,97,98" m="22711" machi="90" ten="30,1000,0" yaku="25,1" doraHai="117" who="0" fromWho="3" sc="320,10,180,0,170,0,330,-10" owari="330,43.0,180,-22.0,170,-33.0,320,12.0" />
</Scene>
</mjloggm>