<mjloggm ver="2.3"><GO type="169" lobby="0"/><UN n0="%E9%A7%84%E5%A6%B9" n1="%E4%B8%8D%E8%81%B4%E7%89%8C%E3%83%AA%E3%83%BC%E3%83%81" n2="%2A%E3%81%B6%E3%81%A3%E3%81%A1%2A" n3="%E5%A4%AA%E3%81%8F%E3%81%AA%E3%81%84%E3%81%8A" dan="16,17,17,17" rate="2138.02,2163.33,2091.59,2171.30" sx="F,M,M,M"/><TAIKYOKU oya="0"/>

<Scene>
<INIT seed="0,0,0,3,1,91" ten="250,250,250,250" oya="0" hai0="115,70,65,61,19,72,64,57,89,38,107,95,59" hai1="126,90,22,116,135,121,78,88,29,96,128,31,34" hai2="81,46,113,40,5,21,71,119,98,47,49,125,17" hai3="131,42,75,35,105,134,94,66,15,44,10,83,37"/><T3/><D115/><U106/><E121/><V11/><F113/><W87/><G105/><T45/><D107/><U68/><E34/><V53/><F125/><W85/><G35/><T86/><D72/><U26/><E68/><V43/><F119/><W20/><G134/><T73/><D73/><U62/><E116/><V97/><F71/><W112/><G112/><T114/><D114/><U132/><E106/><V25/><F81/><W99/><G131/><T104/><D104/><U82/><E128/><V1/><REACH who="2" step="1"/><F53/><REACH who="2" ten="250,250,240,250" step="2"/><W24/><G66/><T108/><D65/><U120/><E126/><V102/><F102/><W30/><G83/><T12/><D108/><U6/><E132/><V32/><F32/><W8/><G75/><T118/><D118/><U33/><E135/><V80/><F80/><W50/><G37/><AGARI ba="0,1" hai="1,5,11,17,21,25,37,40,43,46,47,49,97,98" machi="37" ten="30,2000,0" yaku="1,1,7,1,53,0" doraHai="91" doraHaiUra="67" who="2" fromWho="3" sc="250,0,250,0,240,30,250,-20" />
</Scene>
<Scene>
<INIT seed="1,0,0,1,2,61" ten="250,250,270,230" oya="1" hai0="107,100,6,99,123,68,23,4,106,63,131,117,111" hai1="70,1,44,127,13,0,121,87,55,69,133,51,94" hai2="62,116,93,27,77,125,67,17,16,15,104,81,126" hai3="30,34,112,60,39,128,79,54,114,110,12,38,84"/><U14/><E121/><V95/><F104/><W88/><G79/><T8/><D117/><U56/><E133/><V113/><F116/><W86/><G110/><T76/><D123/><U108/><E108/><V132/><F132/><W42/><G128/><T35/><D35/><U80/><E127/><N who="2" m="48651" /><F113/><W120/><G120/><T105/><D131/><U135/><E135/><V82/><F27/><W21/><G34/><T2/><D111/><U119/><E119/><V78/><F78/><W28/><G12/><T22/><D76/><U36/><E14/><V65/><F82/><W66/><G54/><T90/><D90/><U83/><E83/><V45/><F45/><W41/><G60/><T49/><D49/><U71/><E80/><V64/><F62/><W40/><G40/><T11/><D63/><U57/><E13/><V98/><F15/><W43/><G43/><T53/><D53/><U91/><REACH who="1" step="1"/><E36/><REACH who="1" ten="250,240,270,230" step="2"/><V96/><F81/><W74/><G74/><T9/><D2/><AGARI ba="0,1" hai="0,1,2,44,51,55,56,57,69,70,71,87,91,94" machi="2" ten="50,4800,0" yaku="1,1,2,1,53,0" doraHai="61" doraHaiUra="73" who="1" fromWho="0" sc="250,-48,240,58,270,0,230,0" />
</Scene>
<Scene>
<INIT seed="1,1,0,2,1,73" ten="202,298,270,230" oya="1" hai0="125,96,109,132,30,53,100,70,33,26,18,64,84" hai1="40,107,50,22,24,5,4,126,8,82,2,1,59" hai2="90,115,86,10,106,62,38,128,13,108,127,80,56" hai3="83,120,81,41,116,43,36,131,105,71,11,110,46"/><U104/><E126/><V47/><F127/><W55/><G120/><T112/><D112/><U58/><E40/><V93/><F106/><W21/><G105/><T28/><D125/><U23/><E82/><V69/><F69/><W37/><G71/><T88/><D109/><U44/><E44/><V29/><F29/><W0/><G110/><T134/><D28/><U54/><E59/><V19/><F128/><W49/><G131/><T51/><D18/><U98/><E23/><V85/><F115/><W67/><G67/><T101/><D64/><U72/><E72/><V57/><F108/><W103/><G103/><T7/><D7/><U14/><E98/><V121/><F121/><W117/><G21/><T17/><D17/><U77/><E77/><V111/><F111/><W34/><G34/><T66/><D66/><U87/><E87/><V97/><F86/><W75/><G43/><T25/><D25/><U95/><E95/><V39/><F47/><N who="3" m="28095" /><G37/><T114/><D70/><U129/><E129/><V124/><F124/><W113/><G113/><T27/><D27/><U48/><E48/><V63/><F39/><W32/><G32/><T31/><D31/><U12/><E1/><V123/><F38/><W16/><G0/><T102/><D96/><U122/><E122/><V119/><F123/><W65/><G65/><T135/><D114/><U94/><E2/><V130/><F130/><W42/><G42/><T133/><D133/><U45/><E24/><V35/><F35/><W9/><G36/><T99/><D132/><U20/><E104/><V76/><F119/><W6/><G117/><RYUUKYOKU ba="1,0" sc="202,-10,298,-10,270,30,230,-10" hai2="10,13,19,56,57,62,63,76,80,85,90,93,97" />
</Scene>
<Scene>
<INIT seed="2,2,0,1,4,41" ten="192,288,300,220" oya="2" hai0="34,99,133,77,117,102,94,2,58,26,50,14,15" hai1="39,65,111,89,54,60,19,45,81,116,55,87,59" hai2="53,31,114,11,10,132,33,91,78,104,52,101,57" hai3="105,35,131,61,23,62,103,3,95,6,121,5,135"/><V92/><F114/><W122/><G35/><T36/><D36/><U108/><E116/><V80/><F132/><W106/><G135/><T63/><D2/><U125/><E125/><V51/><F33/><W79/><G79/><T96/><D117/><U8/><E39/><V112/><F31/><W56/><G95/><T44/><D77/><U119/><E119/><V93/><F112/><W88/><G23/><T129/><D129/><U28/><E28/><V97/><F93/><W25/><G25/><T123/><D123/><U100/><E100/><V46/><F101/><W0/><G103/><T18/><D99/><U85/><E85/><N who="2" m="48279" /><F104/><W127/><G56/><T43/><D133/><U70/><E59/><V30/><F30/><W4/><G4/><T115/><D115/><U124/><E124/><V128/><F128/><W73/><G127/><T9/><D34/><U7/><E7/><V86/><F97/><W12/><G12/><N who="0" m="7439" /><D26/><U32/><E32/><V49/><AGARI ba="2,0" hai="10,11,46,49,51,52,53,57,86,91,92" m="48279" machi="49" ten="30,6000,0" yaku="8,1,52,1,54,1" doraHai="41" who="2" fromWho="2" sc="192,-22,288,-22,300,66,220,-22" />
</Scene>
<Scene>
<INIT seed="2,3,0,5,4,9" ten="170,266,366,198" oya="2" hai0="122,8,104,57,21,79,39,100,36,50,119,107,55" hai1="4,82,132,53,30,116,77,117,66,51,87,45,0" hai2="75,29,33,71,46,125,52,85,124,74,126,128,86" hai3="109,76,123,62,35,114,101,48,95,112,32,67,103"/><V6/><F71/><W84/><G123/><T99/><D122/><U130/><E130/><V83/><F128/><W98/><G109/><T41/><D107/><U7/><E132/><V63/><F86/><W20/><G103/><T25/><D119/><U10/><E7/><V121/><F121/><W1/><G1/><T15/><D79/><U24/><REACH who="1" step="1"/><E66/><REACH who="1" ten="170,256,366,198" step="2"/><V40/><F6/><W111/><G111/><T27/><D41/><U16/><E16/><V44/><F40/><W37/><G112/><T42/><D42/><U47/><E47/><V110/><F44/><W135/><G114/><T64/><D64/><U11/><E11/><V78/><F110/><W81/><G135/><T23/><D36/><U68/><E68/><V14/><F46/><W105/><G37/><T5/><REACH who="0" step="1"/><D39/><REACH who="0" ten="160,256,366,198" step="2"/><U3/><E3/><V129/><F129/><W61/><G67/><T70/><D70/><U38/><E38/><V92/><F125/><W113/><G113/><T60/><D60/><U80/><E80/><V134/><F63/><W13/><G61/><T26/><AGARI ba="3,2" hai="5,8,15,21,23,25,26,27,50,55,57,99,100,104" machi="26" ten="30,4000,0" yaku="1,1,0,1,52,1,53,0" doraHai="9" doraHaiUra="73" who="0" fromWho="0" sc="160,69,256,-13,366,-23,198,-13" />
</Scene>
<Scene>
<INIT seed="3,0,0,2,2,126" ten="229,243,343,185" oya="3" hai0="99,97,120,81,39,69,38,70,129,48,118,56,12" hai1="72,119,115,104,45,128,22,24,33,79,55,61,58" hai2="11,135,36,34,2,74,108,67,7,82,91,19,30" hai3="26,80,6,100,65,123,116,42,37,89,93,8,76"/><W41/><G116/><T90/><D118/><U117/><E33/><V107/><F108/><W23/><G123/><T114/><D120/><U10/><E104/><V127/><F127/><W106/><G65/><T94/><D114/><U13/><E115/><V0/><F0/><W62/><G62/><T40/><D129/><U59/><E128/><V110/><F110/><W112/><G100/><T47/><D12/><U109/><E109/><V17/><F107/><W32/><G32/><T9/><D9/><U46/><E119/><V66/><F135/><W111/><G106/><T95/><D81/><U68/><E68/><V50/><F36/><W124/><G124/><T35/><D35/><U57/><E117/><V87/><F74/><W105/><G105/><T88/><REACH who="0" step="1"/><D56/><REACH who="0" ten="219,243,343,185" step="2"/><U130/><E130/><V53/><F34/><W131/><G112/><T49/><D49/><U85/><E58/><V28/><F50/><W121/><G131/><T60/><D60/><U125/><E59/><V16/><REACH who="2" step="1"/><F53/><REACH who="2" ten="219,243,333,185" step="2"/><W27/><G111/><T4/><D4/><U29/><E125/><V18/><N who="2" m="4096" /><DORA hai="54" /><V83/><F83/><W73/><G121/><T5/><D5/><U63/><E55/><V102/><F102/><W84/><G37/><AGARI ba="0,2" hai="37,38,39,40,47,48,69,70,88,90,94,95,97,99" machi="37" ten="40,12000,2" yaku="1,1,9,1,54,1,53,3" doraHai="126,54" doraHaiUra="43,86" who="0" fromWho="3" sc="219,140,243,0,333,0,185,-120" />
</Scene>
<Scene>
<INIT seed="4,0,0,0,0,1" ten="359,243,333,65" oya="0" hai0="22,125,85,106,47,120,66,68,56,94,2,71,46" hai1="92,10,4,132,13,128,81,88,89,60,44,35,18" hai2="40,108,104,29,23,43,124,9,100,26,75,77,55" hai3="57,32,48,0,16,118,82,64,130,38,63,78,51"/><T41/><D120/><U76/><E128/><V105/><F108/><W93/><G118/><T90/><D106/><U115/><E132/><V42/><F124/><W61/><G38/><T45/><D2/><U83/><E35/><V31/><F31/><W96/><G32/><T12/><D125/><U5/><E115/><V17/><F100/><W37/><G37/><T117/><D117/><U20/><E76/><V7/><F55/><W50/><G0/><T73/><D73/><U8/><E8/><V69/><F69/><W107/><G107/><T134/><D134/><U79/><E79/><V62/><F62/><W131/><G63/><N who="0" m="38247" /><D68/><U3/><E4/><V27/><F75/><W129/><G16/><N who="0" m="10503" /><D71/><U49/><E60/><V6/><F104/><W103/><REACH who="3" step="1"/><G50/><AGARI ba="0,0" hai="41,45,46,47,50,85,90,94" m="10503,38247" machi="50" ten="30,2900,0" yaku="8,1,54,1" doraHai="1" who="0" fromWho="3" sc="359,29,243,0,333,0,65,-29" />
</Scene>
<Scene>
<INIT seed="4,1,0,5,3,116" ten="388,243,333,36" oya="0" hai0="53,114,15,118,37,9,6,120,100,65,88,97,45" hai1="31,62,7,87,61,14,95,85,42,90,117,10,81" hai2="58,108,46,47,44,129,3,20,18,126,4,101,93" hai3="1,19,39,27,2,109,36,91,34,103,23,48,63"/><T57/><D118/><U106/><E117/><V84/><F108/><W41/><G109/><T89/><D114/><U78/><E106/><V124/><F129/><W22/><G34/><T121/><D65/><U127/><E127/><N who="2" m="48683" /><F58/><W0/><G103/><T16/><D6/><U96/><E31/><V94/><F84/><W70/><G91/><T134/><D134/><U25/><E25/><N who="2" m="14487" /><F101/><W64/><REACH who="3" step="1"/><G22/><REACH who="3" ten="388,243,333,26" step="2"/><T43/><D89/><U79/><E79/><V130/><F130/><W102/><G102/><T119/><D119/><U77/><E77/><V110/><F110/><W52/><G52/><T73/><D88/><U128/><E128/><V113/><F113/><W104/><G104/><T111/><D111/><U107/><E107/><V76/><F76/><W49/><G49/><T122/><D73/><U132/><E87/><V112/><F112/><W28/><G28/><T115/><D115/><U12/><E85/><V123/><F94/><W83/><G83/><T125/><D125/><U59/><E81/><V68/><F93/><W32/><G32/><T66/><D66/><U74/><E78/><V98/><F98/><W99/><G99/><T54/><D54/><U80/><E80/><V60/><F60/><W51/><G51/><T40/><D100/><U86/><E74/><V71/><F71/><W92/><G92/><T33/><D97/><U56/><E96/><V24/><F68/><W13/><G13/><T38/><D33/><U69/><E69/><V131/><F131/><W35/><G35/><T17/><D53/><N who="1" m="33935" /><E90/><V133/><F24/><W29/><G29/><T30/><D30/><RYUUKYOKU ba="1,1" sc="388,-10,243,-10,333,-10,26,30" hai3="0,1,2,19,23,27,36,39,41,48,63,64,70" />
</Scene>
<Scene>
<INIT seed="5,2,1,1,5,79" ten="378,233,323,56" oya="1" hai0="105,51,92,96,93,76,5,121,99,13,91,25,78" hai1="46,111,58,57,66,47,22,63,64,103,116,122,102" hai2="24,75,9,14,33,39,7,36,80,134,119,34,52" hai3="55,59,118,56,2,21,73,6,37,61,4,48,28"/><U90/><E122/><V54/><F119/><W104/><G37/><T126/><D105/><U40/><E116/><V17/><F134/><W49/><G118/><T127/><D121/><U30/><E111/><V101/><F101/><W12/><G104/><T45/><D25/><U20/><E90/><V97/><F97/><W42/><G2/><T44/><D44/><U110/><E110/><V98/><F98/><W107/><G73/><T15/><D78/><U62/><E30/><V112/><F112/><W117/><G107/><T26/><D26/><U32/><E32/><V19/><F19/><W131/><G131/><T100/><D76/><U132/><E132/><V65/><F65/><W125/><G125/><N who="0" m="47627" /><D5/><U68/><E68/><V123/><F123/><W83/><G117/><T114/><D114/><U0/><E0/><V88/><F33/><W27/><G12/><T18/><D18/><U106/><E106/><V10/><F34/><W8/><G8/><T128/><D128/><U70/><E70/><V69/><F69/><W50/><G42/><AGARI ba="2,1" hai="13,15,42,45,51,91,92,93,96,99,100" m="47627" machi="42" ten="30,1000,0" yaku="18,1" doraHai="79" who="0" fromWho="3" sc="378,26,233,0,323,0,56,-16" /><AGARI ba="2,0" hai="20,22,40,42,46,47,57,58,62,63,64,66,102,103" machi="42" ten="25,4800,0" yaku="22,2,8,1" doraHai="79" who="1" fromWho="3" sc="404,0,233,48,323,0,40,-48" owari="404,51.0,281,-12.0,323,12.0,-8,-51.0" />
</Scene>
</mjloggm>