<mjloggm ver="2.3"><GO type="169" lobby="0"/><UN n0="%E7%8B%AC%E6%AD%A9" n1="%E3%83%96%E3%83%AB%E3%83%96%E3%83%AB%E3%83%8F%E3%83%BC%E3%83%84" n2="%E3%81%9F%E3%81%91%E3%81%AB%E3%81%8D" n3="%E5%A4%AA%E3%81%8F%E3%81%AA%E3%81%84%E3%81%8A" dan="20,17,16,17" rate="2261.84,2217.75,2076.31,2144.59" sx="M,M,M,M"/><TAIKYOKU oya="0"/>

<Scene>
<INIT seed="0,0,0,5,3,46" ten="250,250,250,250" oya="0" hai0="71,134,74,117,13,10,85,101,42,131,97,49,67" hai1="99,52,105,9,73,92,15,78,26,91,86,96,119" hai2="5,4,51,112,76,16,77,57,66,109,113,115,0" hai3="61,88,47,38,95,18,108,58,89,11,62,41,90"/><T19/><D117/><U129/><E119/><V43/><F109/><W20/><G108/><T72/><D134/><U68/><E68/><V123/><F123/><W7/><G95/><T23/><D131/><U102/><E129/><V12/><F0/><W130/><G130/><T111/><D111/><U45/><E96/><V69/><F69/><W75/><G75/><T3/><D85/><U50/><E26/><V31/><F31/><W107/><G107/><T110/><D110/><U34/><E34/><V44/><F5/><W100/><G100/><T36/><D36/><U116/><E116/><V87/><F4/><W126/><G126/><T55/><D42/><U32/><E32/><V128/><F128/><W124/><G124/><T81/><D81/><N who="1" m="45263" /><E9/><V17/><F87/><W125/><G125/><T106/><D3/><U80/><E15/><V65/><F17/><W53/><G61/><T33/><D33/><U40/><E80/><V25/><F25/><W59/><G59/><T30/><D30/><U118/><E118/><V127/><F127/><W22/><REACH who="3" step="1"/><G18/><REACH who="3" ten="250,250,250,240" step="2"/><T24/><D71/><U28/><E28/><V94/><F94/><W56/><G56/><N who="0" m="32879" /><D72/><U83/><E83/><V14/><F57/><W122/><G122/><T63/><D74/><U1/><E1/><AGARI ba="0,1" hai="1,7,11,20,22,38,41,47,53,58,62,88,89,90" machi="1" ten="40,2600,0" yaku="1,1,54,1,53,0" doraHai="46" doraHaiUra="64" who="3" fromWho="1" sc="250,0,250,-26,250,0,240,36" />
</Scene>
<Scene>
<INIT seed="1,0,0,5,5,67" ten="250,224,250,276" oya="1" hai0="34,2,46,71,122,39,59,92,49,105,37,53,95" hai1="70,94,9,116,124,111,85,1,58,11,87,90,51" hai2="45,30,7,38,83,15,62,98,18,43,131,57,115" hai3="77,16,0,91,88,4,31,112,123,103,42,35,6"/><U68/><E116/><V28/><F7/><N who="3" m="2603" /><G0/><T10/><D34/><U102/><E1/><V80/><F131/><W69/><G35/><T48/><D105/><U126/><E111/><V8/><F115/><W12/><G69/><N who="1" m="26730" /><E102/><V40/><F40/><W26/><G123/><T66/><D10/><N who="1" m="3595" /><E58/><V109/><F109/><W72/><G72/><T84/><D2/><U135/><E51/><V110/><F110/><W47/><G112/><T106/><D106/><U81/><E135/><V78/><F98/><W133/><G133/><T76/><D122/><U36/><E36/><N who="0" m="13897" /><D92/><U24/><E24/><V82/><F78/><W107/><G107/><T50/><D95/><U25/><E25/><V5/><F5/><W20/><G77/><T101/><D84/><N who="1" m="32331" /><E81/><V33/><F33/><W13/><G103/><T132/><D76/><U23/><E23/><V134/><F134/><W130/><G26/><T125/><D101/><U97/><E97/><V73/><F83/><W114/><G20/><T52/><D132/><U108/><E108/><V41/><F82/><W17/><G114/><T119/><D50/><U60/><E60/><V100/><F100/><W121/><G121/><T56/><D119/><U44/><E44/><V3/><F3/><W21/><G47/><T93/><D93/><U55/><E55/><V129/><F80/><W89/><G21/><T54/><D54/><U75/><E75/><V117/><F45/><W113/><G113/><T22/><D22/><U128/><E128/><V86/><F129/><W32/><G32/><T104/><D104/><U118/><E118/><V96/><F117/><RYUUKYOKU ba="0,0" sc="250,-10,224,30,250,-10,276,-10" hai1="90,94,124,126" />
</Scene>
<Scene>
<INIT seed="1,1,0,0,3,51" ten="240,254,240,266" oya="1" hai0="93,102,37,29,116,30,55,34,27,128,41,112,134" hai1="6,95,16,91,0,121,98,58,36,115,24,59,53" hai2="104,74,111,13,1,7,20,76,45,131,78,92,68" hai3="62,89,65,18,17,5,70,110,120,79,81,105,2"/><U124/><E121/><V118/><F118/><W122/><G105/><T11/><D116/><U126/><E115/><V50/><F104/><W25/><G110/><T39/><D112/><U88/><E36/><V67/><F111/><W14/><G89/><T87/><D128/><U56/><E91/><V3/><F131/><W26/><G2/><T85/><D134/><U117/><E117/><V129/><F129/><W15/><G5/><T103/><D11/><N who="1" m="2503" /><E56/><V43/><F74/><W114/><G114/><T44/><D39/><U97/><E98/><V69/><F92/><W9/><G122/><T21/><D30/><U35/><E35/><V100/><F100/><W46/><G46/><T75/><D75/><U61/><E58/><V86/><F69/><W19/><G120/><T106/><D34/><U80/><E80/><N who="2" m="47367" /><F78/><W101/><G101/><T132/><D132/><U127/><E124/><V108/><F68/><W123/><G123/><T57/><D106/><U48/><E48/><V83/><F83/><W38/><G38/><T8/><D8/><U133/><E133/><V12/><F50/><W71/><G71/><T54/><D102/><U73/><E73/><V28/><F108/><W84/><G9/><T107/><D107/><U63/><E63/><V130/><F130/><W4/><G70/><T113/><D113/><U109/><E109/><V82/><F82/><W10/><G62/><T90/><D103/><U32/><E32/><V94/><F45/><W119/><G119/><T31/><D31/><U66/><E66/><V99/><F28/><W47/><G79/><T42/><D37/><RYUUKYOKU ba="1,0" sc="240,-10,254,30,240,-10,266,-10" hai1="16,24,53,59,61,88,95,97,126,127" />
</Scene>
<Scene>
<INIT seed="1,2,0,1,0,125" ten="230,284,230,256" oya="1" hai0="33,92,51,21,118,15,88,56,79,5,116,53,73" hai1="22,34,132,76,31,63,99,12,18,82,128,122,29" hai2="35,6,102,58,0,28,66,81,115,105,52,7,110" hai3="49,55,11,133,127,47,26,59,77,45,130,1,19"/><U104/><E122/><V17/><F66/><W83/><G127/><T111/><D33/><U40/><E132/><V64/><F64/><W38/><G133/><T44/><D111/><U50/><E34/><V14/><F110/><W84/><G38/><T98/><D79/><U65/><E104/><V90/><F0/><W109/><G109/><T114/><D73/><U54/><E40/><V16/><F115/><W108/><G108/><T27/><D114/><U60/><E99/><V101/><F105/><W42/><G1/><T9/><REACH who="0" step="1"/><D44/><REACH who="0" ten="220,284,230,256" step="2"/><U61/><E65/><V106/><F35/><W123/><G47/><T135/><D135/><U24/><E76/><V112/><F112/><W80/><G45/><T94/><D94/><U30/><E82/><V95/><F81/><W131/><G80/><T97/><D97/><U48/><E54/><V121/><F106/><W23/><G42/><T71/><D71/><U89/><E89/><V87/><F121/><W134/><G134/><T91/><D91/><U75/><E75/><V124/><F124/><W96/><G123/><T25/><D25/><U2/><E24/><V126/><F126/><W3/><REACH who="3" step="1"/><G96/><REACH who="3" ten="220,284,230,246" step="2"/><T41/><D41/><U10/><E2/><V117/><F90/><W100/><G100/><T120/><D120/><U4/><E12/><V36/><F101/><W32/><G32/><T74/><D74/><U57/><E57/><V20/><F102/><W46/><G46/><T39/><D39/><U113/><E113/><V43/><F58/><W62/><G62/><T72/><D72/><U119/><E60/><V68/><F14/><RYUUKYOKU ba="2,2" sc="220,15,284,-15,230,-15,246,15" hai0="5,9,15,21,27,51,53,56,88,92,98,116,118" hai3="3,11,19,23,26,49,55,59,77,83,84,130,131" />
</Scene>
<Scene>
<INIT seed="2,3,2,2,4,117" ten="235,269,215,261" oya="2" hai0="86,11,15,98,58,34,81,59,30,43,92,67,109" hai1="55,133,123,132,125,17,28,60,124,4,66,128,1" hai2="19,85,131,33,41,3,122,68,8,110,82,2,27" hai3="94,113,106,90,9,42,21,50,77,129,97,76,71"/><V130/><F68/><W62/><G129/><N who="2" m="49161" /><F41/><W83/><G113/><T88/><D109/><U112/><E128/><V89/><F110/><W119/><G119/><T101/><D43/><U118/><E118/><V87/><F122/><W52/><G106/><T96/><D67/><U69/><E112/><V75/><F75/><W14/><G42/><T74/><D74/><U20/><E28/><N who="2" m="19615" /><F87/><N who="3" m="50559" /><G21/><T57/><D30/><U54/><E4/><V32/><F32/><W120/><G62/><T102/><D34/><U49/><E1/><V65/><F65/><W127/><G71/><T116/><D116/><U47/><E123/><V121/><F121/><W0/><G0/><T36/><D36/><U79/><E54/><V80/><F80/><W46/><G120/><T114/><D114/><U24/><REACH who="1" step="1"/><E79/><REACH who="1" ten="235,259,215,261" step="2"/><V72/><F72/><W61/><G127/><AGARI ba="3,3" hai="17,20,24,47,49,55,60,66,69,124,125,127,132,133" machi="127" ten="40,5200,0" yaku="1,1,2,1,18,1,53,0" doraHai="117" doraHaiUra="31" who="1" fromWho="3" sc="235,0,259,91,215,0,261,-61" />
</Scene>
<Scene>
<INIT seed="3,0,0,4,1,16" ten="235,350,215,200" oya="3" hai0="88,53,48,106,94,7,62,116,6,86,2,37,108" hai1="81,64,59,32,101,54,57,122,75,79,80,87,34" hai2="33,67,22,109,111,133,60,30,103,18,65,45,126" hai3="17,72,51,96,10,85,68,27,117,135,91,19,50"/><W102/><G72/><T1/><D116/><U82/><E122/><V129/><F126/><W84/><G117/><T63/><D37/><U0/><E81/><V113/><F113/><W23/><G68/><T114/><D106/><U47/><E0/><V36/><F129/><W66/><G66/><T42/><D108/><N who="2" m="41546" /><F133/><W119/><G119/><T97/><D114/><U131/><E101/><V44/><F103/><W123/><G123/><T118/><D42/><U121/><E47/><N who="2" m="17995" /><F36/><W38/><G38/><T49/><D118/><U31/><E31/><V76/><F76/><W99/><G135/><T130/><D130/><U112/><E59/><V8/><F8/><W21/><G10/><T83/><D1/><U107/><E64/><V4/><F4/><N who="0" m="1578" /><D2/><U3/><E3/><V73/><F73/><W105/><G96/><T115/><D115/><U26/><E112/><V56/><F65/><W120/><G120/><T25/><D25/><U24/><E26/><V70/><F70/><W40/><G40/><T58/><D62/><U20/><E131/><V127/><F127/><W43/><G43/><T93/><D93/><U95/><E107/><V110/><F110/><W77/><G77/><AGARI ba="0,0" hai="48,49,53,58,63,77,83,86,88,94,97" m="1578" machi="77" ten="30,2000,0" yaku="8,1,54,1" doraHai="16" who="0" fromWho="3" sc="235,20,350,0,215,0,200,-20" />
</Scene>
<Scene>
<INIT seed="4,0,0,5,2,108" ten="255,350,215,180" oya="0" hai0="116,59,96,91,117,26,106,64,10,121,17,60,90" hai1="44,71,45,30,16,50,85,46,88,43,3,75,58" hai2="23,119,37,62,131,35,134,56,118,49,127,18,19" hai3="31,87,52,112,22,38,122,76,13,53,25,27,120"/><T78/><D78/><U124/><E75/><V77/><F37/><W66/><G38/><T101/><D121/><N who="3" m="46697" /><G66/><T133/><D133/><U94/><E71/><V12/><F35/><N who="3" m="20975" /><G13/><T63/><D63/><U39/><E3/><V4/><F134/><W125/><G125/><T48/><D48/><U0/><E30/><V20/><F127/><W28/><G76/><T82/><D82/><U32/><E0/><V54/><F77/><W65/><G87/><T51/><D51/><U42/><E32/><V72/><F72/><W103/><G103/><T57/><D57/><U89/><E89/><V14/><F131/><W11/><G11/><T129/><D129/><U132/><E132/><V105/><F105/><W93/><G93/><T107/><D107/><U7/><E7/><V128/><F128/><W130/><G65/><T126/><D126/><U8/><E39/><V114/><F4/><W6/><G6/><T97/><D97/><U83/><E94/><V41/><F119/><W102/><G102/><T92/><D106/><U40/><E124/><V110/><F118/><W98/><G98/><T68/><D68/><U74/><E74/><V15/><F15/><W1/><G1/><T84/><D116/><U73/><E73/><V5/><F5/><W29/><G130/><T70/><D117/><U86/><E86/><V69/><F69/><W55/><G28/><T24/><D70/><U34/><E42/><V80/><F41/><W81/><G81/><N who="0" m="49423" /><D101/><U67/><E40/><V79/><F80/><W21/><G21/><T135/><D135/><U109/><E43/><V99/><F79/><RYUUKYOKU ba="0,0" sc="255,15,350,-15,215,-15,180,15" hai0="10,17,24,26,59,60,64,91,92,96" hai3="22,27,29,52,53,55,112" />
</Scene>
<Scene>
<INIT seed="4,1,0,1,3,78" ten="270,335,200,195" oya="0" hai0="37,80,10,95,119,107,12,14,21,97,51,88,85" hai1="70,110,73,5,17,68,106,94,122,8,101,108,100" hai2="69,16,53,116,124,41,77,81,42,87,40,75,123" hai3="134,3,112,115,91,57,47,11,52,50,99,38,129"/><T44/><D119/><U60/><E122/><V118/><F123/><W79/><G129/><T74/><D37/><U31/><E73/><V36/><F124/><W83/><G134/><T45/><D107/><U20/><E31/><V25/><F69/><W62/><G38/><T84/><D74/><U121/><E121/><V18/><F36/><W0/><G91/><N who="0" m="51591" /><D21/><U67/><E68/><V35/><F53/><W2/><G99/><T28/><D28/><U120/><E120/><V104/><F104/><W30/><G30/><T111/><D111/><U125/><E125/><V58/><F58/><W22/><G22/><T39/><D39/><U96/><E101/><V32/><F75/><W4/><G115/><T135/><D135/><U131/><E131/><V127/><F127/><W86/><REACH who="3" step="1"/><G112/><REACH who="3" ten="270,335,200,185" step="2"/><T103/><D10/><U55/><E108/><V105/><F118/><W126/><G126/><T102/><D102/><U117/><E110/><V64/><F116/><W128/><G128/><T49/><D103/><U6/><E117/><V72/><F32/><W63/><G63/><T65/><D97/><U26/><E106/><V109/><F105/><W54/><AGARI ba="1,1" hai="0,2,3,4,11,47,50,52,54,57,62,79,83,86" machi="54" ten="20,8000,1" yaku="1,1,0,1,7,1,52,1,54,1,53,0" doraHai="78" doraHaiUra="133" who="3" fromWho="3" sc="270,-41,335,-21,200,-21,185,93" />
</Scene>
<Scene>
<INIT seed="5,0,0,3,4,61" ten="229,314,179,278" oya="1" hai0="76,32,80,58,25,19,5,39,29,103,52,46,126" hai1="70,7,112,88,79,132,59,73,101,38,15,72,43" hai2="99,11,21,78,0,51,71,113,35,24,90,22,81" hai3="67,74,30,33,102,87,42,98,116,36,62,125,68"/><U16/><E70/><V66/><F113/><W28/><G74/><T115/><D126/><U55/><E101/><V82/><F51/><W4/><G125/><T124/><D124/><U48/><E7/><V89/><F35/><W127/><G127/><T10/><D19/><U130/><E112/><V106/><F22/><W41/><G116/><T23/><D103/><U64/><E79/><V121/><F121/><W118/><G118/><T93/><D93/><U1/><E1/><V2/><F11/><W135/><G135/><T96/><D96/><U111/><E72/><V108/><F108/><W53/><G4/><T65/><D115/><U117/><E73/><V129/><F129/><W131/><G131/><T83/><D32/><U107/><E107/><V20/><F20/><W63/><G87/><T57/><D76/><U6/><E6/><V37/><F37/><W92/><G36/><T104/><D104/><U134/><E130/><V122/><F122/><W14/><G14/><N who="0" m="5455" /><D39/><U27/><E27/><V120/><F120/><W3/><G3/><T95/><D95/><U123/><E117/><V97/><F106/><W69/><G53/><T31/><D31/><U114/><E123/><V60/><F2/><W44/><G33/><T133/><D133/><U56/><E114/><V49/><F0/><W13/><G13/><T40/><D40/><U8/><E111/><V26/><F26/><W18/><G18/><T50/><D46/><N who="1" m="23927" /><E132/><V94/><F78/><W34/><G34/><T85/><D85/><U100/><E134/><V75/><F75/><W128/><G128/><T91/><D91/><RYUUKYOKU ba="0,0" sc="229,30,314,-10,179,-10,278,-10" hai0="23,25,29,50,52,57,58,65,80,83" />
</Scene>
<Scene>
<INIT seed="6,1,0,1,1,27" ten="259,304,169,268" oya="2" hai0="103,38,39,16,115,37,97,40,113,131,24,10,8" hai1="0,95,72,62,123,100,112,35,54,91,89,30,126" hai2="120,6,133,88,2,134,22,114,69,90,28,13,25" hai3="46,1,106,32,92,3,108,57,85,55,116,111,63"/><V59/><F69/><W80/><G106/><T26/><D40/><U49/><E72/><V29/><F120/><W79/><G116/><T34/><D131/><U109/><E0/><V125/><F2/><W58/><G3/><T12/><D10/><U44/><E109/><V74/><F74/><W99/><G1/><T86/><D86/><U71/><E112/><N who="0" m="43081" /><D34/><U96/><E126/><V5/><F114/><W82/><G32/><T73/><D73/><U129/><E129/><V51/><F125/><W4/><G4/><N who="2" m="1641" /><F13/><W78/><G46/><T66/><D66/><U121/><E71/><V75/><F75/><W110/><G57/><T124/><D124/><U23/><E35/><V15/><F15/><W41/><G41/><T33/><D33/><U43/><E121/><V56/><F28/><W81/><REACH who="3" step="1"/><G85/><REACH who="3" ten="259,304,169,258" step="2"/><T102/><D102/><AGARI ba="1,1" hai="55,58,63,78,79,80,81,82,92,99,102,108,110,111" machi="102" ten="50,3200,0" yaku="1,1,2,1,53,0" doraHai="27" doraHaiUra="87" who="3" fromWho="0" sc="259,-35,304,0,169,0,258,45" />
</Scene>
<Scene>
<INIT seed="7,0,0,0,2,83" ten="224,304,169,303" oya="3" hai0="127,23,47,74,66,85,100,75,55,131,87,134,32" hai1="0,42,56,40,64,92,91,68,112,115,39,15,58" hai2="67,99,113,110,117,27,89,63,72,118,86,8,6" hai3="54,35,76,52,34,61,126,24,33,123,120,31,46"/><W16/><G126/><T104/><D32/><U38/><E0/><V57/><F110/><W37/><G76/><T51/><D127/><U60/><E15/><V125/><F125/><W59/><G16/><T90/><D131/><U65/><E92/><V106/><F72/><W69/><G69/><T30/><D134/><U116/><E91/><V11/><F113/><N who="1" m="43593" /><E116/><V96/><F27/><W108/><G108/><T28/><D74/><U70/><E58/><V44/><F44/><W10/><G10/><T48/><D75/><U128/><E128/><V102/><F99/><W71/><G71/><N who="1" m="27178" /><E64/><V119/><REACH who="2" step="1"/><F6/><REACH who="2" ten="224,304,159,303" step="2"/><W1/><G24/><T101/><D28/><U12/><E12/><V135/><F135/><W124/><G31/><T82/><D30/><U53/><E65/><V98/><F98/><W3/><G124/><T81/><D66/><U129/><E129/><V4/><F4/><W114/><G114/><T88/><D104/><U19/><E19/><V7/><F7/><W21/><G3/><T2/><D2/><U103/><E103/><V9/><F9/><W29/><G1/><T80/><D100/><U122/><E122/><V84/><F84/><N who="0" m="32330" /><D101/><U111/><E111/><V79/><F79/><W133/><G133/><T5/><D5/><U105/><E105/><V14/><F14/><W97/><G97/><T45/><D23/><U77/><E77/><V121/><F121/><N who="3" m="46667" /><G21/><T132/><D132/><U13/><E13/><V25/><F25/><W107/><G107/><T62/><D47/><U49/><E40/><V22/><F22/><W26/><G54/><T130/><D130/><RYUUKYOKU ba="0,1" sc="224,-30,304,10,159,10,303,10" hai1="38,39,42,49,53,56,60" hai2="8,11,57,63,67,86,89,96,102,106,117,118,119" hai3="26,29,33,34,35,37,46,52,59,61" />
</Scene>
<Scene>
<INIT seed="7,1,1,3,0,133" ten="194,314,169,313" oya="3" hai0="80,100,112,111,44,95,52,23,91,39,40,8,83" hai1="51,98,79,2,66,121,7,74,27,1,72,88,115" hai2="22,6,14,10,92,77,12,46,9,131,61,64,19" hai3="69,125,119,43,76,123,103,36,32,29,87,126,75"/><W41/><G119/><T97/><D111/><U48/><E121/><V108/><F108/><W56/><G69/><T3/><D112/><U45/><E115/><V24/><F131/><W70/><G70/><T57/><D23/><U99/><E66/><V63/><F77/><W94/><G123/><T104/><D8/><U89/><E27/><V11/><F46/><W71/><G71/><T59/><D59/><U26/><E26/><V130/><F130/><W120/><G120/><T55/><D3/><U30/><E45/><V109/><F109/><W135/><G75/><T73/><D73/><U127/><E79/><V47/><F47/><W90/><G36/><T84/><D55/><U53/><E53/><V122/><F122/><W50/><G135/><T81/><D104/><U17/><E17/><V33/><F92/><W49/><G76/><T93/><D93/><U16/><E16/><N who="2" m="12359" /><F33/><W62/><G32/><T4/><D4/><U128/><E128/><V82/><F82/><W20/><G29/><T118/><D118/><U28/><E7/><V132/><F132/><W114/><G114/><T106/><D106/><U124/><AGARI ba="1,1" hai="1,2,28,30,48,51,72,74,88,89,98,99,124,127" machi="124" ten="25,12000,2" yaku="0,1,22,2,52,2,54,1" doraHai="133" who="1" fromWho="1" sc="194,-31,314,133,169,-31,313,-61" owari="163,-24.0,447,55.0,138,-36.0,252,5.0" />
</Scene>
</mjloggm>