<mjloggm ver="2.3"><GO type="169" lobby="0"/><UN n0="%E5%A4%AA%E3%81%8F%E3%81%AA%E3%81%84%E3%81%8A" n1="%E4%BA%BA%E9%B3%A5%E4%BE%8D%E6%A5%B5" n2="%E3%81%84%E3%82%82%E3%81%91%E3%82%93%70" n3="%E3%81%82%E3%81%96%E3%82%80%E3%81%8F%E3%82%93" dan="17,17,17,16" rate="2154.30,2155.37,2187.96,2077.32" sx="M,F,M,M"/><TAIKYOKU oya="0"/>

<Scene>
<INIT seed="0,0,0,2,3,56" ten="250,250,250,250" oya="0" hai0="1,34,60,71,39,92,46,36,33,40,58,62,102" hai1="41,44,10,131,50,54,81,52,23,135,107,96,31" hai2="73,28,128,25,24,94,15,55,45,66,11,6,5" hai3="121,63,134,14,3,133,129,51,2,101,12,18,98"/><T29/><D1/><U123/><E123/><V97/><F73/><W130/><G121/><T21/><D39/><U72/><E135/><N who="3" m="51722" /><G51/><T127/><D127/><U74/><E74/><V30/><F128/><N who="3" m="49259" /><G63/><T78/><D78/><U32/><E131/><V115/><F66/><W89/><G89/><T22/><D71/><U70/><E70/><V75/><F75/><W65/><G65/><T16/><D29/><N who="2" m="11370" /><F5/><W119/><G119/><T79/><D79/><U105/><E32/><V27/><F115/><W19/><G98/><T4/><D4/><U0/><E0/><N who="3" m="42" /><G101/><T8/><D102/><U99/><E10/><V57/><F45/><W59/><G59/><T38/><D38/><U117/><E117/><V109/><F109/><W7/><G7/><T76/><D92/><U91/><E99/><V43/><F43/><W110/><G110/><T125/><D40/><U77/><E96/><V113/><F113/><W100/><G100/><T104/><D46/><U47/><E47/><V67/><F67/><W20/><G20/><T112/><D21/><U132/><E132/><V120/><F120/><W116/><G116/><T17/><D22/><U118/><E118/><V13/><F94/><W68/><G68/><T84/><D36/><U53/><E91/><V48/><F97/><W61/><G61/><T108/><D62/><U88/><E88/><V85/><F85/><W111/><G111/><T106/><D84/><U35/><E23/><V9/><F6/><W95/><G95/><T64/><D108/><U69/><E69/><V83/><F83/><W114/><G114/><T124/><D76/><RYUUKYOKU ba="0,0" sc="250,-30,250,10,250,10,250,10" hai1="31,35,41,44,50,52,53,54,72,77,81,105,107" hai2="9,11,13,15,24,25,27,48,55,57" hai3="12,14,18,19" />
</Scene>
<Scene>
<INIT seed="1,1,0,5,4,58" ten="220,260,260,260" oya="1" hai0="87,129,103,38,74,72,10,92,9,91,48,67,113" hai1="119,12,43,86,117,57,5,93,1,110,85,56,109" hai2="126,44,8,69,55,70,71,127,28,53,59,27,40" hai3="132,14,15,34,2,17,98,20,49,124,18,64,114"/><U11/><E43/><V96/><F8/><W94/><G114/><T33/><D38/><U6/><E1/><V120/><F96/><W32/><G132/><T97/><D113/><U68/><E5/><V13/><F13/><W37/><G37/><T89/><D33/><U26/><E26/><V131/><F120/><W121/><G121/><T118/><D118/><N who="1" m="45067" /><E68/><V115/><F115/><W36/><G36/><T95/><D129/><U23/><E23/><V123/><F123/><W135/><G124/><N who="2" m="47657" /><F131/><W107/><G107/><T19/><D67/><U100/><E100/><V54/><F59/><N who="1" m="22601" /><E93/><V134/><F134/><W73/><G135/><T21/><D48/><U66/><E66/><V7/><F7/><W101/><G49/><T82/><D74/><U16/><E6/><V90/><F90/><W24/><G2/><T46/><D46/><U77/><E77/><V106/><F106/><W0/><G0/><T45/><D45/><U79/><E79/><V84/><F40/><W104/><G104/><T25/><REACH who="0" step="1"/><D72/><REACH who="0" ten="210,260,260,260" step="2"/><U35/><E35/><N who="2" m="20895" /><F44/><W80/><G34/><T108/><D108/><AGARI ba="1,1" hai="11,12,16,85,86,108,109,110" m="22601,45067" machi="108" ten="30,5800,0" yaku="14,1,10,1,54,1" doraHai="58" who="1" fromWho="0" sc="210,-61,260,71,260,0,260,0" />
</Scene>
<Scene>
<INIT seed="1,2,0,0,4,30" ten="149,331,260,260" oya="1" hai0="73,122,128,125,121,61,47,53,37,66,91,17,110" hai1="20,71,123,42,35,48,101,44,92,78,46,52,97" hai2="89,50,124,85,104,103,127,6,70,82,69,129,94" hai3="26,25,102,98,56,0,86,39,34,108,2,9,64"/><U83/><E123/><N who="0" m="47113" /><D73/><U8/><E71/><V3/><F104/><W80/><G39/><T107/><D107/><U12/><E20/><V38/><F38/><W134/><G108/><T21/><D110/><U28/><E28/><V63/><F129/><W54/><G64/><T116/><D116/><U113/><E113/><V14/><F3/><W100/><G134/><T33/><D128/><U49/><E35/><V58/><F50/><W24/><G102/><T119/><D119/><U131/><E131/><V15/><F103/><W132/><G132/><T133/><D133/><U29/><E29/><V55/><F82/><W109/><G109/><T23/><D125/><N who="2" m="48202" /><F15/><W1/><G9/><AGARI ba="2,0" hai="6,9,14,55,58,63,69,70,85,89,94" m="48202" machi="9" ten="30,1000,0" yaku="18,1" doraHai="30" who="2" fromWho="3" sc="149,0,331,0,260,16,260,-16" />
</Scene>
<Scene>
<INIT seed="2,0,0,4,0,128" ten="149,331,276,244" oya="2" hai0="107,75,74,38,104,58,28,55,0,72,21,85,133" hai1="52,68,71,117,7,77,51,124,45,67,8,20,39" hai2="5,111,91,119,65,19,16,94,42,114,101,14,62" hai3="115,90,89,30,76,112,50,95,10,33,32,48,2"/><V57/><F114/><N who="3" m="43563" /><G76/><T9/><D38/><U118/><E77/><V24/><F119/><W106/><G106/><T54/><D85/><U18/><E124/><V79/><F111/><W98/><G90/><T49/><D28/><U88/><E39/><V46/><F79/><W93/><G93/><T66/><D66/><U135/><E71/><V126/><F101/><W31/><G31/><T103/><D21/><U37/><E37/><V92/><F126/><W15/><G2/><T97/><D107/><U61/><E88/><V134/><F134/><W56/><G56/><T23/><D23/><U69/><E69/><V43/><F94/><W83/><G83/><T86/><D86/><U73/><E73/><V35/><F35/><N who="3" m="13387" /><G30/><T81/><D81/><U22/><E135/><V125/><F125/><W99/><G98/><T12/><D0/><U4/><E4/><AGARI ba="0,0" hai="4,10,15,48,50,89,95,99" m="13387,43563" machi="4" ten="30,1000,0" yaku="11,1" doraHai="128" who="3" fromWho="1" sc="149,0,331,-10,276,0,244,10" />
</Scene>
<Scene>
<INIT seed="3,0,0,1,2,17" ten="149,321,276,254" oya="3" hai0="3,94,24,82,83,107,131,55,75,95,42,114,50" hai1="99,46,43,19,104,1,121,60,58,68,40,116,2" hai2="15,80,92,37,26,64,62,7,33,13,119,86,134" hai3="8,106,130,111,97,27,14,98,16,93,79,0,85"/><W112/><G112/><T54/><D107/><U124/><E121/><V69/><F119/><W120/><G120/><T135/><D3/><U12/><E68/><V51/><F37/><W132/><G132/><T28/><D135/><U77/><E116/><V73/><F134/><W35/><G130/><T4/><D4/><U102/><E77/><V30/><F7/><W44/><G111/><T47/><D131/><U29/><E29/><V126/><F126/><W81/><G106/><T38/><D114/><U57/><E57/><V32/><F32/><W89/><G0/><T122/><D122/><U67/><E43/><V59/><F73/><W128/><G128/><T71/><D71/><U84/><E84/><V117/><F92/><W72/><REACH who="3" step="1"/><G44/><REACH who="3" ten="149,321,276,244" step="2"/><T115/><D115/><U31/><E124/><V53/><REACH who="2" step="1"/><F117/><REACH who="2" ten="149,321,266,244" step="2"/><W5/><G5/><T49/><D38/><U20/><E1/><V48/><F48/><W118/><G118/><T127/><D127/><U52/><E2/><V65/><F65/><W100/><G100/><T63/><D50/><U10/><E67/><V110/><F110/><W21/><G21/><T91/><D49/><N who="1" m="26823" /><E20/><V39/><F39/><W6/><G6/><T123/><D123/><U66/><E66/><V25/><F25/><W11/><G11/><T9/><D24/><U109/><E109/><V105/><F105/><W70/><G70/><T90/><D9/><U34/><E34/><V125/><F125/><W78/><G78/><AGARI ba="0,2" hai="13,15,26,30,33,51,53,59,62,64,69,78,80,86" machi="78" ten="30,2000,0" yaku="1,1,7,1,53,0" doraHai="17" doraHaiUra="88" who="2" fromWho="3" sc="149,0,321,0,266,40,244,-20" />
</Scene>
<Scene>
<INIT seed="4,0,0,0,5,42" ten="149,321,306,224" oya="0" hai0="123,33,28,120,76,55,117,85,130,122,25,38,135" hai1="15,65,74,60,10,100,43,99,1,48,127,45,97" hai2="44,133,0,96,40,54,37,124,72,61,35,12,93" hai3="115,31,30,91,49,58,114,108,128,16,18,22,111"/><T83/><D117/><U6/><E74/><V5/><F72/><W4/><G91/><T106/><D106/><U101/><E127/><V26/><F124/><W7/><G58/><T56/><D130/><U129/><E129/><V53/><F133/><W8/><G49/><T67/><D38/><U23/><E1/><V105/><F105/><W119/><G119/><T88/><D135/><U36/><E23/><V82/><F0/><W92/><G92/><T94/><D67/><U66/><E36/><V77/><F35/><W20/><G8/><T29/><D29/><U73/><E73/><V46/><F26/><W118/><G118/><T95/><REACH who="0" step="1"/><D76/><REACH who="0" ten="139,321,306,224" step="2"/><U21/><E66/><V11/><F77/><W107/><G107/><T70/><D70/><U63/><E65/><V71/><F71/><W80/><G128/><T57/><D57/><U131/><E131/><V116/><F116/><W90/><G90/><T103/><D103/><U98/><E101/><V134/><F134/><W32/><G32/><T112/><D112/><U87/><E100/><V89/><F46/><W78/><G78/><T79/><D79/><U102/><E102/><V64/><F64/><W9/><G9/><T2/><D2/><U59/><E59/><V121/><F44/><W68/><G68/><T75/><D75/><U86/><E45/><V113/><F37/><W41/><G41/><T125/><D125/><U13/><E43/><V34/><F40/><W27/><G27/><T3/><D3/><U62/><E48/><AGARI ba="0,1" hai="25,28,33,48,55,56,83,85,88,94,95,120,122,123" machi="48" ten="40,3900,0" yaku="1,1,54,1,53,0" doraHai="42" doraHaiUra="14" who="0" fromWho="1" sc="139,49,321,-39,306,0,224,0" />
</Scene>
<Scene>
<INIT seed="4,1,0,4,3,133" ten="188,282,306,224" oya="0" hai0="37,4,13,2,111,84,48,46,109,27,126,80,59" hai1="115,9,36,54,93,19,26,112,72,71,68,67,92" hai2="51,0,52,24,119,33,61,31,5,81,89,32,130" hai3="129,134,21,98,117,116,100,101,20,87,29,104,56"/><T60/><D2/><U91/><E72/><V28/><F130/><W97/><G129/><T42/><D27/><U43/><E43/><V15/><F119/><W18/><G134/><T94/><D94/><U40/><E40/><V88/><F15/><W77/><G29/><T76/><D37/><U11/><E36/><V90/><F61/><W135/><G135/><T10/><REACH who="0" step="1"/><D126/><REACH who="0" ten="178,282,306,224" step="2"/><U128/><E93/><V95/><F81/><W1/><G1/><T70/><D70/><U64/><E128/><V103/><F0/><W86/><G117/><T23/><D23/><U38/><E38/><V120/><F103/><W102/><G21/><T17/><D17/><U39/><E39/><V50/><F5/><W105/><G102/><T74/><D74/><U57/><E19/><V22/><F120/><W49/><G116/><T65/><AGARI ba="1,1" hai="4,10,13,42,46,48,59,60,65,76,80,84,109,111" machi="65" ten="30,11700,0" yaku="1,1,0,1,25,2,53,0" doraHai="133" doraHaiUra="114" who="0" fromWho="0" sc="178,130,282,-40,306,-40,224,-40" />
</Scene>
<Scene>
<INIT seed="4,2,0,5,3,88" ten="308,242,266,184" oya="0" hai0="90,125,110,48,84,3,32,52,2,128,13,74,67" hai1="28,95,70,14,80,83,61,1,120,126,27,69,36" hai2="103,25,5,113,89,56,132,47,123,100,94,40,29" hai3="104,75,26,122,63,33,6,20,24,23,58,129,130"/><T22/><D74/><U0/><E120/><V96/><F123/><W134/><G122/><T127/><D32/><U87/><E36/><V43/><F132/><W68/><G75/><T111/><D67/><U57/><E126/><N who="0" m="48137" /><D13/><U46/><E46/><V121/><F121/><W45/><G134/><T102/><D22/><N who="1" m="15479" /><E70/><V54/><F5/><W39/><G68/><T85/><D102/><U60/><E69/><V38/><F40/><W11/><G104/><T21/><D21/><U112/><E112/><V44/><F44/><W98/><G98/><T49/><D49/><U81/><E0/><N who="0" m="41" /><D128/><U92/><E1/><V35/><REACH who="2" step="1"/><F113/><REACH who="2" ten="308,242,256,184" step="2"/><W106/><G130/><T41/><D41/><U135/><E135/><V62/><AGARI ba="2,1" hai="25,29,35,38,43,47,54,56,62,89,94,96,100,103" machi="62" ten="20,8000,1" yaku="1,1,2,1,0,1,7,1,52,1,53,0" doraHai="88" doraHaiUra="73" who="2" fromWho="2" sc="308,-42,242,-22,256,96,184,-22" />
</Scene>
<Scene>
<INIT seed="5,0,0,2,5,118" ten="266,220,352,162" oya="1" hai0="23,83,14,37,56,2,106,95,8,122,25,123,113" hai1="105,67,104,7,20,81,32,102,85,52,78,53,31" hai2="28,101,121,98,96,43,29,48,12,0,119,100,130" hai3="114,19,21,132,82,6,115,70,22,99,24,69,134"/><U128/><E32/><V41/><F0/><W75/><G99/><T60/><D106/><U40/><E40/><V133/><F119/><W17/><G75/><T117/><D117/><U79/><E128/><V39/><F39/><W15/><G82/><T63/><D37/><U110/><E67/><V50/><F130/><W55/><G55/><T54/><D2/><U51/><E7/><V76/><F12/><W107/><G107/><T9/><D113/><N who="3" m="43017" /><G70/><T59/><D95/><U47/><E110/><V35/><F35/><W27/><G69/><T44/><D44/><U11/><E11/><AGARI ba="0,0" hai="6,11,15,17,19,21,22,24,27,132,134" m="43017" machi="11" ten="30,3900,0" yaku="15,1,34,2" doraHai="118" who="3" fromWho="1" sc="266,0,220,-39,352,0,162,39" />
</Scene>
<Scene>
<INIT seed="6,0,0,1,2,74" ten="266,181,352,201" oya="2" hai0="44,95,103,90,20,56,1,31,39,115,85,47,94" hai1="13,110,118,104,65,96,48,14,62,106,28,37,61" hai2="133,27,52,81,22,100,73,76,7,23,78,129,87" hai3="119,105,71,125,84,72,77,51,41,135,130,86,113"/><V66/><F133/><W50/><G119/><T36/><D1/><U26/><E48/><V10/><F129/><W32/><G71/><T0/><D0/><U101/><E118/><V124/><F124/><W59/><G32/><T99/><D115/><U112/><E112/><V69/><F100/><W89/><G105/><T122/><D122/><U91/><E110/><V4/><F66/><W117/><G117/><T46/><D56/><U8/><E37/><V60/><F69/><W97/><G113/><T120/><D120/><U42/><E42/><V17/><F73/><W108/><G108/><T18/><REACH who="0" step="1"/><D31/><REACH who="0" ten="256,181,352,201" step="2"/><U53/><E106/><V128/><F128/><W25/><G130/><T98/><D98/><U2/><E2/><V63/><F63/><W49/><G97/><T12/><AGARI ba="0,1" hai="12,18,20,36,39,44,46,47,85,90,94,95,99,103" machi="12" ten="30,2000,0" yaku="1,1,0,1,53,0" doraHai="74" doraHaiUra="57" who="0" fromWho="0" sc="256,30,181,-5,352,-10,201,-5" />
</Scene>
<Scene>
<INIT seed="7,0,0,5,1,7" ten="286,176,342,196" oya="3" hai0="25,42,11,119,37,50,120,125,31,47,70,81,57" hai1="126,133,20,61,129,46,84,8,27,39,127,68,98" hai2="96,86,5,14,73,51,64,77,21,87,132,108,128" hai3="22,113,100,62,29,72,12,103,90,18,36,97,115"/><W101/><G36/><T15/><D119/><U95/><E133/><V79/><F108/><W26/><G72/><T67/><D120/><U91/><E129/><V92/><F128/><W2/><G2/><T75/><D125/><N who="1" m="47627" /><E98/><V116/><F116/><W66/><G90/><T65/><D70/><U56/><E68/><V106/><F132/><W59/><REACH who="3" step="1"/><G97/><REACH who="3" ten="286,176,342,186" step="2"/><T60/><D37/><U111/><E111/><V71/><F73/><W55/><G55/><N who="0" m="33855" /><D75/><U69/><E69/><V16/><F86/><W114/><G114/><T35/><D42/><N who="1" m="22879" /><E8/><AGARI ba="0,1" hai="8,12,18,22,26,29,59,62,66,100,101,103,113,115" machi="8" ten="40,3900,0" yaku="1,1,52,1,53,0" doraHai="7" doraHaiUra="78" who="3" fromWho="1" sc="286,0,176,-39,342,0,186,49" />
</Scene>
<Scene>
<INIT seed="7,1,0,5,5,72" ten="286,137,342,235" oya="3" hai0="55,49,38,44,57,120,104,100,4,10,126,127,106" hai1="29,60,89,110,27,114,36,46,73,134,132,78,63" hai2="2,84,80,34,105,65,40,31,67,135,58,87,51" hai3="23,41,108,25,33,75,18,1,109,32,77,39,12"/><W6/><G39/><T129/><D120/><U0/><E110/><N who="3" m="42602" /><G41/><N who="0" m="22583" /><D100/><U122/><E89/><V35/><F2/><W128/><G128/><T116/><D116/><U59/><E122/><V130/><F105/><W95/><G95/><T16/><D16/><U85/><E85/><V68/><F68/><W52/><G52/><T54/><D54/><U50/><E36/><V69/><F135/><W22/><G77/><T26/><D26/><U131/><E0/><V86/><F130/><W5/><G75/><T115/><D129/><U117/><E117/><V125/><F125/><N who="0" m="47626" /><D115/><U118/><E118/><V70/><F70/><W96/><G96/><T48/><D48/><U61/><E131/><V97/><F69/><W19/><G1/><AGARI ba="1,0" hai="1,4,10,49,55,57,104,106" m="47626,22583" machi="1" ten="30,1000,0" yaku="18,1" doraHai="72" who="0" fromWho="3" sc="286,13,137,0,342,0,235,-13" owari="299,10.0,137,-36.0,342,44.0,222,-18.0" />
</Scene>
</mjloggm>