<mjloggm ver="2.3"><GO type="169" lobby="0"/><UN n0="%E7%88%86%E5%BC%BE%E4%BA%94%E9%83%8E%EF%BC%92" n1="%E3%83%95%E3%83%AA%E3%83%BC%E3%82%B6%E6%A7%98" n2="%E5%A4%AA%E3%81%8F%E3%81%AA%E3%81%84%E3%81%8A" n3="%7A%65%6C%64%65%6E" dan="16,16,17,19" rate="2138.29,2083.42,2225.93,2277.05" sx="M,M,M,M"/><TAIKYOKU oya="0"/>

<Scene>
<INIT seed="0,0,0,4,2,116" ten="250,250,250,250" oya="0" hai0="10,81,17,78,127,79,9,43,94,32,23,6,73" hai1="102,49,108,33,21,93,133,34,114,18,99,82,48" hai2="70,64,132,42,128,66,63,83,15,120,77,31,20" hai3="8,104,5,121,58,124,41,28,135,51,95,50,112"/><T35/><D78/><U101/><E108/><V13/><F128/><W118/><G104/><T130/><D130/><U76/><E133/><V53/><F132/><W90/><G112/><T36/><D127/><U87/><E114/><V60/><F53/><W14/><G118/><T84/><D10/><U80/><E102/><V74/><F42/><W52/><G135/><T46/><D84/><U29/><E82/><V26/><REACH who="2" step="1"/><F120/><REACH who="2" ten="250,250,240,250" step="2"/><W123/><G124/><T105/><D105/><U107/><E107/><V30/><F30/><W110/><G110/><T98/><D98/><U38/><E29/><V1/><F1/><W111/><G28/><T19/><D94/><U96/><E96/><V27/><F27/><W71/><G111/><T39/><D39/><U12/><E38/><V129/><F129/><W65/><G41/><T4/><D4/><U0/><E0/><V67/><F67/><W55/><G65/><T115/><D115/><U44/><E49/><V59/><AGARI ba="0,1" hai="13,15,20,26,31,59,60,63,64,66,70,74,77,83" machi="59" ten="20,2700,0" yaku="1,1,0,1,7,1,53,0" doraHai="116" doraHaiUra="86" who="2" fromWho="2" sc="250,-13,250,-7,240,37,250,-7" />
</Scene>
<Scene>
<INIT seed="1,0,0,5,3,33" ten="237,243,277,243" oya="1" hai0="86,22,83,118,42,12,31,100,0,60,16,125,38" hai1="57,2,109,43,66,65,76,23,110,3,75,63,81" hai2="59,131,89,20,67,79,46,104,18,56,19,11,101" hai3="8,1,128,94,24,51,116,21,47,29,5,53,107"/><U10/><E43/><V7/><F131/><W85/><G107/><T115/><D118/><U129/><E129/><V99/><F79/><W68/><G128/><T114/><D125/><U123/><E123/><V71/><F71/><W93/><G116/><T92/><D31/><U98/><E10/><V74/><F74/><W82/><REACH who="3" step="1"/><G68/><REACH who="3" ten="237,243,277,233" step="2"/><T113/><D38/><U9/><E110/><V132/><F104/><W96/><G96/><T54/><D42/><U40/><E40/><V62/><F99/><W117/><G117/><T17/><D113/><U37/><E98/><V72/><F132/><W70/><G70/><T97/><D115/><U127/><E109/><V73/><F73/><W91/><AGARI ba="0,1" hai="1,5,8,21,24,29,47,51,53,82,85,91,93,94" machi="91" ten="20,8000,1" yaku="1,1,0,1,7,1,52,1,53,1" doraHai="33" doraHaiUra="35" who="3" fromWho="3" sc="237,-20,243,-40,277,-20,233,90" />
</Scene>
<Scene>
<INIT seed="2,0,0,0,1,114" ten="217,203,257,323" oya="2" hai0="131,112,60,35,46,1,122,9,15,83,58,40,113" hai1="14,134,77,32,73,68,74,10,87,70,29,84,27" hai2="17,91,130,61,4,101,78,126,33,56,129,47,69" hai3="59,8,128,6,94,115,51,48,26,18,123,24,55"/><V3/><F33/><W99/><G123/><T100/><D122/><U116/><E116/><V23/><F69/><W63/><G128/><T34/><D131/><N who="2" m="50186" /><F126/><W71/><G115/><T0/><D100/><U19/><E134/><V95/><F78/><W67/><G48/><T57/><D57/><U127/><E127/><V76/><F76/><W62/><G51/><T64/><D83/><U82/><REACH who="1" step="1"/><E87/><REACH who="1" ten="217,193,257,323" step="2"/><N who="2" m="52735" /><F101/><W65/><G71/><AGARI ba="0,1" hai="10,14,19,27,29,32,68,70,71,73,74,77,82,84" machi="71" ten="40,1300,0" yaku="1,1,53,0" doraHai="114" doraHaiUra="108" who="1" fromWho="3" sc="217,0,193,23,257,0,323,-13" />
</Scene>
<Scene>
<INIT seed="3,0,0,4,4,93" ten="217,216,257,310" oya="3" hai0="43,105,9,77,49,126,130,112,86,89,15,102,121" hai1="52,79,6,30,135,82,94,0,26,20,18,92,47" hai2="14,80,4,36,90,103,124,88,24,45,118,91,21" hai3="35,75,19,71,73,23,66,108,110,69,25,59,32"/><W31/><G59/><T83/><D121/><U123/><E123/><V98/><F118/><W16/><G66/><T132/><D112/><U96/><E135/><V120/><F120/><W129/><G129/><T51/><D132/><U114/><E114/><V131/><F131/><W122/><G122/><T127/><D130/><U95/><E0/><V28/><F124/><N who="0" m="47658" /><D43/><U29/><E6/><V101/><F80/><W63/><G63/><T111/><D111/><N who="3" m="42537" /><G19/><N who="0" m="8687" /><D102/><N who="2" m="38922" /><F36/><W72/><G31/><T40/><D105/><U13/><E96/><V39/><F39/><W128/><G128/><T1/><D1/><U44/><E30/><V81/><F45/><W99/><G99/><T34/><D34/><AGARI ba="0,0" hai="16,23,25,32,34,35,69,71,72,73,75" m="42537" machi="34" ten="40,7700,0" yaku="14,1,10,1,54,1" doraHai="93" who="3" fromWho="0" sc="217,-77,216,0,257,0,310,77" />
</Scene>
<Scene>
<INIT seed="3,1,0,2,1,30" ten="140,216,257,387" oya="3" hai0="118,135,100,80,61,111,31,91,114,90,43,62,17" hai1="44,73,126,122,105,87,130,0,99,42,7,70,32" hai2="68,21,29,60,33,37,38,131,84,59,66,112,109" hai3="113,124,103,125,128,2,123,51,89,63,71,96,1"/><W49/><G113/><T85/><D114/><U26/><E87/><V18/><F112/><W94/><G123/><T115/><D115/><U10/><E122/><V23/><F109/><W81/><G128/><T9/><D111/><U78/><E130/><V79/><F131/><W6/><G81/><T54/><D118/><U11/><E11/><V108/><F108/><W65/><G103/><T121/><D121/><U4/><E4/><V110/><F110/><W101/><G101/><T134/><D100/><N who="1" m="62623" /><E126/><N who="3" m="48746" /><G6/><T92/><D43/><U102/><E102/><V28/><F68/><W56/><G71/><T106/><D106/><U13/><E13/><V67/><F84/><W16/><G16/><T97/><D54/><U3/><E3/><AGARI ba="1,0" hai="1,2,3,49,51,56,63,65,89,94,96" m="48746" machi="3" ten="30,1500,0" yaku="18,1" doraHai="30" who="3" fromWho="1" sc="140,0,216,-18,257,0,387,18" />
</Scene>
<Scene>
<INIT seed="3,2,0,2,3,7" ten="140,198,257,405" oya="3" hai0="49,21,12,97,117,116,2,39,110,60,57,29,22" hai1="67,119,40,25,109,17,19,15,66,112,11,76,134" hai2="23,88,90,24,78,91,114,107,54,113,128,73,4" hai3="81,32,26,98,108,80,96,45,69,9,72,70,35"/><W62/><G45/><T59/><D39/><U1/><E112/><V130/><F54/><W6/><G108/><T16/><D2/><U53/><E109/><V120/><F4/><W83/><G72/><T3/><D3/><U71/><E1/><V41/><F41/><W50/><G50/><T13/><D110/><U123/><E123/><V102/><F120/><W74/><G74/><T124/><D124/><U106/><E106/><V51/><F51/><W89/><G89/><T100/><D49/><U46/><E119/><V14/><F14/><W93/><G62/><T44/><D44/><U131/><E131/><N who="2" m="50219" /><F23/><W63/><G63/><T30/><D59/><U28/><E134/><V68/><F24/><W133/><G133/><T55/><D29/><U99/><E71/><V56/><F56/><W101/><G96/><T58/><D58/><U86/><E99/><N who="2" m="61919" /><F68/><W27/><G27/><T64/><D55/><U52/><E19/><V79/><F73/><W103/><G26/><T95/><D30/><U18/><E18/><AGARI ba="2,0" hai="12,13,16,18,21,22,57,60,64,95,97,100,116,117" machi="18" ten="40,2600,0" yaku="9,1,54,1" doraHai="7" who="0" fromWho="1" sc="140,32,198,-32,257,0,405,0" />
</Scene>
<Scene>
<INIT seed="4,0,0,3,0,108" ten="172,166,257,405" oya="0" hai0="4,92,112,27,102,78,35,89,85,73,122,116,17" hai1="56,126,20,72,8,18,129,36,3,91,34,74,33" hai2="107,61,54,14,10,49,115,31,117,111,44,7,114" hai3="6,83,32,46,2,66,1,88,64,118,106,98,123"/><T101/><D116/><U99/><E36/><V24/><F111/><W71/><G32/><T0/><D122/><U131/><E126/><V135/><F107/><W113/><G118/><T52/><D73/><N who="1" m="28267" /><E56/><V12/><F117/><W45/><G6/><T23/><D35/><U43/><E43/><V110/><F110/><W81/><G98/><T67/><D67/><U63/><E63/><V76/><F76/><W48/><G106/><T93/><D78/><U96/><E96/><V26/><F135/><W19/><G19/><T59/><D93/><N who="1" m="56767" /><E8/><V80/><F80/><W90/><G48/><T68/><D68/><U103/><E103/><V109/><F109/><W128/><G71/><T47/><D47/><U11/><E11/><V15/><F61/><W22/><G46/><T95/><D95/><U94/><E3/><V16/><F26/><W29/><G45/><T39/><D39/><U133/><E94/><V9/><REACH who="2" step="1"/><F15/><REACH who="2" ten="172,166,247,405" step="2"/><W69/><G2/><T51/><D101/><U21/><E133/><V119/><F119/><W62/><G62/><T82/><D102/><U40/><E131/><V41/><F41/><W105/><G1/><T42/><D42/><U124/><E129/><V132/><F132/><W53/><G128/><T57/><D82/><U127/><E40/><V50/><F50/><W38/><G83/><T125/><D125/><U55/><E127/><V100/><F100/><W75/><G81/><T84/><D84/><U70/><E124/><V13/><F13/><W77/><G75/><T37/><D37/><U120/><E120/><V5/><F5/><W65/><G38/><RYUUKYOKU ba="0,1" sc="172,-10,166,-10,247,30,405,-10" hai2="7,9,10,12,14,16,24,31,44,49,54,114,115" />
</Scene>
<Scene>
<INIT seed="5,1,1,5,4,99" ten="162,156,277,395" oya="1" hai0="29,119,5,86,110,75,114,79,65,87,40,105,2" hai1="57,134,106,24,83,122,113,43,91,116,111,89,64" hai2="127,28,121,128,9,63,98,31,61,55,103,6,16" hai3="92,34,101,69,74,100,95,97,58,44,37,8,73"/><U108/><E122/><V41/><F121/><W67/><G34/><T27/><D105/><U131/><E116/><V93/><F128/><W15/><G69/><T135/><D119/><U84/><E131/><V1/><F127/><W3/><G3/><T46/><D110/><N who="1" m="42027" /><E106/><V13/><F41/><W54/><G67/><T85/><D135/><U33/><E134/><V66/><F55/><W51/><G95/><T35/><D114/><U118/><E118/><V80/><F80/><W102/><G74/><T104/><D104/><U107/><E107/><V36/><F36/><W21/><G21/><T94/><D65/><U39/><E113/><V129/><F129/><W17/><G73/><T48/><D2/><U59/><E64/><V68/><REACH who="2" step="1"/><F63/><REACH who="2" ten="162,156,267,395" step="2"/><N who="3" m="36311" /><G37/><T71/><D40/><AGARI ba="1,2" hai="8,15,17,40,44,51,92,97,100,101,102" m="36311" machi="40" ten="30,7700,0" yaku="8,1,52,3" doraHai="99" who="3" fromWho="0" sc="162,-80,156,0,267,0,395,100" />
</Scene>
<Scene>
<INIT seed="6,0,0,5,3,32" ten="82,156,267,495" oya="2" hai0="87,72,91,17,85,106,113,43,0,29,135,73,126" hai1="132,120,37,39,129,65,11,7,79,115,30,9,117" hai2="20,74,6,78,26,84,28,98,90,52,35,122,45" hai3="24,3,15,16,27,123,44,86,68,66,88,25,125"/><V114/><F122/><W70/><G3/><T33/><D106/><U102/><E117/><V12/><F114/><W108/><G108/><T77/><D113/><U100/><E115/><V56/><F45/><W128/><G123/><T67/><D67/><U61/><E120/><V95/><F74/><W50/><G125/><T41/><D17/><U10/><E7/><V116/><F116/><W21/><G128/><T105/><D105/><U81/><E30/><V97/><F78/><W1/><G1/><T92/><D135/><U34/><E34/><V127/><F127/><W64/><G68/><T47/><D126/><U38/><E129/><V54/><F54/><N who="3" m="30023" /><G70/><T48/><D41/><U14/><E14/><V111/><F111/><W36/><G36/><T124/><D0/><U59/><REACH who="1" step="1"/><E132/><REACH who="1" ten="82,146,267,495" step="2"/><V71/><F71/><W63/><G15/><T4/><D4/><U112/><E112/><V2/><F2/><W60/><G27/><T134/><D134/><U40/><E40/><V101/><F101/><W131/><G25/><T62/><D124/><U89/><E89/><V118/><F118/><W31/><G31/><T51/><D29/><U80/><E80/><V13/><F13/><W5/><G131/><T96/><D33/><U18/><E18/><N who="2" m="10311" /><F6/><W104/><G5/><T46/><D77/><U82/><E82/><V107/><F107/><W94/><G104/><T75/><D46/><U109/><E109/><V53/><F56/><W133/><G133/><T58/><D47/><U55/><E55/><N who="2" m="21067" /><F35/><W93/><G93/><T69/><D69/><U121/><E121/><V76/><F76/><RYUUKYOKU ba="0,1" sc="82,-30,146,10,267,10,495,10" hai1="9,10,11,37,38,39,59,61,65,79,81,100,102" hai2="26,28,84,90,95,97,98" hai3="16,21,24,60,63,64,66,86,88,94" />
</Scene>
<Scene>
<INIT seed="6,1,1,2,1,64" ten="52,156,277,505" oya="2" hai0="53,26,41,98,2,40,49,73,0,47,66,115,83" hai1="93,19,134,59,24,113,12,126,75,84,100,99,109" hai2="130,76,121,119,4,43,124,1,69,14,102,18,112" hai3="27,5,82,132,88,95,79,123,67,58,11,74,21"/><V31/><F76/><W92/><G123/><T48/><D115/><U29/><E109/><V28/><F102/><W56/><G132/><T122/><D122/><U25/><E75/><V52/><F121/><W78/><G67/><T6/><D26/><U101/><E113/><V45/><F112/><W15/><G79/><T51/><D98/><U35/><E134/><V16/><F119/><W65/><G65/><T63/><D83/><U71/><E71/><V110/><F69/><W72/><G72/><T103/><D103/><U20/><E126/><V117/><F117/><W7/><G7/><T10/><D0/><U68/><E68/><V111/><F124/><W135/><G135/><T107/><D107/><U22/><E101/><V80/><F80/><W13/><G13/><T44/><D73/><U91/><E59/><V90/><F90/><W54/><G54/><T89/><D89/><U87/><E91/><V114/><F114/><W85/><G92/><T36/><REACH who="0" step="1"/><D40/><REACH who="0" ten="42,156,277,505" step="2"/><U62/><E25/><V61/><F1/><W60/><G74/><T50/><D50/><U108/><E24/><V70/><F43/><W23/><G27/><T129/><D129/><U42/><E42/><V81/><F81/><W96/><G82/><T17/><D17/><U32/><E19/><V39/><F16/><W125/><G78/><T34/><D34/><U131/><E32/><V120/><F18/><W128/><G96/><T38/><D38/><U77/><E35/><V118/><F120/><W94/><G128/><T106/><D106/><U97/><E131/><V55/><F130/><W33/><G33/><RYUUKYOKU ba="1,2" sc="42,30,156,-10,277,-10,505,-10" hai0="2,6,10,36,41,44,47,48,49,51,53,63,66" />
</Scene>
<Scene>
<INIT seed="7,2,2,3,5,54" ten="72,146,267,495" oya="3" hai0="85,135,80,90,43,65,63,22,42,132,72,111,62" hai1="93,57,1,105,5,33,134,16,26,38,52,78,61" hai2="46,110,41,133,15,115,51,10,103,28,32,108,83" hai3="77,107,68,131,94,100,29,125,120,118,7,8,6"/><W79/><G68/><T67/><D72/><U12/><E105/><V30/><F115/><W58/><G58/><T96/><D111/><U20/><E38/><V50/><F133/><W117/><G29/><T91/><D96/><U17/><E134/><V14/><F103/><W9/><G94/><T81/><D22/><U40/><E40/><V97/><F97/><W84/><G84/><T89/><D89/><U121/><E121/><V82/><F41/><W35/><G35/><T47/><D47/><U53/><E78/><V102/><F46/><W113/><G79/><T106/><REACH who="0" step="1"/><D106/><REACH who="0" ten="62,146,267,495" step="2"/><U99/><E33/><V31/><F32/><W39/><G107/><T24/><D24/><U0/><E99/><V4/><F110/><W76/><G76/><T129/><D129/><U66/><E26/><V70/><F108/><W60/><G77/><T21/><D21/><U112/><E20/><V48/><F102/><W114/><G100/><T2/><D2/><U101/><E0/><V36/><F15/><W126/><G131/><T123/><D123/><U37/><E1/><V64/><F14/><W69/><G120/><T116/><D116/><U44/><E12/><V25/><F25/><W71/><G117/><T11/><D11/><U56/><E101/><V18/><F10/><W88/><G9/><T98/><D98/><U87/><E44/><V55/><F30/><W59/><G8/><T45/><D45/><U122/><E122/><V74/><F31/><W49/><G118/><T95/><D95/><U34/><E93/><V19/><F28/><W130/><G130/><T73/><D73/><RYUUKYOKU ba="2,3" sc="62,30,146,-10,267,-10,495,-10" hai0="42,43,62,63,65,67,80,81,85,90,91,132,135" owari="92,-41.0,136,-26.0,257,6.0,515,61.0" />
</Scene>
</mjloggm>