<mjloggm ver="2.3"><GO type="169" lobby="0"/><UN n0="%EF%BD%9E%E5%A4%A2%E7%8F%BE%EF%BD%9E" n1="%E5%A4%AA%E3%81%8F%E3%81%AA%E3%81%84%E3%81%8A" n2="%E3%82%89%E3%81%8F%E3%81%A0%EF%BC%90%EF%BC%91%EF%BC%90%EF%BC%99" n3="%E3%81%8A%E3%81%98%E3%81%95%E3%82%93" dan="16,17,17,17" rate="2125.51,2145.38,2123.74,2208.56" sx="M,M,M,M"/><TAIKYOKU oya="0"/>

<Scene>
<INIT seed="0,0,0,0,0,71" ten="250,250,250,250" oya="0" hai0="24,92,16,93,111,116,3,38,96,7,132,34,1" hai1="52,108,22,58,84,23,105,44,75,81,101,91,65" hai2="89,11,9,99,47,6,4,62,27,33,103,126,134" hai3="68,94,113,80,36,120,59,19,49,97,54,48,73"/><T114/><D116/><U123/><E123/><V30/><F134/><W100/><G113/><T106/><D114/><U46/><E108/><V5/><F126/><W121/><G68/><T74/><D74/><U95/><E65/><V67/><F89/><W2/><G2/><T40/><D132/><U12/><E105/><V31/><F31/><W85/><G73/><T35/><D106/><U76/><E101/><V128/><F128/><W127/><G127/><T70/><D70/><U135/><E135/><V69/><REACH who="2" step="1"/><F47/><REACH who="2" ten="250,250,240,250" step="2"/><W51/><G121/><T10/><D111/><U133/><E133/><V8/><F8/><W60/><G120/><T29/><D35/><U17/><REACH who="1" step="1"/><E23/><REACH who="1" ten="250,240,240,250" step="2"/><V28/><F28/><W13/><G36/><T82/><D29/><U39/><E39/><V130/><F130/><W102/><G102/><T110/><D110/><U125/><E125/><V57/><F57/><W77/><REACH who="3" step="1"/><G51/><AGARI ba="0,2" hai="12,17,22,44,46,51,52,58,75,76,81,84,91,95" machi="51" ten="30,8000,1" yaku="1,1,7,1,25,2,54,1,53,0" doraHai="71" doraHaiUra="63" who="1" fromWho="3" sc="250,0,240,100,240,0,250,-80" />
</Scene>
<Scene>
<INIT seed="1,0,0,0,5,131" ten="250,340,240,170" oya="1" hai0="43,47,120,126,28,129,80,100,29,9,19,102,98" hai1="70,62,135,54,16,18,84,114,118,77,72,112,2" hai2="53,127,30,50,78,132,65,8,14,21,27,92,60" hai3="97,83,7,107,122,57,93,0,73,23,94,117,110"/><U42/><E118/><V20/><F127/><W121/><G117/><T95/><D126/><U56/><E2/><V75/><F132/><W85/><G73/><T32/><D129/><U79/><E72/><V67/><F92/><W34/><G34/><T76/><D120/><U109/><E42/><V101/><F101/><W66/><G66/><T52/><D102/><U61/><E109/><V128/><F128/><W33/><G33/><T105/><D105/><U46/><E46/><V81/><F21/><W40/><G40/><T63/><D32/><U104/><E104/><V88/><F60/><W26/><G57/><N who="0" m="35239" /><D43/><U89/><E135/><V130/><F130/><W103/><G110/><T68/><D47/><U99/><E99/><V115/><F115/><W37/><G37/><T82/><D68/><U24/><E114/><V64/><F88/><W51/><G51/><T15/><D76/><U10/><E112/><V90/><F90/><W3/><G122/><T134/><D134/><U124/><E124/><V17/><F67/><W5/><G121/><T74/><D74/><U38/><E38/><V111/><F111/><W22/><G3/><T116/><D116/><U133/><E133/><V49/><F49/><W123/><G0/><T4/><D4/><N who="3" m="1609" /><G123/><T69/><D69/><U39/><E39/><V58/><AGARI ba="0,0" hai="8,14,17,20,27,30,50,53,58,64,65,75,78,81" machi="58" ten="20,1500,0" yaku="0,1,7,1" doraHai="131" who="2" fromWho="2" sc="250,-4,340,-7,240,15,170,-4" />
</Scene>
<Scene>
<INIT seed="2,0,0,3,4,109" ten="246,333,255,166" oya="2" hai0="112,45,89,92,10,27,22,20,107,86,51,129,93" hai1="115,50,91,21,133,11,42,32,122,82,26,103,113" hai2="67,49,2,7,132,48,38,114,31,124,8,64,106" hai3="9,46,76,40,94,78,135,35,29,69,111,123,30"/><V66/><F38/><W125/><G123/><T1/><D107/><U43/><E32/><V6/><F106/><W87/><G69/><T63/><D129/><U61/><E103/><V47/><F132/><W14/><G135/><T108/><D108/><U65/><E133/><V77/><F124/><W130/><G125/><T110/><D110/><U95/><E82/><V72/><F114/><W100/><G111/><T73/><D73/><U37/><E37/><V84/><F72/><W3/><G3/><T33/><D63/><U58/><E11/><V80/><F7/><W74/><G74/><T101/><D112/><U41/><E50/><V19/><F31/><N who="3" m="11787" /><G35/><T118/><D33/><U99/><REACH who="1" step="1"/><E122/><REACH who="1" ten="246,323,255,166" step="2"/><V88/><F47/><W17/><G130/><T28/><D101/><U39/><E39/><V54/><F48/><N who="3" m="26695" /><G100/><T117/><D51/><U131/><E131/><V121/><F121/><W79/><G94/><T120/><D93/><U127/><E127/><V116/><F116/><W81/><AGARI ba="0,1" hai="9,14,17,76,78,79,81,87" m="26695,11787" machi="81" ten="30,1100,0" yaku="8,1" doraHai="109" who="3" fromWho="3" sc="246,-3,323,-3,255,-5,166,21" />
</Scene>
<Scene>
<INIT seed="3,0,0,1,0,86" ten="243,320,250,187" oya="3" hai0="57,121,58,82,125,3,87,92,117,45,131,129,122" hai1="97,5,61,0,36,49,85,119,31,56,128,67,93" hai2="22,8,106,38,124,23,73,26,99,94,42,100,55" hai3="76,132,74,126,62,2,79,11,46,115,135,77,15"/><W70/><G115/><T7/><D3/><U130/><E36/><V52/><F73/><W113/><G113/><T123/><D7/><U101/><E119/><V21/><F124/><W83/><G126/><T43/><D125/><U98/><E85/><V13/><F26/><W50/><G2/><T4/><D4/><U40/><E5/><V6/><REACH who="2" step="1"/><F106/><REACH who="2" ten="243,320,240,187" step="2"/><W48/><G74/><T28/><D117/><U1/><E130/><V29/><F29/><W81/><G135/><T133/><D133/><U127/><E128/><V35/><F35/><W116/><G132/><T47/><D122/><U112/><E127/><V30/><F30/><W108/><G116/><T80/><D28/><U114/><E114/><V20/><N who="2" m="5120" /><DORA hai="120" /><V27/><F27/><W63/><G108/><T71/><D131/><U53/><E31/><V72/><F72/><W118/><G118/><T96/><D129/><U109/><E112/><V12/><F12/><W41/><G15/><T65/><D123/><U95/><E109/><V64/><F64/><N who="3" m="41239" /><G11/><T16/><D65/><U88/><REACH who="1" step="1"/><E40/><REACH who="1" ten="243,310,240,187" step="2"/><V17/><F17/><W66/><G41/><T134/><D43/><U84/><E84/><V60/><F60/><W69/><G63/><T110/><D87/><U37/><E37/><V10/><F10/><W25/><G25/><T91/><D121/><U24/><E24/><V51/><F51/><W9/><G9/><T111/><D134/><U90/><E90/><V54/><F54/><N who="3" m="29975" /><G50/><T75/><D75/><U68/><AGARI ba="0,2" hai="0,1,49,53,56,61,67,68,88,93,95,97,98,101" machi="68" ten="20,8000,1" yaku="1,1,0,1,7,1,52,1,54,1,53,0" doraHai="86,120" doraHaiUra="19,102" who="1" fromWho="1" sc="243,-20,310,100,240,-20,187,-40" />
</Scene>
<Scene>
<INIT seed="4,0,0,5,2,134" ten="223,410,220,147" oya="0" hai0="1,32,135,34,21,131,37,83,130,72,7,87,128" hai1="109,115,122,123,74,111,24,96,84,33,65,82,76" hai2="59,46,9,13,20,70,64,112,66,60,108,100,98" hai3="85,126,23,4,19,42,69,15,8,88,56,116,3"/><T47/><D135/><U117/><E65/><V93/><F108/><N who="1" m="41545" /><E24/><V53/><F112/><W30/><G126/><T36/><D21/><U124/><E33/><N who="0" m="12905" /><D47/><U17/><E17/><V106/><F106/><W39/><G116/><T104/><D87/><U127/><E117/><V26/><F46/><W95/><G69/><T125/><D104/><U0/><E0/><V77/><F77/><W132/><G132/><T105/><D105/><U73/><E96/><V45/><F45/><W38/><G42/><T129/><N who="0" m="32768" /><DORA hai="29" /><T133/><D133/><U67/><E67/><V110/><F110/><W35/><G56/><T11/><D125/><N who="1" m="48203" /><E115/><V118/><F70/><W119/><G119/><T79/><AGARI ba="0,0" hai="1,7,11,36,37,72,79,83" m="32768,12905" machi="79" ten="60,12000,1" yaku="19,1,23,1,52,3" doraHai="134,29" who="0" fromWho="0" sc="223,120,410,-40,220,-40,147,-40" />
</Scene>
<Scene>
<INIT seed="4,1,0,4,3,71" ten="343,370,180,107" oya="0" hai0="82,8,46,10,121,91,6,20,41,129,97,23,42" hai1="104,24,92,123,133,89,81,25,26,111,17,116,50" hai2="107,65,13,44,105,22,95,40,11,52,14,79,29" hai3="61,85,103,102,113,5,53,59,114,96,19,15,101"/><T90/><D121/><U109/><E123/><V18/><F65/><W3/><G85/><T128/><D97/><U84/><E104/><V112/><F112/><N who="3" m="43115" /><G5/><T108/><D82/><U124/><E116/><V70/><F70/><W36/><G3/><T51/><D108/><U126/><E133/><V135/><F135/><W131/><G131/><N who="0" m="50251" /><D42/><U120/><E120/><V67/><F79/><W99/><G36/><N who="0" m="21799" /><D10/><AGARI ba="1,0" hai="10,15,19,53,59,61,96,99,101,102,103" m="43115" machi="10" ten="30,1000,0" yaku="15,1" doraHai="71" who="3" fromWho="0" sc="343,-13,370,0,180,0,107,13" />
</Scene>
<Scene>
<INIT seed="5,0,0,5,5,62" ten="330,370,180,120" oya="1" hai0="76,52,132,35,10,15,99,51,38,7,125,55,109" hai1="75,26,123,90,3,129,63,97,18,116,61,122,57" hai2="50,86,120,16,88,2,81,115,135,11,1,68,111" hai3="5,104,6,118,59,37,19,58,72,119,12,32,4"/><U60/><E116/><N who="3" m="44586" /><G37/><T108/><D38/><U65/><E75/><V31/><F120/><W47/><G72/><T25/><D132/><U0/><E129/><V24/><F111/><W93/><G104/><T69/><D69/><U101/><E123/><V89/><F68/><W67/><G32/><T29/><D125/><U73/><E73/><V40/><F135/><W114/><G114/><T28/><D28/><U17/><E122/><V133/><F133/><W22/><G47/><T83/><D99/><U91/><E0/><V30/><F115/><W46/><G46/><T66/><D55/><U27/><E3/><V42/><F1/><W39/><G39/><T54/><D54/><U77/><E77/><V45/><F2/><W71/><G93/><T49/><D49/><U113/><E113/><V130/><F130/><W53/><G53/><T64/><D109/><U87/><E27/><V80/><F40/><W94/><G94/><T117/><D108/><U43/><E43/><V23/><F11/><W128/><G128/><T98/><D98/><U121/><E121/><V21/><F21/><W85/><G85/><AGARI ba="0,0" hai="16,23,24,30,31,42,45,50,80,81,85,86,88,89" machi="85" ten="40,8000,1" yaku="9,1,8,1,54,2" doraHai="62" who="2" fromWho="3" sc="330,0,370,0,180,80,120,-80" />
</Scene>
<Scene>
<INIT seed="6,0,0,3,2,120" ten="330,370,260,40" oya="2" hai0="34,121,114,119,71,35,131,95,122,57,38,55,88" hai1="77,1,44,101,30,9,10,8,4,59,107,41,94" hai2="103,126,52,100,133,17,68,93,96,39,132,90,13" hai3="23,83,102,128,111,66,48,106,74,125,24,16,127"/><V123/><F68/><W97/><G128/><T43/><D71/><U2/><E107/><V21/><F39/><W85/><G74/><T105/><D131/><U46/><E30/><V98/><F123/><W135/><G135/><N who="2" m="51785" /><F126/><N who="3" m="48139" /><G66/><T129/><D129/><U58/><E77/><V42/><F42/><W82/><G48/><T3/><D3/><U64/><E64/><V118/><F118/><W72/><G72/><T70/><D119/><U99/><E46/><V76/><F76/><N who="3" m="46279" /><G83/><T86/><D122/><U104/><E104/><V40/><F40/><W115/><G115/><T113/><D105/><U61/><E2/><V56/><F96/><W49/><G49/><AGARI ba="0,0" hai="13,17,21,49,52,56,90,93,98,100,103" m="51785" machi="49" ten="30,2900,0" yaku="20,1,54,1" doraHai="120" who="2" fromWho="3" sc="330,0,370,0,260,29,40,-29" />
</Scene>
<Scene>
<INIT seed="6,1,0,3,2,103" ten="330,370,289,11" oya="2" hai0="89,8,0,72,126,60,58,38,119,64,77,130,88" hai1="63,17,3,133,49,65,10,120,84,79,121,91,134" hai2="46,40,66,6,75,24,43,109,113,93,107,4,48" hai3="51,117,16,116,30,123,12,71,19,105,25,112,37"/><V129/><F107/><W1/><G37/><T85/><D126/><U111/><E111/><V45/><F75/><W76/><G71/><T15/><D130/><U127/><E79/><V110/><F129/><W50/><G76/><T87/><D0/><U5/><E17/><V82/><F113/><W98/><G123/><N who="1" m="47178" /><E49/><N who="2" m="26791" /><F82/><W101/><G112/><T97/><D38/><U118/><E127/><V55/><F66/><W59/><G1/><T115/><D115/><U108/><E118/><V104/><F104/><W22/><G19/><N who="0" m="8679" /><D72/><U52/><E52/><V62/><F24/><W95/><G95/><N who="0" m="56551" /><D119/><U125/><E108/><N who="2" m="41579" /><F93/><W67/><G51/><T9/><D77/><U23/><E125/><V20/><F20/><W28/><G28/><T42/><D42/><U132/><E23/><V18/><F18/><W94/><G94/><N who="0" m="54575" /><D87/><U54/><E133/><V44/><F62/><W36/><G36/><T32/><D32/><U56/><E65/><V47/><F47/><W106/><G106/><T74/><D74/><U53/><E53/><V80/><F80/><AGARI ba="1,0" hai="3,5,10,54,56,63,80,84,91,132,134" m="47178" machi="80" ten="30,1000,0" yaku="13,1" doraHai="103" who="1" fromWho="2" sc="330,0,370,13,289,-13,11,0" />
</Scene>
<Scene>
<INIT seed="7,0,0,5,3,106" ten="330,383,276,11" oya="3" hai0="114,33,31,41,28,42,56,5,12,47,62,11,68" hai1="43,99,60,66,103,101,80,76,82,19,117,130,18" hai2="102,87,35,85,51,45,69,86,39,124,23,126,13" hai3="79,37,108,9,113,77,84,52,24,0,48,125,49"/><W134/><G37/><T107/><D107/><U78/><E43/><V27/><F39/><W30/><G108/><T131/><D131/><U64/><E130/><V3/><F3/><W16/><G113/><T67/><D114/><U81/><E117/><V25/><F69/><W90/><G125/><N who="2" m="48233" /><F102/><N who="1" m="38921" /><E99/><V127/><F35/><W15/><G134/><T63/><D33/><U7/><E7/><V105/><F105/><W129/><G0/><T1/><D1/><U122/><E122/><V111/><F111/><W96/><G96/><T2/><D2/><U120/><E120/><V75/><F75/><W65/><G65/><N who="1" m="25194" /><E60/><V50/><N who="2" m="48241" /><V34/><DORA hai="92" /><F34/><W44/><G49/><N who="2" m="18441" /><F45/><W53/><G53/><T21/><D63/><U40/><E40/><N who="0" m="15465" /><D68/><U91/><E91/><V135/><F135/><W22/><REACH who="3" step="1"/><G129/><REACH who="3" ten="330,383,276,1" step="2"/><T112/><D112/><U93/><E93/><AGARI ba="0,1" hai="9,15,16,22,24,30,44,48,52,77,79,84,90,93" machi="93" ten="30,24000,3" yaku="1,1,2,1,7,1,8,1,54,2,53,3" doraHai="106,92" doraHaiUra="73,46" who="3" fromWho="1" sc="330,0,383,-240,276,0,1,250" />
</Scene>
<Scene>
<INIT seed="7,1,0,2,3,93" ten="330,143,276,251" oya="3" hai0="64,40,99,92,115,18,104,131,89,95,123,39,45" hai1="69,55,38,110,119,81,129,48,24,82,59,125,127" hai2="10,70,6,79,102,2,53,78,0,4,60,61,62" hai3="52,37,86,50,85,35,72,12,134,116,16,63,87"/><W117/><G37/><T42/><D123/><U27/><E110/><V103/><F70/><W11/><G72/><T130/><D104/><U49/><E38/><V23/><F23/><W80/><G134/><T91/><D64/><U67/><E129/><N who="0" m="49161" /><D42/><U101/><E119/><V112/><F112/><W76/><G35/><T96/><D18/><U118/><E118/><V66/><F66/><W32/><G32/><T74/><D74/><U114/><E114/><AGARI ba="1,0" hai="39,40,45,89,91,92,95,96,99,114,115" m="49161" machi="114" ten="30,3900,0" yaku="19,1,52,2" doraHai="93" who="0" fromWho="1" sc="330,42,143,-42,276,0,251,0" owari="372,47.0,101,-40.0,276,8.0,251,-15.0" />
</Scene>
</mjloggm>