<mjloggm ver="2.3"><GO type="169" lobby="0"/><UN n0="%E5%A4%AA%E3%81%8F%E3%81%AA%E3%81%84%E3%81%8A" n1="%E3%81%8B%E3%82%89%E3%83%BC%E3%81%9C" n2="%E9%B7%B9%E6%AD%A3%E3%81%AE%E5%80%85%EF%BC%9D%E5%AF%8C%E7%8C%AB" n3="%73%61%74%6F%72%75%53%50" dan="18,17,16,16" rate="2222.20,2199.28,2079.24,2082.02" sx="M,M,M,M"/><TAIKYOKU oya="0"/>

<Scene>
<INIT seed="0,0,0,4,4,74" ten="250,250,250,250" oya="0" hai0="103,82,6,127,3,7,10,59,23,33,124,125,78" hai1="48,50,87,135,83,58,75,66,113,22,98,62,91" hai2="81,5,61,56,69,89,107,112,32,126,99,130,17" hai3="132,40,119,34,60,63,47,67,24,44,102,35,43"/><T28/><D103/><U79/><E135/><V122/><F122/><W0/><G0/><T117/><D117/><U85/><E113/><V54/><F112/><W12/><G132/><T76/><D33/><U20/><E98/><V46/><F32/><W18/><G119/><T88/><D7/><U8/><E8/><V77/><F130/><W52/><G102/><T128/><D128/><U41/><E75/><V64/><F126/><W111/><G111/><T134/><D134/><U29/><E41/><V97/><F46/><W15/><G24/><N who="0" m="16415" /><D59/><U9/><E9/><V27/><F89/><W106/><G106/><T109/><D109/><U110/><E110/><V71/><F5/><W57/><G18/><T51/><D51/><N who="1" m="19499" /><E29/><V94/><F107/><W45/><G34/><T11/><D11/><U26/><E26/><V93/><F71/><W92/><G92/><AGARI ba="0,0" hai="20,22,58,62,66,79,83,85,87,91,92" m="19499" machi="92" ten="30,2000,0" yaku="8,1,52,1" doraHai="74" who="1" fromWho="3" sc="250,0,250,20,250,0,250,-20" />
</Scene>
<Scene>
<INIT seed="1,0,0,1,0,21" ten="250,270,250,230" oya="1" hai0="31,45,107,110,49,115,89,24,66,94,61,78,118" hai1="126,28,74,51,58,101,130,55,1,96,81,42,128" hai2="113,40,92,104,57,22,134,0,95,88,53,50,106" hai3="8,80,111,39,69,29,27,32,18,132,114,77,12"/><U72/><E1/><V131/><F0/><W91/><G69/><T36/><D115/><U41/><E126/><V17/><F113/><W34/><G39/><T25/><D107/><N who="1" m="63911" /><E28/><V63/><F95/><W82/><G114/><T15/><D118/><U54/><E54/><V71/><F131/><N who="1" m="50217" /><E81/><V117/><F117/><W16/><G132/><T70/><D110/><U20/><E20/><V9/><F9/><W47/><G82/><T37/><D78/><U73/><AGARI ba="0,0" hai="41,42,51,55,58,72,73,74" m="50217,63911" machi="73" ten="40,2100,0" yaku="19,1" doraHai="21" who="1" fromWho="1" sc="250,-7,270,21,250,-7,230,-7" />
</Scene>
<Scene>
<INIT seed="1,1,0,3,0,47" ten="243,291,243,223" oya="1" hai0="45,9,75,109,125,128,120,110,84,53,107,131,117" hai1="93,65,17,36,74,21,59,62,100,70,7,72,13" hai2="135,15,103,76,106,79,16,118,130,121,31,25,55" hai3="115,18,57,80,19,30,50,48,132,38,28,67,44"/><U101/><E36/><V35/><F121/><W40/><G132/><T8/><D75/><U54/><E7/><V108/><F118/><W96/><G115/><T111/><D117/><U29/><E29/><V34/><F34/><W90/><G38/><T10/><D120/><U64/><E64/><V63/><F135/><W105/><G105/><T86/><D107/><U89/><E72/><V68/><F108/><W14/><G14/><T22/><D22/><U60/><REACH who="1" step="1"/><E74/><REACH who="1" ten="243,281,243,223" step="2"/><V0/><F0/><W95/><G30/><T99/><D125/><U39/><E39/><V123/><F123/><W26/><G28/><T24/><D131/><U98/><AGARI ba="1,1" hai="13,17,21,54,59,60,62,65,70,89,93,98,100,101" machi="98" ten="20,3900,0" yaku="1,1,0,1,7,1,53,0" doraHai="47" doraHaiUra="134" who="1" fromWho="1" sc="243,-14,281,52,243,-14,223,-14" />
</Scene>
<Scene>
<INIT seed="1,2,0,1,4,115" ten="229,333,229,209" oya="1" hai0="16,46,71,5,93,77,3,10,124,73,113,85,130" hai1="40,42,7,70,88,54,95,35,14,92,0,52,91" hai2="38,50,86,104,29,75,99,79,4,37,61,17,108" hai3="25,53,20,84,43,82,72,47,127,36,2,87,117"/><U94/><E35/><V55/><F75/><W15/><G2/><T64/><D113/><U22/><E70/><V76/><F108/><W121/><G121/><T97/><D73/><U66/><E0/><V69/><F4/><W58/><G127/><T1/><D124/><U133/><E133/><V90/><F29/><W102/><G102/><T128/><D46/><U135/><E66/><V123/><F123/><W19/><G72/><T63/><D3/><U89/><E135/><V32/><F32/><W74/><G74/><T119/><D119/><U13/><E22/><V126/><F126/><W18/><G117/><T30/><D30/><U132/><E132/><V67/><F17/><W116/><G116/><T134/><D134/><U41/><E7/><V106/><F106/><W83/><G82/><T100/><D77/><U57/><REACH who="1" step="1"/><E54/><REACH who="1" ten="229,323,229,209" step="2"/><V62/><F55/><W49/><G20/><T80/><D71/><U12/><E12/><V6/><F6/><W23/><G15/><T21/><D64/><U24/><E24/><V26/><F26/><W44/><G25/><T112/><D1/><U114/><E114/><V122/><F67/><W60/><G53/><T56/><D5/><U107/><E107/><V28/><F104/><W39/><G23/><T27/><D112/><U111/><E111/><V131/><F69/><W129/><G39/><T59/><D10/><U45/><E45/><V120/><F122/><W110/><G47/><T103/><D27/><U8/><E8/><V68/><F68/><W118/><G44/><T34/><D34/><U9/><E9/><V31/><F120/><RYUUKYOKU ba="2,1" sc="229,-10,323,30,229,-10,209,-10" hai1="13,14,40,41,42,52,57,88,89,91,92,94,95" />
</Scene>
<Scene>
<INIT seed="1,3,1,2,1,39" ten="219,353,219,199" oya="1" hai0="100,109,72,64,85,134,49,48,60,26,53,97,5" hai1="111,65,18,50,11,58,75,93,38,92,113,79,3" hai2="102,36,28,55,52,91,87,80,110,29,35,47,22" hai3="127,78,131,30,133,40,81,118,68,23,9,125,37"/><U62/><E113/><V89/><F110/><W107/><G107/><T70/><D72/><U96/><E111/><V130/><F130/><W135/><G68/><T19/><D109/><U7/><E38/><V54/><F35/><W2/><G131/><T17/><D134/><N who="3" m="51209" /><G118/><T115/><D115/><U6/><E6/><V122/><F122/><W16/><G30/><T43/><D5/><U124/><E124/><N who="3" m="47690" /><G9/><T12/><D85/><U8/><E8/><V82/><F102/><W42/><G37/><T45/><D26/><U1/><E11/><V0/><F0/><W24/><G2/><T116/><D116/><U108/><E108/><V84/><F22/><W20/><G23/><T94/><REACH who="0" step="1"/><D12/><REACH who="0" ten="209,353,219,199" step="2"/><U114/><E114/><V4/><F4/><W112/><G112/><T34/><D34/><U120/><E7/><V10/><F10/><W57/><G57/><AGARI ba="3,2" hai="17,19,43,45,48,49,53,57,60,64,70,94,97,100" machi="57" ten="30,3900,0" yaku="1,1,7,1,52,1,53,0" doraHai="39" doraHaiUra="33" who="0" fromWho="3" sc="209,68,353,0,219,0,199,-48" />
</Scene>
<Scene>
<INIT seed="2,0,0,3,4,86" ten="277,353,219,151" oya="2" hai0="116,48,105,71,131,13,11,0,119,103,62,74,73" hai1="80,92,31,68,63,98,70,51,5,81,39,18,10" hai2="78,109,59,66,115,6,16,1,29,27,64,89,94" hai3="19,3,38,83,90,129,125,60,88,100,111,122,132"/><V57/><F115/><W114/><G38/><T106/><D0/><U2/><E39/><V72/><F109/><W14/><G3/><T65/><D131/><U76/><E31/><V41/><F41/><W44/><G122/><T33/><D33/><U85/><E81/><V55/><F6/><W42/><G129/><T95/><D48/><U47/><E18/><V101/><F101/><W52/><G114/><T9/><D95/><U99/><E63/><V49/><F1/><W12/><G111/><T117/><D11/><U84/><E84/><V36/><F36/><W61/><G83/><T77/><D77/><U110/><E99/><V40/><F40/><W112/><G112/><T108/><D108/><U15/><E2/><V24/><F78/><W82/><G132/><T96/><REACH who="0" step="1"/><D106/><REACH who="0" ten="267,353,219,151" step="2"/><U32/><E32/><V45/><F72/><W130/><G130/><T4/><AGARI ba="0,1" hai="4,9,13,62,65,71,73,74,96,103,105,116,117,119" machi="4" ten="30,7900,0" yaku="1,1,2,1,0,1,12,1,53,0" doraHai="86" doraHaiUra="23" who="0" fromWho="0" sc="267,89,353,-20,219,-39,151,-20" />
</Scene>
<Scene>
<INIT seed="3,0,0,1,3,83" ten="356,333,180,131" oya="3" hai0="0,31,95,33,57,19,26,128,53,71,117,49,90" hai1="134,77,2,96,133,27,23,28,7,52,132,9,110" hai2="46,91,115,129,98,47,16,125,22,34,3,131,119" hai3="45,72,11,81,113,100,4,64,87,35,13,78,24"/><W62/><G113/><T18/><D117/><U29/><E77/><V106/><F34/><W59/><G100/><T70/><D0/><U107/><E110/><V43/><F3/><W123/><G123/><T116/><D116/><U44/><E107/><V69/><F69/><W51/><G24/><T65/><D128/><N who="2" m="49226" /><F115/><W101/><G101/><T40/><D40/><U39/><E96/><V73/><F73/><W109/><G109/><T10/><D65/><U55/><E29/><V111/><F111/><W121/><G35/><T75/><D75/><U66/><E66/><V124/><F119/><W63/><G62/><T93/><D93/><U127/><E127/><N who="2" m="48715" /><F43/><AGARI ba="0,0" hai="2,7,9,23,27,28,39,43,44,52,55,132,133,134" machi="43" ten="40,2600,0" yaku="20,1,54,1" doraHai="83" who="1" fromWho="2" sc="356,0,333,26,180,-26,131,0" />
</Scene>
<Scene>
<INIT seed="4,0,0,1,2,116" ten="356,359,154,131" oya="0" hai0="19,92,45,123,118,86,135,84,78,38,59,131,51" hai1="90,81,130,4,10,55,101,71,47,103,33,110,32" hai2="52,114,119,24,99,89,5,128,18,127,109,87,121" hai3="3,75,63,1,11,43,56,104,42,125,31,29,39"/><T35/><D118/><U34/><E110/><V6/><F109/><W107/><G75/><T25/><D38/><U60/><E130/><V80/><F119/><W76/><G76/><T83/><D131/><U2/><E47/><V111/><F111/><W134/><G134/><T96/><D135/><U21/><E21/><V53/><F128/><W100/><G125/><T20/><D35/><U108/><E108/><V115/><F127/><W64/><G39/><T50/><D123/><U12/><E2/><V26/><F121/><W79/><G79/><T91/><D59/><U133/><E133/><V74/><F74/><W122/><G122/><T95/><REACH who="0" step="1"/><D45/><REACH who="0" ten="346,359,154,131" step="2"/><U36/><E36/><V48/><F115/><W14/><G56/><T58/><D58/><U102/><E71/><V17/><F114/><W112/><G112/><T113/><D113/><U40/><E60/><V73/><F73/><W93/><G1/><T27/><D27/><U117/><E117/><V68/><F68/><W105/><G3/><T8/><D8/><U0/><E33/><V46/><F26/><W69/><G11/><T66/><D66/><U7/><E34/><V77/><F24/><W88/><G64/><T23/><D23/><U37/><E32/><V13/><F46/><W61/><G69/><T15/><D15/><U65/><E65/><V62/><F62/><W41/><G14/><T30/><D30/><U9/><E37/><V120/><F120/><W124/><G63/><T44/><D44/><U98/><E0/><V67/><F67/><W54/><G61/><T70/><D70/><U57/><E57/><RYUUKYOKU ba="0,1" sc="346,30,359,-10,154,-10,131,-10" hai0="19,20,25,50,51,78,83,84,86,91,92,95,96" />
</Scene>
<Scene>
<INIT seed="4,1,1,4,4,23" ten="376,349,144,121" oya="0" hai0="88,3,53,44,100,111,35,57,34,49,108,71,59" hai1="13,102,64,72,37,110,96,5,84,33,95,122,78" hai2="43,14,81,86,125,51,105,69,11,92,58,28,101" hai3="50,48,133,135,46,82,60,112,12,9,10,54,21"/><T36/><D71/><U131/><E110/><N who="0" m="42025" /><D3/><U90/><E122/><V130/><F69/><W104/><G112/><T109/><N who="0" m="42033" /><T115/><DORA hai="0" /><D115/><U47/><E131/><V127/><F105/><W85/><G104/><T126/><D126/><U73/><E33/><N who="0" m="12297" /><D100/><U120/><E120/><V19/><F28/><W80/><G60/><T45/><D88/><U132/><E132/><N who="3" m="50762" /><G82/><T29/><D29/><U17/><E64/><V107/><F130/><W118/><G80/><T74/><D74/><U121/><E121/><V52/><F107/><W2/><G85/><T8/><D8/><U76/><E72/><V114/><F92/><W91/><G91/><T56/><D45/><U99/><E99/><V55/><F101/><W79/><G10/><T42/><AGARI ba="1,1" hai="36,42,44,49,53,56,57,59" m="12297,42033" machi="42" ten="50,2400,0" yaku="10,1" doraHai="23,0" who="0" fromWho="0" sc="376,37,349,-9,144,-9,121,-9" />
</Scene>
<Scene>
<INIT seed="4,2,0,3,1,90" ten="413,340,135,112" oya="0" hai0="132,119,121,135,53,99,80,85,36,41,83,54,27" hai1="125,46,67,60,91,39,24,59,8,96,92,116,102" hai2="21,63,77,25,10,95,61,14,28,133,65,29,127" hai3="66,0,55,49,51,42,37,30,129,78,109,70,20"/><T12/><D119/><U1/><E125/><V117/><F133/><N who="0" m="51274" /><D121/><U103/><E116/><V52/><F127/><W94/><G0/><T76/><D12/><U50/><E39/><V82/><F117/><W32/><G32/><T13/><D13/><U16/><E1/><V58/><F29/><W5/><G5/><T111/><D111/><U7/><E7/><V56/><F95/><W3/><G3/><T120/><D120/><U104/><E104/><V40/><F40/><W97/><G78/><N who="0" m="46231" /><D27/><U88/><E103/><V19/><F82/><W113/><G109/><T130/><D130/><U26/><E26/><V112/><F112/><W110/><G110/><T35/><D35/><U48/><E48/><V89/><F89/><W84/><G113/><T33/><D33/><U75/><E75/><V101/><F101/><W22/><G37/><T93/><D41/><N who="1" m="24911" /><E8/><V128/><F128/><W105/><G42/><T57/><D57/><U73/><E73/><V107/><F107/><W18/><G105/><T79/><D36/><U98/><E98/><V9/><REACH who="2" step="1"/><F77/><REACH who="2" ten="413,340,125,112" step="2"/><W86/><G129/><T106/><D106/><U44/><E102/><V6/><F6/><W108/><G108/><T47/><D79/><U71/><E91/><V4/><F4/><W81/><G97/><T114/><D114/><U15/><E88/><V64/><F64/><W38/><G38/><T131/><D131/><U2/><E96/><V74/><F74/><W68/><G66/><T122/><D76/><U62/><E67/><V34/><AGARI ba="2,1" hai="9,10,14,19,21,25,28,34,52,56,58,61,63,65" machi="34" ten="20,5200,0" yaku="1,1,0,1,7,1,54,1,53,0" doraHai="90" doraHaiUra="72" who="2" fromWho="2" sc="413,-28,340,-15,125,68,112,-15" />
</Scene>
<Scene>
<INIT seed="5,0,0,3,5,60" ten="385,325,193,97" oya="1" hai0="54,120,79,13,30,40,109,20,92,24,130,37,7" hai1="135,33,41,125,1,83,102,19,29,87,3,23,39" hai2="4,89,11,69,118,78,103,5,35,112,122,77,36" hai3="27,26,96,68,34,73,86,114,126,88,50,93,47"/><U101/><E39/><V133/><F118/><W48/><G68/><T14/><D109/><U43/><E33/><V115/><F36/><W25/><G73/><T55/><D130/><U100/><E29/><V62/><F103/><W117/><G117/><T17/><D120/><U51/><E125/><V45/><F35/><W80/><G114/><N who="2" m="43561" /><F45/><W81/><G126/><T67/><D79/><U53/><E135/><V12/><F133/><W8/><G34/><T9/><D67/><U106/><E106/><V16/><F89/><W64/><G64/><T58/><D37/><U46/><E1/><N who="2" m="431" /><F4/><W21/><G47/><T63/><D40/><U99/><E99/><V90/><F90/><W132/><G132/><T65/><D92/><U22/><E3/><V104/><F104/><W49/><G8/><AGARI ba="0,0" hai="7,8,9,13,14,17,20,24,30,54,55,58,63,65" machi="8" ten="30,3900,0" yaku="7,1,8,1,52,1" doraHai="60" who="0" fromWho="3" sc="385,39,325,0,193,0,97,-39" />
</Scene>
<Scene>
<INIT seed="6,0,0,0,5,20" ten="424,325,193,58" oya="2" hai0="1,45,29,120,88,80,53,5,18,117,108,128,13" hai1="46,96,129,37,99,40,109,89,77,118,17,30,43" hai2="114,75,130,100,135,127,83,16,63,52,57,125,38" hai3="113,0,41,82,7,131,26,106,134,115,56,107,87"/><V74/><F38/><W3/><G131/><T85/><D108/><U2/><E109/><V92/><F130/><W8/><G134/><T61/><D128/><U84/><E129/><V95/><F135/><W126/><G126/><N who="2" m="48137" /><F114/><N who="3" m="43531" /><G41/><T71/><D120/><U47/><E118/><V14/><F100/><W27/><G56/><N who="0" m="34959" /><D1/><U69/><E69/><V19/><F19/><W73/><G73/><N who="2" m="27657" /><F83/><W78/><G0/><T76/><D71/><U86/><E17/><V4/><F4/><W124/><G124/><T93/><D117/><U6/><E6/><V49/><F63/><W66/><G66/><T72/><D72/><U48/><E40/><V42/><F42/><W22/><G22/><AGARI ba="0,0" hai="14,16,22,49,52,57,92,95" m="27657,48137" machi="22" ten="30,5800,0" yaku="18,1,54,2" doraHai="20" who="2" fromWho="3" sc="424,0,325,0,193,58,58,-58" />
</Scene>
<Scene>
<INIT seed="6,1,0,2,1,41" ten="424,325,251,0" oya="2" hai0="48,36,84,134,73,119,94,23,78,28,82,71,91" hai1="20,104,9,16,1,40,24,129,53,62,117,17,106" hai2="52,47,69,29,77,60,97,116,43,75,93,35,108" hai3="45,25,100,66,6,19,42,44,102,56,124,0,130"/><V120/><F116/><W31/><G124/><T132/><D36/><U22/><E117/><V80/><F120/><W30/><G130/><T98/><D119/><U87/><E129/><V79/><F108/><W46/><G0/><T27/><D71/><U121/><E121/><V95/><F79/><W123/><G6/><T110/><D110/><U65/><E53/><V38/><F97/><W109/><G123/><T114/><D114/><U26/><E40/><V3/><F3/><W21/><G109/><T7/><D7/><U12/><E87/><V37/><F37/><W96/><G42/><T2/><D2/><U32/><E32/><V89/><F89/><W15/><G96/><T122/><D122/><U14/><E1/><V126/><F126/><W112/><G112/><T131/><D131/><U90/><E90/><V74/><F74/><W13/><G15/><T64/><D64/><U51/><E51/><V61/><F61/><N who="3" m="38183" /><G30/><T39/><D39/><U88/><E88/><V18/><F18/><W70/><G70/><T34/><D48/><U105/><REACH who="1" step="1"/><E9/><AGARI ba="1,0" hai="9,13,19,21,25,31,44,45,46,100,102" m="38183" machi="9" ten="30,7700,0" yaku="8,1,52,3" doraHai="41" who="3" fromWho="1" sc="424,0,325,-80,251,0,0,80" />
</Scene>
<Scene>
<INIT seed="7,0,0,3,5,123" ten="424,245,251,80" oya="3" hai0="99,59,70,76,15,114,127,80,124,17,117,134,83" hai1="24,102,109,31,48,97,120,13,26,78,90,29,113" hai2="62,91,2,50,44,116,51,71,52,82,126,5,119" hai3="45,128,42,122,56,125,41,132,11,16,7,63,93"/><W40/><G122/><T101/><D70/><U121/><E109/><V28/><F126/><N who="0" m="48170" /><D134/><U72/><E90/><V25/><F5/><W103/><G125/><T18/><D114/><U95/><E113/><V4/><F4/><W3/><G128/><T105/><D117/><U107/><E95/><V14/><F14/><N who="3" m="7263" /><G3/><T22/><D76/><U49/><E13/><V108/><F108/><W21/><G7/><T84/><D84/><U110/><E110/><V65/><F2/><W135/><G21/><N who="0" m="11455" /><D59/><U77/><E102/><V57/><F91/><W104/><G104/><T67/><D67/><U111/><E111/><V88/><F88/><W74/><G74/><T64/><D64/><U100/><E100/><V12/><F12/><AGARI ba="0,0" hai="12,18,22,80,83,99,101,105" m="11455,48170" machi="12" ten="30,1000,0" yaku="18,1" doraHai="123" who="0" fromWho="2" sc="424,10,245,0,251,-10,80,0" owari="434,53.0,245,5.0,241,-16.0,80,-42.0" />
</Scene>
</mjloggm>