<mjloggm ver="2.3"><GO type="169" lobby="0"/><UN n0="%E5%A4%AA%E3%81%8F%E3%81%AA%E3%81%84%E3%81%8A" n1="%4D%6F%67%65%72%61" n2="%E6%9D%BE%E5%B1%8B%E3%81%8A%E3%81%98%E3%81%95%E3%82%93" n3="%E7%A2%BA%E8%AA%8D%E4%BA%8B%E9%A0%85" dan="17,16,18,16" rate="2186.63,2094.70,2201.44,2081.81" sx="F,F,M,M"/><TAIKYOKU oya="0"/>

<Scene>
<INIT seed="0,0,0,0,1,86" ten="250,250,250,250" oya="0" hai0="134,8,69,133,66,25,84,95,132,7,60,21,88" hai1="100,128,127,41,39,32,44,117,119,15,57,124,1" hai2="63,73,92,102,58,123,118,93,6,12,42,43,23" hai3="115,91,4,85,114,30,104,18,105,96,80,87,52"/><T68/><D68/><U77/><E32/><V74/><F74/><W106/><G30/><T34/><D34/><U108/><E1/><V54/><F73/><W14/><G4/><T125/><D125/><N who="1" m="48203" /><E100/><V20/><F123/><W76/><G96/><T51/><D51/><U10/><E77/><V56/><F23/><W2/><G2/><T46/><D46/><U29/><E29/><V24/><F118/><N who="1" m="45065" /><E108/><V35/><F35/><W78/><G52/><T98/><D98/><U71/><E128/><V81/><F102/><W33/><G33/><T38/><D38/><U112/><E71/><V59/><F42/><W94/><REACH who="3" step="1"/><G76/><REACH who="3" ten="250,250,250,240" step="2"/><T17/><REACH who="0" step="1"/><D134/><REACH who="0" ten="240,250,250,240" step="2"/><U126/><E126/><V9/><F43/><W53/><G53/><T70/><D70/><U89/><E112/><V109/><F54/><W131/><G131/><T121/><D121/><U49/><E41/><V129/><F129/><W22/><AGARI ba="0,2" hai="14,18,22,78,80,85,87,91,94,104,105,106,114,115" machi="22" ten="30,4000,0" yaku="1,1,0,1,52,1,53,0" doraHai="86" doraHaiUra="31" who="3" fromWho="3" sc="240,-20,250,-10,250,-10,240,60" />
</Scene>
<Scene>
<INIT seed="1,0,0,2,4,67" ten="220,240,240,300" oya="1" hai0="126,30,113,69,60,26,100,15,71,76,35,116,70" hai1="59,78,57,115,29,133,74,63,80,13,99,121,8" hai2="27,40,112,19,37,23,2,128,61,64,108,4,10" hai3="20,45,118,119,82,39,127,94,24,134,54,85,49"/><U97/><E121/><V14/><F108/><W109/><G109/><T48/><D113/><U43/><E115/><V102/><F102/><W44/><G94/><T7/><D116/><N who="3" m="44585" /><G127/><T55/><D126/><U0/><E133/><V120/><F112/><W28/><G134/><T73/><D100/><U18/><E0/><V65/><F120/><W88/><G39/><T12/><D60/><U9/><E43/><V125/><F125/><W107/><G107/><T38/><D38/><U47/><E47/><AGARI ba="0,0" hai="20,24,28,44,45,47,49,54,82,85,88" m="44585" machi="47" ten="30,2000,0" yaku="12,1,54,1" doraHai="67" who="3" fromWho="1" sc="220,0,240,-20,240,0,300,20" />
</Scene>
<Scene>
<INIT seed="2,0,0,3,5,119" ten="220,220,240,320" oya="2" hai0="23,100,111,35,32,115,91,53,1,33,62,64,34" hai1="90,76,12,9,82,125,128,108,22,66,15,59,47" hai2="132,29,14,130,41,79,10,57,7,70,126,103,31" hai3="8,93,20,94,37,92,114,96,81,0,97,3,104"/><V26/><F70/><W21/><G37/><T56/><D115/><U54/><E108/><V105/><F79/><W116/><G116/><T63/><D111/><U134/><E125/><V99/><F126/><W133/><G104/><T51/><D1/><U55/><E128/><V30/><F132/><W73/><G133/><T6/><D6/><U101/><E134/><V67/><F41/><W25/><G114/><T60/><D100/><U112/><E112/><V16/><F130/><W49/><G49/><T5/><D5/><U106/><E106/><V43/><F43/><W11/><G81/><T65/><N who="0" m="8192" /><DORA hai="122" /><T42/><D42/><U83/><E101/><V4/><REACH who="2" step="1"/><F26/><REACH who="2" ten="220,220,230,320" step="2"/><W46/><G25/><T18/><REACH who="0" step="1"/><D91/><REACH who="0" ten="210,220,230,320" step="2"/><U135/><E76/><V45/><F45/><W87/><G46/><T120/><D120/><U75/><E47/><V72/><F72/><W78/><G73/><T19/><D19/><U80/><E75/><V40/><F40/><W69/><G3/><T24/><AGARI ba="0,2" hai="18,23,24,51,53,56,60,62,63,64,65" m="8192" machi="24" ten="60,12000,2" yaku="1,1,0,1,53,4" doraHai="119,122" doraHaiUra="86,28" who="0" fromWho="0" sc="210,140,220,-30,230,-60,320,-30" />
</Scene>
<Scene>
<INIT seed="3,0,0,0,4,8" ten="350,190,170,290" oya="3" hai0="52,87,121,126,59,119,90,49,116,27,72,105,115" hai1="124,55,125,102,51,131,74,1,92,60,44,12,40" hai2="10,95,111,83,35,19,15,97,78,75,81,28,11" hai3="4,0,71,30,130,17,50,54,109,7,39,134,53"/><W127/><G39/><T16/><D121/><U104/><E74/><V100/><F111/><W73/><G73/><T26/><D72/><U48/><E1/><V108/><F108/><W110/><G0/><T82/><D126/><N who="1" m="48747" /><E104/><V62/><F81/><W43/><G127/><T45/><D105/><U5/><E131/><V85/><F75/><W21/><G30/><T9/><D115/><U112/><E112/><V118/><F118/><N who="0" m="45098" /><D59/><U113/><E113/><V42/><F42/><W38/><G43/><T122/><D122/><U123/><E123/><V96/><F96/><W79/><G130/><T31/><D31/><U133/><E133/><V89/><F62/><W41/><G134/><T99/><D99/><N who="1" m="59751" /><E60/><V2/><F28/><W77/><G110/><T68/><D68/><U84/><E84/><V101/><REACH who="2" step="1"/><F35/><REACH who="2" ten="350,190,160,290" step="2"/><W91/><G109/><T132/><D132/><U98/><E40/><V6/><AGARI ba="0,1" hai="2,6,10,11,15,19,78,83,85,89,95,97,100,101" machi="6" ten="30,7900,0" yaku="1,1,2,1,0,1,52,1,53,0" doraHai="8" doraHaiUra="64" who="2" fromWho="2" sc="350,-20,190,-20,160,89,290,-39" />
</Scene>
<Scene>
<INIT seed="4,0,0,3,4,4" ten="330,170,249,251" oya="0" hai0="92,19,18,117,112,84,102,0,35,13,7,55,77" hai1="59,42,109,9,132,43,98,28,45,69,93,130,94" hai2="73,131,81,10,95,105,108,15,122,107,100,34,91" hai3="62,120,36,40,50,88,57,86,75,116,70,76,121"/><T110/><D117/><U61/><E69/><V58/><F34/><W1/><G116/><T54/><D35/><U74/><E130/><V83/><F108/><W68/><G36/><T12/><D0/><U118/><E74/><V101/><F58/><W78/><G1/><T90/><D112/><U123/><E109/><V71/><F71/><N who="3" m="27179" /><G75/><T64/><D64/><U124/><E118/><V85/><F10/><W2/><G2/><T22/><D7/><U49/><E123/><N who="3" m="47178" /><G50/><T133/><D133/><U106/><E106/><N who="2" m="40459" /><F15/><W17/><G17/><T103/><D77/><U27/><E132/><V89/><F131/><W67/><G40/><T60/><D110/><U82/><E43/><V24/><F24/><W65/><G65/><T134/><D134/><U56/><E82/><AGARI ba="0,0" hai="57,62,67,76,78,82,86,88" m="47178,27179" machi="82" ten="30,2000,0" yaku="13,1,54,1" doraHai="4" who="3" fromWho="1" sc="330,0,170,-20,249,0,251,20" />
</Scene>
<Scene>
<INIT seed="5,0,0,2,1,0" ten="330,150,249,271" oya="1" hai0="12,33,42,29,2,15,21,129,111,87,69,113,86" hai1="81,54,22,13,85,73,64,18,82,134,60,52,58" hai2="121,116,90,49,26,16,125,126,20,107,101,40,76" hai3="46,72,123,118,122,53,55,6,114,135,89,7,108"/><U50/><E134/><V93/><F116/><W45/><G72/><T23/><D2/><U10/><E73/><V75/><F121/><W110/><G89/><T132/><D69/><U100/><E100/><V131/><F131/><W14/><G14/><T96/><D33/><U109/><E109/><V5/><F40/><W37/><G37/><T127/><D111/><U11/><E54/><V103/><F49/><W119/><G114/><T25/><D113/><U47/><REACH who="1" step="1"/><E82/><REACH who="1" ten="330,140,249,271" step="2"/><N who="2" m="45343" /><F101/><W97/><G135/><T83/><D132/><U68/><E68/><V88/><F103/><W95/><G95/><T30/><D129/><U31/><E31/><V41/><F93/><W115/><G115/><T79/><D29/><U91/><AGARI ba="0,1" hai="10,11,13,18,22,47,50,52,58,60,64,81,85,91" machi="91" ten="20,12000,1" yaku="1,1,0,1,7,1,8,1,54,1,53,0" doraHai="0" doraHaiUra="92" who="1" fromWho="1" sc="330,-40,140,130,249,-40,271,-40" />
</Scene>
<Scene>
<INIT seed="5,1,0,5,1,114" ten="290,270,209,231" oya="1" hai0="62,18,85,9,96,102,82,86,12,72,125,43,6" hai1="104,73,123,89,129,11,31,131,121,130,110,81,74" hai2="67,79,55,35,49,25,24,32,94,133,45,8,40" hai3="80,53,27,107,103,61,64,113,21,117,69,54,33"/><U56/><E104/><V37/><F67/><W112/><G80/><T17/><D125/><U116/><E31/><V15/><F79/><W36/><G36/><T120/><D120/><N who="1" m="46155" /><E116/><V105/><F105/><W83/><G83/><T28/><D72/><N who="1" m="27755" /><E11/><V51/><F37/><W71/><G71/><T57/><D43/><U42/><E56/><V29/><F94/><W100/><G117/><T92/><D28/><U13/><E13/><V99/><F99/><N who="3" m="61855" /><G103/><T58/><D58/><U41/><E110/><V1/><F1/><W59/><G59/><T19/><REACH who="0" step="1"/><D82/><REACH who="0" ten="280,270,209,231" step="2"/><U50/><E42/><V48/><F40/><W16/><G33/><T68/><D68/><U122/><E122/><V22/><F32/><W126/><G126/><T3/><D3/><U88/><E81/><V135/><F135/><W39/><G39/><T5/><D5/><U90/><E41/><V91/><F133/><W26/><G69/><T66/><AGARI ba="1,1" hai="6,9,12,17,18,19,57,62,66,85,86,92,96,102" machi="66" ten="30,7900,0" yaku="1,1,0,1,8,1,53,1" doraHai="114" doraHaiUra="60" who="0" fromWho="0" sc="280,92,270,-40,209,-21,231,-21" />
</Scene>
<Scene>
<INIT seed="6,0,0,3,1,30" ten="372,230,188,210" oya="2" hai0="72,19,129,52,133,22,78,85,54,31,33,113,40" hai1="34,86,63,79,36,135,68,69,29,13,116,60,57" hai2="53,90,21,82,43,126,131,0,91,118,20,84,15" hai3="17,119,11,23,51,4,3,105,111,9,134,101,16"/><V12/><F0/><N who="3" m="135" /><G51/><T96/><D72/><U26/><E36/><V95/><F118/><W117/><G101/><T28/><D40/><U81/><E116/><N who="3" m="44618" /><G105/><T115/><D129/><U108/><E108/><V56/><F131/><W122/><G111/><T70/><D133/><U38/><E38/><V46/><F126/><W24/><G122/><T2/><D2/><U39/><E39/><V27/><F46/><W104/><G104/><T64/><D28/><U45/><E45/><V124/><F43/><W75/><G75/><T88/><D78/><U62/><E135/><V59/><F124/><W55/><G55/><T83/><D96/><U48/><REACH who="1" step="1"/><E13/><REACH who="1" ten="372,220,188,210" step="2"/><V127/><F127/><W93/><G134/><T132/><D132/><U42/><E42/><V94/><F15/><W41/><G41/><T73/><D115/><U102/><E102/><V74/><F12/><W7/><G3/><T123/><D113/><U121/><E121/><V125/><F125/><W58/><G24/><T89/><D123/><U32/><E32/><V110/><F27/><W37/><G37/><T71/><D33/><U120/><E120/><V35/><F35/><W99/><G7/><T87/><D70/><U1/><E1/><V80/><F110/><W128/><G128/><T66/><D71/><U109/><E109/><V112/><F112/><W61/><G58/><T49/><D49/><U25/><E25/><V47/><F47/><W14/><G61/><T100/><D100/><U18/><E18/><V92/><F59/><W65/><G17/><T77/><D19/><U6/><E6/><V107/><F56/><RYUUKYOKU ba="0,1" sc="372,-10,220,30,188,-10,210,-10" hai1="26,29,34,48,57,60,62,63,68,69,79,81,86" />
</Scene>
<Scene>
<INIT seed="7,1,1,3,3,82" ten="362,250,178,200" oya="3" hai0="49,88,91,13,7,1,129,20,9,32,43,96,47" hai1="19,73,53,102,44,55,135,2,97,133,128,75,108" hai2="25,50,93,4,14,98,95,60,106,120,48,45,27" hai3="100,5,26,78,58,77,131,69,51,28,35,80,31"/><W121/><G69/><T54/><D32/><U62/><E108/><V105/><F106/><W10/><G121/><T64/><D129/><U119/><E128/><V39/><F105/><W56/><G131/><T18/><D64/><U16/><E119/><V125/><F39/><W46/><G100/><T134/><D134/><N who="1" m="51211" /><E2/><V123/><F60/><W103/><G103/><T68/><D68/><U36/><E36/><V118/><F118/><W0/><G31/><T99/><D91/><U3/><E3/><V116/><F116/><W29/><G29/><T6/><D6/><U132/><E132/><V65/><F65/><W59/><REACH who="3" step="1"/><G80/><REACH who="3" ten="362,250,178,190" step="2"/><T122/><D122/><U130/><E130/><V117/><F117/><W109/><G109/><T52/><D99/><U76/><E97/><V74/><F98/><W94/><G94/><T8/><D96/><U126/><E102/><V104/><F104/><W24/><G24/><T115/><D115/><U66/><E126/><V38/><F125/><W87/><G87/><T110/><D110/><U85/><E85/><V22/><F93/><W107/><G107/><T57/><D1/><U42/><E75/><V92/><F92/><W113/><G113/><T83/><D83/><U21/><E73/><V67/><F95/><W81/><G81/><T17/><D88/><U33/><E76/><V84/><F84/><W70/><G70/><T86/><D86/><U63/><E33/><V34/><F74/><W71/><G71/><T114/><D114/><U40/><E66/><V101/><F120/><W15/><G15/><T37/><D13/><U41/><E21/><RYUUKYOKU ba="1,2" sc="362,-10,250,-10,178,-10,190,30" hai3="0,5,10,26,28,35,46,51,56,58,59,77,78" />
</Scene>
<Scene>
<INIT seed="7,2,2,4,2,51" ten="352,240,168,220" oya="3" hai0="107,17,29,43,127,133,122,100,116,91,130,57,101" hai1="24,115,48,26,98,123,132,42,92,70,105,73,102" hai2="95,50,96,3,61,111,7,86,75,52,66,22,64" hai3="65,89,25,110,23,93,113,20,49,45,21,97,27"/><W117/><G117/><T125/><D116/><U5/><E70/><V62/><F75/><W40/><G113/><T71/><D71/><U134/><E73/><V78/><F111/><W36/><G110/><T58/><D122/><U37/><E115/><V67/><F22/><W79/><G65/><T99/><D101/><U84/><E37/><V28/><F28/><W39/><G79/><T12/><D29/><U38/><E38/><V9/><F86/><W53/><REACH who="3" step="1"/><G39/><REACH who="3" ten="352,240,168,210" step="2"/><T55/><D127/><U19/><E123/><V33/><F78/><W4/><G4/><T120/><D125/><U83/><E5/><V6/><F6/><W54/><G54/><T85/><D55/><U82/><E132/><V128/><F128/><W74/><G74/><T14/><D133/><U119/><E134/><V94/><F33/><W77/><G77/><T104/><D130/><U121/><E119/><V114/><F114/><W129/><G129/><T69/><D120/><U103/><E121/><V11/><F95/><W41/><G41/><T56/><D43/><U81/><E42/><V15/><F3/><W63/><G63/><T109/><D109/><U87/><E92/><V72/><F72/><W59/><AGARI ba="2,3" hai="20,21,23,25,27,36,40,45,49,53,59,89,93,97" machi="59" ten="30,6000,0" yaku="1,1,0,1,52,1,53,0" doraHai="51" doraHaiUra="60" who="3" fromWho="3" sc="352,-22,240,-22,168,-22,210,96" />
</Scene>
<Scene>
<INIT seed="7,3,0,1,3,10" ten="330,218,146,306" oya="3" hai0="54,119,15,60,62,47,27,28,4,100,95,130,86" hai1="92,1,38,52,76,117,14,25,125,127,11,96,120" hai2="122,19,104,113,133,135,126,93,55,66,31,67,33" hai3="114,87,44,89,2,6,45,79,107,106,64,0,111"/><W90/><G64/><T73/><D73/><U9/><E38/><V35/><F93/><W134/><G79/><T103/><D119/><U51/><E76/><V17/><F55/><W131/><G6/><T80/><D130/><U8/><E1/><V42/><F42/><W75/><G75/><T109/><D109/><U49/><E49/><V30/><F104/><W23/><G23/><N who="0" m="15487" /><D15/><U77/><E25/><V37/><F37/><W94/><G131/><T91/><D4/><N who="1" m="3335" /><E77/><V72/><F72/><W56/><G56/><T129/><D129/><U83/><E83/><V39/><F39/><W63/><G111/><T65/><D65/><N who="2" m="24586" /><F122/><W88/><G106/><T20/><D20/><U132/><E132/><N who="2" m="50763" /><F126/><N who="1" m="48137" /><E117/><V58/><F58/><W84/><G134/><T13/><D80/><U123/><E120/><V46/><F46/><W105/><G45/><T78/><D78/><U116/><E123/><V112/><F19/><W57/><G44/><T85/><D85/><U53/><E116/><V81/><F17/><W50/><G87/><T101/><D13/><U40/><E40/><V82/><F82/><W26/><G2/><T3/><D3/><U68/><E53/><V18/><F18/><W43/><G0/><T5/><D5/><U41/><E41/><V74/><F81/><W128/><G128/><T21/><D21/><U115/><E92/><V61/><F74/><W99/><G105/><T121/><D121/><U124/><E124/><V29/><F61/><N who="0" m="23658" /><D54/><U108/><E52/><V102/><F102/><N who="0" m="39530" /><D47/><U69/><E108/><V98/><F98/><W12/><G99/><N who="0" m="59903" /><D86/><U70/><E96/><RYUUKYOKU ba="3,0" sc="330,15,218,-15,146,15,306,-15" hai0="91" hai2="29,30,31,33,35,112,113" owari="345,45.0,203,-20.0,161,-34.0,291,9.0" />
</Scene>
</mjloggm>