<mjloggm ver="2.3"><GO type="169" lobby="0"/><UN n0="%E3%81%A9%E3%81%B0%E3%81%A8%E3%81%A1%E3%82%83%E3%82%93" n1="%E5%A4%AA%E3%81%8F%E3%81%AA%E3%81%84%E3%81%8A" n2="%E6%96%B0%E9%96%8B%E5%96%84%E6%96%87" n3="%E3%81%86%E3%82%81%E3%81%99%E3%83%86%E3%83%AB" dan="17,17,17,17" rate="2156.38,2138.88,2176.68,2126.70" sx="F,M,F,F"/><TAIKYOKU oya="0"/>

<Scene>
<INIT seed="0,0,0,4,0,110" ten="250,250,250,250" oya="0" hai0="116,61,100,51,16,78,63,10,11,105,55,24,125" hai1="70,8,60,72,121,35,81,23,56,34,13,104,94" hai2="126,75,77,66,134,41,53,44,30,103,65,124,79" hai3="131,80,50,85,122,91,49,97,93,132,43,123,21"/><T113/><D116/><U115/><E104/><V12/><F134/><W87/><G132/><T29/><D113/><U25/><E70/><V127/><F30/><W89/><G131/><T9/><D125/><U129/><E121/><N who="3" m="46090" /><G21/><T117/><D117/><U120/><E120/><V111/><F111/><W54/><G43/><T17/><D78/><N who="2" m="29706" /><F75/><W68/><G68/><T86/><D86/><U38/><E38/><N who="2" m="21559" /><F103/><N who="3" m="60847" /><G54/><T118/><D118/><U42/><E42/><V0/><F0/><W92/><AGARI ba="0,0" hai="49,50,80,85,87,89,91,92" m="60847,46090" machi="92" ten="30,1100,0" yaku="13,1" doraHai="110" who="3" fromWho="3" sc="250,-5,250,-3,250,-3,250,11" />
</Scene>
<Scene>
<INIT seed="1,0,0,3,0,50" ten="245,247,247,261" oya="1" hai0="116,135,3,26,125,4,51,91,62,101,71,130,115" hai1="61,100,49,118,23,97,31,28,90,60,106,107,39" hai2="94,33,102,9,64,81,27,83,58,86,52,14,78" hai3="109,37,20,24,95,134,59,12,73,1,40,69,42"/><U56/><E39/><V35/><F64/><W124/><G69/><T123/><D91/><U75/><E118/><V127/><F127/><W105/><G73/><T128/><D26/><U70/><E75/><V21/><F83/><W30/><G1/><T112/><D101/><U82/><E107/><V15/><F102/><W29/><G105/><T76/><D76/><U47/><E70/><V53/><F35/><W44/><G42/><T131/><D4/><U54/><E23/><V129/><F33/><W48/><G124/><T65/><D3/><U85/><REACH who="1" step="1"/><E61/><REACH who="1" ten="245,237,247,261" step="2"/><V120/><F120/><W67/><G37/><T34/><D116/><U36/><E36/><V121/><F121/><W7/><G20/><T41/><D123/><U74/><E74/><V16/><F129/><W6/><G48/><T111/><D34/><U57/><E57/><V38/><F38/><W63/><G63/><T22/><D22/><U88/><E88/><V25/><F58/><W133/><G59/><T46/><D125/><U8/><E8/><V98/><F9/><W79/><G44/><T92/><D46/><U104/><E104/><V0/><F0/><W132/><G132/><T117/><D135/><U18/><E18/><V72/><F72/><W13/><G134/><T103/><D117/><U19/><E19/><V10/><F10/><W43/><G133/><T126/><D126/><U66/><AGARI ba="0,1" hai="28,31,47,49,54,56,60,66,82,85,90,97,100,106" machi="66" ten="20,7800,0" yaku="1,1,0,1,7,1,52,1,53,0" doraHai="50" doraHaiUra="122" who="1" fromWho="1" sc="245,-26,237,88,247,-26,261,-26" />
</Scene>
<Scene>
<INIT seed="1,1,0,1,5,85" ten="219,325,221,235" oya="1" hai0="8,54,18,2,47,32,88,48,6,42,134,118,109" hai1="78,1,106,39,75,97,96,130,24,63,90,100,10" hai2="30,58,110,70,108,65,17,4,127,103,64,44,84" hai3="125,95,77,46,73,91,81,36,67,112,55,15,23"/><U31/><E39/><V61/><F127/><W121/><G121/><T68/><D118/><U117/><E117/><V7/><F30/><W133/><G112/><T83/><D32/><U0/><E130/><V131/><F131/><W66/><G125/><T45/><D68/><U13/><E78/><V19/><F103/><W40/><G133/><T107/><D107/><U135/><E75/><V69/><F44/><W126/><G55/><T38/><D134/><U25/><E135/><V34/><F34/><W37/><G37/><T56/><D109/><U124/><E124/><V119/><F119/><W128/><G128/><T86/><REACH who="0" step="1"/><D18/><REACH who="0" ten="209,325,221,235" step="2"/><U21/><E106/><V9/><F108/><W99/><REACH who="3" step="1"/><G126/><REACH who="3" ten="209,325,221,225" step="2"/><T14/><D14/><U11/><E13/><V26/><F110/><W5/><G5/><T80/><D80/><U123/><E123/><V122/><F122/><W98/><G98/><T74/><D74/><U20/><E96/><V27/><F4/><W49/><G49/><T41/><D41/><U116/><E97/><V71/><F7/><W62/><G62/><T89/><D89/><U52/><E63/><V29/><F61/><W132/><G132/><T12/><D12/><U114/><E90/><V94/><F27/><W43/><G43/><T57/><AGARI ba="1,2" hai="2,6,8,38,42,45,47,48,54,56,57,83,86,88" machi="57" ten="30,8000,1" yaku="1,1,0,1,52,1,54,1,53,1" doraHai="85" doraHaiUra="87" who="0" fromWho="0" sc="209,103,325,-41,221,-21,225,-21" />
</Scene>
<Scene>
<INIT seed="2,0,0,1,0,112" ten="312,284,200,204" oya="2" hai0="24,31,63,110,108,128,66,6,32,56,29,124,71" hai1="68,67,52,90,126,0,36,74,23,98,58,109,65" hai2="100,75,40,28,79,15,77,89,119,19,73,125,102" hai3="62,80,17,96,27,2,118,33,54,129,114,88,50"/><V115/><F115/><W132/><G2/><T45/><D124/><U117/><E74/><V113/><F113/><W127/><G114/><T11/><D128/><U13/><E0/><V107/><F28/><W82/><G129/><T83/><D29/><U5/><E36/><V42/><F125/><W8/><G127/><T131/><D131/><U130/><E130/><V72/><F42/><W97/><G132/><T94/><D94/><N who="1" m="56663" /><E68/><V39/><F40/><W99/><G118/><T4/><D45/><U106/><E106/><V122/><F39/><W57/><G33/><T20/><D20/><U35/><E35/><V60/><F122/><W105/><G105/><T69/><D83/><N who="3" m="31785" /><G50/><T48/><D48/><N who="1" m="30983" /><E117/><V26/><F119/><W76/><G76/><T92/><D92/><U38/><E38/><V86/><F60/><W53/><G53/><T135/><D135/><U55/><E55/><V14/><F107/><W78/><G78/><N who="2" m="29705" /><F75/><W84/><G84/><T51/><D51/><U103/><E126/><V61/><F61/><W121/><G121/><T25/><D25/><U30/><E30/><V41/><F41/><W22/><G8/><T101/><D101/><N who="2" m="39018" /><F73/><W116/><G116/><T85/><D85/><U34/><E34/><V16/><F72/><W93/><AGARI ba="0,0" hai="17,22,27,54,57,62,88,93,96,97,99" m="31785" machi="93" ten="30,4000,0" yaku="25,1,8,1,54,1" doraHai="112" who="3" fromWho="3" sc="312,-10,284,-10,200,-20,204,40" />
</Scene>
<Scene>
<INIT seed="3,0,0,5,4,124" ten="302,274,180,244" oya="3" hai0="18,72,123,130,131,93,99,126,103,94,71,56,28" hai1="45,63,86,3,46,38,116,42,43,66,120,50,55" hai2="20,59,96,110,57,26,78,129,27,65,133,32,121" hai3="61,23,122,85,37,11,118,1,34,67,8,113,60"/><W29/><G118/><T101/><D71/><U22/><E3/><V105/><F110/><W132/><G37/><T115/><D123/><U76/><E120/><V95/><F105/><W58/><G122/><T64/><D72/><U127/><E127/><V14/><F32/><W104/><G104/><T82/><D82/><U24/><E116/><V12/><F133/><W30/><G132/><T44/><D28/><U13/><E13/><V91/><F78/><W83/><G1/><T54/><D126/><U25/><E76/><V33/><F33/><W112/><G34/><T97/><D115/><U79/><E79/><V119/><F119/><W88/><G30/><T107/><D107/><U15/><E86/><V87/><F27/><W16/><G29/><T135/><D135/><U75/><E75/><V41/><F41/><W106/><G106/><T134/><D134/><U73/><E73/><V17/><F121/><W19/><G19/><T53/><D18/><U10/><E22/><V47/><F47/><W36/><G36/><T62/><D44/><U35/><E35/><V6/><F65/><W80/><G80/><T108/><D108/><U39/><E39/><V117/><F117/><W49/><G49/><T90/><D90/><U102/><E102/><N who="2" m="60703" /><F6/><W125/><G125/><T40/><D40/><U21/><E43/><V89/><F91/><W52/><G112/><T98/><D99/><U51/><E38/><V114/><F114/><W7/><G7/><T0/><D0/><U70/><E21/><N who="2" m="13615" /><F89/><W74/><G88/><T109/><D109/><U100/><E100/><V77/><F20/><RYUUKYOKU ba="0,0" sc="302,15,274,15,180,-15,244,-15" hai0="53,54,56,62,64,93,94,97,98,101,103,130,131" hai1="10,15,24,25,42,45,46,50,51,55,63,66,70" />
</Scene>
<Scene>
<INIT seed="4,1,0,1,1,55" ten="317,289,165,229" oya="0" hai0="91,0,121,63,70,35,64,77,22,46,132,122,53" hai1="5,58,73,78,101,72,125,123,110,51,81,15,27" hai2="54,93,127,105,135,124,89,87,112,18,119,30,62" hai3="96,16,100,42,83,113,108,24,38,133,107,28,66"/><T102/><D35/><U7/><E110/><V52/><F105/><W90/><G108/><T34/><D34/><U33/><E123/><V1/><F1/><W6/><G6/><T94/><D0/><U67/><E125/><N who="2" m="48203" /><F112/><W117/><G117/><T84/><D132/><U85/><E101/><V118/><F135/><W61/><G133/><T11/><D11/><U60/><E51/><V3/><F3/><W8/><G113/><T75/><D22/><U92/><E92/><V76/><F76/><W43/><G38/><T95/><D95/><U120/><E120/><V134/><F134/><W4/><G90/><T41/><D102/><U115/><E115/><V128/><F30/><W45/><G45/><T9/><D9/><U59/><E15/><V48/><F128/><W99/><G99/><T40/><D122/><U98/><E98/><V106/><F106/><W12/><G83/><N who="0" m="45503" /><D121/><U19/><E73/><V131/><F131/><W57/><REACH who="3" step="1"/><G4/><REACH who="3" ten="317,289,165,219" step="2"/><T88/><D91/><U109/><E109/><V23/><F118/><W25/><G25/><T82/><D46/><U20/><E5/><V80/><F119/><W130/><G130/><T97/><D82/><U29/><E7/><V114/><F114/><W10/><G10/><T21/><D97/><U47/><E47/><N who="2" m="27679" /><F80/><W126/><G126/><T111/><D111/><U65/><E72/><V103/><F103/><W31/><G31/><T2/><D2/><U39/><E29/><V37/><F37/><W71/><G71/><T79/><D70/><U32/><E39/><V13/><F89/><W17/><G17/><T44/><D88/><RYUUKYOKU ba="1,1" sc="317,-15,289,15,165,-15,219,15" hai1="19,20,27,32,33,58,59,60,65,67,78,81,85" hai3="8,12,16,24,28,42,43,57,61,66,96,100,107" />
</Scene>
<Scene>
<INIT seed="5,2,1,1,3,104" ten="302,304,150,234" oya="1" hai0="41,82,118,53,134,123,29,94,73,36,86,15,98" hai1="112,69,103,22,5,93,120,124,21,13,44,79,39" hai2="71,84,40,70,129,20,75,115,83,132,81,12,54" hai3="50,19,17,2,14,116,30,121,26,72,48,4,0"/><U113/><E120/><V95/><F129/><W3/><G72/><T45/><D118/><U91/><E69/><V9/><F132/><W122/><G48/><T76/><D134/><U61/><E103/><V125/><F125/><W57/><G50/><T92/><D123/><N who="3" m="47113" /><G57/><T106/><D29/><U85/><E124/><V49/><F40/><W99/><G99/><T55/><D15/><U64/><E79/><V28/><F95/><W88/><G88/><N who="0" m="53271" /><D94/><U100/><E100/><AGARI ba="2,1" hai="36,41,45,53,55,73,76,82,98,100,106" m="53271" machi="100" ten="30,3900,0" yaku="24,1,52,1,54,1" doraHai="104" who="0" fromWho="1" sc="302,55,304,-45,150,0,234,0" />
</Scene>
<Scene>
<INIT seed="6,0,0,2,5,106" ten="357,259,150,234" oya="2" hai0="69,96,51,68,109,74,124,50,80,128,87,11,118" hai1="37,71,8,85,79,23,89,16,66,63,64,104,135" hai2="55,57,116,97,88,53,78,60,52,120,95,44,38" hai3="0,131,84,34,102,47,75,30,125,82,119,130,49"/><V112/><F120/><W65/><G119/><T54/><D109/><U77/><E104/><V62/><F116/><W92/><G0/><T48/><D74/><U10/><E37/><V28/><F112/><W6/><G6/><T18/><D68/><U105/><E105/><V9/><F28/><W103/><G125/><T36/><D69/><U94/><E135/><V25/><F25/><N who="3" m="18767" /><G92/><T113/><D128/><N who="3" m="49193" /><G65/><N who="1" m="25194" /><E63/><N who="2" m="24107" /><F38/><W4/><G4/><T24/><D36/><U26/><E71/><V7/><F78/><AGARI ba="0,0" hai="8,10,16,23,26,77,78,79,85,89,94" m="25194" machi="78" ten="30,2000,0" yaku="8,1,54,1" doraHai="106" who="1" fromWho="2" sc="357,0,259,20,150,-20,234,0" />
</Scene>
<Scene>
<INIT seed="7,0,0,3,4,107" ten="357,279,130,234" oya="3" hai0="86,100,30,22,111,76,127,33,31,24,130,98,102" hai1="9,14,57,71,109,91,84,62,48,43,128,121,99" hai2="37,96,60,6,104,18,36,106,53,52,123,38,1" hai3="7,125,131,26,12,46,61,110,5,13,119,126,92"/><W83/><G119/><T32/><D111/><U103/><E109/><V90/><F123/><W112/><G110/><T124/><D130/><U23/><E71/><V50/><F60/><W65/><G131/><T40/><D40/><U117/><E128/><V115/><F115/><W19/><G112/><T89/><D76/><U69/><E69/><V88/><F53/><W0/><G0/><T11/><D11/><U97/><E23/><V105/><F96/><W55/><G92/><N who="0" m="54327" /><D31/><U67/><E117/><V70/><F70/><W95/><G95/><N who="0" m="58463" /><D102/><U49/><E121/><V44/><REACH who="2" step="1"/><F18/><REACH who="2" ten="357,279,120,234" step="2"/><W85/><G55/><T63/><D63/><U135/><E97/><V64/><F64/><W41/><G65/><T134/><D134/><U51/><E135/><V114/><F114/><W133/><G61/><T29/><D29/><U73/><E99/><V132/><F132/><W39/><G133/><T108/><D108/><U129/><E129/><V118/><F118/><W81/><G19/><T34/><D30/><U120/><E120/><V8/><AGARI ba="0,1" hai="1,6,8,36,37,38,44,50,52,88,90,104,105,106" machi="8" ten="40,8000,1" yaku="1,1,0,1,54,2,53,0" doraHai="107" doraHaiUra="78" who="2" fromWho="2" sc="357,-20,279,-20,120,90,234,-40" owari="337,44.0,259,6.0,210,-19.0,194,-31.0" />
</Scene>
</mjloggm>