<mjloggm ver="2.3"><GO type="169" lobby="0"/><UN n0="%E3%81%A6%E3%82%8B" n1="%E3%82%AB%E3%83%9D%E3%83%8D%E5%9B%A3%E3%81%AE%E5%85%84%E8%B2%B4" n2="%72%61%6E%61%2A" n3="%E5%A4%AA%E3%81%8F%E3%81%AA%E3%81%84%E3%81%8A" dan="16,18,16,18" rate="2079.86,2236.09,2134.40,2193.11" sx="M,M,F,M"/><TAIKYOKU oya="0"/>

<Scene>
<INIT seed="0,0,0,2,3,87" ten="250,250,250,250" oya="0" hai0="89,2,27,8,0,122,18,73,1,110,81,58,93" hai1="16,85,116,34,64,37,107,123,135,47,7,76,96" hai2="19,71,25,20,40,119,30,99,51,75,36,10,74" hai3="130,26,104,90,97,66,103,113,29,112,3,94,70"/><T84/><D122/><U80/><E116/><V61/><F36/><W46/><G3/><T100/><D110/><U52/><E123/><V60/><F119/><W56/><G56/><T77/><D100/><U78/><E135/><V54/><F71/><W62/><G46/><T121/><D121/><U115/><E34/><V72/><F99/><W24/><G130/><T134/><D134/><U13/><E64/><V6/><F40/><W133/><G133/><T114/><D114/><U124/><E7/><V86/><F86/><N who="3" m="52567" /><G24/><T48/><D27/><U105/><E124/><V69/><F30/><W28/><G28/><T44/><D58/><U14/><E14/><V5/><F5/><W17/><G17/><T128/><D128/><U82/><E115/><V49/><F49/><W95/><G95/><T33/><D33/><AGARI ba="0,0" hai="26,29,33,62,66,70,97,103,104,112,113" m="52567" machi="33" ten="30,2000,0" yaku="25,1,52,1" doraHai="87" who="3" fromWho="0" sc="250,-20,250,0,250,0,250,20" />
</Scene>
<Scene>
<INIT seed="1,0,0,4,2,115" ten="230,250,250,270" oya="1" hai0="134,38,87,125,99,114,35,18,102,2,54,36,74" hai1="68,75,48,37,67,16,128,117,11,56,7,70,123" hai2="126,9,64,96,32,71,22,61,52,30,20,0,112" hai3="77,45,5,132,88,49,6,57,4,89,51,106,72"/><U55/><E75/><V80/><F126/><W24/><G106/><T62/><D2/><U113/><E123/><V13/><F0/><W63/><G132/><T108/><D35/><U107/><E113/><V17/><F112/><W122/><G122/><T43/><D74/><U29/><E107/><V94/><F80/><W40/><G51/><T34/><D87/><U58/><E29/><V124/><F124/><W95/><G24/><T1/><D62/><U53/><E37/><V120/><F120/><W46/><G46/><T104/><D1/><U92/><E67/><V10/><F32/><W135/><G135/><T111/><D125/><U83/><E128/><V27/><REACH who="2" step="1"/><F52/><REACH who="2" ten="230,250,240,270" step="2"/><N who="3" m="34215" /><G72/><T121/><D34/><U44/><E83/><V47/><F47/><W33/><G33/><T76/><D54/><U65/><E44/><V90/><AGARI ba="0,1" hai="9,10,13,17,20,22,27,30,61,64,71,90,94,96" machi="90" ten="20,8000,1" yaku="1,1,0,1,7,1,53,2" doraHai="115" doraHaiUra="19" who="2" fromWho="2" sc="230,-20,250,-40,240,90,270,-20" />
</Scene>
<Scene>
<INIT seed="2,0,0,0,5,97" ten="210,210,330,250" oya="2" hai0="108,17,24,111,15,93,125,106,73,48,102,39,56" hai1="6,115,129,35,96,72,44,43,30,42,128,38,75" hai2="13,45,84,57,5,119,100,91,26,98,53,105,20" hai3="117,124,67,46,1,63,12,69,103,107,127,29,94"/><V58/><F119/><W114/><G1/><T11/><D39/><U59/><E115/><V36/><F5/><W74/><G117/><T66/><D73/><U135/><E135/><V71/><F71/><W99/><G74/><T3/><D3/><U101/><E6/><V50/><F13/><W90/><G114/><T61/><D125/><N who="3" m="48201" /><G29/><T126/><D126/><U116/><E116/><V54/><F54/><W47/><G12/><T110/><D106/><N who="1" m="63783" /><E59/><V130/><F130/><N who="1" m="50281" /><E42/><V79/><F79/><W86/><AGARI ba="0,0" hai="46,47,63,67,69,86,90,94,99,103,107" m="48201" machi="86" ten="30,2000,0" yaku="18,1,52,1" doraHai="97" who="3" fromWho="3" sc="210,-5,210,-5,330,-10,250,20" />
</Scene>
<Scene>
<INIT seed="3,0,0,4,3,17" ten="205,205,320,270" oya="3" hai0="2,15,129,93,20,107,61,104,100,52,75,27,122" hai1="10,70,11,71,64,86,92,105,82,76,44,127,1" hai2="39,131,85,102,13,116,96,53,4,81,132,98,111" hai3="63,99,55,34,78,6,91,77,72,69,79,124,8"/><W25/><G124/><T40/><D2/><U50/><E105/><V41/><F111/><W18/><G72/><T121/><D75/><U112/><E127/><V14/><F131/><W45/><G69/><T97/><D129/><U31/><E112/><V48/><F132/><W32/><G91/><T36/><D15/><U89/><E31/><V43/><F39/><W65/><G99/><N who="2" m="37929" /><F102/><W59/><G45/><T74/><D74/><U133/><E1/><V56/><F116/><W35/><G65/><T49/><D61/><U68/><E64/><V87/><F87/><W135/><G135/><T47/><D107/><U58/><E58/><V29/><F29/><W51/><G63/><T88/><D100/><U54/><REACH who="1" step="1"/><E133/><REACH who="1" ten="205,195,320,270" step="2"/><V3/><F3/><W80/><G34/><T120/><D104/><U123/><E123/><V46/><F56/><W12/><G35/><T60/><D60/><U115/><E115/><V119/><F119/><W42/><G32/><T23/><REACH who="0" step="1"/><D27/><REACH who="0" ten="195,195,320,270" step="2"/><U126/><E126/><V108/><F108/><W67/><G25/><T106/><D106/><U21/><E21/><V130/><F130/><W128/><G128/><T114/><D114/><U73/><AGARI ba="0,2" hai="10,11,44,50,54,68,70,71,73,76,82,86,89,92" machi="73" ten="30,2000,0" yaku="1,1,0,1,53,0" doraHai="17" doraHaiUra="62" who="1" fromWho="1" sc="195,-5,195,40,320,-5,270,-10" />
</Scene>
<Scene>
<INIT seed="4,0,0,1,3,4" ten="190,235,315,260" oya="0" hai0="80,115,130,114,81,42,54,49,105,116,55,34,3" hai1="128,132,125,120,73,133,100,131,28,62,79,11,10" hai2="122,82,24,15,72,60,18,37,123,106,41,32,25" hai3="76,65,0,57,50,44,13,39,68,40,12,109,126"/><T45/><D116/><U111/><E111/><V75/><F106/><W1/><G109/><T78/><D105/><U61/><E120/><V21/><F41/><W113/><G76/><T30/><D130/><N who="1" m="49707" /><E100/><V101/><F101/><W20/><G113/><N who="0" m="43019" /><D3/><N who="3" m="1097" /><G20/><T48/><D48/><U17/><E28/><V84/><F60/><N who="1" m="23145" /><E17/><V5/><F37/><W90/><G50/><T38/><D38/><U86/><E73/><V29/><F72/><W83/><G39/><T93/><D93/><U135/><E125/><V85/><F75/><W118/><G126/><T66/><D66/><U22/><E22/><V102/><F102/><W112/><G65/><T134/><D134/><U31/><E31/><V107/><F107/><W121/><G118/><T124/><D124/><U27/><E27/><V99/><F25/><W19/><G121/><T9/><D30/><U16/><E16/><V71/><F18/><W108/><G108/><T87/><D34/><U56/><E56/><V47/><F29/><W64/><G57/><T110/><D110/><U88/><E79/><V7/><F32/><W51/><G112/><T43/><D43/><U91/><E91/><V52/><F123/><W104/><G104/><T97/><D42/><U6/><E6/><V58/><F5/><W117/><G40/><T33/><D33/><U23/><E23/><V92/><F7/><W63/><G117/><T94/><D81/><AGARI ba="0,0" hai="10,11,81,86,88,132,133,135" m="23145,49707" machi="81" ten="40,8000,1" yaku="20,1,19,1,52,2,54,1" doraHai="4" who="1" fromWho="0" sc="190,-80,235,80,315,0,260,0" />
</Scene>
<Scene>
<INIT seed="5,0,0,2,3,34" ten="110,315,315,260" oya="1" hai0="27,57,96,66,49,130,107,95,75,132,80,67,59" hai1="125,35,9,42,40,90,74,45,81,78,23,112,133" hai2="28,8,36,60,32,0,118,30,64,99,93,109,14" hai3="21,94,25,39,71,88,115,6,5,76,13,102,43"/><U82/><E35/><V70/><F109/><W123/><G123/><T29/><D107/><U65/><E112/><V89/><F36/><W121/><G121/><T18/><D132/><U83/><E40/><V85/><F118/><W48/><G71/><T44/><D130/><U106/><E65/><V128/><F128/><W111/><G39/><T91/><D18/><U98/><E23/><V131/><F131/><W120/><G111/><T53/><D75/><U26/><E26/><V4/><F32/><W10/><G102/><T103/><D80/><U61/><E61/><V114/><F114/><W117/><G76/><T77/><D77/><U110/><E125/><V55/><F55/><W38/><G38/><T79/><D79/><U31/><E31/><V119/><F119/><W7/><G120/><T69/><D103/><U50/><E133/><V113/><F113/><W100/><G100/><T124/><D124/><U22/><E22/><V73/><F73/><W104/><G104/><T12/><D12/><U37/><E106/><V2/><REACH who="2" step="1"/><F99/><REACH who="2" ten="110,315,305,260" step="2"/><N who="3" m="57799" /><G117/><T101/><D53/><U72/><E72/><V46/><F46/><N who="3" m="25695" /><G115/><T1/><D44/><U11/><E37/><V52/><F52/><W41/><G41/><T16/><D67/><U56/><E110/><V3/><AGARI ba="0,1" hai="0,2,3,4,8,14,28,30,60,64,70,85,89,93" machi="3" ten="30,8000,1" yaku="1,1,0,1,52,3,53,0" doraHai="34" doraHaiUra="51" who="2" fromWho="2" sc="110,-20,315,-40,305,90,260,-20" />
</Scene>
<Scene>
<INIT seed="6,0,0,5,2,101" ten="90,275,395,240" oya="2" hai0="50,118,106,16,49,86,11,56,79,83,24,67,33" hai1="55,12,57,39,119,13,126,74,34,18,4,123,6" hai2="95,72,98,45,103,28,124,61,20,133,125,115,60" hai3="77,114,129,87,25,78,59,29,131,117,135,44,97"/><V63/><F72/><W109/><G109/><T107/><D118/><U21/><E74/><V128/><F128/><N who="3" m="49227" /><G117/><T120/><D120/><U37/><E34/><V42/><F115/><W92/><G114/><T7/><D50/><U14/><E119/><V84/><F84/><W134/><G59/><T17/><D33/><U76/><E76/><N who="3" m="29290" /><G44/><T69/><D69/><U35/><E35/><V73/><F73/><W15/><G15/><T5/><D5/><U80/><E39/><N who="2" m="21727" /><F20/><N who="3" m="15527" /><G87/><T113/><D113/><U82/><E37/><V40/><F28/><W9/><G9/><T8/><D8/><U88/><E6/><V104/><F40/><W66/><G66/><T32/><D32/><U22/><E4/><V108/><F95/><W2/><G2/><T121/><D121/><U93/><E123/><V38/><F38/><W58/><G58/><T65/><D65/><U1/><E1/><V26/><F26/><W54/><G54/><T85/><D85/><U96/><E21/><V71/><F71/><W47/><G47/><T102/><D67/><U130/><E130/><V62/><F62/><W64/><G64/><T89/><D24/><U36/><E36/><V31/><F31/><W0/><G0/><T43/><D79/><U100/><E13/><V110/><F110/><W90/><AGARI ba="0,0" hai="90,92,97,134,135" m="15527,29290,49227" machi="90" ten="30,1100,0" yaku="19,1" doraHai="101" who="3" fromWho="3" sc="90,-3,275,-3,395,-5,240,11" />
</Scene>
<Scene>
<INIT seed="7,0,0,4,5,83" ten="87,272,390,251" oya="3" hai0="36,53,9,14,135,5,38,30,18,64,41,16,86" hai1="24,124,87,11,23,134,42,115,34,101,108,35,84" hai2="128,26,94,93,71,25,123,1,69,133,116,7,13" hai3="131,15,113,57,4,68,56,77,39,130,51,98,45"/><W111/><G68/><T97/><D135/><U118/><E108/><V58/><F116/><W96/><G111/><T27/><D64/><U40/><E134/><V110/><F1/><W127/><G39/><T85/><D97/><N who="3" m="37481" /><G77/><T0/><D53/><U72/><E72/><V122/><F128/><N who="3" m="49195" /><G113/><T89/><D18/><U2/><E101/><V92/><F133/><W12/><G127/><T106/><D106/><U95/><E115/><V44/><F44/><W75/><G75/><T78/><D78/><U63/><E124/><V104/><F58/><N who="3" m="22635" /><G4/><T119/><D119/><U37/><E118/><V121/><F104/><W103/><G103/><T88/><D41/><AGARI ba="0,0" hai="12,15,41,45,51" m="22635,49195,37481" machi="41" ten="30,1500,0" yaku="19,1" doraHai="83" who="3" fromWho="0" sc="87,-15,272,0,390,0,251,15" />
</Scene>
<Scene>
<INIT seed="7,1,0,2,1,12" ten="72,272,390,266" oya="3" hai0="29,50,46,74,7,55,90,32,123,124,24,21,106" hai1="80,112,34,0,5,19,56,23,35,13,91,82,28" hai2="25,127,76,69,79,89,75,114,77,81,83,3,109" hai3="107,47,100,14,31,102,58,51,104,57,44,111,125"/><W18/><G125/><T99/><D123/><U115/><E56/><N who="3" m="21610" /><G104/><T17/><D74/><U52/><E52/><V97/><F69/><W103/><G107/><T88/><D124/><U93/><E5/><V59/><F59/><W87/><G111/><T118/><D118/><U101/><E101/><N who="3" m="25858" /><W72/><DORA hai="71" /><G72/><T10/><D106/><U132/><E0/><V9/><F114/><N who="1" m="43561" /><E132/><V92/><F3/><W110/><G110/><T73/><D99/><N who="1" m="57791" /><E28/><V98/><F75/><W16/><G31/><T131/><D131/><U86/><E80/><V45/><F45/><N who="3" m="17483" /><G51/><T39/><D39/><U42/><E42/><V43/><F43/><W134/><G134/><T27/><REACH who="0" step="1"/><D73/><REACH who="0" ten="62,272,390,266" step="2"/><U122/><E122/><V36/><F36/><W48/><G48/><T67/><D67/><U78/><AGARI ba="1,1" hai="13,19,23,34,35,78,82,86" m="57791,43561" machi="78" ten="30,2000,0" yaku="15,1,52,1" doraHai="12,71" who="1" fromWho="1" sc="62,-6,272,33,390,-6,266,-11" owari="56,-44.0,305,11.0,384,47.0,255,-14.0" />
</Scene>
</mjloggm>