<mjloggm ver="2.3"><GO type="169" lobby="0"/><UN n0="%E5%A4%AA%E3%81%8F%E3%81%AA%E3%81%84%E3%81%8A" n1="%E8%B5%A4%E6%9C%A8%E3%81%97%E3%81%92%E3%82%8C" n2="%E3%82%AF%E3%83%AD%E3%83%8E%E3%82%B9%40" n3="%E7%B4%A0%E6%9C%B4%E3%81%AA%E5%91%B3%E3%82%8F%E3%81%84" dan="18,17,17,17" rate="2205.60,2200.89,2208.48,2098.83" sx="M,M,M,M"/><TAIKYOKU oya="0"/>

<Scene>
<INIT seed="0,0,0,5,2,104" ten="250,250,250,250" oya="0" hai0="60,64,52,1,85,44,93,32,11,77,16,36,123" hai1="80,117,61,56,27,67,126,100,51,14,17,102,97" hai2="21,134,71,13,3,6,131,0,128,19,10,106,28" hai3="47,120,112,43,108,30,73,114,82,69,118,107,90"/><T26/><D123/><U41/><E117/><V110/><F106/><W115/><G118/><T135/><D135/><U122/><E126/><V70/><F134/><W74/><G107/><T12/><D1/><U91/><E27/><N who="2" m="16495" /><F70/><W95/><G69/><T125/><D125/><U15/><E122/><V29/><F71/><W8/><G108/><T66/><D36/><U34/><E34/><V116/><F116/><W4/><G30/><T9/><D32/><U57/><E14/><N who="2" m="5463" /><F110/><W49/><G82/><N who="0" m="47311" /><D26/><U20/><E80/><V103/><F103/><W5/><G120/><T35/><D35/><U87/><E41/><V121/><F29/><W18/><G18/><T92/><D11/><U59/><E97/><V38/><F38/><W113/><G114/><T50/><D60/><U133/><E133/><V68/><F68/><W101/><G101/><T99/><D92/><N who="1" m="54399" /><E59/><V132/><F121/><W129/><G113/><T22/><D22/><U79/><E79/><V24/><F132/><W81/><G81/><T105/><D105/><U2/><E2/><N who="2" m="555" /><F24/><W48/><G115/><T111/><D111/><U84/><E84/><V7/><F7/><W65/><G4/><T63/><D63/><U88/><E88/><AGARI ba="0,0" hai="9,12,16,44,50,52,64,66,88,93,99" m="47311" machi="88" ten="30,11600,0" yaku="8,1,54,3" doraHai="104" who="0" fromWho="1" sc="250,116,250,-116,250,0,250,0" />
</Scene>
<Scene>
<INIT seed="0,1,0,2,2,63" ten="366,134,250,250" oya="0" hai0="47,1,18,129,135,81,100,102,126,54,76,31,61" hai1="7,57,52,13,73,92,40,95,34,24,4,67,86" hai2="113,5,120,104,75,109,35,90,16,118,112,25,127" hai3="111,78,116,121,58,0,110,96,77,11,68,46,74"/><T39/><D31/><U10/><E73/><V20/><F104/><W79/><G116/><T42/><D1/><U133/><E133/><V60/><F75/><W6/><G68/><T130/><D135/><U82/><E40/><V21/><F120/><W28/><G121/><T59/><D18/><U36/><E36/><V94/><F118/><W70/><G70/><T66/><D126/><U50/><E4/><V38/><F38/><W23/><G46/><T69/><D102/><U51/><E51/><V48/><F127/><W33/><G33/><T117/><D100/><U88/><REACH who="1" step="1"/><E67/><REACH who="1" ten="366,124,250,250" step="2"/><V87/><F5/><W134/><G134/><T43/><D43/><U84/><E84/><V3/><F109/><W119/><G119/><T8/><D117/><U49/><E49/><V17/><F3/><W12/><G0/><T128/><D130/><U45/><E45/><V93/><F60/><W114/><G74/><N who="0" m="43159" /><D129/><U99/><E99/><V15/><F35/><W108/><G96/><T41/><D41/><U115/><E115/><V9/><F112/><W32/><G114/><T22/><D66/><U85/><E85/><V131/><F113/><W80/><G32/><T26/><D128/><U91/><E91/><N who="2" m="53503" /><F131/><W105/><G110/><T55/><D42/><U27/><E27/><V89/><F48/><W98/><G111/><T19/><D39/><U83/><E83/><V107/><F90/><W125/><G80/><T71/><D47/><U123/><E123/><V30/><F89/><W124/><G108/><T64/><D64/><U2/><E2/><V65/><F65/><W14/><G124/><RYUUKYOKU ba="1,1" sc="366,-10,124,30,250,-10,250,-10" hai1="7,10,13,24,34,50,52,57,82,86,88,92,95" />
</Scene>
<Scene>
<INIT seed="1,2,1,5,4,133" ten="356,154,240,240" oya="1" hai0="121,84,64,32,107,60,120,47,18,48,1,112,132" hai1="100,83,45,71,109,102,33,68,85,93,36,70,98" hai2="50,9,17,76,37,15,5,126,95,81,0,110,79" hai3="3,118,97,125,52,57,124,30,28,88,16,42,128"/><U23/><E33/><V8/><F37/><W7/><G128/><T75/><D75/><U2/><E2/><V119/><F119/><W130/><G130/><T12/><D1/><U29/><E102/><V113/><F110/><W80/><G118/><T122/><D132/><U40/><E109/><V99/><F113/><W25/><G42/><T59/><D112/><U24/><REACH who="1" step="1"/><E70/><REACH who="1" ten="356,144,240,240" step="2"/><V72/><F0/><W11/><G16/><T49/><D32/><U129/><E129/><V86/><F17/><W66/><G66/><T87/><D121/><U101/><E101/><V21/><F5/><W117/><G117/><T78/><D120/><U31/><E31/><V96/><F72/><W61/><G28/><T26/><D122/><U58/><E58/><V63/><F21/><W103/><G103/><T105/><D59/><U38/><E38/><V41/><F8/><W106/><G106/><T94/><D105/><U34/><E34/><V44/><F9/><W51/><G11/><T104/><D107/><U54/><E54/><V90/><F41/><W19/><G19/><T92/><D104/><U108/><E108/><V73/><F73/><W91/><G7/><T115/><D18/><U13/><E13/><V56/><F15/><W114/><G3/><T39/><D12/><U62/><E62/><V123/><F123/><W53/><G61/><T67/><D60/><U14/><E14/><V116/><F116/><W77/><G53/><T46/><D67/><U4/><E4/><V134/><F56/><W20/><G114/><T82/><D115/><U111/><E111/><V131/><F131/><RYUUKYOKU ba="2,2" sc="356,-10,144,30,240,-10,240,-10" hai1="23,24,29,36,40,45,68,71,83,85,93,98,100" />
</Scene>
<Scene>
<INIT seed="1,3,2,3,1,77" ten="346,174,230,230" oya="1" hai0="52,15,82,41,48,65,69,28,115,29,128,95,1" hai1="39,45,10,36,84,117,110,74,125,127,94,50,86" hai2="131,102,107,119,120,4,118,14,33,2,78,89,25" hai3="31,59,108,121,123,96,55,91,90,105,126,71,57"/><U88/><E117/><V34/><F120/><W75/><G71/><T132/><D1/><U73/><E110/><V40/><F2/><W20/><G75/><N who="1" m="28682" /><E10/><V3/><F3/><W27/><G108/><T19/><D41/><N who="1" m="24879" /><E84/><V113/><F78/><W9/><G126/><AGARI ba="3,2" hai="36,39,86,88,94,125,126,127" m="24879,28682" machi="126" ten="30,2900,0" yaku="18,1,54,1" doraHai="77" who="1" fromWho="3" sc="346,0,174,58,230,0,230,-38" />
</Scene>
<Scene>
<INIT seed="1,4,0,0,1,6" ten="346,232,230,192" oya="1" hai0="108,40,68,84,128,96,16,66,24,43,14,47,129" hai1="51,106,29,60,44,59,34,33,4,76,21,72,135" hai2="41,113,77,101,61,121,62,103,75,124,5,74,107" hai3="27,117,55,70,63,91,13,36,9,134,118,119,100"/><U90/><E135/><V88/><F121/><W20/><G36/><T120/><D120/><U32/><E106/><V114/><F124/><W85/><G134/><T110/><D24/><U53/><E90/><V116/><F116/><W99/><G55/><T23/><D84/><U111/><E111/><N who="0" m="42537" /><D96/><U104/><E104/><V67/><F41/><N who="0" m="15946" /><D47/><U17/><E4/><V2/><F62/><AGARI ba="4,0" hai="14,16,23,62,66,68,128,129" m="15946,42537" machi="62" ten="30,2000,0" yaku="14,1,54,1" doraHai="6" who="0" fromWho="2" sc="346,32,232,0,230,-32,192,0" />
</Scene>
<Scene>
<INIT seed="2,0,0,3,1,105" ten="378,232,198,192" oya="2" hai0="55,69,15,9,45,5,37,38,34,67,19,104,24" hai1="124,133,79,96,106,58,13,51,89,61,131,3,71" hai2="66,97,17,68,60,6,73,43,12,113,31,101,14" hai3="134,112,42,102,62,23,1,99,83,40,4,132,114"/><V110/><F113/><N who="3" m="43627" /><G62/><T85/><D104/><U16/><E3/><V56/><F43/><N who="3" m="16427" /><G83/><T20/><D69/><U26/><E71/><V118/><F118/><W126/><G126/><T94/><D67/><U49/><E124/><V18/><F110/><W123/><G123/><T48/><D94/><N who="1" m="56399" /><E106/><V29/><F68/><W108/><G108/><T28/><REACH who="0" step="1"/><D85/><REACH who="0" ten="368,232,198,192" step="2"/><U135/><E135/><V63/><F66/><W125/><G125/><T98/><D98/><U82/><E133/><V117/><F97/><W74/><G134/><T107/><D107/><U44/><E82/><V78/><F117/><W76/><G132/><T88/><D88/><U77/><E77/><V91/><F78/><W75/><G76/><T25/><AGARI ba="0,1" hai="5,9,15,19,20,24,25,28,34,37,38,45,48,55" machi="25" ten="20,2700,0" yaku="1,1,0,1,7,1,53,0" doraHai="105" doraHaiUra="84" who="0" fromWho="0" sc="368,37,232,-7,198,-13,192,-7" />
</Scene>
<Scene>
<INIT seed="3,0,0,0,2,47" ten="405,225,185,185" oya="3" hai0="111,112,41,130,110,38,107,101,89,56,60,50,81" hai1="122,117,8,49,116,105,16,39,67,134,92,26,77" hai2="121,86,118,94,13,80,55,87,7,57,15,5,133" hai3="71,52,34,4,25,48,12,61,36,23,129,28,106"/><W83/><G106/><T40/><D38/><U20/><E105/><V102/><F118/><N who="1" m="45673" /><E122/><V98/><F133/><W124/><G36/><T14/><D130/><U79/><E134/><V37/><F37/><W73/><G124/><T72/><D112/><U128/><E128/><V93/><F121/><W63/><G129/><T65/><D101/><U120/><E120/><V114/><F114/><W109/><G109/><N who="0" m="41483" /><D107/><U62/><E39/><V46/><F46/><W32/><G32/><T2/><D2/><U51/><E92/><V43/><F43/><W82/><G73/><T113/><D113/><U22/><E22/><V35/><F35/><W21/><G34/><T64/><D64/><U6/><E79/><V17/><F94/><W75/><G71/><T69/><D14/><N who="1" m="5399" /><E77/><V59/><F15/><W91/><G75/><T18/><D18/><U53/><E53/><V54/><F5/><W125/><G125/><T97/><D97/><U85/><E85/><N who="2" m="32267" /><F80/><N who="3" m="30763" /><G91/><T31/><D89/><U10/><E10/><N who="2" m="6327" /><F7/><W135/><G135/><T0/><D72/><U70/><AGARI ba="0,0" hai="16,20,26,49,51,62,67,70" m="5399,45673" machi="70" ten="30,7900,0" yaku="12,1,52,2,54,1" doraHai="47" who="1" fromWho="1" sc="405,-20,225,79,185,-20,185,-39" />
</Scene>
<Scene>
<INIT seed="4,0,0,2,1,24" ten="385,304,165,146" oya="0" hai0="36,97,114,117,85,51,14,107,22,115,39,27,59" hai1="49,128,75,96,118,48,72,110,5,95,134,70,127" hai2="50,44,104,116,10,38,41,18,87,16,29,111,46" hai3="124,47,57,79,43,91,7,123,23,4,33,112,121"/><T83/><D117/><U42/><E118/><V20/><F111/><W56/><G33/><T21/><D107/><U98/><E110/><V60/><F104/><W11/><G112/><N who="0" m="43051" /><D97/><U94/><E70/><V65/><F116/><W101/><G124/><T31/><D51/><U28/><E127/><V61/><F10/><W37/><G101/><T0/><D0/><U122/><E5/><V103/><F103/><W80/><G91/><N who="0" m="51647" /><D59/><U132/><E42/><V133/><F133/><W120/><G23/><N who="0" m="8715" /><D14/><U129/><REACH who="1" step="1"/><E122/><REACH who="1" ten="385,294,165,146" step="2"/><V126/><F126/><W40/><G40/><T19/><D19/><U30/><AGARI ba="0,1" hai="28,30,48,49,72,75,94,95,96,98,128,129,132,134" machi="30" ten="25,12000,2" yaku="1,1,2,1,0,1,22,2,52,2,53,0" doraHai="24" doraHaiUra="15" who="1" fromWho="1" sc="385,-60,294,130,165,-30,146,-30" />
</Scene>
<Scene>
<INIT seed="5,0,0,4,4,21" ten="325,424,135,116" oya="1" hai0="116,85,16,75,41,86,70,50,22,10,102,11,131" hai1="74,29,43,98,20,132,40,82,51,125,104,109,63" hai2="54,28,92,31,18,120,33,15,60,2,117,12,105" hai3="115,123,1,128,25,127,67,26,17,121,124,7,55"/><U66/><E132/><V129/><F105/><W119/><G67/><T58/><D70/><U44/><E125/><N who="3" m="48202" /><G55/><T130/><D75/><U27/><E109/><V4/><F117/><W114/><G128/><N who="0" m="49195" /><D116/><U48/><E74/><V89/><F129/><W99/><G99/><T61/><D102/><U14/><E82/><V113/><F113/><N who="3" m="43019" /><G119/><T49/><D86/><U9/><E104/><V45/><F120/><N who="3" m="46155" /><G17/><T135/><D85/><U13/><E98/><V6/><F18/><W62/><G62/><T19/><D19/><U112/><E112/><V71/><F60/><W103/><G103/><T46/><D61/><U122/><E122/><V3/><F54/><W30/><G30/><T108/><D58/><N who="1" m="37239" /><E43/><V56/><F56/><W90/><G90/><T77/><D41/><U93/><E93/><V88/><F92/><W133/><G133/><T52/><D135/><U65/><E65/><V94/><F94/><W23/><G23/><T8/><D22/><U34/><E20/><V101/><F101/><W24/><G24/><T95/><D95/><U97/><E97/><V81/><F71/><W96/><G96/><T47/><D52/><U32/><E27/><V111/><F81/><W106/><G106/><T37/><D47/><U53/><E29/><V42/><F45/><W39/><G39/><T76/><D46/><U126/><E126/><V64/><F64/><W107/><G107/><T5/><D37/><U110/><E44/><V69/><F69/><W59/><G59/><T38/><D38/><U36/><E36/><V100/><F100/><W78/><G78/><T72/><D76/><RYUUKYOKU ba="0,0" sc="325,-10,424,-10,135,-10,116,30" hai3="1,7,25,26" />
</Scene>
<Scene>
<INIT seed="6,1,0,5,1,124" ten="315,414,125,146" oya="2" hai0="23,67,76,55,41,61,75,4,35,2,130,12,106" hai1="133,11,43,49,91,107,128,115,99,119,82,111,44" hai2="103,84,70,59,73,77,122,129,36,34,5,3,54" hai3="62,81,15,28,52,42,65,20,37,38,7,51,117"/><V123/><F70/><W8/><G117/><T48/><D35/><U134/><E119/><V16/><F34/><W10/><G81/><T90/><D106/><U53/><E111/><V98/><F36/><W100/><G100/><T94/><D2/><U92/><E115/><V19/><F73/><W33/><G33/><T39/><D76/><U109/><E109/><V71/><F71/><W86/><G86/><T97/><D75/><U118/><E118/><V50/><F129/><W1/><G28/><T108/><D108/><U105/><E128/><V68/><F68/><W101/><G20/><T72/><D72/><U57/><E11/><V125/><F125/><W88/><G101/><T132/><D41/><U0/><E0/><V25/><F3/><W14/><G88/><T80/><D39/><U78/><E78/><V18/><F5/><W127/><G127/><T13/><D80/><U31/><E31/><V135/><F135/><N who="1" m="51721" /><E82/><N who="2" m="47183" /><F123/><W112/><G112/><T17/><D132/><U32/><E32/><V26/><F122/><W63/><G1/><T60/><D67/><U64/><E64/><V29/><F29/><W131/><G131/><T83/><D83/><U87/><E87/><V40/><F40/><W120/><G120/><T121/><D130/><U27/><E27/><V47/><F47/><N who="3" m="27775" /><G42/><T69/><D121/><U56/><E43/><V21/><F26/><W79/><G65/><N who="0" m="41127" /><D4/><U102/><E107/><V126/><F126/><W66/><G66/><T9/><D12/><U85/><AGARI ba="1,0" hai="44,49,53,56,57,85,91,92,99,102,105" m="51721" machi="85" ten="30,1100,0" yaku="20,1" doraHai="124" who="1" fromWho="1" sc="315,-4,414,14,125,-6,146,-4" />
</Scene>
<Scene>
<INIT seed="7,0,0,2,1,15" ten="311,428,119,142" oya="3" hai0="10,61,86,56,62,109,46,112,29,117,130,50,105" hai1="71,85,83,41,89,68,7,60,24,43,74,84,127" hai2="77,20,78,90,126,34,108,19,107,124,67,4,110" hai3="28,8,42,69,59,66,27,91,132,35,118,33,16"/><W81/><G118/><T31/><D109/><N who="2" m="42090" /><F67/><W102/><G132/><T116/><D105/><U111/><E85/><V13/><F107/><W88/><G102/><T79/><D130/><U92/><E24/><N who="2" m="14367" /><F34/><W17/><G35/><T135/><D135/><U73/><E127/><N who="2" m="48683" /><F90/><W48/><G69/><T3/><D62/><U57/><E92/><V25/><F25/><W2/><G2/><T122/><D46/><U63/><E7/><V120/><F120/><W99/><G8/><AGARI ba="0,0" hai="4,8,13,77,78" m="48683,14367,42090" machi="8" ten="30,2000,0" yaku="18,1,52,1" doraHai="15" who="2" fromWho="3" sc="311,0,428,0,119,20,142,-20" owari="311,11.0,428,53.0,139,-26.0,122,-38.0" />
</Scene>
</mjloggm>