<mjloggm ver="2.3"><GO type="169" lobby="0"/><UN n0="%72%69%6F%75%63%68%61%6E" n1="%E3%82%89%E3%81%84%E3%81%A1%E3%82%87%E3%81%86" n2="%E5%A4%AA%E3%81%8F%E3%81%AA%E3%81%84%E3%81%8A" n3="%41%49%53%4C%49%4E%4E" dan="16,16,17,17" rate="2097.46,2056.33,2146.77,2136.61" sx="M,M,M,F"/><TAIKYOKU oya="0"/>

<Scene>
<INIT seed="0,0,0,3,5,96" ten="250,250,250,250" oya="0" hai0="69,110,39,29,0,36,131,3,75,67,65,102,97" hai1="106,72,121,135,11,122,111,134,132,74,50,1,73" hai2="43,119,2,90,81,25,26,89,19,8,60,109,14" hai3="47,24,17,76,55,56,116,120,9,7,13,107,79"/><T21/><D75/><U84/><E111/><V57/><F109/><W95/><G107/><T94/><D110/><U18/><E50/><V125/><F125/><W124/><G116/><T41/><D131/><U61/><E61/><V28/><F119/><W78/><G124/><T98/><D41/><U103/><E84/><V20/><F43/><W129/><G129/><T77/><D77/><U101/><E106/><V112/><F112/><W33/><G47/><T46/><D46/><U87/><E87/><V51/><F51/><W45/><G45/><T64/><D69/><U85/><E85/><V86/><F2/><W117/><G117/><T16/><D29/><U66/><E66/><V48/><F48/><W35/><G95/><T37/><REACH who="0" step="1"/><D97/><REACH who="0" ten="240,250,250,250" step="2"/><U52/><E122/><V70/><F70/><W59/><G120/><T5/><D5/><N who="1" m="1455" /><E121/><V130/><F130/><W82/><G78/><T42/><D42/><U100/><E18/><V32/><F81/><W10/><G76/><T88/><D88/><U12/><E12/><AGARI ba="0,1" hai="0,3,12,16,21,36,37,39,64,65,67,94,98,102" machi="12" ten="50,12000,1" yaku="1,1,52,1,54,1,53,1" doraHai="96" doraHaiUra="93" who="0" fromWho="1" sc="240,130,250,-120,250,0,250,0" />
</Scene>
<Scene>
<INIT seed="0,1,0,4,0,3" ten="370,130,250,250" oya="0" hai0="5,56,63,116,31,7,60,62,93,88,86,37,108" hai1="1,78,98,123,11,12,80,87,99,102,58,44,49" hai2="39,47,33,75,97,59,71,29,103,74,54,65,16" hai3="104,117,22,106,8,100,84,68,113,132,0,89,18"/><T82/><D116/><U94/><E123/><V69/><F16/><W110/><G100/><T134/><D37/><U120/><E120/><V61/><F71/><W92/><G68/><T20/><D134/><U4/><E99/><V96/><F96/><W40/><G40/><T130/><D130/><U73/><E1/><V66/><F66/><W13/><G113/><T23/><D108/><U118/><E118/><V25/><F47/><W6/><G117/><T43/><D43/><U95/><E58/><V79/><F79/><W126/><G110/><T27/><D56/><U14/><E14/><V46/><F39/><W17/><G132/><T57/><D57/><U50/><E50/><V55/><F46/><W26/><REACH who="3" step="1"/><G126/><REACH who="3" ten="370,130,250,240" step="2"/><T67/><D67/><U76/><E73/><V121/><F121/><W115/><G115/><T52/><D52/><N who="2" m="20010" /><F59/><W36/><G36/><T41/><D41/><N who="1" m="24719" /><E76/><V72/><F75/><W129/><G129/><T38/><D38/><U127/><E127/><V35/><F35/><W85/><G85/><N who="0" m="52367" /><D23/><AGARI ba="1,1" hai="0,6,8,13,17,18,22,23,26,84,89,92,104,106" machi="23" ten="30,8000,1" yaku="1,1,7,1,52,1,53,2" doraHai="3" doraHaiUra="15" who="3" fromWho="0" sc="370,-83,130,0,250,0,240,93" />
</Scene>
<Scene>
<INIT seed="1,0,0,5,5,10" ten="287,130,250,333" oya="1" hai0="127,7,88,39,131,16,26,122,18,99,120,123,118" hai1="94,80,135,2,98,134,103,61,52,105,57,71,60" hai2="51,9,1,19,121,15,37,114,69,22,44,93,79" hai3="89,20,58,96,130,78,8,84,81,112,30,117,87"/><U129/><E2/><V119/><F119/><W74/><G112/><T54/><D118/><U77/><E129/><V27/><F121/><W125/><G117/><T34/><D39/><U46/><E46/><V75/><F114/><W55/><G125/><T64/><D64/><U13/><E105/><V100/><F69/><W40/><G40/><T6/><D131/><U31/><E31/><V85/><F37/><W45/><G45/><T41/><D41/><U63/><E13/><V48/><F1/><W102/><G89/><T76/><D76/><U62/><REACH who="1" step="1"/><E71/><REACH who="1" ten="287,120,250,333" step="2"/><V83/><F44/><W12/><G130/><T116/><D116/><U65/><E65/><V32/><F32/><W24/><G30/><N who="0" m="19799" /><D127/><U128/><E128/><V36/><F36/><W72/><G12/><T25/><D25/><U33/><E33/><V124/><F124/><W66/><G24/><T38/><D38/><U14/><E14/><V42/><F42/><W91/><G66/><T111/><D54/><U0/><E0/><V49/><F27/><W73/><G55/><T43/><D43/><U29/><E29/><V70/><F70/><W21/><G58/><T59/><D59/><U28/><E28/><V86/><F22/><W95/><G8/><T97/><D123/><U53/><E53/><V115/><F115/><W109/><G20/><T108/><D120/><U82/><E82/><V23/><F23/><W50/><G21/><T4/><D122/><U113/><E113/><V5/><F19/><W3/><G3/><T35/><D35/><U110/><E110/><V133/><F133/><W90/><G109/><RYUUKYOKU ba="0,1" sc="287,-15,120,15,250,15,333,-15" hai1="52,57,60,61,62,63,77,80,94,98,103,134,135" hai2="5,9,15,48,49,51,75,79,83,85,86,93,100" />
</Scene>
<Scene>
<INIT seed="1,1,1,2,0,23" ten="272,135,265,318" oya="1" hai0="12,79,69,42,62,90,98,22,27,106,58,134,61" hai1="94,25,113,10,45,72,67,80,109,6,11,47,66" hai2="43,4,73,112,60,5,21,19,64,52,86,121,56" hai3="125,123,28,126,105,34,118,129,36,96,65,30,39"/><U63/><E113/><V20/><F73/><W101/><G123/><T16/><D134/><U85/><E72/><V0/><F121/><W107/><G107/><T35/><D42/><U131/><E131/><V97/><F112/><W48/><G129/><T32/><D79/><U132/><E132/><V87/><F43/><W26/><G30/><N who="0" m="17783" /><D106/><U119/><E119/><V122/><F122/><W133/><G133/><T128/><D32/><U46/><E109/><V54/><F97/><W55/><G65/><N who="1" m="24586" /><E63/><V124/><F124/><N who="3" m="47723" /><G118/><T130/><D35/><U92/><E6/><N who="2" m="2667" /><F21/><W71/><G71/><T111/><D69/><U51/><E51/><V110/><F0/><W91/><G91/><T81/><D111/><U103/><E25/><N who="2" m="14495" /><F110/><W99/><G99/><T89/><D98/><N who="1" m="59847" /><E94/><V82/><F87/><W77/><G77/><AGARI ba="1,1" hai="10,11,45,46,47,77,80,85" m="59847,24586" machi="77" ten="30,1500,0" yaku="8,1" doraHai="23" who="1" fromWho="3" sc="272,0,135,28,265,0,318,-18" /><AGARI ba="1,0" hai="52,54,56,60,64,77,82,86" m="14495,2667" machi="77" ten="30,3900,0" yaku="8,1,52,1,54,1" doraHai="23" who="2" fromWho="3" sc="272,0,163,0,265,39,300,-39" />
</Scene>
<Scene>
<INIT seed="1,2,0,3,4,17" ten="272,163,304,261" oya="1" hai0="74,125,86,63,90,64,98,85,69,3,32,71,67" hai1="113,2,38,103,33,89,126,40,59,30,100,88,36" hai2="0,123,68,39,48,41,127,25,12,134,31,124,131" hai3="106,133,93,94,80,20,75,73,26,116,11,43,18"/><U72/><E113/><V42/><F0/><W96/><G133/><T128/><D32/><U130/><E72/><V101/><F123/><W82/><G106/><T121/><D3/><U114/><E114/><V55/><F68/><W4/><G43/><T19/><D74/><U9/><E130/><V15/><F101/><W115/><G115/><T108/><D128/><U91/><E126/><N who="2" m="48171" /><F134/><W92/><G116/><T10/><D125/><U84/><E84/><V6/><F39/><W70/><G70/><T104/><D108/><U117/><E117/><V111/><F111/><W16/><G96/><T102/><D121/><U81/><E81/><N who="3" m="31338" /><G75/><T53/><D90/><U105/><E105/><V107/><F107/><W13/><G73/><T78/><D78/><U77/><E77/><V119/><F119/><W22/><G93/><T51/><D69/><U14/><E2/><V135/><F135/><W79/><G79/><T1/><D1/><U129/><E129/><V21/><F131/><W83/><G83/><T120/><D120/><U5/><E36/><V34/><F34/><W28/><G28/><T95/><D95/><BYE who="0" /><U52/><E30/><V58/><F6/><W54/><G54/><T29/><D29/><U27/><E33/><V132/><F132/><W56/><G56/><T44/><D44/><N who="1" m="23575" /><E27/><AGARI ba="2,0" hai="4,11,13,16,18,20,22,26,27,92,94" m="31338" machi="27" ten="30,7700,0" yaku="8,1,52,2,54,1" doraHai="17" who="3" fromWho="1" sc="272,0,163,-83,304,0,261,83" /><UN n0="%72%69%6F%75%63%68%61%6E" />
</Scene>
<Scene>
<INIT seed="2,0,0,0,1,21" ten="272,80,304,344" oya="2" hai0="37,44,76,122,112,60,2,26,107,32,81,95,93" hai1="20,68,109,125,131,98,123,120,91,84,92,6,42" hai2="104,51,74,79,5,56,27,47,25,65,124,108,132" hai3="100,86,75,50,41,134,67,0,33,83,39,133,70"/><V12/><F104/><W29/><G0/><T54/><D122/><N who="1" m="46635" /><E68/><V113/><F113/><W130/><G39/><T78/><D112/><U8/><E42/><V1/><F1/><W77/><G100/><T85/><D107/><U121/><N who="1" m="46643" /><U71/><DORA hai="105" /><E71/><V34/><F34/><W13/><G13/><T38/><D2/><U7/><E109/><V43/><F108/><W97/><G97/><T94/><D78/><U14/><E131/><V22/><F124/><W15/><G15/><T30/><REACH who="0" step="1"/><D60/><REACH who="0" ten="262,80,304,344" step="2"/><U88/><E125/><V58/><F79/><W66/><G130/><T116/><D116/><U72/><E72/><V23/><F74/><W59/><G75/><T101/><D101/><U64/><E64/><V102/><F102/><W99/><G67/><T82/><D82/><N who="1" m="49175" /><E20/><V19/><F65/><W18/><G70/><T119/><D119/><U128/><E128/><V126/><F126/><W127/><G127/><T87/><D87/><U96/><E96/><V69/><F69/><W135/><G66/><T11/><D11/><U115/><E115/><V24/><F23/><W16/><G99/><T49/><AGARI ba="0,1" hai="26,30,32,37,38,44,49,54,76,81,85,93,94,95" machi="49" ten="30,4000,0" yaku="1,1,0,1,52,1,53,0" doraHai="21,105" doraHaiUra="52,62" who="0" fromWho="0" sc="262,50,80,-10,304,-20,344,-10" />
</Scene>
<Scene>
<INIT seed="3,0,0,2,5,104" ten="312,70,284,334" oya="3" hai0="53,61,74,25,107,88,66,132,125,54,6,112,133" hai1="85,27,62,41,37,64,73,120,31,67,17,24,45" hai2="1,86,36,35,38,97,65,76,51,59,18,34,19" hai3="23,83,47,40,78,121,99,135,113,124,109,101,60"/><W16/><G113/><T131/><D107/><U3/><E120/><V130/><F1/><W33/><G33/><T115/><D125/><U129/><E129/><V0/><F0/><W20/><G121/><T50/><D131/><U93/><E3/><V117/><F130/><W81/><G124/><T46/><D74/><U8/><E73/><V94/><F117/><W12/><G135/><N who="0" m="51787" /><D6/><U84/><E67/><V91/><F35/><W111/><G23/><T63/><D25/><U10/><E10/><V32/><F34/><W58/><G101/><T30/><D30/><U105/><E105/><V128/><F32/><W98/><G98/><T11/><D11/><U75/><E75/><V79/><F128/><W89/><G89/><T134/><D134/><U49/><E37/><V102/><F36/><W9/><G99/><T55/><D88/><N who="1" m="53383" /><E85/><V5/><F38/><N who="3" m="21911" /><G78/><T7/><D7/><U106/><E106/><V80/><F5/><W56/><G9/><T77/><D77/><N who="2" m="29770" /><F65/><W114/><G114/><N who="0" m="43563" /><D66/><U100/><E100/><V72/><F72/><W52/><G83/><T21/><D21/><U110/><E31/><V96/><F96/><W43/><G81/><T119/><D119/><U4/><E4/><V69/><F19/><W13/><G16/><T28/><D28/><U103/><E103/><V29/><F18/><W71/><G13/><T95/><D95/><U2/><E2/><V26/><F29/><W70/><G12/><T22/><D22/><U123/><E123/><V39/><F26/><N who="1" m="9769" /><E8/><V48/><F102/><W127/><G127/><T118/><D118/><U122/><E122/><RYUUKYOKU ba="0,0" sc="312,30,70,-10,284,-10,334,-10" hai0="46,50,53,54,55,61,63" />
</Scene>
<Scene>
<INIT seed="4,1,0,0,4,100" ten="342,60,274,324" oya="0" hai0="60,118,52,119,61,5,129,82,70,83,125,22,74" hai1="86,96,84,49,101,80,85,45,69,78,28,72,37" hai2="108,21,15,71,67,105,88,42,106,31,19,65,102" hai3="130,55,8,94,9,46,35,93,62,57,121,48,81"/><T122/><D122/><U73/><E69/><V124/><F108/><W64/><G35/><T114/><D114/><U115/><E115/><V2/><F2/><W27/><G121/><T10/><D125/><U117/><E117/><V41/><F124/><W134/><G134/><T97/><D129/><U109/><E109/><V110/><F110/><W20/><G81/><T51/><D22/><U13/><E37/><V44/><F31/><N who="3" m="17895" /><G130/><T11/><D11/><AGARI ba="1,0" hai="8,9,11,46,48,55,57,62,64,93,94" m="17895" machi="11" ten="30,1000,0" yaku="8,1" doraHai="100" who="3" fromWho="0" sc="342,-13,60,0,274,0,324,13" />
</Scene>
<Scene>
<INIT seed="5,0,0,0,4,62" ten="329,60,274,337" oya="1" hai0="61,55,100,37,46,112,57,2,133,103,27,36,76" hai1="16,50,95,66,105,32,87,82,3,25,51,31,30" hai2="1,90,13,104,49,123,124,18,99,44,108,77,64" hai3="63,88,98,33,43,48,127,106,70,7,4,96,74"/><U111/><E105/><V89/><F108/><W135/><G74/><T84/><D2/><U56/><E3/><V19/><F1/><W53/><G33/><T110/><D110/><U45/><E111/><V116/><F116/><W26/><G26/><T11/><D112/><U40/><E95/><V117/><F117/><W94/><G127/><T80/><D133/><U24/><E51/><V42/><F123/><W91/><G43/><T41/><D37/><U9/><E9/><V47/><F124/><W29/><G29/><T58/><D11/><U17/><E56/><V28/><F28/><W131/><G135/><T75/><D27/><U54/><E40/><V122/><F122/><W5/><G131/><T72/><D72/><U34/><REACH who="1" step="1"/><E66/><REACH who="1" ten="329,50,274,337" step="2"/><V114/><F64/><W6/><G106/><T71/><D58/><U10/><E10/><V130/><F104/><W85/><G48/><N who="0" m="30951" /><D75/><U60/><E60/><V121/><F49/><W59/><G70/><T120/><D120/><U92/><E92/><V86/><F42/><W93/><N who="3" m="1024" /><DORA hai="65" /><W22/><G22/><T12/><D61/><U21/><E21/><V23/><F23/><W35/><G35/><T81/><D71/><U83/><E83/><V79/><F121/><W101/><G96/><T14/><D81/><U126/><E126/><V69/><F99/><W109/><G109/><T119/><D119/><U132/><E132/><V67/><F69/><W73/><G93/><T128/><D128/><U118/><E118/><V15/><F67/><W38/><G94/><T129/><D129/><U102/><E102/><V115/><F130/><RYUUKYOKU ba="0,1" sc="329,10,50,10,274,10,337,-30" hai0="12,14,36,41,46,76,80,84,100,103" hai1="16,17,24,25,30,31,32,34,45,50,54,82,87" hai2="13,15,18,19,44,47,77,79,86,89,90,114,115" />
</Scene>
<Scene>
<INIT seed="5,1,1,4,5,98" ten="339,60,284,307" oya="1" hai0="133,48,14,16,57,107,92,30,81,94,90,62,35" hai1="46,53,39,121,126,26,31,85,5,79,42,100,20" hai2="131,36,59,83,124,47,43,135,50,118,52,129,68" hai3="132,40,28,96,123,130,29,21,56,82,105,33,77"/><U66/><E121/><V1/><F1/><W104/><G123/><T23/><D107/><U88/><E126/><V15/><F118/><W61/><G33/><T69/><D133/><U75/><E66/><V4/><F135/><W32/><G32/><T134/><D134/><U60/><E5/><V125/><F83/><W2/><G2/><T71/><D48/><U70/><E75/><V84/><F84/><W108/><G108/><T22/><D35/><U86/><E79/><V87/><F87/><W74/><G132/><T10/><D81/><U76/><E76/><V111/><F111/><W65/><G130/><N who="2" m="49673" /><F68/><W55/><G40/><T38/><D38/><U44/><E86/><V45/><F15/><W97/><G65/><N who="0" m="39119" /><D69/><U19/><E70/><V17/><F17/><W122/><G122/><T128/><D71/><U3/><E3/><V119/><F4/><W51/><G61/><T95/><D128/><U12/><E60/><N who="2" m="35943" /><F119/><W9/><G82/><T73/><D73/><U116/><E116/><V115/><F115/><W101/><G77/><T80/><D30/><U120/><E120/><V24/><F24/><W112/><G74/><T25/><D25/><U6/><E6/><V7/><F7/><W103/><G112/><T67/><D67/><U63/><E63/><V0/><F0/><W58/><G28/><T113/><D113/><U49/><E31/><V41/><AGARI ba="1,1" hai="36,41,43,45,47,50,124,125" m="35943,49673" machi="41" ten="30,7900,0" yaku="19,1,34,2,54,1" doraHai="98" who="2" fromWho="2" sc="339,-21,60,-40,284,92,307,-21" />
</Scene>
<Scene>
<INIT seed="6,0,0,5,0,56" ten="318,20,376,286" oya="2" hai0="30,119,85,47,42,36,104,0,12,50,3,86,19" hai1="41,29,103,95,39,134,65,25,98,128,34,8,124" hai2="23,72,117,93,116,53,115,83,105,60,81,111,14" hai3="9,74,76,15,96,75,1,112,135,20,87,45,88"/><V61/><F105/><W64/><G135/><T77/><D104/><U130/><E39/><V37/><F37/><W91/><G1/><T62/><D119/><U44/><E8/><V97/><F72/><W55/><G20/><T125/><D125/><U110/><E110/><V78/><F116/><W123/><G123/><T113/><D113/><U13/><E134/><V120/><F120/><W73/><G64/><T127/><D127/><U7/><E124/><V46/><F117/><W66/><G66/><T106/><D106/><U33/><E33/><V132/><F132/><W22/><G22/><T101/><D101/><U121/><E121/><V79/><F115/><W2/><G2/><T131/><D131/><U31/><E31/><V84/><F111/><W6/><G112/><T67/><D30/><U40/><E13/><V17/><F46/><W51/><REACH who="3" step="1"/><G96/><REACH who="3" ten="318,20,376,276" step="2"/><T129/><D129/><N who="1" m="49771" /><E7/><V49/><F97/><W122/><G122/><T26/><D0/><U63/><E44/><V94/><F23/><W133/><G133/><T80/><D3/><U57/><AGARI ba="0,1" hai="25,29,34,40,41,57,63,65,95,98,103" m="49771" machi="57" ten="30,2000,0" yaku="19,1,52,1" doraHai="56" who="1" fromWho="1" sc="318,-5,20,30,376,-10,276,-5" />
</Scene>
<Scene>
<INIT seed="7,0,0,4,0,33" ten="313,50,366,271" oya="3" hai0="65,73,67,120,114,23,100,12,37,98,64,62,3" hai1="118,78,5,53,0,66,57,74,29,125,84,43,61" hai2="122,126,63,49,68,45,39,105,22,38,36,99,41" hai3="14,51,90,102,19,104,121,70,79,88,95,97,116"/><W35/><G35/><T48/><D37/><U77/><E84/><V111/><F111/><W106/><G70/><T20/><D120/><U103/><E5/><V31/><F122/><W21/><G121/><T132/><D73/><U9/><E9/><V26/><F126/><W56/><G116/><T44/><D3/><U113/><E57/><V75/><F75/><W135/><G79/><T134/><D114/><U4/><E4/><V96/><REACH who="2" step="1"/><F105/><REACH who="2" ten="313,50,356,271" step="2"/><W25/><G135/><T115/><D115/><U11/><E113/><V55/><F55/><N who="3" m="31871" /><G104/><N who="0" m="63511" /><D134/><U80/><E125/><V16/><F16/><N who="3" m="12455" /><G106/><T86/><D132/><U28/><E118/><V50/><F50/><W101/><G101/><T127/><D48/><U42/><E103/><V119/><F119/><W91/><G102/><T130/><D127/><U110/><E53/><V8/><F8/><AGARI ba="0,1" hai="8,14,19,88,90,91,95,97" m="12455,31871" machi="8" ten="30,5800,0" yaku="8,1,54,2" doraHai="33" who="3" fromWho="2" sc="313,0,50,0,356,-58,271,68" owari="313,11.0,50,-45.0,298,-10.0,339,44.0" />
</Scene>
</mjloggm>