<mjloggm ver="2.3"><GO type="169" lobby="0"/><UN n0="%E5%A4%AA%E3%81%8F%E3%81%AA%E3%81%84%E3%81%8A" n1="%E7%AA%93%E4%BB%98%E3%81%8D%2E" n2="%E5%A4%A9%E9%BC%93" n3="%6D%6F%74%69%37%32%2E%2E" dan="17,16,18,16" rate="2191.57,2040.82,2147.47,2082.22" sx="M,F,M,M"/><TAIKYOKU oya="0"/>

<Scene>
<INIT seed="0,0,0,1,4,99" ten="250,250,250,250" oya="0" hai0="114,73,45,18,86,39,126,110,40,129,5,34,65" hai1="68,3,36,28,48,49,12,13,33,100,71,23,66" hai2="55,72,44,132,94,124,31,35,77,32,103,109,8" hai3="50,102,19,120,26,47,22,130,82,17,16,133,46"/><T63/><D73/><U78/><E36/><V54/><F109/><W88/><G130/><T1/><D114/><U111/><E3/><V0/><F132/><W67/><G133/><T29/><D129/><U84/><E111/><V62/><F124/><W83/><G120/><T108/><D126/><U59/><E33/><V89/><F103/><W2/><G2/><T131/><D131/><U64/><E71/><V51/><F31/><N who="3" m="17879" /><G102/><T24/><D18/><U96/><E68/><V42/><F77/><W127/><G127/><T74/><D86/><U93/><E12/><V27/><F72/><W76/><G67/><N who="1" m="25642" /><E59/><V14/><F27/><W9/><G76/><T117/><D117/><U25/><E13/><V61/><F0/><W56/><G9/><N who="0" m="2223" /><D74/><U10/><E10/><V119/><F119/><W11/><G11/><T81/><D81/><AGARI ba="0,0" hai="23,25,28,48,49,78,81,84,93,96,100" m="25642" machi="81" ten="30,2000,0" yaku="8,1,52,1" doraHai="99" who="1" fromWho="0" sc="250,-20,250,20,250,0,250,0" />
</Scene>
<Scene>
<INIT seed="1,0,0,0,1,41" ten="230,270,250,250" oya="1" hai0="82,94,85,30,36,7,104,55,58,133,113,92,68" hai1="66,28,121,131,87,108,115,42,123,106,64,14,15" hai2="48,46,6,135,107,134,100,38,122,62,98,96,89" hai3="63,127,102,109,24,59,1,128,110,70,111,105,9"/><U99/><E115/><V8/><F122/><W101/><G70/><T32/><D68/><U125/><E131/><V13/><F38/><W88/><G128/><T84/><D104/><U112/><E112/><V132/><F62/><W27/><G127/><T29/><D113/><U26/><E125/><V10/><F10/><W118/><G118/><T61/><D36/><U5/><E108/><V17/><F96/><N who="3" m="61607" /><G102/><T49/><D133/><U37/><E87/><V20/><F89/><W103/><G103/><T91/><D7/><U86/><E86/><V57/><F57/><W75/><G75/><T80/><D32/><U76/><E76/><V44/><REACH who="2" step="1"/><F48/><REACH who="2" ten="230,270,240,250" step="2"/><W97/><G9/><T95/><REACH who="0" step="1"/><D61/><REACH who="0" ten="220,270,240,250" step="2"/><U34/><E121/><V65/><F65/><W23/><G63/><T35/><D35/><U16/><E123/><V124/><F124/><W11/><G109/><T71/><D71/><U51/><E37/><V31/><F31/><W126/><G126/><T114/><D114/><U33/><E33/><V83/><F83/><W0/><G110/><T60/><D60/><U77/><E64/><V12/><AGARI ba="0,2" hai="6,8,12,13,17,20,44,46,98,100,107,132,134,135" machi="12" ten="30,8000,1" yaku="1,1,0,1,20,1,52,2,53,0" doraHai="41" doraHaiUra="69" who="2" fromWho="2" sc="220,-20,270,-40,240,100,250,-20" />
</Scene>
<Scene>
<INIT seed="2,0,0,3,4,59" ten="200,230,340,230" oya="2" hai0="0,101,64,54,44,79,131,37,84,25,97,113,127" hai1="117,21,75,52,96,39,71,50,106,14,29,4,63" hai2="46,73,42,41,93,53,103,3,56,89,51,115,116" hai3="105,6,45,65,80,122,58,72,7,135,66,18,94"/><V124/><F116/><W8/><G105/><T47/><D113/><U123/><E117/><V119/><F119/><W28/><G122/><T62/><D0/><U125/><E123/><V60/><F115/><W92/><G28/><T23/><D131/><U99/><E39/><V107/><F73/><W91/><G135/><T68/><D127/><U128/><E128/><V16/><F3/><W30/><G30/><T11/><D11/><U55/><E125/><V90/><F124/><W17/><G45/><T2/><D2/><U88/><E75/><V129/><F129/><W76/><G94/><T78/><D37/><U98/><E4/><V32/><F32/><W10/><G10/><T87/><D87/><U27/><E14/><V31/><F31/><W5/><G8/><T110/><D110/><U86/><E106/><V111/><F111/><W20/><G58/><T114/><D114/><U83/><REACH who="1" step="1"/><E50/><REACH who="1" ten="200,220,340,230" step="2"/><V13/><F107/><W108/><G108/><T22/><D25/><U12/><E12/><V19/><F13/><W9/><G7/><T104/><D104/><U57/><E57/><V100/><F42/><W35/><G6/><T1/><D1/><U69/><E69/><V132/><F132/><W15/><G5/><T109/><D109/><U118/><E118/><V82/><F41/><W38/><G15/><T70/><D70/><U130/><E130/><V43/><F43/><W74/><G74/><T95/><D68/><U81/><E81/><V126/><F126/><W34/><G72/><T24/><D24/><U120/><E120/><V48/><F82/><W102/><G80/><RYUUKYOKU ba="0,1" sc="200,-10,220,30,340,-10,230,-10" hai1="21,27,29,52,55,63,71,83,86,88,96,98,99" />
</Scene>
<Scene>
<INIT seed="3,1,1,4,4,83" ten="190,250,330,220" oya="3" hai0="0,129,11,79,57,44,87,6,33,45,35,71,102" hai1="116,15,19,134,128,127,126,96,28,9,76,101,132" hai2="77,20,68,100,97,106,27,92,5,98,26,38,85" hai3="22,42,36,65,113,43,67,69,64,8,118,91,70"/><W63/><G8/><T4/><D71/><N who="3" m="27145" /><G22/><T17/><D129/><U37/><E37/><V16/><F38/><W130/><G91/><T18/><D102/><U115/><E115/><V52/><F68/><N who="3" m="42015" /><G113/><T81/><D57/><U32/><E128/><V74/><F5/><W3/><G3/><T133/><D6/><U120/><E120/><V105/><F74/><W114/><G114/><T61/><D61/><U59/><E59/><V58/><F98/><W93/><G93/><T34/><REACH who="0" step="1"/><D133/><REACH who="0" ten="180,250,330,220" step="2"/><U51/><E132/><V7/><F7/><W25/><G130/><T2/><D2/><U66/><E134/><V90/><F105/><W39/><G118/><T78/><D78/><U107/><E116/><V62/><F77/><W40/><G67/><T24/><D24/><AGARI ba="1,2" hai="16,20,24,26,27,52,58,62,85,90,92,97,100,106" machi="24" ten="30,7700,0" yaku="7,1,52,1,54,2" doraHai="83" who="2" fromWho="0" sc="180,-80,250,0,330,100,220,0" />
</Scene>
<Scene>
<INIT seed="4,0,0,3,5,9" ten="100,250,430,220" oya="0" hai0="110,121,48,89,133,94,5,116,82,54,20,52,122" hai1="79,112,135,123,47,10,13,49,127,45,92,101,83" hai2="43,63,88,7,46,68,103,102,99,41,130,26,33" hai3="85,95,132,60,69,3,64,108,55,28,107,57,67"/><T80/><D116/><U8/><E123/><V35/><F130/><W2/><G108/><T73/><D110/><U21/><E135/><V120/><F120/><W50/><G107/><T70/><D70/><U19/><E127/><V36/><F43/><W61/><G132/><T22/><D133/><U44/><E112/><V117/><F117/><W134/><G134/><T32/><D32/><U129/><E129/><V18/><F7/><W37/><G37/><T62/><D5/><U65/><E65/><V75/><F75/><W31/><G3/><T131/><D131/><U86/><REACH who="1" step="1"/><E49/><REACH who="1" ten="100,240,430,220" step="2"/><V100/><F36/><W4/><G50/><T106/><D106/><U40/><E40/><V29/><F41/><W77/><G67/><T104/><D104/><U109/><E109/><V12/><F63/><W25/><G61/><T78/><D82/><U76/><E76/><V93/><F68/><W115/><G77/><T118/><D118/><U14/><E14/><V97/><F12/><W0/><G115/><T66/><D122/><U59/><E59/><V34/><F46/><W105/><G105/><T124/><D121/><U27/><E27/><V119/><F119/><W91/><G25/><T90/><D124/><U125/><E125/><V113/><F113/><W111/><G111/><T15/><D15/><U38/><E38/><V17/><F26/><W58/><G69/><N who="0" m="42199" /><D54/><U39/><E39/><V11/><F33/><W53/><G53/><T126/><D126/><U74/><E74/><V87/><F34/><W81/><G55/><T72/><D72/><U96/><AGARI ba="0,1" hai="8,10,13,19,21,44,45,47,79,83,86,92,96,101" machi="96" ten="30,7900,0" yaku="1,1,0,1,8,1,52,1,53,0" doraHai="9" doraHaiUra="84" who="1" fromWho="1" sc="100,-39,240,89,430,-20,220,-20" />
</Scene>
<Scene>
<INIT seed="5,0,0,4,3,90" ten="61,329,410,200" oya="1" hai0="42,49,59,103,66,109,112,110,20,18,130,46,65" hai1="7,30,53,9,92,37,111,126,51,121,45,13,99" hai2="31,16,61,73,87,29,94,34,113,58,131,118,12" hai3="44,67,124,83,70,122,55,91,14,2,17,115,95"/><U28/><E126/><V25/><F73/><W50/><G122/><T80/><D112/><U75/><E111/><V40/><F118/><W79/><G2/><T108/><D130/><U133/><E121/><V135/><F131/><W69/><G115/><T89/><D103/><U101/><E133/><V88/><F113/><W38/><G38/><T48/><D80/><U104/><E75/><V57/><F135/><W123/><G123/><T11/><D11/><U116/><E116/><V125/><F125/><W36/><G36/><T76/><D76/><U0/><E37/><V41/><F57/><W22/><G67/><T82/><D82/><U39/><E39/><V128/><F128/><W102/><G102/><T62/><D89/><U26/><E0/><V129/><F129/><W1/><G1/><T27/><REACH who="0" step="1"/><D48/><REACH who="0" ten="51,329,410,200" step="2"/><U3/><E3/><V33/><F33/><W54/><G124/><T127/><D127/><U96/><E26/><V71/><F34/><W106/><G83/><T47/><D47/><U78/><E78/><V74/><F74/><W117/><G79/><T93/><D93/><U119/><E119/><V43/><F25/><W68/><G117/><T84/><D84/><U32/><E32/><V15/><F15/><W64/><G106/><T52/><AGARI ba="0,1" hai="18,20,27,42,46,49,52,59,62,65,66,108,109,110" machi="52" ten="30,4000,0" yaku="1,1,0,1,54,1,53,0" doraHai="90" doraHaiUra="5" who="0" fromWho="0" sc="51,50,329,-20,410,-10,200,-10" />
</Scene>
<Scene>
<INIT seed="6,0,0,4,3,117" ten="101,309,400,190" oya="2" hai0="82,1,31,17,64,63,67,20,85,5,13,134,28" hai1="86,15,79,57,116,92,128,33,39,93,118,71,0" hai2="72,68,55,3,61,94,54,110,49,132,122,133,52" hai3="45,102,107,127,99,129,80,105,21,84,14,38,58"/><V51/><F3/><W135/><G107/><T96/><D134/><N who="2" m="51818" /><F72/><W77/><G135/><T12/><D1/><U25/><E0/><V62/><F94/><W30/><G129/><T114/><D114/><U131/><E71/><V87/><F87/><W24/><G127/><T74/><D74/><U123/><E39/><V27/><F27/><W10/><G58/><T75/><D75/><U95/><E123/><V6/><F6/><W43/><G14/><T48/><D48/><N who="2" m="18506" /><F110/><W70/><G105/><T100/><D5/><U81/><E15/><V69/><F122/><W111/><G111/><T19/><D96/><U42/><E42/><V88/><F88/><W65/><G99/><T44/><D100/><U47/><E47/><V98/><F98/><W104/><G104/><T18/><D44/><U35/><E57/><V26/><F26/><W130/><G102/><T125/><D12/><U34/><REACH who="1" step="1"/><E25/><REACH who="1" ten="101,299,400,190" step="2"/><V103/><F103/><W73/><G45/><T2/><D2/><U113/><E113/><V41/><F41/><W56/><G56/><T83/><D13/><U40/><E40/><V115/><F115/><W120/><G43/><T7/><D7/><U11/><E11/><V91/><F91/><W89/><G89/><T90/><D90/><U59/><E59/><V32/><F69/><W106/><G70/><T97/><D97/><U9/><E9/><V4/><F4/><W50/><G10/><T121/><D121/><U22/><E22/><V37/><F37/><W124/><G38/><T23/><D23/><U16/><E16/><V119/><F68/><W29/><G120/><RYUUKYOKU ba="0,1" sc="101,-10,299,30,400,-10,190,-10" hai1="33,34,35,79,81,86,92,93,95,116,118,128,131" />
</Scene>
<Scene>
<INIT seed="7,1,1,3,2,90" ten="91,329,390,180" oya="3" hai0="95,32,130,131,60,64,67,128,68,44,133,92,36" hai1="0,22,113,18,63,17,82,120,3,78,28,127,134" hai2="4,66,31,29,16,37,89,25,84,77,112,49,71" hai3="53,52,24,50,15,126,2,8,48,110,101,124,45"/><W58/><G110/><T106/><D106/><U59/><E120/><V135/><F37/><W55/><G2/><N who="1" m="554" /><E59/><V14/><F112/><W20/><G101/><T114/><D32/><U7/><E63/><V108/><F135/><W70/><G70/><T39/><D67/><U75/><E75/><V33/><F108/><W6/><G55/><T115/><D133/><U91/><E78/><V102/><F4/><W69/><G69/><T94/><D44/><U19/><E82/><V35/><F77/><W79/><G79/><T104/><D104/><U61/><E91/><V40/><F102/><W105/><G105/><T42/><D42/><U23/><E61/><V26/><F71/><W43/><G43/><T93/><D93/><U72/><E72/><V51/><F66/><W57/><G45/><T109/><D109/><U27/><E134/><V46/><F46/><W107/><G107/><T13/><D13/><N who="1" m="9583" /><E113/><AGARI ba="1,1" hai="36,39,60,64,68,92,94,95,113,114,115,128,130,131" machi="113" ten="50,12000,2" yaku="15,1,11,1,19,1,52,3" doraHai="90" who="0" fromWho="1" sc="91,133,329,-123,390,0,180,0" owari="224,2.0,206,-19.0,390,49.0,180,-32.0" />
</Scene>
</mjloggm>