<mjloggm ver="2.3"><GO type="169" lobby="0"/><UN n0="%E3%82%88%E3%81%86%E3%81%B8%E3%83%BC%58" n1="%E3%81%91%E3%82%93%31%39%37%30" n2="%E5%A4%AA%E3%81%8F%E3%81%AA%E3%81%84%E3%81%8A" n3="%E6%9C%9D%E5%80%89%E6%9C%88%E5%A5%88" dan="16,17,17,17" rate="2064.35,2181.70,2171.06,2121.62" sx="M,M,F,M"/><TAIKYOKU oya="0"/>

<Scene>
<INIT seed="0,0,0,5,2,96" ten="250,250,250,250" oya="0" hai0="40,105,25,67,93,43,18,48,126,134,122,79,63" hai1="68,54,46,114,87,77,51,45,38,97,135,5,2" hai2="111,99,13,82,44,118,36,89,26,41,101,130,120" hai3="102,90,55,83,56,15,6,110,92,58,113,71,84"/><T85/><D105/><U1/><E1/><V31/><F120/><W123/><G123/><T34/><D122/><U74/><E74/><V107/><F111/><W50/><G113/><T88/><D134/><U103/><E135/><V64/><F130/><W100/><G71/><T12/><D126/><U11/><E68/><V32/><F118/><W70/><G70/><T119/><D119/><U22/><E22/><V116/><F116/><W81/><G110/><T78/><D34/><U9/><E9/><V39/><F64/><W117/><G117/><T27/><D63/><U35/><E35/><V23/><F39/><W17/><G6/><T14/><D67/><U127/><E127/><V109/><F109/><W8/><G58/><T121/><D14/><U128/><E128/><V104/><F104/><W57/><G57/><T3/><D3/><U65/><E65/><V112/><F112/><W52/><G55/><T132/><D132/><U124/><E124/><V131/><F131/><W62/><G62/><T125/><D125/><U53/><E38/><V61/><F61/><W30/><G30/><T86/><D121/><U94/><E114/><V24/><F13/><W60/><G60/><T29/><D29/><U115/><E115/><V108/><F108/><W20/><G8/><N who="0" m="6407" /><D48/><U16/><E2/><V49/><F36/><W66/><G66/><T33/><D33/><U0/><E0/><V4/><F4/><W73/><G73/><T19/><D19/><U133/><E5/><V37/><F37/><W95/><G81/><N who="0" m="47295" /><D78/><U75/><E75/><V42/><F31/><W98/><G83/><RYUUKYOKU ba="0,0" sc="250,15,250,-15,250,-15,250,15" hai0="25,27,40,43,86,88,93" hai3="15,17,20,50,52,56,84,90,92,95,98,100,102" />
</Scene>
<Scene>
<INIT seed="0,1,0,4,2,125" ten="265,235,235,265" oya="0" hai0="115,128,59,134,86,117,68,6,107,31,48,118,52" hai1="32,36,50,51,1,22,113,29,83,56,71,33,65" hai2="64,74,95,94,61,114,54,80,105,104,17,26,41" hai3="13,35,102,82,123,18,112,119,77,37,44,85,108"/><T97/><D68/><U42/><E1/><V121/><F121/><W66/><G35/><T109/><D115/><U79/><E113/><V8/><F114/><W106/><G123/><T67/><D67/><U15/><E51/><V23/><F41/><W11/><G119/><T55/><D6/><U21/><E21/><V96/><F95/><W2/><G112/><T126/><D31/><U91/><E91/><N who="2" m="55391" /><F64/><W14/><G2/><T124/><D86/><U99/><E99/><V84/><F74/><W46/><G66/><T5/><D5/><U116/><E116/><N who="0" m="44649" /><D97/><U34/><E36/><V132/><F8/><W38/><G106/><T25/><D25/><U47/><E71/><V27/><F132/><W110/><G102/><T9/><D9/><U75/><E15/><N who="2" m="9663" /><F105/><W92/><G92/><T19/><D107/><U130/><E22/><V69/><F104/><W70/><G70/><T76/><D19/><U127/><E29/><V135/><F135/><W40/><G14/><T45/><D134/><U20/><E20/><V60/><F69/><W93/><G93/><T49/><D76/><U63/><REACH who="1" step="1"/><E127/><REACH who="1" ten="265,225,235,265" step="2"/><N who="0" m="48681" /><D109/><U16/><E16/><V53/><F26/><W103/><G103/><T73/><D73/><U28/><E28/><V4/><F27/><W101/><G101/><T100/><D100/><U57/><E57/><V72/><F72/><W62/><G110/><T129/><AGARI ba="1,1" hai="45,48,49,52,55,59,128,129" m="48681,44649" machi="129" ten="40,18000,2" yaku="18,1,34,2,52,2,54,1" doraHai="125" who="0" fromWho="0" sc="265,193,225,-61,235,-61,265,-61" />
</Scene>
<Scene>
<INIT seed="0,2,0,1,3,93" ten="458,164,174,204" oya="0" hai0="58,101,17,45,3,34,75,47,41,78,130,20,35" hai1="11,85,113,21,59,89,13,95,133,76,52,54,110" hai2="31,26,22,57,125,32,56,97,46,127,118,2,73" hai3="27,86,119,44,12,71,18,77,64,112,33,28,67"/><T39/><D130/><U121/><E110/><V92/><F2/><W88/><G119/><T42/><D3/><U68/><E68/><V23/><F73/><W24/><G112/><T132/><D132/><U87/><E133/><V19/><F118/><W91/><G71/><T50/><D58/><N who="2" m="22634" /><F46/><W10/><G44/><T25/><REACH who="0" step="1"/><D101/><REACH who="0" ten="448,164,174,204" step="2"/><U70/><E70/><V82/><F127/><W135/><G135/><T6/><D6/><U98/><E113/><V81/><F125/><W120/><G120/><T63/><D63/><U117/><E121/><V65/><F65/><W38/><G67/><T90/><D90/><U134/><E134/><V84/><F32/><W109/><G64/><T72/><D72/><U51/><E117/><V15/><F84/><W36/><G86/><T1/><D1/><U129/><E129/><V111/><F111/><W108/><G109/><T83/><AGARI ba="2,1" hai="17,20,25,34,35,39,41,42,45,47,50,75,78,83" machi="83" ten="30,3000,0" yaku="1,1,0,1,53,0" doraHai="93" doraHaiUra="100" who="0" fromWho="0" sc="448,46,164,-12,174,-12,204,-12" />
</Scene>
<Scene>
<INIT seed="0,3,0,2,2,77" ten="494,152,162,192" oya="0" hai0="9,118,14,116,75,60,68,133,50,130,27,94,98" hai1="21,101,71,103,115,15,126,40,83,91,43,36,66" hai2="132,38,85,86,90,73,53,78,72,41,42,54,111" hai3="128,107,104,28,135,39,44,45,129,13,67,25,125"/><T8/><D75/><U123/><E123/><V7/><F111/><W74/><G67/><T22/><D50/><U95/><E126/><V46/><F132/><W99/><G125/><T117/><D133/><U88/><E115/><V11/><F42/><W112/><G112/><T102/><D130/><U93/><E71/><V1/><F73/><W114/><G114/><T80/><D80/><U76/><E66/><V113/><F113/><W64/><G64/><T84/><D68/><U96/><E36/><V92/><REACH who="2" step="1"/><F86/><REACH who="2" ten="494,152,152,192" step="2"/><W87/><G74/><T106/><D84/><N who="1" m="48231" /><E43/><V52/><F52/><W0/><G87/><T109/><D109/><U56/><E40/><V65/><F65/><W49/><G135/><T26/><D118/><U70/><E70/><V124/><F124/><W122/><G122/><T81/><D117/><U89/><E96/><V24/><F24/><W29/><G25/><T2/><D27/><U23/><E56/><V100/><F100/><N who="1" m="38473" /><E15/><V35/><F35/><W33/><G13/><T63/><D14/><U37/><E37/><V59/><F59/><W18/><G39/><T108/><D98/><U105/><E105/><V82/><AGARI ba="3,1" hai="1,7,11,38,41,46,53,54,72,78,82,85,90,92" machi="82" ten="30,8000,1" yaku="1,1,0,1,25,2,52,1,53,0" doraHai="77" doraHaiUra="61" who="2" fromWho="2" sc="494,-43,152,-23,152,99,192,-23" />
</Scene>
<Scene>
<INIT seed="1,0,0,1,5,116" ten="451,129,251,169" oya="1" hai0="134,17,70,0,97,87,24,115,37,111,117,72,3" hai1="114,40,85,56,86,100,4,10,61,14,28,78,31" hai2="9,93,48,92,53,7,73,38,135,52,25,11,5" hai3="41,23,29,121,76,54,36,8,81,118,32,46,16"/><U55/><E114/><V84/><F38/><W91/><G118/><T106/><RYUUKYOKU type="yao9" ba="0,0" sc="451,0,129,0,251,0,169,0" hai0="0,3,17,24,37,70,72,87,97,106,111,115,117,134" />
</Scene>
<Scene>
<INIT seed="1,1,0,3,5,6" ten="451,129,251,169" oya="1" hai0="132,122,121,79,5,2,18,99,82,95,135,24,77" hai1="111,59,115,11,48,4,76,129,109,127,12,102,57" hai2="123,81,66,80,93,20,61,104,131,35,71,31,21" hai3="45,113,126,34,69,86,73,87,98,117,112,23,97"/><U49/><E115/><V85/><F123/><N who="0" m="47114" /><D2/><U83/><E102/><V74/><F131/><W46/><G34/><T108/><D5/><U43/><E129/><V22/><F74/><W47/><G69/><T39/><D39/><U10/><E127/><V101/><F93/><W19/><G73/><N who="0" m="43311" /><D108/><N who="1" m="41547" /><E11/><V94/><F94/><W119/><G126/><T14/><D24/><U30/><E30/><V40/><F40/><W26/><G113/><T124/><D79/><U70/><E70/><V16/><F85/><N who="3" m="32267" /><G112/><T1/><D1/><U128/><E128/><V125/><F16/><W133/><G133/><T75/><D75/><N who="1" m="43423" /><E43/><V42/><F42/><W36/><G36/><T92/><D92/><U44/><E44/><V15/><F125/><W8/><G8/><N who="0" m="6471" /><D124/><U60/><E57/><V28/><F28/><W90/><G119/><T27/><D27/><U88/><E88/><AGARI ba="1,0" hai="88,95,99,132,135" m="6471,43311,47114" machi="88" ten="30,3900,0" yaku="13,1,52,1,54,1" doraHai="6" who="0" fromWho="1" sc="451,42,129,-42,251,0,169,0" />
</Scene>
<Scene>
<INIT seed="2,0,0,5,2,89" ten="493,87,251,169" oya="2" hai0="27,58,129,35,128,119,39,43,38,113,131,116,65" hai1="54,44,134,81,20,61,120,101,124,8,0,126,132" hai2="67,76,93,127,103,13,122,52,78,56,91,74,69" hai3="40,47,72,90,6,48,3,85,7,9,5,2,96"/><V21/><F122/><W32/><G72/><T105/><D105/><U49/><E81/><V57/><F127/><N who="1" m="48681" /><E20/><V111/><F111/><W106/><G32/><T66/><D113/><U53/><E8/><V45/><F103/><W133/><G133/><N who="1" m="51306" /><E101/><V33/><F33/><W37/><G106/><T4/><D4/><U14/><E14/><V99/><F69/><W10/><G96/><T115/><D115/><U18/><E18/><N who="2" m="10447" /><F74/><W79/><G79/><N who="2" m="30249" /><F67/><N who="0" m="25610" /><D27/><U117/><E0/><V73/><F73/><W104/><G104/><T95/><D35/><U109/><E109/><V82/><F82/><W80/><G7/><T17/><D17/><U114/><E114/><V70/><F70/><W125/><G125/><T102/><D102/><U92/><E92/><V1/><F1/><W41/><G37/><T100/><D39/><U84/><E84/><V60/><F60/><W77/><G77/><T118/><D100/><U68/><E117/><V62/><F62/><W108/><G108/><T63/><D63/><U36/><E68/><V135/><F135/><W75/><G75/><T88/><D119/><U110/><E110/><V71/><F71/><W34/><G34/><T24/><D118/><U97/><E97/><V59/><F99/><W51/><G80/><T121/><D116/><U29/><E29/><V130/><F91/><W98/><G90/><T31/><D88/><U50/><E36/><V25/><F25/><W107/><G107/><T64/><D24/><U23/><E23/><V86/><F86/><W46/><G85/><T30/><D38/><U55/><E61/><V11/><F93/><RYUUKYOKU ba="0,0" sc="493,-10,87,-10,251,-10,169,30" hai3="2,3,5,6,9,10,40,41,46,47,48,51,98" />
</Scene>
<Scene>
<INIT seed="3,1,0,5,5,47" ten="483,77,241,199" oya="3" hai0="26,92,12,49,24,28,132,48,117,68,118,17,2" hai1="65,83,100,121,103,4,18,122,87,29,32,64,135" hai2="6,14,59,23,120,72,56,37,125,131,11,58,36" hai3="3,102,81,75,34,7,22,115,61,94,38,82,44"/><W114/><G34/><T35/><D68/><U110/><E110/><V52/><F72/><W20/><G61/><T123/><D123/><U9/><E135/><V91/><F120/><W128/><G128/><T19/><D132/><U99/><E121/><V41/><F131/><W15/><G3/><T85/><D2/><U46/><E18/><V134/><F134/><W70/><G70/><T55/><D12/><U39/><E100/><V130/><F130/><W111/><G75/><T78/><D55/><U25/><E122/><V74/><F74/><W1/><G1/><T8/><D8/><U109/><E109/><V129/><F129/><W101/><G111/><T51/><D92/><U79/><E39/><V95/><F125/><W89/><G38/><T71/><D71/><U62/><E46/><V105/><F105/><W67/><G44/><T10/><D10/><U93/><REACH who="1" step="1"/><E62/><REACH who="1" ten="483,67,241,199" step="2"/><V31/><F37/><W53/><G102/><T113/><D17/><U98/><E98/><N who="2" m="57727" /><F36/><W77/><G101/><T54/><D19/><U69/><E69/><V119/><F119/><W84/><G115/><T13/><D113/><U106/><E106/><V86/><F58/><W40/><G114/><T90/><D118/><U76/><E76/><V127/><F59/><W16/><G77/><T96/><D78/><U133/><E133/><V126/><F126/><W57/><G57/><T112/><D96/><U21/><E21/><V66/><F127/><W104/><G22/><N who="0" m="15383" /><D112/><U88/><E88/><V33/><F23/><W63/><G104/><T30/><D117/><U124/><E124/><V0/><F56/><RYUUKYOKU ba="1,1" sc="483,-10,67,30,241,-10,199,-10" hai1="4,9,25,29,32,64,65,79,83,87,93,99,103" />
</Scene>
<Scene>
<INIT seed="4,2,1,5,2,133" ten="473,97,231,189" oya="0" hai0="30,115,87,117,126,29,19,125,94,63,37,6,51" hai1="116,24,43,58,9,123,25,3,61,75,99,74,124" hai2="16,12,28,32,109,13,65,1,96,67,56,33,76" hai3="107,105,11,4,103,92,68,18,120,112,17,77,5"/><T131/><D37/><U110/><E110/><V47/><F109/><W85/><G68/><T46/><D117/><U90/><E123/><V86/><F1/><W57/><G120/><T44/><D6/><U48/><E116/><V66/><F56/><W52/><G105/><T121/><D121/><U134/><E134/><V36/><F96/><N who="3" m="59783" /><G107/><T89/><D115/><U122/><E122/><V118/><F118/><W39/><G112/><T79/><D131/><U81/><E75/><V127/><F28/><N who="0" m="10858" /><D79/><U59/><E74/><V0/><F0/><W114/><G39/><T111/><D51/><U23/><E9/><V91/><F76/><W130/><G130/><T60/><D19/><N who="3" m="7177" /><G11/><T8/><D8/><U97/><E3/><V21/><F13/><W31/><G31/><T104/><D104/><U128/><E128/><V113/><F113/><W73/><G73/><T119/><D119/><U98/><E23/><V38/><F38/><W101/><G101/><T70/><D70/><U26/><E61/><N who="0" m="23625" /><D111/><U64/><E64/><V2/><F2/><W88/><G77/><T106/><D106/><U53/><E43/><V83/><F33/><W80/><G114/><T100/><D100/><U34/><E34/><V41/><F32/><W95/><G80/><T49/><D49/><AGARI ba="2,1" hai="4,5,49,52,57,85,88,95" m="7177,59783" machi="49" ten="30,3900,0" yaku="8,1,54,2" doraHai="133" who="3" fromWho="0" sc="473,-45,97,0,231,0,189,55" />
</Scene>
<Scene>
<INIT seed="5,0,0,1,0,66" ten="428,97,231,244" oya="1" hai0="41,74,2,62,129,118,70,28,49,97,55,86,132" hai1="11,15,30,116,79,35,85,10,122,110,113,91,124" hai2="83,33,90,36,107,77,109,51,72,18,80,69,58" hai3="19,101,135,1,106,6,89,39,120,13,5,61,103"/><U98/><E116/><V26/><F109/><W16/><G39/><T21/><D74/><U52/><E122/><V54/><F36/><W65/><G120/><T43/><D2/><U75/><E110/><V134/><F107/><W37/><G37/><T17/><D28/><U100/><E124/><V93/><F134/><W23/><G135/><T29/><D29/><U25/><E113/><V14/><F83/><W131/><G131/><T114/><D132/><U102/><E79/><V81/><F81/><W84/><G106/><T127/><D97/><U42/><E42/><V32/><F26/><W117/><G117/><T126/><D86/><U94/><E75/><V47/><F47/><W38/><G38/><T104/><D104/><U88/><E11/><V99/><F69/><W0/><G0/><T64/><D129/><U9/><E10/><AGARI ba="0,0" hai="10,14,18,32,33,51,54,58,72,77,80,90,93,99" machi="10" ten="30,1000,0" yaku="7,1" doraHai="66" who="2" fromWho="1" sc="428,0,97,-10,231,10,244,0" />
</Scene>
<Scene>
<INIT seed="6,0,0,0,3,121" ten="428,87,241,244" oya="2" hai0="26,82,95,43,69,81,52,59,23,77,102,3,106" hai1="120,115,94,92,131,66,84,39,74,109,12,6,98" hai2="18,25,91,76,42,70,101,113,108,56,20,40,15" hai3="124,10,63,97,73,58,111,90,41,27,51,100,28"/><V46/><F70/><W19/><G124/><T4/><D106/><U72/><E39/><V8/><F113/><W47/><G73/><T24/><D69/><U54/><E66/><V16/><F101/><W71/><G71/><T116/><D3/><U57/><E131/><V125/><F125/><W126/><G126/><T93/><D4/><U44/><E115/><V21/><F76/><W85/><G19/><T79/><D43/><U7/><E120/><V122/><F122/><W62/><G10/><T38/><D38/><U128/><E128/><V107/><F107/><W80/><G58/><T61/><D116/><U104/><E104/><V103/><F103/><W1/><G1/><T34/><D34/><U132/><E74/><V5/><F108/><W112/><G111/><T96/><D95/><U33/><E72/><V53/><F91/><W86/><G86/><N who="0" m="48431" /><D23/><U88/><E33/><V67/><F67/><W134/><G134/><T78/><D78/><U133/><E109/><V14/><F46/><W2/><G2/><T55/><D55/><U22/><E44/><V129/><F129/><W68/><G68/><T45/><D45/><U13/><E13/><V130/><REACH who="2" step="1"/><F130/><REACH who="2" ten="428,87,231,244" step="2"/><W0/><G112/><T64/><D64/><U17/><E132/><V37/><F37/><W50/><G100/><T75/><D75/><U110/><E110/><V123/><F123/><W119/><G47/><T117/><D117/><U36/><E36/><V83/><F83/><W65/><G80/><T87/><AGARI ba="0,1" hai="24,26,52,59,61,79,82,87,93,96,102" m="48431" machi="87" ten="30,2000,0" yaku="8,1,54,1" doraHai="121" who="0" fromWho="0" sc="428,30,87,-5,231,-10,244,-5" />
</Scene>
<Scene>
<INIT seed="7,0,0,4,4,57" ten="458,82,221,239" oya="3" hai0="110,114,6,33,24,20,104,42,29,84,93,121,95" hai1="105,2,78,91,35,47,127,123,75,18,64,60,27" hai2="30,69,25,56,90,120,102,15,53,61,55,11,109" hai3="23,124,87,118,79,50,97,98,26,8,86,5,16"/><W19/><G118/><T9/><D104/><U82/><E18/><V80/><F109/><W34/><G34/><T83/><D121/><U22/><E22/><N who="2" m="15671" /><F69/><W106/><G106/><T45/><D110/><U51/><E91/><V21/><F120/><W96/><G124/><T128/><D114/><U129/><E123/><V10/><F102/><W134/><G134/><T1/><D128/><U46/><E129/><V131/><F131/><W72/><G72/><T39/><D33/><U37/><E127/><V119/><F119/><W112/><G112/><T63/><D63/><U77/><E77/><AGARI ba="0,0" hai="1,6,9,20,24,29,39,42,45,77,83,84,93,95" machi="77" ten="30,1000,0" yaku="7,1" doraHai="57" who="0" fromWho="1" sc="458,10,82,-10,221,0,239,0" owari="468,57.0,72,-43.0,221,-18.0,239,4.0" />
</Scene>
</mjloggm>