<mjloggm ver="2.3"><GO type="169" lobby="0"/><UN n0="%E8%B6%85%E4%BA%BA%EF%BC%AD" n1="%E3%81%86%E3%81%83%E3%83%BC%E3%81%A1%E3%82%83%E3%82%93" n2="%E5%A4%AA%E3%81%8F%E3%81%AA%E3%81%84%E3%81%8A" n3="%72%61%74%74%61%74%74%61" dan="16,18,17,18" rate="2180.85,2283.10,2180.56,2221.78" sx="M,M,F,M"/><TAIKYOKU oya="0"/>

<Scene>
<INIT seed="0,0,0,2,0,80" ten="250,250,250,250" oya="0" hai0="13,129,78,133,102,88,55,121,101,81,16,21,36" hai1="107,47,28,76,48,54,111,99,109,58,51,85,98" hai2="23,60,79,71,90,130,103,59,40,74,112,100,25" hai3="125,4,97,106,10,50,75,9,119,56,113,92,65"/><T118/><D36/><U70/><E70/><V26/><F71/><W115/><G106/><T66/><D121/><U38/><E38/><V83/><F112/><W117/><G75/><T14/><D118/><U132/><E28/><V124/><F40/><W120/><G125/><T42/><D42/><U127/><E127/><V46/><F46/><W11/><G4/><T87/><D129/><U86/><E76/><V52/><F124/><W5/><G5/><T95/><D133/><U37/><E37/><V45/><F45/><W32/><G32/><T12/><D55/><U53/><E132/><V7/><F130/><W18/><G120/><T17/><D66/><U15/><E15/><N who="0" m="5705" /><D17/><U91/><E91/><V77/><F7/><W114/><G18/><T27/><N who="0" m="5713" /><T44/><DORA hai="94" /><D44/><U6/><E6/><V116/><F116/><W61/><REACH who="3" step="1"/><G50/><REACH who="3" ten="250,250,250,240" step="2"/><T49/><D49/><U20/><E20/><V110/><F74/><W8/><N who="3" m="2048" /><DORA hai="126" /><W108/><G108/><T33/><D33/><U31/><E31/><V1/><F110/><W63/><G63/><T0/><D0/><U82/><E107/><V128/><F1/><W105/><G105/><T131/><D131/><U93/><E109/><V72/><F128/><W41/><G41/><T122/><D122/><U30/><E30/><V22/><F72/><W123/><G123/><T104/><D104/><U24/><E111/><V84/><F22/><W64/><G64/><T2/><D2/><U68/><E48/><V96/><F23/><W135/><G135/><T3/><D3/><U73/><E51/><V69/><F60/><RYUUKYOKU ba="0,1" sc="250,15,250,-15,250,-15,240,15" hai0="16,21,27,78,81,87,88,95,101,102" hai3="56,61,65,92,97,113,114,115,117,119" />
</Scene>
<Scene>
<INIT seed="0,1,1,2,5,92" ten="265,235,235,255" oya="0" hai0="68,111,79,62,31,35,30,100,101,96,18,40,116" hai1="32,57,38,110,34,122,124,3,12,15,103,24,87" hai2="2,47,94,37,75,133,64,90,80,83,85,50,17" hai3="0,73,14,61,26,72,65,76,74,134,25,13,59"/><T53/><D116/><U91/><E3/><V106/><F37/><W89/><G0/><T46/><D35/><U104/><E38/><V86/><F2/><W130/><G76/><T81/><D101/><U88/><E122/><V132/><F106/><W19/><G130/><T67/><D18/><U97/><E110/><V16/><F64/><W22/><G134/><N who="2" m="51817" /><F75/><W60/><G89/><T45/><D53/><U78/><E124/><V63/><F63/><W105/><G105/><T95/><D111/><U107/><E78/><N who="2" m="46231" /><F83/><W7/><G61/><T11/><D11/><U125/><E125/><V28/><F28/><W128/><G128/><T118/><D46/><U36/><E36/><V49/><F49/><W6/><REACH who="3" step="1"/><G26/><REACH who="3" ten="265,235,235,245" step="2"/><T1/><D1/><U112/><E24/><V39/><F39/><W93/><G93/><T71/><D118/><U108/><E108/><V27/><F27/><W41/><G41/><AGARI ba="1,2" hai="16,17,41,47,50,86,90,94" m="46231,51817" machi="41" ten="30,2000,0" yaku="20,1,54,1" doraHai="92" who="2" fromWho="3" sc="265,0,235,0,235,43,245,-23" />
</Scene>
<Scene>
<INIT seed="1,0,0,4,1,60" ten="265,235,278,222" oya="1" hai0="18,43,84,34,89,23,130,116,127,67,0,68,99" hai1="31,97,44,66,10,16,57,112,25,125,5,113,59" hai2="119,94,55,33,7,56,30,92,38,6,63,36,76" hai3="86,110,105,102,117,61,65,12,85,14,46,28,37"/><U81/><E125/><V2/><F119/><W121/><G121/><T22/><D34/><U107/><E59/><V64/><F76/><W106/><G117/><T70/><D0/><U29/><E29/><V24/><F38/><W77/><G28/><T72/><D72/><U52/><E81/><V79/><F36/><W126/><G110/><T32/><D32/><U115/><E44/><V45/><F79/><W3/><G3/><T80/><D43/><U108/><E108/><V123/><F123/><W103/><G37/><T131/><D116/><U91/><E66/><V15/><F2/><W26/><G77/><T74/><D74/><U4/><E31/><V114/><F114/><W8/><G46/><T48/><D23/><U75/><E75/><V135/><F135/><W87/><G26/><N who="0" m="14679" /><D67/><U132/><E132/><V73/><F73/><W11/><G126/><T35/><D35/><U62/><E107/><V133/><F133/><W1/><G1/><T40/><D99/><U104/><E104/><V100/><F15/><N who="3" m="5675" /><G106/><T82/><D82/><U111/><E111/><V50/><REACH who="2" step="1"/><F100/><REACH who="2" ten="265,235,268,222" step="2"/><N who="3" m="38443" /><G105/><T101/><D101/><U88/><E115/><V51/><F51/><W58/><AGARI ba="0,1" hai="8,11,58,61,65,85,86,87" m="38443,5675" machi="58" ten="30,2000,0" yaku="8,1,52,1" doraHai="60" who="3" fromWho="3" sc="265,-5,235,-10,268,-5,222,30" />
</Scene>
<Scene>
<INIT seed="2,0,0,1,5,37" ten="260,225,263,252" oya="2" hai0="85,27,45,119,69,61,128,102,135,62,112,63,56" hai1="132,103,100,89,1,124,50,84,77,8,52,46,68" hai2="28,99,126,88,53,72,66,15,81,127,12,109,29" hai3="82,80,58,122,11,20,7,130,14,96,74,113,78"/><V70/><F70/><W107/><G122/><T10/><D112/><U38/><E68/><V40/><F66/><W4/><G113/><T115/><D115/><U59/><E77/><N who="2" m="44199" /><F53/><W30/><G82/><T71/><D128/><U24/><E124/><N who="2" m="47659" /><F109/><W90/><G130/><T134/><D119/><U44/><E132/><N who="0" m="50729" /><D102/><U123/><E123/><V21/><F40/><W48/><G20/><T65/><D71/><U22/><E46/><V105/><F105/><W79/><G30/><N who="2" m="11881" /><F21/><W129/><G129/><T32/><D27/><U36/><E44/><V57/><F57/><W0/><G107/><T43/><D32/><U94/><E36/><V16/><F16/><N who="3" m="8287" /><G74/><T114/><D114/><U49/><E38/><V64/><F64/><W47/><G58/><T87/><D10/><U31/><REACH who="1" step="1"/><E49/><REACH who="1" ten="260,215,263,252" step="2"/><V116/><F116/><W17/><G48/><N who="0" m="26687" /><D63/><U60/><E60/><V6/><F6/><AGARI ba="0,1" hai="1,6,8,22,24,31,50,52,59,84,89,94,100,103" machi="6" ten="40,5200,0" yaku="1,1,54,1,53,1" doraHai="37" doraHaiUra="2" who="1" fromWho="2" sc="260,0,215,62,263,-52,252,0" />
</Scene>
<Scene>
<INIT seed="3,0,0,0,2,85" ten="260,277,211,252" oya="3" hai0="60,15,84,133,114,98,73,59,2,65,28,34,132" hai1="18,47,71,118,13,41,78,122,74,99,44,6,31" hai2="68,90,125,100,50,4,43,79,130,19,129,22,76" hai3="72,61,80,97,29,12,128,106,62,101,104,92,9"/><W32/><G128/><N who="2" m="49257" /><F68/><W36/><G36/><T107/><D73/><U17/><E71/><V120/><F100/><W82/><G32/><T134/><D2/><U33/><E118/><V5/><F125/><W75/><G29/><T52/><D114/><U63/><E122/><V1/><F120/><W119/><G119/><T67/><D107/><U64/><E47/><N who="2" m="25983" /><F1/><W27/><G27/><N who="0" m="18719" /><D98/><U87/><E99/><V56/><F56/><W53/><G104/><T126/><D126/><U70/><E70/><V117/><F117/><W0/><G0/><T57/><D57/><U40/><E40/><V16/><F19/><W135/><G106/><T103/><D103/><U108/><E18/><V89/><F76/><W55/><G101/><T39/><D39/><U21/><E78/><V131/><N who="2" m="49265" /><V54/><DORA hai="30" /><F54/><W116/><G53/><T66/><D15/><U42/><E42/><V26/><F79/><W111/><G55/><T25/><D25/><U123/><E13/><V49/><F49/><W20/><G12/><T96/><D96/><U102/><E123/><V14/><F14/><W83/><G97/><T81/><D67/><U37/><E64/><V105/><F105/><W109/><G116/><T115/><D115/><U110/><E102/><V11/><F11/><W113/><G9/><T51/><D51/><U48/><E48/><V77/><F77/><AGARI ba="0,0" hai="52,59,60,65,66,77,81,84,132,133,134" m="18719" machi="77" ten="30,3900,0" yaku="20,1,52,1,54,1" doraHai="85,30" who="0" fromWho="2" sc="260,39,277,0,211,-39,252,0" />
</Scene>
<Scene>
<INIT seed="4,0,0,0,4,124" ten="299,277,172,252" oya="0" hai0="81,64,47,114,66,63,52,46,94,50,70,120,132" hai1="7,107,129,82,122,85,22,69,97,13,116,100,8" hai2="0,5,9,65,134,67,106,38,130,57,20,45,76" hai3="48,73,74,72,33,86,87,79,44,60,53,34,43"/><T105/><D105/><U77/><E69/><V95/><F106/><W11/><G11/><T90/><D120/><U42/><E122/><V3/><F3/><W68/><G79/><T112/><D66/><U133/><E133/><V24/><F134/><W1/><G1/><T19/><D132/><U17/><E116/><V99/><F76/><W2/><G2/><T128/><D81/><U27/><REACH who="1" step="1"/><E42/><REACH who="1" ten="299,267,172,252" step="2"/><V102/><F130/><AGARI ba="0,1" hai="7,8,13,17,22,27,77,82,85,97,100,107,129,130" machi="130" ten="40,8000,1" yaku="1,1,2,1,52,2,53,1" doraHai="124" doraHaiUra="10" who="1" fromWho="2" sc="299,0,267,90,172,-80,252,0" />
</Scene>
<Scene>
<INIT seed="5,0,0,0,4,48" ten="299,357,92,252" oya="1" hai0="7,93,109,6,92,96,134,112,10,21,56,32,43" hai1="110,117,30,12,77,104,62,64,103,19,40,3,50" hai2="41,120,5,25,126,4,66,60,0,124,42,29,49" hai3="132,14,1,94,55,73,99,131,16,80,8,45,36"/><U18/><E3/><V33/><F120/><W68/><G68/><T38/><D32/><U54/><E117/><V27/><F27/><W107/><G107/><T85/><D109/><U23/><E110/><V97/><F0/><W57/><G131/><T52/><D112/><U89/><E77/><V128/><F128/><W135/><G1/><T2/><D7/><U65/><E103/><V47/><F42/><W114/><G114/><T34/><D34/><U108/><E30/><V83/><F83/><W116/><G116/><T81/><D21/><U105/><E108/><V115/><F115/><W113/><G113/><T22/><D22/><U98/><E40/><V90/><F90/><W123/><G123/><T67/><D43/><U72/><E72/><V37/><F37/><W44/><G36/><T122/><D38/><U111/><E18/><V84/><F84/><W15/><G15/><T26/><D26/><U133/><E133/><N who="3" m="51274" /><G80/><T130/><D122/><U9/><E111/><V79/><F79/><W74/><G74/><T95/><D67/><U127/><E64/><V87/><F87/><W125/><G73/><T121/><D130/><U86/><E104/><V129/><F129/><W28/><G28/><T69/><D69/><U102/><E9/><V11/><F97/><W78/><G78/><N who="0" m="46263" /><D121/><U63/><E12/><V46/><F46/><W88/><G125/><N who="2" m="48233" /><F11/><W119/><G119/><T13/><D134/><U91/><E127/><V82/><F82/><W118/><G118/><T39/><D39/><U20/><E105/><V31/><F31/><W35/><G35/><T101/><D2/><RYUUKYOKU ba="0,0" sc="299,10,357,-30,92,10,252,10" hai0="6,10,13,52,56,92,93,95,96,101" hai2="4,5,25,29,33,41,47,49,60,66" hai3="8,14,16,44,45,55,57,88,94,99" />
</Scene>
<Scene>
<INIT seed="6,1,0,1,5,79" ten="309,327,102,262" oya="2" hai0="91,43,112,76,117,30,9,44,115,14,18,2,42" hai1="33,118,125,126,56,61,114,134,25,96,80,68,64" hai2="23,103,92,60,10,31,66,110,19,52,75,3,77" hai3="95,113,34,16,133,37,49,15,29,131,46,116,70"/><V132/><F132/><W21/><G70/><T128/><D2/><U122/><E118/><V111/><F31/><W127/><G37/><T28/><D117/><U22/><E134/><V67/><F103/><W20/><G116/><T78/><D43/><U105/><E114/><N who="0" m="43561" /><D128/><U121/><E80/><N who="2" m="45119" /><F92/><W63/><G21/><T0/><D0/><U11/><E11/><V27/><F3/><W101/><G63/><T90/><D76/><U104/><E33/><V53/><F10/><W120/><G46/><T85/><D78/><U17/><E56/><N who="2" m="37127" /><F67/><W4/><G95/><N who="0" m="54735" /><D91/><U93/><E105/><V88/><F88/><W48/><G4/><T6/><D6/><U57/><E57/><V86/><F86/><W108/><G101/><T82/><D82/><U98/><E104/><V24/><F24/><W119/><G29/><T54/><D54/><U89/><E98/><V102/><F102/><W130/><G15/><T123/><D123/><AGARI ba="1,0" hai="17,22,25,61,64,68,89,93,96,121,122,123,125,126" machi="123" ten="40,1300,0" yaku="13,1" doraHai="79" who="1" fromWho="0" sc="309,-16,327,16,102,0,262,0" />
</Scene>
<Scene>
<INIT seed="7,0,0,2,5,95" ten="293,343,102,262" oya="3" hai0="131,5,75,1,13,64,54,43,108,63,11,132,14" hai1="17,65,92,9,106,46,40,126,89,60,125,53,124" hai2="101,78,7,81,90,79,47,110,31,0,109,21,42" hai3="41,73,107,33,123,8,114,3,22,130,6,118,58"/><W30/><G118/><T28/><D108/><U59/><E106/><V129/><F129/><W70/><G70/><T104/><D104/><U72/><E72/><V85/><F110/><W10/><G73/><T87/><D75/><U97/><E9/><V112/><F109/><W99/><G123/><T32/><D132/><U102/><E17/><V128/><F128/><W56/><G41/><T115/><D131/><U26/><E26/><V94/><F112/><W61/><G33/><T69/><D115/><U134/><E134/><V19/><F0/><W119/><G119/><T86/><D43/><U37/><E102/><V77/><F7/><W135/><G135/><T25/><D54/><AGARI ba="0,0" hai="37,40,46,53,54,59,60,65,89,92,97,124,125,126" machi="54" ten="40,2600,0" yaku="18,1,52,1" doraHai="95" who="1" fromWho="0" sc="293,-26,343,26,102,0,262,0" owari="267,7.0,369,47.0,102,-40.0,262,-14.0" />
</Scene>
</mjloggm>