<mjloggm ver="2.3"><GO type="169" lobby="0"/><UN n0="%E3%83%90%E3%83%90%E3%82%A2%E3%81%AE%E6%97%A5%E5%82%98" n1="%47%E3%83%A8%E9%BE%8D%E9%96%80" n2="%E4%B8%96%E5%A4%A2" n3="%E5%A4%AA%E3%81%8F%E3%81%AA%E3%81%84%E3%81%8A" dan="17,17,17,18" rate="2162.73,2099.19,2137.80,2203.74" sx="F,M,F,M"/><TAIKYOKU oya="0"/>

<Scene>
<INIT seed="0,0,0,3,5,15" ten="250,250,250,250" oya="0" hai0="134,99,119,37,70,58,93,17,112,80,67,13,125" hai1="54,135,69,5,106,18,127,113,57,82,118,46,39" hai2="27,23,104,96,33,29,107,83,60,129,78,121,14" hai3="38,59,48,91,43,21,40,4,116,77,3,75,25"/><T26/><D70/><U20/><E118/><V44/><F121/><W130/><G116/><T100/><D119/><U94/><E106/><V110/><F110/><W64/><G38/><T41/><D112/><U124/><E113/><V71/><F96/><W28/><G75/><T45/><D125/><N who="1" m="48203" /><E69/><V126/><F129/><W111/><G77/><T105/><D134/><U24/><E135/><V131/><F131/><W76/><G76/><T49/><D26/><U22/><E5/><V19/><F44/><W109/><G130/><T63/><D80/><U12/><E94/><V114/><F114/><W2/><G91/><T53/><D105/><U7/><E82/><V11/><F126/><W101/><G101/><T128/><D128/><U0/><E0/><V10/><F107/><W123/><G123/><T79/><D79/><U1/><E1/><V81/><F81/><W103/><G103/><T36/><REACH who="0" step="1"/><D41/><REACH who="0" ten="240,250,250,250" step="2"/><N who="1" m="22847" /><E24/><V30/><F104/><W68/><G68/><T95/><D95/><U72/><E72/><V92/><F92/><W86/><G40/><T117/><D117/><U133/><E133/><V31/><F83/><W74/><G43/><T88/><D88/><U122/><E122/><V32/><F78/><W87/><G74/><T89/><D89/><U6/><E22/><AGARI ba="0,1" hai="13,17,22,36,37,45,49,53,58,63,67,93,99,100" machi="22" ten="30,11600,0" yaku="1,1,7,1,52,1,53,1" doraHai="15" doraHaiUra="42" who="0" fromWho="1" sc="240,126,250,-116,250,0,250,0" />
</Scene>
<Scene>
<INIT seed="0,1,0,5,1,87" ten="366,134,250,250" oya="0" hai0="93,74,75,9,51,41,34,108,83,94,92,90,76" hai1="105,23,62,134,126,135,121,2,38,86,25,125,130" hai2="24,117,82,43,53,11,3,112,47,91,103,85,72" hai3="52,115,8,66,37,100,96,48,42,78,60,61,89"/><T127/><D34/><U4/><E38/><V79/><F112/><W64/><G78/><T56/><D127/><N who="1" m="48651" /><E105/><V17/><F103/><W50/><G115/><T123/><D123/><U128/><E121/><V20/><F53/><W14/><G37/><T102/><D75/><U29/><E62/><N who="3" m="24170" /><G100/><T57/><D108/><U120/><E120/><V44/><F117/><W68/><G68/><T31/><D102/><U80/><E4/><V124/><F124/><W10/><G42/><T35/><D35/><U54/><E54/><V65/><F65/><N who="3" m="25195" /><G14/><T81/><D31/><U59/><E59/><V104/><F104/><W107/><G50/><T119/><D9/><U133/><E2/><V0/><F11/><W99/><G99/><T7/><D119/><U71/><E71/><V32/><F32/><W12/><G12/><T39/><D39/><U67/><E67/><V116/><F116/><W46/><G107/><T95/><D7/><U69/><E69/><V132/><F3/><W63/><N who="3" m="24178" /><W36/><DORA hai="129" /><G36/><T22/><D51/><U45/><E45/><V109/><F0/><W97/><G97/><T55/><D41/><U30/><E30/><V26/><F47/><W6/><G6/><T19/><N who="0" m="23552" /><DORA hai="118" /><T15/><REACH who="0" step="1"/><D55/><REACH who="0" ten="356,134,250,250" step="2"/><U77/><AGARI ba="1,1" hai="23,25,29,77,80,86,128,130,133,134,135" m="48651" machi="77" ten="40,12000,2" yaku="30,2,20,1,18,1,52,3" doraHai="87,129,118" who="1" fromWho="1" sc="356,-61,134,133,250,-31,250,-31" />
</Scene>
<Scene>
<INIT seed="1,0,0,0,2,131" ten="295,267,219,219" oya="1" hai0="110,54,102,72,68,66,123,97,83,27,36,2,81" hai1="14,118,92,122,70,1,88,64,101,135,42,4,15" hai2="38,80,114,129,134,127,23,108,130,31,103,91,85" hai3="74,65,45,59,104,16,94,105,76,44,41,12,18"/><U96/><E118/><V71/><F71/><W63/><G74/><T111/><D36/><U89/><E122/><V78/><F38/><W43/><G76/><T79/><D2/><U24/><E42/><V132/><F108/><N who="0" m="41514" /><D66/><U133/><E1/><V109/><F109/><W40/><G94/><T25/><D68/><U21/><E64/><V84/><F103/><W26/><G26/><T32/><D32/><U47/><E47/><V30/><F114/><W0/><G0/><T39/><D39/><U9/><E15/><V5/><F5/><W124/><G124/><T56/><D83/><U10/><E10/><V29/><F23/><W34/><G34/><T90/><D90/><U107/><E70/><V99/><F99/><W19/><REACH who="3" step="1"/><G12/><REACH who="3" ten="295,267,219,209" step="2"/><T46/><D25/><U51/><E92/><N who="2" m="54375" /><F127/><W3/><G3/><T121/><D121/><U128/><E128/><AGARI ba="0,1" hai="29,30,31,78,80,85,128,129,130,132,134" m="54375" machi="128" ten="30,3900,0" yaku="19,1,52,2" doraHai="131" who="2" fromWho="1" sc="295,0,267,-39,219,49,209,0" />
</Scene>
<Scene>
<INIT seed="2,0,0,2,4,118" ten="295,228,268,209" oya="2" hai0="50,38,39,88,47,13,46,61,33,114,31,51,28" hai1="44,86,12,57,6,19,20,112,37,131,123,93,84" hai2="106,11,71,29,125,77,1,68,40,100,41,111,99" hai3="102,87,18,49,134,70,27,72,96,26,105,130,45"/><V109/><F29/><W83/><G70/><T65/><D114/><U63/><E112/><V36/><F77/><W48/><G72/><T30/><D33/><U117/><E117/><V76/><F76/><W0/><G0/><T120/><D120/><U73/><E123/><V95/><F95/><W4/><G4/><T34/><D34/><U2/><E73/><V119/><F119/><W129/><G134/><T16/><D39/><U116/><E116/><V124/><F71/><W69/><G69/><T132/><D132/><U74/><E74/><V94/><F94/><W52/><G48/><T115/><D115/><U101/><E131/><N who="3" m="50186" /><G18/><T42/><D47/><U5/><E2/><V10/><F68/><W32/><G32/><T17/><D17/><U59/><E59/><V91/><F91/><AGARI ba="0,0" hai="26,27,45,49,52,83,87,91,96,102,105" m="50186" machi="91" ten="30,2000,0" yaku="19,1,54,1" doraHai="118" who="3" fromWho="2" sc="295,0,228,0,268,-20,209,20" />
</Scene>
<Scene>
<INIT seed="3,0,0,0,4,29" ten="295,228,248,229" oya="3" hai0="97,46,120,94,82,14,66,87,86,23,22,83,127" hai1="21,5,111,12,112,74,110,95,116,44,38,15,10" hai2="119,130,92,96,52,53,79,75,121,109,65,6,99" hai3="25,80,90,68,124,27,114,34,70,88,9,69,19"/><W8/><G114/><T49/><D66/><U107/><E112/><V40/><F119/><W30/><G124/><T57/><D57/><U133/><E116/><V41/><F109/><N who="1" m="41481" /><E107/><V108/><F108/><W61/><G61/><T1/><D1/><U132/><E74/><V45/><F79/><W72/><G72/><T2/><D2/><N who="1" m="311" /><E95/><V16/><F75/><W48/><G48/><T4/><D4/><U91/><E91/><V47/><F6/><W134/><G134/><N who="1" m="51818" /><E38/><V56/><F92/><W84/><REACH who="3" step="1"/><G90/><REACH who="3" ten="295,228,248,219" step="2"/><T117/><D117/><U125/><E125/><V54/><F121/><W31/><G31/><T39/><D120/><U33/><E44/><V81/><F45/><W18/><G18/><T77/><D49/><U13/><E33/><V100/><F47/><W51/><G51/><T105/><D46/><U37/><E37/><V122/><F122/><W35/><G35/><T115/><D39/><U118/><E118/><V43/><F43/><W63/><G63/><T55/><D115/><U71/><E71/><V59/><F40/><W135/><G135/><T103/><D127/><U131/><E131/><V32/><F130/><W93/><G93/><T24/><D94/><U78/><E78/><V73/><F32/><W60/><G60/><T17/><D77/><U85/><E85/><V20/><F41/><W101/><G101/><T36/><D36/><U0/><E0/><V128/><F128/><W26/><G26/><T62/><D87/><U98/><E98/><V89/><F99/><W28/><G28/><N who="0" m="17431" /><D86/><U7/><E7/><V3/><F96/><W102/><G102/><RYUUKYOKU ba="0,1" sc="295,10,228,10,248,-30,219,10" hai0="14,17,23,55,62,82,83,97,103,105" hai1="12,13,15,21" hai3="8,9,19,25,27,30,34,68,69,70,80,84,88" />
</Scene>
<Scene>
<INIT seed="3,1,1,2,1,109" ten="305,238,218,229" oya="3" hai0="59,64,69,93,95,78,31,71,107,121,85,60,130" hai1="74,47,112,20,19,117,68,9,28,103,123,36,65" hai2="135,73,134,14,84,90,97,11,87,96,44,57,8" hai3="32,40,76,50,126,127,58,55,80,51,101,10,120"/><W102/><G32/><T113/><D107/><U63/><E123/><V13/><F73/><W83/><G120/><T21/><D121/><U35/><E74/><V30/><F30/><W86/><G10/><T62/><D130/><U52/><E117/><V132/><F44/><N who="3" m="25863" /><G80/><T100/><D113/><U34/><E103/><V118/><F57/><W2/><G2/><T115/><D115/><U61/><E112/><V39/><F39/><W46/><G46/><T29/><D78/><U105/><E105/><V67/><F67/><W94/><G94/><T92/><D85/><N who="2" m="32842" /><F118/><W41/><G41/><T33/><D33/><U79/><E79/><V91/><F8/><W7/><G7/><T104/><D104/><U56/><E28/><V99/><F11/><W26/><G26/><N who="0" m="16591" /><D31/><U110/><E9/><V122/><F122/><W45/><G45/><T54/><D71/><U1/><E1/><V129/><F129/><W5/><G5/><T111/><D69/><U133/><E35/><V125/><F125/><AGARI ba="1,1" hai="51,55,58,76,83,86,101,102,125,126,127" m="25863" machi="125" ten="30,1500,0" yaku="18,1" doraHai="109" who="3" fromWho="2" sc="305,0,238,0,218,-18,229,28" />
</Scene>
<Scene>
<INIT seed="3,2,0,1,4,53" ten="305,238,200,257" oya="3" hai0="44,94,59,57,76,20,121,120,11,51,77,96,66" hai1="27,55,2,1,123,122,5,115,18,109,21,85,10" hai2="12,34,128,67,61,23,3,81,24,86,58,63,29" hai3="107,98,64,99,65,69,79,127,37,95,60,54,28"/><W126/><G37/><T26/><D121/><U93/><E115/><V22/><F3/><W129/><G129/><T15/><D120/><U90/><E109/><V75/><F75/><W9/><G79/><N who="0" m="30283" /><D66/><U112/><E112/><V39/><F39/><W25/><G64/><T124/><D124/><N who="3" m="47657" /><G107/><T43/><D20/><U89/><E1/><V35/><F128/><W97/><G9/><T101/><D26/><U117/><E117/><V133/><F133/><W49/><G95/><T31/><D31/><U45/><E90/><V116/><F116/><W130/><G130/><T103/><D101/><U78/><E78/><V134/><F134/><W7/><G7/><AGARI ba="2,0" hai="7,11,15,43,44,51,57,59,94,96,103" m="30283" machi="7" ten="30,3900,0" yaku="8,1,52,2" doraHai="53" who="0" fromWho="3" sc="305,45,238,0,200,0,257,-45" />
</Scene>
<Scene>
<INIT seed="4,0,0,1,2,59" ten="350,238,200,212" oya="0" hai0="47,107,75,81,7,17,94,103,93,55,37,38,115" hai1="14,33,40,6,74,35,108,128,0,50,113,36,26" hai2="49,53,98,117,45,132,131,134,104,83,79,88,56" hai3="84,58,48,126,16,3,11,62,27,12,29,82,61"/><T116/><D107/><U23/><E108/><V89/><F104/><W118/><G126/><T54/><D7/><U127/><E127/><V122/><F122/><W20/><G118/><T101/><D81/><U63/><E128/><V106/><F131/><W24/><G3/><T123/><D47/><U125/><E125/><V130/><F130/><W13/><G27/><T121/><D115/><U5/><E113/><V80/><F117/><W64/><G12/><T96/><D116/><U21/><E36/><V18/><F18/><W52/><G64/><T97/><D17/><U66/><E74/><AGARI ba="0,0" hai="37,38,54,55,74,75,93,94,96,97,101,103,121,123" machi="74" ten="25,2400,0" yaku="22,2" doraHai="59" who="0" fromWho="1" sc="350,24,238,-24,200,0,212,0" />
</Scene>
<Scene>
<INIT seed="4,1,0,2,3,90" ten="374,214,200,212" oya="0" hai0="13,18,40,56,79,41,70,127,47,10,62,131,25" hai1="28,83,63,117,112,44,3,46,19,69,116,24,100" hai2="45,6,0,57,134,110,68,78,95,74,75,97,108" hai3="39,86,33,71,82,37,93,119,54,132,60,22,125"/><T88/><D70/><U52/><E3/><V114/><F68/><W85/><G33/><T76/><D127/><U84/><E112/><V65/><F74/><W21/><G119/><T105/><D105/><U64/><E100/><V87/><F114/><W104/><G104/><T9/><D9/><U77/><E19/><V53/><F65/><W135/><G125/><T50/><D41/><U128/><E128/><V115/><F115/><W122/><G122/><T129/><D25/><U80/><E80/><V48/><F87/><W8/><G8/><T51/><D51/><U91/><E77/><V73/><F73/><W42/><G42/><T89/><D131/><U43/><E46/><V94/><F45/><W123/><G123/><T16/><D18/><U31/><E31/><V67/><F0/><W96/><G22/><T23/><D23/><U58/><E24/><V5/><F5/><W2/><G21/><T92/><D89/><U98/><E28/><V107/><F6/><W109/><G2/><T113/><D113/><U99/><E117/><V17/><F17/><W130/><G130/><T121/><D121/><U14/><E14/><V20/><F20/><W124/><G124/><T11/><D129/><U72/><E72/><V29/><F75/><W61/><G71/><T66/><D10/><U30/><E30/><V111/><F29/><W49/><G37/><T81/><D81/><U12/><E12/><V35/><F111/><W118/><G109/><T38/><D38/><N who="1" m="21623" /><E116/><V55/><F110/><W101/><G118/><T133/><D133/><N who="3" m="51273" /><G39/><T126/><D126/><U34/><E34/><RYUUKYOKU ba="1,0" sc="374,15,214,15,200,-15,212,-15" hai0="11,13,16,40,47,50,56,62,66,76,79,88,92" hai1="52,58,63,64,69,83,84,91,98,99" />
</Scene>
<Scene>
<INIT seed="4,2,0,0,1,114" ten="389,229,185,197" oya="0" hai0="94,60,81,49,103,118,85,100,120,54,83,3,31" hai1="4,96,82,64,52,79,35,40,41,24,10,70,38" hai2="13,36,7,22,91,111,93,107,15,23,9,77,95" hai3="126,1,56,50,125,119,109,68,26,33,133,58,47"/><T117/><D3/><U87/><E38/><V32/><F32/><W101/><G1/><T46/><D120/><U80/><E96/><V29/><F107/><W25/><G68/><T122/><D122/><U66/><E80/><V113/><F36/><W97/><G109/><T84/><D31/><U11/><E11/><V44/><F77/><W17/><G133/><T104/><D104/><U34/><E52/><V19/><F111/><W135/><G135/><T12/><D12/><U78/><E78/><V53/><F113/><W5/><G5/><T88/><D60/><U130/><E130/><V131/><F131/><W123/><G123/><T73/><D73/><U57/><E70/><V0/><F0/><W69/><G69/><T42/><D42/><U67/><E57/><N who="3" m="22122" /><G17/><T48/><D49/><U116/><E116/><V89/><F29/><W112/><G33/><T63/><D63/><U108/><E108/><V2/><F2/><W99/><G99/><T75/><D75/><U21/><E35/><V45/><F53/><N who="3" m="29919" /><G112/><T14/><D14/><N who="1" m="5447" /><E34/><V86/><REACH who="2" step="1"/><F23/><REACH who="2" ten="389,229,175,197" step="2"/><W121/><G121/><T129/><D129/><U59/><E59/><V55/><F55/><W18/><G126/><T6/><D54/><U124/><E124/><V72/><F72/><W8/><G125/><T127/><D127/><U102/><E102/><V98/><AGARI ba="2,1" hai="7,9,13,15,19,22,44,45,86,89,91,93,95,98" machi="98" ten="20,5200,0" yaku="1,1,0,1,7,1,8,1,53,0" doraHai="114" doraHaiUra="106" who="2" fromWho="2" sc="389,-28,229,-15,175,68,197,-15" />
</Scene>
<Scene>
<INIT seed="5,0,0,5,1,38" ten="361,214,243,182" oya="1" hai0="5,62,33,91,39,11,90,3,130,64,74,102,65" hai1="54,29,89,103,116,72,27,78,124,119,67,76,80" hai2="94,105,1,115,111,43,128,6,48,37,85,45,19" hai3="51,60,121,58,97,83,101,10,24,47,15,28,23"/><U81/><E67/><V99/><F105/><W88/><G121/><T126/><D65/><U52/><E103/><V100/><F1/><W21/><G21/><T117/><D74/><U22/><E89/><V92/><F6/><W123/><G123/><T109/><D102/><U68/><E68/><V98/><F111/><W104/><G83/><T31/><D90/><U2/><E2/><V71/><F71/><W133/><G133/><T34/><D91/><U42/><E42/><V79/><F37/><W44/><G51/><T35/><D39/><U107/><E107/><V118/><F118/><W59/><G59/><T41/><D41/><U50/><E124/><V112/><F128/><W8/><G8/><T75/><D109/><U131/><E131/><V61/><F61/><W110/><G110/><T12/><D62/><U108/><E108/><V16/><F98/><W9/><G9/><T129/><D64/><U32/><E32/><V4/><F4/><W135/><G135/><T63/><D117/><U49/><E49/><V25/><F92/><N who="3" m="56455" /><G101/><T113/><D63/><U14/><E54/><V69/><F69/><W36/><G104/><T30/><D126/><U66/><E66/><V127/><F127/><W114/><G36/><T20/><D129/><U132/><E132/><V86/><F79/><W87/><G114/><T120/><D130/><U77/><E77/><V96/><F96/><W125/><G125/><T55/><D55/><U57/><E14/><V56/><F115/><W40/><G40/><T7/><D113/><U18/><E29/><V13/><F112/><W70/><G70/><RYUUKYOKU ba="0,0" sc="361,-10,214,30,243,-10,182,-10" hai1="18,22,27,50,52,57,72,76,78,80,81,116,119" />
</Scene>
<Scene>
<INIT seed="5,1,0,1,2,134" ten="351,244,233,172" oya="1" hai0="43,72,99,108,110,16,12,97,0,17,122,45,85" hai1="18,82,58,36,98,116,5,31,105,90,96,35,127" hai2="114,56,57,129,107,49,103,128,91,92,50,77,41" hai3="59,81,6,86,135,53,44,15,26,131,25,47,70"/><U83/><E116/><V119/><F119/><W48/><G70/><T112/><D72/><U109/><E36/><V73/><F107/><W115/><G135/><T89/><D0/><U95/><E109/><V52/><F103/><W54/><G115/><T79/><D112/><U42/><E5/><V3/><F3/><W21/><G131/><N who="2" m="50249" /><F114/><W7/><G15/><T101/><D79/><U19/><E42/><V100/><F100/><W121/><G121/><T51/><D17/><U55/><E35/><V125/><F125/><W113/><G113/><T84/><D84/><U63/><E127/><V4/><F4/><W32/><G32/><T130/><D122/><U37/><E37/><V40/><F77/><W64/><G64/><T39/><D39/><U29/><E105/><V120/><F73/><W34/><G34/><T24/><D24/><U123/><E98/><N who="2" m="57631" /><F120/><W28/><G26/><T46/><D130/><U1/><E1/><V124/><F124/><W117/><G117/><T78/><D78/><U60/><E123/><V38/><F38/><W71/><G71/><T80/><D99/><U8/><E8/><V23/><F23/><W126/><G126/><T2/><D2/><U20/><E20/><V66/><F66/><W93/><G93/><N who="0" m="58543" /><D110/><U27/><E27/><V11/><F11/><W33/><G33/><T87/><D108/><U13/><E83/><V133/><F133/><W111/><G111/><T9/><D87/><U14/><E82/><V76/><F76/><N who="3" m="46375" /><G54/><AGARI ba="1,0" hai="40,41,49,50,52,54,56,57" m="57631,50249" machi="54" ten="30,2000,0" yaku="19,1,54,1" doraHai="134" who="2" fromWho="3" sc="351,0,244,0,233,23,172,-23" />
</Scene>
<Scene>
<INIT seed="6,0,0,4,4,59" ten="351,244,256,149" oya="2" hai0="28,35,98,50,125,14,9,18,101,73,89,19,92" hai1="75,104,49,40,66,26,20,99,27,12,128,74,57" hai2="6,120,100,51,102,4,67,110,63,105,60,64,97" hai3="83,112,69,85,45,61,118,129,122,88,39,22,23"/><V21/><F120/><W1/><G122/><T80/><D125/><U33/><E128/><V81/><F81/><W65/><G118/><T30/><D35/><U36/><E36/><V70/><F102/><W42/><G129/><T32/><D32/><U78/><E78/><V96/><F96/><W38/><G112/><T0/><D0/><U114/><E114/><V134/><F134/><W68/><G1/><T107/><D73/><U95/><E104/><V108/><F51/><W135/><G135/><T84/><D107/><U2/><E2/><V47/><F47/><W13/><G39/><T133/><D133/><U8/><E33/><V53/><F53/><W25/><G13/><N who="0" m="7471" /><D50/><U103/><E40/><V93/><F21/><AGARI ba="0,0" hai="14,19,21,28,30,80,84,89,92,98,101" m="7471" machi="21" ten="30,1000,0" yaku="8,1" doraHai="59" who="0" fromWho="2" sc="351,10,244,0,256,-10,149,0" />
</Scene>
<Scene>
<INIT seed="7,0,0,4,3,43" ten="361,244,246,149" oya="3" hai0="34,90,28,108,124,9,128,84,103,50,68,54,63" hai1="5,26,91,134,125,19,48,131,105,130,46,20,101" hai2="123,120,35,113,94,6,51,79,21,93,133,15,127" hai3="69,99,115,82,88,85,16,87,76,10,67,36,59"/><W77/><G36/><T122/><D108/><U39/><E125/><V97/><F35/><W38/><G38/><T3/><D34/><U17/><E134/><V23/><F127/><W83/><G69/><T12/><D3/><U116/><E116/><V64/><F133/><W60/><G115/><T65/><D28/><N who="1" m="17479" /><E39/><V72/><F64/><W4/><G16/><T57/><D103/><U132/><E132/><V80/><F51/><W98/><REACH who="3" step="1"/><G77/><REACH who="3" ten="361,244,246,139" step="2"/><T41/><D68/><U25/><E19/><V129/><F113/><W66/><G66/><T24/><D65/><U47/><E17/><V114/><F114/><W2/><AGARI ba="0,1" hai="2,4,10,59,60,67,76,82,83,85,87,88,98,99" machi="2" ten="20,7800,0" yaku="1,1,0,1,7,1,54,1,53,0" doraHai="43" doraHaiUra="109" who="3" fromWho="3" sc="361,-26,244,-26,246,-26,139,88" />
</Scene>
<Scene>
<INIT seed="7,1,0,4,4,1" ten="335,218,220,227" oya="3" hai0="110,58,55,34,71,127,7,99,123,76,28,33,14" hai1="119,108,13,25,0,117,67,84,116,27,88,125,81" hai2="128,135,105,80,95,8,40,118,106,112,31,2,24" hai3="60,53,37,63,6,12,45,32,78,120,82,130,79"/><W35/><G120/><T89/><D71/><U20/><E108/><V72/><F118/><W74/><G79/><T21/><D110/><U73/><E125/><V91/><F135/><W75/><G75/><T36/><D36/><U102/><E0/><V121/><F121/><W18/><G130/><T3/><D3/><U90/><E102/><V96/><F128/><W22/><G6/><T132/><D123/><U51/><E67/><V69/><F69/><W4/><G4/><T93/><D132/><U131/><E131/><V5/><F112/><W124/><G124/><T103/><D76/><N who="1" m="44175" /><E51/><V86/><F40/><W100/><G100/><T30/><D33/><U85/><E13/><V15/><F72/><W49/><REACH who="3" step="1"/><G37/><REACH who="3" ten="335,218,220,217" step="2"/><T114/><D7/><U68/><E68/><V111/><F2/><W65/><G65/><T39/><D127/><U122/><E122/><V134/><F134/><W87/><G87/><N who="1" m="33354" /><E27/><V41/><F111/><W83/><G83/><T126/><D39/><U42/><E42/><V113/><F41/><W50/><G50/><T61/><D126/><U66/><E66/><V62/><F24/><W98/><G98/><T17/><D103/><U101/><E101/><V43/><F43/><W46/><G46/><T70/><D99/><U129/><E129/><V54/><F96/><W115/><G115/><T64/><D114/><U26/><E26/><V107/><F113/><W77/><G77/><T92/><D64/><U29/><AGARI ba="1,1" hai="20,25,29,88,90,116,117,119" m="33354,44175" machi="29" ten="40,2700,0" yaku="12,1,54,1" doraHai="1" who="1" fromWho="1" sc="335,-8,218,40,220,-8,217,-14" owari="327,43.0,258,6.0,212,-19.0,203,-30.0" />
</Scene>
</mjloggm>