<mjloggm ver="2.3"><GO type="169" lobby="0"/><UN n0="%E2%98%86%EF%BC%B2%EF%BC%8E%EF%BC%A4%EF%BC%8E%E2%98%85" n1="%E5%A4%AA%E3%81%8F%E3%81%AA%E3%81%84%E3%81%8A" n2="%E3%81%84%E3%81%8F%E3%82%84%E3%81%BE%E2%98%86%E3%81%95%E3%82%80%E3%81%8A" n3="%E9%A3%9B%E3%81%B3%E3%82%B7%E3%83%A3%E3%83%81" dan="16,17,16,16" rate="2126.26,2223.41,2089.93,2123.59" sx="M,M,M,F"/><TAIKYOKU oya="0"/>

<Scene>
<INIT seed="0,0,0,2,3,3" ten="250,250,250,250" oya="0" hai0="135,6,1,105,79,129,20,38,94,93,51,62,115" hai1="67,66,76,21,123,2,87,30,72,33,84,69,19" hai2="92,41,45,4,31,90,127,37,53,18,82,47,134" hai3="68,131,83,61,56,63,12,24,71,65,13,96,116"/><T9/><D115/><U60/><E123/><V10/><F134/><W108/><G116/><T130/><D38/><U70/><E2/><V102/><F127/><W110/><G131/><N who="0" m="50187" /><D135/><U7/><E33/><V26/><F102/><W77/><G24/><T0/><D105/><U28/><E72/><V85/><F18/><W64/><G96/><T22/><D79/><U106/><E106/><V109/><F109/><N who="3" m="42091" /><G56/><T48/><D62/><U8/><E76/><V50/><F82/><W52/><G52/><T11/><D93/><U25/><E69/><V35/><REACH who="2" step="1"/><F10/><REACH who="2" ten="250,250,240,250" step="2"/><W80/><G83/><T42/><D94/><U29/><E8/><V126/><F126/><W78/><G78/><T54/><D9/><U74/><E19/><V32/><F32/><W17/><G17/><T118/><D0/><U104/><E21/><V27/><F27/><W89/><G89/><T81/><D81/><U99/><E25/><V86/><F86/><AGARI ba="0,1" hai="12,13,61,63,64,65,68,71,77,80,86" m="42091" machi="86" ten="30,1000,0" yaku="14,1" doraHai="3" who="3" fromWho="2" sc="250,0,250,0,240,-10,250,20" />
</Scene>
<Scene>
<INIT seed="1,0,0,1,5,128" ten="250,250,230,270" oya="1" hai0="59,122,105,28,64,17,39,42,97,108,113,129,116" hai1="85,118,47,11,40,93,76,125,115,82,43,87,126" hai2="81,111,77,96,33,120,34,10,134,91,49,37,84" hai3="7,55,48,95,71,123,83,30,25,133,63,92,57"/><U20/><E115/><V132/><F111/><W38/><G38/><T99/><D108/><U107/><E107/><V45/><F120/><W0/><G123/><T27/><D122/><U56/><E118/><V58/><F10/><W14/><G0/><T88/><D113/><U73/><E56/><V4/><F4/><W23/><G83/><T18/><D116/><U104/><E104/><V3/><F3/><W44/><G133/><N who="2" m="51305" /><F37/><W67/><G71/><T100/><D42/><U19/><E11/><AGARI ba="0,0" hai="7,11,14,23,25,30,44,48,55,57,63,67,92,95" machi="11" ten="40,1300,0" yaku="8,1" doraHai="128" who="3" fromWho="1" sc="250,0,250,-13,230,0,270,13" />
</Scene>
<Scene>
<INIT seed="2,0,0,5,5,78" ten="250,237,230,283" oya="2" hai0="61,69,113,103,8,129,2,29,77,67,27,76,32" hai1="133,5,82,37,57,94,40,95,52,108,39,127,89" hai2="135,98,104,111,15,56,10,33,58,91,47,130,34" hai3="7,25,19,118,31,123,1,115,79,132,17,97,101"/><V126/><F126/><W70/><G123/><T28/><D113/><U81/><E127/><V20/><F135/><W6/><G70/><T72/><D129/><U134/><E5/><V26/><F130/><W9/><G118/><T105/><D29/><U59/><E40/><V36/><F36/><W50/><G132/><N who="1" m="50794" /><E59/><V49/><F91/><W4/><G115/><T117/><D117/><U51/><E95/><V46/><F111/><W122/><G122/><T13/><D72/><U73/><E108/><V65/><F98/><W102/><G79/><T121/><D2/><U125/><E125/><V92/><F92/><W116/><G116/><T14/><D121/><U41/><E73/><V3/><F3/><W12/><G1/><T74/><D74/><U23/><E23/><V114/><F104/><W80/><G31/><T21/><D21/><U11/><E11/><V85/><F114/><W83/><G50/><T124/><D124/><U44/><E39/><V109/><F109/><W99/><G99/><AGARI ba="0,0" hai="37,41,44,51,52,57,81,82,89,94,99" m="50794" machi="99" ten="30,7700,0" yaku="20,1,52,2,54,1" doraHai="78" who="1" fromWho="3" sc="250,0,237,77,230,0,283,-77" />
</Scene>
<Scene>
<INIT seed="3,0,0,2,0,126" ten="250,314,230,206" oya="3" hai0="88,63,38,42,135,30,82,59,33,68,29,120,58" hai1="10,121,9,28,95,34,118,80,115,65,31,4,37" hai2="61,32,110,49,74,125,35,5,116,78,113,2,43" hai3="84,98,89,6,24,53,111,100,19,56,47,20,27"/><W54/><G6/><T14/><D120/><U105/><E105/><V39/><F49/><W90/><G111/><T129/><D135/><U73/><E37/><V52/><F110/><W106/><G47/><T13/><D38/><U17/><E65/><V11/><F113/><W122/><G122/><T97/><D42/><U67/><E67/><V15/><F116/><W96/><G27/><T128/><D68/><U26/><E95/><V66/><F15/><N who="0" m="5642" /><D33/><U102/><E102/><V41/><F125/><W123/><G123/><T99/><D82/><U46/><E80/><N who="2" m="45143" /><F43/><W131/><G96/><N who="0" m="36939" /><D88/><U83/><E83/><V75/><F75/><W87/><G56/><N who="0" m="21547" /><D63/><U8/><E73/><V93/><F61/><W64/><G64/><T48/><D48/><U127/><E121/><V51/><F66/><W101/><G106/><T36/><D36/><U132/><E132/><V86/><F41/><W55/><G98/><T117/><D117/><U104/><E118/><V7/><F39/><W1/><G1/><T114/><D114/><U62/><E115/><V3/><F35/><W133/><G133/><T21/><D21/><U119/><E34/><V25/><F32/><W108/><G108/><T12/><N who="0" m="5650" /><T77/><DORA hai="112" /><D77/><U81/><E119/><V16/><F2/><W18/><G55/><T92/><D92/><U22/><E22/><N who="2" m="13511" /><F52/><W107/><G107/><T70/><D70/><U91/><E104/><V0/><F0/><W50/><G50/><T124/><D124/><U45/><E127/><V103/><F51/><W71/><G71/><T130/><AGARI ba="0,0" hai="29,30,128,129,130" m="21547,36939,5650" machi="130" ten="50,12000,2" yaku="28,2,19,1,52,3" doraHai="126,112" who="0" fromWho="0" sc="250,120,314,-30,230,-30,206,-60" />
</Scene>
<Scene>
<INIT seed="4,0,0,2,0,4" ten="370,284,200,146" oya="0" hai0="34,45,44,107,128,81,68,60,57,64,88,87,122" hai1="133,104,20,26,5,98,117,103,19,61,43,119,3" hai2="102,52,84,30,129,69,47,108,56,116,17,7,25" hai3="6,79,10,67,73,40,127,115,110,59,114,32,96"/><T80/><D122/><U28/><E133/><V106/><F69/><W85/><G32/><T123/><D123/><U31/><E43/><V125/><F108/><W8/><G110/><T54/><D128/><U91/><E91/><V93/><F106/><W135/><G40/><T16/><D107/><U89/><E89/><V42/><F129/><W132/><G6/><T130/><D130/><U38/><E38/><V49/><F125/><W66/><G73/><T70/><D34/><N who="1" m="20759" /><E31/><V55/><F116/><W22/><G96/><T97/><D68/><U35/><E61/><V113/><F113/><N who="3" m="43019" /><G22/><T51/><D97/><U50/><E35/><V36/><F17/><W86/><G127/><T0/><D0/><U37/><E37/><V23/><F7/><W53/><G67/><T120/><D120/><U121/><E121/><V46/><F84/><N who="3" m="32363" /><G66/><T18/><D81/><U15/><E50/><V48/><F93/><W39/><G39/><T82/><D80/><U100/><E100/><V90/><F102/><W1/><G79/><T126/><D126/><U131/><E131/><V2/><REACH who="2" step="1"/><F90/><REACH who="2" ten="370,284,190,146" step="2"/><W112/><G1/><AGARI ba="0,1" hai="1,2,23,25,30,36,42,46,47,48,49,52,55,56" machi="1" ten="40,5200,0" yaku="1,1,2,1,54,1,53,0" doraHai="4" doraHaiUra="62" who="2" fromWho="3" sc="370,0,284,0,190,62,146,-52" />
</Scene>
<Scene>
<INIT seed="5,0,0,4,1,18" ten="370,284,252,94" oya="1" hai0="1,103,71,122,123,69,120,124,99,6,11,57,133" hai1="34,108,58,66,78,64,29,70,98,16,97,40,35" hai2="37,25,5,72,60,125,121,61,52,43,129,111,80" hai3="115,118,21,105,2,95,113,54,14,76,51,93,73"/><U32/><E29/><V92/><F121/><W75/><G2/><T17/><D124/><U132/><E70/><V127/><F111/><W116/><G105/><N who="0" m="63743" /><D133/><U0/><E0/><V85/><F129/><W50/><G76/><T126/><D126/><N who="2" m="48138" /><F5/><W131/><G14/><N who="0" m="7391" /><D57/><U102/><E132/><V15/><F15/><W41/><G54/><T20/><D20/><U86/><E40/><V96/><F72/><W67/><G67/><T31/><D31/><U101/><E108/><V109/><F109/><W4/><G4/><T27/><D27/><U91/><E78/><V42/><F25/><W3/><G3/><T65/><D65/><U134/><E134/><V12/><F12/><W62/><G41/><N who="2" m="15369" /><F52/><W30/><G30/><T84/><D6/><U38/><E66/><V53/><F53/><W100/><G100/><T82/><D1/><U74/><E74/><V89/><F37/><W48/><G62/><T39/><D39/><U104/><E38/><V13/><F13/><W106/><G106/><T63/><D63/><U130/><E64/><V114/><F60/><W49/><G49/><T94/><D122/><U45/><E58/><V55/><F61/><W23/><REACH who="3" step="1"/><G51/><REACH who="3" ten="370,284,252,84" step="2"/><T7/><D7/><U8/><E104/><V10/><F55/><W19/><G19/><T107/><D107/><U26/><E16/><V68/><F68/><W90/><G90/><N who="0" m="51479" /><D123/><U36/><E36/><V22/><F89/><W77/><G77/><T83/><D120/><U79/><E91/><V128/><F128/><AGARI ba="0,1" hai="21,23,48,50,73,75,93,95,113,115,116,118,128,131" machi="128" ten="25,8000,1" yaku="1,1,22,2,52,2,53,0" doraHai="18" doraHaiUra="87" who="3" fromWho="2" sc="370,0,284,0,252,-80,84,90" />
</Scene>
<Scene>
<INIT seed="6,0,0,4,2,98" ten="370,284,172,174" oya="2" hai0="56,57,33,104,123,51,48,0,36,114,44,14,62" hai1="58,124,119,97,4,76,71,32,126,60,19,26,100" hai2="7,24,122,50,68,35,96,107,42,85,49,99,20" hai3="117,13,23,108,82,118,54,17,6,93,8,79,111"/><V39/><F39/><W70/><G70/><T81/><D123/><U127/><E119/><V135/><F122/><W9/><G54/><T10/><D0/><U102/><E71/><V64/><F135/><W11/><G93/><T109/><D109/><N who="3" m="42057" /><G82/><T121/><D33/><U69/><E69/><V83/><F35/><W74/><G79/><T129/><D104/><U128/><E128/><V61/><F7/><W91/><G91/><T31/><D31/><N who="1" m="19575" /><E4/><V63/><F63/><W40/><G40/><T120/><D114/><U41/><E76/><V101/><F96/><W112/><G74/><T72/><D129/><U16/><E41/><V29/><REACH who="2" step="1"/><F42/><REACH who="2" ten="370,284,162,174" step="2"/><W59/><G112/><T38/><D62/><U21/><E97/><V12/><F12/><N who="3" m="5143" /><G59/><T66/><D56/><U67/><E19/><V65/><F65/><W28/><G28/><T87/><D57/><U43/><E43/><V53/><F53/><W27/><G13/><AGARI ba="0,1" hai="13,16,21,58,60,67,100,102,124,126,127" m="19575" machi="13" ten="30,7700,0" yaku="18,1,52,2,54,1" doraHai="98" who="1" fromWho="3" sc="370,0,284,87,162,0,174,-77" />
</Scene>
<Scene>
<INIT seed="7,0,0,2,1,57" ten="370,371,162,97" oya="3" hai0="15,125,29,39,127,128,82,106,18,14,30,37,66" hai1="48,105,53,118,111,47,38,62,34,3,112,133,68" hai2="63,54,93,22,87,73,19,113,49,124,11,64,21" hai3="40,107,60,7,23,71,24,17,45,72,116,100,33"/><W119/><G72/><T129/><D82/><U13/><RYUUKYOKU type="yao9" ba="0,0" sc="370,0,371,0,162,0,97,0" hai1="3,13,34,38,47,48,53,62,68,105,111,112,118,133" />
</Scene>
<Scene>
<INIT seed="7,1,0,3,4,77" ten="370,371,162,97" oya="3" hai0="3,45,111,126,65,103,89,25,26,4,30,46,53" hai1="97,50,13,70,88,93,86,16,95,72,22,74,21" hai2="118,71,127,7,114,108,87,102,56,128,55,107,10" hai3="39,36,62,9,83,73,82,79,17,18,49,37,63"/><W52/><G83/><T38/><D111/><U98/><E70/><V51/><F108/><W24/><G18/><T110/><D110/><U84/><E72/><V134/><F118/><W60/><G9/><T23/><D103/><N who="1" m="60847" /><E74/><V81/><F71/><W91/><G91/><T35/><D126/><U29/><E50/><V109/><F109/><W113/><G113/><T27/><D27/><AGARI ba="1,0" hai="13,16,21,22,27,29,84,86,88,95,98" m="60847" machi="27" ten="30,3900,0" yaku="8,1,54,2" doraHai="77" who="1" fromWho="0" sc="370,-42,371,42,162,0,97,0" owari="328,13.0,413,51.0,162,-24.0,97,-40.0" />
</Scene>
</mjloggm>