<mjloggm ver="2.3"><GO type="169" lobby="0"/><UN n0="%E3%81%BF%E3%81%8D%E3%81%BF%E3%81%8D%E2%99%AA" n1="%53%48%49%53%55%4B%45" n2="%68%6B%5F%6B%69%62%61" n3="%E5%A4%AA%E3%81%8F%E3%81%AA%E3%81%84%E3%81%8A" dan="16,17,16,18" rate="2019.41,2098.49,2100.93,2223.00" sx="F,M,M,M"/><TAIKYOKU oya="0"/>

<Scene>
<INIT seed="0,0,0,3,5,0" ten="250,250,250,250" oya="0" hai0="76,69,60,120,25,38,129,18,85,125,82,53,7" hai1="58,22,24,12,64,49,127,78,19,71,37,67,42" hai2="11,114,98,90,105,104,131,5,93,8,55,52,86" hai3="40,130,80,92,84,122,135,72,89,118,117,111,45"/><T17/><D120/><U87/><E37/><V115/><F131/><W109/><G45/><T95/><D38/><U2/><E2/><V62/><F115/><W1/><G40/><T36/><D36/><U54/><E71/><V23/><F114/><W31/><G31/><T57/><D129/><U121/><E121/><V88/><F23/><W16/><G1/><T20/><D125/><U9/><E42/><V79/><F79/><N who="3" m="44135" /><G130/><T134/><D134/><U107/><E107/><V41/><F41/><W30/><G30/><T97/><D69/><U26/><E26/><V28/><F8/><W119/><G16/><T116/><D116/><U56/><E56/><V94/><F28/><W112/><G112/><T4/><D18/><U128/><E127/><V113/><F113/><W70/><G70/><T83/><D83/><N who="1" m="47607" /><E128/><V73/><F73/><W66/><G66/><T68/><D68/><U65/><E65/><V44/><F55/><W77/><G122/><T123/><D123/><U124/><E124/><V108/><F108/><N who="3" m="41547" /><G77/><T47/><D47/><U34/><E34/><V61/><F61/><W81/><G135/><T133/><D133/><U101/><E101/><AGARI ba="0,0" hai="4,7,17,20,25,53,57,60,76,82,85,95,97,101" machi="101" ten="30,11600,0" yaku="7,1,8,1,52,2" doraHai="0" who="0" fromWho="1" sc="250,116,250,-116,250,0,250,0" />
</Scene>
<Scene>
<INIT seed="0,1,0,3,2,61" ten="366,134,250,250" oya="0" hai0="103,26,12,10,107,28,127,55,29,4,108,80,53" hai1="6,64,69,62,96,39,30,66,25,1,72,110,43" hai2="123,113,119,112,50,87,134,129,34,132,130,81,46" hai3="90,21,93,102,115,38,65,27,116,20,41,68,44"/><T82/><D127/><U5/><E72/><V23/><F34/><W126/><G115/><N who="2" m="44105" /><F23/><W121/><G116/><T47/><D108/><U131/><E110/><V57/><F119/><W122/><G102/><T36/><D36/><U22/><E1/><V128/><F123/><N who="3" m="47115" /><G126/><T8/><D8/><U104/><E131/><V15/><F15/><W51/><G38/><T40/><D29/><U63/><E39/><V58/><F87/><N who="3" m="52447" /><G27/><T31/><D103/><U101/><E43/><N who="2" m="24927" /><F81/><W83/><G83/><T98/><D107/><U11/><E11/><V52/><F57/><AGARI ba="1,0" hai="5,6,22,25,30,57,62,63,64,66,69,96,101,104" machi="57" ten="30,3900,0" yaku="7,1,52,2" doraHai="61" who="1" fromWho="2" sc="366,0,134,42,250,-42,250,0" />
</Scene>
<Scene>
<INIT seed="1,0,0,5,1,107" ten="366,176,208,250" oya="1" hai0="114,7,15,31,33,123,91,16,67,37,88,113,64" hai1="17,54,112,85,100,19,4,130,117,0,40,3,35" hai2="84,68,106,122,134,49,121,47,73,14,63,118,80" hai3="87,120,20,86,44,76,43,34,102,116,97,127,110"/><U25/><E117/><V103/><F118/><W42/><G116/><T77/><D37/><U132/><E40/><V98/><F134/><W12/><G34/><T133/><D133/><U24/><E132/><V57/><F68/><W59/><G120/><T82/><D123/><U105/><E105/><V79/><F14/><W95/><G110/><T81/><D7/><U48/><E100/><V13/><F13/><W126/><G59/><T66/><D31/><U53/><E35/><V83/><F83/><W50/><G43/><T99/><D33/><U109/><E112/><V55/><REACH who="2" step="1"/><F84/><REACH who="2" ten="366,176,198,250" step="2"/><W78/><G87/><T2/><D81/><U108/><E85/><V90/><F90/><W70/><G70/><T61/><D91/><U124/><E4/><V69/><F69/><W38/><G86/><T22/><D82/><U111/><E124/><V52/><AGARI ba="0,1" hai="47,49,52,55,57,63,73,79,80,98,103,106,121,122" machi="52" ten="20,8000,1" yaku="1,1,0,1,7,1,52,1,54,1,53,0" doraHai="107" doraHaiUra="29" who="2" fromWho="2" sc="366,-20,176,-40,198,90,250,-20" />
</Scene>
<Scene>
<INIT seed="2,0,0,5,3,122" ten="346,136,288,230" oya="2" hai0="90,81,73,114,72,103,45,133,10,63,9,64,66" hai1="106,37,39,57,12,40,110,111,23,99,116,109,48" hai2="105,123,2,20,120,78,107,102,98,8,125,58,35" hai3="88,7,76,69,117,15,19,5,97,11,14,18,135"/><V4/><F35/><W121/><G121/><T75/><D114/><U129/><E116/><V128/><F125/><W1/><G117/><T52/><D133/><U33/><E33/><V115/><F115/><W77/><G69/><T53/><D103/><N who="1" m="62847" /><E129/><V127/><F127/><W92/><G135/><T87/><D66/><U51/><E57/><V96/><F128/><W101/><G1/><T94/><D81/><U89/><E89/><V41/><F78/><N who="3" m="30315" /><G101/><T21/><D21/><AGARI ba="0,0" hai="5,7,11,14,15,18,19,21,88,92,97" m="30315" machi="21" ten="30,2000,0" yaku="8,1,54,1" doraHai="122" who="3" fromWho="0" sc="346,-20,136,0,288,0,230,20" />
</Scene>
<Scene>
<INIT seed="3,0,0,5,5,114" ten="326,136,288,250" oya="3" hai0="50,6,86,99,12,72,93,113,84,90,58,82,108" hai1="100,44,3,22,67,21,2,112,130,51,79,20,103" hai2="48,33,81,68,107,135,106,65,76,122,134,61,13" hai3="129,116,26,83,40,121,49,105,128,4,123,39,119"/><W10/><G105/><T69/><D69/><U24/><E112/><V78/><F33/><W101/><G101/><T94/><D113/><U54/><E130/><N who="3" m="50282" /><G39/><T71/><D71/><U85/><E3/><V95/><F122/><N who="3" m="46603" /><G83/><T63/><D108/><U19/><E2/><V42/><F95/><W74/><G74/><T120/><D120/><U132/><E132/><N who="2" m="50731" /><F48/><W47/><G26/><T46/><D72/><U45/><E67/><V8/><F42/><W124/><G124/><T98/><D93/><U104/><E104/><N who="2" m="39979" /><F81/><W1/><AGARI ba="0,0" hai="1,4,10,40,47,49,116,119" m="46603,50282" machi="1" ten="30,6000,0" yaku="19,1,52,2" doraHai="114" who="3" fromWho="3" sc="326,-20,136,-20,288,-20,250,60" />
</Scene>
<Scene>
<INIT seed="3,1,0,5,2,134" ten="306,116,268,310" oya="3" hai0="119,135,71,128,31,73,125,7,120,97,5,26,96" hai1="13,86,62,65,21,69,49,103,123,39,3,53,59" hai2="106,112,94,72,104,111,61,126,67,0,41,100,98" hai3="17,78,127,28,64,10,37,58,38,83,91,56,66"/><W89/><G28/><T2/><D120/><U34/><E34/><V122/><F112/><W88/><G127/><T81/><D135/><U130/><E3/><V90/><F0/><W113/><G113/><T22/><D71/><U129/><E39/><V43/><F122/><W109/><G109/><T15/><D119/><U24/><E123/><V47/><F72/><W4/><G17/><T63/><D128/><U54/><E103/><V82/><F111/><W110/><G110/><T33/><D125/><U75/><E75/><V108/><F108/><W57/><G38/><T101/><D63/><U16/><E54/><V87/><F126/><W1/><REACH who="3" step="1"/><G37/><REACH who="3" ten="306,116,268,300" step="2"/><T46/><D31/><U117/><E117/><V8/><F106/><W9/><G9/><T70/><D33/><U131/><REACH who="1" step="1"/><E86/><AGARI ba="1,1" hai="1,4,10,56,57,58,64,66,78,83,86,88,89,91" machi="86" ten="40,3900,0" yaku="1,1,54,1,53,0" doraHai="134" doraHaiUra="12" who="3" fromWho="1" sc="306,0,116,-42,268,0,300,52" />
</Scene>
<Scene>
<INIT seed="3,2,0,1,1,8" ten="306,74,268,352" oya="3" hai0="0,3,129,99,17,98,1,30,64,134,34,52,6" hai1="77,10,62,53,131,96,89,124,66,84,57,20,22" hai2="27,38,128,116,107,120,69,36,95,92,49,26,29" hai3="32,25,44,74,108,111,135,78,39,114,87,71,117"/><W75/><G114/><T119/><D119/><U7/><E131/><V72/><F116/><W54/><G117/><T101/><D129/><U55/><E124/><V19/><F107/><W113/><G113/><T16/><D134/><U13/><E77/><V2/><F72/><W4/><G71/><T35/><D64/><U61/><E96/><V51/><F69/><W60/><G135/><T83/><D83/><U110/><E110/><N who="3" m="42026" /><G4/><T103/><D6/><U70/><REACH who="1" step="1"/><E55/><REACH who="1" ten="306,64,268,352" step="2"/><V115/><F128/><W43/><G78/><T68/><D52/><U122/><E122/><V73/><F120/><W79/><G79/><T125/><D98/><U109/><E109/><V121/><F121/><W127/><G127/><T18/><D99/><U90/><E90/><V88/><F115/><W112/><G112/><T42/><D125/><U31/><E31/><V65/><F29/><N who="3" m="19503" /><G87/><T100/><D30/><U133/><E133/><V45/><F73/><W80/><G54/><T47/><REACH who="0" step="1"/><D68/><REACH who="0" ten="296,64,268,352" step="2"/><U105/><E105/><V50/><F65/><W46/><G75/><T130/><D130/><U82/><AGARI ba="2,2" hai="7,10,13,20,22,53,57,61,62,66,70,82,84,89" machi="82" ten="20,5200,0" yaku="1,1,0,1,7,1,52,1,53,0" doraHai="8" doraHaiUra="24" who="1" fromWho="1" sc="296,-15,64,78,268,-15,352,-28" />
</Scene>
<Scene>
<INIT seed="4,0,0,4,5,82" ten="281,142,253,324" oya="0" hai0="118,76,60,117,116,27,122,36,130,24,126,109,75" hai1="85,70,47,108,8,77,31,20,121,51,29,41,81" hai2="22,0,127,90,56,53,79,2,78,86,91,25,134" hai3="15,52,113,135,96,61,123,49,131,7,45,21,65"/><T120/><D126/><U34/><E121/><V84/><F127/><W11/><G123/><T42/><D130/><U30/><E108/><V48/><F134/><W40/><G135/><T38/><D60/><U68/><E34/><V46/><F2/><W87/><G131/><T26/><D109/><U63/><E63/><N who="2" m="36239" /><F0/><W111/><G111/><T72/><D76/><N who="2" m="29226" /><F91/><W69/><G113/><T19/><D19/><U39/><E39/><N who="0" m="14889" /><D42/><U71/><REACH who="1" step="1"/><E8/><REACH who="1" ten="281,132,253,324" step="2"/><V37/><F37/><W124/><G124/><T80/><D120/><U73/><E73/><V16/><F90/><W14/><G11/><T112/><D122/><U99/><E99/><V95/><F95/><W32/><G96/><T33/><D75/><U10/><E10/><V100/><F100/><W18/><G32/><T115/><D72/><U12/><E12/><V9/><F9/><W132/><G14/><T103/><D33/><U129/><E129/><V54/><AGARI ba="0,1" hai="16,22,25,46,48,54,84,86" m="29226,36239" machi="54" ten="30,7900,0" yaku="8,1,52,2,54,1" doraHai="82" who="2" fromWho="2" sc="281,-39,132,-20,253,89,324,-20" />
</Scene>
<Scene>
<INIT seed="5,0,0,1,4,47" ten="242,112,342,304" oya="1" hai0="64,13,59,102,0,94,22,19,74,132,11,9,43" hai1="21,10,128,117,36,112,89,62,97,34,58,31,57" hai2="96,23,104,75,6,116,69,121,81,25,1,82,83" hai3="87,118,106,76,71,52,130,95,2,65,49,80,110"/><U5/><E117/><V84/><F116/><W100/><G118/><T127/><D74/><U135/><E36/><V67/><F75/><W46/><G110/><T41/><D127/><U122/><E122/><V91/><F121/><W125/><G125/><T73/><D73/><U50/><E34/><V108/><F108/><W90/><G2/><T51/><D132/><U111/><E111/><V27/><F6/><W78/><G130/><T44/><D43/><U114/><E128/><V79/><F79/><W48/><G106/><T40/><D40/><U86/><E97/><V88/><F1/><W30/><G30/><T63/><REACH who="0" step="1"/><D0/><REACH who="0" ten="232,112,342,304" step="2"/><U60/><E135/><V42/><F42/><N who="3" m="24663" /><G71/><T66/><D66/><U124/><E124/><V93/><F69/><W35/><G65/><T39/><D39/><U18/><E114/><V103/><F67/><W32/><G35/><T92/><D92/><U8/><E112/><V55/><F55/><W24/><G32/><T29/><D29/><U4/><E31/><V119/><F119/><W61/><G95/><T53/><D53/><N who="1" m="31927" /><E5/><V115/><F115/><W123/><G52/><T72/><D72/><U54/><E4/><V107/><F107/><W120/><G123/><T68/><D68/><U98/><E98/><AGARI ba="0,1" hai="9,11,13,19,22,41,44,51,59,63,64,94,98,102" machi="98" ten="40,5200,0" yaku="1,1,8,1,52,1,53,0" doraHai="47" doraHaiUra="70" who="0" fromWho="1" sc="232,62,112,-52,342,0,304,0" />
</Scene>
<Scene>
<INIT seed="6,0,0,3,4,24" ten="294,60,342,304" oya="2" hai0="94,63,6,101,28,82,70,67,4,54,131,56,46" hai1="23,104,12,53,79,97,38,42,106,80,51,50,135" hai2="110,74,133,1,7,33,120,59,90,126,125,48,112" hai3="14,25,76,117,21,32,2,31,78,66,45,44,111"/><V91/><F74/><W11/><G111/><T35/><D131/><U3/><E3/><V127/><F110/><W73/><G117/><T93/><D70/><U86/><E38/><V95/><F120/><W114/><G114/><T36/><D82/><U8/><E106/><V60/><F112/><W123/><G123/><T43/><D67/><U87/><E135/><V118/><F118/><W62/><G32/><T109/><D109/><U40/><E104/><V41/><F33/><W121/><G2/><T37/><D37/><U57/><E97/><V58/><F133/><W64/><G121/><T85/><D85/><U10/><E51/><V29/><F29/><W134/><G134/><T116/><D116/><U105/><E105/><V107/><F107/><W108/><G108/><T0/><D0/><U113/><E113/><V89/><F95/><W5/><G64/><T129/><D129/><U9/><REACH who="1" step="1"/><E86/><REACH who="1" ten="294,50,342,304" step="2"/><V99/><F99/><W68/><REACH who="3" step="1"/><G73/><REACH who="3" ten="294,50,342,294" step="2"/><T83/><D36/><U102/><E102/><V88/><F1/><W124/><G124/><T130/><D101/><U22/><E22/><V16/><F127/><W119/><G119/><T115/><D35/><U26/><E26/><V71/><F126/><W65/><G65/><T98/><D115/><U17/><AGARI ba="0,2" hai="8,9,10,12,17,23,40,42,50,53,57,79,80,87" machi="17" ten="30,4000,0" yaku="1,1,0,1,8,1,53,0" doraHai="24" doraHaiUra="27" who="1" fromWho="1" sc="294,-10,50,60,342,-20,294,-10" />
</Scene>
<Scene>
<INIT seed="7,0,0,0,2,117" ten="284,110,322,284" oya="3" hai0="47,80,42,108,45,3,77,100,74,78,120,133,61" hai1="99,65,36,4,102,17,53,75,43,33,115,64,134" hai2="18,34,32,121,107,124,30,35,49,58,25,57,118" hai3="21,11,84,85,27,8,72,130,28,6,39,94,67"/><W109/><G72/><T0/><D120/><U55/><E33/><V86/><F107/><W96/><G39/><T105/><D108/><U90/><E75/><V98/><F118/><W97/><G109/><T92/><D105/><U106/><E4/><V69/><F69/><W119/><G119/><T116/><D116/><U44/><E134/><V68/><F68/><W12/><G130/><T128/><D128/><U19/><E115/><V93/><F121/><W95/><G67/><T114/><D133/><U123/><E123/><V83/><F18/><W31/><G31/><T63/><D114/><U26/><E64/><V129/><F124/><W87/><G11/><T16/><D78/><U38/><E38/><V14/><F14/><W29/><G29/><T88/><D100/><U1/><E1/><V66/><F66/><W41/><G41/><T91/><D16/><U24/><E65/><V112/><F112/><W51/><G51/><T20/><D20/><U125/><E125/><V113/><F113/><W13/><G13/><T71/><D71/><U48/><E90/><N who="0" m="34345" /><D92/><AGARI ba="0,0" hai="6,8,12,21,27,28,84,85,87,92,94,95,96,97" machi="92" ten="40,2000,0" yaku="8,1" doraHai="117" who="3" fromWho="0" sc="284,-20,110,0,322,0,284,20" />
</Scene>
<Scene>
<INIT seed="7,1,0,4,2,28" ten="264,110,322,304" oya="3" hai0="14,50,93,16,110,41,106,72,116,5,69,113,130" hai1="26,2,75,53,65,85,129,44,121,133,97,36,19" hai2="25,40,62,76,48,60,131,104,118,77,6,123,33" hai3="119,92,122,46,3,52,31,49,27,23,59,84,78"/><W61/><G122/><T17/><D110/><U29/><E85/><V126/><F118/><W32/><G119/><T105/><D116/><U127/><E19/><V109/><F109/><W114/><G3/><T70/><D72/><U81/><E53/><V39/><F39/><W83/><G114/><T43/><D5/><U18/><E18/><V112/><F104/><W82/><G32/><T117/><D113/><U37/><E37/><V13/><F112/><W115/><G115/><T21/><D117/><U64/><E121/><V128/><F123/><W20/><G20/><T38/><D130/><N who="2" m="49706" /><F126/><W101/><G82/><T57/><D57/><U10/><E127/><V74/><F33/><W80/><G80/><T102/><D102/><U55/><E55/><V89/><F25/><W87/><G101/><T54/><D93/><U56/><E56/><V99/><F99/><W90/><G46/><T73/><D73/><U125/><E125/><V0/><F89/><W71/><G71/><T91/><D91/><U12/><E12/><V134/><F134/><W30/><G30/><T86/><D86/><U4/><E97/><V100/><F100/><W132/><G132/><T34/><D21/><U7/><E7/><V95/><F0/><W96/><G96/><T15/><D38/><U108/><E108/><V63/><F95/><W51/><AGARI ba="1,0" hai="23,27,31,49,51,52,59,61,78,83,84,87,90,92" machi="51" ten="30,6000,0" yaku="0,1,8,1,54,1" doraHai="28" who="3" fromWho="3" sc="264,-21,110,-21,322,-21,304,63" owari="243,-16.0,89,-41.0,301,10.0,367,47.0" />
</Scene>
</mjloggm>