<mjloggm ver="2.3"><GO type="169" lobby="0"/><UN n0="%41%6B%6B%69%79" n1="%E5%A4%AA%E3%81%8F%E3%81%AA%E3%81%84%E3%81%8A" n2="%E3%83%86%E3%83%AC%E3%83%93%E3%81%A3%E5%AD%90" n3="%43%52%41%5A%59%42%45%45" dan="16,18,17,16" rate="2105.46,2227.22,2142.65,2121.62" sx="M,M,M,M"/><TAIKYOKU oya="0"/>

<Scene>
<INIT seed="0,0,0,1,0,78" ten="250,250,250,250" oya="0" hai0="30,10,124,118,104,92,49,54,65,46,93,12,53" hai1="115,64,52,51,47,34,2,75,29,83,15,58,43" hai2="45,120,87,113,35,125,73,132,110,48,126,9,7" hai3="61,133,97,100,134,67,130,40,80,21,3,37,59"/><T44/><D104/><U0/><E115/><V66/><F73/><W91/><G3/><T101/><D124/><U22/><E34/><V5/><F35/><W17/><G130/><T57/><D30/><U123/><E64/><V102/><F120/><W84/><G37/><T117/><D101/><U25/><E123/><V68/><F102/><W39/><G39/><T95/><D65/><U6/><E15/><N who="2" m="5551" /><F7/><W107/><REACH who="3" step="1"/><G40/><REACH who="3" ten="250,250,250,240" step="2"/><T16/><REACH who="0" step="1"/><D46/><REACH who="0" ten="240,250,250,240" step="2"/><U103/><E47/><V69/><F45/><W121/><G121/><T20/><D20/><U76/><E22/><V94/><F126/><W90/><G90/><T55/><D55/><U11/><E52/><V41/><F125/><W135/><G135/><T27/><D27/><AGARI ba="0,2" hai="17,21,27,59,61,67,80,84,91,97,100,107,133,134" machi="27" ten="40,2600,0" yaku="1,1,52,1,53,0" doraHai="78" doraHaiUra="72" who="3" fromWho="0" sc="240,-26,250,0,250,0,240,46" />
</Scene>
<Scene>
<INIT seed="1,0,0,3,5,84" ten="214,250,250,286" oya="1" hai0="77,46,18,75,10,32,121,119,123,62,52,50,47" hai1="29,85,127,51,76,12,133,19,30,87,25,48,0" hai2="6,83,112,92,54,70,99,68,110,43,66,118,8" hai3="90,78,94,108,65,36,20,16,128,55,131,37,72"/><U89/><E0/><V58/><F118/><W130/><G108/><T4/><D32/><U103/><E127/><V106/><F106/><W86/><G65/><T5/><D119/><U14/><E133/><V101/><F112/><W122/><G122/><N who="0" m="46603" /><D62/><U3/><E3/><V104/><F110/><W39/><G55/><T38/><D77/><U67/><E103/><V1/><F43/><W96/><G72/><T28/><D28/><U40/><E67/><V34/><F34/><W135/><G135/><T56/><D75/><U41/><E76/><V26/><F26/><N who="3" m="14599" /><G78/><T33/><D33/><U109/><E109/><V42/><F42/><W31/><G31/><T74/><D74/><U120/><E120/><V80/><F66/><W82/><G96/><T114/><D114/><U98/><E98/><V9/><F104/><W60/><G60/><T44/><D38/><U13/><E19/><V45/><F68/><W2/><G2/><T22/><D10/><U23/><E30/><V7/><F70/><W69/><G69/><T21/><D21/><U63/><E63/><V35/><F35/><W49/><G49/><N who="1" m="19018" /><E87/><V61/><F45/><W81/><AGARI ba="0,0" hai="36,37,39,81,82,86,90,94,128,130,131" m="14599" machi="81" ten="40,5200,0" yaku="19,1,52,1,54,1" doraHai="84" who="3" fromWho="3" sc="214,-13,250,-26,250,-13,286,52" />
</Scene>
<Scene>
<INIT seed="2,0,0,5,4,73" ten="201,224,237,338" oya="2" hai0="42,51,91,41,105,110,123,47,56,107,129,108,119" hai1="40,106,25,71,101,125,55,13,4,11,54,97,111" hai2="60,92,52,86,14,34,50,124,128,33,38,16,15" hai3="58,31,98,22,109,134,48,10,99,76,81,122,90"/><V20/><F38/><W35/><G122/><T87/><D123/><U120/><E120/><V24/><F128/><W44/><G35/><T45/><D129/><U104/><E71/><V112/><F112/><W133/><G109/><N who="0" m="42091" /><D56/><U85/><E111/><V70/><F124/><W32/><G32/><T29/><D29/><U75/><E75/><V77/><F33/><W39/><G39/><N who="0" m="21695" /><D119/><U12/><E125/><V95/><F60/><W27/><G58/><T3/><D3/><U68/><E68/><V114/><F70/><W100/><G10/><T72/><D72/><U80/><E104/><V94/><F34/><W8/><G8/><T2/><D2/><U130/><E130/><V5/><F114/><W9/><G9/><T21/><D21/><U78/><E13/><V65/><F65/><W53/><G90/><T132/><D132/><N who="3" m="50793" /><G100/><T69/><D69/><U88/><E25/><V57/><REACH who="2" step="1"/><F5/><REACH who="2" ten="201,224,227,338" step="2"/><W0/><G0/><T83/><AGARI ba="0,1" hai="42,47,51,83,87,91,105,107" m="21695,42091" machi="83" ten="30,1100,0" yaku="14,1" doraHai="73" who="0" fromWho="0" sc="201,21,224,-3,227,-5,338,-3" />
</Scene>
<Scene>
<INIT seed="3,0,0,4,0,91" ten="222,221,222,335" oya="3" hai0="9,27,54,76,64,40,110,25,38,117,16,93,60" hai1="36,108,17,65,23,3,85,118,119,89,70,105,45" hai2="114,5,83,28,63,68,86,12,77,123,133,106,20" hai3="51,41,125,78,102,116,13,100,7,73,58,4,82"/><W112/><G112/><T124/><D117/><N who="1" m="44555" /><E108/><V50/><F106/><W121/><G121/><T126/><D110/><U15/><E105/><V95/><F123/><W18/><G116/><T42/><D76/><U122/><E122/><V135/><F114/><W32/><G32/><T97/><D54/><U103/><E103/><V46/><F68/><W33/><G33/><T22/><D27/><U69/><E3/><V128/><F63/><W75/><G75/><T81/><D81/><N who="1" m="49327" /><E65/><V62/><F62/><W134/><G102/><T14/><D38/><U43/><AGARI ba="0,0" hai="15,17,23,36,43,45,69,70" m="49327,44555" machi="43" ten="30,1100,0" yaku="12,1" doraHai="91" who="1" fromWho="1" sc="222,-3,221,11,222,-3,335,-5" />
</Scene>
<Scene>
<INIT seed="4,0,0,5,5,132" ten="219,232,219,330" oya="0" hai0="10,105,78,59,126,86,16,21,98,109,36,6,92" hai1="43,84,18,44,15,42,39,94,14,81,37,76,17" hai2="115,79,110,56,83,74,8,111,11,77,20,23,131" hai3="124,69,134,30,70,26,32,40,75,117,99,54,73"/><T41/><D105/><U106/><E106/><V128/><F56/><W122/><G117/><T104/><D104/><U66/><E66/><V64/><F64/><W72/><G134/><T102/><D109/><U103/><E103/><V2/><F115/><W9/><G122/><T25/><D41/><U38/><E94/><V1/><F83/><W13/><G40/><T97/><D36/><U116/><E116/><V55/><F55/><W51/><G99/><T46/><D46/><U28/><E28/><V24/><F74/><W108/><G108/><T133/><D98/><U0/><E0/><V82/><F82/><W3/><G3/><T57/><D133/><U113/><E113/><V29/><F24/><W33/><G33/><T12/><D126/><U49/><E43/><V65/><F65/><W50/><G124/><T123/><REACH who="0" step="1"/><D123/><REACH who="0" ten="209,232,219,330" step="2"/><U85/><E38/><V90/><F111/><W129/><G129/><T121/><D121/><U34/><E39/><V27/><F110/><W63/><G70/><T89/><D89/><U112/><E112/><V93/><F90/><W135/><G135/><T4/><D4/><U47/><E47/><V118/><F131/><W61/><G69/><T22/><D22/><N who="1" m="11575" /><E37/><V31/><F128/><W35/><G35/><T96/><D96/><U100/><E34/><V107/><F107/><W71/><G71/><T68/><D68/><U52/><E42/><V119/><F118/><W53/><G32/><T7/><D7/><U60/><E100/><V48/><F119/><W62/><G9/><T114/><D114/><U130/><E130/><V80/><F8/><RYUUKYOKU ba="0,1" sc="209,30,232,-10,219,-10,330,-10" hai0="6,10,12,16,21,25,57,59,78,86,92,97,102" />
</Scene>
<Scene>
<INIT seed="4,1,1,2,5,78" ten="239,222,209,320" oya="0" hai0="5,116,37,43,109,23,114,44,11,10,3,111,70" hai1="129,122,84,2,103,74,88,18,15,30,68,67,49" hai2="71,123,0,90,21,62,81,113,104,19,16,89,79" hai3="87,65,28,47,36,51,82,110,112,94,33,126,27"/><T119/><D11/><U101/><E122/><V35/><F35/><W45/><G110/><N who="0" m="41995" /><D23/><U93/><E2/><V73/><F104/><W132/><G112/><T107/><D107/><U105/><E74/><V91/><F123/><W106/><G106/><T41/><D41/><U75/><E75/><V40/><F113/><W55/><G126/><T50/><D50/><U61/><E129/><V46/><F0/><W59/><G132/><T29/><D29/><U95/><E105/><V14/><F19/><W121/><G121/><T38/><D114/><U48/><E30/><V108/><F108/><W99/><G36/><N who="0" m="21607" /><D70/><U7/><E7/><V83/><F62/><W72/><G72/><T20/><D20/><U96/><REACH who="1" step="1"/><E103/><REACH who="1" ten="239,212,209,320" step="2"/><V130/><F130/><W39/><G28/><T12/><D3/><U1/><E1/><V64/><F71/><W57/><G33/><T56/><D56/><U117/><E117/><AGARI ba="1,2" hai="5,10,12,37,38,116,117,119" m="21607,41995" machi="117" ten="30,1500,0" yaku="10,1" doraHai="78" who="0" fromWho="1" sc="239,38,212,-18,209,0,320,0" />
</Scene>
<Scene>
<INIT seed="4,2,0,0,0,71" ten="277,194,209,320" oya="0" hai0="48,19,57,39,114,123,67,36,61,113,2,108,121" hai1="98,5,93,126,26,3,116,16,133,7,25,21,102" hai2="117,89,104,58,31,69,64,75,129,13,52,119,1" hai3="63,111,27,22,8,134,94,131,77,86,0,53,43"/><T9/><D2/><U82/><E116/><N who="2" m="44619" /><F1/><W72/><G111/><T99/><D99/><U130/><E126/><V81/><F104/><W135/><G72/><T41/><D19/><U66/><E133/><V54/><F129/><W95/><G43/><T55/><D41/><U115/><E130/><V38/><F31/><W34/><G34/><T59/><D9/><U18/><E115/><N who="0" m="44041" /><D108/><U118/><E118/><V132/><F132/><N who="3" m="50731" /><G131/><T14/><D14/><U32/><E66/><V28/><F28/><W90/><G8/><T60/><D60/><U106/><E3/><V65/><F69/><W109/><G0/><T122/><AGARI ba="2,0" hai="36,39,48,55,57,59,61,67,121,122,123" m="44041" machi="122" ten="40,12000,1" yaku="15,1,34,2,52,2" doraHai="71" who="0" fromWho="0" sc="277,126,194,-42,209,-42,320,-42" />
</Scene>
<Scene>
<INIT seed="4,3,0,4,3,125" ten="403,152,167,278" oya="0" hai0="56,67,65,55,28,6,127,119,53,122,43,108,89" hai1="54,11,51,64,40,112,132,12,83,38,68,117,39" hai2="90,47,105,135,5,50,13,133,96,70,63,130,26" hai3="98,16,120,93,99,7,59,17,0,49,111,62,84"/><T33/><D119/><U35/><E117/><V10/><F26/><W114/><G111/><T41/><D6/><U101/><E35/><V37/><F37/><W18/><G114/><T23/><D33/><U66/><E132/><N who="2" m="50763" /><F130/><W75/><G75/><T60/><D127/><U48/><E112/><V80/><F105/><W44/><G120/><T24/><D122/><U95/><E40/><V85/><F96/><W4/><G0/><T20/><D108/><U86/><E39/><V22/><F22/><W118/><G118/><T88/><D56/><U52/><E38/><V82/><F63/><W113/><G84/><T9/><D9/><U115/><E115/><V34/><F34/><W79/><G79/><T27/><D60/><U100/><E68/><V74/><F70/><W116/><G113/><T92/><D92/><U94/><E11/><V46/><F50/><W123/><G123/><T25/><D25/><U72/><E86/><V8/><F8/><W134/><G134/><T121/><D121/><U91/><E72/><V126/><F126/><W32/><G32/><T71/><D71/><U29/><E29/><AGARI ba="3,0" hai="20,23,24,27,28,29,41,43,53,55,65,67,88,89" machi="29" ten="25,9600,0" yaku="22,2,8,1,54,1" doraHai="125" who="0" fromWho="1" sc="403,105,152,-105,167,0,278,0" />
</Scene>
<Scene>
<INIT seed="4,4,0,3,0,11" ten="508,47,167,278" oya="0" hai0="128,83,47,120,14,31,76,114,100,123,86,97,38" hai1="90,107,129,87,53,37,59,30,69,50,85,70,5" hai2="106,81,2,88,62,6,133,13,46,1,21,18,116" hai3="117,36,39,68,103,57,94,54,109,42,56,113,0"/><T118/><D31/><U73/><E73/><V72/><F106/><W89/><G0/><T132/><D118/><U8/><E37/><V63/><F116/><W79/><G68/><T75/><D114/><U58/><E107/><V16/><F133/><W134/><G109/><T71/><D71/><U121/><E121/><V40/><F72/><W125/><G103/><T27/><D27/><U122/><E122/><V3/><F6/><W105/><G105/><T10/><D132/><U84/><E129/><V20/><F81/><W48/><G113/><T92/><D128/><U4/><E30/><V131/><F131/><W22/><G79/><T52/><D75/><U111/><E111/><V25/><REACH who="2" step="1"/><F88/><REACH who="2" ten="508,47,157,278" step="2"/><W49/><G134/><T15/><D120/><U33/><E90/><V91/><F91/><W44/><G117/><T7/><D123/><U98/><E98/><V74/><F74/><W102/><G89/><T41/><D83/><U124/><E4/><V17/><F17/><W24/><G102/><T126/><D76/><U127/><E85/><V77/><F77/><W110/><G110/><T93/><D86/><U9/><E5/><V135/><F135/><W29/><G94/><T12/><D93/><U64/><E87/><V78/><F78/><W45/><G125/><T104/><D126/><U55/><E84/><V51/><AGARI ba="4,1" hai="1,2,3,13,16,18,20,21,25,40,46,51,62,63" machi="51" ten="30,7900,0" yaku="1,1,0,1,52,1,54,1,53,0" doraHai="11" doraHaiUra="65" who="2" fromWho="2" sc="508,-43,47,-24,157,101,278,-24" />
</Scene>
<Scene>
<INIT seed="5,0,0,4,0,105" ten="465,23,258,254" oya="1" hai0="53,120,104,118,3,81,28,13,71,80,26,98,52" hai1="84,126,18,41,65,29,90,6,132,119,40,15,42" hai2="14,129,121,37,93,59,58,27,116,107,97,24,112" hai3="5,48,83,94,75,8,62,16,34,19,21,124,114"/><U102/><E119/><V57/><F37/><W108/><G108/><T101/><D3/><U128/><E126/><V12/><F107/><W67/><G34/><T60/><D118/><U46/><E132/><V56/><F121/><W115/><G124/><T72/><D13/><U35/><E128/><V50/><F116/><W125/><G125/><T55/><D120/><U123/><E123/><V74/><F74/><W96/><G48/><T79/><D81/><U100/><E6/><V109/><F109/><W11/><G19/><T54/><D54/><U95/><E65/><V135/><F112/><N who="3" m="43051" /><G5/><T25/><REACH who="0" step="1"/><D28/><REACH who="0" ten="455,23,258,254" step="2"/><U43/><E29/><V134/><F134/><W127/><G127/><T44/><D44/><U22/><REACH who="1" step="1"/><E35/><REACH who="1" ten="455,13,258,254" step="2"/><V32/><F32/><W64/><G64/><AGARI ba="0,2" hai="25,26,52,53,55,60,64,71,72,79,80,98,101,104" machi="64" ten="40,8000,1" yaku="1,1,52,1,54,1,53,1" doraHai="105" doraHaiUra="76" who="0" fromWho="3" sc="455,100,13,0,258,0,254,-80" />
</Scene>
<Scene>
<INIT seed="6,0,0,2,3,37" ten="555,13,258,174" oya="2" hai0="78,4,7,114,111,58,42,51,96,82,87,35,66" hai1="98,79,44,132,5,53,122,106,64,128,123,95,99" hai2="43,125,127,83,90,25,12,92,52,0,22,19,93" hai3="85,13,107,134,69,11,27,67,59,124,54,135,115"/><V30/><F0/><W71/><G107/><T61/><D35/><U29/><E64/><V65/><F65/><W119/><G119/><T121/><D111/><U100/><E29/><V91/><F43/><W116/><G116/><T23/><D114/><U28/><E28/><V74/><F74/><W38/><G38/><T48/><D48/><U68/><E68/><V73/><F73/><W110/><G110/><T1/><D1/><U41/><E132/><N who="3" m="50730" /><G124/><T39/><D39/><U15/><E128/><V72/><F72/><W56/><G115/><T26/><D96/><U70/><E70/><V40/><F40/><W6/><G27/><T88/><D78/><U109/><E109/><V57/><F83/><W120/><G120/><T20/><D121/><U104/><E79/><V133/><F133/><W9/><G85/><T62/><D23/><U86/><E53/><V112/><F112/><W17/><G67/><T130/><D62/><U32/><E32/><V10/><F93/><W80/><G80/><T55/><D42/><U16/><E5/><V60/><F91/><W76/><G76/><T45/><D130/><U126/><E126/><V113/><F113/><W24/><G59/><T77/><D77/><U131/><E131/><V81/><F81/><W21/><G11/><T36/><D36/><U117/><E117/><V63/><F63/><AGARI ba="0,0" hai="6,9,13,17,21,24,54,56,63,69,71" m="50730" machi="63" ten="30,1000,0" yaku="20,1" doraHai="37" who="3" fromWho="2" sc="555,0,13,0,258,-10,174,10" />
</Scene>
<Scene>
<INIT seed="7,0,0,5,1,42" ten="555,13,248,184" oya="3" hai0="85,25,130,113,34,90,13,118,117,15,76,114,83" hai1="4,71,126,56,135,48,23,88,55,93,57,41,124" hai2="27,102,105,3,63,53,19,132,110,7,94,54,8" hai3="32,51,29,31,78,58,70,129,60,68,52,95,67"/><W92/><G70/><T91/><D130/><U44/><E71/><V77/><F110/><W98/><G129/><T89/><D25/><U43/><E135/><V11/><F132/><W65/><G67/><T108/><D34/><U123/><E123/><V1/><F105/><W101/><G32/><T69/><D69/><U9/><E126/><V120/><F77/><W10/><G78/><T12/><D108/><U38/><E124/><V81/><F120/><W131/><G131/><T80/><D80/><U24/><E43/><V128/><F81/><W122/><G122/><T96/><D96/><U72/><E72/><V134/><F134/><W111/><G111/><T5/><D5/><U20/><E24/><V2/><F128/><W16/><G95/><T50/><D50/><U45/><E23/><V36/><F36/><W39/><G39/><T82/><D82/><U64/><E20/><V74/><F74/><W35/><G35/><T103/><D103/><U30/><E30/><V109/><F109/><W47/><G68/><T99/><D99/><U6/><E64/><V97/><F53/><W79/><G79/><T100/><D100/><U59/><REACH who="1" step="1"/><E9/><REACH who="1" ten="555,3,248,184" step="2"/><V107/><F11/><W49/><G49/><T18/><D18/><U115/><E115/><AGARI ba="0,1" hai="12,13,15,76,83,85,89,90,91,113,114,115,117,118" machi="115" ten="50,3200,0" yaku="15,1,11,1" doraHai="42" who="0" fromWho="1" sc="555,42,3,-32,248,0,184,0" owari="597,70.0,-29,-53.0,248,5.0,184,-22.0" />
</Scene>
</mjloggm>