<mjloggm ver="2.3"><GO type="169" lobby="0"/><UN n0="%E3%83%8D%E3%83%BC%E3%83%A0%E3%83%AC%E3%82%B9%EF%BC%97" n1="%E3%81%A9%E3%81%B0%E3%81%A8%E3%81%A1%E3%82%83%E3%82%93" n2="%E5%A4%AA%E3%81%8F%E3%81%AA%E3%81%84%E3%81%8A" n3="%6B%6C%62%73%74%38%38" dan="16,16,17,17" rate="2103.44,2114.21,2144.66,2141.78" sx="M,F,M,M"/><TAIKYOKU oya="0"/>

<Scene>
<INIT seed="0,0,0,5,5,81" ten="250,250,250,250" oya="0" hai0="75,24,63,51,96,2,36,98,95,79,82,117,59" hai1="115,123,0,33,60,52,108,1,17,89,106,130,104" hai2="25,4,65,44,58,21,120,107,128,135,69,16,57" hai3="13,90,10,93,105,45,126,91,125,37,22,62,103"/><T88/><D117/><U110/><E123/><V112/><F120/><W72/><G72/><T41/><D2/><U83/><E33/><V74/><F112/><W77/><G77/><T23/><D36/><U97/><E115/><V9/><F74/><W35/><G35/><T40/><D98/><U34/><E34/><V80/><F107/><N who="1" m="41001" /><E17/><V53/><F135/><W71/><G22/><T31/><REACH who="0" step="1"/><D51/><REACH who="0" ten="240,250,250,250" step="2"/><U61/><E97/><V101/><F128/><W38/><G37/><T113/><D113/><U131/><E0/><V19/><F101/><W30/><G38/><T68/><D68/><U129/><E1/><V12/><F69/><W7/><G103/><T50/><D50/><U102/><E102/><V39/><F39/><W116/><G116/><T127/><D127/><U26/><E131/><V15/><F15/><W134/><G13/><T56/><D56/><U3/><E3/><V78/><F57/><W27/><G71/><T29/><D29/><U85/><E130/><V6/><F44/><W67/><G45/><T87/><D87/><U92/><E129/><V49/><F58/><W55/><G30/><T99/><D99/><U118/><E118/><V43/><F49/><W100/><G100/><T94/><D94/><U28/><E92/><V121/><F12/><W122/><G125/><T20/><D20/><N who="1" m="15431" /><E61/><V64/><F21/><W46/><G93/><T42/><D42/><U84/><E85/><V114/><F43/><W8/><G126/><T66/><AGARI ba="0,1" hai="23,24,31,40,41,59,63,66,75,79,82,88,95,96" machi="66" ten="20,7800,0" yaku="1,1,0,1,7,1,54,1,53,0" doraHai="81" doraHaiUra="119" who="0" fromWho="0" sc="240,88,250,-26,250,-26,250,-26" />
</Scene>
<Scene>
<INIT seed="0,1,0,1,1,47" ten="328,224,224,224" oya="0" hai0="75,88,101,91,53,121,35,71,105,119,19,129,109" hai1="4,3,89,110,48,102,39,31,65,118,124,117,78" hai2="23,68,0,61,114,94,116,77,126,45,86,79,40" hai3="81,70,22,103,56,66,29,83,72,69,50,18,46"/><T11/><D119/><U44/><E39/><V64/><F114/><W107/><G29/><T93/><D121/><U112/><E112/><V55/><F0/><W28/><G28/><T12/><D71/><U128/><E102/><V63/><F116/><W13/><G56/><T131/><D35/><U6/><E78/><V7/><F7/><W36/><G36/><T134/><D75/><U97/><E65/><V87/><F126/><W132/><G132/><T38/><D38/><U92/><E124/><V62/><F23/><W16/><G70/><T90/><D134/><U51/><E44/><V54/><F68/><W73/><G73/><T98/><D109/><U74/><E74/><V1/><F1/><W58/><G69/><T34/><D34/><U49/><E3/><V21/><F64/><W95/><G107/><T27/><D27/><U127/><E31/><V125/><F125/><W24/><G58/><T26/><D26/><U104/><E104/><V96/><F21/><N who="3" m="13367" /><G66/><T30/><D30/><U15/><E127/><V85/><F40/><N who="3" m="24903" /><G72/><T37/><D37/><U122/><E122/><V106/><F106/><W67/><G67/><T100/><REACH who="0" step="1"/><D53/><REACH who="0" ten="318,224,224,224" step="2"/><N who="2" m="19978" /><F45/><W20/><G20/><T115/><D115/><U8/><E110/><V76/><F63/><W60/><G60/><T52/><D52/><U111/><E111/><V84/><N who="2" m="21504" /><DORA hai="5" /><V80/><F80/><W133/><G133/><T120/><D120/><U32/><E32/><V43/><F43/><W130/><G83/><T108/><D108/><U123/><E123/><V17/><F62/><W33/><G81/><T14/><D14/><RYUUKYOKU ba="1,1" sc="318,30,224,-10,224,-10,224,-10" hai0="11,12,19,88,90,91,93,98,100,101,105,129,131" />
</Scene>
<Scene>
<INIT seed="0,2,1,4,5,67" ten="348,214,214,214" oya="0" hai0="2,96,127,71,117,133,43,49,123,92,97,112,129" hai1="103,60,34,0,61,94,17,84,74,135,64,66,36" hai2="119,77,3,85,93,105,13,39,53,50,23,82,125" hai3="52,104,30,16,122,46,115,91,102,20,109,7,68"/><T29/><D112/><U48/><E36/><V51/><F39/><W111/><G115/><T24/><D117/><U78/><E34/><V25/><F3/><W35/><G7/><T65/><D123/><U110/><E0/><V107/><F119/><W132/><G30/><T14/><D2/><U73/><E73/><V27/><F125/><W6/><G6/><T131/><D127/><U80/><E110/><V12/><F107/><W56/><G35/><T19/><D133/><U100/><E74/><V37/><F105/><W59/><G132/><T106/><D106/><U76/><E76/><V130/><F37/><W118/><G118/><T9/><D49/><U31/><E31/><V75/><F130/><N who="0" m="49674" /><D43/><U134/><E48/><V69/><F50/><N who="3" m="28759" /><G122/><T28/><D24/><U1/><E1/><V41/><F25/><N who="3" m="14471" /><G68/><T114/><D114/><U81/><E135/><V121/><F69/><W58/><G58/><T86/><D29/><U8/><E134/><V95/><F41/><W4/><G4/><T120/><D120/><U44/><E44/><V89/><F121/><W55/><G55/><T38/><D28/><U45/><E45/><V62/><F53/><W40/><G40/><T126/><D126/><U18/><E66/><V54/><F54/><W10/><G10/><T98/><D38/><U57/><E8/><V83/><F51/><W42/><G42/><T124/><D124/><U11/><E11/><V108/><F108/><N who="3" m="41547" /><G91/><N who="0" m="53367" /><D65/><U21/><E64/><V99/><F23/><W101/><G104/><T63/><D71/><U128/><E128/><V33/><F33/><W88/><G88/><RYUUKYOKU ba="2,1" sc="348,15,214,-15,214,-15,214,15" hai0="9,14,19,63,96,97,98" hai3="56,59,101,102" />
</Scene>
<Scene>
<INIT seed="0,3,1,5,5,91" ten="363,199,199,229" oya="0" hai0="85,117,124,94,134,89,128,22,23,29,68,66,34" hai1="105,19,92,121,86,11,46,67,4,104,110,56,0" hai2="24,42,96,64,14,80,129,106,6,16,57,114,7" hai3="115,72,10,87,60,71,26,31,93,97,132,127,59"/><T39/><D117/><U112/><E121/><V21/><F114/><W1/><G72/><T45/><D134/><U20/><E110/><V27/><F129/><W95/><G71/><T52/><D128/><U12/><E112/><V47/><F80/><W43/><G43/><T122/><D122/><U49/><E56/><V33/><F106/><W98/><G115/><T126/><D34/><U61/><E61/><N who="2" m="37935" /><F33/><W70/><G70/><T36/><D36/><U62/><E62/><V58/><F58/><W65/><G87/><T73/><D73/><U108/><E67/><V37/><F37/><W82/><G82/><T133/><D133/><U8/><E8/><V75/><F75/><W3/><G10/><T15/><D66/><U69/><E69/><V107/><F107/><W74/><G74/><T25/><D68/><U55/><REACH who="1" step="1"/><E108/><REACH who="1" ten="363,189,199,229" step="2"/><V78/><F47/><W48/><G132/><T130/><D130/><U99/><E99/><V41/><F96/><W125/><G125/><T17/><REACH who="0" step="1"/><D39/><REACH who="0" ten="353,189,199,229" step="2"/><U53/><E53/><V30/><F41/><W102/><G127/><T40/><D40/><U135/><E135/><V51/><F42/><W79/><G48/><AGARI ba="3,3" hai="15,17,22,23,25,29,45,48,52,85,89,94,124,126" machi="48" ten="40,7700,0" yaku="1,1,52,1,54,1,53,0" doraHai="91" doraHaiUra="101" who="0" fromWho="3" sc="353,116,189,0,199,0,229,-86" />
</Scene>
<Scene>
<INIT seed="0,4,0,4,4,4" ten="469,189,199,143" oya="0" hai0="124,75,68,17,3,71,65,64,15,115,119,14,99" hai1="81,43,13,26,92,82,110,122,27,123,133,45,29" hai2="117,42,7,130,53,101,90,25,21,38,50,12,132" hai3="135,85,55,104,134,98,37,129,67,109,2,125,70"/><T58/><D115/><U59/><E110/><V102/><F38/><W116/><G55/><T76/><D119/><U20/><E133/><V62/><F132/><W30/><G85/><T18/><D3/><U95/><E59/><N who="2" m="35183" /><F117/><W32/><G30/><T89/><D124/><U88/><E26/><V84/><F130/><W77/><G98/><T22/><D58/><U39/><E95/><N who="2" m="54727" /><F12/><W83/><G83/><T105/><D68/><U114/><E114/><V106/><F106/><W40/><G40/><T57/><D71/><U107/><E107/><V34/><F34/><W87/><G87/><T128/><D128/><U33/><E33/><V49/><F7/><W93/><G93/><T8/><D57/><U60/><E60/><V118/><F118/><W94/><G94/><T10/><D22/><U31/><E31/><N who="2" m="17839" /><F42/><W6/><G6/><T127/><D127/><U35/><E35/><V51/><AGARI ba="4,0" hai="49,50,51,101,102" m="17839,54727,35183" machi="51" ten="30,1100,0" yaku="8,1" doraHai="4" who="2" fromWho="2" sc="469,-9,189,-7,199,23,143,-7" />
</Scene>
<Scene>
<INIT seed="1,0,0,2,1,57" ten="460,182,222,136" oya="1" hai0="132,61,56,125,12,3,75,79,116,50,106,25,40" hai1="53,38,24,92,23,96,82,63,30,51,70,45,15" hai2="86,129,69,103,121,18,19,0,87,41,98,32,107" hai3="83,119,88,104,94,99,27,9,10,109,124,11,42"/><U36/><E82/><V62/><F121/><W134/><G109/><T77/><D3/><U102/><REACH who="1" step="1"/><E15/><REACH who="1" ten="460,172,222,136" step="2"/><V43/><F0/><W33/><G83/><T127/><D12/><U89/><E89/><V76/><F76/><W74/><G74/><T135/><D77/><U72/><E72/><V81/><F81/><W35/><G119/><T90/><D79/><U1/><E1/><V59/><F129/><W95/><G124/><T112/><D75/><U22/><E22/><V6/><F32/><W131/><G131/><T39/><D116/><U118/><E118/><V117/><F117/><W52/><G35/><T48/><D125/><U66/><AGARI ba="0,1" hai="23,24,30,36,38,45,51,53,63,66,70,92,96,102" machi="66" ten="30,6000,0" yaku="1,1,0,1,52,1,53,0" doraHai="57" doraHaiUra="28" who="1" fromWho="1" sc="460,-20,172,70,222,-20,136,-20" />
</Scene>
<Scene>
<INIT seed="1,1,0,0,0,48" ten="440,242,202,116" oya="1" hai0="11,110,38,10,23,31,21,132,4,56,127,122,29" hai1="95,15,3,52,35,78,76,34,105,116,126,112,83" hai2="7,115,81,68,53,5,22,37,62,88,41,13,82" hai3="59,27,109,87,32,101,79,70,42,33,39,16,91"/><U49/><E3/><V104/><F104/><W89/><G70/><T64/><D38/><U51/><E105/><V30/><F115/><W128/><G128/><T135/><D110/><U65/><E112/><V26/><F37/><W117/><G109/><T97/><D127/><U75/><E116/><V20/><F41/><W93/><G101/><T86/><D122/><U73/><E65/><V57/><F68/><W12/><G79/><T107/><D86/><U71/><E71/><V85/><F81/><W60/><G27/><T123/><D123/><U55/><E83/><V63/><F63/><W118/><G89/><T84/><D84/><U94/><REACH who="1" step="1"/><E15/><REACH who="1" ten="440,232,202,116" step="2"/><V90/><F90/><W131/><G131/><T92/><D107/><U44/><E44/><V99/><F99/><W96/><G96/><T40/><D64/><U103/><E103/><V1/><F1/><W14/><G14/><T102/><D102/><U120/><E120/><V25/><REACH who="2" step="1"/><F13/><REACH who="2" ten="440,232,192,116" step="2"/><W58/><G118/><T0/><D97/><U124/><AGARI ba="1,2" hai="34,35,49,51,52,55,73,75,76,78,94,95,124,126" machi="124" ten="25,18000,2" yaku="1,1,0,1,22,2,52,2,54,1,53,0" doraHai="48" doraHaiUra="2" who="1" fromWho="1" sc="440,-61,232,203,192,-61,116,-61" />
</Scene>
<Scene>
<INIT seed="1,2,0,4,2,68" ten="379,435,131,55" oya="1" hai0="37,15,69,79,120,67,117,119,95,122,116,72,80" hai1="42,18,75,27,92,78,118,102,128,34,7,93,39" hai2="97,32,50,96,135,107,55,49,8,70,133,16,6" hai3="36,5,84,20,121,11,73,109,48,1,45,26,113"/><U3/><E118/><V125/><F32/><W131/><G113/><T61/><D37/><U51/><E51/><V41/><F70/><W25/><G121/><N who="0" m="46699" /><D95/><U46/><E102/><V22/><F125/><W88/><G131/><T127/><D15/><U40/><E40/><V38/><F107/><W43/><G73/><T28/><D28/><N who="1" m="19743" /><E18/><V57/><F49/><W13/><G109/><T21/><D21/><U126/><E128/><V83/><F83/><W44/><G13/><T14/><D14/><U105/><E105/><V30/><F30/><W85/><G85/><T47/><D47/><U74/><E74/><V59/><F59/><W104/><G20/><T112/><D127/><U94/><E94/><V77/><F77/><W10/><G10/><T115/><AGARI ba="2,0" hai="61,67,69,72,79,80,112,115,116,117,119" m="46699" machi="115" ten="40,2700,0" yaku="13,1,23,1" doraHai="68" who="0" fromWho="0" sc="379,33,435,-15,131,-9,55,-9" />
</Scene>
<Scene>
<INIT seed="2,0,0,0,1,29" ten="412,420,122,46" oya="2" hai0="54,4,35,104,92,52,88,81,112,41,63,50,20" hai1="124,69,66,94,134,18,126,122,26,131,115,39,19" hai2="101,64,85,99,90,45,57,11,58,123,72,55,96" hai3="76,132,133,125,28,83,5,22,110,49,6,12,74"/><V120/><F72/><W119/><G119/><T118/><D112/><U97/><E115/><V109/><F109/><W65/><G125/><T1/><D104/><U7/><E131/><V114/><F114/><W37/><G37/><T59/><D118/><U102/><E134/><N who="3" m="51818" /><G110/><T13/><D1/><U36/><E122/><V40/><F64/><W15/><G65/><T38/><D35/><U8/><E69/><V61/><F58/><W48/><G28/><T75/><D38/><N who="1" m="14379" /><E26/><V53/><F53/><W95/><G95/><T71/><D41/><U105/><E94/><V60/><F60/><W79/><G79/><T77/><D71/><U128/><E128/><V106/><F99/><W103/><G103/><T130/><D130/><U31/><E31/><V9/><F123/><W80/><G80/><T62/><D54/><U113/><E66/><V21/><F120/><W42/><G42/><T70/><D70/><U10/><E113/><V14/><F40/><W51/><G22/><T17/><REACH who="0" step="1"/><D4/><AGARI ba="0,0" hai="4,5,6,12,15,48,49,51,74,76,83" m="51818" machi="4" ten="30,1000,0" yaku="20,1" doraHai="29" who="3" fromWho="0" sc="412,-10,420,0,122,0,46,10" />
</Scene>
<Scene>
<INIT seed="3,0,0,5,2,129" ten="402,420,122,56" oya="3" hai0="91,114,61,39,42,92,84,21,70,106,100,10,46" hai1="67,56,125,116,53,35,80,59,13,28,113,89,86" hai2="49,14,27,19,37,77,130,104,111,9,73,20,17" hai3="124,2,126,16,133,26,131,128,79,63,51,55,65"/><W95/><G2/><T48/><D114/><U54/><E113/><V134/><F37/><W31/><G79/><T18/><D10/><U57/><E35/><V3/><F104/><W33/><G95/><T23/><D18/><U30/><E67/><V93/><F130/><N who="3" m="49707" /><G16/><T78/><D78/><U43/><E43/><V69/><F69/><N who="3" m="42175" /><G133/><T8/><D8/><U0/><E0/><V88/><F3/><W122/><G122/><T7/><D7/><U15/><E116/><V82/><F111/><W117/><G117/><T105/><D105/><U75/><E75/><V24/><F134/><W120/><G120/><T121/><D121/><U101/><E101/><V25/><REACH who="2" step="1"/><F49/><REACH who="2" ten="402,420,112,56" step="2"/><W44/><AGARI ba="0,1" hai="26,31,33,44,51,55,124,126" m="42175,49707" machi="44" ten="30,1500,0" yaku="19,1" doraHai="129" who="3" fromWho="3" sc="402,-5,420,-5,112,-5,56,25" />
</Scene>
<Scene>
<INIT seed="3,1,0,5,0,4" ten="397,415,107,81" oya="3" hai0="73,20,59,86,6,118,70,46,28,103,131,23,57" hai1="93,85,29,30,3,0,129,19,114,77,135,42,133" hai2="117,39,31,34,122,41,65,128,40,50,94,83,49" hai3="58,27,55,44,64,13,107,97,38,9,74,108,78"/><W95/><G107/><T16/><D73/><U132/><E114/><V115/><F115/><W84/><G74/><T111/><D70/><U33/><E129/><V110/><F117/><W56/><G27/><T22/><D118/><U17/><E42/><V72/><F65/><W67/><G108/><T18/><D111/><U21/><E33/><V52/><F110/><W123/><G123/><T112/><D112/><U121/><E121/><V2/><F122/><W63/><G38/><T71/><D131/><U90/><E77/><V14/><F2/><N who="1" m="553" /><E19/><V125/><F128/><W82/><G44/><T15/><D71/><U116/><E116/><V127/><F39/><W51/><G67/><T1/><D28/><U47/><E47/><V75/><F94/><W45/><G58/><T53/><D1/><U32/><E32/><V60/><F60/><W24/><G24/><AGARI ba="1,0" hai="17,21,24,29,30,85,90,93,132,133,135" m="553" machi="24" ten="40,1300,0" yaku="20,1" doraHai="4" who="1" fromWho="3" sc="397,0,415,16,107,0,81,-16" />
</Scene>
<Scene>
<INIT seed="4,0,0,3,0,13" ten="397,431,107,65" oya="0" hai0="31,18,41,69,16,125,130,106,127,100,129,89,92" hai1="0,104,77,67,61,15,88,40,14,116,24,30,36" hai2="62,123,26,109,124,91,71,39,83,2,95,32,3" hai3="117,99,23,21,64,73,49,47,35,50,33,114,38"/><T56/><D69/><U132/><E0/><V70/><F109/><W65/><G47/><T55/><D41/><U97/><E77/><V7/><F123/><W9/><G9/><T121/><D121/><U12/><E116/><V102/><F39/><W113/><G99/><N who="0" m="61727" /><D31/><U96/><E132/><V5/><F124/><N who="0" m="47690" /><D130/><U126/><E126/><V46/><F32/><W90/><G90/><T111/><D111/><U8/><E40/><V119/><F91/><W1/><G1/><T85/><D129/><U81/><E36/><V72/><F70/><W135/><G73/><T78/><D78/><U37/><E37/><V20/><F71/><W54/><G38/><T82/><D82/><U51/><E8/><V94/><F83/><W133/><REACH who="3" step="1"/><G54/><REACH who="3" ten="397,431,107,55" step="2"/><T4/><D4/><U75/><E75/><V108/><F72/><W68/><G68/><T112/><D112/><U115/><E115/><V118/><F5/><W48/><G48/><AGARI ba="0,1" hai="16,18,48,55,56,85,89,92" m="47690,61727" machi="48" ten="30,11600,0" yaku="18,1,52,2,54,1" doraHai="13" who="0" fromWho="3" sc="397,126,431,0,107,0,55,-116" owari="523,62.0,431,23.0,107,-29.0,-61,-56.0" />
</Scene>
</mjloggm>