<mjloggm ver="2.3"><GO type="169" lobby="0"/><UN n0="%53%55%50%45%52%43%41%52" n1="%E5%A4%AA%E3%81%8F%E3%81%AA%E3%81%84%E3%81%8A" n2="%E3%83%95%E3%83%AA%E3%83%86%E3%83%B3" n3="%E3%81%B5%E3%81%8B%E3%81%98" dan="16,17,18,16" rate="2143.43,2183.79,2226.53,2104.15" sx="M,M,M,M"/><TAIKYOKU oya="0"/>

<Scene>
<INIT seed="0,0,0,4,2,102" ten="250,250,250,250" oya="0" hai0="71,60,108,95,124,87,133,8,78,57,72,127,11" hai1="29,120,44,135,105,45,110,53,128,114,117,88,92" hai2="23,103,111,112,63,69,83,7,41,0,14,28,36" hai3="104,109,119,50,12,98,91,58,17,85,13,121,16"/><T66/><D133/><U115/><E117/><V113/><F111/><W35/><G119/><T21/><D72/><U55/><E120/><V62/><F0/><W4/><G35/><T86/><D108/><U125/><E110/><V52/><F7/><W27/><G109/><T74/><D74/><U100/><E29/><V59/><F83/><W118/><G118/><T89/><D71/><U93/><E135/><V96/><F41/><W99/><G4/><T70/><D70/><U30/><E30/><V9/><F36/><W129/><G27/><T73/><D73/><U40/><E125/><N who="0" m="48201" /><D21/><U42/><E128/><V67/><F9/><N who="0" m="3658" /><D78/><U90/><E100/><V76/><F76/><W97/><G129/><T39/><D39/><U131/><E131/><V19/><REACH who="2" step="1"/><F28/><REACH who="2" ten="250,250,240,250" step="2"/><W1/><G1/><T46/><D46/><U116/><REACH who="1" step="1"/><E116/><REACH who="1" ten="250,240,240,250" step="2"/><V80/><F80/><N who="3" m="49575" /><G121/><T51/><D51/><U10/><E10/><V75/><F75/><W77/><G50/><T56/><D56/><U22/><E22/><V106/><AGARI ba="0,2" hai="14,19,23,52,59,62,63,67,69,96,103,106,112,113" machi="106" ten="20,8000,1" yaku="1,1,0,1,7,1,52,1,54,1,53,0" doraHai="102" doraHaiUra="24" who="2" fromWho="2" sc="250,-40,240,-20,240,100,250,-20" />
</Scene>
<Scene>
<INIT seed="1,0,0,5,1,62" ten="210,220,340,230" oya="1" hai0="36,45,125,69,133,132,121,131,24,29,113,115,53" hai1="64,54,31,80,58,22,63,94,98,30,43,109,83" hai2="111,5,119,26,57,126,112,67,85,129,102,70,91" hai3="25,99,82,10,61,86,6,9,101,68,35,0,59"/><U2/><E2/><V8/><F70/><W90/><G9/><T60/><D125/><U110/><E43/><V21/><F119/><W123/><G123/><T88/><D121/><U76/><E54/><V23/><F102/><W134/><G134/><N who="0" m="51819" /><D131/><U116/><E116/><V39/><F39/><W92/><G68/><T114/><D36/><U11/><E11/><V128/><F112/><W55/><G25/><T38/><D38/><U12/><E12/><V32/><F32/><W51/><REACH who="3" step="1"/><G35/><REACH who="3" ten="210,220,340,220" step="2"/><T28/><D24/><N who="1" m="16663" /><E31/><V97/><F26/><W13/><G13/><T7/><D69/><U130/><E130/><V18/><F8/><W107/><G107/><T4/><D29/><U27/><E27/><V19/><F128/><W37/><G37/><T1/><D28/><U46/><E46/><V73/><F129/><W40/><G40/><T84/><D45/><U87/><E109/><V74/><F111/><W52/><G52/><T14/><D14/><U118/><E110/><V124/><F124/><W81/><G81/><N who="0" m="49167" /><D1/><U3/><E3/><V75/><F126/><W66/><G66/><T96/><D53/><U127/><E127/><V117/><F67/><W42/><G42/><T104/><D60/><AGARI ba="0,1" hai="0,6,10,51,55,59,60,61,82,86,90,92,99,101" machi="60" ten="40,1300,0" yaku="1,1,53,0" doraHai="62" doraHaiUra="16" who="3" fromWho="0" sc="210,-13,220,0,340,0,220,23" />
</Scene>
<Scene>
<INIT seed="2,0,0,2,1,121" ten="197,220,340,243" oya="2" hai0="133,12,66,23,40,126,134,92,48,21,100,14,113" hai1="8,44,63,58,101,75,76,68,43,26,77,9,31" hai2="1,73,45,130,125,28,20,38,82,120,42,27,71" hai3="2,111,135,67,37,34,115,52,88,35,129,78,122"/><V98/><F120/><W81/><G122/><T11/><D113/><U65/><E101/><V79/><F130/><W105/><G2/><T114/><D114/><U53/><E8/><V69/><F125/><W80/><G115/><T127/><D66/><U5/><E75/><V85/><F85/><W18/><G37/><T62/><D62/><U19/><E19/><V0/><F0/><W112/><G112/><T94/><D40/><U117/><E117/><V30/><F30/><W84/><G105/><T97/><D48/><U102/><E102/><V104/><F104/><W29/><G67/><T13/><D11/><U16/><E65/><V124/><F98/><W123/><G123/><T103/><D14/><U107/><E68/><V91/><F91/><W128/><G135/><T86/><D86/><U7/><E107/><V46/><F124/><W108/><G18/><T55/><D55/><U106/><E106/><V131/><F131/><N who="3" m="50251" /><G52/><T17/><D17/><U10/><E10/><V33/><F20/><W25/><G35/><T110/><REACH who="0" step="1"/><D97/><REACH who="0" ten="187,220,340,243" step="2"/><U93/><E16/><V96/><F96/><W109/><G108/><AGARI ba="0,1" hai="12,13,21,23,92,94,100,103,108,110,126,127,133,134" machi="108" ten="25,16000,3" yaku="1,1,2,1,22,2,52,2,53,2" doraHai="121" doraHaiUra="99" who="0" fromWho="3" sc="187,170,220,0,340,0,243,-160" />
</Scene>
<Scene>
<INIT seed="3,0,0,4,1,68" ten="357,220,340,83" oya="3" hai0="110,98,67,74,122,60,115,129,33,71,61,66,45" hai1="75,88,109,86,102,1,104,18,52,19,72,10,94" hai2="83,8,53,14,12,126,89,100,112,118,113,36,130" hai3="32,131,55,82,84,41,107,95,81,11,24,101,76"/><W44/><G107/><T0/><D0/><U17/><E109/><V116/><F100/><W38/><G131/><T77/><D33/><U29/><E29/><V58/><F36/><W5/><G55/><T31/><D31/><U114/><E114/><V16/><F130/><W123/><G123/><T124/><D129/><U2/><E104/><V56/><F126/><W51/><G81/><T9/><D9/><U127/><E102/><V80/><F89/><W48/><G24/><T13/><D13/><U50/><E127/><V54/><REACH who="2" step="1"/><F16/><REACH who="2" ten="357,220,330,83" step="2"/><W106/><G106/><T49/><D124/><U37/><E37/><V4/><F4/><W15/><REACH who="3" step="1"/><G32/><REACH who="3" ten="357,220,330,73" step="2"/><T105/><D105/><U22/><E22/><V97/><F97/><AGARI ba="0,2" hai="5,11,15,38,41,44,48,51,76,82,84,95,97,101" machi="97" ten="40,7700,0" yaku="1,1,2,1,52,1,53,0" doraHai="68" doraHaiUra="135" who="3" fromWho="2" sc="357,0,220,0,330,-77,73,97" />
</Scene>
<Scene>
<INIT seed="3,1,0,5,1,47" ten="357,220,253,170" oya="3" hai0="81,122,128,36,25,66,42,8,80,34,74,0,41" hai1="134,59,35,69,55,127,60,86,124,58,11,104,7" hai2="108,96,63,43,24,13,106,117,22,53,21,31,129" hai3="5,2,88,121,10,37,116,48,132,56,102,30,28"/><W64/><G116/><T27/><D122/><U18/><E35/><V72/><F72/><W89/><G121/><T50/><D128/><U70/><E104/><V92/><F108/><W85/><G37/><T119/><D119/><U51/><E18/><V6/><F117/><W110/><G110/><T19/><D36/><U9/><E86/><V29/><F106/><W3/><G3/><T133/><D133/><U33/><E33/><V16/><F43/><W46/><G102/><T135/><D135/><U71/><E134/><V97/><F129/><W61/><G132/><T131/><D66/><U109/><E109/><V77/><F77/><W91/><REACH who="3" step="1"/><G85/><REACH who="3" ten="357,220,253,160" step="2"/><T90/><D0/><U23/><E127/><V1/><F1/><W78/><G78/><T98/><D131/><U52/><E124/><V82/><F96/><W68/><G68/><T101/><D98/><U79/><E79/><V73/><F97/><W83/><G83/><T38/><D81/><U130/><E130/><V125/><F82/><W57/><G57/><T123/><D38/><U84/><E84/><V45/><F125/><W99/><G99/><T103/><D123/><U93/><E93/><V67/><F92/><W49/><G49/><T75/><D101/><U126/><E126/><V112/><F73/><W32/><G32/><T115/><D103/><U54/><E59/><V114/><F114/><W4/><G4/><T65/><D115/><U118/><E118/><V105/><F112/><W95/><G95/><T44/><D75/><U111/><E111/><V120/><F120/><W40/><AGARI ba="1,1" hai="2,5,10,28,30,40,46,48,56,61,64,88,89,91" machi="40" ten="30,18000,2" yaku="1,1,0,1,52,1,54,1,53,3" doraHai="47" doraHaiUra="87" who="3" fromWho="3" sc="357,-61,220,-61,253,-61,160,193" />
</Scene>
<Scene>
<INIT seed="3,2,0,1,5,100" ten="296,159,192,353" oya="3" hai0="31,10,56,34,109,30,46,81,32,40,127,58,134" hai1="131,99,65,118,20,83,63,45,102,55,43,36,16" hai2="1,80,72,133,11,88,82,39,47,132,59,107,104" hai3="96,85,128,68,2,51,113,97,79,108,95,21,42"/><W74/><G113/><T25/><D109/><U89/><E131/><V38/><F59/><W75/><G2/><T4/><D134/><N who="2" m="51818" /><F82/><W53/><G68/><T49/><D127/><U12/><E118/><V9/><F47/><W54/><G42/><T27/><REACH who="0" step="1"/><D81/><REACH who="0" ten="286,159,192,353" step="2"/><U3/><E83/><V13/><F72/><W60/><G75/><T119/><D119/><U78/><E78/><V112/><F112/><W92/><G79/><T120/><D120/><U0/><E89/><V69/><F80/><W62/><G74/><T22/><D22/><U37/><E37/><V126/><F88/><W41/><G21/><T7/><D7/><U29/><E29/><V67/><F126/><W106/><G108/><T93/><D93/><U26/><E26/><V61/><F39/><W114/><G95/><T66/><D66/><U52/><E0/><AGARI ba="2,1" hai="0,4,10,25,27,30,31,32,34,40,46,49,56,58" machi="0" ten="30,3900,0" yaku="1,1,7,1,9,1,53,0" doraHai="100" doraHaiUra="64" who="0" fromWho="1" sc="286,55,159,-45,192,0,353,0" />
</Scene>
<Scene>
<INIT seed="4,0,0,2,5,102" ten="341,114,192,353" oya="0" hai0="58,61,16,62,90,37,6,59,5,99,51,7,112" hai1="86,116,8,111,70,117,124,71,18,33,92,9,103" hai2="40,81,43,107,128,129,126,19,115,83,93,109,55" hai3="79,14,74,108,75,121,34,119,39,65,54,89,104"/><T1/><D37/><U0/><E111/><V21/><F109/><W125/><G14/><T113/><D1/><U44/><E33/><V68/><F68/><W101/><G54/><T15/><D51/><U49/><E124/><V38/><F115/><N who="0" m="44106" /><D90/><U2/><E86/><V84/><F38/><W94/><G89/><T25/><D25/><U31/><E31/><V3/><F3/><W24/><G24/><T13/><D99/><U130/><E49/><V91/><F91/><W41/><G39/><T52/><D16/><U132/><E18/><V110/><F19/><W105/><G108/><T45/><D45/><U69/><E44/><V106/><F110/><W66/><G125/><T76/><D76/><U64/><E0/><V28/><F126/><W87/><G79/><T56/><D56/><U78/><E2/><V82/><F28/><W29/><G29/><T50/><D50/><U95/><E78/><V73/><F43/><W46/><G41/><T72/><D72/><U122/><E70/><V48/><F40/><W20/><G75/><T17/><D17/><U30/><E30/><V118/><F73/><W12/><G74/><T47/><D47/><U36/><E36/><V22/><F48/><W57/><G57/><T11/><D11/><U53/><E8/><V85/><F85/><W134/><G46/><T98/><D98/><U42/><E9/><V114/><F84/><W35/><G87/><T67/><AGARI ba="0,0" hai="5,6,7,13,15,52,58,59,61,62,67" m="44106" machi="67" ten="30,3000,0" yaku="15,1,54,1" doraHai="102" who="0" fromWho="0" sc="341,30,114,-10,192,-10,353,-10" />
</Scene>
<Scene>
<INIT seed="4,1,0,1,3,30" ten="371,104,182,343" oya="0" hai0="100,91,67,116,64,129,83,62,73,55,121,75,43" hai1="124,99,114,35,128,21,110,24,79,20,87,33,85" hai2="72,135,59,132,115,96,50,105,5,102,78,54,66" hai3="8,27,133,93,9,71,63,109,44,107,104,131,18"/><T4/><D116/><U25/><E110/><V45/><F5/><W112/><G109/><T46/><D121/><U26/><E124/><V23/><F115/><W13/><G112/><T40/><D129/><U58/><E128/><V37/><F23/><N who="1" m="8777" /><E114/><V49/><F37/><W10/><G131/><T111/><D111/><U126/><E79/><V17/><F17/><W98/><G27/><T90/><D100/><U51/><E99/><V125/><F125/><W92/><G133/><N who="2" m="51273" /><F66/><W81/><G81/><T122/><D122/><U84/><E58/><V19/><F19/><W47/><G92/><T61/><D4/><U11/><E126/><V29/><F29/><W118/><G118/><T28/><D28/><U42/><E51/><N who="2" m="29039" /><F59/><W22/><G71/><T7/><D7/><U14/><E42/><V77/><F77/><W108/><G63/><T2/><D2/><U38/><E38/><V74/><F78/><W65/><G65/><T69/><D69/><U101/><E101/><V88/><F88/><W56/><G56/><T86/><D46/><U0/><E14/><V97/><F97/><W130/><G108/><T120/><D120/><U16/><E16/><V113/><F113/><W32/><G130/><T60/><D67/><U34/><E11/><V95/><F95/><W41/><G47/><T123/><D123/><U48/><E48/><AGARI ba="1,0" hai="48,49,50,72,74,96,102,105" m="29039,51273" machi="48" ten="30,1000,0" yaku="20,1" doraHai="30" who="2" fromWho="1" sc="371,0,104,-13,182,13,343,0" />
</Scene>
<Scene>
<INIT seed="5,0,0,0,4,6" ten="371,91,195,343" oya="1" hai0="86,134,131,27,70,132,94,53,20,29,12,40,83" hai1="38,63,107,115,36,100,28,19,5,89,71,101,108" hai2="54,4,87,123,30,45,51,116,44,65,120,85,60" hai3="74,11,9,104,64,22,105,114,68,1,97,76,55"/><U109/><E115/><V103/><F116/><W32/><G32/><T57/><D70/><U119/><E119/><V93/><F30/><W58/><G1/><T62/><D131/><U59/><E71/><V90/><F103/><N who="1" m="39497" /><E107/><V124/><F124/><W92/><G114/><T66/><D40/><U7/><E28/><V129/><F129/><W102/><G22/><T91/><D12/><U118/><E118/><V33/><F33/><W130/><G130/><T121/><D121/><U126/><E89/><V10/><F45/><W50/><G76/><T17/><D29/><U122/><E122/><V31/><F31/><W15/><G74/><T67/><D83/><U61/><E19/><V79/><F87/><W81/><G81/><T14/><D14/><U23/><E23/><V48/><F48/><W21/><G21/><T125/><D125/><U43/><E126/><V88/><F90/><W37/><G37/><N who="1" m="14442" /><E43/><V98/><F79/><W127/><G127/><T95/><D95/><U69/><E69/><V84/><F120/><W34/><G34/><T56/><D67/><N who="1" m="39359" /><E63/><V41/><F41/><W82/><G82/><T111/><D66/><U78/><E78/><V133/><F123/><W96/><G15/><T117/><D117/><U128/><E128/><V3/><F85/><W52/><G55/><T106/><D106/><N who="3" m="41065" /><G97/><T2/><D2/><U73/><E73/><V16/><F98/><W99/><G96/><T0/><D0/><U13/><E13/><V26/><F16/><W39/><G39/><T42/><D17/><U25/><E25/><V113/><F26/><W80/><G80/><RYUUKYOKU ba="0,0" sc="371,-15,91,15,195,-15,343,15" hai1="5,7,108,109" hai3="9,11,50,52,58,64,68,92,99,102" />
</Scene>
<Scene>
<INIT seed="5,1,0,3,3,67" ten="356,106,180,358" oya="1" hai0="86,51,128,81,28,83,108,47,119,120,127,45,106" hai1="111,103,76,131,34,96,84,62,117,97,0,72,50" hai2="53,44,7,126,59,92,74,116,57,13,118,55,80" hai3="19,29,18,104,130,121,122,123,90,38,107,65,78"/><U69/><E117/><V48/><F126/><W20/><G38/><T17/><D108/><U112/><E0/><V33/><F33/><W94/><G130/><T25/><D106/><U42/><E34/><V109/><F109/><W5/><G5/><T82/><D119/><U100/><E111/><V129/><F129/><W35/><G78/><T101/><D101/><U64/><E131/><V27/><F44/><W91/><G65/><T16/><D128/><U102/><E72/><V26/><F116/><W98/><G90/><T89/><D127/><U58/><E112/><V88/><F80/><W63/><G63/><T105/><D105/><U24/><E24/><V31/><F31/><W52/><G52/><N who="0" m="29807" /><D120/><U60/><E50/><N who="2" m="30903" /><F74/><W61/><G61/><T93/><D47/><U132/><E42/><V79/><F79/><W41/><G41/><T22/><AGARI ba="1,0" hai="16,17,22,25,28,81,82,83,86,89,93" m="29807" machi="22" ten="30,4000,0" yaku="8,1,54,2" doraHai="67" who="0" fromWho="0" sc="356,43,106,-21,180,-11,358,-11" />
</Scene>
<Scene>
<INIT seed="6,0,0,3,1,122" ten="399,85,169,347" oya="2" hai0="3,27,60,0,130,107,10,35,79,8,5,97,89" hai1="39,120,33,81,105,42,65,103,38,83,72,113,94" hai2="51,95,115,54,92,124,66,6,93,52,88,34,67" hai3="125,135,48,110,127,11,71,133,45,13,31,53,118"/><V14/><F34/><W101/><G118/><T112/><D112/><U20/><E33/><V47/><F124/><N who="3" m="47691" /><G71/><T134/><D134/><N who="3" m="51209" /><G101/><N who="0" m="62895" /><D89/><U82/><E72/><V23/><F115/><W106/><G106/><T57/><D57/><U74/><E74/><V15/><F54/><W132/><G132/><T4/><D60/><U76/><E113/><V128/><F6/><N who="3" m="3319" /><G31/><N who="0" m="19967" /><D79/><U43/><E105/><V37/><F88/><W68/><G68/><T46/><D46/><U75/><E120/><V84/><F47/><W119/><G119/><T100/><D100/><U36/><E65/><V49/><F67/><W61/><G61/><T7/><D5/><U63/><E63/><V109/><F66/><W117/><G117/><T22/><D22/><U102/><E20/><V2/><F23/><W86/><G86/><T129/><AGARI ba="0,0" hai="0,3,4,7,8,10,129,130" m="19967,62895" machi="129" ten="30,1100,0" yaku="23,1" doraHai="122" who="0" fromWho="0" sc="399,11,85,-3,169,-5,347,-3" />
</Scene>
<Scene>
<INIT seed="7,0,0,3,5,97" ten="410,82,164,344" oya="3" hai0="74,57,37,6,56,50,83,58,26,43,9,0,3" hai1="88,87,113,1,46,48,40,98,135,70,27,49,2" hai2="23,92,134,86,53,91,33,28,121,105,109,17,117" hai3="59,72,16,127,73,93,123,131,77,79,18,104,25"/><W85/><G123/><T31/><D3/><U44/><E70/><V34/><F117/><W84/><G104/><T51/><D31/><U125/><E113/><V71/><F71/><W94/><G59/><T7/><D7/><U45/><E125/><V29/><F105/><W65/><G65/><T107/><D107/><U8/><E135/><V54/><F109/><W55/><G55/><T69/><D26/><U52/><E98/><V64/><F64/><W38/><G25/><T103/><D103/><U100/><E100/><V99/><F34/><W68/><G68/><T108/><D108/><U15/><E45/><V11/><F11/><W78/><G77/><N who="0" m="44471" /><D69/><U10/><E27/><N who="2" m="14831" /><F33/><W102/><G102/><T42/><D42/><U128/><E128/><V75/><F75/><W89/><G89/><T32/><D32/><U61/><E61/><V41/><F41/><W67/><G67/><T118/><D118/><U116/><E116/><V130/><F134/><W14/><G14/><T24/><D24/><U96/><E96/><V112/><F112/><W19/><G19/><T22/><D22/><U39/><E39/><V126/><F126/><W47/><G127/><T90/><D90/><U30/><E30/><N who="2" m="11883" /><F121/><W95/><G95/><T36/><D36/><U115/><E115/><V110/><F110/><W20/><G38/><T63/><D63/><U12/><E12/><V119/><F130/><W101/><G101/><T82/><D82/><U120/><E120/><V129/><F129/><W13/><G131/><T106/><D106/><U60/><E1/><V114/><F119/><W80/><G80/><RYUUKYOKU ba="0,0" sc="410,30,82,-10,164,-10,344,-10" hai0="0,6,9,37,43,50,51,56,57,58" owari="440,55.0,72,-43.0,154,-25.0,334,13.0" />
</Scene>
</mjloggm>