<mjloggm ver="2.3"><GO type="169" lobby="0"/><UN n0="%E3%82%A2%E3%83%95%E3%83%AD%E3%81%AA%E4%BE%8D" n1="%E5%A4%AA%E3%81%8F%E3%81%AA%E3%81%84%E3%81%8A" n2="%79%6F%6A%6F" n3="%E3%81%8B%E3%81%AB%E3%83%9E%E3%82%B8%E3%83%B3" dan="16,18,16,17" rate="2061.99,2278.05,2158.79,2176.59" sx="M,F,F,M"/><TAIKYOKU oya="0"/>

<Scene>
<INIT seed="0,0,0,5,1,73" ten="250,250,250,250" oya="0" hai0="109,33,100,6,105,108,41,63,42,93,19,117,50" hai1="91,120,0,44,56,89,99,126,123,135,67,72,52" hai2="37,17,11,49,58,81,90,121,61,7,78,71,9" hai3="30,5,4,110,77,87,22,39,133,119,101,132,32"/><T111/><D117/><U2/><E72/><V35/><F35/><W16/><G119/><T31/><D6/><U64/><E44/><V51/><F37/><W112/><G39/><T125/><D125/><U46/><E46/><V59/><F71/><W36/><G36/><T69/><D105/><U23/><E23/><V76/><F121/><W15/><G101/><T68/><D19/><U74/><E74/><V92/><F17/><W116/><G116/><T130/><D130/><U86/><E86/><V47/><F81/><N who="3" m="47535" /><G112/><T43/><D50/><U8/><E56/><N who="2" m="21547" /><F61/><W95/><G95/><T10/><D10/><N who="2" m="3594" /><F7/><W96/><G96/><N who="0" m="59407" /><D63/><U45/><E8/><V84/><F49/><W128/><G128/><T24/><AGARI ba="0,0" hai="24,31,33,41,42,43,68,69,108,109,111" m="59407" machi="24" ten="40,3900,0" yaku="14,1,10,1" doraHai="73" who="0" fromWho="0" sc="250,39,250,-13,250,-13,250,-13" />
</Scene>
<Scene>
<INIT seed="0,1,0,3,0,103" ten="289,237,237,237" oya="0" hai0="99,88,95,98,94,9,128,51,19,114,61,92,65" hai1="74,123,120,86,109,129,5,84,90,80,127,107,85" hai2="62,4,30,43,96,31,12,108,133,82,75,34,37" hai3="101,79,97,38,47,56,66,0,93,135,1,130,45"/><T122/><D114/><U18/><E5/><V78/><F108/><W58/><G135/><T57/><D122/><N who="1" m="46635" /><E18/><V126/><F133/><W23/><G130/><T134/><D128/><U25/><E25/><V14/><F14/><W7/><G79/><T121/><D121/><U110/><E129/><V32/><F43/><W46/><G38/><T119/><D119/><U83/><E127/><V116/><F126/><W69/><G7/><T132/><D51/><U21/><E21/><V73/><F62/><W125/><G125/><T72/><D72/><U2/><E2/><V59/><F59/><W24/><G58/><T53/><D65/><U118/><E118/><V35/><F37/><W70/><G0/><T55/><D55/><U87/><E107/><V91/><F75/><W49/><G1/><T33/><D33/><U68/><E68/><V63/><F63/><N who="3" m="38247" /><G49/><T76/><D134/><U113/><E113/><V27/><F116/><W6/><G6/><T60/><D132/><U115/><E115/><V28/><F27/><W105/><G105/><T11/><D61/><U81/><E74/><V106/><F12/><W111/><G111/><AGARI ba="1,0" hai="80,81,83,84,85,86,87,90,109,110,111" m="46635" machi="111" ten="40,5200,0" yaku="14,1,34,2" doraHai="103" who="1" fromWho="3" sc="289,0,237,55,237,0,237,-55" />
</Scene>
<Scene>
<INIT seed="1,0,0,2,5,11" ten="289,292,237,182" oya="1" hai0="22,6,30,88,44,81,134,1,63,75,71,106,53" hai1="85,131,39,7,128,65,40,114,122,121,49,64,104" hai2="135,105,26,97,27,117,17,82,54,77,60,95,110" hai3="35,0,28,84,3,111,67,69,18,21,56,83,10"/><U55/><E104/><V102/><F117/><W34/><G69/><T42/><D106/><U13/><E85/><V31/><F110/><W47/><G111/><T120/><D134/><U19/><E7/><V112/><F135/><W92/><G92/><T123/><D6/><U5/><E5/><V113/><F105/><W127/><G10/><T115/><D1/><U12/><E40/><V25/><F60/><W66/><G127/><T59/><D115/><N who="2" m="44106" /><F54/><W74/><G74/><T36/><D22/><U101/><E114/><V38/><F38/><W33/><G28/><T119/><D30/><U32/><E39/><V61/><F61/><W58/><G47/><T50/><D119/><U108/><E108/><V124/><F17/><W79/><G0/><T14/><D75/><U94/><E32/><N who="2" m="20591" /><F124/><W8/><G66/><N who="1" m="25706" /><E19/><V68/><F68/><W16/><G67/><T41/><D71/><U96/><E122/><V132/><F132/><W46/><G18/><T86/><D41/><U37/><E121/><V2/><F2/><W51/><G3/><T109/><D109/><U125/><E37/><V87/><AGARI ba="0,0" hai="26,27,77,82,87,95,97,102" m="20591,44106" machi="87" ten="30,1100,0" yaku="11,1" doraHai="11" who="2" fromWho="2" sc="289,-3,292,-5,237,11,182,-3" />
</Scene>
<Scene>
<INIT seed="2,0,0,4,4,134" ten="286,287,248,179" oya="2" hai0="90,33,29,107,31,11,20,83,85,6,115,40,97" hai1="21,54,27,129,86,119,49,78,88,91,5,103,10" hai2="63,117,126,37,55,28,101,61,39,95,121,13,35" hai3="128,64,104,123,14,79,75,116,34,15,112,43,41"/><V80/><F121/><W45/><G123/><T89/><D115/><U17/><E119/><V113/><F113/><W44/><G112/><T74/><D40/><U62/><E129/><V122/><F122/><W72/><G64/><T93/><D33/><U50/><E103/><V67/><F80/><W131/><G34/><T133/><D133/><U18/><E78/><V118/><F13/><W120/><G79/><T66/><D66/><U77/><E77/><V81/><F81/><W76/><G76/><T47/><D47/><U23/><E62/><V124/><F55/><W65/><G65/><T52/><D74/><U22/><E22/><V127/><F95/><W73/><G120/><T46/><D107/><U68/><E68/><N who="2" m="42095" /><F101/><W32/><G32/><T114/><D114/><U60/><E60/><V110/><F63/><W53/><G53/><T105/><D105/><U135/><E135/><V16/><F16/><W12/><G104/><T3/><D20/><U36/><E54/><V92/><F92/><W24/><G24/><T71/><D71/><U102/><E102/><V106/><F106/><W82/><G82/><T4/><D4/><U70/><E70/><V108/><F28/><W125/><G116/><N who="2" m="44649" /><F35/><W19/><G19/><T1/><D1/><U130/><E27/><V0/><F0/><W99/><G99/><T56/><D46/><N who="3" m="18025" /><G41/><T30/><D30/><U94/><E17/><V9/><F9/><W109/><G43/><T96/><D96/><N who="1" m="57415" /><E18/><V84/><F84/><W26/><G26/><T58/><D52/><U42/><E42/><V132/><F132/><W48/><G73/><RYUUKYOKU ba="0,0" sc="286,15,287,-15,248,15,179,-15" hai0="3,6,11,29,31,56,58,83,85,89,90,93,97" hai2="37,39,108,110,124,126,127" />
</Scene>
<Scene>
<INIT seed="2,1,0,2,4,122" ten="301,272,263,164" oya="2" hai0="127,72,99,113,55,95,54,130,133,80,33,96,9" hai1="121,57,83,6,31,0,82,62,117,92,3,91,52" hai2="34,19,24,14,98,89,70,42,81,124,17,65,44" hai3="49,116,129,58,112,1,108,93,119,97,29,103,56"/><V13/><F124/><W26/><G1/><T78/><D33/><U39/><E117/><V126/><F126/><W11/><G112/><T66/><D113/><U7/><E39/><V86/><F70/><W50/><G129/><T115/><D130/><U101/><E121/><V15/><F65/><W111/><G11/><T104/><D115/><U74/><E101/><V132/><F132/><W90/><G116/><T46/><D133/><U27/><E3/><V120/><F120/><W64/><G119/><T63/><D104/><U21/><E0/><V8/><F98/><W18/><G18/><T41/><D9/><U106/><E106/><V77/><F34/><W79/><G79/><T94/><D127/><U125/><E125/><V60/><F60/><N who="3" m="37911" /><G90/><T84/><D72/><U5/><REACH who="1" step="1"/><E74/><REACH who="1" ten="301,262,263,164" step="2"/><V40/><F24/><W71/><G71/><T61/><D41/><U87/><AGARI ba="1,1" hai="5,6,7,21,27,31,52,57,62,82,83,87,91,92" machi="87" ten="30,8000,1" yaku="1,1,2,1,0,1,8,1,54,1,53,0" doraHai="122" doraHaiUra="68" who="1" fromWho="1" sc="301,-21,262,93,263,-41,164,-21" />
</Scene>
<Scene>
<INIT seed="3,0,0,0,3,97" ten="280,355,222,143" oya="3" hai0="96,21,115,19,49,122,98,40,12,78,102,105,70" hai1="127,112,7,101,113,76,83,116,106,14,118,24,27" hai2="72,2,59,15,57,129,16,69,134,41,123,100,93" hai3="1,74,86,103,34,60,37,108,130,117,85,77,132"/><W20/><G34/><T61/><D122/><U65/><E65/><V31/><F69/><W8/><G117/><N who="1" m="45162" /><E7/><V35/><F2/><W43/><G60/><T30/><D30/><U17/><E127/><V95/><F72/><W58/><G58/><T29/><D29/><U56/><E56/><V9/><F134/><W79/><G132/><T6/><D6/><U51/><E51/><V55/><F129/><W121/><G121/><T23/><D115/><U3/><E3/><V126/><F126/><W90/><G130/><T67/><D78/><U48/><E48/><V71/><F71/><W82/><G20/><T25/><D49/><U47/><E47/><V92/><F41/><W73/><G108/><T133/><D133/><U64/><E64/><V33/><F59/><W44/><G103/><T28/><D40/><U45/><E45/><V84/><F100/><W50/><G50/><T91/><D91/><U63/><E63/><V135/><F135/><W18/><G18/><T89/><D89/><U22/><E106/><V110/><F110/><W4/><G90/><T53/><D53/><U131/><E101/><V125/><F125/><W0/><G1/><T109/><D109/><U75/><E131/><V36/><F123/><W46/><G44/><T120/><D120/><U38/><E38/><V62/><F36/><W26/><REACH who="3" step="1"/><G26/><AGARI ba="0,0" hai="14,17,22,24,26,27,75,76,83,112,113" m="45162" machi="26" ten="30,1000,0" yaku="12,1" doraHai="97" who="1" fromWho="3" sc="280,0,355,10,222,0,143,-10" />
</Scene>
<Scene>
<INIT seed="4,0,0,5,1,98" ten="280,365,222,133" oya="0" hai0="19,21,99,130,12,74,79,93,56,118,78,131,47" hai1="102,90,3,70,114,108,120,36,67,68,101,95,84" hai2="81,123,25,20,62,6,40,38,122,45,71,110,129" hai3="64,42,2,97,58,23,121,13,29,126,106,83,112"/><T100/><D118/><U11/><E108/><V30/><F110/><W87/><G2/><T111/><D111/><U43/><E120/><V135/><F129/><N who="0" m="49162" /><D74/><U69/><E67/><V72/><F135/><W132/><G132/><T0/><D0/><U39/><E114/><V34/><F20/><W41/><G112/><T49/><D56/><U51/><E51/><V117/><F117/><W89/><G121/><T76/><D76/><U75/><E75/><V66/><REACH who="2" step="1"/><F6/><REACH who="2" ten="280,365,212,133" step="2"/><W53/><G126/><T28/><D28/><U48/><E11/><V77/><AGARI ba="0,1" hai="25,30,34,38,40,45,62,66,71,72,77,81,122,123" machi="77" ten="30,8000,1" yaku="1,1,2,1,0,1,23,2,53,0" doraHai="98" doraHaiUra="9" who="2" fromWho="2" sc="280,-40,365,-20,212,90,133,-20" />
</Scene>
<Scene>
<INIT seed="5,0,0,0,4,87" ten="240,345,302,113" oya="1" hai0="65,118,75,132,45,33,49,107,111,22,99,127,128" hai1="61,100,92,39,130,122,6,69,89,21,68,115,38" hai2="108,30,116,4,26,123,71,1,64,67,53,42,96" hai3="28,47,37,14,126,24,125,70,54,101,35,114,91"/><U120/><E100/><V110/><F123/><W48/><G70/><T63/><D63/><U124/><E6/><V5/><F116/><W85/><G114/><T79/><D22/><U27/><E115/><V41/><F26/><W12/><G37/><T117/><D65/><U23/><E124/><V52/><F96/><W44/><G101/><T57/><D57/><U76/><E76/><V56/><F56/><W121/><G44/><T16/><D49/><U0/><E0/><V109/><F109/><W129/><G121/><T82/><D45/><U10/><E10/><V40/><F40/><W2/><G2/><T97/><D97/><U19/><E130/><V104/><F1/><W11/><G129/><T88/><D128/><U83/><E83/><V58/><F58/><W13/><G126/><T106/><D127/><U94/><E19/><V34/><F34/><W98/><G98/><T43/><D43/><U74/><E74/><V46/><F46/><W32/><G32/><T93/><D33/><U73/><E73/><V102/><F102/><W7/><REACH who="3" step="1"/><G125/><REACH who="3" ten="240,345,302,103" step="2"/><T60/><D117/><U105/><E69/><V15/><F71/><W131/><G131/><T119/><D118/><U72/><E122/><V59/><F108/><W3/><G3/><T55/><D119/><U135/><E120/><V103/><F103/><W133/><G133/><T17/><D132/><U66/><E135/><V18/><F110/><W84/><G84/><T78/><D111/><U29/><E68/><V134/><F134/><W62/><G62/><T50/><D60/><U25/><E61/><V112/><F112/><RYUUKYOKU ba="0,1" sc="240,-10,345,-10,302,-10,103,30" hai3="7,11,12,13,14,24,28,35,47,48,54,85,91" />
</Scene>
<Scene>
<INIT seed="6,1,1,0,4,92" ten="230,335,292,133" oya="2" hai0="34,135,90,86,117,1,122,15,66,50,121,32,29" hai1="28,47,44,73,114,115,24,55,85,72,84,62,89" hai2="130,113,56,116,35,46,60,61,76,96,39,133,22" hai3="81,16,23,112,109,40,83,7,51,105,11,31,20"/><V111/><F116/><W41/><G105/><T98/><D1/><U45/><E62/><V21/><F35/><W5/><G112/><N who="1" m="43050" /><E55/><V3/><F3/><W8/><G51/><T54/><D135/><U101/><E101/><V106/><F133/><W119/><G31/><T58/><D117/><U65/><E65/><V63/><F56/><W123/><G119/><T10/><D66/><U124/><E124/><V97/><F111/><W74/><G74/><N who="1" m="28778" /><E89/><V68/><F68/><W107/><G107/><T25/><D32/><AGARI ba="1,1" hai="24,28,32,44,45,47,84,85" m="28778,43050" machi="32" ten="40,1300,0" yaku="15,1" doraHai="92" who="1" fromWho="0" sc="230,-16,335,26,292,0,133,0" />
</Scene>
<Scene>
<INIT seed="7,0,0,1,3,96" ten="214,361,292,133" oya="3" hai0="132,118,103,113,80,22,86,92,104,75,43,55,64" hai1="79,94,81,102,83,116,1,87,76,91,89,27,95" hai2="45,8,38,126,19,69,110,11,25,60,66,61,46" hai3="123,85,54,14,16,56,39,35,24,2,115,82,130"/><W127/><G123/><T40/><D118/><U47/><E1/><V134/><F110/><W3/><G39/><T12/><D132/><U97/><E116/><V50/><F134/><W7/><G115/><T122/><D122/><U125/><E125/><V58/><F126/><W74/><G74/><T36/><D64/><U119/><E119/><V100/><F100/><W107/><G107/><T106/><D113/><U88/><E27/><V72/><F72/><W49/><G127/><T135/><D135/><U53/><E53/><V78/><F78/><N who="1" m="29737" /><E47/><V34/><F34/><W5/><G130/><T133/><D75/><U29/><E29/><V77/><F77/><W62/><G35/><T48/><D133/><U105/><E87/><V120/><F120/><W0/><G24/><T63/><D36/><U121/><E121/><V9/><F69/><W37/><G37/><T28/><D106/><U30/><E30/><V68/><F68/><W6/><G85/><T31/><D31/><U114/><E114/><V98/><F25/><W57/><G82/><AGARI ba="0,0" hai="81,82,83,88,89,91,94,95,97,102,105" m="29737" machi="82" ten="30,12000,2" yaku="35,5,52,1,54,1" doraHai="96" who="1" fromWho="3" sc="214,0,361,120,292,0,133,-120" owari="214,-19.0,481,59.0,292,9.0,13,-49.0" />
</Scene>
</mjloggm>