<mjloggm ver="2.3"><GO type="169" lobby="0"/><UN n0="%6E%69%63%6B%2E" n1="%E3%82%86%E3%81%86%E3%81%B4" n2="%6E%61%63%6F%6D%61%69%69" n3="%E5%A4%AA%E3%81%8F%E3%81%AA%E3%81%84%E3%81%8A" dan="17,16,16,17" rate="2244.30,2158.85,2132.30,2172.55" sx="M,M,F,M"/><TAIKYOKU oya="0"/>

<Scene>
<INIT seed="0,0,0,1,0,72" ten="250,250,250,250" oya="0" hai0="60,77,61,38,50,91,39,101,67,13,112,52,24" hai1="49,28,115,48,96,40,6,47,87,31,63,9,12" hai2="66,4,79,117,7,128,97,105,83,17,58,16,102" hai3="130,95,41,65,127,78,53,90,106,114,134,126,26"/><T123/><D112/><U5/><E115/><V107/><F105/><W104/><G114/><T131/><D123/><U10/><E96/><V98/><F98/><N who="3" m="57719" /><G41/><T86/><D131/><U122/><E122/><V23/><F117/><W27/><G65/><T94/><D101/><U11/><E63/><V1/><F128/><W118/><G130/><T18/><D24/><N who="3" m="9257" /><G118/><T15/><D77/><U88/><E49/><V30/><F1/><W116/><G116/><T73/><D73/><U92/><REACH who="1" step="1"/><E11/><REACH who="1" ten="250,240,250,250" step="2"/><V36/><F97/><W124/><G127/><T110/><D61/><U25/><E25/><V103/><F107/><W56/><G106/><T43/><D38/><U22/><E22/><V46/><F36/><W75/><G104/><T3/><D39/><U37/><E37/><V113/><F113/><W125/><G126/><T69/><D60/><U100/><E100/><V99/><F99/><W59/><G125/><T57/><D50/><U55/><E55/><V8/><F8/><W133/><G124/><T129/><D52/><U54/><E54/><V62/><F62/><W109/><G53/><T35/><D129/><U89/><E89/><V119/><F119/><W21/><G21/><T70/><D91/><U135/><E135/><V64/><F23/><W80/><G56/><T108/><D57/><U2/><AGARI ba="0,1" hai="2,5,6,9,10,12,28,31,40,47,48,87,88,92" machi="2" ten="20,5200,0" yaku="1,1,0,1,7,1,54,1,53,0" doraHai="72" doraHaiUra="132" who="1" fromWho="1" sc="250,-26,240,62,250,-13,250,-13" />
</Scene>
<Scene>
<INIT seed="1,0,0,4,5,57" ten="224,302,237,237" oya="1" hai0="93,22,12,88,75,76,114,121,130,65,107,10,119" hai1="127,53,45,83,43,80,23,132,66,105,3,19,2" hai2="72,58,18,117,42,56,20,97,79,50,124,134,98" hai3="47,41,15,14,8,69,27,109,90,16,11,126,64"/><U17/><E105/><V37/><F117/><W1/><G109/><T101/><D119/><U67/><E127/><V51/><F134/><W9/><G126/><T63/><D114/><U36/><E53/><V29/><F29/><W122/><G122/><T110/><D110/><U120/><E120/><V60/><F72/><W125/><G125/><T33/><D33/><U73/><E132/><V113/><F37/><W54/><G1/><T38/><D121/><U81/><E73/><V111/><F79/><W55/><G27/><T4/><D38/><U0/><REACH who="1" step="1"/><E23/><REACH who="1" ten="224,292,237,237" step="2"/><V49/><F124/><W99/><G54/><T52/><D22/><U135/><E135/><V24/><F111/><W40/><G55/><T131/><D52/><U108/><E108/><V70/><F42/><W96/><G41/><T95/><D107/><U133/><E133/><V35/><F35/><W21/><G40/><T61/><D75/><U103/><E103/><V28/><F113/><W129/><G21/><T118/><D101/><U39/><E39/><V128/><F128/><W94/><G129/><T112/><D130/><U116/><E116/><V44/><F44/><W78/><G47/><T91/><D118/><U84/><E84/><V6/><F98/><W92/><G99/><N who="0" m="57767" /><D112/><U32/><E32/><V74/><F74/><W106/><G106/><T48/><D131/><U102/><E102/><V34/><F34/><W71/><G96/><N who="0" m="57471" /><D65/><AGARI ba="0,1" hai="0,2,3,17,19,36,43,45,65,66,67,80,81,83" machi="65" ten="50,2400,0" yaku="1,1,53,0" doraHai="57" doraHaiUra="115" who="1" fromWho="0" sc="224,-24,292,34,237,0,237,0" />
</Scene>
<Scene>
<INIT seed="1,1,0,3,1,128" ten="200,326,237,237" oya="1" hai0="81,54,135,78,84,116,114,48,94,107,127,77,22" hai1="110,16,47,67,9,70,5,50,23,80,113,34,130" hai2="8,52,35,12,6,59,75,86,98,66,83,115,88" hai3="25,30,39,133,108,95,104,92,31,96,55,2,117"/><U122/><E122/><V32/><F115/><W74/><G39/><T125/><D114/><U64/><E130/><V123/><F123/><W38/><G38/><T99/><D116/><U3/><E110/><V0/><F66/><W20/><G74/><T29/><D107/><U44/><E70/><V62/><F75/><W53/><G2/><T102/><D78/><U129/><E129/><V124/><F124/><W7/><G7/><T63/><D63/><U56/><E34/><V37/><F37/><W42/><G42/><T79/><D79/><U28/><E28/><V118/><F118/><W26/><G117/><T90/><D77/><U33/><E33/><V72/><F72/><W126/><G126/><N who="0" m="48139" /><D135/><U119/><E119/><V40/><F40/><W14/><G14/><T109/><D109/><U89/><E113/><V100/><REACH who="2" step="1"/><F0/><REACH who="2" ten="200,326,227,237" step="2"/><W51/><G108/><T19/><D29/><U93/><E67/><V103/><F103/><W91/><G55/><T57/><D102/><U18/><E64/><V68/><F68/><W36/><G36/><T120/><D120/><U73/><E73/><V1/><F1/><W132/><G53/><T58/><D54/><U43/><E43/><V121/><F121/><W101/><G101/><N who="0" m="60663" /><D48/><U4/><E50/><V111/><F111/><W97/><G51/><T82/><D82/><U131/><E131/><V21/><F21/><W134/><G20/><T87/><D87/><U106/><E23/><V85/><F85/><W27/><G104/><AGARI ba="1,1" hai="6,8,12,32,35,52,59,62,83,86,88,98,100,104" machi="104" ten="30,7700,0" yaku="1,1,7,1,54,2,53,0" doraHai="128" doraHaiUra="45" who="2" fromWho="3" sc="200,0,326,0,227,90,237,-80" />
</Scene>
<Scene>
<INIT seed="2,0,0,2,4,96" ten="200,326,317,157" oya="2" hai0="111,61,106,118,85,6,131,94,82,21,14,119,59" hai1="99,54,89,120,18,127,75,43,0,87,92,67,103" hai2="74,100,102,8,55,33,56,12,16,95,112,116,37" hai3="60,68,62,41,39,13,53,64,44,83,40,2,90"/><V9/><F74/><W66/><G2/><T48/><D106/><U121/><E0/><V11/><F116/><N who="0" m="44586" /><D111/><U49/><E67/><V86/><F33/><W7/><G90/><N who="0" m="51511" /><D131/><U125/><E43/><V58/><F37/><W124/><G83/><T126/><D126/><N who="1" m="48139" /><E18/><V109/><F112/><W34/><G34/><T104/><D104/><N who="1" m="63615" /><E54/><V25/><F25/><W45/><G124/><T113/><D113/><U63/><E63/><N who="2" m="36255" /><F58/><N who="3" m="36951" /><G13/><T135/><D135/><U38/><E49/><V20/><F109/><W115/><G7/><T36/><D36/><U76/><E38/><V117/><F117/><W93/><G93/><T69/><D69/><U98/><E75/><V88/><AGARI ba="0,0" hai="8,9,11,12,16,20,86,88,95,100,102" m="36255" machi="88" ten="30,12000,1" yaku="8,1,52,2,54,2" doraHai="96" who="2" fromWho="2" sc="200,-40,326,-40,317,120,157,-40" />
</Scene>
<Scene>
<INIT seed="2,1,0,1,1,123" ten="160,286,437,117" oya="2" hai0="31,77,113,99,80,16,74,131,8,61,92,93,120" hai1="6,21,116,119,55,2,133,106,44,84,122,56,71" hai2="22,111,27,24,23,42,88,105,96,110,76,68,0" hai3="12,15,130,95,41,125,98,53,25,28,81,4,10"/><V5/><F68/><W19/><G125/><T40/><D113/><U17/><E71/><V90/><F76/><W73/><G130/><T115/><D120/><U38/><E122/><V109/><F42/><W35/><G41/><T64/><D115/><U51/><E106/><V50/><F50/><W107/><G107/><T39/><D31/><U85/><E133/><V87/><F5/><W100/><G53/><T89/><D131/><U127/><E127/><V69/><F0/><W11/><G73/><T47/><D92/><U57/><E2/><V118/><F69/><W29/><G81/><T59/><REACH who="0" step="1"/><D8/><REACH who="0" ten="150,286,437,117" step="2"/><U65/><E116/><V91/><F118/><W45/><G35/><T46/><D46/><U20/><E119/><V43/><F105/><W78/><G45/><T124/><D124/><U82/><E21/><N who="2" m="7691" /><F96/><W52/><G25/><N who="2" m="9801" /><F43/><W135/><G135/><T132/><D132/><U121/><E121/><V63/><F63/><W37/><G37/><T72/><D72/><U101/><E38/><V34/><F34/><W62/><REACH who="3" step="1"/><G78/><REACH who="3" ten="150,286,437,107" step="2"/><T18/><AGARI ba="1,2" hai="16,18,39,40,47,59,61,64,74,77,80,89,93,99" machi="18" ten="30,4000,0" yaku="1,1,0,1,54,1,53,0" doraHai="123" doraHaiUra="9" who="0" fromWho="0" sc="150,63,286,-11,437,-21,107,-11" />
</Scene>
<Scene>
<INIT seed="3,0,0,0,5,96" ten="213,275,416,96" oya="3" hai0="74,93,18,89,131,4,39,24,35,13,118,5,52" hai1="27,125,87,133,94,92,21,88,19,121,111,10,81" hai2="28,64,0,17,126,1,128,29,77,68,31,106,105" hai3="51,7,108,3,41,46,2,102,54,107,11,70,63"/><W103/><G108/><T61/><D118/><U134/><E111/><V110/><F110/><W98/><G102/><T116/><D116/><U8/><E121/><V34/><F128/><W115/><G115/><T6/><D74/><U120/><E120/><V62/><F77/><W101/><G101/><T132/><D39/><U37/><E37/><V73/><F73/><W36/><G3/><T40/><D40/><U22/><E125/><V15/><F34/><W23/><G23/><T122/><D122/><U109/><E109/><V67/><F67/><W60/><REACH who="3" step="1"/><G70/><REACH who="3" ten="213,275,416,86" step="2"/><T14/><D131/><U12/><E134/><V16/><F0/><W50/><G50/><T57/><D132/><U80/><E133/><V100/><F100/><W117/><G117/><T45/><D35/><U53/><E22/><V66/><F1/><W9/><G9/><T82/><D61/><U83/><E8/><V112/><F68/><W75/><G75/><T79/><D18/><U130/><E130/><V76/><F112/><W43/><G43/><T71/><D71/><U129/><E129/><V85/><F62/><W86/><G86/><T95/><D5/><U72/><E72/><V44/><F85/><W104/><G104/><T119/><D6/><U135/><E135/><V32/><F105/><W33/><G33/><T49/><D4/><U91/><E10/><V56/><F106/><W25/><G25/><T65/><D24/><U55/><E27/><V20/><F17/><W42/><G42/><T30/><D119/><U48/><E48/><V69/><F32/><W99/><G99/><AGARI ba="0,1" hai="12,19,21,53,55,80,81,83,87,88,91,92,94,99" machi="99" ten="40,2600,0" yaku="8,1,54,1" doraHai="96" who="1" fromWho="3" sc="213,0,275,36,416,0,86,-26" />
</Scene>
<Scene>
<INIT seed="4,0,0,3,3,85" ten="213,311,416,60" oya="0" hai0="25,47,106,17,79,7,18,20,69,44,89,92,4" hai1="9,82,2,30,52,35,28,66,54,12,126,121,53" hai2="61,116,110,55,118,131,45,78,21,50,74,133,129" hai3="1,5,75,108,90,13,96,135,29,0,134,122,114"/><T39/><D106/><U77/><E121/><V95/><F110/><W34/><G75/><T109/><D69/><U123/><E123/><V117/><F133/><N who="3" m="50699" /><G122/><T31/><D109/><U27/><E126/><V71/><F95/><N who="3" m="56439" /><G108/><T128/><D128/><U127/><E127/><V65/><F21/><W99/><G114/><T76/><D17/><U115/><E115/><V33/><F33/><W26/><G99/><T32/><D76/><U105/><E105/><V24/><F24/><W84/><G84/><T70/><D79/><U87/><E66/><V3/><F3/><W49/><G49/><T22/><D70/><U86/><E30/><V42/><F78/><W37/><G37/><T62/><D62/><U120/><E120/><V10/><F10/><AGARI ba="0,0" hai="0,1,5,10,13,26,29,34" m="56439,50699" machi="10" ten="30,2000,0" yaku="20,1,52,1" doraHai="85" who="3" fromWho="2" sc="213,0,311,0,416,-20,60,20" />
</Scene>
<Scene>
<INIT seed="5,0,0,5,2,71" ten="213,311,396,80" oya="1" hai0="74,20,78,45,112,66,87,62,0,8,15,80,93" hai1="46,85,98,134,23,32,42,104,84,63,19,10,96" hai2="38,17,109,55,89,28,3,69,106,124,22,12,27" hai3="47,39,114,16,119,107,5,60,135,72,4,82,18"/><U68/><E32/><V40/><F106/><W49/><G107/><T6/><D112/><U90/><E134/><V26/><F69/><W126/><G114/><T57/><D45/><U9/><E85/><V58/><F109/><W101/><G101/><T120/><D120/><U130/><E130/><V133/><F3/><W51/><G135/><T73/><D93/><U122/><E122/><V48/><F124/><W131/><G126/><T30/><REACH who="0" step="1"/><D15/><REACH who="0" ten="203,311,396,80" step="2"/><N who="1" m="9727" /><E104/><V54/><F133/><W2/><G131/><T123/><D123/><U113/><E113/><V83/><F12/><W70/><G2/><T95/><D95/><N who="1" m="54727" /><E46/><V35/><F83/><W36/><G47/><T24/><AGARI ba="0,1" hai="0,6,8,20,24,30,57,62,66,73,74,78,80,87" machi="24" ten="30,4000,0" yaku="1,1,0,1,53,1" doraHai="71" doraHaiUra="21" who="0" fromWho="0" sc="203,50,311,-20,396,-10,80,-10" />
</Scene>
<Scene>
<INIT seed="6,0,0,0,2,48" ten="253,291,386,70" oya="2" hai0="85,11,133,50,62,9,4,37,131,76,45,47,22" hai1="110,91,56,125,101,6,54,65,51,28,39,120,100" hai2="16,26,129,116,53,92,70,112,72,44,79,35,81" hai3="119,113,77,98,93,117,95,0,21,135,84,60,66"/><V106/><F112/><W63/><G0/><T14/><D133/><U61/><E110/><V58/><F70/><W87/><G135/><T130/><D22/><U126/><E39/><V34/><F106/><W108/><G21/><T134/><D134/><U105/><E105/><V57/><F116/><W96/><G77/><T86/><D37/><U99/><E6/><V115/><F115/><W109/><G113/><T124/><D124/><N who="1" m="47723" /><E28/><V82/><F58/><W94/><G66/><T49/><D62/><U68/><E120/><V102/><F44/><W5/><G5/><T46/><D11/><U41/><E41/><V25/><F82/><W36/><G36/><T2/><D2/><U1/><E1/><V23/><F26/><W38/><G38/><T64/><D64/><U104/><E91/><V114/><F129/><N who="0" m="49162" /><D76/><U3/><E3/><V18/><F18/><W69/><REACH who="3" step="1"/><G94/><REACH who="3" ten="253,291,386,60" step="2"/><T27/><D27/><U80/><E80/><V15/><F114/><W30/><G30/><T8/><D8/><U97/><E104/><V42/><F81/><W12/><G12/><T83/><D83/><U90/><E65/><V132/><F132/><W13/><G13/><T128/><D128/><U55/><E68/><AGARI ba="0,1" hai="60,63,68,69,84,87,93,95,96,98,108,109,117,119" machi="68" ten="25,3200,0" yaku="1,1,22,2,53,0" doraHai="48" doraHaiUra="43" who="3" fromWho="1" sc="253,0,291,-32,386,0,60,42" />
</Scene>
<Scene>
<INIT seed="7,0,0,1,1,126" ten="253,259,386,102" oya="3" hai0="0,7,24,86,2,43,18,111,109,54,120,94,118" hai1="80,71,65,34,110,121,3,47,38,91,127,11,33" hai2="41,77,35,56,14,66,45,105,85,44,49,50,60" hai3="16,114,48,21,92,36,113,26,8,28,116,40,106"/><W76/><G106/><T125/><D43/><U90/><E110/><N who="0" m="41993" /><D94/><U10/><E127/><V133/><F35/><W53/><G116/><T81/><D54/><U87/><E121/><V30/><F30/><W132/><G132/><T15/><D86/><U69/><E38/><V19/><F133/><W96/><G76/><T115/><D81/><U42/><E42/><V57/><F56/><W63/><G63/><T78/><D78/><U62/><E47/><V58/><F57/><W112/><G40/><T119/><D120/><U17/><E71/><V75/><F75/><W29/><G36/><T102/><D102/><U130/><E130/><V22/><F105/><W83/><G83/><T27/><D125/><U89/><E11/><V59/><F59/><N who="3" m="33191" /><G8/><N who="0" m="2167" /><D0/><U55/><E55/><V82/><F45/><W64/><G64/><T117/><D115/><N who="3" m="29441" /><W37/><DORA hai="122" /><G37/><AGARI ba="0,0" hai="14,19,22,37,41,44,49,50,58,60,66,77,82,85" machi="37" ten="30,1000,0" yaku="7,1" doraHai="126,122" who="2" fromWho="3" sc="253,0,259,0,386,10,102,-10" owari="253,-15.0,259,6.0,396,50.0,92,-41.0" />
</Scene>
</mjloggm>