<mjloggm ver="2.3"><GO type="169" lobby="0"/><UN n0="%E5%A4%AA%E3%81%8F%E3%81%AA%E3%81%84%E3%81%8A" n1="%58%E7%8C%AB" n2="%E3%82%88%E3%81%86%E3%81%B8%E3%83%BC%58" n3="%E3%82%82%E3%82%84%E3%81%97%E3%82%82%E3%82%93" dan="17,16,17,16" rate="2137.56,2060.45,2126.37,2164.90" sx="M,M,M,F"/><TAIKYOKU oya="0"/>

<Scene>
<INIT seed="0,0,0,5,1,42" ten="250,250,250,250" oya="0" hai0="49,75,112,115,117,108,103,85,46,18,7,99,72" hai1="14,39,69,133,54,119,51,33,79,10,20,26,4" hai2="127,78,124,80,71,12,68,13,25,23,48,65,125" hai3="15,22,73,96,89,45,66,17,102,62,16,95,57"/><T123/><D117/><U100/><E119/><V24/><F48/><W55/><G73/><T134/><D123/><U110/><E133/><V122/><F122/><W81/><G17/><T118/><D118/><U70/><E39/><V6/><F6/><W11/><G22/><T121/><D121/><U34/><E110/><V37/><F37/><W98/><G81/><T61/><D7/><U5/><E5/><V1/><F1/><W87/><G102/><T130/><D134/><U90/><E100/><V120/><F120/><W131/><G131/><T76/><D130/><U43/><E43/><V3/><F3/><W53/><G66/><T111/><D61/><U114/><E114/><N who="0" m="43561" /><D18/><U74/><E34/><V88/><F65/><W116/><G116/><T27/><D27/><U132/><E132/><V92/><F24/><W35/><G35/><T21/><D21/><U94/><E79/><V64/><F64/><W91/><G91/><T101/><D85/><U63/><E74/><N who="0" m="28201" /><D99/><U50/><E33/><V129/><F129/><W59/><G45/><T60/><D60/><AGARI ba="0,0" hai="11,15,16,53,55,57,59,60,62,87,89,95,96,98" machi="60" ten="30,7700,0" yaku="7,1,9,1,8,1,54,1" doraHai="42" who="3" fromWho="0" sc="250,-77,250,0,250,0,250,77" />
</Scene>
<Scene>
<INIT seed="1,0,0,3,3,127" ten="173,250,250,327" oya="1" hai0="60,77,91,118,74,126,81,85,106,58,65,36,125" hai1="34,59,124,41,71,131,4,32,24,108,42,40,54" hai2="100,92,2,128,87,119,20,97,99,56,15,70,109" hai3="13,101,30,94,52,121,28,84,112,62,21,132,11"/><U43/><E71/><V5/><F70/><W98/><G112/><T75/><D118/><U113/><E113/><V37/><F119/><W51/><G132/><T111/><D36/><U14/><E124/><N who="0" m="47721" /><D111/><U35/><E108/><V83/><F37/><W86/><G121/><T1/><D1/><U130/><N who="1" m="10752" /><DORA hai="3" /><U27/><E14/><V39/><F39/><W93/><G62/><T90/><D106/><U17/><E4/><V12/><F99/><W122/><G122/><T47/><D47/><U38/><E38/><V25/><F56/><W88/><G21/><T22/><D22/><U49/><REACH who="1" step="1"/><E17/><REACH who="1" ten="173,240,250,327" step="2"/><N who="2" m="12431" /><F109/><W79/><G13/><T116/><D116/><U102/><E102/><V95/><F2/><W68/><G68/><T114/><D114/><U63/><E63/><V29/><F5/><W66/><G11/><T46/><D46/><U117/><E117/><V31/><F12/><W23/><G23/><T9/><D9/><U80/><E80/><V16/><F83/><N who="3" m="47231" /><G66/><T89/><AGARI ba="0,1" hai="58,60,65,74,75,77,81,85,89,90,91" m="47721" machi="89" ten="30,1100,0" yaku="18,1" doraHai="127,3" who="0" fromWho="0" sc="173,21,240,-5,250,-3,327,-3" />
</Scene>
<Scene>
<INIT seed="2,0,0,1,5,122" ten="194,235,247,324" oya="2" hai0="21,64,52,132,36,115,112,97,85,117,110,108,94" hai1="20,100,67,37,98,53,101,126,99,45,79,105,120" hai2="57,88,103,83,28,22,24,39,15,34,107,30,95" hai3="70,11,47,3,50,91,102,33,8,77,134,35,54"/><V32/><F39/><W125/><G70/><T68/><D36/><U71/><E120/><V4/><F83/><W48/><G125/><T10/><D117/><U93/><E126/><V119/><F119/><W29/><G134/><T113/><D132/><U63/><E79/><V49/><F107/><W43/><G77/><T44/><D85/><U14/><E37/><V80/><F80/><W111/><G111/><N who="0" m="42539" /><D21/><U59/><E45/><V104/><F104/><W116/><G102/><N who="0" m="60727" /><D10/><U133/><E133/><V17/><F103/><W84/><G116/><T1/><D1/><U25/><E14/><V73/><F73/><W38/><G11/><T128/><D128/><U121/><E121/><V135/><F135/><W42/><G8/><T78/><D78/><U61/><E20/><V127/><F127/><W66/><G3/><T6/><D6/><U130/><E130/><V19/><F4/><W13/><G35/><T40/><D40/><U89/><E25/><V0/><F0/><W87/><G42/><T123/><D123/><U74/><E74/><V2/><F2/><W75/><G38/><T56/><D44/><U18/><E18/><V26/><F17/><W96/><G75/><T76/><D76/><U7/><E7/><V31/><F31/><W90/><G29/><T118/><D118/><U109/><E109/><V60/><F32/><W82/><G33/><T72/><D72/><U124/><E124/><V55/><F30/><W92/><G84/><T46/><D46/><U5/><E5/><V62/><F26/><W9/><G47/><T51/><D115/><U131/><E131/><RYUUKYOKU ba="0,0" sc="194,10,235,10,247,10,324,-30" hai0="51,52,56,64,68,112,113" hai1="53,59,61,63,67,71,89,93,98,99,100,101,105" hai2="15,19,22,24,28,34,49,55,57,60,62,88,95" />
</Scene>
<Scene>
<INIT seed="2,1,0,1,0,120" ten="204,245,257,294" oya="2" hai0="38,99,96,98,33,59,116,84,51,76,50,127,31" hai1="46,2,89,94,113,43,39,131,62,53,0,107,111" hai2="41,32,17,42,26,75,133,1,23,100,103,16,123" hai3="132,106,35,15,52,83,130,102,109,7,8,115,21"/><V28/><F123/><W40/><G35/><T88/><D38/><U36/><E113/><V86/><F75/><W4/><G115/><T79/><D127/><U58/><E107/><V48/><F1/><W27/><G130/><T68/><D68/><U29/><E131/><V77/><F133/><W24/><G132/><T118/><D31/><U70/><E111/><V6/><F6/><W90/><G40/><N who="2" m="15465" /><F48/><N who="0" m="18474" /><D59/><U12/><E36/><V3/><F32/><W72/><G109/><T82/><D33/><U57/><E29/><V92/><F3/><W44/><G102/><N who="2" m="38953" /><F92/><W14/><G106/><T112/><D112/><U34/><E34/><V135/><F135/><W60/><G72/><T67/><D67/><U5/><E70/><V121/><F121/><W22/><G44/><T73/><D73/><U110/><E58/><V45/><F45/><W81/><G60/><T18/><D18/><U74/><E110/><V114/><F114/><W64/><G64/><T122/><D122/><U97/><E74/><V20/><F23/><W9/><REACH who="3" step="1"/><G90/><REACH who="3" ten="204,245,257,284" step="2"/><T108/><D108/><U54/><E53/><AGARI ba="1,1" hai="4,7,8,9,14,15,21,22,24,27,52,53,81,83" machi="53" ten="25,12000,2" yaku="1,1,2,1,22,2,8,1,54,1,53,0" doraHai="120" doraHaiUra="95" who="3" fromWho="1" sc="204,0,245,-123,257,0,284,133" />
</Scene>
<Scene>
<INIT seed="3,0,0,1,0,103" ten="204,122,257,417" oya="3" hai0="87,58,7,82,18,76,95,55,37,21,107,128,130" hai1="52,5,48,41,88,22,62,121,75,27,132,124,11" hai2="98,59,109,84,51,72,32,33,133,69,91,85,106" hai3="15,129,104,8,13,122,134,6,19,99,90,93,44"/><W94/><G122/><T30/><D37/><U116/><E121/><V80/><F69/><W20/><G129/><N who="0" m="49771" /><D7/><U61/><E132/><V49/><F133/><W119/><G134/><T40/><D40/><U29/><E124/><V86/><F109/><W115/><G119/><T16/><D95/><U65/><E75/><V114/><F114/><W56/><G115/><T131/><N who="0" m="49779" /><T23/><DORA hai="73" /><D107/><U31/><E116/><V96/><F85/><W71/><G71/><T120/><D120/><U81/><E41/><V28/><F72/><W101/><G44/><T110/><D110/><U127/><E127/><V9/><F80/><W125/><G125/><T43/><D43/><U54/><E31/><V50/><F28/><W46/><G46/><T25/><D23/><U97/><E54/><V2/><F106/><W77/><G77/><T92/><D92/><U126/><E126/><V57/><F86/><W118/><G118/><T89/><D89/><U70/><E62/><AGARI ba="0,0" hai="16,18,21,25,30,55,58,62,76,82,87" m="49779" machi="62" ten="40,5200,0" yaku="19,1,52,1,54,1" doraHai="103,73" who="0" fromWho="1" sc="204,52,122,-52,257,0,417,0" />
</Scene>
<Scene>
<INIT seed="4,0,0,0,2,76" ten="256,70,257,417" oya="0" hai0="124,33,9,64,11,29,101,109,100,68,20,81,34" hai1="12,89,0,69,111,116,53,7,117,80,23,40,92" hai2="118,112,95,8,21,59,94,16,62,104,70,2,86" hai3="129,122,131,48,47,133,58,5,77,54,78,14,42"/><T22/><D64/><U61/><E111/><V93/><F70/><W98/><G133/><T114/><D68/><U102/><E0/><V3/><F104/><W113/><G113/><T79/><D114/><U120/><E120/><V119/><F8/><N who="3" m="4367" /><G122/><T108/><D79/><U19/><E40/><V1/><F112/><W41/><G98/><T37/><D29/><U105/><E7/><V46/><F46/><W123/><G41/><T134/><D134/><U82/><E105/><V91/><F59/><W74/><G74/><T39/><D124/><U99/><E69/><V85/><F62/><N who="3" m="36183" /><G123/><T51/><D51/><U50/><E61/><V36/><F36/><W56/><G56/><T25/><D25/><U67/><E67/><V132/><F132/><W97/><G97/><T87/><D87/><U103/><E117/><N who="2" m="44555" /><F86/><W49/><G49/><T45/><D45/><N who="1" m="27855" /><E116/><V17/><F21/><W125/><G125/><T126/><D126/><U4/><E4/><V110/><F110/><W71/><G71/><T96/><D96/><U84/><E99/><V83/><AGARI ba="0,0" hai="1,2,3,16,17,83,85,91,93,94,95" m="44555" machi="83" ten="40,5200,0" yaku="12,1,52,1,54,1" doraHai="76" who="2" fromWho="2" sc="256,-26,70,-13,257,52,417,-13" />
</Scene>
<Scene>
<INIT seed="5,0,0,1,5,100" ten="230,57,309,404" oya="1" hai0="59,36,117,124,63,45,95,19,80,97,50,90,67" hai1="10,82,66,130,20,108,18,125,87,16,48,3,73" hai2="75,55,83,88,94,44,61,39,49,56,104,129,25" hai3="135,81,123,127,32,79,101,13,112,134,41,1,114"/><U4/><E125/><V12/><F129/><W132/><G127/><T126/><D117/><U27/><E130/><V98/><F39/><W86/><G1/><T37/><D126/><U96/><E73/><V38/><F38/><W5/><G123/><T11/><D124/><U64/><E108/><V14/><F104/><W15/><G32/><T30/><D30/><U110/><E110/><V0/><F0/><W128/><G128/><T91/><D19/><U33/><E96/><V70/><F70/><W2/><G41/><T92/><D80/><U121/><E121/><V51/><F51/><W105/><G2/><T99/><D11/><U52/><E18/><V119/><F119/><W116/><G116/><T74/><D74/><U60/><E60/><V103/><F25/><W93/><G93/><T106/><D106/><U42/><E42/><AGARI ba="0,0" hai="36,37,42,45,50,59,63,67,90,91,92,95,97,99" machi="42" ten="30,2000,0" yaku="7,1,9,1" doraHai="100" who="0" fromWho="1" sc="230,20,57,-20,309,0,404,0" />
</Scene>
<Scene>
<INIT seed="6,0,0,4,3,70" ten="250,37,309,404" oya="2" hai0="119,33,107,86,93,26,109,64,25,20,80,78,40" hai1="14,123,121,46,108,112,43,27,100,84,5,130,129" hai2="56,61,122,69,29,23,127,101,38,98,81,133,37" hai3="34,36,58,9,11,8,41,102,83,10,77,120,39"/><V72/><F122/><N who="1" m="46601" /><E100/><V2/><F69/><W115/><G41/><T13/><D107/><U19/><E84/><V60/><F2/><W95/><G120/><T32/><D109/><U7/><E43/><V17/><F29/><W135/><G135/><T75/><D119/><U90/><E46/><V0/><F0/><W110/><G110/><T131/><D131/><N who="1" m="50187" /><E90/><V118/><F118/><W42/><G34/><T24/><D40/><U16/><E108/><V54/><F133/><W85/><G42/><T21/><D64/><U116/><E116/><V94/><F61/><W51/><G115/><T134/><D134/><U71/><E71/><V67/><F67/><W132/><G132/><T1/><D93/><U49/><E49/><V68/><F68/><W12/><G102/><T92/><D92/><U66/><E66/><V114/><F114/><W52/><REACH who="3" step="1"/><G95/><REACH who="3" ten="250,37,309,394" step="2"/><T45/><D33/><U65/><E112/><V18/><F101/><W88/><G88/><T28/><D32/><U31/><E65/><V125/><F94/><W91/><G91/><T87/><D78/><U105/><E105/><V117/><F117/><W73/><G73/><T63/><D75/><U97/><E97/><V113/><F98/><W103/><G103/><T48/><D87/><U104/><E104/><V76/><F113/><W35/><G35/><T99/><D86/><U4/><E14/><V126/><F23/><AGARI ba="0,1" hai="4,5,7,16,19,23,27,31" m="50187,46601" machi="23" ten="40,8000,1" yaku="13,1,19,1,34,2,54,1" doraHai="70" who="1" fromWho="2" sc="250,0,37,90,309,-80,394,0" />
</Scene>
<Scene>
<INIT seed="7,0,0,4,1,54" ten="250,127,229,394" oya="3" hai0="38,34,85,53,2,86,82,18,16,57,5,4,46" hai1="33,13,88,99,106,65,78,41,66,44,73,37,72" hai2="74,123,19,135,115,134,17,56,126,21,92,35,113" hai3="132,96,84,40,129,95,97,59,29,93,58,79,75"/><W28/><G75/><T15/><D34/><U8/><E33/><V116/><F116/><W63/><G129/><T32/><D32/><U130/><E130/><V42/><F35/><W83/><G132/><N who="2" m="50729" /><F126/><W100/><G40/><T22/><D2/><U51/><E37/><V114/><F123/><W9/><G9/><N who="0" m="6255" /><D46/><U112/><E112/><V125/><F125/><W25/><G25/><N who="0" m="14551" /><D38/><U98/><E66/><V111/><F111/><W87/><G87/><N who="0" m="33291" /><D82/><U27/><E27/><N who="2" m="14767" /><F74/><W20/><G20/><T36/><D36/><U64/><E64/><V117/><F117/><W67/><G28/><T101/><D101/><U80/><E72/><V14/><F42/><W103/><G29/><T7/><D7/><U124/><E124/><V31/><F31/><W52/><G67/><T0/><D0/><U47/><E106/><V11/><F92/><W39/><G39/><T90/><D90/><U62/><E44/><V104/><F104/><W120/><G120/><T55/><D55/><U30/><E30/><V50/><F115/><W1/><G1/><T118/><D118/><U60/><E60/><AGARI ba="0,0" hai="4,5,53,57,60" m="33291,14551,6255" machi="60" ten="30,3900,0" yaku="8,1,52,1,54,1" doraHai="54" who="0" fromWho="1" sc="250,39,127,-39,229,0,394,0" owari="289,9.0,88,-41.0,229,-17.0,394,49.0" />
</Scene>
</mjloggm>