<mjloggm ver="2.3"><GO type="169" lobby="0"/><UN n0="%E3%82%BF%EF%BD%9E%E5%9D%8A" n1="%E3%82%A2%E3%83%83%E3%83%97%E3%83%AB%E3%82%B0%E3%83%9F" n2="%E7%B6%BE%E9%A6%99" n3="%E5%A4%AA%E3%81%8F%E3%81%AA%E3%81%84%E3%81%8A" dan="16,17,17,17" rate="2105.77,2213.32,2242.25,2166.47" sx="M,M,F,M"/><TAIKYOKU oya="0"/>

<Scene>
<INIT seed="0,0,0,4,4,130" ten="250,250,250,250" oya="0" hai0="128,111,64,1,69,29,40,50,86,117,101,59,134" hai1="46,68,82,24,14,61,116,39,11,123,30,8,10" hai2="35,121,17,127,110,6,72,84,31,105,18,118,78" hai3="53,34,91,13,3,52,124,129,41,95,44,109,103"/><T7/><D117/><U119/><E123/><V25/><F105/><W67/><G3/><T74/><D74/><U63/><E119/><V97/><F121/><W79/><G34/><T2/><D69/><U42/><E116/><V49/><F118/><W38/><G129/><T16/><D128/><U87/><E14/><V56/><F72/><W47/><G109/><T48/><D111/><U102/><E102/><V22/><F6/><W43/><G124/><T66/><D101/><U80/><E68/><V57/><F127/><W65/><G79/><T88/><D29/><U51/><E39/><V36/><F36/><W90/><G103/><T122/><D122/><U15/><E15/><V12/><F110/><W21/><G13/><T132/><D40/><U0/><E0/><N who="0" m="105" /><D7/><U107/><E107/><V23/><F97/><W92/><G38/><T58/><D16/><U112/><E112/><V54/><F78/><W104/><G104/><T28/><D28/><U96/><E96/><V108/><F108/><W126/><G126/><T114/><D114/><U9/><N who="1" m="2048" /><DORA hai="55" /><U100/><E100/><V76/><F76/><W19/><REACH who="3" step="1"/><G19/><REACH who="3" ten="250,250,250,240" step="2"/><T115/><D115/><U33/><REACH who="1" step="1"/><E80/><REACH who="1" ten="250,240,250,240" step="2"/><V99/><F12/><W93/><G93/><N who="0" m="54423" /><D66/><U75/><E75/><V20/><F17/><W133/><G133/><N who="0" m="51307" /><D64/><U70/><E70/><V73/><F18/><W106/><G106/><T71/><D71/><U27/><E27/><V45/><F25/><W81/><G81/><T26/><D26/><U89/><AGARI ba="0,2" hai="24,30,33,42,46,51,61,63,82,87,89" m="2048" machi="89" ten="40,2700,0" yaku="1,1,0,1,53,0" doraHai="130,55" doraHaiUra="131,125" who="1" fromWho="1" sc="250,-13,240,47,250,-7,240,-7" />
</Scene>
<Scene>
<INIT seed="1,0,0,5,2,7" ten="237,287,243,233" oya="1" hai0="37,66,29,84,68,121,21,112,65,106,125,16,88" hai1="53,115,105,32,11,79,2,13,70,120,73,131,33" hai2="80,83,44,34,116,63,18,82,54,91,95,77,62" hai3="93,133,0,35,108,76,123,124,117,50,19,52,3"/><U30/><E70/><V58/><F34/><W87/><G123/><T85/><D106/><U98/><E120/><V6/><F116/><W130/><G35/><T102/><D121/><U118/><E115/><V38/><F6/><W75/><G117/><T92/><D112/><U25/><E118/><V9/><F77/><W109/><G75/><T104/><D37/><U127/><E131/><V110/><F110/><N who="3" m="42603" /><G130/><T22/><D125/><U111/><E111/><V4/><F18/><W135/><G124/><T129/><D129/><U94/><E127/><V57/><F38/><W126/><G126/><T12/><D68/><U43/><E105/><V61/><F44/><N who="3" m="27719" /><G19/><T97/><REACH who="0" step="1"/><D85/><REACH who="0" ten="227,287,243,233" step="2"/><U69/><E69/><V114/><F114/><W20/><G135/><T47/><D47/><U10/><E73/><V5/><F58/><W128/><G133/><T59/><D59/><U71/><E71/><V64/><F57/><W89/><G128/><T28/><D28/><U122/><E122/><V48/><F64/><W55/><G87/><T132/><D132/><U41/><E32/><V39/><F39/><W96/><G20/><T72/><D72/><U67/><E33/><V14/><F62/><W100/><G76/><T119/><D119/><U42/><E79/><V99/><F61/><W74/><G74/><T51/><D51/><U86/><E86/><V40/><F63/><W46/><G89/><T1/><D1/><U49/><E2/><V56/><F40/><W107/><G107/><T31/><D31/><U90/><E67/><V78/><F78/><W27/><G0/><T45/><D45/><RYUUKYOKU ba="0,1" sc="227,15,287,-15,243,15,233,-15" hai0="12,16,21,22,29,65,66,84,88,92,97,102,104" hai2="4,5,9,14,48,54,56,80,82,83,91,95,99" />
</Scene>
<Scene>
<INIT seed="2,1,1,1,3,5" ten="242,272,258,218" oya="2" hai0="11,29,58,20,33,36,64,72,115,130,109,42,10" hai1="80,70,90,84,49,55,16,85,21,83,89,118,79" hai2="28,30,110,98,78,101,66,114,35,62,61,116,27" hai3="65,18,15,71,122,17,68,24,76,102,41,0,127"/><V87/><F116/><W75/><G0/><T56/><D33/><U2/><E2/><V8/><F114/><W74/><G122/><T46/><D72/><U25/><E70/><V131/><F30/><W106/><G41/><T1/><D115/><U104/><E104/><V129/><F110/><W59/><G127/><T126/><D109/><U4/><E4/><V123/><F123/><W50/><G24/><T100/><D126/><U26/><E118/><V95/><F8/><W132/><G132/><T103/><D130/><N who="2" m="49674" /><F66/><W94/><G106/><T12/><D1/><U105/><E105/><V124/><F124/><W117/><G117/><T60/><D58/><U120/><E120/><V19/><F19/><W57/><G50/><T6/><REACH who="0" step="1"/><D10/><REACH who="0" ten="232,272,258,218" step="2"/><U32/><E32/><V67/><F67/><W14/><G65/><T86/><D86/><U111/><E111/><V47/><F47/><W135/><G59/><T13/><D13/><N who="1" m="9359" /><E79/><V133/><F133/><W73/><G76/><T31/><D31/><U7/><E84/><V96/><F98/><N who="3" m="59735" /><G135/><T121/><D121/><U92/><E85/><V128/><F128/><W53/><G14/><T3/><D3/><U97/><E97/><V43/><F78/><W38/><G15/><T54/><D54/><U69/><E55/><V45/><F87/><W51/><G68/><T77/><D77/><U119/><E69/><V52/><F52/><W40/><G71/><T88/><D88/><U34/><E89/><V22/><F35/><W134/><G134/><T81/><D81/><U108/><E90/><V99/><F96/><W23/><G23/><RYUUKYOKU ba="1,2" sc="232,10,272,-30,258,10,218,10" hai0="6,11,12,20,29,36,42,46,56,60,64,100,103" hai2="22,27,28,43,45,61,62,95,99,101" hai3="17,18,38,40,51,53,57,73,74,75" />
</Scene>
<Scene>
<INIT seed="2,2,2,5,5,41" ten="242,242,268,228" oya="2" hai0="110,1,131,98,27,48,82,107,78,65,118,103,67" hai1="59,108,0,39,55,40,75,22,86,53,70,85,128" hai2="84,102,117,64,50,79,81,95,133,17,57,119,35" hai3="7,132,26,68,43,18,62,60,123,99,126,116,28"/><V114/><F35/><W20/><G116/><T58/><D1/><U52/><E75/><V69/><F69/><W37/><G123/><T61/><D118/><U129/><E0/><V10/><F114/><W121/><G121/><T80/><D110/><U106/><E106/><V25/><F133/><W12/><G132/><T113/><D113/><U46/><E70/><V89/><F102/><W63/><G126/><T76/><D131/><N who="1" m="50251" /><E108/><V14/><F25/><W32/><G7/><T88/><D65/><U71/><E71/><V15/><F15/><W92/><G68/><T112/><D112/><U6/><E6/><V13/><F13/><W135/><G135/><T109/><D109/><U74/><E74/><V42/><F64/><W122/><G122/><T29/><D48/><U94/><E22/><V73/><REACH who="2" step="1"/><F57/><REACH who="2" ten="242,242,258,228" step="2"/><W24/><G24/><T5/><D27/><U30/><E30/><V8/><F8/><W90/><G32/><T83/><D29/><U97/><E59/><V125/><F125/><W19/><G12/><T130/><D130/><U21/><E21/><V100/><F100/><AGARI ba="2,3" hai="39,40,46,52,53,55,85,86,94,97,100" m="50251" machi="100" ten="30,3900,0" yaku="19,1,52,1,54,1" doraHai="41" who="1" fromWho="2" sc="242,0,242,75,258,-45,228,0" />
</Scene>
<Scene>
<INIT seed="3,0,0,2,3,0" ten="242,317,213,228" oya="3" hai0="103,34,30,5,129,125,38,82,83,88,91,60,43" hai1="4,68,21,133,18,19,15,64,101,63,86,58,97" hai2="7,45,117,16,67,107,22,44,65,10,26,134,109" hai3="121,49,92,115,105,85,73,99,52,46,119,70,74"/><W57/><G115/><T80/><D129/><U135/><E68/><V123/><F107/><W124/><G119/><T54/><D125/><U59/><E59/><V2/><F117/><W77/><G70/><T11/><D103/><U50/><E50/><V93/><F123/><W47/><G121/><T37/><D34/><U118/><E118/><V72/><F72/><W3/><G3/><T131/><D30/><U78/><E19/><V79/><F79/><W132/><G124/><T55/><D131/><U66/><E66/><V100/><F134/><N who="1" m="51209" /><E4/><V122/><F122/><W75/><G132/><T126/><D126/><U36/><E36/><V128/><F128/><W89/><REACH who="3" step="1"/><G77/><REACH who="3" ten="242,317,213,218" step="2"/><T106/><D38/><U41/><E78/><V56/><F2/><W12/><G12/><T87/><D37/><U114/><E114/><V81/><F109/><W24/><G24/><T14/><D14/><U120/><E120/><V48/><F26/><W102/><AGARI ba="0,1" hai="46,47,49,52,57,73,74,75,85,89,92,99,102,105" machi="102" ten="40,12000,1" yaku="1,1,0,1,54,1,53,2" doraHai="0" doraHaiUra="40" who="3" fromWho="3" sc="242,-40,317,-40,213,-40,218,130" />
</Scene>
<Scene>
<INIT seed="3,1,0,5,0,68" ten="202,277,173,348" oya="3" hai0="27,133,34,101,118,49,28,87,88,102,31,47,112" hai1="111,11,61,60,52,130,108,4,5,100,3,89,71" hai2="127,85,115,122,62,42,90,132,107,26,12,32,69" hai3="96,64,16,41,120,117,14,94,84,1,104,119,45"/><W20/><G120/><T33/><D133/><U110/><E130/><V38/><F107/><W54/><G1/><T78/><D118/><U72/><E72/><V48/><F115/><W77/><G104/><T81/><D112/><U25/><E100/><V116/><F116/><W59/><G64/><T97/><D31/><U75/><E75/><V91/><F132/><W135/><G135/><T74/><D34/><U124/><E124/><V23/><F127/><W37/><G77/><T51/><D47/><U103/><E103/><V39/><F32/><W18/><G18/><T121/><D102/><U63/><E5/><V10/><F122/><W129/><G129/><T73/><D121/><U113/><E113/><V35/><F35/><W125/><G125/><T8/><D8/><U24/><E71/><V86/><F69/><W83/><G96/><T123/><D74/><U56/><REACH who="1" step="1"/><E89/><REACH who="1" ten="202,267,173,348" step="2"/><V105/><F91/><W53/><G119/><T131/><D131/><U19/><E19/><V17/><F90/><W76/><G117/><T7/><D7/><U0/><E0/><V70/><F70/><W44/><G16/><T55/><D123/><U58/><E58/><V65/><F17/><W128/><G128/><T22/><D73/><U79/><E79/><V9/><F105/><W134/><G134/><T66/><D78/><U114/><E114/><V126/><F126/><W67/><G59/><T29/><D101/><U21/><E21/><V93/><F23/><W80/><G76/><T95/><D22/><U30/><E30/><V36/><F9/><W98/><G20/><T13/><D29/><RYUUKYOKU ba="1,1" sc="202,-10,267,30,173,-10,348,-10" hai1="3,4,11,24,25,52,56,60,61,63,108,110,111" />
</Scene>
<Scene>
<INIT seed="4,2,1,4,4,89" ten="192,297,163,338" oya="0" hai0="117,41,121,42,126,0,102,77,43,68,114,97,2" hai1="124,57,81,113,133,48,20,103,64,132,33,34,35" hai2="119,91,84,62,16,131,12,134,88,80,60,15,100" hai3="36,13,120,107,22,10,110,44,105,45,118,5,7"/><T49/><D121/><U72/><E124/><V127/><F127/><W59/><G110/><T122/><D122/><U94/><E113/><V17/><F119/><W71/><G71/><T52/><D126/><U67/><E20/><N who="2" m="11271" /><F134/><N who="1" m="51817" /><E48/><V90/><F100/><W76/><G120/><T78/><D117/><U51/><E51/><V4/><F4/><W135/><G135/><T116/><D68/><U92/><E103/><V61/><F131/><W8/><G118/><T112/><D116/><U85/><E72/><V66/><F66/><N who="1" m="25129" /><E57/><V75/><F75/><W28/><G76/><AGARI ba="2,1" hai="33,34,35,76,81,85,92,94" m="25129,51817" machi="76" ten="40,5200,0" yaku="20,1,52,2" doraHai="89" who="1" fromWho="3" sc="192,0,297,68,163,0,338,-58" />
</Scene>
<Scene>
<INIT seed="5,0,0,1,0,50" ten="192,365,163,280" oya="1" hai0="2,63,122,47,64,23,49,31,59,66,15,28,26" hai1="134,1,97,111,36,20,65,69,110,108,13,43,42" hai2="54,32,7,4,77,3,51,89,19,41,74,57,81" hai3="76,106,8,109,115,100,117,45,60,72,103,79,71"/><U24/><E1/><V14/><F32/><W38/><G109/><T119/><D2/><U95/><E134/><V131/><F131/><W92/><G92/><T70/><D119/><U44/><E42/><V52/><F41/><W124/><G45/><T29/><D122/><U78/><E78/><V116/><F116/><W27/><G38/><T10/><D70/><U126/><E13/><V83/><F3/><W129/><G8/><T75/><D64/><U39/><E126/><V82/><F89/><W34/><G117/><T35/><D75/><U21/><E39/><V112/><F112/><W17/><G115/><T73/><D73/><U84/><E84/><V120/><F120/><W37/><G37/><T128/><D128/><U123/><E123/><V33/><F33/><W30/><G72/><T87/><D87/><U0/><E0/><V133/><F133/><W9/><G124/><T12/><D35/><U68/><E65/><V61/><F77/><W118/><G103/><T105/><D105/><U5/><E5/><N who="2" m="2123" /><F74/><W94/><G94/><T102/><D102/><N who="1" m="60735" /><E20/><N who="2" m="11383" /><F82/><W90/><G90/><T85/><D85/><U6/><E6/><V62/><F62/><W98/><G129/><T46/><D47/><AGARI ba="0,0" hai="47,51,52,54,57,61,81,83" m="11383,2123" machi="47" ten="30,7700,0" yaku="8,1,52,2,54,1" doraHai="50" who="2" fromWho="0" sc="192,-77,365,0,163,77,280,0" />
</Scene>
<Scene>
<INIT seed="6,0,0,1,4,108" ten="115,365,240,280" oya="2" hai0="51,64,69,16,6,41,31,99,7,133,117,82,2" hai1="76,62,32,91,122,39,100,87,20,29,70,14,22" hai2="129,79,30,43,104,113,25,27,71,111,121,106,114" hai3="73,89,23,101,19,11,48,96,5,63,55,9,54"/><V125/><F121/><W123/><G73/><T34/><D133/><U130/><E39/><V135/><F135/><W115/><G123/><T109/><D109/><U72/><E122/><V102/><F111/><W77/><G77/><T49/><D117/><U58/><E70/><V61/><F79/><W90/><G63/><T119/><D119/><U107/><E32/><V92/><F129/><W59/><G55/><T84/><D2/><U15/><E29/><V80/><F80/><W36/><G36/><T46/><D34/><U24/><E20/><N who="2" m="15655" /><F43/><W74/><G74/><T67/><D31/><U97/><E130/><V83/><F83/><W60/><G48/><T13/><D69/><U33/><E33/><V3/><F27/><W88/><G5/><T103/><D49/><U85/><E24/><V105/><F3/><W0/><G0/><T10/><D7/><U66/><E22/><V1/><F1/><W112/><G23/><T127/><D127/><U38/><E38/><V124/><F92/><W94/><REACH who="3" step="1"/><G19/><REACH who="3" ten="115,365,240,270" step="2"/><T86/><D6/><U52/><E72/><V118/><F118/><W44/><G44/><T68/><D68/><U98/><E76/><V50/><F50/><W110/><G110/><T93/><REACH who="0" step="1"/><D84/><REACH who="0" ten="105,365,240,270" step="2"/><U53/><E87/><V28/><F124/><W57/><G57/><T132/><D132/><U17/><E85/><V47/><F125/><W8/><AGARI ba="0,2" hai="8,9,11,54,59,60,88,89,90,94,96,101,112,115" machi="8" ten="40,16000,3" yaku="1,1,0,1,52,2,54,1,53,3" doraHai="108" doraHaiUra="4" who="3" fromWho="3" sc="105,-40,365,-40,240,-80,270,180" />
</Scene>
<Scene>
<INIT seed="7,0,0,1,1,106" ten="65,325,160,450" oya="3" hai0="12,113,111,105,82,80,44,98,108,38,94,1,114" hai1="39,6,48,64,132,4,57,102,73,88,28,26,69" hai2="66,91,7,70,65,62,79,122,68,116,20,76,22" hai3="18,32,92,37,127,43,29,36,101,131,81,84,33"/><W95/><G18/><T86/><D1/><U2/><E2/><V74/><F116/><W21/><G21/><T56/><D56/><U35/><E132/><V14/><F122/><W42/><G101/><N who="0" m="62647" /><D12/><U83/><E39/><V5/><F91/><W123/><G84/><T30/><D30/><U63/><E48/><V112/><F112/><N who="0" m="43114" /><D44/><U89/><E57/><V107/><F107/><W54/><G81/><N who="0" m="31339" /><D38/><U109/><E109/><N who="0" m="42057" /><D86/><U103/><E103/><V58/><F58/><W11/><G123/><T124/><D94/><U24/><E24/><V100/><F14/><W51/><G92/><T115/><N who="0" m="43122" /><T27/><DORA hai="59" /><D27/><U99/><E4/><V45/><F45/><W55/><G95/><T46/><D46/><U87/><E6/><V119/><F119/><W120/><G120/><T0/><D0/><U71/><E71/><V47/><F47/><W93/><G93/><T128/><D128/><U85/><E85/><V121/><F121/><W3/><G131/><T31/><D31/><U97/><E89/><V16/><F16/><W25/><G37/><T133/><D133/><U118/><E118/><V61/><F100/><W96/><G36/><T40/><D40/><U135/><E135/><V78/><F79/><W49/><G42/><T50/><D50/><U8/><E8/><V77/><F78/><W90/><G51/><T34/><D34/><U72/><REACH who="1" step="1"/><E99/><REACH who="1" ten="65,315,160,450" step="2"/><V117/><F117/><W134/><G96/><T41/><D41/><U10/><E10/><V53/><F53/><W75/><G43/><T52/><D52/><U9/><E9/><V17/><F17/><RYUUKYOKU ba="0,1" sc="65,10,315,10,160,10,450,-30" hai0="124" hai1="26,28,35,63,64,69,72,73,83,87,88,97,102" hai2="5,7,20,22,61,62,65,66,68,70,74,76,77" owari="75,-42.0,325,13.0,170,-23.0,430,52.0" />
</Scene>
</mjloggm>