<mjloggm ver="2.3"><GO type="233" lobby="0"/><UN n0="%E5%A4%96%E9%81%93" n1="%64%75%72%72%72%72%72" n2="%E5%A4%AA%E3%81%8F%E3%81%AA%E3%81%84%E3%81%8A" n3="%E5%A4%9C%E5%8D%8A%E3%81%AE%E5%AF%9D%E8%A6%9A" dan="17,18,18,17" rate="2155.22,2208.06,2202.07,2151.62" sx="M,M,M,M"/><TAIKYOKU oya="0"/>

<Scene>
<INIT seed="0,0,0,0,4,82" ten="250,250,250,250" oya="0" hai0="101,49,75,11,93,102,56,90,63,91,41,135,40" hai1="94,76,71,32,79,37,123,39,15,104,3,80,31" hai2="1,125,110,131,70,23,119,57,16,88,133,44,22" hai3="118,67,7,129,106,98,68,35,19,109,14,28,87"/><T54/><D135/><U92/><E104/><V103/><F70/><W58/><G58/><T61/><D75/><U117/><E3/><V48/><F1/><W2/><G19/><T124/><D124/><U27/><E71/><V52/><F103/><N who="0" m="39434" /><D11/><U122/><E117/><V12/><F125/><W113/><G2/><T96/><D91/><U128/><E76/><V77/><F77/><W55/><G106/><T115/><D115/><U6/><E128/><V121/><F121/><W18/><G113/><T114/><D114/><U130/><E130/><V17/><F131/><W83/><G118/><T86/><D96/><U38/><E15/><N who="2" m="9503" /><F119/><W74/><G98/><T33/><D33/><U116/><E6/><V42/><F133/><W59/><G74/><T8/><D8/><U24/><E24/><V50/><F110/><W36/><G35/><T112/><D112/><U105/><E105/><V120/><F120/><W29/><G109/><T81/><D81/><U95/><REACH who="1" step="1"/><E116/><REACH who="1" ten="250,240,250,250" step="2"/><V73/><F73/><AGARI ba="0,1" hai="27,31,32,37,38,39,73,79,80,92,94,95,122,123" machi="73" ten="50,3200,0" yaku="1,1,2,1,53,0" doraHai="82" doraHaiUra="111" who="1" fromWho="2" sc="250,0,240,42,250,-32,250,0" />
</Scene>
<Scene>
<INIT seed="1,0,0,5,1,73" ten="250,282,218,250" oya="1" hai0="129,75,84,122,49,81,117,121,60,108,114,38,52" hai1="92,0,131,34,93,3,13,22,26,87,55,10,88" hai2="29,9,31,47,39,91,14,4,57,115,116,61,25" hai3="76,33,125,51,78,97,5,89,64,107,100,53,11"/><U80/><E131/><V7/><F116/><W40/><G33/><T104/><D117/><U96/><E34/><V59/><F115/><W85/><G64/><T124/><D114/><U120/><E120/><N who="0" m="46185" /><D129/><U35/><E35/><V126/><F126/><W135/><G40/><T56/><D108/><U27/><E55/><V30/><F39/><W21/><G21/><T70/><D104/><U94/><E96/><V16/><F47/><W86/><G125/><T66/><D124/><U62/><E62/><V128/><F128/><W110/><G110/><T37/><D75/><U118/><E118/><V68/><F68/><W19/><G19/><T28/><D28/><U113/><E113/><V132/><F132/><W46/><G135/><T82/><D82/><U20/><E20/><V133/><F133/><W54/><G54/><T106/><D106/><U123/><E123/><V32/><F59/><W83/><REACH who="3" step="1"/><G86/><REACH who="3" ten="250,282,218,240" step="2"/><T105/><D105/><U77/><E22/><V99/><F32/><W109/><G109/><T111/><D111/><U23/><E23/><V2/><F25/><W98/><G98/><T127/><D127/><U134/><E134/><V44/><F99/><W8/><G8/><T6/><D6/><N who="1" m="3287" /><E26/><V50/><F7/><W24/><G24/><T63/><D66/><U58/><E27/><V43/><F4/><W1/><AGARI ba="0,1" hai="1,5,11,46,51,53,76,78,83,85,89,97,100,107" machi="1" ten="20,8000,1" yaku="1,1,0,1,7,1,52,2,53,0" doraHai="73" doraHaiUra="65" who="3" fromWho="3" sc="250,-20,282,-40,218,-20,240,90" />
</Scene>
<Scene>
<INIT seed="2,0,0,4,1,59" ten="230,242,198,330" oya="2" hai0="63,38,125,135,23,106,70,82,4,75,68,101,115" hai1="104,76,62,43,123,28,21,65,122,15,91,81,96" hai2="44,45,69,53,27,22,86,100,133,46,29,108,51" hai3="80,94,37,8,118,1,24,84,52,72,10,32,26"/><V64/><F133/><W89/><G37/><T95/><D115/><U18/><E43/><V114/><F114/><W14/><G118/><T55/><D38/><U56/><E28/><V57/><F108/><W11/><G1/><T16/><D135/><U131/><E131/><V34/><F100/><W19/><G72/><T103/><D106/><U77/><E104/><V120/><F120/><N who="1" m="46121" /><E96/><V83/><F34/><W9/><G32/><T0/><D125/><U107/><E107/><V98/><F98/><N who="3" m="57679" /><G52/><T41/><D41/><U134/><E134/><V129/><F129/><W97/><G97/><T90/><D103/><U54/><E54/><V40/><F69/><W111/><G111/><T109/><D70/><U49/><E49/><N who="2" m="26759" /><F64/><W36/><G36/><T88/><D88/><AGARI ba="0,0" hai="22,27,29,45,46,51,53,57,83,86,88" m="26759" machi="88" ten="30,2900,0" yaku="8,1,54,1" doraHai="59" who="2" fromWho="0" sc="230,-29,242,0,198,29,330,0" /><AGARI ba="0,0" hai="8,9,10,11,14,19,24,26,80,84,88" m="57679" machi="88" ten="30,2000,0" yaku="8,1,54,1" doraHai="59" who="3" fromWho="0" sc="201,-20,242,0,227,0,330,20" />
</Scene>
<Scene>
<INIT seed="2,1,0,0,1,132" ten="181,242,227,350" oya="2" hai0="82,75,34,32,67,54,17,125,4,69,102,119,83" hai1="12,106,15,55,20,37,62,130,60,113,78,14,3" hai2="100,122,51,133,97,88,91,120,95,87,31,86,5" hai3="76,89,117,128,105,71,64,123,19,109,73,52,68"/><V2/><F31/><W121/><G19/><T28/><D4/><U80/><E3/><V98/><F51/><W112/><G89/><T96/><D119/><U101/><E37/><V24/><F24/><W129/><G76/><T79/><D83/><U46/><E113/><V66/><F66/><W6/><G6/><T1/><D1/><U0/><E0/><V21/><F21/><W13/><G13/><T61/><D54/><U118/><E118/><V38/><F38/><W63/><G105/><N who="0" m="63687" /><D17/><U127/><E101/><V74/><F74/><W44/><G73/><T134/><D134/><U11/><E106/><N who="2" m="63759" /><F5/><W65/><G117/><T29/><D29/><U47/><E20/><V84/><F2/><W42/><G112/><T107/><D107/><U85/><E11/><V81/><F133/><W56/><G109/><T92/><D92/><U99/><E99/><V77/><F86/><W39/><G64/><T124/><D28/><U114/><E114/><V111/><F111/><W23/><G23/><T10/><D10/><U9/><E9/><V135/><F135/><W7/><G7/><T116/><D116/><U131/><E55/><V53/><F53/><W115/><G115/><T40/><D40/><U33/><E33/><AGARI ba="1,0" hai="32,33,34,61,67,69,75,79,82,124,125" m="63687" machi="33" ten="30,3900,0" yaku="23,1,52,2" doraHai="132" who="0" fromWho="1" sc="181,42,242,-42,227,0,350,0" />
</Scene>
<Scene>
<INIT seed="3,0,0,1,4,117" ten="223,200,227,350" oya="3" hai0="16,71,100,25,43,52,63,27,2,55,79,5,68" hai1="89,3,34,8,78,123,124,126,29,127,128,85,51" hai2="20,131,119,48,69,46,87,57,118,122,14,96,64" hai3="90,120,61,7,15,54,132,17,84,105,23,108,88"/><W86/><G105/><T37/><D100/><U130/><E78/><V93/><F69/><W26/><G120/><T6/><D79/><U72/><E72/><V62/><F131/><N who="1" m="50217" /><E51/><V83/><F20/><W114/><G114/><T74/><D74/><U36/><E36/><V67/><F14/><W21/><G132/><T32/><D37/><U101/><E101/><V81/><F67/><W19/><G108/><T11/><D43/><U58/><E58/><V28/><F28/><W12/><G7/><T42/><D42/><U106/><E106/><V65/><F65/><W116/><G116/><T125/><D63/><U40/><E40/><V49/><F49/><W0/><G0/><T13/><D68/><U60/><E60/><V10/><F10/><W134/><G134/><T1/><D71/><U33/><E29/><V50/><F50/><W135/><G135/><T91/><D91/><N who="3" m="34857" /><G26/><T56/><D27/><U35/><E3/><V98/><F118/><W97/><G97/><T70/><D70/><U104/><E8/><V94/><F119/><W129/><G129/><T53/><D2/><U133/><E104/><V24/><F96/><W77/><G77/><T115/><D1/><U80/><E133/><V112/><F98/><W107/><G107/><T82/><D82/><U38/><E38/><V9/><F83/><W4/><G4/><T113/><D6/><U110/><E110/><V92/><F81/><W59/><AGARI ba="0,0" hai="12,15,17,19,21,23,54,59,61,84,86" m="34857" machi="59" ten="30,3000,0" yaku="8,1,54,1" doraHai="117" who="3" fromWho="3" sc="223,-10,200,-10,227,-10,350,30" />
</Scene>
<Scene>
<INIT seed="3,1,0,0,2,94" ten="213,190,217,380" oya="3" hai0="76,9,89,96,132,83,85,61,111,87,112,60,78" hai1="123,131,73,52,12,104,68,86,35,134,71,43,130" hai2="24,48,28,39,101,91,129,117,18,64,84,37,72" hai3="90,126,119,57,4,135,47,1,95,102,88,116,103"/><W20/><G1/><T10/><D111/><U99/><E73/><V51/><F72/><W113/><G4/><T22/><D112/><U120/><E35/><V107/><F117/><W6/><G6/><T97/><D132/><U82/><E43/><V108/><F18/><W16/><G113/><T14/><D22/><U69/><E12/><V49/><F64/><W53/><G47/><T7/><D10/><U92/><E104/><V26/><F108/><W109/><G109/><T2/><D2/><U19/><E19/><V17/><F17/><W75/><G75/><T70/><D78/><U25/><E25/><V15/><F15/><W127/><G135/><T23/><D23/><U56/><E134/><V44/><F129/><N who="1" m="49161" /><E86/><V27/><F28/><W81/><G81/><N who="0" m="47271" /><D70/><N who="1" m="17923" /><U65/><DORA hai="62" /><E65/><V98/><REACH who="2" step="1"/><F44/><REACH who="2" ten="213,190,207,380" step="2"/><W63/><G119/><T118/><D118/><U121/><E82/><AGARI ba="1,1" hai="24,26,27,37,39,48,49,51,82,84,91,98,101,107" machi="82" ten="40,8000,1" yaku="1,1,2,1,52,1,53,2" doraHai="94,62" doraHaiUra="80,93" who="2" fromWho="1" sc="213,0,190,-83,207,93,380,0" />
</Scene>
<Scene>
<INIT seed="4,0,0,1,3,32" ten="213,107,300,380" oya="0" hai0="103,88,28,131,30,41,35,60,0,37,133,7,69" hai1="15,25,46,110,54,93,38,98,114,53,36,55,102" hai2="45,105,126,101,21,40,39,4,96,84,63,20,61" hai3="43,89,81,123,106,16,27,87,135,24,75,124,94"/><T112/><D112/><U76/><E110/><V74/><F74/><W100/><G43/><T107/><D131/><U111/><E114/><V120/><F120/><W132/><G123/><T125/><D125/><U59/><E111/><V5/><F126/><W109/><G109/><T9/><D133/><N who="3" m="51273" /><G124/><T129/><D129/><U52/><E46/><V92/><F21/><W10/><G106/><T99/><D88/><U86/><E25/><V115/><F115/><W80/><G75/><T71/><D30/><U8/><E86/><V97/><F84/><W78/><G100/><T17/><D17/><U26/><E26/><N who="3" m="9770" /><G78/><T73/><D73/><U113/><E76/><V95/><F20/><W116/><G116/><T90/><D90/><U134/><E113/><V64/><F105/><W119/><G119/><T12/><D28/><U130/><E130/><V48/><F39/><W83/><G83/><T31/><D31/><U19/><REACH who="1" step="1"/><E134/><REACH who="1" ten="213,97,300,380" step="2"/><V11/><F45/><W72/><G72/><T29/><D29/><U91/><E91/><V50/><F101/><W13/><AGARI ba="0,1" hai="10,13,16,80,81,87,89,94" m="9770,51273" machi="13" ten="30,2000,0" yaku="20,1,54,1" doraHai="32" who="3" fromWho="3" sc="213,-10,97,-5,300,-5,380,30" />
</Scene>
<Scene>
<INIT seed="5,0,0,4,3,87" ten="203,92,295,410" oya="1" hai0="104,98,135,80,74,84,19,25,20,59,72,124,71" hai1="121,54,1,67,24,10,3,96,103,94,62,46,65" hai2="123,47,35,55,125,58,106,70,82,45,95,122,78" hai3="76,107,133,116,14,115,60,73,69,50,5,119,23"/><U53/><E121/><V56/><F106/><W15/><G107/><T11/><D71/><U4/><E1/><V33/><F70/><W16/><G50/><T6/><D135/><U68/><E67/><V90/><F125/><W27/><G76/><T49/><D124/><U42/><REACH who="1" step="1"/><E24/><REACH who="1" ten="203,82,295,410" step="2"/><V120/><F120/><W40/><G27/><T88/><D104/><U114/><E114/><V7/><F123/><W129/><G115/><T31/><D31/><U2/><E2/><V83/><F122/><W34/><G133/><T21/><D25/><U128/><E128/><V36/><F33/><W52/><G129/><T126/><D126/><U57/><E57/><V51/><F35/><W117/><G69/><T132/><D59/><U28/><E28/><V86/><F58/><W89/><G119/><T93/><D132/><U44/><E44/><V100/><F47/><W26/><G26/><T29/><D29/><U85/><E85/><V18/><F56/><W79/><G117/><T8/><D74/><U30/><E30/><V39/><F45/><W101/><G73/><T12/><D72/><U130/><E130/><V64/><F64/><W22/><G116/><T134/><D134/><U111/><E111/><V13/><F86/><W102/><G60/><T99/><D49/><AGARI ba="0,1" hai="3,4,10,42,46,49,53,54,62,65,68,94,96,103" machi="49" ten="30,2900,0" yaku="1,1,7,1,53,0" doraHai="87" doraHaiUra="112" who="1" fromWho="0" sc="203,-29,82,39,295,0,410,0" />
</Scene>
<Scene>
<INIT seed="5,1,0,4,4,117" ten="174,121,295,410" oya="1" hai0="19,119,23,112,102,53,86,111,58,83,9,97,122" hai1="18,125,109,84,41,93,74,130,2,55,10,104,35" hai2="118,64,107,123,92,71,22,29,36,44,129,99,127" hai3="98,120,25,77,69,31,38,73,1,49,108,39,60"/><U95/><E104/><V126/><F118/><W15/><G15/><T65/><D119/><U88/><E74/><V5/><F5/><W81/><G49/><T103/><D112/><U89/><E35/><V76/><F76/><W75/><G108/><T121/><D111/><U37/><E109/><V128/><F107/><W94/><G120/><N who="0" m="46187" /><D65/><U63/><E125/><N who="2" m="47627" /><F64/><W87/><G1/><T16/><D9/><U11/><E130/><V45/><F71/><W61/><G61/><N who="0" m="36047" /><D97/><N who="1" m="57511" /><E37/><V96/><F96/><W56/><G69/><T3/><D3/><U17/><E2/><V113/><F36/><W114/><G114/><T82/><D82/><U124/><E41/><V47/><F113/><W131/><G38/><T20/><D20/><U72/><E72/><V132/><F123/><W26/><G39/><T52/><D52/><U21/><E124/><V116/><F116/><W34/><G75/><T101/><D23/><U27/><E18/><V50/><F50/><W68/><G73/><T48/><D48/><U91/><E91/><AGARI ba="1,0" hai="16,19,83,86,91,101,102,103" m="36047,46187" machi="91" ten="30,8000,1" yaku="13,1,52,3,54,1" doraHai="117" who="0" fromWho="1" sc="174,83,121,-83,295,0,410,0" />
</Scene>
<Scene>
<INIT seed="6,0,0,1,2,23" ten="257,38,295,410" oya="2" hai0="101,58,74,51,105,111,55,25,71,19,45,66,133" hai1="0,75,1,94,4,116,70,85,32,72,30,48,42" hai2="8,14,18,120,50,3,22,84,17,78,125,81,11" hai3="28,123,46,109,107,79,62,82,86,129,91,37,53"/><V103/><BYE who="1" /><F120/><W49/><G123/><T98/><D111/><U69/><E69/><V132/><F132/><W76/><G109/><T87/><D74/><U99/><E99/><V95/><F125/><W88/><G107/><T10/><D133/><U2/><E2/><V15/><F3/><W65/><G129/><T33/><D87/><U112/><E112/><V73/><F73/><W124/><G124/><T106/><D106/><U128/><E128/><V40/><F103/><W118/><G118/><T102/><D102/><U100/><E100/><V114/><F114/><W68/><G28/><N who="0" m="19599" /><D10/><U121/><E121/><V52/><F95/><W26/><G26/><T44/><D19/><U29/><E29/><V135/><F135/><W43/><G91/><T21/><D21/><U13/><E13/><V63/><F63/><AGARI ba="0,0" hai="44,45,51,55,58,63,66,71,98,101,105" m="19599" machi="63" ten="30,2000,0" yaku="25,1,52,1" doraHai="23" who="0" fromWho="2" sc="257,20,38,0,295,-20,410,0" />
</Scene>
<Scene>
<INIT seed="7,0,0,3,2,26" ten="277,38,275,410" oya="3" hai0="89,130,107,118,121,36,81,72,95,37,106,85,110" hai1="115,125,39,86,11,3,64,12,19,48,15,97,114" hai2="119,0,96,50,91,22,23,38,82,127,30,6,112" hai3="2,71,18,45,116,113,46,73,10,80,60,20,104"/><W32/><G18/><T52/><D118/><U84/><E84/><N who="2" m="50583" /><F38/><W31/><G20/><N who="2" m="7721" /><F119/><W103/><G60/><T40/><D121/><U4/><E4/><V77/><F0/><W42/><G46/><T131/><D110/><U47/><E47/><V7/><F112/><W128/><G45/><N who="0" m="23687" /><D52/><U69/><E69/><V88/><F127/><W105/><G10/><T21/><D21/><U59/><E59/><V35/><F35/><W58/><G80/><T100/><D37/><U134/><E134/><V83/><F30/><W129/><G32/><T74/><D74/><U67/><E67/><V99/><F50/><W63/><G71/><T122/><D122/><U87/><E87/><N who="2" m="48623" /><F99/><W24/><G2/><T126/><D126/><U27/><E27/><V132/><F132/><W93/><G73/><T70/><D70/><U124/><E124/><V109/><F109/><W75/><G75/><T49/><D49/><U43/><E43/><V5/><F96/><W9/><G116/><T62/><D62/><U117/><E117/><V66/><F88/><W123/><G63/><T29/><D29/><U34/><E34/><V65/><AGARI ba="0,0" hai="5,6,7,65,66" m="48623,7721,50583" machi="65" ten="30,1100,0" yaku="8,1" doraHai="26" who="2" fromWho="2" sc="277,-3,38,-3,275,11,410,-5" owari="274,-13.0,35,-46.0,286,9.0,405,50.0" />
</Scene>
</mjloggm>