<mjloggm ver="2.3"><GO type="169" lobby="0"/><UN n0="%E7%9B%97%E8%B3%8A%E3%81%AC%E3%81%93" n1="%E5%A4%AA%E3%81%8F%E3%81%AA%E3%81%84%E3%81%8A" n2="%E5%8E%9F%E4%BA%BA%E3%81%A1%E3%82%83%E3%82%93" n3="%E3%83%90%E3%83%90%E3%82%A2%E3%81%AE%E6%97%A5%E5%82%98" dan="16,17,16,17" rate="2054.84,2226.36,2098.71,2197.77" sx="M,M,M,F"/><TAIKYOKU oya="0"/>

<Scene>
<INIT seed="0,0,0,3,5,100" ten="250,250,250,250" oya="0" hai0="6,49,46,123,28,111,61,80,116,69,34,52,15" hai1="17,93,101,14,22,82,122,108,135,127,75,4,44" hai2="62,113,76,104,124,27,40,33,134,21,92,57,114" hai3="48,119,105,70,2,36,83,19,13,107,35,129,30"/><T51/><D116/><U55/><E122/><V10/><F33/><W63/><G36/><T23/><D123/><U54/><E108/><V20/><F134/><W120/><G2/><T16/><D111/><U56/><E135/><V71/><F71/><W115/><G119/><T29/><D34/><U47/><E127/><V96/><F124/><W45/><G115/><T41/><D6/><U112/><E112/><V85/><F40/><W73/><G35/><T18/><D80/><U11/><E75/><V77/><F114/><W132/><G30/><T24/><D61/><U118/><E118/><V98/><F113/><W79/><G132/><T59/><D69/><U53/><E82/><N who="2" m="47303" /><F104/><W7/><G7/><T109/><D109/><U0/><REACH who="1" step="1"/><E56/><REACH who="1" ten="250,240,250,250" step="2"/><V94/><F77/><W43/><G120/><T8/><AGARI ba="0,1" hai="8,15,16,18,23,24,28,29,41,46,49,51,52,59" machi="8" ten="20,12000,1" yaku="0,1,7,1,8,1,54,2" doraHai="100" who="0" fromWho="0" sc="250,130,240,-40,250,-40,250,-40" />
</Scene>
<Scene>
<INIT seed="0,1,0,2,3,34" ten="380,200,210,210" oya="0" hai0="46,58,13,5,125,61,70,117,65,64,59,79,118" hai1="83,112,134,126,135,18,95,30,75,7,8,19,10" hai2="2,66,6,119,71,115,77,111,14,80,103,82,56" hai3="63,89,74,42,53,100,40,97,94,133,47,52,122"/><T110/><D79/><U88/><E30/><V78/><F115/><W62/><G74/><T114/><D13/><U85/><E112/><V116/><F111/><W92/><G133/><N who="1" m="50698" /><E126/><V28/><F71/><W104/><G104/><T76/><D5/><U91/><E10/><V98/><F28/><W72/><G72/><T67/><D76/><N who="1" m="44447" /><E91/><V50/><F78/><W102/><G122/><T127/><D114/><U108/><E108/><V90/><F90/><W39/><G42/><T107/><D107/><U106/><E106/><V105/><F14/><AGARI ba="1,0" hai="7,8,14,18,19,85,88,95" m="44447,50698" machi="14" ten="30,2000,0" yaku="20,1,54,1" doraHai="34" who="1" fromWho="2" sc="380,0,200,23,210,-23,210,0" />
</Scene>
<Scene>
<INIT seed="1,0,0,2,3,36" ten="380,223,187,210" oya="1" hai0="30,84,135,121,71,15,17,0,9,35,68,50,32" hai1="39,56,103,122,38,26,114,98,110,85,5,78,112" hai2="83,19,70,130,8,57,75,127,41,101,66,53,2" hai3="21,107,3,119,16,99,27,18,34,129,95,54,106"/><U72/><E122/><V132/><F132/><W69/><G69/><T100/><D135/><U13/><E85/><V28/><F130/><W92/><G3/><T23/><D121/><U120/><E120/><V81/><F127/><W45/><G129/><T128/><D100/><U7/><E56/><V88/><F101/><W80/><G95/><T47/><D128/><U74/><E13/><V96/><F28/><W43/><G34/><T131/><D35/><U108/><E26/><V37/><F70/><W102/><G119/><T31/><D31/><U86/><E86/><V87/><F66/><W65/><G65/><T6/><D84/><U52/><E52/><V63/><F75/><N who="1" m="28713" /><E78/><V126/><F126/><W48/><G80/><T11/><D131/><U115/><E98/><V73/><F96/><W94/><G94/><T40/><D11/><U67/><E67/><V49/><F37/><N who="1" m="13833" /><E103/><V42/><F73/><W59/><REACH who="3" step="1"/><G18/><REACH who="3" ten="380,223,187,200" step="2"/><T4/><D6/><AGARI ba="0,1" hai="5,6,7,108,110,112,114,115" m="13833,28713" machi="6" ten="50,4800,0" yaku="28,2" doraHai="36" who="1" fromWho="0" sc="380,-48,223,58,187,0,200,0" />
</Scene>
<Scene>
<INIT seed="1,1,0,1,1,78" ten="332,281,187,200" oya="1" hai0="13,121,132,72,129,34,89,116,63,69,37,90,5" hai1="133,102,97,26,27,117,30,28,104,118,29,38,96" hai2="23,21,50,24,123,54,101,95,131,115,53,130,14" hai3="108,68,107,59,20,4,79,22,61,81,120,2,17"/><U0/><E0/><V82/><F123/><W94/><G108/><T124/><RYUUKYOKU type="yao9" ba="1,0" sc="332,0,281,0,187,0,200,0" hai0="5,13,34,37,63,69,72,89,90,116,121,124,129,132" />
</Scene>
<Scene>
<INIT seed="1,2,0,1,0,5" ten="332,281,187,200" oya="1" hai0="104,113,109,85,76,21,44,25,130,89,133,78,10" hai1="43,119,93,19,46,59,90,70,53,114,73,75,98" hai2="110,92,118,103,47,72,117,11,68,17,33,116,123" hai3="1,35,2,108,30,107,41,50,115,129,24,83,121"/><U87/><E114/><V124/><F123/><W95/><G108/><T125/><D113/><U34/><E119/><V6/><F110/><W66/><G107/><T79/><D104/><U134/><E70/><V15/><F72/><W100/><G121/><T67/><D109/><U55/><E34/><V14/><F68/><W22/><G66/><T132/><D125/><U74/><E134/><N who="0" m="51817" /><D130/><U111/><E111/><V62/><F62/><W64/><G64/><T101/><D101/><U32/><E32/><V28/><F47/><W3/><G115/><T37/><D67/><U127/><E127/><V112/><F112/><W135/><G135/><T40/><D10/><U13/><E98/><V96/><F124/><W51/><G83/><N who="0" m="49343" /><D79/><U80/><E80/><V54/><F54/><W45/><G129/><T102/><D102/><U8/><REACH who="1" step="1"/><E59/><REACH who="1" ten="332,271,187,200" step="2"/><V61/><F118/><W81/><G35/><T82/><D82/><U84/><E84/><V39/><F117/><W48/><G81/><T31/><AGARI ba="2,1" hai="21,25,31,37,40,44,76,78" m="49343,51817" machi="31" ten="30,1100,0" yaku="20,1" doraHai="5" who="0" fromWho="0" sc="332,27,271,-7,187,-5,200,-5" />
</Scene>
<Scene>
<INIT seed="2,0,0,0,4,59" ten="359,264,182,195" oya="2" hai0="58,101,92,74,47,40,52,120,91,99,130,16,67" hai1="71,89,108,15,94,66,124,7,50,122,114,127,78" hai2="60,55,82,100,93,25,23,106,31,87,68,11,39" hai3="70,104,18,19,41,110,17,96,32,21,48,77,131"/><V105/><F39/><W43/><G110/><T84/><D120/><U1/><E114/><V123/><F123/><W125/><G32/><T8/><D130/><U6/><E122/><V95/><F106/><W126/><G70/><T83/><D74/><U62/><E1/><V34/><F11/><W28/><G77/><T65/><D47/><U3/><E3/><V36/><F36/><W86/><G86/><T45/><D45/><U22/><E78/><V61/><F34/><W10/><G10/><T5/><D40/><N who="3" m="15433" /><G28/><T80/><D80/><U54/><E108/><V112/><F68/><W64/><G64/><T12/><D5/><U9/><E22/><V121/><F121/><W53/><G96/><T69/><D69/><U72/><E72/><V133/><F112/><W44/><G104/><T57/><D57/><U98/><REACH who="1" step="1"/><E6/><REACH who="1" ten="359,254,182,195" step="2"/><V128/><F128/><W24/><G131/><T88/><D91/><U76/><E76/><N who="2" m="46535" /><F133/><W14/><G125/><T132/><D132/><U115/><E115/><V129/><F129/><W85/><G126/><T107/><D107/><U116/><E116/><V2/><F2/><W29/><G14/><T26/><D26/><U73/><E73/><V49/><F105/><W4/><G4/><T135/><D135/><U30/><E30/><V134/><F134/><W0/><G0/><T51/><AGARI ba="0,1" hai="8,12,16,51,52,58,65,67,83,84,88,92,99,101" machi="51" ten="20,12000,2" yaku="0,1,7,1,8,1,54,3" doraHai="59" who="0" fromWho="0" sc="359,130,254,-30,182,-60,195,-30" />
</Scene>
<Scene>
<INIT seed="3,0,0,2,4,102" ten="489,224,122,165" oya="3" hai0="52,129,64,77,42,109,14,13,23,114,38,99,30" hai1="113,108,112,33,86,57,80,132,27,8,100,28,122" hai2="97,111,31,135,72,20,124,91,1,78,127,55,103" hai3="2,121,29,6,117,83,19,9,63,24,70,60,32"/><W76/><G121/><T125/><D64/><U115/><E122/><V22/><F111/><W104/><G117/><T47/><D109/><U21/><E108/><V90/><F1/><W134/><G134/><T5/><D77/><U84/><E132/><V11/><F135/><W37/><G37/><T128/><D125/><N who="2" m="48202" /><F11/><W75/><G70/><T58/><D114/><U62/><E8/><V51/><F78/><W46/><G46/><T68/><D5/><U41/><E41/><V88/><F72/><W106/><REACH who="3" step="1"/><G19/><REACH who="3" ten="489,224,122,155" step="2"/><T0/><D68/><U53/><E113/><V56/><F31/><W59/><G59/><T49/><D30/><U120/><E120/><V67/><F67/><W45/><G45/><T65/><D47/><U44/><E44/><V133/><F133/><W17/><G17/><T82/><D58/><U101/><E115/><V18/><F18/><W39/><G39/><T26/><D38/><U61/><E112/><V79/><F79/><W16/><G16/><T105/><D42/><U95/><E57/><V116/><F116/><W87/><G87/><T36/><D36/><U25/><E84/><V66/><F66/><W71/><G71/><T89/><D65/><U73/><E86/><V74/><F74/><W107/><AGARI ba="0,1" hai="2,6,9,24,29,32,60,63,75,76,83,104,106,107" machi="107" ten="30,12000,1" yaku="1,1,0,1,52,3,53,0" doraHai="102" doraHaiUra="15" who="3" fromWho="3" sc="489,-40,224,-40,122,-40,155,130" />
</Scene>
<Scene>
<INIT seed="3,1,0,0,1,111" ten="449,184,82,285" oya="3" hai0="124,9,132,61,15,107,96,76,35,12,50,89,98" hai1="67,18,85,62,118,63,41,87,122,2,48,51,95" hai2="54,30,88,59,119,0,82,38,23,81,7,13,56" hai3="17,84,5,45,31,72,49,6,91,120,27,77,55"/><W80/><G120/><T130/><D35/><U44/><E122/><V123/><F123/><W105/><G105/><T135/><D124/><U131/><E2/><V10/><F38/><W104/><G104/><T26/><D130/><U128/><E118/><V127/><F119/><W57/><G17/><T106/><D76/><U3/><E3/><V39/><F39/><W75/><G75/><T110/><D110/><U134/><E134/><N who="0" m="51241" /><D26/><U28/><E28/><V37/><F37/><W101/><G101/><N who="0" m="62775" /><D50/><U78/><E18/><V73/><F127/><W1/><G1/><T71/><D9/><U117/><E117/><V125/><F125/><W47/><G5/><T32/><D32/><U83/><E51/><V36/><F36/><W24/><G27/><T34/><D34/><U97/><E85/><V52/><F73/><W46/><G6/><T14/><D89/><U92/><E63/><N who="2" m="36231" /><F0/><W116/><G116/><T25/><D25/><U115/><E128/><V79/><F79/><W69/><G69/><T93/><D107/><U65/><E131/><V102/><F102/><W109/><G109/><T43/><D71/><U133/><E133/><V40/><F40/><W121/><G121/><T113/><D43/><U70/><E65/><V58/><F23/><N who="3" m="15775" /><G72/><T21/><D21/><U8/><E8/><V60/><F30/><W129/><G129/><T16/><D61/><U33/><E33/><V20/><F20/><W126/><G126/><T22/><D113/><U53/><E115/><V112/><F112/><W29/><G29/><T114/><D114/><U4/><E70/><V66/><F88/><AGARI ba="1,0" hai="45,46,47,49,55,57,77,80,84,88,91" m="15775" machi="88" ten="30,5800,0" yaku="6,1,8,1,54,1" doraHai="111" who="3" fromWho="2" sc="449,0,184,0,82,-61,285,61" />
</Scene>
<Scene>
<INIT seed="3,2,0,4,0,82" ten="449,184,21,346" oya="3" hai0="113,123,100,129,59,79,76,130,101,106,16,74,1" hai1="94,54,64,119,127,88,70,25,111,23,85,18,0" hai2="22,55,6,12,124,4,89,72,50,37,48,42,14" hai3="24,19,126,15,13,9,47,20,65,121,67,109,40"/><W86/><G121/><T104/><D1/><U17/><E0/><V118/><F72/><W84/><G126/><T53/><D123/><U39/><E39/><V96/><F118/><W32/><G32/><T103/><D16/><U61/><E127/><V66/><F124/><W122/><G122/><T46/><D46/><U57/><E119/><V43/><F66/><W11/><G109/><T90/><D113/><U7/><E7/><N who="2" m="2603" /><F37/><W52/><G40/><N who="2" m="15401" /><F22/><W30/><G65/><T115/><D115/><U135/><E111/><V133/><F133/><W91/><G67/><T99/><D59/><U63/><E135/><V110/><F110/><W62/><G91/><T97/><D53/><U58/><E70/><V29/><F29/><AGARI ba="2,0" hai="17,18,23,25,29,54,57,58,61,63,64,85,88,94" machi="29" ten="30,7700,0" yaku="7,1,8,1,52,1,54,1" doraHai="82" who="1" fromWho="2" sc="449,0,184,83,21,-83,346,0" owari="449,54.0,267,-13.0,-62,-56.0,346,15.0" />
</Scene>
</mjloggm>