<mjloggm ver="2.3"><GO type="169" lobby="0"/><UN n0="%E3%83%94%E3%82%AB%E5%90%BE%E9%83%8E" n1="%E9%BA%BB%E5%B8%83%E5%A0%85%E4%B8%80" n2="%4A%57%49%4C%4C" n3="%E5%A4%AA%E3%81%8F%E3%81%AA%E3%81%84%E3%81%8A" dan="16,19,16,17" rate="2099.33,2302.52,2150.04,2174.75" sx="M,M,M,F"/><TAIKYOKU oya="0"/>

<Scene>
<INIT seed="0,0,0,2,0,112" ten="250,250,250,250" oya="0" hai0="113,65,66,5,47,16,87,135,12,74,119,107,39" hai1="50,126,10,79,49,110,83,95,111,20,116,82,121" hai2="96,63,115,108,67,25,132,114,30,46,34,33,102" hai3="61,125,75,45,15,54,52,6,22,57,18,56,106"/><T109/><D74/><U51/><E121/><V97/><F108/><N who="1" m="41513" /><E126/><V128/><F128/><W14/><G75/><T35/><D107/><U64/><E116/><V1/><F132/><W118/><G106/><T124/><D35/><U117/><E117/><V84/><F1/><W90/><G125/><T70/><D124/><U134/><E134/><V76/><F34/><W73/><G73/><T101/><D101/><U17/><E64/><V60/><F60/><W24/><G118/><T99/><D113/><U48/><E10/><V71/><F96/><W44/><G90/><T81/><D99/><U133/><E133/><V29/><F29/><W0/><G0/><T43/><D135/><U104/><E104/><N who="2" m="63567" /><F46/><N who="3" m="18027" /><G6/><T77/><D119/><U94/><E51/><AGARI ba="0,0" hai="14,15,18,22,24,51,52,54,56,57,61" m="18027" machi="51" ten="30,2000,0" yaku="8,1,54,1" doraHai="112" who="3" fromWho="1" sc="250,0,250,-20,250,0,250,20" />
</Scene>
<Scene>
<INIT seed="1,0,0,0,4,60" ten="250,230,250,270" oya="1" hai0="4,91,7,87,97,95,121,31,3,128,96,55,34" hai1="78,106,15,53,11,94,58,54,99,118,74,113,49" hai2="124,17,59,108,127,123,19,5,32,75,111,102,30" hai3="130,112,100,26,76,12,81,119,135,71,21,57,63"/><U129/><E113/><V117/><F75/><W131/><G112/><T126/><D128/><U24/><E118/><V36/><F36/><W92/><G71/><T33/><D126/><N who="2" m="48170" /><F102/><W16/><G119/><T89/><D97/><U41/><E129/><N who="3" m="49162" /><G135/><T67/><D55/><U18/><E106/><V80/><F80/><W51/><G51/><T66/><D121/><U65/><E74/><V110/><F59/><W43/><G43/><T25/><D34/><U20/><E78/><V40/><F40/><W109/><G109/><T56/><D56/><U120/><E120/><V27/><F117/><W132/><G132/><T23/><D33/><U8/><E41/><V105/><F105/><W70/><G70/><T38/><D38/><U84/><E84/><V47/><F47/><W68/><G68/><T37/><D3/><U13/><E54/><V125/><N who="2" m="48178" /><V2/><DORA hai="64" /><F123/><W61/><G100/><T52/><D52/><U28/><E65/><N who="0" m="24585" /><D37/><U103/><REACH who="1" step="1"/><E15/><REACH who="1" ten="250,220,250,270" step="2"/><V122/><F122/><W83/><G12/><T115/><D115/><U90/><E90/><V39/><F39/><W114/><G76/><T72/><D72/><U6/><E6/><V82/><F82/><AGARI ba="0,1" hai="4,7,23,25,31,82,87,89,91,95,96" m="24585" machi="82" ten="30,7700,0" yaku="8,1,52,3" doraHai="60,64" who="0" fromWho="2" sc="250,87,220,0,250,-77,270,0" />
</Scene>
<Scene>
<INIT seed="2,0,0,4,0,91" ten="337,220,173,270" oya="2" hai0="57,106,34,134,4,85,71,48,128,105,24,27,100" hai1="72,38,108,16,14,64,58,15,132,8,119,88,44" hai2="39,89,11,79,22,5,95,17,45,43,9,123,42" hai3="59,23,94,19,77,99,74,18,62,54,75,61,68"/><V66/><F123/><W117/><G117/><T35/><D4/><U87/><E72/><V3/><F79/><W70/><G19/><T113/><D113/><U7/><E119/><V92/><F66/><W28/><G28/><T102/><D48/><U2/><E108/><V122/><F122/><W115/><G115/><T82/><D57/><U124/><E124/><V135/><F135/><W25/><G77/><T0/><D0/><U10/><E132/><V127/><F127/><W98/><G98/><T125/><D125/><U104/><E104/><V1/><F42/><W90/><G62/><T56/><D56/><U32/><E32/><V46/><F46/><W120/><REACH who="3" step="1"/><G120/><REACH who="3" ten="337,220,173,260" step="2"/><T73/><D134/><U21/><E16/><V96/><F96/><W30/><G30/><T6/><D35/><U51/><E7/><V12/><F89/><W50/><G50/><T118/><D6/><AGARI ba="0,1" hai="1,3,5,6,9,11,12,17,22,39,43,45,92,95" machi="6" ten="40,7700,0" yaku="9,1,52,2" doraHai="91" who="2" fromWho="0" sc="337,-77,220,0,173,87,260,0" />
</Scene>
<Scene>
<INIT seed="2,1,0,0,1,59" ten="260,220,260,260" oya="2" hai0="127,32,8,56,104,88,67,15,10,20,46,85,84" hai1="13,52,68,79,123,17,35,98,109,51,25,30,63" hai2="134,48,37,70,23,111,53,129,60,78,101,18,81" hai3="1,76,19,41,105,120,40,27,28,49,118,36,3"/><V108/><F37/><W89/><G118/><T122/><D32/><U33/><E109/><N who="2" m="42059" /><F101/><W55/><G120/><T128/><D104/><U7/><E123/><V75/><F129/><W12/><G76/><T114/><D128/><U95/><E35/><V0/><F0/><W91/><G105/><T110/><D114/><U131/><E131/><V130/><F130/><W50/><G36/><T125/><D85/><U124/><E124/><N who="0" m="47689" /><D46/><U77/><E7/><V61/><F70/><W133/><G133/><T39/><D39/><U135/><E135/><V9/><F9/><W86/><G1/><T74/><D74/><U6/><E6/><V107/><F107/><W44/><G3/><T115/><D115/><U69/><E69/><V31/><F31/><W117/><G117/><T113/><D113/><U93/><E68/><V71/><F71/><W102/><G102/><T83/><D122/><U64/><E30/><V58/><F134/><W103/><G103/><T14/><D20/><U66/><E33/><V94/><F94/><W45/><G86/><T62/><D110/><U43/><E95/><V29/><F29/><W116/><G116/><T42/><D42/><U54/><E43/><V87/><F75/><W97/><G97/><T65/><D65/><U11/><E66/><V92/><F92/><W34/><REACH who="3" step="1"/><G55/><REACH who="3" ten="260,220,260,250" step="2"/><T4/><D4/><U21/><E54/><V106/><F106/><W38/><G38/><T16/><D10/><AGARI ba="1,1" hai="10,12,19,27,28,34,40,41,44,45,49,50,89,91" machi="10" ten="30,3900,0" yaku="1,1,7,1,9,1,53,0" doraHai="59" doraHaiUra="90" who="3" fromWho="0" sc="260,-42,220,0,260,0,250,52" />
</Scene>
<Scene>
<INIT seed="3,0,0,1,5,4" ten="218,220,260,302" oya="3" hai0="116,70,40,100,22,12,108,50,10,54,125,20,28" hai1="64,7,34,99,92,112,128,121,6,82,14,127,63" hai2="73,2,61,58,36,117,30,16,119,62,51,13,89" hai3="79,68,43,122,23,8,120,1,71,95,46,124,87"/><W80/><G124/><T101/><D70/><U67/><E112/><V42/><F2/><W44/><G71/><T65/><D65/><U32/><E121/><V35/><F73/><W60/><G46/><N who="0" m="25927" /><D116/><U114/><E114/><V11/><F36/><W85/><G23/><N who="0" m="8747" /><D108/><U52/><E127/><V102/><F102/><W72/><G68/><T49/><D28/><U21/><E128/><V123/><F123/><W81/><G60/><T76/><D76/><U17/><E82/><V93/><F61/><W83/><G83/><T5/><D125/><U94/><E34/><V29/><F51/><W98/><G81/><T131/><D131/><U90/><E32/><V27/><F42/><W126/><G126/><T104/><D104/><U38/><E38/><V45/><F45/><AGARI ba="0,0" hai="5,10,12,45,49,54,100,101" m="8747,25927" machi="45" ten="30,2000,0" yaku="8,1,52,1" doraHai="4" who="0" fromWho="2" sc="218,20,220,0,260,-20,302,0" />
</Scene>
<Scene>
<INIT seed="4,0,0,4,5,18" ten="238,220,240,302" oya="0" hai0="16,88,111,94,86,22,39,58,1,121,105,112,60" hai1="125,118,0,50,130,21,127,68,32,101,2,6,63" hai2="80,76,116,85,56,79,97,82,17,87,74,114,93" hai3="15,66,42,55,123,91,52,8,38,12,7,102,113"/><T13/><D39/><U61/><E118/><V92/><F116/><W44/><G113/><T99/><D1/><U96/><E32/><V48/><F114/><W5/><G123/><T33/><D112/><U103/><E50/><V25/><F74/><W20/><G102/><T119/><D119/><U135/><E6/><V77/><F77/><W11/><G66/><N who="0" m="39191" /><D33/><U28/><E68/><V9/><F97/><W115/><G115/><T37/><D37/><U3/><E135/><V107/><F107/><W14/><G91/><N who="0" m="55775" /><D105/><U122/><E130/><V98/><F98/><W27/><REACH who="3" step="1"/><G14/><REACH who="3" ten="238,220,240,292" step="2"/><T106/><D106/><U110/><E122/><V108/><F108/><W31/><AGARI ba="0,1" hai="5,7,8,11,12,15,20,27,31,38,42,44,52,55" machi="31" ten="20,12000,2" yaku="1,1,2,1,0,1,7,1,9,1,52,1,54,1,53,0" doraHai="18" doraHaiUra="35" who="3" fromWho="3" sc="238,-60,220,-30,240,-30,292,130" />
</Scene>
<Scene>
<INIT seed="5,0,0,4,5,122" ten="178,190,210,422" oya="1" hai0="30,28,35,27,13,124,66,10,87,90,131,71,29" hai1="79,63,103,4,130,41,107,132,9,48,20,64,88" hai2="36,65,109,1,113,100,49,99,52,89,98,106,117" hai3="60,14,25,81,8,118,94,55,23,45,96,75,19"/><U5/><E107/><V34/><F36/><W135/><G135/><T7/><D131/><U115/><E103/><V78/><F117/><W72/><G118/><T61/><REACH who="0" step="1"/><D124/><REACH who="0" ten="168,190,210,422" step="2"/><U123/><E130/><V21/><F34/><W26/><G72/><T119/><D119/><U32/><E32/><V95/><F113/><W112/><G112/><T15/><D15/><U126/><E115/><V68/><F1/><W42/><G75/><T6/><D6/><U37/><E4/><V33/><F33/><W85/><G14/><T73/><D73/><U82/><E5/><V120/><F120/><W57/><G25/><T39/><D39/><U58/><E126/><V108/><F78/><W53/><G26/><T92/><AGARI ba="0,1" hai="7,10,13,27,28,29,30,35,61,66,71,87,90,92" machi="92" ten="20,2700,0" yaku="1,1,0,1,7,1,53,0" doraHai="122" doraHaiUra="51" who="0" fromWho="0" sc="168,37,190,-13,210,-7,422,-7" />
</Scene>
<Scene>
<INIT seed="6,0,0,4,3,107" ten="205,177,203,415" oya="2" hai0="65,131,121,11,44,57,46,34,19,55,3,95,100" hai1="52,70,5,110,29,58,0,63,128,96,22,129,32" hai2="45,49,134,9,51,2,66,42,101,77,62,72,14" hai3="89,73,59,78,6,26,67,127,90,124,21,123,1"/><V79/><F134/><W111/><G111/><T117/><D34/><U68/><E110/><V104/><F2/><W126/><G123/><T115/><D121/><U98/><E32/><V12/><F51/><W43/><G43/><T48/><D115/><U18/><E29/><V61/><F14/><W33/><G33/><T15/><D131/><N who="1" m="50251" /><E5/><V102/><F62/><N who="3" m="38367" /><G73/><T56/><D3/><U13/><E0/><V47/><F47/><W119/><G78/><T122/><D117/><U7/><E7/><V76/><F104/><W114/><G119/><T93/><D122/><U38/><E38/><V130/><F130/><W85/><G85/><T132/><D132/><U75/><E75/><V60/><F60/><W40/><G40/><T17/><D17/><U35/><E35/><V71/><REACH who="2" step="1"/><F72/><REACH who="2" ten="205,177,193,415" step="2"/><W135/><G135/><T97/><D46/><U36/><E36/><V74/><F74/><W133/><G133/><T87/><D65/><N who="1" m="41023" /><E70/><V83/><F83/><W105/><G105/><T37/><D37/><U116/><E116/><V39/><F39/><W103/><G1/><T86/><D93/><U112/><E112/><V27/><F27/><W64/><G114/><T120/><D120/><U118/><E118/><V30/><F30/><N who="3" m="17743" /><G64/><T53/><D44/><U54/><E54/><V23/><F23/><W8/><G8/><T69/><D69/><U16/><E18/><AGARI ba="0,1" hai="9,12,18,42,45,49,61,66,71,76,77,79,101,102" machi="18" ten="40,2000,0" yaku="1,1,53,0" doraHai="107" doraHaiUra="113" who="2" fromWho="1" sc="205,0,177,-20,193,30,415,0" />
</Scene>
<Scene>
<INIT seed="6,1,0,5,3,98" ten="205,157,223,415" oya="2" hai0="37,132,109,60,54,13,104,34,47,5,102,61,43" hai1="9,91,130,42,23,66,53,96,107,2,121,45,119" hai2="67,50,51,38,69,55,7,77,85,22,4,70,95" hai3="33,71,78,123,28,25,21,82,92,88,24,97,75"/><V58/><F38/><W73/><G71/><T124/><D34/><U106/><E119/><V118/><F118/><W14/><G14/><T76/><D109/><U81/><E130/><V64/><F69/><W131/><G131/><T117/><D117/><U116/><E116/><V83/><F70/><W112/><G112/><T26/><D76/><U111/><E111/><V19/><F51/><W133/><G133/><T29/><D132/><U89/><E66/><V52/><F55/><W48/><G48/><T99/><D124/><U31/><E121/><V86/><F67/><W108/><G108/><T0/><D0/><U80/><E53/><V10/><F10/><W41/><G41/><T122/><D122/><U79/><E31/><V101/><F64/><W115/><G115/><T113/><D113/><U100/><E107/><V128/><F128/><W93/><G93/><T36/><D36/><N who="1" m="21703" /><E80/><V127/><F127/><W105/><G105/><T114/><D114/><U11/><E23/><V6/><F85/><W3/><G3/><T103/><D54/><U59/><E59/><V125/><F125/><W65/><G65/><T134/><D134/><U39/><E39/><V35/><F35/><W126/><G126/><T120/><D120/><U68/><E68/><V63/><F63/><W74/><G123/><T27/><D61/><U32/><E32/><V135/><F135/><W20/><G33/><N who="0" m="20663" /><D60/><U84/><E2/><V8/><F8/><W62/><G62/><T17/><D37/><U57/><E57/><V110/><F110/><W12/><G12/><T15/><D43/><U46/><E46/><RYUUKYOKU ba="1,0" sc="205,-15,157,15,223,-15,415,15" hai1="9,11,79,81,84,89,91,96,100,106" hai3="20,21,24,25,28,73,74,75,78,82,88,92,97" />
</Scene>
<Scene>
<INIT seed="7,2,0,1,5,47" ten="190,172,208,430" oya="3" hai0="91,122,44,68,90,52,61,81,92,15,58,130,12" hai1="124,48,64,110,108,114,79,96,74,32,7,128,95" hai2="6,55,27,13,106,111,28,83,97,34,119,35,103" hai3="63,100,125,113,93,65,8,3,33,0,126,25,37"/><W43/><G113/><T42/><D122/><U98/><E32/><V69/><F119/><W36/><G100/><T54/><D68/><U121/><E121/><V88/><F111/><N who="1" m="42537" /><E114/><V72/><F69/><N who="3" m="42175" /><G93/><T118/><D130/><U89/><E128/><V82/><F35/><W11/><G11/><T41/><D81/><N who="1" m="45303" /><E64/><V80/><F6/><N who="3" m="1095" /><G3/><T56/><D118/><U60/><E60/><V94/><F13/><N who="0" m="5194" /><D44/><U78/><E7/><V132/><F132/><W45/><G36/><T107/><D107/><U26/><E26/><V10/><F10/><W19/><G19/><T105/><D105/><U134/><E134/><V117/><F117/><W123/><G123/><T51/><D90/><N who="1" m="55415" /><E48/><V20/><F34/><W49/><G49/><T16/><D16/><U116/><E116/><V1/><F1/><W2/><G2/><T115/><D115/><U18/><E18/><V84/><REACH who="2" step="1"/><F55/><REACH who="2" ten="190,172,198,430" step="2"/><W129/><G129/><T127/><D42/><U31/><E31/><AGARI ba="2,1" hai="25,31,33,37,43,45,125,126" m="1095,42175" machi="31" ten="30,1500,0" yaku="23,1" doraHai="47" who="3" fromWho="1" sc="190,0,172,-21,198,0,430,31" owari="190,-21.0,151,-35.0,198,0.0,461,56.0" />
</Scene>
</mjloggm>