<mjloggm ver="2.3"><GO type="169" lobby="0"/><UN n0="%E8%82%89%E2%98%86%E6%A3%92%E5%A4%AA%E9%83%8E" n1="%E3%81%82%E3%81%B2%E3%82%8B%E3%81%95%E3%82%93" n2="%EF%BC%92%EF%BC%95%EF%BC%98%E8%B1%86%E3%81%A0%E3%81%BE" n3="%E5%A4%AA%E3%81%8F%E3%81%AA%E3%81%84%E3%81%8A" dan="16,17,16,17" rate="2154.80,2106.78,2091.04,2163.83" sx="M,M,M,M"/><TAIKYOKU oya="0"/>

<Scene>
<INIT seed="0,0,0,4,1,111" ten="250,250,250,250" oya="0" hai0="36,110,2,45,3,112,72,59,115,25,80,12,55" hai1="19,44,104,126,114,128,127,5,9,85,10,27,23" hai2="38,108,94,133,16,65,78,102,96,71,123,75,74" hai3="60,120,34,6,7,39,107,92,109,42,50,122,66"/><T88/><D25/><U68/><E68/><V132/><F38/><W4/><G107/><T43/><D110/><U35/><E104/><V70/><F123/><N who="3" m="47147" /><G109/><T134/><D134/><N who="2" m="51818" /><F108/><W93/><G39/><T24/><D24/><U87/><E35/><V29/><F29/><W33/><G42/><T84/><D72/><N who="2" m="27690" /><F78/><W73/><G50/><T63/><REACH who="0" step="1"/><D12/><REACH who="0" ten="240,250,250,250" step="2"/><U86/><E27/><V113/><F113/><AGARI ba="0,1" hai="2,3,36,43,45,55,59,63,80,84,88,112,113,115" machi="113" ten="40,18000,2" yaku="1,1,2,1,52,3,54,1,53,0" doraHai="111" doraHaiUra="89" who="0" fromWho="2" sc="240,190,250,0,250,-180,250,0" />
</Scene>
<Scene>
<INIT seed="0,1,0,3,1,83" ten="430,250,70,250" oya="0" hai0="21,7,92,4,73,71,72,14,116,9,6,34,103" hai1="61,42,75,110,128,24,87,101,29,26,96,121,97" hai2="70,39,135,111,100,27,35,44,134,113,60,66,12" hai3="76,112,58,1,37,45,114,123,105,0,132,90,67"/><T98/><D71/><U115/><E75/><V20/><F111/><W48/><G105/><T68/><D68/><U65/><E121/><V109/><F109/><W124/><G76/><T127/><D116/><U33/><E110/><V63/><F113/><W82/><G37/><T23/><D34/><U51/><E128/><V119/><F119/><W41/><G123/><T64/><D64/><U18/><E115/><V62/><F100/><W8/><G124/><T78/><D127/><U40/><E97/><V106/><F106/><W74/><G132/><T36/><D36/><U28/><E18/><V55/><F12/><W52/><G67/><T59/><D59/><U3/><E3/><V122/><F35/><W131/><G131/><T46/><D46/><U85/><E51/><V13/><F13/><W94/><G82/><T84/><D73/><U88/><E101/><V31/><F122/><W80/><G80/><N who="0" m="47127" /><D72/><U133/><E133/><N who="2" m="50699" /><F39/><W108/><G74/><T130/><D130/><U56/><E42/><V17/><F31/><W81/><G108/><T86/><D86/><U126/><E40/><V79/><F79/><W30/><G30/><T118/><D118/><U107/><E107/><V102/><F70/><W69/><G69/><T54/><D54/><U95/><E126/><V50/><F66/><W38/><G0/><T2/><D2/><U53/><E65/><V47/><F47/><W10/><G1/><T93/><D92/><U16/><E29/><V77/><F77/><W5/><G112/><T120/><D120/><U91/><E91/><V117/><F117/><W19/><G114/><RYUUKYOKU ba="1,0" sc="430,10,250,10,70,10,250,-30" hai0="4,6,7,9,14,21,23,93,98,103" hai1="16,24,26,28,33,53,56,61,85,87,88,95,96" hai2="17,20,27,44,50,55,60,62,63,102" />
</Scene>
<Scene>
<INIT seed="0,2,0,2,2,2" ten="440,260,80,220" oya="0" hai0="111,98,49,23,40,81,14,112,93,32,130,109,4" hai1="51,26,95,48,53,106,78,52,18,73,59,47,34" hai2="37,0,103,50,82,104,15,13,11,80,16,22,45" hai3="115,107,110,126,120,69,27,57,44,29,101,116,88"/><T63/><D32/><U75/><E106/><V25/><F37/><W66/><G116/><T127/><D112/><U90/><E78/><V55/><F103/><W62/><G115/><T60/><D81/><U122/><E122/><V94/><F104/><W28/><G120/><T129/><D127/><U19/><E34/><V118/><F118/><W17/><G126/><T79/><D79/><U1/><E1/><V102/><F0/><W72/><G72/><T97/><D40/><U21/><REACH who="1" step="1"/><E18/><REACH who="1" ten="440,250,80,220" step="2"/><V132/><F132/><W74/><G17/><T20/><D129/><U67/><E67/><V64/><F64/><W42/><G66/><T43/><D130/><U133/><E133/><V123/><F123/><W76/><G107/><T91/><D111/><U124/><E124/><V31/><REACH who="2" step="1"/><F15/><REACH who="2" ten="440,250,70,220" step="2"/><W58/><G110/><T5/><D14/><U100/><E100/><V86/><F86/><AGARI ba="2,2" hai="19,21,26,47,48,51,52,53,59,73,75,86,90,95" machi="86" ten="30,3900,0" yaku="1,1,7,1,54,1,53,0" doraHai="2" doraHaiUra="65" who="1" fromWho="2" sc="440,0,250,65,70,-45,220,0" />
</Scene>
<Scene>
<INIT seed="1,0,0,4,3,44" ten="440,315,25,220" oya="1" hai0="41,26,72,36,64,13,38,73,91,33,25,1,87" hai1="29,106,66,77,54,12,132,57,83,79,85,27,43" hai2="122,82,134,92,0,5,65,63,129,131,28,56,81" hai3="107,74,120,18,124,58,123,21,95,78,37,76,69"/><U60/><E106/><V116/><F122/><W3/><G69/><T14/><D1/><U109/><E132/><V118/><F92/><W4/><G107/><T97/><D97/><U47/><E109/><V2/><F28/><W15/><G37/><T128/><D128/><N who="2" m="49226" /><F134/><W121/><G124/><T99/><D99/><U126/><E126/><V94/><F94/><W42/><G42/><T89/><D64/><U67/><E79/><V130/><N who="2" m="49234" /><V115/><DORA hai="101" /><F115/><W84/><G74/><T8/><D8/><U23/><REACH who="1" step="1"/><E12/><REACH who="1" ten="440,305,25,220" step="2"/><V102/><F2/><W10/><G78/><T52/><D14/><U75/><E75/><V45/><F0/><W86/><G76/><T114/><D13/><U51/><AGARI ba="0,1" hai="23,27,29,43,47,51,54,57,60,66,67,77,83,85" machi="51" ten="20,18000,2" yaku="1,1,0,1,7,1,8,1,52,1,53,1" doraHai="44,101" doraHaiUra="39,117" who="1" fromWho="1" sc="440,-60,305,190,25,-60,220,-60" owari="380,18.0,495,60.0,-35,-54.0,160,-24.0" />
</Scene>
</mjloggm>