<mjloggm ver="2.3"><GO type="169" lobby="0"/><UN n0="%74%75%75%6B%61%69%33" n1="%EF%BC%A4%EF%BC%B2%EF%BC%AF%EF%BC%B0" n2="%E5%A4%AA%E3%81%8F%E3%81%AA%E3%81%84%E3%81%8A" n3="%7A%65%6C%64%69%6E%61" dan="16,16,18,17" rate="2137.69,2027.73,2207.47,2200.31" sx="M,M,M,M"/><TAIKYOKU oya="0"/>

<Scene>
<INIT seed="0,0,0,5,3,43" ten="250,250,250,250" oya="0" hai0="56,55,63,100,112,62,91,61,52,28,57,44,86" hai1="98,14,65,130,8,81,3,83,31,38,102,113,12" hai2="123,106,46,11,35,51,134,132,116,10,92,131,88" hai3="124,21,94,80,103,118,96,36,85,7,48,15,87"/><T13/><D112/><U49/><E38/><V72/><F123/><W47/><G36/><T16/><D100/><U37/><E37/><V50/><F106/><W135/><G124/><T9/><D28/><U20/><E3/><V59/><F72/><W125/><G125/><T70/><D70/><U79/><E130/><V120/><F120/><W58/><G135/><N who="2" m="51753" /><F35/><W104/><G118/><T111/><D111/><U23/><E65/><V39/><F131/><W67/><G104/><T68/><D68/><U32/><E32/><V73/><F73/><W78/><G87/><T95/><D44/><U6/><E113/><V93/><F93/><W101/><G101/><T29/><D29/><U33/><E33/><V69/><F69/><W127/><G127/><T119/><REACH who="0" step="1"/><D63/><REACH who="0" ten="240,250,250,250" step="2"/><U5/><E31/><V41/><F116/><AGARI ba="0,1" hai="9,13,16,52,55,56,57,61,62,86,91,95,116,119" machi="116" ten="40,12000,1" yaku="1,1,2,1,9,1,54,2,53,0" doraHai="43" doraHaiUra="122" who="0" fromWho="2" sc="240,130,250,0,250,-120,250,0" />
</Scene>
<Scene>
<INIT seed="0,1,0,5,5,31" ten="370,250,130,250" oya="0" hai0="28,133,36,135,8,110,115,72,97,53,22,87,73" hai1="103,108,94,34,67,61,27,48,24,126,71,17,114" hai2="76,93,125,16,15,26,98,19,33,47,65,86,122" hai3="84,41,11,14,106,60,99,81,113,10,75,112,107"/><T130/><D115/><U20/><E114/><V79/><F122/><W32/><G32/><T37/><D8/><U35/><E108/><V109/><F109/><W9/><G75/><T39/><D110/><U116/><E116/><V56/><F125/><W50/><G106/><T92/><D87/><U100/><E126/><V4/><F4/><W59/><G107/><T78/><D53/><U49/><E49/><V7/><F7/><N who="3" m="3391" /><G99/><T44/><D44/><U54/><E27/><V83/><F47/><N who="3" m="25967" /><G113/><T74/><D78/><U88/><E100/><V38/><F38/><W101/><G101/><T102/><REACH who="0" step="1"/><D130/><REACH who="0" ten="360,250,130,250" step="2"/><U63/><E54/><V123/><F76/><N who="3" m="46119" /><G112/><T69/><D69/><U131/><E71/><V42/><F42/><W2/><G2/><T70/><D70/><U124/><E131/><V129/><F129/><W128/><G128/><T132/><D132/><U13/><E124/><V105/><F79/><W1/><G1/><T118/><D118/><U6/><E67/><AGARI ba="1,1" hai="10,11,59,60,67" m="46119,25967,3391" machi="67" ten="30,2000,0" yaku="25,1,8,1" doraHai="31" who="3" fromWho="1" sc="360,0,250,-23,130,0,250,33" />
</Scene>
<Scene>
<INIT seed="1,0,0,4,1,44" ten="360,227,130,283" oya="1" hai0="133,83,109,47,37,95,86,89,76,32,17,58,33" hai1="132,4,12,53,131,36,100,57,112,18,13,16,14" hai2="45,2,61,19,22,93,135,101,62,67,27,94,111" hai3="21,82,124,127,15,50,49,128,43,134,48,84,129"/><U46/><E131/><N who="3" m="50250" /><G43/><T96/><D109/><U72/><E112/><V85/><F2/><W110/><G110/><T102/><D133/><U69/><E69/><V103/><F111/><W54/><G54/><T63/><D37/><U91/><E4/><V70/><F135/><W81/><G134/><T64/><D17/><U25/><E132/><V42/><F62/><W60/><G60/><T117/><D117/><U92/><E72/><V34/><F34/><W115/><G115/><T77/><D77/><U73/><E73/><V106/><F106/><W0/><G0/><T90/><D90/><U99/><E25/><V23/><F85/><W98/><G98/><T38/><D38/><U122/><E122/><V130/><F130/><W87/><G21/><T79/><D79/><U104/><E46/><V108/><F108/><W1/><G15/><T8/><D8/><U11/><E36/><V10/><F10/><W105/><G105/><T7/><D7/><U75/><E75/><V41/><F41/><W119/><G1/><T118/><D118/><U39/><E39/><V97/><F23/><W74/><G74/><N who="0" m="43415" /><D47/><U20/><E11/><V52/><F42/><W29/><G29/><T65/><D65/><U6/><E6/><V126/><F45/><W55/><G55/><T59/><D59/><U107/><E107/><AGARI ba="0,0" hai="32,33,58,63,64,86,89,95,96,102,107" m="43415" machi="107" ten="30,1000,0" yaku="24,1" doraHai="44" who="0" fromWho="1" sc="360,10,227,-10,130,0,283,0" />
</Scene>
<Scene>
<INIT seed="2,0,0,2,4,24" ten="370,217,130,283" oya="2" hai0="110,9,65,75,40,63,61,122,109,92,17,15,64" hai1="8,13,127,116,34,134,72,84,69,123,96,47,76" hai2="33,130,22,10,77,135,105,94,85,89,43,81,74" hai3="55,111,107,100,113,79,16,48,104,56,126,28,93"/><V23/><F33/><W42/><G111/><T90/><D75/><U5/><E72/><V106/><F43/><W118/><G79/><T60/><D40/><U57/><E69/><V80/><F10/><W132/><G28/><T83/><D83/><U102/><E116/><V29/><F23/><W133/><G42/><T125/><D122/><U12/><E34/><V128/><F22/><W62/><G118/><T39/><D39/><U7/><E134/><V49/><F49/><W98/><G126/><T121/><D121/><U88/><E76/><N who="2" m="44055" /><F29/><W26/><G113/><T35/><D35/><U114/><E47/><V46/><F46/><N who="3" m="28055" /><G16/><T86/><REACH who="0" step="1"/><D125/><REACH who="0" ten="360,217,130,283" step="2"/><U37/><E123/><V101/><F135/><W1/><G133/><T115/><D115/><U82/><E114/><V14/><F14/><W38/><G38/><T27/><D27/><U54/><E127/><V112/><F112/><W6/><G26/><T3/><D3/><U87/><E37/><V58/><F130/><W97/><G1/><T71/><D71/><U32/><E32/><V52/><F128/><W117/><G132/><T78/><D78/><U4/><E13/><V91/><F77/><W103/><G117/><T21/><D21/><U30/><E12/><V44/><F81/><W131/><G131/><T120/><D120/><U11/><E82/><V50/><F44/><W51/><G107/><T59/><D59/><U68/><E57/><V124/><F124/><W129/><G129/><T108/><AGARI ba="0,1" hai="9,15,17,60,61,63,64,65,86,90,92,108,109,110" machi="108" ten="40,5200,0" yaku="1,1,0,1,14,1,53,0" doraHai="24" doraHaiUra="99" who="0" fromWho="0" sc="360,62,217,-13,130,-26,283,-13" />
</Scene>
<Scene>
<INIT seed="3,0,0,5,1,14" ten="422,204,104,270" oya="3" hai0="74,86,68,97,87,53,42,28,132,101,107,20,114" hai1="27,105,66,35,51,63,41,32,109,96,131,1,8" hai2="46,25,76,71,23,58,112,104,36,0,24,16,70" hai3="19,129,2,102,67,95,6,78,69,29,90,21,11"/><W134/><G129/><T72/><D68/><U59/><E109/><V94/><F104/><W82/><G134/><T113/><D53/><U85/><E131/><V7/><F112/><N who="0" m="43114" /><D42/><U124/><E124/><V130/><F130/><W65/><G102/><T64/><D64/><U110/><E110/><V38/><F76/><W81/><G29/><T80/><D28/><U10/><E1/><V57/><F0/><W61/><G67/><T26/><D26/><U30/><E35/><V75/><F75/><W83/><G78/><N who="0" m="46359" /><D20/><U117/><E85/><V133/><F133/><W45/><G45/><T56/><D56/><U37/><E37/><V79/><F79/><W4/><G6/><T52/><D52/><U120/><E41/><V62/><F7/><W93/><REACH who="3" step="1"/><G90/><REACH who="3" ten="422,204,104,260" step="2"/><T88/><D132/><U18/><E30/><V47/><F46/><W103/><G103/><T48/><D48/><U5/><E51/><V77/><F47/><W12/><AGARI ba="0,1" hai="2,4,11,12,19,21,61,65,69,81,82,83,93,95" machi="12" ten="30,6000,0" yaku="1,1,0,1,52,1,53,0" doraHai="14" doraHaiUra="122" who="3" fromWho="3" sc="422,-20,204,-20,104,-20,260,70" />
</Scene>
<Scene>
<INIT seed="3,1,0,1,4,19" ten="402,184,84,330" oya="3" hai0="83,96,106,68,122,130,97,31,51,133,85,94,110" hai1="1,135,52,90,101,113,39,36,109,114,47,69,50" hai2="12,78,44,65,49,57,63,55,89,93,7,4,18" hai3="74,62,2,105,86,119,95,118,13,33,43,124,84"/><W11/><G2/><T82/><D68/><U16/><E1/><V29/><F29/><W67/><G105/><T76/><D31/><U17/><E101/><V134/><F78/><W46/><G74/><N who="0" m="43287" /><D51/><U42/><E39/><V75/><F75/><W71/><G124/><T26/><D26/><U115/><E109/><V127/><F134/><W15/><G33/><T41/><D41/><U0/><E0/><V14/><F127/><W121/><G121/><T60/><D60/><U54/><E135/><V32/><F32/><W23/><G95/><T91/><D122/><U123/><E123/><V27/><F27/><W87/><G23/><T102/><D110/><U53/><E69/><V117/><F117/><W61/><G61/><T35/><D35/><U107/><E107/><V80/><F80/><W5/><REACH who="3" step="1"/><G13/><REACH who="3" ten="402,184,84,320" step="2"/><T21/><D21/><U66/><E113/><V73/><F73/><W100/><G100/><N who="0" m="60439" /><D133/><U48/><E115/><V9/><REACH who="2" step="1"/><F12/><REACH who="2" ten="402,184,74,320" step="2"/><W126/><G126/><T88/><D130/><U24/><E114/><V6/><F6/><W104/><G104/><T120/><D120/><U79/><E17/><V22/><F22/><W98/><G98/><AGARI ba="1,2" hai="4,7,9,14,18,44,49,55,57,63,65,89,93,98" machi="98" ten="30,7700,0" yaku="1,1,7,1,8,1,53,1" doraHai="19" doraHaiUra="8" who="2" fromWho="3" sc="402,0,184,0,74,100,320,-80" />
</Scene>
<Scene>
<INIT seed="4,0,0,1,3,61" ten="402,184,174,240" oya="0" hai0="45,94,39,27,81,78,47,17,63,90,12,87,70" hai1="69,115,0,49,92,133,33,134,117,128,102,51,110" hai2="37,66,114,121,111,77,107,18,32,40,126,67,93" hai3="91,82,80,11,106,2,123,4,129,84,8,132,15"/><T89/><D39/><U135/><E117/><V6/><F107/><W56/><G106/><T30/><D89/><U75/><E110/><V1/><F111/><W125/><G125/><T105/><D105/><U95/><E0/><V65/><F121/><W120/><G132/><T79/><D79/><U28/><E75/><V71/><F32/><W76/><G129/><T19/><D19/><U72/><E72/><V57/><F71/><W113/><G56/><T13/><D13/><U100/><E69/><V88/><F77/><W23/><G23/><N who="0" m="15743" /><D63/><U5/><E5/><V38/><F126/><W60/><G60/><T86/><D70/><U131/><E28/><V20/><F57/><W74/><REACH who="3" step="1"/><G113/><REACH who="3" ten="402,184,174,230" step="2"/><T97/><D97/><U25/><E115/><V112/><F114/><W7/><AGARI ba="0,1" hai="2,4,7,8,11,15,74,76,80,82,84,91,120,123" machi="7" ten="30,4000,0" yaku="1,1,2,1,0,1,53,0" doraHai="61" doraHaiUra="44" who="3" fromWho="3" sc="402,-20,184,-10,174,-10,230,50" />
</Scene>
<Scene>
<INIT seed="5,0,0,3,5,50" ten="382,174,164,280" oya="1" hai0="73,108,130,104,38,7,43,0,40,10,41,3,54" hai1="114,82,94,121,65,12,59,47,16,120,2,88,39" hai2="58,74,113,123,77,134,103,30,15,110,125,78,122" hai3="60,25,68,21,112,97,95,42,96,106,90,33,23"/><U91/><E2/><V109/><F15/><W52/><G42/><T81/><D104/><U19/><E114/><V72/><F30/><W102/><G112/><T56/><D108/><N who="2" m="41578" /><F58/><W92/><G92/><T53/><D130/><U1/><E1/><V135/><F113/><W17/><G21/><T126/><D0/><U131/><E131/><V63/><F63/><W55/><REACH who="3" step="1"/><G33/><REACH who="3" ten="382,174,164,270" step="2"/><T132/><D38/><U117/><E94/><V22/><F22/><W101/><G101/><T37/><D37/><U83/><E39/><V35/><F35/><W119/><G119/><T61/><D132/><N who="2" m="50730" /><F103/><W124/><G124/><T11/><D126/><U49/><E117/><V34/><F34/><W27/><G27/><T8/><D11/><U32/><E32/><V66/><F125/><W70/><G70/><T100/><D100/><U115/><E115/><V128/><F128/><W24/><G24/><T133/><D10/><U99/><E120/><N who="2" m="46123" /><F66/><AGARI ba="0,1" hai="17,23,25,52,55,60,66,68,90,95,96,97,102,106" machi="66" ten="40,8000,1" yaku="1,1,52,2,54,1,53,0" doraHai="50" doraHaiUra="75" who="3" fromWho="2" sc="382,0,174,0,164,-80,270,90" />
</Scene>
<Scene>
<INIT seed="6,0,0,0,2,64" ten="382,174,84,360" oya="2" hai0="55,122,58,81,32,73,89,74,106,125,22,67,24" hai1="8,52,126,49,132,54,27,113,134,38,120,3,114" hai2="60,68,33,116,19,46,11,87,62,21,47,41,131" hai3="53,88,42,51,96,118,65,23,10,4,109,56,30"/><V103/><F116/><W92/><G109/><T77/><D122/><U119/><E38/><V78/><F33/><W13/><G118/><T44/><D32/><U63/><E119/><V112/><F112/><N who="1" m="43113" /><E126/><V66/><F131/><W91/><G65/><T25/><D24/><U108/><E108/><V43/><F103/><N who="3" m="60807" /><G42/><T6/><D6/><N who="1" m="1119" /><E120/><V75/><F75/><W35/><G35/><T129/><D106/><U123/><E123/><V71/><F11/><W128/><G128/><T17/><D129/><U107/><E107/><V7/><F7/><W97/><G97/><T0/><D0/><U115/><E115/><V50/><F78/><W45/><G56/><T61/><D125/><U99/><E27/><AGARI ba="0,0" hai="4,10,13,23,27,30,45,51,53,88,91" m="60807" machi="27" ten="30,2000,0" yaku="8,1,54,1" doraHai="64" who="3" fromWho="1" sc="382,0,174,-20,84,0,360,20" />
</Scene>
<Scene>
<INIT seed="7,0,0,2,2,54" ten="382,154,84,380" oya="3" hai0="31,123,61,83,91,114,95,101,66,32,106,15,103" hai1="131,78,42,16,64,102,100,55,73,87,111,45,35" hai2="105,112,134,47,97,5,82,41,71,7,30,1,25" hai3="26,77,8,130,93,86,56,19,90,27,67,33,10"/><W68/><G68/><T38/><D38/><U70/><E35/><V29/><F29/><W126/><G33/><T21/><D123/><U115/><E73/><V125/><F112/><W72/><G130/><T85/><D32/><U63/><E111/><V122/><F122/><W94/><G126/><T59/><D106/><U135/><E135/><V69/><F134/><W124/><G124/><T109/><D109/><U34/><E34/><V132/><F132/><W118/><G118/><T37/><D37/><U117/><E115/><V44/><F125/><W23/><G27/><N who="0" m="16879" /><D114/><U104/><E104/><V62/><F30/><W84/><G72/><T80/><D15/><U50/><E131/><V13/><F25/><W116/><G116/><T107/><D107/><U113/><E113/><V57/><F1/><W2/><G2/><T51/><D51/><U133/><E42/><V12/><F105/><W40/><G40/><T110/><D110/><U129/><E129/><V99/><F41/><W60/><G94/><T36/><D36/><U52/><E70/><V121/><F121/><W58/><REACH who="3" step="1"/><G56/><REACH who="3" ten="382,154,84,370" step="2"/><T76/><D83/><AGARI ba="0,1" hai="8,10,19,23,26,58,60,67,77,83,84,86,90,93" machi="83" ten="40,12000,1" yaku="1,1,2,1,8,1,52,1,53,0" doraHai="54" doraHaiUra="46" who="3" fromWho="0" sc="382,-120,154,0,84,0,370,130" owari="262,6.0,154,-25.0,84,-42.0,500,61.0" />
</Scene>
</mjloggm>