<mjloggm ver="2.3"><GO type="169" lobby="0"/><UN n0="%E5%A4%AA%E3%81%8F%E3%81%AA%E3%81%84%E3%81%8A" n1="%4D%4A%5B%53%61%74%6F%5D" n2="%79%61%6D%61%61%70%71" n3="%E3%82%B5%E3%83%B3%E3%83%9E%E9%81%93%E6%A5%BD%E4%BB%A3%E8%A1%A8" dan="18,17,16,17" rate="2226.97,2159.16,2033.62,2214.91" sx="M,M,M,M"/><TAIKYOKU oya="0"/>

<Scene>
<INIT seed="0,0,0,2,1,93" ten="250,250,250,250" oya="0" hai0="128,90,61,88,45,98,86,52,17,116,6,122,79" hai1="111,25,95,120,69,67,23,77,57,89,63,62,36" hai2="109,132,112,34,118,104,20,39,85,7,3,27,84" hai3="115,12,129,32,40,73,1,124,80,0,5,133,102"/><T78/><D116/><U76/><E120/><V123/><RYUUKYOKU type="yao9" ba="0,0" sc="250,0,250,0,250,0,250,0" hai2="3,7,20,27,34,39,84,85,104,109,112,118,123,132" />
</Scene>
<Scene>
<INIT seed="0,1,0,5,5,61" ten="250,250,250,250" oya="0" hai0="19,4,73,94,14,115,25,116,79,89,108,135,129" hai1="87,122,58,76,74,42,98,70,83,96,123,44,49" hai2="6,80,2,50,28,99,113,132,107,5,101,13,47" hai3="66,104,133,34,97,0,85,88,102,60,11,121,114"/><T16/><D115/><U100/><E70/><V51/><F113/><W17/><G133/><T38/><D116/><U40/><E40/><V117/><F132/><W45/><G121/><T78/><D135/><U32/><E32/><V68/><F117/><W69/><G34/><T8/><D38/><U75/><E75/><V10/><F68/><W126/><G126/><T109/><D129/><U7/><E96/><V30/><F51/><W23/><G45/><T86/><D73/><U1/><E74/><V71/><F71/><W120/><G120/><T31/><D79/><U134/><E134/><V84/><F5/><W39/><G39/><T59/><D78/><U103/><E103/><V92/><F2/><W119/><G119/><T54/><D54/><U18/><E18/><V63/><F63/><W46/><G46/><T111/><REACH who="0" step="1"/><D59/><REACH who="0" ten="240,250,250,250" step="2"/><U77/><E76/><V26/><F26/><W65/><G114/><T118/><D118/><U128/><E58/><V131/><F131/><W12/><G0/><T124/><D124/><U43/><E128/><V15/><F15/><W57/><G69/><T55/><D55/><U93/><E43/><V56/><F56/><W9/><REACH who="3" step="1"/><G65/><REACH who="3" ten="240,250,250,240" step="2"/><T67/><D67/><U112/><E112/><V62/><F47/><W35/><G35/><AGARI ba="1,2" hai="4,8,14,16,19,25,31,35,86,89,94,108,109,111" machi="35" ten="40,12000,1" yaku="1,1,14,1,10,1,54,1,53,0" doraHai="61" doraHaiUra="37" who="0" fromWho="3" sc="240,143,250,0,250,0,240,-123" />
</Scene>
<Scene>
<INIT seed="0,2,0,2,3,80" ten="383,250,250,117" oya="0" hai0="103,126,91,37,26,55,134,116,13,20,94,14,23" hai1="48,60,0,105,86,115,38,132,9,36,45,34,65" hai2="102,98,30,121,79,53,41,124,3,21,8,127,15" hai3="83,100,40,70,118,73,27,10,85,17,82,56,4"/><T58/><D37/><U71/><E105/><V32/><F32/><W88/><G70/><T119/><D103/><U93/><E34/><V90/><F121/><W63/><G100/><T31/><D126/><U77/><E115/><V43/><F79/><W11/><G40/><T114/><D114/><U25/><E25/><V109/><F109/><W59/><G118/><T1/><D1/><U6/><E132/><V42/><F53/><W62/><G73/><T61/><D134/><U113/><E113/><V33/><F33/><W99/><G99/><T78/><D78/><U46/><E46/><V87/><F3/><W19/><G27/><T89/><D89/><U5/><E5/><V28/><F21/><W22/><G22/><T123/><D123/><U35/><E35/><V16/><F98/><W96/><G96/><T110/><D110/><U131/><E131/><V84/><F102/><W64/><G83/><T52/><D55/><U92/><E92/><V39/><F39/><W47/><G47/><T122/><D122/><U2/><E2/><V29/><F90/><W117/><G117/><T18/><REACH who="0" step="1"/><D13/><REACH who="0" ten="373,250,250,117" step="2"/><U120/><E120/><V95/><F127/><W68/><G68/><T76/><D76/><U7/><E77/><V112/><F124/><W74/><G74/><T69/><D69/><U49/><E36/><V97/><F112/><W133/><G133/><T75/><D75/><U107/><E38/><V108/><F108/><W101/><G101/><T57/><D57/><U54/><E71/><V111/><F111/><W66/><G10/><T125/><D125/><U106/><E9/><RYUUKYOKU ba="2,1" sc="373,10,250,-30,250,10,117,10" hai0="14,18,20,23,26,31,52,58,61,91,94,116,119" hai2="8,15,16,28,29,30,41,42,43,84,87,95,97" hai3="4,11,17,19,56,59,62,63,64,66,82,85,88" />
</Scene>
<Scene>
<INIT seed="0,3,1,2,4,16" ten="383,220,260,127" oya="0" hai0="54,29,132,70,120,101,19,36,83,47,65,4,80" hai1="68,12,78,114,96,131,87,50,42,133,86,8,107" hai2="45,51,57,46,113,97,82,41,116,33,95,52,34" hai3="129,123,56,39,64,23,81,59,69,53,108,117,30"/><T25/><D120/><U2/><E68/><V135/><F113/><W88/><G117/><T22/><D4/><U118/><E118/><V109/><F109/><W58/><G39/><T40/><D132/><U38/><E114/><V11/><F116/><W103/><G108/><T49/><D101/><U91/><E133/><V9/><F135/><W110/><G110/><T14/><D65/><U93/><E38/><V48/><F82/><W99/><G129/><T13/><D70/><U122/><E2/><V85/><F85/><N who="3" m="50223" /><G69/><T90/><D90/><U62/><E122/><V61/><F34/><W43/><G43/><T134/><D13/><U44/><E131/><V71/><F33/><W10/><G10/><T72/><D72/><U66/><E107/><V76/><F76/><W32/><G32/><T1/><D1/><U102/><E78/><V0/><F0/><W63/><G53/><T26/><D26/><U84/><E66/><V104/><F104/><W60/><G60/><T94/><D94/><U105/><REACH who="1" step="1"/><E62/><REACH who="1" ten="383,210,260,127" step="2"/><V119/><F119/><W37/><G37/><T27/><D134/><U21/><E21/><V100/><F71/><W15/><G123/><T111/><D111/><U20/><E20/><V89/><F100/><W130/><G130/><T55/><D36/><U35/><E35/><V124/><F61/><W17/><G30/><T106/><D106/><U121/><E121/><V112/><F112/><W7/><G7/><AGARI ba="3,2" hai="7,8,12,42,44,50,84,86,87,91,93,96,102,105" machi="7" ten="30,2000,0" yaku="1,1,7,1,53,0" doraHai="16" doraHaiUra="31" who="1" fromWho="3" sc="383,0,210,49,260,0,127,-29" />
</Scene>
<Scene>
<INIT seed="1,0,0,2,1,115" ten="383,259,260,98" oya="1" hai0="51,53,29,80,49,88,104,35,97,34,93,89,86" hai1="102,79,26,18,6,41,78,24,32,38,129,94,54" hai2="58,20,92,12,126,75,95,74,61,8,83,28,116" hai3="48,125,46,130,69,0,19,37,4,123,87,30,118"/><U64/><E129/><V71/><F71/><W131/><G123/><T108/><D108/><U106/><E106/><V10/><F126/><W135/><G37/><T36/><D36/><U132/><E132/><V39/><F39/><W133/><G69/><T47/><D29/><U52/><E64/><V90/><F83/><W23/><G87/><T82/><D104/><U22/><E32/><V96/><F8/><N who="3" m="2055" /><G30/><T17/><D82/><U56/><E41/><V9/><F9/><W60/><G60/><T33/><D17/><U40/><E40/><V57/><F61/><W100/><G100/><T65/><D65/><U11/><E38/><V66/><F28/><W2/><G48/><T120/><REACH who="0" step="1"/><D51/><REACH who="0" ten="373,259,260,98" step="2"/><N who="1" m="30751" /><E54/><V117/><F66/><W50/><G50/><T16/><D16/><N who="1" m="12359" /><E6/><V15/><F74/><W3/><G125/><T45/><D45/><U13/><E26/><V121/><F75/><W43/><G46/><T101/><D101/><U27/><E27/><V70/><F70/><W124/><G124/><T84/><D84/><U62/><E62/><V67/><F67/><W122/><G122/><AGARI ba="0,1" hai="33,34,35,47,49,53,80,86,88,89,93,97,120,122" machi="122" ten="50,3200,0" yaku="1,1,54,1,53,0" doraHai="115" doraHaiUra="7" who="0" fromWho="3" sc="373,42,259,0,260,0,98,-32" />
</Scene>
<Scene>
<INIT seed="2,0,0,4,0,85" ten="415,259,260,66" oya="2" hai0="28,92,38,49,71,65,20,31,103,104,15,5,6" hai1="41,61,52,34,32,11,8,111,10,80,48,90,122" hai2="63,53,50,124,129,40,107,112,132,101,118,25,130" hai3="47,120,24,59,51,29,2,77,83,30,131,133,76"/><V62/><F118/><W109/><G2/><T88/><D38/><U58/><E122/><V66/><F112/><W117/><G117/><T113/><D113/><U81/><E111/><V102/><F124/><W95/><G109/><T46/><D104/><U94/><E41/><V45/><F132/><W75/><G131/><N who="2" m="50185" /><F25/><W105/><G105/><T69/><D103/><U108/><E108/><V14/><F14/><W7/><G77/><T19/><D71/><U96/><REACH who="1" step="1"/><E61/><REACH who="1" ten="415,249,260,66" step="2"/><V110/><F110/><W68/><G120/><T74/><D69/><U27/><E27/><V98/><F40/><W1/><G24/><T39/><D39/><U17/><E17/><V37/><F37/><W91/><G68/><T72/><D19/><U12/><E12/><V23/><F63/><W33/><G133/><T86/><D15/><U97/><E97/><V116/><F116/><W99/><G1/><T73/><D28/><U127/><E127/><V16/><F98/><W3/><G33/><AGARI ba="0,1" hai="8,10,11,32,33,34,48,52,58,80,81,90,94,96" machi="33" ten="40,5200,0" yaku="1,1,52,1,54,1,53,0" doraHai="85" doraHaiUra="0" who="1" fromWho="3" sc="415,0,249,62,260,0,66,-52" />
</Scene>
<Scene>
<INIT seed="3,0,0,1,4,56" ten="415,311,260,14" oya="3" hai0="131,29,130,49,2,87,128,13,53,116,84,22,93" hai1="51,21,81,3,33,102,99,30,60,23,110,66,18" hai2="79,54,101,26,124,27,117,32,9,111,82,76,120" hai3="92,58,119,129,31,39,48,16,88,62,17,134,115"/><W36/><G119/><T43/><D2/><U11/><E110/><V42/><F111/><W135/><G115/><T122/><D116/><U96/><E51/><V108/><F108/><W105/><G105/><T37/><D122/><U57/><E81/><V83/><F101/><W69/><G69/><T97/><D43/><U15/><E23/><V74/><F42/><W80/><G80/><T6/><D37/><U19/><E19/><N who="3" m="7242" /><G48/><T77/><D77/><U52/><E66/><V50/><F83/><W98/><G31/><T8/><D29/><U126/><E102/><V73/><F82/><W125/><G125/><T28/><D28/><U63/><E126/><V0/><F124/><W95/><G95/><T127/><D127/><U71/><E71/><V86/><F117/><W90/><G90/><T75/><D75/><U14/><E33/><V118/><F118/><W68/><G68/><T64/><D128/><U44/><E30/><V61/><F73/><W78/><G78/><T104/><D104/><U34/><E34/><V4/><F76/><W59/><G59/><T40/><D131/><U65/><E57/><V106/><F79/><W24/><G24/><T41/><D130/><U112/><E112/><V91/><F74/><W113/><G113/><T20/><D93/><U67/><E3/><V1/><F106/><W133/><G129/><T25/><D49/><N who="1" m="28711" /><E15/><V38/><F50/><W114/><G114/><T70/><D13/><U47/><E14/><V100/><F32/><W89/><G89/><T7/><D70/><U55/><E47/><V46/><F91/><W109/><G109/><RYUUKYOKU ba="0,0" sc="415,-10,311,-10,260,-10,14,30" hai3="36,39,58,62,88,92,98,133,134,135" />
</Scene>
<Scene>
<INIT seed="3,1,0,0,4,67" ten="405,301,250,44" oya="3" hai0="57,99,110,111,71,114,115,113,120,27,129,3,96" hai1="134,102,78,37,11,20,93,91,10,36,32,60,76" hai2="109,31,69,97,19,1,43,6,39,101,117,62,30" hai3="35,68,131,87,123,133,16,89,52,61,105,106,84"/><W75/><G75/><T85/><D120/><U12/><E32/><V73/><F109/><N who="0" m="41482" /><D71/><U82/><E36/><V94/><F19/><W66/><G123/><T54/><D3/><U116/><E37/><V15/><F15/><W108/><G108/><T63/><D129/><U25/><E116/><V24/><F117/><W132/><G35/><T95/><D27/><U121/><E121/><V47/><F73/><W46/><G131/><T79/><D95/><U104/><E60/><V13/><F13/><W56/><G46/><T80/><AGARI ba="1,0" hai="54,57,63,79,80,85,96,99,113,114,115" m="41482" machi="80" ten="40,2700,0" yaku="11,1,14,1" doraHai="67" who="0" fromWho="0" sc="405,30,301,-8,250,-8,44,-14" />
</Scene>
<Scene>
<INIT seed="4,0,0,0,3,82" ten="435,293,242,30" oya="0" hai0="9,44,7,37,116,11,64,114,103,25,107,26,68" hai1="14,120,70,101,8,38,3,41,32,20,10,88,34" hai2="69,0,22,134,36,39,17,52,135,53,119,35,99" hai3="85,21,130,59,80,121,4,72,56,127,94,5,129"/><T71/><D11/><U62/><E120/><V58/><F35/><W91/><G121/><T128/><D25/><U83/><E101/><V81/><F69/><W132/><G132/><N who="2" m="50729" /><F119/><W87/><G72/><T75/><D26/><U57/><E70/><V118/><F118/><W2/><G21/><T40/><D116/><U51/><E3/><V49/><F0/><W131/><G127/><T98/><D114/><U90/><E38/><V126/><F126/><W50/><G2/><N who="0" m="247" /><D128/><U79/><E41/><V29/><F29/><W47/><G5/><T73/><D68/><U18/><E51/><N who="2" m="31007" /><F99/><W42/><G4/><T110/><D110/><U30/><E30/><V33/><F33/><W31/><G31/><T133/><D133/><U77/><E34/><V27/><F81/><W54/><G42/><T95/><D95/><U76/><E32/><V112/><F112/><W13/><G13/><T96/><D96/><U97/><E97/><V46/><AGARI ba="0,0" hai="17,22,27,36,39,46,49,53" m="31007,50729" machi="46" ten="30,2000,0" yaku="20,1,54,1" doraHai="82" who="2" fromWho="2" sc="435,-10,293,-5,242,20,30,-5" />
</Scene>
<Scene>
<INIT seed="5,0,0,2,1,116" ten="425,288,262,25" oya="1" hai0="122,23,94,38,28,86,130,43,132,88,4,125,126" hai1="112,113,123,37,8,104,57,2,103,7,101,22,66" hai2="68,70,36,89,64,77,118,56,12,79,34,58,93" hai3="74,20,127,117,97,120,54,109,131,18,25,6,49"/><U32/><E32/><V44/><F34/><W92/><G74/><T5/><D132/><U9/><E37/><V72/><F118/><W26/><G109/><T71/><D71/><U108/><E9/><V110/><F110/><W39/><G39/><T90/><D130/><U30/><E108/><V69/><F72/><W102/><G131/><T91/><D43/><U55/><E66/><V114/><F12/><W62/><G127/><N who="0" m="48651" /><D38/><U135/><E135/><V76/><F64/><W111/><G111/><T47/><D47/><U96/><E101/><V128/><F128/><W65/><G6/><N who="0" m="2667" /><D122/><U87/><E87/><V35/><F44/><W100/><G117/><T27/><AGARI ba="0,0" hai="23,27,28,86,88,90,91,94" m="2667,48651" machi="27" ten="30,2000,0" yaku="18,1,54,1" doraHai="116" who="0" fromWho="0" sc="425,20,288,-10,262,-5,25,-5" />
</Scene>
<Scene>
<INIT seed="6,0,0,4,3,47" ten="445,278,257,20" oya="2" hai0="32,89,82,21,40,120,44,15,64,79,131,50,93" hai1="133,113,43,56,49,110,71,126,90,48,59,95,42" hai2="102,72,63,13,122,101,18,97,45,1,117,112,121" hai3="11,55,92,128,5,9,60,70,61,52,6,2,132"/><V37/><F112/><W107/><G92/><T103/><D32/><U10/><E110/><V77/><F117/><W57/><G107/><T65/><D103/><U75/><E75/><V41/><F1/><W129/><G132/><T109/><D131/><U135/><E71/><V24/><F24/><W111/><G111/><T34/><D34/><U4/><E113/><V14/><F14/><W62/><G70/><T36/><D120/><U46/><E126/><V54/><F77/><W76/><G76/><T114/><D36/><U119/><E119/><V108/><F72/><W12/><REACH who="3" step="1"/><G55/><REACH who="3" ten="445,278,257,10" step="2"/><T0/><D93/><U96/><E135/><V51/><F108/><W31/><G31/><T100/><D79/><U26/><E133/><V7/><F54/><W125/><G125/><T74/><D109/><U94/><E94/><V86/><F121/><W27/><G27/><T115/><D114/><U69/><E69/><V87/><F122/><W19/><G19/><T25/><D25/><U105/><E105/><V28/><F18/><W91/><G91/><T35/><D89/><U30/><E30/><V3/><F28/><W123/><G123/><T99/><D115/><U116/><E26/><V38/><F101/><W22/><G22/><T53/><D21/><U33/><E116/><V58/><F102/><W67/><G67/><T84/><D64/><U78/><E78/><V68/><F68/><W130/><AGARI ba="0,1" hai="2,5,6,9,11,12,52,57,60,61,62,128,129,130" machi="130" ten="30,7900,0" yaku="1,1,0,1,19,1,54,1,53,0" doraHai="47" doraHaiUra="20" who="3" fromWho="3" sc="445,-20,278,-20,257,-39,10,89" />
</Scene>
<Scene>
<INIT seed="7,0,0,3,4,27" ten="425,258,218,99" oya="3" hai0="125,122,129,35,119,60,70,63,53,116,113,79,110" hai1="3,6,131,59,55,101,87,9,13,16,15,115,10" hai2="133,2,62,103,74,34,11,135,107,1,36,130,57" hai3="42,37,30,56,108,82,45,96,0,78,94,64,32"/><W18/><G0/><T75/><RYUUKYOKU type="yao9" ba="0,0" sc="425,0,258,0,218,0,99,0" hai0="35,53,60,63,70,75,79,110,113,116,119,122,125,129" />
</Scene>
<Scene>
<INIT seed="7,1,0,5,3,12" ten="425,258,218,99" oya="3" hai0="33,95,82,73,117,19,122,52,56,11,65,44,101" hai1="121,0,23,123,41,80,127,86,134,53,27,63,62" hai2="104,15,7,14,21,129,81,75,116,91,4,32,18" hai3="135,90,29,1,74,77,89,124,59,57,131,84,118"/><W120/><G1/><T85/><D33/><U64/><E0/><V110/><F104/><W128/><G118/><T99/><D73/><U47/><E127/><V31/><F110/><W69/><G69/><T111/><D111/><U36/><E134/><V50/><F116/><W93/><G120/><T130/><D130/><N who="3" m="49705" /><G29/><T88/><D122/><U107/><E107/><V119/><F119/><W70/><G70/><T58/><D65/><U61/><E53/><V106/><F106/><W115/><G115/><T43/><D117/><U125/><E125/><V94/><F31/><W34/><G34/><T78/><D78/><U5/><E121/><V54/><F32/><W28/><G28/><T60/><D58/><N who="3" m="22025" /><G124/><T87/><D87/><U45/><E123/><V112/><F112/><W6/><G6/><T39/><D11/><U2/><E5/><V105/><F105/><W9/><G9/><T48/><D39/><U108/><E108/><V46/><F129/><W35/><G35/><T71/><D71/><N who="1" m="42383" /><E2/><V25/><F4/><W17/><G135/><T114/><D114/><U100/><E36/><V72/><F7/><W51/><G51/><T83/><D19/><N who="1" m="12799" /><E62/><V49/><F50/><W133/><G133/><T26/><D60/><U16/><E16/><V8/><F8/><W96/><G17/><T40/><D48/><U67/><E67/><V20/><F18/><W13/><G13/><T97/><D26/><U10/><E10/><V38/><F14/><W66/><G66/><T42/><D56/><U76/><E63/><V24/><F15/><W126/><G126/><T132/><D132/><RYUUKYOKU ba="1,0" sc="425,0,258,0,218,0,99,0" owari="425,52.0,258,6.0,218,-18.0,99,-40.0" />
</Scene>
</mjloggm>