<mjloggm ver="2.3"><GO type="169" lobby="0"/><UN n0="%E3%81%91%E3%82%93%31%39%37%30" n1="%6C%6F%4A%61%73%6B%69%6E" n2="%E6%9D%BE%E5%B1%8B%E3%81%8A%E3%81%98%E3%81%95%E3%82%93" n3="%E5%A4%AA%E3%81%8F%E3%81%AA%E3%81%84%E3%81%8A" dan="16,16,17,17" rate="2060.59,2073.25,2165.79,2159.61" sx="M,F,M,M"/><TAIKYOKU oya="0"/>

<Scene>
<INIT seed="0,0,0,2,3,73" ten="250,250,250,250" oya="0" hai0="76,103,27,126,13,43,107,69,104,112,60,59,4" hai1="135,99,120,29,119,61,6,58,83,110,23,116,133" hai2="49,85,106,102,42,108,86,92,125,56,57,22,118" hai3="32,37,128,68,89,2,24,98,129,105,131,12,48"/><T100/><D112/><U113/><E113/><V18/><F108/><W30/><G37/><T20/><D69/><U38/><E110/><V10/><F125/><W11/><G68/><T91/><D126/><U77/><E38/><V71/><F71/><W93/><G105/><T78/><D107/><U70/><E70/><V28/><F106/><W90/><G48/><T64/><D104/><U66/><E6/><V134/><F134/><N who="1" m="51209" /><E120/><V97/><F118/><W50/><G50/><T79/><D43/><U132/><E99/><V25/><F57/><W45/><G45/><T63/><D63/><U114/><E114/><V15/><REACH who="2" step="1"/><F56/><REACH who="2" ten="250,250,240,250" step="2"/><W53/><G129/><T130/><D130/><U80/><E132/><V17/><F17/><W34/><G131/><T41/><D41/><U123/><E123/><V9/><F9/><W40/><G11/><N who="0" m="4327" /><D91/><U96/><E119/><V55/><F55/><W52/><G90/><T44/><D44/><AGARI ba="0,1" hai="10,15,18,22,25,28,42,44,49,85,86,92,97,102" machi="44" ten="40,2600,0" yaku="1,1,8,1,53,0" doraHai="73" doraHaiUra="122" who="2" fromWho="0" sc="250,-26,250,0,240,36,250,0" />
</Scene>
<Scene>
<INIT seed="1,0,0,3,1,30" ten="224,250,276,250" oya="1" hai0="112,18,62,126,110,87,23,93,20,4,77,133,40" hai1="1,115,122,42,135,74,27,49,24,94,34,97,47" hai2="134,63,118,105,54,101,39,9,68,60,3,35,80" hai3="64,44,99,32,19,109,0,104,59,90,100,5,79"/><U15/><E122/><V108/><F118/><W46/><G79/><T84/><D4/><U16/><E1/><V116/><F116/><W6/><G109/><T70/><D110/><U21/><E115/><V29/><F39/><W103/><G32/><T132/><D40/><U51/><E74/><V131/><F131/><W102/><G104/><T73/><D126/><U107/><E107/><V127/><F134/><W71/><G71/><T55/><D23/><U31/><E135/><V124/><F108/><W45/><G0/><T38/><D38/><U129/><E129/><V75/><F54/><W78/><G78/><T13/><D112/><U119/><E119/><V67/><F63/><N who="3" m="38015" /><G19/><T25/><D73/><U88/><E27/><N who="2" m="18879" /><F80/><W56/><G56/><T83/><D132/><U76/><E76/><V120/><F75/><W96/><G90/><N who="0" m="53471" /><D70/><U128/><E128/><V65/><F65/><W95/><G95/><T123/><D123/><U121/><E121/><V125/><F120/><W66/><G66/><T37/><D37/><AGARI ba="0,0" hai="15,16,21,24,31,34,37,42,47,49,51,88,94,97" machi="37" ten="30,11600,0" yaku="7,1,52,1,54,2" doraHai="30" who="1" fromWho="0" sc="224,-116,250,116,276,0,250,0" />
</Scene>
<Scene>
<INIT seed="1,1,0,3,3,11" ten="108,366,276,250" oya="1" hai0="97,80,12,16,64,78,33,60,41,104,4,119,10" hai1="92,6,128,14,36,130,18,5,56,98,127,25,44" hai2="7,0,81,63,27,112,124,70,42,32,90,37,117" hai3="34,84,46,22,131,58,66,82,59,13,75,94,89"/><U30/><E127/><V31/><F117/><W135/><G34/><T52/><D119/><U19/><E56/><V74/><F124/><W108/><G108/><T93/><D104/><U40/><E19/><V107/><F107/><W71/><G135/><T45/><D33/><U88/><E25/><V91/><F112/><W116/><G116/><T53/><D4/><U126/><E30/><V86/><F74/><W114/><G114/><T3/><D3/><U115/><E115/><V132/><F132/><W49/><G131/><N who="1" m="50218" /><E126/><V29/><F29/><W110/><G110/><T20/><D20/><AGARI ba="1,0" hai="5,6,14,18,20,36,40,44,88,92,98" m="50218" machi="20" ten="30,5800,0" yaku="19,1,52,1,54,1" doraHai="11" who="1" fromWho="0" sc="108,-61,366,61,276,0,250,0" />
</Scene>
<Scene>
<INIT seed="1,2,0,0,0,66" ten="47,427,276,250" oya="1" hai0="58,29,109,85,64,97,2,51,27,15,23,70,92" hai1="75,122,135,68,3,94,4,120,127,43,33,111,90" hai2="48,56,39,18,119,34,30,22,83,10,112,6,73" hai3="28,80,1,98,7,86,46,81,13,110,42,12,129"/><U132/><E75/><V45/><F119/><W118/><G110/><T25/><D109/><U101/><E111/><V77/><F112/><W32/><G118/><T124/><D2/><U59/><E33/><V0/><F56/><W60/><G129/><T54/><D124/><U53/><E127/><V87/><F34/><W67/><G1/><T72/><D72/><U36/><E101/><V9/><F9/><W62/><G98/><T8/><D85/><U117/><E117/><V107/><F107/><W41/><G28/><T89/><D27/><U16/><E4/><V116/><F116/><W88/><G32/><T21/><D21/><U19/><E68/><V126/><F126/><W37/><G42/><T49/><D64/><U121/><E3/><V57/><F57/><W47/><G47/><T108/><D70/><U44/><E94/><V123/><F123/><W38/><G38/><T115/><D108/><U79/><E90/><V134/><F134/><N who="1" m="51241" /><E79/><V82/><F30/><W14/><G7/><T40/><D115/><U131/><E131/><V24/><F82/><W52/><G80/><T128/><D128/><U99/><E99/><V35/><F35/><W74/><G74/><T76/><D76/><U106/><E106/><V50/><REACH who="2" step="1"/><F87/><REACH who="2" ten="47,427,266,250" step="2"/><W91/><G86/><T17/><REACH who="0" step="1"/><D40/><AGARI ba="2,1" hai="0,6,10,18,22,24,39,40,45,48,50,73,77,83" machi="40" ten="40,8000,1" yaku="1,1,2,1,25,2,53,0" doraHai="66" doraHaiUra="102" who="2" fromWho="0" sc="47,-86,427,0,266,96,250,0" owari="-39,-54.0,427,53.0,362,16.0,250,-15.0" />
</Scene>
</mjloggm>