<mjloggm ver="2.3"><GO type="169" lobby="0"/><UN n0="%E3%82%89%E3%81%84%E3%81%A1%E3%82%87%E3%81%86" n1="%E5%8E%9F%E5%AE%BF%E3%82%B8%E3%82%A7%E3%83%B3%E3%83%8C" n2="%E5%A4%AA%E3%81%8F%E3%81%AA%E3%81%84%E3%81%8A" n3="%33%33%62%6C%61%63%6B" dan="17,16,17,17" rate="2212.48,2068.96,2170.91,2084.10" sx="M,M,M,M"/><TAIKYOKU oya="0"/>

<Scene>
<INIT seed="0,0,0,5,5,58" ten="250,250,250,250" oya="0" hai0="59,87,27,131,17,62,57,50,86,92,126,132,9" hai1="20,7,5,21,24,127,78,12,4,65,30,81,72" hai2="8,93,10,55,61,84,40,122,116,51,103,101,28" hai3="6,71,53,134,99,82,125,14,124,36,108,98,38"/><T104/><D104/><U110/><E127/><N who="3" m="48714" /><G71/><T73/><D73/><U118/><E118/><V77/><F122/><W33/><G33/><T39/><D39/><N who="3" m="14889" /><G108/><T37/><D37/><U54/><E65/><V111/><F111/><W1/><G1/><T49/><D126/><U15/><E110/><V46/><F116/><W85/><G134/><T128/><D132/><U94/><E94/><V60/><F28/><W22/><G53/><N who="0" m="34095" /><D59/><U42/><E42/><V68/><F40/><W64/><G64/><T112/><D112/><U100/><E54/><V119/><F119/><W31/><G6/><T47/><D50/><U56/><E56/><V91/><F68/><W107/><G107/><T45/><D92/><U2/><E2/><V121/><F121/><W123/><G123/><T75/><D75/><U18/><REACH who="1" step="1"/><E100/><REACH who="1" ten="250,240,250,250" step="2"/><N who="2" m="38475" /><F77/><W117/><G117/><T135/><D135/><U43/><E43/><V106/><F106/><W41/><G41/><T19/><D45/><U97/><E97/><V35/><F35/><W113/><G113/><T29/><D47/><U63/><E63/><AGARI ba="0,1" hai="8,10,46,51,55,60,61,63,84,91,93" m="38475" machi="63" ten="30,7700,0" yaku="8,1,52,3" doraHai="58" who="2" fromWho="1" sc="250,0,240,-77,250,87,250,0" />
</Scene>
<Scene>
<INIT seed="1,0,0,0,1,68" ten="250,163,337,250" oya="1" hai0="22,84,50,123,12,64,125,74,93,77,94,69,55" hai1="36,98,37,135,54,114,60,76,42,92,97,18,29" hai2="127,43,129,109,31,66,116,26,6,115,20,28,107" hai3="40,35,53,81,30,128,56,96,87,2,104,33,32"/><U72/><E114/><V8/><F107/><W62/><G2/><T3/><D3/><U39/><E42/><V131/><F66/><W14/><G128/><N who="2" m="49225" /><F43/><W27/><G40/><T41/><D41/><U85/><E29/><N who="2" m="17607" /><F116/><W122/><G122/><T103/><D125/><U82/><E135/><V101/><F101/><W46/><G46/><T47/><D74/><U10/><E10/><V108/><F127/><W52/><G14/><T7/><D64/><U4/><E4/><V21/><F115/><W34/><G53/><T118/><D69/><U105/><E18/><V23/><F23/><W83/><REACH who="3" step="1"/><G87/><REACH who="3" ten="250,163,337,240" step="2"/><T11/><D123/><U90/><E54/><V110/><F21/><W51/><G51/><T133/><D22/><U57/><E60/><V120/><F120/><W126/><G126/><T48/><D48/><U0/><E0/><AGARI ba="0,1" hai="0,6,8,28,31,108,109,110" m="17607,49225" machi="0" ten="40,8000,1" yaku="14,1,19,1,34,2" doraHai="68" who="2" fromWho="1" sc="250,0,163,-80,337,90,240,0" />
</Scene>
<Scene>
<INIT seed="2,0,0,5,2,125" ten="250,83,427,240" oya="2" hai0="33,52,56,63,124,28,22,108,101,73,7,84,134" hai1="60,76,123,13,126,106,36,92,75,131,102,116,88" hai2="79,61,72,103,95,45,53,32,44,20,26,50,16" hai3="109,8,15,107,4,47,49,120,42,39,31,99,77"/><V0/><F0/><W43/><G120/><T74/><D33/><U41/><E13/><V100/><F32/><W12/><G109/><T62/><D124/><U93/><E60/><V14/><F72/><W83/><G31/><T121/><D121/><U27/><E27/><V1/><F1/><W65/><G65/><T115/><D115/><U19/><E19/><V122/><F122/><W81/><G81/><T132/><D7/><U58/><E58/><V104/><F104/><W66/><G66/><T68/><D108/><U86/><E41/><V10/><F79/><W94/><G107/><T24/><D101/><U38/><E38/><V48/><F95/><W82/><G15/><T40/><D40/><U37/><E36/><V118/><F61/><W57/><G77/><T129/><D68/><U127/><E37/><V91/><F91/><W119/><G119/><T46/><D63/><U34/><E34/><V3/><F3/><W5/><G5/><T111/><D111/><U128/><E123/><V64/><F64/><W110/><G110/><T87/><D46/><U112/><E112/><V23/><F118/><W85/><G85/><T9/><D74/><U17/><E17/><N who="2" m="12559" /><F10/><W59/><G39/><T25/><D73/><U69/><E69/><V6/><F6/><W135/><G4/><T29/><D9/><U96/><E116/><V114/><F114/><W71/><G71/><T117/><D117/><U54/><E54/><AGARI ba="0,0" hai="14,16,23,44,45,48,50,53,54,100,103" m="12559" machi="54" ten="30,2900,0" yaku="8,1,54,1" doraHai="125" who="2" fromWho="1" sc="250,0,83,-29,427,29,240,0" />
</Scene>
<Scene>
<INIT seed="2,1,0,3,1,57" ten="250,54,456,240" oya="2" hai0="89,29,13,7,28,38,127,0,98,97,74,51,112" hai1="70,80,125,45,76,25,42,4,113,131,1,14,8" hai2="52,133,134,72,124,27,41,34,37,54,23,116,86" hai3="132,109,59,110,49,107,82,103,115,78,56,50,66"/><V85/><F72/><W20/><G132/><N who="2" m="50793" /><F34/><W33/><G33/><T94/><D38/><U10/><E70/><V36/><F116/><W102/><G115/><T126/><D0/><U22/><E113/><V123/><F123/><W104/><G20/><T130/><D112/><U108/><E108/><N who="3" m="41578" /><G102/><T84/><D74/><U48/><E131/><V101/><F101/><W46/><G49/><T83/><D130/><U119/><E125/><N who="0" m="47625" /><D51/><U3/><E119/><V91/><F86/><N who="3" m="48471" /><G103/><N who="0" m="60855" /><D98/><U90/><E10/><AGARI ba="1,0" hai="7,10,13,28,29,83,84,89" m="60855,47625" machi="10" ten="30,1000,0" yaku="18,1" doraHai="57" who="0" fromWho="1" sc="250,13,54,-13,456,0,240,0" />
</Scene>
<Scene>
<INIT seed="3,0,0,0,2,53" ten="263,41,456,240" oya="3" hai0="132,18,48,72,4,33,51,39,133,85,46,93,19" hai1="81,38,64,42,34,99,58,50,49,108,1,116,121" hai2="40,83,31,13,102,118,86,88,56,68,37,103,35" hai3="57,100,9,115,94,91,122,15,70,5,65,110,130"/><W69/><G115/><T2/><D72/><U63/><E99/><V75/><F68/><W90/><G122/><T44/><D33/><U52/><E81/><V84/><F118/><W125/><G125/><T32/><D32/><U101/><E1/><V66/><F75/><W111/><G130/><T0/><D39/><U61/><E101/><V60/><F37/><W119/><G119/><T6/><D85/><U20/><E20/><V3/><F3/><W129/><G100/><T113/><REACH who="0" step="1"/><D93/><REACH who="0" ten="253,41,456,240" step="2"/><U41/><E34/><V26/><F84/><N who="3" m="52551" /><G129/><T17/><D17/><U11/><E121/><V12/><F103/><W47/><G5/><T24/><D24/><U87/><E11/><V59/><F102/><W128/><G9/><T55/><D55/><N who="1" m="32119" /><E87/><V28/><F28/><W62/><G128/><T117/><D117/><U77/><E116/><V43/><F26/><W76/><G111/><T78/><D78/><U8/><E77/><V29/><F35/><W23/><G110/><T30/><D30/><U134/><E8/><V10/><F29/><W114/><G76/><T22/><D22/><U82/><E108/><V21/><F31/><W7/><G7/><T73/><D73/><U36/><E82/><V80/><F80/><W74/><G74/><T105/><D105/><U71/><E134/><V27/><F27/><W112/><G23/><T45/><D45/><N who="1" m="25783" /><E41/><N who="2" m="15947" /><F21/><W67/><G114/><AGARI ba="0,1" hai="0,2,4,6,18,19,44,46,48,51,113,114,132,133" machi="114" ten="25,3200,0" yaku="1,1,22,2,53,0" doraHai="53" doraHaiUra="25" who="0" fromWho="3" sc="253,42,41,0,456,0,240,-32" />
</Scene>
<Scene>
<INIT seed="4,0,0,3,1,99" ten="295,41,456,208" oya="0" hai0="104,52,112,91,41,118,45,130,48,116,111,70,46" hai1="126,51,115,0,93,57,36,69,125,62,81,10,88" hai2="84,80,114,120,33,18,105,67,37,11,30,9,86" hai3="29,71,74,43,63,107,87,35,106,97,77,2,101"/><T95/><D104/><U124/><E36/><V75/><F120/><W24/><G87/><T49/><D112/><U129/><E81/><V133/><F105/><N who="3" m="63663" /><G43/><T73/><D73/><U92/><E115/><V22/><F114/><W79/><G2/><T76/><D76/><U61/><E69/><V56/><F37/><W17/><G17/><T26/><D70/><U31/><E93/><V5/><F133/><W20/><G20/><T44/><D111/><U58/><E31/><V119/><F119/><W3/><G77/><T50/><D26/><U82/><E82/><V40/><F40/><W55/><G55/><T134/><D134/><U72/><E72/><V64/><F75/><W113/><G113/><T132/><D132/><U65/><E51/><V1/><F11/><W38/><G38/><N who="0" m="21559" /><D91/><U25/><E25/><N who="2" m="18639" /><F56/><W34/><G34/><T47/><D95/><U68/><E61/><V27/><F27/><W39/><G39/><T135/><D135/><U128/><E10/><V60/><F80/><N who="3" m="45175" /><G3/><T121/><D121/><U89/><E0/><V109/><F109/><W78/><G78/><T103/><D118/><U4/><E4/><V108/><F108/><W42/><G42/><N who="0" m="24631" /><D116/><U127/><N who="1" m="31744" /><DORA hai="66" /><U6/><E6/><V19/><F19/><W94/><G94/><T12/><D12/><U102/><E89/><V100/><F5/><W54/><G106/><T13/><D13/><U14/><E14/><V98/><F1/><W32/><G107/><T117/><D117/><U53/><E68/><V21/><F18/><W16/><G16/><T15/><D15/><U23/><E23/><RYUUKYOKU ba="0,0" sc="295,0,41,0,456,0,208,0" />
</Scene>
<Scene>
<INIT seed="5,1,0,1,3,128" ten="295,41,456,208" oya="1" hai0="76,133,53,84,47,17,118,56,23,37,22,129,88" hai1="87,25,55,43,85,130,65,4,60,104,109,122,14" hai2="39,125,115,83,134,5,131,100,38,64,81,91,121" hai3="27,19,106,126,132,30,49,95,86,26,112,82,72"/><U120/><E104/><V78/><F121/><W70/><G106/><T97/><D118/><U113/><E130/><V31/><F131/><W111/><G70/><T61/><D129/><U18/><E43/><V102/><F64/><W99/><G72/><T74/><D74/><U13/><E109/><V73/><F5/><W0/><G0/><T71/><D76/><U59/><E113/><V103/><F31/><W10/><G126/><T68/><D97/><U116/><E116/><V108/><F108/><W42/><G112/><T63/><D23/><U41/><E41/><V2/><F2/><W114/><G49/><T135/><D37/><U52/><E120/><V3/><F3/><W57/><G57/><T40/><D47/><U11/><E25/><V32/><F32/><W79/><G27/><N who="0" m="14799" /><D63/><U96/><E96/><V94/><F115/><W117/><G117/><T119/><D40/><U90/><E87/><V48/><F48/><W28/><G42/><T34/><D34/><U69/><E69/><V92/><F125/><W46/><G46/><T51/><D119/><U35/><E35/><V80/><F38/><W12/><G111/><T1/><D1/><U75/><E75/><V6/><F39/><W24/><G114/><T8/><D71/><U54/><E122/><V110/><F110/><W127/><G127/><T98/><D98/><U33/><E33/><V9/><F73/><W16/><G99/><T21/><D68/><U93/><E65/><V15/><F78/><W7/><G79/><T44/><D84/><U124/><E124/><V89/><F102/><W67/><G67/><RYUUKYOKU ba="1,0" sc="295,-10,41,30,456,-10,208,-10" hai1="4,11,13,14,18,52,54,55,59,60,85,90,93" />
</Scene>
<Scene>
<INIT seed="5,2,0,5,3,76" ten="285,71,446,198" oya="1" hai0="33,70,35,103,90,58,130,127,68,98,2,31,13" hai1="9,88,102,42,110,65,39,123,118,51,119,6,114" hai2="111,83,78,60,125,11,73,12,133,91,16,18,95" hai3="24,21,0,115,126,99,25,26,37,30,46,128,7"/><U62/><E102/><V47/><F111/><W93/><G115/><T64/><D2/><U49/><E110/><V3/><F133/><W89/><G128/><T122/><D130/><U134/><E114/><V14/><F125/><W17/><G126/><T112/><D127/><U66/><E134/><V27/><F3/><W29/><G0/><T94/><D112/><U52/><E88/><V69/><F27/><N who="3" m="10315" /><G37/><T97/><D31/><N who="3" m="11785" /><G46/><T41/><D122/><U56/><E9/><V19/><F47/><W23/><G23/><T74/><D74/><U10/><E6/><AGARI ba="2,0" hai="6,7,17,21,26,89,93,99" m="11785,10315" machi="6" ten="30,1000,0" yaku="8,1" doraHai="76" who="3" fromWho="1" sc="285,0,71,-16,446,0,198,16" />
</Scene>
<Scene>
<INIT seed="6,0,0,0,3,90" ten="285,55,446,214" oya="2" hai0="133,22,37,129,130,5,10,134,83,59,6,63,109" hai1="122,20,118,49,57,94,96,65,32,54,55,131,121" hai2="4,30,3,91,66,86,105,45,108,25,106,70,103" hai3="17,92,24,81,46,114,33,73,8,11,107,29,72"/><V126/><F45/><W124/><G107/><T58/><D37/><U61/><E32/><V0/><F4/><N who="0" m="1642" /><D10/><U68/><E118/><V26/><F26/><W12/><G124/><T41/><D41/><U14/><E131/><N who="0" m="50185" /><D109/><U112/><E112/><V116/><F105/><W77/><G114/><T100/><D100/><U75/><E75/><V76/><F76/><W97/><G46/><T132/><D63/><U1/><E1/><V119/><F103/><W127/><G127/><T28/><D83/><U35/><E35/><V43/><F43/><W113/><G113/><T38/><D38/><U110/><E110/><V89/><F108/><W21/><G73/><T128/><D128/><U7/><E7/><V31/><F126/><W79/><G79/><T82/><D82/><U67/><E14/><V23/><F119/><W111/><G111/><T101/><D101/><AGARI ba="0,0" hai="8,11,12,17,21,24,29,33,72,77,81,92,97,101" machi="101" ten="30,2000,0" yaku="7,1,52,1" doraHai="90" who="3" fromWho="0" sc="285,-20,55,0,446,0,214,20" />
</Scene>
<Scene>
<INIT seed="7,0,0,1,3,102" ten="265,55,446,234" oya="3" hai0="28,44,55,112,82,58,89,93,133,101,36,116,100" hai1="22,98,65,42,35,34,129,7,107,71,33,50,9" hai2="109,37,60,10,52,66,31,124,43,21,3,61,25" hai3="24,64,23,79,117,86,84,47,90,91,27,125,59"/><W12/><G117/><T134/><D116/><U95/><E50/><V99/><F109/><W0/><G0/><T87/><D112/><U32/><E22/><V19/><F124/><W104/><G125/><T45/><D28/><U130/><E95/><V69/><F99/><W120/><G120/><T131/><D131/><U88/><E88/><N who="3" m="33834" /><G104/><T72/><D72/><U53/><E53/><V135/><F135/><N who="0" m="51722" /><D82/><U113/><E42/><V48/><F37/><W78/><G47/><N who="0" m="17995" /><D36/><U6/><E6/><V15/><F43/><W123/><G123/><T115/><D115/><U122/><E122/><V83/><F3/><W13/><G64/><T114/><D114/><U40/><E40/><V29/><F66/><W4/><G59/><T8/><D8/><U126/><E126/><V96/><F69/><W105/><G105/><T118/><D118/><U62/><N who="1" m="8192" /><DORA hai="51" /><U127/><E113/><V11/><F83/><N who="3" m="47223" /><G4/><T63/><AGARI ba="0,0" hai="55,58,63,87,89,93,100,101" m="17995,51722" machi="63" ten="30,2000,0" yaku="20,1,52,1" doraHai="102,51" who="0" fromWho="0" sc="265,20,55,-5,446,-5,234,-10" owari="285,9.0,50,-45.0,441,54.0,224,-18.0" />
</Scene>
</mjloggm>