<mjloggm ver="2.3"><GO type="169" lobby="0"/><UN n0="%E3%81%94%E3%82%8A%E3%81%94%E3%82%8A%E3%81%94%E3%82%8A%E3%82%89" n1="%E5%A4%AA%E3%81%8F%E3%81%AA%E3%81%84%E3%81%8A" n2="%72%76%70" n3="%E3%82%B5%E3%83%9C" dan="17,18,16,16" rate="2155.19,2190.27,2083.73,2078.30" sx="M,M,M,M"/><TAIKYOKU oya="0"/>

<Scene>
<INIT seed="0,0,0,0,0,70" ten="250,250,250,250" oya="0" hai0="57,121,129,85,100,130,17,74,47,20,117,51,91" hai1="75,60,12,26,124,103,39,8,67,59,28,115,135" hai2="56,81,43,29,106,53,42,128,96,71,31,94,62" hai3="109,120,111,105,110,65,36,46,112,49,38,99,95"/><T108/><D74/><U21/><E75/><V98/><F128/><N who="0" m="49258" /><D100/><U64/><E124/><V58/><F71/><W88/><G112/><T9/><D9/><U107/><E115/><V102/><F81/><W10/><G120/><T41/><D117/><U114/><E114/><V66/><F29/><W132/><G132/><T78/><D78/><U126/><E126/><V1/><F1/><W18/><G65/><T25/><D121/><U54/><E135/><V104/><F31/><W131/><G131/><T19/><D108/><U11/><E11/><V82/><F82/><W69/><G69/><T52/><D17/><U73/><E73/><V68/><F68/><W3/><G3/><T92/><D57/><U63/><E103/><V125/><F125/><W101/><G18/><T123/><D123/><U6/><E107/><V7/><F7/><W35/><G10/><T133/><D133/><U30/><E30/><V5/><F5/><W80/><G35/><T48/><D48/><U119/><E119/><V16/><F16/><W37/><G80/><T50/><D50/><U61/><REACH who="1" step="1"/><E39/><REACH who="1" ten="250,240,250,250" step="2"/><V45/><F104/><W118/><G118/><T77/><D77/><U116/><E116/><V23/><F106/><W72/><G72/><T93/><D93/><U122/><E122/><V13/><F94/><W4/><G4/><T27/><D41/><U32/><E32/><V87/><F42/><N who="3" m="24791" /><G38/><T24/><AGARI ba="0,1" hai="19,20,24,25,27,47,51,52,85,91,92" m="49258" machi="24" ten="30,3000,0" yaku="19,1,54,1" doraHai="70" who="0" fromWho="0" sc="250,40,240,-10,250,-10,250,-10" />
</Scene>
<Scene>
<INIT seed="0,1,0,2,4,77" ten="290,230,240,240" oya="0" hai0="66,87,15,80,121,89,94,74,104,4,42,102,39" hai1="67,28,70,38,10,108,25,52,107,54,101,24,123" hai2="90,120,93,125,2,16,110,1,47,34,23,18,95" hai3="33,118,71,99,19,85,135,122,134,41,96,3,61"/><T27/><D121/><U68/><E123/><V5/><F120/><W20/><G118/><T56/><D27/><U109/><E38/><V81/><F34/><W98/><G33/><T8/><D104/><U53/><E10/><V84/><F110/><N who="1" m="42601" /><E67/><V128/><F128/><W92/><G3/><T44/><D102/><U100/><E107/><V114/><F114/><W9/><G122/><T119/><D119/><U55/><N who="1" m="13312" /><DORA hai="32" /><U12/><E12/><V59/><F125/><W31/><G31/><T75/><REACH who="0" step="1"/><D94/><REACH who="0" ten="280,230,240,240" step="2"/><U82/><E25/><V78/><F93/><W106/><G92/><T88/><D88/><U124/><E124/><V60/><F47/><W105/><G105/><T127/><D127/><U22/><E82/><V83/><F83/><W126/><G106/><T64/><D64/><U6/><E101/><V48/><F81/><W51/><G126/><T133/><D133/><U45/><E100/><V43/><F90/><W21/><G135/><T11/><D11/><U73/><E45/><V26/><F95/><W40/><G9/><T13/><D13/><U116/><E116/><V30/><F26/><W112/><G134/><T50/><D50/><U63/><E24/><V113/><F48/><W115/><G51/><T57/><D57/><U37/><E28/><V62/><F30/><W103/><G103/><T35/><D35/><U36/><E22/><V111/><F23/><W65/><G21/><T132/><D132/><U14/><E14/><V72/><F111/><W17/><G112/><T46/><D46/><U131/><E37/><V0/><F0/><W69/><G115/><RYUUKYOKU ba="1,1" sc="280,30,230,-10,240,-10,240,-10" hai0="4,8,15,39,42,44,56,66,74,75,80,87,89" />
</Scene>
<Scene>
<INIT seed="0,2,1,2,2,125" ten="310,220,230,230" oya="0" hai0="71,53,16,105,77,79,2,131,15,9,73,26,61" hai1="104,59,68,60,128,55,70,13,115,86,130,63,47" hai2="98,40,56,116,120,3,129,97,93,35,126,75,66" hai3="102,103,27,111,113,69,4,87,91,100,64,57,78"/><T132/><D105/><U41/><E104/><V67/><F120/><W117/><G113/><T0/><D132/><U62/><E86/><V74/><F126/><W114/><G117/><T135/><D135/><U123/><E13/><V82/><F116/><W48/><G78/><T80/><D131/><N who="1" m="50219" /><E123/><V133/><F35/><W34/><G111/><T23/><D79/><U121/><E115/><V58/><F3/><W12/><G114/><T95/><D95/><U44/><E121/><V7/><F93/><W92/><G69/><N who="1" m="26730" /><E44/><V1/><F133/><W52/><G64/><T76/><D76/><U96/><E96/><V37/><F67/><W24/><G34/><T99/><D99/><U101/><E101/><V19/><F66/><W65/><G65/><T72/><D72/><U5/><E5/><V84/><F97/><W10/><AGARI ba="2,1" hai="4,10,12,24,27,48,52,57,87,91,92,100,102,103" machi="10" ten="30,4000,0" yaku="0,1,8,1,54,1" doraHai="125" who="3" fromWho="3" sc="310,-22,220,-12,230,-12,230,56" />
</Scene>
<Scene>
<INIT seed="1,0,0,5,0,97" ten="288,208,218,286" oya="1" hai0="100,77,91,28,49,81,82,111,62,79,1,114,5" hai1="115,69,47,110,36,34,59,9,27,113,39,25,44" hai2="132,38,121,85,74,130,116,84,55,122,128,58,10" hai3="37,15,108,48,92,63,86,117,106,99,54,57,33"/><U50/><E9/><V70/><F74/><W123/><G37/><N who="1" m="14410" /><E34/><V2/><F38/><W51/><G123/><N who="2" m="47113" /><F70/><W80/><G117/><T8/><D111/><U35/><E35/><V61/><F116/><W21/><G33/><T78/><D114/><N who="1" m="43531" /><E25/><V94/><F94/><W72/><G72/><T42/><D28/><U125/><E27/><V29/><F29/><W53/><G106/><T3/><D3/><U135/><E69/><V40/><F40/><W60/><G108/><T134/><D134/><U88/><E88/><V75/><F75/><W109/><G109/><T19/><D19/><U23/><E23/><V98/><F98/><W73/><G73/><T124/><D91/><U104/><E104/><V46/><F46/><N who="1" m="17449" /><E110/><V17/><F10/><W89/><G21/><T22/><D22/><U24/><E24/><V76/><F84/><W133/><G15/><T31/><D79/><U105/><E105/><V52/><F85/><W20/><G20/><T120/><D78/><U32/><E32/><V93/><F76/><N who="3" m="46343" /><G133/><T45/><D77/><U68/><E68/><V103/><F132/><W4/><G4/><T14/><D82/><U96/><E96/><N who="2" m="59791" /><F2/><W26/><G26/><T112/><D81/><U43/><E135/><V12/><F12/><W18/><G18/><T87/><D14/><U107/><E107/><V65/><F17/><W90/><G89/><T41/><D112/><U56/><E125/><V16/><F16/><W64/><G64/><T30/><D124/><U0/><E0/><V118/><F118/><W71/><G71/><T129/><D1/><U101/><E101/><RYUUKYOKU ba="0,0" sc="288,-30,208,10,218,10,286,10" hai1="43,50,56,59" hai2="52,55,58,61,65,128,130" hai3="48,51,53,54,57,60,63,90,92,99" />
</Scene>
<Scene>
<INIT seed="1,1,0,1,4,22" ten="258,218,228,296" oya="1" hai0="102,56,104,20,71,23,122,73,88,39,105,62,121" hai1="115,109,95,5,49,93,116,131,64,114,24,36,70" hai2="30,78,65,66,127,134,125,13,85,58,21,69,133" hai3="129,37,89,43,77,98,74,3,29,4,12,48,10"/><U51/><E116/><V32/><F32/><W107/><G129/><T87/><D71/><U68/><E36/><V132/><F69/><W61/><G29/><T34/><D73/><U110/><E5/><V83/><F58/><W41/><G37/><T86/><D34/><U76/><E76/><V19/><REACH who="2" step="1"/><F30/><REACH who="2" ten="258,218,218,296" step="2"/><W123/><G123/><T106/><D121/><U135/><E131/><V11/><F11/><W7/><G10/><T91/><D122/><U0/><E135/><V25/><F25/><W60/><G3/><T97/><D106/><U90/><E0/><V124/><AGARI ba="1,1" hai="13,19,21,65,66,78,83,85,124,125,127,132,133,134" machi="124" ten="40,8000,1" yaku="1,1,0,1,18,1,20,1,53,0" doraHai="22" doraHaiUra="57" who="2" fromWho="2" sc="258,-21,218,-41,218,93,296,-21" />
</Scene>
<Scene>
<INIT seed="2,0,0,5,0,96" ten="237,177,311,275" oya="2" hai0="44,19,75,109,58,126,34,66,2,86,18,43,117" hai1="85,5,110,6,64,67,49,3,73,130,94,80,59" hai2="133,78,23,0,24,14,12,113,1,46,33,118,129" hai3="111,22,114,69,123,65,115,48,92,57,30,39,8"/><V7/><F78/><W47/><G123/><T56/><D75/><U89/><E110/><V134/><F46/><W101/><G111/><T54/><D109/><U124/><E124/><V70/><F70/><W99/><G69/><T106/><D2/><N who="2" m="1130" /><F113/><N who="3" m="43019" /><G39/><T116/><D34/><U50/><E130/><V37/><F37/><W120/><G120/><T132/><D106/><U32/><E32/><V104/><F104/><W125/><G125/><T77/><D126/><U35/><E35/><V81/><F81/><W105/><G105/><T76/><D66/><N who="1" m="25131" /><E3/><V100/><F100/><W53/><G8/><T38/><D58/><U119/><E73/><V42/><F42/><W84/><G84/><T135/><D77/><N who="1" m="46223" /><E119/><N who="0" m="45641" /><D86/><N who="1" m="52535" /><E59/><V121/><F118/><W16/><G30/><T9/><D76/><U90/><E90/><V20/><F121/><W17/><G22/><N who="2" m="8233" /><F129/><W71/><G71/><T62/><D9/><U112/><E112/><V108/><F108/><W36/><G36/><T98/><D98/><U31/><E31/><N who="2" m="19687" /><F7/><AGARI ba="0,0" hai="5,6,7,49,50" m="52535,46223,25131" machi="7" ten="30,1000,0" yaku="8,1" doraHai="96" who="1" fromWho="2" sc="237,0,177,10,311,-10,275,0" />
</Scene>
<Scene>
<INIT seed="3,0,0,1,2,40" ten="237,187,301,275" oya="3" hai0="78,62,91,15,84,133,70,51,52,61,58,123,14" hai1="66,110,89,104,54,41,28,64,118,71,6,68,69" hai2="38,31,55,24,115,4,100,113,112,29,43,134,21" hai3="96,128,23,18,10,95,73,44,111,1,83,11,35"/><W17/><G35/><T106/><D133/><U27/><E104/><V127/><F134/><W42/><G128/><T16/><D123/><U46/><E110/><V26/><F127/><W93/><G111/><T2/><D106/><U63/><E118/><V108/><F108/><W98/><G1/><T129/><D2/><U48/><E48/><V92/><BYE who="1" /><F4/><W87/><G73/><T86/><D129/><U19/><E19/><N who="3" m="7178" /><G23/><N who="0" m="11671" /><D70/><U125/><E125/><V114/><F114/><W74/><G74/><T101/><D101/><U50/><E50/><V47/><F55/><W9/><G93/><N who="0" m="54503" /><D15/><U76/><E76/><V121/><F121/><W65/><G65/><T0/><D0/><U119/><E119/><V12/><F12/><W126/><G126/><T105/><D105/><U131/><E131/><V117/><F117/><W5/><G5/><T57/><D57/><U102/><E102/><V116/><F116/><W82/><G95/><T135/><D135/><U33/><E33/><V130/><F130/><W80/><G87/><T85/><D85/><U8/><E8/><V39/><F39/><W90/><G90/><T59/><D59/><U124/><E124/><V97/><REACH who="2" step="1"/><F113/><REACH who="2" ten="237,187,291,275" step="2"/><UN n1="%E5%A4%AA%E3%81%8F%E3%81%AA%E3%81%84%E3%81%8A" /><W56/><G56/><T36/><D36/><U99/><E69/><V77/><F77/><W107/><G107/><T49/><D49/><AGARI ba="0,1" hai="9,10,11,42,44,49,80,82,83,96,98" m="7178" machi="49" ten="30,2900,0" yaku="8,1,52,1" doraHai="40" who="3" fromWho="0" sc="237,-29,187,0,291,0,275,39" />
</Scene>
<Scene>
<INIT seed="3,1,0,5,4,12" ten="208,187,291,314" oya="3" hai0="61,130,49,112,23,129,103,36,2,106,110,90,66" hai1="81,73,135,38,58,9,131,21,75,41,30,122,105" hai2="92,45,59,60,99,19,48,8,101,70,4,53,94" hai3="27,114,11,28,13,134,31,68,102,118,79,115,119"/><W55/><G68/><T98/><D36/><U25/><E122/><V88/><F70/><W35/><G102/><T78/><D2/><U22/><E105/><V37/><F37/><W121/><G79/><T80/><D110/><U56/><E135/><V132/><F132/><W74/><G74/><T127/><D49/><U16/><E131/><V86/><F19/><N who="3" m="8639" /><G55/><T91/><D23/><U32/><E9/><V39/><F39/><W96/><G96/><T54/><D54/><U57/><E32/><V44/><REACH who="2" step="1"/><F60/><REACH who="2" ten="208,187,281,314" step="2"/><W43/><G134/><T67/><D61/><U89/><E38/><V87/><F87/><W123/><G43/><T72/><D130/><U26/><REACH who="1" step="1"/><E41/><REACH who="1" ten="208,177,281,314" step="2"/><V104/><F104/><W125/><G123/><T77/><D129/><U18/><E18/><V69/><F69/><W33/><G121/><T97/><D106/><U52/><E52/><V20/><F20/><W24/><G125/><T124/><D127/><U50/><E50/><V95/><F95/><W113/><AGARI ba="1,2" hai="24,27,28,31,33,35,113,114,115,118,119" m="8639" machi="113" ten="30,6000,0" yaku="34,2,52,1" doraHai="12" who="3" fromWho="3" sc="208,-21,177,-21,281,-21,314,83" />
</Scene>
<Scene>
<INIT seed="3,2,0,0,2,114" ten="187,156,260,397" oya="3" hai0="125,111,90,96,9,118,1,97,126,22,87,67,70" hai1="23,110,121,120,65,82,39,69,62,102,33,105,98" hai2="100,30,122,8,89,132,53,46,54,107,71,79,94" hai3="3,78,10,95,43,109,48,130,68,51,19,47,103"/><W37/><G68/><T88/><D111/><U13/><E110/><V112/><F112/><W124/><G109/><T7/><D118/><U133/><E133/><V32/><F71/><W75/><G124/><N who="0" m="47723" /><D22/><U127/><E127/><V73/><F8/><W56/><G130/><T52/><D67/><U92/><E39/><V5/><F5/><N who="3" m="1343" /><G56/><T91/><D70/><U18/><E82/><V49/><F132/><W55/><G55/><T116/><D116/><U117/><E117/><V129/><F129/><W0/><G0/><T128/><D128/><U21/><E21/><V58/><F122/><W28/><G28/><T61/><D87/><U99/><REACH who="1" step="1"/><E33/><REACH who="1" ten="187,146,260,397" step="2"/><V34/><F34/><W115/><G115/><T20/><D20/><U24/><E24/><V63/><F32/><W17/><G37/><T11/><D11/><U77/><E77/><V108/><F79/><W131/><G78/><T135/><D135/><U35/><E35/><V59/><F108/><W83/><G131/><T16/><D16/><U31/><E31/><V81/><F30/><W50/><G17/><T29/><D29/><U64/><E64/><V25/><F25/><W38/><G19/><T57/><AGARI ba="2,1" hai="1,7,9,52,57,61,88,90,91,96,97" m="47723" machi="57" ten="40,5200,0" yaku="18,1,54,2" doraHai="114" who="0" fromWho="0" sc="187,68,146,-15,260,-15,397,-28" />
</Scene>
<Scene>
<INIT seed="4,0,0,1,3,89" ten="255,131,245,369" oya="0" hai0="77,105,110,134,62,57,122,20,69,123,42,99,68" hai1="2,104,82,23,102,39,51,113,86,11,0,94,88" hai2="73,44,100,35,72,53,121,3,17,8,75,128,5" hai3="71,91,109,111,80,12,37,63,25,98,132,129,70"/><T93/><D105/><U125/><E39/><V47/><F121/><W13/><G37/><T115/><D115/><U30/><E113/><V1/><F128/><W117/><G117/><T74/><D134/><U38/><E38/><V67/><F35/><W96/><G132/><T90/><D42/><U106/><E125/><V31/><F31/><W56/><G129/><T64/><D110/><U131/><E131/><V135/><F135/><W55/><G25/><T65/><D20/><U81/><E51/><V48/><F67/><W112/><G112/><T79/><D57/><U119/><E119/><V41/><F100/><W27/><G27/><T7/><D7/><U6/><E2/><V34/><F34/><W33/><G33/><T43/><D43/><U9/><E9/><V10/><F17/><W40/><G40/><T108/><D108/><U92/><E30/><V66/><F66/><W85/><G109/><T16/><D16/><U61/><E23/><V76/><F76/><W45/><G111/><T28/><D28/><U103/><E61/><V127/><F127/><W87/><G71/><T120/><REACH who="0" step="1"/><D74/><REACH who="0" ten="245,131,245,369" step="2"/><U58/><E58/><V114/><F114/><W18/><G56/><T14/><D14/><U116/><E116/><V83/><F41/><W101/><G13/><T97/><D97/><N who="1" m="59703" /><E106/><V36/><F36/><W32/><G32/><T21/><D21/><U60/><E60/><AGARI ba="0,1" hai="60,62,64,65,68,69,77,79,90,93,99,120,122,123" machi="60" ten="40,7700,0" yaku="1,1,9,1,52,1,53,0" doraHai="89" doraHaiUra="78" who="0" fromWho="1" sc="245,87,131,-77,245,0,369,0" />
</Scene>
<Scene>
<INIT seed="4,1,0,4,2,9" ten="332,54,245,369" oya="0" hai0="84,70,91,71,134,29,99,60,6,97,46,19,59" hai1="53,98,7,129,66,64,135,100,109,36,22,88,94" hai2="133,73,95,39,111,56,117,113,105,17,20,62,61" hai3="0,106,50,25,48,13,51,96,101,41,8,24,54"/><T23/><D134/><U26/><E109/><V104/><F95/><W79/><G0/><T14/><D71/><U77/><E36/><V108/><F17/><W92/><G41/><T89/><D70/><U12/><E135/><V82/><F20/><W80/><G54/><T55/><D29/><N who="1" m="17623" /><E129/><V37/><F56/><W78/><G106/><T107/><D107/><U116/><E116/><V102/><F133/><W49/><G49/><T18/><D6/><U132/><E132/><V45/><F117/><W81/><G81/><T86/><D46/><U16/><E77/><N who="3" m="29194" /><G80/><N who="0" m="49287" /><D19/><AGARI ba="1,0" hai="8,13,19,24,25,48,50,51,92,96,101" m="29194" machi="19" ten="30,2000,0" yaku="8,1,52,1" doraHai="9" who="3" fromWho="0" sc="332,-23,54,0,245,0,369,23" />
</Scene>
<Scene>
<INIT seed="5,0,0,0,4,80" ten="309,54,245,392" oya="1" hai0="107,44,19,116,14,94,79,22,130,61,73,100,24" hai1="57,72,55,39,32,110,111,87,38,106,27,83,3" hai2="126,74,28,56,25,101,120,42,123,98,8,67,69" hai3="16,112,77,33,2,82,41,62,118,76,88,103,99"/><U117/><E117/><V115/><F126/><W5/><G112/><T108/><D130/><U43/><E72/><V66/><F115/><W85/><G33/><T131/><D107/><U31/><E3/><V11/><F74/><W51/><G62/><T95/><D73/><U36/><E106/><N who="2" m="63799" /><F56/><W91/><G2/><T102/><D79/><U1/><E1/><V81/><F66/><W89/><G5/><T86/><D61/><U4/><E4/><V35/><F81/><W68/><G68/><T7/><D108/><N who="1" m="41515" /><E43/><V47/><F8/><W21/><G118/><T97/><D131/><U34/><E34/><V10/><F10/><W105/><G77/><T23/><D44/><U18/><E18/><V48/><F11/><W132/><G132/><T75/><D75/><U49/><E83/><V119/><F119/><W109/><G109/><T122/><D122/><U90/><E90/><V63/><AGARI ba="0,0" hai="25,28,35,42,47,48,63,67,69,120,123" m="63799" machi="63" ten="30,1100,0" yaku="25,1" doraHai="80" who="2" fromWho="2" sc="309,-3,54,-5,245,11,392,-3" />
</Scene>
<Scene>
<INIT seed="6,0,0,5,0,75" ten="306,49,256,389" oya="2" hai0="45,83,133,103,63,71,105,91,79,49,21,128,94" hai1="92,114,135,34,13,23,27,33,26,12,40,72,82" hai2="29,30,53,121,130,93,20,51,101,100,69,122,4" hai3="110,19,15,81,31,37,68,28,56,119,11,97,32"/><V129/><F69/><W115/><G119/><T98/><D128/><N who="2" m="49258" /><F4/><W132/><G68/><T127/><D133/><U24/><E92/><V36/><F36/><W123/><G37/><T78/><D127/><U0/><E40/><V38/><F38/><W65/><G123/><N who="2" m="47113" /><F20/><W48/><G32/><N who="1" m="12394" /><E82/><V47/><F93/><W8/><G81/><T9/><D71/><U107/><E72/><V86/><F86/><W116/><G132/><T118/><D118/><U120/><E107/><V89/><F89/><W77/><G116/><T58/><D9/><U10/><E120/><V5/><F5/><W111/><G8/><T2/><D21/><U59/><E59/><V104/><F104/><W125/><G56/><T22/><D2/><U1/><E135/><V112/><F112/><W46/><G115/><T96/><D22/><U124/><E114/><V70/><F70/><W64/><G125/><T117/><D83/><U99/><E99/><V16/><F101/><W17/><G97/><T108/><D117/><U42/><E42/><V62/><F100/><W41/><G110/><T131/><D108/><U50/><E50/><V54/><F62/><W134/><G111/><T3/><D3/><N who="1" m="1099" /><E124/><V106/><F106/><W126/><G126/><T57/><D131/><U85/><E85/><V66/><F66/><N who="3" m="25707" /><G134/><T44/><D58/><U102/><E102/><V52/><F53/><W61/><G61/><T7/><D44/><U113/><E113/><V109/><F109/><W35/><G35/><T14/><D45/><U80/><E80/><V39/><F39/><W87/><G19/><T76/><D63/><RYUUKYOKU ba="0,0" sc="306,-10,49,-10,256,-10,389,30" hai3="11,15,17,28,31,41,46,48,77,87" />
</Scene>
<Scene>
<INIT seed="7,1,0,1,5,47" ten="296,39,246,419" oya="3" hai0="127,115,89,44,17,62,24,56,86,64,52,22,126" hai1="14,21,68,57,45,31,2,42,61,75,70,41,9" hai2="18,3,87,83,30,99,77,60,20,101,8,7,74" hai3="125,96,98,65,118,6,27,33,111,131,37,29,5"/><W116/><G96/><T82/><REACH who="0" step="1"/><D115/><REACH who="0" ten="286,39,246,419" step="2"/><U129/><E129/><V12/><F30/><W81/><G29/><T114/><D114/><U55/><E75/><V78/><F60/><W132/><G131/><T122/><D122/><U54/><E2/><V100/><F78/><W39/><G118/><T121/><D121/><U84/><E68/><V13/><F74/><W134/><G116/><T133/><D133/><U90/><E70/><V38/><F38/><W97/><G37/><T66/><D66/><U40/><E31/><V104/><REACH who="2" step="1"/><F101/><REACH who="2" ten="286,39,236,419" step="2"/><W106/><G39/><T119/><D119/><U107/><E107/><V58/><F58/><W109/><G132/><T117/><D117/><U53/><E21/><V26/><AGARI ba="1,2" hai="3,7,8,12,13,18,20,26,77,83,87,99,100,104" machi="26" ten="20,5200,0" yaku="1,1,0,1,7,1,53,1" doraHai="47" doraHaiUra="80" who="2" fromWho="2" sc="286,-14,39,-14,236,75,419,-27" owari="272,-13.0,25,-47.0,311,11.0,392,49.0" />
</Scene>
</mjloggm>