<mjloggm ver="2.3"><GO type="169" lobby="0"/><UN n0="%73%68%6F%63%6B%6D%61%6E" n1="%E8%A5%BF%E6%9D%91%E9%9B%84%E4%B8%80%E9%83%8E" n2="%E5%A4%AA%E3%81%8F%E3%81%AA%E3%81%84%E3%81%8A" n3="%E3%82%86%E3%81%8D%E3%81%AE%E3%81%9D%E3%82%89" dan="16,16,17,16" rate="2059.96,2137.88,2156.77,2054.98" sx="M,M,M,F"/><TAIKYOKU oya="0"/>

<Scene>
<INIT seed="0,0,0,1,5,23" ten="250,250,250,250" oya="0" hai0="101,81,5,10,109,124,80,29,117,4,82,93,25" hai1="6,86,40,133,35,74,44,34,79,52,8,134,1" hai2="54,96,73,126,66,42,128,22,95,31,17,72,121" hai3="3,16,15,37,69,123,18,105,7,116,14,115,48"/><T71/><D71/><U32/><E86/><V118/><F121/><W62/><G37/><T49/><D117/><U102/><E102/><V30/><F118/><W55/><G116/><T91/><D124/><U9/><E9/><V89/><F126/><W90/><G105/><T97/><D109/><U12/><E12/><V64/><F128/><W26/><G3/><T11/><D49/><U39/><REACH who="1" step="1"/><E52/><REACH who="1" ten="250,240,250,250" step="2"/><V119/><F54/><W51/><G55/><T13/><D101/><U88/><E88/><V27/><F119/><W99/><G90/><T112/><D112/><U103/><E103/><V92/><F89/><W114/><G15/><N who="0" m="5575" /><D82/><AGARI ba="0,1" hai="1,6,8,32,34,35,39,40,44,74,79,82,133,134" machi="82" ten="50,8000,1" yaku="1,1,25,2,23,2,53,0" doraHai="23" doraHaiUra="120" who="1" fromWho="0" sc="250,-80,240,90,250,0,250,0" />
</Scene>
<Scene>
<INIT seed="1,0,0,3,2,47" ten="170,330,250,250" oya="1" hai0="24,133,26,90,23,86,38,6,65,104,53,2,98" hai1="8,30,70,20,36,57,37,88,52,84,15,59,71" hai2="114,3,129,116,16,124,120,95,115,50,106,132,55" hai3="101,7,76,119,5,29,131,127,97,78,113,96,100"/><U126/><E126/><V67/><F106/><W39/><G127/><T87/><D38/><U17/><E59/><V14/><F124/><W99/><G29/><T108/><D133/><U62/><E36/><V82/><F116/><W60/><G39/><T109/><D65/><U61/><E37/><V103/><F120/><W79/><G60/><T9/><D26/><U128/><E128/><V25/><F3/><W41/><G41/><T54/><D104/><U1/><E62/><V4/><F132/><W42/><G42/><T11/><D11/><U10/><E10/><V111/><F4/><W66/><G66/><T77/><D77/><U91/><E91/><V48/><F129/><W32/><G32/><T0/><D0/><U21/><E30/><V125/><F125/><W18/><G18/><N who="0" m="12407" /><D98/><U94/><REACH who="1" step="1"/><E1/><REACH who="1" ten="170,320,250,250" step="2"/><V112/><F112/><W34/><G113/><T40/><D90/><U118/><E118/><V123/><F115/><W51/><G131/><T92/><D9/><U85/><E85/><V63/><F114/><W134/><G119/><T46/><D87/><U13/><E13/><V107/><F14/><W56/><G134/><T135/><D2/><U102/><E102/><V83/><F103/><N who="3" m="39499" /><G34/><T89/><D135/><U19/><E19/><V12/><F16/><W73/><G73/><T31/><D31/><U27/><E27/><V33/><F25/><W130/><G130/><T49/><D6/><U35/><E35/><V72/><F33/><W121/><G121/><T44/><D44/><U74/><E74/><V80/><F72/><W105/><G105/><T68/><D68/><AGARI ba="0,1" hai="8,15,17,20,21,52,57,61,68,70,71,84,88,94" machi="68" ten="40,12000,1" yaku="1,1,6,1,54,2,53,0" doraHai="47" doraHaiUra="45" who="1" fromWho="0" sc="170,-120,320,130,250,0,250,0" />
</Scene>
<Scene>
<INIT seed="1,1,0,0,2,72" ten="50,450,250,250" oya="1" hai0="14,30,123,83,53,28,127,31,57,92,134,40,34" hai1="16,9,78,76,50,0,104,33,12,37,63,97,8" hai2="20,132,86,46,131,15,112,61,75,51,65,85,24" hai3="19,133,56,10,58,98,26,117,25,67,1,120,95"/><U2/><E37/><V77/><F131/><W87/><G120/><T5/><D34/><U121/><E121/><V129/><F129/><W113/><G113/><T48/><D123/><U107/><E33/><V90/><F112/><W102/><G133/><T44/><D134/><U106/><E97/><V36/><F36/><W80/><G1/><T71/><D127/><U62/><E50/><V130/><F132/><W88/><G117/><T103/><D71/><U116/><E116/><V96/><F130/><W27/><REACH who="3" step="1"/><G67/><REACH who="3" ten="50,450,250,240" step="2"/><T69/><D69/><U89/><E0/><V108/><F65/><W64/><G64/><T55/><D103/><U105/><E2/><V84/><F108/><W47/><G47/><T135/><D135/><U39/><E39/><V115/><F115/><W60/><G60/><T32/><D32/><U59/><E63/><V66/><F61/><W7/><G7/><T4/><D92/><U17/><E106/><V93/><F66/><W21/><G21/><T45/><D45/><U99/><E62/><V42/><F20/><W49/><G49/><T43/><D43/><U38/><E38/><V79/><F51/><W124/><G124/><T91/><D57/><U41/><E41/><V101/><F46/><W114/><G114/><T82/><D5/><U54/><E59/><V110/><F110/><W126/><G126/><T118/><D118/><U3/><E3/><V70/><F70/><W6/><G6/><T122/><D122/><U11/><E107/><V74/><F42/><W23/><G23/><T81/><D91/><U73/><E105/><V125/><F125/><RYUUKYOKU ba="1,1" sc="50,15,450,-15,250,-15,240,15" hai0="4,14,28,30,31,40,44,48,53,55,81,82,83" hai3="10,19,25,26,27,56,58,80,87,88,95,98,102" />
</Scene>
<Scene>
<INIT seed="2,2,1,0,4,113" ten="65,435,235,255" oya="2" hai0="63,77,71,81,3,0,102,119,28,74,68,46,65" hai1="87,24,13,94,67,125,40,60,33,69,95,11,4" hai2="89,17,54,55,79,62,84,115,116,48,88,58,127" hai3="120,135,93,38,105,122,44,72,35,29,85,56,101"/><V43/><F115/><W49/><G72/><T103/><D68/><U15/><E125/><V57/><F127/><W5/><G5/><T78/><D78/><U64/><E64/><V42/><F116/><W114/><G114/><T25/><D102/><U97/><E40/><N who="2" m="15403" /><F17/><W23/><G35/><T98/><D46/><U61/><E15/><V124/><F124/><W123/><G105/><N who="0" m="63735" /><D119/><U96/><E24/><V106/><F106/><W20/><G101/><T100/><D100/><U99/><E33/><AGARI ba="2,1" hai="0,3,25,28,33,63,65,71,74,77,81" m="63735" machi="33" ten="30,3900,0" yaku="25,1,33,2" doraHai="113" who="0" fromWho="1" sc="65,55,435,-45,235,0,255,0" />
</Scene>
<Scene>
<INIT seed="3,0,0,0,2,115" ten="120,390,235,255" oya="3" hai0="8,88,34,113,126,105,117,79,7,130,81,47,30" hai1="40,134,73,15,68,3,82,78,53,95,85,29,93" hai2="77,63,10,84,132,75,1,116,48,76,23,27,62" hai3="96,135,41,61,118,50,39,45,19,90,128,58,111"/><W120/><G120/><T110/><D105/><U83/><E3/><V74/><F132/><W80/><G135/><T4/><D113/><U44/><E68/><V98/><F116/><W32/><G32/><T2/><D7/><U54/><E29/><V20/><F98/><W16/><G128/><T108/><D130/><U28/><E28/><V86/><F48/><W65/><G118/><T51/><D126/><U14/><E95/><V17/><F17/><W97/><G111/><N who="0" m="42539" /><D30/><U100/><E93/><V25/><F10/><W31/><G31/><T71/><D71/><U89/><E100/><V33/><REACH who="2" step="1"/><F1/><REACH who="2" ten="120,390,225,255" step="2"/><W26/><G19/><T52/><D34/><AGARI ba="0,1" hai="20,23,25,27,33,34,62,63,74,75,76,77,84,86" machi="34" ten="25,12000,2" yaku="1,1,2,1,22,2,53,2" doraHai="115" doraHaiUra="104" who="2" fromWho="0" sc="120,-120,390,0,225,130,255,0" />
</Scene>
<Scene>
<INIT seed="4,0,0,3,1,42" ten="0,390,355,255" oya="0" hai0="133,62,14,21,129,66,70,15,78,115,118,135,6" hai1="53,134,107,84,56,41,114,125,116,51,126,49,63" hai2="77,18,119,92,59,98,102,106,26,0,60,11,22" hai3="82,27,8,29,73,45,76,47,75,101,90,54,57"/><T93/><D118/><U17/><E107/><V94/><F119/><W85/><G101/><T23/><D78/><U127/><E116/><V105/><F77/><W64/><G64/><T40/><D40/><U100/><E134/><N who="0" m="51209" /><D129/><U103/><E114/><V81/><F81/><W112/><G112/><T110/><D115/><U113/><E113/><V123/><F123/><W58/><G75/><T4/><D110/><U69/><E17/><V34/><F34/><W44/><G54/><T96/><D14/><U108/><E108/><V48/><F48/><N who="1" m="18505" /><E41/><V61/><F61/><W43/><G43/><T120/><D120/><U131/><E131/><V36/><F36/><W30/><G30/><T68/><D68/><U130/><E130/><V33/><F33/><W79/><G8/><N who="0" m="4487" /><D6/><U5/><E5/><V124/><F0/><W9/><G9/><T19/><D19/><U39/><E39/><V28/><F11/><W65/><G73/><T12/><D12/><U67/><E69/><V1/><F1/><W3/><G3/><T88/><AGARI ba="0,0" hai="21,23,62,66,70,88,93,96" m="4487,51209" machi="88" ten="30,3000,0" yaku="20,1,54,1" doraHai="42" who="0" fromWho="0" sc="0,30,390,-10,355,-10,255,-10" />
</Scene>
<Scene>
<INIT seed="4,1,0,5,5,34" ten="30,380,345,245" oya="0" hai0="69,95,114,29,32,119,76,107,62,122,116,15,98" hai1="38,20,45,26,92,135,103,77,11,57,25,41,56" hai2="118,90,58,10,51,27,23,110,101,36,88,80,82" hai3="48,13,123,61,31,46,40,44,117,126,71,93,129"/><T94/><D122/><U28/><E135/><V112/><F36/><W128/><G117/><N who="0" m="45131" /><D76/><U72/><E72/><V37/><F37/><W81/><G123/><T115/><D15/><U125/><E77/><V14/><F110/><W47/><G81/><N who="2" m="31337" /><F101/><W39/><G93/><T55/><D55/><U132/><E92/><V19/><F112/><N who="0" m="43050" /><D69/><U67/><E103/><V104/><F104/><W35/><G13/><T83/><D62/><U74/><E74/><V60/><F51/><W17/><G61/><T5/><D5/><U18/><E38/><V59/><F118/><W75/><G71/><T66/><D66/><U6/><E67/><N who="2" m="39319" /><F59/><W7/><G7/><AGARI ba="1,0" hai="7,10,14,19,23,27,88,90" m="39319,31337" machi="7" ten="30,2000,0" yaku="8,1,54,1" doraHai="34" who="2" fromWho="3" sc="30,0,380,0,345,23,245,-23" />
</Scene>
<Scene>
<INIT seed="5,0,0,1,0,119" ten="30,380,368,222" oya="1" hai0="114,39,72,69,62,123,42,90,11,109,132,26,8" hai1="112,121,99,116,100,129,133,0,92,106,87,110,104" hai2="74,50,23,105,113,88,131,4,77,66,30,120,24" hai3="20,55,51,48,82,76,15,13,85,38,78,89,64"/><U117/><E0/><V27/><F120/><W19/><G38/><T94/><D72/><U49/><E49/><V79/><F105/><N who="1" m="40553" /><E112/><V101/><F101/><W70/><G70/><T34/><D109/><U56/><E56/><V43/><F113/><W31/><G64/><N who="0" m="41111" /><D114/><U107/><E133/><V59/><F131/><W18/><G51/><T118/><D34/><U75/><E129/><V2/><F2/><W84/><G84/><N who="0" m="52551" /><D26/><U44/><E44/><N who="2" m="25887" /><F74/><W41/><G31/><T93/><D93/><U102/><E75/><V71/><F71/><W32/><G32/><T14/><D132/><U25/><E25/><V128/><F128/><W111/><G41/><T95/><D95/><U115/><E115/><V127/><F4/><W125/><G111/><T33/><D33/><U53/><E53/><V40/><F40/><W97/><G55/><T60/><D60/><U45/><E45/><V98/><F24/><W63/><G63/><T103/><D103/><U61/><E61/><V130/><F130/><W29/><G29/><T122/><D118/><N who="1" m="45675" /><E110/><V5/><F66/><W7/><G48/><T58/><D58/><U10/><E10/><N who="0" m="3625" /><D14/><U134/><E134/><V135/><F135/><W91/><G13/><T37/><D42/><U67/><E67/><V12/><F12/><W83/><G15/><T28/><D28/><U3/><E3/><V9/><F9/><W21/><G7/><T52/><D52/><U73/><E73/><V108/><F108/><W126/><G85/><T81/><D81/><U46/><E46/><V65/><F65/><W16/><G18/><T57/><D57/><RYUUKYOKU ba="0,0" sc="30,15,380,-15,368,-15,222,15" hai0="37,39,122,123" hai3="16,19,20,21,76,78,82,83,89,91,97,125,126" />
</Scene>
<Scene>
<INIT seed="6,1,0,4,3,94" ten="45,365,353,237" oya="2" hai0="44,100,82,42,112,101,117,43,47,38,28,26,22" hai1="24,107,68,1,132,3,36,108,133,15,40,80,57" hai2="5,120,78,106,67,14,51,27,89,32,50,25,91" hai3="54,13,18,104,34,116,115,98,95,64,131,65,73"/><V59/><F120/><W11/><G116/><T30/><D117/><U121/><E68/><V17/><F106/><W93/><G34/><T48/><D112/><U128/><E15/><V102/><F102/><W92/><G73/><T31/><D82/><U37/><E107/><V85/><F5/><W8/><G115/><T122/><D122/><U77/><E108/><V19/><F32/><W76/><G76/><T33/><D33/><U10/><E128/><V79/><F67/><W66/><G131/><T58/><D58/><U97/><E97/><V7/><F7/><W81/><G81/><T12/><D12/><U72/><E24/><V21/><F59/><W23/><G54/><T119/><D119/><U99/><E99/><V55/><F55/><W29/><G29/><T124/><D124/><U63/><E10/><V75/><F75/><W83/><REACH who="3" step="1"/><G83/><REACH who="3" ten="45,365,353,227" step="2"/><T41/><D38/><U86/><E37/><V126/><F126/><W46/><G46/><T52/><REACH who="0" step="1"/><D44/><REACH who="0" ten="35,365,353,227" step="2"/><U113/><E36/><V90/><F78/><W110/><G110/><T134/><D134/><U74/><E113/><V39/><F39/><W16/><G16/><AGARI ba="1,2" hai="16,22,26,28,30,31,41,42,43,47,48,52,100,101" machi="16" ten="40,8000,1" yaku="1,1,8,1,54,2,53,0" doraHai="94" doraHaiUra="118" who="0" fromWho="3" sc="35,103,365,0,353,0,227,-83" />
</Scene>
<Scene>
<INIT seed="7,0,0,2,2,33" ten="138,365,353,144" oya="3" hai0="44,100,119,64,18,47,80,97,7,101,49,81,36" hai1="86,92,85,82,118,107,70,108,41,43,71,134,121" hai2="73,93,32,11,89,52,2,102,3,59,19,35,54" hai3="106,68,88,39,20,79,15,77,69,38,4,28,76"/><W132/><G106/><T63/><D119/><U10/><E107/><V58/><F73/><W0/><G0/><T84/><D36/><U133/><E108/><V117/><F117/><W94/><G132/><N who="1" m="50794" /><E118/><V122/><F102/><N who="0" m="39530" /><D97/><U9/><E121/><V16/><F122/><W72/><G72/><T42/><D7/><U31/><E31/><V116/><F116/><W40/><G4/><T25/><D47/><U37/><E92/><V13/><F2/><W14/><G39/><T113/><D113/><U131/><E86/><N who="2" m="52407" /><F3/><W112/><G112/><T99/><D99/><U5/><E131/><V98/><F32/><W34/><G34/><T48/><D48/><U55/><E55/><N who="2" m="21035" /><F35/><W125/><G38/><T90/><D80/><U103/><E103/><V75/><F75/><W109/><G109/><T6/><D6/><U123/><E123/><V115/><F115/><W130/><G130/><T129/><D129/><U30/><E30/><V17/><F98/><W46/><G28/><T126/><D126/><U56/><E56/><AGARI ba="0,0" hai="11,13,16,17,19,56,58,59" m="21035,52407" machi="56" ten="30,3900,0" yaku="8,1,54,2" doraHai="33" who="2" fromWho="1" sc="138,0,365,-39,353,39,144,0" owari="138,-36.0,326,13.0,392,49.0,144,-26.0" />
</Scene>
</mjloggm>