<mjloggm ver="2.3"><GO type="169" lobby="0"/><UN n0="%E3%83%90%E3%83%90%E3%82%A2%E3%81%AE%E6%97%A5%E5%82%98" n1="%E5%A4%AA%E3%81%8F%E3%81%AA%E3%81%84%E3%81%8A" n2="%E3%83%87%E3%83%AB%E3%83%90%E3%83%A9%E3%83%89" n3="%66%75%6C%6C%2D%74%70%21" dan="17,18,17,17" rate="2155.82,2206.96,2132.11,2166.39" sx="F,M,M,M"/><TAIKYOKU oya="0"/>

<Scene>
<INIT seed="0,0,0,2,3,10" ten="250,250,250,250" oya="0" hai0="127,39,68,91,61,52,8,27,103,4,57,56,16" hai1="133,34,6,69,77,24,13,36,49,71,109,120,92" hai2="74,104,35,63,93,128,85,5,130,0,113,55,53" hai3="117,80,86,126,96,28,70,45,105,106,1,132,90"/><T44/><D68/><U100/><E36/><V81/><F104/><W94/><G70/><T134/><D134/><U107/><E107/><N who="3" m="40970" /><G1/><T51/><D39/><U22/><E120/><V95/><F35/><W41/><G28/><T112/><D112/><U23/><E34/><V9/><F113/><W3/><G3/><T114/><D103/><U110/><E77/><V101/><F74/><W108/><G45/><T89/><D114/><U58/><E100/><V11/><F101/><N who="3" m="60567" /><G41/><N who="0" m="24975" /><D127/><U48/><E92/><V123/><F123/><W32/><G32/><T2/><D2/><U30/><E133/><V116/><F0/><W83/><G132/><T65/><D4/><U102/><E102/><V12/><F63/><W129/><G126/><T73/><D73/><U46/><E58/><V88/><F116/><W82/><G117/><T131/><D131/><N who="2" m="50218" /><F11/><W64/><G64/><T135/><D135/><U72/><E71/><V62/><F55/><W26/><G129/><T98/><D98/><U60/><E69/><V111/><F62/><W29/><G29/><T15/><D27/><U19/><E60/><AGARI ba="0,0" hai="8,15,16,52,56,57,60,61,65,89,91" m="24975" machi="60" ten="30,11600,0" yaku="8,1,52,1,54,2" doraHai="10" who="0" fromWho="1" sc="250,116,250,-116,250,0,250,0" />
</Scene>
<Scene>
<INIT seed="0,1,0,3,2,66" ten="366,134,250,250" oya="0" hai0="40,65,64,55,15,78,60,7,135,50,88,94,104" hai1="89,51,100,131,107,112,125,84,13,25,36,85,93" hai2="81,117,18,57,22,48,98,114,19,99,56,5,47" hai3="43,86,14,97,132,17,63,34,80,46,67,116,16"/><T0/><D104/><U102/><E36/><V92/><F114/><W113/><G132/><T11/><D0/><U31/><E112/><V91/><F117/><W124/><G124/><T118/><D118/><U23/><E125/><V10/><F81/><W129/><G129/><T87/><D135/><U35/><E131/><V95/><F5/><W39/><G34/><T121/><D121/><U45/><E107/><V115/><F10/><W122/><G122/><T44/><D78/><U126/><E126/><V38/><F38/><W127/><G127/><T37/><REACH who="0" step="1"/><D60/><REACH who="0" ten="356,134,250,250" step="2"/><U70/><E70/><V72/><F115/><W71/><G116/><T59/><AGARI ba="1,1" hai="7,11,15,37,40,44,50,55,59,64,65,87,88,94" machi="59" ten="20,18000,2" yaku="1,1,2,1,0,1,7,1,54,1,53,1" doraHai="66" doraHaiUra="69" who="0" fromWho="0" sc="356,193,134,-61,250,-61,250,-61" />
</Scene>
<Scene>
<INIT seed="0,2,0,0,0,84" ten="549,73,189,189" oya="0" hai0="6,117,59,116,35,28,70,104,66,113,91,5,61" hai1="121,24,39,103,9,115,30,4,124,60,129,2,135" hai2="63,111,15,109,72,18,127,14,96,130,132,44,54" hai3="89,41,99,40,101,37,83,36,128,90,85,88,55"/><T76/><D104/><U31/><E39/><V106/><F72/><W126/><G37/><T102/><D113/><U134/><E103/><V122/><F122/><W46/><G126/><T23/><D35/><U25/><E60/><V51/><F127/><W8/><G128/><T12/><D76/><U87/><E124/><V53/><F132/><N who="1" m="50729" /><E87/><V98/><F130/><W78/><G8/><T56/><D102/><U16/><E129/><V3/><F3/><W7/><G7/><T97/><D70/><U57/><E57/><N who="2" m="35255" /><F106/><W47/><G36/><T123/><D123/><U73/><E73/><V118/><F118/><W26/><G26/><N who="1" m="10346" /><E121/><V0/><F0/><W92/><REACH who="3" step="1"/><G55/><REACH who="3" ten="549,73,189,179" step="2"/><T81/><D117/><U100/><E100/><V79/><F15/><W110/><G110/><N who="2" m="41993" /><F79/><W50/><G50/><T11/><D116/><U125/><E125/><V64/><F64/><W112/><G112/><T19/><D66/><U58/><E115/><V52/><F53/><W49/><G49/><T10/><D12/><N who="1" m="7183" /><E58/><V82/><F82/><W1/><G1/><T77/><D81/><U48/><E48/><V108/><F108/><W13/><G13/><T105/><D59/><U45/><E45/><AGARI ba="2,1" hai="40,41,45,46,47,78,83,85,88,89,90,92,99,101" machi="45" ten="40,12000,2" yaku="1,1,8,1,52,3,54,1,53,0" doraHai="84" doraHaiUra="131" who="3" fromWho="1" sc="549,0,73,-126,189,0,179,136" owari="549,64.0,-53,-55.0,189,-21.0,315,12.0" />
</Scene>
</mjloggm>