<mjloggm ver="2.3"><GO type="169" lobby="0"/><UN n0="%67%61%6D%6F%33" n1="%E3%82%86%E3%81%84%E3%81%A1%E3%82%83%E3%82%93%E3%81%AE%E3%83%91%E3%83%91" n2="%E3%83%AB%E3%83%91%E3%83%B3" n3="%E5%A4%AA%E3%81%8F%E3%81%AA%E3%81%84%E3%81%8A" dan="16,19,16,17" rate="2071.85,2226.45,2039.02,2195.07" sx="M,M,M,M"/><TAIKYOKU oya="0"/>

<Scene>
<INIT seed="0,0,0,0,4,23" ten="250,250,250,250" oya="0" hai0="78,60,61,111,116,52,6,59,73,18,76,45,46" hai1="10,80,62,128,50,2,97,119,75,87,83,91,99" hai2="79,8,106,37,118,133,26,29,81,44,71,38,67" hai3="107,126,40,102,16,110,103,4,14,82,33,39,108"/><T42/><D116/><U95/><E119/><V115/><F118/><W22/><G33/><T15/><D6/><U89/><E128/><V122/><F122/><W19/><G4/><T134/><D134/><U104/><E2/><V93/><F115/><W65/><G65/><T117/><D117/><U53/><E62/><N who="2" m="40439" /><F93/><W3/><G3/><T123/><D123/><U98/><E10/><V54/><F54/><W9/><G126/><T100/><D100/><U36/><E36/><V72/><F8/><W125/><G125/><T51/><D111/><N who="3" m="42537" /><G107/><T0/><D0/><U21/><E104/><V1/><F133/><W32/><G32/><T24/><D73/><U7/><E7/><V63/><F1/><W127/><G127/><T129/><D129/><U96/><E75/><V105/><F63/><W85/><G40/><T27/><D60/><U69/><E69/><V64/><F64/><W31/><G31/><T58/><D58/><U43/><E43/><N who="2" m="22639" /><F38/><W132/><G39/><T88/><D45/><U77/><E53/><V101/><F101/><W120/><G132/><T66/><D66/><U90/><E50/><V30/><F30/><W28/><G28/><T20/><D88/><N who="1" m="33899" /><E21/><V13/><F13/><N who="3" m="7215" /><G120/><T92/><D92/><N who="1" m="56351" /><E83/><V131/><F131/><W68/><G68/><T5/><D5/><U113/><E113/><V47/><F47/><W17/><G17/><T112/><D112/><U84/><E84/><V114/><F114/><W70/><G70/><T12/><D12/><U74/><E74/><V57/><F57/><W135/><G135/><T124/><D124/><U35/><E95/><RYUUKYOKU ba="0,0" sc="250,0,250,0,250,0,250,0" hai0="15,18,20,24,27,42,46,51,52,59,61,76,78" hai1="35,77,80,87,97,98,99" hai2="26,29,72,79,81,105,106" hai3="14,19,22,82,85,102,103" />
</Scene>
<Scene>
<INIT seed="0,1,0,0,0,76" ten="250,250,250,250" oya="0" hai0="23,0,75,104,59,73,10,6,41,110,68,24,98" hai1="32,96,124,27,44,118,60,89,36,57,131,134,94" hai2="84,97,99,51,101,120,31,129,116,90,18,48,121" hai3="95,39,115,50,52,58,80,113,13,61,17,87,126"/><T69/><D41/><U127/><E118/><V88/><F129/><W86/><G39/><T16/><D110/><U125/><E131/><V26/><F18/><W11/><G126/><T5/><D5/><U40/><E134/><V79/><F116/><W93/><G115/><T119/><D119/><U83/><E32/><V35/><F120/><W132/><G113/><T20/><D59/><U70/><E70/><V9/><F9/><W2/><G132/><T100/><REACH who="0" step="1"/><D23/><REACH who="0" ten="240,250,250,250" step="2"/><U7/><E7/><V34/><F121/><W42/><G2/><T85/><D85/><U123/><E123/><V46/><F35/><W81/><G42/><T25/><D25/><U114/><E114/><V92/><F46/><W19/><G61/><T106/><D106/><U37/><E27/><V15/><F15/><W14/><G86/><T12/><D12/><U38/><E60/><V28/><F28/><W72/><G72/><AGARI ba="1,1" hai="0,6,10,16,20,24,68,69,72,73,75,98,100,104" machi="72" ten="40,3900,0" yaku="1,1,54,1,53,0" doraHai="76" doraHaiUra="54" who="0" fromWho="3" sc="240,52,250,0,250,0,250,-42" />
</Scene>
<Scene>
<INIT seed="0,2,0,0,5,104" ten="292,250,250,208" oya="0" hai0="31,114,128,57,7,116,34,117,65,76,97,67,44" hai1="43,30,6,110,87,111,12,89,4,131,129,90,59" hai2="55,18,86,64,2,68,73,46,9,107,91,82,88" hai3="48,93,53,98,23,35,58,28,99,26,133,123,20"/><T33/><D114/><U16/><E43/><V132/><F107/><W106/><G133/><T45/><D7/><U62/><E30/><V54/><F132/><W78/><G123/><T49/><D97/><U134/><E134/><V50/><F68/><W36/><G36/><T5/><D5/><U1/><E1/><V71/><F71/><W101/><REACH who="3" step="1"/><G78/><REACH who="3" ten="292,250,250,198" step="2"/><T13/><D76/><U17/><E111/><V25/><F2/><W0/><G0/><T92/><D116/><U126/><E110/><V8/><F64/><W15/><G15/><T14/><D117/><U72/><E12/><V74/><F25/><W95/><G95/><T3/><D3/><U120/><E120/><V84/><F55/><W83/><G83/><T52/><D92/><U24/><E24/><V103/><F103/><AGARI ba="2,1" hai="20,23,26,28,35,48,53,58,93,98,99,101,103,106" machi="103" ten="30,2000,0" yaku="1,1,7,1,53,0" doraHai="104" doraHaiUra="69" who="3" fromWho="2" sc="292,0,250,0,250,-26,198,36" />
</Scene>
<Scene>
<INIT seed="1,0,0,1,3,43" ten="292,250,224,234" oya="1" hai0="97,100,17,126,93,117,128,49,83,85,88,15,91" hai1="79,37,111,7,18,20,84,82,69,107,34,98,101" hai2="22,38,31,81,8,113,29,119,87,65,99,92,115" hai3="13,59,108,50,2,36,41,114,132,44,58,116,6"/><U52/><E69/><V24/><F119/><W62/><G2/><T130/><D117/><U94/><E34/><V21/><F38/><W1/><G116/><T28/><D28/><U95/><E37/><V133/><F133/><W109/><G1/><T68/><D68/><U125/><E7/><V35/><F65/><N who="3" m="39127" /><G13/><T53/><D126/><U46/><E125/><V135/><F135/><W118/><G6/><T121/><D121/><U77/><E77/><V39/><F39/><W47/><G118/><T63/><D63/><U56/><E46/><V103/><F8/><W64/><G132/><T75/><D75/><U16/><E111/><N who="3" m="42570" /><G114/><N who="2" m="43529" /><F31/><W124/><G124/><T70/><D70/><U96/><E20/><V112/><N who="2" m="43537" /><V134/><DORA hai="122" /><F134/><W30/><G30/><T76/><D128/><U10/><E10/><V55/><F55/><N who="3" m="30175" /><G59/><N who="0" m="33199" /><D130/><U3/><E3/><V51/><F87/><W67/><AGARI ba="0,0" hai="36,41,44,64,67" m="30175,42570,39127" machi="67" ten="30,16000,3" yaku="14,1,34,2,52,5" doraHai="43,122" who="3" fromWho="3" sc="292,-40,250,-80,224,-40,234,160" />
</Scene>
<Scene>
<INIT seed="2,0,0,3,0,123" ten="252,170,184,394" oya="2" hai0="16,15,106,59,66,4,82,126,116,49,1,11,36" hai1="92,115,50,23,67,41,42,69,101,79,130,24,51" hai2="90,97,129,37,94,2,6,132,75,61,14,64,26" hai3="108,91,96,62,35,99,121,18,109,52,84,68,54"/><V76/><F37/><W134/><G35/><T111/><D36/><U74/><E115/><V43/><F43/><W39/><G121/><T30/><D106/><U100/><E130/><V57/><F132/><W10/><G39/><T118/><D30/><U125/><E125/><V71/><F129/><W102/><G134/><T32/><D32/><U5/><E5/><V105/><F2/><W77/><G77/><T110/><D82/><U89/><E74/><V40/><F40/><W63/><G18/><T72/><D72/><U53/><E79/><V7/><F71/><W22/><G22/><N who="0" m="11551" /><D126/><U80/><E80/><V122/><F122/><W13/><G13/><T70/><D70/><U117/><E117/><N who="0" m="45161" /><D49/><U103/><E69/><V20/><F105/><W45/><G68/><T17/><D17/><U19/><E51/><V3/><F3/><W44/><G10/><T88/><D88/><U56/><REACH who="1" step="1"/><E67/><REACH who="1" ten="252,160,184,394" step="2"/><N who="2" m="39343" /><F76/><W87/><G91/><T33/><D33/><U81/><E81/><V46/><F75/><W47/><G47/><T124/><D124/><U12/><E12/><V48/><F64/><W113/><REACH who="3" step="1"/><G102/><REACH who="3" ten="252,160,184,384" step="2"/><T38/><D38/><U104/><E104/><V114/><F14/><W95/><G95/><T135/><D135/><U86/><AGARI ba="0,2" hai="19,23,24,41,42,50,53,56,86,89,92,100,101,103" machi="86" ten="30,12000,2" yaku="1,1,0,1,8,1,53,3" doraHai="123" doraHaiUra="98" who="1" fromWho="1" sc="252,-30,160,140,184,-60,384,-30" />
</Scene>
<Scene>
<INIT seed="3,0,0,2,0,108" ten="222,300,124,354" oya="3" hai0="29,61,37,92,132,89,131,44,60,117,106,90,104" hai1="46,35,30,123,13,119,57,88,59,109,18,39,0" hai2="64,43,96,79,126,53,130,98,47,110,16,41,7" hai3="78,97,8,62,84,102,49,17,127,10,23,113,42"/><W33/><G33/><T128/><D117/><U86/><E109/><V28/><F110/><W31/><G127/><T21/><D132/><U87/><E0/><V101/><F126/><W74/><G74/><T77/><D77/><U105/><E105/><V125/><F125/><W34/><G34/><T27/><D106/><U116/><E123/><V19/><F28/><W93/><G31/><T52/><D104/><U70/><E70/><V20/><F7/><W129/><G129/><N who="0" m="49739" /><D89/><U66/><E30/><V22/><F79/><W124/><G124/><T38/><D61/><U83/><E35/><V11/><F64/><W2/><G2/><T68/><D68/><U50/><E39/><V122/><F130/><W107/><G62/><T75/><D75/><U133/><E133/><V111/><F11/><W14/><G107/><T73/><D73/><U63/><E59/><V69/><F69/><W40/><G49/><N who="0" m="28711" /><D60/><U100/><E100/><V94/><F98/><AGARI ba="0,0" hai="21,27,29,37,38,90,92,98" m="28711,49739" machi="98" ten="30,2000,0" yaku="19,1,54,1" doraHai="108" who="0" fromWho="2" sc="222,20,300,0,124,-20,354,0" />
</Scene>
<Scene>
<INIT seed="4,0,0,4,5,66" ten="242,300,104,354" oya="0" hai0="72,0,102,110,33,114,14,51,48,22,9,117,39" hai1="111,106,56,94,54,69,84,36,116,129,2,63,109" hai2="65,120,49,17,112,73,83,25,23,123,125,53,75" hai3="60,38,52,87,7,127,34,93,132,71,131,32,68"/><T100/><D33/><U95/><E106/><V107/><F107/><W59/><G38/><T80/><D117/><U67/><E116/><V89/><F125/><W41/><G41/><T16/><D39/><U8/><E129/><V79/><F112/><W4/><G131/><T57/><D114/><U6/><E36/><V64/><F75/><W122/><G127/><T105/><D110/><U42/><E42/><V61/><F89/><W29/><G132/><T55/><D105/><U31/><E31/><V27/><F65/><W135/><G135/><T58/><D72/><U24/><E24/><V50/><F27/><W133/><G133/><T12/><D0/><U130/><E130/><V28/><F28/><W101/><G122/><T11/><D80/><U62/><REACH who="1" step="1"/><E84/><REACH who="1" ten="242,290,104,354" step="2"/><V47/><REACH who="2" step="1"/><F50/><REACH who="2" ten="242,290,94,354" step="2"/><W46/><G29/><T103/><D48/><U18/><E18/><V40/><F40/><W113/><G113/><T96/><D96/><U119/><E119/><V85/><F85/><W99/><G87/><T74/><D74/><U126/><E126/><V21/><F21/><W5/><G34/><T82/><D22/><U77/><E77/><V90/><F90/><W121/><G32/><T118/><D118/><U76/><E76/><V45/><F45/><W88/><G46/><N who="0" m="28151" /><D82/><U43/><E43/><V26/><F26/><W124/><G124/><T20/><D20/><U35/><E35/><V30/><F30/><W78/><G78/><T91/><D91/><U44/><E44/><V134/><F134/><W81/><G121/><T115/><D115/><U15/><E15/><V1/><F1/><RYUUKYOKU ba="0,2" sc="242,0,290,0,94,0,354,0" hai0="9,11,12,14,16,57,58,100,102,103" hai1="2,6,8,54,56,62,63,67,69,94,95,109,111" hai2="17,23,25,47,49,53,61,64,73,79,83,120,123" hai3="4,5,7,52,59,60,68,71,81,88,93,99,101" />
</Scene>
<Scene>
<INIT seed="4,1,2,5,2,128" ten="242,290,94,354" oya="0" hai0="83,25,102,2,106,133,117,23,12,75,27,57,51" hai1="42,66,19,28,122,80,135,33,9,58,38,34,95" hai2="123,108,62,126,46,134,49,104,74,89,40,6,43" hai3="1,7,16,107,132,82,39,94,98,84,15,85,131"/><T45/><D2/><U97/><E122/><V73/><F123/><W24/><G39/><T121/><D117/><U110/><E110/><V109/><F104/><W101/><G131/><T72/><D121/><U60/><E38/><V59/><F6/><W18/><G1/><T48/><D102/><U119/><E119/><V26/><F126/><W47/><G47/><T17/><D106/><U129/><E129/><V92/><F43/><W21/><G7/><T14/><D57/><U76/><E42/><V90/><F90/><W114/><G114/><T111/><D111/><U67/><E67/><V88/><F89/><W70/><G70/><T35/><D51/><U4/><E19/><V69/><F69/><W68/><G68/><T54/><D75/><U116/><E28/><V99/><F109/><W22/><G107/><T3/><D3/><U44/><E44/><V0/><F0/><W36/><G36/><T113/><D113/><U103/><E116/><V31/><F108/><W41/><G41/><T79/><D133/><U37/><E135/><V30/><F30/><W105/><G132/><T11/><D11/><U52/><E66/><V61/><F134/><W64/><G64/><T112/><D112/><U50/><E50/><V91/><F91/><N who="3" m="51607" /><G105/><T10/><D35/><U20/><E20/><V5/><F5/><AGARI ba="1,2" hai="5,10,12,14,17,23,25,27,45,48,54,72,79,83" machi="5" ten="30,1500,0" yaku="7,1" doraHai="128" who="0" fromWho="2" sc="242,38,290,0,94,-18,354,0" />
</Scene>
<Scene>
<INIT seed="4,2,0,4,1,23" ten="280,290,76,354" oya="0" hai0="88,87,98,112,16,56,130,89,83,39,11,86,14" hai1="74,111,22,4,90,38,50,94,1,105,68,80,54" hai2="104,62,134,95,85,118,73,18,63,35,67,2,0" hai3="97,119,126,55,58,17,131,66,51,121,7,47,113"/><T27/><D39/><U29/><E105/><V116/><F104/><W110/><G110/><T81/><D112/><U124/><E38/><V135/><F73/><W21/><G119/><N who="2" m="45609" /><F35/><W93/><G113/><T76/><D98/><U70/><E111/><V12/><F85/><W37/><G126/><T102/><D102/><U92/><E124/><V100/><F95/><W9/><G131/><T64/><D130/><U13/><E1/><N who="2" m="619" /><F100/><W127/><G127/><T44/><D44/><U82/><E74/><V101/><F101/><W115/><G115/><T61/><D76/><U33/><E33/><V36/><F36/><W20/><G7/><T69/><D69/><U31/><E70/><N who="2" m="42359" /><F63/><N who="3" m="38263" /><G37/><T8/><D8/><AGARI ba="2,0" hai="8,12,18,134,135" m="42359,619,45609" machi="8" ten="30,1000,0" yaku="12,1" doraHai="23" who="2" fromWho="0" sc="280,-16,290,0,76,16,354,0" />
</Scene>
<Scene>
<INIT seed="5,0,0,0,1,61" ten="264,290,92,354" oya="1" hai0="58,78,5,82,8,119,70,67,52,44,31,91,90" hai1="80,47,7,103,60,69,75,89,113,117,57,1,6" hai2="81,33,27,65,98,38,16,28,55,74,19,105,22" hai3="42,3,107,93,73,88,83,130,76,21,14,128,109"/><U32/><E117/><V71/><F38/><W29/><G3/><T49/><D119/><U12/><E1/><V116/><F116/><W23/><G107/><T2/><D31/><U24/><E69/><V39/><F39/><W51/><G109/><T53/><D70/><U0/><E0/><V106/><F19/><W134/><G134/><T62/><REACH who="0" step="1"/><D53/><REACH who="0" ten="254,290,92,354" step="2"/><U64/><E32/><V121/><F121/><W122/><G29/><T124/><D124/><U125/><E125/><V40/><F40/><W110/><G122/><T36/><D36/><U120/><E120/><V37/><F37/><W18/><G110/><T101/><D101/><U10/><E103/><V56/><F28/><W34/><G34/><T86/><AGARI ba="0,1" hai="2,5,8,44,49,52,58,62,67,78,82,86,90,91" machi="86" ten="20,8000,1" yaku="1,1,0,1,7,1,52,1,54,1,53,0" doraHai="61" doraHaiUra="11" who="0" fromWho="0" sc="254,90,290,-40,92,-20,354,-20" />
</Scene>
<Scene>
<INIT seed="6,0,0,0,2,43" ten="344,250,72,334" oya="2" hai0="91,76,36,60,45,117,96,61,115,124,10,41,46" hai1="119,80,18,89,58,48,8,83,53,4,22,95,37" hai2="71,27,25,78,20,82,85,113,86,135,100,81,84" hai3="73,108,118,75,114,14,129,102,26,17,101,98,67"/><V21/><F71/><W55/><G108/><T131/><D131/><U74/><E37/><V65/><F135/><W12/><G118/><T87/><D117/><U33/><E33/><V77/><F65/><W133/><G67/><T38/><D115/><U69/><E74/><V79/><F100/><W126/><G129/><T52/><D124/><U39/><E39/><V70/><F70/><W116/><G116/><T0/><D76/><U42/><E42/><V13/><F13/><W28/><G126/><T120/><D96/><U64/><E64/><V59/><F59/><W30/><G133/><T106/><D106/><U54/><E69/><V132/><F113/><W122/><G114/><T63/><D120/><U34/><E34/><V66/><F66/><W44/><G122/><T5/><D36/><U121/><E121/><V56/><F56/><W134/><G134/><T24/><D24/><N who="2" m="9290" /><F132/><W99/><G26/><T9/><D9/><U111/><E111/><V47/><F47/><W2/><G44/><T90/><D87/><U105/><E105/><V107/><F107/><W40/><G40/><T31/><D31/><U103/><E103/><V3/><F3/><W94/><G2/><T15/><D0/><U35/><E35/><V97/><F97/><W127/><G127/><T88/><D46/><N who="1" m="27799" /><E119/><V23/><AGARI ba="0,0" hai="20,21,23,77,78,79,81,82,84,85,86" m="9290" machi="23" ten="40,12000,1" yaku="29,2,28,2,8,1" doraHai="43" who="2" fromWho="2" sc="344,-40,250,-40,72,120,334,-40" />
</Scene>
<Scene>
<INIT seed="6,1,0,3,2,47" ten="304,210,192,294" oya="2" hai0="21,42,55,27,131,90,97,54,98,43,14,117,37" hai1="6,79,50,13,48,83,92,122,12,110,94,45,57" hai2="52,9,123,3,15,127,134,126,119,64,76,65,10" hai3="40,72,61,22,80,88,28,128,100,17,16,107,102"/><V116/><F123/><W114/><G128/><T120/><D131/><U130/><E130/><V111/><F76/><W82/><G40/><N who="0" m="15403" /><D120/><U46/><E122/><V7/><F134/><W32/><G32/><T133/><D133/><U104/><E104/><V118/><F111/><W49/><G107/><T121/><D37/><U74/><E110/><V89/><F89/><W2/><G2/><T11/><D117/><U105/><E105/><V56/><F10/><W112/><G49/><T4/><D121/><U115/><E115/><N who="3" m="44074" /><G28/><N who="0" m="17519" /><D90/><U77/><E57/><V124/><REACH who="2" step="1"/><F3/><REACH who="2" ten="304,210,182,294" step="2"/><W95/><G102/><T66/><D11/><U35/><E77/><V30/><F30/><W106/><G100/><T1/><D1/><U75/><E79/><V19/><F19/><W38/><G17/><T5/><D5/><U125/><E6/><V135/><F135/><W99/><G16/><T69/><D4/><U132/><E132/><V96/><F96/><W23/><G99/><T0/><D97/><U62/><E75/><V51/><AGARI ba="1,1" hai="7,9,15,51,52,56,64,65,116,118,119,124,126,127" machi="51" ten="40,12000,1" yaku="1,1,0,1,18,1,52,1,54,1,53,0" doraHai="47" doraHaiUra="18" who="2" fromWho="2" sc="304,-41,210,-41,182,133,294,-41" />
</Scene>
<Scene>
<INIT seed="6,2,0,1,1,13" ten="263,169,315,253" oya="2" hai0="121,86,21,61,60,34,16,123,77,12,111,117,51" hai1="59,66,94,64,101,40,107,120,6,26,118,3,127" hai2="39,133,58,32,90,42,7,74,15,19,129,41,80" hai3="43,109,89,100,88,93,68,108,57,27,54,44,14"/><V45/><F32/><W82/><G68/><T38/><D38/><U11/><E118/><V102/><F42/><W114/><G114/><T1/><D117/><U95/><E107/><V52/><F133/><W2/><G2/><T75/><D75/><U35/><E120/><V81/><F7/><W8/><G27/><T126/><D111/><U91/><E40/><V131/><F102/><W106/><G106/><T98/><D1/><U10/><E10/><N who="2" m="6647" /><F90/><W125/><G125/><T4/><D4/><U46/><E46/><V113/><F74/><W49/><G82/><T122/><D126/><U76/><E76/><V55/><F55/><W47/><G100/><T17/><D34/><U103/><E127/><V56/><F56/><W134/><G134/><T105/><D105/><U130/><E130/><N who="2" m="49675" /><F113/><W96/><G89/><T36/><D36/><U73/><E73/><V78/><F78/><W97/><G97/><T30/><D98/><U87/><E101/><V24/><F24/><W85/><G96/><T62/><D77/><U72/><E72/><V132/><F132/><W37/><REACH who="3" step="1"/><G57/><REACH who="3" ten="263,169,315,243" step="2"/><T116/><D116/><U0/><E0/><V110/><F110/><W22/><G22/><T70/><D121/><U65/><E103/><V31/><F31/><W50/><G50/><AGARI ba="2,1" hai="39,41,45,50,52,58,80,81" m="49675,6647" machi="50" ten="30,5800,0" yaku="19,1,52,1,54,1" doraHai="13" who="2" fromWho="3" sc="263,0,169,0,315,74,243,-64" />
</Scene>
<Scene>
<INIT seed="6,3,0,1,2,24" ten="263,169,389,179" oya="2" hai0="17,48,57,19,124,132,84,47,66,128,56,114,95" hai1="52,120,3,18,85,80,79,51,1,93,119,75,64" hai2="12,69,16,87,31,15,7,135,134,40,115,100,123" hai3="38,126,37,43,82,111,73,4,60,9,83,108,105"/><V2/><F123/><W106/><G60/><T71/><D128/><U59/><E119/><V74/><F69/><W89/><G89/><T6/><D71/><U117/><E117/><V86/><F74/><W26/><G26/><T125/><D6/><U121/><E64/><V122/><F100/><W10/><G126/><N who="0" m="48747" /><D114/><U130/><E130/><V91/><F40/><W81/><G73/><T63/><D56/><U28/><E28/><V41/><F41/><W129/><G129/><T78/><D132/><N who="2" m="50730" /><F115/><W29/><G43/><N who="0" m="24703" /><D95/><U30/><E30/><V107/><F107/><N who="3" m="40971" /><G29/><T116/><D116/><U35/><E35/><V45/><F45/><W20/><G4/><T13/><D13/><U65/><E93/><N who="2" m="54519" /><F122/><N who="1" m="47209" /><E75/><V133/><F133/><W97/><G38/><T88/><D88/><U55/><E65/><V34/><F87/><W72/><G37/><T103/><D103/><U14/><E55/><V102/><F102/><W98/><G72/><T110/><D110/><N who="3" m="42025" /><G98/><T104/><D104/><U109/><E109/><V131/><F131/><W96/><G97/><T23/><D84/><U22/><AGARI ba="3,0" hai="1,3,14,18,22,51,52,59,79,80,85" m="47209" machi="22" ten="30,2000,0" yaku="13,1,54,1" doraHai="24" who="1" fromWho="1" sc="263,-8,169,29,389,-13,179,-8" />
</Scene>
<Scene>
<INIT seed="7,0,0,4,0,58" ten="255,198,376,171" oya="3" hai0="102,47,117,109,2,132,27,129,127,50,24,76,57" hai1="108,16,28,3,98,45,33,13,32,18,30,72,130" hai2="40,36,69,26,118,59,100,1,53,87,116,107,78" hai3="89,125,35,20,84,101,68,131,41,46,85,82,94"/><W21/><G35/><T25/><D109/><U29/><E72/><V90/><F1/><W62/><G131/><T43/><D2/><U86/><E3/><V65/><F78/><W51/><G125/><T4/><D4/><U54/><E108/><V56/><F69/><W134/><G134/><T92/><D117/><U91/><E130/><V123/><F123/><W80/><G101/><T61/><D127/><U96/><E33/><V49/><F26/><W110/><G110/><T124/><D124/><U48/><E32/><V31/><F31/><W97/><G84/><T128/><D132/><U55/><E55/><V105/><F105/><W71/><G71/><T34/><D76/><U52/><E54/><V99/><F40/><W42/><G42/><T22/><D34/><U103/><E103/><V66/><F36/><W5/><G5/><T67/><D129/><U17/><E13/><V44/><F66/><W0/><G0/><T106/><D106/><U115/><E115/><V74/><F74/><W64/><REACH who="3" step="1"/><G82/><AGARI ba="0,0" hai="16,17,18,28,29,30,45,48,52,82,86,91,96,98" machi="82" ten="40,5200,0" yaku="8,1,54,2" doraHai="58" who="1" fromWho="3" sc="255,0,198,52,376,0,171,-52" owari="255,6.0,250,-15.0,376,47.0,119,-38.0" />
</Scene>
</mjloggm>