<mjloggm ver="2.3"><GO type="169" lobby="0"/><UN n0="%6E%6E%6E%6E%6E%6E" n1="%E5%A4%AA%E3%81%8F%E3%81%AA%E3%81%84%E3%81%8A" n2="%E3%83%AD%E3%83%83%E3%83%86%E9%9B%80%E7%90%83" n3="%46%75%6E%54%69%6D%65" dan="16,17,16,16" rate="2143.42,2179.77,2174.45,2084.68" sx="M,M,M,M"/><TAIKYOKU oya="0"/>

<Scene>
<INIT seed="0,0,0,0,0,47" ten="250,250,250,250" oya="0" hai0="132,61,39,97,76,71,52,96,116,49,119,112,125" hai1="48,117,51,101,130,0,98,75,13,114,118,90,1" hai2="99,15,80,29,17,43,41,12,16,38,109,56,115" hai3="91,26,121,133,27,66,78,70,50,100,84,93,65"/><T124/><D112/><U42/><E75/><V3/><F109/><W54/><G133/><T23/><D76/><U14/><E90/><V46/><F3/><W8/><G121/><T85/><D85/><U82/><E82/><V32/><F115/><W128/><G128/><T87/><D87/><U104/><E114/><V9/><F43/><W83/><G70/><T53/><D23/><U64/><E64/><N who="3" m="24682" /><G8/><T102/><D132/><U20/><E130/><V135/><F135/><W88/><G100/><T55/><D71/><U4/><E42/><V134/><F80/><W123/><G123/><T60/><D39/><U35/><E35/><V103/><F56/><N who="3" m="32855" /><G78/><T58/><D49/><U40/><E40/><V59/><F59/><W6/><G6/><T37/><D37/><U44/><E44/><V111/><F111/><W24/><G24/><T79/><D79/><U62/><E4/><V11/><F134/><W68/><G68/><T81/><D81/><U57/><E48/><V25/><F103/><W127/><G127/><N who="0" m="48715" /><D102/><U110/><E51/><V22/><REACH who="2" step="1"/><F99/><AGARI ba="0,0" hai="26,27,83,84,88,91,93,99" m="32855,24682" machi="99" ten="30,3900,0" yaku="8,1,52,1,54,1" doraHai="47" who="3" fromWho="2" sc="250,0,250,0,250,-39,250,39" />
</Scene>
<Scene>
<INIT seed="1,0,0,2,1,133" ten="250,250,211,289" oya="1" hai0="61,109,135,120,121,73,89,45,52,30,50,20,56" hai1="39,9,47,104,119,33,112,1,115,87,84,44,62" hai2="16,19,6,2,26,93,130,3,24,36,37,125,35" hai3="91,13,113,98,31,21,108,95,18,85,11,105,46"/><U54/><E104/><V94/><F6/><W8/><G113/><T134/><D73/><U83/><E33/><V22/><F22/><W76/><G108/><T96/><D96/><U106/><E106/><V75/><F75/><W48/><G31/><T63/><D89/><U49/><E119/><V7/><F7/><W79/><G105/><T68/><D109/><U28/><E28/><V59/><F59/><W34/><G34/><T53/><D20/><U107/><E107/><V114/><F35/><W29/><G29/><T117/><D117/><U88/><E62/><N who="0" m="23561" /><D30/><U118/><E118/><V15/><F15/><W38/><G38/><T0/><D0/><U66/><E66/><V40/><F40/><N who="3" m="24647" /><G98/><T126/><D126/><U58/><E1/><V32/><F32/><W70/><G70/><T42/><D68/><U110/><E110/><V17/><F17/><W65/><G65/><T129/><D129/><U127/><E127/><V116/><F116/><W60/><G60/><N who="0" m="35847" /><D42/><N who="1" m="22623" /><E9/><AGARI ba="0,0" hai="8,9,11,13,18,21,76,79,85,91,95" m="24647" machi="9" ten="30,1000,0" yaku="8,1" doraHai="133" who="3" fromWho="1" sc="250,0,250,-10,211,0,289,10" />
</Scene>
<Scene>
<INIT seed="2,0,0,4,2,16" ten="250,240,211,299" oya="2" hai0="65,31,40,98,109,105,67,117,101,23,15,44,85" hai1="18,24,55,104,107,70,4,97,59,25,8,7,28" hai2="96,33,108,131,99,134,57,72,87,41,114,88,135" hai3="66,51,106,111,39,129,132,30,120,94,128,76,82"/><V123/><F114/><W29/><G106/><T63/><D109/><U110/><E70/><V22/><F123/><W1/><G1/><T35/><D35/><U2/><E110/><V77/><F33/><W32/><G39/><T3/><D3/><U68/><E68/><V113/><F113/><W102/><G111/><T46/><D117/><U93/><E7/><V26/><F131/><N who="3" m="50251" /><G132/><N who="2" m="50729" /><F108/><W9/><G120/><T73/><D73/><U54/><E18/><N who="2" m="12631" /><F41/><W38/><G38/><T103/><D103/><U45/><E45/><V75/><F57/><W60/><G9/><T37/><D46/><U34/><E24/><V115/><F115/><W127/><G127/><T79/><D63/><U48/><REACH who="1" step="1"/><E54/><REACH who="1" ten="250,230,211,299" step="2"/><V112/><F112/><W17/><G17/><T116/><D116/><U53/><E53/><V92/><F72/><W21/><G30/><T126/><D126/><U69/><E69/><V100/><F100/><AGARI ba="0,1" hai="2,4,8,25,28,34,48,55,59,93,97,100,104,107" machi="100" ten="30,2000,0" yaku="1,1,7,1,53,0" doraHai="16" doraHaiUra="64" who="1" fromWho="2" sc="250,0,230,30,211,-20,299,0" />
</Scene>
<Scene>
<INIT seed="3,0,0,1,5,17" ten="250,260,191,299" oya="3" hai0="57,133,51,62,93,90,72,89,87,65,97,74,1" hai1="129,135,44,33,61,79,7,115,91,113,39,48,111" hai2="92,2,10,125,19,134,46,67,64,45,21,75,50" hai3="68,107,9,114,16,122,54,49,76,99,8,119,47"/><W63/><G119/><T52/><D1/><U112/><E33/><V31/><F75/><W60/><G114/><T14/><D133/><U42/><E79/><V35/><F134/><W3/><G122/><T25/><D25/><U127/><E135/><V4/><F125/><W101/><G76/><T66/><D14/><U100/><E100/><V37/><F37/><W80/><G80/><T20/><D20/><U43/><E7/><V86/><F31/><W120/><G120/><T94/><REACH who="0" step="1"/><D66/><REACH who="0" ten="240,260,191,299" step="2"/><U32/><E115/><V96/><F35/><W29/><G3/><T103/><D103/><U118/><E32/><V11/><F11/><W23/><G29/><T38/><D38/><U6/><E39/><V13/><F67/><W12/><REACH who="3" step="1"/><G68/><AGARI ba="0,1" hai="51,52,57,62,65,68,72,74,87,89,90,93,94,97" machi="68" ten="30,3900,0" yaku="1,1,7,1,54,1,53,0" doraHai="17" doraHaiUra="110" who="0" fromWho="3" sc="240,49,260,0,191,0,299,-39" />
</Scene>
<Scene>
<INIT seed="4,0,0,5,2,90" ten="289,260,191,260" oya="0" hai0="83,76,26,33,18,118,61,12,14,47,13,10,81" hai1="135,122,98,116,60,126,89,66,40,110,55,77,104" hai2="78,2,124,38,133,125,53,92,121,17,48,39,128" hai3="3,112,51,82,35,44,45,56,72,1,127,109,117"/><T123/><D123/><U113/><E122/><V64/><F121/><W43/><G117/><T97/><D118/><U21/><E116/><V4/><F78/><W99/><G109/><T85/><D47/><U37/><E77/><V73/><F73/><W16/><G35/><T11/><D61/><U106/><E110/><V107/><F107/><W50/><G112/><T119/><D119/><U31/><E55/><V74/><F74/><W9/><G127/><N who="2" m="48713" /><F17/><W7/><G56/><T8/><D83/><U68/><E126/><V114/><F114/><W69/><G69/><T91/><D33/><U80/><E113/><V105/><F105/><W95/><G72/><T0/><D0/><U132/><E40/><V94/><F64/><W131/><G131/><T36/><D36/><N who="2" m="13866" /><F133/><N who="1" m="51273" /><E37/><V58/><F128/><W129/><G129/><T52/><D52/><U42/><E42/><V63/><F63/><W15/><G82/><T62/><D62/><U41/><E41/><V30/><F30/><W32/><G32/><T28/><D28/><U49/><E80/><V108/><F108/><W120/><G120/><T24/><REACH who="0" step="1"/><D18/><REACH who="0" ten="279,260,191,260" step="2"/><U93/><E49/><V101/><F101/><W100/><G16/><T103/><D103/><U87/><E31/><V6/><F2/><W29/><G29/><T88/><D88/><U27/><E60/><V65/><F65/><W22/><G3/><T134/><D134/><U54/><E66/><V111/><F111/><W86/><G1/><T79/><D79/><U46/><E54/><V20/><F20/><W23/><G23/><T102/><D102/><U96/><E21/><RYUUKYOKU ba="0,1" sc="279,15,260,-15,191,15,260,-15" hai0="8,10,11,12,13,14,24,26,76,81,85,91,97" hai2="4,6,48,53,58,92,94" />
</Scene>
<Scene>
<INIT seed="4,1,1,0,0,28" ten="294,245,206,245" oya="0" hai0="72,27,103,92,102,114,71,4,52,70,81,11,76" hai1="78,14,54,63,104,124,73,127,0,56,1,50,89" hai2="10,26,80,25,17,30,16,45,33,38,69,135,62" hai3="83,85,95,113,120,64,47,37,12,91,75,130,74"/><T119/><D119/><U36/><E36/><V108/><F108/><W128/><G64/><T77/><D77/><U46/><E104/><V60/><F135/><W13/><G37/><T115/><D27/><U96/><E78/><V53/><F80/><W24/><G47/><T100/><D92/><N who="1" m="56335" /><E14/><N who="3" m="5738" /><G24/><T106/><D106/><U121/><E73/><V51/><F10/><W107/><G107/><T67/><D67/><N who="1" m="39399" /><E121/><V34/><F38/><W117/><G117/><T29/><D29/><U118/><E118/><V68/><F30/><W8/><G8/><T20/><D20/><U39/><E39/><V49/><F45/><W98/><G113/><N who="0" m="43019" /><D52/><AGARI ba="1,1" hai="16,17,25,26,33,34,49,51,52,53,60,62,68,69" machi="52" ten="25,12000,2" yaku="22,2,52,2,54,2" doraHai="28" who="2" fromWho="0" sc="294,-123,245,0,206,133,245,0" />
</Scene>
<Scene>
<INIT seed="5,0,0,4,3,127" ten="171,245,339,245" oya="1" hai0="81,126,59,130,53,95,37,32,111,55,42,107,56" hai1="65,44,98,61,73,47,117,114,19,125,128,132,110" hai2="14,0,51,74,85,26,97,102,78,99,45,16,96" hai3="60,34,46,64,134,100,72,10,12,38,77,105,88"/><U54/><E73/><V6/><F74/><W112/><G34/><T39/><D107/><U108/><E117/><V83/><F0/><W15/><G100/><T121/><D32/><U122/><E122/><V133/><F133/><W123/><G105/><T1/><D1/><U66/><E125/><V7/><F26/><W119/><G77/><T31/><D31/><U62/><E98/><V115/><F115/><W118/><G72/><T63/><D121/><U22/><E114/><V50/><F102/><W29/><G29/><T80/><D111/><N who="1" m="42539" /><E132/><V89/><F78/><W90/><G134/><T52/><D126/><U30/><E30/><V33/><F33/><W84/><G123/><T58/><D95/><U21/><E54/><N who="2" m="30031" /><F51/><W79/><G112/><T48/><D81/><U40/><E47/><V131/><F131/><W94/><G119/><T75/><D80/><U101/><E101/><V71/><F71/><W68/><G118/><T124/><D75/><U87/><E128/><V2/><F2/><W106/><G106/><T69/><D130/><U4/><E61/><V25/><F25/><W20/><G46/><N who="0" m="25687" /><D124/><U67/><E44/><V17/><F17/><N who="3" m="10303" /><G38/><N who="0" m="14347" /><D69/><U93/><E19/><V86/><F86/><N who="3" m="52503" /><G79/><T18/><D18/><U13/><E87/><V92/><F83/><N who="3" m="49439" /><G12/><T23/><D23/><AGARI ba="0,0" hai="6,7,14,16,23,85,89,92,96,97,99" m="30031" machi="23" ten="30,2000,0" yaku="8,1,54,1" doraHai="127" who="2" fromWho="0" sc="171,-20,245,0,339,20,245,0" />
</Scene>
<Scene>
<INIT seed="6,0,0,2,0,2" ten="151,245,359,245" oya="2" hai0="45,18,35,55,77,69,26,70,107,49,104,6,79" hai1="63,30,42,74,115,53,50,133,47,4,10,46,44" hai2="82,125,12,117,24,86,80,132,64,71,34,103,38" hai3="118,87,97,127,108,57,112,120,128,101,28,41,110"/><V93/><F38/><W37/><G28/><T39/><D107/><U72/><E115/><V40/><F40/><W78/><G57/><T22/><D104/><U116/><E116/><V109/><F117/><W11/><G11/><T129/><D129/><U65/><E30/><V111/><F132/><W20/><G20/><T62/><D70/><U60/><E133/><V102/><F125/><W135/><G41/><T32/><D32/><U3/><E60/><V0/><F0/><W31/><G31/><T13/><D39/><U48/><REACH who="1" step="1"/><E44/><REACH who="1" ten="151,235,359,245" step="2"/><V75/><F111/><W90/><G112/><T19/><D35/><U59/><AGARI ba="0,1" hai="3,4,10,42,46,47,48,50,53,59,63,65,72,74" machi="59" ten="20,12000,2" yaku="1,1,2,1,0,1,7,1,52,1,53,1" doraHai="2" doraHaiUra="54" who="1" fromWho="1" sc="151,-30,235,130,359,-60,245,-30" />
</Scene>
<Scene>
<INIT seed="7,0,0,5,1,62" ten="121,365,299,215" oya="3" hai0="6,133,38,54,22,112,98,50,74,19,60,40,109" hai1="77,94,48,135,110,106,102,24,52,45,75,71,101" hai2="1,8,114,119,81,13,79,51,55,2,111,34,4" hai3="5,43,42,124,100,126,118,90,115,82,93,128,89"/><W29/><G118/><T130/><D109/><U113/><E110/><V92/><F34/><W20/><G115/><T26/><D133/><U36/><E106/><V127/><F127/><N who="3" m="48683" /><G128/><T47/><D130/><U18/><E71/><V103/><F114/><W97/><G5/><T99/><D112/><U91/><E113/><V123/><F123/><W0/><G0/><T67/><D74/><U83/><E135/><V68/><F68/><W76/><G29/><T59/><REACH who="0" step="1"/><D6/><REACH who="0" ten="111,365,299,215" step="2"/><U3/><E75/><V56/><F4/><W84/><G20/><T70/><AGARI ba="0,1" hai="19,22,26,38,40,47,50,54,59,60,67,70,98,99" machi="70" ten="20,12000,2" yaku="1,1,2,1,0,1,7,1,24,2,52,1,53,0" doraHai="62" doraHaiUra="35" who="0" fromWho="0" sc="111,130,365,-30,299,-30,215,-60" owari="241,-16.0,335,43.0,269,7.0,155,-34.0" />
</Scene>
</mjloggm>