<mjloggm ver="2.3"><GO type="169" lobby="0"/><UN n0="%6B%69%6E%67%32%33%32%33" n1="%E5%A4%AA%E3%81%8F%E3%81%AA%E3%81%84%E3%81%8A" n2="%E3%81%A0%E3%81%A3%E3%81%A6%E3%81%84%E3%81%86" n3="%E3%83%97%E3%83%AD%E3%82%AD%E3%82%B7%E3%83%BC" dan="16,17,16,16" rate="2155.08,2230.04,2079.05,2122.98" sx="M,M,M,M"/><TAIKYOKU oya="0"/>

<Scene>
<INIT seed="0,0,0,3,4,44" ten="250,250,250,250" oya="0" hai0="5,15,20,133,131,9,116,102,110,108,69,77,27" hai1="38,63,92,130,55,113,118,76,30,11,119,89,95" hai2="0,53,25,109,117,132,28,87,49,75,105,80,59" hai3="19,3,122,4,13,84,115,22,36,67,21,86,73"/><T91/><D69/><U123/><E38/><V93/><F105/><W57/><G115/><T40/><D116/><U127/><E123/><V68/><F75/><W42/><G73/><T62/><D102/><U14/><E113/><V17/><F0/><W106/><G106/><T26/><D77/><U16/><E127/><V34/><F68/><W121/><G3/><N who="0" m="191" /><D62/><U100/><E76/><V6/><F6/><W94/><G4/><T37/><D37/><U74/><E74/><V29/><F132/><W18/><G36/><T10/><D40/><U61/><E30/><V97/><F117/><W107/><G42/><T12/><D91/><U45/><E119/><V96/><F109/><N who="0" m="42090" /><D133/><U23/><E63/><V85/><F34/><W79/><G107/><T72/><D72/><U47/><E100/><N who="2" m="60431" /><F97/><W1/><G79/><T39/><D39/><U54/><E89/><N who="2" m="51367" /><F87/><N who="3" m="33323" /><G1/><T126/><D126/><U8/><E118/><V33/><F33/><W112/><G112/><T120/><D120/><U58/><E92/><V135/><F135/><W60/><G94/><T65/><D65/><U71/><E95/><V41/><F41/><W51/><G122/><T90/><D90/><U31/><E71/><V134/><F134/><W50/><G121/><T32/><D131/><U46/><E130/><V78/><F78/><W111/><G111/><T81/><D81/><U56/><E54/><V7/><F7/><W128/><G128/><T99/><D99/><U64/><E55/><V2/><F2/><W35/><G35/><T101/><D101/><U70/><E70/><V48/><F53/><W88/><G88/><RYUUKYOKU ba="0,0" sc="250,-10,250,-10,250,-10,250,30" hai3="13,18,19,21,22,50,51,57,60,67" />
</Scene>
<Scene>
<INIT seed="1,1,0,5,2,39" ten="240,240,240,280" oya="1" hai0="4,92,33,3,48,53,134,12,74,44,85,49,100" hai1="2,28,121,102,91,11,30,131,17,96,26,104,109" hai2="128,88,79,105,119,65,125,51,55,124,133,72,18" hai3="70,129,95,16,117,123,10,127,126,130,132,118,71"/><U20/><E121/><V47/><F119/><N who="3" m="45579" /><G95/><T62/><D74/><U58/><E131/><N who="3" m="50186" /><G123/><T81/><D33/><U69/><E69/><V115/><F128/><W60/><G60/><T80/><D134/><U36/><E36/><V40/><F105/><W34/><G34/><T8/><D62/><U6/><E109/><V83/><F133/><W73/><G73/><T50/><D3/><U63/><REACH who="1" step="1"/><E91/><REACH who="1" ten="240,230,240,280" step="2"/><V45/><F88/><W7/><G132/><T56/><D100/><U77/><E77/><V61/><F125/><N who="3" m="47627" /><G16/><T113/><D4/><U89/><E89/><V41/><F124/><W84/><G84/><T32/><D85/><U57/><E57/><V98/><F18/><W68/><G70/><T120/><D56/><U112/><E112/><V13/><F115/><W78/><G78/><T110/><D113/><U24/><E24/><V116/><F116/><W99/><G99/><T23/><D120/><U107/><E107/><V9/><F98/><W75/><G75/><T46/><D46/><U42/><E42/><V29/><F47/><W37/><G37/><T106/><D106/><U64/><AGARI ba="1,1" hai="2,6,11,17,20,26,28,30,58,63,64,96,102,104" machi="64" ten="20,7800,0" yaku="1,1,0,1,7,1,53,1" doraHai="39" doraHaiUra="1" who="1" fromWho="1" sc="240,-27,230,91,240,-27,280,-27" />
</Scene>
<Scene>
<INIT seed="1,2,0,0,1,37" ten="213,321,213,253" oya="1" hai0="76,128,98,55,119,107,131,104,41,94,130,51,71" hai1="5,91,116,115,56,65,39,20,48,109,111,72,127" hai2="31,45,10,27,86,75,21,3,28,33,85,67,81" hai3="4,102,32,103,82,16,121,34,126,113,105,19,97"/><U87/><E39/><V64/><F75/><W22/><G121/><T63/><D119/><U53/><E116/><V112/><F112/><W36/><G113/><T120/><D76/><U77/><E115/><V89/><F33/><W118/><G118/><T125/><D125/><U1/><E127/><V12/><F3/><W47/><G126/><T84/><D84/><U95/><E65/><V68/><F31/><W90/><G4/><T66/><D120/><U58/><E58/><V129/><F129/><W69/><G69/><T46/><REACH who="0" step="1"/><D55/><REACH who="0" ten="203,321,213,253" step="2"/><U52/><E53/><V122/><F122/><W42/><G103/><AGARI ba="2,1" hai="41,46,51,63,66,71,94,98,103,104,107,128,130,131" machi="103" ten="40,8000,1" yaku="1,1,2,1,19,1,52,1,53,0" doraHai="37" doraHaiUra="17" who="0" fromWho="3" sc="203,96,321,0,213,0,253,-86" />
</Scene>
<Scene>
<INIT seed="2,0,0,5,0,81" ten="299,321,213,167" oya="2" hai0="60,102,103,87,135,1,124,101,40,80,55,13,28" hai1="20,96,109,107,43,38,82,30,49,53,71,64,45" hai2="61,32,70,112,10,21,94,97,68,36,85,73,8" hai3="93,126,46,34,25,74,130,131,66,9,89,7,31"/><V4/><F112/><W111/><G74/><T78/><D1/><U62/><E109/><V35/><F73/><W98/><G111/><T114/><D114/><U33/><E20/><V125/><F36/><W129/><G126/><T115/><D115/><U127/><E127/><V134/><F125/><W63/><G46/><T120/><D124/><U50/><E82/><V42/><F42/><W17/><G17/><T121/><D40/><U100/><REACH who="1" step="1"/><E53/><REACH who="1" ten="299,311,213,167" step="2"/><V48/><F21/><W18/><G131/><T54/><D54/><U99/><E99/><V76/><F97/><W23/><G130/><T47/><D121/><U5/><E5/><V58/><F4/><W22/><G129/><T16/><D120/><U56/><E56/><V72/><F58/><W2/><G18/><T122/><D122/><U119/><E119/><V84/><F68/><AGARI ba="0,1" hai="2,7,9,22,23,25,31,34,63,66,68,89,93,98" machi="68" ten="30,1000,0" yaku="7,1" doraHai="81" who="3" fromWho="2" sc="299,0,311,0,213,-10,167,20" />
</Scene>
<Scene>
<INIT seed="3,0,0,1,3,82" ten="299,311,203,187" oya="3" hai0="67,11,124,108,104,121,80,128,56,87,117,23,116" hai1="68,3,100,57,62,25,24,5,36,111,14,48,106" hai2="50,85,17,110,30,27,89,75,40,29,21,84,69" hai3="129,38,133,10,31,118,96,22,119,97,53,49,45"/><W95/><G129/><T122/><D11/><U114/><E36/><V105/><F75/><W60/><G133/><T130/><D108/><U103/><E3/><V91/><F105/><W88/><G38/><T52/><D67/><U115/><E68/><V42/><F69/><W34/><G34/><T101/><D124/><U28/><E111/><V12/><F110/><W6/><G97/><N who="0" m="61487" /><D23/><U76/><E48/><V134/><F134/><W18/><G31/><N who="2" m="11785" /><F27/><W37/><G37/><T79/><D52/><U63/><E106/><V7/><F7/><W92/><G92/><T77/><D56/><U73/><E28/><V90/><F50/><W94/><G94/><T132/><D132/><U4/><E57/><V54/><F54/><W107/><G107/><T74/><D74/><U70/><E73/><V8/><F8/><W127/><G60/><T83/><D83/><U135/><E135/><V81/><F81/><W33/><G33/><T120/><D77/><U9/><E9/><V55/><F55/><W78/><G78/><T99/><D99/><U109/><E109/><V61/><F61/><W125/><G10/><T102/><D102/><U1/><E76/><V32/><F32/><W72/><G6/><T66/><D66/><U19/><E70/><V86/><AGARI ba="0,0" hai="12,17,21,40,42,84,85,86,89,90,91" m="11785" machi="86" ten="40,8000,1" yaku="8,1,52,3" doraHai="82" who="2" fromWho="2" sc="299,-20,311,-20,203,80,187,-40" />
</Scene>
<Scene>
<INIT seed="4,0,0,4,3,71" ten="279,291,283,147" oya="0" hai0="83,105,11,130,107,134,67,9,36,20,30,14,17" hai1="51,84,65,61,119,127,63,78,129,1,12,131,54" hai2="4,106,101,2,49,35,80,0,68,69,132,5,75" hai3="53,123,15,19,70,111,32,38,52,102,57,31,128"/><T133/><D67/><U88/><E1/><V110/><F49/><W26/><G111/><T104/><D130/><N who="1" m="49675" /><E119/><V73/><F110/><W82/><G128/><T118/><D118/><U7/><E78/><V39/><F80/><W25/><G70/><T76/><D36/><U114/><E65/><V122/><F101/><W47/><G123/><T62/><D62/><U98/><E98/><V100/><F100/><W16/><G102/><T43/><D43/><U59/><E127/><V40/><F40/><W121/><G121/><T109/><D109/><U10/><E114/><V21/><F122/><W77/><G26/><T66/><D66/><U50/><E50/><V124/><F35/><W117/><G117/><T115/><D115/><U93/><AGARI ba="0,0" hai="7,10,12,51,54,59,61,63,84,88,93" m="49675" machi="93" ten="30,2000,0" yaku="19,1,54,1" doraHai="71" who="1" fromWho="1" sc="279,-10,291,20,283,-5,147,-5" />
</Scene>
<Scene>
<INIT seed="5,0,0,5,1,55" ten="269,311,278,142" oya="1" hai0="29,6,135,41,130,5,36,81,125,128,99,38,23" hai1="126,3,12,108,93,133,103,2,58,17,62,71,43" hai2="18,123,28,7,16,88,24,42,64,4,118,19,86" hai3="92,8,39,53,105,98,90,114,104,95,54,73,9"/><U68/><E43/><V40/><F123/><W32/><G32/><T109/><D109/><U78/><E78/><V127/><F118/><W80/><G39/><T31/><D99/><U74/><E74/><V60/><F127/><W85/><G114/><T122/><D122/><U69/><E126/><V119/><F119/><W129/><G129/><N who="0" m="49771" /><D125/><U14/><E108/><V132/><F132/><W44/><G104/><T83/><D41/><U111/><E111/><V30/><F42/><W52/><G44/><T26/><D135/><U46/><E46/><V1/><F1/><W25/><G25/><T37/><D23/><U13/><E17/><V70/><F40/><W124/><G124/><T96/><D96/><U117/><E117/><V34/><REACH who="2" step="1"/><F30/><REACH who="2" ten="269,311,268,142" step="2"/><N who="0" m="11274" /><D26/><U77/><E133/><V89/><F89/><W102/><G95/><AGARI ba="0,1" hai="4,7,16,18,19,24,28,34,60,64,70,86,88,95" machi="95" ten="40,8000,1" yaku="1,1,54,2,53,1" doraHai="55" doraHaiUra="65" who="2" fromWho="3" sc="269,0,311,0,268,90,142,-80" />
</Scene>
<Scene>
<INIT seed="6,0,0,2,3,127" ten="269,311,358,62" oya="2" hai0="53,109,56,8,78,65,26,50,117,70,116,10,59" hai1="13,43,77,7,105,61,120,11,42,15,47,90,129" hai2="22,99,3,35,112,93,108,28,46,21,101,104,37" hai3="9,128,44,106,1,114,71,58,40,16,74,12,0"/><V134/><F3/><W24/><G71/><T110/><D78/><U27/><E105/><V133/><F112/><W38/><G106/><T73/><D26/><U97/><E120/><V17/><F108/><N who="0" m="41578" /><D73/><U125/><E125/><V124/><F124/><W130/><G74/><T36/><D36/><U57/><E77/><V131/><F104/><W19/><G114/><T25/><D25/><U115/><E115/><V95/><F35/><W20/><REACH who="3" step="1"/><G58/><REACH who="3" ten="269,311,358,52" step="2"/><T4/><D56/><U102/><E57/><V87/><F134/><W23/><G23/><T79/><D70/><U132/><E132/><V107/><F21/><W66/><G66/><T111/><D65/><U72/><E72/><V89/><F22/><W32/><G32/><T64/><D64/><U48/><E11/><V118/><F107/><W96/><G96/><T63/><D10/><U121/><E97/><V85/><F99/><W67/><G67/><T92/><D111/><U75/><E75/><V33/><F33/><W54/><G54/><T103/><D53/><U39/><E121/><V55/><F55/><W62/><G62/><T122/><D63/><U31/><E61/><V83/><F133/><W2/><AGARI ba="0,1" hai="0,1,2,9,12,16,19,20,24,38,40,44,128,130" machi="2" ten="40,12000,2" yaku="1,1,0,1,52,2,54,1,53,1" doraHai="127" doraHaiUra="41" who="3" fromWho="3" sc="269,-30,311,-30,358,-60,52,130" />
</Scene>
<Scene>
<INIT seed="7,0,0,0,0,92" ten="239,281,298,182" oya="3" hai0="116,36,98,119,107,50,35,11,84,18,13,80,108" hai1="59,112,104,72,131,28,48,68,115,21,10,121,16" hai2="75,83,62,78,24,81,129,89,26,82,74,5,23" hai3="37,110,43,55,51,130,4,29,87,111,91,102,70"/><W76/><G70/><T103/><D35/><U6/><E68/><V132/><F129/><W17/><G130/><T49/><D36/><U100/><E72/><V2/><F132/><W33/><G4/><T85/><D108/><N who="3" m="41513" /><G102/><T32/><D32/><U45/><E131/><V133/><F133/><W66/><G66/><T0/><D0/><U42/><E28/><V64/><F24/><N who="3" m="18599" /><G37/><T25/><D25/><U44/><E121/><V3/><F75/><W101/><G101/><T134/><D134/><U71/><E71/><V94/><F3/><W95/><G76/><T135/><D135/><U12/><E59/><V106/><F106/><W56/><G17/><T88/><REACH who="0" step="1"/><D85/><REACH who="0" ten="229,281,298,182" step="2"/><U63/><E63/><V65/><F62/><W96/><G43/><T126/><D126/><U58/><E42/><V114/><F2/><W109/><N who="3" m="41521" /><W47/><DORA hai="97" /><G87/><T14/><D14/><U27/><E12/><V122/><F26/><W39/><G39/><T31/><D31/><U79/><E27/><V118/><F74/><W52/><G55/><T73/><D73/><U77/><E112/><V1/><F114/><W30/><G30/><T105/><D105/><U54/><E115/><V117/><F1/><W61/><G61/><T19/><D19/><U15/><E104/><V7/><F7/><W128/><G128/><T120/><D120/><U93/><E6/><V127/><F5/><W60/><G60/><T20/><D20/><U53/><E21/><V38/><F23/><W40/><G40/><T99/><D99/><N who="1" m="59503" /><E54/><V8/><F122/><W22/><G22/><T69/><D69/><RYUUKYOKU ba="0,1" sc="229,10,281,10,298,-30,182,10" hai0="11,13,18,49,50,80,84,88,98,103,107,116,119" hai1="10,15,16,44,45,48,53,58,77,79" hai3="47,51,52,56,91,95,96" />
</Scene>
<Scene>
<INIT seed="7,1,1,4,3,75" ten="239,291,268,192" oya="3" hai0="54,98,102,100,40,45,28,131,16,95,104,112,120" hai1="31,87,8,78,65,55,19,76,6,116,20,91,101" hai2="21,57,107,85,96,26,111,130,64,37,52,33,18" hai3="125,23,59,43,110,48,109,103,49,58,122,34,38"/><W123/><G34/><T133/><D120/><N who="3" m="46121" /><G23/><T118/><D118/><U44/><E65/><V66/><F111/><N who="3" m="42507" /><G103/><T74/><D74/><U11/><E101/><V3/><F37/><W25/><G25/><T72/><D72/><U29/><E55/><V115/><F3/><W114/><G114/><T84/><D28/><N who="1" m="10827" /><E44/><V0/><F0/><W32/><G32/><T99/><D133/><U50/><E50/><N who="3" m="19562" /><G125/><T79/><D131/><U60/><E116/><V86/><F130/><W88/><G88/><T36/><D112/><U17/><E17/><V63/><F33/><W56/><G38/><T92/><D16/><U117/><E117/><V73/><F115/><W126/><G126/><T24/><D24/><U127/><E127/><V47/><F107/><W77/><G77/><T68/><D104/><U129/><E129/><V1/><F18/><W83/><G83/><T4/><D4/><U80/><E6/><V121/><F121/><W81/><G81/><T135/><D79/><N who="1" m="30251" /><E20/><V5/><F5/><W2/><G2/><T13/><D13/><N who="1" m="7591" /><E11/><V41/><F21/><W97/><G43/><T90/><D102/><U94/><E80/><V27/><F1/><W9/><G9/><T14/><D100/><U67/><E87/><V51/><F73/><W53/><G97/><T42/><D99/><U46/><E91/><V119/><F119/><W106/><G106/><T71/><D90/><U62/><E94/><V39/><F39/><W89/><G89/><T15/><D95/><U61/><E46/><V10/><F10/><W113/><G113/><T134/><D92/><U69/><AGARI ba="1,1" hai="60,61,62,67,69" m="7591,30251,10827" machi="69" ten="30,7900,0" yaku="5,1,52,3" doraHai="75" who="1" fromWho="1" sc="239,-21,291,92,268,-21,192,-40" owari="218,-18.0,383,48.0,247,5.0,152,-35.0" />
</Scene>
</mjloggm>