<mjloggm ver="2.3"><GO type="169" lobby="0"/><UN n0="%E4%B8%AD%E6%9D%91%E8%B1%AA" n1="%74%6E%66%73%68%32%30%34" n2="%E5%A4%AA%E3%81%8F%E3%81%AA%E3%81%84%E3%81%8A" n3="%41%73%61%32%34" dan="16,17,18,16" rate="2165.92,2138.88,2224.42,2163.86" sx="M,M,M,M"/><TAIKYOKU oya="0"/>

<Scene>
<INIT seed="0,0,0,3,5,56" ten="250,250,250,250" oya="0" hai0="63,111,46,88,89,109,37,92,99,60,15,95,123" hai1="18,2,101,78,16,68,43,121,42,103,70,32,29" hai2="130,11,26,116,3,114,44,107,87,118,86,93,35" hai3="58,104,39,38,34,19,128,74,30,112,57,54,64"/><T110/><D123/><U77/><E29/><N who="2" m="19895" /><F107/><W120/><G74/><T66/><D66/><U61/><E32/><V23/><F114/><W21/><G120/><T94/><D15/><U53/><E121/><V81/><F130/><W45/><G104/><T1/><D1/><U79/><E79/><V33/><F33/><W97/><G97/><N who="0" m="57551" /><D95/><U27/><E53/><V41/><F93/><W85/><G85/><T12/><D12/><U122/><E122/><V65/><F65/><W124/><G64/><T48/><D37/><U73/><E73/><V14/><F3/><W102/><G39/><T7/><D7/><U90/><E2/><V31/><F14/><W13/><G38/><T25/><D25/><U82/><E27/><N who="2" m="16895" /><F11/><W133/><G128/><T5/><D5/><U20/><E20/><V52/><F81/><W72/><G34/><T127/><D127/><U105/><E82/><V49/><F41/><AGARI ba="0,0" hai="41,46,48,60,63,88,92,99,109,110,111" m="57551" machi="41" ten="30,12000,1" yaku="14,1,10,1,52,2,54,1" doraHai="56" who="0" fromWho="2" sc="250,120,250,0,250,-120,250,0" />
</Scene>
<Scene>
<INIT seed="0,1,0,4,3,63" ten="370,250,130,250" oya="0" hai0="8,56,6,103,88,20,87,62,108,97,129,4,17" hai1="41,92,76,14,83,60,104,39,48,40,29,43,77" hai2="12,61,116,99,74,118,24,64,106,126,75,36,22" hai3="18,81,122,98,134,68,65,57,25,73,86,28,7"/><T54/><D129/><U19/><E104/><V127/><F36/><W42/><G73/><N who="2" m="27657" /><F12/><W11/><G18/><T32/><D32/><U130/><E39/><V90/><F90/><W53/><G42/><T110/><D103/><U38/><E38/><V44/><F44/><W46/><G46/><T102/><D102/><U33/><E130/><V112/><F112/><W71/><G98/><T49/><D49/><U94/><E48/><V128/><F128/><W51/><G122/><T131/><D131/><U47/><E47/><V119/><F99/><W80/><G65/><T30/><D30/><U123/><E29/><N who="2" m="17559" /><F106/><W31/><G31/><T79/><D79/><U45/><E45/><V15/><F15/><W67/><G67/><T16/><D97/><U109/><E33/><V113/><F113/><W85/><G85/><T100/><D100/><U37/><E37/><V35/><F35/><W107/><G107/><T70/><D70/><AGARI ba="1,0" hai="61,64,70,116,118,119,126,127" m="17559,27657" machi="70" ten="40,2600,0" yaku="12,1,52,1" doraHai="63" who="2" fromWho="0" sc="370,-29,250,0,130,29,250,0" />
</Scene>
<Scene>
<INIT seed="1,0,0,2,5,68" ten="341,250,159,250" oya="1" hai0="103,110,53,117,60,46,3,51,125,66,28,124,120" hai1="30,29,2,100,6,76,89,5,54,79,132,107,90" hai2="56,72,88,109,64,108,97,9,94,43,13,135,0" hai3="35,95,75,23,49,121,106,37,40,16,32,27,83"/><U102/><E132/><V118/><F118/><W81/><G106/><T87/><D3/><U126/><E126/><N who="0" m="48745" /><D117/><U26/><E54/><V82/><F0/><W10/><G121/><T15/><D103/><U59/><E2/><V24/><F135/><W119/><G49/><T93/><D28/><U85/><E59/><V22/><F43/><W36/><G40/><T116/><D15/><U41/><E41/><V99/><F99/><W12/><G95/><T47/><D87/><U67/><E85/><V70/><F70/><W69/><G69/><N who="0" m="42183" /><D93/><U114/><E107/><V96/><F96/><W91/><G119/><T112/><D116/><U78/><E78/><V111/><F82/><W80/><G75/><T44/><D112/><U42/><E42/><V61/><F72/><W62/><G91/><T84/><D84/><U71/><E71/><V127/><F127/><W58/><G35/><T115/><D115/><U8/><E114/><V39/><F39/><W25/><G32/><T33/><D33/><U52/><E102/><V55/><F64/><W14/><G14/><T11/><D11/><U57/><E67/><V133/><F133/><W18/><REACH who="3" step="1"/><G25/><REACH who="3" ten="341,250,159,240" step="2"/><T123/><D110/><U104/><E26/><V63/><F63/><W131/><G131/><T7/><D123/><U31/><E104/><V50/><F50/><W17/><G17/><T92/><D120/><U98/><E89/><V105/><F105/><W73/><G73/><T101/><D7/><U19/><E19/><N who="2" m="12383" /><F111/><W77/><G77/><T129/><D129/><U113/><E113/><V38/><F38/><W74/><G74/><RYUUKYOKU ba="0,1" sc="341,10,250,-30,159,10,240,10" hai0="44,46,47,51,53,92,101" hai2="9,13,55,56,61,88,94,97,108,109" hai3="10,12,16,18,23,27,36,37,58,62,80,81,83" />
</Scene>
<Scene>
<INIT seed="2,1,1,1,5,16" ten="351,220,169,250" oya="2" hai0="133,116,62,124,127,51,125,108,110,99,121,19,126" hai1="109,106,60,28,88,128,46,83,25,64,32,94,39" hai2="23,55,97,123,111,47,43,132,36,21,40,10,84" hai3="107,96,130,42,120,134,26,77,81,30,35,20,80"/><V70/><F123/><W24/><G120/><T31/><D124/><U0/><E106/><V119/><F119/><W90/><G130/><T18/><D121/><U105/><E105/><V33/><F33/><W101/><G134/><T29/><D62/><U57/><E128/><V93/><F70/><W3/><G3/><T103/><D51/><U54/><E0/><V41/><F132/><W58/><G42/><T74/><D74/><U114/><E114/><V4/><F111/><N who="0" m="42538" /><D133/><U22/><E109/><V112/><F112/><W73/><G58/><T52/><D52/><U95/><E32/><V15/><F84/><W11/><G11/><T85/><D85/><N who="1" m="50239" /><E39/><V117/><F117/><W48/><G48/><AGARI ba="1,1" hai="22,25,28,46,48,54,57,60,64,94,95" m="50239" machi="48" ten="30,3900,0" yaku="8,1,52,1,54,1" doraHai="16" who="1" fromWho="3" sc="351,0,220,52,169,0,250,-42" />
</Scene>
<Scene>
<INIT seed="3,0,0,5,2,19" ten="351,272,169,208" oya="3" hai0="95,87,21,58,75,93,46,104,73,126,22,45,55" hai1="83,64,9,114,11,71,26,85,42,76,63,50,2" hai2="49,124,66,62,1,29,110,127,90,4,38,35,99" hai3="61,129,24,92,28,54,18,82,123,30,23,133,122"/><W118/><G118/><T17/><D104/><U25/><E114/><V47/><F38/><W6/><G133/><T34/><D34/><U31/><E2/><V108/><F4/><W79/><G129/><T3/><D3/><U43/><E26/><N who="2" m="18871" /><F1/><W67/><G6/><T33/><D33/><U72/><E72/><V7/><F7/><W60/><G92/><N who="0" m="35403" /><D73/><U81/><E81/><V56/><F90/><W130/><G130/><T128/><D75/><U15/><E50/><V106/><F99/><W8/><G54/><T5/><D5/><U111/><E15/><V27/><F27/><W65/><G65/><T70/><D70/><U77/><E77/><V102/><F102/><W107/><G107/><T135/><D126/><N who="2" m="48170" /><F106/><W44/><G44/><N who="0" m="17003" /><D135/><U86/><E86/><V14/><F14/><W78/><G78/><T117/><D117/><U115/><E85/><V48/><F48/><W94/><G94/><T121/><D128/><U88/><E83/><V101/><F101/><W74/><G60/><N who="0" m="35935" /><D87/><U100/><E100/><V32/><F32/><W51/><G51/><T97/><D97/><U109/><E63/><V40/><AGARI ba="0,0" hai="40,47,49,56,62,66,108,110" m="48170,18871" machi="40" ten="30,1100,0" yaku="18,1" doraHai="19" who="2" fromWho="2" sc="351,-3,272,-3,169,11,208,-5" />
</Scene>
<Scene>
<INIT seed="4,0,0,3,3,5" ten="348,269,180,203" oya="0" hai0="117,57,19,73,8,107,17,27,32,61,127,38,11" hai1="132,78,96,108,29,52,99,76,126,54,130,9,34" hai2="3,16,121,74,35,85,30,31,114,59,25,66,22" hai3="111,134,124,80,65,6,39,46,109,115,42,133,123"/><T112/><D38/><U97/><E108/><N who="3" m="41546" /><G80/><T79/><D107/><U58/><E126/><V62/><F74/><W63/><G6/><T103/><D103/><U120/><E120/><V60/><F121/><W122/><G124/><T28/><D117/><U92/><E130/><V104/><F3/><W56/><G115/><T13/><D112/><U128/><E128/><V116/><F114/><W75/><G75/><T89/><D127/><U40/><E40/><V88/><F116/><W53/><G53/><T113/><D113/><U0/><E132/><AGARI ba="0,0" hai="39,42,46,56,63,65,122,123,132,133,134" m="41546" machi="132" ten="30,3900,0" yaku="20,1,34,2" doraHai="5" who="3" fromWho="1" sc="348,0,269,-39,180,0,203,39" />
</Scene>
<Scene>
<INIT seed="5,0,0,2,0,3" ten="348,230,180,242" oya="1" hai0="49,120,82,37,124,30,97,102,27,60,7,116,123" hai1="25,80,79,92,118,33,22,87,130,26,119,94,29" hai2="99,51,58,68,85,24,121,106,126,32,134,40,59" hai3="98,127,42,44,133,19,77,89,67,55,65,21,64"/><U45/><E130/><V91/><F121/><N who="0" m="46666" /><D37/><U53/><E118/><V46/><F68/><W88/><G77/><T11/><D49/><U72/><E119/><V96/><F126/><W17/><G127/><T10/><D116/><U62/><E72/><V115/><F134/><W70/><G70/><T71/><D82/><U13/><E13/><V107/><F115/><W50/><G133/><T16/><D124/><U14/><E14/><V84/><F32/><W4/><G4/><T109/><D109/><U104/><E104/><V117/><F117/><W110/><G110/><T111/><D111/><U90/><E79/><V0/><F0/><W6/><G6/><T86/><D86/><U108/><E108/><V103/><F24/><W12/><G98/><T83/><D83/><U34/><E34/><V74/><F74/><W36/><REACH who="3" step="1"/><G19/><REACH who="3" ten="348,230,180,232" step="2"/><T31/><D16/><N who="1" m="12487" /><E33/><V131/><F131/><W23/><G23/><T125/><D71/><U69/><E69/><V61/><F85/><W9/><G9/><T15/><D11/><U35/><E35/><V132/><F132/><W112/><G112/><T8/><D8/><U5/><E5/><V78/><F78/><W113/><G113/><T2/><D125/><U135/><E135/><V100/><REACH who="2" step="1"/><F61/><REACH who="2" ten="348,230,170,232" step="2"/><W75/><G75/><T48/><D60/><U63/><E62/><V81/><AGARI ba="0,2" hai="40,46,51,58,59,81,84,91,96,99,100,103,106,107" machi="81" ten="20,8000,1" yaku="1,1,2,1,0,1,7,1,9,1,53,0" doraHai="3" doraHaiUra="28" who="2" fromWho="2" sc="348,-20,230,-40,170,100,232,-20" />
</Scene>
<Scene>
<INIT seed="6,0,0,4,2,77" ten="328,190,270,212" oya="2" hai0="123,1,49,57,126,32,127,117,51,69,61,54,122" hai1="105,99,116,79,43,41,97,93,71,98,39,4,50" hai2="102,23,29,37,2,45,66,8,111,30,107,6,106" hai3="15,9,130,73,121,28,20,84,68,5,64,109,101"/><V25/><F111/><W131/><G73/><T81/><D1/><U11/><E116/><V82/><F66/><W19/><G121/><N who="0" m="46091" /><D32/><U0/><E71/><V16/><F102/><W46/><G109/><T75/><D117/><U3/><E105/><V112/><F112/><W14/><G101/><T135/><D75/><U125/><E125/><N who="0" m="47625" /><D81/><U114/><E114/><V12/><F30/><W124/><G28/><T119/><D119/><U129/><E0/><V104/><F82/><W108/><G108/><T103/><D103/><U24/><E79/><V17/><REACH who="2" step="1"/><F2/><REACH who="2" ten="328,190,260,212" step="2"/><W62/><G124/><T86/><D135/><U100/><E100/><V42/><AGARI ba="0,1" hai="6,8,12,16,17,23,25,29,37,42,45,104,106,107" machi="42" ten="40,12000,1" yaku="1,1,2,1,0,1,54,1,53,1" doraHai="77" doraHaiUra="18" who="2" fromWho="2" sc="328,-40,190,-40,260,130,212,-40" />
</Scene>
<Scene>
<INIT seed="6,1,0,5,1,107" ten="288,150,390,172" oya="2" hai0="35,86,6,54,98,44,13,34,125,31,82,116,33" hai1="39,106,75,66,105,56,43,103,60,8,70,52,61" hai2="135,99,11,92,64,93,118,22,15,87,20,2,53" hai3="4,25,3,96,127,97,37,48,57,36,1,17,133"/><V45/><F2/><W108/><G108/><T88/><D125/><U7/><E103/><V100/><F118/><W131/><G4/><T62/><D116/><U32/><E32/><V134/><F64/><W83/><G83/><T109/><D109/><U9/><E75/><V113/><F113/><W122/><G122/><T16/><D6/><U29/><E29/><V24/><F53/><W80/><G80/><T124/><D124/><U65/><E9/><V23/><F45/><W91/><G57/><T63/><D31/><U40/><E65/><V58/><F58/><W38/><G48/><N who="0" m="28935" /><D98/><U30/><E30/><V73/><F24/><W55/><G25/><T90/><D90/><U27/><E27/><V68/><F73/><W71/><G55/><T42/><D42/><U78/><E78/><V132/><F87/><W89/><G38/><T104/><D104/><U84/><E43/><V128/><F99/><W18/><G71/><T101/><D101/><U102/><E84/><V41/><F41/><W95/><G95/><T112/><D112/><U74/><E74/><V28/><F28/><W94/><G94/><N who="2" m="36457" /><F100/><W117/><G117/><T120/><D120/><U26/><E102/><V72/><F72/><W46/><G46/><T14/><D14/><N who="1" m="5407" /><E26/><V10/><F68/><W119/><G119/><T50/><D50/><U77/><E77/><V129/><F15/><W76/><G76/><T0/><D0/><U5/><E5/><V81/><F81/><W59/><G127/><T111/><D111/><U121/><E121/><V126/><F134/><W21/><G133/><T114/><D114/><RYUUKYOKU ba="1,0" sc="288,15,150,15,390,-15,172,-15" hai0="13,16,33,34,35,62,63,82,86,88" hai1="39,40,52,56,60,61,66,70,105,106" />
</Scene>
<Scene>
<INIT seed="7,2,0,3,2,67" ten="303,165,375,157" oya="3" hai0="74,23,117,27,129,40,111,68,131,84,11,56,96" hai1="73,70,92,6,33,38,65,115,105,22,130,121,54" hai2="102,133,69,20,36,37,120,26,46,101,116,122,51" hai3="49,16,34,41,25,98,28,60,125,8,113,128,0"/><W3/><G113/><T135/><D74/><U44/><E121/><N who="2" m="46699" /><F69/><W9/><G128/><T47/><D111/><U81/><E22/><V21/><F133/><W79/><G79/><T10/><D117/><U86/><E54/><N who="2" m="30071" /><F21/><W87/><G125/><T72/><D72/><U114/><E130/><N who="0" m="49673" /><D135/><U18/><E73/><V93/><F116/><W5/><G60/><T110/><D56/><U108/><E70/><V45/><F93/><W91/><G98/><T42/><D42/><U89/><E92/><V99/><F45/><W24/><G49/><N who="0" m="26855" /><D84/><U7/><E86/><V57/><F57/><W104/><G104/><T109/><D96/><U14/><E108/><V95/><F102/><W12/><G41/><T2/><D68/><U94/><E105/><V1/><F1/><W107/><G107/><T4/><D11/><U90/><E94/><V76/><F76/><W15/><G25/><T126/><D126/><U124/><E124/><V103/><F103/><W123/><REACH who="3" step="1"/><G123/><REACH who="3" ten="303,165,375,147" step="2"/><T61/><D61/><U71/><E90/><V50/><F50/><W58/><G58/><T85/><D110/><U97/><E89/><V118/><F118/><W127/><G127/><T31/><D109/><U29/><E71/><V75/><F75/><W35/><G35/><T39/><D39/><U66/><E38/><V78/><F78/><W132/><G132/><T53/><D85/><U80/><E33/><V52/><F37/><W82/><AGARI ba="2,1" hai="0,3,5,8,9,12,15,16,24,28,34,82,87,91" machi="82" ten="20,7800,0" yaku="1,1,0,1,7,1,54,1,53,0" doraHai="67" doraHaiUra="88" who="3" fromWho="3" sc="303,-28,165,-28,375,-28,147,94" />
</Scene>
<Scene>
<INIT seed="7,3,0,2,2,128" ten="275,137,347,241" oya="3" hai0="70,104,23,14,82,76,75,28,88,19,120,32,113" hai1="119,11,99,24,131,72,71,105,59,18,116,61,133" hai2="34,21,66,79,7,86,20,25,45,90,68,31,107" hai3="37,57,5,77,83,3,78,1,93,109,95,112,41"/><W16/><G112/><T56/><D70/><U74/><E71/><V42/><F79/><W129/><G129/><T69/><D69/><U67/><E131/><V130/><F130/><W35/><G35/><T51/><D104/><U40/><E40/><V52/><F107/><W64/><G109/><T102/><D102/><U36/><E36/><V87/><F7/><W22/><G78/><T89/><D120/><U123/><E123/><V94/><F52/><W85/><G5/><T10/><D32/><U84/><E84/><V126/><F126/><W26/><G37/><T65/><D113/><U17/><E105/><V101/><F101/><W108/><G41/><T4/><D28/><U62/><E99/><V49/><REACH who="2" step="1"/><F87/><REACH who="2" ten="275,137,337,241" step="2"/><W54/><G108/><T100/><D100/><U96/><E96/><V135/><F135/><W114/><G114/><T122/><D122/><U73/><E133/><V6/><F6/><W48/><REACH who="3" step="1"/><G64/><REACH who="3" ten="275,137,337,231" step="2"/><T38/><D38/><U39/><E39/><V0/><F0/><AGARI ba="3,2" hai="0,1,3,16,22,26,48,54,57,77,83,85,93,95" machi="0" ten="40,7700,0" yaku="1,1,2,1,54,1,53,0" doraHai="128" doraHaiUra="132" who="3" fromWho="2" sc="275,0,137,0,337,-86,231,106" owari="275,8.0,137,-36.0,251,-15.0,337,43.0" />
</Scene>
</mjloggm>