<mjloggm ver="2.3"><GO type="169" lobby="0"/><UN n0="%E3%81%97%E3%82%87%E3%81%BC%E3%82%93%EF%BD%8E" n1="%E5%A4%AA%E3%81%8F%E3%81%AA%E3%81%84%E3%81%8A" n2="%E9%81%8A%E8%B5%B0" n3="%61%76%71%38%37%30%30%33" dan="16,17,18,16" rate="2103.60,2176.26,2256.99,2028.81" sx="M,M,M,M"/><TAIKYOKU oya="0"/>

<Scene>
<INIT seed="0,0,0,4,2,63" ten="250,250,250,250" oya="0" hai0="99,69,21,82,13,57,28,111,88,5,101,11,93" hai1="77,25,0,9,61,42,2,74,56,81,59,120,40" hai2="52,102,108,67,16,34,60,33,3,55,54,87,78" hai3="51,104,49,48,12,65,90,103,118,132,92,86,119"/><T37/><D69/><U84/><E120/><V131/><F131/><W20/><G132/><T133/><D37/><U113/><E113/><V26/><F3/><W115/><G115/><T1/><D133/><U24/><E74/><V121/><F121/><W31/><G104/><T46/><D111/><U94/><E94/><V116/><F116/><W18/><G31/><T124/><D124/><U45/><E56/><N who="2" m="37255" /><F34/><W17/><G103/><T91/><D46/><U79/><E79/><V106/><F33/><W44/><G44/><T68/><D68/><U43/><E45/><V123/><F106/><W39/><G39/><T58/><D1/><U6/><REACH who="1" step="1"/><E2/><REACH who="1" ten="250,240,250,250" step="2"/><V114/><F123/><W130/><G130/><T70/><D70/><U7/><E7/><V38/><F114/><W80/><G92/><T126/><D126/><U135/><E135/><V76/><F108/><W10/><G119/><T35/><D58/><U32/><E32/><V23/><F38/><W47/><G47/><T27/><D35/><U85/><E85/><V30/><F102/><W95/><G118/><T127/><D127/><U100/><E100/><V83/><F76/><W129/><G129/><T50/><D82/><U36/><E36/><V105/><F105/><W64/><REACH who="3" step="1"/><G95/><REACH who="3" ten="250,240,250,240" step="2"/><T62/><REACH who="0" step="1"/><D50/><REACH who="0" ten="240,240,250,240" step="2"/><U75/><E75/><V110/><F110/><W134/><G134/><T41/><D41/><U19/><E19/><AGARI ba="0,3" hai="16,19,23,26,30,52,54,55,78,83,87" m="37255" machi="19" ten="30,7700,0" yaku="8,1,52,1,54,2" doraHai="63" who="2" fromWho="1" sc="240,0,240,-77,250,107,240,0" />
</Scene>
<Scene>
<INIT seed="1,0,0,3,4,20" ten="240,163,357,240" oya="1" hai0="133,25,113,18,131,135,108,91,122,79,59,17,40" hai1="102,83,120,103,56,101,64,9,44,23,100,66,68" hai2="37,52,114,42,92,33,86,5,4,69,104,107,11" hai3="51,57,2,49,88,55,80,123,77,81,85,124,95"/><U67/><E120/><V125/><F69/><W43/><G123/><T82/><D113/><U3/><E68/><V119/><F119/><W76/><G124/><T21/><D122/><U45/><N who="1" m="25600" /><DORA hai="118" /><U134/><E134/><N who="0" m="51209" /><D108/><U78/><E56/><V14/><F33/><W97/><G2/><T116/><D91/><U31/><E3/><V53/><F125/><W46/><REACH who="3" step="1"/><G80/><REACH who="3" ten="240,163,357,230" step="2"/><T126/><D116/><U22/><E9/><V62/><F114/><W110/><G110/><T50/><D126/><U24/><REACH who="1" step="1"/><E23/><REACH who="1" ten="240,153,357,230" step="2"/><V84/><F11/><W105/><G105/><T1/><D21/><U121/><E121/><V130/><F104/><W47/><G47/><T32/><D1/><U8/><E8/><V39/><F107/><W89/><AGARI ba="0,2" hai="43,46,49,51,55,57,76,77,81,85,88,89,95,97" machi="89" ten="20,8000,1" yaku="1,1,0,1,7,1,8,1,54,1,53,0" doraHai="20,118" doraHaiUra="0,71" who="3" fromWho="3" sc="240,-20,153,-40,357,-20,230,100" />
</Scene>
<Scene>
<INIT seed="2,0,0,2,0,109" ten="220,113,337,330" oya="2" hai0="88,30,97,85,50,14,84,133,18,49,26,22,37" hai1="93,27,15,6,86,73,116,94,69,96,118,17,33" hai2="89,100,39,90,82,63,87,46,48,1,13,29,103" hai3="101,68,40,59,124,20,106,11,108,42,25,105,60"/><V117/><F39/><W44/><G108/><T114/><D114/><U32/><E73/><V10/><F1/><W126/><G68/><T75/><D75/><U72/><E72/><V2/><F2/><W31/><G11/><T38/><D133/><U121/><E69/><V83/><F117/><W113/><G101/><T132/><D132/><U21/><E121/><V130/><F130/><W104/><G113/><T65/><D65/><U81/><E93/><V99/><F29/><W64/><REACH who="3" step="1"/><G44/><REACH who="3" ten="220,113,337,320" step="2"/><T98/><D38/><U79/><E118/><V71/><F71/><W125/><AGARI ba="0,1" hai="20,25,31,40,42,59,60,64,104,105,106,124,125,126" machi="125" ten="40,8000,1" yaku="1,1,2,1,0,1,18,1,53,0" doraHai="109" doraHaiUra="3" who="3" fromWho="3" sc="220,-20,113,-20,337,-40,320,90" />
</Scene>
<Scene>
<INIT seed="3,0,0,0,1,50" ten="200,93,297,410" oya="3" hai0="58,40,14,135,30,11,57,66,118,5,39,115,110" hai1="1,67,29,53,12,130,21,86,132,94,49,102,76" hai2="120,126,56,16,68,9,98,25,2,32,79,93,119" hai3="41,28,61,104,54,85,45,36,74,91,59,64,6"/><W13/><G74/><T106/><D118/><U128/><E1/><V65/><F119/><W122/><G122/><T35/><D106/><U70/><E132/><V84/><F68/><W134/><G134/><T89/><D135/><U17/><E29/><V90/><F120/><W26/><G104/><T108/><D115/><U114/><E114/><V18/><F126/><W27/><G27/><N who="0" m="18911" /><D66/><U63/><E76/><V77/><F32/><W113/><G113/><T52/><D40/><U103/><E86/><V111/><F111/><N who="0" m="42538" /><D58/><U96/><REACH who="1" step="1"/><E103/><REACH who="1" ten="200,83,297,410" step="2"/><V15/><F2/><W81/><G28/><T46/><D89/><U69/><E69/><V37/><F84/><W20/><G91/><T42/><D57/><AGARI ba="0,1" hai="12,17,21,49,53,57,63,67,70,94,96,102,128,130" machi="57" ten="40,2600,0" yaku="1,1,52,1,53,0" doraHai="50" doraHaiUra="43" who="1" fromWho="0" sc="200,-26,83,36,297,0,410,0" />
</Scene>
<Scene>
<INIT seed="4,0,0,2,3,37" ten="174,119,297,410" oya="0" hai0="62,125,56,91,16,67,74,129,112,52,65,27,120" hai1="87,111,10,55,90,42,88,40,1,104,103,69,44" hai2="109,122,84,26,93,110,135,28,100,102,92,12,76" hai3="101,121,29,23,3,13,24,71,82,68,22,11,31"/><T17/><D120/><U60/><E111/><V7/><F122/><W51/><G3/><T6/><D74/><U58/><E69/><V115/><F115/><W127/><G101/><T78/><D112/><U14/><E1/><V18/><F7/><W73/><G127/><T34/><D125/><U45/><E103/><V95/><F135/><W126/><G126/><T119/><D78/><U130/><E104/><V21/><F109/><W19/><G121/><T66/><D119/><U30/><E30/><V108/><F110/><W15/><G51/><T81/><D129/><U53/><E130/><V49/><F108/><W36/><G36/><T50/><D6/><N who="1" m="3415" /><E90/><V32/><F32/><W133/><G133/><T96/><D34/><U97/><E97/><V94/><F49/><W134/><G134/><T85/><D96/><U118/><E118/><V4/><F4/><W105/><G105/><T80/><D80/><N who="1" m="49255" /><E53/><V83/><N who="2" m="23552" /><DORA hai="89" /><V123/><REACH who="2" step="1"/><F123/><REACH who="2" ten="174,119,287,410" step="2"/><W9/><G9/><T114/><D114/><U57/><E57/><V132/><F132/><W124/><G124/><T75/><D56/><U46/><AGARI ba="0,1" hai="40,42,44,45,46,55,58,60" m="49255,3415" machi="46" ten="30,7900,0" yaku="8,1,52,2,54,1" doraHai="37,89" who="1" fromWho="1" sc="174,-39,119,89,287,-20,410,-20" />
</Scene>
<Scene>
<INIT seed="5,0,0,0,3,85" ten="135,208,267,390" oya="1" hai0="3,112,132,43,123,109,42,64,15,44,60,1,126" hai1="54,102,105,46,51,8,29,114,80,117,36,24,100" hai2="6,96,66,2,68,7,17,5,116,61,28,23,10" hai3="120,98,88,16,27,74,101,65,125,56,25,31,19"/><U103/><E117/><V63/><F116/><W111/><G111/><T133/><D109/><U45/><E114/><V95/><F61/><W32/><G74/><T83/><D112/><U93/><E105/><V135/><F28/><W11/><G120/><T13/><D123/><U58/><E36/><V121/><F121/><W129/><G129/><T26/><D26/><U30/><E93/><V0/><F135/><W38/><G38/><T90/><D126/><U92/><E92/><V20/><F10/><W9/><G101/><T14/><D44/><U39/><E39/><V52/><F52/><W82/><G32/><T97/><D97/><U108/><E108/><V69/><F69/><W47/><G47/><N who="1" m="17930" /><E24/><V35/><F35/><W130/><G130/><T131/><D131/><U87/><E8/><V113/><F113/><W99/><G125/><T73/><D73/><U49/><E49/><V62/><F62/><W124/><G124/><T55/><D55/><U94/><E94/><V75/><F75/><W115/><G115/><T134/><D1/><U72/><E72/><V59/><F68/><W118/><G118/><T84/><REACH who="0" step="1"/><D3/><REACH who="0" ten="125,208,267,390" step="2"/><U48/><E48/><V4/><F2/><W86/><G27/><T91/><D91/><AGARI ba="0,1" hai="29,30,51,54,58,80,87,91,100,102,103" m="17930" machi="91" ten="30,2900,0" yaku="8,1,52,1" doraHai="85" who="1" fromWho="0" sc="125,-29,208,39,267,0,390,0" />
</Scene>
<Scene>
<INIT seed="5,1,0,2,3,7" ten="96,247,267,390" oya="1" hai0="100,29,87,92,37,110,5,127,135,48,103,131,70" hai1="75,101,53,86,68,114,30,73,27,105,15,109,44" hai2="97,56,89,74,72,13,43,38,115,130,134,71,18" hai3="111,99,77,122,124,93,107,78,104,102,66,76,65"/><U129/><E86/><V132/><F71/><W121/><G65/><T6/><D37/><U21/><E68/><V10/><F130/><W50/><G50/><T120/><D70/><U67/><E67/><V23/><F115/><W83/><G66/><T88/><D110/><U84/><E114/><V94/><F56/><W64/><G64/><T82/><D29/><U85/><E85/><V90/><F90/><W24/><G24/><T112/><D112/><U42/><E53/><V117/><F117/><W40/><G40/><T2/><D131/><U91/><E129/><V128/><F128/><W16/><G16/><T26/><D26/><U60/><E60/><V133/><REACH who="2" step="1"/><F23/><REACH who="2" ten="96,247,257,390" step="2"/><W9/><G121/><T33/><D88/><U22/><E22/><V59/><F59/><W51/><G122/><T63/><D120/><U35/><E21/><V108/><F108/><W118/><G111/><T32/><D32/><U4/><E109/><V81/><F81/><W69/><G83/><T0/><D33/><U79/><E91/><V31/><F31/><W113/><G118/><T8/><D82/><U106/><E35/><V96/><F96/><W57/><G113/><T49/><D100/><U11/><E101/><V25/><F25/><W61/><G102/><T126/><D103/><U98/><E98/><V119/><F119/><W45/><G99/><T125/><D125/><U62/><E27/><V55/><F55/><N who="3" m="33983" /><G124/><T17/><D127/><U19/><E30/><V52/><F52/><W95/><G69/><T41/><D126/><U36/><E62/><V3/><F3/><W39/><G45/><AGARI ba="1,1" hai="10,13,18,38,43,45,72,74,89,94,97,132,133,134" machi="45" ten="40,8000,1" yaku="1,1,6,1,20,1,52,1,53,0" doraHai="7" doraHaiUra="123" who="2" fromWho="3" sc="96,0,247,0,257,93,390,-83" />
</Scene>
<Scene>
<INIT seed="6,0,0,5,0,25" ten="96,247,350,307" oya="2" hai0="121,47,107,3,71,34,35,61,5,60,95,82,14" hai1="68,13,6,16,62,41,72,92,22,101,123,7,73" hai2="122,105,108,132,98,20,81,124,115,100,76,96,88" hai3="27,11,85,129,65,78,48,110,75,40,32,94,113"/><V21/><F122/><W86/><G75/><T50/><D107/><U69/><E123/><V58/><F115/><W4/><G110/><T83/><D121/><U125/><E125/><V131/><F124/><W51/><G129/><T1/><D14/><U19/><E41/><V53/><F131/><W118/><G118/><T79/><D95/><U66/><E69/><V2/><F2/><W106/><G106/><T77/><D71/><U39/><E39/><V26/><F108/><W90/><G65/><T128/><D128/><U117/><E117/><V111/><F111/><W10/><G10/><T29/><D50/><U52/><E72/><V64/><F64/><W43/><G43/><T33/><D47/><U134/><E73/><V42/><F42/><W127/><G113/><T57/><D57/><N who="1" m="35111" /><E68/><V97/><F132/><W74/><G74/><T112/><D35/><U38/><E66/><V116/><F116/><W45/><G127/><T54/><D54/><U135/><E38/><V15/><F15/><W70/><G70/><T80/><D80/><U44/><E44/><V36/><F36/><W31/><G51/><T0/><D0/><U119/><E119/><V49/><F21/><W46/><G46/><T17/><D112/><U56/><E56/><V126/><F126/><W87/><REACH who="3" step="1"/><G78/><REACH who="3" ten="96,247,350,297" step="2"/><T23/><D79/><U24/><E135/><V89/><F105/><W93/><G93/><T30/><D77/><U133/><E134/><V91/><F76/><W63/><G63/><T114/><D114/><U67/><E133/><V84/><F100/><W104/><G104/><T109/><D109/><RYUUKYOKU ba="0,1" sc="96,-15,247,-15,350,15,297,15" hai2="20,26,49,53,58,81,84,88,89,91,96,97,98" hai3="4,11,27,31,32,40,45,48,85,86,87,90,94" />
</Scene>
<Scene>
<INIT seed="6,1,1,1,2,53" ten="81,232,365,312" oya="2" hai0="130,102,116,3,47,108,88,97,111,4,110,131,55" hai1="127,122,133,10,124,72,96,77,42,36,118,94,30" hai2="7,64,54,24,16,82,6,20,50,105,1,34,26" hai3="46,35,89,113,114,56,12,90,121,135,43,22,40"/><V21/><F105/><W74/><G35/><T93/><D3/><U63/><E118/><V58/><F34/><W87/><G74/><T15/><D116/><U73/><E30/><N who="2" m="17671" /><F1/><W8/><G121/><T112/><D4/><N who="2" m="1578" /><F82/><W5/><G135/><T125/><D15/><U28/><E28/><V83/><F83/><W18/><G56/><T57/><D47/><N who="1" m="24007" /><E77/><V37/><F37/><W66/><G66/><AGARI ba="1,1" hai="16,21,26,50,54,58,64,66" m="1578,17671" machi="66" ten="30,5800,0" yaku="8,1,52,1,54,1" doraHai="53" who="2" fromWho="3" sc="81,0,232,0,365,71,312,-61" />
</Scene>
<Scene>
<INIT seed="6,2,0,1,5,76" ten="81,232,436,251" oya="2" hai0="54,114,80,88,63,89,39,9,87,93,29,13,47" hai1="14,95,116,20,48,73,118,91,100,50,97,117,0" hai2="10,15,46,56,61,19,129,78,85,106,45,62,120" hai3="34,104,51,33,108,32,25,42,75,67,101,2,86"/><V66/><F120/><W131/><G75/><T94/><D114/><U96/><E0/><V92/><F106/><W99/><G108/><T12/><D39/><U110/><E73/><V58/><F129/><W128/><G2/><T59/><D29/><U84/><E110/><V105/><F105/><W70/><G42/><T53/><D13/><U60/><E96/><V79/><F79/><W113/><G51/><N who="0" m="28927" /><D89/><U74/><E74/><V132/><F132/><W121/><G86/><T41/><D41/><U6/><E60/><V26/><F26/><W23/><G23/><T102/><D102/><U83/><E20/><V27/><F27/><W111/><G111/><T24/><D24/><U37/><E37/><V8/><F8/><W71/><G121/><T11/><D11/><U38/><E38/><V103/><F103/><W40/><G40/><T1/><D1/><U90/><E14/><V69/><F69/><N who="3" m="26123" /><G67/><T122/><D122/><U30/><E30/><V49/><F49/><W35/><G113/><T82/><D94/><U127/><E100/><V31/><F92/><W16/><G35/><T28/><D28/><U112/><E112/><V124/><F31/><N who="3" m="19567" /><G16/><AGARI ba="2,0" hai="9,12,16,54,59,63,80,82,87,88,93" m="28927" machi="16" ten="30,8000,1" yaku="8,1,52,2,54,2" doraHai="76" who="0" fromWho="3" sc="81,86,232,0,436,0,251,-86" />
</Scene>
<Scene>
<INIT seed="7,0,0,3,5,56" ten="167,232,436,165" oya="3" hai0="21,5,12,75,24,67,36,126,22,79,11,96,44" hai1="61,59,101,73,133,128,66,41,109,42,28,45,30" hai2="23,120,1,74,129,0,100,58,93,51,54,9,62" hai3="85,107,112,72,40,108,88,117,127,37,3,65,26"/><W63/><G117/><T94/><D126/><U13/><E109/><V122/><F74/><W29/><G108/><T17/><D75/><U123/><E123/><N who="2" m="47147" /><F129/><W77/><G127/><T33/><D79/><U82/><E128/><V32/><F32/><W104/><G112/><T52/><D67/><U113/><E101/><V103/><F23/><W118/><G118/><T10/><D33/><U69/><E59/><N who="2" m="33247" /><F93/><W89/><G3/><N who="2" m="1097" /><F9/><W57/><G77/><T38/><D21/><U49/><E49/><V71/><F71/><W106/><G72/><T70/><D11/><U132/><E66/><AGARI ba="0,0" hai="58,62,66,100,103" m="1097,33247,47147" machi="66" ten="30,2000,0" yaku="13,1,52,1" doraHai="56" who="2" fromWho="1" sc="167,0,232,-20,436,20,165,0" owari="167,-23.0,212,1.0,456,55.0,165,-33.0" />
</Scene>
</mjloggm>