<mjloggm ver="2.3"><GO type="169" lobby="0"/><UN n0="%E5%A4%AA%E3%81%8F%E3%81%AA%E3%81%84%E3%81%8A" n1="%E6%96%B0%E5%AE%BF%E6%96%B9%E9%9D%A2" n2="%74%75%75%6B%61%69%33" n3="%E7%89%8C%E3%81%AE%E9%9F%B3%E8%89%B2" dan="17,17,16,16" rate="2179.41,2173.55,2171.99,2043.55" sx="M,M,M,M"/><TAIKYOKU oya="0"/>

<Scene>
<INIT seed="0,0,0,3,1,13" ten="250,250,250,250" oya="0" hai0="130,93,6,11,78,87,3,102,50,2,63,131,10" hai1="68,53,110,108,123,69,25,38,111,64,52,22,49" hai2="100,46,121,132,89,32,31,34,104,45,28,9,42" hai3="80,79,77,70,48,66,37,83,75,86,41,39,58"/><T105/><D105/><U122/><E38/><V88/><F121/><N who="1" m="46089" /><E64/><V128/><F104/><W126/><G126/><T20/><D63/><U116/><E116/><V135/><F100/><W19/><G70/><N who="1" m="27242" /><E49/><V14/><F14/><W8/><G66/><T47/><D20/><U30/><AGARI ba="0,0" hai="22,25,30,52,53,108,110,111" m="27242,46089" machi="30" ten="40,2700,0" yaku="14,1,54,1" doraHai="13" who="1" fromWho="1" sc="250,-13,250,27,250,-7,250,-7" />
</Scene>
<Scene>
<INIT seed="1,0,0,2,3,10" ten="237,277,243,243" oya="1" hai0="63,44,38,87,99,119,42,113,16,102,58,4,130" hai1="62,41,83,34,79,28,20,94,124,1,81,111,25" hai2="68,96,15,12,14,31,106,92,46,116,13,48,65" hai3="60,24,80,118,88,19,22,8,9,131,70,3,86"/><U64/><E1/><V49/><F106/><W32/><G131/><T29/><D113/><U84/><E124/><V85/><F116/><W117/><G32/><T5/><D119/><N who="3" m="45577" /><G3/><T105/><D29/><U0/><E0/><V125/><F31/><W43/><G43/><T103/><D130/><U89/><E111/><V95/><F125/><W110/><G110/><T37/><D37/><U133/><E133/><V23/><F68/><W104/><G104/><T66/><D103/><U51/><E34/><V53/><F65/><AGARI ba="0,0" hai="8,9,19,22,24,60,65,70,80,86,88" m="45577" machi="65" ten="30,2000,0" yaku="12,1,54,1" doraHai="10" who="3" fromWho="2" sc="237,0,277,0,243,-20,243,20" />
</Scene>
<Scene>
<INIT seed="2,0,0,3,5,106" ten="237,277,223,263" oya="2" hai0="119,115,127,59,73,42,93,113,92,66,83,28,102" hai1="123,62,120,4,134,135,68,78,34,35,52,25,49" hai2="2,48,82,31,46,99,33,85,105,133,70,116,130" hai3="9,122,53,54,51,15,101,124,45,13,32,71,131"/><V84/><F116/><W43/><G122/><N who="1" m="46634" /><E4/><V111/><F2/><W77/><G131/><T40/><D28/><U57/><E25/><V26/><F70/><W104/><G124/><T16/><D66/><N who="1" m="41047" /><E78/><V58/><F133/><AGARI ba="0,0" hai="34,35,49,52,57,133,134,135" m="41047,46634" machi="133" ten="30,3900,0" yaku="20,1,13,1,54,1" doraHai="106" who="1" fromWho="2" sc="237,0,277,39,223,-39,263,0" />
</Scene>
<Scene>
<INIT seed="3,0,0,4,3,60" ten="237,316,184,263" oya="3" hai0="42,87,57,99,9,116,45,122,41,11,124,94,77" hai1="31,78,91,43,61,54,93,84,97,37,86,123,96" hai2="22,3,73,7,104,88,90,63,114,59,117,50,71" hai3="6,107,76,14,113,85,70,5,66,48,68,10,95"/><W0/><G107/><T13/><D122/><U100/><E123/><V49/><F104/><W121/><G121/><T20/><D116/><U12/><E31/><V81/><F117/><W79/><G113/><T83/><D124/><U98/><E37/><V25/><F114/><W72/><G72/><T44/><D20/><U33/><E33/><V118/><F118/><W74/><G74/><T135/><D135/><U101/><E43/><N who="0" m="16393" /><D57/><N who="1" m="34999" /><E12/><V56/><F71/><W128/><G70/><T27/><D27/><U58/><E58/><N who="2" m="22059" /><F73/><W1/><G48/><N who="2" m="18537" /><F3/><W2/><G5/><N who="0" m="3247" /><D11/><U115/><E115/><V129/><F129/><W19/><G128/><T80/><D80/><AGARI ba="0,0" hai="78,80,84,86,91,93,96,97,98,100,101" m="34999" machi="80" ten="30,1000,0" yaku="8,1" doraHai="60" who="1" fromWho="0" sc="237,-10,316,10,184,0,263,0" />
</Scene>
<Scene>
<INIT seed="4,0,0,0,5,59" ten="227,326,184,263" oya="0" hai0="35,23,107,73,10,90,115,42,106,4,46,94,85" hai1="56,38,15,97,110,68,134,108,7,67,26,118,12" hai2="88,87,50,44,100,21,52,14,63,24,123,55,111" hai3="17,9,64,75,45,84,128,104,102,72,74,13,124"/><T41/><D35/><U70/><E118/><V62/><F111/><W66/><G128/><T57/><D73/><U0/><E0/><V33/><F123/><W121/><G124/><T99/><D115/><U78/><E38/><V125/><F125/><W79/><G45/><T36/><D41/><U29/><E78/><V51/><F33/><W8/><G121/><T117/><D117/><U114/><E114/><V122/><F100/><W133/><G133/><T89/><D23/><U127/><E134/><V19/><F24/><W47/><G47/><T6/><D57/><U116/><E116/><V1/><F1/><W2/><G84/><T49/><D36/><U130/><E127/><V129/><F129/><W96/><G79/><T132/><D132/><U91/><E130/><V101/><F101/><W40/><G40/><T60/><D60/><N who="2" m="23082" /><F122/><W81/><G81/><T98/><D6/><U28/><E68/><V135/><F135/><W16/><G2/><T61/><D61/><U18/><E26/><V109/><F109/><W5/><G5/><T86/><D107/><U20/><E70/><V58/><F58/><W113/><G113/><T131/><D106/><U27/><E27/><V25/><F25/><W22/><G22/><T53/><D131/><U83/><E110/><V65/><F65/><W105/><G105/><T32/><D32/><U119/><E67/><V34/><F34/><W77/><G66/><T93/><REACH who="0" step="1"/><D42/><REACH who="0" ten="217,326,184,263" step="2"/><U31/><E119/><V103/><F103/><W30/><G102/><T48/><D48/><N who="2" m="18474" /><F44/><W11/><G104/><T43/><D43/><U112/><E56/><RYUUKYOKU ba="0,1" sc="217,15,326,-15,184,15,263,-15" hai0="4,10,46,49,53,85,86,89,90,93,94,98,99" hai2="14,19,21,52,55,87,88" />
</Scene>
<Scene>
<INIT seed="4,1,1,4,2,3" ten="232,311,199,248" oya="0" hai0="132,109,95,23,20,102,98,55,32,89,47,105,126" hai1="51,68,59,74,84,31,125,101,1,9,48,123,26" hai2="21,19,110,61,73,69,133,52,130,40,100,0,97" hai3="124,50,65,44,79,94,134,16,36,33,11,120,10"/><T96/><D32/><U112/><E123/><V28/><F110/><W22/><G120/><T91/><D109/><U25/><E68/><V14/><F73/><W27/><G124/><T35/><D35/><U42/><E74/><V46/><F0/><W78/><G134/><T41/><D132/><U4/><E125/><V53/><F28/><W8/><G36/><T117/><D117/><U107/><E107/><V114/><F133/><W121/><G33/><T45/><D126/><U82/><E101/><V70/><F114/><W38/><G38/><T115/><D115/><U129/><E112/><V62/><F130/><W106/><G106/><T86/><D55/><U18/><E31/><V6/><F62/><W5/><G65/><T108/><D108/><U75/><E75/><V128/><F128/><W17/><G94/><T119/><D119/><U37/><E37/><V93/><F6/><W15/><G121/><T87/><D98/><U12/><E129/><V118/><F118/><W56/><G56/><T92/><REACH who="0" step="1"/><D47/><REACH who="0" ten="222,311,199,248" step="2"/><U103/><E42/><V43/><F40/><N who="3" m="24839" /><G17/><T99/><D99/><U72/><E18/><V131/><F131/><W66/><G66/><T30/><D30/><U58/><E4/><V39/><BYE who="0" /><REACH who="2" step="1"/><F70/><REACH who="2" ten="222,311,189,248" step="2"/><UN n0="%E5%A4%AA%E3%81%8F%E3%81%AA%E3%81%84%E3%81%8A" /><W54/><G54/><T24/><D24/><U67/><E26/><V111/><F111/><W57/><G27/><T90/><D90/><U80/><E25/><V60/><F60/><W34/><G34/><T127/><D127/><U13/><E67/><AGARI ba="1,3" hai="14,19,21,39,43,46,52,53,61,67,69,93,97,100" machi="67" ten="40,8000,1" yaku="1,1,54,1,53,2" doraHai="3" doraHaiUra="49" who="2" fromWho="1" sc="222,0,311,-83,189,113,248,0" />
</Scene>
<Scene>
<INIT seed="5,0,0,0,4,118" ten="222,228,302,248" oya="1" hai0="125,129,98,31,96,49,47,109,120,50,61,85,76" hai1="2,110,119,127,134,56,52,67,108,79,135,55,103" hai2="83,94,63,53,99,15,32,25,64,46,68,4,17" hai3="126,22,58,116,72,107,37,6,1,84,91,123,45"/><U27/><E2/><V28/><F83/><W18/><G107/><T16/><D109/><N who="1" m="42091" /><E79/><V113/><F4/><W38/><G116/><T93/><D31/><U73/><E119/><V39/><F113/><W13/><G72/><T114/><D114/><U0/><E0/><V48/><F39/><W112/><G112/><T14/><D125/><U59/><E73/><V54/><F53/><N who="1" m="20553" /><E127/><V62/><F63/><W130/><G126/><T106/><D76/><U128/><E128/><V5/><F5/><W115/><G130/><T90/><D129/><U102/><E27/><V89/><F15/><W77/><G77/><T7/><D14/><U11/><E11/><V131/><F131/><W51/><G115/><T43/><D7/><U8/><E8/><V105/><F105/><W19/><G6/><T121/><D16/><U20/><E20/><V87/><REACH who="2" step="1"/><F17/><REACH who="2" ten="222,228,292,248" step="2"/><W66/><G19/><T100/><D61/><N who="1" m="38311" /><E59/><V111/><F111/><W80/><G58/><T23/><D106/><U69/><E69/><V24/><F24/><W41/><G1/><T122/><D122/><U34/><E34/><V33/><F33/><W75/><G123/><T70/><D70/><U71/><E71/><V92/><F92/><W26/><G13/><T81/><D121/><U44/><E44/><V12/><F12/><W78/><G66/><T42/><D120/><U101/><AGARI ba="0,1" hai="101,102,103,134,135" m="38311,20553,42091" machi="101" ten="40,3900,0" yaku="10,1,54,1" doraHai="118" who="1" fromWho="1" sc="222,-13,228,49,292,-13,248,-13" />
</Scene>
<Scene>
<INIT seed="5,1,0,5,0,3" ten="209,277,279,235" oya="1" hai0="58,25,27,50,104,101,59,113,95,112,15,11,85" hai1="129,81,122,80,54,135,24,87,79,120,106,127,23" hai2="114,102,43,108,109,66,51,19,123,96,20,75,8" hai3="22,57,124,62,97,1,110,0,28,84,4,67,44"/><U90/><E106/><V89/><F123/><W82/><G110/><T36/><D36/><U26/><E135/><V107/><F75/><W31/><G124/><T33/><D104/><U17/><E127/><V131/><F66/><W48/><G97/><N who="0" m="59583" /><D33/><U56/><E129/><V5/><F89/><W111/><G111/><T118/><D118/><U83/><E26/><N who="0" m="9737" /><D50/><U38/><E38/><V117/><F117/><W100/><G22/><T115/><D85/><U125/><E125/><V72/><F72/><W126/><G100/><T37/><D37/><U92/><E122/><V52/><F43/><W46/><G1/><T39/><D39/><U132/><E132/><V86/><F131/><W93/><G46/><T34/><D34/><U88/><E120/><V116/><F86/><W2/><G2/><T40/><D40/><U77/><REACH who="1" step="1"/><E90/><REACH who="1" ten="209,267,279,235" step="2"/><V12/><F116/><W130/><G126/><T14/><D14/><U49/><AGARI ba="1,1" hai="17,23,24,49,54,56,77,79,80,81,83,87,88,92" machi="49" ten="30,12000,1" yaku="1,1,2,1,0,1,8,1,54,1,53,0" doraHai="3" doraHaiUra="10" who="1" fromWho="1" sc="209,-41,267,133,279,-41,235,-41" />
</Scene>
<Scene>
<INIT seed="5,2,0,4,5,15" ten="168,400,238,194" oya="1" hai0="135,25,50,130,65,67,114,5,32,128,20,59,40" hai1="63,4,126,129,21,106,101,23,66,71,58,108,14" hai2="42,100,74,93,31,18,9,127,51,19,16,110,84" hai3="120,113,22,38,45,116,49,0,62,86,124,89,53"/><U57/><E106/><V118/><F74/><W61/><G120/><T82/><D32/><U70/><E101/><V27/><F110/><W75/><G75/><T48/><D114/><U117/><E117/><V104/><F118/><W47/><G0/><T72/><D5/><U134/><E108/><V76/><F104/><W125/><G116/><T3/><D3/><U92/><E134/><V105/><F105/><W119/><G119/><T43/><D135/><U12/><E92/><V68/><F68/><W99/><G99/><T96/><D96/><U112/><E112/><V41/><F41/><N who="0" m="15946" /><D72/><U85/><E85/><V78/><F127/><N who="3" m="48715" /><G113/><T109/><D82/><U88/><E71/><V24/><F9/><W10/><G10/><T79/><D79/><N who="2" m="30250" /><F31/><W87/><G22/><T11/><D11/><U36/><E23/><V13/><F13/><W33/><G87/><T81/><D109/><U94/><E21/><V131/><F131/><W44/><G33/><T115/><D115/><U111/><E129/><N who="0" m="49769" /><D81/><U80/><E80/><V107/><F107/><W54/><G89/><T6/><D6/><U8/><E4/><V123/><F123/><W132/><G86/><T91/><D91/><U7/><E8/><V37/><F37/><W2/><G2/><T34/><D34/><U73/><E36/><V97/><F84/><W64/><G132/><T122/><D122/><U83/><E126/><V17/><N who="2" m="4096" /><DORA hai="39" /><V98/><F97/><W28/><G28/><T1/><D1/><U90/><E73/><V133/><F133/><W60/><G38/><T52/><D20/><U26/><E111/><RYUUKYOKU ba="2,0" sc="168,-10,400,-10,238,30,194,-10" hai2="24,27,42,51,93,98,100" />
</Scene>
<Scene>
<INIT seed="6,3,0,3,0,78" ten="158,390,268,184" oya="2" hai0="42,58,37,131,133,10,38,89,54,102,27,20,118" hai1="96,13,7,129,125,3,94,18,51,21,69,90,64" hai2="47,135,127,55,50,29,112,91,75,86,83,39,79" hai3="1,104,108,72,128,59,26,115,63,24,35,84,23"/><V132/><F39/><W62/><G108/><T124/><D102/><U43/><E129/><V25/><F112/><W68/><G104/><T103/><D103/><U12/><E125/><V61/><F61/><W99/><G72/><T48/><D124/><U16/><E69/><V53/><F53/><W11/><G99/><T15/><D131/><U19/><E3/><V106/><F106/><W32/><G115/><T81/><D133/><U71/><E71/><V85/><F127/><W109/><G109/><T114/><D114/><U121/><E64/><V98/><F98/><W97/><G97/><T101/><D101/><U41/><E121/><V122/><F122/><W119/><G119/><T95/><D81/><U116/><E116/><V31/><F86/><W52/><G128/><T100/><D42/><N who="1" m="15883" /><E51/><V105/><F105/><W4/><G84/><T0/><D0/><U92/><E92/><V36/><F36/><W107/><G107/><T65/><D65/><U40/><E40/><V110/><F110/><W57/><G68/><T82/><D100/><U76/><E76/><V30/><REACH who="2" step="1"/><F25/><REACH who="2" ten="158,390,258,184" step="2"/><W49/><G26/><T14/><D118/><U6/><E96/><V87/><F87/><W33/><G62/><T113/><D113/><U56/><E56/><V5/><F5/><W8/><G57/><T28/><D38/><U130/><E130/><V9/><F9/><N who="3" m="2191" /><G63/><T77/><D37/><U22/><E7/><V120/><F120/><W2/><G2/><T46/><D58/><U123/><E123/><V126/><F126/><W74/><G74/><N who="0" m="43319" /><D10/><U17/><E6/><V134/><F134/><RYUUKYOKU ba="3,1" sc="158,0,390,0,258,0,184,0" hai0="14,15,20,27,28,46,48,54,89,95" hai1="12,13,16,17,18,19,21,22,90,94" hai2="29,30,31,47,50,55,75,79,83,85,91,132,135" hai3="8,11,23,24,32,33,35,49,52,59" />
</Scene>
<Scene>
<INIT seed="6,4,1,4,0,48" ten="158,390,258,184" oya="2" hai0="40,21,28,108,91,9,29,88,95,80,130,2,121" hai1="55,43,97,33,37,71,76,13,65,57,23,85,126" hai2="36,86,112,119,134,59,81,120,89,66,35,31,32" hai3="17,111,20,75,45,116,99,125,11,129,3,83,103"/><V82/><F120/><W19/><G116/><T98/><D121/><U106/><E33/><V6/><F119/><W113/><G111/><T39/><D108/><U77/><E126/><V114/><F36/><W7/><G125/><T100/><D130/><U52/><E106/><V15/><F31/><W0/><G129/><T118/><D118/><U16/><E97/><V44/><F44/><W4/><G45/><T14/><D2/><U22/><E37/><V109/><F81/><W8/><G113/><N who="2" m="43625" /><F109/><W25/><G83/><T131/><D131/><U96/><E96/><V53/><F66/><W104/><REACH who="3" step="1"/><G75/><REACH who="3" ten="158,390,258,174" step="2"/><T79/><D39/><U115/><E115/><V127/><F127/><W93/><G93/><T42/><D42/><U72/><E72/><V123/><F123/><W90/><G90/><N who="0" m="34347" /><D40/><U87/><E43/><V5/><F134/><W34/><G34/><N who="2" m="12841" /><F15/><W84/><G84/><N who="0" m="48159" /><D21/><U63/><E85/><V132/><F132/><W58/><G58/><T47/><D47/><U61/><E87/><V68/><F68/><W92/><G92/><T70/><D70/><U10/><E71/><V56/><F56/><W102/><G102/><T24/><D24/><U135/><E135/><V78/><F78/><W26/><G26/><T64/><D64/><U124/><E124/><V128/><F128/><W46/><G46/><T41/><D41/><U38/><E38/><V117/><F117/><W101/><G101/><T50/><D100/><U51/><E76/><V73/><F73/><W12/><G12/><T62/><D14/><U30/><E77/><V54/><F59/><W67/><G67/><RYUUKYOKU ba="4,2" sc="158,-15,390,-15,258,15,174,15" hai2="5,6,53,54,82,86,89" hai3="0,3,4,7,8,11,17,19,20,25,99,103,104" />
</Scene>
<Scene>
<INIT seed="6,5,2,3,3,94" ten="143,375,273,189" oya="2" hai0="119,60,73,100,4,120,135,45,1,91,71,42,35" hai1="78,22,55,12,2,129,105,121,40,89,7,130,113" hai2="77,16,110,87,111,6,48,63,80,56,32,68,118" hai3="8,101,134,59,9,102,38,46,44,114,107,126,50"/><V99/><F118/><W23/><G38/><N who="0" m="21719" /><D91/><U69/><E121/><V67/><F32/><W115/><G107/><T62/><D62/><U29/><E69/><V57/><F6/><W13/><G134/><T21/><D21/><U51/><E105/><V104/><F48/><W82/><G126/><T18/><D18/><U79/><E40/><V74/><F74/><W33/><G33/><T52/><D100/><N who="3" m="38505" /><G59/><T72/><D52/><U47/><E12/><V20/><F104/><W106/><G106/><T131/><D120/><U96/><E22/><V81/><F80/><W116/><G116/><T64/><D119/><U95/><E29/><V85/><F87/><W26/><G50/><T10/><D135/><U125/><E125/><V84/><F99/><W75/><G9/><T34/><D131/><N who="1" m="50187" /><E113/><N who="3" m="43018" /><G82/><T66/><D66/><U97/><E97/><V65/><F85/><W98/><G98/><T123/><D123/><U37/><E37/><V92/><F92/><W61/><G61/><T14/><D35/><U112/><E112/><V36/><F36/><W25/><G75/><N who="0" m="28747" /><D34/><U17/><E17/><V30/><F30/><N who="3" m="17759" /><G25/><T28/><D28/><U70/><E70/><V83/><F81/><W127/><G127/><T43/><D14/><U53/><E96/><V15/><REACH who="2" step="1"/><F67/><REACH who="2" ten="143,375,263,189" step="2"/><W27/><G27/><T3/><D3/><U41/><E2/><V93/><F93/><W132/><G132/><T90/><D90/><U88/><E95/><V117/><F117/><W39/><G39/><T0/><D0/><U103/><E103/><V76/><F76/><N who="1" m="29225" /><E7/><AGARI ba="5,3" hai="7,8,13,44,46" m="17759,43018,38505" machi="7" ten="30,2000,0" yaku="15,1,11,1" doraHai="94" who="3" fromWho="1" sc="143,0,375,-35,263,0,189,65" />
</Scene>
<Scene>
<INIT seed="7,0,0,0,5,29" ten="143,340,263,254" oya="3" hai0="131,50,36,27,121,110,43,87,128,94,101,4,122" hai1="88,129,8,125,59,126,64,135,69,39,85,35,108" hai2="17,72,124,75,78,91,54,0,44,100,9,68,83" hai3="26,48,120,60,117,38,82,84,15,5,42,11,73"/><W52/><G120/><T2/><D50/><U107/><E107/><V114/><F68/><W95/><G117/><T111/><D43/><U51/><E108/><V116/><F116/><W130/><G130/><N who="0" m="49707" /><D36/><U56/><E135/><V134/><F100/><W63/><G38/><T105/><D105/><U81/><E39/><V61/><F91/><N who="3" m="51607" /><G42/><T112/><D87/><U46/><E35/><V41/><F124/><N who="1" m="47721" /><E129/><V55/><F61/><W58/><G73/><T86/><D86/><U10/><E69/><V90/><F72/><W99/><G26/><T32/><D101/><AGARI ba="0,0" hai="5,11,15,48,52,58,60,63,95,99,101" m="51607" machi="101" ten="30,2900,0" yaku="8,1,54,1" doraHai="29" who="3" fromWho="0" sc="143,-29,340,0,263,0,254,29" />
</Scene>
<Scene>
<INIT seed="7,1,0,4,5,94" ten="114,340,263,283" oya="3" hai0="121,72,110,15,91,65,127,75,107,74,87,76,48" hai1="18,2,92,7,29,64,0,122,52,60,20,40,108" hai2="129,80,1,111,38,46,54,3,102,89,104,62,105" hai3="96,36,39,90,128,83,16,132,5,114,113,115,21"/><W106/><G5/><T86/><D65/><U68/><E122/><V70/><F111/><W112/><G132/><T134/><D48/><U51/><E108/><V125/><F129/><W119/><G119/><T24/><D24/><U93/><E29/><V88/><F125/><W82/><G128/><T109/><D15/><U35/><E35/><V23/><F23/><W130/><G130/><T31/><D31/><U99/><E40/><V117/><F117/><W10/><G10/><T133/><D121/><U77/><E77/><V120/><F120/><W67/><G67/><T13/><D13/><U11/><E99/><V69/><F46/><W33/><G33/><T100/><D127/><U85/><E85/><V57/><F38/><N who="3" m="14379" /><G112/><T79/><D74/><U41/><E41/><V44/><F44/><W27/><G90/><T19/><D91/><U126/><E2/><V131/><F131/><W56/><G56/><T116/><D19/><U124/><E124/><V78/><F3/><W45/><G45/><T73/><D73/><U123/><E123/><V22/><F1/><W43/><G43/><T63/><D63/><U95/><E126/><V97/><F22/><W135/><G135/><T34/><D34/><U98/><E20/><V61/><F105/><W53/><G53/><T55/><D55/><U81/><E0/><V30/><F30/><W12/><G12/><T37/><D37/><U25/><E64/><N who="2" m="41239" /><F69/><W32/><G32/><T4/><D4/><U84/><E68/><V42/><F42/><W66/><G66/><T6/><D6/><U8/><E52/><V9/><F9/><RYUUKYOKU ba="1,0" sc="114,-15,340,-15,263,15,283,15" hai2="54,57,61,78,80,88,89,97,102,104" hai3="16,21,27,82,83,96,106,113,114,115" />
</Scene>
<Scene>
<INIT seed="7,2,0,4,4,135" ten="99,325,278,298" oya="3" hai0="20,12,39,103,25,58,99,26,50,36,128,81,120" hai1="52,48,54,92,115,72,24,7,51,132,10,122,22" hai2="87,84,67,56,107,111,44,42,18,28,121,74,90" hai3="75,41,98,112,34,129,77,104,0,71,88,57,64"/><W2/><G57/><T53/><D120/><U11/><E122/><V116/><F116/><W29/><G129/><T93/><D128/><U6/><E72/><V79/><F121/><W113/><G41/><T68/><D68/><U35/><E35/><V47/><F111/><W97/><G77/><T73/><D39/><U125/><E132/><V60/><F107/><W61/><G75/><T46/><D36/><U101/><E115/><N who="3" m="44106" /><G104/><T13/><D73/><U40/><E40/><V127/><F28/><W59/><G59/><T55/><D81/><U133/><E133/><V118/><F118/><W38/><G38/><T30/><D26/><U5/><E125/><V3/><F3/><N who="3" m="1067" /><G88/><T27/><D27/><AGARI ba="2,0" hai="27,29,34,61,64,71,97,98" m="1067,44106" machi="27" ten="30,1500,0" yaku="15,1" doraHai="135" who="3" fromWho="0" sc="99,-21,325,0,278,0,298,21" />
</Scene>
<Scene>
<INIT seed="7,3,0,1,0,35" ten="78,325,278,319" oya="3" hai0="44,132,23,9,85,25,61,105,84,13,52,121,75" hai1="64,80,42,114,36,98,78,128,30,129,108,81,18" hai2="55,11,49,7,45,106,41,118,107,51,19,120,115" hai3="130,73,59,2,10,127,39,56,92,89,124,96,112"/><W21/><G73/><T50/><D121/><U123/><E123/><V53/><F118/><W22/><G112/><T17/><D75/><U47/><E114/><V103/><F120/><W83/><G83/><T99/><D132/><U24/><E108/><V113/><F19/><W12/><G39/><T109/><D109/><U95/><E64/><V116/><F116/><W54/><G130/><N who="1" m="50282" /><E78/><V66/><F66/><W0/><G22/><T57/><D105/><U93/><E18/><V63/><F63/><N who="3" m="36247" /><G21/><T29/><REACH who="0" step="1"/><D99/><REACH who="0" ten="68,325,278,319" step="2"/><U87/><E98/><N who="2" m="61815" /><F107/><W117/><G117/><T77/><D77/><N who="1" m="46479" /><E81/><V100/><F100/><W27/><G127/><T68/><D68/><U76/><E76/><V1/><F51/><W131/><G124/><T43/><AGARI ba="3,1" hai="9,13,17,23,25,29,43,44,50,52,57,61,84,85" machi="43" ten="20,12000,2" yaku="1,1,0,1,7,1,8,1,54,1,53,1" doraHai="35" doraHaiUra="6" who="0" fromWho="0" sc="68,139,325,-33,278,-33,319,-63" />
</Scene>
<Scene>
<INIT seed="8,0,0,2,0,82" ten="207,292,245,256" oya="0" hai0="24,75,126,20,14,19,4,120,130,66,79,133,63" hai1="52,132,122,12,60,106,70,97,108,0,116,86,110" hai2="123,102,17,107,131,31,68,27,45,26,67,109,9" hai3="88,95,6,28,76,54,113,115,7,37,128,105,94"/><T117/><D120/><U100/><E122/><V40/><F123/><W104/><G37/><T3/><D117/><U13/><E116/><V38/><F109/><W15/><G76/><T53/><D126/><U11/><E0/><V39/><F131/><W80/><G128/><T103/><D130/><U8/><E132/><V101/><F38/><W78/><G28/><T93/><D133/><U124/><E124/><V18/><F27/><W90/><G54/><T92/><D3/><U99/><E99/><N who="2" m="61887" /><F102/><W112/><G15/><T118/><D118/><U43/><E43/><V32/><F9/><W65/><G65/><T1/><D1/><U89/><E11/><V98/><F98/><N who="3" m="57671" /><G7/><T5/><D53/><U85/><E13/><V62/><AGARI ba="0,0" hai="17,18,26,31,32,39,40,45,62,67,68" m="61887" machi="62" ten="30,1100,0" yaku="25,1" doraHai="82" who="2" fromWho="2" sc="207,-5,292,-3,245,11,256,-3" />
</Scene>
<Scene>
<INIT seed="9,0,0,4,2,111" ten="202,289,256,253" oya="1" hai0="11,115,4,1,82,47,3,87,109,74,18,13,96" hai1="106,28,36,50,81,76,105,34,114,129,37,2,95" hai2="90,24,75,57,131,14,54,63,116,12,0,33,55" hai3="48,79,102,85,19,69,32,125,23,56,84,10,68"/><U94/><E50/><V120/><F0/><W119/><G32/><T122/><D109/><U130/><E2/><V92/><F120/><W53/><G125/><T60/><D74/><N who="1" m="43159" /><E114/><V62/><F116/><W29/><G119/><T99/><D122/><U128/><E34/><V133/><F75/><W35/><G102/><T31/><D31/><U9/><E28/><V110/><F110/><W16/><G35/><T58/><D47/><U100/><E9/><V44/><F133/><W21/><G68/><T89/><D115/><U72/><E72/><V5/><F5/><W117/><G69/><T108/><D108/><U112/><E112/><V88/><F131/><W15/><G117/><T104/><D104/><N who="1" m="40043" /><E100/><V135/><F135/><W27/><G79/><T93/><D4/><U134/><E134/><V121/><F121/><W67/><REACH who="3" step="1"/><G67/><REACH who="3" ten="202,289,256,243" step="2"/><T25/><D25/><AGARI ba="0,1" hai="10,15,16,19,21,23,25,27,29,48,53,56,84,85" machi="25" ten="30,12000,2" yaku="1,1,2,1,7,1,8,1,54,1,53,2" doraHai="111" doraHaiUra="80" who="3" fromWho="0" sc="202,-120,289,0,256,0,243,130" owari="82,-42.0,289,9.0,256,-14.0,373,47.0" />
</Scene>
</mjloggm>