<mjloggm ver="2.3"><GO type="169" lobby="0"/><UN n0="%4E%47%EF%BC%A0%E5%B7%9D%E6%9D%91%E8%BB%8D%E5%9B%A3" n1="%E5%A4%AA%E3%81%8F%E3%81%AA%E3%81%84%E3%81%8A" n2="%E3%81%BF%E3%81%A9%E3%82%8A%E8%8C%B6" n3="%E4%B8%8A%E6%9F%BF%E3%82%81%E3%81%90%E3%81%BF" dan="16,18,16,16" rate="2074.68,2206.16,2102.05,2098.63" sx="M,M,M,F"/><TAIKYOKU oya="0"/>

<Scene>
<INIT seed="0,0,0,4,0,96" ten="250,250,250,250" oya="0" hai0="121,109,56,38,37,113,26,93,118,34,98,8,91" hai1="105,70,27,80,15,68,28,60,85,4,42,17,110" hai2="18,19,47,128,53,75,114,55,90,36,31,43,99" hai3="58,81,72,61,83,133,54,111,94,3,103,127,88"/><T69/><D113/><U48/><E105/><V132/><F114/><W112/><G111/><T63/><D118/><U120/><E110/><V131/><F75/><W0/><G133/><T67/><D109/><U119/><E120/><V33/><F132/><W107/><G127/><T29/><D121/><U41/><E119/><V89/><F33/><W122/><G112/><T117/><D117/><U49/><E4/><V65/><F65/><W87/><G122/><T64/><D64/><U46/><E60/><V21/><F31/><W11/><G11/><T51/><REACH who="0" step="1"/><D8/><REACH who="0" ten="240,250,250,250" step="2"/><U76/><E68/><V102/><F128/><W108/><G108/><T23/><D23/><N who="1" m="15487" /><E70/><V115/><F131/><W130/><G130/><T57/><D57/><U25/><E46/><V45/><F115/><W32/><G32/><T30/><D30/><U73/><E73/><V35/><F35/><W101/><G72/><T134/><D134/><U6/><E6/><V44/><F44/><W123/><G123/><T59/><D59/><U135/><E135/><V84/><F47/><W10/><G10/><T22/><D22/><N who="1" m="11583" /><E25/><V106/><F45/><W66/><G66/><T2/><D2/><U5/><E5/><V116/><F116/><W97/><G3/><T125/><D125/><U104/><E41/><V16/><F43/><W12/><G0/><T7/><D7/><U40/><E42/><V74/><F74/><W50/><G12/><T86/><D86/><U39/><E40/><V82/><F84/><W100/><REACH who="3" step="1"/><G61/><REACH who="3" ten="240,250,250,240" step="2"/><T13/><D13/><U62/><E62/><V95/><F21/><W129/><G129/><RYUUKYOKU ba="0,2" sc="240,15,250,-15,250,-15,240,15" hai0="26,29,34,37,38,51,56,63,67,69,91,93,98" hai3="50,54,58,81,83,87,88,94,97,100,101,103,107" />
</Scene>
<Scene>
<INIT seed="0,1,2,4,2,8" ten="255,235,235,255" oya="0" hai0="0,100,57,106,61,51,131,2,12,75,107,52,49" hai1="105,27,109,28,36,25,20,84,6,39,87,97,70" hai2="126,33,21,32,132,127,118,129,93,128,38,43,56" hai3="35,23,78,110,80,41,111,134,46,113,40,72,122"/><T14/><D75/><U82/><E70/><V47/><F118/><W92/><G35/><N who="2" m="13385" /><F93/><W19/><G113/><T16/><D131/><N who="2" m="50250" /><F56/><W86/><G134/><T15/><D16/><U96/><E105/><V11/><F11/><W114/><G114/><T59/><D51/><U91/><E39/><V62/><F62/><W13/><G122/><T121/><D121/><U133/><E36/><V94/><F94/><W42/><REACH who="3" step="1"/><G46/><REACH who="3" ten="255,235,235,245" step="2"/><T108/><D108/><U77/><E133/><V98/><F132/><W54/><G54/><T67/><REACH who="0" step="1"/><D100/><REACH who="0" ten="245,235,235,245" step="2"/><U88/><E109/><V44/><F126/><W9/><G9/><T37/><D37/><U4/><E4/><V124/><F127/><W31/><G31/><T45/><D45/><U104/><E6/><V3/><F124/><W99/><G99/><T24/><D24/><U1/><E27/><V7/><F98/><W71/><G71/><T53/><D53/><U66/><E97/><V112/><F112/><W130/><G130/><T68/><D68/><U89/><E96/><V69/><F69/><W29/><G29/><T5/><D5/><U95/><E28/><V90/><F7/><W79/><G79/><T115/><D115/><U60/><E77/><V74/><F44/><W18/><G18/><T101/><D101/><U22/><E25/><V85/><F47/><W65/><G65/><T34/><D34/><U64/><E66/><V76/><F76/><W116/><G116/><T50/><D50/><U135/><E64/><V63/><F38/><W73/><G73/><T120/><D120/><U30/><E135/><V119/><F74/><RYUUKYOKU ba="1,4" sc="245,15,235,-15,235,-15,245,15" hai0="0,2,12,14,15,49,52,57,59,61,67,106,107" hai3="13,19,23,40,41,42,72,78,80,86,92,110,111" />
</Scene>
<Scene>
<INIT seed="0,2,4,0,1,99" ten="260,220,220,260" oya="0" hai0="50,110,128,21,70,10,134,55,49,12,23,19,76" hai1="3,75,83,9,116,26,47,31,74,43,92,62,114" hai2="71,87,118,93,20,112,46,42,29,61,109,132,133" hai3="36,14,56,73,78,65,131,80,44,89,22,5,1"/><T120/><D70/><U69/><E116/><V8/><F118/><W53/><G65/><T51/><D120/><U79/><E92/><V101/><F112/><W97/><G131/><T2/><D128/><U58/><E114/><V4/><F109/><W91/><G97/><T84/><D110/><U125/><E125/><V57/><F71/><W18/><G56/><T90/><D76/><U77/><E69/><V34/><F34/><W37/><G53/><T60/><D134/><N who="2" m="51818" /><F29/><W39/><REACH who="3" step="1"/><G44/><REACH who="3" ten="260,220,220,250" step="2"/><T15/><D60/><U48/><E58/><V95/><F57/><W86/><G86/><T67/><D55/><U11/><E62/><V135/><F61/><W111/><G111/><T72/><D67/><U85/><E85/><V6/><F87/><W115/><G115/><T102/><D72/><U30/><E74/><V98/><F98/><W64/><G64/><T81/><D84/><U121/><E75/><V106/><F135/><W52/><G52/><T122/><D122/><U104/><E47/><V41/><F46/><W27/><G27/><T103/><D81/><U126/><E83/><V24/><F42/><W107/><G107/><T16/><D90/><U32/><E121/><V123/><F41/><W59/><G59/><T117/><D117/><U108/><E108/><V33/><F123/><W28/><G28/><T82/><D82/><U25/><E31/><V13/><F24/><W124/><G124/><T45/><D45/><U0/><E30/><V63/><F106/><W17/><G17/><T88/><D88/><U54/><E43/><V40/><F40/><W129/><G129/><RYUUKYOKU ba="2,5" sc="260,15,220,-15,220,-15,250,15" hai0="2,10,12,15,16,19,21,23,49,50,51,102,103" hai3="1,5,14,18,22,36,37,39,73,78,80,89,91" />
</Scene>
<Scene>
<INIT seed="0,3,5,2,0,119" ten="275,205,205,265" oya="0" hai0="60,106,65,92,103,87,0,81,90,44,126,5,62" hai1="73,50,127,12,45,20,76,84,130,99,32,132,131" hai2="86,101,37,89,128,55,66,34,108,77,22,40,56" hai3="24,10,111,14,15,31,74,123,105,135,114,42,115"/><T59/><D126/><U118/><E32/><V48/><F128/><N who="1" m="49193" /><E118/><V33/><F108/><W25/><G105/><T69/><D106/><U17/><E127/><V16/><F101/><W18/><G74/><T110/><D110/><U134/><E73/><V94/><F77/><W6/><G42/><T100/><D44/><U102/><E84/><V21/><F21/><N who="3" m="13367" /><G111/><T121/><D121/><U120/><E76/><V35/><F66/><W72/><G72/><T30/><D30/><U58/><E58/><V112/><F112/><N who="3" m="43051" /><G135/><T47/><D47/><U96/><E120/><V71/><F71/><W107/><G107/><T93/><D103/><U67/><E67/><V129/><F129/><W95/><G95/><T122/><D122/><U23/><E23/><V53/><F53/><W39/><G39/><T78/><D100/><U3/><E3/><V2/><F2/><N who="3" m="343" /><G123/><T85/><D93/><N who="1" m="58639" /><E99/><V109/><F109/><W125/><G125/><T133/><D133/><U68/><E68/><V98/><F37/><W19/><G19/><T117/><D117/><U49/><E49/><V28/><F40/><AGARI ba="3,5" hai="12,17,20,40,45,50,132,134" m="58639,49193" machi="40" ten="30,1000,0" yaku="19,1" doraHai="119" who="1" fromWho="2" sc="275,0,205,69,205,-19,265,0" />
</Scene>
<Scene>
<INIT seed="1,0,0,1,4,67" ten="275,274,186,265" oya="1" hai0="104,71,13,117,73,50,81,93,107,110,119,74,19" hai1="55,109,47,102,83,133,118,126,4,112,132,32,92" hai2="98,84,72,100,106,75,41,17,43,61,125,34,35" hai3="5,59,48,9,10,94,36,16,135,23,6,129,96"/><U60/><E32/><V2/><F2/><W68/><G36/><T51/><D93/><U105/><E4/><N who="3" m="1642" /><G68/><T27/><D27/><U101/><E47/><V53/><F125/><W86/><G86/><T114/><D114/><U3/><E55/><V29/><F75/><W33/><G33/><T22/><D71/><U30/><E60/><V76/><F72/><W12/><G135/><T127/><D74/><U31/><E92/><V64/><F53/><N who="3" m="32167" /><G129/><T20/><D127/><U58/><E3/><V82/><F17/><W123/><G123/><T103/><D107/><U91/><E105/><V113/><F113/><W134/><G134/><T44/><D19/><U7/><E7/><V97/><F97/><W124/><G124/><T80/><D104/><U89/><E126/><V122/><F122/><W77/><G77/><T26/><D73/><U40/><E112/><V63/><F63/><W14/><G14/><T88/><D13/><U66/><E132/><V69/><F35/><W99/><G99/><T45/><D51/><U62/><E133/><V131/><REACH who="2" step="1"/><F131/><REACH who="2" ten="275,274,176,265" step="2"/><W15/><G15/><T37/><D119/><U0/><E118/><V21/><F21/><W65/><G65/><T128/><D20/><U85/><E66/><V130/><F130/><W46/><G46/><T52/><D22/><U57/><E0/><V18/><F18/><W115/><G115/><T87/><D128/><U79/><E62/><V56/><F56/><W120/><G120/><T95/><D45/><U108/><E57/><V121/><F121/><W42/><G42/><T11/><D117/><U111/><E58/><RYUUKYOKU ba="0,1" sc="275,-15,274,-15,176,15,265,15" hai2="29,34,41,43,61,64,69,76,82,84,98,100,106" hai3="9,10,12,16,23,94,96" />
</Scene>
<Scene>
<INIT seed="2,1,1,3,4,22" ten="260,259,191,280" oya="2" hai0="45,4,71,133,82,97,103,31,44,67,130,85,64" hai1="59,57,27,3,52,88,95,20,40,1,19,24,62" hai2="116,114,56,39,58,16,46,48,26,128,42,73,102" hai3="134,75,93,47,118,109,96,21,112,132,38,61,79"/><V53/><F116/><W51/><G38/><T129/><D133/><N who="3" m="51305" /><G61/><N who="0" m="40335" /><D4/><U117/><E117/><V87/><F73/><W101/><G118/><T86/><D67/><N who="1" m="39375" /><E40/><V124/><F128/><N who="0" m="49258" /><D31/><U12/><E1/><V123/><F123/><W94/><G21/><T69/><D69/><U28/><E3/><V113/><F124/><W17/><G17/><T77/><D86/><N who="1" m="52631" /><E28/><V83/><F102/><W6/><G75/><T98/><D98/><U33/><E33/><V111/><F111/><W23/><G109/><T5/><D5/><U29/><E29/><V100/><F58/><W30/><G96/><T7/><D7/><U122/><E122/><V55/><F100/><W110/><G6/><T34/><D34/><U104/><E104/><AGARI ba="1,1" hai="44,45,77,82,85,97,103,104" m="49258,40335" machi="104" ten="30,1000,0" yaku="19,1" doraHai="22" who="0" fromWho="1" sc="260,23,259,-13,191,0,280,0" />
</Scene>
<Scene>
<INIT seed="3,0,0,3,0,31" ten="283,246,191,280" oya="3" hai0="0,5,30,8,101,10,2,102,41,123,82,99,21" hai1="13,81,131,50,78,105,92,109,114,85,3,89,61" hai2="69,24,133,132,107,110,72,9,19,45,29,112,56" hai3="97,39,43,117,100,94,18,120,66,22,80,57,74"/><W59/><G120/><T60/><D123/><U128/><E3/><V121/><F69/><W88/><G117/><T42/><D82/><U51/><E114/><V129/><F107/><W76/><G66/><T53/><D60/><U108/><E13/><V34/><F72/><W58/><G43/><T79/><D79/><U52/><E61/><V38/><F121/><W91/><REACH who="3" step="1"/><G39/><REACH who="3" ten="283,246,191,270" step="2"/><T103/><D42/><U40/><E40/><V125/><F38/><W115/><G115/><T23/><D41/><U119/><E119/><V46/><F112/><W1/><G1/><T86/><D2/><U98/><E131/><V7/><F129/><W71/><G71/><T14/><D0/><U6/><E128/><V49/><F132/><W68/><G68/><T55/><D55/><U127/><E52/><V96/><F133/><W95/><G95/><T124/><D53/><U116/><E116/><V11/><F125/><W17/><G17/><T33/><D124/><U73/><E127/><V54/><F19/><W64/><G64/><T36/><D36/><U37/><E37/><V106/><F54/><W16/><G16/><T63/><D5/><U90/><E6/><V20/><F7/><W75/><G75/><T87/><D63/><U35/><E51/><V48/><F48/><W25/><AGARI ba="0,1" hai="18,22,25,57,58,59,74,76,80,88,91,94,97,100" machi="25" ten="30,6000,0" yaku="1,1,0,1,54,1,53,0" doraHai="31" doraHaiUra="130" who="3" fromWho="3" sc="283,-20,246,-20,191,-20,270,70" />
</Scene>
<Scene>
<INIT seed="3,1,0,5,5,29" ten="263,226,171,340" oya="3" hai0="118,123,78,119,97,28,61,68,121,111,80,2,40" hai1="106,49,64,95,77,113,108,128,0,25,21,54,124" hai2="101,38,71,100,1,6,52,12,112,18,63,122,3" hai3="34,117,31,67,85,88,132,130,47,134,72,41,46"/><W69/><G72/><N who="0" m="43079" /><D111/><U66/><E106/><V96/><F112/><W15/><G117/><T44/><D97/><U105/><E105/><V10/><F122/><N who="0" m="46602" /><D28/><U62/><E108/><V51/><F38/><W60/><G15/><T48/><D48/><U125/><E128/><V59/><F101/><W103/><G103/><T37/><D2/><U5/><E113/><V39/><F39/><W50/><G47/><T58/><D58/><N who="1" m="33103" /><E77/><V75/><F75/><W74/><G74/><T33/><D33/><U102/><E5/><V79/><F79/><W13/><G13/><T94/><D94/><U35/><E35/><V16/><F1/><W26/><REACH who="3" step="1"/><G130/><REACH who="3" ten="263,226,171,330" step="2"/><T104/><D104/><U84/><E0/><V20/><F3/><W4/><G4/><T14/><D14/><U73/><E73/><V30/><F6/><W133/><G133/><T42/><D42/><U107/><E107/><V24/><F100/><W8/><G8/><T89/><D44/><U114/><E102/><V92/><F12/><W70/><G70/><T56/><D68/><U110/><E114/><V115/><F71/><W99/><G99/><T98/><D98/><U53/><E110/><V27/><F115/><W82/><AGARI ba="1,1" hai="26,31,34,41,46,50,60,67,69,82,85,88,132,134" machi="82" ten="30,18000,2" yaku="1,1,0,1,52,1,54,1,53,2" doraHai="29" doraHaiUra="129" who="3" fromWho="3" sc="263,-61,226,-61,171,-61,330,193" />
</Scene>
<Scene>
<INIT seed="3,2,0,1,1,56" ten="202,165,110,523" oya="3" hai0="29,128,16,133,69,98,121,0,117,111,135,113,96" hai1="84,68,40,72,34,42,116,131,47,88,123,127,7" hai2="51,36,14,59,77,30,52,66,130,80,48,90,38" hai3="106,15,57,9,102,126,23,17,55,105,95,112,13"/><W89/><G126/><T31/><D117/><U87/><E72/><V92/><F130/><W27/><G112/><T79/><D121/><U5/><E123/><V81/><F81/><W32/><G32/><T10/><D69/><U91/><E34/><V2/><F2/><W54/><G54/><T26/><D128/><U120/><E120/><V24/><F14/><W11/><G102/><T18/><D111/><U85/><E131/><V86/><F66/><W75/><G75/><T28/><D79/><U107/><E107/><V129/><F48/><W39/><G39/><T94/><D113/><U99/><E68/><V124/><F124/><W62/><G13/><T93/><D26/><U125/><E85/><V60/><F51/><W108/><G108/><T73/><D73/><U33/><E33/><V115/><F115/><W6/><REACH who="3" step="1"/><G11/><REACH who="3" ten="202,165,110,513" step="2"/><T45/><D10/><U74/><E74/><V3/><F129/><W44/><G44/><T4/><D45/><U67/><E47/><V8/><F8/><W132/><G132/><T134/><D0/><U43/><E127/><V97/><F3/><W64/><G64/><T100/><D4/><U103/><E125/><V37/><F37/><W25/><G25/><T53/><D53/><U82/><E67/><V12/><F12/><W109/><G109/><T63/><D100/><U78/><E103/><V101/><F101/><W20/><G20/><AGARI ba="2,1" hai="20,24,30,36,38,52,59,60,77,80,86,90,92,97" machi="20" ten="30,3900,0" yaku="7,1,52,1,54,1" doraHai="56" who="2" fromWho="3" sc="202,0,165,0,110,55,513,-45" />
</Scene>
<Scene>
<INIT seed="4,0,0,1,4,20" ten="202,165,165,468" oya="0" hai0="41,105,30,34,107,8,25,52,7,111,19,128,31" hai1="134,9,72,15,70,118,132,120,21,62,28,35,117" hai2="135,58,103,59,76,10,82,26,69,49,94,97,4" hai3="63,106,2,18,38,108,78,27,92,131,22,93,129"/><T101/><D41/><U45/><E72/><V48/><F135/><N who="1" m="51753" /><E45/><V55/><F69/><W32/><G106/><T40/><D40/><U79/><E79/><V90/><F26/><W51/><G38/><T37/><D37/><U1/><E62/><V71/><F71/><W12/><G78/><T46/><D128/><N who="3" m="49225" /><G108/><T86/><D111/><U84/><E84/><V54/><F76/><W126/><G2/><T17/><D31/><U43/><E43/><V73/><F73/><W80/><G126/><T39/><D86/><U96/><E96/><V100/><REACH who="2" step="1"/><F82/><REACH who="2" ten="202,165,155,468" step="2"/><W121/><G80/><T133/><D133/><U13/><E70/><V74/><F74/><W85/><G27/><T88/><D25/><N who="1" m="18831" /><E120/><V3/><AGARI ba="0,1" hai="3,4,10,48,49,54,55,58,59,90,94,97,100,103" machi="3" ten="20,5200,0" yaku="1,1,0,1,7,1,9,1,53,0" doraHai="20" doraHaiUra="56" who="2" fromWho="2" sc="202,-26,165,-13,155,62,468,-13" />
</Scene>
<Scene>
<INIT seed="5,0,0,3,2,9" ten="176,152,217,455" oya="1" hai0="11,46,12,130,36,90,72,101,120,68,128,75,27" hai1="13,15,106,77,17,48,49,42,51,74,108,39,91" hai2="119,3,53,124,73,59,88,25,71,97,58,14,6" hai3="125,19,82,85,131,33,40,18,66,44,1,111,56"/><U67/><E106/><V123/><F119/><W118/><G111/><T26/><D68/><U96/><E108/><V2/><F71/><W79/><G1/><T122/><D101/><U28/><E74/><N who="0" m="28201" /><D90/><U31/><E77/><V126/><F73/><W114/><G33/><T35/><D46/><U113/><E113/><V132/><F123/><N who="0" m="47146" /><D36/><U99/><E39/><V100/><F132/><W83/><G114/><T84/><D84/><U55/><E67/><V87/><F25/><N who="0" m="9226" /><D35/><U127/><E42/><V8/><F59/><W61/><G131/><T21/><D21/><U112/><E112/><V104/><F126/><W80/><G125/><T34/><D34/><U135/><E135/><V94/><REACH who="2" step="1"/><F124/><REACH who="2" ten="176,152,207,455" step="2"/><W10/><G118/><T20/><D20/><U38/><E127/><V62/><AGARI ba="0,1" hai="2,3,6,8,14,53,58,62,87,88,94,97,100,104" machi="62" ten="20,12000,2" yaku="1,1,2,1,0,1,7,1,52,1,54,1,53,0" doraHai="9" doraHaiUra="47" who="2" fromWho="2" sc="176,-30,152,-60,207,130,455,-30" />
</Scene>
<Scene>
<INIT seed="6,0,0,4,3,65" ten="146,92,337,425" oya="2" hai0="92,80,129,42,105,14,63,6,88,45,134,33,8" hai1="85,103,96,111,7,72,117,12,37,77,120,30,101" hai2="21,24,98,27,127,11,109,48,107,2,44,118,94" hai3="100,17,54,130,28,25,93,79,87,91,55,133,46"/><V83/><F118/><W57/><G130/><T97/><D33/><U73/><E37/><V53/><F127/><W128/><G133/><T0/><D134/><U13/><E30/><V69/><F109/><W114/><G114/><T110/><D110/><U23/><E23/><V84/><F107/><W89/><G128/><T35/><D35/><U64/><E111/><V59/><F2/><W75/><G75/><N who="1" m="28746" /><E64/><V82/><F11/><W56/><G79/><T1/><D129/><U16/><E7/><V121/><F69/><W5/><G5/><T102/><D80/><N who="1" m="47247" /><E13/><V125/><F125/><W40/><G100/><N who="1" m="38474" /><E16/><V50/><F121/><W9/><G17/><T106/><D63/><U71/><E12/><V36/><F36/><W3/><G9/><T43/><D43/><U15/><E15/><V122/><F122/><W113/><G25/><T124/><D124/><U62/><E62/><V60/><F48/><N who="3" m="26695" /><G28/><T116/><D116/><U131/><E71/><V112/><F27/><W67/><G3/><T115/><D115/><U19/><E19/><N who="2" m="12351" /><F112/><W32/><G32/><T41/><D41/><U10/><E10/><V52/><F53/><N who="3" m="19979" /><G113/><T108/><D108/><U38/><E131/><V26/><F26/><W123/><G123/><T66/><D66/><U31/><E120/><V61/><F61/><W49/><G67/><T76/><D0/><U58/><E117/><V51/><F60/><W39/><G49/><N who="0" m="26807" /><D1/><U68/><E38/><V4/><F4/><W104/><G39/><T81/><D6/><U95/><E31/><V47/><F50/><W74/><G57/><T90/><D8/><RYUUKYOKU ba="0,0" sc="146,0,92,0,337,0,425,0" />
</Scene>
<Scene>
<INIT seed="7,1,0,5,4,106" ten="146,92,337,425" oya="3" hai0="87,90,9,117,88,121,102,97,73,48,47,74,120" hai1="80,50,45,115,82,41,8,99,110,12,116,18,89" hai2="91,133,79,131,72,85,32,49,94,6,119,10,109" hai3="77,86,125,31,71,83,105,75,68,33,35,56,60"/><W11/><G105/><N who="0" m="63695" /><D48/><U55/><E115/><V101/><F109/><W107/><G107/><T124/><D47/><U16/><E110/><V63/><F119/><W13/><G125/><T135/><D9/><U5/><E116/><V100/><F131/><W64/><G86/><T96/><D117/><U62/><E99/><V34/><F133/><W29/><G29/><T59/><D59/><U14/><E89/><N who="0" m="34409" /><D135/><U76/><E76/><V28/><F28/><W44/><G44/><T95/><D87/><U19/><E14/><V24/><F85/><W58/><G58/><T37/><D37/><U113/><E113/><V3/><F32/><W39/><G39/><T103/><D124/><U84/><E84/><V25/><F34/><W93/><G35/><T57/><D57/><AGARI ba="1,0" hai="5,8,12,16,18,19,41,45,50,55,57,62,80,82" machi="57" ten="40,2600,0" yaku="8,1,54,1" doraHai="106" who="1" fromWho="0" sc="146,-29,92,29,337,0,425,0" owari="117,-38.0,121,-28.0,337,14.0,425,52.0" />
</Scene>
</mjloggm>