<mjloggm ver="2.3"><GO type="169" lobby="0"/><UN n0="%E5%A4%AA%E3%81%8F%E3%81%AA%E3%81%84%E3%81%8A" n1="%E3%81%8A%E3%81%98%E3%81%95%E3%82%93" n2="%E3%81%A8%E3%82%8C%E3%82%82%E3%82%8D" n3="%E3%81%AF%E3%82%80" dan="17,18,17,17" rate="2139.78,2209.91,2110.75,2173.41" sx="M,M,M,M"/><TAIKYOKU oya="0"/>

<Scene>
<INIT seed="0,0,0,2,4,30" ten="250,250,250,250" oya="0" hai0="86,111,85,34,125,21,0,110,49,7,71,20,107" hai1="46,48,78,129,50,74,93,87,127,11,45,92,112" hai2="37,114,109,4,64,28,124,133,116,25,122,106,36" hai3="95,6,9,72,40,60,68,115,105,69,29,84,10"/><T134/><D71/><U66/><E74/><V101/><F114/><W47/><G72/><T123/><D123/><U65/><E112/><V98/><F122/><W83/><G105/><T89/><D107/><U128/><E11/><V100/><F100/><W22/><G115/><T17/><D134/><U31/><E31/><V42/><F109/><N who="0" m="41482" /><D125/><U23/><E23/><N who="0" m="8777" /><D17/><U26/><E26/><V3/><F25/><W53/><G22/><T16/><D16/><U43/><E127/><V52/><F106/><W1/><G10/><N who="0" m="2407" /><D49/><U58/><E50/><V55/><F37/><W132/><G29/><T44/><D44/><U54/><E46/><V88/><F36/><W79/><G69/><T38/><D38/><U24/><E48/><V77/><F28/><W113/><G68/><T121/><D121/><U27/><E45/><V80/><F124/><W70/><G70/><T41/><D41/><U15/><E43/><V97/><F42/><W2/><G40/><T63/><D63/><U67/><E58/><V99/><F133/><W135/><G60/><T12/><D12/><U35/><E15/><V57/><F57/><W117/><G2/><T103/><D103/><U5/><E5/><V108/><F4/><W102/><G6/><T104/><D104/><U33/><E129/><V76/><F3/><W62/><G1/><T126/><D126/><U75/><E128/><V96/><F101/><W73/><G135/><T94/><D86/><U118/><E87/><V119/><F55/><W14/><G53/><T8/><D8/><U82/><E54/><V59/><F52/><W130/><G132/><RYUUKYOKU ba="0,0" sc="250,30,250,-10,250,-10,250,-10" hai0="34,85,89,94" />
</Scene>
<Scene>
<INIT seed="0,1,0,2,4,7" ten="280,240,240,240" oya="0" hai0="96,127,61,85,41,83,29,104,92,75,118,53,3" hai1="88,50,91,76,37,70,59,102,90,132,86,108,114" hai2="98,40,99,105,125,123,71,14,1,113,103,69,16" hai3="44,130,65,100,67,8,94,10,20,5,81,64,11"/><T0/><D118/><U26/><E70/><V43/><F1/><W34/><G34/><T63/><D75/><U82/><E37/><V87/><F123/><W28/><G130/><T107/><D41/><U128/><E128/><V58/><F113/><W36/><G5/><T23/><D127/><U95/><E114/><V79/><F125/><W35/><G35/><T135/><D135/><U52/><E132/><V2/><F2/><W47/><G36/><T24/><D0/><U121/><E121/><V106/><F43/><W22/><G81/><T68/><D3/><U133/><E133/><V77/><F40/><W51/><G28/><T57/><D68/><U6/><E6/><V13/><F58/><W73/><G73/><T46/><D46/><N who="3" m="17449" /><G51/><T78/><REACH who="0" step="1"/><D61/><REACH who="0" ten="270,240,240,240" step="2"/><U18/><E108/><V109/><F109/><W72/><G72/><T31/><D31/><U9/><E102/><AGARI ba="1,1" hai="23,24,29,53,57,63,78,83,85,92,96,102,104,107" machi="102" ten="30,2900,0" yaku="1,1,7,1,53,0" doraHai="7" doraHaiUra="129" who="0" fromWho="1" sc="270,42,240,-32,240,0,240,0" />
</Scene>
<Scene>
<INIT seed="0,2,0,1,3,121" ten="312,208,240,240" oya="0" hai0="62,74,98,115,51,135,79,44,77,101,128,81,38" hai1="31,54,45,34,24,75,66,108,39,87,111,131,5" hai2="90,126,100,71,32,42,11,88,61,55,116,47,13" hai3="17,46,20,9,72,15,95,122,6,2,35,57,18"/><T89/><D115/><U23/><E75/><V36/><F32/><W114/><G72/><T49/><D77/><U83/><E131/><V96/><F126/><W7/><G114/><T94/><D128/><U130/><E130/><V29/><F29/><W16/><G122/><T120/><D120/><U40/><E66/><V60/><F60/><W93/><G35/><T30/><D135/><U86/><E5/><N who="3" m="1546" /><G2/><T78/><D78/><U0/><E0/><V48/><F116/><W3/><G3/><T22/><D62/><U28/><E54/><V129/><F129/><W64/><G46/><T59/><D59/><U14/><E83/><V52/><F55/><W10/><G64/><T43/><REACH who="0" step="1"/><D101/><REACH who="0" ten="302,208,240,240" step="2"/><U107/><E107/><V80/><F71/><W112/><G57/><T58/><D58/><U110/><REACH who="1" step="1"/><E14/><REACH who="1" ten="302,198,240,240" step="2"/><V103/><F13/><W76/><G15/><T82/><D82/><U127/><E127/><V26/><F80/><W104/><G104/><T102/><D102/><U118/><E118/><V91/><F103/><W8/><G112/><T68/><D68/><U113/><E113/><V50/><F100/><W53/><G95/><T1/><D1/><U37/><E37/><V19/><F36/><W106/><G93/><T41/><D41/><U125/><E125/><V124/><F124/><W84/><G106/><T97/><D97/><U133/><E133/><V99/><F99/><W25/><G84/><T56/><D56/><U85/><E85/><V63/><F96/><W109/><G53/><T21/><D21/><U119/><E119/><V33/><F52/><W4/><G20/><RYUUKYOKU ba="2,2" sc="302,15,198,15,240,-15,240,-15" hai0="22,30,38,43,44,49,51,74,79,81,89,94,98" hai1="23,24,28,31,34,39,40,45,86,87,108,110,111" />
</Scene>
<Scene>
<INIT seed="0,3,2,4,1,50" ten="317,213,225,225" oya="0" hai0="10,113,101,33,42,88,0,66,28,44,14,117,34" hai1="13,133,118,128,69,121,120,91,85,123,71,38,1" hai2="134,70,132,7,48,49,67,106,111,43,5,115,12" hai3="97,105,2,135,21,68,61,46,31,51,73,89,22"/><T35/><D113/><U130/><E1/><V15/><F106/><W131/><G73/><T80/><D117/><U99/><E38/><V65/><F111/><W126/><G2/><T102/><D0/><U86/><E118/><V20/><F20/><W129/><G126/><T64/><D28/><U37/><E37/><V26/><F26/><W40/><G135/><T109/><D109/><U94/><E133/><V55/><F43/><W8/><G8/><T18/><D102/><U54/><E71/><V39/><F39/><W87/><G31/><T45/><D101/><U77/><E69/><V122/><F70/><W78/><G78/><T23/><D10/><U32/><E32/><V4/><F4/><W53/><G97/><T3/><D3/><U60/><E13/><V16/><F122/><W114/><G105/><T82/><D82/><N who="1" m="47311" /><E60/><V84/><F115/><W110/><G114/><T75/><D75/><U125/><E54/><V100/><F55/><W25/><G25/><T127/><D127/><U41/><E41/><V9/><F9/><W83/><G110/><T36/><REACH who="0" step="1"/><D44/><REACH who="0" ten="307,213,225,225" step="2"/><U30/><E30/><V52/><F134/><W76/><G46/><T124/><D124/><U56/><E125/><V98/><F132/><W59/><G83/><T96/><D96/><N who="1" m="57439" /><E123/><V93/><F100/><W79/><G22/><T63/><D63/><U119/><E121/><V81/><F98/><W74/><G61/><T57/><D57/><U92/><E120/><V47/><F47/><W6/><G59/><T95/><D95/><U62/><E56/><V112/><F112/><W11/><G68/><RYUUKYOKU ba="3,3" sc="307,30,213,-10,225,-10,225,-10" hai0="14,18,23,33,34,35,36,42,45,64,66,80,88" />
</Scene>
<Scene>
<INIT seed="0,4,3,4,4,124" ten="337,203,215,215" oya="0" hai0="120,107,112,13,3,127,123,84,25,49,11,83,129" hai1="64,73,78,56,111,133,37,28,116,62,131,81,128" hai2="87,2,57,59,92,71,115,114,51,54,29,118,24" hai3="34,86,55,31,117,15,14,95,134,53,106,70,35"/><T18/><D112/><U101/><E116/><V58/><F71/><W79/><G106/><T125/><D107/><U68/><E111/><V66/><F2/><W76/><G70/><T47/><D3/><U44/><E133/><V119/><F92/><W6/><G134/><T74/><D74/><U113/><E113/><N who="2" m="43019" /><F87/><W61/><G117/><N who="2" m="44553" /><F24/><W88/><G35/><T126/><D25/><U36/><E101/><V122/><F29/><W23/><G34/><T27/><D27/><U42/><E36/><V5/><F5/><W60/><G31/><T38/><D38/><U69/><E28/><V121/><F66/><W109/><G109/><T4/><D4/><U41/><E41/><V26/><F26/><W48/><G15/><T33/><D33/><U39/><E39/><V102/><F102/><W80/><G23/><T1/><D1/><U104/><E104/><V75/><F75/><W96/><G14/><T72/><D72/><U77/><E77/><V17/><F17/><W40/><G76/><T67/><D67/><U10/><E10/><V90/><F90/><W108/><G6/><T100/><D100/><U32/><E32/><V85/><F85/><W89/><G89/><T16/><D18/><U20/><E20/><V8/><F8/><W135/><G135/><T7/><D7/><U30/><E30/><V21/><F21/><W52/><G108/><T82/><D125/><U65/><E69/><V22/><F22/><W9/><G9/><T19/><D19/><U105/><E105/><V99/><F99/><W43/><G96/><T63/><D13/><U110/><E110/><RYUUKYOKU ba="4,3" sc="337,-15,203,15,215,15,215,-15" hai1="37,42,44,56,62,64,65,68,73,78,81,128,131" hai2="51,54,57,58,59,121,122" />
</Scene>
<Scene>
<INIT seed="1,5,3,3,5,24" ten="322,218,230,200" oya="1" hai0="3,63,80,11,135,92,126,39,117,120,23,57,0" hai1="94,88,46,47,67,56,13,45,103,75,30,7,127" hai2="84,132,53,8,43,54,114,40,38,16,106,89,44" hai3="51,130,134,98,115,91,99,61,60,48,29,110,33"/><U105/><E75/><V69/><F106/><W116/><G115/><T12/><D117/><U123/><E123/><V72/><F72/><W85/><G116/><T73/><D39/><U9/><E127/><V2/><F69/><W74/><G74/><T118/><D118/><U121/><E121/><V22/><F132/><W86/><G134/><T42/><D120/><U102/><E105/><V65/><F65/><W62/><G110/><T82/><D135/><U93/><E93/><V66/><F66/><W64/><G64/><T34/><D34/><U79/><E79/><V26/><F43/><W112/><G130/><T5/><D126/><U97/><REACH who="1" step="1"/><E30/><REACH who="1" ten="322,208,230,200" step="2"/><V87/><F114/><W101/><G29/><T77/><D92/><U107/><E107/><V76/><F76/><W37/><G112/><T14/><D82/><U133/><E133/><V4/><F84/><W95/><G86/><T131/><D80/><AGARI ba="5,4" hai="2,4,8,16,22,26,38,40,44,53,54,80,87,89" machi="80" ten="30,2000,0" yaku="7,1,54,1" doraHai="24" who="2" fromWho="0" sc="322,-35,208,0,230,75,200,0" />
</Scene>
<Scene>
<INIT seed="2,0,0,0,4,19" ten="287,208,305,200" oya="2" hai0="93,16,44,47,74,20,70,86,5,53,91,99,50" hai1="116,89,88,85,90,51,119,69,36,61,46,37,48" hai2="101,95,45,123,79,73,59,65,121,63,83,33,125" hai3="129,40,25,128,132,107,39,100,42,113,82,130,135"/><V52/><F33/><W106/><G39/><T105/><D74/><U98/><E85/><V31/><F31/><W8/><G113/><T34/><D34/><U75/><E75/><V112/><F112/><W118/><G118/><T54/><D70/><U78/><E78/><V111/><F125/><W66/><G66/><T60/><D5/><U124/><E124/><V7/><F111/><W14/><G82/><T134/><D134/><N who="3" m="51241" /><G25/><N who="0" m="14471" /><D105/><N who="3" m="39945" /><G100/><N who="0" m="60527" /><D60/><U131/><E131/><V114/><F114/><W17/><AGARI ba="0,0" hai="8,14,17,40,42,128,129,130" m="39945,51241" machi="17" ten="40,2700,0" yaku="19,1,20,1" doraHai="19" who="3" fromWho="3" sc="287,-7,208,-7,305,-13,200,27" />
</Scene>
<Scene>
<INIT seed="3,0,0,5,2,56" ten="280,201,292,227" oya="3" hai0="94,102,125,115,87,43,62,54,123,13,19,119,83" hai1="106,48,52,104,39,84,100,16,109,99,69,103,11" hai2="86,120,44,37,91,58,53,92,61,122,79,12,70" hai3="29,121,108,24,118,17,77,113,114,76,127,30,15"/><W1/><G1/><T4/><D119/><U59/><E69/><V27/><F79/><W110/><G118/><T5/><D123/><N who="2" m="47146" /><F70/><W50/><G121/><T68/><D43/><U26/><E39/><V107/><F107/><W0/><G0/><T124/><D115/><N who="3" m="44041" /><G127/><N who="0" m="48715" /><D94/><U7/><E109/><N who="3" m="42090" /><G50/><T112/><D102/><U130/><E130/><V36/><F27/><W71/><G71/><T82/><D112/><U131/><E131/><V81/><F92/><W96/><G96/><T95/><D95/><U9/><E84/><V28/><F28/><N who="3" m="10859" /><G24/><T31/><D31/><U72/><E72/><V129/><F129/><W21/><AGARI ba="0,0" hai="15,17,21,76,77" m="10859,42090,44041" machi="21" ten="40,3900,0" yaku="14,1,10,1" doraHai="56" who="3" fromWho="3" sc="280,-13,201,-13,292,-13,227,39" />
</Scene>
<Scene>
<INIT seed="3,1,0,5,2,79" ten="267,188,279,266" oya="3" hai0="52,110,17,55,78,81,80,76,63,83,111,25,67" hai1="40,97,32,134,116,44,20,8,7,115,68,108,36" hai2="21,132,92,98,23,105,53,41,24,56,42,59,15" hai3="127,102,27,4,89,6,118,131,112,65,50,84,120"/><W95/><G118/><T62/><D25/><U128/><E116/><V106/><F132/><W90/><G112/><T73/><D17/><U39/><E68/><V87/><F106/><W1/><G120/><T14/><D14/><U86/><E32/><V5/><F105/><W35/><G131/><T54/><D63/><U13/><E115/><V45/><F87/><W0/><G127/><T37/><D37/><U18/><E108/><N who="0" m="41513" /><D73/><U46/><E128/><V61/><F59/><AGARI ba="1,0" hai="52,54,55,59,62,67,76,78,80,81,83" m="41513" machi="59" ten="40,8000,1" yaku="14,1,52,3,54,1" doraHai="79" who="0" fromWho="2" sc="267,83,188,0,279,-83,266,0" />
</Scene>
<Scene>
<INIT seed="4,0,0,4,0,41" ten="350,188,196,266" oya="0" hai0="109,52,103,55,80,57,128,82,73,130,101,125,59" hai1="22,100,81,118,127,27,134,133,33,17,68,32,6" hai2="84,18,31,29,42,7,122,121,120,35,26,129,94" hai3="78,47,53,88,98,79,107,99,65,15,106,13,105"/><T19/><D19/><U60/><E118/><V123/><F42/><W77/><G65/><T90/><D90/><U36/><E36/><V46/><F46/><W40/><G53/><T114/><D73/><U97/><E127/><V34/><F94/><W124/><G124/><T9/><D125/><U102/><E6/><V45/><F45/><W132/><G132/><N who="1" m="50794" /><E81/><V131/><F84/><W110/><G110/><T71/><D9/><U44/><E44/><V23/><N who="2" m="31232" /><DORA hai="76" /><V51/><F51/><W113/><G113/><T108/><REACH who="0" step="1"/><D71/><REACH who="0" ten="340,188,196,266" step="2"/><U38/><E68/><V10/><F29/><W66/><G88/><T2/><D2/><U39/><E102/><V117/><F117/><W64/><G78/><T16/><D16/><U70/><E100/><V116/><F116/><W87/><G79/><T85/><D85/><U135/><E135/><V67/><F18/><W20/><G87/><T5/><D5/><U111/><E17/><V95/><F7/><W11/><G77/><T49/><D49/><U62/><E70/><V25/><F31/><W56/><G11/><T21/><D21/><U30/><E22/><V50/><F10/><W96/><G20/><T37/><D37/><U89/><E39/><V104/><F50/><W91/><G91/><T8/><D8/><U14/><E38/><V54/><F23/><W86/><G86/><T61/><D61/><U126/><E60/><V93/><F35/><W12/><G15/><T115/><AGARI ba="0,1" hai="52,55,57,59,80,82,101,103,108,109,114,115,128,130" machi="115" ten="25,18000,2" yaku="1,1,0,1,22,2,52,2,54,1,53,0" doraHai="41,76" doraHaiUra="58,69" who="0" fromWho="0" sc="340,190,188,-60,196,-60,266,-60" />
</Scene>
<Scene>
<INIT seed="4,1,0,4,1,41" ten="530,128,136,206" oya="0" hai0="21,72,133,118,73,103,37,60,70,11,38,71,14" hai1="69,87,19,102,89,54,128,120,44,80,81,108,90" hai2="76,40,117,129,15,6,16,112,126,111,22,63,95" hai3="7,32,31,135,51,74,99,83,13,50,114,30,57"/><T1/><D21/><U5/><E120/><V84/><F111/><W47/><G114/><T12/><D103/><U58/><E69/><V66/><F112/><W49/><G135/><T92/><D92/><U2/><E108/><V33/><F33/><W115/><G115/><T55/><D11/><U98/><E128/><V109/><F109/><W131/><G131/><T104/><D55/><U119/><E119/><V46/><F129/><W45/><G32/><T113/><D60/><U116/><E116/><V125/><F117/><W26/><G74/><T134/><D113/><U101/><E5/><V18/><F6/><W4/><G83/><T42/><D118/><U122/><E2/><V20/><F76/><W91/><G57/><T105/><D42/><U79/><E122/><V62/><F84/><W110/><G110/><T35/><D35/><U0/><E0/><AGARI ba="1,0" hai="0,1,12,14,37,38,70,71,72,73,104,105,133,134" machi="0" ten="25,2400,0" yaku="22,2" doraHai="41" who="0" fromWho="1" sc="530,27,128,-27,136,0,206,0" />
</Scene>
<Scene>
<INIT seed="4,2,0,5,1,92" ten="557,101,136,206" oya="0" hai0="112,50,47,63,90,19,110,131,18,29,46,28,35" hai1="9,56,31,44,8,61,88,6,111,117,23,80,39" hai2="40,130,127,48,120,42,82,94,27,84,5,13,17" hai3="75,76,16,95,96,115,83,54,20,104,107,119,134"/><T36/><D63/><U25/><E117/><V30/><F120/><W7/><G119/><T2/><D90/><U133/><E111/><V73/><F5/><W124/><G7/><T102/><D50/><U68/><E68/><V114/><F114/><W118/><G118/><T22/><D22/><U132/><E44/><V113/><F113/><W62/><G115/><T33/><D112/><U78/><E39/><V14/><F127/><W71/><G124/><T21/><D21/><U24/><E24/><V52/><F73/><W99/><G134/><N who="1" m="51818" /><E88/><N who="2" m="53511" /><F82/><W58/><G71/><T101/><D36/><U15/><E6/><V108/><F130/><W103/><REACH who="3" step="1"/><G99/><REACH who="3" ten="557,101,136,196" step="2"/><T85/><D131/><U57/><E61/><V128/><F128/><W1/><G1/><T66/><D2/><U64/><E64/><V32/><F108/><W41/><G41/><T43/><D43/><U129/><E129/><V122/><F42/><W0/><G0/><T89/><D66/><U10/><E15/><AGARI ba="2,1" hai="15,16,20,54,58,62,75,76,83,95,96,103,104,107" machi="15" ten="30,7700,0" yaku="1,1,7,1,52,1,54,1,53,0" doraHai="92" doraHaiUra="123" who="3" fromWho="1" sc="557,0,101,-83,136,0,196,93" />
</Scene>
<Scene>
<INIT seed="5,0,0,3,0,21" ten="557,18,136,289" oya="1" hai0="8,102,63,0,78,67,75,14,117,111,76,105,58" hai1="6,13,131,98,1,81,106,34,19,118,29,103,62" hai2="92,45,87,88,54,18,50,114,36,104,16,96,64" hai3="115,53,82,49,69,44,4,10,80,85,128,120,42"/><U56/><E118/><V72/><F72/><W109/><G109/><T99/><D111/><U89/><E131/><V27/><F114/><W24/><G69/><T5/><D117/><U26/><E81/><V40/><F64/><W38/><G128/><T28/><D75/><U125/><E125/><V123/><F123/><W66/><G66/><T2/><D28/><U91/><E6/><V3/><F3/><W119/><G119/><T52/><D2/><U48/><E48/><V35/><F104/><W39/><G120/><T116/><D116/><U93/><E1/><V121/><F121/><W84/><G115/><T113/><D113/><U124/><E124/><V51/><F36/><W46/><G39/><T32/><D32/><U61/><E56/><N who="2" m="32855" /><F35/><W112/><G112/><T31/><D31/><U95/><E106/><V22/><F18/><W55/><G55/><T130/><D130/><U108/><E108/><V134/><F134/><W79/><G4/><T97/><D97/><AGARI ba="0,0" hai="16,22,27,40,45,51,87,88,92,96,97" m="32855" machi="97" ten="30,7700,0" yaku="8,1,52,1,54,2" doraHai="21" who="2" fromWho="0" sc="557,-77,18,0,136,77,289,0" />
</Scene>
<Scene>
<INIT seed="6,0,0,2,5,78" ten="480,18,213,289" oya="2" hai0="66,74,87,100,130,63,97,114,76,101,17,77,102" hai1="39,72,123,75,49,0,44,131,103,69,19,26,40" hai2="11,30,135,119,99,45,2,57,126,98,46,61,84" hai3="68,23,48,33,41,86,36,117,79,5,95,59,8"/><V50/><F119/><W107/><G33/><T18/><D74/><U133/><E0/><V104/><F126/><W113/><G36/><T27/><D114/><U1/><E1/><V32/><F135/><W13/><G68/><T110/><D110/><U67/><E39/><V62/><F32/><W127/><G107/><T12/><D130/><U88/><E123/><V56/><F30/><W118/><G113/><T83/><D77/><U42/><E131/><V28/><F28/><W120/><G127/><T14/><D97/><N who="2" m="36874" /><F104/><W106/><G106/><T116/><D116/><U34/><E34/><V60/><F2/><W134/><G134/><T94/><D94/><U81/><E133/><V92/><F11/><W29/><G120/><T6/><D27/><U90/><E103/><V109/><F109/><W125/><G125/><T85/><D85/><U129/><E129/><V9/><F9/><W20/><G29/><T22/><D6/><U93/><E42/><N who="2" m="24887" /><F46/><N who="3" m="25679" /><G117/><T132/><D132/><U31/><E19/><V43/><F43/><W47/><G47/><T115/><D115/><U24/><E24/><V121/><F121/><W4/><G4/><T65/><D18/><U25/><E25/><V55/><F57/><W70/><G70/><T80/><D17/><U15/><E15/><V51/><F51/><W64/><G118/><T91/><D12/><U112/><E112/><V7/><F7/><W38/><G38/><T82/><D14/><U111/><E111/><V73/><F73/><N who="1" m="28233" /><E93/><V122/><F122/><W105/><G95/><T16/><D16/><U3/><E49/><V96/><F96/><RYUUKYOKU ba="0,0" sc="480,-10,18,-10,213,30,289,-10" hai2="55,56,60,61,62,84,92" />
</Scene>
<Scene>
<INIT seed="6,1,0,2,2,79" ten="470,8,243,279" oya="2" hai0="112,83,89,91,29,97,135,134,82,3,105,96,63" hai1="107,7,115,2,118,13,84,39,127,11,123,75,100" hai2="4,120,52,35,23,0,131,21,47,61,98,95,49" hai3="51,66,15,45,32,102,68,80,9,24,64,77,6"/><V20/><F120/><W92/><G68/><T40/><D3/><U30/><E13/><V124/><F35/><W86/><G24/><T38/><D112/><U70/><E84/><V46/><F124/><W36/><G36/><T114/><D114/><U62/><E62/><V109/><F131/><W128/><G32/><T48/><D38/><U31/><E100/><V110/><F61/><W1/><G1/><T130/><D130/><U37/><E11/><V94/><F46/><W126/><G126/><T41/><D29/><U113/><E7/><V81/><F81/><W78/><G78/><T76/><D63/><U50/><E50/><V90/><REACH who="2" step="1"/><F94/><REACH who="2" ten="470,8,233,279" step="2"/><W74/><G128/><T58/><D83/><U18/><E18/><V28/><F28/><W27/><G92/><T108/><D82/><U117/><E31/><V111/><F111/><W34/><G34/><T43/><D108/><U71/><E30/><V26/><F26/><W10/><G27/><T22/><D76/><U103/><E115/><V16/><F16/><W73/><G80/><T132/><D132/><U42/><E118/><V133/><F133/><W53/><G77/><T69/><D135/><U60/><E113/><V129/><F129/><W106/><G45/><T19/><D134/><U44/><E117/><V122/><F122/><W17/><G17/><T119/><D19/><U33/><E123/><V57/><F57/><W125/><G125/><T5/><D58/><U85/><E127/><V12/><F12/><W87/><G15/><T67/><D119/><U8/><E44/><V54/><F54/><W25/><G53/><RYUUKYOKU ba="1,1" sc="470,-10,8,-10,233,30,279,-10" hai2="0,4,20,21,23,47,49,52,90,95,98,109,110" owari="470,57.0,-2,-50.0,263,-14.0,269,7.0" />
</Scene>
</mjloggm>