<mjloggm ver="2.3"><GO type="169" lobby="0"/><UN n0="%E3%82%8A%E3%82%87%E3%83%BC%E3%81%A1%32%30%58%58" n1="%E3%83%88%E3%82%B7%E3%83%95%E3%83%BC%E3%83%8B" n2="%E9%9B%AA%E4%B9%83%E7%80%AC%E9%BA%97" n3="%E5%A4%AA%E3%81%8F%E3%81%AA%E3%81%84%E3%81%8A" dan="16,16,16,18" rate="2097.81,2145.54,2113.01,2224.64" sx="M,M,M,M"/><TAIKYOKU oya="0"/>

<Scene>
<INIT seed="0,0,0,1,3,97" ten="250,250,250,250" oya="0" hai0="49,47,16,42,38,64,12,19,117,53,70,58,125" hai1="120,116,85,9,71,36,51,99,83,37,100,39,56" hai2="34,108,118,75,30,81,40,23,104,54,89,119,11" hai3="133,115,20,105,112,1,88,41,92,114,24,90,6"/><T77/><D117/><U107/><E116/><V123/><F108/><W52/><G105/><T82/><D125/><U29/><E120/><V50/><F123/><W4/><G41/><T79/><D12/><U73/><E73/><V76/><F40/><W121/><G121/><T135/><D135/><U102/><E71/><V62/><F34/><W60/><G133/><T69/><D79/><U48/><E29/><V134/><F134/><W129/><G129/><T66/><D70/><U21/><E21/><V68/><F104/><W84/><G1/><T17/><REACH who="0" step="1"/><D69/><REACH who="0" ten="240,250,250,250" step="2"/><U74/><E74/><AGARI ba="0,1" hai="16,17,19,38,42,47,49,53,58,64,66,74,77,82" machi="74" ten="40,7700,0" yaku="1,1,2,1,54,1,53,0" doraHai="97" doraHaiUra="130" who="0" fromWho="1" sc="240,87,250,-77,250,0,250,0" />
</Scene>
<Scene>
<INIT seed="0,1,0,4,2,119" ten="327,173,250,250" oya="0" hai0="88,123,64,11,110,30,107,102,80,52,56,18,51" hai1="57,5,122,4,48,116,29,96,73,118,47,28,39" hai2="83,15,93,43,13,38,66,115,76,62,31,91,104" hai3="50,2,59,17,124,75,6,53,55,44,134,1,3"/><T42/><D30/><U114/><E73/><V40/><F115/><W109/><G75/><T22/><D123/><U61/><E39/><V10/><F104/><W34/><G34/><T105/><D11/><U70/><E70/><V12/><F31/><N who="1" m="11849" /><E116/><V82/><F10/><W68/><G68/><T85/><D110/><U77/><E122/><V0/><F0/><W23/><G109/><T49/><D64/><N who="1" m="38959" /><E114/><V108/><F108/><W9/><G124/><T20/><D102/><U58/><E77/><V14/><F38/><W133/><G17/><T78/><D78/><U135/><E135/><N who="3" m="51722" /><G23/><T87/><D87/><U46/><E96/><V89/><N who="2" m="3072" /><DORA hai="37" /><V121/><F121/><W60/><AGARI ba="1,0" hai="1,2,3,6,9,44,50,53,55,59,60" m="51722" machi="60" ten="30,1100,0" yaku="20,1" doraHai="119,37" who="3" fromWho="3" sc="327,-6,173,-4,250,-4,250,14" />
</Scene>
<Scene>
<INIT seed="1,0,0,5,2,123" ten="321,169,246,264" oya="1" hai0="106,93,33,129,99,89,119,104,130,56,31,68,95" hai1="108,17,35,36,105,12,11,15,87,21,85,61,25" hai2="59,114,131,19,134,18,44,101,94,20,46,82,74" hai3="40,29,24,133,81,47,45,43,124,23,120,66,128"/><U51/><E36/><V92/><F131/><N who="0" m="50186" /><D68/><U116/><E116/><V103/><F134/><W117/><G128/><T98/><D56/><U67/><E105/><N who="0" m="40553" /><D31/><U55/><E35/><V22/><F59/><W0/><G120/><T84/><D33/><U113/><E113/><V111/><F74/><W65/><G0/><T77/><D119/><U58/><E108/><V64/><F82/><W57/><G117/><T132/><D132/><U75/><E75/><V135/><F135/><W27/><G133/><T30/><D30/><U69/><REACH who="1" step="1"/><E15/><REACH who="1" ten="321,159,246,264" step="2"/><V63/><F114/><W125/><G125/><T70/><D70/><U38/><E38/><V110/><F63/><W62/><G124/><T13/><D13/><U112/><E112/><V4/><F64/><W42/><G66/><T109/><D109/><U72/><E72/><V126/><F126/><W96/><G65/><T80/><D95/><U41/><E41/><V60/><F60/><W115/><G115/><T7/><D7/><AGARI ba="0,1" hai="7,11,12,17,21,25,51,55,58,61,67,69,85,87" machi="7" ten="30,2900,0" yaku="1,1,7,1,53,0" doraHai="123" doraHaiUra="79" who="1" fromWho="0" sc="321,-29,159,39,246,0,264,0" /><AGARI ba="0,0" hai="4,7,18,19,20,22,44,46,92,94,101,103,110,111" machi="7" ten="25,6400,0" yaku="22,2,52,2" doraHai="123" who="2" fromWho="0" sc="292,-64,198,0,246,64,264,0" />
</Scene>
<Scene>
<INIT seed="1,1,0,1,0,36" ten="228,198,310,264" oya="1" hai0="3,101,110,121,94,40,78,126,84,35,123,20,67" hai1="129,45,10,53,12,56,8,58,133,74,9,109,92" hai2="134,96,98,54,65,62,85,91,69,122,5,24,2" hai3="15,105,68,117,38,30,63,17,125,51,33,4,49"/><U1/><E1/><V72/><F122/><N who="0" m="46602" /><D3/><U120/><E120/><V57/><F72/><W75/><G75/><T71/><D35/><U83/><E109/><V37/><F37/><W115/><G115/><T70/><D126/><U102/><E133/><V19/><F134/><W116/><G4/><T29/><D110/><U0/><E0/><V60/><F5/><W87/><G38/><T46/><D67/><U64/><E129/><V119/><F119/><N who="3" m="45643" /><G105/><T89/><D101/><U90/><E102/><V113/><F113/><W97/><G97/><T18/><D78/><U28/><E28/><V55/><F55/><W128/><G125/><T131/><D29/><U25/><E25/><V52/><F2/><W130/><G87/><T95/><D95/><U86/><E64/><V26/><F54/><W127/><G127/><T13/><D131/><N who="3" m="50217" /><G30/><T43/><D46/><U106/><E106/><V41/><F96/><W88/><G88/><T47/><D47/><U66/><E66/><V61/><F98/><W23/><G33/><T114/><D114/><U93/><E74/><V103/><F103/><W100/><G100/><T32/><D32/><U44/><E12/><V21/><F65/><AGARI ba="1,0" hai="15,17,23,49,51,63,65,68" m="50217,45643" machi="65" ten="30,2000,0" yaku="12,1,19,1" doraHai="36" who="3" fromWho="2" sc="228,0,198,0,310,-23,264,23" />
</Scene>
<Scene>
<INIT seed="2,0,0,0,4,5" ten="228,198,287,287" oya="2" hai0="31,76,63,129,77,37,114,25,132,90,119,70,56" hai1="9,12,17,1,105,35,72,18,45,110,78,36,94" hai2="113,41,23,33,0,65,29,79,75,82,108,89,59" hai3="98,122,52,66,20,26,120,111,38,134,121,43,53"/><V103/><F113/><W104/><G111/><T92/><D114/><U10/><E105/><V84/><F0/><W3/><G3/><T22/><D37/><U68/><E35/><V69/><F108/><W131/><G134/><T61/><D132/><U14/><E110/><V93/><F41/><W24/><G131/><T128/><D119/><U73/><E68/><V34/><F69/><W47/><G66/><T130/><D70/><U102/><E1/><V16/><F29/><W2/><G2/><T91/><D63/><U96/><E78/><N who="0" m="30313" /><D92/><U99/><E99/><V21/><F21/><W81/><G81/><T87/><D87/><U107/><E107/><V4/><F4/><W115/><G115/><T6/><D6/><U86/><E86/><V71/><F103/><W124/><G124/><T30/><D30/><U64/><E64/><AGARI ba="0,0" hai="22,25,31,56,61,64,90,91,128,129,130" m="30313" machi="64" ten="30,1000,0" yaku="19,1" doraHai="5" who="0" fromWho="1" sc="228,10,198,-10,287,0,287,0" />
</Scene>
<Scene>
<INIT seed="3,0,0,2,5,13" ten="238,188,287,287" oya="3" hai0="45,7,65,116,55,21,85,101,102,37,39,5,93" hai1="15,57,113,47,12,90,121,91,71,38,125,16,123" hai2="33,111,122,25,36,109,98,42,104,120,131,32,94" hai3="133,49,115,92,97,70,107,41,96,134,69,44,20"/><W81/><G115/><T61/><D116/><U22/><E71/><V132/><F104/><W1/><G1/><T75/><D75/><U87/><E113/><V67/><F131/><W126/><G126/><T28/><D37/><U4/><E125/><V48/><F36/><W23/><G107/><T18/><D28/><U83/><E57/><V58/><F132/><N who="3" m="50795" /><G81/><T88/><D39/><U8/><REACH who="1" step="1"/><E91/><REACH who="1" ten="238,178,287,287" step="2"/><V66/><F58/><W26/><G70/><T24/><D65/><U53/><E53/><V128/><F67/><W0/><G69/><T119/><D119/><U80/><E80/><V54/><F66/><W76/><G41/><AGARI ba="0,1" hai="4,8,12,15,16,22,38,41,47,83,87,90,121,123" machi="41" ten="40,5200,0" yaku="1,1,52,1,54,1,53,0" doraHai="13" doraHaiUra="60" who="1" fromWho="3" sc="238,0,178,62,287,0,287,-52" />
</Scene>
<Scene>
<INIT seed="4,0,0,3,4,112" ten="238,240,287,235" oya="0" hai0="35,16,134,85,58,114,74,100,101,132,30,59,70" hai1="110,57,2,126,1,124,7,34,79,27,75,129,37" hai2="11,14,88,20,17,96,19,102,94,84,41,64,5" hai3="42,113,92,9,82,32,87,118,62,0,29,106,12"/><T61/><D74/><U81/><E110/><V8/><F64/><W26/><G106/><T133/><D114/><U50/><E129/><V6/><F41/><W56/><G113/><T46/><D46/><U91/><E37/><V122/><F122/><W104/><G104/><T72/><D72/><U90/><E50/><V109/><F109/><W116/><G92/><T71/><D85/><U73/><E57/><N who="0" m="21513" /><D16/><U95/><E75/><V86/><F86/><W55/><G0/><T24/><D61/><U107/><E107/><V98/><F11/><W66/><G42/><T36/><D36/><U38/><E38/><V89/><F89/><W80/><G66/><T105/><D105/><U52/><E52/><V127/><F127/><N who="1" m="48681" /><E7/><N who="2" m="2571" /><F102/><AGARI ba="0,0" hai="24,30,35,70,71,100,101,102,132,133,134" m="21513" machi="102" ten="40,2000,0" yaku="20,1" doraHai="112" who="0" fromWho="2" sc="238,20,240,0,287,-20,235,0" />
</Scene>
<Scene>
<INIT seed="4,1,0,0,0,48" ten="258,240,267,235" oya="0" hai0="65,50,11,102,3,19,40,15,38,130,44,123,73" hai1="84,31,104,71,12,35,20,16,26,57,112,17,70" hai2="0,78,5,8,10,25,99,92,121,14,114,118,56" hai3="72,60,21,34,124,49,1,33,108,103,64,111,127"/><T62/><D123/><U134/><E104/><V80/><F114/><W109/><G72/><T96/><D130/><U61/><E112/><V37/><F121/><W29/><G1/><T135/><D135/><U42/><E134/><V59/><F37/><W4/><G4/><T110/><D110/><U76/><E42/><V30/><F118/><W89/><G103/><T95/><D73/><U6/><E6/><V98/><F98/><W77/><G77/><T86/><D3/><U68/><E17/><V75/><F10/><W58/><G89/><T27/><D27/><U115/><E115/><V79/><F79/><W88/><G49/><T7/><D86/><U132/><E132/><V39/><F39/><W94/><G21/><T97/><D97/><U81/><REACH who="1" step="1"/><E71/><REACH who="1" ten="258,230,267,235" step="2"/><V46/><F0/><W83/><G29/><T101/><D7/><U13/><E13/><V100/><REACH who="2" step="1"/><F46/><REACH who="2" ten="258,230,257,235" step="2"/><W43/><G109/><T41/><D38/><U32/><E32/><AGARI ba="1,2" hai="5,8,14,25,30,32,56,59,75,78,80,92,99,100" machi="32" ten="30,3900,0" yaku="1,1,2,1,7,1,53,0" doraHai="48" doraHaiUra="69" who="2" fromWho="1" sc="258,0,230,-42,257,62,235,0" />
</Scene>
<Scene>
<INIT seed="5,0,0,0,0,76" ten="258,188,319,235" oya="1" hai0="54,67,50,93,49,113,16,37,0,91,101,95,70" hai1="9,129,13,82,99,23,63,55,108,80,7,123,116" hai2="74,12,24,5,133,4,105,77,8,38,64,73,58" hai3="94,111,31,53,32,71,6,72,43,27,79,46,62"/><U29/><E123/><V132/><F105/><W15/><G111/><T33/><D37/><U41/><E116/><V68/><F38/><W30/><G30/><T20/><D33/><U42/><E108/><V18/><F68/><W98/><G6/><N who="2" m="2665" /><F77/><W57/><G15/><T89/><D0/><U3/><E129/><V127/><F24/><W44/><G71/><T112/><D70/><U19/><E99/><V102/><F102/><W75/><G79/><T25/><D67/><U40/><REACH who="1" step="1"/><E29/><REACH who="1" ten="258,178,319,235" step="2"/><V35/><F127/><W51/><REACH who="3" step="1"/><G46/><REACH who="3" ten="258,178,319,225" step="2"/><N who="0" m="27959" /><D113/><U22/><E22/><V10/><F35/><W28/><G28/><T110/><D112/><U97/><E97/><V69/><F8/><W60/><G60/><T122/><D110/><U52/><E52/><V66/><F10/><W126/><G126/><T84/><D20/><U90/><E90/><AGARI ba="0,2" hai="27,31,32,43,44,51,53,57,62,72,75,90,94,98" machi="90" ten="30,3900,0" yaku="1,1,7,1,53,1" doraHai="76" doraHaiUra="87" who="3" fromWho="1" sc="258,0,178,-39,319,0,225,59" />
</Scene>
<Scene>
<INIT seed="6,0,0,5,4,111" ten="258,139,319,284" oya="2" hai0="92,123,107,11,48,61,40,131,80,93,15,79,63" hai1="19,125,31,8,121,53,66,124,122,37,27,114,23" hai2="4,54,16,1,99,56,9,30,39,84,58,76,73" hai3="26,74,77,133,134,68,82,24,46,75,45,18,60"/><V13/><F39/><W35/><G75/><T90/><D107/><U106/><E106/><V51/><F73/><W50/><G35/><T10/><D131/><U112/><E37/><V52/><F30/><W127/><G127/><N who="1" m="48714" /><E66/><V28/><F28/><W57/><G68/><T81/><D123/><N who="1" m="47115" /><E53/><V22/><F99/><W88/><G88/><T87/><D40/><U109/><E109/><V120/><F120/><W115/><G115/><T126/><D126/><U103/><E103/><V102/><F102/><W89/><G89/><T7/><D10/><U38/><E38/><V116/><F116/><W6/><G6/><T29/><D29/><U62/><E62/><V129/><F129/><W71/><G71/><T41/><D48/><U0/><E0/><V20/><F4/><W86/><G74/><T25/><D41/><U94/><E94/><V78/><F1/><W36/><G36/><T67/><D63/><U49/><E49/><N who="2" m="30735" /><F78/><W72/><G72/><T42/><D42/><U2/><E2/><V132/><F132/><W70/><G133/><T104/><D104/><U101/><E101/><V108/><F108/><W55/><G134/><T17/><D93/><U100/><E100/><V95/><F95/><W59/><G70/><N who="0" m="42351" /><D79/><U128/><E128/><V105/><F105/><W47/><G18/><T64/><D64/><AGARI ba="0,0" hai="24,26,45,46,47,50,55,57,59,60,64,77,82,86" machi="64" ten="40,1300,0" yaku="8,1" doraHai="111" who="3" fromWho="0" sc="258,-13,139,0,319,0,284,13" />
</Scene>
<Scene>
<INIT seed="7,0,0,4,0,90" ten="245,139,319,297" oya="3" hai0="110,65,100,43,113,16,97,3,5,116,120,60,114" hai1="101,13,59,95,61,64,134,129,72,1,33,83,25" hai2="63,75,112,93,15,34,131,24,56,14,23,88,126" hai3="124,28,18,58,0,19,53,102,45,7,132,78,12"/><W37/><G0/><T106/><D110/><U135/><E1/><V76/><F34/><W82/><G28/><T35/><D43/><U62/><E129/><V49/><F131/><W4/><G102/><T17/><D120/><U40/><E40/><V68/><F68/><W69/><G69/><N who="0" m="42151" /><D116/><U70/><E13/><V99/><F126/><W31/><G31/><T92/><D106/><U54/><E33/><V122/><F112/><N who="0" m="43114" /><D35/><U80/><E25/><V66/><F122/><W107/><G107/><T41/><D41/><U84/><E72/><V29/><F76/><W121/><G121/><T48/><D48/><U52/><E54/><V104/><F75/><W125/><G45/><T20/><D20/><U9/><E9/><AGARI ba="0,0" hai="3,5,9,16,17,92,97,100" m="43114,42151" machi="9" ten="30,7700,0" yaku="15,1,11,1,52,1,54,1" doraHai="90" who="0" fromWho="1" sc="245,77,139,-77,319,0,297,0" owari="322,42.0,62,-44.0,319,12.0,297,-10.0" />
</Scene>
</mjloggm>