<mjloggm ver="2.3"><GO type="169" lobby="0"/><UN n0="%72%79%6F%E2%80%A6%31%35" n1="%E3%81%BA%E3%82%8A%E3%81%8B%E3%82%93" n2="%E5%A4%AA%E3%81%8F%E3%81%AA%E3%81%84%E3%81%8A" n3="%57%49%4E%E7%A5%9E" dan="17,17,17,16" rate="2136.30,2173.49,2185.60,2051.94" sx="M,F,M,M"/><TAIKYOKU oya="0"/>

<Scene>
<INIT seed="0,0,0,3,4,2" ten="250,250,250,250" oya="0" hai0="124,57,104,17,35,133,70,44,0,24,79,71,72" hai1="78,69,54,65,33,45,11,83,107,80,93,110,48" hai2="103,116,34,94,121,96,53,132,115,38,98,87,12" hai3="13,101,120,73,74,32,62,18,36,82,10,29,127"/><T128/><D104/><U22/><E107/><V85/><F34/><W31/><G127/><T61/><D57/><U126/><E33/><V3/><F3/><W46/><G120/><T130/><D17/><U5/><E126/><V97/><F38/><W131/><G131/><N who="0" m="50219" /><D124/><U129/><E129/><V51/><F121/><W76/><G101/><T28/><D133/><U112/><E110/><V84/><F115/><W50/><G36/><T86/><D86/><U59/><E69/><V68/><F68/><W122/><G122/><T30/><D30/><U119/><E119/><V21/><F116/><W67/><G32/><T14/><D14/><U19/><E112/><V118/><F132/><W20/><G74/><T89/><D89/><U117/><E117/><V42/><F118/><W105/><G20/><T25/><D25/><U135/><E135/><V114/><F114/><W16/><G18/><T7/><D44/><U63/><E19/><V91/><F12/><W1/><G1/><T77/><D61/><U75/><E22/><V26/><F91/><W49/><G105/><T92/><D92/><U39/><E93/><V123/><F123/><W134/><G134/><T109/><D109/><U100/><E100/><V9/><F103/><W4/><G16/><T113/><D113/><U27/><E27/><V40/><F94/><W47/><G31/><T41/><D41/><N who="2" m="15978" /><F26/><W60/><G29/><T64/><D72/><U43/><E80/><V66/><F21/><W37/><G73/><T125/><D125/><U15/><E39/><V88/><F88/><W111/><G111/><T6/><D70/><RYUUKYOKU ba="0,0" sc="250,-10,250,30,250,-10,250,-10" hai1="5,11,15,43,45,48,54,59,63,65,75,78,83" />
</Scene>
<Scene>
<INIT seed="1,1,0,1,4,68" ten="240,280,240,240" oya="1" hai0="43,81,16,28,80,70,74,109,132,78,27,100,75" hai1="105,119,45,89,35,102,90,55,99,73,11,111,116" hai2="13,18,92,4,106,22,72,118,64,29,128,34,48" hai3="126,10,107,30,14,66,39,94,87,20,76,8,120"/><U123/><E123/><V84/><F72/><W91/><G120/><T41/><D109/><U54/><E35/><V12/><F106/><W58/><G107/><T15/><D70/><U51/><E73/><V122/><F122/><W3/><G126/><T50/><D100/><U79/><E79/><V95/><F118/><W26/><G39/><T47/><D132/><U69/><E69/><V129/><F64/><W130/><G130/><N who="2" m="50281" /><F48/><W82/><G3/><T32/><D81/><U6/><E111/><V125/><F84/><N who="3" m="48199" /><G14/><T33/><D75/><U135/><E135/><V124/><F92/><W65/><G65/><T57/><D57/><U134/><E134/><V115/><F95/><W36/><G36/><T21/><REACH who="0" step="1"/><D41/><REACH who="0" ten="230,280,240,240" step="2"/><U110/><E110/><V133/><F133/><W121/><G121/><T61/><D61/><AGARI ba="1,1" hai="8,10,20,26,30,58,61,66,87,91,94" m="48199" machi="61" ten="30,1000,0" yaku="8,1" doraHai="68" who="3" fromWho="0" sc="230,-13,280,0,240,0,240,23" />
</Scene>
<Scene>
<INIT seed="2,0,0,5,1,50" ten="217,280,240,263" oya="2" hai0="73,8,3,125,66,85,130,0,80,98,12,4,48" hai1="78,43,20,103,14,71,120,67,100,57,34,88,63" hai2="19,15,104,35,131,60,128,102,27,116,75,99,97" hai3="105,26,72,76,31,113,90,9,62,36,127,84,94"/><V55/><F75/><W2/><G127/><T133/><D125/><U89/><E34/><V117/><F35/><W37/><G113/><T41/><D130/><N who="2" m="49706" /><F27/><W122/><G122/><T114/><D114/><U11/><E120/><V51/><F60/><W22/><G105/><T59/><D73/><U42/><E71/><V109/><F97/><W121/><G121/><T129/><D129/><U83/><E78/><V74/><F74/><W110/><G110/><T61/><D133/><U21/><E103/><V1/><F1/><W45/><G62/><T111/><D98/><U44/><E100/><V16/><F109/><W18/><G45/><N who="0" m="25647" /><D111/><U101/><E101/><V95/><F104/><W119/><G119/><N who="2" m="45641" /><F15/><W39/><G2/><T6/><D0/><U64/><E14/><V53/><F53/><W124/><G124/><T126/><D3/><U29/><E64/><V32/><F32/><W96/><G72/><T68/><D68/><U132/><E67/><V65/><F65/><W93/><G96/><T87/><D126/><U17/><E63/><V82/><F82/><W79/><G94/><T135/><D135/><U24/><E83/><V49/><F49/><W134/><G134/><T5/><D87/><U77/><E132/><V92/><F92/><W58/><G84/><T46/><D85/><U69/><E69/><V23/><F23/><W123/><G123/><T108/><D80/><U81/><E20/><V40/><F40/><W33/><G33/><T47/><D108/><U70/><E43/><V54/><F54/><W118/><G118/><T28/><D28/><U86/><E29/><RYUUKYOKU ba="0,0" sc="217,15,280,-15,240,15,263,-15" hai0="4,5,6,8,12,46,47,59,61,66" hai2="16,19,51,55,95,99,102" />
</Scene>
<Scene>
<INIT seed="2,1,0,4,4,112" ten="232,265,255,248" oya="2" hai0="56,51,115,123,53,47,45,68,90,48,104,40,77" hai1="119,71,92,114,49,52,65,78,91,38,13,73,94" hai2="69,80,125,43,22,42,86,66,28,57,127,3,4" hai3="76,107,120,17,132,44,59,10,117,98,135,67,30"/><V7/><F69/><W87/><G120/><T122/><D104/><U103/><E114/><V12/><F3/><W0/><G117/><T21/><D77/><U39/><E119/><V126/><F66/><W74/><G74/><T111/><D115/><U15/><E103/><V133/><F57/><W106/><G30/><T82/><D21/><U102/><E73/><V46/><F133/><N who="3" m="51275" /><G98/><T18/><D18/><U109/><E78/><N who="2" m="46359" /><F42/><W129/><G129/><T134/><D68/><U131/><E131/><V54/><F54/><W33/><G33/><T24/><D134/><U63/><E109/><V130/><F130/><W60/><G44/><T88/><D111/><U2/><E2/><V16/><F28/><W8/><G8/><T85/><D24/><U121/><E121/><V124/><N who="2" m="32256" /><DORA hai="34" /><V64/><F64/><W6/><G17/><T97/><REACH who="0" step="1"/><D47/><REACH who="0" ten="222,265,255,248" step="2"/><U14/><E71/><V29/><F29/><W96/><G107/><T41/><D41/><U72/><E72/><V1/><F1/><W89/><G0/><T37/><D37/><AGARI ba="1,1" hai="4,7,12,16,22,37,43,46" m="32256,46359" machi="37" ten="60,5800,0" yaku="18,1,54,1" doraHai="112,34" who="2" fromWho="0" sc="222,-61,265,0,255,71,248,0" />
</Scene>
<Scene>
<INIT seed="2,2,0,4,5,111" ten="161,265,326,248" oya="2" hai0="31,13,19,79,14,69,85,63,11,102,90,4,124" hai1="84,44,24,92,91,58,73,94,43,25,72,87,121" hai2="83,34,76,112,23,71,125,93,54,128,114,130,37" hai3="99,61,132,59,122,27,5,0,66,80,127,107,62"/><V46/><F34/><W8/><G122/><T106/><D79/><U104/><E104/><V131/><F71/><W110/><G110/><T55/><D124/><U56/><E121/><V57/><F125/><W115/><G127/><T116/><D116/><U119/><E44/><V97/><F23/><W50/><G132/><T21/><D31/><U7/><E91/><N who="2" m="55487" /><F46/><W36/><G36/><T52/><D102/><U108/><E108/><V74/><F37/><W77/><G115/><T15/><D106/><U40/><REACH who="1" step="1"/><E7/><REACH who="1" ten="161,255,326,248" step="2"/><V26/><F26/><W126/><G107/><T38/><D38/><U123/><E123/><V65/><F65/><W78/><G66/><T12/><D69/><U35/><E35/><V2/><F2/><W20/><G0/><T100/><D100/><U29/><E29/><V129/><F129/><W1/><G126/><T89/><D89/><U67/><E67/><V45/><F45/><W134/><G1/><T9/><D11/><U28/><E28/><V60/><AGARI ba="2,1" hai="54,57,60,74,76,83,112,114,128,130,131" m="55487" machi="60" ten="30,6000,0" yaku="19,1,52,2" doraHai="111" who="2" fromWho="2" sc="161,-22,255,-22,326,76,248,-22" />
</Scene>
<Scene>
<INIT seed="2,3,0,5,2,25" ten="139,233,402,226" oya="2" hai0="131,77,100,0,63,46,67,93,75,51,79,18,27" hai1="76,62,43,122,133,65,70,52,129,60,38,4,41" hai2="74,10,101,108,85,37,29,134,56,130,8,24,31" hai3="124,50,32,6,132,126,113,55,95,109,16,13,82"/><V22/><F74/><W104/><G104/><T103/><D0/><U58/><E129/><V7/><F37/><W121/><G121/><T15/><D131/><U114/><E4/><V119/><F130/><W34/><G109/><T88/><D27/><U2/><E2/><V123/><F119/><W64/><G132/><T78/><D75/><U112/><E76/><V30/><F108/><W12/><G113/><N who="1" m="43626" /><E133/><V83/><F134/><W42/><G42/><N who="1" m="15882" /><E38/><V40/><F123/><AGARI ba="3,0" hai="52,58,60,62,65,70,122,123" m="15882,43626" machi="123" ten="30,3900,0" yaku="34,2,54,1" doraHai="25" who="1" fromWho="2" sc="139,0,233,48,402,-48,226,0" />
</Scene>
<Scene>
<INIT seed="3,0,0,3,2,42" ten="139,281,354,226" oya="3" hai0="68,89,15,107,2,56,132,10,76,86,30,25,46" hai1="53,111,121,134,45,11,128,100,69,60,55,116,114" hai2="31,4,127,125,112,82,34,115,50,131,66,99,103" hai3="14,21,67,102,110,123,106,23,105,49,122,65,41"/><W126/><G126/><N who="2" m="48137" /><F131/><W39/><G110/><T119/><D68/><U28/><E28/><V118/><F118/><W74/><G74/><T109/><D119/><U29/><E11/><V35/><F66/><W124/><G124/><T87/><D107/><U38/><E100/><V48/><F4/><W113/><G113/><N who="2" m="43593" /><F82/><W75/><G75/><T62/><D2/><U91/><E29/><V93/><F31/><W96/><G39/><T0/><D0/><U1/><E1/><V90/><F90/><W57/><G106/><T64/><D132/><U129/><E91/><V108/><F108/><W79/><G79/><T98/><D76/><U58/><E114/><V24/><F24/><W78/><G78/><T47/><D109/><U80/><E80/><V81/><F81/><W72/><G72/><T3/><D3/><U8/><E111/><V18/><F18/><W19/><G23/><N who="0" m="15679" /><D98/><U36/><E116/><V12/><F12/><W83/><G83/><N who="0" m="49375" /><D87/><U51/><E134/><V27/><F27/><W133/><G133/><T95/><D95/><U32/><E129/><V117/><F117/><W6/><G6/><AGARI ba="0,0" hai="6,10,15,46,47,56,62,64" m="49375,15679" machi="6" ten="30,3900,0" yaku="8,1,52,2" doraHai="42" who="0" fromWho="3" sc="139,39,281,0,354,0,226,-39" />
</Scene>
<Scene>
<INIT seed="4,0,0,1,3,92" ten="178,281,354,187" oya="0" hai0="0,101,38,3,71,40,131,61,107,84,30,94,67" hai1="93,106,12,68,73,125,87,17,11,89,75,36,23" hai2="127,78,82,19,32,103,77,26,88,65,52,16,41" hai3="55,130,113,96,120,63,109,104,59,46,111,110,122"/><T79/><D131/><U74/><E36/><V124/><F41/><W134/><G130/><T28/><D107/><U29/><E106/><V20/><F65/><W50/><G113/><T33/><D79/><U119/><E68/><V117/><F117/><W135/><G96/><T1/><D33/><U128/><E128/><V8/><F32/><W115/><G104/><T126/><D126/><N who="2" m="48170" /><F103/><W18/><G18/><T45/><REACH who="0" step="1"/><D84/><REACH who="0" ten="168,281,354,187" step="2"/><U2/><E87/><V76/><F78/><W54/><G115/><T7/><D7/><U58/><E125/><V90/><F77/><W108/><G108/><T43/><D43/><U102/><E75/><V39/><F76/><W13/><G13/><T85/><D85/><U129/><E74/><V53/><F26/><W37/><G37/><T62/><D62/><U121/><E73/><V14/><F39/><W83/><G83/><T10/><D10/><U80/><E11/><V56/><F82/><W81/><G81/><T70/><D70/><U100/><E129/><V64/><F8/><W34/><G34/><T60/><D60/><U47/><E80/><V57/><F14/><W99/><G99/><AGARI ba="0,1" hai="0,1,3,28,30,38,40,45,61,67,71,94,99,101" machi="99" ten="40,3900,0" yaku="1,1,52,1,53,0" doraHai="92" doraHaiUra="49" who="0" fromWho="3" sc="168,49,281,0,354,0,187,-39" />
</Scene>
<Scene>
<INIT seed="4,1,0,0,3,21" ten="217,281,354,148" oya="0" hai0="19,32,4,34,80,105,14,124,93,16,89,10,36" hai1="82,123,131,107,118,90,2,30,133,20,71,103,28" hai2="75,11,114,102,65,125,85,26,13,8,3,27,56" hai3="109,43,31,126,113,132,68,96,22,117,72,91,24"/><T5/><D105/><U122/><E118/><V110/><F75/><W0/><G117/><T73/><D36/><U104/><E2/><V79/><F110/><W48/><G109/><T111/><D111/><U119/><E119/><V99/><F3/><W9/><G113/><T87/><D124/><U76/><E71/><V86/><F125/><W15/><G126/><T54/><D4/><U135/><E30/><V98/><F114/><W78/><G132/><N who="1" m="50762" /><E131/><V92/><F98/><W33/><G68/><T134/><D134/><U116/><E116/><V46/><F46/><W47/><G0/><T61/><D61/><U67/><E67/><V29/><F79/><W106/><G33/><T17/><REACH who="0" step="1"/><D54/><REACH who="0" ten="207,281,354,148" step="2"/><U57/><E104/><V49/><F49/><W45/><G106/><T64/><D64/><U50/><E107/><V59/><F65/><W23/><G47/><T55/><D55/><U52/><E123/><V112/><F112/><W7/><G72/><T41/><D41/><U18/><E52/><V1/><F59/><W66/><G66/><T25/><D25/><U84/><E57/><V63/><F27/><W42/><G43/><T94/><D94/><U115/><E115/><V40/><F40/><W6/><G7/><T130/><D130/><U127/><E122/><V35/><F56/><W97/><G6/><T12/><D12/><U100/><E50/><V120/><F63/><W38/><G48/><T81/><D81/><U121/><E127/><V39/><F120/><W53/><G42/><T58/><D58/><U88/><E121/><V60/><F60/><W44/><G53/><RYUUKYOKU ba="1,1" sc="207,30,281,-10,354,-10,148,-10" hai0="5,10,14,16,17,19,32,34,73,80,87,89,93" />
</Scene>
<Scene>
<INIT seed="4,2,1,2,2,97" ten="237,271,344,138" oya="0" hai0="5,84,42,113,130,28,119,125,80,72,4,2,38" hai1="51,0,116,90,67,40,76,88,46,35,36,45,58" hai2="60,55,124,47,16,17,118,26,81,115,91,92,71" hai3="120,43,62,6,134,103,129,20,15,123,87,135,73"/><T8/><D119/><U94/><E116/><V10/><F118/><W19/><G73/><T56/><D113/><U78/><E35/><V107/><F107/><W1/><G43/><T22/><D5/><U70/><E0/><V95/><F115/><W66/><G129/><T114/><D114/><U54/><E90/><V23/><F124/><W108/><G108/><T68/><D68/><U31/><E31/><V133/><F133/><N who="3" m="50699" /><G87/><T77/><D130/><U122/><E122/><N who="3" m="46634" /><G6/><T100/><D100/><U39/><E46/><V131/><F131/><W111/><G1/><T79/><D125/><U83/><E83/><V57/><F71/><N who="3" m="42455" /><G111/><T18/><D84/><U96/><E39/><V48/><F81/><W65/><G65/><T93/><D79/><U52/><E54/><N who="2" m="33847" /><F91/><W126/><G126/><T13/><D42/><U117/><E117/><V105/><F105/><W61/><G61/><AGARI ba="2,1" hai="36,40,45,51,52,58,61,67,70,76,78,88,94,96" machi="61" ten="40,8000,1" yaku="24,2,54,2" doraHai="97" who="1" fromWho="3" sc="237,0,271,96,344,0,138,-86" />
</Scene>
<Scene>
<INIT seed="5,0,0,4,4,73" ten="237,367,344,52" oya="1" hai0="133,58,51,25,54,28,22,5,96,91,49,2,47" hai1="95,33,53,79,121,43,131,60,18,66,135,101,116" hai2="83,72,30,86,134,26,90,69,14,6,119,104,126" hai3="130,78,82,98,45,61,16,62,11,80,42,113,4"/><U87/><E116/><V129/><F119/><W106/><G113/><T71/><D71/><U85/><E121/><V46/><F69/><W38/><G130/><T76/><D133/><U32/><E43/><V27/><F104/><W65/><G82/><T29/><D5/><U15/><E53/><V19/><F134/><W75/><G65/><T88/><D2/><U108/><E108/><V128/><F6/><W115/><G115/><T99/><D29/><U21/><E131/><N who="2" m="50251" /><F126/><W64/><G64/><T103/><D76/><U52/><E66/><V59/><F59/><W57/><G57/><T37/><D37/><U123/><E123/><V127/><F127/><W9/><G9/><T55/><REACH who="0" step="1"/><D99/><REACH who="0" ten="227,367,344,52" step="2"/><U111/><E135/><V105/><F30/><W107/><G16/><T23/><D23/><U110/><E21/><V40/><F72/><W3/><REACH who="3" step="1"/><G98/><REACH who="3" ten="227,367,344,42" step="2"/><T74/><D74/><U13/><E111/><V81/><F19/><W122/><G122/><T12/><D12/><U8/><E110/><V94/><F14/><W20/><G20/><T31/><D31/><U35/><E15/><V109/><F109/><W70/><G70/><T100/><D100/><U24/><E101/><V41/><F86/><W117/><G117/><T39/><D39/><U132/><E132/><V68/><F68/><W118/><G118/><T77/><D77/><U112/><E79/><V34/><F26/><W102/><G102/><T36/><D36/><U63/><E24/><V92/><F27/><W0/><G0/><T93/><AGARI ba="0,2" hai="22,25,28,47,49,51,54,55,58,88,91,93,96,103" machi="93" ten="20,12000,2" yaku="1,1,0,1,7,1,8,1,54,1,53,1" doraHai="73" doraHaiUra="97" who="0" fromWho="0" sc="227,140,367,-60,344,-30,42,-30" />
</Scene>
<Scene>
<INIT seed="6,0,0,2,5,13" ten="367,307,314,12" oya="2" hai0="89,68,85,97,72,130,39,63,126,104,0,71,36" hai1="129,61,90,75,74,73,125,120,62,40,77,49,54" hai2="38,44,66,22,132,10,98,67,122,134,135,26,79" hai3="101,96,83,14,64,116,28,2,15,8,80,53,99"/><V31/><F122/><W109/><G116/><T123/><D0/><U55/><E120/><V93/><F79/><W34/><G109/><T78/><D123/><U108/><E108/><V42/><REACH who="2" step="1"/><F10/><REACH who="2" ten="367,307,304,12" step="2"/><W27/><G64/><T16/><D78/><U56/><E125/><V58/><F58/><W131/><G131/><T57/><D126/><U92/><E129/><V37/><F37/><W127/><G127/><T5/><D36/><U32/><E32/><V91/><AGARI ba="0,1" hai="22,26,31,38,42,44,66,67,91,93,98,132,134,135" machi="91" ten="30,6000,0" yaku="1,1,0,1,20,1,53,0" doraHai="13" doraHaiUra="100" who="2" fromWho="2" sc="367,-20,307,-20,304,70,12,-20" owari="347,15.0,287,-11.0,374,47.0,-8,-51.0" />
</Scene>
</mjloggm>