<mjloggm ver="2.3"><GO type="225" lobby="0"/><UN n0="%E4%BC%9D%E8%AA%AC%E3%81%AE%E3%81%B2%E3%82%88%E3%81%93" n1="%E5%A4%A7%E6%AD%A3%E7%BE%A9%E9%87%8E%E7%90%83%E5%A8%98" n2="%E8%92%BC%E6%9C%88%E6%BD%AE" n3="%E5%A4%AA%E3%81%8F%E3%81%AA%E3%81%84%E3%81%8A" dan="16,16,16,18" rate="2103.14,2074.56,2114.93,2206.64" sx="F,F,M,M"/><TAIKYOKU oya="0"/>

<Scene>
<INIT seed="0,0,0,5,4,68" ten="250,250,250,250" oya="0" hai0="127,126,71,4,102,62,123,96,29,91,128,66,64" hai1="21,31,22,10,26,75,2,37,32,13,44,78,85" hai2="110,97,61,3,52,104,79,12,106,92,70,28,120" hai3="109,111,80,19,105,11,18,25,0,135,101,121,23"/><T57/><D123/><U119/><E119/><V94/><F3/><W108/><G80/><T98/><D4/><N who="1" m="1303" /><E85/><V65/><F120/><W83/><G83/><T41/><D128/><U38/><E38/><V134/><F134/><W5/><G101/><T125/><D29/><U130/><E13/><V15/><F110/><W87/><G87/><T124/><N who="0" m="31744" /><DORA hai="82" /><T122/><D122/><U9/><E9/><V93/><F28/><N who="3" m="17471" /><G105/><T73/><D73/><U107/><E107/><V6/><F79/><W17/><G121/><T69/><D41/><N who="1" m="22575" /><E130/><V39/><F39/><W49/><G49/><T8/><D8/><U48/><E48/><V84/><F84/><W103/><G103/><T36/><D36/><U74/><E74/><V59/><F6/><W76/><G76/><T16/><D66/><U88/><E88/><V33/><F33/><W53/><G53/><T20/><D91/><U35/><E35/><V40/><F40/><W27/><G135/><T55/><D55/><U132/><E132/><V129/><F129/><W46/><G46/><T114/><D98/><U45/><E45/><V115/><F97/><W131/><G131/><T43/><D43/><U117/><E117/><V77/><F65/><W86/><G86/><T50/><D50/><U99/><E99/><V90/><F90/><W116/><G116/><T14/><REACH who="0" step="1"/><D114/><REACH who="0" ten="240,250,250,250" step="2"/><U63/><E63/><V7/><F61/><W1/><G1/><T51/><D51/><U42/><E42/><V54/><F115/><W81/><G81/><AGARI ba="0,1" hai="21,22,26,31,32,75,78,81" m="22575,1303" machi="81" ten="30,2000,0" yaku="25,1,52,1" doraHai="68,82" who="1" fromWho="3" sc="240,0,250,30,250,0,250,-20" />
</Scene>
<Scene>
<INIT seed="1,0,0,1,2,60" ten="240,280,250,230" oya="1" hai0="112,78,125,52,22,132,85,94,126,95,17,19,47" hai1="127,30,16,54,11,97,48,70,32,128,113,23,5" hai2="77,44,67,57,29,73,98,1,96,111,104,18,24" hai3="33,75,102,41,123,115,134,50,62,121,21,84,28"/><U45/><E113/><V88/><F1/><W110/><G75/><T93/><D112/><U10/><E70/><V130/><F44/><W8/><G33/><T131/><D131/><U9/><E32/><V69/><F18/><W71/><G115/><T129/><D129/><U80/><E128/><V49/><F111/><W116/><G102/><T7/><D7/><U92/><E127/><N who="0" m="48649" /><D132/><U107/><E107/><V31/><F31/><W86/><G8/><T58/><D47/><U103/><E30/><V4/><F4/><W122/><G110/><T106/><D106/><U66/><E80/><V120/><F29/><W74/><G74/><T105/><D105/><U40/><E66/><V119/><F67/><W55/><G41/><T79/><D85/><U43/><REACH who="1" step="1"/><E5/><REACH who="1" ten="240,270,250,230" step="2"/><V34/><F130/><W65/><G134/><T63/><D17/><U82/><E82/><V135/><F104/><W114/><G114/><T61/><D61/><U27/><AGARI ba="0,1" hai="9,10,11,16,23,27,40,43,45,48,54,92,97,103" machi="27" ten="30,11700,0" yaku="1,1,0,1,8,1,54,1,53,0" doraHai="60" doraHaiUra="118" who="1" fromWho="1" sc="240,-39,270,127,250,-39,230,-39" />
</Scene>
<Scene>
<INIT seed="1,1,0,2,3,27" ten="201,397,211,191" oya="1" hai0="44,127,52,84,118,119,96,38,101,31,2,19,72" hai1="100,9,35,103,32,6,130,45,33,55,117,66,135" hai2="104,124,86,79,43,61,8,57,89,7,81,23,28" hai3="87,106,11,4,39,83,109,98,113,54,40,15,74"/><U93/><E117/><V50/><F104/><W68/><G113/><T132/><D72/><U114/><E114/><V129/><F124/><W125/><G68/><T108/><D2/><U77/><E135/><V116/><F116/><W85/><G125/><T65/><D127/><U76/><E66/><V25/><F129/><W67/><G67/><T46/><D65/><U92/><E130/><V12/><F61/><W70/><G70/><T97/><D132/><U123/><E123/><V82/><F57/><W47/><G109/><T60/><D19/><U80/><E55/><V36/><F36/><W90/><G54/><T110/><D84/><U10/><E45/><N who="2" m="25919" /><F81/><W73/><REACH who="3" step="1"/><G87/><REACH who="3" ten="201,397,211,181" step="2"/><T105/><D119/><U69/><E69/><V62/><F62/><W94/><G94/><T131/><D118/><U26/><E93/><V5/><F5/><W133/><G133/><T63/><D131/><U115/><E92/><V126/><F126/><W56/><G56/><N who="0" m="34823" /><D110/><U71/><E71/><V51/><F51/><W95/><G95/><T1/><D108/><U53/><E115/><V112/><F112/><W59/><G59/><T88/><D63/><U134/><E134/><V120/><F120/><W99/><G99/><T78/><D97/><U48/><E6/><V122/><F122/><W14/><G14/><T17/><D96/><U34/><E48/><V75/><F75/><W30/><G30/><T58/><D31/><U102/><E53/><V91/><AGARI ba="1,1" hai="7,8,12,23,25,28,79,82,86,89,91" m="25919" machi="91" ten="30,4000,0" yaku="25,1,8,1,52,1" doraHai="27" who="2" fromWho="2" sc="201,-11,397,-21,211,53,181,-11" />
</Scene>
<Scene>
<INIT seed="2,0,0,5,5,105" ten="190,376,264,170" oya="2" hai0="71,82,8,114,72,23,121,131,35,104,15,21,6" hai1="66,39,48,62,74,53,47,120,67,94,68,24,12" hai2="103,88,42,14,110,129,61,58,31,25,34,84,38" hai3="81,79,116,128,107,97,102,89,33,32,36,70,41"/><V80/><F129/><W98/><G116/><T19/><D114/><U26/><E74/><V113/><F113/><W76/><G128/><T10/><D71/><U115/><E115/><V135/><F135/><W20/><G79/><T46/><D131/><U11/><E120/><V101/><F110/><W51/><G51/><T109/><D104/><U64/><E39/><V0/><F0/><W29/><G20/><T63/><D121/><U93/><E62/><V59/><F59/><W56/><G56/><T1/><D63/><U117/><E68/><V7/><F7/><W96/><G70/><T127/><D109/><U65/><E65/><V40/><F14/><W16/><G16/><T75/><D35/><U52/><E53/><V18/><F18/><W91/><G97/><T83/><D46/><U130/><E117/><V126/><F126/><W106/><G41/><T4/><D19/><N who="1" m="8607" /><E130/><V112/><F112/><W9/><G9/><T28/><D127/><U22/><E24/><V132/><F42/><W57/><G57/><T3/><D15/><U125/><E125/><V78/><F78/><W60/><G60/><T5/><D5/><U55/><E55/><V90/><F40/><W17/><G17/><AGARI ba="0,0" hai="17,22,26,47,48,52,64,66,67,93,94" m="8607" machi="17" ten="30,2000,0" yaku="8,1,54,1" doraHai="105" who="1" fromWho="3" sc="190,0,376,20,264,0,170,-20" />
</Scene>
<Scene>
<INIT seed="3,0,0,4,0,61" ten="190,396,264,150" oya="3" hai0="76,83,45,13,99,98,104,18,47,60,90,62,114" hai1="103,31,52,17,33,58,6,133,64,68,101,125,29" hai2="134,70,15,1,118,3,94,8,97,105,110,102,67" hai3="117,87,112,123,124,43,111,11,115,135,84,80,100"/><W65/><G117/><T7/><D7/><U5/><E33/><V107/><F118/><W96/><G43/><T30/><D114/><N who="3" m="43561" /><G11/><T26/><D104/><U128/><E58/><V32/><F32/><W69/><G69/><T37/><D37/><U16/><E68/><V12/><F70/><W24/><G24/><T48/><D47/><U56/><E56/><V89/><F8/><W19/><G19/><T79/><D30/><U85/><E85/><N who="3" m="32842" /><G65/><T132/><D132/><U88/><E64/><V40/><F67/><W53/><G53/><N who="0" m="29839" /><D83/><U57/><E52/><V91/><F40/><W86/><G123/><T35/><D90/><U28/><E88/><V75/><F1/><W122/><G122/><T14/><D35/><U27/><E57/><V113/><F3/><W131/><G135/><T78/><D26/><U81/><E17/><V10/><F134/><W38/><G38/><T0/><D0/><U59/><E59/><V36/><F10/><W42/><G42/><T108/><D13/><U73/><E133/><V51/><F12/><W23/><G23/><N who="0" m="11735" /><D108/><U74/><E16/><V116/><F110/><W25/><G111/><T106/><D106/><U82/><E27/><V2/><F51/><W77/><G25/><T129/><D129/><U120/><E29/><V121/><F113/><W95/><G131/><T22/><D22/><U9/><E9/><V109/><F121/><W34/><G34/><T72/><D72/><U49/><E120/><V66/><F109/><W21/><G21/><T55/><D55/><U119/><E49/><V20/><F36/><W130/><G130/><RYUUKYOKU ba="0,0" sc="190,15,396,-15,264,-15,150,15" hai0="60,62,76,78,79,98,99" hai3="77,80,86,95,96,100,124" />
</Scene>
<Scene>
<INIT seed="3,1,0,4,3,116" ten="205,381,249,165" oya="3" hai0="35,135,10,43,18,33,94,119,37,57,45,3,11" hai1="110,4,42,99,48,134,14,127,77,32,47,65,61" hai2="92,30,36,50,80,25,69,16,34,117,130,51,93" hai3="2,111,100,0,83,121,53,87,22,85,6,118,17"/><W29/><G118/><T21/><D119/><U97/><E32/><V88/><F36/><W26/><G100/><T73/><D11/><U75/><E110/><V9/><F69/><W108/><G121/><T49/><D135/><U123/><E123/><V13/><F117/><W124/><G124/><T8/><D8/><U113/><E113/><V55/><F130/><W114/><G114/><T125/><D125/><U56/><E127/><V107/><F107/><W126/><G126/><T84/><D73/><U39/><E4/><V78/><F50/><W89/><G6/><T102/><D10/><U63/><E14/><V59/><F88/><N who="3" m="51263" /><G53/><N who="0" m="31919" /><D3/><U19/><E134/><V98/><F98/><W40/><G40/><T120/><D102/><U52/><E63/><V71/><F71/><W64/><G64/><T58/><D120/><U115/><E115/><V82/><F82/><N who="3" m="49399" /><G29/><T105/><D105/><U62/><E75/><AGARI ba="1,0" hai="9,13,16,25,30,34,51,55,59,75,78,80,92,93" machi="75" ten="30,2000,0" yaku="7,1,54,1" doraHai="116" who="2" fromWho="1" sc="205,0,381,-23,249,23,165,0" owari="205,-19.0,358,45.0,272,7.0,165,-33.0" />
</Scene>
</mjloggm>