<mjloggm ver="2.3"><GO type="169" lobby="0"/><UN n0="%E3%81%B5%E3%81%8B%E3%81%98" n1="%E5%A4%AA%E3%81%8F%E3%81%AA%E3%81%84%E3%81%8A" n2="%53%69%6D%6F%6F%6E" n3="%65%69%6B%31" dan="17,17,16,16" rate="2153.75,2191.80,2106.47,2085.74" sx="M,M,M,M"/><TAIKYOKU oya="0"/>

<Scene>
<INIT seed="0,0,0,4,1,129" ten="250,250,250,250" oya="0" hai0="131,35,17,0,104,98,126,12,121,72,73,127,42" hai1="14,34,7,22,80,27,30,115,120,5,134,128,28" hai2="65,100,103,135,92,79,77,119,70,91,1,89,108" hai3="39,56,46,66,93,90,61,32,116,51,25,83,38"/><T11/><D121/><U86/><E120/><V82/><F1/><W31/><G116/><T29/><D131/><U130/><E115/><V15/><F70/><W36/><G83/><T9/><D42/><U67/><E67/><V23/><F65/><W78/><G78/><T48/><D48/><U117/><E117/><V60/><F60/><W99/><REACH who="3" step="1"/><G39/><REACH who="3" ten="250,250,250,240" step="2"/><T110/><D126/><U45/><E130/><V69/><F82/><W64/><G64/><T20/><D127/><U71/><E128/><V33/><F79/><W58/><G58/><T8/><D110/><U94/><E80/><V76/><F76/><W37/><G37/><T53/><D73/><U112/><E112/><V97/><F77/><W114/><G114/><T122/><D72/><U113/><E113/><V26/><F108/><W4/><G4/><N who="0" m="1031" /><D122/><U123/><E5/><V54/><F119/><W101/><G101/><N who="0" m="62519" /><D53/><AGARI ba="0,1" hai="25,31,32,36,38,46,51,53,56,61,66,90,93,99" machi="53" ten="30,3900,0" yaku="1,1,7,1,53,1" doraHai="129" doraHaiUra="59" who="3" fromWho="0" sc="250,-39,250,0,250,0,240,49" />
</Scene>
<Scene>
<INIT seed="1,0,0,5,1,37" ten="211,250,250,289" oya="1" hai0="124,97,92,33,69,68,66,62,44,14,63,18,60" hai1="22,96,128,74,64,115,46,111,132,21,11,79,70" hai2="80,49,3,85,72,54,24,113,119,0,8,106,114" hai3="88,101,102,52,42,58,51,61,19,9,20,122,86"/><U127/><E115/><N who="2" m="44043" /><F119/><W6/><G122/><T7/><D33/><U76/><E127/><V108/><F108/><W35/><G35/><T36/><D124/><U59/><E70/><V1/><F106/><W38/><G38/><T73/><D73/><U107/><E111/><V135/><F72/><W25/><G42/><T109/><D7/><U47/><E132/><V91/><F135/><W45/><G45/><N who="1" m="16906" /><E107/><V57/><F24/><W120/><G61/><T83/><D83/><U2/><E2/><V32/><F32/><W29/><G29/><T43/><D68/><U112/><E74/><V133/><F133/><W4/><G120/><T65/><D65/><U10/><E112/><V84/><F84/><W56/><G56/><T77/><D77/><N who="1" m="29771" /><E96/><V123/><F123/><W13/><G4/><AGARI ba="0,0" hai="0,1,3,4,8,49,54,57,80,85,91" m="44043" machi="4" ten="30,1000,0" yaku="11,1" doraHai="37" who="2" fromWho="3" sc="211,0,250,0,250,10,289,-10" />
</Scene>
<Scene>
<INIT seed="2,0,0,0,4,28" ten="211,250,260,279" oya="2" hai0="33,38,74,52,86,30,31,67,113,45,101,14,47" hai1="90,12,93,39,105,129,89,41,116,102,131,76,55" hai2="121,29,73,40,127,110,92,125,100,49,123,48,6" hai3="122,4,98,126,78,17,25,108,42,115,130,119,81"/><V71/><F6/><W37/><G119/><T135/><D74/><U2/><E2/><V112/><F112/><W60/><G122/><T21/><D113/><U3/><E3/><V70/><F73/><W19/><G115/><T32/><D67/><U88/><E116/><V132/><F29/><W84/><G108/><T43/><D101/><U77/><E39/><V54/><F92/><W10/><G126/><N who="2" m="48137" /><F100/><W111/><G111/><T64/><D64/><U79/><E41/><V58/><F110/><W68/><G130/><N who="1" m="49674" /><E55/><N who="2" m="32103" /><F40/><W62/><G98/><T59/><D47/><U22/><E105/><V128/><F132/><W1/><G42/><T80/><D31/><U9/><E22/><V99/><F99/><W23/><G37/><T18/><D30/><U120/><E120/><N who="2" m="46155" /><F128/><W114/><G114/><T15/><D15/><U35/><E102/><V13/><F13/><W53/><G1/><T46/><D135/><U97/><E35/><V66/><F66/><W24/><G23/><T69/><D33/><U103/><E103/><V20/><F20/><W56/><G24/><T107/><D32/><U117/><E117/><V95/><F95/><W34/><G25/><T57/><D21/><U5/><AGARI ba="0,0" hai="5,9,12,76,77,79,88,89,90,93,97" m="49674" machi="5" ten="30,2000,0" yaku="19,1,54,1" doraHai="28" who="1" fromWho="1" sc="211,-5,250,20,260,-10,279,-5" />
</Scene>
<Scene>
<INIT seed="3,0,0,2,5,95" ten="206,270,250,274" oya="3" hai0="47,50,14,42,69,25,107,29,68,28,130,60,54" hai1="87,6,12,93,86,61,62,38,118,112,128,20,43" hai2="111,124,135,99,132,84,97,3,127,39,90,10,114" hai3="78,0,67,117,88,30,15,32,7,57,75,18,96"/><W53/><G117/><T101/><D130/><U120/><E120/><V59/><F39/><W80/><G67/><T119/><D119/><U81/><E118/><V103/><F114/><W66/><G66/><T56/><D28/><U65/><E112/><V45/><F45/><W58/><G7/><T125/><D125/><N who="2" m="48202" /><F111/><W2/><G30/><T102/><D14/><U41/><E128/><V17/><F59/><W9/><G32/><T5/><D5/><U100/><E38/><V27/><F103/><W105/><G58/><T48/><D48/><U98/><E86/><V82/><F3/><W85/><G105/><T24/><D24/><U122/><E122/><V21/><F10/><W40/><G40/><N who="1" m="15434" /><E65/><V92/><F92/><W8/><G8/><T55/><D42/><U126/><E126/><V106/><F106/><W36/><G36/><T51/><D60/><U129/><E129/><V1/><F1/><W4/><G4/><T110/><D107/><U104/><E104/><V35/><F35/><W26/><G26/><T23/><REACH who="0" step="1"/><D110/><REACH who="0" ten="196,270,250,274" step="2"/><U134/><E6/><V49/><F49/><N who="3" m="30895" /><G2/><T63/><D63/><U121/><E61/><V73/><F73/><W79/><G0/><T34/><D34/><U83/><E62/><V116/><F116/><W89/><G75/><T131/><D131/><U22/><E121/><V109/><F109/><W64/><G64/><T33/><D33/><U77/><E12/><V52/><F52/><W16/><G18/><T13/><D13/><U44/><E44/><V91/><F17/><W70/><G70/><AGARI ba="0,1" hai="23,25,29,47,50,51,54,55,56,68,69,70,101,102" machi="70" ten="40,1300,0" yaku="1,1,53,0" doraHai="95" doraHaiUra="37" who="0" fromWho="3" sc="196,23,270,0,250,0,274,-13" />
</Scene>
<Scene>
<INIT seed="4,0,0,3,2,135" ten="219,270,250,261" oya="0" hai0="68,117,103,82,54,92,13,49,50,59,3,118,125" hai1="105,63,60,129,16,75,87,91,21,34,98,101,62" hai2="114,10,107,93,1,130,31,134,88,5,52,65,113" hai3="109,25,90,127,76,35,6,102,116,124,67,86,7"/><T133/><D3/><U71/><E34/><V12/><F107/><W47/><G109/><T9/><D68/><U77/><E129/><V39/><F39/><W38/><G116/><T0/><D0/><U94/><E71/><V132/><F65/><W97/><G76/><T2/><D2/><U11/><E11/><V79/><F79/><W106/><G67/><T74/><D133/><N who="2" m="51306" /><F31/><N who="3" m="19951" /><G47/><T43/><D82/><N who="1" m="45375" /><E63/><V128/><F52/><W123/><G38/><T42/><D74/><U14/><AGARI ba="0,0" hai="14,16,21,60,62,87,91,94,98,101,105" m="45375" machi="14" ten="30,2000,0" yaku="24,1,54,1" doraHai="135" who="1" fromWho="1" sc="219,-10,270,20,250,-5,261,-5" />
</Scene>
<Scene>
<INIT seed="5,0,0,0,1,79" ten="209,290,245,256" oya="1" hai0="5,37,94,105,52,114,117,131,89,116,10,85,22" hai1="111,101,18,44,36,28,91,107,113,71,16,88,65" hai2="6,32,95,46,130,99,98,53,29,1,121,39,127" hai3="66,132,122,45,90,59,134,2,11,40,69,77,84"/><U96/><E113/><V112/><F121/><W92/><G122/><T0/><D105/><U60/><E111/><V75/><F75/><W15/><G2/><T41/><D114/><U54/><E28/><V8/><F112/><W67/><G69/><T38/><D131/><U78/><E78/><V61/><F127/><W14/><G77/><T33/><D33/><U82/><E91/><V64/><F99/><W25/><G25/><T27/><D41/><U43/><REACH who="1" step="1"/><E54/><REACH who="1" ten="209,280,245,256" step="2"/><V68/><F53/><W51/><G90/><T12/><D116/><U30/><E30/><V128/><F29/><W100/><G134/><T4/><D117/><U48/><E48/><V108/><F108/><W135/><G51/><T120/><D120/><U102/><E102/><V76/><F76/><W56/><G100/><T126/><D126/><U106/><E106/><V55/><F55/><W9/><G135/><T23/><D52/><U109/><E109/><V47/><F32/><W35/><G132/><T129/><D129/><N who="2" m="49770" /><F39/><W26/><G35/><T93/><D37/><U24/><E24/><V110/><F110/><W81/><G26/><T80/><D38/><U20/><E20/><V70/><F70/><W21/><G21/><T34/><D34/><U83/><E83/><V49/><F49/><W123/><G81/><T87/><D80/><U125/><E125/><V13/><F68/><W133/><G133/><T104/><D104/><U63/><E63/><V17/><F61/><W19/><G123/><T3/><D27/><U103/><E103/><V118/><F118/><W7/><G92/><T57/><D93/><RYUUKYOKU ba="0,1" sc="209,-10,280,30,245,-10,256,-10" hai1="16,18,36,43,44,60,65,71,82,88,96,101,107" />
</Scene>
<Scene>
<INIT seed="5,1,1,5,2,27" ten="199,310,235,246" oya="1" hai0="17,99,82,46,40,70,95,6,63,57,105,35,10" hai1="20,132,121,14,103,98,23,119,67,135,19,3,131" hai2="126,62,64,43,2,114,33,31,52,81,133,25,115" hai3="94,32,66,34,79,48,78,109,22,72,29,117,86"/><U100/><E119/><V87/><F133/><N who="1" m="51273" /><E121/><V60/><F126/><W39/><G39/><T118/><D118/><U129/><E3/><V134/><F43/><W112/><G72/><T61/><D105/><N who="1" m="63639" /><E103/><V106/><F106/><W83/><G117/><T24/><D82/><U102/><E102/><V90/><F2/><W120/><G120/><T130/><D130/><N who="1" m="49675" /><E67/><V77/><F134/><W7/><G66/><T21/><D35/><U54/><E54/><V68/><F77/><W38/><G79/><T69/><D95/><U0/><E0/><V125/><F64/><W15/><G94/><T58/><D99/><U42/><E42/><V47/><F52/><W104/><G34/><T88/><D40/><U76/><E76/><V93/><F33/><W91/><G32/><T16/><D88/><U30/><E20/><V26/><F90/><W75/><G22/><T108/><D21/><U56/><E56/><V28/><F93/><W51/><G91/><T122/><D122/><U96/><E96/><V13/><F81/><W45/><G83/><T53/><D53/><U113/><E113/><V107/><F107/><W41/><G112/><T9/><D57/><U50/><E50/><V12/><F115/><W5/><G51/><T44/><D58/><U73/><E73/><V55/><F55/><W1/><G75/><T101/><D101/><U124/><E124/><V111/><F125/><W97/><G78/><T65/><D65/><U59/><E59/><V36/><F114/><W8/><G97/><T18/><D61/><U80/><E80/><V92/><F60/><W71/><G41/><RYUUKYOKU ba="1,1" sc="199,-10,310,30,235,-10,246,-10" hai1="14,19,23,30" />
</Scene>
<Scene>
<INIT seed="5,2,1,3,2,74" ten="189,340,225,236" oya="1" hai0="59,53,83,94,111,24,67,95,98,128,33,119,57" hai1="68,69,81,80,32,107,106,82,28,96,10,62,124" hai2="123,76,84,73,113,22,134,40,131,88,118,6,30" hai3="56,47,21,9,100,117,51,105,133,127,29,34,63"/><U19/><E124/><V75/><F40/><W97/><G127/><T112/><D111/><U109/><E109/><V5/><F30/><W58/><G133/><T71/><D119/><U36/><E36/><V54/><F22/><W13/><G34/><T89/><D71/><U52/><E28/><V65/><F65/><W7/><G117/><T92/><D33/><U35/><E19/><V8/><F54/><W46/><G51/><T114/><D24/><U15/><E96/><V48/><F48/><W125/><G125/><T45/><D128/><U93/><E93/><V99/><F8/><W102/><G102/><T26/><D26/><U70/><E15/><V3/><F6/><W27/><REACH who="3" step="1"/><G58/><REACH who="3" ten="189,340,225,226" step="2"/><T104/><D59/><N who="1" m="35175" /><E32/><V41/><F118/><W90/><G90/><T120/><D57/><U77/><E35/><V49/><F49/><W43/><G43/><T78/><D89/><U108/><E108/><V12/><F41/><W42/><G42/><T0/><D114/><U122/><E69/><V91/><F113/><W101/><G101/><T66/><D112/><U37/><E68/><V2/><F91/><W1/><G1/><T64/><D0/><U103/><E70/><V17/><F88/><W4/><G4/><T132/><D132/><U16/><E103/><V60/><F5/><W25/><G25/><T121/><D121/><U129/><E122/><V50/><F2/><W31/><G31/><T126/><D120/><U79/><E37/><V110/><F3/><W86/><G86/><T130/><D126/><U23/><E129/><V11/><F131/><W135/><G135/><RYUUKYOKU ba="2,2" sc="189,-10,340,-10,225,-10,226,30" hai3="7,9,13,21,27,29,46,47,56,63,97,100,105" />
</Scene>
<Scene>
<INIT seed="6,3,2,3,3,31" ten="179,330,215,256" oya="2" hai0="113,26,52,24,135,131,98,18,17,35,99,85,46" hai1="16,107,15,108,118,126,3,105,97,102,128,119,32" hai2="84,23,60,114,11,73,82,34,30,117,116,21,129" hai3="25,4,39,56,19,50,90,86,133,76,74,44,10"/><V71/><F73/><W59/><G133/><T37/><D135/><U132/><E132/><V83/><F114/><W92/><G39/><T63/><D113/><U91/><E108/><V55/><F129/><W36/><G36/><T13/><D131/><U40/><E128/><V100/><F83/><W42/><G74/><T68/><D68/><U51/><E3/><V70/><F70/><W130/><G76/><T80/><D37/><U106/><E32/><V115/><F115/><W79/><G79/><N who="0" m="46239" /><D35/><U111/><E111/><V12/><F23/><N who="3" m="13567" /><G130/><T95/><D18/><U110/><E110/><V120/><F100/><W94/><G94/><T69/><D69/><U47/><E91/><V93/><F93/><W78/><G78/><T62/><D98/><U43/><E43/><V6/><F34/><W58/><G10/><N who="0" m="6327" /><D46/><U134/><E134/><V101/><F101/><W49/><G4/><T38/><D38/><U125/><E97/><V48/><F120/><W1/><G1/><T127/><D127/><N who="1" m="48651" /><E102/><V2/><F2/><W57/><G57/><N who="0" m="35111" /><D63/><U77/><E77/><N who="2" m="46159" /><F60/><W8/><G8/><AGARI ba="3,2" hai="8,15,16,40,47,51,105,106,107,118,119" m="48651" machi="8" ten="40,2600,0" yaku="18,1,54,1" doraHai="31" who="1" fromWho="3" sc="179,0,330,55,215,0,256,-35" />
</Scene>
<Scene>
<INIT seed="7,0,0,3,0,120" ten="179,385,215,221" oya="3" hai0="47,5,105,43,34,36,81,29,48,17,91,82,7" hai1="55,50,118,73,31,39,114,115,60,24,79,113,104" hai2="119,121,10,117,125,51,101,1,108,130,95,54,86" hai3="2,84,75,38,42,106,35,131,22,110,76,124,123"/><W69/><RYUUKYOKU type="yao9" ba="0,0" sc="179,0,385,0,215,0,221,0" hai3="2,22,35,38,42,69,75,76,84,106,110,123,124,131" />
</Scene>
<Scene>
<INIT seed="7,1,0,4,2,99" ten="179,385,215,221" oya="3" hai0="84,88,33,94,92,38,79,129,65,55,83,70,67" hai1="134,63,110,30,93,98,131,7,60,132,29,2,23" hai2="37,124,80,111,102,45,101,103,86,112,130,51,53" hai3="26,44,1,31,35,120,3,108,47,72,127,118,25"/><W13/><G118/><T52/><D33/><U125/><E110/><V16/><F111/><W50/><G108/><T87/><D38/><U58/><E125/><V10/><F124/><W17/><G72/><T57/><D70/><U77/><E77/><V82/><F112/><W64/><G127/><T40/><D40/><U19/><E131/><V59/><F130/><W21/><G120/><T71/><D71/><U91/><E2/><V106/><F106/><W100/><G64/><N who="0" m="24651" /><D129/><U75/><E7/><V119/><F119/><W15/><G47/><T27/><D27/><N who="1" m="14847" /><E75/><V90/><F37/><W66/><G66/><T95/><D55/><N who="1" m="33887" /><E63/><AGARI ba="1,0" hai="52,57,63,79,83,84,87,88,92,94,95" m="24651" machi="63" ten="30,3900,0" yaku="8,1,54,2" doraHai="99" who="0" fromWho="1" sc="179,42,385,-42,215,0,221,0" owari="221,2.0,343,44.0,215,-28.0,221,-18.0" />
</Scene>
</mjloggm>