<mjloggm ver="2.3"><GO type="169" lobby="0"/><UN n0="%66%75%6C%6C%2D%74%70%21" n1="%47%E3%83%A8%E9%BE%8D%E9%96%80" n2="%E3%81%AE%E3%81%A1%E3%82%86%E3%82%93" n3="%E5%A4%AA%E3%81%8F%E3%81%AA%E3%81%84%E3%81%8A" dan="16,17,16,17" rate="2099.83,2145.90,2084.59,2216.40" sx="M,M,F,M"/><TAIKYOKU oya="0"/>

<Scene>
<INIT seed="0,0,0,0,2,130" ten="250,250,250,250" oya="0" hai0="101,87,72,100,1,11,127,77,131,51,86,47,28" hai1="13,68,25,90,91,48,8,65,67,107,43,93,34" hai2="114,41,40,7,38,70,18,20,106,57,62,78,63" hai3="58,64,24,6,12,104,55,81,95,79,49,115,14"/><T80/><D131/><U54/><E107/><V21/><F106/><W120/><G104/><T2/><D127/><U88/><E43/><V39/><F114/><W19/><G115/><T60/><D28/><U71/><E34/><V98/><F7/><W129/><G129/><T15/><D60/><U94/><E25/><V108/><F108/><W4/><G120/><T75/><D87/><U56/><E68/><V16/><F78/><W69/><G69/><T5/><D100/><U117/><E117/><V85/><F85/><N who="3" m="48319" /><G64/><N who="1" m="24650" /><E71/><V53/><F70/><W30/><G95/><T73/><REACH who="0" step="1"/><D101/><REACH who="0" ten="240,250,250,250" step="2"/><U102/><E102/><V134/><F63/><W113/><G30/><T103/><D103/><U124/><E124/><V46/><F62/><W27/><G113/><T111/><D111/><U42/><E42/><AGARI ba="0,1" hai="1,2,5,11,15,42,47,51,72,73,75,77,80,86" machi="42" ten="40,7700,0" yaku="1,1,25,2,53,0" doraHai="130" doraHaiUra="123" who="0" fromWho="1" sc="240,87,250,-77,250,0,250,0" />
</Scene>
<Scene>
<INIT seed="0,1,0,1,2,98" ten="327,173,250,250" oya="0" hai0="62,82,114,107,2,81,117,131,52,93,53,94,71" hai1="61,115,95,11,64,129,112,60,65,18,30,100,92" hai2="44,58,133,87,23,5,45,16,38,8,55,74,9" hai3="59,34,40,122,110,118,111,104,84,109,86,85,43"/><T121/><D114/><U99/><E129/><V28/><F74/><W97/><G118/><T25/><D117/><U13/><E30/><V22/><F133/><W134/><G34/><T108/><D121/><U56/><REACH who="1" step="1"/><E95/><REACH who="1" ten="327,163,250,250" step="2"/><V29/><F38/><W135/><G122/><T33/><D131/><U32/><E32/><V26/><F29/><W14/><G135/><T132/><D94/><U79/><E79/><V128/><F128/><W96/><G134/><T90/><D132/><U50/><E50/><V57/><F28/><W70/><G109/><T15/><D108/><U124/><E124/><V73/><F73/><W36/><G110/><T76/><D76/><U68/><AGARI ba="1,1" hai="11,13,18,56,60,61,64,65,68,92,99,100,112,115" machi="68" ten="30,4000,0" yaku="1,1,0,1,52,1,53,0" doraHai="98" doraHaiUra="1" who="1" fromWho="1" sc="327,-21,163,53,250,-11,250,-11" />
</Scene>
<Scene>
<INIT seed="1,0,0,0,2,134" ten="306,216,239,239" oya="1" hai0="29,77,27,34,94,10,92,130,58,68,76,131,41" hai1="0,95,3,120,121,31,42,69,49,72,135,71,23" hai2="115,101,37,39,47,98,104,51,64,53,15,55,86" hai3="78,66,40,11,127,105,107,25,33,97,45,2,84"/><U56/><E135/><V125/><F125/><W88/><G78/><N who="0" m="30315" /><D68/><U79/><E95/><V129/><F129/><N who="0" m="49162" /><D41/><U52/><E42/><V1/><F1/><W108/><G66/><T46/><D46/><U118/><E118/><V16/><F115/><W32/><G108/><T6/><D58/><U99/><E99/><V12/><F12/><AGARI ba="0,0" hai="6,10,12,27,29,34,92,94" m="49162,30315" machi="12" ten="30,1000,0" yaku="19,1" doraHai="134" who="0" fromWho="2" sc="306,10,216,0,239,-10,239,0" />
</Scene>
<Scene>
<INIT seed="2,0,0,5,0,88" ten="316,216,229,239" oya="2" hai0="63,60,39,56,37,62,90,3,6,85,31,105,0" hai1="100,92,93,4,121,51,38,11,7,29,71,14,125" hai2="35,15,13,115,47,28,36,41,108,23,61,97,67" hai3="49,52,26,109,91,12,50,84,20,44,98,40,34"/><V80/><F115/><W104/><G109/><T78/><D105/><U107/><E38/><V123/><F123/><W89/><G34/><T22/><D78/><U99/><E121/><V53/><F35/><W82/><G12/><T24/><D56/><U118/><E118/><V130/><F108/><W129/><G129/><T87/><D87/><U94/><E125/><V119/><F119/><W2/><G2/><T122/><D122/><U58/><E71/><V106/><F130/><W76/><G104/><T120/><D120/><U83/><E29/><V70/><F80/><W17/><REACH who="3" step="1"/><G98/><REACH who="3" ten="316,216,229,229" step="2"/><T133/><D0/><U45/><E107/><V43/><F97/><W18/><G18/><T79/><D3/><U19/><E58/><AGARI ba="0,1" hai="17,20,26,40,44,49,50,52,58,76,82,84,89,91" machi="58" ten="30,7700,0" yaku="1,1,7,1,8,1,54,1,53,0" doraHai="88" doraHaiUra="127" who="3" fromWho="1" sc="316,0,216,-77,229,0,229,87" />
</Scene>
<Scene>
<INIT seed="3,0,0,5,2,16" ten="316,139,229,316" oya="3" hai0="75,56,72,130,44,69,116,106,9,59,103,46,0" hai1="105,18,121,17,37,99,79,126,43,108,45,118,131" hai2="127,120,67,125,23,70,112,26,114,95,48,51,32" hai3="98,117,128,109,77,61,123,21,90,89,113,102,19"/><W132/><G113/><N who="2" m="43625" /><F32/><W55/><G117/><T36/><D130/><U50/><E118/><V86/><F86/><W20/><G123/><T27/><D69/><U101/><E121/><V47/><F95/><N who="3" m="58719" /><G128/><T38/><D27/><U22/><E108/><V6/><F6/><W119/><G119/><T80/><D80/><U65/><E131/><V8/><F8/><W110/><G77/><T54/><D9/><U97/><E126/><N who="2" m="48139" /><F120/><W122/><G122/><T71/><D0/><U4/><E79/><V73/><F73/><W31/><G132/><T49/><D103/><U84/><E84/><V28/><F47/><W25/><G110/><T88/><D106/><U94/><E4/><V40/><F40/><W29/><G109/><T14/><D116/><U5/><E5/><V30/><F30/><W93/><G93/><T133/><D133/><U124/><E124/><V74/><F74/><W7/><G7/><T83/><D75/><U129/><E129/><V135/><F135/><W134/><G134/><T39/><D72/><U11/><E11/><V12/><F12/><N who="3" m="9319" /><G31/><T104/><D104/><U13/><E105/><V107/><F107/><W42/><G42/><T34/><D34/><U58/><E99/><V68/><F68/><W78/><G78/><T63/><D71/><U33/><E33/><V81/><F81/><W2/><G2/><T92/><D83/><U24/><E13/><V10/><F10/><W100/><G100/><T115/><D14/><U91/><E101/><V1/><F1/><W66/><G25/><T60/><D115/><U64/><E17/><V85/><F85/><RYUUKYOKU ba="0,0" sc="316,-15,139,15,229,15,316,-15" hai1="18,22,24,37,43,45,50,58,64,65,91,94,97" hai2="23,26,28,48,51,67,70" />
</Scene>
<Scene>
<INIT seed="4,1,0,2,4,111" ten="301,154,244,301" oya="0" hai0="109,59,34,105,110,81,21,113,52,104,101,85,103" hai1="107,19,54,129,1,12,6,100,127,80,20,17,75" hai2="82,27,36,4,62,96,57,51,102,70,93,35,131" hai3="106,43,3,133,114,115,116,55,56,10,108,97,8"/><T118/><D34/><U121/><E121/><V15/><F36/><W87/><G108/><N who="0" m="41579" /><D118/><U9/><E129/><V31/><F131/><W124/><G116/><T38/><D38/><U30/><E127/><V26/><F70/><W14/><G43/><T24/><D113/><N who="3" m="43017" /><G124/><T22/><D22/><U112/><E112/><V42/><F82/><W11/><G3/><T132/><D132/><U122/><E122/><V40/><F51/><N who="3" m="30847" /><G133/><T47/><D47/><U67/><E67/><V76/><F76/><W64/><G64/><T86/><D52/><U48/><E1/><V53/><F26/><W130/><G130/><T77/><D59/><U74/><E54/><V78/><F78/><W13/><G87/><T49/><D49/><U88/><E74/><V58/><F58/><W120/><G120/><T94/><D21/><U23/><E48/><V16/><REACH who="2" step="1"/><F4/><REACH who="2" ten="301,154,234,301" step="2"/><W50/><G50/><T99/><D24/><N who="1" m="16671" /><E6/><V25/><F25/><W60/><G60/><T2/><D2/><U71/><E71/><V28/><F28/><W37/><G37/><T32/><D32/><U29/><E29/><V0/><F0/><W72/><G72/><T125/><D125/><U79/><E75/><V83/><F83/><W123/><G123/><T134/><D134/><U89/><E80/><V33/><F33/><W46/><G46/><T61/><D61/><U128/><E128/><V65/><F65/><W63/><G63/><T7/><D7/><U119/><E119/><V5/><F5/><W92/><G106/><T73/><D105/><U98/><E79/><V135/><F135/><W69/><G69/><RYUUKYOKU ba="1,1" sc="301,0,154,0,234,0,301,0" hai0="73,77,81,85,86,94,99,101,103,104" hai1="9,12,17,19,20,88,89,98,100,107" hai2="15,16,27,31,35,40,42,53,57,62,93,96,102" hai3="8,10,11,13,14,92,97" />
</Scene>
<Scene>
<INIT seed="4,2,1,0,3,87" ten="301,154,234,301" oya="0" hai0="33,120,116,123,31,115,102,20,70,108,11,4,86" hai1="124,107,111,78,59,6,42,96,77,81,90,27,21" hai2="1,94,101,10,54,104,126,112,106,88,92,69,56" hai3="64,68,76,132,95,12,91,34,2,37,85,18,44"/><T51/><D70/><U129/><E111/><V50/><F69/><W82/><G2/><T55/><D116/><U65/><E129/><V117/><F117/><W49/><G34/><T25/><D108/><U17/><E124/><V133/><F126/><W67/><G37/><T114/><D102/><U128/><E128/><V134/><F112/><N who="0" m="43050" /><D86/><U79/><E107/><V103/><F94/><W110/><G132/><N who="2" m="50793" /><F10/><W43/><G68/><T93/><D93/><N who="1" m="56375" /><E6/><V52/><F54/><W125/><G125/><T45/><D33/><U75/><E75/><V53/><F53/><W24/><G24/><T89/><D89/><U127/><E127/><V135/><F1/><AGARI ba="2,1" hai="1,4,11,20,25,31,45,51,55,120,123" m="43050" machi="1" ten="30,1500,0" yaku="15,1" doraHai="87" who="0" fromWho="2" sc="301,31,154,0,234,-21,301,0" />
</Scene>
<Scene>
<INIT seed="4,3,0,0,1,96" ten="332,154,213,301" oya="0" hai0="80,22,35,129,78,47,12,98,109,65,16,29,8" hai1="84,6,57,92,85,110,25,28,36,82,68,128,86" hai2="15,37,76,69,2,125,58,66,75,113,49,71,7" hai3="119,27,130,10,122,89,1,9,39,43,100,64,117"/><T19/><D129/><U17/><E68/><V62/><F37/><W115/><G100/><T60/><D109/><U95/><E128/><V121/><F121/><W13/><G64/><T131/><D131/><U44/><E110/><V34/><F34/><W26/><G89/><T91/><D35/><U99/><E6/><V114/><F2/><W21/><G43/><T18/><D47/><U90/><E17/><V59/><F125/><W123/><G39/><T132/><D132/><U48/><E36/><V24/><F24/><W104/><G104/><T5/><D98/><U81/><E57/><V126/><F126/><W107/><G107/><T79/><D91/><U94/><E90/><V63/><F76/><W14/><G130/><T40/><D40/><U61/><E61/><V97/><F75/><W108/><G108/><T93/><D93/><U135/><E135/><V67/><F97/><W111/><G111/><T32/><D32/><U30/><E99/><V102/><F102/><W124/><G124/><T45/><D45/><U42/><REACH who="1" step="1"/><E25/><REACH who="1" ten="332,144,213,301" step="2"/><V103/><F49/><W73/><G26/><N who="0" m="16599" /><D80/><AGARI ba="3,1" hai="28,30,42,44,48,80,81,82,84,85,86,92,94,95" machi="80" ten="40,2600,0" yaku="1,1,8,1,53,0" doraHai="96" doraHaiUra="118" who="1" fromWho="0" sc="332,-35,144,45,213,0,301,0" />
</Scene>
<Scene>
<INIT seed="5,0,0,5,0,107" ten="297,189,213,301" oya="1" hai0="21,79,89,88,112,55,37,27,1,124,33,32,69" hai1="132,56,106,80,65,8,62,111,35,121,26,17,91" hai2="44,64,125,120,109,113,31,49,82,22,68,115,57" hai3="29,52,18,38,67,108,130,59,77,118,97,0,72"/><U78/><E121/><V116/><F120/><W66/><G108/><T43/><D1/><U100/><E111/><V54/><F109/><W10/><G38/><T90/><D112/><N who="2" m="43082" /><F82/><W76/><G29/><T24/><D124/><U47/><E132/><V94/><F94/><W83/><G77/><T70/><D79/><U110/><E110/><V129/><F116/><W50/><G118/><T20/><D55/><U105/><E91/><V11/><F11/><W2/><G130/><T128/><D43/><U45/><E35/><N who="0" m="13385" /><D37/><U126/><E126/><V9/><F9/><W3/><REACH who="3" step="1"/><G97/><REACH who="3" ten="297,189,213,291" step="2"/><T127/><D128/><U131/><E131/><V135/><F129/><W48/><G48/><T85/><D127/><U14/><E106/><V40/><F125/><W92/><G92/><T42/><D85/><U75/><REACH who="1" step="1"/><E26/><REACH who="1" ten="297,179,213,291" step="2"/><N who="2" m="16855" /><F135/><W96/><G96/><AGARI ba="0,2" hai="8,14,17,45,47,56,62,65,75,78,80,96,100,105" machi="96" ten="40,3900,0" yaku="1,1,52,1,53,0" doraHai="107" doraHaiUra="117" who="1" fromWho="3" sc="297,0,179,59,213,0,291,-39" />
</Scene>
<Scene>
<INIT seed="5,1,0,3,0,114" ten="297,238,213,252" oya="1" hai0="27,113,91,0,77,36,104,94,108,35,134,81,29" hai1="48,119,13,45,21,56,86,112,57,42,60,101,97" hai2="74,3,120,82,54,33,30,70,63,40,90,12,5" hai3="15,96,89,95,53,92,7,18,19,87,52,68,102"/><U129/><E112/><V44/><F120/><W110/><G68/><T55/><D108/><U99/><E129/><V49/><F3/><W64/><G110/><T37/><D113/><U47/><E119/><V69/><F30/><W118/><G64/><T111/><D111/><U23/><E86/><V34/><F34/><W2/><G118/><T78/><D78/><U46/><E57/><V39/><F33/><W135/><G135/><T107/><D0/><U1/><E1/><V24/><F24/><W38/><G38/><T31/><D31/><U103/><E42/><V51/><F74/><W117/><G117/><T75/><D134/><U100/><E48/><N who="2" m="18507" /><F90/><W83/><G2/><T131/><D55/><N who="3" m="21065" /><G83/><T132/><D131/><U32/><E32/><V6/><F82/><W26/><G26/><T106/><REACH who="0" step="1"/><D132/><REACH who="0" ten="287,238,213,252" step="2"/><U85/><E13/><V128/><F128/><W8/><AGARI ba="1,1" hai="7,8,15,18,19,87,89,92,95,96,102" m="21065" machi="8" ten="30,2000,0" yaku="8,1,54,1" doraHai="114" who="3" fromWho="3" sc="287,-6,238,-11,213,-6,252,33" />
</Scene>
<Scene>
<INIT seed="6,0,0,0,2,24" ten="281,227,207,285" oya="2" hai0="130,31,80,67,89,47,55,52,120,13,122,54,101" hai1="87,124,58,75,131,100,99,45,22,36,19,43,62" hai2="51,70,110,95,68,132,84,114,27,32,20,30,125" hai3="60,37,111,71,96,64,77,86,50,105,65,21,11"/><V2/><F2/><W66/><G37/><T76/><D89/><U119/><E119/><V63/><F114/><W106/><G111/><T34/><D67/><U57/><E75/><V133/><F125/><W97/><G71/><T118/><D47/><U73/><E73/><V33/><F110/><W123/><G123/><T115/><D101/><U29/><E124/><V94/><F51/><W113/><G113/><T38/><D38/><U83/><E131/><V16/><F32/><W46/><G106/><T85/><D115/><U14/><E62/><V104/><F104/><W49/><G105/><T9/><D130/><U4/><E4/><V112/><F112/><W53/><G60/><T128/><D128/><U42/><E42/><V74/><F74/><W17/><G11/><T116/><D13/><U15/><E15/><N who="2" m="9247" /><F63/><W93/><G50/><T1/><D9/><U92/><REACH who="1" step="1"/><E29/><REACH who="1" ten="281,217,207,285" step="2"/><V48/><F48/><W6/><G6/><T10/><D1/><U79/><AGARI ba="0,1" hai="14,19,22,36,43,45,57,58,79,83,87,92,99,100" machi="79" ten="20,5200,0" yaku="1,1,2,1,0,1,7,1,53,0" doraHai="24" doraHaiUra="3" who="1" fromWho="1" sc="281,-13,217,62,207,-26,285,-13" />
</Scene>
<Scene>
<INIT seed="7,0,0,3,0,25" ten="268,279,181,272" oya="3" hai0="127,107,99,17,91,126,15,47,85,86,52,4,102" hai1="68,84,120,12,65,38,30,16,26,7,19,100,10" hai2="5,46,58,32,50,59,34,133,112,1,22,103,114" hai3="90,48,57,125,66,93,20,118,94,97,82,11,87"/><W95/><G118/><T81/><D4/><U113/><E120/><V116/><F116/><W55/><G125/><T44/><D86/><U134/><E38/><V79/><F133/><W128/><G128/><T60/><D60/><U56/><E68/><V13/><F1/><W21/><G66/><T75/><D75/><U132/><E113/><N who="2" m="43627" /><F103/><W96/><G11/><N who="0" m="6399" /><D44/><U28/><E100/><V31/><F79/><W40/><G40/><T6/><D6/><U92/><E65/><V76/><F76/><W124/><G124/><T111/><D111/><U117/><E117/><V115/><N who="2" m="43635" /><V9/><DORA hai="61" /><F22/><AGARI ba="0,0" hai="20,21,22,48,55,57,82,87,90,93,94,95,96,97" machi="22" ten="40,2000,0" yaku="8,1" doraHai="25,61" who="3" fromWho="2" sc="268,0,279,0,181,-20,272,20" />
</Scene>
<Scene>
<INIT seed="7,1,0,1,1,74" ten="268,279,161,292" oya="3" hai0="128,51,67,41,119,92,45,83,65,66,90,50,42" hai1="32,53,131,79,87,126,25,68,95,27,71,72,124" hai2="56,134,48,101,38,80,22,122,64,26,81,8,85" hai3="63,9,55,19,115,10,0,78,114,35,94,13,110"/><W40/><G35/><T54/><D119/><U57/><E131/><V100/><F38/><W46/><G78/><T125/><D128/><U4/><E4/><V60/><F122/><W96/><G110/><T15/><D125/><N who="1" m="48235" /><E72/><V133/><F8/><N who="3" m="6567" /><G0/><T120/><D120/><U28/><E27/><V127/><F48/><N who="3" m="29079" /><G40/><T70/><D15/><U86/><E95/><V129/><F129/><W82/><G63/><T75/><D83/><N who="1" m="47487" /><E87/><V106/><F127/><W17/><G82/><T113/><D75/><U58/><E58/><V103/><F106/><W37/><G17/><T111/><D111/><U73/><E73/><V14/><F14/><W31/><G31/><T130/><D130/><U11/><E11/><V43/><F43/><W20/><G20/><T61/><D42/><U24/><E24/><V123/><F123/><W52/><G37/><T5/><D5/><U99/><E99/><V69/><F69/><W7/><G7/><T2/><D2/><U29/><E29/><V108/><F108/><W121/><G121/><T23/><D23/><U34/><E34/><V107/><F107/><W30/><G30/><T98/><D70/><U59/><E59/><V62/><F62/><AGARI ba="1,0" hai="25,28,32,53,57,62,68,71" m="47487,48235" machi="62" ten="30,2000,0" yaku="18,1,52,1" doraHai="74" who="1" fromWho="2" sc="268,0,279,23,161,-23,292,0" owari="268,-13.0,302,40.0,138,-36.0,292,9.0" />
</Scene>
</mjloggm>