<mjloggm ver="2.3"><GO type="169" lobby="0"/><UN n0="%E6%9D%8E%E7%A9%8E%E8%97%8D" n1="%E5%A4%AA%E3%81%8F%E3%81%AA%E3%81%84%E3%81%8A" n2="%E3%82%88%E3%81%86%E3%81%B8%E3%83%BC%58" n3="%44%65%74%63%68%27" dan="16,17,16,17" rate="2136.04,2186.44,2068.07,2146.83" sx="M,M,M,M"/><TAIKYOKU oya="0"/>

<Scene>
<INIT seed="0,0,0,2,3,51" ten="250,250,250,250" oya="0" hai0="66,62,122,100,53,96,0,4,22,10,111,105,116" hai1="42,24,59,131,45,46,71,102,121,81,14,74,54" hai2="118,5,43,99,103,92,48,18,55,63,32,13,34" hai3="28,73,107,26,97,67,68,133,78,17,115,19,70"/><T108/><D122/><U65/><E121/><V61/><F118/><W41/><G115/><T79/><D116/><U36/><E131/><V11/><F43/><W84/><G41/><T25/><D79/><U57/><E102/><V91/><F34/><N who="3" m="20759" /><G84/><T1/><D1/><U88/><E24/><V130/><F32/><W86/><G86/><T60/><D53/><U94/><E14/><V77/><F77/><W95/><G95/><T106/><D105/><U49/><E81/><V83/><F130/><W40/><G40/><T129/><D129/><U120/><E74/><V31/><F31/><W21/><G70/><T101/><D100/><U109/><E109/><N who="0" m="42057" /><D66/><U113/><E113/><V47/><F5/><W132/><G67/><T15/><D0/><U38/><E120/><V72/><F72/><W6/><G6/><T93/><D106/><U69/><E38/><V39/><F39/><W27/><G68/><T30/><AGARI ba="0,0" hai="4,10,15,22,25,30,60,62,93,96,101" m="42057" machi="30" ten="30,3000,0" yaku="14,1,10,1" doraHai="51" who="0" fromWho="0" sc="250,30,250,-10,250,-10,250,-10" />
</Scene>
<Scene>
<INIT seed="0,1,0,5,3,35" ten="280,240,240,240" oya="0" hai0="62,33,118,34,78,49,90,40,38,60,131,74,107" hai1="41,97,98,100,114,32,106,0,99,134,76,123,88" hai2="111,61,105,77,133,130,9,2,53,8,86,104,116" hai3="57,17,11,18,92,12,19,5,103,120,75,1,4"/><T29/><D118/><U95/><E123/><V31/><F31/><W20/><G75/><T64/><D60/><U84/><E32/><V128/><F116/><W22/><G57/><T13/><D131/><N who="2" m="50218" /><F111/><W14/><G103/><T3/><D49/><U96/><E41/><V44/><F133/><W94/><G120/><T56/><D29/><U135/><E0/><V21/><F21/><N who="3" m="11431" /><G94/><T6/><D13/><U43/><E43/><V80/><F9/><N who="3" m="2191" /><G92/><T24/><D24/><U93/><E114/><V23/><F23/><AGARI ba="1,0" hai="5,11,14,18,19,20,22,23" m="2191,11431" machi="23" ten="30,12000,2" yaku="35,5,52,1" doraHai="35" who="3" fromWho="2" sc="280,0,240,0,240,-123,240,123" />
</Scene>
<Scene>
<INIT seed="1,0,0,5,4,60" ten="280,240,117,363" oya="1" hai0="90,34,69,36,133,92,20,15,118,97,100,47,79" hai1="73,131,8,67,121,134,63,108,112,96,12,59,119" hai2="91,42,18,72,61,99,1,64,58,126,135,98,81" hai3="11,7,123,68,80,9,51,109,95,27,24,13,66"/><U132/><E112/><V16/><F1/><W107/><G109/><T124/><D118/><U113/><E113/><V5/><F5/><W28/><G107/><T77/><D34/><U103/><E119/><V40/><F135/><N who="1" m="51753" /><E121/><V94/><F126/><W23/><G123/><T30/><D133/><U39/><E39/><V25/><F99/><W65/><G68/><T10/><D69/><U52/><E73/><V44/><F25/><W0/><G95/><T55/><D124/><U115/><E115/><V86/><F72/><W62/><G62/><T130/><D130/><U21/><E21/><V110/><F110/><W101/><G101/><T71/><D71/><U43/><E43/><N who="2" m="16427" /><F44/><W33/><G51/><N who="0" m="29183" /><D36/><U82/><E82/><V17/><F17/><W50/><G50/><T56/><D100/><AGARI ba="0,0" hai="16,18,58,61,64,81,86,91,94,98,100" m="16427" machi="100" ten="30,3900,0" yaku="8,1,52,1,54,1" doraHai="60" who="2" fromWho="0" sc="280,-39,240,0,117,39,363,0" />
</Scene>
<Scene>
<INIT seed="2,0,0,1,5,33" ten="241,240,156,363" oya="2" hai0="16,94,122,114,53,40,65,133,132,2,128,115,93" hai1="75,127,6,81,32,15,64,125,29,46,20,51,26" hai2="119,99,10,120,71,17,103,106,23,131,61,79,95" hai3="101,58,52,18,91,60,62,67,27,57,49,84,134"/><V82/><F120/><W98/><G134/><N who="0" m="51819" /><D122/><U70/><E70/><V55/><F119/><W37/><G37/><T31/><D128/><U39/><E64/><V14/><F131/><W126/><G126/><N who="1" m="48138" /><E39/><V24/><F71/><W90/><G84/><T102/><D40/><N who="1" m="25031" /><E6/><V42/><F42/><W56/><G101/><T108/><D108/><U123/><E123/><V47/><F106/><W25/><G98/><T59/><D65/><U66/><E66/><V68/><F68/><W112/><G112/><N who="0" m="43051" /><D31/><U34/><E15/><V92/><F92/><W116/><G116/><T35/><D35/><U30/><E30/><V44/><F61/><N who="3" m="23659" /><G67/><T54/><D102/><U48/><E48/><V100/><F100/><W83/><G83/><T129/><D129/><U9/><E9/><V96/><F96/><W109/><G109/><T5/><D94/><U85/><E75/><V88/><F103/><W130/><G130/><T63/><D93/><U22/><E32/><V74/><REACH who="2" step="1"/><F55/><REACH who="2" ten="241,240,146,363" step="2"/><W50/><G52/><T76/><D53/><U113/><E113/><V121/><F121/><W38/><G38/><T36/><D36/><U43/><E43/><V111/><F111/><W45/><G50/><T13/><D63/><U97/><E97/><V78/><F78/><AGARI ba="0,1" hai="20,22,26,29,34,78,81,85" m="25031,48138" machi="78" ten="30,1000,0" yaku="18,1" doraHai="33" who="1" fromWho="2" sc="241,0,240,20,146,-10,363,0" />
</Scene>
<Scene>
<INIT seed="3,0,0,2,3,39" ten="241,260,136,363" oya="3" hai0="54,92,18,69,32,109,110,35,55,103,87,36,97" hai1="49,104,82,46,124,74,85,114,22,107,66,70,21" hai2="37,44,118,27,125,89,28,130,29,41,13,24,64" hai3="3,26,0,52,131,112,58,51,135,115,95,71,7"/><W121/><G121/><T31/><D69/><U129/><E74/><V113/><F118/><W98/><G71/><T59/><D36/><U120/><E120/><V38/><F113/><W106/><G106/><T134/><D134/><U116/><E114/><V77/><F77/><W132/><G131/><T65/><D65/><U2/><E2/><N who="3" m="554" /><G26/><T81/><D18/><U117/><E129/><V50/><F130/><W91/><G7/><T79/><D55/><U127/><E66/><V93/><F64/><W34/><G34/><T101/><D101/><U111/><E70/><V122/><F122/><W62/><G62/><N who="0" m="36215" /><D31/><U80/><E49/><V9/><F125/><W83/><G83/><T84/><D84/><U108/><E85/><V119/><F119/><W10/><G10/><T40/><D32/><U42/><REACH who="1" step="1"/><E46/><REACH who="1" ten="241,250,136,363" step="2"/><V78/><F38/><W126/><G126/><T128/><D128/><U68/><E68/><V30/><F37/><W25/><G115/><T102/><D87/><U5/><E5/><N who="2" m="3247" /><F78/><W99/><G112/><T47/><D79/><U20/><E20/><V12/><F12/><W56/><G132/><T45/><D35/><U90/><E90/><V1/><F1/><W61/><G135/><T86/><D47/><U57/><E57/><V94/><F89/><W60/><G58/><T75/><D75/><U8/><E8/><V96/><F96/><W48/><G98/><N who="0" m="59719" /><D86/><U43/><AGARI ba="0,1" hai="21,22,42,43,80,82,104,107,108,111,116,117,124,127" machi="43" ten="25,12000,2" yaku="1,1,0,1,22,2,52,2,53,0" doraHai="39" doraHaiUra="53" who="1" fromWho="1" sc="241,-30,250,130,136,-30,363,-60" />
</Scene>
<Scene>
<INIT seed="4,0,0,4,2,110" ten="211,380,106,303" oya="0" hai0="88,81,51,5,130,16,117,90,133,75,92,48,28" hai1="1,47,91,8,83,134,96,98,63,68,105,129,106" hai2="56,9,42,29,103,87,41,6,27,35,85,123,74" hai3="95,54,44,70,43,13,71,67,102,131,58,132,4"/><T108/><D117/><U3/><E47/><V12/><F123/><W99/><G131/><T124/><D130/><U33/><E33/><V100/><F74/><W89/><G132/><T78/><D133/><U53/><E129/><V69/><F69/><W46/><G46/><T76/><D28/><U25/><E25/><V24/><F56/><W64/><G70/><T32/><D32/><U18/><E134/><V125/><F125/><W104/><G71/><T39/><D39/><U86/><E18/><V119/><F119/><W45/><G45/><T101/><D124/><U114/><E8/><V0/><F0/><W93/><G104/><T17/><D108/><U7/><E7/><V31/><F35/><W50/><G13/><T22/><D5/><U65/><E53/><V94/><F6/><W20/><G20/><T82/><D101/><U73/><E73/><V61/><F12/><W109/><G109/><T14/><D17/><U116/><E116/><V112/><F61/><W34/><G34/><T115/><D90/><U72/><E72/><V11/><REACH who="2" step="1"/><F94/><REACH who="2" ten="211,380,96,303" step="2"/><W113/><G4/><T49/><D75/><U15/><E15/><V57/><F57/><W128/><G58/><T26/><D14/><U77/><E1/><V121/><F121/><W23/><G128/><T38/><D92/><N who="1" m="56351" /><E3/><V37/><F37/><W80/><G93/><T84/><D38/><U60/><E60/><V19/><F19/><W107/><G95/><T55/><D16/><U66/><E68/><V135/><F135/><W30/><G107/><N who="1" m="40970" /><E63/><V62/><F62/><W111/><G111/><T2/><D2/><RYUUKYOKU ba="0,1" sc="211,-10,380,-10,96,30,303,-10" hai2="9,11,24,27,29,31,41,42,85,87,100,103,112" />
</Scene>
<Scene>
<INIT seed="5,1,1,0,1,18" ten="201,370,126,293" oya="1" hai0="13,133,86,4,15,6,82,115,85,29,110,5,46" hai1="93,121,43,47,95,55,100,54,108,68,37,134,58" hai2="107,69,25,91,130,3,104,119,10,105,99,125,36" hai3="52,111,120,122,30,83,135,20,84,75,12,106,61"/><U64/><E121/><V66/><F119/><W96/><G111/><T123/><D110/><U129/><E108/><V92/><F36/><W131/><G75/><T101/><D115/><U24/><E129/><V33/><F130/><W71/><G131/><T81/><D123/><U23/><E134/><V63/><F125/><W26/><G135/><T28/><D133/><U42/><E42/><V67/><F67/><W57/><G71/><T1/><D101/><U74/><E74/><V39/><F39/><W56/><G12/><N who="0" m="4683" /><D46/><U7/><E7/><V113/><F113/><W65/><G96/><T53/><D53/><U60/><E100/><V14/><F3/><W87/><G106/><T32/><D32/><U45/><E45/><V128/><F128/><W8/><G8/><T98/><D98/><U9/><E9/><V62/><F62/><W72/><G72/><T116/><D116/><U90/><E90/><V41/><F41/><W112/><G84/><N who="0" m="32363" /><D1/><U126/><E126/><V34/><REACH who="2" step="1"/><F25/><REACH who="2" ten="201,370,116,293" step="2"/><W22/><G112/><T17/><D17/><AGARI ba="1,2" hai="10,14,17,33,34,63,66,69,91,92,99,104,105,107" machi="17" ten="40,2600,0" yaku="1,1,2,1,53,0" doraHai="18" doraHaiUra="127" who="2" fromWho="0" sc="201,-29,370,0,116,49,293,0" />
</Scene>
<Scene>
<INIT seed="6,0,0,4,3,74" ten="172,370,165,293" oya="2" hai0="34,51,35,65,37,119,111,32,29,8,19,117,66" hai1="10,49,120,95,109,82,61,7,121,124,94,88,89" hai2="78,126,102,79,60,40,33,39,1,131,48,13,58" hai3="30,114,73,12,22,70,108,115,6,23,55,91,20"/><V45/><F1/><W77/><G108/><T113/><D111/><U3/><E109/><V112/><F33/><W67/><G55/><T24/><D37/><U133/><E124/><V47/><F126/><W27/><G91/><N who="1" m="34890" /><E133/><V50/><F112/><N who="3" m="43051" /><G67/><N who="0" m="25611" /><D113/><U56/><E49/><V54/><F131/><W135/><G70/><T76/><D51/><U57/><E82/><V25/><F25/><W14/><G135/><T86/><D8/><U72/><E72/><V4/><F102/><W107/><G107/><T43/><D43/><U129/><E129/><V103/><F103/><W69/><G69/><T59/><D59/><N who="1" m="22603" /><E61/><V31/><F31/><W85/><G73/><T53/><D53/><U21/><E21/><N who="3" m="8298" /><G6/><T92/><D35/><U2/><E2/><V9/><F39/><W127/><G127/><T106/><D34/><U64/><E64/><AGARI ba="0,0" hai="4,9,13,40,45,47,48,50,54,58,60,64,78,79" machi="64" ten="30,11600,0" yaku="7,1,8,1,52,2" doraHai="74" who="2" fromWho="1" sc="172,0,370,-116,165,116,293,0" />
</Scene>
<Scene>
<INIT seed="6,1,0,0,5,83" ten="172,254,281,293" oya="2" hai0="16,27,96,29,109,49,74,4,7,32,11,82,76" hai1="37,53,59,114,61,68,85,93,5,112,3,133,99" hai2="56,135,84,123,39,110,120,22,118,77,10,69,98" hai3="78,47,115,41,57,33,105,38,71,89,103,134,102"/><V24/><F69/><W92/><G134/><T107/><D109/><U119/><E119/><V35/><F35/><W101/><G71/><T131/><D131/><U132/><E37/><V2/><F39/><W28/><G78/><T65/><D65/><N who="1" m="41007" /><E5/><V111/><F118/><W126/><G126/><T106/><D49/><N who="1" m="31151" /><E3/><V42/><F135/><N who="1" m="51785" /><E85/><V117/><F117/><W50/><G105/><T36/><D36/><U72/><E72/><V104/><F2/><W94/><G38/><T9/><D96/><U124/><E124/><V43/><F98/><W52/><G28/><T51/><D51/><U64/><E64/><V0/><F0/><W14/><G33/><T15/><REACH who="0" step="1"/><D4/><REACH who="0" ten="162,254,281,293" step="2"/><U80/><E80/><N who="2" m="47119" /><F110/><W12/><G50/><T66/><D66/><U81/><E81/><V26/><F111/><W31/><G92/><T129/><D129/><U130/><E130/><V58/><F104/><W86/><G94/><T23/><D23/><U34/><E34/><V6/><F22/><W18/><G102/><AGARI ba="1,1" hai="93,99,102,112,114" m="51785,31151,41007" machi="102" ten="30,1000,0" yaku="20,1" doraHai="83" who="1" fromWho="3" sc="162,0,254,23,281,0,293,-13" />
</Scene>
<Scene>
<INIT seed="7,0,0,4,1,19" ten="162,277,281,280" oya="3" hai0="22,96,74,71,2,60,0,37,88,3,7,11,49" hai1="47,119,73,92,121,95,122,40,55,108,118,104,1" hai2="93,64,82,83,72,31,102,52,131,133,109,105,85" hai3="35,70,75,76,132,125,9,67,106,80,57,25,32"/><W13/><G125/><T84/><D37/><U124/><E108/><V98/><F64/><W101/><G132/><T30/><D74/><U62/><E104/><V110/><F31/><W107/><G57/><T79/><D79/><U34/><E1/><V10/><F133/><W68/><G25/><T8/><D96/><U23/><E34/><N who="3" m="12842" /><G9/><T38/><D38/><N who="1" m="21911" /><E73/><V63/><F10/><W100/><G13/><T112/><D112/><U54/><E95/><V53/><F131/><W39/><G67/><T5/><D49/><U81/><E81/><V97/><F63/><W51/><G51/><T45/><D45/><U123/><E92/><V61/><F61/><W114/><G114/><T36/><D36/><U41/><E41/><V69/><F69/><N who="3" m="26731" /><G39/><T127/><D127/><U6/><E6/><V59/><F59/><W12/><G12/><T113/><D113/><U14/><E124/><V129/><F129/><W91/><G91/><T126/><D126/><U56/><E14/><V15/><F15/><W134/><G134/><T29/><D3/><U17/><E17/><V24/><F24/><W27/><G27/><T90/><D22/><U86/><E23/><V77/><F110/><W42/><G42/><T65/><REACH who="0" step="1"/><D90/><REACH who="0" ten="152,277,281,280" step="2"/><U117/><E86/><V46/><F46/><W120/><G75/><T48/><D48/><U116/><E116/><V89/><F109/><W130/><G76/><AGARI ba="0,1" hai="52,53,72,76,77,82,83,85,89,93,97,98,102,105" machi="76" ten="30,2000,0" yaku="7,1,54,1" doraHai="19" who="2" fromWho="3" sc="152,0,277,0,281,30,280,-20" owari="152,-35.0,277,8.0,311,41.0,260,-14.0" />
</Scene>
</mjloggm>