<mjloggm ver="2.3"><GO type="169" lobby="0"/><UN n0="%47%E3%83%A8%E9%BE%8D%E9%96%80" n1="%41%71%75%CE%B1%72%69%75%73" n2="%E7%A5%9E%E6%AD%A6%E3%83%A9%E3%83%92%E3%83%8A%E3%83%BC" n3="%E5%A4%AA%E3%81%8F%E3%81%AA%E3%81%84%E3%81%8A" dan="17,16,16,17" rate="2178.53,2079.93,2121.90,2164.45" sx="M,M,M,M"/><TAIKYOKU oya="0"/>

<Scene>
<INIT seed="0,0,0,2,0,113" ten="250,250,250,250" oya="0" hai0="114,65,5,101,71,43,9,57,60,95,51,121,44" hai1="104,79,74,3,13,97,49,77,35,84,48,85,42" hai2="100,107,120,47,16,125,98,123,12,78,31,20,15" hai3="102,119,41,96,82,61,18,110,55,91,126,10,34"/><T58/><D114/><U72/><E3/><V117/><F125/><W28/><G110/><T87/><D121/><U33/><E13/><V53/><F78/><W130/><G126/><T127/><D127/><U8/><E8/><V2/><F2/><W27/><G130/><T6/><D6/><U23/><E23/><V25/><F12/><W80/><G41/><T64/><D64/><U45/><E97/><V7/><F7/><W111/><G111/><T46/><D46/><U62/><E62/><V105/><F105/><W54/><G119/><T56/><D101/><U69/><E104/><V92/><F117/><W134/><G134/><T99/><D99/><U83/><E69/><V132/><F132/><W94/><G61/><T75/><D75/><U32/><REACH who="1" step="1"/><E49/><REACH who="1" ten="250,240,250,250" step="2"/><V36/><F107/><W116/><G10/><T21/><D21/><U59/><E59/><V29/><F36/><W90/><G116/><T70/><D70/><U67/><E67/><V30/><REACH who="2" step="1"/><F15/><REACH who="2" ten="250,240,240,250" step="2"/><W122/><G122/><T19/><D5/><U108/><E108/><V37/><F37/><W133/><G133/><T128/><D51/><AGARI ba="0,2" hai="16,20,25,29,30,31,47,51,53,92,98,100,120,123" machi="51" ten="40,5200,0" yaku="1,1,54,1,53,1" doraHai="113" doraHaiUra="88" who="2" fromWho="0" sc="250,-52,240,0,240,72,250,0" />
</Scene>
<Scene>
<INIT seed="1,0,0,5,1,7" ten="198,240,312,250" oya="1" hai0="126,24,120,117,134,118,75,51,66,94,39,80,74" hai1="17,16,56,96,18,38,47,121,87,30,55,78,100" hai2="20,2,131,73,114,84,101,45,43,99,36,49,59" hai3="3,135,61,116,68,77,71,81,82,37,33,29,62"/><U108/><E121/><V34/><F34/><W44/><G3/><T25/><D39/><U8/><E30/><V72/><F2/><W113/><G113/><T103/><D120/><U21/><E108/><V42/><F131/><W130/><G130/><T48/><D66/><U57/><E21/><V26/><F114/><W58/><G135/><T95/><D80/><N who="1" m="47511" /><E38/><V69/><F84/><W15/><G116/><T13/><D103/><U32/><E32/><V65/><F69/><W67/><G15/><T89/><D13/><N who="1" m="7207" /><E47/><V28/><F42/><W79/><G44/><T64/><D134/><U107/><E107/><V35/><F35/><W19/><G37/><T12/><D12/><U132/><E132/><V41/><F43/><W110/><G110/><T54/><D74/><U122/><E122/><V76/><F36/><W123/><G123/><T27/><D75/><U102/><E57/><V23/><F59/><W125/><G33/><T4/><D117/><U124/><E124/><V11/><F45/><W133/><G125/><T63/><D126/><U128/><E128/><V88/><F23/><W115/><G133/><T22/><D118/><U97/><E102/><V50/><F72/><W52/><G29/><T1/><D22/><U5/><E5/><V83/><F41/><W14/><G71/><N who="0" m="42399" /><D4/><U46/><E46/><V91/><F28/><W9/><G115/><T92/><D1/><U31/><E31/><V129/><F73/><W93/><G93/><T112/><D112/><U86/><E86/><V10/><F129/><W53/><G53/><T70/><D70/><U105/><E97/><RYUUKYOKU ba="0,0" sc="198,-15,240,15,312,-15,250,15" hai1="17,18,55,56,96,100,105" hai3="9,14,19,52,58,61,62,67,68,77,79,81,82" />
</Scene>
<Scene>
<INIT seed="1,1,0,2,1,65" ten="183,255,297,265" oya="1" hai0="58,22,89,119,43,46,100,79,27,42,95,80,127" hai1="134,81,59,124,62,4,30,104,41,28,129,128,97" hai2="32,70,72,91,133,52,54,101,3,67,47,117,38" hai3="103,108,68,115,76,15,90,19,36,9,122,82,105"/><U69/><E124/><V31/><F117/><W71/><G122/><T75/><D119/><U78/><E41/><V116/><F116/><W10/><G115/><T11/><D127/><U1/><E134/><V6/><F72/><W109/><G36/><T66/><D100/><N who="1" m="62479" /><E4/><V51/><F133/><W132/><G132/><T126/><D126/><U37/><E1/><V73/><F101/><W64/><G90/><T26/><D42/><U49/><E49/><V44/><F73/><W85/><G10/><T94/><D11/><U123/><E37/><V114/><F114/><W125/><G125/><T56/><D27/><U23/><E23/><V25/><F6/><W118/><G118/><T12/><D12/><U111/><E111/><N who="3" m="42570" /><G64/><T98/><D94/><U18/><E18/><V99/><F3/><W102/><G102/><T61/><D58/><U8/><E8/><V92/><F38/><W5/><G19/><T55/><D66/><N who="1" m="41175" /><E59/><V107/><F107/><W7/><G7/><T21/><REACH who="0" step="1"/><D26/><REACH who="0" ten="173,255,297,265" step="2"/><U14/><E14/><V84/><F44/><W39/><G39/><AGARI ba="1,1" hai="21,22,39,43,46,55,56,61,75,79,80,89,95,98" machi="39" ten="30,3900,0" yaku="1,1,2,1,7,1,53,0" doraHai="65" doraHaiUra="29" who="0" fromWho="3" sc="173,52,255,0,297,0,265,-42" />
</Scene>
<Scene>
<INIT seed="2,0,0,5,3,121" ten="225,255,297,223" oya="2" hai0="94,18,134,125,114,73,110,78,34,130,79,19,12" hai1="96,23,32,99,83,38,20,92,59,124,9,113,8" hai2="118,102,63,77,30,120,45,41,103,86,133,123,105" hai3="14,6,46,24,16,39,29,50,100,33,3,98,72"/><V117/><F30/><W25/><G72/><T107/><D107/><U111/><E113/><V0/><F0/><W26/><G39/><T122/><D122/><U101/><E32/><V31/><F31/><W65/><G65/><T53/><D114/><U17/><E38/><V27/><F27/><W43/><G6/><T132/><D34/><U80/><E124/><V56/><F123/><W64/><G64/><T89/><D125/><U15/><E111/><V10/><F120/><W97/><G3/><T116/><D116/><U48/><E99/><V81/><F133/><N who="0" m="51306" /><D130/><U54/><REACH who="1" step="1"/><E23/><REACH who="1" ten="225,245,297,223" step="2"/><V22/><F22/><W55/><G97/><T35/><D35/><U88/><E88/><V93/><F118/><W84/><G33/><T44/><D110/><U106/><E106/><V131/><F117/><W47/><G29/><T66/><D89/><U74/><E74/><V82/><F105/><W90/><G98/><T135/><D73/><U49/><E49/><V76/><F76/><W95/><G100/><T62/><D78/><U58/><E58/><V91/><F102/><W57/><REACH who="3" step="1"/><G43/><REACH who="3" ten="225,245,297,213" step="2"/><T109/><D135/><U37/><E37/><V128/><F41/><W1/><G1/><T51/><D109/><U104/><E104/><V67/><F103/><W2/><G2/><T129/><D129/><U7/><E7/><V36/><F128/><W85/><G85/><T69/><D69/><U60/><E60/><V28/><F63/><W115/><G115/><T126/><D62/><U119/><E119/><V4/><F131/><W112/><G112/><T5/><D126/><U108/><E108/><RYUUKYOKU ba="0,2" sc="225,-15,245,15,297,-15,213,15" hai1="8,9,15,17,20,48,54,59,80,83,92,96,101" hai3="14,16,24,25,26,46,47,50,55,57,84,90,95" />
</Scene>
<Scene>
<INIT seed="3,1,2,0,5,134" ten="210,260,282,228" oya="3" hai0="94,81,129,132,121,101,46,19,95,57,87,29,22" hai1="99,105,70,33,75,110,56,125,4,93,17,9,77" hai2="49,38,115,30,133,0,44,50,102,124,11,37,23" hai3="91,43,119,72,58,80,32,53,65,88,1,63,59"/><W92/><G119/><T106/><D132/><U55/><E70/><V96/><F133/><W40/><G1/><T52/><D121/><U42/><E33/><V128/><F115/><W25/><G32/><T76/><D129/><U31/><E31/><V36/><F128/><W127/><G127/><T104/><D29/><U82/><E110/><V120/><F120/><W61/><G25/><T47/><D104/><U116/><E116/><V60/><F60/><W3/><G3/><T135/><D106/><U107/><E42/><V20/><F124/><W84/><REACH who="3" step="1"/><G72/><REACH who="3" ten="210,260,282,218" step="2"/><T16/><D135/><U117/><E125/><V73/><F73/><W24/><G24/><N who="0" m="14407" /><D19/><U34/><E17/><V41/><F0/><W7/><G7/><T103/><D103/><U21/><E21/><V67/><F23/><W15/><G15/><T123/><D123/><U79/><E34/><V69/><F20/><W13/><G13/><T64/><D101/><U62/><E117/><V51/><F30/><W109/><G109/><T98/><D98/><AGARI ba="1,3" hai="40,43,53,58,59,61,63,65,80,84,88,91,92,98" machi="98" ten="30,11600,0" yaku="1,1,7,1,8,1,54,1,53,0" doraHai="134" doraHaiUra="100" who="3" fromWho="0" sc="210,-119,260,0,282,0,218,149" />
</Scene>
<Scene>
<INIT seed="3,2,0,1,4,108" ten="91,260,282,367" oya="3" hai0="38,98,37,116,89,1,120,129,10,125,73,119,66" hai1="67,43,27,100,72,24,109,133,8,93,13,94,26" hai2="88,50,42,22,21,118,92,61,80,36,29,40,112" hai3="115,30,0,111,69,90,83,41,25,117,68,9,63"/><W104/><G117/><N who="0" m="45131" /><D120/><U4/><E109/><V82/><F118/><W59/><G111/><T95/><D66/><U47/><E133/><V46/><F61/><W134/><G104/><T79/><D10/><U107/><E72/><V114/><F36/><W18/><G115/><T110/><D1/><U15/><E67/><V5/><F5/><W99/><G41/><T11/><D11/><N who="1" m="4327" /><E107/><V101/><F101/><W85/><G99/><T135/><D110/><U12/><E100/><V19/><F29/><W28/><G134/><T86/><D135/><U48/><E15/><V123/><F123/><W84/><G0/><T96/><D37/><U20/><E20/><V2/><F2/><W97/><G97/><N who="0" m="37483" /><D38/><U132/><E132/><V65/><F65/><N who="3" m="39167" /><G68/><T45/><D45/><U23/><E23/><V91/><F92/><N who="3" m="54343" /><G69/><T3/><D3/><U32/><E32/><V78/><F46/><W113/><G9/><T31/><D31/><U130/><E8/><V74/><F78/><W16/><G28/><T17/><D17/><U6/><E6/><V131/><F50/><W124/><G16/><T51/><D51/><U34/><E34/><V35/><F19/><W58/><G18/><T55/><D55/><U128/><E12/><V7/><F35/><W33/><G33/><T121/><D121/><U56/><E56/><V126/><F7/><W77/><G30/><T64/><D64/><U54/><E54/><V76/><F40/><W70/><G70/><T75/><D75/><U39/><E39/><V103/><F74/><W52/><G52/><T62/><D73/><U102/><E102/><RYUUKYOKU ba="2,0" sc="91,-10,260,30,282,-10,367,-10" hai1="24,26,27,43,47,48,93,94,128,130" />
</Scene>
<Scene>
<INIT seed="4,3,0,0,3,53" ten="81,290,272,357" oya="0" hai0="127,30,75,33,25,19,112,97,135,57,134,66,26" hai1="107,35,125,122,21,37,47,59,65,95,62,67,94" hai2="96,27,79,101,58,103,44,64,88,0,126,56,63" hai3="68,113,2,38,102,23,72,124,90,84,128,1,89"/><T92/><D112/><U52/><E35/><V29/><F0/><W78/><G38/><T9/><D75/><U32/><E32/><V104/><F79/><W98/><G68/><T17/><D127/><U24/><E107/><V36/><F126/><W121/><G124/><T99/><D9/><U100/><E122/><V71/><F103/><W106/><G113/><T118/><D118/><U61/><E125/><V6/><F6/><W111/><G111/><T14/><D14/><U70/><E100/><V18/><F18/><N who="0" m="6666" /><D92/><U69/><E47/><V74/><F74/><W3/><G121/><T15/><D15/><U93/><E37/><V13/><F13/><W110/><G110/><T5/><D5/><U34/><E34/><V119/><F88/><W54/><G2/><T45/><D45/><U10/><E10/><V116/><F44/><W120/><G3/><T51/><D51/><U28/><E94/><V7/><F36/><W60/><G1/><T82/><D82/><U115/><E115/><V86/><F86/><W81/><G120/><T130/><D130/><U4/><E4/><V133/><F7/><W50/><G128/><T117/><D117/><N who="2" m="45130" /><F133/><N who="0" m="50698" /><D26/><U55/><E55/><V41/><F41/><W48/><G72/><T85/><D85/><U80/><E80/><V73/><F73/><W31/><G81/><T49/><D66/><U11/><E11/><V114/><F114/><W91/><G84/><T87/><D87/><U12/><E12/><V22/><AGARI ba="3,0" hai="22,27,29,56,58,63,64,71,96,101,104" m="45130" machi="22" ten="30,4000,0" yaku="12,1,52,2" doraHai="53" who="2" fromWho="2" sc="81,-23,290,-13,272,49,357,-13" />
</Scene>
<Scene>
<INIT seed="5,0,0,5,5,0" ten="58,277,321,344" oya="1" hai0="3,113,42,4,24,33,74,34,26,121,90,51,1" hai1="131,95,38,99,89,2,108,23,69,13,21,35,124" hai2="102,87,105,94,68,27,30,32,125,20,80,134,128" hai3="104,10,16,114,50,132,41,71,77,65,127,72,52"/><U31/><E2/><N who="0" m="521" /><D74/><U106/><E38/><V43/><F128/><W123/><G104/><T73/><D90/><U112/><E112/><V98/><F125/><W117/><G123/><T59/><D51/><U17/><E124/><V22/><F134/><W46/><G127/><T85/><D59/><U81/><E131/><V36/><F94/><W126/><G126/><T62/><D85/><N who="1" m="50351" /><E35/><N who="0" m="13321" /><D62/><U44/><E108/><V122/><F122/><W129/><G129/><T14/><D42/><U63/><E69/><V8/><F8/><W79/><G114/><T67/><D73/><U19/><E106/><V109/><F109/><W39/><G132/><T48/><D67/><U53/><E31/><V64/><F43/><W12/><G117/><T82/><D48/><N who="1" m="28807" /><E63/><N who="2" m="39967" /><F36/><W84/><G72/><T70/><D82/><U119/><E119/><V9/><F9/><W97/><G97/><T118/><D70/><U5/><E5/><V7/><F7/><W66/><G84/><T45/><D113/><U115/><E115/><V86/><F86/><W93/><G93/><T96/><D45/><U54/><E54/><V83/><F83/><W103/><G65/><T91/><D96/><U88/><E19/><V111/><F111/><W6/><G66/><T61/><D118/><U28/><E28/><V49/><F49/><W120/><G71/><T11/><D121/><U37/><E37/><V107/><F107/><W92/><G120/><T133/><D133/><U135/><E135/><V25/><F25/><N who="0" m="9834" /><D61/><U18/><E99/><V101/><F101/><W56/><G103/><T78/><D78/><AGARI ba="0,0" hai="20,22,27,30,32,78,80,87,98,102,105" m="39967" machi="78" ten="30,1000,0" yaku="25,1" doraHai="0" who="2" fromWho="0" sc="58,-10,277,0,321,10,344,0" />
</Scene>
<Scene>
<INIT seed="6,0,0,5,0,134" ten="48,277,331,344" oya="2" hai0="98,133,113,96,102,43,18,94,16,90,8,40,15" hai1="35,92,59,79,58,129,110,124,72,101,89,51,52" hai2="111,74,105,104,54,99,121,25,20,50,76,12,41" hai3="126,119,85,2,11,34,29,61,112,4,7,63,78"/><V0/><F121/><W37/><G119/><T10/><D113/><U45/><E110/><V23/><F0/><W57/><G37/><T123/><D133/><U81/><E129/><V26/><F111/><W118/><G118/><T93/><D123/><U116/><E116/><V6/><F41/><W62/><G7/><T80/><D80/><U27/><E101/><V48/><F76/><W131/><G131/><T19/><D19/><U97/><E124/><V60/><F74/><W68/><G68/><T24/><D24/><U53/><E35/><V9/><F60/><W95/><G112/><T114/><D114/><U42/><E27/><V55/><F99/><W135/><G135/><T14/><REACH who="0" step="1"/><D102/><REACH who="0" ten="38,277,331,344" step="2"/><U56/><AGARI ba="0,1" hai="42,45,51,52,53,56,58,59,72,79,81,89,92,97" machi="56" ten="30,2000,0" yaku="0,1,54,1" doraHai="134" who="1" fromWho="1" sc="38,-5,277,30,331,-10,344,-5" />
</Scene>
<Scene>
<INIT seed="7,0,0,5,1,131" ten="33,307,321,339" oya="3" hai0="110,104,4,58,47,79,21,121,56,24,61,77,129" hai1="25,113,133,120,84,46,5,97,91,50,8,48,76" hai2="115,118,64,62,27,33,126,11,15,43,80,37,9" hai3="2,105,83,86,85,109,74,18,82,89,101,35,73"/><W52/><G2/><T69/><D69/><U128/><E120/><V68/><F118/><W111/><G35/><T0/><D0/><U100/><E128/><V90/><F126/><W70/><G70/><T87/><D87/><U108/><E108/><N who="3" m="41546" /><G52/><T94/><D94/><U42/><E113/><V119/><F119/><W40/><G40/><T31/><D56/><U95/><E133/><V7/><F115/><W32/><G32/><T44/><D44/><U10/><E76/><N who="0" m="29257" /><D47/><U49/><E25/><V38/><F43/><W67/><G67/><T122/><D104/><U103/><E103/><V65/><F64/><W45/><G45/><T71/><D71/><U125/><E125/><V132/><F132/><W66/><G66/><N who="0" m="39223" /><D110/><U112/><E112/><V130/><F130/><W57/><G57/><T22/><D129/><U1/><REACH who="1" step="1"/><E8/><REACH who="1" ten="33,297,321,339" step="2"/><V3/><F27/><W26/><G101/><T78/><N who="0" m="29265" /><T124/><DORA hai="23" /><D4/><U54/><E54/><V55/><F55/><W13/><G105/><AGARI ba="0,1" hai="1,5,10,42,46,48,49,50,84,91,95,97,100,105" machi="105" ten="30,3900,0" yaku="1,1,7,1,53,1" doraHai="131,23" doraHaiUra="92,72" who="1" fromWho="3" sc="33,0,297,49,321,0,339,-39" owari="33,-47.0,346,45.0,321,12.0,300,-10.0" />
</Scene>
</mjloggm>