<mjloggm ver="2.3"><GO type="169" lobby="0"/><UN n0="%E5%A4%AA%E3%81%8F%E3%81%AA%E3%81%84%E3%81%8A" n1="%E9%A3%9B%E3%81%B3%E3%82%B7%E3%83%A3%E3%83%81" n2="%65%67%69%73%68%6F%32" n3="%E3%81%A9%E3%81%B0%E3%81%A8%E3%81%A1%E3%82%83%E3%82%93" dan="17,16,16,17" rate="2178.68,2123.02,2159.74,2152.78" sx="F,F,M,F"/><TAIKYOKU oya="0"/>

<Scene>
<INIT seed="0,0,0,3,5,33" ten="250,250,250,250" oya="0" hai0="23,128,32,126,88,28,108,35,85,47,130,132,59" hai1="48,46,99,89,124,54,56,135,40,78,91,30,83" hai2="45,38,105,37,134,25,55,16,92,53,115,107,9" hai3="95,66,62,110,102,127,106,51,82,61,80,44,103"/><T119/><D119/><U68/><E68/><V5/><F115/><W27/><G110/><T19/><D126/><U31/><E135/><V100/><F134/><W13/><G106/><T77/><D132/><U96/><E124/><V121/><F121/><W6/><G27/><N who="0" m="16511" /><D77/><U73/><E96/><V14/><F107/><W26/><G26/><T113/><D113/><U64/><E64/><V87/><F105/><W109/><G109/><T60/><D47/><U8/><E8/><V71/><F71/><W18/><G6/><T39/><D39/><U122/><E122/><V21/><F100/><N who="3" m="38443" /><G95/><N who="0" m="54671" /><D19/><U93/><REACH who="1" step="1"/><E89/><REACH who="1" ten="250,240,250,250" step="2"/><N who="2" m="53311" /><F38/><AGARI ba="0,1" hai="30,31,38,40,46,48,54,56,73,78,83,91,93,99" machi="38" ten="30,3900,0" yaku="1,1,7,1,53,1" doraHai="33" doraHaiUra="75" who="1" fromWho="2" sc="250,0,240,49,250,-39,250,0" />
</Scene>
<Scene>
<INIT seed="1,0,0,5,0,57" ten="250,289,211,250" oya="1" hai0="91,37,63,40,32,120,83,78,43,10,84,121,114" hai1="127,14,109,51,41,18,29,45,115,99,55,53,79" hai2="89,103,87,70,112,108,113,58,101,36,86,126,44" hai3="88,15,96,92,54,48,11,38,9,111,104,49,68"/><U23/><E115/><V125/><F70/><W52/><G38/><T93/><D114/><N who="2" m="44138" /><F36/><W123/><G123/><N who="0" m="47179" /><D32/><U75/><E127/><N who="2" m="48651" /><F44/><W31/><G111/><T56/><D10/><U77/><E75/><V71/><F71/><W102/><G31/><T82/><D37/><U19/><E109/><V42/><F42/><N who="0" m="15914" /><D78/><N who="1" m="29707" /><E99/><V98/><F108/><W90/><G9/><T116/><D116/><U131/><E131/><V21/><F58/><W22/><G22/><T66/><AGARI ba="0,0" hai="56,63,66,82,83,84,91,93" m="15914,47179" machi="66" ten="30,2000,0" yaku="13,1,52,1" doraHai="57" who="0" fromWho="0" sc="250,20,289,-10,211,-5,250,-5" />
</Scene>
<Scene>
<INIT seed="2,0,0,3,0,125" ten="270,279,206,245" oya="2" hai0="83,12,115,112,70,54,118,11,19,101,20,91,13" hai1="46,120,71,73,0,123,55,59,92,57,68,131,87" hai2="94,102,62,110,3,16,63,35,85,34,15,86,31" hai3="103,52,38,48,26,33,42,96,119,44,122,114,24"/><V7/><F110/><W132/><G119/><T30/><D70/><U82/><E0/><V17/><F3/><W127/><G122/><N who="1" m="46634" /><E73/><V99/><F7/><W43/><G127/><T40/><D40/><U56/><E92/><V64/><F17/><W121/><G121/><T60/><D118/><U77/><E131/><V89/><F31/><W4/><G132/><T37/><D37/><U81/><E81/><V29/><F29/><W2/><G114/><T124/><D124/><U134/><E134/><V106/><F86/><W128/><G128/><T21/><D101/><U58/><E46/><V93/><F106/><W41/><G33/><T76/><D91/><U45/><E45/><V107/><F107/><W116/><G38/><T113/><D30/><U75/><E75/><V126/><F126/><W49/><G49/><AGARI ba="0,0" hai="49,55,56,57,58,59,68,71,77,82,87" m="46634" machi="49" ten="30,1000,0" yaku="13,1" doraHai="125" who="1" fromWho="3" sc="270,0,279,10,206,0,245,-10" />
</Scene>
<Scene>
<INIT seed="3,0,0,1,5,88" ten="270,289,206,235" oya="3" hai0="109,13,6,70,54,34,49,46,4,119,118,108,96" hai1="23,135,77,84,51,100,15,55,78,26,31,126,115" hai2="35,33,12,82,14,20,80,58,24,71,60,17,68" hai3="36,87,66,30,32,99,83,27,59,57,41,113,122"/><W29/><G113/><T64/><D34/><U10/><E115/><V125/><F125/><W130/><G122/><T94/><D64/><U43/><E43/><V107/><F107/><W37/><G130/><T25/><D25/><U90/><E126/><V93/><F35/><W132/><G132/><T19/><D70/><U73/><E73/><V62/><F71/><W21/><G32/><T89/><D4/><U98/><E135/><V11/><F68/><W131/><G131/><T8/><REACH who="0" step="1"/><D6/><REACH who="0" ten="260,289,206,235" step="2"/><N who="1" m="3543" /><E100/><V116/><F33/><W47/><G66/><T117/><AGARI ba="0,1" hai="8,13,19,46,49,54,89,94,96,108,109,117,118,119" machi="117" ten="40,8000,1" yaku="1,1,0,1,52,1,53,1" doraHai="88" doraHaiUra="92" who="0" fromWho="0" sc="260,90,289,-20,206,-20,235,-40" />
</Scene>
<Scene>
<INIT seed="4,0,0,4,1,105" ten="350,269,186,195" oya="0" hai0="59,27,19,122,69,129,113,25,45,72,92,12,109" hai1="80,87,58,23,3,40,50,132,97,85,98,9,99" hai2="96,133,21,75,88,28,4,108,17,94,124,34,126" hai3="65,33,119,26,38,95,55,74,11,112,49,127,16"/><T70/><D122/><U121/><E121/><V102/><F4/><W71/><G119/><T61/><D113/><U7/><E132/><V53/><F108/><W79/><G38/><T66/><D109/><U110/><E110/><V78/><F133/><W29/><G127/><N who="2" m="48681" /><F28/><W52/><G112/><T89/><D129/><U68/><E68/><V128/><F34/><W36/><G36/><T2/><D2/><U67/><E23/><V44/><F128/><W47/><G95/><T90/><D72/><U0/><E0/><V82/><F102/><W103/><G103/><T10/><D70/><U35/><E35/><V14/><F44/><W18/><G11/><T60/><D45/><U91/><E40/><V13/><F53/><W84/><G84/><T83/><D83/><U24/><E24/><AGARI ba="0,0" hai="13,14,17,21,24,75,78,82,88,94,96" m="48681" machi="24" ten="30,3900,0" yaku="18,1,52,1,54,1" doraHai="105" who="2" fromWho="1" sc="350,0,269,-39,186,39,195,0" />
</Scene>
<Scene>
<INIT seed="5,0,0,0,4,97" ten="350,230,225,195" oya="1" hai0="31,113,56,1,128,98,18,67,108,47,81,115,74" hai1="110,135,55,8,50,59,27,44,37,68,119,76,54" hai2="70,107,51,106,102,52,36,13,0,123,129,122,132" hai3="45,69,64,19,33,95,53,30,131,124,112,94,29"/><U22/><E119/><V46/><F0/><W26/><G112/><T16/><D108/><U17/><E110/><V92/><F70/><W133/><G30/><T32/><D1/><U111/><E111/><V109/><F109/><W63/><G124/><T61/><D128/><U100/><E68/><V90/><F36/><W79/><G131/><T43/><D31/><U117/><E117/><V86/><F129/><W49/><G133/><T34/><D74/><U118/><E118/><V105/><F132/><W15/><REACH who="3" step="1"/><G79/><REACH who="3" ten="350,230,225,185" step="2"/><T101/><D115/><U60/><E135/><V78/><F78/><W127/><G127/><T134/><D113/><U11/><E76/><V84/><F84/><W38/><G38/><T85/><D134/><U28/><E37/><V120/><REACH who="2" step="1"/><F13/><REACH who="2" ten="350,230,215,185" step="2"/><W62/><G62/><T57/><D61/><U9/><E28/><V40/><F40/><W3/><G3/><T5/><D43/><U126/><E126/><V35/><F35/><W72/><G72/><T77/><D34/><U104/><E104/><V14/><F14/><W21/><AGARI ba="0,2" hai="15,19,21,26,29,33,45,49,53,63,64,69,94,95" machi="21" ten="20,5200,0" yaku="1,1,0,1,7,1,53,1" doraHai="97" doraHaiUra="66" who="3" fromWho="3" sc="350,-13,230,-26,215,-13,185,72" />
</Scene>
<Scene>
<INIT seed="6,0,0,0,2,31" ten="337,204,202,257" oya="2" hai0="20,3,29,67,91,69,46,28,72,81,45,113,133" hai1="59,87,89,62,121,34,71,135,104,122,15,109,105" hai2="32,103,129,58,88,54,43,64,48,36,5,96,56" hai3="33,110,12,14,22,4,131,44,118,92,13,35,61"/><V107/><F5/><W114/><G110/><T27/><D3/><U1/><E1/><V97/><F129/><W115/><G131/><T77/><D29/><U52/><E109/><V78/><F78/><W2/><G118/><T21/><D21/><U19/><E71/><V99/><F36/><W108/><G44/><T11/><D11/><U50/><E135/><V106/><F43/><W120/><G120/><N who="1" m="46186" /><E34/><N who="3" m="12810" /><G61/><T102/><D46/><U79/><E79/><V132/><F132/><W8/><G92/><T60/><D91/><U7/><E7/><V73/><F73/><W51/><G51/><T116/><D60/><U6/><E6/><V90/><F32/><W38/><G38/><T57/><D45/><U26/><E26/><V10/><F10/><W100/><G100/><T101/><D101/><U66/><E66/><V55/><F64/><W30/><G108/><T39/><D39/><U84/><E62/><V68/><F68/><W70/><G70/><T80/><D69/><U41/><E41/><V123/><F123/><W16/><G30/><T65/><D116/><U83/><E87/><V125/><F99/><W42/><G42/><T124/><D28/><U95/><E83/><V93/><F107/><W134/><G134/><T86/><D81/><U112/><E105/><V82/><F82/><W47/><G47/><T40/><D133/><U76/><E104/><V23/><F90/><W117/><G117/><T37/><D40/><U119/><E119/><V18/><F55/><W25/><AGARI ba="0,0" hai="2,4,8,12,13,14,16,22,25,114,115" m="12810" machi="25" ten="40,12000,2" yaku="34,2,52,3,54,1" doraHai="31" who="3" fromWho="3" sc="337,-30,204,-30,202,-60,257,120" />
</Scene>
<Scene>
<INIT seed="7,0,0,1,2,42" ten="307,174,142,377" oya="3" hai0="109,73,20,14,25,35,19,70,47,24,132,124,75" hai1="7,79,4,62,105,11,112,134,76,87,85,2,50" hai2="64,54,52,129,10,131,96,130,12,27,23,108,88" hai3="116,59,106,36,68,60,81,39,15,71,89,82,17"/><W117/><G106/><T41/><D109/><U127/><E105/><V56/><F108/><W77/><G89/><T31/><D70/><U102/><E102/><V67/><F54/><W120/><G120/><T26/><D132/><U111/><E111/><V43/><F43/><W97/><G97/><T86/><D124/><U91/><E112/><V133/><F133/><W78/><G59/><T53/><D53/><U37/><E37/><V8/><F8/><W30/><G17/><T135/><D135/><U122/><E122/><V61/><F12/><W51/><G15/><T1/><D25/><U21/><E134/><V115/><F10/><W99/><G39/><T118/><D118/><U83/><E127/><V101/><F115/><W100/><G36/><T49/><D1/><U0/><E21/><V94/><F101/><W95/><G100/><T65/><D65/><U74/><E62/><V107/><F107/><W45/><G60/><T125/><D125/><U110/><E110/><V13/><F13/><W104/><G71/><T38/><D38/><U18/><E74/><V123/><F123/><W46/><G68/><T92/><D92/><U9/><E18/><AGARI ba="0,0" hai="18,23,27,52,56,61,64,67,88,94,96,129,130,131" machi="18" ten="40,8000,1" yaku="25,2,19,1,54,2" doraHai="42" who="2" fromWho="1" sc="307,0,174,-80,142,80,377,0" owari="307,11.0,94,-41.0,222,-18.0,377,48.0" />
</Scene>
</mjloggm>