<mjloggm ver="2.3"><GO type="169" lobby="0"/><UN n0="%72%79%6F%E2%80%A6%31%35" n1="%E5%A4%AA%E3%81%8F%E3%81%AA%E3%81%84%E3%81%8A" n2="%41%56%E4%BB%A3%E7%90%86" n3="%47%E3%82%A8%E3%83%94%E3%82%AA%E3%83%B3" dan="18,17,17,16" rate="2205.71,2182.04,2111.76,2058.02" sx="M,M,M,M"/><TAIKYOKU oya="0"/>

<Scene>
<INIT seed="0,0,0,5,1,35" ten="250,250,250,250" oya="0" hai0="118,8,133,48,75,21,134,74,124,25,57,112,131" hai1="132,92,3,59,66,126,99,47,72,65,98,52,12" hai2="83,23,130,125,104,50,73,5,53,77,78,30,117" hai3="33,15,70,64,111,26,95,97,60,7,108,56,14"/><T61/><D118/><U22/><E72/><V27/><F117/><W29/><G70/><T100/><D112/><U115/><E115/><V85/><F104/><W63/><G63/><T39/><D39/><U37/><E126/><V67/><F125/><W43/><G43/><T55/><D124/><U46/><E3/><V119/><F119/><W90/><REACH who="3" step="1"/><G7/><REACH who="3" ten="250,250,250,240" step="2"/><T109/><D131/><U11/><E66/><V96/><F5/><W127/><G127/><T103/><D133/><U121/><E65/><V0/><F67/><W114/><G114/><T49/><D134/><U20/><E132/><V89/><F130/><W36/><G36/><T2/><D109/><AGARI ba="0,1" hai="14,15,26,29,33,56,60,64,90,95,97,108,109,111" machi="109" ten="40,2600,0" yaku="1,1,14,1,53,0" doraHai="35" doraHaiUra="81" who="3" fromWho="0" sc="250,-26,250,0,250,0,240,36" />
</Scene>
<Scene>
<INIT seed="1,0,0,3,2,38" ten="224,250,250,276" oya="1" hai0="5,70,117,108,135,96,10,129,68,7,2,17,74" hai1="73,4,119,18,23,32,82,45,127,124,106,122,120" hai2="115,97,66,69,92,85,20,22,3,130,0,51,86" hai3="87,102,58,114,6,15,44,25,12,37,80,27,65"/><U30/><E106/><V75/><F75/><W95/><G114/><T72/><D117/><U104/><E104/><V126/><F115/><W31/><G102/><T36/><D135/><U62/><E62/><V111/><F69/><N who="0" m="26730" /><D17/><U16/><E73/><N who="0" m="28265" /><D7/><U54/><E82/><V64/><F51/><W42/><G95/><T121/><D108/><U77/><E77/><V84/><F111/><W89/><G6/><T53/><D53/><U43/><E54/><V60/><F84/><W41/><G41/><T100/><D36/><N who="1" m="21735" /><E119/><V113/><F113/><W101/><G101/><T105/><D129/><U107/><E107/><V46/><F130/><W78/><G78/><T133/><D133/><U34/><E18/><V47/><F60/><W134/><G134/><T118/><D118/><U112/><E4/><V39/><F39/><W1/><G1/><T57/><D57/><U125/><E112/><V63/><F63/><W29/><G58/><T35/><D121/><N who="1" m="46699" /><E30/><V61/><F61/><W83/><G83/><T21/><D21/><U109/><E109/><V67/><F66/><W59/><G65/><T76/><D76/><U33/><E33/><AGARI ba="0,0" hai="2,5,10,33,35,96,100,105" m="28265,26730" machi="33" ten="30,2000,0" yaku="33,2" doraHai="38" who="0" fromWho="1" sc="224,20,250,-20,250,0,276,0" />
</Scene>
<Scene>
<INIT seed="2,0,0,0,4,44" ten="244,230,250,276" oya="2" hai0="24,121,10,104,16,129,132,64,6,28,120,116,94" hai1="76,96,128,111,84,107,45,86,57,114,93,88,115" hai2="2,83,125,42,81,71,131,60,90,51,4,13,18" hai3="100,103,69,126,134,36,101,31,74,75,43,117,20"/><V112/><F112/><N who="1" m="43049" /><E57/><V55/><F42/><W68/><G117/><T87/><D104/><U0/><E45/><V32/><F32/><W23/><G134/><T78/><D116/><U119/><E0/><V127/><F131/><W102/><G126/><N who="2" m="48137" /><F90/><W79/><G75/><T95/><D132/><U9/><E9/><N who="2" m="2199" /><F60/><W63/><G63/><T8/><D129/><U82/><E119/><V11/><F71/><W99/><G69/><T62/><D120/><U67/><E67/><V70/><F70/><W50/><G68/><T46/><D121/><U35/><E35/><V19/><F18/><W98/><G43/><T39/><D62/><U37/><E37/><V47/><AGARI ba="0,0" hai="11,13,19,47,51,55,81,83" m="2199,48137" machi="47" ten="30,3000,0" yaku="18,1,52,1" doraHai="44" who="2" fromWho="2" sc="244,-10,230,-10,250,30,276,-10" />
</Scene>
<Scene>
<INIT seed="2,1,0,0,0,134" ten="234,220,280,266" oya="2" hai0="123,69,87,23,133,119,88,128,38,17,73,91,106" hai1="130,21,81,0,16,83,1,37,57,82,20,80,11" hai2="56,97,129,45,120,108,85,131,42,111,2,33,55" hai3="63,6,105,116,48,62,114,117,126,29,122,32,50"/><V54/><F2/><W66/><G122/><T84/><D119/><U51/><E37/><N who="2" m="21711" /><F33/><W112/><G105/><T75/><D106/><U36/><E36/><V72/><F72/><W64/><G6/><T5/><D123/><U35/><E35/><V27/><F27/><W7/><G7/><T109/><D133/><U68/><E68/><V104/><F85/><W78/><G32/><T39/><D69/><U107/><E107/><V61/><F120/><W115/><G29/><T60/><D5/><U93/><E130/><N who="2" m="49675" /><F104/><W118/><G78/><T40/><D128/><U77/><E93/><V100/><F100/><W53/><G126/><T28/><D28/><U99/><E99/><V13/><F13/><W19/><G19/><T113/><D17/><U9/><E0/><V46/><F97/><W24/><G24/><T98/><D98/><U30/><E1/><V12/><F12/><W110/><G110/><N who="2" m="42025" /><F46/><W41/><G118/><T8/><D109/><U58/><E30/><V90/><F90/><W101/><G101/><T125/><D88/><U22/><E16/><V26/><F26/><W103/><G103/><T65/><D91/><U15/><E15/><V92/><F92/><W76/><G117/><T59/><D75/><N who="1" m="43071" /><E9/><V132/><F132/><W44/><G116/><T3/><D73/><U47/><E11/><V102/><F102/><W96/><G96/><T18/><D8/><U94/><E94/><V67/><AGARI ba="1,0" hai="54,55,56,61,67" m="42025,49675,21711" machi="67" ten="30,12000,1" yaku="19,1,14,1,10,1,34,2" doraHai="134" who="2" fromWho="2" sc="234,-41,220,-41,280,123,266,-41" />
</Scene>
<Scene>
<INIT seed="2,2,0,4,1,117" ten="193,179,403,225" oya="2" hai0="132,126,17,78,58,84,56,53,82,93,10,42,103" hai1="9,81,102,73,99,110,6,31,47,30,100,35,64" hai2="94,36,28,101,60,44,14,29,89,5,23,51,2" hai3="119,120,96,87,63,79,4,133,34,40,67,71,121"/><V15/><F36/><W74/><G119/><T37/><D132/><U49/><E110/><V20/><F101/><W66/><G74/><T8/><D126/><U39/><E64/><V33/><F60/><W70/><G133/><T72/><D42/><N who="1" m="23007" /><E49/><V134/><F2/><W128/><G34/><T109/><D37/><U135/><E135/><V19/><F33/><W104/><G128/><T50/><D109/><U62/><E62/><V114/><F114/><W54/><G40/><T105/><D58/><U130/><E130/><V26/><F5/><W75/><G75/><T65/><D65/><U43/><E43/><N who="2" m="24991" /><F134/><W113/><G113/><T22/><D105/><N who="1" m="63647" /><E102/><V38/><F38/><W25/><G67/><T106/><D106/><U111/><E35/><V27/><F19/><W24/><G71/><T85/><D72/><U46/><E46/><V55/><F55/><W131/><G131/><T80/><D103/><U3/><E111/><V116/><F116/><W68/><G68/><T95/><D95/><U124/><E124/><V77/><F77/><AGARI ba="2,0" hai="3,6,9,30,31,73,77,81" m="63647,23007" machi="77" ten="30,1000,0" yaku="25,1" doraHai="117" who="1" fromWho="2" sc="193,0,179,16,403,-16,225,0" />
</Scene>
<Scene>
<INIT seed="3,0,0,4,1,105" ten="193,195,387,225" oya="3" hai0="121,101,37,127,124,115,128,131,11,83,54,98,9" hai1="44,111,126,109,122,92,66,64,33,82,123,51,117" hai2="52,21,72,26,95,57,68,80,34,8,40,86,104" hai3="76,87,29,56,50,17,42,88,89,28,39,23,74"/><W108/><G39/><T63/><D37/><U81/><E33/><V65/><F104/><W31/><G108/><N who="1" m="41546" /><E92/><V91/><F8/><N who="0" m="3146" /><D121/><N who="1" m="46091" /><E126/><N who="0" m="48169" /><D83/><N who="1" m="31755" /><E117/><V12/><F34/><W103/><G103/><T78/><D78/><U45/><E51/><V5/><F95/><W94/><G76/><T32/><D32/><U24/><E24/><V60/><F26/><W41/><G89/><T13/><D13/><U73/><E73/><V79/><F5/><W77/><G77/><T1/><D1/><U134/><E134/><V116/><F116/><W114/><G74/><T119/><D119/><U6/><E6/><V69/><F12/><W85/><G88/><T22/><D22/><U58/><E58/><V27/><F91/><W93/><G56/><N who="0" m="35223" /><D115/><U19/><E19/><V70/><F72/><W113/><G114/><T14/><D14/><U96/><E96/><V0/><F0/><W7/><G113/><T30/><D30/><U15/><E15/><V135/><F135/><W110/><G110/><T47/><D47/><AGARI ba="0,0" hai="44,45,47,64,66" m="31755,46091,41546" machi="47" ten="40,5200,0" yaku="28,2,14,1" doraHai="105" who="1" fromWho="0" sc="193,-52,195,52,387,0,225,0" />
</Scene>
<Scene>
<INIT seed="4,0,0,2,1,106" ten="141,247,387,225" oya="0" hai0="55,61,39,53,110,31,97,87,5,125,119,73,20" hai1="94,131,75,122,64,118,51,76,91,10,12,43,101" hai2="90,74,115,98,103,85,93,19,28,36,80,22,78" hai3="45,124,117,16,40,42,86,81,79,26,116,89,38"/><T54/><D39/><U13/><E118/><V95/><F36/><W120/><G124/><T72/><D119/><U130/><E101/><V6/><F6/><W30/><G120/><T32/><D32/><U49/><E122/><V57/><F57/><W15/><G42/><T11/><D125/><U29/><E29/><V7/><F7/><W123/><G89/><T44/><D44/><U102/><E102/><V34/><F34/><W127/><G123/><T56/><D97/><N who="1" m="57567" /><E64/><V60/><F60/><W129/><G129/><N who="1" m="49162" /><E43/><V71/><F71/><W100/><G100/><T96/><D96/><U23/><E23/><V25/><REACH who="2" step="1"/><F115/><REACH who="2" ten="141,247,377,225" step="2"/><W135/><G127/><T108/><D61/><U128/><E128/><V113/><F113/><W84/><G117/><T69/><D69/><U65/><E65/><V77/><F77/><W82/><G79/><T17/><D56/><U66/><E66/><V9/><F9/><W27/><G116/><T47/><D47/><U111/><E76/><V107/><F107/><W134/><G45/><T33/><D33/><U70/><E10/><V105/><F105/><W46/><G46/><T37/><D37/><U121/><E70/><V88/><F88/><W68/><G68/><T8/><D8/><U99/><E121/><V92/><F92/><W18/><G38/><T112/><D112/><U1/><E51/><V24/><F24/><W21/><G27/><N who="0" m="16871" /><D5/><U83/><E49/><V126/><F126/><W67/><G26/><T63/><D63/><U41/><E41/><V50/><F50/><W0/><G40/><T59/><D59/><U104/><E104/><RYUUKYOKU ba="0,1" sc="141,-10,247,-10,377,30,225,-10" hai2="19,22,25,28,74,78,80,85,90,93,95,98,103" />
</Scene>
<Scene>
<INIT seed="5,1,1,5,1,53" ten="131,237,407,215" oya="1" hai0="97,21,127,75,128,33,17,88,90,43,87,78,135" hai1="109,26,38,77,126,67,73,131,98,70,59,55,25" hai2="9,35,63,71,13,66,85,80,125,91,61,113,83" hai3="49,65,116,0,129,101,44,60,34,106,130,1,32"/><U95/><E38/><V50/><F35/><W30/><G116/><T36/><D33/><N who="3" m="12905" /><G30/><T57/><D135/><U111/><E131/><N who="3" m="50186" /><G101/><T23/><D128/><U39/><E39/><V12/><F50/><W117/><G106/><T115/><D115/><U40/><E40/><V4/><F125/><W69/><G117/><T10/><D127/><U99/><E126/><V52/><F113/><W79/><G79/><T48/><D75/><U94/><E67/><V18/><F80/><W84/><G84/><T31/><D36/><U68/><E55/><AGARI ba="1,1" hai="0,1,44,49,55,60,65,69" m="50186,12905" machi="55" ten="30,1000,0" yaku="19,1" doraHai="53" who="3" fromWho="1" sc="131,0,237,-13,407,0,215,23" />
</Scene>
<Scene>
<INIT seed="6,0,0,0,4,75" ten="131,224,407,238" oya="2" hai0="52,126,7,86,77,123,26,117,102,56,57,12,2" hai1="8,83,9,130,11,70,41,112,115,91,20,45,81" hai2="78,134,122,39,114,110,15,135,106,100,92,73,47" hai3="59,61,28,129,118,99,50,22,38,127,109,30,5"/><V34/><F15/><W19/><G38/><T108/><D123/><U23/><E70/><V68/><F47/><W54/><G109/><T88/><D108/><U24/><E130/><V44/><F44/><W14/><G118/><T43/><D2/><U1/><E1/><V119/><F92/><W63/><G127/><T16/><D126/><U35/><E35/><V65/><F65/><W27/><G129/><T121/><D121/><U72/><E91/><V42/><F100/><W113/><G113/><N who="1" m="43594" /><E72/><V74/><F78/><W25/><G99/><T67/><D102/><U66/><E66/><V89/><F89/><W3/><G3/><T132/><D132/><U29/><E23/><V80/><F80/><W48/><G5/><T46/><D117/><U76/><E76/><V94/><F42/><W53/><G27/><T10/><D77/><U18/><E29/><N who="3" m="11370" /><G25/><T4/><D26/><U32/><E32/><V131/><F94/><W6/><G6/><T62/><D43/><U36/><AGARI ba="0,0" hai="8,9,11,18,20,24,36,41,45,81,83" m="43594" machi="36" ten="30,1100,0" yaku="15,1" doraHai="75" who="1" fromWho="1" sc="131,-3,224,11,407,-5,238,-3" />
</Scene>
<Scene>
<INIT seed="7,0,0,3,2,18" ten="128,235,402,235" oya="3" hai0="24,83,104,41,12,135,118,82,80,114,62,103,93" hai1="17,15,125,7,31,28,126,14,85,90,46,102,45" hai2="34,86,38,22,61,2,30,76,21,111,110,19,116" hai3="35,94,67,40,33,115,95,56,107,20,4,37,120"/><W36/><G120/><T65/><D118/><U0/><E102/><V57/><F2/><W72/><G107/><T75/><D135/><U1/><E7/><V133/><F38/><W79/><G37/><T81/><N who="0" m="20480" /><DORA hai="132" /><T92/><D75/><U117/><E85/><V44/><F34/><W27/><G72/><T129/><D129/><U8/><E90/><V25/><F133/><W52/><G79/><T60/><D114/><U42/><E17/><V88/><F44/><W49/><G115/><T97/><D41/><U119/><E8/><V99/><F99/><W124/><G4/><T68/><D60/><U96/><E96/><V131/><F116/><W105/><G105/><T69/><D69/><U29/><E29/><V16/><F30/><W58/><G36/><T122/><D122/><U9/><E9/><V127/><F131/><W47/><G35/><T128/><D128/><U13/><E13/><V3/><F3/><W71/><G33/><T77/><D77/><U87/><E87/><V10/><F76/><W113/><G71/><T123/><D123/><U70/><E70/><V26/><F10/><W106/><G106/><T84/><D84/><U74/><E74/><V55/><F127/><W39/><G124/><T23/><REACH who="0" step="1"/><D12/><REACH who="0" ten="118,235,402,235" step="2"/><U6/><E42/><V109/><F110/><W48/><G113/><T63/><D63/><U130/><E130/><V134/><F134/><W121/><G121/><T54/><D54/><U66/><E6/><V5/><F5/><W64/><G40/><T73/><D73/><U53/><E53/><V100/><F55/><W101/><G52/><RYUUKYOKU ba="0,1" sc="118,15,235,15,402,-15,235,-15" hai0="23,24,62,65,68,92,93,97,103,104" hai1="0,1,14,15,28,31,45,46,66,117,119,125,126" owari="133,-37.0,250,5.0,397,50.0,220,-18.0" />
</Scene>
</mjloggm>