<mjloggm ver="2.3"><GO type="169" lobby="0"/><UN n0="%E5%99%82%E3%81%AE%E3%81%8D%E3%81%BF%E3%81%A9%E3%82%8A" n1="%E5%A4%AA%E3%81%8F%E3%81%AA%E3%81%84%E3%81%8A" n2="%E2%98%85%E6%96%B0%E5%9E%A3%E3%81%82%E3%82%84%E3%81%9B%E2%98%85" n3="%E3%81%8D%E3%81%A4%E3%83%BC%E3%81%AD" dan="16,17,16,16" rate="2112.40,2182.13,2074.69,2081.60" sx="F,M,F,M"/><TAIKYOKU oya="0"/>

<Scene>
<INIT seed="0,0,0,3,3,53" ten="250,250,250,250" oya="0" hai0="121,110,44,89,14,114,135,119,13,33,24,93,26" hai1="45,87,37,50,70,27,64,3,1,84,77,18,62" hai2="22,29,78,124,109,69,102,107,23,51,82,80,132" hai3="116,74,49,59,32,39,126,54,7,34,81,100,65"/><T63/><D114/><U60/><E37/><V10/><F109/><W68/><G116/><T48/><D119/><U20/><E62/><V92/><F107/><W104/><G126/><T113/><D113/><U25/><E25/><N who="0" m="9833" /><D33/><U129/><E129/><V30/><F69/><W90/><G7/><T94/><D121/><U0/><REACH who="1" step="1"/><E77/><REACH who="1" ten="250,240,250,250" step="2"/><V95/><F78/><W19/><G39/><T35/><D63/><U66/><E66/><V4/><F29/><W123/><G65/><T6/><D110/><U79/><E79/><V11/><F30/><W61/><G61/><T117/><D117/><U15/><E15/><V41/><F124/><W97/><G68/><T43/><D35/><U98/><E98/><V58/><F51/><W12/><G123/><T130/><D130/><U105/><E105/><V31/><F31/><W56/><G34/><T5/><D135/><U101/><E101/><V47/><F102/><W17/><G32/><T134/><D134/><U85/><E85/><V21/><F132/><W9/><G74/><T131/><D131/><U57/><E57/><V88/><F58/><W108/><G108/><T83/><D14/><U52/><AGARI ba="0,1" hai="0,1,3,18,20,27,45,50,52,60,64,70,84,87" machi="52" ten="30,4000,0" yaku="1,1,0,1,54,1,53,0" doraHai="53" doraHaiUra="127" who="1" fromWho="1" sc="250,-20,240,50,250,-10,250,-10" />
</Scene>
<Scene>
<INIT seed="1,0,0,0,4,49" ten="230,290,240,240" oya="1" hai0="54,84,116,37,18,90,77,3,4,43,2,63,23" hai1="108,7,83,93,29,21,130,66,58,133,15,22,51" hai2="123,61,94,120,113,91,46,106,89,5,32,79,109" hai3="42,69,74,8,45,98,55,134,30,34,11,44,75"/><U127/><E127/><V20/><F32/><W59/><G69/><T87/><D116/><U6/><E130/><V102/><F5/><W28/><G134/><T60/><D37/><U95/><E133/><V53/><F106/><W105/><G105/><T73/><D73/><U33/><E33/><V40/><F79/><W65/><G34/><T115/><D43/><U64/><E108/><V121/><F109/><W86/><G86/><T25/><D115/><U36/><E36/><V104/><F104/><W118/><G118/><T72/><D72/><U128/><E128/><V10/><F10/><W80/><G80/><T47/><D2/><U99/><E83/><V111/><F113/><W38/><G98/><T100/><D4/><U124/><E124/><V14/><F111/><W17/><G17/><T81/><D100/><U78/><E78/><V39/><F102/><W117/><G117/><T92/><REACH who="0" step="1"/><D3/><REACH who="0" ten="220,290,240,240" step="2"/><U110/><E110/><V132/><F132/><W101/><G101/><T107/><D107/><U0/><E0/><V85/><F123/><W67/><G42/><T52/><D52/><N who="1" m="32031" /><E7/><V68/><F121/><W119/><G38/><T131/><D131/><U26/><E6/><V24/><F120/><W71/><G119/><T70/><D70/><U125/><E125/><V82/><F68/><W103/><G71/><T129/><D129/><U1/><E1/><V35/><F39/><W50/><G75/><T56/><D56/><U114/><E114/><V27/><F40/><W97/><G74/><T12/><D12/><U19/><E99/><V31/><F14/><W16/><G97/><RYUUKYOKU ba="0,1" sc="220,15,290,15,240,-15,240,-15" hai0="18,23,25,47,54,60,63,77,81,84,87,90,92" hai1="15,19,21,22,26,29,64,66,93,95" />
</Scene>
<Scene>
<INIT seed="1,1,1,1,5,97" ten="235,305,225,225" oya="1" hai0="58,34,118,23,25,132,116,96,94,105,5,108,28" hai1="21,115,20,50,48,70,101,39,131,90,107,78,121" hai2="71,114,9,84,80,12,14,8,37,81,93,111,62" hai3="47,133,125,124,53,102,61,66,43,13,69,113,30"/><U27/><E39/><V129/><F37/><N who="3" m="21999" /><G102/><T24/><D108/><U65/><E115/><V16/><F111/><W86/><G86/><T7/><D132/><U44/><E121/><V36/><F36/><W35/><G113/><T68/><D105/><U4/><E78/><V119/><F119/><W17/><G30/><T82/><D68/><U67/><E70/><V22/><F114/><W38/><G35/><T73/><D58/><U120/><E4/><N who="2" m="3079" /><F71/><W40/><G133/><T75/><D116/><U49/><E120/><V92/><F129/><W85/><G85/><T46/><D46/><U59/><E44/><V109/><F109/><W52/><G17/><T60/><D60/><U41/><E41/><V1/><F1/><W89/><G89/><T100/><D118/><U51/><E90/><N who="2" m="51471" /><F80/><W79/><G13/><T6/><REACH who="0" step="1"/><D82/><REACH who="0" ten="225,305,225,225" step="2"/><U0/><E59/><V95/><F62/><W128/><G61/><T110/><D110/><U56/><E56/><V77/><F77/><W74/><G79/><T104/><D104/><U83/><E83/><V64/><F64/><W103/><G66/><T63/><D63/><U99/><E65/><V123/><F123/><W72/><G69/><T106/><D106/><U26/><E67/><V2/><F95/><W91/><G38/><T57/><D57/><U127/><E107/><V98/><F92/><W76/><G76/><T55/><D55/><U15/><E48/><V134/><F134/><W45/><G53/><T10/><D10/><U19/><E50/><V31/><F9/><W130/><G52/><T135/><D135/><U54/><E54/><RYUUKYOKU ba="1,2" sc="225,30,305,-10,225,-10,225,-10" hai0="5,6,7,23,24,25,28,34,73,75,94,96,100" />
</Scene>
<Scene>
<INIT seed="2,2,2,4,5,91" ten="255,295,215,215" oya="2" hai0="81,92,29,60,40,44,51,105,100,9,47,130,42" hai1="101,2,102,108,117,109,121,22,64,78,135,50,113" hai2="26,133,13,80,90,85,122,57,25,103,3,0,111" hai3="38,30,52,1,114,67,12,20,11,132,70,84,99"/><V94/><F122/><W89/><G38/><T21/><D130/><U27/><E113/><V54/><F133/><W116/><G116/><T98/><D81/><U58/><E117/><V110/><F0/><W24/><G114/><T61/><D9/><U77/><E2/><V32/><F3/><W126/><G132/><T65/><D105/><U43/><E135/><V93/><F103/><N who="1" m="39433" /><E121/><V106/><F106/><W73/><G73/><T33/><D33/><U88/><E64/><V112/><F112/><W45/><G99/><T68/><D68/><U129/><E129/><V83/><F13/><W119/><G119/><T118/><D118/><U125/><E125/><V115/><F115/><W124/><G1/><T41/><D47/><N who="1" m="25983" /><E58/><V19/><F19/><N who="3" m="8607" /><G67/><T7/><D7/><U74/><E74/><V86/><F32/><W6/><G70/><T69/><REACH who="0" step="1"/><D61/><REACH who="0" ten="245,295,215,215" step="2"/><U16/><E109/><N who="2" m="41483" /><F25/><AGARI ba="2,3" hai="21,25,29,40,41,42,44,51,60,65,69,92,98,100" machi="25" ten="40,2600,0" yaku="1,1,52,1,53,0" doraHai="91" doraHaiUra="34" who="0" fromWho="2" sc="245,62,295,0,215,-32,215,0" />
</Scene>
<Scene>
<INIT seed="3,0,0,3,3,15" ten="307,295,183,215" oya="3" hai0="83,82,99,69,3,38,62,128,70,133,77,39,47" hai1="100,117,50,55,12,40,5,33,124,122,92,36,16" hai2="49,48,91,94,72,68,131,116,97,59,135,132,42" hai3="98,113,105,90,0,79,21,61,115,84,53,35,127"/><W121/><G121/><T7/><D83/><U34/><E122/><V104/><F68/><W109/><G35/><T31/><D128/><U1/><E36/><V134/><F116/><W107/><G0/><T45/><D45/><U102/><E40/><V75/><F131/><W8/><G8/><N who="0" m="2175" /><D38/><U24/><E117/><V101/><F42/><W2/><G2/><T43/><D133/><U25/><E1/><V23/><F23/><W29/><G127/><T123/><D123/><U87/><E5/><V66/><F66/><W85/><G21/><T54/><D31/><U86/><E124/><V30/><F30/><W76/><G29/><T44/><D99/><N who="1" m="59495" /><E102/><V22/><F22/><W14/><G98/><T118/><D118/><U57/><E33/><V125/><F125/><W130/><G130/><T46/><D54/><U32/><E32/><V73/><REACH who="2" step="1"/><F59/><REACH who="2" ten="307,295,173,215" step="2"/><W56/><G56/><T18/><D70/><U119/><E34/><V110/><F110/><W89/><G109/><T126/><D126/><U114/><E119/><V103/><F103/><W71/><G71/><T26/><D69/><U11/><E114/><V67/><F67/><W64/><G64/><T17/><D47/><U20/><E20/><V10/><F10/><W120/><G120/><T60/><D46/><U74/><E24/><V19/><F19/><N who="0" m="7178" /><D26/><U111/><E25/><V80/><F80/><W28/><G28/><T95/><D95/><U78/><E111/><V63/><F63/><W106/><G61/><T93/><D93/><U129/><E129/><V108/><F108/><W81/><G106/><T51/><D39/><RYUUKYOKU ba="0,1" sc="307,10,295,10,173,10,215,-30" hai0="43,44,51,60,62,77,82" hai1="11,12,16,50,55,57,74,78,86,87" hai2="48,49,72,73,75,91,94,97,101,104,132,134,135" />
</Scene>
<Scene>
<INIT seed="4,1,1,5,0,92" ten="317,305,183,185" oya="0" hai0="48,61,33,99,32,133,7,58,135,82,59,27,30" hai1="4,34,21,24,23,127,130,50,39,97,114,85,25" hai2="94,80,103,105,128,125,53,38,83,19,90,96,95" hai3="108,44,112,123,104,13,18,36,106,75,129,54,5"/><T132/><D7/><U47/><E39/><V52/><F38/><W15/><G108/><T42/><D82/><N who="2" m="31274" /><F105/><W87/><G75/><T78/><D78/><U100/><E85/><N who="2" m="52559" /><F125/><W64/><G87/><T22/><D99/><U43/><E127/><V10/><F128/><W79/><G79/><T88/><D88/><U9/><E130/><V37/><F37/><W91/><G91/><T81/><D81/><U110/><E110/><V109/><F109/><W101/><G129/><T63/><D42/><U20/><E34/><N who="0" m="13417" /><D48/><U40/><E40/><V1/><F1/><W116/><G116/><T102/><D102/><U66/><E66/><V126/><F126/><W76/><G76/><T8/><D8/><U46/><E46/><V77/><F77/><W12/><G5/><T11/><D11/><U98/><E98/><V60/><F60/><AGARI ba="1,1" hai="22,27,30,58,59,60,61,63,132,133,135" m="13417" machi="60" ten="40,2000,0" yaku="20,1" doraHai="92" who="0" fromWho="2" sc="317,33,305,0,183,-23,185,0" />
</Scene>
<Scene>
<INIT seed="4,2,0,4,5,109" ten="350,305,160,185" oya="0" hai0="46,98,13,4,20,48,58,7,15,38,64,115,37" hai1="30,120,91,101,80,29,84,129,113,134,41,75,112" hai2="60,6,105,16,71,102,111,19,108,10,24,1,110" hai3="52,90,86,107,130,59,81,126,99,33,25,42,3"/><T61/><D115/><N who="1" m="44107" /><E120/><V21/><F105/><W114/><G3/><T49/><D38/><U94/><E134/><V106/><F106/><W124/><G42/><T77/><D77/><N who="1" m="44095" /><E129/><V79/><F102/><W8/><G114/><T125/><D125/><U63/><E41/><V131/><F79/><W39/><G39/><T67/><D37/><U31/><E63/><V53/><F131/><W70/><G70/><T97/><D61/><U11/><E11/><V36/><F36/><W68/><G68/><T18/><D20/><U45/><E45/><V92/><F71/><W135/><G130/><T95/><D46/><U100/><AGARI ba="2,0" hai="29,30,31,84,91,94,100,101" m="44095,44107" machi="100" ten="40,8000,1" yaku="15,1,11,1,52,3" doraHai="109" who="1" fromWho="1" sc="350,-42,305,86,160,-22,185,-22" />
</Scene>
<Scene>
<INIT seed="5,0,0,3,3,7" ten="308,391,138,163" oya="1" hai0="105,65,42,25,46,70,88,58,38,37,130,11,68" hai1="112,2,28,118,57,14,63,119,127,52,50,6,79" hai2="69,17,18,71,113,75,64,76,82,35,39,74,109" hai3="59,20,10,103,72,41,16,85,23,19,128,90,49"/><U111/><E2/><V73/><F109/><W84/><G72/><T0/><D105/><U61/><E28/><V80/><F113/><W94/><G128/><T125/><D38/><U4/><E79/><V77/><F39/><W97/><G84/><T3/><D130/><U27/><E27/><V102/><F102/><W5/><G23/><T13/><D125/><U43/><E4/><V15/><F35/><W116/><G116/><T45/><D45/><N who="1" m="25919" /><E14/><V106/><F106/><W24/><G41/><T132/><D132/><U62/><E6/><V29/><F29/><W123/><G123/><T131/><D25/><U8/><E8/><V56/><F56/><W9/><G19/><N who="2" m="7177" /><F15/><W107/><REACH who="3" step="1"/><G5/><REACH who="3" ten="308,391,138,153" step="2"/><T101/><D131/><U135/><E118/><V87/><F87/><W93/><G93/><T126/><D42/><U115/><E119/><V26/><F26/><W110/><G110/><T83/><D126/><U51/><E111/><V12/><F73/><W33/><G33/><T34/><D34/><U53/><E127/><V36/><F75/><W1/><G1/><T117/><D3/><U54/><E135/><V55/><F74/><W81/><G81/><T21/><D0/><U108/><E108/><V96/><F80/><W86/><G86/><T129/><D21/><U124/><E124/><V95/><F82/><W22/><G22/><T47/><D129/><U89/><E89/><V104/><F95/><W44/><G44/><T99/><D88/><U134/><E134/><V98/><F104/><W120/><G120/><T60/><D117/><U48/><E48/><V133/><F133/><RYUUKYOKU ba="0,1" sc="308,-15,391,15,138,-15,153,15" hai1="51,52,53,54,57,61,62,63,112,115" hai3="9,10,16,20,24,49,59,85,90,94,97,103,107" />
</Scene>
<Scene>
<INIT seed="5,1,1,3,0,86" ten="293,406,123,168" oya="1" hai0="40,132,90,43,23,52,51,130,38,42,65,126,56" hai1="27,75,91,46,16,77,32,123,4,29,99,82,12" hai2="127,24,109,69,25,74,84,100,21,135,61,41,112" hai3="98,20,120,111,57,122,67,128,49,31,94,28,110"/><U8/><E123/><V97/><F74/><W102/><G128/><T93/><D130/><U62/><E62/><V115/><F109/><N who="3" m="41483" /><G49/><T118/><D118/><U71/><E71/><V103/><F127/><W119/><G28/><T15/><D132/><U101/><E46/><V89/><F135/><W113/><G119/><T34/><D34/><U124/><E124/><V22/><F41/><W78/><G78/><T106/><D106/><U63/><E63/><V76/><F76/><W92/><G92/><T19/><D126/><U10/><E91/><V96/><F61/><N who="3" m="38319" /><G113/><N who="2" m="43593" /><F69/><W131/><G131/><T59/><D65/><U105/><REACH who="1" step="1"/><E4/><REACH who="1" ten="293,396,123,168" step="2"/><V39/><F39/><W70/><G70/><T37/><REACH who="0" step="1"/><D56/><REACH who="0" ten="283,396,123,168" step="2"/><U66/><E66/><V18/><F103/><W55/><G120/><T11/><D11/><AGARI ba="1,3" hai="8,10,11,12,16,27,29,32,75,77,82,99,101,105" machi="11" ten="30,5800,0" yaku="1,1,7,1,54,1,53,0" doraHai="86" doraHaiUra="108" who="1" fromWho="0" sc="283,-61,396,91,123,0,168,0" />
</Scene>
<Scene>
<INIT seed="5,2,0,5,0,116" ten="222,487,123,168" oya="1" hai0="29,132,100,4,115,109,133,33,55,38,77,40,52" hai1="10,21,98,6,93,91,22,1,57,72,46,62,56" hai2="15,11,31,108,28,5,12,127,59,51,71,81,44" hai3="45,110,113,118,89,37,54,58,34,101,102,3,70"/><U96/><E72/><V8/><F71/><W23/><G34/><T114/><D109/><U66/><E46/><V47/><F108/><W60/><G110/><T78/><D100/><U48/><E96/><V128/><F127/><W69/><G3/><T2/><D38/><U88/><E91/><V104/><F104/><W61/><G118/><T106/><D40/><U68/><E48/><V64/><F128/><W76/><G76/><N who="0" m="29291" /><D106/><U120/><E120/><V73/><F73/><W65/><G113/><N who="0" m="43019" /><D4/><U42/><E42/><V75/><F75/><W63/><G23/><T135/><D2/><U122/><E122/><V134/><F134/><W111/><G111/><T87/><D87/><U19/><REACH who="1" step="1"/><E22/><REACH who="1" ten="222,477,123,168" step="2"/><V103/><F47/><W35/><G89/><T41/><D41/><U7/><E7/><V82/><F44/><W97/><G97/><T24/><AGARI ba="2,1" hai="24,29,33,52,55,132,133,135" m="43019,29291" machi="24" ten="40,5200,0" yaku="20,1,15,1,54,1" doraHai="116" who="0" fromWho="0" sc="222,68,477,-28,123,-15,168,-15" />
</Scene>
<Scene>
<INIT seed="6,0,0,4,4,132" ten="290,449,108,153" oya="2" hai0="15,107,54,58,43,98,94,96,135,55,103,74,73" hai1="25,5,84,114,92,26,116,27,78,52,104,121,93" hai2="21,125,123,71,99,35,109,18,110,4,118,31,134" hai3="95,47,3,120,83,75,13,87,48,49,50,16,38"/><V36/><F118/><W17/><G120/><T51/><D135/><U126/><E104/><V97/><F134/><W81/><G3/><T6/><D43/><U42/><E42/><V32/><F123/><W124/><G38/><T60/><D6/><U122/><E116/><V57/><F36/><W128/><G128/><T88/><REACH who="0" step="1"/><D15/><REACH who="0" ten="280,449,108,153" step="2"/><U70/><E5/><V64/><F110/><W72/><G13/><T19/><D19/><U11/><E121/><V20/><F109/><W113/><G17/><T61/><D61/><U106/><E122/><V2/><F18/><W130/><G16/><T28/><D28/><U7/><E7/><V44/><F31/><W131/><G131/><T34/><D34/><U39/><E11/><V85/><F35/><W9/><G9/><T90/><D90/><U102/><E26/><V40/><F32/><W63/><G130/><T0/><D0/><U117/><E27/><V30/><F4/><W127/><G63/><T105/><D105/><U80/><E25/><V100/><F2/><W37/><G37/><T1/><D1/><U33/><E106/><V59/><F30/><W82/><G47/><AGARI ba="0,1" hai="47,51,54,55,58,60,73,74,88,94,96,98,103,107" machi="47" ten="30,3900,0" yaku="1,1,7,1,54,1,53,0" doraHai="132" doraHaiUra="76" who="0" fromWho="3" sc="280,49,449,0,108,0,153,-39" />
</Scene>
<Scene>
<INIT seed="7,0,0,2,4,107" ten="329,449,108,114" oya="3" hai0="78,67,20,127,128,131,33,110,103,64,31,45,55" hai1="109,120,76,41,87,132,42,118,115,2,112,82,56" hai2="125,34,24,104,60,77,105,38,9,86,93,90,49" hai3="79,13,83,6,18,73,36,70,57,23,92,17,108"/><W4/><G36/><T28/><D33/><U7/><E109/><V39/><F39/><W15/><G108/><T68/><D110/><U51/><E120/><V10/><F38/><W81/><G70/><T71/><D127/><U32/><E32/><V48/><F125/><W0/><G0/><T5/><D103/><U89/><E2/><V97/><F34/><W59/><G92/><T72/><D5/><U74/><E7/><V26/><F105/><W75/><G23/><T101/><D101/><U50/><E132/><V8/><F104/><W14/><G15/><T11/><D11/><U3/><E3/><V29/><F60/><W1/><G1/><T25/><D45/><U84/><E84/><V88/><F77/><AGARI ba="0,0" hai="4,6,13,14,17,18,57,59,73,75,77,79,81,83" machi="77" ten="25,9600,0" yaku="22,2,52,2" doraHai="107" who="3" fromWho="2" sc="329,0,449,0,108,-96,114,96" />
</Scene>
<Scene>
<INIT seed="7,1,0,0,3,61" ten="329,449,12,210" oya="3" hai0="114,131,83,6,86,8,26,5,22,85,10,40,17" hai1="67,9,4,58,55,59,3,7,79,52,63,27,0" hai2="118,39,64,74,129,34,29,87,84,98,46,15,19" hai3="106,13,49,2,95,103,30,33,124,78,111,62,112"/><W71/><G111/><T21/><D131/><U24/><E79/><V107/><F129/><W54/><G2/><T128/><D40/><U115/><E115/><V69/><F118/><W66/><G112/><T28/><D128/><U23/><E67/><V14/><F74/><W93/><G124/><T123/><D114/><U116/><E116/><V1/><F1/><W60/><G60/><T117/><D123/><U119/><E119/><V32/><F39/><W57/><G13/><N who="0" m="9391" /><D117/><U48/><E23/><V53/><F46/><W80/><G80/><T72/><D72/><U45/><E45/><V37/><F53/><W105/><G78/><N who="0" m="46327" /><D86/><U121/><E121/><V100/><F37/><W50/><G50/><T125/><D125/><U82/><E82/><V36/><F32/><W109/><G109/><T113/><D113/><U51/><E51/><V134/><F36/><W132/><G132/><T110/><D110/><U94/><E94/><V65/><F134/><W56/><G56/><T99/><D99/><U25/><E3/><V16/><F15/><W38/><G38/><T41/><D41/><U102/><E0/><V135/><F135/><W120/><G120/><T31/><D31/><U76/><E76/><V108/><F108/><W133/><G133/><T81/><D81/><U20/><E48/><V122/><F122/><W92/><REACH who="3" step="1"/><G103/><REACH who="3" ten="329,449,12,200" step="2"/><T96/><D5/><U11/><E7/><V101/><F101/><W97/><G97/><T104/><D6/><U47/><E4/><V75/><F98/><W91/><G91/><T77/><D77/><U126/><E102/><V35/><F100/><RYUUKYOKU ba="1,1" sc="329,15,449,-15,12,-15,200,15" hai0="8,10,22,26,28,96,104" hai3="30,33,49,54,57,62,66,71,92,93,95,105,106" owari="344,14.0,444,54.0,-3,-50.0,215,-18.0" />
</Scene>
</mjloggm>