<mjloggm ver="2.3"><GO type="169" lobby="0"/><UN n0="%65%69%6B%31" n1="%E5%A4%AA%E3%81%8F%E3%81%AA%E3%81%84%E3%81%8A" n2="%E3%81%92%E3%82%93%E3%81%9F%E3%82%8D" n3="%E3%83%8D%E3%83%BC%E3%83%A0%E3%83%AC%E3%82%B9%EF%BC%97" dan="17,18,17,17" rate="2157.92,2238.63,2100.35,2130.08" sx="M,M,M,M"/><TAIKYOKU oya="0"/>

<Scene>
<INIT seed="0,0,0,3,0,115" ten="250,250,250,250" oya="0" hai0="26,94,116,29,109,69,117,39,50,75,128,24,49" hai1="90,131,133,99,104,91,135,100,96,76,43,113,28" hai2="68,9,124,21,95,51,114,1,44,132,62,47,15" hai3="86,18,79,111,35,12,61,123,17,22,87,63,98"/><T112/><D39/><U56/><E28/><V48/><F1/><W129/><G35/><T81/><D69/><U19/><E43/><V10/><F114/><W74/><G111/><T71/><D71/><U105/><E56/><V121/><F121/><W4/><G123/><T58/><D112/><U107/><E19/><V77/><F77/><W59/><G74/><T40/><D109/><U85/><E113/><V84/><F132/><N who="1" m="50761" /><E131/><V60/><F124/><W93/><G129/><T88/><D128/><U126/><E126/><V97/><F84/><N who="3" m="32299" /><G79/><T67/><D40/><U78/><E91/><V41/><F68/><W37/><G37/><T64/><D75/><U8/><E8/><V54/><F21/><N who="3" m="11431" /><G4/><T2/><D29/><U7/><E7/><V36/><F9/><W55/><G55/><T46/><D58/><U73/><E73/><V27/><F27/><N who="3" m="14807" /><G59/><T106/><D2/><U14/><E14/><V130/><F36/><W38/><G38/><T66/><D66/><U122/><E122/><V102/><REACH who="2" step="1"/><F130/><REACH who="2" ten="250,250,240,250" step="2"/><W33/><G33/><T70/><D70/><U119/><E76/><V118/><F118/><W32/><G32/><T30/><D116/><U103/><E78/><V72/><F72/><W53/><G53/><T57/><D117/><U110/><E119/><V42/><F42/><W31/><G31/><T83/><D30/><U101/><E110/><V11/><F11/><W0/><G0/><T13/><D26/><U6/><E6/><AGARI ba="0,1" hai="6,10,15,41,44,47,48,51,54,60,62,95,97,102" machi="6" ten="30,3900,0" yaku="1,1,7,1,8,1,53,0" doraHai="115" doraHaiUra="34" who="2" fromWho="1" sc="250,0,250,-39,240,49,250,0" />
</Scene>
<Scene>
<INIT seed="1,0,0,0,3,88" ten="250,211,289,250" oya="1" hai0="132,83,48,131,18,11,105,99,130,102,44,89,56" hai1="120,23,10,81,41,85,110,45,14,36,67,32,2" hai2="38,30,57,13,9,86,53,52,124,47,12,126,69" hai3="15,24,87,59,104,101,28,34,4,17,90,42,8"/><U22/><E120/><V129/><F69/><W106/><G42/><T97/><D56/><U114/><E114/><V62/><F129/><W19/><G59/><T125/><D125/><N who="2" m="48234" /><F30/><W49/><G49/><T98/><D132/><U134/><E32/><V40/><F86/><W31/><G31/><T35/><D35/><U117/><E117/><V58/><F9/><W133/><G133/><T46/><D46/><U108/><E67/><V51/><AGARI ba="0,0" hai="12,13,38,40,47,51,52,53,57,58,62" m="48234" machi="51" ten="30,2000,0" yaku="18,1,54,1" doraHai="88" who="2" fromWho="2" sc="250,-5,211,-10,289,20,250,-5" />
</Scene>
<Scene>
<INIT seed="2,0,0,5,5,12" ten="245,201,309,245" oya="2" hai0="2,92,119,124,58,15,112,21,73,133,1,5,97" hai1="56,90,41,55,20,74,46,78,31,10,62,32,68" hai2="91,80,29,134,53,13,27,30,60,18,65,39,6" hai3="76,77,26,99,22,16,64,130,66,8,59,110,109"/><V88/><F39/><W38/><G38/><T113/><D73/><U83/><E32/><V25/><F134/><W70/><G70/><T79/><D79/><N who="3" m="30281" /><G130/><T9/><D133/><U67/><E90/><V102/><F102/><W0/><G99/><T106/><D106/><U69/><E31/><N who="2" m="11787" /><F6/><N who="3" m="1095" /><G59/><T49/><D119/><U104/><E104/><V72/><F72/><W93/><G93/><T96/><D124/><U45/><E20/><N who="2" m="11343" /><F65/><W125/><G125/><T85/><D1/><U117/><E117/><V7/><F7/><W126/><G126/><T40/><D2/><U19/><E67/><V103/><F103/><W47/><G47/><N who="0" m="25831" /><D113/><U108/><E45/><V44/><F91/><W107/><G107/><T4/><D4/><U120/><E68/><V14/><F14/><W28/><G28/><T121/><D121/><U128/><E69/><V42/><F42/><W122/><G122/><T23/><D112/><U54/><E120/><V71/><F71/><W98/><G98/><N who="0" m="37995" /><D58/><U87/><E74/><V33/><F33/><W81/><G81/><T129/><D129/><U95/><E128/><V116/><F116/><W86/><G86/><T75/><D75/><U127/><E127/><V3/><F3/><W37/><G37/><T17/><D5/><U57/><E78/><V118/><F118/><W48/><G64/><T34/><D34/><U36/><E36/><V105/><F105/><W82/><G66/><T84/><D84/><U11/><E87/><N who="2" m="50279" /><F44/><W111/><G82/><T35/><D35/><U43/><E46/><V101/><F101/><W52/><G111/><T131/><D131/><RYUUKYOKU ba="0,0" sc="245,10,201,-30,309,10,245,10" hai0="9,15,17,21,23,85,92" hai2="25,27,53,60" hai3="16,22,26,48,52,109,110" />
</Scene>
<Scene>
<INIT seed="2,1,0,0,3,94" ten="255,171,319,255" oya="2" hai0="63,49,119,69,36,42,87,58,1,121,90,12,76" hai1="28,47,70,44,124,82,81,72,62,0,53,108,48" hai2="22,38,135,125,104,30,109,92,55,65,120,91,24" hai3="89,117,35,102,103,113,97,54,112,51,88,100,20"/><V95/><F38/><W5/><G35/><T13/><D1/><U37/><E28/><V123/><F104/><W110/><G117/><T98/><D36/><U41/><E0/><V23/><F135/><W83/><G5/><T50/><D69/><U43/><E72/><V10/><F125/><W74/><G110/><T114/><D114/><N who="3" m="44137" /><G20/><T56/><D121/><U2/><E2/><V19/><F65/><W99/><G74/><T39/><D39/><N who="1" m="21567" /><E82/><V18/><F109/><W96/><G83/><N who="0" m="47591" /><D58/><AGARI ba="1,0" hai="51,54,58,88,89,96,97,99,100,102,103" m="44137" machi="58" ten="40,8000,1" yaku="11,1,52,3,54,1" doraHai="94" who="3" fromWho="0" sc="255,-83,171,0,319,0,255,83" />
</Scene>
<Scene>
<INIT seed="3,0,0,2,0,80" ten="172,171,319,338" oya="3" hai0="63,13,12,71,6,18,97,86,88,119,135,14,41" hai1="93,81,44,110,42,8,89,31,28,69,19,82,98" hai2="46,48,3,58,38,134,114,35,51,128,76,30,106" hai3="127,123,26,36,107,132,111,40,50,61,115,11,72"/><W49/><G115/><T118/><D6/><U67/><E110/><V21/><F3/><W0/><G123/><T83/><D135/><U75/><E69/><V60/><F35/><W34/><G72/><T66/><D41/><U37/><E67/><V1/><F1/><W4/><G107/><T100/><REACH who="0" step="1"/><D18/><REACH who="0" ten="162,171,319,338" step="2"/><U109/><E109/><V56/><F134/><W43/><G132/><T126/><D126/><U74/><E19/><V16/><F16/><W9/><G127/><T108/><D108/><U15/><E42/><V7/><F7/><W32/><G111/><T120/><D120/><U68/><E28/><V101/><F30/><W95/><G43/><T27/><D27/><U33/><E31/><V129/><F114/><W64/><G40/><T54/><D54/><U45/><E37/><V121/><F38/><W10/><G36/><T53/><D53/><U77/><E33/><V87/><F121/><W24/><G34/><T99/><D99/><U2/><E2/><V103/><F128/><W17/><G32/><T96/><D96/><U39/><E39/><V78/><F129/><W47/><G0/><T62/><D62/><U22/><E15/><V84/><F60/><W20/><G4/><T131/><D131/><U94/><E98/><V116/><F51/><W113/><G113/><T25/><D25/><U122/><E122/><V70/><F48/><W52/><G50/><T112/><D112/><U5/><E5/><V90/><F46/><W130/><G130/><T57/><D57/><U79/><E45/><V65/><F58/><N who="3" m="36919" /><G26/><T59/><D59/><U29/><E44/><RYUUKYOKU ba="0,1" sc="162,15,171,-15,319,-15,338,15" hai0="12,13,14,63,66,71,83,86,88,97,100,118,119" hai3="9,10,11,17,20,24,47,49,52,95" />
</Scene>
<Scene>
<INIT seed="3,1,1,2,4,126" ten="177,156,304,353" oya="3" hai0="64,129,102,84,117,2,14,87,44,108,68,76,132" hai1="25,133,7,17,100,51,93,67,12,38,88,23,28" hai2="55,32,26,13,19,77,124,116,109,83,127,22,86" hai3="0,122,79,43,20,99,10,80,135,94,46,52,72"/><W130/><G122/><T101/><D2/><U48/><E38/><V21/><F116/><W8/><G135/><T39/><D117/><U29/><E133/><V89/><F32/><W104/><G104/><T75/><D75/><U50/><E100/><V121/><F121/><W54/><G20/><T24/><D132/><U70/><E70/><V57/><F109/><W90/><G130/><T27/><D108/><U123/><E67/><V33/><F33/><W5/><REACH who="3" step="1"/><G10/><REACH who="3" ten="177,156,304,343" step="2"/><T114/><D129/><U96/><E123/><V119/><F119/><W118/><G118/><T1/><D114/><U40/><E40/><V74/><F127/><W31/><G31/><T71/><D27/><U47/><E47/><V125/><F125/><W35/><G35/><T97/><D24/><U85/><E29/><V6/><F124/><W120/><G120/><T92/><D44/><U11/><REACH who="1" step="1"/><E28/><REACH who="1" ten="177,146,304,343" step="2"/><V134/><F134/><W59/><G59/><T81/><D71/><U115/><E115/><V58/><F58/><W41/><G41/><T103/><D68/><U110/><E110/><V78/><F57/><W15/><G15/><T98/><D14/><U63/><E63/><V111/><F13/><W91/><G91/><T30/><D30/><U4/><E4/><V69/><F89/><W45/><G45/><T56/><D56/><U106/><E106/><V37/><F69/><W53/><G53/><T62/><D62/><U66/><E66/><V3/><F55/><W18/><G18/><T73/><D64/><U95/><E95/><V112/><F19/><W42/><G42/><T105/><D105/><RYUUKYOKU ba="1,3" sc="177,-15,146,15,304,-15,343,15" hai1="7,11,12,17,23,25,48,50,51,85,88,93,96" hai3="0,5,8,43,46,52,54,72,79,80,90,94,99" />
</Scene>
<Scene>
<INIT seed="3,2,3,1,5,70" ten="162,161,289,358" oya="3" hai0="104,112,88,24,76,41,37,87,113,15,51,22,114" hai1="14,1,40,8,52,110,65,26,59,43,34,23,99" hai2="17,53,81,19,50,116,74,98,97,10,38,46,55" hai3="33,20,35,57,69,106,18,30,4,48,56,78,45"/><W134/><G69/><T127/><D104/><U28/><E110/><V101/><F116/><W21/><G106/><T49/><D76/><U126/><E126/><V32/><F32/><W72/><G134/><T84/><D84/><U2/><E65/><V128/><F128/><W105/><G105/><T27/><D15/><U120/><E120/><V3/><F38/><W82/><G4/><T75/><D75/><U121/><E121/><V123/><F123/><W109/><G109/><T90/><D127/><U58/><E58/><V68/><F68/><W135/><G135/><T93/><D90/><U79/><E79/><V54/><F3/><W108/><G108/><T73/><D73/><U89/><E1/><V11/><F74/><W125/><G125/><T47/><REACH who="0" step="1"/><D27/><REACH who="0" ten="152,161,289,358" step="2"/><U80/><E2/><V13/><F81/><W95/><G82/><T44/><D44/><U9/><E80/><V100/><F13/><W64/><G72/><T29/><AGARI ba="2,4" hai="22,24,29,37,41,47,49,51,87,88,93,112,113,114" machi="29" ten="30,8000,1" yaku="1,1,0,1,11,1,52,1,54,1,53,0" doraHai="70" doraHaiUra="122" who="0" fromWho="0" sc="152,126,161,-22,289,-22,358,-42" />
</Scene>
<Scene>
<INIT seed="4,0,0,1,5,64" ten="278,139,267,316" oya="0" hai0="52,38,71,103,84,23,122,48,79,68,47,32,100" hai1="87,36,77,62,20,96,49,56,59,91,10,127,129" hai2="21,30,106,119,112,131,98,24,4,50,3,0,83" hai3="134,120,118,63,86,18,73,54,75,108,92,16,104"/><T26/><D32/><U25/><E36/><V8/><F112/><W7/><G108/><T74/><D74/><U34/><E34/><V37/><F119/><W46/><G118/><T42/><D122/><U5/><E129/><V53/><F131/><W128/><G104/><T60/><D79/><U72/><E72/><V66/><F37/><W6/><G128/><T133/><D84/><U65/><E77/><V113/><F113/><W123/><G134/><T111/><D133/><U109/><E96/><V11/><F66/><W125/><G125/><T126/><D126/><U114/><E109/><V97/><F106/><W69/><G75/><T85/><D85/><U51/><E59/><V39/><F39/><W61/><G73/><T13/><D13/><U99/><E99/><V1/><F83/><W44/><G86/><T88/><D88/><U80/><E114/><V110/><F110/><W70/><G54/><T67/><D71/><U15/><REACH who="1" step="1"/><E127/><REACH who="1" ten="278,129,267,316" step="2"/><V27/><F98/><W95/><AGARI ba="0,1" hai="6,7,16,18,44,46,61,63,69,70,92,95,120,123" machi="95" ten="25,12000,2" yaku="0,1,22,2,52,2,54,1" doraHai="64" who="3" fromWho="3" sc="278,-60,129,-30,267,-30,316,130" />
</Scene>
<Scene>
<INIT seed="5,0,0,4,4,16" ten="218,99,237,446" oya="1" hai0="26,66,2,45,125,103,98,8,102,61,100,33,37" hai1="46,44,113,41,58,62,79,107,118,65,72,108,121" hai2="3,24,85,64,73,18,38,111,109,31,71,70,63" hai3="80,83,60,30,128,54,76,42,56,29,93,101,134"/><U78/><E118/><V99/><F3/><W47/><G134/><T119/><D119/><U12/><E121/><V49/><F73/><W86/><G128/><T129/><D129/><U94/><E107/><V50/><F38/><W91/><G101/><T69/><D125/><U0/><E0/><V39/><F39/><W120/><G120/><T82/><D82/><N who="3" m="31273" /><G76/><N who="1" m="29226" /><E72/><V75/><F85/><W48/><AGARI ba="0,0" hai="29,30,42,47,48,54,56,60,86,91,93" m="31273" machi="48" ten="30,1100,0" yaku="8,1" doraHai="16" who="3" fromWho="3" sc="218,-3,99,-5,237,-3,446,11" />
</Scene>
<Scene>
<INIT seed="6,0,0,0,4,48" ten="215,94,234,457" oya="2" hai0="104,28,128,100,84,61,114,15,46,23,45,53,5" hai1="92,98,85,20,77,39,24,14,30,118,11,37,41" hai2="55,124,127,99,70,109,1,89,110,4,26,47,27" hai3="79,59,58,74,54,112,75,0,95,129,42,131,63"/><V96/><F70/><W67/><G0/><T120/><D120/><U102/><E118/><V111/><F4/><W119/><G119/><T32/><D32/><U93/><E41/><V83/><F1/><W19/><G42/><T21/><D114/><U51/><E39/><V2/><F2/><W101/><G112/><T6/><D104/><U34/><E37/><V90/><F83/><W38/><G38/><T65/><D100/><U29/><E34/><V82/><F82/><W50/><G19/><N who="0" m="10495" /><D65/><U97/><E85/><V103/><F47/><N who="0" m="17930" /><D84/><U133/><E133/><V25/><F55/><W69/><G69/><T8/><D8/><U52/><E77/><V87/><F87/><W16/><G79/><T106/><D106/><U22/><E11/><V60/><F60/><W105/><G105/><T36/><D36/><U135/><E135/><V12/><F12/><W134/><G134/><T78/><D128/><U86/><E86/><V57/><F57/><W107/><G107/><T122/><D122/><U72/><E72/><V126/><REACH who="2" step="1"/><F103/><REACH who="2" ten="215,94,224,457" step="2"/><W116/><G101/><T81/><D81/><U62/><E62/><V117/><F117/><W68/><G59/><N who="0" m="35055" /><D78/><U10/><E102/><V91/><AGARI ba="0,1" hai="25,26,27,89,90,91,96,99,109,110,111,124,126,127" machi="91" ten="50,48000,5" yakuman="40" doraHai="48" doraHaiUra="35" who="2" fromWho="2" sc="215,-160,94,-160,224,490,457,-160" owari="55,-34.0,-66,-57.0,714,81.0,297,10.0" />
</Scene>
</mjloggm>