<mjloggm ver="2.3"><GO type="169" lobby="0"/><UN n0="%E2%80%A0%58%54%45%4E%44%E2%80%A0" n1="%73%68%6F%6F%74%33%39" n2="%E5%A4%AA%E3%81%8F%E3%81%AA%E3%81%84%E3%81%8A" n3="%46%75%6E%54%69%6D%65" dan="17,18,18,16" rate="2164.69,2220.81,2278.62,2067.61" sx="F,M,F,M"/><TAIKYOKU oya="0"/>

<Scene>
<INIT seed="0,0,0,2,2,10" ten="250,250,250,250" oya="0" hai0="118,125,4,110,114,32,30,103,130,70,117,1,82" hai1="73,127,33,71,119,93,102,131,126,58,98,111,88" hai2="53,18,66,59,28,112,31,120,105,67,74,20,87" hai3="61,129,92,0,35,44,128,38,11,69,80,104,37"/><T26/><D82/><U78/><E71/><V97/><F74/><W72/><G92/><T48/><D48/><U22/><E33/><V134/><F120/><W13/><G13/><T77/><D77/><U91/><E119/><V68/><F112/><W133/><G133/><T57/><D57/><U85/><E58/><V51/><F134/><W76/><G35/><T5/><D103/><U113/><E113/><V123/><F123/><W21/><G21/><T41/><D41/><U121/><E121/><V96/><F105/><W62/><G62/><T8/><D70/><U29/><E131/><V63/><F67/><N who="3" m="41199" /><G104/><T124/><D114/><U95/><E111/><V2/><F2/><W79/><G79/><T9/><D130/><N who="3" m="50281" /><G44/><T107/><D107/><N who="1" m="63959" /><E22/><V19/><F19/><W52/><G52/><T108/><D118/><U122/><E29/><V40/><F28/><W34/><G34/><T106/><D106/><U55/><E55/><V135/><F31/><W94/><G94/><T3/><D117/><U42/><E42/><V46/><F135/><W100/><G100/><T50/><D50/><U47/><E47/><V27/><REACH who="2" step="1"/><F87/><REACH who="2" ten="250,250,240,250" step="2"/><W101/><G72/><T132/><D132/><U45/><E122/><V99/><F99/><W89/><G0/><T25/><D26/><U84/><E45/><V75/><F75/><W83/><G101/><T116/><D116/><U115/><E115/><V81/><F81/><AGARI ba="0,1" hai="73,78,81,84,85,88,91,93,95,126,127" m="63959" machi="81" ten="30,7700,0" yaku="24,1,34,2,54,1" doraHai="10" who="1" fromWho="2" sc="250,0,250,87,240,-77,250,0" />
</Scene>
<Scene>
<INIT seed="1,0,0,0,0,99" ten="250,337,163,250" oya="1" hai0="133,10,42,47,58,126,69,45,77,26,100,85,17" hai1="9,34,53,125,37,28,105,128,44,38,31,5,40" hai2="66,41,24,101,93,104,103,81,6,18,1,89,2" hai3="30,80,52,50,130,70,94,97,96,131,82,25,74"/><U129/><E38/><V88/><F104/><W46/><G70/><T51/><D69/><U19/><E125/><V113/><F113/><W98/><G94/><T78/><D126/><U15/><E105/><V56/><F41/><W7/><G7/><T64/><D133/><U108/><E108/><V123/><F123/><W90/><G90/><T13/><D45/><U67/><E67/><V43/><F43/><W75/><G82/><T118/><D118/><U23/><E53/><V12/><F2/><W8/><G8/><T86/><D26/><U33/><E31/><V22/><F1/><W65/><G65/><T61/><REACH who="0" step="1"/><D100/><REACH who="0" ten="240,337,163,250" step="2"/><U48/><E37/><V16/><F56/><W11/><G46/><T79/><AGARI ba="0,1" hai="10,13,17,42,47,51,58,61,64,77,78,79,85,86" machi="79" ten="30,7900,0" yaku="1,1,2,1,0,1,8,1,53,0" doraHai="99" doraHaiUra="29" who="0" fromWho="0" sc="240,89,337,-39,163,-20,250,-20" />
</Scene>
<Scene>
<INIT seed="2,0,0,1,5,76" ten="329,298,143,230" oya="2" hai0="82,61,105,81,5,57,112,99,121,22,20,19,100" hai1="74,73,87,23,119,125,43,47,117,116,130,14,70" hai2="123,65,31,8,64,37,36,90,41,58,21,71,52" hai3="106,56,44,69,3,127,128,27,55,33,30,29,132"/><V92/><F123/><W68/><G3/><T93/><D121/><U88/><E70/><V96/><F71/><W133/><G106/><T104/><D112/><U40/><E130/><V0/><F31/><N who="3" m="19711" /><G44/><T32/><D32/><U59/><E125/><V9/><F21/><W48/><G127/><T85/><D105/><U72/><E59/><V45/><F36/><W103/><G103/><T60/><D5/><U95/><E47/><V62/><REACH who="2" step="1"/><F0/><REACH who="2" ten="329,298,133,230" step="2"/><W54/><G30/><T78/><D20/><U7/><REACH who="1" step="1"/><E23/><REACH who="1" ten="329,288,133,230" step="2"/><V51/><F51/><W66/><G48/><T89/><D61/><U4/><E4/><V94/><F94/><W101/><G69/><T46/><D104/><U113/><E113/><V15/><F15/><W84/><G68/><T124/><D124/><U63/><E63/><V53/><F53/><W115/><G55/><T16/><D22/><U134/><E134/><V109/><F109/><W79/><G54/><N who="0" m="33847" /><D46/><U49/><E49/><V17/><F17/><W98/><G133/><T34/><D34/><U50/><E50/><V2/><F2/><W10/><G132/><T122/><D122/><U18/><E18/><V39/><F39/><W11/><G115/><T102/><D19/><U80/><E80/><N who="0" m="30825" /><D16/><U13/><E13/><V135/><F135/><W83/><G128/><T108/><D108/><U6/><E6/><V111/><F111/><W35/><G35/><T118/><D118/><U67/><E67/><AGARI ba="0,2" hai="8,9,37,41,45,52,58,62,64,65,67,90,92,96" machi="67" ten="40,7700,0" yaku="1,1,54,1,53,1" doraHai="76" doraHaiUra="86" who="2" fromWho="1" sc="329,0,288,-77,133,97,230,0" />
</Scene>
<Scene>
<INIT seed="2,1,0,5,2,73" ten="329,211,230,230" oya="2" hai0="122,131,129,36,127,78,125,71,39,99,31,0,42" hai1="58,132,27,65,92,47,10,128,103,133,130,108,120" hai2="74,44,51,14,17,2,72,106,59,89,77,25,33" hai3="66,84,20,75,50,121,38,70,64,56,96,86,87"/><V105/><F2/><W41/><G121/><T63/><D122/><U32/><E120/><V118/><F118/><W112/><G75/><T115/><D0/><U94/><E108/><V104/><F59/><W37/><G70/><T52/><D115/><U45/><E10/><V18/><F89/><W79/><G96/><T98/><D31/><U49/><E32/><V68/><F68/><W54/><G112/><T123/><D123/><U48/><E27/><V60/><F60/><W67/><G20/><T15/><D15/><U69/><E69/><V80/><F74/><W93/><G93/><N who="1" m="35946" /><E58/><V119/><F119/><W53/><G53/><T24/><D24/><U76/><E65/><V9/><F33/><W97/><G97/><T117/><D117/><U124/><E103/><V46/><REACH who="2" step="1"/><F51/><REACH who="2" ten="329,211,220,230" step="2"/><W22/><G56/><T16/><D71/><U5/><E49/><V21/><AGARI ba="1,1" hai="9,14,17,18,21,25,44,46,72,77,80,104,105,106" machi="21" ten="40,12000,1" yaku="1,1,2,1,0,1,52,1,53,0" doraHai="73" doraHaiUra="57" who="2" fromWho="2" sc="329,-41,211,-41,220,133,230,-41" />
</Scene>
<Scene>
<INIT seed="2,2,0,4,5,129" ten="288,170,353,189" oya="2" hai0="106,108,86,50,13,127,112,51,57,94,2,70,62" hai1="36,38,42,130,12,15,19,119,89,87,9,90,25" hai2="53,125,123,99,56,67,115,97,131,114,17,49,39" hai3="29,111,79,76,66,60,104,110,30,5,75,63,96"/><V98/><F123/><W91/><G5/><T83/><D2/><U135/><E130/><V109/><F131/><W59/><G75/><T23/><D112/><U120/><E119/><V80/><F39/><W132/><G104/><T103/><D106/><U95/><E120/><V122/><F122/><W40/><G40/><T18/><D70/><U48/><E25/><V134/><F125/><W41/><G41/><T113/><D113/><U32/><E32/><V102/><F109/><W33/><G33/><T128/><D127/><U68/><E68/><V74/><F102/><W126/><G126/><T71/><D71/><U47/><E135/><V88/><F134/><W52/><G132/><T78/><D108/><U65/><E65/><V133/><F133/><W44/><G110/><T61/><D128/><U69/><E69/><V101/><F101/><W37/><G37/><T55/><D51/><U92/><REACH who="1" step="1"/><E12/><REACH who="1" ten="288,160,353,189" step="2"/><V46/><F67/><W43/><G111/><T1/><D1/><U107/><E107/><V8/><F115/><W93/><G43/><T100/><D100/><U21/><E21/><V4/><F114/><W82/><G30/><T58/><D103/><U6/><E6/><V31/><F4/><W64/><G29/><T105/><D105/><U35/><E35/><V24/><F31/><W14/><G14/><T54/><REACH who="0" step="1"/><D94/><REACH who="0" ten="278,160,353,189" step="2"/><U27/><E27/><V20/><F24/><W7/><G93/><T0/><D0/><U16/><E16/><V124/><F17/><W10/><G7/><T117/><D117/><U116/><E116/><V3/><F124/><W45/><G63/><RYUUKYOKU ba="2,2" sc="278,15,160,15,353,-15,189,-15" hai0="13,18,23,50,54,55,57,58,61,62,78,83,86" hai1="9,15,19,36,38,42,47,48,87,89,90,92,95" />
</Scene>
<Scene>
<INIT seed="3,3,2,5,2,10" ten="293,175,338,174" oya="3" hai0="63,107,56,64,40,94,128,118,125,81,119,18,53" hai1="98,78,129,46,111,65,13,115,48,14,122,38,17" hai2="130,4,88,133,90,93,134,20,83,44,75,108,104" hai3="61,116,126,57,70,71,95,41,36,110,103,68,135"/><W51/><G116/><T79/><D107/><U23/><E115/><V92/><F4/><W74/><G74/><T120/><D120/><U37/><E122/><V24/><F104/><W59/><G103/><T112/><D112/><U12/><E111/><V1/><F1/><W30/><G30/><T102/><D128/><U29/><E129/><V25/><F130/><W55/><G95/><T105/><D105/><U96/><E38/><V113/><F113/><W26/><G26/><T31/><D31/><U87/><E37/><V73/><F44/><N who="3" m="23591" /><G126/><T124/><D40/><N who="1" m="24647" /><E65/><V69/><F20/><W114/><G114/><T62/><D18/><U7/><E29/><V76/><F83/><W5/><G5/><T77/><D77/><U67/><E67/><V0/><F76/><W121/><G121/><T106/><D106/><U100/><E7/><V49/><F0/><W39/><G39/><T52/><D94/><N who="1" m="58391" /><E98/><V72/><F72/><W117/><G117/><T47/><D102/><U84/><E78/><V66/><F73/><W91/><G91/><T21/><D79/><U8/><E8/><V101/><F75/><W85/><G85/><AGARI ba="3,2" hai="12,13,14,17,23,84,85,87" m="58391,24647" machi="85" ten="30,7700,0" yaku="8,1,52,3" doraHai="10" who="1" fromWho="3" sc="293,0,175,106,338,0,174,-86" />
</Scene>
<Scene>
<INIT seed="4,0,0,3,2,66" ten="293,281,338,88" oya="0" hai0="64,73,116,112,101,114,131,16,33,117,30,19,28" hai1="104,127,76,52,55,122,8,72,50,59,47,54,46" hai2="115,135,44,70,49,85,113,69,23,35,22,71,106" hai3="65,94,67,25,128,43,60,7,0,26,78,31,36"/><T125/><D73/><U90/><E104/><V68/><F68/><W40/><G128/><T48/><D64/><U81/><E122/><V98/><F35/><W34/><G94/><T74/><D74/><U29/><E127/><V1/><F1/><W45/><G43/><T120/><D101/><U21/><E8/><V41/><F135/><W102/><G67/><T77/><D77/><U119/><E119/><N who="0" m="45641" /><D48/><U20/><E90/><V53/><F85/><W123/><G123/><T2/><D120/><U6/><E6/><V58/><F98/><W91/><G91/><T3/><D125/><U121/><E121/><V111/><F106/><W92/><G92/><T61/><D61/><U15/><E47/><V27/><F111/><W129/><G78/><T75/><D75/><U63/><E15/><V130/><F130/><W32/><G129/><T126/><D126/><U18/><E29/><N who="0" m="11369" /><D33/><U14/><REACH who="1" step="1"/><E21/><REACH who="1" ten="293,271,338,88" step="2"/><V133/><F133/><W84/><G34/><T96/><D131/><U11/><E11/><V51/><REACH who="2" step="1"/><F23/><REACH who="2" ten="293,271,328,88" step="2"/><W86/><G32/><T39/><D96/><U103/><E103/><V87/><F87/><W79/><G86/><T82/><D2/><U62/><E62/><V42/><F42/><AGARI ba="0,2" hai="14,18,20,42,46,50,52,54,55,59,63,72,76,81" machi="42" ten="30,3900,0" yaku="1,1,7,1,54,1,53,0" doraHai="66" doraHaiUra="83" who="1" fromWho="2" sc="293,0,271,59,328,-39,88,0" />
</Scene>
<Scene>
<INIT seed="5,0,0,4,0,16" ten="293,330,289,88" oya="1" hai0="115,22,33,123,14,88,58,70,71,121,53,9,133" hai1="120,76,80,92,110,13,52,35,112,90,66,24,18" hai2="93,79,23,17,100,30,36,81,40,75,25,39,3" hai3="84,61,47,97,2,99,101,21,98,128,15,94,107"/><U26/><E120/><N who="0" m="46153" /><D33/><U34/><E34/><V116/><F116/><W129/><G2/><T68/><D115/><U10/><E112/><V11/><F100/><W48/><G61/><N who="0" m="36047" /><D133/><U6/><E110/><V104/><F104/><W73/><G73/><T1/><D1/><U117/><E117/><V118/><F118/><W96/><G15/><T8/><D88/><U108/><E108/><V91/><F40/><W78/><G21/><T74/><D74/><U125/><E35/><V19/><F19/><AGARI ba="0,0" hai="8,9,14,19,22,68,70,71" m="36047,46153" machi="19" ten="40,2600,0" yaku="13,1,52,1" doraHai="16" who="0" fromWho="2" sc="293,26,330,0,289,-26,88,0" />
</Scene>
<Scene>
<INIT seed="6,0,0,3,1,32" ten="319,330,263,88" oya="2" hai0="67,10,23,107,115,14,43,36,122,0,21,39,50" hai1="34,111,118,30,83,46,28,77,56,73,26,87,31" hai2="65,91,18,119,96,116,103,24,75,63,3,25,20" hai3="41,59,100,2,70,113,81,92,33,99,57,126,78"/><V84/><F75/><W71/><G33/><T72/><D122/><U85/><E111/><V68/><F3/><W74/><G126/><T94/><D107/><U12/><E118/><V55/><F55/><W16/><G41/><T44/><D72/><U19/><E56/><V97/><F24/><W60/><G113/><T89/><D115/><U80/><E46/><V15/><F97/><W51/><G51/><T104/><D104/><U134/><E134/><V52/><F25/><W62/><G16/><N who="0" m="8279" /><D0/><U11/><E73/><V49/><F96/><W4/><G4/><T106/><D39/><U76/><AGARI ba="0,0" hai="11,12,19,26,28,30,31,34,76,77,80,83,85,87" machi="76" ten="20,2700,0" yaku="0,1,7,1,9,1" doraHai="32" who="1" fromWho="1" sc="319,-7,330,27,263,-13,88,-7" />
</Scene>
<Scene>
<INIT seed="7,0,0,2,1,25" ten="312,357,250,81" oya="3" hai0="38,22,97,65,125,106,124,114,95,127,64,93,132" hai1="13,17,131,58,47,119,24,84,88,87,83,49,121" hai2="72,115,112,52,30,55,18,111,40,98,80,61,82" hai3="103,67,116,51,39,35,91,14,104,42,96,28,16"/><W86/><G116/><T129/><D38/><U27/><E121/><V99/><F40/><W50/><G67/><N who="0" m="25675" /><D129/><U8/><E131/><V110/><F18/><W60/><G60/><T20/><D132/><U6/><E119/><V105/><F61/><W26/><G42/><T126/><D114/><U15/><E84/><V0/><F0/><W134/><G39/><T122/><D122/><U118/><E58/><V75/><F105/><W11/><REACH who="3" step="1"/><G134/><REACH who="3" ten="312,357,250,71" step="2"/><T85/><D125/><U48/><E118/><V7/><F7/><W107/><G107/><T117/><D117/><U3/><E49/><V33/><F33/><W37/><G37/><T77/><D106/><U57/><E48/><V79/><F79/><W66/><G66/><T21/><D77/><U41/><E41/><V128/><F128/><W36/><G36/><T23/><D127/><U113/><E6/><V29/><AGARI ba="0,1" hai="29,30,52,55,72,75,80,82,98,99,110,111,112,115" machi="29" ten="25,12000,2" yaku="0,1,22,2,52,2,54,1" doraHai="25" who="2" fromWho="2" sc="312,-30,357,-30,250,130,71,-60" owari="282,-12.0,327,13.0,380,48.0,11,-49.0" />
</Scene>
</mjloggm>