<mjloggm ver="2.3"><GO type="169" lobby="0"/><UN n0="%68%6F%73%69%67%61%6D%69" n1="%67%6F%73%68%69%6B%6B%75" n2="%E5%A4%AA%E3%81%8F%E3%81%AA%E3%81%84%E3%81%8A" n3="%E3%82%88%E3%81%86%E3%81%B8%E3%83%BC%58" dan="16,16,18,16" rate="2086.12,2118.20,2262.58,2080.73" sx="M,F,F,M"/><TAIKYOKU oya="0"/>

<Scene>
<INIT seed="0,0,0,5,4,78" ten="250,250,250,250" oya="0" hai0="130,71,37,33,75,28,132,52,39,7,22,27,51" hai1="76,12,2,29,1,77,88,60,67,16,104,94,87" hai2="30,116,123,133,109,82,38,86,25,126,47,4,119" hai3="10,125,118,117,103,68,58,83,42,62,50,92,19"/><T40/><D71/><U6/><E104/><V64/><F123/><W44/><G68/><T57/><D75/><U114/><E114/><V3/><F64/><W41/><G125/><T0/><D132/><U11/><E29/><V100/><F100/><W99/><G41/><T80/><D130/><U115/><E115/><V31/><F126/><W63/><G63/><T5/><D40/><U70/><REACH who="1" step="1"/><E1/><REACH who="1" ten="250,240,250,250" step="2"/><V69/><F30/><W66/><G118/><T21/><D0/><U110/><E110/><V134/><F109/><W55/><G117/><T122/><D28/><U46/><E46/><V97/><F31/><W72/><G72/><T89/><D33/><U59/><E59/><V93/><F69/><W36/><G19/><T98/><D57/><U32/><E32/><V90/><F119/><W54/><G10/><AGARI ba="0,1" hai="2,6,10,11,12,16,60,67,70,76,77,87,88,94" machi="10" ten="30,7700,0" yaku="1,1,7,1,54,2,53,0" doraHai="78" doraHaiUra="129" who="1" fromWho="3" sc="250,0,240,87,250,0,250,-77" />
</Scene>
<Scene>
<INIT seed="1,0,0,4,2,113" ten="250,327,250,173" oya="1" hai0="9,65,34,122,89,116,1,7,88,87,92,74,48" hai1="66,126,44,61,47,16,57,97,94,115,73,4,91" hai2="29,25,54,43,80,46,121,78,119,98,75,114,82" hai3="30,14,56,31,22,111,2,131,99,103,84,135,134"/><U5/><E115/><V129/><F114/><W90/><G2/><T23/><D34/><U24/><E126/><V81/><F121/><W39/><G39/><T100/><D74/><U8/><E73/><V40/><F129/><W42/><G42/><T85/><D122/><U133/><E133/><N who="3" m="50698" /><G131/><T6/><D100/><U55/><E66/><V77/><F98/><W69/><G69/><T35/><D35/><U64/><E64/><V45/><F119/><W132/><N who="3" m="50706" /><W71/><DORA hai="108" /><G71/><T32/><D32/><U53/><E53/><V68/><F68/><W59/><G111/><T15/><D116/><U52/><E55/><V106/><F106/><N who="3" m="63871" /><G14/><T105/><D105/><U102/><E102/><V18/><F18/><W95/><G22/><T86/><D65/><U27/><E27/><V38/><F54/><W127/><G127/><T36/><D36/><U10/><E10/><V128/><F128/><W93/><G95/><T49/><D1/><N who="1" m="15" /><E5/><V58/><F58/><AGARI ba="0,0" hai="30,31,56,58,59,84,90,93" m="63871,50706" machi="58" ten="40,1300,0" yaku="20,1" doraHai="113,108" who="3" fromWho="2" sc="250,0,327,0,250,-13,173,13" />
</Scene>
<Scene>
<INIT seed="2,0,0,0,0,38" ten="250,327,237,186" oya="2" hai0="89,43,94,105,50,102,40,92,2,69,13,33,116" hai1="131,52,104,18,9,123,103,112,113,53,96,72,62" hai2="130,0,10,73,61,108,12,55,118,88,106,54,125" hai3="83,22,127,71,66,86,129,11,110,35,56,17,6"/><V64/><F118/><W29/><G71/><T15/><D69/><U34/><E131/><V68/><F73/><W20/><G129/><T124/><D2/><U67/><E72/><V76/><F130/><W70/><G70/><T122/><D122/><U98/><E123/><V1/><F76/><W21/><G110/><T93/><D33/><U109/><E109/><V27/><F108/><W46/><G127/><T31/><D31/><U133/><E34/><V49/><F106/><W45/><G35/><T134/><D124/><U3/><E133/><V37/><F37/><W39/><G29/><T80/><D134/><U75/><E75/><V16/><F125/><W128/><G17/><T65/><D116/><U8/><E8/><V57/><F27/><W117/><G128/><T30/><D30/><U42/><E42/><N who="0" m="15913" /><D105/><U32/><E32/><V79/><F79/><N who="3" m="46463" /><G39/><T111/><D111/><U135/><E3/><V26/><F26/><W85/><G117/><T14/><D65/><U126/><E135/><V19/><F19/><W44/><G66/><T91/><D50/><U7/><E67/><V51/><REACH who="2" step="1"/><F88/><REACH who="2" ten="250,327,227,186" step="2"/><N who="0" m="33866" /><D80/><U63/><E104/><V90/><F90/><W77/><G77/><T87/><D87/><U36/><E36/><V25/><F25/><W5/><G85/><T60/><D60/><U120/><E63/><V28/><F28/><W78/><G78/><T24/><D24/><U59/><E62/><V100/><F100/><AGARI ba="0,1" hai="13,14,15,92,93,94,100,102" m="33866,15913" machi="100" ten="40,12000,2" yaku="28,2,8,1,52,3,54,1" doraHai="38" who="0" fromWho="2" sc="250,130,327,0,227,-120,186,0" />
</Scene>
<Scene>
<INIT seed="3,0,0,0,5,44" ten="380,327,107,186" oya="3" hai0="13,120,84,47,61,90,66,80,48,40,105,77,49" hai1="88,58,33,37,116,57,97,55,113,72,23,7,74" hai2="27,1,110,79,118,4,50,34,43,9,59,107,92" hai3="65,8,124,62,0,39,16,71,119,96,30,11,101"/><W5/><G119/><T98/><D120/><U12/><E33/><V52/><F118/><W127/><G39/><T19/><D105/><U133/><E37/><V38/><F107/><W94/><REACH who="3" step="1"/><G30/><REACH who="3" ten="380,327,107,176" step="2"/><T25/><D25/><U67/><E116/><V129/><F129/><W78/><G78/><T10/><D77/><U28/><E28/><V45/><F79/><W36/><G36/><T117/><D117/><U128/><E128/><V29/><REACH who="2" step="1"/><F92/><REACH who="2" ten="380,327,97,176" step="2"/><W51/><G51/><N who="0" m="27111" /><D98/><U93/><E93/><V70/><F70/><W126/><G126/><T31/><D31/><U108/><E97/><V112/><F112/><W35/><G35/><T134/><D134/><U83/><E113/><V68/><F68/><W114/><G114/><T106/><D106/><U111/><E133/><V87/><F87/><W82/><G82/><T18/><D80/><U130/><E130/><V64/><F64/><W115/><G115/><T32/><D32/><U86/><E67/><V6/><F6/><W24/><G24/><T76/><D76/><U103/><E86/><V104/><F104/><W131/><G131/><T20/><D66/><U26/><E26/><V2/><F2/><W17/><G17/><T14/><D61/><U46/><E7/><V63/><F63/><W132/><G132/><T42/><D84/><U73/><E73/><V95/><F95/><W109/><G109/><AGARI ba="0,2" hai="1,4,9,27,29,34,38,43,45,50,52,59,109,110" machi="109" ten="40,8000,1" yaku="1,1,52,1,54,1,53,2" doraHai="44" doraHaiUra="123" who="2" fromWho="3" sc="380,0,327,0,97,100,176,-80" />
</Scene>
<Scene>
<INIT seed="4,0,0,3,2,22" ten="380,327,197,96" oya="0" hai0="129,102,80,74,90,114,85,43,44,11,91,127,48" hai1="99,6,73,14,60,121,23,56,37,61,71,10,29" hai2="5,4,122,116,66,97,117,39,53,89,13,62,100" hai3="3,65,26,86,135,17,128,38,94,46,67,123,64"/><T47/><D114/><U125/><E121/><V63/><F122/><W104/><G123/><T120/><D120/><U45/><E73/><V75/><F39/><W52/><G104/><T83/><D129/><U69/><E125/><V119/><F75/><W82/><G128/><T41/><D127/><U36/><E36/><V77/><F77/><W76/><G3/><T7/><D102/><U25/><E99/><V134/><F134/><W21/><G135/><T111/><D111/><U124/><E124/><V92/><F13/><W8/><G8/><T2/><D74/><U106/><E106/><N who="2" m="63759" /><F53/><W31/><G94/><T96/><D96/><U101/><E101/><V15/><F15/><W12/><G38/><T72/><D72/><U30/><E61/><N who="2" m="23051" /><F66/><W58/><G46/><T35/><D35/><U126/><E30/><V130/><F130/><W107/><G107/><T49/><REACH who="0" step="1"/><D80/><REACH who="0" ten="370,327,197,96" step="2"/><U28/><E126/><V131/><F131/><W1/><G1/><T19/><D19/><U98/><E98/><AGARI ba="0,1" hai="4,5,89,92,98,116,117,119" m="23051,63759" machi="98" ten="30,1000,0" yaku="12,1" doraHai="22" who="2" fromWho="1" sc="370,0,327,-10,197,20,96,0" />
</Scene>
<Scene>
<INIT seed="5,0,0,1,5,45" ten="370,317,217,96" oya="1" hai0="61,42,115,44,68,38,26,132,23,123,103,3,4" hai1="39,52,57,93,56,78,37,51,71,54,49,31,125" hai2="99,33,9,14,82,124,18,100,81,121,105,17,30" hai3="107,47,10,0,89,110,62,114,22,86,64,130,122"/><U40/><E78/><V24/><F121/><W79/><G122/><T46/><D123/><U133/><E31/><V96/><F124/><W48/><G114/><T106/><D115/><U20/><E125/><V94/><REACH who="2" step="1"/><F18/><REACH who="2" ten="370,317,207,96" step="2"/><W32/><G110/><T72/><D132/><U12/><E133/><V87/><F87/><W19/><G130/><T95/><D72/><U119/><E119/><V8/><F8/><W120/><G120/><T73/><D73/><U55/><E71/><V126/><F126/><W35/><G10/><T77/><D68/><U97/><E40/><V85/><F85/><W118/><G118/><T50/><D42/><U76/><E76/><V109/><F109/><W25/><G79/><T5/><D77/><U135/><E135/><V58/><F58/><W11/><G11/><T131/><D131/><U63/><E55/><V102/><AGARI ba="0,1" hai="9,14,17,24,30,33,81,82,94,96,99,100,102,105" machi="102" ten="20,2700,0" yaku="1,1,0,1,7,1,53,0" doraHai="45" doraHaiUra="83" who="2" fromWho="2" sc="370,-7,317,-13,207,37,96,-7" />
</Scene>
<Scene>
<INIT seed="6,0,0,2,4,65" ten="363,304,244,89" oya="2" hai0="118,120,126,76,123,3,20,130,102,39,92,99,121" hai1="124,13,17,80,132,66,11,70,58,128,83,67,96" hai2="51,9,33,42,35,90,117,81,110,87,16,4,55" hai3="93,100,44,89,134,29,74,98,108,48,127,63,12"/><V19/><F117/><W97/><G108/><T109/><D39/><U54/><E124/><V131/><F110/><W1/><G1/><T62/><D109/><U25/><E132/><V26/><F131/><W135/><G74/><T24/><D3/><U5/><E128/><V95/><F42/><W59/><G127/><T85/><D130/><U21/><E96/><V113/><F113/><W15/><G29/><T119/><D126/><U49/><REACH who="1" step="1"/><E70/><REACH who="1" ten="363,294,244,89" step="2"/><V64/><F64/><AGARI ba="0,1" hai="5,11,13,17,21,25,49,54,58,64,66,67,80,83" machi="64" ten="40,5200,0" yaku="1,1,2,1,8,1,53,0" doraHai="65" doraHaiUra="105" who="1" fromWho="2" sc="363,0,294,62,244,-52,89,0" />
</Scene>
<Scene>
<INIT seed="7,0,0,5,1,31" ten="363,356,192,89" oya="3" hai0="68,71,93,20,116,60,63,107,133,105,66,55,80" hai1="120,91,84,1,77,35,0,6,127,30,17,132,7" hai2="62,89,100,69,129,11,54,109,130,9,8,43,59" hai3="88,79,52,39,67,131,13,74,15,101,115,50,24"/><W72/><G39/><T96/><D116/><U51/><E120/><V75/><F109/><W44/><G101/><T122/><D122/><U12/><E77/><V18/><F75/><W124/><G74/><T135/><D80/><U5/><E127/><V125/><F125/><W114/><G124/><T126/><D126/><U38/><E38/><V25/><F100/><W36/><G36/><T23/><D55/><U117/><E132/><N who="0" m="50761" /><D60/><U53/><E30/><V99/><F43/><W32/><G131/><N who="2" m="50185" /><F69/><W90/><G67/><T37/><D71/><U95/><E35/><V2/><F2/><W76/><G72/><T26/><D37/><U40/><E40/><V65/><F54/><W92/><G32/><T73/><D73/><U86/><E86/><V16/><F25/><W78/><G24/><T29/><D20/><N who="1" m="11303" /><E117/><V45/><F45/><W94/><G13/><T64/><D64/><U110/><E110/><V33/><F33/><W113/><REACH who="3" step="1"/><G15/><REACH who="3" ten="363,356,192,79" step="2"/><T10/><D10/><U87/><E0/><V134/><F134/><W22/><G22/><T19/><D29/><U106/><E1/><V42/><F9/><W3/><G3/><T97/><D26/><U98/><E106/><V102/><F102/><W85/><G85/><T41/><D107/><U70/><E70/><V111/><F111/><W103/><G103/><T61/><D105/><U128/><E128/><V123/><F8/><W118/><G118/><T48/><D68/><U83/><E83/><V57/><F11/><W4/><G4/><T47/><D23/><U34/><E34/><V104/><F104/><W82/><G82/><RYUUKYOKU ba="0,1" sc="363,-15,356,15,192,-15,79,15" hai1="5,6,7,51,53,84,87,91,95,98" hai3="44,50,52,76,78,79,88,90,92,94,113,114,115" />
</Scene>
<Scene>
<INIT seed="7,1,1,3,3,105" ten="348,371,177,94" oya="3" hai0="57,81,50,99,23,130,129,103,16,59,102,85,115" hai1="12,94,17,40,65,86,66,68,22,52,75,24,13" hai2="48,8,64,110,92,74,71,78,84,100,91,58,132" hai3="76,87,20,72,79,127,108,119,123,28,82,122,95"/><W27/><G119/><T70/><D70/><U133/><E75/><V2/><F110/><W83/><G108/><T14/><D115/><U62/><E133/><V135/><F71/><W63/><G127/><T6/><D6/><U31/><E40/><V77/><F100/><W114/><G114/><T131/><D50/><U1/><E1/><V117/><F117/><W116/><G116/><T44/><D44/><U47/><E68/><V19/><F74/><W36/><G36/><T43/><D43/><U41/><E41/><V88/><F2/><W21/><G63/><T49/><D49/><N who="1" m="28735" /><E62/><N who="2" m="37975" /><F48/><W25/><REACH who="3" step="1"/><G95/><REACH who="3" ten="348,371,177,84" step="2"/><N who="0" m="58751" /><D103/><U7/><E94/><N who="2" m="54535" /><F135/><W125/><G125/><T56/><D56/><U90/><E66/><V45/><F132/><W34/><G34/><T30/><D30/><AGARI ba="1,2" hai="20,21,25,27,28,30,72,76,79,82,83,87,122,123" machi="30" ten="30,11600,0" yaku="1,1,7,1,9,1,52,1,53,0" doraHai="105" doraHaiUra="120" who="3" fromWho="0" sc="348,-119,371,0,177,0,84,139" />
</Scene>
<Scene>
<INIT seed="7,2,0,0,0,45" ten="229,371,177,223" oya="3" hai0="20,105,34,10,9,70,73,0,125,71,32,12,62" hai1="83,124,47,26,115,91,27,80,116,129,123,126,128" hai2="55,49,96,66,67,98,7,8,89,25,122,86,85" hai3="69,30,56,121,95,53,38,58,35,36,118,113,90"/><W77/><G121/><T16/><D73/><U28/><E123/><V3/><F122/><W74/><G118/><T50/><D105/><U72/><E115/><V100/><F25/><N who="1" m="9225" /><E28/><V106/><F98/><W44/><G69/><T81/><D81/><U54/><E116/><V29/><F29/><W40/><G113/><T87/><D87/><N who="1" m="50663" /><E54/><V99/><F99/><W42/><G35/><T112/><D112/><U94/><E94/><V97/><F97/><W52/><G30/><T84/><D84/><U114/><E47/><V101/><F101/><W120/><G77/><T76/><D76/><N who="1" m="44423" /><E114/><V51/><F86/><W63/><G74/><T111/><D111/><U21/><E21/><V65/><REACH who="2" step="1"/><F55/><REACH who="2" ten="229,371,167,223" step="2"/><N who="3" m="34207" /><G120/><T41/><D34/><U5/><E5/><V132/><F132/><W79/><G79/><T103/><D32/><U104/><E104/><V17/><F17/><W75/><G75/><T31/><D16/><U43/><E43/><N who="3" m="16426" /><G95/><AGARI ba="2,1" hai="3,7,8,49,51,65,66,67,85,89,95,96,100,106" machi="95" ten="40,8000,1" yaku="1,1,52,2,53,1" doraHai="45" doraHaiUra="2" who="2" fromWho="3" sc="229,0,371,0,167,96,223,-86" owari="229,-17.0,371,47.0,263,6.0,137,-36.0" />
</Scene>
</mjloggm>