<mjloggm ver="2.3"><GO type="169" lobby="0"/><UN n0="%47%45%59%55" n1="%E5%9B%9E%E3%81%97%E8%80%85" n2="%E5%A4%AA%E3%81%8F%E3%81%AA%E3%81%84%E3%81%8A" n3="%77%68%69%74%65%72" dan="16,16,18,16" rate="2040.16,2079.38,2216.11,2114.17" sx="M,M,M,M"/><TAIKYOKU oya="0"/>

<Scene>
<INIT seed="0,0,0,1,0,36" ten="250,250,250,250" oya="0" hai0="71,54,1,92,10,99,77,118,87,67,113,23,33" hai1="105,29,2,111,123,117,119,6,27,116,44,28,128" hai2="43,37,125,100,52,90,38,20,48,107,69,130,115" hai3="24,94,5,59,101,75,127,120,32,68,84,110,95"/><T53/><D113/><U73/><E105/><V98/><F115/><W39/><G68/><T108/><D33/><U78/><E123/><V35/><F35/><W25/><G75/><T124/><D108/><U55/><E55/><V21/><F69/><W57/><G120/><T40/><D118/><U97/><E97/><V9/><F125/><W80/><G39/><T16/><D124/><U60/><E60/><V14/><F130/><W91/><G127/><T122/><D67/><U74/><E128/><V50/><F90/><W129/><G129/><T12/><D71/><U41/><E111/><V93/><F107/><W17/><G5/><N who="0" m="3151" /><D1/><U83/><E27/><N who="3" m="10314" /><G32/><T72/><D72/><U49/><E74/><V64/><F64/><W30/><G30/><T31/><D31/><U106/><E106/><V134/><F37/><W66/><G66/><T18/><D18/><U133/><E29/><V79/><F38/><W61/><G61/><T114/><D122/><U7/><E28/><V58/><F79/><W26/><G110/><T62/><D62/><U63/><E63/><V88/><F100/><W109/><G109/><T89/><D114/><U46/><E2/><V96/><F96/><N who="3" m="59551" /><G94/><T47/><D77/><U132/><E78/><V131/><F131/><W112/><G112/><T34/><D34/><U11/><E119/><V56/><F93/><W104/><G104/><T51/><D99/><U103/><E116/><V86/><F98/><W15/><N who="3" m="10322" /><AGARI ba="0,0" hai="16,23,26,40,47,51,53,54,87,89,92" m="3151" machi="26" ten="30,11600,0" yaku="3,1,8,1,52,1,54,1" doraHai="36" who="0" fromWho="3" sc="250,116,250,0,250,0,250,-116" />
</Scene>
<Scene>
<INIT seed="0,1,0,1,0,105" ten="366,250,250,134" oya="0" hai0="31,120,66,69,133,13,30,76,56,53,9,60,75" hai1="45,113,110,49,101,103,124,46,109,132,62,99,11" hai2="85,40,82,80,135,91,129,123,93,20,97,114,33" hai3="54,95,21,15,25,98,131,36,96,23,100,90,126"/><T14/><D120/><U104/><E113/><V84/><F33/><W7/><G131/><T22/><D133/><U57/><E132/><V2/><F2/><W17/><G36/><T29/><D22/><U32/><E32/><V28/><F135/><W47/><G126/><T102/><D102/><U87/><E103/><V48/><F123/><W61/><G7/><T38/><D38/><U1/><E124/><V58/><F114/><W122/><G122/><T52/><D69/><U107/><E87/><N who="2" m="33355" /><F129/><W92/><G47/><T65/><D65/><U44/><E104/><V12/><F12/><W117/><G117/><T111/><D111/><N who="1" m="42507" /><E11/><V77/><F77/><W83/><G83/><T73/><D14/><U18/><E18/><V42/><F58/><W86/><G86/><T64/><D64/><N who="1" m="38991" /><E1/><V79/><F79/><W78/><G78/><T63/><D76/><U51/><AGARI ba="1,0" hai="44,45,46,49,51,99,101,107" m="38991,42507" machi="51" ten="40,1500,0" yaku="14,1" doraHai="105" who="1" fromWho="1" sc="366,-8,250,18,250,-5,134,-5" />
</Scene>
<Scene>
<INIT seed="1,0,0,5,4,130" ten="358,268,245,129" oya="1" hai0="37,28,107,56,124,54,119,101,71,21,2,78,69" hai1="89,100,103,102,65,44,39,19,6,122,105,49,5" hai2="113,87,9,128,64,12,133,115,90,80,32,81,84" hai3="36,33,18,112,29,68,114,26,35,45,92,117,60"/><U30/><E39/><V47/><F32/><W46/><G117/><T40/><D2/><U62/><E30/><V50/><F64/><W27/><G36/><T63/><D119/><U51/><E105/><V4/><F128/><W0/><G0/><T58/><D78/><U7/><E122/><V38/><F38/><W14/><G92/><T134/><D124/><U16/><E89/><V53/><REACH who="2" step="1"/><F133/><REACH who="2" ten="358,268,235,129" step="2"/><W125/><G125/><T123/><D134/><U118/><E118/><V66/><F66/><W41/><G35/><T61/><D37/><U10/><E10/><V94/><F94/><W1/><G33/><T99/><D123/><U93/><E93/><V67/><F67/><W132/><G132/><T86/><D107/><U77/><E77/><AGARI ba="0,1" hai="4,9,12,47,50,53,77,80,81,84,87,90,113,115" machi="77" ten="40,1300,0" yaku="1,1,53,0" doraHai="130" doraHaiUra="15" who="2" fromWho="1" sc="358,0,268,-13,235,23,129,0" />
</Scene>
<Scene>
<INIT seed="2,0,0,3,4,119" ten="358,255,258,129" oya="2" hai0="95,117,4,111,79,31,94,80,11,40,132,131,77" hai1="83,33,50,128,10,97,109,35,73,48,1,51,38" hai2="125,39,105,87,118,16,130,89,134,41,100,23,107" hai3="62,0,92,56,59,114,64,32,6,37,104,91,103"/><V12/><F118/><W78/><G37/><T85/><D117/><U66/><E66/><V116/><F116/><W99/><G114/><T120/><D111/><U34/><E97/><V127/><F134/><W44/><G32/><T102/><D77/><U61/><E61/><V88/><F130/><W71/><G44/><T84/><D131/><U14/><E38/><V26/><F41/><W21/><G21/><T29/><D132/><U90/><E1/><V27/><F39/><W55/><G78/><T54/><D40/><U135/><E128/><V8/><F27/><W45/><G6/><T122/><D54/><U58/><E135/><V98/><F105/><W57/><G45/><T69/><D69/><U46/><E58/><V115/><F115/><W36/><G0/><T93/><D85/><N who="1" m="50495" /><E73/><V2/><F2/><W52/><REACH who="3" step="1"/><G36/><REACH who="3" ten="358,255,258,119" step="2"/><T13/><REACH who="0" step="1"/><D102/><REACH who="0" ten="348,255,258,119" step="2"/><U24/><E109/><V76/><F76/><W5/><G5/><T67/><D67/><U60/><E46/><V110/><F110/><W112/><G112/><T108/><D108/><U28/><E34/><V72/><F72/><W96/><AGARI ba="0,2" hai="52,55,56,57,59,62,64,71,91,92,96,99,103,104" machi="96" ten="30,4000,0" yaku="1,1,0,1,54,1,53,0" doraHai="119" doraHaiUra="68" who="3" fromWho="3" sc="348,-10,255,-10,258,-20,119,60" />
</Scene>
<Scene>
<INIT seed="3,0,0,4,2,74" ten="338,245,238,179" oya="3" hai0="81,85,131,78,8,21,41,61,87,11,23,110,90" hai1="103,121,54,79,62,104,20,55,37,53,115,30,86" hai2="35,66,125,97,119,132,60,2,101,40,114,95,28" hai3="99,100,13,48,59,56,18,63,70,135,93,105,58"/><W89/><G135/><T6/><D110/><U118/><E121/><V96/><F114/><W9/><G48/><T126/><D131/><U75/><E37/><V129/><F119/><W127/><G127/><T29/><D41/><U113/><E75/><V102/><F2/><W120/><G120/><T42/><D42/><U4/><E4/><V88/><F40/><W80/><G80/><N who="0" m="47255" /><D126/><U71/><E118/><V17/><F125/><W38/><G38/><T134/><D134/><U82/><E103/><V122/><F132/><W98/><REACH who="3" step="1"/><G70/><REACH who="3" ten="338,245,238,169" step="2"/><T36/><D36/><U73/><E71/><V50/><F50/><W51/><G51/><T108/><D81/><U76/><E82/><V64/><F122/><W39/><G39/><T112/><D112/><U24/><E115/><V1/><F129/><W32/><G32/><T31/><D108/><U84/><E113/><V133/><F35/><W47/><G47/><T111/><D111/><U7/><E73/><V25/><F133/><W123/><G123/><T83/><D61/><AGARI ba="0,1" hai="9,13,18,56,58,59,61,63,89,93,98,99,100,105" machi="61" ten="40,2000,0" yaku="1,1,53,0" doraHai="74" doraHaiUra="34" who="3" fromWho="0" sc="338,-20,245,0,238,0,169,30" />
</Scene>
<Scene>
<INIT seed="3,1,0,5,0,68" ten="318,245,238,199" oya="3" hai0="18,64,128,113,69,41,57,74,122,22,88,86,118" hai1="131,77,53,65,4,46,73,82,110,19,121,36,129" hai2="124,2,85,11,23,34,107,114,40,101,60,91,133" hai3="52,117,24,89,95,62,120,7,106,94,75,125,93"/><W115/><G120/><T96/><D122/><U37/><E65/><V26/><F114/><W105/><G117/><T99/><D69/><U134/><E121/><V59/><F34/><W61/><G75/><T33/><D33/><U109/><E134/><V70/><F70/><W90/><G115/><T25/><D74/><U0/><E19/><V21/><F133/><W56/><G125/><T38/><D128/><N who="1" m="49227" /><E53/><V92/><F124/><W1/><G24/><T17/><D118/><U79/><E79/><V28/><F107/><W78/><G78/><T35/><D35/><U50/><E50/><V58/><F101/><W127/><G127/><T72/><D72/><U98/><E98/><V27/><F40/><W20/><G20/><N who="0" m="13455" /><D41/><N who="1" m="22823" /><E37/><V116/><F116/><W16/><G16/><T100/><D38/><U8/><AGARI ba="1,0" hai="0,4,8,73,77,82,109,110" m="22823,49227" machi="8" ten="30,7900,0" yaku="25,1,19,1,23,1,52,1" doraHai="68" who="1" fromWho="1" sc="318,-21,245,82,238,-21,199,-40" />
</Scene>
<Scene>
<INIT seed="4,0,0,3,1,113" ten="297,327,217,159" oya="0" hai0="32,27,99,16,91,22,110,84,134,18,111,72,12" hai1="97,42,48,6,59,116,58,67,46,109,114,5,28" hai2="131,98,50,105,132,135,25,40,34,8,11,93,61" hai3="104,45,128,81,89,21,65,49,17,79,7,37,43"/><T71/><D71/><U83/><E109/><N who="0" m="41481" /><D72/><U122/><E116/><V60/><F105/><W13/><G128/><T95/><D134/><N who="2" m="51242" /><F131/><W0/><G104/><T14/><D32/><U124/><E122/><V133/><F40/><W92/><G65/><T101/><D18/><U96/><E28/><N who="2" m="19727" /><F50/><W62/><G62/><N who="2" m="24169" /><F133/><W33/><G33/><T121/><D121/><U20/><E20/><V123/><F123/><W15/><G0/><T52/><D52/><U120/><E120/><V107/><F107/><AGARI ba="0,0" hai="12,14,16,22,27,84,91,95,99,101,107" m="41481" machi="107" ten="30,2900,0" yaku="10,1,54,1" doraHai="113" who="0" fromWho="2" sc="297,29,327,0,217,-29,159,0" />
</Scene>
<Scene>
<INIT seed="4,1,0,2,0,96" ten="326,327,188,159" oya="0" hai0="83,55,86,92,5,99,101,19,82,6,24,133,47" hai1="54,23,50,49,105,12,118,30,11,21,73,111,76" hai2="103,15,100,37,45,17,113,129,29,130,126,88,84" hai3="20,51,10,117,14,41,109,121,74,69,128,9,70"/><T39/><D133/><U4/><E118/><V26/><F37/><W97/><G109/><T16/><D83/><U122/><E122/><V60/><F45/><N who="3" m="26031" /><G74/><T98/><D99/><U110/><E105/><V77/><F77/><W120/><G117/><T35/><D35/><U78/><E73/><V8/><F60/><W56/><G128/><N who="2" m="49257" /><F113/><W64/><G97/><T63/><D39/><U61/><E110/><V79/><F79/><N who="1" m="30249" /><E30/><V112/><F126/><W108/><G20/><N who="1" m="7754" /><E111/><V116/><F112/><W52/><G108/><T89/><D24/><U2/><E2/><V34/><F116/><W75/><G75/><T134/><D134/><U93/><E93/><AGARI ba="1,0" hai="8,15,17,26,29,34,84,88,93,100,103" m="49257" machi="93" ten="30,7700,0" yaku="19,1,52,2,54,1" doraHai="96" who="2" fromWho="1" sc="326,0,327,-80,188,80,159,0" />
</Scene>
<Scene>
<INIT seed="5,0,0,3,2,22" ten="326,247,268,159" oya="1" hai0="6,43,51,53,77,23,116,17,111,118,128,108,21" hai1="112,44,134,29,120,41,68,135,85,47,14,123,15" hai2="69,78,1,122,89,102,35,67,59,114,61,79,30" hai3="2,71,100,33,109,64,91,127,31,76,107,50,42"/><U55/><E68/><V20/><F122/><W46/><G2/><T37/><D77/><U98/><E112/><V10/><F35/><W133/><G109/><N who="0" m="42059" /><D43/><U121/><E98/><V40/><F40/><W105/><G127/><T39/><D37/><U113/><E113/><V131/><F114/><W124/><G124/><T65/><D65/><U86/><E29/><V73/><F73/><W19/><G133/><N who="1" m="50698" /><E55/><V9/><F69/><W119/><G19/><T74/><D53/><U56/><E56/><V115/><F1/><W132/><G119/><T18/><D39/><N who="1" m="21567" /><E47/><V80/><F102/><W82/><G132/><T95/><D116/><U11/><E15/><V72/><F115/><W87/><G100/><T83/><D118/><U36/><E36/><V57/><F57/><W27/><REACH who="3" step="1"/><G76/><REACH who="3" ten="326,247,268,149" step="2"/><T81/><D18/><AGARI ba="0,1" hai="11,14,18,85,86,120,121,123" m="21567,50698" machi="18" ten="40,2000,0" yaku="20,1" doraHai="22" who="1" fromWho="0" sc="326,-20,247,30,268,0,149,0" />
</Scene>
<Scene>
<INIT seed="5,1,0,1,5,10" ten="306,277,268,149" oya="1" hai0="118,99,47,8,22,103,87,0,35,98,32,28,29" hai1="21,115,86,130,75,23,77,129,6,108,71,53,89" hai2="81,15,12,122,90,110,127,54,58,67,44,85,92" hai3="50,65,109,52,94,132,113,112,17,5,116,33,13"/><U128/><E71/><V37/><F110/><W2/><G109/><T70/><D70/><U38/><E108/><V26/><F122/><W111/><G111/><T61/><D118/><U3/><E38/><V91/><F127/><W78/><G33/><T4/><D61/><U57/><E115/><N who="3" m="44106" /><G116/><T55/><D87/><U20/><E75/><V19/><F67/><W80/><G94/><T96/><D103/><U45/><E45/><V48/><F37/><W36/><G36/><T25/><D29/><U95/><E77/><V68/><F68/><W69/><G132/><T49/><AGARI ba="1,0" hai="0,4,8,22,25,28,32,35,47,49,55,96,98,99" machi="49" ten="30,1100,0" yaku="0,1" doraHai="10" who="0" fromWho="0" sc="306,14,277,-6,268,-4,149,-4" />
</Scene>
<Scene>
<INIT seed="6,0,0,3,5,46" ten="320,271,264,145" oya="2" hai0="66,104,16,49,105,85,18,84,87,59,28,1,99" hai1="69,103,94,80,97,102,135,96,53,6,2,98,79" hai2="89,38,112,39,14,60,24,75,44,119,7,62,88" hai3="82,45,95,22,25,48,43,73,47,71,17,34,11"/><V124/><F75/><W126/><G71/><T129/><D1/><U58/><E69/><V56/><F119/><W76/><G126/><T100/><D105/><U64/><E64/><V41/><F39/><W8/><G34/><T42/><D129/><U57/><E135/><V31/><F124/><W86/><G73/><T117/><D117/><U26/><E57/><V77/><F77/><W20/><G95/><N who="0" m="58495" /><D28/><U90/><E26/><V35/><F112/><W115/><G115/><T27/><D104/><U15/><E2/><V133/><F133/><W128/><G128/><T74/><D27/><U29/><E29/><V134/><F134/><W54/><REACH who="3" step="1"/><G22/><REACH who="3" ten="320,271,264,135" step="2"/><T91/><D74/><U70/><E70/><V131/><F131/><W68/><G68/><T52/><D87/><N who="1" m="48543" /><E102/><V9/><REACH who="2" step="1"/><F60/><REACH who="2" ten="320,271,254,135" step="2"/><W33/><G33/><T10/><D85/><U19/><E103/><V111/><F111/><W37/><AGARI ba="0,2" hai="8,11,17,20,25,37,43,45,47,48,54,76,82,86" machi="37" ten="20,8000,1" yaku="1,1,0,1,7,1,52,1,53,1" doraHai="46" doraHaiUra="12" who="3" fromWho="3" sc="320,-20,271,-20,254,-40,135,100" />
</Scene>
<Scene>
<INIT seed="7,0,0,3,3,135" ten="300,251,214,235" oya="3" hai0="66,32,19,120,110,27,117,103,43,57,131,60,71" hai1="107,3,5,53,85,92,121,64,11,74,114,122,129" hai2="22,109,82,111,20,128,130,104,16,90,100,112,50" hai3="89,46,30,102,58,40,59,15,18,94,31,87,95"/><W38/><G102/><T14/><D110/><N who="2" m="41994" /><F100/><W69/><G69/><T65/><D120/><U51/><E107/><V96/><F104/><W67/><G94/><T12/><D131/><N who="2" m="50218" /><F50/><W48/><G38/><T106/><D103/><U91/><E129/><V62/><F62/><W39/><G39/><T55/><D60/><U36/><E36/><V0/><F0/><W81/><G95/><T75/><D106/><U99/><E74/><V126/><F112/><W77/><G77/><T73/><D75/><U8/><E64/><V28/><F28/><N who="3" m="10795" /><G67/><T79/><D66/><U33/><E114/><V9/><F96/><W88/><G89/><T133/><D65/><U56/><E33/><V108/><N who="2" m="42002" /><V123/><DORA hai="34" /><F123/><W2/><G2/><T119/><D32/><U52/><E99/><V54/><F54/><W47/><G47/><T93/><D55/><U10/><E122/><V113/><F113/><W63/><G63/><T127/><D71/><U98/><E121/><V76/><F90/><W44/><G44/><T61/><D61/><U24/><E98/><V125/><F9/><AGARI ba="0,0" hai="9,15,18,40,46,48,58,59,81,87,88" m="10795" machi="9" ten="30,2900,0" yaku="8,1,54,1" doraHai="135,34" who="3" fromWho="2" sc="300,0,251,0,214,-29,235,29" />
</Scene>
<Scene>
<INIT seed="7,1,0,0,5,77" ten="300,251,185,264" oya="3" hai0="36,62,95,104,63,88,25,105,12,40,42,47,100" hai1="92,53,69,15,59,64,118,80,71,28,98,113,26" hai2="81,83,5,52,44,102,94,99,129,96,132,56,37" hai3="46,35,22,97,60,0,76,121,38,7,106,3,4"/><W125/><G35/><T123/><D123/><U93/><E118/><V87/><F132/><W78/><G121/><T57/><D42/><U30/><E64/><V8/><F129/><W134/><G134/><T108/><D100/><U116/><E116/><V6/><F37/><W20/><G60/><T51/><D36/><U72/><E92/><N who="2" m="58631" /><F44/><W23/><G125/><T54/><D108/><U109/><E109/><V112/><F87/><W1/><G106/><T19/><D25/><U58/><E71/><V74/><F74/><W70/><G97/><T84/><D63/><U68/><E68/><V33/><F33/><W90/><G90/><T75/><D75/><U135/><E98/><V131/><F131/><W82/><G70/><T122/><D122/><U85/><E72/><V50/><F112/><W11/><G76/><T73/><D73/><U39/><E69/><V9/><F9/><AGARI ba="1,0" hai="9,12,19,40,47,51,54,57,62,84,88,95,104,105" machi="9" ten="30,2000,0" yaku="7,1,54,1" doraHai="77" who="0" fromWho="2" sc="300,23,251,0,185,-23,264,0" owari="323,43.0,251,-15.0,162,-34.0,264,6.0" />
</Scene>
</mjloggm>