<mjloggm ver="2.3"><GO type="169" lobby="0"/><UN n0="%44%6F%72%61%6B%6F" n1="%E5%A4%AA%E3%81%8F%E3%81%AA%E3%81%84%E3%81%8A" n2="%49%53%53%4F%4E%34" n3="%E3%81%84%E3%82%82%E3%81%91%E3%82%93%70" dan="16,17,17,17" rate="2110.05,2155.08,2138.88,2157.12" sx="M,M,M,M"/><TAIKYOKU oya="0"/>

<Scene>
<INIT seed="0,0,0,3,5,83" ten="250,250,250,250" oya="0" hai0="4,113,33,88,94,75,74,10,47,49,96,62,72" hai1="102,131,16,22,108,78,9,112,32,43,134,67,86" hai2="89,50,129,110,56,66,5,68,0,104,64,109,34" hai3="3,81,124,28,116,84,2,77,12,27,13,1,60"/><T85/><D113/><U24/><E112/><V40/><F104/><W30/><G116/><T117/><D117/><U133/><E108/><V98/><F34/><W63/><G124/><T69/><D33/><U44/><E131/><V31/><F31/><W14/><REACH who="3" step="1"/><G30/><REACH who="3" ten="250,250,250,240" step="2"/><T118/><D118/><U48/><E32/><AGARI ba="0,1" hai="1,2,3,12,13,14,27,28,32,60,63,77,81,84" machi="32" ten="50,6400,0" yaku="1,1,2,1,52,1,53,0" doraHai="83" doraHaiUra="111" who="3" fromWho="1" sc="250,0,250,-64,250,0,240,74" />
</Scene>
<Scene>
<INIT seed="1,0,0,5,5,99" ten="250,186,250,314" oya="1" hai0="97,110,1,131,5,40,6,102,92,42,90,27,12" hai1="55,114,61,8,103,14,45,52,35,30,54,86,105" hai2="120,127,78,48,66,111,88,9,4,13,50,51,115" hai3="108,96,53,117,118,100,17,43,134,44,135,2,56"/><U87/><E114/><V19/><F120/><W64/><G2/><T57/><D110/><U130/><E130/><V47/><F111/><W21/><G108/><T59/><D131/><U85/><E45/><V7/><F115/><W0/><G64/><T91/><D1/><U37/><E37/><V95/><F127/><W104/><G0/><T38/><D27/><U71/><E35/><V69/><F78/><W76/><G76/><T112/><D112/><U39/><E39/><V74/><F74/><W101/><G44/><T121/><D121/><U128/><E30/><V26/><F47/><W20/><G43/><N who="0" m="16427" /><D38/><U60/><E128/><V107/><F107/><W80/><G80/><T24/><D24/><U73/><E73/><V62/><REACH who="2" step="1"/><F26/><REACH who="2" ten="250,186,240,314" step="2"/><W113/><G113/><T49/><D59/><U124/><E124/><V129/><F129/><W63/><G117/><T3/><D57/><U72/><E72/><V29/><F29/><W79/><G118/><T22/><D3/><U125/><E125/><V132/><F132/><W75/><G134/><T23/><D12/><U25/><E25/><V11/><F11/><W82/><G135/><T34/><D34/><U89/><E71/><V70/><F70/><W28/><G28/><T65/><D22/><U10/><E10/><V67/><F67/><W133/><G133/><T123/><D23/><U106/><E106/><V15/><F15/><N who="3" m="9279" /><G21/><T126/><D126/><U16/><REACH who="1" step="1"/><E89/><REACH who="1" ten="250,176,240,314" step="2"/><V83/><F83/><W68/><G68/><T84/><D91/><U122/><E122/><V32/><F32/><W109/><G109/><T36/><D123/><RYUUKYOKU ba="0,2" sc="250,-30,176,10,240,10,314,10" hai1="8,14,16,52,54,55,60,61,85,86,87,103,105" hai2="4,7,9,13,19,48,50,51,62,66,69,88,95" hai3="53,56,63,75,79,82,96,100,101,104" />
</Scene>
<Scene>
<INIT seed="1,1,2,0,5,30" ten="220,186,250,324" oya="1" hai0="122,28,14,134,60,116,63,12,94,65,101,128,19" hai1="66,120,80,105,91,83,24,123,132,36,42,74,92" hai2="81,58,75,79,39,5,89,45,103,71,35,7,67" hai3="88,99,72,13,110,127,43,8,84,85,26,54,46"/><U106/><E66/><V133/><F71/><W57/><G72/><T95/><D116/><U82/><E42/><V97/><F133/><W111/><G26/><T129/><D134/><U17/><E36/><V104/><F35/><W10/><G99/><N who="0" m="59639" /><D122/><N who="1" m="46635" /><E17/><V100/><F100/><W16/><G8/><T125/><D125/><U73/><E24/><V3/><F89/><W11/><G10/><T33/><D95/><U48/><E48/><V107/><F107/><N who="1" m="40969" /><E132/><V117/><F117/><W90/><G84/><AGARI ba="1,2" hai="73,74,80,82,83,84,91,92" m="40969,46635" machi="84" ten="40,3900,0" yaku="34,2" doraHai="30" who="1" fromWho="3" sc="220,0,186,62,250,0,324,-42" />
</Scene>
<Scene>
<INIT seed="1,2,0,5,3,55" ten="220,248,250,282" oya="1" hai0="80,57,51,102,133,30,34,56,8,6,49,47,53" hai1="91,50,32,15,23,94,75,20,73,127,117,35,22" hai2="67,97,87,12,43,42,21,26,45,84,65,98,39" hai3="109,63,59,78,4,110,61,37,118,79,46,31,125"/><U24/><E117/><V93/><F98/><W77/><G118/><T41/><D133/><U19/><E127/><V116/><F116/><W126/><G4/><T54/><D102/><U60/><E50/><V27/><F26/><W112/><G31/><T16/><D34/><U14/><E60/><V68/><F43/><N who="3" m="22895" /><G112/><T104/><D104/><U66/><E66/><V13/><F13/><W9/><G9/><T114/><D114/><U33/><E15/><V36/><F36/><W1/><G1/><T10/><D30/><U44/><E44/><V29/><F12/><W74/><G74/><T113/><D113/><U11/><REACH who="1" step="1"/><E24/><REACH who="1" ten="220,238,250,282" step="2"/><V62/><F67/><N who="3" m="39359" /><G63/><N who="0" m="36239" /><D6/><U38/><E38/><V48/><F39/><W132/><G132/><T17/><D80/><U25/><E25/><V28/><F28/><W76/><N who="3" m="19456" /><DORA hai="69" /><W121/><G121/><T120/><D120/><U40/><E40/><V130/><F29/><W115/><G115/><T101/><D101/><U122/><E122/><V72/><F27/><W119/><G119/><T2/><D2/><U106/><E106/><V86/><F72/><W7/><G7/><T64/><D64/><U123/><E123/><V134/><F134/><W128/><G128/><T0/><D0/><U52/><E52/><V3/><F3/><W99/><G125/><T131/><D131/><U70/><E70/><V96/><F130/><W83/><G126/><T81/><D81/><U18/><E18/><AGARI ba="2,1" hai="8,10,16,17,18,41,47,49,51,54,57" m="36239" machi="18" ten="30,7700,0" yaku="8,1,52,2,54,1" doraHai="55,69" who="0" fromWho="1" sc="220,93,238,-83,250,0,282,0" />
</Scene>
<Scene>
<INIT seed="2,0,0,1,4,17" ten="313,155,250,282" oya="2" hai0="80,89,132,129,34,42,26,54,20,35,10,90,125" hai1="75,3,47,109,12,131,77,59,49,40,21,51,67" hai2="53,15,31,71,99,25,1,52,105,124,30,103,38" hai3="9,106,48,14,36,69,16,28,13,63,107,24,44"/><V87/><F1/><W134/><G36/><T60/><D125/><U46/><E3/><V62/><F124/><W111/><G111/><T0/><D129/><U76/><E109/><V113/><F38/><W92/><G134/><T86/><D132/><U110/><E110/><V45/><F113/><W65/><G92/><T119/><D119/><U74/><E131/><V98/><F45/><W6/><G14/><T57/><D42/><U127/><E127/><V37/><F37/><W2/><G6/><T104/><D104/><U116/><E116/><V123/><F123/><W33/><REACH who="3" step="1"/><G2/><REACH who="3" ten="313,155,250,272" step="2"/><T122/><D122/><U19/><E75/><V50/><F15/><W39/><G39/><T112/><D112/><U43/><REACH who="1" step="1"/><E74/><REACH who="1" ten="313,145,250,272" step="2"/><V100/><F105/><W84/><G84/><T61/><D0/><U135/><E135/><V70/><F87/><W27/><G27/><T133/><D26/><U88/><E88/><V114/><F25/><W81/><G81/><T91/><D133/><U79/><E79/><V130/><F130/><W97/><G97/><T96/><D96/><U85/><E85/><V102/><F114/><W66/><G66/><T82/><D86/><U58/><E58/><N who="2" m="35143" /><F98/><W7/><G7/><T126/><D126/><U101/><E101/><V118/><F99/><W115/><G115/><T29/><D82/><U68/><E68/><N who="2" m="26155" /><F118/><W4/><G4/><T108/><D80/><U64/><E64/><V95/><F95/><W32/><G32/><T18/><D108/><U11/><E11/><V83/><F83/><W73/><G73/><T121/><D10/><U120/><E120/><RYUUKYOKU ba="0,2" sc="313,-30,145,10,250,10,272,10" hai1="12,19,21,40,43,46,47,49,51,59,67,76,77" hai2="30,31,50,53,100,102,103" hai3="9,13,16,24,28,33,44,48,63,65,69,106,107" />
</Scene>
<Scene>
<INIT seed="2,1,2,0,4,106" ten="283,155,260,282" oya="2" hai0="42,12,51,116,119,30,113,18,132,97,32,55,2" hai1="100,27,129,120,89,79,68,21,112,93,33,45,41" hai2="1,25,104,24,60,43,28,101,66,6,108,26,117" hai3="130,10,4,133,53,35,56,3,69,83,8,40,111"/><V74/><F117/><N who="0" m="45130" /><D113/><U131/><E112/><V59/><F28/><W49/><G69/><T76/><D132/><U52/><E33/><V61/><F43/><W121/><G121/><T9/><D42/><U46/><E68/><V77/><F108/><W78/><G111/><T87/><D97/><U65/><E65/><V20/><F20/><W0/><G35/><T88/><D76/><U123/><E100/><V85/><F85/><W110/><G110/><T107/><D107/><U80/><E93/><V54/><F101/><W19/><G130/><N who="1" m="49674" /><E89/><V75/><F77/><W122/><G122/><N who="1" m="46634" /><E41/><V118/><F104/><W13/><G133/><T16/><D2/><U127/><E127/><V109/><F109/><W96/><G96/><T22/><D30/><N who="1" m="17775" /><E52/><V14/><F1/><W105/><G105/><T90/><D32/><U47/><E47/><V64/><F118/><W34/><G34/><T125/><D125/><U37/><E37/><V91/><F91/><W134/><G134/><T62/><D62/><U99/><E99/><V86/><F86/><AGARI ba="1,2" hai="45,46,79,80,86" m="17775,46634,49674" machi="86" ten="30,2000,0" yaku="19,1,13,1" doraHai="106" who="1" fromWho="2" sc="283,0,155,43,260,-23,282,0" />
</Scene>
<Scene>
<INIT seed="3,0,0,2,2,25" ten="283,198,237,282" oya="3" hai0="18,124,7,21,133,96,53,6,104,57,123,108,8" hai1="134,132,135,34,0,80,67,131,114,68,112,39,63" hai2="46,14,76,48,36,3,12,129,94,58,78,71,69" hai3="115,130,56,4,41,120,126,64,44,87,103,106,31"/><W20/><G120/><T83/><D108/><U73/><E0/><V121/><F3/><W61/><G115/><N who="1" m="44074" /><E34/><V72/><F36/><W49/><G4/><T86/><D124/><U42/><E80/><V26/><F58/><W15/><G130/><T30/><D133/><U23/><E23/><V85/><F72/><W127/><G87/><T110/><D110/><U33/><E33/><V11/><F12/><W74/><G74/><T32/><D123/><U5/><E5/><V50/><F50/><W82/><G82/><T91/><D104/><U122/><E73/><V119/><F78/><W54/><G103/><T47/><D47/><N who="1" m="24031" /><E122/><V1/><F1/><W81/><G81/><T118/><D118/><U22/><E22/><V84/><F119/><W117/><G106/><T125/><D125/><N who="3" m="47625" /><G117/><T128/><D128/><AGARI ba="0,0" hai="63,67,68,128,131,132,134,135" m="24031,44074" machi="128" ten="40,8000,1" yaku="20,1,23,1,34,2" doraHai="25" who="1" fromWho="0" sc="283,-80,198,80,237,0,282,0" />
</Scene>
<Scene>
<INIT seed="4,0,0,2,3,14" ten="203,278,237,282" oya="0" hai0="19,28,82,109,75,3,47,108,56,81,0,100,35" hai1="67,6,41,5,130,43,124,58,126,134,114,105,73" hai2="123,25,53,36,48,64,88,37,15,89,90,12,72" hai3="99,115,22,74,49,9,78,125,33,18,55,94,117"/><T62/><D100/><U133/><E73/><V128/><F123/><W59/><G33/><T40/><D35/><U91/><E105/><V66/><F72/><W60/><G117/><T84/><D28/><U119/><E91/><V34/><F128/><W131/><G131/><T10/><D75/><U102/><E102/><V42/><F15/><W68/><G115/><T103/><D103/><U104/><E104/><V112/><F112/><W127/><G9/><T21/><D81/><U132/><E114/><V16/><F42/><N who="1" m="15881" /><E130/><V54/><F54/><W83/><G49/><N who="0" m="26855" /><D10/><U135/><E119/><V29/><F37/><W46/><G46/><T106/><D106/><U7/><N who="1" m="33792" /><DORA hai="2" /><U45/><E45/><V92/><F92/><W101/><REACH who="3" step="1"/><G68/><REACH who="3" ten="203,278,237,272" step="2"/><T96/><D108/><U50/><E50/><V95/><F36/><W27/><AGARI ba="0,1" hai="18,22,27,55,59,60,74,78,83,94,99,101,125,127" machi="27" ten="30,7900,0" yaku="1,1,2,1,0,1,52,1,53,0" doraHai="14,2" doraHaiUra="63,30" who="3" fromWho="3" sc="203,-39,278,-20,237,-20,272,89" />
</Scene>
<Scene>
<INIT seed="5,0,0,5,2,44" ten="164,258,217,361" oya="1" hai0="123,41,94,92,127,3,101,13,82,124,102,54,59" hai1="121,33,65,135,74,84,28,11,112,63,118,26,46" hai2="125,83,99,77,103,50,60,71,91,36,129,90,81" hai3="48,21,20,105,0,120,1,2,37,87,133,67,98"/><U79/><E118/><V23/><F36/><W24/><G37/><T97/><D3/><U89/><E121/><V14/><F125/><W55/><G67/><T69/><D69/><U64/><E112/><V130/><F71/><W116/><G120/><T88/><D41/><U70/><E65/><V6/><F60/><W108/><G108/><T32/><D32/><U72/><E79/><V47/><F83/><W80/><G116/><T51/><D123/><U30/><E135/><V110/><F110/><W17/><G133/><T25/><D25/><U93/><E28/><V38/><F38/><W49/><G20/><T131/><D131/><U8/><REACH who="1" step="1"/><E46/><REACH who="1" ten="164,248,217,361" step="2"/><V53/><F129/><W31/><G31/><T96/><REACH who="0" step="1"/><D13/><REACH who="0" ten="154,248,217,361" step="2"/><U42/><E42/><V40/><F40/><W12/><G12/><T19/><D19/><U86/><E86/><AGARI ba="0,2" hai="51,54,59,82,86,88,92,94,96,97,101,102,124,127" machi="86" ten="40,8000,1" yaku="1,1,9,1,52,1,54,1,53,0" doraHai="44" doraHaiUra="107" who="0" fromWho="1" sc="154,100,248,-80,217,0,361,0" />
</Scene>
<Scene>
<INIT seed="6,0,0,4,3,91" ten="254,168,217,361" oya="2" hai0="19,110,82,78,68,64,58,130,85,38,112,135,26" hai1="69,18,104,88,4,77,121,79,71,94,81,43,107" hai2="60,61,67,111,75,106,100,114,23,37,2,92,93" hai3="53,0,127,128,108,59,12,52,89,42,90,86,49"/><V46/><F75/><W105/><G0/><T133/><D68/><U20/><E4/><V21/><F2/><W96/><G108/><T1/><D1/><U50/><E121/><V40/><F106/><W56/><G128/><T8/><D110/><U117/><E117/><V30/><F111/><W132/><G132/><N who="0" m="50763" /><D38/><U44/><E104/><V119/><F119/><W14/><G42/><T95/><D112/><U134/><E107/><V87/><F114/><W11/><G127/><T74/><D130/><U99/><E134/><V31/><F100/><W131/><G131/><T17/><D26/><U118/><E118/><V41/><F87/><W120/><G120/><T55/><D64/><U84/><REACH who="1" step="1"/><E79/><REACH who="1" ten="254,158,217,361" step="2"/><V62/><F67/><W22/><G105/><T83/><D78/><U72/><E72/><V16/><F41/><W39/><G39/><T115/><D74/><U122/><E122/><V33/><F33/><W125/><G125/><T27/><D115/><U126/><E126/><V54/><F54/><W109/><G109/><T25/><D55/><U47/><E47/><V13/><REACH who="2" step="1"/><F23/><REACH who="2" ten="254,158,207,361" step="2"/><W3/><G3/><T113/><D113/><U80/><E80/><V76/><F76/><W28/><G53/><T124/><D124/><U36/><E36/><V73/><F73/><W29/><G22/><T116/><D116/><U123/><E123/><V34/><F34/><W98/><G52/><T70/><D82/><U97/><E97/><V57/><F57/><W129/><G129/><T15/><D58/><U66/><E66/><V103/><F103/><W63/><G56/><T51/><D83/><RYUUKYOKU ba="0,2" sc="254,-15,158,15,207,15,361,-15" hai1="18,20,43,44,50,69,71,77,81,84,88,94,99" hai2="13,16,21,30,31,37,40,46,60,61,62,92,93" />
</Scene>
<Scene>
<INIT seed="6,1,2,4,2,62" ten="239,173,222,346" oya="2" hai0="114,42,26,15,60,77,64,119,84,93,124,73,3" hai1="38,128,131,85,122,76,36,53,78,41,5,20,111" hai2="44,91,32,103,23,22,24,110,132,61,37,7,56" hai3="88,8,80,101,52,99,96,48,95,65,135,43,86"/><V98/><F32/><W121/><G121/><T10/><D3/><U6/><E111/><V35/><F110/><W2/><G135/><T51/><D73/><U67/><E122/><V79/><F132/><W113/><G113/><T21/><D114/><U97/><E97/><V58/><F7/><N who="1" m="2569" /><E41/><V63/><F35/><W71/><G43/><T104/><D104/><U55/><E20/><V112/><F112/><W13/><G2/><T109/><D124/><U19/><E19/><V81/><F37/><N who="1" m="14441" /><E85/><N who="2" m="48319" /><F103/><W4/><G96/><T74/><D74/><U46/><E46/><V75/><F44/><W57/><G71/><T27/><D21/><U118/><E118/><V129/><F129/><N who="1" m="49737" /><E67/><AGARI ba="1,2" hai="4,8,13,48,52,57,65,67,80,86,88,95,99,101" machi="67" ten="40,8000,1" yaku="8,1,52,2,54,2" doraHai="62" who="3" fromWho="1" sc="239,0,173,-83,222,0,346,103" />
</Scene>
<Scene>
<INIT seed="7,0,0,5,3,130" ten="239,90,222,449" oya="3" hai0="24,64,60,94,40,0,44,103,14,38,15,99,37" hai1="96,3,83,74,89,43,114,117,22,122,109,45,10" hai2="93,104,53,70,112,111,87,42,120,46,72,77,95" hai3="68,108,65,135,7,6,8,23,27,31,51,133,78"/><W59/><G68/><T113/><D113/><U4/><E114/><V33/><F33/><W13/><G108/><T125/><D0/><U100/><E109/><V35/><F35/><W54/><G65/><T86/><D125/><U29/><E117/><V106/><F70/><W126/><G126/><T101/><D101/><U81/><E122/><V107/><F53/><W32/><G78/><T11/><D24/><U36/><E83/><N who="2" m="45479" /><F46/><W16/><G7/><T18/><D86/><U28/><E89/><N who="2" m="53439" /><F42/><W82/><G82/><T131/><D131/><U129/><E129/><V26/><F26/><W69/><G69/><T52/><D52/><U91/><E91/><V73/><F111/><W128/><G128/><T49/><D15/><U118/><E118/><V63/><F63/><W134/><G6/><T98/><D98/><U61/><E61/><V30/><F30/><W34/><AGARI ba="0,0" hai="8,13,16,23,27,31,32,34,51,54,59,133,134,135" machi="34" ten="40,18000,2" yaku="0,1,20,1,52,3,54,1" doraHai="130" who="3" fromWho="3" sc="239,-60,90,-60,222,-60,449,180" owari="179,-2.0,30,-47.0,162,-24.0,629,73.0" />
</Scene>
</mjloggm>