<mjloggm ver="2.3"><GO type="169" lobby="0"/><UN n0="%E3%82%B8%E3%82%AE%E3%82%BF%E3%83%AA%E3%82%B9" n1="%E5%A4%AA%E3%81%8F%E3%81%AA%E3%81%84%E3%81%8A" n2="%E3%81%84%E3%81%AC%E3%81%98%E3%82%83%E3%82%89%EF%BC%94" n3="%E5%AE%AE%E9%96%93%E5%A4%95%E8%8F%9C" dan="16,17,19,16" rate="2090.90,2225.03,2307.57,2144.31" sx="M,M,M,F"/><TAIKYOKU oya="0"/>

<Scene>
<INIT seed="0,0,0,0,0,43" ten="250,250,250,250" oya="0" hai0="15,63,25,115,19,88,66,73,83,10,1,41,114" hai1="0,134,110,67,71,24,26,80,101,57,60,125,112" hai2="37,65,14,17,85,6,47,104,123,9,55,96,48" hai3="56,79,3,91,5,40,122,34,50,78,111,77,84"/><T62/><D25/><U30/><E0/><V109/><F123/><W74/><G122/><T95/><D1/><U36/><E36/><V18/><F109/><W128/><G111/><T21/><D41/><U49/><E110/><V103/><F37/><W105/><G34/><T2/><D2/><U120/><E120/><V118/><F118/><W28/><G105/><T87/><D10/><U61/><E125/><V29/><F29/><W100/><G28/><T38/><D38/><U13/><E134/><V126/><F126/><W117/><G100/><T98/><D73/><U131/><E131/><V44/><F65/><W119/><G128/><T129/><D129/><U81/><E112/><V7/><F18/><W70/><G70/><T108/><D108/><U99/><E13/><V124/><F124/><W54/><G40/><T94/><D62/><U89/><E49/><V32/><F32/><W113/><G74/><T90/><REACH who="0" step="1"/><D83/><REACH who="0" ten="240,250,250,250" step="2"/><U132/><E80/><V23/><F9/><W135/><G135/><T107/><D107/><U69/><E61/><V4/><REACH who="2" step="1"/><F85/><REACH who="2" ten="240,250,240,250" step="2"/><W130/><G130/><T51/><D51/><U12/><E132/><V42/><F42/><W75/><G113/><T106/><D106/><U68/><E60/><V45/><AGARI ba="0,2" hai="4,6,7,14,17,23,44,45,47,48,55,96,103,104" machi="45" ten="30,8000,1" yaku="1,1,0,1,52,3,53,0" doraHai="43" doraHaiUra="33" who="2" fromWho="2" sc="240,-40,250,-20,240,100,250,-20" />
</Scene>
<Scene>
<INIT seed="1,0,0,5,5,87" ten="200,230,340,230" oya="1" hai0="30,33,103,4,64,132,56,88,28,92,31,86,63" hai1="43,83,20,98,78,16,124,2,104,90,41,80,79" hai2="81,74,59,26,48,135,125,115,60,50,102,112,14" hai3="42,58,69,107,40,100,7,94,24,18,27,68,9"/><U8/><E124/><V76/><F125/><W22/><G107/><T99/><D132/><U70/><E70/><V114/><F135/><W75/><G75/><T96/><D4/><U108/><E108/><V0/><F0/><W113/><G113/><T119/><D119/><U91/><E2/><V44/><F102/><W21/><G69/><T61/><D61/><U134/><E8/><V128/><F128/><W39/><G68/><T45/><D45/><U25/><E134/><V120/><F120/><W109/><G109/><T106/><REACH who="0" step="1"/><D99/><REACH who="0" ten="190,230,340,230" step="2"/><U32/><E98/><V11/><F44/><W73/><G39/><T123/><D123/><U117/><E117/><V5/><REACH who="2" step="1"/><F26/><AGARI ba="0,1" hai="26,28,30,31,33,56,63,64,86,88,92,96,103,106" machi="26" ten="40,8000,1" yaku="1,1,52,1,54,1,53,1" doraHai="87" doraHaiUra="85" who="0" fromWho="2" sc="190,90,230,0,340,-80,230,0" />
</Scene>
<Scene>
<INIT seed="2,0,0,5,4,10" ten="280,230,260,230" oya="2" hai0="122,81,65,115,104,75,22,11,2,118,52,66,12" hai1="93,114,70,62,49,82,18,67,134,110,30,73,64" hai2="135,111,16,116,28,94,86,31,97,41,42,9,35" hai3="23,127,17,53,3,21,80,36,119,91,54,55,20"/><V5/><F116/><W85/><G119/><T123/><D115/><U105/><E105/><V69/><F69/><W15/><G3/><T57/><D104/><U7/><E114/><V47/><F135/><W77/><G36/><T133/><D133/><U6/><E134/><V128/><F128/><W106/><G127/><T79/><D2/><U51/><E30/><V126/><F126/><W89/><REACH who="3" step="1"/><G106/><REACH who="3" ten="280,230,260,220" step="2"/><T56/><D118/><U112/><E112/><V71/><F111/><W124/><G124/><T4/><D123/><U96/><E110/><V0/><F0/><W60/><G60/><T76/><D122/><U130/><E62/><V92/><F35/><W108/><G108/><T26/><D76/><U100/><E130/><V13/><F71/><W72/><G72/><T63/><REACH who="0" step="1"/><D56/><REACH who="0" ten="270,230,260,220" step="2"/><U120/><E70/><V40/><F47/><W24/><G24/><T99/><D99/><U59/><E96/><V132/><F132/><W33/><G33/><T8/><D8/><AGARI ba="0,2" hai="8,15,17,20,21,23,53,54,55,77,80,85,89,91" machi="8" ten="40,5200,0" yaku="1,1,8,1,52,1,53,0" doraHai="10" doraHaiUra="44" who="3" fromWho="0" sc="270,-52,230,0,260,0,220,72" />
</Scene>
<Scene>
<INIT seed="3,0,0,3,0,104" ten="218,230,260,292" oya="3" hai0="69,37,1,46,23,133,34,127,67,41,108,48,47" hai1="18,29,83,38,66,19,105,62,9,107,50,129,7" hai2="64,89,99,123,82,39,14,35,10,3,115,43,125" hai3="5,126,52,49,25,20,2,113,16,51,32,53,95"/><W0/><G113/><T98/><D34/><U71/><E38/><V55/><F115/><W8/><G126/><T13/><D1/><U118/><E129/><V88/><F3/><W60/><G0/><T36/><D127/><U4/><E118/><V110/><F35/><W94/><G60/><N who="0" m="40167" /><D98/><U119/><E119/><V128/><F110/><W65/><G65/><T134/><D13/><U27/><E50/><V54/><F123/><W81/><G81/><T33/><D23/><U42/><E42/><V72/><F64/><W135/><G135/><N who="0" m="51723" /><D33/><U111/><E111/><V79/><F128/><W85/><G85/><T96/><D96/><U17/><E83/><V90/><F99/><W122/><G122/><T68/><D108/><U97/><E9/><V74/><F74/><W101/><G101/><T63/><D47/><U75/><E107/><V103/><F103/><W106/><G106/><T56/><D68/><U12/><E12/><V70/><F70/><W91/><G91/><T117/><D117/><U109/><E109/><V21/><F21/><W86/><G86/><T73/><D73/><U24/><E75/><V40/><F125/><W92/><G32/><T45/><D45/><U31/><E105/><V76/><F76/><W102/><G102/><T28/><D28/><N who="1" m="10827" /><E97/><V77/><F77/><W120/><G120/><T30/><D30/><U93/><E27/><V6/><REACH who="2" step="1"/><F39/><REACH who="2" ten="218,230,250,292" step="2"/><W59/><REACH who="3" step="1"/><G95/><REACH who="3" ten="218,230,250,282" step="2"/><T44/><D36/><U116/><E116/><V57/><F57/><AGARI ba="0,2" hai="2,5,8,16,20,25,49,51,52,53,57,59,92,94" machi="57" ten="30,18000,2" yaku="1,1,2,1,7,1,9,1,54,2,53,0" doraHai="104" doraHaiUra="26" who="3" fromWho="2" sc="218,0,230,0,250,-180,282,200" />
</Scene>
<Scene>
<INIT seed="3,1,0,3,4,80" ten="218,230,70,482" oya="3" hai0="69,12,41,92,118,53,95,125,72,108,126,21,51" hai1="23,129,102,120,66,116,17,74,93,19,28,73,48" hai2="115,124,104,27,55,1,131,39,110,122,52,6,87" hai3="62,75,77,132,107,54,85,86,0,65,68,111,14"/><W67/><G0/><T16/><D72/><U100/><E120/><V90/><F115/><W7/><G107/><T40/><D69/><U44/><E66/><V71/><F122/><W130/><G67/><T114/><D118/><U3/><E3/><V134/><F71/><W37/><G37/><T61/><D61/><U94/><E116/><V103/><F39/><W25/><G130/><T96/><D108/><U82/><E28/><V123/><F123/><W36/><G36/><T76/><D76/><U117/><E117/><V26/><F110/><W112/><G111/><T49/><D49/><U127/><E129/><V32/><F131/><W88/><G112/><T35/><D35/><U57/><E57/><V42/><F42/><W50/><G25/><T101/><D92/><U4/><E93/><V89/><F124/><N who="0" m="47722" /><D114/><U63/><E94/><V133/><F103/><W106/><G106/><T10/><D10/><U59/><E63/><V83/><F90/><W33/><G33/><T121/><D121/><U58/><E48/><V56/><F104/><W109/><G109/><T84/><D84/><U11/><E73/><V29/><F27/><W20/><G75/><T2/><D2/><U5/><E74/><V18/><F55/><W78/><G132/><N who="2" m="50793" /><F52/><W97/><G54/><T98/><D98/><U15/><E127/><V43/><F56/><AGARI ba="1,0" hai="12,16,21,40,41,51,53,56,95,96,101" m="47722" machi="56" ten="30,2000,0" yaku="18,1,54,1" doraHai="80" who="0" fromWho="2" sc="218,23,230,0,70,-23,482,0" />
</Scene>
<Scene>
<INIT seed="4,0,0,5,0,1" ten="241,230,47,482" oya="0" hai0="83,63,99,92,59,95,110,65,7,39,22,24,90" hai1="134,84,81,121,104,3,102,85,64,103,18,37,80" hai2="89,23,108,120,17,75,16,101,36,27,0,97,67" hai3="93,38,79,32,11,28,130,116,29,26,127,20,87"/><T71/><D39/><U124/><E37/><V55/><F108/><W109/><G38/><T112/><D110/><U115/><E3/><V43/><F120/><W46/><G109/><T74/><D112/><U100/><E64/><V96/><F0/><W15/><G116/><T31/><D71/><U118/><E18/><V30/><F75/><W91/><G130/><T76/><D92/><U82/><E118/><V40/><F67/><W60/><G127/><T25/><D24/><U47/><E47/><V52/><F89/><W14/><G79/><T12/><REACH who="0" step="1"/><D12/><REACH who="0" ten="231,230,47,482" step="2"/><U125/><E115/><V53/><F36/><W49/><G15/><T114/><D114/><U106/><E121/><V19/><REACH who="2" step="1"/><F97/><REACH who="2" ten="231,230,37,482" step="2"/><W33/><G93/><AGARI ba="0,2" hai="16,17,19,23,27,30,40,43,52,53,55,93,96,101" machi="93" ten="40,8000,1" yaku="1,1,2,1,8,1,54,2,53,0" doraHai="1" doraHaiUra="68" who="2" fromWho="3" sc="231,0,230,0,37,100,482,-80" />
</Scene>
<Scene>
<INIT seed="5,0,0,1,4,131" ten="231,230,137,402" oya="1" hai0="91,78,109,53,45,101,133,72,66,117,20,110,75" hai1="105,126,111,68,40,59,14,13,114,29,28,43,71" hai2="52,112,27,25,1,122,120,129,42,100,12,9,44" hai3="89,6,65,123,95,106,134,135,30,96,86,50,107"/><U35/><E105/><V41/><F1/><W39/><G123/><T58/><D117/><U85/><E59/><V16/><F129/><W99/><G39/><T62/><D101/><U77/><E77/><V130/><F130/><W7/><G30/><T37/><D91/><U8/><E85/><V64/><F64/><W121/><G121/><T92/><D92/><U10/><E35/><V124/><F124/><W97/><G65/><T115/><D78/><U93/><E93/><V18/><F100/><W63/><G63/><T127/><D127/><U67/><E67/><V98/><F98/><W113/><G50/><T90/><D90/><U57/><E57/><V3/><F3/><W73/><G113/><T23/><D115/><U80/><E114/><V74/><F112/><W54/><G54/><T125/><D75/><U104/><E126/><V33/><F74/><W11/><G7/><T103/><D103/><U5/><E80/><V38/><F42/><W55/><G55/><T79/><D53/><U60/><E104/><N who="3" m="39978" /><G11/><T81/><D37/><U132/><E5/><V26/><F33/><W51/><G51/><T2/><D125/><U83/><E60/><V15/><REACH who="2" step="1"/><F52/><REACH who="2" ten="231,230,127,402" step="2"/><W47/><G47/><T76/><D45/><U31/><E43/><V17/><F17/><W94/><G6/><T56/><D66/><U69/><E40/><V119/><F119/><W32/><G32/><T36/><D72/><U46/><E46/><V4/><F4/><W87/><G73/><T70/><D70/><U61/><E68/><V19/><F19/><W34/><G34/><T0/><D0/><RYUUKYOKU ba="0,1" sc="231,-15,230,-15,127,15,402,15" hai2="9,12,15,16,18,25,26,27,38,41,44,120,122" hai3="86,87,89,94,95,96,97,99,134,135" />
</Scene>
<Scene>
<INIT seed="6,1,1,4,0,52" ten="216,215,142,417" oya="2" hai0="127,62,80,59,118,103,61,30,20,16,6,113,2" hai1="41,111,131,124,17,56,46,31,13,7,39,14,67" hai2="96,133,32,4,55,70,92,42,126,117,60,91,128" hai3="38,110,66,85,76,68,44,26,27,105,97,89,79"/><V95/><F117/><W115/><G110/><T71/><D118/><U69/><E111/><V24/><F126/><W72/><G79/><T12/><D127/><U88/><E124/><V49/><F128/><W15/><G115/><T119/><D119/><U123/><E131/><V23/><F32/><W1/><G1/><T107/><D71/><U48/><E123/><V36/><F133/><W0/><G0/><T130/><D130/><U58/><E31/><V94/><F4/><W33/><G15/><T75/><D30/><U98/><E39/><V40/><F36/><W120/><G33/><T106/><D103/><U104/><E69/><V18/><F70/><W134/><G134/><T73/><D62/><U25/><E67/><V43/><REACH who="2" step="1"/><F60/><REACH who="2" ten="216,215,132,417" step="2"/><N who="3" m="40007" /><G120/><T57/><D61/><U10/><E25/><V28/><F28/><W29/><G27/><T35/><D35/><U83/><E104/><V90/><F90/><W81/><G26/><T99/><D107/><U3/><E3/><V21/><F21/><W22/><G22/><T101/><D20/><N who="1" m="11311" /><E83/><V84/><F84/><W87/><G85/><T93/><D80/><U9/><E9/><V135/><F135/><W109/><G29/><T114/><D2/><U116/><E116/><V125/><F125/><W37/><G109/><T63/><D106/><U100/><E100/><V53/><F53/><W121/><G121/><T82/><D101/><U34/><E34/><V8/><F8/><W65/><G37/><T78/><D82/><U102/><E102/><V45/><AGARI ba="1,2" hai="18,23,24,40,42,43,45,49,55,91,92,94,95,96" machi="45" ten="30,11700,0" yaku="1,1,0,1,8,1,53,1" doraHai="52" doraHaiUra="86" who="2" fromWho="2" sc="216,-40,215,-40,132,140,417,-40" />
</Scene>
<Scene>
<INIT seed="6,2,0,4,0,45" ten="176,175,272,377" oya="2" hai0="103,113,39,48,16,66,78,114,53,102,99,41,0" hai1="133,31,126,34,9,37,112,12,80,30,110,8,70" hai2="59,20,25,46,105,58,18,10,131,81,98,40,101" hai3="7,64,96,57,91,43,23,100,111,122,76,107,14"/><V116/><F116/><W24/><G111/><T11/><D0/><U84/><E37/><V36/><F131/><W119/><G119/><T128/><D78/><U74/><E110/><V21/><F10/><W83/><G122/><T27/><D128/><U4/><E70/><V28/><REACH who="2" step="1"/><F81/><REACH who="2" ten="176,175,262,377" step="2"/><W87/><G83/><T106/><D11/><U1/><E9/><V120/><F120/><W62/><G7/><T65/><D114/><U90/><E112/><V104/><F104/><W60/><G107/><T89/><D113/><U38/><E1/><V42/><F42/><W117/><G43/><T6/><D41/><U26/><E133/><V85/><F85/><W72/><G87/><T121/><D106/><U118/><E118/><V3/><F3/><W51/><G117/><T19/><D121/><U109/><E109/><V71/><F71/><W129/><G72/><T86/><D86/><U13/><E74/><V135/><F135/><W32/><G129/><T73/><D73/><U47/><E8/><V75/><F75/><W124/><G124/><T123/><D123/><U93/><E126/><V97/><F97/><W33/><G96/><T79/><D99/><U44/><E4/><V130/><F130/><W61/><G64/><T54/><D66/><U5/><E5/><V92/><F92/><W95/><G95/><T115/><D65/><U127/><E127/><V132/><F132/><W56/><G33/><T68/><D6/><U29/><E80/><V35/><F35/><W49/><G32/><T17/><D68/><U108/><E108/><V55/><F55/><W88/><G88/><RYUUKYOKU ba="2,1" sc="176,-10,175,-10,262,30,377,-10" hai2="18,20,21,25,28,36,40,46,58,59,98,101,105" />
</Scene>
<Scene>
<INIT seed="6,3,1,4,1,11" ten="166,165,292,367" oya="2" hai0="13,87,19,66,123,124,6,5,24,82,76,22,43" hai1="52,26,25,113,126,31,46,92,12,63,35,68,0" hai2="118,103,85,132,110,97,62,61,15,135,59,21,86" hai3="99,34,28,108,23,130,96,111,117,37,114,72,56"/><V74/><F74/><W84/><G72/><T120/><D124/><U125/><E0/><V4/><F118/><W112/><G117/><T10/><D66/><U2/><E2/><V109/><F85/><W9/><G37/><T89/><D43/><U115/><E26/><V65/><F86/><W14/><G34/><T102/><D102/><U104/><E104/><V36/><F36/><W81/><G56/><T50/><D50/><N who="1" m="28759" /><E92/><N who="2" m="58791" /><F62/><W7/><G130/><T30/><REACH who="0" step="1"/><D76/><REACH who="0" ten="156,165,292,367" step="2"/><U20/><E63/><V71/><F65/><W32/><G111/><T75/><D75/><U49/><E49/><V70/><F61/><W33/><G108/><T16/><D16/><N who="1" m="10247" /><E68/><V54/><F71/><W79/><G114/><AGARI ba="3,2" hai="25,31,35,113,114,115,125,126" m="10247,28759" machi="114" ten="30,7700,0" yaku="15,1,52,1,54,2" doraHai="11" who="1" fromWho="3" sc="156,0,165,106,292,0,367,-86" />
</Scene>
<Scene>
<INIT seed="7,0,0,0,0,88" ten="156,271,292,281" oya="3" hai0="5,121,83,43,105,81,124,104,13,134,38,21,46" hai1="100,65,118,4,63,44,82,36,113,78,85,76,62" hai2="126,11,101,114,110,112,108,87,10,0,90,54,102" hai3="131,89,37,98,60,8,69,122,75,27,59,120,42"/><W23/><G75/><T67/><D121/><U51/><E36/><V92/><F54/><W91/><G69/><T34/><D34/><U95/><E113/><N who="2" m="43627" /><F126/><W103/><G8/><N who="2" m="3113" /><F0/><W19/><G131/><T77/><D124/><U96/><E118/><V117/><F117/><W111/><G111/><AGARI ba="0,0" hai="87,90,92,101,102,108,110,111" m="3113,43627" machi="111" ten="30,2000,0" yaku="15,1,52,1" doraHai="88" who="2" fromWho="3" sc="156,0,271,0,292,20,281,-20" owari="156,-34.0,271,7.0,312,41.0,261,-14.0" />
</Scene>
</mjloggm>