<mjloggm ver="2.3"><GO type="169" lobby="0"/><UN n0="%68%61%72%75%72%75%39%31" n1="%E6%97%85%E4%BA%BA%E3%81%A1%E3%82%88%E3%81%99%E3%81%91" n2="%E5%A4%AA%E3%81%8F%E3%81%AA%E3%81%84%E3%81%8A" n3="%4D%E5%B8%9D%E2%85%A2" dan="16,17,17,17" rate="2041.31,2198.38,2196.72,2125.58" sx="M,M,M,M"/><TAIKYOKU oya="0"/>

<Scene>
<INIT seed="0,0,0,1,1,98" ten="250,250,250,250" oya="0" hai0="123,53,25,118,85,17,31,90,15,51,39,47,112" hai1="36,41,115,7,35,68,132,104,103,95,80,23,5" hai2="43,3,117,113,45,54,129,73,72,70,50,92,130" hai3="97,13,16,77,59,32,14,128,44,99,101,135,33"/><T122/><D112/><U0/><E35/><V124/><F113/><W58/><G128/><N who="2" m="49257" /><F3/><W100/><G44/><T125/><D118/><U64/><E104/><V26/><F70/><W109/><G109/><T102/><D39/><U120/><E120/><V67/><F67/><W1/><G1/><T62/><D125/><U11/><E7/><V91/><F124/><W34/><G77/><T19/><D62/><U75/><E132/><V81/><F117/><W52/><G135/><T37/><D37/><U110/><E110/><V27/><F54/><W116/><G116/><T57/><D57/><U38/><E64/><V66/><F66/><W133/><G133/><T87/><D87/><U49/><E68/><V76/><F73/><W89/><G14/><T83/><D19/><U105/><E105/><V63/><F63/><W79/><G79/><T12/><D12/><U88/><E115/><V82/><F82/><W78/><G78/><T111/><D111/><U84/><E75/><V8/><F8/><W121/><G121/><T119/><D119/><U131/><E131/><V106/><F106/><W71/><G71/><T55/><D55/><U20/><E38/><V30/><F30/><W65/><G65/><T69/><D69/><U94/><E36/><V114/><F114/><W24/><G59/><T107/><D107/><U74/><E74/><V10/><F10/><N who="3" m="6199" /><G24/><T2/><D2/><U46/><REACH who="1" step="1"/><E80/><REACH who="1" ten="250,240,250,250" step="2"/><V40/><F81/><W18/><G34/><N who="0" m="20847" /><D102/><U42/><E42/><V29/><F40/><W93/><G101/><T108/><D108/><U126/><E126/><V6/><F72/><RYUUKYOKU ba="0,1" sc="250,15,240,15,250,-15,250,-15" hai0="15,17,47,51,53,83,85,90,122,123" hai1="0,5,11,20,23,41,46,49,84,88,94,95,103" />
</Scene>
<Scene>
<INIT seed="0,1,1,1,2,53" ten="265,255,235,235" oya="0" hai0="65,74,96,32,22,93,82,40,118,44,28,120,92" hai1="31,111,34,119,84,129,89,61,36,66,58,54,114" hai2="73,64,102,35,115,77,130,4,126,6,38,124,132" hai3="123,113,43,91,104,107,3,15,112,63,67,109,11"/><T0/><D118/><U14/><E119/><V18/><F38/><W131/><G3/><T108/><D120/><U98/><E36/><V90/><F35/><W42/><G131/><T128/><D128/><U133/><E129/><V23/><F130/><W60/><G109/><T48/><D32/><U72/><E72/><V39/><F39/><W57/><G123/><T76/><D0/><U26/><E133/><V5/><F115/><W105/><G91/><T125/><D125/><U69/><E98/><V83/><F102/><W56/><G113/><T16/><D108/><U12/><E114/><V80/><F132/><W46/><G112/><T7/><D7/><U27/><E27/><V116/><F116/><W86/><G86/><T68/><D28/><U29/><E29/><V17/><F64/><W85/><G85/><T50/><D50/><U81/><REACH who="1" step="1"/><E111/><REACH who="1" ten="265,245,235,235" step="2"/><V59/><F126/><W103/><G103/><T71/><D65/><U33/><E33/><V2/><F73/><W78/><G78/><T95/><REACH who="0" step="1"/><D96/><REACH who="0" ten="255,245,235,235" step="2"/><U79/><E79/><V101/><F124/><W13/><G67/><T52/><D52/><U10/><E10/><V87/><F77/><W122/><G11/><T24/><AGARI ba="1,3" hai="16,22,24,40,44,48,68,71,74,76,82,92,93,95" machi="24" ten="30,11700,0" yaku="1,1,0,1,54,1,53,1" doraHai="53" doraHaiUra="20" who="0" fromWho="0" sc="255,150,245,-40,235,-40,235,-40" />
</Scene>
<Scene>
<INIT seed="0,2,0,5,1,49" ten="405,205,195,195" oya="0" hai0="101,35,18,25,100,50,13,71,98,73,22,82,27" hai1="3,85,54,23,106,26,76,16,123,112,87,59,62" hai2="53,38,118,122,83,9,72,90,4,65,2,103,126" hai3="63,37,130,81,134,7,29,70,5,51,132,91,104"/><T109/><D71/><U94/><E123/><V133/><F122/><W33/><G37/><T107/><D109/><U67/><E106/><V69/><F38/><W77/><G104/><T120/><D120/><U44/><E3/><V119/><F103/><W20/><G33/><T24/><D101/><U124/><E124/><V42/><F42/><W116/><G116/><T97/><D97/><U129/><E129/><V66/><F126/><W89/><G130/><T32/><D73/><U111/><E112/><V84/><F133/><W108/><G108/><T88/><REACH who="0" step="1"/><D50/><REACH who="0" ten="395,205,195,195" step="2"/><N who="1" m="28999" /><E111/><V12/><F72/><W99/><G51/><T19/><D19/><U92/><E85/><AGARI ba="2,1" hai="13,18,22,24,25,27,32,35,82,85,88,98,100,107" machi="85" ten="40,3900,0" yaku="1,1,54,1,53,0" doraHai="49" doraHaiUra="6" who="0" fromWho="1" sc="395,55,205,-45,195,0,195,0" />
</Scene>
<Scene>
<INIT seed="0,3,0,1,1,132" ten="450,160,195,195" oya="0" hai0="80,1,118,11,111,0,54,40,78,109,28,105,63" hai1="108,124,29,91,53,88,4,85,66,5,104,30,26" hai2="24,103,69,59,15,82,93,51,99,33,129,127,61" hai3="68,119,97,6,47,76,3,101,77,121,39,94,49"/><T60/><D118/><U79/><E104/><V12/><F129/><W17/><G68/><T120/><D120/><U35/><E108/><N who="0" m="41545" /><D105/><U48/><E30/><V130/><F130/><W115/><G115/><T67/><D40/><U73/><E66/><V56/><F69/><W7/><G121/><T55/><D28/><U71/><E71/><V52/><F33/><W128/><G39/><T75/><D63/><U89/><E73/><V102/><F24/><W122/><G122/><T10/><D10/><U84/><E124/><V113/><F113/><W135/><G135/><T117/><D117/><U114/><E114/><V116/><F116/><W23/><G128/><T74/><D74/><U134/><E134/><V38/><F38/><W123/><G3/><N who="0" m="1099" /><D11/><U25/><E25/><V2/><F2/><W95/><G123/><T36/><D36/><U125/><E125/><V90/><F127/><W72/><G72/><T133/><D133/><U106/><E106/><V62/><F51/><W83/><G7/><T87/><D75/><U100/><E4/><V22/><F22/><W70/><G6/><T19/><D19/><U58/><E5/><V86/><REACH who="2" step="1"/><F103/><REACH who="2" ten="450,160,185,195" step="2"/><W43/><G101/><T42/><D42/><U14/><E100/><V31/><F31/><W18/><G43/><T131/><D131/><U126/><E126/><V41/><F41/><W112/><G70/><AGARI ba="3,1" hai="54,55,60,67,70,78,80,87" m="1099,41545" machi="70" ten="30,2900,0" yaku="14,1,10,1" doraHai="132" who="0" fromWho="3" sc="450,48,160,0,185,0,195,-38" />
</Scene>
<Scene>
<INIT seed="0,4,0,5,4,118" ten="498,160,185,157" oya="0" hai0="83,15,10,31,85,113,127,110,92,75,114,27,82" hai1="134,8,133,16,94,73,58,35,19,38,21,116,13" hai2="29,102,121,91,87,76,56,84,125,77,40,55,42" hai3="43,112,18,101,106,52,41,65,63,60,80,14,17"/><T89/><D127/><U7/><E38/><V72/><F72/><W93/><G106/><T129/><D129/><U78/><E116/><V33/><F125/><W128/><G128/><T132/><D132/><N who="1" m="50795" /><E35/><V0/><F0/><W70/><G112/><T32/><D110/><U23/><E94/><V120/><F102/><W74/><G18/><N who="1" m="6698" /><E58/><V57/><F91/><W51/><G63/><T81/><D75/><U130/><E130/><V123/><F33/><W107/><G107/><T4/><AGARI ba="4,0" hai="4,10,15,27,31,32,81,82,83,85,89,92,113,114" machi="4" ten="30,1500,0" yaku="0,1" doraHai="118" who="0" fromWho="0" sc="498,27,160,-9,185,-9,157,-9" />
</Scene>
<Scene>
<INIT seed="0,5,0,3,4,76" ten="525,151,176,148" oya="0" hai0="111,101,74,99,5,67,87,54,91,114,50,92,11" hai1="51,58,44,66,88,97,41,34,52,27,135,17,86" hai2="30,134,93,89,1,14,24,61,7,118,49,6,59" hai3="73,12,103,120,37,121,8,21,31,125,40,104,48"/><T82/><D114/><U32/><E135/><V47/><F1/><W20/><G37/><T2/><D111/><U56/><E66/><V123/><F123/><W117/><G73/><T26/><D26/><U113/><E56/><V83/><F134/><W85/><G117/><T68/><D74/><U80/><E113/><V42/><F118/><W43/><G104/><T65/><REACH who="0" step="1"/><D68/><REACH who="0" ten="515,151,176,148" step="2"/><U105/><E27/><V45/><F24/><W35/><G120/><T72/><D72/><U100/><REACH who="1" step="1"/><E17/><REACH who="1" ten="515,141,176,148" step="2"/><V127/><F30/><W96/><G31/><T106/><D106/><U63/><AGARI ba="5,2" hai="32,34,41,44,51,52,58,63,80,86,88,97,100,105" machi="63" ten="20,12000,2" yaku="1,1,2,1,0,1,7,1,52,1,54,2,53,0" doraHai="76" doraHaiUra="19" who="1" fromWho="1" sc="515,-65,141,155,176,-35,148,-35" />
</Scene>
<Scene>
<INIT seed="1,0,0,2,1,103" ten="450,296,141,113" oya="1" hai0="84,41,74,69,50,14,40,17,79,130,135,13,87" hai1="25,106,132,67,47,10,64,102,129,12,115,101,7" hai2="22,78,133,88,59,49,20,118,62,19,60,90,131" hai3="42,96,109,54,48,123,97,75,11,58,92,34,94"/><U80/><E115/><V72/><F118/><W73/><G34/><T0/><D0/><U4/><E132/><V66/><F133/><W8/><G109/><T46/><D135/><U29/><E129/><V71/><F131/><W68/><G68/><T83/><D130/><U126/><E126/><V127/><F127/><W119/><G123/><T65/><D41/><U31/><E4/><V32/><F32/><W112/><G112/><T53/><D40/><U81/><E47/><V35/><F35/><W125/><G119/><T76/><D76/><U82/><E106/><V16/><F49/><W36/><G125/><T85/><D69/><U38/><E38/><V105/><F105/><W27/><G27/><T114/><D65/><N who="1" m="25163" /><E25/><V45/><F45/><W56/><G42/><T117/><D117/><U24/><E24/><V120/><F120/><W104/><G104/><T124/><D124/><U89/><E89/><V55/><F72/><W39/><REACH who="3" step="1"/><G54/><REACH who="3" ten="450,296,141,103" step="2"/><T95/><D114/><U100/><AGARI ba="0,1" hai="7,10,12,29,31,80,81,82,100,101,102" m="25163" machi="100" ten="40,2100,0" yaku="8,1" doraHai="103" who="1" fromWho="1" sc="450,-7,296,31,141,-7,103,-7" />
</Scene>
<Scene>
<INIT seed="1,1,0,3,5,89" ten="443,327,134,96" oya="1" hai0="135,92,123,73,37,112,91,64,65,117,36,133,9" hai1="129,80,2,82,83,120,10,94,68,99,118,7,105" hai2="15,97,29,16,108,53,46,32,127,96,76,114,85" hai3="125,122,67,42,47,48,49,98,43,31,86,6,4"/><U35/><E118/><V13/><F108/><W132/><G122/><T52/><D117/><U87/><E120/><V109/><F109/><W24/><G132/><N who="0" m="50763" /><D112/><U101/><E68/><V95/><F114/><W30/><G125/><T119/><D73/><U57/><E35/><V75/><F75/><W116/><G116/><T130/><D130/><U74/><E129/><V56/><F127/><W71/><G86/><N who="0" m="52343" /><D123/><U126/><E126/><V54/><F29/><W115/><G115/><T111/><D111/><U84/><E74/><V27/><F32/><W110/><G110/><T70/><D9/><U19/><E19/><V1/><F1/><W102/><G31/><T88/><D70/><U14/><E2/><V3/><F3/><W34/><G49/><T77/><D77/><U8/><E8/><V134/><F134/><W121/><G43/><T61/><D88/><N who="1" m="51231" /><E105/><V104/><F104/><W78/><G78/><T58/><D119/><U100/><E100/><V113/><F113/><W20/><G20/><T18/><D18/><U44/><E44/><V124/><F46/><W11/><G11/><T51/><D61/><U5/><E5/><V22/><F124/><W23/><G23/><T17/><D17/><U41/><E87/><V69/><F85/><W93/><REACH who="3" step="1"/><G121/><REACH who="3" ten="443,327,134,86" step="2"/><T79/><D79/><U60/><E41/><V50/><F76/><W103/><G103/><T62/><D62/><AGARI ba="1,1" hai="4,6,24,30,34,42,47,48,62,67,71,93,98,102" machi="62" ten="40,5200,0" yaku="1,1,52,1,53,1" doraHai="89" doraHaiUra="38" who="3" fromWho="0" sc="443,-55,327,0,134,0,86,65" />
</Scene>
<Scene>
<INIT seed="2,0,0,0,3,99" ten="388,327,134,151" oya="2" hai0="66,26,80,28,101,0,79,127,88,12,96,52,91" hai1="75,4,89,85,116,30,41,87,8,34,133,100,27" hai2="84,16,14,125,44,97,67,131,73,121,45,54,93" hai3="110,82,72,46,115,119,68,86,25,31,114,94,39"/><V104/><F121/><W33/><G68/><T135/><D127/><U58/><E116/><V111/><F73/><W71/><G71/><T124/><D135/><U134/><E75/><V81/><F104/><W65/><G65/><T122/><D124/><U105/><E41/><V123/><F123/><W42/><G119/><T56/><D0/><U95/><E85/><V50/><F125/><W77/><G110/><T35/><D66/><U37/><E37/><V15/><F131/><W23/><G72/><T10/><D122/><U7/><E58/><N who="2" m="33111" /><F67/><W132/><G132/><N who="1" m="50794" /><E8/><N who="2" m="6215" /><F15/><W51/><G39/><T112/><D112/><N who="3" m="43049" /><G94/><T118/><D118/><U36/><E36/><V92/><F111/><W76/><G76/><T126/><D126/><U69/><E69/><V117/><F117/><W19/><G19/><T3/><D3/><U102/><E105/><V120/><F120/><W62/><G62/><T70/><D70/><U2/><E2/><V107/><F107/><W22/><AGARI ba="0,0" hai="22,23,25,31,33,42,46,51,77,82,86" m="43049" machi="22" ten="30,1100,0" yaku="11,1" doraHai="99" who="3" fromWho="3" sc="388,-3,327,-3,134,-5,151,11" />
</Scene>
<Scene>
<INIT seed="3,0,0,1,3,46" ten="385,324,129,162" oya="3" hai0="51,18,68,132,107,74,103,2,98,5,125,31,113" hai1="109,63,22,60,36,116,33,7,67,6,91,27,54" hai2="108,97,101,92,43,85,48,94,13,62,126,112,117" hai3="77,123,133,14,106,56,104,71,131,26,4,80,24"/><W25/><G71/><T66/><D31/><U115/><E115/><V121/><F112/><W47/><G123/><T105/><D113/><U73/><E36/><V118/><F121/><W84/><G133/><T99/><D132/><U100/><E73/><V20/><F108/><W96/><G131/><T76/><D125/><U88/><E33/><V29/><F126/><W119/><G119/><T59/><D68/><U21/><E116/><V53/><F43/><W0/><G0/><T12/><D5/><U95/><E100/><V129/><F129/><W69/><G69/><T128/><D2/><U124/><E67/><V10/><F62/><W9/><G96/><T23/><D128/><U83/><E109/><V55/><F55/><W15/><G56/><T78/><D74/><U86/><E22/><V57/><F29/><W130/><G130/><T50/><D78/><U111/><E111/><V79/><F20/><W38/><REACH who="3" step="1"/><G15/><REACH who="3" ten="385,324,129,152" step="2"/><T65/><D98/><N who="1" m="57703" /><E124/><V44/><F57/><W16/><G16/><T32/><D59/><N who="1" m="34935" /><E63/><V102/><F102/><W61/><G61/><T134/><D103/><U82/><E82/><V28/><F28/><AGARI ba="0,1" hai="6,7,21,27,28,83,86,91" m="34935,57703" machi="28" ten="30,2000,0" yaku="8,1,54,1" doraHai="46" who="1" fromWho="2" sc="385,0,324,30,129,-20,152,0" />
</Scene>
<Scene>
<INIT seed="4,0,0,3,0,99" ten="385,354,109,152" oya="0" hai0="110,79,105,95,118,34,71,101,37,12,22,133,61" hai1="3,86,1,10,50,43,94,8,119,80,40,109,120" hai2="44,112,17,42,131,100,59,106,41,52,127,98,117" hai3="82,26,76,35,128,88,36,11,114,63,45,16,123"/><T18/><D118/><U84/><E109/><V104/><F117/><W7/><G123/><T91/><D110/><U96/><E120/><V39/><F112/><W111/><G111/><T81/><D133/><U67/><E67/><V72/><F72/><W69/><G128/><T77/><D37/><U68/><E68/><V32/><F32/><W70/><G114/><T24/><D91/><U64/><E64/><V87/><F131/><W62/><G70/><T92/><D92/><U90/><E1/><V116/><F116/><W53/><G69/><T51/><D95/><U48/><E86/><V115/><F115/><W83/><G35/><T102/><D51/><U4/><E10/><V107/><F41/><W47/><G36/><T73/><D105/><U31/><E31/><V29/><F29/><W122/><G122/><T58/><D77/><U93/><E93/><V13/><F87/><N who="3" m="50303" /><G7/><T129/><D71/><U55/><E119/><V15/><F15/><N who="3" m="7295" /><G26/><T124/><D129/><U113/><E113/><V25/><F25/><W65/><G65/><T38/><D38/><U2/><E2/><V103/><F127/><W6/><G6/><T85/><D124/><U49/><REACH who="1" step="1"/><E55/><REACH who="1" ten="385,344,109,152" step="2"/><V78/><F78/><AGARI ba="0,1" hai="3,4,8,40,43,48,49,50,78,80,84,90,94,96" machi="78" ten="40,2600,0" yaku="1,1,2,1,53,0" doraHai="99" doraHaiUra="27" who="1" fromWho="2" sc="385,0,344,36,109,-26,152,0" />
</Scene>
<Scene>
<INIT seed="5,0,0,3,2,16" ten="385,380,83,152" oya="1" hai0="52,38,84,12,118,35,14,17,8,31,120,33,15" hai1="130,123,6,71,65,91,53,58,110,11,79,90,112" hai2="29,46,128,45,83,102,103,41,125,88,116,49,34" hai3="36,87,108,50,27,126,51,104,122,40,13,113,119"/><U26/><E123/><V39/><F116/><W9/><G104/><T85/><D38/><U106/><E106/><V2/><F2/><W60/><G108/><T132/><D118/><U56/><E71/><V3/><F3/><W4/><G119/><T101/><D101/><U54/><E112/><V97/><F128/><W55/><G126/><T7/><D120/><U117/><E65/><V57/><F125/><W124/><G124/><T67/><D67/><U95/><E79/><V114/><F57/><W63/><G36/><T69/><D69/><U73/><E73/><V107/><F103/><W19/><G113/><T20/><D132/><U62/><E130/><V30/><F114/><W72/><G72/><T43/><D43/><U78/><E78/><V98/><F34/><N who="0" m="12810" /><D52/><U5/><E110/><V135/><F135/><W48/><G40/><T10/><D85/><U131/><E131/><V59/><F59/><W105/><G105/><T94/><D94/><U61/><E11/><N who="0" m="4137" /><D84/><U89/><E117/><V1/><F1/><W23/><G122/><T32/><D7/><N who="1" m="2571" /><E95/><V47/><F83/><W66/><G66/><T37/><D37/><U100/><E100/><V42/><REACH who="2" step="1"/><F47/><REACH who="2" ten="385,380,73,152" step="2"/><W82/><REACH who="3" step="1"/><G55/><REACH who="3" ten="385,380,73,142" step="2"/><T70/><D70/><U133/><E133/><V76/><F76/><AGARI ba="0,2" hai="4,9,13,19,23,27,48,50,51,60,63,76,82,87" machi="76" ten="40,8000,1" yaku="1,1,2,1,8,1,52,1,53,0" doraHai="16" doraHaiUra="129" who="3" fromWho="2" sc="385,0,380,0,73,-80,142,100" owari="385,49.0,380,18.0,-7,-51.0,242,-16.0" />
</Scene>
</mjloggm>