<mjloggm ver="2.3"><GO type="169" lobby="0"/><UN n0="%E3%83%98%E3%82%AF%E3%82%B5%E3%83%BC" n1="%73%6F%64%6F%72" n2="%E3%81%8B%E3%81%8D" n3="%E5%A4%AA%E3%81%8F%E3%81%AA%E3%81%84%E3%81%8A" dan="16,16,16,17" rate="2112.79,2066.70,2059.99,2189.57" sx="M,M,M,M"/><TAIKYOKU oya="0"/>

<Scene>
<INIT seed="0,0,0,1,4,26" ten="250,250,250,250" oya="0" hai0="102,128,133,11,40,42,76,68,60,72,2,49,79" hai1="84,70,6,114,126,5,36,33,38,28,120,89,113" hai2="94,34,16,109,130,112,17,30,123,98,23,20,57" hai3="4,58,14,8,25,135,22,54,18,50,62,83,47"/><T31/><D128/><U10/><E70/><V1/><F109/><W0/><G135/><T106/><D133/><U127/><E120/><V67/><F123/><W82/><REACH who="3" step="1"/><G0/><REACH who="3" ten="250,250,250,240" step="2"/><T52/><D2/><U93/><E114/><V12/><F1/><W48/><G48/><T91/><D49/><U64/><E113/><V125/><F112/><W104/><G104/><T80/><D106/><U66/><E38/><V3/><F3/><W56/><G56/><T87/><D68/><U43/><E36/><V124/><F130/><W71/><G71/><T73/><D73/><U46/><E127/><V77/><F125/><W19/><G19/><T39/><D39/><U95/><E126/><V61/><F124/><W44/><G44/><T118/><D72/><U37/><E37/><V115/><F115/><W97/><G97/><T121/><D121/><U117/><E46/><V74/><F74/><W32/><G32/><T41/><D118/><U105/><E105/><V15/><F34/><W24/><G24/><T53/><D60/><U69/><E69/><V21/><F77/><W78/><G78/><T29/><D79/><U35/><E35/><V88/><REACH who="2" step="1"/><F30/><REACH who="2" ten="250,250,240,240" step="2"/><N who="0" m="11274" /><D76/><U75/><E33/><V13/><AGARI ba="0,2" hai="12,13,15,16,17,20,21,23,57,61,67,88,94,98" machi="13" ten="30,8000,1" yaku="1,1,0,1,8,1,54,2,53,0" doraHai="26" doraHaiUra="65" who="2" fromWho="2" sc="250,-40,250,-20,240,100,240,-20" />
</Scene>
<Scene>
<INIT seed="1,0,0,4,4,44" ten="210,230,340,220" oya="1" hai0="23,127,51,70,109,122,91,1,35,130,105,80,94" hai1="66,9,18,77,7,87,125,20,25,106,19,129,126" hai2="108,114,90,68,85,96,71,97,38,107,10,61,49" hai3="2,54,30,17,135,36,4,92,119,31,133,28,82"/><U103/><E66/><V84/><F38/><W88/><G36/><T75/><RYUUKYOKU type="yao9" ba="0,0" sc="210,0,230,0,340,0,220,0" hai0="1,23,35,51,70,75,80,91,94,105,109,122,127,130" />
</Scene>
<Scene>
<INIT seed="1,1,0,4,2,91" ten="210,230,340,220" oya="1" hai0="99,103,42,87,21,3,92,115,95,125,7,15,79" hai1="84,134,11,107,74,49,51,129,97,18,13,63,112" hai2="36,64,58,70,116,53,80,0,23,101,128,61,135" hai3="119,117,105,68,33,78,31,44,69,94,86,45,90"/><U38/><E74/><V16/><F116/><N who="3" m="44619" /><G105/><T50/><D115/><U17/><E38/><V12/><F0/><W83/><G31/><T26/><D125/><U32/><E32/><V106/><F135/><W133/><G33/><T39/><D3/><U132/><E112/><V67/><F128/><W127/><G133/><N who="1" m="51306" /><E129/><V75/><F36/><W10/><G10/><N who="0" m="4575" /><D39/><U88/><E63/><V73/><F80/><W82/><G82/><N who="0" m="47583" /><D99/><U2/><E2/><V19/><F67/><W46/><G127/><T48/><D103/><N who="1" m="62959" /><E18/><V122/><F122/><W24/><G24/><T9/><D9/><U35/><E35/><V85/><F101/><W22/><G22/><T43/><D50/><U28/><E28/><V76/><F106/><W98/><AGARI ba="1,0" hai="44,45,46,68,69,78,83,86,90,94,98" m="44619" machi="98" ten="30,2000,0" yaku="12,1,52,1" doraHai="91" who="3" fromWho="3" sc="210,-6,230,-11,340,-6,220,23" />
</Scene>
<Scene>
<INIT seed="2,0,0,2,3,11" ten="204,219,334,243" oya="2" hai0="130,81,80,122,31,92,27,7,49,9,102,82,28" hai1="42,86,10,2,97,46,60,79,110,25,129,116,36" hai2="112,62,39,108,67,94,70,100,26,89,127,13,6" hai3="40,44,1,121,58,124,73,69,128,76,5,85,107"/><V71/><F112/><W24/><G69/><T18/><D122/><U54/><E116/><V47/><F127/><W119/><G119/><T96/><D130/><U30/><E129/><V90/><F70/><W15/><G128/><T106/><D106/><U43/><E110/><V0/><F0/><W99/><G58/><T8/><D49/><U33/><E97/><V34/><F108/><W113/><G85/><T23/><REACH who="0" step="1"/><D8/><REACH who="0" ten="194,219,334,243" step="2"/><U101/><E10/><V87/><F39/><W98/><G107/><T120/><D120/><U131/><E36/><V29/><F62/><W48/><G121/><T91/><D91/><U63/><E63/><V135/><F90/><W114/><G48/><T74/><D74/><U64/><E60/><V51/><F89/><W3/><G73/><T133/><D133/><U123/><E131/><V53/><F135/><W52/><G114/><T95/><D95/><U22/><E123/><V75/><F75/><W125/><G113/><T14/><AGARI ba="0,1" hai="7,9,14,18,23,27,28,31,80,81,82,92,96,102" machi="14" ten="30,7900,0" yaku="1,1,0,1,8,1,52,1,53,0" doraHai="11" doraHaiUra="57" who="0" fromWho="0" sc="194,89,219,-20,334,-39,243,-20" />
</Scene>
<Scene>
<INIT seed="3,0,0,3,4,93" ten="283,199,295,223" oya="3" hai0="117,18,4,120,35,39,30,132,65,21,41,100,97" hai1="20,70,0,84,14,106,40,92,115,89,10,129,19" hai2="51,1,57,109,47,126,103,98,6,54,33,32,134" hai3="87,2,95,79,113,26,28,71,45,23,96,64,124"/><W42/><G113/><T122/><D41/><U116/><E106/><V77/><F109/><W128/><G2/><T58/><D39/><U130/><E115/><V48/><F134/><W46/><G128/><N who="1" m="49258" /><E70/><V17/><F126/><W110/><G124/><T118/><D58/><U62/><E116/><N who="0" m="44649" /><D65/><U131/><N who="1" m="49266" /><U7/><DORA hai="25" /><E40/><V121/><F121/><W83/><G110/><T29/><D132/><U43/><E43/><V73/><F1/><W94/><G42/><T114/><D114/><U111/><E111/><V68/><F68/><W74/><G74/><T133/><D133/><U90/><E90/><V112/><F6/><W101/><REACH who="3" step="1"/><G94/><REACH who="3" ten="283,199,295,213" step="2"/><T53/><D120/><U86/><E92/><V91/><F112/><W8/><G8/><T50/><D122/><U16/><E0/><V27/><F73/><W56/><G56/><T88/><D100/><U3/><E3/><V104/><F103/><W66/><G66/><T13/><D53/><U59/><E59/><V85/><F57/><W11/><G11/><T52/><D52/><U75/><E75/><V67/><F67/><W82/><G82/><T5/><D50/><U76/><E62/><AGARI ba="0,1" hai="23,26,28,45,46,62,64,71,79,83,87,95,96,101" machi="62" ten="40,12000,1" yaku="1,1,52,2,53,2" doraHai="93,25" doraHaiUra="24,80" who="3" fromWho="1" sc="283,0,199,-120,295,0,213,130" />
</Scene>
<Scene>
<INIT seed="3,1,0,4,3,83" ten="283,79,295,343" oya="3" hai0="124,1,126,100,77,58,9,95,53,127,94,32,11" hai1="56,2,104,37,24,128,91,47,4,123,28,121,51" hai2="42,67,64,61,111,30,135,117,0,15,45,39,82" hai3="90,116,20,120,3,57,88,60,7,34,98,33,105"/><W26/><G116/><T44/><D32/><U93/><E104/><V103/><F0/><W41/><G120/><T6/><D44/><U62/><E128/><V54/><F111/><W59/><G41/><T31/><D31/><U38/><E4/><V43/><F117/><W21/><G3/><T52/><D77/><U129/><E129/><V13/><F135/><W75/><G75/><T48/><D100/><U81/><E2/><V106/><F43/><W16/><G7/><T134/><D134/><U40/><E81/><V108/><F108/><W49/><G105/><T97/><D97/><U27/><E123/><V10/><F30/><W102/><G102/><T18/><REACH who="0" step="1"/><D53/><REACH who="0" ten="273,79,295,343" step="2"/><U14/><E121/><V72/><F54/><N who="3" m="31951" /><G34/><T8/><D8/><U130/><E130/><V132/><F132/><W78/><G33/><T96/><D96/><U36/><E28/><V131/><F131/><W79/><G21/><T110/><D110/><U25/><E38/><V22/><F22/><W87/><G98/><T35/><D35/><U107/><E37/><V12/><F103/><W84/><G90/><T69/><D69/><U101/><E36/><V17/><F39/><W66/><G84/><T109/><D109/><U5/><E101/><V74/><F74/><W80/><AGARI ba="1,1" hai="16,20,26,59,60,66,78,79,80,87,88" m="31951" machi="80" ten="30,11700,0" yaku="8,1,52,1,54,2" doraHai="83" who="3" fromWho="3" sc="273,-40,79,-40,295,-40,343,130" />
</Scene>
<Scene>
<INIT seed="3,2,0,5,3,114" ten="233,39,255,473" oya="3" hai0="37,110,56,34,58,79,67,129,47,7,1,122,103" hai1="32,75,57,91,98,18,42,127,9,5,104,72,106" hai2="71,11,78,66,76,119,89,85,115,100,95,97,26" hai3="41,70,63,48,82,12,128,36,15,0,99,28,90"/><W50/><G0/><T135/><D122/><U121/><E32/><V102/><F71/><W31/><G36/><T29/><D79/><N who="2" m="30250" /><F66/><W123/><G123/><T108/><D129/><U93/><E121/><V62/><F62/><W33/><G70/><T126/><D126/><U21/><E127/><V83/><F11/><W131/><G63/><T51/><D37/><U101/><E42/><V2/><F2/><W74/><G74/><T14/><D1/><U96/><E106/><N who="2" m="63759" /><F26/><W46/><G33/><T54/><D135/><U86/><E98/><N who="2" m="59743" /><F115/><W49/><G15/><T107/><D103/><U111/><E111/><N who="0" m="42537" /><D107/><U88/><E57/><N who="0" m="22121" /><D67/><U130/><E130/><V55/><F55/><W4/><G131/><T132/><D132/><U73/><E9/><V81/><F119/><W23/><G128/><T6/><D14/><U133/><E5/><V120/><F120/><W40/><G4/><T105/><D105/><U10/><E10/><V53/><F53/><W87/><G41/><T30/><D30/><U109/><E109/><V125/><F125/><W27/><G31/><T124/><D124/><U65/><E65/><V94/><AGARI ba="2,0" hai="81,83,85,89,94" m="59743,63759,30250" machi="94" ten="30,8000,1" yaku="35,5" doraHai="114" who="2" fromWho="2" sc="233,-22,39,-22,255,86,473,-42" />
</Scene>
<Scene>
<INIT seed="4,0,0,2,3,13" ten="211,17,341,431" oya="0" hai0="53,77,4,88,23,72,31,90,0,115,17,45,118" hai1="47,60,75,58,93,50,41,44,95,132,32,43,94" hai2="108,69,57,49,78,16,65,29,135,133,107,54,2" hai3="91,63,46,99,92,68,100,55,1,38,112,117,131"/><T34/><D118/><U10/><E75/><V22/><F108/><W116/><G1/><T110/><D115/><U76/><E32/><V130/><F107/><W35/><G35/><T12/><D110/><U48/><E76/><V19/><F2/><W59/><G112/><T134/><D134/><N who="2" m="51210" /><F130/><W101/><G131/><T74/><D53/><U109/><E132/><V86/><F69/><W62/><G38/><T121/><D121/><U122/><E109/><V128/><F65/><W40/><G68/><T51/><D77/><U83/><E122/><V120/><F120/><W11/><G63/><T71/><D71/><U102/><E83/><N who="2" m="47479" /><F128/><W129/><G129/><T67/><D67/><U14/><E102/><V61/><F61/><W125/><G100/><T39/><D39/><U26/><E26/><V106/><F106/><W25/><G101/><T119/><D119/><U104/><E104/><V66/><F66/><W7/><G25/><AGARI ba="0,0" hai="16,19,22,25,29,49,54,57" m="47479,51210" machi="25" ten="30,7700,0" yaku="20,1,52,2,54,1" doraHai="13" who="2" fromWho="3" sc="211,0,17,0,341,77,431,-77" />
</Scene>
<Scene>
<INIT seed="5,0,0,3,5,90" ten="211,17,418,354" oya="1" hai0="36,89,100,23,123,10,19,42,109,39,21,126,103" hai1="114,129,59,97,115,85,98,14,44,57,130,41,86" hai2="83,2,6,108,54,87,31,93,70,49,117,79,118" hai3="30,74,116,125,22,46,84,1,65,50,72,63,48"/><U81/><E14/><V18/><F70/><W88/><G1/><T34/><D109/><U110/><E110/><V55/><F108/><W66/><G125/><T122/><D34/><U4/><E4/><V0/><F31/><W82/><G116/><T45/><D126/><U119/><E119/><V28/><F28/><W37/><G37/><T7/><D39/><U38/><E59/><V67/><F67/><W5/><G5/><T91/><D103/><U11/><E57/><V76/><F118/><W77/><G30/><T40/><D100/><U9/><E9/><V96/><F117/><W92/><G22/><N who="0" m="8203" /><D19/><U16/><E16/><V20/><F79/><W104/><G104/><T71/><D42/><U27/><E27/><V60/><F60/><W47/><G74/><T124/><D71/><U127/><E11/><V51/><F6/><W43/><REACH who="3" step="1"/><G63/><REACH who="3" ten="211,17,418,344" step="2"/><T133/><D124/><U52/><E127/><V134/><F2/><W15/><G15/><N who="0" m="5599" /><D133/><U62/><E62/><V35/><F134/><W64/><G64/><T17/><D17/><U32/><E32/><V69/><F0/><W61/><G61/><T101/><D36/><U121/><E121/><V53/><F35/><W56/><G56/><T24/><D123/><U25/><E25/><N who="2" m="14487" /><F69/><W128/><G128/><N who="1" m="49258" /><E52/><AGARI ba="0,1" hai="43,46,47,48,50,52,65,66,72,77,82,84,88,92" machi="52" ten="30,12000,2" yaku="1,1,7,1,52,1,54,2,53,1" doraHai="90" doraHaiUra="73" who="3" fromWho="1" sc="211,0,17,-120,418,0,344,130" owari="211,-19.0,-103,-60.0,418,22.0,474,57.0" />
</Scene>
</mjloggm>