<mjloggm ver="2.3"><GO type="169" lobby="0"/><UN n0="%E4%B8%8A%E5%AE%B6%E3%81%AF%E6%80%AA%E3%81%97%E3%81%84%EF%BC%81%EF%BC%81" n1="%E3%82%BF%E3%82%AD%E3%83%88%E3%83%BC%E3%83%AB" n2="%E3%82%A4%E3%83%8B%E3%82%A8%E3%82%B9%E3%82%BF" n3="%E5%A4%AA%E3%81%8F%E3%81%AA%E3%81%84%E3%81%8A" dan="17,16,17,17" rate="2190.02,2090.78,2175.41,2189.44" sx="M,M,M,M"/><TAIKYOKU oya="0"/>

<Scene>
<INIT seed="0,0,0,3,5,116" ten="250,250,250,250" oya="0" hai0="30,42,110,41,47,14,34,99,83,51,107,9,127" hai1="23,29,69,92,37,11,35,62,131,85,55,96,5" hai2="16,89,57,68,58,91,12,50,106,2,52,66,43" hai3="18,130,128,54,115,132,48,80,90,45,19,56,1"/><T31/><D127/><U24/><E37/><V49/><F2/><W46/><G1/><T20/><D34/><U113/><E131/><N who="3" m="50218" /><G132/><T33/><D33/><U25/><E113/><V53/><F106/><W87/><G115/><T114/><D114/><U82/><E69/><V120/><F120/><W102/><G102/><T125/><D125/><U123/><E123/><V61/><REACH who="2" step="1"/><F43/><REACH who="2" ten="250,250,240,250" step="2"/><N who="3" m="24639" /><G46/><T32/><D42/><U3/><E35/><V105/><F105/><W70/><G70/><T13/><D32/><U109/><E109/><V26/><F26/><W44/><G44/><T59/><D110/><U21/><E25/><V93/><F93/><W28/><G28/><T119/><D30/><U98/><E24/><V101/><F101/><W126/><G126/><T86/><D31/><U79/><E29/><V76/><F76/><W95/><G95/><T36/><D107/><U15/><E92/><V129/><F129/><W84/><G84/><T64/><D41/><U38/><E3/><V74/><F74/><W135/><G135/><T133/><D47/><U112/><E112/><V118/><F118/><W8/><G8/><AGARI ba="0,1" hai="8,12,16,49,50,52,53,57,58,61,66,68,89,91" machi="8" ten="30,8000,1" yaku="1,1,7,1,9,1,54,2,53,0" doraHai="116" doraHaiUra="121" who="2" fromWho="3" sc="250,0,250,0,240,90,250,-80" />
</Scene>
<Scene>
<INIT seed="1,0,0,5,3,70" ten="250,250,330,170" oya="1" hai0="44,125,41,21,34,47,118,30,37,71,25,43,117" hai1="130,27,90,86,1,108,16,9,66,78,42,121,3" hai2="2,5,6,119,50,73,79,116,104,33,72,98,135" hai3="67,101,52,82,106,120,56,62,28,60,0,23,105"/><U35/><E121/><V111/><F50/><W58/><G120/><T61/><D125/><U10/><E130/><V32/><F79/><W8/><G101/><T87/><D87/><U15/><E78/><V55/><F55/><W7/><REACH who="3" step="1"/><G82/><REACH who="3" ten="250,250,330,160" step="2"/><T109/><D109/><U100/><E100/><V24/><F111/><W81/><G81/><T134/><D134/><U83/><E108/><V45/><F135/><W36/><G36/><N who="0" m="21543" /><D21/><U95/><E83/><V13/><F33/><W76/><G76/><T115/><D115/><U113/><E113/><V40/><F32/><W19/><G19/><T124/><D124/><U29/><E9/><V91/><F119/><W112/><G112/><T57/><D57/><U11/><E11/><V26/><F116/><W39/><G39/><T126/><D126/><U131/><E131/><V64/><F6/><W85/><G85/><T103/><D103/><U53/><E66/><AGARI ba="0,1" hai="25,30,34,37,43,47,61,66,71,117,118" m="21543" machi="66" ten="30,3900,0" yaku="23,1,52,2" doraHai="70" who="0" fromWho="1" sc="250,49,250,-39,330,0,160,0" />
</Scene>
<Scene>
<INIT seed="2,0,0,5,4,85" ten="299,211,330,160" oya="2" hai0="28,104,70,18,96,127,107,46,116,92,44,35,24" hai1="66,48,12,45,30,47,98,132,94,14,90,20,29" hai2="2,42,17,41,73,102,61,71,93,100,97,51,69" hai3="64,86,56,26,78,16,131,133,84,39,91,9,11"/><V38/><F73/><W3/><G39/><T95/><D116/><U33/><E132/><V121/><F121/><W40/><G40/><T76/><D76/><U68/><E33/><V37/><F2/><W87/><G133/><T122/><D122/><U126/><E126/><V134/><F134/><W74/><G131/><T5/><D5/><U57/><E68/><V123/><F123/><W21/><G3/><T1/><D1/><U58/><E45/><V124/><F17/><W36/><G36/><T22/><D127/><U105/><E105/><V4/><F124/><W53/><G64/><T106/><D70/><U83/><E83/><V111/><F93/><N who="3" m="54503" /><G74/><T128/><D128/><U63/><E57/><V62/><F4/><W23/><G87/><T13/><REACH who="0" step="1"/><D95/><REACH who="0" ten="289,211,330,160" step="2"/><U19/><REACH who="1" step="1"/><E12/><REACH who="1" ten="289,201,330,160" step="2"/><V79/><F69/><W114/><G114/><T89/><AGARI ba="0,2" hai="13,18,22,24,28,35,44,46,89,92,96,104,106,107" machi="89" ten="30,7900,0" yaku="1,1,2,1,0,1,52,1,53,0" doraHai="85" doraHaiUra="82" who="0" fromWho="0" sc="289,99,201,-20,330,-39,160,-20" />
</Scene>
<Scene>
<INIT seed="3,0,0,4,0,121" ten="388,181,291,140" oya="3" hai0="127,126,101,36,19,114,122,61,73,115,81,41,42" hai1="14,64,38,23,104,117,13,99,8,84,135,67,77" hai2="5,11,52,130,102,91,120,118,93,75,39,68,76" hai3="4,83,103,28,131,132,71,29,49,44,95,113,60"/><W20/><G113/><N who="0" m="43019" /><D122/><U123/><E123/><V9/><F118/><W107/><G107/><T6/><D127/><U59/><E38/><V18/><F68/><W82/><G131/><T110/><D6/><U37/><E37/><V7/><F102/><W1/><G132/><T21/><D101/><U46/><E135/><V45/><F130/><W78/><G1/><T30/><D30/><U63/><E46/><V80/><F120/><W116/><G4/><T106/><D106/><U62/><E104/><V96/><F11/><W88/><G103/><T128/><D126/><U25/><E99/><V27/><F39/><W133/><G116/><T2/><D2/><U94/><E8/><V51/><F9/><W109/><G133/><T97/><D97/><U111/><E117/><V79/><F79/><W92/><G71/><T35/><D35/><U124/><E124/><V66/><F66/><W34/><G34/><T32/><D32/><U43/><E43/><N who="0" m="16393" /><D61/><U89/><E77/><V125/><F125/><W48/><G60/><T129/><D36/><U0/><E0/><V119/><F119/><W54/><G29/><T85/><D73/><U26/><E26/><V90/><F5/><W56/><G28/><T105/><D105/><U134/><E134/><V40/><F7/><W70/><G49/><T57/><D128/><U87/><E87/><V24/><F75/><W22/><G70/><T15/><D129/><U74/><E74/><V112/><F112/><W50/><G50/><T31/><D31/><N who="1" m="17855" /><E111/><V33/><F33/><W12/><G48/><T55/><D110/><U17/><E17/><RYUUKYOKU ba="0,0" sc="388,-10,181,30,291,-10,140,-10" hai1="13,14,59,62,63,64,67,84,89,94" />
</Scene>
<Scene>
<INIT seed="4,1,0,2,3,121" ten="378,211,281,130" oya="0" hai0="113,127,31,16,95,12,17,87,30,75,101,50,48" hai1="84,62,103,58,123,120,41,60,67,126,119,0,72" hai2="43,29,98,135,34,32,15,100,37,66,88,131,71" hai3="125,118,78,26,130,52,44,2,10,25,102,63,70"/><T45/><D75/><U51/><E72/><V93/><F135/><W5/><G118/><T54/><D127/><U38/><E0/><V122/><F122/><W76/><G125/><T53/><D113/><U116/><E103/><V97/><F131/><W82/><G130/><T28/><D12/><U92/><E92/><V105/><F43/><W74/><G78/><T65/><D65/><U111/><E84/><V90/><F37/><W59/><G70/><T35/><D35/><U40/><E126/><V23/><F90/><W115/><G115/><T99/><REACH who="0" step="1"/><D87/><REACH who="0" ten="368,211,281,130" step="2"/><U134/><E67/><V47/><F34/><W11/><G11/><T22/><D22/><U46/><E134/><V56/><F32/><W107/><REACH who="3" step="1"/><G44/><AGARI ba="1,1" hai="16,17,28,30,31,44,45,48,50,53,54,95,99,101" machi="44" ten="40,12000,1" yaku="1,1,9,1,8,1,54,1,53,0" doraHai="121" doraHaiUra="110" who="0" fromWho="3" sc="368,133,211,0,281,0,130,-123" />
</Scene>
<Scene>
<INIT seed="4,2,0,4,0,2" ten="501,211,281,7" oya="0" hai0="9,96,1,87,106,91,54,40,56,18,105,128,34" hai1="75,33,125,101,51,126,37,52,132,42,61,60,26" hai2="53,41,108,11,81,21,36,99,111,129,16,4,89" hai3="100,46,39,130,123,58,127,121,68,29,59,7,31"/><T134/><D34/><U64/><E75/><V35/><F35/><W30/><G68/><T65/><D40/><U118/><E118/><V69/><F69/><W17/><G100/><T117/><D65/><U77/><E77/><V98/><F129/><W24/><G130/><T38/><D38/><U119/><E119/><V47/><F53/><W63/><G127/><T95/><D134/><U131/><E131/><V27/><F81/><W94/><G94/><T57/><D117/><U49/><E132/><V122/><F122/><N who="3" m="46603" /><G7/><T85/><D128/><U74/><E74/><V78/><F78/><W115/><G115/><T6/><D18/><U62/><E101/><V113/><F113/><W90/><G90/><T22/><D22/><U10/><E10/><V3/><REACH who="2" step="1"/><F89/><REACH who="2" ten="501,211,271,7" step="2"/><W86/><G86/><T0/><D85/><U20/><E33/><V92/><F92/><W14/><G24/><T12/><D87/><U70/><E126/><V79/><F79/><W110/><G110/><AGARI ba="2,1" hai="3,4,11,16,21,27,36,41,47,98,99,108,110,111" machi="110" ten="40,8000,1" yaku="1,1,52,1,54,1,53,1" doraHai="2" doraHaiUra="13" who="2" fromWho="3" sc="501,0,211,0,271,96,7,-86" owari="501,60.0,211,-19.0,367,17.0,-79,-58.0" />
</Scene>
</mjloggm>