<mjloggm ver="2.3"><GO type="41" lobby="0"/><UN n0="%48%2E%4E%6F%64%6F%6B%61" n1="%6B%61%6E%65%67%61%6E%65" n2="%E3%81%8B%E3%81%9A%E3%83%BC%E3%81%95%E3%82%93" n3="%E5%A4%AA%E3%81%8F%E3%81%AA%E3%81%84%E3%81%8A" dan="14,14,14,17" rate="1912.80,1967.79,1971.14,2144.09" sx="F,M,M,M"/><TAIKYOKU oya="0"/>

<Scene>
<INIT seed="0,0,0,0,5,69" ten="250,250,250,250" oya="0" hai0="8,118,83,124,94,32,61,117,68,93,73,109,66" hai1="14,39,108,71,1,24,111,59,53,2,115,11,86" hai2="87,116,30,84,18,25,33,127,119,130,64,16,36" hai3="63,77,105,85,120,96,90,103,126,99,76,5,110"/><T56/><D124/><U43/><E71/><V80/><F127/><W60/><G126/><T12/><D32/><U134/><E115/><V28/><F130/><W65/><G110/><N who="1" m="42026" /><E134/><V62/><F30/><W38/><G120/><T125/><D109/><U17/><E24/><V81/><F81/><W35/><G5/><T26/><D125/><U6/><E86/><N who="2" m="32811" /><F80/><W113/><G113/><T9/><D26/><U37/><E43/><V132/><F132/><W121/><G121/><T27/><D27/><U102/><E102/><V10/><F10/><W3/><G35/><T44/><D44/><U50/><E6/><V72/><F36/><AGARI ba="0,0" hai="1,2,11,14,17,36,37,39,50,53,59" m="42026" machi="36" ten="30,7700,0" yaku="14,1,52,3" doraHai="69" who="1" fromWho="2" sc="250,0,250,77,250,-77,250,0" />
</Scene>
<Scene>
<INIT seed="1,0,0,3,2,129" ten="250,327,173,250" oya="1" hai0="97,9,91,50,28,34,81,49,73,13,77,29,78" hai1="8,115,60,45,7,62,103,22,14,4,90,116,85" hai2="11,127,72,109,65,52,59,18,10,26,121,93,66" hai3="135,106,114,95,123,5,44,101,67,133,104,82,61"/><U84/><E115/><V76/><F121/><W32/><G123/><T17/><D78/><U113/><E113/><V83/><F109/><W118/><G114/><T43/><D34/><U41/><E116/><V74/><F74/><W132/><G118/><T94/><D43/><U71/><E103/><V31/><F127/><W33/><G5/><T87/><REACH who="0" step="1"/><D73/><REACH who="0" ten="240,327,173,250" step="2"/><U24/><E71/><V98/><F66/><W69/><G32/><T40/><D40/><U35/><E35/><V58/><F65/><W63/><G33/><T105/><D105/><U19/><E4/><V107/><F107/><W108/><G104/><T64/><D64/><U16/><E7/><V125/><F125/><W53/><G106/><T86/><D86/><U96/><E96/><V1/><F72/><W2/><G108/><T99/><D99/><U119/><E119/><V122/><F98/><N who="3" m="59615" /><G67/><T57/><D57/><U38/><REACH who="1" step="1"/><E84/><REACH who="1" ten="240,317,173,250" step="2"/><V36/><F122/><W117/><G117/><T75/><D75/><U55/><E55/><V3/><F52/><W70/><G70/><T21/><D21/><U42/><E42/><V6/><F6/><W79/><G69/><T15/><D15/><U124/><E124/><V47/><F3/><W126/><G2/><T92/><D92/><AGARI ba="0,2" hai="8,14,16,19,22,24,38,41,45,60,62,85,90,92" machi="92" ten="30,11600,0" yaku="1,1,7,1,54,1,53,1" doraHai="129" doraHaiUra="39" who="1" fromWho="0" sc="240,-116,317,136,173,0,250,0" />
</Scene>
<Scene>
<INIT seed="1,1,0,0,3,94" ten="124,453,173,250" oya="1" hai0="2,65,79,81,15,49,4,54,42,53,22,96,9" hai1="29,80,100,10,48,0,83,84,23,40,102,57,75" hai2="50,113,18,106,39,91,37,45,6,118,114,58,16" hai3="104,76,47,21,28,90,125,11,66,13,73,127,1"/><U7/><E75/><V124/><F118/><W34/><G104/><T26/><D65/><U64/><E80/><V117/><F117/><W132/><G66/><T101/><D2/><U36/><E36/><N who="2" m="13899" /><F6/><N who="3" m="1487" /><G47/><T93/><D42/><U43/><E23/><V12/><F58/><W30/><G90/><T52/><D79/><U56/><E29/><V130/><F12/><W72/><G76/><T95/><D95/><U119/><E119/><V78/><F78/><W55/><G55/><T120/><D81/><U103/><E64/><V27/><F27/><N who="3" m="18719" /><G73/><T107/><D120/><U105/><E105/><V86/><F106/><W51/><G51/><T122/><D122/><U121/><E121/><V61/><F61/><W38/><G38/><T131/><D107/><U112/><E112/><N who="2" m="43115" /><F130/><W98/><G13/><T33/><D131/><U126/><E84/><V123/><F123/><W17/><G72/><T71/><D33/><U74/><E83/><N who="2" m="49631" /><F124/><W92/><G127/><T108/><D71/><U116/><E126/><V70/><F70/><W135/><G125/><T8/><D8/><U87/><E100/><V24/><F24/><W32/><G32/><T99/><D49/><U77/><E43/><AGARI ba="1,0" hai="16,18,43,45,50" m="49631,43115,13899" machi="43" ten="30,2000,0" yaku="11,1,54,1" doraHai="94" who="2" fromWho="1" sc="124,0,453,-23,173,23,250,0" />
</Scene>
<Scene>
<INIT seed="2,0,0,1,5,36" ten="124,430,196,250" oya="2" hai0="134,122,65,63,9,44,81,14,123,17,21,58,72" hai1="20,109,62,6,59,117,23,85,64,96,133,42,82" hai2="67,30,132,80,105,34,95,97,11,5,10,112,3" hai3="86,129,52,91,102,12,79,92,71,114,78,98,104"/><V87/><F105/><W135/><G71/><T38/><D134/><U70/><E133/><V94/><F132/><W39/><G135/><T50/><D38/><U40/><E117/><V93/><F112/><W88/><G114/><T24/><D72/><U56/><E6/><V73/><F73/><W77/><G39/><T99/><D99/><U48/><E70/><V103/><F67/><W113/><G113/><T26/><D81/><U107/><E107/><V131/><F131/><W119/><G119/><T19/><REACH who="0" step="1"/><D26/><REACH who="0" ten="114,430,196,250" step="2"/><U53/><E96/><V32/><F97/><W101/><G129/><T1/><D1/><U31/><E82/><V51/><F103/><W16/><G104/><T100/><D100/><U130/><E130/><V68/><F80/><W69/><G102/><T90/><D90/><U2/><E2/><V76/><F3/><W37/><G37/><T89/><D89/><U35/><E85/><V110/><F87/><W128/><G128/><T108/><D108/><U13/><E109/><V18/><F110/><W7/><G86/><T41/><AGARI ba="0,1" hai="9,14,17,19,21,24,41,44,50,58,63,65,122,123" machi="41" ten="20,5200,0" yaku="1,1,0,1,7,1,52,1,53,0" doraHai="36" doraHaiUra="74" who="0" fromWho="0" sc="114,62,430,-13,196,-26,250,-13" />
</Scene>
<Scene>
<INIT seed="3,0,0,3,0,57" ten="176,417,170,237" oya="3" hai0="61,1,119,60,58,124,87,2,4,29,71,81,85" hai1="69,30,9,23,12,28,118,89,114,13,34,134,26" hai2="84,110,88,43,38,97,129,44,48,117,14,49,0" hai3="16,108,65,33,32,94,59,106,67,91,72,46,70"/><W37/><G106/><T83/><D119/><U74/><E74/><V123/><F0/><W132/><G72/><T79/><D124/><U105/><E105/><V17/><F117/><W55/><G132/><T39/><D39/><U125/><E118/><V8/><F123/><W27/><G70/><T19/><D29/><N who="1" m="19767" /><E69/><V52/><F129/><W41/><G108/><T75/><D75/><U54/><E54/><V102/><F110/><W66/><G16/><T56/><D71/><U20/><E89/><V126/><F126/><W130/><G27/><T3/><D19/><N who="1" m="8591" /><E114/><V115/><F115/><W22/><G22/><N who="1" m="8234" /><E125/><V120/><F120/><W116/><G116/><T31/><D31/><U98/><E98/><V73/><F73/><W131/><G131/><T101/><D101/><U11/><E134/><V53/><F38/><W77/><G77/><T113/><D113/><U127/><E127/><V111/><F111/><W90/><G130/><T107/><D107/><U109/><E109/><V25/><F49/><W121/><G121/><T15/><D81/><U10/><E10/><V47/><F47/><W80/><G80/><T122/><D87/><U82/><E82/><N who="2" m="49175" /><F25/><W104/><G104/><T112/><D122/><U63/><E63/><V5/><F102/><W92/><G90/><T24/><D112/><U50/><E50/><V93/><F97/><W133/><G133/><T76/><D24/><U36/><E36/><V18/><F93/><N who="3" m="35947" /><G91/><T6/><D76/><U35/><E35/><V99/><F99/><W42/><G42/><T135/><D135/><U100/><E100/><V7/><F43/><RYUUKYOKU ba="0,0" sc="176,-15,417,15,170,-15,237,15" hai1="11,13,28,30" hai3="32,33,37,41,46,55,59,65,66,67" />
</Scene>
<Scene>
<INIT seed="3,1,0,2,5,50" ten="161,432,155,252" oya="3" hai0="9,25,21,95,19,126,14,110,107,79,133,63,78" hai1="30,97,94,41,131,83,51,2,57,35,114,45,67" hai2="46,8,18,34,28,109,68,22,62,56,127,77,98" hai3="27,11,90,3,112,76,74,39,113,60,5,7,82"/><W132/><G132/><T135/><D107/><U59/><E114/><V20/><F127/><W32/><G90/><T120/><D120/><U124/><E2/><V53/><F68/><W1/><G60/><T116/><D116/><U117/><E117/><V13/><F109/><W128/><G128/><T104/><D104/><U71/><E131/><V88/><F77/><W64/><G64/><T108/><D126/><U72/><E71/><V101/><F34/><W52/><G52/><T0/><D95/><U43/><E43/><V100/><F46/><W80/><G80/><T24/><D63/><U40/><E40/><V75/><F75/><W44/><G7/><N who="0" m="1255" /><D78/><U91/><E83/><V58/><F28/><N who="3" m="19487" /><G3/><T4/><D79/><U87/><E91/><V122/><F122/><W92/><G92/><T15/><D4/><U89/><E87/><V73/><F73/><W105/><G105/><T84/><D84/><U123/><E124/><V61/><F101/><W106/><G106/><T121/><D121/><U38/><E123/><V115/><F100/><W99/><G99/><T17/><D25/><N who="1" m="18895" /><E72/><V37/><F37/><W49/><G49/><T96/><D96/><U31/><E67/><N who="2" m="39335" /><F115/><W16/><G113/><T119/><D119/><U86/><E51/><V66/><F66/><W12/><G112/><T6/><D6/><U93/><E38/><V29/><F29/><W26/><G1/><T125/><D125/><U54/><E41/><V85/><F98/><W69/><G69/><T33/><D33/><U81/><E97/><V23/><F85/><W48/><G74/><T102/><D110/><RYUUKYOKU ba="1,0" sc="161,-10,432,-10,155,30,252,-10" hai2="8,13,18,20,22,23,53,58,62,88" />
</Scene>
<Scene>
<INIT seed="4,2,0,0,1,5" ten="151,422,185,242" oya="0" hai0="42,127,116,11,15,63,99,110,53,18,105,9,89" hai1="3,46,38,13,124,126,37,44,125,33,134,30,118" hai2="35,17,75,101,130,29,23,103,1,97,93,12,31" hai3="86,62,94,6,100,96,74,57,61,22,115,40,98"/><T4/><D116/><U52/><E3/><V25/><F75/><W132/><G74/><T34/><D127/><U54/><E118/><V102/><F130/><W108/><G108/><T119/><D119/><U90/><E134/><V55/><F29/><W120/><G132/><T131/><D131/><U114/><E90/><V56/><F1/><W76/><G115/><T67/><D34/><U50/><E114/><V133/><F133/><W68/><G68/><T32/><D32/><U121/><E13/><V24/><F12/><W78/><G120/><T80/><D110/><U20/><E20/><V41/><F41/><W0/><G40/><T95/><D42/><U82/><E82/><V10/><F10/><W45/><G45/><N who="1" m="17514" /><E30/><V70/><F70/><W59/><G0/><T7/><D105/><U26/><E26/><V39/><F39/><N who="1" m="14857" /><E33/><V28/><F28/><W64/><G6/><T122/><D122/><U2/><E2/><V58/><F58/><W117/><G117/><T79/><D53/><N who="1" m="20587" /><E50/><AGARI ba="2,0" hai="17,23,24,25,31,35,50,55,56,93,97,101,102,103" machi="50" ten="30,1000,0" yaku="7,1" doraHai="5" who="2" fromWho="1" sc="151,0,422,-16,185,16,242,0" />
</Scene>
<Scene>
<INIT seed="5,0,0,0,4,21" ten="151,406,201,242" oya="1" hai0="34,19,77,89,57,44,31,0,109,40,95,85,97" hai1="125,20,15,121,55,50,100,32,5,45,24,103,128" hai2="29,92,16,110,52,134,23,112,115,10,2,39,47" hai3="6,1,49,30,42,3,119,86,28,48,72,88,81"/><U36/><E121/><V54/><F110/><W131/><G131/><T93/><D109/><U35/><E128/><V82/><F29/><W14/><G119/><T130/><D130/><U27/><E36/><V33/><F33/><W62/><G72/><T105/><D0/><U67/><E125/><V101/><F134/><W8/><G1/><T18/><D105/><U25/><E67/><V127/><F127/><W102/><G3/><T117/><D117/><U71/><E71/><V91/><F101/><N who="1" m="38985" /><E35/><V104/><F104/><W108/><G108/><T87/><D77/><U98/><E98/><V59/><F82/><W75/><G75/><T133/><D57/><U26/><E32/><V122/><F122/><W60/><G102/><T56/><D56/><U123/><E123/><V4/><F39/><W22/><G28/><T120/><D120/><U132/><E132/><V70/><F47/><N who="3" m="25719" /><G49/><T68/><D68/><U61/><E61/><V51/><F70/><W41/><G41/><T107/><D107/><U63/><E63/><V79/><F79/><W78/><G78/><T66/><D66/><U65/><E65/><V7/><F54/><W135/><G135/><T84/><D133/><U11/><E27/><AGARI ba="0,0" hai="6,8,14,22,27,30,60,62,81,86,88" m="25719" machi="27" ten="30,3900,0" yaku="8,1,52,1,54,1" doraHai="21" who="3" fromWho="1" sc="151,0,406,-39,201,0,242,39" />
</Scene>
<Scene>
<INIT seed="6,0,0,0,2,99" ten="151,367,201,281" oya="2" hai0="30,83,75,48,4,19,27,28,66,53,134,55,38" hai1="31,57,22,105,52,62,47,84,63,49,133,46,130" hai2="54,69,76,73,23,91,68,40,5,65,102,101,116" hai3="20,119,71,89,125,124,96,56,114,100,80,50,86"/><V126/><F116/><W32/><G32/><T10/><D38/><U29/><E105/><V129/><F40/><W70/><G119/><T118/><D118/><U58/><E133/><V103/><F5/><W64/><G114/><T128/><D134/><U90/><E130/><V121/><F121/><W72/><G72/><T44/><D128/><U33/><E33/><V135/><F129/><W25/><G50/><T21/><D66/><N who="1" m="39247" /><E22/><V67/><F135/><W109/><G109/><T97/><D75/><U1/><E1/><V92/><F73/><W9/><G9/><T6/><D83/><N who="1" m="49439" /><E46/><V15/><F76/><W94/><G56/><T113/><D113/><U79/><E79/><V127/><F54/><AGARI ba="0,0" hai="29,31,47,49,52,54,58,63" m="49439,39247" machi="54" ten="30,2000,0" yaku="8,1,54,1" doraHai="99" who="1" fromWho="2" sc="151,0,367,20,201,-20,281,0" />
</Scene>
<Scene>
<INIT seed="7,0,0,5,2,88" ten="151,387,181,281" oya="3" hai0="34,29,22,62,87,73,116,45,30,57,99,41,33" hai1="105,18,131,101,127,122,67,118,78,96,5,134,123" hai2="0,115,24,25,3,56,46,10,76,36,84,93,2" hai3="126,135,74,15,111,63,95,132,38,125,17,133,80"/><W52/><G38/><T83/><D73/><U48/><E18/><V37/><F115/><W44/><G111/><T97/><D116/><U98/><E67/><V89/><F10/><N who="3" m="6391" /><G80/><T130/><D130/><U82/><E48/><V9/><F9/><W13/><G74/><T69/><D69/><U23/><E23/><V94/><F76/><W117/><G117/><T70/><D70/><U102/><E5/><V54/><F46/><W106/><G106/><T129/><D129/><U86/><E118/><V72/><F72/><W65/><G13/><T66/><D34/><U110/><E131/><V107/><F107/><W85/><G65/><T55/><D33/><U71/><E71/><V119/><F119/><W40/><G40/><T26/><D30/><U4/><E127/><N who="3" m="48650" /><G44/><T43/><D66/><U28/><E110/><V108/><F108/><W14/><G14/><T8/><D8/><U128/><E128/><V112/><F112/><W79/><G79/><T7/><D7/><U113/><E4/><V6/><F6/><W32/><G32/><T11/><D11/><U1/><E1/><V121/><F121/><W51/><G63/><T20/><D20/><U50/><E113/><V60/><F37/><W124/><N who="3" m="48658" /><W104/><DORA hai="39" /><G104/><T12/><D12/><U27/><E122/><V58/><F36/><W114/><G114/><T68/><D68/><U91/><E123/><V42/><F42/><N who="0" m="15882" /><D45/><U16/><E105/><V92/><F58/><N who="3" m="33055" /><G135/><T81/><D81/><U59/><E134/><V47/><F47/><W103/><G133/><T49/><D62/><U19/><E82/><AGARI ba="0,0" hai="0,2,3,24,25,54,56,60,82,84,89,92,93,94" machi="82" ten="50,8000,1" yaku="6,1,52,3" doraHai="88,39" who="2" fromWho="1" sc="151,0,387,-80,181,80,281,0" owari="151,-35.0,307,41.0,261,-14.0,281,8.0" />
</Scene>
</mjloggm>