<mjloggm ver="2.3"><GO type="169" lobby="0"/><UN n0="%E9%BE%8D%E9%96%80%E6%B8%95%E9%AB%98%E6%A0%A1%E7%B7%8F%E5%90%88" n1="%6E%61%63%6F%6D%61%69%69" n2="%E3%81%90%E3%81%9C%E3%82%93%40%4C%69%42" n3="%E5%A4%AA%E3%81%8F%E3%81%AA%E3%81%84%E3%81%8A" dan="16,16,18,18" rate="2044.40,2086.01,2265.20,2267.41" sx="M,F,M,F"/><TAIKYOKU oya="0"/>

<Scene>
<INIT seed="0,0,0,2,5,92" ten="250,250,250,250" oya="0" hai0="88,5,68,37,36,65,53,31,6,107,91,133,0" hai1="115,64,112,15,93,19,73,119,83,106,17,135,57" hai2="66,128,89,45,103,7,94,104,72,1,20,41,67" hai3="40,38,43,49,80,76,50,108,114,74,78,9,100"/><T85/><D133/><U33/><E106/><V56/><F72/><W97/><G114/><T3/><D31/><U12/><E33/><V101/><F128/><W79/><G108/><T44/><D107/><U58/><E83/><V130/><F130/><W86/><G74/><T46/><D85/><U95/><E73/><V42/><F104/><W127/><G127/><T117/><D53/><U25/><E25/><V134/><F134/><W81/><G38/><T96/><D68/><U32/><E32/><V4/><F42/><W126/><G126/><T51/><D51/><N who="3" m="19465" /><G9/><T102/><D102/><U98/><E64/><V54/><F20/><W122/><G122/><T120/><D65/><U11/><E135/><V39/><F101/><W84/><G78/><T14/><D14/><U48/><E119/><V47/><F103/><W99/><G100/><T55/><D55/><U105/><E105/><V121/><F47/><W118/><G118/><T35/><D35/><U110/><E110/><V26/><F26/><W116/><G116/><T28/><D117/><U2/><E2/><V30/><F30/><W75/><G75/><T70/><D28/><U60/><E115/><V27/><F27/><W69/><G69/><T13/><D70/><U90/><E93/><V59/><F1/><W82/><G82/><T131/><D131/><U21/><E112/><V71/><F71/><W77/><G77/><T61/><D120/><U24/><E24/><V124/><F124/><W23/><G23/><T125/><D125/><U132/><E132/><V129/><F129/><W52/><G52/><T29/><D3/><RYUUKYOKU ba="0,0" sc="250,-10,250,-10,250,-10,250,30" hai3="40,43,76,79,80,81,84,86,97,99" />
</Scene>
<Scene>
<INIT seed="1,1,0,3,0,72" ten="240,240,240,280" oya="1" hai0="12,30,126,8,73,51,15,96,79,134,55,35,32" hai1="37,64,69,91,135,114,68,18,21,1,34,19,107" hai2="43,74,33,94,25,0,119,53,80,47,57,82,88" hai3="111,6,61,5,54,128,59,48,85,122,108,63,52"/><U99/><E114/><V3/><F119/><W81/><G122/><T87/><D73/><U42/><E1/><V112/><F112/><W98/><G128/><T115/><D115/><U41/><E34/><V7/><F0/><W105/><G105/><T84/><D126/><U100/><E135/><V40/><F40/><W70/><G98/><T102/><D134/><U121/><E121/><V46/><F46/><N who="3" m="27671" /><G70/><T4/><D15/><U130/><E130/><V95/><F95/><W93/><G93/><T56/><D30/><U31/><E91/><V76/><F82/><W120/><G63/><T10/><D8/><U86/><E86/><V9/><F25/><W13/><G13/><T103/><D103/><U2/><E2/><V75/><F75/><W67/><G67/><T124/><D124/><U110/><E64/><V49/><F33/><W39/><G39/><T60/><D60/><U23/><E31/><V118/><F118/><W22/><G22/><T16/><D4/><U14/><E37/><N who="2" m="21999" /><F94/><W26/><G26/><T131/><D131/><U45/><E99/><V109/><F109/><N who="3" m="42059" /><G120/><T36/><D36/><U116/><E100/><V17/><F17/><N who="1" m="6153" /><E107/><V29/><F29/><W27/><G27/><T50/><D84/><U123/><E123/><V62/><F62/><W44/><G44/><T38/><D38/><U71/><E110/><V11/><F11/><W101/><G101/><T106/><REACH who="0" step="1"/><D51/><REACH who="0" ten="230,240,240,280" step="2"/><N who="1" m="27055" /><E14/><V117/><F117/><W20/><G20/><N who="1" m="7754" /><E116/><V24/><F24/><W113/><G113/><T83/><AGARI ba="1,1" hai="10,12,16,32,35,50,55,56,79,83,87,96,102,106" machi="83" ten="30,8000,1" yaku="1,1,0,1,52,1,54,1,53,1" doraHai="72" doraHaiUra="97" who="0" fromWho="0" sc="230,93,240,-41,240,-21,280,-21" />
</Scene>
<Scene>
<INIT seed="2,0,0,2,4,83" ten="323,199,219,259" oya="2" hai0="54,134,31,118,108,15,127,72,28,110,107,88,99" hai1="42,59,77,9,61,104,98,44,100,102,119,41,46" hai2="125,96,33,17,56,26,122,52,81,51,30,32,111" hai3="12,128,97,21,109,103,63,1,130,57,34,48,60"/><V65/><F122/><W129/><G1/><T80/><D127/><U27/><E119/><V14/><F125/><W18/><G34/><T39/><D118/><U93/><E104/><V90/><F33/><W53/><REACH who="3" step="1"/><G109/><REACH who="3" ten="323,199,219,249" step="2"/><T62/><D108/><U120/><E120/><V117/><F111/><W85/><G85/><T92/><D110/><U19/><E98/><V2/><F117/><W78/><G78/><T84/><D84/><U29/><E77/><V43/><F2/><W67/><G67/><T64/><D64/><U5/><E42/><V76/><F65/><W74/><G74/><T16/><D72/><U7/><E41/><V35/><F32/><W94/><AGARI ba="0,1" hai="12,18,21,48,53,57,60,63,94,97,103,128,129,130" machi="94" ten="30,7900,0" yaku="1,1,0,1,19,1,53,1" doraHai="83" doraHaiUra="95" who="3" fromWho="3" sc="323,-20,199,-20,219,-39,249,89" />
</Scene>
<Scene>
<INIT seed="3,0,0,0,0,105" ten="303,179,180,338" oya="3" hai0="96,115,91,18,123,6,93,125,85,43,31,55,26" hai1="50,36,130,111,1,15,74,60,38,90,21,128,119" hai2="3,14,88,46,48,132,41,59,17,42,83,68,117" hai3="4,122,49,100,76,81,133,27,71,2,9,92,120"/><W34/><G49/><T72/><D123/><U101/><E1/><V80/><F117/><W121/><G71/><T110/><D6/><U75/><E119/><V82/><F68/><W12/><G133/><T98/><D43/><U112/><E112/><V97/><F132/><W134/><G134/><T102/><D18/><N who="1" m="10463" /><E101/><V39/><F3/><W0/><G100/><T70/><D70/><U63/><E50/><V78/><F41/><W64/><G64/><T30/><D115/><U11/><E11/><V40/><F40/><W7/><G92/><T44/><D31/><U52/><E90/><V104/><F104/><W131/><G131/><N who="1" m="50218" /><E63/><V79/><F59/><W127/><G7/><T95/><D30/><U99/><E99/><V94/><REACH who="2" step="1"/><F39/><REACH who="2" ten="303,179,170,338" step="2"/><N who="1" m="14889" /><E111/><V47/><F47/><W16/><G0/><T57/><D44/><U10/><E10/><AGARI ba="0,1" hai="10,14,17,42,46,48,78,79,80,82,83,88,94,97" machi="10" ten="40,5200,0" yaku="1,1,8,1,54,1,53,0" doraHai="105" doraHaiUra="114" who="2" fromWho="1" sc="303,0,179,-52,170,62,338,0" />
</Scene>
<Scene>
<INIT seed="4,0,0,5,3,87" ten="303,127,232,338" oya="0" hai0="0,59,91,29,103,86,73,51,111,69,135,82,132" hai1="84,81,60,121,72,10,105,102,64,52,24,112,67" hai2="2,130,48,12,40,45,19,13,100,4,63,1,49" hai3="70,46,104,134,122,3,37,14,80,88,9,123,26"/><T109/><D69/><U32/><E121/><N who="3" m="46090" /><G104/><T128/><D0/><U89/><E72/><V99/><F130/><W115/><G70/><T97/><D29/><U90/><E112/><V35/><F35/><W119/><G119/><T44/><D59/><N who="1" m="34919" /><E102/><V117/><F117/><W66/><G66/><N who="1" m="25130" /><E32/><V75/><F75/><W56/><G56/><T33/><D33/><U8/><E105/><V101/><F100/><W58/><G58/><T21/><D73/><U131/><E24/><V116/><F63/><W93/><G3/><T61/><D21/><U18/><E131/><V25/><F49/><W36/><G26/><T62/><D128/><U94/><E18/><V110/><F110/><N who="0" m="41994" /><D97/><AGARI ba="0,0" hai="8,10,81,84,89,90,94,97" m="25130,34919" machi="97" ten="30,7700,0" yaku="8,1,52,2,54,1" doraHai="87" who="1" fromWho="0" sc="303,-77,127,77,232,0,338,0" />
</Scene>
<Scene>
<INIT seed="5,0,0,4,2,110" ten="226,204,232,338" oya="1" hai0="41,124,0,53,86,68,87,47,31,42,37,12,18" hai1="43,98,75,32,9,106,114,10,39,7,46,103,66" hai2="101,16,27,77,2,15,44,61,6,64,5,71,23" hai3="19,134,78,97,100,83,4,107,30,129,119,50,33"/><U21/><E10/><V25/><F2/><W73/><G4/><T28/><D0/><N who="1" m="231" /><E21/><V115/><F115/><W123/><G123/><T69/><D69/><U92/><E92/><V85/><F101/><W67/><G19/><T51/><D68/><U89/><E89/><V17/><F44/><W120/><G50/><T116/><D116/><U79/><E66/><V35/><F27/><W95/><G67/><T102/><D102/><U131/><E131/><V22/><REACH who="2" step="1"/><F35/><REACH who="2" ten="226,204,222,338" step="2"/><W96/><G33/><T60/><D124/><U121/><E32/><V113/><F113/><W112/><G112/><T56/><D37/><U84/><E114/><V72/><F72/><W14/><G73/><T108/><D108/><U13/><E121/><V127/><F127/><W135/><G120/><T74/><D74/><U65/><E13/><V24/><F24/><W104/><G14/><T52/><D31/><U54/><E75/><V90/><F90/><W58/><G100/><T11/><REACH who="0" step="1"/><D28/><REACH who="0" ten="216,204,222,338" step="2"/><U34/><E34/><V62/><F62/><W76/><G30/><T130/><D130/><U45/><E39/><V125/><F125/><W133/><G129/><T99/><D99/><U118/><E98/><V88/><F88/><W3/><G97/><T94/><D94/><U128/><E103/><V111/><F111/><W48/><G95/><T81/><D81/><AGARI ba="0,2" hai="5,6,15,16,17,22,23,25,61,64,71,77,81,85" machi="81" ten="40,2600,0" yaku="1,1,54,1,53,0" doraHai="110" doraHaiUra="126" who="2" fromWho="0" sc="216,-26,204,0,222,46,338,0" />
</Scene>
<Scene>
<INIT seed="6,0,0,5,2,130" ten="190,204,268,338" oya="2" hai0="22,32,43,134,81,78,40,89,92,80,34,117,88" hai1="5,83,77,133,131,15,38,73,123,94,99,29,42" hai2="26,44,108,35,114,103,127,65,115,48,102,124,120" hai3="129,31,79,47,10,90,1,25,95,51,0,62,41"/><V128/><F120/><W55/><G129/><T106/><D22/><U93/><E131/><V45/><F128/><W23/><G79/><T30/><D106/><U4/><E29/><V19/><F108/><W54/><G62/><T122/><D122/><U116/><E116/><V119/><F119/><W107/><G107/><T16/><D117/><U64/><E64/><V46/><F65/><W76/><G76/><T74/><D30/><U7/><E94/><V61/><F61/><W49/><G10/><T11/><D78/><U75/><E75/><V85/><F85/><W126/><G126/><N who="2" m="48169" /><F35/><W71/><G71/><T2/><D74/><U100/><E123/><V121/><F121/><W91/><G41/><T58/><D58/><U59/><E59/><V109/><F109/><W9/><G9/><T87/><D11/><U8/><E42/><V69/><F69/><W13/><G13/><T72/><D72/><U6/><REACH who="1" step="1"/><E38/><REACH who="1" ten="190,194,268,338" step="2"/><V12/><F46/><W50/><G95/><N who="0" m="54687" /><D43/><U52/><E52/><N who="2" m="29703" /><F45/><W53/><G47/><T111/><D40/><U125/><E125/><V135/><F115/><W21/><G54/><T33/><D111/><U68/><E68/><V63/><F114/><W84/><G53/><T27/><D34/><U24/><E24/><V86/><F26/><N who="3" m="16847" /><G55/><T96/><D33/><U60/><E60/><V97/><F63/><W110/><G110/><T37/><D32/><U39/><E39/><V36/><F36/><W28/><G51/><T105/><D37/><U18/><E18/><V14/><F19/><N who="3" m="12543" /><G49/><T98/><D16/><U112/><E112/><V104/><F104/><RYUUKYOKU ba="0,1" sc="190,-10,194,30,268,-10,338,-10" hai1="4,5,6,7,8,15,73,77,83,93,99,100,133" />
</Scene>
<Scene>
<INIT seed="7,1,1,2,2,98" ten="180,224,258,328" oya="3" hai0="123,79,112,117,64,36,95,29,59,109,39,85,93" hai1="46,27,11,51,15,111,78,88,72,2,89,135,127" hai2="71,50,57,38,40,68,8,65,83,9,101,103,73" hai3="129,131,107,92,70,14,35,128,106,74,100,58,99"/><W110/><G70/><T118/><D29/><U4/><E111/><V134/><F68/><W120/><G110/><T115/><D64/><U77/><E72/><V42/><F42/><W90/><G120/><T0/><D59/><U26/><E2/><V66/><F66/><W56/><G74/><T67/><D67/><U52/><E135/><V62/><F134/><W44/><G35/><T48/><D48/><U45/><E46/><N who="2" m="23831" /><F83/><W33/><G33/><T49/><D49/><U132/><E127/><V80/><F80/><W7/><G44/><T53/><D53/><U76/><E132/><V116/><F116/><N who="0" m="44650" /><D0/><U94/><REACH who="1" step="1"/><E89/><REACH who="1" ten="180,214,258,328" step="2"/><V30/><F73/><W86/><G90/><N who="0" m="53455" /><D109/><U13/><E13/><V3/><F3/><W12/><G14/><T60/><D39/><U18/><E18/><V32/><F30/><W122/><G12/><T133/><D36/><U114/><E114/><N who="0" m="43561" /><D133/><U75/><E75/><V25/><F25/><W6/><G7/><T5/><D5/><U47/><E47/><V91/><F32/><W1/><G6/><T55/><D60/><U105/><E105/><V113/><F113/><W104/><G1/><T108/><D108/><U130/><E130/><V17/><F17/><W125/><G106/><T22/><D22/><U54/><E54/><N who="2" m="31959" /><F9/><W82/><G129/><T119/><N who="0" m="44658" /><T96/><DORA hai="24" /><D55/><U69/><E69/><V37/><F8/><W28/><G128/><T10/><D10/><U19/><E19/><V121/><F71/><W61/><G131/><T63/><D63/><U124/><E124/><V41/><F62/><W102/><G61/><RYUUKYOKU ba="1,2" sc="180,-10,214,30,258,-10,328,-10" hai1="4,11,15,26,27,45,51,52,76,77,78,88,94" owari="170,-33.0,244,-16.0,248,5.0,338,44.0" />
</Scene>
</mjloggm>