<mjloggm ver="2.3"><GO type="169" lobby="0"/><UN n0="%77%61%64%6F%70%72%6F" n1="%E5%A4%AA%E3%81%8F%E3%81%AA%E3%81%84%E3%81%8A" n2="%72%61%6E%61%2A" n3="%E5%89%8D%E6%88%AF%33%30%E5%88%86" dan="17,18,16,17" rate="2165.42,2191.84,2057.84,2215.51" sx="M,M,F,M"/><TAIKYOKU oya="0"/>

<Scene>
<INIT seed="0,0,0,4,3,94" ten="250,250,250,250" oya="0" hai0="13,82,127,97,51,106,126,17,8,9,46,83,41" hai1="113,12,55,110,14,54,10,47,104,60,66,58,57" hai2="69,72,63,129,28,90,52,105,77,71,80,44,70" hai3="7,75,53,48,125,121,31,62,134,81,56,68,34"/><T102/><REACH who="0" step="1"/><D8/><REACH who="0" ten="240,250,250,250" step="2"/><U93/><E10/><V92/><F129/><W130/><G130/><T4/><D4/><U40/><E113/><V43/><F105/><W116/><G7/><T115/><D115/><U0/><E104/><V59/><F28/><W21/><G31/><T16/><D16/><U42/><E110/><V99/><REACH who="2" step="1"/><F71/><REACH who="2" ten="240,250,240,250" step="2"/><W18/><G68/><T111/><D111/><U20/><E0/><V2/><F2/><W128/><G128/><T135/><D135/><U39/><E20/><V23/><F23/><W100/><G21/><T24/><D24/><U3/><E3/><V6/><F6/><W122/><G134/><T64/><D64/><U19/><E66/><V112/><F112/><W38/><G34/><T124/><AGARI ba="0,2" hai="9,13,17,41,46,51,82,83,97,102,106,124,126,127" machi="124" ten="30,12000,1" yaku="21,2,0,1,18,1,52,1,53,0" doraHai="94" doraHaiUra="91" who="0" fromWho="0" sc="240,140,250,-40,240,-40,250,-40" />
</Scene>
<Scene>
<INIT seed="0,1,0,3,4,92" ten="380,210,200,210" oya="0" hai0="83,54,72,51,3,91,43,102,77,31,99,29,14" hai1="106,124,101,19,10,0,61,20,112,97,109,85,74" hai2="71,105,73,28,18,65,119,33,110,15,1,118,22" hai3="38,79,57,76,48,93,45,70,80,60,131,94,46"/><T115/><D3/><U84/><E74/><V126/><F73/><W7/><G131/><T108/><D115/><U129/><E129/><V120/><F105/><W135/><G70/><T104/><D43/><U88/><E112/><V23/><F71/><W41/><G135/><T113/><D113/><U121/><E121/><V82/><F82/><W130/><G130/><T66/><D66/><U40/><E109/><V50/><F50/><W59/><G93/><T55/><D108/><U16/><E124/><V111/><F65/><W17/><G7/><T21/><D91/><U81/><E40/><V95/><F95/><W63/><G80/><T96/><D96/><U25/><E61/><V90/><F90/><W103/><G46/><T128/><D128/><U9/><E84/><V125/><F120/><W133/><G17/><T68/><D68/><U116/><E116/><N who="2" m="44587" /><F1/><W2/><G2/><T107/><D107/><U89/><E89/><V52/><F52/><N who="3" m="33895" /><G38/><T122/><D122/><U86/><E86/><V87/><F87/><W47/><G76/><T27/><D14/><U78/><E78/><V100/><F100/><W35/><G79/><T44/><REACH who="0" step="1"/><D29/><REACH who="0" ten="370,210,200,210" step="2"/><U39/><E0/><V49/><F111/><W67/><G41/><T4/><D4/><U56/><E19/><V62/><F110/><W24/><G67/><T64/><D64/><U11/><E39/><V26/><F126/><W53/><G103/><T34/><D34/><U36/><E36/><V58/><F33/><W42/><G35/><T32/><D32/><U5/><E5/><V117/><N who="2" m="44595" /><V12/><DORA hai="134" /><F125/><RYUUKYOKU ba="1,1" sc="370,15,210,15,200,-15,210,-15" hai0="21,27,31,44,51,54,55,72,77,83,99,102,104" hai1="9,10,11,16,20,25,56,81,85,88,97,101,106" />
</Scene>
<Scene>
<INIT seed="0,2,1,3,5,55" ten="385,225,185,195" oya="0" hai0="23,58,115,30,114,102,12,129,64,34,107,2,101" hai1="61,56,14,24,15,22,44,75,13,128,20,29,60" hai2="16,122,38,119,1,110,28,48,100,90,52,113,4" hai3="45,121,9,135,18,11,82,47,80,17,36,84,133"/><T73/><D2/><U54/><E128/><V10/><F38/><W81/><G84/><T50/><D73/><U68/><E75/><V117/><F113/><W49/><G36/><T99/><D102/><U108/><E108/><V74/><F122/><W104/><G104/><T43/><D129/><U93/><E44/><N who="3" m="16970" /><G49/><T132/><D43/><U70/><E93/><V83/><F28/><W53/><G53/><T111/><D34/><U127/><E127/><V87/><F74/><W112/><G112/><T66/><D115/><U0/><E0/><V19/><F100/><W89/><G89/><T97/><D114/><U5/><E5/><V69/><F69/><W77/><G77/><T39/><D39/><U134/><E134/><N who="3" m="51210" /><G121/><T86/><D86/><U124/><E124/><V63/><F63/><W94/><G94/><T35/><D107/><U109/><E109/><V57/><REACH who="2" step="1"/><F110/><REACH who="2" ten="385,225,175,195" step="2"/><W95/><G95/><N who="0" m="58559" /><D111/><U91/><E61/><V78/><F78/><W106/><G106/><T32/><D132/><U3/><E91/><V6/><F6/><W65/><G65/><T130/><D64/><U7/><E68/><V98/><F98/><W79/><G79/><T92/><D99/><U40/><E70/><V123/><F123/><W126/><G126/><T67/><D66/><U76/><E76/><V120/><F120/><W42/><G42/><T26/><D67/><U8/><REACH who="1" step="1"/><E40/><REACH who="1" ten="385,215,175,195" step="2"/><V88/><F88/><W62/><G62/><T31/><D130/><U118/><E118/><AGARI ba="2,3" hai="1,4,10,16,19,48,52,57,83,87,90,117,118,119" machi="118" ten="40,8000,1" yaku="1,1,12,1,52,1,54,2,53,0" doraHai="55" doraHaiUra="27" who="2" fromWho="1" sc="385,0,215,-86,175,116,195,0" />
</Scene>
<Scene>
<INIT seed="1,0,0,1,5,85" ten="385,129,291,195" oya="1" hai0="13,32,74,118,39,132,80,20,10,107,47,58,1" hai1="46,27,127,114,93,34,44,119,103,125,51,16,11" hai2="113,61,133,45,6,122,90,14,126,63,33,73,38" hai3="105,121,49,68,99,56,25,64,65,52,135,106,112"/><U59/><E114/><V130/><F33/><W115/><G121/><T89/><D32/><U104/><E104/><V26/><F26/><W12/><G135/><T98/><D118/><U79/><E119/><V95/><F73/><W110/><G110/><T54/><D132/><U60/><E79/><V53/><F126/><N who="1" m="48137" /><E34/><V24/><F24/><W91/><G68/><T108/><D108/><U116/><E116/><V94/><F94/><N who="3" m="56799" /><G105/><T0/><D20/><N who="1" m="13703" /><E51/><V76/><F76/><W129/><G129/><T15/><D107/><U83/><E83/><V50/><F130/><W57/><G106/><T19/><D80/><U8/><E103/><V88/><F113/><W28/><G112/><T29/><D39/><U87/><E8/><N who="2" m="4375" /><F38/><W84/><G115/><T43/><D10/><U67/><E11/><V23/><F23/><N who="3" m="15423" /><G12/><T111/><D15/><U30/><E30/><V117/><F117/><W9/><G9/><T77/><D13/><U5/><E5/><V78/><F78/><W96/><G49/><T82/><D77/><U35/><E35/><V2/><F2/><W81/><G81/><T131/><D0/><U18/><E18/><V101/><F133/><W22/><G22/><T48/><D1/><U75/><E75/><V36/><F36/><W72/><G72/><T7/><D74/><U70/><E70/><V92/><F122/><W123/><G123/><T120/><D131/><U37/><E37/><V109/><F109/><W124/><G124/><T31/><D120/><U62/><E62/><N who="2" m="23563" /><F101/><W128/><G128/><T4/><D4/><U66/><E66/><V42/><F50/><RYUUKYOKU ba="0,0" sc="385,-10,129,30,291,-10,195,-10" hai1="44,46,59,60,67,87,93" />
</Scene>
<Scene>
<INIT seed="1,1,0,5,0,106" ten="375,159,281,185" oya="1" hai0="81,8,79,120,60,26,108,29,28,47,88,38,16" hai1="131,52,1,72,74,98,18,73,37,19,51,99,121" hai2="40,61,0,48,71,112,64,68,23,22,66,111,134" hai3="90,11,83,67,128,78,96,31,82,55,56,97,123"/><U54/><E37/><V93/><F0/><W25/><G123/><T119/><D119/><U41/><E121/><V59/><F134/><W36/><G36/><T125/><D120/><U27/><E1/><V76/><F111/><W49/><G128/><T53/><D108/><U103/><E131/><V127/><F127/><W15/><G67/><T102/><D125/><U12/><E27/><V20/><F112/><W109/><G109/><T57/><D102/><U35/><E35/><V10/><F10/><W13/><G83/><T77/><D38/><U17/><E12/><V58/><F76/><W2/><G2/><T39/><D39/><U101/><E41/><V100/><F40/><W129/><G129/><T114/><D114/><U95/><REACH who="1" step="1"/><E51/><REACH who="1" ten="375,149,281,185" step="2"/><V91/><F48/><W70/><G15/><T4/><D26/><U24/><E24/><V132/><F132/><W46/><G25/><T3/><D3/><U92/><AGARI ba="1,1" hai="17,18,19,52,54,72,73,74,92,95,98,99,101,103" machi="92" ten="40,24000,3" yaku="1,1,0,1,9,1,52,3,54,1,53,2" doraHai="106" doraHaiUra="50" who="1" fromWho="1" sc="375,-81,149,253,281,-81,185,-81" />
</Scene>
<Scene>
<INIT seed="1,2,0,5,3,127" ten="294,402,200,104" oya="1" hai0="119,23,1,21,81,66,106,15,42,122,82,85,19" hai1="83,33,110,90,129,93,84,118,6,35,4,130,64" hai2="128,28,55,29,120,27,132,98,131,72,50,0,52" hai3="133,13,11,125,60,117,107,25,114,94,70,73,2"/><U22/><E118/><V116/><F72/><W46/><G107/><T135/><D119/><U134/><E64/><V102/><F120/><W10/><G114/><T12/><D1/><U63/><E63/><V58/><F132/><W97/><G125/><T87/><D106/><U91/><E134/><V105/><F0/><W37/><G73/><T89/><D135/><U95/><E22/><V39/><F39/><W86/><G117/><T53/><D122/><U14/><E110/><V17/><F116/><W108/><G2/><T45/><D66/><U18/><E18/><V67/><F67/><W30/><G60/><T96/><D96/><U112/><E83/><V111/><F111/><W77/><G70/><T9/><D53/><U75/><E75/><V124/><F124/><W16/><G10/><T51/><REACH who="0" step="1"/><D15/><REACH who="0" ten="284,402,200,104" step="2"/><U7/><E14/><V71/><F71/><W109/><G133/><T43/><D43/><U78/><E112/><V5/><F55/><W57/><G109/><T68/><D68/><U48/><E78/><AGARI ba="2,1" hai="9,12,19,21,23,42,45,51,78,81,82,85,87,89" machi="78" ten="30,3900,0" yaku="1,1,7,1,8,1,53,0" doraHai="127" doraHaiUra="20" who="0" fromWho="1" sc="284,55,402,-45,200,0,104,0" />
</Scene>
<Scene>
<INIT seed="2,0,0,0,2,39" ten="339,357,200,104" oya="2" hai0="29,120,72,117,69,47,10,100,24,12,124,3,77" hai1="31,41,35,52,60,20,78,129,102,116,48,115,15" hai2="57,62,131,76,65,111,26,45,54,79,61,86,101" hai3="125,63,71,119,44,66,81,89,99,87,132,83,122"/><V104/><F131/><W128/><G119/><T74/><D3/><U68/><E116/><V96/><F111/><W134/><G122/><T36/><D117/><U51/><E115/><V55/><F55/><W9/><G128/><T114/><D69/><U98/><E129/><V75/><F75/><W126/><G9/><T46/><D120/><U59/><E78/><V90/><F26/><W49/><G99/><T92/><D114/><U8/><E35/><V91/><F91/><W43/><REACH who="3" step="1"/><G83/><REACH who="3" ten="339,357,200,94" step="2"/><T133/><D10/><U21/><E98/><V127/><F127/><AGARI ba="0,1" hai="43,44,49,63,66,71,81,87,89,125,126,127,132,134" machi="127" ten="40,8000,1" yaku="1,1,2,1,18,1,52,1,53,0" doraHai="39" doraHaiUra="19" who="3" fromWho="2" sc="339,0,357,0,200,-80,94,90" />
</Scene>
<Scene>
<INIT seed="3,0,0,5,1,21" ten="339,357,120,184" oya="3" hai0="120,4,130,127,98,13,124,114,132,29,54,55,34" hai1="7,24,135,119,18,72,79,49,45,9,94,95,106" hai2="14,37,110,105,28,101,93,64,122,35,115,128,84" hai3="73,50,104,46,96,17,61,62,78,71,92,41,117"/><W87/><G117/><T102/><D120/><U126/><E106/><V26/><F64/><W81/><G71/><T11/><D132/><U8/><E135/><V70/><F84/><W86/><G86/><T83/><D130/><U53/><E119/><V39/><F93/><N who="1" m="35337" /><E72/><V52/><F14/><W48/><G73/><T58/><D114/><U30/><E126/><V131/><F52/><W97/><G104/><N who="0" m="63575" /><D83/><U100/><E100/><V134/><F134/><W65/><G65/><T31/><D55/><U113/><E113/><V42/><F115/><W2/><G2/><T23/><D34/><U85/><E30/><V22/><F22/><W1/><G1/><T112/><D23/><N who="1" m="13431" /><E7/><V3/><F122/><W60/><G17/><T99/><D99/><U15/><E15/><V68/><F3/><W5/><G5/><T90/><D90/><U89/><E79/><V40/><F110/><W25/><G48/><N who="0" m="31047" /><D112/><U66/><E66/><V76/><F76/><W20/><REACH who="3" step="1"/><G92/><AGARI ba="0,0" hai="8,9,45,49,53,85,89,92" m="13431,35337" machi="92" ten="30,2000,0" yaku="8,1,52,1" doraHai="21" who="1" fromWho="3" sc="339,0,357,20,120,0,184,-20" />
</Scene>
<Scene>
<INIT seed="4,0,0,2,2,42" ten="339,377,120,164" oya="0" hai0="55,126,48,82,0,124,128,12,111,52,120,30,11" hai1="119,84,123,77,130,7,135,83,13,87,76,17,81" hai2="64,44,96,1,131,35,8,43,129,16,122,103,39" hai3="97,56,49,61,31,34,23,38,91,32,113,95,127"/><T100/><D120/><U40/><E123/><V54/><F35/><W73/><G38/><T29/><D128/><N who="2" m="49226" /><F122/><W47/><G73/><T118/><D0/><U70/><E130/><V20/><F64/><W18/><G113/><T37/><D37/><U10/><E119/><V121/><F54/><N who="3" m="30015" /><G127/><T15/><D118/><U72/><E135/><V108/><F121/><W63/><G32/><T57/><D111/><U5/><E72/><V114/><F114/><W46/><G34/><T27/><D100/><U74/><E74/><V21/><F108/><W88/><G31/><T115/><D115/><U26/><E70/><V14/><F1/><W60/><G46/><N who="0" m="27671" /><D82/><U92/><E40/><V80/><F80/><W102/><G56/><T109/><D109/><U59/><E92/><AGARI ba="0,0" hai="8,14,16,20,21,39,43,44,92,96,103" m="49226" machi="92" ten="30,3900,0" yaku="19,1,52,1,54,1" doraHai="42" who="2" fromWho="1" sc="339,0,377,-39,120,39,164,0" />
</Scene>
<Scene>
<INIT seed="5,0,0,2,1,121" ten="339,338,159,164" oya="1" hai0="19,20,15,40,11,101,54,63,18,123,120,38,12" hai1="130,10,81,116,70,58,60,96,88,102,14,9,45" hai2="104,131,52,6,34,5,46,50,134,31,125,98,99" hai3="109,122,0,39,22,47,17,118,76,30,91,36,97"/><U135/><E116/><V126/><F134/><W28/><G0/><T16/><D101/><U83/><E70/><V107/><F131/><W74/><G109/><T44/><D63/><U77/><E135/><V32/><F31/><W114/><G122/><N who="0" m="46635" /><D54/><U106/><E130/><V27/><F27/><W87/><G28/><T35/><D35/><U41/><E88/><V86/><F86/><W23/><G30/><T72/><D72/><U82/><E77/><V112/><F32/><W73/><G22/><T43/><D43/><U129/><E129/><V89/><F34/><W133/><G17/><AGARI ba="0,0" hai="11,12,15,16,17,18,19,20,38,40,44" m="46635" machi="17" ten="30,2000,0" yaku="13,1,54,1" doraHai="121" who="0" fromWho="3" sc="339,20,338,0,159,0,164,-20" />
</Scene>
<Scene>
<INIT seed="6,0,0,5,5,107" ten="359,338,159,144" oya="2" hai0="74,53,135,92,26,51,42,25,131,15,130,83,13" hai1="82,29,30,8,72,94,63,66,35,19,18,116,33" hai2="16,48,132,39,36,126,97,93,120,123,88,115,47" hai3="12,24,85,80,57,21,11,73,90,6,103,4,109"/><V133/><F115/><W104/><G109/><T10/><D135/><N who="2" m="51786" /><F126/><W40/><G4/><T58/><D42/><U108/><E108/><V111/><F111/><W121/><G121/><N who="2" m="46665" /><F16/><W20/><G40/><AGARI ba="0,0" hai="36,39,40,47,48,88,93,97" m="46665,51786" machi="40" ten="30,2900,0" yaku="20,1,54,1" doraHai="107" who="2" fromWho="3" sc="359,0,338,0,159,29,144,-29" />
</Scene>
<Scene>
<INIT seed="6,1,0,3,0,14" ten="359,338,188,115" oya="2" hai0="75,1,44,123,85,24,53,59,131,107,36,29,88" hai1="38,76,66,67,56,62,92,117,27,127,95,89,116" hai2="19,91,5,84,73,58,72,119,129,81,100,23,125" hai3="68,124,17,108,65,63,50,31,126,113,39,45,122"/><V132/><F119/><W40/><G31/><T18/><D123/><U47/><E76/><V37/><F37/><W70/><G122/><T80/><D1/><U106/><E106/><V49/><F125/><N who="3" m="48235" /><G108/><T34/><D107/><U61/><E127/><V121/><F121/><W0/><G0/><T60/><D75/><U94/><E89/><V6/><F132/><W13/><G68/><T43/><REACH who="0" step="1"/><D18/><REACH who="0" ten="349,338,188,115" step="2"/><U120/><E120/><V104/><F72/><W7/><G7/><T10/><D10/><U130/><E130/><AGARI ba="1,1" hai="24,29,34,36,43,44,53,59,60,80,85,88,130,131" machi="130" ten="40,2600,0" yaku="1,1,54,1,53,0" doraHai="14" doraHaiUra="109" who="0" fromWho="1" sc="349,39,338,-29,188,0,115,0" />
</Scene>
<Scene>
<INIT seed="7,0,0,5,4,29" ten="388,309,188,115" oya="3" hai0="74,12,3,126,47,128,28,89,69,16,104,56,48" hai1="53,76,73,101,122,43,111,11,102,103,100,124,82" hai2="78,115,22,60,36,66,17,99,119,116,44,62,134" hai3="67,19,84,133,107,93,125,94,70,109,80,18,88"/><W8/><G107/><T108/><D108/><U113/><E111/><V118/><F115/><W86/><G109/><T54/><D69/><U42/><E122/><V51/><F134/><W83/><G133/><T72/><D3/><U34/><N who="1" m="25600" /><DORA hai="45" /><U97/><E113/><V90/><F36/><W33/><G125/><T25/><D126/><U20/><E124/><V4/><F78/><W46/><G33/><T10/><D128/><U0/><E34/><V55/><F4/><W120/><G120/><T27/><D104/><U91/><E20/><V61/><F90/><W98/><G70/><T5/><D5/><U30/><E30/><V96/><REACH who="2" step="1"/><F66/><REACH who="2" ten="388,309,178,115" step="2"/><W40/><G67/><T21/><D89/><U49/><E0/><V75/><F75/><W32/><G32/><T85/><D74/><U6/><E6/><V95/><F95/><N who="3" m="36363" /><G98/><T87/><D72/><U50/><E97/><V7/><F7/><W132/><G132/><T135/><D135/><U37/><E37/><V64/><F64/><W24/><G8/><T59/><D87/><U13/><E91/><V130/><F130/><W68/><G68/><T81/><D85/><U39/><E39/><V23/><F23/><N who="3" m="13431" /><G19/><N who="0" m="8599" /><D81/><N who="3" m="31305" /><G88/><T2/><D2/><U41/><E11/><V57/><F57/><W105/><G105/><T63/><D59/><U58/><REACH who="1" step="1"/><E13/><AGARI ba="0,1" hai="13,17,22,44,51,55,60,61,62,96,99,116,118,119" machi="13" ten="50,3200,0" yaku="1,1,52,1,53,0" doraHai="29,45" doraHaiUra="31,35" who="2" fromWho="1" sc="388,0,309,-32,178,42,115,0" owari="388,48.0,277,8.0,220,-18.0,115,-38.0" />
</Scene>
</mjloggm>