<mjloggm ver="2.3"><GO type="169" lobby="0"/><UN n0="%E5%A4%AA%E3%81%8F%E3%81%AA%E3%81%84%E3%81%8A" n1="%E3%82%B1%E3%83%B3%E3%83%A4%E2%98%85" n2="%36%31%2E%38%EF%BC%85" n3="%E3%81%8A%E7%9F%A5%E3%82%89%E3%81%9B" dan="17,17,17,17" rate="2201.33,2120.62,2137.07,2137.56" sx="M,M,M,M"/><TAIKYOKU oya="0"/>

<Scene>
<INIT seed="0,0,0,4,3,46" ten="250,250,250,250" oya="0" hai0="55,97,64,50,26,104,59,8,43,100,98,96,6" hai1="35,85,51,33,76,114,99,73,21,22,2,61,79" hai2="75,58,84,42,89,94,29,18,3,24,131,41,37" hai3="107,120,10,9,110,56,68,87,105,125,81,133,128"/><T129/><D129/><U91/><E2/><V32/><F131/><W86/><G68/><T19/><D64/><U82/><E61/><V66/><F37/><W23/><G23/><T108/><D108/><U112/><E99/><V102/><F75/><W38/><G38/><T34/><D43/><U48/><E91/><V7/><F102/><W93/><G56/><T103/><D103/><U4/><E4/><V118/><F118/><W92/><G128/><T119/><D119/><U67/><E85/><V101/><F101/><W115/><G115/><T11/><D11/><U71/><E82/><V78/><F78/><W15/><G15/><T80/><D80/><U31/><E31/><V30/><F30/><W14/><G14/><T57/><D57/><U117/><E67/><V62/><F18/><W134/><G81/><T12/><REACH who="0" step="1"/><D34/><REACH who="0" ten="240,250,250,250" step="2"/><U36/><E117/><V121/><F42/><W52/><G110/><T111/><D111/><U127/><E71/><V135/><F41/><W95/><G9/><T5/><D5/><U116/><E116/><V63/><F7/><W53/><G10/><T83/><D83/><U124/><E36/><V69/><F69/><W65/><G65/><T77/><D77/><U13/><E35/><V72/><F66/><W45/><G53/><T106/><D106/><U74/><E33/><V109/><F58/><W27/><G107/><T1/><D1/><U70/><E70/><V88/><F3/><W16/><G105/><T17/><D17/><U49/><E114/><V20/><F109/><W60/><G16/><T25/><D25/><U39/><E112/><RYUUKYOKU ba="0,1" sc="240,30,250,-10,250,-10,250,-10" hai0="6,8,12,19,26,50,55,59,96,97,98,100,104" />
</Scene>
<Scene>
<INIT seed="0,1,1,1,0,35" ten="270,240,240,240" oya="0" hai0="90,130,34,75,115,48,118,109,3,132,38,69,87" hai1="31,125,47,28,5,11,65,59,107,93,24,53,18" hai2="19,96,113,89,88,60,135,83,133,110,40,103,62" hai3="15,72,50,102,131,128,61,9,78,106,95,82,49"/><T68/><RYUUKYOKU type="yao9" ba="1,1" sc="270,0,240,0,240,0,240,0" hai0="3,34,38,48,68,69,75,87,90,109,115,118,130,132" />
</Scene>
<Scene>
<INIT seed="0,2,1,1,4,134" ten="270,240,240,240" oya="0" hai0="124,28,125,97,76,32,30,78,73,25,35,7,26" hai1="64,22,29,135,133,31,67,96,33,90,127,12,59" hai2="5,21,108,88,112,27,105,132,3,103,80,63,43" hai3="115,14,18,65,82,119,118,117,56,93,70,54,49"/><T69/><D69/><U72/><E72/><V42/><F112/><W4/><G115/><T84/><D73/><U104/><E33/><V6/><F108/><W51/><G4/><T50/><D7/><U47/><E47/><V111/><F111/><W1/><G1/><T38/><D38/><U95/><E104/><V75/><F3/><W121/><G121/><T128/><D128/><U91/><E12/><V126/><F103/><W81/><G51/><T77/><D97/><U53/><E91/><V130/><F5/><W24/><G24/><T110/><D110/><U68/><E68/><V39/><F27/><W15/><G93/><T83/><D50/><U44/><E44/><V106/><F106/><W74/><G74/><T92/><D92/><U9/><E9/><V89/><F6/><W60/><REACH who="3" step="1"/><G14/><REACH who="3" ten="270,240,240,230" step="2"/><T116/><REACH who="0" step="1"/><D116/><REACH who="0" ten="260,240,240,230" step="2"/><U100/><E95/><V94/><F94/><W107/><G107/><T62/><D62/><U61/><E61/><V113/><F63/><W11/><AGARI ba="2,3" hai="11,15,18,49,54,56,60,65,70,81,82,117,118,119" machi="11" ten="30,2000,0" yaku="1,1,0,1,53,0" doraHai="134" doraHaiUra="2" who="3" fromWho="3" sc="260,-12,240,-7,240,-7,230,56" />
</Scene>
<Scene>
<INIT seed="1,0,0,4,0,16" ten="248,233,233,286" oya="1" hai0="70,4,22,74,72,125,57,91,130,45,135,9,78" hai1="64,42,39,126,10,82,32,28,68,106,2,92,21" hai2="108,84,134,29,24,105,93,54,113,33,6,80,122" hai3="102,77,97,31,50,52,1,43,90,41,101,35,95"/><U81/><E106/><V129/><F108/><W133/><G1/><T26/><D70/><U46/><E32/><V117/><F117/><W73/><G73/><T132/><D125/><U19/><E126/><V25/><F105/><W3/><G3/><T62/><D130/><U88/><E28/><V120/><F113/><W128/><G77/><T116/><D116/><U119/><E119/><V71/><F6/><W123/><G123/><T47/><D91/><U13/><E64/><V56/><F71/><W60/><G60/><T18/><D47/><U85/><REACH who="1" step="1"/><E68/><REACH who="1" ten="248,223,233,286" step="2"/><V109/><F29/><W104/><G31/><T111/><D111/><U15/><E15/><V44/><F33/><W34/><G34/><T115/><D115/><U131/><E131/><V67/><F67/><W65/><G35/><T5/><D135/><U94/><E94/><V66/><F93/><W48/><G133/><T107/><D107/><U53/><E53/><V40/><F66/><W12/><G65/><T30/><D132/><U86/><E86/><V49/><F129/><W11/><G128/><T87/><D87/><U127/><E127/><V63/><F109/><W69/><G69/><T121/><D72/><U7/><AGARI ba="0,1" hai="2,7,10,13,19,21,39,42,46,81,82,85,88,92" machi="7" ten="30,18000,2" yaku="1,1,0,1,52,1,54,1,53,2" doraHai="16" doraHaiUra="79" who="1" fromWho="1" sc="248,-60,223,190,233,-60,286,-60" />
</Scene>
<Scene>
<INIT seed="1,1,0,0,4,3" ten="188,413,173,226" oya="1" hai0="39,35,48,82,102,114,71,112,68,10,64,50,52" hai1="95,101,73,60,54,113,127,80,2,47,26,36,69" hai2="133,115,6,83,25,0,66,93,58,120,38,31,128" hai3="1,4,65,94,15,46,89,23,33,40,92,70,132"/><U118/><E118/><V51/><F38/><W63/><G33/><T11/><D39/><U98/><E113/><V131/><F120/><W99/><G132/><T59/><D35/><U78/><E2/><V22/><F115/><W16/><G1/><T96/><D114/><U124/><E26/><V37/><F37/><W61/><G61/><T27/><D112/><U9/><E9/><N who="2" m="2247" /><F83/><W5/><G94/><T109/><D109/><U55/><E69/><V21/><F93/><W84/><G84/><T32/><D82/><U41/><REACH who="1" step="1"/><E60/><REACH who="1" ten="188,403,173,226" step="2"/><V77/><F25/><W8/><REACH who="3" step="1"/><G8/><REACH who="3" ten="188,403,173,216" step="2"/><T42/><D10/><U76/><E76/><V103/><F77/><W116/><G116/><T86/><D11/><U122/><E122/><V90/><F133/><W28/><G28/><T12/><D68/><U20/><E20/><V7/><F21/><W97/><G97/><T34/><D34/><U72/><E72/><V126/><F31/><W135/><G135/><T81/><D32/><U75/><E75/><V43/><F22/><W88/><G88/><T106/><D71/><U19/><E19/><V117/><F90/><W24/><G24/><T44/><D27/><U87/><E87/><V67/><F117/><W18/><G18/><T125/><D12/><U100/><E100/><V74/><F103/><W123/><G123/><T14/><D14/><U56/><E56/><V85/><F58/><W107/><G107/><T91/><D106/><U119/><E119/><V130/><F85/><W17/><G17/><T13/><D13/><U49/><E49/><AGARI ba="1,2" hai="4,5,15,16,23,40,46,49,63,65,70,89,92,99" machi="49" ten="30,8000,1" yaku="1,1,7,1,52,2,54,1,53,0" doraHai="3" doraHaiUra="111" who="3" fromWho="1" sc="188,0,403,-83,173,0,216,103" />
</Scene>
<Scene>
<INIT seed="2,0,0,3,4,94" ten="188,320,173,319" oya="2" hai0="20,91,56,35,23,92,128,80,25,118,9,21,130" hai1="97,90,93,65,107,108,101,115,58,82,55,53,95" hai2="76,85,27,43,52,79,74,63,77,30,2,15,44" hai3="0,88,70,33,124,72,10,57,19,132,13,106,48"/><V66/><F2/><W39/><G39/><T113/><D113/><U49/><E115/><V104/><F74/><W11/><G70/><T109/><D109/><U69/><E108/><V129/><F104/><W28/><G72/><T71/><D71/><U45/><E69/><V41/><F129/><N who="0" m="49770" /><D118/><U89/><E65/><V73/><F73/><W134/><G106/><T68/><D68/><U42/><E82/><V3/><F3/><W54/><G33/><T5/><D80/><U102/><E107/><V96/><F15/><W51/><G28/><N who="0" m="19855" /><D56/><U16/><E16/><V67/><F85/><W4/><G124/><T14/><D23/><U47/><E55/><V110/><F110/><W8/><G8/><T1/><D1/><U120/><E120/><V119/><F119/><W105/><G105/><T61/><D61/><U112/><E112/><V78/><F27/><W60/><G60/><T121/><D121/><U31/><E31/><V29/><F29/><W40/><G11/><T98/><AGARI ba="0,0" hai="5,9,14,20,21,91,92,98" m="19855,49770" machi="98" ten="30,2000,0" yaku="19,1,52,1" doraHai="94" who="0" fromWho="0" sc="188,20,320,-5,173,-10,319,-5" />
</Scene>
<Scene>
<INIT seed="3,0,0,4,4,121" ten="208,315,163,314" oya="3" hai0="41,38,23,129,73,82,120,91,58,72,132,8,50" hai1="77,83,21,89,32,33,81,18,80,59,106,119,26" hai2="74,113,103,27,124,97,51,79,49,15,17,39,52" hai3="98,40,70,95,22,133,7,14,112,57,101,0,30"/><W34/><G70/><T48/><D120/><U12/><E106/><V54/><F39/><W96/><G112/><T16/><D38/><U45/><E45/><V69/><F69/><W9/><G133/><T109/><D132/><U85/><E119/><V13/><F113/><W104/><G40/><T56/><D129/><U111/><E111/><V130/><F130/><W87/><G87/><N who="0" m="50679" /><D72/><U114/><E114/><V75/><F27/><W19/><G57/><N who="0" m="22123" /><D73/><U64/><E32/><V35/><F97/><W63/><G63/><T31/><D41/><U105/><E105/><V102/><F17/><W93/><REACH who="3" step="1"/><G98/><REACH who="3" ten="208,315,163,304" step="2"/><T92/><D109/><U55/><E59/><V118/><F75/><W5/><G5/><T90/><D50/><U24/><E85/><V4/><F4/><W6/><G6/><T61/><D48/><U99/><E99/><V78/><F74/><W47/><G47/><T123/><D61/><U100/><E64/><V117/><F117/><W88/><G88/><T44/><D44/><U42/><E89/><V3/><F118/><W29/><G29/><T68/><D68/><U53/><E42/><V134/><F134/><W108/><G108/><T116/><D116/><U66/><E66/><V25/><F51/><W110/><G110/><T65/><D65/><U11/><E55/><V135/><F52/><W76/><G76/><T36/><D36/><U126/><E53/><V62/><F54/><W107/><G107/><T67/><D67/><U28/><E77/><V10/><F78/><W122/><G122/><T125/><D123/><U71/><E71/><V37/><F79/><RYUUKYOKU ba="0,1" sc="208,-10,315,-10,163,-10,304,30" hai3="0,7,9,14,19,22,30,34,93,95,96,101,104" />
</Scene>
<Scene>
<INIT seed="3,1,1,3,2,110" ten="198,305,153,334" oya="3" hai0="103,135,27,80,61,23,72,133,99,54,111,86,52" hai1="92,91,79,77,101,14,82,107,47,35,8,123,100" hai2="85,16,115,20,124,28,21,64,36,7,84,73,43" hai3="30,0,108,12,39,31,132,81,59,46,49,38,131"/><W3/><G81/><T18/><D72/><U112/><E35/><V76/><F7/><W116/><G59/><T13/><D111/><U113/><E123/><V95/><F64/><W88/><G108/><T69/><D69/><U11/><E47/><V63/><F63/><W70/><G46/><T26/><D26/><U126/><E126/><V78/><F28/><W125/><G49/><T2/><D2/><U1/><E1/><V53/><F53/><W67/><G67/><T5/><D5/><U134/><E134/><N who="0" m="51209" /><D13/><U33/><E33/><V105/><F95/><W44/><G132/><T128/><D61/><U6/><E8/><V121/><F105/><W25/><G70/><T22/><D22/><U4/><E4/><V9/><F43/><W97/><G25/><T71/><D71/><U19/><E6/><V60/><F60/><W48/><G12/><T32/><D32/><U17/><E17/><V24/><F16/><W45/><G0/><T42/><D42/><U119/><E14/><V93/><F24/><W90/><G3/><T130/><D130/><U55/><E11/><V75/><F9/><W51/><G131/><T127/><D127/><U56/><E19/><V10/><F10/><W66/><G125/><T114/><D128/><U65/><E65/><V118/><F124/><W106/><G66/><T37/><D37/><U57/><E55/><N who="0" m="21033" /><D114/><U41/><E41/><V117/><F36/><W102/><G38/><T129/><D129/><U50/><E57/><V62/><F115/><W104/><G39/><T29/><D18/><U122/><E112/><V87/><F62/><RYUUKYOKU ba="1,1" sc="198,0,305,0,153,0,334,0" />
</Scene>
<Scene>
<INIT seed="4,2,1,2,0,55" ten="198,305,153,334" oya="0" hai0="112,37,82,83,2,39,80,58,53,117,45,50,110" hai1="52,32,8,91,134,21,68,119,99,13,62,89,93" hai2="122,85,107,5,24,66,54,96,17,67,69,118,75" hai3="90,26,115,63,27,22,111,88,34,121,60,84,87"/><T38/><D117/><U31/><E32/><V35/><F75/><W28/><G111/><T131/><D110/><U125/><E119/><V123/><F118/><W51/><G115/><T128/><D112/><U57/><E68/><V40/><F40/><W36/><G36/><T18/><D2/><U0/><E134/><V1/><F1/><W135/><G135/><T64/><D18/><N who="1" m="8487" /><E125/><V46/><F5/><W10/><G10/><T73/><D73/><U109/><E0/><V43/><F69/><W59/><G121/><T9/><D9/><U44/><E44/><V4/><F46/><W47/><G87/><T100/><D100/><N who="1" m="60527" /><E109/><V7/><F35/><W114/><G114/><T102/><REACH who="0" step="1"/><D102/><REACH who="0" ten="188,305,153,334" step="2"/><U74/><E74/><V132/><F132/><W94/><G28/><T29/><D29/><U120/><E120/><V12/><F122/><W33/><G33/><T127/><D127/><U129/><E129/><V98/><F123/><W15/><G34/><T49/><D49/><U86/><E86/><V97/><F85/><W19/><G51/><T126/><D126/><U20/><E31/><V106/><F97/><W48/><G48/><T30/><D30/><U16/><E20/><V108/><F98/><W92/><G84/><T6/><D6/><U23/><E21/><V78/><F96/><W104/><G22/><T105/><D105/><U61/><E61/><AGARI ba="2,2" hai="37,38,39,45,50,53,58,61,64,80,82,83,128,131" machi="61" ten="50,4800,0" yaku="1,1,52,1,53,0" doraHai="55" doraHaiUra="11" who="0" fromWho="1" sc="188,74,305,-54,153,0,334,0" />
</Scene>
<Scene>
<INIT seed="4,3,0,4,5,49" ten="262,251,153,334" oya="0" hai0="71,47,120,19,83,124,37,133,50,112,25,108,106" hai1="81,88,113,5,59,68,84,90,126,104,96,15,89" hai2="128,82,27,52,34,20,1,72,63,125,95,75,109" hai3="21,100,2,11,73,3,28,12,114,93,115,85,79"/><T87/><D120/><U54/><E68/><V61/><F109/><W32/><G73/><T33/><D71/><U26/><E126/><V121/><F1/><W132/><G132/><T16/><D37/><U31/><E113/><V123/><F34/><W77/><G32/><T69/><D69/><U39/><E39/><V4/><F4/><W58/><G58/><T130/><D106/><U17/><E5/><V13/><F125/><W107/><G107/><T9/><D124/><U122/><E122/><V53/><F95/><W101/><G21/><T129/><D112/><U8/><E96/><V67/><F13/><W62/><G12/><T80/><D133/><U64/><E64/><V127/><F127/><W118/><G62/><T105/><D105/><U111/><E111/><V76/><F20/><W10/><G85/><T117/><D117/><U66/><E66/><V119/><F67/><W45/><G93/><T55/><D108/><U57/><E57/><V74/><F119/><W6/><G45/><T40/><D40/><U86/><E86/><V42/><F42/><W135/><G118/><T43/><D43/><U116/><E116/><V51/><F72/><W30/><G135/><T18/><D9/><U23/><E104/><V41/><F41/><W102/><G102/><T46/><D46/><U110/><E110/><V60/><F121/><W44/><G44/><T134/><D134/><U22/><E8/><V98/><F123/><W97/><G6/><T56/><D47/><U0/><E0/><V91/><F75/><W48/><G97/><T92/><D87/><U65/><E65/><RYUUKYOKU ba="3,0" sc="262,-15,251,15,153,-15,334,15" hai1="15,17,22,23,26,31,54,59,81,84,88,89,90" hai3="2,3,10,11,28,30,48,77,79,100,101,114,115" />
</Scene>
<Scene>
<INIT seed="5,4,0,0,3,61" ten="247,266,138,349" oya="1" hai0="131,28,27,125,104,24,119,55,102,85,89,5,86" hai1="23,90,98,20,42,101,135,99,54,11,36,43,71" hai2="33,31,118,48,112,47,45,8,12,2,81,113,56" hai3="132,49,9,35,72,108,65,68,128,117,97,83,77"/><U69/><E36/><V16/><F118/><W95/><G35/><T18/><D119/><U13/><E135/><V41/><F2/><W133/><G117/><T1/><D1/><U4/><E54/><V76/><F31/><W19/><G19/><T60/><D5/><U82/><E71/><V106/><F106/><W110/><G9/><T114/><D114/><N who="2" m="44138" /><F33/><W96/><G96/><T64/><D102/><U21/><E69/><V127/><F127/><W126/><G49/><T121/><D104/><U91/><E99/><V84/><F56/><W124/><G128/><T78/><D131/><U58/><E58/><V53/><F47/><W44/><G44/><T130/><D130/><U6/><E6/><V30/><F30/><W32/><G32/><T74/><D55/><AGARI ba="4,0" hai="8,12,16,41,45,48,53,55,76,81,84" m="44138" machi="55" ten="30,3900,0" yaku="15,1,11,1,54,1" doraHai="61" who="2" fromWho="0" sc="247,-51,266,0,138,51,349,0" />
</Scene>
<Scene>
<INIT seed="6,0,0,5,3,92" ten="196,266,189,349" oya="2" hai0="54,83,21,94,69,91,86,103,38,79,23,112,98" hai1="65,107,97,72,95,133,93,66,119,18,15,42,30" hai2="106,76,9,14,117,0,68,11,55,24,124,40,129" hai3="43,87,60,123,26,8,127,58,71,46,116,56,51"/><V5/><F117/><W125/><G116/><T101/><D38/><U80/><E30/><V114/><F68/><W12/><G26/><T59/><D69/><U104/><E42/><V78/><F114/><W34/><G34/><T74/><D112/><U130/><E80/><V44/><F129/><W52/><G123/><T122/><D122/><U33/><E15/><V47/><F124/><W7/><G87/><T126/><D126/><N who="3" m="48137" /><G71/><T29/><D29/><U109/><E18/><V120/><F120/><W22/><G22/><T118/><D101/><U115/><E107/><V121/><F106/><W88/><G88/><T111/><D111/><U113/><E72/><V6/><F24/><W36/><G58/><T77/><D118/><U48/><E33/><V100/><F100/><W62/><AGARI ba="0,0" hai="7,8,12,36,43,46,51,52,56,60,62" m="48137" machi="62" ten="30,2000,0" yaku="18,1,54,1" doraHai="92" who="3" fromWho="3" sc="196,-5,266,-5,189,-10,349,20" />
</Scene>
<Scene>
<INIT seed="7,0,0,0,3,18" ten="191,261,179,369" oya="3" hai0="33,85,63,11,133,45,58,105,82,73,71,86,67" hai1="16,9,0,42,116,51,62,127,1,87,25,135,59" hai2="30,12,6,122,89,124,17,43,54,103,108,23,96" hai3="34,10,64,100,56,24,113,39,83,8,21,92,37"/><W31/><G34/><T41/><D105/><U4/><E1/><V26/><F108/><W77/><G8/><T99/><D33/><U3/><E3/><V66/><F124/><W129/><G10/><T121/><D121/><U48/><E42/><V13/><F122/><W130/><G113/><T52/><D99/><U126/><E87/><V110/><F110/><W55/><G64/><T70/><D133/><U97/><E97/><V7/><F43/><W40/><G92/><T120/><D120/><U53/><E116/><V98/><F66/><W49/><G100/><T5/><D73/><U74/><E74/><V119/><F119/><W117/><G40/><T27/><D27/><U102/><E102/><V72/><F72/><N who="3" m="43431" /><G117/><T111/><D111/><U80/><E9/><N who="2" m="6287" /><F13/><W91/><G91/><T106/><D106/><U115/><E115/><V50/><F89/><W22/><G39/><N who="0" m="21695" /><D82/><U123/><E80/><V94/><F98/><W36/><G36/><T14/><D71/><U60/><E123/><V47/><AGARI ba="0,0" hai="6,7,23,26,30,47,50,54,94,96,103" m="6287" machi="47" ten="30,2000,0" yaku="8,1,52,1" doraHai="18" who="2" fromWho="2" sc="191,-5,261,-5,179,20,369,-10" owari="186,-31.0,256,6.0,199,-20.0,359,45.0" />
</Scene>
</mjloggm>