<mjloggm ver="2.3"><GO type="169" lobby="0"/><UN n0="%E5%A4%AA%E3%81%8F%E3%81%AA%E3%81%84%E3%81%8A" n1="%E5%AE%87%E5%96%9C%E5%A4%9A%E4%B8%87%E9%87%8C%E9%A6%99" n2="%33%33%62%6C%61%63%6B" n3="%E6%AF%94%E5%98%89%E7%A7%80%E4%BB%81" dan="17,17,16,17" rate="2167.67,2161.34,2097.46,2143.86" sx="M,M,F,M"/><TAIKYOKU oya="0"/>

<Scene>
<INIT seed="0,0,0,2,4,5" ten="250,250,250,250" oya="0" hai0="3,2,65,112,77,127,95,46,41,106,119,29,24" hai1="4,52,78,122,8,126,132,98,115,10,39,12,121" hai2="105,1,6,7,81,79,9,71,75,86,87,25,20" hai3="135,16,50,58,23,54,116,64,69,56,19,21,109"/><T123/><D106/><U38/><E78/><V129/><F71/><W32/><G135/><T74/><D112/><U53/><E132/><V60/><F129/><W96/><G116/><T102/><D119/><U117/><E117/><V133/><F133/><W31/><G69/><T99/><D123/><U72/><E72/><V128/><F128/><W130/><G130/><T59/><D127/><U42/><E126/><V101/><F7/><W49/><G32/><T0/><D77/><U37/><E42/><V11/><F60/><N who="3" m="37911" /><G109/><T70/><D74/><U91/><E115/><V48/><F11/><W107/><G107/><T27/><D70/><U124/><E124/><V63/><F63/><N who="3" m="36247" /><G96/><T68/><D68/><U80/><E10/><V66/><F66/><W92/><G92/><T84/><D84/><U108/><E108/><V94/><F105/><W110/><G110/><T47/><D41/><U26/><E26/><V82/><F48/><N who="3" m="18539" /><G31/><T34/><D65/><U134/><E134/><V51/><F51/><W55/><G55/><T120/><D59/><U131/><E131/><V62/><F62/><W45/><G45/><T17/><REACH who="0" step="1"/><D120/><REACH who="0" ten="240,250,250,250" step="2"/><U22/><E122/><V89/><F75/><W14/><G19/><T67/><D67/><U118/><E121/><V73/><F73/><W57/><G57/><T76/><D76/><U30/><E118/><V36/><F79/><W40/><G40/><T35/><D35/><U44/><E38/><V13/><F36/><W114/><G114/><T28/><D28/><U113/><E39/><V111/><F86/><W88/><G88/><T93/><D93/><RYUUKYOKU ba="0,1" sc="240,15,250,-15,250,-15,250,15" hai0="0,2,3,17,24,27,29,34,46,47,95,99,102" hai3="14,16,21,23" />
</Scene>
<Scene>
<INIT seed="0,1,1,3,2,93" ten="255,235,235,265" oya="0" hai0="119,78,91,65,41,127,74,101,111,133,23,43,135" hai1="28,4,6,53,85,122,19,80,20,14,49,37,64" hai2="11,131,15,110,112,13,46,123,75,35,90,30,59" hai3="114,52,98,32,126,125,63,116,38,24,33,109,29"/><T8/><D119/><U56/><E122/><V34/><F123/><W58/><G109/><T89/><D127/><N who="3" m="48649" /><G116/><T88/><D111/><U82/><E37/><V27/><F112/><W79/><G114/><T113/><D113/><U69/><E28/><V5/><F110/><W134/><G134/><N who="0" m="51211" /><D65/><U62/><REACH who="1" step="1"/><E80/><REACH who="1" ten="255,225,235,265" step="2"/><V55/><F30/><W18/><G38/><T120/><D120/><U36/><E36/><V72/><F35/><W86/><G33/><T17/><D8/><U95/><E95/><V31/><F34/><W26/><G32/><T45/><D101/><U48/><E48/><V57/><F31/><W54/><G29/><T1/><D1/><U25/><E25/><V40/><F27/><W50/><G26/><N who="0" m="14703" /><D45/><U97/><E97/><V70/><F46/><N who="3" m="27735" /><G98/><T92/><D92/><U39/><E39/><V51/><F11/><W108/><G108/><T2/><D2/><U115/><E115/><V66/><F51/><W12/><G24/><T76/><D74/><U83/><E83/><V9/><F72/><W103/><G103/><T60/><D60/><U102/><E102/><V77/><F75/><W73/><G73/><T117/><D117/><U118/><E118/><V16/><F9/><N who="3" m="6415" /><G86/><T42/><AGARI ba="1,2" hai="41,42,43,76,78,88,89,91" m="14703,51211" machi="42" ten="40,3900,0" yaku="20,1,54,1" doraHai="93" who="0" fromWho="0" sc="255,62,225,-14,235,-14,265,-14" />
</Scene>
<Scene>
<INIT seed="0,2,0,2,2,54" ten="317,211,221,251" oya="0" hai0="67,82,29,109,105,39,125,38,36,71,53,97,113" hai1="14,50,86,69,102,88,91,135,98,11,60,23,9" hai2="116,68,6,124,83,66,100,48,101,84,126,37,70" hai3="19,96,73,79,16,112,131,32,99,26,21,18,45"/><T52/><D113/><U76/><E135/><V129/><F37/><W64/><G112/><T115/><D115/><U85/><E76/><V56/><F129/><W35/><G131/><T106/><D125/><N who="2" m="48234" /><F116/><W17/><G64/><T28/><D82/><U57/><E50/><V51/><F6/><W107/><G45/><T80/><D80/><N who="1" m="49607" /><E69/><N who="2" m="26731" /><F66/><W90/><G73/><T74/><D74/><U30/><E98/><V122/><F122/><W128/><G79/><T27/><D109/><U20/><E102/><N who="2" m="39531" /><F56/><W46/><G128/><T94/><D67/><N who="1" m="39311" /><E30/><V5/><F5/><W12/><G46/><T89/><D71/><U47/><E47/><V43/><F43/><W78/><G78/><AGARI ba="2,0" hai="48,51,78,83,84" m="39531,26731,48234" machi="78" ten="30,1000,0" yaku="18,1" doraHai="54" who="2" fromWho="3" sc="317,0,211,0,221,16,251,-16" />
</Scene>
<Scene>
<INIT seed="1,0,0,4,5,53" ten="317,211,237,235" oya="1" hai0="63,73,54,115,123,19,111,128,40,122,18,105,1" hai1="43,59,83,4,76,17,5,127,31,56,124,104,99" hai2="35,55,103,116,9,117,65,71,37,89,86,64,62" hai3="134,2,133,49,6,75,113,101,120,88,21,74,58"/><U132/><E31/><V78/><F35/><W20/><G113/><T93/><D105/><U60/><E43/><V23/><F37/><W16/><G101/><T97/><D115/><U39/><E39/><V57/><F78/><W82/><G21/><T67/><D73/><U66/><E17/><V14/><F103/><W72/><G6/><N who="1" m="2666" /><E132/><N who="3" m="50794" /><G2/><T106/><D106/><U119/><E119/><V69/><F65/><W45/><G120/><N who="0" m="46123" /><D40/><U85/><E99/><V94/><F71/><W91/><G82/><T102/><D1/><U109/><E104/><V108/><F108/><W34/><G34/><T61/><D111/><U15/><E15/><V131/><F131/><W12/><G58/><N who="0" m="35031" /><D128/><U95/><E95/><V81/><F81/><W30/><G30/><T29/><D29/><U52/><E109/><V125/><F125/><N who="1" m="48201" /><E52/><AGARI ba="0,0" hai="12,16,20,45,49,52,72,74,75,88,91" m="50794" machi="52" ten="40,8000,1" yaku="20,1,54,3" doraHai="53" who="3" fromWho="1" sc="317,0,211,-80,237,0,235,80" />
</Scene>
<Scene>
<INIT seed="2,0,0,1,3,81" ten="317,131,237,315" oya="2" hai0="80,50,97,87,19,17,93,105,102,61,48,58,111" hai1="62,15,99,29,10,6,84,129,37,0,100,60,116" hai2="56,92,22,33,88,64,113,44,59,25,42,95,54" hai3="12,127,46,133,96,103,43,40,8,79,63,101,66"/><V78/><F33/><W86/><G133/><T135/><D111/><U52/><E37/><V70/><F113/><W106/><G103/><T104/><D135/><U107/><E116/><V28/><F78/><W13/><G127/><T49/><D105/><U36/><E129/><V31/><F70/><W18/><G13/><T69/><D104/><U85/><E36/><V34/><F64/><W125/><G125/><T131/><D69/><U130/><E130/><V134/><F134/><W39/><G43/><T118/><D118/><U30/><E0/><V2/><F2/><W21/><G21/><T41/><D41/><U65/><E62/><V122/><F122/><W77/><REACH who="3" step="1"/><G86/><REACH who="3" ten="317,131,237,305" step="2"/><T83/><D131/><U91/><E85/><N who="2" m="52239" /><F34/><W47/><G47/><T14/><D14/><U53/><E29/><V5/><F31/><W109/><G109/><T26/><D26/><U121/><E30/><V110/><F110/><W68/><AGARI ba="0,1" hai="8,12,18,39,40,46,63,66,68,77,79,96,101,106" machi="68" ten="20,2700,0" yaku="1,1,0,1,7,1,53,0" doraHai="81" doraHaiUra="128" who="3" fromWho="3" sc="317,-7,131,-7,237,-13,305,37" />
</Scene>
<Scene>
<INIT seed="3,0,0,3,0,35" ten="310,124,224,342" oya="3" hai0="117,61,39,104,99,30,102,72,96,49,92,31,34" hai1="21,76,78,13,38,60,1,58,45,123,57,74,29" hai2="107,46,5,32,91,130,110,100,55,10,118,135,120" hai3="20,2,108,71,23,83,101,105,95,121,84,134,19"/><W106/><G134/><T114/><D39/><U8/><E123/><V115/><F46/><W90/><G121/><T113/><D117/><U41/><E58/><V42/><F55/><W86/><G71/><T85/><D72/><U119/><E119/><V67/><F67/><W131/><G23/><T126/><D126/><U82/><E78/><V109/><F42/><W69/><G69/><T33/><D85/><U0/><E21/><V54/><F54/><W89/><G131/><T79/><D79/><U112/><E29/><N who="0" m="10761" /><D49/><U51/><E38/><V66/><F66/><W68/><G68/><T9/><D61/><U128/><E128/><V26/><F130/><W116/><G116/><T53/><D53/><U64/><REACH who="1" step="1"/><E112/><REACH who="1" ten="310,114,224,342" step="2"/><N who="0" m="43113" /><D9/><U16/><AGARI ba="0,1" hai="0,1,8,13,16,41,45,51,57,60,64,74,76,82" machi="16" ten="20,12000,2" yaku="1,1,0,1,7,1,52,2,54,1,53,1" doraHai="35" doraHaiUra="47" who="1" fromWho="1" sc="310,-30,114,130,224,-30,342,-60" />
</Scene>
<Scene>
<INIT seed="4,0,0,5,1,108" ten="280,244,194,282" oya="0" hai0="122,88,35,118,86,109,123,116,49,25,76,5,105" hai1="39,31,125,12,37,6,30,32,126,58,15,69,27" hai2="63,28,91,11,50,132,114,48,81,2,68,46,84" hai3="93,47,0,43,65,75,107,112,16,119,23,66,104"/><T83/><D5/><U73/><E69/><V59/><F68/><W74/><G119/><N who="0" m="45611" /><D49/><U8/><E73/><V62/><F132/><W129/><G0/><T110/><D25/><N who="1" m="18511" /><E58/><V94/><F28/><W120/><G120/><N who="0" m="46123" /><D35/><N who="1" m="20991" /><E39/><V61/><F2/><W87/><G43/><T34/><D34/><U52/><E52/><N who="2" m="32151" /><F114/><W60/><G112/><T17/><D17/><U70/><E70/><V14/><F94/><W82/><G47/><T13/><D13/><N who="1" m="5271" /><E37/><V128/><F128/><W90/><G60/><T102/><D76/><U20/><E20/><V95/><F62/><W77/><G129/><T67/><D67/><U1/><E1/><V22/><F22/><W26/><G74/><T103/><D105/><U41/><E41/><N who="2" m="24655" /><F81/><W53/><G53/><T36/><D36/><U57/><E57/><V115/><F115/><W127/><G104/><T51/><D51/><U55/><E55/><V131/><F131/><W85/><G107/><T7/><D7/><AGARI ba="0,0" hai="7,11,14,61,63,84,91,95" m="24655,32151" machi="7" ten="30,2000,0" yaku="8,1,54,1" doraHai="108" who="2" fromWho="0" sc="280,-20,244,0,194,20,282,0" />
</Scene>
<Scene>
<INIT seed="5,0,0,4,4,81" ten="260,244,214,282" oya="1" hai0="51,85,109,52,26,30,80,102,77,27,13,104,96" hai1="22,116,118,53,35,8,111,99,20,100,94,74,101" hai2="55,127,10,90,4,58,79,60,132,36,50,117,89" hai3="56,72,73,134,76,128,107,63,19,92,37,125,7"/><U1/><E74/><V83/><F117/><W40/><G125/><T49/><D109/><U17/><E35/><V68/><F36/><W34/><G107/><T93/><D13/><U129/><E111/><V67/><F132/><W2/><G134/><T84/><D49/><U21/><E101/><V33/><F127/><W29/><G19/><T126/><D126/><U71/><E71/><V47/><F33/><W18/><G18/><T115/><D115/><U66/><E66/><V42/><F68/><W14/><G2/><T122/><D122/><U98/><E98/><V69/><F69/><W82/><G92/><N who="0" m="58631" /><D30/><U119/><E53/><V124/><F67/><W54/><G29/><T120/><D104/><U59/><E59/><V70/><F70/><W23/><G34/><T121/><D121/><U31/><E31/><V123/><F123/><W112/><G112/><T24/><D120/><U133/><E133/><V131/><F131/><W9/><G128/><T108/><D108/><U32/><E32/><V61/><F61/><W64/><G23/><T78/><D93/><U114/><E129/><V95/><F95/><W91/><G64/><T135/><D135/><U113/><REACH who="1" step="1"/><E17/><REACH who="1" ten="260,234,214,282" step="2"/><V38/><F124/><W41/><G72/><T106/><D106/><U103/><E103/><V48/><F55/><W11/><G73/><T6/><D6/><AGARI ba="0,1" hai="1,6,8,20,21,22,94,99,100,113,114,116,118,119" machi="6" ten="50,2400,0" yaku="1,1,53,0" doraHai="81" doraHaiUra="45" who="1" fromWho="0" sc="260,-24,234,34,214,0,282,0" />
</Scene>
<Scene>
<INIT seed="5,1,0,5,4,67" ten="236,268,214,282" oya="1" hai0="84,60,114,23,135,49,76,10,70,109,62,111,73" hai1="43,112,82,80,20,74,33,133,14,101,65,11,9" hai2="13,93,94,17,15,0,121,95,54,21,28,78,125" hai3="81,83,42,123,59,2,16,77,89,38,24,86,85"/><U31/><E43/><V35/><F121/><W55/><G123/><T58/><D73/><U50/><E50/><V45/><F125/><W40/><G38/><T37/><D37/><U118/><E118/><V69/><F0/><W104/><G104/><T92/><D114/><U30/><E65/><V52/><F78/><W25/><G2/><T75/><D75/><U3/><E101/><V113/><F113/><W120/><G120/><T39/><D39/><U102/><E102/><V105/><F105/><W72/><G72/><T22/><D135/><U126/><E112/><V47/><F15/><W41/><REACH who="3" step="1"/><G16/><REACH who="3" ten="236,268,214,272" step="2"/><T8/><D8/><U56/><E11/><V79/><F28/><W128/><G128/><T64/><D10/><U87/><E74/><V12/><F12/><W129/><G129/><T117/><D117/><U116/><E14/><V46/><F35/><W130/><G130/><T57/><D22/><U4/><E9/><V18/><F18/><W6/><G6/><T51/><D23/><U53/><E33/><V91/><F79/><W90/><G90/><T63/><D76/><U48/><E30/><V122/><F122/><W134/><G134/><T132/><D132/><U131/><E31/><V66/><REACH who="2" step="1"/><F91/><REACH who="2" ten="236,268,204,272" step="2"/><W32/><G32/><T7/><D7/><U106/><E131/><V61/><AGARI ba="1,2" hai="13,17,21,45,46,47,52,54,61,66,69,93,94,95" machi="61" ten="40,8000,1" yaku="1,1,2,1,0,1,52,1,54,1,53,0" doraHai="67" doraHaiUra="26" who="2" fromWho="2" sc="236,-21,268,-41,204,103,272,-21" />
</Scene>
<Scene>
<INIT seed="6,0,0,1,5,134" ten="215,227,307,251" oya="2" hai0="58,6,125,25,15,92,51,98,63,78,100,62,71" hai1="49,118,109,61,21,53,52,35,79,48,104,24,19" hai2="83,74,127,122,106,37,101,110,4,16,115,112,69" hai3="47,13,50,20,107,8,68,102,84,124,80,2,66"/><V54/><F37/><W73/><G73/><T81/><D71/><U67/><E109/><V31/><F69/><W18/><G68/><T88/><D125/><U82/><E104/><V129/><F127/><W43/><G66/><T1/><D1/><U89/><E35/><V135/><F122/><W26/><G2/><T117/><D117/><U3/><E3/><V41/><F4/><W121/><G121/><T128/><D128/><U39/><E39/><V105/><F31/><W27/><G124/><T44/><D25/><U113/><E118/><V126/><F126/><W85/><G85/><N who="0" m="48311" /><D100/><U33/><E89/><V42/><F135/><W87/><G87/><T22/><D58/><N who="1" m="37303" /><E33/><V10/><F101/><W46/><G46/><T96/><D96/><U9/><E9/><V40/><F129/><W59/><G59/><T75/><D75/><U119/><E119/><V60/><F110/><W133/><G133/><T72/><D72/><U23/><E23/><V34/><F34/><W132/><G132/><T0/><D0/><U30/><E30/><V70/><F70/><W77/><REACH who="3" step="1"/><G20/><REACH who="3" ten="215,227,307,241" step="2"/><T123/><D123/><U94/><E21/><V12/><F74/><W29/><G29/><T45/><D45/><U65/><E65/><V111/><F111/><W28/><G28/><T91/><D22/><U56/><E56/><V95/><F12/><W14/><G14/><T97/><D15/><U7/><E24/><V17/><F115/><W120/><G120/><T131/><D131/><U86/><E113/><V57/><F112/><W32/><G32/><T114/><D114/><U116/><E116/><RYUUKYOKU ba="0,1" sc="215,-10,227,-10,307,-10,241,30" hai3="8,13,18,26,27,43,47,50,77,80,84,102,107" />
</Scene>
<Scene>
<INIT seed="7,1,1,3,2,86" ten="205,217,297,271" oya="3" hai0="79,128,133,31,64,131,28,106,74,34,60,123,65" hai1="46,26,50,101,124,14,100,20,126,109,72,33,49" hai2="58,102,4,69,10,85,115,29,45,114,130,87,68" hai3="97,22,41,92,95,98,16,129,71,11,104,54,48"/><W53/><G71/><N who="2" m="27209" /><F102/><N who="1" m="39529" /><E72/><V80/><F45/><N who="3" m="25647" /><G104/><T7/><D106/><U44/><E33/><V0/><F130/><N who="0" m="49706" /><D7/><U78/><E78/><V42/><F42/><W13/><G129/><T105/><D105/><U84/><E14/><V112/><F29/><N who="0" m="11338" /><D34/><U70/><E70/><V113/><F113/><W25/><G98/><T37/><D37/><U99/><E99/><V107/><F107/><W89/><G95/><T94/><D94/><U17/><E109/><V8/><F8/><W55/><G55/><T111/><D111/><U59/><E84/><N who="2" m="32331" /><F58/><W122/><G122/><T30/><N who="0" m="11346" /><AGARI ba="1,1" hai="11,13,16,22,25,30,53,54,89,92,97" m="25647" machi="30" ten="30,11600,0" yaku="3,1,8,1,52,1,54,1" doraHai="86" who="3" fromWho="0" sc="205,-119,217,0,297,0,271,129" owari="86,-41.0,217,-18.0,297,10.0,400,49.0" />
</Scene>
</mjloggm>