<mjloggm ver="2.3"><GO type="169" lobby="0"/><UN n0="%E3%83%8C%E3%83%83%E3%83%97" n1="%E5%A4%AA%E3%81%8F%E3%81%AA%E3%81%84%E3%81%8A" n2="%E3%81%8B%E3%81%8D" n3="%74%6F%72%69%30%36%31%32" dan="16,17,16,16" rate="2146.77,2178.11,2059.53,2105.40" sx="M,M,M,M"/><TAIKYOKU oya="0"/>

<Scene>
<INIT seed="0,0,0,0,3,5" ten="250,250,250,250" oya="0" hai0="10,125,58,74,50,128,28,112,132,7,54,40,129" hai1="18,83,30,81,76,113,24,37,26,9,70,96,22" hai2="108,134,60,56,88,34,20,103,105,15,87,127,122" hai3="3,92,4,89,131,84,90,48,52,62,111,135,118"/><T12/><D74/><U23/><E70/><V124/><F108/><W104/><G118/><T67/><D112/><U107/><E37/><V68/><F34/><W114/><G104/><T102/><D102/><U35/><E113/><V93/><F122/><W97/><G131/><N who="0" m="50251" /><D125/><N who="2" m="48202" /><F68/><W66/><G135/><T1/><D28/><U116/><E116/><V63/><F134/><W33/><G33/><T13/><D132/><U115/><E115/><V6/><F56/><W94/><G111/><T16/><D67/><U38/><E38/><V106/><F20/><W27/><G27/><T80/><D80/><U123/><E123/><V71/><F103/><W109/><G109/><T31/><D31/><U45/><E35/><V101/><F101/><W65/><G114/><T79/><D79/><U77/><E77/><V75/><F75/><W19/><G19/><T32/><D32/><U69/><E18/><V44/><F44/><W39/><G39/><T121/><D121/><U61/><E45/><V100/><F100/><W49/><G65/><T110/><D110/><U133/><E76/><V86/><F86/><W11/><G52/><T8/><D40/><U99/><E133/><V55/><F55/><W91/><G91/><T82/><D82/><U51/><E81/><V2/><F2/><AGARI ba="0,0" hai="1,2,7,8,10,12,13,16,50,54,58" m="50251" machi="2" ten="30,11600,0" yaku="19,1,52,2,54,1" doraHai="5" who="0" fromWho="2" sc="250,116,250,0,250,-116,250,0" />
</Scene>
<Scene>
<INIT seed="0,1,0,1,2,50" ten="366,250,134,250" oya="0" hai0="108,34,10,130,114,13,121,101,32,60,48,100,131" hai1="85,87,86,7,61,40,80,133,25,56,44,0,39" hai2="74,21,4,52,64,111,23,5,12,45,22,9,33" hai3="30,20,42,95,37,62,76,6,77,70,82,122,83"/><T53/><D121/><U93/><E133/><V63/><F74/><W113/><G113/><T68/><D114/><U109/><E109/><V35/><F111/><W84/><G6/><T59/><D108/><U129/><E129/><N who="0" m="49161" /><D68/><U15/><E0/><V128/><F128/><W116/><G116/><T103/><D60/><U99/><E25/><V31/><F31/><W88/><G122/><T119/><D119/><U27/><E27/><V115/><F115/><W67/><G20/><T92/><D92/><U106/><E106/><V73/><F73/><W110/><G30/><T120/><D120/><U36/><E36/><V2/><F2/><W102/><G102/><T117/><D117/><U91/><E15/><V134/><F134/><W97/><G110/><T51/><D51/><U8/><E8/><V24/><F4/><AGARI ba="1,0" hai="4,10,13,32,34,48,53,59,100,101,103" m="49161" machi="4" ten="30,2900,0" yaku="19,1,52,1" doraHai="50" who="0" fromWho="2" sc="366,32,250,0,134,-32,250,0" />
</Scene>
<Scene>
<INIT seed="0,2,0,5,4,2" ten="398,250,102,250" oya="0" hai0="105,123,99,53,75,115,101,95,48,86,5,133,88" hai1="1,134,87,102,93,81,132,129,14,13,11,7,59" hai2="34,112,45,42,100,32,16,10,62,64,92,24,54" hai3="31,40,55,28,72,135,98,91,124,128,21,18,73"/><T26/><D123/><U94/><E129/><V15/><F112/><W76/><G124/><T79/><D115/><U66/><E66/><V71/><F54/><W77/><G135/><N who="1" m="51754" /><E59/><V9/><F24/><N who="3" m="14391" /><G40/><T114/><D114/><U97/><E93/><V0/><F100/><W74/><G74/><T4/><D133/><U125/><E125/><V51/><REACH who="2" step="1"/><F92/><REACH who="2" ten="398,250,92,250" step="2"/><N who="3" m="56607" /><G128/><T120/><D26/><U127/><E127/><V130/><F130/><W131/><G131/><T25/><D25/><U12/><E1/><V61/><F61/><W36/><G55/><T52/><D120/><U67/><E67/><V6/><AGARI ba="2,1" hai="0,6,9,10,15,16,32,34,42,45,51,62,64,71" machi="6" ten="30,7900,0" yaku="1,1,0,1,52,1,54,1,53,0" doraHai="2" doraHaiUra="113" who="2" fromWho="2" sc="398,-41,250,-22,92,95,250,-22" />
</Scene>
<Scene>
<INIT seed="1,0,0,1,3,68" ten="357,228,187,228" oya="1" hai0="81,76,2,3,133,85,58,44,56,131,98,82,26" hai1="91,18,30,57,73,45,15,105,132,83,74,0,101" hai2="22,59,126,99,35,121,65,94,40,5,37,114,31" hai3="8,125,13,55,123,78,12,108,69,130,119,103,53"/><U122/><E0/><V38/><F121/><W84/><G108/><T129/><D133/><U9/><E122/><V120/><F120/><W23/><G69/><T49/><D26/><U96/><E132/><V95/><F35/><W70/><G70/><T117/><D117/><U106/><E30/><V21/><F40/><W118/><G125/><T128/><D98/><U61/><E105/><V135/><F135/><W10/><G103/><T109/><D109/><U102/><E102/><N who="2" m="60791" /><F21/><W32/><G23/><T47/><D47/><U60/><E45/><V92/><F5/><W71/><G71/><T17/><D17/><U29/><E29/><V4/><F4/><W127/><G32/><T20/><D20/><U64/><REACH who="1" step="1"/><E61/><REACH who="1" ten="357,218,187,228" step="2"/><N who="2" m="38079" /><F126/><W24/><G127/><T112/><D2/><U87/><AGARI ba="0,1" hai="9,15,18,57,60,64,73,74,83,87,91,96,101,106" machi="87" ten="30,3000,0" yaku="1,1,0,1,53,0" doraHai="68" doraHaiUra="89" who="1" fromWho="1" sc="357,-10,218,40,187,-10,228,-10" />
</Scene>
<Scene>
<INIT seed="1,1,0,4,2,21" ten="347,258,177,218" oya="1" hai0="3,120,73,48,60,133,35,98,107,16,34,19,91" hai1="80,58,62,37,101,4,6,111,26,64,77,50,135" hai2="65,127,103,10,74,2,40,32,105,68,55,42,125" hai3="44,41,118,38,124,128,88,29,79,92,70,129,113"/><U130/><E37/><V27/><F74/><W14/><G113/><T0/><D73/><U39/><E39/><V82/><F82/><W110/><G79/><T84/><D133/><U117/><E117/><V121/><F121/><W33/><G70/><T131/><D131/><N who="3" m="50249" /><G110/><T126/><D126/><N who="2" m="48138" /><F55/><W86/><G124/><T22/><D19/><U67/><E130/><V15/><F2/><W106/><G106/><T46/><D60/><U54/><E135/><V66/><F105/><W8/><G118/><T83/><D0/><U99/><E111/><V47/><F103/><W36/><G36/><T89/><D3/><U51/><E64/><N who="2" m="24683" /><F68/><W53/><G53/><T69/><D69/><U109/><E109/><V90/><F90/><W102/><G102/><T18/><D91/><U115/><E77/><V104/><F104/><W100/><G100/><T122/><D107/><U61/><E101/><V23/><F32/><W45/><G45/><T59/><D46/><U116/><E54/><V95/><F95/><W5/><G33/><T97/><D35/><U57/><E67/><V75/><F47/><W123/><G123/><T78/><D34/><U11/><E116/><V81/><F81/><W17/><G29/><T71/><D71/><U7/><E80/><V24/><F75/><W1/><G1/><T134/><D134/><U96/><E115/><V93/><F93/><W28/><G28/><T94/><D120/><U13/><E58/><V12/><F12/><W119/><G119/><T9/><D83/><U63/><E57/><V85/><F15/><W49/><G38/><T112/><D122/><RYUUKYOKU ba="1,0" sc="347,-10,258,-10,177,-10,218,30" hai3="5,8,14,17,41,44,49,86,88,92" />
</Scene>
<Scene>
<INIT seed="2,2,0,4,2,34" ten="337,248,167,248" oya="2" hai0="104,8,57,19,129,95,9,66,16,47,25,113,134" hai1="132,81,59,85,22,27,121,124,120,80,106,3,36" hai2="127,70,102,13,123,50,29,11,75,30,71,93,107" hai3="53,44,133,116,49,94,112,126,40,61,55,74,4"/><V89/><F123/><N who="1" m="47177" /><E106/><V60/><F75/><W26/><G116/><T131/><D104/><U119/><E119/><V90/><F127/><W5/><G74/><T18/><D113/><U78/><E36/><V99/><F50/><W48/><G126/><T6/><D134/><U111/><E124/><V125/><F125/><W2/><G133/><T15/><D47/><U76/><E132/><V17/><F90/><W58/><G112/><T65/><D25/><U32/><E32/><V110/><F110/><W14/><G2/><T82/><D82/><U72/><E59/><V37/><F37/><W122/><G122/><T28/><D28/><N who="1" m="17527" /><E111/><V10/><F10/><W87/><G26/><T91/><D9/><U7/><E7/><V52/><F71/><W114/><G14/><T83/><D83/><U45/><E45/><V92/><F107/><W118/><G118/><T46/><D46/><U33/><E33/><V84/><REACH who="2" step="1"/><F70/><REACH who="2" ten="337,248,157,248" step="2"/><W51/><G114/><T0/><D91/><U56/><E56/><AGARI ba="2,1" hai="11,13,17,29,30,52,56,60,84,89,92,93,99,102" machi="56" ten="40,12000,1" yaku="1,1,2,1,8,1,54,1,53,0" doraHai="34" doraHaiUra="39" who="2" fromWho="1" sc="337,0,248,-126,157,136,248,0" />
</Scene>
<Scene>
<INIT seed="2,3,0,3,1,114" ten="337,122,293,248" oya="2" hai0="14,7,15,21,52,51,83,98,42,59,6,110,40" hai1="93,31,96,97,126,48,67,69,100,122,86,22,125" hai2="107,82,134,81,27,41,103,79,13,9,94,132,63" hai3="85,24,46,95,28,26,91,84,54,62,109,4,89"/><V71/><F107/><W53/><G109/><T43/><D110/><U0/><E0/><V47/><F27/><W123/><G123/><T90/><D15/><U111/><E111/><V87/><F103/><W60/><G4/><T55/><D55/><U30/><E122/><V57/><F71/><W12/><G12/><T16/><D98/><U73/><E73/><V101/><F101/><W113/><G113/><T49/><D49/><U117/><E96/><V80/><F94/><W25/><G28/><N who="1" m="10794" /><E22/><V108/><F108/><W105/><G105/><T23/><D23/><U118/><E48/><N who="2" m="26735" /><F134/><W36/><G36/><T128/><D128/><U135/><E135/><V35/><F35/><W1/><G1/><T37/><D37/><U130/><E130/><V29/><F29/><W75/><G75/><T58/><D58/><U131/><E131/><V34/><F34/><W2/><G2/><T66/><D66/><U99/><E99/><V64/><F132/><W20/><G20/><T74/><D74/><U116/><E67/><V38/><F38/><W133/><G133/><T50/><D50/><U112/><E112/><V56/><F56/><W18/><G18/><AGARI ba="3,0" hai="9,13,18,57,63,64,79,80,81,82,87" m="26735" machi="18" ten="30,1500,0" yaku="8,1" doraHai="114" who="2" fromWho="3" sc="337,0,122,0,293,24,248,-24" />
</Scene>
<Scene>
<INIT seed="2,4,0,1,1,57" ten="337,122,317,224" oya="2" hai0="107,86,7,123,41,110,96,82,127,22,69,26,73" hai1="37,30,72,61,15,4,122,21,39,11,78,71,64" hai2="14,20,63,119,12,42,95,8,76,126,74,112,81" hai3="94,28,121,45,108,29,130,19,91,124,68,120,109"/><V52/><F112/><W0/><G45/><T98/><D123/><N who="3" m="47177" /><G68/><T66/><D110/><N who="3" m="42601" /><G124/><T102/><D7/><U16/><E30/><V1/><F126/><W56/><G56/><T31/><D41/><U27/><REACH who="1" step="1"/><E122/><REACH who="1" ten="337,112,317,224" step="2"/><V125/><F125/><W10/><G130/><T100/><D31/><U38/><E38/><V18/><F119/><W59/><G29/><T58/><D127/><U93/><E93/><V49/><F95/><W54/><G28/><T113/><D113/><U3/><E3/><V32/><F1/><W17/><G0/><T48/><D107/><U13/><E13/><V43/><F32/><W79/><G79/><T5/><D26/><U99/><E99/><V67/><F14/><W117/><G117/><T62/><D98/><U65/><E65/><V47/><REACH who="2" step="1"/><F8/><REACH who="2" ten="337,112,307,224" step="2"/><W118/><G118/><T51/><D22/><U114/><E114/><V70/><AGARI ba="4,2" hai="12,18,20,42,43,47,49,52,63,67,70,74,76,81" machi="70" ten="20,18000,2" yaku="1,1,2,1,0,1,7,1,52,1,54,1,53,0" doraHai="57" doraHaiUra="128" who="2" fromWho="2" sc="337,-64,112,-64,307,212,224,-64" />
</Scene>
<Scene>
<INIT seed="2,5,0,0,1,101" ten="273,48,519,160" oya="2" hai0="31,88,43,5,116,14,99,68,3,78,92,7,58" hai1="75,114,121,129,83,130,10,62,100,0,51,24,30" hai2="135,122,112,115,2,17,53,93,86,13,61,18,64" hai3="89,132,59,104,37,63,98,119,54,39,45,38,56"/><V97/><F2/><W52/><G89/><T42/><D68/><U34/><E114/><V35/><F122/><W6/><G6/><T131/><D131/><N who="1" m="50187" /><E121/><V60/><F35/><W117/><G132/><T69/><D69/><U32/><E100/><V82/><F135/><W28/><G28/><T67/><D31/><U21/><E62/><V23/><F112/><W87/><G87/><T49/><D3/><U50/><E75/><V65/><F115/><W126/><G126/><T79/><D7/><N who="1" m="1383" /><E83/><V76/><F61/><N who="3" m="35975" /><G98/><T47/><D116/><N who="3" m="44617" /><G104/><T113/><D113/><U33/><AGARI ba="5,0" hai="21,24,30,32,33,34,50,51" m="1383,50187" machi="33" ten="40,1500,0" yaku="19,1" doraHai="101" who="1" fromWho="1" sc="273,-9,48,30,519,-12,160,-9" />
</Scene>
<Scene>
<INIT seed="3,0,0,2,3,106" ten="264,78,507,151" oya="3" hai0="1,53,68,80,78,111,129,6,79,87,37,41,7" hai1="86,52,107,82,120,65,70,3,4,83,130,50,123" hai2="90,100,115,84,135,121,19,10,94,67,33,39,16" hai3="54,88,29,102,71,8,45,128,131,46,55,63,96"/><W44/><G29/><T51/><D68/><U32/><E107/><V13/><F115/><W117/><G8/><T23/><D111/><U59/><E32/><V76/><F33/><W40/><G102/><T104/><D129/><N who="3" m="49737" /><G117/><T113/><D104/><U101/><E101/><V36/><F135/><W28/><G28/><T134/><D134/><U12/><E3/><V43/><F121/><W47/><G88/><T62/><D1/><U49/><E130/><V34/><F34/><W26/><G26/><T125/><D79/><U9/><E49/><V66/><F100/><W64/><G96/><T118/><D51/><AGARI ba="0,0" hai="40,44,45,46,47,51,54,55,63,64,71" m="49737" machi="51" ten="30,5800,0" yaku="19,1,34,2" doraHai="106" who="3" fromWho="0" sc="264,-58,78,0,507,0,151,58" />
</Scene>
<Scene>
<INIT seed="3,1,0,3,3,86" ten="206,78,507,209" oya="3" hai0="24,88,107,84,18,7,55,132,28,134,16,8,100" hai1="122,113,118,103,12,133,95,38,114,127,48,76,106" hai2="116,92,119,126,68,130,39,20,33,97,17,43,124" hai3="69,94,102,125,101,67,13,5,117,63,131,41,115"/><W53/><G115/><N who="1" m="44042" /><E38/><V49/><F39/><W25/><G125/><N who="2" m="48233" /><F68/><W30/><G41/><T31/><D100/><U52/><E127/><V128/><F33/><W19/><G5/><T27/><D107/><U99/><E122/><V83/><F49/><W75/><G75/><T15/><D55/><U71/><E71/><V44/><F44/><W4/><G4/><T62/><D62/><U2/><E2/><V34/><F43/><W61/><G131/><N who="2" m="50217" /><F34/><W65/><G53/><T79/><D79/><U91/><E133/><N who="0" m="51305" /><D24/><U3/><E3/><V109/><F109/><W72/><G72/><T85/><D85/><N who="1" m="52719" /><E76/><V105/><F105/><W74/><G74/><T22/><D7/><U23/><E118/><V87/><F87/><W14/><G117/><T21/><D21/><U111/><E111/><V47/><F47/><W40/><G40/><T123/><D123/><U120/><E120/><V54/><F54/><W81/><G69/><T64/><D64/><U121/><E121/><V129/><F83/><AGARI ba="1,0" hai="8,15,16,18,22,27,28,31,83,84,88" m="51305" machi="83" ten="30,7700,0" yaku="20,1,52,1,54,2" doraHai="86" who="0" fromWho="2" sc="206,80,78,0,507,-80,209,0" />
</Scene>
<Scene>
<INIT seed="4,0,0,0,1,30" ten="286,78,427,209" oya="0" hai0="46,89,64,84,33,92,126,107,103,79,40,38,57" hai1="76,17,128,117,4,8,63,114,135,98,19,50,96" hai2="27,68,72,75,83,80,1,37,21,85,77,35,123" hai3="34,16,10,31,134,0,97,99,118,61,2,124,11"/><T90/><D33/><U86/><E117/><V127/><F123/><W42/><G42/><T108/><D126/><U110/><E110/><V59/><F68/><W56/><G118/><T82/><D108/><U54/><E135/><V101/><F127/><W67/><G124/><T52/><D64/><U88/><E128/><V133/><F133/><W109/><G109/><T95/><D107/><U111/><E111/><V51/><F37/><W26/><G134/><T94/><REACH who="0" step="1"/><D103/><REACH who="0" ten="276,78,427,209" step="2"/><U69/><E114/><V62/><F35/><W29/><G29/><T102/><D102/><U48/><E69/><V47/><F101/><W18/><G2/><T66/><D66/><U73/><E96/><V58/><F1/><W13/><REACH who="3" step="1"/><G18/><REACH who="3" ten="276,78,427,199" step="2"/><T7/><D7/><AGARI ba="0,2" hai="0,7,10,11,13,16,26,31,34,56,61,67,97,99" machi="7" ten="40,8000,1" yaku="1,1,2,1,52,1,54,1,53,1" doraHai="30" doraHaiUra="15" who="3" fromWho="0" sc="276,-80,78,0,427,0,199,100" />
</Scene>
<Scene>
<INIT seed="5,0,0,4,2,22" ten="196,78,427,299" oya="1" hai0="3,90,23,42,31,111,58,81,101,64,62,45,125" hai1="65,47,69,93,79,106,82,97,127,25,57,5,41" hai2="54,74,108,102,117,33,72,18,40,9,129,134,36" hai3="91,112,43,19,48,85,8,32,126,70,135,63,130"/><U26/><E69/><V86/><F117/><W71/><G32/><T98/><D111/><U61/><E106/><V132/><F108/><W116/><G126/><T87/><D3/><U0/><E127/><V124/><F124/><W2/><G130/><T35/><D35/><U133/><E133/><N who="2" m="51307" /><F33/><W24/><G116/><T56/><D56/><U14/><E0/><V119/><F119/><W12/><G2/><T121/><D121/><U11/><E93/><V1/><F129/><W39/><G39/><T27/><D125/><U114/><E97/><V107/><F107/><W68/><G112/><T75/><D75/><U115/><E115/><V44/><F102/><W60/><G24/><T50/><D98/><U76/><E114/><V17/><F54/><W78/><G78/><T21/><D21/><U38/><REACH who="1" step="1"/><E76/><REACH who="1" ten="196,68,427,299" step="2"/><V13/><F1/><W83/><G135/><T105/><D105/><U7/><E7/><V89/><F74/><AGARI ba="0,1" hai="5,11,14,25,26,38,41,47,57,61,65,74,79,82" machi="74" ten="30,12000,1" yaku="1,1,7,1,52,2,53,1" doraHai="22" doraHaiUra="59" who="1" fromWho="2" sc="196,0,68,130,427,-120,299,0" />
</Scene>
<Scene>
<INIT seed="5,1,0,5,5,51" ten="196,198,307,299" oya="1" hai0="11,37,8,47,122,4,69,109,105,18,96,26,49" hai1="2,6,1,124,132,106,48,35,30,45,128,17,83" hai2="127,60,84,86,101,31,104,131,54,82,7,120,111" hai3="103,78,39,113,108,80,50,14,61,25,55,102,100"/><U5/><E106/><V98/><F120/><W3/><G39/><T88/><D109/><U118/><E118/><V95/><F111/><W22/><G3/><T119/><D122/><U75/><E35/><V67/><F127/><W90/><G113/><T42/><D69/><U89/><E30/><V76/><F131/><W114/><G114/><T72/><D72/><U97/><E128/><V85/><F31/><W40/><G40/><T36/><D119/><U129/><E129/><V10/><F54/><W77/><G14/><T73/><D73/><U43/><E124/><V58/><REACH who="2" step="1"/><F104/><REACH who="2" ten="196,198,297,299" step="2"/><W121/><G108/><T81/><D105/><U92/><E132/><V62/><F62/><W126/><G126/><T53/><D53/><U135/><E135/><V59/><F59/><N who="3" m="33271" /><G61/><T23/><D42/><U33/><E33/><V87/><F87/><N who="3" m="50535" /><G121/><T29/><D47/><U24/><E75/><V93/><F93/><W46/><G46/><T94/><D94/><U130/><E130/><V115/><F115/><W28/><AGARI ba="1,1" hai="22,25,28,77,78,100,102,103" m="50535,33271" machi="28" ten="30,2000,0" yaku="8,1,52,1" doraHai="51" who="3" fromWho="3" sc="196,-6,198,-11,297,-6,299,33" />
</Scene>
<Scene>
<INIT seed="6,0,0,4,2,8" ten="190,187,291,332" oya="2" hai0="115,42,94,16,67,112,20,131,6,2,23,1,109" hai1="58,39,19,55,24,124,57,83,31,122,33,54,22" hai2="9,13,87,71,49,29,48,86,99,110,72,28,18" hai3="80,119,63,128,125,135,51,40,53,11,85,62,17"/><V118/><F72/><W41/><G119/><T134/><D42/><N who="3" m="16489" /><G125/><T77/><D77/><U89/><E39/><V27/><F71/><W88/><G128/><T68/><D68/><U12/><E124/><V15/><F118/><W36/><G36/><T74/><D74/><U10/><E122/><V133/><F133/><W34/><G34/><T101/><D67/><U91/><E83/><V14/><F110/><W108/><G108/><T104/><D104/><U65/><E65/><V102/><F102/><W121/><G121/><T100/><D100/><U26/><E57/><V78/><F99/><W7/><G7/><T114/><D109/><U5/><REACH who="1" step="1"/><E54/><REACH who="1" ten="190,177,291,332" step="2"/><V92/><F78/><W30/><G135/><T116/><D134/><U25/><E25/><V120/><F27/><W111/><G111/><T52/><D52/><U82/><E82/><V43/><F120/><W84/><G63/><AGARI ba="0,1" hai="5,10,12,19,22,24,26,31,33,55,58,63,89,91" machi="63" ten="30,3900,0" yaku="1,1,7,1,52,1,53,0" doraHai="8" doraHaiUra="98" who="1" fromWho="3" sc="190,0,177,49,291,0,332,-39" />
</Scene>
<Scene>
<INIT seed="7,0,0,5,4,53" ten="190,226,291,293" oya="3" hai0="86,62,125,57,80,119,50,102,28,64,23,45,82" hai1="117,114,108,83,66,17,67,19,134,43,97,123,85" hai2="5,104,135,95,52,44,110,130,59,88,69,16,55" hai3="127,129,18,6,126,34,49,124,56,87,11,21,96"/><W70/><G70/><T22/><D125/><U79/><E108/><V122/><F110/><W132/><G34/><T99/><D119/><U33/><E33/><V12/><F104/><W9/><G129/><T89/><D28/><U61/><E117/><V100/><F69/><W111/><G111/><T46/><D82/><U39/><E123/><V116/><F116/><W131/><G131/><T76/><D76/><U72/><E114/><V37/><F130/><W8/><G132/><T121/><D121/><U71/><E67/><V65/><F135/><W26/><G96/><T118/><D118/><U58/><E134/><V106/><F106/><W3/><G87/><T90/><D90/><U74/><E97/><N who="2" m="59455" /><F37/><W51/><G51/><T0/><D0/><U63/><E43/><V47/><F5/><W120/><G120/><T35/><D35/><U32/><E39/><V13/><F13/><W93/><G93/><N who="0" m="58735" /><D46/><N who="2" m="17450" /><F88/><W25/><G25/><T84/><D84/><U68/><E32/><V4/><F4/><W29/><G29/><T128/><D128/><U98/><E98/><V40/><F40/><AGARI ba="0,0" hai="22,23,40,45,50,57,62,64,80,86,89" m="58735" machi="40" ten="30,2000,0" yaku="8,1,52,1" doraHai="53" who="0" fromWho="2" sc="190,20,226,0,291,-20,293,0" />
</Scene>
<Scene>
<INIT seed="8,0,0,3,2,13" ten="210,226,271,293" oya="0" hai0="78,126,4,107,95,113,63,32,109,23,40,3,42" hai1="11,98,93,99,97,110,89,2,105,39,17,1,49" hai2="106,76,120,14,43,86,108,88,80,37,82,38,5" hai3="41,122,130,125,19,119,87,59,114,68,100,45,52"/><T91/><D109/><U58/><E39/><V22/><F108/><W10/><G68/><T20/><D107/><U112/><E110/><V7/><F106/><W135/><G114/><T26/><D113/><U79/><E112/><V134/><F120/><W25/><G100/><T96/><D126/><U18/><E79/><V103/><F103/><W127/><G130/><T85/><D32/><U12/><E105/><V0/><F134/><W55/><G135/><T21/><D3/><U53/><REACH who="1" step="1"/><E18/><REACH who="1" ten="210,216,271,293" step="2"/><V27/><F38/><N who="3" m="21687" /><G122/><T64/><D4/><U121/><E121/><V16/><F37/><W75/><G19/><T131/><D131/><U67/><E67/><V71/><F5/><W62/><G127/><T124/><D124/><U94/><E94/><V117/><F7/><W116/><G125/><T128/><D128/><U60/><E60/><V56/><F16/><W72/><G116/><T118/><D118/><U101/><E101/><V50/><F117/><W104/><G104/><T129/><D129/><U8/><E8/><V102/><F102/><W90/><G10/><T81/><REACH who="0" step="1"/><D26/><REACH who="0" ten="200,216,271,293" step="2"/><U70/><E70/><AGARI ba="0,2" hai="20,21,23,40,42,63,64,70,78,81,85,91,95,96" machi="70" ten="40,7700,0" yaku="1,1,2,1,53,1" doraHai="13" doraHaiUra="77" who="0" fromWho="1" sc="200,97,216,-77,271,0,293,0" />
</Scene>
<Scene>
<INIT seed="8,1,0,0,1,130" ten="297,139,271,293" oya="0" hai0="63,15,68,73,72,30,8,78,71,34,1,31,64" hai1="14,120,60,58,123,46,38,70,104,0,21,44,57" hai2="79,83,69,94,107,36,129,85,106,32,134,18,76" hai3="66,131,56,90,110,121,115,119,132,48,7,100,82"/><T6/><D68/><U53/><E0/><V117/><F69/><W42/><G110/><T116/><D116/><U122/><E104/><N who="2" m="39979" /><F18/><W84/><G115/><T4/><D4/><U47/><E21/><V28/><F36/><W33/><G33/><T105/><D78/><N who="2" m="29738" /><F28/><W26/><G131/><T135/><D135/><U10/><E70/><V37/><F32/><W9/><G132/><T93/><D93/><U88/><E57/><V111/><F37/><W101/><G121/><T54/><D54/><U87/><E38/><V67/><F67/><W39/><G39/><T124/><D124/><U113/><E113/><V125/><F129/><W19/><G119/><T80/><D80/><U86/><REACH who="1" step="1"/><E88/><REACH who="1" ten="297,129,271,293" step="2"/><N who="2" m="51263" /><F117/><W112/><G112/><T17/><D105/><U62/><E62/><V109/><F134/><W126/><G126/><T51/><D51/><U99/><E99/><V59/><F59/><W45/><G56/><T65/><D34/><U95/><E95/><V52/><F125/><W133/><G66/><T12/><D65/><U49/><E49/><V98/><F52/><W41/><G133/><T118/><D118/><U77/><E77/><V55/><F55/><W97/><G42/><T20/><D1/><U103/><E103/><AGARI ba="1,1" hai="94,98,103,109,111" m="51263,29738,39979" machi="103" ten="30,3900,0" yaku="34,2,54,1" doraHai="130" who="2" fromWho="1" sc="297,0,129,-42,271,52,293,0" owari="297,10.0,87,-41.0,323,42.0,293,-11.0" />
</Scene>
</mjloggm>