<mjloggm ver="2.3"><GO type="169" lobby="0"/><UN n0="%E3%82%8B%E3%81%84%E3%81%9A%E3%81%85%E3%81%86%E3%81%82%E3%81%81%E3%81%82" n1="%E5%A4%AA%E3%81%8F%E3%81%AA%E3%81%84%E3%81%8A" n2="%73%6F%64%6F%72" n3="%E3%83%8D%E3%83%BC%E3%83%A0%E3%83%AC%E3%82%B9%EF%BC%97" dan="17,17,16,16" rate="2176.30,2180.23,2087.96,2065.94" sx="F,M,M,M"/><TAIKYOKU oya="0"/>

<Scene>
<INIT seed="0,0,0,0,3,48" ten="250,250,250,250" oya="0" hai0="66,120,13,59,104,9,24,112,94,49,3,119,21" hai1="87,67,102,132,42,88,34,82,7,80,18,107,15" hai2="105,14,85,108,126,28,106,51,44,77,92,131,46" hai3="2,79,103,90,65,56,84,117,10,95,97,4,62"/><T124/><D104/><U89/><E34/><V41/><F108/><W71/><G117/><T115/><D119/><U100/><E132/><V121/><F121/><W68/><REACH who="3" step="1"/><G79/><REACH who="3" ten="250,250,250,240" step="2"/><T30/><D120/><U22/><E107/><AGARI ba="0,1" hai="2,4,10,56,62,65,68,71,84,90,95,97,103,107" machi="107" ten="30,3900,0" yaku="1,1,2,1,7,1,53,0" doraHai="48" doraHaiUra="12" who="3" fromWho="1" sc="250,0,250,-39,250,0,240,49" />
</Scene>
<Scene>
<INIT seed="1,0,0,2,2,67" ten="250,211,250,289" oya="1" hai0="116,104,68,40,33,98,9,115,57,7,133,74,56" hai1="130,95,13,10,44,89,23,106,84,120,48,0,73" hai2="111,132,69,109,46,134,79,114,42,103,54,117,87" hai3="75,124,100,93,72,129,126,85,127,52,128,31,15"/><U53/><E120/><V91/><F103/><W47/><G31/><T39/><D116/><U64/><E106/><V90/><F117/><W1/><G1/><T29/><D115/><U21/><E73/><N who="3" m="28234" /><G15/><T41/><D74/><U110/><E0/><V30/><F30/><W99/><G85/><T22/><D33/><U107/><E107/><V59/><F114/><W55/><G47/><T86/><D86/><U94/><E130/><AGARI ba="0,0" hai="52,55,93,99,100,124,126,127,128,129,130" m="28234" machi="130" ten="40,5200,0" yaku="18,1,19,1,54,1" doraHai="67" who="3" fromWho="1" sc="250,0,211,-52,250,0,289,52" />
</Scene>
<Scene>
<INIT seed="2,0,0,4,1,34" ten="250,159,250,341" oya="2" hai0="122,58,57,7,30,9,81,15,105,63,12,5,117" hai1="32,28,44,90,52,102,1,125,37,29,25,124,14" hai2="93,13,130,109,98,0,132,24,17,79,87,76,134" hai3="131,89,115,116,121,53,82,20,21,54,60,36,33"/><V39/><F39/><W62/><G116/><T31/><D105/><U103/><E28/><V99/><F130/><W8/><G121/><T107/><D107/><U40/><E14/><V85/><F24/><W67/><G33/><T45/><D122/><U27/><E27/><V55/><F55/><W19/><G36/><T72/><D117/><U2/><E90/><V119/><F119/><W127/><G127/><N who="1" m="48714" /><E52/><V47/><F47/><W129/><G115/><T49/><D72/><U78/><E78/><N who="2" m="29739" /><F0/><AGARI ba="0,0" hai="0,1,2,25,29,32,37,40,44,102,103" m="48714" machi="0" ten="30,7700,0" yaku="18,1,52,3" doraHai="34" who="1" fromWho="2" sc="250,0,159,77,250,-77,341,0" />
</Scene>
<Scene>
<INIT seed="3,0,0,5,5,68" ten="250,236,173,341" oya="3" hai0="71,90,58,7,56,126,75,98,67,107,93,8,4" hai1="60,57,121,113,37,21,84,30,104,82,74,124,1" hai2="28,10,78,115,22,95,77,17,26,25,110,6,15" hai3="61,106,125,120,64,117,33,27,11,96,9,18,51"/><W35/><G117/><T87/><D126/><U40/><E113/><V89/><F115/><W42/><G120/><T130/><D75/><U128/><E121/><V97/><REACH who="2" step="1"/><F110/><REACH who="2" ten="250,236,163,341" step="2"/><W116/><G116/><T132/><D130/><U3/><E124/><V119/><F119/><W38/><G125/><T46/><D132/><U92/><E128/><V12/><F12/><W53/><G27/><T43/><D4/><U118/><E118/><V76/><F76/><W88/><G35/><AGARI ba="0,1" hai="6,10,15,17,22,25,26,28,35,77,78,89,95,97" machi="35" ten="30,2000,0" yaku="1,1,7,1,53,0" doraHai="68" doraHaiUra="69" who="2" fromWho="3" sc="250,0,236,0,163,30,341,-20" />
</Scene>
<Scene>
<INIT seed="4,0,0,5,0,65" ten="250,236,193,321" oya="0" hai0="119,79,114,14,86,11,82,0,120,91,101,60,96" hai1="121,34,70,54,41,99,50,103,73,116,112,110,100" hai2="22,12,105,43,130,3,46,61,55,74,131,113,128" hai3="1,18,135,42,132,2,85,88,63,71,80,5,37"/><T19/><D120/><U107/><E121/><V30/><F74/><W118/><G118/><T64/><D119/><U92/><E116/><V4/><F105/><W66/><G18/><T25/><D0/><U134/><E110/><V35/><F113/><W97/><G97/><T102/><D25/><U72/><E34/><V75/><F75/><W51/><G37/><T109/><D109/><U44/><E134/><N who="3" m="51242" /><G5/><T59/><D114/><U83/><E112/><V45/><F35/><W26/><G26/><T49/><D49/><U7/><E7/><V13/><F3/><W39/><G39/><T81/><REACH who="0" step="1"/><D96/><REACH who="0" ten="240,236,193,321" step="2"/><U56/><E99/><V78/><F131/><W89/><G1/><T123/><D123/><U124/><E50/><V24/><F130/><W76/><G2/><T38/><D38/><U40/><E124/><V29/><F128/><W106/><G106/><T58/><D58/><U68/><E56/><V93/><F46/><AGARI ba="0,1" hai="42,46,51,63,66,71,76,80,85,88,89" m="51242" machi="46" ten="30,3900,0" yaku="20,1,52,1,54,1" doraHai="65" who="3" fromWho="2" sc="240,0,236,0,193,-39,321,49" />
</Scene>
<Scene>
<INIT seed="5,0,0,3,0,18" ten="240,236,154,370" oya="1" hai0="42,115,81,125,88,26,132,80,51,127,133,32,3" hai1="37,58,63,97,91,62,1,78,50,49,108,9,17" hai2="11,79,6,84,129,102,8,25,65,45,74,70,113" hai3="75,76,114,103,60,7,126,54,56,24,47,100,124"/><U4/><E37/><V112/><F129/><W106/><G114/><N who="2" m="44137" /><F74/><W134/><G134/><N who="0" m="51819" /><D115/><U96/><E108/><V19/><F102/><W105/><G7/><T67/><D3/><U22/><E78/><V99/><F45/><W104/><G24/><T95/><D67/><U15/><E63/><N who="2" m="40255" /><F99/><W66/><G47/><N who="0" m="26103" /><D26/><N who="1" m="14671" /><E1/><V110/><F110/><W33/><G33/><T21/><D21/><U27/><E27/><V119/><F119/><W120/><G120/><T12/><D12/><U98/><E91/><V5/><F25/><W57/><G76/><T0/><D32/><U38/><E38/><V16/><F84/><W40/><G75/><T82/><D0/><U122/><E122/><V48/><F48/><N who="3" m="30791" /><G40/><T30/><D30/><U41/><E41/><V46/><F46/><W13/><G13/><T53/><D53/><AGARI ba="0,0" hai="4,9,15,49,50,53,58,62,96,97,98" m="14671" machi="53" ten="30,2900,0" yaku="8,1,52,1" doraHai="18" who="1" fromWho="0" sc="240,-29,236,29,154,0,370,0" />
</Scene>
<Scene>
<INIT seed="5,1,0,2,5,44" ten="211,265,154,370" oya="1" hai0="22,113,99,90,11,77,46,118,34,129,107,45,52" hai1="41,68,12,125,54,24,48,67,109,70,95,92,14" hai2="110,115,80,108,25,102,73,37,23,4,30,75,130" hai3="9,72,63,15,103,117,8,64,21,84,127,101,35"/><U65/><E41/><V134/><F37/><W47/><G72/><T61/><D118/><U96/><E125/><V40/><F134/><W31/><G127/><T78/><D34/><U133/><E133/><V66/><F130/><W51/><G117/><T58/><D129/><U33/><E109/><V49/><F102/><W82/><G35/><T116/><D116/><U104/><E104/><V50/><F115/><W128/><G128/><T6/><D113/><U111/><E111/><V114/><F110/><W83/><G21/><T131/><D131/><U97/><E33/><V124/><F108/><W69/><G31/><T81/><D22/><U57/><E24/><V93/><F124/><W42/><G8/><T10/><D10/><U53/><REACH who="1" step="1"/><E57/><REACH who="1" ten="211,255,154,370" step="2"/><V120/><F114/><W106/><G106/><T123/><D107/><U38/><E38/><V87/><F120/><W32/><G32/><T79/><D58/><U98/><E98/><V74/><F40/><W91/><G83/><T1/><D99/><U132/><E132/><V20/><F93/><W135/><G135/><T88/><D81/><U86/><E86/><V126/><F126/><W36/><G36/><T16/><D123/><U5/><E5/><AGARI ba="1,1" hai="5,9,15,42,47,51,63,64,69,82,84,91,101,103" machi="5" ten="30,2000,0" yaku="7,1,52,1" doraHai="44" who="3" fromWho="1" sc="211,0,255,-23,154,0,370,33" />
</Scene>
<Scene>
<INIT seed="6,0,0,4,5,83" ten="211,232,154,403" oya="2" hai0="49,125,36,81,7,118,68,15,63,51,66,135,74" hai1="113,108,5,65,48,37,126,52,10,22,105,19,101" hai2="30,71,92,56,130,86,109,112,104,12,76,2,96" hai3="107,82,115,47,20,93,98,103,57,80,18,123,60"/><V34/><F2/><W97/><G123/><T111/><D111/><U35/><E35/><V50/><F104/><W78/><G115/><T24/><D36/><U13/><E108/><V116/><F109/><W8/><G8/><T87/><D74/><U120/><E37/><V117/><F71/><W6/><G6/><T134/><D24/><U69/><E113/><V75/><F112/><W100/><G47/><T119/><D125/><U39/><E39/><V44/><F75/><W21/><G78/><N who="0" m="46519" /><D15/><U23/><E126/><V0/><F0/><W121/><G20/><T84/><D7/><U90/><E120/><V46/><F130/><W79/><G79/><T85/><D51/><U99/><E90/><V132/><F132/><N who="0" m="50730" /><D49/><U28/><E28/><V9/><F30/><W133/><G133/><T38/><D38/><U64/><E69/><V95/><F34/><W42/><G42/><T26/><D26/><U25/><E23/><V16/><F116/><AGARI ba="0,0" hai="63,66,68,84,85,116,118,119" m="50730,46519" machi="116" ten="30,8000,1" yaku="12,1,20,1,52,3" doraHai="83" who="0" fromWho="2" sc="211,80,232,0,154,-80,403,0" />
</Scene>
<Scene>
<INIT seed="7,0,0,2,4,72" ten="291,232,74,403" oya="3" hai0="11,28,87,100,14,81,120,35,68,41,82,31,16" hai1="21,119,3,84,55,111,96,20,9,15,26,56,129" hai2="57,0,128,91,125,110,86,117,22,6,80,134,106" hai3="2,108,102,113,93,60,45,65,94,67,105,90,109"/><W92/><G113/><T47/><D120/><U25/><E111/><N who="3" m="42570" /><G2/><T10/><D68/><U40/><E3/><V104/><F117/><W48/><G90/><T63/><D63/><U4/><E129/><V132/><F57/><W38/><G38/><T71/><D71/><U43/><E96/><V124/><F22/><W66/><G105/><T39/><D81/><U64/><E64/><V8/><F8/><W70/><G102/><T85/><D85/><U58/><E119/><V46/><F46/><W83/><G83/><T76/><D35/><U135/><E135/><N who="2" m="51755" /><F110/><W27/><G27/><T59/><D59/><U62/><E56/><V51/><F51/><W89/><G89/><T99/><REACH who="0" step="1"/><D11/><REACH who="0" ten="281,232,74,403" step="2"/><U44/><E44/><V118/><F118/><W19/><G70/><T79/><D79/><U74/><E40/><V30/><F30/><W112/><G60/><T122/><D122/><U78/><E43/><V115/><F0/><W17/><G112/><T50/><D50/><U52/><E55/><AGARI ba="0,1" hai="17,19,45,48,55,65,66,67,92,93,94" m="42570" machi="55" ten="40,2000,0" yaku="10,1" doraHai="72" who="3" fromWho="1" sc="281,0,232,-20,74,0,403,30" owari="281,8.0,212,-19.0,74,-43.0,433,54.0" />
</Scene>
</mjloggm>