<mjloggm ver="2.3"><GO type="169" lobby="0"/><UN n0="%E9%BE%8D%E9%96%80%E6%B8%95%E9%AB%98%E6%A0%A1%E7%B7%8F%E5%90%88" n1="%E5%A4%AA%E3%81%8F%E3%81%AA%E3%81%84%E3%81%8A" n2="%79%6F%6A%6F" n3="%E3%81%86%E3%81%AA%E3%81%8E" dan="16,17,16,16" rate="2114.55,2245.55,2167.81,2066.40" sx="M,F,F,F"/><TAIKYOKU oya="0"/>

<Scene>
<INIT seed="0,0,0,1,5,43" ten="250,250,250,250" oya="0" hai0="35,105,44,65,78,70,72,84,17,77,110,51,23" hai1="50,115,42,24,38,63,2,114,6,106,117,118,96" hai2="81,57,116,131,75,76,73,91,71,61,128,112,109" hai3="4,47,55,5,13,95,27,8,94,48,7,67,29"/><T111/><D35/><U0/><E50/><V93/><F112/><N who="1" m="43049" /><E24/><V36/><F36/><W120/><G67/><T80/><D105/><U85/><E85/><V25/><F71/><W53/><G120/><T121/><D121/><U32/><E32/><V89/><F109/><N who="0" m="41482" /><D65/><U52/><E52/><N who="2" m="33959" /><F25/><W58/><G27/><N who="0" m="14831" /><D70/><U64/><E96/><V9/><F9/><W119/><G29/><T122/><D122/><U30/><E30/><V10/><F10/><W101/><G119/><T99/><D99/><U133/><E106/><V28/><F28/><W102/><G8/><T56/><D56/><U1/><E6/><V21/><F116/><W49/><REACH who="3" step="1"/><G13/><REACH who="3" ten="250,250,250,240" step="2"/><T31/><D31/><U124/><E117/><V92/><F21/><W22/><G22/><T15/><D15/><U127/><E118/><V12/><F12/><W16/><G16/><T59/><D59/><U132/><E64/><V3/><F3/><W11/><G11/><T104/><D104/><U18/><E18/><V100/><F131/><W19/><G19/><T129/><D129/><U62/><E1/><V37/><F128/><W98/><G98/><T46/><D51/><U125/><E2/><V54/><F37/><W74/><G74/><T33/><D33/><U135/><E0/><V79/><F73/><W14/><G14/><T83/><AGARI ba="0,1" hai="44,46,72,77,78,80,83,84" m="14831,41482" machi="83" ten="30,11700,0" yaku="14,1,10,1,52,2" doraHai="43" who="0" fromWho="0" sc="250,127,250,-39,250,-39,240,-39" />
</Scene>
<Scene>
<INIT seed="0,1,0,4,0,128" ten="377,211,211,201" oya="0" hai0="10,2,83,63,135,117,46,50,82,26,56,4,90" hai1="70,105,89,24,116,44,114,131,18,16,94,51,110" hai2="31,15,113,52,84,27,122,67,21,23,57,79,104" hai3="20,130,124,91,55,97,100,81,106,99,34,72,58"/><T87/><D117/><U68/><E105/><V66/><F122/><W5/><G34/><T119/><D119/><U73/><E116/><V127/><F104/><W115/><G5/><T25/><D83/><U107/><E107/><V33/><F33/><W60/><G130/><T69/><D69/><U17/><E131/><V43/><F127/><W109/><G124/><T80/><D82/><U102/><E73/><V6/><F43/><W19/><G109/><T88/><D90/><U101/><E110/><V76/><F113/><W37/><G37/><T42/><REACH who="0" step="1"/><D135/><REACH who="0" ten="367,211,211,201" step="2"/><U78/><E68/><V111/><F111/><W54/><G81/><T134/><D134/><U133/><E70/><V48/><F76/><W96/><G91/><T77/><D77/><U126/><E133/><V123/><F123/><W47/><G100/><T129/><D129/><U12/><E78/><V41/><F79/><W9/><G72/><T132/><D132/><U39/><E102/><V62/><F84/><W28/><G106/><T61/><D61/><U108/><E101/><V120/><F120/><W32/><G60/><T7/><D7/><U71/><E71/><V1/><F6/><W103/><G103/><T35/><D35/><U40/><E108/><V45/><F1/><W121/><G32/><T75/><D75/><U13/><E126/><V95/><F95/><W59/><G121/><T22/><D22/><N who="1" m="13383" /><E114/><V98/><F98/><W36/><G115/><T14/><D14/><N who="1" m="5739" /><E94/><V125/><F125/><W65/><G97/><T3/><D3/><U92/><E39/><V8/><F21/><W112/><G20/><RYUUKYOKU ba="1,1" sc="367,10,211,10,211,10,201,-30" hai0="2,4,10,25,26,42,46,50,56,63,80,87,88" hai1="17,18,40,44,51,89,92" hai2="8,15,23,27,31,41,45,48,52,57,62,66,67" />
</Scene>
<Scene>
<INIT seed="0,2,1,3,1,32" ten="377,221,221,171" oya="0" hai0="61,129,74,97,4,106,87,89,25,114,108,77,12" hai1="59,29,76,96,133,2,0,27,93,68,120,58,37" hai2="3,112,62,104,11,7,8,56,54,41,91,34,64" hai3="63,131,75,15,22,118,80,102,30,100,44,90,13"/><T57/><D114/><U109/><E120/><V128/><F112/><W52/><G118/><T85/><D129/><U38/><E68/><V94/><F104/><W124/><G131/><T20/><D74/><U60/><E76/><V95/><F34/><W135/><G135/><T88/><D106/><U67/><E133/><V50/><F128/><W127/><G13/><T84/><D77/><U42/><E109/><V122/><F122/><W46/><G46/><T47/><D47/><U9/><E58/><V5/><F41/><W72/><G72/><T18/><D108/><U14/><E42/><V45/><REACH who="2" step="1"/><F91/><REACH who="2" ten="377,221,211,171" step="2"/><W103/><G90/><T81/><D97/><U28/><E38/><V132/><F132/><W78/><G124/><T121/><D121/><U10/><E37/><V51/><F51/><W117/><G127/><T111/><D111/><U53/><E53/><V119/><F119/><W16/><G117/><T101/><D101/><U55/><E55/><V19/><F19/><W6/><G6/><T48/><D48/><U115/><E115/><V123/><F123/><W1/><G100/><T66/><REACH who="0" step="1"/><D89/><REACH who="0" ten="367,221,211,171" step="2"/><U21/><E96/><V69/><F69/><W70/><G70/><T99/><D99/><U98/><E98/><V17/><F17/><W126/><G102/><T39/><D39/><U116/><E116/><V113/><F113/><W35/><G103/><T31/><D31/><U43/><E29/><V86/><F86/><W134/><G134/><T40/><D40/><U105/><E43/><V49/><F49/><W36/><G36/><T79/><D79/><U92/><E105/><RYUUKYOKU ba="2,3" sc="367,15,221,-15,211,15,171,-15" hai0="4,12,18,20,25,57,61,66,81,84,85,87,88" hai2="3,5,7,8,11,45,50,54,56,62,64,94,95" />
</Scene>
<Scene>
<INIT seed="0,3,3,4,1,96" ten="382,206,226,156" oya="0" hai0="12,75,22,43,130,40,15,2,1,121,124,16,84" hai1="61,68,17,120,42,66,4,6,112,11,85,35,92" hai2="73,104,86,58,24,56,111,108,81,53,27,90,57" hai3="97,50,67,25,126,95,116,55,101,129,100,72,113"/><T28/><D75/><U76/><E120/><V33/><F104/><W13/><G116/><T31/><D121/><U110/><E35/><V23/><F73/><W45/><G72/><T64/><D64/><U70/><E70/><V63/><F33/><W20/><G113/><T123/><D123/><U8/><E42/><V18/><REACH who="2" step="1"/><F27/><REACH who="2" ten="382,206,216,156" step="2"/><W32/><G32/><T51/><D124/><U135/><E112/><V77/><F77/><W19/><G126/><T78/><D78/><U131/><E76/><V38/><F38/><W54/><G129/><T29/><D130/><U87/><E131/><V109/><AGARI ba="3,4" hai="18,23,24,53,56,57,58,63,81,86,90,108,109,111" machi="109" ten="30,4000,0" yaku="1,1,0,1,14,1,53,0" doraHai="96" doraHaiUra="114" who="2" fromWho="2" sc="382,-23,206,-13,216,89,156,-13" />
</Scene>
<Scene>
<INIT seed="1,0,0,1,4,126" ten="359,193,305,143" oya="1" hai0="125,75,25,132,108,14,5,93,16,45,53,101,31" hai1="77,129,116,98,10,44,104,79,19,110,29,78,124" hai2="118,82,36,60,105,50,133,123,122,92,55,8,56" hai3="39,43,17,88,37,15,35,96,48,64,54,63,115"/><U69/><E116/><V112/><F105/><W57/><G35/><T0/><D75/><U38/><E69/><V81/><F118/><W67/><G115/><T97/><D125/><U103/><E124/><V135/><F36/><W61/><G43/><T131/><D108/><U68/><E68/><V128/><F112/><W120/><G120/><T13/><D132/><N who="2" m="50762" /><F8/><W80/><G39/><T41/><D0/><U91/><E29/><V33/><F33/><W76/><G37/><T23/><D53/><U90/><E110/><V51/><F128/><W21/><G76/><T34/><D5/><U70/><E70/><V2/><F2/><W83/><G63/><T99/><D99/><U111/><E111/><V127/><F127/><W84/><G96/><T106/><D131/><U95/><E129/><V117/><F92/><N who="3" m="54279" /><G67/><T32/><D14/><N who="1" m="7639" /><E38/><V86/><F117/><W46/><AGARI ba="0,0" hai="15,17,21,46,48,54,57,61,64,80,83" m="54279" machi="46" ten="30,2000,0" yaku="8,1,54,1" doraHai="126" who="3" fromWho="3" sc="359,-5,193,-10,305,-5,143,20" />
</Scene>
<Scene>
<INIT seed="2,0,0,5,2,135" ten="354,183,300,163" oya="2" hai0="45,35,95,92,15,38,96,11,86,89,50,105,98" hai1="120,33,48,79,74,29,34,66,84,112,101,132,42" hai2="20,76,61,36,40,80,87,73,51,130,78,41,0" hai3="16,103,59,91,37,115,125,52,94,1,62,2,65"/><V107/><F107/><W121/><G121/><T117/><D35/><U10/><E74/><V126/><F126/><W44/><G125/><T58/><D117/><U119/><E119/><V110/><F130/><W88/><G115/><T75/><D75/><U18/><E66/><V104/><F104/><W109/><G109/><T118/><D118/><U54/><E42/><V43/><F36/><W6/><G6/><T131/><D131/><U28/><E101/><V133/><F133/><W13/><G2/><T3/><D3/><U114/><E132/><V123/><F123/><W116/><G1/><T83/><D38/><U71/><E71/><V5/><F20/><N who="3" m="11279" /><G37/><T128/><D105/><U68/><E68/><V19/><F5/><W99/><G116/><T23/><D23/><U22/><E79/><V90/><F0/><W100/><G100/><T57/><D128/><U93/><E10/><V26/><F110/><W32/><G32/><T122/><D122/><U127/><E120/><V82/><F61/><W47/><G47/><T30/><D30/><N who="1" m="11883" /><E127/><V60/><F60/><W9/><G9/><T17/><D96/><U111/><E111/><V4/><F4/><W8/><G8/><T85/><D85/><U124/><E124/><V113/><F73/><W25/><G25/><T14/><D15/><N who="1" m="9567" /><E33/><V31/><F31/><W108/><G108/><T129/><D129/><U53/><E34/><V21/><F26/><W69/><G69/><T63/><D63/><U72/><E72/><V81/><F113/><N who="1" m="43625" /><E48/><AGARI ba="0,0" hai="44,48,52,59,62,65,88,91,94,99,103" m="11279" machi="48" ten="30,7700,0" yaku="8,1,54,3" doraHai="135" who="3" fromWho="1" sc="354,0,183,-77,300,0,163,77" />
</Scene>
<Scene>
<INIT seed="3,0,0,1,1,72" ten="354,106,300,240" oya="3" hai0="42,50,132,79,17,47,60,85,123,91,48,80,58" hai1="84,18,81,95,28,51,41,31,16,128,5,23,10" hai2="20,70,62,22,103,43,76,125,135,6,54,24,59" hai3="7,133,34,19,39,25,45,108,83,65,105,116,109"/><W96/><G133/><T102/><D132/><U32/><E128/><V93/><F135/><W74/><G116/><T35/><D123/><U46/><E32/><V30/><F125/><W119/><G119/><T71/><D71/><U115/><E95/><V127/><F127/><W12/><G65/><T4/><D35/><U56/><E56/><V27/><F6/><W92/><G105/><T69/><D69/><U13/><E115/><V2/><F2/><W112/><G7/><T29/><D29/><U107/><E107/><V126/><F126/><W97/><G112/><T55/><D102/><U89/><REACH who="1" step="1"/><E18/><REACH who="1" ten="354,96,300,240" step="2"/><V8/><F93/><W33/><G33/><T90/><D17/><U120/><E120/><V61/><F59/><W134/><G134/><T66/><REACH who="0" step="1"/><D4/><REACH who="0" ten="344,96,300,240" step="2"/><U0/><AGARI ba="0,2" hai="0,5,10,13,16,23,28,31,41,46,51,81,84,89" machi="0" ten="20,5200,0" yaku="1,1,0,1,7,1,54,1,53,0" doraHai="72" doraHaiUra="114" who="1" fromWho="1" sc="344,-13,96,72,300,-13,240,-26" />
</Scene>
<Scene>
<INIT seed="4,0,0,3,0,107" ten="331,168,287,214" oya="0" hai0="105,115,99,129,33,19,62,78,81,68,91,84,77" hai1="10,97,54,26,3,87,32,102,24,112,51,88,126" hai2="0,49,63,132,80,121,86,65,29,94,38,57,39" hai3="30,37,122,103,109,108,60,92,31,82,4,96,85"/><T7/><D115/><U35/><E126/><V125/><F0/><W120/><G37/><T17/><D129/><U34/><E112/><V16/><F121/><N who="3" m="46699" /><G4/><T48/><D33/><U6/><E97/><V47/><F132/><W41/><G41/><T8/><D77/><U83/><REACH who="1" step="1"/><E102/><REACH who="1" ten="331,158,287,214" step="2"/><V56/><F125/><W69/><G108/><T42/><D99/><U93/><E93/><V1/><F94/><W135/><G109/><T72/><D105/><U45/><AGARI ba="0,1" hai="3,6,10,24,26,32,34,35,45,51,54,83,87,88" machi="45" ten="30,12000,2" yaku="1,1,0,1,54,1,53,3" doraHai="107" doraHaiUra="28" who="1" fromWho="1" sc="331,-60,158,130,287,-30,214,-30" />
</Scene>
<Scene>
<INIT seed="5,0,0,5,3,33" ten="271,288,257,184" oya="1" hai0="24,101,25,43,49,124,38,104,114,85,71,110,127" hai1="96,132,31,6,57,105,48,78,116,59,98,90,79" hai2="81,120,133,44,135,35,72,66,82,109,94,7,80" hai3="60,19,40,117,89,67,34,51,69,39,106,100,93"/><U12/><E116/><V37/><F120/><W4/><G117/><T15/><D110/><U11/><E132/><N who="2" m="50763" /><F35/><W21/><G34/><T87/><D38/><U14/><E31/><V8/><F109/><W88/><G39/><T125/><D71/><U75/><E75/><V103/><F66/><W111/><G106/><T16/><D114/><U47/><E105/><V32/><F32/><W62/><G62/><T53/><D43/><U41/><E14/><N who="2" m="5407" /><F72/><W58/><G4/><T45/><D101/><U92/><E98/><N who="2" m="59863" /><F44/><N who="3" m="25991" /><G69/><T112/><D104/><U97/><E97/><V126/><F37/><W42/><G111/><T91/><D112/><U77/><AGARI ba="0,0" hai="6,11,12,41,47,48,57,59,77,78,79,90,92,96" machi="77" ten="30,3000,0" yaku="0,1,8,1" doraHai="33" who="1" fromWho="1" sc="271,-10,288,30,257,-10,184,-10" />
</Scene>
<Scene>
<INIT seed="5,1,0,4,4,26" ten="261,318,247,174" oya="1" hai0="28,116,69,19,54,24,131,64,4,45,25,87,38" hai1="85,68,17,101,9,43,80,72,73,119,34,36,30" hai2="105,1,89,125,91,78,112,92,106,82,62,60,110" hai3="114,98,46,6,111,120,123,77,41,63,56,52,55"/><U118/><E17/><V108/><F1/><W88/><G77/><T13/><D116/><U124/><E9/><V81/><F125/><W113/><G6/><T74/><D74/><N who="1" m="28779" /><E85/><V86/><F112/><N who="3" m="43115" /><G111/><T50/><D131/><U107/><E80/><V127/><F127/><W2/><G2/><T59/><D4/><U66/><E124/><V7/><F7/><W31/><G31/><T20/><D87/><U22/><E22/><V100/><F100/><W65/><G88/><T33/><D69/><U44/><E66/><V39/><F39/><N who="3" m="21823" /><G98/><T135/><D135/><U109/><E68/><V71/><F71/><W94/><G94/><T97/><D97/><N who="1" m="61871" /><E109/><V79/><F86/><W115/><N who="3" m="43123" /><W23/><DORA hai="76" /><G23/><T42/><REACH who="0" step="1"/><D64/><REACH who="0" ten="251,318,247,174" step="2"/><U49/><E119/><V53/><F110/><W130/><G130/><T21/><D21/><U27/><E118/><V103/><F108/><W96/><G96/><T70/><D70/><U14/><E34/><V35/><F35/><W12/><G12/><AGARI ba="1,1" hai="12,13,19,20,24,25,28,33,38,42,45,50,54,59" machi="12" ten="40,2600,0" yaku="1,1,52,1,53,0" doraHai="26,76" doraHaiUra="102,99" who="0" fromWho="3" sc="251,39,318,0,247,0,174,-29" />
</Scene>
<Scene>
<INIT seed="6,0,0,0,2,13" ten="290,318,247,145" oya="2" hai0="132,107,23,34,118,12,100,60,6,18,47,115,58" hai1="2,130,51,1,108,49,92,105,37,126,96,103,15" hai2="123,54,106,3,52,46,27,133,36,110,64,71,127" hai3="61,0,33,98,41,53,20,90,116,81,28,40,30"/><V9/><F123/><W44/><G0/><T82/><D115/><U57/><E108/><V29/><F110/><W131/><G116/><T73/><D118/><U135/><E37/><V38/><F133/><W109/><G109/><T39/><D132/><U72/><E135/><V120/><F120/><W104/><G131/><T65/><D34/><U74/><E130/><V17/><F106/><W63/><G33/><T85/><D73/><U112/><E112/><V70/><F127/><W128/><G128/><T45/><D39/><U68/><E68/><V124/><F124/><W7/><G7/><T119/><D119/><U76/><E74/><V31/><F31/><W62/><G53/><T121/><D121/><U56/><E126/><V5/><F29/><W94/><G104/><T134/><D134/><U83/><E15/><V113/><F113/><W10/><G10/><N who="0" m="4183" /><D100/><U79/><E79/><V26/><F26/><W66/><G66/><T95/><D95/><U69/><E69/><V8/><F8/><W86/><G20/><T35/><D35/><U77/><E77/><V93/><F93/><W87/><G87/><T50/><D50/><N who="1" m="18955" /><E1/><V55/><F64/><W14/><G14/><N who="0" m="9687" /><D107/><U32/><E2/><V122/><F122/><W24/><G24/><T42/><D42/><N who="3" m="16489" /><G44/><T19/><D19/><U43/><E43/><N who="2" m="22887" /><F38/><W102/><AGARI ba="0,0" hai="28,30,61,62,63,81,86,90,94,98,102" m="16489" machi="102" ten="30,1100,0" yaku="8,1" doraHai="13" who="3" fromWho="3" sc="290,-3,318,-3,247,-5,145,11" />
</Scene>
<Scene>
<INIT seed="7,0,0,3,5,1" ten="287,315,242,156" oya="3" hai0="54,20,101,41,122,13,79,68,72,49,39,45,133" hai1="132,44,40,98,134,2,125,28,115,37,73,0,64" hai2="27,80,5,70,18,25,76,130,121,131,30,75,128" hai3="32,135,88,104,97,24,89,95,120,6,36,33,74"/><W12/><G120/><T90/><D133/><N who="1" m="51307" /><E115/><V103/><F70/><W52/><G135/><T127/><D127/><U50/><E125/><V113/><F113/><W110/><G36/><T10/><D122/><U56/><E73/><V91/><F121/><W71/><G71/><T108/><D108/><U47/><E28/><V82/><F103/><W93/><G74/><T83/><D68/><U22/><E22/><V4/><F18/><W48/><G104/><T102/><D20/><U59/><E98/><V67/><F67/><W106/><G106/><T105/><D90/><U100/><E100/><V119/><F119/><W66/><G66/><T126/><D126/><U114/><E114/><V69/><F69/><W31/><G110/><T92/><D92/><U17/><E17/><V117/><F117/><W34/><G6/><N who="2" m="2665" /><F30/><W63/><G12/><T81/><D105/><U78/><E64/><V61/><F61/><W7/><G63/><T19/><REACH who="0" step="1"/><D83/><REACH who="0" ten="277,315,242,156" step="2"/><U99/><E0/><V123/><F123/><W26/><G31/><T118/><D118/><U57/><E2/><V51/><F51/><W16/><G7/><T94/><D94/><U46/><E50/><V62/><F62/><W42/><G16/><T124/><D124/><U65/><E37/><V43/><F43/><W35/><N who="3" m="8704" /><DORA hai="38" /><W112/><G42/><T85/><D85/><AGARI ba="0,1" hai="25,27,75,76,80,82,85,91,128,130,131" m="2665" machi="85" ten="40,8000,1" yaku="19,1,52,3" doraHai="1,38" who="2" fromWho="0" sc="277,-80,315,0,242,90,156,0" owari="197,-20.0,315,12.0,332,42.0,156,-34.0" />
</Scene>
</mjloggm>