<mjloggm ver="2.3"><GO type="169" lobby="0"/><UN n0="%E3%81%AF%E3%81%A3%E3%81%A8%E3%82%8A%E3%81%B8%E3%81%84%E3%81%98" n1="%28%EF%BC%BE%CF%89%EF%BC%BE%29%E3%81%8A%E3%81%89%E3%82%93" n2="%E5%A4%AA%E3%81%8F%E3%81%AA%E3%81%84%E3%81%8A" n3="%6B%6F%6B%75%73%68%69%61" dan="16,17,18,16" rate="2137.79,2147.58,2210.54,2117.52" sx="M,F,M,M"/><TAIKYOKU oya="0"/>

<Scene>
<INIT seed="0,0,0,0,2,84" ten="250,250,250,250" oya="0" hai0="131,58,20,8,107,47,46,26,64,86,74,115,44" hai1="5,114,25,118,39,94,97,50,80,9,43,83,120" hai2="6,81,110,62,121,128,75,60,49,36,133,130,126" hai3="103,129,57,85,113,45,3,73,111,134,135,10,31"/><T123/><D74/><U61/><E120/><V72/><F36/><W88/><G73/><N who="2" m="28233" /><F121/><W89/><G113/><T92/><D123/><U55/><E118/><V7/><F110/><W91/><G111/><T77/><D107/><U33/><E114/><V112/><F112/><W1/><G129/><N who="2" m="49769" /><F126/><W54/><G103/><T40/><D131/><U65/><E33/><V23/><F133/><N who="3" m="50699" /><G31/><T38/><D115/><U29/><E29/><V100/><F100/><W124/><G124/><T48/><D8/><U119/><E25/><V101/><F101/><W24/><G24/><T34/><D34/><U69/><E119/><V67/><F23/><W76/><G45/><T41/><D77/><U93/><E39/><V116/><F116/><W18/><G18/><N who="0" m="12567" /><D38/><U51/><E43/><V66/><F81/><N who="3" m="47271" /><G10/><T95/><D40/><U53/><E9/><V42/><F42/><W56/><G56/><T68/><D68/><U106/><E69/><N who="2" m="42183" /><F49/><AGARI ba="0,0" hai="1,3,49,54,57,88,89,91" m="47271,50699" machi="49" ten="30,8000,1" yaku="20,1,52,3,54,1" doraHai="84" who="3" fromWho="2" sc="250,0,250,0,250,-80,250,80" />
</Scene>
<Scene>
<INIT seed="1,0,0,0,0,57" ten="250,250,170,330" oya="1" hai0="3,20,88,30,12,26,78,33,93,129,38,6,82" hai1="41,40,105,80,0,15,128,84,14,4,46,121,5" hai2="2,42,133,118,65,44,25,108,98,123,34,81,37" hai3="51,53,64,47,102,92,19,120,87,107,52,124,119"/><U89/><E121/><V110/><F123/><W135/><G120/><T74/><D129/><U95/><E0/><V36/><F118/><W109/><G109/><N who="2" m="42089" /><F2/><W70/><G119/><T116/><D116/><U103/><E105/><V100/><F133/><W39/><G135/><T115/><D115/><U49/><E128/><V48/><F81/><W54/><G124/><T60/><D38/><U77/><E41/><V58/><F34/><W76/><G107/><T114/><D114/><U122/><E122/><V134/><F25/><W23/><G39/><N who="2" m="14921" /><F98/><N who="3" m="59719" /><G64/><T126/><D126/><U32/><E32/><V104/><F100/><W113/><G70/><T75/><D75/><U66/><E66/><V62/><F104/><W127/><G113/><T68/><D3/><U21/><E103/><V7/><F7/><N who="1" m="2633" /><E21/><V22/><F22/><W61/><G127/><T86/><D68/><U55/><E40/><N who="2" m="24583" /><F134/><W56/><G76/><T10/><D33/><U1/><E1/><V72/><F72/><W18/><G87/><N who="0" m="52383" /><D74/><U17/><E17/><N who="3" m="6154" /><G23/><T63/><AGARI ba="0,0" hai="6,10,12,20,26,30,60,63,78,82,86" m="52383" machi="63" ten="30,7900,0" yaku="8,1,52,2,54,1" doraHai="57" who="0" fromWho="0" sc="250,79,250,-39,170,-20,330,-20" />
</Scene>
<Scene>
<INIT seed="2,0,0,0,0,60" ten="329,211,150,310" oya="2" hai0="47,45,15,100,121,111,131,25,127,114,3,1,119" hai1="4,96,79,32,8,58,117,95,83,7,122,71,69" hai2="103,80,110,109,101,51,41,35,91,88,126,24,61" hai3="102,2,63,104,98,113,22,56,38,87,128,34,28"/><V17/><F126/><W94/><G38/><T67/><D121/><U43/><E117/><V108/><F41/><W36/><G36/><T81/><D114/><U106/><E106/><V75/><F51/><W93/><G113/><T40/><D127/><U97/><E32/><V0/><F0/><W86/><G2/><T130/><D100/><N who="2" m="38474" /><F17/><W29/><G34/><T118/><D25/><U10/><E43/><V116/><F116/><N who="0" m="44586" /><D111/><N who="2" m="28418" /><V20/><DORA hai="85" /><F35/><W23/><G104/><T42/><D15/><U99/><E122/><V31/><F61/><W115/><G63/><T66/><D81/><U46/><E83/><V9/><F9/><W72/><G115/><T57/><D57/><U92/><E58/><V59/><F59/><W33/><G56/><T37/><D1/><U62/><E79/><AGARI ba="0,0" hai="20,24,31,75,79,80,88,91" m="28418,38474" machi="79" ten="40,12000,1" yaku="14,1,10,1,52,2,54,1" doraHai="60,85" who="2" fromWho="1" sc="329,0,211,-120,150,120,310,0" />
</Scene>
<Scene>
<INIT seed="2,1,0,0,1,48" ten="329,91,270,310" oya="2" hai0="57,28,0,106,116,73,15,120,117,21,135,103,55" hai1="19,66,13,6,36,71,30,99,72,131,32,80,10" hai2="95,97,122,17,127,16,92,9,111,63,110,119,52" hai3="101,68,40,35,108,56,96,76,88,79,33,104,133"/><V12/><F119/><N who="0" m="45642" /><D0/><U41/><E131/><V70/><F122/><W115/><G108/><N who="2" m="41513" /><F127/><W1/><G68/><T105/><D120/><U107/><E41/><V77/><F77/><W24/><G1/><T83/><D135/><U65/><E36/><V42/><F42/><W29/><G133/><T82/><D73/><U47/><E47/><V100/><F70/><W11/><G40/><T91/><D91/><U129/><E129/><V64/><F64/><W125/><G125/><T109/><D109/><U132/><E132/><V87/><F87/><W86/><G35/><T113/><D113/><U59/><E71/><V93/><F17/><W26/><G115/><T39/><D39/><U34/><E65/><V75/><F75/><W90/><G90/><T20/><D28/><U31/><E31/><V22/><F9/><W8/><G26/><T51/><D103/><U130/><E30/><V43/><F43/><W46/><G11/><T98/><D98/><U85/><E72/><V14/><F14/><W53/><G8/><T114/><D114/><U60/><E130/><V102/><F102/><W118/><G118/><T84/><D84/><U124/><E124/><V78/><F78/><W49/><REACH who="3" step="1"/><G46/><REACH who="3" ten="329,91,270,300" step="2"/><T67/><D15/><U61/><E13/><V2/><F2/><W4/><G4/><T3/><D3/><U134/><E6/><V27/><F27/><W54/><G54/><T38/><D38/><U89/><E134/><V74/><F74/><W123/><G123/><T69/><D69/><U5/><E5/><V112/><F112/><W62/><G62/><N who="0" m="38351" /><D55/><U121/><E121/><RYUUKYOKU ba="1,1" sc="329,-15,91,-15,270,15,300,15" hai2="12,16,22,52,63,92,93,95,97,100" hai3="24,29,33,49,53,56,76,79,86,88,96,101,104" />
</Scene>
<Scene>
<INIT seed="2,2,1,3,5,36" ten="314,76,285,315" oya="2" hai0="111,102,97,135,51,131,112,25,68,50,120,85,73" hai1="1,26,55,130,18,10,76,43,70,106,103,45,24" hai2="127,122,29,114,42,60,113,121,74,107,34,59,22" hai3="67,32,71,95,133,35,6,109,94,17,30,90,27"/><V83/><F22/><W93/><G109/><T117/><D85/><U129/><E70/><V7/><F7/><W86/><G133/><T41/><D25/><U100/><E55/><V79/><F107/><W63/><G6/><T53/><D102/><U104/><E76/><V28/><F127/><W19/><REACH who="3" step="1"/><G35/><REACH who="3" ten="314,76,285,305" step="2"/><T99/><D135/><U105/><E103/><V96/><F34/><W62/><G62/><T69/><D120/><U49/><E100/><V52/><F121/><W128/><G128/><N who="1" m="49258" /><E1/><V72/><F122/><W119/><G119/><T77/><D131/><U37/><E37/><V8/><F114/><W88/><G88/><T15/><D111/><U4/><E4/><V54/><F113/><W84/><G84/><T75/><D112/><U134/><E134/><V9/><F96/><W98/><G98/><T33/><D33/><U66/><E66/><V57/><F60/><W11/><G11/><T38/><D38/><U44/><E44/><V92/><F79/><W40/><G40/><T64/><D41/><U124/><E124/><V118/><F42/><W132/><G132/><T65/><D77/><U31/><E31/><V108/><F108/><W116/><G116/><T16/><D117/><U82/><E82/><AGARI ba="2,2" hai="17,19,27,30,32,63,67,71,82,86,90,93,94,95" machi="82" ten="40,1300,0" yaku="1,1,53,0" doraHai="36" doraHaiUra="46" who="3" fromWho="1" sc="314,0,76,-19,285,0,305,39" />
</Scene>
<Scene>
<INIT seed="3,0,0,5,1,13" ten="314,57,285,344" oya="3" hai0="31,104,55,107,4,114,69,83,37,40,93,59,43" hai1="8,39,14,29,79,73,9,11,131,3,117,22,119" hai2="126,25,66,36,74,99,86,15,50,109,47,52,91" hai3="54,27,108,121,56,12,75,120,58,101,19,124,30"/><W77/><G124/><T89/><D114/><U64/><E39/><V118/><F74/><W78/><G101/><T81/><D31/><U0/><E64/><V45/><F118/><N who="1" m="45065" /><E79/><V92/><F126/><W1/><G1/><N who="1" m="586" /><E73/><V98/><F109/><W24/><G108/><T23/><D4/><N who="1" m="3335" /><E131/><V135/><F66/><W10/><G58/><T103/><D69/><U32/><E32/><V26/><F36/><W41/><G41/><T2/><D2/><U105/><E105/><V111/><F47/><W60/><G27/><AGARI ba="0,0" hai="9,11,22,27,29" m="3335,586,45065" machi="27" ten="30,3900,0" yaku="12,1,34,2" doraHai="13" who="1" fromWho="3" sc="314,0,57,39,285,0,344,-39" />
</Scene>
<Scene>
<INIT seed="4,0,0,2,5,126" ten="314,96,285,305" oya="0" hai0="92,25,81,113,86,0,117,129,79,83,5,109,44" hai1="65,20,119,35,58,26,56,84,125,95,47,19,107" hai2="108,61,41,69,13,49,34,112,105,64,53,106,90" hai3="130,15,78,63,2,82,31,39,40,70,128,52,96"/><T127/><D117/><U36/><E119/><V18/><F108/><W118/><G2/><T48/><D127/><U57/><E107/><V8/><F34/><W100/><G118/><T101/><D109/><U87/><E125/><V110/><F110/><W131/><G31/><T115/><D25/><U124/><E124/><V80/><F41/><W1/><G1/><T43/><D81/><U37/><E35/><V75/><F112/><N who="0" m="43082" /><D0/><U135/><E135/><V68/><F68/><W77/><G15/><T55/><D5/><U9/><E37/><V67/><F67/><N who="3" m="41343" /><G52/><T133/><D133/><U6/><E65/><V74/><F74/><W42/><G39/><T66/><D66/><U102/><E36/><V114/><F114/><W122/><G122/><T38/><D101/><U50/><E102/><V97/><F75/><N who="3" m="43327" /><G78/><T12/><D12/><U28/><E95/><AGARI ba="0,0" hai="40,42,95,96,100,128,130,131" m="43327,41343" machi="95" ten="30,7700,0" yaku="19,1,52,3" doraHai="126" who="3" fromWho="1" sc="314,0,96,-77,285,0,305,77" />
</Scene>
<Scene>
<INIT seed="5,0,0,3,5,100" ten="314,19,285,382" oya="1" hai0="76,130,90,127,58,23,120,129,6,74,20,28,34" hai1="55,119,10,86,35,11,18,133,8,53,2,45,125" hai2="12,62,40,43,15,4,85,19,67,70,78,108,63" hai3="71,132,115,42,9,95,30,107,91,38,103,98,110"/><U114/><E119/><V72/><F72/><W123/><G110/><T64/><D127/><U16/><E125/><V46/><F108/><W116/><G71/><T32/><D6/><U29/><E2/><V77/><F4/><W99/><G123/><T94/><D120/><U104/><E104/><V37/><F40/><W49/><G132/><T102/><D76/><U39/><E114/><V126/><F126/><W84/><G115/><T31/><D74/><U92/><E133/><V105/><F105/><W118/><G30/><T54/><D102/><U50/><E39/><V65/><F85/><W7/><G38/><T69/><D69/><U106/><E106/><V26/><F26/><W135/><G135/><T87/><D64/><U111/><E111/><V36/><F36/><W51/><G98/><T122/><D122/><U27/><REACH who="1" step="1"/><E55/><REACH who="1" ten="314,9,285,382" step="2"/><V44/><F37/><W82/><G107/><T24/><D34/><U112/><E112/><V22/><F43/><W101/><G42/><T73/><D31/><U131/><E131/><N who="0" m="50185" /><D73/><U89/><AGARI ba="0,1" hai="8,10,11,16,18,27,29,35,45,50,53,86,89,92" machi="89" ten="30,11700,0" yaku="1,1,0,1,54,1,53,1" doraHai="100" doraHaiUra="41" who="1" fromWho="1" sc="314,-39,9,127,285,-39,382,-39" />
</Scene>
<Scene>
<INIT seed="5,1,0,5,1,4" ten="275,136,246,343" oya="1" hai0="70,55,52,21,73,82,9,80,84,17,59,65,79" hai1="11,127,2,108,18,23,131,112,0,40,43,49,76" hai2="56,116,85,1,88,48,118,24,5,115,66,60,33" hai3="104,135,50,122,77,96,114,103,134,120,100,74,30"/><U15/><E127/><V90/><F115/><W14/><G30/><T101/><D101/><U67/><E112/><V26/><F48/><W133/><G114/><T110/><D110/><U32/><E131/><V12/><F1/><W31/><G31/><T58/><D70/><U27/><E108/><V121/><F121/><W106/><G50/><T36/><D36/><U53/><E32/><V34/><F34/><W62/><G62/><N who="0" m="38111" /><D73/><U125/><E125/><V22/><F33/><W113/><G113/><T83/><D58/><N who="1" m="33071" /><E0/><V7/><F90/><W130/><G14/><N who="0" m="7375" /><D21/><U119/><E2/><V87/><F87/><W129/><G77/><T95/><D79/><U38/><E38/><V64/><F64/><W132/><G74/><T69/><D69/><U3/><E3/><V105/><F105/><W19/><G19/><T39/><D39/><U89/><E119/><V61/><F61/><W107/><G135/><T71/><D71/><U68/><E68/><V10/><F7/><W35/><G35/><T42/><D42/><N who="1" m="15915" /><E76/><V37/><F37/><W78/><G78/><T124/><D124/><U109/><E109/><V92/><REACH who="2" step="1"/><F24/><REACH who="2" ten="275,136,236,343" step="2"/><W97/><REACH who="3" step="1"/><G107/><REACH who="3" ten="275,136,236,333" step="2"/><T86/><D84/><U46/><E67/><V6/><F6/><W45/><G45/><T117/><D117/><U47/><E89/><AGARI ba="1,2" hai="52,55,80,82,83,86,89,95" m="7375,38111" machi="89" ten="30,3900,0" yaku="8,1,52,1,54,1" doraHai="4" who="0" fromWho="1" sc="275,62,136,-42,236,0,333,0" />
</Scene>
<Scene>
<INIT seed="6,0,0,2,2,133" ten="337,94,236,333" oya="2" hai0="89,44,23,73,57,129,60,116,47,58,97,56,121" hai1="4,20,41,28,134,46,21,86,131,18,71,17,95" hai2="12,63,103,123,79,16,38,33,74,102,107,128,59" hai3="62,90,48,26,66,108,105,110,64,83,93,27,115"/><V111/><F123/><W40/><G105/><T113/><D73/><U35/><E71/><V6/><F33/><W52/><G40/><T25/><D121/><U117/><E117/><V94/><F38/><W7/><G7/><T31/><D113/><U81/><E134/><V118/><F118/><W51/><G115/><T45/><D129/><U43/><E131/><V53/><F128/><W10/><G10/><T112/><D112/><U0/><E0/><V87/><F107/><W8/><G8/><T22/><D116/><U9/><E35/><V120/><F6/><W106/><G83/><T76/><D76/><U72/><E72/><V125/><F120/><W119/><G106/><T29/><D97/><U69/><E69/><V2/><F2/><W75/><G75/><T32/><D89/><U68/><E68/><V30/><F30/><W100/><G100/><T3/><D3/><U99/><E4/><V80/><F111/><W5/><G119/><T34/><D60/><U70/><E70/><V61/><F61/><W135/><G5/><T77/><D77/><U65/><E65/><N who="3" m="25194" /><G135/><T91/><D91/><U101/><E9/><V84/><F103/><W92/><G110/><T50/><D50/><N who="3" m="18985" /><G108/><T78/><D78/><U122/><E122/><V88/><F102/><W54/><G62/><T15/><D31/><U13/><E28/><V49/><F63/><W126/><G90/><T96/><D96/><U42/><E46/><V1/><F1/><W104/><G104/><T124/><D34/><U67/><E67/><V36/><F74/><W55/><G126/><T82/><D124/><RYUUKYOKU ba="0,0" sc="337,-10,94,-10,236,-10,333,30" hai3="26,27,52,54,55,92,93" />
</Scene>
<Scene>
<INIT seed="7,1,0,2,3,103" ten="327,84,226,363" oya="3" hai0="23,99,90,81,34,0,27,91,33,113,10,42,121" hai1="4,2,89,70,44,87,79,47,117,131,115,18,63" hai2="46,56,20,101,129,25,96,17,112,123,48,15,50" hai3="134,83,86,78,125,5,8,107,84,21,82,127,94"/><W31/><G107/><T110/><D121/><U106/><E115/><V41/><F129/><W85/><G134/><T76/><D110/><U7/><E131/><V68/><F68/><W29/><G94/><T118/><D118/><U114/><E114/><V16/><F123/><W111/><G111/><T133/><D113/><U120/><E120/><V60/><F112/><W135/><G135/><T69/><D69/><U59/><E70/><V1/><F1/><N who="3" m="47" /><G21/><T13/><D133/><U49/><E117/><V95/><F48/><W132/><G132/><T122/><D122/><U93/><E106/><V116/><F116/><W77/><G85/><T32/><D42/><U72/><E72/><V66/><F15/><W12/><G12/><T3/><D99/><U124/><E2/><N who="0" m="553" /><D91/><U37/><E37/><V100/><F100/><W26/><G26/><T53/><D90/><U73/><E124/><AGARI ba="1,0" hai="29,31,77,78,82,83,84,86,124,125,127" m="47" machi="124" ten="30,1500,0" yaku="18,1" doraHai="103" who="3" fromWho="1" sc="327,0,84,-18,226,0,363,18" owari="327,13.0,66,-43.0,226,-17.0,381,47.0" />
</Scene>
</mjloggm>