<mjloggm ver="2.3"><GO type="169" lobby="0"/><UN n0="%E5%A4%AA%E3%81%8F%E3%81%AA%E3%81%84%E3%81%8A" n1="%E3%82%B5%E3%83%B3%E3%83%9E%E9%81%93%E6%A5%BD%E4%BB%A3%E8%A1%A8" n2="%64%6F%6F%6F%6F%77%79" n3="%73%2E%63%65%6C%74%79" dan="18,17,16,17" rate="2252.16,2241.04,2081.63,2117.67" sx="F,M,M,F"/><TAIKYOKU oya="0"/>

<Scene>
<INIT seed="0,0,0,3,4,25" ten="250,250,250,250" oya="0" hai0="77,70,47,88,52,95,74,55,115,134,87,57,111" hai1="125,71,20,68,85,83,97,31,67,113,103,98,120" hai2="73,22,90,91,128,129,121,135,4,39,93,66,50" hai3="34,133,76,89,13,49,1,36,16,43,123,12,21"/><T14/><D115/><U127/><E120/><V101/><F39/><W116/><G116/><T37/><D70/><U114/><E67/><V130/><F4/><W69/><G36/><T110/><D134/><U19/><E19/><V41/><F66/><W81/><G69/><N who="1" m="26698" /><E83/><V30/><F73/><W112/><G112/><N who="1" m="43114" /><E85/><V82/><F121/><W117/><G133/><T119/><D119/><U40/><E40/><V109/><F82/><W118/><G123/><T45/><D74/><U53/><E53/><N who="0" m="20553" /><D77/><U132/><E132/><V46/><F135/><W28/><G76/><T107/><D37/><U58/><E58/><V86/><F101/><W96/><G43/><T5/><D57/><U3/><E3/><V9/><F9/><W2/><G1/><T75/><D75/><U18/><E18/><V35/><F90/><W78/><G2/><T11/><D107/><U17/><E17/><V61/><F61/><W108/><G78/><T104/><D104/><N who="1" m="63599" /><E98/><V106/><F106/><W24/><G96/><T0/><D0/><U48/><E48/><V84/><F84/><N who="3" m="50319" /><G49/><T63/><D63/><U122/><E122/><V42/><F42/><W7/><G117/><T79/><D79/><U92/><E92/><V29/><F22/><W102/><G118/><T56/><D56/><U105/><E105/><V65/><F65/><W26/><G21/><T126/><D45/><U54/><E54/><V59/><F59/><W100/><G7/><T72/><D72/><U6/><E6/><V10/><F46/><W62/><G62/><T15/><D47/><U60/><E60/><V51/><F50/><RYUUKYOKU ba="0,0" sc="250,-10,250,30,250,-10,250,-10" hai1="20,31,125,127" />
</Scene>
<Scene>
<INIT seed="1,1,0,0,1,118" ten="240,280,240,240" oya="1" hai0="13,81,19,92,80,76,16,42,106,75,112,3,98" hai1="48,58,15,119,117,12,126,26,89,54,71,95,2" hai2="115,33,46,125,113,18,25,59,116,127,108,123,43" hai3="85,86,50,23,83,61,107,74,35,49,56,45,109"/><U104/><E104/><V82/><F116/><W120/><G35/><T52/><D3/><U88/><E71/><V30/><F108/><W44/><G109/><T4/><D112/><N who="2" m="43082" /><F59/><W29/><G107/><T99/><D42/><U101/><E2/><V6/><F6/><W14/><G120/><T84/><D106/><U122/><E122/><V41/><F123/><W135/><G135/><T47/><D4/><U128/><E128/><V96/><F96/><W102/><G102/><T69/><D69/><U10/><E126/><N who="2" m="48139" /><F46/><W94/><G45/><T37/><D92/><U7/><E119/><V8/><F82/><W28/><G44/><T97/><D37/><U78/><E78/><V5/><F18/><W31/><G83/><T66/><D66/><U110/><E110/><V55/><F55/><W124/><G56/><T87/><D80/><U103/><E89/><V62/><F62/><W53/><G61/><T60/><D19/><U22/><E12/><AGARI ba="1,0" hai="5,8,12,25,30,33,41,43" m="48139,43082" machi="12" ten="30,2000,0" yaku="11,1,18,1" doraHai="118" who="2" fromWho="1" sc="240,0,280,-23,240,23,240,0" />
</Scene>
<Scene>
<INIT seed="2,0,0,5,5,90" ten="240,257,263,240" oya="2" hai0="132,6,33,53,41,123,23,9,69,75,37,25,58" hai1="121,101,71,55,131,5,19,114,127,42,77,82,4" hai2="47,111,94,79,103,48,0,108,99,106,81,60,10" hai3="51,29,34,36,110,7,49,118,50,70,102,16,21"/><V87/><F60/><W89/><G118/><T13/><D123/><U124/><E114/><V40/><F0/><W86/><G36/><T18/><D132/><U64/><E42/><V61/><F61/><W91/><G70/><T74/><D69/><U2/><E71/><V104/><REACH who="2" step="1"/><F10/><REACH who="2" ten="240,257,253,240" step="2"/><W20/><G110/><AGARI ba="0,1" hai="40,47,48,79,81,87,94,99,103,104,106,108,110,111" machi="110" ten="40,12000,1" yaku="1,1,2,1,14,1,10,1,52,1,53,0" doraHai="90" doraHaiUra="112" who="2" fromWho="3" sc="240,0,257,0,253,130,240,-120" />
</Scene>
<Scene>
<INIT seed="2,1,0,4,0,51" ten="240,257,383,120" oya="2" hai0="124,34,10,74,135,97,121,93,45,18,131,89,111" hai1="23,62,126,90,36,21,2,81,101,128,114,30,88" hai2="25,50,73,15,122,27,80,87,79,28,120,77,56" hai3="70,39,41,75,118,82,115,91,13,132,43,123,94"/><V32/><F15/><W117/><G118/><T103/><D121/><U110/><E114/><V68/><F68/><W31/><G123/><T8/><D74/><U19/><E36/><V92/><F25/><W113/><G117/><T35/><D111/><U109/><E2/><V11/><F11/><W49/><G132/><T24/><D135/><U119/><E119/><V133/><F133/><W106/><G106/><T26/><D131/><U127/><E101/><V65/><F65/><W59/><G39/><T108/><D108/><N who="1" m="41579" /><E62/><V1/><F1/><W116/><G31/><T58/><D124/><N who="1" m="47659" /><E81/><V57/><F92/><W4/><G70/><T105/><D93/><U29/><E19/><V129/><F80/><W63/><G116/><T100/><D18/><U52/><E52/><V7/><F129/><W16/><G4/><T78/><D103/><U71/><E71/><V98/><F7/><W83/><G113/><T0/><D100/><U37/><E37/><V20/><F122/><W3/><G115/><T12/><D0/><U47/><E47/><V99/><F120/><W6/><G3/><T76/><D45/><U54/><E54/><V40/><F57/><W107/><G6/><T64/><D58/><U130/><E23/><V84/><F20/><N who="3" m="11279" /><G107/><T112/><D105/><U95/><E90/><V44/><F56/><W67/><G75/><T86/><D112/><U61/><E61/><V60/><F60/><W96/><G43/><T5/><D5/><U22/><E22/><V42/><F42/><W69/><G69/><T66/><D8/><U46/><E130/><V125/><F125/><RYUUKYOKU ba="1,0" sc="240,-10,257,-10,383,-10,120,30" hai3="41,49,59,63,67,82,83,91,94,96" />
</Scene>
<Scene>
<INIT seed="3,2,0,3,2,10" ten="230,247,373,150" oya="3" hai0="33,95,124,56,125,9,107,72,86,82,24,122,53" hai1="63,22,90,47,119,110,60,19,93,62,31,5,117" hai2="111,102,25,36,101,42,99,11,46,55,15,71,85" hai3="37,23,30,13,28,4,88,133,103,83,48,89,114"/><W17/><G37/><T78/><D122/><U6/><E31/><N who="3" m="11818" /><G114/><T2/><D107/><U7/><E110/><V77/><F111/><W49/><G133/><T91/><D33/><U57/><E57/><V84/><F71/><W64/><G103/><T58/><D24/><U106/><E47/><V129/><F129/><W97/><G64/><T69/><D69/><U112/><E106/><V116/><F116/><W118/><G118/><T76/><D76/><U35/><E35/><V92/><F25/><W115/><G115/><T98/><D72/><U73/><E73/><V61/><F102/><W67/><G67/><T104/><D104/><U3/><E3/><V26/><F26/><W1/><G1/><T123/><D123/><U32/><E32/><V20/><F20/><W52/><G4/><N who="0" m="1175" /><D53/><U135/><E135/><V75/><F75/><W27/><G27/><T8/><D8/><U12/><REACH who="1" step="1"/><E112/><REACH who="1" ten="230,237,373,150" step="2"/><V87/><F46/><W44/><G49/><T43/><D43/><U41/><E41/><V39/><F42/><W81/><G97/><AGARI ba="2,1" hai="5,6,7,12,19,22,60,62,63,90,93,97,117,119" machi="97" ten="40,2600,0" yaku="1,1,52,1,53,0" doraHai="10" doraHaiUra="40" who="1" fromWho="3" sc="230,0,237,42,373,0,150,-32" />
</Scene>
<Scene>
<INIT seed="4,0,0,3,4,14" ten="230,279,373,118" oya="0" hai0="105,39,4,79,73,31,48,104,3,77,62,38,12" hai1="70,28,10,82,30,116,32,41,125,65,47,40,13" hai2="135,33,5,117,56,123,16,108,124,97,7,96,55" hai3="35,131,44,19,88,26,95,1,76,61,50,98,90"/><T69/><D48/><U23/><E116/><V89/><F123/><W84/><G131/><T74/><D12/><U2/><E2/><V53/><F33/><W122/><G122/><T81/><D31/><U72/><E32/><V15/><F108/><W20/><G1/><T120/><D120/><U133/><E41/><V21/><F117/><W11/><G35/><T87/><D87/><U129/><E129/><V99/><F135/><W80/><G61/><T66/><D79/><U112/><E133/><V118/><F118/><W114/><G114/><T119/><D74/><U101/><E101/><V9/><F124/><W25/><G11/><N who="0" m="2463" /><D119/><U93/><E93/><V75/><F75/><W71/><G71/><T78/><D78/><U58/><E70/><V37/><F37/><AGARI ba="0,0" hai="37,38,39,62,66,69,73,77,81,104,105" m="2463" machi="37" ten="30,2900,0" yaku="33,2" doraHai="14" who="0" fromWho="2" sc="230,29,279,0,373,-29,118,0" />
</Scene>
<Scene>
<INIT seed="4,1,0,4,1,43" ten="259,279,344,118" oya="0" hai0="84,75,57,122,4,55,14,73,70,119,110,36,66" hai1="85,46,135,134,120,93,74,125,40,128,117,64,8" hai2="89,98,34,23,2,6,129,28,3,11,107,130,47" hai3="102,15,61,33,16,31,65,60,54,63,78,82,79"/><T112/><D119/><U42/><E74/><V21/><F47/><W109/><G109/><T131/><D122/><U20/><E117/><V101/><F89/><W10/><G102/><T104/><D104/><U121/><E64/><V9/><F23/><W67/><G79/><T52/><D36/><U56/><E56/><V27/><F21/><W126/><G126/><T83/><D110/><U103/><E125/><V113/><F113/><W5/><G54/><T87/><D112/><U92/><E20/><V35/><F35/><W13/><G13/><T76/><D131/><U94/><E8/><V12/><F12/><W69/><G5/><AGARI ba="1,0" hai="2,3,5,6,9,11,27,28,34,98,101,107,129,130" machi="5" ten="40,5200,0" yaku="9,1,23,2" doraHai="43" who="2" fromWho="3" sc="259,0,279,0,344,55,118,-55" />
</Scene>
<Scene>
<INIT seed="5,0,0,5,4,44" ten="259,279,399,63" oya="1" hai0="125,48,45,73,36,135,50,7,106,63,128,34,118" hai1="111,104,43,28,58,46,109,122,40,61,103,53,54" hai2="102,112,15,14,82,37,98,126,60,95,127,87,107" hai3="65,5,57,93,51,27,19,55,2,119,18,41,72"/><U49/><E104/><V75/><F37/><W6/><G119/><T117/><D73/><U30/><E103/><V121/><F60/><W76/><G2/><T71/><D34/><U39/><E30/><V17/><F121/><W12/><G72/><T97/><D7/><U115/><E122/><V31/><F31/><W101/><G76/><T132/><D97/><U23/><E23/><V83/><F14/><W22/><G65/><N who="0" m="41407" /><D106/><U11/><E11/><V110/><F110/><N who="1" m="41993" /><E28/><V69/><F69/><W90/><G41/><N who="1" m="15946" /><E115/><V85/><F75/><W96/><REACH who="3" step="1"/><G101/><REACH who="3" ten="259,279,399,53" step="2"/><T100/><D100/><U79/><E79/><V92/><F112/><W56/><G56/><T20/><D118/><U16/><E16/><V13/><F17/><W47/><G47/><T59/><D45/><U25/><E25/><V10/><F102/><W131/><G131/><T130/><D59/><U4/><E4/><V124/><F124/><W0/><G0/><T24/><D125/><U89/><E89/><V26/><F26/><W70/><G70/><T99/><D117/><U134/><E39/><V62/><F127/><W105/><G105/><T77/><D36/><U88/><E88/><V38/><F38/><W3/><G3/><T120/><D77/><U94/><E94/><V91/><F126/><W42/><G42/><T81/><D130/><U35/><E35/><V133/><F107/><W1/><G1/><T67/><D128/><U84/><E84/><V113/><F85/><W116/><G116/><T123/><D120/><U74/><E74/><V66/><F87/><W52/><G52/><T32/><D123/><RYUUKYOKU ba="0,1" sc="259,-15,279,15,399,-15,53,15" hai1="46,49,53,54,58,61,134" hai3="5,6,12,18,19,22,27,51,55,57,90,93,96" />
</Scene>
<Scene>
<INIT seed="5,1,1,5,1,24" ten="244,294,384,68" oya="1" hai0="128,22,87,3,116,33,18,85,38,59,126,65,131" hai1="60,113,81,127,23,78,121,15,34,104,74,5,31" hai2="77,43,51,28,9,50,27,122,10,19,41,12,56" hai3="95,98,125,37,55,36,16,108,76,30,25,6,62"/><U119/><E121/><V8/><F122/><W101/><G125/><T92/><D116/><U117/><E104/><V111/><F111/><W100/><G108/><T96/><D33/><U120/><E120/><V105/><F105/><W21/><G100/><T0/><D38/><U48/><E127/><V4/><F77/><W73/><G6/><T13/><D126/><U11/><E113/><V66/><F51/><W110/><G110/><T71/><D71/><U99/><E99/><V114/><F114/><W109/><G109/><T86/><D65/><U133/><E133/><V124/><F124/><W75/><G76/><T63/><D59/><U26/><E48/><V47/><F43/><W39/><G55/><T82/><D82/><U7/><E7/><V103/><F103/><W129/><G129/><N who="0" m="49739" /><D63/><U79/><E79/><V53/><F66/><W89/><G62/><T97/><D97/><U91/><E91/><AGARI ba="1,1" hai="0,3,13,18,22,85,86,87,91,92,96" m="49739" machi="91" ten="30,1000,0" yaku="19,1" doraHai="24" who="0" fromWho="1" sc="244,23,294,-13,384,0,68,0" />
</Scene>
<Scene>
<INIT seed="6,0,0,0,3,129" ten="267,281,384,68" oya="2" hai0="84,71,29,70,92,75,20,132,55,36,94,89,102" hai1="50,87,27,118,100,119,79,130,57,112,44,46,11" hai2="54,93,91,30,103,9,105,37,114,74,99,123,21" hai3="40,43,14,127,66,49,98,5,25,135,48,110,22"/><V122/><F37/><W69/><G110/><T33/><D75/><U128/><E100/><V86/><F114/><W109/><G109/><T81/><D36/><U88/><E79/><V78/><F9/><W38/><G127/><T77/><D33/><U82/><E112/><V3/><F3/><W90/><G38/><T59/><D102/><U111/><E111/><V23/><F54/><W134/><G69/><T16/><D29/><U126/><E126/><V64/><F64/><W108/><G66/><T26/><D132/><N who="3" m="50729" /><G108/><T35/><D35/><U2/><E27/><N who="2" m="16751" /><F23/><W41/><G90/><T0/><D0/><U7/><E57/><V45/><F45/><W80/><G80/><AGARI ba="0,0" hai="74,78,80,86,91,93,99,103,105,122,123" m="16751" machi="80" ten="30,1500,0" yaku="24,1" doraHai="129" who="2" fromWho="3" sc="267,0,281,0,384,15,68,-15" />
</Scene>
<Scene>
<INIT seed="6,1,0,1,4,99" ten="267,281,399,53" oya="2" hai0="61,105,59,101,25,110,106,102,75,13,103,81,96" hai1="40,79,50,114,104,54,80,39,83,2,135,98,88" hai2="115,82,8,127,68,15,3,30,21,66,6,73,64" hai3="1,97,71,45,37,74,131,24,84,11,57,29,19"/><V72/><F115/><W119/><G74/><T43/><D110/><U31/><E2/><V51/><F127/><W18/><G119/><T36/><D105/><U38/><E31/><V7/><F68/><W109/><G71/><T56/><D56/><U107/><E135/><V85/><F51/><W92/><G109/><T53/><D13/><U128/><E128/><V20/><F20/><W78/><G131/><T58/><D25/><U69/><E69/><V86/><F86/><W23/><G57/><T123/><D123/><U62/><E62/><V125/><F125/><W4/><G37/><T60/><D75/><U130/><E114/><V121/><F121/><W67/><G67/><T90/><D81/><U12/><E83/><V52/><F52/><W35/><G45/><T46/><D90/><U129/><E40/><V48/><F48/><W34/><G84/><T76/><D76/><U134/><E134/><V9/><F66/><AGARI ba="1,0" hai="36,43,46,53,58,59,60,61,66,96,101,102,103,106" machi="66" ten="30,7700,0" yaku="7,1,52,3" doraHai="99" who="0" fromWho="2" sc="267,80,281,0,399,-80,53,0" />
</Scene>
<Scene>
<INIT seed="7,0,0,4,5,34" ten="347,281,319,53" oya="3" hai0="47,61,93,19,120,119,42,101,109,13,65,73,52" hai1="124,70,107,80,77,63,14,123,9,17,108,29,53" hai2="105,39,18,22,24,79,31,46,104,51,86,23,11" hai3="64,71,130,128,112,4,35,90,85,122,97,0,121"/><W96/><G35/><T125/><D109/><U103/><E108/><V58/><F39/><W102/><G71/><T67/><D120/><N who="3" m="46185" /><G64/><T54/><D125/><U49/><E124/><V134/><F134/><W56/><G56/><N who="0" m="34951" /><D73/><U12/><E107/><V59/><F105/><N who="3" m="63687" /><G4/><T83/><D83/><U30/><E103/><V98/><F11/><W76/><G0/><T116/><D42/><U115/><E115/><V69/><F98/><W36/><G36/><T114/><D114/><U27/><E27/><V40/><F104/><W82/><G112/><T91/><D101/><U72/><E123/><V26/><REACH who="2" step="1"/><F69/><REACH who="2" ten="347,281,309,53" step="2"/><W95/><AGARI ba="0,1" hai="76,82,85,90,95,97,128,130" m="63687,46185" machi="95" ten="30,3000,0" yaku="34,2" doraHai="34" who="3" fromWho="3" sc="347,-10,281,-10,309,-10,53,40" />
</Scene>
<Scene>
<INIT seed="7,1,0,1,2,8" ten="337,271,299,93" oya="3" hai0="76,93,63,11,114,6,61,9,85,52,121,74,28" hai1="115,55,113,7,67,50,4,124,66,120,97,41,43" hai2="31,90,40,37,123,83,107,87,19,88,102,104,5" hai3="34,109,118,33,131,65,133,82,51,99,126,81,86"/><W117/><G126/><T84/><D121/><U47/><E97/><V64/><F31/><W94/><G131/><T23/><D74/><U26/><E26/><V16/><F123/><W30/><G133/><T2/><D114/><N who="1" m="43531" /><E7/><V35/><F35/><W29/><G109/><T44/><D11/><U128/><E120/><V27/><F64/><N who="1" m="24617" /><E4/><V0/><F37/><W103/><G65/><T48/><D76/><U46/><E124/><V106/><F40/><N who="1" m="15433" /><E128/><V89/><F102/><W96/><G51/><T71/><D28/><U45/><AGARI ba="1,0" hai="45,46,47,50,55" m="15433,24617,43531" machi="45" ten="40,5200,0" yaku="15,1,34,2" doraHai="8" who="1" fromWho="1" sc="337,-14,271,55,299,-14,93,-27" owari="323,12.0,326,42.0,285,-11.0,66,-43.0" />
</Scene>
</mjloggm>