<mjloggm ver="2.3"><GO type="225" lobby="0"/><UN n0="%E8%BF%A6%E9%99%B5%E9%A0%BB%E4%BC%BD" n1="%E5%A4%AA%E3%81%8F%E3%81%AA%E3%81%84%E3%81%8A" n2="%E6%84%9B%E5%AE%95%E3%83%8D%E3%82%AD%E3%80%82" n3="%E3%82%AB%E3%83%A9%E3%82%B9%E3%81%AE%E5%AD%90" dan="17,18,16,16" rate="2163.15,2193.96,2054.21,2114.81" sx="F,M,M,M"/><TAIKYOKU oya="0"/>

<Scene>
<INIT seed="0,0,0,3,1,15" ten="250,250,250,250" oya="0" hai0="132,29,100,61,67,106,91,78,88,7,32,34,103" hai1="26,109,74,105,97,116,36,64,10,126,92,31,86" hai2="82,83,28,121,42,114,120,128,79,80,108,87,84" hai3="127,54,43,40,60,9,41,16,96,35,133,62,13"/><T30/><D78/><U5/><E74/><V131/><F42/><W51/><G35/><T33/><D7/><U66/><E116/><V129/><F28/><W134/><G96/><T69/><D132/><N who="3" m="50793" /><G127/><T11/><D11/><U23/><E36/><V18/><F18/><W8/><G9/><T95/><D91/><U118/><E118/><V123/><F114/><W58/><AGARI ba="0,0" hai="8,13,16,40,41,43,51,54,58,60,62" m="50793" machi="58" ten="30,4000,0" yaku="20,1,52,1,54,1" doraHai="15" who="3" fromWho="3" sc="250,-20,250,-10,250,-10,250,40" />
</Scene>
<Scene>
<INIT seed="1,0,0,0,0,42" ten="230,240,240,290" oya="1" hai0="46,88,50,0,45,5,121,72,9,95,24,37,49" hai1="82,7,107,23,36,67,125,117,58,28,76,105,123" hai2="71,109,47,103,60,34,17,126,33,13,57,86,38" hai3="93,130,116,115,124,90,14,6,19,94,131,127,39"/><U8/><E117/><V113/><F71/><W51/><G115/><T81/><D121/><U97/><E123/><V132/><F109/><W31/><G39/><T112/><D112/><U99/><E36/><V18/><F113/><W40/><G116/><T87/><D24/><U41/><E41/><V2/><F2/><W53/><G40/><N who="0" m="22671" /><D46/><U65/><E28/><V15/><F132/><W79/><G79/><AGARI ba="0,0" hai="0,5,9,49,50,72,79,81,87,88,95" m="22671" machi="79" ten="30,3900,0" yaku="25,1,52,1,54,1" doraHai="42" who="0" fromWho="3" sc="230,39,240,0,240,0,290,-39" />
</Scene>
<Scene>
<INIT seed="2,0,0,0,2,75" ten="269,240,240,251" oya="2" hai0="123,120,56,89,103,69,44,88,29,1,102,108,59" hai1="117,38,42,127,36,2,51,94,41,4,57,43,101" hai2="70,135,40,52,5,21,73,115,83,54,65,3,61" hai3="130,34,131,33,107,63,26,66,8,109,27,58,39"/><V80/><F115/><W93/><G107/><T50/><D50/><U11/><E117/><V91/><F135/><W126/><G39/><T12/><D12/><U110/><E110/><V47/><F21/><W48/><G109/><T132/><D108/><U55/><REACH who="1" step="1"/><E127/><REACH who="1" ten="269,230,240,251" step="2"/><V124/><F124/><W129/><G126/><T105/><D132/><U76/><E76/><N who="2" m="44047" /><F91/><W37/><G130/><T18/><D88/><U30/><E30/><V64/><F83/><W35/><G131/><T72/><D29/><U20/><E20/><V118/><F118/><W78/><G129/><T45/><D89/><U31/><E31/><V46/><F65/><W13/><G78/><T96/><D123/><U7/><E7/><V17/><F17/><W121/><G66/><T81/><D81/><U10/><E10/><N who="2" m="2367" /><F47/><W15/><G121/><T84/><D18/><U134/><E134/><V14/><F14/><W106/><G15/><T90/><D90/><U24/><E24/><V68/><F68/><W16/><G27/><T23/><D23/><U113/><E113/><V111/><F111/><W125/><G26/><T99/><D120/><U116/><E116/><V112/><F112/><W49/><G125/><T32/><D69/><U82/><E82/><V98/><F98/><AGARI ba="0,1" hai="2,4,11,36,38,41,42,43,51,55,57,94,98,101" machi="98" ten="40,1300,0" yaku="1,1,53,0" doraHai="75" doraHaiUra="62" who="1" fromWho="2" sc="269,0,230,23,240,-13,251,0" />
</Scene>
<Scene>
<INIT seed="3,0,0,4,3,31" ten="269,253,227,251" oya="3" hai0="29,46,19,71,15,21,118,49,82,32,39,36,34" hai1="57,12,68,72,18,84,129,116,64,62,95,133,70" hai2="115,78,41,43,75,86,93,92,103,35,59,44,107" hai3="45,97,48,56,124,58,22,126,67,99,131,63,74"/><W24/><G74/><T8/><D71/><U102/><E72/><V10/><F115/><W5/><G5/><T87/><D118/><U88/><E116/><V98/><F92/><W26/><G58/><T100/><D100/><U111/><E111/><V54/><F10/><W104/><G131/><T110/><D110/><U94/><E129/><V2/><F2/><W40/><G26/><N who="0" m="16591" /><D36/><U117/><E117/><V114/><F114/><W112/><G112/><T0/><D39/><U91/><E102/><V121/><F121/><W47/><G45/><T20/><D20/><U25/><E25/><V6/><F6/><W120/><G120/><T132/><D0/><U50/><E50/><V77/><F77/><W83/><G83/><T105/><D105/><U9/><REACH who="1" step="1"/><E133/><REACH who="1" ten="269,243,227,251" step="2"/><V66/><F75/><W7/><G24/><T135/><D132/><U109/><E109/><V106/><F106/><W134/><G104/><T108/><D135/><U4/><E4/><V127/><F107/><W69/><G7/><T1/><D108/><U14/><E14/><V33/><F127/><W85/><G134/><T51/><D49/><U28/><E28/><V23/><F103/><W17/><G126/><T27/><D27/><U55/><E55/><V119/><F119/><W13/><G124/><T113/><D1/><U30/><E30/><V65/><F54/><W73/><G73/><T81/><D113/><U79/><E79/><V80/><F78/><W60/><G13/><T96/><D15/><U61/><E61/><V53/><F53/><W76/><G76/><T89/><D51/><U123/><E123/><RYUUKYOKU ba="0,1" sc="269,-10,243,30,227,-10,251,-10" hai1="9,12,18,57,62,64,68,70,84,88,91,94,95" />
</Scene>
<Scene>
<INIT seed="4,1,1,1,0,113" ten="259,273,217,241" oya="0" hai0="63,106,87,86,21,99,27,33,89,11,53,61,67" hai1="92,91,93,121,13,125,88,77,40,60,4,43,90" hai2="116,35,15,26,17,28,94,96,75,47,117,45,37" hai3="123,72,16,22,57,122,71,56,34,80,82,124,135"/><T44/><D11/><N who="1" m="4327" /><E121/><N who="3" m="46090" /><G71/><N who="0" m="42479" /><D89/><N who="1" m="34411" /><E125/><V46/><F37/><W58/><G124/><T129/><D129/><U65/><E77/><V81/><F81/><N who="3" m="31339" /><G34/><T50/><D21/><U119/><E119/><N who="2" m="45643" /><F75/><W126/><G126/><T23/><D23/><U6/><E6/><V103/><F46/><W78/><G135/><T97/><D63/><U52/><E65/><V31/><F31/><W133/><G133/><T120/><D99/><N who="1" m="57759" /><E93/><V9/><AGARI ba="1,1" hai="9,15,17,26,28,35,45,47,94,96,103" m="45643" machi="9" ten="30,7900,0" yaku="12,1,52,3" doraHai="113" who="2" fromWho="2" sc="259,-40,273,-21,217,92,241,-21" owari="219,-28.0,252,5.0,309,41.0,220,-18.0" />
</Scene>
</mjloggm>