<mjloggm ver="2.3"><GO type="169" lobby="0"/><UN n0="%E7%8B%AC%E6%AD%A9" n1="%E5%A4%AA%E3%81%8F%E3%81%AA%E3%81%84%E3%81%8A" n2="%3A%44%75%63%61%3A" n3="%52%4F%4C%4C%59" dan="20,18,16,16" rate="2265.28,2223.10,2084.38,2090.11" sx="M,M,M,M"/><TAIKYOKU oya="0"/>

<Scene>
<INIT seed="0,0,0,5,3,99" ten="250,250,250,250" oya="0" hai0="85,122,70,58,88,107,62,4,65,12,10,43,130" hai1="96,119,37,67,87,68,17,60,78,77,127,63,48" hai2="23,111,102,116,93,101,34,19,55,118,13,95,5" hai3="31,91,125,134,46,131,47,54,51,113,15,33,35"/><T22/><D122/><U26/><E37/><V42/><F34/><W7/><G113/><T9/><D130/><U126/><E119/><N who="2" m="45611" /><F111/><W120/><G131/><T40/><D107/><U82/><E48/><V14/><F42/><W45/><G125/><N who="1" m="47626" /><E63/><V64/><F64/><W27/><G35/><T106/><D106/><U103/><E26/><V3/><F3/><W115/><G115/><T129/><D129/><U108/><E17/><N who="2" m="10671" /><F5/><W84/><G134/><T135/><D135/><U89/><E108/><V1/><F55/><W104/><G104/><AGARI ba="0,0" hai="60,67,68,77,78,82,87,89,96,103,104" m="47626" machi="104" ten="30,2000,0" yaku="18,1,52,1" doraHai="99" who="1" fromWho="3" sc="250,0,250,20,250,0,250,-20" />
</Scene>
<Scene>
<INIT seed="1,0,0,0,5,76" ten="250,270,250,230" oya="1" hai0="90,14,94,49,15,61,117,1,118,41,85,67,68" hai1="72,55,47,95,60,107,124,10,40,71,123,112,45" hai2="92,25,12,104,78,64,103,69,36,77,30,17,135" hai3="51,114,113,88,89,56,46,29,111,128,129,115,84"/><U74/><E107/><V6/><F6/><W122/><G122/><T59/><D1/><U86/><E123/><V39/><F135/><W87/><G29/><T109/><D109/><U116/><E112/><V100/><F92/><W108/><G56/><T42/><D42/><U4/><E116/><V80/><F78/><W102/><G51/><T27/><D27/><U70/><E124/><V5/><F5/><W134/><G46/><T37/><D14/><U50/><E71/><V119/><F119/><W96/><G134/><T57/><D15/><U31/><E31/><V125/><F125/><W131/><G102/><T26/><D26/><U8/><E8/><V75/><F103/><W130/><N who="3" m="32768" /><DORA hai="44" /><W101/><G101/><T43/><D43/><U63/><E63/><V2/><F2/><W105/><G105/><T11/><D11/><U106/><E106/><V121/><F121/><W9/><G9/><T66/><D37/><U7/><E7/><V34/><F17/><W19/><G19/><T48/><D41/><U54/><E70/><V110/><F12/><W0/><G0/><T126/><D126/><U97/><E60/><N who="2" m="40071" /><F110/><N who="3" m="42027" /><G96/><AGARI ba="0,0" hai="25,30,34,36,39,75,77,80,96,100,104" m="40071" machi="96" ten="30,7700,0" yaku="25,1,33,2,52,1" doraHai="76,44" who="2" fromWho="3" sc="250,0,270,0,250,77,230,-77" />
</Scene>
<Scene>
<INIT seed="2,0,0,4,0,58" ten="250,270,327,153" oya="2" hai0="119,132,131,64,40,0,87,37,99,53,38,10,63" hai1="85,70,28,68,41,109,22,25,15,55,61,21,100" hai2="8,29,82,49,122,1,73,34,116,71,110,92,46" hai3="74,66,123,129,45,101,3,52,69,2,79,59,5"/><V26/><F122/><W42/><G123/><T124/><D124/><U32/><E109/><V17/><F71/><W130/><G101/><T47/><D131/><N who="3" m="50185" /><G5/><T6/><D132/><U103/><E41/><V43/><F116/><W11/><G11/><T13/><D119/><U77/><E68/><V36/><F110/><W90/><G90/><T126/><D126/><U16/><E32/><V75/><F49/><N who="3" m="31119" /><G79/><T83/><D99/><U127/><E127/><V19/><F92/><W89/><G89/><T78/><D53/><U133/><E133/><V134/><F134/><W30/><G30/><T54/><D54/><U104/><E104/><V105/><F105/><W113/><G74/><T23/><D23/><U125/><E125/><V12/><F1/><W57/><G57/><N who="0" m="36975" /><D0/><U86/><E70/><V76/><F19/><W121/><G121/><T18/><D18/><U128/><E128/><V60/><F73/><W112/><G3/><T72/><D72/><U50/><E61/><V118/><F118/><W51/><G2/><T80/><D80/><N who="1" m="47247" /><E86/><V91/><F75/><W95/><G95/><T65/><D65/><U115/><E115/><V94/><F94/><W56/><G69/><T14/><D38/><U97/><E97/><V93/><F93/><W88/><G88/><T114/><D114/><U48/><E48/><V117/><F91/><W27/><G27/><T7/><D14/><U33/><E33/><V62/><F117/><W20/><G20/><T96/><D96/><U9/><E21/><V107/><F107/><W120/><G120/><T39/><D39/><U24/><E24/><RYUUKYOKU ba="0,0" sc="250,0,270,0,327,0,153,0" hai0="6,7,10,13,37,40,47,78,83,87" hai1="9,15,16,22,25,28,50,55,100,103" hai2="8,12,17,26,29,34,36,43,46,60,62,76,82" hai3="42,45,51,56,66,112,113" />
</Scene>
<Scene>
<INIT seed="2,1,0,4,4,72" ten="250,270,327,153" oya="2" hai0="93,125,80,43,10,99,33,63,0,119,84,102,1" hai1="134,74,31,36,96,133,51,45,129,122,94,87,132" hai2="60,91,32,90,70,38,35,11,24,57,50,79,2" hai3="77,25,88,59,86,9,27,12,16,30,73,106,39"/><V6/><F38/><W81/><G39/><T58/><D33/><U108/><E74/><V48/><F70/><W61/><G106/><T121/><D121/><U131/><E36/><V105/><F105/><W7/><G30/><T111/><D43/><U89/><E122/><V49/><F24/><W41/><G41/><T114/><D114/><U71/><E71/><V68/><F68/><W23/><G73/><T8/><D111/><U83/><E31/><V95/><F79/><W100/><G100/><T118/><D125/><U124/><E108/><V98/><REACH who="2" step="1"/><F91/><REACH who="2" ten="250,270,317,153" step="2"/><W69/><G69/><T85/><D118/><U18/><E124/><V115/><F115/><W17/><G77/><T67/><D119/><U34/><E34/><V120/><F120/><W26/><REACH who="3" step="1"/><G7/><REACH who="3" ten="250,270,317,143" step="2"/><T117/><D117/><U65/><E132/><V116/><F116/><W4/><G4/><T66/><D102/><U101/><E134/><V55/><AGARI ba="1,2" hai="2,6,11,32,35,48,49,50,55,57,60,90,95,98" machi="55" ten="30,3000,0" yaku="1,1,0,1,53,0" doraHai="72" doraHaiUra="37" who="2" fromWho="2" sc="250,-11,270,-11,317,53,143,-11" />
</Scene>
<Scene>
<INIT seed="2,2,0,1,2,125" ten="239,259,370,132" oya="2" hai0="134,132,93,104,123,60,96,44,68,30,22,41,16" hai1="66,25,67,56,78,124,28,77,63,43,118,5,50" hai2="2,12,6,17,87,38,53,36,4,20,100,116,129" hai3="71,115,88,81,40,95,111,130,24,59,11,37,131"/><V91/><F116/><W98/><G71/><T84/><D123/><U32/><E118/><V65/><F65/><W105/><G111/><T94/><D30/><U35/><E124/><V27/><F100/><W112/><G105/><T86/><D104/><U102/><E35/><V110/><F110/><W74/><G59/><T58/><D68/><U26/><E26/><V114/><F114/><N who="3" m="43563" /><G24/><N who="0" m="14407" /><D94/><U39/><E39/><V52/><F2/><W42/><G11/><T109/><D109/><U31/><E56/><V9/><F6/><W117/><G117/><T34/><D34/><U113/><E25/><V23/><F20/><W49/><G49/><N who="0" m="26767" /><D134/><U99/><E32/><V126/><F126/><W79/><G37/><T106/><D106/><U3/><E113/><V101/><F38/><W133/><G133/><T103/><D132/><U122/><E3/><V33/><F36/><W45/><G45/><T13/><D13/><U121/><E121/><V72/><F33/><W46/><G46/><T19/><D19/><U80/><E28/><V107/><F72/><W92/><G92/><T76/><D76/><U127/><E78/><V7/><F4/><W69/><G69/><T135/><D135/><U8/><E5/><V57/><F107/><W55/><G55/><AGARI ba="2,0" hai="55,58,60,84,86,93,96,103" m="26767,14407" machi="55" ten="30,2000,0" yaku="8,1,54,1" doraHai="125" who="0" fromWho="3" sc="239,26,259,0,370,0,132,-26" />
</Scene>
<Scene>
<INIT seed="3,0,0,4,0,83" ten="265,259,370,106" oya="3" hai0="109,82,5,100,106,81,130,10,66,54,125,48,69" hai1="74,59,44,20,64,22,128,29,43,122,101,111,57" hai2="7,91,114,97,19,35,31,58,4,84,105,52,28" hai3="71,127,13,42,98,56,0,34,49,63,30,112,33"/><W37/><G112/><T3/><D109/><U45/><E122/><V110/><F110/><W60/><G0/><T75/><D125/><U24/><E74/><V9/><F114/><W117/><G117/><T124/><D124/><U93/><E111/><V32/><F35/><W40/><G127/><T25/><D130/><U1/><E1/><V85/><F84/><W2/><G2/><T99/><D75/><U120/><E120/><V107/><F105/><W18/><G34/><T62/><D25/><U16/><E128/><V89/><F32/><W65/><G33/><T121/><D121/><U17/><E64/><V11/><F107/><W116/><G116/><T14/><D3/><U94/><E101/><V6/><F97/><W87/><G30/><N who="2" m="11305" /><F19/><W38/><G98/><T90/><D90/><N who="2" m="34314" /><F85/><W119/><G119/><T27/><D27/><U36/><E29/><V51/><AGARI ba="0,0" hai="4,6,7,9,11,51,52,58" m="34314,11305" machi="51" ten="30,2000,0" yaku="8,1,54,1" doraHai="83" who="2" fromWho="2" sc="265,-5,259,-5,370,20,106,-10" />
</Scene>
<Scene>
<INIT seed="4,0,0,5,0,42" ten="260,254,390,96" oya="0" hai0="0,16,99,48,97,119,87,82,80,20,115,74,71" hai1="6,22,32,100,90,46,47,7,41,124,35,130,27" hai2="85,56,70,63,13,68,135,73,21,59,93,5,28" hai3="60,30,10,53,49,133,109,12,8,78,116,113,44"/><T131/><D119/><U134/><E100/><V37/><F73/><W58/><G113/><T33/><D33/><U45/><E41/><V88/><F37/><W40/><G133/><T126/><D71/><U38/><E38/><V108/><F108/><W84/><G116/><T112/><D0/><U79/><E134/><V9/><F135/><W2/><G109/><T89/><D126/><U102/><E124/><V15/><F59/><W103/><G2/><T4/><D4/><U31/><E130/><V55/><REACH who="2" step="1"/><F15/><REACH who="2" ten="260,254,380,96" step="2"/><W91/><G12/><T18/><D131/><U36/><E36/><V75/><F75/><W65/><G103/><T17/><D74/><U66/><E102/><V26/><AGARI ba="0,1" hai="5,9,13,21,26,28,55,56,63,68,70,85,88,93" machi="26" ten="30,4000,0" yaku="1,1,0,1,54,1,53,0" doraHai="42" doraHaiUra="118" who="2" fromWho="2" sc="260,-20,254,-10,380,50,96,-10" />
</Scene>
<Scene>
<INIT seed="5,0,0,4,1,112" ten="240,244,430,86" oya="1" hai0="65,91,116,25,41,70,0,79,84,95,18,93,3" hai1="92,51,2,68,100,102,74,60,12,45,134,107,99" hai2="58,31,19,85,64,115,55,34,90,8,42,6,97" hai3="13,127,78,133,77,14,32,20,27,101,22,33,131"/><U61/><E2/><V29/><F64/><W62/><G101/><T118/><D41/><U103/><E74/><V63/><F42/><W129/><G62/><N who="1" m="24170" /><E68/><V82/><F115/><W87/><G87/><T11/><D65/><U86/><E107/><V52/><F34/><W106/><G106/><T108/><D70/><U10/><E86/><V15/><F97/><W40/><G40/><T21/><D108/><U119/><E119/><V17/><F55/><W16/><G78/><T53/><D79/><U56/><E56/><V105/><F105/><W44/><G77/><T96/><D53/><N who="1" m="29935" /><E134/><V110/><F110/><W123/><G44/><T26/><D26/><U66/><E66/><V81/><F82/><W67/><G67/><T111/><D111/><U4/><AGARI ba="0,0" hai="4,10,12,92,99,100,102,103" m="29935,24170" machi="4" ten="30,1500,0" yaku="8,1" doraHai="112" who="1" fromWho="1" sc="240,-5,244,15,430,-5,86,-5" />
</Scene>
<Scene>
<INIT seed="5,1,0,4,2,84" ten="235,259,425,81" oya="1" hai0="56,95,54,36,55,100,26,2,12,31,41,39,120" hai1="72,78,109,46,43,23,71,52,77,3,135,105,70" hai2="9,47,22,48,114,69,44,126,94,131,30,122,90" hai3="125,59,7,116,11,63,80,82,81,123,60,16,106"/><U129/><E105/><V79/><F122/><W0/><G123/><T98/><D2/><U97/><E3/><V35/><F35/><W42/><G106/><T130/><D120/><U37/><E135/><V17/><F69/><W102/><G125/><T65/><D130/><U112/><E129/><V73/><F131/><W128/><G128/><T32/><D65/><U118/><E118/><V13/><F126/><W45/><G116/><T83/><D41/><U5/><E5/><V124/><F124/><W96/><G59/><T103/><D103/><U104/><E112/><V19/><F30/><W93/><REACH who="3" step="1"/><G16/><REACH who="3" ten="235,259,425,71" step="2"/><T107/><D107/><U87/><E104/><V127/><F127/><W58/><G58/><T76/><D56/><U132/><E71/><V8/><F19/><W64/><G64/><T27/><D26/><U25/><E70/><V51/><F17/><W15/><G15/><T133/><D12/><U101/><E25/><V108/><F13/><W75/><G75/><T67/><D67/><U85/><E72/><V91/><F73/><W99/><G99/><T89/><D133/><U117/><E132/><V110/><F47/><W28/><G28/><T24/><D24/><U57/><E46/><V14/><F44/><W88/><G88/><T20/><D89/><U134/><E134/><V10/><F91/><W50/><AGARI ba="1,1" hai="0,7,11,42,45,50,60,63,80,81,82,93,96,102" machi="50" ten="30,2000,0" yaku="1,1,0,1,53,0" doraHai="84" doraHaiUra="66" who="3" fromWho="3" sc="235,-6,259,-11,425,-6,71,33" />
</Scene>
<Scene>
<INIT seed="6,0,0,5,3,132" ten="229,248,419,104" oya="2" hai0="23,8,41,2,50,62,9,101,113,16,70,25,129" hai1="69,110,118,73,103,38,58,123,42,77,102,46,43" hai2="89,115,55,111,37,19,82,22,0,30,67,135,27" hai3="10,126,29,92,99,75,68,33,79,66,85,90,57"/><V125/><F37/><W88/><G68/><T124/><D101/><U76/><E69/><V119/><F119/><W60/><G10/><T1/><D113/><U48/><E118/><V52/><F0/><W59/><G75/><T96/><D96/><U61/><E110/><V28/><F115/><W21/><G33/><T81/><D81/><U116/><E116/><V32/><F111/><W65/><G79/><T71/><D129/><U134/><E134/><V97/><F67/><W34/><G34/><T78/><D78/><U74/><E123/><V121/><F121/><W3/><G3/><T107/><D107/><U106/><E38/><V122/><F122/><W108/><G108/><T105/><D105/><U112/><E112/><V83/><F135/><W20/><G29/><T53/><D41/><U51/><E106/><V17/><F30/><W24/><G24/><T95/><D95/><U45/><E58/><V114/><F114/><W84/><G99/><T49/><D1/><U109/><E109/><V127/><F97/><W130/><G130/><T94/><D94/><U54/><E54/><N who="2" m="20523" /><F89/><W6/><G6/><T26/><D2/><U100/><E100/><V7/><F7/><W133/><G133/><T63/><D53/><U64/><E61/><V35/><F32/><W80/><G126/><N who="2" m="48137" /><F19/><W87/><REACH who="3" step="1"/><G84/><REACH who="3" ten="229,248,419,94" step="2"/><T56/><D124/><U86/><E86/><V39/><F35/><W47/><G47/><T93/><D63/><AGARI ba="0,1" hai="20,21,57,59,60,63,65,66,80,85,87,88,90,92" machi="63" ten="40,8000,1" yaku="1,1,9,1,8,1,54,1,53,0" doraHai="132" doraHaiUra="12" who="3" fromWho="0" sc="229,-80,248,0,419,0,94,90" />
</Scene>
<Scene>
<INIT seed="7,0,0,0,1,106" ten="149,248,419,184" oya="3" hai0="65,111,121,24,73,58,44,21,68,104,66,49,16" hai1="84,124,132,123,9,97,77,10,34,90,14,51,3" hai2="32,70,2,83,4,1,96,108,41,94,105,93,11" hai3="80,125,26,7,89,56,18,64,12,42,46,119,53"/><W75/><G119/><T54/><D121/><U17/><E34/><V33/><F70/><W116/><G116/><T81/><D111/><U133/><E123/><V59/><F105/><W63/><G125/><T69/><D104/><U101/><E77/><V85/><F2/><W114/><G114/><T15/><D68/><U118/><E118/><V74/><F74/><W23/><G75/><T22/><D69/><U99/><E124/><V82/><F83/><W52/><G80/><T39/><D39/><U8/><E51/><V128/><F128/><W91/><G7/><T47/><D47/><U35/><E35/><V127/><F127/><W13/><G42/><T67/><D44/><U95/><E3/><V72/><F72/><W122/><G122/><T43/><D43/><U135/><E97/><V36/><F41/><W92/><G89/><T38/><D38/><U117/><E117/><V27/><F36/><W102/><G102/><T130/><D130/><U110/><E110/><V57/><F108/><W115/><G115/><T0/><D0/><U37/><E37/><V62/><F33/><W103/><G103/><T79/><D65/><U76/><E76/><N who="2" m="46279" /><F32/><W87/><G64/><T25/><D15/><U120/><E120/><V113/><F113/><W61/><G46/><T100/><D100/><U134/><E134/><V29/><F93/><AGARI ba="0,0" hai="8,9,10,14,17,84,90,93,95,99,101,132,133,135" machi="93" ten="40,1300,0" yaku="20,1" doraHai="106" who="1" fromWho="2" sc="149,0,248,13,419,-13,184,0" owari="149,-35.0,261,6.0,406,51.0,184,-22.0" />
</Scene>
</mjloggm>