<mjloggm ver="2.3"><GO type="169" lobby="0"/><UN n0="%E7%A9%B6%E6%A5%B5%41%49" n1="%E9%BE%8D%E9%96%80%E6%B8%95%E9%AB%98%E6%A0%A1%E7%B7%8F%E5%90%88" n2="%6E%61%63%6F%6D%61%69%69" n3="%E5%A4%AA%E3%81%8F%E3%81%AA%E3%81%84%E3%81%8A" dan="16,16,16,18" rate="2039.45,2050.10,2079.86,2266.19" sx="M,M,F,F"/><TAIKYOKU oya="0"/>

<Scene>
<INIT seed="0,0,0,3,4,4" ten="250,250,250,250" oya="0" hai0="62,128,111,55,115,71,2,11,0,1,107,135,110" hai1="40,49,133,77,99,23,22,84,129,12,69,32,14" hai2="6,63,92,134,31,88,29,91,130,122,131,85,60" hai3="125,83,95,123,116,82,124,38,52,44,76,8,65"/><T35/><D107/><U75/><E75/><V19/><F122/><W97/><G116/><T41/><D35/><U7/><E32/><V39/><F39/><W102/><G65/><T59/><D115/><U58/><E69/><V73/><F73/><W68/><G68/><T3/><D135/><U67/><E133/><V112/><F112/><W105/><G123/><T64/><D128/><N who="2" m="49194" /><F134/><W17/><G105/><T100/><D41/><U53/><E129/><V70/><F6/><W66/><G66/><T74/><D74/><U72/><E72/><V21/><F91/><W9/><G17/><T18/><D100/><U108/><E67/><N who="2" m="41319" /><F63/><W104/><G104/><T87/><D64/><U98/><E108/><N who="0" m="41513" /><D71/><U54/><E40/><V93/><F93/><W33/><G33/><T120/><D120/><U109/><E109/><V36/><F36/><W121/><G121/><T5/><D87/><U16/><E53/><V56/><F56/><W90/><G102/><T96/><D96/><U45/><E45/><V25/><AGARI ba="0,0" hai="19,21,25,29,31,85,88,92" m="41319,49194" machi="25" ten="30,2000,0" yaku="19,1,54,1" doraHai="4" who="2" fromWho="2" sc="250,-10,250,-5,250,20,250,-5" />
</Scene>
<Scene>
<INIT seed="1,0,0,5,4,52" ten="240,245,270,245" oya="1" hai0="61,3,111,27,38,135,26,39,45,84,28,90,13" hai1="66,112,107,106,4,122,92,14,102,11,87,48,47" hai2="49,124,115,41,21,25,5,37,2,123,16,19,89" hai3="42,31,15,120,1,53,80,23,78,101,79,8,128"/><U125/><E122/><V73/><F123/><W113/><G120/><T54/><D3/><U109/><E112/><V29/><F124/><W105/><G113/><T127/><D127/><U76/><E125/><V50/><F73/><W72/><G79/><T77/><D111/><U126/><E126/><V0/><F37/><W132/><G42/><T58/><D135/><U65/><E109/><V32/><F19/><W75/><G1/><T46/><D77/><U69/><E107/><V7/><F41/><W114/><G114/><T62/><D62/><U129/><E106/><V81/><F115/><W51/><G132/><T20/><D39/><U104/><E104/><V30/><F89/><W71/><G71/><T117/><D117/><U68/><E68/><V22/><F81/><W118/><G118/><T10/><D27/><U24/><E69/><V130/><F130/><W18/><G128/><T91/><D38/><U43/><E129/><V100/><F100/><W94/><G105/><T134/><D134/><U108/><E108/><V35/><F16/><W34/><G34/><T70/><D70/><U12/><E24/><AGARI ba="0,0" hai="0,2,5,7,21,22,24,25,29,30,32,35,49,50" machi="24" ten="25,1600,0" yaku="22,2" doraHai="52" who="2" fromWho="1" sc="240,0,245,-16,270,16,245,0" />
</Scene>
<Scene>
<INIT seed="2,0,0,0,0,80" ten="240,229,286,245" oya="2" hai0="77,12,46,76,62,104,91,108,69,92,106,53,44" hai1="61,113,124,87,32,134,8,56,17,10,63,41,129" hai2="55,93,34,59,24,29,121,18,78,0,72,132,67" hai3="64,2,133,82,96,31,88,83,42,13,30,4,60"/><V94/><F121/><W11/><G133/><T15/><D108/><U54/><E113/><V23/><F0/><W20/><G42/><T45/><D69/><U89/><E134/><V6/><F6/><W47/><G47/><T102/><D102/><U135/><E135/><V7/><F7/><W118/><G118/><T131/><D131/><U122/><E129/><V27/><F67/><W28/><G2/><T40/><D40/><U71/><E122/><V112/><F112/><W127/><G127/><T119/><D119/><U36/><E124/><V48/><F72/><W9/><G9/><T21/><D106/><U14/><E32/><V16/><F78/><N who="0" m="30314" /><D104/><U99/><E41/><V109/><F132/><W43/><G43/><T103/><D103/><U73/><E73/><V95/><REACH who="2" step="1"/><F109/><REACH who="2" ten="240,229,276,245" step="2"/><W120/><G120/><T97/><D21/><N who="1" m="11447" /><E36/><V39/><F39/><W123/><G123/><T68/><D68/><U19/><E71/><V37/><F37/><W57/><G20/><T1/><D1/><U79/><E10/><V125/><F125/><W58/><G64/><T65/><D65/><U74/><E74/><V38/><F38/><W52/><G58/><AGARI ba="0,1" hai="12,15,44,45,46,53,58,62,91,92,97" m="30314" machi="58" ten="30,1000,0" yaku="8,1" doraHai="80" who="0" fromWho="3" sc="240,20,229,0,276,0,245,-10" />
</Scene>
<Scene>
<INIT seed="3,0,0,0,0,117" ten="260,229,276,235" oya="3" hai0="4,71,10,51,7,100,27,66,18,11,20,121,30" hai1="39,70,65,134,114,99,43,5,104,102,69,46,86" hai2="53,130,88,6,135,31,48,26,110,83,81,112,115" hai3="82,77,60,23,111,84,56,133,13,61,98,16,68"/><W124/><G124/><T42/><D71/><U113/><E134/><V67/><F130/><W126/><G126/><T58/><D100/><U24/><E86/><V15/><F135/><W25/><G133/><T12/><D121/><U19/><E19/><V37/><F37/><W78/><G111/><T90/><D90/><U40/><E40/><V107/><F107/><W129/><G129/><T92/><D92/><U49/><E49/><V109/><F67/><W94/><G68/><T125/><D125/><U41/><E41/><V97/><F15/><W127/><G127/><T57/><D66/><U118/><E118/><V36/><F6/><N who="0" m="2090" /><D11/><U34/><E5/><V22/><F36/><W72/><G72/><T120/><D120/><U108/><E108/><N who="2" m="41579" /><F83/><W116/><G116/><T32/><D32/><U128/><E128/><V62/><F62/><W47/><G47/><AGARI ba="0,0" hai="10,12,18,20,27,30,42,47,51,57,58" m="2090" machi="47" ten="30,1000,0" yaku="8,1" doraHai="117" who="0" fromWho="3" sc="260,10,229,0,276,0,235,-10" />
</Scene>
<Scene>
<INIT seed="4,0,0,5,1,26" ten="270,229,276,225" oya="0" hai0="53,10,40,101,59,98,102,72,114,17,66,85,69" hai1="32,88,42,41,28,20,6,63,80,113,13,110,77" hai2="23,16,130,45,30,3,76,35,73,115,118,24,8" hai3="58,7,37,51,4,129,122,22,124,95,92,9,48"/><T104/><D72/><U125/><E110/><V111/><F111/><W33/><G33/><T91/><D114/><U43/><E32/><V5/><F115/><W57/><G37/><T56/><D102/><U83/><E113/><V96/><F96/><W2/><G124/><T97/><D97/><U15/><E125/><V27/><F130/><W60/><G129/><T62/><D40/><U90/><E63/><V84/><F73/><W123/><G22/><T79/><D79/><U25/><E80/><V87/><F76/><W61/><REACH who="3" step="1"/><G9/><REACH who="3" ten="270,229,276,215" step="2"/><T14/><REACH who="0" step="1"/><D53/><REACH who="0" ten="260,229,276,215" step="2"/><U117/><E117/><V74/><F118/><W12/><G12/><N who="1" m="4682" /><E6/><V31/><F5/><W50/><G50/><T47/><D47/><U78/><E78/><V121/><F45/><W65/><G65/><T105/><D105/><U106/><E106/><V120/><F3/><AGARI ba="0,2" hai="2,3,4,7,48,51,57,58,60,61,92,95,122,123" machi="3" ten="25,3200,0" yaku="1,1,22,2,53,0" doraHai="26" doraHaiUra="19" who="3" fromWho="2" sc="260,0,229,0,276,-32,215,52" />
</Scene>
<Scene>
<INIT seed="5,0,0,2,5,7" ten="260,229,244,267" oya="1" hai0="68,123,115,121,21,31,82,62,106,113,85,22,3" hai1="98,24,46,73,49,78,30,72,20,95,103,65,93" hai2="122,52,86,18,108,88,8,101,66,120,36,69,126" hai3="28,43,56,129,125,44,25,60,112,26,100,99,13"/><U54/><E78/><V34/><F108/><W94/><G112/><N who="0" m="43083" /><D106/><U105/><E105/><V134/><F36/><W14/><G125/><T23/><D3/><U50/><E95/><V70/><F34/><W63/><G129/><T89/><D31/><U133/><E133/><V27/><F126/><W79/><G79/><T81/><D81/><U74/><E50/><V71/><F66/><AGARI ba="0,0" hai="21,22,23,62,66,68,82,85,89,121,123" m="43083" machi="66" ten="40,1300,0" yaku="15,1" doraHai="7" who="0" fromWho="2" sc="260,13,229,0,244,-13,267,0" />
</Scene>
<Scene>
<INIT seed="6,0,0,3,5,119" ten="273,229,231,267" oya="2" hai0="52,42,86,80,124,14,57,107,59,78,41,71,135" hai1="77,68,95,121,90,60,64,94,2,112,23,134,79" hai2="110,105,44,13,74,98,85,81,7,38,97,54,0" hai3="27,50,56,39,33,1,130,117,70,122,19,87,100"/><V26/><F74/><W6/><G39/><T31/><D71/><U67/><E2/><V37/><F0/><W104/><G70/><T28/><D107/><U46/><E112/><V123/><F123/><W66/><G117/><T29/><D124/><U43/><E134/><V111/><F26/><W118/><G118/><T21/><D135/><U18/><E67/><V3/><F3/><W96/><G130/><T45/><D59/><U101/><E101/><V49/><F7/><W108/><G108/><N who="2" m="41513" /><F13/><W51/><G122/><T116/><D116/><U125/><E125/><V35/><F35/><W103/><G103/><T20/><D14/><U120/><E79/><N who="2" m="46271" /><F105/><W30/><G87/><T36/><REACH who="0" step="1"/><D42/><REACH who="0" ten="263,229,231,267" step="2"/><U61/><E120/><V65/><F65/><W4/><G66/><T99/><D99/><AGARI ba="0,1" hai="37,38,44,49,54,97,98,99" m="46271,41513" machi="99" ten="30,1500,0" yaku="10,1" doraHai="119" who="2" fromWho="0" sc="263,-15,229,0,231,25,267,0" />
</Scene>
<Scene>
<INIT seed="6,1,0,2,3,44" ten="248,229,256,267" oya="2" hai0="134,65,34,84,47,45,14,23,121,10,102,11,69" hai1="135,111,95,105,43,103,81,73,50,2,82,113,0" hai2="42,24,126,36,83,28,6,21,48,120,4,68,90" hai3="49,60,61,29,26,107,88,116,115,108,59,19,7"/><V52/><F68/><W3/><G108/><T85/><D34/><U76/><E111/><V56/><F120/><W118/><G107/><T25/><D121/><U22/><E113/><V97/><F126/><W94/><G115/><T13/><D134/><U31/><E135/><V58/><F58/><W51/><G3/><T15/><D69/><U87/><E105/><V18/><F28/><W124/><G7/><N who="2" m="2601" /><F36/><W72/><G72/><T122/><D122/><U79/><E31/><V80/><F42/><W112/><G112/><T37/><D102/><U35/><E35/><V100/><F100/><W66/><G124/><T128/><D128/><U17/><E103/><V133/><F133/><W99/><G19/><N who="0" m="12543" /><D65/><U12/><REACH who="1" step="1"/><E95/><AGARI ba="1,0" hai="18,21,24,48,52,56,80,83,90,95,97" m="2601" machi="95" ten="30,5800,0" yaku="8,1,52,1,54,1" doraHai="44" who="2" fromWho="1" sc="248,0,229,-61,256,61,267,0" />
</Scene>
<Scene>
<INIT seed="6,2,0,4,4,103" ten="248,168,317,267" oya="2" hai0="121,15,93,80,77,18,90,24,48,82,66,72,33" hai1="108,113,70,102,85,112,56,60,10,97,132,4,99" hai2="79,50,11,75,133,62,71,58,21,38,1,116,51" hai3="19,35,111,83,89,120,7,34,17,134,105,91,92"/><V84/><F116/><W125/><G111/><T130/><D121/><U42/><E108/><V57/><F75/><W12/><G120/><T86/><D130/><U119/><E119/><V115/><F38/><W76/><G7/><T41/><D66/><U100/><E70/><V46/><F71/><W73/><G125/><T61/><D61/><U98/><E42/><V74/><F74/><W104/><G134/><T63/><D63/><U43/><E43/><V59/><F115/><N who="1" m="44105" /><E85/><V109/><F109/><W78/><G73/><T122/><D122/><U127/><E127/><V30/><F11/><W87/><G12/><T16/><D93/><U2/><E132/><V55/><F1/><W14/><G14/><T52/><D41/><U8/><E10/><V9/><F9/><W94/><G87/><T129/><D15/><U29/><E29/><V22/><F133/><W65/><G65/><AGARI ba="2,0" hai="2,4,8,56,60,65,97,98,99,100,102" m="44105" machi="65" ten="30,1000,0" yaku="15,1" doraHai="103" who="1" fromWho="3" sc="248,0,168,16,317,0,267,-16" />
</Scene>
<Scene>
<INIT seed="7,0,0,1,5,105" ten="248,184,317,251" oya="3" hai0="66,118,104,134,10,79,31,127,69,120,43,70,18" hai1="30,106,51,6,61,76,22,100,56,52,109,67,87" hai2="122,85,60,45,7,96,115,37,39,114,83,28,53" hai3="41,50,48,93,54,95,0,26,128,110,24,94,35"/><W123/><G123/><T88/><D120/><U75/><E109/><V86/><F122/><W13/><G0/><T119/><D10/><U57/><E6/><V55/><F7/><W97/><G110/><T49/><D49/><U42/><E42/><V58/><F28/><W77/><G128/><T1/><D31/><U65/><E87/><N who="2" m="33291" /><F96/><W81/><G35/><T91/><D43/><U112/><E112/><N who="2" m="43051" /><F83/><W38/><G97/><T40/><D40/><U27/><E67/><V23/><F23/><W3/><G3/><T63/><D63/><U62/><E62/><V130/><F130/><W116/><G81/><T92/><D1/><U113/><E113/><V82/><F82/><W74/><G41/><T103/><D66/><U34/><E34/><V126/><F126/><W121/><G121/><T12/><D12/><U101/><E106/><V89/><F89/><W64/><G13/><T133/><D18/><U132/><E132/><V99/><F99/><W25/><G26/><T17/><D17/><U36/><E36/><V117/><F117/><W108/><G38/><T29/><D29/><U15/><E15/><V47/><F47/><W8/><G25/><T107/><D92/><U90/><E90/><V124/><F124/><W5/><G94/><T129/><D127/><U4/><E4/><V11/><F11/><W14/><G93/><T135/><D133/><U98/><E98/><V102/><F102/><N who="1" m="39529" /><E75/><V32/><F32/><W84/><G5/><T68/><D103/><U44/><E44/><V33/><F33/><W125/><G125/><T21/><D134/><U46/><E46/><RYUUKYOKU ba="0,0" sc="248,-15,184,15,317,15,251,-15" hai1="22,27,30,51,52,56,57,61,65,76" hai2="37,39,45,53,55,58,60" owari="233,-17.0,199,-30.0,332,43.0,236,4.0" />
</Scene>
</mjloggm>