<mjloggm ver="2.3"><GO type="225" lobby="0"/><UN n0="%E5%AE%AE%E5%AD%90" n1="%E5%A4%AA%E3%81%8F%E3%81%AA%E3%81%84%E3%81%8A" n2="%46%4C%41%4D%45" n3="%E5%A4%9C%E5%8D%8A%E3%81%AE%E5%AF%9D%E8%A6%9A" dan="16,18,16,17" rate="2135.60,2227.97,2135.17,2170.60" sx="M,M,M,M"/><TAIKYOKU oya="0"/>

<Scene>
<INIT seed="0,0,0,3,3,2" ten="250,250,250,250" oya="0" hai0="108,67,26,116,110,43,112,56,127,98,117,49,5" hai1="57,44,34,135,80,94,96,81,104,134,18,93,3" hai2="46,131,39,114,60,129,133,128,91,61,21,22,130" hai3="0,16,14,62,109,50,55,59,20,68,123,73,58"/><T105/><D112/><U71/><E71/><V51/><F39/><W76/><G0/><T7/><D26/><U27/><E3/><V66/><F114/><W95/><G68/><T40/><D127/><U11/><E104/><V1/><F1/><W31/><G73/><T28/><D28/><N who="1" m="19743" /><E57/><V97/><F133/><N who="1" m="50697" /><E44/><V9/><N who="2" m="32768" /><DORA hai="65" /><V33/><F33/><W87/><G109/><N who="0" m="42091" /><D105/><U25/><E94/><N who="2" m="56543" /><F9/><W119/><G119/><N who="0" m="45643" /><D98/><U78/><E78/><V41/><F61/><W126/><G126/><T103/><D103/><N who="1" m="60815" /><E25/><V111/><F111/><W102/><G102/><T35/><D35/><U82/><E18/><V48/><F48/><W37/><G37/><T8/><D8/><AGARI ba="0,0" hai="8,11,80,81,82" m="60815,50697,19743" machi="8" ten="30,1000,0" yaku="20,1" doraHai="2,65" who="1" fromWho="0" sc="250,-10,250,10,250,0,250,0" />
</Scene>
<Scene>
<INIT seed="1,0,0,2,5,76" ten="240,260,250,250" oya="1" hai0="46,27,9,61,117,124,104,55,96,13,70,42,10" hai1="84,19,135,102,99,110,132,64,47,50,7,108,86" hai2="68,133,103,94,58,123,74,129,3,106,73,90,49" hai3="121,81,57,2,66,37,122,92,35,20,116,125,59"/><U97/><E7/><V119/><F68/><W83/><G35/><T131/><D117/><U15/><E64/><V6/><F119/><W67/><G116/><T63/><D124/><U93/><E99/><V98/><F123/><W77/><G2/><T0/><D0/><U134/><E84/><V128/><F6/><W82/><G37/><T24/><D131/><N who="2" m="50250" /><F3/><W62/><G77/><T71/><D9/><N who="1" m="6639" /><E86/><N who="2" m="52567" /><F133/><N who="1" m="34049" /><U60/><DORA hai="75" /><E60/><V87/><F87/><W8/><G125/><T44/><D96/><U17/><E17/><V114/><F114/><W105/><G105/><T126/><D104/><U16/><E16/><V48/><F58/><W26/><G8/><T51/><D126/><U1/><E1/><V101/><F101/><W69/><G92/><T41/><D10/><U78/><E78/><V115/><F115/><W43/><G122/><T72/><D71/><U34/><E34/><V80/><F80/><W21/><G121/><T25/><D70/><U79/><E79/><V89/><F89/><W107/><G107/><T39/><D72/><AGARI ba="0,0" hai="48,49,72,73,74,98,103,106" m="52567,50250" machi="72" ten="30,1000,0" yaku="19,1" doraHai="76,75" who="2" fromWho="0" sc="240,-10,260,0,250,10,250,0" />
</Scene>
<Scene>
<INIT seed="2,0,0,3,0,84" ten="230,260,260,250" oya="2" hai0="5,114,128,87,113,115,13,35,125,133,106,100,89" hai1="18,95,6,120,80,60,90,78,42,79,69,56,73" hai2="32,72,55,20,132,135,9,119,31,94,36,127,117" hai3="3,53,82,25,81,88,130,1,97,102,11,122,107"/><V83/><F36/><W38/><G38/><T39/><D35/><U134/><E134/><V45/><F32/><W121/><G25/><T24/><D39/><U57/><E42/><V96/><F127/><W16/><G1/><T58/><D133/><N who="2" m="51274" /><F9/><W2/><G3/><T124/><D24/><U26/><E6/><V21/><F72/><W62/><G81/><N who="0" m="49391" /><D58/><U10/><E79/><V101/><F83/><W34/><G34/><T103/><D13/><U23/><E120/><V123/><F123/><W109/><G2/><T12/><D12/><U29/><E10/><V110/><F110/><W92/><G109/><T54/><D54/><U17/><E69/><V105/><F105/><W129/><G82/><T98/><D5/><U118/><E118/><N who="2" m="45067" /><F31/><W104/><G11/><T67/><D67/><U4/><E4/><V70/><F70/><W111/><G111/><T0/><D0/><U37/><E37/><V93/><F93/><W50/><G16/><T59/><D59/><U63/><E57/><V41/><F41/><W46/><G104/><N who="0" m="63511" /><D128/><N who="3" m="49257" /><G62/><T71/><D71/><U15/><E56/><V33/><F33/><W99/><AGARI ba="0,0" hai="46,50,53,88,92,97,99,102,107,121,122" m="49257" machi="99" ten="30,4000,0" yaku="19,1,52,1,54,1" doraHai="84" who="3" fromWho="3" sc="230,-10,260,-10,260,-20,250,40" />
</Scene>
<Scene>
<INIT seed="3,0,0,1,1,20" ten="220,250,240,290" oya="3" hai0="49,101,31,69,7,64,45,24,129,71,97,88,41" hai1="14,0,119,132,133,114,106,104,91,113,110,70,93" hai2="125,67,124,83,23,115,56,81,89,38,35,121,13" hai3="118,87,96,36,122,109,59,27,74,65,50,18,55"/><W84/><G74/><T126/><D126/><N who="2" m="48746" /><F115/><N who="1" m="44041" /><E0/><V42/><F35/><W127/><G36/><T12/><D129/><U3/><E3/><V85/><F121/><W60/><G122/><T111/><D111/><U105/><E70/><V9/><F23/><N who="3" m="13815" /><G118/><T58/><D88/><U39/><E14/><V61/><F38/><W46/><G127/><T100/><D100/><U37/><E110/><V15/><F42/><W52/><G109/><T19/><D7/><U8/><E8/><V135/><F135/><N who="1" m="51785" /><E119/><V78/><F9/><W103/><G96/><AGARI ba="0,0" hai="37,39,91,93,96,104,105,106" m="51785,44041" machi="96" ten="40,1300,0" yaku="20,1" doraHai="20" who="1" fromWho="3" sc="220,0,250,13,240,0,290,-13" />
</Scene>
<Scene>
<INIT seed="4,0,0,2,0,97" ten="220,263,240,277" oya="0" hai0="129,32,120,9,13,10,23,84,40,94,76,44,117" hai1="36,82,101,43,104,77,51,6,25,123,18,59,31" hai2="72,19,98,102,124,57,106,60,113,121,132,2,16" hai3="92,56,91,41,26,116,35,107,62,5,99,37,30"/><T70/><D120/><U4/><E36/><V79/><F121/><W111/><G111/><T29/><D117/><U127/><E123/><V87/><F2/><W64/><G116/><T114/><D32/><U119/><E119/><V8/><F113/><W125/><G125/><T108/><D70/><U49/><E127/><V42/><F124/><W90/><G107/><T63/><D114/><U65/><E18/><V96/><F132/><W33/><G5/><T3/><D3/><U71/><E43/><V24/><F72/><W0/><G0/><T75/><D75/><U52/><E51/><V130/><F42/><W11/><G11/><T109/><D129/><U47/><E47/><V74/><F74/><W112/><G112/><T15/><D63/><N who="1" m="40383" /><E82/><V133/><F130/><W131/><G131/><T45/><D29/><U135/><E77/><V12/><F133/><W83/><G35/><T67/><D67/><U58/><E58/><V17/><F24/><W86/><G41/><T66/><D66/><U88/><E88/><V39/><F39/><W1/><G37/><N who="0" m="21519" /><D23/><U81/><E81/><V22/><F22/><W46/><G46/><T95/><D45/><U55/><E55/><N who="2" m="33855" /><F79/><W50/><G1/><T34/><D34/><N who="1" m="20847" /><E135/><V21/><F21/><W78/><REACH who="3" step="1"/><G50/><REACH who="3" ten="220,263,240,267" step="2"/><T110/><D9/><U128/><E128/><V122/><F122/><W134/><G134/><T100/><D10/><U89/><E4/><V20/><F8/><W53/><G53/><T93/><D100/><AGARI ba="0,1" hai="26,30,33,56,62,64,78,83,86,90,91,92,99,100" machi="100" ten="30,3900,0" yaku="1,1,7,1,52,1,53,0" doraHai="97" doraHaiUra="68" who="3" fromWho="0" sc="220,-39,263,0,240,0,267,49" owari="181,-32.0,263,6.0,240,-16.0,316,42.0" />
</Scene>
</mjloggm>