<mjloggm ver="2.3"><GO type="169" lobby="0"/><UN n0="%E3%82%BF%E3%82%B1%E3%82%BF%E3%82%B1%E3%82%BF%E3%82%B1" n1="%E5%A4%AA%E3%81%8F%E3%81%AA%E3%81%84%E3%81%8A" n2="%E9%9B%80%E9%BE%8D%E9%96%80%5F%59%75%74%69" n3="%E3%81%AF%E3%82%93%E3%82%80%E3%82%89%E3%81%B3" dan="17,17,16,16" rate="2146.23,2167.80,2125.02,2098.27" sx="M,M,M,M"/><TAIKYOKU oya="0"/>

<Scene>
<INIT seed="0,0,0,1,0,90" ten="250,250,250,250" oya="0" hai0="20,12,17,114,104,98,82,93,56,39,36,16,99" hai1="2,78,71,67,58,43,0,59,49,30,115,122,123" hai2="128,51,74,121,66,62,9,83,34,117,27,133,54" hai3="6,8,7,131,113,1,57,75,61,107,35,134,38"/><T10/><D114/><U111/><E30/><V65/><F121/><N who="1" m="46089" /><E78/><V109/><F109/><W13/><G131/><T77/><D104/><U28/><E28/><N who="2" m="19743" /><F62/><W95/><G107/><T81/><D56/><U44/><E0/><V4/><F83/><W70/><G70/><T135/><D135/><U25/><E25/><V110/><F74/><W89/><G38/><T55/><D55/><U19/><E19/><V97/><F97/><W29/><G134/><T100/><D99/><U48/><E2/><N who="2" m="151" /><F110/><W5/><G113/><T132/><D132/><U92/><E92/><V124/><F128/><W116/><G116/><T105/><D105/><U120/><E115/><V24/><F24/><W112/><G75/><T60/><D60/><N who="1" m="40423" /><E111/><V14/><F133/><W129/><G129/><T91/><D91/><U33/><E33/><V40/><F117/><W119/><G119/><T108/><D108/><U101/><E101/><V26/><F65/><W64/><G112/><T18/><D82/><U47/><N who="1" m="46097" /><U68/><DORA hai="23" /><E68/><V11/><F66/><W125/><G1/><T76/><D77/><U22/><E22/><V106/><F106/><W87/><G35/><T118/><D118/><U32/><E32/><V41/><F26/><W94/><G94/><T85/><REACH who="0" step="1"/><D20/><REACH who="0" ten="240,250,250,250" step="2"/><U37/><E47/><N who="2" m="28031" /><F124/><W96/><G125/><T69/><D69/><U86/><E59/><V52/><F52/><W73/><G96/><T126/><D126/><U21/><E58/><V102/><F102/><W79/><G57/><T31/><D31/><U63/><E63/><V45/><F45/><W3/><G29/><RYUUKYOKU ba="0,1" sc="240,15,250,-15,250,15,250,-15" hai0="10,12,16,17,18,36,39,76,81,85,93,98,100" hai2="11,14,40,41" />
</Scene>
<Scene>
<INIT seed="0,1,1,4,4,46" ten="255,235,265,235" oya="0" hai0="54,111,118,32,61,59,101,64,10,133,78,57,4" hai1="48,95,104,120,2,6,121,52,119,132,18,19,81" hai2="108,17,42,69,13,12,8,22,67,130,90,129,124" hai3="56,77,65,102,75,43,134,131,35,73,83,29,85"/><T66/><D118/><U98/><E119/><V49/><F108/><W30/><G102/><T94/><D111/><U53/><E104/><V100/><F124/><W127/><G127/><T50/><D32/><U135/><E6/><V26/><F100/><W55/><G134/><N who="1" m="51242" /><E2/><V31/><F90/><W123/><G123/><N who="1" m="47178" /><E81/><V110/><F110/><W62/><G131/><T15/><D133/><U11/><E11/><V84/><F84/><W9/><G43/><T86/><D78/><U44/><E53/><V20/><F8/><W109/><G109/><T37/><D37/><U21/><E21/><V24/><F130/><W103/><G9/><T51/><D86/><U60/><E60/><V82/><F82/><W39/><G39/><T25/><D25/><U3/><E3/><V1/><F1/><W0/><G0/><T72/><D72/><U107/><E107/><V70/><F129/><W115/><G75/><T34/><D34/><U105/><E105/><V40/><F31/><W116/><G30/><T38/><D38/><U128/><E128/><V112/><F17/><W87/><G116/><T114/><D94/><U96/><E96/><V76/><F76/><W89/><G73/><T63/><D101/><AGARI ba="1,1" hai="18,19,44,48,52,95,98,101" m="47178,51242" machi="101" ten="30,3900,0" yaku="20,1,52,1,54,1" doraHai="46" who="1" fromWho="0" sc="255,-42,235,52,265,0,235,0" />
</Scene>
<Scene>
<INIT seed="1,0,0,5,2,29" ten="213,287,265,235" oya="1" hai0="100,23,63,89,49,65,17,11,36,64,6,93,116" hai1="132,25,32,73,35,124,87,83,18,43,51,21,94" hai2="10,42,9,16,95,120,110,90,2,129,135,130,99" hai3="81,88,7,84,33,119,97,122,66,50,111,61,78"/><U31/><E73/><V62/><F120/><W105/><G122/><T8/><D36/><U12/><E124/><V5/><F110/><W44/><G111/><T102/><D116/><U85/><E132/><V24/><F135/><W108/><G108/><T128/><D128/><N who="2" m="49258" /><F42/><W117/><G7/><T20/><D49/><U69/><E69/><V1/><F62/><W52/><G33/><T34/><D34/><U47/><E94/><V39/><F39/><W106/><G78/><T107/><D107/><U109/><E109/><V77/><F77/><W70/><REACH who="3" step="1"/><G97/><REACH who="3" ten="213,287,265,225" step="2"/><T26/><D6/><U67/><E87/><V60/><F5/><W125/><G125/><T101/><D23/><U54/><E35/><V40/><F2/><W55/><G55/><T68/><REACH who="0" step="1"/><D65/><REACH who="0" ten="203,287,265,225" step="2"/><U37/><E67/><V13/><F1/><W30/><G30/><T113/><D113/><U58/><E32/><V86/><F9/><W92/><G92/><T28/><D28/><U19/><E31/><V41/><F95/><W79/><G79/><T115/><D115/><U104/><E104/><AGARI ba="0,2" hai="44,50,52,61,66,70,81,84,88,104,105,106,117,119" machi="104" ten="40,5200,0" yaku="1,1,54,2,53,0" doraHai="29" doraHaiUra="74" who="3" fromWho="1" sc="203,0,287,-52,265,0,225,72" />
</Scene>
<Scene>
<INIT seed="2,0,0,5,3,2" ten="203,235,265,297" oya="2" hai0="4,90,34,109,59,97,16,116,73,17,122,121,57" hai1="28,9,3,128,74,23,43,103,106,115,12,7,44" hai2="78,1,21,110,48,118,19,134,65,75,30,83,63" hai3="91,86,114,80,35,58,60,94,107,47,99,88,105"/><V112/><F118/><W76/><G35/><T69/><D69/><U127/><E115/><V68/><F112/><W36/><G114/><T89/><D34/><U50/><E74/><V55/><F134/><W98/><G47/><T124/><D73/><U111/><E111/><V53/><F110/><W41/><G41/><T92/><D109/><U20/><E128/><V125/><F125/><W123/><G36/><T81/><D124/><U61/><E127/><V101/><F1/><W38/><G38/><T42/><D42/><U131/><E131/><V8/><F48/><W10/><G10/><T82/><D116/><U18/><E61/><V39/><F39/><W93/><REACH who="3" step="1"/><G123/><REACH who="3" ten="203,235,265,287" step="2"/><T25/><D122/><U15/><E3/><V6/><F30/><W54/><AGARI ba="0,1" hai="54,58,60,76,80,86,88,91,93,94,98,99,105,107" machi="54" ten="20,16000,3" yaku="1,1,2,1,0,1,7,1,9,1,54,1,53,2" doraHai="2" doraHaiUra="84" who="3" fromWho="3" sc="203,-40,235,-40,265,-80,287,170" />
</Scene>
<Scene>
<INIT seed="3,0,0,1,0,40" ten="163,195,185,457" oya="3" hai0="114,11,93,131,133,12,17,56,38,51,46,4,61" hai1="24,100,112,98,25,111,69,80,135,113,123,115,64" hai2="67,95,75,101,116,103,36,125,27,72,120,110,57" hai3="50,29,126,106,68,84,49,92,77,129,23,79,9"/><W104/><G68/><T83/><D38/><U33/><E123/><V107/><F116/><W19/><G129/><T21/><D131/><U45/><E111/><V102/><F36/><W109/><G126/><T30/><D133/><U52/><E135/><V91/><F27/><W62/><G109/><T0/><D114/><U108/><E108/><V65/><F110/><W16/><G29/><T66/><D93/><U118/><E118/><V5/><F5/><W43/><G62/><T28/><REACH who="0" step="1"/><D83/><REACH who="0" ten="153,195,185,457" step="2"/><U81/><E80/><V85/><F125/><W60/><G92/><T47/><D47/><U2/><E45/><V34/><F120/><W124/><G124/><T13/><D13/><U41/><E81/><V82/><F107/><W15/><G106/><T6/><D6/><U96/><E113/><V1/><F1/><W134/><G104/><T37/><D37/><U90/><E2/><V63/><F34/><W31/><G15/><T20/><D20/><U59/><E33/><V42/><F42/><AGARI ba="0,1" hai="0,4,11,12,17,21,28,30,42,46,51,56,61,66" machi="42" ten="30,7700,0" yaku="1,1,7,1,52,1,53,1" doraHai="40" doraHaiUra="8" who="0" fromWho="2" sc="153,87,195,0,185,-77,457,0" />
</Scene>
<Scene>
<INIT seed="4,0,0,5,2,105" ten="240,195,108,457" oya="0" hai0="58,79,5,66,43,52,28,114,20,124,129,76,10" hai1="101,37,15,130,21,126,56,90,127,45,72,85,95" hai2="6,57,22,89,120,24,61,39,109,131,113,74,75" hai3="46,122,47,78,27,35,123,60,77,118,135,69,34"/><T11/><D114/><U1/><E1/><V36/><F109/><W121/><G118/><T3/><D124/><N who="1" m="47659" /><E130/><V125/><F120/><W26/><G135/><T88/><D129/><U102/><E72/><N who="2" m="27691" /><F131/><W40/><G69/><T87/><D66/><U53/><E45/><N who="3" m="16906" /><G60/><N who="0" m="35911" /><D3/><U7/><E37/><N who="2" m="14411" /><F6/><W13/><G13/><N who="0" m="5327" /><D43/><U23/><E7/><V59/><F125/><W104/><G40/><T0/><D0/><U116/><E116/><V117/><F117/><W128/><G104/><T132/><D132/><U97/><E15/><V49/><F113/><W48/><G128/><T80/><D11/><U18/><E18/><N who="2" m="12375" /><F61/><W86/><G35/><T98/><D98/><U62/><E101/><V4/><F49/><W30/><G48/><T134/><D134/><U91/><E102/><V19/><F4/><W38/><G38/><T73/><D73/><U92/><AGARI ba="0,0" hai="21,23,53,56,62,85,90,91,92,95,97" m="47659" machi="92" ten="30,1100,0" yaku="18,1" doraHai="105" who="1" fromWho="1" sc="240,-5,195,11,108,-3,457,-3" />
</Scene>
<Scene>
<INIT seed="5,0,0,5,3,8" ten="235,206,105,454" oya="1" hai0="35,7,56,36,10,131,29,62,119,58,21,80,105" hai1="60,100,132,109,71,5,122,127,115,11,23,51,55" hai2="77,68,72,125,70,4,15,128,129,67,114,31,44" hai3="82,25,81,63,130,75,27,78,86,76,9,106,101"/><U46/><E122/><V0/><F0/><W53/><G130/><N who="2" m="50281" /><F31/><W99/><G9/><T108/><D105/><U61/><E115/><V6/><F114/><W111/><G111/><T24/><D36/><U16/><E109/><V54/><F125/><W64/><G53/><T123/><D131/><U124/><E100/><V116/><F116/><W22/><G22/><T50/><D119/><U3/><E132/><V133/><F133/><W73/><G73/><T65/><D108/><U2/><E2/><V18/><F67/><W49/><G49/><T32/><D123/><U41/><E71/><AGARI ba="0,0" hai="25,27,63,64,71,75,76,78,81,82,86,99,101,106" machi="71" ten="30,1000,0" yaku="7,1" doraHai="8" who="3" fromWho="1" sc="235,0,206,-10,105,0,454,10" />
</Scene>
<Scene>
<INIT seed="6,0,0,4,5,42" ten="235,196,105,464" oya="2" hai0="101,15,43,126,105,107,41,112,56,116,4,74,13" hai1="64,76,134,31,114,44,66,33,54,0,17,5,79" hai2="28,73,97,125,83,14,70,75,20,9,30,77,62" hai3="6,23,63,40,53,71,34,115,89,87,82,121,58"/><V3/><F125/><W60/><G34/><T131/><D74/><U86/><E114/><V45/><F75/><W88/><G6/><T132/><D56/><U61/><E134/><V72/><F72/><W124/><G121/><T59/><D59/><N who="1" m="35063" /><E33/><V119/><F119/><W96/><G40/><T52/><D101/><U113/><E0/><V133/><F133/><W50/><G115/><T39/><D4/><U128/><E113/><V109/><F109/><W91/><G71/><T123/><D15/><U16/><E31/><V117/><F117/><W38/><G38/><T103/><D13/><U68/><E68/><V10/><F97/><W69/><G69/><T94/><D41/><U92/><E5/><V130/><F130/><W118/><G118/><T78/><D43/><U24/><E128/><V49/><F3/><W8/><G8/><T57/><D39/><U46/><E92/><V122/><F122/><W55/><G23/><T21/><D94/><U25/><E25/><V111/><F111/><W100/><G63/><T51/><D107/><U98/><E98/><V127/><F127/><W1/><G1/><T84/><D105/><U26/><E26/><N who="2" m="16455" /><F30/><W102/><G124/><T47/><D126/><U81/><E76/><V99/><F99/><W106/><G100/><T67/><D103/><U135/><E135/><V27/><F27/><W12/><G12/><T19/><D132/><U80/><E80/><V35/><F35/><W18/><G18/><N who="1" m="7274" /><E24/><V95/><F14/><W120/><G120/><T22/><D116/><U2/><E2/><V37/><F37/><W11/><G11/><RYUUKYOKU ba="0,0" sc="235,-15,196,15,105,-15,464,15" hai1="44,46,64,66,79,81,86" hai3="50,53,55,58,60,82,87,88,89,91,96,102,106" />
</Scene>
<Scene>
<INIT seed="7,1,0,3,5,77" ten="220,211,90,479" oya="3" hai0="131,30,71,130,6,87,84,97,65,51,61,83,64" hai1="109,76,129,98,120,58,10,28,36,91,2,22,72" hai2="4,50,100,43,5,41,96,111,66,9,7,132,18" hai3="107,69,118,124,19,126,94,128,35,99,17,116,38"/><W1/><G107/><T78/><D64/><U106/><E120/><V133/><F111/><W21/><G1/><T63/><D63/><U24/><E109/><V104/><F66/><W75/><G35/><T119/><D119/><U122/><E122/><V44/><F9/><W25/><G69/><T81/><D30/><U26/><E36/><V134/><REACH who="2" step="1"/><F18/><REACH who="2" ten="220,211,80,479" step="2"/><W29/><G75/><T57/><D65/><U89/><E72/><V93/><F93/><W95/><G95/><T67/><D67/><U33/><E10/><V53/><AGARI ba="1,1" hai="4,5,7,41,43,44,50,53,96,100,104,132,133,134" machi="53" ten="40,5200,0" yaku="1,1,0,1,20,1,53,0" doraHai="77" doraHaiUra="56" who="2" fromWho="2" sc="220,-14,211,-14,80,65,479,-27" owari="206,1.0,197,-20.0,145,-35.0,452,54.0" />
</Scene>
</mjloggm>