<mjloggm ver="2.3"><GO type="169" lobby="0"/><UN n0="%4E%6E%31%33%34" n1="%E5%A4%A9%E9%BC%93" n2="%E5%A4%AA%E3%81%8F%E3%81%AA%E3%81%84%E3%81%8A" n3="%E3%81%9F%E3%83%BC%E3%81%AC" dan="16,17,18,16" rate="2109.37,2134.95,2213.54,2116.06" sx="M,M,M,M"/><TAIKYOKU oya="0"/>

<Scene>
<INIT seed="0,0,0,0,4,121" ten="250,250,250,250" oya="0" hai0="73,36,114,128,117,28,112,30,50,129,38,105,18" hai1="95,131,9,132,44,21,12,134,90,29,53,72,106" hai2="45,26,98,104,42,124,54,75,113,79,27,74,10" hai3="52,97,25,125,86,34,120,65,118,103,39,93,37"/><T60/><D105/><U59/><E106/><V100/><F113/><W84/><G120/><T41/><D73/><U89/><E72/><V4/><F124/><W35/><G125/><T17/><D60/><U57/><E131/><V0/><F54/><W110/><G118/><T62/><D62/><U81/><E81/><N who="2" m="45303" /><F75/><W77/><G65/><T101/><D101/><U76/><E76/><V70/><F70/><W5/><G5/><T123/><D50/><N who="1" m="28871" /><E90/><V99/><F99/><W133/><G110/><T87/><D87/><N who="1" m="52671" /><E21/><V23/><F23/><W1/><G133/><N who="1" m="51306" /><E29/><V111/><F111/><W85/><G77/><T71/><D123/><U64/><E64/><V11/><F11/><W33/><G1/><T43/><REACH who="0" step="1"/><D71/><REACH who="0" ten="240,250,250,250" step="2"/><U48/><E48/><V32/><F100/><W8/><G37/><T56/><D56/><U20/><E57/><V82/><F104/><W127/><G39/><T63/><D63/><U115/><E59/><V107/><F107/><W15/><G127/><T31/><D31/><U78/><E115/><V126/><F126/><W122/><G122/><T24/><D24/><U91/><E91/><V16/><F26/><W119/><G25/><T47/><D47/><U102/><E78/><V61/><F61/><W58/><G119/><AGARI ba="0,1" hai="17,18,28,30,36,38,41,43,112,114,117,119,128,129" machi="119" ten="25,4800,0" yaku="1,1,22,2,53,0" doraHai="121" doraHaiUra="55" who="0" fromWho="3" sc="240,58,250,0,250,0,250,-48" />
</Scene>
<Scene>
<INIT seed="0,1,0,4,5,70" ten="298,250,250,202" oya="0" hai0="22,56,119,36,85,115,8,42,88,124,55,107,112" hai1="106,127,24,32,28,25,31,121,83,2,71,35,18" hai2="27,17,84,79,26,105,41,65,43,72,98,4,44" hai3="37,46,16,134,87,7,95,129,9,57,131,21,10"/><T76/><D107/><U48/><E71/><V113/><F113/><W77/><G134/><T110/><D119/><U19/><E106/><V30/><F72/><W123/><G57/><T94/><D124/><U29/><E48/><V117/><F117/><W33/><G33/><N who="1" m="12874" /><E83/><V132/><F132/><W20/><G123/><T12/><D110/><U97/><E97/><V114/><F114/><W82/><G95/><T40/><D76/><U93/><E93/><V133/><F133/><W101/><G101/><T61/><D22/><U81/><E81/><V14/><F65/><W5/><G21/><T90/><D90/><U53/><E53/><V51/><F43/><N who="3" m="22895" /><G10/><T100/><D100/><U135/><E127/><V89/><F79/><W47/><G9/><T11/><D11/><U116/><E116/><V66/><F66/><W34/><G34/><T86/><D86/><U67/><E67/><V75/><F75/><W92/><G92/><T118/><D42/><U3/><E121/><V58/><F105/><W130/><G47/><T111/><D118/><U52/><E52/><V122/><F122/><W23/><G23/><T126/><D126/><U102/><E102/><V39/><F84/><W63/><G63/><T62/><D62/><U103/><E103/><V74/><F89/><W0/><G0/><N who="1" m="42" /><E135/><V60/><F60/><W73/><G73/><T109/><D115/><U59/><E59/><V104/><F104/><W6/><G6/><N who="0" m="3095" /><D112/><U64/><E64/><V68/><F74/><W1/><G1/><T38/><D40/><U49/><E49/><V108/><F51/><W120/><G120/><RYUUKYOKU ba="1,0" sc="298,10,250,10,250,-30,202,10" hai0="36,38,55,56,61,85,88,94,109,111" hai1="18,19,24,25,28,29,31" hai3="5,7,16,20,77,82,87,129,130,131" />
</Scene>
<Scene>
<INIT seed="0,2,0,1,1,103" ten="308,260,220,212" oya="0" hai0="100,122,101,18,80,90,7,15,99,110,88,60,77" hai1="119,68,106,58,48,3,35,17,98,65,27,29,56" hai2="20,31,81,34,32,43,55,132,116,73,95,86,9" hai3="39,76,69,51,49,40,107,59,84,72,108,53,78"/><T74/><D122/><U8/><E119/><V133/><F116/><W117/><G108/><T33/><D33/><U26/><E48/><V1/><F73/><W94/><G117/><T114/><D114/><U19/><E26/><N who="2" m="16839" /><F43/><W131/><G69/><T47/><D7/><N who="1" m="1151" /><E58/><V124/><F95/><W61/><G107/><T71/><D110/><U16/><E56/><V129/><F124/><W10/><G131/><T2/><D2/><U120/><E19/><V66/><F66/><W23/><G72/><T14/><D14/><U87/><E87/><V11/><F129/><W79/><G39/><T123/><D123/><U127/><E127/><V13/><F55/><W75/><G75/><T12/><D12/><U30/><E30/><V22/><F86/><W115/><G115/><T134/><D47/><U109/><E109/><V91/><F91/><N who="3" m="53607" /><G40/><T38/><D38/><U67/><E67/><V85/><F85/><W24/><G10/><N who="2" m="3593" /><F1/><W36/><G36/><T82/><D74/><U130/><E130/><V93/><F93/><W54/><G54/><T0/><D0/><U112/><E112/><V92/><F92/><W4/><G4/><T118/><D118/><U28/><E28/><AGARI ba="2,0" hai="23,24,28,49,51,53,59,61,76,78,79" m="53607" machi="28" ten="30,1000,0" yaku="8,1" doraHai="103" who="3" fromWho="1" sc="308,0,260,-16,220,0,212,16" />
</Scene>
<Scene>
<INIT seed="1,0,0,2,5,9" ten="308,244,220,228" oya="1" hai0="134,8,38,93,85,52,47,110,40,122,44,56,20" hai1="49,124,111,23,109,13,135,60,103,4,132,75,16" hai2="15,28,82,98,65,112,21,88,14,113,11,10,58" hai3="51,12,84,108,70,50,69,45,91,32,74,48,7"/><U0/><E75/><V99/><F28/><W53/><G108/><N who="1" m="41546" /><E124/><V97/><F21/><W55/><G74/><T57/><D110/><U120/><E120/><V34/><F34/><W42/><G32/><T94/><D8/><N who="2" m="3114" /><F65/><W96/><G7/><T41/><D134/><N who="1" m="51243" /><E103/><V80/><F58/><N who="3" m="33063" /><G69/><T73/><D73/><U133/><N who="1" m="51251" /><U2/><DORA hai="106" /><E49/><V117/><F117/><W100/><G70/><T126/><D126/><U81/><E81/><N who="2" m="31339" /><F88/><W129/><G100/><T24/><D122/><U25/><E60/><V78/><F78/><W76/><G76/><T1/><D1/><N who="1" m="619" /><E4/><V61/><F61/><W30/><G91/><T95/><D85/><U19/><E19/><V104/><F104/><W64/><G51/><T79/><D79/><U83/><E83/><V101/><F101/><W86/><G50/><T130/><D57/><U72/><E72/><V127/><F127/><W63/><G63/><T6/><D6/><U87/><E87/><V105/><F105/><W67/><G84/><T68/><D68/><U66/><E66/><V71/><F71/><W35/><G64/><T123/><D123/><U39/><E39/><V116/><F116/><W27/><G67/><T37/><D56/><U77/><E77/><V128/><F98/><W131/><G96/><T62/><D62/><U33/><E33/><V121/><F121/><W90/><G86/><T107/><D107/><U92/><E25/><V3/><F99/><W43/><G35/><T5/><D5/><U26/><E26/><V17/><F97/><W125/><G27/><T29/><D38/><U54/><E54/><RYUUKYOKU ba="0,0" sc="308,-10,244,30,220,-10,228,-10" hai1="13,16,23,92" />
</Scene>
<Scene>
<INIT seed="1,1,0,1,4,130" ten="298,274,210,218" oya="1" hai0="62,44,86,11,100,4,33,36,37,67,28,105,56" hai1="85,120,87,112,43,134,119,9,128,115,0,17,22" hai2="19,20,132,107,116,117,27,51,45,75,68,83,16" hai3="71,84,113,34,25,122,82,59,101,23,106,8,79"/><U32/><E32/><V12/><F68/><W61/><G71/><T69/><D86/><U131/><E120/><V103/><F107/><W48/><G122/><T80/><D56/><U88/><E119/><V52/><F103/><W127/><G113/><T29/><D29/><U108/><E87/><V98/><F98/><W57/><G34/><T2/><D80/><U93/><E108/><V114/><F114/><W72/><G127/><T26/><D44/><U66/><E134/><V102/><F102/><W133/><G133/><T135/><D135/><U123/><E123/><V96/><F96/><AGARI ba="1,0" hai="2,4,11,26,28,33,36,37,62,67,69,96,100,105" machi="96" ten="40,8000,1" yaku="25,2,33,3" doraHai="130" who="0" fromWho="2" sc="298,83,274,0,210,-83,218,0" />
</Scene>
<Scene>
<INIT seed="2,0,0,0,2,76" ten="381,274,127,218" oya="2" hai0="9,64,122,80,117,40,41,112,83,114,89,28,4" hai1="115,124,75,126,78,120,102,43,81,29,27,26,100" hai2="32,97,7,8,60,15,87,31,86,101,54,74,99" hai3="51,57,127,110,116,73,53,125,93,22,19,61,98"/><V105/><F74/><W50/><G116/><T11/><D122/><U36/><E115/><V107/><F54/><W94/><G110/><T96/><D64/><U130/><E120/><V113/><F113/><W119/><G73/><T109/><D117/><U79/><E130/><V12/><F60/><W135/><G135/><T131/><D109/><U52/><E26/><V55/><F55/><W91/><G94/><N who="0" m="56399" /><D131/><U42/><E52/><V21/><F32/><W59/><G119/><T33/><D33/><U77/><E79/><V38/><F38/><W106/><G106/><T68/><D68/><U3/><E77/><V39/><F39/><W49/><REACH who="3" step="1"/><G59/><REACH who="3" ten="381,274,127,208" step="2"/><T58/><D58/><U134/><E134/><V45/><F45/><W65/><G65/><T82/><D114/><U2/><E126/><V17/><REACH who="2" step="1"/><F31/><REACH who="2" ten="381,274,117,208" step="2"/><W56/><G56/><T85/><D112/><U18/><E29/><V47/><F47/><W95/><G95/><T6/><D28/><U34/><E124/><V62/><F62/><W0/><G0/><T5/><D41/><U37/><E2/><V14/><F14/><AGARI ba="0,2" hai="14,19,22,49,50,51,53,57,61,91,93,98,125,127" machi="14" ten="40,1300,0" yaku="1,1,53,0" doraHai="76" doraHaiUra="108" who="3" fromWho="2" sc="381,0,274,0,117,-13,208,33" />
</Scene>
<Scene>
<INIT seed="3,0,0,1,0,117" ten="381,274,104,241" oya="3" hai0="19,28,59,94,104,40,58,37,109,106,62,3,95" hai1="112,41,45,89,20,101,53,79,114,115,57,13,75" hai2="32,63,42,15,16,96,64,92,99,102,69,83,82" hai3="49,48,39,88,130,21,123,27,87,6,31,125,113"/><W91/><G123/><T22/><D3/><U133/><E133/><V126/><F126/><W67/><G39/><T119/><D119/><U47/><E89/><V23/><F32/><W26/><G125/><T7/><D7/><U24/><E13/><V129/><F129/><W100/><G113/><T11/><D40/><U55/><E101/><V98/><F42/><W36/><G130/><T116/><D37/><U18/><E57/><V90/><REACH who="2" step="1"/><F98/><REACH who="2" ten="381,274,94,241" step="2"/><W124/><G124/><T80/><D116/><U1/><E115/><V46/><F46/><W108/><G108/><T5/><D109/><U134/><E45/><V14/><F14/><W77/><G27/><T70/><D70/><U52/><E114/><V10/><F10/><W135/><G26/><T118/><D11/><U84/><E112/><V29/><F29/><W127/><G127/><T2/><D28/><U65/><E47/><V78/><F78/><W43/><G31/><T111/><D111/><U12/><E41/><V35/><F35/><W103/><G77/><T72/><D118/><U132/><E12/><V105/><AGARI ba="0,1" hai="15,16,23,63,64,69,82,83,90,92,96,99,102,105" machi="105" ten="20,5200,0" yaku="1,1,0,1,7,1,54,1,53,0" doraHai="117" doraHaiUra="4" who="2" fromWho="2" sc="381,-13,274,-13,94,62,241,-26" />
</Scene>
<Scene>
<INIT seed="4,0,0,0,4,10" ten="368,261,156,215" oya="0" hai0="94,108,11,48,67,56,8,5,98,9,59,21,93" hai1="102,132,6,51,71,19,42,17,54,75,45,103,87" hai2="122,104,79,123,121,38,36,22,58,105,81,47,133" hai3="61,120,135,118,55,88,43,116,32,15,3,1,57"/><T128/><D128/><U23/><E75/><V62/><F133/><W96/><G32/><T28/><D108/><U27/><E132/><V33/><F33/><W66/><G135/><T72/><D72/><U124/><E71/><V91/><F91/><W31/><G31/><T14/><D94/><U97/><E124/><V115/><F115/><W12/><G43/><T46/><D59/><U89/><E6/><V74/><F22/><W53/><G120/><T70/><D70/><U25/><E97/><V50/><F38/><W101/><G3/><T111/><D111/><U129/><E129/><V49/><F36/><W117/><G1/><T127/><D127/><U65/><E65/><V37/><F37/><W26/><G26/><N who="0" m="16463" /><D56/><U39/><E19/><V99/><F99/><W107/><G55/><N who="0" m="30103" /><D67/><U63/><E25/><V69/><F69/><W85/><REACH who="3" step="1"/><G66/><REACH who="3" ten="368,261,156,205" step="2"/><T40/><D40/><U92/><E39/><V35/><F35/><W86/><G86/><T109/><D109/><U134/><E134/><V82/><F122/><W130/><G130/><T64/><D64/><U20/><E42/><V90/><F123/><W78/><G78/><T0/><D0/><U7/><E87/><N who="2" m="50551" /><F121/><W84/><G84/><T29/><D29/><U114/><E27/><V125/><F125/><W83/><AGARI ba="0,1" hai="12,15,53,57,61,83,85,88,96,101,107,116,117,118" machi="83" ten="30,8000,1" yaku="1,1,0,1,52,2,54,1,53,0" doraHai="10" doraHaiUra="110" who="3" fromWho="3" sc="368,-40,261,-20,156,-20,205,90" />
</Scene>
<Scene>
<INIT seed="5,0,0,4,3,84" ten="328,241,136,295" oya="1" hai0="38,83,2,67,76,71,68,36,99,12,106,69,14" hai1="77,80,44,20,102,133,47,72,5,91,88,131,134" hai2="51,59,107,126,8,110,66,117,132,101,114,122,31" hai3="111,22,16,13,4,25,75,118,23,54,95,39,115"/><U26/><E131/><V27/><F110/><W46/><G111/><T48/><D48/><U35/><E35/><V52/><F117/><W58/><G115/><T18/><D67/><U41/><E102/><V92/><F122/><W33/><G118/><T103/><D2/><U109/><E5/><V81/><F107/><W55/><G75/><T57/><D57/><U127/><E127/><V121/><F121/><W124/><G124/><T82/><D82/><U43/><E109/><V98/><F126/><W1/><G33/><T116/><D116/><U42/><E47/><V24/><F132/><N who="1" m="50793" /><E44/><V105/><F114/><W65/><G95/><T104/><D104/><U34/><E34/><V86/><F105/><W94/><G94/><T45/><D45/><U7/><E7/><V73/><F73/><W78/><G78/><T64/><D64/><U32/><E32/><V53/><F66/><W50/><G39/><T125/><D125/><U89/><E42/><V56/><F8/><W3/><G4/><T108/><D108/><U37/><E37/><V40/><F31/><AGARI ba="0,0" hai="20,26,31,41,43,72,77,80,88,89,91" m="50793" machi="31" ten="30,12000,1" yaku="20,1,52,3,54,1" doraHai="84" who="1" fromWho="2" sc="328,0,241,120,136,-120,295,0" />
</Scene>
<Scene>
<INIT seed="5,1,0,3,1,109" ten="328,361,16,295" oya="1" hai0="83,118,42,129,71,125,33,29,17,103,44,115,52" hai1="133,48,8,121,21,65,106,22,25,120,79,77,85" hai2="32,57,61,100,7,94,26,18,54,78,13,110,5" hai3="75,50,66,92,63,93,2,134,15,127,135,56,90"/><U131/><E106/><V4/><F110/><W102/><G127/><T41/><D71/><U128/><E133/><N who="3" m="50698" /><G75/><T11/><D118/><U3/><E65/><V117/><F117/><W34/><G2/><T60/><D129/><N who="1" m="49739" /><E48/><V76/><F32/><W0/><G0/><T30/><D103/><U107/><E107/><V59/><F26/><W116/><G116/><T58/><D125/><U14/><E3/><V19/><F59/><W97/><G34/><T28/><D33/><U132/><E132/><V36/><F36/><W53/><G15/><T98/><D42/><U91/><E79/><V68/><F68/><N who="3" m="42079" /><G90/><T46/><D41/><U101/><E77/><N who="2" m="29803" /><F13/><W74/><G74/><T73/><D73/><U126/><E101/><V9/><F9/><W51/><G51/><T108/><D11/><U104/><E104/><AGARI ba="1,0" hai="50,53,56,92,93,97,102,104" m="42079,50698" machi="104" ten="30,1000,0" yaku="20,1" doraHai="109" who="3" fromWho="1" sc="328,0,361,-13,16,0,295,13" />
</Scene>
<Scene>
<INIT seed="6,0,0,2,1,117" ten="328,348,16,308" oya="2" hai0="66,56,100,132,4,68,17,119,52,84,73,45,71" hai1="21,129,96,65,20,67,130,128,11,62,12,75,99" hai2="94,108,16,19,76,48,61,93,42,27,77,58,104" hai3="135,111,41,101,54,109,51,70,22,95,92,2,64"/><V122/><F104/><W88/><G2/><T38/><D73/><U14/><E75/><V131/><F131/><W25/><G135/><T33/><D33/><U110/><E110/><V118/><F118/><W60/><G41/><T74/><D74/><U86/><E86/><V59/><F108/><W83/><G101/><T23/><D132/><U103/><E65/><V8/><F122/><W98/><G95/><N who="2" m="36361" /><F8/><W1/><G83/><T78/><D4/><N who="1" m="3175" /><E14/><V123/><F123/><W69/><G69/><T50/><D100/><U121/><E121/><V85/><F27/><W79/><G79/><N who="2" m="30281" /><F85/><W6/><G6/><T127/><D119/><U89/><E89/><V57/><F61/><W10/><G10/><T97/><D84/><U5/><E5/><V37/><F37/><W3/><G109/><T26/><D78/><U53/><E99/><V55/><F42/><W120/><G111/><T44/><D97/><U126/><E103/><V39/><F39/><W105/><G105/><T29/><D38/><U15/><E96/><V28/><F28/><W32/><G32/><T31/><D31/><U47/><E15/><V0/><F0/><W7/><G7/><T90/><D29/><U124/><E21/><V43/><F43/><W134/><G134/><T30/><D30/><U81/><E20/><V114/><F114/><W72/><G72/><T87/><D23/><U40/><E81/><V13/><F13/><W116/><G116/><T36/><D26/><U115/><E115/><V106/><F106/><W34/><G34/><T133/><D36/><N who="1" m="21895" /><E67/><V112/><F112/><W107/><G120/><RYUUKYOKU ba="0,0" sc="328,-15,348,15,16,15,308,-15" hai1="53,62,124,126,128,129,130" hai2="16,19,48,55,57,58,59" />
</Scene>
<Scene>
<INIT seed="6,1,0,2,5,128" ten="313,363,31,293" oya="2" hai0="77,3,59,40,56,121,101,57,103,66,81,54,95" hai1="97,106,120,72,16,26,76,75,49,8,111,63,60" hai2="87,126,12,112,68,14,36,29,35,21,0,104,105" hai3="10,1,90,33,67,73,38,23,53,78,55,93,88"/><V51/><F36/><W94/><G38/><T64/><D121/><U86/><E111/><V15/><F0/><W31/><G33/><T45/><D3/><U113/><E120/><V11/><F11/><W115/><G115/><T41/><D54/><N who="3" m="20489" /><G73/><T82/><D95/><N who="3" m="36361" /><G1/><T107/><D107/><U116/><E106/><N who="2" m="41067" /><F68/><W89/><G78/><T83/><D45/><U96/><E76/><V22/><F35/><W20/><G67/><N who="0" m="25643" /><D77/><U119/><E8/><V25/><F51/><W50/><G10/><T43/><AGARI ba="1,0" hai="40,41,43,56,57,59,81,82,83,101,103" m="25643" machi="43" ten="40,8000,1" yaku="29,2,28,2,8,1" doraHai="128" who="0" fromWho="0" sc="313,83,363,-21,31,-41,293,-21" owari="396,50.0,342,14.0,-10,-51.0,272,-13.0" />
</Scene>
</mjloggm>