<mjloggm ver="2.3"><GO type="169" lobby="0"/><UN n0="%E5%A4%A7%E9%B3%A5%E7%8D%85%E5%AD%90%E5%90%BC" n1="%E5%A4%AA%E3%81%8F%E3%81%AA%E3%81%84%E3%81%8A" n2="%E3%81%84%E3%81%AE%E3%81%91%E3%82%93" n3="%52%69%2D%4D%6F%2D" dan="17,18,16,16" rate="2131.70,2203.84,2123.25,2025.35" sx="M,M,F,M"/><TAIKYOKU oya="0"/>

<Scene>
<INIT seed="0,0,0,3,4,17" ten="250,250,250,250" oya="0" hai0="15,127,88,28,29,109,111,20,117,126,70,120,37" hai1="107,52,104,83,2,84,63,96,36,128,82,105,115" hai2="79,77,14,125,135,113,80,3,86,69,72,67,35" hai3="103,74,31,130,56,75,134,41,106,26,8,90,85"/><T27/><D37/><U95/><E36/><V59/><F113/><W73/><G130/><T118/><D70/><U33/><E33/><V71/><F3/><W81/><G134/><T21/><D120/><U12/><E2/><V102/><F135/><W5/><G41/><T112/><D88/><U50/><E128/><V58/><F125/><N who="0" m="47626" /><D112/><U132/><E132/><V91/><F35/><W122/><G122/><T34/><D28/><U55/><E115/><V89/><F102/><W46/><G46/><T11/><D34/><U30/><E30/><V87/><F72/><W76/><G56/><T100/><D21/><U32/><E32/><V23/><F67/><W40/><G40/><T78/><D78/><U54/><E63/><V39/><F39/><W101/><G106/><T24/><D24/><U119/><E119/><N who="0" m="45577" /><D100/><U129/><E129/><V65/><F65/><W61/><G76/><T133/><D133/><U44/><E83/><V43/><F43/><W22/><REACH who="3" step="1"/><G61/><REACH who="3" ten="250,250,250,240" step="2"/><T45/><D45/><U94/><E44/><V1/><F71/><W13/><AGARI ba="0,1" hai="5,8,13,22,26,31,73,74,75,81,85,90,101,103" machi="13" ten="30,8000,1" yaku="1,1,2,1,0,1,52,1,53,1" doraHai="17" doraHaiUra="6" who="3" fromWho="3" sc="250,-40,250,-20,250,-20,240,90" />
</Scene>
<Scene>
<INIT seed="1,0,0,0,2,21" ten="210,230,230,330" oya="1" hai0="68,80,62,2,95,134,66,87,99,107,50,39,16" hai1="96,124,7,28,18,45,20,56,10,58,19,115,52" hai2="123,29,118,25,74,5,30,49,110,0,82,106,42" hai3="125,75,90,27,17,71,14,33,73,126,37,88,117"/><U102/><E115/><V55/><F118/><W57/><G71/><T111/><D39/><U116/><E116/><V132/><F123/><W133/><G117/><T15/><D2/><U13/><E124/><N who="3" m="47722" /><G37/><T83/><D111/><U84/><E84/><V59/><F110/><W34/><G57/><N who="1" m="22122" /><E96/><V70/><F70/><W41/><G41/><T12/><D12/><U105/><E102/><V100/><F132/><W120/><G120/><T86/><D107/><U1/><E1/><V63/><F106/><W113/><G133/><T24/><D134/><U104/><E104/><V67/><F42/><W35/><G27/><T54/><D86/><U93/><E93/><V101/><F30/><W79/><G113/><T112/><D87/><U23/><E105/><V53/><F5/><W48/><G48/><T3/><D24/><N who="1" m="16415" /><E20/><V109/><F109/><W78/><G78/><T26/><D26/><U121/><E121/><V60/><F0/><W135/><G135/><T122/><D3/><U76/><E76/><V127/><F127/><W130/><G79/><T36/><D36/><U47/><E47/><N who="2" m="27839" /><F74/><N who="3" m="28171" /><G130/><T72/><D72/><U97/><E97/><V31/><F31/><W89/><G35/><T40/><D112/><U65/><E65/><V44/><F82/><N who="0" m="31274" /><D122/><U11/><E11/><AGARI ba="0,0" hai="11,14,17,33,34,88,89,90" m="28171,47722" machi="11" ten="40,2600,0" yaku="18,1,54,1" doraHai="21" who="3" fromWho="1" sc="210,0,230,-26,230,0,330,26" />
</Scene>
<Scene>
<INIT seed="2,0,0,5,3,98" ten="210,204,230,356" oya="2" hai0="94,62,116,88,25,101,110,7,44,51,124,103,13" hai1="30,117,19,87,75,18,66,113,54,48,86,131,9" hai2="53,21,64,32,27,84,3,69,119,63,134,37,95" hai3="91,92,81,128,78,111,40,132,22,114,29,4,11"/><V55/><F119/><W38/><G111/><T12/><D110/><U8/><E75/><V122/><F122/><W125/><G128/><T105/><D105/><U10/><E117/><V118/><F118/><W76/><G76/><T17/><BYE who="3" /><D124/><U39/><E39/><V65/><F134/><W2/><G2/><T121/><D121/><UN n3="%52%69%2D%4D%6F%2D" /><U72/><E72/><V16/><F3/><W135/><G125/><T100/><D62/><U70/><E113/><V42/><F32/><W6/><G114/><T1/><D1/><U15/><E131/><V31/><F65/><W49/><G38/><T96/><D116/><U59/><E30/><V23/><F42/><W50/><G11/><T108/><D108/><U67/><E70/><V102/><F37/><W109/><G109/><T104/><D104/><U43/><E43/><V0/><F0/><W57/><G78/><T83/><D83/><U24/><E24/><V26/><REACH who="2" step="1"/><F84/><REACH who="2" ten="210,204,220,356" step="2"/><N who="3" m="52327" /><G132/><T126/><D126/><U115/><E115/><V61/><F61/><W60/><G135/><T41/><D7/><U123/><E123/><V130/><F130/><W14/><G6/><T20/><AGARI ba="0,1" hai="12,13,17,20,25,41,44,51,88,94,96,100,101,103" machi="20" ten="30,12000,2" yaku="0,1,8,1,52,3,54,1" doraHai="98" who="0" fromWho="0" sc="210,130,204,-30,220,-60,356,-30" />
</Scene>
<Scene>
<INIT seed="3,0,0,5,1,80" ten="340,174,160,326" oya="3" hai0="41,11,64,15,135,54,71,111,62,59,50,89,103" hai1="79,122,84,37,101,96,133,86,123,6,94,70,51" hai2="14,39,95,33,114,88,68,3,26,104,134,90,87" hai3="30,77,99,25,69,22,47,132,112,91,35,46,113"/><W24/><G132/><T117/><D111/><U1/><E37/><V118/><F114/><W43/><G69/><T2/><D117/><U120/><E133/><V100/><F134/><W105/><G47/><T36/><D103/><U115/><E115/><V97/><F118/><W52/><G77/><T18/><D135/><U34/><E70/><V40/><F3/><W20/><G35/><T92/><D2/><U73/><E34/><V93/><F68/><W85/><G105/><T102/><D102/><U66/><E66/><V129/><F129/><W119/><G99/><T57/><D57/><U28/><E28/><V116/><F116/><W38/><G52/><T67/><D67/><U19/><E19/><V13/><F40/><W125/><G125/><T58/><D58/><U98/><E51/><V10/><F39/><W16/><REACH who="3" step="1"/><G119/><REACH who="3" ten="340,174,160,316" step="2"/><T75/><D75/><U128/><E96/><V56/><F56/><W9/><G9/><T126/><D126/><U23/><E79/><V49/><F10/><W31/><G31/><T0/><D41/><U124/><E124/><V130/><F130/><W109/><G109/><T53/><D53/><U108/><E128/><V121/><F121/><W65/><G65/><T61/><D61/><U107/><E108/><V17/><F33/><W106/><G106/><T127/><D127/><U8/><E107/><V48/><F104/><W29/><G29/><T76/><D76/><U44/><E44/><V42/><F42/><W72/><G72/><T7/><D36/><U12/><E73/><V83/><F97/><W60/><G60/><T4/><D71/><RYUUKYOKU ba="0,1" sc="340,-15,174,15,160,-15,316,15" hai1="1,6,8,12,23,84,86,94,98,101,120,122,123" hai3="16,20,22,24,25,30,38,43,46,85,91,112,113" />
</Scene>
<Scene>
<INIT seed="3,1,1,0,0,38" ten="325,189,145,331" oya="3" hai0="91,134,20,70,80,24,32,73,124,89,58,71,39" hai1="37,26,110,96,129,49,76,119,16,29,77,53,0" hai2="57,35,98,41,45,107,92,50,86,7,19,112,84" hai3="31,61,130,120,21,85,63,65,43,54,44,11,55"/><W17/><G120/><T56/><D32/><U51/><E37/><V97/><F112/><W40/><G130/><T15/><D15/><U116/><E0/><V103/><F35/><W28/><G11/><T133/><D39/><U81/><E129/><V12/><F7/><W114/><G114/><T48/><D124/><U83/><E110/><V5/><F5/><W62/><G65/><T123/><D123/><U64/><E64/><V66/><F66/><W122/><G122/><T100/><D100/><U33/><E96/><V118/><F118/><N who="1" m="45097" /><E16/><V46/><F57/><N who="0" m="22122" /><D48/><N who="1" m="18507" /><E53/><N who="3" m="19978" /><G85/><N who="0" m="50343" /><D73/><U72/><E72/><V9/><REACH who="2" step="1"/><F46/><REACH who="2" ten="325,189,135,331" step="2"/><W115/><G115/><T4/><D71/><U34/><E34/><V108/><F108/><W13/><G44/><T69/><D4/><U22/><E33/><V1/><F1/><W109/><G109/><T135/><D70/><U87/><E81/><V106/><F106/><W52/><N who="3" m="19986" /><W42/><AGARI ba="1,2" hai="13,17,21,28,31,40,42,43,61,62,63" m="19986" machi="42" ten="40,18000,2" yaku="4,1,8,1,52,3,54,1" doraHai="38" who="3" fromWho="3" sc="325,-61,189,-61,135,-61,331,203" />
</Scene>
<Scene>
<INIT seed="3,2,0,1,1,22" ten="264,128,74,534" oya="3" hai0="64,50,81,31,57,80,14,54,38,25,23,7,43" hai1="58,87,46,1,30,0,21,96,113,79,100,119,13" hai2="126,112,92,88,32,85,76,3,128,101,107,19,34" hai3="93,106,124,45,40,10,36,103,74,15,123,67,52"/><W61/><G106/><T118/><D118/><U83/><E113/><V94/><F112/><W42/><G123/><T27/><D64/><U91/><E119/><V53/><F128/><W69/><G124/><T72/><D72/><U135/><E135/><V127/><F3/><W33/><G74/><T37/><D37/><U51/><E58/><V97/><F53/><W115/><G115/><T134/><D134/><U132/><E132/><V55/><F55/><W60/><G33/><T2/><D2/><U109/><E109/><V77/><F34/><W20/><G20/><N who="0" m="15847" /><D38/><U90/><E0/><V105/><F19/><W48/><G60/><T28/><D43/><U24/><E13/><V114/><F32/><W108/><G108/><T68/><D68/><U117/><E1/><V12/><F12/><W26/><G42/><T122/><D122/><U71/><E71/><V130/><F130/><W5/><G26/><T35/><D35/><U110/><E110/><V133/><F133/><W47/><G93/><T131/><D131/><U116/><E116/><V70/><F70/><W129/><G129/><T89/><D89/><U73/><E73/><V86/><F114/><W120/><G120/><T98/><D98/><U121/><E121/><V11/><F11/><AGARI ba="2,0" hai="7,11,14,23,25,28,50,54,57,80,81" m="15847" machi="11" ten="30,3900,0" yaku="8,1,52,2" doraHai="22" who="0" fromWho="2" sc="264,45,128,0,74,-45,534,0" />
</Scene>
<Scene>
<INIT seed="4,0,0,4,4,55" ten="309,128,29,534" oya="0" hai0="119,22,110,93,17,70,68,107,130,95,71,85,24" hai1="127,108,53,2,15,63,42,76,73,125,121,45,126" hai2="80,40,67,131,113,66,36,50,64,114,105,94,72" hai3="133,28,88,19,77,92,33,26,112,81,102,84,44"/><T74/><D74/><U116/><E2/><V135/><F105/><W29/><G112/><N who="2" m="43113" /><F94/><W4/><G133/><T56/><D119/><U41/><E116/><V101/><F101/><W62/><G4/><T100/><D110/><U48/><E108/><V111/><F111/><W120/><G102/><T54/><D130/><U99/><E121/><V35/><F35/><W90/><G120/><T23/><D85/><U9/><E99/><V134/><F80/><W128/><G128/><T59/><D59/><N who="1" m="35311" /><E76/><V132/><F72/><W118/><G33/><T14/><D107/><U51/><E73/><V5/><F5/><W82/><G118/><T129/><D129/><U123/><E123/><V117/><F131/><W18/><G77/><T86/><D100/><U30/><E30/><V7/><F7/><W10/><G29/><T25/><D14/><U6/><E42/><V61/><F117/><W124/><G28/><T3/><D86/><U8/><E9/><V21/><F21/><W87/><G10/><T37/><D37/><AGARI ba="0,0" hai="6,8,15,37,41,45,48,51,125,126,127" m="35311" machi="37" ten="30,2000,0" yaku="18,1,52,1" doraHai="55" who="1" fromWho="0" sc="309,-20,128,20,29,0,534,0" />
</Scene>
<Scene>
<INIT seed="5,0,0,0,1,46" ten="289,148,29,534" oya="1" hai0="24,1,59,123,124,111,101,118,41,34,117,28,113" hai1="85,63,25,6,9,126,109,32,44,112,92,88,106" hai2="8,11,27,80,94,40,128,62,42,50,83,133,91" hai3="110,47,13,108,55,98,68,51,72,60,69,77,52"/><U70/><E106/><V81/><F133/><W87/><G72/><T22/><D111/><U33/><E109/><V134/><F134/><W35/><G35/><T84/><D1/><U7/><E112/><V67/><F128/><W16/><G108/><T79/><D113/><U119/><E119/><V64/><F27/><W2/><G2/><T49/><D124/><U53/><E126/><V122/><F122/><W21/><G110/><T61/><D101/><U17/><E70/><V43/><F62/><W125/><G125/><T18/><D123/><U75/><E75/><V26/><F26/><W135/><G135/><T71/><D71/><U99/><E32/><V97/><REACH who="2" step="1"/><F50/><REACH who="2" ten="289,148,19,534" step="2"/><N who="3" m="28767" /><G60/><T82/><D49/><N who="1" m="28839" /><E33/><V116/><F116/><W131/><G131/><T37/><D37/><U127/><E25/><V23/><F23/><W76/><G21/><T107/><D117/><U78/><E63/><V20/><F20/><W105/><G51/><T14/><D118/><U36/><E127/><V39/><F39/><W15/><G69/><T130/><D130/><U121/><E121/><V54/><F54/><W0/><G55/><T104/><D41/><U90/><E36/><V129/><F129/><W57/><G68/><T29/><D29/><U86/><E9/><AGARI ba="0,1" hai="8,9,11,40,42,43,64,67,80,81,83,91,94,97" machi="9" ten="40,2600,0" yaku="1,1,8,1,53,0" doraHai="46" doraHaiUra="3" who="2" fromWho="1" sc="289,0,148,-26,19,36,534,0" />
</Scene>
<Scene>
<INIT seed="6,0,0,0,0,114" ten="289,122,55,534" oya="2" hai0="61,12,106,88,119,44,47,135,57,63,117,80,121" hai1="30,62,118,75,6,132,39,111,16,46,98,103,115" hai2="26,20,89,107,104,35,74,13,83,56,79,134,82" hai3="110,3,29,109,102,128,65,133,22,92,45,58,4"/><V66/><F134/><W64/><G133/><T21/><D106/><U24/><E132/><V122/><F122/><W73/><G73/><T8/><D21/><U124/><E111/><V113/><F113/><W76/><G76/><T81/><D121/><U17/><E115/><V85/><F35/><W48/><G3/><T84/><D80/><U15/><E75/><V43/><F43/><W19/><G4/><N who="0" m="3079" /><D135/><U91/><E118/><N who="0" m="45065" /><D61/><U54/><E62/><V52/><F66/><AGARI ba="0,0" hai="44,47,57,63,66,81,84,88" m="45065,3079" machi="66" ten="30,8000,1" yaku="12,1,52,3,54,1" doraHai="114" who="0" fromWho="2" sc="289,80,122,0,55,-80,534,0" owari="369,17.0,122,-28.0,-25,-53.0,534,64.0" />
</Scene>
</mjloggm>