<mjloggm ver="2.3"><GO type="169" lobby="0"/><UN n0="%E6%A1%9C%E4%BA%95%E3%81%95%E3%82%93" n1="%E3%81%8A%E7%9F%A5%E3%82%89%E3%81%9B" n2="%E5%A4%AA%E3%81%8F%E3%81%AA%E3%81%84%E3%81%8A" n3="%E3%83%AD%E3%83%83%E3%83%86%E9%9B%80%E7%90%83" dan="17,17,18,16" rate="2196.63,2127.47,2210.38,2138.13" sx="M,M,M,M"/><TAIKYOKU oya="0"/>

<Scene>
<INIT seed="0,0,0,2,3,42" ten="250,250,250,250" oya="0" hai0="20,10,97,70,37,82,47,48,13,90,46,89,44" hai1="104,114,71,52,106,73,131,40,49,18,14,93,127" hai2="105,7,121,74,116,68,30,87,28,21,133,84,81" hai3="119,130,25,15,100,4,29,34,113,8,64,120,36"/><T24/><D70/><U95/><E73/><V61/><F121/><W66/><G119/><T63/><D37/><U132/><E71/><V135/><F105/><W3/><G113/><T125/><D125/><U59/><E127/><V110/><F116/><W35/><G120/><T54/><D63/><U129/><E114/><V9/><F74/><W126/><G126/><T88/><D97/><U31/><E31/><V12/><F110/><W72/><G72/><T2/><D2/><U65/><E65/><N who="2" m="41007" /><F21/><W62/><G130/><N who="1" m="49674" /><E132/><N who="2" m="50763" /><F87/><W124/><G124/><T45/><D82/><U23/><E40/><V39/><F39/><W11/><G36/><T85/><D85/><U0/><E0/><V22/><F22/><W109/><G35/><T16/><D90/><AGARI ba="0,0" hai="7,9,12,28,30,81,84,90" m="50763,41007" machi="90" ten="30,1000,0" yaku="20,1" doraHai="42" who="2" fromWho="0" sc="250,-10,250,0,250,10,250,0" />
</Scene>
<Scene>
<INIT seed="1,0,0,4,5,126" ten="240,250,260,250" oya="1" hai0="122,112,20,103,105,72,13,119,114,7,36,30,68" hai1="75,14,89,4,117,48,45,76,125,61,22,44,2" hai2="0,9,84,10,127,87,97,52,124,31,110,40,39" hai3="135,129,69,1,18,60,80,91,74,134,113,106,43"/><U83/><E117/><V132/><F31/><W49/><G113/><T65/><D119/><U59/><E125/><N who="2" m="48203" /><F40/><W70/><G106/><T15/><D72/><U34/><E34/><V41/><F41/><W67/><G70/><T88/><D36/><U53/><E2/><V56/><F39/><W71/><G69/><T98/><D122/><U29/><E89/><V77/><F77/><W133/><G1/><T54/><D54/><U82/><E82/><V16/><F110/><W121/><G18/><T107/><D107/><U104/><E104/><V100/><F10/><W35/><G35/><T33/><D7/><U12/><E4/><N who="2" m="1159" /><F16/><W99/><G121/><T55/><D55/><U116/><E116/><V28/><F28/><W3/><G3/><T6/><D6/><U111/><E111/><V46/><F46/><N who="3" m="25823" /><G74/><T131/><D20/><U95/><E44/><V11/><F11/><W42/><G42/><T96/><D13/><U21/><E29/><V92/><F132/><W17/><G17/><T120/><D15/><U128/><E12/><V93/><F93/><N who="3" m="56767" /><G80/><T85/><D120/><U5/><E95/><V32/><F32/><W38/><G38/><T94/><D114/><U64/><E22/><V24/><F24/><W37/><G37/><T73/><D112/><U102/><E21/><V123/><F123/><W109/><G109/><T51/><D73/><U63/><E14/><V86/><F86/><W81/><G81/><T101/><D105/><U58/><E5/><V8/><F8/><W26/><G26/><T66/><D33/><U90/><E75/><V19/><F19/><RYUUKYOKU ba="0,0" sc="240,-15,250,-15,260,15,250,15" hai2="52,56,84,87,92,97,100" hai3="60,67,71,129,133,134,135" />
</Scene>
<Scene>
<INIT seed="2,1,0,4,4,55" ten="225,235,275,265" oya="2" hai0="31,60,92,91,33,37,50,45,9,25,76,43,120" hai1="77,30,100,107,87,49,20,114,62,126,73,29,71" hai2="90,123,56,110,78,54,85,79,84,74,24,5,99" hai3="65,121,46,105,69,93,111,89,53,113,18,1,128"/><V131/><F123/><W32/><G121/><T16/><D120/><U38/><E38/><V13/><F74/><W34/><G105/><T97/><D76/><N who="2" m="29226" /><F131/><W130/><G1/><T117/><D117/><U48/><E73/><V81/><F110/><W98/><G111/><T95/><D37/><U11/><E126/><V109/><F109/><W127/><G127/><T102/><D60/><U19/><E11/><N who="2" m="4335" /><F24/><W68/><G113/><T82/><D82/><U132/><E114/><V104/><F104/><W134/><G134/><T112/><D112/><U101/><E107/><V6/><F6/><W15/><G34/><T0/><D0/><U10/><E10/><V118/><F118/><W58/><G32/><T80/><D80/><U39/><E39/><V7/><F7/><W51/><G69/><T96/><D9/><U3/><E3/><V21/><F21/><W57/><G68/><T88/><REACH who="0" step="1"/><D16/><REACH who="0" ten="215,235,275,265" step="2"/><U14/><E19/><V122/><F122/><W26/><G26/><T35/><D35/><U36/><E36/><V119/><F119/><W40/><G18/><T72/><D72/><U106/><E20/><V103/><F81/><W61/><REACH who="3" step="1"/><G15/><REACH who="3" ten="215,235,275,255" step="2"/><T47/><D47/><U64/><E14/><V42/><F56/><W67/><G67/><T129/><D129/><U86/><E71/><V124/><F124/><W63/><AGARI ba="1,2" hai="40,46,51,53,57,58,61,63,65,89,93,98,128,130" machi="63" ten="30,8000,1" yaku="1,1,0,1,52,2,53,1" doraHai="55" doraHaiUra="41" who="3" fromWho="3" sc="215,-21,235,-21,275,-41,255,103" />
</Scene>
<Scene>
<INIT seed="3,0,0,1,4,17" ten="194,214,234,358" oya="3" hai0="92,74,56,95,34,66,102,2,40,44,4,51,0" hai1="6,94,39,82,13,67,18,103,58,77,50,65,14" hai2="71,38,106,60,117,131,88,15,130,22,107,63,19" hai3="49,97,78,47,121,62,115,90,9,124,61,24,10"/><W41/><G115/><T108/><D74/><U68/><E39/><V98/><F38/><W122/><G124/><T27/><D108/><U11/><E68/><V64/><F117/><W42/><G78/><T16/><D34/><U26/><E26/><V7/><F7/><W113/><G113/><T100/><D4/><U112/><E112/><V45/><F45/><W25/><G97/><T111/><D111/><U28/><E28/><V57/><F88/><W79/><G79/><T31/><D31/><U110/><E110/><V93/><F93/><N who="0" m="35914" /><D0/><U70/><E70/><V123/><F123/><W129/><G90/><T53/><D66/><U8/><E50/><V43/><F43/><W127/><G49/><N who="0" m="30767" /><D2/><U59/><E65/><N who="2" m="39055" /><F98/><W54/><G127/><T1/><D1/><U135/><E67/><V116/><F116/><W73/><G73/><T86/><D86/><N who="1" m="48463" /><E135/><V29/><F29/><W55/><G47/><T128/><D128/><AGARI ba="0,0" hai="15,19,22,63,64,71,106,107,128,130,131" m="39055" machi="128" ten="30,2000,0" yaku="19,1,52,1" doraHai="17" who="2" fromWho="0" sc="194,-20,214,0,234,20,358,0" /><AGARI ba="0,0" hai="9,10,24,25,41,42,54,55,61,62,121,122,128,129" machi="128" ten="25,2400,0" yaku="22,2" doraHai="17" who="3" fromWho="0" sc="174,-24,214,0,254,0,358,24" />
</Scene>
<Scene>
<INIT seed="3,1,0,4,3,5" ten="150,214,254,382" oya="3" hai0="68,123,65,108,105,107,72,25,95,130,49,89,76" hai1="16,8,81,4,3,86,97,36,88,33,67,134,1" hai2="47,79,28,46,126,42,135,119,19,80,128,127,132" hai3="30,40,22,110,6,104,63,66,14,45,87,103,92"/><W18/><G110/><T129/><D123/><U12/><E33/><V120/><F28/><W0/><G30/><T43/><D68/><U73/><E134/><N who="2" m="51243" /><F119/><W13/><G0/><T2/><D65/><U9/><E36/><N who="2" m="21831" /><F47/><W62/><G104/><N who="0" m="40011" /><D25/><U133/><E133/><V93/><F93/><W53/><G92/><T51/><D51/><U74/><E67/><V15/><F120/><W118/><G66/><T64/><D49/><U60/><E60/><V7/><F7/><W115/><G63/><T99/><D43/><U41/><E97/><V98/><F98/><W113/><G45/><T116/><D2/><U10/><E41/><V54/><F54/><W78/><G53/><T32/><D32/><U125/><E125/><V38/><F38/><W21/><G40/><T75/><D64/><U82/><E82/><V29/><F29/><W39/><G62/><T55/><D55/><U71/><E71/><V117/><F117/><W100/><G39/><T27/><D116/><U102/><E102/><V84/><F128/><N who="0" m="49258" /><D27/><U111/><E111/><V59/><F59/><W112/><G118/><T124/><D108/><U23/><E23/><AGARI ba="1,0" hai="15,19,23,79,80,84,126,127" m="21831,51243" machi="23" ten="30,1000,0" yaku="20,1" doraHai="5" who="2" fromWho="1" sc="150,0,214,-13,254,13,382,0" />
</Scene>
<Scene>
<INIT seed="4,0,0,1,1,52" ten="150,201,267,382" oya="0" hai0="81,0,49,118,65,72,25,19,22,94,64,86,44" hai1="40,17,1,27,12,63,47,121,119,109,4,104,16" hai2="6,37,126,24,48,61,113,36,103,129,117,69,130" hai3="45,124,54,10,68,84,89,35,3,9,50,120,95"/><T132/><D118/><U108/><E104/><V96/><F117/><W30/><G68/><T59/><D0/><U57/><E119/><V107/><F113/><W42/><G124/><T76/><D132/><U34/><E121/><V5/><F126/><W33/><G120/><T123/><D123/><U51/><E1/><V114/><F114/><W66/><G66/><T32/><D32/><U134/><E4/><N who="2" m="1643" /><F48/><W55/><G3/><T131/><D131/><N who="2" m="50186" /><F24/><W116/><G116/><T60/><D72/><U100/><E100/><V31/><F31/><W92/><G30/><T106/><D106/><U41/><E41/><V122/><F122/><W8/><G35/><T62/><D94/><N who="3" m="35881" /><G33/><T83/><D83/><AGARI ba="0,0" hai="8,9,10,42,45,50,54,55,83,84,89" m="35881" machi="83" ten="30,1000,0" yaku="8,1" doraHai="52" who="3" fromWho="0" sc="150,-10,201,0,267,0,382,10" />
</Scene>
<Scene>
<INIT seed="5,0,0,1,5,123" ten="140,201,267,392" oya="1" hai0="74,128,119,124,42,50,66,95,8,55,2,81,29" hai1="80,111,51,48,67,122,47,69,127,35,38,0,105" hai2="70,117,27,99,114,20,57,10,132,71,52,61,13" hai3="116,90,112,58,94,59,134,83,46,106,88,11,89"/><U36/><E0/><V96/><F117/><W6/><G106/><T120/><D119/><U93/><E35/><V31/><F132/><W3/><G134/><T60/><D120/><U84/><E105/><V101/><F114/><W126/><G126/><T7/><D124/><U12/><E127/><V40/><F40/><W28/><G112/><T14/><D128/><U26/><E122/><V110/><F110/><W49/><G116/><T103/><D42/><U131/><E131/><V107/><REACH who="2" step="1"/><F96/><REACH who="2" ten="140,201,257,392" step="2"/><W73/><G90/><T45/><D29/><U109/><E109/><V62/><F62/><W86/><G88/><T97/><D74/><U87/><E111/><V102/><F102/><W76/><G28/><T25/><D81/><U85/><E80/><V75/><F75/><W4/><G73/><T16/><D2/><U113/><E113/><V43/><F43/><W121/><G3/><T17/><REACH who="0" step="1"/><D25/><REACH who="0" ten="130,201,257,392" step="2"/><U72/><E26/><V34/><F34/><W98/><G83/><T108/><D108/><U125/><E72/><V135/><F135/><W1/><G1/><T9/><D9/><U104/><E125/><V23/><F23/><W100/><G11/><T82/><D82/><U78/><E78/><V18/><AGARI ba="0,2" hai="10,13,18,20,27,31,52,57,61,70,71,99,101,107" machi="18" ten="20,5200,0" yaku="1,1,0,1,7,1,54,1,53,0" doraHai="123" doraHaiUra="118" who="2" fromWho="2" sc="130,-13,201,-26,257,72,392,-13" />
</Scene>
<Scene>
<INIT seed="6,0,0,0,1,6" ten="117,175,329,379" oya="2" hai0="56,2,86,128,121,132,108,117,32,122,50,59,65" hai1="135,116,24,127,90,114,103,51,5,52,126,33,68" hai2="21,77,119,97,66,88,120,26,39,58,105,38,62" hai3="55,29,115,19,1,48,22,67,72,40,107,73,60"/><V8/><F119/><W41/><G107/><T20/><D32/><U75/><E75/><V92/><F120/><W94/><G29/><T70/><D2/><U98/><E68/><V7/><F105/><W96/><G1/><T10/><D108/><U101/><E116/><V79/><F39/><W34/><G34/><T134/><D20/><U74/><E74/><V27/><F38/><W84/><G84/><T12/><D86/><U110/><E110/><V124/><F124/><N who="1" m="47657" /><E5/><V25/><REACH who="2" step="1"/><F21/><REACH who="2" ten="117,175,319,379" step="2"/><W80/><G22/><T30/><D117/><U44/><E33/><V123/><F123/><W125/><G125/><T133/><D122/><U4/><E114/><V13/><AGARI ba="0,1" hai="7,8,13,25,26,27,58,62,66,77,79,88,92,97" machi="13" ten="30,18000,2" yaku="1,1,0,1,8,1,52,1,54,1,53,1" doraHai="6" doraHaiUra="11" who="2" fromWho="2" sc="117,-60,175,-60,319,190,379,-60" />
</Scene>
<Scene>
<INIT seed="6,1,0,1,3,27" ten="57,115,509,319" oya="2" hai0="132,91,125,21,94,36,100,128,110,3,7,77,82" hai1="117,41,98,85,79,57,72,26,74,66,58,124,44" hai2="0,59,122,25,6,46,30,10,69,43,15,50,80" hai3="53,104,127,76,22,75,38,14,60,126,2,56,1"/><V40/><F69/><W87/><G104/><T45/><D110/><U83/><E117/><V35/><F122/><W31/><G75/><T70/><D70/><U96/><E124/><N who="3" m="47658" /><G38/><T115/><D125/><U24/><E74/><V12/><F43/><W97/><G97/><T90/><D21/><U54/><E66/><V67/><REACH who="2" step="1"/><F80/><REACH who="2" ten="57,115,499,319" step="2"/><N who="3" m="47495" /><G14/><T120/><D82/><U48/><E83/><V130/><F130/><W17/><G17/><T116/><D128/><U71/><E71/><V55/><F55/><W129/><G129/><T47/><D120/><U92/><E41/><V29/><F29/><W78/><G78/><T101/><D77/><U42/><E79/><V109/><F109/><W51/><G31/><T95/><D116/><U18/><E42/><V37/><F37/><W28/><G28/><T86/><D36/><U65/><E54/><V112/><F112/><W93/><G53/><T33/><D115/><U99/><E24/><V131/><F131/><W61/><G1/><T111/><D111/><U89/><E26/><V108/><F108/><W49/><G2/><T102/><D3/><U114/><E114/><V88/><F88/><W39/><G39/><T19/><D91/><U134/><E89/><V63/><AGARI ba="1,1" hai="0,6,10,12,15,25,30,35,40,46,50,59,63,67" machi="63" ten="30,11700,0" yaku="1,1,0,1,52,1,53,1" doraHai="27" doraHaiUra="20" who="2" fromWho="2" sc="57,-40,115,-40,499,130,319,-40" />
</Scene>
<Scene>
<INIT seed="6,2,0,2,4,32" ten="17,75,629,279" oya="2" hai0="47,114,0,11,10,86,120,18,19,4,75,135,70" hai1="87,104,23,62,132,16,66,39,48,111,29,90,22" hai2="53,110,94,9,50,109,37,43,133,91,128,85,93" hai3="108,1,35,51,15,8,72,33,54,63,124,74,25"/><V34/><F34/><W12/><G108/><T30/><D75/><U59/><E39/><V106/><F106/><W83/><G63/><T81/><D120/><U40/><E104/><V45/><F133/><W5/><G124/><T13/><D70/><U112/><E112/><V113/><F113/><W55/><G55/><T28/><D114/><U79/><E79/><V77/><F77/><W56/><G35/><T125/><D125/><U84/><E111/><N who="2" m="42507" /><F9/><W127/><G127/><T46/><D135/><U41/><E132/><V2/><F128/><W52/><G54/><T65/><D65/><U7/><E7/><V118/><F118/><W123/><G123/><T95/><D95/><U100/><E100/><V14/><F14/><W17/><G83/><T3/><D3/><U58/><E23/><V57/><F93/><W117/><G117/><T88/><REACH who="0" step="1"/><D19/><REACH who="0" ten="7,75,629,279" step="2"/><U36/><E16/><V80/><F94/><W38/><G17/><T99/><D99/><U122/><E122/><V116/><F116/><W101/><G1/><AGARI ba="2,1" hai="1,2,37,43,45,50,53,57,80,85,91" m="42507" machi="1" ten="30,5800,0" yaku="10,1,52,2" doraHai="32" who="2" fromWho="3" sc="7,0,75,0,629,74,279,-64" />
</Scene>
<Scene>
<INIT seed="6,3,0,0,4,130" ten="7,75,703,215" oya="2" hai0="35,89,91,93,49,128,28,54,129,45,36,120,106" hai1="117,82,27,84,98,30,88,40,86,81,63,69,124" hai2="122,134,126,41,76,104,22,116,51,83,38,68,74" hai3="50,99,125,13,14,4,123,29,94,80,73,48,85"/><V57/><F57/><W95/><G73/><T43/><D120/><U121/><E121/><V70/><F51/><W2/><G125/><T21/><D35/><U3/><E3/><V42/><F42/><W10/><G123/><T46/><D106/><U79/><E117/><V11/><F22/><W90/><G95/><T15/><D93/><U77/><E40/><V34/><F34/><W58/><G29/><T115/><D115/><U113/><E113/><V59/><F59/><W37/><G37/><T105/><D105/><U131/><E131/><N who="0" m="50249" /><D28/><U135/><E124/><V78/><F78/><W56/><G56/><T19/><AGARI ba="3,0" hai="15,19,21,36,43,45,46,49,54,89,91" m="50249" machi="19" ten="30,1100,0" yaku="19,1" doraHai="130" who="0" fromWho="0" sc="7,20,75,-6,703,-8,215,-6" />
</Scene>
<Scene>
<INIT seed="7,0,0,0,3,126" ten="27,69,695,209" oya="3" hai0="0,30,122,81,58,73,57,95,99,97,64,46,38" hai1="35,94,34,4,130,66,41,121,7,108,119,118,62" hai2="80,15,23,71,25,111,72,112,70,103,13,44,134" hai3="18,67,55,10,12,127,47,28,48,19,117,11,49"/><W120/><G117/><N who="1" m="44554" /><E130/><V101/><F111/><W115/><G115/><T85/><D122/><U87/><E108/><V21/><F44/><W135/><G135/><T96/><D0/><U78/><E41/><V14/><F80/><W33/><G33/><N who="1" m="12298" /><E121/><V123/><F72/><W109/><G127/><T52/><D73/><U8/><E8/><V24/><F14/><W45/><G120/><T114/><D114/><U88/><E78/><V69/><F69/><AGARI ba="0,0" hai="4,7,62,66,69,87,88,94" m="12298,44554" machi="69" ten="30,2000,0" yaku="12,1,54,1" doraHai="126" who="1" fromWho="2" sc="27,0,69,20,695,-20,209,0" owari="27,-47.0,89,-31.0,675,77.0,209,1.0" />
</Scene>
</mjloggm>