<mjloggm ver="2.3"><GO type="169" lobby="0"/><UN n0="%E3%82%A8%E3%83%83%E3%83%95%E3%82%A7%E3%83%AB%E5%A1%94" n1="%6B%6C%62%73%74%38%38" n2="%E5%A4%AA%E3%81%8F%E3%81%AA%E3%81%84%E3%81%8A" n3="%EF%BC%88%EF%BC%BE%D0%94%EF%BC%BE%EF%BC%89" dan="16,17,17,17" rate="2187.74,2246.15,2203.15,2154.04" sx="M,M,M,M"/><TAIKYOKU oya="0"/>

<Scene>
<INIT seed="0,0,0,0,1,61" ten="250,250,250,250" oya="0" hai0="7,104,133,46,79,73,74,115,5,116,14,112,63" hai1="109,127,102,80,65,15,52,84,44,125,17,105,21" hai2="51,92,129,12,36,124,3,22,32,121,106,93,29" hai3="0,67,134,100,59,19,58,114,48,103,131,123,16"/><T81/><D116/><U64/><E109/><V101/><F36/><W10/><G114/><T89/><D104/><U82/><E82/><V4/><F121/><W11/><G123/><T78/><D133/><U47/><E47/><V68/><F68/><W41/><G134/><T57/><D89/><U26/><E26/><V1/><F106/><W18/><G131/><T45/><D14/><U130/><E130/><V28/><F51/><W90/><G90/><T55/><D45/><U110/><E110/><V120/><F22/><W40/><G0/><T85/><D85/><U39/><E102/><N who="3" m="38954" /><G48/><T126/><D46/><U87/><E87/><V54/><F32/><W66/><G58/><T94/><D73/><U62/><E105/><V34/><F34/><W107/><G107/><T53/><D74/><U111/><E111/><V76/><F1/><W95/><G95/><T38/><D94/><U56/><E39/><V9/><F3/><W33/><G33/><T2/><D38/><U75/><E75/><V27/><F129/><W70/><G70/><T42/><D115/><U98/><E98/><V25/><F120/><W60/><G66/><T135/><D2/><U23/><E44/><V13/><F101/><W97/><G97/><T96/><D96/><U83/><E83/><V69/><F92/><W72/><G72/><T50/><D81/><U6/><E80/><V37/><F93/><W43/><AGARI ba="0,0" hai="10,11,16,18,19,40,41,43,59,60,67" m="38954" machi="43" ten="40,5200,0" yaku="8,1,52,1,54,1" doraHai="61" who="3" fromWho="3" sc="250,-26,250,-13,250,-13,250,52" />
</Scene>
<Scene>
<INIT seed="1,0,0,0,3,114" ten="224,237,237,302" oya="1" hai0="116,94,131,32,17,97,55,20,14,54,110,75,82" hai1="33,30,104,25,50,89,133,45,99,13,67,127,117" hai2="60,73,26,74,62,42,85,15,98,68,59,4,6" hai3="34,101,56,7,103,81,87,18,21,69,27,28,52"/><U96/><E127/><V36/><F68/><W39/><G69/><T112/><D112/><U120/><E133/><V41/><F85/><W22/><G39/><T40/><D32/><U38/><E120/><V48/><F36/><W65/><G65/><T105/><D105/><U35/><E38/><V31/><F98/><W12/><G7/><T19/><D40/><U134/><E134/><V0/><F15/><W11/><G22/><T70/><D70/><U47/><E13/><V129/><F48/><N who="3" m="30727" /><G34/><T126/><D19/><U77/><E77/><AGARI ba="0,0" hai="11,12,18,21,27,28,77,81,87,101,103" m="30727" machi="77" ten="30,2000,0" yaku="8,1,54,1" doraHai="114" who="3" fromWho="1" sc="224,0,237,-20,237,0,302,20" />
</Scene>
<Scene>
<INIT seed="2,0,0,5,2,118" ten="224,217,237,322" oya="2" hai0="95,7,73,107,94,90,103,129,63,55,65,39,10" hai1="6,11,54,12,52,32,114,48,135,105,88,97,57" hai2="47,14,34,62,131,77,69,61,119,16,60,110,72" hai3="26,23,84,109,76,83,108,128,126,115,1,3,124"/><V28/><F119/><W123/><G128/><T121/><D129/><U78/><E135/><V50/><F131/><W18/><G123/><T44/><D107/><U99/><E114/><V27/><F110/><N who="3" m="42603" /><G115/><T21/><D73/><U98/><E32/><V42/><F77/><W36/><G36/><T133/><D103/><U82/><E54/><V29/><F72/><W85/><G85/><T106/><D21/><U70/><E70/><V134/><F29/><W102/><G102/><T8/><D106/><U117/><E117/><V20/><REACH who="2" step="1"/><F134/><REACH who="2" ten="224,217,227,322" step="2"/><W111/><G111/><T41/><D133/><U35/><E105/><V45/><F45/><W101/><G76/><T59/><D44/><U38/><E38/><V132/><F132/><W64/><G126/><T51/><D39/><U104/><E104/><V49/><F49/><W92/><G124/><T68/><D51/><U24/><E35/><V0/><F0/><W30/><G3/><T127/><D127/><U58/><E24/><V5/><F5/><W37/><G1/><T25/><D7/><U22/><E22/><V2/><F2/><W130/><G37/><T71/><D25/><U91/><REACH who="1" step="1"/><E58/><REACH who="1" ten="224,207,227,322" step="2"/><V93/><F93/><W17/><G130/><T56/><D95/><U116/><E116/><V43/><F43/><W13/><G92/><T112/><D94/><U40/><E40/><V46/><F46/><W15/><G101/><T86/><D41/><U96/><N who="1" m="24576" /><DORA hai="19" /><U33/><E33/><V80/><F80/><W67/><G26/><T79/><D59/><U122/><E122/><V89/><F89/><N who="3" m="51359" /><G30/><T113/><D113/><RYUUKYOKU ba="0,2" sc="224,-30,207,10,227,10,322,10" hai1="6,11,12,48,52,57,78,82,88,91" hai2="14,16,20,27,28,34,42,47,50,60,61,62,69" hai3="13,15,17,18,23,64,67" />
</Scene>
<Scene>
<INIT seed="2,1,2,4,2,93" ten="194,217,237,332" oya="2" hai0="48,12,60,123,22,31,126,15,78,122,124,28,131" hai1="21,127,84,81,86,40,110,33,113,83,129,38,10" hai2="135,6,114,77,58,41,92,85,118,3,7,100,95" hai3="56,87,104,32,119,13,115,109,125,14,55,19,23"/><V20/><F114/><W47/><G32/><T133/><D78/><U29/><E33/><V17/><F118/><W88/><G119/><T25/><D48/><U79/><E113/><V75/><F75/><W5/><G115/><T26/><D60/><U99/><E110/><V76/><F135/><W91/><G104/><T117/><D133/><U98/><E129/><V80/><F41/><W97/><G109/><T128/><D22/><U107/><E107/><V24/><F77/><W1/><G1/><T30/><REACH who="0" step="1"/><D31/><REACH who="0" ten="184,217,237,332" step="2"/><U44/><E127/><V2/><F76/><W27/><G125/><T94/><D94/><U69/><E69/><V130/><F92/><N who="3" m="56455" /><G47/><T59/><D59/><U8/><E83/><V64/><F58/><W103/><G103/><T63/><D63/><U42/><E86/><V4/><F80/><N who="3" m="49639" /><G5/><T57/><D57/><U70/><E70/><V112/><F112/><W108/><G108/><T66/><D66/><U101/><E101/><V53/><F64/><W49/><AGARI ba="1,3" hai="13,14,19,23,27,49,55,56" m="49639,56455" machi="49" ten="30,4000,0" yaku="8,1,52,1,54,1" doraHai="93" who="3" fromWho="3" sc="184,-11,217,-11,237,-21,332,73" />
</Scene>
<Scene>
<INIT seed="3,0,0,3,2,107" ten="173,206,216,405" oya="3" hai0="8,18,19,116,4,17,65,26,108,119,30,15,62" hai1="73,76,126,20,21,71,29,64,117,12,109,37,102" hai2="125,86,83,99,63,134,11,22,53,9,111,46,79" hai3="92,127,98,114,28,66,3,56,0,96,121,120,94"/><W72/><G28/><T87/><D87/><U50/><E50/><N who="2" m="28887" /><F111/><W39/><G66/><T89/><D89/><U75/><E102/><V67/><F125/><W91/><G127/><T58/><REACH who="0" step="1"/><D108/><REACH who="0" ten="163,206,216,405" step="2"/><U10/><E109/><V85/><F85/><W105/><G91/><T110/><D110/><U82/><E126/><V77/><F86/><W104/><G114/><T103/><D103/><U74/><E117/><V124/><F124/><W48/><G120/><T61/><D61/><U70/><E37/><V101/><F63/><W59/><G121/><T133/><D133/><U2/><E2/><V132/><F101/><W44/><G39/><T27/><D27/><U36/><E36/><V38/><F38/><W5/><G48/><T95/><D95/><U122/><E122/><V68/><F134/><W118/><G118/><T14/><D14/><U81/><E81/><V13/><F13/><W34/><G92/><T40/><D40/><U131/><E131/><V16/><F132/><W123/><G94/><T57/><D57/><U35/><E35/><AGARI ba="0,1" hai="4,8,15,17,18,19,26,30,35,58,62,65,116,119" machi="35" ten="40,1300,0" yaku="1,1,53,0" doraHai="107" doraHaiUra="49" who="0" fromWho="1" sc="163,23,206,-13,216,0,405,0" />
</Scene>
<Scene>
<INIT seed="4,0,0,5,2,134" ten="186,193,216,405" oya="0" hai0="5,45,133,89,99,68,66,30,69,72,20,40,91" hai1="102,114,105,120,98,90,88,49,32,43,51,131,116" hai2="61,36,71,125,7,42,97,65,96,48,122,18,38" hai3="81,8,118,25,17,31,4,1,16,123,11,24,10"/><T63/><D133/><U113/><E32/><V92/><F122/><W54/><G81/><T70/><D72/><U47/><E120/><V50/><F7/><N who="3" m="1135" /><G54/><T64/><D5/><U22/><E116/><V132/><F18/><N who="3" m="7275" /><G123/><T112/><D112/><U80/><E131/><V57/><F48/><W87/><G87/><T77/><D77/><U74/><E22/><V76/><F50/><W3/><G118/><T0/><D0/><U85/><E51/><V93/><F38/><W9/><G24/><T86/><D99/><U126/><E126/><V117/><F125/><W21/><AGARI ba="0,0" hai="3,4,9,10,11,21,25,31" m="7275,1135" machi="21" ten="30,12000,2" yaku="35,5,54,1" doraHai="134" who="3" fromWho="3" sc="186,-60,193,-30,216,-30,405,120" />
</Scene>
<Scene>
<INIT seed="5,0,0,1,0,47" ten="126,163,186,525" oya="1" hai0="104,128,7,64,45,9,52,22,83,55,77,107,121" hai1="123,67,124,60,106,76,87,92,39,65,110,17,20" hai2="69,0,80,44,61,105,1,58,95,129,37,21,14" hai3="116,50,103,79,24,115,33,25,119,40,23,18,26"/><U99/><E39/><V57/><F105/><W111/><G111/><T89/><D64/><U90/><E123/><V68/><F80/><W74/><G115/><T134/><D121/><U13/><E110/><V66/><F129/><W100/><G74/><T101/><D128/><U49/><E124/><V30/><F58/><W118/><G79/><T3/><D134/><U133/><E133/><V94/><F0/><W28/><G26/><T130/><D130/><U108/><E108/><V126/><F1/><W88/><G88/><T31/><D89/><U75/><E60/><V117/><F117/><W46/><AGARI ba="0,0" hai="18,23,24,25,28,33,40,46,50,100,103,116,118,119" machi="46" ten="40,5200,0" yaku="0,1,12,1,52,1" doraHai="47" who="3" fromWho="3" sc="126,-13,163,-26,186,-13,525,52" />
</Scene>
<Scene>
<INIT seed="6,0,0,1,4,22" ten="113,137,173,577" oya="2" hai0="39,59,132,115,106,7,65,119,112,85,78,102,47" hai1="13,120,114,11,80,21,117,95,105,123,1,84,54" hai2="26,51,31,122,41,67,121,14,10,20,53,58,60" hai3="90,3,5,97,17,57,40,55,42,71,28,82,6"/><V66/><F41/><W72/><G71/><T0/><D132/><U68/><E105/><V109/><F67/><W116/><G116/><T76/><D119/><U83/><E68/><V46/><REACH who="2" step="1"/><F109/><REACH who="2" ten="113,137,163,577" step="2"/><W43/><G40/><T15/><D65/><U127/><E117/><V125/><F125/><W50/><G42/><T130/><D112/><U101/><E114/><V99/><F99/><W33/><G43/><T103/><D115/><U91/><E127/><V44/><F44/><W134/><G97/><T128/><D47/><U63/><E123/><V88/><F88/><W61/><G90/><T98/><D39/><U87/><E120/><V49/><F49/><W89/><G50/><T4/><D98/><U124/><E124/><V69/><F69/><W35/><G89/><T131/><D131/><U135/><E91/><V74/><F74/><W92/><G72/><T113/><D113/><U52/><E54/><V64/><F64/><W110/><G110/><T48/><D130/><U73/><E52/><V118/><F118/><W75/><G75/><T38/><D128/><U12/><E73/><V108/><F108/><W34/><G61/><T25/><D38/><U79/><E63/><V18/><AGARI ba="0,1" hai="10,14,18,20,26,31,46,51,53,58,60,66,121,122" machi="18" ten="20,12000,1" yaku="1,1,0,1,7,1,52,1,53,1" doraHai="22" doraHaiUra="56" who="2" fromWho="2" sc="113,-40,137,-40,163,130,577,-40" />
</Scene>
<Scene>
<INIT seed="6,1,0,1,3,125" ten="73,97,293,537" oya="2" hai0="19,34,54,68,93,129,95,67,23,112,27,65,49" hai1="98,46,130,4,113,106,41,16,88,84,104,102,103" hai2="87,122,126,114,47,75,134,108,10,26,51,8,1" hai3="40,45,85,3,7,107,128,97,94,43,0,64,105"/><V118/><F75/><W38/><G43/><T116/><D112/><U18/><E113/><V15/><F114/><W39/><G39/><T115/><D115/><U91/><E4/><V17/><F118/><W89/><G128/><T132/><D116/><U109/><E109/><V28/><F122/><W36/><G36/><T80/><D34/><U73/><E73/><V61/><F126/><W119/><G119/><T69/><D132/><U92/><E130/><V55/><F134/><W131/><G131/><T127/><D127/><U62/><E62/><V42/><F108/><W121/><G121/><T111/><D111/><U11/><E11/><V77/><F1/><W25/><G25/><T22/><D129/><U135/><E135/><V29/><F10/><W123/><G123/><T81/><D49/><U24/><E24/><V72/><F72/><W2/><G7/><T59/><D27/><U58/><E58/><N who="2" m="35039" /><F26/><W57/><REACH who="3" step="1"/><G97/><REACH who="3" ten="73,97,293,527" step="2"/><T13/><D69/><U33/><E33/><V86/><F77/><W37/><G37/><T96/><D68/><U56/><E41/><V63/><F63/><AGARI ba="1,1" hai="0,2,3,38,40,45,57,63,64,85,89,94,105,107" machi="63" ten="40,1300,0" yaku="1,1,53,0" doraHai="125" doraHaiUra="78" who="3" fromWho="2" sc="73,0,97,0,293,-16,527,26" />
</Scene>
<Scene>
<INIT seed="7,0,0,2,4,111" ten="73,97,277,553" oya="3" hai0="70,125,16,86,53,91,101,32,97,119,108,33,133" hai1="62,39,29,112,20,85,134,103,45,99,59,28,40" hai2="77,48,25,37,1,52,93,19,60,11,56,51,96" hai3="22,36,129,65,35,17,82,128,73,90,80,10,113"/><W47/><G35/><T74/><D74/><U14/><E134/><V117/><F37/><W49/><G36/><T8/><D133/><U81/><E112/><V34/><F117/><W23/><G113/><T126/><D108/><U54/><E14/><N who="2" m="7647" /><F1/><W94/><G65/><T31/><D119/><U88/><E20/><N who="3" m="7722" /><G73/><T76/><D76/><U4/><E4/><V102/><F34/><W41/><G17/><T98/><D70/><U71/><E71/><V69/><F69/><W105/><G10/><T131/><D131/><N who="3" m="50249" /><G105/><AGARI ba="0,0" hai="28,29,39,40,45,54,59,62,81,85,88,99,103,105" machi="105" ten="30,2000,0" yaku="7,1,54,1" doraHai="111" who="1" fromWho="3" sc="73,0,97,20,277,0,553,-20" owari="73,-43.0,117,-28.0,277,8.0,533,63.0" />
</Scene>
</mjloggm>