<mjloggm ver="2.3"><GO type="169" lobby="0"/><UN n0="%E3%81%AE%E3%81%B3%E3%81%97%E3%82%8D%E2%99%82" n1="%E3%83%87%E3%83%87%E3%82%AD%E3%83%B3%E3%83%88" n2="%74%61%6E%69%6D%6F%40" n3="%E5%A4%AA%E3%81%8F%E3%81%AA%E3%81%84%E3%81%8A" dan="16,17,16,17" rate="2060.25,2177.83,2154.50,2188.32" sx="M,M,M,M"/><TAIKYOKU oya="0"/>

<Scene>
<INIT seed="0,0,0,2,1,15" ten="250,250,250,250" oya="0" hai0="19,119,88,58,22,14,42,23,74,16,29,130,98" hai1="133,2,114,102,17,33,4,109,54,41,34,35,9" hai2="124,43,95,11,111,72,105,40,59,81,103,12,24" hai3="32,70,91,62,101,13,52,73,3,75,61,28,45"/><T21/><D119/><U79/><E41/><V99/><F111/><W38/><G3/><T123/><D123/><U94/><E109/><V76/><F124/><W47/><G101/><T80/><D130/><U108/><E108/><V66/><F24/><W86/><G32/><T107/><D42/><U69/><E69/><V135/><F135/><W67/><G28/><T37/><D37/><U113/><E79/><V10/><F10/><W110/><G110/><T31/><D58/><U85/><E54/><V65/><F105/><W104/><G104/><T7/><D74/><U71/><E71/><V115/><F115/><N who="1" m="44041" /><E133/><V120/><F120/><W26/><G38/><T55/><D55/><U30/><E102/><V122/><F122/><W112/><G112/><T39/><D39/><U127/><E127/><V0/><F0/><W51/><G26/><N who="0" m="14631" /><D7/><U57/><E57/><V56/><F59/><W68/><G45/><T36/><D36/><U118/><E118/><V96/><F43/><W49/><G49/><T128/><D128/><U132/><E132/><V25/><F40/><W20/><G62/><T48/><D48/><U60/><E60/><N who="2" m="38023" /><F66/><W100/><G70/><T121/><D121/><U18/><E30/><N who="0" m="11273" /><D107/><U5/><E5/><N who="2" m="3183" /><F25/><W97/><G73/><T44/><D44/><U116/><E116/><V106/><F106/><N who="3" m="63759" /><G75/><T78/><D78/><U89/><AGARI ba="0,0" hai="2,4,9,17,18,33,34,35,85,89,94" m="44041" machi="89" ten="40,5200,0" yaku="11,1,52,2" doraHai="15" who="1" fromWho="1" sc="250,-26,250,52,250,-13,250,-13" />
</Scene>
<Scene>
<INIT seed="1,0,0,1,1,123" ten="224,302,237,237" oya="1" hai0="47,117,54,26,78,65,35,73,18,95,88,68,61" hai1="135,50,133,15,39,75,127,2,119,56,124,126,51" hai2="83,41,96,92,49,79,17,7,30,120,44,37,100" hai3="32,97,74,81,87,134,33,109,57,80,113,111,13"/><U43/><E2/><V90/><F120/><W23/><G113/><T132/><D117/><U52/><E75/><V25/><F17/><N who="3" m="10671" /><G74/><T105/><D132/><N who="1" m="50763" /><E15/><V3/><F49/><W53/><G97/><T45/><D105/><U38/><E119/><V8/><F100/><W60/><G134/><T71/><D71/><U66/><E66/><V101/><F101/><W115/><G115/><T106/><D106/><U91/><E91/><V84/><F25/><W114/><G114/><T6/><D6/><U102/><E102/><V116/><F30/><W67/><G67/><T24/><D35/><U108/><E108/><N who="3" m="41546" /><G81/><T48/><D47/><AGARI ba="0,0" hai="38,39,43,47,50,51,52,56,124,126,127" m="50763" machi="47" ten="40,12000,1" yaku="18,1,20,1,34,2,54,1" doraHai="123" who="1" fromWho="0" sc="224,-120,302,120,237,0,237,0" />
</Scene>
<Scene>
<INIT seed="1,1,0,3,3,58" ten="104,422,237,237" oya="1" hai0="10,84,4,131,113,49,23,28,132,36,48,18,45" hai1="115,9,56,124,86,39,122,26,65,101,89,31,0" hai2="123,98,99,74,119,88,76,83,21,53,64,11,30" hai3="73,92,133,108,15,62,59,16,7,61,52,8,47"/><U105/><E39/><V34/><F119/><W43/><G73/><T32/><D132/><U13/><E0/><V117/><F117/><W102/><G133/><T69/><D131/><U128/><E122/><V127/><F123/><W120/><G120/><T125/><D125/><U41/><E115/><V44/><F127/><W20/><G108/><T60/><D113/><U42/><E124/><V116/><F116/><W68/><G102/><T75/><D75/><U100/><E128/><V12/><F64/><W33/><G33/><T51/><D32/><U55/><E65/><V40/><F53/><W35/><G35/><T90/><D28/><U96/><E101/><V94/><F21/><W95/><G68/><T79/><D79/><U27/><E42/><V67/><F67/><W50/><G62/><T38/><D45/><U109/><E41/><V85/><F30/><W80/><G80/><T25/><D69/><U19/><E31/><V82/><F34/><W104/><G104/><T106/><D106/><U37/><E37/><V126/><F82/><W54/><G43/><T1/><REACH who="0" step="1"/><D60/><REACH who="0" ten="94,422,237,237" step="2"/><N who="1" m="35871" /><E109/><V111/><F111/><W5/><REACH who="3" step="1"/><G5/><REACH who="3" ten="94,422,237,227" step="2"/><T121/><D121/><U112/><E112/><V103/><F126/><W97/><G97/><T46/><D46/><U57/><E57/><V87/><F74/><W78/><G78/><T17/><D17/><U77/><E77/><V3/><F99/><W114/><G114/><T70/><D70/><U24/><E86/><N who="2" m="48487" /><F44/><W71/><G71/><T2/><D2/><AGARI ba="1,2" hai="2,7,8,15,16,20,47,50,52,54,59,61,92,95" machi="2" ten="30,8000,1" yaku="1,1,7,1,52,1,54,2,53,0" doraHai="58" doraHaiUra="81" who="3" fromWho="0" sc="94,-83,422,0,237,0,227,103" />
</Scene>
<Scene>
<INIT seed="2,0,0,4,5,135" ten="11,422,237,330" oya="2" hai0="14,102,65,3,87,61,20,104,89,114,68,27,115" hai1="117,0,23,44,96,11,38,19,110,97,50,48,46" hai2="76,15,91,18,40,127,71,94,107,111,98,63,108" hai3="79,82,22,81,21,74,9,125,53,103,42,134,119"/><V109/><F40/><W57/><G119/><T100/><D3/><U59/><E117/><V133/><F133/><W93/><G134/><T7/><D104/><U8/><E110/><V41/><F41/><W128/><G42/><T4/><D114/><U6/><E11/><V85/><F71/><W67/><G67/><T80/><D115/><U118/><E118/><V77/><F63/><W131/><G82/><T43/><D43/><U75/><E75/><V70/><F70/><W106/><G106/><T62/><D62/><U31/><E31/><V26/><F26/><W73/><G73/><T49/><D49/><U64/><E38/><V90/><F15/><W122/><G122/><T99/><D14/><U52/><E64/><V112/><F18/><W86/><G9/><T132/><D132/><U101/><E50/><V78/><F112/><W34/><G34/><T92/><REACH who="0" step="1"/><D102/><REACH who="0" ten="1,422,237,330" step="2"/><U120/><E48/><V37/><F37/><W30/><G103/><T123/><D123/><U32/><E120/><V16/><F107/><W2/><G2/><T56/><D56/><U126/><E101/><V69/><F69/><W124/><G57/><T88/><D88/><N who="2" m="33834" /><F16/><AGARI ba="0,1" hai="4,7,16,20,27,61,65,68,80,87,89,92,99,100" machi="16" ten="30,3900,0" yaku="1,1,7,1,54,1,53,0" doraHai="135" doraHaiUra="10" who="0" fromWho="2" sc="1,49,422,0,237,-39,330,0" />
</Scene>
<Scene>
<INIT seed="3,0,0,3,0,128" ten="50,422,198,330" oya="3" hai0="106,64,34,94,88,65,116,4,38,0,45,83,32" hai1="99,43,37,63,17,77,86,108,91,104,110,55,70" hai2="1,101,6,66,129,57,96,127,39,53,118,36,125" hai3="2,21,16,109,98,84,93,117,105,79,130,80,18"/><W14/><G117/><T111/><D106/><U44/><E77/><V87/><F118/><W29/><G2/><T11/><D116/><U85/><E17/><V49/><F129/><W135/><G130/><T120/><D120/><U15/><E15/><V126/><F6/><W5/><G105/><T60/><D111/><N who="1" m="42539" /><E91/><V28/><F1/><W69/><G69/><T47/><D83/><U40/><E40/><V90/><F66/><W112/><G109/><T46/><D38/><U74/><E74/><V82/><REACH who="2" step="1"/><F28/><REACH who="2" ten="50,422,188,330" step="2"/><W7/><G29/><T3/><D3/><U41/><E37/><V76/><F76/><W62/><G5/><T61/><D65/><U33/><E70/><V81/><F81/><W119/><G7/><T31/><D31/><U20/><E41/><V124/><N who="2" m="31744" /><DORA hai="8" /><V30/><F30/><W59/><G119/><T123/><D123/><U12/><E43/><V25/><F25/><W73/><G79/><T10/><D10/><U114/><E12/><V9/><F9/><W58/><G14/><T50/><D50/><U103/><E114/><V22/><F22/><W131/><G21/><T97/><REACH who="0" step="1"/><D61/><REACH who="0" ten="40,422,188,330" step="2"/><U13/><E63/><V75/><F75/><W35/><G73/><T27/><D27/><U42/><E13/><V92/><AGARI ba="0,2" hai="36,39,49,53,57,82,87,90,92,96,101" m="31744" machi="92" ten="60,7900,0" yaku="1,1,0,1,18,1,53,0" doraHai="128,8" doraHaiUra="121,115" who="2" fromWho="2" sc="40,-20,422,-20,188,99,330,-39" />
</Scene>
<Scene>
<INIT seed="4,0,0,3,0,22" ten="20,402,287,291" oya="0" hai0="91,6,30,94,3,42,93,50,2,46,21,7,0" hai1="69,74,98,33,119,49,125,135,38,82,12,11,20" hai2="76,123,31,10,4,109,117,108,14,128,17,96,111" hai3="132,78,29,77,99,110,40,133,55,127,9,95,70"/><T66/><D94/><U52/><E33/><V97/><F76/><W106/><G110/><T26/><REACH who="0" step="1"/><D66/><REACH who="0" ten="10,402,287,291" step="2"/><U103/><E119/><V59/><F117/><W57/><G95/><T60/><D60/><U81/><E81/><V100/><F123/><W102/><G133/><T61/><D61/><U64/><E82/><V34/><F128/><W24/><G132/><T15/><D15/><U44/><E12/><N who="2" m="5191" /><F100/><W68/><G102/><T105/><D105/><U58/><E103/><V41/><F97/><AGARI ba="0,1" hai="0,2,3,6,7,21,26,30,42,46,50,91,93,97" machi="97" ten="40,7700,0" yaku="1,1,52,1,53,1" doraHai="22" doraHaiUra="45" who="0" fromWho="2" sc="10,87,402,0,287,-77,291,0" />
</Scene>
<Scene>
<INIT seed="4,1,0,1,1,0" ten="97,402,210,291" oya="0" hai0="4,35,7,28,103,117,104,33,133,97,128,79,54" hai1="10,95,114,115,39,14,38,93,65,27,130,42,106" hai2="32,89,17,69,110,58,132,24,81,122,116,121,73" hai3="92,46,59,98,85,84,1,90,51,111,40,12,49"/><T60/><D117/><U55/><E106/><V108/><F69/><W129/><G1/><T134/><D79/><U102/><E130/><V48/><F48/><W135/><G111/><T57/><D128/><U66/><E55/><V120/><F58/><W107/><G129/><T15/><D15/><U52/><E27/><V47/><F47/><N who="3" m="25831" /><G107/><T123/><D123/><U100/><E52/><V87/><F116/><W75/><G75/><T5/><REACH who="0" step="1"/><D28/><REACH who="0" ten="87,402,210,291" step="2"/><U36/><E14/><V31/><F132/><AGARI ba="1,1" hai="4,5,7,33,35,54,57,60,97,103,104,132,133,134" machi="132" ten="40,18000,2" yaku="1,1,2,1,20,1,52,3,53,0" doraHai="0" doraHaiUra="71" who="0" fromWho="2" sc="87,193,402,0,210,-183,291,0" />
</Scene>
<Scene>
<INIT seed="4,2,0,0,1,113" ten="280,402,27,291" oya="0" hai0="103,25,55,1,5,64,111,109,49,121,115,6,125" hai1="58,40,13,61,47,131,98,59,73,71,90,65,45" hai2="23,16,86,48,31,79,120,68,24,124,126,56,0" hai3="7,80,4,117,3,77,104,62,101,33,14,46,37"/><T63/><D121/><U36/><E73/><V41/><F120/><W133/><G14/><T20/><D115/><U119/><E119/><V75/><F68/><W72/><G7/><T10/><D6/><U88/><E131/><V82/><F0/><W93/><G93/><T38/><D38/><U30/><E30/><V100/><F100/><W18/><G18/><T17/><D125/><N who="2" m="48234" /><F41/><N who="3" m="22831" /><G62/><T84/><D103/><U132/><E13/><V66/><F66/><W52/><G52/><T134/><D134/><U57/><E132/><V92/><F92/><W50/><G50/><T95/><D84/><U51/><REACH who="1" step="1"/><E98/><REACH who="1" ten="280,392,27,291" step="2"/><V32/><F16/><W106/><G133/><T44/><REACH who="0" step="1"/><D95/><REACH who="0" ten="270,392,27,291" step="2"/><U135/><E135/><V39/><F56/><AGARI ba="2,2" hai="1,5,10,17,20,25,44,49,55,56,63,64,109,111" machi="56" ten="40,7700,0" yaku="1,1,2,1,53,1" doraHai="113" doraHaiUra="53" who="0" fromWho="2" sc="270,103,392,0,27,-83,291,0" owari="373,17.0,392,50.0,-56,-56.0,291,-11.0" />
</Scene>
</mjloggm>