<mjloggm ver="2.3"><GO type="169" lobby="0"/><UN n0="%E3%82%B8%E3%83%A3%E3%82%B9%E3%82%BF%E3%82%A6%E3%82%A7%E3%82%A4" n1="%E3%82%B7%E3%83%A3%E3%83%B3%E3%83%86%E3%83%B3%E5%9C%B0%E7%8D%84%E2%98%86" n2="%E3%81%9F%E3%81%BE%E3%81%93%E3%82%8D" n3="%E5%A4%AA%E3%81%8F%E3%81%AA%E3%81%84%E3%81%8A" dan="17,17,16,17" rate="2189.45,2152.66,2123.25,2162.37" sx="M,M,M,M"/><TAIKYOKU oya="0"/>

<Scene>
<INIT seed="0,0,0,1,5,48" ten="250,250,250,250" oya="0" hai0="38,60,32,108,84,119,37,30,92,91,124,65,135" hai1="128,11,127,86,104,26,61,68,112,70,15,33,75" hai2="0,34,125,22,66,90,62,117,71,21,121,8,39" hai3="53,87,31,109,95,118,40,43,77,100,94,41,63"/><T110/><D119/><U42/><E75/><V28/><F121/><W98/><G118/><T58/><D135/><U1/><E104/><V131/><F117/><W25/><G109/><N who="0" m="42091" /><D124/><U2/><E42/><V85/><F125/><W133/><G133/><T74/><D74/><U52/><E128/><V3/><F39/><N who="0" m="14858" /><D30/><U6/><E112/><V4/><F131/><W101/><G77/><T123/><D32/><U23/><E127/><V69/><F0/><W99/><G87/><T7/><D7/><U132/><E132/><V134/><F134/><W57/><REACH who="3" step="1"/><G40/><REACH who="3" ten="250,250,250,240" step="2"/><T54/><D123/><U14/><E86/><V13/><F85/><W107/><G107/><T115/><D115/><U113/><E113/><V44/><F3/><W130/><G130/><T76/><D76/><U129/><E2/><V106/><F106/><W12/><G12/><T5/><D5/><U89/><E14/><V36/><F13/><W120/><G120/><T17/><D17/><U72/><E129/><V19/><F4/><W96/><G96/><T49/><D65/><U45/><E15/><V46/><F66/><W29/><G29/><T24/><D24/><U93/><E26/><V18/><F28/><W59/><G59/><T64/><D64/><U122/><E122/><V126/><F126/><W27/><G27/><T102/><D102/><U82/><E6/><V97/><F19/><W88/><G88/><T10/><D10/><U9/><E9/><V56/><F18/><W51/><G51/><AGARI ba="0,1" hai="49,51,54,58,60,84,91,92" m="14858,42091" machi="51" ten="30,5800,0" yaku="14,1,10,1,52,1" doraHai="48" who="0" fromWho="3" sc="250,68,250,0,250,0,240,-58" />
</Scene>
<Scene>
<INIT seed="0,1,0,1,5,41" ten="318,250,250,182" oya="0" hai0="129,75,0,87,88,91,69,112,24,105,110,56,25" hai1="57,132,9,121,93,78,131,96,22,82,44,107,123" hai2="104,98,74,126,19,51,80,53,77,122,60,2,29" hai3="12,66,35,65,94,133,54,15,8,99,83,85,40"/><T103/><D112/><U79/><E107/><V26/><F122/><W113/><G113/><T117/><D117/><U4/><E131/><V55/><F2/><W43/><G35/><T68/><D0/><U18/><E132/><V49/><F19/><W27/><G133/><T120/><D120/><U89/><E57/><V73/><F126/><W119/><G119/><T95/><D75/><U134/><E134/><V114/><F60/><W118/><G27/><T32/><D129/><U47/><E121/><V86/><F114/><W62/><G54/><T36/><D36/><U11/><E123/><V45/><F98/><W58/><G66/><T28/><D110/><U101/><E101/><V16/><F104/><W111/><G111/><T128/><D128/><U46/><E4/><V37/><F37/><W39/><G118/><T23/><D56/><U115/><E115/><V30/><F73/><W1/><G1/><T7/><D7/><U52/><E52/><V116/><F74/><W14/><G8/><N who="1" m="3146" /><E82/><V38/><F38/><W20/><G20/><T21/><D32/><U42/><E42/><V5/><F5/><W71/><G71/><T100/><D105/><U92/><E92/><V81/><F80/><W64/><G64/><T48/><D48/><U97/><E97/><V124/><F116/><W67/><G67/><T108/><D108/><U84/><E96/><V63/><F63/><W90/><REACH who="3" step="1"/><G39/><REACH who="3" ten="318,250,250,172" step="2"/><T130/><D130/><U34/><E34/><V72/><F55/><W76/><AGARI ba="1,1" hai="12,14,15,40,43,58,62,65,76,83,85,90,94,99" machi="76" ten="30,7900,0" yaku="1,1,2,1,0,1,8,1,53,0" doraHai="41" doraHaiUra="13" who="3" fromWho="3" sc="318,-40,250,-21,250,-21,172,92" />
</Scene>
<Scene>
<INIT seed="1,0,0,0,4,58" ten="278,229,229,264" oya="1" hai0="7,121,115,88,110,39,60,119,65,49,57,71,123" hai1="52,131,24,63,102,61,80,59,3,35,120,111,107" hai2="23,133,87,53,0,90,134,122,94,42,118,72,108" hai3="6,76,81,128,113,96,4,70,30,16,124,127,8"/><U92/><E120/><N who="0" m="46153" /><D115/><U64/><E3/><V41/><F122/><W56/><G70/><T51/><D7/><U46/><E111/><V95/><F0/><W100/><G113/><T68/><D119/><U5/><E5/><V126/><F72/><W109/><G109/><T86/><D110/><U93/><E131/><V21/><F108/><W98/><G30/><T25/><D25/><U26/><E80/><V116/><F87/><W32/><G32/><T69/><D39/><U29/><E24/><V20/><F90/><W84/><G128/><T117/><D117/><N who="2" m="45162" /><F53/><W17/><G4/><T27/><D27/><U130/><E130/><V11/><F11/><W132/><G96/><T18/><D18/><U89/><E46/><V74/><F74/><W22/><G17/><T12/><D12/><U85/><E107/><V114/><F114/><W34/><G8/><T2/><D2/><U99/><REACH who="1" step="1"/><E64/><REACH who="1" ten="278,219,229,264" step="2"/><V43/><F126/><W103/><G6/><T47/><D47/><U10/><E10/><V19/><F19/><W62/><G124/><T14/><D14/><U36/><E36/><V44/><F44/><W75/><G127/><T77/><D77/><U33/><E33/><V135/><AGARI ba="0,1" hai="20,21,23,41,42,43,94,95,133,134,135" m="45162" machi="135" ten="50,8000,1" yaku="29,2,28,2,20,1" doraHai="58" who="2" fromWho="2" sc="278,-20,219,-40,229,90,264,-20" />
</Scene>
<Scene>
<INIT seed="2,0,0,3,4,95" ten="258,179,319,244" oya="2" hai0="115,47,3,2,22,6,24,23,4,76,103,130,64" hai1="52,67,101,96,49,65,42,20,57,33,113,116,40" hai2="56,99,27,13,108,84,0,90,28,111,127,118,10" hai3="30,11,51,114,110,53,44,107,135,1,35,112,29"/><V66/><F118/><W71/><G71/><T12/><D76/><U45/><E116/><V119/><F119/><W91/><G107/><T79/><D79/><U34/><E113/><N who="3" m="43626" /><G110/><N who="2" m="42025" /><F0/><N who="0" m="42" /><D64/><U62/><E67/><V70/><F127/><W122/><G122/><T26/><D47/><U39/><E20/><N who="0" m="7721" /><D103/><U126/><E126/><V37/><F70/><W75/><G75/><T43/><D43/><U98/><E42/><V17/><F66/><W63/><G135/><T5/><D115/><U14/><E14/><V48/><F37/><W132/><G132/><T7/><D130/><U88/><E88/><V89/><F28/><W134/><G134/><T85/><D85/><U41/><E41/><V120/><F27/><N who="0" m="10282" /><D5/><U61/><E61/><V82/><F56/><W94/><G63/><T104/><D104/><U25/><E25/><V92/><F48/><W129/><G129/><T36/><D36/><U74/><E74/><V18/><F120/><W32/><G29/><T16/><D16/><AGARI ba="0,0" hai="10,13,16,17,18,82,84,89,90,92,99" m="42025" machi="16" ten="30,11600,0" yaku="14,1,10,1,52,1,54,1" doraHai="95" who="2" fromWho="0" sc="258,-116,179,0,319,116,244,0" />
</Scene>
<Scene>
<INIT seed="2,1,0,5,0,10" ten="142,179,435,244" oya="2" hai0="33,3,60,58,94,108,121,35,82,50,118,55,57" hai1="68,85,38,6,116,7,27,36,22,87,122,12,90" hai2="132,63,54,40,64,135,89,37,67,46,30,44,49" hai3="91,45,28,29,128,62,5,61,31,126,81,114,130"/><V92/><F30/><W23/><G126/><T15/><D3/><U21/><E68/><V119/><F119/><W42/><G114/><T103/><D121/><U101/><E116/><V17/><F17/><W25/><G5/><T56/><D118/><U117/><E117/><V75/><F75/><W93/><G81/><T69/><D69/><U83/><E101/><V70/><F89/><W8/><G8/><T19/><D108/><U133/><E133/><N who="2" m="51275" /><F92/><W2/><G2/><T99/><D82/><U84/><E122/><V16/><F16/><N who="3" m="12519" /><G93/><T32/><REACH who="0" step="1"/><D60/><REACH who="0" ten="132,179,435,244" step="2"/><U11/><E83/><V59/><F70/><W77/><G62/><T102/><D102/><U39/><E90/><V1/><F1/><W111/><G61/><T48/><D48/><U73/><E73/><V34/><F34/><W24/><G91/><T41/><D41/><AGARI ba="1,1" hai="37,40,41,44,46,49,54,59,63,64,67" m="51275" machi="41" ten="30,5800,0" yaku="20,1,34,2" doraHai="10" who="2" fromWho="0" sc="132,-61,179,0,435,71,244,0" />
</Scene>
<Scene>
<INIT seed="2,2,0,5,3,88" ten="71,179,506,244" oya="2" hai0="69,104,68,131,126,98,93,9,63,23,21,41,37" hai1="19,60,99,86,18,30,116,123,6,49,110,3,26" hai2="114,5,52,31,11,122,28,119,2,40,15,66,82" hai3="55,89,70,121,76,29,27,108,74,12,22,35,128"/><V78/><F119/><W51/><G121/><T13/><D104/><U109/><E116/><V33/><F114/><W96/><G70/><T47/><D131/><U72/><E72/><V64/><F122/><W132/><G128/><T1/><D1/><U79/><E123/><V32/><F40/><W75/><G108/><N who="1" m="41578" /><E49/><V84/><F2/><W80/><G132/><T42/><D126/><U65/><E99/><V90/><F33/><W34/><G75/><T135/><D135/><U111/><E111/><V105/><F105/><W87/><G12/><T134/><D42/><U53/><E53/><V83/><F32/><W77/><G96/><T36/><D36/><U20/><E6/><V113/><F113/><W45/><REACH who="3" step="1"/><G76/><REACH who="3" ten="71,179,506,234" step="2"/><T14/><D134/><U73/><E73/><V106/><F78/><W107/><G107/><T7/><D14/><U43/><E3/><V56/><F106/><W50/><G50/><T81/><D69/><U25/><E79/><V85/><F15/><W112/><G112/><T58/><D68/><U94/><E26/><V71/><F71/><W129/><G129/><T67/><REACH who="0" step="1"/><D81/><AGARI ba="2,1" hai="22,27,29,34,35,45,51,55,74,77,80,81,87,89" machi="81" ten="30,2000,0" yaku="1,1,7,1,53,0" doraHai="88" doraHaiUra="127" who="3" fromWho="0" sc="71,-26,179,0,506,0,234,36" />
</Scene>
<Scene>
<INIT seed="3,0,0,3,1,108" ten="45,179,506,270" oya="3" hai0="14,98,119,127,131,40,39,4,8,35,87,25,57" hai1="3,37,113,60,81,27,107,28,30,44,29,52,24" hai2="85,13,58,59,106,76,102,117,92,54,120,71,118" hai3="6,64,66,53,69,78,18,101,122,105,91,56,104"/><W73/><G122/><T48/><D119/><U15/><E113/><V55/><F71/><W5/><G69/><T17/><D131/><U7/><E3/><V110/><F106/><W82/><G18/><T10/><D127/><U109/><E107/><V134/><F110/><W43/><G43/><T96/><D39/><U38/><E109/><V99/><F120/><W77/><G77/><T22/><D87/><U70/><E81/><V21/><F134/><W111/><G111/><T49/><D35/><U16/><E7/><V94/><F118/><W61/><G104/><T86/><D86/><U115/><E115/><V47/><F117/><W1/><G91/><T45/><D48/><U63/><E70/><V23/><F76/><W74/><G74/><T116/><D116/><U112/><E112/><V11/><F47/><W135/><G135/><T65/><REACH who="0" step="1"/><D10/><REACH who="0" ten="35,179,506,270" step="2"/><N who="1" m="6263" /><E37/><V130/><F130/><W72/><G72/><T75/><D75/><U80/><E38/><V31/><F85/><W132/><G132/><T79/><D79/><U12/><E80/><V20/><F11/><W128/><G128/><T90/><D90/><U124/><E124/><V125/><F125/><W33/><G33/><T84/><D84/><U9/><E63/><AGARI ba="0,1" hai="4,8,14,17,22,25,40,45,49,57,63,65,96,98" machi="63" ten="40,2600,0" yaku="1,1,8,1,53,0" doraHai="108" doraHaiUra="50" who="0" fromWho="1" sc="35,36,179,-26,506,0,270,0" />
</Scene>
<Scene>
<INIT seed="4,0,0,0,5,53" ten="71,153,506,270" oya="0" hai0="103,74,108,94,126,80,102,61,47,107,69,0,99" hai1="82,39,101,67,13,57,91,93,55,68,64,8,85" hai2="133,71,51,96,119,84,38,97,111,14,79,1,52" hai3="46,34,20,41,48,66,76,123,24,88,9,113,77"/><T36/><D126/><U122/><E39/><V56/><F111/><W15/><G34/><T35/><D35/><U45/><E122/><V29/><F1/><W12/><G123/><T78/><D108/><U117/><E68/><V65/><F38/><W128/><G113/><T86/><D0/><U110/><E117/><V112/><F112/><W44/><G128/><T95/><D69/><U87/><E45/><V121/><F121/><W42/><G66/><T81/><D61/><N who="1" m="36031" /><E110/><V3/><F3/><W62/><G62/><T27/><D27/><U70/><E70/><V17/><F29/><W124/><G124/><T2/><D2/><U32/><E32/><V109/><F109/><W83/><G88/><N who="0" m="51279" /><D47/><U116/><E116/><V75/><F119/><W115/><G115/><T31/><D31/><U43/><E43/><V132/><F75/><W134/><G134/><N who="2" m="51817" /><F71/><W135/><G135/><T22/><D22/><U5/><E101/><N who="0" m="38409" /><D36/><U26/><E26/><V105/><F65/><W89/><G44/><T40/><D40/><U33/><E33/><V6/><F6/><N who="3" m="3127" /><G42/><T28/><D28/><U63/><E63/><V98/><F17/><N who="3" m="10303" /><G24/><T131/><D131/><U50/><E50/><V127/><F14/><W30/><G30/><T37/><D37/><U10/><E10/><V73/><F127/><W72/><G48/><T120/><D120/><U125/><E125/><V16/><F16/><W11/><G11/><T114/><D114/><U4/><E4/><V90/><F51/><W92/><G41/><T18/><D18/><U129/><E129/><V25/><F25/><W100/><G46/><RYUUKYOKU ba="0,0" sc="71,15,153,15,506,-15,270,-15" hai0="74,78,80,94,95,99,107" hai1="5,8,13,64,67,82,85,87,91,93" />
</Scene>
<Scene>
<INIT seed="4,1,0,5,0,41" ten="86,168,491,255" oya="0" hai0="107,100,115,87,11,17,4,96,21,42,14,111,57" hai1="19,128,82,80,50,47,118,94,28,26,112,1,23" hai2="130,101,43,63,49,117,29,134,52,127,108,110,92" hai3="83,33,3,81,51,44,61,39,133,67,66,0,85"/><T35/><D35/><U68/><E1/><V109/><F29/><W32/><G39/><T18/><D115/><U97/><E68/><V125/><F101/><W64/><G133/><T121/><D121/><U46/><E118/><V15/><F15/><W45/><G61/><T73/><D73/><U13/><E112/><V77/><F77/><W38/><G38/><T95/><D111/><U25/><E128/><V31/><F92/><W37/><G37/><T135/><D135/><U131/><E131/><V90/><F90/><W116/><G66/><T88/><D42/><U70/><E70/><V102/><F102/><W5/><G51/><T114/><D114/><U98/><E26/><V40/><F31/><W59/><G59/><T75/><D75/><U54/><E46/><N who="2" m="25799" /><F134/><W103/><G103/><T129/><D129/><U93/><E93/><V113/><F130/><W86/><G5/><T122/><D122/><U123/><E123/><V9/><F9/><W65/><G65/><T6/><REACH who="0" step="1"/><D57/><REACH who="0" ten="76,168,491,255" step="2"/><U24/><E24/><AGARI ba="1,1" hai="4,6,11,14,17,18,21,24,87,88,95,96,100,107" machi="24" ten="30,12000,1" yaku="1,1,2,1,7,1,54,1,53,1" doraHai="41" doraHaiUra="91" who="0" fromWho="1" sc="76,133,168,-123,491,0,255,0" />
</Scene>
<Scene>
<INIT seed="4,2,0,0,2,60" ten="209,45,491,255" oya="0" hai0="132,107,87,99,22,108,109,16,102,35,128,130,1" hai1="18,115,114,105,31,19,30,84,43,25,81,32,40" hai2="12,123,66,41,91,80,4,7,134,8,26,0,89" hai3="117,9,121,2,82,50,126,47,98,92,28,77,61"/><T65/><D35/><U38/><E105/><V93/><F123/><W113/><G117/><T122/><D1/><U52/><E31/><V120/><F120/><W78/><G121/><T116/><D122/><U75/><E75/><V29/><F134/><W131/><G113/><N who="1" m="43018" /><E38/><V37/><F0/><W36/><G36/><T6/><D6/><U118/><E118/><V15/><F37/><W21/><G126/><T124/><D116/><U54/><E40/><V27/><F41/><W74/><G131/><N who="0" m="50219" /><D124/><U5/><E5/><V13/><F8/><W119/><G119/><T62/><D87/><U129/><E43/><V53/><F53/><N who="1" m="20585" /><E129/><V135/><F135/><W104/><G104/><T46/><D46/><U94/><E94/><V79/><F29/><W14/><G47/><T70/><D132/><U86/><E86/><N who="2" m="48415" /><F7/><W71/><G74/><T34/><D34/><U68/><E68/><V73/><F73/><W44/><G2/><T69/><D69/><U49/><E49/><V111/><F93/><W72/><G50/><T97/><D97/><U55/><N who="1" m="20593" /><U51/><DORA hai="3" /><E51/><V110/><F4/><W103/><G44/><T96/><D99/><U95/><E95/><V58/><F58/><W33/><G33/><T23/><D23/><U64/><E64/><V101/><F66/><N who="3" m="41423" /><G72/><T67/><D65/><U56/><E56/><V127/><F127/><W88/><G98/><T112/><D112/><U48/><E48/><V90/><F101/><W45/><G103/><T24/><AGARI ba="2,0" hai="16,22,24,62,67,70,96,102,107,108,109" m="50219" machi="24" ten="30,6000,0" yaku="19,1,52,1,54,1" doraHai="60,3" who="0" fromWho="0" sc="209,66,45,-22,491,-22,255,-22" />
</Scene>
<Scene>
<INIT seed="4,3,0,2,2,72" ten="275,23,469,233" oya="0" hai0="106,2,134,12,49,85,128,124,110,4,22,73,87" hai1="17,0,89,91,112,77,100,70,53,19,26,37,63" hai2="25,111,44,69,56,76,81,48,52,107,60,75,132" hai3="83,99,86,38,20,61,67,113,88,39,98,68,101"/><T24/><D106/><U104/><E37/><V84/><F111/><W6/><G113/><T27/><D2/><U35/><E0/><V129/><F132/><W119/><G119/><T92/><D73/><U10/><E112/><V51/><F129/><W59/><G6/><T122/><D122/><U131/><E131/><V109/><F109/><W30/><G68/><T125/><D128/><U127/><E127/><N who="0" m="48713" /><D134/><U9/><E100/><V95/><F107/><W45/><G45/><T32/><D110/><U97/><E104/><V90/><F69/><W66/><G66/><T130/><D130/><U29/><E77/><V103/><F103/><W40/><G40/><T126/><D49/><U116/><E116/><V36/><F36/><W15/><G98/><T54/><D54/><U82/><E97/><V21/><F44/><W135/><G135/><T62/><D62/><U65/><E53/><V123/><F123/><W11/><G11/><N who="0" m="4199" /><D32/><U118/><E118/><V16/><AGARI ba="3,0" hai="16,21,25,48,51,52,56,60,75,76,81,84,90,95" machi="16" ten="20,8000,1" yaku="0,1,7,1,52,1,54,2" doraHai="72" who="2" fromWho="2" sc="275,-43,23,-23,469,89,233,-23" />
</Scene>
<Scene>
<INIT seed="5,0,0,2,4,48" ten="232,0,558,210" oya="1" hai0="1,41,134,54,9,63,118,109,71,52,38,55,39" hai1="103,61,58,13,7,65,15,95,74,34,22,44,124" hai2="50,123,82,28,42,76,97,119,29,4,91,93,56" hai3="116,129,111,60,36,78,135,112,101,131,121,21,11"/><U66/><E34/><V14/><F119/><W132/><G36/><N who="0" m="13867" /><D9/><N who="1" m="4287" /><E74/><V115/><F123/><W98/><G121/><T40/><D1/><U89/><E124/><V72/><F115/><W0/><G111/><T87/><D87/><N who="1" m="52671" /><E103/><V51/><F42/><N who="0" m="16490" /><D134/><N who="3" m="51241" /><G112/><T24/><D24/><U128/><E128/><N who="3" m="49226" /><G116/><T67/><D118/><U69/><E69/><V106/><F106/><N who="3" m="63799" /><G21/><T3/><D3/><U77/><E44/><V32/><F32/><W114/><G114/><T104/><D104/><U99/><E99/><V23/><F23/><W70/><G78/><T73/><D73/><U2/><E2/><V17/><F97/><W133/><N who="3" m="51249" /><W113/><DORA hai="81" /><G113/><T16/><D16/><N who="1" m="10527" /><E77/><V45/><F76/><W122/><G122/><T5/><D5/><U100/><E100/><V85/><F17/><W107/><G107/><T92/><D92/><U86/><E86/><V20/><F93/><W10/><G0/><T62/><D109/><U83/><E83/><V59/><F85/><W80/><G80/><T125/><D125/><U105/><E105/><V110/><F82/><W27/><G27/><T26/><D26/><U8/><E8/><V46/><F110/><W88/><G88/><T37/><D37/><U47/><E47/><V84/><F91/><W57/><G70/><T64/><D71/><U120/><E120/><V12/><F72/><W96/><G96/><T35/><D35/><U31/><E31/><V108/><F108/><W126/><G126/><T6/><D6/><U75/><E75/><V68/><F68/><W102/><G102/><T94/><D94/><U130/><E130/><RYUUKYOKU ba="0,0" sc="232,10,0,10,558,-30,210,10" hai0="52,54,55,62,63,64,67" hai1="58,61,65,66" hai3="10,11,57,60" />
</Scene>
<Scene>
<INIT seed="5,1,0,0,3,126" ten="242,10,528,220" oya="1" hai0="84,104,101,24,52,91,95,1,135,65,129,23,97" hai1="31,39,61,43,70,103,10,9,56,18,30,57,74" hai2="53,93,42,78,19,130,13,15,107,134,36,127,54" hai3="34,120,106,77,128,63,122,96,99,88,71,118,85"/><U28/><E74/><V16/><F107/><W41/><G41/><T75/><D1/><U60/><E70/><V51/><F127/><W123/><G34/><T20/><D135/><U12/><E103/><V111/><F134/><W8/><G8/><T64/><D75/><U22/><E43/><V113/><F111/><W58/><G71/><T115/><D115/><U3/><E39/><V86/><F36/><W4/><G4/><T132/><D132/><U81/><E3/><V0/><F130/><W92/><G118/><T21/><D129/><U89/><E81/><N who="2" m="47415" /><F0/><W112/><G112/><T2/><D2/><U102/><E102/><V47/><F93/><W11/><G11/><T48/><REACH who="0" step="1"/><D24/><REACH who="0" ten="232,10,528,220" step="2"/><U72/><E72/><V76/><F113/><W110/><G128/><T26/><D26/><U68/><E68/><V50/><F76/><W109/><G77/><T6/><D6/><U121/><E121/><V7/><F7/><W33/><G33/><T116/><D116/><U32/><E32/><V83/><F83/><W133/><G133/><T105/><D105/><U17/><E89/><V98/><F98/><W55/><REACH who="3" step="1"/><G106/><REACH who="3" ten="232,10,528,210" step="2"/><T124/><D124/><U125/><E125/><V14/><F42/><W108/><AGARI ba="1,2" hai="55,58,63,85,88,92,96,99,108,109,110,120,122,123" machi="108" ten="40,12000,2" yaku="1,1,2,1,0,1,54,1,53,3" doraHai="126" doraHaiUra="119" who="3" fromWho="3" sc="232,-31,10,-61,528,-31,210,143" owari="201,-20.0,-51,-55.0,497,60.0,353,15.0" />
</Scene>
</mjloggm>