<mjloggm ver="2.3"><GO type="169" lobby="0"/><UN n0="%47%E3%83%A8%E9%BE%8D%E9%96%80" n1="%E3%81%8D%E3%81%8F%E3%81%A6%E3%81%83%E3%81%99%E2%98%86" n2="%E3%82%BF%E3%82%B3%EF%BC%92%EF%BC%95%EF%BC%92%EF%BC%95" n3="%E5%A4%AA%E3%81%8F%E3%81%AA%E3%81%84%E3%81%8A" dan="17,18,16,17" rate="2198.37,2210.43,2105.85,2172.71" sx="M,M,M,M"/><TAIKYOKU oya="0"/>

<Scene>
<INIT seed="0,0,0,5,5,35" ten="250,250,250,250" oya="0" hai0="15,10,7,84,39,28,47,46,2,32,27,11,107" hai1="93,106,33,3,134,122,96,52,99,128,80,17,77" hai2="90,54,24,127,119,110,102,26,1,59,50,129,108" hai3="48,132,19,37,91,85,70,105,86,124,131,57,118"/><T71/><D107/><U65/><E122/><V45/><F102/><W78/><G37/><T130/><D130/><U101/><E128/><V68/><F129/><W94/><G70/><T125/><D125/><U4/><E33/><V104/><F68/><W8/><G131/><T60/><D39/><U112/><E65/><V111/><F104/><W25/><G105/><T18/><REACH who="0" step="1"/><D84/><REACH who="0" ten="240,250,250,250" step="2"/><U88/><E112/><V55/><F127/><W121/><G86/><T56/><D56/><U113/><E113/><V9/><F119/><W116/><G57/><T114/><D114/><U29/><E134/><V23/><F59/><W30/><G132/><T109/><D109/><U64/><E106/><V103/><F110/><W6/><G124/><T97/><D97/><U49/><E99/><V75/><F111/><W120/><G116/><T14/><D14/><U36/><E96/><V31/><F108/><W58/><G118/><T38/><D38/><U44/><E36/><V61/><F26/><W115/><G115/><T87/><D87/><U22/><E101/><V41/><F103/><W95/><G58/><T42/><D42/><U74/><E74/><V73/><F73/><W89/><G85/><T117/><D117/><U72/><E64/><AGARI ba="0,1" hai="2,7,10,11,15,18,27,28,32,46,47,60,64,71" machi="64" ten="40,3900,0" yaku="1,1,52,1,53,0" doraHai="35" doraHaiUra="98" who="0" fromWho="1" sc="240,49,250,-39,250,0,250,0" />
</Scene>
<Scene>
<INIT seed="0,1,0,5,1,26" ten="289,211,250,250" oya="0" hai0="6,108,57,87,112,1,5,40,23,113,101,21,36" hai1="88,49,134,105,106,52,44,22,50,90,68,114,47" hai2="29,130,96,37,95,97,123,109,33,103,39,78,107" hai3="121,124,67,85,80,65,131,42,45,16,15,19,59"/><T27/><D108/><U48/><E68/><V64/><F109/><W99/><G124/><T92/><D23/><U100/><E134/><V56/><F123/><W79/><G121/><T98/><D57/><U117/><E117/><V0/><F0/><W94/><G131/><T28/><D87/><U9/><E114/><V116/><F116/><W89/><G59/><T62/><D62/><U34/><E34/><V84/><F130/><W86/><G86/><T3/><D3/><U35/><E35/><V20/><F33/><W63/><G63/><T83/><D83/><U111/><E111/><V119/><F119/><W128/><G128/><T71/><D71/><U72/><E72/><V120/><F120/><W82/><G82/><T43/><D43/><U14/><E22/><V8/><F8/><W77/><G77/><T133/><D133/><U54/><E50/><V58/><F58/><W51/><REACH who="3" step="1"/><G19/><REACH who="3" ten="289,211,250,240" step="2"/><T18/><D18/><U125/><E125/><V31/><F56/><W10/><AGARI ba="1,1" hai="10,15,16,42,45,51,65,67,79,80,85,89,94,99" machi="10" ten="20,12000,2" yaku="1,1,2,1,0,1,7,1,8,1,54,1,53,0" doraHai="26" doraHaiUra="53" who="3" fromWho="3" sc="289,-61,211,-31,250,-31,240,133" />
</Scene>
<Scene>
<INIT seed="1,0,0,2,3,21" ten="228,180,219,373" oya="1" hai0="73,62,96,18,19,84,53,106,4,112,120,29,20" hai1="64,37,110,95,117,22,131,80,67,68,85,127,8" hai2="46,104,102,89,27,114,71,23,41,130,56,88,57" hai3="98,47,44,1,70,25,61,99,118,134,81,122,12"/><U33/><E117/><V30/><F71/><W60/><G1/><T40/><D112/><U132/><E33/><V24/><F114/><W2/><G2/><T107/><D73/><U42/><E131/><V135/><F135/><W26/><G122/><T91/><D120/><U43/><E132/><V11/><F130/><W6/><G134/><T133/><D133/><U59/><E127/><V54/><F102/><W9/><G118/><T86/><D4/><U15/><E68/><V94/><F104/><W28/><G81/><T38/><D38/><U66/><E110/><V3/><F3/><W16/><G6/><T125/><D40/><U49/><E37/><V93/><F11/><W101/><G98/><T119/><D125/><U109/><E95/><N who="2" m="36363" /><F41/><W31/><G70/><T52/><D86/><U108/><E108/><V78/><F78/><W123/><G123/><T10/><D10/><U92/><E92/><V124/><F124/><W13/><G99/><T83/><D119/><U79/><E109/><V5/><F5/><N who="3" m="3119" /><G101/><T87/><D87/><U0/><E0/><V17/><F46/><N who="3" m="17451" /><G28/><T103/><D107/><U7/><REACH who="1" step="1"/><E22/><REACH who="1" ten="228,170,219,373" step="2"/><N who="2" m="15639" /><F56/><W74/><G74/><T50/><D20/><U97/><E97/><V51/><AGARI ba="0,1" hai="17,23,27,51,54,57,88,89" m="15639,36363" machi="51" ten="30,7900,0" yaku="8,1,52,2,54,1" doraHai="21" who="2" fromWho="2" sc="228,-20,170,-39,219,89,373,-20" />
</Scene>
<Scene>
<INIT seed="2,0,0,3,1,22" ten="208,131,308,353" oya="2" hai0="103,75,74,39,70,12,97,109,110,94,57,71,112" hai1="30,100,68,88,33,132,91,24,66,131,127,129,59" hai2="87,37,43,101,116,51,26,2,44,17,92,115,95" hai3="5,122,111,29,48,19,86,76,42,36,81,38,67"/><V10/><F115/><W93/><G122/><T9/><D112/><U121/><E121/><V8/><F116/><W120/><G120/><T4/><D39/><U61/><E132/><V62/><F37/><W54/><G111/><N who="0" m="42507" /><D57/><U128/><E127/><V73/><F73/><AGARI ba="0,0" hai="4,9,12,70,71,73,74,75,94,97,103" m="42507" machi="73" ten="30,1000,0" yaku="14,1" doraHai="22" who="0" fromWho="2" sc="208,10,131,0,308,-10,353,0" />
</Scene>
<Scene>
<INIT seed="3,0,0,3,2,64" ten="218,131,298,353" oya="3" hai0="25,82,110,68,95,62,53,30,71,98,72,56,122" hai1="81,132,87,16,14,32,22,46,76,13,17,99,11" hai2="58,78,39,102,89,70,85,86,101,127,66,21,7" hai3="65,129,121,47,120,59,15,79,45,49,80,96,28"/><W103/><G129/><T114/><D122/><U4/><E32/><V36/><F70/><W113/><G113/><T130/><D110/><U43/><E132/><V52/><F66/><W135/><G28/><T104/><D104/><U27/><E99/><V123/><F123/><W40/><G135/><T94/><D130/><U84/><E84/><V8/><F127/><W106/><G65/><T134/><D114/><U37/><REACH who="1" step="1"/><E17/><REACH who="1" ten="218,121,298,353" step="2"/><V3/><F85/><W75/><G120/><T119/><D134/><U77/><E77/><V48/><F78/><W118/><G121/><T0/><D98/><U97/><E97/><V18/><F102/><W126/><G79/><T35/><D72/><U109/><E109/><V42/><F101/><W74/><G74/><T55/><D82/><U33/><E33/><V111/><F111/><W69/><G80/><T29/><D35/><U67/><E67/><V83/><F42/><W50/><G40/><T10/><D94/><U63/><E63/><V128/><REACH who="2" step="1"/><F128/><REACH who="2" ten="218,121,288,353" step="2"/><W38/><G103/><T88/><D95/><U90/><E90/><V44/><F44/><W9/><G47/><T131/><D88/><U93/><E93/><V91/><F91/><W23/><G45/><T26/><D131/><U115/><E115/><V107/><F107/><W57/><G106/><T73/><D73/><U105/><E105/><V112/><F112/><W31/><G75/><T116/><D68/><U133/><E133/><V92/><F92/><W125/><G69/><T61/><D71/><U24/><AGARI ba="0,2" hai="4,11,13,14,16,22,24,27,37,43,46,76,81,87" machi="24" ten="30,4000,0" yaku="1,1,0,1,54,1,53,0" doraHai="64" doraHaiUra="60" who="1" fromWho="1" sc="218,-10,121,60,288,-10,353,-20" />
</Scene>
<Scene>
<INIT seed="4,0,0,3,2,65" ten="208,181,278,333" oya="0" hai0="2,50,64,76,93,108,86,26,97,118,55,54,15" hai1="126,123,102,14,69,25,115,51,125,117,34,57,28" hai2="98,85,127,11,70,18,91,61,45,132,92,113,56" hai3="110,60,96,80,73,6,12,5,130,99,0,128,49"/><T124/><D2/><U134/><E123/><V59/><F113/><W38/><G38/><T81/><D118/><U23/><E117/><V94/><F127/><N who="1" m="48649" /><E115/><V52/><F132/><W44/><G0/><T82/><D124/><U36/><E36/><V75/><F75/><W131/><G110/><T90/><D108/><U83/><E134/><V88/><F70/><W39/><G39/><T48/><D26/><U129/><E129/><V13/><F56/><W19/><G60/><T22/><D64/><U7/><E102/><V3/><F3/><W17/><G73/><T105/><D105/><U106/><E106/><V20/><F45/><W119/><G80/><T21/><D82/><U104/><E104/><V71/><F71/><W114/><G119/><T27/><D15/><U46/><E57/><V111/><F111/><W53/><G19/><T87/><D87/><U72/><E69/><V33/><F33/><W121/><G121/><T120/><D120/><U66/><E66/><V29/><F29/><W42/><G42/><T68/><D68/><U4/><E34/><V133/><F133/><W116/><G114/><T101/><D101/><U78/><E14/><V103/><F103/><W43/><G116/><T109/><D109/><U77/><E77/><V1/><F1/><W40/><G40/><AGARI ba="0,0" hai="4,7,23,25,28,40,46,51,72,78,83" m="48649" machi="40" ten="30,1000,0" yaku="18,1" doraHai="65" who="1" fromWho="3" sc="208,0,181,10,278,0,333,-10" />
</Scene>
<Scene>
<INIT seed="5,0,0,2,3,106" ten="208,191,278,323" oya="1" hai0="67,56,130,49,45,127,18,64,122,47,114,36,135" hai1="69,120,111,57,16,134,52,22,53,80,33,73,101" hai2="46,48,74,72,93,38,11,113,1,60,90,27,132" hai3="19,79,129,88,28,103,107,9,34,124,41,116,42"/><U121/><E120/><V61/><F38/><W104/><G79/><T125/><D122/><U54/><E121/><V83/><F27/><W98/><G104/><T99/><D114/><U66/><E33/><V58/><F113/><W23/><G129/><T92/><D130/><U119/><E119/><V96/><F132/><W91/><G116/><T20/><D135/><U5/><E134/><V70/><F70/><W10/><G124/><N who="0" m="47691" /><D36/><U131/><E131/><V95/><F61/><W2/><G42/><N who="0" m="24759" /><D47/><U75/><E111/><V3/><F93/><W97/><G97/><T100/><D56/><U25/><E5/><V78/><F11/><W59/><G9/><T21/><D21/><U63/><E101/><V44/><F44/><W8/><G8/><T84/><D84/><U65/><REACH who="1" step="1"/><E80/><REACH who="1" ten="208,181,278,323" step="2"/><V81/><F81/><W86/><G103/><T7/><D7/><U71/><E71/><V31/><F83/><W6/><G34/><T76/><D76/><U43/><E43/><V94/><F78/><W126/><G41/><T39/><D39/><U14/><E14/><AGARI ba="0,1" hai="14,18,20,64,67,92,99,100" m="24759,47691" machi="14" ten="30,1000,0" yaku="18,1" doraHai="106" who="0" fromWho="1" sc="208,20,181,-10,278,0,323,0" />
</Scene>
<Scene>
<INIT seed="6,0,0,5,2,99" ten="228,171,278,323" oya="2" hai0="115,71,86,112,127,97,62,84,51,34,118,111,2" hai1="20,82,132,102,135,129,12,114,61,13,50,109,77" hai2="65,48,128,44,103,59,90,4,87,37,3,121,47" hai3="11,94,46,92,70,39,31,60,134,133,25,21,78"/><V35/><F35/><W91/><G78/><T122/><D122/><U8/><E109/><V96/><F121/><W64/><G11/><T0/><D111/><U119/><E119/><V85/><F128/><W16/><G31/><T67/><D118/><U75/><E129/><V93/><F37/><W5/><G5/><T38/><D38/><U68/><E114/><N who="0" m="43561" /><D127/><U26/><E50/><V73/><F73/><W110/><G110/><T120/><D120/><U24/><E24/><V106/><F3/><N who="0" m="1066" /><D34/><U45/><E45/><V79/><F4/><W17/><G17/><T126/><D126/><U131/><E131/><V10/><F10/><W29/><G29/><T76/><D76/><U74/><E74/><V15/><F15/><W95/><G91/><T9/><D9/><U19/><E8/><V1/><F1/><W27/><G27/><T41/><D97/><U32/><E32/><V98/><F87/><W14/><G25/><T80/><D80/><U30/><E30/><V42/><F79/><W125/><G125/><T124/><D124/><U36/><E36/><V83/><F42/><W28/><G28/><T18/><D18/><U53/><E102/><V69/><F69/><W116/><G116/><T57/><D71/><U123/><E123/><V105/><F105/><W49/><G39/><T72/><D72/><U63/><E68/><V130/><F130/><W89/><G89/><T104/><D104/><U22/><E22/><V54/><F65/><W113/><G113/><T6/><D6/><U33/><E33/><V108/><F108/><W56/><G70/><T58/><D41/><AGARI ba="0,0" hai="14,16,21,41,46,49,56,60,64,92,94,95,133,134" machi="41" ten="40,2600,0" yaku="6,1,54,1" doraHai="99" who="3" fromWho="0" sc="228,-26,171,0,278,0,323,26" />
</Scene>
<Scene>
<INIT seed="7,0,0,4,5,114" ten="202,171,278,349" oya="3" hai0="54,123,69,53,108,127,93,42,110,48,99,89,52" hai1="9,135,111,120,58,126,128,12,10,132,40,82,115" hai2="66,6,30,25,90,2,61,28,21,4,106,125,86" hai3="1,22,122,45,8,130,50,78,26,133,95,41,55"/><W79/><G122/><T13/><D123/><U117/><E120/><V84/><F106/><W81/><G133/><N who="1" m="51274" /><E111/><V92/><F125/><W96/><G130/><T17/><D69/><U131/><E115/><V38/><F38/><W65/><G65/><T36/><D127/><U27/><E126/><V103/><F2/><W24/><G1/><T98/><D36/><U88/><E40/><V101/><F30/><W102/><G8/><N who="0" m="6311" /><D110/><U107/><E107/><V56/><F86/><N who="3" m="48439" /><G79/><T44/><D108/><U29/><E58/><V109/><F109/><W72/><G72/><T15/><D15/><U76/><E12/><V124/><F124/><W97/><G97/><AGARI ba="0,0" hai="42,44,48,52,53,54,89,93,97,98,99" m="6311" machi="97" ten="30,2000,0" yaku="8,1,54,1" doraHai="114" who="0" fromWho="3" sc="202,20,171,0,278,0,349,-20" owari="222,-18.0,171,-33.0,278,8.0,329,43.0" />
</Scene>
</mjloggm>