<mjloggm ver="2.3"><GO type="169" lobby="0"/><UN n0="%E3%82%82%E3%82%84%E3%81%97%E3%82%82%E3%82%93" n1="%E5%A4%AA%E3%81%8F%E3%81%AA%E3%81%84%E3%81%8A" n2="%E9%BA%BB%E9%9B%80%E4%B8%96%E7%95%8C" n3="%E6%94%BE%E9%8A%83%E7%8E%8B%EF%BC%94" dan="17,17,16,16" rate="2195.47,2182.57,2075.67,2113.57" sx="F,F,M,M"/><TAIKYOKU oya="0"/>

<Scene>
<INIT seed="0,0,0,1,3,127" ten="250,250,250,250" oya="0" hai0="26,35,18,104,68,53,12,103,4,3,105,74,123" hai1="22,95,60,70,52,21,17,124,7,114,86,47,93" hai2="30,85,122,36,128,99,38,50,64,98,77,133,81" hai3="31,45,80,135,34,5,108,13,62,110,24,100,66"/><T25/><D123/><U76/><E124/><V89/><F122/><W37/><G135/><T57/><D74/><U59/><E114/><V91/><F133/><W9/><G100/><T132/><D68/><U92/><E70/><V129/><F64/><W73/><G37/><T102/><D132/><U134/><E134/><V75/><F30/><W120/><G120/><T118/><D118/><U65/><E7/><V109/><F50/><W131/><G45/><T125/><D125/><U40/><E65/><V49/><F49/><W1/><G13/><T71/><D71/><U2/><E2/><V113/><F36/><W90/><G131/><N who="2" m="50249" /><F38/><W58/><REACH who="3" step="1"/><G90/><REACH who="3" ten="250,250,250,240" step="2"/><N who="2" m="34313" /><F113/><W119/><G119/><T23/><D102/><U111/><E47/><V0/><F0/><W69/><G69/><T67/><D103/><U79/><E40/><V97/><F109/><W83/><G83/><T121/><D3/><U130/><E111/><V101/><F101/><W115/><G115/><T48/><D121/><U29/><E130/><V33/><F33/><W107/><G107/><T56/><D104/><U14/><E59/><V8/><F8/><W116/><G116/><T117/><D105/><U82/><E22/><V41/><F41/><W15/><G15/><N who="0" m="9695" /><D117/><U61/><E14/><V72/><AGARI ba="0,1" hai="72,75,77,81,85,97,98,99" m="34313,50249" machi="72" ten="40,12000,2" yaku="19,1,34,2,52,3" doraHai="127" who="2" fromWho="2" sc="250,-60,250,-30,250,130,240,-30" />
</Scene>
<Scene>
<INIT seed="1,0,0,0,1,25" ten="190,220,380,210" oya="1" hai0="109,11,73,87,108,18,40,42,3,121,115,90,68" hai1="21,24,61,10,52,76,51,100,56,133,64,81,23" hai2="13,102,28,135,7,4,48,79,89,58,31,14,110" hai3="106,67,70,107,83,86,29,34,112,101,33,125,134"/><U116/><E116/><V9/><F110/><N who="0" m="42602" /><D115/><U130/><E133/><V66/><F135/><W57/><G112/><T78/><D121/><U131/><E100/><V15/><F79/><W36/><G134/><T60/><D73/><U8/><E8/><N who="2" m="4231" /><F102/><W44/><G70/><T74/><D74/><U38/><E10/><N who="2" m="4447" /><F89/><W98/><G107/><T71/><D78/><U50/><E38/><V45/><F58/><W132/><G132/><T49/><D18/><U54/><E51/><V88/><F88/><W1/><G1/><T123/><D11/><U62/><E54/><N who="2" m="29967" /><F66/><W128/><G36/><T94/><D3/><U104/><E104/><V46/><F46/><W12/><G44/><N who="0" m="25735" /><D123/><U2/><E2/><V35/><F35/><W27/><G34/><T6/><D6/><AGARI ba="0,0" hai="6,9,15,28,31" m="29967,4447,4231" machi="6" ten="30,3900,0" yaku="8,1,52,2" doraHai="25" who="2" fromWho="0" sc="190,-39,220,0,380,39,210,0" />
</Scene>
<Scene>
<INIT seed="2,0,0,0,3,3" ten="151,220,419,210" oya="2" hai0="82,13,116,80,99,44,110,105,119,31,96,50,54" hai1="49,62,23,111,7,101,1,130,97,135,66,30,91" hai2="28,32,113,72,76,126,92,27,85,43,100,109,24" hai3="134,84,20,63,59,48,102,29,108,36,77,64,79"/><V115/><F126/><W112/><G36/><T34/><D110/><U69/><E111/><V42/><F109/><W14/><G108/><T86/><D80/><U88/><E130/><V45/><F43/><W35/><G134/><T133/><D133/><U74/><E74/><V58/><F72/><W39/><G39/><T107/><D31/><U129/><E129/><V123/><F123/><W98/><G112/><T9/><D34/><U4/><E135/><V18/><F76/><W65/><G65/><T127/><D127/><U15/><E1/><V8/><F58/><W51/><G35/><T81/><D81/><U70/><E70/><V114/><F85/><W132/><G84/><T57/><D57/><U16/><E30/><V5/><F92/><W125/><G125/><T75/><D75/><U124/><E49/><V11/><F100/><W106/><G132/><T104/><D96/><U117/><E117/><V61/><F61/><W122/><G122/><T17/><REACH who="0" step="1"/><D99/><REACH who="0" ten="141,220,419,210" step="2"/><U71/><E71/><V67/><F28/><W83/><G83/><T121/><D121/><U90/><REACH who="1" step="1"/><E124/><REACH who="1" ten="141,210,419,210" step="2"/><V6/><F113/><W78/><G29/><T46/><D46/><U60/><E60/><V118/><F45/><W12/><G63/><T128/><D128/><U33/><E33/><V2/><F32/><W21/><G51/><T94/><D94/><AGARI ba="0,2" hai="4,7,15,16,23,62,66,69,88,90,91,94,97,101" machi="94" ten="40,8000,1" yaku="1,1,52,2,54,2,53,0" doraHai="3" doraHaiUra="37" who="1" fromWho="0" sc="141,-80,210,100,419,0,210,0" />
</Scene>
<Scene>
<INIT seed="3,0,0,4,5,134" ten="61,310,419,210" oya="3" hai0="43,42,86,121,64,33,21,72,27,115,48,123,117" hai1="70,52,63,38,56,29,87,98,57,9,1,5,62" hai2="10,54,31,118,32,6,77,16,88,130,37,91,60" hai3="129,7,66,15,73,53,17,133,110,114,46,34,65"/><W102/><G114/><T122/><D72/><U120/><E120/><V112/><F37/><W25/><G73/><T61/><D115/><U119/><E38/><V28/><F118/><W93/><G133/><T124/><D33/><U128/><E119/><V74/><F130/><W8/><G129/><T95/><D117/><U125/><E128/><V132/><F132/><W2/><G110/><T11/><D11/><U59/><E125/><V103/><F103/><W18/><G102/><T14/><D14/><U96/><E29/><V101/><F101/><W81/><G81/><T49/><D124/><U79/><E70/><V107/><F107/><W83/><G83/><T41/><D86/><U131/><E131/><V40/><F40/><W45/><G93/><T90/><D90/><U20/><E20/><V71/><F77/><W104/><G104/><T127/><D95/><U51/><E79/><V35/><F71/><W47/><G53/><T92/><D92/><U0/><E0/><V23/><F35/><W13/><G34/><T111/><D111/><U76/><E87/><V44/><F74/><W109/><G109/><T3/><D3/><U105/><E76/><V24/><F112/><W108/><G108/><T85/><D85/><U19/><E105/><V113/><F113/><W69/><G69/><N who="0" m="42127" /><D127/><U116/><E116/><V55/><F55/><W126/><G126/><T100/><D100/><U67/><E19/><N who="3" m="7178" /><G25/><T84/><D84/><U58/><E67/><V135/><F135/><W80/><G80/><T36/><D36/><U26/><E26/><V89/><F32/><W106/><G106/><RYUUKYOKU ba="0,0" sc="61,10,310,10,419,-30,210,10" hai0="21,27,41,42,43,48,49,121,122,123" hai1="1,5,9,51,52,56,57,58,59,62,63,96,98" hai3="2,7,8,13,15,45,46,47,65,66" />
</Scene>
<Scene>
<INIT seed="3,1,0,4,5,6" ten="71,320,389,220" oya="3" hai0="81,53,70,42,46,68,132,115,14,99,103,11,133" hai1="127,54,32,77,23,12,104,37,87,113,78,83,3" hai2="71,98,39,94,1,49,30,82,112,52,114,17,15" hai3="19,122,74,76,43,50,80,0,63,8,48,66,121"/><W101/><G101/><T79/><D115/><U38/><E32/><V29/><F71/><W45/><G50/><N who="0" m="26967" /><D53/><U51/><E3/><V20/><F1/><W16/><G19/><N who="0" m="8671" /><D81/><U102/><E113/><V89/><F39/><W119/><G119/><T57/><D57/><U85/><E104/><V56/><F114/><W61/><G61/><T31/><D31/><U36/><E54/><V134/><F134/><N who="0" m="51818" /><D79/><U100/><E77/><V111/><F111/><W44/><G44/><T47/><D47/><U62/><E62/><V135/><F112/><W93/><G93/><AGARI ba="1,0" hai="68,70,93,99,103" m="51818,8671,26967" machi="93" ten="30,2000,0" yaku="20,1,52,1" doraHai="6" who="0" fromWho="3" sc="71,23,320,0,389,0,220,-23" />
</Scene>
<Scene>
<INIT seed="4,0,0,2,2,31" ten="94,320,389,197" oya="0" hai0="123,135,93,42,97,105,10,70,32,21,84,64,102" hai1="110,29,14,60,28,94,36,92,33,126,25,66,62" hai2="52,46,71,11,55,108,44,127,83,20,5,7,121" hai3="24,119,112,49,132,40,116,74,115,128,89,16,129"/><T45/><D123/><U59/><E110/><V85/><F71/><W81/><G40/><T6/><D135/><U100/><E36/><V107/><F107/><W79/><G49/><T106/><D32/><U98/><E126/><V30/><F127/><W51/><G51/><T63/><D21/><U53/><E29/><V35/><F35/><W13/><G24/><T86/><D105/><U73/><E73/><V117/><F121/><W133/><G89/><T130/><D130/><N who="3" m="50281" /><G13/><T111/><D111/><U90/><E14/><V58/><F117/><N who="3" m="45131" /><G16/><T82/><D106/><N who="1" m="63767" /><E90/><V18/><F30/><W109/><G109/><T56/><D70/><AGARI ba="0,0" hai="25,28,33,53,59,60,62,66,70,92,94" m="63767" machi="70" ten="30,2000,0" yaku="25,1,52,1" doraHai="31" who="1" fromWho="0" sc="94,-20,320,20,389,0,197,0" />
</Scene>
<Scene>
<INIT seed="5,0,0,0,4,45" ten="74,340,389,197" oya="1" hai0="98,110,115,57,16,63,114,4,91,130,83,134,8" hai1="89,28,100,132,7,49,80,126,79,3,34,86,50" hai2="101,85,44,106,30,54,102,105,122,71,72,56,67" hai3="133,119,52,27,81,29,74,11,76,22,21,19,75"/><U24/><E126/><V35/><F122/><W70/><G70/><T48/><D110/><U117/><E117/><V68/><F72/><W17/><G119/><T120/><D120/><U32/><E132/><V31/><F44/><W108/><G108/><T39/><D39/><U103/><E34/><V6/><F6/><W96/><G133/><T14/><D134/><U107/><E3/><V94/><F35/><W60/><G96/><T5/><D130/><U20/><E7/><V15/><F15/><W2/><G75/><T112/><D83/><U84/><E32/><V111/><F94/><W36/><G36/><T61/><D91/><U58/><E107/><V41/><F56/><W99/><G99/><T46/><D98/><U62/><E103/><V69/><F85/><W64/><G2/><T33/><D63/><U92/><E100/><N who="2" m="38507" /><F67/><AGARI ba="0,0" hai="20,24,28,49,50,58,62,67,79,80,84,86,89,92" machi="67" ten="30,11600,0" yaku="7,1,8,1,52,2" doraHai="45" who="1" fromWho="2" sc="74,0,340,116,389,-116,197,0" />
</Scene>
<Scene>
<INIT seed="5,1,0,4,1,18" ten="74,456,273,197" oya="1" hai0="13,0,75,68,1,73,135,81,54,14,7,8,44" hai1="59,95,38,49,106,15,103,9,28,128,74,70,36" hai2="87,102,32,123,69,90,17,40,130,113,12,116,6" hai3="52,66,115,29,101,127,2,71,104,42,56,133,53"/><U88/><E70/><V34/><F69/><W21/><G2/><T33/><D135/><U99/><E74/><V23/><F123/><W114/><G42/><T121/><D121/><U43/><E128/><V119/><F130/><W50/><G133/><T31/><D68/><U65/><E28/><V47/><F102/><W46/><G127/><T132/><D132/><U39/><E65/><V100/><F100/><W67/><G101/><T85/><D0/><U134/><E134/><V72/><F72/><W64/><G104/><T26/><D14/><U82/><E82/><V25/><F113/><N who="3" m="43019" /><G29/><T97/><D97/><U124/><E124/><V126/><F126/><W24/><G24/><T61/><D61/><U20/><E43/><V91/><F91/><W35/><G35/><T5/><D5/><U16/><E9/><V86/><F86/><W3/><G3/><T37/><D1/><U108/><E108/><V10/><F34/><W60/><G21/><T98/><D98/><U4/><E4/><V131/><F32/><W122/><G122/><T19/><D37/><U93/><REACH who="1" step="1"/><E88/><REACH who="1" ten="74,446,273,197" step="2"/><V92/><F131/><W22/><G22/><N who="0" m="15831" /><D7/><U94/><E94/><V79/><F79/><W96/><G96/><T129/><D33/><U76/><E76/><V105/><F105/><W58/><G71/><T109/><D109/><U27/><E27/><V30/><F6/><W107/><G107/><T78/><D129/><U11/><E11/><V57/><F10/><W112/><G112/><T89/><D78/><U125/><E125/><V55/><F25/><W63/><AGARI ba="1,1" hai="46,50,52,53,56,58,60,63,64,66,67" m="43019" machi="63" ten="30,7900,0" yaku="15,1,34,2,54,1" doraHai="18" who="3" fromWho="3" sc="74,-21,446,-40,273,-21,197,92" />
</Scene>
<Scene>
<INIT seed="6,0,0,0,1,99" ten="53,406,252,289" oya="2" hai0="53,48,90,64,83,118,38,109,51,125,66,34,132" hai1="62,14,29,122,81,18,121,106,101,82,15,54,78" hai2="116,72,100,77,60,105,131,8,2,9,104,89,32" hai3="13,134,35,126,111,75,20,88,70,0,41,25,45"/><V92/><F32/><W87/><G111/><T1/><D1/><U124/><E29/><V108/><F2/><W17/><G70/><T97/><D34/><U27/><E124/><V102/><F60/><W19/><G75/><T68/><D83/><U11/><E27/><V56/><F56/><W26/><G0/><T6/><D6/><N who="1" m="3447" /><E106/><N who="2" m="41067" /><F8/><W10/><G126/><T44/><D90/><U73/><E54/><V49/><F49/><N who="3" m="26799" /><G134/><T23/><D97/><U86/><E62/><V96/><F9/><W107/><G107/><T21/><D125/><U95/><E18/><V130/><F116/><W43/><G35/><T40/><D118/><U119/><E15/><V63/><F63/><W123/><G123/><T4/><D109/><U71/><E71/><V7/><F7/><W127/><G127/><T128/><D68/><U36/><E36/><V94/><F108/><W93/><G26/><T30/><D132/><U28/><E119/><V67/><F67/><W37/><G37/><T91/><D38/><U133/><E133/><V120/><F120/><W46/><G25/><N who="0" m="16687" /><D4/><U59/><E122/><V85/><F102/><W61/><G61/><T22/><D66/><U31/><E59/><V129/><F72/><W47/><G43/><T74/><D64/><U3/><E3/><V33/><F33/><W135/><G135/><T80/><D74/><U110/><E121/><V16/><F16/><N who="3" m="6219" /><G20/><N who="0" m="7723" /><D40/><U79/><E110/><V76/><AGARI ba="0,0" hai="76,77,85,89,92,94,96,100,129,130,131" m="41067" machi="76" ten="40,12000,1" yaku="19,1,34,2,52,1" doraHai="99" who="2" fromWho="2" sc="53,-40,406,-40,252,120,289,-40" />
</Scene>
<Scene>
<INIT seed="6,1,0,1,3,128" ten="13,366,372,249" oya="2" hai0="35,54,37,124,49,88,21,58,127,44,13,111,32" hai1="110,18,80,9,84,43,79,134,60,117,31,119,118" hai2="116,121,46,56,39,14,130,81,63,22,57,27,72" hai3="26,115,25,97,129,45,92,36,55,91,106,101,30"/><V53/><F121/><W75/><G129/><T96/><D111/><U94/><E134/><V19/><F116/><W87/><G75/><T67/><D21/><U66/><E110/><V73/><F130/><W74/><G74/><T10/><D37/><U68/><E31/><V100/><F100/><W69/><G69/><T15/><D67/><U70/><E43/><V133/><F133/><W4/><G4/><T47/><D35/><U42/><E42/><V122/><F122/><W59/><G115/><T40/><D32/><U114/><E114/><V23/><F46/><W7/><G7/><T5/><D15/><U3/><E3/><V28/><F39/><W6/><G6/><T29/><D29/><U38/><E38/><V135/><F135/><W132/><G132/><T65/><D65/><U113/><E113/><V62/><F81/><W99/><G36/><T2/><D2/><U107/><E107/><V78/><F78/><W34/><G45/><T16/><D5/><U112/><E112/><V64/><AGARI ba="1,0" hai="14,19,22,23,27,28,53,56,57,62,63,64,72,73" machi="64" ten="20,2100,0" yaku="0,1,7,1" doraHai="128" who="2" fromWho="2" sc="13,-8,366,-8,372,24,249,-8" />
</Scene>
<Scene>
<INIT seed="6,2,0,3,5,126" ten="5,358,396,241" oya="2" hai0="122,9,58,73,44,92,118,39,63,113,12,83,108" hai1="25,59,80,76,41,99,135,98,15,33,107,45,32" hai2="57,40,82,28,22,53,85,17,114,5,120,55,116" hai3="49,78,81,96,3,52,11,125,109,34,110,31,130"/><V61/><F114/><W100/><G125/><T131/><D92/><U35/><E135/><V14/><F120/><W51/><G51/><T13/><D83/><U95/><E15/><V29/><F116/><W89/><G89/><T62/><D58/><U86/><E59/><V4/><F53/><W7/><G31/><N who="2" m="11849" /><F40/><W36/><G34/><T1/><D9/><U93/><E25/><V2/><F2/><W70/><G36/><T24/><D44/><U72/><E107/><V30/><F30/><W27/><G27/><T23/><D23/><U21/><E21/><V128/><F128/><W127/><G130/><T124/><D24/><U50/><REACH who="1" step="1"/><E72/><REACH who="1" ten="5,348,396,241" step="2"/><V77/><AGARI ba="2,1" hai="4,5,14,17,22,55,57,61,77,82,85" m="11849" machi="77" ten="30,1500,0" yaku="8,1" doraHai="126" who="2" fromWho="2" sc="5,-7,348,-7,396,31,241,-7" owari="-2,-50.0,341,14.0,427,53.0,234,-17.0" />
</Scene>
</mjloggm>