<mjloggm ver="2.3"><GO type="169" lobby="0"/><UN n0="%66%75%6A%69" n1="%4B%69%72%63%68%65" n2="%E5%A4%AA%E3%81%8F%E3%81%AA%E3%81%84%E3%81%8A" n3="%41%6C%7A" dan="16,17,17,16" rate="2065.97,2152.78,2183.83,2043.47" sx="M,M,M,F"/><TAIKYOKU oya="0"/>

<Scene>
<INIT seed="0,0,0,1,3,13" ten="250,250,250,250" oya="0" hai0="83,1,93,10,52,55,128,58,46,115,102,109,68" hai1="29,80,16,31,94,32,69,111,23,19,107,67,11" hai2="65,133,57,134,76,95,110,74,114,131,54,87,53" hai3="50,71,100,113,125,121,28,60,106,127,34,38,98"/><T3/><D115/><U90/><E107/><V63/><F114/><W126/><G113/><T17/><D68/><U112/><E112/><V118/><F110/><W119/><G50/><T12/><D109/><U130/><E111/><V82/><F131/><W44/><G119/><T24/><D128/><U20/><E32/><V103/><F118/><W37/><G44/><T14/><D24/><U72/><E11/><V15/><F15/><W122/><G71/><T45/><D83/><U79/><E130/><V132/><REACH who="2" step="1"/><F87/><REACH who="2" ten="250,250,240,250" step="2"/><W4/><G4/><N who="0" m="3143" /><D3/><U92/><E69/><V86/><F86/><W33/><G60/><N who="0" m="35911" /><D1/><U96/><E67/><V73/><F73/><W70/><G70/><T36/><D55/><U26/><REACH who="1" step="1"/><E94/><REACH who="1" ten="250,240,240,250" step="2"/><V108/><F108/><W135/><G125/><T39/><D39/><U22/><E22/><V21/><F21/><W48/><G38/><T18/><D36/><U62/><E62/><V43/><F43/><W25/><G37/><T42/><D42/><U35/><E35/><V78/><F78/><W85/><G33/><T91/><D102/><U75/><E75/><V88/><F88/><W124/><G124/><T27/><D91/><U123/><E123/><V66/><F66/><W105/><G126/><T0/><D93/><U77/><E77/><V104/><F104/><W59/><G105/><T97/><D0/><U40/><E40/><V49/><F49/><W30/><G127/><T6/><D6/><U7/><E7/><V9/><F9/><W64/><G34/><T116/><D116/><U117/><E117/><V8/><F8/><W61/><G106/><RYUUKYOKU ba="0,2" sc="250,-15,240,15,240,15,250,-15" hai1="16,19,20,23,26,29,31,72,79,80,90,92,96" hai2="53,54,57,63,65,74,76,82,95,103,132,133,134" />
</Scene>
<Scene>
<INIT seed="1,1,2,3,3,34" ten="235,255,255,235" oya="1" hai0="38,101,31,118,24,95,123,130,115,68,94,8,28" hai1="13,89,73,61,98,133,131,49,100,126,92,79,62" hai2="103,56,125,71,64,88,84,52,110,59,4,10,54" hai3="22,5,16,0,112,121,91,17,127,75,93,70,78"/><U81/><E133/><V20/><F110/><W67/><G121/><T30/><D115/><U23/><E131/><V108/><F108/><W117/><G112/><T57/><D118/><U48/><E126/><V11/><F125/><W55/><G127/><T2/><D68/><U102/><E62/><N who="2" m="37959" /><F71/><W97/><G117/><T74/><D74/><U44/><E61/><N who="2" m="36071" /><F103/><W104/><G104/><T69/><D69/><U124/><E124/><V1/><F1/><W35/><G35/><T109/><D38/><U45/><E49/><V134/><F4/><W86/><G75/><T132/><D130/><U25/><E13/><V32/><F32/><W63/><G55/><T58/><D132/><U41/><E44/><V14/><F54/><W87/><G0/><T12/><D2/><U135/><E135/><V66/><F66/><W18/><G5/><T76/><D109/><U116/><E116/><V9/><F20/><W122/><G122/><T27/><D101/><U83/><E81/><N who="2" m="49167" /><F134/><W15/><G78/><T106/><D76/><U39/><E39/><V105/><F105/><W60/><G60/><T82/><D106/><U120/><E120/><V111/><F111/><W107/><G107/><T77/><D77/><U36/><E36/><V65/><F65/><W51/><G51/><T7/><D123/><U46/><E45/><V80/><F80/><W43/><G43/><T50/><D82/><U19/><AGARI ba="1,2" hai="19,23,25,41,46,48,73,79,83,89,92,98,100,102" machi="19" ten="20,2100,0" yaku="0,1,7,1" doraHai="34" who="1" fromWho="1" sc="235,-8,255,44,255,-8,235,-8" />
</Scene>
<Scene>
<INIT seed="1,2,0,3,3,98" ten="227,299,247,227" oya="1" hai0="116,57,26,47,65,96,87,83,101,124,121,10,52" hai1="75,18,64,66,118,133,40,11,99,89,114,5,95" hai2="90,68,15,92,7,1,71,6,107,78,42,84,128" hai3="81,85,115,4,39,62,132,51,69,37,38,129,31"/><U119/><E114/><V74/><F128/><W82/><G115/><T3/><D26/><U100/><E75/><V12/><F42/><W113/><G113/><T117/><D121/><U130/><E130/><V45/><F45/><W110/><G129/><T79/><D124/><U127/><E127/><V17/><F1/><W97/><G110/><T21/><D21/><U67/><E133/><V104/><F74/><W55/><G4/><T123/><D123/><U94/><E40/><V20/><F78/><W41/><G31/><T58/><D47/><U8/><E18/><V32/><F32/><W30/><G30/><T24/><D24/><U86/><REACH who="1" step="1"/><E8/><REACH who="1" ten="227,289,247,227" step="2"/><V22/><F17/><W35/><G41/><T46/><D10/><U77/><E77/><V2/><F6/><W23/><G132/><T36/><D79/><U29/><E29/><V102/><F7/><W131/><G131/><T13/><D117/><U27/><E27/><V122/><F122/><W9/><G9/><T34/><D116/><U72/><E72/><V103/><F2/><AGARI ba="2,1" hai="2,5,11,64,66,67,86,89,94,95,99,100,118,119" machi="2" ten="40,3900,0" yaku="1,1,52,1,53,0" doraHai="98" doraHaiUra="14" who="1" fromWho="2" sc="227,0,289,55,247,-45,227,0" />
</Scene>
<Scene>
<INIT seed="1,3,0,0,1,130" ten="227,344,202,227" oya="1" hai0="112,74,82,61,30,77,37,87,90,41,89,127,85" hai1="107,97,3,57,73,1,34,131,26,19,36,62,84" hai2="60,118,119,94,80,42,39,92,68,64,99,45,6" hai3="7,76,83,22,101,113,106,58,65,86,66,23,123"/><U100/><E73/><V117/><F6/><W5/><G123/><T98/><D30/><U109/><E36/><V47/><F99/><W125/><G113/><T110/><D61/><U79/><E131/><V134/><F134/><W120/><G120/><T54/><D54/><U91/><E79/><V49/><REACH who="2" step="1"/><F80/><REACH who="2" ten="227,344,192,227" step="2"/><W81/><G81/><T63/><D82/><U25/><E109/><V105/><F105/><W11/><G106/><T59/><D110/><U4/><E4/><V96/><F96/><W108/><G7/><T116/><D98/><U78/><E78/><V0/><F0/><W40/><G108/><T51/><D77/><U2/><E34/><V8/><F8/><W88/><G76/><T111/><D111/><U12/><E84/><V126/><F126/><W114/><G125/><T133/><D87/><U50/><E91/><V70/><F70/><W18/><G114/><T27/><D85/><U32/><E32/><V129/><BYE who="1" /><F129/><W21/><G101/><T20/><D90/><U132/><E132/><V46/><F46/><W103/><G103/><T115/><D133/><U135/><E135/><V71/><F71/><W72/><G5/><T43/><D127/><U128/><E128/><V55/><AGARI ba="3,1" hai="39,42,45,47,49,55,60,64,68,92,94,117,118,119" machi="55" ten="30,2000,0" yaku="1,1,0,1,53,0" doraHai="130" doraHaiUra="53" who="2" fromWho="2" sc="227,-8,344,-13,192,39,227,-8" />
</Scene>
<Scene>
<INIT seed="2,0,0,4,2,14" ten="219,331,231,219" oya="2" hai0="3,101,49,11,93,71,53,6,116,87,113,54,70" hai1="13,74,120,29,47,131,83,22,66,105,81,118,133" hai2="2,126,37,86,128,98,72,134,16,51,20,84,95" hai3="67,103,89,0,34,91,104,121,35,56,58,46,41"/><V80/><F37/><W106/><G0/><T43/><D113/><U75/><E75/><V64/><F2/><W26/><G121/><T97/><D116/><U102/><E102/><V39/><F39/><W92/><G103/><T111/><D111/><U65/><E65/><V50/><F72/><W38/><G104/><T52/><REACH who="0" step="1"/><D87/><REACH who="0" ten="209,331,231,219" step="2"/><U10/><E10/><V23/><F84/><W107/><G107/><T59/><D59/><U19/><E19/><V77/><F16/><W60/><G106/><T135/><D135/><U115/><E115/><V42/><F134/><W88/><G56/><T12/><D12/><U69/><E69/><V27/><F86/><W94/><G26/><T122/><D122/><U18/><E18/><V124/><F27/><W62/><G62/><T25/><D25/><U99/><E99/><V9/><F98/><W117/><G117/><T110/><D110/><U63/><E63/><V1/><F1/><W114/><G114/><T82/><D82/><U123/><E123/><V112/><F112/><W129/><G60/><T85/><D85/><U79/><E79/><V127/><F77/><W119/><G58/><T24/><D24/><U32/><E32/><V73/><F80/><W21/><G119/><T109/><D109/><U125/><E125/><V68/><F126/><W33/><G33/><T48/><D48/><U40/><E40/><V76/><F42/><W30/><G34/><T31/><D31/><U78/><E78/><V57/><F127/><W28/><G35/><T132/><D132/><U96/><E96/><V8/><F124/><W4/><G30/><RYUUKYOKU ba="0,1" sc="209,30,331,-10,231,-10,219,-10" hai0="3,6,11,43,49,52,53,54,70,71,93,97,101" />
</Scene>
<Scene>
<INIT seed="3,1,1,3,1,72" ten="239,321,221,209" oya="3" hai0="95,113,47,27,98,116,97,88,61,107,44,85,132" hai1="120,22,51,74,112,7,41,103,8,57,29,65,110" hai2="104,134,40,82,55,12,70,23,38,126,31,59,119" hai3="89,108,90,111,106,93,35,16,87,25,67,15,6"/><W64/><G106/><T129/><D116/><U49/><E49/><V20/><F119/><W105/><G105/><T115/><D129/><U79/><E79/><V5/><F70/><W102/><G102/><T2/><D2/><U34/><E34/><V53/><F104/><W11/><G90/><T52/><D132/><U94/><E94/><V114/><F114/><N who="0" m="43530" /><D27/><U109/><E109/><N who="3" m="42058" /><G6/><T131/><D131/><U75/><E75/><V118/><F5/><W14/><G14/><T13/><D13/><U60/><E60/><V62/><F12/><W73/><G73/><T18/><D18/><U69/><E69/><V56/><F134/><W77/><G77/><T21/><D21/><U9/><E9/><V37/><F118/><W17/><G17/><T42/><D107/><UN n1="%4B%69%72%63%68%65" /><U124/><E120/><V91/><F91/><W83/><G93/><T92/><D44/><U81/><E112/><V96/><F23/><W135/><G135/><T127/><D95/><U101/><E124/><V26/><F126/><W39/><G39/><N who="0" m="21983" /><D127/><U32/><E22/><V100/><F20/><W46/><G46/><T86/><D98/><U121/><E121/><V48/><F96/><W10/><G10/><T28/><D28/><AGARI ba="1,1" hai="11,15,16,25,28,35,64,67,83,87,89" m="42058" machi="28" ten="30,5800,0" yaku="14,1,10,1,54,1" doraHai="72" who="3" fromWho="0" sc="239,-61,321,0,221,0,209,71" />
</Scene>
<Scene>
<INIT seed="3,2,0,2,1,124" ten="178,321,221,280" oya="3" hai0="44,65,60,107,112,5,118,109,61,7,132,3,123" hai1="135,49,43,52,110,15,28,39,78,50,111,9,4" hai2="20,18,88,6,131,91,40,25,105,19,0,46,37" hai3="81,66,8,11,33,38,58,26,114,32,35,2,80"/><W47/><G114/><T27/><D112/><U55/><E135/><V121/><F105/><W68/><G68/><T94/><D118/><U101/><E101/><V71/><F71/><W104/><G104/><T42/><D107/><U24/><E78/><V90/><F121/><W41/><G26/><T119/><D119/><U30/><E39/><V29/><REACH who="2" step="1"/><F131/><REACH who="2" ten="178,321,211,280" step="2"/><W92/><G35/><T36/><D123/><U102/><E111/><V34/><F34/><W69/><G33/><T95/><D109/><U96/><E110/><V64/><F64/><W115/><G32/><T89/><D65/><U76/><E30/><V31/><F31/><W45/><G69/><T97/><D132/><U75/><E28/><V113/><F113/><W99/><G115/><T125/><D125/><U70/><E70/><V85/><F85/><W126/><G126/><T93/><D97/><U56/><E75/><V130/><F130/><W67/><G67/><T122/><D122/><U98/><E98/><V14/><F14/><W63/><G99/><T79/><D27/><U100/><E24/><V51/><F51/><W82/><G66/><T128/><D128/><U116/><E116/><V87/><F87/><W62/><G2/><T83/><D3/><U77/><E96/><V129/><F129/><W108/><G108/><T12/><D12/><U72/><E72/><V59/><F59/><W84/><G58/><T1/><D1/><U73/><E73/><V22/><F22/><W21/><G21/><T120/><D120/><U134/><E134/><V53/><F53/><W57/><G57/><T74/><D74/><RYUUKYOKU ba="2,1" sc="178,-10,321,-10,211,30,280,-10" hai2="0,6,18,19,20,25,29,37,40,46,88,90,91" />
</Scene>
<Scene>
<INIT seed="4,3,1,4,4,128" ten="168,311,241,270" oya="0" hai0="60,112,1,96,28,127,19,61,110,23,109,71,62" hai1="97,50,80,51,55,72,99,30,54,57,45,16,74" hai2="59,84,94,102,36,129,37,39,123,33,120,46,64" hai3="115,124,98,42,90,17,7,134,114,132,119,82,65"/><T131/><D131/><U44/><E30/><V101/><F129/><W35/><G35/><T14/><D1/><U41/><E80/><V121/><F33/><W69/><G119/><T0/><D0/><U125/><E125/><V126/><F126/><W88/><G124/><T32/><D127/><U49/><E74/><V78/><F46/><W81/><G7/><T107/><D112/><N who="3" m="43049" /><G42/><T9/><D32/><U100/><E72/><V83/><REACH who="2" step="1"/><F94/><REACH who="2" ten="168,311,231,270" step="2"/><N who="3" m="56647" /><G17/><T135/><D28/><U133/><E16/><V21/><F21/><W118/><G118/><T105/><D23/><U85/><E44/><V70/><F70/><W10/><G10/><T24/><D71/><U58/><E45/><V18/><F18/><W104/><G104/><T95/><D105/><U47/><E47/><V92/><F92/><W3/><G3/><T66/><D107/><U38/><E41/><V11/><F11/><W20/><G20/><T31/><D109/><U93/><E93/><V75/><F75/><W91/><G69/><T76/><D110/><U79/><E38/><V8/><F8/><W73/><G73/><T43/><D43/><U22/><E22/><V25/><F25/><W40/><G40/><T48/><D31/><U12/><E57/><V15/><F15/><W130/><G130/><T29/><D29/><U4/><E58/><V67/><F67/><W106/><G65/><T117/><D24/><U111/><E12/><V89/><F89/><N who="3" m="33803" /><G106/><T13/><D117/><U116/><E116/><V6/><F6/><W103/><G103/><N who="0" m="60831" /><D9/><U56/><E111/><V77/><F77/><W52/><G52/><RYUUKYOKU ba="3,2" sc="168,-15,311,-15,231,15,270,15" hai2="36,37,39,59,64,78,83,84,101,102,120,121,123" hai3="81,82,132,134" />
</Scene>
<Scene>
<INIT seed="5,4,2,0,3,85" ten="153,296,246,285" oya="1" hai0="89,28,93,118,55,100,81,13,61,35,39,16,24" hai1="7,40,95,64,15,53,122,78,52,106,132,131,42" hai2="104,114,38,98,31,70,129,135,123,63,121,21,60" hai3="83,20,90,76,69,101,111,116,77,73,115,130,56"/><U74/><E106/><V92/><F104/><W84/><G69/><T125/><D39/><U9/><E122/><V4/><F38/><W46/><G111/><T62/><D118/><U51/><E64/><V30/><F4/><W94/><G46/><T5/><D125/><U2/><E132/><V65/><F135/><W88/><G56/><T105/><D5/><U17/><E131/><V99/><F129/><W96/><G130/><T6/><D6/><U133/><E133/><V26/><F114/><W67/><G67/><T91/><D105/><U71/><E71/><V117/><F117/><W8/><G116/><T32/><D32/><U87/><E74/><V45/><F45/><W11/><G20/><T44/><D100/><U34/><E34/><V54/><F31/><W10/><REACH who="3" step="1"/><G115/><REACH who="3" ten="153,296,246,275" step="2"/><T43/><D43/><U59/><E53/><V37/><F54/><W110/><G110/><T102/><D44/><U22/><E78/><V50/><F70/><W134/><G134/><T103/><D55/><U33/><E33/><V128/><F65/><W19/><G19/><T23/><D62/><U18/><E17/><V3/><F63/><W108/><G108/><T66/><D61/><U57/><E59/><V25/><F60/><W72/><G72/><T107/><D66/><U75/><E75/><V79/><F128/><W47/><G47/><T124/><D124/><U14/><E2/><V68/><F68/><W48/><G48/><T119/><D119/><U12/><E14/><V97/><F50/><W0/><G0/><T109/><D109/><U29/><E29/><V127/><F30/><RYUUKYOKU ba="4,3" sc="153,-15,296,15,246,-15,275,15" hai1="7,9,12,15,18,22,40,42,51,52,57,87,95" hai3="8,10,11,73,76,77,83,84,88,90,94,96,101" />
</Scene>
<Scene>
<INIT seed="5,5,3,0,4,98" ten="138,311,231,290" oya="1" hai0="16,119,96,38,49,107,52,10,83,37,85,31,59" hai1="131,73,42,106,72,18,111,112,30,123,91,130,43" hai2="102,125,69,14,71,127,5,134,82,81,2,41,55" hai3="12,105,54,61,3,124,121,39,94,64,113,26,120"/><U48/><E123/><V8/><F41/><W24/><G3/><T89/><D31/><U70/><E70/><N who="2" m="26635" /><F134/><W114/><G105/><T92/><D107/><U67/><E67/><V9/><F55/><W110/><G110/><T56/><D56/><U116/><E116/><V19/><F102/><W65/><G39/><T32/><D32/><U88/><E106/><V97/><F97/><W13/><G94/><T60/><D119/><U132/><E30/><V80/><F2/><W101/><G54/><T7/><D49/><U115/><E18/><V1/><F1/><W33/><G124/><N who="2" m="47689" /><F8/><W103/><G61/><T25/><D7/><AGARI ba="5,3" hai="5,7,9,14,19,80,81,82" m="47689,26635" machi="7" ten="40,1300,0" yaku="18,1" doraHai="98" who="2" fromWho="0" sc="138,-28,311,0,231,58,290,0" />
</Scene>
<Scene>
<INIT seed="6,0,0,0,2,102" ten="110,311,289,290" oya="2" hai0="131,23,39,108,36,98,34,132,63,74,22,121,106" hai1="40,16,58,29,21,65,50,64,113,20,87,0,130" hai2="14,85,38,127,13,84,4,117,8,31,47,97,124" hai3="126,134,112,93,99,46,110,49,66,80,133,111,82"/><V18/><F117/><W15/><G66/><T101/><D23/><U123/><E0/><V44/><F31/><W9/><G126/><N who="2" m="48169" /><F97/><W53/><G112/><T35/><D22/><U28/><E113/><V33/><F33/><W89/><G80/><T94/><D94/><U92/><E123/><V118/><F118/><W30/><G30/><N who="1" m="11882" /><E21/><N who="2" m="11471" /><F47/><W43/><G82/><T104/><D121/><U3/><E3/><V86/><F44/><W76/><G76/><T56/><D108/><U26/><E130/><V51/><F51/><W62/><G62/><T32/><D131/><U125/><E125/><V69/><F38/><W37/><G110/><T122/><D122/><U10/><E10/><V107/><F69/><W68/><G68/><T83/><D106/><AGARI ba="0,0" hai="4,8,14,84,85,86,106,107" m="11471,48169" machi="106" ten="30,5800,0" yaku="18,1,52,2" doraHai="102" who="2" fromWho="0" sc="110,-58,311,0,289,58,290,0" />
</Scene>
<Scene>
<INIT seed="6,1,0,1,3,76" ten="52,311,347,290" oya="2" hai0="0,70,87,114,2,49,8,78,63,100,25,135,47" hai1="18,88,112,122,83,34,58,74,10,31,129,99,85" hai2="22,13,109,81,127,94,115,68,69,130,120,86,65" hai3="95,97,6,73,66,32,57,106,133,116,107,102,111"/><V108/><F120/><W80/><G111/><N who="2" m="42569" /><F115/><W121/><G116/><T7/><D25/><U50/><E112/><V33/><F33/><W37/><G37/><T28/><D28/><U29/><E129/><V21/><F130/><W124/><G32/><T89/><D100/><U104/><E34/><V46/><F127/><W44/><G121/><T36/><D114/><U56/><E74/><V51/><F94/><W16/><G124/><T48/><D89/><U26/><E122/><V77/><F65/><W128/><G6/><T42/><D49/><U54/><E58/><V132/><F132/><W96/><G44/><T35/><D35/><U113/><E113/><V39/><F39/><W117/><G117/><T30/><D30/><U4/><E104/><V91/><F77/><W134/><G128/><T90/><D90/><U131/><E99/><V123/><F123/><W62/><G96/><T71/><D135/><N who="3" m="51721" /><G16/><T14/><D36/><U40/><E40/><N who="2" m="25031" /><F13/><W27/><G27/><T41/><D41/><U38/><E38/><V79/><F91/><W12/><G12/><T59/><D2/><U23/><E131/><V98/><F98/><W3/><G3/><AGARI ba="1,0" hai="3,4,10,18,23,26,29,31,50,54,56,83,85,88" machi="3" ten="30,3900,0" yaku="7,1,52,1,54,1" doraHai="76" who="1" fromWho="3" sc="52,0,311,42,347,0,290,-42" />
</Scene>
<Scene>
<INIT seed="7,0,0,4,5,78" ten="52,353,347,248" oya="3" hai0="88,124,6,17,53,82,129,63,15,94,84,105,40" hai1="1,42,27,50,2,70,5,62,51,25,73,58,86" hai2="49,132,44,106,79,107,45,24,57,93,18,77,14" hai3="43,111,98,37,118,90,96,35,12,87,131,127,97"/><W3/><G3/><T46/><D105/><U115/><E73/><V125/><F125/><W83/><G118/><T19/><D124/><U114/><E70/><V102/><F132/><W7/><G127/><T31/><D129/><U92/><E92/><V135/><F135/><W41/><G35/><T89/><D31/><U101/><E101/><V36/><F107/><W0/><G0/><N who="1" m="106" /><E5/><V60/><F106/><W130/><G111/><T33/><D33/><U9/><E9/><N who="2" m="6479" /><F36/><W20/><G37/><T109/><D109/><U121/><E86/><V69/><F69/><W16/><REACH who="3" step="1"/><G7/><REACH who="3" ten="52,353,347,238" step="2"/><T4/><D40/><AGARI ba="0,1" hai="12,16,20,40,41,43,83,87,90,96,97,98,130,131" machi="40" ten="40,12000,1" yaku="1,1,2,1,52,1,54,1,53,0" doraHai="78" doraHaiUra="99" who="3" fromWho="0" sc="52,-120,353,0,347,0,238,130" owari="-68,-57.0,353,15.0,347,-5.0,368,47.0" />
</Scene>
</mjloggm>