<mjloggm ver="2.3"><GO type="169" lobby="0"/><UN n0="%E5%A4%AA%E3%81%8F%E3%81%AA%E3%81%84%E3%81%8A" n1="%E3%81%8F%E3%82%89%E3%81%BE%E3%82%82%E3%82%93" n2="%E5%A4%95%E5%87%AA" n3="%E3%81%AD%E3%81%93%E3%81%AB%E3%82%83%E3%82%93" dan="17,16,16,17" rate="2139.05,2046.72,2112.15,2168.29" sx="M,M,M,F"/><TAIKYOKU oya="0"/>

<Scene>
<INIT seed="0,0,0,3,2,114" ten="250,250,250,250" oya="0" hai0="31,15,81,21,19,38,102,87,98,70,55,20,129" hai1="16,109,32,10,130,30,62,112,122,22,132,119,6" hai2="72,9,94,77,13,5,86,84,95,118,44,37,125" hai3="3,45,85,50,123,108,54,27,65,89,82,51,134"/><T78/><D129/><U103/><E103/><V40/><F125/><W35/><G3/><T64/><D38/><U107/><E107/><V116/><F72/><W113/><G113/><T96/><D70/><U14/><E62/><V135/><F135/><W23/><G35/><T26/><D64/><U52/><E122/><V76/><F86/><W17/><G134/><T68/><D68/><U121/><E121/><V2/><F2/><W4/><G123/><T58/><REACH who="0" step="1"/><D102/><REACH who="0" ten="240,250,250,250" step="2"/><U42/><E112/><V1/><F1/><W7/><G65/><T75/><D75/><U60/><E130/><V80/><F77/><W74/><G74/><T34/><D34/><U88/><E32/><V101/><F101/><W12/><G108/><T91/><D91/><U106/><E88/><V61/><F61/><AGARI ba="0,1" hai="15,19,20,21,26,31,55,58,61,78,81,87,96,98" machi="61" ten="30,5800,0" yaku="1,1,7,1,8,1,53,0" doraHai="114" doraHaiUra="127" who="0" fromWho="2" sc="240,68,250,0,250,-58,250,0" />
</Scene>
<Scene>
<INIT seed="0,1,0,0,4,46" ten="308,250,192,250" oya="0" hai0="97,17,10,93,72,125,105,100,96,98,23,101,133" hai1="108,75,122,109,107,70,118,4,87,62,81,57,102" hai2="130,16,124,52,111,103,74,7,86,49,79,34,85" hai3="58,135,8,40,106,92,59,89,14,35,104,99,94"/><T69/><D69/><U67/><E118/><V19/><F34/><W5/><G35/><T119/><D119/><U38/><E122/><V51/><F74/><W64/><G135/><T88/><D72/><U110/><E38/><V121/><F121/><W1/><G40/><T60/><D133/><U84/><E4/><V37/><F37/><W29/><G29/><T27/><D125/><U50/><E75/><V24/><F124/><W131/><G131/><T127/><D127/><U132/><E132/><V11/><F130/><W55/><G1/><T80/><D80/><U43/><E81/><N who="2" m="47295" /><F111/><W22/><G22/><T26/><D10/><U0/><E0/><V44/><F103/><W21/><G21/><T47/><D60/><U41/><E41/><N who="2" m="24719" /><F24/><W25/><G25/><T42/><D27/><U32/><E32/><V2/><F2/><W117/><G117/><T33/><D33/><U13/><E13/><N who="2" m="5375" /><F86/><W115/><G115/><T66/><D66/><U28/><E28/><V112/><F112/><W76/><G76/><T65/><D65/><U82/><E82/><V95/><F95/><W39/><G94/><T48/><D105/><U45/><REACH who="1" step="1"/><E70/><REACH who="1" ten="308,240,192,250" step="2"/><V20/><F20/><W83/><G83/><T128/><D128/><U73/><E73/><V116/><F116/><W63/><REACH who="3" step="1"/><G39/><REACH who="3" ten="308,240,192,240" step="2"/><T6/><D6/><U53/><E53/><V114/><F114/><W120/><G120/><T90/><D90/><U77/><E77/><V68/><F68/><W61/><AGARI ba="1,2" hai="5,8,14,55,58,59,61,63,64,89,92,99,104,106" machi="61" ten="20,5200,0" yaku="1,1,0,1,7,1,53,1" doraHai="46" doraHaiUra="3" who="3" fromWho="3" sc="308,-27,240,-14,192,-14,240,75" />
</Scene>
<Scene>
<INIT seed="1,0,0,4,1,78" ten="281,226,178,315" oya="1" hai0="104,30,75,36,47,110,103,131,60,105,123,4,117" hai1="72,11,44,59,90,122,108,111,67,119,130,50,45" hai2="132,97,48,98,22,112,34,94,120,33,7,83,38" hai3="100,12,84,95,99,116,114,19,15,87,124,135,92"/><U52/><E119/><V51/><F38/><W10/><G114/><T9/><D117/><U79/><E122/><V93/><F120/><W121/><G121/><T66/><D123/><U118/><E118/><V101/><F112/><W70/><G70/><T31/><D75/><U76/><E130/><V68/><F68/><W5/><G116/><T106/><D103/><U17/><E90/><V16/><F7/><W115/><G115/><T127/><D131/><U86/><E72/><V46/><F132/><W96/><G135/><T102/><D102/><U2/><E86/><V57/><F57/><W113/><G113/><T109/><D127/><U88/><E88/><N who="2" m="55463" /><F34/><W32/><G32/><T21/><D47/><N who="1" m="17995" /><E67/><V91/><F33/><W69/><G69/><N who="0" m="42183" /><D36/><U14/><E2/><V41/><F51/><W3/><G3/><N who="0" m="159" /><D21/><U35/><E35/><V43/><F48/><W18/><G5/><T39/><D39/><U82/><E82/><V23/><F46/><W6/><G6/><T13/><D106/><U80/><E80/><V29/><F23/><N who="3" m="11719" /><G124/><T61/><D105/><U74/><E74/><V125/><F125/><W77/><G77/><T89/><D104/><U81/><E81/><V26/><F29/><N who="0" m="10762" /><D61/><U1/><E1/><V62/><F62/><W73/><G73/><T37/><D37/><U54/><E54/><V40/><F40/><W107/><G107/><T85/><D13/><U27/><E27/><V8/><F8/><W28/><G28/><T128/><D128/><U58/><E58/><V55/><F55/><W24/><G24/><T63/><D63/><U53/><E53/><RYUUKYOKU ba="0,0" sc="281,0,226,0,178,0,315,0" hai0="85,89,109,110" hai1="11,14,17,50,52,59,76,79,108,111" hai2="16,22,26,41,43,83,91,94,98,101" hai3="10,15,19,84,87,92,95,96,99,100" />
</Scene>
<Scene>
<INIT seed="1,1,0,4,5,3" ten="281,226,178,315" oya="1" hai0="40,86,100,67,8,85,0,7,96,32,90,30,124" hai1="80,58,20,105,78,10,83,62,4,101,84,38,6" hai2="121,33,41,29,76,34,88,115,110,108,64,36,35" hai3="104,26,98,117,114,28,89,19,27,102,44,12,24"/><U60/><E38/><V61/><F121/><W75/><G114/><T31/><D124/><U134/><E134/><V120/><F120/><W94/><G117/><T97/><D40/><U22/><E105/><V106/><F115/><W66/><G66/><T54/><D67/><U46/><E101/><V129/><F76/><W23/><G44/><T45/><D32/><U109/><E109/><V52/><F106/><W79/><G79/><T92/><D85/><U9/><E46/><V21/><F41/><W18/><G18/><T53/><D96/><U42/><E42/><V74/><F74/><W17/><G17/><T82/><REACH who="0" step="1"/><D45/><REACH who="0" ten="271,226,178,315" step="2"/><U125/><E125/><V107/><F35/><W47/><G47/><T113/><D113/><U48/><E84/><V50/><F34/><W111/><G75/><T112/><D112/><U95/><E58/><V63/><F64/><W25/><G111/><T11/><D11/><U39/><E39/><V55/><F36/><W91/><REACH who="3" step="1"/><G104/><REACH who="3" ten="271,226,178,305" step="2"/><T15/><D15/><U43/><E43/><V77/><F107/><W133/><G133/><T14/><D14/><U1/><E78/><V68/><F77/><W13/><G13/><T126/><D126/><U59/><E59/><V16/><F110/><W123/><G123/><T65/><D65/><U127/><E127/><V128/><F108/><W57/><G57/><T73/><D73/><U118/><E118/><V116/><F116/><W37/><G37/><T130/><D130/><U103/><E1/><V51/><F129/><W56/><G56/><T81/><D81/><U72/><E72/><V2/><F128/><RYUUKYOKU ba="1,2" sc="271,15,226,-15,178,-15,305,15" hai0="0,7,8,30,31,53,54,82,86,90,92,97,100" hai3="12,19,23,24,25,26,27,28,89,91,94,98,102" />
</Scene>
<Scene>
<INIT seed="2,2,2,5,2,39" ten="286,211,163,320" oya="2" hai0="34,85,73,92,125,81,109,82,64,24,13,79,87" hai1="115,110,77,33,97,7,55,3,9,108,128,111,58" hai2="57,91,132,88,69,103,105,22,29,46,74,1,21" hai3="93,63,25,5,65,8,31,89,6,10,23,86,32"/><V70/><F1/><W19/><G10/><T30/><D109/><U113/><E33/><V48/><F74/><W112/><G112/><T15/><D125/><U66/><E128/><V131/><F131/><W102/><G102/><T99/><D64/><U60/><E77/><V121/><F121/><W130/><G130/><T62/><D62/><N who="1" m="36191" /><E97/><V11/><F105/><W52/><G8/><T45/><D45/><U127/><E127/><V72/><F72/><W40/><G52/><T49/><D49/><U135/><E135/><V0/><F103/><W98/><G98/><T76/><REACH who="0" step="1"/><D73/><REACH who="0" ten="276,211,163,320" step="2"/><U101/><E101/><AGARI ba="2,3" hai="13,15,24,30,34,76,79,81,82,85,87,92,99,101" machi="101" ten="30,8000,1" yaku="1,1,2,1,7,1,9,1,53,1" doraHai="39" doraHaiUra="90" who="0" fromWho="1" sc="276,116,211,-86,163,0,320,0" />
</Scene>
<Scene>
<INIT seed="3,0,0,5,5,112" ten="392,125,163,320" oya="3" hai0="119,44,27,81,76,88,56,71,101,53,65,117,102" hai1="115,99,36,64,61,17,74,129,103,86,82,3,132" hai2="46,1,85,58,98,31,52,91,21,120,59,72,84" hai3="90,108,135,113,104,35,2,42,96,122,107,77,40"/><W37/><G42/><T133/><D44/><U23/><E115/><V111/><F72/><W28/><G28/><T22/><D71/><U62/><E3/><V49/><F1/><W75/><G40/><T63/><D65/><U105/><E36/><V106/><F120/><W100/><G90/><T51/><D51/><U15/><E132/><V54/><F111/><W95/><G95/><T94/><D133/><U97/><E97/><V5/><F5/><W78/><G96/><N who="0" m="57415" /><D101/><U8/><E129/><V29/><F46/><W69/><G78/><T26/><D26/><U68/><E74/><V6/><F6/><W7/><G7/><T19/><D102/><U93/><E62/><V73/><F73/><AGARI ba="0,0" hai="19,22,27,53,56,63,73,76,81,117,119" m="57415" machi="73" ten="30,7700,0" yaku="25,1,52,2,54,1" doraHai="112" who="0" fromWho="2" sc="392,77,125,0,163,-77,320,0" />
</Scene>
<Scene>
<INIT seed="4,0,0,5,0,124" ten="469,125,86,320" oya="0" hai0="15,103,29,66,6,14,68,121,38,133,90,35,31" hai1="110,36,32,42,84,131,98,123,127,109,64,117,126" hai2="128,73,45,8,40,112,12,89,11,28,119,113,63" hai3="74,52,59,21,96,10,86,58,92,129,22,57,56"/><T62/><D121/><U24/><E64/><V17/><F73/><W134/><G74/><T25/><D38/><U27/><E123/><V87/><F119/><W16/><G134/><T69/><D133/><U37/><E98/><V75/><F75/><W44/><G86/><T108/><D108/><U61/><E84/><V33/><F63/><W100/><G44/><T51/><D31/><U115/><E61/><V72/><F72/><W67/><G67/><T82/><D68/><U94/><E94/><V71/><F71/><W101/><G101/><T104/><D6/><U13/><E13/><V91/><F11/><W5/><G5/><T70/><D70/><U54/><E42/><V122/><F122/><W65/><G65/><T26/><D26/><U85/><E85/><V116/><F116/><W97/><G97/><N who="0" m="61551" /><D51/><U102/><E102/><V41/><F41/><W107/><G107/><T106/><D106/><U88/><E54/><V79/><F79/><W23/><G129/><T118/><D118/><U50/><E50/><N who="2" m="26919" /><F91/><W39/><G39/><T3/><D3/><U20/><E117/><V18/><F18/><W99/><G99/><T135/><D135/><U30/><E30/><V132/><F132/><W114/><G114/><N who="2" m="44137" /><F28/><W83/><G83/><T49/><D49/><U1/><E115/><V7/><F7/><W105/><G105/><T120/><D120/><U125/><E125/><V77/><F77/><W48/><REACH who="3" step="1"/><G10/><REACH who="3" ten="469,125,86,310" step="2"/><T34/><D82/><U76/><E126/><V60/><F128/><W0/><G0/><T46/><D46/><U9/><E127/><V55/><F8/><RYUUKYOKU ba="0,1" sc="469,-10,125,-10,86,-10,310,30" hai3="16,21,22,23,48,52,56,57,58,59,92,96,100" />
</Scene>
<Scene>
<INIT seed="5,1,1,1,5,35" ten="459,115,76,340" oya="1" hai0="94,78,48,70,13,83,122,8,107,18,27,60,87" hai1="120,116,10,105,38,21,33,109,64,126,61,49,19" hai2="63,114,121,9,106,97,46,90,130,42,37,16,101" hai3="54,45,34,88,14,86,0,29,95,96,47,24,31"/><U59/><E105/><V23/><F121/><W32/><G14/><T117/><D107/><U3/><E33/><V104/><F130/><W135/><G135/><T68/><D117/><U74/><E74/><V112/><F106/><W81/><G0/><T11/><D122/><U50/><E116/><V92/><F63/><W40/><G54/><T53/><D60/><U118/><E118/><V43/><F43/><W20/><G45/><T77/><D77/><U129/><E120/><V93/><F9/><W99/><G99/><T133/><D133/><U76/><E76/><V82/><F82/><W73/><G31/><T85/><D27/><U80/><E80/><V62/><F62/><W110/><G73/><T113/><D113/><N who="2" m="43626" /><F90/><W7/><G7/><T100/><D11/><U84/><E126/><V2/><F2/><W108/><G34/><T72/><D72/><U132/><E109/><V111/><F111/><W56/><G56/><T4/><D4/><U22/><E132/><V65/><F65/><W102/><REACH who="3" step="1"/><G32/><REACH who="3" ten="459,115,76,330" step="2"/><T6/><D6/><U57/><E129/><V39/><F39/><AGARI ba="1,2" hai="20,24,29,39,40,47,81,86,88,95,96,102,108,110" machi="39" ten="30,7700,0" yaku="1,1,2,1,7,1,54,1,53,0" doraHai="35" doraHaiUra="5" who="3" fromWho="2" sc="459,0,115,0,76,-80,330,100" owari="459,55.0,115,-28.0,-4,-50.0,430,23.0" />
</Scene>
</mjloggm>