<mjloggm ver="2.3"><GO type="169" lobby="0"/><UN n0="%E4%B8%8D%E8%81%B4%E7%89%8C%E3%83%AA%E3%83%BC%E3%83%81" n1="%41%74%5F%53%75%73%68%69" n2="%E5%A4%AA%E3%81%8F%E3%81%AA%E3%81%84%E3%81%8A" n3="%E3%81%8A%E3%83%BC%E3%81%84%E3%81%8A%E8%8C%B6" dan="17,16,17,16" rate="2188.53,2082.90,2145.88,2154.74" sx="M,M,M,M"/><TAIKYOKU oya="0"/>

<Scene>
<INIT seed="0,0,0,3,1,68" ten="250,250,250,250" oya="0" hai0="49,127,29,48,87,104,88,63,17,36,99,27,7" hai1="69,41,24,9,58,3,135,71,132,54,120,18,26" hai2="119,25,33,106,114,43,42,85,86,6,101,53,20" hai3="90,91,81,125,34,5,1,123,105,23,84,82,73"/><T72/><D72/><U109/><E120/><V50/><F33/><W45/><G34/><T131/><D36/><U4/><E109/><V60/><F114/><W78/><G123/><T116/><D116/><U0/><E41/><N who="2" m="15371" /><F106/><W113/><G45/><T47/><D127/><U80/><E80/><V98/><F119/><W11/><G113/><T28/><D131/><U95/><E95/><N who="2" m="58591" /><F60/><W107/><G125/><T55/><D104/><U52/><E0/><V21/><F6/><W67/><G67/><T122/><D122/><U110/><E110/><V39/><F39/><W108/><G108/><T124/><D124/><U38/><E38/><V112/><F21/><W56/><G56/><T31/><D99/><U46/><E46/><N who="2" m="27863" /><F112/><W121/><G121/><T30/><N who="0" m="7168" /><DORA hai="66" /><T12/><D7/><U117/><E117/><V129/><F129/><W93/><REACH who="3" step="1"/><G23/><REACH who="3" ten="250,250,250,240" step="2"/><T130/><D130/><U100/><E58/><V10/><F10/><W61/><G61/><T128/><D128/><U89/><E9/><V76/><F76/><W51/><G51/><N who="0" m="29183" /><D63/><U16/><E71/><V14/><F25/><W77/><G77/><T13/><D27/><U97/><E69/><V111/><F111/><W133/><G133/><T115/><D115/><U92/><E135/><V94/><F20/><W102/><G102/><T59/><D59/><U70/><E132/><V79/><F79/><W19/><G19/><T37/><D17/><U15/><E70/><V40/><F40/><W134/><G134/><T83/><D37/><U118/><E100/><V35/><F35/><W32/><G32/><T74/><D74/><RYUUKYOKU ba="0,1" sc="250,15,250,-15,250,-15,240,15" hai0="12,13,48,49,83,87,88" hai3="1,5,11,73,78,81,82,84,90,91,93,105,107" />
</Scene>
<Scene>
<INIT seed="0,1,1,2,1,1" ten="265,235,235,255" oya="0" hai0="2,70,92,88,79,105,51,102,59,130,90,63,93" hai1="106,14,27,26,73,10,23,58,34,54,32,129,101" hai2="5,110,126,49,62,41,6,132,109,108,133,64,7" hai3="100,65,98,21,113,45,29,71,13,115,15,114,20"/><T127/><D70/><U52/><E73/><V123/><F123/><W17/><G45/><T81/><D2/><U48/><E129/><V87/><F126/><W125/><G125/><T116/><D127/><U111/><E111/><V89/><F49/><W66/><G71/><T118/><D105/><U3/><E54/><V53/><F53/><W30/><G29/><T50/><D130/><U121/><E121/><V28/><F28/><W82/><G82/><T83/><D118/><U72/><E72/><V119/><F41/><W35/><G35/><T75/><D116/><U135/><E135/><N who="2" m="51787" /><F119/><W16/><REACH who="3" step="1"/><G30/><REACH who="3" ten="265,235,235,245" step="2"/><T31/><D31/><U25/><E34/><V38/><F38/><W22/><G22/><T61/><D81/><U0/><E32/><V12/><F12/><W24/><G24/><T131/><D131/><U8/><E23/><V97/><F97/><W46/><G46/><T134/><D83/><U120/><E120/><V69/><F109/><W104/><AGARI ba="1,2" hai="13,15,16,17,20,21,65,66,98,100,104,113,114,115" machi="104" ten="30,8000,1" yaku="1,1,0,1,9,1,54,1,53,1" doraHai="1" doraHaiUra="99" who="3" fromWho="3" sc="265,-41,235,-21,235,-21,245,103" />
</Scene>
<Scene>
<INIT seed="1,0,0,3,5,63" ten="224,214,214,348" oya="1" hai0="92,2,76,105,99,75,45,29,73,23,30,25,118" hai1="129,34,126,81,109,72,127,110,36,115,46,51,0" hai2="6,1,9,42,125,87,101,58,12,106,40,83,3" hai3="123,77,56,107,49,89,44,112,64,86,35,52,57"/><U114/><E34/><V80/><F125/><N who="1" m="47625" /><E0/><V90/><F80/><W55/><G112/><N who="1" m="43050" /><E129/><V39/><F58/><W70/><G123/><T11/><D118/><U84/><E72/><V21/><F39/><W38/><G107/><T102/><D2/><U120/><E36/><V103/><F3/><W48/><G77/><T67/><D76/><N who="1" m="46119" /><E120/><V8/><F21/><W104/><G35/><T59/><D11/><U128/><E128/><V7/><REACH who="2" step="1"/><F106/><REACH who="2" ten="224,214,204,348" step="2"/><W50/><G104/><T97/><D105/><U111/><E111/><V15/><F15/><W135/><G38/><T116/><D23/><U131/><E131/><V133/><F133/><W43/><G135/><T10/><D75/><U41/><AGARI ba="0,1" hai="41,46,51,109,110" m="46119,43050,47625" machi="41" ten="40,2100,0" yaku="18,1" doraHai="63" who="1" fromWho="1" sc="224,-7,214,31,204,-7,348,-7" />
</Scene>
<Scene>
<INIT seed="1,1,0,2,0,67" ten="217,245,197,341" oya="1" hai0="95,125,40,107,89,91,77,102,50,78,61,14,124" hai1="70,23,135,51,115,127,49,90,11,122,106,22,36" hai2="99,117,48,4,9,34,84,53,101,71,45,41,39" hai3="2,110,16,103,83,12,13,75,43,57,59,55,73"/><U104/><E115/><V56/><F117/><W47/><G2/><T27/><D27/><U74/><E122/><V30/><F84/><W54/><G110/><T6/><D61/><U82/><E36/><V109/><F109/><W21/><G103/><T129/><D6/><U1/><E127/><V120/><F120/><W19/><G83/><T116/><D14/><U118/><E118/><V81/><F81/><W94/><G94/><T130/><D50/><U85/><E70/><V111/><F111/><W18/><G43/><T68/><D40/><U37/><E37/><V66/><F30/><W108/><G47/><T52/><D52/><U38/><E38/><V24/><F24/><W64/><G64/><T15/><D15/><U28/><E135/><V126/><F34/><W65/><G65/><T44/><D44/><U134/><E134/><V79/><F79/><N who="0" m="30218" /><D68/><U100/><E1/><V25/><F25/><W97/><G108/><T33/><D33/><U7/><E7/><V32/><F32/><W128/><G12/><T119/><D119/><U46/><E11/><V0/><F126/><N who="0" m="48746" /><D116/><U131/><E28/><V72/><F72/><W132/><G73/><T133/><D133/><U114/><E74/><V3/><F3/><W26/><G75/><T10/><D10/><U31/><E31/><V86/><F66/><W105/><G132/><T5/><D5/><U29/><E29/><V93/><F71/><W92/><G26/><T60/><D60/><U63/><E63/><N who="2" m="36239" /><F39/><W58/><G58/><T76/><N who="0" m="30226" /><T20/><DORA hai="88" /><D107/><U121/><E51/><V69/><F69/><RYUUKYOKU ba="1,0" sc="217,-10,245,-10,197,30,341,-10" hai2="0,4,9,41,45,48,86,93,99,101" />
</Scene>
<Scene>
<INIT seed="2,2,0,5,3,62" ten="207,235,227,331" oya="2" hai0="54,68,84,48,51,132,25,113,133,69,15,72,3" hai1="104,96,21,38,126,33,6,10,19,39,106,86,89" hai2="73,17,131,12,13,46,11,114,110,24,81,124,127" hai3="66,2,119,78,135,67,109,59,107,101,95,129,93"/><V75/><F114/><W83/><G119/><T88/><D3/><U115/><E115/><V105/><F105/><W120/><G120/><T30/><D72/><U103/><E33/><V79/><F131/><W82/><G2/><T18/><D113/><U8/><E106/><V111/><F75/><W52/><G129/><T85/><D85/><U63/><E63/><V90/><F24/><W116/><G116/><T40/><D40/><U37/><E126/><N who="2" m="48171" /><F90/><W130/><G130/><T70/><D30/><U91/><E86/><V76/><F76/><W49/><G109/><N who="2" m="41481" /><F12/><W61/><G107/><T58/><D25/><U71/><E71/><V35/><F46/><W134/><G101/><T128/><D128/><U99/><E99/><V94/><F94/><N who="3" m="35851" /><G78/><T41/><D88/><U112/><E112/><V64/><F35/><W77/><G77/><T92/><D92/><U65/><E8/><V1/><F1/><W45/><G66/><AGARI ba="2,0" hai="11,13,17,64,66,73,79,81" m="41481,48171" machi="66" ten="30,12000,1" yaku="18,1,14,1,10,1,52,2" doraHai="62" who="2" fromWho="3" sc="207,0,235,0,227,126,331,-126" />
</Scene>
<Scene>
<INIT seed="2,3,0,3,5,56" ten="207,235,353,205" oya="2" hai0="3,80,19,99,70,101,71,97,115,84,121,86,134" hai1="14,63,61,116,82,47,5,105,62,17,129,53,135" hai2="30,16,92,78,119,32,91,95,4,45,37,76,124" hai3="127,77,48,130,69,29,20,39,72,87,107,60,122"/><V46/><F4/><W38/><G122/><T40/><D121/><U96/><E116/><V123/><F123/><W34/><G130/><T112/><D3/><U132/><E129/><V49/><F119/><W100/><G127/><T81/><D40/><U27/><E5/><V2/><F2/><W7/><G87/><T125/><D101/><N who="1" m="62631" /><E82/><V133/><F133/><N who="1" m="51273" /><E27/><V74/><F124/><W42/><G20/><T126/><D134/><U65/><E65/><V54/><F32/><W117/><G7/><T90/><D90/><U8/><E47/><V103/><F30/><W94/><G94/><T67/><D67/><U50/><E50/><V85/><F74/><W110/><G48/><T58/><D19/><U24/><E24/><V73/><F73/><W88/><G88/><T21/><D21/><U57/><AGARI ba="3,0" hai="8,14,17,53,57,61,62,63" m="51273,62631" machi="57" ten="30,7900,0" yaku="20,1,52,3" doraHai="56" who="1" fromWho="1" sc="207,-23,235,88,353,-42,205,-23" />
</Scene>
<Scene>
<INIT seed="3,0,0,5,4,115" ten="184,323,311,182" oya="3" hai0="133,25,37,15,50,27,1,10,58,69,91,100,88" hai1="49,7,28,6,79,17,89,42,39,2,9,63,61" hai2="3,80,20,55,111,59,8,68,78,116,12,121,114" hai3="26,73,46,24,122,22,36,54,112,124,66,47,109"/><W74/><G112/><T67/><D37/><U23/><E7/><V81/><F114/><W44/><G122/><T21/><D1/><U106/><E28/><V32/><F32/><W101/><G36/><T99/><D69/><U43/><E106/><V31/><F68/><W70/><G124/><T35/><D35/><U0/><E0/><V5/><F121/><W64/><G101/><T93/><D133/><U98/><E79/><V75/><F111/><W29/><G109/><T41/><D41/><U19/><E39/><V33/><F81/><W40/><G40/><T71/><D71/><U119/><E119/><V72/><F33/><W96/><G96/><T110/><D110/><U130/><E130/><V16/><F31/><W118/><G118/><T126/><D126/><U97/><E19/><V34/><F34/><W84/><G84/><T103/><D103/><U83/><E43/><V94/><F94/><W4/><G4/><T62/><D50/><U113/><E113/><V60/><REACH who="2" step="1"/><F116/><REACH who="2" ten="184,323,301,182" step="2"/><W123/><G123/><T13/><D27/><U57/><E83/><V11/><F11/><W95/><G26/><T120/><D120/><U52/><E9/><V48/><F48/><N who="3" m="28935" /><G70/><T105/><D105/><U87/><E49/><V53/><F53/><W102/><G66/><T92/><D92/><U90/><E52/><V134/><F134/><W18/><G64/><T30/><D15/><U108/><E108/><V128/><F128/><W86/><G95/><T56/><D56/><U51/><E57/><V38/><F38/><W14/><G14/><T131/><D131/><U132/><E132/><RYUUKYOKU ba="0,1" sc="184,15,323,-15,301,15,182,-15" hai0="10,13,21,25,30,58,62,67,88,91,93,99,100" hai2="3,5,8,12,16,20,55,59,60,72,75,78,80" />
</Scene>
<Scene>
<INIT seed="4,1,1,4,4,28" ten="199,308,316,167" oya="0" hai0="34,112,46,130,72,47,11,89,31,119,110,3,95" hai1="113,35,65,43,131,45,61,117,2,118,0,44,22" hai2="134,73,88,103,64,60,5,41,57,25,80,38,51" hai3="15,129,54,14,124,48,106,101,58,63,68,109,133"/><T128/><D119/><U39/><E131/><N who="0" m="50217" /><D72/><U79/><E113/><V53/><F134/><W81/><G109/><T114/><D110/><U36/><E35/><V126/><F126/><W83/><G129/><T76/><D76/><U27/><E79/><V24/><F103/><W91/><G133/><T99/><D11/><U97/><E97/><V37/><F5/><W104/><G124/><T26/><D3/><U87/><E87/><N who="2" m="50279" /><F37/><W49/><G68/><T32/><D32/><U120/><E120/><V94/><F73/><W71/><G71/><T84/><D99/><U125/><E125/><V69/><F94/><W105/><G101/><T82/><D95/><U16/><E118/><V19/><F19/><W74/><G74/><T20/><D20/><U30/><E117/><V121/><F121/><W21/><G21/><T96/><D96/><U56/><REACH who="1" step="1"/><E30/><REACH who="1" ten="199,298,316,167" step="2"/><V59/><F59/><W42/><G105/><T1/><D1/><U7/><E7/><V115/><F115/><AGARI ba="1,2" hai="26,31,34,46,47,82,84,89,112,114,115" m="50217" machi="115" ten="30,5800,0" yaku="15,1,19,1,52,1" doraHai="28" who="0" fromWho="2" sc="199,81,298,0,316,-61,167,0" />
</Scene>
<Scene>
<INIT seed="4,2,0,2,2,134" ten="280,298,255,167" oya="0" hai0="72,111,96,68,65,15,11,62,112,125,47,102,1" hai1="128,122,129,52,34,94,38,71,97,33,10,28,18" hai2="113,67,19,85,8,40,70,108,119,83,115,49,92" hai3="103,98,73,58,0,9,63,24,56,43,114,100,121"/><T54/><D72/><U50/><E122/><V17/><F108/><W61/><G73/><T77/><D77/><U37/><E71/><V45/><F119/><W132/><G132/><T76/><D76/><U124/><E124/><V106/><F106/><W64/><G114/><N who="2" m="43529" /><F92/><W53/><G121/><T82/><D82/><U46/><E37/><V60/><F8/><W110/><G110/><T87/><D87/><U12/><E38/><V118/><F118/><W109/><G109/><T93/><D111/><U5/><E5/><V26/><F26/><W23/><G43/><T135/><D112/><U16/><E18/><V74/><F74/><W80/><G80/><T86/><D86/><U51/><E51/><V30/><F30/><W3/><G9/><T2/><D135/><U117/><E117/><V29/><F29/><W59/><G59/><T31/><D31/><U127/><E127/><V90/><AGARI ba="2,0" hai="17,19,40,45,49,60,67,70,83,85,90" m="43529" machi="90" ten="30,1100,0" yaku="15,1" doraHai="134" who="2" fromWho="2" sc="280,-7,298,-5,255,17,167,-5" />
</Scene>
<Scene>
<INIT seed="5,0,0,0,0,90" ten="273,293,272,162" oya="1" hai0="64,123,37,52,36,16,77,28,7,45,47,27,43" hai1="106,124,115,111,5,20,110,113,134,87,129,84,83" hai2="32,122,6,68,76,102,9,30,31,97,92,100,75" hai3="66,13,96,101,109,112,61,42,135,72,85,8,25"/><U118/><E118/><V11/><F122/><W15/><G109/><N who="1" m="41482" /><E106/><V80/><F68/><W121/><G72/><T82/><D123/><U103/><E124/><V46/><F32/><W131/><G121/><T67/><D7/><U86/><E129/><V26/><F46/><W38/><G131/><T18/><D67/><U119/><E119/><V50/><F50/><W89/><G112/><N who="1" m="43082" /><E103/><V114/><F114/><W57/><G135/><T21/><D64/><U33/><E33/><V60/><F60/><W99/><G25/><T104/><D104/><U44/><E134/><V126/><F126/><W3/><G3/><T127/><D127/><U130/><E130/><V91/><F11/><W78/><G78/><T73/><REACH who="0" step="1"/><D52/><REACH who="0" ten="263,293,272,162" step="2"/><U69/><E5/><V74/><F6/><W10/><G42/><AGARI ba="0,1" hai="16,18,21,27,28,36,37,42,43,45,47,73,77,82" machi="42" ten="40,8000,1" yaku="1,1,2,1,9,1,54,1,53,0" doraHai="90" doraHaiUra="2" who="0" fromWho="3" sc="263,90,293,0,272,0,162,-80" />
</Scene>
<Scene>
<INIT seed="6,0,0,4,4,86" ten="353,293,272,82" oya="2" hai0="115,10,102,57,37,132,29,52,35,13,67,48,62" hai1="97,61,85,98,4,38,127,90,8,109,116,84,82" hai2="133,66,104,19,72,56,45,68,92,5,79,78,27" hai3="91,87,89,15,120,1,70,76,11,131,77,7,60"/><V111/><F104/><W75/><G120/><T110/><D110/><U59/><E109/><V24/><F111/><W21/><G75/><T96/><D115/><U6/><E116/><V9/><F68/><W112/><G112/><T107/><D132/><U135/><E135/><V106/><F106/><W41/><G131/><T47/><D35/><U16/><E38/><V125/><F133/><W100/><G100/><T81/><D29/><U42/><E127/><V12/><F125/><W17/><G41/><T108/><D108/><U34/><E42/><V105/><F105/><W49/><G49/><T36/><REACH who="0" step="1"/><D81/><REACH who="0" ten="343,293,272,82" step="2"/><U99/><E34/><V121/><F121/><W0/><G0/><T54/><D54/><N who="1" m="34039" /><E84/><V103/><F72/><W58/><G70/><T2/><D2/><U28/><E28/><V25/><F45/><W43/><G43/><T51/><D51/><U118/><E118/><V39/><F39/><W71/><G71/><T31/><D31/><U130/><E130/><V20/><F66/><W129/><G129/><T14/><D14/><AGARI ba="0,1" hai="4,6,8,14,16,82,85,90,97,98,99" m="34039" machi="14" ten="30,3900,0" yaku="8,1,52,1,54,1" doraHai="86" who="1" fromWho="0" sc="343,-39,293,49,272,0,82,0" />
</Scene>
<Scene>
<INIT seed="7,0,0,2,2,98" ten="304,342,272,82" oya="3" hai0="72,113,118,66,129,13,12,3,76,59,41,80,120" hai1="133,40,111,100,89,53,114,52,36,28,26,67,62" hai2="86,51,81,119,54,104,49,8,16,87,135,110,60" hai3="95,122,84,68,2,134,44,43,106,47,32,7,39"/><W63/><G122/><T99/><D120/><U6/><E100/><V74/><F110/><W30/><G106/><T25/><D118/><U33/><E111/><V88/><F119/><W37/><G134/><T20/><D3/><U92/><E133/><V73/><F135/><W123/><G123/><T18/><D129/><U5/><E114/><V29/><F104/><W11/><G32/><T102/><D113/><U65/><E65/><V96/><F29/><W131/><G131/><T93/><D66/><U107/><E107/><V90/><F96/><W21/><G68/><T130/><D130/><U71/><E40/><V103/><F103/><W61/><G37/><T48/><D41/><U34/><E34/><V19/><F60/><W31/><G47/><T128/><D128/><U78/><E78/><V117/><F117/><W82/><G95/><T46/><REACH who="0" step="1"/><D59/><REACH who="0" ten="294,342,272,82" step="2"/><U0/><E0/><V14/><F19/><W125/><G125/><T69/><D69/><U108/><E108/><V126/><F126/><W121/><G121/><T45/><D45/><U91/><E71/><V85/><F51/><W83/><G83/><T42/><AGARI ba="0,1" hai="12,13,18,20,25,42,46,48,72,76,80,93,99,102" machi="42" ten="20,8000,1" yaku="1,1,0,1,7,1,52,1,53,1" doraHai="98" doraHaiUra="75" who="0" fromWho="0" sc="294,90,342,-20,272,-20,82,-40" owari="384,49.0,322,12.0,252,-15.0,42,-46.0" />
</Scene>
</mjloggm>