<mjloggm ver="2.3"><GO type="169" lobby="0"/><UN n0="%E3%81%8B%E3%81%AB%E3%83%9E%E3%82%B8%E3%83%B3" n1="%73%68%6F%6F%74%33%39" n2="%E5%A4%AA%E3%81%8F%E3%81%AA%E3%81%84%E3%81%8A" n3="%E3%83%97%E3%83%AD%E3%83%86%E3%82%A4%E3%83%B3%E5%BE%97%E7%9B%9B" dan="17,18,18,17" rate="2174.89,2224.90,2275.27,2119.78" sx="M,M,F,M"/><TAIKYOKU oya="0"/>

<Scene>
<INIT seed="0,0,0,3,5,100" ten="250,250,250,250" oya="0" hai0="28,74,30,79,81,18,78,6,47,70,67,49,72" hai1="122,131,38,110,96,34,118,21,13,10,87,64,14" hai2="114,119,86,108,93,60,58,53,8,24,69,84,52" hai3="15,31,9,17,40,37,29,66,55,45,75,121,22"/><T2/><D70/><U20/><E38/><V83/><F114/><W5/><G121/><T98/><D67/><U11/><E64/><V71/><F108/><W94/><G66/><T26/><D18/><U105/><E122/><V32/><F119/><W127/><G127/><T95/><D6/><U3/><E34/><V39/><F39/><W103/><G75/><T63/><D63/><U106/><E3/><V115/><F115/><W62/><G103/><T16/><D2/><U41/><E41/><V109/><F109/><W124/><G94/><T35/><D28/><U43/><E43/><V97/><F8/><W73/><G73/><T117/><D16/><U120/><E96/><V99/><F84/><W135/><G135/><T57/><D57/><U54/><E87/><V126/><F97/><W123/><G124/><T132/><D132/><U128/><E120/><V4/><F4/><W80/><G80/><T130/><D117/><U82/><E82/><V134/><F53/><W92/><G92/><T19/><D19/><U104/><E54/><V111/><F111/><W68/><G68/><T44/><D130/><N who="1" m="49707" /><E118/><V33/><F33/><W36/><G36/><T88/><D49/><U89/><E89/><N who="2" m="55727" /><F126/><W85/><G85/><T46/><D78/><U90/><E90/><N who="2" m="51551" /><F134/><W116/><G116/><T102/><D72/><U129/><N who="1" m="49715" /><U48/><DORA hai="112" /><E110/><V125/><F125/><W12/><G123/><T51/><D51/><U59/><E48/><V107/><F71/><W23/><G23/><N who="1" m="8778" /><E59/><V76/><F69/><W56/><AGARI ba="0,0" hai="5,9,12,15,17,22,29,31,37,40,45,55,56,62" machi="56" ten="30,1100,0" yaku="0,1" doraHai="100,112" who="3" fromWho="3" sc="250,-5,250,-3,250,-3,250,11" />
</Scene>
<Scene>
<INIT seed="1,0,0,2,0,12" ten="245,247,247,261" oya="1" hai0="74,129,111,132,127,10,36,26,79,102,130,56,114" hai1="122,57,101,112,62,25,15,123,124,73,20,81,2" hai2="63,115,105,118,87,52,100,41,84,135,17,66,68" hai3="83,64,98,23,65,77,13,5,104,75,39,88,21"/><U9/><E112/><V28/><F118/><W29/><G39/><T133/><D36/><U53/><E2/><V45/><F115/><W72/><G72/><T14/><D114/><U48/><E124/><V109/><F109/><W49/><G49/><T69/><D69/><U134/><E134/><N who="0" m="51817" /><D56/><U60/><E101/><V91/><F135/><W82/><G104/><T8/><D102/><U125/><E125/><V80/><F28/><W78/><G78/><T30/><D127/><U59/><E73/><V34/><F34/><W116/><G116/><T99/><D99/><U93/><E81/><V95/><F105/><W110/><G110/><T119/><D79/><U24/><E93/><V54/><F17/><W18/><G5/><N who="0" m="3343" /><D74/><U121/><E20/><V44/><F44/><W103/><G103/><T126/><D126/><U70/><E70/><V117/><F117/><W76/><G76/><T55/><D55/><U33/><E33/><V96/><REACH who="2" step="1"/><F87/><REACH who="2" ten="245,247,237,261" step="2"/><W58/><G29/><T43/><D119/><U37/><E37/><AGARI ba="0,1" hai="37,41,45,52,54,63,66,68,80,84,91,95,96,100" machi="37" ten="30,7700,0" yaku="1,1,2,1,7,1,54,1,53,0" doraHai="12" doraHaiUra="35" who="2" fromWho="1" sc="245,0,247,-77,237,87,261,0" />
</Scene>
<Scene>
<INIT seed="2,0,0,4,5,109" ten="245,170,324,261" oya="2" hai0="10,11,31,70,115,83,106,100,99,6,110,74,1" hai1="29,41,45,111,68,101,108,3,78,124,57,80,131" hai2="77,87,59,79,105,127,12,73,2,47,66,129,104" hai3="94,125,128,67,72,76,17,116,93,55,69,28,18"/><V81/><F2/><W91/><G116/><T126/><D110/><N who="1" m="42027" /><E3/><V52/><F127/><W82/><G125/><T130/><D126/><U86/><E124/><V58/><F129/><W0/><G0/><T65/><D10/><U103/><E68/><V122/><F122/><W96/><G128/><T118/><D130/><U85/><E29/><V26/><F26/><W54/><G28/><T27/><D118/><U7/><E7/><V32/><F32/><W8/><G94/><T114/><D83/><N who="1" m="47351" /><E57/><V35/><F35/><W14/><G67/><T75/><D74/><U38/><E131/><V71/><F71/><W40/><G40/><T133/><D75/><U33/><E33/><V132/><F59/><W46/><G46/><T113/><D133/><U90/><AGARI ba="0,0" hai="38,41,45,80,86,90,101,103" m="47351,42027" machi="90" ten="30,1100,0" yaku="14,1" doraHai="109" who="1" fromWho="1" sc="245,-3,170,11,324,-5,261,-3" />
</Scene>
<Scene>
<INIT seed="3,0,0,5,4,6" ten="242,181,319,258" oya="3" hai0="12,124,42,123,38,25,53,128,129,110,11,75,68" hai1="102,94,57,101,62,22,76,71,84,23,31,74,95" hai2="92,29,39,10,109,77,21,103,61,30,9,134,80" hai3="8,99,0,107,120,40,48,41,49,83,114,52,133"/><W88/><G120/><T7/><D123/><U86/><E71/><V132/><F39/><W81/><G114/><T65/><D75/><U121/><E74/><N who="2" m="43063" /><F109/><W91/><G133/><N who="2" m="51305" /><F61/><W127/><G127/><T5/><D110/><U56/><E121/><V24/><F30/><W34/><G34/><T126/><D53/><U35/><E35/><V96/><AGARI ba="0,0" hai="9,10,21,24,29,92,96,103" m="51305,43063" machi="96" ten="30,4000,0" yaku="20,1,52,2" doraHai="6" who="2" fromWho="2" sc="242,-10,181,-10,319,40,258,-20" />
</Scene>
<Scene>
<INIT seed="4,0,0,2,0,64" ten="232,171,359,238" oya="0" hai0="116,29,60,84,19,95,59,85,46,38,97,61,31" hai1="110,48,120,0,18,101,114,40,74,52,109,47,21" hai2="39,54,77,25,90,26,129,107,7,88,13,131,81" hai3="57,125,42,8,56,111,71,67,68,103,55,100,49"/><T82/><D116/><U123/><E0/><V72/><F107/><W76/><G111/><T41/><D19/><U117/><E74/><V133/><F39/><W30/><G42/><T115/><D115/><U34/><E34/><V94/><F133/><W102/><G30/><T65/><D60/><U73/><E73/><V20/><F54/><W16/><G76/><T36/><D36/><U106/><E117/><V104/><F104/><W75/><G75/><T28/><REACH who="0" step="1"/><D82/><REACH who="0" ten="222,171,359,238" step="2"/><U32/><E114/><V15/><F81/><W3/><G125/><T121/><D121/><U127/><E127/><V24/><F131/><W112/><G112/><T45/><D45/><U108/><E123/><V92/><F129/><W124/><G124/><T51/><D51/><U98/><E120/><V5/><F5/><W23/><G8/><T79/><D79/><U78/><E78/><V58/><F7/><W50/><G50/><T122/><D122/><U83/><E83/><V2/><F77/><W62/><REACH who="3" step="1"/><G3/><REACH who="3" ten="222,171,359,228" step="2"/><T119/><D119/><U33/><REACH who="1" step="1"/><E40/><REACH who="1" ten="222,161,359,228" step="2"/><V126/><F126/><W96/><G96/><T11/><D11/><U17/><E17/><V12/><F2/><W93/><G93/><T37/><D37/><U113/><E113/><V14/><F72/><W128/><G128/><T43/><D43/><U130/><E130/><V118/><F118/><W6/><G6/><T27/><D27/><AGARI ba="0,3" hai="18,21,27,32,33,47,48,52,98,101,106,108,109,110" machi="27" ten="40,5200,0" yaku="1,1,54,1,53,1" doraHai="64" doraHaiUra="44" who="1" fromWho="0" sc="222,-52,161,82,359,0,228,0" /><AGARI ba="0,0" hai="16,23,27,49,55,56,57,62,67,68,71,100,102,103" machi="27" ten="40,8000,1" yaku="1,1,52,2,54,1,53,1" doraHai="64" doraHaiUra="44" who="3" fromWho="0" sc="170,-80,243,0,359,0,228,80" />
</Scene>
<Scene>
<INIT seed="5,0,0,4,0,117" ten="90,243,359,308" oya="1" hai0="70,26,105,94,131,41,50,133,0,84,22,15,18" hai1="65,98,37,132,52,103,21,46,19,48,88,83,6" hai2="72,28,54,115,16,35,58,36,5,113,62,3,112" hai3="59,111,95,121,13,61,79,109,44,85,124,125,87"/><U78/><E132/><V24/><F72/><W108/><G13/><T101/><D133/><U82/><E37/><V126/><F36/><W81/><G44/><T25/><D0/><U106/><E6/><V32/><F126/><N who="3" m="48747" /><G95/><T12/><D131/><U39/><E39/><V102/><F102/><W91/><G91/><T20/><D70/><U107/><E65/><V49/><F16/><W40/><G40/><T10/><D105/><U45/><E107/><V96/><F96/><W33/><G33/><T2/><D2/><U128/><E128/><V120/><F35/><W122/><G85/><T116/><D116/><U64/><E64/><AGARI ba="0,0" hai="59,61,64,79,81,87,108,109,111,121,122" m="48747" machi="64" ten="40,5200,0" yaku="18,1,52,2" doraHai="117" who="3" fromWho="1" sc="90,0,243,-52,359,0,308,52" />
</Scene>
<Scene>
<INIT seed="6,0,0,0,4,94" ten="90,191,359,360" oya="2" hai0="115,79,29,23,10,95,74,70,126,11,129,68,85" hai1="31,48,114,17,67,109,116,75,119,34,90,130,26" hai2="16,117,0,102,122,80,83,113,112,15,53,98,39" hai3="64,65,100,121,19,82,60,131,20,84,43,32,30"/><V58/><F117/><W4/><G121/><T105/><D115/><N who="2" m="44106" /><F0/><W37/><G4/><T106/><D126/><U3/><E109/><V47/><F122/><W61/><G131/><T12/><D129/><U44/><E75/><V45/><F39/><W5/><G5/><T42/><D42/><U87/><E3/><V135/><F135/><W59/><G100/><T104/><D74/><U77/><E77/><V13/><F13/><W123/><G123/><T89/><D79/><U92/><E130/><V118/><F118/><W124/><G124/><T46/><D46/><N who="2" m="17418" /><F58/><W71/><G43/><T49/><D49/><U62/><E114/><V128/><F53/><W14/><G37/><T41/><D41/><U111/><E111/><V108/><F108/><W2/><G2/><T63/><D63/><U24/><E48/><V99/><F128/><W127/><G127/><T69/><D12/><U93/><E44/><V8/><F99/><W76/><G30/><T38/><D38/><U134/><E134/><V52/><F52/><W97/><G97/><T6/><D6/><U78/><E119/><V21/><F8/><W91/><REACH who="3" step="1"/><G32/><REACH who="3" ten="90,191,359,350" step="2"/><T35/><D35/><U107/><E34/><V18/><F18/><W9/><G9/><T33/><D33/><U55/><E17/><V54/><F54/><W125/><G125/><T51/><D51/><U28/><E55/><V86/><F86/><W101/><G101/><T56/><D56/><U103/><E87/><V96/><F96/><W27/><G27/><N who="0" m="16639" /><D10/><U66/><E116/><V88/><F102/><W120/><G120/><T25/><D11/><RYUUKYOKU ba="0,1" sc="90,10,191,-30,359,10,350,10" hai0="25,68,69,70,85,89,95,104,105,106" hai2="15,16,21,80,83,88,98" hai3="14,19,20,59,60,61,64,65,71,76,82,84,91" />
</Scene>
<Scene>
<INIT seed="6,1,1,2,5,97" ten="100,161,369,360" oya="2" hai0="122,0,36,11,74,29,133,114,9,82,54,69,109" hai1="103,79,21,55,120,89,104,129,43,134,15,65,56" hai2="19,62,78,57,131,121,61,22,116,70,119,50,37" hai3="99,58,87,84,96,47,127,2,90,16,115,7,93"/><V51/><F78/><W125/><G115/><T73/><D69/><U28/><E79/><V59/><F22/><W72/><G72/><T1/><D114/><U12/><E120/><V106/><F106/><W27/><G47/><T4/><D122/><U40/><E65/><N who="2" m="41271" /><F19/><W75/><G75/><T10/><D10/><U49/><E134/><V130/><F37/><W108/><G108/><T102/><D133/><U112/><E112/><V30/><F30/><W81/><G58/><N who="2" m="22025" /><F61/><W42/><G42/><T80/><D29/><U33/><E43/><V24/><F24/><W98/><G7/><T111/><D4/><U34/><E40/><V32/><F32/><W91/><REACH who="3" step="1"/><G2/><REACH who="3" ten="100,161,369,350" step="2"/><T100/><D36/><U101/><E34/><V5/><F5/><W135/><G135/><T46/><D54/><U117/><E33/><V52/><F121/><W118/><G118/><N who="2" m="45097" /><F51/><W105/><G105/><T110/><D110/><U85/><E104/><V53/><F53/><W60/><G60/><T128/><D128/><U26/><E129/><V39/><F39/><W63/><G63/><T67/><D67/><U31/><E117/><V45/><AGARI ba="1,2" hai="45,50,52,130,131" m="45097,22025,41271" machi="45" ten="30,6000,0" yaku="34,2,54,1" doraHai="97" who="2" fromWho="2" sc="100,-21,161,-21,369,83,350,-21" />
</Scene>
<Scene>
<INIT seed="6,2,0,2,3,125" ten="79,140,452,329" oya="2" hai0="82,86,53,67,19,117,120,110,61,107,124,104,81" hai1="58,8,33,101,96,74,91,80,60,24,31,1,21" hai2="71,63,29,94,87,47,65,26,39,128,132,134,38" hai3="30,10,25,42,37,106,20,51,109,4,115,121,59"/><V12/><F128/><W95/><G106/><T129/><D110/><U7/><E74/><V98/><F87/><W112/><G109/><T16/><D120/><U100/><E33/><V13/><F13/><W83/><G121/><T49/><D124/><U113/><E113/><N who="3" m="43594" /><G37/><T55/><D117/><U6/><E6/><V116/><F12/><W76/><G95/><T2/><D2/><U93/><REACH who="1" step="1"/><E80/><REACH who="1" ten="79,130,452,329" step="2"/><V62/><F116/><W64/><G4/><T36/><D36/><U18/><E18/><V32/><F32/><W56/><G83/><T50/><D86/><U28/><E28/><V123/><F29/><W102/><G30/><T44/><D44/><U111/><E111/><V41/><F47/><W72/><G72/><T89/><D89/><U46/><E46/><V73/><F73/><W99/><G76/><T15/><D15/><U90/><E90/><V133/><F39/><W97/><G97/><T45/><D45/><U78/><E78/><V108/><F98/><W5/><G99/><T75/><D75/><U34/><E34/><V54/><F108/><W88/><G88/><T23/><D23/><U3/><E3/><V85/><F38/><W92/><G20/><T84/><D84/><U79/><E79/><V135/><F135/><W43/><G5/><T66/><D129/><U122/><E122/><V11/><F133/><W40/><G40/><T27/><D27/><U119/><E119/><V131/><F134/><W126/><G42/><T57/><D57/><U77/><E77/><V127/><F132/><W14/><G43/><T103/><D103/><U22/><E22/><RYUUKYOKU ba="2,1" sc="79,15,130,15,452,-15,329,-15" hai0="16,19,49,50,53,55,61,66,67,81,82,104,107" hai1="1,7,8,21,24,31,58,60,91,93,96,100,101" />
</Scene>
<Scene>
<INIT seed="7,3,1,1,4,38" ten="94,145,437,314" oya="3" hai0="86,36,58,99,135,96,129,20,29,56,32,98,37" hai1="41,127,84,124,123,101,114,17,93,111,34,28,46" hai2="133,134,110,116,62,105,122,71,67,52,64,54,130" hai3="3,53,39,79,74,66,18,106,108,100,35,33,16"/><W48/><G39/><T91/><D32/><U126/><E114/><V40/><F110/><W14/><G3/><T89/><D36/><N who="1" m="21799" /><E111/><V43/><F130/><W4/><G108/><T77/><D37/><U25/><E123/><V76/><F116/><W23/><G66/><T75/><D129/><U131/><E131/><V44/><F105/><W115/><G4/><T83/><D75/><U12/><E84/><V11/><F122/><W57/><G115/><T31/><D135/><N who="2" m="51722" /><F76/><W45/><G57/><T85/><D77/><U113/><E113/><V24/><F67/><W6/><G6/><T81/><REACH who="0" step="1"/><D31/><REACH who="0" ten="84,145,437,314" step="2"/><U5/><E5/><V13/><F24/><AGARI ba="3,2" hai="20,24,29,56,58,81,83,85,86,89,91,96,98,99" machi="24" ten="40,8000,1" yaku="1,1,2,1,9,1,8,1,53,0" doraHai="38" doraHaiUra="15" who="0" fromWho="2" sc="84,109,145,0,437,-89,314,0" owari="193,-21.0,145,-35.0,348,45.0,314,11.0" />
</Scene>
</mjloggm>