<mjloggm ver="2.3"><GO type="169" lobby="0"/><UN n0="%74%61%6E%61%4B%61%E8%8A%8B%E5%AD%90" n1="%E5%A4%AA%E3%81%8F%E3%81%AA%E3%81%84%E3%81%8A" n2="%E3%81%82%E3%81%B2%E3%82%8B%E3%81%95%E3%82%93" n3="%53%48%49%53%55%4B%45" dan="16,18,16,17" rate="2030.51,2239.29,2117.77,2081.56" sx="F,M,M,M"/><TAIKYOKU oya="0"/>

<Scene>
<INIT seed="0,0,0,4,4,108" ten="250,250,250,250" oya="0" hai0="52,32,124,120,5,68,80,49,72,18,97,67,114" hai1="93,113,23,58,126,12,104,132,106,20,86,43,27" hai2="110,65,64,35,81,78,11,128,53,39,75,54,37" hai3="60,42,130,95,41,4,98,28,125,45,83,103,55"/><T129/><D120/><U16/><E126/><V26/><F110/><W31/><G125/><T116/><D124/><U87/><E132/><V74/><F128/><W85/><G130/><T24/><D129/><U117/><E117/><V73/><F11/><W79/><G4/><T17/><D116/><U38/><E113/><V102/><F102/><W14/><G14/><T21/><D114/><U127/><E127/><V62/><F35/><W40/><G60/><T10/><D97/><U22/><E58/><V59/><F26/><W118/><G118/><T123/><D123/><U51/><E38/><V89/><F89/><W70/><G70/><T111/><D111/><U63/><E63/><V96/><F96/><W30/><REACH who="3" step="1"/><G55/><REACH who="3" ten="250,250,250,240" step="2"/><T133/><D68/><U90/><E12/><V76/><F62/><W100/><G100/><T36/><D67/><U66/><E66/><V109/><F109/><W115/><G115/><T1/><D133/><U92/><E27/><V9/><F65/><W105/><G105/><T13/><D1/><U69/><E69/><V44/><F64/><W7/><G7/><T48/><D52/><U71/><E71/><V77/><F54/><W135/><G135/><T107/><D107/><U19/><E106/><V84/><F53/><W131/><G131/><T47/><D5/><U57/><E104/><V134/><F134/><W34/><G34/><T94/><D32/><U101/><E57/><V88/><F59/><W6/><G6/><T0/><D0/><U8/><E101/><V122/><F122/><W15/><G15/><T25/><D13/><U3/><E3/><RYUUKYOKU ba="0,1" sc="250,-10,250,-10,250,-10,240,30" hai3="28,30,31,40,41,42,45,79,83,85,95,98,103" />
</Scene>
<Scene>
<INIT seed="1,1,1,5,2,71" ten="240,240,240,270" oya="1" hai0="45,14,91,114,103,37,83,76,34,26,63,67,134" hai1="12,10,113,87,23,11,100,97,121,96,39,29,0" hai2="13,58,110,93,43,49,53,41,66,47,40,120,126" hai3="52,95,102,16,98,15,106,72,48,105,104,3,21"/><U28/><E113/><V44/><F120/><W24/><G72/><T108/><D114/><U56/><E121/><V117/><F117/><W101/><G3/><T82/><D108/><U80/><E39/><N who="2" m="21535" /><F93/><W122/><G122/><T90/><D103/><U50/><E0/><V5/><F13/><W54/><G54/><T35/><D83/><U62/><E50/><N who="2" m="31031" /><F5/><W135/><G135/><T51/><D14/><U74/><E74/><V70/><F126/><W77/><G77/><T65/><D35/><U19/><E11/><V55/><F110/><W8/><G102/><T69/><D34/><U1/><E1/><V68/><F68/><W81/><G81/><T31/><D31/><U107/><E96/><V25/><F25/><W17/><REACH who="3" step="1"/><G106/><REACH who="3" ten="240,240,240,260" step="2"/><T130/><D82/><U79/><REACH who="1" step="1"/><E10/><REACH who="1" ten="240,230,240,260" step="2"/><V118/><F118/><W132/><G132/><T75/><D134/><U33/><E33/><V9/><F9/><W18/><G18/><T129/><D75/><U109/><E109/><V20/><F20/><W61/><G61/><AGARI ba="1,3" hai="41,43,47,49,55,61,66,70" m="31031,21535" machi="61" ten="30,12000,2" yaku="24,1,35,5,52,1" doraHai="71" who="2" fromWho="3" sc="240,0,230,0,240,153,260,-123" />
</Scene>
<Scene>
<INIT seed="2,0,0,1,1,39" ten="240,230,393,137" oya="2" hai0="2,20,82,48,113,9,42,31,38,133,36,130,43" hai1="135,123,100,49,93,51,22,12,107,25,77,11,30" hai2="24,41,4,50,99,56,74,14,124,13,65,101,128" hai3="111,115,119,134,97,125,5,104,88,122,54,32,27"/><V68/><F74/><W21/><G119/><T91/><D113/><U3/><E107/><V71/><F128/><W72/><G72/><T40/><D130/><U118/><E118/><V127/><F24/><W121/><G32/><T8/><D133/><U28/><E3/><V60/><F71/><W98/><G115/><T44/><D2/><U81/><E135/><V34/><F34/><W78/><G78/><T62/><D62/><U16/><E123/><V92/><F68/><W83/><G134/><T70/><D70/><U117/><E117/><V17/><F4/><W63/><G5/><T132/><D38/><U57/><E30/><V94/><F17/><W114/><G114/><T55/><D36/><U67/><E81/><V61/><F61/><W120/><G125/><N who="2" m="48201" /><F94/><W102/><G111/><T116/><D116/><U6/><E6/><V75/><F75/><W33/><G33/><T129/><D129/><U58/><E77/><V131/><F131/><W112/><G112/><T106/><D106/><U109/><E109/><V86/><F86/><W45/><G63/><T52/><D132/><U59/><E67/><V79/><F79/><W46/><G54/><T35/><D55/><U96/><AGARI ba="0,0" hai="11,12,16,22,25,28,49,51,57,58,59,93,96,100" machi="96" ten="30,4000,0" yaku="0,1,8,1,54,1" doraHai="39" who="1" fromWho="1" sc="240,-10,230,40,393,-20,137,-10" />
</Scene>
<Scene>
<INIT seed="3,0,0,0,3,22" ten="230,270,373,127" oya="3" hai0="65,97,58,23,129,11,124,26,128,60,52,84,123" hai1="14,77,91,44,62,66,120,36,113,3,64,127,15" hai2="42,40,104,72,115,109,118,80,8,131,25,126,61" hai3="133,32,112,29,101,86,70,41,71,47,69,100,88"/><W57/><G112/><T79/><D123/><U53/><E3/><V98/><F118/><W63/><G133/><T96/><D124/><U0/><E0/><V46/><F115/><W56/><G32/><T6/><D65/><U74/><E113/><V81/><F109/><W94/><G29/><N who="0" m="17631" /><D79/><U75/><E127/><V89/><F126/><W1/><G1/><T132/><D132/><U37/><E120/><V12/><F131/><N who="0" m="50250" /><D84/><U43/><E37/><V10/><F72/><W7/><G7/><T24/><D24/><U54/><E66/><V13/><F25/><W119/><G119/><T48/><D48/><U135/><E135/><V33/><F33/><W106/><G106/><T28/><D28/><U111/><E77/><V103/><F104/><W31/><G31/><T134/><D134/><U83/><E75/><V21/><F61/><W125/><G125/><T76/><D76/><U39/><E39/><V16/><F81/><W67/><REACH who="3" step="1"/><G57/><REACH who="3" ten="230,270,373,117" step="2"/><T19/><D19/><U50/><E111/><V99/><F16/><W117/><G117/><T110/><D110/><U68/><E68/><V2/><F2/><AGARI ba="0,1" hai="2,6,11,52,58,60,96,97" m="50250,17631" machi="2" ten="30,3900,0" yaku="19,1,52,1,54,1" doraHai="22" who="0" fromWho="2" sc="230,49,270,0,373,-39,117,0" />
</Scene>
<Scene>
<INIT seed="4,0,0,2,0,42" ten="279,270,334,117" oya="0" hai0="121,1,40,22,130,66,114,52,12,70,17,115,6" hai1="118,120,44,83,87,95,74,27,54,78,32,122,38" hai2="67,123,119,19,88,129,24,16,90,0,73,14,109" hai3="128,23,30,82,51,126,34,98,71,107,39,84,69"/><T63/><D121/><U94/><E118/><V96/><F123/><W111/><G39/><T127/><D127/><U112/><E112/><N who="0" m="43049" /><D40/><U46/><E122/><V101/><F109/><W81/><G34/><T75/><D75/><U58/><E120/><V64/><F0/><W15/><G81/><T86/><D86/><U41/><E46/><V106/><F73/><W99/><G111/><T105/><D105/><U92/><E27/><V135/><F135/><W108/><G108/><T4/><D130/><U18/><E18/><V20/><F129/><W21/><G128/><T33/><D33/><U104/><E104/><V25/><F119/><W31/><G107/><T85/><D85/><U61/><REACH who="1" step="1"/><E32/><REACH who="1" ten="279,260,334,117" step="2"/><V9/><REACH who="2" step="1"/><F25/><REACH who="2" ten="279,260,324,117" step="2"/><W10/><G126/><T102/><D1/><U97/><E97/><V2/><F2/><W48/><G98/><T124/><D124/><U29/><E29/><V80/><F80/><W43/><G99/><T49/><D102/><U36/><E36/><V45/><F45/><AGARI ba="0,2" hai="4,6,12,17,22,45,49,52,63,66,70" m="43049" machi="45" ten="30,5800,0" yaku="15,1,52,1,54,1" doraHai="42" who="0" fromWho="2" sc="279,78,260,0,324,-58,117,0" />
</Scene>
<Scene>
<INIT seed="4,1,0,2,5,107" ten="357,260,266,117" oya="0" hai0="27,44,31,87,12,6,7,49,37,29,121,63,88" hai1="46,60,64,115,9,105,72,123,32,128,110,76,26" hai2="13,104,17,34,119,75,69,58,109,78,135,61,92" hai3="83,54,130,66,21,134,97,55,25,71,33,41,11"/><T56/><D37/><U57/><E110/><V127/><F109/><W95/><G33/><T116/><D116/><U28/><E123/><V5/><F104/><W40/><G130/><T18/><D121/><U43/><E105/><V117/><F34/><W0/><G134/><T23/><D27/><U86/><E128/><V47/><F69/><W79/><G71/><T36/><D36/><U85/><E115/><V38/><F5/><W108/><G66/><N who="0" m="39271" /><D29/><U120/><E120/><V74/><F78/><W99/><G108/><T20/><D20/><U24/><E24/><V15/><F127/><W93/><G11/><T10/><D23/><U90/><E90/><V101/><F135/><W67/><G67/><T51/><D51/><U70/><E70/><V22/><F13/><W98/><G0/><T124/><D124/><U4/><E76/><V30/><F30/><W96/><N who="3" m="24576" /><DORA hai="73" /><W35/><G35/><T8/><D31/><U84/><E72/><V103/><F103/><W50/><G41/><N who="0" m="24719" /><D8/><U118/><E118/><N who="2" m="45067" /><F101/><W102/><G40/><T91/><D91/><U59/><E59/><V68/><F68/><W1/><G102/><T100/><D100/><U2/><E43/><N who="2" m="23031" /><F92/><AGARI ba="1,0" hai="6,7,10,12,18,87,88,92" m="24719,39271" machi="92" ten="30,2900,0" yaku="8,1,54,1" doraHai="107,73" who="0" fromWho="2" sc="357,32,260,0,266,-32,117,0" />
</Scene>
<Scene>
<INIT seed="4,2,0,2,4,2" ten="389,260,234,117" oya="0" hai0="133,44,42,58,92,122,61,102,107,108,115,9,135" hai1="65,111,37,62,32,3,120,51,99,73,113,4,96" hai2="95,114,28,30,130,12,89,49,112,110,8,72,69" hai3="119,25,54,36,116,75,47,11,20,16,13,118,14"/><T43/><D122/><U24/><E37/><V18/><F110/><W59/><G75/><T78/><D107/><U93/><E111/><V40/><F69/><W83/><G83/><T127/><D78/><U71/><E120/><V22/><F72/><W68/><G68/><T38/><D43/><U86/><E73/><V23/><F130/><W57/><G14/><T105/><D105/><U76/><E113/><V26/><F112/><W64/><G64/><T50/><D115/><U45/><E32/><V60/><F114/><W55/><G55/><T31/><D108/><U87/><E24/><V85/><F60/><W131/><G131/><T63/><D31/><N who="2" m="11818" /><F26/><W106/><G106/><T33/><D33/><U103/><E76/><V6/><F18/><W66/><G66/><T100/><D127/><U84/><E96/><V125/><F125/><W121/><G121/><T19/><D92/><U79/><E79/><V129/><F129/><W0/><G0/><T21/><D38/><U77/><E77/><V94/><F94/><W27/><G27/><T128/><D63/><U88/><E3/><V98/><F98/><W53/><G53/><N who="0" m="33999" /><D128/><U132/><E132/><V134/><F134/><W52/><G54/><T70/><D70/><U74/><E74/><V97/><F97/><W67/><G67/><T123/><D135/><U124/><E124/><V1/><F1/><W90/><G36/><T35/><D35/><U81/><E81/><V39/><F39/><W48/><REACH who="3" step="1"/><G90/><REACH who="3" ten="389,260,234,107" step="2"/><T117/><D123/><U56/><E71/><V41/><F41/><W5/><AGARI ba="2,1" hai="5,11,13,16,20,25,47,48,52,57,59,116,118,119" machi="5" ten="30,12000,2" yaku="1,1,2,1,0,1,52,1,54,2,53,1" doraHai="2" doraHaiUra="15" who="3" fromWho="3" sc="389,-62,260,-32,234,-32,107,136" />
</Scene>
<Scene>
<INIT seed="5,0,0,1,5,50" ten="327,228,202,243" oya="1" hai0="100,20,17,117,15,115,128,27,76,4,71,54,134" hai1="41,40,80,105,22,10,57,135,66,125,48,91,2" hai2="88,52,103,1,65,60,33,31,129,73,25,70,99" hai3="102,23,51,93,39,126,18,108,14,113,111,112,79"/><U38/><E105/><N who="2" m="63743" /><F129/><W130/><G39/><T74/><D117/><U62/><E38/><V53/><F73/><W6/><G130/><T101/><D128/><U45/><E125/><V89/><F1/><W3/><G126/><T47/><D71/><U37/><E135/><V109/><F109/><W123/><G123/><T133/><D115/><N who="3" m="44105" /><G79/><T8/><D76/><U19/><E2/><V35/><F33/><W9/><G51/><N who="0" m="29055" /><D74/><U59/><E10/><V90/><AGARI ba="0,0" hai="25,31,35,52,53,60,65,70,88,89,90" m="63743" machi="90" ten="30,8000,1" yaku="25,1,52,2,54,2" doraHai="50" who="2" fromWho="2" sc="327,-20,228,-40,202,80,243,-20" />
</Scene>
<Scene>
<INIT seed="6,0,0,1,3,133" ten="307,188,282,223" oya="2" hai0="98,128,64,62,52,38,26,126,100,33,120,9,13" hai1="44,48,70,5,110,96,113,135,45,116,10,103,19" hai2="109,24,81,111,108,41,54,74,47,16,86,4,107" hai3="60,122,32,18,14,67,30,99,80,17,104,2,105"/><V92/><F107/><W119/><G122/><T11/><D120/><U121/><E121/><V49/><F74/><W66/><G119/><T82/><D128/><U37/><E116/><V93/><F4/><W65/><G2/><T129/><D126/><U29/><E110/><V61/><F61/><W94/><G104/><T123/><D38/><U90/><E70/><V71/><F71/><W21/><G105/><T102/><D123/><U36/><E135/><V56/><F41/><W59/><G32/><T72/><D129/><U1/><E113/><V117/><F56/><W40/><G30/><T20/><D33/><U43/><E29/><V34/><F117/><W73/><G40/><T89/><D72/><U84/><E44/><V91/><F34/><W124/><G124/><T76/><D64/><U134/><E134/><V68/><F68/><W42/><G42/><T58/><D76/><U112/><E112/><V15/><REACH who="2" step="1"/><F24/><REACH who="2" ten="307,188,272,223" step="2"/><N who="3" m="14383" /><G73/><T8/><D26/><U75/><E75/><V97/><F97/><W125/><G125/><T23/><D98/><U63/><E63/><V85/><F85/><W46/><G46/><T51/><D62/><U69/><E69/><V27/><F27/><W6/><G6/><T25/><D25/><U87/><E19/><V39/><F39/><W118/><G118/><T77/><D13/><U130/><E130/><V22/><AGARI ba="0,1" hai="15,16,22,47,49,54,81,86,91,92,93,108,109,111" machi="22" ten="30,11700,0" yaku="1,1,0,1,10,1,54,1,53,0" doraHai="133" doraHaiUra="28" who="2" fromWho="2" sc="307,-39,188,-39,272,127,223,-39" />
</Scene>
<Scene>
<INIT seed="6,1,0,3,4,62" ten="268,149,399,184" oya="2" hai0="78,127,93,84,76,52,98,91,90,2,15,3,57" hai1="117,88,44,66,17,1,48,104,130,105,36,107,106" hai2="22,53,132,42,89,85,135,33,92,94,87,96,19" hai3="86,24,18,121,69,40,41,45,4,56,28,99,8"/><V58/><F33/><W120/><G69/><T9/><D127/><U70/><N who="1" m="26624" /><DORA hai="63" /><U82/><E117/><V25/><F42/><W71/><G71/><T101/><D3/><U79/><E130/><V116/><F116/><W65/><G99/><T124/><D2/><U60/><E1/><V109/><F109/><W111/><G111/><T32/><D32/><U95/><E36/><V119/><F119/><W67/><G56/><T6/><D124/><U51/><E17/><V49/><F94/><W7/><G18/><T114/><D114/><U21/><E21/><V13/><F13/><W74/><G74/><T83/><REACH who="0" step="1"/><D91/><REACH who="0" ten="258,149,399,184" step="2"/><U97/><REACH who="1" step="1"/><E44/><REACH who="1" ten="258,139,399,184" step="2"/><V108/><F108/><W47/><G47/><T126/><D126/><U38/><E38/><V134/><AGARI ba="1,2" hai="19,22,25,49,53,58,85,87,89,92,96,132,134,135" machi="134" ten="30,3000,0" yaku="0,1,20,1" doraHai="62,63" who="2" fromWho="2" sc="258,-11,139,-11,399,53,184,-11" />
</Scene>
<Scene>
<INIT seed="6,2,0,3,0,120" ten="247,128,452,173" oya="2" hai0="29,12,66,85,77,34,17,36,51,61,59,65,130" hai1="42,64,118,131,43,49,91,28,127,101,55,83,99" hai2="6,30,132,69,119,1,92,129,80,2,54,52,89" hai3="38,41,134,87,111,76,117,105,20,88,71,24,7"/><V128/><F119/><W46/><G117/><T32/><D36/><U70/><E118/><V48/><F69/><W82/><G71/><T95/><D130/><N who="2" m="50282" /><F132/><W40/><G40/><T25/><D66/><U116/><E131/><V86/><F30/><W35/><G35/><T60/><D60/><U100/><E116/><V3/><F6/><W9/><G105/><T74/><D74/><U22/><E127/><V125/><F125/><W11/><G134/><T45/><D34/><U21/><E70/><V33/><F33/><W94/><G7/><T13/><D17/><U133/><E64/><V123/><F123/><W72/><G111/><T79/><D79/><U124/><E124/><V57/><F54/><W58/><REACH who="3" step="1"/><G58/><REACH who="3" ten="247,128,452,163" step="2"/><T107/><D107/><U14/><E133/><V68/><F68/><W10/><G10/><T27/><D32/><U96/><E22/><V90/><F57/><W73/><G73/><T5/><D59/><N who="1" m="33263" /><E43/><V98/><F48/><W108/><G108/><T15/><D51/><U47/><E42/><V26/><F52/><W104/><G104/><T39/><D39/><U53/><E53/><V31/><F1/><W109/><G109/><T67/><D5/><U93/><E47/><V97/><F2/><W114/><G114/><T121/><D45/><U19/><E28/><AGARI ba="2,1" hai="9,11,20,24,28,38,41,46,72,76,82,87,88,94" machi="28" ten="30,3900,0" yaku="1,1,7,1,54,1,53,0" doraHai="120" doraHaiUra="63" who="3" fromWho="1" sc="247,0,128,-45,452,0,163,55" />
</Scene>
<Scene>
<INIT seed="7,0,0,0,4,8" ten="247,83,452,218" oya="3" hai0="0,73,34,101,17,107,92,127,56,48,95,76,68" hai1="46,28,93,100,36,21,119,32,125,58,29,41,44" hai2="75,57,27,23,121,82,130,99,51,12,47,85,135" hai3="38,11,6,113,53,98,111,131,109,16,24,74,128"/><W49/><G38/><T114/><D68/><U25/><E125/><V103/><F75/><W3/><G74/><T71/><D71/><U96/><E119/><V69/><F69/><W81/><G113/><T126/><D114/><U61/><E32/><V50/><F130/><N who="3" m="49707" /><G81/><T79/><D0/><U97/><E36/><V7/><F135/><W43/><G43/><T134/><D34/><U5/><E41/><V52/><F121/><W22/><G98/><T123/><D134/><U19/><E5/><V129/><F129/><W60/><G60/><T15/><D123/><U117/><E117/><V63/><F99/><W118/><G118/><T105/><D73/><U112/><E112/><V90/><F103/><W40/><G40/><T133/><D101/><U55/><E29/><N who="2" m="17663" /><F47/><AGARI ba="0,0" hai="3,6,11,16,22,24,47,49,53,109,111" m="49707" machi="47" ten="30,2900,0" yaku="19,1,54,1" doraHai="8" who="3" fromWho="2" sc="247,0,83,0,452,-29,218,29" />
</Scene>
<Scene>
<INIT seed="7,1,0,3,5,121" ten="247,83,423,247" oya="3" hai0="63,91,76,5,92,71,44,43,124,70,21,128,36" hai1="26,42,81,69,84,16,53,87,40,125,0,116,97" hai2="49,13,90,132,127,19,78,12,119,112,114,22,80" hai3="96,37,7,9,73,113,93,62,17,108,83,101,109"/><W100/><G37/><T33/><D128/><U117/><E0/><V130/><F119/><W41/><G41/><T105/><D105/><U3/><E3/><V35/><F35/><W64/><G113/><N who="2" m="43625" /><F127/><W1/><G101/><T120/><D33/><U32/><E69/><V75/><F132/><W31/><G31/><T51/><D120/><U2/><E2/><V29/><F130/><W52/><G17/><T61/><D5/><U4/><E4/><V67/><F29/><W30/><G30/><T56/><D76/><U58/><E32/><V65/><F12/><W85/><G73/><T6/><D124/><U68/><E68/><V54/><F90/><W60/><G52/><T102/><D6/><U50/><E125/><V89/><F89/><W133/><G133/><T94/><D102/><U72/><E72/><V55/><F55/><W79/><REACH who="3" step="1"/><G60/><REACH who="3" ten="247,83,423,237" step="2"/><T74/><D63/><U82/><E117/><V8/><F54/><W115/><G115/><T27/><D74/><U46/><E116/><V20/><F49/><W131/><G131/><T111/><D36/><U24/><E42/><V45/><F45/><W34/><G34/><T77/><D44/><U104/><E40/><V88/><F75/><W122/><G122/><T38/><D43/><U39/><E46/><V103/><F103/><W123/><G123/><T86/><D38/><U129/><E39/><V107/><F19/><W18/><G18/><T110/><D51/><U118/><E129/><V11/><F107/><W134/><G134/><T57/><D61/><N who="1" m="36047" /><E118/><V25/><F20/><W23/><G23/><T10/><D21/><RYUUKYOKU ba="1,1" sc="247,-10,83,-10,423,-10,237,30" hai3="1,7,9,62,64,79,83,85,93,96,100,108,109" />
</Scene>
<Scene>
<INIT seed="7,2,1,4,4,81" ten="237,73,413,267" oya="3" hai0="70,13,125,95,8,77,109,11,9,27,54,19,2" hai1="117,24,108,36,32,3,48,68,85,25,63,50,135" hai2="100,120,16,133,39,107,71,86,88,130,58,14,104" hai3="57,78,128,18,131,45,47,21,67,82,110,105,74"/><W31/><G105/><T37/><D37/><U40/><E3/><V92/><F71/><W4/><G4/><T55/><D109/><U101/><E108/><V30/><F39/><W62/><G31/><T102/><D70/><U20/><E135/><V10/><F130/><N who="3" m="49707" /><G110/><T83/><D2/><U26/><E117/><V59/><F133/><W97/><G97/><T123/><D125/><U69/><E32/><V112/><F112/><W72/><G72/><T12/><D123/><U66/><E69/><V1/><F120/><W116/><G116/><T76/><D102/><U5/><E5/><V23/><F1/><W118/><G118/><T52/><D95/><U29/><E48/><V121/><F121/><W44/><G44/><T75/><REACH who="0" step="1"/><D76/><REACH who="0" ten="227,73,413,267" step="2"/><U53/><E101/><V119/><F119/><W0/><G0/><T35/><D35/><U79/><E79/><V94/><F107/><W111/><G111/><T114/><D114/><U129/><E129/><V6/><F104/><W103/><G103/><T7/><D7/><U43/><E43/><V84/><F100/><W33/><G33/><T106/><D106/><U87/><E25/><AGARI ba="2,2" hai="18,21,25,45,47,57,62,67,74,78,82" m="49707" machi="25" ten="30,1500,0" yaku="19,1" doraHai="81" who="3" fromWho="1" sc="227,0,73,-21,413,0,267,41" />
</Scene>
<Scene>
<INIT seed="7,3,0,2,2,67" ten="227,52,413,308" oya="3" hai0="53,103,16,99,27,61,46,0,106,127,18,112,104" hai1="107,118,89,94,109,93,20,101,54,22,115,8,51" hai2="34,85,9,63,2,75,57,123,116,78,84,65,14" hai3="81,87,11,68,45,15,3,73,33,25,135,38,28"/><W36/><G73/><T37/><D0/><U77/><E109/><V55/><F34/><W129/><G3/><T60/><D127/><U83/><E115/><V97/><F116/><W92/><G129/><T105/><D112/><U32/><E32/><V74/><F2/><W122/><G135/><T113/><D113/><U10/><E118/><V125/><F125/><W56/><G122/><T120/><D120/><U30/><E107/><V26/><F123/><W108/><G108/><T23/><D18/><U42/><E42/><V132/><F132/><W80/><G56/><T52/><D37/><U88/><E101/><V76/><F75/><W79/><G92/><T17/><D17/><U117/><E117/><V35/><F74/><W98/><G98/><T128/><D128/><U44/><E83/><V43/><F43/><W66/><G45/><T29/><D29/><U4/><E77/><V1/><F1/><W110/><G110/><T114/><D114/><U24/><E20/><V130/><F130/><W133/><G133/><T111/><D111/><U47/><E47/><V69/><F97/><W119/><G81/><T50/><REACH who="0" step="1"/><D53/><REACH who="0" ten="217,52,413,308" step="2"/><U71/><E71/><V95/><F55/><W7/><G119/><T82/><D82/><U70/><E70/><V102/><F69/><W90/><G79/><T91/><D91/><U5/><E5/><N who="2" m="3375" /><F78/><W6/><G6/><T31/><D31/><U100/><E100/><V48/><F76/><W96/><G96/><T64/><D64/><U40/><E54/><N who="2" m="31943" /><F102/><W121/><G121/><T134/><D134/><U62/><E4/><V72/><F72/><RYUUKYOKU ba="3,1" sc="217,15,52,-15,413,-15,308,15" hai0="16,23,27,46,50,52,60,61,99,103,104,105,106" hai3="7,11,15,25,28,33,36,38,66,68,80,87,90" />
</Scene>
<Scene>
<INIT seed="7,4,1,2,3,93" ten="232,37,398,323" oya="3" hai0="58,52,57,114,62,125,99,108,38,68,131,80,94" hai1="49,11,30,73,105,110,88,28,22,35,54,72,41" hai2="70,126,29,3,17,116,12,91,18,109,95,101,84" hai3="19,120,47,133,77,0,31,27,48,130,5,26,2"/><W102/><G120/><T98/><D108/><U63/><E110/><V64/><F109/><W111/><G111/><T23/><D68/><U50/><E35/><V60/><F3/><W10/><G130/><T15/><D131/><U37/><E37/><V113/><F116/><W9/><G133/><T45/><D125/><U106/><E22/><V103/><F113/><W119/><G119/><T56/><D80/><U128/><E128/><V66/><F126/><W132/><G132/><T86/><D114/><U46/><E63/><V39/><F39/><W121/><G121/><T82/><D38/><U87/><E72/><V51/><F66/><W21/><G77/><N who="0" m="46415" /><D94/><U112/><E73/><V6/><F29/><W79/><G79/><T16/><D62/><U89/><E112/><V65/><F65/><W83/><G83/><T24/><D24/><U34/><E34/><V40/><F6/><W8/><G102/><T36/><D36/><U104/><E11/><V115/><F115/><W124/><G124/><T107/><D107/><U81/><E89/><V78/><F78/><W43/><REACH who="3" step="1"/><G0/><REACH who="3" ten="232,37,398,313" step="2"/><T42/><D42/><U14/><E41/><V90/><F90/><W123/><G123/><T20/><D20/><AGARI ba="4,2" hai="2,5,8,9,10,19,20,21,26,27,31,43,47,48" machi="20" ten="30,5800,0" yaku="1,1,7,1,53,1" doraHai="93" doraHaiUra="33" who="3" fromWho="0" sc="232,-70,37,0,398,0,313,90" owari="162,-24.0,37,-46.0,398,20.0,403,50.0" />
</Scene>
</mjloggm>