<mjloggm ver="2.3"><GO type="169" lobby="0"/><UN n0="%47%E3%83%A8%E9%BE%8D%E9%96%80" n1="%41%52%49%41%4C%4F%56%45" n2="%E3%83%8B%E3%83%A3%E3%83%83%E3%83%94%E3%83%BC%E5%A4%8F%E7%9B%AE" n3="%E5%A4%AA%E3%81%8F%E3%81%AA%E3%81%84%E3%81%8A" dan="17,16,16,18" rate="2097.52,2047.38,2076.43,2192.40" sx="M,M,M,M"/><TAIKYOKU oya="0"/>

<Scene>
<INIT seed="0,0,0,0,4,17" ten="250,250,250,250" oya="0" hai0="9,70,0,82,49,104,16,131,14,5,56,74,122" hai1="26,133,79,21,95,120,51,53,62,59,118,84,66" hai2="90,75,12,6,135,67,87,134,89,123,125,7,48" hai3="77,37,113,22,71,40,8,83,124,3,47,105,2"/><T88/><D122/><U27/><E120/><V94/><F123/><W115/><G105/><T52/><D70/><U42/><E118/><V29/><F75/><N who="3" m="43455" /><G3/><T1/><D131/><U78/><E133/><N who="2" m="50699" /><F125/><W96/><G96/><T44/><D104/><U99/><E42/><V121/><F121/><W50/><G71/><T130/><D130/><U98/><E27/><V11/><F67/><W18/><G50/><T100/><D100/><N who="1" m="60511" /><E84/><N who="2" m="52519" /><F29/><W119/><G124/><T85/><D74/><U64/><E99/><V58/><F58/><W39/><G39/><T68/><D68/><U129/><E129/><V109/><F48/><W36/><G36/><T38/><D5/><N who="2" m="1546" /><F109/><W97/><G97/><T92/><REACH who="0" step="1"/><D92/><REACH who="0" ten="240,250,250,250" step="2"/><U19/><E66/><V33/><F33/><W61/><G119/><T114/><D114/><U72/><E72/><V107/><F107/><W23/><G113/><T91/><D91/><U108/><E108/><V80/><F90/><W35/><G115/><T28/><D28/><U76/><E78/><V86/><F80/><W54/><G18/><AGARI ba="0,1" hai="11,12,18,86,87" m="1546,52519,50699" machi="18" ten="30,1000,0" yaku="20,1" doraHai="17" who="2" fromWho="3" sc="240,0,250,0,250,20,250,-10" />
</Scene>
<Scene>
<INIT seed="1,0,0,1,1,22" ten="240,250,270,240" oya="1" hai0="98,132,127,62,95,80,94,61,26,135,16,30,79" hai1="18,31,36,57,92,60,110,128,114,96,120,41,49" hai2="107,17,63,103,86,67,45,6,87,66,54,48,116" hai3="133,1,64,118,13,5,7,111,23,43,100,32,106"/><U27/><E120/><V21/><F116/><W93/><G32/><T28/><D127/><U123/><E123/><V131/><F131/><W50/><G106/><T119/><D119/><U71/><E114/><V68/><F67/><W56/><G1/><T97/><D79/><U78/><E128/><V51/><F51/><W117/><G118/><T112/><D80/><U101/><E36/><V15/><F107/><W77/><G77/><T102/><D112/><U58/><E78/><V82/><F103/><W104/><G104/><T4/><D4/><U14/><E71/><V55/><F6/><W40/><G117/><T91/><D132/><U34/><E110/><V11/><F86/><W29/><G133/><T52/><D135/><U89/><E89/><V12/><F12/><W74/><G74/><T85/><D85/><U3/><E3/><V2/><F2/><W121/><G111/><T10/><D62/><U33/><E33/><V109/><F109/><W84/><G121/><T113/><D113/><U129/><E129/><V39/><F39/><W126/><G126/><T25/><D10/><U0/><E0/><V38/><F38/><W105/><G105/><T76/><D76/><U90/><E90/><N who="2" m="51575" /><F21/><W59/><G100/><T46/><D46/><N who="1" m="25807" /><E60/><V37/><F37/><W125/><G125/><T134/><D134/><U8/><E34/><V9/><F9/><W81/><G81/><T53/><D61/><U88/><E101/><V130/><F130/><W115/><G115/><T42/><D102/><U83/><E83/><V35/><F35/><W44/><G64/><T69/><D69/><RYUUKYOKU ba="0,0" sc="240,-15,250,15,270,15,240,-15" hai1="8,14,18,27,31,57,58,88,92,96" hai2="11,15,17,45,48,54,55,63,66,68" />
</Scene>
<Scene>
<INIT seed="1,1,0,2,4,94" ten="225,265,285,225" oya="1" hai0="24,44,41,133,4,33,120,10,51,0,73,101,91" hai1="80,34,14,84,131,27,109,18,127,116,83,129,43" hai2="72,82,113,76,54,97,93,31,126,102,110,85,15" hai3="7,134,13,63,12,78,112,29,39,118,128,38,35"/><U42/><E116/><V55/><F110/><W115/><G78/><T66/><D133/><U65/><E65/><V70/><F126/><W16/><G63/><T87/><D120/><U9/><E127/><V61/><F113/><W48/><G48/><T125/><D73/><U68/><E68/><V88/><F31/><W8/><G39/><T111/><D125/><U67/><E67/><V36/><F36/><W56/><G56/><T37/><D111/><U122/><E122/><V52/><F15/><W28/><G38/><T6/><D6/><U40/><E109/><V45/><F70/><W2/><G134/><T57/><D101/><U92/><E92/><V3/><F3/><W64/><G64/><T121/><D121/><U130/><REACH who="1" step="1"/><E84/><REACH who="1" ten="225,255,285,225" step="2"/><V59/><F45/><W23/><G118/><T21/><D66/><U99/><E99/><V89/><F89/><W75/><G75/><T22/><D91/><U47/><E47/><V69/><F69/><W19/><G128/><T50/><D87/><U107/><E107/><AGARI ba="1,1" hai="52,54,55,59,61,72,76,82,85,88,93,97,102,107" machi="107" ten="30,12000,2" yaku="7,1,24,2,52,1,54,2" doraHai="94" who="2" fromWho="1" sc="225,0,255,-123,285,133,225,0" />
</Scene>
<Scene>
<INIT seed="2,0,0,4,3,48" ten="225,132,418,225" oya="2" hai0="3,22,86,73,68,27,108,34,17,110,125,11,4" hai1="118,38,9,100,130,6,59,115,131,105,103,45,99" hai2="28,0,117,95,98,5,76,19,35,71,91,29,24" hai3="47,74,46,40,33,90,51,111,70,60,133,104,107"/><V16/><F71/><W96/><G74/><T15/><D73/><U124/><E115/><V75/><F117/><W61/><G33/><T112/><D68/><U106/><E118/><V12/><F29/><W128/><G111/><N who="0" m="42539" /><D86/><U134/><E59/><V39/><F39/><W10/><G133/><T8/><D112/><U80/><E134/><V31/><F31/><W109/><G109/><T43/><D43/><N who="1" m="22775" /><E80/><V102/><F75/><W120/><G120/><T101/><D101/><U23/><E23/><N who="2" m="11655" /><F19/><W42/><G70/><T53/><D53/><U55/><E55/><V64/><F64/><W2/><G42/><T67/><D67/><U81/><E81/><V7/><F7/><W113/><G40/><T26/><D125/><U14/><E124/><V123/><F76/><W94/><G113/><T83/><D83/><U32/><E32/><V79/><F79/><W44/><G104/><T52/><D52/><U54/><E54/><V78/><F78/><W69/><G107/><N who="1" m="40970" /><E99/><V77/><F77/><W30/><G69/><T25/><D34/><U92/><E92/><V89/><F123/><W1/><G51/><T50/><D50/><U13/><E13/><V49/><F49/><W127/><G127/><T37/><D37/><U121/><E121/><V72/><F72/><W58/><G58/><T122/><D122/><U21/><E21/><AGARI ba="0,0" hai="3,4,8,11,15,17,21,22,25,26,27" m="42539" machi="21" ten="30,3900,0" yaku="14,1,34,2" doraHai="48" who="0" fromWho="1" sc="225,39,132,-39,418,0,225,0" />
</Scene>
<Scene>
<INIT seed="3,0,0,0,0,77" ten="264,93,418,225" oya="3" hai0="15,110,91,42,125,95,33,86,64,20,120,109,101" hai1="24,128,126,18,17,35,78,43,67,1,49,131,107" hai2="23,90,27,9,61,100,132,53,117,3,84,70,14" hai3="58,98,92,60,7,22,73,81,48,25,50,56,59"/><W114/><G114/><T63/><D33/><U11/><E107/><V133/><F3/><W69/><G7/><T122/><D42/><U104/><E104/><V72/><F72/><W66/><G73/><T6/><D125/><U118/><E67/><V105/><F105/><W57/><G69/><T135/><D135/><U16/><E78/><V8/><F100/><W0/><G0/><T68/><D101/><U102/><E102/><V55/><F117/><W5/><G5/><T28/><D28/><N who="1" m="19847" /><E49/><V30/><F70/><W82/><G48/><T94/><D94/><U116/><E43/><V121/><F121/><W112/><G50/><T80/><D95/><U31/><E31/><V26/><F26/><W10/><G10/><N who="0" m="4567" /><D20/><U87/><E87/><V51/><F61/><W85/><G112/><T47/><D47/><U62/><E62/><V4/><F8/><W130/><G85/><T76/><D76/><U74/><E74/><V119/><F119/><N who="1" m="45609" /><E126/><V54/><F51/><W88/><G130/><N who="1" m="49706" /><E1/><V41/><F41/><W127/><G127/><T97/><D97/><U99/><E99/><V13/><F84/><W19/><AGARI ba="0,0" hai="19,22,25,56,57,58,59,60,66,81,82,88,92,98" machi="19" ten="30,12000,1" yaku="0,1,8,1,52,2,54,1" doraHai="77" who="3" fromWho="3" sc="264,-40,93,-40,418,-40,225,120" />
</Scene>
<Scene>
<INIT seed="3,1,0,3,3,68" ten="224,53,378,345" oya="3" hai0="131,23,39,55,30,80,116,24,28,71,104,101,119" hai1="43,123,31,118,11,63,18,29,98,52,126,115,87" hai2="44,111,49,13,38,102,46,61,100,6,124,2,106" hai3="133,127,33,57,54,109,95,10,108,51,53,89,14"/><W36/><G33/><N who="0" m="20615" /><D55/><U3/><E115/><V35/><F2/><W125/><G54/><T85/><D80/><U27/><E126/><N who="3" m="48138" /><G133/><T40/><D85/><U12/><E123/><V58/><F35/><W1/><G1/><T26/><D131/><U122/><E122/><V129/><F129/><W73/><G73/><T19/><D71/><U91/><E3/><V37/><F124/><W113/><G113/><T78/><D78/><U103/><E118/><V86/><F46/><W9/><G36/><T135/><D135/><U114/><E114/><V15/><F38/><W121/><G121/><T79/><D79/><U128/><E43/><V110/><F37/><W48/><G48/><T107/><D107/><U90/><E128/><V72/><F72/><W5/><G10/><T97/><D23/><N who="1" m="15615" /><E31/><V60/><F44/><W105/><G105/><T45/><D19/><U22/><E11/><V62/><F106/><W65/><G65/><T0/><D0/><U50/><E87/><AGARI ba="1,0" hai="5,9,14,51,53,57,87,89,95,108,109" m="48138" machi="87" ten="30,1500,0" yaku="18,1" doraHai="68" who="3" fromWho="1" sc="224,0,53,-18,378,0,345,18" />
</Scene>
<Scene>
<INIT seed="3,2,0,5,3,83" ten="224,35,378,363" oya="3" hai0="108,12,52,79,72,113,45,125,48,27,65,63,93" hai1="90,19,88,122,67,40,32,111,30,6,25,26,112" hai2="22,11,57,100,41,0,37,29,44,126,50,56,51" hai3="70,103,20,84,80,54,85,17,91,49,1,71,42"/><W34/><G34/><T117/><D117/><U89/><E122/><V21/><F126/><W124/><G1/><T94/><D125/><U64/><E112/><V23/><F29/><W5/><G124/><T75/><D108/><U130/><E111/><V77/><F37/><W86/><G5/><T131/><D131/><U47/><E6/><V73/><F73/><W109/><G109/><T114/><D27/><U76/><E130/><V96/><F77/><W135/><G135/><T92/><D12/><U69/><E76/><V14/><F51/><W101/><G42/><T15/><D15/><U18/><E69/><V16/><REACH who="2" step="1"/><F0/><REACH who="2" ten="224,35,368,363" step="2"/><W99/><G71/><N who="0" m="42431" /><D79/><U7/><E7/><V74/><F74/><W116/><G70/><T3/><D3/><U78/><E78/><V2/><F2/><W43/><G116/><T97/><D75/><U35/><E18/><V95/><AGARI ba="2,1" hai="11,14,16,21,22,23,41,44,50,56,57,95,96,100" machi="95" ten="30,7900,0" yaku="1,1,0,1,8,1,54,1,53,0" doraHai="83" doraHaiUra="59" who="2" fromWho="2" sc="224,-22,35,-22,368,95,363,-41" />
</Scene>
<Scene>
<INIT seed="4,0,0,3,5,98" ten="202,13,463,322" oya="0" hai0="108,134,80,99,103,40,59,5,22,110,67,2,33" hai1="76,31,18,27,34,65,131,116,57,117,29,16,23" hai2="66,26,55,32,130,6,71,91,10,120,89,25,30" hai3="60,54,24,20,51,69,82,68,92,12,64,96,43"/><T111/><D33/><U41/><E41/><V105/><F105/><W15/><G43/><T87/><D134/><U133/><E76/><V109/><F109/><W70/><G82/><T79/><D40/><U128/><E65/><V113/><F120/><W104/><G104/><N who="0" m="63615" /><D22/><U38/><E38/><V28/><F55/><W83/><G83/><T48/><D67/><U45/><E57/><V0/><F130/><N who="1" m="49705" /><E45/><V61/><F113/><W135/><G135/><T118/><D118/><N who="1" m="45675" /><E133/><V81/><F81/><W63/><G63/><T74/><D59/><U14/><E34/><AGARI ba="0,0" hai="0,6,10,25,26,28,30,32,34,61,66,71,89,91" machi="34" ten="30,2000,0" yaku="7,1,9,1" doraHai="98" who="2" fromWho="1" sc="202,0,13,-20,463,20,322,0" owari="202,-20.0,-7,-51.0,483,59.0,322,12.0" />
</Scene>
</mjloggm>