<mjloggm ver="2.3"><GO type="41" lobby="0"/><UN n0="%E3%80%93%42%41%4C%53%E3%80%93" n1="%E5%A4%AA%E3%81%8F%E3%81%AA%E3%81%84%E3%81%8A" n2="%79%61%6B%6B%75%72%75" n3="%68%6F%6C%79%35" dan="13,17,13,15" rate="1929.91,2148.23,1945.28,1985.89" sx="M,M,M,M"/><TAIKYOKU oya="0"/>

<Scene>
<INIT seed="0,0,0,4,1,27" ten="250,250,250,250" oya="0" hai0="17,15,58,82,1,5,130,57,60,104,35,127,36" hai1="115,96,122,45,53,22,12,31,71,42,63,25,70" hai2="92,125,98,69,72,52,134,86,3,135,0,68,16" hai3="91,83,39,76,61,59,6,95,116,87,56,109,112"/><T101/><D130/><U88/><E122/><V10/><F72/><W77/><G112/><T74/><D127/><U8/><E115/><V13/><F86/><W54/><G116/><T49/><D36/><U21/><E21/><V113/><F113/><W105/><G39/><T30/><D101/><U43/><E71/><V108/><F125/><W38/><G38/><T94/><D104/><U19/><E70/><V119/><F119/><W73/><G105/><T9/><D94/><N who="1" m="56391" /><E45/><V2/><F108/><W29/><G109/><T80/><D74/><U65/><E65/><V85/><F85/><W14/><G76/><T67/><D49/><U44/><E44/><V123/><F123/><W99/><G6/><T75/><D57/><AGARI ba="0,0" hai="8,12,19,22,25,31,42,43,53,57,63" m="56391" machi="57" ten="30,3900,0" yaku="8,1,52,1,54,1" doraHai="27" who="1" fromWho="0" sc="250,-39,250,39,250,0,250,0" />
</Scene>
<Scene>
<INIT seed="1,0,0,2,1,0" ten="211,289,250,250" oya="1" hai0="61,18,72,64,91,13,77,116,11,94,30,104,32" hai1="126,70,23,14,6,33,53,92,130,128,82,85,129" hai2="43,25,88,16,56,99,127,119,123,27,133,37,52" hai3="69,38,101,81,17,59,132,29,107,76,78,120,54"/><U95/><E33/><V87/><F123/><W96/><G120/><T22/><D116/><U66/><E126/><V134/><F119/><W106/><G69/><T39/><D39/><U98/><E53/><V75/><F75/><W36/><G106/><T65/><D104/><U125/><E125/><V68/><F68/><W34/><G132/><N who="2" m="50793" /><F99/><W100/><G100/><T20/><D65/><U86/><E82/><V48/><F127/><W9/><G29/><T79/><D72/><U46/><E46/><N who="2" m="23919" /><F16/><W93/><G34/><T21/><D32/><U102/><E92/><AGARI ba="0,0" hai="25,27,48,52,56,87,88,92" m="23919,50793" machi="92" ten="30,3900,0" yaku="20,1,54,2" doraHai="0" who="2" fromWho="1" sc="211,0,289,-39,250,39,250,0" />
</Scene>
<Scene>
<INIT seed="2,0,0,0,4,6" ten="211,250,289,250" oya="2" hai0="16,73,85,63,50,62,25,98,21,40,127,68,72" hai1="28,9,119,83,116,126,27,115,24,117,71,69,104" hai2="100,5,46,135,43,88,58,22,42,76,53,75,13" hai3="80,99,15,39,96,61,89,111,131,23,120,1,2"/><V110/><F135/><W35/><G35/><T59/><D127/><U36/><E115/><V124/><F124/><W103/><G120/><T49/><D98/><U52/><E126/><V17/><F110/><W10/><G39/><T38/><D38/><U77/><E36/><V32/><F32/><W47/><G47/><T107/><D107/><U3/><E104/><V60/><F100/><W56/><G131/><T105/><D105/><U84/><E52/><V19/><F5/><W11/><G1/><T48/><D40/><U102/><E102/><V93/><F76/><W133/><G2/><T82/><D68/><U134/><E134/><V29/><F29/><W122/><G133/><T55/><REACH who="0" step="1"/><D63/><REACH who="0" ten="201,250,289,250" step="2"/><U132/><E132/><V129/><F129/><W4/><G99/><T54/><D54/><U37/><E37/><V125/><F125/><W87/><G122/><T74/><D74/><U70/><E69/><V112/><F75/><W33/><G111/><T114/><D114/><U108/><E108/><V109/><F109/><W20/><G33/><T97/><D97/><U95/><E70/><V92/><F112/><W57/><G61/><T130/><D130/><U64/><E71/><V14/><F43/><W128/><G128/><T113/><D113/><U123/><E123/><V0/><F42/><W18/><G96/><T67/><D67/><U30/><E64/><V101/><F60/><W90/><G103/><T34/><D34/><U106/><E106/><V91/><F101/><W12/><G89/><AGARI ba="0,1" hai="16,21,25,48,49,50,55,59,62,72,73,82,85,89" machi="89" ten="40,2600,0" yaku="1,1,54,1,53,0" doraHai="6" doraHaiUra="7" who="0" fromWho="3" sc="201,36,250,0,289,0,250,-26" />
</Scene>
<Scene>
<INIT seed="3,0,0,4,1,80" ten="237,250,289,224" oya="3" hai0="9,48,13,97,78,107,7,106,76,91,42,49,43" hai1="28,85,87,4,65,63,115,103,129,92,26,110,58" hai2="68,81,89,38,0,41,61,22,52,35,117,20,37" hai3="10,95,109,51,62,84,64,3,118,123,66,83,79"/><W73/><G118/><T111/><D111/><U8/><E115/><V102/><F35/><W127/><G123/><T120/><D120/><U72/><E72/><V104/><F0/><W99/><G109/><T1/><D107/><U108/><E129/><V70/><F41/><N who="0" m="15370" /><D106/><U133/><E133/><V75/><F61/><W105/><G127/><T16/><D1/><U74/><E74/><V90/><F104/><W121/><G121/><T50/><D7/><U5/><E110/><V36/><F81/><W77/><G77/><T82/><D97/><N who="1" m="59815" /><E108/><V24/><F75/><W47/><G105/><T33/><D33/><U130/><E130/><V30/><F102/><W93/><G73/><T71/><D71/><U88/><E8/><V126/><F37/><W14/><G3/><T119/><D119/><U27/><E85/><AGARI ba="0,0" hai="9,13,16,48,49,50,76,78,82,85,91" m="15370" machi="85" ten="30,3900,0" yaku="8,1,52,1,54,1" doraHai="80" who="0" fromWho="1" sc="237,39,250,-39,289,0,224,0" />
</Scene>
<Scene>
<INIT seed="4,0,0,0,3,49" ten="276,211,289,224" oya="0" hai0="26,39,31,62,4,131,76,75,52,101,12,53,116" hai1="124,55,2,69,5,99,63,126,56,15,9,129,67" hai2="78,60,86,65,102,121,1,70,134,95,50,6,35" hai3="45,112,11,113,33,46,94,48,59,91,105,82,74"/><T8/><D116/><U127/><E129/><V83/><F121/><W19/><G105/><T81/><D39/><U87/><E87/><V38/><F38/><W58/><G33/><T90/><D131/><U44/><E99/><V51/><F35/><W84/><G46/><T16/><D62/><N who="1" m="40183" /><E44/><V80/><F134/><W135/><G135/><T7/><D101/><U32/><E32/><V36/><F36/><W66/><G74/><T98/><D4/><U10/><E10/><V29/><F29/><W3/><G66/><T115/><D115/><N who="3" m="44105" /><G94/><T128/><D128/><U114/><E114/><V41/><F41/><N who="3" m="24623" /><G19/><T20/><D7/><AGARI ba="0,0" hai="3,7,11,58,59,82,84,91" m="24623,44105" machi="7" ten="30,1000,0" yaku="15,1" doraHai="49" who="3" fromWho="0" sc="276,-10,211,0,289,0,224,10" />
</Scene>
<Scene>
<INIT seed="5,0,0,4,4,14" ten="266,211,289,234" oya="1" hai0="5,111,3,0,119,79,118,10,49,45,130,36,108" hai1="11,132,52,8,27,121,18,57,113,114,44,40,48" hai2="106,68,55,91,94,103,26,60,133,128,107,17,127" hai3="30,109,86,101,90,21,35,51,104,23,58,134,105"/><U7/><E121/><V28/><F127/><W85/><G109/><T71/><D71/><U100/><E132/><V43/><F43/><W99/><G134/><T50/><D130/><U117/><E117/><V64/><F133/><W82/><G104/><T98/><D98/><U129/><E129/><V69/><F69/><W97/><G97/><T78/><D0/><U80/><E100/><V46/><F128/><W2/><G2/><T84/><D36/><U73/><E73/><V34/><F103/><W25/><G51/><T120/><D120/><U81/><E27/><V47/><F47/><W62/><G85/><T77/><D84/><U59/><E18/><V92/><F92/><W39/><G39/><T125/><D125/><U74/><E59/><V89/><F89/><W20/><G35/><T87/><D87/><U9/><E7/><V54/><F54/><AGARI ba="0,0" hai="20,21,23,25,30,54,58,62,82,86,90,99,101,105" machi="54" ten="30,1000,0" yaku="7,1" doraHai="14" who="3" fromWho="2" sc="266,0,211,0,289,-10,234,10" />
</Scene>
<Scene>
<INIT seed="6,0,0,4,5,97" ten="266,211,279,244" oya="2" hai0="128,119,64,32,71,43,41,93,132,98,67,35,123" hai1="80,133,88,129,29,65,34,57,20,99,9,82,130" hai2="104,92,74,17,77,21,49,70,10,47,72,96,116" hai3="46,6,127,105,75,33,95,66,13,118,73,108,135"/><V78/><F116/><W42/><G108/><T38/><D123/><U83/><E34/><V69/><F104/><W107/><G118/><T87/><D119/><U56/><E133/><V125/><F125/><W11/><G127/><T0/><D0/><U22/><E9/><V54/><F77/><W15/><G33/><T131/><D132/><U5/><E5/><V126/><F126/><W113/><G135/><T28/><D87/><U36/><E36/><V7/><F74/><W122/><G122/><T39/><D28/><U102/><E88/><V55/><F55/><W8/><G66/><T101/><D67/><U12/><E12/><V62/><F62/><W52/><G113/><T81/><D81/><U19/><E29/><V106/><F106/><W121/><G121/><T27/><D27/><N who="1" m="14751" /><E22/><V91/><F78/><W23/><G23/><T44/><D39/><U100/><E65/><V79/><F79/><W90/><G107/><T26/><D43/><U112/><E112/><V16/><F72/><W84/><G105/><T50/><D38/><U40/><E40/><V85/><F85/><W63/><G42/><T53/><D41/><U117/><E117/><V103/><F91/><W134/><G134/><T51/><D35/><U76/><E76/><V59/><F47/><W120/><G120/><T30/><REACH who="0" step="1"/><D51/><REACH who="0" ten="256,211,279,244" step="2"/><U18/><E82/><V4/><F49/><N who="3" m="28727" /><G75/><T14/><D14/><U111/><E80/><V115/><F115/><W109/><G73/><T25/><D25/><U48/><E83/><V86/><F86/><W45/><G15/><T24/><D24/><U58/><E48/><RYUUKYOKU ba="0,1" sc="256,30,211,-10,279,-10,244,-10" hai0="26,30,32,44,50,53,64,71,93,98,101,128,131" />
</Scene>
<Scene>
<INIT seed="7,1,1,0,4,42" ten="286,201,269,234" oya="3" hai0="129,27,88,30,36,84,28,11,13,103,70,69,109" hai1="54,20,38,87,111,56,41,5,29,9,116,57,32" hai2="120,44,35,115,68,60,91,106,33,101,4,53,7" hai3="21,82,22,85,105,18,34,10,48,19,61,80,2"/><W97/><G34/><T76/><D109/><U49/><E111/><V73/><F7/><W130/><G130/><T1/><D129/><U55/><E32/><V25/><F91/><W104/><G2/><T117/><D117/><U39/><E116/><V131/><F131/><W59/><G48/><T93/><D1/><U67/><E67/><V71/><F71/><W50/><G50/><T110/><D110/><U40/><E38/><V107/><F107/><W23/><G10/><T17/><D36/><U108/><E108/><V12/><F73/><W92/><G105/><T8/><D69/><U6/><E87/><V83/><F83/><W46/><G46/><T102/><D70/><U99/><E99/><V126/><F44/><W98/><G104/><T24/><D76/><U16/><E29/><N who="0" m="11369" /><D8/><U43/><E39/><V100/><F68/><W89/><G98/><N who="0" m="59727" /><D103/><U75/><E75/><V15/><F101/><N who="3" m="60583" /><G82/><AGARI ba="1,1" hai="11,13,17,24,27,82,84,88" m="59727,11369" machi="82" ten="30,2000,0" yaku="8,1,54,1" doraHai="42" who="0" fromWho="3" sc="286,33,201,0,269,0,234,-23" owari="319,42.0,201,-30.0,269,7.0,211,-19.0" />
</Scene>
</mjloggm>