<mjloggm ver="2.3"><GO type="169" lobby="0"/><UN n0="%EF%BC%A0%E3%81%BF%E3%82%84" n1="%E5%A4%AA%E3%81%8F%E3%81%AA%E3%81%84%E3%81%8A" n2="%E3%83%A1%E3%82%AB%E3%82%BC%E3%83%83%E3%83%88%E3%83%B3" n3="%28%C2%B4%E3%83%BB%D1%81%5F%E3%83%BB%EF%BD%80%29" dan="16,17,18,16" rate="2088.35,2142.57,2183.02,2125.74" sx="M,M,M,M"/><TAIKYOKU oya="0"/>

<Scene>
<INIT seed="0,0,0,0,3,133" ten="250,250,250,250" oya="0" hai0="124,4,18,67,74,75,64,85,42,123,59,118,113" hai1="82,25,112,93,103,3,12,6,24,16,22,23,132" hai2="111,19,35,1,108,100,53,80,99,21,106,117,125" hai3="29,46,120,41,0,63,68,32,26,66,14,78,7"/><T92/><D123/><U102/><E132/><V116/><F1/><W65/><G120/><T10/><D118/><N who="2" m="45674" /><F35/><W97/><G65/><T36/><D113/><U71/><E71/><V90/><F53/><W72/><G14/><T52/><D18/><U105/><E105/><V110/><F19/><W95/><G95/><T8/><D42/><U31/><E112/><V2/><F2/><W54/><G54/><T70/><D36/><U28/><E82/><V126/><F21/><W77/><G97/><T60/><D67/><U5/><E3/><V20/><F20/><W69/><G69/><T47/><D47/><U11/><E93/><V76/><F90/><W109/><G7/><AGARI ba="0,0" hai="5,6,7,11,12,16,22,23,24,25,28,31,102,103" machi="7" ten="40,5200,0" yaku="9,1,8,1,54,1" doraHai="133" who="1" fromWho="3" sc="250,0,250,52,250,0,250,-52" />
</Scene>
<Scene>
<INIT seed="1,0,0,4,0,14" ten="250,302,250,198" oya="1" hai0="128,31,48,110,71,90,80,113,133,101,33,74,17" hai1="9,56,129,106,121,119,5,64,100,8,42,23,16" hai2="95,72,79,70,135,34,86,125,84,24,57,1,0" hai3="122,67,26,88,62,97,89,108,27,81,94,103,93"/><U28/><E119/><V4/><F70/><W120/><G108/><T107/><D113/><U131/><E121/><V29/><F135/><W112/><G112/><T44/><D71/><U43/><E28/><V73/><F125/><W61/><G81/><T76/><D110/><U11/><E5/><V87/><F95/><W53/><G53/><T85/><D133/><U32/><E32/><V75/><F79/><W77/><G77/><T118/><D118/><U126/><E126/><V92/><F92/><W50/><G50/><T22/><D128/><N who="1" m="49227" /><E100/><V124/><F124/><W55/><G55/><T65/><D65/><U20/><E20/><V58/><REACH who="2" step="1"/><F4/><REACH who="2" ten="250,302,240,198" step="2"/><W98/><REACH who="3" step="1"/><G103/><REACH who="3" ten="250,302,240,188" step="2"/><T116/><D101/><U15/><E106/><V115/><F115/><W127/><G127/><T68/><D116/><U123/><E123/><V45/><F45/><W49/><G49/><T21/><D48/><U91/><E91/><V52/><F52/><W39/><G39/><T117/><D44/><U99/><E99/><V41/><F41/><W40/><G40/><T47/><D90/><U3/><E3/><AGARI ba="0,2" hai="0,1,3,24,29,34,57,58,72,73,75,84,86,87" machi="3" ten="50,1600,0" yaku="1,1,53,0" doraHai="14" doraHaiUra="36" who="2" fromWho="1" sc="250,0,302,-16,240,36,188,0" />
</Scene>
<Scene>
<INIT seed="2,0,0,3,4,83" ten="250,286,276,188" oya="2" hai0="49,118,117,82,50,87,27,84,66,40,23,71,44" hai1="39,1,67,51,119,20,73,17,108,48,94,63,24" hai2="62,124,16,70,121,35,53,105,102,126,36,96,47" hai3="45,109,95,90,74,123,128,79,116,0,120,46,5"/><V60/><F35/><W131/><G116/><N who="0" m="44651" /><D82/><U122/><E119/><V69/><F121/><W30/><G30/><N who="0" m="17791" /><D50/><U8/><E39/><V21/><F36/><W103/><G103/><T38/><D38/><U112/><E112/><V29/><F29/><W134/><G134/><T14/><D14/><U80/><E122/><V111/><F111/><W115/><G115/><T114/><D114/><U125/><E108/><V3/><F3/><W64/><G109/><T92/><D92/><U33/><E94/><V89/><F89/><W76/><G64/><T31/><D31/><U41/><E51/><N who="2" m="28927" /><F62/><AGARI ba="0,0" hai="40,44,49,62,66,71,84,87" m="17791,44651" machi="62" ten="30,3900,0" yaku="12,1,52,2" doraHai="83" who="0" fromWho="2" sc="250,39,286,0,276,-39,188,0" />
</Scene>
<Scene>
<INIT seed="3,0,0,3,4,110" ten="289,286,237,188" oya="3" hai0="135,42,1,72,40,55,88,44,65,49,118,123,21" hai1="73,104,43,108,54,90,119,38,59,7,79,47,52" hai2="100,28,58,93,16,51,33,95,17,31,105,15,0" hai3="132,34,61,84,48,62,121,50,131,96,13,19,103"/><W102/><G121/><T12/><D1/><U133/><E104/><V124/><F0/><W35/><G132/><T57/><D118/><U85/><E108/><V81/><F124/><W80/><G131/><T120/><D135/><U129/><E133/><V89/><F105/><W22/><G34/><T3/><D3/><U98/><E129/><V101/><F33/><W8/><G35/><T10/><D72/><U14/><E119/><V5/><F5/><W83/><G83/><T117/><D117/><U111/><E111/><V11/><F17/><W26/><G62/><N who="0" m="38095" /><D120/><U127/><E127/><V32/><F81/><W134/><G61/><T94/><D21/><U78/><E98/><N who="2" m="59487" /><F101/><W107/><G103/><T75/><D75/><U29/><E29/><V97/><F32/><W66/><G66/><T69/><D69/><U64/><E64/><V46/><F58/><W27/><G134/><T109/><D109/><U77/><E73/><V45/><F45/><W2/><G2/><T39/><D39/><U63/><E54/><AGARI ba="0,0" hai="11,15,16,28,31,46,51,54,89,93,97" m="59487" machi="54" ten="30,2000,0" yaku="8,1,54,1" doraHai="110" who="2" fromWho="1" sc="289,0,286,-20,237,20,188,0" />
</Scene>
<Scene>
<INIT seed="4,0,0,5,3,62" ten="289,266,257,188" oya="0" hai0="94,82,23,4,0,133,127,120,100,18,31,14,17" hai1="65,26,87,134,64,78,51,80,56,2,57,95,19" hai2="43,104,96,124,5,91,114,89,59,70,42,46,35" hai3="21,123,73,36,13,55,9,112,71,40,135,45,32"/><T75/><D75/><U116/><E2/><V10/><F35/><W52/><G32/><T122/><D82/><U68/><E68/><V33/><F33/><W58/><G71/><T11/><D94/><U101/><E116/><V38/><F114/><W131/><G112/><T50/><D100/><U119/><E119/><V103/><F70/><W47/><G135/><T85/><D85/><U121/><E121/><V1/><F124/><W28/><G131/><T74/><D74/><U111/><E134/><V113/><F113/><W126/><G126/><T61/><D127/><U109/><E109/><V128/><F128/><W102/><G123/><T83/><D83/><U53/><E57/><V24/><F24/><W29/><G73/><T129/><D133/><U98/><E111/><V22/><F22/><AGARI ba="0,0" hai="19,22,26,51,53,56,64,65,78,80,87,95,98,101" machi="22" ten="40,5200,0" yaku="8,1,52,2" doraHai="62" who="1" fromWho="2" sc="289,0,266,52,257,-52,188,0" />
</Scene>
<Scene>
<INIT seed="5,0,0,0,1,21" ten="289,318,205,188" oya="1" hai0="41,55,102,51,115,101,35,57,91,107,29,69,44" hai1="11,85,52,128,111,27,118,135,4,50,63,30,120" hai2="8,39,95,94,77,125,38,126,62,15,13,93,105" hai3="20,67,129,83,26,14,10,45,56,0,81,92,73"/><U31/><E118/><V114/><F105/><W66/><G0/><T72/><D115/><U60/><E120/><V5/><F114/><W24/><G129/><T99/><D72/><U68/><E128/><V119/><F119/><W42/><G20/><T70/><D102/><U7/><E135/><V25/><F77/><W131/><G131/><T112/><D112/><U34/><E111/><V2/><F62/><W127/><G127/><N who="2" m="48649" /><F25/><N who="3" m="9835" /><G73/><T122/><D29/><U110/><E110/><V88/><F88/><W1/><G1/><T96/><D35/><U37/><E37/><AGARI ba="0,0" hai="2,5,8,13,15,37,38,39,93,94,95" m="48649" machi="37" ten="40,1300,0" yaku="18,1" doraHai="21" who="2" fromWho="1" sc="289,0,318,-13,205,13,188,0" />
</Scene>
<Scene>
<INIT seed="6,0,0,5,4,62" ten="289,305,218,188" oya="2" hai0="116,114,29,67,115,39,84,92,90,96,98,70,129" hai1="108,124,128,20,54,6,56,109,3,19,26,126,15" hai2="4,75,101,86,123,110,85,8,40,100,41,11,83" hai3="89,78,47,65,36,69,14,99,42,35,94,43,127"/><V63/><F123/><W72/><G35/><T23/><D39/><U31/><E128/><V16/><F75/><W103/><G127/><N who="1" m="48682" /><E6/><V135/><F135/><W9/><G43/><N who="2" m="16457" /><F110/><W45/><G45/><T107/><D129/><U17/><E3/><V133/><F133/><W59/><G69/><T46/><D116/><U49/><E19/><V88/><F4/><W87/><G72/><T18/><D29/><U27/><E27/><V52/><F85/><W130/><G78/><T7/><D46/><U120/><E120/><V64/><F64/><W51/><G36/><T1/><D107/><U117/><E117/><V134/><F134/><W132/><G132/><T44/><D44/><U95/><E95/><V106/><F106/><W5/><G130/><T0/><D0/><U74/><E74/><V121/><F121/><W50/><G50/><T91/><D7/><U112/><E112/><V81/><F81/><W12/><G59/><T131/><D1/><U37/><E37/><V76/><F76/><W79/><G79/><T97/><D131/><U66/><E66/><V71/><F71/><W60/><G60/><N who="0" m="40295" /><D115/><U118/><E118/><V111/><F111/><W10/><G65/><T21/><D114/><U28/><E28/><V104/><F104/><W57/><G57/><T48/><D18/><U38/><E38/><V25/><F25/><W33/><G33/><AGARI ba="0,0" hai="15,17,20,26,31,33,49,54,56,108,109" m="48682" machi="33" ten="30,1000,0" yaku="18,1" doraHai="62" who="1" fromWho="3" sc="289,0,305,10,218,0,188,-10" />
</Scene>
<Scene>
<INIT seed="7,0,0,1,1,106" ten="289,315,218,178" oya="3" hai0="120,13,113,21,128,85,116,73,58,110,20,131,18" hai1="83,135,44,66,23,112,27,53,57,62,31,103,30" hai2="87,64,43,84,101,56,6,28,40,7,45,3,93" hai3="8,2,91,52,125,11,75,46,98,5,19,54,118"/><W29/><G118/><T68/><D68/><U33/><E112/><V69/><F69/><W14/><G29/><T70/><D70/><U122/><E122/><V47/><F28/><W124/><G75/><T32/><D32/><U63/><E135/><V94/><F3/><W127/><REACH who="3" step="1"/><G46/><REACH who="3" ten="289,315,218,168" step="2"/><T60/><D73/><U96/><E44/><V76/><F45/><W92/><AGARI ba="0,1" hai="2,5,8,11,14,19,52,54,91,92,98,124,125,127" machi="92" ten="40,12000,1" yaku="1,1,2,1,0,1,18,1,54,1,53,0" doraHai="106" doraHaiUra="80" who="3" fromWho="3" sc="289,-40,315,-40,218,-40,168,130" />
</Scene>
<Scene>
<INIT seed="7,1,0,0,4,121" ten="249,275,178,298" oya="3" hai0="82,4,35,91,72,11,99,131,125,68,15,7,57" hai1="28,112,96,126,78,73,122,108,23,13,107,5,102" hai2="42,115,39,37,84,62,75,61,30,124,134,89,123" hai3="2,97,105,83,36,56,59,77,22,21,110,46,94"/><W18/><G105/><T81/><D68/><U44/><E122/><V90/><F75/><W53/><G2/><T118/><D118/><U95/><E112/><V54/><F123/><W100/><G110/><T32/><D131/><U117/><E117/><V101/><F101/><W45/><G36/><T49/><D125/><U98/><E126/><V19/><F124/><W127/><G127/><T8/><D82/><U31/><E108/><V43/><F30/><W40/><G40/><T16/><D7/><U63/><E78/><V104/><F104/><W113/><G113/><T47/><D57/><N who="3" m="22089" /><G53/><N who="0" m="29887" /><D99/><U71/><E73/><V92/><F115/><W38/><G38/><T111/><D72/><U114/><E114/><V3/><F3/><W34/><G34/><T12/><D111/><U85/><E85/><AGARI ba="1,0" hai="4,8,11,12,15,16,32,35,81,85,91" m="29887" machi="85" ten="30,2000,0" yaku="25,1,54,1" doraHai="121" who="0" fromWho="1" sc="249,23,275,-23,178,0,298,0" />
</Scene>
<Scene>
<INIT seed="8,0,0,0,5,109" ten="272,252,178,298" oya="0" hai0="40,96,130,7,104,32,35,106,49,26,5,14,57" hai1="51,58,25,92,36,115,10,28,24,67,54,31,34" hai2="9,12,90,50,125,134,6,99,74,94,116,52,110" hai3="17,126,86,69,45,4,95,128,27,103,64,108,100"/><T98/><D130/><U101/><E36/><V112/><F110/><W53/><G108/><T132/><D132/><U1/><E67/><V78/><F134/><W131/><G126/><T21/><D57/><U59/><E101/><V75/><F125/><W88/><G4/><T63/><D63/><U107/><E107/><V13/><F116/><W89/><G64/><T8/><D5/><U44/><E92/><V70/><F70/><W81/><G69/><T0/><D49/><U15/><E1/><V65/><F65/><W113/><G113/><T117/><D40/><U46/><E59/><V3/><F112/><W114/><G114/><T87/><D87/><U76/><E76/><V20/><F78/><W111/><G111/><T47/><D47/><U129/><E129/><N who="3" m="49738" /><G53/><T62/><D62/><U93/><E93/><V127/><F127/><W18/><G45/><T97/><D117/><U19/><REACH who="1" step="1"/><E115/><REACH who="1" ten="272,242,178,298" step="2"/><V22/><F3/><W72/><G72/><T30/><D32/><AGARI ba="0,1" hai="10,15,19,24,25,28,31,32,34,44,46,51,54,58" machi="32" ten="30,7700,0" yaku="1,1,2,1,7,1,9,1,53,0" doraHai="109" doraHaiUra="120" who="1" fromWho="0" sc="272,-77,242,87,178,0,298,0" owari="195,-20.0,329,42.0,178,-32.0,298,10.0" />
</Scene>
</mjloggm>