<mjloggm ver="2.3"><GO type="169" lobby="0"/><UN n0="%E3%83%A9%E3%83%A0%E3%83%80%E3%81%95%E3%82%93" n1="%6B%79%6F%6E%39%31%30" n2="%E5%A4%AA%E3%81%8F%E3%81%AA%E3%81%84%E3%81%8A" n3="%63%68%72%6F%75%73%61" dan="17,16,18,16" rate="2231.04,2081.57,2192.71,2072.48" sx="M,M,M,M"/><TAIKYOKU oya="0"/>

<Scene>
<INIT seed="0,0,0,2,0,59" ten="250,250,250,250" oya="0" hai0="135,6,107,91,5,69,1,93,106,75,52,11,105" hai1="123,63,23,101,20,48,26,43,129,111,14,98,4" hai2="114,79,126,128,30,18,89,60,41,122,113,57,73" hai3="100,17,68,19,55,45,90,92,2,87,94,37,62"/><T40/><D40/><U119/><BYE who="0" /><E111/><V85/><F122/><W118/><G2/><T46/><D46/><UN n0="%E3%83%A9%E3%83%A0%E3%83%80%E3%81%95%E3%82%93" /><U81/><E119/><V109/><F109/><W34/><G34/><T29/><D75/><U102/><E129/><V0/><F0/><W28/><G28/><T36/><D36/><U35/><E35/><V9/><F30/><W21/><G118/><T24/><D69/><U64/><E123/><V134/><F41/><W15/><G37/><T115/><D115/><U71/><E81/><V132/><F79/><W117/><G117/><T50/><D135/><N who="2" m="51754" /><F73/><W78/><G78/><T74/><D74/><U131/><E131/><V56/><F56/><N who="3" m="35103" /><G68/><T72/><D72/><U54/><E43/><V27/><F128/><W33/><G33/><T127/><D127/><U66/><E66/><N who="2" m="39183" /><F126/><W38/><G38/><T112/><D112/><U39/><E39/><V42/><F42/><W53/><G45/><T77/><D77/><U22/><E14/><N who="2" m="7503" /><F27/><W88/><G53/><T47/><D5/><U8/><E4/><V103/><F103/><W80/><G100/><T70/><D70/><U96/><E101/><V116/><F116/><W10/><G90/><T125/><D125/><U121/><E102/><V25/><F25/><AGARI ba="0,0" hai="10,15,17,19,21,25,80,87,88,92,94" m="35103" machi="25" ten="30,3900,0" yaku="8,1,52,1,54,1" doraHai="59" who="3" fromWho="2" sc="250,0,250,0,250,-39,250,39" />
</Scene>
<Scene>
<INIT seed="1,0,0,1,4,26" ten="250,250,211,289" oya="1" hai0="48,86,17,12,131,27,112,128,58,62,13,7,55" hai1="133,88,24,53,54,52,1,121,49,28,120,119,44" hai2="95,84,92,81,122,116,39,115,18,101,78,15,59" hai3="45,71,123,76,23,20,66,35,38,22,2,118,3"/><U91/><E119/><V72/><F116/><W97/><G123/><T65/><D112/><U50/><E1/><V109/><F122/><W126/><G76/><T51/><D7/><U93/><E133/><V68/><F68/><W110/><G110/><T85/><D27/><U40/><E50/><V83/><F39/><W106/><G126/><T107/><D107/><U57/><E57/><V134/><F109/><W4/><G4/><T19/><D65/><U37/><E37/><V70/><F70/><W77/><G77/><T30/><D58/><U32/><REACH who="1" step="1"/><E91/><REACH who="1" ten="250,240,211,289" step="2"/><V80/><F134/><W104/><G2/><T67/><D51/><U124/><E124/><V73/><F59/><W117/><G3/><T43/><D48/><U114/><E114/><V5/><F115/><W102/><G38/><T125/><D125/><U132/><E132/><V113/><F113/><W127/><G127/><T42/><D62/><U60/><E60/><V33/><F78/><W74/><G118/><T34/><D131/><U14/><E14/><V108/><F108/><W87/><G117/><T8/><D128/><U36/><E36/><V89/><F89/><W16/><G71/><T129/><D129/><U0/><E0/><V61/><F61/><W82/><G66/><T130/><D67/><U98/><AGARI ba="0,1" hai="24,28,32,40,44,49,52,53,54,88,93,98,120,121" machi="98" ten="30,18000,2" yaku="1,1,0,1,52,1,54,2,53,1" doraHai="26" doraHaiUra="94" who="1" fromWho="1" sc="250,-60,240,190,211,-60,289,-60" />
</Scene>
<Scene>
<INIT seed="1,1,0,3,3,16" ten="190,430,151,229" oya="1" hai0="102,13,31,81,106,70,23,49,57,121,126,103,80" hai1="88,122,27,113,84,20,110,108,95,12,47,53,120" hai2="26,90,52,50,91,74,4,61,98,63,34,28,85" hai3="44,123,6,124,51,128,29,116,21,25,32,33,75"/><U17/><E113/><V79/><F4/><W64/><G75/><T36/><D36/><U8/><E47/><V83/><F98/><W104/><G104/><T112/><D112/><U38/><E53/><V87/><F74/><W65/><G124/><T130/><D70/><U133/><E38/><V118/><F118/><W72/><G72/><T114/><D114/><U127/><E127/><V5/><F5/><W3/><G123/><T86/><D126/><U115/><E115/><V10/><F10/><W111/><G111/><N who="1" m="42538" /><E133/><V69/><F69/><W97/><G128/><T45/><D130/><U60/><E60/><V19/><F19/><AGARI ba="1,0" hai="8,12,17,19,20,27,84,88,95,120,122" m="42538" machi="19" ten="30,11600,0" yaku="14,1,10,1,52,1,54,1" doraHai="16" who="1" fromWho="2" sc="190,0,430,119,151,-119,229,0" />
</Scene>
<Scene>
<INIT seed="1,2,0,4,2,134" ten="190,549,32,229" oya="1" hai0="96,2,47,10,1,38,65,64,123,35,83,13,23" hai1="131,133,128,127,14,70,48,46,126,116,114,73,86" hai2="120,31,21,71,94,75,98,44,130,91,59,63,51" hai3="3,125,62,11,55,8,110,67,108,80,20,41,9"/><U78/><E70/><V12/><F120/><W29/><G41/><T90/><D35/><U115/><E116/><V7/><F130/><N who="1" m="49705" /><E73/><V89/><F71/><W104/><G104/><T33/><D33/><U39/><E39/><V121/><F75/><W132/><G132/><T52/><D123/><U100/><E100/><V81/><F121/><W16/><G29/><T49/><D38/><U118/><E118/><V34/><F34/><W37/><G37/><T60/><D23/><U4/><E4/><V17/><F31/><W30/><G30/><T54/><D1/><U79/><E14/><V43/><F7/><W32/><G32/><T22/><D22/><U122/><E122/><V95/><F81/><W76/><G3/><T53/><D2/><U101/><E101/><V57/><REACH who="2" step="1"/><F63/><REACH who="2" ten="190,549,22,229" step="2"/><W109/><G80/><T50/><D60/><U117/><E133/><V84/><AGARI ba="2,1" hai="12,17,21,43,44,51,57,59,84,89,91,94,95,98" machi="84" ten="20,8000,1" yaku="1,1,2,1,0,1,7,1,8,1,53,0" doraHai="134" doraHaiUra="103" who="2" fromWho="2" sc="190,-22,549,-42,22,96,229,-22" />
</Scene>
<Scene>
<INIT seed="2,0,0,3,4,15" ten="168,507,118,207" oya="2" hai0="51,120,67,60,34,118,130,20,124,63,36,113,14" hai1="128,84,97,27,108,57,62,129,58,99,10,54,94" hai2="5,12,74,65,126,82,135,134,37,122,44,32,39" hai3="46,33,69,96,6,83,13,121,66,91,28,73,88"/><V49/><F32/><W101/><G121/><T26/><D120/><U127/><E108/><V123/><F74/><W95/><G46/><T7/><D113/><U3/><E127/><V8/><F126/><W102/><G91/><T72/><D124/><U64/><E84/><V52/><F65/><W18/><G6/><T68/><D36/><N who="2" m="13898" /><F82/><W116/><G116/><T114/><D114/><U81/><E81/><V98/><F98/><W19/><G33/><T79/><D130/><U59/><E99/><V25/><F25/><W47/><G28/><T131/><D131/><N who="1" m="50251" /><E27/><V85/><F85/><W9/><G47/><T0/><D72/><U38/><E38/><V109/><F109/><W87/><G73/><T45/><D79/><U24/><E24/><V53/><F53/><W16/><REACH who="3" step="1"/><G102/><REACH who="3" ten="168,507,118,197" step="2"/><T106/><D34/><U78/><E78/><V86/><F86/><W61/><AGARI ba="0,1" hai="9,13,16,18,19,61,66,69,83,87,88,95,96,101" machi="61" ten="30,16000,3" yaku="1,1,2,1,0,1,52,3,54,2,53,0" doraHai="15" doraHaiUra="42" who="3" fromWho="3" sc="168,-40,507,-40,118,-80,197,170" />
</Scene>
<Scene>
<INIT seed="3,0,0,5,2,120" ten="128,467,38,367" oya="3" hai0="26,4,77,132,7,5,34,72,99,53,39,33,47" hai1="37,67,84,135,71,25,121,93,91,83,63,103,18" hai2="46,102,100,65,56,106,40,130,111,52,6,15,80" hai3="128,92,76,9,131,96,57,73,31,1,42,125,74"/><W22/><G125/><T64/><D132/><U85/><E121/><V82/><F130/><W119/><G119/><T28/><D34/><U19/><E135/><V29/><F65/><W66/><G42/><T51/><D64/><U20/><E37/><V123/><F123/><W81/><G73/><T88/><D39/><U27/><E103/><V133/><F133/><W124/><G124/><T118/><D118/><U95/><E85/><V112/><F112/><W45/><G45/><T127/><D127/><U13/><E27/><V101/><F106/><W94/><G94/><T129/><D129/><U75/><E75/><V35/><F29/><W122/><G122/><T50/><D50/><U116/><E116/><V54/><F35/><W60/><G9/><AGARI ba="0,0" hai="9,13,18,19,20,25,63,67,71,83,84,91,93,95" machi="9" ten="30,1000,0" yaku="7,1" doraHai="120" who="1" fromWho="3" sc="128,0,467,10,38,0,367,-10" />
</Scene>
<Scene>
<INIT seed="4,0,0,1,0,29" ten="128,477,38,357" oya="0" hai0="62,46,14,119,0,4,10,75,86,18,57,17,3" hai1="70,20,85,48,110,26,102,8,113,112,25,92,5" hai2="6,61,125,54,12,80,90,93,115,60,77,91,21" hai3="109,99,37,66,36,64,32,71,55,134,108,117,106"/><T11/><D119/><U84/><E110/><V58/><F115/><N who="1" m="44105" /><E70/><V82/><F125/><W133/><G99/><T89/><D75/><U120/><E120/><V31/><F61/><W56/><G106/><T28/><D46/><U101/><E48/><V83/><F77/><W129/><G117/><T100/><D100/><N who="1" m="38507" /><E92/><V69/><F69/><W94/><G94/><T122/><D122/><U107/><E107/><V30/><F90/><W50/><G129/><T124/><D28/><N who="1" m="17447" /><E26/><V38/><F38/><W65/><G71/><T42/><D42/><U78/><E78/><V9/><REACH who="2" step="1"/><F21/><REACH who="2" ten="128,477,28,357" step="2"/><W74/><G37/><T34/><D124/><U1/><AGARI ba="0,1" hai="1,5,8,84,85" m="17447,38507,44105" machi="1" ten="30,2000,0" yaku="15,1,11,1" doraHai="29" who="1" fromWho="1" sc="128,-10,477,30,28,-5,357,-5" />
</Scene>
<Scene>
<INIT seed="5,0,0,3,2,98" ten="118,507,23,352" oya="1" hai0="125,132,79,113,78,14,74,65,13,105,36,26,24" hai1="119,127,35,53,39,64,133,32,99,6,38,59,15" hai2="34,93,85,52,70,30,120,117,135,104,72,100,67" hai3="116,95,19,12,102,87,108,92,9,43,37,66,121"/><U55/><E64/><V110/><F110/><W40/><G121/><T0/><D0/><U56/><E119/><V88/><F120/><W130/><G130/><T111/><D111/><U46/><E127/><V11/><F117/><W80/><G37/><T23/><D36/><U5/><E99/><N who="2" m="61471" /><F11/><W129/><G129/><T4/><D105/><U86/><E46/><V27/><F135/><W84/><G66/><T131/><D131/><U81/><E81/><V45/><F45/><W83/><G92/><T101/><D132/><U126/><E126/><V62/><F72/><W122/><G122/><T91/><D125/><U109/><E86/><V16/><F16/><W89/><G108/><T44/><D44/><U3/><E109/><V48/><F48/><W115/><G116/><T69/><D23/><U2/><E15/><V128/><F128/><W8/><G9/><T10/><D10/><U1/><E1/><V22/><F22/><W77/><G43/><T68/><D4/><U112/><REACH who="1" step="1"/><E133/><REACH who="1" ten="118,497,23,352" step="2"/><V106/><F106/><W63/><G12/><T54/><D13/><U28/><E28/><V49/><F49/><W31/><G31/><T20/><D14/><U61/><E61/><V82/><F82/><W41/><G63/><T7/><D7/><U58/><E58/><V50/><F50/><W96/><G80/><T73/><D65/><U51/><E51/><V97/><F85/><W103/><G84/><T75/><D74/><U134/><E134/><V60/><F60/><W29/><G87/><T57/><D73/><U17/><E17/><V123/><F123/><W47/><G83/><RYUUKYOKU ba="0,1" sc="118,-15,497,15,23,15,352,-15" hai1="2,3,5,6,32,35,38,39,53,55,56,59,112" hai2="27,30,34,52,62,67,70,88,93,97" />
</Scene>
<Scene>
<INIT seed="5,1,1,0,1,64" ten="103,512,38,337" oya="1" hai0="91,12,1,21,112,75,107,25,31,7,118,116,17" hai1="40,110,111,36,60,53,42,117,105,55,27,24,5" hai2="35,80,109,73,38,133,82,78,67,124,85,121,76" hai3="43,33,69,92,3,134,19,77,63,120,84,9,20"/><U101/><E117/><V126/><F38/><W58/><G134/><T131/><D75/><U56/><E5/><V71/><F35/><W61/><G33/><N who="0" m="20719" /><D91/><U115/><E101/><V74/><F109/><N who="1" m="41481" /><E105/><V28/><F28/><W65/><G43/><N who="1" m="16426" /><E36/><V135/><F121/><W89/><G120/><T106/><D106/><U52/><E115/><V119/><F85/><W99/><G3/><T51/><D51/><U90/><E90/><V48/><F48/><W104/><G9/><N who="0" m="2287" /><D107/><U125/><E125/><N who="2" m="48235" /><F119/><N who="0" m="45610" /><D131/><U13/><E13/><V72/><F72/><W2/><G104/><T22/><D112/><U0/><E0/><V34/><F34/><W100/><G2/><T83/><D83/><U103/><E103/><V59/><F59/><W93/><G77/><T11/><AGARI ba="1,1" hai="11,12,17,21,22" m="45610,2287,20719" machi="11" ten="30,2000,0" yaku="34,2" doraHai="64" who="0" fromWho="0" sc="103,33,512,-11,38,-6,337,-6" />
</Scene>
<Scene>
<INIT seed="6,0,0,1,4,100" ten="136,501,32,331" oya="2" hai0="104,84,12,58,111,122,3,66,107,19,59,40,67" hai1="37,27,44,133,91,88,16,92,102,81,113,1,129" hai2="10,99,13,38,36,118,64,39,48,8,54,9,79" hai3="105,28,21,70,78,124,72,11,23,55,89,71,15"/><V96/><F118/><W69/><G124/><T41/><D111/><U74/><E1/><V42/><F42/><W97/><G78/><T75/><D75/><U109/><E109/><V68/><F13/><W110/><G110/><T130/><D122/><U101/><E129/><V63/><REACH who="2" step="1"/><F79/><REACH who="2" ten="136,501,22,331" step="2"/><W73/><G15/><T86/><D12/><U131/><E131/><V26/><F26/><W56/><G71/><T76/><D130/><U106/><E27/><V47/><AGARI ba="0,1" hai="8,9,10,36,38,39,47,48,54,63,64,68,96,99" machi="47" ten="40,3900,0" yaku="1,1,0,1,53,0" doraHai="100" doraHaiUra="117" who="2" fromWho="2" sc="136,-13,501,-13,22,49,331,-13" />
</Scene>
<Scene>
<INIT seed="6,1,0,0,4,9" ten="123,488,71,318" oya="2" hai0="134,15,98,83,24,39,113,111,124,61,50,133,36" hai1="1,59,35,29,7,123,121,77,125,67,116,94,18" hai2="44,21,78,12,65,14,93,58,69,45,105,2,70" hai3="38,102,132,52,62,80,23,6,122,53,25,87,48"/><V71/><F105/><W68/><G132/><N who="0" m="50795" /><D111/><U118/><E94/><V3/><F78/><W96/><G122/><N who="1" m="46602" /><E77/><V127/><F93/><W60/><G38/><T17/><D113/><U49/><E67/><V57/><F21/><W79/><G68/><T5/><D124/><U28/><E59/><N who="2" m="22539" /><F65/><W99/><G6/><T42/><D5/><U11/><E49/><V20/><F20/><W114/><G114/><T129/><D129/><U46/><E46/><N who="2" m="18027" /><F127/><W74/><G74/><T82/><D24/><U103/><E125/><V126/><F126/><W43/><G43/><T55/><D61/><U85/><E103/><V37/><F37/><N who="0" m="14410" /><D42/><U117/><E85/><V41/><F41/><W66/><G60/><T101/><D50/><U95/><E95/><V130/><F130/><W22/><G48/><T63/><D55/><U104/><E104/><V16/><F16/><W51/><G51/><T108/><D108/><U27/><E18/><V31/><F31/><AGARI ba="1,0" hai="1,7,11,27,28,29,31,35,116,117,118" m="46602" machi="31" ten="40,5200,0" yaku="13,1,34,2" doraHai="9" who="1" fromWho="2" sc="123,0,488,55,71,-55,318,0" />
</Scene>
<Scene>
<INIT seed="7,0,0,4,1,37" ten="123,543,16,318" oya="3" hai0="6,121,75,127,55,135,63,72,134,110,21,0,81" hai1="26,82,56,97,68,58,125,11,45,102,22,5,99" hai2="43,57,16,112,73,40,79,13,101,107,69,14,20" hai3="61,114,104,7,94,34,25,10,86,131,116,32,87"/><W66/><G104/><T129/><D110/><U39/><E68/><V12/><F69/><W118/><G116/><T48/><D121/><U42/><E82/><V98/><F112/><W19/><G118/><T9/><D63/><U130/><E130/><V76/><F57/><W91/><G114/><T51/><D51/><U64/><E125/><V41/><REACH who="2" step="1"/><F73/><REACH who="2" ten="123,543,6,318" step="2"/><W90/><G131/><T27/><D129/><U93/><E64/><V52/><F52/><W24/><G66/><T54/><D54/><U120/><E99/><V67/><F67/><W70/><G70/><T88/><D55/><U30/><E120/><V122/><F122/><W113/><G113/><T23/><D75/><U133/><E133/><V123/><F123/><W100/><G61/><T103/><D72/><U78/><E78/><V119/><F119/><W124/><G124/><T109/><D127/><U95/><E95/><V31/><F31/><W89/><G100/><T2/><D103/><U106/><E106/><V77/><AGARI ba="0,1" hai="12,13,14,16,20,40,41,43,76,77,79,98,101,107" machi="77" ten="30,12000,2" yaku="1,1,0,1,52,3,54,1,53,0" doraHai="37" doraHaiUra="62" who="2" fromWho="2" sc="123,-30,543,-30,6,130,318,-60" owari="93,-41.0,513,61.0,136,-26.0,258,6.0" />
</Scene>
</mjloggm>