<mjloggm ver="2.3"><GO type="169" lobby="0"/><UN n0="%74%61%6E%61%4B%61" n1="%E3%83%AD%E3%83%83%E3%83%86%E9%9B%80%E7%90%83" n2="%E9%96%A2%E4%B8%83%E6%B5%B7" n3="%E5%A4%AA%E3%81%8F%E3%81%AA%E3%81%84%E3%81%8A" dan="17,17,16,17" rate="2151.89,2194.39,2145.40,2185.95" sx="M,M,M,F"/><TAIKYOKU oya="0"/>

<Scene>
<INIT seed="0,0,0,5,4,95" ten="250,250,250,250" oya="0" hai0="101,11,90,129,105,85,45,65,111,108,91,27,126" hai1="88,14,37,89,38,94,116,82,73,47,130,16,84" hai2="83,69,131,62,125,24,77,72,32,80,87,1,51" hai3="53,26,49,134,112,71,119,70,124,114,107,55,41"/><T133/><D129/><U42/><E116/><V113/><F1/><W99/><G26/><T100/><D126/><U135/><E130/><V28/><F113/><W0/><G0/><T58/><D133/><U33/><E135/><V123/><F125/><W31/><G31/><T60/><D27/><U61/><E33/><V57/><F123/><W127/><G107/><T21/><D21/><U109/><E109/><N who="0" m="42057" /><D105/><U96/><E73/><V46/><F69/><W4/><G134/><T44/><D11/><U30/><E30/><V67/><F131/><W29/><G29/><T92/><D91/><U103/><E61/><V34/><F34/><W7/><G119/><T102/><AGARI ba="0,0" hai="44,45,58,60,65,85,90,92,100,101,102" m="42057" machi="102" ten="30,3000,0" yaku="14,1,10,1" doraHai="95" who="0" fromWho="0" sc="250,30,250,-10,250,-10,250,-10" />
</Scene>
<Scene>
<INIT seed="0,1,0,1,0,135" ten="280,240,240,240" oya="0" hai0="79,18,46,73,120,122,28,54,52,84,80,3,63" hai1="124,60,44,71,76,123,57,108,88,110,20,23,14" hai2="17,42,81,130,132,53,74,107,19,56,105,106,134" hai3="16,59,0,89,41,83,125,82,58,109,101,40,50"/><T75/><D3/><U45/><E124/><V25/><F130/><W96/><G0/><T111/><D111/><N who="1" m="42539" /><E71/><V49/><F42/><W5/><G5/><T113/><D113/><U43/><E123/><V102/><F102/><W9/><G109/><T115/><D115/><U62/><E76/><V32/><F81/><W119/><G119/><T95/><D28/><U38/><E45/><V133/><REACH who="2" step="1"/><F74/><REACH who="2" ten="280,240,230,240" step="2"/><W87/><G83/><T98/><D75/><U24/><E43/><V116/><F116/><W11/><G41/><T112/><D73/><U10/><E38/><V104/><N who="2" m="26624" /><DORA hai="8" /><V103/><F103/><W78/><G101/><T48/><D112/><U70/><E62/><V15/><F15/><W93/><G40/><T126/><D120/><U51/><E60/><V131/><F131/><W117/><G117/><T31/><D122/><U21/><E14/><V118/><F118/><W33/><G82/><T99/><D80/><U100/><E100/><V47/><F47/><W66/><G78/><T114/><D46/><U92/><E44/><V12/><F12/><W61/><G61/><T64/><D63/><U72/><E72/><V22/><F22/><W121/><G121/><T7/><D114/><U1/><E21/><V77/><F77/><W68/><G93/><T36/><D79/><U67/><E23/><V128/><F128/><W26/><G68/><T86/><D95/><U127/><E70/><V55/><F55/><W34/><G59/><T37/><D54/><U85/><E92/><V35/><F35/><W30/><G34/><T2/><D52/><U13/><E57/><RYUUKYOKU ba="1,1" sc="280,-10,240,-10,230,30,240,-10" hai2="17,19,25,32,49,53,56,132,133,134" />
</Scene>
<Scene>
<INIT seed="1,2,1,5,0,19" ten="270,230,260,230" oya="1" hai0="78,0,36,81,28,82,115,8,27,29,51,126,14" hai1="129,22,124,79,42,108,44,89,94,32,16,117,25" hai2="132,103,64,99,57,88,121,134,112,84,26,53,54" hai3="45,90,39,80,9,118,77,59,128,130,70,131,48"/><U98/><E117/><V18/><F121/><W120/><G70/><T5/><D36/><U40/><E124/><V85/><F112/><W122/><G118/><T52/><D126/><U31/><E129/><V114/><F114/><W10/><G39/><T15/><D115/><U38/><E42/><V95/><F64/><W101/><G101/><T83/><D78/><U74/><E108/><V93/><F84/><N who="3" m="48143" /><G59/><T91/><D91/><U2/><E2/><V105/><F105/><W110/><G110/><T20/><REACH who="0" step="1"/><D29/><REACH who="0" ten="260,230,260,230" step="2"/><U111/><E111/><V34/><F132/><W67/><G90/><T102/><D102/><U21/><E79/><V68/><F134/><W4/><G120/><T116/><D116/><U113/><E113/><V33/><F103/><W76/><G76/><T66/><D66/><U109/><E109/><V69/><F88/><W72/><G67/><T92/><D92/><U6/><E74/><V135/><F135/><W106/><G122/><T133/><D133/><U119/><E119/><V104/><F104/><W24/><G106/><T65/><D65/><U47/><E89/><V123/><F123/><W17/><G72/><T30/><D30/><U50/><E94/><V58/><F85/><W23/><G4/><T60/><D60/><U43/><E6/><V46/><F99/><W56/><G56/><AGARI ba="2,2" hai="0,5,8,14,15,20,27,28,51,52,56,81,82,83" machi="56" ten="40,5200,0" yaku="1,1,52,1,54,1,53,0" doraHai="19" doraHaiUra="62" who="0" fromWho="3" sc="260,78,230,0,260,0,230,-58" />
</Scene>
<Scene>
<INIT seed="2,0,0,5,5,54" ten="338,230,260,172" oya="2" hai0="6,41,100,98,102,8,45,87,61,0,94,69,57" hai1="33,47,4,75,106,35,135,24,67,65,72,44,125" hai2="56,66,68,3,113,28,101,22,90,123,78,26,76" hai3="105,48,23,96,73,13,1,122,91,85,12,63,89"/><V103/><F123/><W43/><G73/><T83/><D69/><U15/><E106/><V70/><F3/><W49/><G1/><T117/><D117/><U55/><E135/><V14/><F113/><W36/><G122/><T21/><D21/><U74/><E125/><V115/><F115/><W58/><G36/><T99/><D99/><U124/><E124/><V80/><F70/><W52/><G105/><T134/><D134/><U42/><E55/><V2/><F2/><W7/><G7/><T116/><D116/><U19/><E4/><V10/><F68/><W50/><G43/><T25/><D25/><U32/><E24/><V62/><F90/><W107/><G23/><T111/><D111/><U46/><REACH who="1" step="1"/><E42/><REACH who="1" ten="338,220,260,172" step="2"/><V34/><F34/><W121/><G121/><T114/><D114/><U81/><E81/><V30/><F30/><W127/><G127/><T129/><D41/><U79/><E79/><N who="2" m="30251" /><F80/><N who="3" m="49319" /><G107/><T133/><D83/><U27/><E27/><V126/><F126/><W119/><G119/><T18/><D133/><U77/><E77/><V5/><AGARI ba="0,1" hai="5,10,14,22,26,28,56,62,66,101,103" m="30251" machi="5" ten="30,3000,0" yaku="8,1,52,1" doraHai="54" who="2" fromWho="2" sc="338,-10,220,-10,260,40,172,-10" />
</Scene>
<Scene>
<INIT seed="2,1,0,4,3,43" ten="328,210,300,162" oya="2" hai0="52,109,19,14,89,125,4,81,67,35,120,55,41" hai1="50,2,129,116,105,101,18,100,24,92,54,30,13" hai2="106,84,78,97,111,98,70,76,15,132,1,65,91" hai3="96,128,77,94,3,47,37,88,117,130,63,110,90"/><V121/><F1/><W11/><G117/><T59/><D120/><U6/><E116/><V61/><F121/><W26/><G110/><T7/><D109/><U126/><E105/><V103/><F132/><W31/><G77/><T86/><D35/><U36/><E36/><V40/><F111/><W124/><G124/><T17/><D41/><U10/><E126/><V12/><F97/><W87/><G63/><N who="0" m="38399" /><D125/><U123/><E129/><N who="3" m="49770" /><G3/><T33/><D33/><N who="1" m="20679" /><E92/><V135/><F135/><W99/><G11/><N who="0" m="6367" /><D19/><U118/><E118/><V46/><F76/><W82/><G37/><T72/><D72/><U58/><E123/><V9/><F78/><W56/><G56/><T27/><D27/><U62/><E62/><V38/><REACH who="2" step="1"/><F9/><REACH who="2" ten="328,210,290,162" step="2"/><W29/><G99/><T48/><D55/><U45/><E54/><V66/><F66/><W51/><G26/><T42/><D42/><AGARI ba="1,1" hai="29,31,42,47,51,82,87,88,90,94,96" m="49770" machi="42" ten="30,3900,0" yaku="19,1,52,1,54,1" doraHai="43" who="3" fromWho="0" sc="328,-42,210,0,290,0,162,52" />
</Scene>
<Scene>
<INIT seed="3,0,0,1,2,61" ten="286,210,290,214" oya="3" hai0="8,12,101,4,27,73,95,135,98,64,123,52,92" hai1="114,5,75,23,118,6,9,113,80,24,131,104,19" hai2="11,74,53,20,89,111,125,124,16,82,25,86,97" hai3="126,88,29,79,121,39,1,100,63,43,109,21,34"/><W2/><G121/><T45/><D123/><U76/><E131/><V103/><F111/><W108/><G34/><T81/><D135/><U129/><E129/><V77/><F11/><W119/><G119/><T56/><D27/><U18/><E118/><V37/><F37/><W65/><G79/><T47/><D64/><U51/><E104/><V99/><F53/><W90/><G100/><T94/><D81/><U71/><E71/><V120/><F120/><W31/><G43/><T46/><REACH who="0" step="1"/><D73/><REACH who="0" ten="276,210,290,214" step="2"/><U112/><E112/><V130/><F130/><W93/><G109/><T3/><D3/><U50/><E114/><V83/><REACH who="2" step="1"/><F99/><REACH who="2" ten="276,210,280,214" step="2"/><W59/><G108/><T69/><D69/><U70/><E70/><V57/><F57/><W36/><G59/><T127/><D127/><U68/><E68/><V58/><F58/><W115/><G126/><T66/><D66/><U35/><E113/><V7/><F7/><W85/><G115/><T26/><D26/><U42/><E5/><V14/><F14/><W116/><G116/><T41/><D41/><U105/><E6/><V55/><F55/><W33/><G1/><T15/><D15/><U40/><E24/><V62/><F62/><AGARI ba="0,2" hai="4,8,12,45,46,47,52,56,62,92,94,95,98,101" machi="62" ten="40,5200,0" yaku="1,1,8,1,54,1,53,0" doraHai="61" doraHaiUra="132" who="0" fromWho="2" sc="276,72,210,0,280,-52,214,0" />
</Scene>
<Scene>
<INIT seed="4,0,0,0,5,93" ten="348,210,228,214" oya="0" hai0="63,103,74,66,13,102,38,42,52,100,25,59,134" hai1="58,19,127,3,30,45,132,53,11,16,35,109,79" hai2="121,122,56,8,113,22,55,76,77,73,12,135,125" hai3="129,69,6,106,86,20,61,92,105,48,21,114,133"/><T95/><D74/><U130/><E109/><V17/><F125/><W4/><G48/><T97/><D134/><U68/><E68/><V23/><F113/><W98/><G114/><T31/><D13/><U120/><E120/><V41/><F135/><W128/><G133/><T15/><D15/><U70/><E70/><V43/><F73/><W104/><G86/><T46/><REACH who="0" step="1"/><D66/><REACH who="0" ten="338,210,228,214" step="2"/><U5/><E132/><V94/><F122/><W49/><G129/><T29/><D29/><U90/><E30/><V115/><F121/><W60/><G128/><T99/><D99/><U0/><E130/><V18/><F115/><W24/><G98/><T107/><D107/><U112/><E112/><V116/><F12/><W89/><G106/><T2/><D2/><U40/><E0/><V9/><F116/><W39/><G105/><T119/><D119/><U88/><E3/><V10/><F10/><W64/><G104/><T123/><D123/><U51/><E11/><V82/><F9/><W71/><G64/><T65/><D65/><U44/><E127/><V85/><F8/><W80/><G4/><T81/><D81/><U26/><E5/><V34/><F82/><W27/><G80/><T1/><D1/><U84/><E19/><V111/><F111/><W14/><G14/><T57/><D57/><U75/><E58/><V47/><F56/><W33/><G6/><T37/><D37/><U7/><E16/><V126/><F18/><W117/><G39/><T32/><AGARI ba="0,1" hai="25,31,32,38,42,46,52,59,63,95,97,100,102,103" machi="32" ten="20,12000,1" yaku="1,1,0,1,7,1,52,1,54,1,53,0" doraHai="93" doraHaiUra="108" who="0" fromWho="0" sc="338,130,210,-40,228,-40,214,-40" />
</Scene>
<Scene>
<INIT seed="4,1,0,1,3,8" ten="468,170,188,174" oya="0" hai0="106,77,49,2,91,107,112,36,52,134,23,89,70" hai1="3,44,78,57,13,14,7,43,100,4,20,35,79" hai2="40,31,16,65,12,130,55,99,85,47,25,51,109" hai3="133,90,28,34,129,125,113,21,102,110,5,135,126"/><T46/><D70/><U119/><E119/><V6/><F109/><W59/><G102/><T61/><D2/><U45/><E35/><V10/><F130/><W54/><G110/><T118/><D118/><U30/><E3/><V75/><F75/><W108/><G108/><T80/><D112/><U29/><E100/><V19/><F65/><W116/><G116/><T122/><D122/><U38/><E57/><V39/><F99/><W62/><G34/><T98/><D134/><N who="3" m="51209" /><G113/><T1/><D1/><U64/><E64/><V74/><F74/><W22/><G5/><N who="1" m="2122" /><E38/><V15/><F85/><W83/><G28/><N who="1" m="10858" /><E20/><N who="3" m="7786" /><G129/><T37/><D106/><U32/><E32/><V41/><F39/><W131/><G131/><T73/><D36/><U92/><E92/><V24/><F6/><W114/><G114/><T87/><D37/><U69/><E69/><V60/><F31/><W96/><G83/><T67/><D23/><U124/><E124/><V17/><F17/><W58/><G59/><T76/><D107/><U105/><E105/><V68/><F68/><W111/><G111/><T18/><D73/><U71/><E71/><V56/><F41/><W127/><G126/><T72/><D72/><U128/><E128/><V48/><F48/><W86/><G127/><T115/><D49/><N who="1" m="26783" /><E45/><V66/><F66/><W82/><G125/><T63/><D67/><U26/><E26/><V11/><AGARI ba="1,0" hai="10,11,12,15,16,19,24,25,40,47,51,55,56,60" machi="11" ten="20,12000,2" yaku="0,1,7,1,9,1,8,1,52,2,54,1" doraHai="8" who="2" fromWho="2" sc="468,-61,170,-31,188,123,174,-31" />
</Scene>
<Scene>
<INIT seed="5,0,0,4,4,51" ten="407,139,311,143" oya="1" hai0="113,36,84,7,99,53,116,6,42,54,126,16,19" hai1="134,62,102,71,112,105,11,57,68,10,95,48,58" hai2="59,123,85,97,100,39,20,63,28,89,15,93,88" hai3="18,132,110,91,87,78,41,127,8,131,5,45,24"/><U66/><E105/><V27/><F39/><W70/><G110/><T133/><D116/><U111/><E111/><V26/><F123/><W80/><G70/><T3/><D113/><U43/><E112/><V47/><F47/><W120/><G120/><T92/><D126/><U33/><E33/><V2/><F2/><W104/><G104/><T49/><D36/><U30/><E30/><V86/><F26/><W94/><G127/><T101/><D133/><U23/><E23/><V106/><F15/><W135/><G131/><T81/><D42/><U38/><E38/><V65/><F106/><W79/><G18/><N who="0" m="6699" /><D3/><U31/><E31/><V77/><F85/><W12/><G24/><T37/><D37/><U4/><E134/><N who="3" m="51242" /><G41/><T76/><D54/><U29/><E29/><V22/><F22/><W40/><G40/><T90/><D76/><N who="3" m="29225" /><G45/><AGARI ba="0,0" hai="6,7,45,49,53,81,84,90,92,99,101" m="6699" machi="45" ten="30,3900,0" yaku="8,1,52,1,54,1" doraHai="51" who="0" fromWho="3" sc="407,39,139,0,311,0,143,-39" />
</Scene>
<Scene>
<INIT seed="6,0,0,4,5,10" ten="446,139,311,104" oya="2" hai0="42,106,133,11,95,90,79,110,81,53,32,61,86" hai1="73,13,43,109,27,125,9,102,33,88,101,7,83" hai2="87,60,103,40,100,130,44,84,41,94,115,92,107" hai3="12,3,71,76,37,64,113,135,46,108,68,80,91"/><V14/><F115/><W24/><G3/><T21/><D110/><U118/><E109/><V93/><F130/><W17/><G108/><T66/><D32/><U82/><E118/><V78/><F60/><W23/><G135/><T75/><D133/><U56/><E125/><V62/><F62/><W124/><G124/><T74/><D42/><N who="2" m="16490" /><F107/><W97/><G113/><T131/><D131/><U1/><E56/><V99/><F44/><W59/><G59/><T52/><D106/><U5/><E43/><V117/><F117/><W29/><G46/><T128/><D128/><U39/><E39/><V6/><F99/><W122/><G37/><T69/><D74/><U119/><E119/><V120/><F120/><W16/><G122/><T54/><D21/><U123/><E123/><V20/><F78/><W63/><G68/><T72/><D72/><U116/><E116/><V129/><F129/><W65/><G65/><T132/><D132/><U67/><E67/><V127/><F127/><W35/><G17/><T38/><D38/><U89/><E5/><V15/><F6/><W121/><G121/><T28/><D28/><N who="1" m="19615" /><E73/><V48/><F48/><W47/><G47/><T50/><D11/><U0/><E0/><V36/><F36/><W104/><G91/><N who="1" m="34890" /><E1/><V45/><F45/><AGARI ba="0,0" hai="45,50,52,53,54,61,66,69,75,79,81,86,90,95" machi="45" ten="30,2000,0" yaku="7,1,54,1" doraHai="10" who="0" fromWho="2" sc="446,20,139,0,311,-20,104,0" />
</Scene>
<Scene>
<INIT seed="7,0,0,0,5,91" ten="466,139,291,104" oya="3" hai0="72,48,109,24,59,50,31,94,117,122,96,93,126" hai1="84,9,0,119,53,81,79,19,67,58,22,32,21" hai2="63,4,39,61,135,38,101,112,75,120,8,3,97" hai3="26,89,66,49,65,114,57,64,11,15,62,128,73"/><W27/><G73/><T106/><D109/><U125/><E32/><V69/><F112/><W78/><G114/><T13/><D72/><U121/><E121/><V51/><F135/><W29/><G128/><T46/><D117/><U60/><E125/><V68/><F75/><W116/><G116/><T54/><D126/><U45/><E119/><V17/><F51/><W55/><G78/><T92/><D122/><U127/><E127/><V83/><F83/><W16/><G89/><T80/><D80/><U35/><E35/><V86/><F86/><W43/><REACH who="3" step="1"/><G29/><REACH who="3" ten="466,139,291,94" step="2"/><T12/><D31/><U77/><E77/><V100/><F120/><W2/><G2/><T14/><D96/><U88/><E79/><V115/><F97/><W99/><G99/><T71/><D106/><U103/><E103/><V5/><F115/><W44/><AGARI ba="0,1" hai="11,15,16,26,27,43,44,49,55,57,62,64,65,66" machi="44" ten="30,11700,0" yaku="1,1,0,1,8,1,54,1,53,0" doraHai="91" doraHaiUra="76" who="3" fromWho="3" sc="466,-39,139,-39,291,-39,94,127" />
</Scene>
<Scene>
<INIT seed="7,1,0,1,2,89" ten="427,100,252,221" oya="3" hai0="133,22,117,20,17,65,76,134,2,92,70,109,132" hai1="118,111,93,84,127,100,54,64,56,31,34,12,44" hai2="99,13,98,69,74,28,0,75,29,68,82,105,87" hai3="32,135,91,110,59,129,52,15,24,58,53,114,90"/><W6/><G114/><T36/><D109/><U18/><E111/><V55/><F0/><W96/><G110/><T40/><D117/><U11/><E127/><V119/><F119/><W112/><G112/><T4/><D76/><U120/><E120/><V79/><F13/><W77/><G77/><T107/><D107/><U73/><E118/><V5/><F5/><W42/><G42/><T16/><D92/><U97/><E73/><V131/><F131/><W86/><G129/><T60/><D4/><U78/><E34/><V50/><F69/><W26/><G135/><T41/><D2/><U103/><E31/><V37/><F68/><W30/><G96/><T80/><D80/><U102/><E44/><V63/><F63/><N who="3" m="36295" /><G32/><T81/><D81/><U130/><E130/><V128/><F37/><W21/><G26/><N who="0" m="14599" /><D36/><U7/><E64/><V71/><F71/><W25/><G25/><AGARI ba="1,0" hai="17,22,25,40,41,60,65,70,132,133,134" m="14599" machi="25" ten="30,2000,0" yaku="20,1,54,1" doraHai="89" who="0" fromWho="3" sc="427,23,100,0,252,0,221,-23" owari="450,55.0,100,-40.0,252,5.0,198,-20.0" />
</Scene>
</mjloggm>