<mjloggm ver="2.3"><GO type="169" lobby="0"/><UN n0="%73%68%6F%6F%74%33%39" n1="%E9%9B%BB%E6%B0%97%E5%B7%A5%E4%BA%8B%E5%B1%8B" n2="%E9%8A%80%E3%81%B0%E3%81%95%E3%81%BF" n3="%E5%A4%AA%E3%81%8F%E3%81%AA%E3%81%84%E3%81%8A" dan="19,16,18,18" rate="2209.61,2086.27,2121.62,2216.63" sx="M,M,M,M"/><TAIKYOKU oya="0"/>

<Scene>
<INIT seed="0,0,0,1,0,119" ten="250,250,250,250" oya="0" hai0="29,118,6,61,105,22,20,7,77,99,50,44,86" hai1="72,24,130,60,26,100,67,31,46,28,19,111,98" hai2="32,15,52,45,42,132,126,35,81,76,47,13,36" hai3="30,56,0,54,89,113,96,124,1,91,71,8,65"/><T74/><D118/><U18/><E72/><V40/><F132/><W64/><G113/><T79/><D74/><U116/><E116/><V115/><F115/><W39/><G39/><T37/><D37/><U9/><E46/><V75/><F126/><W53/><G71/><T11/><D61/><U125/><E130/><V107/><F107/><W110/><G124/><T25/><D22/><U135/><E9/><V66/><F66/><W27/><G110/><T82/><D79/><U85/><E85/><V88/><F52/><W134/><G134/><T23/><D23/><N who="1" m="15455" /><E111/><V55/><F55/><W104/><G104/><T57/><D57/><N who="1" m="37263" /><E135/><V58/><F58/><W90/><G8/><T43/><REACH who="0" step="1"/><D11/><REACH who="0" ten="240,250,250,250" step="2"/><U4/><E125/><V97/><F32/><W2/><G56/><T112/><D112/><U14/><E31/><V108/><F35/><W114/><G114/><T5/><D5/><U103/><E4/><V62/><F108/><W127/><G127/><T121/><D121/><U131/><E19/><V41/><F62/><W10/><G10/><T133/><D133/><U123/><E123/><V93/><REACH who="2" step="1"/><F41/><REACH who="2" ten="240,250,240,250" step="2"/><W68/><G64/><T102/><AGARI ba="0,2" hai="6,7,20,25,29,43,44,50,77,82,86,99,102,105" machi="102" ten="30,3000,0" yaku="1,1,0,1,53,0" doraHai="119" doraHaiUra="84" who="0" fromWho="0" sc="240,50,250,-10,240,-10,250,-10" />
</Scene>
<Scene>
<INIT seed="0,1,0,1,3,64" ten="290,240,230,240" oya="0" hai0="131,68,74,121,97,43,48,23,8,89,103,122,21" hai1="92,66,133,32,99,34,36,108,11,62,128,88,57" hai2="134,58,42,67,40,126,130,75,20,51,47,102,91" hai3="73,82,86,93,129,83,80,95,119,76,14,38,114"/><T110/><D74/><U54/><E133/><V30/><F75/><W4/><G38/><T65/><D89/><U2/><E128/><V35/><F35/><W84/><G4/><T25/><D131/><U63/><E36/><V70/><F130/><W16/><G129/><T3/><D23/><U116/><E116/><V41/><F102/><W52/><G119/><T50/><D110/><U37/><E37/><V61/><F134/><W28/><G28/><T120/><D43/><U78/><E78/><V49/><F91/><W1/><G1/><T98/><D8/><U94/><E108/><V104/><F104/><W127/><G114/><T9/><D9/><U59/><REACH who="1" step="1"/><E94/><REACH who="1" ten="290,230,230,240" step="2"/><V46/><F126/><W60/><G127/><T44/><D122/><U6/><AGARI ba="1,1" hai="2,6,11,32,34,54,57,59,62,63,66,88,92,99" machi="6" ten="30,7900,0" yaku="1,1,2,1,0,1,54,1,53,0" doraHai="64" doraHaiUra="69" who="1" fromWho="1" sc="290,-40,230,92,230,-21,240,-21" />
</Scene>
<Scene>
<INIT seed="1,0,0,5,3,64" ten="250,322,209,219" oya="1" hai0="20,54,103,30,49,82,73,28,26,40,74,112,53" hai1="95,75,43,120,17,13,2,37,104,24,42,80,130" hai2="58,1,5,31,11,55,61,81,10,110,22,3,88" hai3="66,132,39,121,94,114,134,15,72,18,131,71,29"/><U8/><E104/><V60/><F110/><W48/><G121/><T62/><D112/><U127/><E120/><V102/><F102/><W57/><G114/><T117/><D117/><U128/><E127/><V32/><F32/><W123/><G39/><T99/><D30/><U109/><E37/><V65/><F31/><W79/><G123/><T107/><D40/><U16/><E2/><V19/><F11/><W125/><G125/><T93/><D107/><U85/><E95/><V25/><F3/><W35/><G131/><N who="1" m="50218" /><E75/><V67/><REACH who="2" step="1"/><F61/><REACH who="2" ten="250,322,199,219" step="2"/><W52/><G29/><T44/><D62/><U133/><E133/><V101/><F101/><W77/><G35/><T46/><D103/><U23/><E109/><V113/><F113/><W100/><G134/><T36/><D28/><U129/><E129/><V111/><F111/><W7/><G132/><T14/><D20/><U118/><E118/><V69/><F69/><W63/><G7/><T106/><D106/><U33/><E33/><V119/><F119/><W124/><G124/><T34/><D34/><U51/><E8/><V27/><F27/><W84/><G100/><T122/><D26/><U78/><E24/><V96/><F96/><W56/><G71/><T108/><D99/><U91/><E17/><V87/><AGARI ba="0,1" hai="1,5,10,19,22,25,55,58,60,65,67,81,87,88" machi="87" ten="30,7900,0" yaku="1,1,0,1,54,1,53,1" doraHai="64" doraHaiUra="6" who="2" fromWho="2" sc="250,-20,322,-39,199,89,219,-20" />
</Scene>
<Scene>
<INIT seed="2,0,0,0,1,60" ten="230,283,288,199" oya="2" hai0="108,22,31,24,21,133,48,16,120,28,122,112,53" hai1="49,58,55,97,34,9,64,1,3,106,93,129,44" hai2="62,4,79,114,131,83,38,109,29,125,80,68,91" hai3="69,98,57,132,8,56,85,72,113,134,123,104,78"/><V81/><F114/><W45/><G123/><T92/><D112/><U65/><E106/><V47/><F131/><W126/><G113/><T0/><D0/><U7/><E34/><V27/><F125/><W100/><G69/><T66/><D108/><U75/><E75/><V110/><F4/><W20/><G72/><T35/><D133/><N who="3" m="51305" /><G126/><T42/><D42/><U36/><E129/><V51/><F38/><W5/><G20/><T12/><D66/><U63/><E36/><V19/><F19/><W82/><G45/><T116/><D116/><U71/><E3/><AGARI ba="0,0" hai="3,5,8,56,57,78,82,85,98,100,104" m="51305" machi="3" ten="30,1000,0" yaku="20,1" doraHai="60" who="3" fromWho="1" sc="230,0,283,-10,288,0,199,10" />
</Scene>
<Scene>
<INIT seed="3,0,0,5,5,57" ten="230,273,288,209" oya="3" hai0="38,79,90,116,74,104,20,26,68,54,134,18,29" hai1="50,30,84,119,61,123,131,9,66,23,14,46,75" hai2="41,71,12,47,15,77,48,111,93,53,4,69,1" hai3="63,88,133,32,44,56,0,110,92,129,82,124,91"/><W130/><G0/><T31/><D116/><U102/><E123/><V11/><F111/><W127/><G32/><T43/><D104/><U51/><E75/><V34/><F34/><W109/><G44/><T87/><D134/><U7/><E131/><N who="3" m="50186" /><G82/><T94/><D68/><U45/><E102/><V28/><F28/><W122/><G122/><T105/><D105/><U39/><E39/><V17/><F77/><W73/><G73/><T67/><D67/><U64/><E64/><V114/><F114/><W95/><G133/><T132/><D132/><U97/><E97/><V22/><F93/><N who="3" m="35915" /><G56/><T24/><D43/><U27/><E84/><V5/><F1/><W2/><G2/><T70/><D70/><U13/><E119/><V62/><F5/><W128/><G63/><T103/><D38/><U126/><E46/><V81/><F81/><W120/><G120/><T36/><D36/><U37/><E51/><V100/><F100/><W83/><G128/><T42/><D42/><U58/><E37/><V25/><F12/><W89/><G83/><T10/><D103/><U3/><REACH who="1" step="1"/><E126/><AGARI ba="0,0" hai="88,89,91,109,110,124,126,127" m="35915,50186" machi="126" ten="40,18000,2" yaku="28,2,18,1,19,1,34,2,54,1" doraHai="57" who="3" fromWho="1" sc="230,0,273,-180,288,0,209,180" />
</Scene>
<Scene>
<INIT seed="3,1,0,2,2,18" ten="230,93,288,389" oya="3" hai0="43,11,120,63,128,111,108,81,65,119,93,82,41" hai1="32,39,35,133,70,0,20,49,10,95,60,88,6" hai2="29,33,101,61,31,69,127,14,64,76,90,112,16" hai3="34,85,67,13,73,53,44,107,7,71,87,83,57"/><W131/><G34/><T42/><D119/><U121/><E121/><V122/><F112/><W5/><G107/><T113/><D120/><U50/><E39/><V4/><F122/><W124/><G73/><T36/><D36/><U47/><E50/><V80/><F127/><W46/><G71/><T52/><D113/><U37/><E37/><V9/><F101/><W106/><G106/><T102/><D128/><U130/><E130/><V75/><F33/><W28/><G67/><T117/><D117/><U89/><E89/><V116/><F116/><W24/><G124/><T59/><D11/><U38/><E38/><V91/><F91/><W78/><G87/><T105/><D93/><U17/><E70/><V109/><F109/><N who="0" m="42058" /><D65/><U56/><E133/><V135/><F135/><W115/><G115/><T86/><D86/><U123/><E123/><V30/><F90/><W79/><G79/><T74/><D74/><U114/><E60/><V84/><F75/><W12/><G5/><T15/><D15/><N who="3" m="5705" /><G7/><T23/><D23/><U3/><E3/><V77/><F77/><W97/><G131/><T129/><D129/><U25/><E56/><V1/><REACH who="2" step="1"/><F31/><REACH who="2" ten="230,93,278,389" step="2"/><W68/><G28/><T126/><D126/><U125/><E125/><V94/><F94/><W22/><G78/><T45/><D102/><U26/><E114/><V118/><F118/><W21/><G83/><T40/><D105/><U55/><REACH who="1" step="1"/><E26/><REACH who="1" ten="230,83,278,389" step="2"/><V100/><F100/><W134/><G24/><T98/><D82/><U92/><E92/><V99/><F99/><AGARI ba="1,2" hai="0,6,10,17,20,25,32,35,47,49,55,88,95,99" machi="99" ten="30,8000,1" yaku="1,1,7,1,52,1,54,1,53,1" doraHai="18" doraHaiUra="2" who="1" fromWho="2" sc="230,0,83,103,278,-83,389,0" />
</Scene>
<Scene>
<INIT seed="4,0,0,1,1,67" ten="230,186,195,389" oya="0" hai0="62,124,39,120,28,26,1,118,19,123,5,102,57" hai1="70,58,56,63,66,45,0,37,74,88,116,32,110" hai2="121,68,51,54,42,114,9,43,46,69,100,105,73" hai3="84,95,81,109,103,122,50,3,71,53,33,7,17"/><T85/><D39/><U44/><E32/><V77/><F121/><W89/><G109/><T111/><D118/><U92/><E74/><V64/><F77/><W11/><G33/><T82/><D111/><U133/><E110/><V13/><F73/><W76/><G122/><T98/><D19/><U128/><E0/><V6/><F114/><W21/><G103/><T61/><D124/><U48/><E116/><V31/><F31/><W119/><G119/><T91/><D5/><U106/><E106/><V125/><F125/><W20/><G17/><T108/><D61/><U113/><E133/><V126/><F126/><W29/><G29/><T65/><D1/><U30/><E30/><V16/><F64/><W8/><G8/><T101/><D101/><U80/><E80/><V130/><F130/><W129/><G71/><T86/><D86/><U59/><E128/><V104/><F6/><W132/><G132/><T35/><REACH who="0" step="1"/><D108/><REACH who="0" ten="220,186,195,389" step="2"/><U47/><E37/><V75/><F75/><W38/><G38/><T99/><D99/><U79/><E113/><V78/><F100/><W115/><G115/><T22/><D22/><U94/><E79/><V18/><F78/><W83/><G129/><T4/><D4/><U134/><E134/><V90/><F18/><W24/><G76/><T10/><D10/><U27/><E27/><V34/><F34/><W2/><G2/><T117/><D117/><U36/><E36/><V93/><F104/><AGARI ba="0,1" hai="26,28,35,57,62,65,82,85,91,98,102,104,120,123" machi="104" ten="30,2900,0" yaku="1,1,7,1,53,0" doraHai="67" doraHaiUra="40" who="0" fromWho="2" sc="220,39,186,0,195,-29,389,0" />
</Scene>
<Scene>
<INIT seed="4,1,0,2,5,36" ten="259,186,166,389" oya="0" hai0="89,63,117,47,83,78,116,114,10,12,125,108,33" hai1="64,53,52,44,115,130,68,11,43,126,24,61,1" hai2="110,102,16,95,113,46,81,34,55,51,41,31,45" hai3="106,5,20,124,62,23,121,27,118,120,18,97,72"/><T79/><D33/><U4/><E130/><V54/><F110/><W6/><G72/><T35/><D35/><U88/><E126/><V80/><F113/><W17/><G62/><T66/><D114/><U127/><E127/><V15/><F31/><W119/><G97/><T3/><D125/><U90/><E115/><V99/><F34/><W28/><G106/><T0/><D108/><U73/><E73/><V77/><F77/><W93/><G93/><T69/><D89/><U94/><E24/><V2/><F2/><W133/><G124/><T40/><D3/><U128/><E128/><V107/><F107/><W134/><G27/><T22/><D22/><U76/><E76/><V91/><F91/><W132/><G133/><T74/><D79/><U105/><E105/><V135/><F135/><W112/><G112/><T86/><D0/><U122/><E122/><V9/><REACH who="2" step="1"/><F55/><REACH who="2" ten="259,186,156,389" step="2"/><W49/><G28/><T75/><D74/><U60/><E90/><V56/><F56/><W70/><G70/><T87/><D75/><U131/><E131/><V30/><F30/><W38/><G132/><T8/><D69/><U58/><E68/><V82/><F82/><W84/><G134/><T50/><D83/><U101/><E101/><V21/><F21/><W19/><G20/><T92/><D78/><U7/><E53/><V111/><F111/><W48/><G23/><T100/><D100/><U13/><E1/><V65/><F65/><W42/><G120/><T39/><D66/><U96/><E64/><V26/><F26/><W32/><G121/><T71/><D71/><U85/><E52/><RYUUKYOKU ba="1,1" sc="259,-10,186,-10,156,30,389,-10" hai2="9,15,16,41,45,46,51,54,80,81,95,99,102" />
</Scene>
<Scene>
<INIT seed="5,2,1,0,5,87" ten="249,176,186,379" oya="1" hai0="59,124,48,107,128,90,10,19,57,3,121,84,49" hai1="85,97,9,74,125,8,32,51,40,119,76,86,45" hai2="130,75,65,126,129,70,71,133,93,123,114,31,104" hai3="131,127,113,54,118,132,22,42,56,35,12,112,6"/><U30/><E119/><V96/><F123/><W120/><G35/><T11/><D107/><U36/><E125/><V108/><F75/><W27/><G120/><T88/><D121/><U2/><E97/><V26/><F108/><W55/><G127/><T41/><D3/><U77/><E76/><V91/><F126/><W69/><G69/><T33/><D33/><U135/><E51/><V99/><F133/><W116/><G132/><T18/><D124/><U80/><E9/><N who="0" m="3081" /><D128/><N who="2" m="49258" /><F65/><W24/><G131/><T117/><D117/><N who="3" m="45161" /><G42/><T1/><D1/><U60/><E60/><V64/><F64/><W83/><G6/><T47/><D90/><U106/><E106/><V98/><F114/><W44/><G83/><N who="0" m="49183" /><D59/><U14/><E135/><V101/><F98/><W92/><G92/><T82/><D82/><U102/><E102/><V134/><F134/><W67/><G56/><T25/><D25/><N who="1" m="18511" /><E14/><V4/><F4/><AGARI ba="2,1" hai="2,4,8,36,40,45,74,77,80,85,86" m="18511" machi="4" ten="30,1500,0" yaku="25,1" doraHai="87" who="1" fromWho="2" sc="249,0,176,31,186,-21,379,0" />
</Scene>
<Scene>
<INIT seed="5,3,0,1,5,93" ten="249,207,165,379" oya="1" hai0="83,66,16,0,71,15,30,1,99,76,9,108,73" hai1="86,23,46,96,26,60,64,85,91,97,20,13,29" hai2="36,127,124,62,75,32,114,80,55,25,104,132,10" hai3="34,78,63,59,17,98,120,79,4,52,74,38,119"/><U130/><E130/><V8/><F104/><W43/><G120/><T103/><D108/><U100/><E100/><V33/><F36/><W61/><G34/><N who="2" m="13417" /><F132/><W22/><G119/><T94/><REACH who="0" step="1"/><D30/><REACH who="0" ten="239,207,165,379" step="2"/><U54/><E46/><V58/><F127/><W2/><G74/><T113/><D113/><U6/><E54/><V42/><F114/><W44/><G52/><T21/><D21/><U117/><E23/><V40/><F124/><W88/><G22/><T19/><D19/><U128/><E128/><V87/><F55/><W101/><G17/><T121/><D121/><U123/><E123/><V116/><F116/><W134/><G134/><T7/><D7/><U107/><E117/><V12/><F40/><W53/><G4/><T68/><D68/><U47/><E47/><V84/><F42/><W5/><G5/><T105/><D105/><U92/><E107/><V129/><F129/><W41/><G41/><T115/><D115/><U3/><E3/><V24/><F10/><W126/><G126/><T118/><D118/><U56/><E86/><V35/><F8/><AGARI ba="3,1" hai="6,8,13,20,26,29,56,60,64,85,91,92,96,97" machi="8" ten="40,7700,0" yaku="8,1,52,2" doraHai="93" who="1" fromWho="2" sc="239,0,207,96,165,-86,379,0" />
</Scene>
<Scene>
<INIT seed="5,4,0,5,0,74" ten="239,303,79,379" oya="1" hai0="23,11,13,114,9,88,0,84,99,53,117,102,20" hai1="22,130,47,14,55,36,123,63,101,7,31,78,104" hai2="73,103,75,134,132,83,106,81,12,107,96,2,21" hai3="8,129,5,121,68,49,64,119,25,82,32,71,92"/><U66/><E123/><V133/><F2/><W67/><G121/><T29/><D117/><U28/><E130/><V94/><F12/><W4/><G129/><T51/><D114/><U57/><E101/><V80/><REACH who="2" step="1"/><F21/><REACH who="2" ten="239,303,69,379" step="2"/><W118/><G119/><T18/><D0/><U128/><E22/><V10/><F10/><W41/><G8/><T120/><D120/><U33/><E14/><V100/><F100/><W52/><G118/><T35/><D35/><U17/><E128/><V109/><F109/><W89/><G32/><T16/><D29/><U65/><E31/><V125/><F125/><W58/><G25/><T116/><D116/><U79/><E28/><V127/><F127/><W72/><G4/><T105/><D18/><U62/><E17/><V60/><F60/><W6/><G5/><T45/><REACH who="0" step="1"/><D9/><REACH who="0" ten="229,303,69,379" step="2"/><U50/><E33/><V111/><F111/><W110/><G110/><T24/><D24/><U39/><E7/><V124/><F124/><W54/><G6/><T37/><D37/><U112/><E36/><V1/><F1/><W131/><G131/><T30/><D30/><U86/><E39/><V135/><N who="2" m="34304" /><DORA hai="69" /><V76/><F76/><W98/><G49/><T97/><D97/><U85/><E78/><V46/><F46/><W61/><G98/><T26/><D26/><U90/><E79/><V40/><F40/><W42/><G42/><T15/><D15/><U3/><E3/><V95/><F95/><AGARI ba="4,2" hai="11,13,16,20,23,45,51,53,84,88,95,99,102,105" machi="95" ten="30,7700,0" yaku="1,1,7,1,54,2,53,0" doraHai="74,69" doraHaiUra="77,56" who="0" fromWho="2" sc="229,109,303,0,69,-89,379,0" owari="338,14.0,303,-10.0,-20,-52.0,379,48.0" />
</Scene>
</mjloggm>