<mjloggm ver="2.3"><GO type="169" lobby="0"/><UN n0="%E3%81%B1%E3%82%93%E3%81%9E%E3%81%86" n1="%E5%A4%AA%E3%81%8F%E3%81%AA%E3%81%84%E3%81%8A" n2="%E3%81%BD%E3%81%BF%E3%82%85" n3="%E3%82%88%E3%81%86%E3%81%B8%E3%83%BC%58" dan="16,17,17,17" rate="2068.93,2139.49,2093.59,2124.35" sx="M,M,F,M"/><TAIKYOKU oya="0"/>

<Scene>
<INIT seed="0,0,0,2,4,108" ten="250,250,250,250" oya="0" hai0="2,105,113,98,20,14,12,43,66,134,31,57,8" hai1="70,93,34,73,91,128,1,49,78,88,36,50,10" hai2="55,39,100,123,119,86,112,69,114,64,122,115,21" hai3="97,99,90,89,111,83,48,17,129,18,121,22,124"/><T53/><D134/><U23/><E34/><V101/><F39/><W62/><G111/><T133/><D133/><U68/><E36/><V26/><F119/><W29/><G48/><T44/><D66/><U120/><E120/><V45/><F69/><W46/><G46/><T61/><D113/><U103/><E103/><V60/><F101/><W27/><G121/><T80/><D105/><U7/><E128/><V15/><F15/><W0/><G0/><T132/><D132/><U63/><E23/><V37/><F100/><W127/><G129/><T38/><D98/><U117/><E117/><V6/><F6/><W104/><G62/><T3/><D80/><U5/><E5/><V30/><F86/><N who="3" m="50399" /><G104/><T84/><D84/><U110/><E110/><V126/><F126/><N who="3" m="48171" /><G99/><T40/><D40/><U33/><E33/><V19/><F30/><W24/><G24/><T67/><D67/><U116/><E116/><V79/><F79/><W32/><G32/><T125/><D125/><U96/><E91/><V72/><F72/><W75/><G75/><T51/><D51/><U76/><E76/><V42/><REACH who="2" step="1"/><F55/><REACH who="2" ten="250,250,240,250" step="2"/><W54/><G54/><T94/><D2/><U41/><E78/><V130/><F130/><W81/><G97/><T52/><D3/><U59/><E73/><V4/><F4/><W11/><G11/><T65/><D8/><U28/><E28/><V118/><F118/><W85/><AGARI ba="0,1" hai="17,18,22,27,29,81,85,90" m="48171,50399" machi="85" ten="30,1100,0" yaku="18,1" doraHai="108" who="3" fromWho="3" sc="250,-5,250,-3,240,-3,250,21" />
</Scene>
<Scene>
<INIT seed="1,0,0,0,0,10" ten="245,247,237,271" oya="1" hai0="120,130,83,87,45,53,63,32,76,16,117,102,49" hai1="58,75,93,46,44,135,70,86,52,111,0,64,54" hai2="26,21,92,1,122,126,47,31,12,59,121,5,104" hai3="127,80,81,38,29,99,77,39,61,62,19,132,106"/><U134/><E75/><V133/><F104/><W68/><G29/><T43/><D117/><U125/><E0/><V114/><F1/><W2/><G2/><T56/><D130/><U73/><E73/><V11/><F126/><W128/><G19/><T42/><D120/><U6/><E6/><V90/><F133/><N who="1" m="50697" /><E86/><V55/><F47/><N who="1" m="17961" /><E93/><V57/><F114/><W51/><G99/><T100/><D32/><U105/><E105/><V123/><REACH who="2" step="1"/><F55/><REACH who="2" ten="245,247,227,271" step="2"/><N who="1" m="21033" /><E125/><V40/><F40/><W33/><G106/><T37/><D42/><U72/><E72/><V17/><F17/><W82/><G127/><T91/><D16/><U23/><E23/><V98/><AGARI ba="0,1" hai="5,11,12,21,26,31,57,59,90,92,98,121,122,123" machi="98" ten="30,4000,0" yaku="1,1,0,1,52,1,53,0" doraHai="10" doraHaiUra="15" who="2" fromWho="2" sc="245,-10,247,-20,227,50,271,-10" />
</Scene>
<Scene>
<INIT seed="2,0,0,0,3,15" ten="235,227,277,261" oya="2" hai0="25,38,2,12,52,13,86,47,0,27,22,66,54" hai1="41,63,55,18,94,102,122,104,36,23,30,17,74" hai2="133,78,71,135,110,5,73,11,77,108,76,99,72" hai3="35,126,132,100,131,37,65,103,64,21,19,109,58"/><V96/><F71/><W28/><G109/><N who="2" m="42089" /><F5/><W84/><G37/><T116/><D116/><U8/><E74/><N who="2" m="28779" /><F11/><W24/><G132/><AGARI ba="0,0" hai="76,77,78,96,99,132,133,135" m="28779,42089" machi="132" ten="40,18000,2" yaku="28,2,20,1,14,1,10,1,34,2" doraHai="15" who="2" fromWho="3" sc="235,0,227,0,277,180,261,-180" />
</Scene>
<Scene>
<INIT seed="2,1,0,4,1,39" ten="235,227,457,81" oya="2" hai0="95,127,86,90,101,121,53,1,14,64,10,35,65" hai1="133,91,84,129,76,4,55,3,21,111,87,99,13" hai2="128,72,135,96,57,78,44,42,58,77,105,27,123" hai3="125,7,52,63,81,30,70,28,60,32,26,113,31"/><V69/><F69/><W37/><G125/><T116/><D121/><U79/><E3/><V67/><F123/><W104/><G113/><T19/><D116/><U68/><E68/><V8/><F135/><W54/><G104/><T11/><D127/><U100/><E133/><V132/><F132/><W41/><G7/><T102/><D35/><U88/><E111/><V108/><F108/><W83/><G32/><T49/><D1/><U0/><E0/><V50/><F128/><W117/><G26/><T134/><D10/><U56/><E129/><V66/><F72/><W59/><G117/><T131/><D131/><U51/><E4/><V103/><F8/><W18/><G18/><T6/><D6/><U34/><E34/><V82/><F27/><W48/><G37/><T24/><D24/><U89/><E21/><V71/><F71/><W45/><G70/><T120/><D120/><U36/><E36/><V126/><F126/><W20/><G20/><T85/><D85/><N who="1" m="32843" /><E13/><V119/><F119/><W109/><REACH who="3" step="1"/><G109/><REACH who="3" ten="235,227,457,71" step="2"/><T15/><D134/><U74/><E74/><V47/><F105/><W107/><G107/><T130/><D130/><U122/><E122/><V43/><F82/><W38/><G38/><T9/><D9/><U112/><E112/><V114/><F114/><W73/><G73/><T29/><D29/><U2/><E2/><V92/><F77/><W118/><G118/><T17/><D17/><U110/><E110/><V98/><F78/><W25/><G25/><T61/><D19/><U94/><AGARI ba="1,1" hai="51,55,56,76,79,88,89,91,94,99,100" m="32843" machi="94" ten="30,2000,0" yaku="8,1,54,1" doraHai="39" who="1" fromWho="1" sc="235,-6,227,33,457,-11,71,-6" />
</Scene>
<Scene>
<INIT seed="3,0,0,0,3,95" ten="229,260,446,65" oya="3" hai0="126,113,79,99,50,60,90,105,39,38,67,85,26" hai1="100,28,135,41,7,61,122,51,107,44,112,23,30" hai2="34,96,14,1,111,31,37,54,55,65,108,15,81" hai3="47,5,17,56,120,127,119,114,134,116,131,86,101"/><W118/><G120/><T3/><D126/><U4/><E122/><V11/><F37/><W49/><G127/><T87/><D3/><U19/><E112/><V10/><F65/><W98/><G114/><T133/><D133/><U24/><E135/><V75/><F1/><W33/><G134/><T97/><D113/><U53/><E107/><V20/><F34/><W84/><G131/><T35/><D105/><U102/><E61/><V132/><F132/><W62/><G5/><N who="1" m="2122" /><E41/><V82/><F31/><AGARI ba="0,0" hai="19,23,24,28,30,31,44,51,53,100,102" m="2122" machi="31" ten="30,1000,0" yaku="8,1" doraHai="95" who="1" fromWho="2" sc="229,0,260,10,446,-10,65,0" />
</Scene>
<Scene>
<INIT seed="4,0,0,5,5,62" ten="229,270,436,65" oya="0" hai0="108,113,89,83,69,133,110,35,33,41,96,115,101" hai1="122,93,63,54,112,43,17,44,8,130,49,88,120" hai2="98,0,53,125,15,121,13,26,45,23,30,37,32" hai3="29,36,73,132,56,60,25,86,92,128,124,52,114"/><T97/><D69/><U90/><E130/><V22/><F0/><W65/><G128/><T80/><D41/><U95/><E112/><N who="0" m="43081" /><D133/><U20/><E8/><V67/><F121/><W47/><G114/><T134/><D134/><U46/><E95/><V16/><F125/><W129/><G129/><T51/><D51/><U126/><E126/><V24/><F67/><W85/><G124/><T21/><D21/><U104/><E104/><V12/><F98/><N who="0" m="37994" /><D101/><U27/><E90/><V55/><REACH who="2" step="1"/><F32/><REACH who="2" ten="229,270,426,65" step="2"/><N who="0" m="12362" /><D89/><U70/><E70/><V84/><F84/><W103/><G132/><T6/><D6/><U135/><E135/><V123/><F123/><W2/><G2/><T1/><D1/><U61/><E122/><V48/><F48/><N who="3" m="28703" /><G36/><T82/><AGARI ba="0,1" hai="80,82,83,108,110" m="12362,37994,43081" machi="82" ten="40,7800,0" yaku="28,2,15,1" doraHai="62" who="0" fromWho="0" sc="229,88,270,-26,426,-26,65,-26" />
</Scene>
<Scene>
<INIT seed="4,1,0,2,4,77" ten="317,244,400,39" oya="0" hai0="107,4,66,53,19,105,23,55,74,7,88,67,99" hai1="86,49,73,46,9,125,27,114,117,30,70,22,92" hai2="103,85,45,29,131,120,61,58,62,81,89,63,123" hai3="94,79,96,83,127,25,115,32,0,59,109,91,38"/><T31/><D31/><U90/><E117/><V69/><F69/><W80/><G127/><T39/><D74/><U68/><E125/><V48/><F131/><W126/><G126/><T1/><D39/><U56/><E73/><V116/><F116/><W5/><G109/><T3/><D3/><U112/><E56/><V33/><F103/><W76/><G115/><N who="1" m="44074" /><E9/><V121/><F29/><W128/><G128/><T64/><D1/><U20/><E20/><V100/><F100/><W71/><G71/><T104/><D4/><U65/><E65/><V110/><F33/><W75/><G38/><T42/><D42/><AGARI ba="1,0" hai="22,27,30,42,46,49,68,70,86,90,92" m="44074" machi="42" ten="30,2000,0" yaku="15,1,11,1" doraHai="77" who="1" fromWho="0" sc="317,-23,244,23,400,0,39,0" />
</Scene>
<Scene>
<INIT seed="5,0,0,4,1,86" ten="294,267,400,39" oya="1" hai0="17,100,20,38,40,101,92,54,134,23,131,82,80" hai1="41,60,19,53,117,65,116,124,42,35,14,50,1" hai2="98,5,81,7,62,58,74,130,105,123,113,66,71" hai3="49,9,52,10,48,72,18,25,51,12,43,90,110"/><U111/><E1/><V84/><F123/><W61/><G110/><T6/><D131/><U108/><E35/><V0/><F74/><W4/><G72/><T106/><D134/><U56/><E124/><V103/><F130/><W133/><G133/><T68/><D68/><U95/><E95/><V129/><F129/><W15/><G25/><T125/><D125/><U122/><E122/><V28/><F113/><W87/><G43/><N who="1" m="16394" /><E19/><V26/><F58/><W45/><REACH who="3" step="1"/><G61/><REACH who="3" ten="294,267,400,29" step="2"/><T114/><D114/><U13/><E117/><V30/><F26/><W93/><AGARI ba="0,1" hai="4,9,10,12,15,18,45,48,49,51,52,87,90,93" machi="93" ten="20,12000,2" yaku="1,1,2,1,0,1,7,1,8,1,52,1,54,1,53,0" doraHai="86" doraHaiUra="36" who="3" fromWho="3" sc="294,-30,267,-60,400,-30,29,130" />
</Scene>
<Scene>
<INIT seed="6,0,0,5,5,75" ten="264,207,370,159" oya="2" hai0="71,37,13,15,88,14,80,83,77,106,0,102,84" hai1="11,115,23,125,76,26,96,25,114,64,28,124,108" hai2="130,24,6,101,105,111,21,79,58,133,44,35,18" hai3="134,56,78,131,97,51,16,20,41,7,42,104,17"/><V73/><F35/><W95/><G104/><T65/><D37/><U52/><E64/><V103/><F130/><W91/><G131/><T121/><D121/><U36/><E36/><V54/><F133/><W60/><G134/><T74/><D0/><U112/><E108/><V59/><F111/><W38/><G38/><T9/><D9/><U40/><E40/><V128/><F128/><W8/><G51/><T70/><REACH who="0" step="1"/><D65/><REACH who="0" ten="254,207,370,159" step="2"/><U94/><E11/><V86/><F6/><W2/><G78/><T89/><D89/><N who="1" m="55375" /><E76/><V135/><F79/><W109/><G109/><T43/><D43/><U19/><E52/><V50/><F54/><N who="3" m="33815" /><G17/><T93/><D93/><U62/><E19/><V49/><F18/><W3/><G3/><T67/><D67/><U46/><E115/><V63/><F135/><W31/><G31/><T47/><D47/><U27/><E46/><V129/><F44/><W72/><G72/><T66/><D66/><U82/><E114/><V98/><F73/><W118/><G118/><T119/><D119/><U122/><E112/><V32/><F129/><W12/><G42/><T107/><D107/><U120/><E122/><V34/><F105/><W53/><G41/><T48/><D48/><U10/><E120/><V123/><F123/><W132/><G53/><T85/><D85/><U87/><E10/><V29/><F86/><W57/><G132/><T33/><D33/><U45/><E45/><V117/><F117/><W55/><G55/><T39/><D39/><U1/><E1/><V69/><F50/><W30/><G30/><T100/><D100/><N who="2" m="38474" /><F34/><W110/><G110/><RYUUKYOKU ba="0,1" sc="254,15,207,-15,370,-15,159,15" hai0="13,14,15,70,71,74,77,80,83,84,88,102,106" hai3="2,7,8,12,16,20,57,91,95,97" />
</Scene>
<Scene>
<INIT seed="7,1,1,2,4,53" ten="269,192,355,174" oya="3" hai0="89,108,122,41,64,61,132,38,50,69,29,66,129" hai1="83,128,87,2,86,75,28,12,133,130,17,9,74" hai2="95,96,111,27,101,79,36,70,105,106,39,33,99" hai3="21,40,3,80,109,92,94,45,110,120,55,82,107"/><W22/><G120/><T7/><D7/><U4/><E28/><V118/><F118/><W54/><G3/><T44/><D29/><U91/><E133/><V43/><F111/><W52/><G107/><T90/><D122/><U117/><E117/><V114/><F70/><W63/><G63/><T81/><D108/><N who="3" m="41577" /><G40/><T51/><D129/><N who="1" m="49771" /><E86/><V104/><F105/><W116/><G45/><T125/><D125/><U73/><E17/><V113/><F43/><W32/><G32/><T20/><D44/><U31/><E31/><V88/><F33/><W15/><G15/><AGARI ba="1,1" hai="2,4,9,12,15,73,74,75,83,87,91" m="49771" machi="15" ten="40,1300,0" yaku="19,1" doraHai="53" who="1" fromWho="3" sc="269,0,192,26,355,0,174,-16" owari="269,7.0,218,-18.0,355,45.0,158,-34.0" />
</Scene>
</mjloggm>