<mjloggm ver="2.3"><GO type="169" lobby="0"/><UN n0="%E7%84%A1%E7%A5%9E%E8%AB%96%E8%80%85" n1="%E5%A4%AA%E3%81%8F%E3%81%AA%E3%81%84%E3%81%8A" n2="%7A%6B%75%72%74" n3="%79%69%6E%6E%65%72%30%36" dan="17,18,18,16" rate="2219.55,2235.50,2231.79,2085.43" sx="M,M,M,M"/><TAIKYOKU oya="0"/>

<Scene>
<INIT seed="0,0,0,3,5,6" ten="250,250,250,250" oya="0" hai0="72,128,47,30,33,7,84,129,55,125,79,5,2" hai1="53,54,86,96,50,123,52,32,35,21,120,106,20" hai2="66,111,31,1,92,29,105,121,90,58,24,80,3" hai3="4,102,16,77,81,85,43,8,34,73,114,17,127"/><T41/><D55/><U14/><E50/><V131/><F105/><W62/><G114/><T19/><D84/><U112/><E86/><V51/><F121/><W61/><G127/><T110/><D19/><U78/><E78/><V108/><F131/><N who="0" m="50250" /><D125/><U25/><E112/><V39/><F39/><W93/><G34/><T100/><D100/><U64/><E64/><V117/><F80/><W87/><G43/><T27/><D2/><U75/><E75/><V107/><F107/><W69/><G73/><T126/><D126/><U118/><E118/><V36/><F36/><W11/><G69/><T109/><D79/><U13/><E106/><V116/><F1/><W44/><G44/><T132/><D72/><U91/><E91/><V130/><F3/><W49/><G49/><N who="0" m="26863" /><D132/><U76/><E76/><V133/><F133/><W71/><G102/><T0/><D0/><U134/><E134/><V59/><F130/><W22/><G71/><T68/><D68/><U9/><E54/><V104/><F104/><W26/><G87/><T122/><D122/><U38/><E38/><V67/><F90/><W65/><G65/><T37/><D37/><U57/><E57/><V115/><F115/><W101/><G17/><T82/><D82/><U74/><E74/><V88/><F88/><W124/><G124/><T83/><D83/><U135/><E135/><V113/><F113/><W42/><G4/><AGARI ba="0,0" hai="4,5,7,27,30,33,109,110" m="26863,50250" machi="4" ten="30,1500,0" yaku="19,1" doraHai="6" who="0" fromWho="3" sc="250,15,250,0,250,0,250,-15" />
</Scene>
<Scene>
<INIT seed="0,1,0,1,4,108" ten="265,250,250,235" oya="0" hai0="54,39,111,126,97,87,114,10,12,82,27,32,46" hai1="69,30,61,64,42,37,51,122,80,1,56,70,93" hai2="86,59,127,110,100,106,19,55,5,119,28,107,6" hai3="67,133,134,81,8,4,44,132,76,40,50,92,118"/><T62/><D114/><U94/><E1/><V65/><F110/><W26/><G118/><T31/><D111/><U71/><E30/><V35/><F119/><W48/><G67/><T18/><D126/><U84/><E122/><V23/><F65/><W96/><G26/><T66/><D97/><U58/><E37/><V3/><F127/><W74/><G50/><T38/><D54/><U113/><E113/><V104/><F100/><W7/><REACH who="3" step="1"/><G8/><REACH who="3" ten="265,250,250,225" step="2"/><T53/><D46/><U68/><E51/><V77/><F35/><W128/><G128/><T101/><D53/><U105/><E64/><V25/><F55/><W88/><AGARI ba="1,1" hai="4,7,40,44,48,74,76,81,88,92,96,132,133,134" machi="88" ten="30,8000,1" yaku="1,1,0,1,20,1,54,1,53,1" doraHai="108" doraHaiUra="90" who="3" fromWho="3" sc="265,-41,250,-21,250,-21,225,93" />
</Scene>
<Scene>
<INIT seed="1,0,0,1,4,15" ten="224,229,229,318" oya="1" hai0="128,88,121,27,124,17,59,22,10,119,52,64,111" hai1="79,95,105,114,34,127,132,58,9,36,23,54,75" hai2="116,69,62,46,89,18,61,74,57,48,85,42,55" hai3="51,83,78,40,100,107,67,113,98,101,122,13,108"/><U53/><E105/><V70/><F74/><N who="3" m="43479" /><G67/><T81/><D111/><U126/><E34/><V90/><F116/><W4/><G13/><N who="0" m="7351" /><D119/><U25/><E114/><V135/><F135/><W71/><G4/><T92/><D128/><U94/><E36/><V6/><F6/><W106/><G51/><N who="0" m="31135" /><D124/><N who="1" m="47659" /><E9/><V118/><F118/><W44/><G71/><T63/><D81/><N who="1" m="45311" /><E132/><V33/><F33/><W20/><G107/><T32/><D32/><U99/><E58/><V93/><F62/><W60/><G60/><T39/><BYE who="3" /><D39/><U120/><E120/><V72/><F72/><W65/><G65/><T21/><D121/><U68/><E68/><V50/><F61/><W102/><G102/><T125/><D125/><U5/><E5/><V35/><F35/><W19/><G19/><N who="0" m="12735" /><D63/><U87/><E25/><UN n3="%79%69%6E%6E%65%72%30%36" /><V37/><F37/><N who="3" m="21519" /><G101/><T7/><D7/><U115/><E115/><V129/><F129/><W66/><G113/><T26/><D64/><U123/><E123/><V38/><F38/><W31/><G66/><T12/><D12/><U11/><E23/><V0/><F0/><W91/><G122/><T131/><D131/><U49/><E11/><V84/><F18/><W109/><G20/><T8/><D8/><U86/><E49/><V112/><F112/><W104/><G104/><T2/><D2/><U47/><E53/><V80/><AGARI ba="0,0" hai="42,46,48,50,55,57,69,70,80,84,85,89,90,93" machi="80" ten="20,1500,0" yaku="0,1,7,1" doraHai="15" who="2" fromWho="2" sc="224,-4,229,-7,229,15,318,-4" />
</Scene>
<Scene>
<INIT seed="2,0,0,0,1,73" ten="220,222,244,314" oya="2" hai0="22,14,133,27,64,98,132,43,68,106,55,25,94" hai1="89,10,58,125,121,67,86,48,127,124,20,16,92" hai2="118,61,102,44,131,23,110,42,107,45,40,21,52" hai3="96,75,13,31,87,112,36,108,41,72,28,51,128"/><V119/><F131/><W30/><G108/><T126/><D106/><U83/><E121/><V114/><F114/><W130/><G36/><T60/><D126/><U111/><E111/><V66/><F110/><W103/><G112/><T105/><D105/><U77/><E10/><V116/><F107/><N who="3" m="63975" /><G87/><T109/><D43/><U122/><E122/><V134/><F102/><W93/><G93/><T38/><D38/><U90/><E92/><V54/><F134/><N who="0" m="51818" /><D55/><N who="2" m="21034" /><F23/><W47/><G13/><T70/><D70/><U26/><REACH who="1" step="1"/><E48/><REACH who="1" ten="220,212,244,314" step="2"/><V7/><F7/><W15/><G51/><T35/><D109/><U50/><E50/><V2/><F2/><W49/><G49/><T0/><D0/><U18/><E18/><V63/><F21/><W57/><G31/><T79/><D35/><U6/><E6/><V117/><F117/><W34/><G30/><T100/><D22/><U81/><E81/><V5/><F5/><W135/><G28/><T71/><D14/><U19/><E19/><V12/><F12/><W115/><G15/><T32/><D32/><U123/><E123/><V85/><F40/><W9/><G34/><T11/><D11/><U113/><E113/><V120/><F120/><W17/><G115/><T104/><D104/><U76/><E76/><V56/><F42/><W82/><G9/><T29/><D79/><U95/><E95/><V8/><F8/><W3/><G41/><T62/><D29/><U46/><E46/><N who="2" m="18027" /><F85/><W91/><G135/><T88/><D100/><U4/><E4/><V80/><F80/><W78/><G82/><T39/><D39/><U74/><E74/><RYUUKYOKU ba="0,1" sc="220,10,212,10,244,10,314,-30" hai0="25,27,60,62,64,68,71,88,94,98" hai1="16,20,26,58,67,77,83,86,89,90,124,125,127" hai2="56,61,63,66,116,118,119" />
</Scene>
<Scene>
<INIT seed="2,1,1,0,3,73" ten="230,222,254,284" oya="2" hai0="92,20,45,126,31,80,21,14,34,125,77,69,82" hai1="118,10,111,59,122,4,25,98,60,44,2,123,57" hai2="133,32,97,53,30,132,43,0,84,6,22,5,90" hai3="79,23,12,130,72,18,48,107,94,55,81,1,3"/><V54/><F32/><W95/><G107/><T114/><D114/><U65/><E118/><V104/><F43/><W41/><G41/><T8/><D69/><U103/><E111/><V124/><F124/><N who="0" m="47722" /><D92/><U99/><E44/><V27/><F104/><W68/><G68/><T93/><D93/><U7/><E7/><N who="2" m="2571" /><F97/><W56/><REACH who="3" step="1"/><G130/><REACH who="3" ten="230,222,254,274" step="2"/><T101/><D101/><U15/><E103/><V96/><F0/><AGARI ba="1,2" hai="0,1,3,12,18,23,48,55,56,72,79,81,94,95" machi="0" ten="40,8000,1" yaku="1,1,2,1,52,1,53,2" doraHai="73" doraHaiUra="88" who="3" fromWho="2" sc="230,0,222,0,254,-83,274,103" />
</Scene>
<Scene>
<INIT seed="3,0,0,1,5,38" ten="230,222,171,377" oya="3" hai0="7,133,66,24,132,34,89,49,2,111,70,69,12" hai1="5,75,62,40,58,44,79,87,114,60,64,124,33" hai2="116,80,9,86,71,37,126,42,85,68,20,63,48" hai3="134,120,46,96,127,113,1,108,103,39,54,105,98"/><W123/><G113/><T102/><D2/><U73/><E33/><V52/><F116/><W115/><G115/><T31/><D102/><U43/><E114/><V6/><F126/><W22/><G127/><T82/><D111/><U92/><E124/><V65/><F20/><W56/><G1/><T41/><D66/><U90/><E5/><V117/><F117/><W32/><G32/><T25/><D25/><U35/><E35/><V119/><F71/><W83/><G108/><T93/><D82/><U18/><E79/><V36/><F119/><W91/><G134/><N who="0" m="51819" /><D12/><U72/><E44/><N who="2" m="23631" /><F36/><W81/><G22/><T112/><D7/><U88/><E18/><V26/><F26/><W50/><G83/><T14/><D14/><U4/><E4/><V13/><F80/><W104/><G81/><T8/><D8/><U106/><E90/><V128/><F128/><W27/><G91/><T67/><D67/><U23/><E23/><V17/><F6/><W97/><G27/><T99/><D112/><U21/><E21/><V118/><F118/><W76/><G76/><T131/><D131/><U130/><E130/><V19/><F19/><W74/><G74/><T45/><AGARI ba="0,0" hai="24,31,34,41,45,49,69,70,89,93,99" m="51819" machi="45" ten="30,2000,0" yaku="20,1,52,1" doraHai="38" who="0" fromWho="0" sc="230,20,222,-5,171,-5,377,-10" />
</Scene>
<Scene>
<INIT seed="4,0,0,5,5,14" ten="250,217,166,367" oya="0" hai0="117,84,85,43,133,29,46,131,94,44,9,81,70" hai1="101,28,119,59,5,8,128,50,116,55,121,114,47" hai2="67,2,82,129,109,83,1,15,42,51,0,75,76" hai3="60,123,6,106,124,34,37,26,103,64,52,40,10"/><T134/><D117/><U32/><E121/><V135/><F109/><W16/><G124/><T36/><D70/><U65/><E101/><V126/><F126/><W78/><G78/><T97/><D29/><U54/><E65/><V69/><F129/><W89/><G123/><T96/><D131/><U39/><E128/><V66/><F135/><N who="0" m="51722" /><D46/><U22/><E32/><V93/><F69/><W53/><G40/><T118/><D118/><U35/><E35/><V58/><F83/><W104/><G37/><T99/><D9/><U4/><E4/><V71/><F71/><N who="3" m="42375" /><G106/><T130/><D130/><U31/><E114/><V107/><F107/><W120/><G120/><T91/><D84/><U30/><E22/><V24/><F93/><AGARI ba="0,0" hai="36,43,44,81,85,91,93,94,96,97,99" m="51722" machi="93" ten="30,1500,0" yaku="20,1" doraHai="14" who="0" fromWho="2" sc="250,15,217,0,166,-15,367,0" />
</Scene>
<Scene>
<INIT seed="4,1,0,4,2,19" ten="265,217,151,367" oya="0" hai0="100,40,115,133,21,43,49,51,42,71,53,63,1" hai1="9,73,132,86,104,111,5,84,31,81,28,121,18" hai2="105,48,20,70,109,119,11,60,88,114,52,85,0" hai3="17,44,117,7,91,6,76,35,16,33,106,15,56"/><T39/><D1/><U113/><E111/><V10/><F109/><W38/><G106/><T8/><D8/><U47/><E121/><V98/><F114/><W127/><G117/><T14/><D100/><U129/><E104/><V62/><F119/><W27/><G76/><T97/><D97/><U37/><E18/><V94/><F70/><W66/><G127/><T99/><D99/><U32/><E132/><V126/><F126/><W122/><G122/><T93/><D93/><U12/><E129/><V107/><F107/><W25/><G38/><T118/><D118/><U78/><E113/><V59/><F0/><W82/><G44/><T30/><D39/><U68/><E68/><V57/><F48/><N who="0" m="18506" /><D71/><U89/><E32/><V74/><F74/><W87/><G35/><T120/><D120/><U50/><E37/><V92/><F105/><W112/><G33/><T4/><D133/><U123/><E123/><V54/><F20/><N who="3" m="13447" /><G27/><N who="0" m="16751" /><D115/><U65/><E73/><V67/><F67/><W29/><G29/><T13/><D4/><U3/><E65/><V134/><F134/><W72/><G72/><T24/><D24/><U128/><E3/><V34/><F34/><W41/><G112/><T131/><D131/><U58/><E128/><V108/><F108/><W75/><G75/><T79/><D79/><U36/><E36/><V116/><F116/><W95/><G6/><T61/><D53/><N who="1" m="32055" /><E47/><V103/><AGARI ba="1,0" hai="10,11,52,54,57,59,60,62,85,88,92,94,98,103" machi="103" ten="20,12000,2" yaku="0,1,7,1,9,1,8,1,54,2" doraHai="19" who="2" fromWho="2" sc="265,-61,217,-31,151,123,367,-31" />
</Scene>
<Scene>
<INIT seed="5,0,0,4,4,26" ten="204,186,274,336" oya="1" hai0="54,114,99,7,89,90,86,61,127,79,34,115,71" hai1="25,87,50,32,1,0,78,30,59,47,33,37,130" hai2="68,128,29,88,24,110,72,28,66,67,18,116,40" hai3="15,13,111,96,95,56,19,98,119,23,52,4,11"/><U105/><E105/><V124/><F72/><W57/><G119/><T44/><D127/><U101/><E101/><V63/><F110/><W135/><G135/><T80/><D34/><U64/><E37/><V10/><F116/><W103/><G111/><T126/><D126/><U41/><E130/><V35/><F66/><W9/><G96/><T76/><D7/><U20/><E64/><V94/><F40/><W93/><G93/><T132/><D132/><U118/><E59/><V106/><F106/><W36/><G36/><T14/><D14/><U62/><E62/><V53/><F124/><W70/><G70/><T46/><D71/><U73/><E73/><V83/><F83/><W31/><G52/><T3/><D3/><U2/><REACH who="1" step="1"/><E118/><REACH who="1" ten="204,176,274,336" step="2"/><V92/><F128/><W123/><G123/><T133/><D133/><U8/><E8/><V17/><F68/><W45/><G45/><T27/><D44/><U122/><E122/><V42/><F67/><W91/><G103/><T77/><D46/><U84/><E84/><V69/><F69/><W51/><G51/><T60/><D61/><U129/><E129/><V16/><F63/><W75/><G75/><T108/><D108/><U120/><E120/><V121/><F121/><W102/><G102/><T6/><D60/><U107/><E107/><V112/><F112/><W109/><G109/><T22/><D115/><U82/><AGARI ba="0,1" hai="0,1,2,20,25,30,32,33,41,47,50,78,82,87" machi="82" ten="40,7800,0" yaku="1,1,0,1,52,1,53,0" doraHai="26" doraHaiUra="117" who="1" fromWho="1" sc="204,-26,176,88,274,-26,336,-26" />
</Scene>
<Scene>
<INIT seed="5,1,0,1,0,99" ten="178,264,248,310" oya="1" hai0="18,12,92,98,5,49,100,58,73,129,60,101,115" hai1="32,109,72,8,13,54,77,40,65,118,28,71,95" hai2="52,126,134,104,0,91,122,53,74,63,103,133,67" hai3="112,97,15,86,6,21,59,25,39,61,107,34,76"/><U45/><E118/><V31/><F122/><W135/><G39/><T17/><D73/><U116/><E116/><V132/><F74/><W33/><G135/><T70/><D115/><U11/><E32/><V36/><F0/><W84/><G112/><T14/><D70/><U48/><E28/><V22/><F36/><W26/><G26/><T69/><D49/><U64/><E109/><V96/><F91/><W113/><G113/><T120/><D69/><U2/><E71/><N who="2" m="42495" /><F126/><W7/><G76/><T102/><D129/><U9/><E2/><V105/><F105/><W85/><G107/><T124/><D124/><U111/><E111/><V131/><F131/><W4/><G97/><T29/><D29/><U57/><E13/><N who="0" m="5225" /><D5/><U125/><E125/><V94/><F104/><W128/><G128/><T81/><D81/><U114/><E114/><V108/><F108/><W87/><G15/><T38/><D38/><U123/><E123/><V23/><F23/><W30/><N who="3" m="21504" /><DORA hai="16" /><W55/><AGARI ba="1,0" hai="4,6,7,21,25,30,33,34,55,59,61" m="21504" machi="55" ten="50,6400,0" yaku="4,1,0,1,52,1" doraHai="99,16" who="3" fromWho="3" sc="178,-17,264,-33,248,-17,310,67" />
</Scene>
<Scene>
<INIT seed="6,0,0,5,5,112" ten="161,231,231,377" oya="2" hai0="94,117,82,114,92,45,10,50,105,102,30,49,56" hai1="80,7,70,22,29,121,63,47,31,101,61,88,44" hai2="58,108,54,89,81,90,103,71,18,16,134,9,87" hai3="0,53,74,46,107,2,126,36,20,40,96,129,11"/><V33/><F33/><W57/><G74/><T99/><D114/><U111/><E111/><V131/><F71/><W122/><G122/><T109/><D109/><U72/><E72/><V97/><F108/><W93/><G107/><T65/><D30/><N who="1" m="11275" /><E70/><V100/><F131/><W132/><G126/><T19/><D117/><U120/><E101/><N who="2" m="38987" /><F134/><W127/><G127/><T26/><D82/><U43/><E7/><V48/><F9/><W128/><G132/><T77/><D77/><U38/><E22/><V51/><F51/><N who="3" m="30911" /><G20/><T69/><D69/><U59/><E47/><V66/><F66/><W110/><G11/><T39/><D39/><U119/><E59/><V5/><F5/><W95/><G110/><T25/><D94/><AGARI ba="0,0" hai="16,18,48,54,58,81,87,89,90,94,97" m="38987" machi="94" ten="30,2900,0" yaku="8,1,54,1" doraHai="112" who="2" fromWho="0" sc="161,-29,231,0,231,29,377,0" />
</Scene>
<Scene>
<INIT seed="6,1,0,3,0,106" ten="132,231,260,377" oya="2" hai0="107,52,16,71,109,25,48,114,122,22,0,128,43" hai1="27,4,30,89,37,130,77,3,12,51,46,34,19" hai2="44,120,11,100,9,88,81,79,6,115,35,96,68" hai3="75,56,117,20,105,21,73,60,33,116,85,83,97"/><V129/><F120/><W123/><G33/><T76/><D109/><U72/><E130/><V78/><F68/><W86/><G123/><T133/><D107/><U134/><E134/><V17/><F35/><W18/><G105/><T90/><D122/><U2/><E37/><V54/><F115/><W24/><G97/><T59/><D114/><U47/><E89/><V92/><F129/><W93/><G93/><T62/><D0/><U111/><E111/><V29/><F29/><W32/><G32/><T84/><D128/><U124/><E124/><V66/><F66/><W26/><G117/><T94/><D133/><U110/><E110/><V99/><F17/><W102/><G102/><T36/><D76/><U132/><E132/><V14/><F11/><W8/><G8/><T80/><D36/><U69/><E69/><V74/><F79/><W91/><G86/><T87/><D71/><U103/><E103/><V40/><F54/><W13/><G116/><T55/><D43/><U108/><E108/><V53/><F53/><W126/><G126/><T118/><D118/><U39/><E4/><V45/><F40/><W65/><G13/><T125/><D125/><U61/><E12/><V10/><F10/><W104/><G104/><AGARI ba="1,0" hai="6,9,14,44,45,74,78,81,88,92,96,99,100,104" machi="104" ten="30,5800,0" yaku="7,1,52,1,54,1" doraHai="106" who="2" fromWho="3" sc="132,0,231,0,260,61,377,-61" />
</Scene>
<Scene>
<INIT seed="6,2,0,3,0,24" ten="132,231,321,316" oya="2" hai0="60,39,117,23,58,124,93,104,127,63,12,125,53" hai1="83,110,103,76,14,88,22,18,82,42,7,78,36" hai2="45,64,92,20,30,28,114,41,56,47,91,116,97" hai3="84,34,5,67,59,50,121,131,73,31,98,15,40"/><V3/><F3/><W130/><G73/><T75/><D104/><U13/><E110/><V21/><F116/><W11/><G121/><T1/><D1/><U16/><E7/><V0/><F0/><W132/><G132/><T70/><D75/><U74/><E103/><V126/><F126/><W120/><G120/><T94/><D39/><U9/><E36/><V2/><F2/><W135/><G135/><T37/><D37/><U49/><E74/><V4/><F4/><W115/><G115/><T8/><D23/><N who="2" m="8778" /><F114/><W96/><G84/><T105/><D105/><U52/><E42/><V123/><F123/><W128/><G40/><T32/><D32/><U6/><E6/><V54/><F64/><W17/><G5/><T129/><D129/><U119/><E119/><V38/><F38/><W95/><G95/><T112/><D112/><U33/><E33/><V71/><F71/><W81/><G81/><N who="1" m="30730" /><E88/><V48/><F41/><W101/><G101/><T65/><REACH who="0" step="1"/><D117/><REACH who="0" ten="122,231,321,316" step="2"/><U122/><E122/><V89/><F89/><W35/><G35/><T51/><D51/><U69/><E69/><V90/><F91/><W113/><G50/><T79/><D79/><U68/><E68/><V77/><F77/><W19/><G113/><T25/><D25/><U26/><E26/><V133/><F133/><W44/><G34/><T10/><D10/><U72/><E72/><V85/><F85/><W61/><G130/><T55/><D55/><U118/><E118/><V107/><F107/><W134/><G131/><T87/><D87/><U100/><E100/><V46/><AGARI ba="2,1" hai="28,30,45,46,47,48,54,56,90,92,97" m="8778" machi="46" ten="30,6000,0" yaku="8,1,52,2" doraHai="24" who="2" fromWho="2" sc="122,-22,231,-22,321,76,316,-22" />
</Scene>
<Scene>
<INIT seed="6,3,0,0,4,107" ten="100,209,397,294" oya="2" hai0="131,50,53,13,125,29,124,64,82,117,59,1,110" hai1="38,74,39,132,126,135,24,48,103,134,108,100,34" hai2="89,22,35,42,9,27,86,113,52,127,102,19,115" hai3="58,57,60,120,26,101,79,15,68,7,40,20,5"/><V106/><F127/><W84/><G120/><T122/><D1/><U21/><E34/><V41/><F35/><W98/><G40/><T99/><D29/><N who="1" m="17551" /><E126/><N who="0" m="48745" /><D99/><U76/><E108/><V4/><F102/><N who="1" m="38953" /><E48/><V11/><F106/><W133/><G133/><T17/><D82/><AGARI ba="3,0" hai="38,39,74,76,82,132,134,135" m="38953,17551" machi="82" ten="40,2600,0" yaku="20,1,52,1" doraHai="107" who="1" fromWho="0" sc="100,-35,209,35,397,0,294,0" />
</Scene>
<Scene>
<INIT seed="7,0,0,5,3,74" ten="65,244,397,294" oya="3" hai0="25,3,41,86,19,2,73,46,80,125,1,13,33" hai1="104,56,128,65,101,126,91,110,120,27,117,68,29" hai2="50,85,48,114,20,69,31,102,22,34,47,100,122" hai3="12,44,45,132,84,131,67,40,97,124,54,118,64"/><W133/><G12/><T62/><D125/><U59/><E110/><V66/><F34/><W37/><G97/><T36/><D62/><U23/><E120/><V82/><F122/><W42/><G84/><T79/><D86/><U8/><E128/><V32/><F32/><W58/><G124/><T16/><D13/><U98/><E117/><V70/><F31/><W96/><G96/><T28/><D19/><U115/><E115/><V95/><F95/><W90/><G90/><T71/><REACH who="0" step="1"/><D16/><REACH who="0" ten="55,244,397,294" step="2"/><U26/><E126/><V52/><F85/><W39/><G131/><T119/><D119/><U130/><E130/><V38/><F22/><W24/><G118/><T0/><N who="0" m="0" /><DORA hai="121" /><T11/><D11/><U112/><E8/><V10/><F20/><W88/><G24/><T109/><D109/><U99/><E27/><V55/><F10/><W81/><G133/><T87/><D87/><U60/><E112/><V93/><F114/><W14/><G132/><T17/><D17/><U76/><E23/><V103/><F70/><W108/><G108/><T105/><D105/><U6/><E26/><V61/><F69/><W53/><G14/><T77/><D77/><U107/><E76/><V72/><F61/><W75/><G75/><T7/><D7/><U127/><E6/><V135/><F72/><W111/><G111/><T49/><D49/><U9/><E127/><V116/><F135/><W4/><G4/><T129/><D129/><U78/><E9/><V89/><F116/><W92/><G37/><T21/><D21/><U134/><E134/><V83/><F38/><W5/><G39/><RYUUKYOKU ba="0,1" sc="55,30,244,-10,397,-10,294,-10" hai0="25,28,33,36,41,46,71,73,79,80" owari="85,-41.0,234,-17.0,397,50.0,284,8.0" />
</Scene>
</mjloggm>