<mjloggm ver="2.3"><GO type="169" lobby="0"/><UN n0="%E5%A4%AA%E3%81%8F%E3%81%AA%E3%81%84%E3%81%8A" n1="%E5%8F%97%E3%81%91%E5%B8%AB" n2="%67%61%72%75%63%69%61" n3="%79%61%6D%69" dan="17,16,16,18" rate="2149.94,2159.82,2090.19,2216.26" sx="M,M,M,M"/><TAIKYOKU oya="0"/>

<Scene>
<INIT seed="0,0,0,5,4,96" ten="250,250,250,250" oya="0" hai0="106,23,77,104,84,27,78,22,40,86,133,36,118" hai1="49,25,135,13,125,122,105,24,0,9,103,128,52" hai2="115,6,10,51,43,31,38,130,7,109,132,91,69" hai3="108,62,53,127,107,123,110,33,1,85,112,11,65"/><T44/><D118/><U102/><E0/><V76/><F51/><W64/><G33/><T120/><D120/><U111/><E105/><V34/><F6/><N who="3" m="1487" /><G107/><T98/><D133/><U73/><E122/><V54/><F54/><W100/><G100/><N who="1" m="38442" /><E73/><V46/><F91/><W88/><G112/><T89/><D98/><U35/><E35/><V14/><F69/><W97/><G97/><T93/><D23/><U113/><E111/><N who="3" m="42538" /><G127/><T42/><D42/><U90/><E128/><V39/><F130/><W119/><G119/><T21/><D21/><U101/><E101/><V75/><F38/><W37/><G37/><T95/><D78/><U61/><E113/><V117/><F117/><W74/><G74/><T28/><REACH who="0" step="1"/><D95/><REACH who="0" ten="240,250,250,250" step="2"/><U79/><E79/><V50/><F109/><W45/><G123/><T18/><D18/><N who="1" m="8495" /><E135/><V63/><F132/><W99/><G99/><T72/><D72/><U67/><E125/><V5/><F115/><W94/><G94/><T92/><D92/><U131/><E131/><V80/><F75/><W55/><G85/><T56/><D56/><N who="1" m="37287" /><E90/><V15/><F76/><W126/><G88/><T30/><D30/><U16/><E16/><V60/><F31/><W19/><G19/><T29/><D29/><U41/><E41/><V48/><F34/><W70/><G126/><T82/><AGARI ba="0,1" hai="22,27,28,36,40,44,77,82,84,86,89,93,104,106" machi="82" ten="30,3000,0" yaku="1,1,0,1,53,0" doraHai="96" doraHaiUra="47" who="0" fromWho="0" sc="240,40,250,-10,250,-10,250,-10" />
</Scene>
<Scene>
<INIT seed="0,1,0,1,3,117" ten="280,240,240,240" oya="0" hai0="48,51,43,85,12,111,46,4,2,77,106,84,128" hai1="38,15,30,122,5,107,20,73,21,80,23,101,82" hai2="31,135,11,26,129,120,121,16,99,62,22,36,81" hai3="61,68,45,59,110,113,56,10,102,1,88,50,72"/><T89/><D106/><U116/><E122/><V92/><F36/><W65/><G113/><T64/><D2/><U97/><E116/><V41/><F41/><W35/><G35/><T124/><D124/><U123/><E123/><V78/><F129/><W125/><G125/><T98/><D128/><U67/><E38/><V69/><F135/><W104/><G72/><T25/><D64/><U87/><E73/><V130/><F130/><W93/><G102/><T54/><D111/><U60/><E30/><V115/><F115/><W109/><G104/><T34/><D34/><U0/><E0/><V57/><F69/><W53/><G1/><T55/><D25/><U76/><E82/><V96/><F96/><W27/><G10/><N who="0" m="4167" /><D77/><U14/><REACH who="1" step="1"/><E5/><REACH who="1" ten="280,230,240,240" step="2"/><V63/><F121/><W103/><G110/><T90/><D98/><U3/><E3/><V29/><F120/><W133/><G109/><T95/><D51/><U52/><E52/><V7/><F31/><W49/><G49/><T83/><AGARI ba="1,1" hai="43,46,48,54,55,83,84,85,89,90,95" m="4167" machi="83" ten="30,1500,0" yaku="8,1" doraHai="117" who="0" fromWho="0" sc="280,28,230,-6,240,-6,240,-6" />
</Scene>
<Scene>
<INIT seed="0,2,0,4,1,114" ten="308,224,234,234" oya="0" hai0="33,74,121,61,57,76,85,82,53,18,60,126,2" hai1="127,21,115,0,5,6,16,1,96,58,113,12,54" hai2="100,19,95,106,79,68,44,63,128,71,131,134,11" hai3="38,36,84,111,23,28,40,118,64,27,73,10,49"/><T65/><D121/><U78/><E78/><V94/><F79/><W103/><G73/><T15/><D126/><U55/><E96/><V112/><F44/><W81/><G103/><T108/><D2/><N who="1" m="1131" /><E127/><V109/><F19/><W90/><G111/><T133/><D33/><U124/><E124/><V59/><F11/><W86/><G118/><T17/><D108/><U32/><E55/><V39/><F39/><W105/><G105/><T89/><D133/><U123/><E123/><V120/><F109/><W107/><G107/><T13/><D13/><U41/><E41/><V77/><F77/><W99/><G99/><T35/><D35/><U20/><E32/><V97/><F120/><W125/><G64/><T47/><D15/><N who="1" m="9247" /><E58/><V9/><F106/><W34/><G86/><T129/><D47/><U42/><E54/><V8/><F94/><W72/><G72/><T46/><D129/><N who="2" m="49738" /><F71/><W45/><G125/><T14/><D14/><U69/><E42/><V104/><F104/><W135/><G135/><T30/><D30/><U26/><E69/><V50/><F134/><W119/><G36/><T24/><D24/><U93/><E93/><V122/><F122/><W7/><G38/><T66/><D46/><U48/><E12/><V4/><F68/><W116/><REACH who="3" step="1"/><G34/><REACH who="3" ten="308,224,234,224" step="2"/><T25/><D66/><U80/><E115/><V31/><F112/><W22/><G22/><T91/><D74/><U102/><E21/><V92/><F100/><W29/><G29/><T43/><D65/><U83/><E102/><V117/><F31/><W130/><G130/><T67/><D67/><U62/><E113/><RYUUKYOKU ba="2,1" sc="308,-10,224,-10,234,-10,224,30" hai3="7,10,23,27,28,40,45,49,81,84,90,116,119" />
</Scene>
<Scene>
<INIT seed="1,3,1,2,0,125" ten="298,214,224,254" oya="1" hai0="102,130,65,1,40,22,77,108,17,61,120,59,48" hai1="14,6,19,126,13,84,115,25,133,107,82,42,54" hai2="78,123,56,80,100,16,67,47,131,38,57,26,132" hai3="31,27,52,94,83,60,121,28,95,7,33,79,23"/><U129/><E107/><V73/><F123/><W21/><G121/><T9/><D120/><U119/><E115/><V117/><F117/><W70/><G7/><T111/><D102/><U43/><E119/><V29/><F132/><W86/><G70/><T98/><D98/><U91/><E126/><V93/><F67/><W36/><G36/><T75/><D77/><U46/><E133/><V3/><F3/><W37/><G37/><T63/><D75/><U53/><E129/><V88/><F100/><W5/><G5/><T71/><D9/><N who="1" m="4279" /><E25/><V109/><F131/><W58/><G33/><T4/><D4/><U51/><E43/><V0/><F0/><W64/><G64/><T112/><D1/><U127/><E127/><V96/><F109/><N who="0" m="42058" /><D112/><U113/><E113/><V34/><F38/><W89/><G79/><T30/><D30/><U41/><E41/><V45/><F47/><W92/><REACH who="3" step="1"/><G23/><AGARI ba="3,1" hai="14,19,23,42,46,51,53,54,82,84,91" m="4279" machi="23" ten="30,1500,0" yaku="8,1" doraHai="125" who="1" fromWho="3" sc="298,0,214,34,224,0,254,-24" />
</Scene>
<Scene>
<INIT seed="1,4,0,5,1,33" ten="298,248,224,230" oya="1" hai0="35,132,28,135,96,56,18,91,17,45,131,113,83" hai1="107,41,30,49,126,19,21,57,70,61,108,29,122" hai2="26,13,90,25,23,92,52,97,110,133,102,27,12" hai3="53,85,46,1,10,51,68,95,3,75,67,82,98"/><U72/><E70/><V115/><F110/><W81/><G75/><T65/><D113/><U101/><E72/><V11/><F115/><W120/><G120/><T94/><D131/><U37/><E37/><V100/><F133/><N who="0" m="51274" /><D45/><N who="1" m="25775" /><E107/><V79/><F79/><W47/><G10/><T86/><D28/><U62/><E122/><V20/><F13/><W134/><G134/><T127/><D35/><U9/><E126/><V63/><F23/><W105/><G105/><T5/><D5/><U129/><E62/><V16/><F11/><W4/><G4/><T7/><D7/><U8/><E108/><V123/><F123/><W93/><G93/><T109/><D127/><U39/><E39/><V121/><F121/><W0/><G85/><T36/><D36/><U32/><E32/><V73/><F73/><W2/><G2/><T31/><D31/><N who="1" m="11787" /><E101/><V24/><F12/><W43/><G67/><T111/><D111/><U54/><E129/><V130/><F130/><W59/><G68/><T74/><D109/><U34/><E34/><V87/><F87/><W15/><G15/><AGARI ba="4,0" hai="8,9,15,19,21,54,57,61" m="11787,25775" machi="15" ten="30,1500,0" yaku="8,1" doraHai="33" who="1" fromWho="3" sc="298,0,248,27,224,0,230,-27" />
</Scene>
<Scene>
<INIT seed="1,5,0,4,1,9" ten="298,275,224,203" oya="1" hai0="34,82,135,103,16,60,2,90,15,109,7,59,79" hai1="62,113,97,118,51,37,68,35,121,116,91,112,75" hai2="49,48,127,6,80,126,87,58,133,93,108,115,41" hai3="11,54,125,86,3,55,65,85,76,66,56,70,53"/><U122/><E35/><V25/><F133/><W40/><G70/><T14/><D34/><U26/><E26/><V88/><F108/><W78/><G125/><N who="2" m="47625" /><F115/><N who="1" m="44105" /><E75/><V84/><F41/><W8/><G3/><T102/><D109/><U38/><E91/><N who="2" m="51591" /><F6/><W132/><G40/><T120/><D135/><U4/><E97/><V10/><F10/><N who="3" m="3627" /><G132/><T96/><D2/><U47/><E4/><V114/><F114/><W99/><G99/><T131/><D7/><U106/><E106/><V46/><F46/><W24/><G56/><T20/><D120/><N who="1" m="46187" /><E51/><N who="2" m="19531" /><F58/><W23/><G23/><T43/><D96/><U21/><E21/><V104/><F25/><W101/><G101/><T89/><D103/><U13/><E47/><V92/><F92/><W83/><G24/><T31/><D102/><U57/><E57/><V117/><F117/><N who="1" m="45161" /><E13/><V63/><F63/><W36/><G83/><T30/><D14/><U111/><E111/><V61/><F61/><W100/><G100/><T42/><D60/><U105/><E105/><AGARI ba="5,0" hai="87,88,93,104,105" m="19531,51591,47625" machi="105" ten="30,2000,0" yaku="18,1,54,1" doraHai="9" who="2" fromWho="1" sc="298,0,275,-35,224,35,203,0" />
</Scene>
<Scene>
<INIT seed="2,0,0,4,4,43" ten="298,240,259,203" oya="2" hai0="55,39,70,65,85,126,45,135,111,107,6,77,61" hai1="14,17,99,93,131,109,9,72,47,108,30,52,113" hai2="58,84,32,64,29,22,97,36,68,100,59,79,66" hai3="78,63,33,90,12,132,71,112,80,88,60,73,75"/><V83/><F32/><W128/><G33/><T123/><D123/><U40/><E113/><V95/><F36/><W74/><G112/><T4/><D107/><U28/><E72/><V53/><F68/><W8/><G132/><T27/><D111/><N who="1" m="42571" /><E131/><V69/><F69/><W81/><G128/><T20/><D135/><U24/><E24/><N who="2" m="16535" /><F59/><W34/><G34/><T67/><D67/><U13/><E14/><V103/><F103/><W82/><G78/><T23/><D23/><U11/><E9/><V104/><F104/><W117/><G117/><T110/><D110/><U96/><E40/><V105/><F105/><W120/><G120/><T124/><D39/><U15/><E13/><V16/><F16/><W62/><G71/><T91/><D4/><AGARI ba="0,0" hai="4,8,12,60,62,63,73,74,75,80,81,82,88,90" machi="4" ten="50,6400,0" yaku="29,2,54,1" doraHai="43" who="3" fromWho="0" sc="298,-64,240,0,259,0,203,64" />
</Scene>
<Scene>
<INIT seed="3,0,0,4,1,53" ten="234,240,259,267" oya="3" hai0="74,69,84,70,63,18,71,122,112,129,50,49,2" hai1="121,45,25,103,35,93,117,109,51,46,58,23,48" hai2="80,14,89,100,91,110,6,106,73,134,119,79,132" hai3="120,135,4,85,7,124,22,12,108,64,36,11,65"/><W78/><G36/><T28/><D74/><U133/><E35/><V94/><F119/><W126/><G120/><T20/><D122/><U130/><E121/><V87/><F110/><W30/><G135/><T44/><D2/><U86/><E130/><V82/><F6/><W77/><G4/><T27/><D129/><U10/><E109/><V114/><F14/><W101/><G101/><T24/><D112/><U41/><E133/><N who="2" m="51307" /><F114/><W60/><G108/><T55/><D84/><U127/><E127/><N who="3" m="48682" /><G85/><T0/><D0/><U76/><E10/><V97/><F91/><W57/><G65/><T47/><D63/><U1/><E1/><V125/><F125/><W3/><G30/><T61/><D61/><U54/><E117/><V72/><F82/><W113/><G113/><T95/><D95/><U102/><E46/><V107/><F107/><W9/><G9/><T111/><D111/><U75/><E75/><AGARI ba="0,0" hai="72,73,75,79,80,87,89,94,97,100,106" m="51307" machi="75" ten="30,7700,0" yaku="24,1,20,1,34,2" doraHai="53" who="2" fromWho="1" sc="234,0,240,-77,259,77,267,0" />
</Scene>
<Scene>
<INIT seed="4,0,0,1,1,62" ten="234,163,336,267" oya="0" hai0="114,93,130,106,91,49,1,52,132,95,43,73,134" hai1="28,101,129,21,127,2,74,9,107,89,97,47,25" hai2="113,120,46,102,58,112,39,48,44,14,87,33,35" hai3="27,26,55,135,76,124,40,11,0,16,15,78,45"/><T34/><D106/><U80/><E129/><V125/><F120/><W12/><G124/><T133/><D1/><U98/><E127/><V111/><F125/><W30/><G135/><T20/><D34/><U36/><E89/><V103/><F111/><W53/><G0/><T7/><D73/><U85/><E85/><V54/><F87/><W119/><G119/><T50/><D130/><U115/><E101/><N who="2" m="38411" /><F46/><W121/><G121/><T29/><D7/><N who="1" m="1271" /><E115/><N who="2" m="44107" /><F14/><W122/><G122/><T79/><D79/><N who="1" m="44151" /><E107/><V8/><F8/><W109/><G109/><T92/><D114/><U3/><E3/><V84/><F84/><W42/><G45/><N who="0" m="25791" /><D29/><U31/><E28/><V100/><F100/><W60/><G30/><T81/><D20/><U56/><E56/><V131/><F131/><W59/><G11/><T65/><D81/><U70/><E70/><V6/><F6/><W57/><REACH who="3" step="1"/><G60/><REACH who="3" ten="234,163,336,257" step="2"/><T64/><D91/><U104/><E104/><V5/><F5/><W86/><G86/><T24/><D24/><U61/><E61/><N who="2" m="36055" /><F39/><W68/><G68/><T82/><D82/><U51/><E51/><V117/><F117/><W10/><G10/><T126/><D126/><U69/><E69/><V17/><F17/><AGARI ba="0,1" hai="12,15,16,17,26,27,40,42,53,55,57,59,76,78" machi="17" ten="25,12000,2" yaku="1,1,22,2,8,1,54,1,53,2" doraHai="62" doraHaiUra="72" who="3" fromWho="2" sc="234,0,163,0,336,-120,257,130" />
</Scene>
<Scene>
<INIT seed="5,0,0,1,5,63" ten="234,163,216,387" oya="1" hai0="29,79,17,68,23,7,81,44,55,58,35,82,70" hai1="16,75,50,133,89,5,93,92,43,65,38,132,64" hai2="119,28,60,13,80,36,24,94,26,30,4,122,3" hai3="124,130,11,109,2,83,118,15,125,40,91,117,134"/><U112/><E5/><V98/><F36/><W21/><G109/><T131/><D7/><U128/><E38/><V20/><F122/><W74/><G134/><N who="1" m="51818" /><E112/><V121/><F3/><W1/><G130/><T19/><D131/><U54/><E43/><V22/><F121/><W61/><G40/><T59/><D44/><N who="1" m="27975" /><E128/><V31/><F119/><N who="3" m="45579" /><G61/><T110/><D110/><U115/><E115/><V104/><F104/><W47/><G47/><T37/><D37/><U45/><E45/><V113/><F113/><W49/><G49/><T76/><D55/><U46/><E46/><V105/><F105/><W95/><G21/><T53/><D53/><U56/><E75/><V129/><F129/><W88/><G74/><T42/><D42/><U107/><E107/><V62/><F80/><W6/><G83/><T72/><D72/><U67/><E16/><N who="2" m="10255" /><F4/><W34/><G34/><T25/><D23/><U86/><E56/><V78/><F78/><W8/><G91/><T57/><D57/><U69/><E93/><V123/><F123/><W120/><G120/><T114/><D114/><U100/><E100/><N who="2" m="60503" /><F22/><W127/><G8/><T126/><D35/><U96/><E96/><AGARI ba="0,0" hai="1,2,6,11,15,88,95,96,124,125,127" m="45579" machi="96" ten="40,5200,0" yaku="18,1,12,1,54,1" doraHai="63" who="3" fromWho="1" sc="234,0,163,-52,216,0,387,52" />
</Scene>
<Scene>
<INIT seed="6,0,0,2,1,85" ten="234,111,216,439" oya="2" hai0="101,122,55,6,63,99,116,30,64,13,60,3,17" hai1="127,120,129,118,22,102,73,16,39,84,33,50,7" hai2="44,97,75,110,35,24,117,126,106,29,42,134,113" hai3="67,11,8,132,93,0,91,71,51,108,36,15,86"/><V23/><F117/><W111/><G36/><T28/><D122/><U18/><E73/><V121/><F121/><W69/><G132/><T54/><D6/><U38/><E33/><V47/><F75/><W14/><G0/><T131/><D3/><U133/><E120/><V9/><F134/><W124/><G124/><T95/><D131/><U80/><E133/><V94/><F106/><W100/><G100/><T107/><D107/><U49/><E118/><V58/><F126/><W125/><G125/><T79/><D79/><U27/><E127/><V90/><F110/><W5/><G51/><T1/><D1/><U105/><E7/><V92/><F113/><W104/><G104/><T130/><D130/><U128/><E128/><V2/><F35/><W123/><G123/><T34/><D116/><U32/><E129/><V65/><F2/><W78/><G78/><T96/><D96/><U45/><E32/><V74/><F74/><W43/><G43/><T56/><D34/><U77/><E50/><V115/><F115/><W46/><G46/><T26/><D26/><U61/><E61/><N who="2" m="38071" /><F42/><W53/><G53/><N who="0" m="19979" /><D60/><U20/><E102/><N who="2" m="60711" /><F9/><AGARI ba="0,0" hai="9,13,17,28,30,56,63,64,95,99,101" m="19979" machi="9" ten="30,1000,0" yaku="8,1" doraHai="85" who="0" fromWho="2" sc="234,10,111,0,216,-10,439,0" />
</Scene>
<Scene>
<INIT seed="7,0,0,5,1,129" ten="244,111,206,439" oya="3" hai0="17,8,56,134,132,130,59,45,21,40,114,80,36" hai1="6,120,128,110,87,49,1,47,81,66,93,98,37" hai2="25,97,2,103,14,43,26,30,92,79,121,34,122" hai3="19,67,13,123,74,51,86,62,38,82,48,63,102"/><W5/><G86/><T127/><D130/><U53/><E110/><V4/><F2/><W112/><G13/><T3/><D127/><U7/><E120/><V10/><F43/><W94/><G94/><T65/><D65/><U31/><E37/><V108/><F108/><W12/><G12/><N who="0" m="9383" /><D80/><U104/><E104/><V119/><F119/><W72/><G102/><T57/><D8/><U54/><E1/><V113/><F113/><W101/><G101/><T52/><D3/><U96/><E128/><V35/><F79/><W89/><G89/><T76/><D76/><U44/><E66/><V125/><F125/><W109/><G19/><T77/><D77/><U68/><E68/><V16/><F4/><W91/><G91/><T111/><D111/><U95/><E87/><V85/><F85/><W117/><G109/><T105/><D105/><U124/><E124/><V135/><F135/><N who="0" m="51754" /><D114/><U75/><E75/><V107/><F107/><W118/><G112/><T61/><AGARI ba="0,0" hai="36,40,45,52,56,57,59,61" m="51754,9383" machi="61" ten="30,8000,1" yaku="20,1,52,3,54,1" doraHai="129" who="0" fromWho="0" sc="244,80,111,-20,206,-20,439,-40" owari="324,12.0,91,-41.0,186,-21.0,399,50.0" />
</Scene>
</mjloggm>