<mjloggm ver="2.3"><GO type="169" lobby="0"/><UN n0="%73%68%61%6F" n1="%70%67%61%69%6E" n2="%6A%75%6D%70%2D%75%70" n3="%E5%A4%AA%E3%81%8F%E3%81%AA%E3%81%84%E3%81%8A" dan="18,16,16,17" rate="2236.39,2115.34,2069.13,2160.02" sx="M,M,M,M"/><TAIKYOKU oya="0"/>

<Scene>
<INIT seed="0,0,0,2,1,134" ten="250,250,250,250" oya="0" hai0="71,100,116,83,110,24,101,22,16,104,117,40,15" hai1="50,126,0,72,74,106,70,86,38,58,114,77,63" hai2="85,80,111,59,113,99,52,81,44,29,103,49,9" hai3="13,51,84,89,53,75,27,61,119,78,102,73,68"/><T17/><D71/><U79/><E38/><V36/><F111/><W129/><G119/><T123/><D123/><U43/><E106/><V67/><F113/><W69/><G102/><T131/><D110/><U128/><E0/><V98/><F98/><W62/><G129/><T42/><D131/><U8/><E128/><V94/><F29/><W91/><G27/><T28/><D17/><U35/><E35/><V5/><F36/><W46/><G78/><T82/><D117/><U124/><E114/><V23/><F23/><W10/><G62/><T107/><D116/><U76/><E8/><V120/><F120/><W125/><G89/><T65/><D65/><N who="1" m="41279" /><E86/><V14/><F67/><W112/><G112/><T33/><D107/><U105/><E105/><V21/><F21/><W2/><G2/><T18/><D18/><U60/><E50/><N who="2" m="31127" /><F85/><W118/><G118/><T97/><REACH who="0" step="1"/><D101/><REACH who="0" ten="240,250,250,250" step="2"/><U34/><E74/><V19/><F19/><W122/><G122/><T108/><D108/><U12/><E72/><V93/><F93/><W3/><G73/><T47/><D47/><U121/><E121/><V31/><F31/><W26/><G75/><T4/><D4/><U55/><E58/><V30/><F30/><W133/><G68/><T37/><D37/><U66/><E66/><V109/><F109/><W132/><G69/><T7/><D7/><U25/><E34/><V96/><F96/><W115/><G115/><T6/><D6/><U64/><E64/><V127/><F127/><W20/><G125/><T88/><D88/><U57/><E124/><V95/><F95/><W90/><G90/><RYUUKYOKU ba="0,1" sc="240,15,250,-15,250,15,250,-15" hai0="15,16,22,24,28,33,40,42,82,83,97,100,104" hai2="5,9,14,44,49,80,81,94,99,103" />
</Scene>
<Scene>
<INIT seed="0,1,1,1,2,23" ten="255,235,265,235" oya="0" hai0="16,12,14,73,69,24,82,83,11,126,99,78,103" hai1="36,41,84,129,32,110,122,60,26,112,2,89,64" hai2="5,79,59,42,128,101,10,92,77,44,17,22,131" hai3="6,98,120,108,81,114,3,29,55,9,20,106,28"/><T72/><D69/><U115/><E110/><V48/><F59/><W109/><G114/><N who="1" m="43562" /><E122/><V124/><F124/><W67/><G120/><T85/><D126/><U95/><E2/><V31/><F31/><W1/><G67/><T58/><D58/><U104/><E104/><V35/><F35/><W113/><G113/><T54/><D54/><U118/><E118/><V63/><F63/><W8/><G55/><T74/><D14/><U37/><E41/><V80/><F92/><W38/><G38/><T75/><D24/><U105/><E105/><V91/><F91/><W46/><G46/><T116/><D116/><U61/><E129/><N who="2" m="49739" /><F101/><W39/><G39/><N who="1" m="14922" /><E64/><V102/><F102/><W53/><G53/><T56/><D56/><U19/><E32/><V111/><F111/><N who="3" m="42571" /><G81/><T49/><D49/><U33/><E33/><V66/><F80/><W76/><G76/><T93/><REACH who="0" step="1"/><D72/><REACH who="0" ten="245,235,265,235" step="2"/><U21/><AGARI ba="1,2" hai="19,21,26,60,61,84,89,95" m="14922,43562" machi="21" ten="40,2700,0" yaku="11,1,52,1" doraHai="23" who="1" fromWho="1" sc="245,-14,235,50,265,-8,235,-8" />
</Scene>
<Scene>
<INIT seed="1,0,0,2,0,34" ten="231,285,257,227" oya="1" hai0="46,23,130,33,104,21,116,119,67,93,66,48,114" hai1="53,94,47,63,62,106,77,121,5,73,90,7,107" hai2="22,17,74,32,127,101,10,26,31,122,1,20,98" hai3="113,133,64,36,3,40,129,91,128,59,60,102,124"/><U55/><E121/><V49/><F74/><W52/><G102/><T75/><D104/><U50/><E107/><V35/><F127/><W99/><G99/><T83/><D114/><U117/><E106/><V87/><F122/><W89/><G113/><T8/><D33/><N who="2" m="12874" /><F49/><N who="3" m="31119" /><G124/><T108/><D93/><U37/><E37/><V72/><F87/><W82/><G82/><T110/><D8/><U125/><E117/><V15/><F98/><W65/><G133/><T9/><D9/><U16/><E125/><V4/><F101/><W92/><G3/><T86/><D75/><U71/><E71/><V43/><F43/><W29/><G29/><T38/><D38/><U109/><E109/><V13/><F72/><W0/><G0/><AGARI ba="0,0" hai="0,1,4,10,13,15,17,20,22,26,31" m="12874" machi="0" ten="30,12000,2" yaku="35,5,52,2" doraHai="34" who="2" fromWho="3" sc="231,0,285,0,257,120,227,-120" />
</Scene>
<Scene>
<INIT seed="2,0,0,5,3,116" ten="231,285,377,107" oya="2" hai0="46,61,50,58,103,48,8,33,0,124,99,41,51" hai1="9,87,120,62,85,126,40,74,121,71,76,110,83" hai2="49,81,90,122,36,89,60,1,135,43,86,98,19" hai3="128,17,4,72,70,25,28,2,30,131,133,44,104"/><V27/><F122/><N who="1" m="47209" /><E110/><V11/><F135/><W35/><G72/><T37/><D124/><U12/><E126/><V75/><F36/><W96/><G70/><T93/><D33/><U97/><E40/><V31/><F75/><W102/><G133/><T45/><D0/><U6/><E97/><V78/><F60/><W7/><G30/><T117/><D117/><U54/><E54/><V100/><F19/><W118/><G118/><T20/><D8/><U112/><E112/><V14/><F1/><W130/><G2/><T84/><D84/><U68/><E68/><V88/><F49/><W13/><REACH who="3" step="1"/><G44/><REACH who="3" ten="231,285,377,97" step="2"/><T73/><D73/><U67/><AGARI ba="0,1" hai="6,9,12,62,67,71,74,76,83,85,87" m="47209" machi="67" ten="30,7900,0" yaku="13,1,52,3" doraHai="116" who="1" fromWho="1" sc="231,-20,285,89,377,-39,97,-20" />
</Scene>
<Scene>
<INIT seed="3,0,0,5,1,51" ten="211,374,338,77" oya="3" hai0="4,59,57,68,88,123,124,85,20,16,89,62,10" hai1="111,7,91,128,106,29,6,133,87,53,23,95,63" hai2="56,26,109,101,103,75,41,1,112,86,90,18,115" hai3="54,9,72,8,3,58,134,24,98,135,0,5,81"/><W126/><G126/><T42/><D123/><U93/><E111/><V17/><F1/><W67/><G67/><T120/><D120/><U12/><E106/><V78/><F75/><W55/><G24/><T107/><D124/><U38/><E38/><V48/><F78/><N who="3" m="44231" /><G98/><T43/><D107/><U40/><E133/><N who="3" m="50698" /><G58/><T69/><D68/><U21/><E87/><V65/><F109/><W71/><G71/><T92/><D69/><U77/><E29/><V13/><F112/><W25/><G25/><N who="0" m="14471" /><D57/><U11/><E77/><V114/><F115/><W70/><G70/><T2/><D2/><U61/><E12/><V22/><F114/><W47/><G47/><T83/><D4/><AGARI ba="0,0" hai="0,3,4,5,8,9,54,55" m="50698,44231" machi="4" ten="30,5800,0" yaku="20,1,52,2" doraHai="51" who="3" fromWho="0" sc="211,-58,374,0,338,0,77,58" />
</Scene>
<Scene>
<INIT seed="3,1,0,4,3,73" ten="153,374,338,135" oya="3" hai0="26,49,119,117,134,43,114,98,31,72,100,59,89" hai1="17,62,94,85,10,77,23,21,108,131,29,33,51" hai2="27,30,41,12,60,54,20,38,1,81,50,127,118" hai3="71,9,24,13,97,28,52,63,84,15,45,120,116"/><W105/><G116/><T40/><D72/><U101/><E108/><V22/><F127/><W78/><G120/><T92/><D114/><U122/><E122/><V37/><F1/><W110/><G110/><T35/><D134/><U123/><E123/><V129/><F129/><W87/><G71/><T133/><D133/><U3/><E131/><V113/><F113/><W102/><G78/><T67/><D119/><U44/><E33/><V86/><F118/><W7/><G13/><T132/><D117/><U6/><E62/><V19/><F60/><W66/><G45/><T25/><D132/><U42/><E29/><V65/><F65/><W2/><G2/><T11/><D11/><U5/><E5/><V4/><F41/><W88/><G88/><T111/><D111/><U121/><E121/><V115/><F4/><W104/><G104/><T103/><D26/><U61/><E61/><V109/><F109/><W32/><REACH who="3" step="1"/><G52/><REACH who="3" ten="153,374,338,125" step="2"/><T36/><D89/><N who="1" m="53551" /><E77/><V18/><F115/><W46/><G46/><T125/><D43/><U128/><E44/><N who="2" m="27975" /><F38/><W112/><G112/><T14/><D40/><U79/><E42/><V96/><F37/><W82/><G82/><T55/><D36/><U69/><E69/><V74/><F74/><W16/><G16/><T70/><D70/><U0/><E17/><V48/><F19/><W8/><G8/><T34/><D55/><U57/><E3/><V83/><F83/><W76/><G76/><T80/><D80/><U93/><E79/><N who="2" m="46399" /><F96/><W95/><G95/><T75/><D92/><U58/><E0/><V91/><F91/><W53/><G53/><RYUUKYOKU ba="1,1" sc="153,-15,374,-15,338,15,125,15" hai2="12,18,20,22,27,30,48" hai3="7,9,15,24,28,32,63,66,84,87,97,102,105" />
</Scene>
<Scene>
<INIT seed="3,2,1,3,4,63" ten="138,359,353,140" oya="3" hai0="62,6,113,103,114,34,48,58,30,55,27,81,38" hai1="93,124,31,28,77,85,89,133,61,17,80,3,32" hai2="11,43,51,105,128,97,122,98,129,92,2,106,95" hai3="37,40,13,102,50,10,18,5,126,60,121,1,100"/><W15/><G121/><T109/><D38/><U57/><E3/><V110/><F43/><W12/><G37/><T0/><D109/><U4/><E4/><V87/><F11/><W39/><G39/><T67/><D103/><U73/><E133/><V35/><F51/><W9/><G126/><T112/><D81/><U72/><E124/><V22/><F22/><N who="3" m="11591" /><G1/><T134/><D134/><U84/><E17/><V56/><F56/><W36/><G36/><T71/><D0/><U76/><E76/><V26/><F26/><W101/><G60/><T125/><D6/><U99/><E99/><N who="2" m="37899" /><F35/><W65/><G40/><T123/><REACH who="0" step="1"/><D125/><REACH who="0" ten="128,359,353,140" step="2"/><U82/><E82/><V70/><F110/><W107/><G107/><N who="2" m="40969" /><F2/><W14/><G5/><T41/><D41/><U131/><E80/><V118/><F122/><AGARI ba="2,2" hai="27,30,34,48,55,58,62,67,71,112,113,114,122,123" machi="122" ten="40,8000,1" yaku="1,1,11,1,52,1,53,1" doraHai="63" doraHaiUra="54" who="0" fromWho="2" sc="128,106,359,0,353,-86,140,0" />
</Scene>
<Scene>
<INIT seed="4,0,0,2,0,93" ten="234,359,267,140" oya="0" hai0="133,117,69,132,12,19,30,90,24,113,64,34,43" hai1="121,98,72,6,20,45,46,85,92,61,17,13,56" hai2="77,123,44,48,96,14,109,38,119,73,102,103,112" hai3="101,58,116,15,40,127,66,3,120,115,5,25,65"/><T62/><D117/><U114/><E121/><V39/><F103/><W97/><G116/><T100/><D113/><U75/><E114/><V83/><F112/><W82/><G115/><T54/><D43/><U21/><E85/><V104/><F109/><W8/><G120/><T105/><D90/><U70/><E70/><V23/><F123/><W76/><G127/><T50/><D50/><U47/><E6/><V131/><F131/><W7/><G40/><T107/><D54/><N who="1" m="33943" /><E75/><V80/><F119/><W67/><G25/><T124/><D124/><U36/><E72/><V99/><F99/><W128/><G128/><T94/><D94/><U71/><E71/><V129/><F129/><W63/><G5/><T91/><D91/><N who="1" m="55583" /><E36/><V126/><F126/><W135/><G3/><T55/><D55/><U0/><E0/><V4/><F80/><W41/><G41/><T26/><D26/><U52/><E52/><V10/><F23/><AGARI ba="0,0" hai="13,17,20,21,23,45,46,47" m="55583,33943" machi="23" ten="30,2000,0" yaku="8,1,52,1" doraHai="93" who="1" fromWho="2" sc="234,0,359,20,267,-20,140,0" />
</Scene>
<Scene>
<INIT seed="5,0,0,2,1,29" ten="234,379,247,140" oya="1" hai0="56,134,72,67,89,61,80,37,119,96,44,8,122" hai1="54,107,11,78,35,42,124,97,43,6,108,93,132" hai2="18,135,24,131,49,9,48,47,33,10,113,85,86" hai3="105,3,22,50,126,120,128,103,115,112,63,66,13"/><U64/><E132/><V121/><F121/><W71/><G3/><T28/><D119/><U74/><E107/><V123/><F123/><W88/><G120/><T20/><D122/><U45/><E124/><V104/><F104/><W0/><G0/><T77/><D134/><U111/><E64/><V2/><F135/><W25/><G126/><T5/><D20/><U109/><E35/><V46/><F131/><W12/><G128/><T106/><D28/><U34/><E34/><V69/><F33/><W114/><G50/><N who="2" m="19561" /><F2/><W52/><G52/><T68/><D56/><U83/><E54/><V125/><F113/><W81/><G103/><N who="0" m="62823" /><D89/><N who="1" m="55471" /><E45/><N who="2" m="16907" /><F69/><W73/><G105/><T51/><D51/><U30/><E30/><V58/><F58/><W87/><REACH who="3" step="1"/><G73/><REACH who="3" ten="234,379,247,130" step="2"/><T41/><D61/><U27/><E111/><V127/><F125/><W39/><G39/><T55/><D55/><U21/><E109/><V60/><F60/><W17/><AGARI ba="0,1" hai="12,13,17,22,25,63,66,71,81,87,88,112,114,115" machi="17" ten="30,7900,0" yaku="1,1,0,1,15,1,54,1,53,0" doraHai="29" doraHaiUra="133" who="3" fromWho="3" sc="234,-20,379,-39,247,-20,130,89" />
</Scene>
<Scene>
<INIT seed="6,0,0,3,5,23" ten="214,340,227,219" oya="2" hai0="64,17,18,86,36,15,103,47,8,42,93,118,122" hai1="72,130,91,82,35,96,79,117,14,44,40,133,125" hai2="121,109,41,54,92,24,68,114,135,66,99,12,81" hai3="62,20,77,2,85,52,124,49,83,104,29,5,80"/><V120/><F114/><W6/><G104/><T128/><D122/><U123/><E123/><V27/><F135/><W102/><G124/><T67/><D128/><U106/><E117/><V25/><F109/><W37/><G37/><T32/><D118/><U48/><E130/><V119/><F119/><W56/><G102/><T31/><D18/><U0/><E0/><V13/><F120/><W111/><G111/><T51/><D36/><U116/><E116/><V100/><F68/><W46/><G2/><T55/><D42/><U57/><E125/><V74/><F66/><W101/><G101/><T110/><D110/><U78/><E78/><V28/><F28/><W50/><G50/><T30/><D32/><U61/><E133/><V88/><F41/><W39/><G39/><T59/><D67/><U53/><E35/><V22/><F22/><W3/><G3/><T132/><D132/><U115/><E115/><V19/><F19/><W107/><G107/><T21/><D8/><U95/><E106/><V11/><F11/><W90/><G20/><T131/><D131/><U112/><E112/><V87/><F121/><W38/><G38/><T60/><REACH who="0" step="1"/><D86/><REACH who="0" ten="204,340,227,219" step="2"/><U94/><E40/><V43/><F43/><W33/><G33/><T71/><D71/><U26/><E53/><V108/><F108/><W7/><G29/><T105/><D105/><U58/><E72/><V84/><F74/><W1/><G1/><T16/><D16/><U129/><E129/><V63/><F87/><N who="3" m="50535" /><G5/><T127/><D127/><U75/><E75/><V34/><F34/><W4/><G6/><T126/><D126/><RYUUKYOKU ba="0,1" sc="204,10,340,-30,227,10,219,10" hai0="15,17,21,30,31,47,51,55,59,60,64,93,103" hai2="12,13,24,25,27,54,63,81,84,88,92,99,100" hai3="4,7,46,49,52,56,62,77,83,85" />
</Scene>
<Scene>
<INIT seed="6,1,1,2,2,84" ten="214,310,237,229" oya="2" hai0="65,115,12,92,109,96,76,36,114,62,32,110,41" hai1="67,15,9,29,113,10,111,40,81,91,123,39,85" hai2="28,34,124,79,119,104,134,82,87,5,122,112,132" hai3="129,74,53,30,63,57,102,47,95,13,24,48,59"/><V131/><F119/><W54/><G74/><T61/><D32/><U72/><E111/><N who="0" m="42505" /><D76/><U56/><E113/><N who="0" m="43017" /><D12/><U31/><E72/><V135/><F122/><W26/><G129/><T21/><D21/><U75/><E75/><V38/><F131/><W19/><G30/><T60/><D65/><U98/><E123/><V125/><F104/><W35/><G35/><T73/><D73/><U17/><E10/><V16/><F5/><W23/><G47/><N who="0" m="23975" /><D60/><U121/><E15/><V43/><F28/><W86/><G102/><AGARI ba="1,1" hai="61,62,92,96,102" m="23975,43017,42505" machi="102" ten="30,1000,0" yaku="15,1" doraHai="84" who="0" fromWho="3" sc="214,23,310,0,237,0,229,-13" />
</Scene>
<Scene>
<INIT seed="7,0,0,4,4,103" ten="237,310,237,216" oya="3" hai0="56,60,92,41,71,62,3,131,104,2,93,86,49" hai1="15,32,79,129,45,70,44,100,123,124,111,61,122" hai2="99,48,84,57,40,117,82,68,77,33,21,22,36" hai3="101,94,30,19,66,80,8,115,24,110,97,125,27"/><W76/><G115/><T135/><D104/><U78/><E111/><V98/><F68/><W37/><G37/><T29/><D71/><U134/><E32/><V90/><F33/><W51/><G110/><T26/><D62/><U119/><E134/><V5/><F36/><W91/><G125/><T69/><D69/><U9/><E124/><V46/><F117/><W0/><G66/><T96/><D135/><U67/><E129/><V55/><F5/><W12/><G0/><T42/><D131/><U54/><E100/><V35/><F35/><W17/><G30/><T114/><D114/><U7/><E119/><V128/><F128/><W107/><G51/><T6/><D6/><U127/><E127/><V85/><F98/><W133/><G17/><T20/><D49/><U95/><E95/><N who="2" m="54727" /><F99/><W47/><G47/><T58/><D58/><U65/><E45/><V120/><F120/><W87/><G133/><T18/><D3/><U64/><E123/><V72/><F72/><AGARI ba="0,0" hai="8,12,19,24,27,72,76,80,87,91,94,97,101,107" machi="72" ten="30,11600,0" yaku="7,1,24,2,52,1" doraHai="103" who="3" fromWho="2" sc="237,0,310,0,237,-116,216,116" owari="237,-16.0,310,11.0,121,-38.0,332,43.0" />
</Scene>
</mjloggm>