<mjloggm ver="2.3"><GO type="169" lobby="0"/><UN n0="%6E%65%6F%40%75%6E%69" n1="%E3%81%BE%E3%83%BC%E3%81%95%EF%BC%A0%EF%BC%92%EF%BC%91" n2="%E5%A4%AA%E3%81%8F%E3%81%AA%E3%81%84%E3%81%8A" n3="%70%72%69%73%6D" dan="18,17,17,16" rate="2255.42,2135.54,2124.04,2125.51" sx="M,M,M,M"/><TAIKYOKU oya="0"/>

<Scene>
<INIT seed="0,0,0,0,2,91" ten="250,250,250,250" oya="0" hai0="130,118,36,133,63,53,73,114,24,129,33,79,49" hai1="92,32,42,87,62,23,99,105,54,14,126,93,131" hai2="13,56,95,65,8,47,30,76,16,37,11,134,28" hai3="72,111,128,29,3,52,81,34,106,124,9,40,6"/><T21/><D118/><U103/><E32/><V2/><F134/><W44/><G106/><T35/><D36/><U74/><E74/><V18/><F76/><N who="3" m="44167" /><G111/><T121/><D121/><U86/><E131/><N who="0" m="50185" /><D114/><U7/><E126/><V39/><F47/><W96/><G128/><T75/><D63/><U108/><E108/><V4/><F18/><W20/><G124/><T67/><D67/><U69/><E42/><V132/><F132/><W109/><G109/><T51/><D51/><U100/><E69/><V46/><F95/><N who="1" m="36425" /><E105/><V112/><F112/><W113/><G96/><T119/><D119/><U50/><E62/><V120/><F120/><W19/><G52/><T117/><D75/><U110/><E110/><V97/><F97/><W43/><G113/><T116/><D133/><U58/><E99/><V123/><F123/><W71/><G71/><T27/><D35/><U41/><E41/><V104/><F104/><W68/><G68/><T64/><D33/><U125/><E125/><V107/><F107/><W94/><G43/><T10/><D117/><U70/><E70/><V26/><F39/><N who="3" m="21535" /><G34/><T80/><D116/><U115/><E115/><V102/><F37/><W77/><G3/><T5/><D64/><U135/><E135/><V88/><F65/><W66/><G66/><T55/><D55/><U78/><E23/><V61/><F61/><W38/><G38/><T98/><D21/><U83/><E87/><V48/><F48/><W101/><G20/><T12/><D98/><U0/><E0/><V90/><F2/><W122/><G122/><T84/><D73/><U31/><E31/><RYUUKYOKU ba="0,0" sc="250,15,250,15,250,-15,250,-15" hai0="5,10,12,24,27,49,53,79,80,84" hai1="7,14,50,54,58,78,83,86,100,103" />
</Scene>
<Scene>
<INIT seed="0,1,0,2,4,27" ten="265,265,235,235" oya="0" hai0="125,91,90,82,124,98,53,6,44,87,93,102,11" hai1="4,40,133,32,85,75,57,134,72,113,15,14,61" hai2="63,104,21,13,12,69,135,47,48,46,101,80,77" hai3="74,26,88,110,10,23,99,20,122,120,17,19,95"/><T86/><D44/><U49/><E113/><V31/><F135/><N who="1" m="51721" /><E32/><V97/><F69/><W128/><G74/><N who="1" m="28202" /><E4/><V119/><F63/><W71/><G71/><T0/><REACH who="0" step="1"/><D53/><REACH who="0" ten="255,265,235,235" step="2"/><N who="1" m="33967" /><E85/><V76/><F46/><AGARI ba="1,1" hai="14,15,40,46,49" m="33967,28202,51721" machi="46" ten="30,1000,0" yaku="20,1" doraHai="27" who="1" fromWho="2" sc="255,0,265,23,235,-13,235,0" />
</Scene>
<Scene>
<INIT seed="1,0,0,0,3,9" ten="255,288,222,235" oya="1" hai0="35,63,69,83,26,51,4,58,57,105,112,90,107" hai1="96,15,89,23,27,67,42,72,20,22,16,108,135" hai2="62,84,3,13,41,44,100,52,19,85,24,114,36" hai3="5,117,124,7,122,76,25,75,131,28,1,115,43"/><U0/><E72/><V64/><F3/><W97/><G43/><T134/><D112/><U68/><E0/><V54/><F114/><W94/><G122/><T45/><D4/><U110/><E135/><V79/><F100/><W132/><G115/><T73/><D69/><U31/><E42/><V18/><F24/><W11/><G132/><T104/><D134/><U128/><E128/><V127/><F127/><W119/><G124/><T74/><D45/><U95/><REACH who="1" step="1"/><E22/><REACH who="1" ten="255,278,222,235" step="2"/><V103/><F41/><W50/><G131/><T130/><D74/><U47/><E47/><V129/><F44/><W71/><G119/><T125/><D73/><U61/><AGARI ba="0,1" hai="15,16,20,23,27,31,61,67,68,89,95,96,108,110" machi="61" ten="30,12000,1" yaku="1,1,0,1,52,1,54,1,53,1" doraHai="9" doraHaiUra="93" who="1" fromWho="1" sc="255,-40,278,130,222,-40,235,-40" />
</Scene>
<Scene>
<INIT seed="1,1,0,4,0,117" ten="215,408,182,195" oya="1" hai0="77,108,93,51,57,97,18,100,5,119,56,132,17" hai1="83,9,63,59,124,133,72,30,36,98,42,99,101" hai2="55,79,106,88,29,21,54,114,81,84,19,82,8" hai3="13,50,123,1,134,118,78,86,76,64,41,20,113"/><U107/><E133/><V49/><F106/><W112/><G134/><T105/><D108/><U71/><E71/><V94/><F114/><W85/><G118/><T43/><D119/><U95/><E124/><V46/><F29/><W22/><G64/><T130/><D130/><U70/><E70/><V4/><F55/><W126/><G13/><T61/><D5/><U75/><E30/><V74/><F94/><W91/><G91/><T53/><D77/><U25/><E25/><V7/><REACH who="2" step="1"/><F8/><REACH who="2" ten="215,408,172,195" step="2"/><W89/><G113/><T27/><D132/><U92/><E9/><V35/><F35/><W135/><G112/><T40/><D105/><U87/><E107/><V2/><F2/><W26/><G1/><T67/><D27/><AGARI ba="1,1" hai="4,7,19,21,27,46,49,54,74,79,81,82,84,88" machi="27" ten="30,3900,0" yaku="1,1,7,1,54,1,53,0" doraHai="117" doraHaiUra="32" who="2" fromWho="0" sc="215,-42,408,0,172,52,195,0" />
</Scene>
<Scene>
<INIT seed="2,0,0,3,2,87" ten="173,408,224,195" oya="2" hai0="51,127,63,73,53,126,79,24,71,78,116,14,48" hai1="129,1,21,0,67,80,16,35,50,95,26,90,119" hai2="88,122,121,94,58,66,124,20,39,29,96,93,30" hai3="100,19,7,75,107,99,33,114,135,117,128,84,11"/><V61/><F124/><W104/><G117/><T123/><D123/><U13/><E119/><V9/><F39/><W106/><G33/><T112/><D112/><U103/><E129/><V57/><F9/><W38/><G38/><T134/><D116/><U28/><E67/><V59/><F122/><W3/><G128/><T69/><D14/><U64/><E64/><V102/><F121/><W45/><G75/><T18/><D53/><U72/><E103/><V62/><F20/><W115/><G135/><T31/><D18/><U113/><E113/><N who="3" m="43018" /><G45/><T54/><D54/><U76/><E50/><V110/><F110/><W37/><G37/><T5/><D5/><U118/><E118/><V4/><F4/><W25/><G84/><AGARI ba="0,0" hai="0,1,13,16,21,26,28,35,72,76,80,84,90,95" machi="84" ten="30,3900,0" yaku="7,1,52,1,54,1" doraHai="87" who="1" fromWho="3" sc="173,0,408,39,224,0,195,-39" />
</Scene>
<Scene>
<INIT seed="3,0,0,3,0,126" ten="173,447,224,156" oya="3" hai0="2,38,39,5,41,120,67,116,18,15,108,81,71" hai1="58,1,78,89,16,60,75,14,28,25,131,7,48" hai2="115,11,100,42,21,132,91,110,73,64,80,86,101" hai3="99,17,95,114,79,22,74,121,53,40,55,46,49"/><W128/><G121/><T52/><D120/><U111/><E111/><V13/><F115/><W69/><G114/><T44/><D108/><U70/><E70/><V77/><F110/><W50/><G69/><T97/><D116/><U30/><E75/><V112/><F112/><W34/><G34/><T6/><D39/><U54/><E78/><V65/><F132/><W66/><G66/><T127/><D2/><U93/><E1/><V76/><F42/><W72/><G72/><T123/><D127/><U124/><E124/><V106/><F21/><W102/><G74/><T23/><D81/><U92/><E7/><V56/><F106/><W96/><G79/><N who="2" m="30281" /><F73/><W4/><G4/><T125/><D123/><U37/><E37/><V68/><F68/><W109/><G109/><T31/><D31/><U84/><E25/><V117/><F117/><W63/><G63/><T57/><D125/><U98/><E60/><N who="2" m="37895" /><F65/><W103/><G49/><T9/><D67/><U122/><E122/><V32/><F32/><W43/><G43/><T133/><D133/><U10/><E30/><V33/><F33/><W82/><G82/><T107/><D71/><U59/><E28/><V83/><F83/><W35/><G35/><T129/><D107/><U61/><E48/><V88/><F91/><W12/><REACH who="3" step="1"/><G128/><REACH who="3" ten="173,447,224,146" step="2"/><T62/><D129/><U130/><E130/><V8/><F8/><W135/><G135/><T47/><D47/><U90/><E131/><V94/><F80/><W87/><G87/><T104/><D9/><U29/><E10/><V45/><F45/><W85/><G85/><T19/><D19/><AGARI ba="0,1" hai="11,13,19,86,88,94,100,101" m="37895,30281" machi="19" ten="30,3900,0" yaku="6,1,8,1,54,1" doraHai="126" who="2" fromWho="0" sc="173,-39,447,0,224,49,146,0" />
</Scene>
<Scene>
<INIT seed="4,0,0,4,4,102" ten="134,447,273,146" oya="0" hai0="109,46,52,76,118,5,123,28,49,53,91,58,105" hai1="50,29,94,11,33,19,85,111,30,75,7,97,2" hai2="99,112,10,22,44,73,21,119,61,70,43,63,84" hai3="92,115,122,6,98,134,106,114,101,67,103,127,77"/><T96/><D123/><U59/><E111/><V38/><F73/><W34/><G34/><T56/><D118/><U88/><E75/><V69/><F119/><W132/><G67/><T9/><D109/><U80/><E33/><V18/><F112/><N who="3" m="43051" /><G122/><T27/><D76/><U39/><E39/><V24/><F10/><W14/><G6/><T113/><D113/><U90/><E19/><V87/><F99/><N who="3" m="61823" /><G14/><T15/><D105/><U108/><E108/><V23/><F24/><W125/><G77/><T37/><D37/><U48/><E48/><V68/><REACH who="2" step="1"/><F18/><REACH who="2" ten="134,447,263,146" step="2"/><W40/><G40/><T107/><D53/><U86/><E11/><V78/><F78/><W0/><G0/><T110/><D110/><U120/><E120/><V126/><F126/><AGARI ba="0,1" hai="92,98,101,125,126,127,132,134" m="61823,43051" machi="126" ten="30,8000,1" yaku="18,1,15,1,34,2,52,1" doraHai="102" who="3" fromWho="2" sc="134,0,447,0,263,-80,146,90" />
</Scene>
<Scene>
<INIT seed="5,0,0,2,1,50" ten="134,447,183,236" oya="1" hai0="4,83,18,99,135,10,71,124,17,39,78,127,52" hai1="32,12,65,67,131,19,92,132,100,30,49,3,70" hai2="98,93,14,35,41,133,77,33,108,128,58,126,29" hai3="64,84,0,81,120,56,85,91,45,53,24,101,7"/><U107/><E3/><V116/><F108/><W40/><G120/><T63/><D39/><U51/><E92/><V121/><F121/><W6/><G101/><T48/><D99/><U2/><E2/><V110/><F110/><W90/><G64/><T111/><D111/><U76/><E76/><V16/><F116/><W61/><G0/><T82/><D135/><U5/><E5/><V43/><F133/><W9/><G9/><T118/><D118/><U69/><E67/><V59/><F128/><W46/><G24/><T26/><D63/><U25/><E70/><V68/><F68/><W36/><REACH who="3" step="1"/><G46/><REACH who="3" ten="134,447,183,226" step="2"/><N who="0" m="27671" /><D71/><U31/><E132/><V21/><F14/><W13/><G13/><N who="0" m="5319" /><D26/><U114/><E25/><V15/><F15/><W130/><G130/><T66/><D66/><U123/><E65/><V79/><F35/><W75/><G75/><T54/><D124/><U1/><E32/><V105/><F126/><W28/><G28/><T113/><D127/><U94/><E30/><V20/><F29/><W22/><G22/><T47/><D113/><U34/><E31/><V42/><F33/><W62/><G62/><T119/><D119/><U23/><E34/><V73/><F21/><W97/><G97/><T104/><D104/><U115/><E107/><V72/><F105/><W134/><G134/><T117/><D117/><U129/><E129/><V103/><F73/><W125/><G125/><T112/><D112/><U88/><E131/><V109/><F109/><W11/><G11/><T27/><D27/><U60/><E115/><V80/><F72/><W37/><G37/><T8/><D8/><RYUUKYOKU ba="0,1" sc="134,-10,447,-10,183,-10,226,30" hai3="6,7,36,40,45,53,56,61,81,84,85,90,91" />
</Scene>
<Scene>
<INIT seed="6,1,1,4,0,74" ten="124,437,173,256" oya="2" hai0="94,93,3,130,50,92,68,117,104,77,134,120,17" hai1="95,96,26,24,34,5,43,102,64,67,103,2,99" hai2="21,105,57,45,75,100,118,76,72,98,106,6,127" hai3="125,135,46,49,36,10,126,31,82,110,52,78,87"/><V132/><F118/><W51/><G110/><T62/><D120/><U22/><E43/><V73/><F127/><N who="3" m="48651" /><G135/><T18/><D134/><U114/><E114/><V28/><F132/><W97/><G36/><T23/><D104/><U44/><E44/><V4/><F105/><W19/><G31/><T37/><D37/><U8/><E34/><V1/><F45/><W111/><G111/><T63/><D3/><U0/><E26/><V15/><F1/><W53/><G97/><T69/><D50/><N who="3" m="18953" /><G46/><T88/><D117/><U129/><E129/><V16/><F28/><W25/><G25/><T123/><D123/><U124/><E0/><V54/><REACH who="2" step="1"/><F76/><REACH who="2" ten="124,437,163,256" step="2"/><W33/><G33/><T89/><D77/><U90/><E124/><V7/><F7/><W121/><G121/><T86/><D130/><U38/><E5/><V55/><F55/><W32/><G32/><T29/><D29/><U42/><E2/><V101/><F101/><W79/><G78/><T35/><D35/><U133/><E103/><V122/><F122/><W65/><G65/><T107/><D107/><U39/><E67/><V66/><F66/><W41/><G41/><T113/><D113/><U83/><E64/><V91/><F91/><N who="0" m="34890" /><D86/><U56/><E42/><V27/><F27/><W14/><AGARI ba="1,2" hai="10,14,19,52,53,79,82,87" m="18953,48651" machi="14" ten="30,4000,0" yaku="18,1,52,1,54,1" doraHai="74" who="3" fromWho="3" sc="124,-11,437,-11,163,-21,256,63" />
</Scene>
<Scene>
<INIT seed="7,0,0,1,0,61" ten="113,426,142,319" oya="3" hai0="104,135,82,37,98,86,122,81,95,103,39,114,3" hai1="63,36,118,78,124,117,66,62,18,93,53,58,54" hai2="38,45,7,109,42,71,76,35,105,24,26,100,65" hai3="89,48,14,69,23,110,101,5,90,85,128,87,96"/><W40/><G128/><T34/><D34/><U57/><E124/><V17/><F109/><W133/><G133/><T49/><D135/><U115/><E115/><V4/><F76/><W21/><G69/><T9/><D122/><U79/><E36/><V112/><F112/><W83/><G110/><T75/><D114/><U131/><E131/><V120/><F120/><W0/><G0/><T50/><D39/><U72/><E72/><V92/><F92/><N who="3" m="58503" /><G40/><T29/><D29/><U19/><E93/><V13/><F26/><W119/><G48/><T2/><D37/><U32/><E32/><V33/><F17/><W99/><G99/><T67/><D67/><AGARI ba="0,0" hai="18,19,53,54,57,58,62,63,66,67,78,79,117,118" machi="67" ten="25,6400,0" yaku="22,2,52,2" doraHai="61" who="1" fromWho="0" sc="113,-64,426,64,142,0,319,0" owari="49,-45.0,490,59.0,142,-26.0,319,12.0" />
</Scene>
</mjloggm>