<mjloggm ver="2.3"><GO type="169" lobby="0"/><UN n0="%73%66%73%66" n1="%2D%E3%82%84%E3%81%AF%E3%81%8E%2D" n2="%E5%AE%89%E6%9C%AC%E5%BD%A9%E8%8A%B1" n3="%E5%A4%AA%E3%81%8F%E3%81%AA%E3%81%84%E3%81%8A" dan="17,16,16,18" rate="2120.32,2014.13,2122.55,2280.78" sx="M,M,F,F"/><TAIKYOKU oya="0"/>

<Scene>
<INIT seed="0,0,0,4,1,55" ten="250,250,250,250" oya="0" hai0="89,18,43,44,70,19,97,124,115,121,126,133,110" hai1="49,0,40,45,92,60,17,41,32,33,72,51,109" hai2="65,67,119,25,28,42,98,74,99,22,58,37,94" hai3="102,73,103,26,6,134,117,88,118,69,111,23,30"/><T122/><D70/><U75/><E109/><V128/><F119/><W64/><G73/><T106/><D110/><U135/><E135/><V120/><F120/><N who="0" m="46186" /><D133/><U53/><E0/><V104/><F74/><W35/><G111/><T78/><D78/><U54/><E60/><V9/><F128/><W38/><G38/><N who="0" m="21623" /><D115/><U91/><E17/><V62/><F104/><W5/><G134/><T125/><D89/><U39/><E39/><V71/><F9/><W81/><G35/><T14/><D14/><U12/><E91/><V113/><F113/><W36/><G36/><T130/><D130/><U105/><E12/><V96/><F67/><W100/><G69/><T8/><D8/><U86/><E86/><V87/><F71/><W68/><G68/><T79/><D79/><U34/><E92/><V127/><F37/><W76/><G64/><T129/><D129/><U80/><E33/><V31/><F42/><W57/><G76/><T20/><D20/><U112/><E112/><V132/><F132/><W59/><G118/><T3/><D3/><U77/><E77/><V108/><F108/><W47/><G47/><T11/><D11/><U95/><E95/><V13/><F13/><W101/><N who="3" m="25600" /><DORA hai="48" /><W85/><G117/><T10/><D10/><U7/><E45/><V1/><F1/><W123/><G123/><T90/><D106/><U24/><E105/><V61/><F65/><W83/><G83/><T21/><D21/><U107/><E107/><V66/><F22/><W29/><G29/><T114/><D114/><U84/><E80/><V50/><F28/><W63/><G57/><RYUUKYOKU ba="0,0" sc="250,15,250,-15,250,-15,250,15" hai0="18,19,90,97,124,125,126" hai3="5,6,23,26,30,59,63,81,85,88" />
</Scene>
<Scene>
<INIT seed="0,1,0,1,4,34" ten="265,235,235,265" oya="0" hai0="48,63,123,110,85,29,87,131,30,47,106,64,8" hai1="52,78,70,126,107,3,82,1,122,114,57,125,119" hai2="38,21,32,20,54,49,111,116,117,90,69,58,10" hai3="7,50,100,40,15,51,118,22,124,91,76,108,81"/><T19/><D106/><U88/><E119/><N who="2" m="45643" /><F111/><W11/><G118/><T109/><D123/><U42/><E122/><V121/><F121/><W127/><G108/><N who="0" m="41579" /><D131/><U96/><E70/><V33/><F38/><W31/><G91/><T84/><D19/><U83/><E42/><V115/><F115/><W132/><G100/><T80/><D8/><U24/><E24/><V71/><F90/><W62/><G132/><T41/><D80/><N who="1" m="30763" /><E78/><V55/><F10/><W37/><G37/><T92/><D92/><N who="1" m="56327" /><E107/><V68/><F55/><W27/><G62/><T13/><D13/><U65/><E65/><V14/><F14/><W2/><G15/><T75/><D75/><U12/><E12/><V26/><F21/><W45/><REACH who="3" step="1"/><G51/><REACH who="3" ten="265,235,235,255" step="2"/><T61/><D61/><N who="1" m="36007" /><E114/><V77/><F77/><W134/><G134/><T101/><D101/><U112/><E112/><V44/><F71/><AGARI ba="1,1" hai="29,30,41,47,48,63,64,71,84,85,87" m="41579" machi="71" ten="30,2900,0" yaku="14,1,10,1" doraHai="34" who="0" fromWho="2" sc="265,42,235,0,235,-32,255,0" />
</Scene>
<Scene>
<INIT seed="0,2,0,4,3,28" ten="307,235,203,255" oya="0" hai0="1,115,9,91,119,22,37,98,72,56,96,65,134" hai1="6,124,133,90,49,7,77,63,29,43,102,39,70" hai2="135,48,112,4,79,103,125,68,41,47,61,94,82" hai3="111,130,2,24,45,10,17,33,36,13,80,54,107"/><T95/><D115/><U59/><E124/><V81/><F112/><W109/><G107/><T40/><D119/><U15/><E133/><V85/><F135/><W42/><G130/><T53/><D72/><U74/><E39/><V126/><F4/><W30/><G54/><T105/><D65/><U51/><E70/><V26/><F26/><W60/><G60/><T122/><D134/><U12/><E74/><V46/><F46/><W83/><REACH who="3" step="1"/><G2/><REACH who="3" ten="307,235,203,245" step="2"/><T57/><D53/><U16/><E63/><V25/><F126/><W75/><G75/><T11/><D1/><U3/><E3/><V18/><F125/><W104/><G104/><T55/><D55/><U50/><E43/><V97/><F61/><W106/><G106/><T69/><D105/><U32/><E50/><V38/><F38/><W120/><G120/><T108/><D122/><U58/><E49/><V101/><F68/><W31/><G31/><T52/><D69/><U5/><E51/><V84/><F48/><W14/><G14/><T117/><D52/><U66/><E12/><V99/><F41/><W88/><G88/><T76/><D40/><U89/><E89/><V129/><F47/><W0/><G0/><T44/><D91/><U71/><E90/><N who="2" m="51471" /><F129/><W20/><G20/><T34/><D22/><U131/><E131/><V132/><F132/><W86/><G86/><T19/><D37/><U62/><E77/><V128/><F128/><W123/><G123/><T93/><D76/><U116/><E116/><V92/><F25/><W21/><G21/><T114/><D117/><U113/><E71/><V73/><F73/><RYUUKYOKU ba="2,1" sc="307,-15,235,-15,203,15,245,15" hai2="18,79,82,85,92,94,97,99,101,103" hai3="10,13,17,24,30,33,36,42,45,80,83,109,111" />
</Scene>
<Scene>
<INIT seed="1,3,1,4,2,70" ten="292,220,218,260" oya="1" hai0="24,114,45,127,2,1,44,10,30,7,74,135,17" hai1="89,41,18,47,80,128,119,0,8,117,37,86,49" hai2="112,83,92,60,55,48,79,39,132,96,106,13,133" hai3="65,85,123,87,3,71,97,33,14,4,99,56,66"/><U11/><E128/><V118/><F118/><W75/><G75/><T36/><D114/><U68/><E68/><V111/><F111/><W38/><G3/><T91/><D74/><U129/><E129/><V63/><F106/><W53/><G71/><T73/><D73/><U59/><E11/><V101/><F112/><W105/><G33/><T61/><D2/><U54/><REACH who="1" step="1"/><E18/><REACH who="1" ten="292,210,218,260" step="2"/><V23/><F132/><W90/><G123/><T130/><D135/><U58/><E58/><V82/><F133/><W43/><G56/><T115/><D130/><U134/><E134/><V25/><F13/><W28/><G14/><T107/><D17/><U29/><E29/><V32/><F25/><W67/><G28/><T104/><D115/><U12/><E12/><V50/><F32/><W5/><G5/><AGARI ba="3,2" hai="0,5,8,37,41,47,49,54,59,80,86,89,117,119" machi="5" ten="40,7700,0" yaku="1,1,52,1,53,1" doraHai="70" doraHaiUra="51" who="1" fromWho="3" sc="292,0,210,106,218,0,260,-86" />
</Scene>
<Scene>
<INIT seed="1,4,0,0,2,57" ten="292,316,218,174" oya="1" hai0="96,33,70,105,128,110,113,65,84,38,8,14,98" hai1="54,1,13,12,69,60,135,47,79,75,68,120,121" hai2="21,0,4,30,74,100,115,95,85,19,43,16,26" hai3="44,116,111,50,88,94,129,71,92,62,37,80,77"/><U130/><E1/><V133/><F74/><W90/><G37/><T118/><D113/><U40/><E130/><V99/><F133/><W66/><G129/><T5/><D128/><U2/><E2/><V39/><F115/><W7/><G111/><T51/><D110/><U9/><E75/><V97/><F39/><W53/><G116/><T64/><D38/><U108/><E108/><V124/><F124/><W42/><G7/><T114/><D114/><U119/><E119/><V29/><F43/><W24/><G24/><T55/><D33/><U23/><E79/><V58/><F19/><W22/><G22/><T78/><D118/><U87/><E87/><V31/><F58/><W36/><G94/><T103/><D70/><U104/><E104/><V63/><F85/><W101/><G101/><T67/><D96/><U117/><E117/><V81/><F81/><W76/><G92/><T48/><D55/><U15/><E135/><V56/><F99/><W46/><REACH who="3" step="1"/><G77/><REACH who="3" ten="292,316,218,164" step="2"/><T89/><REACH who="0" step="1"/><D78/><REACH who="0" ten="282,316,218,164" step="2"/><U35/><E35/><V102/><F102/><W34/><G34/><T123/><D123/><U28/><E120/><V131/><F131/><W59/><G59/><T122/><D122/><U32/><E121/><V107/><F107/><W17/><G17/><T45/><D45/><U73/><E32/><V61/><REACH who="2" step="1"/><F56/><REACH who="2" ten="282,316,208,164" step="2"/><W41/><G41/><T20/><D20/><U112/><E23/><V18/><F18/><W134/><G134/><T82/><AGARI ba="4,3" hai="5,8,14,48,51,64,65,67,82,84,89,98,103,105" machi="82" ten="30,2000,0" yaku="1,1,0,1,53,0" doraHai="57" doraHaiUra="109" who="0" fromWho="0" sc="282,62,316,-14,208,-9,164,-9" />
</Scene>
<Scene>
<INIT seed="2,0,0,4,0,100" ten="344,302,199,155" oya="2" hai0="131,87,12,58,61,40,93,118,105,52,110,53,17" hai1="56,90,34,22,13,50,33,109,128,95,10,83,8" hai2="67,130,76,133,72,102,44,134,63,108,71,5,81" hai3="80,86,35,24,18,4,60,94,91,123,19,14,45"/><V124/><F124/><W21/><G123/><T26/><D131/><U48/><E109/><V30/><F108/><W127/><G127/><T57/><D110/><U119/><E119/><V25/><F130/><W32/><G4/><T103/><D118/><U122/><E122/><V98/><F44/><W27/><G27/><T31/><D40/><U77/><E128/><V16/><F5/><W1/><G1/><T73/><D73/><U65/><E33/><V106/><F16/><W7/><G7/><T28/><D26/><U104/><E104/><V107/><F106/><W99/><G60/><N who="0" m="35879" /><D105/><U38/><E38/><V112/><F112/><W64/><G64/><T89/><D103/><U0/><E0/><V88/><F88/><W121/><G45/><T79/><D79/><U115/><E115/><V70/><F70/><W11/><REACH who="3" step="1"/><G121/><REACH who="3" ten="344,302,199,145" step="2"/><T85/><D85/><U117/><E117/><V54/><REACH who="2" step="1"/><F54/><REACH who="2" ten="344,302,189,145" step="2"/><W41/><G41/><T59/><D53/><U29/><E65/><V96/><F96/><W66/><G66/><T84/><D87/><U74/><E74/><V125/><F125/><W51/><G51/><T3/><D3/><U43/><E48/><V46/><F46/><W36/><G36/><T75/><D75/><U113/><E50/><V9/><F9/><W55/><G55/><N who="0" m="34015" /><D59/><U101/><E56/><V23/><AGARI ba="0,2" hai="23,25,30,63,67,71,72,76,81,98,102,107,133,134" machi="23" ten="30,6000,0" yaku="1,1,0,1,52,1,53,0" doraHai="100" doraHaiUra="15" who="2" fromWho="2" sc="344,-20,302,-20,189,80,145,-20" />
</Scene>
<Scene>
<INIT seed="2,1,0,5,2,59" ten="324,282,269,125" oya="2" hai0="14,116,46,48,125,133,100,93,89,90,39,42,26" hai1="110,32,70,15,35,41,84,0,3,16,54,74,43" hai2="9,31,7,20,83,106,96,108,69,132,75,22,102" hai3="23,122,37,65,49,71,98,97,28,52,78,57,24"/><V94/><F132/><W80/><G122/><T60/><D133/><U128/><E74/><V103/><F108/><W34/><G37/><T86/><D125/><U68/><E110/><V123/><F123/><W130/><G130/><T76/><D116/><U113/><E113/><V19/><F31/><W95/><G34/><T81/><D39/><U82/><E54/><V121/><F121/><W45/><G71/><T85/><D100/><U62/><E128/><V27/><F69/><W36/><G36/><T73/><D14/><U118/><E118/><V72/><F22/><W8/><G8/><T127/><D127/><U11/><E70/><V61/><F61/><N who="3" m="38063" /><G95/><T12/><D12/><U53/><E32/><V112/><F112/><W114/><G114/><T115/><D115/><U18/><E35/><V67/><F67/><W56/><G45/><T105/><D105/><U63/><E68/><V129/><F129/><W124/><G124/><T77/><D26/><U1/><E18/><V21/><F21/><W66/><G66/><T120/><D73/><U64/><E64/><V111/><F111/><W88/><G78/><T38/><D120/><U6/><E53/><V55/><F55/><W13/><G13/><T47/><D60/><N who="1" m="23083" /><E6/><V10/><F72/><W17/><G17/><T119/><D119/><U2/><E2/><V91/><F106/><W51/><G51/><T79/><D38/><U131/><E131/><V126/><F126/><W101/><G101/><N who="2" m="38409" /><F7/><W117/><G117/><T104/><D104/><U58/><E58/><V4/><F4/><W134/><G134/><T30/><D47/><RYUUKYOKU ba="1,0" sc="324,0,282,0,269,0,125,0" hai0="30,42,46,48,76,77,79,81,85,86,89,90,93" hai1="0,1,3,11,15,16,41,43,82,84" hai2="9,10,19,20,27,75,83,91,94,96" hai3="23,24,28,49,52,56,80,88,97,98" />
</Scene>
<Scene>
<INIT seed="2,2,0,4,1,58" ten="324,282,269,125" oya="2" hai0="43,40,93,32,67,69,57,87,86,78,81,13,3" hai1="0,24,131,15,60,47,51,110,114,133,35,11,82" hai2="29,14,41,5,6,28,37,74,21,31,10,16,111" hai3="36,68,103,50,107,117,34,72,119,73,12,102,76"/><V91/><F74/><W98/><G50/><T48/><D3/><U90/><E110/><V62/><F111/><W22/><G22/><T17/><D32/><U70/><E114/><V118/><F118/><W99/><G12/><T8/><D69/><U55/><E0/><V83/><F41/><W120/><G36/><T127/><D127/><U101/><E101/><V38/><F37/><W18/><G18/><T130/><D130/><U88/><E131/><V9/><F38/><W19/><G19/><T45/><D43/><U71/><E133/><V124/><F124/><W7/><G7/><N who="2" m="2569" /><F62/><W54/><G54/><T113/><D113/><U33/><E24/><V46/><F46/><W128/><G128/><T63/><REACH who="0" step="1"/><D93/><REACH who="0" ten="314,282,269,125" step="2"/><U108/><E108/><V52/><F52/><W89/><G34/><T66/><D66/><N who="1" m="41287" /><E71/><V116/><F116/><W106/><G68/><T80/><D80/><U59/><E59/><V121/><F121/><W135/><G120/><T84/><AGARI ba="2,1" hai="8,13,17,40,45,48,57,63,67,78,81,84,86,87" machi="84" ten="20,8000,1" yaku="1,1,0,1,7,1,8,1,52,1,53,0" doraHai="58" doraHaiUra="20" who="0" fromWho="0" sc="314,96,282,-22,269,-42,125,-22" />
</Scene>
<Scene>
<INIT seed="3,0,0,1,1,126" ten="410,260,227,103" oya="3" hai0="86,61,66,67,51,87,115,100,93,135,54,31,131" hai1="84,102,121,97,40,85,78,5,64,88,28,94,10" hai2="19,2,27,68,125,76,90,60,47,122,91,57,50" hai3="8,80,16,39,14,3,77,43,21,32,0,26,104"/><W108/><G104/><T134/><D115/><U24/><E121/><V130/><F125/><W41/><G108/><T117/><D117/><U133/><E133/><N who="0" m="50697" /><D31/><U30/><E64/><N who="0" m="24617" /><D61/><U74/><E40/><V59/><F68/><W20/><G20/><T132/><D132/><U34/><E30/><V44/><F60/><W127/><G127/><T69/><D69/><U46/><E46/><V103/><F122/><W63/><G63/><T112/><D112/><U110/><E110/><V89/><F44/><W48/><G48/><T36/><D36/><U65/><E65/><V128/><F50/><W81/><G32/><T62/><D62/><U105/><E84/><V37/><F37/><W114/><G114/><T52/><D131/><N who="2" m="50218" /><F47/><W38/><G38/><T18/><D51/><U15/><REACH who="1" step="1"/><E78/><REACH who="1" ten="410,250,227,103" step="2"/><V23/><F76/><W96/><G39/><T120/><D120/><U33/><E33/><V95/><F2/><W116/><G116/><T129/><D129/><U25/><E25/><V107/><F107/><W45/><G45/><T109/><D109/><U11/><E11/><V13/><F27/><W83/><G77/><T6/><D54/><U49/><E49/><V55/><F55/><W73/><G0/><T4/><D52/><U56/><E56/><V118/><F118/><W99/><G3/><T72/><D86/><U82/><E82/><N who="3" m="31850" /><G41/><T58/><D87/><U22/><E22/><V70/><F70/><W7/><G43/><T79/><D79/><U124/><E124/><V12/><F12/><W101/><G14/><T17/><D58/><N who="2" m="22026" /><F95/><W111/><G83/><T53/><D93/><RYUUKYOKU ba="0,1" sc="410,-15,250,15,227,15,103,-15" hai1="5,10,15,24,28,34,74,85,88,94,97,102,105" hai2="13,19,23,89,90,91,103" />
</Scene>
<Scene>
<INIT seed="4,1,1,2,4,62" ten="395,265,242,88" oya="0" hai0="46,45,13,126,87,51,54,123,55,81,67,113,9" hai1="41,82,106,34,27,117,84,96,30,60,47,56,104" hai2="120,112,99,116,23,4,68,83,69,72,64,115,71" hai3="26,40,90,119,59,133,2,125,33,17,92,107,78"/><T43/><D123/><U6/><E117/><V58/><F120/><W85/><G119/><T101/><D113/><N who="2" m="43594" /><F116/><W7/><G107/><T20/><D126/><U79/><E6/><V74/><F4/><W57/><G125/><T121/><D121/><U80/><E80/><V122/><F122/><W93/><G133/><T31/><D101/><U25/><E25/><V129/><F129/><W18/><G78/><N who="0" m="46519" /><D67/><U52/><REACH who="1" step="1"/><E96/><REACH who="1" ten="395,255,242,88" step="2"/><V128/><F99/><W89/><G7/><N who="0" m="3263" /><D46/><U42/><E42/><V73/><F128/><W86/><G40/><T5/><D5/><U114/><E114/><V131/><F131/><W132/><G132/><T29/><D29/><U66/><E66/><V130/><F130/><W63/><G2/><T61/><D61/><U110/><E110/><V98/><F98/><W32/><G63/><T111/><D111/><U3/><E3/><V94/><F64/><W50/><REACH who="3" step="1"/><G26/><AGARI ba="1,2" hai="20,26,31,43,45,51,54,55" m="3263,46519" machi="26" ten="30,2900,0" yaku="25,1,8,1" doraHai="62" who="0" fromWho="3" sc="395,52,255,0,242,0,88,-32" />
</Scene>
<Scene>
<INIT seed="4,2,0,2,0,0" ten="447,255,242,56" oya="0" hai0="69,10,98,24,118,97,60,57,3,95,36,104,99" hai1="35,123,44,77,79,117,71,122,68,50,128,16,75" hai2="17,130,67,4,9,94,72,114,47,101,30,132,41" hai3="52,48,54,46,49,110,53,73,56,32,12,90,37"/><T107/><D36/><U85/><E117/><V61/><F72/><W13/><G32/><T93/><D69/><U76/><E75/><V1/><F114/><W86/><G73/><T106/><D118/><U100/><E35/><V82/><F132/><W131/><G110/><T126/><D126/><U23/><E128/><V83/><F130/><W109/><G109/><T19/><D24/><U89/><E100/><V7/><F30/><W111/><G111/><T14/><REACH who="0" step="1"/><D3/><REACH who="0" ten="437,255,242,56" step="2"/><U127/><E127/><V135/><F1/><W5/><G37/><T55/><AGARI ba="2,1" hai="10,14,19,55,57,60,93,95,97,98,99,104,106,107" machi="55" ten="40,7800,0" yaku="1,1,2,1,0,1,53,0" doraHai="0" doraHaiUra="74" who="0" fromWho="0" sc="437,94,255,-28,242,-28,56,-28" />
</Scene>
<Scene>
<INIT seed="4,3,0,2,1,99" ten="531,227,214,28" oya="0" hai0="59,123,42,66,44,37,132,39,52,32,92,124,30" hai1="83,95,69,125,75,38,24,0,61,106,111,56,98" hai2="20,58,60,121,87,29,117,12,6,133,67,128,45" hai3="118,17,122,64,78,89,51,93,130,105,76,85,84"/><T71/><D123/><U46/><E111/><V81/><F121/><W107/><G51/><N who="0" m="31135" /><D92/><U68/><E125/><V47/><F133/><W16/><G122/><T70/><D30/><U9/><E106/><V10/><F128/><W26/><G130/><T112/><D32/><U113/><E113/><V7/><F117/><W90/><G93/><T41/><D124/><U104/><E104/><V110/><F110/><W35/><G64/><T62/><D112/><U94/><E94/><V34/><F34/><W97/><G35/><T135/><D71/><U65/><E24/><N who="2" m="16519" /><F6/><W74/><G97/><T14/><D14/><U126/><E126/><V21/><F21/><W91/><G91/><AGARI ba="3,0" hai="7,10,12,45,47,58,60,67,81,87,91" m="16519" machi="91" ten="30,1000,0" yaku="8,1" doraHai="99" who="2" fromWho="3" sc="531,0,227,0,214,19,28,-19" />
</Scene>
<Scene>
<INIT seed="5,0,0,5,0,131" ten="531,227,233,9" oya="1" hai0="8,111,47,27,117,5,58,57,133,38,64,130,11" hai1="82,42,122,84,39,74,127,12,123,33,120,35,69" hai2="134,108,116,112,22,81,24,125,44,79,104,34,124" hai3="68,102,17,92,6,53,37,94,28,31,60,97,80"/><U4/><E74/><V106/><F108/><W46/><G6/><T61/><D111/><U86/><E127/><N who="2" m="48715" /><F116/><W77/><G37/><T135/><D130/><U21/><E69/><V90/><F34/><W73/><G68/><T110/><D110/><U32/><E82/><V76/><F44/><W56/><G46/><T41/><D117/><U15/><E15/><V25/><F112/><W62/><G62/><T85/><D57/><U121/><E121/><V3/><F3/><W48/><G48/><T118/><D118/><U26/><E39/><V45/><F45/><W132/><G132/><N who="0" m="50763" /><D27/><U129/><E42/><V1/><F134/><W40/><G40/><T70/><D58/><U29/><REACH who="1" step="1"/><E129/><REACH who="1" ten="531,217,233,9" step="2"/><V89/><F24/><W107/><G17/><T91/><D5/><U93/><E93/><AGARI ba="0,1" hai="8,11,38,41,47,61,64,70,85,91,93" m="50763" machi="93" ten="30,7700,0" yaku="20,1,52,3" doraHai="131" who="0" fromWho="1" sc="531,87,217,-77,233,0,9,0" />
</Scene>
<Scene>
<INIT seed="6,0,0,5,5,121" ten="618,140,233,9" oya="2" hai0="59,44,48,88,49,11,50,111,76,103,21,1,131" hai1="42,45,63,108,90,132,12,107,40,91,128,127,75" hai2="87,6,101,120,73,18,34,116,135,78,65,61,105" hai3="31,33,119,67,55,19,64,68,85,102,97,83,62"/><V74/><F120/><W58/><G119/><T46/><D111/><U56/><E127/><V17/><F34/><W69/><G69/><T122/><D122/><U25/><E128/><V77/><F116/><W79/><G68/><T37/><D37/><U82/><E132/><V106/><F6/><W125/><G125/><T43/><D131/><U92/><E107/><V22/><F135/><W36/><G36/><T2/><D103/><U0/><E0/><V24/><F87/><W134/><G134/><T94/><D76/><U126/><E126/><V117/><F117/><W26/><G19/><T93/><D93/><AGARI ba="0,0" hai="26,31,33,55,58,62,64,67,79,83,85,93,97,102" machi="93" ten="30,1000,0" yaku="7,1" doraHai="121" who="3" fromWho="0" sc="618,-10,140,0,233,0,9,10" />
</Scene>
<Scene>
<INIT seed="7,0,0,2,1,101" ten="608,140,233,19" oya="3" hai0="53,7,62,46,23,49,70,73,99,58,93,52,67" hai1="122,19,17,51,126,78,92,116,87,83,8,121,135" hai2="25,16,127,10,24,132,117,66,72,106,76,14,65" hai3="131,80,119,84,40,44,108,56,31,45,107,124,9"/><W98/><G119/><T86/><D73/><U33/><E116/><V61/><F117/><W28/><G124/><T26/><D7/><U68/><E126/><V12/><F106/><W3/><G131/><T4/><D4/><U34/><E68/><V112/><F112/><W6/><G108/><T82/><D70/><U69/><E69/><V91/><F132/><W81/><G56/><T129/><D129/><U42/><E135/><V50/><F61/><W60/><G60/><T100/><D53/><U113/><E113/><V55/><F76/><W104/><G45/><T102/><D102/><U36/><E36/><V103/><F72/><W64/><G64/><T109/><D109/><U105/><E92/><V120/><F103/><W30/><G98/><T15/><D15/><U21/><E8/><N who="2" m="6215" /><F120/><W32/><G32/><T0/><D0/><U27/><E19/><N who="2" m="8599" /><F127/><W133/><G133/><T130/><D130/><U114/><E21/><V22/><F91/><W111/><G111/><T90/><D23/><U123/><E87/><V79/><F79/><W54/><G54/><T85/><D85/><U20/><E51/><V97/><F97/><W134/><G134/><T125/><D125/><U5/><E83/><V74/><F74/><W48/><REACH who="3" step="1"/><G81/><REACH who="3" ten="608,140,233,9" step="2"/><T41/><D67/><U59/><E121/><V115/><F65/><W18/><G18/><T43/><D43/><U2/><E17/><V39/><F66/><W37/><G37/><T13/><D26/><U88/><E59/><V75/><F39/><W35/><G35/><T77/><D100/><U71/><E27/><V63/><F24/><RYUUKYOKU ba="0,1" sc="608,15,140,-15,233,-15,9,15" hai0="13,41,46,49,52,58,62,77,82,86,90,93,99" hai3="3,6,9,28,30,31,40,44,48,80,84,104,107" />
</Scene>
<Scene>
<INIT seed="7,1,1,1,3,8" ten="623,125,218,24" oya="3" hai0="47,116,22,53,87,103,58,25,61,36,11,107,108" hai1="74,72,128,14,55,90,100,45,3,115,48,52,124" hai2="98,99,13,80,68,93,59,76,17,19,121,18,38" hai3="54,20,49,130,102,42,30,95,82,69,71,94,97"/><W125/><G42/><T51/><D116/><U40/><E3/><V105/><F68/><W27/><G130/><T16/><D36/><U50/><E128/><V106/><F38/><W46/><G125/><T96/><D108/><U65/><E124/><V0/><F0/><W66/><G82/><T31/><D87/><U132/><E132/><V123/><F59/><W88/><REACH who="3" step="1"/><G66/><REACH who="3" ten="623,125,218,14" step="2"/><T86/><D86/><AGARI ba="1,2" hai="20,27,30,46,49,54,69,71,86,88,94,95,97,102" machi="86" ten="30,12000,1" yaku="1,1,2,1,7,1,54,1,53,1" doraHai="8" doraHaiUra="26" who="3" fromWho="0" sc="623,-123,125,0,218,0,14,143" />
</Scene>
<Scene>
<INIT seed="7,2,0,0,3,18" ten="500,125,218,157" oya="3" hai0="28,83,90,0,5,105,88,44,98,100,94,34,77" hai1="1,13,17,58,15,95,27,43,50,87,97,108,60" hai2="111,59,29,101,21,6,133,26,65,76,51,96,75" hai3="45,25,35,107,71,131,113,74,112,39,63,54,78"/><W132/><G107/><T62/><D34/><U9/><E108/><V104/><F111/><W124/><G124/><T67/><D28/><U24/><E1/><V125/><F133/><W134/><G78/><T130/><D130/><U40/><E87/><V66/><F125/><W10/><G74/><T72/><D44/><U2/><E2/><V110/><F110/><W32/><G131/><T64/><D90/><U85/><E85/><V16/><F6/><W52/><G10/><N who="0" m="2343" /><D62/><U46/><E40/><V70/><F70/><W126/><G126/><T20/><D20/><U102/><REACH who="1" step="1"/><E15/><REACH who="1" ten="500,115,218,157" step="2"/><N who="2" m="9375" /><F75/><W19/><G39/><T7/><D7/><U11/><E11/><V89/><F76/><W86/><G86/><AGARI ba="2,1" hai="64,67,72,77,83,86,88,94,98,100,105" m="2343" machi="86" ten="30,2000,0" yaku="24,1,54,1" doraHai="18" who="0" fromWho="3" sc="500,36,115,0,218,0,157,-26" owari="536,63.0,115,-38.0,218,2.0,131,-27.0" />
</Scene>
</mjloggm>