<mjloggm ver="2.3"><GO type="169" lobby="0"/><UN n0="%E9%9B%BB%E6%B0%97%E5%B7%A5%E4%BA%8B%E5%B1%8B" n1="%E8%80%B3%E3%81%8B%E3%82%8A%E3%81%8B%E3%82%8A" n2="%E9%96%A2%E4%B8%83%E6%B5%B7" n3="%E5%A4%AA%E3%81%8F%E3%81%AA%E3%81%84%E3%81%8A" dan="16,16,17,17" rate="2075.77,2118.03,2163.02,2206.17" sx="M,M,M,M"/><TAIKYOKU oya="0"/>

<Scene>
<INIT seed="0,0,0,3,3,91" ten="250,250,250,250" oya="0" hai0="46,120,10,67,64,5,42,1,108,26,72,106,23" hai1="57,101,12,114,102,128,22,31,122,82,78,75,121" hai2="13,38,69,68,56,0,124,33,30,70,39,17,73" hai3="76,119,129,123,2,35,3,71,112,77,60,7,50"/><T63/><D120/><U80/><E128/><V130/><F73/><W89/><G112/><T53/><D106/><U113/><E57/><V103/><F0/><W132/><G119/><T90/><D72/><U66/><E66/><V40/><F130/><W16/><G35/><T11/><D11/><U55/><E55/><V52/><F124/><W88/><G50/><T125/><D125/><U107/><E31/><V4/><F4/><W14/><G129/><T134/><D134/><U43/><E43/><V131/><F40/><W20/><G132/><T74/><D74/><U96/><E22/><V6/><F6/><W19/><G123/><N who="1" m="47114" /><E12/><V85/><F131/><W104/><G104/><T49/><D108/><U41/><E41/><V21/><F103/><W93/><G89/><T24/><D90/><U47/><E47/><V45/><F45/><W54/><G3/><T58/><REACH who="0" step="1"/><D24/><REACH who="0" ten="240,250,250,250" step="2"/><U111/><E111/><V51/><REACH who="2" step="1"/><F85/><REACH who="2" ten="240,250,240,250" step="2"/><N who="3" m="52367" /><G2/><T8/><D8/><U117/><E102/><V36/><F36/><W87/><G87/><T95/><D95/><U61/><E114/><V116/><F116/><W97/><G97/><T83/><D83/><U9/><E113/><V84/><F84/><W100/><G100/><T27/><D27/><AGARI ba="0,2" hai="13,17,21,27,30,33,38,39,51,52,56,68,69,70" machi="27" ten="40,2600,0" yaku="1,1,54,1,53,0" doraHai="91" doraHaiUra="62" who="2" fromWho="0" sc="240,-26,250,0,240,46,250,0" />
</Scene>
<Scene>
<INIT seed="1,0,0,3,0,51" ten="214,250,286,250" oya="1" hai0="134,88,102,75,13,10,105,5,87,12,42,76,52" hai1="29,25,91,106,111,120,7,56,116,49,40,115,46" hai2="127,26,118,93,47,133,15,37,89,109,104,8,0" hai3="14,77,48,92,1,67,129,24,20,28,78,114,55"/><U112/><E116/><V41/><F104/><W123/><G1/><T17/><D134/><U79/><E120/><V69/><F118/><W11/><G123/><T72/><D42/><U110/><E106/><V97/><F127/><W4/><G114/><T132/><D132/><U43/><E79/><V9/><F109/><N who="1" m="41481" /><E7/><V53/><F0/><W58/><G129/><T45/><D76/><U39/><E91/><V57/><F69/><W27/><G67/><T63/><D102/><U50/><E43/><V107/><F107/><W90/><REACH who="3" step="1"/><G27/><REACH who="3" ten="214,250,286,240" step="2"/><T60/><D105/><U121/><E121/><V32/><F133/><W36/><G36/><T85/><D75/><U33/><E39/><V35/><F26/><W81/><G81/><N who="0" m="49199" /><D72/><U31/><E31/><V3/><F3/><W68/><G68/><T84/><D84/><AGARI ba="0,1" hai="4,11,14,20,24,28,48,55,58,77,78,84,90,92" machi="84" ten="30,7700,0" yaku="1,1,7,1,8,1,52,1,53,0" doraHai="51" doraHaiUra="100" who="3" fromWho="0" sc="214,-77,250,0,286,0,240,87" />
</Scene>
<Scene>
<INIT seed="2,0,0,2,3,107" ten="137,250,286,327" oya="2" hai0="15,126,14,40,112,18,49,64,7,37,0,127,42" hai1="102,113,78,103,88,105,85,8,73,90,74,10,81" hai2="65,133,67,39,97,29,17,36,35,72,100,33,66" hai3="12,101,63,9,120,134,91,26,20,86,124,98,1"/><V54/><F133/><W59/><G124/><N who="0" m="47659" /><D112/><U69/><E69/><V93/><F17/><W109/><G109/><T79/><D64/><U75/><E10/><V24/><F33/><W62/><G1/><T116/><D116/><U55/><E8/><V16/><F54/><W108/><G120/><T131/><D131/><U46/><E55/><V11/><REACH who="2" step="1"/><F72/><REACH who="2" ten="137,250,276,327" step="2"/><W111/><G134/><T6/><D18/><U123/><E113/><V92/><F92/><N who="3" m="58567" /><G111/><T130/><D130/><U30/><E74/><V68/><F68/><W60/><G108/><T89/><D7/><U25/><E73/><V21/><F21/><W117/><G117/><T52/><D6/><U56/><E75/><V57/><F57/><W94/><G20/><T87/><D52/><U121/><E56/><V47/><F47/><W19/><G26/><T84/><D42/><U135/><E46/><V110/><F110/><W71/><G71/><T82/><D40/><U50/><E135/><V38/><F38/><W104/><G104/><T51/><D37/><U31/><E105/><V27/><F27/><W58/><AGARI ba="0,1" hai="9,12,19,58,59,60,62,63,86,91,94" m="58567" machi="58" ten="30,1100,0" yaku="8,1" doraHai="107" who="3" fromWho="3" sc="137,-3,250,-3,276,-5,327,21" />
</Scene>
<Scene>
<INIT seed="3,0,0,0,4,96" ten="134,247,271,348" oya="3" hai0="55,34,44,43,73,89,50,62,74,99,13,133,97" hai1="75,93,122,111,87,54,69,57,45,70,76,17,23" hai2="126,41,14,123,101,115,72,134,68,112,128,27,109" hai3="53,37,40,60,83,90,132,121,91,65,56,16,92"/><W3/><G3/><T51/><D34/><U29/><E122/><V84/><F72/><W30/><G121/><T63/><D133/><U39/><E75/><V26/><F134/><W108/><G132/><T113/><D74/><U82/><E29/><V35/><F123/><W59/><G30/><T19/><D73/><U119/><E111/><V94/><F109/><W58/><G108/><T24/><D24/><U104/><E104/><V77/><F126/><W105/><G105/><T12/><D12/><U21/><E119/><V9/><F128/><W103/><G37/><T135/><D135/><U61/><E23/><V129/><F68/><W107/><G40/><T46/><D113/><U114/><E114/><V28/><F129/><W88/><G107/><T71/><D71/><U67/><E93/><V130/><F130/><W47/><G83/><T79/><D79/><U118/><E118/><V20/><F41/><W8/><G47/><T48/><D48/><U1/><E1/><V117/><F117/><W52/><G65/><T116/><D116/><U110/><E110/><V10/><F77/><W5/><G5/><T33/><D33/><U31/><E31/><V15/><F112/><W36/><G36/><T2/><D2/><U102/><E39/><V98/><F115/><W95/><G103/><T127/><D127/><U120/><E102/><V131/><F131/><W25/><G25/><T32/><D32/><U38/><E120/><V125/><F125/><W81/><G81/><T4/><D4/><U106/><E38/><V18/><F35/><W42/><G60/><N who="0" m="23083" /><D89/><U100/><E76/><RYUUKYOKU ba="0,0" sc="134,30,247,-10,271,-10,348,-10" hai0="13,19,43,44,46,50,51,55,97,99" />
</Scene>
<Scene>
<INIT seed="4,1,0,0,1,53" ten="164,237,261,338" oya="0" hai0="122,92,99,76,61,2,5,52,103,66,113,9,112" hai1="64,70,42,130,50,111,80,90,38,34,22,69,115" hai2="119,77,31,11,110,28,75,17,81,37,85,21,39" hai3="134,124,51,7,32,16,13,35,3,56,10,1,108"/><T95/><D122/><U97/><E111/><V41/><F110/><W60/><G108/><T135/><D135/><U63/><E34/><V14/><F119/><W33/><G134/><T45/><D76/><U67/><E22/><V18/><F75/><W54/><G124/><T19/><D19/><U89/><E97/><V29/><REACH who="2" step="1"/><F41/><REACH who="2" ten="164,237,251,338" step="2"/><W96/><G96/><T106/><D66/><U83/><E42/><V25/><AGARI ba="1,1" hai="11,14,17,18,21,25,28,29,31,37,39,77,81,85" machi="25" ten="30,4000,0" yaku="1,1,2,1,0,1,53,0" doraHai="53" doraHaiUra="48" who="2" fromWho="2" sc="164,-21,237,-11,251,53,338,-11" />
</Scene>
<Scene>
<INIT seed="5,0,0,3,0,40" ten="143,226,304,327" oya="1" hai0="45,122,116,103,74,134,41,132,72,56,124,115,29" hai1="58,94,79,106,30,36,24,73,65,131,104,121,51" hai2="13,93,35,125,70,88,9,7,95,76,28,97,127" hai3="77,120,113,102,52,99,57,83,23,3,78,53,126"/><U135/><E121/><V109/><F70/><W67/><G3/><T4/><D4/><U15/><E36/><V34/><F109/><W1/><G1/><T107/><D29/><U100/><E135/><N who="0" m="51753" /><D116/><U123/><E123/><V110/><F110/><W49/><G120/><T62/><D122/><U101/><E131/><V26/><F76/><W60/><G113/><T82/><D82/><U80/><E15/><V55/><F93/><N who="3" m="58735" /><G126/><N who="2" m="48137" /><F55/><W21/><G67/><N who="0" m="39367" /><D115/><U39/><E106/><V14/><F14/><W133/><G133/><T92/><D107/><U16/><E104/><V46/><F34/><W59/><G78/><T27/><D27/><U10/><E79/><V75/><F75/><W33/><G33/><T87/><D124/><U42/><E73/><V117/><F117/><W81/><G81/><T69/><D69/><U31/><E80/><V91/><F91/><W32/><G32/><T108/><D108/><U22/><E101/><V128/><F128/><W64/><G64/><T54/><D54/><U20/><E65/><V84/><F84/><AGARI ba="0,0" hai="21,23,49,52,53,57,59,60,77,83,84" m="58735" machi="84" ten="30,2000,0" yaku="8,1,54,1" doraHai="40" who="3" fromWho="2" sc="143,0,226,0,304,-20,327,20" />
</Scene>
<Scene>
<INIT seed="6,0,0,5,0,107" ten="143,226,284,347" oya="2" hai0="19,7,128,126,1,70,14,59,121,11,62,26,100" hai1="77,21,4,53,109,58,3,117,43,37,135,33,10" hai2="35,46,78,72,134,36,116,127,68,99,9,82,50" hai3="60,114,92,84,23,45,2,108,85,13,129,110,16"/><V98/><F116/><W25/><G2/><T15/><D121/><U97/><E135/><V30/><F134/><W64/><G129/><T0/><D128/><U61/><E117/><V102/><F36/><W28/><G114/><T65/><D126/><U6/><E109/><V118/><F68/><W83/><G45/><T131/><D131/><U69/><E33/><V40/><F118/><W27/><G92/><T122/><D122/><U81/><E6/><V76/><F76/><W32/><G27/><T75/><D26/><U93/><E69/><V96/><F127/><W86/><REACH who="3" step="1"/><G83/><REACH who="3" ten="143,226,284,337" step="2"/><T105/><D0/><U132/><E132/><V113/><F113/><W133/><G133/><T66/><D1/><U18/><E93/><V87/><F102/><W124/><G124/><T130/><D100/><U49/><E97/><V51/><F46/><W95/><G95/><T119/><D105/><U31/><E37/><V54/><F40/><W91/><G91/><T41/><D41/><U47/><E43/><V5/><F82/><W106/><G106/><T94/><D130/><U22/><E47/><V123/><F123/><W71/><AGARI ba="0,1" hai="13,16,23,25,28,32,60,64,71,84,85,86,108,110" machi="71" ten="30,4000,0" yaku="1,1,0,1,54,1,53,0" doraHai="107" doraHaiUra="104" who="3" fromWho="3" sc="143,-10,226,-10,284,-20,337,50" />
</Scene>
<Scene>
<INIT seed="7,0,0,3,1,37" ten="133,216,264,387" oya="3" hai0="92,63,45,11,95,44,20,64,4,21,48,119,86" hai1="72,26,75,101,62,83,24,23,58,85,78,115,69" hai2="123,27,3,74,79,114,131,25,81,1,5,16,57" hai3="10,0,80,12,47,67,8,17,14,54,130,59,73"/><W100/><G0/><T2/><D119/><U135/><E115/><V18/><F114/><W110/><G130/><T76/><D45/><U66/><E135/><V61/><F123/><W116/><G116/><T29/><D29/><U104/><E69/><V120/><F120/><W55/><G100/><T111/><D111/><U19/><E104/><V106/><F106/><W31/><G31/><T117/><D117/><U42/><E101/><V94/><F3/><W105/><G105/><T22/><D76/><U127/><E127/><V35/><F35/><W71/><G71/><T133/><D133/><U108/><E108/><V97/><F5/><W103/><G103/><T60/><D60/><U89/><E42/><V39/><F1/><W28/><G28/><T40/><REACH who="0" step="1"/><D86/><REACH who="0" ten="123,216,264,387" step="2"/><U6/><E78/><V91/><F79/><W132/><G47/><T128/><D128/><U49/><E75/><V87/><F74/><W124/><G132/><T33/><D33/><U107/><E72/><V96/><F87/><W90/><G73/><T112/><D112/><U113/><E113/><V134/><F134/><W52/><G110/><T93/><D93/><U118/><E118/><V88/><F94/><W30/><G30/><T34/><D34/><U38/><E107/><V77/><F77/><W129/><G129/><T53/><D53/><U9/><E38/><V50/><F39/><W51/><G55/><T99/><D99/><U122/><E122/><V125/><F131/><W43/><G54/><T7/><D7/><U32/><E32/><V82/><F97/><W84/><G84/><T102/><D102/><RYUUKYOKU ba="0,1" sc="123,30,216,-10,264,-10,387,-10" hai0="2,4,11,20,21,22,40,44,48,63,64,92,95" owari="153,-35.0,206,-19.0,254,5.0,387,49.0" />
</Scene>
</mjloggm>