<mjloggm ver="2.3"><GO type="169" lobby="0"/><UN n0="%E6%BA%9D%E5%86%85%E5%A4%A7%E6%A8%B9" n1="%73%6F%64%6F%72" n2="%75%73%6B%31%31%31%35" n3="%E5%A4%AA%E3%81%8F%E3%81%AA%E3%81%84%E3%81%8A" dan="17,16,16,17" rate="2167.95,2082.18,2136.94,2206.46" sx="M,M,M,M"/><TAIKYOKU oya="0"/>

<Scene>
<INIT seed="0,0,0,3,1,13" ten="250,250,250,250" oya="0" hai0="9,6,37,68,130,61,40,117,101,80,7,72,22" hai1="93,133,43,15,48,53,19,50,125,25,69,2,5" hai2="77,10,102,89,79,26,16,94,104,112,81,135,33" hai3="75,29,111,21,95,116,86,42,59,66,3,28,0"/><T47/><D117/><U127/><E69/><V35/><F112/><W120/><G75/><T90/><D130/><U30/><E133/><V119/><F119/><W76/><G116/><T17/><D101/><U128/><E128/><V92/><F135/><W52/><G66/><T24/><D90/><U107/><E107/><V134/><F134/><W124/><G42/><T63/><D68/><U1/><E93/><V97/><F104/><W54/><G111/><T123/><D123/><U12/><E43/><V71/><F71/><W105/><G105/><T114/><D114/><U96/><E96/><V82/><F35/><W4/><G120/><T91/><D91/><U60/><E60/><V103/><F33/><W88/><G76/><N who="2" m="29257" /><F103/><W64/><G124/><N who="1" m="47690" /><E50/><V65/><F65/><W49/><G64/><T129/><D129/><U98/><E48/><V73/><F73/><W46/><G4/><T39/><D39/><U100/><E53/><V55/><F55/><W34/><G34/><T83/><D7/><U23/><E98/><N who="2" m="59735" /><F26/><W41/><G54/><T31/><D31/><U38/><E100/><V36/><F36/><W113/><G113/><T51/><D51/><U121/><E38/><V78/><N who="2" m="29265" /><V118/><DORA hai="45" /><F118/><W109/><G28/><T115/><D115/><U126/><E121/><V99/><F99/><W70/><G70/><T131/><D131/><U74/><E74/><V11/><F11/><W106/><G106/><T58/><D72/><U56/><E126/><V27/><F10/><W57/><G41/><T85/><D40/><U67/><E67/><V108/><F108/><RYUUKYOKU ba="0,0" sc="250,-10,250,-10,250,30,250,-10" hai2="16,27,81,82,89,92,97" />
</Scene>
<Scene>
<INIT seed="1,1,0,0,5,18" ten="240,240,280,240" oya="1" hai0="128,108,53,92,66,29,11,134,42,69,86,123,63" hai1="73,22,133,115,81,43,35,76,114,24,50,121,89" hai2="33,13,58,39,96,48,57,51,49,0,28,17,36" hai3="124,99,79,1,19,113,126,103,80,25,16,9,26"/><U32/><E121/><V117/><F117/><W111/><G113/><T56/><D108/><U112/><E133/><V30/><F0/><W98/><G111/><T46/><D123/><U118/><E118/><V93/><F39/><W67/><G67/><T106/><D106/><U135/><E135/><V47/><F36/><W44/><G44/><T77/><D128/><U119/><E119/><V68/><F68/><W87/><G1/><T61/><D134/><U60/><E60/><V65/><F47/><W4/><G4/><T41/><D11/><U107/><E107/><V83/><F83/><W64/><G64/><T85/><D29/><N who="2" m="11370" /><F33/><W75/><G75/><T78/><D41/><U116/><E116/><V15/><F65/><W21/><G9/><T102/><D85/><U20/><E89/><N who="2" m="55343" /><F15/><W54/><G54/><T127/><D127/><N who="3" m="48681" /><G103/><T109/><D109/><U105/><E105/><V70/><F70/><W45/><G45/><T122/><D122/><U34/><E43/><V94/><F94/><W100/><G100/><T55/><D55/><U132/><E132/><V62/><F62/><W5/><G5/><T101/><D101/><U90/><E90/><V97/><F97/><W3/><G3/><T27/><D102/><U129/><E129/><V37/><F37/><W23/><AGARI ba="1,0" hai="16,19,21,23,25,26,79,80,87,98,99" m="48681" machi="23" ten="30,7900,0" yaku="18,1,52,2,54,1" doraHai="18" who="3" fromWho="3" sc="240,-21,240,-40,280,-21,240,82" />
</Scene>
<Scene>
<INIT seed="2,0,0,2,1,110" ten="219,200,259,322" oya="2" hai0="22,1,11,131,90,135,100,40,50,79,6,114,42" hai1="57,26,124,92,45,132,72,97,54,36,77,71,15" hai2="10,117,107,134,7,51,81,52,34,125,5,113,3" hai3="63,87,91,2,17,88,105,108,89,115,19,25,31"/><V122/><F117/><W59/><G2/><T109/><D109/><U82/><E71/><V96/><F122/><W61/><G108/><T44/><D135/><U38/><E132/><V49/><F34/><W106/><G115/><T33/><D33/><U70/><E70/><V8/><F134/><W12/><G87/><T24/><D131/><U48/><E124/><V21/><F125/><W28/><G25/><T104/><D79/><U98/><E26/><V62/><F21/><W83/><G83/><T123/><D123/><U39/><E15/><V74/><F74/><W73/><G73/><T133/><D133/><U65/><REACH who="1" step="1"/><E92/><REACH who="1" ten="219,190,259,322" step="2"/><V29/><F3/><W68/><G12/><T53/><D24/><U76/><E76/><V16/><F107/><W32/><G68/><T69/><D69/><U121/><E121/><V0/><F0/><W116/><G106/><T23/><D104/><U126/><E126/><V55/><F29/><W43/><G105/><T60/><D1/><U85/><E85/><V103/><F96/><W129/><G31/><T58/><D23/><U118/><E118/><V66/><F8/><W9/><G9/><T56/><D22/><U112/><E112/><V94/><F10/><W84/><G116/><T101/><D114/><U127/><E127/><V95/><F113/><W30/><G28/><T18/><D11/><U35/><E35/><V47/><F95/><W78/><G30/><T27/><D27/><U120/><E120/><V20/><F94/><W4/><G32/><T130/><D18/><U67/><E67/><V80/><F16/><W75/><G17/><RYUUKYOKU ba="0,1" sc="219,-10,190,30,259,-10,322,-10" hai1="36,38,39,45,48,54,57,65,72,77,82,97,98" />
</Scene>
<Scene>
<INIT seed="3,1,1,0,4,128" ten="209,220,249,312" oya="3" hai0="119,36,127,26,84,6,38,77,24,39,10,57,130" hai1="54,110,59,5,23,50,113,125,107,69,67,48,118" hai2="132,90,65,73,76,134,129,91,34,4,31,43,102" hai3="101,11,98,8,96,52,126,63,83,133,9,94,55"/><W46/><G126/><T75/><D119/><U87/><E107/><V60/><F129/><W61/><G133/><N who="2" m="51305" /><F43/><W88/><G83/><T47/><D130/><U82/><E118/><V20/><F34/><W66/><G46/><T28/><D84/><U42/><E113/><V97/><F4/><W124/><G124/><T21/><D57/><U105/><E5/><V29/><F76/><W30/><G30/><N who="2" m="11273" /><F20/><W16/><G16/><T80/><D26/><U99/><E23/><V1/><F1/><W115/><G115/><T85/><D127/><U131/><E42/><V68/><F73/><W41/><G41/><T70/><D75/><U103/><E131/><V71/><F71/><W121/><G121/><T72/><D70/><U62/><E125/><V14/><F14/><W19/><G19/><T17/><D17/><U108/><E108/><V51/><F51/><W79/><G79/><T120/><D72/><U40/><E110/><V114/><F114/><W58/><REACH who="3" step="1"/><G61/><REACH who="3" ten="209,220,249,302" step="2"/><T92/><D120/><U104/><E40/><V56/><F56/><W3/><G3/><T95/><D47/><U135/><E135/><V93/><AGARI ba="1,2" hai="60,65,68,90,91,93,97,102" m="11273,51305" machi="93" ten="30,7900,0" yaku="20,1,52,3" doraHai="128" who="2" fromWho="2" sc="209,-21,220,-21,249,102,302,-40" />
</Scene>
<Scene>
<INIT seed="4,0,0,4,4,42" ten="188,199,351,262" oya="0" hai0="6,102,88,37,104,40,111,114,7,133,134,46,28" hai1="3,24,41,43,62,61,128,31,47,117,83,78,60" hai2="86,56,124,22,15,32,129,120,107,12,91,113,27" hai3="18,35,93,135,112,132,90,115,116,95,5,48,54"/><T131/><D114/><N who="3" m="43561" /><G116/><T118/><D118/><U109/><E117/><V30/><F113/><W126/><G35/><T52/><D131/><U36/><E109/><V8/><F107/><W67/><G126/><T80/><D28/><U92/><E128/><V25/><F124/><W9/><G18/><T103/><D111/><U125/><E125/><V97/><F129/><W121/><G67/><T70/><D70/><U20/><E3/><V76/><F120/><W49/><G121/><T64/><D64/><U110/><E110/><V59/><F76/><W16/><G16/><T21/><D21/><U130/><E130/><V74/><F74/><W69/><G69/><T44/><D7/><U19/><E92/><N who="3" m="35402" /><G90/><T82/><D6/><U71/><E43/><V39/><F39/><W45/><G49/><N who="0" m="28711" /><D104/><U127/><E127/><V33/><F97/><W73/><G73/><T123/><D123/><U29/><REACH who="1" step="1"/><E71/><REACH who="1" ten="188,189,351,262" step="2"/><V65/><F33/><W96/><G96/><T105/><D82/><U87/><AGARI ba="0,1" hai="19,20,24,29,31,36,41,47,60,61,62,78,83,87" machi="87" ten="30,7900,0" yaku="1,1,2,1,0,1,52,1,53,0" doraHai="42" doraHaiUra="94" who="1" fromWho="1" sc="188,-39,189,89,351,-20,262,-20" />
</Scene>
<Scene>
<INIT seed="5,0,0,4,2,19" ten="149,278,331,242" oya="1" hai0="59,15,132,27,37,14,115,85,24,29,87,63,116" hai1="88,3,133,21,89,52,57,134,54,71,100,108,128" hai2="30,26,2,67,121,92,111,122,113,7,13,109,95" hai3="41,119,23,123,107,131,93,18,44,0,130,129,35"/><U43/><E3/><V125/><F67/><W120/><G107/><T90/><D116/><U6/><E71/><V117/><F95/><W72/><G35/><T75/><D75/><U110/><E43/><V32/><F92/><W17/><G72/><T73/><D73/><U38/><E38/><V96/><F96/><W74/><G74/><T103/><D115/><U118/><E118/><V61/><F61/><W64/><G119/><T22/><D132/><N who="1" m="50795" /><E6/><V9/><F117/><W101/><G0/><T58/><D37/><U8/><E8/><V48/><F48/><N who="3" m="26639" /><G64/><T47/><D47/><U36/><E36/><V135/><F135/><W91/><G101/><T79/><D103/><U82/><E100/><V105/><F105/><W114/><G114/><T49/><D49/><N who="1" m="30863" /><E128/><V80/><F113/><W56/><G56/><T112/><D59/><U99/><E54/><V60/><F60/><W127/><G127/><T106/><D106/><U126/><E126/><V102/><F125/><W76/><G76/><T53/><D112/><U66/><E66/><V97/><F80/><W33/><G130/><T55/><D55/><U65/><E65/><V69/><F69/><W31/><G131/><T70/><D70/><U98/><E21/><V78/><F78/><W94/><G23/><T12/><D79/><U16/><E16/><V11/><F122/><W51/><G129/><T46/><D46/><U124/><E124/><V39/><F121/><W62/><G123/><T25/><D90/><N who="1" m="34923" /><E82/><V20/><F102/><W77/><G120/><T104/><D104/><U10/><E10/><V81/><F9/><RYUUKYOKU ba="0,0" sc="149,15,278,15,331,-15,242,-15" hai0="12,14,15,22,24,25,27,29,53,58,63,85,87" hai1="98,99,108,110" />
</Scene>
<Scene>
<INIT seed="5,1,0,5,4,36" ten="164,293,316,227" oya="1" hai0="12,122,21,41,35,72,9,115,16,8,91,97,81" hai1="135,52,22,59,60,49,108,67,66,133,25,77,30" hai2="20,58,87,130,27,120,55,111,117,10,105,4,34" hai3="103,46,50,85,127,0,89,39,17,118,57,56,31"/><U100/><E108/><V128/><F105/><W114/><G0/><T64/><D35/><U13/><E77/><V106/><F106/><W93/><G114/><T99/><D115/><U119/><E119/><V2/><F111/><W65/><G118/><T54/><D122/><U40/><E100/><V74/><F74/><W92/><G39/><T75/><D64/><U24/><E13/><V129/><F117/><W1/><G1/><T90/><D54/><U82/><E82/><V132/><F120/><W126/><G31/><T112/><D112/><U29/><E40/><V5/><F5/><W116/><G116/><T18/><D21/><U63/><E63/><N who="2" m="36319" /><F87/><W28/><G28/><T48/><D48/><U102/><E102/><V110/><F110/><W51/><G65/><T70/><D12/><U101/><E101/><V61/><F61/><W96/><G17/><T11/><D11/><U73/><E73/><V45/><F45/><W95/><G95/><T84/><D84/><U76/><E76/><V71/><F71/><W98/><G85/><T43/><REACH who="0" step="1"/><D81/><REACH who="0" ten="154,293,316,227" step="2"/><U26/><E22/><V124/><F34/><W44/><G51/><T32/><D32/><U42/><E67/><V78/><F20/><W94/><G50/><T38/><D38/><U88/><E66/><V131/><F129/><W23/><G23/><T53/><D53/><U15/><E15/><V3/><F130/><W7/><G96/><T79/><D79/><U68/><E49/><V83/><F131/><W104/><G98/><T14/><D14/><U80/><E80/><V47/><F128/><W113/><G113/><RYUUKYOKU ba="1,1" sc="154,30,293,-10,316,-10,227,-10" hai0="8,9,16,18,41,43,70,72,75,90,91,97,99" />
</Scene>
<Scene>
<INIT seed="6,2,1,1,4,109" ten="184,283,306,217" oya="2" hai0="32,129,96,13,14,31,87,62,29,44,113,2,135" hai1="39,52,8,102,83,108,91,21,60,55,82,88,24" hai2="23,0,7,86,11,116,77,54,63,126,124,132,19" hai3="33,71,119,115,25,92,58,73,59,112,127,42,79"/><V74/><F74/><W27/><G119/><T85/><D2/><U64/><E39/><V16/><F116/><W50/><G71/><T134/><D44/><U40/><E108/><V123/><F123/><W1/><G1/><T36/><D129/><U72/><E40/><V67/><F132/><W49/><G73/><T105/><D62/><U57/><E102/><V75/><F75/><W121/><G79/><T5/><D96/><U66/><E8/><V65/><F54/><N who="1" m="20521" /><E66/><V53/><F53/><W99/><G121/><T22/><D5/><U84/><E72/><V122/><F122/><W81/><G81/><N who="1" m="30730" /><E84/><V131/><F131/><W118/><G118/><T120/><D120/><U15/><E15/><V80/><F65/><W106/><G106/><T10/><D10/><U103/><E103/><V4/><F4/><W51/><G42/><T20/><D32/><U95/><E95/><V28/><F28/><AGARI ba="2,1" hai="21,24,28,57,60,64,88,91" m="30730,20521" machi="28" ten="30,3900,0" yaku="8,1,54,2" doraHai="109" who="1" fromWho="2" sc="184,0,283,55,306,-45,217,0" />
</Scene>
<Scene>
<INIT seed="7,0,0,2,3,9" ten="184,338,261,217" oya="3" hai0="47,125,21,110,10,134,102,90,45,18,57,0,51" hai1="94,71,103,98,39,5,2,58,74,25,48,59,77" hai2="107,23,112,135,132,35,19,63,68,119,42,100,105" hai3="31,92,50,101,64,65,128,55,44,78,27,130,97"/><W80/><G130/><T69/><D69/><U70/><E39/><V16/><F35/><W12/><G128/><T73/><D110/><U126/><E74/><V116/><F42/><W111/><G111/><T28/><D73/><U61/><E77/><V120/><F120/><W113/><G113/><T36/><D125/><U133/><E126/><V14/><F112/><W40/><G55/><T115/><D115/><U13/><E2/><V123/><F123/><W79/><G12/><T17/><D134/><N who="2" m="51242" /><F19/><W33/><REACH who="3" step="1"/><G78/><REACH who="3" ten="184,338,261,207" step="2"/><T93/><D0/><U87/><E133/><V72/><F14/><W4/><G4/><T3/><D3/><U54/><E13/><V26/><F119/><W38/><G38/><T104/><D36/><U82/><E5/><V30/><F116/><W66/><G66/><T22/><D10/><U129/><E129/><V24/><F26/><W91/><G91/><T34/><D90/><U52/><E25/><V99/><F24/><W106/><G106/><T53/><D104/><U124/><E124/><V121/><F107/><W127/><G127/><T11/><D11/><U75/><E54/><V109/><F109/><W20/><G20/><T62/><D22/><U46/><E52/><V89/><F23/><W32/><G32/><T37/><D34/><U6/><E6/><V15/><F105/><W114/><G114/><T56/><D21/><U49/><E103/><V41/><F100/><W83/><G83/><T1/><D1/><U76/><E82/><V122/><F122/><W81/><G81/><T88/><D102/><U96/><E76/><V29/><F121/><RYUUKYOKU ba="0,1" sc="184,-10,338,-10,261,-10,207,30" hai3="27,31,33,40,44,50,64,65,79,80,92,97,101" />
</Scene>
<Scene>
<INIT seed="7,1,1,2,0,132" ten="174,328,251,237" oya="3" hai0="45,6,13,115,78,31,33,35,117,98,93,29,36" hai1="77,86,62,101,129,37,118,76,134,12,90,112,105" hai2="68,109,9,5,106,48,97,66,128,99,79,84,103" hai3="10,133,22,18,94,44,54,122,95,67,85,39,38"/><W123/><G133/><T15/><D117/><U64/><E37/><V56/><F109/><W108/><G108/><T127/><D78/><U110/><E134/><V49/><F68/><W63/><G10/><T125/><D115/><U81/><E110/><V1/><F99/><W96/><G85/><T4/><D45/><U43/><E43/><V7/><F7/><W88/><G94/><T65/><D65/><U55/><E112/><V16/><F128/><W20/><G20/><T71/><D36/><U41/><E41/><V114/><F114/><W75/><G75/><T14/><D71/><U70/><E129/><V47/><F47/><W72/><G72/><T80/><D80/><U89/><E118/><V50/><F66/><W69/><G39/><T104/><D104/><U61/><E77/><V30/><F30/><N who="0" m="11274" /><D93/><U8/><E105/><V58/><F79/><W40/><REACH who="3" step="1"/><G54/><REACH who="3" ten="174,328,251,227" step="2"/><T26/><D98/><U130/><E130/><V19/><F84/><W131/><G131/><T102/><D102/><U92/><E101/><V59/><AGARI ba="1,2" hai="1,5,9,16,19,48,49,50,56,58,59,97,103,106" machi="59" ten="30,2000,0" yaku="0,1,54,1" doraHai="132" who="2" fromWho="2" sc="174,-6,328,-6,251,43,227,-11" owari="168,-33.0,322,42.0,294,9.0,216,-18.0" />
</Scene>
</mjloggm>