<mjloggm ver="2.3"><GO type="169" lobby="0"/><UN n0="%E7%B4%A0%E6%9C%B4%E3%81%AA%E5%91%B3%E3%82%8F%E3%81%84" n1="%E9%BE%8D%E4%BC%AF" n2="%E5%AD%A3%E9%81%95%E3%81%84%E4%BF%B3%E4%BA%BA" n3="%E5%A4%AA%E3%81%8F%E3%81%AA%E3%81%84%E3%81%8A" dan="16,17,17,17" rate="2107.61,2113.28,2086.01,2174.47" sx="M,M,M,M"/><TAIKYOKU oya="0"/>

<Scene>
<INIT seed="0,0,0,4,0,99" ten="250,250,250,250" oya="0" hai0="101,68,119,46,56,89,65,3,52,23,4,28,34" hai1="128,57,9,32,74,29,45,113,38,110,43,25,0" hai2="112,79,1,51,16,59,121,100,133,19,44,103,75" hai3="62,14,88,107,70,54,77,92,39,135,72,123,116"/><T7/><D119/><U10/><E110/><V86/><F121/><W60/><G116/><T126/><D34/><U66/><E128/><V129/><F112/><W127/><G107/><T24/><D126/><U33/><E10/><V95/><F1/><W84/><G39/><T37/><D89/><U117/><E57/><V82/><F129/><W132/><G127/><T80/><D80/><U104/><E113/><V78/><F133/><N who="3" m="51275" /><G123/><T50/><D101/><N who="2" m="38986" /><F75/><W98/><G72/><T20/><D3/><U26/><E66/><V120/><F120/><W13/><G54/><T2/><D23/><U40/><E40/><N who="2" m="24967" /><F79/><W105/><G105/><T122/><D2/><U91/><E104/><V36/><F36/><W48/><G48/><T15/><D15/><N who="3" m="5641" /><G70/><T134/><D134/><U47/><E38/><V22/><F22/><W21/><G21/><T69/><D69/><U131/><E74/><V55/><F95/><W67/><G67/><T12/><D12/><U35/><E0/><V11/><F11/><W6/><G6/><T124/><D124/><U109/><E9/><V97/><F97/><W85/><G98/><T17/><D122/><U125/><E117/><V130/><F130/><W114/><G114/><T64/><D68/><U18/><E131/><V61/><AGARI ba="0,0" hai="16,19,55,59,61,78,82,86" m="24967,38986" machi="61" ten="30,8000,1" yaku="8,1,52,3,54,1" doraHai="99" who="2" fromWho="2" sc="250,-40,250,-20,250,80,250,-20" />
</Scene>
<Scene>
<INIT seed="1,0,0,2,2,116" ten="210,230,330,230" oya="1" hai0="69,67,109,74,98,53,115,111,20,41,81,57,73" hai1="10,55,79,46,112,102,17,59,22,83,0,13,8" hai2="36,23,56,84,12,71,108,9,120,11,93,3,88" hai3="15,135,18,38,128,125,4,103,45,119,7,132,75"/><U127/><E112/><V5/><F71/><W78/><G119/><T130/><D115/><U35/><E35/><V126/><F36/><W65/><G65/><T42/><D130/><U52/><E0/><V107/><F107/><W134/><G103/><T91/><D20/><U21/><E102/><V113/><F113/><W48/><G38/><T51/><D67/><U33/><E33/><V37/><F37/><W90/><G128/><T118/><D69/><U2/><E2/><V104/><F104/><W99/><G125/><T68/><D68/><U32/><E32/><V72/><F72/><N who="0" m="27754" /><D118/><U50/><E22/><V76/><F126/><W60/><G60/><T26/><D26/><U87/><REACH who="1" step="1"/><E127/><REACH who="1" ten="210,220,330,230" step="2"/><V19/><F3/><W123/><G134/><T40/><D109/><U27/><E27/><V101/><F23/><W25/><G25/><T85/><D111/><U122/><E122/><V117/><F120/><W31/><G123/><T105/><D105/><U114/><E114/><V97/><F108/><W61/><G135/><T14/><D14/><U89/><E89/><V95/><F88/><W39/><G132/><T70/><D91/><U29/><E29/><V110/><F101/><W66/><G31/><T77/><D77/><U30/><E30/><V24/><F24/><W54/><G78/><T131/><D131/><U96/><E96/><V63/><F117/><W34/><G34/><T49/><D98/><U124/><E124/><V121/><F97/><W86/><G99/><T62/><D70/><U1/><E1/><V6/><F121/><W94/><G90/><T106/><D106/><RYUUKYOKU ba="0,1" sc="210,15,220,15,330,-15,230,-15" hai0="40,41,42,49,51,53,57,62,81,85" hai1="8,10,13,17,21,46,50,52,55,59,79,83,87" />
</Scene>
<Scene>
<INIT seed="1,1,1,1,0,119" ten="225,235,315,215" oya="1" hai0="32,103,68,83,78,36,88,129,11,124,131,25,39" hai1="50,49,60,70,18,23,71,17,48,100,2,112,101" hai2="63,69,26,62,75,61,22,8,97,81,31,9,40" hai3="117,56,90,53,37,45,98,58,64,86,46,38,116"/><U44/><E2/><V5/><F69/><W35/><G35/><T96/><D68/><U21/><E60/><V135/><F135/><W65/><G86/><T104/><D124/><U10/><E10/><V91/><F40/><W113/><G98/><T30/><D11/><U80/><E80/><V111/><F111/><W52/><REACH who="3" step="1"/><G90/><REACH who="3" ten="225,235,315,205" step="2"/><T110/><D110/><U24/><E112/><AGARI ba="1,2" hai="37,38,45,46,52,53,56,58,64,65,112,113,116,117" machi="112" ten="25,16000,3" yaku="1,1,2,1,22,2,34,3,54,1,53,2" doraHai="119" doraHaiUra="109" who="3" fromWho="1" sc="225,0,235,-163,315,0,205,183" />
</Scene>
<Scene>
<INIT seed="2,0,0,0,0,52" ten="225,72,315,388" oya="2" hai0="49,121,108,76,63,2,66,105,60,20,131,25,102" hai1="70,33,64,82,109,71,0,40,1,69,7,129,24" hai2="16,28,50,123,23,54,83,114,122,125,126,11,89" hai3="55,91,34,98,106,4,100,6,132,119,5,104,110"/><V67/><F67/><W117/><G34/><T85/><D121/><U124/><E129/><V97/><F11/><W31/><G31/><T17/><D2/><U53/><E124/><N who="2" m="47723" /><F114/><W116/><G110/><T90/><D108/><U107/><E53/><V42/><F42/><W48/><G91/><T72/><D131/><U99/><E82/><V74/><F28/><W128/><G128/><T127/><D127/><U113/><E40/><V86/><F97/><W32/><G32/><T130/><D130/><U10/><E109/><V111/><F74/><W46/><REACH who="3" step="1"/><G132/><REACH who="3" ten="225,72,315,378" step="2"/><T77/><D90/><U88/><E113/><V8/><F111/><W115/><G115/><T45/><D76/><U51/><E88/><V41/><F122/><W15/><G15/><T47/><D77/><U79/><E1/><V75/><F123/><W3/><G3/><T18/><D25/><U58/><E79/><V57/><F89/><W103/><G103/><T13/><D102/><U101/><E51/><V44/><F83/><W36/><G36/><T95/><D49/><U27/><E27/><N who="2" m="14823" /><F75/><W87/><G87/><T39/><D85/><U68/><E24/><V62/><F86/><W134/><G134/><T94/><D72/><U29/><E29/><V22/><F50/><W81/><G81/><T26/><D39/><U92/><E33/><V19/><F41/><W9/><G9/><T12/><D13/><U96/><E96/><V135/><F8/><W35/><G35/><T118/><D12/><U78/><N who="1" m="17408" /><DORA hai="14" /><U30/><E99/><V112/><F135/><W65/><G65/><T61/><D66/><RYUUKYOKU ba="0,1" sc="225,-10,72,-10,315,-10,378,30" hai3="4,5,6,46,48,55,98,100,104,106,116,117,119" />
</Scene>
<Scene>
<INIT seed="3,1,1,4,2,46" ten="215,62,305,408" oya="3" hai0="16,120,83,95,134,85,25,38,9,90,97,23,128" hai1="103,29,109,131,73,91,92,100,101,125,22,30,6" hai2="105,72,63,12,48,51,135,21,112,116,107,58,68" hai3="74,77,94,82,27,99,115,61,55,111,47,44,43"/><W8/><G115/><T133/><D120/><U24/><E73/><V118/><F72/><W69/><G111/><T34/><D38/><U88/><E125/><V15/><F112/><W14/><G27/><T78/><D128/><U4/><E109/><V28/><F68/><W113/><G113/><T129/><D129/><U2/><E2/><V17/><F28/><W132/><G132/><T31/><REACH who="0" step="1"/><D9/><REACH who="0" ten="205,62,305,408" step="2"/><U71/><E131/><V45/><F135/><W60/><G8/><T127/><D127/><U36/><E36/><V39/><F39/><W1/><G43/><T62/><D62/><U108/><E108/><V114/><F114/><W70/><G60/><T11/><D11/><U19/><E71/><V130/><F130/><W110/><G61/><T33/><D33/><U49/><E4/><V54/><F54/><W32/><G55/><T123/><D123/><U57/><E6/><V42/><F63/><W104/><G110/><T37/><D37/><U98/><E91/><V65/><F116/><W53/><G53/><AGARI ba="1,2" hai="19,22,24,29,30,49,53,57,88,92,98,100,101,103" machi="53" ten="40,5200,0" yaku="8,1,52,1,54,1" doraHai="46" who="1" fromWho="3" sc="205,0,62,75,305,0,408,-55" />
</Scene>
<Scene>
<INIT seed="4,0,0,4,0,130" ten="205,137,305,353" oya="0" hai0="57,79,114,64,36,43,123,2,120,45,4,5,0" hai1="68,23,14,76,95,34,9,55,122,78,51,90,53" hai2="125,40,115,128,85,97,52,105,77,58,92,11,19" hai3="69,71,81,47,22,72,33,100,87,63,121,129,70"/><T41/><D114/><U24/><E34/><V6/><F105/><W46/><G33/><T30/><D30/><U21/><E68/><V50/><F115/><W94/><G72/><T126/><D126/><U7/><E23/><V104/><F104/><W61/><G129/><T93/><D79/><U124/><E55/><V15/><F128/><W54/><G121/><T66/><D93/><U13/><E13/><V35/><F35/><W48/><G22/><T106/><D106/><U103/><E103/><V98/><F125/><W107/><G107/><T75/><D75/><U37/><E37/><V80/><F40/><W67/><G46/><T28/><D28/><U56/><E124/><V26/><F92/><W89/><REACH who="3" step="1"/><G67/><REACH who="3" ten="205,137,305,343" step="2"/><T131/><D131/><U86/><REACH who="1" step="1"/><E122/><REACH who="1" ten="205,127,305,343" step="2"/><V84/><F26/><W49/><G49/><T60/><D123/><U110/><E110/><V3/><F3/><W112/><G112/><T73/><D120/><U29/><AGARI ba="0,2" hai="7,9,14,21,24,29,51,53,56,76,78,86,90,95" machi="29" ten="20,12000,2" yaku="1,1,0,1,7,1,8,1,53,2" doraHai="130" doraHaiUra="74" who="1" fromWho="1" sc="205,-60,127,140,305,-30,343,-30" />
</Scene>
<Scene>
<INIT seed="5,0,0,3,3,55" ten="145,267,275,313" oya="1" hai0="35,130,67,12,59,71,51,24,132,115,32,10,78" hai1="65,75,25,116,41,107,82,23,119,81,101,66,90" hai2="68,60,31,98,134,2,29,40,47,6,22,48,64" hai3="95,109,97,120,93,16,94,123,62,4,76,54,106"/><U91/><E41/><V112/><F134/><W49/><G109/><T77/><D71/><U45/><E45/><V80/><F112/><W36/><G36/><T85/><D115/><U9/><E101/><V84/><F98/><W133/><G4/><T61/><D130/><U28/><E107/><V108/><F108/><W19/><G133/><T57/><D132/><U122/><E122/><V131/><F131/><W96/><G76/><T3/><D3/><U56/><E75/><V26/><F6/><W42/><G120/><T121/><D121/><U88/><E9/><V74/><F74/><W73/><G73/><T52/><D35/><U39/><E39/><V79/><F2/><W63/><G42/><T83/><D77/><U14/><E14/><V30/><AGARI ba="0,0" hai="22,26,29,30,31,40,47,48,60,64,68,79,80,84" machi="30" ten="20,1500,0" yaku="0,1,7,1" doraHai="55" who="2" fromWho="2" sc="145,-4,267,-7,275,15,313,-4" />
</Scene>
<Scene>
<INIT seed="6,0,0,2,1,36" ten="141,260,290,309" oya="2" hai0="124,101,95,94,61,54,38,112,77,50,60,118,97" hai1="7,22,84,132,0,40,33,108,11,114,23,28,88" hai2="110,41,73,78,16,70,130,98,66,96,10,109,39" hai3="103,25,115,129,24,105,13,45,86,104,18,116,133"/><V21/><F130/><W1/><G1/><T89/><D38/><U43/><E108/><N who="2" m="41579" /><F10/><W76/><G116/><T59/><D112/><U37/><E37/><V48/><F39/><W42/><G129/><T5/><D124/><U117/><E117/><V26/><F70/><W9/><G115/><T27/><D118/><U46/><E33/><V90/><F66/><W14/><G133/><T62/><D77/><U79/><E79/><V102/><F90/><W91/><G76/><T122/><D122/><U51/><E132/><V127/><F127/><W75/><G75/><T100/><D5/><U71/><E71/><V80/><F102/><W29/><G103/><T74/><D74/><U65/><E65/><V8/><F8/><N who="3" m="6439" /><G29/><T31/><REACH who="0" step="1"/><D95/><REACH who="0" ten="131,260,290,309" step="2"/><U92/><E114/><V6/><F6/><N who="3" m="3383" /><G105/><T2/><D2/><U111/><E111/><V3/><F3/><W19/><G104/><T99/><D99/><U56/><E0/><V123/><F123/><W82/><G82/><T34/><AGARI ba="0,1" hai="27,31,34,50,54,59,60,61,62,89,94,97,100,101" machi="34" ten="30,2000,0" yaku="1,1,0,1,53,0" doraHai="36" doraHaiUra="64" who="0" fromWho="0" sc="131,30,260,-5,290,-10,309,-5" />
</Scene>
<Scene>
<INIT seed="7,0,0,0,5,132" ten="161,255,280,304" oya="3" hai0="79,40,118,41,1,6,113,87,110,83,130,31,42" hai1="92,55,29,62,46,86,67,54,75,19,93,59,56" hai2="69,98,107,78,28,124,104,38,52,51,66,32,13" hai3="91,17,123,108,63,121,94,105,117,82,23,33,134"/><W120/><G33/><T39/><D110/><U133/><E75/><V10/><F38/><W57/><G117/><T3/><D118/><U53/><E29/><V77/><F124/><W115/><G105/><T88/><D130/><U43/><E133/><V68/><F68/><W70/><G134/><T15/><D113/><U84/><E19/><N who="2" m="8631" /><F104/><W135/><G135/><T126/><D39/><U114/><E114/><V96/><F107/><W12/><G115/><T4/><D31/><U11/><E11/><V127/><F127/><W58/><G82/><T100/><D126/><U112/><E112/><V16/><F69/><W60/><G108/><T20/><D100/><U116/><E59/><N who="2" m="33183" /><F32/><W101/><G101/><T48/><D48/><U106/><E106/><V128/><F28/><W7/><G7/><T22/><D20/><U35/><E35/><V73/><F73/><W76/><G76/><N who="2" m="29289" /><F66/><W89/><G70/><T24/><D79/><U99/><E93/><V131/><F16/><W85/><REACH who="3" step="1"/><G91/><REACH who="3" ten="161,255,280,294" step="2"/><T18/><REACH who="0" step="1"/><D15/><REACH who="0" ten="151,255,280,294" step="2"/><U5/><E116/><V34/><F34/><W72/><G72/><T0/><AGARI ba="0,2" hai="0,1,3,4,6,18,22,24,40,41,42,83,87,88" machi="0" ten="40,8000,1" yaku="1,1,2,1,0,1,54,1,53,0" doraHai="132" doraHaiUra="71" who="0" fromWho="0" sc="151,100,255,-20,280,-20,294,-40" />
</Scene>
<Scene>
<INIT seed="8,0,0,2,4,2" ten="251,235,260,254" oya="0" hai0="114,37,12,21,124,92,87,76,72,25,65,5,110" hai1="116,80,104,118,62,38,101,44,40,34,120,81,67" hai2="14,83,43,16,91,74,51,36,8,88,99,135,69" hai3="109,78,54,126,58,64,0,117,3,113,82,45,89"/><T115/><D37/><U22/><E34/><V24/><F69/><W60/><G113/><T55/><D124/><U57/><E120/><V31/><F36/><W11/><G109/><T96/><D110/><U85/><E104/><V30/><F135/><W23/><G126/><T50/><D72/><U13/><E101/><V94/><F74/><W9/><G117/><T41/><D65/><U127/><E127/><V125/><F125/><W61/><G89/><N who="2" m="34377" /><F83/><W56/><G23/><T130/><D130/><U102/><E102/><N who="2" m="60791" /><F24/><W63/><G0/><T128/><D128/><U111/><E111/><V1/><F1/><W84/><G3/><T77/><D41/><U48/><E85/><V70/><F70/><W32/><G32/><T79/><D87/><U133/><E133/><V121/><F121/><W47/><G63/><T112/><D12/><U7/><E38/><V68/><F68/><W17/><G84/><T4/><D92/><U35/><E35/><V106/><F106/><W6/><G82/><T107/><D96/><U98/><E98/><V103/><F103/><W131/><G131/><T26/><D107/><U27/><E118/><V46/><AGARI ba="0,0" hai="8,14,16,30,31,43,46,51" m="60791,34377" machi="46" ten="30,4000,0" yaku="8,1,54,2" doraHai="2" who="2" fromWho="2" sc="251,-20,235,-10,260,40,254,-10" owari="231,-17.0,225,-27.0,300,40.0,244,4.0" />
</Scene>
</mjloggm>