<mjloggm ver="2.3"><GO type="169" lobby="0"/><UN n0="%E6%96%B0%E9%96%8B%E5%96%84%E6%96%87" n1="%E3%81%B5%E3%81%8B%E3%81%98" n2="%E5%A4%AA%E3%81%8F%E3%81%AA%E3%81%84%E3%81%8A" n3="%E5%A4%A7%E6%AD%A3%E7%BE%A9%E9%87%8E%E7%90%83%E5%A8%98" dan="17,16,17,17" rate="2174.55,2113.72,2140.94,2173.17" sx="F,M,M,F"/><TAIKYOKU oya="0"/>

<Scene>
<INIT seed="0,0,0,4,0,98" ten="250,250,250,250" oya="0" hai0="60,74,45,103,90,59,58,128,86,29,31,18,89" hai1="134,19,65,27,119,117,38,132,107,52,122,110,3" hai2="41,22,24,88,8,43,9,78,61,14,5,125,113" hai3="66,50,69,115,120,34,4,37,73,123,76,127,83"/><T56/><D74/><U67/><E122/><V15/><F113/><W32/><G37/><T36/><D128/><U53/><E3/><V81/><F125/><W39/><G39/><T48/><D36/><U13/><E107/><V6/><F61/><N who="3" m="40143" /><G115/><T23/><D60/><U21/><E110/><V104/><F104/><W133/><G127/><T46/><D46/><U109/><E109/><V97/><F97/><W68/><G68/><T12/><D103/><U35/><E38/><V85/><REACH who="2" step="1"/><F78/><REACH who="2" ten="250,250,240,250" step="2"/><W80/><G120/><T79/><D79/><U112/><E112/><V114/><F114/><W26/><G123/><T17/><D17/><AGARI ba="0,1" hai="5,6,8,9,14,15,17,22,24,41,43,81,85,88" machi="17" ten="30,8000,1" yaku="1,1,7,1,9,1,8,1,54,1,53,0" doraHai="98" doraHaiUra="44" who="2" fromWho="0" sc="250,-80,250,0,240,90,250,0" />
</Scene>
<Scene>
<INIT seed="1,0,0,5,3,58" ten="170,250,330,250" oya="1" hai0="7,1,120,14,4,47,60,40,23,13,16,121,104" hai1="21,90,22,92,27,29,66,45,119,30,87,49,70" hai2="125,118,79,50,129,91,8,127,124,107,134,131,32" hai3="128,93,52,3,67,5,0,82,61,102,78,18,24"/><U86/><E119/><V26/><F107/><W84/><G128/><N who="2" m="49225" /><F79/><W42/><G42/><T103/><D1/><U68/><E66/><V44/><F118/><W25/><G52/><T20/><D104/><U113/><E113/><V34/><F91/><W115/><G115/><T101/><D40/><U51/><E51/><V46/><F8/><W53/><G53/><T43/><D43/><U122/><E122/><V132/><F26/><W41/><G41/><T19/><REACH who="0" step="1"/><D47/><REACH who="0" ten="160,250,330,250" step="2"/><N who="2" m="17962" /><F50/><W36/><G0/><T114/><D114/><U73/><E49/><V9/><F9/><W80/><G3/><T54/><D54/><U12/><E45/><V98/><F98/><W105/><G105/><T11/><D11/><U133/><E133/><AGARI ba="0,1" hai="32,34,124,125,127,132,133,134" m="17962,49225" machi="133" ten="40,32000,5" yakuman="39" doraHai="58" who="2" fromWho="1" sc="160,0,250,-320,330,330,250,0" owari="160,-24.0,-70,-57.0,660,76.0,250,5.0" />
</Scene>
</mjloggm>