<mjloggm ver="2.3"><GO type="169" lobby="0"/><UN n0="%79%61%6D%69" n1="%E5%A4%AA%E3%81%8F%E3%81%AA%E3%81%84%E3%81%8A" n2="%E5%A5%88%E8%90%BD%E3%81%AE%E7%8E%8B" n3="%E9%BB%92%E7%8C%AB%40%E3%81%BA%E3%82%8D%E3%81%BA%E3%82%8D%E2%98%86" dan="16,18,16,16" rate="2125.67,2196.61,2145.35,2157.36" sx="M,M,M,F"/><TAIKYOKU oya="0"/>

<Scene>
<INIT seed="0,0,0,4,2,99" ten="250,250,250,250" oya="0" hai0="31,27,92,109,118,26,81,13,110,6,16,119,61" hai1="70,29,78,17,47,49,66,10,8,5,41,3,38" hai2="24,80,86,65,60,134,79,71,50,33,32,62,39" hai3="87,53,43,45,100,130,84,120,129,82,121,103,135"/><T68/><D6/><U98/><E29/><V97/><F39/><W20/><G53/><T11/><D81/><U67/><E70/><V64/><F134/><W22/><G135/><T2/><D2/><U89/><E49/><V96/><F50/><N who="3" m="26943" /><G87/><T7/><D92/><U104/><E89/><V113/><F113/><W14/><G14/><T123/><D123/><N who="3" m="47177" /><G22/><N who="0" m="13639" /><D61/><U83/><E17/><V59/><F24/><W1/><G20/><N who="0" m="15847" /><D68/><U76/><E10/><V18/><F18/><W0/><G0/><T116/><AGARI ba="0,0" hai="7,11,13,109,110,116,118,119" m="15847,13639" machi="116" ten="40,7800,0" yaku="34,2,54,1" doraHai="99" who="0" fromWho="0" sc="250,78,250,-26,250,-26,250,-26" />
</Scene>
<Scene>
<INIT seed="0,1,0,1,1,3" ten="328,224,224,224" oya="0" hai0="10,15,63,51,127,55,43,113,18,85,75,79,36" hai1="54,129,86,27,128,31,115,81,80,122,100,133,83" hai2="76,107,71,52,87,29,0,104,61,121,94,77,66" hai3="16,103,73,12,59,23,11,89,21,45,98,109,134"/><T44/><D113/><U30/><E122/><V92/><F121/><W2/><G73/><T125/><D75/><U69/><E69/><V62/><F29/><W96/><G109/><T28/><D28/><U32/><E115/><V9/><F87/><W101/><G134/><T112/><D112/><U56/><E133/><V131/><F131/><N who="1" m="50249" /><E100/><V58/><F94/><W102/><G45/><T124/><D63/><N who="1" m="36247" /><E30/><V110/><F92/><N who="3" m="56335" /><G2/><T19/><D79/><AGARI ba="1,0" hai="27,31,32,79,80,81,83,86" m="36247,50249" machi="79" ten="30,1000,0" yaku="19,1" doraHai="3" who="1" fromWho="0" sc="328,-13,224,13,224,0,224,0" />
</Scene>
<Scene>
<INIT seed="1,0,0,5,5,56" ten="315,237,224,224" oya="1" hai0="131,32,133,98,87,57,14,106,44,29,75,37,60" hai1="28,70,100,96,73,63,71,30,3,51,53,113,55" hai2="89,5,59,41,24,91,33,39,61,86,95,112,128" hai3="82,47,117,78,27,67,109,90,17,64,74,35,10"/><U7/><E73/><V26/><F128/><W102/><G109/><T12/><D75/><U18/><E113/><V52/><F112/><W126/><G126/><T65/><D87/><U127/><E7/><V40/><F5/><W62/><G117/><T93/><D106/><U80/><E3/><V68/><F68/><W119/><G119/><T48/><D37/><U88/><E127/><V125/><F125/><W0/><G102/><T118/><D118/><U76/><E18/><V20/><F39/><W81/><G67/><T107/><D107/><U42/><E42/><V104/><F104/><W124/><G47/><T8/><D133/><U121/><E121/><V116/><F116/><W15/><G0/><T23/><D32/><U49/><E76/><V111/><F111/><W34/><G27/><T4/><D131/><U79/><E79/><V6/><F6/><W19/><G19/><T31/><D14/><U135/><E100/><V16/><REACH who="2" step="1"/><F91/><REACH who="2" ten="315,237,214,224" step="2"/><W58/><G124/><T97/><D23/><U54/><E71/><V108/><F108/><W13/><G34/><T84/><D84/><N who="1" m="50183" /><E96/><V1/><F1/><W46/><G35/><T115/><D98/><U103/><E103/><V22/><F22/><N who="3" m="11567" /><G90/><N who="0" m="55479" /><D115/><U2/><E2/><V77/><F77/><W132/><G132/><T45/><D4/><U25/><E135/><V120/><F120/><W114/><G114/><T36/><D36/><U38/><E38/><V66/><F66/><W99/><G99/><T129/><D129/><U83/><E70/><V43/><F43/><W85/><G78/><T105/><D105/><U101/><E101/><RYUUKYOKU ba="0,1" sc="315,-10,237,-10,214,30,224,-10" hai2="16,20,24,26,33,40,41,52,59,61,86,89,95" />
</Scene>
<Scene>
<INIT seed="2,1,1,2,3,118" ten="305,227,244,214" oya="2" hai0="31,105,18,54,9,120,103,102,30,49,70,107,126" hai1="29,68,62,76,111,4,12,119,35,123,33,85,61" hai2="108,92,73,74,132,14,3,21,131,42,96,58,57" hai3="98,93,38,23,32,84,60,5,26,64,36,79,129"/><V43/><F3/><W99/><G32/><T28/><D70/><U37/><E37/><V104/><F104/><W6/><G129/><T106/><D126/><U44/><E119/><V16/><F131/><W135/><G135/><T114/><D114/><U0/><E0/><V15/><F132/><W59/><G38/><T53/><D120/><U66/><E44/><V65/><F108/><W100/><G99/><T95/><D95/><U83/><E111/><V2/><F2/><W75/><G75/><T10/><D18/><U40/><E40/><N who="2" m="15403" /><F74/><W56/><G56/><N who="2" m="21609" /><F73/><W71/><G71/><T69/><D69/><U24/><E62/><V34/><F34/><W48/><G48/><T41/><D41/><U80/><E35/><V45/><F45/><W121/><G121/><T125/><D125/><U77/><E123/><V82/><F82/><N who="3" m="47199" /><G36/><T124/><D124/><U51/><E51/><V101/><F65/><W116/><G116/><T87/><D87/><U94/><E94/><V55/><F55/><N who="0" m="21002" /><D49/><U8/><E80/><V63/><F63/><W20/><G20/><T1/><D1/><U7/><REACH who="1" step="1"/><E77/><REACH who="1" ten="305,217,244,214" step="2"/><V47/><F47/><W22/><G60/><T90/><D90/><U122/><E122/><V11/><F92/><W128/><G93/><T115/><D115/><U109/><E109/><V130/><F130/><W81/><G128/><T17/><D107/><U127/><E127/><V52/><F101/><W110/><G100/><T39/><D106/><U72/><E72/><V134/><F134/><W89/><G110/><T117/><D105/><U13/><E13/><V50/><F50/><RYUUKYOKU ba="1,2" sc="305,-10,217,30,244,-10,214,-10" hai1="4,7,8,12,24,29,33,61,66,68,76,83,85" />
</Scene>
<Scene>
<INIT seed="3,2,2,5,2,82" ten="295,247,234,204" oya="3" hai0="21,74,7,97,124,50,93,115,52,51,127,53,26" hai1="25,94,114,86,77,8,110,3,5,119,63,131,72" hai2="104,20,123,57,122,40,44,126,12,101,89,35,13" hai3="11,80,133,103,60,36,129,76,99,58,116,0,17"/><W14/><G129/><T10/><D74/><U69/><E114/><V102/><F35/><W43/><G133/><T125/><D115/><U95/><E72/><V91/><F126/><W79/><G116/><T23/><D51/><U29/><E131/><V6/><F57/><W54/><G0/><N who="0" m="359" /><D50/><U62/><E110/><V121/><F6/><W83/><G83/><T41/><D41/><U92/><E119/><V24/><F13/><W96/><G79/><T46/><D46/><U107/><E107/><V84/><F12/><W16/><G17/><N who="0" m="12591" /><D23/><U38/><E38/><N who="2" m="21527" /><F104/><W134/><G134/><T88/><AGARI ba="2,2" hai="52,53,88,93,97,124,125,127" m="12591,359" machi="88" ten="30,4000,0" yaku="18,1,54,2" doraHai="82" who="0" fromWho="0" sc="295,66,247,-12,234,-12,204,-22" />
</Scene>
<Scene>
<INIT seed="4,0,0,1,0,96" ten="361,235,222,182" oya="0" hai0="31,86,77,101,119,22,16,47,48,121,60,17,12" hai1="9,117,6,129,50,39,26,36,78,14,35,128,23" hai2="24,112,74,113,15,89,42,2,49,98,27,73,56" hai3="59,70,10,37,134,41,75,114,67,71,123,13,83"/><T130/><D119/><U105/><E117/><V3/><F15/><W62/><G114/><N who="2" m="44137" /><F89/><W29/><G134/><T58/><D121/><U99/><E35/><V34/><F98/><W18/><G123/><T1/><D130/><N who="1" m="50283" /><E78/><V118/><F118/><W28/><G41/><T100/><D1/><N who="2" m="10" /><F34/><W92/><G37/><T82/><D31/><N who="1" m="17887" /><E50/><V125/><F125/><W135/><G135/><T88/><D77/><U127/><E127/><V30/><F30/><W111/><G111/><T126/><D17/><U124/><E124/><V51/><F56/><W7/><G18/><T109/><D109/><U5/><E6/><V80/><F80/><W90/><G28/><T107/><D107/><U52/><E99/><V76/><F76/><W116/><G29/><T115/><D115/><U40/><E105/><V55/><F42/><W68/><G83/><T46/><D126/><U94/><E40/><V43/><F43/><W64/><G116/><T102/><D48/><N who="2" m="18506" /><F55/><AGARI ba="0,0" hai="12,16,22,46,47,55,58,60,82,86,88,100,101,102" machi="55" ten="40,18000,2" yaku="8,1,52,3,54,2" doraHai="96" who="0" fromWho="2" sc="361,180,235,0,222,-180,182,0" />
</Scene>
<Scene>
<INIT seed="4,1,0,0,1,24" ten="541,235,42,182" oya="0" hai0="11,109,55,71,43,73,100,123,103,7,81,76,38" hai1="87,132,12,4,82,119,92,83,107,2,36,85,15" hai2="41,127,39,14,21,20,64,67,95,45,105,79,61" hai3="23,97,124,54,52,113,60,30,110,129,42,6,3"/><T53/><D71/><U68/><E107/><V80/><F105/><W74/><G110/><T5/><D5/><U17/><E36/><V28/><F127/><W29/><G74/><T50/><D123/><U93/><E68/><V96/><F14/><W66/><G42/><T48/><D48/><U101/><E119/><V106/><F106/><W88/><G23/><T122/><D122/><U44/><E2/><V133/><F133/><W111/><G111/><T0/><D109/><U94/><E101/><V126/><F126/><W134/><G124/><T8/><D8/><N who="1" m="4103" /><E44/><V89/><F28/><N who="3" m="10859" /><G6/><T35/><D35/><U114/><E114/><V59/><REACH who="2" step="1"/><F67/><REACH who="2" ten="541,235,32,182" step="2"/><W40/><G134/><T130/><D0/><U90/><E132/><V26/><F26/><W121/><G3/><T104/><D104/><U131/><E15/><V10/><F10/><W31/><G31/><T47/><D11/><U57/><E17/><V56/><F56/><N who="3" m="37127" /><G121/><T22/><D22/><U118/><E57/><V32/><F32/><W78/><G113/><T33/><D33/><U69/><E69/><V16/><F16/><W98/><G129/><T128/><D130/><U116/><E131/><V115/><F115/><W1/><G1/><T70/><D128/><U65/><E65/><V108/><F108/><W46/><G78/><T77/><D77/><N who="1" m="46287" /><E118/><V102/><F102/><W125/><G125/><T120/><D70/><U34/><E34/><V19/><F19/><W13/><G13/><T86/><D120/><U112/><E112/><V91/><F91/><W117/><G88/><T49/><D76/><U25/><E116/><RYUUKYOKU ba="1,1" sc="541,-15,235,15,32,15,182,-15" hai1="25,83,87,90,92,93,94" hai2="20,21,39,41,45,59,61,64,79,80,89,95,96" />
</Scene>
<Scene>
<INIT seed="5,2,1,3,1,20" ten="526,250,47,167" oya="1" hai0="34,60,113,92,29,103,11,114,99,71,54,47,93" hai1="87,27,59,126,121,2,61,90,82,53,68,77,21" hai2="6,66,80,22,97,81,38,14,8,1,0,30,42" hai3="79,32,91,95,17,23,50,69,28,124,133,9,52"/><U74/><E126/><V122/><F122/><W12/><G69/><T65/><D11/><U96/><E2/><V58/><F38/><W5/><G79/><T67/><D67/><U125/><E125/><V73/><F42/><W48/><G124/><T75/><D75/><U46/><E121/><V51/><F73/><W44/><G133/><T110/><D110/><U131/><E131/><V31/><F1/><W107/><G107/><N who="0" m="63999" /><D54/><U3/><E3/><V128/><F128/><W134/><G134/><T24/><D47/><U105/><E68/><V76/><F76/><W108/><G108/><T112/><AGARI ba="2,1" hai="24,29,34,60,65,71,92,93,112,113,114" m="63999" machi="112" ten="30,4000,0" yaku="25,1,15,1,52,1" doraHai="20" who="0" fromWho="0" sc="526,56,250,-22,47,-12,167,-12" />
</Scene>
<Scene>
<INIT seed="6,0,0,2,4,67" ten="582,228,35,155" oya="2" hai0="52,74,96,57,45,26,50,77,130,99,94,135,42" hai1="128,129,34,104,133,46,65,18,35,61,122,2,37" hai2="119,10,6,109,118,86,105,16,53,101,108,102,44" hai3="125,80,27,36,66,107,114,1,32,85,14,115,49"/><V7/><F86/><W75/><G1/><T59/><D130/><N who="1" m="50283" /><E104/><V63/><F44/><W56/><G36/><T116/><D135/><U89/><E2/><V84/><F84/><W68/><G75/><T131/><D131/><U123/><E133/><V20/><F53/><N who="3" m="31791" /><G14/><T117/><D74/><U15/><E89/><V11/><F63/><N who="3" m="40031" /><G125/><T54/><D77/><U113/><E113/><N who="3" m="43018" /><G27/><T98/><D26/><U73/><E73/><V58/><F58/><W60/><G32/><N who="1" m="12330" /><E37/><V38/><F38/><W40/><G60/><T83/><D59/><N who="1" m="37055" /><E46/><V41/><F41/><W4/><G4/><T64/><D42/><U112/><E112/><V3/><F3/><W25/><G25/><T127/><D127/><U71/><E71/><V78/><F78/><W48/><G107/><T31/><D31/><U28/><E28/><V55/><F55/><W51/><G40/><T62/><D54/><U91/><E91/><AGARI ba="0,0" hai="48,51,80,85,91" m="43018,40031,31791" machi="91" ten="30,3900,0" yaku="15,1,11,1,52,1" doraHai="67" who="3" fromWho="1" sc="582,0,228,-39,35,0,155,39" />
</Scene>
<Scene>
<INIT seed="7,0,0,4,2,128" ten="582,189,35,194" oya="3" hai0="17,20,49,41,121,104,135,1,24,65,92,19,0" hai1="103,50,120,90,87,43,133,126,107,14,39,78,31" hai2="94,68,28,93,111,29,22,2,95,91,106,71,15" hai3="99,58,116,54,86,32,131,18,21,37,3,36,124"/><W33/><G3/><T34/><D104/><U60/><E133/><V117/><F2/><W100/><G116/><T7/><D65/><U66/><E120/><V26/><F106/><W72/><G72/><T6/><D92/><U47/><E78/><V83/><F117/><W74/><G74/><T62/><D62/><U112/><E112/><V129/><F129/><W122/><G122/><T113/><D49/><U130/><E130/><V118/><F118/><W48/><G124/><T55/><D55/><U12/><E126/><V98/><F111/><W5/><G5/><T102/><D102/><U114/><E114/><V13/><F83/><W56/><G131/><T125/><D41/><U53/><E31/><V42/><F42/><W63/><G86/><T52/><D121/><U110/><E103/><V44/><F44/><W75/><G75/><T80/><D113/><U85/><E107/><V105/><F105/><W79/><G79/><T67/><D125/><U123/><E85/><V61/><F61/><W4/><G4/><T109/><D109/><U84/><E87/><V27/><F98/><W96/><G37/><T69/><D7/><U16/><E16/><V101/><F101/><W25/><G36/><T88/><D6/><U40/><E40/><V119/><BYE who="1" /><F119/><W8/><G8/><T30/><D19/><U9/><E9/><V127/><F127/><W23/><G23/><T10/><D20/><U46/><E46/><V70/><F91/><W59/><G63/><T64/><D10/><U38/><E38/><V35/><F22/><UN n1="%E5%A4%AA%E3%81%8F%E3%81%AA%E3%81%84%E3%81%8A" /><W132/><G100/><T81/><D1/><RYUUKYOKU ba="0,0" sc="582,-10,189,-10,35,30,194,-10" hai2="13,15,26,27,28,29,35,68,70,71,93,94,95" owari="572,67.0,179,-22.0,65,-43.0,184,-2.0" />
</Scene>
</mjloggm>