<mjloggm ver="2.3"><GO type="169" lobby="0"/><UN n0="%E5%A4%AA%E3%81%8F%E3%81%AA%E3%81%84%E3%81%8A" n1="%75%6E%63%68%6F%76%76%76" n2="%E5%A5%BD%E3%81%8D%E3%81%A7%E3%81%99%E3%83%BB%E3%83%BB%E2%88%A5" n3="%E3%83%9F%E3%83%A9%E3%82%AF%E3%83%AB%E3%81%8A%E3%81%98%E3%81%95%E3%82%93" dan="18,16,17,17" rate="2212.43,2074.51,2170.25,2173.88" sx="M,M,F,M"/><TAIKYOKU oya="0"/>

<Scene>
<INIT seed="0,0,0,1,2,57" ten="250,250,250,250" oya="0" hai0="23,113,96,29,103,53,93,45,87,31,106,28,105" hai1="99,37,18,95,61,35,72,75,27,128,97,119,88" hai2="109,125,7,78,24,82,20,22,101,116,115,5,100" hai3="50,91,0,58,86,65,74,76,132,19,32,55,59"/><T121/><D113/><U34/><E37/><V92/><F115/><W16/><G32/><T54/><D121/><U126/><E119/><V114/><F114/><W36/><G0/><T33/><D33/><U110/><E110/><V3/><F109/><W85/><G36/><T46/><D23/><U25/><E128/><V2/><F125/><W133/><G74/><T90/><REACH who="0" step="1"/><D106/><REACH who="0" ten="240,250,250,250" step="2"/><U8/><E126/><V112/><F112/><W127/><G127/><T102/><D102/><U83/><E35/><V41/><F22/><W21/><G21/><T62/><D62/><U11/><E34/><V71/><F100/><W48/><G133/><T117/><D117/><U44/><E61/><V1/><F101/><W107/><G107/><T79/><D79/><U30/><E8/><V51/><F78/><W89/><G76/><T80/><D80/><U120/><E11/><V42/><F82/><N who="3" m="49335" /><G132/><T118/><D118/><U13/><E120/><V66/><F116/><W63/><G50/><T15/><D15/><U43/><E83/><AGARI ba="0,1" hai="16,19,48,55,58,59,63,65,83,86,91" m="49335" machi="83" ten="30,3900,0" yaku="8,1,52,1,54,1" doraHai="57" who="3" fromWho="1" sc="240,0,250,-39,250,0,250,49" />
</Scene>
<Scene>
<INIT seed="1,0,0,4,0,116" ten="240,211,250,299" oya="1" hai0="12,113,110,19,29,70,111,119,53,61,126,114,129" hai1="95,63,109,25,98,106,5,49,90,10,73,92,120" hai2="86,94,42,67,54,97,91,41,8,7,68,23,104" hai3="59,1,62,89,55,76,107,127,112,32,40,65,39"/><U128/><E73/><V124/><F124/><W131/><G107/><T78/><D78/><U123/><E106/><V28/><F54/><W72/><G32/><T75/><D75/><U83/><E83/><V100/><F67/><W117/><G112/><N who="0" m="43115" /><D53/><U17/><E128/><V22/><F68/><W133/><G133/><T9/><D61/><U0/><E109/><N who="0" m="41481" /><D70/><U118/><E118/><V122/><F122/><W36/><G117/><T14/><D119/><U135/><E135/><V3/><F28/><W52/><G55/><T58/><D58/><U2/><E2/><V84/><F42/><W6/><G40/><T132/><D132/><U93/><E63/><V44/><F84/><W37/><G52/><T16/><D29/><U24/><E49/><AGARI ba="0,0" hai="3,7,8,22,23,41,44,49,86,91,94,97,100,104" machi="49" ten="30,1000,0" yaku="7,1" doraHai="116" who="2" fromWho="1" sc="240,0,211,-10,250,10,299,0" />
</Scene>
<Scene>
<INIT seed="2,0,0,1,0,13" ten="240,201,260,299" oya="2" hai0="128,94,29,60,31,57,72,3,23,59,115,8,85" hai1="129,130,5,2,111,18,10,105,110,135,41,119,73" hai2="131,78,80,83,39,45,14,42,106,79,101,20,65" hai3="66,121,6,48,122,69,113,15,62,36,56,77,63"/><V107/><F131/><N who="1" m="50185" /><E73/><V50/><F65/><W38/><G77/><T47/><D72/><U64/><E105/><V17/><F101/><W71/><G6/><T21/><D128/><U125/><E64/><V97/><F97/><W81/><G81/><T126/><D115/><U127/><E41/><V43/><F43/><W88/><G15/><T67/><D47/><U124/><E119/><V120/><F120/><N who="3" m="46187" /><G88/><N who="0" m="53519" /><D126/><U30/><E30/><N who="0" m="11273" /><D3/><U19/><E135/><V95/><F95/><W40/><G113/><T91/><D57/><U132/><E132/><V34/><F34/><W25/><G25/><T109/><D109/><AGARI ba="0,0" hai="2,5,10,18,19,109,110,111,124,125,127" m="50185" machi="109" ten="40,12000,2" yaku="14,1,18,1,19,1,34,2,52,2" doraHai="13" who="1" fromWho="0" sc="240,-120,201,120,260,0,299,0" />
</Scene>
<Scene>
<INIT seed="3,0,0,1,0,100" ten="120,321,260,299" oya="3" hai0="77,108,117,94,54,26,17,74,58,23,133,24,57" hai1="33,78,82,83,38,41,34,132,135,107,65,61,7" hai2="127,134,67,69,114,86,6,110,51,125,15,5,39" hai3="119,53,0,8,79,22,91,98,56,89,90,60,71"/><W128/><G119/><T14/><D117/><U88/><E7/><V35/><F39/><W85/><G128/><T101/><D74/><U12/><E12/><V47/><F114/><W2/><G71/><T43/><D77/><U64/><E107/><V48/><F35/><W40/><G40/><T97/><D108/><U95/><E41/><V109/><F134/><N who="1" m="51241" /><E38/><V99/><F86/><W36/><G36/><T113/><D133/><U13/><E13/><V123/><F123/><W52/><G22/><T111/><D111/><N who="2" m="42506" /><F99/><W115/><G115/><T49/><D113/><U116/><E116/><V112/><F112/><W42/><G42/><T80/><D43/><U124/><E124/><N who="2" m="47691" /><F15/><W62/><G98/><T126/><D126/><U66/><E61/><N who="2" m="40175" /><F6/><W104/><G104/><T25/><REACH who="0" step="1"/><D80/><REACH who="0" ten="110,321,260,299" step="2"/><N who="1" m="30763" /><E78/><V118/><F118/><W105/><G79/><T27/><N who="0" m="6656" /><DORA hai="9" /><T73/><D73/><U102/><E102/><V28/><F5/><W10/><G90/><T81/><D81/><U29/><E29/><V76/><F28/><W50/><G89/><T19/><D19/><U55/><E34/><V72/><F76/><W93/><G91/><T103/><D103/><U121/><E33/><V1/><F72/><W129/><G129/><T75/><D75/><U30/><E121/><V106/><F106/><W131/><G105/><T87/><D87/><N who="1" m="52639" /><E30/><V122/><F122/><W120/><G120/><T16/><D16/><U46/><E46/><AGARI ba="0,1" hai="14,17,23,46,49,54,57,58,94,97,101" m="6656" machi="46" ten="50,6400,0" yaku="1,1,8,1,52,1,53,0" doraHai="100,9" doraHaiUra="37,4" who="0" fromWho="1" sc="110,74,321,-64,260,0,299,0" />
</Scene>
<Scene>
<INIT seed="4,0,0,5,3,0" ten="184,257,260,299" oya="0" hai0="59,58,109,94,87,76,19,78,60,32,26,39,95" hai1="29,97,128,4,57,69,126,134,42,102,25,28,20" hai2="125,48,16,52,88,14,132,85,82,112,37,86,13" hai3="72,117,33,22,79,113,70,31,89,34,3,80,43"/><T5/><D39/><U36/><E69/><V124/><F37/><W50/><G70/><T73/><D73/><U77/><E77/><N who="0" m="29801" /><D32/><U7/><E126/><N who="2" m="48747" /><F112/><W46/><G117/><T101/><D109/><U118/><E118/><V51/><F132/><W64/><G64/><N who="0" m="38935" /><D101/><U91/><E91/><V84/><F13/><W135/><G113/><T56/><D5/><N who="1" m="2123" /><E134/><V122/><F122/><W96/><G135/><T8/><D8/><U100/><E42/><V62/><F62/><W41/><G3/><T93/><D87/><U127/><E36/><V104/><F104/><W53/><G43/><T24/><D24/><U119/><E119/><V6/><F6/><W83/><G41/><T107/><D107/><U23/><E127/><V66/><F66/><W92/><G83/><T17/><D26/><N who="1" m="16455" /><E128/><V133/><F133/><W111/><G111/><T61/><D59/><U40/><E40/><V67/><F67/><AGARI ba="0,0" hai="17,19,56,61,67,93,94,95" m="38935,29801" machi="67" ten="30,1500,0" yaku="8,1" doraHai="0" who="0" fromWho="2" sc="184,15,257,0,260,-15,299,0" />
</Scene>
<Scene>
<INIT seed="4,1,0,3,5,50" ten="199,257,245,299" oya="0" hai0="118,45,71,42,67,5,95,12,96,117,39,114,89" hai1="87,65,11,128,25,108,37,48,35,127,10,33,6" hai2="18,57,84,46,122,64,32,93,72,80,123,106,52" hai3="119,105,101,44,82,63,91,125,81,126,102,103,9"/><T19/><D5/><U90/><E37/><V41/><F32/><W26/><G44/><T58/><D71/><U13/><E108/><V4/><F106/><W73/><G63/><T1/><D1/><U133/><E133/><V132/><F132/><W16/><G105/><T70/><D70/><U86/><E127/><N who="3" m="48650" /><G119/><T14/><D114/><U68/><E128/><V0/><F64/><W56/><G56/><T2/><D2/><U62/><E25/><V115/><F115/><W76/><G26/><T104/><D104/><U107/><E107/><V112/><F112/><W31/><G31/><T85/><D12/><U53/><E11/><N who="2" m="2439" /><F18/><W51/><G51/><T124/><D124/><U21/><E21/><V130/><F93/><W29/><G29/><T129/><D129/><U74/><E74/><V116/><F84/><N who="3" m="50575" /><G9/><T78/><D67/><U75/><E75/><V60/><F116/><W30/><G30/><T134/><D134/><U99/><E99/><V66/><F66/><W135/><G135/><T121/><D118/><U17/><E6/><V92/><F92/><W3/><G3/><T97/><D117/><U7/><E7/><V49/><F130/><W8/><G8/><N who="0" m="6599" /><D96/><U98/><E98/><V43/><F123/><W120/><G16/><T15/><D121/><AGARI ba="1,0" hai="73,76,82,101,102,103,120,121" m="50575,48650" machi="121" ten="40,5200,0" yaku="18,1,34,2" doraHai="50" who="3" fromWho="0" sc="199,-55,257,0,245,0,299,55" />
</Scene>
<Scene>
<INIT seed="5,0,0,5,3,59" ten="144,257,245,354" oya="1" hai0="2,111,5,41,94,37,38,53,14,42,17,86,79" hai1="35,80,45,50,123,61,102,67,60,29,90,62,68" hai2="78,55,128,31,104,0,20,56,81,124,57,116,73" hai3="24,27,114,46,84,85,131,118,76,1,52,120,122"/><U100/><E123/><V109/><F116/><W26/><G1/><T121/><D111/><U3/><E3/><V87/><F104/><W10/><G10/><T132/><D2/><U25/><E67/><V72/><F0/><W99/><G114/><T93/><D5/><U12/><E68/><V108/><F128/><W33/><G33/><T115/><D121/><U49/><E12/><V34/><F34/><W89/><G131/><T44/><D115/><U92/><E80/><V9/><F9/><W4/><G4/><T88/><D132/><U127/><E127/><V130/><F130/><W133/><G133/><T134/><D134/><U96/><REACH who="1" step="1"/><E50/><REACH who="1" ten="144,247,245,354" step="2"/><V48/><F124/><W21/><G122/><T101/><D79/><U126/><E126/><V16/><F48/><W98/><G120/><T22/><D53/><AGARI ba="0,1" hai="25,29,35,45,49,53,60,61,62,90,92,96,100,102" machi="53" ten="40,12000,1" yaku="1,1,52,3,53,0" doraHai="59" doraHaiUra="8" who="1" fromWho="0" sc="144,-120,247,130,245,0,354,0" />
</Scene>
<Scene>
<INIT seed="5,1,0,4,5,118" ten="24,377,245,354" oya="1" hai0="100,12,49,28,94,37,66,22,126,127,74,82,103" hai1="132,84,70,27,99,53,85,41,1,119,42,13,131" hai2="18,72,31,121,19,60,101,63,90,26,57,110,8" hai3="92,86,4,68,107,33,97,61,11,71,55,125,91"/><U128/><E1/><V34/><F72/><W106/><G33/><T56/><D37/><U10/><E70/><V134/><F110/><W105/><G125/><T44/><D74/><U95/><E119/><V129/><F134/><W69/><G55/><T108/><D108/><U3/><E3/><V62/><F121/><W93/><G61/><T52/><D127/><U122/><E122/><V48/><F101/><W73/><G73/><T54/><D126/><U77/><E53/><V98/><F129/><N who="1" m="49737" /><E27/><V17/><F48/><W51/><G51/><T89/><D66/><U46/><E132/><V79/><F79/><W117/><G117/><T114/><D114/><U81/><E85/><V35/><F35/><W29/><G29/><T32/><D32/><U25/><E25/><V0/><F0/><W24/><G24/><T109/><D109/><U75/><E46/><V64/><F8/><W36/><G36/><T102/><D82/><U7/><E75/><V15/><F15/><W16/><G16/><N who="0" m="10503" /><D28/><U104/><E104/><V50/><F50/><W120/><G120/><T5/><D5/><U9/><E9/><V39/><F39/><W83/><REACH who="3" step="1"/><G97/><REACH who="3" ten="24,377,245,344" step="2"/><N who="0" m="57551" /><D54/><U123/><E123/><V23/><F34/><W43/><G43/><T115/><D115/><U76/><E76/><V58/><F64/><W124/><G124/><T67/><D67/><U130/><E130/><V135/><F135/><W88/><G88/><AGARI ba="1,1" hai="7,10,13,41,42,77,81,84,88,95,99" m="49737" machi="88" ten="30,2900,0" yaku="19,1,54,1" doraHai="118" who="1" fromWho="3" sc="24,0,377,42,245,0,344,-32" />
</Scene>
<Scene>
<INIT seed="5,2,0,1,2,86" ten="24,419,245,312" oya="1" hai0="121,34,47,130,102,87,51,72,25,1,21,27,66" hai1="129,82,111,69,30,22,122,38,133,118,26,8,23" hai2="12,49,120,90,135,67,11,14,110,105,57,5,78" hai3="70,52,103,29,117,68,124,31,59,53,55,46,75"/><U71/><E38/><V17/><F110/><W60/><G75/><T18/><D72/><U92/><E122/><V116/><F105/><W0/><G0/><T39/><D1/><U83/><E118/><V44/><F120/><W95/><G124/><T77/><D121/><U114/><E111/><V4/><F135/><W131/><G131/><T24/><D39/><U7/><E129/><V9/><F78/><W81/><G81/><T104/><D130/><U62/><E114/><V84/><F116/><W100/><G117/><T109/><D109/><U98/><E133/><V96/><F96/><W54/><G46/><T40/><D34/><U16/><E71/><V115/><F115/><W42/><G42/><T79/><D104/><U88/><E62/><V74/><F74/><W28/><REACH who="3" step="1"/><G95/><REACH who="3" ten="24,419,245,302" step="2"/><T45/><D45/><U132/><E132/><V19/><F44/><W80/><G80/><N who="0" m="47503" /><D79/><U3/><REACH who="1" step="1"/><E69/><AGARI ba="2,1" hai="28,29,31,52,53,54,55,59,60,68,69,70,100,103" machi="69" ten="50,3200,0" yaku="1,1,54,1,53,0" doraHai="86" doraHaiUra="125" who="3" fromWho="1" sc="24,0,419,-38,245,0,302,48" />
</Scene>
<Scene>
<INIT seed="6,0,0,4,0,69" ten="24,381,245,350" oya="2" hai0="112,70,84,23,63,118,57,65,91,32,121,35,78" hai1="1,54,108,97,101,41,104,49,11,130,71,119,89" hai2="36,31,62,88,46,28,16,3,66,73,59,24,106" hai3="81,110,98,22,18,39,128,68,85,75,123,94,25"/><V127/><F106/><W102/><G68/><T82/><D121/><U8/><E108/><V122/><F73/><W15/><G123/><T96/><D112/><U120/><E71/><V117/><F3/><W44/><G110/><T135/><D135/><U6/><E119/><V93/><F117/><W51/><G128/><T95/><D118/><U37/><E120/><V34/><F127/><W47/><G75/><T92/><D70/><U5/><E130/><V4/><F4/><W79/><G39/><T30/><D32/><U42/><E37/><V56/><F122/><W26/><REACH who="3" step="1"/><G44/><REACH who="3" ten="24,381,245,340" step="2"/><T0/><D0/><U125/><E125/><V2/><F2/><W111/><G111/><T80/><D35/><U116/><E116/><V86/><F56/><W43/><AGARI ba="0,1" hai="15,18,22,25,26,43,47,51,79,81,85,94,98,102" machi="43" ten="20,5200,0" yaku="1,1,0,1,7,1,8,1,53,0" doraHai="69" doraHaiUra="103" who="3" fromWho="3" sc="24,-13,381,-13,245,-26,340,62" />
</Scene>
<Scene>
<INIT seed="7,0,0,4,5,14" ten="11,368,219,402" oya="3" hai0="44,90,61,48,79,4,54,62,1,82,12,49,46" hai1="106,87,23,100,132,16,129,117,11,134,9,15,92" hai2="70,88,101,123,116,59,80,39,128,28,38,20,40" hai3="8,19,107,97,10,17,27,94,37,21,96,29,98"/><W56/><G107/><T120/><D1/><U131/><E106/><V31/><F70/><W22/><G37/><T109/><D120/><U25/><E117/><V127/><F116/><W33/><G94/><T130/><D130/><N who="1" m="49675" /><E100/><V115/><F59/><W110/><G110/><T76/><D109/><U52/><E52/><V67/><F88/><W85/><G85/><T121/><D121/><U99/><E87/><V104/><F80/><W60/><G33/><T45/><D12/><U72/><E72/><V111/><F67/><N who="3" m="39303" /><G29/><T114/><D54/><U108/><E108/><V26/><F39/><W78/><G78/><T64/><D64/><U73/><E73/><V32/><F38/><W5/><G5/><T103/><D103/><N who="1" m="60903" /><E9/><V95/><F32/><W41/><G41/><T122/><D90/><U2/><E2/><V125/><F40/><W42/><G42/><T65/><D65/><U112/><E112/><V91/><F91/><W119/><G119/><T105/><D105/><U89/><E89/><V93/><F101/><W50/><G50/><T58/><D58/><U68/><E68/><V13/><F111/><W118/><G118/><T36/><D36/><U135/><E135/><V6/><F123/><W30/><G30/><AGARI ba="0,0" hai="11,15,16,23,25,30,132,134" m="60903,49675" machi="30" ten="30,3900,0" yaku="19,1,52,1,54,1" doraHai="14" who="1" fromWho="3" sc="11,0,368,39,219,0,402,-39" owari="11,-49.0,407,51.0,219,-18.0,363,16.0" />
</Scene>
</mjloggm>