<mjloggm ver="2.3"><GO type="169" lobby="0"/><UN n0="%E5%A4%AA%E3%81%8F%E3%81%AA%E3%81%84%E3%81%8A" n1="%E3%81%A9%E3%81%84%EF%BC%8D%E3%82%93" n2="%E3%82%A4%E3%82%B5%E3%82%AD" n3="%74%6E%66%73%68%32%30%34" dan="18,16,17,16" rate="2218.89,2143.27,2158.70,2147.06" sx="M,M,F,M"/><TAIKYOKU oya="0"/>

<Scene>
<INIT seed="0,0,0,4,4,7" ten="250,250,250,250" oya="0" hai0="43,14,9,44,10,70,68,22,54,77,134,83,28" hai1="65,38,86,16,130,23,117,26,116,0,17,35,46" hai2="82,27,94,4,108,135,105,47,42,119,30,69,11" hai3="62,111,113,107,55,2,78,19,34,5,101,61,57"/><T8/><D54/><U92/><E0/><V72/><F105/><W48/><G113/><T40/><D134/><U87/><E130/><V91/><F69/><W115/><G115/><T112/><D112/><U122/><E35/><V6/><F135/><W37/><G37/><T103/><D103/><U125/><E122/><V53/><F53/><W90/><G111/><T126/><D126/><U121/><E121/><V132/><F108/><W39/><G39/><T31/><D14/><U67/><E125/><V100/><F100/><W41/><G78/><T73/><D43/><U124/><E124/><V96/><F119/><W49/><G34/><T71/><REACH who="0" step="1"/><D22/><REACH who="0" ten="240,250,250,250" step="2"/><U29/><E116/><V99/><F132/><W85/><G101/><T133/><D133/><U21/><E117/><V45/><F42/><W120/><G120/><T123/><D123/><U58/><E23/><V89/><F47/><W25/><G49/><AGARI ba="0,1" hai="8,9,10,28,31,40,44,49,68,70,71,73,77,83" machi="49" ten="50,12000,1" yaku="1,1,52,3,53,0" doraHai="7" doraHaiUra="102" who="0" fromWho="3" sc="240,130,250,0,250,0,250,-120" />
</Scene>
<Scene>
<INIT seed="0,1,0,3,3,90" ten="370,250,250,130" oya="0" hai0="46,10,69,100,114,51,67,1,97,83,50,123,102" hai1="88,92,115,29,130,98,4,110,105,111,119,0,120" hai2="85,78,31,26,128,17,86,75,23,2,74,127,79" hai3="53,109,82,106,33,133,116,126,15,8,132,101,112"/><T24/><D114/><U80/><E130/><V71/><F71/><W28/><G116/><T81/><D123/><U94/><E29/><V9/><F128/><W64/><G112/><T57/><D69/><U91/><E115/><V61/><F127/><W47/><G126/><T113/><D113/><U39/><E39/><V72/><F61/><W89/><G64/><T38/><D38/><U44/><E119/><V117/><F117/><W41/><G109/><N who="1" m="41482" /><E120/><V60/><F60/><W49/><G33/><T96/><D24/><U36/><E105/><V108/><F108/><W125/><G28/><T30/><D30/><U76/><E4/><V52/><F2/><W66/><G66/><T134/><D134/><U5/><E5/><V19/><F9/><W93/><G125/><T58/><D1/><U16/><E0/><V73/><F73/><W103/><G82/><T84/><D10/><U122/><E16/><V37/><F37/><W25/><G25/><T35/><D35/><U65/><E65/><V70/><F70/><W12/><G106/><T32/><D32/><U22/><E22/><V3/><F3/><W56/><G132/><T55/><D67/><U14/><E14/><N who="3" m="5162" /><G8/><T68/><D68/><U104/><E104/><V131/><F131/><W40/><G133/><T27/><D27/><U18/><E18/><N who="2" m="6667" /><F78/><W77/><G77/><T135/><D135/><U13/><E122/><V62/><F79/><W118/><G118/><T121/><D121/><U42/><E13/><V87/><F72/><W45/><G41/><T107/><D107/><U6/><E76/><V124/><F124/><RYUUKYOKU ba="1,0" sc="370,-10,250,-10,250,30,130,-10" hai2="23,26,31,52,62,74,75,85,86,87" />
</Scene>
<Scene>
<INIT seed="1,2,0,0,4,96" ten="360,240,280,120" oya="1" hai0="116,99,27,9,132,70,97,102,84,65,34,87,119" hai1="35,103,110,129,79,5,13,108,124,23,82,128,93" hai2="114,1,28,44,130,40,19,7,53,31,20,26,67" hai3="115,2,22,48,54,113,107,125,50,80,21,66,112"/><U81/><E35/><V111/><F67/><W0/><G125/><T78/><D99/><N who="1" m="59887" /><E5/><V24/><F111/><N who="1" m="42537" /><E124/><V39/><F130/><N who="1" m="50281" /><E79/><V33/><F7/><W36/><G107/><T127/><D78/><U59/><E59/><V30/><F33/><W123/><G115/><T133/><D127/><U37/><E37/><V42/><F114/><W95/><G36/><T134/><D34/><U91/><E91/><V121/><F39/><W98/><G112/><T109/><D109/><U56/><E56/><V104/><F1/><W3/><G113/><T25/><D133/><U101/><E101/><V122/><F122/><W12/><G123/><T120/><D120/><U46/><E46/><V43/><F121/><W17/><G0/><T62/><D132/><U4/><E23/><N who="2" m="13439" /><F104/><W14/><G3/><T57/><D57/><U86/><E86/><V49/><AGARI ba="2,0" hai="20,26,28,30,31,40,42,43,44,49,53" m="13439" machi="49" ten="30,1100,0" yaku="8,1" doraHai="96" who="2" fromWho="2" sc="360,-5,240,-7,280,17,120,-5" />
</Scene>
<Scene>
<INIT seed="2,0,0,0,3,54" ten="355,233,297,115" oya="2" hai0="60,131,95,108,10,41,0,42,99,81,65,62,93" hai1="115,97,6,11,79,110,32,19,59,64,125,15,113" hai2="1,52,47,88,86,129,73,70,50,9,114,58,85" hai3="45,109,44,33,38,24,14,94,128,71,132,34,117"/><V7/><F73/><W13/><G117/><T26/><D108/><U78/><E32/><V5/><F70/><W77/><G71/><T84/><D131/><U67/><E110/><V18/><F114/><W43/><G109/><T135/><D135/><U126/><E97/><V30/><F30/><W27/><G77/><T69/><D60/><U46/><E46/><V49/><F129/><W21/><G128/><T91/><D26/><U51/><E67/><V90/><F85/><W116/><G116/><T89/><REACH who="0" step="1"/><D81/><REACH who="0" ten="345,233,297,115" step="2"/><U29/><E113/><V12/><F1/><W61/><G61/><T53/><D53/><N who="1" m="32191" /><E115/><V31/><F31/><W120/><G27/><T4/><AGARI ba="0,1" hai="0,4,10,41,42,62,65,69,84,89,91,93,95,99" machi="4" ten="30,4000,0" yaku="1,1,0,1,53,1" doraHai="54" doraHaiUra="82" who="0" fromWho="0" sc="345,50,233,-10,297,-20,115,-10" />
</Scene>
<Scene>
<INIT seed="3,0,0,3,5,38" ten="395,223,277,105" oya="3" hai0="45,55,36,98,117,126,75,57,41,123,15,135,10" hai1="60,11,43,49,108,106,103,83,16,100,102,67,81" hai2="66,34,5,51,85,69,105,79,72,88,27,114,134" hai3="74,53,92,93,125,65,30,131,8,113,50,14,6"/><W112/><G74/><T54/><D117/><U62/><E106/><V95/><F114/><W124/><G131/><T63/><D123/><U107/><E107/><V59/><F5/><W3/><G65/><T111/><D75/><U80/><E108/><V84/><F134/><W89/><G30/><T71/><D111/><U78/><E78/><V40/><F69/><W70/><G70/><T24/><D135/><U20/><E11/><V23/><F34/><W77/><G77/><T121/><D121/><U32/><E32/><V52/><F105/><W97/><G92/><T116/><D116/><U9/><E9/><V48/><F66/><W119/><G3/><T130/><D130/><U44/><E67/><V82/><F72/><W0/><G0/><T4/><D126/><N who="3" m="48745" /><G119/><T25/><D71/><U86/><E86/><V13/><F13/><AGARI ba="0,0" hai="13,16,20,43,44,49,60,62,80,81,83,100,102,103" machi="13" ten="40,5200,0" yaku="8,1,52,1,54,1" doraHai="38" who="1" fromWho="2" sc="395,0,223,52,277,-52,105,0" />
</Scene>
<Scene>
<INIT seed="4,0,0,1,0,19" ten="395,275,225,105" oya="0" hai0="69,48,99,111,101,107,90,78,97,87,45,95,116" hai1="57,9,102,121,0,64,89,28,20,104,66,61,55" hai2="26,12,73,93,65,131,120,22,84,37,67,33,52" hai3="31,34,38,110,3,7,56,76,96,43,94,42,10"/><T132/><D116/><U92/><E121/><V86/><F73/><W40/><G110/><T24/><D69/><U5/><E104/><V1/><F1/><W14/><G76/><T112/><D112/><U83/><E83/><V126/><F37/><W8/><G56/><T13/><D111/><U77/><E77/><V2/><F2/><W49/><G38/><T125/><D125/><U32/><E32/><V133/><F33/><W113/><G113/><T81/><D132/><U15/><E102/><V16/><F126/><W123/><G123/><T108/><D108/><U128/><E128/><V47/><F131/><W62/><G62/><T27/><REACH who="0" step="1"/><D13/><REACH who="0" ten="385,275,225,105" step="2"/><U50/><E0/><V30/><F133/><W88/><G3/><T75/><D75/><U53/><E28/><V54/><F120/><W106/><G31/><T68/><D68/><U80/><E80/><V103/><F12/><W74/><G74/><T127/><D127/><U46/><REACH who="1" step="1"/><E20/><REACH who="1" ten="385,265,225,105" step="2"/><V17/><F30/><W11/><G34/><T63/><D63/><U41/><E41/><AGARI ba="0,2" hai="24,27,41,45,48,78,81,87,90,95,97,99,101,107" machi="41" ten="30,2900,0" yaku="1,1,7,1,53,0" doraHai="19" doraHaiUra="51" who="0" fromWho="1" sc="385,49,265,-29,225,0,105,0" />
</Scene>
<Scene>
<INIT seed="4,1,0,1,0,88" ten="434,236,225,105" oya="0" hai0="123,81,98,96,7,54,92,10,56,25,11,30,118" hai1="31,108,3,119,39,66,4,51,24,46,94,128,127" hai2="93,116,75,80,37,133,115,60,48,111,110,77,21" hai3="53,71,26,22,42,64,100,112,14,134,76,126,117"/><T35/><D118/><U8/><E39/><V50/><F37/><W85/><G117/><T106/><D123/><U73/><E119/><V18/><F116/><W38/><G112/><T99/><D106/><U2/><E73/><V79/><F115/><W83/><G126/><T15/><D81/><U120/><E3/><V1/><F1/><W129/><G129/><T74/><D74/><U125/><E120/><V36/><F36/><W135/><G14/><T97/><D11/><U49/><E128/><V84/><F133/><W20/><G100/><T0/><D0/><U104/><E104/><V47/><F60/><N who="3" m="40327" /><G53/><T69/><D69/><U61/><E108/><V41/><F50/><W29/><G22/><T90/><REACH who="0" step="1"/><D99/><REACH who="0" ten="424,236,225,105" step="2"/><U58/><E125/><V5/><F111/><W59/><G135/><T43/><D43/><U103/><E127/><V34/><F110/><W9/><G9/><T57/><D57/><U70/><E70/><V52/><F41/><W68/><G59/><T6/><D6/><U121/><E121/><V44/><F5/><W55/><G68/><T33/><D33/><U62/><E46/><V32/><F47/><W89/><G134/><T105/><D105/><U86/><E61/><AGARI ba="1,1" hai="7,10,15,25,30,35,54,56,61,90,92,96,97,98" machi="61" ten="30,5800,0" yaku="1,1,7,1,52,1,53,0" doraHai="88" doraHaiUra="67" who="0" fromWho="1" sc="424,71,236,-61,225,0,105,0" />
</Scene>
<Scene>
<INIT seed="4,2,0,0,1,9" ten="495,175,225,105" oya="0" hai0="90,38,93,72,76,50,47,60,41,33,23,1,115" hai1="102,52,94,135,127,112,2,14,53,42,62,89,25" hai2="46,80,26,37,31,99,133,7,56,122,131,128,27" hai3="18,22,97,36,0,126,86,83,68,17,48,91,28"/><T105/><D33/><U113/><E2/><V103/><F122/><W109/><G36/><T40/><D105/><U104/><E127/><V16/><F133/><W51/><G109/><T88/><D1/><U129/><E135/><V96/><F7/><W70/><G0/><T110/><D110/><U13/><E129/><V35/><F80/><W64/><G126/><T120/><D120/><U32/><E42/><V117/><F117/><W82/><G28/><T74/><D115/><N who="1" m="44107" /><E102/><V43/><F56/><W57/><G97/><T78/><D60/><U134/><E104/><V116/><F116/><W71/><G64/><T132/><D132/><U5/><E5/><V101/><F99/><W61/><G82/><T29/><D38/><U108/><E134/><V111/><F111/><W45/><G17/><T55/><D74/><U66/><E108/><V20/><REACH who="2" step="1"/><F103/><REACH who="2" ten="495,175,215,105" step="2"/><W19/><G45/><T95/><D47/><U123/><E123/><V49/><F49/><W6/><G6/><T118/><D118/><U87/><E32/><V69/><F69/><W12/><G57/><T67/><D50/><U119/><E119/><V84/><F84/><W73/><G61/><T15/><D72/><U21/><E66/><V106/><AGARI ba="2,1" hai="16,20,26,27,31,35,37,43,46,96,101,106,128,131" machi="106" ten="30,4000,0" yaku="1,1,0,1,54,1,53,0" doraHai="9" doraHaiUra="11" who="2" fromWho="2" sc="495,-22,175,-12,215,56,105,-12" />
</Scene>
<Scene>
<INIT seed="5,0,0,4,0,52" ten="473,163,271,93" oya="1" hai0="92,6,82,40,77,84,100,135,101,122,18,49,4" hai1="59,12,80,66,83,60,109,57,105,9,29,37,117" hai2="93,42,65,58,75,50,108,11,78,67,103,119,85" hai3="0,8,110,91,124,19,99,118,74,106,32,41,31"/><U54/><E37/><V22/><F75/><W97/><G110/><T102/><D135/><U53/><E105/><V51/><F119/><W43/><G118/><T69/><D69/><U61/><E117/><V132/><F132/><W27/><G74/><T121/><D18/><U46/><E109/><V112/><F112/><W87/><G124/><T17/><D17/><U95/><E29/><V48/><F42/><W81/><G106/><T90/><D40/><U35/><E35/><V21/><F11/><W10/><G10/><T70/><D70/><U128/><E128/><V134/><F67/><W125/><G125/><T44/><D49/><U28/><E28/><V113/><F113/><W5/><G43/><T104/><D44/><U120/><E120/><N who="0" m="46185" /><D104/><U16/><E95/><V14/><F93/><W62/><G41/><T89/><D89/><U79/><E79/><V7/><F78/><W2/><G2/><T114/><D114/><U115/><E115/><V76/><F76/><W63/><REACH who="3" step="1"/><G19/><REACH who="3" ten="473,163,271,83" step="2"/><T56/><D6/><U111/><E111/><V26/><F7/><W39/><G39/><T25/><D4/><U3/><E3/><V38/><F38/><W30/><G30/><T123/><D123/><U36/><E36/><V47/><F108/><W34/><G34/><T20/><D20/><U64/><E46/><V71/><F134/><W126/><G126/><T133/><D133/><U86/><E86/><V130/><F85/><W96/><AGARI ba="0,1" hai="0,5,8,27,31,32,62,63,81,87,91,96,97,99" machi="96" ten="30,2000,0" yaku="1,1,0,1,53,0" doraHai="52" doraHaiUra="129" who="3" fromWho="3" sc="473,-5,163,-10,271,-5,83,30" />
</Scene>
<Scene>
<INIT seed="6,0,0,5,1,42" ten="468,153,266,113" oya="2" hai0="54,95,135,28,106,33,61,45,51,110,59,27,123" hai1="131,32,127,43,117,12,100,50,112,2,74,98,90" hai2="87,85,114,40,20,64,97,104,91,125,89,122,115" hai3="101,113,14,83,6,75,81,79,63,129,46,128,116"/><V62/><F122/><W21/><G116/><T55/><D106/><U41/><E2/><V84/><F125/><W15/><G101/><T3/><D123/><U38/><E32/><V19/><F40/><W17/><G113/><N who="2" m="43017" /><F97/><W80/><G63/><T118/><D110/><U57/><E117/><V67/><F104/><W77/><G46/><T60/><D118/><U70/><E112/><V86/><F86/><W103/><G103/><T1/><D135/><U23/><E70/><N who="2" m="42263" /><F67/><W72/><REACH who="3" step="1"/><G83/><REACH who="3" ten="468,153,266,103" step="2"/><T47/><D47/><U39/><E100/><V11/><F91/><W22/><G22/><T93/><D60/><U9/><E23/><V88/><F11/><AGARI ba="0,1" hai="6,11,14,15,17,21,72,75,77,79,80,81,128,129" machi="11" ten="40,2600,0" yaku="1,1,9,1,53,0" doraHai="42" doraHaiUra="49" who="3" fromWho="2" sc="468,0,153,0,266,-26,103,36" />
</Scene>
<Scene>
<INIT seed="7,0,0,1,2,103" ten="468,153,240,139" oya="3" hai0="108,57,8,63,134,2,37,83,49,120,114,69,126" hai1="47,96,60,111,71,131,89,15,10,95,84,20,29" hai2="18,81,23,1,66,46,102,90,5,98,109,119,101" hai3="68,24,25,43,77,124,38,40,76,79,133,53,125"/><W3/><G3/><T28/><D28/><U127/><E111/><V39/><F109/><W19/><G68/><T67/><D83/><U92/><E127/><N who="3" m="48714" /><G133/><T51/><D51/><U121/><E121/><V17/><F1/><W70/><G70/><T99/><D99/><U14/><E131/><V30/><F119/><W35/><G38/><T0/><D57/><U78/><E71/><V117/><F39/><W75/><G75/><T32/><D8/><U123/><E123/><V26/><F117/><W122/><G122/><T100/><D100/><N who="1" m="60423" /><E78/><N who="3" m="19970" /><W21/><DORA hai="74" /><G53/><T6/><D63/><U80/><E60/><V16/><F66/><W13/><G35/><T107/><D2/><U55/><E80/><V85/><F102/><W52/><G52/><T87/><D32/><U118/><E118/><V22/><F101/><W11/><G25/><T106/><D67/><U41/><E41/><V64/><F64/><W59/><G59/><T33/><D69/><U44/><E55/><V27/><F26/><W4/><AGARI ba="0,0" hai="4,11,13,19,21,24,40,43" m="19970,48714" machi="4" ten="40,12000,1" yaku="18,1,52,4" doraHai="103,74" who="3" fromWho="3" sc="468,-40,153,-40,240,-40,139,120" />
</Scene>
<Scene>
<INIT seed="7,1,0,5,1,71" ten="428,113,200,259" oya="3" hai0="17,104,10,30,24,16,99,49,117,34,135,106,81" hai1="0,84,96,35,79,101,75,47,94,108,97,91,14" hai2="22,107,61,68,57,119,1,129,86,121,130,88,2" hai3="87,66,110,32,41,54,62,114,7,65,59,77,3"/><W28/><G114/><T53/><D117/><U60/><E0/><V31/><F119/><W85/><G110/><T46/><D135/><U126/><E35/><V102/><F68/><W36/><G32/><T51/><D81/><U103/><E108/><V89/><F121/><W74/><G28/><T29/><D29/><U58/><E47/><V116/><F116/><W133/><G133/><T19/><D99/><U56/><E56/><V120/><F120/><W134/><G134/><T69/><D69/><U21/><E126/><V90/><F86/><W11/><G87/><T128/><D128/><N who="2" m="49258" /><F102/><W9/><G9/><T112/><D112/><U12/><E75/><V64/><F107/><W123/><G85/><T20/><D34/><U23/><E79/><V39/><F39/><W42/><G123/><T122/><D122/><U131/><E131/><V73/><F73/><W72/><G72/><T44/><D10/><U93/><E14/><V43/><F43/><W38/><G42/><T115/><D115/><U26/><E12/><V113/><F113/><W76/><G76/><T55/><AGARI ba="1,0" hai="16,17,19,20,24,30,44,46,49,51,53,55,104,106" machi="55" ten="30,4000,0" yaku="0,1,9,1,54,1" doraHai="71" who="0" fromWho="0" sc="428,43,113,-11,200,-11,259,-21" owari="471,57.0,102,-40.0,189,-21.0,238,4.0" />
</Scene>
</mjloggm>