<mjloggm ver="2.3"><GO type="169" lobby="0"/><UN n0="%E6%96%B0%E9%96%8B%E5%96%84%E6%96%87" n1="%E3%81%B5%E3%81%8B%E3%81%98" n2="%6D%6F%6B%61%2D" n3="%E5%A4%AA%E3%81%8F%E3%81%AA%E3%81%84%E3%81%8A" dan="17,16,16,17" rate="2172.44,2107.91,2100.99,2146.99" sx="F,M,M,M"/><TAIKYOKU oya="0"/>

<Scene>
<INIT seed="0,0,0,5,4,128" ten="250,250,250,250" oya="0" hai0="57,79,105,41,53,34,114,7,78,54,106,72,93" hai1="16,49,71,50,47,31,94,111,51,89,21,120,26" hai2="104,1,118,55,125,67,73,22,63,95,107,25,131" hai3="6,60,108,36,82,99,66,35,9,19,130,133,0"/><T74/><D34/><U46/><E120/><V48/><F131/><W38/><G130/><T5/><D93/><U121/><E121/><V3/><F73/><W28/><G108/><T88/><D57/><U113/><E71/><V58/><F125/><W42/><G19/><T122/><D41/><U134/><E111/><V126/><F126/><W83/><G99/><T77/><D122/><U70/><E70/><V112/><F112/><W135/><G28/><T117/><D78/><U69/><E69/><V39/><F39/><N who="3" m="14891" /><G42/><T132/><D114/><U98/><E113/><V8/><F118/><W75/><G35/><T43/><D43/><U91/><E134/><N who="3" m="51210" /><G75/><T33/><D33/><U100/><E31/><V85/><F85/><W101/><G101/><T2/><D132/><U110/><E110/><V68/><F107/><W14/><G0/><T40/><D40/><U92/><REACH who="1" step="1"/><E100/><REACH who="1" ten="250,240,250,250" step="2"/><V29/><F29/><W17/><G17/><T84/><D117/><U64/><E64/><V96/><F67/><W86/><G86/><AGARI ba="0,1" hai="16,21,26,46,47,49,50,51,86,89,91,92,94,98" machi="86" ten="40,5200,0" yaku="1,1,8,1,54,1,53,0" doraHai="128" doraHaiUra="59" who="1" fromWho="3" sc="250,0,240,62,250,0,250,-52" />
</Scene>
<Scene>
<INIT seed="1,0,0,2,4,65" ten="250,302,250,198" oya="1" hai0="76,115,22,74,13,69,15,127,25,130,61,107,119" hai1="131,27,60,89,50,77,111,95,90,56,88,62,99" hai2="64,28,34,43,112,118,45,134,75,0,120,31,108" hai3="19,26,46,17,132,23,92,35,54,97,29,104,49"/><U37/><E37/><V106/><RYUUKYOKU type="yao9" ba="0,0" sc="250,0,302,0,250,0,198,0" hai2="0,28,31,34,43,45,64,75,106,108,112,118,120,134" />
</Scene>
<Scene>
<INIT seed="1,1,0,4,2,98" ten="250,302,250,198" oya="1" hai0="120,88,31,83,16,49,55,11,43,100,1,75,46" hai1="14,19,82,89,128,80,84,7,85,105,56,113,54" hai2="39,0,66,102,17,117,60,127,45,95,78,90,61" hai3="35,57,6,73,104,111,92,91,122,5,135,115,38"/><U130/><E113/><V64/><F117/><W110/><G104/><T63/><D120/><U58/><E105/><V9/><F127/><W30/><G122/><T4/><D75/><U40/><E40/><V69/><F78/><W114/><G38/><T72/><D72/><U119/><E119/><V126/><F126/><W13/><G73/><T28/><D100/><U53/><E7/><V21/><F39/><W26/><G57/><N who="1" m="22122" /><E130/><V47/><F9/><N who="3" m="4271" /><G6/><T51/><D63/><U33/><E33/><V12/><F0/><W76/><G76/><T25/><D25/><U109/><E109/><N who="3" m="41482" /><G135/><T118/><D118/><U125/><E128/><V15/><F15/><W94/><G94/><T52/><D43/><U23/><E125/><V32/><F32/><W2/><G2/><T87/><REACH who="0" step="1"/><D16/><REACH who="0" ten="240,302,250,198" step="2"/><U50/><E50/><V81/><F102/><W10/><G10/><T67/><D67/><U29/><E29/><V116/><F116/><W27/><G27/><T59/><AGARI ba="1,1" hai="1,4,11,28,31,46,49,51,52,55,59,83,87,88" machi="59" ten="20,8000,1" yaku="1,1,0,1,7,1,54,2,53,0" doraHai="98" doraHaiUra="123" who="0" fromWho="0" sc="240,93,302,-41,250,-21,198,-21" />
</Scene>
<Scene>
<INIT seed="2,0,0,3,0,66" ten="333,261,229,177" oya="2" hai0="33,117,110,94,10,74,78,80,54,122,87,7,0" hai1="24,98,121,2,90,126,18,71,68,130,77,84,129" hai2="59,120,133,55,56,104,23,15,67,102,69,14,1" hai3="105,91,63,93,99,95,73,62,82,9,86,30,41"/><V58/><F120/><W96/><G30/><T57/><D122/><U21/><E121/><V83/><F1/><W19/><G41/><T114/><D114/><U112/><E112/><V47/><F133/><W106/><G9/><T3/><D33/><U101/><E77/><V51/><F83/><W118/><G19/><T28/><D28/><U97/><E2/><V76/><F76/><N who="3" m="44303" /><G62/><T85/><D110/><U36/><E126/><V100/><F104/><N who="3" m="40043" /><G63/><T35/><D3/><U127/><E36/><V5/><F69/><N who="1" m="26697" /><E101/><N who="2" m="39019" /><F67/><W60/><G60/><T64/><D64/><U40/><E40/><V115/><F115/><W48/><G48/><T125/><D125/><U89/><E89/><V108/><F108/><W25/><G25/><T45/><D35/><U113/><E113/><V6/><F23/><W8/><G8/><T4/><D10/><U65/><E65/><V131/><F131/><N who="1" m="50185" /><E127/><V27/><F27/><W11/><G11/><T42/><D0/><U72/><E72/><V92/><F92/><AGARI ba="0,0" hai="18,21,24,84,90,92,97,98" m="50185,26697" machi="92" ten="30,7700,0" yaku="19,1,52,3" doraHai="66" who="1" fromWho="2" sc="333,0,261,77,229,-77,177,0" />
</Scene>
<Scene>
<INIT seed="3,0,0,0,2,110" ten="333,338,152,177" oya="3" hai0="71,88,8,96,80,124,35,102,113,59,28,47,95" hai1="73,1,5,27,104,78,107,24,112,21,72,6,130" hai2="90,55,105,93,133,22,34,12,92,18,108,3,11" hai3="116,62,49,77,132,13,10,69,54,26,135,64,20"/><W56/><G77/><T2/><D71/><U50/><E50/><V7/><F108/><W43/><G116/><T17/><D124/><U31/><E78/><V74/><F105/><W129/><G129/><T97/><D80/><U120/><E21/><V19/><F74/><W83/><G83/><T30/><D47/><U100/><E31/><V51/><F133/><W128/><G128/><T91/><D91/><U36/><E100/><V109/><F109/><W67/><G67/><T122/><D122/><U86/><E86/><V65/><F65/><W52/><G43/><T68/><D68/><U45/><E45/><V61/><F61/><W48/><G20/><T79/><D79/><U66/><E66/><V38/><F38/><W115/><G26/><T29/><D59/><U40/><E40/><V70/><F70/><W114/><G13/><T16/><D35/><U119/><E1/><V37/><F37/><W99/><G10/><T32/><D32/><U23/><E23/><V60/><F60/><W63/><G99/><T41/><D41/><U123/><E36/><V131/><F131/><W125/><G125/><T4/><REACH who="0" step="1"/><D113/><REACH who="0" ten="323,338,152,177" step="2"/><N who="3" m="43017" /><G63/><T126/><D126/><U15/><E112/><V0/><F34/><W39/><G39/><T84/><D84/><U127/><E130/><V101/><F90/><W85/><G85/><T121/><D121/><U81/><E127/><V106/><F101/><W118/><G118/><T58/><D58/><AGARI ba="0,1" hai="48,49,52,54,56,58,62,64,69,132,135" m="43017" machi="58" ten="30,18000,2" yaku="34,2,52,3,54,1" doraHai="110" who="3" fromWho="0" sc="323,-180,338,0,152,0,177,190" />
</Scene>
<Scene>
<INIT seed="3,1,0,1,0,124" ten="143,338,152,367" oya="3" hai0="7,128,30,120,50,56,44,73,85,8,111,76,18" hai1="92,26,135,69,52,57,45,121,60,132,98,70,110" hai2="15,47,43,107,13,95,58,34,119,86,66,14,37" hai3="104,68,79,122,117,83,49,16,84,12,22,113,74"/><W87/><G113/><T67/><D73/><U77/><E121/><V82/><F119/><W72/><G117/><T36/><D36/><U3/><E3/><V94/><F107/><W78/><G122/><T2/><D120/><U89/><E110/><V35/><F66/><W133/><G68/><T129/><D30/><U97/><E77/><V100/><F58/><W103/><G133/><N who="1" m="51274" /><E26/><V101/><F95/><W61/><G61/><N who="0" m="38311" /><D111/><U24/><E24/><V123/><F123/><W112/><G112/><T54/><D18/><U41/><E97/><V108/><F108/><W9/><G104/><T91/><D76/><U51/><AGARI ba="1,0" hai="41,45,51,52,57,60,69,70,89,92,98" m="51274" machi="51" ten="30,2000,0" yaku="20,1,54,1" doraHai="124" who="1" fromWho="1" sc="143,-6,338,23,152,-6,367,-11" />
</Scene>
<Scene>
<INIT seed="4,0,0,3,1,86" ten="137,361,146,356" oya="0" hai0="49,123,132,50,110,118,41,119,79,29,104,2,23" hai1="134,99,39,124,100,61,0,42,28,65,34,103,31" hai2="22,96,4,44,121,25,88,35,3,26,33,78,52" hai3="90,16,30,98,106,70,58,11,43,72,19,85,48"/><T37/><D104/><U62/><E0/><V80/><F121/><W21/><G72/><T53/><D123/><U135/><E124/><V111/><F111/><W77/><G70/><T27/><D2/><U87/><E87/><N who="2" m="48535" /><F3/><W66/><G77/><T47/><D110/><U105/><E100/><V7/><F35/><W76/><G76/><T83/><D132/><N who="1" m="50731" /><E34/><V91/><F33/><W117/><G117/><T32/><D32/><U122/><E122/><V59/><F44/><N who="3" m="25631" /><G98/><T40/><D37/><U84/><E84/><V82/><F82/><N who="3" m="49463" /><G106/><T128/><D128/><U60/><E65/><V102/><F102/><W24/><G11/><T115/><D115/><U94/><E105/><V97/><F26/><W130/><G130/><T92/><D41/><U57/><E57/><V95/><F97/><W10/><G10/><T55/><D40/><U5/><E5/><N who="2" m="2123" /><F96/><W6/><G6/><T51/><D47/><AGARI ba="0,0" hai="28,31,39,42,47,60,61,62,94,99,103" m="50731" machi="47" ten="30,1000,0" yaku="20,1" doraHai="86" who="1" fromWho="0" sc="137,-10,361,10,146,0,356,0" />
</Scene>
<Scene>
<INIT seed="5,0,0,4,0,132" ten="127,371,146,356" oya="1" hai0="48,47,99,89,123,127,95,15,119,114,84,14,6" hai1="58,61,91,10,125,81,37,5,53,117,82,115,90" hai2="96,66,79,93,70,32,67,102,43,86,106,135,101" hai3="20,98,72,41,87,11,131,21,94,39,64,56,24"/><U92/><E117/><V69/><F135/><W29/><G72/><T118/><D114/><U13/><E37/><V59/><F32/><W128/><G87/><T126/><D123/><U26/><E115/><V16/><F43/><W97/><G11/><N who="0" m="4471" /><D99/><N who="1" m="57751" /><E125/><N who="0" m="47625" /><D15/><U51/><E26/><V23/><F102/><W35/><G98/><T62/><D62/><N who="1" m="36175" /><E91/><V28/><F28/><W38/><G29/><T34/><D34/><U17/><E61/><V76/><F106/><W55/><G35/><T54/><AGARI ba="0,0" hai="47,48,54,84,89,95,118,119" m="47625,4471" machi="54" ten="30,7900,0" yaku="18,1,52,3" doraHai="132" who="0" fromWho="0" sc="127,79,371,-39,146,-20,356,-20" />
</Scene>
<Scene>
<INIT seed="6,0,0,0,0,127" ten="206,332,126,336" oya="2" hai0="0,126,51,97,20,43,134,99,91,71,21,77,11" hai1="90,88,129,100,111,121,19,76,50,68,110,26,135" hai2="58,17,83,63,64,133,128,114,48,15,122,35,12" hai3="55,53,46,49,101,7,27,18,59,67,70,66,3"/><V40/><F122/><W14/><G70/><T132/><D71/><U112/><E68/><V116/><F116/><W24/><G101/><T39/><D39/><U125/><E125/><V130/><F35/><W109/><G3/><T65/><D126/><U45/><E121/><V13/><F114/><W118/><G109/><T6/><D65/><N who="3" m="24585" /><G7/><T2/><D2/><U102/><E112/><V25/><F133/><N who="0" m="51306" /><D77/><U8/><E135/><V38/><F38/><W86/><G86/><T85/><D43/><U98/><E76/><V4/><F4/><W37/><G37/><T89/><D51/><U62/><E62/><V42/><F83/><W28/><G28/><T80/><D91/><U44/><E102/><V124/><F124/><W104/><G104/><T23/><AGARI ba="0,0" hai="0,6,11,20,21,23,80,85,89,97,99" m="51306" machi="23" ten="30,1100,0" yaku="20,1" doraHai="127" who="0" fromWho="0" sc="206,11,332,-3,126,-5,336,-3" />
</Scene>
<Scene>
<INIT seed="7,0,0,0,5,65" ten="217,329,121,333" oya="3" hai0="1,32,48,50,2,128,78,49,59,16,110,102,83" hai1="43,17,134,28,114,25,77,55,104,133,61,31,87" hai2="5,63,13,42,92,58,135,71,11,80,51,33,60" hai3="34,36,85,62,57,75,125,12,122,118,10,131,35"/><W96/><G75/><T82/><D32/><U38/><E104/><V74/><F135/><N who="1" m="51721" /><E114/><V44/><F33/><W27/><G118/><T89/><D50/><U53/><E17/><V123/><F123/><W30/><G122/><T15/><D83/><N who="1" m="47599" /><E61/><V86/><F74/><W109/><G36/><T121/><D89/><U116/><E116/><V130/><F130/><W88/><G96/><T0/><D15/><U105/><E105/><V21/><F92/><W67/><G131/><T90/><D59/><U20/><E31/><V14/><F58/><W18/><G109/><T29/><D49/><U72/><E72/><V81/><F81/><W3/><G125/><T7/><D82/><U26/><E26/><V8/><F21/><W124/><G124/><T117/><D102/><U113/><E113/><V56/><F56/><W66/><G3/><T115/><D78/><U84/><E84/><V126/><F126/><W103/><G103/><T54/><D54/><U100/><E100/><V93/><F93/><W68/><G68/><T52/><D110/><U97/><E97/><V101/><F101/><W79/><G79/><T112/><D115/><U19/><E28/><V24/><F24/><W40/><G35/><T91/><D112/><U23/><E23/><V64/><F63/><W69/><G69/><T98/><D121/><U47/><AGARI ba="0,0" hai="19,20,25,38,43,47,53,55" m="47599,51721" machi="47" ten="30,1100,0" yaku="20,1" doraHai="65" who="1" fromWho="1" sc="217,-3,329,11,121,-3,333,-5" owari="214,-19.0,340,44.0,118,-38.0,328,13.0" />
</Scene>
</mjloggm>