<mjloggm ver="2.3"><GO type="169" lobby="0"/><UN n0="%E5%A4%AA%E3%81%8F%E3%81%AA%E3%81%84%E3%81%8A" n1="%E8%B1%86%E7%89%B9%EF%BC%A0%E6%B2%B3%E6%9D%91%E8%BB%8D%E5%9B%A3" n2="%63%79%62%65%72%E9%9B%80%E3%82%B4%E3%83%AD" n3="%E9%A7%84%E5%A6%B9" dan="17,16,16,16" rate="2158.81,2106.05,2078.93,2134.47" sx="M,M,M,F"/><TAIKYOKU oya="0"/>

<Scene>
<INIT seed="0,0,0,0,2,130" ten="250,250,250,250" oya="0" hai0="52,14,128,41,110,127,36,119,131,101,97,35,92" hai1="23,129,115,38,84,79,91,67,10,75,59,0,13" hai2="106,71,1,62,87,72,9,51,83,2,89,90,26" hai3="64,68,20,45,121,25,60,7,63,73,93,86,32"/><T42/><D119/><U116/><E116/><V105/><F72/><W53/><G73/><T104/><D35/><U24/><E38/><V113/><F113/><W82/><G32/><T5/><D127/><U118/><E0/><V12/><F26/><W44/><G121/><T50/><D110/><U80/><E118/><V95/><F51/><W48/><G7/><T27/><D27/><U22/><E115/><V108/><F108/><W11/><G11/><N who="0" m="4463" /><D104/><U40/><E40/><V122/><F122/><W134/><G93/><T109/><D36/><U85/><E129/><N who="0" m="49737" /><D109/><U4/><E75/><V34/><F34/><W103/><G25/><T102/><D102/><U69/><E69/><V18/><F105/><W114/><G103/><T96/><D96/><U54/><E67/><V61/><F106/><W107/><G64/><T58/><AGARI ba="0,0" hai="41,42,50,52,58,92,97,101" m="49737,4463" machi="58" ten="30,3000,0" yaku="19,1,54,1" doraHai="130" who="0" fromWho="0" sc="250,30,250,-10,250,-10,250,-10" />
</Scene>
<Scene>
<INIT seed="0,1,0,3,1,126" ten="280,240,240,240" oya="0" hai0="104,128,21,85,23,86,24,34,131,78,91,57,75" hai1="88,55,125,9,109,25,76,108,28,27,0,22,84" hai2="59,15,58,13,39,117,10,60,4,38,20,118,92" hai3="14,77,36,98,40,127,53,29,101,8,46,83,123"/><T120/><D120/><U31/><E76/><V113/><F113/><W87/><G127/><T82/><D104/><U48/><E125/><V124/><F124/><W43/><G123/><T26/><D34/><U99/><E99/><V12/><F92/><W45/><G29/><T94/><D57/><U95/><E9/><V114/><F114/><W3/><G3/><T69/><D69/><U70/><E0/><V66/><F58/><W122/><G53/><T135/><D135/><U62/><E62/><V2/><REACH who="2" step="1"/><F20/><REACH who="2" ten="280,240,230,240" step="2"/><W71/><G122/><T33/><D33/><U130/><E70/><V1/><F1/><W90/><G71/><T67/><D67/><U81/><E95/><V89/><F89/><W7/><G90/><T73/><D21/><U11/><E22/><V18/><F18/><W51/><REACH who="3" step="1"/><G98/><REACH who="3" ten="280,240,230,230" step="2"/><T105/><D91/><U74/><E88/><V68/><F68/><W102/><AGARI ba="1,2" hai="7,8,14,36,40,43,45,46,51,77,83,87,101,102" machi="102" ten="30,12000,2" yaku="1,1,2,1,0,1,25,2,53,1" doraHai="126" doraHaiUra="72" who="3" fromWho="3" sc="280,-61,240,-31,230,-31,230,143" />
</Scene>
<Scene>
<INIT seed="1,0,0,3,5,59" ten="219,209,199,373" oya="1" hai0="29,46,55,7,112,98,21,38,44,101,114,107,118" hai1="129,0,32,58,93,31,73,39,113,127,74,100,41" hai2="116,37,5,117,69,85,111,72,30,89,102,56,40" hai3="109,20,130,51,25,42,90,133,1,126,105,106,122"/><U48/><E113/><V43/><F72/><W64/><G122/><T22/><D118/><U63/><E0/><V35/><F69/><W2/><G109/><T92/><D7/><U66/><E39/><V4/><F111/><W79/><G79/><T131/><D131/><U80/><E129/><V16/><F102/><W23/><G130/><T57/><D107/><U76/><E127/><V134/><F134/><W104/><G133/><T71/><D71/><U27/><E41/><V61/><F37/><W13/><G126/><T34/><D34/><U70/><E100/><V82/><F43/><W24/><G13/><T86/><D38/><U108/><E108/><V67/><F40/><W87/><G64/><T9/><D9/><U99/><E99/><V36/><F36/><W75/><G75/><T115/><D86/><U45/><E93/><V77/><F77/><W12/><G12/><T18/><D29/><U28/><E28/><V91/><F91/><W65/><G104/><T95/><D95/><U132/><E132/><V33/><F33/><W54/><G105/><T26/><REACH who="0" step="1"/><D21/><REACH who="0" ten="209,209,199,373" step="2"/><U78/><E70/><V3/><F116/><W119/><G119/><T60/><AGARI ba="0,1" hai="18,22,26,44,46,55,57,60,92,98,101,112,114,115" machi="60" ten="30,7900,0" yaku="1,1,2,1,0,1,52,1,53,0" doraHai="59" doraHaiUra="6" who="0" fromWho="0" sc="209,89,209,-39,199,-20,373,-20" />
</Scene>
<Scene>
<INIT seed="2,0,0,0,5,125" ten="298,170,179,353" oya="2" hai0="134,4,3,12,83,73,48,91,123,135,106,10,32" hai1="14,85,74,93,86,108,57,18,36,87,22,40,113" hai2="99,29,8,92,17,27,24,96,43,0,101,119,109" hai3="44,117,11,54,70,13,2,5,78,94,61,97,23"/><V19/><F119/><W59/><G117/><T31/><D106/><U100/><E113/><V39/><F39/><W75/><G70/><T110/><D123/><U76/><E74/><V42/><F0/><W77/><G75/><T80/><D110/><U127/><E108/><V90/><F109/><W129/><G129/><T28/><D48/><U56/><E127/><V55/><F55/><W66/><G2/><T45/><D45/><U122/><E122/><V120/><F120/><W7/><G7/><T121/><D121/><U116/><E116/><V53/><F53/><W81/><G81/><T58/><D58/><N who="1" m="22635" /><E40/><N who="2" m="15403" /><F8/><W118/><G118/><T107/><D107/><U15/><E36/><V124/><F124/><W115/><G115/><T1/><D73/><U47/><E47/><V131/><F131/><W133/><G133/><T26/><D3/><U25/><E76/><V38/><F38/><W20/><G54/><T71/><D71/><U72/><E72/><V6/><F6/><W105/><G105/><T69/><D69/><U60/><E60/><V35/><F27/><W9/><G9/><T30/><D1/><U50/><E50/><V98/><F101/><N who="3" m="60599" /><G44/><T16/><D4/><U89/><E100/><V34/><F34/><W102/><G102/><T68/><D68/><U103/><E103/><V62/><F62/><W88/><G23/><T37/><D37/><U49/><E49/><V104/><F104/><W65/><G20/><T21/><D32/><U114/><E114/><V112/><F112/><W130/><G130/><T64/><D135/><U33/><E33/><V52/><F52/><RYUUKYOKU ba="0,0" sc="298,-15,170,15,179,15,353,-15" hai1="14,15,18,22,25,85,86,87,89,93" hai2="17,19,24,29,35,90,92,96,98,99" />
</Scene>
<Scene>
<INIT seed="2,1,0,4,0,129" ten="283,185,194,338" oya="2" hai0="54,36,10,112,114,17,1,121,31,59,92,88,87" hai1="60,11,26,33,44,35,82,32,2,110,104,53,76" hai2="23,18,46,43,16,66,100,135,84,134,111,120,125" hai3="109,108,101,49,80,14,15,102,6,95,20,34,71"/><V117/><F117/><W105/><G71/><T61/><D121/><U22/><E104/><V103/><F120/><W39/><G34/><T48/><D36/><U116/><E116/><V12/><F66/><W51/><G39/><T42/><D31/><U57/><E110/><V45/><F111/><W124/><G105/><T24/><D1/><U94/><E94/><V65/><F65/><W5/><G95/><T19/><D10/><U131/><E131/><V8/><F84/><W56/><G56/><T86/><D114/><U119/><E119/><V83/><F83/><W7/><G7/><T3/><D3/><U127/><E127/><V89/><F89/><W91/><G91/><N who="0" m="53367" /><D24/><U79/><E11/><V28/><F28/><W96/><G80/><N who="0" m="49255" /><D112/><U72/><E2/><V99/><F125/><W25/><G124/><T74/><D74/><U0/><E0/><V9/><F99/><W62/><G96/><T64/><D42/><U68/><E79/><V90/><F90/><W69/><G69/><T13/><D13/><U47/><REACH who="1" step="1"/><E68/><REACH who="1" ten="283,175,194,338" step="2"/><V40/><F12/><N who="3" m="4651" /><G109/><T52/><D64/><U130/><E130/><V78/><REACH who="2" step="1"/><F23/><REACH who="2" ten="283,175,184,338" step="2"/><W122/><G108/><T29/><D29/><AGARI ba="1,2" hai="22,26,29,32,33,35,44,47,53,57,60,72,76,82" machi="29" ten="40,1300,0" yaku="1,1,53,0" doraHai="129" doraHaiUra="133" who="1" fromWho="0" sc="283,-16,175,36,184,0,338,0" />
</Scene>
<Scene>
<INIT seed="3,0,0,4,1,101" ten="267,211,184,338" oya="3" hai0="114,78,90,32,119,14,130,66,64,88,94,53,123" hai1="132,111,115,33,46,71,56,12,98,25,131,133,75" hai2="99,15,38,45,86,49,129,22,127,110,31,40,21" hai3="118,2,68,3,62,100,102,77,126,52,48,60,36"/><W106/><G118/><T128/><D119/><U13/><E71/><V122/><F122/><W1/><G36/><T80/><D123/><U55/><E75/><V84/><F110/><W43/><G43/><T83/><D32/><U91/><E115/><V0/><F0/><W42/><G42/><T44/><D114/><U29/><E111/><V59/><F127/><W27/><G126/><T11/><D53/><U113/><E46/><V35/><F129/><N who="0" m="49770" /><D44/><U85/><E98/><V76/><F76/><W51/><G77/><T7/><D83/><U109/><E109/><V93/><F35/><W125/><G125/><T79/><D79/><U82/><E113/><V104/><F104/><W74/><G74/><N who="0" m="43095" /><D90/><U58/><E131/><V18/><F59/><W72/><G72/><T73/><D73/><U70/><E70/><V17/><F31/><W92/><G68/><T4/><D7/><U120/><E56/><V117/><F38/><W112/><G112/><T105/><D105/><U39/><E39/><V61/><F61/><W67/><G106/><T124/><D124/><U135/><REACH who="1" step="1"/><E120/><REACH who="1" ten="267,201,184,338" step="2"/><V108/><F108/><W26/><G100/><T28/><D28/><U81/><E81/><V24/><F117/><W134/><G102/><AGARI ba="0,1" hai="15,17,18,21,22,24,40,45,49,84,86,93,99,102" machi="102" ten="30,2000,0" yaku="7,1,8,1" doraHai="101" who="2" fromWho="3" sc="267,0,201,0,184,30,338,-20" />
</Scene>
<Scene>
<INIT seed="4,0,0,3,5,120" ten="267,201,214,318" oya="0" hai0="1,68,104,11,38,92,88,133,79,19,121,27,55" hai1="41,83,43,114,105,33,125,49,107,124,35,103,128" hai2="25,115,123,54,80,82,98,76,31,131,9,47,51" hai3="110,64,40,108,57,91,5,74,14,85,101,15,42"/><T95/><D104/><N who="1" m="40011" /><E103/><V7/><F123/><W81/><G74/><T53/><D121/><U39/><E49/><V87/><F131/><W86/><G101/><T67/><D38/><U3/><E83/><V2/><F98/><W116/><G116/><T72/><D133/><U28/><E28/><V100/><F100/><W45/><G5/><T126/><D126/><N who="1" m="48747" /><E3/><V17/><F17/><W48/><G40/><N who="1" m="15434" /><E39/><V96/><F96/><W71/><G86/><T50/><D50/><U93/><E93/><V20/><F82/><W134/><G134/><T122/><D1/><U69/><E69/><V56/><F115/><W44/><G71/><T75/><D68/><U16/><E128/><V84/><F56/><W32/><G45/><T52/><D122/><U60/><E60/><V59/><F59/><W6/><G57/><T73/><D95/><U111/><E114/><V24/><F24/><W8/><G64/><T4/><D67/><U66/><E66/><V109/><REACH who="2" step="1"/><F87/><REACH who="2" ten="267,201,204,318" step="2"/><W13/><REACH who="3" step="1"/><G32/><REACH who="3" ten="267,201,204,308" step="2"/><N who="1" m="12362" /><E16/><V77/><F77/><W26/><G26/><T62/><D79/><U89/><E89/><V37/><F37/><W117/><G117/><T97/><D19/><U46/><E46/><V10/><F10/><W130/><G130/><T70/><D70/><U22/><E22/><V29/><F29/><W106/><G106/><T61/><D27/><U58/><E58/><V118/><F118/><W112/><G112/><T78/><D78/><U34/><E34/><V36/><F36/><W127/><G127/><T132/><D132/><U23/><E23/><V30/><F30/><W63/><G63/><RYUUKYOKU ba="0,2" sc="267,0,201,0,204,0,308,0" hai0="4,11,52,53,55,61,62,72,73,75,88,92,97" hai1="111" hai2="2,7,9,20,25,31,47,51,54,76,80,84,109" hai3="6,8,13,14,15,42,44,48,81,85,91,108,110" />
</Scene>
<Scene>
<INIT seed="4,1,2,5,1,40" ten="267,201,204,308" oya="0" hai0="56,113,59,123,87,53,81,63,131,98,24,64,39" hai1="51,44,96,80,129,69,95,78,132,52,60,92,118" hai2="19,97,2,17,23,68,117,74,0,84,41,14,107" hai3="83,76,101,106,104,55,130,45,102,57,18,71,72"/><T82/><D123/><U33/><E118/><V86/><F74/><W50/><G71/><T120/><D120/><U85/><E33/><V1/><F68/><W119/><G119/><T8/><D39/><U22/><E129/><V115/><F117/><W34/><G34/><T125/><D131/><U114/><E132/><V10/><F115/><W89/><G130/><T5/><D113/><U122/><E122/><V28/><F28/><W70/><G70/><T43/><D125/><U88/><E114/><V35/><F35/><W58/><G89/><T37/><D24/><U133/><E133/><V73/><F73/><W91/><G91/><T126/><D126/><U46/><E22/><V103/><REACH who="2" step="1"/><F41/><REACH who="2" ten="267,201,194,308" step="2"/><W110/><G72/><T62/><D43/><U99/><E69/><V127/><F127/><W31/><G31/><T54/><D37/><U12/><E12/><AGARI ba="1,3" hai="0,1,2,10,12,14,17,19,23,84,86,97,103,107" machi="12" ten="40,1300,0" yaku="1,1,53,0" doraHai="40" doraHaiUra="3" who="2" fromWho="1" sc="267,0,201,-16,194,46,308,0" />
</Scene>
<Scene>
<INIT seed="5,0,0,0,0,60" ten="267,185,240,308" oya="1" hai0="8,4,46,66,118,2,123,78,81,113,121,34,122" hai1="71,30,64,50,62,88,120,131,77,13,18,94,10" hai2="55,130,125,80,28,72,49,27,35,43,16,96,5" hai3="51,53,111,75,102,104,0,83,11,57,25,103,108"/><U107/><E120/><V86/><F72/><W89/><G25/><T36/><D118/><U84/><E131/><V124/><F130/><W128/><G128/><T116/><D116/><U33/><E107/><V14/><F43/><W48/><G104/><T99/><D113/><U42/><E77/><V97/><F5/><W98/><G0/><T73/><D99/><U109/><E109/><V45/><F124/><W41/><G11/><T24/><D66/><U19/><E30/><V31/><F31/><W114/><G114/><T47/><D36/><U15/><E33/><V22/><REACH who="2" step="1"/><F125/><REACH who="2" ten="267,185,230,308" step="2"/><W90/><G108/><T56/><D34/><U21/><E42/><V135/><F135/><W54/><G41/><T82/><D123/><U117/><E117/><V7/><F7/><W129/><G75/><T39/><D122/><U67/><E71/><V63/><F63/><W26/><G111/><T3/><D121/><U61/><E50/><V37/><F37/><W40/><G40/><T44/><D39/><U9/><E61/><V105/><F105/><W93/><G129/><T29/><D3/><U110/><E110/><V133/><F133/><W132/><G132/><T17/><D29/><U106/><E106/><V12/><F12/><W32/><G48/><T100/><D24/><N who="1" m="14391" /><E62/><V6/><F6/><AGARI ba="0,1" hai="6,9,10,13,15,19,64,67,84,88,94" m="14391" machi="6" ten="30,11600,0" yaku="8,1,52,2,54,1" doraHai="60" who="1" fromWho="2" sc="267,0,185,126,230,-116,308,0" />
</Scene>
<Scene>
<INIT seed="5,1,0,5,1,32" ten="267,311,114,308" oya="1" hai0="48,111,74,46,121,52,18,44,10,63,118,60,49" hai1="42,123,95,96,125,133,84,12,72,7,110,38,3" hai2="100,14,54,109,114,94,57,116,17,69,21,134,28" hai3="117,59,105,108,8,22,103,127,135,85,128,56,55"/><U53/><E123/><V65/><F116/><W101/><G108/><T43/><D111/><U80/><E110/><V87/><F109/><W91/><G105/><T106/><D118/><U40/><E125/><V41/><F134/><W115/><G135/><T51/><D106/><U27/><E133/><V6/><F6/><W39/><G39/><T98/><D74/><U64/><E72/><V62/><F28/><W36/><G36/><T77/><D77/><U13/><E64/><V20/><F41/><W68/><G68/><T113/><D121/><U99/><E27/><V67/><F114/><W82/><G115/><T129/><D113/><U131/><E131/><V73/><F73/><W92/><G127/><T45/><D98/><U16/><E96/><V4/><F4/><W9/><G59/><T93/><D93/><U104/><E104/><V120/><F120/><W23/><G128/><T126/><D126/><U24/><E53/><V2/><F100/><N who="3" m="38475" /><G92/><T79/><D79/><N who="1" m="46111" /><E95/><V83/><F67/><W30/><G117/><T5/><D129/><U119/><E38/><V19/><F94/><W97/><G97/><T102/><D102/><U130/><E99/><V26/><F65/><W78/><G78/><T15/><D5/><U81/><E130/><V47/><F69/><W1/><G1/><T71/><D71/><U132/><E132/><V34/><F34/><W61/><G30/><T11/><D11/><AGARI ba="1,0" hai="8,9,11,22,23,55,56,61,82,85,91" m="38475" machi="11" ten="30,1000,0" yaku="8,1" doraHai="32" who="3" fromWho="0" sc="267,-13,311,0,114,0,308,13" />
</Scene>
<Scene>
<INIT seed="6,0,0,0,2,111" ten="254,311,114,321" oya="2" hai0="86,7,41,29,47,91,39,45,52,120,114,55,103" hai1="25,85,46,54,70,76,115,113,50,83,75,24,109" hai2="1,16,64,23,84,88,124,63,134,81,48,19,118" hai3="6,94,125,12,21,105,100,95,132,127,99,43,0"/><V93/><F118/><W8/><G132/><T44/><D120/><U27/><E109/><V133/><F1/><W22/><G43/><T36/><D103/><U107/><E107/><V126/><F48/><W17/><G22/><T117/><D7/><U56/><E70/><V32/><F32/><W69/><G69/><T101/><D101/><U26/><N who="1" m="6144" /><DORA hai="40" /><U123/><E123/><V53/><F53/><W42/><REACH who="3" step="1"/><G42/><REACH who="3" ten="254,311,114,311" step="2"/><T108/><D41/><U33/><E33/><V5/><F23/><W59/><G59/><T116/><D108/><U79/><E56/><N who="2" m="36967" /><F5/><W90/><G90/><T67/><D117/><U61/><E61/><V72/><F72/><W74/><G74/><T71/><D116/><U122/><E122/><V102/><F102/><W104/><G104/><T13/><D71/><U51/><E51/><V9/><F9/><W38/><G38/><T68/><D39/><U66/><E66/><V65/><F65/><W119/><G119/><T98/><D36/><U4/><E4/><V20/><F20/><W96/><G96/><T60/><D98/><U80/><AGARI ba="0,1" hai="46,50,54,75,76,79,80,83,85,113,115" m="6144" machi="80" ten="50,8000,1" yaku="0,1,52,3" doraHai="111,40" who="1" fromWho="1" sc="254,-20,311,90,114,-40,311,-20" />
</Scene>
<Scene>
<INIT seed="7,0,0,1,2,69" ten="234,401,74,291" oya="3" hai0="105,114,80,82,118,98,9,65,46,15,41,47,34" hai1="62,28,45,39,23,131,56,6,16,109,12,95,106" hai2="124,129,94,38,104,86,93,123,59,115,33,71,130" hai3="84,50,14,53,42,78,72,0,117,128,111,89,125"/><W31/><G0/><T25/><D118/><U134/><E106/><V48/><F33/><W30/><G117/><T49/><D65/><U100/><E109/><V108/><F104/><W22/><G111/><T87/><D114/><U79/><E79/><V10/><F108/><W127/><G78/><T116/><D116/><U5/><E131/><V135/><F10/><W77/><G77/><T3/><D3/><U112/><E134/><V19/><F19/><N who="3" m="10615" /><G42/><T58/><D34/><U81/><E81/><V132/><F86/><W103/><G103/><T133/><D133/><U13/><E112/><V35/><F35/><W7/><G7/><T36/><D58/><U121/><E121/><V2/><F2/><W66/><G66/><T68/><D68/><U75/><E75/><V119/><F115/><W1/><G72/><T55/><D25/><N who="1" m="16447" /><E12/><V73/><F73/><W63/><G63/><T64/><D64/><N who="1" m="38983" /><E5/><V20/><F71/><W37/><G1/><T51/><D51/><U24/><E24/><V126/><F119/><W17/><G50/><T11/><D80/><U74/><E74/><V85/><F85/><W44/><G84/><T107/><D98/><U101/><E100/><V57/><F48/><W88/><G128/><T21/><D21/><U29/><E6/><V8/><F20/><W76/><G76/><T43/><D43/><U83/><E101/><V70/><F70/><W18/><G18/><T67/><D11/><U54/><E83/><V32/><F8/><W110/><G17/><N who="0" m="8431" /><D67/><U96/><E16/><V52/><F32/><W122/><G110/><T92/><D82/><RYUUKYOKU ba="0,0" sc="234,30,401,-10,74,-10,291,-10" hai0="36,41,46,47,49,55,87,92,105,107" owari="264,-14.0,391,50.0,64,-44.0,281,8.0" />
</Scene>
</mjloggm>