<mjloggm ver="2.3"><GO type="169" lobby="0"/><UN n0="%E9%BA%BB%E7%94%9F%E9%9B%80%E5%AD%90" n1="%E3%82%B5%E3%83%B3%E3%83%9E%E9%81%93%E6%A5%BD%E4%BB%A3%E8%A1%A8" n2="%E5%A4%AA%E3%81%8F%E3%81%AA%E3%81%84%E3%81%8A" n3="%E5%AE%AE%E6%9C%AC%E4%BE%86%E5%A4%8F" dan="18,17,17,18" rate="2196.50,2175.31,2194.88,2245.50" sx="F,M,M,F"/><TAIKYOKU oya="0"/>

<Scene>
<INIT seed="0,0,0,1,0,117" ten="250,250,250,250" oya="0" hai0="31,81,64,46,96,76,75,18,54,132,114,0,111" hai1="68,10,23,52,37,121,58,120,90,61,1,36,57" hai2="86,105,122,135,4,79,53,98,13,74,45,89,63" hai3="22,5,42,39,32,40,12,27,77,95,131,123,72"/><T62/><D114/><U33/><E33/><V134/><F4/><W91/><G131/><T78/><D0/><U7/><E68/><V83/><F13/><W118/><G118/><T9/><D132/><N who="2" m="50730" /><F45/><W19/><G39/><T124/><D124/><U66/><E23/><V29/><F29/><W17/><G5/><T8/><D76/><U26/><E26/><V133/><F53/><W99/><G32/><T34/><D96/><U51/><REACH who="1" step="1"/><E90/><REACH who="1" ten="250,240,250,250" step="2"/><V119/><F133/><W11/><G77/><T50/><D111/><U41/><E41/><V115/><F119/><W102/><G91/><T28/><D34/><U2/><E2/><V15/><F115/><W129/><G42/><T116/><D116/><U48/><E48/><V43/><F43/><W59/><G40/><T47/><D8/><U112/><E112/><V108/><F108/><W84/><G11/><T16/><D9/><U71/><E71/><V94/><F15/><W101/><G12/><T69/><REACH who="0" step="1"/><D46/><REACH who="0" ten="240,240,250,250" step="2"/><U73/><E73/><V113/><F113/><W93/><G72/><T97/><D97/><U60/><E60/><V82/><F63/><W14/><G99/><T38/><D38/><AGARI ba="0,2" hai="1,7,10,36,37,38,51,52,57,58,61,66,120,121" machi="38" ten="40,8000,1" yaku="1,1,52,2,54,1,53,0" doraHai="117" doraHaiUra="87" who="1" fromWho="0" sc="240,-80,240,100,250,0,250,0" />
</Scene>
<Scene>
<INIT seed="1,0,0,1,0,116" ten="160,340,250,250" oya="1" hai0="105,38,57,55,32,62,34,76,28,3,126,115,75" hai1="64,11,111,49,46,56,69,16,110,17,134,106,73" hai2="67,129,79,21,22,72,13,101,90,4,77,51,99" hai3="63,107,15,96,0,53,29,23,36,10,123,78,35"/><U133/><E73/><V14/><F129/><W42/><G35/><T83/><D115/><U25/><E106/><V41/><F67/><W132/><G0/><T80/><D126/><U12/><E69/><V87/><F72/><W52/><G78/><T113/><D113/><U127/><E127/><V44/><F21/><W120/><G132/><N who="1" m="50794" /><E25/><V92/><F13/><W93/><G107/><T95/><D105/><U70/><E70/><V7/><F7/><W89/><G42/><T131/><D3/><U18/><E64/><V5/><F5/><W109/><G36/><T71/><D71/><U119/><E56/><V65/><F65/><W19/><G109/><N who="1" m="41482" /><E119/><V48/><F48/><W66/><G66/><T114/><D38/><U61/><E61/><V68/><F68/><W108/><G108/><T26/><D114/><U54/><AGARI ba="0,0" hai="11,12,16,17,18,46,49,54" m="41482,50794" machi="54" ten="30,11700,0" yaku="20,1,14,1,10,1,54,1" doraHai="116" who="1" fromWho="1" sc="160,-39,340,117,250,-39,250,-39" />
</Scene>
<Scene>
<INIT seed="1,1,0,4,3,16" ten="121,457,211,211" oya="1" hai0="66,128,130,60,15,118,119,124,36,111,54,35,134" hai1="31,61,85,33,24,115,133,23,71,30,45,46,55" hai2="90,83,89,22,75,17,26,109,63,104,112,48,50" hai3="69,65,62,131,132,86,84,129,42,88,127,106,97"/><U34/><E115/><V20/><F104/><W14/><G132/><T10/><D35/><U18/><E133/><V0/><F0/><W37/><G127/><T73/><D73/><U78/><E71/><V120/><F120/><W123/><G123/><T108/><D134/><U9/><E9/><V21/><F112/><W6/><G42/><T52/><D36/><U92/><E34/><V68/><F109/><N who="0" m="42058" /><D15/><U125/><E125/><V64/><F89/><W114/><G37/><T57/><D10/><U5/><E5/><V3/><F3/><W32/><G32/><T99/><D99/><U101/><E78/><V121/><F121/><W40/><G40/><T11/><D11/><U93/><E93/><V126/><F126/><W44/><G44/><N who="1" m="17002" /><E33/><V82/><F82/><W100/><G114/><T102/><D102/><U51/><E61/><V91/><F91/><W38/><G38/><T8/><D8/><U77/><E77/><V27/><F75/><W25/><G6/><T41/><D41/><U117/><E117/><N who="0" m="44553" /><D124/><U49/><E85/><V39/><F39/><W2/><G84/><T79/><D79/><U103/><E103/><V135/><F135/><W43/><G43/><T80/><D80/><U105/><E105/><V116/><F116/><W67/><G2/><T59/><D66/><U96/><E55/><V19/><F21/><W110/><G67/><T13/><D13/><U72/><E72/><V47/><F47/><W122/><G14/><T81/><D81/><U95/><E92/><V28/><F64/><W76/><G76/><T53/><D53/><U58/><E58/><RYUUKYOKU ba="1,0" sc="121,15,457,15,211,-15,211,-15" hai0="52,54,57,59,60,128,130" hai1="18,23,24,30,31,49,51,95,96,101" />
</Scene>
<Scene>
<INIT seed="1,2,0,1,0,119" ten="136,472,196,196" oya="1" hai0="49,18,133,74,38,19,8,55,53,12,30,129,54" hai1="1,99,13,2,29,37,21,59,73,113,124,5,75" hai2="34,10,67,51,89,123,6,135,41,60,58,25,9" hai3="127,115,64,39,92,35,11,101,7,88,76,116,84"/><U118/><E118/><V117/><F117/><W96/><G116/><T100/><D38/><U36/><E113/><V26/><F135/><W107/><G115/><T110/><D133/><U68/><E59/><V81/><F34/><W22/><G35/><T94/><D74/><N who="1" m="28171" /><E99/><V47/><F123/><W111/><G39/><N who="1" m="14922" /><E29/><V104/><F104/><W106/><G127/><T83/><D30/><U87/><E87/><N who="2" m="50415" /><F6/><W85/><G64/><T105/><D105/><U52/><E52/><N who="0" m="20073" /><D129/><U95/><E95/><V134/><F134/><W70/><G70/><T82/><D19/><U103/><E103/><V71/><F71/><W108/><G22/><T42/><D42/><U77/><E68/><V28/><F28/><W3/><G106/><T121/><D121/><U4/><E124/><V50/><F50/><W131/><G131/><T66/><D66/><U130/><E130/><V86/><F86/><W112/><G112/><T15/><D100/><U97/><E97/><V114/><F114/><W90/><REACH who="3" step="1"/><G76/><REACH who="3" ten="136,472,196,186" step="2"/><T45/><D110/><U17/><E77/><V126/><F126/><W57/><G57/><T63/><D63/><U14/><E21/><V98/><F58/><W20/><G20/><N who="0" m="11335" /><D94/><AGARI ba="2,1" hai="3,7,11,84,85,88,90,92,94,96,101,107,108,111" machi="94" ten="40,8000,1" yaku="1,1,9,1,54,1,53,2" doraHai="119" doraHaiUra="80" who="3" fromWho="0" sc="136,-86,472,0,196,0,186,96" />
</Scene>
<Scene>
<INIT seed="2,0,0,0,2,119" ten="50,472,196,282" oya="2" hai0="28,44,34,11,16,35,72,20,1,121,133,105,126" hai1="70,108,38,26,36,47,106,24,74,6,15,109,32" hai2="111,14,54,59,122,131,45,51,104,115,99,125,31" hai3="97,113,73,41,2,21,112,49,50,85,130,83,30"/><V116/><F116/><W89/><G2/><T43/><D105/><U67/><E74/><V62/><F115/><N who="3" m="44107" /><G130/><T40/><D72/><U29/><E24/><V5/><F131/><W68/><G68/><T27/><D43/><U98/><E6/><V48/><F125/><W66/><G66/><T127/><D40/><U0/><E15/><V71/><F31/><W77/><G41/><T25/><D44/><U78/><E78/><V7/><F111/><N who="1" m="42569" /><E47/><V81/><F14/><W132/><G97/><T52/><D52/><U63/><E0/><V4/><F45/><W87/><G132/><T91/><D133/><U88/><E88/><V134/><F134/><W61/><G61/><T19/><D91/><U55/><E55/><V103/><F81/><N who="3" m="47535" /><G73/><T9/><D1/><U69/><E69/><V13/><F13/><W95/><G95/><T96/><D96/><U86/><E86/><V120/><REACH who="2" step="1"/><F51/><REACH who="2" ten="50,472,186,282" step="2"/><W123/><G50/><T90/><D28/><U93/><E38/><V58/><F58/><W56/><G49/><T37/><D37/><U110/><E36/><V79/><F79/><W124/><G56/><T129/><D129/><U60/><E110/><V33/><F33/><W102/><G124/><T84/><D126/><U80/><E29/><V17/><F17/><W76/><G30/><T101/><D127/><U57/><E57/><V42/><F42/><W107/><G76/><T117/><D117/><U8/><E32/><V100/><F100/><W10/><G102/><T94/><D101/><U82/><E70/><V53/><F53/><W135/><G135/><T92/><D34/><RYUUKYOKU ba="0,1" sc="50,-10,472,-10,186,30,282,-10" hai2="4,5,7,48,54,59,62,71,99,103,104,120,122" />
</Scene>
<Scene>
<INIT seed="2,1,1,4,5,7" ten="40,462,216,272" oya="2" hai0="125,23,134,94,126,109,62,46,89,55,107,122,68" hai1="102,10,38,113,31,106,99,1,41,84,117,81,80" hai2="90,20,118,129,73,123,78,43,16,22,119,42,6" hai3="116,100,65,61,39,8,135,130,56,120,44,108,128"/><V59/><F123/><W71/><G100/><T36/><D107/><U105/><E117/><V75/><F6/><W97/><G97/><T92/><D122/><U21/><E105/><V4/><F4/><W87/><G87/><T5/><D109/><U85/><E113/><V53/><F90/><W40/><G120/><T19/><D134/><U115/><E115/><V49/><F129/><N who="3" m="49771" /><G116/><T88/><D5/><U124/><E10/><V60/><F22/><W9/><G108/><T28/><D28/><U121/><E1/><V83/><F73/><W2/><G2/><T33/><D33/><U127/><E121/><V79/><F79/><W32/><G32/><T57/><D68/><U35/><E35/><V110/><F110/><W69/><G135/><T63/><D63/><U0/><E0/><V86/><F75/><W34/><G34/><T66/><D92/><U24/><E84/><V95/><F95/><W114/><G114/><T14/><D89/><U26/><E26/><V77/><F77/><W103/><G103/><T93/><D93/><U67/><E81/><V64/><F118/><W111/><G111/><T132/><D132/><U48/><E38/><V58/><REACH who="2" step="1"/><F119/><REACH who="2" ten="40,462,206,272" step="2"/><W3/><G3/><T15/><D14/><AGARI ba="1,2" hai="14,16,20,42,43,49,53,58,59,60,64,78,83,86" machi="14" ten="30,18000,2" yaku="1,1,2,1,7,1,8,1,54,1,53,1" doraHai="7" doraHaiUra="45" who="2" fromWho="0" sc="40,-183,462,0,206,203,272,0" owari="-143,-64.0,462,56.0,409,21.0,272,-13.0" />
</Scene>
</mjloggm>