<mjloggm ver="2.3"><GO type="169" lobby="0"/><UN n0="%E5%A4%AA%E3%81%8F%E3%81%AA%E3%81%84%E3%81%8A" n1="%E8%99%8E%E7%8D%85%E3%81%8F%E3%82%93" n2="%E5%8F%97%E3%81%91%E5%B8%AB" n3="%E3%82%84%E3%81%BE%E3%83%BC%E3%82%93" dan="18,16,17,16" rate="2181.02,2058.68,2146.16,2080.52" sx="M,M,M,M"/><TAIKYOKU oya="0"/>

<Scene>
<INIT seed="0,0,0,5,5,77" ten="250,250,250,250" oya="0" hai0="115,7,4,127,59,120,23,45,41,17,130,58,109" hai1="8,39,93,105,10,72,64,0,24,11,40,51,85" hai2="125,87,83,79,6,117,49,37,25,96,104,34,3" hai3="119,29,113,67,35,80,73,14,92,134,97,42,133"/><T26/><D115/><U118/><E105/><V94/><F37/><W38/><G113/><T98/><D120/><U84/><E72/><V61/><F104/><W68/><G119/><T112/><D112/><U19/><E39/><V121/><F125/><W50/><G38/><T43/><D127/><U66/><E0/><V47/><F121/><W48/><G14/><T82/><D130/><U86/><E93/><V63/><F117/><W28/><G42/><N who="0" m="15883" /><D45/><N who="1" m="26023" /><E118/><V78/><F78/><N who="3" m="44111" /><G68/><T36/><D36/><U46/><E46/><V15/><F3/><W107/><G67/><N who="1" m="25642" /><E24/><V108/><F108/><W9/><G107/><T75/><D75/><U135/><E135/><N who="3" m="51722" /><G35/><T101/><D109/><U27/><E27/><V56/><F47/><W44/><G44/><T88/><D101/><U91/><E91/><N who="2" m="55391" /><F25/><W81/><G29/><T32/><D32/><U95/><E95/><V89/><F89/><W18/><G28/><T128/><D128/><U22/><E22/><V124/><F34/><W122/><G122/><T126/><D126/><U69/><E69/><V1/><F1/><W131/><G131/><T74/><D74/><U20/><E20/><V90/><F79/><W62/><G9/><T106/><D106/><U53/><E53/><N who="2" m="31791" /><F124/><W60/><G18/><AGARI ba="0,0" hai="8,10,11,18,19,84,85,86" m="25642,26023" machi="18" ten="40,1300,0" yaku="8,1" doraHai="77" who="1" fromWho="3" sc="250,0,250,13,250,0,250,-13" />
</Scene>
<Scene>
<INIT seed="1,0,0,5,1,35" ten="250,263,250,237" oya="1" hai0="11,68,18,45,39,87,32,120,86,40,132,0,135" hai1="93,17,119,49,1,46,110,89,115,13,44,58,118" hai2="43,92,47,51,91,90,10,52,29,66,12,73,106" hai3="70,65,5,81,103,22,3,54,30,97,123,19,28"/><U95/><E115/><V34/><F106/><W75/><G123/><T122/><D32/><U130/><E130/><V41/><F73/><W112/><G112/><T133/><D68/><U124/><E124/><V53/><F66/><W113/><G113/><T64/><D64/><U74/><E74/><V99/><F34/><W83/><G70/><T60/><D60/><U55/><E110/><V38/><F38/><W98/><G98/><T129/><D129/><U114/><E114/><V96/><F29/><W84/><G75/><T131/><D131/><U82/><E1/><V67/><F67/><W134/><G134/><T107/><D107/><U72/><E72/><V105/><F43/><W126/><G54/><T15/><REACH who="0" step="1"/><D0/><REACH who="0" ten="240,263,250,237" step="2"/><U37/><E118/><V20/><F105/><W88/><G65/><T111/><D111/><U101/><E119/><V14/><F20/><W125/><G126/><T62/><D62/><U121/><E121/><AGARI ba="0,1" hai="11,15,18,39,40,45,86,87,120,121,122,132,133,135" machi="121" ten="50,6400,0" yaku="1,1,13,1,20,1,53,0" doraHai="35" doraHaiUra="33" who="0" fromWho="1" sc="240,74,263,-64,250,0,237,0" />
</Scene>
<Scene>
<INIT seed="2,0,0,1,4,118" ten="314,199,250,237" oya="2" hai0="72,77,96,51,28,89,13,97,1,81,23,74,106" hai1="62,8,90,22,38,76,54,27,48,116,40,103,9" hai2="94,127,78,108,25,114,32,88,86,65,109,29,46" hai3="16,126,111,24,80,19,41,92,56,131,55,124,84"/><V100/><F114/><W66/><G111/><N who="2" m="42569" /><F127/><N who="3" m="48683" /><G131/><T31/><D1/><U26/><E38/><V67/><F78/><N who="3" m="46103" /><G24/><T121/><D74/><U17/><E76/><V50/><F100/><W75/><G75/><T123/><D51/><U107/><E103/><V39/><F39/><W15/><G41/><AGARI ba="0,0" hai="25,29,32,41,46,50,65,67,86,88,94" m="42569" machi="41" ten="30,5800,0" yaku="14,1,10,1,54,1" doraHai="118" who="2" fromWho="3" sc="314,0,199,0,250,58,237,-58" />
</Scene>
<Scene>
<INIT seed="2,1,0,0,1,7" ten="314,199,308,179" oya="2" hai0="52,79,62,93,96,102,68,5,23,130,129,50,4" hai1="16,44,73,89,87,63,27,66,8,48,3,90,69" hai2="126,72,55,58,82,71,30,94,1,88,83,78,92" hai3="45,99,32,103,115,133,76,49,22,112,67,20,21"/><V114/><F71/><W36/><G133/><T6/><D79/><U24/><E73/><V46/><F114/><N who="3" m="43563" /><G32/><T122/><D122/><U123/><E123/><V135/><F126/><W14/><G67/><T2/><D23/><U9/><E3/><V17/><F1/><W10/><G76/><T74/><D74/><U31/><E90/><V97/><F30/><W61/><G61/><T29/><D29/><U104/><E104/><V91/><F83/><W80/><G36/><T85/><D85/><U43/><E16/><V64/><F135/><W18/><G80/><T101/><D101/><U42/><E42/><V81/><F82/><W113/><N who="3" m="43571" /><W40/><DORA hai="107" /><G22/><T60/><D2/><U12/><E12/><V110/><F110/><W120/><G120/><T118/><D118/><U51/><E51/><V119/><F17/><W0/><G0/><T65/><REACH who="0" step="1"/><D62/><REACH who="0" ten="304,199,308,179" step="2"/><U11/><REACH who="1" step="1"/><E31/><REACH who="1" ten="304,189,308,179" step="2"/><V77/><F72/><W41/><G41/><T116/><D116/><U59/><E59/><AGARI ba="1,2" hai="4,5,6,50,52,59,60,65,68,93,96,102,129,130" machi="59" ten="40,5200,0" yaku="1,1,54,1,53,1" doraHai="7,107" doraHaiUra="35,95" who="0" fromWho="1" sc="304,75,189,-55,308,0,179,0" />
</Scene>
<Scene>
<INIT seed="3,0,0,2,2,135" ten="379,134,308,179" oya="3" hai0="120,96,56,35,103,70,33,75,111,54,10,64,131" hai1="20,38,115,114,13,27,79,112,17,84,73,52,62" hai2="108,11,110,117,48,78,28,4,9,109,63,55,7" hai3="106,53,119,129,41,66,71,95,107,40,93,113,12"/><W5/><G119/><T1/><D120/><U26/><E38/><V94/><F117/><W128/><G5/><N who="2" m="2121" /><F78/><W85/><G85/><T0/><D75/><U82/><REACH who="1" step="1"/><E73/><REACH who="1" ten="379,124,308,179" step="2"/><V97/><F109/><W34/><G113/><T100/><D111/><U24/><E24/><V58/><F108/><W105/><G34/><T57/><D33/><U86/><E86/><V21/><F110/><W45/><G53/><T47/><D35/><U8/><E8/><V92/><F9/><W2/><G12/><T104/><D10/><U133/><E133/><V43/><F11/><W126/><G2/><T89/><D54/><U46/><E46/><V15/><F15/><W122/><G45/><T39/><D0/><U134/><E134/><V130/><F55/><W44/><G44/><T67/><D1/><U51/><E51/><V65/><F48/><W116/><G122/><T18/><D39/><U74/><E74/><V37/><F37/><W22/><G116/><T91/><D47/><U80/><E80/><V121/><F121/><W99/><G40/><T124/><D64/><U19/><E19/><V83/><F83/><W50/><G50/><T68/><D18/><U3/><E3/><V49/><F49/><W36/><G41/><T14/><D67/><U6/><E6/><V81/><F81/><W118/><G118/><T123/><D123/><U69/><E69/><V25/><F43/><W77/><G36/><T23/><D14/><U87/><E87/><V30/><F65/><W16/><G66/><T31/><D68/><U132/><E132/><V88/><F25/><W59/><G71/><RYUUKYOKU ba="0,1" sc="379,-10,124,30,308,-10,179,-10" hai1="13,17,20,26,27,52,62,79,82,84,112,114,115" />
</Scene>
<Scene>
<INIT seed="4,1,1,5,1,60" ten="369,154,298,169" oya="0" hai0="16,95,91,108,114,104,119,6,81,46,96,20,2" hai1="3,64,99,45,29,26,51,5,121,109,128,12,123" hai2="48,102,133,127,134,43,53,27,31,85,100,84,10" hai3="110,131,75,70,55,107,135,88,67,41,61,94,14"/><T23/><D119/><U38/><E109/><V35/><F43/><W97/><G110/><T93/><D108/><U17/><E38/><V130/><F130/><W40/><G131/><T49/><D114/><U52/><E128/><V118/><F127/><W126/><G126/><T8/><D104/><U47/><E99/><V120/><F120/><W72/><G135/><N who="2" m="51721" /><F10/><W86/><G55/><T13/><D81/><U7/><E45/><N who="2" m="27791" /><F118/><W125/><G125/><T92/><REACH who="0" step="1"/><D23/><REACH who="0" ten="359,154,298,169" step="2"/><N who="1" m="15583" /><E121/><V66/><F35/><W73/><REACH who="3" step="1"/><G14/><REACH who="3" ten="359,154,298,159" step="2"/><T101/><D101/><AGARI ba="1,3" hai="40,41,61,67,70,72,73,75,86,88,94,97,101,107" machi="101" ten="40,8000,1" yaku="1,1,2,1,52,1,54,1,53,0" doraHai="60" doraHaiUra="25" who="3" fromWho="0" sc="359,-83,154,0,298,0,159,113" />
</Scene>
<Scene>
<INIT seed="5,0,0,2,3,123" ten="276,154,298,272" oya="1" hai0="80,107,0,10,130,92,115,35,127,14,51,55,128" hai1="79,47,96,9,11,65,33,131,43,129,42,6,4" hai2="121,59,8,95,84,100,81,1,15,108,106,122,60" hai3="52,13,36,21,113,71,94,22,63,77,135,28,16"/><U87/><E33/><V31/><F108/><W99/><G36/><T116/><D107/><U76/><E65/><V34/><F1/><W54/><G113/><T75/><D116/><U126/><E96/><V78/><F106/><W57/><G135/><T46/><D0/><U104/><E104/><V53/><F34/><W26/><G71/><T132/><D35/><U70/><E70/><V45/><F31/><W29/><G77/><N who="1" m="29770" /><E87/><V98/><REACH who="2" step="1"/><F45/><REACH who="2" ten="276,154,288,272" step="2"/><W97/><G29/><T25/><D46/><U17/><E126/><V118/><F118/><W110/><G110/><T32/><D32/><U7/><E47/><V62/><F62/><W30/><G28/><T64/><D127/><U3/><E3/><V134/><F134/><W24/><G99/><T120/><D132/><U23/><E129/><V102/><F102/><N who="3" m="60727" /><G13/><T72/><D130/><U44/><E131/><V73/><F73/><W82/><G82/><T91/><D80/><U90/><E44/><V125/><F125/><W67/><AGARI ba="0,1" hai="16,21,22,24,26,30,52,54,57,63,67" m="60727" machi="67" ten="30,7900,0" yaku="25,1,8,1,54,2" doraHai="123" who="3" fromWho="3" sc="276,-20,154,-39,288,-20,272,89" />
</Scene>
<Scene>
<INIT seed="6,0,0,2,2,131" ten="256,115,268,361" oya="2" hai0="92,52,111,116,122,88,21,132,73,4,26,108,39" hai1="135,127,80,114,47,58,96,37,72,66,7,65,82" hai2="1,48,68,11,112,31,69,61,42,118,67,119,44" hai3="30,32,109,98,56,83,105,77,0,70,91,60,89"/><V85/><F69/><W75/><G0/><T93/><D122/><U78/><E114/><V87/><F112/><W79/><G79/><T43/><D73/><U49/><E127/><V62/><F31/><W5/><G5/><T63/><D4/><U125/><E125/><V106/><F106/><W8/><G8/><T41/><D93/><U18/><E37/><V2/><F62/><W38/><G109/><T113/><D113/><U54/><E7/><V51/><F11/><W110/><G110/><T3/><D3/><U59/><E72/><V53/><F1/><W24/><G56/><N who="0" m="35207" /><D116/><U120/><E120/><V19/><F19/><W71/><G71/><T99/><D132/><U128/><E128/><V22/><F22/><W10/><G10/><T90/><D90/><U115/><E115/><V103/><F103/><N who="3" m="62711" /><G38/><T27/><D27/><U126/><E126/><V46/><REACH who="2" step="1"/><F2/><REACH who="2" ten="256,115,258,361" step="2"/><W102/><G102/><T76/><D108/><U64/><E18/><V6/><F6/><W45/><G70/><T28/><D111/><U107/><E107/><V33/><F33/><W81/><G60/><T123/><D123/><U95/><E135/><V16/><F16/><W117/><G32/><T35/><D35/><U29/><E29/><V100/><F100/><W133/><G30/><T40/><D28/><U129/><E129/><V13/><F13/><W23/><G133/><T14/><D14/><U101/><E78/><V15/><F15/><W36/><G23/><T86/><D21/><U50/><E50/><V130/><F130/><W124/><G124/><T94/><D39/><U25/><E25/><RYUUKYOKU ba="0,1" sc="256,-15,115,15,258,15,361,-15" hai1="47,49,54,58,59,64,65,66,80,82,95,96,101" hai2="42,44,46,48,51,53,61,67,68,85,87,118,119" />
</Scene>
<Scene>
<INIT seed="6,1,1,4,1,65" ten="241,130,273,346" oya="2" hai0="112,83,39,123,27,97,78,79,21,119,45,0,32" hai1="131,133,40,124,72,4,1,104,13,48,5,81,68" hai2="77,113,2,105,20,22,37,89,54,24,88,6,12" hai3="33,8,63,103,130,43,56,122,38,44,84,87,99"/><V100/><F2/><W106/><G122/><T9/><D123/><U82/><E104/><V60/><F37/><W76/><G130/><T62/><D32/><U121/><E121/><V92/><F105/><W30/><G76/><T70/><D112/><U25/><E131/><V69/><F77/><W19/><G8/><T108/><D108/><U135/><E1/><V64/><F54/><W52/><REACH who="3" step="1"/><G19/><REACH who="3" ten="241,130,273,336" step="2"/><T98/><D78/><N who="1" m="44231" /><E124/><V55/><F113/><W59/><G59/><T110/><D9/><U14/><E68/><V91/><F69/><W101/><G101/><T23/><D79/><U51/><E40/><V86/><F100/><W74/><G74/><T34/><D70/><U41/><E41/><V57/><F6/><W94/><G94/><T102/><D102/><U3/><E82/><V90/><F92/><W114/><G114/><T58/><D83/><U73/><E73/><V7/><F57/><W75/><G75/><T29/><D58/><U28/><E5/><V26/><F7/><W126/><G126/><T10/><D10/><N who="1" m="4295" /><E14/><V47/><F12/><W15/><G15/><T71/><D0/><U96/><E3/><V66/><F90/><W116/><G116/><T118/><D118/><U85/><E85/><V93/><F88/><W115/><G115/><T42/><D119/><U107/><E107/><V134/><F89/><W46/><G46/><T120/><D120/><U125/><E125/><V16/><F47/><W129/><G129/><T31/><D71/><U95/><E95/><V128/><F128/><W49/><G49/><N who="1" m="19018" /><E96/><V18/><F86/><W36/><G36/><RYUUKYOKU ba="1,2" sc="241,-15,130,15,273,-15,336,15" hai1="25,28,133,135" hai3="30,33,38,43,44,52,56,63,84,87,99,103,106" />
</Scene>
<Scene>
<INIT seed="7,2,2,3,3,51" ten="226,145,258,351" oya="3" hai0="19,116,58,97,62,74,23,48,56,27,33,71,88" hai1="25,79,50,104,73,112,44,91,125,34,11,49,30" hai2="37,3,21,32,131,17,10,41,66,29,81,2,101" hai3="118,45,120,67,102,110,39,40,132,78,115,122,38"/><W76/><G118/><T7/><D74/><U20/><E104/><V114/><F10/><W111/><G115/><T26/><D116/><U90/><E112/><V100/><F66/><W103/><G132/><T61/><D7/><U127/><E34/><V15/><F81/><W12/><G67/><N who="0" m="39351" /><D33/><U6/><E125/><V77/><F77/><W75/><G12/><N who="0" m="9703" /><D48/><U68/><E68/><V69/><F17/><W0/><G40/><T134/><D71/><U64/><E64/><V85/><F21/><W107/><G45/><T72/><D72/><U93/><E127/><V135/><F15/><W55/><G102/><T52/><D134/><U106/><E106/><V99/><F100/><W24/><G24/><T86/><D97/><U80/><E93/><AGARI ba="2,2" hai="26,27,52,56,62,86,88,93" m="9703,39351" machi="93" ten="30,7700,0" yaku="8,1,52,1,54,2" doraHai="51" who="0" fromWho="1" sc="226,103,145,-83,258,0,351,0" owari="329,13.0,62,-44.0,258,-14.0,351,45.0" />
</Scene>
</mjloggm>