<mjloggm ver="2.3"><GO type="169" lobby="0"/><UN n0="%E4%B8%8D%E8%81%B4%E7%89%8C%E3%83%AA%E3%83%BC%E3%83%81" n1="%E3%82%AE%E3%82%BF%E3%83%AB%E3%83%9E" n2="%E9%A7%84%E5%A6%B9" n3="%E5%A4%AA%E3%81%8F%E3%81%AA%E3%81%84%E3%81%8A" dan="17,16,16,17" rate="2169.49,2078.78,2136.01,2165.43" sx="M,M,F,M"/><TAIKYOKU oya="0"/>

<Scene>
<INIT seed="0,0,0,5,5,118" ten="250,250,250,250" oya="0" hai0="68,94,91,17,23,99,63,116,66,0,85,58,54" hai1="36,19,39,105,9,124,62,120,10,119,3,90,24" hai2="59,44,97,50,108,109,80,30,47,55,25,46,18" hai3="42,130,16,26,33,45,67,93,4,121,22,89,96"/><T71/><D116/><U113/><E119/><V111/><F97/><W28/><G130/><T95/><D0/><U12/><E105/><V56/><F80/><W125/><G125/><T31/><D31/><U48/><E124/><V75/><F18/><W126/><G126/><T13/><REACH who="0" step="1"/><D66/><REACH who="0" ten="240,250,250,250" step="2"/><U60/><E3/><V61/><F30/><W76/><G67/><T134/><D134/><U32/><E113/><V38/><F75/><W64/><G64/><T65/><D65/><U131/><E131/><V84/><F108/><W21/><G33/><T49/><D49/><U20/><E32/><V98/><F109/><W79/><G4/><T14/><D14/><U73/><E48/><V70/><F111/><W29/><G29/><T112/><D112/><U15/><E15/><V6/><F50/><W1/><G1/><T51/><D51/><U133/><E12/><V123/><F47/><W115/><G115/><T78/><D78/><U102/><E133/><V72/><F46/><W114/><G114/><T37/><D37/><U57/><E39/><V74/><F38/><N who="3" m="21719" /><G76/><T82/><D82/><U11/><E36/><V101/><F44/><W69/><G79/><T106/><D106/><U40/><E62/><V88/><F61/><W77/><G77/><T127/><D127/><U128/><E128/><V81/><F81/><W110/><G110/><T43/><D43/><U53/><E40/><V132/><F132/><W7/><G28/><T103/><AGARI ba="0,1" hai="13,17,23,54,58,63,68,71,85,91,94,95,99,103" machi="103" ten="20,3900,0" yaku="1,1,0,1,7,1,53,0" doraHai="118" doraHaiUra="129" who="0" fromWho="0" sc="240,49,250,-13,250,-13,250,-13" />
</Scene>
<Scene>
<INIT seed="0,1,0,5,5,64" ten="289,237,237,237" oya="0" hai0="125,53,46,121,5,93,51,38,97,21,1,54,35" hai1="117,119,67,58,30,77,134,22,13,68,44,36,59" hai2="87,111,91,15,65,48,72,126,61,4,29,27,73" hai3="70,45,128,110,132,101,16,26,25,42,106,66,92"/><T80/><D35/><U131/><E77/><V12/><F111/><W114/><G114/><T103/><D121/><U20/><E134/><V79/><F126/><W14/><G106/><T120/><D120/><U85/><E85/><V78/><F48/><W108/><G132/><T3/><D125/><U86/><E86/><V33/><F73/><W9/><G128/><T113/><D113/><U71/><E30/><V69/><F4/><W7/><G101/><T107/><D80/><U95/><E95/><V47/><F47/><W31/><G92/><T41/><D5/><U96/><E96/><V23/><F72/><W24/><G31/><T11/><D11/><U40/><E13/><V49/><F49/><W76/><G76/><T88/><D21/><U52/><E22/><V99/><F99/><W37/><REACH who="3" step="1"/><G7/><REACH who="3" ten="289,237,237,227" step="2"/><T83/><D83/><U98/><E131/><V100/><F100/><W62/><AGARI ba="1,1" hai="9,14,16,24,25,26,37,42,45,62,66,70,108,110" machi="62" ten="30,12000,2" yaku="1,1,2,1,0,1,52,1,54,1,53,1" doraHai="64" doraHaiUra="8" who="3" fromWho="3" sc="289,-61,237,-31,237,-31,227,133" />
</Scene>
<Scene>
<INIT seed="1,0,0,0,2,74" ten="228,206,206,360" oya="1" hai0="2,70,11,130,47,110,19,27,122,126,1,119,104" hai1="103,134,59,44,63,12,116,105,54,60,89,76,96" hai2="51,33,45,114,6,14,15,71,85,41,42,118,56" hai3="16,128,32,53,55,81,83,79,97,120,107,31,101"/><U23/><E116/><V115/><F71/><W73/><G120/><T46/><D104/><U93/><E134/><V111/><F118/><W78/><G128/><T57/><D70/><U77/><E60/><V121/><F121/><W62/><G62/><T106/><D106/><U39/><E23/><V129/><F33/><W125/><G125/><T108/><D122/><U99/><REACH who="1" step="1"/><E12/><REACH who="1" ten="228,196,206,360" step="2"/><V98/><F14/><W0/><G0/><T123/><D119/><U25/><E25/><V64/><F15/><W88/><G32/><T43/><D123/><U92/><E92/><V7/><F129/><W84/><G31/><T8/><D130/><U13/><E13/><V82/><F114/><W9/><G9/><T66/><D11/><U36/><E36/><V124/><F115/><W28/><G28/><T38/><D8/><U35/><E35/><V29/><F29/><W34/><G34/><T5/><D1/><U21/><E21/><V75/><F6/><W100/><G16/><T10/><D19/><U30/><E30/><V40/><F7/><W69/><G69/><T131/><D27/><U65/><E65/><V132/><F132/><W87/><G101/><T102/><D102/><U135/><E135/><V109/><F64/><W80/><AGARI ba="0,1" hai="53,55,73,78,79,80,81,83,84,87,88,97,100,107" machi="80" ten="20,8000,1" yaku="0,1,7,1,52,2,54,1" doraHai="74" who="3" fromWho="3" sc="228,-20,196,-40,206,-20,360,90" />
</Scene>
<Scene>
<INIT seed="2,0,0,0,3,20" ten="208,156,186,450" oya="2" hai0="35,4,37,115,6,41,114,93,9,107,84,105,129" hai1="54,8,58,15,49,75,68,133,118,45,80,32,31" hai2="63,2,66,123,53,78,42,55,43,72,69,89,102" hai3="130,38,36,88,11,71,19,91,26,56,127,109,64"/><V0/><F123/><W132/><G71/><T100/><D35/><U16/><E68/><V95/><F102/><W51/><G109/><T122/><D122/><U134/><E118/><V103/><F103/><W17/><G127/><T5/><D9/><U128/><E128/><V18/><F78/><W98/><G130/><T44/><D129/><U79/><REACH who="1" step="1"/><E58/><REACH who="1" ten="208,146,186,450" step="2"/><V121/><F121/><W21/><G132/><T28/><D115/><U116/><E116/><V34/><F69/><W117/><G117/><T104/><D114/><U62/><E62/><V90/><F63/><W60/><G56/><T40/><D107/><U13/><E13/><V14/><F14/><W81/><G60/><T92/><D105/><U101/><E101/><V59/><F59/><W23/><G64/><T30/><D104/><U52/><E52/><V24/><F66/><W85/><G51/><T113/><D113/><U135/><E135/><V108/><F0/><W22/><G38/><T25/><D37/><U33/><E33/><V110/><F2/><W10/><G36/><T131/><D131/><U120/><E120/><V96/><F55/><W86/><G98/><T125/><D125/><U47/><E47/><V83/><F53/><W50/><G50/><T77/><D44/><U99/><E99/><V119/><F119/><W111/><G111/><N who="2" m="42537" /><F34/><W48/><G48/><T97/><D97/><U70/><E70/><V29/><F96/><W61/><G61/><T126/><D126/><U1/><E1/><V82/><F43/><W73/><G19/><T124/><D124/><U94/><E94/><V57/><F95/><RYUUKYOKU ba="0,1" sc="208,-10,146,30,186,-10,450,-10" hai1="8,15,16,31,32,45,49,54,75,79,80,133,134" />
</Scene>
<Scene>
<INIT seed="3,1,1,3,3,28" ten="198,176,176,440" oya="3" hai0="19,107,63,123,72,30,21,64,8,46,60,110,78" hai1="82,16,134,77,109,106,100,93,113,33,73,51,18" hai2="65,3,14,124,102,125,37,87,61,43,0,117,111" hai3="56,52,98,116,76,38,84,121,9,44,75,15,40"/><W26/><G116/><T47/><D107/><U39/><E113/><V23/><F117/><W54/><G75/><T131/><D123/><U50/><E39/><V103/><F111/><W132/><G121/><T55/><D110/><U13/><E109/><V101/><F87/><W129/><G129/><T49/><D131/><U86/><E134/><V70/><F43/><W24/><G132/><T32/><D8/><U130/><E130/><V85/><F37/><W105/><G76/><T135/><D135/><U94/><E33/><V95/><F95/><W2/><G2/><T96/><D96/><U7/><E7/><V127/><F85/><W112/><G84/><T31/><D46/><U34/><E34/><V89/><F89/><W88/><G112/><T6/><D6/><U115/><E115/><V79/><F79/><W120/><G54/><T80/><D32/><U42/><E42/><V1/><F14/><W5/><G120/><T83/><D83/><U104/><E104/><V41/><F41/><W10/><G10/><T22/><D22/><AGARI ba="1,1" hai="0,1,3,22,23,61,65,70,101,102,103,124,125,127" machi="22" ten="60,7700,0" yaku="29,2,18,1" doraHai="28" who="2" fromWho="0" sc="198,-80,176,0,176,90,440,0" />
</Scene>
<Scene>
<INIT seed="4,0,0,5,2,39" ten="118,176,266,440" oya="0" hai0="101,76,2,131,86,83,120,55,121,29,52,72,107" hai1="90,44,82,111,46,133,92,77,117,126,49,1,66" hai2="15,23,96,98,31,85,81,3,4,115,104,54,28" hai3="71,84,19,58,51,0,56,130,59,21,106,122,60"/><T62/><D2/><U118/><E1/><V16/><F115/><W24/><G106/><T32/><D131/><U93/><E111/><V99/><F104/><W40/><G0/><T14/><D32/><U5/><E5/><V95/><F95/><W110/><G110/><T103/><D29/><U26/><E126/><V30/><F3/><W88/><G130/><T10/><D72/><U9/><E133/><V42/><F54/><N who="3" m="33815" /><G71/><T123/><D62/><U73/><E9/><V20/><F4/><W89/><G89/><T109/><D109/><U13/><E13/><V64/><F64/><W112/><G112/><T43/><D43/><U114/><E114/><V125/><F125/><W127/><G122/><T116/><D116/><U132/><E132/><V94/><F42/><W69/><G69/><T11/><D11/><U97/><E66/><V68/><F68/><W33/><G33/><T70/><D70/><U102/><E26/><N who="2" m="16455" /><F94/><N who="3" m="54535" /><G127/><T67/><D67/><U8/><E93/><V105/><F105/><W53/><G40/><T47/><D107/><U100/><E117/><V75/><F75/><W57/><AGARI ba="0,0" hai="19,21,24,51,53,57,58,59" m="54535,33815" machi="57" ten="30,2000,0" yaku="8,1,54,1" doraHai="39" who="3" fromWho="3" sc="118,-10,176,-5,266,-5,440,20" />
</Scene>
<Scene>
<INIT seed="5,0,0,2,1,82" ten="108,171,261,460" oya="1" hai0="22,55,36,122,30,99,1,79,16,42,134,40,49" hai1="19,8,128,0,107,133,62,92,35,33,3,86,116" hai2="105,109,51,130,77,53,23,93,115,29,56,15,9" hai3="69,95,111,127,46,125,43,104,25,123,45,129,88"/><U20/><E116/><V100/><F105/><W61/><G104/><T113/><D1/><U37/><E107/><V73/><F109/><W118/><G111/><T83/><D113/><U12/><E37/><V98/><F115/><W102/><G102/><T135/><D122/><U71/><E71/><V41/><F130/><W81/><G81/><T11/><D36/><U57/><E128/><V70/><F70/><W94/><G123/><T48/><D30/><U121/><E121/><V91/><F41/><W14/><G118/><T27/><D11/><U72/><E72/><V106/><F23/><W47/><G14/><T44/><D99/><U31/><E133/><V101/><F29/><W54/><G25/><T103/><D103/><U114/><E114/><V84/><F101/><W24/><G24/><T5/><D5/><U59/><E59/><V64/><F64/><N who="3" m="41103" /><G54/><T7/><D7/><U6/><E3/><V120/><F120/><W75/><G95/><T67/><D67/><U108/><E108/><V87/><F73/><W52/><G52/><T112/><D112/><U39/><E31/><V85/><F77/><W38/><G75/><T18/><D18/><AGARI ba="0,0" hai="9,15,18,51,53,56,84,85,87,91,93,98,100,106" machi="18" ten="30,7700,0" yaku="7,1,52,3" doraHai="82" who="2" fromWho="0" sc="108,-77,171,0,261,77,460,0" />
</Scene>
<Scene>
<INIT seed="6,0,0,3,3,132" ten="31,171,338,460" oya="2" hai0="18,111,26,8,100,32,118,58,30,81,98,44,42" hai1="13,105,77,27,82,66,128,52,25,3,89,134,12" hai2="10,68,125,88,94,121,73,33,65,4,38,57,53" hai3="124,6,122,1,96,90,48,74,80,17,56,49,135"/><V129/><F121/><W91/><G122/><T71/><D118/><U130/><E89/><V85/><F73/><W61/><G1/><T123/><D123/><U0/><E52/><V99/><F33/><W84/><G74/><T7/><D111/><U79/><E66/><V83/><F38/><W60/><G6/><T120/><D120/><U9/><E82/><V19/><F129/><W127/><G135/><T29/><D58/><U117/><E105/><V109/><F109/><W35/><G35/><T92/><D71/><U40/><E40/><V104/><F104/><W15/><G96/><T103/><D81/><U112/><E79/><V31/><F31/><W23/><G91/><T37/><D30/><U2/><E77/><V70/><F19/><W119/><G119/><T46/><D46/><U126/><E117/><V116/><F65/><N who="3" m="39047" /><G61/><T97/><D18/><U39/><E112/><V76/><F116/><W78/><G78/><T115/><D115/><U45/><E45/><V102/><F76/><W11/><G23/><T21/><D32/><U43/><E43/><V110/><F110/><W59/><G59/><T62/><D62/><U114/><E114/><V72/><F72/><W50/><G49/><T55/><D55/><U22/><E39/><V93/><F70/><W107/><G107/><T41/><D44/><U86/><E134/><V75/><F68/><W95/><G80/><T87/><D87/><U113/><E86/><V64/><F75/><W67/><G67/><T47/><D42/><U63/><E113/><V133/><F133/><W106/><G106/><N who="0" m="63759" /><D7/><N who="1" m="3135" /><E130/><V34/><F64/><RYUUKYOKU ba="0,0" sc="31,15,171,-15,338,-15,460,15" hai0="8,21,26,29,37,41,47,92,98,103" hai3="11,15,17,48,50,84,90,95,124,127" />
</Scene>
<Scene>
<INIT seed="7,1,0,5,3,32" ten="46,156,323,475" oya="3" hai0="62,4,28,63,112,33,3,0,46,83,89,50,5" hai1="17,45,70,31,36,58,40,35,90,135,67,37,102" hai2="52,15,113,72,14,24,42,64,82,107,75,93,25" hai3="68,118,59,7,55,95,38,108,85,30,92,127,27"/><W77/><G68/><T54/><D5/><U48/><E90/><V104/><F93/><W123/><G38/><T34/><D112/><U126/><E17/><V81/><F64/><W2/><G123/><T120/><D120/><U60/><E102/><V103/><F103/><W91/><G118/><T79/><D4/><U43/><E31/><V117/><F42/><W111/><G127/><T106/><D106/><U105/><E105/><V97/><F97/><W13/><G13/><T56/><D89/><U132/><E35/><V116/><F52/><W21/><G77/><T80/><D34/><U29/><E29/><V8/><F8/><N who="3" m="2167" /><G85/><T109/><D109/><N who="3" m="42057" /><G91/><T86/><D80/><U47/><E126/><V129/><F113/><W23/><G23/><T122/><D122/><U20/><E20/><V53/><F107/><W134/><G134/><T110/><D110/><U57/><E70/><V22/><F104/><W26/><G26/><T128/><D128/><U84/><E132/><V10/><F22/><W6/><G6/><T1/><D33/><U130/><E37/><V99/><F129/><W125/><G125/><T18/><D18/><U114/><E36/><V11/><F99/><W19/><G19/><T131/><D131/><U61/><E130/><V88/><F88/><W73/><G73/><T115/><D115/><U49/><E114/><V71/><F72/><W133/><G133/><T9/><D28/><U94/><E135/><V41/><F75/><W74/><G74/><T69/><D69/><U121/><E121/><V96/><F71/><W76/><G76/><T101/><D79/><RYUUKYOKU ba="1,0" sc="46,-10,156,-10,323,-10,475,30" hai3="21,27,30,55,59,92,95" owari="36,-46.0,146,-25.0,313,11.0,505,60.0" />
</Scene>
</mjloggm>