<mjloggm ver="2.3"><GO type="225" lobby="0"/><UN n0="%E3%83%89%E3%83%A9%E3%83%AD%E3%83%B3%E3%83%80%E3%82%A4%E3%83%B4" n1="%E9%9D%92%E7%A9%BA%E7%89%87%E6%80%9D%E3%81%84" n2="%E5%A4%AA%E3%81%8F%E3%81%AA%E3%81%84%E3%81%8A" n3="%E3%83%95%E3%83%A9%E3%82%A4%E3%83%80" dan="16,17,18,17" rate="2089.36,2158.54,2218.21,2207.50" sx="M,M,M,M"/><TAIKYOKU oya="0"/>

<Scene>
<INIT seed="0,0,0,4,1,59" ten="250,250,250,250" oya="0" hai0="107,11,96,132,38,72,113,123,70,69,100,66,109" hai1="17,53,23,42,124,90,122,83,52,30,44,51,33" hai2="91,65,39,37,0,111,131,118,108,60,75,62,89" hai3="61,45,35,78,19,18,54,121,130,29,93,106,129"/><T4/><D113/><U47/><E122/><V79/><F0/><W98/><G106/><T112/><D112/><U125/><E33/><V80/><F131/><N who="3" m="50187" /><G78/><T28/><D123/><U133/><E30/><V50/><F118/><W115/><G115/><T2/><D109/><N who="2" m="42058" /><F50/><N who="3" m="29007" /><G121/><T126/><D132/><U12/><E133/><V41/><F41/><W36/><G36/><N who="2" m="13897" /><F62/><W99/><G99/><T27/><D126/><N who="1" m="48747" /><E47/><V7/><F7/><W81/><G81/><T46/><D66/><U114/><E114/><V76/><F79/><W58/><G29/><T10/><D10/><U1/><E1/><V85/><F75/><W117/><G35/><N who="0" m="20895" /><D72/><U119/><E119/><V105/><F105/><W104/><G104/><T49/><D49/><U77/><E90/><V135/><F135/><W5/><G5/><T116/><D116/><U9/><E9/><V87/><F87/><AGARI ba="0,0" hai="12,17,23,42,44,51,52,53,77,83,87" m="48747" machi="87" ten="30,2000,0" yaku="18,1,54,1" doraHai="59" who="1" fromWho="2" sc="250,0,250,20,250,-20,250,0" />
</Scene>
<Scene>
<INIT seed="1,0,0,1,5,135" ten="250,270,230,250" oya="1" hai0="104,51,72,44,130,117,17,111,73,110,114,103,102" hai1="122,39,1,86,91,97,71,37,26,112,20,79,43" hai2="28,69,34,27,59,19,83,60,21,49,95,90,52" hai3="0,105,64,133,38,9,124,56,48,88,75,50,45"/><U3/><E122/><V6/><F6/><W98/><G75/><T57/><D114/><U10/><E112/><V129/><F129/><W131/><G131/><T107/><D130/><U25/><E71/><V12/><F83/><W77/><G77/><T55/><D117/><U61/><E61/><V11/><F69/><W84/><G38/><T42/><D17/><U35/><E97/><V31/><F34/><W126/><G133/><T118/><D118/><U123/><E123/><V119/><F119/><W65/><G105/><N who="0" m="40523" /><D103/><U121/><E79/><V62/><REACH who="2" step="1"/><F31/><REACH who="2" ten="250,270,220,250" step="2"/><W70/><G70/><T106/><D111/><U33/><E35/><V5/><F5/><W58/><G0/><T13/><D110/><U4/><E33/><V15/><F15/><W134/><G134/><T82/><D13/><U80/><E3/><V87/><AGARI ba="0,1" hai="11,12,19,21,27,28,49,52,59,60,62,87,90,95" machi="87" ten="20,12000,2" yaku="1,1,0,1,7,1,8,1,54,1,53,1" doraHai="135" doraHaiUra="16" who="2" fromWho="2" sc="250,-30,270,-60,220,130,250,-30" />
</Scene>
<Scene>
<INIT seed="2,0,0,1,4,47" ten="220,210,350,220" oya="2" hai0="57,126,41,6,82,54,118,32,113,60,0,135,64" hai1="46,25,114,91,13,88,58,51,81,120,5,72,34" hai2="10,79,53,112,96,73,90,59,3,55,67,37,27" hai3="52,16,20,78,108,56,97,39,94,35,89,123,100"/><V8/><F37/><W134/><G123/><T15/><D113/><U2/><E114/><V105/><F73/><W121/><G121/><T104/><D0/><U95/><E120/><V115/><F79/><W49/><G39/><T131/><D104/><U122/><E122/><V19/><F67/><W101/><G35/><T102/><D32/><U23/><E2/><V128/><F55/><W133/><G78/><T110/><D110/><U65/><E34/><V22/><F10/><W30/><G30/><T12/><D131/><U4/><E72/><V69/><F69/><W74/><G74/><T98/><D135/><N who="3" m="51721" /><G108/><T18/><D126/><U132/><E132/><V87/><F128/><W17/><G17/><T68/><D118/><U26/><E81/><V111/><F111/><W92/><G94/><T85/><D41/><N who="1" m="25039" /><E91/><V125/><F125/><W127/><G127/><T76/><D6/><N who="1" m="2667" /><E13/><AGARI ba="0,0" hai="13,16,20,49,52,56,89,92,97,100,101" m="51721" machi="13" ten="30,7700,0" yaku="20,1,52,1,54,2" doraHai="47" who="3" fromWho="1" sc="220,0,210,-77,350,0,220,77" />
</Scene>
<Scene>
<INIT seed="3,0,0,1,1,37" ten="220,133,350,297" oya="3" hai0="135,8,76,117,129,34,119,67,71,42,40,81,51" hai1="24,123,63,134,31,7,35,85,115,106,38,94,104" hai2="3,14,23,2,46,93,112,25,118,22,19,60,73" hai3="72,96,133,83,52,66,87,21,30,100,74,28,98"/><W47/><G72/><T125/><D34/><U17/><E38/><V86/><F73/><W45/><G74/><T1/><D129/><U59/><E123/><V84/><F118/><W0/><G0/><T131/><D131/><U64/><E115/><V126/><F112/><W99/><G66/><T95/><D135/><U77/><E134/><V132/><F132/><W79/><G133/><T44/><D125/><U57/><E7/><V122/><F126/><W36/><G36/><T43/><D67/><U90/><E77/><V15/><F122/><W102/><G45/><T68/><D68/><U69/><E69/><V70/><F70/><W9/><G9/><T88/><D71/><U105/><E59/><V97/><F3/><W130/><G130/><T114/><D114/><U5/><E5/><V111/><F2/><W29/><G21/><T75/><D1/><U13/><E13/><V18/><F111/><W55/><G47/><T82/><D82/><U33/><E33/><V89/><F60/><W16/><G16/><T110/><D8/><U58/><E17/><N who="2" m="12527" /><F46/><W50/><G50/><T10/><D10/><AGARI ba="0,0" hai="10,14,15,18,19,22,84,86,89,93,97" m="12527" machi="10" ten="30,1000,0" yaku="8,1" doraHai="37" who="2" fromWho="0" sc="220,-10,133,0,350,10,297,0" owari="210,-19.0,133,-37.0,360,46.0,297,10.0" />
</Scene>
</mjloggm>