<mjloggm ver="2.3"><GO type="169" lobby="0"/><UN n0="%E5%A4%AA%E3%81%8F%E3%81%AA%E3%81%84%E3%81%8A" n1="%48%6F%6C%64%65%6E" n2="%E3%81%A8%E3%82%8C%E3%82%82%E3%82%8D" n3="%74%6F%79%6F%74%69" dan="17,16,17,16" rate="2156.55,2086.23,2092.22,2087.00" sx="M,M,M,M"/><TAIKYOKU oya="0"/>

<Scene>
<INIT seed="0,0,0,2,5,62" ten="250,250,250,250" oya="0" hai0="31,125,20,11,99,14,0,92,130,102,40,74,12" hai1="66,96,56,119,100,41,18,76,127,134,117,15,46" hai2="39,91,112,2,104,37,47,101,115,49,113,21,88" hai3="120,135,3,22,59,126,133,108,121,63,33,19,10"/><T67/><D74/><U73/><E134/><N who="3" m="51210" /><G126/><T27/><D125/><U128/><E127/><V80/><F2/><W87/><G108/><T82/><D130/><U65/><E128/><V98/><F21/><W69/><G69/><T116/><D116/><U86/><E73/><V93/><F80/><W72/><G72/><T122/><D122/><U1/><E1/><V103/><F103/><W43/><G43/><T29/><D40/><U105/><E56/><V131/><F131/><W25/><G33/><T30/><D0/><U75/><E75/><V54/><REACH who="2" step="1"/><F91/><REACH who="2" ten="250,250,240,250" step="2"/><W55/><G87/><AGARI ba="0,1" hai="37,39,47,49,54,87,88,93,98,101,104,112,113,115" machi="87" ten="40,5200,0" yaku="1,1,2,1,54,1,53,0" doraHai="62" doraHaiUra="61" who="2" fromWho="3" sc="250,0,250,0,240,62,250,-52" />
</Scene>
<Scene>
<INIT seed="1,0,0,3,3,23" ten="250,250,302,198" oya="1" hai0="36,21,58,119,61,84,126,122,98,64,90,118,88" hai1="50,82,15,93,73,60,0,19,13,39,44,48,104" hai2="27,53,133,81,28,24,113,83,31,54,120,38,42" hai3="30,106,111,115,10,130,55,112,34,91,62,76,32"/><U37/><E104/><V108/><F120/><W68/><G106/><T43/><D122/><U18/><E0/><V89/><F108/><W96/><G111/><T131/><D131/><U123/><E123/><V45/><F133/><W49/><G130/><T125/><D98/><U26/><E60/><V9/><F9/><W12/><G76/><T77/><D77/><U1/><E1/><V94/><F113/><W74/><G74/><T79/><D79/><U127/><E73/><V121/><F121/><W33/><G30/><T85/><D36/><U57/><E82/><V46/><F94/><W29/><G29/><T8/><D43/><N who="1" m="24607" /><E39/><V117/><F117/><W14/><G14/><N who="1" m="5130" /><E37/><V86/><F83/><W71/><G68/><T99/><D8/><U65/><E127/><V16/><F45/><W25/><G62/><T80/><D118/><U51/><E93/><V87/><F87/><W135/><G71/><T11/><D99/><U69/><E69/><V22/><REACH who="2" step="1"/><F31/><REACH who="2" ten="250,250,292,198" step="2"/><W75/><G75/><T67/><D11/><U52/><E18/><V110/><F110/><W17/><G135/><T63/><D119/><U4/><E4/><V40/><F40/><W124/><G124/><T109/><D109/><U47/><E47/><V128/><F128/><W97/><G112/><T66/><D126/><U101/><E19/><V116/><F116/><W70/><G115/><T129/><D125/><U107/><E107/><V6/><F6/><W20/><G17/><T134/><D134/><U100/><E100/><V7/><F7/><W114/><G114/><T56/><D129/><U3/><E101/><RYUUKYOKU ba="0,1" sc="250,-10,250,-10,292,30,198,-10" hai2="16,22,24,27,28,38,42,46,53,54,81,86,89" />
</Scene>
<Scene>
<INIT seed="2,1,1,4,2,62" ten="240,240,322,188" oya="2" hai0="18,7,92,17,96,20,120,33,27,85,108,130,112" hai1="116,25,36,118,31,43,99,105,107,79,86,1,70" hai2="55,39,4,67,128,124,88,83,119,14,6,104,126" hai3="56,37,127,106,54,58,68,38,24,102,84,63,5"/><V134/><F119/><W51/><G106/><T135/><D120/><U103/><E1/><V66/><F104/><W71/><G102/><T100/><D112/><U65/><E105/><V115/><F115/><W19/><G5/><N who="2" m="2153" /><F134/><W94/><G94/><T49/><D135/><U22/><E86/><N who="2" m="50271" /><F39/><N who="3" m="14859" /><G84/><T47/><D33/><N who="1" m="20719" /><E79/><V40/><F40/><W110/><G19/><T125/><D7/><U10/><E10/><V61/><F128/><W81/><G24/><T34/><D130/><U74/><E22/><V78/><F78/><W30/><G30/><T114/><D114/><U97/><E74/><V52/><F14/><W133/><G81/><T50/><D34/><U28/><E116/><V123/><F123/><W95/><G133/><T80/><D80/><U72/><E72/><V32/><F32/><W77/><G77/><T64/><D92/><U73/><E73/><V111/><F111/><W44/><G95/><T121/><D108/><U9/><E118/><V35/><F35/><W90/><G110/><T26/><D121/><U12/><E107/><V53/><F61/><N who="3" m="35991" /><G90/><T0/><D0/><U89/><E89/><V93/><F93/><W60/><G127/><AGARI ba="1,1" hai="52,53,55,66,67,124,126,127" m="50271,2153" machi="127" ten="30,12000,1" yaku="18,1,52,2,54,2" doraHai="62" who="2" fromWho="3" sc="240,0,240,0,322,133,188,-123" />
</Scene>
<Scene>
<INIT seed="2,2,0,3,3,57" ten="240,240,455,65" oya="2" hai0="63,123,64,7,65,93,128,127,18,22,120,91,29" hai1="94,113,111,100,54,49,12,124,121,98,38,56,134" hai2="117,53,31,99,71,47,28,81,84,52,125,78,90" hai3="101,11,118,135,58,82,61,133,79,85,67,109,131"/><V96/><F117/><W87/><G109/><T39/><D39/><U119/><E113/><V45/><F71/><W17/><G118/><T35/><D7/><U102/><E119/><V25/><F125/><W83/><G131/><T6/><D6/><U80/><E38/><V116/><F116/><W130/><G130/><T106/><D106/><U36/><E36/><V4/><F4/><W62/><G101/><T59/><D128/><U15/><E124/><V95/><F99/><W37/><G37/><T43/><D43/><U89/><E111/><V126/><F126/><W44/><G44/><N who="2" m="16969" /><F25/><W10/><G17/><T21/><D127/><U0/><E0/><V68/><F68/><W73/><G73/><T27/><D65/><U30/><E121/><V110/><F110/><W88/><REACH who="3" step="1"/><G62/><REACH who="3" ten="240,240,455,55" step="2"/><T66/><D123/><U3/><E102/><V33/><F33/><W105/><G105/><T55/><D120/><U104/><E104/><V42/><F42/><W69/><G69/><T114/><D35/><U5/><E100/><V19/><F19/><W70/><G70/><T8/><D114/><U103/><E103/><V46/><F46/><W9/><AGARI ba="2,1" hai="9,10,11,58,61,67,79,82,83,85,87,88,133,135" machi="9" ten="30,7900,0" yaku="1,1,0,1,52,1,54,1,53,0" doraHai="57" doraHaiUra="92" who="3" fromWho="3" sc="240,-22,240,-22,455,-41,55,95" />
</Scene>
<Scene>
<INIT seed="3,0,0,1,2,61" ten="218,218,414,150" oya="3" hai0="109,119,35,91,10,112,84,80,124,75,65,121,130" hai1="16,76,86,97,63,1,66,132,17,100,59,42,11" hai2="89,108,116,50,5,38,33,14,122,79,34,4,44" hai3="62,18,94,53,88,135,78,133,110,95,113,15,45"/><W46/><G113/><T85/><D119/><U134/><E42/><V26/><F38/><W8/><G78/><T52/><D121/><U30/><E30/><V111/><F116/><W128/><G128/><T12/><D35/><U127/><E127/><V129/><F129/><W40/><G110/><T126/><D130/><U6/><E86/><V19/><F79/><W98/><G46/><T48/><D109/><N who="2" m="42058" /><F89/><W13/><G13/><T9/><D112/><U114/><E76/><V107/><F107/><W31/><G31/><T92/><D75/><U58/><E114/><V82/><F82/><W41/><G94/><T55/><D65/><U22/><E58/><V90/><F90/><W93/><G93/><T120/><D120/><U115/><E115/><V47/><F47/><W29/><G29/><T49/><D49/><U67/><E67/><V77/><F77/><W7/><G7/><N who="2" m="2633" /><F26/><W70/><G70/><T32/><D126/><U83/><E83/><V20/><F122/><W21/><G21/><T25/><D25/><U103/><E22/><V56/><F56/><N who="3" m="35087" /><G45/><T23/><D124/><U69/><E69/><V51/><F51/><W104/><G104/><T39/><D39/><U106/><E100/><V60/><F60/><W3/><G3/><T118/><D118/><U71/><E71/><V102/><F102/><W72/><G72/><T43/><D48/><U73/><E73/><V123/><F123/><W28/><G28/><T87/><D80/><U64/><E64/><V101/><F101/><W54/><G54/><AGARI ba="0,0" hai="14,19,20,33,34,44,50,54" m="2633,42058" machi="54" ten="30,1000,0" yaku="14,1" doraHai="61" who="2" fromWho="3" sc="218,0,218,0,414,10,150,-10" />
</Scene>
<Scene>
<INIT seed="4,0,0,3,4,95" ten="218,218,424,140" oya="0" hai0="71,124,103,37,48,31,41,5,53,115,118,29,0" hai1="98,44,28,30,91,18,114,63,83,120,100,66,9" hai2="32,109,50,49,90,27,42,19,87,69,104,52,21" hai3="110,14,99,47,116,111,132,43,56,94,6,108,3"/><T20/><D118/><U125/><E120/><V10/><F69/><W58/><G116/><T101/><D71/><U78/><E125/><V35/><F109/><W96/><G132/><T80/><D124/><U126/><E91/><V68/><F104/><W39/><G14/><T129/><D115/><U76/><E126/><V112/><F112/><W8/><REACH who="3" step="1"/><G99/><REACH who="3" ten="218,218,424,130" step="2"/><T128/><D129/><U79/><E114/><V17/><F27/><W113/><G113/><T54/><D128/><U33/><E98/><V2/><F2/><W134/><G134/><T97/><D0/><U4/><E76/><V74/><F32/><W46/><G46/><T106/><D97/><U88/><E78/><V72/><F35/><W40/><G40/><T119/><D41/><U62/><E33/><V92/><F42/><W127/><G127/><T22/><D119/><U25/><E79/><V131/><F131/><W86/><G86/><T70/><D106/><U38/><E44/><V75/><F87/><W51/><G51/><T12/><D48/><U59/><E25/><V130/><F72/><W34/><G34/><T16/><D12/><U81/><E38/><V64/><F74/><W45/><G45/><T122/><D37/><U105/><E105/><V67/><F75/><W84/><G84/><T89/><D122/><U57/><E63/><V23/><F130/><W93/><G93/><T135/><D135/><U7/><E62/><V55/><F92/><W1/><G1/><T65/><D80/><U133/><E133/><V73/><F73/><W123/><G123/><T61/><D61/><N who="1" m="38191" /><E81/><V26/><F50/><RYUUKYOKU ba="0,1" sc="218,-10,218,-10,424,-10,130,30" hai3="3,6,8,39,43,47,56,58,94,96,108,110,111" />
</Scene>
<Scene>
<INIT seed="5,1,1,3,4,79" ten="208,208,414,160" oya="1" hai0="91,75,21,108,93,24,72,112,60,0,134,44,48" hai1="2,119,54,131,71,86,120,123,32,29,15,122,52" hai2="114,28,105,130,133,69,103,94,30,110,43,23,22" hai3="68,82,47,102,20,62,98,113,16,25,96,97,53"/><U126/><E119/><V84/><F105/><W35/><G113/><T115/><D108/><U77/><E2/><V101/><F69/><W92/><G35/><T56/><D0/><U19/><E71/><V73/><F73/><W4/><G4/><T118/><D118/><U7/><E7/><V5/><F43/><W89/><G68/><T59/><D134/><U85/><E131/><V100/><F5/><W12/><G25/><T39/><D39/><U33/><E126/><V74/><F74/><W26/><G12/><T37/><D37/><U109/><E109/><V45/><F45/><W65/><G65/><T18/><D75/><U63/><E63/><V17/><F101/><W95/><G82/><T117/><D72/><U51/><E54/><V88/><F30/><W129/><G129/><T83/><D117/><U50/><E50/><V8/><F28/><W14/><G14/><T135/><D135/><U124/><E124/><V9/><F17/><W6/><G6/><T36/><D36/><U49/><E49/><V66/><F66/><W90/><G47/><T55/><D83/><N who="1" m="47343" /><E86/><V10/><F133/><W121/><G121/><T64/><REACH who="0" step="1"/><D44/><REACH who="0" ten="198,208,414,160" step="2"/><N who="1" m="27751" /><E120/><V127/><F110/><W34/><G34/><T41/><D41/><U61/><E122/><V13/><F127/><W128/><G128/><T3/><D3/><U107/><E123/><V11/><F130/><W106/><G53/><T27/><D27/><U57/><E32/><V78/><F13/><W42/><G42/><T46/><D46/><U116/><E116/><V81/><F81/><W40/><G40/><T58/><D58/><RYUUKYOKU ba="1,2" sc="198,15,208,-15,414,-15,160,15" hai0="18,21,24,48,55,56,59,60,64,91,93,112,115" hai3="16,20,26,62,89,90,92,95,96,97,98,102,106" />
</Scene>
<Scene>
<INIT seed="6,2,2,5,2,3" ten="213,193,399,175" oya="2" hai0="98,7,32,55,19,127,22,85,97,96,50,67,10" hai1="83,59,33,122,15,118,135,89,37,56,36,113,64" hai2="92,21,86,123,16,23,48,24,27,75,99,53,121" hai3="128,68,70,103,17,105,35,134,60,30,93,42,69"/><V74/><F74/><W54/><G93/><T108/><D32/><U31/><E118/><V119/><F75/><W129/><G134/><T62/><D108/><U9/><E135/><V38/><F38/><W133/><G133/><T80/><D127/><U41/><E113/><V77/><F119/><W112/><G112/><T46/><D22/><U4/><E122/><V130/><F130/><N who="3" m="50283" /><G42/><T40/><D19/><U12/><E12/><V131/><F86/><W2/><G2/><T8/><D40/><U34/><E34/><V87/><F77/><W91/><G91/><T43/><D43/><U28/><E33/><V102/><F87/><W5/><G5/><T13/><D10/><U76/><E41/><V65/><F65/><N who="3" m="40999" /><G17/><T18/><D18/><U100/><E37/><V39/><F39/><W120/><G54/><T79/><D97/><U107/><E36/><V132/><F132/><W88/><G88/><T84/><D84/><N who="1" m="48231" /><E89/><V1/><F1/><W115/><G115/><T26/><D26/><U61/><E107/><V63/><F131/><W82/><G82/><T66/><D66/><N who="1" m="39207" /><E100/><V72/><F72/><W0/><G0/><T101/><D101/><U125/><E125/><V81/><F81/><W110/><G110/><T29/><D98/><U20/><E20/><V104/><F104/><W57/><G120/><T117/><D96/><U49/><E64/><V11/><F123/><W47/><G103/><T52/><D55/><AGARI ba="2,2" hai="4,9,15,28,31,49,55,59" m="39207,48231" machi="55" ten="30,2000,0" yaku="8,1,52,1" doraHai="3" who="1" fromWho="0" sc="213,-26,193,46,399,0,175,0" />
</Scene>
<Scene>
<INIT seed="7,0,0,5,1,27" ten="187,239,399,175" oya="3" hai0="6,34,20,52,26,59,116,31,5,133,2,80,83" hai1="19,23,129,56,78,75,108,50,51,86,67,112,96" hai2="7,32,104,39,106,45,10,119,29,61,94,74,124" hai3="105,47,42,44,30,54,73,33,111,25,92,79,121"/><W71/><G121/><T41/><D116/><U122/><E75/><V99/><F61/><W81/><G111/><T110/><D110/><U65/><E108/><V17/><F17/><W63/><G105/><T93/><D133/><U125/><E122/><V89/><F45/><W103/><G42/><T130/><D130/><U35/><E35/><V115/><F39/><W69/><G69/><T49/><D34/><U11/><E11/><V18/><F18/><W114/><G114/><T53/><D41/><U87/><E125/><V134/><F10/><W24/><G24/><T0/><D0/><U128/><E96/><V100/><F74/><W48/><G47/><N who="0" m="27711" /><D2/><U58/><E112/><V64/><F64/><N who="1" m="24649" /><E128/><V70/><F70/><W84/><G71/><T85/><D93/><U15/><E129/><V16/><F32/><W22/><G63/><N who="0" m="36335" /><D80/><U68/><E68/><V91/><F106/><W21/><REACH who="3" step="1"/><G73/><REACH who="3" ten="187,239,399,165" step="2"/><T132/><D132/><U77/><E50/><V102/><F134/><W76/><G76/><AGARI ba="0,1" hai="5,6,20,26,31,76,83,85" m="36335,27711" machi="76" ten="30,3900,0" yaku="8,1,52,1,54,1" doraHai="27" who="0" fromWho="3" sc="187,49,239,0,399,0,165,-39" owari="236,-16.0,239,4.0,399,49.0,126,-37.0" />
</Scene>
</mjloggm>