<mjloggm ver="2.3"><GO type="169" lobby="0"/><UN n0="%65%72%6F%67%72%65%65%6E" n1="%E5%A4%AA%E3%81%8F%E3%81%AA%E3%81%84%E3%81%8A" n2="%E3%81%BD%E3%81%BF%E3%82%85" n3="%E6%A4%8E%E9%87%8E%E3%81%8D%E3%82%89%E3%82%8A" dan="16,18,16,16" rate="2182.36,2213.58,2062.78,2089.36" sx="M,M,F,F"/><TAIKYOKU oya="0"/>

<Scene>
<INIT seed="0,0,0,5,0,69" ten="250,250,250,250" oya="0" hai0="1,32,113,52,2,73,34,6,9,106,17,91,70" hai1="132,98,10,131,27,87,82,135,24,30,81,102,28" hai2="14,39,74,84,77,128,117,92,11,47,12,20,5" hai3="86,125,60,50,45,4,89,18,23,63,51,37,42"/><T35/><D106/><U53/><E131/><V78/><F128/><W36/><G125/><T21/><D73/><U62/><E10/><V44/><F74/><W40/><G4/><T96/><D70/><U123/><E123/><V33/><F33/><W104/><G104/><T121/><D121/><U111/><E111/><V59/><F117/><W16/><G23/><T94/><D113/><U56/><E27/><V109/><F109/><W130/><G130/><T3/><REACH who="0" step="1"/><D52/><REACH who="0" ten="240,250,250,250" step="2"/><U127/><E53/><V112/><F112/><W99/><G99/><T116/><D116/><U43/><E98/><V100/><F59/><W58/><G58/><T76/><D76/><U64/><E56/><V19/><F77/><W88/><G86/><T8/><D8/><U46/><E87/><V124/><F124/><W107/><G107/><T55/><D55/><U48/><E127/><V75/><F75/><W83/><REACH who="3" step="1"/><G83/><REACH who="3" ten="240,250,250,240" step="2"/><T118/><D118/><U114/><E81/><V119/><F119/><W80/><G80/><T110/><D110/><U126/><E82/><V101/><F84/><W57/><G57/><T7/><D7/><U85/><E85/><V15/><F78/><W22/><G22/><T25/><AGARI ba="0,2" hai="1,2,3,6,9,17,21,25,32,34,35,91,94,96" machi="25" ten="30,3000,0" yaku="1,1,0,1,53,0" doraHai="69" doraHaiUra="68" who="0" fromWho="0" sc="240,50,250,-10,250,-10,240,-10" />
</Scene>
<Scene>
<INIT seed="0,1,0,2,1,3" ten="290,240,240,230" oya="0" hai0="77,60,21,92,128,16,8,32,39,122,99,119,62" hai1="4,24,97,106,64,70,117,48,2,19,87,86,126" hai2="28,113,115,82,49,41,33,44,45,68,110,7,83" hai3="20,123,5,52,69,81,125,121,6,14,29,133,78"/><T35/><D122/><N who="3" m="46601" /><G69/><T54/><D119/><U95/><E117/><V134/><F68/><W51/><G125/><T102/><D39/><U63/><E126/><V135/><F110/><W37/><G133/><N who="2" m="50697" /><F33/><W75/><G37/><T71/><D128/><U22/><E106/><V50/><F28/><W132/><G132/><T38/><D38/><U80/><E48/><V108/><F108/><W65/><G65/><T42/><D42/><U43/><E43/><N who="2" m="24735" /><F7/><W127/><G127/><T27/><D77/><U111/><E111/><V34/><F34/><W26/><G14/><T105/><D105/><U31/><E19/><V10/><F10/><W72/><G75/><T93/><D8/><U30/><E30/><V53/><F53/><W120/><N who="3" m="46609" /><W84/><DORA hai="74" /><G72/><T58/><REACH who="0" step="1"/><D92/><REACH who="0" ten="280,240,240,230" step="2"/><U129/><E129/><V11/><F11/><W91/><G78/><T98/><D98/><U36/><E36/><V59/><F115/><W124/><G124/><T55/><D55/><U18/><E97/><V56/><F113/><W57/><AGARI ba="1,1" hai="5,6,20,26,29,51,52,57,81,84,91" m="46609" machi="57" ten="40,8000,1" yaku="13,1,52,2,54,1" doraHai="3,74" who="3" fromWho="3" sc="280,-41,240,-21,240,-21,230,93" />
</Scene>
<Scene>
<INIT seed="1,0,0,3,5,63" ten="239,219,219,323" oya="1" hai0="87,91,5,84,22,52,80,131,129,20,36,107,1" hai1="97,134,90,135,21,120,103,116,79,28,12,62,133" hai2="68,42,88,10,105,56,29,78,113,34,57,38,85" hai3="45,49,31,75,76,25,127,101,98,16,33,92,32"/><U39/><E116/><V11/><F68/><W123/><G127/><T30/><D107/><U41/><E120/><V37/><F105/><W59/><G123/><T14/><D36/><U43/><E79/><V122/><F78/><W74/><G59/><T118/><D118/><U9/><E90/><V8/><F122/><W69/><G69/><T58/><D1/><U60/><E21/><V71/><F71/><W54/><G33/><T40/><D40/><N who="1" m="15435" /><E28/><V13/><F113/><W61/><G61/><T132/><D132/><U81/><E81/><V53/><F57/><W7/><G7/><T86/><D22/><U66/><E39/><V117/><F117/><W47/><G47/><T2/><D2/><U70/><E62/><V4/><F29/><W102/><G102/><T128/><D30/><U55/><E55/><V17/><F34/><W119/><G119/><T50/><REACH who="0" step="1"/><D20/><REACH who="0" ten="229,219,219,323" step="2"/><U124/><E124/><V94/><F38/><W99/><G31/><T24/><D24/><U121/><E121/><V115/><F115/><W109/><G25/><T111/><D111/><U0/><E0/><V106/><F106/><W82/><G109/><T19/><D19/><U15/><E9/><AGARI ba="0,1" hai="5,9,14,50,52,58,80,84,86,87,91,128,129,131" machi="9" ten="40,8000,1" yaku="1,1,19,1,54,1,53,1" doraHai="63" doraHaiUra="44" who="0" fromWho="1" sc="229,90,219,-80,219,0,323,0" />
</Scene>
<Scene>
<INIT seed="2,0,0,1,4,134" ten="319,139,219,323" oya="2" hai0="27,89,90,33,115,43,102,93,135,16,104,101,6" hai1="113,50,22,66,103,1,86,9,60,14,118,61,40" hai2="7,82,56,87,45,12,24,32,132,68,29,48,75" hai3="84,67,127,128,108,98,83,88,3,20,124,74,34"/><V109/><F68/><W123/><G34/><T41/><D115/><U76/><E113/><V36/><F75/><W119/><G3/><T116/><D135/><U11/><E118/><V38/><F132/><W92/><G119/><T46/><D104/><U125/><E103/><V52/><F109/><W114/><G114/><T65/><D65/><U121/><E121/><V23/><F45/><W55/><G123/><T4/><D116/><U120/><E120/><V79/><REACH who="2" step="1"/><F23/><REACH who="2" ten="319,139,209,323" step="2"/><W110/><G128/><T31/><D46/><U47/><E22/><V72/><F72/><W69/><G74/><T133/><D133/><U100/><E47/><V122/><F122/><W64/><G20/><T51/><D33/><U81/><E11/><AGARI ba="0,1" hai="7,11,12,24,29,32,36,38,48,52,56,79,82,87" machi="11" ten="40,7700,0" yaku="1,1,54,1,53,1" doraHai="134" doraHaiUra="10" who="2" fromWho="1" sc="319,0,139,-77,209,87,323,0" />
</Scene>
<Scene>
<INIT seed="2,1,0,0,3,19" ten="319,62,296,323" oya="2" hai0="68,94,22,85,79,2,107,105,46,25,123,72,28" hai1="114,133,122,57,11,103,117,27,16,67,135,76,126" hai2="74,30,110,77,75,106,24,20,134,47,95,59,78" hai3="100,116,43,12,84,63,56,21,66,101,64,62,87"/><V7/><F106/><W48/><G116/><T4/><D123/><U61/><E117/><V93/><F134/><N who="1" m="51209" /><E114/><V71/><F71/><W104/><G104/><T91/><D68/><U90/><E103/><N who="3" m="39498" /><G48/><T15/><D2/><U34/><E122/><V45/><F7/><W60/><G43/><T98/><D72/><U88/><E76/><V53/><F75/><W10/><G10/><T44/><D107/><U73/><E73/><V55/><F110/><W102/><N who="3" m="39506" /><W113/><DORA hai="83" /><G113/><T52/><D105/><U92/><E126/><V129/><F129/><W69/><G69/><T127/><D127/><U86/><E90/><V108/><F108/><W125/><G125/><T119/><D119/><U35/><E27/><V96/><F96/><W58/><G62/><T5/><D15/><AGARI ba="1,0" hai="11,15,16,34,35,57,61,67,86,88,92" m="51209" machi="15" ten="30,7700,0" yaku="20,1,52,1,54,2" doraHai="19,83" who="1" fromWho="0" sc="319,-80,62,80,296,0,323,0" />
</Scene>
<Scene>
<INIT seed="3,0,0,1,3,7" ten="239,142,296,323" oya="3" hai0="9,40,113,11,46,130,63,38,25,70,133,21,83" hai1="66,35,32,57,44,73,2,15,131,112,22,49,126" hai2="0,31,51,54,1,76,13,125,103,4,37,5,20" hai3="88,18,93,117,135,111,12,3,62,64,30,43,80"/><W77/><G117/><T47/><D130/><U16/><E112/><V50/><F37/><W128/><G3/><T68/><D133/><U6/><E73/><V65/><F65/><W8/><G128/><T53/><D113/><U98/><E131/><V96/><F76/><W118/><G135/><T121/><D121/><U116/><E116/><V48/><F125/><W115/><G111/><T120/><D120/><U124/><E98/><V110/><F110/><W91/><G115/><T52/><D83/><U41/><E66/><V106/><F54/><W95/><G43/><T114/><D114/><U127/><REACH who="1" step="1"/><E57/><REACH who="1" ten="239,132,296,323" step="2"/><V42/><F96/><W39/><G118/><T59/><D70/><U79/><E79/><V24/><F42/><W86/><G39/><T119/><D68/><U26/><E26/><V92/><F24/><W23/><G64/><T97/><D97/><U134/><E134/><V108/><F108/><W129/><G129/><T122/><D119/><U67/><E67/><V61/><F106/><W102/><G77/><T99/><D99/><U10/><AGARI ba="0,1" hai="2,6,10,15,16,22,32,35,41,44,49,124,126,127" machi="10" ten="40,8000,1" yaku="1,1,0,1,18,1,52,1,54,1,53,0" doraHai="7" doraHaiUra="69" who="1" fromWho="1" sc="239,-20,132,90,296,-20,323,-40" />
</Scene>
<Scene>
<INIT seed="4,0,0,5,0,22" ten="219,222,276,283" oya="0" hai0="12,98,32,85,128,89,84,71,14,53,35,92,132" hai1="106,31,42,68,30,37,15,4,80,46,113,44,76" hai2="61,99,34,27,134,135,52,16,87,95,56,130,79" hai3="122,72,105,9,57,49,70,104,117,129,47,21,83"/><T120/><D120/><U45/><E106/><V109/><F109/><W112/><G49/><T77/><D71/><U123/><E123/><V133/><F130/><W66/><G57/><T7/><D128/><U131/><E68/><V127/><F127/><W38/><G21/><T5/><D132/><U75/><E131/><V67/><F34/><W10/><G10/><N who="0" m="4175" /><D35/><U43/><E113/><V13/><F79/><W93/><G9/><N who="0" m="4415" /><D32/><U23/><E45/><V82/><F82/><W29/><G47/><T125/><D125/><U78/><E78/><V108/><F87/><N who="0" m="33354" /><D77/><U126/><E126/><V114/><F114/><W62/><G38/><T119/><D119/><U111/><E111/><V8/><F108/><W28/><G70/><T110/><D110/><U50/><REACH who="1" step="1"/><E4/><REACH who="1" ten="219,212,276,283" step="2"/><V100/><REACH who="2" step="1"/><F27/><REACH who="2" ten="219,212,266,283" step="2"/><W0/><G112/><T19/><D19/><AGARI ba="0,2" hai="15,19,23,30,31,37,42,43,44,46,50,75,76,80" machi="19" ten="40,2600,0" yaku="1,1,2,1,53,0" doraHai="22" doraHaiUra="55" who="1" fromWho="0" sc="219,-26,212,46,266,0,283,0" />
</Scene>
<Scene>
<INIT seed="5,0,0,1,4,50" ten="193,258,266,283" oya="1" hai0="99,75,35,123,61,122,98,114,120,0,97,64,11" hai1="80,31,12,34,19,128,20,85,92,49,131,82,109" hai2="124,105,71,73,110,74,67,38,66,103,108,36,130" hai3="127,55,69,51,15,45,118,29,107,52,100,25,112"/><U125/><E125/><V95/><F95/><W59/><G127/><T60/><D114/><U3/><E3/><V4/><F4/><W23/><G112/><T129/><D129/><N who="1" m="49739" /><E109/><V26/><F130/><W53/><G69/><T44/><D75/><U58/><E34/><V132/><F26/><W13/><G118/><T70/><D35/><U27/><E92/><V135/><F124/><W111/><G111/><T102/><D61/><U8/><E85/><V28/><F103/><W24/><G24/><T68/><D44/><U47/><E58/><V32/><F32/><W133/><G133/><T7/><REACH who="0" step="1"/><D70/><REACH who="0" ten="183,258,266,283" step="2"/><U62/><E62/><V16/><F71/><W57/><G45/><T21/><D21/><U37/><E37/><V116/><F116/><W6/><G59/><T84/><D84/><U14/><E47/><V48/><F36/><W88/><G6/><T86/><D86/><U54/><E49/><V89/><F38/><W43/><G57/><T101/><AGARI ba="0,1" hai="0,7,11,60,64,68,97,98,99,101,102,120,122,123" machi="101" ten="40,5200,0" yaku="1,1,0,1,13,1,53,0" doraHai="50" doraHaiUra="41" who="0" fromWho="0" sc="183,62,258,-26,266,-13,283,-13" />
</Scene>
<Scene>
<INIT seed="6,0,0,0,3,122" ten="245,232,253,270" oya="2" hai0="83,112,8,61,35,56,11,38,51,91,4,88,55" hai1="96,94,120,106,54,72,31,30,105,2,66,3,82" hai2="69,41,68,17,59,110,28,75,63,64,0,113,99" hai3="43,123,39,34,40,48,118,132,90,117,116,16,37"/><V93/><F0/><W58/><G34/><T98/><D38/><U95/><E66/><V22/><F75/><W9/><G123/><T130/><D35/><U114/><E120/><V71/><F28/><W7/><G132/><T126/><D130/><U36/><E36/><V111/><F41/><W50/><G90/><T102/><D112/><U19/><E114/><V97/><F113/><W131/><G131/><T23/><D126/><U32/><E32/><V129/><F129/><W119/><G7/><T1/><D11/><U133/><E19/><V101/><REACH who="2" step="1"/><F99/><REACH who="2" ten="245,232,243,270" step="2"/><W92/><G43/><T128/><D128/><U77/><E96/><V13/><AGARI ba="0,1" hai="13,17,22,59,63,64,68,69,71,93,97,101,110,111" machi="13" ten="40,12000,1" yaku="1,1,2,1,0,1,52,2,53,0" doraHai="122" doraHaiUra="124" who="2" fromWho="2" sc="245,-40,232,-40,243,130,270,-40" />
</Scene>
<Scene>
<INIT seed="6,1,0,2,2,104" ten="205,192,373,230" oya="2" hai0="12,96,9,78,92,117,53,121,84,58,102,51,5" hai1="129,114,25,109,69,41,131,38,27,112,45,83,120" hai2="7,77,60,62,26,80,18,108,36,135,43,71,100" hai3="44,37,127,22,30,86,68,42,32,8,125,48,65"/><V16/><F100/><W76/><G32/><T39/><D39/><U20/><E109/><V34/><F7/><W88/><G76/><T73/><D121/><U1/><E120/><V6/><F6/><W106/><G106/><T47/><D117/><U59/><E69/><V55/><F135/><W124/><G8/><T79/><D73/><U0/><E59/><V81/><F81/><N who="3" m="49231" /><G65/><T118/><D118/><U105/><E27/><V13/><F43/><W132/><G132/><T35/><D35/><U95/><E105/><V103/><F36/><W40/><G68/><T134/><D134/><U85/><E95/><V98/><F71/><W107/><G107/><T57/><D79/><N who="1" m="46335" /><E0/><V91/><F91/><W99/><G99/><T116/><D116/><U23/><E1/><V29/><F108/><W4/><G4/><T74/><D74/><U66/><E66/><V54/><F98/><W33/><G33/><T64/><D64/><U87/><E87/><V31/><F34/><W15/><G40/><T49/><D49/><U75/><E75/><V10/><F77/><W28/><G37/><T2/><D2/><U93/><E93/><V130/><F80/><AGARI ba="1,0" hai="5,9,12,47,51,53,57,58,78,80,84,92,96,102" machi="80" ten="40,1300,0" yaku="8,1" doraHai="104" who="0" fromWho="2" sc="205,16,192,0,373,-16,230,0" />
</Scene>
<Scene>
<INIT seed="7,0,0,0,5,54" ten="221,192,357,230" oya="3" hai0="16,105,117,85,74,90,133,0,21,95,26,25,79" hai1="51,9,4,81,69,47,31,125,49,8,75,40,46" hai2="107,38,82,124,98,67,99,2,119,87,93,135,12" hai3="34,129,10,94,127,13,36,30,58,118,48,11,126"/><W130/><G118/><T128/><D105/><U60/><E125/><N who="3" m="47626" /><G36/><T1/><D117/><U44/><E31/><V92/><F38/><W37/><G37/><T41/><D41/><U109/><E109/><V103/><F119/><W63/><G48/><T104/><D104/><U89/><E75/><V64/><F2/><W108/><G94/><T50/><D50/><U24/><E24/><V78/><F135/><W83/><G83/><T72/><D133/><U102/><E102/><V59/><F107/><W57/><G63/><T131/><D26/><U113/><E113/><V65/><F12/><W100/><G100/><T20/><D20/><U17/><E17/><V43/><F43/><W28/><G34/><T80/><D74/><U14/><E9/><N who="3" m="3082" /><G13/><T76/><D76/><U3/><E3/><V23/><F124/><W6/><G6/><T7/><D7/><U15/><E15/><V115/><F115/><W88/><G88/><T84/><D72/><U45/><E51/><V114/><F114/><W91/><G91/><T120/><D120/><U123/><E123/><V35/><F35/><W101/><G101/><T53/><D0/><U18/><E4/><V71/><F71/><W122/><G122/><T106/><D1/><U68/><REACH who="1" step="1"/><E60/><REACH who="1" ten="221,182,357,230" step="2"/><V62/><F103/><W52/><G108/><T22/><D106/><U111/><E111/><V29/><F62/><N who="3" m="36135" /><G58/><T61/><D22/><U19/><E19/><V110/><F110/><W42/><G42/><T5/><D5/><U55/><E55/><V70/><F23/><W27/><G27/><T112/><D112/><U56/><E56/><AGARI ba="0,1" hai="16,21,25,53,56,61,79,80,84,85,90,95,128,131" machi="56" ten="40,5200,0" yaku="6,1,52,1,54,1" doraHai="54" who="0" fromWho="1" sc="221,62,182,-52,357,0,230,0" owari="283,8.0,130,-37.0,357,46.0,230,-17.0" />
</Scene>
</mjloggm>