<mjloggm ver="2.3"><GO type="169" lobby="0"/><UN n0="%E5%A4%AA%E3%81%8F%E3%81%AA%E3%81%84%E3%81%8A" n1="%33%33%62%6C%61%63%6B" n2="%73%68%61%6F" n3="%E3%82%AE%E3%82%AC%E3%83%9E%E3%82%A4%E3%83%B3" dan="17,17,18,16" rate="2135.29,2130.82,2258.66,2138.62" sx="M,M,M,M"/><TAIKYOKU oya="0"/>

<Scene>
<INIT seed="0,0,0,0,4,123" ten="250,250,250,250" oya="0" hai0="100,9,135,102,81,32,73,129,72,46,130,124,31" hai1="12,53,94,29,13,109,85,11,118,37,34,16,82" hai2="59,24,56,26,77,83,107,21,4,19,98,76,106" hai3="7,25,54,101,38,88,17,30,47,23,60,41,6"/><T48/><D124/><U67/><E118/><V128/><F128/><N who="0" m="49258" /><D135/><U1/><E1/><V64/><F4/><W62/><G101/><N who="0" m="39019" /><D9/><U5/><E37/><V93/><F107/><W116/><G116/><T3/><D3/><U18/><E67/><V27/><F106/><W80/><G30/><T71/><D71/><U55/><E5/><V84/><F77/><W105/><G105/><T8/><D8/><U103/><E29/><V69/><F69/><W108/><G108/><T57/><D57/><N who="2" m="22090" /><F64/><W74/><G54/><N who="0" m="29975" /><D81/><U79/><E109/><V22/><F22/><W58/><G58/><T2/><D2/><U65/><E65/><V97/><F93/><W115/><G115/><T51/><D51/><U89/><E103/><V122/><F122/><W95/><G7/><T49/><D49/><U43/><E43/><V120/><F120/><W39/><G6/><T110/><D110/><U117/><E117/><V134/><F134/><W119/><G39/><T15/><D15/><AGARI ba="0,0" hai="15,19,21,24,26,27,76,83,84,97,98" m="22090" machi="15" ten="30,1000,0" yaku="8,1" doraHai="123" who="2" fromWho="0" sc="250,-10,250,0,250,10,250,0" />
</Scene>
<Scene>
<INIT seed="1,0,0,5,1,86" ten="240,250,260,250" oya="1" hai0="130,32,23,68,45,20,109,131,0,118,69,22,13" hai1="58,89,12,34,38,132,70,19,71,80,40,6,115" hai2="91,37,33,27,113,87,2,101,42,21,25,124,4" hai3="24,112,119,51,7,29,95,17,28,62,30,63,129"/><U106/><E115/><V84/><F113/><W57/><G112/><T133/><D0/><U5/><E34/><V66/><F124/><W15/><G129/><N who="0" m="49163" /><D118/><U117/><E117/><V97/><F66/><W65/><G119/><T94/><D32/><U47/><E106/><V55/><F84/><W46/><G7/><T50/><D109/><U78/><E132/><V49/><F42/><W64/><G95/><T88/><D13/><U110/><E110/><V100/><F37/><W77/><G77/><T85/><D133/><U102/><E102/><V10/><F33/><W108/><G108/><T3/><D3/><U114/><E58/><V61/><F61/><W52/><G24/><T98/><D98/><U105/><E105/><V53/><F53/><AGARI ba="0,0" hai="20,22,23,45,50,53,68,69,85,88,94" m="49163" machi="53" ten="30,3900,0" yaku="19,1,52,1,54,1" doraHai="86" who="0" fromWho="2" sc="240,39,250,0,260,-39,250,0" />
</Scene>
<Scene>
<INIT seed="2,0,0,2,3,13" ten="279,250,221,250" oya="2" hai0="11,125,61,48,96,37,132,80,128,29,100,114,55" hai1="89,76,58,22,27,130,33,82,92,74,34,54,131" hai2="69,45,1,79,87,90,97,129,9,71,117,126,112" hai3="6,85,101,110,36,46,113,25,51,50,107,32,111"/><V119/><F112/><W93/><G107/><T17/><D114/><U47/><E47/><V106/><F129/><W99/><G113/><T23/><D37/><U20/><E34/><V124/><F79/><W134/><G134/><T57/><D132/><U123/><E33/><V104/><F45/><W4/><G36/><T2/><D128/><N who="1" m="49195" /><E123/><V63/><F1/><W78/><G78/><T127/><D29/><U39/><E27/><V41/><F41/><W133/><G85/><T42/><D80/><U84/><E39/><V26/><F9/><W120/><G120/><T44/><D11/><U62/><AGARI ba="0,0" hai="20,22,54,58,62,74,76,82,84,89,92" m="49195" machi="62" ten="30,1100,0" yaku="19,1" doraHai="13" who="1" fromWho="1" sc="279,-3,250,11,221,-5,250,-3" />
</Scene>
<Scene>
<INIT seed="3,0,0,3,0,81" ten="276,261,216,247" oya="3" hai0="101,26,79,68,109,46,84,22,113,131,123,112,94" hai1="70,67,23,119,86,117,135,64,42,55,25,16,106" hai2="95,116,99,62,36,93,39,18,7,118,53,134,35" hai3="52,60,85,14,9,105,122,91,133,78,3,121,44"/><W54/><G105/><T51/><D123/><U8/><E106/><V74/><F74/><W125/><G3/><T107/><D68/><U45/><E70/><V1/><F35/><W61/><G78/><T24/><D109/><U17/><E55/><V47/><F134/><W13/><G133/><T65/><D65/><U100/><E100/><V40/><F39/><W83/><G125/><T56/><D56/><U92/><E135/><V71/><F95/><W77/><G14/><T108/><D108/><U10/><E67/><V98/><F98/><W102/><G102/><T115/><D131/><U21/><E64/><V132/><F132/><W110/><G110/><T28/><D107/><U4/><E4/><V126/><F126/><W82/><G122/><T80/><D26/><N who="1" m="14631" /><E45/><V103/><F71/><W19/><G121/><T88/><D101/><U38/><E42/><V72/><F72/><N who="3" m="43303" /><G54/><T37/><D37/><U15/><E38/><V57/><F7/><W2/><G2/><T87/><REACH who="0" step="1"/><D115/><REACH who="0" ten="266,261,216,247" step="2"/><U114/><E114/><V50/><F36/><W59/><G59/><T43/><AGARI ba="0,1" hai="22,24,28,43,46,51,79,80,84,87,88,94,112,113" machi="43" ten="30,12000,2" yaku="1,1,2,1,0,1,52,2,54,1,53,0" doraHai="81" doraHaiUra="31" who="0" fromWho="0" sc="266,130,261,-30,216,-30,247,-60" />
</Scene>
<Scene>
<INIT seed="4,0,0,5,3,129" ten="396,231,186,187" oya="0" hai0="101,93,97,124,89,130,61,82,60,128,112,98,30" hai1="10,25,7,134,109,105,8,41,46,9,102,131,135" hai2="29,55,94,110,72,52,121,27,80,20,65,125,114" hai3="75,83,127,67,111,87,42,33,31,54,120,50,12"/><T38/><D38/><U35/><E131/><N who="0" m="50217" /><D112/><U5/><E105/><V77/><F110/><W96/><G75/><T57/><D124/><U11/><E102/><V37/><F114/><W34/><G42/><T58/><D30/><N who="1" m="19919" /><E109/><V0/><F0/><W24/><G111/><T47/><D47/><U26/><E46/><V95/><F125/><W6/><G127/><T18/><D18/><U48/><E48/><V68/><F121/><W43/><G43/><T21/><D21/><U113/><E41/><V23/><F37/><W126/><G126/><T100/><D82/><U53/><E53/><V14/><F14/><W107/><G34/><T103/><D97/><U22/><E113/><V1/><F1/><W73/><G120/><T17/><D17/><N who="1" m="12623" /><E5/><V133/><F80/><W84/><G83/><T106/><D106/><U2/><AGARI ba="0,0" hai="2,7,8,9,10,11,134,135" m="12623,19919" machi="2" ten="30,7900,0" yaku="34,2,52,2" doraHai="129" who="1" fromWho="1" sc="396,-39,231,79,186,-20,187,-20" />
</Scene>
<Scene>
<INIT seed="5,0,0,0,1,8" ten="357,310,166,167" oya="1" hai0="129,99,104,2,7,96,26,62,13,90,4,111,48" hai1="122,78,57,93,108,22,102,5,6,56,42,91,46" hai2="121,51,82,54,3,130,126,73,113,58,107,70,83" hai3="112,98,101,100,45,49,89,14,39,92,123,15,86"/><U115/><E122/><V37/><RYUUKYOKU type="yao9" ba="0,0" sc="357,0,310,0,166,0,167,0" hai2="3,37,51,54,58,70,73,82,83,107,113,121,126,130" />
</Scene>
<Scene>
<INIT seed="5,1,0,2,1,70" ten="357,310,166,167" oya="1" hai0="25,42,117,103,16,4,72,24,107,122,26,18,89" hai1="129,73,123,8,64,19,53,91,100,124,74,29,106" hai2="1,39,34,28,84,33,115,121,77,10,116,62,132" hai3="59,52,114,130,125,128,14,110,32,105,131,135,49"/><U80/><E123/><V75/><F116/><W55/><G105/><T15/><D117/><U50/><E64/><V68/><F121/><W133/><G32/><T2/><D72/><U54/><E29/><V76/><F76/><W48/><G110/><T30/><D122/><U120/><E129/><V85/><F132/><N who="3" m="50763" /><G14/><T104/><D42/><U134/><E124/><V0/><F85/><W71/><G114/><T81/><D2/><U3/><E54/><V82/><F84/><W9/><G9/><N who="0" m="4519" /><D107/><U108/><E8/><V95/><F95/><W40/><G71/><T109/><D104/><U17/><E106/><V66/><F115/><W112/><G40/><T36/><D36/><U127/><E3/><N who="2" m="1099" /><F10/><W43/><G112/><T99/><D109/><U44/><E108/><V118/><F118/><W79/><G79/><T21/><D103/><U12/><E100/><V23/><F23/><W7/><G43/><T65/><D65/><U69/><E69/><V119/><F119/><W93/><G93/><N who="0" m="56751" /><D81/><U31/><E80/><V111/><F111/><W96/><G96/><T35/><D35/><U47/><E120/><V92/><F92/><W78/><G78/><T57/><D57/><U102/><E134/><V113/><F113/><W61/><G7/><T13/><D30/><U6/><E6/><V5/><F5/><W87/><G87/><T83/><D83/><U97/><E73/><V63/><F28/><W27/><G27/><T126/><D126/><U22/><E127/><V60/><F39/><W45/><G125/><T56/><D18/><U41/><E74/><V11/><F11/><RYUUKYOKU ba="1,0" sc="357,10,310,-30,166,10,167,10" hai0="13,16,21,24,25,26,56" hai2="33,34,60,62,63,66,68,75,77,82" hai3="45,48,49,52,55,59,61,128,130,131" />
</Scene>
<Scene>
<INIT seed="6,2,0,4,5,126" ten="367,280,176,177" oya="2" hai0="51,22,132,16,29,36,123,130,54,59,83,114,68" hai1="39,87,76,66,104,120,86,116,110,127,53,56,102" hai2="82,124,61,43,101,23,135,77,117,121,50,133,92" hai3="90,107,10,41,109,88,84,20,8,100,60,18,115"/><V37/><F117/><W69/><G109/><T32/><D123/><U118/><E110/><V93/><F121/><W45/><G115/><T4/><D36/><U28/><E39/><V73/><F124/><W119/><G119/><T80/><D68/><U81/><E66/><V24/><F37/><W134/><G134/><N who="2" m="51209" /><F61/><W96/><G69/><T79/><D132/><U89/><E120/><V44/><F101/><W70/><G70/><T33/><D4/><U11/><E102/><V108/><F108/><W52/><G90/><T35/><D114/><U21/><E104/><V74/><F74/><W129/><G129/><T71/><D71/><U48/><E127/><V2/><F2/><W75/><G75/><T122/><D122/><U78/><E78/><V19/><AGARI ba="2,0" hai="19,23,24,43,44,50,73,77,82,92,93" m="51209" machi="19" ten="30,1500,0" yaku="20,1" doraHai="126" who="2" fromWho="2" sc="367,-7,280,-7,176,21,177,-7" />
</Scene>
<Scene>
<INIT seed="6,3,0,3,5,102" ten="360,273,197,170" oya="2" hai0="6,104,31,133,55,47,59,103,50,43,122,97,63" hai1="61,10,65,106,1,87,77,35,33,101,134,99,109" hai2="110,21,131,112,132,129,13,91,71,16,123,51,52" hai3="39,58,7,100,4,57,116,84,37,94,19,95,5"/><V45/><F123/><W32/><G116/><T36/><D122/><U18/><E109/><V26/><F110/><W107/><G32/><T11/><D133/><U82/><E134/><V46/><F132/><W54/><G19/><T23/><D31/><U78/><E78/><V15/><F71/><W85/><G54/><T44/><D23/><U124/><E124/><V113/><F91/><W2/><G2/><T70/><D70/><U27/><E1/><V130/><F46/><W105/><G7/><T67/><D11/><U38/><E38/><V56/><F45/><W9/><G100/><T49/><REACH who="0" step="1"/><D6/><REACH who="0" ten="350,273,197,170" step="2"/><U115/><E10/><AGARI ba="3,1" hai="4,5,9,10,37,39,57,58,84,85,94,95,105,107" machi="10" ten="25,6400,0" yaku="22,2,52,2" doraHai="102" who="3" fromWho="1" sc="350,0,273,-73,197,0,170,83" />
</Scene>
<Scene>
<INIT seed="7,0,0,4,0,26" ten="350,200,197,253" oya="3" hai0="110,49,115,98,31,81,78,124,27,22,129,40,127" hai1="121,93,10,82,59,25,66,135,85,133,74,45,117" hai2="54,53,61,70,62,86,41,92,104,103,44,14,71" hai3="72,122,7,114,68,99,13,1,97,80,109,64,87"/><W38/><G38/><T118/><D110/><U17/><E121/><V56/><F104/><W33/><G72/><T20/><D118/><U39/><E117/><V73/><F73/><W84/><G1/><T94/><D129/><U29/><E74/><V60/><F14/><W23/><G33/><N who="0" m="20735" /><D49/><U34/><E93/><V128/><F128/><W48/><G114/><T21/><D40/><N who="1" m="22687" /><E17/><V51/><F54/><W42/><G68/><T106/><D106/><U75/><E75/><V120/><F120/><W32/><G64/><T15/><D15/><U47/><E47/><V79/><F103/><W12/><G32/><T58/><D58/><U111/><E10/><V46/><F46/><W19/><G109/><T108/><D115/><U102/><E102/><V35/><F35/><W134/><G134/><N who="1" m="51210" /><E111/><V91/><REACH who="2" step="1"/><F79/><REACH who="2" ten="350,200,187,253" step="2"/><N who="3" m="46111" /><G13/><T8/><D78/><N who="1" m="46295" /><E66/><V113/><F113/><W76/><G12/><T50/><D108/><U107/><E107/><V96/><F96/><W37/><G99/><T130/><D98/><U3/><E3/><V11/><F11/><W16/><G97/><T9/><D9/><U90/><E90/><V28/><F28/><W88/><G88/><T105/><D8/><U30/><E30/><V36/><AGARI ba="0,1" hai="36,41,44,51,53,56,60,61,62,70,71,86,91,92" machi="36" ten="30,2000,0" yaku="1,1,0,1,53,0" doraHai="26" doraHaiUra="2" who="2" fromWho="2" sc="350,-5,200,-5,187,30,253,-10" owari="345,44.0,195,-30.0,217,-18.0,243,4.0" />
</Scene>
</mjloggm>