<mjloggm ver="2.3"><GO type="169" lobby="0"/><UN n0="%E5%A4%AA%E3%81%8F%E3%81%AA%E3%81%84%E3%81%8A" n1="%EF%BC%BF%E3%82%86%E3%82%86%E3%82%86" n2="%E8%B5%A4%E8%A3%8F%E3%83%9B%E3%82%B7%E3%83%BC%E3%83%8E" n3="%63%68%75%62%75%37%34" dan="17,16,16,16" rate="2138.82,2017.20,2146.71,2105.00" sx="M,F,M,M"/><TAIKYOKU oya="0"/>

<Scene>
<INIT seed="0,0,0,2,5,121" ten="250,250,250,250" oya="0" hai0="109,123,9,19,85,75,21,124,48,63,42,18,40" hai1="91,69,97,11,66,125,28,116,128,106,134,50,100" hai2="135,79,43,39,44,126,54,120,96,88,77,31,47" hai3="101,132,32,94,17,30,5,8,55,7,71,105,114"/><T24/><D75/><U60/><E116/><V111/><F120/><W70/><G114/><T99/><D123/><U13/><E128/><V127/><F31/><W133/><G105/><T52/><D124/><U112/><E134/><N who="3" m="51818" /><G17/><T26/><D63/><U0/><E125/><N who="2" m="47627" /><F135/><W131/><G131/><T113/><D113/><U22/><E112/><V29/><F29/><W119/><G119/><T98/><D85/><U65/><E65/><V103/><F103/><W2/><G7/><T73/><D73/><U122/><E122/><V36/><F79/><W93/><G55/><T46/><D109/><U12/><E50/><N who="2" m="29023" /><F77/><W62/><G101/><T86/><D86/><U16/><E91/><V108/><F39/><W87/><G94/><AGARI ba="0,0" hai="36,43,44,88,94,96,108,111" m="29023,47627" machi="94" ten="30,7700,0" yaku="18,1,52,2,54,1" doraHai="121" who="2" fromWho="3" sc="250,0,250,0,250,77,250,-77" />
</Scene>
<Scene>
<INIT seed="1,0,0,4,2,52" ten="250,250,327,173" oya="1" hai0="66,114,91,111,69,57,131,29,127,49,79,103,128" hai1="108,10,37,54,51,94,102,74,75,88,20,81,22" hai2="47,60,130,115,104,123,90,67,64,71,62,41,53" hai3="45,96,31,12,110,98,15,65,0,17,116,95,14"/><U39/><E102/><V124/><F104/><W24/><G0/><T16/><D29/><U77/><E74/><V134/><F90/><W122/><G122/><T40/><D79/><U72/><E75/><V86/><F86/><W133/><G110/><T27/><D103/><U61/><E108/><V121/><F115/><W26/><G133/><T59/><D111/><U32/><E32/><V126/><F134/><W5/><G5/><T85/><D114/><U6/><E61/><V83/><F83/><W132/><G45/><N who="0" m="25767" /><D69/><U46/><E39/><N who="2" m="21951" /><F53/><W18/><G116/><T78/><D78/><U106/><E106/><V87/><F87/><W43/><G43/><T82/><D66/><U120/><E120/><N who="2" m="46155" /><F130/><N who="0" m="49706" /><D127/><U7/><E77/><V107/><F107/><W101/><G65/><T112/><D112/><U119/><E72/><V92/><F92/><N who="3" m="58503" /><G132/><T63/><D63/><U9/><E94/><V44/><F44/><W19/><G31/><T84/><D84/><U11/><E46/><V105/><F105/><W58/><G58/><AGARI ba="0,0" hai="58,60,62,64,67,71,124,126" m="46155,21951" machi="58" ten="30,3900,0" yaku="34,2,52,1" doraHai="52" who="2" fromWho="3" sc="250,0,250,0,327,39,173,-39" />
</Scene>
<Scene>
<INIT seed="2,0,0,1,3,74" ten="250,250,366,134" oya="2" hai0="81,0,121,17,60,41,50,40,15,101,46,114,79" hai1="55,97,27,88,78,98,111,52,129,36,107,25,66" hai2="32,10,92,26,38,30,85,86,64,37,131,80,133" hai3="61,103,110,71,5,102,49,47,34,113,58,67,119"/><V83/><F133/><W31/><G119/><T42/><D0/><U118/><E118/><V57/><F131/><W54/><G5/><T20/><D121/><U112/><E112/><V8/><F92/><W1/><G1/><T100/><D114/><U3/><E3/><V39/><F64/><W91/><G110/><T89/><D89/><U22/><E36/><V95/><F95/><W44/><G113/><T48/><D60/><U21/><E66/><V43/><F57/><W128/><G91/><T104/><D104/><U109/><E129/><V13/><F43/><W2/><G2/><T115/><D115/><U130/><E130/><V53/><F53/><W6/><G6/><T14/><D14/><U29/><E88/><V84/><REACH who="2" step="1"/><F13/><REACH who="2" ten="250,250,356,134" step="2"/><W108/><G128/><T87/><D42/><U72/><E107/><V4/><F4/><W19/><G108/><T11/><D41/><U124/><E109/><V33/><F33/><W116/><G116/><T93/><D93/><U127/><E111/><V73/><F73/><W69/><G69/><T45/><D40/><U123/><E72/><V28/><F28/><W99/><G102/><T51/><D101/><U68/><E29/><V23/><F23/><W18/><G18/><T135/><D100/><U7/><E7/><V63/><F63/><W9/><G19/><T96/><D135/><U105/><E105/><V65/><F65/><W94/><G9/><AGARI ba="0,1" hai="8,9,10,26,30,32,37,38,39,80,83,84,85,86" machi="9" ten="50,2400,0" yaku="1,1,53,0" doraHai="74" doraHaiUra="62" who="2" fromWho="3" sc="250,0,250,0,356,34,134,-24" />
</Scene>
<Scene>
<INIT seed="2,1,0,2,0,36" ten="250,250,390,110" oya="2" hai0="133,110,49,106,134,7,33,57,78,39,101,83,1" hai1="121,95,99,6,75,15,21,102,24,70,119,67,18" hai2="103,88,118,127,61,38,41,100,10,2,77,73,130" hai3="62,54,42,12,26,132,76,64,59,86,111,19,115"/><V30/><F118/><W22/><G132/><N who="0" m="50795" /><D39/><U25/><E119/><V80/><F30/><W48/><G111/><T96/><D33/><U123/><E75/><V27/><F27/><W53/><G115/><T44/><D57/><U23/><E6/><N who="2" m="1367" /><F130/><W63/><G63/><T125/><D110/><U129/><E129/><V13/><F13/><W74/><G74/><N who="0" m="43479" /><D125/><U98/><E98/><V3/><F3/><W52/><G26/><T85/><D85/><U28/><REACH who="1" step="1"/><E15/><REACH who="1" ten="250,240,390,110" step="2"/><V93/><F127/><W51/><G42/><N who="0" m="24727" /><D1/><U5/><E5/><AGARI ba="1,1" hai="5,7,96,101,106" m="24727,43479,50795" machi="5" ten="30,2000,0" yaku="20,1,52,1" doraHai="36" who="0" fromWho="1" sc="250,33,240,-23,390,0,110,0" />
</Scene>
<Scene>
<INIT seed="3,0,0,2,2,86" ten="283,217,390,110" oya="3" hai0="80,15,4,85,24,71,81,105,90,22,96,132,20" hai1="21,118,46,44,67,58,97,57,61,28,110,88,135" hai2="62,38,2,79,49,37,98,52,39,55,14,33,70" hai3="48,69,17,75,107,18,19,1,76,123,3,59,65"/><W72/><G123/><T91/><D71/><U34/><E110/><V109/><F109/><W93/><G107/><T103/><D132/><U74/><E74/><V77/><F33/><W106/><G106/><T94/><D24/><N who="1" m="16399" /><E34/><V99/><F2/><W29/><G29/><T115/><D115/><U66/><E135/><V23/><F23/><N who="0" m="8746" /><D105/><U101/><E101/><V47/><F14/><W56/><G93/><N who="0" m="54479" /><D103/><U30/><E30/><V51/><F62/><W40/><G69/><T5/><D15/><U25/><E25/><V89/><F70/><W82/><G75/><T9/><D9/><U10/><E10/><V60/><F60/><W116/><G116/><T121/><D121/><U78/><E78/><V125/><F39/><W50/><G65/><T95/><D95/><N who="1" m="56551" /><E118/><V131/><F38/><W0/><REACH who="3" step="1"/><G40/><REACH who="3" ten="283,217,390,100" step="2"/><T111/><D111/><U54/><E67/><V100/><F100/><W43/><G43/><T27/><D27/><U31/><E31/><V41/><F41/><W16/><N who="3" m="4096" /><DORA hai="130" /><W26/><G26/><T113/><D113/><U120/><E120/><V134/><F134/><W133/><G133/><T68/><D68/><U12/><E66/><V119/><F119/><W11/><G11/><T108/><D108/><U87/><E54/><V104/><F52/><W102/><G102/><T122/><D122/><U53/><E53/><V83/><F55/><W117/><G117/><T129/><D129/><U7/><E61/><V64/><F64/><W73/><G73/><T32/><D32/><U45/><E58/><AGARI ba="0,1" hai="0,1,3,48,50,56,58,59,72,76,82" m="4096" machi="58" ten="60,5800,0" yaku="1,1,54,1,53,0" doraHai="86,130" doraHaiUra="63,126" who="3" fromWho="1" sc="283,0,217,-58,390,0,100,68" />
</Scene>
<Scene>
<INIT seed="3,1,0,0,1,22" ten="283,159,390,168" oya="3" hai0="53,77,108,90,57,36,65,67,83,70,126,113,86" hai1="78,74,44,95,122,129,25,4,96,114,107,12,33" hai2="111,13,47,55,61,48,51,119,116,109,60,45,6" hai3="99,110,24,30,49,88,79,43,32,92,121,87,11"/><W21/><G121/><T38/><D70/><U100/><E122/><V42/><F13/><W85/><G110/><N who="2" m="41993" /><F6/><W71/><G71/><T93/><D108/><U40/><E114/><V16/><F16/><W10/><G32/><T50/><D113/><U52/><E129/><V89/><F89/><W14/><G11/><T94/><D126/><U3/><E12/><V120/><F120/><W118/><G118/><AGARI ba="1,0" hai="42,45,47,48,51,55,60,61,116,118,119" m="41993" machi="118" ten="30,3900,0" yaku="14,1,34,2" doraHai="22" who="2" fromWho="3" sc="283,0,159,0,390,42,168,-42" />
</Scene>
<Scene>
<INIT seed="4,0,0,0,4,113" ten="283,159,432,126" oya="0" hai0="131,112,133,118,101,51,120,52,65,126,35,129,13" hai1="75,2,68,20,110,98,39,18,85,41,122,38,76" hai2="15,91,72,33,25,44,124,90,19,73,34,77,81" hai3="104,74,56,95,106,117,24,12,78,63,96,103,119"/><T14/><D120/><U115/><E110/><V92/><F124/><W87/><G12/><T114/><D35/><U84/><E122/><V132/><F132/><W79/><G24/><T111/><D133/><U10/><E68/><V9/><F73/><W86/><G56/><T60/><D101/><U59/><E115/><N who="0" m="44073" /><D126/><U121/><E121/><V43/><F91/><W64/><G64/><T30/><D30/><U16/><E98/><V7/><F25/><W3/><G63/><T62/><D111/><U108/><E59/><V134/><F19/><W1/><G74/><T22/><D62/><U105/><E108/><V36/><F134/><W135/><G135/><T128/><D22/><U21/><E21/><V26/><F26/><W93/><G96/><AGARI ba="0,0" hai="7,9,15,33,34,36,43,44,72,77,81,90,92,96" machi="96" ten="30,1000,0" yaku="7,1" doraHai="113" who="2" fromWho="3" sc="283,0,159,0,432,10,126,-10" />
</Scene>
<Scene>
<INIT seed="5,0,0,5,5,54" ten="283,159,442,116" oya="1" hai0="61,124,14,19,82,113,68,87,50,107,43,133,59" hai1="12,106,24,112,39,30,2,25,126,122,36,65,45" hai2="26,89,7,0,49,32,120,127,100,70,84,57,98" hai3="62,81,18,94,64,90,27,47,31,34,83,69,92"/><U67/><E122/><V53/><F70/><W16/><G92/><T6/><D107/><U118/><E2/><V35/><F127/><W41/><G81/><T129/><D68/><U73/><E118/><V104/><F120/><W117/><G83/><T96/><D6/><U21/><E73/><V20/><F7/><W103/><G103/><T8/><D124/><U128/><E106/><V93/><F0/><W28/><G28/><AGARI ba="0,0" hai="20,26,28,32,35,49,53,57,84,89,93,98,100,104" machi="28" ten="30,2000,0" yaku="7,1,52,1" doraHai="54" who="2" fromWho="3" sc="283,0,159,0,442,20,116,-20" />
</Scene>
<Scene>
<INIT seed="6,0,0,5,5,122" ten="283,159,462,96" oya="2" hai0="65,132,70,46,104,101,112,44,20,34,135,84,108" hai1="116,36,6,64,74,49,87,68,45,50,7,76,85" hai2="2,91,129,35,41,57,48,19,8,59,67,130,9" hai3="128,80,43,118,55,113,39,71,78,131,77,93,17"/><V51/><F35/><W42/><G71/><T10/><D34/><U96/><E116/><V88/><F67/><W12/><G118/><T15/><D112/><U21/><E36/><V95/><F95/><W26/><G26/><T120/><D120/><U32/><E32/><V62/><F62/><W126/><G126/><T73/><D73/><U86/><E96/><V114/><F19/><W127/><G127/><T0/><D0/><U109/><E64/><V105/><F2/><W24/><G24/><T3/><D3/><U58/><E68/><V90/><F41/><W82/><G93/><T89/><D65/><U56/><E21/><V111/><F105/><W83/><G55/><T69/><D104/><U72/><E85/><V103/><F103/><W1/><G1/><T134/><D101/><U75/><E75/><V79/><F79/><N who="3" m="30219" /><G39/><T25/><D70/><U38/><E76/><V81/><F81/><N who="3" m="20739" /><W54/><DORA hai="4" /><G113/><T61/><D69/><U121/><E38/><V107/><F107/><W110/><G110/><T117/><D108/><U27/><E27/><V22/><F22/><W98/><G98/><T47/><D117/><U28/><E109/><V16/><F16/><W92/><G92/><T33/><D33/><U60/><E121/><V99/><F99/><W106/><G106/><T125/><D20/><U63/><E28/><V11/><F114/><W66/><G66/><T31/><D31/><U94/><E94/><V52/><F111/><W30/><G30/><T119/><D119/><U23/><E23/><V14/><F14/><W123/><G123/><T37/><D25/><RYUUKYOKU ba="0,0" sc="283,-15,159,15,462,15,96,-15" hai1="6,7,45,49,50,56,58,60,63,72,74,86,87" hai2="8,9,11,48,51,52,57,59,88,90,91,129,130" />
</Scene>
<Scene>
<INIT seed="6,1,0,5,3,113" ten="268,174,477,81" oya="2" hai0="34,11,104,18,4,93,6,67,35,107,14,83,122" hai1="132,39,91,0,110,70,38,64,94,7,130,88,33" hai2="125,12,57,105,54,131,21,97,40,108,16,98,44" hai3="75,49,24,26,62,52,86,29,126,37,87,22,17"/><V31/><F131/><W121/><G37/><T120/><D67/><U59/><E110/><V81/><F108/><W84/><G75/><T119/><D93/><U109/><E109/><V60/><F125/><W27/><G121/><N who="0" m="46699" /><D83/><U115/><E33/><N who="0" m="12297" /><D104/><U19/><E132/><V32/><F105/><W63/><G126/><T90/><D90/><U13/><E115/><V89/><F31/><W106/><G106/><T99/><D99/><U100/><E130/><V82/><F32/><W95/><G95/><T55/><D55/><U47/><E70/><V114/><F114/><W41/><G41/><T124/><D107/><U56/><E100/><V135/><F135/><W23/><REACH who="3" step="1"/><G26/><REACH who="3" ten="268,174,477,71" step="2"/><T73/><D73/><U123/><E123/><V102/><F40/><W111/><G111/><T8/><D124/><U118/><E94/><V77/><F102/><W61/><G61/><T58/><D4/><U48/><E7/><V36/><F60/><W2/><G2/><T15/><D6/><U72/><E39/><V46/><F36/><W103/><G103/><T96/><D15/><U127/><E13/><V74/><F12/><W30/><G30/><T129/><D14/><U101/><E72/><V79/><F74/><W25/><G25/><T78/><D129/><U45/><E38/><V50/><F50/><W28/><G28/><T134/><D134/><U65/><E48/><V133/><F133/><W51/><G51/><T66/><D96/><U69/><E127/><V3/><F98/><W85/><N who="3" m="21504" /><DORA hai="43" /><W53/><G53/><T112/><D112/><U9/><E0/><V76/><F3/><RYUUKYOKU ba="1,1" sc="268,-10,174,-10,477,-10,71,30" hai3="17,22,23,24,27,29,49,52,62,63" />
</Scene>
<Scene>
<INIT seed="7,2,1,2,3,58" ten="258,164,467,101" oya="3" hai0="32,24,40,35,123,69,3,60,15,56,101,74,37" hai1="71,51,80,105,89,46,72,96,61,62,82,124,55" hai2="20,52,68,41,54,13,16,47,12,42,99,21,118" hai3="57,112,84,22,127,73,97,78,8,36,130,66,98"/><W135/><G36/><T111/><D3/><U14/><E71/><V59/><F68/><W44/><G73/><T63/><D111/><U104/><E124/><V43/><F99/><N who="3" m="37899" /><G127/><T120/><D74/><U119/><E119/><V88/><F47/><W91/><G112/><T113/><D101/><U45/><E72/><V75/><F75/><W29/><G130/><T64/><D113/><U50/><E14/><V67/><F88/><W129/><G129/><T0/><D0/><U10/><E10/><V33/><F33/><W110/><G110/><T87/><D15/><U48/><E48/><V128/><F118/><W103/><G135/><T125/><D125/><U39/><E39/><V102/><F102/><W34/><G34/><T107/><D107/><U49/><E49/><V27/><F128/><W114/><G103/><T133/><D133/><U131/><E131/><V5/><F5/><W28/><G114/><T38/><D87/><U23/><E23/><V108/><F108/><W86/><G44/><T122/><D35/><U95/><E104/><V92/><F27/><N who="3" m="16503" /><G29/><T18/><D32/><U6/><E105/><V116/><F116/><W121/><G121/><T132/><D132/><U134/><E134/><V11/><F11/><W9/><G78/><T7/><D38/><U31/><E31/><V90/><F90/><W2/><G91/><T17/><D37/><U26/><E6/><V100/><F100/><W19/><G19/><T117/><D7/><U85/><E89/><V53/><F16/><N who="0" m="6250" /><D117/><U81/><E45/><V77/><F77/><W70/><G70/><T30/><D69/><RYUUKYOKU ba="2,1" sc="258,0,164,0,467,0,101,0" owari="258,6.0,164,-24.0,477,58.0,101,-40.0" />
</Scene>
</mjloggm>