<mjloggm ver="2.3"><GO type="169" lobby="0"/><UN n0="%E3%83%8D%E3%82%AA%E3%81%91%E3%82%8D%E3%81%A3%E3%81%A1%E3%82%87" n1="%E3%83%95%E3%83%AB%E3%82%BC%E3%83%B3%E3%83%84" n2="%E3%83%8F%E3%83%83%E3%83%94%E3%83%BC%E3%81%A1%E3%82%83%E3%82%93" n3="%E5%A4%AA%E3%81%8F%E3%81%AA%E3%81%84%E3%81%8A" dan="16,17,16,17" rate="2038.59,2174.61,2041.25,2187.21" sx="M,M,M,F"/><TAIKYOKU oya="0"/>

<Scene>
<INIT seed="0,0,0,3,0,32" ten="250,250,250,250" oya="0" hai0="93,69,87,81,124,14,49,48,130,85,15,30,12" hai1="54,59,114,126,40,62,73,103,8,89,94,20,16" hai2="75,88,61,31,41,76,131,52,63,33,6,1,36" hai3="86,0,19,47,3,65,100,134,104,26,44,92,102"/><T51/><D69/><U95/><E73/><V4/><F33/><W82/><G104/><T2/><D124/><U67/><E126/><V70/><F31/><W50/><G65/><T66/><D66/><U83/><E114/><V128/><F70/><W113/><G113/><T106/><D30/><U80/><E40/><V74/><F63/><W123/><G134/><T132/><D106/><U78/><E78/><V7/><F1/><W45/><G50/><T55/><D2/><U77/><E77/><V34/><F34/><W129/><G129/><N who="2" m="49737" /><F76/><W56/><G56/><T13/><D130/><U53/><E8/><V23/><F23/><W71/><G71/><T115/><D115/><U25/><E103/><V122/><F122/><W57/><G57/><T58/><D132/><U29/><E29/><V101/><F101/><W117/><G102/><T98/><N who="0" m="3072" /><DORA hai="97" /><T38/><D38/><U27/><E27/><V135/><F135/><W116/><G123/><T17/><D17/><U118/><E16/><V91/><F41/><W35/><G35/><T43/><D43/><U120/><E20/><V39/><F61/><W22/><G117/><T110/><D110/><U90/><E118/><V72/><F52/><N who="1" m="20073" /><E120/><V112/><F112/><W46/><N who="3" m="11776" /><DORA hai="68" /><W84/><G116/><T108/><D108/><U37/><E25/><V119/><F119/><W9/><G9/><T111/><D111/><U60/><E60/><V109/><F109/><W24/><G24/><T121/><D121/><U105/><E62/><V42/><F42/><W28/><G28/><T5/><D81/><U127/><E83/><RYUUKYOKU ba="0,0" sc="250,-10,250,-10,250,30,250,-10" hai2="4,6,7,36,39,72,74,75,88,91" />
</Scene>
<Scene>
<INIT seed="1,1,0,3,4,125" ten="240,240,280,240" oya="1" hai0="132,99,48,121,61,78,44,6,77,37,3,109,20" hai1="47,113,64,129,80,35,5,111,16,9,11,45,49" hai2="103,41,134,67,46,63,57,58,118,53,81,108,110" hai3="27,93,12,100,39,130,52,71,54,89,36,104,31"/><U120/><E113/><V117/><F103/><W124/><G71/><T115/><D109/><N who="2" m="42090" /><F81/><W15/><G124/><T7/><D132/><U62/><E111/><V90/><F90/><W33/><G100/><T59/><D37/><U30/><E120/><V8/><F134/><W66/><G66/><T84/><D115/><U18/><E80/><V97/><F97/><W34/><G104/><T128/><D99/><U68/><E129/><V70/><F8/><W122/><G122/><T32/><D128/><U106/><E106/><V123/><F123/><W102/><G102/><T72/><D32/><U94/><E94/><V10/><F10/><W133/><G133/><T91/><D20/><U107/><E107/><V98/><F98/><W50/><G130/><T135/><D135/><U69/><E69/><V2/><F2/><W0/><G0/><T1/><D121/><U112/><E112/><V76/><F76/><W13/><G33/><T19/><D19/><U87/><E87/><V21/><F21/><W96/><REACH who="3" step="1"/><G54/><REACH who="3" ten="240,240,280,230" step="2"/><N who="0" m="29959" /><D1/><U65/><E35/><V119/><F53/><W95/><G95/><N who="0" m="54759" /><D3/><U82/><E65/><V73/><F73/><W42/><G42/><T24/><D72/><U23/><E64/><V14/><F14/><W38/><G38/><AGARI ba="1,1" hai="38,41,46,57,58,63,67,70,117,118,119" m="42090" machi="38" ten="40,5200,0" yaku="14,1,34,2" doraHai="125" who="2" fromWho="3" sc="240,0,240,0,280,65,230,-55" />
</Scene>
<Scene>
<INIT seed="2,0,0,3,1,82" ten="240,240,345,175" oya="2" hai0="78,134,101,66,34,93,87,11,99,108,18,68,22" hai1="59,44,114,84,13,58,110,47,35,49,3,107,10" hai2="97,54,129,39,92,102,30,111,121,20,51,27,17" hai3="74,67,8,91,26,94,83,63,57,45,98,29,104"/><V16/><F121/><W61/><G104/><T77/><D108/><U120/><E107/><V72/><F129/><W65/><G45/><T118/><D34/><U1/><E35/><V64/><F111/><W115/><G115/><T76/><D134/><U42/><E114/><V60/><F72/><W56/><G8/><T48/><D11/><U43/><E110/><V55/><F39/><W24/><REACH who="3" step="1"/><G29/><REACH who="3" ten="240,240,345,165" step="2"/><T90/><D118/><U130/><E120/><V38/><F38/><W50/><G50/><T2/><D48/><U80/><E130/><V89/><F51/><W109/><G109/><T132/><D132/><U15/><E47/><V75/><F30/><W62/><G62/><T5/><D68/><U71/><E71/><V106/><F106/><W124/><G124/><T100/><D66/><U81/><E49/><V0/><F60/><W36/><G36/><T123/><D123/><U128/><E44/><V33/><F64/><W113/><G113/><T122/><D122/><U70/><E70/><V103/><F55/><W4/><G4/><T125/><D125/><U73/><E128/><V112/><F54/><W69/><G69/><T37/><D37/><U127/><E10/><V95/><F112/><W9/><G9/><T88/><D5/><U40/><E127/><V14/><F17/><W19/><G19/><T131/><D131/><U135/><E135/><V85/><F16/><W119/><G119/><T116/><D116/><U52/><E52/><V28/><F28/><W31/><G31/><T6/><D6/><U105/><E43/><V96/><F0/><W79/><AGARI ba="0,1" hai="24,26,56,57,61,63,65,67,74,79,83,91,94,98" machi="79" ten="30,7900,0" yaku="1,1,5,1,0,1,9,1,53,0" doraHai="82" doraHaiUra="117" who="3" fromWho="3" sc="240,-20,240,-20,345,-39,165,89" />
</Scene>
<Scene>
<INIT seed="3,0,0,1,3,72" ten="220,220,306,254" oya="3" hai0="125,34,118,97,2,7,107,95,54,104,62,94,101" hai1="135,102,81,79,63,22,24,116,59,46,76,112,82" hai2="131,134,41,120,65,28,56,73,18,108,27,106,26" hai3="39,53,90,45,49,4,91,13,109,12,52,133,29"/><W68/><G68/><T8/><D125/><U111/><E112/><V129/><F106/><W57/><G133/><T121/><D118/><U114/><E114/><V92/><F41/><W15/><G109/><T50/><D34/><U3/><E3/><V74/><F92/><W80/><G4/><T40/><D40/><U14/><E135/><V44/><F44/><W115/><G115/><T87/><D121/><U127/><E111/><V36/><F36/><W67/><G67/><T132/><D132/><U51/><E127/><V123/><F65/><W55/><G39/><T10/><D10/><U98/><E14/><V19/><F56/><W88/><G29/><T58/><REACH who="0" step="1"/><D62/><REACH who="0" ten="210,220,306,254" step="2"/><U66/><E116/><V42/><F42/><N who="3" m="24759" /><G80/><T110/><D110/><U119/><E119/><V93/><F108/><W64/><G64/><T128/><D128/><U70/><E82/><V5/><F129/><W78/><G78/><T33/><D33/><U83/><E83/><V38/><F131/><W9/><G9/><T77/><D77/><U75/><E81/><V96/><F123/><W71/><G71/><T35/><D35/><U31/><E70/><V126/><F120/><W25/><G25/><T100/><D100/><U32/><E32/><V48/><F27/><W60/><AGARI ba="0,1" hai="12,13,15,52,53,55,57,60,88,90,91" m="24759" machi="60" ten="30,6000,0" yaku="8,1,54,2" doraHai="72" who="3" fromWho="3" sc="210,-20,220,-20,306,-20,254,70" />
</Scene>
<Scene>
<INIT seed="3,1,0,1,4,78" ten="190,200,286,324" oya="3" hai0="34,26,109,36,20,88,17,67,76,11,14,29,85" hai1="59,58,3,31,89,95,55,105,128,33,112,106,61" hai2="91,93,100,6,118,38,37,62,90,80,32,115,99" hai3="54,73,13,127,102,84,83,121,98,25,130,48,12"/><W135/><G121/><T70/><D109/><U79/><E3/><V125/><F115/><W21/><G73/><T116/><D76/><U94/><E112/><V24/><F118/><W110/><G127/><T44/><D116/><U64/><E128/><V119/><F119/><W0/><G0/><T9/><D67/><U57/><E79/><V103/><F103/><W113/><G135/><T4/><D70/><U82/><E82/><V117/><F117/><W122/><G122/><T50/><D36/><U60/><E59/><V52/><F6/><W15/><G130/><T28/><D34/><U81/><E81/><V114/><F114/><W65/><G65/><T96/><D96/><U27/><REACH who="1" step="1"/><E95/><REACH who="1" ten="190,190,286,324" step="2"/><V23/><F80/><W120/><G113/><T104/><D104/><U53/><E53/><V68/><F52/><W46/><G120/><T30/><D30/><U72/><E72/><V131/><F131/><W129/><G129/><T56/><D56/><U63/><E63/><V39/><F62/><W1/><G1/><T16/><D28/><U42/><E42/><V133/><F93/><N who="3" m="58703" /><G110/><T134/><D134/><U124/><E124/><V5/><F133/><W35/><G83/><N who="0" m="49215" /><D11/><U49/><E49/><V7/><F125/><W43/><G48/><T111/><D111/><U77/><E77/><V10/><F39/><W101/><G35/><T47/><D47/><U108/><E108/><V126/><F38/><W51/><G46/><T97/><D97/><AGARI ba="1,1" hai="27,31,33,55,57,58,60,61,64,89,94,97,105,106" machi="97" ten="30,2000,0" yaku="1,1,7,1,53,0" doraHai="78" doraHaiUra="71" who="1" fromWho="0" sc="190,-23,190,33,286,0,324,0" />
</Scene>
<Scene>
<INIT seed="4,0,0,3,2,106" ten="167,223,286,324" oya="0" hai0="128,104,119,114,3,67,83,100,115,1,74,17,56" hai1="44,57,85,89,43,59,125,111,13,118,101,20,82" hai2="58,16,45,37,122,77,95,52,91,62,97,21,90" hai3="135,48,75,60,88,7,71,113,9,120,109,23,127"/><T72/><D83/><U49/><E111/><V73/><F122/><W29/><G109/><T107/><D119/><U22/><E118/><V96/><F37/><W38/><G38/><T112/><D128/><U93/><E125/><V69/><F69/><W133/><G127/><T53/><D67/><U132/><E132/><N who="3" m="50762" /><G120/><T36/><D36/><U66/><E66/><V28/><F28/><W5/><G113/><T40/><D40/><U98/><REACH who="1" step="1"/><E13/><REACH who="1" ten="167,213,286,324" step="2"/><V30/><F30/><W134/><G134/><T10/><D1/><U34/><E34/><V51/><F97/><W117/><G117/><T12/><D3/><U86/><E86/><V31/><F31/><W4/><G29/><T63/><REACH who="0" step="1"/><D100/><REACH who="0" ten="157,213,286,324" step="2"/><U0/><E0/><V94/><F96/><W15/><G71/><T14/><D14/><U103/><E103/><V68/><F68/><W46/><G15/><T33/><D33/><U130/><E130/><V25/><F25/><W70/><G70/><T19/><D19/><U116/><E116/><V87/><F16/><W110/><G110/><T76/><D76/><U121/><E121/><V80/><F77/><W8/><G4/><T41/><D41/><U123/><E123/><V61/><F95/><W65/><G5/><T26/><D26/><U18/><E18/><V78/><F94/><W35/><G7/><T24/><D24/><U50/><E50/><V105/><F51/><W131/><G35/><T39/><D39/><U124/><E124/><V84/><F78/><W6/><G131/><T42/><D42/><U55/><E55/><V81/><F52/><W27/><G6/><RYUUKYOKU ba="0,2" sc="157,15,213,15,286,-15,324,-15" hai0="10,12,17,53,56,63,72,74,104,107,112,114,115" hai1="20,22,43,44,49,57,59,82,85,89,93,98,101" />
</Scene>
<Scene>
<INIT seed="4,1,2,3,2,112" ten="172,228,271,309" oya="0" hai0="20,66,77,30,97,59,108,40,102,19,134,32,46" hai1="104,37,56,67,1,116,4,125,120,33,109,2,130" hai2="69,54,124,5,114,17,0,9,96,89,118,36,34" hai3="122,117,13,95,27,115,14,105,62,44,90,52,127"/><T22/><D32/><U24/><RYUUKYOKU type="yao9" ba="1,2" sc="172,0,228,0,271,0,309,0" hai1="1,2,4,24,33,37,56,67,104,109,116,120,125,130" />
</Scene>
<Scene>
<INIT seed="4,2,2,3,2,75" ten="172,228,271,309" oya="0" hai0="97,46,110,94,54,103,111,112,8,133,82,5,95" hai1="123,79,128,65,50,19,20,77,4,93,115,71,40" hai2="14,109,55,7,63,51,30,81,27,92,83,36,74" hai3="78,44,121,16,118,66,129,33,10,24,68,23,37"/><T87/><D112/><U126/><E123/><V45/><F36/><W35/><G118/><T108/><D133/><U58/><E71/><V11/><F109/><W134/><G134/><T122/><D122/><U1/><E128/><V6/><F6/><W76/><G121/><T25/><D25/><U86/><E126/><V64/><F92/><W31/><G129/><T131/><D131/><U85/><E115/><V3/><F3/><W73/><G73/><T114/><D114/><U49/><E4/><V84/><F74/><W41/><G10/><T43/><D54/><U26/><E1/><V12/><F12/><W38/><G38/><N who="0" m="21879" /><D97/><U21/><E21/><V98/><F98/><W102/><G102/><T100/><D95/><U119/><E119/><V69/><F84/><N who="1" m="32361" /><E93/><V89/><F89/><W70/><G33/><AGARI ba="2,2" hai="7,11,14,27,30,33,45,51,55,63,64,69,81,83" machi="33" ten="30,1000,0" yaku="7,1" doraHai="75" who="2" fromWho="3" sc="172,0,228,0,271,36,309,-16" />
</Scene>
<Scene>
<INIT seed="5,0,0,1,1,108" ten="172,228,307,293" oya="1" hai0="100,86,12,13,11,46,130,134,113,50,5,92,74" hai1="24,126,0,120,69,77,8,122,29,9,21,83,27" hai2="36,125,119,37,33,78,98,57,23,123,82,48,80" hai3="75,18,131,70,1,61,67,60,22,44,71,127,135"/><U47/><E69/><V73/><F33/><W68/><G68/><T19/><BYE who="3" /><D74/><U49/><E126/><V88/><F125/><W43/><G43/><T99/><D134/><U6/><E9/><V32/><F32/><W102/><G102/><T17/><D130/><U2/><E2/><V104/><F119/><W118/><G118/><T30/><D30/><U16/><E27/><V39/><F123/><W87/><G87/><T35/><D35/><U116/><E29/><UN n3="%E5%A4%AA%E3%81%8F%E3%81%AA%E3%81%84%E3%81%8A" /><V65/><F104/><W109/><G75/><T101/><D86/><U41/><REACH who="1" step="1"/><E116/><REACH who="1" ten="172,218,307,293" step="2"/><V59/><F23/><W91/><G1/><T114/><D5/><U56/><E56/><V96/><F59/><W38/><G71/><T54/><REACH who="0" step="1"/><D101/><REACH who="0" ten="162,218,307,293" step="2"/><U26/><E26/><V81/><F57/><W64/><G70/><T84/><D84/><AGARI ba="0,2" hai="0,6,8,16,21,24,41,47,49,77,83,84,120,122" machi="84" ten="30,5800,0" yaku="1,1,7,1,54,1,53,0" doraHai="108" doraHaiUra="28" who="1" fromWho="0" sc="162,-58,218,78,307,0,293,0" />
</Scene>
<Scene>
<INIT seed="5,1,0,5,5,35" ten="104,296,307,293" oya="1" hai0="26,124,61,83,33,128,51,15,4,100,134,38,94" hai1="0,67,81,54,118,25,110,48,56,5,82,87,95" hai2="27,12,133,65,125,49,42,121,101,30,62,64,60" hai3="113,63,21,36,55,92,29,80,24,50,13,91,20"/><U47/><E118/><V74/><F74/><W22/><G36/><T46/><D38/><U132/><E132/><V84/><F101/><W107/><G107/><T109/><D109/><U98/><E110/><V88/><F121/><W19/><G113/><T10/><D124/><U57/><E25/><V41/><F125/><W43/><G43/><T130/><D134/><U111/><E111/><V32/><F12/><W117/><G117/><T28/><D61/><U6/><E81/><V77/><F77/><W120/><G63/><T69/><D69/><U3/><E67/><V93/><F133/><W9/><G120/><T129/><D83/><U40/><E6/><V23/><F32/><W99/><REACH who="3" step="1"/><G80/><REACH who="3" ten="104,296,307,283" step="2"/><T135/><D135/><U86/><E82/><V127/><F127/><W59/><AGARI ba="1,1" hai="9,13,19,20,21,22,24,29,50,55,59,91,92,99" machi="59" ten="20,8000,1" yaku="1,1,2,1,0,1,7,1,8,1,53,0" doraHai="35" doraHaiUra="66" who="3" fromWho="3" sc="104,-21,296,-41,307,-21,283,93" />
</Scene>
<Scene>
<INIT seed="6,0,0,5,4,78" ten="83,255,286,376" oya="2" hai0="36,25,96,110,133,84,10,79,67,42,91,6,83" hai1="71,40,115,77,58,34,21,30,0,103,55,8,26" hai2="119,131,66,106,111,23,63,101,62,44,135,92,112" hai3="60,114,75,3,70,4,35,51,95,11,39,69,116"/><V81/><F119/><W16/><G39/><T19/><D133/><U94/><E71/><V132/><F106/><W76/><G116/><T46/><D110/><U123/><E123/><V2/><F2/><W59/><G35/><T50/><D67/><U98/><E115/><V29/><F112/><W47/><G114/><T65/><D65/><U124/><E124/><V61/><F111/><W80/><G95/><T107/><D36/><U57/><E40/><V38/><F131/><W74/><G74/><T56/><D56/><U24/><E77/><V93/><F81/><W15/><G59/><T18/><D25/><U1/><E8/><V68/><F38/><W5/><G60/><N who="2" m="23145" /><F44/><W9/><G4/><T118/><D118/><U134/><E134/><N who="2" m="51243" /><F101/><W14/><G3/><T48/><D48/><U33/><E58/><V121/><F121/><W52/><AGARI ba="0,0" hai="5,9,11,14,15,16,47,51,52,69,70,75,76,80" machi="52" ten="20,8000,1" yaku="0,1,7,1,52,1,54,2" doraHai="78" who="3" fromWho="3" sc="83,-20,255,-20,286,-40,376,80" />
</Scene>
<Scene>
<INIT seed="7,0,0,3,4,61" ten="63,235,246,456" oya="3" hai0="113,111,5,92,25,91,112,94,27,125,105,127,11" hai1="68,23,84,79,26,36,38,22,58,93,32,78,75" hai2="47,3,106,12,117,101,122,109,13,66,123,118,4" hai3="95,21,40,110,102,42,116,28,107,10,6,31,135"/><W130/><G95/><T62/><D105/><U46/><E68/><V14/><F66/><W7/><G21/><T44/><D111/><U108/><E108/><V20/><F106/><W9/><G102/><T126/><D44/><U60/><E32/><V67/><F67/><W34/><G10/><T8/><D62/><U24/><E75/><V90/><F90/><W98/><G9/><N who="0" m="3659" /><D5/><U37/><E46/><V77/><F77/><W120/><G28/><T83/><D83/><U18/><E93/><V49/><F101/><W124/><G31/><T41/><D41/><U74/><E74/><V35/><F49/><W89/><G89/><T30/><D30/><U52/><E84/><V99/><F99/><W85/><G98/><T17/><D91/><U45/><E45/><V51/><F4/><W43/><G6/><T70/><D70/><U133/><E133/><V39/><F39/><W100/><G135/><T81/><D81/><U15/><E15/><V128/><F3/><W0/><G0/><T73/><D73/><U48/><E60/><V114/><F35/><W54/><G34/><T86/><D86/><U53/><E53/><N who="2" m="29951" /><F109/><W82/><G110/><T132/><D132/><U65/><E65/><V33/><F33/><W103/><G7/><T115/><D17/><AGARI ba="0,0" hai="17,18,22,23,24,26,36,37,38,48,52,58,78,79" machi="17" ten="40,2600,0" yaku="9,1,54,1" doraHai="61" who="1" fromWho="0" sc="63,-26,235,26,246,0,456,0" owari="37,-46.0,261,6.0,246,-15.0,456,55.0" />
</Scene>
</mjloggm>