<mjloggm ver="2.3"><GO type="169" lobby="0"/><UN n0="%E8%99%8E%E7%8D%85%E3%81%8F%E3%82%93" n1="%E3%82%A4%E3%82%B5%E3%82%AD" n2="%E5%A4%AA%E3%81%8F%E3%81%AA%E3%81%84%E3%81%8A" n3="%28%C2%B4%E3%83%BB%D1%81%5F%E3%83%BB%EF%BD%80%29" dan="16,17,18,16" rate="2059.29,2213.90,2169.20,2048.27" sx="M,M,M,M"/><TAIKYOKU oya="0"/>

<Scene>
<INIT seed="0,0,0,0,5,51" ten="250,250,250,250" oya="0" hai0="25,3,42,33,24,97,75,36,37,27,108,17,8" hai1="84,21,7,118,44,104,19,122,65,0,2,40,59" hai2="89,41,4,124,47,18,120,28,85,57,131,31,30" hai3="38,20,22,49,95,77,46,83,98,135,73,60,16"/><T123/><D75/><U80/><E104/><V125/><F120/><W32/><G32/><T61/><D123/><U133/><E122/><V45/><F4/><W94/><G135/><T86/><D33/><U126/><E118/><V102/><F102/><W6/><G6/><T14/><D3/><U107/><E107/><V62/><F18/><W116/><G38/><T96/><D108/><U23/><E126/><N who="2" m="48747" /><F131/><W113/><G113/><T5/><D5/><U111/><E111/><V117/><F117/><W34/><G34/><T119/><D119/><U90/><E133/><V10/><F10/><W76/><G76/><T58/><D86/><U39/><E7/><V11/><F11/><W15/><G116/><T134/><D134/><U127/><E23/><V103/><F103/><W43/><G60/><T132/><D132/><U55/><E65/><N who="2" m="39119" /><F41/><W87/><G73/><T129/><D129/><U68/><E68/><V50/><F50/><W88/><G95/><AGARI ba="0,0" hai="28,30,31,45,47,85,89,95" m="39119,48747" machi="95" ten="30,1000,0" yaku="18,1" doraHai="51" who="2" fromWho="3" sc="250,0,250,0,250,10,250,-10" />
</Scene>
<Scene>
<INIT seed="1,0,0,5,4,32" ten="250,250,260,240" oya="1" hai0="108,96,59,27,75,134,37,120,71,112,12,70,60" hai1="80,42,54,101,76,128,88,106,58,113,82,39,129" hai2="25,45,127,94,31,133,9,20,46,84,21,34,55" hai3="92,102,110,22,49,131,125,28,2,89,99,62,38"/><U69/><E69/><V53/><F133/><W126/><G38/><T18/><D75/><U66/><E66/><V107/><F107/><W132/><G110/><T14/><D37/><U91/><E113/><V6/><F127/><N who="3" m="48651" /><G62/><T114/><D108/><U119/><E119/><V135/><F135/><W72/><G72/><T63/><D134/><U115/><E115/><V51/><F84/><W61/><G61/><T24/><D96/><U10/><E101/><V86/><F94/><W30/><G49/><T109/><D109/><U93/><E106/><V65/><F65/><W98/><G131/><N who="1" m="50250" /><E10/><V100/><F86/><W130/><G130/><T1/><D120/><U41/><E80/><V5/><F100/><W90/><G22/><T35/><D35/><U111/><E111/><V64/><F64/><W47/><G132/><T78/><D78/><U50/><E39/><V48/><REACH who="2" step="1"/><F6/><REACH who="2" ten="250,250,250,240" step="2"/><W85/><G85/><T57/><REACH who="0" step="1"/><D18/><REACH who="0" ten="240,250,250,240" step="2"/><U117/><E117/><V19/><F19/><W0/><G99/><T73/><D73/><N who="1" m="43279" /><E91/><N who="3" m="34826" /><G47/><T74/><D74/><U23/><E88/><V83/><F83/><W26/><G30/><T3/><AGARI ba="0,2" hai="1,3,12,14,24,27,57,59,60,63,70,71,112,114" machi="3" ten="25,12000,2" yaku="1,1,0,1,22,2,52,2,53,0" doraHai="32" doraHaiUra="118" who="0" fromWho="0" sc="240,140,250,-60,250,-30,240,-30" />
</Scene>
<Scene>
<INIT seed="2,0,0,3,4,49" ten="380,190,220,210" oya="2" hai0="33,75,19,93,24,100,38,80,125,11,76,124,25" hai1="116,135,50,88,13,40,101,4,79,129,28,119,85" hai2="121,42,120,56,27,6,98,133,71,74,8,12,86" hai3="102,36,21,31,61,54,60,68,96,26,66,2,84"/><V128/><F71/><W130/><G2/><T22/><D38/><U3/><E3/><V45/><F74/><W29/><G36/><T107/><D107/><U115/><E115/><V117/><F117/><W20/><G84/><T131/><D131/><U14/><E129/><V32/><F128/><W23/><G130/><T37/><D37/><U34/><E79/><V112/><F112/><W132/><G132/><T15/><D33/><U62/><E135/><V43/><F133/><W134/><G134/><T126/><D100/><U70/><E101/><V7/><F7/><W44/><G29/><T64/><D64/><U105/><E105/><V127/><F127/><W122/><G122/><T41/><D41/><U0/><E0/><V53/><F98/><W118/><G118/><T90/><REACH who="0" step="1"/><D11/><REACH who="0" ten="370,190,220,210" step="2"/><N who="1" m="4327" /><E34/><V73/><F43/><W97/><G102/><T91/><D91/><U106/><E106/><V94/><F121/><W63/><G66/><T89/><D89/><U46/><E119/><V104/><F104/><W18/><G68/><T83/><D83/><U5/><E116/><V99/><F120/><W109/><G23/><T59/><D59/><U65/><E88/><N who="2" m="53527" /><F42/><W17/><G21/><T57/><D57/><U92/><E70/><V39/><F39/><W78/><G78/><T1/><D1/><U113/><E40/><V55/><F56/><W87/><G20/><T52/><D52/><N who="2" m="20042" /><F45/><W35/><G44/><T77/><D77/><U72/><E46/><V82/><F82/><W123/><G35/><T110/><D110/><U81/><E113/><V111/><F111/><W95/><G109/><RYUUKYOKU ba="0,1" sc="370,30,190,-10,220,-10,210,-10" hai0="15,19,22,24,25,75,76,80,90,93,124,125,126" />
</Scene>
<Scene>
<INIT seed="3,1,1,3,3,84" ten="400,180,210,200" oya="3" hai0="113,100,39,109,82,14,12,128,50,81,21,1,45" hai1="5,19,123,74,7,23,34,118,101,65,94,92,58" hai2="57,129,86,120,60,124,131,105,115,41,33,44,66" hai3="127,93,22,11,42,122,98,70,52,15,107,4,59"/><W75/><G122/><T46/><D1/><U0/><E123/><V112/><F105/><W51/><G75/><T53/><D109/><U16/><E34/><V49/><F33/><W47/><G107/><T121/><D121/><U17/><E74/><V9/><F120/><W104/><G104/><T54/><D128/><N who="2" m="49226" /><F9/><W83/><G127/><T32/><D32/><U80/><E118/><V37/><F86/><W71/><G83/><T79/><D100/><U95/><E23/><V78/><F78/><W27/><G22/><T132/><D132/><U38/><E38/><V43/><F124/><W8/><G8/><T56/><D39/><U67/><E101/><V106/><F106/><W68/><G27/><T96/><D96/><U108/><E108/><V69/><F43/><W135/><G135/><T87/><D82/><U64/><E0/><V125/><F125/><W76/><G76/><T117/><D117/><U30/><E80/><V25/><F25/><W103/><REACH who="3" step="1"/><G71/><REACH who="3" ten="400,180,210,190" step="2"/><T36/><D21/><U116/><E116/><V114/><F112/><W62/><AGARI ba="1,2" hai="4,11,15,42,47,51,52,59,62,68,70,93,98,103" machi="62" ten="20,18000,2" yaku="1,1,2,1,0,1,7,1,54,1,53,1" doraHai="84" doraHaiUra="97" who="3" fromWho="3" sc="400,-61,180,-61,210,-61,190,203" />
</Scene>
<Scene>
<INIT seed="3,2,0,5,1,44" ten="339,119,149,393" oya="3" hai0="112,63,99,11,36,86,102,114,38,104,48,109,8" hai1="34,100,88,18,120,24,28,124,33,113,122,132,30" hai2="14,66,73,81,16,70,50,32,27,58,97,83,89" hai3="29,98,95,129,92,39,0,121,106,10,40,52,57"/><W59/><G121/><T116/><D116/><U56/><E113/><N who="0" m="43625" /><D109/><U93/><E124/><V76/><F70/><W9/><G29/><T3/><D63/><U82/><E132/><V135/><F135/><W53/><G129/><T47/><D86/><U17/><E100/><V5/><F5/><W105/><G40/><N who="0" m="24679" /><D3/><U90/><E122/><V23/><F66/><W119/><G39/><AGARI ba="2,0" hai="8,11,36,38,39,99,102,104" m="24679,43625" machi="39" ten="30,2000,0" yaku="11,1,52,1" doraHai="44" who="0" fromWho="3" sc="339,26,119,0,149,0,393,-26" />
</Scene>
<Scene>
<INIT seed="4,0,0,1,4,96" ten="365,119,149,367" oya="0" hai0="118,87,93,5,91,41,48,17,127,120,39,84,51" hai1="116,52,105,44,43,42,14,92,134,38,125,26,97" hai2="99,66,71,45,124,89,115,57,37,102,40,121,56" hai3="20,13,34,53,10,2,76,123,85,119,72,46,50"/><T3/><D118/><U129/><E116/><V61/><F121/><W35/><G123/><T83/><D120/><U36/><E105/><V58/><F115/><W22/><G72/><T1/><D127/><U73/><E125/><V135/><F124/><W107/><G107/><T103/><D1/><U101/><E134/><V113/><F113/><W77/><G2/><T86/><D3/><U80/><E129/><V114/><F114/><W88/><G35/><T122/><D122/><U94/><E94/><V0/><F0/><W54/><G34/><T27/><D5/><U55/><E26/><V64/><F135/><W69/><G69/><T60/><D39/><U98/><E98/><V132/><F132/><W104/><G104/><T109/><D109/><U68/><E68/><V70/><F89/><W74/><G74/><T32/><D60/><U75/><E14/><V18/><F18/><N who="3" m="8503" /><G53/><T30/><D17/><U33/><E33/><V7/><F7/><W130/><G130/><T49/><REACH who="0" step="1"/><D41/><REACH who="0" ten="355,119,149,367" step="2"/><U78/><E42/><V19/><F19/><W82/><G119/><T95/><D95/><U29/><E36/><V21/><F61/><W24/><G22/><T59/><D59/><U128/><E128/><V4/><F21/><W126/><G126/><T117/><D117/><U131/><E131/><V31/><F4/><W63/><G63/><T28/><D28/><AGARI ba="0,1" hai="20,24,28,46,50,54,76,77,82,85,88" m="8503" machi="28" ten="30,3900,0" yaku="25,1,8,1,54,1" doraHai="96" who="3" fromWho="0" sc="355,-39,119,0,149,0,367,49" />
</Scene>
<Scene>
<INIT seed="5,0,0,1,3,107" ten="316,119,149,416" oya="1" hai0="99,29,34,43,118,77,11,10,39,96,72,47,78" hai1="22,12,28,121,71,61,21,54,91,32,37,57,124" hai2="94,46,40,81,9,51,18,38,129,109,100,86,2" hai3="58,115,70,30,117,56,111,25,105,125,80,63,119"/><U98/><E121/><V123/><F123/><W76/><G111/><T131/><D118/><N who="3" m="45065" /><G115/><T26/><D131/><U93/><E37/><V132/><F109/><W31/><G125/><T87/><D87/><U23/><E124/><V120/><F120/><W45/><G45/><T17/><D78/><U102/><E71/><V108/><F108/><W8/><G8/><T48/><D48/><U0/><E0/><V103/><F129/><W35/><G31/><T84/><D84/><U52/><E54/><V82/><F132/><W15/><G15/><T60/><D60/><U85/><E32/><V33/><F33/><W20/><G105/><T106/><D17/><U1/><E1/><V79/><F38/><W69/><G20/><T41/><D41/><U49/><E49/><V92/><F2/><W5/><G5/><T27/><D27/><U36/><E36/><V88/><F92/><W62/><G62/><T66/><D66/><U7/><E7/><V68/><F68/><N who="3" m="26219" /><G63/><T75/><D77/><U50/><E61/><V16/><F82/><W42/><G42/><T128/><D128/><U130/><E130/><V104/><F104/><W133/><G133/><T97/><REACH who="0" step="1"/><D106/><REACH who="0" ten="306,119,149,416" step="2"/><U59/><E28/><V73/><REACH who="2" step="1"/><F18/><REACH who="2" ten="306,119,139,416" step="2"/><W6/><G6/><T110/><D110/><U113/><E113/><V134/><F134/><W13/><G30/><T14/><D14/><AGARI ba="0,2" hai="9,14,16,40,46,51,73,79,81,86,88,94,100,103" machi="14" ten="40,8000,1" yaku="1,1,52,1,54,2,53,0" doraHai="107" doraHaiUra="101" who="2" fromWho="0" sc="306,-80,119,0,139,100,416,0" />
</Scene>
<Scene>
<INIT seed="6,0,0,3,4,24" ten="226,119,239,416" oya="2" hai0="50,1,131,134,61,112,82,13,16,28,117,126,41" hai1="120,92,23,128,19,18,109,69,75,55,101,32,66" hai2="17,108,3,36,64,98,25,110,34,102,84,119,53" hai3="43,95,70,88,7,114,122,79,49,71,59,74,15"/><V5/><F119/><W118/><G122/><T89/><D1/><U21/><E128/><V121/><F121/><W94/><G74/><T81/><D112/><U87/><E109/><N who="2" m="42091" /><F36/><W54/><G79/><T58/><D131/><U85/><E120/><V56/><F64/><W133/><G133/><T127/><D134/><U129/><E129/><V51/><F84/><W14/><G114/><T30/><D117/><U48/><E32/><V47/><F5/><W6/><G118/><T31/><D50/><U40/><E75/><V38/><F3/><W52/><G43/><T67/><D41/><U33/><E33/><V2/><F2/><W104/><G49/><T72/><D89/><U91/><E101/><V11/><F11/><W10/><G10/><N who="0" m="6199" /><D72/><U26/><E40/><N who="2" m="22935" /><F17/><W35/><G35/><T103/><D103/><U130/><E130/><V20/><F34/><W63/><G7/><T27/><D27/><U78/><E78/><V135/><F135/><W22/><G6/><T124/><AGARI ba="0,0" hai="28,30,31,58,61,67,81,82,124,126,127" m="6199" machi="124" ten="40,8000,1" yaku="18,1,52,3,54,1" doraHai="24" who="0" fromWho="0" sc="226,80,119,-20,239,-40,416,-20" />
</Scene>
<Scene>
<INIT seed="7,0,0,3,0,86" ten="306,99,199,396" oya="3" hai0="80,42,74,43,85,77,112,98,18,32,41,20,83" hai1="75,4,126,1,52,33,24,56,36,54,115,103,71" hai2="113,79,23,13,105,40,31,95,28,81,48,58,101" hai3="124,90,134,34,114,78,68,104,8,88,93,100,47"/><W55/><G34/><T61/><D32/><U26/><E115/><V119/><F105/><W27/><G68/><T30/><D30/><U111/><E126/><V17/><F119/><W66/><G66/><T3/><D3/><U46/><E111/><V102/><F113/><W89/><G114/><T73/><D112/><U57/><E33/><V128/><F128/><W132/><G124/><T131/><D131/><U10/><E103/><N who="2" m="39435" /><F95/><W97/><G78/><T120/><D98/><U76/><E71/><V99/><F99/><W60/><G27/><T51/><D120/><U7/><E7/><V37/><F37/><W45/><G8/><T5/><D5/><U69/><E69/><V87/><F58/><N who="3" m="34911" /><G104/><T53/><D61/><U6/><E6/><V130/><F130/><W94/><G94/><T118/><D118/><U59/><E24/><V22/><F22/><W116/><G116/><T106/><D106/><U110/><E26/><V122/><F122/><W129/><G129/><T9/><D9/><U25/><E25/><V108/><F108/><W70/><G70/><T14/><D83/><U38/><E38/><V15/><F15/><W117/><G117/><T67/><D67/><U125/><E125/><V96/><F13/><W127/><G127/><T35/><D35/><U21/><E21/><V39/><F23/><W29/><G29/><T63/><D63/><U2/><E2/><V109/><F28/><W84/><G45/><T0/><D0/><U123/><E123/><V135/><F31/><W49/><G47/><T19/><D19/><U91/><E110/><V107/><F109/><RYUUKYOKU ba="0,0" sc="306,30,99,-10,199,-10,396,-10" hai0="14,18,20,41,42,43,51,53,73,74,77,80,85" owari="336,14.0,89,-41.0,189,-21.0,386,48.0" />
</Scene>
</mjloggm>