<mjloggm ver="2.3"><GO type="169" lobby="0"/><UN n0="%EF%BC%B7%EF%BD%81%EF%BD%8C%EF%BD%8C%EF%BD%99" n1="%E8%A1%80%E7%85%99" n2="%E5%A4%AA%E3%81%8F%E3%81%AA%E3%81%84%E3%81%8A" n3="%E3%80%90%E7%BD%AA%E6%AD%8C%E3%80%91" dan="17,16,17,18" rate="2199.77,2062.24,2171.78,2252.88" sx="M,M,F,F"/><TAIKYOKU oya="0"/>

<Scene>
<INIT seed="0,0,0,2,5,38" ten="250,250,250,250" oya="0" hai0="19,29,36,59,24,127,105,102,99,25,77,80,41" hai1="73,40,90,9,91,21,17,1,123,12,11,39,56" hai2="5,10,42,110,64,61,44,71,125,31,93,69,96" hai3="133,32,28,4,94,85,86,112,60,16,63,23,103"/><T51/><D127/><U74/><E123/><V53/><F125/><W104/><G112/><T75/><D19/><U82/><E90/><V20/><F110/><W45/><G133/><T22/><D25/><U89/><E91/><V52/><F69/><W124/><G124/><T7/><D7/><U76/><E74/><V62/><F20/><W47/><G4/><T50/><REACH who="0" step="1"/><D59/><REACH who="0" ten="240,250,250,250" step="2"/><U107/><E56/><V14/><F31/><W55/><G16/><T121/><D121/><U33/><E17/><V15/><F15/><W27/><G27/><T2/><D2/><U128/><E1/><V109/><F109/><W130/><G28/><T131/><D131/><U66/><E12/><V111/><F111/><W58/><G130/><T13/><D13/><U84/><E128/><V120/><F120/><W118/><G58/><T67/><D67/><U70/><E66/><V88/><REACH who="2" step="1"/><F61/><REACH who="2" ten="240,250,240,250" step="2"/><W30/><G63/><T122/><D122/><U72/><E70/><V81/><F81/><W83/><G83/><T132/><D132/><U3/><E82/><V34/><F34/><W37/><G60/><T119/><D119/><U98/><E3/><V68/><F68/><W113/><G118/><T57/><D57/><U116/><E33/><V108/><F108/><W115/><G30/><T49/><D49/><AGARI ba="0,2" hai="5,10,14,42,44,49,52,53,62,64,71,88,93,96" machi="49" ten="30,8000,1" yaku="1,1,7,1,52,1,54,2,53,0" doraHai="38" doraHaiUra="106" who="2" fromWho="0" sc="240,-80,250,0,240,100,250,0" />
</Scene>
<Scene>
<INIT seed="1,0,0,3,5,71" ten="160,250,340,250" oya="1" hai0="7,78,61,4,118,84,128,51,117,31,22,73,59" hai1="110,12,3,127,19,77,11,116,36,9,121,87,50" hai2="134,99,72,27,122,104,86,108,94,115,33,135,92" hai3="62,124,20,95,68,57,40,25,58,15,17,70,64"/><U91/><E121/><V53/><F72/><W41/><G124/><T35/><D73/><U24/><E116/><V129/><F122/><W132/><G132/><N who="2" m="50729" /><F108/><W69/><G58/><T80/><D35/><U21/><E127/><V34/><F129/><W46/><G95/><T38/><D128/><U60/><E36/><V106/><F115/><W28/><REACH who="3" step="1"/><G46/><REACH who="3" ten="160,250,340,240" step="2"/><T49/><D117/><U14/><E110/><V39/><F94/><W10/><AGARI ba="0,1" hai="10,15,17,20,25,28,40,41,57,62,64,68,69,70" machi="10" ten="30,4000,0" yaku="1,1,2,1,0,1,53,0" doraHai="71" doraHaiUra="47" who="3" fromWho="3" sc="160,-10,250,-20,340,-10,240,50" />
</Scene>
<Scene>
<INIT seed="2,0,0,2,3,119" ten="150,230,330,290" oya="2" hai0="103,102,17,132,75,63,47,116,101,34,107,117,55" hai1="95,13,88,19,118,6,8,1,24,94,4,36,58" hai2="77,82,27,70,135,98,134,111,46,83,0,28,67" hai3="22,76,109,60,18,49,79,115,44,7,54,15,25"/><V125/><F0/><W59/><G109/><T105/><D34/><U38/><E118/><N who="0" m="45673" /><D75/><U61/><E95/><V11/><F125/><W113/><G113/><T26/><D132/><N who="2" m="50730" /><F111/><W72/><G72/><T29/><D17/><U21/><E1/><V23/><F11/><N who="3" m="4607" /><G115/><T106/><D63/><U51/><E51/><V43/><F98/><W30/><G30/><T123/><D55/><AGARI ba="0,0" hai="18,22,25,44,49,54,55,59,60,76,79" m="4607" machi="55" ten="30,1000,0" yaku="8,1" doraHai="119" who="3" fromWho="0" sc="150,-10,230,0,330,0,290,10" />
</Scene>
<Scene>
<INIT seed="3,0,0,3,2,8" ten="140,230,330,300" oya="3" hai0="135,18,49,37,119,129,79,88,33,83,125,25,16" hai1="94,42,32,131,70,22,7,68,58,14,98,50,5" hai2="107,78,134,59,28,15,115,73,126,110,54,43,77" hai3="93,21,133,116,4,106,112,60,113,102,24,39,81"/><W3/><G39/><T46/><D37/><U1/><E32/><V90/><F115/><W65/><G106/><T61/><D119/><U111/><E111/><V117/><F117/><W63/><G116/><T87/><D125/><U10/><E131/><V132/><F107/><W40/><G40/><T44/><D129/><U86/><E86/><V99/><F110/><W17/><G133/><N who="2" m="51305" /><F126/><W2/><G63/><T69/><D135/><U96/><E96/><V127/><F127/><W72/><G102/><T91/><D46/><U47/><E58/><V122/><F122/><W0/><G93/><T67/><D33/><U20/><E7/><V128/><F128/><W56/><REACH who="3" step="1"/><G4/><REACH who="3" ten="140,230,330,290" step="2"/><T64/><D64/><U35/><E42/><V27/><F43/><W120/><G120/><T19/><REACH who="0" step="1"/><D25/><REACH who="0" ten="130,230,330,290" step="2"/><U75/><E5/><V52/><F27/><W13/><G13/><T30/><D30/><U53/><E14/><V105/><F28/><W26/><G26/><T84/><D84/><U123/><E1/><V9/><F15/><W89/><G89/><T114/><D114/><U62/><E75/><V29/><F29/><W101/><G101/><T103/><D103/><U12/><E12/><V34/><F73/><W109/><G109/><T11/><D11/><U76/><E10/><V51/><F9/><W71/><G71/><T80/><D80/><U108/><E70/><V74/><F74/><W85/><G85/><T41/><AGARI ba="0,2" hai="16,18,19,41,44,49,61,67,69,79,83,87,88,91" machi="41" ten="30,7900,0" yaku="1,1,0,1,54,2,53,0" doraHai="8" doraHaiUra="23" who="0" fromWho="0" sc="130,99,230,-20,330,-20,290,-39" />
</Scene>
<Scene>
<INIT seed="4,0,0,2,5,26" ten="229,210,310,251" oya="0" hai0="121,96,86,40,9,34,12,95,122,87,65,35,98" hai1="83,14,84,37,91,126,130,66,116,78,31,118,133" hai2="4,131,45,101,33,24,94,107,117,89,10,55,15" hai3="128,17,30,85,71,49,120,102,64,108,135,73,109"/><T60/><D40/><U20/><E37/><V100/><F107/><W42/><G73/><T2/><D2/><U113/><E126/><V124/><F124/><W106/><G17/><T105/><D35/><U32/><E32/><V81/><F131/><W74/><G85/><T90/><D34/><U99/><E130/><V38/><F117/><W92/><G92/><T54/><D54/><U77/><E66/><V82/><F33/><W68/><G49/><T58/><D87/><U16/><E133/><V46/><F24/><W6/><G6/><T72/><D72/><U44/><E44/><N who="2" m="17003" /><F55/><W7/><G42/><T119/><D119/><U39/><E39/><V112/><F112/><W114/><G114/><T80/><D105/><U67/><E113/><V23/><F23/><W21/><G21/><T69/><D69/><U97/><E67/><V70/><F70/><W18/><G64/><T59/><D59/><U51/><E51/><V104/><F104/><W41/><G106/><T132/><D132/><U25/><E118/><V50/><F50/><W8/><G68/><T48/><D48/><U123/><E123/><V134/><F38/><W127/><G128/><T36/><D36/><U62/><E62/><V88/><F134/><W27/><G135/><T111/><D111/><U63/><E63/><V5/><F5/><W75/><G71/><T79/><D98/><N who="1" m="37387" /><E116/><V11/><F11/><W115/><G109/><T1/><D1/><U52/><E52/><V110/><F110/><W29/><G108/><T3/><D3/><U56/><E56/><V125/><F125/><W93/><G127/><RYUUKYOKU ba="0,0" sc="229,15,210,15,310,-15,251,-15" hai0="9,12,58,60,65,79,80,86,90,95,96,121,122" hai1="14,16,20,25,31,77,78,83,84,91" />
</Scene>
<Scene>
<INIT seed="4,1,0,2,1,104" ten="244,225,295,236" oya="0" hai0="131,57,46,39,73,26,63,91,11,34,64,1,92" hai1="128,83,51,89,0,48,21,16,15,130,28,88,113" hai2="126,27,98,19,112,84,101,97,74,5,86,129,132" hai3="76,70,35,37,33,94,60,8,6,13,56,53,65"/><T43/><D131/><N who="1" m="50219" /><E0/><V49/><F129/><W31/><G37/><T69/><D34/><U62/><E62/><V133/><F112/><W116/><G116/><T9/><D26/><N who="1" m="16463" /><E113/><V36/><F36/><W108/><G108/><T20/><D20/><N who="1" m="11295" /><E83/><V55/><F5/><W10/><G31/><T7/><D11/><U12/><E12/><V22/><F22/><W114/><G114/><T106/><D106/><U127/><E127/><V120/><F126/><W77/><G35/><T42/><D42/><U24/><E24/><V105/><F27/><W96/><G33/><T40/><D40/><U100/><E100/><V50/><F101/><W29/><G29/><T103/><D103/><U79/><E79/><V54/><F19/><W109/><G109/><T93/><D91/><AGARI ba="1,0" hai="48,51,88,89,91" m="11295,16463,50219" machi="91" ten="30,3900,0" yaku="19,1,54,2" doraHai="104" who="1" fromWho="0" sc="244,-42,225,42,295,0,236,0" />
</Scene>
<Scene>
<INIT seed="5,0,0,2,4,31" ten="202,267,295,236" oya="1" hai0="13,71,83,77,78,62,49,75,123,117,10,53,52" hai1="67,124,46,27,79,97,108,25,125,41,47,132,34" hai2="118,115,109,8,38,99,21,40,36,112,11,0,133" hai3="5,65,23,101,89,6,69,96,14,98,91,9,105"/><U59/><E132/><V81/><F109/><W55/><G55/><T127/><D117/><U44/><E108/><V37/><F118/><W92/><G23/><T61/><D123/><U16/><E79/><V72/><F133/><W70/><G65/><T110/><D110/><U84/><E41/><V86/><F72/><W93/><REACH who="3" step="1"/><G6/><REACH who="3" ten="202,267,295,226" step="2"/><T19/><D127/><U43/><E67/><V128/><F21/><W24/><G24/><T111/><D111/><U39/><E27/><V116/><F116/><W87/><AGARI ba="0,1" hai="5,9,14,69,70,87,89,91,92,93,96,98,101,105" machi="87" ten="20,5200,0" yaku="1,1,0,1,7,1,53,1" doraHai="31" doraHaiUra="103" who="3" fromWho="3" sc="202,-13,267,-26,295,-13,226,62" />
</Scene>
<Scene>
<INIT seed="6,0,0,0,1,64" ten="189,241,282,288" oya="2" hai0="77,4,3,96,57,35,135,45,124,7,82,14,84" hai1="105,134,73,106,110,20,88,127,63,85,19,51,18" hai2="17,91,97,111,41,67,108,90,65,36,46,86,38" hai3="94,70,47,79,16,53,133,128,87,52,27,62,30"/><V132/><F132/><W24/><G133/><T25/><D3/><U49/><E110/><N who="2" m="42027" /><F38/><W22/><G128/><T129/><D135/><U68/><E134/><V31/><F31/><W72/><G72/><T32/><D129/><U56/><E73/><V74/><F74/><W114/><G114/><T8/><D124/><U101/><E127/><V50/><F36/><W123/><G123/><T76/><D7/><U34/><E34/><V118/><F118/><W83/><G47/><T33/><D57/><U102/><E19/><V2/><F2/><W125/><G125/><T1/><D1/><U44/><E68/><V120/><F120/><W5/><G5/><T93/><D76/><U13/><E106/><V69/><F17/><W117/><G117/><T122/><D122/><U11/><E20/><V10/><F10/><W100/><G100/><T71/><D45/><U126/><E105/><V78/><F97/><W130/><G94/><T113/><D113/><U42/><E51/><V66/><F69/><W9/><G130/><T15/><D15/><U23/><E11/><V115/><F115/><W21/><REACH who="3" step="1"/><G9/><REACH who="3" ten="189,241,282,278" step="2"/><T40/><D40/><U29/><E126/><V103/><F103/><W95/><G95/><T104/><D104/><U99/><E102/><V81/><AGARI ba="0,1" hai="41,46,50,65,66,67,78,81,86,90,91" m="42027" machi="81" ten="40,2100,0" yaku="10,1" doraHai="64" who="2" fromWho="2" sc="189,-7,241,-7,282,31,278,-7" />
</Scene>
<Scene>
<INIT seed="6,1,0,5,5,78" ten="182,234,313,271" oya="2" hai0="89,96,116,62,17,10,45,73,68,87,32,33,61" hai1="81,51,111,30,127,35,112,119,126,40,123,132,80" hai2="94,0,95,1,19,69,75,9,27,8,23,2,39" hai3="37,121,72,91,130,85,7,56,26,31,128,65,49"/><V102/><F39/><W3/><G72/><T58/><D73/><U115/><E111/><V134/><F69/><W36/><G121/><T90/><D116/><U63/><E119/><V24/><F75/><W100/><G100/><T28/><D68/><U113/><E123/><V44/><F134/><W125/><G125/><N who="1" m="47626" /><E132/><V118/><F118/><W21/><G7/><T60/><D45/><N who="1" m="26023" /><E63/><V53/><F44/><W84/><G3/><T124/><D124/><U129/><E129/><N who="3" m="49770" /><G84/><T108/><D108/><U99/><E99/><V122/><F122/><W88/><G91/><T6/><D17/><U43/><E43/><V98/><F53/><N who="3" m="31791" /><G65/><T12/><D28/><U42/><E42/><V50/><F50/><W83/><AGARI ba="1,0" hai="21,26,31,36,37,83,85,88" m="31791,49770" machi="83" ten="30,4000,0" yaku="19,1,52,1,54,1" doraHai="78" who="3" fromWho="3" sc="182,-11,234,-11,313,-21,271,43" />
</Scene>
<Scene>
<INIT seed="7,0,0,3,4,102" ten="171,223,292,314" oya="3" hai0="84,19,40,96,11,70,108,9,107,132,103,28,48" hai1="50,104,32,125,67,113,94,8,69,42,114,91,78" hai2="98,15,12,52,119,55,116,21,1,33,111,23,87" hai3="122,18,85,74,34,118,59,109,124,43,81,100,58"/><W41/><G122/><T127/><D108/><U3/><E32/><V99/><F33/><W25/><G118/><T7/><D127/><U5/><E125/><V17/><F1/><W30/><G74/><T128/><D128/><U126/><E126/><V97/><F111/><W115/><G109/><T10/><D132/><U65/><E78/><V134/><F134/><W45/><G124/><T121/><D121/><U31/><E31/><V77/><F119/><W76/><G115/><N who="1" m="44042" /><E104/><V60/><F116/><W49/><G100/><T51/><D70/><U27/><E27/><V131/><F131/><W73/><G73/><T105/><D28/><U29/><E29/><V47/><F60/><W6/><G6/><T57/><D7/><U26/><E26/><V133/><F133/><W106/><G106/><T37/><D19/><U90/><E69/><V2/><F2/><W4/><G18/><T66/><D105/><U39/><E39/><V130/><F130/><W46/><G4/><T13/><D13/><N who="2" m="5194" /><F47/><W80/><G80/><T62/><REACH who="0" step="1"/><D84/><REACH who="0" ten="161,223,292,314" step="2"/><U86/><E86/><V68/><F68/><W120/><G120/><T53/><D53/><N who="2" m="20554" /><F17/><W14/><G14/><T83/><D83/><AGARI ba="0,1" hai="21,23,77,83,87,97,98,99" m="20554,5194" machi="83" ten="30,2000,0" yaku="8,1,54,1" doraHai="102" who="2" fromWho="0" sc="161,-20,223,0,292,30,314,0" owari="141,-36.0,223,-18.0,322,43.0,314,11.0" />
</Scene>
</mjloggm>