<mjloggm ver="2.3"><GO type="169" lobby="0"/><UN n0="%E7%A2%BA%E8%AA%8D%E4%BA%8B%E9%A0%85" n1="%E5%A4%AA%E3%81%8F%E3%81%AA%E3%81%84%E3%81%8A" n2="%E9%BA%BB%E9%9B%80%E7%89%87%E6%83%B3%E3%81%84" n3="%66%75%6C%6C%2D%74%70%21" dan="16,17,16,16" rate="2086.07,2231.92,2115.92,2091.12" sx="M,M,M,M"/><TAIKYOKU oya="0"/>

<Scene>
<INIT seed="0,0,0,5,0,118" ten="250,250,250,250" oya="0" hai0="31,52,32,37,30,4,99,19,94,18,17,86,10" hai1="2,89,67,5,6,58,82,7,66,11,64,41,112" hai2="74,108,12,53,15,63,25,34,39,70,47,27,71" hai3="119,59,36,29,107,102,68,116,3,97,13,0,106"/><T134/><D37/><U126/><E126/><V38/><F74/><W128/><G128/><T127/><D127/><U124/><E124/><V1/><F1/><W46/><G59/><T103/><D134/><U62/><E112/><V45/><F108/><W105/><G13/><T125/><D125/><U9/><E41/><V93/><F93/><W98/><G29/><T65/><D65/><U54/><REACH who="1" step="1"/><E2/><REACH who="1" ten="250,240,250,250" step="2"/><V60/><F53/><W43/><G116/><T48/><D32/><AGARI ba="0,1" hai="12,15,25,27,32,34,38,39,45,47,60,63,70,71" machi="32" ten="25,1600,0" yaku="22,2" doraHai="118" who="2" fromWho="0" sc="250,-16,240,0,250,26,250,0" />
</Scene>
<Scene>
<INIT seed="1,0,0,5,4,125" ten="234,240,276,250" oya="1" hai0="7,69,59,87,37,48,90,132,68,30,51,111,74" hai1="44,79,124,56,53,88,114,18,42,133,78,101,103" hai2="1,117,6,45,127,93,116,20,105,15,113,64,123" hai3="25,41,46,38,27,81,13,97,39,28,100,112,71"/><U23/><E114/><V84/><F113/><W104/><G112/><T32/><D74/><U9/><E124/><V33/><F105/><W86/><G25/><T16/><D37/><U135/><E9/><V66/><F33/><W61/><G13/><T55/><D7/><U72/><E72/><V22/><F1/><W82/><G38/><T36/><D36/><U85/><E44/><V134/><F123/><W34/><REACH who="3" step="1"/><G86/><REACH who="3" ten="234,240,276,240" step="2"/><T110/><D87/><U77/><E135/><V75/><F134/><W118/><G118/><T11/><D132/><U89/><E133/><V119/><F84/><W121/><G121/><T102/><D110/><U54/><E85/><V62/><F75/><W5/><G5/><T73/><D111/><U108/><E108/><V12/><F6/><W29/><G29/><T115/><D30/><U91/><E42/><V21/><F12/><W19/><G19/><T4/><D16/><U76/><E76/><V106/><F15/><W70/><G70/><T52/><D68/><U35/><E35/><V128/><F119/><W31/><G31/><T26/><D115/><U107/><E18/><V43/><F117/><W2/><G2/><T67/><D32/><U58/><E23/><V47/><F20/><W10/><G10/><T83/><D11/><U3/><E3/><V60/><F116/><W92/><G92/><T49/><D73/><U40/><E40/><V129/><F93/><W98/><G98/><T95/><D95/><U8/><E8/><V0/><F43/><W122/><G122/><T126/><D4/><U14/><E14/><V130/><F21/><RYUUKYOKU ba="0,1" sc="234,-10,240,-10,276,-10,240,30" hai3="27,28,34,39,41,46,61,71,81,82,97,100,104" />
</Scene>
<Scene>
<INIT seed="2,1,1,2,2,33" ten="224,230,266,270" oya="2" hai0="110,4,53,26,35,101,5,51,41,58,14,12,106" hai1="7,64,10,109,57,16,102,123,20,50,17,75,43" hai2="69,128,74,19,127,45,76,112,46,85,22,13,92" hai3="131,120,52,8,115,99,91,89,47,72,113,124,87"/><V73/><F112/><N who="3" m="43083" /><G120/><T1/><D110/><U56/><E75/><V82/><F69/><W86/><G72/><T40/><D101/><U65/><E109/><V96/><F127/><W117/><G117/><T83/><D106/><U36/><E123/><V135/><F128/><W129/><G124/><T105/><D105/><U49/><E36/><V15/><F135/><W27/><G27/><T71/><D71/><U80/><E102/><V122/><F122/><W31/><G31/><T34/><D26/><U23/><E80/><V98/><F98/><W6/><G99/><T60/><D83/><U24/><E24/><V11/><F74/><W100/><G100/><T67/><D34/><U42/><E10/><V28/><F73/><W78/><G78/><T44/><D35/><U95/><REACH who="1" step="1"/><E7/><REACH who="1" ten="224,220,266,270" step="2"/><N who="2" m="3327" /><F28/><W84/><G8/><T30/><D30/><U54/><E54/><V97/><F97/><W70/><G6/><T126/><D126/><U88/><E88/><AGARI ba="1,2" hai="15,19,22,45,46,76,82,85,88,92,96" m="3327" machi="88" ten="30,2900,0" yaku="8,1,54,1" doraHai="33" who="2" fromWho="1" sc="224,0,220,-32,266,52,270,0" />
</Scene>
<Scene>
<INIT seed="2,2,0,4,5,31" ten="224,188,318,270" oya="2" hai0="56,71,97,115,29,85,86,1,52,134,92,60,54" hai1="111,128,123,84,119,55,100,27,131,118,30,116,103" hai2="70,58,66,112,23,69,76,67,19,129,74,80,44" hai3="90,113,98,49,126,9,0,117,91,114,33,34,68"/><V124/><F112/><N who="3" m="43115" /><G117/><T125/><D115/><U3/><E3/><V26/><F124/><W87/><G126/><T25/><D125/><U21/><E111/><V63/><F129/><N who="1" m="49737" /><E123/><V102/><F67/><W110/><G110/><T17/><D71/><U75/><E75/><V41/><REACH who="2" step="1"/><F102/><REACH who="2" ten="224,188,308,270" step="2"/><W61/><G68/><T62/><D134/><U109/><E109/><V39/><AGARI ba="2,1" hai="19,23,26,39,41,44,58,63,66,69,70,74,76,80" machi="39" ten="20,12000,1" yaku="1,1,2,1,0,1,7,1,53,1" doraHai="31" doraHaiUra="42" who="2" fromWho="2" sc="224,-42,188,-42,308,136,270,-42" />
</Scene>
<Scene>
<INIT seed="2,3,0,0,3,103" ten="182,146,444,228" oya="2" hai0="85,21,58,53,80,99,42,38,10,28,52,76,60" hai1="45,120,125,23,9,24,57,78,131,126,39,41,124" hai2="110,130,55,134,70,127,98,51,116,2,26,72,96" hai3="88,15,33,123,32,121,83,16,36,34,135,50,0"/><V89/><F70/><W93/><G36/><T47/><D10/><U112/><E112/><V117/><F72/><W7/><G83/><T62/><D99/><U87/><E131/><V82/><F2/><W118/><G118/><T97/><D97/><U115/><E115/><V14/><F130/><W59/><G7/><T95/><D95/><U31/><E120/><V44/><F127/><W5/><G5/><T90/><D76/><U92/><E9/><V17/><F134/><W46/><G0/><T1/><D1/><U22/><E57/><V132/><F26/><W102/><G102/><T18/><D28/><U128/><E128/><V11/><F110/><W43/><G59/><T75/><D75/><U40/><E40/><V56/><F56/><W12/><G12/><T114/><D114/><U35/><REACH who="1" step="1"/><E92/><REACH who="1" ten="182,136,444,228" step="2"/><V122/><F122/><W119/><G135/><T27/><D53/><U81/><AGARI ba="3,1" hai="22,23,24,31,35,39,41,45,78,81,87,124,125,126" machi="81" ten="40,8000,1" yaku="1,1,2,1,0,1,18,1,53,0" doraHai="103" doraHaiUra="101" who="1" fromWho="1" sc="182,-23,136,99,444,-43,228,-23" />
</Scene>
<Scene>
<INIT seed="3,0,0,3,3,90" ten="159,235,401,205" oya="3" hai0="19,98,29,80,78,118,1,50,115,88,30,64,113" hai1="120,74,57,95,11,22,23,108,94,130,12,4,76" hai2="129,0,65,42,128,92,89,72,135,37,116,35,18" hai3="31,63,55,107,119,110,62,67,121,33,6,24,47"/><W69/><G119/><T28/><D1/><U26/><E120/><V131/><F72/><W102/><G121/><T25/><D118/><U49/><E108/><V133/><F35/><W9/><G110/><T53/><D64/><U17/><E130/><V70/><F0/><W52/><G47/><T100/><D88/><U10/><E74/><V124/><F116/><W71/><G63/><T105/><D19/><U96/><E76/><V61/><F42/><W101/><G101/><T111/><D111/><U68/><E68/><V122/><F37/><W32/><G32/><T114/><D80/><U84/><E84/><N who="2" m="52263" /><F122/><W54/><G71/><T127/><D78/><U66/><E96/><V20/><F124/><W87/><G87/><T85/><D85/><U132/><E132/><V117/><F117/><W51/><G51/><T7/><D7/><U106/><E106/><V36/><F36/><W13/><REACH who="3" step="1"/><G55/><REACH who="3" ten="159,235,401,195" step="2"/><T5/><D127/><U109/><E109/><V59/><F70/><W77/><G77/><T86/><D86/><U83/><E49/><V93/><F133/><W79/><G79/><T43/><D53/><U125/><E125/><V41/><F135/><W14/><G14/><T16/><D50/><U45/><E45/><V27/><F41/><W82/><G82/><T123/><D43/><U104/><E83/><V81/><F81/><W73/><G73/><T103/><D123/><U75/><E75/><V46/><F46/><W99/><AGARI ba="0,1" hai="6,9,13,24,31,33,52,54,62,67,69,99,102,107" machi="99" ten="30,18000,2" yaku="1,1,0,1,25,2,54,1,53,2" doraHai="90" doraHaiUra="48" who="3" fromWho="3" sc="159,-60,235,-60,401,-60,195,190" />
</Scene>
<Scene>
<INIT seed="3,1,0,5,5,128" ten="99,175,341,385" oya="3" hai0="121,82,36,78,106,109,124,134,71,108,25,38,37" hai1="1,35,21,61,100,17,46,98,43,42,20,54,0" hai2="49,132,22,79,99,53,34,44,41,131,28,118,105" hai3="80,104,75,96,5,92,107,50,86,94,89,39,40"/><W81/><G39/><T133/><D121/><U47/><E35/><V83/><F131/><W15/><G40/><T102/><D71/><U31/><E31/><V14/><F132/><N who="0" m="50794" /><D124/><U77/><E77/><V4/><F34/><W74/><G50/><T70/><D70/><U45/><E61/><V113/><F28/><W135/><G15/><T48/><D48/><U112/><E54/><V84/><F113/><W123/><G5/><T111/><D25/><U18/><E112/><V130/><F130/><W110/><G135/><T13/><D13/><U69/><E69/><V52/><F118/><W9/><G9/><T67/><D67/><U12/><E0/><V129/><F129/><W2/><G2/><T125/><D125/><U59/><E59/><V56/><F56/><W55/><G55/><T30/><D30/><U33/><E1/><V57/><F57/><W115/><G115/><T23/><D23/><U62/><E33/><V97/><F22/><W101/><G123/><T76/><D82/><N who="3" m="31849" /><G110/><N who="0" m="28163" /><T90/><DORA hai="72" /><D90/><U93/><E62/><V16/><F53/><W95/><G75/><T122/><D122/><U7/><E7/><V68/><F4/><W126/><G74/><T8/><D8/><U27/><AGARI ba="1,0" hai="12,17,18,20,21,27,42,43,45,46,47,93,98,100" machi="27" ten="30,2000,0" yaku="0,1,8,1" doraHai="128,72" who="1" fromWho="1" sc="99,-6,175,23,341,-6,385,-11" />
</Scene>
<Scene>
<INIT seed="4,0,0,1,3,109" ten="93,198,335,374" oya="0" hai0="39,65,64,23,126,106,34,107,96,47,99,44,38" hai1="116,10,110,22,132,105,33,98,31,133,40,13,49" hai2="37,6,134,91,135,41,93,60,32,125,101,84,55" hai3="27,128,111,103,94,4,119,14,75,131,67,83,48"/><T89/><D34/><U50/><E110/><V0/><F32/><W42/><G111/><T80/><D126/><U1/><E116/><V16/><F125/><W113/><G119/><T108/><D108/><U66/><E33/><V58/><F101/><W85/><G75/><T18/><D23/><U45/><E1/><V29/><F29/><W8/><G67/><T102/><D102/><U118/><E118/><V79/><F79/><N who="3" m="46335" /><G27/><T53/><D80/><U87/><E66/><V95/><F6/><W97/><G113/><T121/><D89/><U7/><E105/><V71/><F0/><W92/><G92/><T88/><D88/><U2/><E98/><V72/><F71/><W20/><G20/><T122/><D53/><U81/><E49/><V61/><F72/><W28/><G28/><T82/><D82/><U17/><REACH who="1" step="1"/><E31/><REACH who="1" ten="93,188,335,374" step="2"/><V43/><F135/><W15/><G48/><T69/><REACH who="0" step="1"/><D18/><REACH who="0" ten="83,188,335,374" step="2"/><U5/><E5/><V63/><F16/><W36/><G4/><T57/><D57/><U117/><E117/><V127/><F127/><W120/><G131/><T112/><D112/><U74/><E74/><V54/><F58/><W30/><G128/><T68/><AGARI ba="0,2" hai="38,39,44,47,64,65,68,69,96,99,106,107,121,122" machi="68" ten="25,9600,0" yaku="1,1,0,1,22,2,53,0" doraHai="109" doraHaiUra="12" who="0" fromWho="0" sc="83,116,188,-32,335,-32,374,-32" />
</Scene>
<Scene>
<INIT seed="4,1,0,5,5,63" ten="199,156,303,342" oya="0" hai0="36,42,37,76,135,128,134,39,22,72,62,33,17" hai1="121,1,61,95,53,11,125,49,132,104,78,103,106" hai2="32,129,96,80,59,21,98,60,56,0,68,45,107" hai3="87,24,81,7,35,122,92,66,64,55,44,118,79"/><T97/><D33/><U23/><E121/><V84/><F32/><W130/><G118/><T28/><D128/><U5/><E132/><N who="0" m="50729" /><D28/><U82/><E125/><V93/><F0/><W8/><G130/><T46/><D97/><U54/><E23/><V99/><F107/><W6/><G122/><T52/><D76/><U13/><E1/><V123/><F123/><W75/><G35/><T50/><D72/><U90/><E103/><V94/><F45/><W19/><G24/><N who="0" m="14415" /><D62/><U25/><E25/><V115/><F129/><W91/><G19/><T119/><D119/><U77/><E77/><V2/><F21/><W40/><G6/><T112/><D112/><U12/><E12/><V126/><F2/><W31/><G31/><T74/><D74/><U15/><E15/><V16/><F115/><W110/><G110/><T10/><D10/><U47/><E61/><V101/><F16/><W48/><G8/><T73/><D73/><U65/><E106/><V38/><F101/><W131/><G7/><T20/><D20/><U27/><E104/><V58/><F126/><W51/><G131/><T34/><D34/><U29/><E29/><V108/><F108/><W67/><G75/><T57/><AGARI ba="1,0" hai="36,37,39,42,46,50,52,57" m="14415,50729" machi="57" ten="30,3000,0" yaku="20,1,54,1" doraHai="63" who="0" fromWho="0" sc="199,33,156,-11,303,-11,342,-11" />
</Scene>
<Scene>
<INIT seed="4,2,0,4,0,38" ten="232,145,292,331" oya="0" hai0="77,122,74,34,59,88,87,111,104,10,118,73,91" hai1="18,41,75,63,15,28,50,131,108,133,107,86,58" hai2="26,13,22,120,43,53,29,1,0,16,71,81,79" hai3="135,56,119,127,31,20,21,103,24,134,80,105,94"/><T8/><D118/><U72/><E108/><V117/><F71/><W83/><G105/><T54/><D122/><U126/><E107/><V30/><F30/><W132/><G119/><T9/><D34/><U51/><E28/><V113/><F113/><W98/><G127/><T62/><D104/><U44/><E126/><V17/><F17/><W102/><G102/><T123/><D123/><U12/><E133/><V106/><F106/><W40/><G21/><T76/><D111/><U37/><E131/><V100/><F100/><W69/><G69/><T99/><D99/><U5/><E5/><V6/><F6/><W70/><G70/><T85/><D74/><U36/><E36/><V115/><F115/><W42/><G56/><T114/><D73/><U78/><E72/><V112/><F112/><W48/><G48/><T66/><D66/><U33/><E75/><V125/><F125/><W47/><G47/><T68/><D68/><U96/><E96/><V4/><F4/><W61/><G61/><T121/><D121/><U124/><E33/><V129/><F129/><W65/><G65/><T116/><D116/><U92/><E124/><V82/><F117/><W110/><G110/><T35/><D35/><U57/><E57/><V49/><F79/><N who="0" m="30282" /><D114/><U19/><E78/><V67/><F67/><W93/><G93/><T109/><D109/><U7/><E92/><V95/><F95/><W64/><G64/><T2/><D2/><N who="2" m="1130" /><F120/><W130/><G130/><T89/><AGARI ba="2,0" hai="8,9,10,54,59,62,85,87,88,89,91" m="30282" machi="89" ten="40,3900,0" yaku="8,1,54,1" doraHai="38" who="0" fromWho="0" sc="232,45,145,-15,292,-15,331,-15" />
</Scene>
<Scene>
<INIT seed="4,3,0,2,0,16" ten="277,130,277,316" oya="0" hai0="11,131,102,104,17,127,12,1,52,38,63,37,21" hai1="116,25,20,135,75,43,34,59,3,49,78,113,4" hai2="105,82,117,124,74,56,71,46,93,47,62,132,134" hai3="79,122,90,130,115,18,45,85,10,121,53,133,88"/><T60/><D131/><U64/><E116/><V36/><F71/><W58/><G130/><T91/><D127/><U7/><E34/><V107/><F124/><W81/><G133/><N who="2" m="51305" /><F93/><W2/><G45/><N who="2" m="16905" /><F36/><W30/><G30/><T125/><D125/><U29/><E135/><V33/><F33/><W108/><G115/><T69/><D91/><U24/><E113/><V103/><F103/><W44/><G44/><T61/><D69/><U84/><E75/><V77/><F117/><W98/><G98/><T99/><REACH who="0" step="1"/><D52/><AGARI ba="3,0" hai="52,56,62,74,77,82,105,107" m="16905,51305" machi="52" ten="30,2000,0" yaku="20,1,54,1" doraHai="16" who="2" fromWho="0" sc="277,-29,130,0,277,29,316,0" />
</Scene>
<Scene>
<INIT seed="5,0,0,5,3,111" ten="248,130,306,316" oya="1" hai0="66,22,109,7,102,75,95,48,96,1,29,34,106" hai1="3,131,21,35,81,132,98,87,62,82,134,56,63" hai2="9,41,11,12,53,59,60,44,133,24,0,25,55" hai3="10,39,2,69,23,93,119,94,68,89,47,128,15"/><U8/><E35/><V101/><F101/><W72/><G119/><T13/><D109/><U124/><E124/><V105/><F105/><W16/><G128/><T33/><D75/><U108/><E108/><V38/><F133/><N who="1" m="51305" /><E131/><V126/><F126/><W99/><G72/><T37/><D37/><U31/><E98/><V19/><F0/><W17/><G39/><T28/><D34/><U103/><E103/><V113/><F113/><W78/><G78/><T92/><D33/><U4/><E56/><V51/><F9/><W100/><G47/><AGARI ba="0,0" hai="11,12,19,24,25,38,41,44,47,51,53,55,59,60" machi="47" ten="30,1000,0" yaku="7,1" doraHai="111" who="2" fromWho="3" sc="248,0,130,0,306,10,316,-10" />
</Scene>
<Scene>
<INIT seed="6,0,0,2,1,12" ten="248,130,316,306" oya="2" hai0="127,120,92,35,94,56,130,73,70,28,99,105,39" hai1="106,48,33,43,47,76,128,66,115,86,116,0,87" hai2="131,60,2,10,119,64,98,113,49,20,55,97,5" hai3="63,9,108,40,58,68,4,17,59,79,65,45,121"/><V38/><F38/><W135/><G108/><T117/><RYUUKYOKU type="yao9" ba="0,0" sc="248,0,130,0,316,0,306,0" hai0="28,35,39,56,70,73,92,94,99,105,117,120,127,130" />
</Scene>
<Scene>
<INIT seed="6,1,0,1,3,54" ten="248,130,316,306" oya="2" hai0="135,47,104,10,15,90,64,99,58,35,52,42,55" hai1="97,91,132,49,125,63,84,85,43,98,126,76,129" hai2="94,87,124,9,24,133,28,71,114,48,31,115,61" hai3="101,27,121,12,100,119,67,4,112,0,122,131,105"/><V57/><F71/><W130/><G67/><T21/><D35/><U80/><E43/><V53/><F124/><N who="1" m="47721" /><E49/><V88/><F133/><W44/><G44/><T127/><D135/><U74/><E63/><V41/><F9/><W111/><G105/><T82/><D42/><U59/><E132/><V50/><F28/><W103/><G0/><T70/><D47/><U95/><E59/><V36/><F36/><W51/><G51/><T8/><D58/><U92/><E129/><V75/><F75/><W72/><G72/><T102/><D70/><U117/><E117/><V123/><F123/><W7/><G119/><T106/><D64/><U120/><E120/><N who="3" m="46186" /><G27/><T16/><D127/><U78/><E78/><V89/><F89/><AGARI ba="1,0" hai="74,76,80,84,85,89,91,92,95,97,98" m="47721" machi="89" ten="30,3900,0" yaku="18,1,34,2" doraHai="54" who="1" fromWho="2" sc="248,0,130,42,316,-42,306,0" />
</Scene>
<Scene>
<INIT seed="7,0,0,1,5,57" ten="248,172,274,306" oya="3" hai0="38,95,5,35,0,22,99,105,45,37,65,76,132" hai1="127,124,92,89,118,31,21,34,88,91,50,120,85" hai2="107,61,51,73,25,66,114,9,40,78,68,100,72" hai3="16,87,2,84,10,135,126,119,52,55,116,98,47"/><W41/><G119/><T14/><D35/><U80/><E34/><V42/><F78/><W46/><G116/><T93/><D105/><U112/><E118/><V70/><F70/><W74/><G74/><T27/><D0/><U113/><E50/><V44/><F42/><W130/><G2/><T12/><D76/><U3/><E3/><V69/><F69/><W29/><G29/><T7/><D65/><U63/><E120/><V125/><F125/><N who="1" m="48201" /><E21/><V117/><F117/><W129/><G126/><T6/><D132/><U32/><E31/><V19/><F114/><N who="1" m="44137" /><E32/><V86/><F86/><N who="3" m="32811" /><G98/><T82/><D22/><U1/><E1/><V109/><F109/><W122/><G135/><T18/><D12/><U77/><E63/><V102/><F25/><W43/><G16/><T4/><D27/><U15/><E15/><V36/><F51/><W62/><G62/><T128/><D14/><U26/><E26/><V131/><F19/><W111/><G111/><T39/><D18/><U123/><E123/><V13/><F13/><W20/><G20/><T97/><D7/><U23/><E23/><V53/><F9/><W101/><G10/><T79/><D6/><U58/><E58/><V115/><F115/><W67/><G67/><T90/><D45/><N who="3" m="16905" /><G122/><T133/><D133/><U134/><E134/><V104/><F53/><N who="3" m="20555" /><G43/><T8/><D8/><U83/><E83/><V103/><F131/><N who="3" m="50187" /><G41/><T81/><D128/><U121/><E121/><V59/><F59/><W30/><G30/><T33/><D5/><U54/><E54/><V56/><F56/><W108/><G108/><T110/><D110/><RYUUKYOKU ba="0,0" sc="248,-30,172,10,274,10,306,10" hai1="77,80,85,88,89,91,92" hai2="36,40,44,61,66,68,72,73,100,102,103,104,107" hai3="101" owari="218,-18.0,182,-32.0,284,8.0,316,42.0" />
</Scene>
</mjloggm>