<mjloggm ver="2.3"><GO type="169" lobby="0"/><UN n0="%E3%81%BF%E3%82%8B%EF%BC%A0%E5%A3%B0%E5%84%AA" n1="%E5%A4%AA%E3%81%8F%E3%81%AA%E3%81%84%E3%81%8A" n2="%E5%AE%8C%E5%85%A8%E6%84%9F%E8%A6%9A%44" n3="%E3%83%AC%E3%83%9F%E3%83%AA%E3%82%A2%E3%81%AF%E4%BF%BA%E3%81%AE%E5%AB%81" dan="16,17,16,16" rate="2087.70,2179.20,2091.56,2063.62" sx="F,M,M,M"/><TAIKYOKU oya="0"/>

<Scene>
<INIT seed="0,0,0,1,0,14" ten="250,250,250,250" oya="0" hai0="119,13,34,110,26,84,62,22,48,41,125,99,108" hai1="30,18,130,83,46,25,69,106,29,123,2,59,111" hai2="93,129,71,117,124,31,57,58,118,45,64,128,89" hai3="44,77,65,23,33,95,4,105,74,107,126,80,43"/><T88/><D119/><N who="2" m="45578" /><F31/><W11/><G33/><T20/><D125/><U112/><E69/><V42/><F124/><W132/><G132/><T101/><D62/><U122/><E106/><V1/><F1/><W6/><G126/><T116/><D116/><U92/><E46/><V81/><F81/><W120/><G120/><T94/><D13/><U27/><E92/><V102/><F102/><W104/><G65/><T8/><D8/><U91/><E59/><N who="2" m="22539" /><F89/><W9/><G95/><T85/><D34/><N who="1" m="20783" /><E91/><V134/><F93/><W60/><G60/><T38/><D38/><U67/><E83/><V75/><F75/><W52/><G107/><T61/><D61/><U47/><E2/><V32/><F64/><W17/><G105/><N who="0" m="63679" /><D84/><U72/><E67/><V35/><F71/><W87/><G87/><T98/><D85/><U19/><E72/><V40/><F134/><W90/><G90/><T133/><D133/><U97/><E122/><V100/><F100/><W135/><G104/><T70/><D70/><U49/><E123/><V51/><F42/><W82/><G82/><T76/><D76/><U78/><E78/><V24/><F24/><N who="3" m="14447" /><G43/><T121/><D121/><U96/><E27/><V39/><F39/><W68/><G68/><T127/><D127/><U36/><E36/><V114/><F114/><W56/><G135/><T113/><D113/><U63/><E112/><V66/><F66/><W73/><G73/><T12/><D26/><U79/><E79/><V7/><F7/><W3/><G6/><T5/><D5/><U131/><E30/><V15/><F15/><N who="3" m="5543" /><G74/><T103/><D88/><RYUUKYOKU ba="0,0" sc="250,-10,250,-10,250,30,250,-10" hai2="32,35,40,45,51,128,129" />
</Scene>
<Scene>
<INIT seed="1,1,0,0,0,89" ten="240,240,280,240" oya="1" hai0="104,108,26,86,124,10,75,30,51,25,90,35,55" hai1="28,131,22,102,81,114,128,21,54,98,29,87,42" hai2="130,113,16,129,101,58,9,82,1,7,127,69,6" hai3="119,68,135,57,13,31,34,76,118,45,65,5,74"/><U24/><E42/><V116/><F69/><W95/><G135/><T107/><D108/><U17/><E54/><V120/><F116/><N who="3" m="44587" /><G68/><T122/><D75/><U115/><E87/><V100/><F120/><W83/><G45/><T3/><D124/><U123/><E81/><V66/><F127/><W43/><G43/><T62/><D62/><U47/><E47/><V72/><F113/><W97/><G31/><T63/><D63/><U0/><E0/><V48/><F6/><W32/><G57/><T12/><D3/><U111/><E123/><V53/><F66/><W60/><G60/><T77/><D26/><U126/><E126/><V73/><F16/><W71/><G65/><T125/><D77/><U85/><E85/><V40/><F40/><W110/><G110/><T20/><D35/><U2/><E2/><V38/><F38/><W96/><G96/><T80/><D125/><U93/><E111/><V132/><F132/><W11/><G71/><T84/><D84/><U49/><E49/><V33/><F33/><W112/><G112/><T67/><D67/><U18/><E115/><V37/><F37/><W88/><AGARI ba="1,0" hai="5,11,13,32,34,74,76,83,88,95,97" m="44587" machi="88" ten="30,4000,0" yaku="12,1,52,1,54,1" doraHai="89" who="3" fromWho="3" sc="240,-11,240,-21,280,-11,240,43" />
</Scene>
<Scene>
<INIT seed="2,0,0,2,3,49" ten="229,219,269,283" oya="2" hai0="133,89,60,72,66,64,108,10,8,97,106,128,25" hai1="32,43,112,54,2,102,121,110,99,33,109,3,111" hai2="131,83,114,4,69,73,45,118,82,46,26,21,120" hai3="126,67,68,23,6,71,30,31,12,51,35,7,84"/><V28/><F114/><W117/><G117/><T80/><D128/><U61/><E112/><V11/><F118/><W134/><G35/><N who="1" m="13386" /><E43/><V17/><F120/><W94/><G71/><T9/><D108/><N who="1" m="27651" /><U18/><DORA hai="59" /><E18/><V127/><F127/><W103/><G68/><T132/><D106/><N who="1" m="63839" /><E121/><V39/><F131/><W38/><G31/><T37/><D37/><U76/><E76/><V96/><F39/><W115/><G30/><T63/><D25/><U42/><E42/><V24/><F26/><W16/><G126/><T57/><D72/><U100/><E100/><V13/><F73/><W75/><G75/><T14/><D14/><U85/><E85/><V104/><F28/><W91/><G38/><T53/><D97/><U87/><E87/><V15/><F13/><W130/><G103/><T44/><D44/><U27/><E27/><V113/><F113/><W5/><G115/><T34/><D34/><U58/><AGARI ba="0,0" hai="2,3,54,58,61" m="63839,27651,13386" machi="58" ten="50,6400,0" yaku="14,1,52,2" doraHai="49,59" who="1" fromWho="1" sc="229,-16,219,64,269,-32,283,-16" />
</Scene>
<Scene>
<INIT seed="3,0,0,0,3,17" ten="213,283,237,267" oya="3" hai0="0,62,3,97,116,63,40,24,33,122,23,86,57" hai1="48,38,58,15,46,34,7,45,66,103,84,27,105" hai2="2,68,61,64,41,126,114,51,74,52,96,20,101" hai3="4,43,6,77,65,123,132,73,9,125,67,49,88"/><W90/><G123/><T80/><D116/><U39/><E105/><V131/><F114/><W76/><G73/><T127/><D127/><U107/><E107/><V16/><F126/><W82/><G125/><T117/><D33/><U42/><E103/><V35/><F35/><W1/><G132/><T81/><D122/><U115/><E115/><V44/><F2/><W36/><G36/><T93/><D40/><U60/><E34/><V21/><F74/><W95/><G1/><T18/><D117/><U118/><E27/><V129/><F41/><W19/><G19/><T37/><D37/><U47/><E118/><V112/><F112/><W31/><G31/><T89/><D80/><U75/><E75/><V56/><F68/><W28/><G28/><T92/><D92/><U70/><E84/><V108/><F108/><W11/><G95/><T13/><D13/><U113/><E113/><V29/><F29/><W53/><G82/><T99/><D99/><U72/><E72/><V69/><F69/><W83/><G83/><T120/><D120/><U8/><REACH who="1" step="1"/><E38/><REACH who="1" ten="213,273,237,267" step="2"/><V50/><F131/><W124/><G124/><T121/><D121/><U14/><E14/><N who="2" m="9239" /><F129/><W55/><G43/><T135/><D135/><U134/><E134/><V130/><F130/><W78/><G78/><T104/><D104/><U111/><E111/><V133/><F133/><W79/><G77/><T59/><D3/><U119/><E119/><V25/><F101/><W94/><G76/><N who="0" m="46375" /><D0/><U98/><E98/><V87/><F87/><W22/><G79/><T100/><D100/><U32/><E32/><V10/><F96/><RYUUKYOKU ba="0,1" sc="213,15,273,15,237,-15,267,-15" hai0="18,23,24,57,59,62,63,89,93,97" hai1="7,8,15,39,42,45,46,47,48,58,60,66,70" />
</Scene>
<Scene>
<INIT seed="4,1,1,0,1,59" ten="228,288,222,252" oya="0" hai0="6,113,44,135,62,94,91,15,99,39,4,28,17" hai1="56,38,83,5,106,43,25,105,42,112,26,77,133" hai2="110,66,12,89,104,69,53,46,127,81,18,57,79" hai3="98,129,1,111,58,101,132,11,9,35,102,109,65"/><T121/><D121/><U54/><E5/><V23/><F110/><W21/><G35/><T27/><D113/><U95/><E133/><V30/><F104/><W55/><G132/><T78/><D78/><U76/><E112/><V37/><F127/><W16/><G129/><T120/><D120/><U33/><E95/><V125/><F125/><W124/><G124/><T36/><D135/><U41/><E38/><V19/><F69/><W48/><G65/><T63/><D39/><U52/><E33/><V84/><F66/><W71/><G71/><T40/><D6/><U10/><E10/><V87/><F30/><W50/><G50/><T86/><D4/><U60/><E77/><V90/><F19/><W0/><G11/><T51/><D36/><U115/><E115/><V32/><F32/><W67/><G67/><T64/><D64/><U130/><E130/><V93/><F90/><W80/><G80/><N who="0" m="49607" /><D27/><U74/><REACH who="1" step="1"/><E54/><REACH who="1" ten="228,278,222,252" step="2"/><V47/><REACH who="2" step="1"/><F37/><REACH who="2" ten="228,278,212,252" step="2"/><W2/><G111/><T31/><D31/><U14/><E14/><V85/><F85/><W131/><G109/><T24/><D28/><U118/><E118/><V34/><F34/><W73/><G131/><T82/><D24/><AGARI ba="1,3" hai="24,25,26,41,42,43,52,56,60,74,76,83,105,106" machi="24" ten="40,5200,0" yaku="1,1,52,1,54,1,53,0" doraHai="59" doraHaiUra="68" who="1" fromWho="0" sc="228,-55,278,85,212,0,252,0" />
</Scene>
<Scene>
<INIT seed="5,0,0,5,0,28" ten="173,363,212,252" oya="1" hai0="3,120,21,5,15,36,89,10,102,111,6,0,122" hai1="74,31,34,24,64,73,84,134,70,130,54,85,65" hai2="29,46,105,14,44,7,58,11,18,23,50,38,40" hai3="37,95,75,126,131,25,91,49,81,128,1,88,16"/><U47/><E134/><V43/><F105/><W78/><G37/><T107/><D36/><U59/><E130/><N who="3" m="49706" /><G1/><N who="0" m="587" /><D89/><U55/><E47/><V132/><F132/><W135/><G135/><T2/><D102/><U113/><E113/><V4/><F29/><W42/><G126/><T51/><D51/><U32/><E31/><V17/><REACH who="2" step="1"/><F58/><REACH who="2" ten="173,363,202,252" step="2"/><W101/><G101/><T108/><D107/><U100/><E100/><V99/><F99/><W35/><G91/><T97/><D97/><U13/><E59/><V68/><F68/><W8/><G88/><T117/><D117/><U41/><E70/><V52/><F52/><W69/><G69/><T26/><N who="0" m="595" /><T48/><DORA hai="60" /><D111/><U39/><E55/><V76/><F76/><W98/><G78/><T125/><D108/><U71/><E54/><V112/><F112/><W45/><G98/><T104/><D104/><U61/><E71/><V72/><F72/><W19/><G75/><T96/><D96/><U110/><E73/><V133/><F133/><W20/><G42/><T56/><D125/><U86/><E74/><V90/><F90/><W127/><G127/><T121/><D56/><U116/><E41/><V123/><F123/><W12/><G81/><T109/><D109/><U129/><E110/><V79/><F79/><W67/><G95/><T27/><D121/><U57/><E129/><V92/><F92/><W80/><G80/><T114/><D122/><U118/><E57/><V62/><F62/><W115/><G115/><T63/><D120/><U94/><E94/><V33/><F33/><W83/><G83/><T30/><D114/><RYUUKYOKU ba="0,1" sc="173,-10,363,-10,202,30,252,-10" hai2="4,7,11,14,17,18,23,38,40,43,44,46,50" />
</Scene>
<Scene>
<INIT seed="6,1,1,0,5,23" ten="163,353,232,242" oya="2" hai0="120,75,45,60,87,49,112,53,102,118,5,92,27" hai1="61,123,94,126,58,55,24,28,97,25,59,116,62" hai2="3,14,79,18,121,64,90,41,29,113,51,0,119" hai3="111,50,71,128,68,109,66,65,10,57,4,52,89"/><V69/><F119/><W19/><G19/><T15/><D75/><U38/><E116/><V21/><F121/><W9/><G89/><T100/><D118/><U76/><E38/><V98/><F79/><W16/><G16/><T40/><D120/><U42/><E123/><V1/><F113/><W34/><G34/><T43/><D112/><U86/><E42/><N who="0" m="15913" /><D60/><U73/><E73/><V33/><F64/><W107/><G107/><T125/><D125/><U6/><E6/><V131/><F69/><W70/><G128/><T115/><D115/><U132/><E132/><V135/><F135/><W129/><G129/><T37/><D37/><U95/><E126/><V67/><F67/><W103/><G103/><T133/><D133/><U7/><E7/><V83/><F131/><W99/><G99/><T110/><D110/><U88/><E28/><V82/><F51/><W127/><G127/><T26/><D100/><N who="1" m="60471" /><E76/><V134/><F41/><W108/><REACH who="3" step="1"/><G10/><REACH who="3" ten="163,353,232,232" step="2"/><N who="0" m="4559" /><D102/><U78/><E78/><V101/><F134/><W36/><G36/><T11/><D11/><U72/><E72/><V44/><F101/><W105/><G105/><T20/><D20/><U35/><E35/><V32/><F21/><W80/><G80/><T56/><D56/><U117/><E117/><V124/><F83/><W96/><G96/><T47/><D47/><U17/><E17/><V54/><F44/><W30/><G30/><T39/><D39/><U85/><E85/><V84/><F98/><W48/><G48/><T93/><D87/><U63/><E59/><V104/><F84/><W31/><G31/><T91/><D91/><RYUUKYOKU ba="1,2" sc="163,10,353,10,232,-30,232,10" hai0="26,27,45,49,53,92,93" hai1="24,25,55,58,61,62,63,86,88,95" hai3="4,9,50,52,57,65,66,68,70,71,108,109,111" />
</Scene>
<Scene>
<INIT seed="7,2,2,4,0,47" ten="173,363,202,242" oya="3" hai0="10,19,36,98,80,68,3,57,24,119,5,78,1" hai1="28,129,25,120,83,32,4,88,52,45,114,122,7" hai2="99,13,81,113,94,34,87,73,102,121,72,70,23" hai3="111,91,104,92,79,130,35,59,26,135,107,69,105"/><W8/><G69/><T6/><D68/><U118/><E114/><V115/><F34/><W90/><G79/><T29/><D36/><U74/><E129/><V65/><F121/><W56/><G135/><T64/><D119/><U95/><E118/><V11/><F23/><W76/><G76/><T132/><D132/><U15/><E83/><V48/><F48/><W97/><G8/><T62/><D3/><U117/><E74/><V66/><F73/><W93/><G111/><T14/><D1/><U127/><E117/><V63/><F72/><W16/><G130/><T40/><D40/><U44/><E44/><V67/><F63/><W53/><G53/><T60/><D60/><U58/><E45/><V51/><F51/><W125/><G125/><T82/><D98/><U100/><E100/><V38/><F38/><W108/><G108/><T43/><D43/><U84/><E127/><V128/><F70/><W110/><G97/><T31/><D80/><U86/><E86/><V71/><F71/><W9/><G107/><T37/><D37/><U106/><E106/><V89/><REACH who="2" step="1"/><F128/><REACH who="2" ten="173,363,192,242" step="2"/><W20/><G35/><T61/><D61/><N who="1" m="36039" /><E32/><V133/><F133/><W124/><G124/><T42/><D42/><U112/><E122/><V126/><F126/><W77/><G110/><T103/><D103/><U54/><E120/><V49/><F49/><W85/><G20/><N who="0" m="15495" /><D31/><U17/><E28/><V134/><F134/><W41/><G41/><T2/><D2/><U123/><E123/><V21/><F21/><W22/><G22/><T12/><D12/><U116/><E15/><V39/><F39/><RYUUKYOKU ba="2,3" sc="173,15,363,-15,192,15,242,-15" hai0="5,6,10,14,19,57,62,64,78,82" hai2="11,13,65,66,67,81,87,89,94,99,102,113,115" owari="188,-31.0,378,47.0,207,-19.0,227,3.0" />
</Scene>
</mjloggm>