<mjloggm ver="2.3"><GO type="169" lobby="0"/><UN n0="%E5%A5%88%E8%90%BD%E3%81%AE%E7%8E%8B" n1="%28%C2%B4%E3%83%BB%D1%81%5F%E3%83%BB%EF%BD%80%29" n2="%E5%A4%AA%E3%81%8F%E3%81%AA%E3%81%84%E3%81%8A" n3="%E3%81%AE%E3%81%A9%E3%81%94%E3%81%97%E3%80%88%E7%94%9F%E3%80%89" dan="17,16,18,16" rate="2161.09,2010.91,2207.79,2096.38" sx="M,M,M,M"/><TAIKYOKU oya="0"/>

<Scene>
<INIT seed="0,0,0,2,0,28" ten="250,250,250,250" oya="0" hai0="37,86,118,57,107,126,67,132,119,6,31,72,34" hai1="95,44,52,110,112,88,7,84,33,10,103,59,91" hai2="9,111,109,43,133,89,77,116,39,53,90,70,106" hai3="128,66,130,35,64,38,82,45,0,87,40,104,11"/><T25/><D72/><U65/><E110/><V2/><F106/><W54/><G104/><T18/><D107/><U101/><E112/><V69/><F77/><W13/><G0/><T76/><D37/><U80/><E33/><V113/><F113/><W85/><G35/><T99/><D6/><U115/><E65/><V1/><F133/><W48/><G85/><T98/><D132/><U12/><E44/><V49/><F43/><W96/><G96/><T92/><D126/><U17/><E7/><V121/><F39/><W61/><G61/><T122/><D122/><U135/><E135/><V102/><F102/><W125/><G125/><T114/><D114/><U71/><E71/><V75/><F75/><W123/><G123/><T56/><D18/><U124/><E124/><V68/><F121/><W41/><G41/><T78/><D99/><N who="1" m="57855" /><E115/><V26/><F116/><W62/><G62/><AGARI ba="0,0" hai="10,12,17,52,59,62,80,84,88,101,103" m="57855" machi="62" ten="30,3900,0" yaku="8,1,54,2" doraHai="28" who="1" fromWho="3" sc="250,0,250,39,250,0,250,-39" />
</Scene>
<Scene>
<INIT seed="1,0,0,3,2,38" ten="250,289,250,211" oya="1" hai0="60,10,93,115,45,101,67,43,27,78,126,113,24" hai1="76,133,32,11,100,81,7,103,64,30,89,99,75" hai2="47,1,55,68,36,33,44,31,40,6,121,57,54" hai3="108,17,102,125,80,13,109,116,8,85,87,3,14"/><U72/><E72/><V23/><F68/><W94/><G116/><T62/><D78/><U66/><E133/><V9/><F121/><W97/><G3/><T98/><D126/><U26/><E89/><V42/><F33/><W63/><G125/><T95/><D95/><U12/><REACH who="1" step="1"/><E103/><REACH who="1" ten="250,279,250,211" step="2"/><V5/><F5/><W110/><G80/><T41/><D115/><U18/><E18/><V119/><F119/><W22/><REACH who="3" step="1"/><G63/><REACH who="3" ten="250,279,250,201" step="2"/><T91/><D62/><U59/><E59/><V83/><F83/><W69/><G69/><T37/><D60/><U77/><E77/><V16/><F57/><W111/><N who="3" m="27648" /><DORA hai="129" /><W88/><G88/><T25/><D91/><U34/><E34/><V4/><F4/><AGARI ba="0,2" hai="4,8,13,14,17,22,85,87,94,97,102" m="27648" machi="4" ten="70,4500,0" yaku="1,1,14,1,53,0" doraHai="38,129" doraHaiUra="53,135" who="3" fromWho="2" sc="250,0,279,0,250,-45,201,65" />
</Scene>
<Scene>
<INIT seed="2,0,0,4,1,60" ten="250,279,205,266" oya="2" hai0="77,83,119,15,11,133,57,97,114,53,82,27,22" hai1="62,29,70,28,128,51,49,3,121,79,14,52,19" hai2="32,123,2,98,6,94,34,118,12,85,126,102,96" hai3="132,91,106,56,78,100,104,93,75,18,127,26,66"/><V37/><F118/><W65/><G127/><T84/><D114/><U64/><E3/><V112/><F112/><W8/><G132/><T46/><D133/><U54/><E128/><V42/><F123/><W92/><G104/><T25/><D119/><U23/><E79/><V101/><F2/><W135/><G135/><T88/><D46/><U45/><REACH who="1" step="1"/><E121/><REACH who="1" ten="250,269,205,266" step="2"/><V7/><F126/><W9/><G78/><T111/><D111/><U110/><E110/><V120/><F120/><W71/><G75/><T31/><D27/><U99/><E99/><V24/><F96/><N who="3" m="59407" /><G106/><T47/><D97/><U134/><E134/><V44/><F101/><W35/><G26/><T109/><D109/><U81/><E81/><V115/><F115/><W76/><G76/><T125/><D125/><U16/><E16/><V55/><F24/><W103/><G18/><T10/><D83/><U30/><E30/><V108/><F108/><W59/><G103/><T48/><D77/><U58/><AGARI ba="0,1" hai="14,19,23,28,29,45,49,51,52,54,58,62,64,70" machi="58" ten="20,12000,2" yaku="1,1,0,1,7,1,52,1,54,1,53,1" doraHai="60" doraHaiUra="61" who="1" fromWho="1" sc="250,-30,269,130,205,-60,266,-30" />
</Scene>
<Scene>
<INIT seed="3,0,0,5,4,8" ten="220,399,145,236" oya="3" hai0="87,69,134,130,102,9,57,80,133,98,58,41,125" hai1="23,27,104,30,75,39,48,21,7,90,115,42,15" hai2="131,84,107,34,43,46,60,86,29,17,24,106,72" hai3="6,5,81,55,16,74,62,26,28,25,112,105,53"/><W71/><G105/><T132/><D69/><U20/><E115/><V95/><F72/><W38/><G38/><T73/><D41/><U127/><E39/><V101/><F131/><W85/><G112/><T91/><D130/><U88/><E75/><V44/><F44/><W99/><G99/><T128/><D128/><U129/><E129/><V79/><F60/><W12/><G74/><T120/><D120/><U33/><E127/><V76/><F17/><W14/><G71/><T109/><D125/><U67/><E67/><V122/><F122/><W19/><G62/><T65/><D65/><U68/><E68/><V61/><F61/><W40/><G40/><T64/><D64/><U13/><E7/><N who="3" m="2570" /><G28/><T50/><D73/><U118/><E118/><V63/><F63/><W18/><G26/><T45/><D98/><U70/><E70/><V56/><F107/><W117/><G25/><T22/><D133/><U83/><E104/><V10/><F106/><W11/><G11/><T52/><D9/><U113/><E113/><V0/><F10/><W54/><G117/><T47/><D134/><U135/><E135/><V35/><F0/><W124/><G124/><T111/><D132/><U37/><E37/><V121/><F121/><W3/><G3/><T96/><D96/><U77/><E42/><V103/><F34/><W119/><G119/><T32/><D32/><U97/><E48/><V82/><F43/><W51/><G51/><T123/><D50/><U36/><E36/><V100/><F29/><W31/><G31/><T114/><D114/><U94/><E90/><AGARI ba="0,0" hai="12,14,16,18,19,53,54,55,81,85,90" m="2570" machi="90" ten="30,11600,0" yaku="8,1,52,2,54,1" doraHai="8" who="3" fromWho="1" sc="220,0,399,-116,145,0,236,116" />
</Scene>
<Scene>
<INIT seed="3,1,0,3,1,57" ten="220,283,145,352" oya="3" hai0="82,100,81,114,58,127,13,71,80,109,14,117,83" hai1="26,79,106,50,55,74,128,4,76,1,36,29,19" hai2="111,41,96,102,47,59,24,43,105,94,40,22,38" hai3="44,103,42,90,69,134,115,119,51,39,89,93,15"/><W104/><G69/><T95/><D71/><U101/><E106/><V54/><F105/><W73/><G73/><T110/><D117/><U34/><E101/><V116/><F111/><W9/><G119/><T60/><D127/><U37/><E128/><V2/><F2/><W45/><G115/><T67/><D114/><U32/><E32/><V12/><F12/><W20/><G20/><T53/><D67/><U92/><E92/><V56/><F56/><W28/><G28/><T123/><D123/><U65/><E65/><V135/><F135/><W78/><G104/><T3/><D3/><U46/><E37/><V63/><REACH who="2" step="1"/><F116/><REACH who="2" ten="220,283,135,352" step="2"/><W132/><G132/><T125/><D125/><U17/><E1/><V68/><F68/><W131/><G134/><T75/><D109/><U7/><E26/><V8/><F8/><W124/><G124/><T113/><D113/><U97/><E46/><V91/><F91/><W99/><G78/><T31/><D110/><U6/><E79/><V30/><AGARI ba="1,1" hai="22,24,30,38,40,41,43,47,54,59,63,94,96,102" machi="30" ten="20,8000,1" yaku="1,1,0,1,7,1,52,1,53,1" doraHai="57" doraHaiUra="18" who="2" fromWho="2" sc="220,-21,283,-21,135,93,352,-41" />
</Scene>
<Scene>
<INIT seed="4,0,0,0,5,38" ten="199,262,228,311" oya="0" hai0="123,26,87,17,30,102,43,44,72,97,31,49,73" hai1="18,20,109,51,130,24,94,28,106,53,25,75,82" hai2="67,133,22,113,80,64,110,50,19,62,108,11,104" hai3="74,57,36,103,100,125,40,45,89,86,59,7,2"/><T0/><D0/><U10/><E106/><V99/><F113/><W135/><G135/><T90/><D123/><U79/><E109/><V98/><F133/><W122/><G122/><T56/><D56/><U15/><E130/><V47/><F11/><W12/><G125/><T29/><D17/><U101/><E101/><V65/><F62/><W126/><G126/><T83/><REACH who="0" step="1"/><D26/><REACH who="0" ten="189,262,228,311" step="2"/><U52/><E25/><V85/><F110/><W58/><G2/><T69/><D69/><U95/><E53/><N who="2" m="29919" /><F108/><W78/><G59/><AGARI ba="0,1" hai="10,15,18,20,24,28,51,52,59,75,79,82,94,95" machi="59" ten="30,2000,0" yaku="7,1,54,1" doraHai="38" who="1" fromWho="3" sc="189,0,262,30,228,0,311,-20" />
</Scene>
<Scene>
<INIT seed="5,0,0,2,4,54" ten="189,292,228,291" oya="1" hai0="42,1,67,35,52,133,8,19,4,13,36,109,49" hai1="45,68,116,81,73,28,34,74,122,5,125,24,58" hai2="22,121,101,128,50,98,59,82,77,3,111,9,118" hai3="131,95,115,63,7,2,41,0,57,10,16,39,72"/><U89/><E122/><V76/><F121/><W38/><G72/><T85/><D109/><U32/><E68/><V23/><F111/><W107/><G107/><T56/><D133/><U110/><E116/><V66/><F118/><W93/><G0/><T21/><D35/><U79/><E110/><V91/><F128/><W130/><G115/><T83/><D67/><U113/><E113/><V97/><F3/><W104/><G104/><T126/><D126/><U114/><E125/><V100/><F9/><W53/><G41/><T88/><D42/><U18/><E34/><V86/><F23/><W26/><G95/><T119/><D119/><U90/><E73/><V127/><F127/><W15/><G26/><T20/><D36/><U71/><E71/><V120/><F22/><AGARI ba="0,0" hai="1,4,8,13,19,20,21,22,49,52,56,83,85,88" machi="22" ten="30,7700,0" yaku="7,1,52,1,54,2" doraHai="54" who="0" fromWho="2" sc="189,77,292,0,228,-77,291,0" />
</Scene>
<Scene>
<INIT seed="6,0,0,1,2,8" ten="266,292,151,291" oya="2" hai0="85,75,12,40,97,94,88,110,86,80,19,107,49" hai1="92,43,128,5,134,15,56,127,52,4,95,106,6" hai2="114,90,33,118,115,55,101,38,18,41,0,74,7" hai3="25,59,116,53,73,50,45,109,96,58,3,9,132"/><V30/><F74/><W98/><G73/><T87/><D110/><U13/><E106/><V99/><F118/><W20/><G116/><T133/><D133/><U46/><E134/><V26/><F90/><W29/><G109/><T76/><D40/><U121/><E121/><V10/><F55/><W14/><G3/><T93/><D49/><N who="1" m="26847" /><E127/><V84/><F84/><W105/><G132/><T100/><D94/><N who="1" m="35883" /><E128/><V102/><F18/><N who="3" m="8527" /><G105/><T60/><D60/><AGARI ba="0,0" hai="4,5,6,13,15,52,56,60" m="35883,26847" machi="60" ten="30,7700,0" yaku="8,1,52,2,54,1" doraHai="8" who="1" fromWho="0" sc="266,-77,292,77,151,0,291,0" />
</Scene>
<Scene>
<INIT seed="7,0,0,1,5,118" ten="189,369,151,291" oya="3" hai0="71,55,63,120,85,77,31,121,129,5,100,111,90" hai1="95,21,53,57,89,103,123,76,61,18,39,33,134" hai2="44,49,98,68,27,99,59,10,88,0,29,37,125" hai3="24,1,23,78,62,116,17,8,104,112,42,36,122"/><W14/><G104/><T119/><D111/><U110/><E123/><V13/><F68/><W117/><G36/><T30/><D119/><N who="3" m="45641" /><G42/><T84/><D129/><U67/><E110/><V4/><F125/><W127/><G78/><T22/><D100/><U54/><E39/><V124/><F124/><W97/><G97/><T74/><D5/><U7/><E7/><V82/><F37/><W133/><G62/><T52/><D74/><U114/><E76/><V16/><F59/><W15/><G127/><T60/><D71/><U107/><E107/><V80/><F0/><W51/><G51/><T93/><D77/><U12/><E103/><V108/><F108/><W35/><G112/><T19/><D93/><U41/><E114/><V132/><F132/><W38/><G38/><T9/><D90/><U96/><E134/><V128/><F128/><W126/><G126/><T58/><D58/><U81/><E41/><N who="2" m="24719" /><F29/><N who="3" m="19879" /><G133/><T83/><D83/><U87/><E33/><V40/><F40/><W86/><G86/><T65/><D65/><U69/><E69/><V92/><F98/><W115/><G115/><T70/><D70/><U102/><AGARI ba="0,0" hai="12,18,21,53,54,57,61,67,81,87,89,95,96,102" machi="102" ten="20,2700,0" yaku="0,1,7,1,8,1" doraHai="118" who="1" fromWho="1" sc="189,-7,369,27,151,-7,291,-13" owari="182,-22.0,396,50.0,144,-36.0,278,8.0" />
</Scene>
</mjloggm>