<mjloggm ver="2.3"><GO type="169" lobby="0"/><UN n0="%73%69%67%65%6E%6F%72%69" n1="%E5%A4%AA%E3%81%8F%E3%81%AA%E3%81%84%E3%81%8A" n2="%E3%82%84%E3%81%BE%E3%83%BC%E3%82%93" n3="%E6%A1%9C%E4%BA%95%E3%81%95%E3%82%93" dan="17,17,17,16" rate="2153.03,2234.01,2105.32,2171.71" sx="M,M,M,M"/><TAIKYOKU oya="0"/>

<Scene>
<INIT seed="0,0,0,5,3,74" ten="250,250,250,250" oya="0" hai0="84,70,102,103,90,135,32,10,14,39,8,16,57" hai1="48,58,55,128,43,28,129,27,22,106,125,19,89" hai2="83,72,69,85,47,51,36,108,9,86,31,96,1" hai3="87,116,93,60,21,59,94,113,79,33,56,117,38"/><T107/><D135/><U104/><E125/><V80/><F108/><W61/><G113/><T30/><D70/><U42/><E89/><V118/><F69/><W73/><G33/><T119/><D39/><U127/><E127/><V75/><F36/><W110/><G38/><T112/><D119/><U17/><E17/><V81/><F31/><W134/><G110/><T64/><D112/><U40/><REACH who="1" step="1"/><E28/><REACH who="1" ten="250,240,250,250" step="2"/><V4/><F118/><W34/><G116/><T124/><D124/><U37/><E37/><V35/><F35/><W132/><G34/><T52/><D30/><U76/><E76/><V66/><F4/><W0/><G117/><T123/><D32/><U71/><E71/><V126/><F126/><W105/><G79/><T82/><D123/><U131/><AGARI ba="0,1" hai="19,22,27,40,42,43,48,55,58,104,106,128,129,131" machi="131" ten="40,8000,1" yaku="1,1,0,1,19,1,53,1" doraHai="74" doraHaiUra="46" who="1" fromWho="1" sc="250,-40,240,90,250,-20,250,-20" />
</Scene>
<Scene>
<INIT seed="1,0,0,3,4,28" ten="210,330,230,230" oya="1" hai0="89,125,129,97,24,87,94,112,126,73,47,115,104" hai1="67,42,37,51,6,111,123,38,2,17,101,128,103" hai2="135,8,131,64,98,83,54,69,12,30,48,72,57" hai3="27,85,81,19,20,1,96,14,119,99,110,63,84"/><U65/><E123/><V5/><F131/><W108/><G1/><T117/><D24/><U56/><E6/><V93/><F135/><W132/><G132/><T43/><D129/><U60/><E2/><V92/><F30/><W66/><G119/><T106/><D73/><U33/><E128/><V79/><F69/><W118/><G118/><T29/><D29/><U15/><E111/><N who="3" m="42538" /><G14/><T13/><D13/><U45/><E67/><V41/><F64/><W34/><G34/><T95/><D47/><U50/><E33/><V11/><F41/><W105/><G105/><N who="0" m="40555" /><D117/><U4/><E4/><V44/><F44/><W39/><G39/><T76/><D43/><U16/><E17/><V102/><F11/><W86/><G81/><N who="0" m="47527" /><D94/><AGARI ba="0,0" hai="5,8,12,48,54,57,72,79,83,92,93,94,98,102" machi="94" ten="30,1000,0" yaku="7,1" doraHai="28" who="2" fromWho="0" sc="210,-10,330,0,230,10,230,0" />
</Scene>
<Scene>
<INIT seed="2,0,0,2,3,22" ten="200,330,240,230" oya="2" hai0="123,50,89,61,82,48,101,42,34,100,58,18,84" hai1="71,77,128,134,47,119,17,125,66,19,0,20,85" hai2="38,95,87,64,31,116,27,55,44,69,32,90,6" hai3="124,75,56,51,65,33,113,94,5,37,103,10,60"/><V41/><F116/><W78/><G37/><T118/><D123/><U135/><E119/><V54/><REACH who="2" step="1"/><F6/><REACH who="2" ten="200,330,230,230" step="2"/><W115/><G5/><T8/><D118/><U73/><E134/><V132/><F132/><W1/><G115/><T49/><D42/><U2/><E135/><V16/><F16/><W43/><G43/><T14/><REACH who="0" step="1"/><D34/><REACH who="0" ten="190,330,230,230" step="2"/><U59/><E125/><V131/><F131/><W57/><G33/><T122/><D122/><U129/><E128/><V4/><F4/><W15/><G124/><T11/><D11/><U46/><E129/><V72/><F72/><W67/><G10/><T25/><D25/><U98/><E73/><V108/><F108/><W3/><G75/><T83/><D83/><U79/><E19/><V81/><F81/><W109/><G109/><T114/><D114/><U23/><E17/><V62/><AGARI ba="0,2" hai="27,31,32,38,41,44,54,55,62,64,69,87,90,95" machi="62" ten="30,6000,0" yaku="1,1,0,1,52,1,53,0" doraHai="22" doraHaiUra="104" who="2" fromWho="2" sc="190,-20,330,-20,230,80,230,-20" />
</Scene>
<Scene>
<INIT seed="2,1,0,2,5,34" ten="170,310,310,210" oya="2" hai0="49,129,45,46,115,36,83,97,60,25,29,120,57" hai1="48,135,2,71,88,18,109,13,50,111,17,42,61" hai2="14,8,9,40,53,86,52,79,22,39,92,70,56" hai3="96,80,23,10,54,81,20,114,21,130,122,3,41"/><V32/><F32/><W110/><G122/><T121/><D115/><U11/><E135/><V58/><F70/><W133/><G133/><T5/><D36/><U75/><E75/><V44/><F22/><W4/><G114/><T47/><D49/><N who="1" m="19051" /><E42/><V26/><F26/><W38/><G110/><N who="1" m="41994" /><E2/><V102/><F9/><W37/><G130/><T85/><D97/><U117/><E117/><V55/><F102/><W69/><G69/><T67/><D129/><U124/><E124/><V27/><F27/><W112/><G112/><T6/><D120/><U16/><E88/><V113/><F113/><W118/><G118/><T76/><REACH who="0" step="1"/><D121/><REACH who="0" ten="160,310,310,210" step="2"/><U100/><E100/><V128/><F128/><W104/><G96/><T66/><D66/><AGARI ba="1,1" hai="11,13,16,17,18,61,66,71" m="41994,19051" machi="66" ten="30,2000,0" yaku="14,1,54,1" doraHai="34" who="1" fromWho="0" sc="160,-23,310,33,310,0,210,0" />
</Scene>
<Scene>
<INIT seed="3,0,0,1,3,115" ten="137,343,310,210" oya="3" hai0="89,40,116,75,37,92,112,99,73,29,123,18,33" hai1="78,27,114,76,30,90,94,0,93,88,41,133,34" hai2="48,104,111,86,43,113,77,117,81,82,23,100,65" hai3="102,95,19,20,51,83,87,121,131,32,127,128,25"/><W53/><G121/><T96/><D123/><U119/><E114/><V57/><F113/><W8/><G127/><T134/><D112/><U39/><E0/><V67/><F100/><W24/><G8/><T3/><D134/><U52/><E133/><V16/><F104/><W126/><G126/><T66/><D3/><U55/><E41/><V84/><F117/><W118/><G118/><T44/><D116/><U2/><E39/><V6/><F6/><W122/><G122/><T58/><D18/><U35/><E119/><V47/><F57/><W9/><G9/><T135/><D135/><U132/><E132/><V26/><REACH who="2" step="1"/><F111/><REACH who="2" ten="137,343,300,210" step="2"/><W12/><G131/><T110/><D58/><U22/><E2/><V107/><F107/><W106/><G106/><T79/><D110/><U70/><E70/><V80/><F80/><W21/><G128/><T124/><D124/><U42/><E94/><V54/><F54/><W46/><G102/><T31/><D66/><U85/><E52/><V98/><F98/><W15/><G95/><T97/><D99/><U36/><E55/><V38/><F38/><W64/><G64/><T72/><D97/><U91/><E36/><V11/><F11/><W50/><G53/><T109/><D109/><U4/><E4/><V108/><F108/><W68/><G68/><T1/><D96/><U17/><E42/><V13/><F13/><W130/><G130/><T105/><D105/><U49/><E49/><V74/><F74/><W56/><G56/><T60/><D73/><U62/><E93/><V45/><F45/><W14/><G46/><T103/><D72/><RYUUKYOKU ba="0,1" sc="137,-10,343,-10,300,30,210,-10" hai2="16,23,26,43,47,48,65,67,77,81,82,84,86" />
</Scene>
<Scene>
<INIT seed="4,1,1,3,1,23" ten="127,333,330,200" oya="0" hai0="113,3,114,25,65,26,128,69,95,119,62,101,20" hai1="34,118,35,56,27,39,111,125,47,126,124,15,61" hai2="83,44,66,84,94,51,131,87,33,48,1,104,38" hai3="90,133,2,73,85,80,8,30,6,7,45,134,17"/><T64/><D119/><U117/><E111/><V108/><F104/><W91/><G73/><T96/><D128/><U88/><E15/><V71/><F1/><W102/><G102/><T116/><D116/><N who="1" m="44651" /><E88/><V107/><F94/><W103/><G103/><T0/><D65/><N who="1" m="39079" /><E27/><N who="0" m="10249" /><D20/><U98/><E98/><V100/><F100/><W31/><G2/><T77/><D77/><U70/><E70/><V21/><F71/><W63/><G8/><T28/><D28/><U81/><E81/><V54/><F21/><W19/><G30/><T41/><D41/><AGARI ba="1,1" hai="34,35,39,41,47,124,125,126" m="39079,44651" machi="41" ten="40,1300,0" yaku="18,1" doraHai="23" who="1" fromWho="0" sc="127,-16,333,26,330,0,200,0" />
</Scene>
<Scene>
<INIT seed="5,0,0,5,4,120" ten="111,359,330,200" oya="1" hai0="128,127,20,23,58,19,44,63,53,109,74,5,80" hai1="56,97,71,103,1,124,39,115,16,108,116,133,111" hai2="33,105,81,45,131,132,3,134,100,25,40,52,90" hai3="106,125,10,57,92,30,77,22,118,122,113,95,76"/><U28/><E71/><V43/><F131/><W61/><G122/><T99/><D128/><U66/><E116/><V84/><F3/><W35/><G35/><T85/><D127/><U72/><E39/><V69/><F69/><W49/><G106/><T93/><D74/><U70/><E70/><V67/><F67/><W91/><G125/><T54/><D5/><U114/><E124/><V129/><F129/><W29/><G118/><T123/><D123/><U13/><E72/><V14/><F100/><W96/><G113/><N who="1" m="43018" /><E1/><V8/><F25/><N who="3" m="16567" /><G30/><T104/><D104/><N who="1" m="63599" /><E28/><V24/><F24/><W78/><G49/><T119/><D119/><U34/><E34/><V79/><F33/><W135/><G135/><N who="2" m="51753" /><F79/><W47/><G47/><T32/><D109/><N who="1" m="42059" /><E133/><V110/><F110/><W26/><G26/><T6/><D32/><U4/><E4/><N who="2" m="3335" /><F105/><W82/><G76/><T112/><D6/><U21/><E66/><V83/><F83/><W18/><G82/><T2/><D112/><U15/><E15/><V46/><F81/><W88/><G77/><T55/><D2/><U64/><E64/><V0/><F0/><W17/><G78/><T31/><D31/><U36/><E36/><V121/><F121/><W89/><G17/><T73/><D19/><U42/><E56/><V48/><F90/><W9/><G91/><N who="0" m="51623" /><D73/><U102/><E102/><V50/><F84/><N who="3" m="52231" /><G18/><T12/><D12/><U94/><E94/><V59/><F59/><W7/><G7/><T101/><D44/><U126/><E126/><V11/><F11/><N who="3" m="4107" /><G57/><T130/><D130/><U27/><E27/><V62/><F62/><AGARI ba="0,0" hai="61,62,89,95,96" m="4107,52231,16567" machi="62" ten="30,3900,0" yaku="6,1,8,1,54,1" doraHai="120" who="3" fromWho="2" sc="111,0,359,0,330,-39,200,39" />
</Scene>
<Scene>
<INIT seed="6,0,0,0,0,82" ten="111,359,291,239" oya="2" hai0="7,40,131,32,103,81,44,52,124,119,34,62,28" hai1="20,95,73,79,108,120,94,107,54,109,45,89,84" hai2="22,133,130,3,66,65,90,4,88,113,60,1,116" hai3="33,15,111,6,115,43,104,11,57,17,29,35,30"/><V112/><F116/><W110/><G104/><T16/><D119/><U49/><E120/><V36/><F36/><W93/><G43/><T8/><D131/><U80/><E107/><V68/><F130/><W118/><G93/><T67/><D124/><U98/><E20/><V23/><F4/><W25/><G57/><T128/><D103/><AGARI ba="0,0" hai="45,49,54,73,79,80,84,89,94,95,98,103,108,109" machi="103" ten="30,2000,0" yaku="7,1,52,1" doraHai="82" who="1" fromWho="0" sc="111,-20,359,20,291,0,239,0" />
</Scene>
<Scene>
<INIT seed="7,0,0,0,1,18" ten="91,379,291,239" oya="3" hai0="75,94,37,58,13,1,46,52,88,36,96,3,120" hai1="69,14,82,57,48,64,100,123,49,34,106,78,19" hai2="60,29,41,80,133,50,5,85,114,122,43,83,35" hai3="65,112,56,22,8,16,2,102,98,66,121,54,103"/><W55/><G121/><T38/><D120/><U111/><E123/><V125/><F80/><W71/><G112/><T26/><D75/><U17/><E34/><V62/><F29/><W134/><G134/><T109/><D109/><U128/><E69/><V12/><F35/><W24/><G71/><T93/><D13/><U79/><E111/><V40/><F125/><W23/><G2/><T135/><D135/><U27/><E106/><V77/><F114/><W81/><G8/><T72/><D72/><U89/><E100/><N who="3" m="38442" /><G98/><T7/><D46/><U73/><E128/><V11/><F122/><W113/><G81/><T132/><D132/><U95/><E78/><V25/><F25/><N who="3" m="14535" /><G113/><T53/><D53/><N who="3" m="19977" /><G56/><T20/><D93/><U127/><E127/><V32/><F32/><W105/><G105/><T87/><D87/><N who="1" m="48607" /><E27/><V76/><F76/><W131/><G131/><T84/><D84/><U4/><E73/><V51/><F133/><W108/><G108/><T30/><REACH who="0" step="1"/><D7/><REACH who="0" ten="81,379,291,239" step="2"/><U47/><E4/><V119/><F119/><W59/><G59/><T86/><D86/><U10/><E10/><V116/><F116/><W21/><G24/><T126/><D126/><U44/><E14/><V107/><F107/><W6/><G6/><T67/><D67/><AGARI ba="0,1" hai="21,23,65,66,67" m="19977,14535,38442" machi="67" ten="30,12000,1" yaku="8,1,52,3,54,1" doraHai="18" who="3" fromWho="0" sc="81,-120,379,0,291,0,239,130" owari="-39,-54.0,379,48.0,291,-11.0,369,17.0" />
</Scene>
</mjloggm>