<mjloggm ver="2.3"><GO type="169" lobby="0"/><UN n0="%E3%81%8D%E3%81%BF%E3%81%9F%E3%81%BE%E3%81%94" n1="%E4%B8%80%E9%83%8E%2E" n2="%E5%A4%AA%E3%81%8F%E3%81%AA%E3%81%84%E3%81%8A" n3="%E5%A4%A7%E9%B3%A5%E7%8D%85%E5%AD%90%E5%90%BC" dan="16,16,18,17" rate="2057.45,2007.86,2206.35,2137.87" sx="M,F,M,M"/><TAIKYOKU oya="0"/>

<Scene>
<INIT seed="0,0,0,4,0,127" ten="250,250,250,250" oya="0" hai0="102,47,19,98,65,97,25,55,56,37,93,0,50" hai1="116,83,120,77,12,125,69,123,87,68,61,33,3" hai2="115,35,16,49,109,14,31,22,67,6,95,107,84" hai3="30,29,103,82,59,105,134,70,42,9,28,124,101"/><T21/><D0/><U36/><E3/><V18/><F107/><W51/><G70/><T122/><D122/><U4/><E33/><V129/><F115/><W94/><G124/><T5/><D5/><U100/><E116/><V99/><F109/><W58/><G134/><T1/><D1/><U104/><E36/><V72/><F72/><W128/><G105/><T38/><REACH who="0" step="1"/><D97/><REACH who="0" ten="240,250,250,250" step="2"/><U76/><E4/><V111/><F6/><W46/><G9/><T135/><D135/><U20/><E125/><V110/><F111/><W73/><G28/><T24/><D24/><U85/><E120/><V45/><F110/><W39/><G29/><T62/><AGARI ba="0,1" hai="19,21,25,37,38,47,50,55,56,62,65,93,98,102" machi="62" ten="30,3000,0" yaku="1,1,0,1,53,0" doraHai="127" doraHaiUra="27" who="0" fromWho="0" sc="240,40,250,-10,250,-10,250,-10" />
</Scene>
<Scene>
<INIT seed="0,1,0,0,0,27" ten="280,240,240,240" oya="0" hai0="11,97,24,125,62,69,74,34,40,104,93,115,114" hai1="48,110,96,9,26,134,128,38,70,82,15,59,14" hai2="77,2,102,66,29,130,43,12,112,41,4,13,80" hai3="44,86,84,30,127,3,19,123,83,25,89,135,46"/><T60/><D74/><U37/><E70/><V33/><F112/><W105/><G105/><T22/><D125/><U113/><E113/><V7/><F2/><W90/><G3/><T57/><D104/><U42/><E128/><V49/><F130/><W122/><G127/><T85/><D34/><U0/><E110/><V45/><F102/><W117/><G19/><T76/><D40/><U87/><E96/><V72/><F66/><W47/><G135/><T51/><D11/><U73/><E73/><V35/><F43/><W126/><G117/><T50/><D62/><U79/><E134/><V111/><F111/><W63/><G63/><T6/><D69/><U133/><E133/><V118/><F118/><W92/><REACH who="3" step="1"/><G126/><REACH who="3" ten="280,240,240,230" step="2"/><T31/><D6/><U116/><E116/><V39/><F7/><W1/><G1/><T124/><D124/><U5/><E0/><V94/><F4/><W108/><G108/><T61/><D61/><U88/><E26/><V103/><F13/><W71/><G71/><T91/><D114/><U17/><E17/><V121/><F12/><W10/><G10/><T28/><D115/><U54/><E15/><V52/><F121/><W65/><G65/><T55/><REACH who="0" step="1"/><D31/><REACH who="0" ten="270,240,240,230" step="2"/><U53/><E9/><V21/><F29/><W81/><G81/><AGARI ba="1,2" hai="22,24,28,50,51,55,57,60,76,81,85,91,93,97" machi="81" ten="40,12000,1" yaku="1,1,2,1,8,1,52,1,53,0" doraHai="27" doraHaiUra="67" who="0" fromWho="3" sc="270,143,240,0,240,0,230,-123" />
</Scene>
<Scene>
<INIT seed="0,2,0,4,0,101" ten="413,240,240,107" oya="0" hai0="51,71,49,102,82,117,22,58,38,103,45,79,15" hai1="20,83,72,104,18,31,21,123,86,73,80,94,67" hai2="124,92,88,41,131,126,75,3,110,24,127,14,90" hai3="118,34,59,65,107,5,99,9,120,108,32,111,6"/><T132/><D117/><U53/><E123/><V2/><F75/><W8/><G118/><T40/><D71/><U16/><E67/><V47/><F110/><N who="3" m="42027" /><G120/><T81/><D132/><U113/><E113/><V130/><F14/><N who="3" m="5391" /><G59/><T85/><D81/><U37/><E37/><V61/><F61/><W63/><G63/><T76/><D79/><U116/><E116/><V30/><F2/><N who="3" m="215" /><G65/><T106/><D38/><U1/><E53/><V95/><F3/><W112/><G112/><T128/><D58/><U105/><E94/><N who="2" m="35883" /><F47/><W12/><G12/><T19/><D49/><U28/><E1/><V133/><F41/><W98/><G98/><T115/><D115/><U69/><REACH who="1" step="1"/><E86/><REACH who="1" ten="413,230,240,107" step="2"/><V25/><F133/><W114/><G114/><T121/><D121/><U134/><E134/><V17/><F130/><W74/><G74/><T39/><D128/><U57/><E57/><V44/><F131/><W70/><G70/><AGARI ba="2,1" hai="16,18,20,21,28,31,69,70,72,73,80,83,104,105" machi="70" ten="25,12000,2" yaku="1,1,22,2,52,2,54,1,53,0" doraHai="101" doraHaiUra="48" who="1" fromWho="3" sc="413,0,230,136,240,0,107,-126" owari="413,51.0,366,17.0,240,-16.0,-19,-52.0" />
</Scene>
</mjloggm>