<mjloggm ver="2.3"><GO type="41" lobby="0"/><UN n0="%E5%A4%AA%E3%81%8F%E3%81%AA%E3%81%84%E3%81%8A" n1="%6D%69%6F%64%61%7A%65" n2="%E3%83%A9%E3%83%83%E3%82%AD%E3%83%BC%EF%BC%A4" n3="%E6%88%B8%E9%A0%AD%36%E4%B8%81%E7%9B%AE" dan="17,13,13,14" rate="2143.03,1920.90,1936.11,1813.94" sx="M,F,M,M"/><TAIKYOKU oya="0"/>

<Scene>
<INIT seed="0,0,0,5,0,43" ten="250,250,250,250" oya="0" hai0="59,118,23,11,57,10,95,55,67,120,99,9,126" hai1="97,114,105,94,56,35,100,27,92,45,51,90,108" hai2="74,2,76,80,61,102,54,62,71,101,135,15,14" hai3="119,47,48,17,32,58,131,85,4,69,123,130,64"/><T31/><D118/><U107/><E108/><V6/><F135/><W116/><G32/><T25/><D120/><U89/><E114/><V87/><F2/><W63/><G4/><T84/><D126/><U38/><E38/><V18/><F74/><W0/><G0/><T46/><D84/><U128/><E128/><N who="3" m="49194" /><G17/><T134/><D134/><U132/><E132/><V24/><F24/><W109/><G85/><T22/><D67/><U66/><E35/><V81/><F81/><W26/><G26/><T50/><REACH who="0" step="1"/><D22/><REACH who="0" ten="240,250,250,250" step="2"/><U41/><E100/><AGARI ba="0,1" hai="9,10,11,23,25,31,46,50,55,57,59,95,99,100" machi="100" ten="40,12000,1" yaku="1,1,2,1,8,1,52,1,53,0" doraHai="43" doraHaiUra="121" who="0" fromWho="1" sc="240,130,250,-120,250,0,250,0" />
</Scene>
<Scene>
<INIT seed="0,1,0,2,3,131" ten="370,130,250,250" oya="0" hai0="135,125,30,16,39,84,47,118,54,89,29,9,37" hai1="63,123,49,75,103,36,52,45,34,86,51,128,111" hai2="73,101,133,8,57,64,14,115,126,78,99,21,107" hai3="15,121,3,22,18,55,81,91,88,114,60,127,7"/><T35/><D118/><U98/><E75/><V11/><F115/><W102/><G114/><T117/><D117/><U32/><E123/><V90/><F126/><W48/><G127/><T56/><D125/><U4/><E128/><V70/><F70/><W132/><G121/><T13/><D135/><U2/><E36/><V113/><F113/><W1/><G132/><T19/><D19/><U85/><E111/><V23/><F11/><W12/><G102/><T77/><D77/><U67/><E51/><V96/><F133/><W0/><G60/><T119/><D119/><U43/><E43/><V82/><F57/><W105/><G105/><T72/><D72/><U108/><E108/><V53/><F53/><W112/><G112/><T42/><D37/><U95/><E34/><V41/><F41/><W134/><G134/><T68/><D35/><U69/><REACH who="1" step="1"/><E32/><REACH who="1" ten="370,120,250,250" step="2"/><V25/><F73/><W61/><G61/><T10/><D42/><U66/><E66/><V28/><F64/><W79/><G48/><T104/><D39/><U27/><E27/><V130/><F25/><W93/><G55/><T100/><D54/><U38/><E38/><V46/><F130/><W80/><G0/><T65/><D65/><U5/><E5/><V97/><F14/><W76/><G1/><T116/><D116/><U122/><E122/><V24/><F24/><W120/><G120/><T83/><D47/><U50/><E50/><V6/><F46/><W74/><G3/><T87/><D68/><U33/><E33/><V106/><F6/><W26/><G7/><T71/><D71/><U129/><E129/><RYUUKYOKU ba="1,1" sc="370,-10,120,30,250,-10,250,-10" hai1="2,4,45,49,52,63,67,69,85,86,95,98,103" />
</Scene>
<Scene>
<INIT seed="1,2,1,5,5,50" ten="360,150,240,240" oya="1" hai0="129,41,40,79,37,93,128,42,54,74,31,99,104" hai1="133,47,132,131,44,28,56,49,39,105,5,106,62" hai2="118,100,1,17,48,77,0,109,24,119,32,43,122" hai3="60,16,65,85,14,35,34,57,115,111,117,58,102"/><U18/><E131/><N who="0" m="50249" /><D104/><U20/><E28/><V88/><F122/><W114/><G111/><T123/><D123/><U86/><E5/><V80/><F109/><W38/><G38/><T30/><D37/><U46/><E86/><V36/><F48/><W71/><G102/><N who="0" m="60783" /><D54/><N who="1" m="34071" /><E49/><V26/><F36/><W4/><G4/><T96/><D96/><U87/><E87/><V127/><F100/><W19/><G117/><T121/><D121/><U9/><E9/><V22/><F119/><W11/><G85/><T126/><D126/><U81/><E81/><AGARI ba="2,1" hai="30,31,40,41,42,74,79,81" m="60783,50249" machi="81" ten="30,1000,0" yaku="19,1" doraHai="50" who="0" fromWho="1" sc="360,26,150,-16,240,0,240,0" />
</Scene>
<Scene>
<INIT seed="2,0,0,4,3,126" ten="386,134,240,240" oya="2" hai0="106,63,75,83,102,89,62,65,113,124,70,34,114" hai1="129,33,108,74,14,128,42,133,59,40,95,55,30" hai2="2,57,22,91,64,52,134,80,27,5,46,28,88" hai3="1,68,67,98,96,121,116,66,69,10,71,72,120"/><V20/><F2/><W49/><G72/><T87/><D124/><U130/><E74/><V81/><F5/><W103/><G116/><T43/><D43/><U123/><E108/><V19/><F134/><W107/><G49/><T132/><D132/><U82/><E133/><V21/><F46/><W50/><G50/><T112/><D63/><N who="1" m="36351" /><E123/><V18/><F64/><W9/><G1/><T85/><D34/><U79/><E95/><V101/><F101/><W47/><G47/><T105/><D75/><N who="1" m="43391" /><E14/><N who="2" m="9303" /><F81/><W29/><G29/><T16/><D102/><U25/><AGARI ba="0,0" hai="25,30,33,40,42,128,129,130" m="43391,36351" machi="25" ten="40,8000,1" yaku="19,1,52,3" doraHai="126" who="1" fromWho="1" sc="386,-20,134,80,240,-40,240,-20" />
</Scene>
<Scene>
<INIT seed="3,0,0,0,2,113" ten="366,214,200,220" oya="3" hai0="29,33,119,18,54,98,91,99,70,114,68,81,0" hai1="64,47,75,23,55,110,9,6,39,12,43,100,41" hai2="86,116,53,65,126,118,108,120,45,2,44,20,135" hai3="92,37,36,107,58,27,38,28,96,62,87,14,1"/><W93/><G1/><T67/><D0/><U32/><E32/><V127/><F2/><W42/><G107/><T95/><D114/><U88/><E75/><V13/><F108/><W134/><G14/><T63/><D54/><U52/><E110/><V11/><F65/><W122/><G122/><T25/><D81/><U10/><E43/><V123/><F20/><W129/><G134/><T132/><D132/><U21/><E100/><V48/><F86/><W17/><G129/><T66/><D18/><U24/><E64/><V131/><F135/><W19/><G42/><T8/><D8/><U106/><E106/><V4/><F45/><W34/><G87/><T101/><D119/><N who="2" m="45610" /><F131/><W46/><G46/><T104/><D67/><U5/><E23/><V85/><F85/><W22/><G92/><T82/><D82/><U57/><E57/><AGARI ba="0,0" hai="25,29,33,57,63,66,68,70,91,95,98,99,101,104" machi="57" ten="30,1000,0" yaku="7,1" doraHai="113" who="0" fromWho="1" sc="366,10,214,-10,200,0,220,0" />
</Scene>
<Scene>
<INIT seed="4,0,0,3,2,15" ten="376,204,200,220" oya="0" hai0="126,49,102,10,4,18,125,46,116,30,75,130,63" hai1="131,67,123,101,99,124,106,12,108,96,127,104,37" hai2="86,107,76,95,51,41,134,8,39,77,65,17,98" hai3="83,112,54,100,26,25,45,20,14,22,94,91,120"/><T61/><D116/><U109/><E67/><V32/><F39/><W111/><G111/><T80/><D30/><U55/><E55/><V105/><F32/><W38/><G112/><T50/><D102/><N who="1" m="62535" /><E12/><N who="2" m="7303" /><F105/><W132/><G132/><T48/><D46/><U7/><E7/><V29/><F107/><W133/><G133/><T93/><D93/><U122/><E37/><V68/><F68/><W57/><G120/><N who="1" m="46122" /><E131/><V19/><F29/><W82/><G100/><T119/><D119/><U92/><E92/><V28/><F28/><N who="3" m="17447" /><G14/><N who="0" m="7511" /><D4/><U84/><E84/><V62/><F134/><W35/><G35/><T118/><D118/><U58/><E58/><N who="2" m="37079" /><F86/><N who="3" m="52599" /><G45/><T121/><D121/><U0/><E0/><V13/><F41/><W87/><G87/><T90/><D130/><U31/><E31/><V79/><F51/><N who="3" m="30943" /><G38/><T56/><D56/><U88/><E88/><N who="2" m="55655" /><F77/><W69/><G69/><T60/><D90/><U44/><E44/><V81/><F81/><W135/><G135/><T113/><D80/><U40/><E40/><V21/><AGARI ba="0,0" hai="13,19,21,76,79" m="55655,37079,7303" machi="21" ten="30,7900,0" yaku="8,1,52,2,54,1" doraHai="15" who="2" fromWho="2" sc="376,-39,204,-20,200,79,220,-20" />
</Scene>
<Scene>
<INIT seed="5,0,0,2,5,69" ten="337,184,279,200" oya="1" hai0="6,10,18,49,2,105,107,8,135,17,50,73,125" hai1="16,112,31,84,91,26,48,78,74,126,62,11,56" hai2="111,45,58,25,93,80,66,41,23,129,35,94,37" hai3="59,67,34,7,133,3,79,13,100,108,97,87,43"/><U21/><E112/><V22/><F111/><W44/><G108/><T4/><D73/><U47/><E126/><V86/><F35/><W127/><G34/><T128/><D125/><U77/><E74/><V61/><F129/><W65/><G127/><T99/><D99/><U117/><E117/><V19/><REACH who="2" step="1"/><F23/><REACH who="2" ten="337,184,269,200" step="2"/><W33/><G33/><T12/><D128/><U89/><E89/><AGARI ba="0,1" hai="19,22,25,37,41,45,58,61,66,80,86,89,93,94" machi="89" ten="30,12000,2" yaku="1,1,2,1,7,1,52,1,53,2" doraHai="69" doraHaiUra="90" who="2" fromWho="1" sc="337,0,184,-120,269,130,200,0" />
</Scene>
<Scene>
<INIT seed="6,0,0,0,0,91" ten="337,64,399,200" oya="2" hai0="40,65,107,55,35,19,104,24,38,117,84,43,22" hai1="124,99,126,67,79,6,20,61,118,119,53,46,101" hai2="21,10,109,75,93,130,0,48,112,7,77,125,115" hai3="23,54,70,90,25,31,86,27,47,64,82,9,16"/><V129/><F75/><W8/><G70/><T2/><D2/><U103/><E6/><V3/><F77/><W71/><G71/><T37/><D65/><U68/><E20/><V120/><F120/><W106/><G106/><T133/><D133/><U13/><E13/><N who="2" m="5343" /><F109/><W83/><G64/><T74/><D74/><U57/><E79/><V98/><F125/><W28/><G82/><T76/><D117/><U122/><E103/><N who="2" m="60879" /><F48/><N who="3" m="28959" /><G9/><T58/><D35/><U60/><E99/><V18/><F3/><W92/><G8/><T26/><D76/><U12/><E101/><V50/><F50/><W34/><G34/><T63/><D107/><U88/><E88/><V94/><F0/><W96/><G27/><T87/><D26/><U123/><E12/><N who="2" m="9415" /><F94/><W42/><G42/><T108/><D104/><U135/><E46/><V113/><AGARI ba="0,0" hai="112,113,115,129,130" m="9415,60879,5343" machi="113" ten="40,3900,0" yaku="15,1,52,1" doraHai="91" who="2" fromWho="2" sc="337,-13,64,-13,399,39,200,-13" />
</Scene>
<Scene>
<INIT seed="6,1,0,5,4,120" ten="324,51,438,187" oya="2" hai0="30,116,132,71,55,82,128,51,114,63,126,15,80" hai1="20,64,32,69,27,44,102,10,18,67,83,89,112" hai2="25,70,99,77,98,127,42,97,117,85,22,54,48" hai3="65,12,31,11,94,13,33,104,66,35,28,8,6"/><V7/><F117/><W21/><G104/><T91/><D116/><U119/><E119/><V3/><F70/><W90/><G90/><T45/><D114/><U103/><E112/><V135/><F42/><W73/><G73/><T133/><D126/><U109/><E32/><N who="3" m="12362" /><G94/><T108/><D30/><N who="3" m="11305" /><G66/><N who="0" m="41439" /><D15/><U95/><E83/><N who="0" m="31785" /><D91/><U118/><E118/><V79/><F127/><W111/><G65/><T16/><D16/><U61/><E67/><V110/><F7/><N who="3" m="3103" /><G111/><T37/><D37/><U123/><E123/><V50/><F110/><W24/><G24/><T9/><D108/><U46/><E109/><V4/><F25/><W121/><G121/><T78/><D78/><U39/><E10/><V96/><F79/><W2/><G21/><T93/><D93/><U105/><E105/><V113/><F22/><W130/><G130/><T124/><D128/><U68/><E68/><V43/><F50/><W38/><G38/><T41/><D41/><U23/><E23/><V49/><F54/><W19/><G19/><T52/><D55/><U59/><E69/><V36/><F96/><W58/><G58/><T62/><D62/><U88/><E39/><V125/><F36/><W1/><AGARI ba="1,0" hai="1,2,6,11,13" m="3103,11305,12362" machi="1" ten="30,8000,1" yaku="35,5" doraHai="120" who="3" fromWho="3" sc="324,-21,51,-21,438,-41,187,83" />
</Scene>
<Scene>
<INIT seed="7,0,0,2,0,135" ten="303,30,397,270" oya="3" hai0="123,21,41,5,126,43,49,26,129,36,130,30,128" hai1="1,82,53,6,59,102,37,32,52,119,116,68,3" hai2="44,87,24,93,77,31,27,74,84,2,111,67,18" hai3="4,70,97,38,107,42,61,12,65,75,133,104,64"/><W71/><G133/><T48/><BYE who="1" /><D123/><U80/><E80/><V83/><F74/><W47/><G12/><T96/><D5/><U54/><E54/><V13/><F2/><W108/><G4/><T69/><D69/><U63/><E63/><V118/><F118/><W91/><G91/><T9/><D9/><U114/><E114/><V17/><F111/><W121/><G121/><T55/><D36/><U14/><E14/><V81/><F67/><W115/><G115/><T8/><D8/><U112/><E112/><V117/><F117/><W39/><G108/><T106/><D49/><U19/><E19/><V88/><F44/><W124/><G75/><T66/><D66/><U78/><E78/><N who="2" m="46135" /><F31/><W122/><G122/><T33/><D33/><U101/><E101/><V58/><F58/><W73/><G73/><T95/><D106/><N who="3" m="40489" /><G97/><T94/><D94/><U34/><E34/><V40/><F40/><W72/><G72/><T99/><D99/><U16/><E16/><N who="2" m="6251" /><F13/><W46/><G46/><N who="0" m="28055" /><D41/><U10/><E10/><V29/><F29/><W98/><G98/><T15/><D43/><U57/><E57/><V134/><F134/><W92/><G92/><T45/><D45/><U90/><E90/><N who="2" m="51583" /><F93/><W60/><G38/><T51/><D15/><U132/><E132/><V100/><F88/><W23/><G23/><T89/><D89/><U25/><E25/><N who="2" m="9803" /><F100/><W79/><G79/><AGARI ba="0,0" hai="77,79" m="9803,51583,6251,46135" machi="79" ten="30,2000,0" yaku="8,1,54,1" doraHai="135" who="2" fromWho="3" sc="303,0,30,0,397,20,270,-20" owari="303,10.0,30,-47.0,417,52.0,250,-15.0" />
</Scene>
</mjloggm>