<mjloggm ver="2.3"><GO type="169" lobby="0"/><UN n0="%79%61%6D%69" n1="%E5%A4%AA%E3%81%8F%E3%81%AA%E3%81%84%E3%81%8A" n2="%7A%65%61%6C%E2%88%AB" n3="%E3%83%99%E3%82%BF%E3%82%AA%E3%83%AA%E3%82%B9%E3%82%AF" dan="18,17,16,17" rate="2241.21,2148.92,2129.47,2198.01" sx="M,M,M,M"/><TAIKYOKU oya="0"/>

<Scene>
<INIT seed="0,0,0,5,3,107" ten="250,250,250,250" oya="0" hai0="102,34,134,7,132,40,84,12,98,119,35,78,9" hai1="70,62,67,39,73,20,10,0,89,131,54,74,68" hai2="25,91,108,87,32,109,55,11,128,15,85,19,80" hai3="53,16,50,124,105,65,63,47,43,129,5,59,100"/><T112/><D112/><U117/><E117/><V115/><F115/><W49/><G5/><T24/><D119/><U92/><E39/><V110/><F128/><W86/><G124/><T48/><D24/><U58/><E131/><V61/><F87/><W130/><G105/><T8/><D8/><U3/><E20/><V44/><F44/><W14/><G86/><T38/><D38/><U66/><E66/><V6/><F32/><W60/><G100/><T13/><D13/><U95/><E95/><V2/><F25/><W103/><G103/><T77/><D35/><U90/><E90/><V17/><REACH who="2" step="1"/><F2/><REACH who="2" ten="250,250,240,250" step="2"/><W27/><G27/><T23/><D34/><U127/><E0/><V101/><F101/><W31/><G130/><T122/><D84/><U133/><E127/><V46/><F46/><W56/><G129/><T26/><D102/><U1/><E1/><V21/><F21/><W28/><G60/><T41/><D98/><U81/><E3/><V76/><F76/><N who="0" m="29290" /><D122/><U83/><E10/><AGARI ba="0,1" hai="10,14,16,28,31,43,47,49,50,53,56,59,63,65" machi="10" ten="30,3900,0" yaku="7,1,8,1,54,1" doraHai="107" who="3" fromWho="1" sc="250,0,250,-39,240,0,250,49" />
</Scene>
<Scene>
<INIT seed="1,0,0,1,1,86" ten="250,211,240,299" oya="1" hai0="60,43,69,1,49,89,104,95,34,25,4,52,134" hai1="61,37,76,115,132,121,50,88,32,114,70,92,75" hai2="21,111,85,122,90,102,56,107,112,8,19,84,91" hai3="131,20,40,118,57,9,47,133,123,81,96,94,93"/><U116/><E37/><V87/><F111/><W101/><G123/><T71/><D104/><U35/><E121/><V3/><F122/><W97/><G133/><T31/><D43/><U80/><E116/><V66/><F112/><W64/><G131/><T59/><D134/><U27/><E132/><V82/><F107/><W44/><G118/><T16/><D1/><U39/><E39/><V2/><F102/><W127/><G127/><T110/><D110/><U0/><E0/><V5/><F3/><W30/><G81/><T55/><D4/><U51/><E115/><V124/><F124/><W22/><G9/><T41/><D41/><U28/><E32/><V74/><F66/><W77/><G77/><T113/><D16/><U65/><REACH who="1" step="1"/><E114/><REACH who="1" ten="250,201,240,299" step="2"/><V63/><F82/><W125/><G125/><T36/><D113/><U6/><E6/><V135/><F135/><W13/><G30/><T83/><D36/><U79/><E79/><V68/><F2/><W29/><G29/><T105/><D83/><U17/><E17/><V106/><F19/><W117/><G117/><T126/><D126/><U78/><E78/><V98/><F5/><W23/><G13/><T54/><D31/><U48/><E48/><V108/><F108/><W7/><G7/><T10/><D34/><U120/><E120/><V18/><F18/><W26/><G26/><T33/><D49/><U99/><AGARI ba="0,1" hai="27,28,35,50,51,61,65,70,75,76,80,88,92,99" machi="99" ten="20,12000,1" yaku="1,1,0,1,7,1,52,1,54,1,53,0" doraHai="86" doraHaiUra="42" who="1" fromWho="1" sc="250,-40,201,130,240,-40,299,-40" />
</Scene>
<Scene>
<INIT seed="1,1,0,5,2,29" ten="210,331,200,259" oya="1" hai0="64,42,129,133,98,67,65,16,71,73,51,14,12" hai1="86,132,59,106,47,50,13,15,2,10,55,9,63" hai2="61,91,100,127,26,46,11,70,69,90,124,117,35" hai3="95,125,84,66,43,107,108,22,44,93,38,21,109"/><U110/><E106/><V80/><F117/><W89/><G107/><T33/><D73/><U48/><E132/><V56/><F100/><W32/><G32/><T60/><D133/><U0/><E110/><N who="3" m="42602" /><G125/><T81/><D129/><U27/><E27/><V85/><F46/><W105/><G105/><T45/><D14/><U103/><E103/><V37/><F37/><W135/><G135/><T96/><D81/><U31/><E31/><N who="2" m="19959" /><F90/><N who="3" m="53447" /><G66/><T116/><D116/><U20/><E20/><V99/><F99/><AGARI ba="1,0" hai="21,22,38,43,44,89,95,99" m="53447,42602" machi="99" ten="30,1000,0" yaku="14,1" doraHai="29" who="3" fromWho="2" sc="210,0,331,0,200,-13,259,13" />
</Scene>
<Scene>
<INIT seed="2,0,0,3,4,6" ten="210,331,187,272" oya="2" hai0="15,127,22,120,28,46,110,12,128,8,102,50,76" hai1="109,97,121,83,11,1,42,38,48,73,115,30,74" hai2="108,80,96,39,52,78,91,72,33,119,93,134,67" hai3="37,133,16,88,10,132,43,56,118,19,18,105,95"/><V100/><F119/><W125/><G105/><T68/><D68/><U116/><E116/><V112/><F39/><W82/><G118/><T51/><D120/><U98/><E115/><V47/><F112/><W62/><G125/><T126/><D110/><U129/><E109/><V17/><F108/><W85/><G43/><T60/><D60/><U117/><E117/><V24/><F67/><N who="3" m="39367" /><G37/><T89/><D128/><U66/><E66/><V5/><F134/><N who="3" m="51819" /><G95/><T27/><D102/><U20/><E42/><V26/><F33/><W123/><G123/><T49/><D76/><U69/><E38/><V94/><F5/><W81/><G81/><T71/><D71/><U135/><E83/><V41/><F17/><W44/><G44/><T106/><D106/><U58/><E69/><V65/><F41/><W111/><G111/><T79/><D79/><U101/><E121/><V77/><F77/><W84/><G84/><T70/><D70/><U57/><E135/><V14/><F47/><W23/><G10/><T2/><D46/><U124/><E11/><V55/><F80/><W21/><AGARI ba="0,0" hai="16,18,19,21,23,82,85,88" m="51819,39367" machi="21" ten="40,5200,0" yaku="20,1,54,2" doraHai="6" who="3" fromWho="3" sc="210,-13,331,-13,187,-26,272,52" />
</Scene>
<Scene>
<INIT seed="3,0,0,1,2,26" ten="197,318,161,324" oya="3" hai0="126,129,15,113,1,5,92,115,2,132,60,18,43" hai1="122,74,20,63,22,34,76,77,86,66,17,13,53" hai2="11,58,16,97,24,10,128,29,112,30,94,116,27" hai3="47,46,62,71,7,42,14,56,39,121,40,61,48"/><W49/><G7/><T89/><D126/><U79/><E34/><V99/><F128/><W73/><G14/><T83/><D129/><U85/><E74/><V54/><F112/><N who="0" m="43082" /><D132/><U101/><E122/><V109/><F109/><W104/><G104/><T9/><D43/><U38/><E38/><V55/><F116/><W123/><G73/><T44/><D44/><U57/><E101/><N who="2" m="60599" /><F99/><W100/><G100/><T59/><D83/><U21/><REACH who="1" step="1"/><E66/><REACH who="1" ten="197,308,161,324" step="2"/><V127/><F127/><W3/><G39/><T8/><D2/><U131/><E131/><V52/><F58/><W28/><G3/><T114/><D114/><U0/><E0/><V65/><F65/><N who="3" m="41399" /><G28/><N who="2" m="10857" /><F11/><AGARI ba="0,1" hai="11,13,17,20,21,22,53,57,63,76,77,79,85,86" machi="11" ten="40,2600,0" yaku="1,1,8,1,53,0" doraHai="26" doraHaiUra="119" who="1" fromWho="2" sc="197,0,308,36,161,-26,324,0" />
</Scene>
<Scene>
<INIT seed="4,0,0,3,2,26" ten="197,344,135,324" oya="0" hai0="135,16,98,75,106,99,46,65,47,69,59,128,12" hai1="56,13,22,105,23,79,18,83,104,5,6,108,42" hai2="50,35,63,86,103,7,134,17,115,10,97,3,24" hai3="126,58,45,91,129,78,117,89,87,116,57,21,14"/><T85/><D75/><U102/><E108/><V94/><F134/><W0/><G0/><T9/><D69/><U49/><E23/><V53/><F115/><W113/><G78/><T61/><D135/><U33/><E33/><V131/><F131/><W68/><G68/><T15/><D128/><U76/><E76/><V120/><F120/><W110/><G110/><T4/><D85/><U1/><E102/><V38/><F38/><W109/><G109/><T52/><D106/><U82/><E82/><V132/><F132/><W8/><G113/><T2/><D2/><U81/><E81/><V48/><F86/><W36/><G129/><T112/><D112/><U39/><E56/><V40/><F40/><W44/><G126/><T60/><D60/><U41/><E49/><V88/><F103/><W66/><G21/><N who="0" m="11423" /><D65/><U51/><E51/><V73/><F73/><W84/><G66/><T124/><D124/><U93/><E105/><V130/><F130/><W71/><G71/><T122/><D122/><U100/><E104/><V29/><REACH who="2" step="1"/><F17/><REACH who="2" ten="197,344,125,324" step="2"/><W121/><G36/><T31/><D31/><U62/><E39/><V123/><F123/><W125/><G121/><T114/><D114/><U43/><E18/><V19/><F19/><W77/><G125/><T111/><D111/><U37/><E37/><V54/><F54/><W27/><G117/><T11/><D11/><U95/><E41/><V92/><F92/><W119/><G116/><T101/><D101/><U20/><E43/><V70/><F70/><W28/><G119/><T118/><D118/><U32/><E100/><V64/><F64/><RYUUKYOKU ba="0,1" sc="197,15,344,-15,125,15,324,-15" hai0="4,9,12,46,47,52,59,61,98,99" hai2="3,7,10,24,29,35,48,50,53,63,88,94,97" />
</Scene>
<Scene>
<INIT seed="4,1,1,0,4,15" ten="212,329,140,309" oya="0" hai0="107,51,21,49,47,44,16,79,22,25,10,132,4" hai1="114,17,94,102,24,29,96,41,122,33,46,83,134" hai2="63,135,115,8,88,66,87,5,60,128,64,101,133" hai3="124,20,91,68,48,54,59,119,111,19,55,42,23"/><T12/><D107/><U62/><E122/><V14/><F115/><W26/><G68/><T126/><D132/><U31/><E134/><N who="2" m="51211" /><F101/><W92/><G111/><T74/><D126/><U6/><E6/><V67/><F128/><W127/><G119/><T36/><D36/><U77/><E114/><V58/><F58/><W131/><G131/><T27/><D74/><U30/><E62/><V35/><F35/><W11/><G42/><T85/><D79/><U32/><E32/><V103/><F103/><W123/><G123/><T93/><D85/><U69/><E69/><V112/><F112/><W56/><G11/><T73/><D73/><U108/><E108/><V80/><AGARI ba="1,1" hai="5,8,14,60,63,64,66,67,80,87,88" m="51211" machi="80" ten="30,2000,0" yaku="20,1,54,1" doraHai="15" who="2" fromWho="2" sc="212,-11,329,-6,140,33,309,-6" />
</Scene>
<Scene>
<INIT seed="5,0,0,2,1,26" ten="201,323,173,303" oya="1" hai0="17,64,72,81,76,31,109,42,116,118,88,1,13" hai1="6,55,84,133,112,51,29,45,102,15,37,87,28" hai2="4,104,68,58,10,97,99,113,93,129,124,120,75" hai3="117,123,27,128,77,0,100,56,36,80,8,82,44"/><U90/><E112/><V70/><F120/><W38/><G100/><T115/><D1/><U12/><E133/><V119/><F119/><W121/><G117/><T25/><D109/><U95/><E37/><V110/><F110/><W79/><G128/><T127/><D115/><U62/><E102/><V47/><F75/><N who="3" m="43071" /><G27/><T41/><D41/><U24/><E24/><V3/><F124/><W60/><G38/><T96/><D42/><U73/><E73/><V35/><F129/><W105/><G105/><T101/><D127/><U54/><E84/><V20/><F35/><W5/><G56/><T9/><D64/><U67/><E55/><V122/><F122/><W30/><G30/><N who="1" m="11882" /><E6/><V49/><F4/><W131/><G131/><T135/><D135/><U48/><E48/><V21/><F49/><W106/><G106/><T39/><D39/><U52/><E67/><V65/><F65/><W22/><G60/><T32/><REACH who="0" step="1"/><D88/><REACH who="0" ten="191,323,173,303" step="2"/><U43/><E43/><V78/><F113/><W71/><G123/><T34/><D34/><U69/><E69/><V114/><F70/><W130/><G71/><T63/><D63/><U86/><E62/><V85/><F68/><W92/><G121/><T57/><D57/><U46/><E46/><V111/><F58/><W66/><G130/><T91/><D91/><N who="1" m="53751" /><E54/><V126/><F47/><W23/><G66/><T107/><AGARI ba="0,1" hai="9,13,17,25,31,32,72,76,81,96,101,107,116,118" machi="107" ten="20,5200,0" yaku="1,1,0,1,7,1,52,1,53,0" doraHai="26" doraHaiUra="89" who="0" fromWho="0" sc="191,62,323,-26,173,-13,303,-13" />
</Scene>
<Scene>
<INIT seed="6,0,0,3,3,52" ten="253,297,160,290" oya="2" hai0="64,88,122,119,18,15,16,132,72,134,25,29,73" hai1="48,90,43,50,117,67,4,40,125,95,34,17,23" hai2="133,70,98,3,71,36,80,97,78,39,112,83,101" hai3="44,26,11,12,28,32,124,47,103,111,22,128,46"/><V61/><F3/><W110/><G124/><T84/><D122/><U91/><E34/><V53/><F112/><W8/><G128/><T20/><D64/><U31/><E117/><V120/><F120/><W0/><G103/><T127/><D127/><U51/><E125/><V116/><F116/><W57/><G11/><T59/><D119/><U77/><E31/><V35/><F35/><W13/><G13/><T126/><D126/><U94/><E77/><V109/><F133/><N who="0" m="51306" /><D59/><U54/><E4/><V121/><F121/><W89/><G89/><N who="1" m="33802" /><E67/><V93/><F109/><W27/><G57/><T118/><D118/><U74/><E74/><N who="0" m="28777" /><D15/><N who="1" m="9663" /><E54/><V99/><F71/><W82/><G0/><T105/><D105/><U1/><E1/><V108/><F108/><W131/><G111/><T130/><D130/><U100/><E100/><V5/><F70/><W85/><G131/><T41/><D41/><AGARI ba="0,0" hai="40,41,43,48,50,51,94,95" m="9663,33802" machi="41" ten="30,1000,0" yaku="8,1" doraHai="52" who="1" fromWho="0" sc="253,-10,297,10,160,0,290,0" />
</Scene>
<Scene>
<INIT seed="7,0,0,0,0,97" ten="243,307,160,290" oya="3" hai0="135,103,12,117,31,102,28,75,13,0,54,45,20" hai1="27,25,8,29,119,16,22,71,62,40,110,89,131" hai2="36,129,88,38,93,94,21,105,11,3,42,133,106" hai3="78,84,113,80,34,127,46,56,58,112,26,61,10"/><W123/><G123/><T70/><D75/><U5/><E110/><V59/><F129/><W122/><G122/><T37/><D0/><U98/><E131/><V33/><F133/><W126/><G46/><T43/><D70/><U39/><E119/><V125/><F125/><N who="3" m="47627" /><G10/><T128/><D117/><U66/><E40/><V104/><F33/><W72/><G72/><T76/><D76/><U4/><E39/><V2/><F93/><W77/><G77/><T15/><D135/><U90/><E98/><V44/><F38/><W116/><G116/><T132/><D132/><U6/><REACH who="1" step="1"/><E8/><REACH who="1" ten="243,297,160,290" step="2"/><V24/><F11/><W79/><G79/><T1/><D128/><U101/><E101/><N who="0" m="38409" /><D1/><U114/><E114/><N who="3" m="44138" /><G61/><T63/><D37/><U65/><E65/><V57/><F3/><W109/><G109/><T51/><D20/><AGARI ba="0,1" hai="4,5,6,16,20,22,25,27,29,62,66,71,89,90" machi="20" ten="40,5200,0" yaku="1,1,54,1,53,1" doraHai="97" doraHaiUra="14" who="1" fromWho="0" sc="243,-52,297,62,160,0,290,0" owari="191,-21.0,359,46.0,160,-34.0,290,9.0" />
</Scene>
</mjloggm>