<mjloggm ver="2.3"><GO type="169" lobby="0"/><UN n0="%EF%BC%A4%EF%BC%B2%EF%BC%AF%EF%BC%B0" n1="%E3%83%99%E3%82%BF%E3%82%AA%E3%83%AA%E3%82%B9%E3%82%AF" n2="%E3%83%A1%E3%83%AB%E3%82%AF" n3="%E5%A4%AA%E3%81%8F%E3%81%AA%E3%81%84%E3%81%8A" dan="17,17,17,17" rate="2103.61,2091.40,2123.67,2122.23" sx="M,M,M,M"/><TAIKYOKU oya="0"/>

<Scene>
<INIT seed="0,0,0,4,1,59" ten="250,250,250,250" oya="0" hai0="135,79,28,45,78,22,54,73,117,44,100,94,47" hai1="130,75,91,1,43,131,3,105,76,16,29,2,104" hai2="86,124,74,112,11,58,55,106,101,111,116,115,98" hai3="92,0,56,41,8,46,128,26,97,102,35,90,39"/><T93/><D117/><U114/><E29/><V88/><F88/><BYE who="2" /><W49/><G128/><T23/><D73/><U7/><E114/><V14/><F14/><W27/><G35/><T4/><D135/><U70/><E70/><V24/><F24/><UN n2="%E3%83%A1%E3%83%AB%E3%82%AF" /><W10/><G39/><T5/><D54/><U19/><E7/><N who="0" m="2633" /><D28/><U95/><E43/><V67/><F86/><W113/><G113/><T15/><D15/><U127/><E127/><V120/><F11/><N who="3" m="4139" /><G0/><T77/><D100/><U132/><E132/><V31/><F31/><W62/><G102/><T125/><D125/><U69/><E69/><V134/><F134/><W118/><G118/><T50/><D50/><U110/><E110/><V99/><F101/><W119/><G119/><T48/><D48/><U38/><E38/><V103/><F103/><W42/><G42/><T33/><D33/><U123/><E123/><V61/><F55/><AGARI ba="0,0" hai="26,27,41,46,49,55,56,62,90,92,97" m="4139" machi="55" ten="30,2000,0" yaku="8,1,52,1" doraHai="59" who="3" fromWho="2" sc="250,0,250,0,250,-20,250,20" />
</Scene>
<Scene>
<INIT seed="1,0,0,5,1,127" ten="250,250,230,270" oya="1" hai0="133,125,79,107,1,114,2,62,25,38,108,17,24" hai1="92,77,56,8,18,135,53,94,89,74,72,68,58" hai2="47,7,9,81,59,112,130,65,100,120,20,111,44" hai3="91,97,126,30,14,46,128,4,35,132,103,98,129"/><U40/><E68/><V37/><F120/><W84/><G126/><T51/><D79/><U34/><E34/><V27/><F111/><W117/><G132/><T70/><D51/><U86/><E40/><V90/><F112/><W105/><G117/><T11/><D62/><U13/><E135/><V71/><F71/><W95/><G46/><T22/><D107/><U63/><E77/><V76/><F100/><W116/><G116/><T118/><D38/><U119/><E119/><V93/><F37/><W48/><G48/><T96/><D96/><U60/><REACH who="1" step="1"/><E92/><REACH who="1" ten="250,240,230,270" step="2"/><V87/><F130/><N who="3" m="50283" /><G35/><T16/><D70/><U99/><E99/><V75/><F93/><N who="3" m="54503" /><G30/><T54/><D133/><U122/><E122/><V104/><F104/><W69/><G69/><T39/><D118/><U83/><E83/><V10/><F81/><W61/><G98/><T67/><D125/><U55/><AGARI ba="0,1" hai="8,13,18,53,55,56,58,60,63,72,74,86,89,94" machi="55" ten="20,12000,1" yaku="1,1,0,1,7,1,9,1,53,1" doraHai="127" doraHaiUra="12" who="1" fromWho="1" sc="250,-40,240,130,230,-40,270,-40" />
</Scene>
<Scene>
<INIT seed="1,1,0,3,2,73" ten="210,370,190,230" oya="1" hai0="99,84,38,133,43,88,52,112,18,5,22,9,118" hai1="70,91,69,3,6,68,127,108,45,96,109,33,12" hai2="8,32,15,130,2,131,44,74,49,20,28,37,59" hai3="64,103,75,121,53,54,122,98,81,87,101,72,10"/><U107/><E33/><V39/><F59/><W134/><G134/><T0/><D118/><U115/><E115/><V132/><F74/><W34/><G34/><T16/><D112/><U21/><E127/><V104/><F104/><W120/><G64/><T41/><D133/><U114/><E114/><V57/><F57/><W42/><G42/><T113/><D113/><U90/><E3/><V95/><F95/><W106/><G10/><T97/><D18/><N who="1" m="10439" /><E6/><N who="2" m="1111" /><F132/><W50/><G101/><T46/><D43/><U17/><E45/><V30/><F30/><W14/><G14/><T126/><D52/><U55/><E55/><N who="2" m="30119" /><F32/><W36/><G36/><T135/><D126/><U128/><E107/><V26/><F15/><W7/><G7/><T47/><D47/><U123/><E123/><V31/><F31/><W71/><G71/><T79/><D135/><U35/><E35/><V125/><F125/><W11/><G11/><T23/><D23/><U67/><E67/><V62/><F62/><W66/><G66/><T78/><D97/><U29/><E29/><V105/><F105/><W83/><G54/><T1/><D99/><U51/><E96/><V25/><F25/><W110/><G53/><T129/><D1/><U27/><E70/><V48/><F48/><W116/><G50/><T94/><D129/><AGARI ba="1,0" hai="20,26,28,37,39,129,130,131" m="30119,1111" machi="129" ten="30,1000,0" yaku="19,1" doraHai="73" who="2" fromWho="0" sc="210,-13,370,0,190,13,230,0" />
</Scene>
<Scene>
<INIT seed="2,0,0,3,4,131" ten="197,370,203,230" oya="2" hai0="82,96,45,52,0,125,21,121,115,87,91,1,78" hai1="69,58,93,103,22,81,48,71,119,20,116,43,122" hai2="77,135,80,89,70,54,27,56,106,15,57,64,8" hai3="11,6,10,32,120,40,4,39,38,59,74,66,24"/><V51/><F106/><W33/><G74/><T25/><D121/><U110/><E81/><V123/><F123/><W76/><G76/><T134/><D115/><U60/><E103/><V112/><F112/><W129/><G120/><T49/><D125/><U130/><E93/><V29/><F89/><W46/><G129/><T99/><D134/><U28/><E28/><V101/><F101/><W65/><G59/><T79/><D0/><U124/><E22/><V104/><F104/><W13/><G39/><T2/><D2/><U94/><E20/><N who="2" m="15591" /><F135/><W19/><G19/><N who="0" m="12479" /><D1/><U23/><E23/><V16/><F70/><N who="1" m="26633" /><E94/><V42/><F42/><W133/><G133/><T68/><D68/><U85/><E85/><N who="2" m="48271" /><F64/><W18/><G66/><T34/><D34/><U92/><E122/><V72/><F72/><W90/><G90/><T97/><AGARI ba="0,0" hai="45,49,52,78,79,82,87,91,96,97,99" m="12479" machi="97" ten="30,2000,0" yaku="8,1,54,1" doraHai="131" who="0" fromWho="0" sc="197,20,370,-5,203,-10,230,-5" />
</Scene>
<Scene>
<INIT seed="3,0,0,2,0,89" ten="217,365,193,225" oya="3" hai0="52,71,122,82,72,12,42,3,113,39,79,68,21" hai1="33,15,119,131,29,127,38,59,93,34,53,13,108" hai2="7,125,16,124,55,54,47,2,80,70,87,120,85" hai3="5,17,90,78,45,133,26,14,20,6,23,134,94"/><W8/><G78/><T74/><D122/><U103/><E38/><V44/><F120/><W91/><G91/><T97/><D74/><U25/><E34/><V111/><F70/><W4/><G45/><N who="2" m="17481" /><F111/><W117/><G117/><T123/><D3/><U128/><E108/><V110/><F110/><W66/><G66/><T96/><D123/><U86/><E127/><N who="2" m="48715" /><F16/><N who="3" m="12647" /><G134/><T132/><D39/><U11/><E119/><V48/><F48/><W60/><G60/><T69/><D42/><U77/><E77/><N who="2" m="46223" /><F87/><N who="3" m="52575" /><G133/><T116/><D132/><U135/><E86/><V109/><F109/><W58/><G58/><T64/><D116/><U40/><E135/><V105/><F105/><W67/><G67/><T98/><D64/><U81/><E59/><V57/><F57/><W83/><G83/><T101/><D71/><U126/><E81/><V63/><F63/><W61/><G61/><T31/><D68/><U106/><E126/><V62/><F62/><W65/><G65/><T9/><D69/><U24/><E106/><V100/><F100/><W46/><G46/><T1/><D101/><U35/><E103/><V51/><F51/><W73/><G73/><T19/><D72/><U32/><E40/><V41/><F41/><W50/><G50/><T107/><D107/><U99/><E53/><V36/><F36/><W104/><G104/><T121/><D52/><U18/><E35/><V37/><F37/><W30/><G30/><T10/><D121/><U118/><E29/><V130/><F54/><W22/><AGARI ba="0,0" hai="4,5,6,8,14,17,20,22" m="52575,12647" machi="22" ten="30,6000,0" yaku="8,1,52,1,54,1" doraHai="89" who="3" fromWho="3" sc="217,-20,365,-20,193,-20,225,60" />
</Scene>
<Scene>
<INIT seed="3,1,0,3,1,60" ten="197,345,173,285" oya="3" hai0="50,71,82,56,52,44,33,111,116,76,70,48,14" hai1="78,72,54,57,98,123,10,62,112,13,37,88,12" hai2="119,32,79,4,133,68,107,120,126,85,109,105,11" hai3="99,127,7,128,8,19,58,81,23,2,106,24,30"/><W45/><G127/><T130/><D116/><U0/><E37/><V103/><F11/><W69/><G69/><T1/><D1/><U95/><E123/><V18/><F18/><W73/><G128/><T132/><D33/><U27/><E112/><V77/><F4/><W114/><G114/><T31/><D31/><U64/><E72/><V125/><F32/><W3/><G58/><T91/><D130/><U9/><E78/><N who="2" m="29707" /><F68/><W21/><G73/><T122/><D122/><U100/><E27/><V93/><F120/><W94/><G81/><T80/><D111/><U15/><E0/><V75/><F75/><W22/><G106/><N who="2" m="40457" /><F119/><W5/><G45/><T34/><D34/><U67/><E100/><V84/><F109/><W6/><G8/><AGARI ba="1,0" hai="8,9,10,12,13,15,54,57,62,64,67,88,95,98" machi="8" ten="40,8000,1" yaku="8,1,52,2,54,1" doraHai="60" who="1" fromWho="3" sc="197,0,345,83,173,0,285,-83" />
</Scene>
<Scene>
<INIT seed="4,0,0,2,5,134" ten="197,428,173,202" oya="0" hai0="81,36,46,52,9,27,129,43,94,57,96,18,10" hai1="7,29,128,70,63,82,13,65,106,71,115,20,99" hai2="11,21,26,87,113,92,41,38,117,4,86,30,91" hai3="107,79,103,59,104,62,123,89,48,112,130,95,54"/><T73/><D129/><U68/><E115/><V8/><F117/><W58/><G130/><T45/><D45/><U90/><E7/><V118/><F113/><W25/><G112/><T23/><D81/><U83/><E128/><V42/><F118/><W15/><G123/><T122/><D73/><U133/><E133/><V76/><F38/><W28/><G15/><T101/><REACH who="0" step="1"/><D122/><REACH who="0" ten="187,428,173,202" step="2"/><U40/><E83/><N who="2" m="47463" /><F4/><W69/><G79/><T1/><D1/><U35/><E82/><V50/><F42/><W119/><G119/><T124/><D124/><U114/><E40/><V24/><F41/><W44/><G69/><T88/><D88/><U120/><E90/><V55/><F24/><W12/><G103/><T22/><D22/><U64/><E114/><V3/><F3/><W116/><G116/><T127/><D127/><U108/><E120/><V66/><F66/><W37/><G12/><T6/><D6/><U17/><E65/><V61/><F21/><W80/><G80/><T14/><D14/><U110/><E70/><V126/><F126/><W19/><G44/><T0/><D0/><U39/><E71/><V34/><F34/><W60/><G89/><T85/><D85/><U97/><E68/><V51/><F87/><W5/><G5/><T98/><D98/><U111/><E99/><V32/><F91/><W125/><G125/><T131/><D131/><U77/><E97/><V121/><F121/><W31/><G25/><T84/><D84/><U53/><E77/><V16/><F32/><W72/><G72/><T47/><D47/><U135/><E35/><V102/><F26/><RYUUKYOKU ba="0,1" sc="187,30,428,-10,173,-10,202,-10" hai0="9,10,18,23,27,36,43,46,52,57,94,96,101" />
</Scene>
<Scene>
<INIT seed="4,1,1,1,0,54" ten="217,418,163,192" oya="0" hai0="116,118,49,87,130,60,109,68,125,56,26,75,73" hai1="107,74,36,96,95,103,113,7,2,100,51,39,20" hai2="80,6,45,121,50,85,94,105,22,58,93,13,19" hai3="123,67,72,70,14,131,120,40,63,117,41,98,47"/><T77/><D68/><U83/><E2/><V133/><F105/><W15/><G117/><T65/><D125/><U16/><E7/><V44/><F133/><W46/><G72/><T135/><D135/><U0/><E0/><V102/><F121/><N who="3" m="46667" /><G98/><T4/><D130/><U27/><E113/><V119/><F119/><W101/><G101/><T30/><D75/><U64/><E103/><V78/><F6/><W52/><G131/><T127/><D73/><U124/><E107/><V132/><F132/><W71/><G14/><T110/><D4/><U112/><E112/><V79/><F79/><W35/><G15/><T81/><D127/><U104/><E104/><V33/><F33/><W76/><G76/><T5/><D5/><U25/><E25/><V38/><F38/><N who="3" m="21783" /><G35/><T128/><D128/><U8/><E124/><V126/><F126/><W32/><G32/><T57/><D26/><U90/><E27/><V53/><REACH who="2" step="1"/><F102/><REACH who="2" ten="217,418,153,192" step="2"/><W82/><G82/><T42/><D118/><U55/><E100/><V1/><F1/><W43/><G71/><T97/><D116/><U134/><E134/><V24/><F24/><W88/><G88/><T62/><D77/><U61/><E90/><V9/><F9/><W129/><G129/><T23/><D23/><U34/><E8/><V114/><F114/><W11/><G11/><T3/><D3/><U10/><E10/><V29/><F29/><W48/><AGARI ba="1,2" hai="41,43,47,48,52,63,67,70" m="21783,46667" machi="48" ten="30,7900,0" yaku="13,1,34,2,54,1" doraHai="54" who="3" fromWho="3" sc="217,-40,418,-21,153,-21,192,102" />
</Scene>
<Scene>
<INIT seed="5,0,0,1,4,119" ten="177,397,132,294" oya="1" hai0="47,13,90,115,3,76,65,125,82,123,58,8,29" hai1="117,67,78,27,19,96,36,64,86,54,1,31,33" hai2="66,45,92,80,127,40,116,84,46,68,108,105,69" hai3="38,132,79,59,62,6,5,114,126,83,89,101,57"/><U11/><E36/><V41/><F105/><W26/><G38/><T39/><D115/><U91/><E117/><V14/><F108/><W2/><G114/><T75/><D29/><U10/><E10/><V110/><F110/><W72/><G101/><T22/><D125/><U49/><E96/><V4/><F116/><W129/><G126/><T128/><D128/><U56/><E78/><V15/><F127/><W32/><G129/><T35/><D35/><U42/><E42/><V118/><F118/><W102/><G102/><T134/><D134/><U55/><E55/><V104/><F104/><W63/><G132/><T97/><D22/><U9/><E9/><V28/><F28/><W53/><G2/><T107/><D13/><U100/><E100/><V16/><F92/><W23/><G89/><T48/><D48/><U109/><E109/><V121/><F121/><W81/><G32/><T88/><D123/><U95/><REACH who="1" step="1"/><E19/><REACH who="1" ten="177,387,132,294" step="2"/><V60/><F40/><W124/><G124/><T12/><D97/><U135/><E135/><V21/><F41/><W85/><G53/><T37/><D37/><U7/><AGARI ba="0,1" hai="1,7,11,27,31,33,49,54,56,64,67,86,91,95" machi="7" ten="30,6000,0" yaku="1,1,0,1,53,1" doraHai="119" doraHaiUra="87" who="1" fromWho="1" sc="177,-20,387,70,132,-20,294,-20" />
</Scene>
<Scene>
<INIT seed="5,1,0,4,1,133" ten="157,457,112,274" oya="1" hai0="130,86,135,129,29,82,89,50,71,12,18,118,84" hai1="28,38,46,95,111,51,109,44,134,122,35,8,59" hai2="4,117,21,123,49,62,32,107,105,39,83,33,92" hai3="34,77,10,37,114,24,119,132,101,127,3,6,110"/><U120/><E35/><V26/><F123/><N who="1" m="47145" /><E28/><V91/><F117/><W125/><G110/><N who="1" m="41994" /><E95/><V30/><F39/><W19/><G37/><T55/><D71/><U67/><E8/><V98/><F62/><W87/><G132/><T106/><D106/><U75/><E75/><V41/><F105/><W96/><G114/><T76/><D29/><U45/><E38/><V14/><F107/><N who="3" m="63911" /><G87/><T99/><D118/><U16/><E16/><V72/><F4/><W1/><G119/><T97/><D135/><U61/><E134/><V52/><F14/><N who="3" m="5463" /><G77/><T40/><D18/><U66/><E66/><V54/><F33/><W108/><G108/><T88/><D12/><U43/><AGARI ba="1,0" hai="43,44,45,46,51,59,61,67" m="41994,47145" machi="43" ten="30,6000,0" yaku="10,1,34,2" doraHai="133" who="1" fromWho="1" sc="157,-21,457,63,112,-21,274,-21" />
</Scene>
<Scene>
<INIT seed="5,2,0,5,4,118" ten="136,520,91,253" oya="1" hai0="76,8,107,115,32,55,43,92,3,78,52,48,2" hai1="114,79,74,81,36,84,51,21,129,91,7,119,39" hai2="16,45,102,134,123,113,109,22,62,56,105,101,116" hai3="104,63,130,73,83,19,122,100,89,120,117,35,85"/><U29/><E119/><V54/><F109/><W47/><G35/><T88/><D107/><U38/><E114/><V126/><F116/><W75/><G75/><T9/><D32/><U14/><E129/><V58/><F126/><W57/><G57/><T98/><D115/><U0/><E0/><V33/><F33/><W111/><G117/><T12/><D2/><U27/><E51/><V103/><F134/><W82/><G63/><T71/><D71/><U99/><E99/><V127/><F127/><W6/><G6/><T72/><D3/><U80/><E7/><V108/><F108/><W59/><G59/><T106/><D106/><U4/><E4/><V17/><F113/><W96/><G111/><T93/><D72/><U66/><E14/><V53/><F105/><W132/><G132/><T97/><D43/><U23/><E23/><V121/><F45/><W86/><G73/><T131/><D131/><U44/><E66/><V10/><F10/><N who="0" m="4202" /><D12/><U67/><E67/><V112/><F112/><W5/><G5/><T125/><D125/><U34/><E34/><V124/><F124/><W40/><G19/><T110/><D110/><U61/><E74/><V1/><F1/><W11/><G11/><T24/><D24/><U68/><E68/><V65/><F65/><W69/><G69/><T94/><D98/><U42/><E39/><V15/><F17/><W128/><G128/><T135/><D135/><U46/><E38/><V64/><F64/><W50/><G130/><T133/><D133/><U49/><E36/><V20/><F20/><W18/><G18/><T30/><D97/><RYUUKYOKU ba="2,0" sc="136,-15,520,-15,91,15,253,15" hai2="15,16,22,53,54,56,58,62,101,102,103,121,123" hai3="40,47,50,82,83,85,86,89,96,100,104,120,122" />
</Scene>
<Scene>
<INIT seed="6,3,0,3,5,131" ten="121,505,106,268" oya="2" hai0="71,65,64,10,59,111,124,6,24,123,101,8,126" hai1="54,81,129,47,88,132,58,76,70,109,84,0,33" hai2="62,93,29,67,73,87,11,30,133,92,43,100,39" hai3="108,42,5,69,75,34,28,48,51,72,9,79,98"/><V21/><F73/><W94/><G69/><T130/><D111/><U23/><E132/><V97/><F11/><W127/><G108/><T91/><D123/><U112/><E33/><V50/><F39/><W135/><G135/><T35/><D130/><U119/><E70/><V78/><F133/><W106/><G106/><T26/><D101/><U61/><E0/><V63/><F21/><W113/><G127/><N who="0" m="48683" /><D10/><U116/><E109/><V12/><F12/><W14/><G113/><T57/><D91/><U103/><E103/><V105/><F105/><W32/><G48/><T3/><D71/><U2/><E2/><V128/><F128/><W107/><G28/><N who="2" m="10857" /><F67/><N who="0" m="25674" /><D35/><U117/><E112/><V86/><F78/><W110/><G14/><T37/><D37/><U99/><E129/><V20/><F20/><W1/><G75/><T89/><D89/><U16/><E47/><N who="2" m="25983" /><F93/><W68/><G42/><T60/><D60/><AGARI ba="3,0" hai="60,62,63,86,87,92,97,100" m="25983,10857" machi="60" ten="30,1500,0" yaku="8,1" doraHai="131" who="2" fromWho="0" sc="121,-24,505,0,106,24,268,0" />
</Scene>
<Scene>
<INIT seed="6,4,0,4,4,104" ten="97,505,130,268" oya="2" hai0="24,91,56,131,25,65,23,46,71,106,55,6,105" hai1="82,114,109,37,34,50,97,134,84,39,73,89,86" hai2="8,59,11,43,0,127,3,96,112,30,122,76,54" hai3="79,32,130,135,125,68,81,87,103,113,14,107,1"/><V22/><F122/><W48/><G1/><T27/><D131/><U74/><E109/><V21/><F43/><W61/><G130/><T10/><D71/><U15/><E34/><V18/><F76/><W69/><G32/><T94/><D65/><U75/><E114/><V100/><F112/><W133/><G113/><T51/><D46/><U53/><E134/><N who="3" m="51210" /><G125/><T31/><D105/><U13/><E97/><V116/><F127/><W58/><G48/><T38/><D106/><U120/><E120/><V52/><F116/><W45/><G45/><T4/><D38/><U29/><E29/><V108/><F108/><W117/><G117/><T99/><REACH who="0" step="1"/><D6/><REACH who="0" ten="87,505,130,268" step="2"/><U98/><E39/><V64/><F64/><W128/><G128/><T57/><D57/><U110/><E37/><V95/><F59/><W102/><G107/><T28/><D28/><U40/><E110/><V119/><F119/><W19/><G69/><T129/><D129/><U90/><E40/><V47/><F47/><W83/><G68/><T33/><D33/><U44/><E44/><V66/><F66/><W26/><G58/><T12/><AGARI ba="4,1" hai="4,10,12,23,24,25,27,31,51,55,56,91,94,99" machi="12" ten="20,5200,0" yaku="1,1,0,1,7,1,8,1,53,0" doraHai="104" doraHaiUra="124" who="0" fromWho="0" sc="87,74,505,-17,130,-30,268,-17" />
</Scene>
<Scene>
<INIT seed="7,0,0,1,5,94" ten="161,488,100,251" oya="3" hai0="118,39,84,92,67,113,74,42,46,66,47,91,125" hai1="121,122,40,77,82,101,124,120,93,114,78,59,24" hai2="87,57,135,21,61,107,117,15,126,58,69,98,8" hai3="41,5,43,10,75,38,55,37,3,80,83,44,54"/><W86/><G80/><T35/><D118/><U26/><E77/><V56/><F117/><W34/><G34/><T50/><D35/><U17/><E40/><V123/><F135/><W103/><G103/><T72/><D125/><U45/><E45/><V20/><F126/><W27/><G27/><T16/><D113/><U111/><E111/><V95/><F123/><W90/><G75/><T33/><D33/><U89/><E101/><V96/><F107/><W52/><G43/><T1/><D1/><U31/><E114/><V30/><F69/><W60/><REACH who="3" step="1"/><G38/><REACH who="3" ten="161,488,100,241" step="2"/><T70/><D74/><N who="1" m="43351" /><E26/><V32/><F32/><W104/><G104/><T131/><D72/><U6/><E24/><V68/><F30/><W110/><G110/><T14/><D42/><U128/><E122/><V11/><F15/><W36/><G36/><T9/><D39/><U73/><E73/><V106/><F106/><W7/><G7/><T0/><D14/><U129/><E121/><V23/><F61/><AGARI ba="0,1" hai="3,5,10,37,41,44,52,54,55,60,61,83,86,90" machi="61" ten="40,3900,0" yaku="1,1,54,1,53,0" doraHai="94" doraHaiUra="25" who="3" fromWho="2" sc="161,0,488,0,100,-39,241,49" />
</Scene>
<Scene>
<INIT seed="7,1,0,5,4,111" ten="161,488,61,290" oya="3" hai0="81,13,57,29,115,32,25,69,2,132,96,102,16" hai1="35,20,47,3,22,66,107,108,128,51,36,52,133" hai2="40,100,123,109,41,72,74,117,71,91,131,95,11" hai3="73,37,119,59,90,15,55,39,87,101,80,94,114"/><W127/><G119/><T75/><D2/><U45/><E35/><V67/><F67/><W83/><G127/><T0/><D0/><U18/><E3/><V1/><F71/><W103/><G39/><T42/><D42/><U82/><E107/><V48/><F1/><W10/><G37/><T105/><D57/><U120/><E22/><V98/><F11/><W19/><G114/><T24/><D24/><U122/><E108/><V44/><F41/><W58/><G58/><T97/><D97/><U134/><E128/><V43/><F43/><W118/><G118/><T17/><D81/><N who="3" m="31305" /><G73/><T12/><D75/><U5/><E36/><V129/><F48/><AGARI ba="1,0" hai="10,15,19,48,55,59,87,90,94,101,103" m="31305" machi="48" ten="30,1500,0" yaku="8,1" doraHai="111" who="3" fromWho="2" sc="161,0,488,0,61,-18,290,18" />
</Scene>
<Scene>
<INIT seed="7,2,0,4,5,110" ten="161,488,43,308" oya="3" hai0="71,105,64,127,124,50,93,8,32,6,113,9,11" hai1="76,22,80,103,17,118,135,61,28,29,79,35,57" hai2="37,62,98,88,47,52,24,132,16,119,26,91,125" hai3="0,122,60,70,99,42,38,129,30,59,90,27,23"/><W131/><G122/><T74/><D105/><U89/><E103/><V107/><F119/><W33/><G0/><T54/><D74/><U46/><E35/><V7/><F132/><W68/><G42/><T126/><D32/><U5/><E5/><V77/><F125/><W36/><G33/><T95/><D113/><U111/><E111/><V66/><F77/><N who="1" m="29769" /><E46/><V44/><F7/><W55/><G90/><T56/><D6/><U133/><E118/><V20/><F37/><N who="3" m="14443" /><G99/><T2/><D2/><U87/><E135/><V130/><F130/><AGARI ba="2,0" hai="23,27,30,55,59,60,68,70,129,130,131" m="14443" machi="130" ten="30,1500,0" yaku="19,1" doraHai="110" who="3" fromWho="2" sc="161,0,488,0,43,-21,308,21" />
</Scene>
<Scene>
<INIT seed="7,3,0,3,2,22" ten="161,488,22,329" oya="3" hai0="82,87,60,78,52,103,46,10,85,12,15,94,63" hai1="75,4,125,38,69,134,50,107,79,47,95,33,62" hai2="113,11,122,48,20,105,29,71,39,88,116,31,124" hai3="76,53,97,115,129,40,133,67,66,56,98,92,72"/><W28/><G115/><T106/><D106/><U135/><E107/><V7/><F48/><W120/><G120/><T24/><D24/><U109/><E38/><V27/><F88/><N who="3" m="55431" /><G72/><T58/><D46/><U127/><E33/><V34/><F105/><W99/><G133/><N who="1" m="50698" /><E109/><V55/><F55/><W16/><G28/><T61/><D15/><U77/><E4/><V130/><F27/><W23/><G76/><N who="1" m="29258" /><E75/><V45/><F20/><W18/><G40/><T81/><D94/><U5/><E5/><V84/><F7/><W126/><G126/><T100/><D10/><U3/><E3/><V54/><F11/><W30/><G30/><T64/><D78/><U119/><E119/><V118/><F116/><W123/><G129/><T101/><D101/><U70/><E95/><V9/><F118/><W0/><G0/><T89/><D103/><U26/><E26/><V114/><F124/><N who="1" m="47689" /><E62/><V74/><F122/><W112/><G123/><T51/><D100/><U102/><E102/><V1/><F1/><W128/><G112/><T73/><D73/><U13/><E13/><V21/><F113/><W59/><G18/><T91/><D12/><U17/><E17/><V132/><F114/><W35/><G35/><T96/><D96/><N who="3" m="36905" /><G59/><T111/><D58/><U6/><E6/><V80/><F74/><W65/><G16/><T68/><D68/><U131/><E131/><V90/><F130/><W2/><G2/><T8/><D8/><U32/><E32/><V42/><F9/><W36/><G36/><T41/><D41/><AGARI ba="3,0" hai="41,47,50,69,70" m="47689,29258,50698" machi="41" ten="30,2000,0" yaku="20,1,18,1" doraHai="22" who="1" fromWho="0" sc="161,-29,488,29,22,0,329,0" owari="132,-27.0,517,62.0,22,-48.0,329,13.0" />
</Scene>
</mjloggm>