<mjloggm ver="2.3"><GO type="169" lobby="0"/><UN n0="%E5%A4%AA%E3%81%8F%E3%81%AA%E3%81%84%E3%81%8A" n1="%79%61%6D%69" n2="%41%52%49%41%4C%4F%56%45" n3="%E3%81%8A%E3%81%98%E3%81%95%E3%82%93" dan="17,16,16,17" rate="2232.98,2114.42,2081.71,2167.19" sx="M,M,M,M"/><TAIKYOKU oya="0"/>

<Scene>
<INIT seed="0,0,0,1,2,34" ten="250,250,250,250" oya="0" hai0="123,29,4,74,36,105,54,23,3,51,10,87,83" hai1="17,97,104,94,72,52,127,53,37,1,79,75,115" hai2="56,32,86,41,7,38,64,100,125,33,92,5,116" hai3="68,131,13,45,118,2,27,11,96,135,12,57,70"/><T84/><D123/><U61/><E37/><V15/><F125/><W28/><G118/><T134/><D105/><U43/><E43/><V58/><F116/><W60/><G131/><T95/><D36/><U130/><E104/><V71/><F71/><W81/><G135/><T129/><D134/><U24/><E79/><V77/><F32/><W31/><G45/><T8/><D129/><U20/><E130/><V21/><F33/><W69/><G96/><T48/><D10/><U98/><E98/><N who="2" m="59463" /><F41/><W65/><G81/><T46/><D95/><U49/><E127/><V121/><F38/><W73/><G73/><T107/><D107/><U101/><E115/><V93/><F121/><W44/><G44/><T62/><D62/><U120/><E120/><V22/><F64/><W63/><G63/><T132/><D132/><U112/><E112/><V18/><F22/><W82/><G82/><T0/><D51/><U40/><E1/><V35/><F35/><W124/><G124/><T91/><D74/><U90/><E101/><V14/><F14/><W122/><G122/><T108/><D108/><U16/><E17/><V99/><F77/><W30/><REACH who="3" step="1"/><G27/><REACH who="3" ten="250,250,250,240" step="2"/><T111/><D84/><U6/><E40/><V89/><F86/><W126/><G126/><T102/><D111/><U119/><E119/><V19/><F99/><W55/><G55/><T106/><D54/><U67/><E53/><V85/><F85/><W59/><G59/><T133/><D133/><U78/><E52/><V39/><F56/><W88/><G88/><T117/><D117/><U110/><E90/><V42/><F58/><RYUUKYOKU ba="0,1" sc="250,-10,250,-10,250,-10,240,30" hai3="2,11,12,13,28,30,31,57,60,65,68,69,70" />
</Scene>
<Scene>
<INIT seed="1,1,1,4,3,128" ten="240,240,240,270" oya="1" hai0="31,69,96,1,112,56,46,21,44,29,122,85,28" hai1="33,67,54,120,51,131,80,130,16,68,12,0,101" hai2="78,92,125,3,83,104,7,66,110,74,57,47,13" hai3="135,117,102,35,79,32,70,39,50,19,25,55,17"/><U97/><E0/><V90/><F110/><W24/><G39/><T94/><D69/><U41/><E33/><V118/><F118/><W5/><G70/><T114/><D1/><U75/><E41/><V38/><F104/><W134/><G79/><T49/><D122/><U86/><E75/><V58/><F125/><W18/><G102/><T127/><D127/><U53/><E120/><V116/><F13/><W82/><G82/><T40/><D85/><U87/><E67/><V93/><F66/><W9/><G117/><T8/><D8/><N who="1" m="6151" /><E68/><V133/><F116/><W59/><G35/><T30/><D56/><U42/><E42/><N who="2" m="22999" /><F57/><W15/><REACH who="3" step="1"/><G25/><REACH who="3" ten="240,240,240,260" step="2"/><T64/><D114/><U43/><E131/><V89/><F78/><W4/><G4/><T76/><D76/><U36/><E130/><V72/><F83/><W111/><G111/><T107/><D112/><U126/><E36/><V63/><F7/><W95/><G95/><T81/><D81/><U14/><E126/><V62/><F92/><W2/><G2/><T20/><D94/><U26/><E26/><V123/><F3/><W37/><G37/><T109/><D109/><U98/><E101/><V73/><F93/><W100/><G100/><T84/><D107/><U10/><E80/><V129/><F129/><W108/><G108/><T106/><D106/><U119/><E119/><V113/><F113/><W23/><G23/><T99/><D20/><U103/><E103/><V121/><F121/><W124/><G124/><T71/><D71/><U105/><E105/><V132/><F123/><W11/><G11/><T6/><D21/><RYUUKYOKU ba="1,2" sc="240,-10,240,-10,240,-10,260,30" hai3="5,9,15,17,18,19,24,32,50,55,59,134,135" />
</Scene>
<Scene>
<INIT seed="2,2,2,2,0,96" ten="230,230,230,290" oya="2" hai0="54,5,83,128,119,131,135,4,18,46,79,67,117" hai1="3,115,65,74,126,82,87,31,41,16,76,107,34" hai2="53,58,13,75,132,7,25,89,118,90,134,30,120" hai3="49,95,32,81,109,22,92,38,133,33,12,66,100"/><V19/><F118/><N who="0" m="45066" /><D67/><U23/><E115/><V110/><F120/><W130/><G38/><T108/><D108/><U0/><E107/><V124/><F75/><W121/><G109/><T101/><D135/><N who="2" m="51754" /><F7/><N who="0" m="2634" /><D18/><U56/><E126/><V73/><F73/><W2/><G2/><T6/><D6/><U78/><E31/><V48/><F124/><W111/><G66/><T47/><D101/><U8/><E34/><N who="2" m="20815" /><F110/><W14/><G33/><T68/><D68/><U28/><E28/><V123/><F123/><W102/><G32/><T122/><D122/><U62/><E8/><AGARI ba="2,2" hai="8,13,19,48,53,58,89,90" m="20815,51754" machi="8" ten="30,1500,0" yaku="20,1" doraHai="96" who="2" fromWho="1" sc="230,0,230,-21,230,41,290,0" />
</Scene>
<Scene>
<INIT seed="2,3,0,2,2,68" ten="230,209,271,290" oya="2" hai0="39,108,60,90,111,49,82,94,97,106,38,88,134" hai1="98,114,126,10,30,33,72,54,84,40,129,42,118" hai2="63,18,57,56,76,9,44,120,78,107,105,133,70" hai3="71,115,83,95,69,99,123,67,135,23,119,73,89"/><V79/><F120/><W17/><G119/><T58/><D106/><U6/><E72/><V36/><F70/><W20/><G123/><T109/><D49/><U19/><E19/><V31/><F31/><W0/><G0/><T85/><REACH who="0" step="1"/><D134/><REACH who="0" ten="220,209,271,290" step="2"/><U15/><E114/><V80/><F133/><W26/><G115/><T8/><D8/><U65/><E10/><V66/><F107/><W21/><G135/><T28/><D28/><U64/><E30/><V35/><F105/><W45/><G21/><T77/><D77/><U113/><E113/><V116/><F116/><W86/><G23/><T41/><D41/><U53/><E118/><V3/><F35/><W16/><G20/><T32/><D32/><U13/><E33/><V24/><F78/><W132/><G132/><T92/><D92/><U51/><E51/><V37/><F76/><W29/><G95/><T127/><D127/><U87/><E126/><V62/><F44/><W101/><G45/><T125/><D125/><U1/><E42/><V102/><F9/><W131/><G29/><T59/><D59/><U52/><E40/><V7/><F56/><W81/><G71/><T2/><D2/><U128/><E1/><V122/><F122/><W22/><G69/><T61/><D61/><U104/><E104/><V124/><F63/><W27/><G22/><T121/><D121/><U75/><E129/><V100/><F124/><W117/><G131/><T130/><D130/><U47/><E128/><V48/><F3/><W112/><G117/><T55/><AGARI ba="3,1" hai="38,39,55,58,60,82,85,88,90,94,97,108,109,111" machi="55" ten="30,12000,2" yaku="1,1,0,1,14,1,52,2,54,1,53,0" doraHai="68" doraHaiUra="96" who="0" fromWho="0" sc="220,139,209,-33,271,-63,290,-33" />
</Scene>
<Scene>
<INIT seed="3,0,0,0,1,43" ten="359,176,208,257" oya="3" hai0="19,81,33,40,116,121,34,73,51,122,80,79,105" hai1="126,31,125,8,95,88,134,93,22,52,65,17,124" hai2="100,92,13,111,10,127,77,91,61,69,15,54,16" hai3="18,63,57,85,118,38,45,14,66,84,117,36,90"/><W131/><G131/><T64/><D116/><U133/><E65/><V7/><F111/><W129/><G129/><T21/><D105/><U94/><E31/><V89/><F127/><W74/><G74/><T32/><D64/><U4/><E22/><N who="2" m="11535" /><F69/><W114/><G114/><T46/><REACH who="0" step="1"/><D80/><REACH who="0" ten="349,176,208,257" step="2"/><U110/><E110/><V28/><F28/><W128/><G128/><T98/><D98/><U1/><E134/><V5/><F5/><W26/><G118/><T20/><D20/><U60/><E133/><V120/><F120/><W2/><G117/><T11/><D11/><U68/><E68/><V53/><F7/><W70/><G70/><T101/><D101/><U23/><E126/><V104/><F104/><W99/><G99/><T76/><D76/><U112/><E125/><V62/><F77/><W86/><G66/><T102/><D102/><U58/><E124/><V72/><F100/><W41/><G90/><T29/><D29/><U132/><E112/><V25/><F89/><W103/><G103/><T47/><D47/><U48/><E132/><V83/><F83/><W50/><G45/><T87/><D87/><U3/><E3/><V30/><F30/><W35/><G2/><T44/><D44/><U108/><E108/><V115/><F115/><W37/><G86/><T55/><D55/><U109/><E109/><V0/><F0/><W78/><G85/><T97/><D97/><U42/><E88/><V39/><F91/><W106/><G84/><T67/><D67/><U135/><E135/><V24/><F53/><W12/><G106/><T75/><D75/><U96/><E96/><RYUUKYOKU ba="0,1" sc="349,30,176,-10,208,-10,257,-10" hai0="19,21,32,33,34,40,46,51,73,79,81,121,122" />
</Scene>
<Scene>
<INIT seed="4,1,1,4,1,37" ten="379,166,198,247" oya="0" hai0="22,39,40,93,97,68,33,105,102,51,24,121,49" hai1="12,7,129,41,62,99,135,17,112,72,60,130,80" hai2="10,104,96,116,132,47,26,19,94,71,85,78,8" hai3="46,101,32,35,4,109,52,56,76,64,113,25,75"/><T9/><D121/><U73/><E7/><V61/><F132/><W118/><G118/><T108/><D68/><U15/><E135/><V82/><F104/><W2/><G109/><T66/><D66/><U69/><E69/><V92/><F116/><W107/><G113/><T117/><D33/><U31/><E31/><V81/><F71/><W65/><G46/><T74/><D74/><U27/><E112/><V106/><F106/><W38/><G38/><T79/><D79/><N who="1" m="44135" /><E99/><V21/><F82/><W13/><G2/><T131/><D117/><U23/><E41/><V42/><F61/><N who="1" m="23657" /><E73/><V111/><F111/><W48/><G76/><T14/><D131/><AGARI ba="1,1" hai="12,15,17,23,27,129,130,131" m="23657,44135" machi="131" ten="30,1000,0" yaku="19,1" doraHai="37" who="1" fromWho="0" sc="379,-13,166,23,198,0,247,0" />
</Scene>
<Scene>
<INIT seed="5,0,0,2,4,23" ten="366,189,198,247" oya="1" hai0="19,52,133,54,76,131,6,28,5,108,17,122,100" hai1="75,118,87,57,86,82,58,73,106,119,121,45,53" hai2="97,89,110,42,25,74,84,60,120,98,38,47,109" hai3="101,91,111,30,15,32,59,11,61,22,129,94,36"/><U33/><E33/><V39/><F74/><W63/><G36/><T1/><D108/><U65/><E106/><V68/><F120/><W7/><G32/><T115/><D100/><U81/><E45/><V0/><F0/><W114/><G111/><T134/><D76/><U99/><E65/><V70/><F110/><W69/><G69/><T88/><D28/><U116/><E99/><V56/><F38/><W90/><G129/><T92/><D122/><U14/><E121/><V102/><F109/><W80/><G114/><T3/><D115/><U49/><E14/><V117/><F117/><W21/><G101/><T37/><D37/><U105/><E105/><V20/><F68/><W113/><G113/><T10/><D131/><U112/><E112/><V35/><F70/><W13/><G80/><T127/><D127/><U79/><REACH who="1" step="1"/><E58/><REACH who="1" ten="366,179,198,247" step="2"/><V103/><F35/><W26/><G59/><T51/><D1/><U31/><E31/><V132/><F97/><W8/><G30/><T125/><D3/><U128/><E128/><V24/><F98/><W126/><G13/><T55/><D125/><U66/><E66/><V123/><F123/><W67/><G126/><T71/><D71/><U96/><E96/><V12/><F12/><W46/><G15/><T64/><D64/><U41/><E41/><V124/><F124/><W83/><G67/><T43/><D43/><U9/><E9/><V135/><F102/><W93/><G8/><T85/><D10/><U29/><E29/><N who="2" m="17543" /><F103/><W16/><G11/><T62/><D17/><U34/><E34/><V44/><F42/><W40/><G40/><RYUUKYOKU ba="0,1" sc="366,-10,179,30,198,-10,247,-10" hai1="49,53,57,73,75,79,81,82,86,87,116,118,119" />
</Scene>
<Scene>
<INIT seed="5,1,1,1,2,71" ten="356,209,188,237" oya="1" hai0="107,6,61,35,8,18,43,92,83,66,103,68,47" hai1="56,40,21,27,104,115,75,28,0,78,132,123,106" hai2="63,25,72,113,91,130,118,2,20,84,67,36,60" hai3="24,105,128,97,30,109,65,53,119,112,96,38,22"/><U69/><E56/><V3/><F72/><W54/><G109/><T57/><D35/><U80/><E123/><V50/><F118/><W121/><G121/><T15/><D107/><U82/><E69/><V7/><F130/><W34/><G128/><T49/><D83/><U44/><E0/><V29/><F36/><W37/><G119/><T93/><D103/><U46/><E115/><V52/><F113/><W120/><G120/><T124/><D124/><U133/><E80/><V9/><F3/><W79/><G112/><T108/><D108/><U42/><E106/><V39/><F39/><W45/><G79/><T114/><D114/><U19/><E104/><V23/><F23/><W48/><G65/><T32/><D32/><U122/><E122/><V135/><F135/><N who="1" m="51785" /><E28/><V95/><REACH who="2" step="1"/><F67/><REACH who="2" ten="356,209,178,237" step="2"/><W131/><G131/><T55/><D6/><U88/><E88/><V10/><F10/><W70/><G34/><T94/><D68/><U99/><E99/><V102/><F102/><W59/><G70/><T4/><D4/><U129/><E129/><V73/><F73/><W33/><G33/><T90/><D66/><U126/><E126/><V13/><F13/><W81/><G96/><AGARI ba="1,2" hai="8,15,18,43,47,49,55,57,61,90,92,93,94,96" machi="96" ten="30,2000,0" yaku="7,1,8,1" doraHai="71" who="0" fromWho="3" sc="356,43,209,0,178,0,237,-23" />
</Scene>
<Scene>
<INIT seed="6,0,0,4,0,35" ten="399,209,178,214" oya="2" hai0="69,12,88,80,16,112,18,64,106,47,32,55,19" hai1="109,13,42,4,21,73,46,110,50,111,3,120,99" hai2="84,26,54,60,115,44,104,97,79,9,29,30,117" hai3="31,56,113,43,5,74,61,28,20,100,135,118,45"/><V93/><F117/><W14/><G74/><T39/><D32/><U59/><E73/><V82/><F104/><W116/><G135/><T124/><D106/><U63/><E120/><V98/><F115/><W121/><G121/><T53/><D69/><U95/><E3/><V129/><F129/><W114/><G100/><T0/><D0/><U67/><E4/><V22/><F30/><N who="3" m="11307" /><G20/><T125/><D64/><U17/><E111/><V85/><F9/><N who="3" m="4399" /><G56/><T24/><D24/><U90/><AGARI ba="0,0" hai="13,17,21,42,46,50,59,63,67,90,95,99,109,110" machi="90" ten="20,1500,0" yaku="0,1,7,1" doraHai="35" who="1" fromWho="1" sc="399,-4,209,15,178,-7,214,-4" />
</Scene>
<Scene>
<INIT seed="7,0,0,4,4,92" ten="395,224,171,210" oya="3" hai0="28,53,33,58,122,73,77,18,90,29,123,80,37" hai1="102,20,52,131,64,47,100,50,71,22,133,93,105" hai2="41,116,43,15,94,70,108,95,48,63,104,83,115" hai3="81,91,0,7,124,21,72,46,1,125,110,130,6"/><W109/><G46/><T39/><D39/><U67/><E105/><V19/><F104/><W134/><G134/><T121/><D37/><U119/><E131/><V40/><F108/><N who="3" m="41579" /><G130/><T112/><D112/><U13/><E71/><V111/><F111/><W23/><G91/><T25/><D90/><U3/><E3/><N who="3" m="1098" /><G81/><T60/><D28/><U84/><E119/><V24/><F116/><W55/><G55/><T62/><REACH who="0" step="1"/><D18/><REACH who="0" ten="385,224,171,210" step="2"/><U87/><E133/><V75/><F115/><W45/><G125/><T132/><D132/><U44/><E102/><V54/><F19/><W26/><G124/><T76/><D76/><U17/><E100/><V101/><F101/><W57/><G6/><T127/><D127/><U78/><E78/><V10/><F75/><W34/><G72/><T65/><D65/><U30/><E64/><V51/><F70/><W74/><G7/><T36/><D36/><U31/><E67/><V11/><F40/><W113/><G74/><T42/><D42/><U97/><E17/><V2/><F41/><W16/><G113/><T14/><D14/><U49/><E13/><V79/><F43/><W120/><G16/><T5/><D5/><U38/><E38/><V106/><F15/><W126/><G126/><T12/><D12/><U96/><E31/><V117/><F117/><W86/><G26/><T103/><D103/><U114/><E30/><V61/><F24/><W98/><G120/><T27/><D27/><U9/><E114/><V128/><F128/><W68/><G68/><T35/><D35/><U118/><E118/><V66/><F66/><W85/><G34/><RYUUKYOKU ba="0,1" sc="385,30,224,-10,171,-10,210,-10" hai0="25,29,33,53,58,60,62,73,77,80,121,122,123" owari="425,53.0,214,1.0,161,-34.0,200,-20.0" />
</Scene>
</mjloggm>