<mjloggm ver="2.3"><GO type="169" lobby="0"/><UN n0="%E5%A4%AA%E3%81%8F%E3%81%AA%E3%81%84%E3%81%8A" n1="%7A%68%6B%64%73%68%67%79" n2="%54%2E%54%2E%38" n3="%6C%6F%4A%61%73%6B%69%6E" dan="17,16,16,16" rate="2160.08,2091.93,2059.77,2072.81" sx="M,M,M,F"/><TAIKYOKU oya="0"/>

<Scene>
<INIT seed="0,0,0,2,2,63" ten="250,250,250,250" oya="0" hai0="47,95,30,57,11,75,86,21,98,115,97,84,54" hai1="60,27,74,87,22,9,132,25,43,81,6,35,133" hai2="72,18,28,117,70,71,33,129,105,26,50,41,16" hai3="89,17,0,1,8,7,101,135,128,48,100,51,66"/><T124/><D75/><U12/><E74/><V130/><F72/><W102/><G135/><N who="1" m="51786" /><E35/><V13/><F105/><W80/><G128/><N who="2" m="49257" /><F117/><W119/><G119/><T94/><D115/><U42/><E60/><V76/><F76/><W10/><G66/><T5/><D47/><U29/><E27/><V122/><F122/><W91/><G17/><N who="2" m="6761" /><F13/><W40/><G40/><BYE who="0" /><UN n0="%E5%A4%AA%E3%81%8F%E3%81%AA%E3%81%84%E3%81%8A" /><T118/><D118/><U68/><E68/><V127/><F127/><W110/><G110/><T116/><D116/><U125/><E125/><V103/><F103/><W107/><G107/><T23/><D124/><U2/><E12/><V109/><F109/><W83/><REACH who="3" step="1"/><G101/><REACH who="3" ten="250,250,250,240" step="2"/><T85/><D30/><U77/><AGARI ba="0,1" hai="2,6,9,22,25,29,42,43,77,81,87" m="51786" machi="77" ten="30,1100,0" yaku="20,1" doraHai="63" who="1" fromWho="1" sc="250,-5,250,21,250,-3,240,-3" />
</Scene>
<Scene>
<INIT seed="1,0,0,5,4,91" ten="245,271,247,237" oya="1" hai0="35,131,123,19,84,34,133,120,50,107,55,0,81" hai1="4,89,129,109,72,7,61,87,99,110,114,60,38" hai2="17,106,51,95,92,98,116,88,5,90,85,54,122" hai3="47,28,68,94,128,117,53,14,10,46,21,111,56"/><U57/><E114/><V67/><F122/><N who="0" m="46634" /><D107/><U113/><E113/><V49/><F116/><W43/><G111/><N who="1" m="42506" /><E72/><V115/><F115/><W130/><G68/><T11/><D133/><U82/><E129/><N who="3" m="49770" /><G117/><T104/><D104/><U59/><E38/><V16/><F106/><W124/><G124/><T78/><D131/><U96/><E59/><V71/><F5/><N who="1" m="2121" /><E60/><V48/><REACH who="2" step="1"/><F54/><AGARI ba="0,0" hai="54,57,61,82,87,89,96,99" m="2121,42506" machi="54" ten="30,2900,0" yaku="14,1,10,1" doraHai="91" who="1" fromWho="2" sc="245,0,271,29,247,-29,237,0" />
</Scene>
<Scene>
<INIT seed="1,1,0,2,2,24" ten="245,300,218,237" oya="1" hai0="27,65,110,90,14,102,117,42,93,4,96,118,114" hai1="50,131,46,80,94,57,92,37,112,122,79,71,67" hai2="18,127,77,22,119,76,89,44,8,111,95,85,45" hai3="60,19,2,124,73,30,74,106,108,100,97,126,26"/><U62/><E122/><V63/><F119/><W130/><G108/><T48/><D114/><U75/><E112/><V53/><F111/><W129/><G19/><T10/><D110/><U9/><E131/><N who="3" m="50186" /><G60/><T20/><D65/><U49/><E49/><V31/><F127/><N who="3" m="48683" /><G2/><T41/><D118/><U120/><E120/><V59/><F44/><W25/><G25/><T78/><D78/><U51/><E51/><V116/><F45/><W29/><G29/><N who="0" m="17639" /><D117/><U15/><E71/><V36/><F36/><W56/><G56/><T98/><D48/><U5/><REACH who="1" step="1"/><E37/><REACH who="1" ten="245,290,218,237" step="2"/><V82/><F116/><W35/><AGARI ba="1,1" hai="26,30,35,73,74,97,100,106" m="48683,50186" machi="35" ten="30,7900,0" yaku="19,1,18,1,23,1,52,1" doraHai="24" who="3" fromWho="3" sc="245,-21,290,-40,218,-21,237,92" />
</Scene>
<Scene>
<INIT seed="2,0,0,1,2,98" ten="224,250,197,329" oya="2" hai0="89,96,1,50,33,69,0,134,31,76,16,61,130" hai1="51,116,29,20,72,68,85,100,10,28,40,11,78" hai2="63,58,74,7,129,131,95,15,88,117,13,6,84" hai3="35,44,125,37,114,132,26,94,59,8,101,49,103"/><V41/><F41/><W66/><G37/><T18/><D76/><U105/><E68/><V46/><F117/><W47/><G132/><T109/><D50/><U83/><E116/><V71/><F74/><W104/><G104/><T97/><D31/><U110/><E110/><V14/><F71/><W43/><G47/><T39/><D33/><U112/><E112/><V118/><F46/><W24/><G114/><T108/><D39/><U36/><E36/><V123/><F118/><W9/><G35/><T73/><D73/><U5/><E72/><V121/><F123/><W27/><G125/><T80/><D134/><U42/><E11/><N who="3" m="4170" /><G94/><T12/><D130/><N who="2" m="49674" /><F121/><W127/><G127/><T128/><D128/><U21/><E105/><V133/><F133/><W30/><G30/><T48/><D0/><U91/><E28/><V122/><F122/><W53/><G43/><T55/><D1/><U119/><E29/><V67/><AGARI ba="0,0" hai="6,7,13,14,15,58,63,67,84,88,95" m="49674" machi="67" ten="30,3000,0" yaku="19,1,54,1" doraHai="98" who="2" fromWho="2" sc="224,-10,250,-10,197,30,329,-10" />
</Scene>
<Scene>
<INIT seed="2,1,0,5,1,21" ten="214,240,227,319" oya="2" hai0="51,61,113,66,8,53,13,50,11,130,56,55,134" hai1="80,22,23,24,87,40,122,103,35,41,47,121,34" hai2="108,98,75,54,12,96,123,44,107,15,105,83,2" hai3="77,16,57,110,124,125,88,7,71,20,84,126,95"/><V131/><F2/><W29/><G71/><T115/><D134/><U48/><E103/><V0/><F0/><W101/><G110/><T78/><D130/><U63/><E63/><V59/><F123/><N who="1" m="47113" /><E41/><V60/><F131/><W39/><G7/><T5/><D78/><N who="1" m="46487" /><E23/><V133/><F108/><W3/><G3/><T116/><D116/><U33/><E33/><V70/><F70/><W104/><G39/><T93/><D11/><U67/><E67/><V18/><F133/><W65/><G77/><T68/><REACH who="0" step="1"/><D93/><REACH who="0" ten="204,240,227,319" step="2"/><U120/><E120/><V31/><F107/><W102/><G104/><T10/><D10/><U72/><E72/><V81/><F105/><W46/><G125/><T85/><D85/><U135/><E135/><V128/><F75/><W91/><G84/><T14/><D14/><U49/><E49/><V26/><F128/><W132/><G132/><T86/><D86/><U58/><E58/><AGARI ba="1,1" hai="5,8,13,50,51,53,55,56,58,61,66,68,113,115" machi="58" ten="30,7700,0" yaku="1,1,7,1,9,1,53,1" doraHai="21" doraHaiUra="64" who="0" fromWho="1" sc="204,90,240,-80,227,0,319,0" />
</Scene>
<Scene>
<INIT seed="3,0,0,0,3,30" ten="294,160,227,319" oya="3" hai0="45,47,53,104,54,87,0,79,132,2,6,127,65" hai1="68,106,38,96,8,117,57,71,120,91,98,78,92" hai2="126,99,108,109,11,61,119,85,111,94,82,35,114" hai3="44,64,43,13,88,135,97,32,112,41,134,7,19"/><W107/><G112/><T9/><D104/><U18/><E120/><V58/><F114/><W116/><G116/><T51/><D127/><U1/><E38/><V73/><F119/><W113/><G113/><T129/><D132/><N who="3" m="50729" /><G7/><T121/><D121/><U95/><E106/><V70/><F70/><W5/><G5/><T21/><D129/><U124/><E124/><V50/><F126/><W84/><G64/><T67/><D2/><U102/><E117/><V115/><F115/><W3/><G3/><T12/><D0/><U80/><E57/><V48/><F11/><N who="3" m="6591" /><G44/><T60/><D21/><U26/><E1/><V86/><F73/><W27/><G97/><T128/><D128/><U125/><E125/><V36/><F36/><W100/><G100/><T24/><D24/><U33/><E8/><V133/><F133/><W63/><G63/><T37/><D37/><U29/><REACH who="1" step="1"/><E18/><REACH who="1" ten="294,150,227,319" step="2"/><V66/><F111/><W16/><G107/><T62/><D9/><U39/><E39/><V23/><F109/><W105/><G105/><T22/><D6/><U131/><E131/><V101/><F108/><W10/><G10/><T56/><D56/><U103/><E103/><V83/><F101/><W89/><G16/><T15/><D47/><U49/><E49/><V118/><F50/><W75/><G75/><AGARI ba="0,1" hai="26,29,33,68,71,75,78,80,91,92,95,96,98,102" machi="75" ten="30,3900,0" yaku="1,1,7,1,52,1,53,0" doraHai="30" doraHaiUra="46" who="1" fromWho="3" sc="294,0,150,49,227,0,319,-39" />
</Scene>
<Scene>
<INIT seed="4,0,0,1,4,36" ten="294,199,227,280" oya="0" hai0="119,38,86,126,84,108,92,1,88,30,123,120,6" hai1="111,12,50,81,26,21,122,42,56,10,101,133,28" hai2="34,59,5,32,37,33,74,8,18,107,113,102,16" hai3="91,124,15,3,23,68,73,70,51,105,9,80,128"/><T98/><D30/><U11/><E111/><V40/><F74/><W57/><G105/><T82/><D38/><U4/><E122/><N who="0" m="46633" /><D6/><U76/><E101/><V131/><F59/><W45/><G57/><T54/><D54/><U69/><E69/><V117/><F117/><W112/><G3/><T61/><D61/><U106/><E106/><V25/><F25/><W27/><G23/><T58/><D58/><U20/><E133/><V118/><F118/><W85/><G27/><T0/><D0/><U100/><E100/><V134/><F134/><W96/><G45/><T125/><D1/><U127/><E127/><N who="0" m="48649" /><D119/><U2/><E20/><V129/><F113/><W43/><G51/><T115/><D115/><U41/><E50/><V49/><F49/><W67/><G43/><T29/><D29/><U77/><E56/><V62/><F62/><W87/><G112/><T103/><D86/><U97/><E2/><V53/><F53/><W90/><G87/><T95/><D108/><U93/><E10/><V83/><F5/><W48/><G9/><T121/><N who="0" m="46641" /><T116/><DORA hai="14" /><D116/><U130/><E42/><V72/><F8/><W110/><G48/><T104/><AGARI ba="0,0" hai="82,84,88,92,95,98,103,104" m="48649,46641" machi="104" ten="50,12000,1" yaku="18,1,34,2,54,1" doraHai="36,14" who="0" fromWho="0" sc="294,120,199,-40,227,-40,280,-40" />
</Scene>
<Scene>
<INIT seed="4,1,0,5,3,32" ten="414,159,187,240" oya="0" hai0="125,42,65,112,23,84,86,49,25,62,13,15,80" hai1="38,72,113,95,53,102,133,130,70,39,58,16,131" hai2="78,20,51,126,22,47,57,89,98,26,66,135,118" hai3="128,63,9,61,87,4,24,96,74,106,31,115,107"/><T75/><D75/><U76/><E70/><V82/><F118/><W64/><G74/><T37/><D37/><U2/><E133/><V48/><F126/><W114/><G128/><N who="1" m="49194" /><E76/><V33/><F135/><W55/><G55/><T40/><D125/><U71/><E71/><V134/><F134/><W83/><G63/><T129/><D112/><N who="3" m="43049" /><G96/><T14/><D129/><U79/><E79/><V50/><F33/><N who="3" m="20711" /><G87/><T90/><D86/><U99/><E72/><V29/><F78/><W111/><G83/><T10/><D10/><U17/><E2/><V12/><F66/><W56/><G111/><T88/><D90/><U43/><E113/><V0/><F57/><W92/><G92/><T35/><D35/><U104/><E104/><V21/><F47/><W28/><G28/><N who="0" m="17471" /><D49/><N who="1" m="31023" /><E39/><V68/><F68/><W108/><G108/><T94/><D80/><U59/><E59/><AGARI ba="1,0" hai="13,14,15,40,42,59,62,65,84,88,94" m="17471" machi="59" ten="30,2900,0" yaku="8,1,54,1" doraHai="32" who="0" fromWho="1" sc="414,32,159,-32,187,0,240,0" />
</Scene>
<Scene>
<INIT seed="4,2,0,0,5,116" ten="446,127,187,240" oya="0" hai0="33,63,34,36,0,53,122,58,92,105,96,31,65" hai1="60,16,25,120,21,82,1,62,27,35,11,127,90" hai2="41,108,131,111,70,87,93,94,6,112,14,103,8" hai3="39,73,56,128,68,75,42,133,125,51,124,23,49"/><T59/><D0/><U109/><E109/><V45/><F70/><W107/><G107/><T88/><D36/><U26/><E127/><N who="3" m="48714" /><G23/><T57/><D105/><U100/><E100/><V77/><F112/><W95/><G68/><T64/><D122/><U28/><E27/><V79/><F131/><W110/><G110/><T54/><D31/><U29/><E29/><V132/><F132/><W78/><G133/><T19/><D33/><U67/><E120/><V113/><F113/><W40/><G95/><T130/><D34/><U24/><E24/><V17/><F111/><W97/><G97/><T2/><D2/><U9/><E62/><V102/><F108/><W52/><G78/><T18/><D130/><U118/><E1/><V61/><F61/><N who="3" m="35975" /><G128/><T76/><D76/><U81/><E118/><V123/><F123/><W101/><G101/><N who="2" m="38409" /><F77/><W55/><G49/><N who="0" m="30895" /><D59/><U50/><E50/><N who="2" m="26927" /><F6/><W114/><G114/><T72/><D72/><N who="3" m="27721" /><G39/><T135/><D135/><U106/><E106/><V20/><F20/><W44/><AGARI ba="2,0" hai="40,42,44,51,55" m="27721,35975,48714" machi="44" ten="30,2000,0" yaku="18,1,54,1" doraHai="116" who="3" fromWho="3" sc="446,-12,127,-7,187,-7,240,26" />
</Scene>
<Scene>
<INIT seed="5,0,0,0,3,57" ten="434,120,180,266" oya="1" hai0="115,17,46,37,126,24,3,93,54,4,59,74,19" hai1="98,102,1,31,109,80,61,100,88,82,21,42,128" hai2="36,0,78,26,18,132,118,10,114,129,71,70,101" hai3="112,44,103,127,85,92,33,111,51,89,91,107,7"/><U8/><E128/><V104/><F101/><N who="1" m="39017" /><E1/><V30/><F78/><W75/><G111/><T117/><D117/><U43/><E8/><V9/><F18/><W41/><G33/><T47/><D74/><U25/><E109/><V121/><F10/><W133/><G112/><T108/><D108/><U79/><E79/><V5/><F26/><W52/><G133/><T131/><D115/><U50/><E61/><V11/><F30/><W39/><G75/><T105/><D105/><U113/><E113/><V83/><F11/><W84/><G107/><T97/><D131/><U56/><E56/><V6/><F9/><W53/><G103/><N who="0" m="60847" /><D37/><U48/><E50/><V45/><F6/><W68/><G68/><T40/><D3/><U72/><E72/><V76/><F5/><W62/><G7/><T116/><D116/><U122/><E122/><V96/><F76/><W77/><G77/><T55/><D4/><U20/><E20/><V99/><F45/><W123/><G123/><T95/><D46/><N who="1" m="25687" /><E43/><V87/><F121/><W16/><G39/><T49/><D40/><U32/><E32/><V106/><F118/><W94/><G62/><T73/><D73/><U125/><E125/><V63/><F36/><W35/><G127/><T110/><D126/><U130/><E130/><V90/><F114/><W81/><G35/><T12/><D110/><U34/><E34/><V119/><F129/><W14/><G81/><T29/><D49/><U60/><E60/><V135/><F119/><W134/><G134/><N who="2" m="51241" /><F0/><W124/><G124/><T120/><D120/><U28/><E28/><V64/><F71/><RYUUKYOKU ba="0,0" sc="434,-30,120,10,180,10,266,10" hai1="21,25,31,80,82,88,98" hai2="63,64,70,83,87,90,96,99,104,106" hai3="14,16,41,44,51,52,53,84,85,89,91,92,94" />
</Scene>
<Scene>
<INIT seed="5,1,0,0,4,108" ten="404,130,190,276" oya="1" hai0="60,72,34,36,131,16,76,4,70,121,85,98,33" hai1="99,19,2,86,92,87,103,24,54,115,93,69,62" hai2="57,26,127,84,130,5,8,43,83,50,124,58,30" hai3="112,28,71,37,74,95,12,78,25,7,15,59,67"/><U31/><E2/><V135/><F130/><W11/><G71/><T29/><D85/><U123/><E123/><V38/><F135/><W133/><G133/><T101/><D4/><U14/><E115/><V23/><F38/><W66/><G37/><T107/><D131/><U102/><E69/><V48/><F48/><W117/><G117/><T75/><D121/><U128/><E128/><V91/><F43/><W63/><G112/><T56/><D56/><N who="1" m="35095" /><E24/><V97/><F97/><W106/><G106/><T27/><D36/><U126/><E31/><V119/><F119/><W21/><G74/><T132/><D132/><U64/><E64/><V44/><F44/><W47/><G47/><T81/><D16/><U41/><E41/><V52/><REACH who="2" step="1"/><F58/><REACH who="2" ten="404,130,180,276" step="2"/><W94/><G59/><T3/><D70/><U129/><E129/><V20/><F20/><W134/><G134/><T113/><D34/><U42/><E42/><V100/><F100/><N who="1" m="38441" /><E126/><V105/><F105/><W45/><G45/><T22/><D33/><U120/><E120/><V104/><F104/><W114/><G114/><T80/><D113/><U96/><E96/><V49/><F49/><W90/><G63/><T32/><D60/><U10/><E99/><V13/><AGARI ba="1,1" hai="5,8,13,23,26,30,50,52,57,83,84,91,124,127" machi="13" ten="30,4000,0" yaku="1,1,0,1,54,1,53,0" doraHai="108" doraHaiUra="122" who="2" fromWho="2" sc="404,-11,130,-21,180,53,276,-11" />
</Scene>
<Scene>
<INIT seed="6,0,0,4,5,44" ten="393,109,233,265" oya="2" hai0="45,47,25,6,43,17,63,34,3,76,108,11,88" hai1="41,68,117,36,75,95,131,40,55,111,66,79,132" hai2="122,92,115,5,97,130,10,96,61,70,113,124,114" hai3="127,7,102,12,100,107,58,24,54,118,1,21,8"/><V123/><F124/><W74/><G127/><T121/><D108/><U129/><E95/><V35/><F35/><W27/><G74/><T53/><D121/><U71/><E79/><V104/><F130/><W19/><G118/><T32/><D76/><U56/><E75/><V83/><F83/><W37/><G37/><T60/><D45/><N who="1" m="23687" /><E117/><V57/><F70/><W69/><G69/><T51/><D60/><N who="1" m="40007" /><E71/><V103/><F61/><W9/><G107/><T128/><D128/><N who="1" m="49227" /><E41/><V116/><F57/><W105/><G105/><T85/><D17/><U62/><E132/><V28/><F116/><W14/><G1/><T73/><D73/><U16/><E16/><V81/><F28/><N who="3" m="17423" /><G27/><T48/><D25/><U72/><E72/><V15/><F81/><W52/><G100/><AGARI ba="0,0" hai="5,10,15,92,96,97,100,103,104,113,114,115,122,123" machi="100" ten="40,2000,0" yaku="15,1" doraHai="44" who="2" fromWho="3" sc="393,0,109,0,233,20,265,-20" />
</Scene>
<Scene>
<INIT seed="6,1,0,1,1,46" ten="393,109,253,245" oya="2" hai0="135,9,96,109,16,2,58,25,53,72,59,103,48" hai1="123,90,0,132,94,26,112,6,65,120,41,129,85" hai2="101,27,124,102,80,117,17,105,10,119,100,8,44" hai3="55,88,106,21,31,43,83,30,115,79,23,104,12"/><V34/><F124/><W107/><G115/><T91/><D109/><U128/><E112/><V75/><F105/><W82/><G43/><T130/><D72/><U5/><E132/><V47/><F75/><W54/><G79/><T35/><D135/><U98/><E65/><V14/><F80/><W127/><G127/><T99/><D130/><U125/><E125/><V18/><F34/><W36/><G106/><T52/><D91/><U24/><E41/><V37/><F37/><W92/><G92/><T13/><D2/><U111/><E111/><V51/><F27/><W56/><G12/><T87/><D87/><U114/><E114/><V60/><F60/><W121/><G56/><T57/><D103/><U3/><E98/><N who="0" m="37417" /><D35/><U40/><E40/><V38/><F38/><W22/><G23/><N who="0" m="13543" /><D53/><U7/><E85/><V63/><F63/><W86/><G36/><T49/><D52/><U131/><E90/><V67/><F67/><W66/><G86/><T110/><D110/><U70/><E70/><V89/><F89/><W4/><G88/><T133/><D133/><U64/><E64/><V62/><F62/><W116/><G66/><T20/><D20/><U76/><E76/><V39/><F39/><W122/><G4/><AGARI ba="1,0" hai="4,9,13,48,49,57,58,59" m="13543,37417" machi="4" ten="30,7700,0" yaku="8,1,52,2,54,1" doraHai="46" who="0" fromWho="3" sc="393,80,109,0,253,0,245,-80" />
</Scene>
<Scene>
<INIT seed="7,0,0,2,4,49" ten="473,109,253,165" oya="3" hai0="87,66,32,90,65,132,113,131,102,126,99,105,128" hai1="50,14,13,84,79,71,53,25,130,119,122,45,85" hai2="44,56,19,37,106,28,58,74,121,30,120,70,112" hai3="100,42,62,134,118,72,31,36,39,89,80,34,91"/><W111/><G118/><T124/><D32/><U33/><E122/><N who="2" m="47211" /><F74/><W109/><G111/><T15/><D15/><U16/><E119/><V129/><F70/><W41/><G134/><T107/><D107/><U60/><E130/><N who="0" m="49705" /><D113/><U1/><E1/><V98/><F112/><W81/><G62/><T63/><D132/><U24/><E33/><V46/><F129/><W12/><G31/><N who="2" m="11817" /><F19/><W27/><G100/><T92/><D66/><U59/><E71/><AGARI ba="0,0" hai="63,65,71,87,90,92,99,102,105,124,126" m="49705" machi="71" ten="30,1000,0" yaku="19,1" doraHai="49" who="0" fromWho="1" sc="473,10,109,-10,253,0,165,0" owari="483,58.0,99,-40.0,253,5.0,165,-23.0" />
</Scene>
</mjloggm>