<mjloggm ver="2.3"><GO type="169" lobby="0"/><UN n0="%E5%A4%AA%E3%81%8F%E3%81%AA%E3%81%84%E3%81%8A" n1="%70%6F%6E%2D%65%6E" n2="%E5%A4%95%E5%87%AA" n3="%E3%82%AB%E3%83%9C%E3%83%81%E3%83%A3%E3%82%BF%E3%83%8D" dan="17,17,18,16" rate="2129.96,2177.06,2159.76,2111.03" sx="M,M,M,M"/><TAIKYOKU oya="0"/>

<Scene>
<INIT seed="0,0,0,3,5,135" ten="250,250,250,250" oya="0" hai0="12,124,17,32,125,85,107,45,110,84,72,66,77" hai1="98,83,90,67,109,51,123,19,80,79,121,63,130" hai2="101,96,21,34,61,16,4,81,48,37,18,92,2" hai3="22,20,76,99,127,100,15,129,1,50,119,62,86"/><T87/><D32/><U112/><E109/><V56/><F37/><W13/><G119/><T60/><D107/><U88/><E130/><V70/><F34/><W65/><G1/><T113/><D113/><U68/><E112/><V74/><F70/><W126/><G129/><T33/><D33/><U111/><E111/><V29/><F2/><W69/><G50/><T0/><D0/><U55/><E19/><V91/><F4/><W11/><G86/><T46/><D110/><U116/><E116/><V132/><F132/><W75/><G76/><T58/><D72/><U82/><E79/><V52/><F74/><W57/><G69/><T95/><D95/><U93/><REACH who="1" step="1"/><E90/><REACH who="1" ten="250,240,250,250" step="2"/><V5/><F5/><N who="3" m="3311" /><G75/><T108/><D77/><U36/><E36/><V27/><F48/><W35/><G15/><T3/><D3/><U42/><E42/><V89/><F89/><W128/><G128/><T114/><D114/><U40/><E40/><V133/><F133/><W105/><G35/><T39/><D108/><U23/><E23/><V97/><REACH who="2" step="1"/><F81/><REACH who="2" ten="250,240,240,250" step="2"/><W10/><G10/><N who="0" m="6295" /><D39/><U26/><E26/><V28/><F28/><W118/><G118/><T115/><D115/><U38/><E38/><V64/><F64/><W14/><G14/><T71/><D71/><U120/><E120/><V43/><F43/><W102/><G65/><T31/><D31/><U8/><E8/><V104/><AGARI ba="0,2" hai="16,18,21,27,29,52,56,61,91,92,96,97,101,104" machi="104" ten="20,12000,2" yaku="1,1,0,1,7,1,54,2,53,2" doraHai="135" doraHaiUra="94" who="2" fromWho="2" sc="250,-60,240,-30,240,140,250,-30" />
</Scene>
<Scene>
<INIT seed="1,0,0,4,5,133" ten="190,210,380,220" oya="1" hai0="108,73,129,3,44,60,10,51,69,111,54,21,126" hai1="31,5,64,52,121,115,24,68,26,53,66,29,22" hai2="89,32,86,92,123,16,105,71,45,120,35,106,98" hai3="79,132,14,30,59,77,112,19,128,135,134,109,131"/><U97/><E115/><V50/><F71/><W95/><G30/><T76/><D129/><N who="3" m="49737" /><G112/><T4/><D21/><U47/><E121/><V83/><F35/><W102/><G59/><T1/><D1/><U58/><E68/><V96/><F32/><W8/><G109/><N who="0" m="42059" /><D126/><U27/><E5/><V103/><F106/><W114/><G114/><T15/><D3/><U116/><E116/><V84/><F84/><W90/><G102/><T127/><D127/><U41/><E97/><AGARI ba="0,0" hai="8,14,19,77,79,90,95,97,132,134,135" m="49737" machi="97" ten="40,2600,0" yaku="20,1,19,1" doraHai="133" who="3" fromWho="1" sc="190,0,210,-26,380,0,220,26" />
</Scene>
<Scene>
<INIT seed="2,0,0,3,5,38" ten="190,184,380,246" oya="2" hai0="119,124,129,24,95,6,54,105,48,94,1,120,135" hai1="72,9,36,96,46,103,58,131,13,5,132,52,92" hai2="18,63,42,12,34,123,26,75,56,110,116,27,127" hai3="20,50,15,76,14,39,25,31,70,114,28,3,122"/><V87/><F75/><W109/><G39/><T84/><D120/><U115/><E72/><V59/><F123/><W80/><G122/><T7/><D105/><U10/><E115/><V111/><F116/><W130/><G70/><T19/><D119/><U134/><E131/><V133/><F133/><W16/><G130/><T104/><D104/><U78/><E78/><V125/><F87/><N who="3" m="48519" /><G3/><T90/><D129/><U62/><REACH who="1" step="1"/><E10/><REACH who="1" ten="190,174,380,246" step="2"/><N who="2" m="6423" /><F127/><W66/><G114/><T77/><D77/><U128/><E128/><V113/><F125/><W88/><G109/><T97/><D124/><U11/><E11/><V65/><F113/><W61/><G31/><T51/><D135/><U81/><E81/><V22/><F111/><W117/><G28/><T73/><D73/><U35/><E35/><V37/><F34/><W101/><G117/><T106/><D106/><U53/><E53/><V60/><F22/><W33/><G33/><T32/><D32/><U71/><E71/><V69/><F69/><W121/><G121/><T2/><D54/><U99/><E99/><V44/><F110/><W85/><G20/><N who="0" m="13343" /><D97/><U64/><E64/><V126/><F126/><W43/><G66/><T93/><D93/><U30/><E30/><V89/><F65/><W102/><G85/><T8/><D95/><U83/><E83/><V82/><F82/><W41/><G41/><AGARI ba="0,1" hai="5,9,13,36,41,46,52,58,62,92,96,103,132,134" machi="41" ten="40,5200,0" yaku="1,1,52,1,54,1,53,0" doraHai="38" doraHaiUra="21" who="1" fromWho="3" sc="190,0,174,62,380,0,246,-52" />
</Scene>
<Scene>
<INIT seed="3,0,0,1,2,109" ten="190,236,380,194" oya="3" hai0="5,129,46,58,20,102,108,93,77,24,73,131,104" hai1="39,1,27,135,41,30,80,37,84,6,38,40,100" hai2="115,118,21,120,0,33,28,48,76,94,133,92,128" hai3="56,111,8,81,32,42,112,26,75,117,63,16,22"/><W17/><G117/><T82/><D108/><U53/><E135/><V125/><F76/><W123/><G111/><T87/><D5/><U122/><E122/><V110/><F48/><W9/><G123/><T54/><D46/><U103/><E53/><V3/><F21/><W99/><G32/><T65/><D104/><U45/><E6/><V96/><F96/><W72/><G42/><T89/><D65/><U29/><E1/><V134/><F28/><W15/><G8/><T69/><D69/><U105/><E29/><V106/><F94/><W126/><G126/><T121/><D102/><U44/><E38/><V11/><F92/><W70/><G70/><T36/><D36/><U31/><E105/><V91/><F91/><W12/><G12/><T86/><D73/><U132/><E30/><V85/><F85/><W50/><G50/><T97/><D87/><U68/><E68/><V60/><F60/><W59/><G59/><T124/><D124/><U57/><E57/><V101/><F3/><W19/><G19/><N who="0" m="12319" /><D121/><U55/><E55/><V62/><F62/><AGARI ba="0,0" hai="54,58,62,77,82,86,89,93,97,129,131" m="12319" machi="62" ten="30,1000,0" yaku="25,1" doraHai="109" who="0" fromWho="2" sc="190,10,236,0,380,-10,194,0" />
</Scene>
<Scene>
<INIT seed="4,0,0,5,5,102" ten="200,236,370,194" oya="0" hai0="107,67,13,92,44,69,35,66,85,5,78,55,106" hai1="12,20,18,14,10,73,74,116,57,47,87,4,103" hai2="104,99,131,37,77,46,22,96,63,7,17,19,68" hai3="34,91,42,114,129,26,75,112,97,130,43,40,1"/><T70/><D35/><U16/><E116/><V119/><F119/><W36/><G1/><T101/><D5/><U6/><E103/><V50/><F7/><W86/><G75/><T2/><D2/><U89/><E73/><V28/><F28/><N who="3" m="19735" /><G97/><T110/><D13/><U120/><E74/><V93/><F77/><W72/><G72/><T84/><D110/><U38/><E120/><V39/><F19/><W115/><G36/><T33/><D33/><U53/><E38/><V41/><F99/><W98/><G98/><T121/><D121/><U95/><REACH who="1" step="1"/><E47/><REACH who="1" ten="200,226,370,194" step="2"/><V64/><F39/><W83/><AGARI ba="0,1" hai="40,42,43,83,86,91,112,114,115,129,130" m="19735" machi="83" ten="40,1500,0" yaku="15,1" doraHai="102" who="3" fromWho="3" sc="200,-7,226,-4,370,-4,194,25" />
</Scene>
<Scene>
<INIT seed="5,0,0,4,0,90" ten="193,222,366,219" oya="1" hai0="23,91,33,73,96,72,111,79,25,47,89,57,37" hai1="112,97,29,113,64,36,20,17,100,110,61,117,133" hai2="109,3,11,77,60,2,19,76,102,66,118,116,44" hai3="43,85,130,135,82,62,134,50,16,74,70,14,4"/><U49/><E36/><V65/><F109/><W26/><G74/><T81/><D111/><U98/><E110/><V5/><F102/><W34/><G130/><T92/><D33/><U95/><E133/><N who="3" m="50698" /><G4/><T127/><D127/><U129/><E129/><V55/><F55/><W122/><G122/><T71/><D71/><U58/><E117/><V88/><F44/><N who="3" m="25887" /><G34/><T53/><D37/><U123/><E123/><V83/><F19/><W115/><G115/><T0/><D0/><U35/><E49/><V75/><F66/><N who="3" m="41303" /><G26/><T132/><D47/><U131/><E131/><V39/><F77/><W103/><G103/><T101/><D72/><U106/><E35/><V126/><F2/><W27/><G27/><T84/><D73/><U18/><E29/><V15/><F15/><W42/><G42/><T8/><D8/><U59/><E18/><V28/><F28/><W69/><G69/><T119/><D132/><U63/><E20/><V125/><F118/><W121/><G121/><T124/><D119/><U128/><E17/><V107/><F107/><W105/><G105/><T68/><D68/><U13/><E13/><V31/><F31/><W56/><G56/><T41/><D41/><U94/><E128/><V6/><F6/><W30/><G30/><N who="0" m="17727" /><D124/><N who="2" m="47722" /><F116/><W10/><G85/><T12/><D12/><U51/><E113/><V87/><F39/><W9/><G9/><T80/><D80/><AGARI ba="0,0" hai="10,14,16,80,82" m="41303,25887,50698" machi="80" ten="30,2000,0" yaku="20,1,54,1" doraHai="90" who="3" fromWho="0" sc="193,-20,222,0,366,0,219,20" />
</Scene>
<Scene>
<INIT seed="6,0,0,4,0,71" ten="173,222,366,239" oya="2" hai0="23,2,75,105,72,10,108,55,42,67,118,19,5" hai1="54,110,40,43,111,29,115,34,135,45,117,74,35" hai2="21,129,36,13,65,123,98,73,83,87,4,49,16" hai3="62,113,12,128,27,69,103,63,89,88,11,46,6"/><V96/><F123/><W80/><G128/><T68/><D108/><U133/><E74/><V109/><F109/><N who="1" m="41481" /><E29/><V121/><F121/><W90/><G69/><T50/><D105/><U86/><E86/><V106/><F36/><W93/><G113/><T39/><D118/><U122/><E122/><V0/><F73/><W14/><G27/><T28/><D28/><U38/><E43/><V131/><F65/><W26/><G26/><T124/><D124/><U61/><E117/><V81/><F81/><W134/><G134/><N who="1" m="51210" /><E115/><V95/><F83/><W120/><G120/><T32/><D32/><U94/><E94/><V114/><F87/><W24/><G24/><T125/><D125/><U99/><E99/><V85/><F114/><W60/><G80/><T41/><D41/><U82/><E82/><V130/><F85/><W48/><G14/><T70/><D75/><U102/><E102/><V22/><F13/><W59/><G103/><T78/><D72/><U20/><E20/><V92/><F131/><W3/><G3/><T47/><D78/><U97/><E97/><V56/><F0/><W84/><G59/><AGARI ba="0,0" hai="34,35,38,40,45,54,59,61" m="51210,41481" machi="59" ten="30,2000,0" yaku="20,1,52,1" doraHai="71" who="1" fromWho="3" sc="173,0,222,20,366,0,239,-20" />
</Scene>
<Scene>
<INIT seed="7,0,0,1,0,27" ten="173,242,366,219" oya="3" hai0="7,120,49,76,68,29,110,88,81,30,15,26,45" hai1="54,74,101,46,134,28,108,25,125,77,53,103,135" hai2="70,92,52,112,8,65,64,82,48,133,50,71,89" hai3="127,106,16,124,37,109,43,17,66,90,58,41,21"/><W126/><G109/><T116/><D120/><U36/><E108/><V3/><F82/><W60/><G106/><T99/><D116/><U102/><E125/><V98/><F50/><W87/><G37/><T121/><D121/><U83/><E36/><V39/><F39/><W113/><G113/><T67/><D110/><U40/><E40/><N who="3" m="15434" /><G21/><T20/><D68/><U130/><E130/><V31/><F133/><N who="1" m="50697" /><E46/><V62/><F3/><W128/><G128/><T56/><D45/><U117/><E117/><V95/><F71/><W93/><AGARI ba="0,0" hai="16,17,58,60,66,87,90,93,124,126,127" m="15434" machi="93" ten="40,3900,0" yaku="18,1,54,1" doraHai="27" who="3" fromWho="3" sc="173,-13,242,-13,366,-13,219,39" />
</Scene>
<Scene>
<INIT seed="7,1,0,1,0,33" ten="160,229,353,258" oya="3" hai0="112,30,46,21,59,124,123,8,9,40,64,48,74" hai1="42,110,130,113,111,97,58,19,47,83,79,102,56" hai2="70,37,67,38,118,107,90,12,133,53,115,22,17" hai3="52,55,135,7,34,1,31,60,62,81,71,61,36"/><W86/><G71/><T24/><D123/><U134/><E19/><V3/><F118/><W120/><G36/><T109/><D109/><U63/><E58/><V39/><F107/><W100/><G120/><T18/><D74/><U78/><E78/><V76/><F76/><W104/><G135/><T20/><D124/><U126/><E130/><V116/><F116/><W11/><G34/><T127/><D127/><U43/><E43/><V98/><F115/><W77/><REACH who="3" step="1"/><G31/><REACH who="3" ten="160,229,353,248" step="2"/><T51/><D112/><U119/><E113/><V41/><F38/><W80/><G80/><T49/><D49/><U68/><E68/><V69/><F39/><W28/><G28/><T125/><D125/><U93/><E134/><V121/><F70/><W15/><G15/><T23/><D23/><U94/><E126/><V6/><F12/><W5/><G5/><T91/><D91/><U13/><E13/><V131/><F22/><W27/><G27/><T32/><D32/><U92/><E119/><V72/><F6/><W65/><G65/><T108/><D108/><U95/><E83/><V117/><F67/><W2/><G2/><T89/><D89/><U103/><E79/><V82/><F90/><W66/><G66/><T73/><D51/><N who="1" m="27127" /><E110/><V129/><F121/><W4/><G4/><T85/><D64/><N who="1" m="39015" /><E111/><V132/><F133/><W25/><G25/><T10/><D30/><U44/><E103/><V35/><F132/><W29/><G29/><T54/><D24/><U0/><E0/><V57/><F69/><W84/><G84/><T16/><D85/><U96/><E96/><AGARI ba="1,1" hai="1,7,11,52,55,60,61,62,77,81,86,96,100,104" machi="96" ten="40,7700,0" yaku="1,1,52,1,54,1,53,0" doraHai="33" doraHaiUra="105" who="3" fromWho="1" sc="160,0,229,-80,353,0,248,90" />
</Scene>
<Scene>
<INIT seed="7,2,0,3,5,132" ten="160,149,353,338" oya="3" hai0="0,71,16,3,73,27,64,67,58,72,102,118,43" hai1="9,52,99,113,55,95,96,91,29,114,84,124,129" hai2="49,89,8,79,48,60,112,63,45,126,39,37,68" hai3="104,56,77,51,108,133,134,59,36,128,117,17,76"/><W26/><G117/><T78/><D118/><U19/><E129/><V119/><F119/><W33/><G36/><N who="2" m="13897" /><F79/><N who="3" m="30283" /><G128/><T111/><D111/><U32/><E124/><V94/><F68/><W6/><G108/><T47/><D71/><U53/><E29/><V86/><F49/><W12/><G104/><T10/><D102/><U87/><E32/><V42/><F8/><N who="3" m="4119" /><G51/><T34/><D34/><U44/><E44/><V50/><F50/><W88/><G88/><T80/><D72/><U21/><E9/><V11/><F11/><W83/><G83/><T65/><D10/><U93/><E114/><V120/><F126/><W103/><G103/><T20/><D0/><U14/><E113/><V123/><F112/><W18/><G33/><T31/><D3/><U1/><E1/><V2/><F2/><W90/><G90/><AGARI ba="2,0" hai="14,19,21,52,53,55,84,87,90,91,93,95,96,99" machi="90" ten="40,5200,0" yaku="9,1,8,1,54,1" doraHai="132" who="1" fromWho="3" sc="160,0,149,58,353,0,338,-58" owari="160,-34.0,207,-19.0,353,45.0,280,8.0" />
</Scene>
</mjloggm>