<mjloggm ver="2.3"><GO type="169" lobby="0"/><UN n0="%73%5F%6F%6B" n1="%E5%A4%AA%E3%81%8F%E3%81%AA%E3%81%84%E3%81%8A" n2="%74%61%6B%61%2D%31%31%36" n3="%E3%82%B3%E3%83%BC%E3%83%A9%E4%B8%8B%E3%81%95%E3%81%84" dan="17,18,16,16" rate="2127.57,2188.56,2057.16,2144.87" sx="M,M,M,M"/><TAIKYOKU oya="0"/>

<Scene>
<INIT seed="0,0,0,0,1,132" ten="250,250,250,250" oya="0" hai0="27,23,7,110,25,63,94,21,71,131,30,50,88" hai1="97,13,123,46,121,127,70,3,86,65,120,106,111" hai2="16,33,32,41,126,91,31,125,75,72,99,135,116" hai3="118,1,66,107,8,24,119,74,0,35,104,42,10"/><T100/><D131/><U113/><E3/><V45/><F135/><W18/><G66/><T47/><D7/><U9/><E111/><V87/><F99/><W52/><G42/><T85/><D110/><U38/><E113/><V115/><F115/><W117/><G74/><N who="2" m="28201" /><F16/><W57/><G1/><T95/><D71/><U15/><E86/><V79/><F79/><W4/><G10/><T89/><D63/><U134/><E134/><V53/><F53/><W112/><G112/><T90/><D100/><U77/><E77/><V68/><F31/><W43/><G43/><N who="0" m="24959" /><D95/><U128/><E121/><V34/><F116/><W103/><G103/><T69/><D69/><U102/><E123/><V83/><F68/><W82/><G82/><T109/><D109/><U76/><E120/><V14/><F14/><W55/><G55/><T5/><D5/><U98/><E13/><V49/><F87/><W51/><G18/><AGARI ba="0,0" hai="18,21,23,25,27,30,85,88,89,90,94" m="24959" machi="18" ten="30,2900,0" yaku="8,1,54,1" doraHai="132" who="0" fromWho="3" sc="250,29,250,0,250,0,250,-29" />
</Scene>
<Scene>
<INIT seed="0,1,0,3,1,46" ten="279,250,250,221" oya="0" hai0="115,6,57,75,1,33,109,91,92,34,133,12,94" hai1="122,21,37,48,79,113,134,17,76,39,106,63,2" hai2="119,70,26,55,69,43,123,7,50,0,104,28,124" hai3="64,83,58,121,100,78,13,120,24,14,18,129,72"/><T85/><D115/><U23/><E122/><N who="3" m="47210" /><G129/><T74/><D1/><U118/><E118/><V89/><F123/><W127/><G127/><T3/><D3/><U41/><E2/><V117/><F124/><W22/><G100/><T19/><D6/><U9/><E106/><V135/><F104/><W61/><AGARI ba="1,0" hai="13,14,18,22,24,58,61,64,72,78,83" m="47210" machi="61" ten="30,1100,0" yaku="13,1" doraHai="46" who="3" fromWho="3" sc="279,-6,250,-4,250,-4,221,14" />
</Scene>
<Scene>
<INIT seed="1,0,0,5,4,82" ten="273,246,246,235" oya="1" hai0="23,41,92,119,42,69,112,10,129,108,84,25,35" hai1="54,102,28,24,22,100,8,14,85,7,71,2,97" hai2="127,37,36,67,29,65,64,76,99,101,27,87,18" hai3="11,111,1,73,114,104,103,122,26,128,60,106,81"/><U68/><E54/><V47/><F127/><W59/><G111/><T39/><D119/><U61/><E61/><V131/><F131/><W105/><G122/><T50/><D112/><U3/><E100/><V13/><F47/><W43/><G114/><T79/><D35/><U0/><REACH who="1" step="1"/><E85/><REACH who="1" ten="273,236,246,235" step="2"/><V116/><F116/><W107/><G103/><T62/><D62/><U40/><E40/><V20/><F64/><W90/><G43/><T78/><D42/><U46/><E46/><V120/><F65/><W5/><G60/><T89/><D41/><U125/><E125/><V52/><F67/><W115/><G115/><T66/><D66/><U12/><E12/><V32/><F52/><W74/><G74/><T72/><D72/><U109/><E109/><V55/><F55/><W53/><G73/><T123/><D108/><U9/><E9/><V58/><F58/><W19/><G53/><T31/><D50/><U80/><E80/><V34/><F36/><W38/><G59/><T132/><D39/><U124/><E124/><V98/><F37/><W117/><G38/><T91/><D10/><U93/><AGARI ba="0,1" hai="0,2,3,7,8,14,22,24,28,68,71,93,97,102" machi="93" ten="30,3000,0" yaku="1,1,0,1,53,0" doraHai="82" doraHaiUra="133" who="1" fromWho="1" sc="273,-10,236,40,246,-10,235,-10" />
</Scene>
<Scene>
<INIT seed="1,1,0,0,2,118" ten="263,276,236,225" oya="1" hai0="11,28,31,8,76,105,32,122,131,126,29,82,132" hai1="80,104,88,49,85,65,92,10,70,94,101,133,53" hai2="1,107,58,35,99,6,41,134,90,62,135,69,81" hai3="0,128,96,93,125,25,59,66,113,22,74,56,12"/><U91/><E133/><N who="2" m="50699" /><F69/><W98/><G0/><T114/><D114/><U40/><E40/><V72/><F35/><W77/><G113/><T42/><D132/><U51/><E104/><V13/><F1/><W24/><G128/><T124/><D105/><U19/><E70/><V64/><F41/><W71/><G71/><T117/><D117/><U39/><E39/><V106/><F99/><W84/><G74/><T37/><D131/><U2/><E65/><V130/><F130/><W115/><G115/><T110/><D32/><U97/><E53/><V48/><F48/><W60/><G96/><T21/><D42/><U9/><E2/><V30/><F30/><W61/><G125/><T68/><D37/><U33/><E33/><V43/><F43/><W55/><G84/><T14/><D68/><U20/><E101/><V47/><F47/><W78/><G12/><T100/><D100/><U108/><E108/><V121/><F64/><W103/><G25/><T102/><D110/><U23/><E80/><V87/><F81/><W67/><G55/><T120/><D102/><U112/><E112/><V16/><F106/><W129/><G129/><T44/><D44/><U109/><E109/><V54/><F58/><W46/><G46/><T116/><D116/><U15/><REACH who="1" step="1"/><E9/><REACH who="1" ten="263,266,236,225" step="2"/><N who="0" m="3657" /><D82/><U18/><E18/><AGARI ba="1,1" hai="18,22,24,56,59,60,61,66,67,77,78,93,98,103" machi="18" ten="30,3900,0" yaku="7,1,9,1,8,1" doraHai="118" who="3" fromWho="1" sc="263,0,266,-42,236,0,225,52" />
</Scene>
<Scene>
<INIT seed="2,0,0,3,1,90" ten="263,224,236,277" oya="2" hai0="11,125,115,6,131,127,109,132,40,80,22,72,104" hai1="30,68,13,47,59,81,111,94,16,65,41,130,79" hai2="57,105,12,26,17,28,76,77,44,92,33,27,49" hai3="114,7,119,0,93,116,118,43,48,15,66,58,10"/><V85/><F105/><W69/><G69/><T91/><D115/><U88/><E68/><V23/><F57/><W54/><G114/><T5/><D104/><U117/><E117/><V124/><F124/><W29/><G66/><T18/><D109/><U126/><E111/><V100/><F26/><W38/><G29/><T50/><D131/><U112/><E112/><V45/><F45/><W73/><G73/><T107/><D107/><U4/><E130/><V103/><F103/><W37/><G43/><T36/><D36/><U86/><E126/><N who="0" m="48137" /><D72/><U96/><E30/><V35/><F35/><W113/><G113/><T101/><D101/><U63/><E4/><V8/><F8/><W95/><REACH who="3" step="1"/><G0/><REACH who="3" ten="263,224,236,267" step="2"/><N who="0" m="423" /><D40/><U134/><E134/><V19/><F33/><W82/><G82/><T64/><D64/><U55/><E65/><V120/><F120/><W3/><G3/><T53/><D132/><U1/><E1/><V121/><F121/><W128/><G128/><T71/><D71/><U20/><E41/><V110/><F110/><W9/><G9/><T21/><D80/><U25/><E47/><V39/><F44/><W98/><G98/><T56/><D22/><U84/><E13/><V67/><F23/><W60/><G60/><T75/><D21/><U129/><E129/><V89/><F12/><W102/><G102/><T78/><D75/><AGARI ba="0,1" hai="16,20,25,55,59,63,75,79,81,84,86,88,94,96" machi="75" ten="30,12000,2" yaku="7,1,25,2,52,1,54,2" doraHai="90" who="1" fromWho="0" sc="263,-120,224,130,236,0,267,0" />
</Scene>
<Scene>
<INIT seed="3,0,0,1,0,93" ten="143,354,236,267" oya="3" hai0="41,64,4,29,53,129,83,13,107,110,36,39,17" hai1="86,44,62,134,111,33,124,56,30,81,119,120,20" hai2="63,96,117,47,122,92,51,71,25,50,23,128,48" hai3="61,116,76,34,42,103,19,2,94,72,118,115,108"/><W18/><G115/><T98/><D110/><U80/><E120/><V65/><F117/><W1/><G34/><T52/><D129/><U112/><E112/><V46/><F128/><W95/><G42/><T27/><D4/><U55/><E33/><V26/><F122/><W22/><G72/><T90/><D64/><U40/><E111/><V123/><F123/><W6/><G76/><T104/><D83/><U28/><E119/><V89/><REACH who="2" step="1"/><F26/><REACH who="2" ten="143,354,226,267" step="2"/><W59/><G108/><T31/><D27/><U97/><E134/><V49/><F49/><W132/><G132/><T87/><D39/><U77/><E124/><V67/><F67/><W57/><G116/><T78/><D36/><U60/><E60/><V113/><F113/><W58/><G118/><T54/><D41/><U69/><E62/><V66/><F66/><W5/><G61/><T9/><D78/><U105/><E40/><V38/><F38/><W100/><G58/><T135/><D135/><U74/><E56/><V114/><F114/><W11/><G22/><T0/><D54/><U79/><E55/><V7/><F7/><W12/><G12/><T10/><D52/><U106/><E77/><V70/><F70/><W35/><G35/><T84/><D53/><U75/><E69/><V45/><F45/><W126/><G126/><T8/><D13/><U131/><E44/><V32/><F32/><W21/><G21/><T14/><D14/><U16/><E20/><V125/><F125/><W133/><G133/><T109/><D109/><U102/><E79/><V91/><F91/><W24/><G24/><T73/><D90/><RYUUKYOKU ba="0,1" sc="143,-15,354,-15,226,15,267,15" hai2="23,25,46,47,48,50,51,63,65,71,89,92,96" hai3="1,2,5,6,11,18,19,57,59,94,95,100,103" />
</Scene>
<Scene>
<INIT seed="3,1,1,5,1,31" ten="128,339,241,282" oya="3" hai0="49,91,19,132,59,51,87,44,38,17,18,40,56" hai1="117,35,124,42,21,45,79,113,74,134,101,106,82" hai2="66,120,129,14,105,123,43,47,122,70,41,65,88" hai3="12,71,34,54,61,111,9,37,93,22,126,16,7"/><W128/><G37/><T97/><D132/><U25/><E113/><V95/><F105/><W133/><G133/><T114/><D114/><U85/><E134/><V5/><F129/><W96/><G128/><T6/><D6/><U125/><E117/><V62/><F66/><W48/><G126/><N who="1" m="48746" /><E106/><V108/><F108/><W84/><G34/><T130/><D130/><U75/><E101/><V15/><F43/><W24/><G111/><T92/><D38/><N who="1" m="21719" /><E35/><V1/><F1/><W0/><G84/><T99/><D51/><U72/><E72/><V11/><F15/><W100/><G71/><T63/><REACH who="0" step="1"/><D56/><REACH who="0" ten="118,339,241,282" step="2"/><U121/><E121/><V39/><REACH who="2" step="1"/><F123/><REACH who="2" ten="118,339,231,282" step="2"/><W69/><G69/><T67/><AGARI ba="1,3" hai="17,18,19,40,44,49,59,63,67,87,91,92,97,99" machi="67" ten="30,7900,0" yaku="1,1,2,1,0,1,8,1,53,0" doraHai="31" doraHaiUra="10" who="0" fromWho="0" sc="118,112,339,-21,231,-21,282,-40" />
</Scene>
<Scene>
<INIT seed="4,0,0,2,3,83" ten="230,318,210,242" oya="0" hai0="63,7,41,135,101,88,0,45,48,52,4,5,31" hai1="119,99,12,28,64,81,107,13,110,128,71,90,116" hai2="70,122,57,130,117,25,15,105,16,87,35,132,8" hai3="125,106,53,49,43,54,79,126,21,18,55,95,19"/><T115/><D115/><U109/><E128/><V59/><F122/><W32/><G32/><T131/><D131/><U104/><E28/><V69/><F130/><W3/><G106/><N who="1" m="40490" /><E64/><V33/><F105/><W127/><G3/><T56/><D101/><U66/><E66/><V23/><F132/><W39/><G39/><T51/><D135/><U111/><E71/><V85/><F117/><N who="1" m="45129" /><E12/><V46/><F46/><N who="3" m="25823" /><G79/><T2/><D31/><U68/><E13/><V123/><F123/><W42/><G42/><T10/><D0/><U22/><E22/><V37/><F37/><W47/><G95/><T121/><D121/><U14/><E14/><V6/><F69/><W124/><G124/><T129/><D129/><U67/><E67/><V60/><F70/><W1/><G1/><T108/><D108/><U26/><E26/><V38/><F38/><W91/><G21/><T100/><D100/><U40/><E40/><V11/><F35/><W77/><G77/><T62/><D2/><U97/><E68/><V36/><F36/><W76/><G76/><T120/><D120/><U72/><E72/><V98/><F33/><W114/><G114/><T112/><D112/><U58/><E58/><N who="2" m="22027" /><F11/><W82/><G47/><T103/><D10/><U133/><E133/><V75/><F75/><W27/><G27/><T86/><REACH who="0" step="1"/><D103/><REACH who="0" ten="220,318,210,242" step="2"/><U65/><E110/><V61/><F98/><W96/><G96/><T24/><D24/><U17/><E111/><V89/><F89/><W94/><G125/><T74/><D74/><U92/><E109/><V93/><F93/><AGARI ba="0,1" hai="4,5,7,41,45,48,51,52,56,62,63,86,88,93" machi="93" ten="40,12000,1" yaku="1,1,8,1,52,1,54,2,53,0" doraHai="83" doraHaiUra="118" who="0" fromWho="2" sc="220,130,318,0,210,-120,242,0" />
</Scene>
<Scene>
<INIT seed="4,1,0,0,5,56" ten="350,318,90,242" oya="0" hai0="14,0,19,81,120,13,51,90,131,48,20,42,41" hai1="46,35,74,128,26,103,72,134,107,36,65,47,2" hai2="68,94,29,64,23,25,111,73,133,129,45,78,66" hai3="70,88,102,28,105,5,27,60,17,108,1,6,125"/><T112/><D0/><U55/><E47/><V52/><F111/><W101/><G108/><T110/><D120/><U12/><E12/><V126/><F126/><W22/><G125/><T15/><D110/><U106/><E55/><V130/><F133/><W109/><G109/><T34/><D34/><U63/><E2/><V97/><F73/><W96/><G101/><T43/><D112/><U30/><E134/><V86/><F86/><W67/><G1/><T132/><D132/><U121/><E128/><N who="2" m="49259" /><F78/><W89/><G17/><T114/><D114/><U135/><E121/><V95/><F66/><W33/><REACH who="3" step="1"/><G22/><REACH who="3" ten="350,318,90,232" step="2"/><T119/><D131/><U79/><E135/><V59/><F97/><W124/><G124/><T9/><D119/><U10/><E103/><V71/><F45/><W62/><G62/><T49/><D9/><U32/><E10/><V50/><F71/><W77/><G77/><T83/><D90/><AGARI ba="1,1" hai="5,6,27,28,33,60,67,70,88,89,90,96,102,105" machi="90" ten="40,12000,2" yaku="1,1,25,2,52,1,54,1,53,1" doraHai="56" doraHaiUra="92" who="3" fromWho="0" sc="350,-123,318,0,90,0,232,133" />
</Scene>
<Scene>
<INIT seed="5,0,0,2,2,79" ten="227,318,90,365" oya="1" hai0="82,126,116,14,45,12,135,94,91,35,110,43,84" hai1="54,30,47,95,22,102,64,4,27,50,69,106,3" hai2="121,5,128,115,42,122,36,39,10,29,132,8,60" hai3="76,90,101,48,41,49,129,108,51,114,133,9,21"/><U107/><E3/><V18/><F60/><W65/><G108/><T26/><D110/><U61/><E4/><V32/><F42/><W55/><G114/><T103/><D116/><U81/><REACH who="1" step="1"/><E81/><REACH who="1" ten="227,308,90,365" step="2"/><V68/><F5/><W88/><G41/><T24/><D82/><U56/><E56/><V63/><F115/><W19/><G9/><T6/><D43/><U85/><E85/><V11/><F10/><W28/><G51/><T120/><D6/><U73/><E73/><V62/><F8/><W78/><G49/><T34/><D84/><U46/><E46/><V70/><F11/><W66/><G48/><T77/><D45/><U40/><E40/><V44/><F44/><W53/><G76/><T97/><D77/><U93/><E93/><V125/><F68/><W124/><G78/><T52/><D94/><U118/><E118/><V58/><F70/><W1/><G1/><T104/><D104/><U33/><E33/><V80/><F58/><W105/><G105/><T111/><D111/><U131/><E131/><V89/><F32/><W7/><G129/><T37/><D35/><U134/><E134/><V123/><F128/><W17/><G133/><T74/><D34/><U57/><E57/><V113/><F132/><W25/><G7/><T23/><D135/><U71/><E71/><V0/><F113/><W38/><G38/><T96/><D74/><U127/><E127/><V99/><F0/><W2/><G124/><T100/><D126/><U67/><E67/><V20/><F125/><W59/><G59/><T86/><D37/><N who="2" m="14410" /><F80/><W130/><G130/><T75/><D75/><RYUUKYOKU ba="0,1" sc="227,-10,308,30,90,-10,365,-10" hai1="22,27,30,47,50,54,61,64,69,95,102,106,107" />
</Scene>
<Scene>
<INIT seed="5,1,1,5,4,73" ten="217,338,80,355" oya="1" hai0="15,116,19,33,99,105,26,125,10,65,114,91,96" hai1="110,117,82,40,48,133,7,108,29,126,38,78,131" hai2="2,63,123,61,21,37,49,87,98,42,77,86,43" hai3="22,16,84,55,54,50,83,115,120,135,94,109,44"/><U59/><E117/><V36/><F123/><W30/><G109/><N who="1" m="42090" /><E126/><V24/><F2/><W46/><G120/><T62/><D116/><U14/><E133/><V4/><F4/><W56/><G115/><T128/><D114/><U89/><E131/><V66/><F37/><W13/><G135/><T18/><D125/><U68/><E68/><V57/><F36/><W35/><G35/><T6/><D128/><U134/><E134/><V76/><F98/><W51/><G30/><T79/><D99/><U97/><E29/><N who="2" m="17551" /><F63/><W12/><G94/><T100/><D91/><U127/><E38/><V132/><F132/><W20/><G56/><T93/><D93/><N who="1" m="56495" /><E127/><V81/><F49/><W71/><G71/><T75/><D33/><U45/><E59/><V122/><F122/><W0/><G0/><T17/><D26/><U112/><E112/><V101/><F101/><W107/><G107/><T69/><D6/><U90/><E90/><V9/><F9/><N who="3" m="6159" /><G13/><T5/><REACH who="0" step="1"/><D5/><REACH who="0" ten="207,338,80,355" step="2"/><U60/><E7/><V130/><F130/><W85/><G85/><T124/><D124/><U39/><E14/><V121/><F121/><W88/><AGARI ba="1,2" hai="20,22,44,46,50,51,54,55,83,84,88" m="6159" machi="88" ten="30,7900,0" yaku="25,1,8,1,54,2" doraHai="73" who="3" fromWho="3" sc="207,-21,338,-40,80,-21,355,102" />
</Scene>
<Scene>
<INIT seed="6,0,0,4,1,133" ten="186,298,59,457" oya="2" hai0="128,46,45,82,20,102,89,10,61,34,93,112,7" hai1="65,86,2,98,5,64,37,19,68,18,60,0,69" hai2="41,90,87,50,131,80,83,66,105,124,44,9,3" hai3="95,4,17,119,40,49,109,126,43,96,22,81,85"/><V111/><F105/><W76/><G109/><T113/><D34/><U118/><E118/><V123/><F111/><W101/><G119/><T27/><D128/><U100/><E37/><V134/><F123/><W52/><G126/><T59/><D82/><U1/><E5/><V106/><F134/><W35/><G4/><T29/><D113/><U53/><E53/><V21/><F106/><W32/><G32/><T42/><D42/><U23/><E86/><V15/><F131/><W26/><G35/><T48/><D48/><U12/><E19/><V58/><F3/><W129/><G129/><T91/><D91/><U57/><REACH who="1" step="1"/><E64/><REACH who="1" ten="186,288,59,457" step="2"/><V13/><F124/><W16/><G17/><T71/><D7/><U79/><E79/><V117/><F117/><W36/><G36/><T125/><D125/><U8/><E8/><V120/><F120/><W78/><G76/><T51/><D112/><U84/><E84/><V63/><F21/><W39/><G39/><T14/><D20/><U31/><E31/><V56/><F56/><AGARI ba="0,1" hai="16,22,26,40,43,49,52,56,78,81,85,95,96,101" machi="56" ten="30,7700,0" yaku="7,1,8,1,54,2" doraHai="133" who="3" fromWho="2" sc="186,0,288,0,59,-77,457,87" owari="186,-21.0,288,9.0,-18,-52.0,544,64.0" />
</Scene>
</mjloggm>