<mjloggm ver="2.3"><GO type="225" lobby="0"/><UN n0="%E6%B5%B7%E6%9C%88%E6%A1%83%E9%A6%99" n1="%56%65%6E%75%73%53%61%79" n2="%E9%BA%BB%E9%9B%80%E7%89%87%E6%83%B3%E3%81%84" n3="%E5%A4%AA%E3%81%8F%E3%81%AA%E3%81%84%E3%81%8A" dan="16,17,16,18" rate="2027.89,2203.03,2121.67,2205.76" sx="F,M,M,M"/><TAIKYOKU oya="0"/>

<Scene>
<INIT seed="0,0,0,4,0,72" ten="250,250,250,250" oya="0" hai0="66,134,69,122,105,7,11,84,79,131,37,93,119" hai1="92,5,48,53,104,96,73,9,23,3,39,68,132" hai2="133,27,88,19,28,101,128,22,111,76,116,94,74" hai3="38,121,115,85,82,10,44,80,100,59,125,135,120"/><T58/><D119/><U6/><E68/><V1/><F111/><W45/><G115/><T56/><D122/><N who="3" m="47209" /><G38/><T110/><D105/><U60/><E39/><V129/><F1/><W16/><G100/><T63/><D110/><U70/><E104/><V54/><F133/><W25/><G135/><T24/><D134/><U109/><E109/><V126/><F126/><W33/><G125/><T91/><D37/><U114/><E6/><V130/><F101/><W47/><G59/><T50/><D131/><U95/><E132/><V30/><F116/><W51/><G33/><T108/><D108/><U21/><E73/><V34/><F54/><N who="3" m="30055" /><G80/><T52/><D24/><U29/><E114/><V83/><F34/><W18/><G25/><T75/><D75/><U46/><E29/><V106/><F106/><W112/><G112/><T62/><D79/><U98/><E95/><V67/><F67/><W77/><G18/><T0/><REACH who="0" step="1"/><D63/><REACH who="0" ten="240,250,250,250" step="2"/><U31/><E60/><V49/><F49/><W61/><G61/><T17/><D17/><U87/><E31/><V90/><F90/><W57/><G57/><AGARI ba="0,1" hai="0,7,11,50,52,56,57,58,62,66,69,84,91,93" machi="57" ten="30,5800,0" yaku="1,1,7,1,54,1,53,0" doraHai="72" doraHaiUra="71" who="0" fromWho="3" sc="240,68,250,0,250,0,250,-58" />
</Scene>
<Scene>
<INIT seed="0,1,0,4,2,97" ten="308,250,250,192" oya="0" hai0="120,52,100,128,49,50,19,9,22,111,81,101,17" hai1="32,43,93,107,45,99,40,83,61,129,88,123,96" hai2="26,106,44,10,70,55,133,77,69,23,58,4,21" hai3="62,41,85,119,33,25,34,24,122,63,125,76,74"/><T66/><D120/><U20/><E32/><V38/><F133/><W37/><G119/><T12/><D66/><U8/><E123/><V51/><F106/><W35/><G122/><T0/><D128/><U121/><E121/><V59/><F77/><W5/><G85/><T73/><D111/><U131/><E83/><V64/><F23/><W115/><G115/><T80/><D49/><U135/><E135/><V108/><F108/><W15/><G125/><T102/><D73/><U103/><E61/><V86/><F86/><W92/><G92/><T13/><D0/><U67/><E67/><V46/><F46/><AGARI ba="1,0" hai="9,12,13,17,19,22,46,50,52,80,81,100,101,102" machi="46" ten="40,12000,1" yaku="8,1,52,3,54,1" doraHai="97" who="0" fromWho="2" sc="308,123,250,0,250,-123,192,0" />
</Scene>
<Scene>
<INIT seed="0,2,0,2,3,22" ten="431,250,127,192" oya="0" hai0="115,5,81,75,97,45,67,121,20,89,116,28,76" hai1="98,35,4,100,122,2,56,112,93,65,27,96,44" hai2="72,79,66,119,111,57,19,84,71,33,126,32,102" hai3="48,104,6,69,108,87,41,13,47,70,17,8,132"/><T34/><D115/><U117/><E122/><V85/><F71/><W40/><G104/><T92/><D116/><U46/><E117/><V131/><F111/><W95/><G108/><T130/><D130/><U29/><E112/><V51/><F131/><W39/><G132/><T30/><D5/><U91/><E65/><V52/><F126/><W12/><G39/><T10/><D10/><U26/><E56/><V59/><F119/><W16/><G69/><T1/><D1/><U64/><E64/><V120/><F120/><W31/><G70/><T118/><D118/><U129/><E129/><V18/><F102/><W53/><G31/><T37/><D34/><U36/><E36/><V114/><F114/><W73/><G73/><T24/><D67/><U109/><E109/><V88/><F72/><W134/><G134/><T103/><D121/><U101/><E27/><V43/><F43/><W3/><G3/><T125/><D125/><U82/><E82/><N who="2" m="47199" /><F33/><W25/><G6/><T55/><D103/><U38/><E38/><V7/><F7/><W0/><G0/><T61/><D37/><U58/><E58/><V123/><F32/><W50/><G50/><T54/><D61/><U135/><E135/><V124/><F124/><W94/><G25/><T23/><D45/><U49/><E49/><V62/><F123/><W83/><G40/><T86/><D75/><U127/><E127/><V9/><F9/><N who="3" m="6159" /><G41/><T80/><D80/><AGARI ba="2,0" hai="18,19,51,52,57,59,62,66,80,85,88" m="47199" machi="80" ten="30,3900,0" yaku="8,1,54,2" doraHai="22" who="2" fromWho="0" sc="431,-45,250,0,127,45,192,0" />
</Scene>
<Scene>
<INIT seed="1,0,0,4,4,93" ten="386,250,172,192" oya="1" hai0="80,35,66,9,51,97,23,75,2,123,130,15,34" hai1="4,95,135,94,105,91,129,29,77,32,112,17,38" hai2="82,52,104,84,22,10,58,83,20,90,24,78,28" hai3="113,103,128,48,86,39,102,74,88,40,125,63,71"/><U25/><E112/><V43/><F43/><W53/><G74/><T131/><D123/><U79/><E105/><V47/><F104/><W11/><G113/><T26/><D2/><U121/><E121/><V92/><F47/><N who="3" m="23967" /><G11/><T100/><D66/><U54/><E38/><V50/><F10/><W46/><G46/><T16/><D51/><U117/><E4/><V115/><F115/><W116/><G128/><N who="0" m="49195" /><D80/><U118/><E129/><V85/><REACH who="2" step="1"/><F83/><REACH who="2" ten="386,250,162,192" step="2"/><N who="3" m="49247" /><G116/><T31/><D75/><U107/><E118/><V27/><F27/><W106/><G106/><AGARI ba="0,1" hai="9,15,16,23,26,31,34,35,97,100,106" m="49195" machi="106" ten="30,3900,0" yaku="19,1,52,1,54,1" doraHai="93" who="0" fromWho="3" sc="386,49,250,0,162,0,192,-39" />
</Scene>
<Scene>
<INIT seed="2,0,0,4,3,53" ten="435,250,162,153" oya="2" hai0="89,48,76,34,44,13,127,15,54,87,1,125,2" hai1="30,57,22,21,129,50,106,65,31,12,61,74,115" hai2="43,37,27,93,23,132,107,58,19,84,111,126,63" hai3="41,47,133,72,16,9,25,73,62,36,28,116,124"/><V17/><F107/><W8/><G116/><T10/><D34/><U52/><E74/><V114/><F111/><W121/><G121/><T42/><D15/><U66/><E115/><V33/><F114/><W85/><G133/><T123/><D123/><U113/><E129/><V95/><F33/><W35/><G124/><N who="0" m="47691" /><D76/><U100/><E113/><V104/><F132/><W14/><G85/><T101/><D101/><U117/><E117/><V55/><F104/><W134/><G134/><T118/><D118/><U96/><E66/><V46/><F126/><W92/><G92/><N who="0" m="54335" /><D42/><U11/><E22/><V88/><F93/><W130/><G130/><T81/><D81/><U131/><E21/><V68/><F68/><W109/><G109/><T45/><D45/><U69/><E131/><V99/><F84/><W97/><G97/><T51/><D51/><U86/><E86/><V60/><F60/><W4/><REACH who="3" step="1"/><G62/><REACH who="3" ten="435,250,162,143" step="2"/><T5/><AGARI ba="0,1" hai="1,2,5,10,13,44,48,54" m="54335,47691" machi="5" ten="30,1100,0" yaku="18,1" doraHai="53" who="0" fromWho="0" sc="435,21,250,-3,162,-5,143,-3" />
</Scene>
<Scene>
<INIT seed="3,0,0,0,5,63" ten="456,247,157,140" oya="3" hai0="113,130,53,72,94,0,105,120,132,135,49,121,101" hai1="73,128,123,134,35,100,41,17,114,119,47,55,67" hai2="83,27,2,1,117,8,131,95,24,14,42,96,31" hai3="33,59,106,38,9,13,115,12,23,32,69,43,99"/><W64/><G115/><T25/><D130/><U107/><E17/><V125/><F131/><W36/><G69/><T54/><D72/><U48/><E100/><V68/><F68/><W84/><G23/><T30/><D0/><U82/><E82/><V18/><F125/><W6/><G13/><T80/><D80/><U122/><E55/><N who="0" m="21001" /><D105/><U11/><E41/><V29/><F2/><W45/><G38/><T91/><D101/><U61/><E61/><V56/><F1/><W116/><G116/><T16/><D49/><U7/><E48/><V81/><F42/><W79/><G106/><T74/><D74/><U44/><E11/><V75/><F75/><W112/><G112/><T39/><D39/><U103/><E7/><V52/><F27/><W26/><G26/><T108/><D108/><U111/><E103/><N who="2" m="60831" /><F117/><W19/><G6/><T126/><D126/><U104/><E134/><N who="0" m="51241" /><D16/><U97/><E35/><V51/><F24/><W21/><G9/><T37/><D37/><U57/><E97/><V10/><F10/><W60/><REACH who="3" step="1"/><G99/><REACH who="3" ten="456,247,157,130" step="2"/><N who="0" m="57823" /><D113/><U102/><E107/><V58/><F58/><W109/><G109/><T78/><D78/><U85/><E111/><V28/><AGARI ba="0,1" hai="8,14,18,28,29,31,51,52,56,81,83" m="60831" machi="28" ten="30,2000,0" yaku="8,1,54,1" doraHai="63" who="2" fromWho="2" sc="456,-5,247,-5,157,30,130,-10" owari="451,55.0,242,4.0,187,-21.0,120,-38.0" />
</Scene>
</mjloggm>