<mjloggm ver="2.3"><GO type="169" lobby="0"/><UN n0="%72%63%70%62" n1="%E3%82%A2%E3%82%AB%E3%82%AE%EF%BC%A0%E5%B7%9D%E6%9D%91%E8%BB%8D%E5%9B%A3" n2="%E5%A4%AA%E3%81%8F%E3%81%AA%E3%81%84%E3%81%8A" n3="%6D%75%75%6D%75%75" dan="16,17,17,16" rate="2032.87,2170.60,2178.49,2071.52" sx="M,M,F,F"/><TAIKYOKU oya="0"/>

<Scene>
<INIT seed="0,0,0,1,5,112" ten="250,250,250,250" oya="0" hai0="83,54,115,7,109,71,68,121,51,134,1,21,58" hai1="13,25,125,48,75,108,55,22,116,53,18,81,60" hai2="82,98,79,56,52,103,111,102,77,57,45,123,35" hai3="36,31,99,5,127,26,39,28,101,78,120,128,118"/><T2/><D115/><U0/><E0/><V3/><F123/><W40/><G128/><T29/><D121/><U76/><E108/><V80/><F3/><W104/><G127/><T122/><D122/><U11/><E125/><V19/><F35/><W67/><G5/><T117/><D134/><U86/><E60/><V94/><F111/><W92/><G28/><T96/><D109/><U73/><E116/><V34/><F34/><W72/><G40/><T70/><D117/><U89/><E76/><N who="2" m="29259" /><F103/><W131/><G131/><T74/><D74/><U130/><E55/><V24/><F45/><W15/><G15/><T30/><D71/><U12/><E12/><V126/><F57/><W97/><G67/><T46/><D1/><U113/><E113/><V95/><F94/><W62/><G118/><T114/><D70/><U87/><E87/><V90/><F102/><W63/><G78/><T47/><D68/><U9/><E9/><V42/><F42/><W93/><G72/><T20/><D2/><U133/><E133/><V33/><F33/><W69/><G104/><T85/><D114/><U44/><REACH who="1" step="1"/><E130/><REACH who="1" ten="250,240,250,250" step="2"/><V100/><F126/><W41/><G120/><T37/><D85/><U110/><E110/><V27/><F27/><W88/><G26/><T16/><D54/><U49/><E49/><V38/><F24/><W135/><G135/><T32/><D51/><U23/><E23/><V6/><F52/><W124/><G124/><T61/><D21/><U65/><E65/><V50/><F50/><W129/><G129/><T8/><D20/><U14/><E14/><V91/><F38/><RYUUKYOKU ba="0,1" sc="250,-10,240,30,250,-10,250,-10" hai1="11,13,18,22,25,44,48,53,73,75,81,86,89" />
</Scene>
<Scene>
<INIT seed="1,1,1,4,5,26" ten="240,270,240,240" oya="1" hai0="73,92,132,89,35,128,51,55,111,27,11,41,22" hai1="113,82,1,107,13,109,98,79,0,25,47,14,76" hai2="40,10,20,102,21,129,80,2,122,127,42,59,23" hai3="87,57,43,34,36,99,96,56,15,93,126,108,94"/><U91/><E113/><V121/><F102/><W54/><G108/><T131/><D73/><U12/><E109/><V8/><F127/><W39/><G43/><T125/><D41/><U135/><E135/><V120/><F129/><N who="0" m="49738" /><D35/><U66/><E66/><V134/><F134/><W118/><G87/><N who="0" m="52287" /><D111/><U24/><E47/><V124/><F124/><W49/><G126/><T9/><D132/><U31/><E25/><V58/><F40/><W5/><G34/><T100/><D100/><U3/><E107/><V72/><F42/><W105/><G105/><T74/><D74/><U83/><E98/><V45/><F45/><W29/><G57/><N who="2" m="21513" /><F72/><W115/><G115/><T60/><D60/><U85/><REACH who="1" step="1"/><E83/><REACH who="1" ten="240,260,240,240" step="2"/><V78/><F80/><W70/><G99/><T123/><D125/><U64/><E64/><V33/><F121/><W101/><G96/><T61/><D123/><U95/><E95/><V62/><F122/><W32/><G94/><T37/><D37/><U88/><E88/><V75/><F120/><W30/><G93/><T133/><D133/><U53/><E53/><V4/><F78/><W63/><G101/><T130/><D130/><U17/><E17/><V18/><F18/><W84/><G39/><T114/><D114/><U81/><E81/><V71/><F4/><W65/><G36/><T69/><D69/><U77/><E77/><V117/><F117/><W112/><G118/><T38/><D38/><U7/><E7/><V44/><F71/><W16/><G112/><T90/><D90/><U6/><E6/><V52/><F44/><W67/><G5/><T116/><D116/><RYUUKYOKU ba="1,2" sc="240,-10,260,30,240,-10,240,-10" hai1="0,1,3,12,13,14,24,31,76,79,82,85,91" />
</Scene>
<Scene>
<INIT seed="1,2,2,2,2,14" ten="230,290,230,230" oya="1" hai0="87,10,112,92,97,128,86,62,35,125,126,129,0" hai1="66,63,4,37,134,99,13,72,17,104,96,76,64" hai2="84,69,41,106,70,108,120,9,80,98,58,74,49" hai3="30,32,47,89,71,15,102,116,27,11,95,78,127"/><U94/><E37/><V118/><F118/><W109/><G109/><T43/><D35/><U124/><E4/><V51/><F74/><W77/><G127/><N who="0" m="48651" /><D43/><U88/><E124/><V67/><F120/><W8/><G71/><T105/><D62/><U38/><E38/><V91/><F108/><W132/><G132/><T2/><D112/><U31/><E134/><V53/><F67/><W23/><G102/><N who="0" m="62671" /><D10/><U28/><E72/><V90/><F106/><W81/><G81/><T101/><D0/><U103/><E76/><V131/><F9/><W110/><G110/><T40/><D40/><U114/><E114/><V60/><F60/><W44/><G11/><T48/><D48/><U56/><REACH who="1" step="1"/><E66/><REACH who="1" ten="230,280,230,230" step="2"/><V24/><F131/><N who="0" m="50250" /><D2/><U79/><E79/><V29/><F41/><W117/><G78/><T61/><D61/><U57/><E57/><V119/><F69/><W46/><G77/><T36/><D36/><U93/><E93/><N who="2" m="56639" /><F70/><W20/><G117/><T65/><D65/><U135/><E135/><V100/><F119/><W59/><G59/><T7/><D7/><U121/><E121/><V50/><F58/><W55/><G116/><T82/><D82/><U122/><E122/><V26/><F53/><W33/><G55/><T85/><D101/><U68/><E68/><V1/><F100/><W39/><G39/><T115/><D115/><U75/><E75/><V52/><F1/><W130/><G130/><T5/><D5/><U42/><E42/><V25/><F52/><W107/><G47/><T83/><D83/><U22/><AGARI ba="2,3" hai="13,17,22,28,31,56,63,64,88,94,96,99,103,104" machi="22" ten="20,12000,1" yaku="1,1,0,1,7,1,52,1,54,1,53,0" doraHai="14" doraHaiUra="123" who="1" fromWho="1" sc="230,-42,280,156,230,-42,230,-42" />
</Scene>
<Scene>
<INIT seed="1,3,0,0,5,23" ten="188,436,188,188" oya="1" hai0="36,24,21,111,56,107,66,38,131,77,27,83,122" hai1="63,79,106,14,1,4,47,12,42,89,41,105,121" hai2="81,5,108,133,73,26,2,102,7,98,104,120,101" hai3="13,80,10,97,113,11,40,61,114,99,28,20,35"/><U112/><E121/><V132/><F120/><W53/><G40/><T94/><D107/><U55/><E112/><V45/><F108/><W6/><G80/><T78/><D122/><U31/><E1/><V115/><F115/><W51/><G61/><N who="0" m="38183" /><D38/><U3/><E3/><V8/><F5/><W49/><G35/><T46/><D36/><U64/><E79/><N who="0" m="30217" /><D111/><U117/><E117/><V22/><F73/><W37/><G37/><T30/><D131/><U16/><E31/><V71/><F71/><W32/><G32/><T44/><D83/><U57/><E106/><V103/><F45/><N who="0" m="17514" /><D94/><U50/><E105/><V68/><F68/><W59/><G51/><T85/><D85/><U52/><E89/><V84/><F84/><W54/><G54/><T58/><D58/><U116/><E116/><V18/><REACH who="2" step="1"/><F81/><REACH who="2" ten="188,436,178,188" step="2"/><W25/><G114/><T125/><D125/><U65/><E4/><V86/><F86/><W76/><G113/><T129/><D129/><U62/><E42/><V75/><F75/><W123/><G123/><T95/><D95/><U0/><E0/><V128/><F128/><W93/><G93/><T100/><D100/><AGARI ba="3,1" hai="2,7,8,18,22,26,98,100,101,102,103,104,132,133" machi="100" ten="40,2600,0" yaku="1,1,52,1,53,0" doraHai="23" doraHaiUra="9" who="2" fromWho="0" sc="188,-35,436,0,178,45,188,0" />
</Scene>
<Scene>
<INIT seed="2,0,0,2,4,9" ten="153,436,223,188" oya="2" hai0="10,75,121,69,80,68,72,101,56,78,42,47,109" hai1="60,71,108,76,13,94,46,6,104,92,110,96,7" hai2="86,18,102,66,125,129,4,77,50,67,30,20,88" hai3="33,120,93,17,29,91,126,89,112,107,97,3,41"/><V119/><F119/><W34/><G3/><T31/><D121/><U131/><E131/><V103/><F77/><W79/><G126/><T53/><D75/><U25/><E104/><V49/><F30/><W37/><G112/><T63/><D109/><U124/><E124/><V27/><F125/><W64/><G79/><T87/><D31/><U21/><E46/><V40/><F4/><W105/><G64/><N who="2" m="24617" /><F129/><W134/><G134/><T118/><D118/><U95/><E76/><V12/><F27/><W85/><G29/><T28/><D28/><U82/><E71/><V113/><F113/><W19/><G120/><T14/><D101/><N who="2" m="38410" /><F40/><W58/><G41/><T127/><D72/><U48/><E25/><V36/><F36/><W130/><G37/><T55/><D55/><U52/><E6/><V128/><F128/><W38/><G38/><T73/><D73/><U81/><E7/><V51/><F51/><W44/><G130/><T123/><D123/><U35/><E35/><V57/><F57/><W8/><G58/><T59/><D59/><N who="1" m="34919" /><E48/><V43/><F43/><W62/><G34/><T132/><D127/><U70/><E70/><V24/><F24/><W114/><G33/><T2/><D2/><U1/><E1/><V32/><F32/><W54/><G114/><T22/><D132/><U11/><E110/><V84/><F84/><W61/><G85/><T5/><D22/><U115/><E108/><V39/><F39/><AGARI ba="0,0" hai="5,10,14,39,42,47,53,56,63,68,69,78,80,87" machi="39" ten="30,2000,0" yaku="7,1,52,1" doraHai="9" who="0" fromWho="2" sc="153,20,436,0,223,-20,188,0" />
</Scene>
<Scene>
<INIT seed="3,0,0,3,0,33" ten="173,436,203,188" oya="3" hai0="22,39,132,72,105,123,59,135,10,61,104,12,110" hai1="107,49,99,102,120,93,56,70,43,108,76,19,52" hai2="87,7,24,130,86,94,65,25,57,15,67,68,28" hai3="29,16,26,90,14,121,97,100,46,45,116,40,62"/><W38/><G121/><T91/><D39/><U30/><E70/><V60/><F130/><W126/><G126/><T13/><D123/><U74/><E120/><V77/><F68/><W73/><G73/><T92/><D72/><U96/><E108/><V71/><F71/><W11/><G90/><T21/><D110/><U41/><E30/><V119/><F119/><W125/><G125/><T122/><D122/><U32/><E32/><V6/><F67/><W5/><G116/><T66/><D22/><U8/><E74/><V103/><F25/><W36/><G62/><T51/><D51/><U0/><E76/><V85/><F77/><W75/><G75/><T95/><D21/><U31/><E31/><V27/><F15/><N who="0" m="5706" /><D10/><U18/><E18/><V80/><F80/><W112/><G112/><T55/><D66/><U89/><REACH who="1" step="1"/><E19/><REACH who="1" ten="173,426,203,188" step="2"/><V115/><F115/><W17/><G29/><T82/><D135/><U54/><E54/><V114/><F114/><W124/><G124/><T20/><D132/><U101/><E101/><V23/><F27/><W84/><G26/><T106/><D20/><U81/><E81/><V83/><F83/><W118/><G118/><T69/><D69/><U64/><E64/><V1/><F103/><W131/><G17/><T2/><D82/><U113/><E113/><V48/><F65/><W78/><G16/><T128/><D55/><U4/><AGARI ba="0,1" hai="0,4,8,41,43,49,52,56,89,93,96,99,102,107" machi="4" ten="30,8000,1" yaku="1,1,0,1,52,1,54,1,53,1" doraHai="33" doraHaiUra="53" who="1" fromWho="1" sc="173,-20,426,90,203,-20,188,-40" />
</Scene>
<Scene>
<INIT seed="4,0,0,2,5,62" ten="153,516,183,148" oya="0" hai0="16,121,84,11,49,123,50,4,116,5,102,0,14" hai1="48,8,64,75,35,117,32,47,41,106,18,97,43" hai2="131,112,115,79,120,27,125,66,34,113,69,26,57" hai3="114,46,73,38,124,58,94,54,52,44,83,51,74"/><T29/><D116/><U82/><E117/><V96/><F120/><W87/><G114/><T88/><D102/><U101/><E43/><V104/><F125/><W24/><G124/><T98/><D98/><U95/><E64/><V39/><F39/><W76/><G94/><T85/><D29/><U71/><E71/><V70/><F131/><W25/><G38/><T22/><D5/><U89/><E18/><V68/><F79/><W122/><G122/><T135/><D135/><U31/><E8/><V2/><F2/><W19/><G46/><T7/><D7/><U3/><E3/><V126/><F126/><W63/><REACH who="3" step="1"/><G19/><REACH who="3" ten="153,516,183,138" step="2"/><T133/><D133/><U61/><E47/><V65/><F104/><W23/><G23/><T21/><D21/><U128/><E95/><V105/><F34/><W111/><G111/><T86/><D121/><U33/><E35/><V17/><F17/><W90/><G90/><T42/><D123/><U60/><E32/><V59/><F105/><W20/><G20/><T77/><D77/><U92/><E106/><V119/><F119/><W91/><G91/><T55/><D42/><U9/><E89/><V110/><F110/><W67/><G67/><N who="2" m="25609" /><F96/><W109/><G109/><T132/><D132/><U99/><E99/><V108/><F108/><W10/><G10/><T81/><D49/><U28/><E9/><V1/><F1/><W78/><G78/><T93/><D81/><U134/><E134/><V129/><F129/><W107/><G107/><T40/><D40/><U80/><E33/><V56/><AGARI ba="0,1" hai="26,27,56,57,59,68,69,70,112,113,115" m="25609" machi="56" ten="50,16000,3" yaku="29,2,28,2,15,1,52,3" doraHai="62" who="2" fromWho="2" sc="153,-80,516,-40,183,170,138,-40" />
</Scene>
<Scene>
<INIT seed="5,0,0,5,1,39" ten="73,476,353,98" oya="1" hai0="41,87,126,10,49,113,128,13,2,26,129,130,65" hai1="109,116,132,9,110,125,52,77,96,24,59,88,7" hai2="85,32,53,62,31,66,104,117,120,84,22,11,70" hai3="133,119,23,94,89,1,93,34,33,54,21,78,6"/><U28/><E116/><V102/><F117/><W106/><G119/><T8/><D113/><U0/><E77/><V114/><F120/><W17/><G106/><T134/><D126/><U4/><E4/><V43/><F22/><W35/><G78/><T12/><D134/><U29/><E125/><V81/><F53/><W15/><G23/><T108/><D108/><N who="1" m="41579" /><E132/><V36/><F11/><N who="0" m="4138" /><D2/><U112/><E112/><V73/><F114/><W51/><G6/><T57/><D26/><U37/><E37/><V5/><F5/><W61/><G1/><T123/><D123/><U45/><E45/><N who="2" m="23783" /><F81/><W99/><G61/><N who="0" m="38063" /><D87/><U16/><E24/><N who="2" m="18535" /><F73/><W74/><G74/><T14/><D49/><N who="1" m="31119" /><E16/><V27/><F27/><W124/><G124/><T111/><D111/><U44/><E44/><V30/><F30/><W76/><G76/><T58/><D58/><U121/><E121/><V98/><AGARI ba="0,0" hai="62,66,70,84,85,98,102,104" m="18535,23783" machi="98" ten="30,2000,0" yaku="25,1,52,1" doraHai="39" who="2" fromWho="2" sc="73,-5,476,-10,353,20,98,-5" />
</Scene>
<Scene>
<INIT seed="6,0,0,4,5,135" ten="68,466,373,93" oya="2" hai0="103,66,56,88,49,102,82,81,100,64,18,89,131" hai1="128,20,44,86,122,70,27,65,84,125,134,33,74" hai2="15,12,105,32,48,71,4,17,5,30,62,25,75" hai3="41,107,21,35,50,36,60,31,28,63,119,96,98"/><V8/><F75/><W95/><G36/><T40/><D131/><U93/><E74/><V116/><F48/><W29/><G35/><T91/><D18/><U46/><E33/><V126/><F105/><W9/><G107/><T117/><D117/><U76/><E134/><V106/><F106/><W55/><G41/><T109/><D109/><U42/><E128/><V2/><F116/><W1/><G98/><T121/><D121/><U14/><E14/><V53/><F5/><W132/><G132/><T108/><D108/><U43/><E65/><N who="0" m="25193" /><D56/><U97/><E70/><V51/><F62/><W129/><G129/><T79/><D79/><U67/><E67/><V90/><F71/><W39/><G39/><T10/><D10/><U19/><E122/><V87/><F17/><W133/><G9/><T112/><D112/><U77/><E43/><V61/><F61/><N who="3" m="23627" /><G1/><T118/><D118/><U26/><E42/><V73/><F73/><W72/><G72/><T16/><D16/><U37/><E37/><V85/><F85/><W54/><G133/><T45/><AGARI ba="0,0" hai="40,45,49,81,82,88,89,91,100,102,103" m="25193" machi="45" ten="40,2700,0" yaku="8,1,54,1" doraHai="135" who="0" fromWho="0" sc="68,27,466,-7,373,-13,93,-7" />
</Scene>
<Scene>
<INIT seed="7,0,0,2,3,91" ten="95,459,360,86" oya="3" hai0="89,102,4,133,48,97,115,130,49,95,57,96,61" hai1="25,56,52,32,86,17,3,54,27,70,55,68,110" hai2="106,107,104,88,101,66,21,31,22,12,92,80,63" hai3="78,47,37,7,28,99,122,38,41,83,72,111,131"/><W124/><G122/><T42/><D133/><U90/><E3/><V60/><F101/><W100/><G131/><T2/><D115/><U119/><E110/><V62/><F80/><W10/><G28/><T13/><D2/><U85/><E119/><V6/><F66/><W129/><G129/><T127/><D127/><U39/><E39/><V79/><F79/><W1/><G124/><T113/><D113/><U26/><E32/><V105/><N who="2" m="26624" /><DORA hai="15" /><V35/><F6/><W18/><G18/><T71/><D71/><U118/><E118/><V5/><F5/><W40/><G40/><T59/><D42/><U112/><E112/><V81/><F81/><W114/><G114/><T132/><D132/><U84/><E56/><N who="0" m="21577" /><D61/><U33/><E33/><V53/><F53/><W82/><G82/><T65/><D65/><U93/><E17/><V11/><F35/><W108/><REACH who="3" step="1"/><G38/><REACH who="3" ten="95,459,360,76" step="2"/><T116/><D130/><U103/><E27/><V44/><F31/><W50/><G50/><T43/><D116/><U75/><E25/><V123/><F123/><W64/><G64/><T46/><D49/><U109/><E26/><V94/><F62/><W126/><G126/><T128/><D128/><U120/><E120/><V23/><F63/><W36/><G36/><T87/><D102/><U19/><E103/><V74/><F60/><W51/><G51/><T34/><D34/><U30/><E30/><V58/><F88/><W8/><G8/><AGARI ba="0,1" hai="4,8,13,43,46,48,87,89,95,96,97" m="21577" machi="8" ten="30,2000,0" yaku="8,1,52,1" doraHai="91,15" who="0" fromWho="3" sc="95,30,459,0,360,0,76,-20" owari="125,-27.0,459,55.0,360,16.0,56,-44.0" />
</Scene>
</mjloggm>