<mjloggm ver="2.3"><GO type="169" lobby="0"/><UN n0="%E3%81%AE%E3%81%A1%E3%82%86%E3%82%93" n1="%E3%81%8C%E3%83%BC%E3%81%AD%E3%81%A3%E3%81%A8" n2="%E4%BA%BA%E9%B3%A5%E4%BE%8D%E6%A5%B5" n3="%E5%A4%AA%E3%81%8F%E3%81%AA%E3%81%84%E3%81%8A" dan="16,17,17,17" rate="2056.11,2113.67,2202.99,2148.58" sx="M,M,M,M"/><TAIKYOKU oya="0"/>

<Scene>
<INIT seed="0,0,0,2,2,81" ten="250,250,250,250" oya="0" hai0="129,135,41,106,45,113,48,4,104,67,126,12,1" hai1="14,47,103,37,90,99,121,122,0,105,34,118,89" hai2="62,117,111,59,77,29,51,39,107,13,54,125,82" hai3="24,71,92,18,52,114,93,15,40,46,9,33,112"/><T98/><D113/><U69/><E118/><V127/><F107/><W94/><G71/><T20/><D135/><U55/><E69/><V119/><F39/><W116/><G116/><N who="2" m="44617" /><F111/><W120/><G120/><T27/><D129/><U19/><E34/><V132/><F29/><W101/><G101/><T97/><D1/><U79/><E0/><V76/><F132/><W60/><G33/><T86/><D67/><U31/><E31/><V36/><F36/><W7/><G24/><T50/><D50/><U95/><E79/><V2/><F2/><W70/><G7/><T110/><D126/><N who="2" m="48138" /><F13/><W74/><G74/><T23/><D106/><U22/><E90/><V8/><F8/><W133/><G133/><T75/><D104/><U10/><E10/><V124/><N who="2" m="48146" /><V109/><DORA hai="35" /><F109/><W63/><G63/><T58/><D12/><U17/><E17/><V85/><F77/><W16/><G18/><T100/><D110/><U6/><E6/><V128/><F128/><W53/><G70/><T57/><D4/><U108/><E108/><V115/><F115/><W32/><G32/><T28/><D28/><U26/><E14/><V78/><F78/><W134/><G134/><T68/><D68/><U72/><E72/><V84/><F62/><W96/><G60/><T44/><D75/><AGARI ba="0,0" hai="51,54,59,75,76,82,84,85" m="48146,44617" machi="75" ten="40,8000,1" yaku="12,1,18,1,52,2" doraHai="81,35" who="2" fromWho="0" sc="250,-80,250,0,250,80,250,0" />
</Scene>
<Scene>
<INIT seed="1,0,0,2,5,118" ten="170,250,330,250" oya="1" hai0="112,75,95,123,3,101,93,29,31,102,21,104,11" hai1="39,79,89,34,103,127,6,13,58,17,126,115,38" hai2="116,47,41,97,110,56,69,111,1,12,70,36,28" hai3="87,81,43,23,46,124,35,14,8,83,91,64,106"/><U76/><E115/><V60/><F116/><W52/><G35/><T94/><D75/><U90/><E34/><V74/><F1/><W0/><G106/><T33/><D112/><U121/><E103/><V114/><F74/><W134/><G0/><T86/><D33/><U128/><E6/><V61/><F28/><W5/><G134/><T85/><D104/><U119/><E119/><V18/><F97/><W40/><G124/><N who="1" m="47658" /><E128/><V20/><F114/><W71/><G71/><T133/><D133/><U107/><E107/><V108/><REACH who="2" step="1"/><F61/><REACH who="2" ten="170,250,320,250" step="2"/><W130/><G130/><T125/><D29/><U55/><E39/><V57/><F57/><W84/><G64/><AGARI ba="0,1" hai="12,18,20,36,41,47,56,60,64,69,70,108,110,111" machi="64" ten="40,8000,1" yaku="1,1,14,1,53,2" doraHai="118" doraHaiUra="65" who="2" fromWho="3" sc="170,0,250,0,320,90,250,-80" />
</Scene>
<Scene>
<INIT seed="2,0,0,3,4,87" ten="170,250,410,170" oya="2" hai0="115,108,74,65,103,134,93,43,28,32,131,68,83" hai1="58,49,126,45,117,29,96,1,82,90,102,27,25" hai2="53,61,35,120,39,100,8,132,13,92,71,51,107" hai3="14,101,135,16,110,85,127,36,73,86,104,123,70"/><V128/><F120/><W75/><G123/><T47/><D115/><U112/><E117/><V124/><F35/><W22/><G36/><T105/><D105/><U26/><E112/><V118/><F39/><W34/><G34/><T79/><D108/><U19/><E126/><V121/><F107/><W99/><G110/><T2/><D2/><U98/><E1/><V130/><F121/><W133/><G70/><T63/><D131/><U57/><E29/><V91/><F100/><W24/><G127/><T20/><D32/><U67/><E19/><V62/><F124/><W66/><G66/><T95/><D103/><U4/><E4/><N who="2" m="3207" /><F71/><W59/><G59/><N who="1" m="22538" /><E67/><V5/><F5/><W88/><G86/><T116/><D116/><U76/><E76/><V23/><F23/><W21/><G75/><T48/><D134/><N who="3" m="51209" /><G73/><T41/><D41/><N who="1" m="24751" /><E102/><V30/><F118/><W11/><G24/><T81/><D81/><AGARI ba="0,0" hai="11,14,16,21,22,81,85,88,99,101,104" m="51209" machi="81" ten="30,7700,0" yaku="20,1,52,1,54,2" doraHai="87" who="3" fromWho="0" sc="170,-77,250,0,410,0,170,77" />
</Scene>
<Scene>
<INIT seed="3,0,0,0,4,44" ten="93,250,410,247" oya="3" hai0="27,26,4,96,131,97,30,40,57,49,109,51,29" hai1="43,61,115,82,52,23,106,107,95,116,124,18,1" hai2="31,70,45,13,16,103,114,127,90,8,63,108,48" hai3="66,10,68,53,74,86,75,22,55,56,128,134,7"/><W118/><G118/><T85/><D109/><U42/><E115/><V14/><F108/><W2/><G134/><T62/><D131/><U84/><E1/><V104/><F114/><W79/><G128/><T34/><D4/><U28/><E124/><V59/><F31/><N who="0" m="11786" /><D34/><U102/><E116/><V35/><F35/><W25/><G68/><T38/><D38/><U5/><E28/><V120/><F70/><W101/><G101/><T60/><D85/><U135/><E135/><V123/><F127/><W73/><G66/><N who="0" m="39183" /><D62/><U41/><E5/><V94/><F104/><W105/><G105/><T32/><D32/><U132/><E132/><V15/><F103/><W113/><G113/><T58/><D58/><N who="1" m="35015" /><E106/><V76/><F76/><W50/><G55/><T9/><D9/><U122/><E122/><V37/><F37/><W81/><REACH who="3" step="1"/><G74/><REACH who="3" ten="93,250,410,237" step="2"/><T72/><D72/><U65/><E107/><V89/><F123/><W77/><G77/><T83/><D40/><U112/><E112/><V111/><F120/><W88/><G88/><T87/><D97/><U100/><E100/><V3/><F111/><W121/><G121/><T24/><D96/><U0/><E102/><V20/><F90/><AGARI ba="0,1" hai="24,26,27,49,51,83,87,90" m="39183,11786" machi="90" ten="30,3900,0" yaku="8,1,52,2" doraHai="44" who="0" fromWho="2" sc="93,49,250,0,410,-39,237,0" />
</Scene>
<Scene>
<INIT seed="4,0,0,1,3,90" ten="142,250,371,237" oya="0" hai0="12,15,73,47,18,129,14,123,44,41,25,51,102" hai1="67,61,115,96,89,50,52,109,131,58,86,43,36" hai2="31,126,91,3,66,107,72,46,81,74,33,35,49" hai3="116,97,42,68,53,88,100,87,70,5,76,121,111"/><T93/><D73/><U24/><E109/><V40/><F107/><W128/><G111/><T64/><D123/><U1/><E1/><V9/><F66/><W21/><G116/><T29/><D129/><U78/><E131/><V134/><F3/><W110/><G128/><T83/><D64/><U63/><E115/><V133/><F9/><W16/><G110/><T11/><D83/><U94/><E24/><V105/><F105/><W113/><G76/><T23/><D47/><U99/><E78/><V108/><F108/><W122/><G42/><T125/><D125/><U17/><E17/><V2/><F2/><W54/><G5/><T103/><D103/><U117/><E117/><V92/><F81/><N who="3" m="49263" /><G70/><T20/><D11/><U19/><E19/><V22/><F126/><W85/><G85/><T112/><D112/><U75/><E75/><V56/><F74/><W120/><G68/><T57/><D57/><N who="1" m="37359" /><E36/><V62/><F72/><W82/><G82/><T6/><D6/><U77/><E77/><V60/><F56/><W45/><G45/><AGARI ba="0,0" hai="43,45,50,52,58,61,86,89,94,96,99" m="37359" machi="45" ten="30,3900,0" yaku="8,1,52,1,54,1" doraHai="90" who="1" fromWho="3" sc="142,0,250,39,371,0,237,-39" />
</Scene>
<Scene>
<INIT seed="5,0,0,4,4,16" ten="142,289,371,198" oya="1" hai0="30,11,26,6,75,13,2,27,15,95,131,53,105" hai1="44,4,115,34,41,108,97,80,123,73,0,90,78" hai2="70,9,91,25,118,31,113,12,132,121,29,103,94" hai3="50,126,40,54,22,10,79,14,61,66,128,89,129"/><U55/><E123/><V120/><F118/><W116/><G116/><T69/><D105/><U134/><E115/><V110/><F70/><W100/><G126/><T93/><D69/><U87/><E134/><V60/><F110/><W63/><G100/><T33/><D75/><U112/><E112/><V45/><F113/><W124/><G124/><T35/><D131/><N who="3" m="50249" /><G79/><T111/><D111/><U71/><E71/><V130/><F60/><W65/><G40/><T32/><D53/><U17/><E34/><N who="0" m="13417" /><D95/><U72/><E108/><V76/><F76/><W67/><G89/><T106/><D93/><U84/><E17/><V122/><F103/><W7/><G22/><N who="0" m="15703" /><D106/><U127/><E127/><V68/><F68/><W86/><G86/><T62/><D62/><U64/><E87/><V101/><F101/><W5/><G5/><T58/><D58/><AGARI ba="0,0" hai="7,10,14,50,54,58,61,63,65,66,67" m="50249" machi="58" ten="30,1000,0" yaku="19,1" doraHai="16" who="3" fromWho="0" sc="142,-10,289,0,371,0,198,10" />
</Scene>
<Scene>
<INIT seed="6,0,0,2,0,21" ten="132,289,371,208" oya="2" hai0="92,14,124,22,23,3,75,111,108,109,56,7,36" hai1="4,41,24,102,15,33,35,62,112,91,84,128,135" hai2="53,66,77,49,125,122,131,79,58,32,39,134,83" hai3="54,40,78,96,43,5,88,82,17,127,70,9,51"/><V26/><F39/><W16/><G70/><T95/><D36/><U68/><E128/><V89/><F122/><W80/><G127/><T34/><D124/><U61/><E112/><V55/><F125/><W119/><G119/><T47/><D34/><U100/><E135/><V18/><F66/><W114/><G114/><T71/><D71/><U45/><E68/><V42/><F134/><W86/><G40/><T113/><D75/><U57/><E35/><V107/><F107/><W30/><G43/><T12/><D113/><U50/><E33/><V74/><F42/><W67/><G30/><T31/><D47/><U63/><E57/><V72/><F131/><W94/><G67/><T76/><D76/><U93/><E24/><V25/><F55/><W129/><G80/><T8/><D56/><U6/><REACH who="1" step="1"/><E15/><REACH who="1" ten="132,279,371,208" step="2"/><V73/><F32/><W85/><G129/><T103/><D3/><U106/><E106/><V69/><F69/><W20/><G20/><T90/><D14/><U97/><E97/><V65/><F26/><W19/><G96/><T10/><D10/><U1/><E1/><V59/><F25/><W105/><G105/><T115/><D115/><U120/><E120/><V11/><F11/><W64/><G64/><T46/><D46/><U118/><E118/><V38/><F65/><W48/><REACH who="3" step="1"/><G54/><REACH who="3" ten="132,279,371,198" step="2"/><T44/><D44/><U101/><AGARI ba="0,2" hai="4,6,41,45,50,61,62,63,84,91,93,100,101,102" machi="101" ten="30,4000,0" yaku="1,1,0,1,8,1,53,0" doraHai="21" doraHaiUra="121" who="1" fromWho="1" sc="132,-10,279,60,371,-20,198,-10" />
</Scene>
<Scene>
<INIT seed="7,0,0,1,3,59" ten="122,339,351,188" oya="3" hai0="90,74,14,61,52,123,105,46,65,35,0,129,60" hai1="80,50,57,103,91,113,16,88,72,6,114,67,58" hai2="122,109,132,125,66,25,87,9,116,20,115,17,11" hai3="21,29,89,135,81,98,86,82,106,44,41,56,134"/><W112/><G112/><T77/><D123/><U130/><E103/><V1/><F109/><W37/><G82/><T5/><D105/><U127/><E6/><V19/><F116/><W100/><G29/><T70/><D35/><U119/><E119/><V121/><F115/><N who="1" m="44041" /><E127/><V63/><F125/><W51/><G21/><T48/><D129/><U42/><E16/><N who="2" m="12423" /><F132/><N who="3" m="50731" /><G56/><N who="1" m="21610" /><E67/><V124/><F124/><W2/><G2/><T23/><D0/><U28/><E28/><V101/><F101/><W102/><G102/><T95/><D65/><U78/><E130/><V118/><F118/><W131/><G131/><T85/><D70/><U69/><E69/><N who="2" m="42207" /><F1/><W94/><G106/><T7/><D74/><U3/><E3/><V62/><F62/><N who="0" m="24170" /><D77/><U107/><E107/><V55/><F121/><W99/><G99/><T133/><D133/><U24/><E24/><V54/><F122/><W32/><G32/><T13/><D23/><U22/><E22/><V45/><F11/><W71/><G71/><T92/><D92/><U73/><E73/><V117/><F9/><W76/><G76/><T43/><D43/><U83/><E83/><V96/><F117/><W15/><G15/><AGARI ba="0,0" hai="5,7,13,14,15,46,48,52,85,90,95" m="24170" machi="15" ten="30,8000,1" yaku="8,1,52,3,54,1" doraHai="59" who="0" fromWho="3" sc="122,80,339,0,351,0,188,-80" owari="202,-20.0,339,14.0,351,45.0,108,-39.0" />
</Scene>
</mjloggm>