<mjloggm ver="2.3"><GO type="169" lobby="0"/><UN n0="%E3%82%82%E3%82%84%E3%81%97%E3%82%82%E3%82%93" n1="%E3%83%81%E3%83%81%E3%82%AB%E3%82%AB%E6%B9%96" n2="%E5%A4%AA%E3%81%8F%E3%81%AA%E3%81%84%E3%81%8A" n3="%E3%82%A2%E3%83%8B%E3%82%BD%E3%83%B3%E5%A5%BD%E3%81%8D" dan="16,16,17,16" rate="2147.38,2168.78,2165.15,2037.96" sx="F,M,M,F"/><TAIKYOKU oya="0"/>

<Scene>
<INIT seed="0,0,0,4,2,12" ten="250,250,250,250" oya="0" hai0="27,95,34,122,22,118,117,17,35,58,63,62,110" hai1="50,7,121,4,6,10,59,82,64,124,108,51,48" hai2="85,106,76,1,84,112,97,33,86,5,45,24,134" hai3="9,81,77,73,75,3,116,126,70,135,130,28,38"/><T114/><D114/><U119/><E119/><V61/><F112/><W11/><G116/><T88/><D122/><U69/><E121/><V53/><F134/><W21/><G70/><T99/><D63/><U128/><E108/><V49/><F1/><W132/><G38/><T115/><D115/><U123/><E123/><V89/><F5/><W72/><G130/><T29/><D110/><U90/><E128/><V94/><F106/><W109/><G109/><T0/><D0/><U16/><E124/><V131/><F131/><W55/><G126/><T37/><D37/><U120/><E120/><V19/><F61/><W52/><G28/><T98/><D35/><U125/><E125/><V32/><REACH who="2" step="1"/><F76/><REACH who="2" ten="250,250,240,250" step="2"/><W113/><G113/><T18/><D34/><U30/><E4/><V39/><F39/><W23/><G3/><T93/><D118/><U105/><E105/><V40/><F40/><W68/><G77/><T87/><D117/><U47/><E6/><V54/><F54/><N who="3" m="20523" /><G68/><T92/><D87/><N who="1" m="50551" /><E69/><V66/><F66/><W57/><G73/><T2/><D2/><U111/><E64/><V56/><F56/><W60/><G57/><T41/><D41/><U26/><E59/><V25/><F25/><W13/><G60/><T133/><D133/><U91/><E111/><V44/><F44/><W129/><G129/><T101/><D93/><U103/><E47/><V74/><F74/><N who="3" m="28203" /><G81/><T65/><AGARI ba="0,1" hai="17,18,22,27,29,58,62,65,88,92,95,98,99,101" machi="65" ten="20,24000,3" yaku="0,1,7,1,25,2,8,1,52,2,54,1" doraHai="12" who="0" fromWho="0" sc="250,250,250,-80,240,-80,250,-80" />
</Scene>
<Scene>
<INIT seed="0,1,0,3,5,40" ten="500,170,160,170" oya="0" hai0="65,75,103,94,4,60,2,125,132,32,128,84,99" hai1="82,117,24,110,129,76,30,57,77,134,135,100,45" hai2="27,74,62,56,49,48,13,108,64,3,111,61,29" hai3="39,69,116,17,109,93,41,67,98,15,47,79,66"/><T18/><D75/><U54/><E117/><V11/><F74/><W121/><G116/><T31/><D125/><U71/><E71/><V119/><F3/><W92/><G109/><N who="2" m="42057" /><F61/><W104/><G121/><T59/><D128/><U96/><E110/><V91/><F91/><W68/><G79/><T14/><D132/><U12/><E129/><V44/><F119/><W28/><G28/><T89/><D2/><U112/><E77/><V114/><F114/><W23/><G104/><T97/><D4/><U107/><E112/><V81/><F81/><W127/><G127/><T63/><D63/><U8/><E82/><V131/><F131/><W35/><G35/><T126/><D126/><U113/><E76/><V124/><F44/><W6/><G6/><T105/><D97/><U46/><E113/><V87/><F87/><W73/><G73/><T50/><D50/><U80/><E80/><V38/><F38/><W51/><G39/><T130/><D130/><U85/><E85/><V133/><F133/><W90/><REACH who="3" step="1"/><G92/><REACH who="3" ten="500,170,160,160" step="2"/><T10/><D32/><U21/><E135/><V120/><F120/><W102/><G102/><T7/><D31/><U101/><E101/><V106/><F106/><W5/><G5/><T22/><REACH who="0" step="1"/><D7/><REACH who="0" ten="490,170,160,160" step="2"/><U88/><E134/><V34/><F124/><W53/><G53/><T20/><AGARI ba="1,2" hai="10,14,18,20,22,59,60,65,84,89,94,99,103,105" machi="20" ten="30,6000,0" yaku="1,1,2,1,0,1,53,0" doraHai="40" doraHaiUra="37" who="0" fromWho="0" sc="490,83,170,-21,160,-21,160,-21" />
</Scene>
<Scene>
<INIT seed="0,2,0,0,1,120" ten="573,149,139,139" oya="0" hai0="38,107,42,56,48,79,10,3,34,92,61,132,62" hai1="109,73,60,54,115,116,14,135,119,20,35,11,49" hai2="59,0,24,4,117,7,22,112,6,93,88,39,51" hai3="102,21,85,25,65,94,78,106,123,31,84,43,37"/><T69/><D107/><U75/><E35/><V76/><F39/><W64/><G123/><T63/><D34/><U87/><E73/><V95/><F112/><W128/><G106/><T118/><D118/><U8/><E75/><V68/><F68/><W45/><G128/><T66/><D79/><U129/><E129/><V110/><F117/><W12/><G78/><T47/><D92/><U9/><E115/><V77/><F0/><W122/><G122/><T133/><D10/><U1/><E60/><N who="0" m="23145" /><D3/><U114/><E114/><V99/><F110/><W86/><REACH who="3" step="1"/><G12/><REACH who="3" ten="573,149,139,129" step="2"/><T89/><D89/><U82/><E1/><V81/><F76/><W134/><G134/><T13/><D13/><U50/><E135/><V124/><F77/><W130/><G130/><T131/><D131/><U33/><E14/><V36/><F88/><W46/><G46/><T83/><D83/><U100/><E82/><V108/><F81/><W111/><G111/><T32/><D32/><U2/><E33/><V40/><F108/><W127/><G127/><T71/><D71/><U41/><E109/><V44/><F124/><W72/><G72/><T58/><D58/><U30/><E2/><V5/><F59/><W101/><G101/><T28/><D132/><U55/><E100/><V19/><F44/><W29/><G29/><T80/><D133/><U103/><E103/><V70/><F70/><W27/><G27/><T98/><D80/><U125/><E119/><V16/><F24/><W26/><G26/><T97/><D28/><U91/><E116/><V96/><F95/><W104/><G104/><T67/><D69/><RYUUKYOKU ba="2,1" sc="573,-10,149,-10,139,-10,129,30" hai3="21,25,31,37,43,45,64,65,84,85,86,94,102" />
</Scene>
<Scene>
<INIT seed="1,3,1,5,4,135" ten="563,139,129,159" oya="1" hai0="0,22,52,89,116,48,67,82,78,99,107,70,94" hai1="84,63,41,60,129,65,42,95,72,86,3,44,98" hai2="114,12,57,103,54,68,125,49,27,102,93,101,66" hai3="51,108,83,7,119,132,130,55,30,92,33,73,34"/><U47/><E72/><V21/><F114/><W20/><G132/><T1/><D116/><U2/><E129/><V123/><F123/><W113/><G113/><T122/><D122/><U36/><E2/><V105/><F105/><W62/><G108/><T5/><D22/><U75/><E75/><V120/><F120/><W97/><G7/><T59/><D5/><U45/><E3/><V104/><F104/><W76/><G130/><T96/><D70/><U16/><E16/><N who="2" m="12711" /><F68/><W43/><G119/><T46/><D107/><U131/><E131/><V28/><F28/><W79/><G79/><T117/><D117/><U80/><E36/><V39/><F39/><W8/><G8/><T50/><D96/><U40/><E65/><V106/><F106/><W18/><G30/><T74/><D67/><U53/><E53/><AGARI ba="3,1" hai="0,1,46,48,50,52,53,59,74,78,82,89,94,99" machi="53" ten="30,2000,0" yaku="7,1,54,1" doraHai="135" who="0" fromWho="1" sc="563,39,139,-29,129,0,159,0" />
</Scene>
<Scene>
<INIT seed="2,0,0,2,4,33" ten="602,110,129,159" oya="2" hai0="73,8,28,96,35,50,105,55,24,34,21,108,124" hai1="77,98,56,16,12,99,125,82,7,64,100,62,104" hai2="26,72,22,68,4,135,1,109,110,106,78,130,54" hai3="3,87,132,81,86,53,91,118,63,49,122,84,58"/><V117/><F106/><W13/><G122/><T90/><D108/><N who="2" m="41578" /><F68/><W123/><G123/><T14/><D73/><U44/><E125/><V25/><F117/><W112/><G118/><T93/><D105/><U95/><E7/><V31/><F135/><W0/><G132/><T85/><D124/><U10/><E44/><V41/><F41/><W18/><G112/><T2/><D2/><U20/><E20/><N who="2" m="15783" /><F54/><W129/><G129/><T120/><D120/><U11/><E11/><N who="2" m="2447" /><F130/><W94/><G63/><T88/><D35/><U111/><E111/><V113/><F113/><W79/><REACH who="3" step="1"/><G87/><REACH who="3" ten="602,110,129,149" step="2"/><T46/><D34/><U60/><E60/><V126/><F126/><W57/><G57/><T17/><D85/><U76/><REACH who="1" step="1"/><E82/><REACH who="1" ten="602,100,129,149" step="2"/><N who="2" m="45383" /><F22/><AGARI ba="0,2" hai="0,3,13,18,22,49,53,58,79,81,84,86,91,94" machi="22" ten="30,12000,2" yaku="1,1,7,1,25,2,52,2,53,0" doraHai="33" doraHaiUra="127" who="3" fromWho="2" sc="602,0,100,0,129,-120,149,140" />
</Scene>
<Scene>
<INIT seed="3,0,0,4,4,31" ten="602,100,9,289" oya="3" hai0="105,53,22,43,73,57,36,84,20,98,82,60,102" hai1="55,92,17,59,97,64,49,114,123,26,46,133,103" hai2="12,61,111,24,15,124,39,5,74,71,135,63,40" hai3="118,132,68,58,93,104,66,69,117,2,9,99,81"/><W62/><G104/><T113/><D113/><U50/><E123/><V13/><F74/><W28/><G132/><T25/><D73/><U30/><E133/><V121/><F135/><W23/><G81/><T7/><D7/><U78/><E114/><V3/><F121/><W112/><G112/><T83/><D82/><U72/><E17/><V70/><F111/><W32/><G32/><T16/><D22/><U10/><E10/><V41/><F124/><W1/><G9/><T11/><D11/><U21/><E72/><V116/><F5/><W48/><G48/><T96/><D96/><U6/><E6/><V52/><F3/><W51/><G51/><T94/><D36/><U29/><E78/><V79/><F79/><W110/><G110/><T45/><D105/><U126/><E126/><V85/><F116/><W95/><G95/><T0/><D0/><N who="3" m="105" /><G69/><T35/><D35/><U125/><E125/><V119/><F119/><W77/><G68/><N who="2" m="26153" /><F39/><W90/><G77/><N who="0" m="46191" /><D45/><U14/><E46/><V86/><F24/><N who="3" m="16415" /><G90/><T91/><D43/><N who="2" m="16458" /><F52/><W42/><G42/><T18/><D102/><U127/><E103/><V120/><F120/><W130/><G118/><T100/><D100/><U106/><E127/><V75/><F75/><W108/><G117/><T128/><D18/><U101/><E106/><V88/><F88/><N who="3" m="55719" /><G108/><T76/><D76/><U89/><E101/><V67/><F67/><W54/><G66/><T8/><D8/><U19/><E64/><V56/><F56/><W44/><G44/><T38/><D38/><U129/><E59/><V109/><F109/><W34/><G34/><RYUUKYOKU ba="0,0" sc="602,10,100,-30,9,10,289,10" hai0="16,20,25,53,57,60,91,94,98,128" hai2="12,13,15,61,63,85,86" hai3="54,58,62,130" />
</Scene>
<Scene>
<INIT seed="3,1,0,3,1,116" ten="612,70,19,299" oya="3" hai0="54,98,127,77,47,6,133,28,125,115,57,104,93" hai1="16,72,35,99,59,10,123,44,135,56,34,68,45" hai2="55,27,4,23,88,107,7,1,122,90,92,121,40" hai3="25,58,96,112,103,119,128,30,118,105,64,83,81"/><W74/><G112/><T15/><D133/><U80/><E68/><V21/><F107/><W60/><G128/><T48/><D115/><U9/><E99/><V20/><F40/><W87/><G74/><T89/><D28/><U86/><E72/><V75/><F75/><W109/><G109/><T108/><D77/><U31/><E123/><N who="2" m="47115" /><F55/><W78/><G81/><T134/><D134/><U5/><E135/><V29/><F90/><W52/><G64/><T94/><D104/><U76/><E45/><V41/><F41/><W51/><G60/><T17/><D6/><N who="2" m="2090" /><F1/><W14/><G119/><T67/><D108/><U97/><E44/><V63/><F63/><W22/><G118/><T113/><D113/><U38/><E38/><V24/><F29/><W18/><G30/><T43/><D67/><U114/><E114/><V70/><F70/><W11/><G105/><T130/><D89/><U69/><E69/><V126/><F126/><W39/><G39/><T120/><D120/><U100/><E31/><V106/><F106/><W37/><G37/><T0/><D0/><U53/><E53/><V124/><F124/><W61/><G61/><T62/><D43/><U49/><E49/><V111/><F111/><W84/><G51/><T33/><D48/><U3/><E56/><V102/><F102/><W8/><G58/><T82/><D57/><U36/><E59/><V91/><F88/><W2/><G2/><T95/><D47/><U26/><E36/><V79/><F79/><W131/><G78/><T66/><D62/><U12/><E76/><V129/><F129/><W101/><G131/><RYUUKYOKU ba="1,0" sc="612,-10,70,-10,19,30,299,-10" hai2="20,21,23,24,27,91,92" />
</Scene>
<Scene>
<INIT seed="4,2,0,4,4,0" ten="602,60,49,289" oya="0" hai0="19,14,119,97,55,59,114,75,106,120,79,88,35" hai1="71,34,13,76,56,87,115,38,45,42,39,62,36" hai2="6,91,98,99,41,11,101,131,94,30,57,135,4" hai3="54,82,24,53,118,85,93,126,95,73,48,121,113"/><T44/><D119/><U133/><E34/><V46/><F135/><W9/><G118/><T29/><D120/><U112/><E133/><V27/><F57/><W12/><G121/><T58/><D114/><N who="1" m="43563" /><E71/><V47/><F131/><W21/><G73/><T52/><D29/><U63/><E13/><V78/><F78/><W83/><G83/><T51/><D35/><U110/><E110/><V32/><F11/><W15/><G15/><T50/><D75/><U18/><E18/><V26/><F26/><W108/><G126/><T107/><D79/><U37/><E56/><V65/><F65/><W124/><G124/><T43/><D97/><U80/><AGARI ba="2,0" hai="36,37,38,39,42,45,62,63,76,80,87" m="43563" machi="80" ten="40,2700,0" yaku="15,1,11,1" doraHai="0" who="1" fromWho="1" sc="602,-15,60,33,49,-9,289,-9" />
</Scene>
<Scene>
<INIT seed="5,0,0,0,2,116" ten="587,93,40,280" oya="1" hai0="23,61,0,94,53,11,3,56,30,33,132,135,70" hai1="87,55,97,105,96,52,101,21,84,123,27,104,83" hai2="25,88,9,51,34,82,17,29,47,118,39,117,57" hai3="26,67,16,134,91,100,79,106,80,12,14,40,69"/><U102/><E123/><V6/><F39/><W48/><G134/><N who="0" m="51243" /><D33/><U49/><E49/><V46/><F57/><W20/><G91/><T58/><D70/><U19/><REACH who="1" step="1"/><E87/><REACH who="1" ten="587,83,40,280" step="2"/><V54/><F47/><W121/><G48/><T44/><D44/><U99/><E99/><V2/><REACH who="2" step="1"/><F17/><REACH who="2" ten="587,83,30,280" step="2"/><W92/><G16/><T113/><D113/><U119/><E119/><V110/><F110/><W124/><G69/><T64/><D30/><U131/><E131/><V35/><F35/><W98/><G124/><T4/><D4/><U42/><E42/><V31/><F31/><W78/><G40/><T75/><D75/><U63/><E63/><V126/><F126/><W13/><G98/><T41/><D41/><U1/><E1/><V86/><AGARI ba="0,2" hai="2,6,9,25,29,34,46,51,54,82,86,88,117,118" machi="86" ten="30,7900,0" yaku="1,1,0,1,54,1,53,1" doraHai="116" doraHaiUra="45" who="2" fromWho="2" sc="587,-20,83,-39,30,99,280,-20" />
</Scene>
<Scene>
<INIT seed="6,0,0,4,3,15" ten="567,44,129,260" oya="2" hai0="46,58,61,30,126,131,49,117,119,43,79,85,110" hai1="64,104,53,12,10,74,63,77,94,11,98,108,26" hai2="54,68,134,41,125,20,40,91,55,129,106,92,25" hai3="14,130,105,122,18,86,90,69,127,57,17,83,103"/><V128/><F106/><W8/><G69/><T4/><D110/><U35/><E108/><V24/><F68/><W1/><G122/><T132/><D126/><U16/><E104/><V97/><F125/><W95/><G1/><T19/><D131/><N who="2" m="50250" /><F134/><W36/><G36/><T112/><D132/><U100/><E53/><N who="2" m="19979" /><F25/><W3/><G3/><T116/><D112/><U102/><E100/><V114/><F114/><W73/><G130/><T96/><D30/><AGARI ba="0,0" hai="20,24,30,40,41,91,92,97" m="19979,50250" machi="30" ten="30,1500,0" yaku="19,1" doraHai="15" who="2" fromWho="0" sc="567,-15,44,0,129,15,260,0" />
</Scene>
<Scene>
<INIT seed="6,1,0,3,5,134" ten="552,44,144,260" oya="2" hai0="53,57,32,15,74,90,120,46,124,9,113,107,102" hai1="6,48,82,64,31,78,116,14,0,122,13,34,47" hai2="71,7,80,18,112,59,16,99,65,69,103,25,133" hai3="54,20,108,27,97,72,131,40,125,19,70,61,114"/><V21/><F133/><W66/><G108/><T85/><D120/><U44/><E116/><V67/><F112/><W130/><G125/><T84/><D124/><U132/><E132/><V91/><F7/><W96/><G72/><T38/><D74/><U10/><E122/><V104/><F18/><W73/><G73/><T12/><D32/><U110/><E110/><V56/><F67/><W26/><G114/><T62/><D113/><U115/><E115/><V8/><F8/><W105/><G40/><T33/><D33/><U60/><E34/><V30/><F30/><W35/><G54/><T126/><D126/><U98/><E98/><V81/><F81/><W94/><G94/><T86/><D9/><U11/><E31/><V117/><F117/><W100/><G97/><T17/><D102/><U51/><E51/><V83/><F83/><W87/><G87/><T5/><D107/><U52/><E44/><V41/><F41/><W45/><G45/><T119/><D5/><U75/><REACH who="1" step="1"/><E11/><REACH who="1" ten="552,34,144,260" step="2"/><V77/><F99/><W118/><G118/><T76/><D46/><U109/><E109/><V22/><F22/><W63/><G61/><T49/><D62/><U3/><E3/><V28/><F21/><W50/><G50/><T106/><D49/><U36/><E36/><V55/><F28/><AGARI ba="1,1" hai="19,20,26,27,28,35,63,66,70,96,100,105,130,131" machi="28" ten="40,2600,0" yaku="25,2" doraHai="134" who="3" fromWho="2" sc="552,0,34,0,144,-29,260,39" />
</Scene>
<Scene>
<INIT seed="7,0,0,2,2,12" ten="552,34,115,299" oya="3" hai0="1,48,123,76,63,113,57,82,105,27,59,115,135" hai1="80,81,3,68,46,62,6,77,111,96,31,84,66" hai2="128,43,61,117,87,75,21,20,60,108,45,24,35" hai3="129,47,78,125,130,94,41,22,110,107,131,90,72"/><W34/><G34/><T97/><D123/><U0/><E111/><V33/><F75/><W2/><G107/><T28/><D1/><U4/><E0/><V101/><F108/><W58/><G125/><T32/><D135/><U39/><E3/><V50/><F117/><W71/><G71/><T40/><D40/><U73/><E39/><V104/><F128/><W92/><G2/><T56/><D48/><U53/><E73/><V79/><F104/><W91/><G110/><T83/><D63/><U65/><E68/><V23/><F101/><W36/><G58/><T114/><D76/><U25/><E96/><V112/><F112/><W74/><G22/><N who="2" m="8809" /><F33/><W99/><REACH who="3" step="1"/><G78/><REACH who="3" ten="552,34,115,289" step="2"/><T89/><D105/><U52/><E80/><N who="2" m="47519" /><F35/><W70/><G70/><T13/><D83/><U95/><E95/><V10/><F10/><W120/><G120/><T102/><D82/><U51/><E31/><AGARI ba="0,1" hai="23,24,31,43,45,50,60,61" m="47519,8809" machi="31" ten="30,1000,0" yaku="8,1" doraHai="12" who="2" fromWho="1" sc="552,0,34,-10,115,20,289,0" owari="552,65.0,24,-48.0,135,-26.0,289,9.0" />
</Scene>
</mjloggm>