<mjloggm ver="2.3"><GO type="169" lobby="0"/><UN n0="%E5%A4%AA%E3%81%8F%E3%81%AA%E3%81%84%E3%81%8A" n1="%EF%BD%9E%E5%8D%83%E5%B9%B4%E4%BC%AF%E7%88%B5%EF%BD%9E" n2="%E7%8B%AC%E6%AD%A9" n3="%E3%81%9E%E3%82%8B%E3%83%BC%E3%81%9F" dan="17,16,20,16" rate="2190.28,2062.18,2179.49,2049.84" sx="M,M,M,M"/><TAIKYOKU oya="0"/>

<Scene>
<INIT seed="0,0,0,0,4,1" ten="250,250,250,250" oya="0" hai0="87,95,28,105,93,15,82,2,125,69,31,26,14" hai1="13,24,80,36,32,56,109,46,5,20,131,70,97" hai2="45,124,96,121,76,55,38,34,120,103,61,74,44" hai3="17,135,49,60,10,18,52,21,35,127,59,85,64"/><T54/><D105/><U30/><E70/><V48/><F34/><W68/><G35/><T101/><D2/><U6/><E109/><V130/><F130/><W50/><G135/><T73/><D73/><U133/><E133/><V53/><F124/><W119/><G127/><T128/><D69/><U25/><E131/><V104/><F76/><W67/><G119/><T29/><D128/><U129/><E129/><V75/><F38/><W94/><G68/><T63/><D26/><U106/><E56/><V7/><F7/><W113/><G113/><T102/><D63/><U126/><E126/><V8/><F8/><W98/><G85/><T11/><D54/><U16/><E13/><V22/><F22/><W71/><G71/><T88/><D15/><U19/><E19/><N who="3" m="7178" /><G21/><T40/><D40/><U107/><E80/><V122/><F61/><W77/><G77/><T108/><D108/><U33/><E33/><V114/><F114/><W134/><G10/><T92/><D125/><U89/><E106/><V37/><F37/><W117/><G117/><T0/><D0/><U66/><E107/><V65/><F65/><N who="3" m="25163" /><G134/><T123/><D123/><U39/><E66/><V91/><F91/><AGARI ba="0,0" hai="49,50,52,59,60,91,94,98" m="25163,7178" machi="91" ten="30,2000,0" yaku="8,1,54,1" doraHai="1" who="3" fromWho="2" sc="250,0,250,0,250,-20,250,20" />
</Scene>
<Scene>
<INIT seed="1,0,0,5,1,61" ten="250,250,230,270" oya="1" hai0="40,79,21,90,132,84,47,53,72,45,118,134,30" hai1="133,85,11,77,70,125,3,15,26,18,66,106,9" hai2="59,31,23,80,14,96,74,104,98,38,4,36,99" hai3="33,68,94,25,19,64,83,63,89,7,41,108,75"/><U86/><E106/><V97/><F104/><W126/><G108/><T5/><D118/><U56/><E70/><V107/><F107/><W16/><G41/><T32/><D32/><U34/><E125/><V131/><F131/><W111/><G111/><T24/><D5/><U105/><E105/><V55/><N who="2" m="24576" /><DORA hai="123" /><V0/><F0/><W57/><G7/><T120/><D120/><U114/><E114/><V102/><F102/><W110/><G110/><T42/><D79/><U117/><E117/><V122/><F122/><W69/><G126/><T88/><D72/><U52/><E133/><N who="0" m="51305" /><D90/><U13/><E3/><V135/><F135/><W37/><G37/><T49/><D47/><U27/><E66/><V121/><F121/><W115/><G115/><T46/><D46/><U73/><E73/><V28/><F36/><W124/><G124/><T1/><D1/><U22/><E34/><V116/><F38/><W87/><G68/><T17/><D30/><N who="1" m="17751" /><E77/><V50/><F116/><W127/><G127/><T93/><AGARI ba="0,0" hai="17,21,24,40,42,45,49,53,84,88,93" m="51305" machi="93" ten="30,2000,0" yaku="20,1,54,1" doraHai="61,123" who="0" fromWho="0" sc="250,20,250,-10,230,-5,270,-5" />
</Scene>
<Scene>
<INIT seed="2,0,0,4,3,130" ten="270,240,225,265" oya="2" hai0="27,54,38,56,99,21,87,67,132,70,53,51,85" hai1="34,103,28,112,15,71,89,32,96,122,20,125,6" hai2="127,124,73,7,11,121,126,92,131,119,43,95,80" hai3="5,117,111,23,91,100,135,46,69,86,61,12,26"/><V133/><F131/><W113/><G111/><T134/><D38/><U22/><E71/><V94/><F119/><W98/><G46/><T123/><D123/><U4/><E89/><V42/><F121/><W1/><G1/><T76/><D70/><U78/><E78/><N who="2" m="44111" /><F133/><N who="0" m="51306" /><D67/><U118/><E96/><V41/><F11/><W128/><G128/><T129/><D129/><U88/><E88/><V47/><F7/><W120/><G120/><T3/><D3/><U40/><E40/><V8/><F8/><W107/><G113/><T82/><D99/><U25/><E103/><V9/><F9/><W108/><G108/><T90/><D54/><U10/><E112/><V81/><F81/><W37/><G37/><AGARI ba="0,0" hai="37,41,42,43,47,92,94,95,124,126,127" m="44111" machi="37" ten="40,2000,0" yaku="18,1" doraHai="130" who="2" fromWho="3" sc="270,0,240,0,225,20,265,-20" />
</Scene>
<Scene>
<INIT seed="2,1,0,2,5,89" ten="270,240,245,245" oya="2" hai0="117,12,110,61,31,66,95,43,8,50,115,119,2" hai1="22,109,133,19,30,47,49,44,33,122,90,87,10" hai2="98,29,9,118,103,107,58,113,100,54,74,70,6" hai3="55,24,121,101,81,7,76,102,17,52,21,4,94"/><V68/><F113/><W20/><G121/><T96/><D2/><U112/><E112/><V124/><F118/><N who="0" m="45066" /><D115/><U111/><E122/><V64/><F74/><W18/><G81/><T0/><D0/><U48/><E10/><V79/><F79/><W73/><G76/><T129/><D110/><N who="1" m="41995" /><E30/><V37/><F37/><W71/><G71/><T38/><D38/><U106/><E106/><V92/><F29/><W5/><G73/><T56/><D31/><U116/><E33/><V63/><F124/><W14/><G102/><T85/><D85/><U60/><E60/><V53/><F68/><W69/><G69/><T25/><D25/><N who="1" m="14559" /><E133/><V93/><F103/><W41/><G41/><T51/><D43/><U35/><E35/><V11/><F54/><W99/><AGARI ba="1,0" hai="4,5,7,14,17,18,20,21,24,52,55,94,99,101" machi="99" ten="30,7900,0" yaku="0,1,8,1,52,1,54,1" doraHai="89" who="3" fromWho="3" sc="270,-21,240,-21,245,-40,245,82" />
</Scene>
<Scene>
<INIT seed="3,0,0,0,5,125" ten="249,219,205,327" oya="3" hai0="23,87,95,74,92,94,88,61,104,48,73,49,68" hai1="10,24,40,133,39,114,99,112,62,47,38,80,134" hai2="18,30,13,107,90,120,8,82,16,66,31,33,50" hai3="20,72,77,106,85,55,17,127,6,123,101,1,67"/><W5/><G72/><T98/><D104/><U7/><E62/><V110/><F107/><W52/><G101/><T115/><D115/><U121/><E121/><V109/><F120/><W11/><G106/><T89/><D94/><U100/><E39/><V76/><F66/><W56/><G6/><T130/><D23/><U122/><E122/><V93/><F50/><W102/><G102/><T25/><D25/><U46/><E46/><V32/><F93/><W26/><G123/><T27/><D27/><U57/><E57/><V34/><F90/><W44/><G44/><T135/><D135/><N who="1" m="51723" /><E24/><V113/><F113/><W96/><G96/><T29/><D29/><N who="2" m="10762" /><F82/><W28/><G127/><T69/><D61/><U9/><E9/><N who="2" m="6191" /><F76/><W36/><G36/><T126/><D126/><U103/><E80/><V119/><F119/><W59/><G67/><T84/><REACH who="0" step="1"/><D98/><REACH who="0" ten="239,219,205,327" step="2"/><U129/><E99/><V131/><F110/><W70/><G28/><T78/><D78/><U63/><E63/><V111/><F111/><W64/><G77/><T116/><D116/><U4/><E112/><V83/><F109/><W75/><G70/><T41/><D41/><U2/><E114/><V15/><F83/><W43/><G43/><T42/><D42/><U81/><E81/><V86/><F86/><W0/><G85/><T108/><D108/><U54/><E40/><V124/><F124/><W97/><G97/><T21/><D21/><U12/><E100/><V37/><F37/><W35/><G20/><T53/><D53/><U71/><E38/><V91/><F91/><W45/><G55/><T60/><D60/><RYUUKYOKU ba="0,1" sc="239,15,219,-15,205,15,327,-15" hai0="48,49,68,69,73,74,84,87,88,89,92,95,130" hai2="8,15,18,32,33,34,131" />
</Scene>
<Scene>
<INIT seed="4,1,1,3,5,98" ten="254,204,220,312" oya="0" hai0="15,40,61,70,102,114,103,79,72,127,126,133,69" hai1="113,62,0,128,13,63,50,6,74,17,82,110,3" hai2="78,77,130,34,115,19,134,135,25,71,125,129,24" hai3="67,9,83,117,73,118,20,132,49,80,39,121,54"/><T51/><D72/><U26/><E110/><V105/><F71/><N who="0" m="27146" /><D79/><N who="2" m="30218" /><F105/><W75/><G39/><T58/><D15/><U93/><E74/><V8/><F34/><W111/><G111/><T116/><D116/><U86/><E82/><V35/><F35/><W81/><G20/><T11/><D11/><U48/><E26/><N who="2" m="10347" /><F115/><W55/><G67/><N who="0" m="39351" /><D114/><U107/><E13/><N who="2" m="7591" /><F125/><N who="0" m="47626" /><D133/><AGARI ba="1,1" hai="129,130,133,134,135" m="7591,10347,30218" machi="133" ten="30,1000,0" yaku="20,1" doraHai="98" who="2" fromWho="0" sc="254,-13,204,0,220,23,312,0" />
</Scene>
<Scene>
<INIT seed="5,0,0,1,5,44" ten="241,204,243,312" oya="1" hai0="71,39,67,96,112,104,100,60,5,108,116,70,94" hai1="54,16,107,87,27,38,6,21,74,19,81,52,36" hai2="59,55,14,85,29,84,35,24,57,98,3,93,121" hai3="51,90,127,50,72,102,33,124,134,62,42,68,79"/><U118/><E118/><V103/><F3/><W28/><G102/><T10/><D116/><U32/><E107/><V49/><F121/><W23/><G33/><T132/><D108/><U91/><E32/><V76/><F76/><W43/><G79/><T66/><D112/><U56/><E6/><V73/><F73/><W69/><G72/><T18/><D132/><U0/><E0/><V20/><F35/><W86/><G134/><T12/><D39/><U40/><E74/><V120/><F120/><W113/><G113/><T1/><D67/><U111/><E111/><V99/><F14/><W115/><G115/><T7/><D7/><U4/><E4/><V41/><F41/><N who="3" m="15371" /><G23/><T64/><D64/><U133/><E133/><V30/><F30/><W47/><G28/><T117/><D117/><U97/><E97/><V126/><F126/><N who="3" m="48171" /><G47/><T17/><D104/><U2/><E2/><V105/><F59/><W58/><G69/><T125/><D125/><U129/><E56/><V123/><F123/><W92/><G68/><T45/><D45/><U77/><E77/><V75/><F75/><W89/><G89/><AGARI ba="0,0" hai="20,24,29,49,55,57,84,85,89,93,98,99,103,105" machi="89" ten="30,2000,0" yaku="7,1,52,1" doraHai="44" who="2" fromWho="3" sc="241,0,204,0,243,20,312,-20" />
</Scene>
<Scene>
<INIT seed="6,0,0,5,0,42" ten="241,204,263,292" oya="2" hai0="87,73,43,96,44,56,60,78,80,105,75,3,48" hai1="76,34,55,12,46,71,41,128,52,98,122,26,49" hai2="24,27,70,100,2,104,91,18,67,54,68,19,89" hai3="94,110,95,21,113,16,45,62,47,37,121,32,106"/><V103/><F54/><N who="1" m="20521" /><E71/><V108/><F2/><W66/><G32/><T1/><D105/><U72/><E72/><V39/><F104/><W127/><G106/><T129/><D129/><U13/><E34/><V102/><F39/><W83/><G37/><T59/><D96/><U30/><E128/><V92/><F108/><W20/><G110/><T120/><D120/><U50/><E122/><V81/><F81/><W36/><G36/><T74/><REACH who="0" step="1"/><D56/><REACH who="0" ten="231,204,263,292" step="2"/><U0/><E98/><V115/><F68/><W126/><G121/><T85/><D85/><U6/><E0/><V109/><F109/><W112/><G83/><T119/><D119/><U10/><E76/><V125/><F70/><N who="3" m="42327" /><G94/><T7/><D7/><U17/><E30/><V117/><F117/><W86/><G86/><T133/><D133/><U11/><E49/><V130/><F130/><W90/><G95/><T8/><D8/><U118/><E118/><V123/><F92/><W132/><G132/><T77/><D77/><U29/><E29/><V23/><F123/><W53/><G90/><T14/><D14/><U9/><E11/><V97/><F97/><W40/><G21/><T31/><D31/><U79/><E79/><V33/><F33/><W69/><G69/><T51/><D51/><U35/><E35/><V124/><F23/><W135/><G135/><T131/><D131/><U38/><E38/><V4/><F103/><W93/><G93/><T64/><AGARI ba="0,1" hai="1,3,43,44,48,59,60,64,73,74,75,78,80,87" machi="64" ten="30,4000,0" yaku="1,1,0,1,52,1,53,0" doraHai="42" doraHaiUra="25" who="0" fromWho="0" sc="231,50,204,-10,263,-20,292,-10" />
</Scene>
<Scene>
<INIT seed="7,0,0,4,2,129" ten="281,194,243,282" oya="3" hai0="35,73,113,55,64,86,83,70,2,92,14,134,7" hai1="20,122,109,12,23,42,22,44,21,9,8,48,93" hai2="4,123,36,95,89,79,34,5,16,19,87,10,105" hai3="128,1,116,120,130,69,118,133,97,0,71,125,121"/><W52/><G97/><T6/><D35/><U100/><E109/><V82/><F34/><W26/><G26/><T78/><D2/><N who="3" m="1129" /><G52/><T41/><D113/><U104/><E104/><V96/><F36/><W45/><G45/><T37/><D55/><U60/><E122/><N who="3" m="47210" /><G125/><T67/><D37/><U81/><E81/><V43/><F43/><W61/><G133/><T38/><D134/><U124/><E124/><V102/><F123/><W66/><G71/><T15/><D38/><U30/><E60/><V54/><F54/><W94/><G94/><T110/><D41/><U56/><E56/><V88/><F89/><W77/><G77/><T59/><D70/><U91/><E100/><V24/><F24/><W40/><G40/><T31/><D59/><U107/><E107/><V117/><F117/><AGARI ba="0,0" hai="61,66,69,116,117,118,128,130" m="47210,1129" machi="117" ten="40,2000,0" yaku="23,1" doraHai="129" who="3" fromWho="2" sc="281,0,194,0,243,-20,282,20" owari="281,8.0,194,-31.0,223,-18.0,302,41.0" />
</Scene>
</mjloggm>