<mjloggm ver="2.3"><GO type="169" lobby="0"/><UN n0="%E9%81%8A%E8%B5%B0" n1="%E5%A4%AA%E3%81%8F%E3%81%AA%E3%81%84%E3%81%8A" n2="%62%61%6B%61%73%65" n3="%E5%AE%AE%E6%9C%AC%E4%BE%86%E5%A4%8F" dan="18,17,16,16" rate="2259.21,2176.42,2122.18,2107.71" sx="M,M,F,F"/><TAIKYOKU oya="0"/>

<Scene>
<INIT seed="0,0,0,4,3,39" ten="250,250,250,250" oya="0" hai0="96,44,105,124,13,22,115,76,15,6,68,118,101" hai1="75,19,100,53,129,130,87,65,102,61,56,11,23" hai2="98,8,9,114,59,135,82,109,40,4,54,48,90" hai3="37,63,29,34,7,117,126,73,72,112,131,80,5"/><T107/><D118/><U24/><E75/><V104/><F114/><W2/><G117/><T38/><D115/><U133/><E133/><V17/><F135/><W26/><G7/><T64/><D124/><U50/><E11/><V57/><F109/><W35/><G112/><T132/><D132/><U106/><E87/><V84/><F59/><W41/><G63/><T99/><D76/><U70/><REACH who="1" step="1"/><E106/><REACH who="1" ten="250,240,250,250" step="2"/><V62/><F104/><W58/><G73/><T79/><D107/><U125/><E125/><V30/><F9/><N who="3" m="2231" /><G126/><T122/><D105/><U36/><E36/><V3/><F8/><W12/><G72/><T108/><D38/><U134/><E134/><V1/><F84/><W97/><G37/><T55/><D108/><U20/><E20/><V91/><F3/><W47/><G34/><T16/><D22/><U33/><E33/><V14/><F1/><W103/><G35/><T119/><D119/><U111/><E111/><V45/><F4/><W94/><G80/><T85/><D6/><U93/><E93/><V78/><F82/><W81/><G81/><T60/><D85/><U86/><E86/><V25/><F78/><W83/><G83/><T89/><D79/><U0/><E0/><V51/><F91/><W123/><G94/><T67/><D89/><U32/><E32/><V66/><F90/><W69/><G103/><AGARI ba="0,1" hai="19,23,24,50,53,56,61,65,70,100,102,103,129,130" machi="103" ten="40,1300,0" yaku="1,1,53,0" doraHai="39" doraHaiUra="128" who="1" fromWho="3" sc="250,0,240,23,250,0,250,-13" />
</Scene>
<Scene>
<INIT seed="1,0,0,1,4,132" ten="250,263,250,237" oya="1" hai0="75,8,56,95,72,57,4,103,76,131,110,14,88" hai1="79,24,123,78,64,129,20,37,127,13,3,114,82" hai2="28,0,53,112,29,116,74,48,101,89,36,120,21" hai3="51,73,99,44,106,41,59,124,49,96,58,60,67"/><U39/><E3/><V62/><F36/><W18/><G73/><T52/><D110/><U42/><E114/><V6/><F74/><W40/><G106/><T16/><D131/><U63/><E123/><V5/><F120/><W130/><G130/><T17/><D75/><U55/><E129/><V104/><F104/><W23/><G124/><T121/><D121/><U117/><E117/><V35/><F101/><W128/><G128/><T77/><D57/><U81/><E13/><V30/><F35/><W119/><G119/><T94/><D95/><U31/><E55/><V15/><F0/><W47/><REACH who="3" step="1"/><G58/><REACH who="3" ten="250,263,250,227" step="2"/><T34/><D72/><U9/><E127/><V12/><F116/><W43/><G43/><T38/><D38/><U87/><E42/><V102/><F112/><W85/><G85/><N who="0" m="52495" /><D34/><U45/><E37/><V25/><F5/><W27/><AGARI ba="0,1" hai="18,23,27,40,41,44,47,49,51,59,60,67,96,99" machi="27" ten="20,8000,1" yaku="1,1,0,1,7,1,9,1,8,1,53,0" doraHai="132" doraHaiUra="11" who="3" fromWho="3" sc="250,-20,263,-40,250,-20,227,90" />
</Scene>
<Scene>
<INIT seed="2,0,0,1,3,38" ten="230,223,230,317" oya="2" hai0="114,37,29,63,71,102,74,130,85,33,133,69,58" hai1="93,20,80,112,52,124,46,14,117,27,115,39,44" hai2="111,105,36,48,66,60,3,96,103,26,77,119,34" hai3="13,70,108,65,0,131,23,18,118,19,15,90,76"/><V2/><F119/><W57/><G118/><T98/><D114/><U134/><E117/><V100/><F48/><W9/><G0/><T97/><D74/><U49/><E124/><V109/><F100/><W81/><G108/><N who="2" m="41545" /><F36/><W73/><G131/><T92/><D133/><U62/><E134/><V122/><F77/><W79/><G79/><T45/><D130/><U24/><E115/><V35/><F122/><W25/><G70/><T30/><D85/><U91/><E112/><V84/><F84/><W64/><G90/><T11/><D11/><U61/><E39/><V104/><F104/><W47/><G47/><T95/><D69/><U31/><E46/><V8/><F8/><W21/><G57/><T88/><D71/><U116/><E116/><V68/><F35/><W42/><REACH who="3" step="1"/><G42/><REACH who="3" ten="230,223,230,307" step="2"/><T1/><D1/><U128/><E128/><V75/><F75/><W67/><G67/><T72/><D72/><U123/><E91/><V4/><F4/><AGARI ba="0,1" hai="4,9,13,15,18,19,21,23,25,64,65,73,76,81" machi="4" ten="30,3900,0" yaku="1,1,7,1,53,1" doraHai="38" doraHaiUra="78" who="3" fromWho="2" sc="230,0,223,0,230,-39,307,49" />
</Scene>
<Scene>
<INIT seed="3,0,0,1,3,101" ten="230,223,191,356" oya="3" hai0="119,118,63,49,52,112,122,42,71,90,133,85,57" hai1="4,104,97,60,29,62,22,84,26,51,80,83,70" hai2="19,37,106,11,105,66,117,65,61,18,120,89,68" hai3="43,96,77,2,10,20,92,111,102,72,134,53,13"/><W16/><G134/><T129/><D122/><U125/><E125/><V17/><F117/><W75/><G111/><T88/><D133/><U33/><E4/><V69/><F37/><W31/><G43/><T47/><D129/><U130/><E130/><V74/><F74/><W56/><G77/><T126/><D126/><U59/><E22/><V95/><F120/><W73/><G2/><T128/><D128/><U78/><E80/><V0/><F0/><W23/><REACH who="3" step="1"/><G31/><REACH who="3" ten="230,223,191,346" step="2"/><T127/><D127/><U135/><E135/><V109/><F109/><W5/><G5/><T93/><D112/><U8/><E78/><V32/><F11/><W76/><G76/><T79/><D79/><U28/><E8/><V48/><F18/><W100/><G100/><T30/><D30/><U91/><E29/><V25/><F19/><W14/><G14/><T46/><D90/><U124/><E124/><V82/><F17/><W54/><G54/><T94/><D119/><U64/><E28/><V27/><F27/><W12/><G12/><T98/><D118/><U99/><E26/><V103/><F25/><W34/><G34/><T15/><D15/><U55/><E33/><V113/><F32/><W116/><G116/><T39/><D42/><U123/><E123/><V114/><F114/><W45/><G45/><T86/><D39/><U67/><REACH who="1" step="1"/><E104/><REACH who="1" ten="230,213,191,346" step="2"/><V107/><F113/><W110/><G110/><T132/><D132/><U108/><E108/><V41/><F107/><W81/><G81/><N who="0" m="49199" /><D46/><AGARI ba="0,2" hai="46,51,55,59,60,62,64,67,70,83,84,91,97,99" machi="46" ten="30,2000,0" yaku="1,1,7,1,53,0" doraHai="101" doraHaiUra="131" who="1" fromWho="0" sc="230,-20,213,40,191,0,346,0" />
</Scene>
<Scene>
<INIT seed="4,0,0,2,3,57" ten="210,253,191,346" oya="0" hai0="90,25,88,58,82,71,65,134,43,22,12,49,92" hai1="4,18,113,48,35,117,59,54,13,61,120,20,69" hai2="76,26,112,39,80,77,34,109,44,135,124,86,53" hai3="131,91,73,122,38,7,75,14,97,79,23,30,129"/><T119/><D119/><U126/><E117/><V52/><F109/><W32/><G38/><T121/><D121/><U46/><E120/><V103/><F112/><W114/><G122/><T6/><D71/><U130/><E35/><V16/><F124/><W67/><G32/><T87/><D134/><U94/><E126/><V40/><F135/><W85/><G97/><T98/><D43/><U78/><E113/><V102/><F77/><W55/><G55/><N who="0" m="32111" /><D65/><U24/><E130/><N who="3" m="49674" /><G67/><T68/><D68/><U93/><E69/><V63/><F34/><W33/><G79/><T100/><D6/><U42/><E78/><V83/><F83/><W127/><G127/><T115/><D115/><U9/><AGARI ba="0,0" hai="4,9,13,18,20,24,42,46,48,54,59,61,93,94" machi="9" ten="30,4000,0" yaku="0,1,8,1,52,1" doraHai="57" who="1" fromWho="1" sc="210,-20,253,40,191,-10,346,-10" />
</Scene>
<Scene>
<INIT seed="5,0,0,5,3,90" ten="190,293,181,336" oya="1" hai0="104,132,74,18,108,83,97,85,49,93,129,47,133" hai1="52,65,106,118,45,55,41,5,23,130,72,62,24" hai2="91,128,105,39,121,40,114,113,63,127,86,115,44" hai3="71,79,82,59,48,111,7,60,96,57,1,119,14"/><U87/><E72/><V61/><F121/><W73/><G111/><T68/><D108/><U3/><E106/><V123/><F123/><W8/><G119/><T101/><D68/><U112/><E118/><V116/><F116/><W16/><G96/><T13/><D129/><U27/><E112/><V6/><F128/><W15/><G1/><T38/><D38/><U125/><E130/><V0/><F105/><W103/><G103/><T25/><D25/><U26/><E125/><V32/><F32/><W75/><G75/><T54/><D74/><U109/><E109/><V33/><F33/><W42/><G71/><T2/><D2/><U80/><E23/><V110/><F110/><W88/><G60/><T134/><D104/><U36/><E5/><V67/><F127/><W126/><G126/><T43/><D43/><U58/><REACH who="1" step="1"/><E3/><REACH who="1" ten="190,283,181,336" step="2"/><V9/><REACH who="2" step="1"/><F67/><REACH who="2" ten="190,283,171,336" step="2"/><W81/><G73/><T11/><REACH who="0" step="1"/><D133/><REACH who="0" ten="180,283,171,336" step="2"/><U135/><E135/><V12/><F12/><W22/><G15/><T28/><D28/><U92/><E92/><AGARI ba="0,3" hai="0,6,9,39,40,44,61,63,86,91,92,113,114,115" machi="92" ten="40,8000,1" yaku="1,1,15,1,11,1,52,1,53,0" doraHai="90" doraHaiUra="120" who="2" fromWho="1" sc="180,0,283,-80,171,110,336,0" />
</Scene>
<Scene>
<INIT seed="6,0,0,1,2,62" ten="180,203,281,336" oya="2" hai0="35,118,95,114,0,106,42,11,127,65,54,116,76" hai1="74,47,122,87,17,1,64,128,8,119,111,123,39" hai2="102,28,81,68,96,98,56,92,126,135,93,117,32" hai3="113,121,48,37,50,3,88,115,22,130,108,44,71"/><V59/><F68/><W82/><G108/><T132/><D114/><N who="3" m="43529" /><G121/><N who="1" m="46090" /><E74/><V40/><F117/><N who="0" m="45162" /><D106/><U46/><E119/><V134/><F126/><W94/><G3/><T67/><D127/><U51/><E111/><V36/><F28/><W125/><G130/><T103/><D132/><N who="2" m="50730" /><F32/><W10/><G10/><T80/><D35/><U23/><E128/><V107/><F81/><W101/><G71/><T24/><D24/><N who="1" m="14447" /><E39/><V53/><F107/><W109/><G109/><T25/><D25/><U105/><E105/><V19/><F19/><W41/><G125/><T66/><D42/><U104/><E104/><V20/><F20/><W85/><G22/><T77/><D80/><U72/><E72/><V69/><F69/><W16/><G16/><T14/><D0/><U61/><E87/><V70/><F70/><W5/><G5/><N who="0" m="3439" /><D54/><U57/><E1/><V75/><F75/><W43/><G43/><T78/><D95/><U38/><E8/><V15/><F15/><W18/><G18/><T73/><D73/><U129/><E129/><V13/><F13/><W84/><G84/><T55/><D55/><N who="1" m="31999" /><E38/><V100/><F53/><W4/><G4/><T112/><D112/><U21/><E21/><V63/><F36/><W131/><G131/><T34/><D34/><U2/><E2/><V12/><F12/><W6/><G6/><T133/><D133/><U7/><E7/><V60/><F40/><W49/><G37/><T9/><D9/><U79/><E79/><N who="0" m="20225" /><T26/><DORA hai="58" /><D26/><U90/><E90/><V97/><F102/><AGARI ba="0,0" hai="65,66,67,102,103" m="20225,3439,45162" machi="102" ten="40,8000,1" yaku="12,1,52,3" doraHai="62,58" who="0" fromWho="2" sc="180,80,203,0,281,-80,336,0" />
</Scene>
<Scene>
<INIT seed="7,0,0,3,2,89" ten="260,203,201,336" oya="3" hai0="133,58,7,30,130,129,81,94,33,21,120,62,50" hai1="74,8,96,125,15,97,17,19,28,70,88,118,41" hai2="20,39,52,53,14,76,56,5,0,119,72,98,132" hai3="49,24,122,105,3,36,29,2,117,1,40,103,60"/><W114/><G122/><T63/><D33/><U131/><E74/><V13/><F119/><W91/><G117/><T134/><D81/><U34/><E118/><V86/><F39/><W106/><G36/><T69/><D7/><U64/><E41/><V47/><F72/><W100/><G60/><T23/><D50/><U12/><E125/><V57/><F0/><W68/><G68/><T90/><D69/><U73/><E73/><V93/><F132/><W109/><G114/><T9/><D9/><U65/><E131/><N who="0" m="50185" /><D120/><U123/><E123/><V75/><F75/><W32/><G109/><T112/><D112/><U37/><E37/><V22/><F47/><W82/><G49/><T83/><D83/><U48/><E48/><N who="2" m="30727" /><F86/><W43/><G82/><T55/><D62/><U71/><E34/><V27/><F76/><W108/><G108/><T113/><D113/><U104/><E70/><V67/><F67/><W115/><G115/><T107/><D107/><U80/><E104/><V121/><F121/><W95/><G106/><T16/><D30/><U4/><E71/><V124/><F124/><W51/><G105/><T11/><D134/><U42/><E28/><N who="2" m="17511" /><F5/><W54/><G3/><T135/><D133/><U102/><E4/><V110/><F110/><W38/><G2/><T101/><D58/><U128/><E128/><V92/><F22/><W31/><G1/><T44/><D23/><N who="1" m="11687" /><E42/><V87/><F87/><W18/><G40/><T127/><D135/><U26/><E26/><V6/><F6/><W10/><G43/><T59/><D127/><U79/><E79/><V116/><F116/><RYUUKYOKU ba="0,0" sc="260,0,203,0,201,0,336,0" owari="260,6.0,203,-20.0,201,-30.0,336,44.0" />
</Scene>
</mjloggm>