<mjloggm ver="2.3"><GO type="169" lobby="0"/><UN n0="%E6%9D%BE%E5%AE%9F%E7%8E%84%E3%81%98%E3%82%83%E3%81%AA%E3%81%84" n1="%E9%81%8A%E8%B5%B0" n2="%54%4B%54%4D" n3="%E5%A4%AA%E3%81%8F%E3%81%AA%E3%81%84%E3%81%8A" dan="17,16,16,17" rate="2139.73,2206.75,2064.75,2184.75" sx="F,M,M,M"/><TAIKYOKU oya="0"/>

<Scene>
<INIT seed="0,0,0,3,1,112" ten="250,250,250,250" oya="0" hai0="122,129,66,128,82,89,98,45,41,88,0,101,67" hai1="113,56,2,123,35,16,83,121,58,130,52,13,109" hai2="72,39,97,87,134,81,10,126,100,62,84,103,120" hai3="6,69,20,12,30,15,77,49,31,75,33,26,9"/><T40/><D0/><U95/><E113/><V23/><F120/><W115/><G115/><T19/><D122/><U28/><E2/><V25/><F126/><W3/><G69/><T133/><D133/><U124/><E124/><V111/><F134/><W119/><G49/><T21/><D66/><U85/><E109/><V96/><F39/><W61/><G61/><T80/><D67/><U106/><E106/><V17/><F111/><W93/><G93/><N who="0" m="58575" /><D80/><U125/><E130/><N who="0" m="50281" /><D82/><U63/><E125/><V135/><F135/><W48/><G48/><N who="0" m="26663" /><D41/><U43/><E43/><V105/><F62/><W94/><G77/><T108/><D108/><U68/><E68/><V38/><F38/><W64/><G64/><T44/><D44/><U117/><E56/><V132/><F132/><W57/><G57/><T59/><D59/><U86/><E86/><V24/><F72/><W107/><G75/><T114/><D114/><U5/><E85/><V51/><F51/><W78/><G78/><T91/><D91/><U53/><E83/><V29/><F81/><W76/><G76/><T37/><D37/><U71/><E71/><V116/><F116/><W102/><G102/><T42/><D42/><U70/><E117/><V110/><F110/><W60/><G60/><T14/><AGARI ba="0,0" hai="14,19,21,88,89" m="26663,50281,58575" machi="14" ten="30,3000,0" yaku="19,1,54,1" doraHai="112" who="0" fromWho="0" sc="250,30,250,-10,250,-10,250,-10" />
</Scene>
<Scene>
<INIT seed="0,1,0,5,2,47" ten="280,240,240,240" oya="0" hai0="63,96,43,88,82,12,100,30,14,27,124,91,38" hai1="46,134,72,109,39,57,123,79,17,22,112,68,87" hai2="62,89,75,52,81,1,93,54,114,83,50,48,78" hai3="125,67,31,86,36,51,99,116,61,58,102,74,55"/><T4/><D124/><U41/><E123/><V77/><F1/><W7/><G116/><T33/><D63/><U13/><E109/><V131/><F114/><W80/><G36/><T133/><D133/><U92/><E134/><V101/><F101/><W73/><G7/><T64/><D64/><U25/><E68/><V6/><F6/><W19/><G31/><T90/><D4/><U126/><E112/><V40/><F40/><W26/><G125/><T2/><D2/><U130/><E126/><V71/><F131/><W9/><G9/><T15/><D43/><U24/><E130/><V95/><F71/><W11/><G11/><T76/><D38/><U37/><E37/><V120/><F62/><W128/><G19/><T121/><D121/><U94/><E72/><V69/><F69/><W10/><G26/><T5/><D5/><U29/><E57/><N who="2" m="32903" /><F75/><W98/><G128/><T44/><D44/><U127/><E127/><V34/><F34/><W56/><G74/><T118/><D118/><U21/><REACH who="1" step="1"/><E25/><REACH who="1" ten="280,230,240,240" step="2"/><V106/><F106/><W104/><G73/><T108/><D108/><U32/><E32/><V129/><F129/><W60/><G104/><T111/><D111/><U35/><E35/><V119/><F119/><W70/><G70/><T85/><REACH who="0" step="1"/><D100/><REACH who="0" ten="270,230,240,240" step="2"/><U66/><E66/><V107/><F120/><W28/><G102/><T132/><D132/><U105/><E105/><V122/><F107/><W65/><G67/><T59/><D59/><U53/><E53/><V84/><F122/><W42/><G65/><T103/><D103/><U23/><E23/><V110/><F110/><RYUUKYOKU ba="1,2" sc="270,15,230,15,240,-15,240,-15" hai0="12,14,15,27,30,33,76,82,85,88,90,91,96" hai1="13,17,21,22,24,29,39,41,46,79,87,92,94" />
</Scene>
<Scene>
<INIT seed="0,2,2,4,2,56" ten="285,245,225,225" oya="0" hai0="104,12,124,87,126,69,79,71,51,84,113,75,40" hai1="111,114,78,24,88,21,52,45,83,8,16,81,95" hai2="93,49,61,123,94,92,73,22,103,132,90,1,32" hai3="120,19,105,5,17,115,68,72,67,66,99,98,101"/><T57/><D113/><U6/><E111/><V82/><F32/><W25/><G115/><T133/><D104/><U131/><E114/><V35/><F35/><W37/><G37/><T130/><D130/><U127/><E131/><V121/><F1/><W30/><G72/><T47/><D133/><U129/><E129/><V15/><F132/><W64/><G120/><T10/><D75/><U48/><E127/><N who="0" m="48681" /><D57/><U107/><E78/><V86/><F73/><W2/><G98/><T11/><D11/><U43/><E43/><V117/><F117/><W108/><G108/><T65/><D65/><U91/><E107/><V89/><F103/><W54/><G54/><T53/><D53/><U63/><E63/><V4/><F49/><W125/><G125/><T134/><D134/><U59/><E45/><V85/><F61/><N who="3" m="39951" /><G66/><T60/><D60/><U128/><E128/><V39/><F39/><W14/><G67/><T7/><D87/><U97/><E91/><V100/><F100/><W76/><G76/><T23/><D23/><U46/><E59/><V38/><F38/><W106/><G106/><T135/><D135/><U29/><E29/><V77/><F22/><W27/><G30/><T102/><D102/><U0/><AGARI ba="2,2" hai="0,6,8,16,21,24,46,48,52,81,83,88,95,97" machi="0" ten="20,8000,1" yaku="0,1,7,1,54,3" doraHai="56" who="1" fromWho="1" sc="285,-42,245,106,225,-22,225,-22" />
</Scene>
<Scene>
<INIT seed="1,0,0,4,3,37" ten="243,351,203,203" oya="1" hai0="86,132,35,69,48,83,31,60,55,111,110,99,24" hai1="9,89,18,127,71,117,43,78,22,5,70,19,57" hai2="108,32,27,17,16,105,67,130,39,20,77,106,90" hai3="56,46,120,10,87,109,14,63,100,65,122,102,68"/><U124/><E117/><V66/><F130/><W115/><G115/><T121/><D132/><U41/><E78/><V94/><F39/><W0/><G0/><T13/><D13/><U88/><E57/><V135/><F135/><W8/><G109/><N who="0" m="41483" /><D99/><U3/><E22/><V97/><F108/><W76/><G68/><T93/><D93/><U49/><E49/><V6/><F77/><W73/><G73/><T34/><D121/><U30/><E30/><V128/><F128/><W75/><G75/><T74/><D74/><U15/><E15/><V45/><F6/><W84/><G122/><T40/><D40/><U61/><E61/><V51/><F32/><W44/><G120/><T129/><D129/><U133/><E133/><V80/><F80/><N who="3" m="47111" /><G87/><T72/><D72/><U81/><E81/><V36/><F36/><W92/><G8/><T28/><D60/><U119/><E119/><V11/><F106/><W107/><G107/><T131/><D69/><U98/><E9/><V64/><F105/><W1/><G1/><T82/><D86/><U96/><E5/><V53/><REACH who="2" step="1"/><F11/><REACH who="2" ten="243,351,193,203" step="2"/><W50/><G92/><T118/><D131/><U25/><E3/><V54/><F54/><N who="3" m="30023" /><G46/><N who="0" m="28055" /><D118/><U112/><E25/><AGARI ba="0,1" hai="24,25,28,31,34,35,82,83" m="28055,41483" machi="25" ten="30,1000,0" yaku="14,1" doraHai="37" who="0" fromWho="1" sc="243,20,351,-10,193,0,203,0" />
</Scene>
<Scene>
<INIT seed="2,0,0,5,2,6" ten="263,341,193,203" oya="2" hai0="57,69,89,85,90,18,116,11,120,119,131,38,29" hai1="1,130,13,93,21,80,33,51,118,123,12,94,67" hai2="63,122,74,102,79,56,81,40,124,83,30,10,76" hai3="48,24,4,128,133,114,35,45,68,113,61,22,47"/><V16/><F122/><W96/><G35/><T46/><D69/><U126/><E123/><V135/><F124/><W112/><G133/><T84/><D120/><U7/><E33/><V75/><F135/><W132/><G132/><T31/><D131/><U59/><E118/><N who="0" m="45097" /><D57/><U2/><E130/><V60/><F102/><W53/><G128/><T127/><D127/><U25/><E126/><V121/><F121/><W100/><G4/><T64/><D64/><U49/><E80/><V77/><F40/><W58/><G68/><T3/><D38/><U0/><E7/><V44/><F44/><W106/><REACH who="3" step="1"/><G61/><REACH who="3" ten="263,341,193,193" step="2"/><T15/><D3/><U103/><E2/><V73/><F30/><AGARI ba="0,1" hai="22,24,30,45,47,48,53,58,96,100,106,112,113,114" machi="30" ten="40,5200,0" yaku="1,1,2,1,11,1,53,0" doraHai="6" doraHaiUra="9" who="3" fromWho="2" sc="263,0,341,0,193,-52,193,62" />
</Scene>
<Scene>
<INIT seed="3,0,0,0,5,73" ten="263,341,141,255" oya="3" hai0="28,101,106,133,130,4,88,26,43,70,18,77,31" hai1="50,53,118,6,0,126,42,89,13,81,2,66,39" hai2="128,82,37,65,103,11,107,117,120,79,71,98,76" hai3="29,64,33,34,30,86,132,1,23,83,14,17,113"/><W121/><G121/><T111/><D70/><U85/><E126/><V8/><F117/><W114/><G64/><T122/><D122/><U55/><E118/><V84/><F120/><W105/><G105/><T20/><D111/><U57/><E66/><V60/><F37/><W109/><G132/><T116/><D116/><U10/><E42/><V100/><F128/><W119/><G119/><T36/><D130/><U127/><E39/><V3/><F3/><W95/><G95/><T44/><D4/><U90/><E127/><V54/><F103/><W16/><G109/><T19/><D28/><N who="3" m="10857" /><G86/><T125/><D133/><U67/><E67/><V74/><REACH who="2" step="1"/><F54/><REACH who="2" ten="263,341,131,255" step="2"/><W45/><G1/><T108/><D125/><U94/><E53/><V123/><F123/><W92/><G113/><T129/><D129/><U12/><E2/><V72/><F72/><W115/><G114/><T32/><D108/><U110/><E110/><V52/><F52/><W104/><G115/><T47/><D101/><U21/><E0/><V59/><F59/><W22/><G45/><T102/><D47/><U41/><E57/><V97/><F97/><W48/><G104/><T7/><D106/><U87/><E55/><V46/><F46/><W56/><G56/><T61/><D44/><U51/><E41/><V24/><F24/><W49/><G48/><T112/><D43/><U99/><E99/><V9/><F9/><W78/><G49/><T15/><D112/><U58/><E58/><V27/><F27/><W40/><G40/><T35/><D26/><U135/><E135/><V63/><F63/><W38/><G38/><RYUUKYOKU ba="0,1" sc="263,-15,341,15,131,15,255,-15" hai1="6,10,12,13,21,50,51,81,85,87,89,90,94" hai2="8,11,60,65,71,74,76,79,82,84,98,100,107" />
</Scene>
<Scene>
<INIT seed="4,1,1,0,5,72" ten="248,356,146,240" oya="0" hai0="18,112,94,48,19,116,67,111,73,93,130,31,78" hai1="120,34,6,21,88,62,123,79,25,70,77,61,66" hai2="39,44,71,49,20,11,89,118,83,5,124,14,133" hai3="76,69,87,80,85,107,35,46,2,37,82,131,24"/><T27/><D116/><U101/><E34/><V117/><F39/><W92/><G107/><T97/><D112/><U63/><E70/><V60/><F124/><W102/><G2/><T75/><D130/><U45/><E66/><V96/><F133/><W55/><G69/><T12/><D111/><U17/><E101/><V30/><F71/><W103/><G131/><T98/><D67/><U7/><E120/><V135/><F135/><W15/><G15/><T91/><D48/><U125/><E125/><V134/><F134/><W13/><G13/><T38/><D38/><U68/><E68/><V40/><F60/><W74/><G92/><T95/><D95/><U53/><E123/><V99/><F89/><W4/><G4/><N who="1" m="1578" /><E88/><V110/><F110/><W42/><G55/><T114/><D114/><U121/><E121/><V100/><F83/><W115/><G115/><T64/><D64/><U56/><E45/><V0/><F0/><W41/><G41/><T26/><D12/><U32/><E32/><V105/><F99/><W104/><G104/><T58/><D58/><U81/><E81/><V52/><REACH who="2" step="1"/><F40/><REACH who="2" ten="248,356,136,240" step="2"/><W54/><G80/><N who="0" m="45135" /><D91/><U50/><AGARI ba="1,2" hai="17,21,25,50,53,56,61,62,63,77,79" m="1578" machi="50" ten="30,4000,0" yaku="8,1,52,2" doraHai="72" who="1" fromWho="1" sc="248,-21,356,63,136,-11,240,-11" />
</Scene>
<Scene>
<INIT seed="5,0,0,1,3,101" ten="227,419,125,229" oya="1" hai0="39,63,24,67,86,0,108,104,18,9,99,98,77" hai1="5,14,22,13,118,92,102,79,27,3,6,51,128" hai2="12,46,132,55,80,78,2,68,126,44,123,58,8" hai3="66,7,116,28,36,11,131,134,88,111,62,120,32"/><U113/><E118/><V85/><F123/><W47/><G120/><T84/><D39/><U64/><E113/><V76/><F126/><W91/><G111/><T112/><D108/><U29/><E128/><V53/><F2/><W115/><G115/><T69/><D77/><U15/><E3/><V124/><F124/><W61/><G131/><T117/><D117/><U33/><E33/><V81/><F68/><W109/><G109/><T121/><D121/><U38/><E38/><V122/><F122/><W31/><G116/><T70/><D70/><U90/><E102/><V57/><F132/><W45/><G134/><T97/><D104/><U35/><E35/><V94/><F94/><W56/><G32/><T71/><D71/><U107/><E107/><V50/><F12/><N who="3" m="5247" /><G36/><T106/><D106/><U65/><E51/><V73/><REACH who="2" step="1"/><F8/><REACH who="2" ten="227,419,115,229" step="2"/><W19/><G62/><AGARI ba="0,1" hai="44,46,50,53,55,57,58,62,73,76,78,80,81,85" machi="62" ten="30,7700,0" yaku="1,1,2,1,7,1,53,1" doraHai="101" doraHaiUra="59" who="2" fromWho="3" sc="227,0,419,0,115,87,229,-77" />
</Scene>
<Scene>
<INIT seed="6,0,0,5,2,6" ten="227,419,202,152" oya="2" hai0="134,131,9,75,89,129,104,69,91,90,45,48,68" hai1="113,16,109,80,115,47,53,10,20,64,94,79,58" hai2="44,128,107,84,29,34,70,18,49,102,42,8,95" hai3="96,23,65,108,12,71,3,1,77,111,119,4,13"/><V78/><F70/><W110/><G119/><T17/><D75/><U76/><E109/><V24/><F128/><N who="0" m="49226" /><D104/><U123/><E123/><V112/><F112/><N who="1" m="43081" /><E10/><V72/><F107/><W38/><G38/><T117/><D134/><U63/><E94/><V35/><F72/><W98/><G77/><N who="1" m="29770" /><E80/><V50/><F35/><W14/><G23/><T133/><D133/><U36/><E36/><V114/><F114/><W46/><G46/><T88/><D90/><U59/><E47/><V33/><F33/><W67/><G71/><T124/><D124/><U15/><E53/><V127/><F127/><W51/><G51/><T135/><D117/><U85/><E85/><V61/><F61/><W39/><G39/><T11/><D135/><U43/><E43/><V30/><F50/><W106/><G106/><T132/><D132/><U55/><E55/><V26/><F78/><W52/><G52/><N who="0" m="29711" /><D9/><U81/><E81/><V37/><F37/><W31/><G31/><T28/><D28/><U118/><E118/><V126/><F126/><W40/><G40/><T82/><D82/><U32/><E32/><V7/><F30/><W19/><G19/><T5/><D17/><U97/><E97/><N who="3" m="37482" /><G4/><T27/><D27/><U74/><E74/><V66/><F26/><W99/><N who="3" m="37490" /><W21/><DORA hai="101" /><G21/><T93/><D93/><U56/><AGARI ba="0,0" hai="15,16,20,56,58,59,63,64" m="29770,43081" machi="56" ten="30,2000,0" yaku="15,1,54,1" doraHai="6,101" who="1" fromWho="1" sc="227,-5,419,20,202,-10,152,-5" />
</Scene>
<Scene>
<INIT seed="7,0,0,1,3,69" ten="222,439,192,147" oya="3" hai0="60,34,94,1,54,35,10,13,55,38,68,89,113" hai1="48,46,9,99,91,40,59,63,74,131,92,102,8" hai2="109,111,22,50,3,80,101,33,90,98,57,93,17" hai3="135,64,42,15,83,45,66,49,23,32,73,81,47"/><W67/><G32/><T2/><D38/><U115/><E115/><V108/><F33/><W77/><G135/><T27/><D35/><U85/><E131/><V7/><F3/><W120/><G120/><T19/><D113/><U78/><E74/><V119/><F7/><W123/><G123/><T28/><D54/><N who="1" m="34295" /><E78/><V25/><F119/><W116/><G116/><T79/><D79/><U132/><E132/><V110/><F110/><W114/><G114/><T26/><D26/><U24/><E24/><V41/><F80/><AGARI ba="0,0" hai="8,9,40,46,48,80,85,91,92,99,102" m="34295" machi="80" ten="30,1000,0" yaku="8,1" doraHai="69" who="1" fromWho="2" sc="222,0,439,10,192,-10,147,0" owari="222,2.0,449,55.0,182,-22.0,147,-35.0" />
</Scene>
</mjloggm>