<mjloggm ver="2.3"><GO type="233" lobby="0"/><UN n0="%E3%83%86%E3%83%AC%E3%83%93%E3%81%A3%E5%AD%90" n1="%4D%6F%67%65%72%61" n2="%54%61%6E%70%61%61%63%68" n3="%E5%A4%AA%E3%81%8F%E3%81%AA%E3%81%84%E3%81%8A" dan="18,16,16,18" rate="2218.78,2077.21,2026.10,2274.05" sx="M,F,M,F"/><TAIKYOKU oya="0"/>

<Scene>
<INIT seed="0,0,0,1,2,85" ten="250,250,250,250" oya="0" hai0="84,99,19,70,24,74,66,33,27,133,58,101,5" hai1="13,8,51,81,83,127,62,92,107,34,125,126,12" hai2="25,76,49,39,89,77,64,122,7,10,56,54,53" hai3="61,110,69,93,47,82,59,80,128,134,135,3,98"/><T114/><D74/><U111/><E111/><V23/><F122/><W16/><G3/><T75/><D75/><U123/><E123/><V55/><F39/><W106/><G69/><T121/><D133/><N who="3" m="50697" /><G106/><T43/><D121/><U15/><E34/><V48/><F64/><N who="3" m="38975" /><G110/><T50/><D5/><U52/><E107/><V113/><F113/><W9/><G47/><T132/><D132/><U94/><E62/><V38/><F38/><W4/><G128/><T21/><D114/><U112/><E112/><V67/><F67/><W44/><G44/><T0/><D0/><U109/><E109/><V96/><F55/><W102/><G4/><T118/><D118/><U11/><E83/><V130/><F130/><W68/><G68/><T117/><D117/><U2/><E81/><V95/><F53/><W63/><G63/><T37/><D37/><U17/><E2/><V1/><REACH who="2" step="1"/><F49/><REACH who="2" ten="250,250,240,250" step="2"/><W78/><G78/><T28/><D66/><U30/><E125/><V72/><F72/><W103/><G103/><T129/><D129/><U105/><E51/><V71/><F71/><W31/><G31/><AGARI ba="0,1" hai="1,7,10,23,25,31,48,54,56,76,77,89,95,96" machi="31" ten="30,3900,0" yaku="1,1,7,1,52,1,53,0" doraHai="85" doraHaiUra="40" who="2" fromWho="3" sc="250,0,250,0,240,49,250,-39" />
</Scene>
<Scene>
<INIT seed="1,0,0,4,4,116" ten="250,250,289,211" oya="1" hai0="27,78,77,134,86,120,75,40,91,11,46,72,84" hai1="3,88,43,45,131,103,130,95,2,51,21,64,25" hai2="69,111,104,99,50,124,96,20,37,13,132,79,38" hai3="81,102,90,55,63,85,34,17,33,56,93,82,57"/><U1/><E103/><V110/><F132/><W26/><G34/><T19/><D134/><U112/><E64/><V113/><F124/><W70/><G70/><T14/><D75/><U135/><E112/><V119/><F119/><W87/><G33/><T121/><D72/><U10/><E10/><V62/><F79/><W39/><G39/><T53/><D53/><U32/><E32/><V6/><F50/><W42/><G42/><T35/><D78/><U7/><E7/><V89/><F99/><W97/><G57/><T36/><D77/><U68/><E68/><V105/><F105/><W118/><G118/><T107/><D107/><U52/><E43/><V15/><F13/><W94/><REACH who="3" step="1"/><G87/><REACH who="3" ten="250,250,289,201" step="2"/><T122/><D91/><U0/><E135/><V128/><F89/><W125/><G125/><T5/><D35/><U133/><E133/><V47/><F37/><W31/><G31/><T4/><D4/><U58/><E58/><V106/><F38/><W117/><G117/><T83/><D83/><U12/><E12/><V76/><F15/><W60/><G60/><T59/><D59/><U73/><E73/><V54/><F62/><W49/><G49/><T23/><AGARI ba="0,1" hai="5,11,14,19,23,27,36,40,46,84,86,120,121,122" machi="23" ten="40,8000,1" yaku="0,1,13,1,52,3" doraHai="116" who="0" fromWho="0" sc="250,90,250,-40,289,-20,201,-20" />
</Scene>
<Scene>
<INIT seed="2,0,0,3,4,72" ten="340,210,269,181" oya="2" hai0="130,14,49,51,82,54,93,91,95,39,109,35,21" hai1="55,115,46,64,120,77,3,97,19,99,125,104,112" hai2="27,2,66,38,113,84,81,61,33,94,1,86,85" hai3="9,76,16,80,127,103,132,92,53,114,134,110,119"/><V118/><F118/><W89/><G119/><T71/><D39/><U62/><E120/><V75/><F38/><W5/><G110/><T56/><D35/><U78/><E3/><V17/><F113/><W102/><G114/><T13/><D71/><U65/><E104/><V73/><F94/><W135/><G53/><T52/><D130/><U124/><E19/><V111/><F111/><W31/><G31/><T69/><D69/><U122/><E55/><V79/><F75/><N who="3" m="43039" /><G127/><N who="1" m="48714" /><E122/><V96/><F96/><N who="1" m="36937" /><E46/><V15/><F27/><W83/><G83/><T74/><D109/><U43/><E43/><V25/><F25/><W107/><G107/><T90/><D74/><U24/><E24/><V58/><REACH who="2" step="1"/><F33/><REACH who="2" ten="340,210,259,181" step="2"/><W105/><G105/><T34/><D34/><U88/><E112/><V101/><F101/><W60/><G103/><T47/><D93/><U59/><E115/><V0/><F0/><N who="3" m="167" /><G102/><T4/><D95/><U57/><E88/><V29/><F29/><W11/><G89/><T129/><D91/><U50/><E50/><V128/><F128/><W36/><G92/><T106/><D129/><U63/><AGARI ba="0,1" hai="57,59,62,63,64,65,77,78" m="36937,48714" machi="63" ten="30,4000,0" yaku="18,1,52,2" doraHai="72" who="1" fromWho="1" sc="340,-10,210,50,259,-20,181,-10" />
</Scene>
<Scene>
<INIT seed="3,0,0,4,3,42" ten="330,260,239,171" oya="3" hai0="38,5,28,37,33,32,9,90,66,123,34,97,125" hai1="1,129,111,54,59,49,62,130,67,47,107,48,57" hai2="108,45,81,7,64,21,73,113,50,117,74,124,118" hai3="70,43,12,2,31,82,60,101,15,52,83,30,94"/><W22/><G2/><T126/><D28/><N who="3" m="10793" /><G70/><T135/><D66/><U46/><E107/><V84/><F108/><W16/><G43/><T134/><D90/><U44/><E1/><V131/><F131/><N who="1" m="50185" /><E111/><V72/><F113/><W3/><G3/><T58/><D58/><U75/><E75/><V119/><F124/><N who="0" m="47722" /><D97/><U11/><E11/><V93/><F64/><W55/><G12/><N who="0" m="5167" /><D123/><U132/><E132/><AGARI ba="0,0" hai="32,33,34,37,38,132,134,135" m="5167,47722" machi="132" ten="40,2600,0" yaku="20,1,18,1" doraHai="42" who="0" fromWho="1" sc="330,26,260,-26,239,0,171,0" />
</Scene>
<Scene>
<INIT seed="4,0,0,4,0,122" ten="356,234,239,171" oya="0" hai0="0,38,12,74,82,44,113,68,62,123,103,34,117" hai1="110,119,58,64,3,39,77,130,13,33,1,9,78" hai2="37,71,41,93,31,94,45,47,99,40,84,65,54" hai3="5,111,125,28,114,129,73,116,96,27,132,105,112"/><T17/><D123/><U61/><E119/><V63/><F31/><W106/><G116/><T100/><D113/><N who="3" m="43625" /><G73/><T22/><D117/><U135/><E135/><V60/><F84/><W118/><G118/><T128/><D128/><U81/><E130/><V127/><F127/><W30/><G129/><T76/><D34/><U134/><E134/><V48/><F99/><W91/><G132/><T36/><D0/><U83/><E39/><N who="2" m="21663" /><F94/><N who="3" m="56415" /><G125/><T53/><D38/><U86/><E33/><V55/><F93/><W50/><G5/><T88/><D36/><U56/><E58/><N who="2" m="33127" /><F60/><W29/><G27/><T42/><D103/><U4/><E3/><V18/><F18/><W79/><G79/><T25/><D100/><U89/><E1/><V59/><F54/><W69/><G105/><T90/><D53/><U52/><E64/><V67/><F67/><W109/><G106/><T108/><D90/><U46/><E89/><V2/><F2/><W15/><G15/><T7/><D88/><U95/><E95/><V16/><F16/><W124/><G124/><T21/><D7/><U57/><E86/><V72/><F72/><W104/><G104/><T32/><D32/><U49/><E78/><V10/><F10/><W98/><G98/><T26/><D21/><U6/><E77/><V101/><F101/><W131/><G131/><T11/><D22/><U133/><E6/><V51/><F51/><W43/><G50/><N who="0" m="26903" /><D26/><U97/><E133/><V87/><F87/><W35/><G35/><T14/><D25/><U121/><E97/><V120/><F120/><W126/><G126/><T75/><D76/><RYUUKYOKU ba="0,0" sc="356,-10,234,-10,239,30,171,-10" hai2="37,41,47,59,63,65,71" />
</Scene>
<Scene>
<INIT seed="5,1,0,5,4,1" ten="346,224,269,161" oya="1" hai0="31,28,80,55,38,69,2,95,39,17,85,133,32" hai1="67,118,8,64,7,134,116,126,132,0,36,19,89" hai2="87,131,81,56,43,83,129,12,27,91,44,68,16" hai3="102,46,117,113,23,52,57,104,123,122,90,62,71"/><U61/><E36/><V77/><F68/><W20/><G113/><T112/><D69/><U6/><E126/><V86/><F56/><W101/><G117/><T60/><D2/><U105/><E105/><V47/><F27/><W108/><G108/><T88/><D32/><U48/><E48/><V107/><F107/><W127/><G127/><T66/><D38/><U96/><E64/><V35/><F35/><W13/><G71/><T70/><D39/><U63/><E61/><V125/><F125/><W128/><G128/><N who="2" m="49225" /><F43/><W5/><G104/><T41/><D133/><N who="1" m="51307" /><E0/><V78/><F78/><W84/><G123/><T119/><D41/><U45/><E45/><V97/><F97/><W124/><G122/><T25/><D119/><N who="1" m="45611" /><E63/><V130/><F130/><W14/><G46/><T65/><D65/><U75/><E75/><V21/><AGARI ba="1,0" hai="12,16,21,44,47,77,81,83,86,87,91" m="49225" machi="21" ten="30,2000,0" yaku="19,1,54,1" doraHai="1" who="2" fromWho="2" sc="346,-6,224,-11,269,23,161,-6" />
</Scene>
<Scene>
<INIT seed="6,0,0,2,1,26" ten="340,213,292,155" oya="2" hai0="80,112,34,85,0,58,3,7,122,2,105,52,18" hai1="11,16,113,64,21,43,48,46,131,90,19,66,121" hai2="62,75,9,100,77,74,87,103,53,99,17,135,35" hai3="60,104,69,118,63,94,126,40,45,96,125,129,6"/><V134/><F35/><W70/><G104/><T132/><D105/><U29/><E131/><V23/><F9/><W117/><G94/><T109/><D109/><U61/><E113/><V114/><F114/><W22/><G96/><T89/><D122/><U37/><E121/><V97/><F53/><W54/><G22/><T98/><D112/><U42/><E11/><V8/><F8/><W83/><G83/><T124/><D34/><U57/><E64/><V92/><F62/><N who="3" m="23595" /><G6/><T81/><D132/><N who="2" m="50730" /><F17/><W128/><G54/><T41/><D41/><U4/><E4/><V67/><F67/><W14/><G14/><T106/><D7/><U39/><E90/><V79/><F23/><W123/><G123/><T24/><D18/><U55/><E29/><V73/><F87/><W65/><G65/><T56/><D85/><U33/><E33/><V127/><F127/><N who="3" m="48651" /><G69/><T36/><D124/><U111/><E111/><V102/><F92/><W101/><G70/><T88/><D0/><U20/><E39/><V59/><F59/><W68/><G68/><T95/><D56/><U5/><E5/><V30/><F77/><W93/><G93/><T133/><D2/><U116/><E37/><V86/><F79/><W49/><G101/><T91/><D3/><U120/><E120/><V13/><F86/><W28/><G28/><T110/><D52/><U12/><E116/><AGARI ba="0,0" hai="40,45,49,116,117,118,128,129" m="48651,23595" machi="116" ten="40,5200,0" yaku="18,1,34,2" doraHai="26" who="3" fromWho="1" sc="340,0,213,-52,292,0,155,52" />
</Scene>
<Scene>
<INIT seed="7,0,0,2,4,16" ten="340,161,292,207" oya="3" hai0="34,2,4,76,92,80,42,120,71,9,124,122,134" hai1="125,95,73,135,112,129,77,127,19,102,39,52,10" hai2="30,59,37,74,64,15,43,24,82,31,33,11,35" hai3="20,110,5,75,41,45,58,99,66,0,107,69,61"/><W12/><G75/><N who="0" m="43039" /><D92/><U130/><E39/><V88/><F43/><W29/><G110/><T65/><D134/><U133/><E112/><V101/><F37/><W50/><G0/><T114/><D114/><U22/><E10/><V119/><F101/><W98/><G107/><T63/><D124/><N who="1" m="47691" /><E52/><V62/><F119/><W89/><G69/><T86/><D86/><U72/><E77/><V97/><F74/><N who="1" m="28777" /><E95/><V100/><F100/><W18/><G5/><T104/><D42/><U115/><E102/><V28/><F35/><W3/><G3/><T32/><D34/><U49/><E49/><V105/><F105/><W87/><REACH who="3" step="1"/><G29/><REACH who="3" ten="340,161,292,197" step="2"/><T26/><D104/><U67/><E115/><V128/><F30/><AGARI ba="0,1" hai="2,4,9,26,30,32,63,65,71,120,122" m="43039" machi="30" ten="30,1000,0" yaku="23,1" doraHai="16" who="0" fromWho="2" sc="340,20,161,0,292,-10,197,0" owari="360,46.0,161,-34.0,282,8.0,197,-20.0" />
</Scene>
</mjloggm>