<mjloggm ver="2.3"><GO type="169" lobby="0"/><UN n0="%E3%81%99%E3%81%9A%E3%82%81%E3%82%AF%E3%83%AC%E3%82%A4%E3%82%B8%E3%83%BC" n1="%E9%AB%98%E7%94%BA%EF%BC%A0%E3%81%AA%E3%81%AE%E3%81%AF" n2="%E5%A4%AA%E3%81%8F%E3%81%AA%E3%81%84%E3%81%8A" n3="%41%52%49%41%4C%4F%56%45" dan="19,16,18,16" rate="2267.93,2157.05,2214.29,2069.84" sx="M,F,M,M"/><TAIKYOKU oya="0"/>

<Scene>
<INIT seed="0,0,0,4,5,99" ten="250,250,250,250" oya="0" hai0="33,92,56,103,125,9,43,72,126,106,84,0,15" hai1="23,112,63,122,22,69,49,131,135,57,128,80,34" hai2="41,62,117,76,101,133,64,38,65,100,31,120,52" hai3="2,25,81,87,5,47,40,113,66,102,88,13,89"/><T55/><D72/><U116/><E34/><V107/><F120/><W46/><G113/><T14/><D33/><U3/><E3/><V8/><F107/><W124/><G2/><T18/><D43/><U74/><E112/><V123/><F123/><W48/><G66/><N who="2" m="25705" /><F38/><W70/><G70/><T127/><D0/><U110/><E69/><V129/><F41/><W32/><G124/><T39/><D39/><U77/><E122/><V37/><F37/><W60/><G60/><T50/><D15/><U73/><E63/><V36/><F36/><W83/><G46/><T12/><D12/><U45/><E57/><N who="2" m="35111" /><F133/><W121/><G121/><T85/><REACH who="0" step="1"/><D106/><REACH who="0" ten="240,250,250,250" step="2"/><U30/><E135/><V24/><F117/><W93/><G32/><T95/><D95/><U98/><E116/><V19/><F129/><W71/><G13/><T67/><D67/><U75/><E128/><V108/><F108/><W11/><G40/><T68/><D68/><U114/><E110/><V97/><F8/><W79/><G71/><T134/><D134/><U59/><E131/><V78/><F31/><W53/><G11/><T119/><D119/><U26/><E73/><V54/><F54/><W86/><G53/><T132/><D132/><U27/><E74/><V35/><F35/><W109/><G109/><T42/><D42/><U115/><E75/><V1/><F1/><W7/><G93/><T29/><D29/><U61/><E30/><V21/><F97/><AGARI ba="0,1" hai="9,14,18,50,55,56,84,85,92,97,103,125,126,127" machi="97" ten="40,7700,0" yaku="1,1,18,1,52,1,53,0" doraHai="99" doraHaiUra="118" who="0" fromWho="2" sc="240,87,250,0,250,-77,250,0" />
</Scene>
<Scene>
<INIT seed="0,1,0,3,0,26" ten="327,250,173,250" oya="0" hai0="107,62,64,98,34,99,40,79,10,74,134,111,112" hai1="127,24,47,44,55,129,87,48,75,78,122,9,70" hai2="46,117,72,67,91,54,30,133,6,119,2,43,131" hai3="25,1,95,120,18,4,86,35,49,36,31,105,104"/><T93/><D112/><U90/><E70/><V11/><F72/><W115/><G36/><T52/><D40/><U118/><E118/><N who="2" m="45067" /><F133/><W116/><G116/><T33/><D134/><U123/><E129/><V132/><F132/><W57/><G115/><T84/><D10/><U29/><E9/><V106/><F131/><W39/><G39/><T108/><D74/><U38/><E127/><V53/><F106/><W5/><G120/><T14/><D14/><U13/><E13/><V113/><F67/><W50/><G1/><T121/><D121/><U17/><E17/><V109/><F109/><N who="0" m="42058" /><D107/><U125/><E125/><V83/><F113/><W32/><G105/><T85/><D98/><U45/><E78/><V110/><F110/><W128/><G104/><T68/><D79/><U60/><E75/><V8/><F8/><W56/><G128/><T59/><D85/><U80/><E38/><N who="2" m="21879" /><F91/><W0/><G0/><T100/><D84/><U23/><E123/><V126/><F126/><W27/><G86/><T114/><D114/><U97/><E122/><V77/><F77/><W94/><G18/><T28/><D28/><AGARI ba="1,0" hai="4,5,25,27,28,31,32,35,49,50,56,57,94,95" machi="28" ten="25,6400,0" yaku="22,2,52,2" doraHai="26" who="3" fromWho="0" sc="327,-67,250,0,173,0,250,67" />
</Scene>
<Scene>
<INIT seed="1,0,0,2,0,121" ten="260,250,173,317" oya="1" hai0="57,7,2,84,5,1,18,73,67,90,20,97,109" hai1="48,30,60,40,119,31,120,94,132,69,78,11,38" hai2="85,68,61,105,104,129,35,125,8,123,63,52,12" hai3="75,27,122,26,127,37,87,43,46,55,33,115,54"/><U116/><E120/><V98/><F123/><W131/><G75/><T128/><D73/><U6/><E132/><V83/><F35/><W86/><G115/><T0/><D97/><U96/><E38/><V108/><F125/><W9/><G127/><T126/><D126/><U110/><E78/><V19/><F129/><W124/><G124/><T82/><D128/><U39/><E39/><V88/><F108/><W89/><G131/><T101/><D101/><U25/><E48/><V3/><F3/><W95/><G122/><T135/><D109/><U32/><E40/><V22/><F68/><W17/><G86/><T133/><D67/><U23/><E110/><V72/><F72/><W79/><G79/><T70/><D57/><U45/><E45/><V77/><F105/><W14/><G33/><T130/><D70/><U42/><E42/><V49/><F22/><W81/><G95/><T99/><D99/><U106/><E31/><V93/><F104/><W80/><G80/><T64/><D64/><N who="1" m="41095" /><E23/><V41/><F41/><W34/><G34/><T66/><D66/><U47/><E94/><V111/><F111/><W71/><G71/><T102/><D102/><N who="1" m="62791" /><E47/><AGARI ba="0,0" hai="8,12,19,47,49,52,61,63,77,83,85,88,93,98" machi="47" ten="30,7700,0" yaku="7,1,8,1,54,2" doraHai="121" who="2" fromWho="1" sc="260,0,250,-77,173,77,317,0" />
</Scene>
<Scene>
<INIT seed="2,0,0,4,0,11" ten="260,173,250,317" oya="2" hai0="60,12,77,76,5,126,50,44,53,2,14,55,58" hai1="125,98,30,26,100,48,117,115,24,19,4,62,70" hai2="8,99,6,67,63,127,46,21,91,65,111,84,22" hai3="39,114,56,122,116,31,41,25,28,23,131,132,82"/><V128/><F128/><W102/><G116/><T92/><D2/><U47/><E117/><V49/><F99/><W78/><G122/><T134/><D134/><U89/><E115/><V27/><F127/><W52/><G131/><T133/><D133/><U129/><E129/><V17/><F111/><W119/><G119/><T18/><D126/><U13/><E125/><V72/><F72/><W0/><G0/><T75/><D75/><U7/><E89/><V83/><F63/><W97/><G114/><T66/><D92/><U34/><E24/><V1/><REACH who="2" step="1"/><F21/><REACH who="2" ten="260,173,240,317" step="2"/><W106/><G132/><T79/><D5/><U45/><E4/><V103/><F103/><W88/><G23/><T38/><D38/><U121/><E7/><V36/><F36/><W16/><G39/><T135/><D135/><U107/><E48/><V112/><F112/><W81/><G102/><T71/><REACH who="0" step="1"/><D18/><REACH who="0" ten="250,173,240,317" step="2"/><U130/><E130/><V74/><F74/><W54/><G16/><T35/><D35/><U95/><E121/><V109/><F109/><W32/><G32/><T110/><D110/><U42/><E107/><V96/><F96/><W108/><G97/><T57/><D57/><U3/><E19/><V87/><F87/><W90/><G56/><T120/><D120/><U80/><E98/><V93/><F93/><W118/><G108/><T86/><D86/><U123/><E95/><V51/><F51/><AGARI ba="0,2" hai="12,14,44,50,51,53,55,58,60,66,71,76,77,79" machi="51" ten="40,5200,0" yaku="1,1,52,2,53,0" doraHai="11" doraHaiUra="29" who="0" fromWho="2" sc="250,72,173,0,240,-52,317,0" />
</Scene>
<Scene>
<INIT seed="3,0,0,1,1,66" ten="322,173,188,317" oya="3" hai0="2,100,39,38,133,57,60,110,41,13,28,118,98" hai1="26,81,119,132,74,19,75,104,86,61,124,27,85" hai2="49,73,51,97,67,48,92,36,94,96,109,58,107" hai3="113,105,8,111,56,22,46,9,35,106,116,43,29"/><W44/><G113/><T17/><D2/><U37/><E37/><V84/><F73/><W79/><G35/><T10/><D110/><U52/><E104/><V31/><F36/><W89/><G79/><T91/><D133/><U127/><E119/><V102/><F109/><W45/><G43/><T54/><D41/><U30/><E19/><V20/><F84/><N who="1" m="32361" /><E132/><V6/><F6/><W87/><G116/><T53/><D91/><U122/><E122/><V121/><F121/><W101/><G101/><T55/><D28/><U11/><E11/><V71/><F58/><W83/><G106/><T131/><D131/><U42/><E42/><V40/><F40/><W12/><G105/><T69/><D69/><U70/><E81/><V7/><F7/><W95/><G83/><T126/><D126/><N who="1" m="48171" /><E26/><V3/><F3/><W82/><G82/><T65/><D118/><U1/><E1/><V99/><F107/><W80/><G80/><T128/><D128/><U90/><E90/><V134/><F134/><W5/><G111/><T33/><D100/><U117/><E117/><V129/><F129/><W115/><G8/><T120/><D120/><U68/><E52/><V125/><F125/><W14/><G115/><T77/><D77/><U50/><E50/><V16/><F31/><W78/><G78/><T123/><D123/><U0/><E0/><V64/><F102/><W108/><G29/><T24/><D98/><U25/><E25/><N who="2" m="14471" /><F64/><W93/><G89/><T135/><D135/><U114/><E30/><V32/><F32/><W76/><G76/><T23/><D33/><U34/><E34/><RYUUKYOKU ba="0,0" sc="322,15,173,-15,188,15,317,-15" hai0="10,13,17,23,24,38,39,53,54,55,57,60,65" hai2="48,49,51,67,71,92,94,96,97,99" />
</Scene>
<Scene>
<INIT seed="4,1,0,0,1,77" ten="337,158,203,302" oya="0" hai0="55,78,104,45,133,102,56,47,7,64,39,40,1" hai1="85,122,67,9,126,96,57,4,11,113,48,108,50" hai2="36,32,25,94,58,105,27,12,107,90,65,21,109" hai3="89,41,75,62,112,84,33,127,99,92,120,79,135"/><T68/><D104/><U28/><E122/><V125/><F36/><W69/><G33/><T3/><D102/><U49/><E108/><V13/><F109/><W110/><G41/><T76/><D47/><U24/><E126/><V98/><F125/><W42/><G42/><T60/><D133/><U70/><E70/><V114/><F114/><W16/><G110/><T74/><D7/><U82/><E96/><V124/><F124/><W73/><G112/><T38/><D39/><U134/><E134/><V8/><F32/><W116/><G116/><T37/><D37/><U6/><E113/><V10/><F107/><W18/><G120/><T86/><D74/><U54/><E67/><V97/><F105/><W0/><G0/><T123/><D123/><U19/><E28/><V22/><F65/><W72/><G135/><T87/><D78/><U132/><E132/><V103/><F58/><W51/><G51/><N who="0" m="30847" /><D76/><U2/><E24/><V30/><F103/><W119/><G119/><T121/><D121/><U23/><E23/><V44/><F44/><W95/><BYE who="2" /><G127/><T101/><D101/><U29/><E19/><V81/><F81/><N who="3" m="47167" /><G69/><T83/><D83/><UN n2="%E5%A4%AA%E3%81%8F%E3%81%AA%E3%81%84%E3%81%8A" /><U71/><E29/><N who="2" m="17583" /><F98/><W129/><G99/><T80/><D80/><U14/><REACH who="1" step="1"/><E71/><REACH who="1" ten="337,148,203,302" step="2"/><V20/><F20/><W115/><G115/><T34/><D34/><U17/><E17/><V111/><F111/><W130/><G18/><T15/><D68/><U93/><E93/><V31/><F31/><W35/><G16/><T118/><D64/><U52/><E52/><V61/><F61/><W100/><G62/><T59/><D60/><RYUUKYOKU ba="1,1" sc="337,-15,148,15,203,15,302,-15" hai1="2,4,6,9,11,14,48,49,50,54,57,82,85" hai2="8,10,12,13,22,27,30,90,94,97" />
</Scene>
<Scene>
<INIT seed="5,2,1,5,5,62" ten="322,163,218,287" oya="1" hai0="22,23,85,70,76,122,54,121,89,130,105,87,134" hai1="115,19,83,53,125,39,17,21,55,129,30,114,103" hai2="0,61,67,1,86,104,48,49,9,68,4,6,90" hai3="124,12,51,33,41,110,131,127,59,3,36,108,31"/><U94/><E39/><V101/><F101/><W77/><G3/><T27/><D105/><U25/><E83/><V71/><F104/><W100/><G100/><T78/><D70/><U80/><E80/><V45/><F68/><W98/><G98/><T34/><D34/><U74/><E74/><V20/><F20/><W109/><G77/><T56/><D23/><U44/><E129/><V88/><F86/><N who="0" m="32778" /><D89/><U93/><E125/><N who="3" m="48202" /><G131/><T107/><D134/><U118/><E118/><V8/><REACH who="2" step="1"/><F49/><REACH who="2" ten="322,163,208,287" step="2"/><W43/><G51/><N who="0" m="30815" /><D107/><U116/><E116/><V46/><F46/><W113/><G110/><T38/><D130/><U97/><E93/><V28/><F28/><W26/><G31/><T5/><D38/><U69/><E69/><V81/><F81/><W63/><G36/><T84/><D84/><U96/><E44/><V7/><F7/><W132/><G108/><T128/><D5/><U29/><E29/><V35/><F35/><W79/><G33/><T14/><D128/><U47/><E47/><V120/><F120/><W72/><G109/><T57/><D122/><U102/><E102/><V16/><F16/><N who="1" m="6217" /><E97/><V91/><F91/><W58/><G79/><T40/><D121/><U32/><E32/><V126/><F126/><W133/><G72/><T99/><D99/><U135/><E135/><V11/><F11/><W24/><G133/><T66/><D78/><U95/><E95/><V73/><F73/><W13/><G132/><T60/><D76/><U15/><E15/><V64/><F64/><W92/><G12/><T111/><D14/><U52/><E94/><V42/><AGARI ba="2,2" hai="0,1,4,6,8,9,42,45,48,61,67,71,88,90" machi="42" ten="20,12000,2" yaku="1,1,5,1,0,1,7,1,9,1,52,1,54,1,53,0" doraHai="62" doraHaiUra="10" who="2" fromWho="2" sc="322,-32,163,-62,208,146,287,-32" />
</Scene>
<Scene>
<INIT seed="6,0,0,5,3,64" ten="290,101,354,255" oya="2" hai0="111,61,115,53,43,63,113,56,65,13,107,122,71" hai1="108,32,9,47,104,8,45,66,88,29,54,100,11" hai2="78,2,62,90,110,83,52,33,85,126,98,19,103" hai3="0,59,3,74,82,21,135,42,120,119,58,97,125"/><V127/><F2/><W49/><G119/><T27/><D107/><U55/><E108/><V14/><F33/><W129/><G120/><T121/><D27/><U80/><E29/><V15/><F110/><W22/><G125/><N who="2" m="47625" /><F78/><W131/><G135/><T67/><D13/><U73/><E32/><V35/><F35/><W79/><G97/><T5/><D5/><U93/><E66/><V118/><F118/><W77/><G42/><T124/><D111/><U84/><E47/><V60/><F52/><N who="3" m="32015" /><G59/><N who="0" m="37119" /><D43/><U123/><E123/><N who="0" m="47113" /><D124/><U105/><E105/><N who="2" m="63735" /><F14/><W114/><G77/><T128/><D128/><N who="3" m="49225" /><G114/><N who="0" m="43531" /><D53/><U132/><E132/><V68/><F68/><AGARI ba="0,0" hai="56,61,67,68,71" m="43531,47113,37119" machi="68" ten="30,8000,1" yaku="15,1,34,2,52,2" doraHai="64" who="0" fromWho="2" sc="290,80,101,0,354,-80,255,0" />
</Scene>
<Scene>
<INIT seed="7,0,0,1,2,107" ten="370,101,274,255" oya="3" hai0="84,101,26,14,17,9,45,48,24,36,23,127,117" hai1="44,22,98,25,83,74,64,0,116,79,122,118,59" hai2="91,104,119,102,15,88,128,13,86,123,115,37,120" hai3="3,54,63,32,111,82,51,65,16,69,96,50,93"/><W2/><G32/><T76/><D117/><U40/><E122/><N who="2" m="46635" /><F119/><W121/><G121/><T21/><D36/><U10/><E98/><N who="2" m="61527" /><F115/><W53/><G82/><N who="0" m="47175" /><D101/><U113/><E113/><V71/><F128/><W135/><G135/><T81/><D127/><U133/><E133/><V35/><F37/><W4/><G111/><T110/><D81/><U19/><E59/><V112/><F112/><W18/><G50/><T70/><D70/><U29/><E64/><V42/><F42/><W60/><G60/><T77/><D77/><U57/><E57/><V34/><F71/><W46/><G54/><N who="0" m="29967" /><D110/><U52/><E29/><V38/><F38/><W67/><G67/><T20/><AGARI ba="0,0" hai="9,14,17,20,21,23,24,26" m="29967,47175" machi="20" ten="30,1100,0" yaku="8,1" doraHai="107" who="0" fromWho="0" sc="370,11,101,-3,274,-3,255,-5" owari="381,48.0,98,-40.0,271,7.0,250,-15.0" />
</Scene>
</mjloggm>