<mjloggm ver="2.3"><GO type="169" lobby="0"/><UN n0="%79%61%6D%61%61%70%71" n1="%E3%83%AD%E3%83%83%E3%83%86%E9%9B%80%E7%90%83" n2="%73%68%6F%6F%74%33%39" n3="%E5%A4%AA%E3%81%8F%E3%81%AA%E3%81%84%E3%81%8A" dan="16,16,18,18" rate="2121.83,2119.31,2216.61,2285.83" sx="M,M,M,F"/><TAIKYOKU oya="0"/>

<Scene>
<INIT seed="0,0,0,0,2,15" ten="250,250,250,250" oya="0" hai0="12,42,74,35,17,107,61,111,88,14,71,70,114" hai1="79,59,113,72,37,128,127,33,95,86,30,94,13" hai2="16,20,6,83,60,119,110,57,44,18,89,4,31" hai3="121,97,126,84,67,99,102,26,78,131,28,3,21"/><T92/><D114/><U56/><E37/><V5/><F110/><W73/><G3/><T105/><D74/><U98/><E72/><V132/><F132/><W117/><G117/><T41/><D35/><U7/><E33/><V54/><F119/><W22/><G73/><T134/><D134/><U108/><E108/><V36/><F36/><W75/><G75/><T53/><D111/><U124/><E128/><V9/><F44/><W66/><G131/><T129/><D129/><U120/><E30/><V76/><F76/><W109/><G109/><T24/><D71/><U115/><E7/><V135/><F9/><W81/><G126/><N who="1" m="48170" /><E13/><N who="0" m="5225" /><D70/><U32/><E32/><V80/><F135/><W118/><G118/><T62/><D105/><U68/><E68/><V1/><F1/><W23/><G121/><T55/><D107/><U125/><E125/><V100/><F100/><W46/><G46/><T82/><D82/><N who="2" m="31274" /><F89/><W11/><G11/><T27/><D27/><AGARI ba="0,0" hai="4,5,6,16,18,20,27,31,54,57,60" m="31274" machi="27" ten="30,7700,0" yaku="8,1,52,2,54,1" doraHai="15" who="2" fromWho="0" sc="250,-77,250,0,250,77,250,0" />
</Scene>
<Scene>
<INIT seed="1,0,0,2,5,90" ten="173,250,327,250" oya="1" hai0="24,82,8,98,100,108,79,85,0,29,3,22,80" hai1="2,119,129,127,48,27,111,21,131,113,1,75,109" hai2="78,57,7,126,67,72,93,66,74,52,4,118,120" hai3="132,6,114,128,64,94,117,54,58,49,47,36,106"/><U16/><E113/><V123/><F118/><W46/><G106/><T40/><D108/><N who="1" m="41547" /><E119/><V84/><F126/><W41/><G117/><T15/><D40/><U17/><E127/><V61/><F74/><W55/><G114/><T101/><D82/><U51/><E75/><V69/><F72/><W95/><G132/><T102/><REACH who="0" step="1"/><D98/><REACH who="0" ten="163,250,327,250" step="2"/><U33/><E33/><V107/><F120/><W83/><G83/><T133/><D133/><U34/><E34/><V18/><F123/><W63/><G128/><N who="1" m="49226" /><E17/><AGARI ba="0,1" hai="0,3,8,15,17,22,24,29,79,80,85,100,101,102" machi="17" ten="40,1300,0" yaku="1,1,53,0" doraHai="90" doraHaiUra="39" who="0" fromWho="1" sc="163,23,250,-13,327,0,250,0" />
</Scene>
<Scene>
<INIT seed="2,0,0,2,4,4" ten="186,237,327,250" oya="2" hai0="61,126,107,91,92,133,23,80,103,111,100,33,83" hai1="8,2,121,47,46,75,116,73,51,127,28,117,108" hai2="125,17,1,70,26,118,58,55,98,131,16,63,124" hai3="43,7,110,114,96,10,76,15,53,11,32,21,119"/><V13/><F1/><W52/><G32/><T101/><D33/><U9/><E2/><V19/><F118/><W25/><G119/><T78/><D23/><U105/><E105/><V120/><F120/><W82/><G110/><T6/><D6/><U74/><E108/><V69/><F131/><W38/><G114/><T93/><D111/><U34/><E121/><V123/><F123/><W30/><G96/><N who="0" m="59407" /><D61/><U27/><E127/><N who="2" m="48715" /><F26/><W64/><G64/><T3/><D3/><U42/><E117/><V29/><F29/><W66/><G66/><T54/><D54/><U72/><N who="1" m="18432" /><DORA hai="129" /><U115/><E116/><V31/><F31/><W62/><G62/><T122/><D122/><U37/><REACH who="1" step="1"/><E115/><REACH who="1" ten="186,227,327,250" step="2"/><V41/><F70/><W0/><G0/><T60/><D126/><U65/><E65/><V106/><F69/><W130/><G130/><T99/><D107/><U14/><E14/><V22/><F41/><AGARI ba="0,1" hai="8,9,27,28,34,37,41,42,46,47,51" m="18432" machi="41" ten="70,8000,1" yaku="1,1,52,2,53,0" doraHai="4,129" doraHaiUra="112,35" who="1" fromWho="2" sc="186,0,227,90,327,-80,250,0" />
</Scene>
<Scene>
<INIT seed="3,0,0,1,1,55" ten="186,317,247,250" oya="3" hai0="31,50,84,117,34,28,72,110,36,22,127,111,71" hai1="17,48,97,1,123,69,81,11,78,51,54,124,60" hai2="4,90,16,26,9,134,35,14,118,128,68,105,58" hai3="33,103,5,63,73,59,115,91,46,121,24,61,8"/><W99/><G115/><T39/><D50/><U125/><E123/><V12/><F68/><W100/><G73/><T21/><D84/><N who="1" m="48183" /><E97/><V70/><F70/><W92/><G121/><T3/><D71/><U53/><E53/><V76/><F105/><W132/><G132/><T23/><D72/><U77/><E77/><V40/><F118/><W20/><G33/><T19/><D117/><U62/><E51/><V94/><F128/><W96/><G46/><T74/><D74/><U38/><E38/><N who="0" m="14377" /><D3/><U18/><E1/><V126/><F126/><N who="1" m="48745" /><E11/><V32/><F40/><W29/><G96/><T133/><D127/><U65/><E62/><V129/><F76/><W135/><G63/><T30/><D133/><U0/><E0/><V130/><F134/><W116/><G116/><T108/><D19/><U27/><E27/><AGARI ba="0,0" hai="21,22,23,27,28,30,31,34,108,110,111" m="14377" machi="27" ten="40,1300,0" yaku="14,1" doraHai="55" who="0" fromWho="1" sc="186,13,317,-13,247,0,250,0" />
</Scene>
<Scene>
<INIT seed="4,0,0,1,3,125" ten="199,304,247,250" oya="0" hai0="29,3,114,37,17,51,10,85,55,124,6,127,81" hai1="21,109,26,50,47,119,35,49,72,43,117,75,134" hai2="100,2,15,66,46,70,80,63,103,133,12,34,99" hai3="128,23,120,18,105,82,60,13,22,67,126,97,106"/><T42/><D114/><U74/><E109/><V92/><F2/><W36/><G36/><T28/><D17/><U1/><E1/><V86/><F34/><W83/><G126/><N who="0" m="48171" /><D42/><U14/><E35/><V90/><F133/><W45/><G45/><N who="0" m="28143" /><D37/><U107/><E134/><V62/><F46/><W88/><G120/><T130/><D130/><U9/><E107/><V132/><F132/><W57/><G128/><T40/><D40/><U7/><REACH who="1" step="1"/><E50/><REACH who="1" ten="199,294,247,250" step="2"/><V131/><F131/><W8/><G105/><T65/><D65/><U39/><E39/><V96/><F63/><W69/><G106/><AGARI ba="0,1" hai="12,15,62,66,70,80,86,90,92,96,99,100,103,106" machi="106" ten="30,1000,0" yaku="7,1" doraHai="125" who="2" fromWho="3" sc="199,0,294,0,247,20,250,-10" />
</Scene>
<Scene>
<INIT seed="5,0,0,4,5,131" ten="199,294,267,240" oya="1" hai0="109,122,11,99,115,30,64,126,29,66,18,12,107" hai1="90,7,58,103,88,34,40,125,57,91,59,52,2" hai2="20,120,15,116,70,17,102,44,49,56,106,36,42" hai3="69,86,100,5,54,80,77,135,6,83,3,74,75"/><U95/><E34/><V32/><F116/><W96/><G69/><T97/><D109/><U94/><E125/><V13/><F120/><W51/><G135/><T128/><D128/><U92/><E40/><V35/><F70/><W113/><G113/><T89/><D126/><U108/><E108/><V81/><F106/><W105/><G3/><T67/><D115/><U55/><REACH who="1" step="1"/><E103/><REACH who="1" ten="199,284,267,240" step="2"/><V19/><F102/><W50/><G75/><T41/><D122/><U134/><E134/><V85/><F36/><W31/><G74/><T104/><D41/><U4/><E4/><V98/><F35/><W71/><G5/><T10/><D104/><U9/><AGARI ba="0,1" hai="2,7,9,52,55,57,58,59,88,90,91,92,94,95" machi="9" ten="40,18000,2" yaku="1,1,0,1,29,2,54,2,53,0" doraHai="131" doraHaiUra="28" who="1" fromWho="1" sc="199,-60,284,190,267,-60,240,-60" />
</Scene>
<Scene>
<INIT seed="5,1,0,3,0,67" ten="139,474,207,180" oya="1" hai0="24,126,103,30,25,81,33,117,133,80,129,52,111" hai1="45,79,55,109,101,72,70,42,21,122,99,40,50" hai2="92,102,134,23,49,119,9,27,46,91,73,35,5" hai3="1,76,22,124,54,51,96,61,4,11,123,62,19"/><U104/><E122/><V43/><F119/><W90/><G123/><T66/><D111/><U77/><E109/><V127/><F35/><W84/><G96/><T132/><D117/><U110/><E110/><V58/><F73/><W78/><G78/><T68/><D126/><U89/><E70/><V16/><F127/><W118/><G76/><T15/><D129/><U48/><E72/><V128/><F134/><N who="0" m="51818" /><D103/><U37/><E37/><V105/><F128/><W18/><G124/><T75/><D24/><U125/><E125/><V71/><F71/><W108/><G108/><T98/><D98/><U114/><E114/><V13/><F105/><W64/><G118/><T59/><D75/><U116/><E116/><V93/><F102/><W6/><G6/><T8/><D66/><U7/><E7/><V74/><F74/><W63/><G64/><T36/><D36/><U86/><E21/><V83/><F58/><W53/><G22/><T34/><D34/><U17/><E17/><V88/><F91/><W112/><G112/><T44/><D44/><U32/><E32/><V87/><AGARI ba="1,0" hai="5,9,13,16,23,27,43,46,49,83,87,88,92,93" machi="87" ten="30,7900,0" yaku="0,1,8,1,54,2" doraHai="67" who="2" fromWho="2" sc="139,-21,474,-40,207,82,180,-21" />
</Scene>
<Scene>
<INIT seed="6,0,0,5,5,90" ten="118,434,289,159" oya="2" hai0="16,43,7,119,48,56,77,107,135,11,132,130,15" hai1="125,27,14,80,1,59,53,110,124,10,52,94,111" hai2="69,87,68,24,75,65,22,118,116,26,71,96,57" hai3="106,82,54,28,131,95,31,64,122,123,129,128,84"/><V38/><F75/><W134/><G106/><T46/><D130/><U117/><E1/><V6/><F38/><W9/><G134/><T121/><D121/><N who="3" m="46089" /><G64/><T13/><D107/><U33/><E117/><V85/><F6/><W92/><G54/><N who="1" m="21098" /><E80/><V86/><F96/><W34/><G9/><T109/><D109/><U97/><E59/><V41/><F41/><W49/><G49/><T91/><D56/><U45/><E45/><V8/><F8/><W114/><G114/><T40/><D40/><U19/><E27/><V60/><REACH who="2" step="1"/><F26/><REACH who="2" ten="118,434,279,159" step="2"/><N who="3" m="18711" /><G31/><AGARI ba="0,1" hai="22,24,31,57,60,65,68,69,71,85,86,87,116,118" machi="31" ten="50,2400,0" yaku="1,1,53,0" doraHai="90" doraHaiUra="89" who="2" fromWho="3" sc="118,0,434,0,279,34,159,-24" />
</Scene>
<Scene>
<INIT seed="6,1,0,5,3,6" ten="118,434,313,135" oya="2" hai0="1,27,87,15,100,120,51,58,104,47,111,28,36" hai1="80,107,105,106,83,30,60,2,92,26,31,21,112" hai2="55,59,49,10,94,131,32,71,117,70,33,20,5" hai3="65,128,132,74,35,89,122,29,97,37,135,75,46"/><V44/><F117/><W61/><G122/><T103/><D120/><U134/><E112/><V108/><F108/><W48/><G37/><T118/><D1/><U84/><E134/><N who="3" m="51242" /><G128/><T45/><D111/><U99/><E2/><V127/><F131/><W91/><G29/><T109/><D109/><U16/><E60/><V77/><F127/><W23/><G23/><N who="0" m="15487" /><D104/><U3/><E3/><V68/><F20/><W76/><G35/><T52/><D36/><U110/><E83/><V38/><F77/><W57/><G76/><T67/><D118/><U14/><E110/><V129/><F129/><W86/><G97/><T95/><D15/><U25/><E31/><V82/><F82/><N who="3" m="49367" /><G91/><N who="0" m="53759" /><D67/><U133/><E133/><V85/><F85/><W78/><G78/><T7/><D7/><U41/><E84/><V119/><F119/><W53/><AGARI ba="1,0" hai="46,48,53,57,61,65,74,75" m="49367,51242" machi="53" ten="30,1100,0" yaku="20,1" doraHai="6" who="3" fromWho="3" sc="118,-4,434,-4,313,-6,135,14" />
</Scene>
<Scene>
<INIT seed="7,0,0,4,3,103" ten="114,430,307,149" oya="3" hai0="67,32,48,80,117,128,95,57,75,99,85,0,51" hai1="62,124,83,111,39,90,91,42,45,43,53,123,18" hai2="6,89,63,19,35,1,10,52,110,93,16,114,76" hai3="74,126,84,41,108,96,127,79,65,135,14,66,44"/><W116/><G116/><T12/><D128/><U68/><E111/><V120/><F110/><W27/><G74/><T58/><D117/><U3/><E3/><V119/><F119/><W25/><G108/><T64/><D32/><U7/><E7/><V122/><F76/><W5/><G135/><T133/><D75/><U71/><E43/><V36/><F36/><W8/><G96/><T31/><D0/><U47/><E123/><V22/><F35/><W28/><G79/><T69/><D69/><U87/><E124/><N who="3" m="47658" /><G84/><T30/><D12/><U132/><E132/><V24/><F19/><W88/><G88/><T129/><D129/><U17/><E91/><V112/><F122/><W13/><G13/><T33/><D133/><U100/><E100/><V81/><F81/><W46/><G46/><T98/><D33/><U60/><E45/><V107/><F120/><W115/><G115/><T15/><D15/><U50/><E17/><V54/><F114/><W37/><G27/><T20/><D95/><U86/><E18/><V105/><F112/><W94/><G94/><T73/><D73/><U61/><E87/><V49/><F63/><W134/><G134/><T29/><D85/><U72/><E72/><V109/><F109/><W125/><G125/><T55/><D80/><U40/><E71/><V78/><F78/><W113/><G113/><T56/><D20/><AGARI ba="0,0" hai="5,8,14,20,25,28,37,41,44,65,66" m="47658" machi="20" ten="30,1500,0" yaku="18,1" doraHai="103" who="3" fromWho="0" sc="114,-15,430,0,307,0,149,15" />
</Scene>
<Scene>
<INIT seed="7,1,0,5,2,66" ten="99,430,307,164" oya="3" hai0="41,121,124,46,2,134,73,130,69,104,80,83,49" hai1="68,126,111,88,42,9,33,31,55,35,106,78,57" hai2="65,3,100,44,21,0,4,15,96,76,48,87,47" hai3="105,114,43,11,128,70,19,125,63,116,79,112,120"/><W101/><G116/><T1/><D83/><U99/><E68/><V74/><F74/><W16/><G120/><T103/><D124/><U133/><E111/><V20/><F47/><W18/><G125/><T61/><D130/><U92/><E126/><V108/><F0/><W129/><G43/><T8/><D134/><U30/><E133/><V115/><F3/><W89/><G79/><T60/><D121/><U75/><E106/><V38/><F65/><N who="3" m="41279" /><G89/><T36/><D49/><U25/><E42/><V17/><F38/><W5/><G101/><T52/><D52/><U34/><E31/><V28/><F108/><W26/><G26/><T53/><D53/><U102/><E9/><V84/><F4/><W27/><G27/><T64/><D61/><U119/><E119/><V58/><F76/><W72/><G105/><T77/><D8/><U7/><E7/><V71/><F71/><W29/><G29/><T54/><D54/><U135/><E135/><V6/><F6/><W90/><G90/><T14/><D14/><U85/><E78/><V131/><F28/><W113/><G72/><T98/><AGARI ba="1,0" hai="1,2,36,41,46,60,64,69,73,77,80,98,103,104" machi="98" ten="30,8000,1" yaku="0,1,33,3,52,1" doraHai="66" who="0" fromWho="0" sc="99,83,430,-21,307,-21,164,-41" owari="182,-22.0,409,51.0,286,9.0,123,-38.0" />
</Scene>
</mjloggm>