<mjloggm ver="2.3"><GO type="169" lobby="0"/><UN n0="%66%75%6A%69" n1="%72%63%70%62" n2="%6B%69%79%6F%6E%61%72%69" n3="%E5%A4%AA%E3%81%8F%E3%81%AA%E3%81%84%E3%81%8A" dan="16,16,16,18" rate="2041.12,2095.19,2095.37,2274.00" sx="M,M,M,F"/><TAIKYOKU oya="0"/>

<Scene>
<INIT seed="0,0,0,3,2,29" ten="250,250,250,250" oya="0" hai0="18,92,129,119,25,89,14,46,115,35,101,135,19" hai1="118,117,41,88,27,24,73,20,21,70,96,93,22" hai2="134,53,78,13,5,102,125,77,95,49,80,107,87" hai3="52,55,68,26,72,1,34,85,42,131,61,97,59"/><T3/><D119/><U23/><E70/><V127/><F107/><W36/><G72/><T11/><D115/><U124/><E73/><V116/><F116/><W60/><G1/><T58/><D129/><U128/><E124/><N who="2" m="47691" /><F134/><W16/><G131/><T104/><D135/><U69/><E128/><V65/><F65/><W71/><G85/><T47/><D3/><U99/><E69/><V84/><F5/><W56/><G97/><T39/><D104/><U74/><E74/><V45/><F13/><W6/><G6/><T10/><D101/><U91/><E41/><V94/><F102/><W50/><G36/><T54/><D39/><U62/><E62/><V0/><F0/><W48/><G42/><T110/><D11/><U100/><E27/><V111/><F111/><W33/><G26/><T98/><D110/><U81/><E81/><AGARI ba="0,0" hai="45,49,53,77,78,80,81,84,87,94,95" m="47691" machi="81" ten="30,1000,0" yaku="18,1" doraHai="29" who="2" fromWho="1" sc="250,0,250,-10,250,10,250,0" />
</Scene>
<Scene>
<INIT seed="1,0,0,1,2,0" ten="250,240,260,250" oya="1" hai0="13,11,37,119,3,83,101,91,5,106,12,124,14" hai1="75,126,52,35,90,127,118,40,45,39,132,29,98" hai2="24,43,1,131,22,71,112,115,28,30,31,68,2" hai3="130,129,99,93,18,117,114,92,67,111,125,27,123"/><U107/><E118/><V97/><F43/><W86/><G67/><T9/><D124/><N who="1" m="47659" /><E75/><V72/><F72/><W25/><G125/><T122/><D119/><U59/><E132/><V135/><F97/><W7/><G117/><T87/><D37/><U134/><E134/><V82/><F82/><W44/><G123/><T103/><D122/><U77/><E77/><V80/><F80/><W8/><G114/><N who="2" m="43561" /><F135/><W76/><G76/><T36/><D36/><U105/><E90/><V63/><F131/><W41/><G86/><T6/><REACH who="0" step="1"/><D106/><REACH who="0" ten="240,240,260,250" step="2"/><U15/><E107/><V58/><F71/><W48/><G129/><T20/><D20/><U79/><E105/><V47/><F68/><W113/><G130/><T69/><D69/><U108/><E39/><V64/><F47/><W26/><G113/><T4/><D4/><U109/><E45/><V73/><F73/><W56/><G7/><T70/><D70/><U78/><E108/><V65/><F22/><W102/><G111/><T120/><D120/><U33/><E109/><V74/><F74/><W16/><G56/><T88/><D88/><U60/><E59/><V81/><F58/><W100/><G8/><T61/><D61/><U55/><E60/><V66/><F63/><W94/><REACH who="3" step="1"/><G102/><AGARI ba="0,1" hai="3,5,6,9,11,12,13,14,83,87,91,101,102,103" machi="102" ten="40,8000,1" yaku="1,1,52,2,53,1" doraHai="0" doraHaiUra="84" who="0" fromWho="3" sc="240,90,240,0,260,0,250,-80" />
</Scene>
<Scene>
<INIT seed="2,0,0,0,5,36" ten="330,240,260,170" oya="2" hai0="132,118,115,68,59,126,20,37,108,107,49,74,73" hai1="6,50,31,129,82,47,16,42,71,104,103,40,67" hai2="99,123,13,2,133,29,130,53,10,54,11,134,45" hai3="127,79,64,85,58,111,21,9,61,52,75,15,83"/><V57/><F123/><W114/><G111/><T34/><D20/><U135/><E6/><V26/><F130/><W63/><G127/><T96/><D49/><U17/><E129/><V119/><F119/><W62/><G114/><T28/><D59/><U35/><E135/><N who="2" m="51723" /><F99/><W24/><G75/><T81/><D28/><U121/><E121/><V51/><F2/><W124/><G124/><T95/><D81/><U66/><E82/><V110/><F13/><W125/><G125/><T72/><D95/><U1/><E1/><V33/><F110/><W120/><G120/><T97/><D96/><N who="1" m="61543" /><E42/><V60/><AGARI ba="0,0" hai="10,11,26,29,33,45,51,53,54,57,60" m="51723" machi="60" ten="30,1500,0" yaku="20,1" doraHai="36" who="2" fromWho="2" sc="330,-5,240,-5,260,15,170,-5" />
</Scene>
<Scene>
<INIT seed="2,1,0,3,5,53" ten="325,235,275,165" oya="2" hai0="86,90,133,44,85,5,38,72,35,64,48,32,91" hai1="109,51,27,29,0,21,57,17,95,121,82,59,118" hai2="8,68,130,81,75,19,7,115,83,13,65,112,20" hai3="61,2,135,50,41,43,105,93,16,129,101,76,62"/><V31/><F31/><W71/><G2/><T96/><D72/><U103/><E118/><V9/><F130/><W66/><G105/><T131/><D38/><U22/><E0/><V108/><F9/><W102/><G129/><T128/><D5/><U47/><E109/><V114/><F75/><W120/><G120/><T124/><D96/><N who="1" m="59807" /><E82/><V25/><REACH who="2" step="1"/><F108/><REACH who="2" ten="325,235,265,165" step="2"/><W84/><G135/><T94/><D133/><U132/><E132/><V33/><F33/><W28/><G28/><T45/><D35/><U123/><E121/><V126/><F126/><W49/><G16/><T122/><D32/><U87/><E123/><V10/><F10/><W119/><G119/><T110/><D124/><U106/><E106/><V26/><F26/><W63/><G71/><T100/><D110/><U79/><E79/><V98/><F98/><W88/><G76/><T54/><D122/><U30/><E87/><V39/><F39/><W52/><G66/><T14/><D64/><U74/><E74/><V40/><F40/><N who="3" m="15435" /><G49/><T12/><D48/><U1/><E1/><V78/><F78/><W11/><G11/><T18/><D131/><U3/><E3/><V107/><F107/><W73/><G73/><T117/><D128/><U116/><E116/><V113/><N who="2" m="28672" /><DORA hai="127" /><V97/><F97/><W69/><G69/><T56/><D117/><U34/><E34/><V42/><F42/><W58/><AGARI ba="1,1" hai="50,52,58,61,62,63,84,88,93,101,102" m="15435" machi="58" ten="30,7900,0" yaku="8,1,52,1,54,2" doraHai="53,127" who="3" fromWho="3" sc="325,-21,235,-21,265,-40,165,92" />
</Scene>
<Scene>
<INIT seed="3,0,0,4,2,36" ten="304,214,225,257" oya="3" hai0="48,62,49,83,88,84,120,122,98,41,92,130,67" hai1="85,97,58,75,37,24,103,105,27,57,93,87,19" hai2="23,119,46,91,95,125,109,77,45,102,68,12,0" hai3="96,40,2,107,3,8,5,99,26,126,74,7,76"/><W32/><G126/><T90/><D130/><U65/><E75/><V14/><F119/><W110/><G110/><T6/><D6/><U29/><E37/><V54/><F0/><W15/><G107/><T108/><D108/><U113/><E113/><V135/><F109/><W59/><G59/><T20/><D20/><U80/><E105/><V31/><F68/><W44/><G26/><T28/><D28/><U123/><E123/><V78/><F125/><W71/><G32/><T124/><D124/><U61/><E19/><V51/><F102/><W34/><G34/><T38/><D38/><U63/><E80/><V47/><F135/><W55/><G55/><T9/><D9/><U69/><E69/><V129/><F129/><W50/><G71/><T128/><D128/><U10/><E10/><V132/><F132/><W115/><G115/><T116/><D116/><U121/><E121/><V111/><F111/><W53/><G53/><T104/><D104/><U86/><REACH who="1" step="1"/><E29/><REACH who="1" ten="304,204,225,257" step="2"/><V131/><F31/><W33/><G7/><T30/><D30/><U118/><E118/><V17/><F131/><W52/><G74/><T134/><D134/><U43/><E43/><V56/><REACH who="2" step="1"/><F14/><REACH who="2" ten="304,204,215,257" step="2"/><W72/><G3/><T18/><D122/><U106/><E106/><V117/><F117/><W127/><G127/><T112/><D120/><U4/><E4/><V22/><F22/><W82/><G15/><T94/><D18/><U1/><E1/><V81/><F81/><W42/><REACH who="3" step="1"/><G33/><REACH who="3" ten="304,204,215,247" step="2"/><T89/><D112/><U79/><E79/><V60/><F60/><W114/><G114/><T13/><D62/><RYUUKYOKU ba="0,3" sc="304,-30,204,10,215,10,247,10" hai1="24,27,57,58,61,63,65,85,86,87,93,97,103" hai2="12,17,23,45,46,47,51,54,56,77,78,91,95" hai3="2,5,8,40,42,44,50,52,72,76,82,96,99" />
</Scene>
<Scene>
<INIT seed="3,1,3,0,1,91" ten="274,214,225,257" oya="3" hai0="64,73,68,42,67,127,87,61,36,5,66,101,17" hai1="133,92,123,128,27,7,21,96,99,100,16,29,37" hai2="84,90,40,69,53,89,105,122,55,39,30,56,88" hai3="94,32,18,63,47,129,48,82,25,85,3,78,11"/><W50/><G129/><T41/><D73/><U86/><E123/><V20/><F69/><W110/><G110/><T6/><D101/><U8/><E37/><V9/><F105/><W109/><G109/><T4/><D127/><U22/><E128/><V44/><F122/><W10/><G3/><T45/><D42/><U72/><E72/><V114/><F114/><W132/><G132/><T95/><REACH who="0" step="1"/><D17/><REACH who="0" ten="264,214,225,257" step="2"/><U14/><E133/><V135/><F135/><W77/><G18/><T51/><D51/><U108/><E108/><V1/><F39/><W107/><G48/><T65/><D65/><U70/><E70/><V112/><F112/><W34/><G50/><T13/><D13/><N who="1" m="5279" /><E96/><V106/><F1/><W54/><G54/><T19/><D19/><U118/><E118/><V33/><F55/><W60/><G107/><T98/><D98/><U113/><E113/><V102/><F53/><W125/><G125/><T31/><D31/><U131/><E131/><V24/><F106/><W117/><G117/><T46/><D46/><U116/><E116/><V134/><F44/><W103/><G47/><T52/><D52/><U38/><E38/><V26/><F40/><W28/><G103/><T97/><D97/><U71/><E71/><V12/><F102/><W0/><G0/><T43/><D43/><U83/><E86/><V115/><F134/><W74/><G74/><T111/><D111/><U119/><E119/><V15/><F115/><W130/><G130/><T58/><D58/><U49/><E49/><V126/><F126/><W121/><G85/><T57/><D57/><U80/><AGARI ba="1,4" hai="14,16,21,22,27,29,80,83,92,99,100" m="5279" machi="80" ten="30,7900,0" yaku="5,1,8,1,52,1,54,1" doraHai="91" who="1" fromWho="1" sc="264,-21,214,122,225,-21,257,-40" />
</Scene>
<Scene>
<INIT seed="4,0,0,0,0,117" ten="243,336,204,217" oya="0" hai0="120,67,36,51,41,29,0,20,61,48,122,34,14" hai1="27,38,127,54,1,58,115,129,84,86,11,76,105" hai2="62,37,108,40,55,91,135,133,90,23,44,49,2" hai3="87,128,22,24,47,98,85,102,111,32,17,110,123"/><T78/><D0/><U71/><E71/><V88/><F108/><W15/><G128/><T16/><D78/><U99/><E38/><V42/><F2/><W46/><G87/><T64/><D64/><U75/><E127/><V4/><F4/><W114/><G114/><T69/><BYE who="3" /><D36/><U74/><E129/><V130/><F130/><W65/><G65/><T13/><D13/><U92/><E115/><V18/><F62/><W35/><G35/><T3/><D3/><U26/><E105/><V70/><F70/><W113/><G113/><T131/><D131/><U30/><E27/><N who="2" m="14839" /><F37/><W6/><G6/><T107/><D107/><U21/><E1/><V77/><F77/><W52/><G52/><T94/><D94/><UN n3="%E5%A4%AA%E3%81%8F%E3%81%AA%E3%81%84%E3%81%8A" /><U132/><E11/><V112/><F112/><W104/><G85/><T97/><D97/><U56/><E76/><V12/><F12/><W39/><G39/><T33/><D51/><U119/><E75/><V124/><F124/><W63/><G63/><T73/><D73/><U134/><E74/><V96/><F96/><W8/><G32/><T9/><D9/><U95/><E99/><V82/><F82/><W66/><G66/><T43/><D34/><U28/><E26/><V57/><F44/><N who="3" m="16939" /><G111/><T31/><D48/><U72/><E72/><V59/><F57/><W5/><G110/><T79/><D79/><U116/><E54/><V118/><F118/><W45/><G45/><T89/><D89/><N who="2" m="22786" /><V83/><DORA hai="50" /><F83/><W53/><G53/><T125/><D125/><U80/><E80/><V106/><F106/><W19/><G5/><T60/><D69/><RYUUKYOKU ba="0,0" sc="243,-30,336,10,204,10,217,10" hai1="21,28,30,56,58,84,86,92,95,116,119,132,134" hai2="40,42,49,55,59,133,135" hai3="8,15,17,19,22,24,98,102,104,123" />
</Scene>
<Scene>
<INIT seed="5,1,0,3,0,40" ten="213,346,214,227" oya="1" hai0="2,39,31,5,59,96,107,38,4,23,81,43,124" hai1="121,127,104,105,35,19,83,92,131,133,86,82,41" hai2="60,53,27,85,54,0,119,115,9,67,93,120,58" hai3="135,132,75,113,55,62,65,14,70,33,52,130,89"/><U128/><E35/><V111/><F119/><W74/><G33/><T95/><D107/><N who="1" m="41035" /><E19/><V51/><F120/><W24/><G24/><T106/><D106/><U66/><E41/><V116/><F111/><W69/><G113/><T72/><D59/><U3/><E66/><V21/><F116/><W10/><G130/><N who="1" m="49706" /><E3/><V91/><F115/><W57/><G89/><T47/><D38/><U110/><E121/><V123/><F123/><W17/><G55/><T18/><D31/><U56/><E56/><V84/><F0/><W97/><G97/><T12/><D124/><U78/><E133/><N who="3" m="51274" /><G69/><T45/><D2/><U126/><E110/><V30/><F9/><W94/><G94/><T125/><D125/><N who="1" m="47627" /><E92/><V11/><F11/><W32/><G32/><T103/><D45/><U122/><E122/><V101/><F54/><W102/><G70/><T109/><D109/><U25/><E25/><V16/><F30/><W114/><G65/><T117/><D117/><U29/><E29/><V20/><F20/><W34/><G34/><T36/><D36/><U73/><E83/><V61/><F61/><W99/><G114/><T13/><D13/><U108/><E108/><V8/><F8/><W44/><G44/><T90/><D5/><U76/><E76/><V50/><F53/><W37/><G37/><T63/><D4/><U88/><E88/><N who="2" m="53383" /><F101/><W64/><G64/><T134/><D63/><U68/><E68/><V48/><F51/><W129/><G129/><T80/><D103/><U98/><E98/><V71/><F71/><W49/><G62/><T26/><D39/><U7/><E7/><RYUUKYOKU ba="1,0" sc="213,-30,346,10,214,10,227,10" hai1="73,78,82,86" hai2="16,21,27,48,50,58,60,67,85,91" hai3="10,14,17,49,52,57,74,75,99,102" />
</Scene>
<Scene>
<INIT seed="5,2,0,1,4,112" ten="183,356,224,237" oya="1" hai0="87,77,37,50,76,9,113,115,119,40,35,65,52" hai1="74,118,21,32,101,91,134,4,66,71,111,125,13" hai2="8,69,73,31,102,67,18,7,116,3,97,130,10" hai3="121,123,103,25,2,62,23,53,100,60,48,51,24"/><U95/><E32/><V36/><F116/><W58/><G23/><T107/><D35/><U88/><E74/><V27/><F73/><W90/><G58/><T0/><D107/><U45/><E118/><V1/><F36/><W19/><G90/><T34/><D34/><U12/><E134/><V30/><F130/><W85/><G85/><T129/><D65/><U78/><E78/><V132/><F132/><W109/><G19/><T114/><D129/><U16/><E125/><V70/><F67/><W94/><G94/><T63/><D63/><U6/><E111/><V49/><F49/><W55/><REACH who="3" step="1"/><G2/><REACH who="3" ten="183,356,224,227" step="2"/><T96/><D87/><N who="1" m="52639" /><E91/><V11/><F3/><W133/><G133/><T92/><D0/><U99/><E16/><V26/><F18/><W128/><G128/><T82/><D119/><U83/><E21/><V122/><F1/><W108/><AGARI ba="2,1" hai="24,25,48,51,53,55,60,62,100,103,108,109,121,123" machi="108" ten="25,6400,0" yaku="1,1,0,1,22,2,53,0" doraHai="112" doraHaiUra="106" who="3" fromWho="3" sc="183,-18,356,-34,224,-18,227,80" />
</Scene>
<Scene>
<INIT seed="6,0,0,5,1,118" ten="165,322,206,307" oya="2" hai0="58,66,33,132,9,109,106,117,116,128,131,86,127" hai1="29,55,20,2,30,123,122,37,23,81,59,56,99" hai2="49,93,114,65,18,115,28,39,83,85,90,64,105" hai3="97,94,108,48,27,135,54,76,103,46,91,43,74"/><V25/><F105/><W4/><G108/><T35/><D106/><U47/><E2/><V70/><F39/><W38/><G135/><T19/><D86/><U60/><E99/><N who="2" m="57783" /><F70/><W98/><G4/><T111/><D58/><U87/><E59/><V79/><F18/><W17/><G27/><T92/><D92/><U26/><E47/><V0/><F49/><W21/><G74/><T42/><D42/><U12/><E37/><V63/><F63/><W13/><G76/><T52/><D52/><U95/><E95/><V15/><F15/><W129/><G129/><N who="0" m="49739" /><D66/><U50/><E60/><V75/><F0/><W36/><G43/><T51/><D51/><U88/><E12/><V78/><F78/><W72/><G72/><T69/><D69/><U34/><E34/><N who="0" m="12809" /><D132/><U107/><E107/><AGARI ba="0,0" hai="13,17,21,36,38,46,48,54,91,94,97,98,103,107" machi="107" ten="30,1000,0" yaku="7,1" doraHai="118" who="3" fromWho="1" sc="165,0,322,-10,206,0,307,10" />
</Scene>
<Scene>
<INIT seed="7,0,0,2,2,97" ten="165,312,206,317" oya="3" hai0="40,32,1,39,55,81,135,21,56,110,89,41,130" hai1="29,107,84,67,47,127,54,87,12,71,94,27,93" hai2="76,5,44,60,126,100,17,26,99,64,30,69,85" hai3="68,106,104,18,70,50,28,96,92,3,4,125,9"/><W53/><G28/><T83/><D110/><U102/><E127/><V109/><F109/><W128/><G125/><T0/><D32/><N who="1" m="20543" /><E12/><V8/><F17/><W62/><G128/><T14/><D135/><U33/><E33/><N who="2" m="20695" /><F44/><W52/><G18/><T131/><D14/><U82/><E54/><V24/><F24/><W101/><G68/><T114/><D21/><U48/><E48/><V46/><F46/><W91/><G91/><T51/><D39/><U103/><E103/><V133/><F126/><W43/><G43/><T121/><D121/><U10/><E10/><V98/><F98/><W16/><G16/><T63/><D63/><N who="1" m="40447" /><E47/><V80/><F8/><W117/><G117/><T105/><D105/><U42/><E42/><V78/><F5/><W25/><G25/><T79/><D89/><N who="1" m="51351" /><E87/><V74/><F133/><W19/><G19/><T95/><D95/><U75/><E75/><V34/><F34/><W134/><G134/><T90/><D90/><U45/><E45/><V111/><F111/><W77/><G77/><T86/><D81/><U132/><E132/><V6/><F6/><W73/><G73/><T112/><D41/><U61/><E61/><V7/><F7/><W13/><G13/><T35/><D40/><U72/><E72/><V36/><F78/><W20/><G20/><T38/><D38/><U118/><E118/><V116/><F116/><W108/><G108/><T129/><REACH who="0" step="1"/><D35/><REACH who="0" ten="155,312,206,317" step="2"/><U57/><E57/><V124/><F124/><W120/><G120/><T65/><D65/><U49/><E49/><V113/><F36/><W115/><G50/><T66/><D66/><RYUUKYOKU ba="0,1" sc="155,15,312,15,206,-15,317,-15" hai0="0,1,51,55,56,79,83,86,112,114,129,130,131" hai1="93,94,102,107" owari="170,-33.0,337,44.0,191,-21.0,302,10.0" />
</Scene>
</mjloggm>