<mjloggm ver="2.3"><GO type="169" lobby="0"/><UN n0="%66%75%6A%69%32%32%39" n1="%E5%A4%AA%E3%81%8F%E3%81%AA%E3%81%84%E3%81%8A" n2="%67%6F%75%73%69" n3="%E3%81%8B%E3%81%97%E3%81%8B%E3%81%8A" dan="17,17,18,16" rate="2130.86,2238.57,2238.10,2129.48" sx="M,M,M,M"/><TAIKYOKU oya="0"/>

<Scene>
<INIT seed="0,0,0,2,0,56" ten="250,250,250,250" oya="0" hai0="133,64,41,28,65,4,5,66,44,24,10,76,114" hai1="78,102,49,130,109,34,25,115,111,100,95,96,7" hai2="0,30,2,40,27,55,90,118,87,107,50,121,23" hai3="32,9,12,99,117,14,108,59,82,88,110,47,134"/><T46/><D114/><U68/><E68/><V35/><F107/><W15/><G32/><T62/><D133/><U123/><E123/><V83/><F121/><W69/><G69/><T73/><D73/><U36/><E36/><V84/><F118/><W8/><G117/><T42/><D76/><U128/><E7/><V120/><F120/><W67/><G134/><T43/><D62/><U75/><E49/><V63/><F40/><W79/><G47/><T97/><D97/><N who="1" m="59455" /><E25/><V22/><F63/><N who="3" m="38399" /><G88/><T89/><D89/><U51/><E51/><V124/><F124/><W91/><G91/><T26/><D28/><U131/><E34/><V6/><F84/><N who="3" m="48223" /><G99/><T72/><D72/><U29/><E29/><V106/><F106/><W37/><G37/><T31/><D31/><U38/><E38/><V54/><F54/><W132/><G132/><T3/><REACH who="0" step="1"/><D5/><REACH who="0" ten="240,250,250,250" step="2"/><U122/><E122/><V98/><F98/><W13/><G110/><N who="1" m="41994" /><E115/><V93/><F83/><W48/><G108/><T92/><D92/><N who="1" m="58631" /><E78/><V61/><F61/><W119/><G119/><T113/><D113/><U125/><E75/><V11/><REACH who="2" step="1"/><F2/><REACH who="2" ten="240,250,240,250" step="2"/><W60/><G60/><T1/><D1/><U116/><E116/><V135/><F135/><W20/><G48/><T101/><D101/><U74/><E74/><V103/><F103/><W86/><G86/><T70/><D70/><U112/><E112/><V57/><AGARI ba="0,2" hai="0,6,11,22,23,27,30,35,50,55,57,87,90,93" machi="57" ten="20,2700,0" yaku="1,1,0,1,7,1,53,0" doraHai="56" doraHaiUra="129" who="2" fromWho="2" sc="240,-13,250,-7,240,47,250,-7" />
</Scene>
<Scene>
<INIT seed="1,0,0,3,3,63" ten="227,243,287,243" oya="1" hai0="117,96,127,130,64,93,15,122,16,129,56,24,100" hai1="90,98,113,89,119,31,18,2,134,85,123,52,60" hai2="115,83,92,106,79,84,13,45,103,108,50,101,41" hai3="26,48,49,47,99,42,70,29,88,44,95,3,1"/><U59/><E113/><V128/><F106/><W23/><REACH who="3" step="1"/><G70/><REACH who="3" ten="227,243,287,233" step="2"/><T77/><D122/><U0/><E123/><V14/><F115/><W109/><G109/><T55/><D117/><U107/><E119/><V30/><F108/><W57/><G57/><T39/><D127/><U10/><E134/><V131/><F131/><W54/><AGARI ba="0,1" hai="1,3,23,26,29,42,44,47,48,49,54,88,95,99" machi="54" ten="20,8000,1" yaku="21,2,0,1,7,1,54,1,53,0" doraHai="63" doraHaiUra="28" who="3" fromWho="3" sc="227,-20,243,-40,287,-20,233,90" />
</Scene>
<Scene>
<INIT seed="2,0,0,3,3,60" ten="207,203,267,323" oya="2" hai0="49,129,65,132,64,39,55,26,113,4,46,127,134" hai1="107,111,50,29,74,96,133,11,67,68,131,69,8" hai2="36,7,53,99,92,31,32,98,22,57,81,89,117" hai3="14,87,118,73,103,24,2,27,35,6,105,12,83"/><V101/><F36/><W21/><G73/><T10/><D113/><U80/><E111/><V1/><F32/><W18/><G118/><T5/><D5/><U70/><E133/><N who="0" m="51305" /><D39/><U51/><E131/><V114/><F114/><W0/><G103/><T41/><D127/><U97/><E29/><V17/><F31/><N who="3" m="19967" /><G87/><T77/><D77/><U34/><E34/><V91/><F117/><W102/><G83/><T126/><D126/><U115/><E115/><V3/><F7/><W13/><G102/><T122/><D122/><U63/><E74/><V109/><F109/><W40/><G40/><T45/><D26/><U100/><E96/><V119/><F119/><W112/><G105/><T30/><D30/><U82/><E80/><V94/><F81/><W71/><G71/><T66/><D129/><U16/><E82/><V124/><F124/><W125/><G112/><T116/><D116/><U37/><E37/><V38/><F38/><W54/><G54/><T86/><D86/><U59/><REACH who="1" step="1"/><E8/><REACH who="1" ten="207,193,267,323" step="2"/><V84/><F84/><W43/><G125/><T9/><D9/><U108/><E108/><V72/><F72/><W110/><G110/><T61/><D10/><U93/><E93/><V56/><F101/><W23/><G6/><T104/><D4/><U130/><E130/><V62/><REACH who="2" step="1"/><F57/><REACH who="2" ten="207,193,257,323" step="2"/><W25/><G43/><T95/><D95/><U85/><E85/><V78/><F78/><W19/><AGARI ba="0,2" hai="0,2,12,13,14,18,19,21,23,24,25" m="19967" machi="19" ten="30,8000,1" yaku="35,5" doraHai="60" who="3" fromWho="3" sc="207,-20,193,-20,257,-40,323,100" />
</Scene>
<Scene>
<INIT seed="3,0,0,4,0,75" ten="187,173,217,423" oya="3" hai0="21,108,117,64,106,62,73,35,50,118,55,103,52" hai1="110,113,90,11,67,102,31,51,34,120,122,115,88" hai2="104,74,132,25,77,95,112,36,58,46,69,63,15" hai3="86,101,128,89,7,49,125,0,5,38,109,1,19"/><W29/><G38/><T81/><D108/><U17/><E67/><V30/><F104/><W92/><G109/><T3/><D3/><U126/><E110/><V12/><F69/><W123/><G123/><N who="1" m="47146" /><E51/><V91/><F112/><N who="1" m="43081" /><E11/><V18/><F132/><W43/><G29/><T22/><D35/><U45/><E45/><V48/><F36/><W66/><G66/><T87/><D73/><U85/><E17/><V41/><F18/><W121/><G121/><T28/><D28/><U54/><E54/><V105/><F105/><W6/><G101/><T71/><D21/><U114/><E34/><V9/><F9/><W2/><G128/><T32/><D32/><U130/><E31/><V24/><F15/><W16/><G125/><T68/><D68/><U97/><N who="1" m="43089" /><U93/><DORA hai="42" /><E130/><V80/><F12/><W131/><REACH who="3" step="1"/><G131/><REACH who="3" ten="187,173,217,413" step="2"/><T44/><D117/><U53/><E126/><V127/><F30/><W23/><G23/><T99/><D22/><U47/><E53/><V40/><F127/><W129/><G129/><T100/><D118/><U4/><E4/><V134/><F41/><W135/><G135/><T39/><D55/><U111/><E111/><V116/><F134/><W61/><G61/><T20/><D20/><U27/><E27/><V98/><F116/><W124/><G124/><T84/><D62/><U60/><E60/><V78/><F25/><W37/><G37/><T57/><D39/><U10/><E10/><V133/><F24/><W59/><G59/><T119/><D57/><U8/><E8/><V33/><F133/><W79/><G79/><T107/><D64/><RYUUKYOKU ba="0,1" sc="187,-10,173,-10,217,-10,413,30" hai3="0,1,2,5,6,7,16,19,43,49,86,89,92" />
</Scene>
<Scene>
<INIT seed="3,1,1,0,0,50" ten="177,163,207,443" oya="3" hai0="45,43,82,71,121,28,100,52,61,116,132,113,87" hai1="16,23,133,6,109,67,103,4,118,15,54,120,127" hai2="35,95,73,115,130,101,105,1,17,96,125,18,36" hai3="5,13,33,86,122,69,117,65,112,12,98,56,104"/><W53/><G33/><T3/><D116/><U70/><E120/><V9/><F36/><W34/><G34/><T25/><D121/><U19/><E118/><V26/><F73/><W74/><G74/><T40/><D3/><U79/><E79/><V85/><F115/><W63/><G122/><T76/><D132/><U131/><E133/><V8/><F125/><W135/><G135/><T110/><D110/><U119/><E119/><V58/><F130/><W88/><G117/><T114/><D100/><U128/><E109/><V59/><F105/><W30/><G30/><T21/><D71/><U22/><E103/><V57/><F85/><W7/><G112/><N who="0" m="43115" /><D45/><U48/><E67/><V77/><F77/><W44/><G44/><T39/><D39/><U102/><E70/><V107/><F107/><W51/><G98/><T80/><D82/><U55/><E102/><V2/><F35/><W29/><G29/><T24/><D24/><U37/><E37/><V89/><F101/><W62/><G104/><T93/><D93/><U49/><REACH who="1" step="1"/><E15/><REACH who="1" ten="177,153,207,443" step="2"/><V106/><F106/><W97/><G13/><T27/><D27/><U84/><E84/><V20/><F1/><W129/><G97/><T60/><D87/><U81/><E81/><V46/><F2/><W126/><G12/><T123/><D123/><U91/><E91/><V0/><F0/><W78/><G78/><T66/><D80/><U99/><E99/><V75/><F75/><W83/><G129/><T32/><D76/><U92/><E92/><V94/><F96/><W134/><G134/><T11/><D25/><U124/><AGARI ba="1,2" hai="4,6,16,19,22,23,48,49,54,55,124,127,128,131" machi="124" ten="25,16000,3" yaku="1,1,5,1,0,1,22,2,52,2,54,1,53,0" doraHai="50" doraHaiUra="111" who="1" fromWho="1" sc="177,-41,153,183,207,-41,443,-81" />
</Scene>
<Scene>
<INIT seed="4,0,0,0,4,99" ten="136,336,166,362" oya="0" hai0="63,125,2,28,7,61,34,122,83,54,91,133,68" hai1="26,41,13,32,97,119,65,70,113,10,57,24,110" hai2="71,84,90,3,11,9,69,35,115,36,72,124,127" hai3="20,39,51,55,43,19,42,96,16,87,18,66,132"/><T56/><D122/><U107/><E110/><V1/><F35/><W33/><G33/><T95/><D133/><U12/><E119/><V86/><F36/><W74/><G74/><T123/><D123/><U112/><E41/><N who="3" m="15370" /><G39/><T29/><D125/><N who="2" m="48202" /><F72/><W59/><G132/><T67/><D83/><U101/><E57/><V131/><F131/><W128/><G128/><T37/><D37/><U81/><E81/><N who="2" m="49423" /><F86/><W82/><G66/><T48/><D34/><U85/><E85/><V120/><F120/><W105/><G96/><T135/><D135/><U103/><E103/><V22/><F22/><W76/><G105/><T130/><D130/><U64/><E13/><AGARI ba="0,0" hai="13,16,18,19,20,51,55,59,76,82,87" m="15370" machi="13" ten="30,2000,0" yaku="8,1,54,1" doraHai="99" who="3" fromWho="1" sc="136,0,336,-20,166,0,362,20" />
</Scene>
<Scene>
<INIT seed="5,0,0,2,1,45" ten="136,316,166,382" oya="1" hai0="109,40,98,43,94,13,12,84,69,82,35,121,126" hai1="111,97,128,74,55,123,21,103,26,11,29,117,104" hai2="67,47,14,107,72,58,61,54,92,52,113,65,64" hai3="33,89,16,83,108,37,75,20,86,73,48,23,6"/><U10/><E117/><V44/><F107/><W57/><G37/><T129/><D109/><U22/><E123/><V124/><F72/><W46/><G33/><T9/><D69/><U41/><E74/><V118/><F118/><W18/><G108/><T15/><D35/><U96/><E111/><V28/><F28/><W112/><G112/><T30/><D129/><U116/><E116/><V70/><F92/><W114/><G114/><T119/><D119/><U105/><E128/><V71/><F14/><W87/><G6/><T134/><D126/><U63/><E41/><V90/><F90/><W1/><G1/><T131/><D131/><U91/><E21/><N who="3" m="8266" /><G73/><T31/><D134/><U39/><E39/><V100/><F100/><W27/><G75/><T101/><D9/><U53/><E91/><V125/><F113/><W34/><G34/><T5/><D5/><U77/><E77/><V85/><F85/><W17/><G86/><T66/><D66/><N who="2" m="25706" /><F125/><W36/><G36/><T32/><D121/><U102/><E63/><V51/><F124/><W88/><G57/><T80/><D80/><U120/><E120/><V24/><F24/><W7/><G7/><T122/><D122/><U99/><E99/><V76/><F76/><N who="3" m="46567" /><G27/><T60/><D32/><U110/><E110/><V50/><AGARI ba="0,0" hai="44,47,50,51,52,54,58,61,67,70,71" m="25706" machi="50" ten="30,16000,3" yaku="35,5,52,2,54,1" doraHai="45" who="2" fromWho="2" sc="136,-40,316,-80,166,160,382,-40" />
</Scene>
<Scene>
<INIT seed="6,0,0,2,4,108" ten="96,236,326,342" oya="2" hai0="116,9,60,122,109,40,81,58,120,29,64,76,102" hai1="101,23,12,132,10,66,11,73,112,55,59,113,95" hai2="31,92,25,75,6,127,50,27,8,5,98,56,110" hai3="135,15,97,24,131,30,87,107,129,20,89,106,2"/><V88/><F75/><W63/><G2/><T16/><D109/><U86/><E73/><V0/><F110/><W78/><G78/><T123/><D116/><U74/><E74/><V125/><F6/><W46/><G135/><T70/><D102/><U44/><E66/><V85/><F98/><W114/><G114/><N who="1" m="44138" /><E132/><V35/><F27/><W72/><G72/><T54/><D29/><U21/><E44/><V90/><F90/><W103/><G63/><T33/><D33/><U91/><E101/><V34/><F34/><W67/><G67/><T3/><D40/><U18/><E23/><V124/><F50/><AGARI ba="0,0" hai="10,11,12,18,21,50,55,59,86,91,95" m="44138" machi="50" ten="30,8000,1" yaku="25,1,15,1,52,3" doraHai="108" who="1" fromWho="2" sc="96,0,236,80,326,-80,342,0" />
</Scene>
<Scene>
<INIT seed="7,0,0,5,0,29" ten="96,316,246,342" oya="3" hai0="23,71,78,85,42,16,112,118,58,77,39,50,98" hai1="130,94,129,0,89,24,43,53,104,66,59,48,52" hai2="12,131,5,17,21,45,114,95,3,34,87,101,6" hai3="10,49,57,99,123,108,96,106,22,73,27,133,8"/><W84/><G123/><T28/><D118/><U83/><E104/><V13/><F3/><W15/><G73/><T70/><D70/><U68/><E0/><V122/><F122/><W119/><G119/><T103/><D71/><U126/><E126/><V116/><F116/><W120/><G120/><T91/><D39/><U88/><E68/><V82/><F131/><N who="1" m="50185" /><E66/><V127/><F127/><W19/><G133/><T40/><D112/><U105/><E105/><V32/><F114/><W25/><G108/><T109/><D109/><U81/><E43/><V62/><F62/><W44/><G106/><T55/><D28/><U93/><E24/><N who="3" m="9290" /><G57/><T46/><D103/><U128/><N who="1" m="50193" /><U47/><DORA hai="124" /><E94/><V100/><F100/><W7/><G84/><T9/><D98/><N who="3" m="37417" /><G7/><T69/><D69/><U113/><E113/><V115/><F115/><W60/><G60/><T1/><D1/><U72/><E93/><V20/><F95/><W132/><G132/><T38/><D9/><U41/><E53/><AGARI ba="0,0" hai="8,10,15,19,22,44,49,53" m="37417,9290" machi="53" ten="30,1500,0" yaku="8,1" doraHai="29,124" who="3" fromWho="1" sc="96,0,316,-15,246,0,342,15" owari="96,-40.0,301,10.0,246,-15.0,357,45.0" />
</Scene>
</mjloggm>