<mjloggm ver="2.3"><GO type="169" lobby="0"/><UN n0="%73%68%69%6E%6B%61%77%61" n1="%E3%82%B3%E3%83%BC%E3%83%A9%E4%B8%8B%E3%81%95%E3%81%84" n2="%E3%81%9F%E3%82%93%E3%81%AB%E3%82%83%E3%81%8A%EF%BC%81" n3="%E5%A4%AA%E3%81%8F%E3%81%AA%E3%81%84%E3%81%8A" dan="16,16,16,18" rate="2072.33,2138.95,2087.30,2190.90" sx="M,M,M,M"/><TAIKYOKU oya="0"/>

<Scene>
<INIT seed="0,0,0,1,0,21" ten="250,250,250,250" oya="0" hai0="96,76,127,47,94,135,30,111,63,128,48,9,42" hai1="15,61,129,11,92,22,31,57,64,54,108,16,101" hai2="109,110,73,90,100,29,26,71,3,60,80,35,133" hai3="59,14,50,89,58,53,0,19,114,18,45,43,97"/><T117/><D117/><U86/><E108/><N who="2" m="41579" /><F3/><W55/><G0/><T81/><D111/><U74/><E74/><V91/><F133/><W98/><G114/><T107/><D107/><U25/><E129/><V120/><F120/><W4/><G4/><T106/><D106/><U23/><E86/><V44/><F100/><W99/><G89/><T36/><D135/><U7/><E54/><N who="3" m="20490" /><G18/><T104/><D104/><U2/><E2/><V87/><F73/><W124/><G124/><T39/><D127/><U134/><E134/><V130/><F44/><W122/><G122/><T51/><D128/><U12/><E92/><V32/><F130/><W105/><G105/><T131/><D131/><U65/><E65/><N who="2" m="41383" /><F91/><W56/><G59/><T88/><D39/><U102/><AGARI ba="0,0" hai="7,11,12,15,16,22,23,25,31,57,61,64,101,102" machi="102" ten="30,7900,0" yaku="0,1,8,1,52,1,54,1" doraHai="21" who="1" fromWho="1" sc="250,-39,250,79,250,-20,250,-20" />
</Scene>
<Scene>
<INIT seed="1,0,0,3,5,27" ten="211,329,230,230" oya="1" hai0="69,91,15,9,102,34,115,100,74,112,58,10,97" hai1="75,95,31,72,135,99,71,14,25,54,26,84,93" hai2="45,107,21,119,62,106,60,81,113,37,80,22,98" hai3="6,59,78,35,46,121,49,111,66,92,13,5,23"/><U128/><E71/><V109/><F119/><W110/><G35/><T29/><D69/><U96/><E128/><V39/><F98/><W87/><G121/><T30/><D74/><U122/><E122/><V41/><F45/><W47/><G23/><T32/><D58/><U124/><E124/><V64/><F41/><W18/><G18/><T101/><D97/><U130/><E130/><V53/><F53/><N who="3" m="32175" /><G66/><T88/><D101/><U33/><E135/><V85/><F85/><W11/><G5/><T79/><D15/><U12/><E84/><V73/><F73/><W94/><G94/><T89/><D89/><U61/><E54/><V104/><F113/><W83/><G92/><T132/><REACH who="0" step="1"/><D79/><REACH who="0" ten="201,329,230,230" step="2"/><U50/><E61/><V38/><F64/><W40/><G47/><T16/><D16/><U48/><E33/><V7/><F7/><W0/><G6/><T116/><D116/><U126/><E126/><V63/><REACH who="2" step="1"/><F109/><REACH who="2" ten="201,329,220,230" step="2"/><W76/><G110/><T44/><D44/><U67/><REACH who="1" step="1"/><E67/><REACH who="1" ten="201,319,220,230" step="2"/><V129/><F129/><W82/><G111/><T19/><D19/><U127/><E127/><V8/><F8/><W65/><G65/><T24/><D24/><U43/><E43/><V1/><F1/><W70/><G0/><T3/><D3/><U56/><E56/><V105/><N who="2" m="26624" /><DORA hai="55" /><V134/><F134/><AGARI ba="0,3" hai="9,10,29,30,32,34,88,91,100,102,112,115,132,134" machi="134" ten="25,12000,2" yaku="1,1,22,2,52,2,54,1,53,0" doraHai="27,55" doraHaiUra="90,51" who="0" fromWho="2" sc="201,150,319,0,220,-120,230,0" />
</Scene>
<Scene>
<INIT seed="2,0,0,0,3,109" ten="351,319,100,230" oya="2" hai0="43,104,10,107,60,19,103,51,126,117,37,6,14" hai1="135,42,73,129,50,91,89,108,57,30,36,83,102" hai2="48,61,105,79,72,122,54,64,133,93,22,5,44" hai3="7,111,98,63,18,130,94,100,1,39,2,82,132"/><V66/><F105/><W17/><G39/><T99/><D107/><U55/><E108/><V119/><F122/><W58/><G111/><T65/><D126/><U96/><E129/><V84/><F119/><W68/><G68/><T29/><D117/><U85/><E135/><V124/><F124/><W121/><G121/><T49/><D29/><U11/><E30/><V88/><F133/><W0/><G132/><T69/><D37/><U127/><E73/><V77/><F72/><W71/><G71/><T27/><D43/><U97/><E127/><V106/><F106/><W41/><G41/><T21/><AGARI ba="0,0" hai="6,10,14,19,21,27,49,51,60,65,69,99,103,104" machi="21" ten="30,1100,0" yaku="0,1" doraHai="109" who="0" fromWho="0" sc="351,11,319,-3,100,-5,230,-3" />
</Scene>
<Scene>
<INIT seed="3,0,0,0,3,127" ten="362,316,95,227" oya="3" hai0="34,103,62,29,112,73,132,4,120,111,20,52,44" hai1="61,78,22,48,95,46,47,77,58,68,51,31,33" hai2="45,13,25,57,105,109,82,28,99,54,102,92,79" hai3="101,0,8,121,2,135,113,133,114,55,71,107,126"/><W129/><G71/><T118/><D120/><U130/><E33/><V16/><F109/><W108/><G121/><T63/><D118/><U24/><E130/><V60/><F105/><W83/><G126/><T69/><D69/><U100/><E68/><V41/><F28/><W89/><G108/><T117/><D73/><U115/><E115/><N who="3" m="44042" /><G55/><T7/><D34/><U12/><E12/><V74/><F25/><W98/><G8/><T56/><D103/><U119/><E119/><V134/><F134/><N who="3" m="51211" /><G129/><T106/><D132/><U76/><E47/><V43/><REACH who="2" step="1"/><F45/><REACH who="2" ten="362,316,85,227" step="2"/><W88/><G83/><T64/><D111/><U10/><E46/><V39/><F39/><W23/><G23/><AGARI ba="0,1" hai="13,16,23,41,43,54,57,60,74,79,82,92,99,102" machi="23" ten="30,7700,0" yaku="1,1,7,1,54,1,53,1" doraHai="127" doraHaiUra="9" who="2" fromWho="3" sc="362,0,316,0,85,87,227,-77" />
</Scene>
<Scene>
<INIT seed="4,0,0,4,5,48" ten="362,316,172,150" oya="0" hai0="18,61,0,35,49,125,67,109,60,24,5,104,16" hai1="53,117,99,57,108,83,101,19,107,27,33,86,73" hai2="80,28,76,58,34,111,114,26,8,2,41,46,10" hai3="65,119,55,36,70,47,7,9,85,96,1,44,43"/><T100/><D125/><U29/><E108/><V90/><F111/><W135/><G119/><T64/><D109/><U13/><E73/><V98/><F114/><W72/><G135/><T45/><D0/><U103/><E117/><V106/><F2/><W82/><G96/><T127/><D5/><U78/><E99/><V132/><F132/><W113/><G113/><T37/><D37/><U30/><E30/><V32/><F32/><W20/><G20/><T92/><D104/><U52/><E107/><V40/><F58/><W121/><G121/><T69/><D127/><U51/><REACH who="1" step="1"/><E53/><REACH who="1" ten="362,306,172,150" step="2"/><V74/><F106/><W115/><G115/><T77/><D100/><U50/><E50/><V59/><F98/><W134/><G134/><T112/><D112/><U105/><E105/><V25/><F74/><W75/><G55/><T122/><D122/><U17/><E17/><V71/><F28/><W42/><G75/><T116/><D116/><U79/><E79/><V3/><F76/><W118/><G72/><T54/><D77/><U38/><E38/><V4/><F4/><W88/><G118/><T123/><D123/><U21/><AGARI ba="0,1" hai="13,19,21,27,29,33,51,52,57,78,83,86,101,103" machi="21" ten="20,12000,2" yaku="1,1,0,1,7,1,52,1,54,1,53,1" doraHai="48" doraHaiUra="81" who="1" fromWho="1" sc="362,-60,306,130,172,-30,150,-30" />
</Scene>
<Scene>
<INIT seed="5,0,0,0,0,11" ten="302,436,142,120" oya="1" hai0="47,58,43,18,87,108,89,99,133,67,30,84,100" hai1="119,55,103,80,123,5,39,33,97,96,131,92,115" hai2="54,17,69,125,70,71,129,35,64,50,15,95,26" hai3="24,114,83,23,117,45,9,19,110,126,91,25,98"/><U134/><E33/><V29/><F125/><W106/><G110/><T10/><D108/><U56/><E39/><V94/><F129/><W116/><G126/><T122/><D133/><U28/><E28/><V112/><F64/><W82/><G114/><T53/><D30/><U12/><E119/><N who="3" m="45642" /><G25/><T59/><D122/><U68/><E68/><V90/><F112/><W49/><G9/><T74/><D74/><U65/><E65/><V57/><REACH who="2" step="1"/><F90/><REACH who="2" ten="302,436,132,120" step="2"/><W85/><G106/><T60/><D89/><U72/><E131/><V124/><F124/><W102/><G102/><T3/><D100/><U32/><E115/><V14/><F14/><W81/><G98/><T78/><D99/><U36/><E96/><V105/><F105/><W52/><AGARI ba="0,1" hai="19,23,24,45,49,52,81,82,83,85,91" m="45642" machi="52" ten="30,2000,0" yaku="12,1,54,1" doraHai="11" who="3" fromWho="3" sc="302,-5,436,-10,132,-5,120,30" />
</Scene>
<Scene>
<INIT seed="6,0,0,2,5,39" ten="297,426,127,150" oya="2" hai0="129,68,63,44,77,131,9,47,36,92,43,114,134" hai1="104,97,100,56,112,69,84,88,90,107,17,66,79" hai2="54,41,1,26,82,87,102,86,2,123,110,29,91" hai3="98,115,42,71,13,30,3,119,67,4,46,132,118"/><V15/><F123/><W18/><G98/><T8/><D77/><U45/><E69/><V120/><F120/><W12/><G12/><T81/><D81/><U6/><E6/><V33/><F110/><W0/><G30/><T25/><D114/><U127/><E127/><V32/><F32/><W52/><G115/><T108/><D108/><U24/><E104/><V20/><F102/><W111/><G111/><T74/><D74/><U40/><E79/><V21/><F54/><W89/><G89/><T31/><D134/><U7/><E7/><V96/><F96/><W55/><G132/><T35/><D92/><U103/><E84/><V73/><F73/><W125/><G125/><T34/><D34/><U109/><E100/><V38/><F87/><W10/><G71/><T14/><D44/><U23/><E112/><V72/><F72/><W83/><G67/><N who="0" m="41087" /><D14/><U49/><E109/><V5/><F33/><W37/><G83/><T113/><D113/><U121/><E121/><V106/><F106/><W48/><G3/><T116/><D116/><U99/><E99/><V16/><REACH who="2" step="1"/><F5/><REACH who="2" ten="297,426,117,150" step="2"/><W11/><REACH who="3" step="1"/><G55/><REACH who="3" ten="297,426,117,140" step="2"/><T93/><D35/><U78/><E97/><V133/><F133/><W61/><G61/><T62/><D62/><U80/><E103/><V70/><F70/><W28/><G28/><T19/><D31/><U95/><E107/><V51/><F51/><W60/><G60/><T105/><D105/><U130/><E49/><V58/><F58/><AGARI ba="0,2" hai="0,4,10,11,13,18,37,42,46,48,52,58,118,119" machi="58" ten="30,7700,0" yaku="1,1,7,1,52,1,54,1,53,0" doraHai="39" doraHaiUra="64" who="3" fromWho="2" sc="297,0,426,0,117,-77,140,97" />
</Scene>
<Scene>
<INIT seed="7,0,0,2,5,21" ten="297,426,40,237" oya="3" hai0="22,9,51,35,17,46,100,27,123,75,126,76,84" hai1="58,85,48,42,55,101,66,67,116,6,78,83,59" hai2="82,12,52,118,103,49,29,129,10,114,108,63,40" hai3="79,20,135,86,77,0,104,31,105,134,72,8,19"/><W133/><G72/><T56/><D123/><U113/><E113/><V3/><F103/><W53/><G31/><T98/><D126/><U34/><E34/><V60/><F82/><N who="3" m="47439" /><G79/><T1/><D75/><U11/><E116/><V7/><F29/><W93/><G53/><T81/><D35/><U102/><E42/><V16/><F40/><W122/><G122/><T13/><D1/><U119/><E119/><V25/><F118/><W131/><G131/><T91/><D56/><U87/><E87/><V38/><F38/><W30/><G30/><T121/><D121/><U107/><E107/><V111/><F129/><W43/><G43/><T125/><D125/><U15/><E59/><V109/><F114/><W95/><G8/><T74/><D74/><U68/><E68/><V117/><F117/><W124/><G0/><T14/><D76/><U70/><E70/><V61/><F3/><W47/><G47/><T24/><D98/><U39/><E39/><V18/><F7/><W41/><G41/><N who="0" m="25039" /><D100/><AGARI ba="0,0" hai="6,11,15,48,55,58,66,67,78,83,85,100,101,102" machi="100" ten="40,1300,0" yaku="8,1" doraHai="21" who="1" fromWho="0" sc="297,-13,426,13,40,0,237,0" owari="284,8.0,439,54.0,40,-46.0,237,-16.0" />
</Scene>
</mjloggm>