<mjloggm ver="2.3"><GO type="169" lobby="0"/><UN n0="%E4%BA%BA%E9%B3%A5%E4%BE%8D%E6%A5%B5" n1="%E3%83%8B%E3%83%A3%E3%83%83%E3%83%94%E3%83%BC%E5%A4%8F%E7%9B%AE" n2="%E3%81%AC%E3%82%8B%E3%82%8A%E3%82%93%E3%81%93" n3="%E5%A4%AA%E3%81%8F%E3%81%AA%E3%81%84%E3%81%8A" dan="16,16,16,18" rate="2124.10,2069.69,2110.24,2212.17" sx="M,M,F,M"/><TAIKYOKU oya="0"/>

<Scene>
<INIT seed="0,0,0,4,1,55" ten="250,250,250,250" oya="0" hai0="4,44,7,97,91,84,78,30,8,48,81,47,132" hai1="49,77,125,100,88,113,56,54,32,99,40,80,96" hai2="43,134,9,29,67,0,11,115,119,53,117,64,86" hai3="23,68,128,92,120,15,1,52,45,111,123,38,76"/><T50/><D132/><U60/><E32/><V107/><F115/><W122/><G1/><T21/><D30/><U61/><E113/><V90/><F134/><W74/><G68/><T22/><D7/><U93/><E125/><V35/><F107/><W127/><G127/><T82/><D47/><U112/><E40/><V33/><F43/><W83/><G111/><T10/><D10/><N who="2" m="3594" /><F0/><W26/><G15/><N who="0" m="5511" /><D50/><U94/><REACH who="1" step="1"/><E112/><REACH who="1" ten="250,240,250,250" step="2"/><V108/><F35/><W5/><G5/><T114/><D114/><U27/><E27/><V37/><F33/><W87/><G26/><T41/><D82/><U46/><E46/><V6/><F6/><W135/><G135/><T58/><D58/><U65/><E65/><V124/><F67/><W72/><G45/><T34/><D34/><U95/><E95/><AGARI ba="0,1" hai="21,22,41,44,48,78,81,84,91,95,97" m="5511" machi="95" ten="30,2900,0" yaku="25,1,8,1" doraHai="55" who="0" fromWho="1" sc="250,39,240,-29,250,0,250,0" />
</Scene>
<Scene>
<INIT seed="0,1,0,5,0,63" ten="289,211,250,250" oya="0" hai0="1,115,38,0,135,121,122,18,129,56,20,54,117" hai1="74,44,100,78,46,119,7,116,68,94,91,33,79" hai2="9,11,101,92,45,22,131,70,66,113,77,17,29" hai3="96,3,86,80,134,43,118,75,24,125,60,110,42"/><T30/><D38/><U32/><E100/><V107/><F113/><W39/><G118/><T124/><D115/><U31/><E7/><V97/><F131/><W40/><G3/><T41/><D41/><U14/><E68/><V51/><F29/><W49/><G75/><T59/><D117/><U90/><E31/><V15/><F77/><W130/><G39/><T6/><D59/><U73/><E94/><V106/><F70/><W67/><G130/><T102/><D102/><U85/><E85/><V23/><F66/><W84/><G110/><T108/><D129/><U123/><REACH who="1" step="1"/><E14/><REACH who="1" ten="289,201,250,250" step="2"/><V95/><F95/><W8/><G86/><T69/><D30/><U64/><E64/><V19/><F107/><W25/><G84/><T4/><D69/><U99/><E99/><V34/><F106/><W21/><G96/><T103/><D103/><U128/><E128/><V132/><F132/><W53/><G134/><T83/><D135/><U120/><AGARI ba="1,1" hai="32,33,44,46,73,74,78,79,90,91,116,119,120,123" machi="120" ten="25,6400,0" yaku="1,1,0,1,22,2,53,0" doraHai="63" doraHaiUra="27" who="1" fromWho="1" sc="289,-33,201,77,250,-17,250,-17" />
</Scene>
<Scene>
<INIT seed="1,0,0,1,5,11" ten="256,278,233,233" oya="1" hai0="19,8,65,72,28,58,3,135,86,60,106,1,56" hai1="113,30,131,66,82,39,118,48,29,114,36,63,37" hai2="57,5,101,124,89,112,4,10,14,121,93,31,52" hai3="77,108,91,98,105,68,94,97,109,99,128,116,95"/><U119/><E82/><V27/><F121/><W13/><G68/><T79/><D106/><U117/><E29/><V90/><F124/><W102/><G13/><N who="0" m="7591" /><D72/><U17/><E30/><V22/><F112/><W59/><G59/><N who="0" m="37023" /><D3/><U33/><E17/><N who="2" m="8407" /><F101/><N who="3" m="60599" /><G128/><T75/><D1/><U80/><E33/><V42/><F42/><W92/><G77/><T23/><D75/><U71/><E80/><V127/><F127/><W2/><G2/><T0/><D0/><U83/><E83/><V49/><F93/><N who="3" m="56639" /><G116/><T76/><D135/><U34/><E34/><V16/><F16/><W110/><AGARI ba="0,0" hai="92,95,99,102,105,108,109,110" m="56639,60599" machi="110" ten="30,4000,0" yaku="14,1,34,2" doraHai="11" who="3" fromWho="3" sc="256,-10,278,-20,233,-10,233,40" />
</Scene>
<Scene>
<INIT seed="2,0,0,2,1,107" ten="246,258,223,273" oya="2" hai0="73,62,10,19,39,76,127,120,103,12,79,78,82" hai1="116,68,60,86,72,93,20,121,57,36,17,30,35" hai2="65,8,33,25,53,97,122,119,106,44,115,91,117" hai3="96,13,83,43,49,110,16,56,71,1,45,66,47"/><V123/><F115/><W126/><G1/><T124/><D120/><U130/><E68/><V80/><F65/><W100/><G110/><T129/><D39/><U75/><E36/><V5/><F106/><W81/><G71/><T63/><D129/><U105/><E105/><V89/><F97/><W54/><G66/><T112/><D112/><U118/><E30/><V11/><F33/><W46/><G126/><N who="0" m="48171" /><D103/><U111/><E35/><V95/><F25/><W42/><G96/><T135/><D135/><U4/><E4/><V99/><F44/><W22/><REACH who="3" step="1"/><G100/><REACH who="3" ten="246,258,223,263" step="2"/><T23/><D10/><N who="2" m="3626" /><F99/><W61/><G61/><AGARI ba="0,1" hai="12,19,23,61,62,63,73,76,78,79,82" m="48171" machi="61" ten="30,2000,0" yaku="18,1,52,1" doraHai="107" who="0" fromWho="3" sc="246,30,258,0,223,0,263,-20" />
</Scene>
<Scene>
<INIT seed="3,0,0,4,3,49" ten="276,258,223,243" oya="3" hai0="129,63,9,88,44,126,4,76,104,81,56,45,68" hai1="52,37,90,29,87,116,19,69,2,21,25,82,127" hai2="38,70,72,30,92,132,24,43,46,117,118,0,71" hai3="7,66,3,80,23,41,18,93,113,60,128,96,11"/><W13/><G128/><T100/><D68/><N who="2" m="26154" /><F92/><W109/><G109/><T50/><D129/><U55/><E69/><V53/><F53/><W51/><G113/><T47/><D104/><U78/><E37/><V101/><F101/><W67/><G80/><T54/><D100/><U114/><E2/><V42/><F42/><W62/><G41/><T112/><D112/><U119/><E114/><V74/><F132/><W108/><G108/><T58/><D126/><U5/><E127/><V115/><F0/><W135/><G135/><T34/><D34/><U83/><E5/><V15/><F15/><W27/><G51/><T32/><D32/><U84/><REACH who="1" step="1"/><E29/><REACH who="1" ten="276,248,223,243" step="2"/><V133/><F115/><W59/><G3/><T134/><D134/><U131/><E131/><V120/><F133/><W17/><G7/><T26/><D4/><U103/><E103/><V40/><F38/><W94/><REACH who="3" step="1"/><G96/><REACH who="3" ten="276,248,223,233" step="2"/><T36/><D36/><U124/><E124/><V107/><F118/><AGARI ba="0,2" hai="19,21,25,52,55,78,82,83,84,87,90,116,118,119" machi="118" ten="40,12000,2" yaku="1,1,12,1,52,2,54,1,53,1" doraHai="49" doraHaiUra="75" who="1" fromWho="2" sc="276,0,248,140,223,-120,233,0" />
</Scene>
<Scene>
<INIT seed="4,0,0,4,5,64" ten="276,388,103,233" oya="0" hai0="127,45,129,67,82,135,128,54,96,12,4,116,75" hai1="95,31,23,87,25,51,61,102,14,24,71,70,1" hai2="32,62,113,74,58,117,40,20,103,91,28,60,17" hai3="109,111,81,35,27,99,52,36,97,114,88,119,7"/><T42/><D116/><U100/><E1/><V8/><F117/><W101/><G36/><T84/><D75/><U98/><E102/><V110/><F110/><W126/><G119/><T72/><D72/><U29/><E14/><V26/><F113/><W132/><G7/><T134/><D96/><U11/><E11/><V43/><F74/><W50/><G114/><T76/><D54/><U16/><E31/><V130/><F130/><N who="0" m="50282" /><D67/><U122/><E122/><V73/><F73/><W33/><G132/><N who="0" m="50731" /><D4/><U44/><E61/><V89/><F62/><W21/><G97/><T131/><D12/><U125/><E87/><V94/><F103/><W47/><G101/><T39/><N who="0" m="50290" /><T79/><DORA hai="59" /><D79/><U120/><E120/><V69/><F69/><W115/><G99/><T6/><D6/><U9/><E71/><V78/><F78/><W68/><G68/><T10/><D10/><U124/><E70/><V86/><F8/><W30/><G115/><T85/><D85/><U37/><E9/><V18/><F91/><W22/><G111/><T92/><D92/><U66/><E66/><V19/><REACH who="2" step="1"/><F32/><REACH who="2" ten="276,388,93,233" step="2"/><W90/><G35/><T55/><D55/><AGARI ba="0,1" hai="17,18,19,20,26,28,40,43,55,58,60,86,89,94" machi="55" ten="40,8000,1" yaku="1,1,2,1,8,1,52,1,53,0" doraHai="64,59" doraHaiUra="65,3" who="2" fromWho="0" sc="276,-80,388,0,93,90,233,0" />
</Scene>
<Scene>
<INIT seed="5,0,0,2,4,70" ten="196,388,183,233" oya="1" hai0="44,11,8,83,99,81,9,86,109,58,28,15,6" hai1="117,116,135,68,0,130,60,69,29,5,2,54,111" hai2="131,18,62,72,51,34,71,129,30,7,112,13,120" hai3="17,57,12,110,1,42,73,128,41,61,35,85,97"/><U108/><E29/><V22/><F120/><W38/><G73/><T98/><D109/><N who="1" m="42059" /><E5/><V19/><F72/><W93/><G1/><N who="1" m="618" /><E135/><V33/><F112/><W123/><G35/><N who="2" m="13321" /><F51/><W31/><G128/><N who="2" m="49225" /><F62/><W122/><G85/><T102/><D28/><U103/><E130/><V49/><F71/><N who="1" m="27209" /><E103/><V63/><F49/><W52/><G31/><T66/><D102/><U53/><E60/><V14/><F63/><W59/><G110/><T43/><D66/><U65/><E65/><V37/><F37/><W24/><G38/><T104/><D58/><U89/><E89/><V74/><F74/><W114/><G59/><T80/><D6/><U16/><E16/><N who="2" m="6187" /><F7/><W88/><G122/><T10/><D80/><U105/><E105/><V132/><F132/><W77/><G123/><T4/><D104/><U40/><E40/><V55/><F55/><AGARI ba="0,0" hai="53,54,55,116,117" m="27209,618,42059" machi="55" ten="40,7700,0" yaku="28,2,10,1" doraHai="70" who="1" fromWho="2" sc="196,0,388,77,183,-77,233,0" />
</Scene>
<Scene>
<INIT seed="5,1,0,2,5,8" ten="196,465,106,233" oya="1" hai0="15,108,87,54,12,27,96,13,123,102,75,83,51" hai1="48,20,70,45,5,30,127,89,115,113,73,6,99" hai2="129,67,11,10,91,80,61,88,135,49,40,133,36" hai3="58,26,104,122,59,114,63,57,103,2,134,101,124"/><U25/><E73/><V55/><F129/><W17/><G122/><T23/><D108/><U1/><E70/><N who="2" m="42351" /><F40/><W50/><G2/><T65/><D75/><U119/><E119/><V72/><F36/><W35/><G104/><T131/><D65/><U90/><E127/><V37/><F37/><W64/><G35/><T107/><D131/><U22/><E22/><V3/><F72/><W118/><G124/><T82/><D123/><U109/><E109/><V24/><F24/><W9/><G118/><T112/><D87/><U33/><E33/><V52/><F80/><W110/><G110/><T77/><D77/><U78/><E78/><V43/><F43/><W125/><G125/><T41/><D41/><U121/><E121/><V74/><F74/><W4/><G134/><N who="2" m="51209" /><F55/><W86/><G26/><T105/><D105/><U128/><E128/><V117/><F117/><W62/><G64/><T130/><D112/><N who="1" m="43083" /><E1/><V19/><F19/><W69/><G17/><T92/><D130/><U71/><E71/><V94/><F3/><W32/><G69/><T7/><D7/><N who="1" m="2571" /><E99/><V18/><F18/><W95/><G4/><T53/><D107/><U120/><E120/><V93/><F10/><W98/><G9/><T21/><D21/><U42/><AGARI ba="1,0" hai="20,25,30,42,45,48,89,90" m="2571,43083" machi="42" ten="30,1500,0" yaku="15,1" doraHai="8" who="1" fromWho="1" sc="196,-6,465,18,106,-6,233,-6" />
</Scene>
<Scene>
<INIT seed="5,2,0,5,3,20" ten="190,483,100,227" oya="1" hai0="93,94,125,38,69,103,96,24,64,12,65,130,105" hai1="110,3,112,108,26,63,118,111,61,74,58,113,107" hai2="126,95,82,4,135,121,84,81,11,18,52,91,22" hai3="70,100,19,119,10,115,128,71,57,78,87,6,124"/><U92/><E107/><V36/><F126/><W46/><G100/><T25/><D38/><U32/><E74/><V67/><F135/><W54/><G19/><T33/><D125/><U49/><E3/><V42/><F121/><W53/><G124/><T114/><D33/><U133/><E133/><V14/><F67/><N who="0" m="25674" /><D105/><U123/><E92/><V17/><F42/><W8/><G46/><T116/><D69/><U28/><E118/><V80/><F36/><W1/><G10/><T5/><D116/><U31/><E123/><V83/><N who="2" m="20480" /><DORA hai="129" /><V127/><F127/><W29/><G87/><T48/><D130/><U117/><E117/><V37/><F37/><W89/><G89/><T88/><D48/><U79/><E79/><V27/><REACH who="2" step="1"/><F52/><REACH who="2" ten="190,483,90,227" step="2"/><W45/><G54/><T76/><D76/><U77/><E77/><V56/><F56/><W104/><G57/><T66/><D66/><N who="1" m="39223" /><E63/><V86/><F86/><W60/><G78/><T73/><D73/><U85/><E49/><V23/><F23/><W21/><G21/><T9/><D114/><N who="1" m="44139" /><E85/><AGARI ba="2,1" hai="5,9,12,24,25,85,88,93,94,96,103" m="25674" machi="85" ten="30,7700,0" yaku="8,1,52,2,54,1" doraHai="20,129" who="0" fromWho="1" sc="190,93,483,-83,90,0,227,0" />
</Scene>
<Scene>
<INIT seed="6,0,0,5,4,52" ten="283,400,90,227" oya="2" hai0="51,35,135,82,110,54,57,86,34,91,26,76,12" hai1="98,56,46,120,38,27,97,43,29,37,89,19,118" hai2="10,69,71,48,111,70,101,40,80,6,65,134,129" hai3="42,15,117,115,125,4,96,77,1,103,75,94,78"/><V130/><F134/><W74/><G1/><T119/><D110/><U30/><E118/><V59/><F111/><W104/><G42/><T92/><D135/><U14/><E38/><V25/><F101/><W60/><G60/><T127/><D127/><U114/><E114/><V81/><F40/><W61/><G61/><T132/><D132/><U36/><E36/><V9/><F25/><W90/><G15/><T66/><D119/><U28/><E120/><V55/><F65/><W21/><G21/><T112/><D112/><U113/><E113/><V79/><F81/><N who="3" m="45239" /><G4/><T17/><D26/><U2/><E2/><V45/><F45/><W53/><G53/><T100/><D100/><U105/><E105/><V0/><REACH who="2" step="1"/><F10/><REACH who="2" ten="283,400,80,227" step="2"/><W62/><G117/><T67/><D67/><U8/><E27/><V20/><F20/><W16/><G115/><T128/><D66/><U107/><E46/><V47/><F47/><W31/><G125/><T32/><D32/><U64/><E43/><V7/><F7/><W23/><G23/><N who="0" m="11687" /><D128/><U18/><E64/><V108/><F108/><W109/><G109/><T123/><D123/><U72/><E8/><V95/><F95/><W49/><G94/><T88/><D34/><U13/><E107/><V5/><F5/><W33/><G33/><T93/><D35/><U63/><E37/><V85/><AGARI ba="0,1" hai="0,6,9,48,55,59,69,70,71,79,80,85,129,130" machi="85" ten="40,7800,0" yaku="1,1,0,1,52,1,53,0" doraHai="52" doraHaiUra="106" who="2" fromWho="2" sc="283,-26,400,-26,80,88,227,-26" />
</Scene>
<Scene>
<INIT seed="6,1,0,3,1,40" ten="257,374,168,201" oya="2" hai0="61,16,56,23,68,33,71,5,58,60,104,97,34" hai1="2,91,135,79,130,29,46,84,108,1,82,92,94" hai2="30,95,0,99,76,10,57,90,100,113,75,116,42" hai3="132,96,74,43,110,8,9,31,47,48,129,51,49"/><V28/><F116/><W114/><G74/><T19/><D5/><U122/><E108/><V119/><F113/><W11/><G110/><T14/><D97/><U105/><E105/><V103/><F119/><W67/><G114/><T78/><D78/><U45/><E135/><V117/><F117/><W125/><G132/><T98/><D98/><U109/><E109/><V89/><F0/><W115/><G115/><T41/><D41/><U65/><E130/><V121/><F121/><W131/><G125/><T77/><D77/><U88/><E122/><V66/><F10/><W93/><G67/><T101/><D101/><N who="2" m="38986" /><F75/><W44/><G31/><N who="2" m="11817" /><F76/><W107/><G107/><T50/><D104/><U64/><E29/><V133/><F133/><W120/><G120/><T12/><D23/><U20/><E20/><V22/><F42/><W26/><G26/><T18/><D18/><U127/><E127/><V25/><F25/><W126/><G126/><T36/><D50/><U83/><E79/><V38/><F38/><AGARI ba="1,0" hai="12,14,16,19,33,34,36,38,56,58,60,61,68,71" machi="38" ten="25,3200,0" yaku="22,2,54,1" doraHai="40" who="0" fromWho="2" sc="257,35,374,0,168,-35,201,0" />
</Scene>
<Scene>
<INIT seed="7,0,0,4,0,43" ten="292,374,133,201" oya="3" hai0="121,80,86,83,123,21,46,44,103,68,119,79,93" hai1="22,10,9,97,84,6,64,118,13,88,120,117,127" hai2="116,78,73,115,81,69,72,25,40,71,132,125,94" hai3="0,49,87,134,67,105,61,62,24,130,54,53,96"/><W128/><G0/><T126/><D68/><U3/><E120/><V65/><F116/><N who="1" m="44649" /><E127/><V95/><F125/><W34/><G87/><T1/><D83/><N who="1" m="49183" /><E64/><V85/><F115/><W27/><G134/><T59/><D1/><U26/><E97/><V45/><F132/><W109/><G109/><T102/><D21/><U30/><E10/><V122/><F122/><W17/><G17/><T42/><D59/><U113/><E13/><V35/><F71/><N who="3" m="42479" /><G62/><T52/><D119/><U76/><E76/><V2/><F2/><W56/><G54/><T16/><D126/><U20/><E113/><V92/><F69/><W36/><G36/><T82/><D82/><U58/><E58/><V29/><REACH who="2" step="1"/><F65/><REACH who="2" ten="292,374,123,201" step="2"/><W99/><G130/><T124/><D124/><U41/><E3/><V50/><AGARI ba="0,1" hai="25,29,35,40,45,50,72,73,78,81,85,92,94,95" machi="50" ten="30,7900,0" yaku="1,1,2,1,0,1,52,1,53,0" doraHai="43" doraHaiUra="98" who="2" fromWho="2" sc="292,-20,374,-20,123,89,201,-39" owari="272,7.0,354,46.0,212,-19.0,162,-34.0" />
</Scene>
</mjloggm>