<mjloggm ver="2.3"><GO type="169" lobby="0"/><UN n0="%E3%83%89%E3%83%A9%EF%BC%91%EF%BC%92%EF%BC%90%EF%BC%85" n1="%65%69%6B%31" n2="%E3%82%A6%E3%82%A7%E3%83%AB" n3="%E5%A4%AA%E3%81%8F%E3%81%AA%E3%81%84%E3%81%8A" dan="16,16,16,17" rate="2095.31,2081.47,2124.47,2161.06" sx="M,M,F,M"/><TAIKYOKU oya="0"/>

<Scene>
<INIT seed="0,0,0,4,4,27" ten="250,250,250,250" oya="0" hai0="119,3,129,20,125,105,130,43,40,75,124,114,96" hai1="132,38,5,28,112,17,107,60,51,57,78,106,81" hai2="42,134,135,77,101,29,72,73,35,133,98,37,32" hai3="1,116,14,90,19,111,66,26,63,25,48,13,122"/><T86/><D3/><U131/><E38/><V94/><F77/><W15/><G116/><T47/><D119/><U56/><E132/><V76/><F76/><W54/><G1/><T100/><D75/><U128/><E5/><V110/><F110/><W31/><G111/><T67/><D67/><N who="1" m="39303" /><E112/><V87/><F87/><W12/><G122/><T97/><D114/><U62/><E51/><V95/><F95/><W85/><G63/><T104/><D20/><U127/><E17/><V6/><F6/><W117/><G66/><T59/><D59/><U99/><E99/><V88/><F101/><W0/><G0/><T64/><D64/><N who="1" m="38991" /><E127/><N who="0" m="48713" /><D97/><U53/><E53/><V71/><F71/><W11/><G117/><T30/><D30/><U93/><E93/><V89/><F37/><W46/><REACH who="3" step="1"/><G31/><REACH who="3" ten="250,250,250,240" step="2"/><T9/><D130/><N who="1" m="49707" /><E28/><V24/><F35/><W2/><G2/><T103/><D129/><U80/><E80/><AGARI ba="0,1" hai="11,12,13,14,15,19,25,26,46,48,54,80,85,90" machi="80" ten="40,8000,1" yaku="1,1,25,2,8,1,53,0" doraHai="27" doraHaiUra="18" who="3" fromWho="1" sc="250,0,250,-80,250,0,240,90" />
</Scene>
<Scene>
<INIT seed="1,0,0,5,2,28" ten="250,170,250,330" oya="1" hai0="77,20,95,123,103,48,66,111,128,110,102,88,39" hai1="92,126,68,114,99,107,56,6,93,120,96,24,7" hai2="34,53,44,85,116,26,10,36,32,55,3,58,47" hai3="125,94,89,119,23,106,18,130,61,118,57,0,78"/><U86/><E68/><V12/><F116/><N who="3" m="44587" /><G106/><T133/><D39/><U132/><E114/><V84/><F3/><W9/><G78/><T40/><D128/><U27/><E107/><V109/><F109/><N who="0" m="41482" /><D133/><U100/><E120/><V41/><F26/><N who="1" m="9769" /><E132/><V76/><F47/><W59/><G130/><T97/><D20/><U50/><E86/><V73/><F55/><W2/><G125/><T15/><D15/><U74/><E74/><V135/><F135/><W16/><G23/><T8/><D8/><U30/><E30/><V83/><F85/><N who="3" m="52527" /><G57/><T113/><D113/><U82/><E82/><V72/><F72/><W35/><G35/><T43/><D123/><U105/><E105/><V115/><F115/><W71/><G71/><T51/><D77/><U64/><E126/><V98/><F98/><W42/><G42/><N who="0" m="15915" /><D66/><U81/><E64/><V101/><F101/><AGARI ba="0,0" hai="48,51,88,95,97,101,102,103" m="15915,41482" machi="101" ten="30,2000,0" yaku="14,1,54,1" doraHai="28" who="0" fromWho="2" sc="250,20,170,0,250,-20,330,0" />
</Scene>
<Scene>
<INIT seed="2,0,0,4,2,105" ten="270,170,230,330" oya="2" hai0="115,56,128,123,7,69,90,54,24,79,117,68,95" hai1="118,101,77,80,91,78,113,107,74,61,4,25,75" hai2="67,120,89,40,43,131,5,12,10,65,66,22,87" hai3="92,116,84,50,132,98,30,108,93,126,82,57,35"/><V100/><F120/><W111/><G116/><T72/><D123/><U8/><E118/><V129/><F100/><W37/><G37/><T130/><D117/><U106/><E113/><V119/><F119/><W29/><G132/><T36/><D36/><U52/><E101/><V17/><F131/><N who="0" m="50218" /><D115/><U58/><E91/><V81/><REACH who="2" step="1"/><F129/><REACH who="2" ten="270,170,220,330" step="2"/><W21/><G111/><T127/><D127/><U97/><E107/><V124/><F124/><W32/><G108/><T42/><D42/><U103/><E25/><AGARI ba="0,1" hai="5,10,12,17,22,25,40,43,65,66,67,81,87,89" machi="25" ten="40,7700,0" yaku="1,1,8,1,53,1" doraHai="105" doraHaiUra="6" who="2" fromWho="1" sc="270,0,170,-77,220,87,330,0" />
</Scene>
<Scene>
<INIT seed="2,1,0,2,3,31" ten="270,93,307,330" oya="2" hai0="61,86,34,131,45,28,38,48,122,8,5,42,58" hai1="109,85,19,91,6,133,55,43,135,112,100,114,93" hai2="53,125,97,116,101,59,89,4,60,62,117,98,80" hai3="68,77,14,69,17,21,132,2,52,64,124,110,0"/><V75/><F4/><W7/><G77/><T16/><D122/><U15/><E109/><V12/><F125/><W129/><G110/><T35/><D131/><U78/><E6/><V87/><F62/><W111/><G111/><T67/><D28/><U70/><E70/><V41/><F41/><W82/><G82/><T10/><D86/><U118/><E43/><V23/><F75/><W37/><G37/><T74/><D74/><U29/><E118/><V54/><F54/><W99/><G129/><T30/><D30/><U90/><E78/><V9/><F23/><W3/><G124/><T81/><D81/><N who="1" m="49455" /><E100/><V83/><F83/><W108/><G108/><T32/><D5/><U119/><E29/><V92/><F98/><W39/><G39/><T127/><D127/><U25/><E25/><V46/><F46/><W113/><G7/><T13/><REACH who="0" step="1"/><D38/><REACH who="0" ten="260,93,307,330" step="2"/><U76/><E119/><V104/><F117/><W72/><G72/><T73/><D73/><U50/><E114/><V115/><F115/><W63/><G113/><T71/><D71/><U134/><E112/><V36/><F36/><W128/><G68/><T126/><D126/><U33/><E134/><V79/><F116/><W26/><G132/><T65/><D65/><U56/><E135/><V102/><F104/><W47/><G128/><T106/><D106/><U121/><E133/><V95/><F95/><W40/><G69/><T96/><D96/><N who="1" m="57407" /><E121/><V94/><F94/><W57/><G64/><T84/><D84/><U22/><E76/><V20/><F92/><W44/><G99/><T105/><D105/><U24/><E33/><RYUUKYOKU ba="1,1" sc="260,15,93,15,307,-15,330,-15" hai0="8,10,13,16,32,34,35,42,45,48,58,61,67" hai1="15,19,22,24,50,55,56" />
</Scene>
<Scene>
<INIT seed="3,2,1,4,5,6" ten="275,108,292,315" oya="3" hai0="9,15,122,88,5,29,1,84,91,127,40,104,94" hai1="8,26,132,48,124,43,80,66,95,68,82,56,52" hai2="89,55,108,134,130,98,100,13,24,46,78,38,74" hai3="67,118,77,4,0,72,99,125,123,59,119,21,101"/><W19/><G123/><T16/><D122/><U30/><E124/><V17/><F108/><W106/><G125/><T133/><D127/><U42/><E132/><V50/><F134/><W105/><G105/><T45/><D133/><U37/><E95/><V70/><F130/><W35/><G35/><T86/><D104/><U36/><E36/><V69/><F38/><W53/><G67/><T83/><D29/><U73/><E73/><V128/><F128/><W12/><G77/><T20/><D45/><N who="1" m="23759" /><E43/><V126/><F126/><W110/><G72/><T23/><D40/><U2/><E2/><V54/><F54/><W62/><REACH who="3" step="1"/><G110/><REACH who="3" ten="275,108,292,305" step="2"/><T116/><REACH who="0" step="1"/><D23/><REACH who="0" ten="265,108,292,305" step="2"/><N who="1" m="15711" /><E8/><AGARI ba="2,3" hai="0,4,8,12,19,21,53,59,62,99,101,106,118,119" machi="8" ten="40,7700,0" yaku="1,1,52,1,53,1" doraHai="6" doraHaiUra="18" who="3" fromWho="1" sc="265,0,108,-83,292,0,305,113" />
</Scene>
<Scene>
<INIT seed="3,3,0,5,0,32" ten="265,25,292,418" oya="3" hai0="99,110,26,76,51,113,54,127,16,115,14,65,78" hai1="74,82,39,112,4,101,105,79,129,116,48,21,85" hai2="63,45,29,95,40,118,104,12,41,133,37,119,11" hai3="30,53,86,69,92,102,46,108,90,19,128,64,84"/><W61/><G30/><T89/><D110/><U36/><E112/><N who="0" m="43081" /><D127/><U7/><E129/><V50/><F104/><W80/><G128/><T77/><D65/><U0/><E116/><V111/><F111/><W9/><G108/><T18/><D26/><U55/><E74/><V44/><F133/><W52/><G46/><N who="0" m="28023" /><D14/><U47/><E7/><V87/><F29/><W68/><G68/><T103/><D89/><U38/><E21/><V123/><F123/><W35/><G35/><T125/><D125/><U6/><REACH who="1" step="1"/><E0/><REACH who="1" ten="265,15,292,418" step="2"/><V72/><F72/><W67/><G9/><T130/><D130/><U66/><E66/><V13/><F118/><W132/><G67/><T109/><D109/><U23/><E23/><V5/><F119/><W126/><G126/><T57/><D57/><U75/><E75/><V10/><F63/><W135/><G135/><T121/><D121/><U49/><E49/><V81/><F10/><W1/><G1/><T34/><D34/><U28/><E28/><V98/><F11/><W134/><G132/><T42/><D42/><U120/><E120/><V88/><REACH who="2" step="1"/><F5/><REACH who="2" ten="265,15,282,418" step="2"/><W91/><G134/><T122/><D122/><U107/><E107/><AGARI ba="3,2" hai="16,18,76,77,78,99,103,107" m="28023,43081" machi="107" ten="30,2000,0" yaku="11,1,54,1" doraHai="32" who="0" fromWho="1" sc="265,49,15,-29,282,0,418,0" owari="314,11.0,-14,-51.0,282,-12.0,418,52.0" />
</Scene>
</mjloggm>