<mjloggm ver="2.3"><GO type="169" lobby="0"/><UN n0="%E9%BA%BB%E9%9B%80%E5%95%86%E4%BA%BA%E3%81%8F%E3%82%93%E2%99%AA" n1="%E5%A4%AA%E3%81%8F%E3%81%AA%E3%81%84%E3%81%8A" n2="%E7%8B%9B%E6%B1%9F%E7%A9%BA%E6%89%8B%EF%BC%91%E7%B4%9A" n3="%E7%A8%B2%E4%BD%9C%E3%83%B4%E3%82%A9%E3%83%AB%E3%82%B1%E3%82%A4%E3%83%8E" dan="16,17,16,17" rate="2108.82,2135.66,2092.11,2116.70" sx="M,M,M,M"/><TAIKYOKU oya="0"/>

<Scene>
<INIT seed="0,0,0,2,1,64" ten="250,250,250,250" oya="0" hai0="122,51,110,115,90,104,38,55,15,93,29,133,126" hai1="95,13,105,19,135,59,98,2,57,20,50,70,121" hai2="107,86,94,128,111,124,123,5,26,82,87,52,118" hai3="14,12,56,114,54,120,27,68,63,35,18,81,32"/><T48/><D115/><U76/><E121/><V134/><F107/><W113/><G120/><T99/><D122/><U23/><E135/><V106/><F106/><W25/><G12/><T31/><D38/><U45/><E105/><V108/><F5/><W0/><G0/><T37/><D37/><U88/><E2/><V28/><F123/><W91/><G32/><T125/><D133/><U11/><E70/><V83/><F124/><N who="0" m="47722" /><D51/><U34/><E34/><V72/><F72/><W39/><G39/><T67/><D67/><U61/><E76/><V40/><F40/><W53/><G68/><T71/><D71/><U3/><E3/><V96/><F128/><W21/><G35/><T127/><N who="0" m="47730" /><T30/><DORA hai="75" /><D104/><U17/><E61/><V77/><F134/><W49/><G113/><T129/><D15/><N who="1" m="9343" /><E11/><V119/><F52/><AGARI ba="0,0" hai="13,17,23,45,50,52,57,59,88,95,98" m="9343" machi="52" ten="30,3900,0" yaku="8,1,54,2" doraHai="64,75" who="1" fromWho="2" sc="250,0,250,39,250,-39,250,0" />
</Scene>
<Scene>
<INIT seed="1,0,0,4,5,128" ten="250,289,211,250" oya="1" hai0="19,27,52,70,51,13,32,57,59,99,42,18,100" hai1="69,108,71,11,73,110,115,26,36,106,39,8,61" hai2="90,133,28,131,0,67,12,6,98,21,132,82,88" hai3="65,25,87,105,127,64,77,119,117,123,95,14,47"/><U83/><E106/><V134/><F131/><W74/><G123/><T4/><D70/><N who="1" m="26635" /><E115/><V76/><F67/><W49/><G127/><T33/><D42/><U54/><E26/><N who="2" m="16463" /><F0/><W7/><G105/><T81/><D4/><U58/><E73/><N who="2" m="43279" /><F98/><W2/><G2/><T5/><D5/><U92/><E83/><V24/><F24/><W111/><G74/><T84/><D27/><U29/><E29/><V15/><F15/><W38/><G38/><N who="1" m="14378" /><E92/><V41/><F41/><N who="3" m="24815" /><G25/><T35/><D13/><U3/><E3/><V16/><F6/><W129/><G129/><T135/><D18/><U20/><E20/><AGARI ba="0,0" hai="12,16,20,88,90,132,133,134" m="43279,16463" machi="20" ten="30,12000,2" yaku="20,1,52,3,54,2" doraHai="128" who="2" fromWho="1" sc="250,0,289,-120,211,120,250,0" />
</Scene>
<Scene>
<INIT seed="2,0,0,2,3,122" ten="250,169,331,250" oya="2" hai0="27,13,80,11,15,38,65,48,53,28,99,63,47" hai1="94,83,135,121,3,115,58,18,108,110,67,107,84" hai2="102,46,133,22,104,33,85,101,114,66,118,57,62" hai3="71,127,126,16,75,81,76,39,40,56,1,92,95"/><V36/><F33/><W116/><G71/><T52/><D38/><U88/><E115/><V20/><F118/><W23/><G116/><T128/><D128/><U124/><E107/><V7/><F114/><W109/><G1/><T68/><D99/><U119/><E119/><V59/><F7/><W45/><G56/><T26/><D80/><U42/><E3/><V10/><F10/><W9/><G9/><T123/><D123/><U73/><E121/><V34/><F34/><W90/><G109/><N who="1" m="42090" /><E135/><V134/><F85/><W50/><G39/><T129/><D129/><U2/><E2/><V4/><F4/><W0/><G0/><T30/><D53/><U43/><E124/><N who="3" m="47658" /><G90/><T24/><REACH who="0" step="1"/><D13/><AGARI ba="0,0" hai="13,16,23,40,45,50,75,76,81,92,95" m="47658" machi="13" ten="30,2000,0" yaku="18,1,54,1" doraHai="122" who="3" fromWho="0" sc="250,-20,169,0,331,0,250,20" />
</Scene>
<Scene>
<INIT seed="3,0,0,0,3,125" ten="230,169,331,270" oya="3" hai0="91,1,25,127,95,86,117,124,7,59,79,33,36" hai1="97,103,100,99,31,39,135,64,22,76,28,118,23" hai2="102,14,128,119,21,10,104,110,84,38,85,106,105" hai3="54,24,50,78,122,114,48,111,52,81,131,19,3"/><W109/><G114/><T82/><D36/><U120/><E120/><V130/><F119/><W71/><G131/><N who="2" m="50217" /><F110/><N who="3" m="41995" /><G71/><T56/><D7/><U94/><E39/><V20/><F38/><W132/><G3/><T30/><D1/><U116/><E76/><V57/><F102/><W26/><G132/><T2/><D2/><U40/><E64/><V44/><F44/><N who="3" m="27655" /><G19/><T77/><D117/><N who="1" m="45163" /><E40/><V5/><F57/><N who="3" m="32983" /><G122/><T80/><D124/><U45/><E45/><V101/><F101/><W66/><G66/><T70/><D70/><U27/><E135/><V83/><F85/><AGARI ba="0,0" hai="24,26,78,81,85" m="32983,27655,41995" machi="85" ten="30,5800,0" yaku="14,1,10,1,54,1" doraHai="125" who="3" fromWho="2" sc="230,0,169,0,331,-58,270,58" />
</Scene>
<Scene>
<INIT seed="3,1,0,4,3,104" ten="230,169,273,328" oya="3" hai0="86,102,38,91,10,123,135,25,97,2,83,26,57" hai1="14,8,87,134,55,121,76,98,133,9,53,79,50" hai2="88,18,32,30,12,27,129,81,67,126,13,117,62" hai3="37,124,89,17,63,3,125,101,131,70,41,11,114"/><W84/><G114/><T78/><D123/><U66/><E121/><V0/><F0/><W110/><G101/><T54/><D38/><U127/><E66/><V4/><F117/><W116/><G116/><T92/><D135/><N who="1" m="51723" /><E127/><N who="3" m="48714" /><G131/><T93/><D2/><U111/><E111/><V61/><F126/><W5/><G110/><T112/><D10/><N who="1" m="4203" /><E14/><V28/><F4/><W58/><G70/><T51/><REACH who="0" step="1"/><D112/><REACH who="0" ten="220,169,273,328" step="2"/><U77/><E98/><AGARI ba="1,1" hai="25,26,51,54,57,78,83,86,91,92,93,97,98,102" machi="98" ten="30,12000,2" yaku="1,1,2,1,7,1,8,1,53,2" doraHai="104" doraHaiUra="22" who="0" fromWho="1" sc="220,133,169,-123,273,0,328,0" />
</Scene>
<Scene>
<INIT seed="4,0,0,0,0,125" ten="353,46,273,328" oya="0" hai0="11,70,17,103,57,21,112,94,6,95,4,38,86" hai1="66,3,110,106,93,20,64,68,12,16,100,74,41" hai2="119,56,19,40,51,2,117,43,52,129,113,55,24" hai3="77,91,60,122,72,105,5,23,118,81,111,128,29"/><T80/><D38/><U69/><E110/><V15/><F2/><W48/><G111/><T114/><D70/><U96/><E74/><V134/><F113/><N who="0" m="43626" /><D57/><U87/><E3/><V67/><F24/><W90/><G118/><N who="2" m="45065" /><F134/><W120/><G105/><T131/><D11/><U9/><E41/><V63/><F129/><W39/><G39/><T26/><D103/><U83/><E106/><V0/><F0/><W18/><G29/><T75/><D75/><U127/><E127/><V76/><F76/><W102/><G102/><T99/><D99/><U13/><E69/><N who="2" m="42239" /><F55/><W61/><G5/><N who="0" m="2155" /><D131/><U53/><E53/><V89/><F89/><AGARI ba="0,0" hai="17,21,26,80,86,89,94,95" m="2155,43626" machi="89" ten="30,1500,0" yaku="15,1" doraHai="125" who="0" fromWho="2" sc="353,15,46,0,273,-15,328,0" />
</Scene>
<Scene>
<INIT seed="4,1,0,4,1,105" ten="368,46,258,328" oya="0" hai0="31,20,68,58,6,38,67,84,62,25,100,119,132" hai1="131,94,130,124,2,97,44,106,9,104,7,103,48" hai2="113,49,109,75,78,1,135,111,0,59,117,110,134" hai3="77,28,41,3,27,122,93,36,95,74,81,16,86"/><T99/><D119/><U18/><E18/><V133/><F113/><W61/><G122/><T40/><D132/><U33/><E33/><V88/><F117/><W63/><G3/><N who="2" m="1097" /><F59/><W108/><G108/><T76/><D6/><U101/><E124/><V90/><F49/><W57/><G61/><T37/><D40/><U5/><E5/><V50/><F50/><W45/><G86/><T73/><D84/><U115/><E115/><V120/><F120/><W65/><REACH who="3" step="1"/><G16/><REACH who="3" ten="368,46,258,318" step="2"/><T121/><D121/><U47/><E130/><V126/><F126/><W123/><G123/><T125/><D125/><U116/><E131/><V19/><F19/><W23/><AGARI ba="1,1" hai="23,27,28,36,41,45,57,63,65,74,77,81,93,95" machi="23" ten="20,5200,0" yaku="1,1,0,1,7,1,52,1,53,0" doraHai="105" doraHaiUra="10" who="3" fromWho="3" sc="368,-27,46,-14,258,-14,318,65" />
</Scene>
<Scene>
<INIT seed="5,0,0,2,1,48" ten="341,32,244,383" oya="1" hai0="113,105,22,25,100,12,38,82,35,34,130,7,110" hai1="87,96,59,31,60,92,86,99,89,94,77,71,132" hai2="50,8,98,80,125,33,51,67,30,108,0,134,37" hai3="91,14,76,41,124,26,106,42,119,97,109,24,2"/><U19/><E132/><V129/><F108/><W75/><G2/><T20/><D113/><U46/><E71/><V23/><F37/><W114/><G109/><T78/><D38/><U118/><E118/><V54/><F33/><W16/><G114/><T102/><D110/><U5/><E5/><N who="2" m="1063" /><F67/><W121/><G121/><T81/><D130/><U49/><E31/><V47/><F98/><W93/><G124/><T6/><D12/><U53/><E19/><V117/><F80/><W85/><G75/><T88/><D25/><N who="3" m="9833" /><G106/><T63/><D63/><U17/><E17/><V4/><F4/><W45/><G45/><T73/><D73/><U70/><E70/><V101/><F101/><N who="3" m="60591" /><G76/><T13/><D13/><U62/><E62/><V65/><F65/><W128/><G128/><T36/><D36/><U133/><E133/><V104/><F104/><W3/><G3/><T74/><D74/><U10/><E10/><V107/><F107/><W11/><G119/><T120/><D105/><U55/><REACH who="1" step="1"/><E77/><REACH who="1" ten="341,22,244,383" step="2"/><V27/><F117/><W123/><G123/><T61/><D78/><U126/><E126/><V95/><F125/><W52/><G11/><T32/><D61/><U68/><E68/><V66/><F134/><W69/><G69/><T72/><D120/><U56/><E56/><V112/><F112/><W15/><G16/><T64/><D6/><U18/><E18/><V44/><F129/><W29/><G29/><T40/><D7/><U116/><E116/><V127/><F127/><W79/><G79/><T103/><D72/><U39/><E39/><V57/><F30/><W84/><G14/><RYUUKYOKU ba="0,1" sc="341,-10,22,30,244,-10,383,-10" hai1="46,49,53,55,59,60,86,87,89,92,94,96,99" />
</Scene>
<Scene>
<INIT seed="5,1,1,5,4,19" ten="331,52,234,373" oya="1" hai0="20,67,122,79,0,16,86,31,54,2,75,100,49" hai1="83,41,90,59,123,111,40,22,46,135,17,76,108" hai2="7,82,51,72,28,24,53,92,62,43,89,30,118" hai3="3,70,45,113,37,130,9,42,13,71,64,57,124"/><U12/><E123/><V47/><F118/><W26/><G3/><T23/><D75/><U128/><E128/><V56/><F7/><W50/><G113/><T88/><D2/><U39/><E135/><V29/><F72/><W33/><G130/><T120/><D0/><U38/><E90/><V93/><F24/><W102/><G124/><T5/><D5/><U69/><E69/><V84/><AGARI ba="1,1" hai="28,29,30,43,47,51,53,56,62,82,84,89,92,93" machi="84" ten="30,2000,0" yaku="0,1,8,1" doraHai="19" who="2" fromWho="2" sc="331,-6,52,-11,234,33,373,-6" />
</Scene>
<Scene>
<INIT seed="6,0,0,5,4,122" ten="325,41,267,367" oya="2" hai0="128,36,127,32,71,90,1,99,112,86,116,17,107" hai1="29,93,42,108,34,130,121,55,89,132,43,83,61" hai2="97,73,3,135,82,76,111,35,27,20,28,92,6" hai3="94,62,80,87,126,75,78,64,46,74,105,12,101"/><V102/><F135/><W14/><G126/><T100/><RYUUKYOKU type="yao9" ba="0,0" sc="325,0,41,0,267,0,367,0" hai0="1,17,32,36,71,86,90,99,100,107,112,116,127,128" />
</Scene>
<Scene>
<INIT seed="6,1,0,0,0,33" ten="325,41,267,367" oya="2" hai0="116,100,126,61,65,101,28,93,76,103,134,66,49" hai1="132,68,24,37,27,70,123,90,91,55,83,36,82" hai2="72,58,74,21,59,107,6,7,22,8,25,35,2" hai3="39,60,29,117,133,52,57,102,128,95,119,79,89"/><V4/><F107/><W17/><G39/><T0/><D0/><U10/><E10/><V94/><F35/><W131/><G133/><T51/><D28/><U127/><E55/><V15/><F74/><W9/><G29/><T75/><D134/><U71/><E132/><V85/><F72/><W86/><G79/><T31/><D31/><U81/><E127/><V13/><F85/><W115/><G115/><T54/><D75/><U106/><E106/><V135/><F94/><W69/><G69/><T130/><D76/><U19/><E123/><V99/><F99/><W121/><G102/><T73/><D73/><U108/><E108/><V105/><F105/><W120/><G120/><T125/><D130/><N who="3" m="49705" /><G121/><T87/><D116/><U88/><REACH who="1" step="1"/><E19/><REACH who="1" ten="325,31,267,367" step="2"/><N who="2" m="12479" /><F135/><W96/><G96/><T32/><D126/><U41/><E41/><V67/><F8/><W45/><G9/><T114/><D125/><U20/><E20/><V23/><F23/><W112/><G17/><T111/><D111/><U53/><E53/><V109/><F22/><W30/><G52/><T14/><D54/><U80/><N who="1" m="20480" /><DORA hai="84" /><U43/><E43/><V124/><F124/><W12/><G117/><T46/><D32/><U56/><E56/><V47/><F58/><W1/><G57/><T122/><D122/><U42/><E42/><V78/><F59/><W11/><G119/><T104/><D104/><U92/><E92/><V38/><F109/><W44/><G11/><T63/><D93/><U77/><E77/><V34/><F78/><W50/><G95/><T118/><D118/><U26/><AGARI ba="1,1" hai="24,26,27,36,37,68,70,71,88,90,91" m="20480" machi="26" ten="60,32000,5" yakuman="40" doraHai="33,84" doraHaiUra="5,97" who="1" fromWho="1" sc="325,-81,31,333,267,-161,367,-81" />
</Scene>
<Scene>
<INIT seed="7,0,0,0,0,61" ten="244,364,106,286" oya="3" hai0="86,124,39,67,50,53,123,63,113,82,26,100,16" hai1="45,71,115,60,37,91,32,10,56,126,14,34,121" hai2="58,125,80,110,9,47,96,76,65,6,83,23,101" hai3="88,92,20,90,81,98,118,74,1,79,41,134,13"/><W103/><G118/><T66/><D123/><U62/><E121/><V44/><F110/><W84/><G1/><T49/><D39/><U54/><E115/><V2/><F125/><W108/><G108/><T19/><D113/><U35/><E126/><V4/><F4/><W7/><G134/><T72/><D72/><U132/><E132/><V102/><F80/><W105/><G41/><T12/><D100/><U129/><E129/><V46/><F2/><W68/><G68/><T28/><D124/><U21/><E21/><V33/><F33/><W40/><G40/><T109/><D109/><U25/><E91/><V75/><F9/><W95/><G7/><T77/><D63/><U112/><E112/><V97/><F6/><W57/><G57/><T55/><D28/><U5/><E45/><V64/><F58/><W27/><G13/><T15/><D26/><U17/><E37/><V85/><F23/><W99/><G20/><N who="0" m="11271" /><D50/><U42/><E25/><AGARI ba="0,0" hai="25,27,74,79,81,84,88,90,92,95,98,99,103,105" machi="25" ten="40,7700,0" yaku="24,2,54,1" doraHai="61" who="3" fromWho="1" sc="244,0,364,-77,106,0,286,77" owari="244,-16.0,287,9.0,106,-39.0,363,46.0" />
</Scene>
</mjloggm>