<mjloggm ver="2.3"><GO type="169" lobby="0"/><UN n0="%77%61%64%6F%70%72%6F" n1="%47%2D%6E%65%74" n2="%E5%A4%AA%E3%81%8F%E3%81%AA%E3%81%84%E3%81%8A" n3="%E4%BC%9D%E8%AA%AC%E3%81%AE%E3%81%B2%E3%82%88%E3%81%93" dan="16,16,18,16" rate="2181.72,2074.08,2198.46,2074.94" sx="M,M,M,F"/><TAIKYOKU oya="0"/>

<Scene>
<INIT seed="0,0,0,3,2,113" ten="250,250,250,250" oya="0" hai0="8,81,1,58,17,72,0,110,66,85,12,134,42" hai1="55,123,48,54,78,60,27,51,43,111,84,36,57" hai2="15,46,128,93,31,22,100,116,103,23,29,131,10" hai3="14,33,6,79,91,104,105,53,59,26,70,130,75"/><T89/><D134/><U28/><E111/><V124/><F46/><W126/><G70/><T127/><D127/><U92/><E123/><V35/><F124/><W112/><G112/><T109/><D42/><U63/><E36/><V18/><F93/><W62/><G130/><N who="2" m="49705" /><F103/><W47/><G126/><T65/><D72/><U114/><E43/><V108/><F100/><W3/><G3/><T87/><D87/><U122/><E122/><V4/><F108/><N who="0" m="41578" /><D58/><U83/><E92/><V129/><N who="2" m="49713" /><V132/><DORA hai="119" /><F132/><W82/><G91/><T52/><D52/><U61/><E114/><V97/><F97/><W73/><G73/><T80/><D80/><U13/><E13/><N who="2" m="9551" /><F35/><W67/><G47/><T32/><D32/><U38/><E38/><V133/><F133/><W45/><G45/><T50/><D50/><U40/><E40/><V77/><F77/><W118/><G79/><T125/><D125/><U74/><E74/><V5/><F116/><W106/><G118/><T2/><AGARI ba="0,0" hai="0,1,2,8,12,17,65,66,81,85,89" m="41578" machi="2" ten="40,3900,0" yaku="14,1,10,1" doraHai="113,119" who="0" fromWho="0" sc="250,39,250,-13,250,-13,250,-13" />
</Scene>
<Scene>
<INIT seed="0,1,0,5,5,19" ten="289,237,237,237" oya="0" hai0="57,106,97,104,20,128,7,32,78,96,132,28,56" hai1="0,54,33,8,66,44,34,29,1,71,4,74,50" hai2="75,105,93,116,61,3,113,131,126,79,124,43,27" hai3="12,118,10,64,125,92,6,84,127,86,48,36,133"/><T100/><D32/><U111/><E111/><V49/><F105/><W73/><G36/><T2/><D78/><U41/><E74/><V62/><F3/><W112/><G112/><T18/><D28/><U65/><E0/><V39/><F113/><W122/><G118/><T85/><D132/><U24/><E34/><V69/><F116/><W59/><G73/><T90/><D128/><U129/><E129/><V21/><F131/><W130/><G130/><T11/><D97/><U9/><E9/><V77/><F39/><W98/><G133/><T99/><D99/><U103/><E103/><V26/><F93/><W117/><G117/><T134/><D106/><U72/><E72/><V52/><F43/><W70/><G70/><T35/><D35/><U55/><REACH who="1" step="1"/><E71/><REACH who="1" ten="289,227,237,237" step="2"/><V91/><F75/><W76/><G122/><T119/><D119/><U115/><E115/><V58/><F69/><W5/><G127/><T123/><D134/><U81/><E81/><V107/><F126/><W53/><G125/><T40/><D123/><U60/><E60/><V95/><F124/><W17/><G84/><T80/><REACH who="0" step="1"/><D40/><REACH who="0" ten="279,227,237,237" step="2"/><U37/><E37/><V101/><F107/><W51/><G86/><T89/><D89/><U45/><E45/><V42/><F42/><W22/><G76/><T94/><D94/><U108/><E108/><V15/><F79/><W114/><G92/><T25/><AGARI ba="1,2" hai="2,7,11,18,20,25,56,57,80,85,90,96,100,104" machi="25" ten="20,7800,0" yaku="1,1,0,1,7,1,52,1,53,0" doraHai="19" doraHaiUra="67" who="0" fromWho="0" sc="279,101,227,-27,237,-27,237,-27" />
</Scene>
<Scene>
<INIT seed="0,2,0,5,4,75" ten="380,200,210,210" oya="0" hai0="66,131,62,70,97,94,122,44,106,119,15,4,7" hai1="58,45,10,1,108,105,40,111,35,30,102,68,96" hai2="63,29,84,47,13,101,126,25,107,95,77,117,28" hai3="52,99,120,19,33,18,34,100,67,53,127,128,3"/><T87/><D119/><U22/><E58/><V56/><F117/><W130/><G3/><T64/><D122/><U121/><E121/><V42/><F126/><W12/><G120/><T78/><D131/><N who="3" m="50217" /><G67/><T39/><D66/><U109/><E68/><V16/><F107/><N who="3" m="63903" /><G127/><T91/><D15/><U46/><E40/><V135/><F135/><W113/><G113/><T129/><D129/><U61/><E61/><V49/><F101/><W104/><G104/><T118/><D118/><U43/><E43/><V86/><F95/><W0/><G0/><T103/><D39/><U116/><E116/><V60/><F60/><W32/><G19/><T26/><D44/><U2/><E35/><V11/><F77/><W76/><G76/><T124/><D124/><U24/><REACH who="1" step="1"/><E2/><REACH who="1" ten="380,190,210,210" step="2"/><V17/><F56/><W23/><AGARI ba="2,1" hai="12,18,23,32,33,34,52,53" m="63903,50217" machi="23" ten="40,2700,0" yaku="19,1,54,1" doraHai="75" who="3" fromWho="3" sc="380,-15,190,-9,210,-9,210,43" />
</Scene>
<Scene>
<INIT seed="1,0,0,4,0,42" ten="365,181,201,253" oya="1" hai0="6,22,53,73,72,58,90,101,96,84,111,43,78" hai1="91,48,47,117,27,79,114,110,133,41,130,20,69" hai2="18,37,11,24,17,15,129,115,60,34,106,35,119" hai3="135,8,123,71,36,70,26,55,33,2,66,82,125"/><U62/><E117/><V104/><F37/><W80/><G123/><T107/><D111/><U81/><E114/><V39/><F39/><W68/><G66/><T10/><D43/><U67/><E110/><V126/><F119/><W85/><G135/><T64/><D22/><U38/><E133/><V97/><F115/><W14/><G2/><T65/><D73/><U12/><E130/><V112/><F112/><W121/><G121/><T50/><D78/><U120/><E91/><V77/><F129/><W76/><G55/><T89/><D72/><U28/><E12/><V94/><F126/><W83/><G36/><T4/><D4/><U49/><REACH who="1" step="1"/><E120/><REACH who="1" ten="365,171,201,253" step="2"/><V25/><F15/><W32/><G125/><T113/><D90/><U13/><E13/><V30/><F77/><W131/><G131/><T88/><D89/><U102/><E102/><V74/><F25/><W127/><G127/><T87/><D113/><U40/><E40/><V16/><F24/><W95/><G26/><T86/><D88/><U59/><E59/><V92/><F97/><W1/><G76/><T3/><AGARI ba="0,1" hai="3,6,10,50,53,58,64,65,84,86,87,96,101,107" machi="3" ten="30,1100,0" yaku="0,1" doraHai="42" who="0" fromWho="0" sc="365,21,171,-5,201,-3,253,-3" />
</Scene>
<Scene>
<INIT seed="2,0,0,4,4,42" ten="386,166,198,250" oya="2" hai0="10,89,36,25,131,86,49,134,97,44,108,35,107" hai1="39,113,117,119,64,120,125,75,104,5,70,62,114" hai2="77,4,122,24,127,46,105,38,30,56,1,81,106" hai3="32,51,102,0,121,100,8,26,58,124,11,66,111"/><V92/><F122/><W128/><G121/><T109/><D36/><U72/><E120/><V99/><F127/><W110/><G128/><T22/><D35/><U53/><E125/><V132/><F132/><W21/><G32/><T112/><D112/><N who="1" m="43115" /><E53/><V59/><F59/><W90/><G8/><T115/><D131/><U31/><E31/><V7/><F56/><W33/><G33/><T82/><D134/><U45/><E5/><V123/><F123/><W73/><G73/><N who="1" m="28234" /><E104/><V118/><F118/><W34/><G34/><T40/><D115/><U15/><E15/><V69/><F69/><W41/><G11/><T85/><D10/><U17/><E17/><V12/><F12/><W96/><G66/><T101/><REACH who="0" step="1"/><D86/><REACH who="0" ten="376,166,198,250" step="2"/><U135/><E135/><V16/><F38/><W9/><G124/><T71/><D71/><U133/><E133/><V29/><F1/><W76/><G9/><T84/><D84/><U20/><E20/><V23/><F4/><W61/><G21/><T80/><D80/><U63/><E39/><V60/><F7/><W6/><G6/><T65/><D65/><U54/><E64/><V88/><F81/><W129/><G129/><T3/><D3/><U57/><E70/><V37/><F37/><W103/><G0/><T126/><D126/><U95/><E119/><V130/><F130/><W74/><G74/><T98/><D98/><U78/><E117/><V50/><F99/><W14/><G96/><T68/><D68/><U43/><E95/><V91/><F92/><W27/><G26/><T94/><D94/><U18/><E78/><V93/><F93/><RYUUKYOKU ba="0,1" sc="376,30,166,-10,198,-10,250,-10" hai0="22,25,40,44,49,82,85,89,97,101,107,108,109" />
</Scene>
<Scene>
<INIT seed="3,1,1,2,2,85" ten="406,156,188,240" oya="3" hai0="37,125,106,91,115,87,114,122,80,94,100,130,75" hai1="81,79,132,12,55,31,39,58,63,28,7,127,98" hai2="77,10,40,118,21,61,2,97,51,89,116,60,135" hai3="105,124,15,90,103,69,82,23,33,35,78,104,34"/><W111/><G69/><T41/><D37/><U3/><E3/><V52/><F135/><W38/><G38/><T126/><D41/><U86/><E132/><V56/><F77/><W27/><G124/><N who="0" m="47723" /><D122/><U133/><E39/><V45/><F60/><W6/><G103/><T48/><D48/><U36/><E36/><V112/><F112/><N who="0" m="43050" /><D130/><U134/><E127/><V54/><F40/><W22/><G111/><T1/><D1/><U120/><E120/><V13/><F2/><W102/><G102/><T16/><D16/><U74/><E74/><V99/><F21/><W110/><G110/><T64/><D64/><U101/><E7/><V84/><F118/><W50/><G50/><T117/><D117/><U92/><REACH who="1" step="1"/><E12/><REACH who="1" ten="406,146,188,240" step="2"/><V107/><F116/><W53/><G15/><T96/><D75/><U71/><E71/><V26/><F26/><W113/><G6/><T119/><D119/><U9/><E9/><V70/><F70/><W47/><G113/><T0/><D0/><U4/><E4/><N who="2" m="3271" /><F107/><AGARI ba="1,2" hai="80,87,91,94,96,100,106,107" m="43050,47723" machi="107" ten="30,8000,1" yaku="18,1,11,1,34,2,52,1" doraHai="85" who="0" fromWho="2" sc="406,103,146,0,188,-83,240,0" />
</Scene>
<Scene>
<INIT seed="4,0,0,5,0,121" ten="509,146,105,240" oya="0" hai0="4,60,110,72,91,101,40,17,128,42,80,95,14" hai1="100,67,0,8,115,112,56,12,102,43,2,82,37" hai2="5,20,94,104,116,38,114,129,3,113,35,28,89" hai3="19,78,18,88,25,54,85,59,1,30,87,46,97"/><T83/><D101/><N who="1" m="39019" /><E82/><V123/><F104/><W63/><G1/><T9/><D72/><U36/><E43/><V45/><F123/><W84/><G78/><T118/><D128/><U92/><E92/><V69/><F69/><W74/><G74/><T24/><D118/><U99/><E99/><V96/><F35/><W107/><G107/><T13/><D24/><U120/><E120/><V103/><F129/><W132/><G132/><T31/><D31/><U32/><E32/><V119/><F89/><W81/><G46/><T51/><D60/><U131/><E131/><V106/><F94/><N who="3" m="56519" /><G81/><T7/><D91/><U55/><E67/><V26/><F45/><W47/><G47/><T105/><D80/><U53/><E0/><V44/><F3/><W10/><G10/><T76/><D9/><U130/><E2/><V109/><F5/><W29/><G25/><T65/><D4/><U90/><E130/><V93/><F106/><W126/><G126/><T57/><D7/><U15/><E8/><V48/><F38/><N who="1" m="14953" /><E56/><V39/><F39/><W108/><G108/><T77/><D110/><U117/><E117/><N who="2" m="45131" /><F109/><W16/><AGARI ba="0,0" hai="16,18,19,29,30,54,59,63,84,85,87" m="56519" machi="16" ten="30,4000,0" yaku="8,1,54,2" doraHai="121" who="3" fromWho="3" sc="509,-20,146,-10,105,-10,240,40" />
</Scene>
<Scene>
<INIT seed="5,0,0,5,3,132" ten="489,136,95,280" oya="1" hai0="78,102,100,128,47,124,41,122,71,121,116,90,48" hai1="134,92,52,75,89,125,94,82,115,60,76,113,65" hai2="77,10,72,119,3,70,57,103,40,91,35,18,30" hai3="108,84,118,73,68,39,49,0,83,58,79,120,101"/><U135/><E125/><V97/><F119/><W8/><G120/><N who="0" m="46187" /><D124/><U28/><E28/><V21/><F70/><W131/><G39/><T14/><D71/><U17/><E17/><V51/><F91/><W15/><G68/><T12/><D128/><U54/><E94/><V74/><F77/><W55/><G0/><T129/><D129/><U33/><E33/><V63/><F35/><W133/><G133/><N who="1" m="50698" /><E60/><V111/><F111/><W50/><G108/><T34/><D34/><U9/><E9/><V20/><F30/><W29/><G29/><T85/><D78/><U67/><E67/><V2/><F10/><W61/><G118/><T23/><D116/><U106/><E106/><V53/><F21/><W24/><G131/><T31/><D31/><U112/><E65/><V37/><F2/><W123/><G123/><T4/><D4/><U5/><E5/><V22/><F22/><W46/><G61/><T86/><D86/><AGARI ba="0,0" hai="52,54,75,76,82,86,89,92,112,113,115" m="50698" machi="86" ten="40,7700,0" yaku="15,1,20,1,54,1" doraHai="132" who="1" fromWho="0" sc="489,-77,136,77,95,0,280,0" />
</Scene>
<Scene>
<INIT seed="5,1,0,2,4,54" ten="412,213,95,280" oya="1" hai0="99,63,96,69,109,112,110,0,89,12,66,15,108" hai1="22,1,3,26,68,13,94,45,53,38,125,70,122" hai2="97,10,60,4,47,133,43,85,61,95,128,9,7" hai3="19,135,92,84,104,121,36,33,91,34,76,126,72"/><U41/><E122/><V32/><F32/><W65/><G121/><T23/><D0/><U124/><E13/><V20/><F133/><W123/><G36/><T87/><D112/><U2/><E94/><V119/><F119/><W117/><G126/><N who="1" m="48746" /><E53/><V8/><F128/><W83/><G135/><T25/><D12/><U82/><E82/><V18/><F85/><W74/><G123/><T132/><D15/><U35/><E35/><V93/><F4/><W5/><G5/><T16/><REACH who="0" step="1"/><D132/><REACH who="0" ten="402,213,95,280" step="2"/><U46/><E1/><V88/><F7/><W29/><G117/><T129/><D129/><U115/><E2/><V28/><F28/><W55/><G34/><T48/><D48/><U17/><E3/><V51/><REACH who="2" step="1"/><F95/><AGARI ba="1,1" hai="16,23,25,63,66,69,87,89,95,96,99,108,109,110" machi="95" ten="40,2600,0" yaku="1,1,54,1,53,0" doraHai="54" doraHaiUra="40" who="0" fromWho="2" sc="402,39,213,0,95,-29,280,0" />
</Scene>
<Scene>
<INIT seed="6,0,0,2,0,105" ten="441,213,66,280" oya="2" hai0="0,29,67,44,83,9,96,6,85,55,116,63,68" hai1="3,30,74,107,126,104,2,27,81,100,54,28,38" hai2="21,49,72,115,82,42,95,106,120,133,132,98,17" hai3="37,31,113,78,8,40,51,64,93,59,111,117,13"/><V123/><F106/><W62/><G117/><T79/><D116/><U1/><E126/><V32/><F32/><W121/><G121/><T65/><D65/><U87/><E30/><V60/><F115/><W22/><G111/><T23/><D96/><U48/><E100/><V129/><F129/><W12/><G37/><T7/><D7/><U124/><E124/><V73/><F60/><W84/><G40/><T88/><D29/><U41/><E104/><V134/><F49/><W97/><G51/><T75/><D23/><U102/><E102/><N who="2" m="60767" /><F42/><W35/><G8/><T112/><D112/><U80/><E107/><V128/><F128/><W131/><G35/><T58/><D44/><U56/><E41/><V61/><F61/><W57/><G57/><T94/><REACH who="0" step="1"/><D55/><REACH who="0" ten="431,213,66,280" step="2"/><U122/><E54/><V39/><F39/><W89/><G113/><T46/><D46/><U92/><E38/><V53/><F53/><W24/><G131/><T25/><D25/><U101/><E27/><N who="2" m="14767" /><F82/><AGARI ba="0,1" hai="12,13,22,24,31,59,62,64,78,82,84,89,93,97" machi="82" ten="40,1300,0" yaku="8,1" doraHai="105" who="3" fromWho="2" sc="431,0,213,0,66,-13,280,23" />
</Scene>
<Scene>
<INIT seed="7,0,0,5,3,97" ten="431,213,53,303" oya="3" hai0="33,121,122,27,58,3,85,30,73,19,77,11,88" hai1="15,83,36,131,94,109,95,110,56,7,135,115,89" hai2="129,125,114,20,79,55,117,96,24,78,134,67,99" hai3="111,62,38,76,133,37,112,23,22,65,45,53,50"/><W49/><G76/><T101/><D101/><U40/><E56/><V10/><F67/><W17/><G133/><T8/><D77/><U25/><E40/><V44/><F117/><W93/><G112/><T100/><D100/><U18/><E36/><V26/><F114/><W66/><G66/><T108/><D73/><U80/><E7/><V0/><F134/><W4/><G22/><T70/><D70/><U90/><E25/><V9/><F129/><W35/><G35/><T86/><D108/><U32/><E15/><V57/><F125/><W51/><G51/><T47/><D86/><U132/><E18/><V106/><F0/><W5/><G111/><T124/><D124/><U46/><E46/><V41/><F106/><W84/><G49/><T75/><D75/><U107/><E32/><V118/><F118/><W14/><G38/><T69/><D69/><U120/><E115/><V13/><F44/><W68/><G37/><T104/><D47/><U92/><E92/><V48/><F41/><W82/><REACH who="3" step="1"/><G93/><REACH who="3" ten="431,213,53,293" step="2"/><T39/><D39/><U54/><E131/><V113/><F113/><W63/><G63/><T42/><D33/><U126/><E126/><V12/><F20/><W74/><G74/><T72/><D72/><U60/><E60/><V21/><F21/><W116/><G116/><T61/><D61/><U103/><E132/><V81/><F81/><W127/><G127/><T59/><D104/><U52/><E135/><V1/><F48/><W34/><G34/><T87/><D122/><U29/><E107/><V28/><F78/><W2/><G2/><T43/><D3/><RYUUKYOKU ba="0,1" sc="431,-10,213,-10,53,-10,293,30" hai3="4,5,14,17,23,45,50,53,62,65,68,82,84" />
</Scene>
<Scene>
<INIT seed="7,1,1,3,1,31" ten="421,203,43,323" oya="3" hai0="24,68,80,106,66,7,32,27,120,16,122,131,133" hai1="21,18,111,114,135,12,101,55,6,121,125,39,127" hai2="126,72,10,2,36,112,75,99,48,95,4,88,70" hai3="33,92,22,134,41,89,107,42,123,59,47,1,93"/><W9/><G123/><T37/><D37/><U53/><E39/><V8/><F36/><W117/><G117/><T104/><D24/><U83/><E121/><N who="0" m="46697" /><D16/><U23/><E114/><V110/><F110/><W43/><G107/><T115/><D115/><U69/><E111/><V35/><F112/><W73/><G93/><T78/><D7/><U63/><E101/><V49/><F70/><W87/><G47/><T76/><D76/><U86/><E6/><V30/><F10/><W108/><G108/><T15/><D15/><U14/><E135/><V57/><F126/><W40/><G134/><T97/><D97/><U102/><E102/><V84/><F84/><W50/><G73/><N who="0" m="43087" /><D131/><U5/><E69/><V20/><F49/><W82/><G22/><T60/><D133/><U67/><E67/><V51/><F48/><W77/><G9/><T129/><D129/><U130/><E130/><V85/><F99/><W100/><G100/><T17/><D17/><U65/><E63/><V45/><F57/><W103/><G103/><T58/><D58/><U64/><E18/><V132/><F132/><W81/><G1/><T28/><AGARI ba="1,1" hai="27,28,32,60,66,68,104,106" m="43087,46697" machi="28" ten="30,2000,0" yaku="23,1,52,1" doraHai="31" who="0" fromWho="0" sc="421,33,203,-6,43,-6,323,-11" owari="454,55.0,197,-20.0,37,-46.0,312,11.0" />
</Scene>
</mjloggm>