<mjloggm ver="2.3"><GO type="169" lobby="0"/><UN n0="%E7%84%A1%E6%AF%9B%E7%8C%AB%EF%BC%A0%E5%B7%9D%E6%9D%91%E8%BB%8D%E5%9B%A3" n1="%E5%A4%AA%E3%81%8F%E3%81%AA%E3%81%84%E3%81%8A" n2="%65%69%6B%31" n3="%E9%A7%84%E5%A6%B9" dan="16,17,16,17" rate="2084.16,2177.45,2107.17,2149.20" sx="M,M,M,F"/><TAIKYOKU oya="0"/>

<Scene>
<INIT seed="0,0,0,2,1,43" ten="250,250,250,250" oya="0" hai0="101,8,72,20,102,91,116,35,132,61,32,81,85" hai1="107,53,11,79,34,108,106,120,14,21,92,97,109" hai2="134,75,122,73,48,67,31,47,88,87,114,39,4" hai3="68,24,133,76,128,6,83,124,1,70,5,25,55"/><T10/><D116/><U57/><E34/><V71/><F39/><W123/><G123/><T74/><D132/><U78/><E21/><V111/><F111/><N who="1" m="42569" /><E120/><V129/><F114/><W2/><G133/><T77/><D74/><U135/><E135/><V90/><F122/><W19/><G55/><T99/><D32/><U7/><E79/><V110/><F134/><W17/><G76/><T26/><D35/><U41/><E78/><V96/><F31/><W130/><REACH who="3" step="1"/><G83/><REACH who="3" ten="250,250,250,240" step="2"/><T113/><D113/><U29/><E41/><V131/><F110/><W63/><G63/><T27/><D61/><N who="1" m="36015" /><E29/><V51/><F131/><W59/><G59/><T16/><D27/><U15/><E15/><V54/><F129/><W42/><G42/><T105/><REACH who="0" step="1"/><D102/><AGARI ba="0,1" hai="7,11,14,92,97,102,106,107" m="36015,42569" machi="102" ten="30,1000,0" yaku="14,1" doraHai="43" who="1" fromWho="0" sc="250,-10,250,20,250,0,240,0" />
</Scene>
<Scene>
<INIT seed="1,0,0,0,0,52" ten="240,270,250,240" oya="1" hai0="56,10,98,64,80,54,102,29,24,120,31,108,34" hai1="13,41,103,11,15,14,97,94,122,89,43,62,48" hai2="36,17,116,119,65,46,111,2,95,114,22,26,86" hai3="42,135,82,45,51,44,73,96,8,27,33,131,79"/><U115/><E115/><V124/><F111/><W106/><G131/><T50/><D108/><U92/><E122/><V104/><F104/><W49/><G135/><T68/><D31/><U38/><E38/><V23/><F2/><W87/><G8/><T32/><D32/><U128/><E128/><V74/><F74/><W83/><G33/><T121/><D80/><U16/><E62/><V58/><F114/><W107/><G27/><T78/><D10/><U28/><E28/><V117/><F124/><W109/><G96/><T55/><D55/><U1/><E1/><V113/><F113/><W100/><G100/><T47/><D78/><U37/><E37/><V75/><F75/><W70/><G70/><T76/><D47/><N who="1" m="25711" /><E43/><V18/><F36/><W66/><G66/><T110/><D76/><U35/><E35/><V134/><F134/><W60/><G60/><N who="0" m="39943" /><D110/><U90/><E103/><V61/><F46/><W25/><G109/><T127/><D127/><U125/><E125/><V129/><F129/><W59/><G79/><T20/><D20/><U9/><E9/><V40/><F40/><W123/><G42/><T5/><D5/><U132/><E132/><V81/><F117/><W84/><G73/><T30/><D30/><U4/><E4/><V77/><REACH who="2" step="1"/><F95/><REACH who="2" ten="240,270,240,240" step="2"/><W112/><G112/><T71/><D121/><U12/><E94/><V105/><F105/><W57/><G123/><T19/><D120/><U133/><E133/><V85/><F85/><W101/><G106/><T6/><D98/><U3/><E3/><V118/><F118/><W126/><G126/><T63/><D102/><RYUUKYOKU ba="0,1" sc="240,-15,270,15,240,15,240,-15" hai1="11,12,13,14,15,16,89,90,92,97" hai2="17,18,22,23,26,58,61,65,77,81,86,116,119" />
</Scene>
<Scene>
<INIT seed="1,1,1,1,0,22" ten="225,285,255,225" oya="1" hai0="67,53,8,63,5,76,31,29,109,15,11,2,33" hai1="113,52,111,89,70,110,54,119,60,26,127,35,133" hai2="117,28,73,131,46,81,14,49,25,87,94,42,99" hai3="34,57,58,48,118,108,104,82,41,72,32,64,134"/><U88/><E113/><V24/><F73/><W51/><G104/><T45/><D76/><U132/><E119/><V12/><F117/><W0/><G0/><T37/><D33/><U79/><E79/><N who="2" m="46527" /><F131/><W66/><G118/><T98/><D98/><U125/><E70/><V16/><F28/><W55/><G72/><T122/><D109/><N who="1" m="41483" /><E35/><V129/><F12/><W27/><G108/><T4/><D122/><U91/><E26/><V126/><F126/><N who="1" m="48137" /><E60/><V38/><F129/><W80/><G134/><AGARI ba="1,1" hai="52,54,88,89,91,132,133,134" m="48137,41483" machi="134" ten="40,24000,3" yaku="28,2,20,1,14,1,10,1,18,1,54,2" doraHai="22" who="1" fromWho="3" sc="225,0,285,253,255,0,225,-243" owari="225,-17.0,538,63.0,255,6.0,-18,-52.0" />
</Scene>
</mjloggm>