<mjloggm ver="2.3"><GO type="169" lobby="0"/><UN n0="%E2%80%BB%34%33%33%E2%80%BB" n1="%E3%81%84%E3%81%8F%E3%82%84%E3%81%BE%E2%98%86%E3%81%95%E3%82%80%E3%81%8A" n2="%E5%A4%AA%E3%81%8F%E3%81%AA%E3%81%84%E3%81%8A" n3="%61%69%73%79%6F" dan="16,16,18,18" rate="2019.93,2120.09,2255.72,2211.20" sx="M,M,F,M"/><TAIKYOKU oya="0"/>

<Scene>
<INIT seed="0,0,0,2,4,118" ten="250,250,250,250" oya="0" hai0="128,94,70,134,30,93,125,1,17,135,52,46,62" hai1="123,34,64,0,112,122,119,132,82,72,3,77,20" hai2="103,65,117,45,100,79,10,107,39,116,5,38,49" hai3="15,102,37,96,47,130,63,36,76,121,53,87,92"/><T55/><D1/><N who="1" m="587" /><E20/><V114/><F114/><W57/><G130/><T127/><D30/><U60/><E119/><N who="2" m="45643" /><F79/><W51/><G76/><T13/><D128/><U27/><E112/><V50/><F65/><W26/><G87/><T106/><D106/><U83/><E83/><V24/><F24/><W31/><G15/><T129/><D129/><U97/><E97/><N who="2" m="61839" /><F103/><W84/><G84/><T7/><D7/><U111/><E111/><V110/><F110/><W8/><G8/><N who="0" m="6311" /><D46/><U133/><E27/><V124/><F124/><N who="0" m="47690" /><D70/><N who="1" m="42247" /><E34/><V19/><F19/><W59/><G59/><N who="0" m="35175" /><D55/><U25/><E25/><V40/><F50/><W90/><G36/><T4/><D4/><U78/><E78/><V14/><AGARI ba="0,0" hai="5,10,14,38,39,40,45,49" m="61839,45643" machi="14" ten="30,1100,0" yaku="12,1" doraHai="118" who="2" fromWho="2" sc="250,-5,250,-3,250,11,250,-3" />
</Scene>
<Scene>
<INIT seed="1,0,0,5,0,9" ten="245,247,261,247" oya="1" hai0="23,108,96,80,67,38,84,64,107,62,10,94,129" hai1="18,111,72,103,19,14,78,48,89,81,1,4,79" hai2="122,7,113,93,105,42,3,127,132,114,54,97,2" hai3="118,63,50,120,20,115,53,82,52,46,100,77,24"/><U112/><E112/><N who="2" m="43115" /><F122/><W43/><G118/><T34/><D34/><U27/><E103/><V57/><F105/><W125/><G125/><T41/><D107/><U102/><E102/><N who="2" m="60719" /><F127/><W30/><G120/><T25/><D129/><U65/><E1/><V74/><F74/><W124/><G124/><T88/><D108/><U131/><E4/><V101/><F101/><W29/><G100/><T92/><D92/><U61/><E131/><V121/><F121/><W98/><G98/><T90/><D62/><U5/><E5/><V12/><F42/><W28/><G115/><T15/><D41/><U13/><E111/><V51/><F132/><W45/><G63/><T56/><D38/><U60/><E72/><V55/><F55/><W35/><G35/><T11/><D56/><U6/><E6/><V73/><F73/><W68/><G68/><T0/><D0/><N who="2" m="42" /><F7/><W119/><G119/><T66/><D15/><AGARI ba="0,0" hai="12,15,51,54,57" m="42,60719,43115" machi="15" ten="30,3900,0" yaku="11,1,52,2" doraHai="9" who="2" fromWho="0" sc="245,-39,247,0,261,39,247,0" />
</Scene>
<Scene>
<INIT seed="2,0,0,3,0,25" ten="206,247,300,247" oya="2" hai0="63,14,31,68,131,80,27,53,7,112,55,69,2" hai1="19,73,74,56,13,43,135,92,102,34,110,99,62" hai2="113,20,128,8,123,77,87,33,122,94,59,57,66" hai3="22,84,96,85,0,129,24,4,105,101,37,119,46"/><V116/><F33/><W108/><G108/><T91/><D112/><U93/><E110/><V29/><F113/><W115/><G129/><T48/><D131/><U28/><E135/><V126/><F128/><W90/><G115/><T60/><D2/><U133/><E43/><V103/><F116/><W72/><G72/><T100/><D100/><U106/><E133/><V10/><F126/><W11/><G119/><T65/><D80/><U45/><E106/><V32/><F32/><W71/><G71/><T30/><D91/><U111/><E45/><V41/><F41/><W51/><G37/><T134/><D134/><U39/><E39/><V83/><F123/><W98/><G90/><T18/><D7/><U64/><E92/><V16/><F122/><W125/><G98/><T36/><D36/><U97/><E97/><N who="2" m="59831" /><F29/><W23/><G23/><T107/><D107/><U81/><E81/><V130/><F130/><W86/><G125/><T121/><D121/><U79/><E111/><V26/><F66/><W120/><G120/><T67/><D27/><U21/><REACH who="1" step="1"/><E79/><REACH who="1" ten="206,237,300,247" step="2"/><V76/><F76/><W54/><REACH who="3" step="1"/><G86/><REACH who="3" ten="206,237,300,237" step="2"/><T124/><D124/><U49/><E49/><V61/><F61/><W132/><G132/><T5/><D5/><U9/><E9/><AGARI ba="0,2" hai="8,9,10,16,20,26,57,59,77,83,87" m="59831" machi="9" ten="30,2900,0" yaku="8,1,54,1" doraHai="25" who="2" fromWho="1" sc="206,0,237,-29,300,49,237,0" />
</Scene>
<Scene>
<INIT seed="2,1,0,5,1,121" ten="206,208,349,237" oya="2" hai0="107,67,90,110,106,23,44,111,28,100,5,101,92" hai1="62,43,32,69,14,82,20,131,98,135,10,123,129" hai2="38,18,103,84,37,63,125,86,70,13,22,11,53" hai3="40,68,35,57,36,109,42,31,74,12,47,52,60"/><V128/><F125/><W34/><G74/><T24/><D67/><N who="1" m="41207" /><E32/><V81/><F128/><N who="1" m="49225" /><E123/><V41/><F103/><N who="0" m="39498" /><D44/><U3/><E135/><V119/><F119/><W29/><G68/><T39/><D5/><U66/><E98/><V15/><F41/><W2/><G42/><T16/><D28/><U91/><E66/><V26/><F15/><W17/><G2/><T97/><D39/><U134/><E134/><V130/><F130/><W71/><G71/><T80/><D80/><U127/><E127/><V1/><F1/><W56/><G31/><T25/><D25/><U6/><E43/><V45/><F70/><W27/><G57/><T76/><D76/><U89/><E82/><V55/><F63/><W0/><G0/><T19/><D19/><AGARI ba="1,0" hai="3,6,10,14,19,20,89,91" m="49225,41207" machi="19" ten="30,1000,0" yaku="19,1" doraHai="121" who="1" fromWho="0" sc="206,-13,208,13,349,0,237,0" />
</Scene>
<Scene>
<INIT seed="3,0,0,1,5,17" ten="193,221,349,237" oya="3" hai0="15,14,50,91,3,122,26,13,116,9,59,6,96" hai1="69,51,108,41,22,40,130,56,20,18,47,36,123" hai2="78,25,43,21,7,111,46,113,104,80,5,52,99" hai3="92,85,30,4,93,37,88,63,131,119,87,124,68"/><W12/><G37/><T29/><D96/><U89/><E69/><V58/><F113/><W126/><G119/><T135/><D91/><U110/><E123/><V62/><F111/><N who="1" m="42537" /><E130/><V45/><F104/><W34/><G131/><T134/><D59/><U49/><E89/><V48/><F99/><W133/><G133/><N who="0" m="50699" /><D50/><N who="1" m="18955" /><E41/><V117/><F46/><W125/><G92/><T105/><D105/><U74/><E74/><V53/><F43/><W90/><G90/><T31/><D122/><U79/><E79/><V24/><F24/><N who="3" m="18759" /><G85/><T70/><D70/><U60/><E18/><N who="2" m="12471" /><F117/><W107/><G107/><T57/><D57/><U10/><E10/><V66/><F53/><AGARI ba="0,0" hai="20,22,36,40,47,53,56,60" m="18955,42537" machi="53" ten="30,3900,0" yaku="14,1,52,2" doraHai="17" who="1" fromWho="2" sc="193,0,221,39,349,-39,237,0" />
</Scene>
<Scene>
<INIT seed="4,0,0,3,4,18" ten="193,260,310,237" oya="0" hai0="104,105,36,55,26,113,118,111,74,14,0,75,107" hai1="103,102,67,81,91,6,115,84,31,24,70,17,117" hai2="86,13,52,16,58,23,83,125,106,82,131,121,38" hai3="34,124,114,76,135,68,45,85,47,95,5,98,43"/><T4/><D118/><U22/><E117/><V44/><F121/><W11/><G68/><T129/><D113/><U51/><E115/><V73/><F106/><W71/><G71/><T9/><D36/><U108/><E108/><V126/><F131/><W3/><G34/><T96/><D129/><U90/><E6/><V7/><F7/><W46/><G124/><N who="2" m="47721" /><F73/><W60/><G60/><T48/><D111/><U87/><E51/><N who="2" m="31007" /><F86/><W80/><G135/><T100/><D26/><U88/><E67/><V62/><F62/><W57/><G57/><T101/><D0/><U63/><E63/><V59/><F59/><W120/><G120/><T61/><D61/><U78/><E70/><V25/><F25/><W92/><G114/><T116/><D116/><U77/><REACH who="1" step="1"/><E31/><REACH who="1" ten="193,250,310,237" step="2"/><V12/><F12/><W89/><REACH who="3" step="1"/><G95/><REACH who="3" ten="193,250,310,227" step="2"/><T37/><D105/><U33/><E33/><V1/><F1/><W29/><G29/><T66/><D66/><U64/><E64/><V15/><F15/><W109/><G109/><T40/><D104/><U110/><E110/><V133/><F133/><W8/><G8/><T41/><D107/><U97/><E97/><V35/><F35/><W20/><G20/><T94/><D9/><U42/><E42/><AGARI ba="0,2" hai="13,16,23,38,42,44,82,83" m="31007,47721" machi="42" ten="30,7700,0" yaku="18,1,52,1,54,2" doraHai="18" who="2" fromWho="1" sc="193,0,250,-77,310,97,227,0" /><AGARI ba="0,0" hai="3,5,11,42,43,45,46,47,76,80,85,89,92,98" machi="42" ten="40,1300,0" yaku="1,1,53,0" doraHai="18" doraHaiUra="112" who="3" fromWho="1" sc="193,0,173,-13,407,0,227,13" />
</Scene>
<Scene>
<INIT seed="5,0,0,0,3,2" ten="193,160,407,240" oya="1" hai0="123,53,127,38,76,40,73,13,85,129,120,60,20" hai1="128,108,121,25,119,101,6,92,56,46,114,118,48" hai2="32,42,5,17,36,37,93,104,90,65,55,130,16" hai3="64,26,94,61,50,45,110,71,79,82,100,72,98"/><U115/><E25/><V117/><F117/><N who="1" m="44553" /><E92/><V125/><F104/><W109/><REACH who="3" step="1"/><G26/><REACH who="3" ten="193,160,407,230" step="2"/><T31/><D123/><U22/><E121/><V52/><F125/><W54/><AGARI ba="0,1" hai="45,50,54,61,64,71,72,79,82,94,98,100,109,110" machi="54" ten="20,5200,0" yaku="1,1,2,1,0,1,7,1,53,0" doraHai="2" doraHaiUra="87" who="3" fromWho="3" sc="193,-13,160,-26,407,-13,230,62" />
</Scene>
<Scene>
<INIT seed="6,0,0,4,0,78" ten="180,134,394,292" oya="2" hai0="101,132,49,57,39,83,98,10,127,35,4,125,21" hai1="102,100,110,5,130,92,56,129,63,45,94,43,76" hai2="108,64,46,135,88,118,55,50,91,48,62,85,80" hai3="12,95,24,113,115,126,32,65,112,75,51,68,97"/><V109/><F118/><W117/><G117/><T128/><D35/><U120/><E110/><N who="2" m="42603" /><F135/><W29/><G75/><T36/><D39/><U131/><E120/><V33/><F33/><W71/><G126/><T37/><D21/><U23/><E5/><V116/><F116/><W103/><G65/><T42/><D132/><U30/><E94/><V89/><F50/><W20/><G51/><T58/><D128/><U123/><E123/><V69/><AGARI ba="0,0" hai="46,48,55,62,64,69,80,85,88,89,91" m="42603" machi="69" ten="30,6000,0" yaku="10,1,52,1,54,1" doraHai="78" who="2" fromWho="2" sc="180,-20,134,-20,394,60,292,-20" />
</Scene>
<Scene>
<INIT seed="6,1,0,4,5,130" ten="160,114,454,272" oya="2" hai0="32,25,35,126,82,26,66,94,29,106,4,103,79" hai1="111,124,117,45,84,11,52,8,10,122,65,123,116" hai2="113,112,14,67,86,6,51,97,12,92,135,100,118" hai3="107,75,125,39,1,115,134,2,109,81,9,85,129"/><V80/><F118/><W98/><RYUUKYOKU type="yao9" ba="1,0" sc="160,0,114,0,454,0,272,0" hai3="1,2,9,39,75,81,85,98,107,109,115,125,129,134" />
</Scene>
<Scene>
<INIT seed="6,2,0,1,3,67" ten="160,114,454,272" oya="2" hai0="32,35,69,95,30,15,76,128,123,101,6,130,112" hai1="21,114,82,122,126,116,38,118,7,48,102,120,19" hai2="119,99,133,135,72,89,62,103,26,3,43,64,50" hai3="65,84,124,36,9,42,52,17,115,24,13,55,51"/><V73/><F119/><N who="1" m="45609" /><E48/><V96/><F3/><W77/><G124/><T111/><D69/><U75/><E82/><V45/><F26/><W12/><G115/><T85/><D76/><U121/><E102/><V0/><F0/><W98/><G36/><T91/><D101/><U54/><E54/><N who="3" m="20522" /><G65/><T10/><D112/><U31/><E38/><V125/><F125/><W83/><G13/><T11/><D123/><U70/><E70/><N who="2" m="42263" /><F89/><W94/><G24/><T86/><D111/><U132/><E75/><N who="2" m="28747" /><F103/><N who="3" m="60887" /><G42/><T92/><D30/><U61/><E61/><V1/><F1/><W74/><G74/><T108/><D108/><U25/><E126/><V5/><F5/><W134/><G134/><AGARI ba="2,0" hai="43,45,50,96,99,133,134,135" m="28747,42263" machi="134" ten="30,2900,0" yaku="20,1,52,1" doraHai="67" who="2" fromWho="3" sc="160,0,114,0,454,35,272,-35" />
</Scene>
<Scene>
<INIT seed="6,3,0,5,5,92" ten="160,114,489,237" oya="2" hai0="94,55,56,30,111,118,12,122,77,35,19,71,126" hai1="34,28,36,131,105,14,74,39,7,75,102,25,78" hai2="69,57,109,5,11,1,47,79,73,135,80,42,53" hai3="133,116,132,63,87,134,9,115,66,4,43,108,119"/><V117/><F135/><W125/><G108/><T3/><D71/><U99/><E131/><V58/><F109/><W86/><G125/><T10/><D122/><U26/><E26/><V17/><F117/><N who="3" m="45131" /><G43/><T121/><D121/><U123/><E123/><V13/><F69/><N who="3" m="42207" /><G115/><T120/><D120/><U100/><E100/><V59/><F53/><W51/><G51/><T103/><D3/><AGARI ba="3,0" hai="3,4,9,86,87,132,133,134" m="42207,45131" machi="3" ten="40,1300,0" yaku="20,1" doraHai="92" who="3" fromWho="0" sc="160,-22,114,0,489,0,237,22" />
</Scene>
<Scene>
<INIT seed="7,0,0,5,0,61" ten="138,114,489,259" oya="3" hai0="23,101,111,107,133,85,128,106,65,46,10,63,115" hai1="81,79,80,102,127,48,134,7,14,135,71,13,132" hai2="37,77,0,18,32,76,4,54,75,53,91,16,43" hai3="25,87,118,42,29,22,34,11,83,98,82,47,70"/><W40/><G118/><T49/><D115/><U120/><E120/><V100/><F32/><W116/><G116/><T64/><D111/><U114/><E114/><V97/><F91/><W86/><G70/><T9/><D128/><U121/><E121/><V123/><F123/><W39/><G40/><T92/><D133/><U2/><E2/><V36/><F0/><W56/><G56/><T94/><D107/><U57/><E127/><V105/><F4/><W78/><G98/><N who="0" m="59607" /><D106/><U17/><E102/><V95/><F105/><W58/><G58/><N who="0" m="36983" /><D65/><U51/><E71/><V31/><F31/><W131/><G11/><T108/><D108/><U69/><E69/><V3/><F3/><W117/><G131/><T90/><D23/><U27/><E27/><V21/><F18/><W129/><G129/><T26/><D26/><U33/><E33/><V124/><F43/><AGARI ba="0,0" hai="9,10,43,46,49,85,90,92" m="36983,59607" machi="43" ten="30,2000,0" yaku="8,1,52,1" doraHai="61" who="0" fromWho="2" sc="138,20,114,0,489,-20,259,0" owari="158,-24.0,114,-39.0,469,57.0,259,6.0" />
</Scene>
</mjloggm>