<mjloggm ver="2.3"><GO type="169" lobby="0"/><UN n0="%E5%A4%AA%E3%81%8F%E3%81%AA%E3%81%84%E3%81%8A" n1="%E9%9B%80%E9%BE%8D%E9%96%80%5F%59%75%74%69" n2="%E2%98%86%E9%BB%84%E7%80%AC%E3%82%84%E3%82%88%E3%81%84%E2%98%86" n3="%66%75%6A%69%32%32%39" dan="17,18,17,17" rate="2189.72,2242.19,2154.35,2140.41" sx="M,M,M,M"/><TAIKYOKU oya="0"/>

<Scene>
<INIT seed="0,0,0,2,5,73" ten="250,250,250,250" oya="0" hai0="116,103,105,120,44,70,86,25,99,79,66,37,124" hai1="61,129,52,45,29,30,60,125,123,8,27,32,18" hai2="132,10,93,95,97,49,36,131,89,24,115,4,2" hai3="38,114,26,41,5,39,43,55,82,101,127,78,23"/><T53/><D116/><U94/><E129/><V71/><F36/><W128/><G114/><T9/><D120/><U40/><E125/><V28/><F115/><W92/><G5/><T21/><D124/><U133/><E133/><V90/><F71/><W130/><G55/><T74/><D74/><U102/><E123/><V110/><F110/><W84/><G41/><T22/><D9/><U59/><E32/><V54/><F132/><W47/><G127/><T87/><D79/><U15/><E27/><V111/><F111/><W113/><G113/><T42/><D53/><U33/><E33/><V11/><F131/><W12/><G12/><T108/><D108/><U56/><E94/><V50/><F11/><W100/><G38/><T77/><D77/><U134/><E102/><V107/><F107/><W122/><G101/><T91/><D91/><U14/><E14/><V126/><F54/><W17/><REACH who="3" step="1"/><G122/><REACH who="3" ten="250,250,250,240" step="2"/><T98/><D42/><U0/><E134/><V6/><F6/><W19/><G19/><T117/><D37/><U67/><E0/><V69/><F126/><W48/><G48/><AGARI ba="0,1" hai="8,15,18,29,30,40,45,48,52,56,59,60,61,67" machi="48" ten="30,3900,0" yaku="7,1,8,1,54,1" doraHai="73" who="1" fromWho="3" sc="250,0,250,49,250,0,240,-39" />
</Scene>
<Scene>
<INIT seed="1,0,0,3,3,55" ten="250,299,250,201" oya="1" hai0="119,73,10,32,123,23,81,88,42,30,19,26,38" hai1="99,39,127,16,91,102,134,114,58,53,61,33,94" hai2="11,41,121,70,20,69,37,115,54,128,78,3,7" hai3="77,129,63,82,118,113,96,2,1,5,108,135,72"/><U60/><E114/><V29/><F121/><W79/><G113/><T116/><D123/><U92/><E134/><V62/><F128/><W34/><G34/><T87/><D73/><U111/><E127/><V107/><F107/><W120/><G120/><T52/><D10/><U84/><E111/><V67/><F115/><W122/><G122/><T130/><D130/><U44/><E33/><V28/><F78/><W132/><G5/><T68/><D68/><U46/><E39/><V8/><F70/><W13/><G13/><T126/><D126/><U56/><REACH who="1" step="1"/><E16/><REACH who="1" ten="250,289,250,201" step="2"/><V100/><F37/><W103/><G108/><T86/><D38/><U15/><E15/><V4/><F3/><W31/><G129/><T104/><D19/><U43/><E43/><V105/><F41/><W101/><G1/><T71/><D42/><U49/><E49/><V106/><F7/><W112/><G2/><T14/><D14/><U98/><E98/><V76/><F4/><W12/><G112/><T83/><D32/><U57/><E57/><V17/><F17/><W74/><G12/><T35/><D71/><U47/><E47/><V59/><F69/><W109/><G109/><T65/><D35/><U48/><E48/><V40/><F40/><W97/><G31/><T64/><D30/><U45/><E45/><V89/><F29/><W85/><G135/><T36/><D36/><U131/><E131/><V9/><F28/><W110/><G110/><T90/><D23/><U50/><E50/><V133/><F20/><W21/><G132/><T18/><D18/><U125/><E125/><V117/><F133/><RYUUKYOKU ba="0,1" sc="250,-10,289,30,250,-10,201,-10" hai1="44,46,53,56,58,60,61,84,91,92,94,99,102" />
</Scene>
<Scene>
<INIT seed="1,1,1,1,1,107" ten="240,319,240,191" oya="1" hai0="133,46,89,29,127,31,71,32,119,92,42,16,80" hai1="129,98,1,55,24,19,33,135,23,110,12,5,15" hai2="53,121,35,25,17,76,20,60,96,117,102,128,49" hai3="72,8,61,4,41,6,105,65,43,115,99,79,114"/><U87/><E135/><V120/><F117/><W67/><G105/><T54/><D119/><U59/><E129/><V90/><F128/><W58/><G99/><T130/><D71/><U108/><E98/><V73/><F35/><W28/><G28/><T9/><D130/><U47/><E47/><V81/><F90/><W122/><G122/><T13/><D133/><U21/><E33/><V104/><REACH who="2" step="1"/><F60/><REACH who="2" ten="240,319,230,191" step="2"/><W101/><G61/><T97/><D32/><U88/><E108/><V85/><F85/><W52/><G115/><T70/><D127/><U38/><E110/><V56/><AGARI ba="1,2" hai="17,20,25,49,53,56,73,76,81,96,102,104,120,121" machi="56" ten="20,8000,1" yaku="1,1,0,1,7,1,52,1,53,1" doraHai="107" doraHaiUra="18" who="2" fromWho="2" sc="240,-21,319,-41,230,103,191,-21" />
</Scene>
<Scene>
<INIT seed="2,0,0,1,3,70" ten="219,278,333,170" oya="2" hai0="7,120,5,130,64,58,84,86,49,77,118,81,59" hai1="26,113,67,45,9,50,85,80,102,37,4,36,97" hai2="73,19,90,91,2,29,25,41,123,31,110,87,109" hai3="68,125,60,33,11,95,122,66,94,75,34,30,96"/><V14/><F123/><W83/><G122/><T57/><D120/><U124/><E113/><V69/><F2/><W38/><G125/><T20/><D130/><U89/><E124/><V126/><F69/><W121/><G121/><T23/><D118/><U15/><E26/><V78/><F126/><W47/><G94/><T135/><D135/><U127/><E67/><V28/><F41/><N who="3" m="22967" /><G96/><T55/><D84/><U43/><REACH who="1" step="1"/><E127/><REACH who="1" ten="219,268,333,170" step="2"/><V108/><F25/><W101/><G66/><T0/><D64/><U112/><E112/><V21/><F73/><W32/><G34/><T93/><D0/><U61/><E61/><V79/><REACH who="2" step="1"/><F91/><REACH who="2" ten="219,268,323,170" step="2"/><W65/><G68/><T128/><D128/><U22/><E22/><V48/><F48/><W8/><G33/><T117/><D20/><U62/><E62/><V18/><F18/><W56/><G60/><T116/><D23/><U44/><E44/><V82/><AGARI ba="0,2" hai="14,19,21,28,29,31,78,79,82,87,90,108,109,110" machi="82" ten="40,12000,1" yaku="1,1,0,1,14,1,10,1,53,1" doraHai="70" doraHaiUra="17" who="2" fromWho="2" sc="219,-40,268,-40,323,140,170,-40" />
</Scene>
<Scene>
<INIT seed="2,1,0,4,3,120" ten="179,228,463,130" oya="2" hai0="57,28,73,14,60,45,49,17,122,75,105,84,135" hai1="72,116,86,76,62,31,59,8,94,65,26,130,7" hai2="61,2,111,10,22,126,63,123,48,97,20,100,79" hai3="92,55,134,91,85,0,131,35,15,5,37,4,117"/><V21/><F123/><W81/><G35/><T132/><D122/><U115/><E130/><V83/><F126/><W13/><G117/><T24/><D105/><U87/><E116/><V41/><F2/><W121/><G121/><T42/><D84/><U53/><E115/><V30/><F10/><W64/><G37/><T89/><D89/><U16/><E65/><V68/><F68/><W93/><G134/><N who="0" m="51243" /><D17/><U106/><E106/><V34/><F34/><W32/><G32/><N who="0" m="20487" /><D14/><U38/><E38/><V112/><F30/><W103/><G64/><AGARI ba="1,0" hai="42,45,49,57,60,64,73,75" m="20487,51243" machi="64" ten="30,1000,0" yaku="20,1" doraHai="120" who="0" fromWho="3" sc="179,13,228,0,463,0,130,-13" />
</Scene>
<Scene>
<INIT seed="3,0,0,5,1,102" ten="192,228,463,117" oya="3" hai0="10,1,55,84,15,49,43,118,101,113,51,99,40" hai1="92,56,28,6,59,75,67,44,13,11,116,96,63" hai2="26,97,131,42,119,61,120,52,66,50,117,87,132" hai3="125,21,35,133,58,25,109,111,106,72,104,105,114"/><W22/><G72/><T9/><D118/><U91/><E116/><V64/><F120/><W123/><G123/><T80/><D1/><U121/><E121/><V47/><F97/><W122/><G122/><T12/><D113/><U130/><E130/><V108/><F108/><N who="3" m="41547" /><G114/><T27/><D27/><U45/><E75/><V81/><F132/><W37/><G37/><T93/><D15/><U19/><E28/><V100/><F131/><W36/><G133/><T126/><D126/><U74/><E74/><V14/><F100/><W16/><G125/><T34/><D34/><U46/><E59/><N who="2" m="35047" /><F119/><W39/><G35/><T8/><D12/><U115/><REACH who="1" step="1"/><E115/><REACH who="1" ten="192,218,463,117" step="2"/><V7/><F117/><W69/><G69/><T23/><D23/><U73/><E73/><V31/><F31/><N who="3" m="17839" /><G58/><N who="0" m="33135" /><D51/><U82/><E82/><V77/><F26/><AGARI ba="0,1" hai="16,22,26,36,39,104,105,106" m="17839,41547" machi="26" ten="40,18000,2" yaku="14,1,10,1,52,3,54,1" doraHai="102" who="3" fromWho="2" sc="192,0,218,0,463,-180,117,190" />
</Scene>
<Scene>
<INIT seed="3,1,0,0,3,78" ten="192,218,283,307" oya="3" hai0="23,5,41,72,60,8,59,73,37,82,101,18,113" hai1="10,11,105,25,34,102,117,97,46,24,16,64,110" hai2="86,100,19,129,55,21,121,81,33,92,76,87,40" hai3="62,128,50,115,93,6,133,7,20,77,22,67,108"/><W66/><G115/><T98/><D113/><U127/><E110/><V49/><F33/><W75/><G128/><T125/><D125/><U109/><E109/><V54/><F121/><W132/><G108/><T9/><D37/><U123/><E123/><V45/><F129/><W57/><G93/><T79/><D41/><U1/><E127/><V89/><REACH who="2" step="1"/><F100/><REACH who="2" ten="192,218,273,307" step="2"/><W119/><G133/><T4/><D73/><U39/><E34/><V42/><F42/><W61/><G132/><T31/><D31/><U99/><E102/><V69/><F69/><W134/><G75/><T106/><D4/><U71/><E71/><V74/><F74/><W3/><G7/><T94/><D5/><U26/><E117/><V131/><F131/><W111/><G119/><T51/><D106/><U68/><E105/><V70/><F70/><W96/><G6/><T114/><D114/><U13/><E1/><V48/><F48/><W44/><G3/><T135/><D51/><U12/><E39/><V47/><F47/><W103/><G111/><T0/><D135/><U95/><E46/><V28/><F28/><W122/><G122/><T118/><D118/><U91/><E68/><V32/><F32/><W112/><G112/><T90/><D101/><U85/><E64/><V116/><F116/><W17/><G67/><T83/><D0/><U36/><E36/><V63/><F63/><W52/><G62/><T104/><D104/><U65/><E65/><V84/><F84/><W56/><G66/><T35/><D35/><U27/><N who="1" m="6144" /><DORA hai="58" /><U124/><E124/><V30/><F30/><W38/><G134/><RYUUKYOKU ba="1,1" sc="192,-15,218,15,273,15,307,-15" hai1="10,11,12,13,16,85,91,95,97,99" hai2="19,21,40,45,49,54,55,76,81,86,87,89,92" />
</Scene>
<Scene>
<INIT seed="4,2,1,0,0,65" ten="177,233,288,292" oya="0" hai0="32,132,13,3,70,18,42,21,26,101,118,0,94" hai1="78,112,133,12,98,37,129,90,123,109,34,16,116" hai2="15,83,28,106,93,24,10,131,58,85,4,127,135" hai3="64,110,99,102,9,53,68,51,69,38,49,55,41"/><T45/><D118/><U31/><E78/><N who="2" m="46327" /><F106/><W6/><G110/><T17/><D132/><U120/><E90/><V97/><F135/><W80/><G38/><T2/><D70/><U59/><E59/><V121/><F131/><W54/><G80/><T11/><D32/><U33/><E98/><V95/><F121/><N who="1" m="46665" /><E37/><V92/><F127/><W105/><G64/><T111/><D111/><U50/><E50/><V107/><F107/><W40/><G51/><T81/><D81/><U71/><E71/><V130/><F130/><W76/><G76/><T75/><D75/><U89/><E89/><N who="2" m="55439" /><F58/><W124/><G124/><T113/><D113/><U7/><E133/><V22/><AGARI ba="2,1" hai="4,10,15,22,24,28,93,95" m="55439,46327" machi="22" ten="30,1100,0" yaku="8,1" doraHai="65" who="2" fromWho="2" sc="177,-7,233,-5,288,27,292,-5" />
</Scene>
<Scene>
<INIT seed="5,0,0,4,5,129" ten="170,228,315,287" oya="1" hai0="96,110,40,41,135,97,63,15,22,94,103,119,4" hai1="55,0,95,133,38,20,12,26,99,65,125,77,120" hai2="75,28,29,113,104,78,53,130,9,88,83,5,30" hai3="84,92,48,8,60,67,102,37,72,51,76,42,128"/><U86/><E120/><V10/><F130/><W50/><G128/><T118/><D110/><U87/><E125/><V70/><F70/><W112/><G72/><T27/><D119/><U100/><E0/><V89/><F104/><W16/><G37/><T1/><D118/><U49/><E38/><V45/><F113/><W46/><G112/><T126/><D1/><U33/><E133/><V39/><F10/><W93/><G76/><T35/><D126/><U134/><E134/><V71/><F71/><W106/><G106/><T64/><D135/><U57/><E33/><V43/><F53/><W116/><G102/><T44/><D35/><U80/><E12/><V117/><REACH who="2" step="1"/><F117/><REACH who="2" ten="170,228,305,287" step="2"/><W108/><G116/><T17/><D97/><U107/><E107/><V61/><F61/><W73/><G8/><T121/><D121/><U56/><E65/><V59/><F59/><W82/><G60/><T90/><D63/><U115/><E115/><V101/><F101/><W81/><G67/><T13/><D64/><U25/><E57/><V98/><F98/><W47/><G46/><T74/><D103/><U123/><E123/><V52/><F52/><W21/><G47/><T7/><D44/><U23/><E86/><V3/><AGARI ba="0,1" hai="3,5,9,28,29,30,39,43,45,75,78,83,88,89" machi="3" ten="30,16000,3" yaku="1,1,0,1,25,2,54,1,53,3" doraHai="129" doraHaiUra="24" who="2" fromWho="2" sc="170,-40,228,-80,305,170,287,-40" />
</Scene>
<Scene>
<INIT seed="6,0,0,3,2,45" ten="130,148,475,247" oya="2" hai0="85,67,4,73,118,65,48,68,10,75,94,25,130" hai1="32,101,0,134,31,36,102,1,34,128,13,19,95" hai2="9,11,14,83,60,100,91,119,108,6,40,103,2" hai3="89,79,8,46,43,116,78,61,58,121,131,109,66"/><V87/><F119/><W29/><G121/><T117/><D130/><U3/><E36/><V124/><F124/><W38/><G109/><T49/><D25/><U123/><E128/><V42/><F108/><W17/><G116/><N who="0" m="44651" /><D85/><U127/><E127/><V98/><F60/><W126/><G126/><T21/><D21/><U15/><E134/><V71/><F71/><W52/><G29/><T84/><D84/><U115/><E115/><V33/><F33/><W55/><G89/><T69/><D94/><U56/><E123/><V114/><F103/><W59/><G131/><T86/><D86/><U63/><E31/><V39/><F39/><W111/><G111/><T44/><D67/><U76/><E76/><V81/><F81/><W132/><G132/><T5/><D5/><U7/><E7/><V106/><F114/><W41/><G66/><T107/><D107/><U30/><E30/><V88/><F91/><W129/><G129/><T113/><D113/><U37/><E19/><AGARI ba="0,0" hai="2,6,9,11,14,19,40,42,83,87,88,98,100,106" machi="19" ten="30,2900,0" yaku="7,1,54,1" doraHai="45" who="2" fromWho="1" sc="130,0,148,-29,475,29,247,0" />
</Scene>
<Scene>
<INIT seed="6,1,0,4,3,121" ten="130,119,504,247" oya="2" hai0="5,115,113,128,125,101,82,54,102,74,10,12,81" hai1="120,127,114,87,56,18,72,39,44,94,112,22,132" hai2="97,116,117,69,37,76,71,11,129,103,79,84,45" hai3="30,1,65,20,91,50,98,64,134,68,61,122,75"/><V135/><F135/><W25/><G1/><T53/><D128/><U33/><E132/><V3/><F45/><W38/><G38/><T104/><D125/><U107/><E107/><V34/><F84/><W51/><G75/><T111/><D111/><U21/><E33/><V130/><F34/><W24/><G122/><T15/><D104/><U29/><E120/><V118/><F37/><W35/><G65/><T86/><D74/><U78/><E127/><V92/><F11/><W60/><G60/><T77/><D82/><N who="1" m="45383" /><E56/><V8/><F3/><W52/><G134/><T41/><D41/><N who="1" m="22591" /><E29/><V62/><F8/><W26/><G50/><T36/><D36/><U32/><E32/><V14/><F62/><W16/><G98/><T48/><D12/><N who="1" m="9415" /><E22/><V108/><F14/><W40/><G91/><T89/><D89/><U46/><E46/><V63/><F97/><W4/><G40/><T43/><D43/><U6/><E6/><V2/><F129/><W80/><G80/><T96/><D101/><U93/><E87/><V131/><F103/><W67/><G67/><T99/><D99/><U119/><E119/><V105/><F118/><W88/><G4/><T73/><D73/><U0/><E0/><V95/><F2/><W23/><G88/><T70/><D70/><U83/><E83/><V126/><F126/><W47/><G35/><T110/><D110/><U106/><E106/><V58/><F105/><W42/><G42/><T90/><D102/><U55/><E55/><N who="0" m="21001" /><D48/><U13/><E13/><AGARI ba="1,0" hai="13,16,20,23,24,25,26,30,47,51,52,61,64,68" machi="13" ten="30,3900,0" yaku="7,1,54,2" doraHai="121" who="3" fromWho="1" sc="130,0,119,-42,504,0,247,42" />
</Scene>
<Scene>
<INIT seed="7,0,0,2,2,21" ten="130,77,504,289" oya="3" hai0="40,39,47,0,17,100,129,49,121,93,64,130,29" hai1="54,92,91,110,34,63,78,44,71,103,99,27,30" hai2="134,52,26,59,89,108,68,107,81,97,5,6,112" hai3="74,35,87,56,18,133,7,2,45,113,80,42,57"/><W43/><G113/><T102/><D121/><U127/><E127/><V3/><F68/><W128/><G128/><N who="0" m="49259" /><D0/><U24/><E110/><V75/><F108/><W51/><G133/><T22/><D29/><U69/><E78/><V76/><F3/><W132/><G132/><T120/><D120/><U9/><E9/><V12/><F112/><W58/><G74/><T70/><D39/><U85/><E27/><V88/><F134/><W11/><G35/><T94/><D64/><U82/><REACH who="1" step="1"/><E44/><REACH who="1" ten="130,67,504,289" step="2"/><V48/><F88/><W116/><G116/><T122/><D122/><U55/><E55/><V101/><F52/><W61/><G42/><T31/><D31/><U53/><E53/><V119/><F48/><W1/><G1/><T118/><D118/><U131/><E131/><V115/><F59/><W125/><G125/><T33/><D70/><U60/><E60/><V37/><F81/><W25/><G18/><T65/><D65/><U62/><E62/><V109/><F97/><W124/><G124/><T98/><D33/><U72/><E72/><V77/><F77/><W117/><G117/><T50/><D50/><U96/><E96/><V79/><F79/><W20/><G61/><T104/><D102/><U66/><E66/><V19/><F107/><W15/><G2/><T4/><D4/><U114/><E114/><V126/><F6/><W14/><G14/><AGARI ba="0,1" hai="14,17,22,40,47,49,93,94,98,100,104" m="49259" machi="14" ten="30,1000,0" yaku="19,1" doraHai="21" who="0" fromWho="3" sc="130,20,67,0,504,0,289,-10" owari="150,-25.0,67,-43.0,504,60.0,279,8.0" />
</Scene>
</mjloggm>