<mjloggm ver="2.3"><GO type="225" lobby="0"/><UN n0="%E9%BA%BB%E9%9B%80%E7%89%87%E6%83%B3%E3%81%84" n1="%E5%A4%AA%E3%81%8F%E3%81%AA%E3%81%84%E3%81%8A" n2="%70%69%2D%70%6F" n3="%EF%BC%98%EF%BC%99%EF%BC%91%EF%BC%90" dan="16,18,16,16" rate="2110.45,2203.96,2156.38,2097.59" sx="M,M,M,M"/><TAIKYOKU oya="0"/>

<Scene>
<INIT seed="0,0,0,0,4,93" ten="250,250,250,250" oya="0" hai0="19,31,110,5,28,131,99,65,42,80,83,8,113" hai1="135,22,132,0,44,82,50,1,120,85,74,20,72" hai2="12,54,121,4,117,98,115,81,64,71,129,21,96" hai3="60,6,35,79,10,51,58,133,53,111,46,61,15"/><T130/><D113/><U77/><E120/><V23/><F121/><W33/><G111/><T47/><D65/><U86/><E50/><V13/><F115/><W75/><G133/><T43/><D19/><U26/><E44/><V90/><F129/><N who="0" m="49162" /><D110/><U87/><E74/><V57/><F64/><W17/><G75/><T45/><D99/><N who="2" m="37930" /><F71/><W38/><G79/><T40/><D8/><U123/><E123/><V49/><F117/><W94/><G61/><T3/><D3/><N who="1" m="1099" /><E26/><V122/><F122/><W29/><G94/><T103/><D5/><U27/><E27/><V126/><F126/><W52/><G29/><N who="0" m="11339" /><D103/><U69/><E69/><V119/><F119/><W114/><G114/><T48/><D43/><U128/><E128/><V11/><F13/><W100/><G100/><T25/><D25/><U7/><E7/><V66/><F66/><W118/><G118/><T70/><D70/><U37/><E37/><AGARI ba="0,0" hai="37,40,42,45,47,48,80,83" m="11339,49162" machi="37" ten="30,1500,0" yaku="19,1" doraHai="93" who="0" fromWho="1" sc="250,15,250,-15,250,0,250,0" />
</Scene>
<Scene>
<INIT seed="0,1,0,2,1,126" ten="265,235,250,250" oya="0" hai0="95,45,46,22,87,3,79,35,108,44,56,36,105" hai1="120,75,122,55,106,13,41,64,85,74,60,110,5" hai2="51,92,1,103,97,16,58,39,98,83,124,28,134" hai3="127,8,118,4,9,26,25,23,49,32,129,115,27"/><T69/><D105/><U63/><E106/><V17/><F39/><W48/><G118/><T132/><D69/><U125/><E85/><V52/><F124/><W94/><G127/><T6/><D35/><U119/><E125/><V18/><F134/><W47/><G115/><T135/><D36/><U88/><E41/><V102/><F1/><W21/><G32/><T59/><D108/><U20/><E119/><V10/><F28/><W130/><G94/><T131/><D131/><N who="3" m="50185" /><G8/><T50/><D22/><N who="3" m="8201" /><G47/><T77/><D6/><U81/><E5/><V80/><F10/><W82/><G82/><T114/><D3/><AGARI ba="1,0" hai="3,4,9,25,26,27,48,49" m="8201,50185" machi="3" ten="30,7700,0" yaku="19,1,52,3" doraHai="126" who="3" fromWho="0" sc="265,-80,235,0,250,0,250,80" />
</Scene>
<Scene>
<INIT seed="1,0,0,3,1,31" ten="185,235,250,330" oya="1" hai0="68,32,3,121,74,19,41,60,36,15,125,34,103" hai1="124,118,67,35,131,106,120,40,42,45,70,119,58" hai2="8,14,10,102,87,2,113,49,85,96,92,73,97" hai3="55,33,63,39,116,29,76,84,107,46,4,17,5"/><U69/><E106/><V7/><F113/><W130/><G107/><T24/><D125/><U38/><E35/><V129/><F129/><W22/><G33/><T135/><D3/><U109/><E120/><V90/><F73/><W110/><G29/><T123/><D74/><U44/><E131/><V78/><F49/><N who="3" m="29111" /><G39/><T6/><D6/><N who="3" m="2665" /><G130/><T86/><D24/><U20/><E20/><V37/><F37/><W104/><G104/><T133/><D103/><U65/><E58/><V25/><F25/><W126/><G110/><T13/><D86/><U30/><E30/><V52/><F78/><W108/><G108/><T48/><D36/><N who="1" m="21511" /><E109/><V134/><F134/><N who="0" m="51210" /><D48/><U79/><E79/><V57/><F87/><W83/><G126/><T94/><D41/><U99/><E99/><V98/><F2/><W114/><G114/><T28/><D28/><U51/><E51/><N who="2" m="30879" /><F10/><W50/><G50/><T81/><D81/><AGARI ba="0,0" hai="7,8,14,81,85,90,92,96,97,98,102" m="30879" machi="81" ten="30,2000,0" yaku="8,1,54,1" doraHai="31" who="2" fromWho="0" sc="185,-20,235,0,250,20,330,0" />
</Scene>
<Scene>
<INIT seed="2,0,0,5,5,127" ten="165,235,270,330" oya="2" hai0="3,111,32,39,83,29,33,0,125,73,114,107,47" hai1="23,4,18,87,99,55,80,108,64,131,94,10,22" hai2="6,77,105,42,92,14,45,103,53,52,82,118,70" hai3="21,56,46,95,88,44,133,16,68,61,123,85,25"/><V31/><F105/><W124/><G123/><T90/><D90/><U5/><E131/><V26/><F70/><W120/><G120/><T86/><D86/><U134/><E64/><V28/><F118/><W37/><G124/><T19/><D19/><U89/><E108/><V121/><F121/><W130/><G130/><T113/><D83/><U40/><E40/><V91/><F103/><W112/><G68/><T100/><D100/><N who="1" m="60535" /><E134/><V71/><F71/><W65/><G133/><T106/><D29/><U110/><E110/><V54/><F26/><W57/><G112/><N who="0" m="43115" /><D125/><U102/><E102/><V109/><F109/><W43/><G37/><T117/><D117/><U135/><E135/><V126/><F126/><W129/><G129/><T13/><D13/><N who="1" m="7479" /><E55/><V48/><F91/><W79/><G43/><T128/><D128/><U41/><E41/><V17/><F92/><W122/><G122/><T78/><D111/><U119/><E119/><V11/><REACH who="2" step="1"/><F17/><REACH who="2" ten="165,235,260,330" step="2"/><W38/><G16/><T12/><D107/><U81/><E81/><V72/><AGARI ba="0,1" hai="6,11,14,28,31,42,45,48,52,53,54,72,77,82" machi="72" ten="30,18000,2" yaku="1,1,2,1,0,1,54,1,53,3" doraHai="127" doraHaiUra="50" who="2" fromWho="2" sc="165,-60,235,-60,260,190,330,-60" />
</Scene>
<Scene>
<INIT seed="2,1,0,3,5,124" ten="105,175,450,270" oya="2" hai0="21,98,79,3,112,122,62,92,121,86,118,82,67" hai1="49,101,65,23,87,34,2,106,94,127,88,100,55" hai2="81,135,114,116,30,63,125,134,39,29,75,46,108" hai3="22,93,68,71,0,104,14,51,6,76,117,40,42"/><V110/><F125/><W133/><G104/><T56/><D112/><U103/><E34/><V128/><F128/><W45/><G117/><T32/><D118/><U8/><E127/><V111/><F116/><W130/><G130/><T69/><D3/><U97/><E65/><V19/><F19/><W70/><G133/><N who="2" m="50697" /><F114/><W31/><G0/><T54/><D32/><U84/><E23/><V25/><F63/><W11/><G76/><T13/><D13/><U38/><E38/><V119/><F119/><W109/><G109/><T96/><D96/><U107/><E107/><V120/><F120/><W12/><G42/><T115/><D115/><U50/><E50/><V66/><F66/><W10/><G93/><T20/><D20/><U48/><E48/><V60/><F60/><W59/><G59/><T33/><D33/><U17/><E106/><V18/><F46/><W16/><G31/><T58/><D69/><U41/><E41/><V105/><F105/><W123/><G11/><T126/><D126/><U64/><E64/><V27/><F39/><W95/><G123/><T132/><D132/><U43/><E43/><V53/><F81/><W24/><G24/><N who="2" m="9289" /><F110/><W28/><G28/><T83/><D83/><U4/><REACH who="1" step="1"/><E17/><REACH who="1" ten="105,165,450,270" step="2"/><V37/><F18/><W85/><G16/><T15/><D21/><U52/><E52/><V47/><F53/><W61/><G22/><T80/><D15/><U90/><E90/><V113/><F111/><W1/><G12/><T72/><D54/><U7/><E7/><V35/><F108/><W78/><G6/><T5/><D5/><U129/><E129/><RYUUKYOKU ba="1,1" sc="105,-10,165,30,450,-10,270,-10" hai1="2,4,8,49,55,84,87,88,94,97,100,101,103" />
</Scene>
<Scene>
<INIT seed="3,2,1,3,5,50" ten="95,195,440,260" oya="3" hai0="118,46,43,18,77,56,78,106,82,9,65,123,108" hai1="23,69,32,17,107,104,61,120,133,79,90,96,53" hai2="31,3,38,27,6,127,94,39,62,66,75,85,125" hai3="5,126,76,26,25,29,109,102,60,103,80,44,116"/><W36/><G116/><T47/><D118/><U8/><E32/><V16/><F75/><W121/><G121/><T12/><D108/><U105/><E120/><V84/><F16/><W95/><G109/><T89/><D106/><U42/><E42/><V74/><F74/><W124/><G5/><T7/><D123/><U59/><E79/><V101/><F101/><W14/><G14/><T81/><D65/><U49/><E8/><N who="2" m="2143" /><F94/><W110/><G110/><T28/><D28/><U87/><E133/><V71/><F85/><W115/><G115/><T132/><D132/><U111/><E111/><V73/><F84/><W15/><G15/><T88/><D56/><U4/><E4/><V48/><F48/><W67/><G126/><N who="2" m="48137" /><F73/><W99/><G103/><T24/><D81/><U34/><E34/><AGARI ba="2,1" hai="27,31,34,38,39,62,66,71" m="48137,2143" machi="34" ten="30,2000,0" yaku="18,1,23,1" doraHai="50" who="2" fromWho="1" sc="95,0,195,-26,440,36,260,0" owari="95,-40.0,169,-23.0,476,57.0,260,6.0" />
</Scene>
</mjloggm>