<mjloggm ver="2.3"><GO type="169" lobby="0"/><UN n0="%EF%BC%88%EF%BC%BE%D0%94%EF%BC%BE%EF%BC%89" n1="%E3%83%80%E3%83%9C" n2="%E5%A4%AA%E3%81%8F%E3%81%AA%E3%81%84%E3%81%8A" n3="%66%75%6B%75%30%32" dan="17,16,17,16" rate="2150.28,2128.06,2211.85,2114.53" sx="M,M,M,M"/><TAIKYOKU oya="0"/>

<Scene>
<INIT seed="0,0,0,4,2,60" ten="250,250,250,250" oya="0" hai0="56,49,121,116,96,25,30,128,31,106,37,11,80" hai1="5,58,40,78,122,131,73,101,108,118,124,71,0" hai2="97,24,38,82,72,119,47,64,39,69,16,6,13" hai3="98,43,120,14,79,110,100,4,65,76,130,89,44"/><T109/><D37/><U29/><E101/><V81/><F119/><W63/><G110/><T70/><D70/><U132/><E78/><V17/><F97/><W87/><G130/><T67/><D116/><U92/><E92/><V8/><F72/><W7/><G120/><T115/><D115/><U12/><E58/><V45/><F38/><W48/><G79/><T52/><D121/><U36/><E40/><V55/><F39/><W42/><G76/><T15/><D128/><U99/><E99/><V113/><F113/><W86/><G43/><T105/><D109/><U51/><E51/><V2/><F24/><W46/><G46/><N who="0" m="27703" /><D106/><U94/><E94/><V85/><F55/><W83/><G87/><T68/><D68/><U26/><E26/><V33/><F33/><W74/><G74/><T125/><D105/><U10/><E29/><N who="0" m="10761" /><D25/><U90/><E12/><V3/><F3/><W61/><G14/><T18/><D96/><U20/><E5/><V134/><F6/><W88/><G4/><T135/><D125/><U62/><E124/><V41/><F13/><W112/><G112/><T111/><D111/><U84/><E131/><V95/><F2/><W22/><G98/><T77/><D135/><U133/><E132/><V23/><F134/><W75/><G75/><N who="0" m="43071" /><D56/><U107/><E108/><V114/><F114/><W102/><G89/><T27/><D27/><U9/><E118/><V93/><F69/><N who="3" m="42159" /><G7/><T53/><D53/><U123/><E133/><V21/><F41/><W127/><G127/><T54/><D54/><U32/><E123/><V91/><F85/><W66/><G22/><RYUUKYOKU ba="0,0" sc="250,15,250,-15,250,-15,250,15" hai0="11,15,18,67" hai3="42,44,48,63,66,83,86,88,100,102" />
</Scene>
<Scene>
<INIT seed="0,1,0,0,2,35" ten="265,235,235,265" oya="0" hai0="40,134,53,48,89,131,26,39,38,31,96,109,113" hai1="19,11,0,81,45,58,67,92,101,8,111,47,117" hai2="114,18,5,91,74,127,116,3,46,20,99,17,36" hai3="68,112,30,15,60,105,41,98,108,83,65,71,42"/><T121/><D121/><U16/><E117/><V62/><F114/><W6/><G112/><T34/><D113/><U94/><E111/><V33/><F33/><W88/><G108/><T85/><D109/><U123/><E123/><V56/><F74/><W61/><G30/><T110/><D110/><U24/><E81/><V52/><F116/><W102/><G6/><T115/><D115/><U43/><E67/><V51/><F127/><W64/><REACH who="3" step="1"/><G15/><REACH who="3" ten="265,235,235,255" step="2"/><T104/><D31/><U54/><E0/><V28/><F28/><W63/><G63/><T106/><D26/><U44/><E43/><V69/><F5/><W25/><G25/><T87/><D40/><U29/><E29/><V1/><F3/><W32/><G32/><T77/><D34/><U120/><E120/><V133/><F1/><W23/><G23/><T124/><D124/><U72/><E24/><V118/><F20/><W14/><G14/><T84/><D131/><U95/><E101/><V78/><F118/><W79/><G79/><T22/><D77/><U49/><E72/><V66/><F78/><W122/><G122/><T70/><D22/><U73/><E73/><V55/><F62/><W2/><G2/><T75/><D75/><U135/><E135/><V129/><F133/><W125/><G125/><T76/><D134/><U9/><AGARI ba="1,1" hai="8,9,11,16,19,44,45,47,49,54,58,92,94,95" machi="9" ten="40,8000,1" yaku="0,1,29,2,8,1,54,1" doraHai="35" who="1" fromWho="1" sc="265,-41,235,93,235,-21,255,-21" />
</Scene>
<Scene>
<INIT seed="1,0,0,0,3,62" ten="224,328,214,234" oya="1" hai0="42,112,14,6,64,51,10,27,43,124,70,134,117" hai1="17,58,119,72,109,56,69,26,135,127,92,41,85" hai2="104,9,118,130,22,107,128,40,52,8,3,84,7" hai3="90,48,38,39,67,121,1,65,12,110,16,44,126"/><U102/><E119/><V13/><F118/><W115/><G121/><T66/><D112/><U37/><E72/><V0/><F40/><W123/><G115/><T93/><D70/><U24/><E69/><V81/><F22/><W99/><G123/><T79/><D117/><U111/><E135/><V33/><F33/><W21/><G1/><N who="2" m="585" /><F8/><W63/><G110/><N who="1" m="41994" /><E127/><V57/><F81/><W32/><G32/><T101/><D124/><U23/><E26/><V100/><F84/><W96/><G126/><T120/><D120/><U122/><E122/><V4/><F4/><W59/><G67/><N who="0" m="25643" /><D134/><U20/><E23/><V54/><F100/><W94/><REACH who="3" step="1"/><G99/><REACH who="3" ten="224,328,214,224" step="2"/><N who="0" m="59631" /><D79/><U34/><E34/><V45/><F130/><W131/><G131/><T71/><D71/><U98/><E85/><V30/><F128/><W83/><G83/><T91/><D27/><U55/><E55/><AGARI ba="0,1" hai="12,16,21,38,39,44,48,55,59,63,65,90,94,96" machi="55" ten="30,7700,0" yaku="1,1,7,1,52,1,54,1,53,0" doraHai="62" doraHaiUra="28" who="3" fromWho="1" sc="224,0,328,-77,214,0,224,87" />
</Scene>
<Scene>
<INIT seed="2,0,0,3,2,68" ten="224,251,214,311" oya="2" hai0="65,41,69,19,125,93,107,85,11,134,63,80,37" hai1="52,36,95,88,97,101,22,24,10,21,114,7,28" hai2="77,121,15,3,38,103,90,129,60,89,91,8,25" hai3="104,48,72,57,128,76,2,70,35,120,109,123,130"/><V6/><F121/><W12/><G2/><T56/><D107/><U82/><E114/><V117/><F117/><W133/><G70/><T131/><D134/><U4/><E36/><V115/><F115/><W78/><G104/><T42/><D131/><N who="3" m="50217" /><G35/><T53/><D125/><U61/><E22/><V112/><F112/><W105/><G105/><T50/><D93/><U100/><E4/><V18/><F129/><W113/><G113/><T118/><D118/><U23/><E21/><V73/><F103/><W132/><G109/><T29/><D29/><U40/><E40/><V27/><F38/><W26/><G26/><T5/><D19/><U64/><E82/><V124/><F124/><W49/><G12/><T16/><D16/><U75/><E75/><V30/><F60/><W94/><G94/><T33/><D33/><U106/><E106/><V55/><F55/><N who="3" m="31975" /><G49/><T17/><D17/><U47/><E47/><V71/><F71/><W39/><G39/><T102/><D102/><U126/><E126/><V98/><F98/><W45/><G45/><T135/><D135/><N who="3" m="51785" /><G72/><T0/><REACH who="0" step="1"/><D37/><REACH who="0" ten="214,251,214,311" step="2"/><U43/><E100/><V84/><F30/><W99/><G99/><T51/><D51/><U92/><E92/><V20/><REACH who="2" step="1"/><F73/><REACH who="2" ten="214,251,204,311" step="2"/><W67/><G123/><T31/><D31/><U87/><E101/><V83/><AGARI ba="0,2" hai="3,6,8,15,18,20,25,27,77,83,84,89,90,91" machi="83" ten="30,11700,0" yaku="1,1,2,1,0,1,53,1" doraHai="68" doraHaiUra="1" who="2" fromWho="2" sc="214,-39,251,-39,204,137,311,-39" />
</Scene>
<Scene>
<INIT seed="2,1,0,4,3,42" ten="175,212,341,272" oya="2" hai0="19,66,132,28,87,8,71,79,81,123,46,128,122" hai1="102,104,77,127,56,100,88,0,1,5,62,47,101" hai2="52,84,24,33,75,49,60,59,110,78,124,30,134" hai3="25,107,2,57,130,115,93,113,67,40,10,7,119"/><V41/><F124/><W13/><G107/><T35/><D128/><U95/><E104/><V83/><F134/><W106/><G106/><T70/><D132/><U117/><E117/><V125/><F125/><W72/><G119/><T45/><D71/><U4/><E77/><V58/><F110/><W109/><G72/><T112/><D112/><N who="3" m="43081" /><G130/><T32/><D32/><U121/><E127/><V3/><F3/><W135/><G135/><T111/><D111/><U91/><E121/><V99/><F99/><W118/><G118/><T120/><D66/><U15/><E15/><V65/><REACH who="2" step="1"/><F41/><REACH who="2" ten="175,212,331,272" step="2"/><W86/><G109/><T131/><D131/><U14/><E0/><V9/><F9/><W133/><G133/><T20/><D8/><U68/><E1/><V114/><F114/><W26/><G40/><T43/><D43/><U82/><E4/><V36/><F36/><W18/><G7/><T64/><D120/><U55/><E5/><V53/><F53/><W69/><G2/><T29/><D123/><U90/><E68/><V54/><F54/><W76/><G69/><T94/><D122/><U12/><E82/><V116/><F116/><W22/><G10/><T21/><D70/><U92/><E92/><V27/><F27/><W16/><G26/><N who="0" m="14623" /><D64/><U74/><E95/><V80/><F80/><W38/><G93/><T37/><D37/><U73/><E74/><AGARI ba="1,1" hai="24,30,33,49,52,58,59,60,65,74,75,78,83,84" machi="74" ten="40,7700,0" yaku="1,1,54,1,53,1" doraHai="42" doraHaiUra="31" who="2" fromWho="1" sc="175,0,212,-80,331,90,272,0" />
</Scene>
<Scene>
<INIT seed="2,2,0,5,0,81" ten="175,132,421,272" oya="2" hai0="28,74,9,85,101,132,49,40,65,75,89,43,59" hai1="114,23,16,52,98,73,48,26,99,122,35,115,105" hai2="8,54,5,129,130,50,126,29,116,108,76,91,111" hai3="33,24,32,64,120,134,39,12,72,17,21,62,13"/><V84/><F76/><W68/><G120/><T107/><D132/><U10/><E73/><V66/><F66/><W88/><G72/><T78/><D78/><U2/><E122/><V56/><F29/><W133/><G39/><T63/><D74/><U112/><E35/><N who="3" m="13386" /><G88/><T125/><D75/><U18/><E105/><V20/><F20/><W0/><G0/><T83/><D125/><U37/><E37/><V109/><F116/><W127/><G127/><T7/><D28/><U113/><N who="1" m="28672" /><DORA hai="90" /><U30/><E2/><N who="2" m="55" /><F126/><W53/><G53/><T45/><D107/><U121/><E121/><V44/><F44/><W38/><G38/><T22/><D101/><U77/><E77/><V124/><F124/><W80/><G80/><AGARI ba="2,0" hai="50,54,56,80,84,91,108,109,111,129,130" m="55" machi="80" ten="30,5800,0" yaku="14,1,10,1,52,1" doraHai="81,90" who="2" fromWho="3" sc="175,0,132,0,421,64,272,-64" />
</Scene>
<Scene>
<INIT seed="2,3,0,3,4,23" ten="175,132,485,208" oya="2" hai0="107,78,54,12,126,73,112,27,132,28,97,94,22" hai1="91,79,108,37,61,38,63,29,70,66,45,26,114" hai2="87,43,36,95,131,57,56,21,20,19,99,86,128" hai3="105,82,47,3,10,120,127,42,130,106,40,110,1"/><V68/><F68/><W100/><G120/><T8/><D112/><U2/><E2/><V125/><F43/><W75/><G110/><T123/><D123/><U24/><E114/><V124/><F36/><N who="3" m="21895" /><G127/><N who="2" m="48713" /><F86/><W85/><G85/><T53/><D107/><N who="3" m="40969" /><G100/><T9/><D132/><U83/><E108/><V11/><F11/><W104/><G104/><T77/><D126/><U33/><E91/><N who="2" m="55807" /><F87/><W14/><G14/><T58/><D73/><U84/><E45/><V109/><F21/><W121/><G121/><T17/><D8/><U35/><REACH who="1" step="1"/><E63/><REACH who="1" ten="175,122,485,208" step="2"/><V133/><F109/><W92/><G1/><T102/><REACH who="0" step="1"/><D53/><REACH who="0" ten="165,122,485,208" step="2"/><U7/><E7/><V6/><F6/><W74/><G3/><T64/><D64/><U18/><E18/><V135/><F133/><W89/><G75/><T122/><D122/><U116/><E116/><V118/><F135/><W71/><G74/><T65/><D65/><U46/><E46/><V90/><F118/><W113/><G113/><T0/><D0/><U80/><E80/><V93/><F128/><W81/><G130/><T103/><D103/><U60/><E60/><AGARI ba="3,2" hai="9,12,17,22,27,28,54,58,60,77,78,94,97,102" machi="60" ten="30,8000,1" yaku="1,1,7,1,8,1,52,1,53,1" doraHai="23" doraHaiUra="98" who="0" fromWho="1" sc="165,109,122,-89,485,0,208,0" />
</Scene>
<Scene>
<INIT seed="3,0,0,2,0,48" ten="274,33,485,208" oya="3" hai0="86,133,97,73,102,43,132,124,101,87,68,26,95" hai1="113,6,105,82,27,30,111,56,100,91,28,85,72" hai2="63,51,8,11,24,131,88,76,32,54,118,39,12" hai3="103,69,4,98,22,52,93,44,99,90,1,67,9"/><W20/><G69/><T21/><D73/><U89/><E111/><V81/><F39/><W55/><G67/><T59/><D124/><U46/><E113/><V123/><F118/><W115/><G115/><T58/><D68/><U66/><E72/><V34/><F63/><W129/><G129/><T18/><D43/><U92/><E6/><V135/><F24/><W71/><G71/><T40/><D40/><U5/><E5/><V96/><F11/><W15/><G44/><T23/><D102/><U2/><E2/><V108/><F108/><W75/><G75/><T121/><D121/><U110/><E110/><V31/><F31/><W77/><G77/><T78/><D21/><N who="3" m="8297" /><G1/><T47/><D47/><U45/><E100/><V117/><F76/><W7/><G7/><T61/><D58/><U41/><E105/><V125/><F117/><W3/><G3/><T119/><D119/><U0/><E0/><V33/><F33/><W70/><G70/><T114/><D114/><U122/><E122/><V94/><F32/><W13/><G13/><T29/><D29/><N who="1" m="11371" /><E41/><V64/><F34/><W116/><G116/><T109/><D109/><U35/><E27/><V107/><F123/><W65/><G65/><N who="0" m="39103" /><D78/><U130/><E35/><V127/><F64/><W79/><G79/><T83/><D26/><U36/><E130/><V80/><F131/><W134/><G134/><N who="0" m="51819" /><D18/><U104/><E36/><V62/><F135/><W25/><G25/><T53/><D23/><U10/><E10/><V14/><F127/><W17/><G17/><T42/><D42/><U120/><E120/><V126/><F125/><RYUUKYOKU ba="0,0" sc="274,-10,33,-10,485,-10,208,30" hai3="4,9,15,52,55,90,93,98,99,103" />
</Scene>
<Scene>
<INIT seed="3,1,0,2,2,29" ten="264,23,475,238" oya="3" hai0="121,79,60,107,61,46,32,9,36,14,84,13,49" hai1="73,120,69,66,3,98,56,123,114,103,25,48,5" hai2="59,41,45,71,68,132,67,65,47,100,72,115,76" hai3="104,11,94,105,24,134,91,27,1,63,124,112,111"/><W15/><G112/><T101/><D36/><U12/><E3/><V50/><F100/><W119/><G119/><T44/><D121/><U70/><E73/><V85/><F72/><W10/><G124/><T86/><D32/><U34/><E114/><V57/><F85/><W31/><G134/><T35/><D35/><U75/><E75/><V28/><F76/><W22/><G111/><T77/><D107/><U33/><E33/><V78/><F78/><W102/><G102/><T38/><D101/><U87/><E87/><V89/><F89/><W6/><G63/><T96/><D38/><U95/><E70/><V130/><F28/><W116/><G27/><T74/><D74/><U99/><E69/><V43/><F115/><W125/><G125/><T64/><D49/><U7/><E99/><V117/><F50/><W0/><G116/><T30/><D30/><U127/><E127/><V109/><F117/><W92/><G1/><T55/><D55/><U2/><E2/><V80/><F80/><W54/><G54/><T135/><D135/><U108/><E108/><V26/><F26/><W133/><G133/><T90/><D96/><U113/><E113/><V118/><F118/><W19/><G94/><T83/><D83/><U23/><E34/><V53/><F132/><W58/><G58/><T18/><D90/><U97/><E98/><AGARI ba="1,0" hai="0,6,10,11,15,19,22,24,31,91,92,98,104,105" machi="98" ten="30,1500,0" yaku="7,1" doraHai="29" who="3" fromWho="1" sc="264,0,23,-18,475,0,238,18" />
</Scene>
<Scene>
<INIT seed="3,2,0,3,1,34" ten="264,5,475,256" oya="3" hai0="75,94,126,127,111,116,28,23,99,74,67,124,121" hai1="6,26,2,17,112,117,106,47,35,44,1,134,132" hai2="128,36,122,40,20,107,118,46,0,90,55,109,135" hai3="125,130,133,78,120,11,27,12,105,54,8,79,24"/><W18/><G120/><T88/><D116/><U102/><E112/><V21/><F0/><N who="1" m="105" /><E6/><V104/><F55/><W4/><G105/><T63/><D121/><U30/><E17/><V129/><F46/><W62/><G125/><T103/><D111/><U37/><E117/><V97/><F40/><W108/><G108/><T93/><D28/><U115/><E115/><V13/><F90/><W92/><G130/><T52/><D23/><U22/><E22/><V31/><F97/><W32/><G92/><T9/><D9/><U53/><E53/><V48/><F13/><N who="3" m="5255" /><G32/><T100/><D52/><U76/><E76/><N who="3" m="29226" /><G133/><N who="1" m="51306" /><E37/><V101/><F36/><W77/><G77/><T50/><D50/><U131/><E131/><V66/><F48/><W7/><G7/><T80/><D63/><U43/><E43/><V14/><F128/><W25/><G25/><T110/><D110/><U33/><E33/><V95/><F129/><W71/><G54/><T98/><D67/><U81/><E81/><V42/><F135/><W73/><G27/><T69/><D80/><U61/><E61/><V68/><F118/><W123/><G24/><T10/><D10/><U38/><E38/><V64/><F109/><W91/><G123/><T39/><D39/><U113/><E113/><V19/><F122/><W87/><G62/><T114/><D114/><U83/><E83/><V58/><F19/><W85/><G18/><T65/><D65/><U119/><E119/><V60/><F66/><W96/><G11/><T56/><D127/><U41/><E41/><V5/><F42/><W3/><G3/><T72/><D126/><RYUUKYOKU ba="2,0" sc="264,-10,5,30,475,-10,256,-10" hai1="26,30,35,44,47,102,106" />
</Scene>
<Scene>
<INIT seed="4,3,0,2,1,48" ten="254,35,465,246" oya="0" hai0="90,36,109,52,104,118,76,95,45,87,46,122,60" hai1="6,7,13,2,15,27,93,84,108,111,58,63,37" hai2="125,44,75,96,41,77,106,26,115,132,4,1,116" hai3="35,86,29,3,49,51,105,130,39,14,22,5,103"/><T81/><D104/><U43/><E2/><V101/><F26/><N who="3" m="18871" /><G39/><T117/><D122/><U102/><E43/><V47/><F47/><W80/><G130/><T55/><D109/><U121/><E37/><N who="2" m="21551" /><F115/><W61/><G61/><T8/><D117/><U110/><E121/><V100/><F100/><W10/><G103/><T34/><D34/><U119/><E119/><V113/><F113/><W68/><G68/><T57/><D118/><U65/><E27/><V21/><F21/><W91/><G105/><T107/><D107/><U92/><E102/><V124/><F132/><W24/><G24/><T126/><D126/><U127/><E127/><V9/><F116/><W72/><G72/><T88/><D36/><U19/><E19/><AGARI ba="3,0" hai="3,5,10,14,19,22,49,51,80,86,91" m="18871" machi="19" ten="30,1000,0" yaku="24,1" doraHai="48" who="3" fromWho="1" sc="254,0,35,-19,465,0,246,19" />
</Scene>
<Scene>
<INIT seed="5,0,0,2,4,106" ten="254,16,465,265" oya="1" hai0="38,51,48,104,69,58,49,62,32,115,94,57,20" hai1="86,123,37,45,89,87,67,113,66,96,10,25,11" hai2="34,88,44,4,116,36,29,47,40,8,75,43,53" hai3="63,134,50,30,81,46,119,42,112,114,68,127,19"/><U103/><E123/><V70/><F75/><W107/><G107/><T80/><D104/><U7/><E113/><N who="3" m="43626" /><G134/><T85/><D38/><U101/><E25/><V65/><F53/><W15/><G127/><T21/><D32/><U3/><E87/><V122/><F44/><W5/><G119/><T93/><D115/><U132/><E132/><V28/><F43/><W17/><G30/><T130/><D69/><U59/><E11/><V84/><F34/><W91/><G5/><T125/><D130/><U77/><E77/><V73/><F65/><N who="3" m="41023" /><G15/><T111/><D111/><U22/><E22/><N who="0" m="8809" /><D125/><U61/><E67/><V27/><F27/><W39/><G39/><T12/><D12/><U120/><E120/><V131/><F122/><W133/><G133/><T41/><D41/><U90/><E89/><V13/><F8/><W124/><G124/><T82/><D82/><U0/><E0/><V33/><F33/><W110/><G110/><T79/><D58/><U100/><E45/><V102/><F47/><W74/><G91/><T121/><D121/><U83/><REACH who="1" step="1"/><E37/><REACH who="1" ten="254,6,465,265" step="2"/><V97/><F36/><W35/><G35/><T105/><D105/><AGARI ba="0,1" hai="3,7,10,59,61,66,83,86,90,96,100,101,103,105" machi="105" ten="30,11600,0" yaku="1,1,2,1,7,1,53,1" doraHai="106" doraHaiUra="55" who="1" fromWho="0" sc="254,-116,6,126,465,0,265,0" />
</Scene>
<Scene>
<INIT seed="5,1,0,4,1,90" ten="138,132,465,265" oya="1" hai0="25,38,99,130,84,0,62,113,121,134,72,115,12" hai1="5,133,35,2,118,28,31,41,131,24,60,51,79" hai2="64,77,73,126,53,69,94,107,32,30,98,56,57" hai3="82,7,9,120,15,76,125,104,112,17,54,36,132"/><U71/><E118/><V3/><F94/><W46/><G120/><T123/><D0/><U44/><E131/><V97/><F53/><W68/><G104/><T42/><D72/><U101/><E133/><V39/><F97/><W26/><G68/><T47/><D130/><U4/><E31/><V67/><F67/><W22/><G132/><T14/><D134/><U78/><E101/><V23/><F23/><W70/><G70/><T81/><D62/><U111/><E111/><V127/><F39/><W63/><G112/><N who="0" m="43083" /><D25/><U10/><REACH who="1" step="1"/><E5/><REACH who="1" ten="138,122,465,265" step="2"/><V6/><F30/><W105/><G7/><T65/><D65/><AGARI ba="1,1" hai="2,4,10,24,28,35,41,44,51,60,65,71,78,79" machi="65" ten="40,3900,0" yaku="1,1,2,1,53,0" doraHai="90" doraHaiUra="49" who="1" fromWho="0" sc="138,-42,122,52,465,0,265,0" />
</Scene>
<Scene>
<INIT seed="5,2,0,3,1,42" ten="96,174,465,265" oya="1" hai0="38,117,25,107,128,100,72,68,104,18,11,70,14" hai1="125,3,102,8,21,90,115,131,43,31,85,56,113" hai2="34,13,84,75,82,32,71,36,96,118,134,41,7" hai3="65,114,51,121,94,119,9,81,58,60,66,52,45"/><U91/><E102/><V112/><F84/><W83/><G121/><T106/><D117/><U10/><E125/><V62/><F13/><W26/><G119/><T55/><D128/><U93/><E131/><V54/><F54/><W92/><G114/><T63/><D72/><U86/><E56/><V124/><F96/><W88/><G65/><T78/><D78/><U105/><E105/><V49/><F49/><W103/><G9/><T39/><D100/><U69/><E69/><V126/><F7/><W110/><G110/><T133/><D133/><U61/><E61/><V129/><F134/><W97/><G26/><T44/><D25/><N who="1" m="16815" /><E43/><V35/><F112/><N who="1" m="43081" /><E3/><V73/><F118/><W122/><G122/><T101/><D101/><U76/><E76/><N who="2" m="44303" /><F129/><W127/><G127/><T116/><D116/><U64/><E64/><N who="2" m="41367" /><F75/><W132/><G132/><T67/><REACH who="0" step="1"/><D70/><REACH who="0" ten="86,174,465,265" step="2"/><U123/><E123/><V120/><F120/><W0/><G0/><T1/><D1/><U77/><E77/><V74/><F74/><W46/><REACH who="3" step="1"/><G45/><AGARI ba="2,1" hai="32,34,35,36,41,45,124,126" m="41367,44303" machi="45" ten="40,2600,0" yaku="23,1,52,1" doraHai="42" who="2" fromWho="3" sc="86,0,174,0,465,42,265,-32" />
</Scene>
<Scene>
<INIT seed="6,0,0,1,2,134" ten="86,174,507,233" oya="2" hai0="120,58,88,93,44,131,129,12,78,24,2,38,79" hai1="31,68,89,99,94,37,14,101,4,34,130,6,22" hai2="11,111,83,48,74,43,70,32,96,62,25,9,91" hai3="57,41,67,108,87,71,118,81,28,124,55,59,8"/><V46/><F32/><W49/><G118/><T117/><D2/><U114/><E37/><V76/><F25/><W51/><G108/><T113/><D117/><U18/><E68/><V3/><F3/><W26/><G71/><T84/><D120/><U105/><E114/><V63/><F63/><N who="3" m="38399" /><G124/><T40/><D113/><U13/><E130/><V0/><F0/><W110/><G110/><T35/><D12/><U82/><E34/><V52/><F111/><W39/><G39/><T80/><D58/><U65/><E65/><V56/><F70/><W17/><G28/><T125/><D125/><U60/><E60/><V5/><F5/><W54/><G41/><T61/><D61/><U132/><E31/><V36/><F36/><W64/><G64/><T95/><D24/><U20/><E132/><V119/><F119/><W7/><G7/><T66/><D66/><U33/><E33/><V23/><F23/><N who="3" m="13679" /><G8/><T104/><D104/><U128/><E128/><N who="0" m="49225" /><D35/><U97/><E82/><V115/><F115/><W73/><G73/><T47/><D47/><U1/><E1/><V15/><F15/><W27/><G27/><T98/><D95/><U85/><REACH who="1" step="1"/><E99/><REACH who="1" ten="86,164,507,233" step="2"/><V123/><F96/><W30/><G30/><T127/><D127/><U90/><E90/><AGARI ba="0,1" hai="38,40,44,78,79,80,84,88,90,93,98" m="49225" machi="90" ten="30,2000,0" yaku="19,1,54,1" doraHai="134" who="0" fromWho="1" sc="86,30,164,-20,507,0,233,0" />
</Scene>
<Scene>
<INIT seed="7,0,0,5,5,67" ten="116,144,507,233" oya="3" hai0="65,53,54,111,22,110,70,2,26,62,63,87,121" hai1="122,28,124,11,14,95,135,42,108,8,78,23,119" hai2="120,16,76,32,40,112,19,1,84,12,85,113,118" hai3="15,115,109,55,17,98,71,36,134,43,34,5,45"/><W114/><G34/><T51/><D2/><U7/><E122/><V74/><F1/><W116/><G116/><T133/><D121/><U104/><E104/><V100/><F120/><W81/><G134/><T30/><D133/><U77/><E135/><V64/><F100/><W56/><G109/><T47/><D62/><U46/><E108/><V97/><F97/><W73/><G5/><T29/><D29/><U129/><E119/><V83/><F118/><W88/><G71/><T89/><REACH who="0" step="1"/><D53/><REACH who="0" ten="106,144,507,233" step="2"/><U49/><E28/><V106/><F84/><N who="3" m="50191" /><G73/><T93/><AGARI ba="0,1" hai="22,26,30,47,51,54,63,65,70,87,89,93,110,111" machi="93" ten="20,8000,1" yaku="1,1,0,1,7,1,52,1,53,1" doraHai="67" doraHaiUra="86" who="0" fromWho="0" sc="106,90,144,-20,507,-20,233,-40" owari="196,0.0,124,-38.0,487,59.0,193,-21.0" />
</Scene>
</mjloggm>