<mjloggm ver="2.3"><GO type="169" lobby="0"/><UN n0="%E3%82%84%E3%81%BE%E3%83%BC%E3%82%93" n1="%E5%A4%AA%E3%81%8F%E3%81%AA%E3%81%84%E3%81%8A" n2="%E3%83%8B%E3%83%A3%E3%83%83%E3%83%94%E3%83%BC%E5%A4%8F%E7%9B%AE" n3="%E3%81%B5%E3%81%86%E3%81%8C%E2%99%AA" dan="17,18,16,16" rate="2169.43,2214.52,2067.31,2120.48" sx="M,M,M,M"/><TAIKYOKU oya="0"/>

<Scene>
<INIT seed="0,0,0,1,5,111" ten="250,250,250,250" oya="0" hai0="114,115,43,135,81,37,19,25,99,90,16,129,9" hai1="77,91,6,65,122,28,131,20,18,7,59,34,80" hai2="79,11,50,124,72,128,44,32,119,118,58,61,5" hai3="69,15,104,84,75,49,92,66,53,8,125,103,13"/><T73/><D99/><U97/><E122/><V87/><F32/><W85/><G75/><T107/><D107/><U48/><E34/><V14/><F72/><W102/><G104/><T93/><D25/><U88/><E28/><V27/><F27/><W55/><G125/><T121/><D121/><U98/><E131/><V83/><F128/><W108/><G108/><T26/><D129/><U113/><E77/><V100/><F100/><W68/><G66/><T130/><D130/><U45/><E59/><V116/><F124/><W109/><G109/><T134/><D26/><N who="1" m="14615" /><E65/><V35/><F35/><W127/><G127/><T117/><D117/><U21/><E21/><V56/><REACH who="2" step="1"/><F61/><REACH who="2" ten="250,250,240,250" step="2"/><W101/><G103/><T12/><D73/><U82/><E113/><V123/><F123/><W105/><G102/><T62/><D62/><U78/><E78/><V94/><F94/><W126/><G92/><T31/><D93/><U22/><E91/><V89/><F89/><W57/><G126/><T51/><D90/><U120/><E120/><V23/><F23/><W24/><G105/><T133/><D81/><U52/><E22/><V95/><F95/><W4/><G24/><T110/><D110/><U42/><E82/><V33/><F33/><W46/><G101/><T1/><D115/><U63/><E80/><V41/><AGARI ba="0,1" hai="5,11,14,41,44,50,56,58,79,83,87,116,118,119" machi="41" ten="30,12000,2" yaku="1,1,0,1,25,2,12,1,53,1" doraHai="111" doraHaiUra="74" who="2" fromWho="2" sc="250,-60,250,-30,240,130,250,-30" />
</Scene>
<Scene>
<INIT seed="1,0,0,1,3,71" ten="190,220,370,220" oya="1" hai0="114,102,47,85,4,126,67,36,110,104,40,22,54" hai1="83,111,109,87,28,1,115,21,128,120,9,49,57" hai2="55,51,14,8,82,43,45,129,13,130,105,116,106" hai3="18,80,52,15,72,7,121,61,112,107,26,78,113"/><U88/><E115/><V2/><F116/><W42/><G121/><T125/><D114/><U108/><E120/><V35/><F35/><W103/><G7/><T95/><D110/><U27/><E128/><N who="2" m="49259" /><F2/><W65/><G42/><T29/><D4/><N who="1" m="1167" /><E49/><N who="2" m="26815" /><F82/><W124/><G124/><T23/><D67/><U38/><E57/><N who="2" m="33023" /><F8/><W48/><G107/><AGARI ba="0,0" hai="13,14,105,106,107" m="33023,26815,49259" machi="107" ten="30,1000,0" yaku="19,1" doraHai="71" who="2" fromWho="3" sc="190,0,220,0,370,10,220,-10" />
</Scene>
<Scene>
<INIT seed="2,0,0,2,1,19" ten="190,220,380,210" oya="2" hai0="120,9,116,91,27,108,26,28,57,45,111,90,58" hai1="73,81,118,128,23,25,64,130,71,113,32,35,119" hai2="54,59,15,20,107,44,13,42,2,6,134,36,97" hai3="67,1,102,77,62,17,98,72,88,50,132,65,48"/><V93/><F107/><W63/><G132/><T8/><D120/><U56/><E71/><V112/><F134/><W37/><G37/><T127/><D45/><U125/><E64/><V87/><F112/><W69/><G1/><T51/><D51/><U30/><E56/><V3/><F87/><W133/><G133/><T80/><D80/><U105/><E105/><V101/><F13/><W34/><G34/><N who="1" m="12842" /><E81/><V5/><F5/><W121/><G121/><T129/><D28/><U103/><E103/><V38/><F38/><W114/><G114/><T83/><D83/><U21/><E73/><V52/><F54/><W18/><G77/><T79/><D127/><U31/><E113/><V131/><F131/><N who="1" m="50217" /><E125/><V110/><F110/><W33/><G72/><T78/><REACH who="0" step="1"/><D129/><REACH who="0" ten="180,220,380,210" step="2"/><U53/><E53/><V96/><F52/><W117/><G48/><T41/><D41/><U76/><E76/><V24/><F42/><W47/><G50/><T7/><D7/><U82/><E82/><V92/><F6/><W106/><G47/><T115/><D115/><U11/><E11/><V109/><F44/><W126/><G126/><T55/><D55/><U10/><E10/><V43/><F43/><W22/><G67/><T46/><D46/><U4/><E4/><V75/><F75/><W70/><G65/><T12/><D12/><U68/><E68/><V39/><F15/><W49/><G70/><T86/><D86/><U104/><E104/><V100/><F109/><W84/><G69/><T40/><D40/><U122/><E122/><V99/><F39/><W135/><G106/><T0/><D0/><RYUUKYOKU ba="0,1" sc="180,15,220,15,380,-15,210,-15" hai0="8,9,26,27,57,58,78,79,90,91,108,111,116" hai1="21,23,25,30,31,118,119" />
</Scene>
<Scene>
<INIT seed="3,1,1,3,2,108" ten="195,235,365,195" oya="3" hai0="123,113,89,72,42,38,5,130,79,118,98,31,129" hai1="58,29,68,77,88,57,117,76,106,35,49,109,101" hai2="7,46,91,73,124,59,131,55,51,54,21,27,103" hai3="111,13,10,110,126,14,96,16,18,87,33,37,44"/><W132/><G132/><T90/><D118/><U67/><E109/><N who="3" m="41482" /><G126/><T43/><D123/><U82/><E117/><V95/><F124/><W86/><G33/><T0/><D31/><U94/><E76/><V99/><F73/><W102/><G37/><T50/><D98/><N who="1" m="61751" /><E49/><N who="2" m="31215" /><F131/><W71/><G44/><N who="0" m="23639" /><D43/><U65/><E65/><V8/><F8/><N who="3" m="6183" /><G71/><T66/><D66/><U52/><E52/><V53/><F7/><W133/><G133/><T127/><D50/><U134/><E134/><V74/><F74/><W34/><G34/><T122/><D122/><U97/><E82/><V30/><F54/><W64/><G64/><T114/><D127/><U1/><E1/><V41/><F53/><W45/><G45/><T104/><D129/><U78/><E58/><V40/><F41/><W80/><G80/><N who="0" m="45159" /><D130/><U120/><E57/><V6/><F6/><W92/><AGARI ba="1,1" hai="10,14,18,86,87,92,96,102" m="6183,41482" machi="92" ten="30,6000,0" yaku="14,1,10,1,54,1" doraHai="108" who="3" fromWho="3" sc="195,-21,235,-21,365,-21,195,73" />
</Scene>
<Scene>
<INIT seed="3,2,0,1,4,71" ten="174,214,344,268" oya="3" hai0="104,68,130,41,61,128,13,35,122,25,6,54,101" hai1="65,116,2,37,109,59,72,88,31,38,107,14,87" hai2="67,5,36,8,125,62,90,49,79,43,23,0,95" hai3="56,27,86,44,69,85,113,129,74,99,50,123,121"/><W75/><G69/><T70/><D122/><U133/><E72/><V63/><F125/><W7/><G113/><T39/><D54/><U110/><E14/><V89/><F36/><N who="1" m="13929" /><E2/><V117/><F79/><W106/><G7/><T103/><D13/><U3/><E3/><V77/><F77/><W66/><G56/><T57/><D6/><U93/><E107/><V134/><F134/><W108/><G66/><N who="0" m="41039" /><D70/><U111/><E31/><V58/><F63/><W114/><G27/><T26/><D57/><U98/><E133/><V81/><F23/><W17/><G17/><T119/><D119/><U16/><E116/><V94/><F117/><W4/><G4/><T51/><D51/><U1/><E1/><V80/><F49/><W105/><G50/><T91/><D91/><N who="1" m="55615" /><E16/><V127/><F43/><W102/><G44/><N who="0" m="23615" /><D103/><U24/><E24/><V118/><F118/><W84/><G102/><T131/><D35/><U52/><E65/><V55/><F67/><W40/><G40/><T18/><D18/><U53/><E59/><V115/><F58/><W96/><G74/><T45/><D45/><U29/><E29/><V9/><F55/><W22/><G75/><T32/><D32/><U33/><E33/><V12/><F5/><W46/><G46/><T48/><D48/><U34/><E34/><V92/><F0/><W20/><G123/><T78/><D78/><U126/><E126/><V120/><F127/><W83/><G121/><T60/><D60/><U100/><E100/><V10/><F62/><W132/><G20/><T47/><D47/><U30/><E30/><V19/><F120/><RYUUKYOKU ba="2,0" sc="174,15,214,15,344,-15,268,-15" hai0="25,26,101,104,128,130,131" hai1="52,53,87,88,109,110,111" />
</Scene>
<Scene>
<INIT seed="4,3,0,0,5,86" ten="189,229,329,253" oya="0" hai0="50,37,63,28,88,121,51,92,110,105,19,71,22" hai1="23,109,79,54,108,49,115,83,113,116,97,66,102" hai2="3,14,85,47,91,76,7,90,12,130,9,69,118" hai3="38,129,84,67,135,45,32,10,30,26,104,35,57"/><T78/><D37/><U103/><E66/><V15/><F69/><W29/><G129/><T81/><D105/><N who="1" m="63695" /><E23/><V122/><F122/><W34/><G104/><T117/><D121/><U123/><E123/><V120/><F120/><W60/><G135/><T27/><D117/><U11/><E11/><V24/><F130/><W42/><G30/><T96/><D110/><U106/><E49/><V58/><F118/><W125/><G125/><T31/><D63/><U93/><E54/><V95/><F47/><W53/><G10/><T39/><D39/><U89/><E103/><V124/><F124/><W17/><G17/><T82/><D71/><U61/><E106/><V73/><F58/><W5/><G5/><T111/><D111/><N who="1" m="42571" /><E61/><V72/><F24/><W127/><G127/><T0/><D0/><U13/><E13/><V62/><F62/><W134/><G134/><T114/><D31/><U40/><E40/><V133/><F133/><W36/><G36/><T8/><D82/><U46/><E46/><V20/><F3/><W48/><G35/><T75/><D8/><U128/><E128/><V98/><F20/><W16/><G34/><T52/><D19/><U68/><E68/><V44/><F44/><N who="3" m="27783" /><G16/><T100/><D100/><U99/><E116/><V87/><F12/><W56/><G56/><N who="0" m="32799" /><D50/><U80/><E80/><N who="2" m="47239" /><F14/><W59/><G59/><T43/><D43/><U6/><E6/><V64/><F64/><W18/><G18/><T21/><D21/><U65/><E65/><V131/><F131/><W2/><G2/><T33/><D33/><U132/><E132/><V1/><F1/><RYUUKYOKU ba="3,0" sc="189,0,229,0,329,0,253,0" hai0="22,27,28,75,78,81,88,92,96,114" hai1="79,83,89,93,99,113,115" hai2="7,9,15,72,73,87,90,91,95,98" hai3="26,29,32,38,42,45,57,60,67,84" />
</Scene>
<Scene>
<INIT seed="4,4,0,5,2,106" ten="189,229,329,253" oya="0" hai0="68,134,23,42,128,123,115,98,25,118,24,51,120" hai1="135,50,58,69,64,45,54,119,4,77,8,113,47" hai2="105,30,117,15,95,126,12,94,1,114,79,57,85" hai3="116,72,102,103,40,101,62,81,107,55,91,71,60"/><T34/><D68/><U99/><E119/><V93/><F105/><W131/><G116/><T41/><D118/><U87/><E135/><V33/><F117/><W0/><G0/><T86/><D134/><U90/><E113/><V32/><F1/><W61/><G40/><T100/><D115/><U52/><E69/><V20/><F114/><W129/><G107/><T124/><D34/><U109/><E109/><V13/><F126/><W6/><G6/><T48/><D124/><U27/><E77/><V28/><F20/><W37/><G37/><T110/><D110/><U2/><E99/><V17/><F17/><W111/><G111/><T82/><D128/><N who="3" m="49225" /><G55/><T39/><D39/><U78/><E78/><V84/><F57/><W10/><G10/><T73/><D120/><U130/><E130/><V49/><F49/><N who="0" m="19018" /><D123/><U26/><E64/><V59/><F59/><W133/><G133/><T132/><D73/><U35/><E35/><N who="2" m="13387" /><F79/><N who="3" m="44263" /><G91/><N who="0" m="51671" /><D132/><U38/><E47/><V127/><F127/><W80/><G80/><T63/><D63/><U44/><E54/><V125/><F125/><W108/><G108/><T97/><D100/><U18/><E38/><V88/><F88/><W21/><G21/><T76/><D76/><U96/><E45/><V121/><F121/><W19/><G71/><T53/><D53/><U75/><E44/><V67/><F67/><W22/><G102/><T36/><D36/><U74/><E74/><V66/><F66/><W70/><G70/><T104/><D104/><U7/><E75/><V11/><F11/><W83/><G83/><T89/><D23/><N who="1" m="13687" /><E52/><V92/><F92/><RYUUKYOKU ba="4,0" sc="189,-15,229,-15,329,15,253,15" hai2="12,13,15,28,30,84,85,93,94,95" hai3="19,22,60,61,62,101,103" />
</Scene>
<Scene>
<INIT seed="5,5,0,3,4,64" ten="174,214,344,268" oya="1" hai0="110,3,60,0,41,92,96,68,123,25,76,9,21" hai1="132,128,45,114,126,129,70,61,130,14,2,57,78" hai2="15,39,51,124,67,7,80,19,58,74,40,113,23" hai3="87,44,52,93,1,104,29,46,84,65,56,12,101"/><U102/><E2/><V59/><F124/><W50/><G1/><T8/><D110/><U69/><E126/><V97/><F113/><W42/><G29/><T73/><D41/><U33/><E114/><V37/><F7/><W16/><G104/><T125/><D125/><U90/><E132/><V83/><F74/><W79/><G65/><T63/><D76/><U112/><E112/><V120/><F120/><W111/><G111/><T109/><D73/><U49/><E33/><V99/><F39/><W91/><G101/><T127/><D127/><U100/><E78/><V98/><F37/><W54/><G54/><T34/><D34/><U26/><E26/><V66/><F66/><W122/><G122/><T22/><D109/><U72/><E72/><V30/><F30/><W53/><G53/><T117/><D96/><U20/><E90/><V131/><F131/><W116/><G116/><T82/><D82/><U115/><E115/><V48/><F67/><W6/><G6/><T103/><D123/><U18/><E57/><V35/><F35/><W108/><G108/><T5/><D25/><U86/><E61/><V107/><F107/><W38/><G79/><T47/><D103/><N who="1" m="39467" /><E86/><V77/><F77/><W71/><G71/><T118/><D68/><U24/><E24/><V89/><F89/><W31/><G87/><T94/><REACH who="0" step="1"/><D5/><REACH who="0" ten="164,214,344,268" step="2"/><U27/><E27/><V75/><F75/><W106/><G31/><T81/><D81/><U11/><E20/><V85/><F83/><W17/><G106/><T55/><D55/><AGARI ba="5,1" hai="11,14,18,45,49,55,69,70,128,129,130" m="39467" machi="55" ten="30,5800,0" yaku="19,1,52,2" doraHai="64" who="1" fromWho="0" sc="164,-73,214,83,344,0,268,0" />
</Scene>
<Scene>
<INIT seed="5,6,0,3,5,122" ten="91,297,344,268" oya="1" hai0="79,133,29,9,94,71,7,8,36,16,113,91,114" hai1="68,24,95,28,112,18,105,125,81,3,96,72,90" hai2="27,34,4,62,109,92,30,98,129,13,102,14,73" hai3="104,127,43,40,31,47,61,1,100,41,83,97,132"/><U107/><E3/><V108/><F73/><W6/><G132/><T52/><D71/><U50/><E68/><V10/><F129/><W123/><G123/><T26/><D36/><U23/><E112/><N who="0" m="43113" /><D133/><U64/><E64/><V89/><F62/><W134/><G134/><T15/><D79/><U115/><E115/><V25/><F25/><W67/><G127/><T85/><D7/><U35/><E125/><V56/><F56/><W118/><G118/><T116/><D116/><U126/><E126/><V75/><F75/><W86/><G31/><T111/><D111/><U33/><E50/><V21/><F34/><W11/><G47/><T53/><D8/><U80/><E35/><AGARI ba="6,0" hai="9,15,16,26,29,35,52,53,85,91,94" m="43113" machi="35" ten="30,3900,0" yaku="15,1,54,2" doraHai="122" who="0" fromWho="1" sc="91,57,297,-57,344,0,268,0" />
</Scene>
<Scene>
<INIT seed="6,0,0,5,1,110" ten="148,240,344,268" oya="2" hai0="83,107,33,8,116,126,128,55,69,58,119,133,41" hai1="80,109,39,5,9,56,22,16,70,99,34,131,77" hai2="43,90,59,42,48,98,72,106,61,113,117,57,108" hai3="38,112,73,51,24,30,18,53,66,123,36,96,26"/><V114/><F72/><W45/><G123/><T3/><D107/><U92/><E70/><V14/><F117/><W64/><G73/><T78/><D69/><U135/><E34/><V91/><F108/><W35/><G38/><T65/><D65/><U134/><E39/><V124/><F124/><W50/><G36/><T100/><D100/><U11/><E56/><V93/><F106/><W0/><G0/><T104/><D104/><U95/><E131/><V68/><F91/><W74/><G74/><T88/><D128/><U79/><E109/><V47/><F42/><W102/><G51/><T125/><D41/><U17/><E22/><V132/><F132/><W1/><G1/><T86/><D133/><U67/><E67/><N who="2" m="41071" /><F14/><W27/><G66/><T94/><D33/><U63/><E63/><V23/><F23/><W25/><G64/><T52/><D8/><U76/><E76/><V60/><F60/><W115/><REACH who="3" step="1"/><G18/><REACH who="3" ten="148,240,344,258" step="2"/><T127/><D3/><U118/><E16/><V120/><F120/><W2/><G2/><T89/><D89/><U12/><E17/><V15/><F15/><W32/><G32/><T75/><REACH who="0" step="1"/><D55/><REACH who="0" ten="138,240,344,258" step="2"/><U21/><E134/><V62/><F90/><W37/><G37/><T20/><D20/><U101/><E135/><V122/><F122/><W84/><G84/><T19/><D19/><U7/><E21/><V71/><F71/><W13/><G13/><T105/><D105/><AGARI ba="0,2" hai="24,25,26,27,30,35,45,50,53,96,102,105,112,115" machi="105" ten="40,5200,0" yaku="1,1,52,2,53,0" doraHai="110" doraHaiUra="54" who="3" fromWho="0" sc="138,-52,240,0,344,0,258,72" />
</Scene>
<Scene>
<INIT seed="7,0,0,5,0,103" ten="86,240,344,330" oya="3" hai0="22,55,114,101,71,96,15,46,131,31,105,79,2" hai1="125,83,63,11,38,70,8,127,10,1,128,106,102" hai2="100,113,67,18,133,84,77,20,39,97,56,34,6" hai3="35,130,51,45,110,109,129,19,58,89,75,74,59"/><W7/><G35/><T118/><D2/><U124/><E38/><V115/><F39/><W134/><G134/><T91/><D71/><U12/><E1/><V126/><F34/><W9/><G19/><T50/><D118/><U52/><E83/><V111/><F111/><N who="3" m="42507" /><G89/><T93/><D131/><N who="3" m="50185" /><G59/><T120/><D120/><U13/><E128/><V90/><F133/><W44/><G58/><T47/><D79/><U72/><E72/><N who="3" m="27690" /><G51/><T57/><D114/><N who="2" m="43530" /><F6/><W80/><G80/><T88/><D91/><U119/><E119/><V32/><F32/><W117/><G117/><T23/><D23/><U60/><E70/><V17/><F126/><W14/><AGARI ba="0,0" hai="7,9,14,44,45" m="27690,50185,42507" machi="14" ten="40,3900,0" yaku="10,1,19,1" doraHai="103" who="3" fromWho="3" sc="86,-13,240,-13,344,-13,330,39" owari="73,-43.0,227,-17.0,331,13.0,369,47.0" />
</Scene>
</mjloggm>