<mjloggm ver="2.3"><GO type="169" lobby="0"/><UN n0="%73%65%69%6C" n1="%E3%83%90%E3%83%90%E3%82%A2%E3%81%AE%E6%97%A5%E5%82%98" n2="%E5%A4%AA%E3%81%8F%E3%81%AA%E3%81%84%E3%81%8A" n3="%E3%83%AC%E3%83%87%E3%82%B9%E3%83%9E" dan="16,17,17,16" rate="2098.44,2144.99,2158.04,2144.96" sx="M,F,M,M"/><TAIKYOKU oya="0"/>

<Scene>
<INIT seed="0,0,0,1,2,100" ten="250,250,250,250" oya="0" hai0="14,52,108,78,88,18,77,84,46,119,12,113,81" hai1="98,60,97,135,16,51,6,27,8,21,121,83,53" hai2="110,127,57,115,82,117,49,47,68,93,2,134,50" hai3="70,72,118,17,20,10,122,9,65,126,59,92,40"/><T44/><D119/><U116/><E121/><V95/><F68/><W124/><G118/><T63/><D113/><U86/><E135/><V1/><F117/><W35/><G70/><T26/><D108/><U128/><E60/><V24/><F115/><W36/><G35/><T106/><D106/><U73/><E73/><V131/><F134/><W56/><G72/><T74/><D26/><U4/><E128/><V43/><F131/><W48/><G36/><T76/><D74/><U104/><E116/><V112/><F112/><W39/><G39/><T45/><D18/><U79/><E104/><V132/><F132/><W87/><G122/><T11/><D11/><U31/><E31/><V42/><F110/><W129/><G129/><T41/><D41/><U19/><E19/><V107/><F127/><W38/><G38/><T0/><D0/><U125/><E125/><V32/><F107/><W58/><G65/><T85/><D84/><U99/><REACH who="1" step="1"/><E8/><REACH who="1" ten="250,240,250,250" step="2"/><V80/><F32/><W23/><G124/><T25/><D25/><U28/><E28/><V30/><F24/><W29/><G126/><T71/><D71/><U96/><N who="1" m="24576" /><DORA hai="111" /><U34/><E34/><V69/><F30/><W105/><G105/><T89/><REACH who="0" step="1"/><D89/><REACH who="0" ten="240,240,250,250" step="2"/><U103/><E103/><V91/><F91/><W61/><G10/><T62/><D62/><U90/><E90/><V54/><F69/><W75/><G9/><T123/><D123/><U66/><E66/><V102/><F102/><W64/><G64/><T120/><D120/><U133/><E133/><V55/><F1/><W94/><G61/><T15/><D15/><RYUUKYOKU ba="0,2" sc="240,15,240,15,250,-15,250,-15" hai0="12,14,44,45,46,52,63,76,77,78,81,85,88" hai1="4,6,16,21,27,51,53,79,83,86" />
</Scene>
<Scene>
<INIT seed="0,1,2,0,3,112" ten="255,255,235,235" oya="0" hai0="10,113,90,57,0,93,45,114,39,69,32,89,74" hai1="19,107,104,101,64,132,41,31,95,53,97,49,86" hai2="60,13,83,103,33,52,119,59,7,110,92,75,81" hai3="3,99,18,76,54,121,125,126,118,62,71,129,63"/><T46/><D69/><U28/><E107/><V58/><F33/><W61/><G3/><T77/><D32/><U22/><E41/><V87/><F110/><W115/><G115/><T9/><D57/><U4/><E4/><V51/><F75/><W12/><G71/><T29/><D29/><U55/><E64/><N who="2" m="38935" /><F119/><W105/><G129/><T100/><D100/><U80/><E104/><V2/><F2/><W43/><G43/><N who="0" m="22783" /><D46/><N who="1" m="27831" /><E55/><V131/><F131/><W34/><G34/><T47/><D47/><U14/><E132/><V116/><F116/><W73/><G118/><T26/><D26/><U67/><E67/><V88/><F103/><W37/><G37/><T23/><D23/><U35/><E35/><V133/><F133/><W91/><G121/><T36/><D9/><AGARI ba="1,2" hai="7,9,13,51,52,59,81,83,87,88,92" m="38935" machi="9" ten="30,3900,0" yaku="8,1,54,2" doraHai="112" who="2" fromWho="0" sc="255,-42,255,0,235,62,235,0" />
</Scene>
<Scene>
<INIT seed="1,0,0,5,0,87" ten="213,255,297,235" oya="1" hai0="42,124,5,57,16,46,13,38,78,8,101,73,63" hai1="59,95,35,64,67,1,94,15,81,115,69,25,90" hai2="119,47,14,93,49,36,123,66,65,68,131,27,91" hai3="58,28,77,121,106,0,56,44,32,29,125,39,2"/><U99/><E1/><V23/><F119/><W113/><G121/><T52/><D124/><U108/><E69/><V6/><F123/><W110/><G113/><T88/><D101/><U33/><E115/><V130/><F36/><W89/><G106/><T55/><D73/><U50/><E108/><V4/><F68/><W102/><G102/><T135/><D78/><U70/><E70/><V11/><F4/><W134/><G77/><T53/><D135/><U20/><E33/><V51/><F130/><W103/><G103/><T120/><D120/><U34/><E34/><V82/><F82/><W9/><G134/><T76/><D76/><U83/><E15/><V117/><F131/><W60/><G9/><T126/><D126/><U45/><E95/><V12/><F12/><W105/><G105/><T86/><D5/><U54/><E35/><V19/><F117/><W127/><G32/><T43/><D43/><U116/><E116/><V7/><F7/><W75/><G75/><T40/><D40/><U18/><REACH who="1" step="1"/><E67/><REACH who="1" ten="213,245,297,235" step="2"/><V84/><REACH who="2" step="1"/><F51/><REACH who="2" ten="213,245,287,235" step="2"/><W30/><G125/><T118/><D118/><U122/><E122/><V61/><F61/><AGARI ba="0,2" hai="18,20,25,45,50,54,59,61,64,81,83,90,94,99" machi="61" ten="40,7700,0" yaku="1,1,8,1,52,1,53,0" doraHai="87" doraHaiUra="128" who="1" fromWho="2" sc="213,0,245,97,287,-77,235,0" />
</Scene>
<Scene>
<INIT seed="1,1,0,4,0,127" ten="213,342,210,235" oya="1" hai0="78,79,92,72,25,86,0,125,123,67,17,21,130" hai1="99,7,131,121,34,133,15,59,85,10,40,16,9" hai2="27,24,76,134,80,70,50,4,68,53,74,114,108" hai3="112,96,69,91,101,89,122,6,20,44,57,32,12"/><U120/><E34/><V65/><F108/><W113/><G69/><T106/><D106/><U119/><E119/><V47/><F134/><W88/><G32/><T87/><D72/><U58/><E133/><V95/><F114/><W42/><G122/><T13/><D0/><U3/><E40/><V97/><F4/><W110/><G110/><T103/><D125/><U102/><E131/><V63/><REACH who="2" step="1"/><F68/><REACH who="2" ten="213,342,200,235" step="2"/><W56/><G112/><T81/><D123/><U37/><E120/><V62/><F62/><W2/><G113/><T109/><D109/><U132/><E121/><V77/><F77/><W30/><G2/><T43/><D79/><U11/><E132/><V55/><F55/><W60/><G60/><T51/><D67/><U64/><E64/><V84/><F84/><W46/><G6/><T38/><D87/><U93/><E85/><V36/><F36/><W48/><G44/><N who="0" m="26015" /><D38/><U105/><E37/><V45/><F45/><W41/><G41/><T23/><D78/><U1/><E1/><V83/><F83/><W90/><N who="3" m="22528" /><DORA hai="98" /><W75/><G75/><T73/><D73/><U66/><E66/><V111/><F111/><W49/><G49/><T82/><D81/><U22/><E3/><V33/><F33/><W31/><G57/><T128/><D82/><U54/><E7/><V117/><F117/><W94/><G56/><T29/><D86/><U39/><E39/><V115/><F115/><W26/><REACH who="3" step="1"/><G12/><REACH who="3" ten="213,342,200,225" step="2"/><T35/><D35/><U28/><E59/><V116/><F116/><W135/><G135/><T18/><D13/><N who="1" m="9487" /><E58/><V104/><F104/><W5/><G5/><RYUUKYOKU ba="1,2" sc="213,-15,342,-15,200,15,225,15" hai2="24,27,47,50,53,63,65,70,74,76,80,95,97" hai3="20,26,30,31,42,46,48,94,96,101" />
</Scene>
<Scene>
<INIT seed="2,2,2,4,5,9" ten="198,327,215,240" oya="2" hai0="106,45,127,78,40,54,121,52,42,107,92,128,1" hai1="22,65,53,38,26,93,66,19,67,15,5,71,118" hai2="51,3,83,24,126,103,20,8,123,18,46,72,96" hai3="70,130,116,125,113,108,102,75,4,94,81,95,124"/><V28/><F123/><W101/><G70/><T134/><D121/><U11/><E118/><V2/><F126/><N who="3" m="48747" /><G4/><T120/><D120/><U36/><E71/><V55/><F72/><W79/><G116/><T117/><D117/><U61/><REACH who="1" step="1"/><E93/><REACH who="1" ten="198,317,215,240" step="2"/><V133/><F133/><W104/><G104/><T27/><D127/><U88/><E88/><V16/><F83/><W105/><G105/><T80/><D134/><U58/><AGARI ba="2,3" hai="5,11,15,19,22,26,36,38,53,58,61,65,66,67" machi="58" ten="30,7900,0" yaku="1,1,0,1,52,1,53,1" doraHai="9" doraHaiUra="17" who="1" fromWho="1" sc="198,-22,317,115,215,-41,240,-22" />
</Scene>
<Scene>
<INIT seed="3,0,0,0,0,112" ten="176,432,174,218" oya="3" hai0="83,94,29,51,4,118,110,103,78,17,133,22,67" hai1="0,129,122,131,111,59,63,76,20,106,52,66,58" hai2="121,93,36,130,53,11,16,89,7,125,109,96,69" hai3="90,65,55,82,95,45,128,134,132,48,72,25,79"/><W61/><G128/><N who="1" m="49226" /><E111/><V86/><F130/><W117/><G25/><T21/><D118/><U100/><E0/><V107/><F36/><W68/><REACH who="3" step="1"/><G117/><REACH who="3" ten="176,432,174,208" step="2"/><T46/><D110/><U57/><E122/><V84/><F109/><W37/><G37/><T3/><D133/><U81/><E66/><V92/><F121/><W135/><G135/><T10/><D67/><U105/><E63/><V99/><F125/><W97/><AGARI ba="0,1" hai="45,48,55,61,65,68,72,79,82,90,95,97,132,134" machi="97" ten="30,6000,0" yaku="1,1,0,1,53,1" doraHai="112" doraHaiUra="49" who="3" fromWho="3" sc="176,-20,432,-20,174,-20,208,70" />
</Scene>
<Scene>
<INIT seed="3,1,0,0,4,131" ten="156,412,154,278" oya="3" hai0="47,86,26,5,121,60,90,80,88,104,6,31,118" hai1="99,127,95,3,57,72,10,107,117,63,89,132,33" hai2="81,2,126,29,65,58,41,87,111,25,98,116,16" hai3="28,119,105,125,78,94,56,44,110,53,27,52,112"/><W83/><G119/><T100/><D121/><U12/><E33/><V134/><F116/><W109/><G105/><T97/><D118/><U30/><E72/><V51/><F2/><W14/><G112/><T103/><D103/><U59/><E3/><V128/><F128/><W61/><G125/><T133/><D133/><U15/><E132/><V11/><F126/><W66/><G14/><T67/><D90/><U49/><E117/><V40/><F111/><N who="3" m="42507" /><G94/><T1/><D47/><U130/><E107/><V114/><F114/><W9/><G9/><T48/><D48/><U102/><E15/><N who="2" m="7295" /><F134/><W43/><G83/><T64/><D1/><U23/><E95/><V8/><F8/><W21/><G78/><T22/><REACH who="0" step="1"/><D64/><REACH who="0" ten="146,412,154,278" step="2"/><U129/><E130/><V35/><F65/><W92/><G92/><T123/><D123/><U7/><E129/><V124/><F51/><AGARI ba="1,1" hai="21,27,28,43,44,51,52,53,56,61,66" m="42507" machi="51" ten="30,5800,0" yaku="14,1,10,1,54,1" doraHai="131" who="3" fromWho="2" sc="146,0,412,0,154,-61,278,71" />
</Scene>
<Scene>
<INIT seed="3,2,0,2,1,56" ten="146,412,93,349" oya="3" hai0="32,130,21,80,79,9,97,6,12,90,66,133,87" hai1="50,102,4,115,126,29,106,95,84,101,49,20,98" hai2="72,11,2,85,38,36,33,65,109,46,43,14,47" hai3="132,76,35,19,92,1,57,18,93,75,107,61,89"/><W45/><G107/><T74/><D32/><U25/><E115/><V125/><F72/><W123/><G123/><T37/><D37/><U63/><E126/><V60/><F33/><W3/><G35/><T26/><D130/><U54/><E4/><V111/><F125/><W96/><G45/><T62/><D133/><U30/><E30/><V22/><F22/><W13/><G132/><T94/><D74/><U134/><E134/><V41/><F85/><W58/><G58/><T24/><REACH who="0" step="1"/><D21/><REACH who="0" ten="136,412,93,349" step="2"/><U135/><E20/><V28/><F28/><W100/><G75/><T17/><D17/><U31/><E29/><V77/><F77/><W44/><G76/><T82/><D82/><U88/><E31/><V55/><F2/><W83/><G83/><T39/><D39/><U103/><E135/><V40/><F40/><W34/><G34/><T48/><D48/><U15/><E50/><V128/><F128/><W116/><G19/><T122/><D122/><U16/><E49/><V5/><REACH who="2" step="1"/><F55/><REACH who="2" ten="136,412,83,349" step="2"/><W129/><G129/><T110/><D110/><U119/><E54/><V7/><F7/><W23/><G3/><T99/><D99/><U86/><E98/><V67/><F67/><W73/><G1/><T78/><D78/><U131/><E131/><V0/><F0/><W105/><G73/><T124/><D124/><U10/><E86/><V59/><AGARI ba="2,2" hai="5,11,14,36,38,41,43,46,47,59,60,65,109,111" machi="59" ten="30,7900,0" yaku="1,1,0,1,9,1,52,1,53,0" doraHai="56" doraHaiUra="113" who="2" fromWho="2" sc="136,-22,412,-22,83,105,349,-41" />
</Scene>
<Scene>
<INIT seed="4,0,0,1,5,116" ten="114,390,188,308" oya="0" hai0="16,103,25,29,107,24,125,41,66,70,6,34,19" hai1="122,48,54,27,134,43,113,127,104,83,133,81,12" hai2="82,89,10,124,71,21,65,46,2,110,0,53,26" hai3="45,36,51,11,56,72,1,67,84,117,69,85,37"/><T75/><D75/><U76/><E122/><V44/><F110/><W90/><G72/><T13/><D125/><U68/><E104/><V62/><F124/><W78/><G69/><T112/><D112/><U61/><E127/><V55/><F82/><W95/><G117/><T106/><D41/><U40/><E83/><V73/><F73/><W111/><G111/><T33/><D6/><U100/><E100/><V97/><F89/><W129/><G129/><T64/><D103/><U123/><E123/><V38/><F97/><W57/><G78/><T39/><D39/><U86/><E12/><V135/><F135/><N who="1" m="51721" /><E27/><V92/><F92/><W118/><G84/><T50/><D50/><U108/><E108/><V130/><F130/><W119/><G37/><T126/><D126/><U8/><E8/><V114/><F38/><W98/><G36/><T77/><D77/><U22/><E22/><V109/><F109/><W88/><G11/><T121/><D121/><U4/><E4/><V52/><F114/><W80/><G1/><T28/><REACH who="0" step="1"/><D13/><REACH who="0" ten="104,390,188,308" step="2"/><U74/><E74/><V23/><F0/><W101/><G101/><T99/><D99/><U128/><E113/><V35/><F2/><W59/><G119/><T96/><D96/><U120/><E120/><V3/><F3/><W87/><G118/><T15/><D15/><U30/><E128/><V14/><F14/><W94/><G98/><T42/><D42/><U63/><E40/><V131/><F131/><W20/><G51/><T105/><D105/><U79/><E43/><V91/><F10/><W49/><G49/><T31/><D31/><RYUUKYOKU ba="0,1" sc="104,30,390,-10,188,-10,308,-10" hai0="16,19,24,25,28,29,33,34,64,66,70,106,107" />
</Scene>
<Scene>
<INIT seed="4,1,1,5,5,56" ten="134,380,178,298" oya="0" hai0="15,8,10,130,5,23,51,43,30,115,88,42,128" hai1="25,119,112,122,94,95,11,31,45,58,135,39,97" hai2="77,63,47,71,44,38,19,1,26,48,116,127,79" hai3="83,13,74,126,89,41,64,46,81,28,21,107,20"/><T61/><D115/><U87/><E122/><V85/><F1/><W35/><G107/><T118/><D118/><U91/><E119/><V54/><F116/><W131/><G35/><T72/><D72/><U22/><E135/><V100/><F127/><W60/><G126/><T99/><D10/><U132/><E132/><V76/><F100/><W3/><G3/><T9/><D9/><U108/><E108/><V16/><F85/><W29/><G131/><N who="0" m="50219" /><D51/><U18/><E112/><V27/><F38/><W6/><G74/><T32/><D32/><U57/><E39/><V37/><F37/><W53/><G21/><T0/><D61/><U120/><E45/><V78/><N who="2" m="19968" /><DORA hai="111" /><V52/><F71/><W103/><G60/><T50/><D50/><U109/><E120/><V90/><F90/><W14/><G6/><T68/><D68/><U70/><E70/><V67/><F67/><W113/><G64/><T96/><D0/><U4/><E109/><V55/><F63/><W134/><G113/><T104/><D104/><U123/><E123/><V66/><F66/><W124/><G124/><T121/><D121/><U125/><E125/><V24/><F47/><W49/><G46/><T92/><D96/><U84/><E97/><V117/><F117/><W73/><G73/><T82/><D82/><U80/><E80/><V2/><F2/><W34/><G83/><T36/><D36/><U133/><E133/><V114/><F114/><W65/><G81/><T62/><D62/><U102/><E11/><V69/><F69/><W33/><G134/><T75/><D75/><U98/><E98/><RYUUKYOKU ba="1,1" sc="134,15,380,-15,178,15,298,-15" hai0="5,8,15,23,30,42,43,88,92,99" hai2="16,19,24,26,27,44,48,52,54,55" />
</Scene>
<Scene>
<INIT seed="4,2,1,0,0,68" ten="149,365,193,283" oya="0" hai0="122,63,104,91,27,50,96,121,40,22,44,1,15" hai1="108,5,130,7,112,61,127,20,92,81,42,21,54" hai2="133,55,125,72,118,76,83,19,109,114,97,66,110" hai3="31,77,94,90,46,100,87,41,98,59,10,28,89"/><T101/><D1/><U115/><E108/><V13/><F114/><N who="1" m="43561" /><E42/><V74/><F74/><W29/><G10/><T120/><D63/><U4/><E130/><V36/><F125/><W111/><G111/><T35/><D35/><U0/><E0/><V60/><F133/><W8/><G8/><T82/><D15/><U45/><E127/><V129/><F129/><W135/><G135/><T95/><D82/><U14/><E14/><V105/><F118/><W52/><G77/><T79/><D79/><U11/><E11/><V37/><F55/><W2/><G2/><T24/><REACH who="0" step="1"/><D22/><REACH who="0" ten="139,365,193,283" step="2"/><U67/><E81/><V64/><F109/><W86/><G86/><AGARI ba="2,2" hai="24,27,40,44,50,86,91,95,96,101,104,120,121,122" machi="86" ten="40,3900,0" yaku="1,1,2,1,53,0" doraHai="68" doraHaiUra="126" who="0" fromWho="3" sc="139,65,365,0,193,0,283,-45" />
</Scene>
<Scene>
<INIT seed="4,3,0,0,0,105" ten="204,365,193,238" oya="0" hai0="110,65,131,53,85,96,20,120,104,6,72,121,109" hai1="134,40,76,125,87,132,94,47,31,83,80,68,79" hai2="28,123,30,118,77,26,107,21,52,122,46,35,45" hai3="71,67,1,101,55,88,7,41,10,25,57,49,70"/><T90/><D65/><U112/><E68/><V113/><F107/><W116/><G116/><T12/><D131/><U69/><E69/><V98/><F118/><W60/><G101/><N who="0" m="62503" /><D53/><U82/><E31/><V119/><F119/><W56/><G41/><T81/><D20/><U37/><E125/><V0/><F0/><W11/><G11/><T91/><D12/><U8/><E8/><V73/><F98/><W2/><G2/><T15/><D15/><U39/><E39/><V115/><F35/><W44/><G71/><T64/><D64/><U114/><E94/><V97/><F97/><W61/><G61/><T99/><D6/><U111/><E111/><N who="0" m="42505" /><D72/><U24/><E24/><V38/><F30/><W78/><G25/><T92/><AGARI ba="3,0" hai="81,85,90,91,92,99,120,121" m="42505,62503" machi="92" ten="30,6000,0" yaku="10,1,34,2" doraHai="105" who="0" fromWho="0" sc="204,69,365,-23,193,-23,238,-23" />
</Scene>
<Scene>
<INIT seed="4,4,0,5,2,62" ten="273,342,170,215" oya="0" hai0="63,73,79,96,27,108,25,13,52,103,130,65,12" hai1="134,78,86,87,106,85,57,77,32,129,37,84,132" hai2="22,93,4,29,49,56,127,59,107,124,67,7,30" hai3="2,122,97,105,100,64,26,0,70,45,1,54,74"/><T95/><D130/><U114/><E32/><V76/><F107/><W71/><G74/><T10/><D108/><U14/><E37/><V42/><F76/><W118/><G118/><T48/><D79/><N who="1" m="30219" /><E129/><V38/><F38/><W98/><G98/><T109/><D73/><U31/><E31/><N who="2" m="11787" /><F22/><W5/><G26/><T3/><D3/><U115/><E106/><V133/><F133/><N who="1" m="51305" /><E14/><V18/><F18/><W11/><G122/><T51/><D13/><U116/><E116/><V41/><F93/><W72/><G72/><T88/><D103/><U21/><E21/><V9/><F49/><W40/><G54/><T81/><D51/><U120/><E120/><V94/><F94/><W19/><G19/><N who="0" m="8599" /><D81/><U28/><E28/><V110/><F110/><W46/><G46/><N who="0" m="27671" /><D109/><U39/><E39/><V80/><F80/><W44/><G44/><T66/><D63/><U82/><E57/><V117/><F56/><W128/><G128/><T20/><D25/><U53/><E53/><V90/><F117/><W33/><G33/><T24/><D24/><U119/><E119/><V92/><F9/><W111/><G111/><T15/><D27/><U121/><E121/><V34/><F34/><W36/><G71/><T83/><D83/><U35/><E35/><V101/><F4/><W99/><G99/><T113/><D113/><U60/><E60/><AGARI ba="4,0" hai="0,1,2,5,11,36,40,45,60,64,70,97,100,105" machi="60" ten="40,8000,1" yaku="33,3,52,1" doraHai="62" who="3" fromWho="1" sc="273,0,342,-92,170,0,215,92" />
</Scene>
<Scene>
<INIT seed="5,0,0,4,5,92" ten="273,250,170,307" oya="1" hai0="45,99,96,95,2,132,122,7,133,15,31,125,33" hai1="116,113,44,110,135,79,23,24,101,57,84,13,12" hai2="36,100,16,104,106,91,70,134,130,6,69,123,87" hai3="27,74,1,117,111,19,25,52,48,103,5,65,50"/><U8/><E116/><V97/><F123/><W41/><G111/><T26/><D125/><U119/><E110/><V0/><F36/><W68/><G74/><T22/><D122/><U11/><E119/><V4/><F106/><W59/><G1/><T115/><D115/><U98/><E113/><V78/><F78/><W120/><G5/><T14/><D45/><U126/><E126/><V118/><F118/><W88/><G103/><T114/><D114/><U40/><E57/><V17/><F134/><N who="0" m="51818" /><D95/><N who="1" m="58591" /><E44/><V129/><F70/><W66/><G68/><T124/><D124/><U89/><E79/><V80/><F69/><W39/><G39/><T63/><D63/><U72/><E40/><V108/><F108/><W107/><G107/><T34/><D2/><U112/><E72/><V75/><F75/><W61/><G41/><T127/><D127/><U83/><E112/><V32/><F32/><N who="0" m="12394" /><D14/><N who="1" m="5739" /><E135/><V21/><F17/><AGARI ba="0,0" hai="8,11,17,23,24,83,84,89" m="5739,58591" machi="17" ten="30,2900,0" yaku="8,1,52,1" doraHai="92" who="1" fromWho="2" sc="273,0,250,29,170,-29,307,0" />
</Scene>
<Scene>
<INIT seed="5,1,0,2,1,11" ten="273,279,141,307" oya="1" hai0="43,63,83,121,80,60,46,74,110,39,120,109,65" hai1="85,66,52,84,132,90,101,91,77,111,15,107,27" hai2="92,122,25,113,125,94,104,28,116,8,98,61,36" hai3="20,81,86,45,40,18,127,129,75,95,35,1,128"/><U57/><E107/><V126/><F116/><W76/><G35/><T102/><D102/><U17/><E101/><N who="2" m="62519" /><F122/><N who="0" m="47210" /><D63/><U54/><E77/><V3/><F36/><W47/><G1/><T131/><D131/><N who="3" m="50249" /><G127/><N who="2" m="48649" /><F61/><W119/><G119/><T100/><D100/><U73/><E73/><V87/><F87/><W7/><G7/><T62/><D62/><N who="1" m="38223" /><E27/><V53/><F53/><W37/><G47/><T114/><D114/><U34/><E132/><V44/><F44/><W16/><G20/><T96/><D96/><U51/><E34/><N who="2" m="20751" /><F113/><W42/><G42/><T118/><D118/><U103/><E111/><N who="0" m="42505" /><D74/><U2/><E103/><V70/><F70/><AGARI ba="1,0" hai="39,43,46,60,65,70,80,83" m="42505,47210" machi="70" ten="30,1000,0" yaku="13,1" doraHai="11" who="0" fromWho="2" sc="273,13,279,0,141,-13,307,0" />
</Scene>
<Scene>
<INIT seed="6,0,0,0,4,112" ten="286,279,128,307" oya="2" hai0="16,118,108,37,15,130,123,41,75,114,18,11,48" hai1="105,58,83,124,27,50,69,106,132,8,14,77,95" hai2="129,46,3,7,110,39,109,28,88,89,87,20,29" hai3="45,55,113,86,64,125,104,116,80,51,25,107,52"/><V60/><F129/><W78/><G116/><T92/><D108/><N who="2" m="41578" /><F3/><W12/><G64/><T76/><D123/><U99/><E69/><V70/><F7/><W67/><G67/><T30/><D37/><U117/><E105/><V119/><F119/><W131/><G131/><T97/><D118/><U44/><E106/><V35/><F35/><W63/><G25/><T90/><D130/><U103/><E124/><V10/><F10/><W9/><G125/><T24/><D114/><U17/><E132/><V42/><F70/><W31/><G31/><N who="2" m="11849" /><F60/><W26/><G113/><T81/><D48/><U115/><E117/><V127/><F127/><W134/><G134/><T93/><D41/><U98/><E115/><V100/><F100/><W74/><G63/><T53/><D53/><U128/><E128/><V102/><F102/><W96/><G55/><T68/><D68/><U85/><E8/><V34/><F34/><W61/><G61/><T111/><D111/><U126/><E126/><V32/><F32/><W133/><G9/><T71/><D71/><U122/><E122/><V40/><F40/><W66/><G133/><T49/><D49/><U2/><E2/><V22/><F89/><W5/><G51/><T6/><D6/><U72/><E58/><V36/><F39/><W13/><G5/><T21/><D30/><U59/><E59/><V94/><AGARI ba="0,0" hai="20,22,36,42,46,87,88,94" m="11849,41578" machi="94" ten="30,3000,0" yaku="10,1,54,1" doraHai="112" who="2" fromWho="2" sc="286,-10,279,-10,128,30,307,-10" />
</Scene>
<Scene>
<INIT seed="6,1,0,4,4,80" ten="276,269,158,297" oya="2" hai0="102,3,88,94,16,117,15,21,28,128,74,115,86" hai1="45,66,44,130,78,0,23,49,108,98,14,52,47" hai2="10,118,38,62,30,90,41,70,35,111,55,95,127" hai3="110,18,56,40,26,60,22,50,57,129,65,103,32"/><V71/><F118/><W6/><G6/><T46/><D117/><U13/><E0/><V42/><F127/><W29/><G110/><T82/><D115/><U109/><E130/><V112/><F112/><W53/><G129/><T19/><D3/><U12/><E66/><V69/><F111/><W2/><G2/><T120/><D120/><U126/><E126/><V92/><F10/><W54/><G103/><T133/><D133/><U124/><E124/><V113/><F113/><W58/><G40/><T106/><D28/><U7/><E7/><V59/><F38/><W27/><REACH who="3" step="1"/><G54/><REACH who="3" ten="276,269,158,287" step="2"/><T87/><D102/><U96/><E108/><V9/><F9/><W107/><G107/><T116/><D106/><U34/><E109/><V43/><REACH who="2" step="1"/><F90/><REACH who="2" ten="276,269,148,287" step="2"/><W75/><G75/><T104/><D74/><U63/><E78/><V68/><N who="2" m="17920" /><DORA hai="73" /><V99/><F99/><W17/><G17/><T33/><D19/><U48/><E96/><V93/><F93/><W121/><G121/><T81/><D94/><U36/><E98/><V85/><F85/><W89/><G89/><T76/><D116/><U37/><E36/><V11/><F11/><W97/><G97/><T91/><D91/><U84/><E37/><V51/><F51/><W79/><G79/><T132/><D76/><U100/><E84/><V77/><F77/><W131/><G131/><T101/><D128/><U123/><E49/><V1/><F1/><W134/><G134/><T61/><D132/><U119/><E48/><V67/><F67/><W8/><G8/><T114/><D87/><U4/><E119/><V24/><AGARI ba="1,2" hai="24,30,35,41,42,43,55,59,62,92,95" m="17920" machi="24" ten="60,11700,0" yaku="1,1,5,1,0,1,53,0" doraHai="80,73" doraHaiUra="122,5" who="2" fromWho="2" sc="276,-40,269,-40,148,140,287,-40" />
</Scene>
<Scene>
<INIT seed="6,2,0,4,2,65" ten="236,229,288,247" oya="2" hai0="75,70,48,85,27,59,127,66,58,78,94,31,125" hai1="79,56,39,51,55,19,4,126,132,33,92,23,93" hai2="3,100,60,45,54,36,76,106,119,99,73,91,25" hai3="22,86,77,64,71,128,17,47,82,135,32,130,13"/><V109/><F119/><W89/><G135/><T1/><D1/><U44/><E33/><V67/><F3/><W52/><G32/><N who="0" m="20607" /><D75/><U90/><E126/><N who="0" m="48137" /><D48/><U8/><E79/><V29/><F109/><W84/><G64/><T69/><D94/><U80/><E132/><V102/><F102/><W9/><G22/><T11/><D11/><U21/><E21/><V124/><F124/><W38/><G38/><T63/><D58/><U37/><E80/><AGARI ba="2,0" hai="59,63,66,69,70,78,80,85" m="48137,20607" machi="80" ten="30,3900,0" yaku="18,1,52,2" doraHai="65" who="0" fromWho="1" sc="236,45,229,-45,288,0,247,0" />
</Scene>
<Scene>
<INIT seed="7,0,0,4,3,57" ten="281,184,288,247" oya="3" hai0="106,105,112,19,17,40,44,71,69,14,66,76,104" hai1="126,119,74,7,100,42,16,115,125,41,110,65,120" hai2="133,25,24,113,22,52,34,88,27,15,28,30,103" hai3="114,122,51,8,70,72,93,6,135,9,124,56,2"/><W38/><G70/><T127/><D76/><U89/><E115/><V11/><F103/><W123/><G38/><T67/><D112/><U53/><E110/><V77/><F113/><W37/><G37/><T118/><D118/><U61/><E120/><V36/><F36/><W54/><G114/><T84/><D84/><U101/><E7/><N who="2" m="3583" /><F34/><W128/><G72/><T134/><D66/><U50/><E74/><V64/><F64/><W49/><G124/><N who="1" m="47722" /><E119/><V91/><F133/><W130/><G135/><T26/><D127/><U20/><E89/><N who="2" m="34379" /><F77/><W3/><G93/><T39/><D104/><U55/><E100/><V81/><F81/><W29/><G29/><N who="2" m="11369" /><F52/><N who="1" m="20041" /><E101/><V102/><F102/><W85/><G123/><T131/><D134/><U108/><E108/><V75/><F75/><W1/><G122/><T121/><D121/><U86/><E86/><V12/><F12/><W47/><G85/><T58/><D106/><U132/><E132/><V13/><F13/><W80/><G80/><T43/><D14/><N who="1" m="9239" /><E50/><V111/><F111/><W99/><G99/><T87/><D87/><U48/><E48/><V18/><AGARI ba="0,0" hai="18,22,24,25,27" m="11369,34379,3583" machi="18" ten="30,2000,0" yaku="8,1,54,1" doraHai="57" who="2" fromWho="2" sc="281,-5,184,-5,288,20,247,-10" owari="276,8.0,179,-32.0,308,40.0,237,-16.0" />
</Scene>
</mjloggm>