<mjloggm ver="2.3"><GO type="169" lobby="0"/><UN n0="%73%65%69%6C" n1="%E2%98%86%EF%BC%B2%EF%BC%8E%EF%BC%A4%EF%BC%8E%E2%98%85" n2="%E2%80%A0%73%74%72%61%77%E2%80%A0" n3="%E5%A4%AA%E3%81%8F%E3%81%AA%E3%81%84%E3%81%8A" dan="16,16,16,18" rate="2116.41,2139.64,2138.84,2252.12" sx="M,M,M,F"/><TAIKYOKU oya="0"/>

<Scene>
<INIT seed="0,0,0,3,4,112" ten="250,250,250,250" oya="0" hai0="45,56,2,83,60,72,34,113,30,82,76,110,101" hai1="103,128,74,57,22,20,25,73,75,99,24,131,95" hai2="11,85,87,108,125,51,58,109,117,134,121,129,46" hai3="68,77,39,23,135,81,40,126,49,59,122,41,53"/><T116/><D113/><U105/><E57/><V9/><F121/><W111/><G68/><T133/><D2/><U115/><E115/><V8/><F125/><W91/><G126/><T130/><D130/><N who="1" m="49707" /><E105/><V97/><F134/><W93/><G135/><T119/><D133/><U100/><E100/><V27/><F129/><W21/><G111/><N who="2" m="42569" /><F58/><W92/><G122/><T10/><D110/><U33/><E33/><V29/><F97/><W4/><G4/><T124/><D101/><U90/><E103/><V79/><F79/><W7/><G7/><T98/><D98/><U88/><E90/><V86/><F117/><W19/><G39/><T50/><D82/><U26/><AGARI ba="0,0" hai="20,22,24,25,26,73,74,75,88,95,99" m="49707" machi="26" ten="40,2700,0" yaku="19,1,54,1" doraHai="112" who="1" fromWho="1" sc="250,-13,250,27,250,-7,250,-7" />
</Scene>
<Scene>
<INIT seed="1,0,0,5,3,0" ten="237,277,243,243" oya="1" hai0="103,97,119,109,135,14,36,134,49,19,13,45,24" hai1="116,40,52,93,80,37,122,18,4,3,90,26,56" hai2="91,32,85,54,77,44,88,98,81,112,12,87,76" hai3="20,55,38,118,125,104,43,72,8,133,73,102,71"/><U67/><E116/><V46/><F32/><W28/><G71/><T17/><D119/><U75/><E122/><V21/><F112/><W83/><G118/><T16/><D36/><U79/><E67/><V27/><F12/><W108/><G43/><N who="0" m="24767" /><D24/><U69/><E69/><V126/><F98/><W130/><G38/><T107/><D109/><U92/><E37/><V65/><F65/><W48/><G108/><T5/><D5/><U70/><E40/><V30/><F126/><W123/><G123/><T78/><D78/><N who="2" m="30314" /><F54/><W127/><G55/><T2/><D2/><U128/><E70/><V31/><F31/><W131/><G28/><T1/><D1/><U74/><E74/><V113/><F113/><W124/><G72/><T10/><D10/><U11/><E128/><N who="3" m="49194" /><G8/><T22/><D22/><U94/><E26/><V106/><F106/><W129/><G20/><T110/><D110/><U62/><REACH who="1" step="1"/><E90/><REACH who="1" ten="237,267,243,243" step="2"/><V105/><F91/><W51/><G129/><T100/><D100/><U66/><E66/><V23/><F88/><W59/><G102/><T7/><D103/><U42/><E42/><V82/><F27/><W120/><G120/><T25/><D25/><U99/><E99/><V39/><F87/><W47/><G73/><T96/><D97/><U114/><E114/><V33/><F85/><W121/><G121/><T89/><D89/><U61/><E61/><V9/><F33/><W115/><G115/><T95/><D96/><U60/><E60/><V58/><F39/><W84/><G125/><T63/><D63/><U41/><E41/><V64/><F64/><W132/><G124/><RYUUKYOKU ba="0,1" sc="237,-10,267,30,243,-10,243,-10" hai1="3,4,11,18,52,56,62,75,79,80,92,93,94" />
</Scene>
<Scene>
<INIT seed="1,1,1,1,4,88" ten="227,297,233,233" oya="1" hai0="81,90,40,48,17,37,43,16,119,54,105,93,23" hai1="10,44,83,50,6,14,113,82,19,45,120,57,115" hai2="52,18,95,1,111,121,86,135,123,41,27,39,85" hai3="46,124,65,101,70,103,63,128,132,104,11,89,68"/><U3/><E120/><V134/><F111/><W7/><G128/><T9/><D105/><U114/><E57/><V96/><F1/><W118/><G124/><T59/><D119/><U0/><E45/><V34/><F39/><W26/><G118/><T130/><D130/><U116/><E116/><V12/><F41/><W8/><G132/><N who="2" m="50729" /><F34/><W131/><G131/><T69/><D69/><U73/><E73/><V107/><F27/><W30/><G70/><T84/><D37/><U53/><REACH who="1" step="1"/><E0/><REACH who="1" ten="227,287,233,233" step="2"/><V127/><F121/><W129/><G46/><T87/><D43/><U100/><E100/><V125/><F123/><W33/><G129/><T13/><D40/><U109/><E109/><V29/><F125/><W67/><G103/><T51/><D51/><U22/><AGARI ba="1,2" hai="3,6,10,14,19,22,44,50,53,82,83,113,114,115" machi="22" ten="30,3000,0" yaku="1,1,0,1,53,0" doraHai="88" doraHaiUra="71" who="1" fromWho="1" sc="227,-11,287,53,233,-11,233,-11" />
</Scene>
<Scene>
<INIT seed="1,2,0,2,3,120" ten="216,340,222,222" oya="1" hai0="91,41,83,35,77,99,38,84,25,133,113,37,130" hai1="134,56,61,127,108,80,101,23,98,132,50,67,79" hai2="131,70,59,24,58,47,74,107,105,16,60,53,82" hai3="95,29,22,27,81,54,52,43,111,19,128,109,8"/><U126/><E23/><V125/><F70/><W76/><G128/><T129/><D113/><U21/><E21/><V106/><F131/><N who="0" m="50186" /><D133/><N who="1" m="51307" /><E50/><V62/><F125/><N who="1" m="47625" /><E108/><N who="3" m="41546" /><G95/><N who="0" m="56831" /><D41/><U118/><E118/><V102/><F47/><W10/><G43/><T122/><D122/><U57/><E57/><V40/><F40/><W2/><G19/><T135/><D135/><U78/><E80/><V15/><F24/><W124/><G124/><T49/><D49/><U32/><E32/><V55/><F102/><W119/><G119/><T13/><D13/><U121/><E121/><V90/><F90/><W116/><G116/><T115/><D115/><U44/><E44/><V92/><F92/><AGARI ba="2,0" hai="56,61,67,78,79,92,98,101" m="47625,51307" machi="92" ten="30,2900,0" yaku="20,1,18,1" doraHai="120" who="1" fromWho="2" sc="216,0,340,35,222,-35,222,0" />
</Scene>
<Scene>
<INIT seed="1,3,0,1,2,61" ten="216,375,187,222" oya="1" hai0="114,123,95,132,22,127,50,129,77,74,52,89,49" hai1="88,102,131,37,60,13,62,10,54,120,25,113,68" hai2="121,78,64,135,28,92,16,8,104,103,98,69,70" hai3="27,130,72,45,71,117,32,31,82,46,94,12,2"/><U111/><E113/><V125/><F121/><W134/><G2/><T105/><D114/><U6/><E120/><V128/><F125/><W99/><G71/><T48/><D123/><U44/><E131/><V115/><F128/><W124/><G130/><T41/><D129/><U4/><E102/><V79/><F135/><W84/><G72/><T81/><D127/><U21/><E111/><V59/><F115/><W51/><G124/><T34/><D34/><U76/><E76/><V35/><F92/><W108/><G108/><T122/><D122/><U29/><E88/><V18/><F59/><W20/><G134/><T63/><D105/><U133/><E133/><V91/><F91/><N who="3" m="51607" /><G32/><T107/><D107/><U56/><E4/><V80/><F8/><W67/><G117/><T57/><D132/><U39/><REACH who="1" step="1"/><E44/><REACH who="1" ten="216,365,187,222" step="2"/><V86/><F79/><W126/><G46/><T85/><D77/><U17/><E17/><V83/><F83/><W90/><G126/><T112/><D112/><U0/><E0/><V3/><F3/><W73/><G45/><T30/><D81/><U43/><E43/><V96/><F96/><W55/><G99/><T15/><D74/><U9/><E9/><V42/><F42/><W1/><G73/><T116/><D41/><U14/><E14/><V11/><F11/><W119/><G12/><T75/><D75/><U38/><E38/><V5/><F5/><W93/><G1/><T33/><D15/><U110/><E110/><V101/><F101/><W65/><G90/><T118/><D89/><U66/><AGARI ba="3,1" hai="6,10,13,21,25,29,37,39,54,56,60,62,66,68" machi="66" ten="30,6000,0" yaku="1,1,0,1,52,1,53,0" doraHai="61" doraHaiUra="100" who="1" fromWho="1" sc="216,-23,365,79,187,-23,222,-23" />
</Scene>
<Scene>
<INIT seed="1,4,0,5,4,125" ten="193,444,164,199" oya="1" hai0="95,52,48,71,12,7,24,70,73,104,41,5,40" hai1="81,131,110,64,93,133,88,76,55,107,78,46,31" hai2="16,17,23,113,13,109,34,49,132,99,106,74,68" hai3="65,129,122,97,59,0,25,42,38,94,80,61,33"/><U32/><E107/><V37/><F37/><W63/><G122/><T75/><D104/><U54/><E133/><V14/><F34/><W130/><G0/><T96/><D24/><U22/><E32/><V126/><F74/><W112/><G112/><T56/><D75/><U26/><E110/><V39/><F39/><W43/><G80/><T8/><D73/><U60/><E81/><V101/><F68/><W36/><G36/><T114/><D114/><U108/><E108/><V4/><F113/><W89/><G63/><T91/><REACH who="0" step="1"/><D7/><REACH who="0" ten="183,444,164,199" step="2"/><U128/><E26/><V86/><F4/><W105/><G105/><T116/><D116/><U118/><E118/><V66/><F109/><W6/><G6/><T103/><D103/><U44/><E31/><V115/><F115/><W53/><G25/><T123/><D123/><U119/><E119/><V121/><F126/><W57/><G33/><T67/><D67/><U72/><E64/><V69/><F121/><W50/><REACH who="3" step="1"/><G38/><REACH who="3" ten="183,444,164,189" step="2"/><T111/><D111/><U82/><E72/><V10/><F132/><W62/><G62/><T9/><D9/><U51/><E60/><N who="2" m="40135" /><F49/><W15/><G15/><T98/><D98/><U77/><E51/><V90/><F86/><W124/><G124/><T87/><D87/><U30/><E22/><V58/><F14/><W35/><G35/><T3/><D3/><U134/><E134/><V11/><F11/><W79/><G79/><T85/><D85/><N who="1" m="50231" /><E77/><V1/><F13/><W27/><G27/><T127/><D127/><U19/><E76/><V28/><F1/><W83/><G83/><T100/><D100/><RYUUKYOKU ba="4,2" sc="183,15,444,-15,164,-15,189,15" hai0="5,8,12,40,41,48,52,56,70,71,91,95,96" hai3="42,43,50,53,57,59,61,65,89,94,97,129,130" />
</Scene>
<Scene>
<INIT seed="2,5,2,1,2,88" ten="198,429,149,204" oya="2" hai0="12,20,59,60,57,11,45,62,15,121,18,106,124" hai1="135,115,53,78,49,69,55,113,16,27,93,35,112" hai2="103,110,97,94,56,87,131,24,65,120,23,77,30" hai3="43,19,123,17,47,37,7,133,33,104,116,129,75"/><V22/><F120/><W119/><G123/><T61/><D124/><U13/><E135/><V125/><F125/><W89/><G75/><T39/><D121/><U91/><E69/><V130/><F110/><W84/><G104/><T128/><D106/><U50/><E78/><V101/><F22/><W80/><G33/><T64/><D128/><U1/><E1/><V66/><F101/><W6/><G129/><N who="2" m="49161" /><F56/><W99/><G133/><T46/><D39/><U28/><E49/><V74/><F74/><W63/><G99/><T83/><D83/><AGARI ba="5,2" hai="23,24,30,65,66,77,83,87,94,97,103" m="49161" machi="83" ten="30,2900,0" yaku="19,1,52,1" doraHai="88" who="2" fromWho="0" sc="198,-44,429,0,149,64,204,0" />
</Scene>
<Scene>
<INIT seed="2,6,0,2,2,99" ten="154,429,213,204" oya="2" hai0="51,7,11,92,2,111,100,39,96,60,106,33,105" hai1="76,61,131,46,9,85,77,37,102,120,135,16,115" hai2="54,89,127,112,132,8,47,83,116,41,53,113,117" hai3="12,4,18,64,49,65,121,36,20,27,130,5,114"/><V78/><F89/><W81/><G36/><T69/><D39/><U55/><E115/><V62/><F8/><W104/><G121/><T91/><D111/><U23/><E120/><V43/><F83/><W118/><G118/><N who="2" m="45673" /><F78/><W88/><G104/><T122/><D122/><U134/><E131/><V42/><F127/><W32/><G130/><T73/><D33/><U38/><E9/><V40/><F132/><W124/><G124/><T59/><D73/><U28/><E28/><V24/><F24/><W95/><G114/><N who="2" m="44137" /><F62/><W52/><G81/><T25/><D25/><U94/><E61/><V103/><F103/><W26/><G26/><T128/><D128/><U30/><E30/><V109/><F109/><W17/><G32/><T0/><D0/><U68/><E102/><V67/><F67/><N who="3" m="25675" /><G18/><T119/><D119/><U19/><E16/><V93/><F93/><W125/><G27/><T70/><D106/><U63/><E94/><V129/><F129/><W15/><G15/><T29/><D29/><U58/><E76/><V101/><F101/><W31/><G125/><T133/><D133/><U35/><E35/><V45/><N who="2" m="10240" /><DORA hai="6" /><V87/><F87/><N who="3" m="52639" /><G31/><T98/><REACH who="0" step="1"/><D60/><REACH who="0" ten="144,429,213,204" step="2"/><U48/><E63/><V84/><F84/><W1/><G1/><T50/><D50/><U21/><E48/><V108/><F108/><W79/><G79/><T3/><D3/><U123/><E85/><V10/><F10/><W71/><G49/><T22/><D22/><U107/><E21/><V72/><F72/><W57/><G20/><T110/><D110/><U66/><E23/><V82/><F82/><RYUUKYOKU ba="6,1" sc="144,15,429,-15,213,15,204,-15" hai0="2,7,11,51,59,69,70,91,92,96,98,100,105" hai2="45,47,53,54" />
</Scene>
<Scene>
<INIT seed="2,7,1,1,2,92" ten="159,414,228,189" oya="2" hai0="58,35,70,69,121,117,10,74,124,64,88,42,48" hai1="27,25,107,39,65,134,111,66,44,87,91,33,45" hai2="122,94,78,128,97,89,100,81,132,125,40,82,104" hai3="131,36,4,6,52,43,72,110,76,26,85,115,0"/><V55/><F55/><W102/><G72/><T73/><D121/><U56/><E111/><V11/><F40/><W2/><G110/><T67/><D35/><U133/><E107/><V127/><F11/><W23/><G131/><T77/><D77/><U101/><E101/><V14/><F14/><W54/><G115/><T109/><D109/><U28/><E25/><V49/><F49/><W61/><G102/><T90/><D10/><U96/><E96/><N who="2" m="61447" /><F122/><W1/><G43/><T123/><D123/><U80/><E39/><V113/><F113/><W30/><G36/><T60/><D42/><U13/><E13/><V108/><F108/><W16/><G30/><T18/><D18/><U105/><E105/><V7/><F7/><W15/><G15/><T24/><D24/><U83/><E56/><V118/><F118/><W37/><G37/><T32/><D32/><U41/><E41/><V99/><F128/><W31/><G31/><T126/><D58/><U9/><E9/><V38/><F38/><W114/><G114/><T12/><D12/><U86/><E65/><V51/><F51/><W93/><G61/><T63/><REACH who="0" step="1"/><D48/><REACH who="0" ten="149,414,228,189" step="2"/><U79/><E44/><V22/><F78/><W21/><G76/><T46/><D46/><U116/><E45/><V19/><F127/><W53/><REACH who="3" step="1"/><G23/><REACH who="3" ten="149,414,228,179" step="2"/><T135/><D135/><U71/><E134/><V130/><F132/><W112/><G112/><T75/><D75/><U50/><E133/><V47/><F22/><W59/><G59/><T68/><D68/><U8/><E71/><V57/><F130/><W120/><G120/><T3/><D3/><RYUUKYOKU ba="7,3" sc="149,15,414,-15,228,-15,179,15" hai0="60,63,64,67,69,70,73,74,88,90,117,124,126" hai3="0,1,2,4,6,16,21,26,52,53,54,85,93" />
</Scene>
<Scene>
<INIT seed="3,8,3,2,5,94" ten="164,399,213,194" oya="3" hai0="103,50,40,24,101,87,51,43,42,30,9,122,117" hai1="131,93,60,1,85,27,63,48,33,95,121,135,38" hai2="22,91,104,66,127,6,112,37,59,70,47,113,13" hai3="49,16,35,18,57,114,69,11,106,56,31,97,3"/><W92/><G106/><T100/><D117/><U116/><E121/><V64/><F104/><W7/><G69/><T89/><D122/><U102/><E38/><V23/><F70/><W130/><G114/><T78/><D9/><U54/><E1/><V68/><F68/><W32/><G130/><T15/><D15/><U108/><E108/><V73/><F73/><W120/><G120/><T71/><D71/><U132/><E131/><V133/><F37/><W80/><G80/><T134/><D78/><U96/><E116/><V88/><F47/><W34/><G31/><T67/><D67/><U124/><E124/><V65/><F127/><W76/><G76/><T5/><D5/><U4/><E4/><V82/><F133/><N who="1" m="51273" /><E27/><V123/><F123/><W105/><G105/><T109/><D109/><U21/><E21/><N who="2" m="7691" /><F113/><W129/><G129/><T126/><D126/><U53/><E33/><V44/><F112/><W115/><G115/><T75/><D75/><U90/><E53/><V86/><F44/><AGARI ba="8,3" hai="44,48,54,60,63,85,90,93,95,96,102" m="51273" machi="44" ten="30,2000,0" yaku="20,1,52,1" doraHai="94" who="1" fromWho="2" sc="164,0,399,74,213,-44,194,0" />
</Scene>
<Scene>
<INIT seed="4,0,0,2,5,109" ten="164,473,169,194" oya="0" hai0="48,65,22,39,9,3,61,83,37,41,90,16,21" hai1="30,124,70,135,78,77,128,1,33,106,57,126,18" hai2="2,84,51,25,72,112,108,74,133,26,88,43,118" hai3="13,50,54,46,91,105,125,64,10,56,123,45,28"/><T130/><D130/><U97/><E18/><V5/><F108/><W120/><G105/><T63/><D37/><U36/><E57/><V19/><F133/><W0/><G0/><T93/><D39/><U8/><E135/><V44/><F118/><W11/><G125/><T20/><D83/><U94/><E128/><V55/><F112/><W6/><G28/><T35/><D35/><U116/><E116/><V75/><F19/><N who="3" m="8631" /><G91/><T38/><D38/><U32/><E70/><V115/><F115/><W119/><G64/><T49/><D41/><U85/><E36/><V114/><F114/><W89/><G89/><T62/><D65/><U23/><E32/><V102/><F102/><W60/><G60/><T52/><D52/><U101/><E33/><V98/><F98/><W17/><G17/><T47/><D47/><U127/><E106/><V92/><REACH who="2" step="1"/><F43/><REACH who="2" ten="164,473,159,194" step="2"/><W134/><G134/><T58/><D58/><U53/><E97/><V122/><F122/><N who="3" m="46635" /><G119/><T104/><D104/><U99/><E99/><V95/><F95/><W87/><G87/><T82/><D93/><U34/><E85/><V31/><F31/><W121/><G121/><T86/><REACH who="0" step="1"/><D16/><REACH who="0" ten="154,473,159,194" step="2"/><U15/><E94/><V131/><F131/><W66/><G66/><T27/><D27/><U29/><E126/><V42/><F42/><W67/><G67/><T68/><D68/><U59/><E124/><V111/><F111/><W81/><G81/><T129/><D129/><U80/><E80/><V4/><F4/><AGARI ba="0,2" hai="3,4,9,20,21,22,48,49,61,62,63,82,86,90" machi="4" ten="40,2000,0" yaku="1,1,53,0" doraHai="109" doraHaiUra="107" who="0" fromWho="2" sc="154,40,473,0,159,-20,194,0" />
</Scene>
<Scene>
<INIT seed="4,1,0,2,1,84" ten="194,473,139,194" oya="0" hai0="27,10,85,76,48,86,58,37,87,5,104,34,54" hai1="89,0,131,41,118,53,123,49,96,119,56,51,55" hai2="69,115,3,28,92,90,113,111,20,14,60,17,6" hai3="61,80,83,120,29,68,91,4,59,62,19,50,18"/><T112/><D37/><U25/><E0/><V124/><F111/><W7/><G120/><T102/><D112/><N who="2" m="43082" /><F90/><W108/><G108/><T33/><D76/><U42/><E25/><N who="2" m="16423" /><F92/><W100/><G29/><T126/><D126/><U117/><E96/><V26/><F69/><W13/><G100/><T88/><D27/><U98/><E98/><V82/><F60/><W122/><G122/><T130/><D130/><U93/><E93/><V36/><F82/><W70/><G50/><T75/><D75/><U101/><E89/><V116/><F36/><W16/><G91/><T103/><D104/><U8/><E8/><N who="2" m="2143" /><F124/><W52/><G68/><T57/><D57/><N who="1" m="32943" /><E101/><V40/><F40/><N who="1" m="15465" /><E123/><V45/><F45/><W35/><G80/><N who="0" m="49191" /><D103/><U23/><E131/><V31/><F116/><W99/><G83/><T67/><D102/><U114/><E118/><V11/><F26/><W95/><G95/><T44/><D87/><U12/><E119/><V81/><F81/><W15/><G99/><T2/><D86/><U73/><E56/><V21/><F31/><W71/><G71/><T1/><D58/><U46/><E73/><V38/><F38/><W106/><G106/><T121/><D121/><U22/><E117/><V63/><F63/><W72/><G72/><T74/><D74/><U32/><E46/><V127/><F127/><W30/><G70/><T97/><D97/><U47/><E47/><V24/><F24/><N who="3" m="18887" /><G62/><T135/><D67/><U66/><E66/><V77/><F77/><W43/><G43/><T134/><D2/><U107/><E107/><V39/><F39/><W94/><G94/><RYUUKYOKU ba="1,0" sc="194,10,473,-30,139,10,194,10" hai0="1,5,10,33,34,44,48,54,134,135" hai2="11,14,17,21" hai3="4,7,13,15,16,18,19,52,59,61" />
</Scene>
<Scene>
<INIT seed="4,2,0,3,2,33" ten="204,443,149,204" oya="0" hai0="96,43,107,53,76,47,68,62,132,114,39,29,30" hai1="3,41,14,26,93,116,94,22,81,37,88,92,124" hai2="115,74,125,21,127,5,111,42,38,119,1,45,71" hai3="103,83,19,135,108,36,54,99,118,84,57,129,60"/><T85/><D114/><U4/><E116/><V15/><F111/><W73/><G108/><T134/><D76/><U91/><E3/><V49/><F115/><W34/><G118/><T2/><D2/><U89/><E124/><N who="2" m="47691" /><F119/><W69/><G34/><T6/><D6/><U123/><E123/><V28/><F71/><W95/><G36/><T52/><D85/><N who="1" m="50223" /><E41/><V25/><F74/><W78/><G135/><N who="0" m="51755" /><D68/><U13/><E37/><V90/><F90/><N who="1" m="34313" /><E4/><V58/><F58/><W98/><G129/><T46/><D46/><U101/><E101/><V121/><F15/><W72/><G98/><T70/><D70/><U100/><E100/><V128/><F121/><W23/><REACH who="3" step="1"/><G69/><REACH who="3" ten="204,443,149,194" step="2"/><T79/><D96/><U16/><AGARI ba="2,1" hai="13,14,16,22,26,92,93,94" m="34313,50223" machi="16" ten="30,4000,0" yaku="8,1,54,2" doraHai="33" who="1" fromWho="1" sc="204,-22,443,56,149,-12,194,-12" />
</Scene>
<Scene>
<INIT seed="5,0,0,3,0,88" ten="182,499,137,182" oya="1" hai0="115,42,46,112,7,52,67,69,95,87,96,62,105" hai1="27,53,28,109,81,103,122,125,59,110,1,44,38" hai2="135,78,12,100,123,91,90,73,20,97,35,25,134" hai3="14,101,13,130,60,70,121,32,102,65,72,55,118"/><U117/><E117/><V68/><F68/><W120/><G72/><T61/><D105/><U37/><E122/><V93/><F123/><W5/><G32/><T0/><D87/><U41/><E125/><V133/><F35/><W64/><G118/><T26/><D26/><U71/><E71/><V6/><F6/><W40/><G70/><T19/><D19/><U89/><E1/><V34/><F34/><W18/><G18/><T116/><D116/><U128/><E128/><V8/><F8/><W126/><G55/><T21/><D21/><U94/><E103/><V47/><F47/><W107/><G60/><N who="0" m="40167" /><D7/><U57/><E81/><V16/><REACH who="2" step="1"/><F25/><REACH who="2" ten="182,499,127,182" step="2"/><W50/><G5/><T108/><D46/><U77/><E44/><V23/><F23/><W17/><G121/><T31/><D0/><U4/><E4/><V43/><F43/><W127/><G40/><T111/><D42/><U79/><E41/><V114/><F114/><W15/><G120/><T86/><D112/><U58/><E27/><V56/><F56/><W131/><G14/><T33/><D115/><U24/><E58/><V83/><AGARI ba="0,1" hai="12,16,20,73,78,83,90,91,93,97,100,133,134,135" machi="83" ten="40,12000,2" yaku="1,1,0,1,20,1,52,1,54,1,53,1" doraHai="88" doraHaiUra="9" who="2" fromWho="2" sc="182,-30,499,-60,127,130,182,-30" />
</Scene>
<Scene>
<INIT seed="6,0,0,0,2,12" ten="152,439,257,152" oya="2" hai0="134,57,41,88,45,48,124,81,77,32,115,37,82" hai1="73,44,129,110,0,15,27,70,94,10,61,43,38" hai2="20,89,11,100,2,79,8,53,126,58,104,28,31" hai3="128,107,90,76,98,122,34,67,54,135,74,120,132"/><V35/><F79/><W69/><G34/><T118/><D115/><U50/><E110/><V92/><F35/><W6/><G6/><T29/><D124/><U111/><E111/><V97/><F126/><W113/><G54/><T109/><D109/><U130/><E73/><V59/><F59/><W65/><G128/><N who="1" m="49258" /><E27/><V101/><F2/><W123/><G113/><T55/><D134/><N who="3" m="51241" /><G69/><T3/><D3/><U84/><E84/><V72/><F72/><W71/><G71/><T30/><D118/><U127/><E94/><V16/><F104/><W106/><G65/><T25/><D29/><N who="2" m="11338" /><F101/><W66/><G67/><T36/><D88/><U9/><E127/><V14/><F100/><W22/><G66/><T80/><REACH who="0" step="1"/><D77/><REACH who="0" ten="142,439,257,152" step="2"/><U83/><E0/><V52/><F53/><W114/><G114/><T105/><D105/><U1/><E1/><V133/><F133/><W46/><G106/><T13/><D13/><U51/><E15/><V99/><F99/><W4/><G107/><T64/><D64/><U7/><E70/><V75/><F75/><W33/><G74/><T102/><D102/><U95/><E43/><V125/><F125/><W119/><G76/><T112/><D112/><U49/><E44/><V116/><F116/><W26/><G46/><T108/><D108/><U18/><E61/><AGARI ba="0,1" hai="8,11,14,16,20,52,58,61,89,92,97" m="11338" machi="61" ten="30,11600,0" yaku="8,1,52,1,54,2" doraHai="12" who="2" fromWho="1" sc="142,0,439,-116,257,126,152,0" /><AGARI ba="0,0" hai="25,30,32,36,37,41,45,48,55,57,61,80,81,82" machi="61" ten="40,2600,0" yaku="1,1,53,1" doraHai="12" doraHaiUra="23" who="0" fromWho="1" sc="142,26,323,-26,383,0,152,0" />
</Scene>
<Scene>
<INIT seed="6,1,0,0,0,16" ten="168,297,383,152" oya="2" hai0="85,3,116,74,24,38,68,86,131,109,135,92,21" hai1="54,96,90,25,98,29,129,4,15,119,57,125,58" hai2="19,20,34,115,50,84,8,81,118,108,78,5,106" hai3="130,17,67,100,13,94,26,76,0,89,33,48,60"/><V46/><F118/><W73/><G0/><T62/><D109/><U44/><E119/><V43/><F34/><W14/><G130/><T7/><D116/><U114/><E129/><V71/><F106/><W70/><G100/><T107/><D107/><U97/><E114/><V77/><F71/><W55/><G76/><T41/><D131/><U32/><E125/><V105/><F105/><W65/><G73/><T88/><D74/><U37/><E90/><V56/><F115/><W36/><G36/><T101/><D101/><U12/><E4/><V87/><F108/><W27/><G67/><T120/><D120/><U133/><E133/><V6/><F56/><W132/><G132/><T28/><D135/><U10/><E10/><V64/><F64/><W82/><G82/><T110/><D110/><U102/><E102/><V11/><F78/><W123/><G123/><T1/><D62/><U63/><E57/><V31/><F84/><W59/><G33/><T128/><D68/><U113/><E113/><V104/><F104/><W42/><G42/><T66/><D66/><U95/><E95/><V103/><F103/><W80/><G80/><T126/><D126/><U52/><REACH who="1" step="1"/><E37/><REACH who="1" ten="168,287,383,152" step="2"/><V99/><F11/><W124/><G124/><T23/><D128/><U30/><E30/><V39/><F31/><W134/><G134/><T112/><D112/><U49/><AGARI ba="1,1" hai="12,15,25,29,32,44,49,52,54,58,63,96,97,98" machi="49" ten="30,4000,0" yaku="1,1,0,1,54,1,53,0" doraHai="16" doraHaiUra="83" who="1" fromWho="1" sc="168,-11,287,53,383,-21,152,-11" />
</Scene>
<Scene>
<INIT seed="7,0,0,0,5,25" ten="157,340,362,141" oya="3" hai0="4,73,69,36,74,41,38,42,83,26,3,72,40" hai1="114,102,66,110,9,122,8,108,43,126,130,28,128" hai2="96,88,12,116,129,54,94,16,35,6,31,91,21" hai3="1,100,33,48,59,111,19,119,125,87,123,92,135"/><W76/><G119/><T118/><D118/><U32/><E122/><V78/><F116/><W39/><G123/><T56/><D69/><U68/><E43/><V30/><F129/><N who="1" m="49769" /><E102/><N who="2" m="60695" /><F35/><W127/><G39/><T65/><D26/><N who="1" m="18455" /><E68/><V93/><F78/><W44/><G33/><T24/><D41/><U29/><E66/><V50/><F6/><W51/><G1/><T90/><D40/><U70/><E70/><V17/><F17/><W107/><G135/><T0/><D42/><U97/><E114/><V61/><F61/><W34/><G44/><T79/><D38/><U112/><E112/><V60/><F60/><W46/><G46/><T20/><D36/><U99/><E126/><N who="3" m="48138" /><G111/><N who="1" m="42538" /><E29/><N who="2" m="10763" /><F93/><W86/><G34/><T18/><D65/><U27/><E27/><V132/><F132/><W57/><G107/><T115/><D115/><U124/><E124/><V134/><F134/><W14/><G100/><T121/><D24/><U89/><E89/><V10/><F10/><AGARI ba="0,0" hai="8,9,10,97,99" m="42538,18455,49769" machi="10" ten="30,2000,0" yaku="19,1,52,1" doraHai="25" who="1" fromWho="2" sc="157,0,340,20,362,-20,141,0" owari="157,-24.0,360,46.0,342,14.0,141,-36.0" />
</Scene>
</mjloggm>