<mjloggm ver="2.3"><GO type="169" lobby="0"/><UN n0="%E5%A4%AA%E3%81%8F%E3%81%AA%E3%81%84%E3%81%8A" n1="%46%75%72%75%79%61" n2="%72%79%6F%E2%80%A6%31%35" n3="%E9%BE%8D%E9%96%80%E6%B8%95%E9%80%8F%E8%8A%B1" dan="17,16,17,19" rate="2173.64,2131.20,2135.69,2315.90" sx="M,M,M,M"/><TAIKYOKU oya="0"/>

<Scene>
<INIT seed="0,0,0,5,2,95" ten="250,250,250,250" oya="0" hai0="122,86,21,96,9,41,6,47,76,36,134,113,26" hai1="85,57,64,14,118,120,49,83,38,129,58,0,30" hai2="32,61,62,93,131,27,109,92,133,73,17,23,12" hai3="37,87,2,29,13,24,114,5,11,124,20,89,51"/><T123/><D113/><U15/><E118/><V7/><F73/><W132/><G37/><T1/><D134/><U50/><E0/><V59/><F133/><W91/><G114/><T34/><D34/><U70/><E120/><V99/><F109/><W105/><G105/><T53/><D53/><U101/><E38/><V106/><F131/><W28/><G132/><T112/><D112/><U126/><E129/><V127/><F127/><W44/><G124/><T68/><D68/><U54/><E126/><V39/><F39/><W102/><G102/><T60/><D60/><N who="1" m="37903" /><E70/><V125/><F125/><W72/><G72/><T74/><D86/><U108/><E108/><V40/><F40/><W18/><G87/><T52/><D52/><N who="1" m="32015" /><E101/><V103/><F62/><W79/><G79/><T100/><D76/><N who="1" m="46311" /><E30/><V66/><F32/><N who="3" m="20487" /><G29/><T31/><REACH who="0" step="1"/><D74/><REACH who="0" ten="240,250,250,250" step="2"/><U115/><E115/><V69/><F69/><W8/><G8/><T71/><D71/><U77/><E77/><V65/><F65/><W25/><G11/><T35/><D35/><U116/><E116/><V56/><F56/><AGARI ba="0,1" hai="14,15,50,54,56" m="46311,32015,37903" machi="56" ten="30,2000,0" yaku="8,1,54,1" doraHai="95" who="1" fromWho="2" sc="240,0,250,30,250,-20,250,0" />
</Scene>
<Scene>
<INIT seed="1,0,0,4,3,42" ten="240,280,230,250" oya="1" hai0="55,39,11,23,111,2,77,92,28,119,99,85,4" hai1="131,6,70,19,3,54,47,84,18,120,45,101,10" hai2="24,126,135,80,69,124,75,79,114,104,38,118,17" hai3="73,125,109,100,122,49,64,129,31,90,112,56,26"/><U121/><E70/><V16/><F118/><W103/><G122/><T46/><D119/><U50/><E101/><V94/><F104/><W115/><G73/><T20/><D111/><U67/><E67/><V61/><F114/><W98/><G109/><T9/><D28/><U53/><E131/><V32/><F38/><W8/><G129/><T106/><D106/><U88/><E121/><V113/><F113/><W110/><G110/><T41/><D9/><U96/><E96/><V130/><F130/><W93/><G125/><N who="2" m="48233" /><F135/><W65/><G115/><T116/><D116/><U12/><E3/><V15/><F15/><W30/><G112/><T91/><REACH who="0" step="1"/><D55/><REACH who="0" ten="230,280,230,250" step="2"/><U128/><E128/><V52/><F94/><W95/><G8/><T0/><D0/><U74/><E120/><V71/><F71/><W33/><G31/><T48/><D48/><N who="1" m="28815" /><E74/><V34/><F69/><W60/><G95/><AGARI ba="0,1" hai="6,10,12,18,19,47,50,54,84,88,95" m="28815" machi="95" ten="30,11600,0" yaku="8,1,52,2,54,1" doraHai="42" who="1" fromWho="3" sc="230,0,280,126,230,0,250,-116" />
</Scene>
<Scene>
<INIT seed="1,1,0,0,3,132" ten="230,406,230,134" oya="1" hai0="89,58,25,133,69,114,79,80,64,59,35,49,125" hai1="94,54,111,87,96,63,91,116,72,120,119,20,95" hai2="74,82,23,13,7,5,76,99,42,71,84,36,103" hai3="8,124,128,123,45,21,108,90,106,70,129,115,56"/><U18/><E120/><V122/><F71/><W121/><G70/><T12/><D114/><U110/><E72/><V27/><F122/><W66/><G115/><T127/><D133/><U126/><E116/><V33/><F33/><W32/><G32/><T100/><D89/><N who="1" m="55375" /><E119/><V113/><F113/><W46/><G106/><T11/><D100/><U102/><E102/><V86/><F74/><W9/><G108/><N who="1" m="41514" /><E54/><V112/><F112/><W98/><G121/><T19/><D69/><U101/><E101/><V50/><F36/><W48/><G123/><T0/><D0/><U14/><E63/><V105/><F103/><W30/><G128/><T73/><D64/><U92/><E126/><N who="0" m="48137" /><D49/><U60/><E60/><V118/><F50/><W24/><G124/><T6/><D6/><U53/><E53/><V61/><F5/><W109/><G109/><T38/><D38/><U15/><E92/><V57/><F7/><W52/><G129/><T37/><D37/><U34/><E34/><V77/><F118/><W75/><G66/><T135/><D135/><U81/><E95/><V40/><F105/><W22/><G48/><T51/><D51/><U67/><E67/><V117/><F117/><W131/><G131/><T2/><D2/><U39/><E39/><V104/><F104/><W93/><G93/><T3/><D3/><U83/><E83/><V41/><F82/><W28/><G52/><T78/><D78/><U55/><E55/><V26/><F77/><W47/><G90/><T62/><D62/><U107/><E107/><V134/><F61/><W44/><G44/><T1/><D1/><RYUUKYOKU ba="1,0" sc="230,15,406,15,230,-15,134,-15" hai0="11,12,19,25,35,58,59,73,79,80" hai1="14,15,18,20,81,87,91" />
</Scene>
<Scene>
<INIT seed="1,2,0,2,2,23" ten="245,421,215,119" oya="1" hai0="82,40,85,107,122,90,63,15,50,100,108,79,130" hai1="110,120,7,30,92,104,42,88,1,103,98,87,131" hai2="33,19,8,36,74,27,26,52,37,134,45,39,29" hai3="96,128,94,102,83,35,64,14,59,132,84,80,55"/><U28/><E120/><V6/><F74/><W21/><G35/><T25/><D122/><U24/><E131/><V41/><F134/><W118/><G128/><T125/><D130/><U10/><E110/><V38/><F52/><W127/><G132/><T109/><D125/><U126/><E126/><V111/><F111/><N who="0" m="42570" /><D15/><U76/><E42/><V89/><F89/><W34/><G34/><T44/><D63/><U2/><E76/><V9/><REACH who="2" step="1"/><F6/><REACH who="2" ten="245,421,205,119" step="2"/><W17/><G127/><T105/><D90/><U78/><E78/><V99/><F99/><W12/><G118/><T101/><D100/><U73/><E73/><V91/><F91/><W135/><G135/><T4/><D4/><U11/><E7/><V69/><F69/><W53/><G53/><T106/><D101/><U81/><E2/><V43/><F43/><W123/><G123/><T48/><D48/><U97/><E1/><V49/><F49/><N who="3" m="31215" /><G64/><T57/><D57/><U3/><E3/><V71/><F71/><W75/><G75/><T116/><D116/><U115/><E98/><V0/><F0/><W46/><G46/><T124/><D124/><U20/><E88/><V77/><F77/><N who="3" m="46095" /><G83/><T86/><D86/><U47/><E81/><V119/><F119/><W31/><G96/><T121/><D121/><U117/><E97/><V60/><F60/><W112/><G102/><T93/><D93/><U133/><E117/><V5/><F5/><W13/><G94/><T129/><D129/><U95/><E92/><V70/><F70/><W72/><G72/><T68/><D68/><U16/><E95/><V62/><F62/><RYUUKYOKU ba="2,1" sc="245,15,421,-15,205,15,119,-15" hai0="25,40,44,50,79,82,85,105,106,107" hai2="8,9,19,26,27,29,33,36,37,38,39,41,45" />
</Scene>
<Scene>
<INIT seed="2,3,1,1,0,68" ten="260,406,220,104" oya="2" hai0="84,41,24,39,117,95,26,119,44,46,19,78,34" hai1="99,53,127,82,110,59,56,128,72,5,114,92,40" hai2="109,60,102,96,43,131,25,18,133,87,57,38,107" hai3="98,27,48,123,28,4,50,90,125,20,22,31,93"/><V52/><F131/><W85/><G125/><T0/><D0/><U17/><E110/><V113/><F113/><W14/><G123/><T66/><D66/><U13/><E114/><V88/><F133/><W49/><G4/><T35/><D46/><U103/><E127/><V74/><F74/><W33/><G33/><N who="0" m="12299" /><D19/><U61/><E5/><V3/><F3/><W122/><G122/><T47/><D47/><U15/><E40/><V112/><F112/><W132/><G132/><T16/><D16/><U97/><E97/><V79/><F79/><W126/><G126/><T67/><D67/><U69/><E69/><V7/><F7/><W8/><G8/><T120/><D120/><U134/><E134/><V118/><F118/><N who="0" m="45066" /><D95/><U91/><E17/><V11/><F109/><W32/><G32/><T83/><AGARI ba="3,1" hai="24,26,39,41,44,78,83,84" m="45066,12299" machi="83" ten="40,2700,0" yaku="12,1,52,1" doraHai="68" who="0" fromWho="0" sc="260,46,406,-10,220,-16,104,-10" />
</Scene>
<Scene>
<INIT seed="3,0,0,2,0,34" ten="306,396,204,94" oya="3" hai0="114,7,31,127,8,24,130,62,60,85,15,56,14" hai1="69,92,131,133,2,12,70,25,135,134,63,78,83" hai2="101,5,106,44,126,58,84,1,42,121,73,64,125" hai3="132,68,67,43,110,45,17,91,100,76,124,13,94"/><W16/><G124/><N who="2" m="47721" /><F73/><W53/><G132/><T71/><D127/><U61/><E131/><V29/><F29/><W99/><G110/><T38/><D38/><U108/><E108/><V52/><F64/><W109/><G109/><T80/><D130/><U82/><E25/><V89/><F101/><W54/><G76/><T95/><D114/><U105/><E105/><V28/><F28/><W10/><G68/><N who="1" m="26218" /><E92/><N who="2" m="54311" /><F106/><W33/><G33/><T6/><D95/><U40/><E2/><V35/><F35/><W27/><G67/><T120/><D120/><U59/><E40/><V88/><F88/><W21/><REACH who="3" step="1"/><G91/><REACH who="3" ten="306,396,204,84" step="2"/><T75/><D71/><U20/><E78/><V55/><F121/><W122/><G122/><T57/><D75/><U129/><E129/><V46/><F42/><W123/><G123/><T72/><D72/><U102/><E135/><V19/><F55/><W104/><G104/><T96/><D80/><U65/><E82/><V37/><F52/><W93/><G93/><T90/><D90/><U51/><E83/><V41/><F41/><W39/><AGARI ba="0,1" hai="10,13,16,17,21,27,39,43,45,53,54,94,99,100" machi="39" ten="20,7800,0" yaku="1,1,0,1,7,1,54,1,53,0" doraHai="34" doraHaiUra="119" who="3" fromWho="3" sc="306,-26,396,-26,204,-26,84,88" />
</Scene>
<Scene>
<INIT seed="3,1,0,4,5,0" ten="280,370,178,172" oya="3" hai0="9,38,47,74,76,64,97,89,19,109,131,56,17" hai1="103,20,53,95,34,118,94,90,77,28,24,93,71" hai2="80,40,106,98,25,36,41,81,50,113,62,129,61" hai3="7,48,132,13,105,6,18,75,135,124,31,15,3"/><W57/><G105/><T8/><D74/><U27/><E71/><V51/><F36/><W5/><G75/><T82/><D38/><U35/><E103/><V33/><F106/><W72/><G72/><T58/><D47/><U78/><E118/><V2/><F2/><W21/><G124/><T99/><D76/><U16/><E90/><V49/><F113/><W100/><G100/><T126/><D109/><U91/><E91/><V11/><F129/><W112/><G112/><T122/><D122/><U23/><E53/><V66/><F11/><N who="3" m="4351" /><G3/><T114/><D114/><U115/><E115/><V128/><F128/><W12/><G48/><T68/><D68/><U79/><AGARI ba="1,0" hai="16,20,23,24,27,28,34,35,77,78,79,93,94,95" machi="79" ten="30,2000,0" yaku="0,1,54,1" doraHai="0" who="1" fromWho="1" sc="280,-6,370,23,178,-6,172,-11" />
</Scene>
<Scene>
<INIT seed="4,0,0,5,3,58" ten="274,393,172,161" oya="0" hai0="3,17,62,129,101,77,70,34,71,49,96,78,22" hai1="67,69,8,133,24,14,48,13,123,121,74,7,26" hai2="51,21,120,46,86,47,36,114,122,54,127,6,75" hai3="102,65,31,43,84,106,15,23,11,92,119,99,100"/><T88/><D34/><U68/><E74/><V93/><F75/><W125/><G119/><T116/><D116/><U113/><E113/><V64/><F114/><W5/><G125/><T56/><D3/><U29/><E133/><V131/><F127/><W79/><G43/><T12/><D129/><U18/><E48/><V20/><F131/><W80/><G65/><T19/><D49/><U73/><E73/><V105/><F105/><W89/><REACH who="3" step="1"/><G106/><REACH who="3" ten="274,393,172,151" step="2"/><T52/><D71/><U111/><E68/><V61/><F120/><W95/><G95/><N who="0" m="56423" /><D70/><U4/><E69/><V25/><F93/><W33/><G33/><T110/><D110/><U55/><E111/><V82/><F64/><W98/><G98/><T81/><D81/><U87/><E121/><V40/><F122/><W126/><G126/><T134/><D134/><U57/><E123/><V117/><F117/><W108/><G108/><T91/><D101/><U37/><E37/><V60/><F82/><W10/><G10/><N who="0" m="6295" /><D91/><U104/><E104/><V72/><F36/><W132/><G132/><T32/><D32/><U45/><E8/><V118/><F21/><W94/><G94/><T38/><D38/><U53/><E67/><V50/><F118/><W112/><G112/><T128/><D128/><U27/><E29/><V115/><F115/><W30/><G30/><T130/><D130/><U85/><E18/><V109/><F109/><W2/><G2/><T76/><D76/><U42/><E4/><V44/><F6/><W41/><G41/><T107/><D107/><U103/><E7/><V16/><F40/><W9/><G9/><RYUUKYOKU ba="0,1" sc="274,15,393,-15,172,-15,151,15" hai0="19,22,52,56,62,77,78" hai3="5,11,15,23,31,79,80,84,89,92,99,100,102" />
</Scene>
<Scene>
<INIT seed="4,1,1,3,4,124" ten="289,378,157,166" oya="0" hai0="31,9,49,0,76,85,35,86,133,80,81,29,52" hai1="53,24,99,123,66,14,101,95,28,74,7,21,23" hai2="20,68,43,70,92,90,5,6,34,15,110,100,30" hai3="91,32,108,97,71,94,67,19,107,25,109,37,77"/><T87/><D133/><U1/><E74/><V58/><F34/><W98/><G37/><T4/><D35/><U115/><E123/><V57/><F110/><W61/><G77/><T51/><D51/><U55/><E1/><V42/><F100/><N who="3" m="62871" /><G19/><T39/><D39/><U62/><E115/><V93/><F15/><W48/><G48/><T102/><D102/><U82/><E82/><V105/><F105/><W89/><G91/><T33/><D33/><U40/><E40/><V121/><F90/><W104/><G104/><T84/><REACH who="0" step="1"/><D81/><REACH who="0" ten="279,378,157,166" step="2"/><U103/><E101/><V111/><F111/><W132/><G132/><T44/><AGARI ba="1,2" hai="0,4,9,29,31,44,49,52,76,80,84,85,86,87" machi="44" ten="30,12000,1" yaku="1,1,2,1,0,1,54,1,53,1" doraHai="124" doraHaiUra="72" who="0" fromWho="0" sc="279,143,378,-41,157,-41,166,-41" />
</Scene>
<Scene>
<INIT seed="4,2,0,3,3,4" ten="422,337,116,125" oya="0" hai0="128,105,26,79,69,113,27,116,126,11,96,97,132" hai1="5,21,43,130,13,68,70,76,101,17,39,125,37" hai2="99,31,118,59,9,78,121,35,119,74,25,45,55" hai3="63,114,47,87,129,71,92,77,33,103,34,123,102"/><T66/><D116/><U8/><E76/><V91/><F121/><W46/><G123/><T24/><D113/><U57/><E101/><V117/><F78/><W28/><G114/><T83/><D126/><U65/><E125/><V16/><F74/><W110/><G110/><T0/><D128/><U22/><E130/><V135/><F45/><W3/><G3/><T81/><D132/><U53/><E22/><V115/><F115/><W134/><G134/><T112/><D112/><U1/><E43/><V107/><F135/><W30/><G34/><T44/><D44/><U108/><E108/><V93/><F107/><W20/><G33/><T124/><D124/><U131/><E131/><V85/><F99/><W122/><G122/><T15/><D0/><U111/><E111/><V104/><F104/><W2/><G2/><T60/><D105/><U19/><E19/><V127/><F127/><W133/><G133/><T50/><D50/><U6/><E6/><V51/><F16/><W100/><G129/><T72/><REACH who="0" step="1"/><D83/><REACH who="0" ten="412,337,116,125" step="2"/><U89/><E39/><V88/><F117/><W18/><G47/><T10/><D10/><U90/><E37/><V80/><F119/><W58/><G46/><T56/><D56/><U67/><E68/><V84/><F118/><W62/><G71/><T52/><D52/><U12/><E1/><V32/><F9/><W109/><G109/><T38/><D38/><U98/><E70/><V48/><F51/><W42/><G58/><T82/><D82/><U54/><E57/><V23/><AGARI ba="2,1" hai="23,25,31,32,35,48,55,59,80,84,85,88,91,93" machi="23" ten="20,2700,0" yaku="0,1,7,1,54,1" doraHai="4" who="2" fromWho="2" sc="412,-15,337,-9,116,43,125,-9" />
</Scene>
<Scene>
<INIT seed="5,0,0,0,4,119" ten="397,328,159,116" oya="1" hai0="96,104,6,106,82,3,128,87,42,18,118,127,54" hai1="43,8,109,120,44,105,116,111,112,80,16,63,36" hai2="68,37,69,102,84,22,59,97,93,10,34,101,77" hai3="100,114,91,24,66,2,110,14,55,5,25,26,15"/><U85/><E105/><V9/><F34/><W1/><G100/><T35/><D35/><U98/><E116/><V19/><F37/><W81/><G110/><N who="1" m="41994" /><E112/><V74/><F74/><W115/><G66/><T30/><D106/><U52/><E98/><V40/><F40/><W126/><G55/><T71/><D96/><U89/><E120/><V47/><F47/><W90/><G81/><T62/><D104/><U99/><E99/><V70/><F102/><W58/><G58/><T17/><D71/><U65/><E52/><V95/><F59/><W86/><G86/><T107/><D107/><U125/><E125/><V46/><F46/><W83/><G83/><T7/><D127/><U113/><E113/><N who="3" m="43018" /><G126/><T48/><D118/><U121/><E121/><V94/><F77/><W51/><G51/><T123/><D54/><U108/><N who="1" m="42002" /><U33/><DORA hai="60" /><E33/><V122/><F84/><W129/><G129/><T88/><D128/><U53/><E53/><V23/><F97/><W72/><G72/><T28/><D123/><U27/><E27/><V75/><F75/><W57/><G90/><T31/><D42/><U49/><E36/><V64/><F101/><W41/><G91/><T135/><D48/><U67/><E63/><V130/><F122/><W32/><G41/><T56/><D62/><U134/><E134/><V92/><F130/><W78/><G78/><T39/><D135/><U13/><AGARI ba="0,0" hai="8,13,16,43,44,49,65,67,80,85,89" m="42002" machi="13" ten="40,12000,1" yaku="10,1,52,2,54,1" doraHai="119,60" who="1" fromWho="1" sc="397,-40,328,120,159,-40,116,-40" />
</Scene>
<Scene>
<INIT seed="5,1,0,2,0,66" ten="357,448,119,76" oya="1" hai0="4,51,13,106,116,119,39,61,17,93,20,77,101" hai1="79,64,2,48,40,89,34,15,120,65,60,83,46" hai2="41,98,24,103,62,73,78,133,109,19,14,45,63" hai3="74,95,26,22,76,87,70,88,53,57,134,8,100"/><U18/><E2/><V115/><F109/><W12/><G134/><T84/><D39/><U105/><E105/><V55/><F115/><W42/><G42/><T38/><D38/><U23/><E34/><V44/><F133/><W68/><G100/><T21/><D106/><U3/><E3/><V10/><F24/><W28/><G76/><T35/><D35/><U114/><E114/><V11/><F78/><W49/><G74/><T27/><D61/><U56/><E120/><V67/><F73/><W1/><G1/><T110/><D110/><U29/><E29/><V25/><F25/><W9/><G9/><T102/><D116/><U5/><E5/><AGARI ba="1,0" hai="5,8,12,22,26,28,49,53,57,68,70,87,88,95" machi="5" ten="30,7700,0" yaku="7,1,52,2,54,1" doraHai="66" who="3" fromWho="1" sc="357,0,448,-80,119,0,76,80" />
</Scene>
<Scene>
<INIT seed="6,0,0,5,1,15" ten="357,368,119,156" oya="2" hai0="53,49,4,32,112,108,76,130,21,41,57,119,100" hai1="103,55,80,114,133,79,127,84,123,25,17,102,131" hai2="121,16,8,27,75,87,115,69,78,22,5,10,19" hai3="116,0,18,73,64,39,33,31,9,43,50,59,12"/><V46/><F121/><W91/><G116/><T56/><D32/><U118/><E118/><V83/><F69/><W20/><G73/><T135/><D119/><U23/><E114/><V107/><F107/><W104/><G104/><T63/><D108/><U7/><E123/><V72/><F115/><W120/><G120/><T38/><D112/><U90/><E127/><V132/><F132/><W95/><G39/><T30/><D135/><U110/><E110/><V126/><F126/><W58/><G64/><T13/><D130/><U70/><E133/><V122/><F122/><W68/><G68/><T113/><D113/><U74/><E70/><V117/><F117/><W61/><G61/><T47/><D100/><U14/><E55/><V98/><F98/><W42/><G33/><T44/><D76/><U111/><E131/><V48/><F19/><N who="3" m="8591" /><G31/><T81/><D81/><U35/><E7/><V77/><F77/><W29/><G29/><T24/><REACH who="0" step="1"/><D63/><REACH who="0" ten="347,368,119,156" step="2"/><U2/><E35/><V134/><F134/><W99/><G0/><T28/><D28/><U88/><E2/><V60/><F60/><W54/><G59/><T37/><D37/><U67/><E111/><V1/><REACH who="2" step="1"/><F8/><AGARI ba="0,1" hai="4,8,13,21,24,30,38,41,44,47,49,53,56,57" machi="8" ten="40,1300,0" yaku="1,1,53,0" doraHai="15" doraHaiUra="109" who="0" fromWho="2" sc="347,23,368,0,119,-13,156,0" />
</Scene>
<Scene>
<INIT seed="7,0,0,5,4,126" ten="370,368,106,156" oya="3" hai0="97,53,68,103,104,107,26,27,123,124,63,65,75" hai1="70,14,56,95,7,80,96,66,5,44,39,43,81" hai2="60,74,42,109,28,49,47,106,9,6,38,125,3" hai3="132,83,105,24,119,64,30,84,86,59,127,52,110"/><W15/><G119/><T8/><D123/><U4/><E70/><V92/><F106/><W45/><G105/><T101/><D75/><U62/><REACH who="1" step="1"/><E14/><REACH who="1" ten="370,358,106,156" step="2"/><V23/><F109/><W57/><G110/><T1/><D124/><U128/><E128/><V34/><F125/><W76/><G127/><T131/><D131/><U93/><E93/><V48/><F74/><W90/><G132/><T85/><D104/><U102/><AGARI ba="0,1" hai="4,5,7,39,43,44,56,62,66,80,81,95,96,102" machi="102" ten="30,2000,0" yaku="1,1,0,1,53,0" doraHai="126" doraHaiUra="118" who="1" fromWho="1" sc="370,-5,358,30,106,-5,156,-10" owari="365,17.0,388,48.0,101,-40.0,146,-25.0" />
</Scene>
</mjloggm>