<mjloggm ver="2.3"><GO type="169" lobby="0"/><UN n0="%36%31%2E%38%EF%BC%85" n1="%68%65%61%6C%74%68%79%37" n2="%E5%A4%AA%E3%81%8F%E3%81%AA%E3%81%84%E3%81%8A" n3="%E3%83%8F%E3%83%AF%E3%82%A4%E3%82%A2%E3%83%B3" dan="17,16,17,16" rate="2165.11,2072.03,2195.60,2099.98" sx="M,M,M,M"/><TAIKYOKU oya="0"/>

<Scene>
<INIT seed="0,0,0,2,0,53" ten="250,250,250,250" oya="0" hai0="82,70,13,96,40,51,31,50,29,122,48,94,125" hai1="129,85,89,34,33,68,36,0,88,134,102,133,127" hai2="117,9,106,107,54,21,78,98,4,74,75,19,20" hai3="121,118,93,95,108,1,8,55,63,104,92,45,69"/><T44/><D122/><U67/><E0/><V52/><F117/><W41/><G104/><T3/><D3/><U124/><E36/><V97/><F19/><W72/><G72/><T17/><D70/><U16/><E102/><V110/><F78/><W28/><G121/><T113/><D113/><U105/><E105/><V86/><F86/><W18/><G28/><T90/><D82/><U115/><E115/><V114/><F114/><W49/><G108/><T79/><D79/><U135/><E16/><V59/><F9/><W91/><G1/><T56/><D125/><N who="1" m="48203" /><E68/><V116/><F116/><W42/><G69/><T99/><D99/><U83/><E67/><V23/><F23/><W66/><G66/><T77/><D77/><U64/><E64/><V73/><F73/><W57/><G118/><T71/><D71/><U58/><E58/><V87/><F87/><W61/><G41/><T132/><D132/><U38/><E38/><V84/><F84/><W130/><G130/><T76/><D76/><U14/><E14/><V112/><F112/><W30/><G30/><N who="0" m="11275" /><D56/><U11/><E11/><AGARI ba="0,0" hai="11,13,17,40,44,48,50,51,90,94,96" m="11275" machi="11" ten="30,1500,0" yaku="8,1" doraHai="53" who="0" fromWho="1" sc="250,15,250,-15,250,0,250,0" />
</Scene>
<Scene>
<INIT seed="0,1,0,1,0,116" ten="265,235,250,250" oya="0" hai0="98,99,42,19,60,86,74,32,77,47,118,37,30" hai1="68,134,27,24,128,83,10,43,39,76,88,79,53" hai2="5,108,56,117,22,114,61,14,46,111,50,8,135" hai3="58,20,65,57,25,21,71,95,69,52,17,13,94"/><T55/><D118/><U104/><E68/><V45/><F117/><W121/><G121/><T84/><D74/><U82/><E104/><V41/><F114/><W106/><G106/><T7/><D7/><U49/><E134/><V66/><F135/><W48/><G69/><T85/><D77/><U81/><E128/><V33/><F33/><W59/><G71/><T123/><D123/><U51/><E39/><V31/><F31/><W113/><G113/><T2/><D2/><U23/><E43/><V97/><F22/><W109/><G109/><T103/><D19/><U18/><E27/><V112/><F112/><W89/><G65/><T35/><D30/><U64/><E64/><V92/><REACH who="2" step="1"/><F46/><REACH who="2" ten="265,235,240,250" step="2"/><W62/><G62/><T3/><D32/><U122/><E10/><V28/><F28/><N who="3" m="17455" /><G95/><T127/><D35/><U115/><E115/><V11/><F11/><W1/><G1/><T105/><D3/><U91/><E122/><V130/><F130/><W0/><G0/><T78/><D60/><U96/><E23/><V54/><F54/><W26/><G26/><T124/><D55/><U44/><E24/><V120/><F120/><W73/><G73/><T70/><D70/><U16/><E53/><V72/><F72/><W110/><G110/><T40/><D40/><U100/><E44/><V90/><AGARI ba="1,1" hai="5,8,14,41,45,50,56,61,66,90,92,97,108,111" machi="90" ten="30,2000,0" yaku="1,1,0,1,53,0" doraHai="116" doraHaiUra="107" who="2" fromWho="2" sc="265,-11,235,-6,240,33,250,-6" />
</Scene>
<Scene>
<INIT seed="1,0,0,5,3,56" ten="254,229,273,244" oya="1" hai0="84,49,80,8,120,122,99,67,16,109,12,40,23" hai1="28,103,53,75,102,0,130,114,47,107,65,86,91" hai2="36,88,124,32,66,55,113,4,62,119,59,64,29" hai3="52,104,83,128,133,14,20,24,44,13,42,121,26"/><U97/><E0/><V125/><F119/><W111/><G104/><T131/><D109/><U95/><E65/><V51/><F36/><W132/><G111/><T115/><D115/><U123/><E114/><V9/><F113/><W127/><G121/><N who="0" m="46699" /><D131/><U79/><E123/><V50/><F29/><W118/><G118/><T71/><D99/><U74/><E28/><V89/><F32/><W27/><G127/><N who="2" m="48713" /><F51/><W112/><G112/><T35/><D35/><U6/><E6/><V96/><F96/><W1/><G1/><T63/><D49/><U129/><E103/><V19/><F19/><W60/><G20/><T81/><D40/><U3/><E3/><N who="2" m="159" /><F66/><W39/><G83/><N who="0" m="31819" /><D84/><N who="1" m="52711" /><E53/><V105/><F105/><W94/><G94/><T101/><D101/><U82/><E47/><AGARI ba="0,0" hai="47,50,55,59,62,64,88,89" m="159,48713" machi="47" ten="30,3900,0" yaku="18,1,52,1,54,1" doraHai="56" who="2" fromWho="1" sc="254,0,229,-39,273,39,244,0" />
</Scene>
<Scene>
<INIT seed="2,0,0,1,1,114" ten="254,190,312,244" oya="2" hai0="49,76,19,89,130,60,71,21,9,42,109,25,75" hai1="64,15,54,80,12,100,129,63,94,39,61,28,87" hai2="62,110,107,52,53,55,48,123,112,57,113,26,78" hai3="127,111,73,17,18,14,27,36,38,128,30,22,116"/><V23/><F107/><W81/><G111/><T74/><D109/><U93/><E39/><V95/><F110/><W24/><G128/><T65/><D130/><U90/><E129/><V97/><F123/><W34/><G127/><T13/><D76/><U67/><E28/><V43/><F78/><W99/><G73/><T85/><D49/><U8/><E54/><V106/><F106/><W124/><G124/><T83/><REACH who="0" step="1"/><D42/><REACH who="0" ten="244,190,312,244" step="2"/><U59/><E100/><N who="2" m="60479" /><F113/><W135/><G36/><T58/><D58/><N who="1" m="36919" /><E15/><V88/><F112/><W20/><G38/><T133/><D133/><U103/><E103/><V125/><F125/><W66/><G135/><T56/><D56/><U104/><E104/><V40/><F40/><W6/><G14/><T50/><D50/><U29/><E12/><V105/><F105/><W118/><G27/><T132/><D132/><U2/><E2/><V47/><F43/><W115/><G24/><T108/><D108/><U44/><E59/><V122/><F122/><W117/><G115/><T98/><D98/><U11/><E44/><V72/><F55/><W86/><G99/><T96/><D96/><U51/><E51/><V119/><F53/><W134/><G134/><T84/><D84/><U1/><E1/><V131/><F131/><W10/><G66/><T41/><D41/><U68/><E67/><V0/><F0/><W45/><G45/><T82/><D82/><U102/><E80/><V32/><F47/><W3/><G81/><T77/><D77/><U92/><E87/><V7/><F48/><W4/><G86/><T70/><D70/><U120/><E68/><RYUUKYOKU ba="0,1" sc="244,30,190,-10,312,-10,244,-10" hai0="9,13,19,21,25,60,65,71,74,75,83,85,89" />
</Scene>
<Scene>
<INIT seed="3,1,1,3,3,84" ten="274,180,302,234" oya="3" hai0="15,22,53,129,40,18,85,93,80,64,58,52,106" hai1="108,81,62,47,14,103,113,78,112,50,120,16,27" hai2="34,25,74,43,128,122,97,9,126,115,116,54,71" hai3="102,46,91,105,35,109,127,7,51,49,110,100,75"/><W6/><G35/><T132/><D106/><U90/><E120/><V130/><F115/><W10/><G75/><T26/><D132/><U69/><E108/><N who="3" m="41578" /><G127/><T119/><D129/><U57/><E69/><V66/><F116/><W87/><G51/><T121/><D121/><U82/><E103/><N who="3" m="39466" /><G10/><T11/><D93/><U19/><E27/><V17/><F74/><W83/><G105/><T38/><D40/><AGARI ba="1,1" hai="6,7,40,46,49,83,87,91" m="39466,41578" machi="40" ten="30,5800,0" yaku="14,1,10,1,52,1" doraHai="84" who="3" fromWho="0" sc="274,-61,180,0,302,0,234,71" />
</Scene>
<Scene>
<INIT seed="3,2,0,4,5,51" ten="213,180,302,305" oya="3" hai0="61,89,8,114,127,6,126,80,29,109,64,49,19" hai1="99,18,132,128,71,75,129,131,86,20,121,130,50" hai2="122,2,82,10,118,36,16,55,79,85,44,33,4" hai3="115,34,94,62,57,67,30,15,84,3,27,77,107"/><W47/><G107/><T38/><D38/><U95/><E71/><V102/><F118/><W48/><G3/><T105/><D105/><U100/><E121/><V72/><F33/><W135/><G135/><T91/><D109/><U1/><E1/><V21/><F122/><W116/><G116/><T65/><D29/><U52/><E132/><V23/><F102/><W124/><G124/><N who="0" m="47659" /><D19/><U37/><E37/><V103/><F103/><W78/><G115/><T17/><D17/><U66/><E66/><N who="0" m="25705" /><D61/><U42/><E42/><N who="2" m="22599" /><F85/><W88/><REACH who="3" step="1"/><G15/><REACH who="3" ten="213,180,302,295" step="2"/><T101/><D114/><U68/><E130/><V9/><F2/><W108/><G108/><T25/><D25/><U32/><E129/><V76/><F9/><W123/><G123/><T117/><D8/><U39/><E131/><V7/><F10/><W0/><G0/><T59/><D117/><U31/><E128/><V87/><F4/><W113/><G113/><T45/><D6/><U133/><E133/><V97/><F7/><W26/><G26/><T56/><D101/><U5/><E5/><V40/><F23/><W12/><G12/><T81/><D91/><U53/><E20/><V46/><F21/><W104/><G104/><T43/><D89/><U70/><E100/><V60/><F79/><W73/><G73/><T119/><D119/><U106/><E75/><V54/><F72/><W22/><G22/><T28/><D28/><U63/><E31/><V41/><F16/><W98/><G98/><T125/><D125/><U24/><E18/><V35/><F97/><W111/><G111/><T69/><D69/><U14/><E70/><RYUUKYOKU ba="2,1" sc="213,15,180,-15,302,-15,295,15" hai0="43,45,49,56,59,80,81" hai3="27,30,34,47,48,57,62,67,77,78,84,88,94" />
</Scene>
<Scene>
<INIT seed="3,3,1,4,5,1" ten="228,165,287,310" oya="3" hai0="96,123,66,132,78,5,95,18,71,99,125,62,61" hai1="106,131,55,38,19,59,68,118,60,104,2,75,28" hai2="12,57,13,50,35,79,76,49,69,84,127,116,107" hai3="114,89,46,32,47,126,108,41,9,103,43,10,109"/><W44/><G32/><T105/><D123/><U21/><E131/><V14/><F69/><W23/><G114/><T97/><D105/><U16/><E75/><V120/><F116/><W100/><G89/><T77/><D125/><U86/><E38/><V121/><F107/><W85/><G85/><T65/><D132/><U15/><E118/><V58/><F35/><W112/><G23/><T6/><D18/><U25/><E2/><V42/><F127/><W102/><G112/><T45/><D45/><U22/><E68/><V53/><F84/><W40/><REACH who="3" step="1"/><G126/><REACH who="3" ten="228,165,287,300" step="2"/><T134/><D134/><U80/><E28/><V52/><F121/><W8/><AGARI ba="3,2" hai="8,9,10,40,41,43,44,46,47,100,102,103,108,109" machi="8" ten="50,48000,5" yakuman="40" doraHai="1" doraHaiUra="37" who="3" fromWho="3" sc="228,-163,165,-163,287,-163,300,509" />
</Scene>
<Scene>
<INIT seed="3,4,0,3,0,68" ten="65,2,124,809" oya="3" hai0="134,84,43,78,52,80,61,97,54,3,79,129,69" hai1="41,114,65,12,22,104,90,91,111,53,50,17,123" hai2="10,119,16,115,8,6,99,66,98,27,103,20,4" hai3="112,87,35,127,37,0,63,106,47,86,13,74,55"/><W133/><G74/><T100/><D3/><U118/><E123/><V125/><F115/><W94/><G0/><T126/><D126/><U34/><E114/><V82/><F119/><W7/><G106/><T89/><D134/><U67/><E104/><V28/><F125/><W110/><G133/><T92/><D129/><U73/><E34/><V62/><F82/><W2/><G2/><T120/><D120/><U107/><E107/><V93/><F98/><W56/><G35/><T58/><D69/><U49/><E73/><V30/><F8/><W83/><G112/><T131/><D131/><U29/><E29/><N who="2" m="11371" /><F10/><W48/><G110/><T108/><D108/><U95/><E118/><V135/><F135/><W1/><G1/><T70/><D70/><U124/><E124/><V88/><F103/><W44/><G127/><T36/><D36/><U96/><E90/><V60/><F66/><N who="1" m="25097" /><E111/><V23/><F23/><W19/><G7/><AGARI ba="4,0" hai="4,6,7,16,20,27,60,62,88,93,99" m="11371" machi="7" ten="30,3900,0" yaku="8,1,54,2" doraHai="68" who="2" fromWho="3" sc="65,0,2,0,124,51,809,-51" />
</Scene>
<Scene>
<INIT seed="4,0,0,3,3,32" ten="65,2,175,758" oya="0" hai0="129,108,2,116,28,117,27,134,12,14,31,58,81" hai1="83,112,87,22,67,19,10,111,13,99,29,66,16" hai2="65,118,42,73,17,128,38,64,7,127,124,21,135" hai3="130,60,53,78,89,36,30,92,48,25,41,24,97"/><T51/><D129/><U55/><E111/><V76/><F128/><W68/><G130/><T93/><D81/><U101/><E112/><V26/><F135/><W44/><G78/><T39/><D39/><U107/><E29/><V52/><F118/><W109/><G109/><T72/><D72/><U34/><E34/><V119/><F119/><W23/><G25/><T79/><D79/><U18/><E55/><V123/><F123/><W88/><G60/><T62/><D27/><U121/><E18/><V61/><F7/><W15/><G15/><T8/><D134/><U100/><E121/><V63/><F73/><W50/><G36/><T43/><D31/><U84/><E87/><V133/><F76/><W120/><G120/><T57/><D28/><U1/><E1/><V40/><F133/><W85/><G68/><T49/><D2/><U102/><E99/><V74/><F74/><W45/><G85/><T80/><D108/><U9/><E107/><V46/><F40/><W69/><G69/><T110/><D43/><U114/><E114/><V115/><F115/><W3/><G3/><T96/><D96/><U113/><E113/><V0/><F0/><W11/><G11/><N who="1" m="4106" /><E19/><V106/><F106/><W95/><G97/><T70/><D110/><U47/><E47/><V103/><F46/><W82/><G44/><T125/><D117/><U35/><E35/><V33/><F33/><W75/><G75/><T98/><D98/><U94/><E94/><N who="3" m="35882" /><G82/><T104/><D104/><U77/><AGARI ba="0,0" hai="13,16,22,66,67,77,83,84,100,101,102" m="4106" machi="77" ten="30,2000,0" yaku="8,1,54,1" doraHai="32" who="1" fromWho="1" sc="65,-10,2,20,175,-5,758,-5" />
</Scene>
<Scene>
<INIT seed="5,0,0,5,3,98" ten="55,22,170,753" oya="1" hai0="23,50,8,102,19,64,112,105,30,52,74,36,120" hai1="86,81,39,84,99,80,106,25,75,66,55,119,6" hai2="135,16,131,122,113,61,134,108,13,88,49,44,104" hai3="125,128,70,57,40,56,71,5,100,38,68,78,26"/><U47/><E119/><V53/><F108/><W121/><G100/><T37/><D74/><U133/><E75/><V32/><F122/><W63/><G78/><T67/><D37/><U60/><E133/><N who="2" m="50699" /><F104/><W41/><G26/><T116/><D36/><U46/><E6/><V109/><F109/><W1/><G5/><T12/><D116/><U129/><E129/><V65/><F32/><W82/><G82/><N who="1" m="31850" /><E106/><V45/><F131/><W72/><G72/><T21/><D120/><U62/><E39/><V34/><F34/><W110/><G1/><T127/><D105/><U42/><E99/><V91/><F45/><N who="1" m="16905" /><E42/><V18/><F113/><W85/><G121/><T22/><D112/><U118/><E118/><V93/><F13/><W20/><G128/><T95/><D12/><U4/><E4/><V31/><F31/><W94/><G110/><T77/><D30/><U76/><E76/><V43/><F43/><W92/><G38/><T97/><D77/><U103/><E103/><V73/><F73/><W48/><G40/><T69/><D102/><U107/><E107/><V10/><F10/><W111/><G41/><T3/><D3/><U11/><E11/><V87/><F91/><W17/><G111/><T28/><D8/><U9/><E9/><V24/><F24/><W14/><G14/><T33/><D28/><U101/><E101/><V115/><F115/><W96/><G96/><T130/><D97/><U123/><E123/><V90/><F90/><W27/><G27/><T83/><D130/><U15/><E15/><V51/><F51/><W124/><G48/><T114/><D114/><RYUUKYOKU ba="0,0" sc="55,-10,22,-10,170,30,753,-10" hai2="16,18,44,49,53,61,65,87,88,93" />
</Scene>
<Scene>
<INIT seed="6,1,0,0,0,91" ten="45,12,200,743" oya="2" hai0="135,18,24,31,12,44,59,2,74,17,48,75,118" hai1="93,21,99,82,15,52,62,23,34,132,133,14,108" hai2="69,117,58,54,42,9,47,6,66,83,110,65,29" hai3="130,19,81,43,120,77,68,61,122,109,112,123,8"/><V28/><F117/><W27/><G109/><T76/><D2/><U70/><E108/><V124/><F110/><W95/><G43/><T32/><D118/><U94/><E70/><V97/><F124/><W104/><G104/><T3/><D3/><U102/><E34/><V51/><F83/><W10/><G130/><T84/><D135/><N who="1" m="51787" /><E82/><V80/><F97/><W131/><G61/><T100/><D76/><U64/><E64/><V56/><F80/><W107/><G68/><T119/><D119/><U129/><E129/><V50/><F69/><W11/><G107/><T30/><D32/><U72/><E72/><V121/><F121/><W106/><G106/><T86/><D75/><U45/><E93/><V101/><F101/><W33/><G95/><T4/><D74/><U96/><E96/><V53/><F66/><W125/><G125/><T26/><D86/><U98/><E98/><V22/><F22/><N who="1" m="8201" /><E45/><V87/><F65/><W63/><G63/><T90/><D44/><U115/><E115/><V92/><F92/><W25/><G112/><T57/><D100/><U5/><E5/><V40/><F87/><W127/><G127/><T0/><D84/><U60/><E60/><N who="2" m="35855" /><F40/><W7/><G131/><T35/><D35/><U116/><E116/><V103/><F103/><W16/><G81/><T71/><D71/><U20/><N who="1" m="8209" /><U111/><DORA hai="113" /><E111/><V13/><AGARI ba="1,0" hai="6,9,13,28,29,42,47,50,51,54,58" m="35855" machi="13" ten="30,1500,0" yaku="8,1" doraHai="91,113" who="2" fromWho="2" sc="45,-6,12,-6,200,18,743,-6" />
</Scene>
<Scene>
<INIT seed="6,2,0,1,4,31" ten="39,6,218,737" oya="2" hai0="123,28,44,10,3,37,5,25,131,127,51,114,18" hai1="29,105,119,13,121,63,75,94,59,33,49,30,73" hai2="50,130,101,83,52,46,115,110,126,132,11,7,65" hai3="4,111,77,98,9,66,97,54,76,112,40,8,113"/><V0/><F115/><W32/><G32/><T60/><D123/><U86/><E105/><V39/><F126/><W19/><G40/><T135/><D114/><U68/><E119/><V74/><F130/><W70/><G54/><T91/><D131/><U21/><E121/><V129/><F129/><W27/><G27/><T116/><D37/><U24/><E30/><V64/><F132/><W61/><G111/><T100/><D100/><U48/><E68/><V102/><F110/><W58/><G19/><T55/><D135/><U103/><E103/><V41/><F65/><W47/><G47/><T35/><D127/><U92/><E63/><V45/><F64/><W124/><G58/><T57/><D116/><U122/><E122/><V16/><F16/><W42/><G66/><T79/><D79/><AGARI ba="2,0" hai="0,7,11,39,41,45,46,50,52,74,79,83,101,102" machi="79" ten="40,7700,0" yaku="25,2,54,1" doraHai="31" who="2" fromWho="0" sc="39,-83,6,0,218,83,737,0" owari="-44,-54.0,6,-39.0,301,10.0,737,83.0" />
</Scene>
</mjloggm>