<mjloggm ver="2.3"><GO type="169" lobby="0"/><UN n0="%53%45%4C%45%43%54%2A" n1="%E4%B8%AD%E6%9D%91%E8%B1%AA" n2="%72%79%6F%E2%80%A6%31%35" n3="%E5%A4%AA%E3%81%8F%E3%81%AA%E3%81%84%E3%81%8A" dan="17,17,17,17" rate="2198.06,2167.56,2135.51,2218.20" sx="M,M,M,M"/><TAIKYOKU oya="0"/>

<Scene>
<INIT seed="0,0,0,5,0,73" ten="250,250,250,250" oya="0" hai0="95,42,19,5,74,28,50,129,82,6,41,87,17" hai1="120,30,49,71,13,131,9,61,107,85,84,10,116" hai2="57,37,80,90,11,112,27,92,15,35,105,25,0" hai3="118,124,117,24,7,77,62,103,130,63,133,68,43"/><T115/><D115/><U76/><E107/><V135/><F37/><W18/><G7/><N who="0" m="2571" /><D74/><U54/><E116/><V101/><F0/><W123/><G103/><T48/><D129/><U8/><E120/><V32/><F101/><W109/><G43/><N who="0" m="16395" /><D28/><U98/><E131/><V66/><F105/><W114/><G114/><T1/><D1/><U22/><E98/><V23/><F32/><W94/><G130/><T39/><D95/><U36/><E36/><V111/><F92/><W70/><G94/><T29/><D29/><U44/><E30/><V12/><F35/><W113/><G113/><T89/><D39/><U127/><E71/><V104/><F104/><W3/><G3/><T65/><D65/><U100/><E100/><V46/><F66/><W60/><G123/><T67/><D67/><U40/><E40/><V96/><F112/><W97/><G68/><T26/><D26/><U33/><E33/><V81/><F25/><W121/><G24/><T126/><D126/><U64/><E127/><V125/><F27/><W56/><G70/><T83/><D83/><U4/><E4/><V122/><F81/><W134/><G124/><T34/><D34/><U110/><E64/><V20/><F80/><W78/><G121/><T45/><D45/><U38/><E44/><V75/><F75/><W31/><G31/><T119/><D119/><U51/><E38/><V108/><F46/><W69/><G69/><T47/><D47/><U132/><E9/><V16/><F125/><W79/><G118/><T2/><D2/><U93/><E8/><V86/><F122/><W58/><G117/><RYUUKYOKU ba="0,0" sc="250,30,250,-10,250,-10,250,-10" hai0="17,19,48,50,82,87,89" />
</Scene>
<Scene>
<INIT seed="0,1,0,3,1,7" ten="280,240,240,240" oya="0" hai0="37,48,51,86,132,109,89,2,39,129,54,42,61" hai1="83,56,50,45,16,73,28,47,92,100,103,32,102" hai2="38,33,14,119,0,74,94,40,104,4,128,115,20" hai3="79,87,131,81,6,55,65,130,106,8,46,62,11"/><T52/><D2/><U53/><E28/><V72/><F94/><W90/><G106/><T113/><D113/><U105/><E32/><V110/><F20/><W116/><G116/><T60/><D132/><U88/><E105/><V10/><F14/><W17/><G17/><T78/><D78/><U13/><E83/><V76/><F74/><W112/><G112/><T122/><D122/><U120/><E73/><V107/><F115/><W49/><G79/><T123/><D123/><U66/><E66/><V69/><F119/><W26/><G26/><T41/><D86/><N who="1" m="52247" /><E120/><V70/><F33/><W127/><G127/><T64/><D89/><U68/><E68/><N who="2" m="26219" /><F110/><W67/><G6/><T134/><D134/><U77/><E77/><V117/><F128/><N who="3" m="49195" /><G67/><T75/><D75/><U25/><E25/><V108/><F108/><W35/><G35/><T31/><D129/><U21/><AGARI ba="1,0" hai="13,16,21,45,47,50,53,56,100,102,103" m="52247" machi="21" ten="30,7900,0" yaku="25,1,8,1,54,2" doraHai="7" who="1" fromWho="1" sc="280,-40,240,82,240,-21,240,-21" />
</Scene>
<Scene>
<INIT seed="1,0,0,5,2,79" ten="240,322,219,219" oya="1" hai0="39,96,53,41,44,114,25,3,102,43,93,33,87" hai1="113,128,63,8,83,103,23,46,125,116,94,16,126" hai2="48,127,107,28,100,121,130,111,17,133,78,29,50" hai3="12,58,62,34,70,89,131,105,98,22,14,106,4"/><U35/><E35/><V52/><F121/><W5/><G34/><T9/><D114/><U13/><E113/><V32/><F111/><W75/><G70/><T135/><D135/><U76/><E116/><V109/><F109/><W132/><G75/><T88/><D3/><U69/><E128/><V123/><F123/><W56/><G132/><T85/><D85/><N who="1" m="48359" /><E46/><V59/><F133/><W6/><G131/><T42/><D9/><U129/><E129/><V99/><F32/><W7/><G7/><T108/><D108/><U124/><E103/><V90/><F130/><W66/><G105/><T30/><REACH who="0" step="1"/><D53/><REACH who="0" ten="230,322,219,219" step="2"/><U51/><E8/><V27/><F127/><W11/><G11/><T18/><D18/><U112/><E112/><V24/><F17/><W36/><G4/><T40/><D40/><U95/><E51/><V55/><F78/><W72/><G5/><T64/><D64/><AGARI ba="0,1" hai="13,16,23,63,64,69,94,95,124,125,126" m="48359" machi="64" ten="30,5800,0" yaku="18,1,52,1,54,1" doraHai="79" who="1" fromWho="0" sc="230,-58,322,68,219,0,219,0" />
</Scene>
<Scene>
<INIT seed="1,1,0,2,1,24" ten="172,390,219,219" oya="1" hai0="89,135,92,15,123,131,18,73,79,119,17,41,74" hai1="129,95,134,61,47,10,101,132,26,121,126,35,124" hai2="3,98,116,56,96,20,27,13,84,16,40,36,118" hai3="77,29,76,43,114,133,93,46,38,0,11,94,9"/><U53/><E121/><V122/><F3/><W85/><G114/><T12/><D119/><U19/><E101/><V23/><F122/><W52/><G133/><N who="1" m="51306" /><E95/><V71/><F71/><W28/><G0/><T99/><D135/><U69/><E47/><V67/><F40/><W97/><G38/><T113/><D113/><U70/><E53/><V75/><F36/><W54/><G43/><T100/><D123/><U78/><E78/><V102/><F75/><W66/><G66/><T87/><D131/><U107/><E107/><V30/><F84/><W125/><G125/><N who="1" m="48234" /><E61/><N who="2" m="38311" /><F98/><W34/><G34/><T65/><D65/><U37/><E37/><V50/><F50/><W104/><G104/><N who="0" m="63519" /><D41/><U63/><E63/><V108/><F116/><W60/><G60/><T1/><D74/><U14/><E129/><V7/><F118/><W49/><G97/><T39/><D39/><U31/><AGARI ba="1,0" hai="10,14,19,26,31,35,69,70" m="48234,51306" machi="31" ten="40,7800,0" yaku="20,1,18,1,52,1" doraHai="24" who="1" fromWho="1" sc="172,-27,390,81,219,-27,219,-27" />
</Scene>
<Scene>
<INIT seed="1,2,0,4,3,123" ten="145,471,192,192" oya="1" hai0="53,111,127,108,66,92,133,69,93,110,64,12,60" hai1="35,132,62,71,28,131,3,116,37,67,95,77,4" hai2="107,24,135,34,115,103,100,51,79,87,16,54,20" hai3="120,29,130,68,57,10,91,126,80,70,18,73,118"/><U72/><E116/><V97/><F103/><W23/><G120/><T6/><D133/><U43/><E95/><N who="0" m="36425" /><D127/><U86/><E86/><V84/><F135/><W21/><G126/><T121/><D121/><U38/><E131/><V42/><F115/><W39/><G39/><T50/><D66/><U114/><E114/><V22/><F34/><W40/><G40/><T14/><D6/><U83/><E132/><V122/><F122/><W117/><G130/><T41/><D41/><U33/><E28/><V15/><F42/><W13/><G57/><AGARI ba="2,0" hai="12,14,50,53,57,60,64,69,108,110,111" m="36425" machi="57" ten="30,7700,0" yaku="14,1,52,3" doraHai="123" who="0" fromWho="3" sc="145,83,471,0,192,0,192,-83" />
</Scene>
<Scene>
<INIT seed="2,0,0,2,2,94" ten="228,471,192,109" oya="2" hai0="119,28,81,43,51,75,20,21,37,50,133,29,134" hai1="33,3,48,86,47,70,122,110,56,109,84,116,101" hai2="82,128,98,118,30,92,35,107,112,63,65,66,108" hai3="117,14,103,89,39,5,19,68,83,12,22,120,6"/><V113/><F118/><W17/><G117/><T32/><D119/><U58/><E3/><V114/><F128/><W24/><G120/><T77/><D37/><U67/><E33/><V62/><F82/><W79/><G39/><T52/><D43/><U100/><E116/><V124/><F124/><W125/><G68/><T57/><D51/><U25/><E25/><V16/><F107/><W53/><G125/><T99/><D99/><U96/><E122/><V18/><F108/><N who="1" m="41577" /><E70/><V127/><F127/><W55/><G89/><T36/><D36/><U121/><E101/><V4/><F4/><W102/><G24/><N who="0" m="18471" /><D28/><U27/><E27/><V95/><F30/><W31/><G31/><T69/><D69/><U87/><E67/><V38/><F38/><W26/><G26/><T59/><D57/><U15/><E15/><V42/><F35/><W73/><G5/><T74/><D74/><U44/><E121/><V115/><F113/><W104/><G6/><T46/><D59/><N who="1" m="22571" /><E48/><V45/><F66/><W61/><G61/><T60/><D60/><U41/><E41/><V123/><F123/><W88/><G55/><T40/><D40/><U54/><E54/><V93/><F65/><W80/><G53/><T105/><D105/><AGARI ba="0,0" hai="44,47,84,86,87,96,100,105" m="22571,41577" machi="105" ten="30,2000,0" yaku="14,1,52,1" doraHai="94" who="1" fromWho="0" sc="228,-20,471,20,192,0,109,0" />
</Scene>
<Scene>
<INIT seed="3,0,0,4,1,90" ten="208,491,192,109" oya="3" hai0="9,25,59,113,104,124,56,83,51,18,131,132,107" hai1="94,106,28,44,102,75,16,55,58,92,112,43,42" hai2="29,31,134,50,33,65,34,118,47,97,133,64,21" hai3="11,39,72,61,89,13,3,111,62,35,24,114,14"/><W135/><G114/><T10/><D113/><U27/><E75/><V63/><F118/><W23/><G39/><T81/><D25/><U98/><E112/><V125/><F125/><W110/><G72/><T32/><D51/><U7/><E7/><V87/><F87/><W48/><G35/><T0/><D32/><U100/><E100/><V19/><F97/><W5/><G48/><T26/><D26/><U49/><E16/><V76/><F76/><W37/><G37/><T38/><D38/><U129/><E129/><V67/><F63/><W109/><G135/><N who="2" m="51721" /><F29/><W117/><G117/><T54/><D132/><U2/><E2/><V8/><F8/><W86/><G61/><T15/><D10/><U93/><REACH who="1" step="1"/><E44/><REACH who="1" ten="208,481,192,109" step="2"/><V130/><F130/><W20/><G62/><T99/><D131/><U40/><E40/><N who="2" m="24935" /><F31/><N who="3" m="17799" /><G23/><AGARI ba="0,1" hai="23,27,28,42,43,49,55,58,92,93,94,98,102,106" machi="23" ten="40,8000,1" yaku="1,1,52,3,53,0" doraHai="90" doraHaiUra="119" who="1" fromWho="3" sc="208,0,481,90,192,0,109,-80" />
</Scene>
<Scene>
<INIT seed="4,0,0,3,1,125" ten="208,571,192,29" oya="0" hai0="31,50,7,51,119,69,64,103,123,48,94,54,128" hai1="18,67,114,84,132,135,34,90,73,61,104,14,47" hai2="102,76,60,79,13,1,86,68,92,30,46,42,45" hai3="70,126,17,105,121,23,88,98,87,111,2,122,36"/><T85/><D123/><N who="3" m="47113" /><G111/><T75/><D75/><U106/><E34/><V134/><F1/><W71/><G36/><T22/><D119/><U26/><E26/><V8/><F134/><N who="1" m="51241" /><E47/><V6/><F30/><W44/><G2/><T20/><D7/><U33/><E33/><V83/><F76/><W110/><G110/><T10/><D10/><N who="1" m="6487" /><E114/><V74/><F74/><W41/><G126/><T57/><D31/><U35/><E35/><V11/><F11/><W4/><G4/><T131/><D64/><U96/><E96/><N who="2" m="59655" /><F68/><W9/><G9/><T65/><D65/><U127/><E73/><V59/><F42/><W49/><G98/><N who="0" m="59863" /><D69/><N who="1" m="42223" /><E127/><V40/><F40/><W116/><G105/><T56/><D85/><U109/><E109/><V43/><F43/><W3/><G116/><T120/><D120/><U101/><E101/><V81/><F86/><W100/><G100/><T99/><D99/><U115/><E115/><V25/><F6/><W12/><G3/><T63/><D57/><U52/><E52/><V58/><F59/><W108/><G108/><T113/><D113/><U77/><E77/><V0/><F79/><W38/><G38/><T107/><D107/><U55/><E55/><N who="2" m="33887" /><F0/><W112/><G112/><T19/><D19/><U78/><E78/><V129/><F46/><W21/><G21/><T95/><D95/><AGARI ba="0,0" hai="84,90,95,104,106" m="42223,6487,51241" machi="95" ten="30,1000,0" yaku="20,1" doraHai="125" who="1" fromWho="0" sc="208,-10,571,10,192,0,29,0" /><AGARI ba="0,0" hai="12,17,23,41,44,49,70,71,87,88,95" m="47113" machi="95" ten="30,2000,0" yaku="13,1,54,1" doraHai="125" who="3" fromWho="0" sc="198,-20,581,0,192,0,29,20" />
</Scene>
<Scene>
<INIT seed="5,0,0,2,1,29" ten="178,581,192,49" oya="1" hai0="50,88,1,23,134,18,66,20,94,36,135,4,125" hai1="38,10,43,128,110,61,93,103,52,118,80,102,28" hai2="35,91,55,34,111,15,58,119,133,2,114,31,96" hai3="13,70,51,100,95,124,89,81,115,32,107,71,116"/><U85/><E118/><V30/><F2/><W120/><G120/><T113/><D36/><U41/><E128/><V76/><F119/><W86/><G116/><T17/><D113/><U121/><E28/><V5/><F111/><W77/><G115/><T104/><D104/><U132/><E132/><N who="0" m="50729" /><D125/><U57/><E121/><V8/><F114/><W97/><G124/><T83/><D83/><U6/><E110/><V47/><F133/><W33/><G51/><T75/><D75/><U59/><E59/><V0/><F76/><W60/><G13/><N who="0" m="9263" /><D66/><U79/><E38/><V42/><F0/><W112/><G112/><T123/><D123/><U105/><E105/><V27/><F96/><W109/><G109/><T54/><D4/><U69/><E69/><V64/><F64/><W26/><G26/><N who="0" m="14711" /><D1/><U9/><E6/><V98/><F98/><W129/><G129/><T108/><D108/><U130/><E130/><V45/><F91/><W22/><G22/><T3/><D3/><U73/><E80/><V49/><F42/><W101/><G101/><T117/><D117/><U68/><E43/><V126/><F126/><W7/><G7/><T65/><D65/><U82/><E41/><V16/><F5/><W40/><G40/><T106/><D106/><U90/><E68/><N who="3" m="26154" /><G60/><T12/><D12/><U87/><E73/><AGARI ba="0,0" hai="32,33,73,77,81,86,89,95,97,100,107" m="26154" machi="73" ten="30,3900,0" yaku="24,1,52,2" doraHai="29" who="3" fromWho="1" sc="178,0,581,-39,192,0,49,39" />
</Scene>
<Scene>
<INIT seed="6,0,0,0,1,134" ten="178,542,192,88" oya="2" hai0="5,82,56,121,50,107,106,52,71,96,99,58,26" hai1="55,110,127,45,83,81,102,65,125,29,6,24,74" hai2="19,12,33,73,47,32,1,40,27,11,111,67,77" hai3="3,35,120,128,88,76,0,34,75,64,25,44,103"/><V22/><F111/><W61/><G120/><T15/><D121/><U63/><E102/><V117/><F117/><W92/><G128/><T36/><D71/><U20/><E6/><V18/><F67/><W62/><G103/><T69/><D69/><U37/><E110/><V31/><F77/><W101/><G101/><T46/><D36/><U42/><E55/><V21/><F73/><W60/><G64/><T118/><D118/><U43/><E43/><V95/><F95/><W97/><G44/><T93/><D107/><U119/><E119/><V114/><F114/><W109/><G109/><T104/><D104/><U4/><E4/><N who="2" m="1423" /><F47/><W28/><REACH who="3" step="1"/><G34/><REACH who="3" ten="178,542,192,78" step="2"/><N who="2" m="13417" /><F40/><W126/><G126/><N who="1" m="48138" /><E74/><V78/><F78/><W16/><G16/><AGARI ba="0,1" hai="12,16,18,19,21,22,27,31" m="13417,1423" machi="16" ten="30,18000,2" yaku="35,5,54,1" doraHai="134" who="2" fromWho="3" sc="178,0,542,0,192,190,78,-180" owari="178,-22.0,542,64.0,382,18.0,-102,-60.0" />
</Scene>
</mjloggm>