<mjloggm ver="2.3"><GO type="169" lobby="0"/><UN n0="%28%E8%9B%99%E3%83%BB%60%CF%89%E3%83%BB%C2%B4%29" n1="%E5%A4%AA%E3%81%8F%E3%81%AA%E3%81%84%E3%81%8A" n2="%68%61%79%61%74%6F%E2%98%86" n3="%E5%A4%A7%E9%B3%A5%E7%8D%85%E5%AD%90%E5%90%BC" dan="16,18,18,16" rate="2115.04,2226.64,2254.22,2127.86" sx="M,M,M,M"/><TAIKYOKU oya="0"/>

<Scene>
<INIT seed="0,0,0,3,2,47" ten="250,250,250,250" oya="0" hai0="15,121,110,112,84,11,51,130,34,28,41,68,22" hai1="72,109,116,92,48,24,133,61,23,10,113,125,39" hai2="12,78,106,65,56,25,117,66,104,40,80,13,101" hai3="73,19,103,63,107,134,71,91,97,128,43,33,94"/><T98/><D112/><U55/><E116/><V29/><F117/><W50/><G33/><T38/><D130/><U46/><E72/><V100/><F40/><W120/><G128/><T45/><D68/><U95/><E113/><V115/><F115/><W36/><G134/><T85/><D121/><U118/><E118/><V105/><F56/><W6/><G6/><T99/><D34/><U4/><E133/><V96/><F96/><N who="0" m="36906" /><D38/><U114/><E114/><V70/><F70/><W75/><G120/><T42/><D42/><U60/><E39/><V35/><F65/><W83/><G36/><T37/><D37/><U123/><E123/><V0/><F66/><W119/><G119/><T16/><D110/><U124/><E109/><V30/><F0/><W69/><G69/><T79/><D79/><U7/><E92/><V62/><F62/><N who="1" m="24169" /><E95/><V74/><F30/><W58/><G71/><T64/><D64/><U17/><E10/><V1/><F1/><W129/><G129/><T54/><D41/><U81/><E81/><V59/><F78/><W67/><G83/><T44/><D44/><U131/><E131/><V132/><F80/><W108/><G108/><T111/><D111/><U18/><E125/><V127/><F74/><W82/><G82/><T9/><D9/><U57/><E46/><V122/><F127/><W88/><G75/><T8/><D8/><U135/><E124/><V2/><F2/><W31/><G107/><T5/><D28/><N who="1" m="17439" /><E135/><V126/><F126/><W76/><G73/><T32/><D32/><U27/><E18/><V89/><F132/><W86/><G19/><RYUUKYOKU ba="0,0" sc="250,15,250,15,250,-15,250,-15" hai0="5,11,15,16,22,45,51,54,84,85" hai1="4,7,17,27,48,55,57" />
</Scene>
<Scene>
<INIT seed="0,1,0,3,5,0" ten="265,265,235,235" oya="0" hai0="42,39,61,110,55,72,70,10,130,23,14,134,40" hai1="85,67,131,95,9,105,79,100,101,2,19,24,6" hai2="102,45,84,123,118,50,38,54,121,83,11,26,29" hai3="77,22,122,59,71,62,125,1,86,91,81,53,90"/><T58/><D134/><U89/><E131/><V43/><F118/><W16/><G125/><T120/><D120/><U36/><E36/><V127/><F127/><W12/><G122/><T63/><D130/><U66/><E79/><V41/><F102/><W64/><REACH who="3" step="1"/><G1/><REACH who="3" ten="265,265,235,225" step="2"/><T44/><D110/><U104/><E2/><V116/><F121/><W17/><G17/><T114/><D114/><U8/><E19/><V5/><F123/><W73/><G73/><T119/><D72/><U76/><E105/><V15/><F116/><W88/><G88/><T21/><D119/><U56/><E89/><V32/><F38/><W129/><G129/><T33/><D39/><U28/><E104/><V52/><REACH who="2" step="1"/><F43/><REACH who="2" ten="265,265,225,225" step="2"/><W92/><G92/><T132/><D42/><U133/><E95/><V78/><AGARI ba="1,2" hai="5,11,15,26,29,32,41,45,50,52,54,78,83,84" machi="78" ten="20,16000,3" yaku="1,1,2,1,0,1,7,1,25,2,52,1,54,1,53,0" doraHai="0" doraHaiUra="18" who="2" fromWho="2" sc="265,-81,265,-41,225,183,225,-41" />
</Scene>
<Scene>
<INIT seed="1,0,0,3,2,65" ten="184,224,408,184" oya="1" hai0="105,75,92,71,21,84,85,35,62,49,50,16,106" hai1="15,64,12,28,131,90,8,74,39,67,69,86,110" hai2="96,0,57,128,17,125,18,77,121,2,117,109,134" hai3="133,40,129,119,122,24,95,124,14,120,23,116,19"/><U87/><E74/><V25/><F96/><W5/><G40/><T22/><D35/><U9/><E39/><V108/><F57/><W114/><G114/><T7/><D75/><U94/><E131/><V63/><F63/><W98/><G129/><T53/><D7/><U103/><E103/><V10/><F77/><W70/><G70/><T13/><D22/><U79/><E28/><V123/><F117/><N who="3" m="45131" /><G133/><T101/><D101/><U104/><E104/><V38/><F38/><W46/><G46/><T3/><D3/><U66/><E69/><V102/><F102/><N who="3" m="60767" /><G124/><T88/><D84/><U61/><E61/><V82/><F82/><W112/><G112/><T54/><D54/><U93/><E110/><V37/><F37/><W68/><G68/><T91/><D91/><N who="1" m="53495" /><E79/><V113/><F134/><W31/><G5/><T100/><D100/><U27/><E27/><V130/><F113/><W4/><G4/><T73/><D73/><U52/><E52/><V72/><F72/><W44/><G44/><T60/><D60/><U132/><E132/><V43/><F43/><W135/><G135/><T118/><D118/><U99/><E99/><V6/><F6/><W55/><G55/><T34/><D34/><AGARI ba="0,0" hai="14,19,23,24,31,34,120,122" m="60767,45131" machi="34" ten="30,1000,0" yaku="12,1" doraHai="65" who="3" fromWho="0" sc="184,-10,224,0,408,0,184,10" />
</Scene>
<Scene>
<INIT seed="2,0,0,1,3,103" ten="174,224,408,194" oya="2" hai0="26,112,88,100,51,53,115,96,23,118,66,44,62" hai1="59,86,29,73,116,90,31,63,130,132,72,111,19" hai2="37,21,28,98,89,133,50,74,87,36,129,61,58" hai3="101,84,42,85,22,38,76,41,56,75,10,60,124"/><V71/><F74/><W135/><G75/><T32/><D32/><U20/><E116/><V82/><F129/><W108/><G108/><T27/><D118/><U2/><E2/><V3/><F3/><W18/><G124/><T113/><D88/><U93/><E111/><V79/><F71/><W6/><G135/><T134/><D134/><U120/><E132/><V117/><F117/><W128/><G101/><T81/><D81/><U9/><E130/><V8/><F8/><W70/><G70/><T12/><D12/><N who="1" m="7567" /><E73/><V109/><F50/><W119/><G119/><T34/><D34/><U45/><E72/><V68/><F68/><W78/><G38/><T77/><D77/><N who="3" m="29801" /><G10/><T114/><D23/><U95/><E45/><V17/><F109/><W0/><G6/><T80/><D80/><N who="1" m="49479" /><E120/><V15/><F28/><W47/><G47/><T55/><D55/><N who="1" m="34303" /><E31/><V49/><F133/><W1/><G1/><T92/><N who="0" m="28672" /><DORA hai="126" /><T7/><REACH who="0" step="1"/><D7/><REACH who="0" ten="164,224,408,194" step="2"/><U54/><E54/><N who="2" m="32079" /><F89/><W25/><G128/><T4/><D4/><U16/><E29/><V65/><F79/><W107/><G0/><T131/><D131/><U11/><E11/><V97/><F82/><W35/><G35/><T48/><D48/><U110/><E110/><V123/><F36/><W43/><G22/><T14/><D14/><AGARI ba="0,1" hai="14,16,20,93,95" m="34303,49479,7567" machi="14" ten="30,2000,0" yaku="8,1,54,1" doraHai="103,126" who="1" fromWho="0" sc="164,-20,224,30,408,0,194,0" />
</Scene>
<Scene>
<INIT seed="3,0,0,4,2,81" ten="144,254,408,194" oya="3" hai0="120,107,3,44,58,47,102,61,67,126,117,74,105" hai1="7,96,13,59,112,73,84,80,18,24,12,66,48" hai2="20,70,23,83,98,17,89,68,38,125,40,100,9" hai3="1,104,87,22,99,75,78,132,64,35,72,39,90"/><W46/><G35/><T33/><D117/><U133/><E73/><V110/><F125/><W28/><G1/><T71/><D126/><U45/><E112/><V128/><F128/><W4/><G4/><T127/><D127/><U92/><E133/><V31/><F31/><W62/><G132/><T77/><D120/><U41/><E7/><V108/><F9/><W15/><G78/><T93/><D3/><U122/><E122/><V5/><F5/><W85/><G85/><T54/><D33/><U135/><E135/><V134/><F134/><W8/><G39/><T106/><D77/><N who="1" m="46095" /><E66/><V118/><F118/><W56/><G46/><T129/><D74/><U60/><E24/><V113/><F113/><W131/><G131/><T19/><D129/><U124/><E124/><V10/><F40/><W116/><G116/><T86/><D19/><U55/><E18/><V21/><F38/><W36/><G36/><T14/><D14/><U11/><E11/><V49/><F70/><W29/><G22/><T103/><D103/><AGARI ba="0,0" hai="12,13,41,45,48,55,59,60,92,96,103" m="46095" machi="103" ten="30,2000,0" yaku="8,1,52,1" doraHai="81" who="1" fromWho="0" sc="144,-20,254,20,408,0,194,0" />
</Scene>
<Scene>
<INIT seed="4,0,0,1,4,18" ten="124,274,408,194" oya="0" hai0="112,103,97,27,22,105,60,23,86,28,63,73,131" hai1="88,32,100,78,59,24,66,50,85,83,36,127,44" hai2="40,31,56,126,30,54,81,95,114,52,132,118,19" hai3="68,69,34,94,130,120,67,74,46,107,129,57,62"/><T98/><D112/><U48/><E127/><V53/><F114/><W123/><G107/><T111/><D73/><U77/><E36/><V14/><F118/><W71/><G34/><T26/><D131/><N who="3" m="50185" /><G94/><T13/><D111/><U109/><E109/><V17/><F126/><W55/><G74/><T49/><D13/><U9/><E100/><V115/><F115/><W10/><G10/><T99/><D86/><U3/><E3/><V11/><F40/><W117/><G117/><T33/><D33/><U91/><E32/><V122/><F122/><N who="3" m="46635" /><G46/><T106/><D49/><AGARI ba="0,0" hai="49,55,57,62,67,68,69,71" m="46635,50185" machi="49" ten="30,7700,0" yaku="19,1,13,1,34,2" doraHai="18" who="3" fromWho="0" sc="124,-77,274,0,408,0,194,77" />
</Scene>
<Scene>
<INIT seed="5,0,0,3,3,84" ten="47,274,408,271" oya="1" hai0="86,105,24,80,12,37,34,82,87,114,124,14,127" hai1="50,41,22,0,62,88,5,15,19,3,2,103,56" hai2="38,6,25,46,71,109,33,72,44,98,52,93,129" hai3="75,70,11,79,45,74,120,1,73,128,134,101,85"/><U133/><E103/><V125/><F71/><W31/><G70/><T130/><D105/><U49/><E133/><V61/><F72/><W39/><G120/><T99/><D37/><U117/><E117/><V42/><F109/><W36/><G134/><T27/><D130/><U112/><E112/><V97/><F125/><W116/><G128/><T113/><D99/><U21/><E5/><V100/><F6/><W78/><G101/><T20/><D20/><U64/><E22/><V9/><F9/><W115/><G115/><T91/><REACH who="0" step="1"/><D34/><REACH who="0" ten="37,274,408,271" step="2"/><U54/><E41/><V81/><F97/><W118/><G39/><T111/><D111/><U119/><E119/><V35/><F33/><W104/><G104/><T8/><D8/><U67/><E67/><V51/><F129/><W55/><G116/><T28/><D28/><U60/><E64/><V106/><F106/><W83/><G118/><T135/><D135/><U132/><E132/><V7/><F35/><W63/><G31/><T43/><D43/><U40/><E40/><V30/><F30/><W53/><G36/><T26/><D26/><U110/><E110/><V66/><F25/><W95/><G11/><T48/><D48/><U108/><E108/><V47/><F42/><W59/><G75/><T122/><D122/><U89/><REACH who="1" step="1"/><E49/><REACH who="1" ten="37,264,408,271" step="2"/><V131/><F38/><W57/><G73/><T121/><D121/><U77/><E77/><V69/><F131/><W94/><G78/><T10/><D10/><U58/><E58/><V90/><F7/><W126/><G74/><T92/><D92/><U68/><E68/><V107/><F93/><RYUUKYOKU ba="0,2" sc="37,10,264,10,408,10,271,-30" hai0="12,14,24,27,80,82,86,87,91,113,114,124,127" hai1="0,2,3,15,19,21,50,54,56,60,62,88,89" hai2="44,46,47,51,52,61,66,69,81,90,98,100,107" />
</Scene>
<Scene>
<INIT seed="5,1,2,3,0,86" ten="47,274,418,241" oya="1" hai0="100,133,114,103,4,50,89,79,60,59,119,122,116" hai1="52,49,24,66,70,42,71,37,0,75,121,7,82" hai2="62,113,35,95,1,10,40,56,124,132,120,101,2" hai3="93,11,15,54,68,23,98,57,18,83,5,111,28"/><U76/><E121/><V67/><F35/><W43/><G68/><T17/><D114/><U92/><E24/><V8/><F40/><W31/><G111/><T45/><D133/><U91/><E42/><V9/><F113/><W87/><G43/><T128/><D128/><U77/><E77/><V73/><F73/><W20/><G83/><T38/><D38/><U102/><E102/><V96/><F132/><W72/><G72/><T26/><D4/><U12/><E0/><V130/><F120/><W84/><G28/><T131/><D131/><U33/><E33/><V110/><F130/><W80/><G31/><T106/><D79/><U69/><E37/><V134/><F134/><W53/><G53/><T55/><D122/><U123/><E123/><V109/><F124/><W6/><G23/><T3/><D3/><U41/><E41/><V126/><F126/><W97/><G97/><T64/><D106/><U61/><E12/><V135/><F135/><W117/><G80/><T48/><D48/><U39/><E7/><N who="3" m="2570" /><G11/><T21/><REACH who="0" step="1"/><D89/><REACH who="0" ten="37,274,418,241" step="2"/><U88/><E39/><V105/><F105/><W99/><G117/><AGARI ba="1,3" hai="17,21,26,45,50,55,59,60,64,100,103,116,117,119" machi="117" ten="40,2600,0" yaku="1,1,2,1,53,0" doraHai="86" doraHaiUra="78" who="0" fromWho="3" sc="37,59,274,0,418,0,241,-29" />
</Scene>
<Scene>
<INIT seed="6,0,0,4,5,112" ten="96,274,418,212" oya="2" hai0="51,5,0,135,61,43,95,104,49,106,42,85,133" hai1="52,76,88,132,120,33,15,125,115,14,72,116,73" hai2="35,20,1,93,117,57,80,48,54,13,102,99,124" hai3="44,11,128,101,103,6,31,64,24,111,37,134,21"/><V39/><F1/><W122/><G111/><T62/><D95/><U94/><E33/><V92/><F39/><W2/><G122/><T98/><D98/><U91/><E115/><V131/><F35/><W84/><G134/><T96/><D96/><U46/><E132/><V27/><F131/><W75/><G75/><T12/><D12/><U86/><E120/><V56/><F117/><W68/><G128/><T66/><D85/><U126/><E116/><V16/><F124/><N who="1" m="47721" /><E91/><V25/><F80/><W121/><G121/><T40/><D5/><U71/><E71/><V129/><F129/><W79/><G64/><T77/><D77/><U70/><E70/><V4/><F92/><W17/><G68/><T30/><D30/><U53/><E53/><V108/><F108/><W63/><G31/><T3/><D42/><U32/><E32/><V29/><F29/><W90/><G79/><T82/><REACH who="0" step="1"/><D66/><REACH who="0" ten="86,274,418,212" step="2"/><U60/><E76/><V8/><F25/><W113/><G113/><T89/><D89/><U18/><E15/><V97/><F99/><W110/><G110/><T114/><D114/><U22/><E94/><V38/><F38/><W65/><G90/><T19/><D19/><U34/><E88/><V107/><F107/><W23/><G84/><T127/><D127/><U78/><E86/><V119/><F119/><W55/><G37/><T47/><D47/><AGARI ba="0,1" hai="4,8,13,16,20,27,47,48,54,56,57,93,97,102" machi="47" ten="30,5800,0" yaku="7,1,8,1,54,1" doraHai="112" who="2" fromWho="0" sc="86,-58,274,0,418,68,212,0" />
</Scene>
<Scene>
<INIT seed="6,1,0,4,2,86" ten="28,274,486,212" oya="2" hai0="32,135,51,0,112,110,20,61,109,58,57,16,125" hai1="84,79,99,123,80,14,70,127,73,105,121,87,124" hai2="27,106,64,42,131,28,26,116,104,49,132,38,10" hai3="117,114,92,128,5,36,111,69,6,46,68,119,34"/><V102/><F116/><W4/><G34/><T94/><D32/><U96/><E70/><V95/><F38/><W41/><G111/><T2/><D112/><U45/><E45/><V88/><F131/><W98/><G114/><T101/><D135/><U113/><E113/><V17/><F64/><W29/><G29/><T56/><D125/><N who="1" m="48203" /><E14/><N who="2" m="7383" /><F106/><W89/><REACH who="3" step="1"/><G128/><REACH who="3" ten="28,274,486,202" step="2"/><T85/><D61/><U8/><E121/><V77/><F28/><W3/><G3/><T108/><D51/><U60/><E60/><V130/><F130/><W97/><G97/><T122/><D122/><U9/><E99/><V134/><F132/><W66/><G66/><T35/><D35/><U33/><E123/><V55/><F49/><W47/><G47/><T39/><D39/><U40/><E33/><V7/><F134/><W126/><G126/><T75/><D75/><U50/><E73/><V82/><F104/><W71/><AGARI ba="1,1" hai="4,5,6,36,41,46,68,69,71,89,92,98,117,119" machi="71" ten="40,5200,0" yaku="1,1,0,1,52,1,53,0" doraHai="86" doraHaiUra="74" who="3" fromWho="3" sc="28,-14,274,-14,486,-27,202,65" />
</Scene>
<Scene>
<INIT seed="7,0,0,4,3,18" ten="14,260,459,267" oya="3" hai0="32,118,6,135,4,116,17,13,70,131,82,56,12" hai1="74,66,15,39,124,134,132,115,16,83,85,117,37" hai2="98,33,79,78,107,50,11,133,69,99,43,30,29" hai3="96,122,55,129,19,75,35,103,84,63,89,102,100"/><W76/><G35/><T46/><D70/><U92/><E115/><V65/><F11/><W58/><G129/><T110/><D46/><U77/><E124/><V105/><F43/><W3/><G3/><T61/><D82/><U51/><E117/><V5/><F5/><W45/><G122/><T125/><D56/><U80/><E66/><V127/><F50/><W113/><G113/><T34/><D61/><U22/><E92/><V64/><F33/><W52/><G76/><T27/><D125/><U24/><E51/><V53/><F53/><W57/><G75/><T91/><D91/><N who="1" m="51623" /><E15/><V87/><F87/><W62/><G45/><T112/><D131/><U111/><E111/><V109/><F109/><W44/><G44/><T114/><D110/><U31/><E31/><V25/><F25/><W119/><G119/><T47/><D47/><U54/><E54/><V81/><F81/><W42/><G42/><T59/><D59/><U49/><E49/><V0/><F0/><W97/><REACH who="3" step="1"/><G19/><REACH who="3" ten="14,260,459,257" step="2"/><T121/><D121/><U9/><E9/><V71/><F127/><W8/><G8/><T106/><D106/><U7/><E7/><V26/><F79/><W86/><G86/><T38/><D38/><U20/><E20/><V1/><F78/><W126/><G126/><T28/><D17/><U128/><E128/><V130/><F130/><W36/><G36/><T93/><D93/><AGARI ba="0,1" hai="52,55,57,58,62,63,84,89,93,96,97,100,102,103" machi="93" ten="40,12000,1" yaku="1,1,9,1,8,1,54,1,53,0" doraHai="18" doraHaiUra="123" who="3" fromWho="0" sc="14,-120,260,0,459,0,257,130" owari="-106,-61.0,260,-14.0,459,56.0,387,19.0" />
</Scene>
</mjloggm>