<mjloggm ver="2.3"><GO type="169" lobby="0"/><UN n0="%41%56%E4%BB%A3%E7%90%86" n1="%E4%B8%AD%E6%9D%91%E8%B1%AA" n2="%61%6D%61%74%6F%75" n3="%E5%A4%AA%E3%81%8F%E3%81%AA%E3%81%84%E3%81%8A" dan="17,17,16,17" rate="2105.67,2143.66,2062.57,2179.00" sx="M,M,M,F"/><TAIKYOKU oya="0"/>

<Scene>
<INIT seed="0,0,0,4,2,69" ten="250,250,250,250" oya="0" hai0="59,12,1,40,76,73,24,97,11,134,31,84,6" hai1="91,135,72,8,106,115,109,121,20,123,28,23,90" hai2="125,124,102,56,45,118,105,29,68,41,128,49,15" hai3="48,83,46,95,0,67,98,92,87,14,122,71,16"/><T116/><D116/><U79/><E106/><V13/><F118/><W120/><G0/><T93/><D134/><U53/><E109/><V101/><F68/><W63/><G83/><T110/><D110/><U32/><E32/><V96/><F102/><W132/><G87/><T22/><D73/><U60/><E135/><V43/><F128/><W61/><G61/><T37/><D59/><U35/><E35/><V34/><F56/><W33/><G33/><T19/><D76/><U65/><E53/><V94/><F43/><W10/><G132/><T44/><D84/><U21/><E28/><V85/><F85/><W99/><G92/><T18/><REACH who="0" step="1"/><D1/><REACH who="0" ten="240,250,250,250" step="2"/><U30/><E79/><V77/><F77/><W81/><G81/><T66/><D66/><U51/><E72/><V100/><F124/><W54/><REACH who="3" step="1"/><G99/><REACH who="3" ten="240,250,250,240" step="2"/><T7/><D7/><U52/><E121/><V129/><F96/><W75/><G75/><T88/><AGARI ba="0,2" hai="6,11,12,18,19,22,24,31,37,40,44,88,93,97" machi="88" ten="20,12000,1" yaku="1,1,0,1,7,1,52,1,54,1,53,0" doraHai="69" doraHaiUra="111" who="0" fromWho="0" sc="240,140,250,-40,250,-40,240,-40" />
</Scene>
<Scene>
<INIT seed="0,1,0,4,4,118" ten="380,210,210,200" oya="0" hai0="51,58,109,116,46,72,104,32,41,60,84,31,106" hai1="79,7,99,44,83,97,82,87,28,80,124,62,114" hai2="102,107,34,39,4,81,64,9,66,91,128,93,131" hai3="5,3,50,23,26,94,101,127,45,16,21,52,47"/><T63/><D72/><U110/><E110/><V15/><F34/><W77/><G127/><T11/><D116/><U19/><E124/><V122/><F39/><W111/><G111/><T90/><D63/><U73/><E114/><V24/><F24/><N who="3" m="14375" /><G3/><T71/><D71/><U54/><E28/><V27/><F27/><W89/><G5/><T55/><D109/><U8/><E19/><V1/><F107/><W86/><G101/><T0/><D32/><U112/><E112/><V121/><F102/><W37/><G37/><T13/><D0/><U129/><E129/><N who="2" m="49739" /><F81/><W17/><G77/><T92/><D31/><U61/><E83/><V2/><F2/><W130/><G130/><T74/><D74/><U108/><E108/><V18/><F66/><W120/><G120/><N who="2" m="46185" /><F64/><W35/><G35/><T115/><D115/><U40/><E80/><V36/><F36/><W33/><G33/><T70/><D70/><U49/><E73/><V48/><F48/><W123/><G123/><T133/><D133/><U113/><E113/><V85/><F1/><W125/><G125/><T29/><D29/><U10/><E49/><V68/><F68/><W42/><G47/><T30/><D30/><U22/><E44/><V57/><F4/><AGARI ba="1,0" hai="4,11,13,41,46,51,55,58,60,84,90,92,104,106" machi="4" ten="30,1500,0" yaku="7,1" doraHai="118" who="0" fromWho="2" sc="380,18,210,0,210,-18,200,0" />
</Scene>
<Scene>
<INIT seed="0,2,0,1,4,59" ten="398,210,192,200" oya="0" hai0="26,74,4,130,47,10,19,133,52,53,28,125,33" hai1="37,119,66,23,43,73,99,44,63,24,103,115,64" hai2="41,18,101,42,70,72,34,106,102,13,118,96,90" hai3="81,69,108,87,0,105,45,60,55,123,135,78,16"/><T40/><D74/><U54/><E73/><V32/><F72/><W27/><G0/><T104/><D104/><U122/><E119/><V51/><F118/><W35/><G105/><T31/><D31/><U71/><E122/><V79/><F79/><W68/><G123/><T3/><D133/><U134/><E134/><V21/><F70/><W15/><G135/><T92/><D125/><U132/><E132/><V56/><F102/><W67/><G108/><T110/><D130/><U83/><E83/><V129/><F129/><W22/><G69/><T39/><D110/><U14/><E14/><V30/><F90/><W124/><G124/><T97/><REACH who="0" step="1"/><D19/><REACH who="0" ten="388,210,192,200" step="2"/><U113/><E113/><V25/><F30/><W120/><G120/><T89/><AGARI ba="2,1" hai="3,4,10,26,28,33,39,40,47,52,53,89,92,97" machi="89" ten="20,12000,1" yaku="1,1,2,1,0,1,7,1,54,1,53,0" doraHai="59" doraHaiUra="62" who="0" fromWho="0" sc="388,136,210,-42,192,-42,200,-42" />
</Scene>
<Scene>
<INIT seed="0,3,0,4,3,50" ten="524,168,150,158" oya="0" hai0="47,102,54,4,60,24,86,66,125,56,64,113,84" hai1="131,124,59,91,2,85,134,40,90,73,7,81,72" hai2="99,51,92,67,61,26,105,115,3,119,0,16,78" hai3="21,122,44,52,1,17,132,75,20,68,46,116,55"/><T41/><D125/><U98/><E131/><V111/><F115/><W29/><G116/><T10/><D102/><U22/><E134/><V35/><F105/><W62/><G1/><T58/><D24/><U53/><E40/><V123/><F123/><W48/><G75/><T49/><D113/><U96/><E124/><V13/><F78/><W33/><G132/><T97/><D97/><U120/><E120/><V80/><F80/><W65/><G122/><T30/><D30/><U79/><E73/><V45/><F119/><W118/><G118/><T25/><D25/><U93/><E22/><V110/><F26/><W135/><G135/><T23/><D23/><U11/><REACH who="1" step="1"/><E91/><REACH who="1" ten="524,158,150,158" step="2"/><N who="2" m="55711" /><F35/><W71/><G33/><T74/><D74/><U121/><E121/><V106/><F0/><W109/><G21/><T63/><D41/><U128/><E128/><V104/><F3/><AGARI ba="3,1" hai="3,4,10,47,49,54,56,58,60,63,64,66,84,86" machi="3" ten="30,5800,0" yaku="7,1,9,1,52,1" doraHai="50" who="0" fromWho="2" sc="524,77,158,0,150,-67,158,0" />
</Scene>
<Scene>
<INIT seed="0,4,0,5,2,26" ten="601,158,83,158" oya="0" hai0="2,50,104,17,43,119,120,132,23,105,108,1,86" hai1="58,98,66,37,9,102,56,123,42,64,59,71,110" hai2="38,51,21,112,62,11,106,35,46,100,60,41,91" hai3="76,14,113,18,33,131,84,129,0,8,63,27,61"/><T78/><D120/><U29/><E123/><V39/><F35/><W74/><G74/><T47/><D119/><U36/><E29/><V30/><F106/><W68/><G113/><T6/><D132/><U4/><E110/><V107/><F112/><W126/><G126/><T48/><D50/><U13/><E42/><V15/><F91/><W122/><G122/><T19/><D6/><U97/><E97/><V83/><F83/><N who="3" m="47207" /><G68/><T88/><D78/><U128/><E128/><N who="3" m="49226" /><G0/><T79/><D1/><U94/><REACH who="1" step="1"/><E71/><REACH who="1" ten="601,148,83,158" step="2"/><V87/><F30/><AGARI ba="4,1" hai="8,14,18,27,30,33,61,63" m="49226,47207" machi="30" ten="30,2000,0" yaku="19,1,52,1" doraHai="26" who="3" fromWho="2" sc="601,0,148,0,83,-32,158,42" />
</Scene>
<Scene>
<INIT seed="1,0,0,0,5,82" ten="601,148,51,200" oya="1" hai0="129,78,113,70,68,118,22,134,101,132,17,3,119" hai1="44,2,35,79,125,98,50,117,38,90,57,51,26" hai2="52,41,0,14,60,56,46,89,64,40,99,20,97" hai3="80,8,33,84,88,71,130,95,91,96,103,49,112"/><U65/><E2/><V29/><F0/><W32/><G112/><T122/><D3/><U19/><E117/><V92/><F99/><W59/><G71/><T62/><D113/><U115/><E115/><V127/><F127/><W100/><G130/><T58/><D129/><U43/><E79/><V42/><F14/><W116/><G116/><N who="0" m="44587" /><D101/><U11/><E125/><V61/><F61/><W128/><G128/><T25/><D78/><U45/><E35/><V53/><REACH who="2" step="1"/><F46/><REACH who="2" ten="601,148,41,200" step="2"/><W23/><G96/><T4/><D62/><U110/><E44/><V86/><F86/><W123/><G84/><T109/><D132/><U15/><E110/><V94/><F94/><W93/><G95/><T76/><D134/><U121/><E121/><V7/><F7/><W34/><G93/><T114/><D4/><U104/><E45/><V66/><F66/><W126/><G126/><T107/><D109/><U9/><E65/><V83/><F83/><W74/><G80/><T111/><D122/><U77/><E15/><V12/><F12/><W131/><G123/><T124/><D111/><U39/><E98/><V133/><F133/><W18/><G131/><T21/><D124/><U73/><E73/><V48/><F48/><W135/><G49/><T1/><D1/><U37/><E50/><V63/><F63/><W108/><G74/><T54/><D114/><U36/><E51/><V102/><F102/><W16/><G108/><T106/><D107/><U105/><E105/><V24/><AGARI ba="0,1" hai="20,24,29,40,41,42,52,53,56,60,64,89,92,97" machi="24" ten="30,7900,0" yaku="1,1,0,1,8,1,54,1,53,0" doraHai="82" doraHaiUra="120" who="2" fromWho="2" sc="601,-20,148,-39,41,89,200,-20" />
</Scene>
<Scene>
<INIT seed="2,0,0,5,5,87" ten="581,109,130,180" oya="2" hai0="121,13,130,43,89,67,55,125,9,108,40,24,98" hai1="104,92,20,126,45,82,41,99,59,4,93,117,66" hai2="113,37,38,96,53,111,71,86,60,33,133,1,18" hai3="63,19,76,25,124,80,51,114,21,79,0,77,122"/><V102/><F1/><W83/><G122/><T75/><D75/><U17/><E117/><V116/><F116/><W7/><G124/><T48/><D121/><U123/><E4/><V39/><F113/><W46/><G114/><T129/><D67/><U42/><E126/><V34/><F133/><W35/><G35/><T31/><D125/><U44/><E123/><V85/><F111/><W29/><G0/><T106/><D106/><U11/><E11/><V84/><F18/><W2/><G2/><T22/><D108/><U62/><E82/><N who="3" m="31274" /><G63/><T135/><D135/><U15/><E104/><V49/><F60/><W118/><G118/><T107/><D107/><U100/><REACH who="1" step="1"/><E93/><REACH who="1" ten="581,99,130,180" step="2"/><V128/><F128/><W73/><G7/><T81/><D9/><U120/><E120/><V57/><REACH who="2" step="1"/><F71/><REACH who="2" ten="581,99,120,180" step="2"/><W101/><G73/><T23/><D129/><U72/><E72/><V27/><F27/><W78/><G25/><T47/><D130/><U110/><E110/><V70/><F70/><W14/><G14/><T74/><D74/><U91/><E91/><V52/><F52/><W132/><G132/><T68/><D68/><U112/><E112/><V134/><F134/><W26/><G26/><T56/><D13/><U65/><E65/><V36/><N who="2" m="9216" /><DORA hai="16" /><V64/><F64/><W109/><G109/><T6/><D24/><U95/><E95/><AGARI ba="0,2" hai="33,34,49,53,57,84,85,86,95,96,102" m="9216" machi="95" ten="70,3400,0" yaku="1,1,53,0" doraHai="87,16" doraHaiUra="32,105" who="2" fromWho="1" sc="581,0,99,-34,120,54,180,0" />
</Scene>
<Scene>
<INIT seed="2,1,0,5,3,19" ten="581,65,174,180" oya="2" hai0="101,80,75,76,15,24,27,104,122,47,17,127,89" hai1="22,33,108,12,88,58,23,107,126,52,35,67,41" hai2="131,68,98,111,94,125,8,48,93,32,86,43,46" hai3="9,106,112,18,6,113,81,72,63,57,31,45,37"/><V95/><F68/><W11/><G106/><T120/><D127/><U119/><E107/><V82/><F125/><W29/><G18/><T26/><D47/><U135/><E119/><V21/><F32/><W13/><G9/><T36/><D36/><U74/><E74/><V116/><F116/><W117/><G117/><T3/><D3/><U96/><E126/><V65/><F65/><N who="3" m="39151" /><G72/><T115/><D115/><N who="3" m="44105" /><G81/><T128/><D128/><U28/><E67/><V118/><F118/><W34/><G34/><T64/><D64/><U0/><E0/><V132/><F131/><W1/><G1/><T20/><D89/><U133/><E41/><AGARI ba="1,0" hai="6,11,13,29,31,37,41,45" m="44105,39151" machi="41" ten="30,1000,0" yaku="11,1" doraHai="19" who="3" fromWho="1" sc="581,0,65,-13,174,0,180,13" />
</Scene>
<Scene>
<INIT seed="3,0,0,3,5,40" ten="581,52,174,193" oya="3" hai0="55,60,109,21,9,121,128,120,65,29,28,13,58" hai1="54,116,80,123,97,106,48,23,35,75,74,101,2" hai2="69,12,83,112,93,50,38,113,85,64,1,67,6" hai3="63,51,119,10,31,86,62,107,130,43,111,52,53"/><W127/><G107/><T4/><D109/><U76/><E35/><V124/><F1/><W45/><G119/><T92/><D128/><U36/><E2/><V129/><F38/><W47/><G130/><T20/><D120/><U73/><E36/><V118/><F129/><W117/><G117/><T126/><D126/><U114/><E114/><V0/><F0/><W68/><G127/><T22/><D121/><U49/><E123/><V134/><F124/><W100/><G100/><T72/><D72/><U98/><E116/><V131/><F131/><W3/><G31/><N who="0" m="11851" /><D92/><U96/><E49/><V44/><F69/><W89/><G111/><T17/><D65/><U70/><E70/><V14/><F93/><W110/><G110/><T79/><D79/><U102/><E23/><V34/><F34/><W32/><G32/><T61/><D61/><U7/><E7/><AGARI ba="0,0" hai="4,7,9,13,17,20,21,22,55,58,60" m="11851" machi="7" ten="30,1000,0" yaku="8,1" doraHai="40" who="0" fromWho="1" sc="581,10,52,-10,174,0,193,0" />
</Scene>
<Scene>
<INIT seed="4,0,0,5,5,129" ten="591,42,174,193" oya="0" hai0="8,23,90,107,55,44,17,104,16,35,122,132,92" hai1="51,116,112,101,11,134,87,61,135,75,49,41,93" hai2="50,1,91,105,48,78,83,65,43,22,113,36,70" hai3="72,89,25,71,29,40,80,39,130,54,99,68,69"/><T14/><D35/><U60/><E75/><V33/><F33/><W46/><G130/><T73/><D73/><U84/><E116/><V45/><F105/><W67/><G54/><T32/><D32/><U82/><E112/><V127/><F113/><W15/><G15/><T62/><D122/><U42/><E11/><V59/><F1/><W95/><G67/><T121/><D121/><U81/><E93/><V106/><F106/><W77/><G69/><T64/><D55/><U97/><E97/><V126/><F91/><W74/><G74/><T85/><D44/><U133/><E133/><V3/><F3/><W76/><G76/><T9/><D132/><U20/><E20/><AGARI ba="0,0" hai="20,25,29,39,40,46,68,71,72,77,80,89,95,99" machi="20" ten="30,1000,0" yaku="7,1" doraHai="129" who="3" fromWho="1" sc="591,0,42,-10,174,0,193,10" />
</Scene>
<Scene>
<INIT seed="5,0,0,2,1,100" ten="591,32,174,203" oya="1" hai0="49,43,119,20,110,70,46,93,89,122,1,99,27" hai1="132,81,84,88,72,54,128,30,64,90,118,55,82" hai2="134,62,104,73,23,59,50,74,97,116,53,76,77" hai3="112,86,65,47,51,133,101,35,125,80,102,0,36"/><U7/><E118/><V96/><F116/><W126/><G36/><T135/><D70/><U57/><E128/><V16/><F104/><W105/><G0/><T25/><D1/><U67/><E132/><V129/><F129/><W4/><G35/><T121/><D110/><U58/><E7/><V113/><F74/><W52/><G4/><T15/><D119/><U34/><E34/><V37/><F37/><W71/><G133/><T24/><D135/><U85/><E30/><V14/><F73/><AGARI ba="0,0" hai="54,55,57,58,64,67,72,73,81,82,84,85,88,90" machi="73" ten="25,4800,0" yaku="22,2,54,1" doraHai="100" who="1" fromWho="2" sc="591,0,32,48,174,-48,203,0" />
</Scene>
<Scene>
<INIT seed="5,1,0,2,3,124" ten="591,80,126,203" oya="1" hai0="20,56,63,27,129,133,135,119,2,51,58,72,40" hai1="89,103,12,134,48,110,91,127,49,131,15,62,67" hai2="6,34,117,96,83,22,66,21,116,88,100,84,0" hai3="78,17,95,19,106,79,5,82,16,125,36,76,24"/><U73/><E73/><V26/><F34/><W115/><G106/><T35/><D2/><U37/><E37/><V14/><F0/><W118/><G36/><T93/><D35/><U99/><E127/><V85/><F66/><W32/><G125/><T71/><D72/><U77/><E77/><V29/><F85/><W28/><G115/><T113/><D113/><U90/><E134/><N who="0" m="51209" /><D93/><U42/><E110/><V64/><F64/><W54/><G118/><T52/><D40/><U45/><E49/><V107/><REACH who="2" step="1"/><F22/><REACH who="2" ten="591,80,116,203" step="2"/><W75/><G32/><T69/><D71/><U11/><E131/><V33/><F33/><W130/><G130/><T57/><D69/><U81/><E81/><V13/><F13/><W132/><G132/><T97/><D119/><U101/><E99/><V122/><F122/><W39/><G75/><T94/><D129/><U53/><E15/><V121/><F121/><W74/><G74/><T65/><D65/><U123/><E123/><V105/><F105/><W111/><G111/><T112/><D63/><U70/><REACH who="1" step="1"/><E42/><REACH who="1" ten="591,70,116,203" step="2"/><V104/><F104/><W8/><G76/><T126/><D126/><U109/><E109/><V50/><F50/><W7/><G39/><T68/><D112/><U108/><E108/><V4/><F4/><AGARI ba="1,2" hai="4,11,12,45,48,53,62,67,70,89,90,91,101,103" machi="4" ten="40,2000,0" yaku="1,1,53,0" doraHai="124" doraHaiUra="120" who="1" fromWho="2" sc="591,0,70,43,116,-23,203,0" />
</Scene>
<Scene>
<INIT seed="5,2,0,5,1,90" ten="591,113,93,203" oya="1" hai0="50,114,12,32,0,19,47,66,131,53,40,110,5" hai1="85,13,102,71,115,62,96,72,26,109,59,80,117" hai2="121,38,107,125,135,55,28,33,98,15,63,124,14" hai3="129,25,105,92,64,1,73,134,81,4,87,97,70"/><U78/><E117/><V75/><F121/><W48/><G105/><T133/><D32/><U54/><E115/><V9/><F75/><W104/><G104/><T77/><D110/><U20/><E109/><V46/><F33/><W57/><G73/><T128/><D133/><U76/><E71/><V45/><F28/><W119/><G70/><T18/><D0/><U43/><E43/><N who="2" m="22775" /><F135/><W34/><G134/><T61/><D77/><U29/><E13/><V42/><F9/><W116/><G129/><N who="0" m="49739" /><D114/><U51/><E72/><V122/><F122/><W82/><G48/><T6/><D40/><U130/><E130/><V108/><F108/><W22/><G57/><N who="0" m="37167" /><D18/><U118/><E118/><V106/><F106/><W7/><G34/><T39/><D39/><U132/><E132/><V56/><F107/><W83/><G64/><T126/><D126/><N who="2" m="48746" /><F98/><W103/><G119/><T68/><D68/><U44/><E76/><V31/><F31/><N who="3" m="17847" /><G1/><T65/><D65/><N who="1" m="39135" /><E96/><V23/><F23/><AGARI ba="2,0" hai="5,6,12,19,23,47,50,53" m="37167,49739" machi="23" ten="30,1000,0" yaku="19,1" doraHai="90" who="0" fromWho="2" sc="591,16,113,0,93,-16,203,0" />
</Scene>
<Scene>
<INIT seed="6,0,0,2,0,103" ten="607,113,77,203" oya="2" hai0="133,121,23,33,44,135,61,95,105,48,98,36,94" hai1="67,11,2,26,123,0,91,54,51,117,1,118,31" hai2="16,53,18,113,74,68,122,38,24,63,64,84,14" hai3="99,47,49,52,65,50,114,70,120,75,96,81,56"/><V132/><F74/><W76/><G120/><T7/><D33/><U110/><E110/><V80/><F122/><W59/><G114/><T131/><D131/><U21/><E123/><V46/><F113/><W127/><G127/><T4/><D36/><U30/><E67/><V12/><F132/><W73/><G73/><T78/><D78/><U71/><E71/><V58/><F68/><W62/><G59/><T32/><D32/><U25/><E91/><N who="2" m="51591" /><F38/><W89/><G89/><T29/><D61/><U55/><E11/><V115/><F115/><W66/><G66/><T97/><D105/><U20/><REACH who="1" step="1"/><E55/><AGARI ba="0,0" hai="47,49,50,52,55,56,62,65,70,75,76,81,96,99" machi="55" ten="30,2000,0" yaku="7,1,54,1" doraHai="103" who="3" fromWho="1" sc="607,0,113,-20,77,0,203,20" />
</Scene>
<Scene>
<INIT seed="7,0,0,2,5,8" ten="607,93,77,223" oya="3" hai0="84,18,73,77,27,33,41,64,129,104,122,17,101" hai1="22,116,82,66,9,40,103,99,56,57,87,53,130" hai2="112,4,24,62,14,86,119,59,70,19,83,97,115" hai3="49,133,65,111,96,20,43,92,108,38,1,37,88"/><W51/><G1/><T46/><D129/><U81/><E130/><V6/><F119/><W110/><G133/><T105/><D73/><U2/><E40/><V134/><F134/><W47/><G65/><T39/><D105/><U93/><E116/><V30/><F70/><W50/><G20/><T76/><D104/><U69/><E69/><V75/><F75/><W118/><G118/><T95/><D64/><U21/><E81/><V7/><F97/><W90/><G38/><T32/><D32/><U61/><E9/><N who="2" m="6607" /><F30/><W15/><G15/><T67/><D67/><U54/><E2/><V60/><F24/><W52/><REACH who="3" step="1"/><G90/><REACH who="3" ten="607,93,77,213" step="2"/><N who="0" m="53703" /><D33/><U23/><E57/><AGARI ba="0,1" hai="37,43,47,49,50,51,52,57,88,92,96,108,110,111" machi="57" ten="40,12000,1" yaku="1,1,10,1,54,2,53,0" doraHai="8" doraHaiUra="13" who="3" fromWho="1" sc="607,0,93,-120,77,0,213,130" owari="607,71.0,-27,-53.0,77,-32.0,343,14.0" />
</Scene>
</mjloggm>