<mjloggm ver="2.3"><GO type="169" lobby="0"/><UN n0="%E7%A2%BA%E8%AA%8D%E4%BA%8B%E9%A0%85" n1="%67%75%73%68" n2="%E5%A4%AA%E3%81%8F%E3%81%AA%E3%81%84%E3%81%8A" n3="%38%37%73%65%66" dan="16,17,17,16" rate="2069.03,2133.41,2179.55,2116.32" sx="M,M,F,F"/><TAIKYOKU oya="0"/>

<Scene>
<INIT seed="0,0,0,2,2,94" ten="250,250,250,250" oya="0" hai0="82,79,100,104,83,12,107,5,43,72,26,38,120" hai1="14,135,125,23,131,106,119,108,35,115,34,20,127" hai2="19,46,11,41,88,29,13,80,8,1,90,7,24" hai3="105,91,17,77,118,75,58,92,128,113,68,66,123"/><T126/><D120/><U112/><E106/><V89/><F80/><W33/><G68/><T31/><D126/><N who="1" m="48139" /><E119/><V110/><F110/><W87/><G33/><N who="1" m="12298" /><E108/><V109/><F109/><W55/><G66/><T16/><D5/><U102/><E102/><V44/><REACH who="2" step="1"/><F41/><REACH who="2" ten="250,250,240,250" step="2"/><W10/><G123/><T59/><D43/><U48/><E135/><V93/><F93/><W130/><G92/><T37/><D83/><U86/><E131/><V52/><F52/><W2/><G130/><T18/><D82/><U3/><E115/><V9/><F9/><W67/><G113/><T56/><D107/><U103/><E112/><V22/><AGARI ba="0,1" hai="1,7,8,11,13,19,22,24,29,44,46,88,89,90" machi="22" ten="30,4000,0" yaku="1,1,0,1,54,1,53,0" doraHai="94" doraHaiUra="96" who="2" fromWho="2" sc="250,-20,250,-10,240,50,250,-10" />
</Scene>
<Scene>
<INIT seed="1,0,0,5,5,94" ten="230,240,290,240" oya="1" hai0="57,48,114,9,54,100,63,1,135,103,65,118,102" hai1="74,66,91,62,97,126,46,61,67,101,109,71,47" hai2="95,38,133,72,32,29,90,34,37,20,121,3,78" hai3="108,42,79,132,33,23,58,125,77,112,119,64,35"/><U43/><E126/><V123/><F20/><W18/><G112/><T92/><D114/><U70/><E109/><V50/><F50/><W104/><G104/><T22/><D118/><U85/><E74/><V53/><F53/><W27/><G42/><T45/><D135/><U93/><REACH who="1" step="1"/><E43/><REACH who="1" ten="230,230,290,240" step="2"/><V84/><F72/><W7/><G108/><T122/><D122/><U44/><E44/><V80/><F123/><W113/><G125/><T111/><D111/><U41/><E41/><V116/><F121/><W14/><G113/><T52/><D22/><U81/><AGARI ba="0,1" hai="46,47,61,62,66,67,70,71,81,85,91,93,97,101" machi="81" ten="20,12000,1" yaku="1,1,0,1,7,1,9,1,52,1,53,0" doraHai="94" doraHaiUra="36" who="1" fromWho="1" sc="230,-40,230,130,290,-40,240,-40" />
</Scene>
<Scene>
<INIT seed="1,1,0,2,4,109" ten="190,360,250,200" oya="1" hai0="116,31,47,15,69,132,32,59,22,26,24,68,100" hai1="73,96,39,48,74,37,129,91,38,77,1,134,126" hai2="120,10,111,101,71,133,103,20,3,130,114,79,49" hai3="127,33,89,56,21,29,76,122,16,61,45,41,87"/><U18/><E1/><V93/><F120/><W23/><G127/><T70/><D116/><U54/><E126/><V2/><F71/><W128/><G128/><T67/><D132/><U51/><E134/><V82/><F133/><W84/><G122/><T106/><D47/><U80/><E129/><V72/><F130/><W44/><G33/><T35/><D15/><U25/><E73/><V75/><F111/><W58/><G76/><T0/><D0/><U19/><E48/><V90/><F20/><W113/><G29/><T42/><D42/><U125/><E25/><V88/><F49/><W118/><G89/><T53/><D67/><U60/><E60/><V119/><F119/><W98/><G118/><T99/><REACH who="0" step="1"/><D26/><REACH who="0" ten="180,360,250,200" step="2"/><U83/><E125/><V131/><F131/><W107/><G41/><T117/><D117/><U4/><E4/><V8/><F2/><W43/><G43/><T65/><D65/><U40/><E40/><V123/><F3/><W86/><G45/><T50/><AGARI ba="1,1" hai="22,24,31,32,35,50,53,59,68,69,70,99,100,106" machi="50" ten="30,2000,0" yaku="1,1,0,1,53,0" doraHai="109" doraHaiUra="36" who="0" fromWho="0" sc="180,33,360,-11,250,-6,200,-6" />
</Scene>
<Scene>
<INIT seed="2,0,0,5,3,84" ten="213,349,244,194" oya="2" hai0="124,54,8,110,52,58,78,32,81,80,123,12,17" hai1="129,7,20,90,126,21,50,125,42,19,28,31,38" hai2="69,135,6,100,105,2,111,117,67,44,89,115,116" hai3="3,122,97,16,114,77,11,73,10,118,48,119,24"/><V76/><F89/><W68/><G68/><T29/><D123/><U56/><E38/><V72/><F115/><W132/><G122/><T43/><D43/><U120/><E120/><V104/><F44/><W121/><G121/><T18/><D110/><U40/><E7/><V66/><F135/><W83/><G132/><T103/><D103/><U34/><E34/><V108/><F6/><W62/><G62/><T41/><D41/><U49/><E56/><V98/><F2/><W39/><G39/><T57/><D124/><U37/><E19/><V92/><F67/><W131/><G131/><T46/><D32/><U85/><E85/><V61/><F92/><W5/><G114/><T33/><D33/><U25/><E37/><V1/><F104/><W107/><G48/><N who="0" m="28695" /><D29/><U51/><E51/><V112/><F1/><W109/><G109/><N who="2" m="42057" /><F112/><W102/><REACH who="3" step="1"/><G24/><REACH who="3" ten="213,349,244,184" step="2"/><T101/><D78/><U87/><E25/><V86/><F72/><W53/><G53/><T55/><D55/><U70/><E129/><V36/><F36/><W9/><G9/><T60/><D58/><U64/><E70/><V94/><F69/><W128/><G128/><T14/><D101/><U130/><E130/><V93/><F61/><W74/><G74/><T82/><D8/><U127/><E64/><V22/><F66/><W35/><G35/><T96/><D60/><U99/><E127/><V134/><F134/><W106/><G106/><T27/><D57/><U133/><E126/><V71/><F71/><W45/><G45/><T59/><D59/><U79/><E125/><V15/><F105/><W65/><G65/><RYUUKYOKU ba="0,1" sc="213,-10,349,-10,244,-10,184,30" hai3="3,5,10,11,16,73,77,83,97,102,107,118,119" />
</Scene>
<Scene>
<INIT seed="3,1,1,4,3,110" ten="203,339,234,214" oya="3" hai0="32,118,44,101,121,115,130,21,100,90,52,113,82" hai1="122,96,95,15,56,40,117,9,79,126,65,129,76" hai2="24,69,81,34,60,77,51,72,37,53,83,108,119" hai3="49,47,18,16,61,42,5,128,94,43,8,75,46"/><W111/><G75/><T80/><D32/><U134/><E122/><V74/><F108/><W50/><G111/><T14/><D121/><U41/><E134/><V6/><F37/><W1/><G128/><T105/><D118/><U0/><E0/><V68/><F119/><W89/><REACH who="3" step="1"/><G61/><REACH who="3" ten="203,339,234,204" step="2"/><T58/><D130/><U131/><E129/><V17/><F60/><W57/><G57/><T4/><D44/><U63/><E131/><V39/><F72/><W28/><G28/><T64/><D64/><U78/><E117/><V135/><F74/><W12/><G12/><T29/><D29/><U109/><E109/><V107/><F135/><W73/><G73/><T103/><D105/><U30/><E30/><V2/><F107/><W7/><G7/><T20/><D4/><N who="1" m="3495" /><E126/><V48/><F6/><W10/><G10/><T36/><D14/><U38/><E65/><V84/><F2/><W116/><G116/><T88/><D58/><U45/><E56/><V127/><F127/><W104/><G104/><T13/><D13/><U132/><E63/><V54/><F68/><W112/><G112/><T91/><D115/><U106/><E132/><V102/><F69/><W3/><G3/><T33/><D113/><U86/><E106/><V114/><F114/><W124/><G124/><T59/><D59/><U35/><E45/><V99/><F17/><W70/><G70/><T98/><D33/><U120/><E35/><V22/><F34/><W85/><AGARI ba="1,2" hai="1,5,8,16,18,42,43,46,47,49,50,85,89,94" machi="85" ten="20,18000,2" yaku="1,1,0,1,7,1,9,1,54,1,53,1" doraHai="110" doraHaiUra="87" who="3" fromWho="3" sc="203,-61,339,-61,234,-61,204,203" />
</Scene>
<Scene>
<INIT seed="3,2,0,3,1,31" ten="142,278,173,407" oya="3" hai0="122,35,25,15,7,6,0,79,97,81,59,36,68" hai1="99,71,39,47,11,117,83,45,60,53,67,113,134" hai2="127,120,69,70,22,72,102,111,54,89,115,112,44" hai3="63,126,49,57,1,61,96,52,13,110,73,55,123"/><W64/><G1/><T85/><D68/><N who="2" m="26218" /><F72/><W121/><G73/><T92/><D122/><N who="3" m="46601" /><G13/><T30/><D36/><U128/><E113/><V5/><F102/><W26/><G26/><T66/><D0/><U62/><E117/><V104/><F111/><W27/><G27/><T133/><D133/><U132/><E128/><V105/><F127/><W125/><G96/><T98/><D15/><U77/><E99/><V93/><F44/><N who="3" m="27687" /><G110/><T42/><D42/><U58/><E11/><V84/><F54/><W10/><G10/><T34/><D98/><U109/><E109/><V21/><F5/><W9/><G9/><T65/><D7/><U3/><E3/><V88/><F120/><W8/><G8/><T19/><D6/><U32/><E32/><V90/><F84/><W24/><G24/><T82/><D35/><U33/><E33/><V87/><F87/><W100/><G100/><N who="0" m="60455" /><D19/><U108/><E108/><V56/><F93/><W37/><G37/><T80/><D85/><N who="1" m="48367" /><E39/><V78/><F78/><W29/><G29/><T103/><D79/><U75/><E75/><V118/><F104/><W74/><G74/><T20/><D103/><U51/><E134/><V119/><F105/><W107/><G107/><T130/><D34/><U50/><E132/><V43/><F21/><W38/><G38/><T28/><D28/><U41/><E41/><V86/><F43/><W17/><G17/><T2/><D2/><U114/><E114/><N who="2" m="43563" /><F22/><W106/><G106/><T94/><D20/><U48/><E45/><V23/><F23/><W18/><G18/><T40/><D40/><U12/><E47/><RYUUKYOKU ba="2,0" sc="142,-15,278,15,173,-15,407,15" hai1="12,48,50,51,53,58,60,62,67,71" hai3="55,57,61,63,64,125,126" />
</Scene>
<Scene>
<INIT seed="3,3,0,4,3,30" ten="127,293,158,422" oya="3" hai0="119,126,121,5,104,117,67,42,71,120,41,52,100" hai1="110,134,60,116,105,95,76,113,82,94,88,78,33" hai2="7,79,135,102,21,36,39,1,111,124,61,127,18" hai3="74,24,122,72,85,51,22,9,34,59,3,125,84"/><W101/><G122/><N who="0" m="47211" /><D100/><U92/><E110/><V96/><F111/><W112/><G112/><T38/><D104/><U29/><E105/><N who="2" m="63687" /><F135/><W16/><G101/><T4/><D4/><U108/><E108/><V123/><F123/><W64/><G125/><N who="2" m="48201" /><F79/><W75/><G34/><T43/><D5/><U103/><E103/><V45/><F61/><W58/><G64/><T68/><D126/><U66/><E134/><V23/><F45/><W83/><G51/><T80/><D80/><U73/><E113/><V132/><F132/><W98/><G98/><T20/><D20/><N who="2" m="7754" /><F18/><W6/><REACH who="3" step="1"/><G85/><REACH who="3" ten="127,293,158,412" step="2"/><T99/><D99/><U31/><E33/><V12/><F39/><W133/><G133/><T2/><D38/><U89/><E116/><V55/><F36/><W14/><G14/><T91/><D117/><U48/><E48/><V97/><F12/><W19/><G19/><T130/><D119/><U17/><E17/><V70/><F97/><W128/><G128/><T63/><D130/><U40/><E29/><V8/><F7/><W93/><G93/><T81/><D67/><U107/><E31/><V114/><F114/><W56/><G56/><N who="0" m="35207" /><D2/><U129/><E129/><V0/><F0/><W86/><G86/><N who="0" m="50639" /><D71/><N who="1" m="42439" /><E107/><V37/><F70/><W25/><G25/><T77/><D68/><U35/><E35/><V46/><F37/><W62/><G62/><T69/><D69/><U11/><E95/><V32/><F1/><W53/><G53/><T10/><D43/><U57/><E40/><V65/><F65/><W15/><G15/><T50/><D42/><U115/><E115/><V54/><F54/><RYUUKYOKU ba="3,1" sc="127,-10,293,-10,158,-10,412,30" hai3="3,6,9,16,22,24,58,59,72,74,75,83,84" />
</Scene>
<Scene>
<INIT seed="3,4,1,2,4,10" ten="117,283,148,442" oya="3" hai0="57,61,17,92,131,40,76,88,134,14,120,12,28" hai1="118,122,25,66,98,80,27,34,42,70,86,54,106" hai2="4,67,20,83,85,111,128,6,91,72,32,8,29" hai3="46,58,87,48,129,116,51,101,39,15,44,95,125"/><W113/><G116/><T21/><D120/><U96/><E122/><V31/><F32/><W135/><G39/><T119/><D119/><U18/><E42/><V75/><F111/><W68/><G68/><T50/><D28/><U49/><E118/><V69/><F128/><W22/><G113/><T56/><D76/><U3/><E3/><V37/><F37/><W53/><G129/><T1/><D1/><U114/><E114/><V47/><F47/><W35/><G35/><T94/><D131/><U26/><E34/><V110/><F110/><W74/><G74/><T112/><D112/><U132/><E132/><V38/><F38/><W7/><G125/><T124/><D124/><U107/><E66/><V105/><F105/><W108/><G108/><T43/><D94/><U84/><E70/><V78/><F20/><W121/><G121/><T13/><D134/><U73/><E73/><V2/><F6/><W36/><G36/><T117/><D117/><U126/><E126/><V93/><REACH who="2" step="1"/><F75/><REACH who="2" ten="117,283,138,442" step="2"/><W90/><G135/><T0/><D21/><U41/><E107/><V77/><F77/><W81/><G22/><T127/><D127/><U79/><E106/><V24/><F24/><W63/><G46/><T33/><D33/><U123/><E123/><V23/><F23/><W71/><G44/><T104/><D104/><U65/><E27/><V5/><F5/><W100/><G7/><T82/><D43/><U99/><E41/><V103/><F103/><W62/><G101/><T60/><D40/><U89/><E26/><V9/><F9/><W55/><G100/><T52/><D17/><RYUUKYOKU ba="4,2" sc="117,-10,283,-10,138,30,442,-10" hai2="2,4,8,29,31,67,69,72,78,83,85,91,93" />
</Scene>
<Scene>
<INIT seed="4,5,2,5,2,115" ten="107,273,168,432" oya="0" hai0="111,47,117,36,104,55,54,61,6,99,32,131,58" hai1="9,127,87,38,128,33,122,27,60,79,107,62,71" hai2="121,112,135,12,125,91,89,80,93,5,96,40,68" hai3="52,103,72,75,133,39,85,69,8,35,65,82,95"/><T123/><D123/><U7/><E38/><V86/><F121/><W78/><G35/><T110/><D32/><U81/><E122/><V94/><F68/><W49/><G39/><T17/><D131/><U15/><E107/><V76/><F112/><W134/><G8/><T31/><D31/><U109/><E109/><N who="0" m="41481" /><D6/><U106/><E128/><V46/><F125/><W90/><G103/><N who="0" m="62591" /><D17/><U116/><E127/><V41/><F135/><N who="3" m="51723" /><G65/><N who="0" m="39095" /><D117/><U20/><E33/><V25/><F25/><W70/><G72/><T16/><D16/><U26/><E26/><V48/><F5/><W29/><G29/><T10/><D10/><U53/><E106/><V88/><F12/><W45/><AGARI ba="5,2" hai="45,49,52,69,70,75,78,82,85,90,95" m="51723" machi="45" ten="30,2000,0" yaku="20,1,54,1" doraHai="115" who="3" fromWho="3" sc="107,-15,273,-10,168,-10,432,55" />
</Scene>
<Scene>
<INIT seed="5,0,0,0,5,26" ten="92,263,158,487" oya="1" hai0="100,62,31,52,118,77,43,3,49,107,127,69,91" hai1="34,16,74,80,29,120,27,21,112,22,117,25,20" hai2="99,19,123,12,33,110,41,126,83,84,130,57,89" hai3="8,67,98,60,101,54,50,55,104,86,103,73,88"/><U121/><E74/><V95/><F110/><W45/><G103/><T133/><D118/><U9/><E80/><V17/><F123/><N who="1" m="47177" /><E117/><V39/><F33/><W53/><G8/><T111/><D111/><U68/><E68/><V13/><F130/><W132/><G73/><T28/><D3/><U79/><E79/><V106/><F106/><W70/><G132/><T48/><D69/><U18/><E112/><V30/><F126/><W93/><AGARI ba="0,0" hai="45,50,53,54,55,60,67,70,86,88,93,98,101,104" machi="93" ten="20,2700,0" yaku="0,1,7,1,54,1" doraHai="26" who="3" fromWho="3" sc="92,-7,263,-13,158,-7,487,27" />
</Scene>
<Scene>
<INIT seed="6,0,0,4,5,118" ten="85,250,151,514" oya="2" hai0="5,31,62,113,122,26,93,6,110,101,57,135,77" hai1="112,19,33,29,58,97,86,133,126,131,71,66,42" hai2="78,9,43,25,121,119,40,23,16,111,104,99,7" hai3="81,4,49,98,95,128,3,10,80,1,105,54,117"/><V88/><F119/><W34/><G105/><T61/><D110/><U103/><E112/><V22/><F111/><W38/><G38/><T115/><D135/><U70/><E133/><V64/><F78/><W82/><G34/><T102/><D77/><U132/><E132/><V35/><F35/><W85/><G128/><T13/><D13/><U2/><E2/><V63/><F121/><W60/><G60/><T18/><D18/><U94/><E131/><V21/><F21/><W0/><G85/><T53/><D93/><U125/><E42/><V59/><F23/><W79/><G117/><T37/><D37/><U123/><E123/><V73/><F73/><W96/><G96/><T15/><D122/><U36/><E36/><V17/><F17/><W127/><G127/><N who="1" m="48650" /><E86/><V50/><F50/><W87/><G3/><T114/><D62/><N who="1" m="38231" /><E19/><V44/><F44/><W14/><G1/><T28/><D28/><U55/><E55/><V107/><F107/><W72/><G72/><T130/><D130/><U74/><E74/><V48/><F48/><W39/><G39/><T124/><D124/><U56/><E56/><V20/><F20/><W30/><G30/><T24/><D24/><AGARI ba="0,0" hai="24,29,33,70,71,94,97,103" m="38231,48650" machi="24" ten="30,1000,0" yaku="18,1" doraHai="118" who="1" fromWho="0" sc="85,-10,250,10,151,0,514,0" />
</Scene>
<Scene>
<INIT seed="7,0,0,4,1,11" ten="75,260,151,514" oya="3" hai0="124,53,73,95,81,29,129,133,62,52,125,22,51" hai1="34,99,83,5,31,120,85,131,9,74,43,44,96" hai2="126,118,25,42,130,12,70,106,91,116,111,6,123" hai3="61,93,82,134,2,77,41,35,14,8,60,69,92"/><W0/><G41/><T117/><D95/><U59/><E74/><V63/><F111/><W112/><G14/><T79/><D117/><U57/><E131/><V102/><F42/><W56/><G56/><T15/><D133/><U119/><E120/><V122/><F130/><W13/><G13/><T54/><D129/><U94/><E31/><V46/><F46/><W38/><G60/><T18/><D51/><U76/><E34/><V84/><F126/><W40/><G8/><T7/><D7/><U32/><E32/><V58/><F70/><W110/><G61/><T108/><D108/><U87/><E87/><V89/><F25/><W135/><G82/><T10/><REACH who="0" step="1"/><D62/><REACH who="0" ten="65,260,151,514" step="2"/><U48/><E119/><V30/><F116/><W103/><G69/><T113/><D113/><U104/><E94/><V23/><F118/><W24/><G77/><T114/><D114/><U75/><E104/><V115/><F6/><W88/><G103/><T27/><AGARI ba="0,1" hai="10,15,18,22,27,29,52,53,54,73,79,81,124,125" machi="27" ten="30,8000,1" yaku="1,1,0,1,52,1,54,1,53,1" doraHai="11" doraHaiUra="105" who="0" fromWho="0" sc="65,90,260,-20,151,-20,514,-40" owari="155,-24.0,240,4.0,131,-37.0,474,57.0" />
</Scene>
</mjloggm>