<mjloggm ver="2.3"><GO type="169" lobby="0"/><UN n0="%E3%82%8A%E3%82%87%E3%83%BC%E3%81%A1%32%30%31%31" n1="%E5%AE%8C%E5%85%A8%E7%84%A1%E6%95%B5%E5%B0%91%E5%A5%B3%45%58" n2="%E5%A4%AA%E3%81%8F%E3%81%AA%E3%81%84%E3%81%8A" n3="%E4%BB%AE%E9%B3%B3%E5%87%B0%E6%B0%91" dan="16,16,17,17" rate="2060.37,2113.53,2162.13,2165.12" sx="M,M,M,M"/><TAIKYOKU oya="0"/>

<Scene>
<INIT seed="0,0,0,5,4,52" ten="250,250,250,250" oya="0" hai0="104,86,83,94,119,10,134,117,108,92,79,38,106" hai1="3,70,46,30,48,124,62,34,76,53,81,22,130" hai2="128,11,90,69,96,60,50,56,125,1,122,61,63" hai3="68,116,15,73,32,109,18,49,118,37,65,21,23"/><T7/><D38/><U95/><E3/><V132/><F122/><W135/><G37/><T105/><D134/><U36/><E130/><V42/><F128/><W97/><G73/><T101/><D10/><U55/><E124/><V5/><F125/><W89/><G32/><T24/><D24/><U102/><E36/><V16/><F132/><W59/><G135/><T85/><D7/><U41/><E34/><V129/><F69/><W31/><G109/><T78/><D108/><U6/><E6/><V98/><F129/><W57/><G68/><T14/><D14/><U100/><E41/><V44/><F90/><W75/><G75/><T71/><D71/><U66/><E55/><V121/><F121/><W67/><G116/><N who="0" m="44619" /><D101/><U99/><E102/><V4/><F4/><W112/><G112/><T91/><D91/><U47/><E30/><V74/><F74/><W29/><G49/><T123/><D123/><U26/><E26/><V51/><F51/><W82/><G118/><T126/><D126/><U110/><E110/><V2/><F2/><W80/><G89/><T87/><D83/><U39/><E39/><V72/><F72/><W20/><G20/><T45/><D45/><U28/><E22/><V0/><F0/><W107/><G15/><T131/><D131/><U17/><E47/><V111/><F111/><W9/><G9/><T33/><D33/><U13/><E81/><V40/><F40/><W8/><G8/><T19/><D19/><U77/><E28/><V43/><F43/><W93/><G18/><T127/><D127/><U35/><E35/><V64/><F16/><RYUUKYOKU ba="0,0" sc="250,10,250,10,250,10,250,-30" hai0="78,79,85,86,87,92,94,104,105,106" hai1="13,17,46,48,53,62,66,70,76,77,95,99,100" hai2="1,5,11,42,44,50,56,60,61,63,64,96,98" />
</Scene>
<Scene>
<INIT seed="0,1,0,1,4,72" ten="260,260,260,220" oya="0" hai0="110,67,62,73,132,103,120,135,47,100,118,127,83" hai1="31,87,107,68,39,26,4,112,76,46,90,121,59" hai2="36,9,98,7,84,97,51,63,53,32,111,102,29" hai3="65,22,43,14,56,50,23,17,64,5,116,69,71"/><T44/><D120/><U18/><E107/><V81/><F36/><W1/><G116/><T85/><D118/><U78/><E68/><V82/><F111/><W79/><G69/><N who="0" m="42231" /><D73/><U96/><E121/><V95/><F63/><W122/><G122/><T126/><D110/><U55/><E4/><V91/><F32/><W8/><G71/><T109/><D109/><U88/><E18/><V35/><F35/><W101/><G101/><N who="0" m="38987" /><D44/><U104/><E112/><V13/><F29/><W52/><G43/><T99/><D47/><U16/><E104/><V41/><F41/><W38/><G38/><T37/><D99/><U2/><E2/><V24/><F24/><W114/><G114/><T129/><D37/><U80/><E31/><V128/><F128/><W92/><G92/><T45/><D45/><U0/><E0/><V6/><F97/><W60/><G60/><T66/><D66/><U119/><E46/><N who="2" m="27895" /><F82/><W113/><G113/><T75/><D75/><U19/><E39/><V12/><F12/><W89/><G89/><N who="0" m="51391" /><D129/><U34/><E119/><V48/><F48/><W10/><G64/><T74/><D74/><U94/><E34/><V77/><F7/><W125/><G65/><T54/><D54/><U70/><E70/><V115/><F115/><W86/><G1/><T27/><D27/><U61/><E26/><V58/><F58/><W49/><G5/><T40/><D40/><U28/><E28/><V15/><F15/><W123/><G123/><T57/><D57/><U11/><E19/><V25/><F25/><W20/><G17/><T124/><AGARI ba="1,0" hai="124,126,127,132,135" m="51391,38987,42231" machi="124" ten="40,2100,0" yaku="18,1" doraHai="72" who="0" fromWho="0" sc="260,24,260,-8,260,-8,220,-8" />
</Scene>
<Scene>
<INIT seed="0,2,0,0,3,29" ten="284,252,252,212" oya="0" hai0="101,0,24,106,99,48,64,74,61,75,83,43,52" hai1="123,117,90,39,69,5,95,22,18,38,85,6,132" hai2="35,65,112,10,116,23,96,76,71,62,20,126,82" hai3="81,8,135,26,124,134,40,115,98,130,77,67,84"/><T87/><D43/><U46/><E117/><V27/><F112/><W73/><G115/><T107/><D107/><U36/><E123/><V79/><F116/><W33/><G67/><T19/><D0/><U45/><E69/><V70/><F126/><W110/><G110/><T127/><D127/><U28/><E28/><V9/><F96/><W47/><G124/><T15/><D24/><U56/><E132/><V37/><F37/><W111/><G111/><T31/><D31/><U55/><E6/><V129/><F129/><W78/><G130/><T119/><D119/><U109/><E5/><V89/><F89/><W92/><G8/><T30/><D30/><U94/><E94/><V80/><F27/><W34/><G77/><T21/><D61/><U68/><E68/><V121/><F62/><W91/><G26/><T114/><D64/><U13/><REACH who="1" step="1"/><E109/><REACH who="1" ten="284,242,252,212" step="2"/><V108/><F108/><W88/><G134/><T17/><D114/><U131/><E131/><V125/><F125/><W11/><G135/><T42/><D19/><U128/><E128/><V1/><F121/><W57/><G92/><T72/><D42/><U50/><AGARI ba="2,1" hai="13,18,22,36,38,39,45,46,50,55,56,85,90,95" machi="50" ten="30,8000,1" yaku="1,1,0,1,25,2,53,1" doraHai="29" doraHaiUra="53" who="1" fromWho="1" sc="284,-42,242,96,252,-22,212,-22" />
</Scene>
<Scene>
<INIT seed="1,0,0,3,0,79" ten="242,338,230,190" oya="1" hai0="116,51,82,55,50,44,99,17,87,114,111,31,21" hai1="39,131,11,132,64,120,36,127,60,2,78,97,106" hai2="38,108,20,52,13,47,135,128,74,91,30,77,102" hai3="121,61,4,105,65,83,33,40,22,19,0,124,49"/><U112/><E112/><V32/><F102/><W93/><G33/><T42/><D114/><U12/><E120/><V85/><F108/><W92/><G105/><T73/><D111/><U129/><E127/><V103/><F103/><W81/><G121/><T104/><D73/><U59/><E2/><V9/><F32/><W76/><G124/><T10/><D116/><U86/><E132/><V95/><F135/><W54/><G40/><T8/><D31/><U14/><E97/><V96/><F128/><N who="1" m="49225" /><E106/><V122/><F122/><W67/><G4/><T72/><D72/><U18/><E12/><V26/><F74/><W48/><G0/><T56/><D99/><U68/><E68/><V53/><F38/><W133/><G61/><T101/><D101/><U89/><E78/><V34/><F34/><W88/><G92/><AGARI ba="0,0" hai="11,14,18,36,39,59,60,64,86,89,92" m="49225" machi="92" ten="30,1500,0" yaku="19,1" doraHai="79" who="1" fromWho="3" sc="242,0,338,15,230,0,190,-15" />
</Scene>
<Scene>
<INIT seed="1,1,0,5,4,122" ten="242,353,230,175" oya="1" hai0="79,58,22,1,25,99,65,30,59,128,32,97,81" hai1="61,85,119,80,75,60,8,52,114,3,43,110,9" hai2="113,51,131,56,69,76,78,28,37,6,57,45,83" hai3="125,96,34,134,29,121,19,47,2,33,94,14,100"/><U38/><E114/><V107/><F69/><W88/><G2/><T35/><D1/><U103/><E119/><V70/><F70/><W68/><G121/><T66/><D128/><U74/><E103/><V67/><F107/><W135/><G68/><T117/><D117/><U82/><E38/><V91/><F37/><W129/><G129/><T71/><D71/><U72/><E43/><V23/><F6/><W120/><G120/><T124/><D124/><U26/><E26/><N who="2" m="16479" /><F113/><W0/><G0/><T92/><D97/><U105/><E105/><V115/><F131/><W17/><G125/><T87/><D59/><N who="2" m="22602" /><F67/><W27/><G34/><T89/><REACH who="0" step="1"/><D65/><REACH who="0" ten="232,353,230,175" step="2"/><U24/><E3/><V84/><F115/><W55/><G134/><T112/><D112/><U118/><E118/><V63/><F63/><AGARI ba="1,1" hai="22,25,30,32,35,58,63,66,79,81,87,89,92,99" machi="63" ten="40,2600,0" yaku="1,1,53,1" doraHai="122" doraHaiUra="18" who="0" fromWho="2" sc="232,39,353,0,230,-29,175,0" />
</Scene>
<Scene>
<INIT seed="2,0,0,3,0,43" ten="271,353,201,175" oya="2" hai0="105,67,77,130,22,116,6,41,28,57,5,75,108" hai1="134,131,91,17,19,72,76,44,92,120,55,135,35" hai2="62,79,133,99,20,106,39,33,50,80,124,53,70" hai3="7,111,97,115,48,88,85,121,61,12,32,123,86"/><V83/><F33/><W40/><G32/><T13/><D105/><U30/><E131/><V59/><F39/><W113/><G111/><T37/><D130/><U0/><E0/><V78/><F124/><W119/><G61/><T117/><D108/><U118/><E118/><N who="0" m="45673" /><D77/><U94/><E94/><V114/><F114/><N who="3" m="43531" /><G97/><T8/><D75/><U89/><E89/><V46/><F70/><W10/><G85/><T52/><D67/><U18/><E120/><V66/><F133/><W24/><G24/><N who="0" m="16407" /><D41/><U2/><E76/><N who="2" m="29227" /><F106/><W110/><G119/><T68/><D37/><U132/><E72/><V11/><F11/><W98/><G98/><T102/><D68/><U26/><E2/><V125/><F125/><W34/><G34/><T103/><D6/><U3/><E3/><V74/><F74/><W25/><G25/><T45/><D45/><U127/><E127/><V63/><F99/><W31/><G31/><T27/><D27/><U1/><E1/><V49/><F20/><W54/><G40/><T69/><D69/><U109/><E109/><V71/><F71/><W9/><G9/><T84/><D84/><N who="1" m="52327" /><E19/><V101/><F101/><W4/><G4/><T100/><D103/><U51/><AGARI ba="0,0" hai="17,18,26,30,35,44,51,55,132,134,135" m="52327" machi="51" ten="40,2700,0" yaku="20,1,52,1" doraHai="43" who="1" fromWho="1" sc="271,-7,353,27,201,-13,175,-7" />
</Scene>
<Scene>
<INIT seed="3,0,0,5,5,40" ten="264,380,188,168" oya="3" hai0="127,35,120,91,5,92,102,83,132,11,58,17,80" hai1="14,96,60,86,3,89,79,2,135,90,70,15,13" hai2="77,109,71,20,94,101,4,25,22,131,65,8,53" hai3="41,99,10,23,37,119,74,26,38,108,84,73,57"/><W32/><G119/><T97/><D120/><U1/><E135/><V52/><F109/><W63/><G32/><T16/><D132/><U134/><E134/><V113/><F113/><W24/><G24/><T72/><D35/><U98/><E79/><V56/><F131/><W6/><G84/><T93/><D127/><U69/><E60/><N who="2" m="38023" /><F71/><N who="1" m="27145" /><E86/><V54/><F77/><W118/><G118/><T76/><D58/><U59/><E59/><V48/><F8/><W67/><G99/><AGARI ba="0,0" hai="1,2,3,13,14,15,89,90,96,98,99" m="27145" machi="99" ten="40,2600,0" yaku="28,2" doraHai="40" who="1" fromWho="3" sc="264,0,380,26,188,0,168,-26" />
</Scene>
<Scene>
<INIT seed="4,0,0,0,1,13" ten="264,406,188,142" oya="0" hai0="74,15,100,110,99,45,93,123,129,43,122,80,3" hai1="106,27,107,1,131,108,33,56,51,17,75,40,28" hai2="48,98,11,46,97,29,84,16,41,85,8,64,77" hai3="0,35,55,49,9,73,53,125,118,102,89,124,42"/><T127/><D3/><U25/><E75/><V117/><F29/><W52/><G73/><T116/><D116/><U30/><E108/><V50/><F117/><W134/><G35/><T92/><D110/><U67/><E1/><V61/><F50/><W6/><G118/><T26/><D127/><N who="3" m="48713" /><G102/><T94/><D129/><U68/><E68/><V72/><F72/><W115/><G115/><T60/><D60/><U120/><E120/><V70/><F8/><W88/><G134/><T34/><D15/><U83/><E83/><V103/><F77/><W69/><G69/><T126/><D126/><U76/><E76/><V37/><F97/><W63/><G63/><T86/><D74/><U101/><E101/><V62/><F62/><W14/><G0/><T96/><D26/><U20/><E30/><V130/><F130/><W58/><G42/><T91/><D34/><U32/><E32/><V44/><F11/><W31/><G31/><T54/><D54/><AGARI ba="0,0" hai="6,9,14,49,52,53,54,55,58,88,89" m="48713" machi="54" ten="30,3900,0" yaku="18,1,54,2" doraHai="13" who="3" fromWho="0" sc="264,-39,406,0,188,0,142,39" />
</Scene>
<Scene>
<INIT seed="5,0,0,4,5,128" ten="225,406,188,181" oya="1" hai0="63,93,89,52,30,39,64,22,119,54,84,109,123" hai1="12,60,24,4,61,49,70,34,29,31,105,71,73" hai2="99,126,78,121,8,27,28,80,17,25,135,134,20" hai3="19,44,53,42,127,92,82,5,56,13,10,68,97"/><U66/><E73/><V75/><F121/><W57/><G68/><T76/><D123/><U86/><E31/><V72/><F126/><W87/><G127/><T114/><D39/><U77/><E105/><V32/><F75/><W43/><G19/><T131/><D109/><U15/><E4/><V37/><F37/><W118/><G118/><T67/><D119/><U108/><E108/><V0/><REACH who="2" step="1"/><F99/><REACH who="2" ten="225,406,178,181" step="2"/><W100/><G53/><T33/><D54/><U102/><E66/><V2/><F2/><W3/><G3/><T124/><D67/><U98/><E98/><V95/><F95/><W45/><G43/><T122/><D52/><U40/><E40/><V129/><F129/><W110/><G110/><T104/><D131/><U130/><E130/><V7/><AGARI ba="0,1" hai="0,7,8,17,20,25,27,28,32,72,78,80,134,135" machi="7" ten="30,7900,0" yaku="1,1,0,1,52,2,53,0" doraHai="128" doraHaiUra="36" who="2" fromWho="2" sc="225,-20,406,-39,178,89,181,-20" />
</Scene>
<Scene>
<INIT seed="6,0,0,4,2,22" ten="205,367,267,161" oya="2" hai0="23,103,112,80,129,36,17,85,123,10,26,34,27" hai1="48,64,98,72,99,25,59,67,114,101,76,16,90" hai2="109,108,38,96,35,84,71,116,119,54,56,65,4" hai3="5,100,105,45,133,52,74,89,87,131,42,63,77"/><V60/><F35/><W117/><G117/><N who="2" m="45129" /><F4/><W18/><G131/><T81/><D129/><U75/><E75/><V134/><F84/><W40/><G133/><T128/><D128/><U93/><E114/><V125/><F96/><W43/><G5/><T86/><D36/><U121/><E72/><V124/><F38/><W39/><G77/><N who="0" m="46223" /><D34/><U78/><E121/><V126/><F134/><W33/><G74/><T70/><D70/><U51/><E78/><V31/><F31/><W104/><G33/><T49/><D123/><U111/><E76/><V79/><F79/><W61/><G39/><T83/><D112/><U66/><E99/><V106/><F106/><W107/><G100/><T95/><D103/><U135/><E101/><V12/><F12/><W91/><G18/><T19/><D86/><U113/><E98/><V20/><F20/><W73/><G73/><T2/><D2/><U88/><E16/><N who="0" m="6217" /><D10/><U127/><E113/><V120/><F120/><W58/><G45/><T53/><D95/><U69/><E93/><V37/><F37/><W0/><G0/><T132/><D132/><U47/><E135/><V110/><F71/><W97/><G97/><T46/><D23/><U68/><E69/><V1/><F1/><W6/><G6/><T11/><D11/><U130/><E68/><V7/><F7/><W14/><G14/><T9/><D9/><U94/><E130/><V30/><F30/><W3/><G3/><T57/><D46/><U62/><E94/><V41/><F110/><W28/><G28/><T115/><D115/><U8/><E111/><V118/><F109/><RYUUKYOKU ba="0,0" sc="205,30,367,-10,267,-10,161,-10" hai0="26,27,49,53,57,81,83" />
</Scene>
<Scene>
<INIT seed="7,1,0,3,1,120" ten="235,357,257,151" oya="3" hai0="112,41,36,6,76,117,30,107,47,79,11,14,80" hai1="38,19,94,52,85,9,126,130,18,135,62,131,99" hai2="132,43,129,115,25,116,32,75,113,90,56,105,109" hai3="39,60,45,55,73,54,44,97,33,118,15,133,20"/><W119/><G33/><T13/><D117/><U72/><E38/><V53/><F116/><N who="3" m="44587" /><G73/><T70/><D107/><U95/><E72/><V29/><F75/><W3/><G3/><T59/><D70/><U125/><E135/><V24/><F105/><W21/><G97/><T96/><D96/><U57/><E85/><V51/><F132/><W64/><G15/><T124/><D30/><U84/><E84/><V46/><F129/><N who="1" m="49161" /><E94/><V78/><F78/><W1/><G1/><T127/><D14/><N who="1" m="7503" /><E19/><V5/><F5/><W122/><G133/><T100/><D59/><U134/><E134/><V106/><F106/><W61/><G122/><T31/><D41/><U110/><E110/><V91/><F109/><W26/><G26/><T101/><D31/><U89/><AGARI ba="1,0" hai="52,57,62,89,95,99,125,126" m="7503,49161" machi="89" ten="30,2000,0" yaku="19,1,54,1" doraHai="120" who="1" fromWho="1" sc="235,-6,357,23,257,-6,151,-11" owari="229,-17.0,380,48.0,251,5.0,140,-36.0" />
</Scene>
</mjloggm>