<mjloggm ver="2.3"><GO type="169" lobby="0"/><UN n0="%E6%84%9B%E5%AE%95%E3%83%8D%E3%82%AD%E3%80%82" n1="%E7%8E%84%E7%B1%B3" n2="%E5%A4%AA%E3%81%8F%E3%81%AA%E3%81%84%E3%81%8A" n3="%E3%82%88%E3%81%86%E3%81%B8%E3%83%BC%58" dan="16,16,17,16" rate="2051.13,2072.85,2188.98,2030.27" sx="M,M,M,M"/><TAIKYOKU oya="0"/>

<Scene>
<INIT seed="0,0,0,1,0,36" ten="250,250,250,250" oya="0" hai0="57,87,30,26,35,5,117,104,133,63,64,81,41" hai1="46,124,118,0,34,84,33,28,18,47,120,43,100" hai2="96,121,37,110,132,7,78,72,125,77,89,19,69" hai3="40,115,23,11,85,44,101,129,74,116,134,16,131"/><T54/><D117/><U8/><E118/><V55/><F69/><W108/><G116/><T3/><D104/><U73/><E120/><V12/><F121/><W17/><G74/><T102/><D87/><U91/><E73/><V25/><F37/><N who="3" m="21519" /><G115/><T38/><D102/><U58/><E124/><V2/><F125/><W83/><G101/><T107/><D107/><U105/><E46/><V21/><F110/><W67/><G108/><T90/><D133/><U9/><E58/><V75/><F132/><W68/><G11/><T14/><D3/><U126/><E126/><V32/><F75/><W20/><G134/><T106/><D106/><U93/><E8/><N who="2" m="2167" /><F72/><W103/><G103/><T82/><D90/><U128/><E28/><N who="2" m="19471" /><F55/><W66/><G68/><T135/><D135/><U113/><E100/><V122/><F122/><W15/><G17/><T70/><D70/><U123/><E18/><V1/><F1/><W94/><G23/><T49/><D54/><U119/><E0/><V114/><F114/><W10/><G20/><T97/><D35/><U60/><E33/><V39/><F39/><W80/><G67/><T79/><D38/><U99/><E34/><V59/><F59/><W52/><G66/><T65/><D64/><U62/><E113/><V29/><F29/><W112/><G52/><N who="0" m="31887" /><D65/><U95/><E123/><V86/><F96/><W22/><G22/><T53/><D97/><U127/><E99/><V76/><F78/><W111/><G112/><T51/><D79/><U71/><E127/><V6/><F6/><W48/><G111/><T4/><D4/><U109/><E109/><RYUUKYOKU ba="0,0" sc="250,-10,250,-10,250,30,250,-10" hai2="12,19,21,76,77,86,89" />
</Scene>
<Scene>
<INIT seed="1,1,0,2,0,43" ten="240,240,280,240" oya="1" hai0="119,4,63,86,70,18,71,135,58,121,131,50,19" hai1="12,75,22,105,106,10,95,0,120,64,81,51,21" hai2="53,17,28,34,30,25,76,35,99,117,122,97,59" hai3="2,36,5,104,88,114,91,125,62,87,66,111,9"/><U14/><E120/><V45/><F117/><W60/><G114/><T90/><D119/><U31/><E0/><V109/><F122/><W83/><G111/><T116/><D116/><U101/><E64/><V89/><F76/><W8/><G125/><T37/><D37/><U82/><E106/><V46/><F109/><W29/><G104/><T13/><D121/><U112/><E105/><V69/><F69/><W133/><G133/><T27/><D135/><U48/><E75/><V72/><F72/><W15/><G36/><T67/><D131/><U41/><E112/><V33/><F17/><W124/><G124/><T44/><D4/><U84/><E12/><V103/><F89/><W102/><G102/><T39/><D27/><N who="1" m="16879" /><E22/><V118/><F118/><W93/><G29/><T127/><D127/><U74/><E74/><V6/><F6/><W100/><G100/><T132/><D39/><U61/><E61/><V57/><F103/><W40/><G66/><T49/><D132/><U92/><E101/><V77/><F34/><W26/><G26/><T3/><D3/><U55/><E41/><V85/><F25/><W123/><G40/><N who="0" m="24711" /><D50/><N who="1" m="18987" /><E55/><V68/><F53/><W73/><G123/><T129/><D13/><U24/><E24/><V42/><F42/><W79/><G91/><T113/><D113/><U96/><E96/><V65/><F65/><W94/><G94/><N who="1" m="35882" /><E84/><V47/><F47/><W130/><REACH who="3" step="1"/><G130/><REACH who="3" ten="240,240,280,230" step="2"/><T23/><D129/><U80/><E80/><V98/><F98/><W56/><G56/><T54/><D67/><U32/><E32/><V115/><F33/><W20/><G20/><RYUUKYOKU ba="1,1" sc="240,-15,240,15,280,-15,230,15" hai1="10,14,81,82" hai3="2,5,8,9,15,60,62,73,79,83,87,88,93" />
</Scene>
<Scene>
<INIT seed="1,2,1,0,5,61" ten="225,255,265,245" oya="1" hai0="97,32,3,84,90,20,86,65,45,62,9,94,21" hai1="38,60,57,26,68,42,36,135,83,127,99,96,81" hai2="112,70,63,117,59,14,82,1,2,23,113,69,19" hai3="120,73,52,6,53,46,122,95,125,85,18,92,64"/><U129/><E68/><N who="2" m="26219" /><F82/><N who="1" m="31241" /><E36/><V41/><F41/><W48/><G73/><T22/><D32/><U101/><E38/><V56/><F117/><W109/><G6/><T104/><D104/><U33/><E33/><V123/><F123/><W118/><G118/><T29/><D29/><U103/><E135/><V105/><F105/><W106/><G106/><T34/><D34/><U37/><E37/><V128/><F128/><W130/><G130/><T16/><D45/><U39/><E39/><V107/><F107/><W55/><G125/><T124/><D124/><U7/><E127/><V74/><F74/><W126/><G126/><T132/><D132/><U115/><E115/><N who="2" m="44107" /><F59/><W4/><G4/><T111/><D111/><U80/><E129/><V24/><F24/><W43/><G109/><T67/><D3/><U78/><E42/><V100/><F100/><N who="1" m="38473" /><E7/><V66/><AGARI ba="2,1" hai="1,2,14,19,23,56,63,66" m="44107,26219" machi="66" ten="30,2000,0" yaku="11,1,52,1" doraHai="61" who="2" fromWho="2" sc="225,-7,255,-12,265,36,245,-7" />
</Scene>
<Scene>
<INIT seed="2,0,0,4,0,1" ten="218,243,301,238" oya="2" hai0="39,32,116,61,17,130,96,18,15,97,106,40,102" hai1="121,24,58,60,95,94,65,113,81,50,115,47,117" hai2="46,75,49,28,127,7,73,123,42,71,27,51,67" hai3="83,9,92,11,66,41,6,56,101,52,34,14,0"/><V8/><F123/><W62/><G34/><T88/><D32/><U131/><E117/><V26/><F127/><W112/><G112/><T44/><D116/><U69/><E131/><V21/><F51/><W16/><G41/><T54/><D130/><U85/><E121/><V35/><F67/><W128/><G128/><T2/><D2/><U37/><E115/><V93/><F93/><W45/><G83/><T31/><D31/><U120/><E120/><V103/><F103/><W23/><G11/><T107/><D107/><U19/><E113/><V114/><F71/><W124/><G124/><T25/><D25/><U86/><E86/><V135/><F135/><W13/><G0/><T22/><D18/><U84/><E84/><V132/><F132/><W20/><G20/><T57/><REACH who="0" step="1"/><D97/><REACH who="0" ten="208,243,301,238" step="2"/><U125/><E125/><V118/><F118/><W109/><G109/><T63/><D63/><U76/><E19/><V89/><F114/><W99/><REACH who="3" step="1"/><G45/><REACH who="3" ten="208,243,301,228" step="2"/><T53/><D53/><AGARI ba="0,2" hai="6,9,13,14,16,23,52,53,56,62,66,92,99,101" machi="53" ten="40,16000,3" yaku="1,1,2,1,8,1,52,1,54,2,53,2" doraHai="1" doraHaiUra="10" who="3" fromWho="0" sc="208,-160,243,0,301,0,228,180" />
</Scene>
<Scene>
<INIT seed="3,0,0,4,0,87" ten="48,243,301,408" oya="3" hai0="59,14,37,78,22,86,107,127,98,90,50,126,54" hai1="28,103,104,13,57,20,130,106,68,67,102,25,53" hai2="84,89,8,113,40,112,128,21,85,135,76,79,81" hai3="99,3,10,91,117,109,58,39,118,11,61,124,43"/><W31/><G124/><N who="0" m="47659" /><D37/><U111/><E111/><V88/><F40/><W51/><G39/><T48/><D78/><N who="2" m="29738" /><F21/><W2/><G31/><T4/><D107/><U97/><E130/><V64/><F8/><N who="3" m="3115" /><G109/><T34/><D34/><U77/><E77/><V1/><F64/><N who="3" m="38967" /><G3/><T100/><D100/><U125/><E125/><V17/><F17/><W41/><G2/><T105/><D105/><U96/><E13/><V92/><F1/><W72/><G72/><T15/><D98/><U93/><E93/><N who="2" m="54407" /><F128/><W114/><G118/><T69/><D69/><U45/><E45/><V56/><F56/><W29/><G29/><T33/><D33/><U44/><E44/><V55/><F55/><W49/><G117/><T30/><D4/><U116/><E116/><V75/><F75/><W62/><G62/><T71/><D71/><U110/><E110/><V132/><F81/><W123/><G41/><T5/><D5/><U27/><E68/><V60/><F60/><W115/><G43/><T133/><D30/><U134/><E67/><V16/><F16/><W80/><G80/><N who="0" m="49479" /><D133/><AGARI ba="0,0" hai="85,89,92,112,113,132,133,135" m="54407,29738" machi="133" ten="30,12000,2" yaku="20,1,34,2,52,2,54,1" doraHai="87" who="2" fromWho="0" sc="48,-120,243,0,301,120,408,0" owari="-72,-57.0,243,-16.0,421,52.0,408,21.0" />
</Scene>
</mjloggm>