<mjloggm ver="2.3"><GO type="169" lobby="0"/><UN n0="%E4%B8%AD%E6%9D%91%E8%B1%AA" n1="%E5%A4%AA%E3%81%8F%E3%81%AA%E3%81%84%E3%81%8A" n2="%E3%83%95%E3%83%AA%E3%83%86%E3%83%B3" n3="%28%E8%9B%99%E3%83%BB%60%CF%89%E3%83%BB%C2%B4%29" dan="16,18,17,16" rate="2160.47,2223.06,2138.62,2115.46" sx="M,M,M,M"/><TAIKYOKU oya="0"/>

<Scene>
<INIT seed="0,0,0,2,3,65" ten="250,250,250,250" oya="0" hai0="45,28,42,71,128,61,50,53,7,97,30,29,81" hai1="12,6,11,40,122,59,1,52,16,51,102,94,19" hai2="95,112,18,88,83,100,86,57,117,77,98,2,75" hai3="113,92,106,110,116,126,96,67,4,73,8,10,36"/><T115/><D115/><U89/><E122/><V103/><F2/><W78/><G110/><T131/><D7/><U84/><E1/><V125/><F112/><W47/><G116/><T120/><D120/><U5/><E40/><V49/><F117/><W121/><G92/><T21/><D81/><U25/><E102/><V62/><F49/><W132/><G10/><T23/><D97/><U74/><E74/><V58/><F125/><W43/><G113/><T15/><D15/><N who="1" m="7295" /><E25/><V79/><F57/><W70/><G121/><T20/><REACH who="0" step="1"/><D42/><REACH who="0" ten="240,250,250,250" step="2"/><U124/><E124/><V22/><F75/><W14/><G73/><T27/><D27/><U31/><E31/><V54/><F79/><W85/><G78/><T46/><D46/><U48/><E48/><V76/><F77/><W13/><G43/><T80/><D80/><U41/><E41/><V133/><F133/><W33/><G132/><T87/><D87/><U123/><E123/><V3/><F3/><W118/><G85/><T130/><D130/><U104/><E104/><V111/><F111/><W69/><G106/><T38/><D38/><U134/><E134/><V34/><F34/><W55/><G36/><T72/><D72/><U44/><E44/><V37/><F37/><W63/><G47/><T91/><D91/><U39/><E39/><V24/><AGARI ba="0,1" hai="18,22,24,54,58,62,76,83,86,88,95,98,100,103" machi="24" ten="20,12000,2" yaku="0,1,7,1,25,2,8,1,54,1" doraHai="65" who="2" fromWho="2" sc="240,-60,250,-30,250,130,250,-30" />
</Scene>
<Scene>
<INIT seed="1,0,0,1,1,7" ten="180,220,380,220" oya="1" hai0="31,99,106,97,70,134,72,86,39,114,115,43,52" hai1="117,51,75,131,95,56,45,69,105,11,74,28,96" hai2="129,83,6,55,130,120,125,20,82,16,21,76,90" hai3="112,19,88,124,85,92,50,121,32,122,67,119,18"/><U93/><E69/><V87/><F120/><W38/><G112/><T61/><D72/><U127/><E117/><V33/><F33/><W91/><G38/><T118/><D118/><U34/><E105/><V128/><F125/><W123/><G124/><T37/><D134/><U25/><E127/><V13/><F6/><W62/><G119/><T22/><D86/><U57/><E131/><V103/><F103/><W68/><G32/><T8/><D8/><U98/><E74/><N who="2" m="43287" /><F55/><W4/><G4/><T71/><D106/><U27/><E75/><V108/><F108/><W116/><G116/><T133/><D133/><U14/><E25/><V2/><F2/><W59/><G68/><T84/><D84/><U63/><E96/><V78/><F21/><W73/><G73/><T40/><D22/><N who="1" m="15479" /><E63/><V111/><F111/><W42/><REACH who="3" step="1"/><G91/><AGARI ba="0,0" hai="13,16,20,78,83,87,90,91,128,129,130" m="43287" machi="91" ten="30,2000,0" yaku="19,1,54,1" doraHai="7" who="2" fromWho="3" sc="180,0,220,0,380,20,220,-20" />
</Scene>
<Scene>
<INIT seed="2,0,0,0,4,98" ten="180,220,400,200" oya="2" hai0="57,108,79,90,60,121,123,48,11,43,1,65,86" hai1="54,50,114,12,69,88,38,66,20,44,128,116,94" hai2="40,122,31,18,13,80,47,25,109,135,16,77,91" hai3="63,26,8,120,4,45,87,100,104,9,59,81,92"/><V49/><F122/><W58/><G120/><T56/><D79/><U71/><E114/><V51/><F135/><W119/><G104/><T7/><D108/><U68/><E116/><V28/><F109/><W93/><G119/><T39/><D39/><U110/><E110/><V42/><F91/><W84/><G45/><T37/><D37/><U62/><E128/><V19/><F13/><W76/><G26/><T15/><D1/><U3/><E3/><V17/><F17/><W61/><G4/><T125/><D125/><U27/><E12/><V35/><F28/><W127/><G127/><T10/><D10/><U99/><REACH who="1" step="1"/><E38/><REACH who="1" ten="180,210,400,200" step="2"/><V36/><REACH who="2" step="1"/><F42/><REACH who="2" ten="180,210,390,200" step="2"/><W82/><G76/><T129/><D43/><U52/><E52/><V106/><F106/><W46/><G46/><T2/><D15/><U115/><E115/><V5/><F5/><W132/><G132/><T111/><D111/><U30/><AGARI ba="0,2" hai="20,27,30,44,50,54,62,66,68,69,71,88,94,99" machi="30" ten="20,5200,0" yaku="1,1,0,1,7,1,54,1,53,0" doraHai="98" doraHaiUra="131" who="1" fromWho="1" sc="180,-13,210,72,390,-26,200,-13" />
</Scene>
<Scene>
<INIT seed="3,0,0,1,1,68" ten="167,282,364,187" oya="3" hai0="61,33,35,22,53,32,52,0,73,87,119,64,37" hai1="24,71,103,63,62,42,75,65,121,111,12,84,123" hai2="97,40,94,41,49,56,118,106,28,88,124,44,50" hai3="16,3,76,43,7,96,116,55,72,82,115,60,127"/><W19/><G115/><T18/><D73/><U91/><E75/><V70/><F118/><W38/><G116/><T20/><D0/><U79/><E79/><V1/><F70/><W129/><G127/><T134/><D119/><U17/><E111/><V29/><F1/><W8/><G129/><T21/><D134/><U130/><E130/><V108/><F108/><W112/><G112/><T25/><D87/><U23/><E103/><V133/><F133/><W93/><G55/><T59/><D37/><U105/><E105/><V45/><F124/><W4/><G4/><T85/><D85/><U95/><E63/><V113/><F113/><W80/><G60/><T131/><D131/><U107/><E107/><V120/><F120/><W30/><G30/><T101/><D101/><U14/><E42/><V81/><F106/><W135/><G80/><T99/><D99/><U125/><E125/><V69/><F69/><W6/><G6/><T78/><D78/><U13/><AGARI ba="0,0" hai="12,13,14,17,23,24,62,65,71,84,91,95,121,123" machi="13" ten="30,1100,0" yaku="0,1" doraHai="68" who="1" fromWho="1" sc="167,-3,282,11,364,-3,187,-5" />
</Scene>
<Scene>
<INIT seed="4,0,0,0,1,38" ten="164,293,361,182" oya="0" hai0="87,63,14,61,106,37,36,68,79,94,129,30,128" hai1="109,126,80,49,32,13,35,66,69,33,15,58,83" hai2="127,77,26,123,124,105,42,51,18,56,25,102,130" hai3="48,28,95,111,91,57,65,119,117,104,53,101,29"/><T84/><D106/><U17/><E109/><V92/><F123/><W21/><G111/><T52/><D30/><U115/><E69/><V99/><F130/><N who="0" m="50282" /><D14/><U100/><E100/><V82/><F105/><W125/><G125/><N who="2" m="48201" /><F18/><W11/><G11/><T45/><D79/><U70/><E70/><V40/><F56/><W103/><G104/><T50/><D94/><U9/><E126/><V133/><F51/><W71/><G71/><T113/><D113/><U4/><E115/><V116/><F116/><W93/><G65/><N who="0" m="41007" /><D84/><U5/><E33/><V8/><F133/><W2/><G2/><T110/><D87/><U121/><E121/><V122/><F122/><W108/><G108/><T39/><D110/><U19/><E35/><V62/><F62/><AGARI ba="0,0" hai="36,37,39,45,50,52,62,63" m="41007,50282" machi="62" ten="40,12000,1" yaku="19,1,34,2,54,1" doraHai="38" who="0" fromWho="2" sc="164,120,293,0,361,-120,182,0" />
</Scene>
<Scene>
<INIT seed="4,1,0,1,4,79" ten="284,293,241,182" oya="0" hai0="16,37,24,97,83,3,8,99,123,54,134,81,86" hai1="28,2,39,50,84,6,87,129,35,75,82,124,112" hai2="42,32,11,0,40,12,5,46,69,90,93,9,131" hai3="10,55,92,1,22,15,14,98,119,102,13,95,127"/><T80/><D37/><U36/><E75/><V31/><F131/><W58/><G119/><T26/><D123/><U89/><E129/><V91/><F69/><W60/><G127/><T21/><D134/><U135/><E135/><V116/><F116/><W47/><G47/><T94/><D3/><U100/><E124/><V65/><F65/><W77/><G77/><N who="0" m="46447" /><D8/><U105/><E112/><V64/><F64/><W45/><G45/><T121/><D121/><U67/><E67/><V70/><F70/><W68/><G68/><T101/><D97/><U18/><E6/><V108/><F108/><W71/><G71/><T66/><D66/><U114/><E2/><V62/><F62/><W44/><G44/><T96/><D96/><U120/><E120/><V7/><F93/><W130/><G130/><T126/><D126/><U19/><E105/><V59/><F59/><W53/><G53/><T73/><D73/><U74/><E74/><V106/><F106/><W4/><REACH who="3" step="1"/><G22/><REACH who="3" ten="284,293,241,172" step="2"/><N who="0" m="13383" /><D54/><U56/><E39/><V48/><F42/><W76/><G76/><T85/><D85/><U78/><E84/><V33/><F33/><W132/><G132/><T23/><D21/><U104/><E78/><V117/><F117/><W63/><G63/><T107/><D107/><AGARI ba="1,1" hai="1,4,10,13,14,15,55,58,60,92,95,98,102,107" machi="107" ten="40,1300,0" yaku="1,1,53,0" doraHai="79" doraHaiUra="38" who="3" fromWho="0" sc="284,-16,293,0,241,0,172,26" />
</Scene>
<Scene>
<INIT seed="5,0,0,2,4,49" ten="268,293,241,198" oya="1" hai0="30,110,106,65,59,73,129,81,120,54,12,77,128" hai1="112,67,23,39,25,86,29,103,127,46,8,75,114" hai2="102,125,100,134,69,14,4,35,34,17,95,94,130" hai3="88,105,61,68,5,27,62,51,118,98,116,10,123"/><U53/><E75/><V115/><F69/><W122/><G27/><T18/><D106/><U64/><E127/><V21/><F125/><W82/><G105/><T15/><D65/><U124/><E124/><V37/><F37/><W11/><G51/><N who="0" m="31199" /><D110/><U91/><E103/><V117/><F117/><N who="3" m="45163" /><G10/><N who="0" m="6423" /><D15/><U83/><E8/><V47/><F34/><W58/><G68/><T74/><D30/><U119/><E119/><V42/><F35/><W57/><G57/><T31/><D31/><U79/><E79/><V131/><F4/><W107/><G107/><T13/><D13/><U97/><E67/><V48/><F134/><W78/><G78/><T72/><D120/><N who="3" m="46121" /><G58/><T92/><D92/><U76/><E64/><V84/><F95/><N who="3" m="56679" /><G82/><T89/><D89/><U43/><E91/><N who="2" m="53607" /><F100/><W108/><G108/><T55/><D81/><U7/><E83/><V101/><F101/><W16/><G16/><T93/><D93/><U45/><E76/><V80/><F80/><W71/><G71/><T99/><D77/><U113/><E7/><V50/><F102/><W26/><G26/><T132/><D132/><U32/><E32/><V121/><F121/><W40/><G40/><T87/><D99/><U60/><E97/><V52/><F48/><W2/><AGARI ba="0,0" hai="2,5,11,61,62" m="56679,46121,45163" machi="2" ten="30,2000,0" yaku="12,1,54,1" doraHai="49" who="3" fromWho="3" sc="268,-5,293,-10,241,-5,198,20" />
</Scene>
<Scene>
<INIT seed="6,0,0,5,2,125" ten="263,283,236,218" oya="2" hai0="14,73,36,35,117,83,115,64,116,29,124,10,84" hai1="6,2,53,20,119,71,39,55,95,130,88,22,127" hai2="109,91,80,128,50,79,112,56,23,17,38,30,51" hai3="58,96,44,86,78,102,9,15,12,75,77,114,45"/><V62/><F112/><W63/><G114/><T107/><D107/><U121/><E119/><N who="0" m="45641" /><D36/><U97/><E121/><V60/><F38/><W103/><G75/><T133/><D73/><U92/><E127/><V25/><F109/><W99/><G86/><T101/><D101/><U11/><E39/><V118/><F118/><W1/><G1/><T26/><D64/><U8/><E71/><V34/><F91/><W54/><G9/><T18/><D124/><U122/><E122/><V16/><F60/><W111/><G111/><T94/><D94/><U27/><E130/><V132/><F128/><W89/><G89/><N who="0" m="51359" /><D115/><U31/><E11/><V120/><F120/><W59/><G54/><T70/><D70/><U76/><E76/><V85/><F132/><AGARI ba="0,0" hai="10,14,18,26,29,35,132,133" m="51359,45641" machi="132" ten="30,1000,0" yaku="12,1" doraHai="125" who="0" fromWho="2" sc="263,10,283,0,236,-10,218,0" />
</Scene>
<Scene>
<INIT seed="7,0,0,3,2,80" ten="273,283,226,218" oya="3" hai0="121,0,79,119,13,117,90,17,68,9,91,61,106" hai1="107,51,76,125,124,56,36,15,127,18,131,4,104" hai2="118,113,6,8,82,27,31,135,77,54,116,96,24" hai3="73,123,34,70,25,1,55,32,62,29,65,114,84"/><W64/><G123/><T33/><D106/><U40/><E4/><V11/><F135/><W102/><G73/><T20/><D121/><U59/><E131/><V75/><F113/><W12/><G1/><T129/><D79/><U86/><E36/><V130/><F11/><W45/><G65/><T109/><D109/><U60/><E40/><V71/><F71/><W7/><G114/><T83/><D33/><U53/><E76/><V105/><F27/><W111/><G111/><T67/><D129/><U2/><E2/><V99/><F54/><W88/><G102/><T95/><D0/><U42/><E86/><V101/><F99/><W98/><G98/><T100/><D100/><U49/><E42/><V57/><F57/><W30/><G30/><T110/><D110/><U72/><E72/><V85/><F130/><W50/><G32/><T26/><D83/><U28/><E28/><V87/><F116/><W21/><G7/><T93/><D93/><U44/><E44/><V19/><F19/><W89/><REACH who="3" step="1"/><G84/><REACH who="3" ten="273,283,226,208" step="2"/><T69/><D67/><U122/><E122/><V132/><F132/><W41/><G41/><T48/><D117/><U37/><E125/><V108/><F118/><W52/><G52/><T81/><D119/><U58/><E124/><V10/><F108/><W103/><G103/><T43/><D43/><U46/><E127/><V97/><F96/><W39/><G39/><T23/><D68/><U115/><E37/><V3/><F10/><W14/><G14/><T5/><D69/><U63/><E115/><V66/><F66/><W112/><G112/><T38/><D9/><RYUUKYOKU ba="0,1" sc="273,-15,283,-15,226,15,208,15" hai2="3,6,8,24,31,75,77,82,85,87,97,101,105" hai3="12,21,25,29,34,45,50,55,62,64,70,88,89" />
</Scene>
<Scene>
<INIT seed="7,1,1,4,4,10" ten="258,268,241,223" oya="3" hai0="21,52,132,119,62,28,89,125,69,37,54,15,18" hai1="36,101,67,53,38,59,133,90,123,40,103,26,116" hai2="98,111,8,102,13,34,47,65,97,95,85,6,12" hai3="76,17,108,81,29,99,61,3,82,88,92,75,120"/><W68/><G120/><T70/><D37/><U71/><E123/><V131/><F111/><W134/><G108/><T24/><D119/><U23/><E116/><V104/><F34/><W130/><G130/><T50/><D125/><U55/><E133/><V46/><F131/><W48/><G134/><T83/><D132/><U41/><E71/><V63/><F85/><W25/><G3/><T80/><D70/><U84/><E67/><V32/><F32/><W87/><G48/><T22/><D89/><U49/><E36/><V42/><F42/><N who="1" m="16489" /><E55/><V72/><F72/><W20/><G68/><T56/><D69/><U66/><E66/><V77/><F77/><W105/><G105/><T9/><D22/><U118/><E38/><V30/><F30/><W93/><G61/><T1/><D1/><U5/><E5/><V107/><F107/><W31/><REACH who="3" step="1"/><G93/><REACH who="3" ten="258,268,241,213" step="2"/><T112/><D112/><U96/><E118/><V4/><F63/><W33/><G33/><T39/><D39/><U73/><E49/><V94/><F104/><W121/><G121/><T78/><D78/><AGARI ba="1,2" hai="17,20,25,29,31,75,76,78,81,82,87,88,92,99" machi="78" ten="30,5800,0" yaku="1,1,7,1,54,1,53,0" doraHai="10" doraHaiUra="57" who="3" fromWho="0" sc="258,-61,268,0,241,0,213,81" />
</Scene>
<Scene>
<INIT seed="7,2,0,2,5,112" ten="197,268,241,294" oya="3" hai0="113,10,96,123,75,118,50,68,18,55,60,7,63" hai1="21,134,98,110,46,33,66,23,131,109,116,89,61" hai2="73,65,127,35,115,130,0,117,13,45,37,111,85" hai3="133,69,90,78,16,121,49,31,11,32,29,72,107"/><W19/><G121/><T42/><D123/><U80/><E33/><V8/><RYUUKYOKU type="yao9" ba="2,0" sc="197,0,268,0,241,0,294,0" hai2="0,8,13,35,37,45,65,73,85,111,115,117,127,130" />
</Scene>
<Scene>
<INIT seed="7,3,0,1,3,84" ten="197,268,241,294" oya="3" hai0="16,106,123,88,50,73,57,42,110,99,108,129,114" hai1="8,132,62,44,15,117,51,82,77,70,24,115,34" hai2="63,60,104,3,20,97,128,40,6,18,120,35,37" hai3="49,93,38,22,11,26,86,91,46,89,133,69,39"/><W105/><G105/><T101/><D123/><U1/><E1/><V0/><F35/><W68/><G133/><T19/><D73/><U31/><E132/><V30/><F30/><W25/><G11/><T83/><D129/><U71/><E62/><V5/><F5/><W100/><G100/><T59/><D114/><U131/><E115/><V81/><F60/><W107/><G107/><T48/><D108/><U23/><E34/><V76/><F6/><W9/><G9/><T87/><D110/><U135/><E131/><V66/><F40/><W134/><G134/><T113/><D113/><U67/><E67/><V125/><F37/><W121/><G121/><T54/><REACH who="0" step="1"/><D42/><REACH who="0" ten="187,268,241,294" step="2"/><U103/><E135/><V27/><F128/><W95/><G68/><T61/><D61/><U36/><E71/><V41/><F63/><W102/><G69/><T127/><D127/><U45/><E70/><V32/><F120/><W21/><G38/><T64/><D64/><U2/><E36/><V7/><F125/><W14/><G39/><T94/><D94/><U74/><E74/><V53/><F41/><N who="3" m="24783" /><G95/><T52/><AGARI ba="3,1" hai="16,19,48,50,52,54,57,59,83,87,88,99,101,106" machi="52" ten="30,12000,2" yaku="1,1,0,1,9,1,52,1,54,3,53,0" doraHai="84" doraHaiUra="33" who="0" fromWho="0" sc="187,139,268,-33,241,-33,294,-63" owari="326,42.0,235,4.0,208,-29.0,231,-17.0" />
</Scene>
</mjloggm>