<mjloggm ver="2.3"><GO type="169" lobby="0"/><UN n0="%E5%A4%AA%E3%81%8F%E3%81%AA%E3%81%84%E3%81%8A" n1="%E3%81%91%E3%82%93%31%39%37%30" n2="%E5%BE%A9%E8%AE%90%E3%81%A1%E3%82%83%E3%82%93" n3="%E5%BB%83%E4%BA%BA%E9%81%94%E9%9B%86%E5%90%88" dan="18,16,16,16" rate="2262.88,2143.81,2147.33,2081.16" sx="F,M,F,M"/><TAIKYOKU oya="0"/>

<Scene>
<INIT seed="0,0,0,2,4,31" ten="250,250,250,250" oya="0" hai0="43,123,10,133,65,135,29,24,2,53,30,28,8" hai1="33,32,44,84,9,104,41,101,45,55,19,25,64" hai2="13,23,83,59,56,75,113,105,68,37,94,22,103" hai3="57,49,17,88,81,11,77,46,0,36,87,96,132"/><T51/><D123/><U66/><E104/><V108/><F68/><W131/><G131/><T47/><D65/><U67/><E101/><V127/><F37/><W61/><G36/><T40/><D24/><U20/><E84/><V110/><F105/><W6/><G132/><N who="0" m="50763" /><D2/><U100/><E100/><V129/><F83/><W93/><G17/><T50/><D43/><U54/><E9/><N who="0" m="3689" /><D53/><U82/><E82/><V115/><F129/><W109/><G109/><T21/><D21/><U92/><E92/><V58/><F94/><W98/><G46/><T122/><D122/><U73/><E73/><V99/><F23/><W12/><G0/><T89/><D89/><U121/><E121/><V1/><F22/><W130/><G130/><T52/><D29/><U90/><E90/><V80/><F1/><W126/><G49/><T35/><D35/><U3/><E3/><V86/><F103/><W128/><G128/><T134/><N who="0" m="50771" /><T102/><DORA hai="16" /><D102/><U85/><E85/><V4/><F86/><W74/><G74/><T76/><D76/><U15/><E25/><V125/><F75/><W91/><G91/><T71/><D71/><U70/><E70/><V107/><F108/><W117/><G98/><T119/><D119/><U69/><E69/><V38/><F99/><W18/><G117/><T79/><D79/><U62/><E62/><V39/><F110/><W5/><G96/><T112/><D112/><U26/><E26/><V42/><F113/><W14/><G77/><T78/><D78/><U95/><E41/><V124/><F42/><W48/><G88/><T106/><D106/><RYUUKYOKU ba="0,0" sc="250,30,250,-10,250,-10,250,-10" hai0="28,30,40,47,50,51,52" />
</Scene>
<Scene>
<INIT seed="0,1,0,4,2,109" ten="280,240,240,240" oya="0" hai0="45,47,50,131,51,116,53,70,114,52,69,35,60" hai1="16,134,94,34,24,105,110,8,91,14,65,56,74" hai2="78,46,59,5,7,101,133,135,122,83,2,11,32" hai3="108,22,21,67,18,20,43,44,100,30,89,86,0"/><T96/><D35/><U19/><E110/><V25/><F122/><W123/><G123/><T68/><D96/><U48/><E105/><V124/><F101/><W29/><G0/><T66/><D116/><U125/><E74/><V28/><F7/><W31/><G108/><T103/><D103/><U127/><E134/><V17/><F59/><W57/><G100/><T27/><D27/><U98/><E65/><V3/><F3/><W95/><G67/><T42/><D131/><U113/><E56/><V88/><F124/><N who="1" m="47689" /><E48/><V87/><F46/><W80/><G57/><N who="0" m="32927" /><D114/><U63/><E63/><V6/><F6/><W107/><G107/><T64/><D64/><U37/><E37/><AGARI ba="1,0" hai="37,42,45,47,50,53,60,66,68,69,70" m="32927" machi="37" ten="30,18000,2" yaku="24,1,35,5,54,1" doraHai="109" who="0" fromWho="1" sc="280,183,240,-183,240,0,240,0" />
</Scene>
<Scene>
<INIT seed="0,2,0,5,1,66" ten="463,57,240,240" oya="0" hai0="103,105,108,50,51,133,16,114,54,30,21,12,104" hai1="52,116,71,39,8,79,53,65,111,129,57,34,99" hai2="91,82,4,98,100,7,127,102,2,37,49,110,18" hai3="33,85,55,73,121,41,6,5,64,76,81,107,109"/><T1/><D114/><U115/><E116/><V10/><F37/><W45/><G121/><T130/><D1/><U17/><E34/><V28/><F28/><W92/><G33/><T9/><D130/><U119/><E119/><V38/><F38/><W56/><G64/><T0/><D133/><U135/><E39/><V124/><F7/><W112/><G112/><T72/><D72/><U125/><E115/><V84/><F110/><W40/><G109/><T46/><D108/><U132/><E79/><V61/><F18/><W68/><G107/><T122/><D122/><U24/><E111/><V47/><F61/><W36/><G68/><T20/><D103/><U86/><E86/><V67/><F67/><W113/><G41/><T15/><D0/><U70/><E65/><V63/><F63/><W62/><G113/><T19/><REACH who="0" step="1"/><D51/><REACH who="0" ten="453,57,240,240" step="2"/><U118/><E118/><V69/><F100/><W77/><G73/><T58/><D58/><U11/><E129/><V88/><F102/><W87/><G92/><T35/><D35/><U89/><E132/><V131/><F131/><W94/><G94/><T83/><D83/><AGARI ba="2,1" hai="5,6,36,40,45,55,56,62,76,77,81,83,85,87" machi="83" ten="40,1300,0" yaku="9,1" doraHai="66" who="3" fromWho="0" sc="453,-19,57,0,240,0,240,29" />
</Scene>
<Scene>
<INIT seed="1,0,0,0,4,53" ten="434,57,240,269" oya="1" hai0="64,26,91,20,54,84,86,129,109,63,96,120,75" hai1="71,80,31,134,88,30,99,125,38,11,103,8,85" hai2="92,58,1,116,123,51,98,25,27,22,28,60,117" hai3="50,73,78,3,111,47,95,115,13,48,0,21,127"/><U59/><E71/><V29/><F51/><W110/><G115/><T101/><D75/><U124/><E38/><V135/><F1/><W105/><G105/><T106/><D109/><U35/><E134/><V133/><F123/><W132/><G132/><T2/><D2/><U97/><E97/><V72/><F72/><W94/><G21/><T121/><D54/><U114/><E114/><V118/><F25/><W104/><G104/><T15/><D15/><U113/><E113/><V12/><F12/><W102/><G13/><T9/><D9/><N who="1" m="3659" /><E35/><V76/><F76/><W65/><G78/><T33/><D129/><U90/><E90/><V16/><F133/><W6/><G65/><T45/><D33/><U87/><E87/><V36/><F36/><W81/><G81/><T39/><D91/><U130/><E130/><V14/><F14/><W66/><G66/><T82/><D82/><U108/><E108/><V52/><REACH who="2" step="1"/><F135/><REACH who="2" ten="434,57,230,269" step="2"/><W44/><G73/><T32/><D121/><U68/><E68/><V131/><F131/><W56/><G3/><T34/><D120/><U42/><E42/><V74/><F74/><W49/><G0/><T69/><D39/><U70/><E70/><V83/><F83/><W10/><G50/><T7/><D69/><U57/><E124/><V93/><F93/><W17/><G127/><T61/><D106/><N who="1" m="63871" /><E125/><V41/><F41/><W119/><G110/><T107/><D107/><U18/><E18/><V40/><F40/><W122/><G122/><T89/><D26/><U112/><E112/><V126/><F126/><W46/><G111/><T77/><D77/><RYUUKYOKU ba="0,1" sc="434,-15,57,15,230,15,269,-15" hai1="30,31,57,59,80,85,88" hai2="16,22,27,28,29,52,58,60,92,98,116,117,118" />
</Scene>
<Scene>
<INIT seed="1,1,1,5,0,44" ten="419,72,245,254" oya="1" hai0="30,88,10,91,12,105,65,37,63,7,97,48,81" hai1="1,116,42,47,8,108,92,66,23,21,99,38,74" hai2="130,129,35,101,27,61,19,70,132,85,110,43,86" hai3="6,11,77,72,55,103,67,53,14,22,54,24,95"/><U17/><E116/><V82/><F110/><W2/><G2/><T107/><D37/><U28/><E66/><V64/><F132/><W62/><G72/><T83/><D30/><U124/><E124/><V71/><F71/><W94/><G77/><T16/><D107/><U45/><E45/><V100/><F43/><W123/><G123/><T113/><D113/><U133/><E133/><V112/><F112/><W120/><G120/><T90/><D105/><U41/><E41/><V52/><F85/><W59/><REACH who="3" step="1"/><G103/><REACH who="3" ten="419,72,245,244" step="2"/><T109/><D109/><U0/><E108/><V127/><F100/><W114/><G114/><T50/><D97/><U89/><E74/><V57/><F101/><W31/><AGARI ba="1,2" hai="6,11,14,22,24,31,53,54,55,59,62,67,94,95" machi="31" ten="30,4000,0" yaku="1,1,0,1,8,1,53,0" doraHai="44" doraHaiUra="46" who="3" fromWho="3" sc="419,-11,72,-21,245,-11,244,63" />
</Scene>
<Scene>
<INIT seed="2,0,0,2,0,135" ten="408,51,234,307" oya="2" hai0="28,70,0,51,33,122,128,47,54,127,86,126,133" hai1="13,7,119,113,64,45,20,123,39,37,101,131,85" hai2="116,42,96,103,53,46,57,60,18,23,81,121,63" hai3="77,74,107,43,58,8,67,19,93,22,108,110,84"/><V73/><F116/><W115/><G107/><T97/><D122/><U132/><E119/><V129/><F121/><W80/><G115/><T2/><D70/><U100/><E113/><V38/><F129/><W27/><G43/><T56/><D133/><U12/><E123/><V36/><F81/><W32/><G32/><T49/><D128/><U83/><E131/><V79/><F79/><W24/><G8/><T40/><D86/><U75/><E75/><V66/><F73/><W44/><G44/><T87/><D97/><U78/><E132/><V114/><F114/><W65/><G27/><N who="0" m="18591" /><D87/><U88/><E64/><V99/><F38/><W50/><G50/><T21/><D21/><U14/><E39/><V125/><F103/><W94/><G67/><T1/><D56/><U90/><E37/><V17/><F17/><W109/><REACH who="3" step="1"/><G84/><REACH who="3" ten="408,51,234,297" step="2"/><T59/><D40/><U31/><E45/><V30/><F66/><W102/><G102/><N who="1" m="39530" /><E7/><V41/><F41/><W82/><G82/><T89/><D49/><U25/><AGARI ba="0,1" hai="12,13,14,20,25,31,78,83,85,88,90" m="39530" machi="25" ten="30,2000,0" yaku="8,1,54,1" doraHai="135" who="1" fromWho="1" sc="408,-5,51,30,234,-10,297,-5" />
</Scene>
<Scene>
<INIT seed="3,0,0,2,1,40" ten="403,81,224,292" oya="3" hai0="49,31,112,37,79,118,133,128,43,76,10,6,36" hai1="95,122,81,2,65,106,26,114,69,135,60,105,15" hai2="45,121,42,132,67,111,130,9,46,80,4,19,119" hai3="109,97,47,38,27,72,41,44,127,12,113,39,35"/><W29/><G113/><T3/><D118/><U108/><E108/><V134/><F111/><W1/><G109/><T78/><D112/><U23/><E135/><V18/><F119/><W110/><G110/><T34/><D133/><N who="2" m="51306" /><F130/><W52/><G1/><T30/><D128/><U91/><E114/><V25/><F42/><W75/><G127/><T32/><D49/><U24/><E2/><V28/><F67/><W96/><G39/><T99/><D99/><U16/><E122/><V74/><F121/><W117/><G117/><T98/><D98/><U94/><E81/><V87/><F74/><W82/><G12/><T33/><REACH who="0" step="1"/><D43/><REACH who="0" ten="393,81,224,292" step="2"/><U89/><E106/><V120/><F120/><W131/><G131/><T61/><D61/><U64/><E105/><V88/><F19/><W56/><G97/><T7/><D7/><U70/><E60/><V63/><F18/><W58/><G96/><T103/><D103/><U77/><E16/><V102/><F63/><W51/><REACH who="3" step="1"/><G75/><REACH who="3" ten="393,81,224,282" step="2"/><T53/><D53/><U13/><REACH who="1" step="1"/><E23/><REACH who="1" ten="393,71,224,282" step="2"/><N who="2" m="15423" /><F102/><W92/><G92/><T71/><D71/><U22/><E22/><V5/><F5/><W84/><G84/><T116/><D116/><U8/><E8/><V101/><F101/><W62/><G62/><T83/><D83/><U124/><E124/><V126/><F126/><W50/><G50/><T125/><D125/><U90/><E90/><V59/><F4/><W68/><G68/><T129/><D129/><U107/><E107/><V73/><F80/><W123/><G123/><T66/><D66/><U21/><E21/><V115/><F115/><W14/><G14/><RYUUKYOKU ba="0,3" sc="393,10,71,10,224,-30,282,10" hai0="3,6,10,30,31,32,33,34,36,37,76,78,79" hai1="13,15,24,26,64,65,69,70,77,89,91,94,95" hai3="27,29,35,38,41,44,47,51,52,56,58,72,82" />
</Scene>
<Scene>
<INIT seed="3,1,3,5,3,57" ten="403,81,194,292" oya="3" hai0="55,68,11,60,123,22,72,88,120,36,10,6,9" hai1="19,92,128,53,103,110,77,3,75,79,129,50,74" hai2="14,66,27,116,59,81,17,2,48,93,21,78,45" hai3="61,73,83,94,104,86,132,24,70,47,37,100,76"/><W106/><G132/><T46/><D72/><N who="1" m="27691" /><E3/><V39/><F116/><W111/><G111/><T126/><D126/><U121/><E19/><V102/><F2/><W64/><G24/><T51/><D6/><U117/><E121/><V42/><F102/><W63/><G63/><T82/><D36/><U87/><E110/><V67/><F93/><W23/><G23/><T32/><D32/><U40/><E40/><V33/><F33/><W25/><G25/><T28/><D28/><U125/><E125/><V127/><F127/><W5/><G5/><T20/><D123/><U62/><E62/><V90/><F90/><W54/><G86/><N who="0" m="50263" /><D68/><U35/><E35/><V38/><F27/><W80/><G80/><T119/><D119/><U41/><E41/><V114/><F114/><W26/><G26/><T113/><D120/><U85/><E117/><V107/><F39/><W122/><G122/><T133/><D133/><U4/><E4/><V34/><F34/><W130/><G130/><N who="1" m="50282" /><E87/><V96/><F38/><W118/><G118/><T31/><D113/><U134/><E134/><V95/><F21/><N who="0" m="8298" /><D31/><U13/><E13/><V89/><F14/><W56/><G37/><T0/><D0/><U52/><E85/><V7/><F7/><W30/><G30/><T29/><D29/><U84/><E84/><V8/><F8/><W109/><G109/><T58/><D10/><U105/><E105/><V69/><F107/><W18/><G70/><T16/><D16/><U1/><E1/><V12/><F17/><W97/><G18/><T49/><D49/><U112/><E112/><V135/><F48/><RYUUKYOKU ba="1,3" sc="403,15,81,-15,194,-15,292,15" hai0="9,11,46,51,55,58,60" hai3="47,54,56,61,64,73,76,83,94,97,100,104,106" />
</Scene>
<Scene>
<INIT seed="3,2,3,1,3,3" ten="418,66,179,307" oya="3" hai0="82,4,41,29,47,74,15,135,76,0,38,118,24" hai1="67,51,17,27,121,80,125,8,130,58,45,22,43" hai2="86,55,59,42,114,90,56,21,98,107,34,75,94" hai3="13,31,16,54,46,44,64,50,9,105,33,60,63"/><W122/><G122/><T5/><D118/><U132/><E121/><V89/><F34/><W93/><G105/><T68/><D135/><U77/><E132/><V61/><F75/><W32/><G46/><T19/><D68/><U37/><E130/><V101/><F114/><W48/><G48/><T124/><D0/><U87/><E125/><V62/><F42/><W71/><G63/><T100/><D100/><U106/><E106/><V123/><F123/><W2/><G2/><T88/><D124/><U1/><E37/><V129/><F129/><W79/><G79/><T12/><D88/><U30/><E67/><V133/><F133/><W102/><G31/><T40/><D40/><U65/><E65/><V112/><F112/><W28/><G28/><T57/><D57/><U78/><E58/><V110/><F110/><W7/><REACH who="3" step="1"/><G16/><REACH who="3" ten="418,66,179,297" step="2"/><T108/><D108/><U26/><E1/><V127/><F127/><W109/><G109/><T49/><D49/><U103/><E8/><V128/><F128/><W113/><G113/><T6/><REACH who="0" step="1"/><D19/><REACH who="0" ten="408,66,179,297" step="2"/><U18/><E18/><V35/><F107/><W120/><G120/><T97/><D97/><AGARI ba="2,5" hai="7,9,13,32,33,44,50,54,60,64,71,93,97,102" machi="97" ten="40,7700,0" yaku="1,1,52,1,53,1" doraHai="3" doraHaiUra="91" who="3" fromWho="0" sc="408,-83,66,0,179,0,297,133" />
</Scene>
<Scene>
<INIT seed="3,3,0,1,0,59" ten="325,66,179,430" oya="3" hai0="63,111,35,43,135,108,123,38,42,107,97,36,68" hai1="64,41,81,75,55,110,57,20,77,25,105,120,84" hai2="27,122,15,16,126,33,74,13,58,130,127,92,50" hai3="96,45,117,34,14,114,109,40,119,56,19,69,131"/><W5/><G69/><T93/><D93/><U80/><E120/><V23/><F74/><W99/><G114/><T89/><D89/><U86/><E105/><V66/><F50/><W6/><G131/><T3/><D3/><U52/><E110/><V118/><F118/><W49/><G109/><N who="0" m="42059" /><D35/><U116/><E41/><N who="0" m="15369" /><D97/><N who="3" m="37449" /><G34/><T21/><D21/><U87/><E116/><V112/><F92/><W100/><G119/><T10/><D10/><U11/><E11/><V121/><F58/><W44/><G117/><T22/><D22/><U106/><E106/><V91/><F66/><W115/><G115/><T133/><D107/><U24/><E75/><V32/><F91/><W30/><G30/><T9/><D9/><U51/><E64/><V88/><F88/><W31/><G31/><T90/><D90/><U113/><E113/><V79/><F79/><W70/><G19/><T125/><D123/><N who="2" m="47114" /><F130/><W83/><G83/><N who="1" m="31818" /><E77/><V82/><F82/><W85/><G5/><T65/><D125/><N who="2" m="47626" /><F112/><W8/><G85/><T60/><D60/><N who="1" m="35903" /><E20/><V98/><F98/><W128/><G128/><T134/><AGARI ba="3,0" hai="36,38,63,65,68,133,134,135" m="15369,42059" machi="134" ten="40,8000,1" yaku="20,1,14,1,34,2,52,1" doraHai="59" who="0" fromWho="0" sc="325,89,66,-23,179,-23,430,-43" />
</Scene>
<Scene>
<INIT seed="4,0,0,1,1,101" ten="414,43,156,387" oya="0" hai0="55,30,89,111,28,22,54,35,74,94,73,70,103" hai1="29,100,51,52,77,50,79,116,109,18,131,61,47" hai2="26,64,1,105,67,96,40,49,133,16,75,83,4" hai3="13,8,113,102,68,121,7,66,104,44,11,90,37"/><T117/><D117/><U106/><E109/><V71/><F4/><W92/><G121/><T88/><D70/><U9/><E116/><V42/><F1/><W128/><G128/><T84/><D35/><U80/><E131/><V82/><F71/><W45/><G113/><T99/><D111/><U43/><E29/><V65/><F133/><W135/><G135/><T125/><D125/><U57/><E100/><V86/><F75/><W15/><G37/><T93/><D103/><U127/><E127/><V91/><F105/><W87/><G66/><T132/><D132/><U3/><E106/><V60/><F96/><W34/><G34/><T69/><D69/><U62/><E79/><V53/><F60/><W134/><G134/><T24/><D30/><U85/><REACH who="1" step="1"/><E3/><REACH who="1" ten="414,33,156,387" step="2"/><V48/><F82/><W72/><G102/><T114/><D114/><U123/><E123/><V108/><F108/><W6/><G104/><T126/><D126/><U38/><E38/><V118/><F118/><W59/><G68/><T46/><D28/><U36/><E36/><V19/><F83/><W33/><G33/><T122/><D122/><U112/><E112/><V0/><F0/><W23/><G72/><T98/><D73/><U129/><E129/><V21/><F91/><W2/><G2/><T130/><D88/><U78/><E78/><V12/><F86/><W20/><REACH who="3" step="1"/><G59/><REACH who="3" ten="414,33,156,377" step="2"/><T115/><D74/><U56/><E56/><N who="2" m="32807" /><F49/><W5/><G5/><T120/><D130/><U41/><E41/><V63/><F63/><W31/><G31/><T17/><D120/><U97/><E97/><V81/><F81/><RYUUKYOKU ba="0,2" sc="414,-30,33,10,156,10,377,10" hai1="9,18,43,47,50,51,52,57,61,62,77,80,85" hai2="12,16,19,21,26,40,42,64,65,67" hai3="6,7,8,11,13,15,20,23,44,45,87,90,92" />
</Scene>
<Scene>
<INIT seed="5,1,2,5,3,131" ten="384,43,166,387" oya="1" hai0="73,126,85,115,134,112,43,55,81,16,125,10,130" hai1="104,132,14,99,76,36,26,54,97,116,101,47,32" hai2="23,98,28,129,19,105,9,118,69,109,66,27,38" hai3="60,20,70,110,53,87,37,103,127,51,45,56,80"/><U46/><E116/><V82/><F38/><W34/><G34/><T3/><D73/><U128/><E128/><V31/><F129/><W2/><G2/><T1/><D130/><U49/><E76/><V94/><F105/><W108/><G103/><T52/><D43/><U90/><E14/><V95/><F95/><W92/><G127/><N who="0" m="48651" /><D134/><U113/><E113/><N who="0" m="43593" /><D16/><U63/><E63/><V107/><F9/><W120/><G120/><T35/><D35/><U44/><E36/><V71/><F19/><W124/><G124/><T135/><D135/><U48/><E132/><V114/><F31/><W93/><G110/><T84/><D84/><U65/><E65/><V102/><F109/><W22/><G37/><T18/><D18/><U79/><E79/><V72/><F66/><N who="3" m="39175" /><G70/><T78/><D1/><U77/><E77/><V57/><F118/><W40/><G40/><T15/><D15/><U91/><E99/><V68/><F114/><W50/><G50/><T83/><D81/><U11/><E11/><V42/><F82/><W121/><G121/><T0/><D0/><U100/><E100/><V88/><F102/><W17/><G108/><T29/><D29/><U12/><E12/><V64/><F64/><W7/><G7/><AGARI ba="1,2" hai="3,7,10,52,55,78,83,85" m="43593,48651" machi="7" ten="30,3900,0" yaku="18,1,15,1,54,1" doraHai="131" who="0" fromWho="3" sc="384,62,43,0,166,0,387,-42" />
</Scene>
<Scene>
<INIT seed="6,0,0,5,1,45" ten="446,43,166,345" oya="2" hai0="127,74,83,37,20,133,69,104,85,101,44,15,17" hai1="2,18,77,96,109,123,132,120,94,27,87,121,38" hai2="118,91,12,21,73,76,42,19,113,29,65,50,102" hai3="13,48,59,107,112,56,99,126,92,0,40,100,114"/><V30/><F113/><N who="3" m="43627" /><G126/><T67/><D74/><U90/><E109/><V119/><F102/><W52/><G0/><T3/><D3/><U66/><E2/><V115/><F115/><W4/><G40/><T58/><D69/><U61/><E38/><V134/><F65/><W60/><G107/><T14/><D104/><U43/><E132/><V78/><F134/><W55/><G13/><T41/><D101/><U63/><E43/><V124/><F124/><W31/><G31/><T129/><D127/><U95/><E77/><V122/><F122/><W51/><G60/><T110/><D110/><U98/><E63/><V128/><F128/><W10/><G10/><T1/><D1/><U79/><E79/><V64/><F64/><W71/><G4/><T36/><D133/><U86/><E18/><V53/><F42/><W111/><G111/><T8/><D129/><U81/><E27/><V84/><F76/><W125/><G125/><T24/><D37/><U11/><E11/><V26/><F78/><W116/><G116/><T82/><D15/><U34/><E34/><V72/><F118/><W49/><G49/><T57/><D67/><U131/><E131/><V89/><F30/><W16/><G16/><T25/><D17/><U62/><E62/><V105/><F105/><W47/><G47/><T22/><D44/><U5/><E5/><V7/><F7/><W88/><G100/><T32/><D41/><U28/><E28/><V39/><F39/><W54/><G54/><T46/><D36/><U97/><E87/><V93/><F119/><W130/><G130/><T70/><D85/><RYUUKYOKU ba="0,0" sc="446,-15,43,15,166,-15,345,15" hai1="61,66,81,86,90,94,95,96,97,98,120,121,123" hai3="48,51,52,55,56,59,71,88,92,99" />
</Scene>
<Scene>
<INIT seed="7,1,0,2,1,135" ten="431,58,151,360" oya="3" hai0="103,32,65,29,61,40,66,48,133,129,53,14,54" hai1="12,63,15,10,114,23,52,124,37,18,81,100,55" hai2="88,22,19,50,112,117,1,58,86,70,108,59,68" hai3="46,56,43,26,119,57,93,6,132,84,13,30,79"/><W109/><G109/><T134/><D129/><U107/><E37/><V127/><F1/><W36/><G119/><T24/><D103/><U47/><E114/><V106/><F106/><W115/><G132/><N who="0" m="50795" /><D14/><U74/><E107/><V67/><F117/><W9/><G115/><T28/><D28/><U110/><E100/><V87/><F87/><W101/><G101/><T96/><D96/><U91/><E110/><V11/><F11/><W111/><G111/><T104/><D104/><U33/><E33/><V5/><F5/><W118/><G118/><T77/><D77/><U131/><E131/><V80/><F108/><W69/><G69/><N who="0" m="42159" /><D66/><U78/><E91/><V49/><F70/><W99/><G99/><T25/><D25/><U120/><E120/><V126/><F68/><W45/><G45/><AGARI ba="1,0" hai="24,29,32,40,45,48,53,54" m="42159,50795" machi="45" ten="30,1000,0" yaku="20,1" doraHai="135" who="0" fromWho="3" sc="431,13,58,0,151,0,360,-13" owari="444,54.0,58,-44.0,151,-25.0,347,15.0" />
</Scene>
</mjloggm>