<mjloggm ver="2.3"><GO type="169" lobby="0"/><UN n0="%E3%81%8F%E3%82%8D%E3%81%AF%E3%81%A1" n1="%E3%82%80%E3%81%99%E3%82%93%E3%81%A7%E3%81%B2%E3%82%89%E3%81%84%E3%81%A6" n2="%4D%72%2E%6E%69%6B%75%39" n3="%E5%A4%AA%E3%81%8F%E3%81%AA%E3%81%84%E3%81%8A" dan="17,16,17,17" rate="2149.88,2098.10,2165.06,2164.22" sx="M,M,M,M"/><TAIKYOKU oya="0"/>

<Scene>
<INIT seed="0,0,0,1,5,7" ten="250,250,250,250" oya="0" hai0="71,130,68,128,80,61,81,63,75,97,116,16,113" hai1="57,9,3,85,82,49,11,31,60,54,111,132,47" hai2="38,106,99,6,125,42,28,50,43,105,45,70,15" hai3="0,67,86,101,94,55,14,129,44,48,10,117,133"/><T39/><D113/><U104/><E104/><V78/><F70/><N who="0" m="26666" /><D116/><U34/><E3/><V24/><F125/><W76/><G117/><T8/><D39/><U79/><E111/><V120/><F120/><W95/><G0/><T23/><D97/><U5/><E5/><V110/><F110/><W53/><G67/><T26/><D75/><U72/><E132/><V84/><F42/><W12/><G133/><T51/><D51/><U64/><REACH who="1" step="1"/><E72/><REACH who="1" ten="250,240,250,250" step="2"/><V135/><F135/><W74/><G74/><T88/><D128/><U66/><E66/><V4/><F6/><W2/><G2/><T29/><D130/><U13/><E13/><V37/><F15/><W56/><G129/><T122/><D122/><U20/><E20/><V96/><F4/><W121/><G121/><T73/><D73/><U127/><E127/><V107/><F106/><W102/><G14/><N who="0" m="7239" /><D80/><U69/><E69/><V126/><F107/><W19/><G94/><T124/><D124/><U65/><E65/><V25/><F126/><W41/><G95/><T62/><D81/><U89/><E89/><V103/><F105/><W93/><G93/><T90/><D88/><U18/><E18/><V112/><F112/><W22/><G22/><T40/><D90/><U109/><E109/><V35/><F35/><W118/><G118/><T87/><D87/><U27/><AGARI ba="0,1" hai="9,11,27,31,34,47,49,54,57,60,64,79,82,85" machi="27" ten="30,7900,0" yaku="1,1,0,1,52,2,53,0" doraHai="7" doraHaiUra="1" who="1" fromWho="1" sc="250,-39,240,89,250,-20,250,-20" />
</Scene>
<Scene>
<INIT seed="1,0,0,0,5,57" ten="211,329,230,230" oya="1" hai0="93,97,27,25,22,74,134,125,107,91,82,49,62" hai1="13,11,86,53,85,29,52,61,133,19,37,6,77" hai2="102,126,71,110,43,28,55,15,103,68,121,31,50" hai3="105,8,96,98,26,95,88,9,4,67,47,16,124"/><U63/><E37/><V10/><F121/><W94/><G105/><T117/><D117/><U56/><E133/><V35/><F110/><W46/><G67/><T130/><D134/><U127/><E127/><V12/><F43/><W120/><G124/><T128/><D125/><U65/><E29/><V78/><F78/><W40/><G120/><T32/><D107/><U73/><E73/><V69/><F126/><W0/><G40/><T111/><D111/><U104/><E104/><V36/><F36/><W20/><REACH who="3" step="1"/><G9/><REACH who="3" ten="211,329,230,220" step="2"/><T106/><D106/><U17/><E65/><V38/><F10/><W59/><G59/><T99/><D130/><U90/><E77/><V18/><F71/><W2/><G2/><T42/><D128/><U92/><E85/><V122/><F69/><W119/><G119/><T132/><D42/><U116/><E116/><V135/><F68/><W3/><G3/><T109/><D132/><U80/><E80/><V123/><F135/><W64/><G64/><T24/><D109/><U66/><E53/><V108/><F108/><W131/><G131/><T23/><D82/><U1/><E1/><V70/><F70/><AGARI ba="0,1" hai="6,11,13,17,19,52,56,61,63,66,70,86,90,92" machi="70" ten="30,11600,0" yaku="7,1,52,2,54,1" doraHai="57" who="1" fromWho="2" sc="211,0,329,126,230,-116,220,0" />
</Scene>
<Scene>
<INIT seed="1,1,0,0,1,120" ten="211,455,114,220" oya="1" hai0="97,25,2,62,63,50,26,82,17,27,96,3,103" hai1="87,60,116,48,92,5,79,71,35,105,68,124,66" hai2="38,90,10,100,135,78,42,77,15,64,12,1,52" hai3="36,86,130,129,19,133,44,125,18,58,134,101,65"/><U69/><E105/><V117/><F117/><W122/><G101/><T56/><D82/><U33/><E116/><V23/><F135/><N who="3" m="51723" /><G86/><T81/><D81/><U13/><E124/><V46/><F64/><W131/><G122/><T73/><D73/><U55/><E5/><V20/><F100/><W43/><G125/><T6/><D17/><N who="3" m="6153" /><G58/><T39/><D39/><U67/><E13/><V91/><F1/><W16/><N who="3" m="6161" /><W127/><DORA hai="95" /><G127/><T22/><D22/><U89/><E79/><V85/><F38/><W21/><G65/><T70/><D103/><U108/><E67/><V112/><F46/><N who="3" m="23911" /><G21/><T102/><D102/><U74/><E74/><V34/><F85/><W41/><G41/><T119/><D119/><U57/><E71/><V123/><F42/><W98/><G44/><T93/><D70/><U121/><E69/><V72/><F72/><W7/><G7/><T88/><D6/><U51/><E121/><V61/><F123/><W106/><G98/><N who="0" m="57639" /><D2/><U75/><E75/><V128/><F23/><W40/><G40/><T80/><D3/><U126/><E126/><V118/><F20/><W0/><G0/><T104/><D80/><U11/><E68/><V29/><F112/><W47/><G47/><T99/><D104/><AGARI ba="1,0" hai="104,106,129,130,131" m="23911,6161,51723" machi="104" ten="50,6400,0" yaku="19,1,20,1,54,1" doraHai="120,95" who="3" fromWho="0" sc="211,-67,455,0,114,0,220,67" />
</Scene>
<Scene>
<INIT seed="2,0,0,0,0,1" ten="144,455,114,287" oya="2" hai0="42,31,9,55,15,124,72,114,53,32,13,112,64" hai1="118,21,46,68,48,88,119,125,29,66,52,95,23" hai2="8,122,78,123,0,35,92,40,19,133,36,10,22" hai3="81,12,103,116,71,82,96,127,108,60,130,89,39"/><V120/><F133/><W67/><G116/><T2/><D72/><U76/><E76/><V79/><F35/><W87/><G39/><T27/><D42/><U100/><E100/><V128/><F128/><W74/><G130/><T75/><D75/><U69/><E125/><V25/><F10/><W129/><G129/><T117/><D64/><U104/><E104/><V106/><F106/><W63/><G127/><T94/><D124/><U28/><E21/><V11/><F8/><W90/><G108/><T84/><D117/><U34/><E34/><V57/><F57/><W5/><G63/><T59/><D2/><U121/><E121/><V126/><F126/><W115/><G115/><T101/><D15/><U58/><E69/><V14/><F0/><W33/><G33/><T83/><D94/><U102/><E68/><V4/><REACH who="2" step="1"/><F92/><REACH who="2" ten="144,455,104,287" step="2"/><W134/><G134/><T3/><D3/><U107/><E107/><V77/><F77/><W16/><G71/><T65/><D114/><U111/><E58/><V131/><F131/><W6/><G67/><T110/><D112/><U61/><E66/><V135/><F135/><W93/><G60/><T30/><D65/><U20/><E61/><V7/><F7/><W113/><G113/><T70/><D70/><U54/><E119/><V109/><F109/><W38/><G6/><N who="0" m="3255" /><D110/><U51/><E111/><V132/><F132/><W24/><G5/><T105/><D59/><U62/><E62/><V26/><F26/><W47/><G24/><T37/><D32/><U86/><E118/><V97/><F97/><W17/><G17/><T41/><D27/><RYUUKYOKU ba="0,1" sc="144,-10,455,-10,104,30,287,-10" hai2="4,11,14,19,22,25,36,40,78,79,120,122,123" />
</Scene>
<Scene>
<INIT seed="2,1,1,0,2,57" ten="134,445,134,277" oya="2" hai0="18,72,51,9,24,17,4,23,97,46,82,76,88" hai1="74,131,11,92,10,22,7,83,112,42,66,45,107" hai2="90,77,109,6,71,118,47,27,127,113,99,119,93" hai3="15,52,65,34,106,38,130,110,40,101,63,32,87"/><V53/><F113/><W64/><G87/><T54/><D18/><U122/><E107/><V98/><F71/><N who="3" m="42399" /><G15/><T80/><D76/><U35/><E35/><V41/><F127/><W128/><G65/><T78/><D78/><U19/><E131/><N who="3" m="50218" /><G110/><T33/><D33/><U89/><E66/><V69/><F69/><W56/><G101/><T114/><D114/><U133/><E7/><V43/><F109/><W95/><G95/><T134/><D134/><U16/><E133/><V20/><F77/><W70/><G106/><T26/><D26/><U36/><E92/><V73/><F73/><W48/><G70/><T135/><D135/><U100/><E100/><V94/><F6/><W111/><G111/><T103/><D72/><U86/><E74/><V1/><F1/><W50/><G50/><T37/><D37/><U132/><E132/><V126/><F126/><W129/><G129/><T59/><D103/><U25/><E112/><V115/><F115/><W2/><G2/><T28/><D4/><U62/><E36/><V30/><F118/><W67/><G67/><T60/><D97/><U96/><E96/><V0/><F0/><W79/><G79/><T49/><D88/><U117/><E89/><N who="2" m="55631" /><F119/><W55/><G55/><N who="0" m="33919" /><D49/><AGARI ba="1,1" hai="20,27,30,41,43,47,49,53,90,93,99" m="55631" machi="49" ten="30,1500,0" yaku="8,1" doraHai="57" who="2" fromWho="0" sc="134,-18,445,0,134,28,277,0" />
</Scene>
<Scene>
<INIT seed="2,2,0,4,1,122" ten="116,445,162,277" oya="2" hai0="66,78,5,60,24,103,37,45,99,92,46,51,42" hai1="17,119,41,121,50,52,101,128,18,126,55,61,8" hai2="47,130,2,29,116,94,89,95,31,21,71,11,62" hai3="16,39,123,38,93,54,76,88,90,1,9,84,0"/><V10/><F116/><W135/><G123/><T23/><D78/><U35/><E119/><V111/><F130/><W53/><G135/><T74/><D74/><U115/><E115/><V114/><F114/><W120/><G120/><T91/><D5/><U96/><E35/><V100/><F2/><W118/><G118/><T14/><D14/><U4/><E121/><V69/><F100/><W56/><G76/><T86/><D45/><U117/><E117/><V82/><F82/><W72/><G72/><T25/><D37/><U63/><E41/><V75/><F75/><W22/><G54/><T20/><D20/><U43/><E43/><V7/><F47/><W77/><G77/><T113/><D113/><U40/><E40/><V6/><F89/><W19/><G19/><T65/><D60/><U87/><E87/><V70/><F70/><W36/><G90/><T133/><D133/><U106/><E63/><V44/><F44/><W98/><G9/><T28/><REACH who="0" step="1"/><D25/><REACH who="0" ten="106,445,162,277" step="2"/><U49/><E61/><V110/><F62/><N who="3" m="36111" /><G1/><T81/><AGARI ba="2,1" hai="23,24,28,42,46,51,65,66,81,86,91,92,99,103" machi="81" ten="20,5200,0" yaku="1,1,0,1,7,1,8,1,53,0" doraHai="122" doraHaiUra="32" who="0" fromWho="0" sc="106,68,445,-15,162,-28,277,-15" />
</Scene>
<Scene>
<INIT seed="3,0,0,5,3,135" ten="174,430,134,262" oya="3" hai0="107,112,27,10,34,25,3,94,50,134,24,119,83" hai1="90,79,123,115,96,5,132,84,35,114,60,18,57" hai2="8,19,101,103,38,68,64,69,39,76,29,92,45" hai3="2,98,54,9,61,26,0,12,124,46,111,113,52"/><W125/><G113/><T116/><D107/><U62/><E35/><V51/><F29/><W7/><G111/><T6/><D112/><U4/><E123/><V1/><F76/><W87/><G98/><T30/><D134/><U74/><E74/><V95/><F64/><W23/><G87/><T131/><D83/><U33/><E33/><V91/><F1/><W118/><G118/><N who="0" m="45099" /><D50/><U53/><E18/><V80/><F80/><W104/><G104/><T42/><D42/><U31/><E31/><V86/><F68/><W59/><G46/><T43/><D43/><U97/><E79/><V128/><F69/><W49/><G0/><T120/><D94/><U110/><E132/><V32/><F38/><W65/><G2/><T67/><D67/><U81/><E110/><V58/><F39/><W20/><G20/><T71/><D71/><U55/><E115/><V82/><F32/><W17/><REACH who="3" step="1"/><G54/><REACH who="3" ten="174,430,134,252" step="2"/><T56/><D120/><U109/><E109/><V70/><F45/><W77/><G77/><T47/><D47/><U88/><E114/><V99/><F99/><N who="1" m="37961" /><E90/><V75/><F75/><W21/><G21/><T121/><D121/><U85/><E85/><V37/><F91/><W93/><G93/><T117/><D117/><U22/><E22/><V40/><F92/><W13/><G13/><T28/><D34/><U130/><E88/><V72/><F95/><W106/><G106/><T36/><D3/><U126/><E84/><V16/><F86/><W14/><G14/><T15/><D15/><U73/><E73/><V133/><F72/><W41/><G41/><T48/><D25/><RYUUKYOKU ba="0,1" sc="174,-10,430,-10,134,-10,252,30" hai3="7,9,12,17,23,26,49,52,59,61,65,124,125" />
</Scene>
<Scene>
<INIT seed="3,1,1,2,3,116" ten="164,420,124,282" oya="3" hai0="98,6,38,28,93,53,36,78,13,47,104,87,31" hai1="117,97,129,123,77,5,57,1,51,68,71,63,46" hai2="79,134,102,56,84,23,54,19,15,92,107,49,32" hai3="122,33,44,70,103,59,96,55,130,90,40,64,74"/><W41/><G74/><T29/><D104/><U119/><E77/><V48/><F134/><W4/><G33/><T60/><D36/><U20/><E5/><V111/><F111/><W120/><G4/><T7/><D38/><U21/><E1/><V0/><F0/><W3/><G3/><T121/><D121/><U30/><E97/><N who="2" m="59687" /><F107/><W85/><G130/><T135/><D135/><U112/><E123/><V72/><F72/><W61/><G90/><N who="0" m="55607" /><D13/><U100/><E100/><V101/><F32/><W69/><G85/><T82/><D60/><U108/><E21/><V58/><F101/><W27/><G27/><T114/><D114/><U52/><E112/><V127/><F127/><W45/><G96/><T83/><D83/><U76/><E76/><V106/><F106/><W25/><G25/><T16/><D16/><U80/><E80/><N who="2" m="47135" /><F49/><AGARI ba="1,1" hai="6,7,28,29,31,47,49,53,78,82,87" m="55607" machi="49" ten="30,1000,0" yaku="8,1" doraHai="116" who="0" fromWho="2" sc="164,23,420,0,124,-13,282,0" />
</Scene>
<Scene>
<INIT seed="4,0,0,1,4,118" ten="187,420,111,282" oya="0" hai0="68,84,0,79,88,110,69,131,52,19,135,96,72" hai1="122,89,7,80,61,90,106,21,91,14,71,101,63" hai2="59,2,128,41,56,67,125,24,36,77,54,112,92" hai3="97,123,126,8,34,20,9,114,51,44,75,1,83"/><T94/><D0/><U45/><E122/><V66/><F2/><W81/><G34/><T58/><D72/><U16/><E7/><V10/><F112/><W117/><G117/><T76/><D135/><U15/><E15/><V26/><F125/><W38/><G38/><T62/><D131/><U12/><E12/><V87/><F128/><W17/><G114/><T29/><D29/><U105/><E101/><V100/><F36/><W73/><G97/><T50/><D110/><U129/><E105/><V65/><F41/><W55/><G126/><T132/><D132/><U113/><E106/><V107/><F107/><W130/><G130/><T31/><D31/><U43/><E71/><V40/><F40/><W25/><G123/><T49/><D19/><U30/><E30/><V22/><F10/><W35/><G35/><T104/><D104/><U48/><E113/><V5/><F5/><W85/><G83/><N who="0" m="49183" /><D68/><U27/><E129/><V82/><F22/><W42/><G1/><T124/><D69/><U78/><REACH who="1" step="1"/><E14/><REACH who="1" ten="187,410,111,282" step="2"/><V127/><F127/><W18/><G18/><T57/><D124/><U60/><E60/><N who="2" m="35863" /><F59/><W46/><G8/><T93/><D57/><U98/><E98/><AGARI ba="0,1" hai="24,26,65,66,67,77,82,87,92,98,100" m="35863" machi="98" ten="30,1000,0" yaku="8,1" doraHai="118" who="2" fromWho="1" sc="187,0,410,-10,111,20,282,0" />
</Scene>
<Scene>
<INIT seed="5,0,0,1,3,83" ten="187,400,131,282" oya="1" hai0="2,41,112,3,65,10,106,85,20,53,105,21,68" hai1="24,98,88,44,39,133,5,33,12,13,35,70,1" hai2="40,119,45,66,32,36,125,124,11,81,54,19,38" hai3="14,75,52,131,4,77,31,96,43,74,122,48,126"/><U115/><E70/><V79/><F32/><W51/><G122/><T108/><D108/><U127/><E1/><V134/><F119/><W121/><G121/><T89/><D41/><U87/><E98/><V22/><F66/><W49/><G31/><T80/><D112/><U130/><E115/><V100/><F100/><W26/><G26/><T7/><D2/><U116/><E116/><V94/><F134/><W57/><G131/><T28/><D53/><U34/><E24/><V71/><F71/><W90/><G126/><N who="2" m="48745" /><F54/><W109/><G109/><T118/><D118/><U86/><E5/><V101/><F11/><N who="3" m="4455" /><G75/><T97/><D28/><U135/><E127/><V92/><F101/><W59/><G74/><T56/><D68/><U132/><E130/><V69/><F38/><W62/><G77/><T23/><REACH who="0" step="1"/><D97/><REACH who="0" ten="177,400,131,282" step="2"/><U78/><E135/><V47/><F69/><W82/><G43/><T55/><D55/><U104/><E133/><V95/><F36/><W27/><G96/><T129/><D129/><U84/><E132/><V30/><F30/><W76/><G59/><T117/><D117/><U50/><E39/><V128/><F128/><W46/><G46/><T18/><D18/><U110/><E110/><V93/><N who="2" m="23552" /><DORA hai="42" /><V99/><F99/><W114/><G114/><T9/><D9/><U64/><E44/><N who="2" m="16971" /><F40/><W29/><G29/><T16/><D16/><U91/><E33/><V73/><F19/><W123/><G52/><T15/><D15/><U103/><E35/><V67/><F67/><W6/><G49/><T107/><D107/><U61/><E34/><V8/><F8/><RYUUKYOKU ba="0,1" sc="177,15,400,-15,131,15,282,-15" hai0="3,7,10,20,21,23,56,65,80,85,89,105,106" hai2="22,73,79,81" />
</Scene>
<Scene>
<INIT seed="6,1,1,1,1,104" ten="192,385,146,267" oya="2" hai0="112,78,19,10,77,129,124,122,119,37,85,39,73" hai1="98,36,126,70,43,81,113,86,130,132,5,72,7" hai2="95,67,107,2,75,64,123,16,106,8,6,114,128" hai3="111,32,74,25,71,97,42,65,110,55,50,27,69"/><V48/><F123/><W41/><G97/><T14/><D122/><U118/><E70/><V40/><F128/><W68/><G74/><T51/><D129/><U60/><E118/><V11/><F114/><W96/><G96/><T34/><D34/><U13/><E60/><V61/><F75/><W82/><G82/><T79/><D73/><U57/><E57/><V92/><F40/><N who="3" m="15467" /><G32/><T0/><D112/><U91/><E130/><V116/><F116/><W22/><G22/><T125/><D119/><U58/><E113/><V93/><F48/><W133/><G25/><T28/><D28/><U56/><E98/><V4/><F67/><W23/><G23/><T109/><D109/><N who="3" m="41481" /><G27/><T47/><D85/><U80/><E86/><V94/><N who="2" m="23552" /><DORA hai="45" /><V105/><F16/><W21/><G21/><T135/><D0/><U24/><E24/><V90/><F90/><W108/><G108/><T87/><D87/><U38/><E91/><V88/><F88/><W101/><G101/><T134/><D37/><U121/><E72/><V127/><F127/><N who="0" m="48714" /><D39/><U49/><E126/><V59/><REACH who="2" step="1"/><F107/><REACH who="2" ten="192,385,136,267" step="2"/><W103/><G65/><T33/><D33/><U44/><E36/><V99/><F99/><W89/><G89/><T54/><AGARI ba="1,2" hai="10,14,19,47,51,54,77,78,79,134,135" m="48714" machi="54" ten="40,2700,0" yaku="18,1,52,1" doraHai="104,45" who="0" fromWho="0" sc="192,50,385,-8,136,-14,267,-8" />
</Scene>
<Scene>
<INIT seed="7,0,0,0,5,16" ten="242,377,122,259" oya="3" hai0="122,116,10,12,54,93,1,17,7,102,36,106,96" hai1="85,129,26,42,79,35,111,74,107,52,87,78,64" hai2="92,115,95,43,27,88,56,119,67,68,83,84,34" hai3="58,90,76,62,44,89,9,120,71,94,82,114,99"/><W31/><G120/><T53/><D122/><U61/><E111/><V41/><F119/><W4/><G71/><T112/><D116/><U135/><E42/><V49/><F115/><W46/><G31/><T24/><D36/><U127/><E52/><N who="2" m="31759" /><F34/><W47/><G114/><T5/><D112/><U14/><E14/><V101/><F68/><W3/><G90/><T86/><D24/><U0/><E87/><V28/><F67/><W109/><G109/><T91/><D5/><U33/><E79/><V51/><F51/><W32/><G32/><T118/><D118/><U45/><E45/><V128/><F128/><W20/><G20/><AGARI ba="0,0" hai="1,7,10,12,17,20,53,54,86,91,93,96,102,106" machi="20" ten="30,2000,0" yaku="7,1,52,1" doraHai="16" who="0" fromWho="3" sc="242,20,377,0,122,0,259,-20" owari="262,6.0,377,48.0,122,-38.0,239,-16.0" />
</Scene>
</mjloggm>