<mjloggm ver="2.3"><GO type="169" lobby="0"/><UN n0="%EF%BC%84%E3%83%8A%E3%83%8A%E3%82%B7%E3%83%BC%EF%BF%A5" n1="%50%6F%69%72%6F%74" n2="%E5%A4%AA%E3%81%8F%E3%81%AA%E3%81%84%E3%81%8A" n3="%72%69%6F%75%63%68%61%6E" dan="17,16,17,17" rate="2110.49,2036.76,2147.20,2123.79" sx="M,M,M,M"/><TAIKYOKU oya="0"/>

<Scene>
<INIT seed="0,0,0,4,5,79" ten="250,250,250,250" oya="0" hai0="83,2,39,53,84,63,130,36,129,49,85,89,34" hai1="76,13,48,55,78,100,133,67,122,27,37,29,16" hai2="9,102,87,110,42,77,105,10,132,75,6,21,11" hai3="23,82,126,73,51,116,50,128,96,124,0,12,103"/><T74/><D2/><U88/><E122/><V93/><F110/><W40/><G116/><T57/><D34/><U117/><E117/><V92/><F132/><W108/><G128/><N who="0" m="49259" /><D74/><U18/><E37/><N who="0" m="14409" /><D85/><U59/><E100/><V47/><F75/><W121/><G108/><T135/><D135/><U91/><E133/><V123/><F123/><W106/><G121/><T109/><D109/><U30/><E67/><V112/><F112/><W5/><G40/><T17/><D17/><N who="1" m="6763" /><E13/><V52/><F42/><W90/><G0/><T68/><D68/><U4/><E4/><V1/><F1/><W119/><G119/><T32/><D32/><U81/><E27/><V69/><F69/><W127/><G23/><T24/><D24/><U46/><E46/><V54/><F6/><W38/><G38/><T14/><D14/><U70/><E70/><V41/><F21/><W101/><G73/><T25/><D25/><U72/><E72/><V19/><F19/><W80/><G12/><T28/><D28/><N who="1" m="10859" /><E91/><N who="2" m="53375" /><F77/><W31/><G5/><T8/><D8/><U94/><E76/><V56/><F10/><W111/><G111/><T43/><D43/><U45/><E78/><V104/><F41/><W3/><G3/><T131/><N who="0" m="49267" /><T64/><DORA hai="95" /><D64/><U7/><E7/><V62/><F9/><W44/><G31/><T86/><D86/><N who="1" m="52503" /><E45/><V98/><F11/><W66/><G44/><T115/><D115/><U71/><E71/><V58/><F47/><W65/><G66/><T26/><D26/><U99/><E99/><V114/><F114/><W125/><N who="3" m="32256" /><DORA hai="120" /><W113/><G113/><RYUUKYOKU ba="0,0" sc="250,10,250,10,250,10,250,-30" hai0="49,53,57,63,83,84,89" hai1="48,55,59,81" hai2="52,54,56,58,62,93,98,102,104,105" />
</Scene>
<Scene>
<INIT seed="0,1,0,4,5,11" ten="260,260,260,220" oya="0" hai0="40,50,125,54,81,92,68,44,66,72,111,31,46" hai1="87,64,39,71,120,57,79,48,63,22,106,29,7" hai2="118,55,123,62,53,131,129,135,112,21,47,27,130" hai3="91,104,97,23,8,114,127,1,117,74,13,37,19"/><T16/><D125/><U24/><E106/><V33/><F123/><W78/><G117/><T93/><D31/><U90/><E120/><V26/><F112/><W88/><G114/><T101/><D111/><U25/><E39/><V6/><F118/><W0/><G37/><T134/><D134/><U105/><E105/><V42/><F135/><W52/><G127/><T58/><D101/><U41/><E79/><V61/><F6/><W38/><G38/><N who="0" m="21527" /><D46/><N who="1" m="25679" /><E71/><V82/><F82/><W85/><G74/><T98/><D98/><U115/><E115/><V67/><F33/><W103/><G0/><T73/><D73/><U56/><E56/><N who="2" m="37287" /><F62/><W4/><REACH who="3" step="1"/><G52/><REACH who="3" ten="260,260,260,210" step="2"/><N who="0" m="32023" /><D72/><U116/><E116/><V3/><F3/><W96/><G96/><T20/><D54/><U75/><E75/><V30/><F42/><W28/><G28/><T76/><D76/><U9/><E29/><N who="2" m="17615" /><F47/><W113/><G113/><T51/><D51/><U69/><E63/><V126/><F126/><W110/><G110/><T36/><D36/><U2/><E2/><V34/><AGARI ba="1,1" hai="27,30,34,53,55,129,130,131" m="17615,37287" machi="34" ten="30,1100,0" yaku="19,1" doraHai="11" who="2" fromWho="2" sc="260,-6,260,-4,260,24,210,-4" />
</Scene>
<Scene>
<INIT seed="1,0,0,5,5,115" ten="254,256,284,206" oya="1" hai0="104,35,102,62,100,28,76,87,63,49,46,86,31" hai1="116,134,133,112,22,18,20,58,5,83,42,33,51" hai2="53,106,65,6,120,2,34,124,50,67,131,78,57" hai3="60,113,74,135,73,0,82,23,89,97,24,37,52"/><U84/><E112/><V75/><F120/><W129/><G0/><T128/><D128/><U105/><E33/><V101/><F34/><W81/><G113/><T126/><D126/><U4/><E105/><V44/><F131/><W19/><G129/><T48/><D104/><U127/><E127/><V103/><F124/><W110/><G135/><N who="1" m="51722" /><E116/><V88/><F75/><N who="3" m="28683" /><G37/><T12/><D35/><U123/><E123/><V94/><F78/><W3/><G3/><T40/><D12/><N who="1" m="9287" /><E22/><V80/><F106/><W30/><G110/><T114/><D114/><U66/><E66/><N who="2" m="25099" /><F2/><W14/><G14/><T36/><D36/><U17/><E17/><V79/><F6/><W96/><G30/><T70/><D70/><U68/><E68/><V41/><F80/><W56/><G97/><T55/><D28/><U77/><E42/><V132/><F79/><W38/><G38/><T39/><D39/><U21/><E21/><V119/><F119/><W59/><G59/><N who="0" m="33263" /><D31/><U125/><E125/><V16/><F132/><W29/><G29/><T8/><D8/><U111/><E111/><V121/><F121/><W71/><G71/><T90/><D76/><U15/><E15/><V130/><F130/><W45/><G45/><T93/><D40/><U43/><E43/><V91/><F16/><W7/><G7/><T95/><D46/><U99/><E99/><N who="2" m="57799" /><F41/><W32/><G32/><T27/><D27/><U122/><E122/><V11/><F11/><W118/><G118/><T13/><D13/><U25/><E25/><V72/><F44/><W69/><G69/><T64/><D64/><U92/><E92/><AGARI ba="0,0" hai="19,23,24,52,56,60,81,82,89,92,96" m="28683" machi="92" ten="30,3900,0" yaku="6,1,25,1,54,1" doraHai="115" who="3" fromWho="1" sc="254,0,256,-39,284,0,206,39" />
</Scene>
<Scene>
<INIT seed="2,0,0,2,2,83" ten="254,217,284,245" oya="2" hai0="72,14,89,95,113,24,28,71,91,19,3,107,96" hai1="121,59,117,13,1,116,21,36,62,10,53,70,92" hai2="127,45,48,97,2,94,25,22,125,73,86,93,18" hai3="128,87,17,120,40,63,67,8,114,135,77,30,124"/><V41/><F73/><W6/><G120/><T101/><D3/><U99/><E36/><V61/><F2/><W4/><G30/><T130/><D113/><U110/><E121/><V109/><F109/><W15/><G124/><N who="2" m="47689" /><F61/><W79/><G128/><T54/><D130/><U16/><E110/><V52/><F86/><W122/><G135/><T49/><D72/><U102/><REACH who="1" step="1"/><E70/><REACH who="1" ten="254,207,284,245" step="2"/><V56/><F97/><W80/><G122/><T111/><D71/><U66/><E66/><V75/><F75/><W64/><G64/><T39/><D111/><U38/><E38/><V131/><F131/><W7/><G114/><T55/><D39/><U35/><E35/><V9/><F9/><W60/><G67/><T26/><D96/><U82/><E82/><V74/><F74/><W42/><G79/><T104/><D104/><U58/><E58/><V43/><F56/><W50/><G42/><AGARI ba="0,1" hai="18,22,25,41,42,43,45,48,52,93,94" m="47689" machi="42" ten="30,2900,0" yaku="18,1,54,1" doraHai="83" who="2" fromWho="3" sc="254,0,207,0,284,39,245,-29" />
</Scene>
<Scene>
<INIT seed="2,1,0,2,5,51" ten="254,207,323,216" oya="2" hai0="58,103,76,42,65,2,3,87,12,132,53,18,98" hai1="5,64,107,73,77,74,90,20,40,108,115,0,68" hai2="23,131,130,84,104,121,113,99,55,83,94,7,28" hai3="26,127,88,122,39,60,81,27,36,102,70,69,123"/><V45/><F104/><W14/><G102/><T100/><D132/><U48/><E115/><V111/><F113/><W117/><G117/><T38/><D65/><U59/><E108/><V116/><F116/><W11/><G127/><T71/><D71/><U46/><E68/><V134/><F121/><W8/><G60/><T86/><D42/><U10/><E107/><V105/><F105/><W101/><G101/><T61/><D38/><U32/><E32/><V52/><F7/><W128/><G81/><T21/><D103/><U120/><E120/><V95/><F134/><W75/><G14/><T89/><D76/><U57/><E57/><V82/><F111/><W118/><G118/><T109/><D109/><U43/><E43/><V85/><F45/><W129/><REACH who="3" step="1"/><G88/><REACH who="3" ten="254,207,323,206" step="2"/><T93/><REACH who="0" step="1"/><D87/><REACH who="0" ten="244,207,323,206" step="2"/><U124/><E74/><AGARI ba="1,2" hai="8,11,26,27,36,39,69,70,74,75,122,123,128,129" machi="74" ten="25,6400,0" yaku="1,1,2,1,22,2,53,0" doraHai="51" doraHaiUra="96" who="3" fromWho="1" sc="244,0,207,-67,323,0,206,87" />
</Scene>
<Scene>
<INIT seed="3,0,0,2,5,45" ten="244,140,323,293" oya="3" hai0="31,62,51,37,109,30,3,69,63,131,0,61,59" hai1="90,16,24,74,89,48,12,17,5,102,53,104,58" hai2="60,36,54,46,34,114,118,56,32,120,106,119,8" hai3="101,41,95,23,113,124,44,87,28,81,86,29,55"/><W117/><G117/><T88/><D37/><U94/><E74/><V96/><F114/><W97/><G113/><T10/><D69/><U99/><E104/><V47/><F120/><W71/><G124/><T133/><D109/><U93/><E24/><V100/><F47/><W73/><G71/><T84/><D133/><U26/><E26/><V98/><F98/><W57/><G73/><T50/><D131/><U85/><REACH who="1" step="1"/><E102/><REACH who="1" ten="244,130,323,293" step="2"/><V40/><F119/><W65/><G28/><T111/><D31/><U6/><E6/><V121/><F118/><W130/><G29/><T15/><D30/><U4/><E4/><V39/><F121/><W1/><G130/><T25/><D25/><U27/><E27/><V126/><F126/><W67/><G1/><T13/><D0/><U82/><E82/><V20/><F34/><W33/><G33/><T107/><D107/><U91/><E91/><V110/><F32/><W128/><G128/><T14/><D111/><U129/><E129/><V123/><F110/><W18/><G81/><T42/><D3/><U7/><E7/><V135/><F123/><W132/><G132/><T77/><D77/><U78/><E78/><V11/><F135/><W76/><G76/><T43/><D88/><U105/><E105/><V103/><F103/><W92/><G92/><T80/><D80/><U35/><E35/><V134/><F134/><W72/><G72/><T127/><D127/><U22/><E22/><V2/><F2/><W66/><G23/><T116/><D116/><U122/><E122/><V75/><F20/><W79/><G79/><T108/><D108/><RYUUKYOKU ba="0,1" sc="244,-10,130,30,323,-10,293,-10" hai1="5,12,16,17,48,53,58,85,89,90,93,94,99" />
</Scene>
<Scene>
<INIT seed="4,1,1,0,3,62" ten="234,160,313,283" oya="0" hai0="134,100,40,63,69,98,23,60,89,68,50,75,123" hai1="64,91,49,15,47,108,3,113,31,66,37,38,105" hai2="9,111,122,133,59,35,101,130,121,110,112,119,4" hai3="20,41,1,88,43,7,6,132,87,126,78,135,96"/><T54/><D123/><N who="2" m="47114" /><F59/><W70/><G126/><T118/><D118/><U93/><E3/><N who="2" m="159" /><F101/><W11/><G6/><T116/><D116/><U52/><E105/><V73/><F73/><W124/><G124/><T71/><D75/><U10/><E108/><N who="2" m="41515" /><F119/><W102/><G20/><T127/><D127/><U109/><E31/><V106/><F106/><N who="3" m="63815" /><G78/><T67/><D40/><U8/><E109/><V77/><F77/><W65/><G65/><T92/><D134/><N who="3" m="51241" /><G70/><T26/><D100/><U97/><E8/><V76/><F76/><W115/><G115/><T22/><D22/><U114/><E38/><V83/><F83/><AGARI ba="1,1" hai="1,7,11,41,43,83,87,88" m="51241,63815" machi="83" ten="30,2000,0" yaku="20,1,54,1" doraHai="62" who="3" fromWho="2" sc="234,0,160,0,313,-23,283,33" />
</Scene>
<Scene>
<INIT seed="5,0,0,5,1,51" ten="234,160,290,316" oya="1" hai0="75,64,11,46,82,84,92,77,128,43,115,74,133" hai1="114,81,4,41,3,97,98,17,101,60,83,105,27" hai2="56,22,111,0,40,38,5,18,21,71,55,70,91" hai3="36,134,34,130,35,72,76,48,62,26,80,100,37"/><U8/><E114/><V63/><F111/><W89/><G100/><T57/><D115/><U93/><E41/><V87/><F0/><W132/><G130/><T52/><D64/><U50/><E50/><V104/><F104/><W39/><G62/><T49/><D128/><U42/><E42/><V129/><F5/><W15/><G15/><T24/><D133/><N who="3" m="51305" /><G26/><T20/><D92/><U69/><E69/><V58/><F129/><W88/><G48/><T95/><D95/><U120/><E120/><V123/><F123/><W112/><G112/><T107/><D107/><U119/><E119/><V73/><F73/><W102/><G102/><T1/><D1/><U23/><REACH who="1" step="1"/><E60/><REACH who="1" ten="234,150,290,316" step="2"/><V2/><F70/><W126/><G126/><T99/><D43/><U79/><E79/><V113/><F71/><W19/><G37/><T122/><D122/><U61/><E61/><V16/><F113/><W59/><G36/><T32/><D46/><U44/><E44/><V10/><F38/><W66/><G39/><T106/><D77/><U47/><E47/><V103/><F40/><W31/><G76/><T7/><D49/><U124/><E124/><V108/><F63/><W14/><G59/><T28/><D57/><U29/><E29/><V118/><F58/><W85/><G31/><T96/><D28/><U68/><E68/><V54/><F56/><W65/><G65/><T86/><D74/><U9/><E9/><V90/><F10/><N who="3" m="6615" /><G66/><T116/><D75/><U109/><E109/><V110/><F118/><W131/><G131/><T13/><D116/><U6/><E6/><V53/><F110/><RYUUKYOKU ba="0,1" sc="234,-10,150,30,290,-10,316,-10" hai1="3,4,8,17,23,27,81,83,93,97,98,101,105" />
</Scene>
<Scene>
<INIT seed="5,1,1,2,5,113" ten="224,180,280,306" oya="1" hai0="42,0,6,118,128,53,88,30,70,81,86,110,89" hai1="115,16,60,52,73,116,9,121,127,82,100,67,26" hai2="32,38,58,24,122,134,71,11,37,93,50,14,126" hai3="90,105,131,111,54,102,87,40,10,56,117,29,25"/><U119/><E121/><V49/><F71/><W120/><G111/><T46/><D110/><U55/><E115/><V125/><F122/><W18/><G120/><T8/><D70/><U5/><E127/><N who="2" m="48651" /><F134/><W4/><G117/><T31/><D128/><U76/><E100/><V94/><F32/><W35/><G131/><T106/><D106/><U99/><E99/><V39/><F24/><W19/><G40/><T15/><D118/><U2/><E116/><V28/><F28/><N who="0" m="10794" /><D0/><U41/><E41/><V114/><F114/><W97/><G54/><T12/><D12/><U133/><E133/><V123/><F123/><W130/><G56/><T98/><D53/><U104/><E104/><V48/><F58/><W20/><G35/><T129/><D129/><U80/><E80/><V47/><F47/><W135/><G130/><T69/><D69/><U64/><E119/><V34/><F34/><W1/><G135/><T7/><D7/><AGARI ba="1,1" hai="7,11,14,37,38,39,48,49,50,93,94" m="48651" machi="7" ten="40,1300,0" yaku="18,1" doraHai="113" who="2" fromWho="0" sc="224,-16,180,0,280,26,306,0" />
</Scene>
<Scene>
<INIT seed="6,0,0,3,3,14" ten="208,180,306,306" oya="2" hai0="70,83,109,54,74,101,78,3,44,66,128,90,93" hai1="79,33,45,81,111,31,105,80,60,117,6,104,106" hai2="133,126,34,24,65,22,40,107,124,35,23,37,51" hai3="73,55,1,72,118,88,119,129,102,48,18,95,86"/><V63/><F107/><W69/><G1/><T125/><D109/><U27/><E111/><V61/><F37/><W43/><G69/><T71/><D3/><U82/><E117/><V50/><F133/><W110/><G110/><T130/><D101/><U15/><E45/><V28/><F40/><W16/><G43/><T68/><D125/><N who="2" m="48234" /><F63/><W39/><G39/><T2/><D2/><U21/><E60/><V8/><F8/><W53/><G129/><N who="0" m="49771" /><D66/><U97/><E97/><V122/><F122/><W91/><G102/><T87/><D70/><U59/><E59/><N who="2" m="37055" /><F22/><W103/><G103/><T52/><D54/><U47/><E47/><V89/><F89/><W94/><G86/><T76/><D76/><U19/><REACH who="1" step="1"/><E6/><REACH who="1" ten="208,170,306,306" step="2"/><V135/><F135/><W75/><G119/><T30/><D71/><U10/><E10/><V120/><F120/><W64/><G118/><T0/><D68/><U58/><E58/><V131/><F131/><W116/><G116/><T4/><D44/><U123/><E123/><V57/><F57/><W99/><G64/><T85/><D4/><U62/><E62/><V77/><F51/><W56/><G53/><T9/><D52/><U127/><E127/><V29/><F50/><W25/><G48/><T13/><D9/><U26/><E26/><V121/><F121/><W7/><G25/><T134/><D134/><U36/><E36/><V108/><F108/><W132/><G132/><T92/><D0/><U46/><E46/><V41/><F41/><W12/><G56/><T115/><D13/><U5/><E5/><V114/><F24/><W98/><G55/><RYUUKYOKU ba="0,1" sc="208,-15,170,15,306,-15,306,15" hai1="15,19,21,27,31,33,79,80,81,82,104,105,106" hai3="7,12,16,18,72,73,75,88,91,94,95,98,99" />
</Scene>
<Scene>
<INIT seed="7,1,1,4,0,8" ten="193,185,291,321" oya="3" hai0="50,89,6,93,69,97,87,54,92,70,37,81,13" hai1="65,80,52,4,25,132,48,60,44,99,100,86,134" hai2="118,101,51,41,20,133,98,115,53,126,61,88,23" hai3="122,76,78,95,107,31,55,12,75,0,22,21,10"/><W24/><G122/><T90/><D37/><U91/><E25/><V19/><F118/><W96/><G107/><T33/><D33/><U128/><E4/><V125/><F115/><W15/><G75/><T27/><D27/><U46/><E128/><V1/><F1/><W39/><G39/><T82/><D70/><U71/><REACH who="1" step="1"/><E44/><REACH who="1" ten="193,175,291,321" step="2"/><V102/><F126/><W135/><G24/><T120/><D120/><U26/><E26/><V108/><F125/><W66/><G0/><T49/><D69/><U9/><E9/><V7/><F7/><W43/><G10/><N who="0" m="4311" /><D50/><U57/><E57/><AGARI ba="1,2" hai="49,54,57,81,82,87,89,90,92,93,97" m="4311" machi="57" ten="30,2000,0" yaku="8,1,52,1" doraHai="8" who="0" fromWho="1" sc="193,43,175,-23,291,0,321,0" owari="236,-16.0,152,-35.0,291,9.0,321,42.0" />
</Scene>
</mjloggm>