<mjloggm ver="2.3"><GO type="169" lobby="0"/><UN n0="%E8%B1%86%E7%89%B9%EF%BC%A0%E6%B2%B3%E6%9D%91%E8%BB%8D%E5%9B%A3" n1="%66%75%6A%69%32%32%39" n2="%4C%53%E9%99%BD" n3="%E5%A4%AA%E3%81%8F%E3%81%AA%E3%81%84%E3%81%8A" dan="18,16,16,17" rate="2231.42,2102.59,2060.12,2176.46" sx="M,M,M,F"/><TAIKYOKU oya="0"/>

<Scene>
<INIT seed="0,0,0,2,3,75" ten="250,250,250,250" oya="0" hai0="73,38,45,126,72,63,3,97,32,4,60,15,28" hai1="82,52,35,92,108,64,58,50,122,102,129,78,80" hai2="16,21,18,51,85,34,25,26,54,33,65,93,17" hai3="10,124,23,76,40,67,11,121,120,87,127,81,118"/><T41/><D126/><N who="3" m="48169" /><G118/><T131/><D131/><U12/><E35/><V86/><F65/><W125/><N who="3" m="48177" /><W134/><DORA hai="110" /><G134/><T5/><D5/><U96/><E129/><V46/><F85/><W114/><G114/><T37/><D37/><U68/><E108/><V95/><F95/><W29/><G40/><T74/><D15/><U66/><E122/><N who="3" m="47210" /><G67/><T113/><D113/><U22/><E82/><V14/><F26/><AGARI ba="0,0" hai="10,11,23,26,29,76,81,87" m="47210,48177" machi="26" ten="50,6400,0" yaku="18,1,13,1,52,1" doraHai="75,110" who="3" fromWho="2" sc="250,0,250,0,250,-64,250,64" />
</Scene>
<Scene>
<INIT seed="1,0,0,3,3,55" ten="250,250,186,314" oya="1" hai0="6,22,84,132,90,32,120,37,123,10,9,28,52" hai1="106,108,4,23,112,50,15,44,116,109,39,31,43" hai2="91,13,65,98,127,36,18,134,130,105,24,63,64" hai3="3,100,135,121,101,16,7,58,20,25,54,124,126"/><U48/><E106/><V56/><F130/><W35/><G121/><N who="0" m="46667" /><D37/><U75/><E75/><V103/><F134/><W45/><G135/><T0/><D132/><U60/><E112/><V53/><F127/><N who="3" m="48683" /><G45/><T89/><D32/><U72/><E72/><V57/><F36/><W69/><G69/><T99/><D10/><N who="1" m="4551" /><E116/><V83/><F24/><N who="3" m="14343" /><G7/><T94/><D22/><U61/><E23/><V29/><F29/><N who="3" m="19887" /><G3/><T110/><D28/><U66/><E31/><V38/><F38/><W133/><G133/><T81/><D110/><N who="1" m="42603" /><E60/><AGARI ba="0,0" hai="54,58,60,100,101" m="19887,14343,48683" machi="60" ten="30,3900,0" yaku="18,1,52,1,54,1" doraHai="55" who="3" fromWho="1" sc="250,0,250,-39,186,0,314,39" />
</Scene>
<Scene>
<INIT seed="2,0,0,2,2,54" ten="250,211,186,353" oya="2" hai0="115,65,24,52,103,59,15,70,18,38,25,30,29" hai1="131,104,80,84,28,87,34,72,97,26,127,68,23" hai2="120,43,73,32,16,116,13,133,118,0,20,77,74" hai3="42,114,35,61,22,122,90,8,69,51,66,2,92"/><V6/><F43/><W71/><G35/><T95/><D38/><U53/><E68/><V132/><F77/><W49/><G122/><T78/><D115/><U4/><E4/><V10/><F74/><W107/><G107/><T46/><D70/><U83/><E72/><V3/><F73/><W36/><G69/><T67/><D78/><U130/><E127/><V102/><F102/><W12/><G2/><N who="2" m="553" /><F32/><W126/><G22/><N who="0" m="11615" /><D46/><U129/><E34/><V27/><F120/><W75/><G75/><T47/><D47/><U11/><E11/><V48/><F48/><W128/><G126/><T106/><D106/><U91/><E53/><V99/><F99/><W121/><G121/><T37/><D37/><U17/><E28/><N who="0" m="10857" /><D95/><U41/><E41/><V82/><F82/><W88/><G92/><T110/><D103/><N who="1" m="62575" /><E80/><V7/><F7/><W57/><G42/><T45/><D45/><U101/><E101/><V100/><F100/><W63/><G36/><T9/><D65/><U39/><E39/><V117/><AGARI ba="0,0" hai="6,10,13,16,20,27,116,117,118,132,133" m="553" machi="117" ten="40,7800,0" yaku="34,2,54,1" doraHai="54" who="2" fromWho="2" sc="250,-26,211,-26,186,78,353,-26" />
</Scene>
<Scene>
<INIT seed="2,1,0,3,4,75" ten="224,185,264,327" oya="2" hai0="113,6,27,109,101,13,23,18,126,80,40,21,57" hai1="69,0,129,127,48,83,133,42,96,71,32,106,130" hai2="46,94,107,82,102,31,131,11,17,110,99,117,70" hai3="35,74,65,28,105,104,26,59,73,60,128,79,20"/><V37/><F70/><W3/><G128/><N who="1" m="49258" /><E0/><V9/><F117/><W36/><G36/><T51/><D113/><U118/><E32/><V103/><F31/><W41/><G41/><T2/><D2/><U49/><E118/><V114/><F114/><W90/><G3/><T62/><D6/><U24/><E24/><V4/><F131/><W33/><G74/><T84/><D126/><U92/><E106/><V64/><F64/><W61/><G90/><T15/><D101/><U88/><E133/><V7/><F7/><W47/><G47/><N who="0" m="26087" /><D23/><U112/><E127/><V100/><F107/><W120/><G120/><T44/><D44/><N who="1" m="25623" /><E112/><V34/><F34/><W45/><G45/><T111/><D111/><U135/><E135/><V50/><F110/><W98/><G105/><T29/><D29/><U12/><E49/><V78/><F50/><W121/><G121/><T25/><D25/><U85/><E12/><V91/><F37/><W97/><G104/><T58/><D109/><U95/><E95/><V87/><F46/><W108/><G108/><T1/><D1/><U8/><E8/><V119/><F119/><W52/><G33/><T89/><D15/><U132/><E132/><V125/><F125/><W134/><G35/><T38/><D38/><U77/><AGARI ba="1,0" hai="69,71,77,83,85,88,92,96" m="25623,49258" machi="77" ten="30,4000,0" yaku="19,1,52,1,54,1" doraHai="75" who="1" fromWho="1" sc="224,-11,185,43,264,-21,327,-11" />
</Scene>
<Scene>
<INIT seed="3,0,0,0,1,49" ten="213,228,243,316" oya="3" hai0="101,38,83,13,128,54,133,33,67,91,22,51,110" hai1="47,30,115,27,34,106,109,92,2,56,124,86,36" hai2="7,77,111,126,87,74,20,63,117,37,70,43,94" hai3="84,23,15,72,6,132,127,60,32,4,29,108,75"/><W44/><G32/><T89/><D38/><U0/><E106/><V73/><F117/><W48/><G132/><T46/><D33/><U52/><E115/><V93/><F7/><W45/><G127/><T62/><D133/><U40/><E109/><V8/><F8/><W41/><G108/><T131/><D110/><U64/><E64/><V107/><F107/><W9/><G4/><T81/><D101/><U66/><E66/><V59/><F70/><W24/><G60/><T120/><D120/><U80/><E92/><V130/><F130/><N who="0" m="49706" /><D22/><U98/><E98/><V11/><F20/><W69/><G69/><N who="0" m="42231" /><D13/><U135/><E124/><V68/><F37/><W65/><G65/><T42/><D42/><U39/><E39/><V112/><F43/><W19/><G29/><T105/><D105/><U97/><E97/><V104/><F68/><W58/><G58/><T85/><D81/><U78/><E135/><V96/><F104/><W125/><G125/><T28/><D28/><U71/><E71/><V50/><F126/><W12/><G12/><T61/><D61/><AGARI ba="0,0" hai="0,2,27,30,34,36,40,47,52,56,61,78,80,86" machi="61" ten="30,3900,0" yaku="7,1,52,1,54,1" doraHai="49" who="1" fromWho="0" sc="213,-39,228,39,243,0,316,0" />
</Scene>
<Scene>
<INIT seed="4,0,0,0,2,47" ten="174,267,243,316" oya="0" hai0="84,40,36,113,41,114,38,78,75,96,129,73,30" hai1="9,97,131,50,87,39,19,42,66,99,74,37,13" hai2="28,6,12,4,25,79,44,117,18,107,115,24,105" hai3="35,133,101,126,34,82,8,135,31,29,51,102,52"/><T58/><D30/><N who="3" m="11273" /><G126/><T43/><D129/><U55/><E74/><N who="0" m="28169" /><D96/><U60/><E131/><V123/><F123/><W7/><G82/><T121/><D121/><U62/><E42/><N who="0" m="10753" /><T0/><DORA hai="16" /><D0/><U128/><E128/><V94/><F79/><W119/><G119/><T53/><D84/><U110/><E87/><V1/><F24/><W91/><G91/><T116/><D78/><U72/><E72/><V122/><F18/><W64/><G64/><T11/><D11/><U59/><E62/><V77/><F77/><W89/><G89/><T65/><D65/><U3/><E3/><V98/><F98/><W106/><G102/><T90/><D90/><U112/><E99/><V27/><F1/><W49/><G101/><T14/><D14/><U125/><E97/><V93/><F12/><W26/><G26/><T81/><D81/><U118/><E9/><V67/><F27/><W63/><G8/><T45/><D45/><U85/><E85/><V88/><F25/><W132/><G106/><T56/><D116/><U23/><E118/><V46/><F105/><W103/><G103/><T134/><D134/><U20/><E13/><V109/><F107/><W21/><G7/><T100/><D100/><U5/><E5/><V71/><F6/><W69/><G135/><T111/><D111/><U108/><E110/><V10/><F4/><W124/><G133/><T95/><D95/><U54/><E108/><V70/><F109/><W2/><G132/><T92/><D92/><U32/><E66/><V57/><F94/><W61/><G2/><T130/><D130/><U33/><E33/><RYUUKYOKU ba="0,0" sc="174,0,267,0,243,0,316,0" />
</Scene>
<Scene>
<INIT seed="5,1,0,2,5,55" ten="174,267,243,316" oya="1" hai0="75,84,132,56,38,66,41,134,113,26,16,63,99" hai1="103,2,71,115,68,87,0,105,48,12,130,91,4" hai2="125,90,81,60,96,118,32,22,13,108,9,107,129" hai3="34,64,123,131,74,89,37,53,47,122,3,25,77"/><U121/><E121/><V95/><F32/><W5/><G89/><T111/><D75/><U14/><E130/><V54/><F118/><W31/><G64/><T18/><D111/><U106/><E48/><V11/><F129/><W126/><G53/><T50/><D38/><U117/><E91/><V102/><F108/><W85/><G85/><T46/><D113/><U73/><E87/><N who="2" m="50543" /><F107/><W28/><G28/><T69/><D99/><U42/><E4/><V127/><F127/><W8/><G126/><T52/><D84/><U57/><E42/><V1/><F1/><W29/><G29/><T86/><D86/><U120/><E103/><V112/><F112/><W101/><G101/><T82/><D82/><U76/><E73/><V35/><F35/><W40/><G131/><T45/><D45/><U7/><E7/><V21/><F125/><W80/><AGARI ba="1,0" hai="3,5,8,25,31,34,37,40,47,74,77,80,122,123" machi="80" ten="30,8000,1" yaku="0,1,25,2,23,2" doraHai="55" who="3" fromWho="3" sc="174,-21,267,-41,243,-21,316,83" />
</Scene>
<Scene>
<INIT seed="6,0,0,1,3,21" ten="153,226,222,399" oya="2" hai0="110,28,128,132,19,134,103,127,22,129,48,86,26" hai1="100,124,89,117,74,33,112,15,30,135,39,109,2" hai2="42,47,95,25,114,24,61,1,56,88,125,87,32" hai3="63,17,9,13,43,106,35,82,10,123,76,62,54"/><V104/><F104/><W40/><G123/><T72/><D72/><U0/><RYUUKYOKU type="yao9" ba="0,0" sc="153,0,226,0,222,0,399,0" hai1="0,2,15,30,33,39,74,89,100,109,112,117,124,135" />
</Scene>
<Scene>
<INIT seed="6,1,0,4,5,25" ten="153,226,222,399" oya="2" hai0="114,99,85,10,27,35,132,60,2,115,49,74,21" hai1="134,107,122,6,89,97,5,103,87,78,102,66,117" hai2="86,61,67,112,46,59,80,52,54,40,71,56,93" hai3="70,116,58,121,13,129,37,14,73,104,30,47,123"/><V17/><F112/><N who="0" m="43050" /><D74/><U50/><E117/><V96/><F17/><W20/><G70/><T75/><D75/><U11/><E134/><V94/><F71/><W45/><G104/><T15/><D132/><U113/><E78/><V120/><F120/><W79/><G13/><T106/><D60/><U118/><E118/><V31/><F31/><W63/><G47/><T105/><D49/><U76/><E76/><V111/><F111/><W51/><G20/><T133/><D133/><U135/><E66/><V34/><F34/><W22/><G79/><T124/><D124/><U38/><E38/><V98/><F86/><W55/><G14/><T64/><D64/><U4/><E103/><N who="2" m="60815" /><F80/><W84/><G84/><T126/><D85/><U65/><E65/><V92/><F92/><W119/><G30/><N who="0" m="19935" /><D126/><U57/><E135/><V39/><F39/><W41/><G73/><T28/><D99/><U90/><E113/><V131/><F67/><W8/><G37/><T91/><D91/><U101/><E101/><N who="2" m="60631" /><F46/><W125/><G125/><T18/><D28/><U26/><E87/><V68/><F68/><W44/><G44/><T19/><D18/><U83/><E90/><V110/><F40/><W9/><G116/><T128/><D128/><U29/><E89/><V69/><F69/><W12/><G129/><T53/><D53/><N who="1" m="31927" /><E83/><V16/><F131/><W7/><G119/><T100/><D100/><U1/><E122/><V48/><F16/><N who="3" m="10503" /><G123/><T72/><D72/><U77/><E77/><V3/><F110/><W62/><G121/><T24/><D2/><U36/><E36/><V23/><F3/><RYUUKYOKU ba="1,0" sc="153,10,226,10,222,10,399,-30" hai0="10,15,19,21,24,105,106" hai1="1,4,5,6,11,26,29,97,102,107" hai2="23,48,52,54,56,59,61" />
</Scene>
<Scene>
<INIT seed="6,2,0,5,1,35" ten="163,236,232,369" oya="2" hai0="78,3,51,133,41,62,6,21,19,4,79,97,66" hai1="131,52,81,100,86,2,107,99,108,39,121,13,129" hai2="125,63,17,89,26,134,5,84,135,8,118,65,43" hai3="68,74,18,30,50,93,57,119,72,10,23,45,128"/><V76/><F76/><W101/><G68/><T54/><D133/><N who="2" m="50698" /><F125/><W71/><G71/><T32/><D32/><U24/><E39/><V115/><F115/><W109/><G109/><T75/><D41/><U110/><E2/><V106/><F106/><W34/><G119/><T31/><D31/><U25/><E13/><V59/><F43/><W88/><G101/><T28/><D28/><U102/><E121/><V98/><F98/><W80/><G34/><T20/><D97/><N who="1" m="61839" /><E52/><V69/><F26/><W40/><G30/><T120/><D120/><U14/><E14/><N who="2" m="5391" /><F17/><W91/><G72/><T22/><D19/><U96/><E24/><V56/><F118/><W94/><G74/><T112/><D112/><U87/><E25/><V90/><F90/><W73/><G91/><T60/><D75/><U83/><E99/><V49/><F49/><W0/><G73/><T27/><D27/><U55/><E110/><V114/><F114/><W92/><G18/><T82/><D82/><AGARI ba="2,0" hai="56,59,63,65,69,82,84,89" m="5391,50698" machi="82" ten="30,1500,0" yaku="20,1" doraHai="35" who="2" fromWho="0" sc="163,-21,236,0,232,21,369,0" />
</Scene>
<Scene>
<INIT seed="6,3,0,3,5,113" ten="142,236,253,369" oya="2" hai0="25,47,100,76,124,51,35,56,31,26,39,28,57" hai1="110,6,14,130,98,134,125,108,21,87,18,20,112" hai2="122,43,34,22,11,27,103,75,2,129,49,16,3" hai3="86,83,77,9,38,52,41,7,30,95,132,97,81"/><V60/><F75/><W117/><G117/><T12/><D39/><U91/><E112/><V89/><F103/><W29/><G132/><T10/><D124/><U78/><E130/><V102/><F102/><N who="3" m="60735" /><G38/><T116/><D100/><U23/><E134/><V135/><F34/><W126/><G41/><T109/><D109/><U13/><E125/><V64/><F60/><W107/><G107/><T36/><D36/><U40/><E40/><V121/><F27/><W90/><G126/><T32/><D76/><U84/><E78/><V99/><F22/><W1/><G1/><T4/><REACH who="0" step="1"/><D116/><REACH who="0" ten="132,236,253,369" step="2"/><U119/><E119/><V19/><F135/><W63/><G77/><T67/><D67/><U50/><E110/><V128/><F64/><W106/><G106/><T69/><D69/><U0/><E108/><V15/><F129/><W44/><G90/><T54/><AGARI ba="3,1" hai="4,10,12,25,26,28,31,32,35,47,51,54,56,57" machi="54" ten="20,5200,0" yaku="1,1,0,1,7,1,9,1,53,0" doraHai="113" doraHaiUra="93" who="0" fromWho="0" sc="132,71,236,-16,253,-29,369,-16" />
</Scene>
<Scene>
<INIT seed="7,0,0,0,2,86" ten="203,220,224,353" oya="3" hai0="1,24,32,119,108,72,11,27,68,62,48,8,102" hai1="77,88,130,91,82,33,16,94,132,129,113,6,67" hai2="49,101,71,124,45,35,13,106,92,104,15,116,100" hai3="112,69,52,99,36,127,38,87,19,7,14,95,63"/><W84/><G7/><T117/><D72/><U51/><E33/><V0/><F0/><W9/><G112/><T80/><D108/><U135/><E113/><V4/><F35/><W23/><G127/><T103/><D80/><U128/><E6/><V5/><F71/><W118/><G118/><T76/><D76/><U97/><E67/><V17/><F124/><W61/><G69/><T90/><D90/><N who="1" m="55511" /><E51/><V120/><F120/><W3/><G3/><T81/><D81/><U73/><E16/><V107/><F116/><N who="0" m="44618" /><D48/><U89/><AGARI ba="0,0" hai="73,77,82,88,89,91,128,129,130,132,135" m="55511" machi="89" ten="40,16000,3" yaku="19,1,34,2,52,4,54,1" doraHai="86" who="1" fromWho="1" sc="203,-40,220,160,224,-40,353,-80" owari="163,-34.0,380,49.0,184,-22.0,273,7.0" />
</Scene>
</mjloggm>