<mjloggm ver="2.3"><GO type="169" lobby="0"/><UN n0="%E2%80%A0%41%71%75%61%E2%80%A0" n1="%E5%A4%AA%E3%81%8F%E3%81%AA%E3%81%84%E3%81%8A" n2="%6B%6C%62%73%74%38%38" n3="%E6%96%B0%E4%B8%96%E7%95%8C%E3%81%AE%E7%B4%99" dan="16,17,17,16" rate="2064.45,2217.04,2247.36,2092.10" sx="M,F,M,M"/><TAIKYOKU oya="0"/>

<Scene>
<INIT seed="0,0,0,3,2,81" ten="250,250,250,250" oya="0" hai0="13,50,14,32,41,119,44,62,28,18,51,23,60" hai1="45,9,67,8,73,83,124,95,33,54,97,76,118" hai2="104,91,121,115,132,43,1,100,0,69,2,102,5" hai3="126,71,70,101,30,38,39,56,27,40,12,66,94"/><T107/><D119/><U113/><E118/><V24/><F115/><W127/><G56/><T59/><D107/><U58/><E33/><V52/><F69/><N who="3" m="26123" /><G66/><T134/><D134/><U130/><E130/><V79/><F132/><W46/><G12/><T133/><D133/><U21/><E124/><N who="3" m="47658" /><G94/><T26/><REACH who="0" step="1"/><D14/><REACH who="0" ten="240,250,250,250" step="2"/><U82/><E113/><V74/><F104/><W47/><G101/><T96/><D96/><U11/><E97/><V87/><F102/><W65/><G65/><T20/><D20/><U29/><E21/><V37/><F100/><W128/><G128/><T15/><D15/><U25/><E67/><V117/><F117/><W3/><G3/><T34/><D34/><U63/><E8/><V109/><F0/><W78/><G78/><T99/><D99/><U68/><E9/><V31/><F79/><W86/><G39/><T75/><D75/><U105/><E11/><V93/><F74/><W89/><G38/><T135/><D135/><U61/><E105/><V108/><F37/><W116/><G116/><T122/><D122/><U98/><E73/><V77/><F121/><W4/><G4/><T42/><D42/><U88/><E76/><V36/><F77/><W6/><G6/><T64/><D64/><U22/><E68/><V92/><F5/><W57/><G40/><T48/><D48/><N who="1" m="28943" /><E63/><V131/><F1/><W106/><G106/><T129/><D129/><U16/><E98/><V120/><F2/><W53/><G53/><AGARI ba="0,1" hai="13,18,23,26,28,32,41,44,50,51,53,59,60,62" machi="53" ten="40,3900,0" yaku="1,1,53,1" doraHai="81" doraHaiUra="17" who="0" fromWho="3" sc="240,49,250,0,250,0,250,-39" />
</Scene>
<Scene>
<INIT seed="0,1,0,0,1,32" ten="289,250,250,211" oya="0" hai0="42,125,119,131,103,84,81,15,20,69,4,135,99" hai1="23,91,80,109,63,62,9,7,98,25,70,52,130" hai2="67,76,64,60,38,11,26,30,44,12,27,123,51" hai3="73,128,112,120,71,2,33,106,5,82,37,101,56"/><T53/><D119/><U89/><E109/><V66/><F38/><W8/><RYUUKYOKU type="yao9" ba="1,0" sc="289,0,250,0,250,0,211,0" hai3="2,5,8,33,37,56,71,73,82,101,106,112,120,128" />
</Scene>
<Scene>
<INIT seed="0,2,0,1,5,58" ten="289,250,250,211" oya="0" hai0="52,78,48,107,64,89,21,99,28,38,129,62,22" hai1="97,54,110,90,93,102,33,50,74,17,25,85,45" hai2="14,44,40,114,35,82,100,96,101,75,124,15,26" hai3="69,18,70,0,94,1,79,98,4,42,34,71,130"/><T106/><D38/><U19/><E74/><V119/><F114/><W117/><G117/><T13/><D78/><U55/><E110/><V7/><F119/><W24/><G130/><T51/><D129/><U31/><REACH who="1" step="1"/><E55/><REACH who="1" ten="289,240,250,211" step="2"/><V88/><F75/><W133/><G133/><T65/><D52/><U47/><E47/><V118/><F44/><W126/><G126/><T134/><D134/><U16/><E16/><V67/><F124/><W120/><G18/><T29/><D29/><U116/><E116/><V3/><F118/><W56/><G120/><T30/><D28/><U9/><E9/><V111/><F111/><W132/><G132/><T127/><D30/><U61/><E61/><V84/><F7/><W104/><G4/><T121/><D62/><U49/><E49/><V11/><F11/><W73/><G73/><T123/><D127/><U83/><AGARI ba="2,1" hai="17,19,25,31,33,45,50,54,83,85,90,93,97,102" machi="83" ten="20,5200,0" yaku="1,1,0,1,7,1,53,1" doraHai="58" doraHaiUra="43" who="1" fromWho="1" sc="289,-28,240,68,250,-15,211,-15" />
</Scene>
<Scene>
<INIT seed="1,0,0,0,4,15" ten="261,308,235,196" oya="1" hai0="95,69,71,53,64,123,74,12,83,121,46,54,77" hai1="44,128,14,5,66,27,75,20,39,10,105,80,65" hai2="118,19,82,62,16,127,101,104,0,29,59,97,85" hai3="88,48,126,102,90,34,106,115,17,73,98,26,92"/><U28/><E105/><V11/><F118/><W117/><G115/><T52/><D46/><U23/><E128/><V51/><F51/><W76/><G117/><T40/><D40/><U41/><E75/><V63/><F127/><W131/><G126/><T61/><D95/><U68/><E68/><V94/><F62/><W50/><G131/><T30/><D30/><U43/><E43/><V8/><F29/><W3/><G3/><T58/><REACH who="0" step="1"/><D12/><REACH who="0" ten="251,308,235,196" step="2"/><U56/><E80/><V86/><F0/><W108/><G92/><T107/><D107/><U84/><E28/><V45/><F45/><W125/><G106/><T38/><D38/><U96/><E39/><V4/><F104/><W55/><G125/><T7/><D7/><U132/><E41/><V70/><F4/><W21/><G34/><T78/><D78/><U18/><E44/><V2/><F2/><W133/><G76/><T124/><D124/><U13/><E13/><V42/><F42/><W116/><G116/><T24/><D24/><U9/><E14/><V31/><F31/><W47/><G26/><T130/><D130/><U32/><E5/><V87/><F82/><W22/><G47/><T67/><D67/><U103/><E65/><N who="2" m="39167" /><F70/><AGARI ba="0,1" hai="52,53,54,58,61,64,69,70,71,74,77,83,121,123" machi="70" ten="40,5200,0" yaku="1,1,54,1,53,1" doraHai="15" doraHaiUra="57" who="0" fromWho="2" sc="251,62,308,0,235,-52,196,0" />
</Scene>
<Scene>
<INIT seed="2,0,0,2,1,96" ten="313,308,183,196" oya="2" hai0="25,109,6,30,130,44,97,48,105,133,45,124,55" hai1="78,1,87,116,75,73,91,18,12,98,62,49,16" hai2="65,89,106,10,125,112,9,104,127,129,26,110,60" hai3="35,123,61,4,120,131,115,40,69,20,29,128,59"/><V46/><F112/><W43/><G35/><T42/><D109/><U14/><E1/><V8/><F110/><W51/><G4/><T122/><D122/><N who="3" m="46633" /><G29/><T28/><D124/><N who="2" m="47690" /><F129/><N who="3" m="49739" /><G20/><T94/><D130/><U23/><E116/><V113/><F113/><W108/><G108/><T57/><D133/><U93/><E62/><V27/><F89/><W119/><G115/><T67/><D105/><N who="2" m="40554" /><F46/><W66/><G119/><T19/><D6/><U11/><E78/><V82/><F82/><W7/><G7/><T86/><D45/><U34/><E34/><V107/><N who="2" m="40562" /><V132/><DORA hai="85" /><F132/><W101/><G101/><T32/><D44/><U33/><E33/><V22/><F22/><W41/><G51/><T5/><D48/><U126/><E126/><V88/><F88/><W31/><G31/><T3/><D30/><U74/><REACH who="1" step="1"/><E49/><REACH who="1" ten="313,298,183,196" step="2"/><V102/><F102/><W17/><G17/><T47/><D19/><U121/><E121/><V63/><F63/><W111/><G111/><T70/><D32/><U80/><E80/><V92/><F92/><W83/><G83/><T90/><D94/><U39/><E39/><V84/><F84/><AGARI ba="0,1" hai="11,12,14,16,18,23,73,74,75,84,87,91,93,98" machi="84" ten="40,5200,0" yaku="1,1,52,1,54,1,53,0" doraHai="96,85" doraHaiUra="103,79" who="1" fromWho="2" sc="313,0,298,62,183,-52,196,0" />
</Scene>
<Scene>
<INIT seed="3,0,0,2,1,60" ten="313,360,131,196" oya="3" hai0="15,98,51,106,42,37,118,105,79,88,131,6,125" hai1="8,115,77,135,22,10,90,119,96,95,32,25,102" hai2="12,57,27,72,134,44,17,112,82,50,62,81,45" hai3="23,94,64,26,121,117,133,132,55,11,111,74,116"/><W39/><G74/><T103/><D118/><N who="3" m="45673" /><G121/><T99/><D37/><U128/><E119/><V14/><F134/><N who="3" m="51819" /><G39/><T63/><D125/><U43/><E135/><V127/><F127/><W91/><G111/><T122/><D122/><U108/><E32/><V9/><F112/><W41/><G41/><T87/><D79/><U78/><E115/><V54/><F72/><W34/><G34/><T67/><D131/><U66/><E128/><V0/><F0/><W85/><G55/><T130/><D130/><U31/><E108/><V68/><F68/><W33/><G33/><T126/><D126/><U93/><E43/><V30/><F44/><W70/><G11/><N who="1" m="4138" /><E66/><V40/><F12/><W69/><G64/><T59/><D15/><U46/><E46/><V89/><F89/><W28/><AGARI ba="0,0" hai="23,26,28,69,70,85,91,94" m="51819,45673" machi="28" ten="30,1500,0" yaku="20,1" doraHai="60" who="3" fromWho="3" sc="313,-5,360,-5,131,-5,196,15" />
</Scene>
<Scene>
<INIT seed="3,1,0,5,0,117" ten="308,355,126,211" oya="3" hai0="113,18,40,59,122,109,123,92,34,96,78,39,70" hai1="2,53,38,23,27,56,103,61,37,98,76,116,13" hai2="49,99,104,108,1,127,24,100,58,15,60,17,64" hai3="8,106,45,101,82,128,57,47,119,121,105,31,66"/><W89/><G119/><T125/><D70/><U10/><E2/><V90/><F1/><W74/><G128/><T33/><D109/><U110/><E76/><V21/><F108/><W41/><G31/><T26/><D78/><U52/><E110/><V30/><F127/><W11/><G74/><T48/><D39/><U97/><E116/><V86/><F49/><W63/><G121/><T131/><D131/><U50/><E37/><V44/><F44/><W135/><G135/><T134/><D125/><U67/><E38/><V16/><REACH who="2" step="1"/><F15/><REACH who="2" ten="308,355,116,211" step="2"/><W75/><G47/><T32/><D134/><U87/><E50/><V79/><F79/><W65/><G45/><T83/><D48/><U114/><E114/><V55/><F55/><W130/><G130/><T69/><D113/><U22/><E53/><V29/><F29/><W102/><G41/><T72/><D40/><U115/><E52/><V19/><F19/><W85/><G66/><T126/><D18/><U12/><E12/><V84/><F84/><W36/><G36/><T5/><D126/><U112/><E87/><V46/><F46/><W28/><G28/><T20/><D72/><U62/><E115/><V91/><F91/><W77/><G75/><T111/><D111/><U107/><E112/><V4/><F4/><W42/><G42/><T7/><D5/><U0/><E13/><V93/><AGARI ba="1,1" hai="16,17,21,24,30,58,60,64,86,90,93,99,100,104" machi="93" ten="20,5200,0" yaku="1,1,0,1,7,1,54,1,53,0" doraHai="117" doraHaiUra="129" who="2" fromWho="2" sc="308,-14,355,-14,116,65,211,-27" />
</Scene>
<Scene>
<INIT seed="4,0,0,3,5,68" ten="294,341,181,184" oya="0" hai0="129,127,53,15,67,98,93,76,30,0,111,96,89" hai1="3,61,94,39,28,40,100,57,74,77,63,16,58" hai2="64,35,92,109,103,72,2,56,71,25,120,23,134" hai3="17,33,59,69,99,101,65,22,4,88,87,12,37"/><T52/><D0/><U119/><E119/><V27/><F92/><W123/><G33/><T106/><D127/><U114/><E28/><V24/><F56/><W14/><G123/><T90/><D129/><U10/><E114/><V47/><F47/><W49/><G69/><T121/><D121/><U44/><E100/><V118/><F103/><W1/><G1/><T104/><D76/><U91/><E58/><V95/><F95/><N who="3" m="58623" /><G37/><T48/><D67/><U41/><E41/><V20/><F64/><W117/><G117/><T79/><D79/><U38/><E38/><V75/><F71/><W126/><G126/><T115/><D115/><U46/><E46/><V112/><F118/><W81/><G4/><T130/><D130/><U8/><E16/><V124/><F124/><W7/><G7/><T66/><D66/><U86/><E57/><V34/><F112/><W135/><G135/><T43/><D30/><U60/><REACH who="1" step="1"/><E3/><REACH who="1" ten="294,331,181,184" step="2"/><V51/><F2/><W107/><G107/><T105/><D43/><U132/><E132/><V102/><F102/><W73/><G65/><T70/><D70/><U6/><E6/><V55/><F134/><W9/><G59/><T128/><D128/><U113/><E113/><V19/><F120/><W54/><G54/><T97/><D53/><U122/><E122/><V85/><F55/><W125/><G125/><T45/><D106/><U21/><E21/><V84/><F51/><W31/><G49/><T13/><D13/><U42/><E42/><V26/><F20/><W80/><G31/><T18/><D105/><U116/><E116/><V32/><F109/><RYUUKYOKU ba="0,1" sc="294,-15,331,15,181,15,184,-15" hai1="8,10,39,40,44,60,61,63,74,77,86,91,94" hai2="19,23,24,25,26,27,32,34,35,72,75,84,85" />
</Scene>
<Scene>
<INIT seed="5,1,1,2,3,85" ten="279,346,196,169" oya="1" hai0="80,24,0,66,56,62,63,31,64,93,127,98,37" hai1="15,1,41,84,26,109,76,28,104,8,42,88,17" hai2="89,75,99,14,81,135,36,52,34,92,23,118,53" hai3="12,43,13,131,7,11,121,45,38,67,134,57,130"/><U29/><E104/><V128/><F118/><W103/><G121/><T39/><D0/><U110/><E76/><V50/><F36/><W112/><G112/><T58/><D80/><N who="1" m="49159" /><E1/><V91/><F34/><W60/><G134/><T87/><D87/><U79/><E79/><V19/><F135/><W114/><G114/><T69/><D127/><U101/><E101/><N who="2" m="60647" /><F75/><W22/><G103/><T108/><D108/><N who="1" m="41579" /><E28/><V10/><F81/><W115/><G115/><T78/><D78/><U113/><E113/><V94/><F94/><W106/><G106/><T40/><D69/><U82/><E82/><V33/><F33/><AGARI ba="1,1" hai="8,15,17,26,29,33,41,42" m="41579,49159" machi="33" ten="30,5800,0" yaku="10,1,52,1,54,1" doraHai="85" who="1" fromWho="2" sc="279,0,346,71,196,-61,169,0" />
</Scene>
<Scene>
<INIT seed="5,2,0,1,2,83" ten="279,417,135,169" oya="1" hai0="116,6,81,36,49,44,91,12,55,122,80,102,79" hai1="47,115,65,96,67,61,101,35,127,2,57,99,134" hai2="88,100,11,123,87,53,103,50,82,54,51,37,69" hai3="73,26,19,13,125,90,39,106,126,66,71,86,78"/><U41/><E2/><V111/><F111/><W133/><G39/><T117/><D102/><U105/><E35/><V7/><F37/><W1/><G1/><T56/><D122/><U52/><E115/><V128/><F69/><W112/><G106/><T4/><D91/><U121/><E121/><V17/><F128/><W20/><G112/><T29/><D29/><U31/><E31/><V43/><F43/><W23/><G133/><T70/><D70/><U132/><E99/><V74/><F74/><W77/><G66/><T22/><D81/><U27/><E27/><V118/><F118/><W58/><G71/><T60/><D36/><N who="1" m="21927" /><E127/><N who="3" m="48650" /><G58/><T46/><D46/><U75/><E75/><V18/><F7/><W45/><G45/><T84/><D6/><U95/><E105/><V38/><F38/><W124/><G73/><T25/><D12/><U14/><E14/><N who="2" m="7391" /><F123/><W9/><N who="3" m="48658" /><W120/><DORA hai="104" /><G120/><T5/><D117/><U108/><E108/><V93/><F18/><N who="3" m="10319" /><G9/><T40/><D116/><U28/><E28/><V114/><F114/><W16/><G19/><N who="0" m="12511" /><D4/><U59/><E59/><N who="2" m="33207" /><F93/><AGARI ba="2,0" hai="16,23,26,77,78,86,90,93" m="10319,48658" machi="93" ten="40,5200,0" yaku="18,1,52,1,54,1" doraHai="83,104" who="3" fromWho="2" sc="279,0,417,0,135,-58,169,58" />
</Scene>
<Scene>
<INIT seed="6,0,0,1,0,133" ten="279,417,77,227" oya="2" hai0="13,5,113,42,36,77,56,61,9,120,83,30,60" hai1="18,19,102,24,129,33,48,6,119,118,7,73,47" hai2="46,50,65,130,99,76,57,74,62,53,70,85,11" hai3="64,115,98,108,2,123,82,49,134,27,45,100,40"/><V41/><F74/><W17/><G108/><T90/><D120/><U68/><E68/><V67/><F130/><W78/><G123/><T22/><D113/><U95/><E73/><V97/><F67/><W89/><G2/><T103/><D103/><U126/><E95/><V87/><F87/><W14/><G134/><T66/><D90/><U55/><E102/><V52/><F53/><W80/><G115/><T29/><D36/><U111/><E111/><V122/><F122/><W116/><G116/><T1/><D42/><U117/><E129/><V109/><F109/><W63/><G27/><T28/><D61/><U106/><E106/><V3/><F3/><W20/><G89/><T86/><D1/><U112/><E112/><V25/><F11/><W32/><G32/><T58/><D58/><U69/><E69/><V88/><F76/><W125/><G78/><T38/><D38/><U31/><E55/><V127/><F25/><AGARI ba="0,0" hai="5,9,13,22,25,28,29,30,56,60,66,77,83,86" machi="25" ten="40,1300,0" yaku="8,1" doraHai="133" who="0" fromWho="2" sc="279,13,417,0,77,-13,227,0" />
</Scene>
<Scene>
<INIT seed="7,0,0,3,4,109" ten="292,417,64,227" oya="3" hai0="122,70,126,96,17,80,31,2,0,27,12,8,74" hai1="32,11,130,58,23,34,3,29,124,69,98,53,100" hai2="95,57,55,42,37,1,46,83,15,115,78,88,97" hai3="59,118,71,39,101,112,103,25,33,93,7,18,87"/><W22/><G71/><T48/><D70/><U43/><E69/><V26/><F1/><W51/><G39/><T116/><D96/><U86/><E43/><V10/><F26/><W35/><G118/><T21/><D116/><U75/><E75/><V132/><F132/><W79/><G35/><T131/><D122/><U135/><E86/><V102/><F102/><W133/><G33/><T106/><D106/><U123/><E123/><V28/><F28/><W92/><G133/><T119/><D119/><U113/><E23/><V68/><F68/><W20/><G7/><T89/><D126/><U60/><E29/><V134/><F134/><W38/><G38/><T45/><D131/><U4/><E135/><V107/><F107/><W108/><G108/><T72/><D72/><U24/><E24/><V120/><F120/><W121/><G22/><T114/><D114/><U6/><E113/><V127/><F127/><W73/><G73/><T110/><D110/><U47/><E47/><V19/><F78/><W94/><G112/><T13/><D13/><U91/><E124/><V99/><F83/><N who="3" m="47615" /><G121/><T40/><D74/><U64/><E4/><V16/><F115/><W9/><G9/><T5/><D5/><U66/><E32/><V129/><F129/><W61/><G51/><T65/><D65/><AGARI ba="0,0" hai="18,20,25,59,61,65,92,93,94,101,103" m="47615" machi="65" ten="30,1500,0" yaku="8,1" doraHai="109" who="3" fromWho="0" sc="292,-15,417,0,64,0,227,15" />
</Scene>
<Scene>
<INIT seed="7,1,0,3,5,54" ten="277,417,64,242" oya="3" hai0="86,62,34,1,11,94,89,98,120,82,133,55,110" hai1="112,80,50,79,117,19,17,67,46,74,71,99,64" hai2="44,88,93,118,127,33,108,130,35,4,103,104,58" hai3="28,25,9,20,65,114,49,52,8,22,106,107,90"/><W111/><G111/><T5/><D110/><U59/><E71/><V87/><F44/><W41/><G114/><T105/><D120/><U77/><E112/><V116/><F4/><W27/><G41/><T60/><D133/><U100/><E79/><V56/><F108/><W6/><G65/><T81/><D34/><U31/><E31/><V102/><F93/><W37/><G37/><T61/><D55/><U131/><E131/><V15/><F87/><W51/><G52/><T18/><D18/><U14/><E19/><V48/><F15/><W85/><G85/><T97/><D105/><U78/><E59/><V68/><F104/><W45/><G6/><T13/><D1/><U12/><E64/><V57/><F127/><W126/><G90/><T96/><AGARI ba="1,0" hai="5,11,13,60,61,62,81,82,86,89,94,96,97,98" machi="96" ten="30,2000,0" yaku="0,1,8,1" doraHai="54" who="0" fromWho="0" sc="277,23,417,-6,64,-6,242,-11" owari="300,10.0,411,51.0,58,-44.0,231,-17.0" />
</Scene>
</mjloggm>