<mjloggm ver="2.3"><GO type="169" lobby="0"/><UN n0="%30%30%73%61%69" n1="%6B%6F%62%75%74%61%6E" n2="%E5%A4%AA%E3%81%8F%E3%81%AA%E3%81%84%E3%81%8A" n3="%E3%82%AF%E3%83%A9" dan="18,16,17,17" rate="2158.63,2110.79,2196.28,2193.36" sx="M,M,F,M"/><TAIKYOKU oya="0"/>

<Scene>
<INIT seed="0,0,0,4,3,11" ten="250,250,250,250" oya="0" hai0="133,97,56,45,132,19,119,124,89,50,104,79,24" hai1="23,17,14,130,18,42,58,35,126,32,117,16,64" hai2="105,68,37,99,74,84,101,63,61,100,128,21,60" hai3="92,2,121,15,80,123,40,22,120,86,103,95,38"/><T49/><D119/><U134/><E42/><V75/><F68/><W127/><G2/><T53/><D79/><U78/><E78/><V125/><F37/><W62/><G127/><T122/><D122/><U67/><E117/><V96/><F125/><W83/><G40/><T131/><D124/><U5/><E126/><V47/><F128/><W25/><G38/><T54/><D131/><U107/><E107/><V71/><F71/><W41/><G41/><T6/><D6/><U72/><E72/><V1/><F1/><W65/><G103/><T108/><D108/><U113/><E130/><V10/><F47/><W70/><G83/><T112/><D112/><U91/><E91/><V115/><F115/><W33/><G33/><T111/><D111/><U69/><E69/><V44/><F44/><W55/><G55/><T26/><D19/><U51/><E113/><V116/><F116/><W46/><G46/><T94/><REACH who="0" step="1"/><D104/><REACH who="0" ten="240,250,250,250" step="2"/><U81/><E5/><V57/><F105/><W4/><G4/><T66/><D66/><U12/><E18/><V3/><F3/><W28/><G95/><T109/><D109/><U9/><E67/><V82/><F82/><W34/><G92/><T110/><D110/><U0/><E81/><V48/><F75/><W114/><G114/><T13/><D13/><U98/><E14/><V76/><F74/><W7/><G7/><T27/><AGARI ba="0,1" hai="24,26,27,45,49,50,53,54,56,89,94,97,132,133" machi="27" ten="30,11700,0" yaku="1,1,0,1,53,2" doraHai="11" doraHaiUra="129" who="0" fromWho="0" sc="240,127,250,-39,250,-39,250,-39" />
</Scene>
<Scene>
<INIT seed="0,1,0,0,3,41" ten="367,211,211,211" oya="0" hai0="10,101,47,80,24,3,118,106,54,133,66,20,73" hai1="131,33,130,87,126,55,30,64,78,44,35,25,34" hai2="74,11,120,17,86,1,42,63,14,67,114,104,85" hai3="135,43,112,129,91,58,50,15,116,125,100,49,96"/><T22/><D118/><U119/><E119/><V99/><F120/><W0/><G0/><T53/><D133/><U134/><E64/><V123/><F123/><W32/><G116/><T52/><D66/><U51/><E134/><V5/><F74/><W68/><G68/><T124/><D106/><U107/><E107/><V75/><F75/><W71/><G71/><T79/><D101/><U69/><E69/><V21/><F114/><W117/><G32/><T72/><D124/><U59/><E126/><V39/><F104/><W40/><G112/><T84/><D22/><U94/><E59/><V7/><F99/><W4/><G135/><T115/><D115/><U26/><E94/><V18/><F7/><W56/><G129/><N who="1" m="49162" /><E26/><V102/><F102/><W98/><G117/><T128/><D128/><U27/><E30/><V82/><F82/><AGARI ba="1,0" hai="25,27,33,34,35,44,51,55,78,82,87" m="49162" machi="82" ten="40,2600,0" yaku="19,1,52,1" doraHai="41" who="1" fromWho="2" sc="367,0,211,29,211,-29,211,0" />
</Scene>
<Scene>
<INIT seed="1,0,0,1,0,14" ten="367,240,182,211" oya="1" hai0="19,79,3,104,53,4,48,88,21,94,109,89,30" hai1="102,42,54,0,51,71,76,96,10,107,124,72,23" hai2="2,116,18,26,49,66,65,120,74,45,87,57,27" hai3="5,85,58,112,123,32,92,81,128,80,20,113,114"/><U118/><E71/><V126/><F74/><W22/><G123/><T12/><D104/><U129/><E118/><V90/><F120/><W84/><G32/><T15/><D3/><U108/><E124/><V52/><F116/><W91/><G128/><T73/><D30/><U119/><E119/><V77/><F2/><W105/><G105/><T56/><D109/><U34/><E34/><V78/><F126/><W59/><G5/><T28/><D28/><U46/><E129/><V132/><F132/><W39/><G39/><T43/><D43/><U64/><E64/><N who="2" m="24683" /><F45/><W47/><G47/><T38/><D38/><U44/><E108/><V8/><F8/><W82/><G92/><T67/><D67/><U121/><E121/><V24/><F18/><W63/><G63/><T17/><D4/><U61/><E61/><V11/><F11/><W40/><G40/><T50/><D50/><U25/><E10/><V111/><F111/><W36/><G36/><T106/><D106/><U99/><E96/><V33/><F33/><W134/><G134/><T98/><D73/><U13/><E0/><V60/><F60/><W6/><G6/><T103/><D79/><U93/><E13/><V16/><F16/><W86/><REACH who="3" step="1"/><G91/><REACH who="3" ten="367,240,182,201" step="2"/><T100/><D89/><U101/><E107/><V130/><F130/><W131/><G131/><T83/><D83/><AGARI ba="0,1" hai="24,26,27,49,52,57,77,78,83,87,90" m="24683" machi="83" ten="30,2000,0" yaku="8,1,54,1" doraHai="14" who="2" fromWho="0" sc="367,-20,240,0,182,30,201,0" />
</Scene>
<Scene>
<INIT seed="2,0,0,0,3,18" ten="347,240,212,201" oya="2" hai0="40,10,37,13,11,86,125,46,97,38,131,61,31" hai1="51,116,107,93,80,44,100,64,1,113,60,25,95" hai2="59,54,114,17,135,52,124,56,39,14,0,78,36" hai3="84,120,106,73,33,129,105,75,90,3,41,101,55"/><V7/><F114/><W91/><G120/><T88/><D131/><U82/><E1/><V115/><F115/><W103/><G129/><T21/><D125/><U27/><E113/><V26/><F124/><W104/><G41/><T65/><D97/><U128/><E128/><V48/><F135/><W53/><G3/><T2/><D2/><U57/><E107/><V6/><F78/><W72/><G33/><T62/><D38/><U19/><E116/><V127/><F127/><W123/><G123/><T69/><D62/><U30/><E19/><V43/><F0/><W45/><G45/><T122/><D122/><U71/><E71/><V87/><F26/><N who="1" m="9737" /><E30/><V81/><F43/><W134/><G134/><T94/><D31/><U23/><E23/><N who="2" m="11703" /><F36/><W67/><G67/><T111/><D111/><U76/><E76/><N who="2" m="46503" /><F39/><W50/><G50/><AGARI ba="0,0" hai="6,7,48,50,52,54,56,59" m="46503,11703" machi="50" ten="30,5800,0" yaku="8,1,52,1,54,1" doraHai="18" who="2" fromWho="3" sc="347,0,240,0,212,58,201,-58" />
</Scene>
<Scene>
<INIT seed="2,1,0,2,0,75" ten="347,240,270,143" oya="2" hai0="7,16,101,89,68,108,106,134,77,120,31,103,97" hai1="2,57,80,48,112,110,64,105,117,42,59,114,11" hai2="20,18,44,53,46,69,83,86,109,26,121,56,72" hai3="25,28,1,130,125,5,71,128,81,85,90,30,4"/><V100/><F69/><W82/><G71/><T76/><D120/><U13/><E105/><V127/><F121/><W47/><G125/><T50/><D68/><U24/><E117/><V38/><F72/><W119/><G119/><T92/><D31/><U33/><E110/><V126/><F100/><N who="0" m="38474" /><D106/><U22/><E2/><V3/><F3/><W39/><G30/><T131/><D7/><U49/><E33/><V74/><F74/><W51/><G39/><T34/><D34/><U115/><E80/><V65/><F65/><W6/><G82/><T52/><D131/><U14/><E112/><V10/><F10/><W84/><G84/><T63/><D134/><U70/><E70/><V19/><F19/><W32/><REACH who="3" step="1"/><G1/><REACH who="3" ten="347,240,270,133" step="2"/><T0/><D0/><U29/><E29/><V36/><F36/><W35/><G35/><T122/><D122/><U94/><E114/><V8/><F38/><W43/><AGARI ba="1,1" hai="4,5,6,25,28,32,43,47,51,81,85,90,128,130" machi="43" ten="30,2000,0" yaku="1,1,0,1,53,0" doraHai="75" doraHaiUra="12" who="3" fromWho="3" sc="347,-6,240,-6,270,-11,133,33" />
</Scene>
<Scene>
<INIT seed="3,0,0,4,2,121" ten="341,234,259,166" oya="3" hai0="117,78,68,28,133,135,56,129,131,42,37,134,41" hai1="109,59,101,25,18,6,65,125,50,47,91,0,16" hai2="114,48,13,1,96,22,119,128,72,83,29,53,70" hai3="51,49,26,5,102,27,77,2,11,23,118,35,15"/><W44/><G118/><T86/><D28/><U66/><E125/><V24/><F1/><W123/><G123/><T124/><D117/><U63/><E101/><V92/><F119/><W34/><G102/><T103/><D103/><U52/><E109/><V33/><F114/><W98/><G98/><T122/><D122/><U38/><E38/><V89/><F70/><W82/><G51/><T69/><D86/><U127/><E127/><V88/><F128/><N who="0" m="49226" /><D78/><U54/><E91/><V126/><F126/><W40/><G2/><T7/><D7/><U87/><E87/><V79/><F89/><W108/><G27/><T61/><D124/><U9/><REACH who="1" step="1"/><E25/><REACH who="1" ten="341,224,259,166" step="2"/><V73/><F73/><W17/><REACH who="3" step="1"/><G108/><REACH who="3" ten="341,224,259,156" step="2"/><T71/><D37/><U4/><E4/><V84/><F96/><W80/><G80/><T115/><D115/><U104/><E104/><V8/><F83/><W20/><G20/><T111/><D111/><U14/><E14/><V74/><F22/><W106/><G106/><T116/><D116/><U132/><E132/><V21/><F21/><W75/><AGARI ba="0,2" hai="5,11,15,17,23,26,34,35,40,44,49,75,77,82" machi="75" ten="20,3900,0" yaku="1,1,0,1,7,1,53,0" doraHai="121" doraHaiUra="113" who="3" fromWho="3" sc="341,-13,224,-13,259,-13,156,59" />
</Scene>
<Scene>
<INIT seed="3,1,0,4,4,47" ten="328,211,246,215" oya="3" hai0="121,88,85,56,79,20,84,45,64,1,38,18,61" hai1="94,126,116,52,9,131,7,39,27,118,31,6,8" hai2="98,66,71,65,106,81,17,46,92,44,108,22,72" hai3="97,103,82,104,90,130,122,35,23,58,19,5,107"/><W83/><G35/><T129/><D1/><U109/><E39/><V99/><F108/><W133/><G122/><T32/><D32/><U26/><E109/><V13/><F106/><W14/><G130/><T132/><D121/><U50/><E94/><V57/><F71/><W21/><G133/><T95/><D129/><U127/><E131/><V28/><F28/><W3/><G107/><T55/><D132/><U70/><E70/><V25/><F72/><W114/><G114/><T40/><D79/><U96/><E96/><V112/><F81/><W42/><G42/><T29/><D29/><U34/><E27/><V110/><F112/><W105/><G105/><T53/><REACH who="0" step="1"/><D85/><REACH who="0" ten="318,211,246,215" step="2"/><U80/><E118/><V12/><F110/><W91/><G3/><T51/><D51/><U24/><E116/><V67/><F98/><W120/><G120/><T76/><D76/><U101/><E31/><V119/><F119/><W73/><G73/><T48/><D48/><U0/><E34/><V2/><F2/><W15/><G90/><T134/><D134/><U124/><E101/><V111/><F111/><W117/><G91/><T135/><D135/><U125/><E125/><V62/><F99/><W59/><G117/><T30/><D30/><U75/><E75/><V33/><F33/><W68/><G97/><T41/><D41/><U89/><E89/><V60/><F60/><W100/><G103/><T10/><D10/><U36/><E36/><V113/><F113/><W69/><G100/><T123/><D123/><U11/><E9/><V115/><F115/><W16/><G104/><T54/><D54/><RYUUKYOKU ba="1,1" sc="318,15,211,-15,246,-15,215,15" hai0="18,20,38,40,45,53,55,56,61,64,84,88,95" hai3="5,14,15,16,19,21,23,58,59,68,69,82,83" />
</Scene>
<Scene>
<INIT seed="3,2,1,1,2,17" ten="333,196,231,230" oya="3" hai0="16,127,29,25,31,88,61,74,117,42,118,11,119" hai1="89,100,8,102,84,30,63,33,47,94,125,57,93" hai2="110,26,120,133,90,52,53,24,20,69,124,28,108" hai3="129,103,12,36,98,41,77,130,132,97,5,1,101"/><W46/><G132/><T111/><D74/><U80/><E125/><V68/><F124/><W116/><G116/><T4/><D127/><U13/><E33/><V106/><F106/><W6/><G77/><T70/><D42/><U23/><E47/><V73/><F73/><W54/><G1/><T51/><D51/><U9/><E9/><V75/><F75/><W86/><G86/><T67/><D111/><N who="2" m="42538" /><F133/><W65/><G65/><T48/><D48/><U112/><E112/><V123/><F90/><W115/><G115/><T15/><D88/><N who="1" m="53383" /><E80/><V14/><F14/><W109/><G109/><T99/><D99/><N who="1" m="57807" /><E30/><N who="2" m="17671" /><F68/><W39/><G12/><T114/><D114/><U107/><E107/><V32/><F69/><W38/><G54/><AGARI ba="2,1" hai="26,28,32,52,53,54,120,123" m="17671,42538" machi="54" ten="30,3900,0" yaku="14,1,52,1,54,1" doraHai="17" who="2" fromWho="3" sc="333,0,196,0,231,55,230,-45" />
</Scene>
<Scene>
<INIT seed="4,0,0,2,5,74" ten="333,196,286,185" oya="0" hai0="101,62,86,120,132,80,42,12,37,72,112,113,8" hai1="93,57,29,122,1,19,100,125,94,75,0,115,60" hai2="116,73,34,28,91,10,13,53,46,108,97,25,109" hai3="98,131,134,5,110,23,119,102,59,52,50,105,48"/><T47/><D72/><U36/><E36/><V65/><F73/><W45/><G110/><T24/><D120/><U44/><E75/><V7/><F65/><W124/><G124/><T63/><D132/><U84/><E44/><V55/><F116/><W68/><G68/><T31/><D101/><U104/><E104/><V27/><F27/><W82/><G131/><T3/><D3/><U76/><E29/><V107/><F46/><W11/><G134/><T92/><D92/><U114/><E19/><V126/><F126/><W18/><G119/><T43/><D43/><U26/><E26/><V14/><F14/><W39/><G39/><T118/><D118/><U128/><E128/><V64/><F91/><W103/><G82/><T111/><D111/><U21/><E100/><N who="2" m="62863" /><F53/><W70/><G70/><T99/><D99/><U17/><E76/><V41/><F55/><W66/><G66/><T81/><D63/><U85/><E93/><V22/><F41/><W127/><G127/><T67/><D62/><U9/><E94/><V16/><F64/><W71/><G71/><T33/><D67/><U4/><E0/><N who="2" m="359" /><F109/><W20/><G102/><T69/><D69/><U49/><E1/><V78/><F108/><W133/><G133/><T77/><REACH who="0" step="1"/><D81/><REACH who="0" ten="323,196,286,185" step="2"/><U106/><E60/><V35/><F35/><W30/><G98/><T83/><D83/><U117/><E117/><V123/><F123/><W90/><G103/><T58/><D58/><U96/><E57/><V40/><F40/><N who="3" m="24615" /><G105/><T135/><D135/><U79/><E106/><V88/><F88/><W54/><G90/><T130/><D130/><RYUUKYOKU ba="0,1" sc="323,15,196,-15,286,15,185,-15" hai0="8,12,24,31,33,37,42,47,77,80,86,112,113" hai2="13,16,22,25,28,34,78" />
</Scene>
<Scene>
<INIT seed="4,1,1,5,1,91" ten="338,181,301,170" oya="0" hai0="87,60,46,47,21,40,12,95,1,36,129,27,108" hai1="42,83,7,104,20,123,133,31,39,107,124,3,56" hai2="2,102,58,119,134,4,22,50,115,122,19,15,121" hai3="5,100,111,28,48,117,38,0,73,135,69,68,82"/><T55/><D1/><U84/><E123/><V116/><F102/><W61/><G111/><T110/><D129/><U53/><E133/><V37/><F37/><W66/><G117/><N who="2" m="45129" /><F50/><W9/><G135/><T59/><D12/><U41/><E124/><V67/><F134/><W125/><G125/><T14/><D14/><U131/><E131/><V99/><F99/><W30/><G68/><T97/><D87/><U57/><E7/><V120/><F58/><W74/><G48/><T34/><D34/><U130/><E3/><V88/><F67/><W25/><G30/><T76/><D76/><U18/><E31/><V44/><F44/><W132/><G132/><T112/><D112/><U43/><E39/><V78/><F78/><W70/><G70/><T109/><D46/><U33/><E33/><V64/><F64/><W81/><G81/><T32/><D32/><U16/><E18/><V62/><F62/><W11/><G11/><T29/><REACH who="0" step="1"/><D110/><REACH who="0" ten="328,181,301,170" step="2"/><U49/><E130/><V106/><F115/><W75/><G38/><T85/><D85/><U10/><E10/><V90/><F2/><W13/><G13/><T93/><D93/><U94/><E94/><V51/><F4/><W23/><G75/><T126/><D126/><U71/><E107/><V80/><F106/><W26/><G74/><T52/><D52/><U118/><E104/><V92/><F92/><W6/><G6/><T17/><D17/><U103/><E16/><V24/><F15/><W98/><G73/><T86/><D86/><U101/><E84/><V128/><F128/><W63/><G82/><T105/><D105/><RYUUKYOKU ba="1,2" sc="328,30,181,-10,301,-10,170,-10" hai0="21,27,29,36,40,47,55,59,60,95,97,108,109" />
</Scene>
<Scene>
<INIT seed="4,2,2,2,1,73" ten="358,171,291,160" oya="0" hai0="23,13,77,45,88,66,134,85,112,119,58,135,87" hai1="18,129,133,6,116,5,115,61,75,28,71,126,2" hai2="22,41,11,132,83,30,34,46,78,111,16,81,118" hai3="39,68,20,17,50,79,49,21,63,32,27,19,55"/><T15/><D119/><U44/><E71/><V0/><F111/><W98/><G39/><T106/><D106/><U60/><E44/><V89/><F118/><W100/><G32/><T9/><D112/><U70/><E75/><V65/><F132/><N who="0" m="50730" /><D45/><U1/><E116/><V91/><F65/><W117/><G117/><T74/><D23/><U72/><E72/><N who="2" m="43207" /><F83/><W124/><G124/><T82/><D88/><U10/><E70/><V29/><F34/><W86/><G68/><T36/><D36/><U104/><E104/><V57/><F57/><W37/><G37/><T67/><D13/><U131/><E126/><V101/><F101/><W43/><G43/><T14/><D14/><U26/><E18/><V128/><F91/><W59/><G86/><N who="0" m="32779" /><D58/><U53/><E115/><V96/><F89/><W51/><G79/><T80/><D80/><U99/><E99/><V56/><F56/><W54/><G54/><T110/><D110/><U103/><E53/><V84/><F96/><W94/><REACH who="3" step="1"/><G63/><REACH who="3" ten="358,171,291,150" step="2"/><T130/><D130/><U62/><E133/><V122/><F128/><W120/><G120/><T90/><D77/><U4/><E131/><V92/><F122/><W24/><AGARI ba="2,3" hai="17,19,20,21,24,27,49,50,51,55,59,94,98,100" machi="24" ten="20,12000,2" yaku="1,1,0,1,7,1,9,1,8,1,53,1" doraHai="73" doraHaiUra="52" who="3" fromWho="3" sc="358,-62,171,-32,291,-32,150,156" />
</Scene>
<Scene>
<INIT seed="5,0,0,5,5,114" ten="296,139,259,306" oya="1" hai0="86,36,1,11,115,127,47,65,98,52,113,108,51" hai1="107,116,95,58,41,112,61,104,71,22,80,103,73" hai2="131,17,101,7,96,69,75,53,97,106,56,121,57" hai3="45,117,21,89,23,62,33,54,111,68,26,130,90"/><U40/><E112/><N who="0" m="43081" /><D108/><U4/><E71/><V119/><F121/><W6/><G111/><T8/><D127/><U135/><E135/><V88/><F69/><W18/><G33/><T32/><D32/><U5/><E116/><V42/><F75/><W118/><G6/><T60/><D1/><U133/><E133/><V109/><F109/><W29/><G130/><T124/><D124/><U125/><E125/><V3/><F131/><W49/><G62/><T28/><D28/><U132/><E132/><V128/><F128/><W43/><G54/><T120/><D120/><U37/><E37/><V70/><F70/><W126/><G68/><N who="0" m="42023" /><D86/><U63/><E80/><V64/><F42/><W13/><G126/><T83/><D83/><U34/><E73/><V79/><F79/><W15/><G15/><T50/><D36/><U72/><E72/><V66/><F17/><W92/><REACH who="3" step="1"/><G90/><REACH who="3" ten="296,139,259,296" step="2"/><T102/><D51/><U91/><E34/><V44/><F7/><W78/><G78/><T14/><D14/><U134/><E91/><V27/><F88/><W2/><G2/><T46/><D47/><U0/><E0/><V81/><F44/><W39/><G39/><T82/><D82/><U100/><E134/><V9/><F81/><W35/><G35/><T87/><D50/><U76/><E76/><V77/><F77/><W123/><G123/><T122/><D122/><U84/><E4/><V24/><F3/><W38/><G38/><T110/><D110/><U67/><E5/><V16/><F53/><W94/><G94/><T99/><D52/><U20/><E95/><V25/><F66/><RYUUKYOKU ba="0,1" sc="296,-10,139,-10,259,-10,296,30" hai3="13,18,21,23,26,29,43,45,49,89,92,117,118" />
</Scene>
<Scene>
<INIT seed="6,1,1,1,4,13" ten="286,129,249,326" oya="2" hai0="32,109,99,125,129,124,26,121,116,126,105,50,127" hai1="24,92,83,22,84,110,85,93,102,3,8,69,128" hai2="63,43,122,113,64,66,52,120,106,100,14,4,41" hai3="2,117,95,39,97,19,135,104,35,20,82,90,57"/><V107/><F4/><W70/><G70/><T23/><D32/><U34/><E69/><V101/><F14/><W68/><G68/><T31/><D109/><U114/><E110/><V88/><F63/><W89/><G35/><T115/><D121/><U15/><E114/><V118/><F113/><W111/><G111/><T0/><D115/><U53/><E3/><V42/><F42/><W79/><G2/><T112/><D112/><U87/><E34/><V47/><F47/><W134/><G39/><T119/><D0/><U78/><E128/><V6/><F6/><W98/><G57/><T54/><D129/><U5/><E53/><V51/><F51/><W77/><G19/><T132/><D132/><N who="3" m="50729" /><G20/><T75/><D75/><U133/><E133/><V1/><F1/><W130/><G130/><T9/><D9/><U30/><REACH who="1" step="1"/><E93/><REACH who="1" ten="286,119,249,326" step="2"/><V12/><F52/><W61/><G117/><T25/><D126/><U96/><AGARI ba="1,2" hai="5,8,15,22,24,30,78,83,84,85,87,92,96,102" machi="96" ten="30,8000,1" yaku="1,1,2,1,0,1,8,1,53,1" doraHai="13" doraHaiUra="73" who="1" fromWho="1" sc="286,-21,119,103,249,-41,326,-21" />
</Scene>
<Scene>
<INIT seed="7,0,0,3,0,12" ten="265,222,208,305" oya="3" hai0="64,31,18,107,76,29,125,94,36,58,73,43,117" hai1="70,19,52,98,88,69,2,126,101,3,38,78,54" hai2="99,131,87,20,67,97,115,62,95,51,22,37,15" hai3="13,96,55,47,79,128,59,44,105,86,0,77,48"/><W130/><G0/><T11/><D107/><U102/><E38/><V63/><F37/><W108/><G108/><T9/><D117/><U45/><E78/><N who="3" m="29706" /><G86/><T119/><D43/><U49/><E126/><V68/><F115/><W118/><G118/><T27/><D36/><U1/><E54/><V82/><F131/><N who="3" m="50219" /><G13/><T25/><D76/><U113/><E113/><V112/><F112/><W39/><G39/><T116/><D125/><U133/><E133/><V71/><F51/><W75/><G75/><T28/><D73/><U17/><E88/><V46/><F46/><W50/><G50/><T123/><D116/><U14/><E102/><AGARI ba="0,0" hai="44,47,48,55,59,96,102,105" m="50219,29706" machi="102" ten="30,1500,0" yaku="19,1" doraHai="12" who="3" fromWho="1" sc="265,0,222,-15,208,0,305,15" owari="265,7.0,207,-29.0,208,-19.0,320,41.0" />
</Scene>
</mjloggm>