<mjloggm ver="2.3"><GO type="169" lobby="0"/><UN n0="%E4%B8%AD%E3%81%AE%E4%B8%8A" n1="%E3%82%A2%E3%82%AB%E3%82%AE%EF%BC%A0%E5%B7%9D%E6%9D%91%E8%BB%8D%E5%9B%A3" n2="%E3%81%BE%E3%82%8B%E3%81%99%E3%81%91" n3="%E5%A4%AA%E3%81%8F%E3%81%AA%E3%81%84%E3%81%8A" dan="16,17,16,17" rate="2048.97,2163.58,2070.17,2179.40" sx="M,M,M,F"/><TAIKYOKU oya="0"/>

<Scene>
<INIT seed="0,0,0,3,1,125" ten="250,250,250,250" oya="0" hai0="74,5,135,76,51,16,7,29,39,108,82,84,23" hai1="107,2,96,130,15,116,88,91,127,20,19,60,128" hai2="18,94,78,118,42,103,70,33,95,59,10,81,92" hai3="54,62,14,87,38,4,131,47,98,66,1,83,43"/><T110/><D39/><U100/><E116/><V8/><F70/><W75/><G14/><T35/><D135/><U0/><E127/><V58/><F33/><W48/><G98/><T109/><D35/><U30/><E30/><V73/><F118/><W13/><G13/><T26/><D29/><U65/><E2/><V122/><F122/><W41/><G75/><T97/><D97/><U134/><E0/><V77/><F103/><W40/><G1/><T105/><D105/><U115/><E115/><V9/><F42/><W57/><G4/><T45/><D74/><U32/><E32/><V93/><N who="2" m="23552" /><DORA hai="121" /><V12/><REACH who="2" step="1"/><F78/><REACH who="2" ten="250,250,240,250" step="2"/><W27/><G41/><AGARI ba="0,1" hai="5,7,16,23,26,41,45,51,76,82,84,108,109,110" machi="41" ten="40,18000,2" yaku="14,1,10,1,52,3,54,1" doraHai="125,121" who="0" fromWho="3" sc="250,190,250,0,240,0,250,-180" />
</Scene>
<Scene>
<INIT seed="0,1,0,0,1,16" ten="440,250,240,70" oya="0" hai0="75,63,131,6,115,118,122,84,74,87,66,5,1" hai1="91,71,18,35,0,49,97,77,48,79,10,14,57" hai2="107,90,93,12,51,88,27,39,40,113,38,19,111" hai3="52,80,30,45,28,126,76,4,82,83,58,41,119"/><T32/><D122/><U95/><E71/><V25/><F107/><W17/><G119/><T101/><D118/><U86/><E35/><V31/><F113/><W37/><G126/><T21/><D32/><U106/><E0/><V34/><F111/><W15/><G4/><T134/><D115/><U109/><E109/><V55/><F27/><W72/><G30/><T128/><D101/><U22/><E106/><V96/><F40/><W44/><G44/><T2/><D63/><U133/><E133/><V103/><F90/><W81/><G28/><T129/><D66/><U70/><E70/><V98/><F98/><W114/><G114/><T100/><D100/><U108/><E108/><V127/><F103/><W132/><G132/><T89/><D134/><U56/><E97/><V33/><F33/><W92/><G92/><T62/><D62/><U9/><E56/><V3/><F3/><N who="0" m="1034" /><D21/><U85/><E49/><V121/><F121/><W94/><G94/><N who="0" m="54567" /><D87/><U20/><E85/><V24/><F24/><W135/><G135/><T124/><D124/><U13/><E79/><V64/><F127/><W36/><G36/><T78/><D78/><U102/><E102/><V29/><F64/><W11/><REACH who="3" step="1"/><G82/><REACH who="3" ten="440,250,240,60" step="2"/><T59/><D59/><U99/><E99/><V105/><F105/><W7/><G7/><AGARI ba="1,1" hai="5,6,7,74,75,128,129,131" m="54567,1034" machi="7" ten="40,2000,0" yaku="19,1" doraHai="16" who="0" fromWho="3" sc="440,33,250,0,240,0,60,-23" />
</Scene>
<Scene>
<INIT seed="0,2,0,5,4,94" ten="473,250,240,37" oya="0" hai0="16,25,107,128,14,1,117,91,28,105,111,64,130" hai1="74,124,0,113,103,87,24,23,50,81,66,9,30" hai2="19,34,73,41,51,17,21,72,106,54,96,118,131" hai3="29,101,2,47,90,22,127,62,69,95,58,82,60"/><T44/><D1/><U20/><E74/><V12/><F34/><W78/><G2/><T84/><D117/><U132/><E132/><V102/><F118/><W93/><G127/><T42/><D64/><U39/><E39/><V26/><F131/><N who="0" m="50218" /><D111/><U38/><E38/><V45/><REACH who="2" step="1"/><F41/><REACH who="2" ten="473,250,230,37" step="2"/><W104/><G47/><T114/><D42/><U18/><E124/><V85/><F85/><W88/><G104/><T4/><D84/><U134/><E87/><V10/><AGARI ba="2,1" hai="10,12,17,19,21,26,45,51,54,72,73,96,102,106" machi="10" ten="20,5200,0" yaku="1,1,0,1,7,1,52,1,53,0" doraHai="94" doraHaiUra="63" who="2" fromWho="2" sc="473,-28,250,-15,230,68,37,-15" />
</Scene>
<Scene>
<INIT seed="1,0,0,0,4,11" ten="445,235,298,22" oya="1" hai0="48,123,28,23,105,98,81,66,128,134,135,21,102" hai1="97,118,79,62,126,75,40,51,5,120,27,94,71" hai2="74,93,72,83,33,57,22,101,129,59,86,20,54" hai3="68,124,50,104,133,10,109,8,99,4,95,132,125"/><U17/><E120/><V60/><F33/><W85/><G68/><T69/><D123/><U63/><E118/><V114/><F129/><W61/><G61/><N who="0" m="40143" /><D28/><U53/><E126/><N who="3" m="48746" /><G104/><T26/><D26/><U6/><E40/><V107/><F114/><W30/><G30/><T96/><D128/><U0/><E79/><V47/><F107/><W49/><G85/><T13/><D81/><U106/><E75/><V87/><F74/><W119/><G119/><T32/><D32/><U24/><E106/><V37/><F72/><W14/><G109/><T77/><D77/><U15/><E0/><V67/><F37/><W65/><G65/><T76/><D76/><U131/><E131/><V25/><F47/><W35/><G35/><T41/><D98/><U70/><E70/><V130/><F130/><W115/><G115/><T108/><D108/><U55/><E71/><V84/><F101/><N who="3" m="60671" /><G8/><T58/><D96/><U29/><E29/><N who="2" m="17575" /><F22/><W110/><G110/><T19/><D23/><N who="1" m="11711" /><E62/><N who="2" m="38367" /><F93/><W9/><G9/><T42/><D21/><U113/><E113/><V111/><F111/><W122/><G122/><T39/><D105/><U127/><E127/><V64/><F64/><W103/><G103/><T38/><D102/><N who="1" m="60727" /><E63/><V31/><F31/><W56/><G56/><T91/><D58/><U117/><E117/><V100/><F100/><W88/><G88/><AGARI ba="0,0" hai="54,57,60,83,84,86,87,88" m="38367,17575" machi="88" ten="30,2000,0" yaku="8,1,54,1" doraHai="11" who="2" fromWho="3" sc="445,0,235,0,298,20,22,-20" />
</Scene>
<Scene>
<INIT seed="2,0,0,2,0,68" ten="445,235,318,2" oya="2" hai0="122,21,2,126,88,12,98,119,23,134,86,129,9" hai1="113,82,64,121,22,74,131,87,94,130,4,116,66" hai2="52,53,36,89,7,83,5,109,123,31,95,135,104" hai3="10,16,75,84,47,46,48,69,63,3,127,106,54"/><V20/><F104/><W33/><G75/><T125/><D122/><U38/><E116/><V39/><F123/><W30/><G106/><T57/><D119/><U49/><E113/><V29/><F83/><W110/><G110/><T25/><D2/><U99/><E121/><V132/><F109/><W76/><G127/><N who="0" m="48651" /><D134/><N who="2" m="51242" /><F7/><W34/><G30/><N who="2" m="11273" /><F5/><W120/><G120/><T51/><D129/><U65/><E74/><V35/><F20/><W133/><G133/><T17/><D23/><U91/><E4/><V118/><F35/><W105/><G105/><T108/><D108/><U111/><E49/><V128/><F128/><N who="1" m="49193" /><E22/><V19/><F19/><W67/><G3/><T0/><D17/><U6/><E6/><V37/><F118/><W11/><G47/><T107/><D107/><U71/><E111/><V42/><F42/><W55/><G55/><T24/><D21/><U45/><E45/><V60/><F60/><W79/><G79/><T28/><D0/><U61/><E61/><V78/><F78/><W62/><G62/><T13/><D28/><U26/><E71/><V41/><F41/><W90/><G76/><T1/><D1/><U101/><E26/><V14/><F14/><N who="3" m="7255" /><G11/><T27/><D9/><U96/><E82/><AGARI ba="0,0" hai="33,34,46,48,54,63,67,69,82,84,90" m="7255" machi="82" ten="30,2000,0" yaku="25,1,54,1" doraHai="68" who="3" fromWho="1" sc="445,0,235,-20,318,0,2,20" />
</Scene>
<Scene>
<INIT seed="3,0,0,1,3,7" ten="445,215,318,22" oya="3" hai0="107,37,48,124,92,24,30,119,102,83,0,10,57" hai1="28,18,100,116,55,114,15,77,84,99,20,118,121" hai2="131,76,9,135,106,87,98,103,117,29,115,45,36" hai3="122,128,67,125,2,11,52,129,94,6,113,80,134"/><W32/><G113/><T69/><D37/><U44/><E114/><V47/><F115/><W72/><G122/><T123/><D123/><U112/><E112/><V111/><F117/><N who="1" m="45161" /><E121/><V86/><F111/><W73/><G67/><T34/><D119/><U49/><E28/><V91/><F135/><W64/><G64/><T66/><D124/><U3/><E3/><V13/><F131/><N who="3" m="50251" /><G32/><T17/><D92/><N who="1" m="58471" /><E84/><V132/><F132/><W82/><G134/><T75/><D75/><N who="3" m="28745" /><G125/><T4/><D66/><U88/><E88/><V50/><F29/><W16/><G94/><T5/><D30/><U23/><E77/><V85/><F76/><W42/><G42/><T31/><D31/><U26/><E26/><V68/><F68/><W38/><G38/><T56/><D24/><U46/><E46/><V27/><F47/><W1/><G1/><T74/><D0/><U109/><E109/><V61/><F27/><W39/><G39/><T97/><D34/><U133/><E133/><V43/><F36/><W19/><G52/><T127/><D127/><U130/><E130/><V14/><F14/><W104/><G104/><T33/><D107/><U71/><E71/><V79/><F79/><W105/><G105/><T108/><D69/><U25/><E25/><V78/><F78/><W58/><G58/><T51/><D56/><U63/><E63/><V110/><F61/><W53/><G53/><T60/><D57/><U12/><E12/><V54/><F54/><W93/><G93/><T8/><D60/><U101/><E101/><V90/><F110/><W65/><G65/><T21/><D108/><RYUUKYOKU ba="0,0" sc="445,-30,215,10,318,10,22,10" hai1="15,18,20,23,44,49,55" hai2="9,13,43,45,50,85,86,87,90,91,98,103,106" hai3="2,6,11,16,19,80,82" />
</Scene>
<Scene>
<INIT seed="3,1,0,5,2,65" ten="415,225,328,32" oya="3" hai0="82,71,130,114,5,69,47,118,17,56,51,94,16" hai1="31,125,116,104,4,132,119,111,108,3,89,127,103" hai2="42,95,76,135,96,121,84,109,66,7,87,49,61" hai3="29,12,26,41,43,21,50,88,129,8,90,22,53"/><W110/><G129/><T57/><D118/><N who="1" m="45099" /><E132/><V36/><F135/><W18/><G110/><N who="1" m="42026" /><E31/><V2/><F109/><W20/><G43/><T74/><D5/><U117/><N who="1" m="45107" /><U97/><DORA hai="112" /><E89/><V11/><F121/><W78/><G41/><T6/><D6/><U102/><E102/><V34/><F34/><W83/><G21/><T77/><D114/><U52/><E52/><V105/><F105/><W10/><G10/><AGARI ba="1,0" hai="3,4,10,97,103,104,125,127" m="42026,45107" machi="10" ten="50,12000,2" yaku="12,1,14,1,23,1,52,4" doraHai="65,112" who="1" fromWho="3" sc="415,0,225,123,328,0,32,-123" owari="415,51.0,348,15.0,328,-7.0,-91,-59.0" />
</Scene>
</mjloggm>