<mjloggm ver="2.3"><GO type="169" lobby="0"/><UN n0="%E5%A4%AA%E3%81%8F%E3%81%AA%E3%81%84%E3%81%8A" n1="%E7%BD%AE%E5%82%98" n2="%E3%81%8A%E3%81%98%E3%81%95%E3%82%93" n3="%E5%A5%88%E8%90%BD%E3%81%AE%E7%8E%8B" dan="18,17,16,16" rate="2162.07,2265.47,2076.12,2083.60" sx="M,M,M,M"/><TAIKYOKU oya="0"/>

<Scene>
<INIT seed="0,0,0,1,4,129" ten="250,250,250,250" oya="0" hai0="24,120,13,134,63,56,90,10,89,135,72,11,94" hai1="133,45,121,98,100,131,39,41,130,80,46,76,97" hai2="5,81,107,86,53,17,99,75,54,40,106,60,132" hai3="58,8,42,71,113,47,28,122,29,22,57,12,9"/><T77/><D120/><U104/><E121/><V115/><F75/><W109/><G71/><T67/><D24/><U38/><E98/><V27/><F115/><W123/><G113/><T95/><D77/><U127/><E127/><V31/><F40/><W52/><G109/><T85/><D72/><N who="1" m="43015" /><E46/><V0/><F17/><W69/><G69/><T21/><D21/><U61/><E61/><V73/><F73/><W16/><G123/><T102/><D102/><U82/><E82/><V7/><F99/><W118/><G118/><T6/><REACH who="0" step="1"/><D11/><REACH who="0" ten="240,250,250,250" step="2"/><U124/><E124/><V78/><F78/><W23/><G122/><T128/><D128/><N who="1" m="49195" /><E39/><V25/><F25/><W126/><G126/><T65/><D65/><U55/><E55/><V79/><F53/><W62/><G9/><T92/><D92/><U15/><E15/><V20/><F54/><W125/><G125/><T37/><D37/><U83/><E83/><V64/><F81/><W34/><G8/><T33/><D33/><U70/><E70/><V110/><F27/><W96/><G34/><T26/><D26/><U36/><E36/><V111/><F20/><W32/><G32/><T48/><D48/><U108/><E108/><V91/><F110/><W18/><G23/><T101/><D101/><U4/><E4/><V93/><F7/><W116/><G22/><T1/><D1/><U119/><E119/><V87/><F5/><W88/><G116/><T3/><D3/><U112/><E112/><V66/><F0/><W103/><G12/><T68/><D68/><U51/><E51/><V114/><F111/><W14/><G14/><RYUUKYOKU ba="0,1" sc="240,15,250,15,250,-15,250,-15" hai0="6,10,13,56,63,67,85,89,90,94,95,134,135" hai1="38,41,45,97,100,104,133" />
</Scene>
<Scene>
<INIT seed="0,1,1,0,1,93" ten="255,265,235,235" oya="0" hai0="69,88,107,129,47,73,111,90,14,98,50,91,5" hai1="102,70,48,104,19,4,31,103,81,25,120,41,2" hai2="128,63,96,49,20,75,40,101,54,39,85,68,132" hai3="112,17,27,29,72,82,115,109,18,66,33,1,16"/><T36/><D69/><U28/><E120/><V113/><F75/><W134/><G66/><T3/><D73/><U23/><E70/><V114/><F128/><W58/><G58/><T89/><D36/><U38/><E38/><V95/><F132/><W131/><G72/><T135/><D3/><U100/><E81/><V13/><F40/><W94/><G82/><T105/><D135/><U116/><E116/><V121/><F39/><W84/><G134/><T60/><D60/><U9/><REACH who="1" step="1"/><E104/><REACH who="1" ten="255,255,235,235" step="2"/><V99/><F121/><W12/><G115/><T22/><D107/><U0/><E0/><V117/><F117/><W127/><G1/><T65/><D105/><U46/><AGARI ba="1,2" hai="2,4,9,19,23,25,28,31,41,46,48,100,102,103" machi="46" ten="30,4000,0" yaku="1,1,0,1,53,1" doraHai="93" doraHaiUra="35" who="1" fromWho="1" sc="255,-21,255,63,235,-11,235,-11" />
</Scene>
<Scene>
<INIT seed="1,0,0,4,5,8" ten="234,318,224,224" oya="1" hai0="30,81,82,26,101,120,80,33,118,79,9,46,10" hai1="24,76,49,37,123,88,36,124,56,105,75,2,83" hai2="134,60,113,12,25,3,42,93,16,94,23,28,39" hai3="59,11,34,61,85,115,107,126,50,130,7,131,129"/><U74/><E123/><V18/><F134/><W106/><G115/><T38/><D118/><U32/><E105/><V66/><F3/><W98/><G34/><T72/><D120/><U86/><E2/><V119/><F119/><W65/><G126/><T14/><D101/><U63/><E49/><V109/><F109/><W68/><G98/><T103/><D103/><U122/><E124/><V57/><F113/><W41/><G85/><T55/><D9/><U1/><E1/><V15/><F39/><W21/><G21/><T78/><D78/><U19/><E122/><V95/><F42/><W92/><G92/><T125/><D125/><U73/><E76/><V58/><F58/><W0/><G41/><T112/><D112/><U62/><E62/><V90/><F90/><W40/><G40/><T27/><D27/><U100/><E100/><V99/><F99/><W91/><G91/><T110/><D110/><U45/><E45/><V20/><F95/><W135/><G135/><T108/><D108/><U54/><REACH who="1" step="1"/><E19/><REACH who="1" ten="234,308,224,224" step="2"/><V117/><REACH who="2" step="1"/><F117/><REACH who="2" ten="234,308,214,224" step="2"/><W70/><G107/><T102/><D102/><U116/><E116/><V17/><F17/><W128/><G106/><T111/><D111/><U132/><E132/><V114/><F114/><W89/><G131/><T84/><D46/><U127/><E127/><V77/><F77/><W31/><G130/><T69/><D79/><U51/><E51/><V35/><AGARI ba="0,2" hai="12,15,16,18,20,23,25,28,35,57,60,66,93,94" machi="35" ten="20,12000,2" yaku="1,1,0,1,7,1,9,1,52,2,54,1,53,0" doraHai="8" doraHaiUra="4" who="2" fromWho="2" sc="234,-30,308,-60,214,140,224,-30" />
</Scene>
<Scene>
<INIT seed="2,0,0,2,5,108" ten="204,248,354,194" oya="2" hai0="21,96,115,32,123,17,110,24,41,49,120,107,14" hai1="83,117,98,85,68,78,73,55,79,0,75,69,66" hai2="95,11,50,90,133,51,97,81,102,109,61,53,112" hai3="114,116,101,18,92,104,126,56,16,1,4,134,88"/><V40/><F112/><W46/><G116/><T125/><D110/><U113/><E117/><V71/><F109/><W54/><G134/><T86/><D125/><U60/><E0/><V91/><F133/><W130/><G126/><T105/><D86/><U58/><E113/><V57/><F71/><W48/><G114/><T23/><D32/><U62/><E69/><V34/><F34/><W39/><G130/><T30/><D115/><U44/><E79/><V25/><F25/><W99/><G4/><T82/><D82/><U13/><E98/><V59/><F11/><W22/><G1/><T37/><D37/><U9/><REACH who="1" step="1"/><E44/><REACH who="1" ten="204,238,354,194" step="2"/><N who="2" m="25863" /><F81/><W122/><G122/><T111/><D111/><U52/><E52/><AGARI ba="0,1" hai="51,52,53,57,59,61,90,91,95,97,102" m="25863" machi="52" ten="30,2900,0" yaku="8,1,54,1" doraHai="108" who="2" fromWho="1" sc="204,0,238,-29,354,39,194,0" />
</Scene>
<Scene>
<INIT seed="2,1,0,2,3,11" ten="204,209,393,194" oya="2" hai0="27,41,0,84,62,44,69,126,91,2,113,95,48" hai1="23,64,76,7,40,115,54,90,6,57,68,46,16" hai2="21,61,106,125,85,80,36,122,102,107,99,70,58" hai3="19,75,53,86,128,50,72,123,132,29,47,14,1"/><V127/><F122/><W38/><G1/><T110/><D113/><U33/><E33/><V93/><F70/><W31/><G123/><T77/><D110/><U39/><E76/><V71/><F71/><W81/><G38/><T45/><D126/><N who="2" m="48138" /><F21/><W55/><G132/><T129/><D129/><U22/><E22/><V51/><F51/><W114/><G128/><T5/><D5/><U32/><E32/><V67/><F36/><W111/><G111/><T63/><D27/><U119/><E119/><V108/><F108/><W101/><G101/><T124/><D124/><U30/><E30/><V96/><F96/><W35/><G114/><T9/><D69/><U49/><E90/><AGARI ba="1,0" hai="58,61,67,80,85,90,93,99,102,106,107" m="48138" machi="90" ten="30,1500,0" yaku="18,1" doraHai="11" who="2" fromWho="1" sc="204,0,209,-18,393,18,194,0" />
</Scene>
<Scene>
<INIT seed="2,2,0,4,3,129" ten="204,191,411,194" oya="2" hai0="81,64,101,4,61,134,113,104,36,99,33,2,70" hai1="20,94,56,71,111,68,24,22,116,69,102,0,118" hai2="74,32,30,91,52,25,10,103,105,62,7,8,87" hai3="6,14,66,132,40,73,128,5,108,51,115,84,117"/><V85/><F74/><W97/><G66/><T49/><D49/><U109/><E0/><V19/><F87/><W42/><G84/><T114/><D81/><U46/><E56/><V67/><F52/><W79/><G51/><T126/><D126/><U123/><E46/><V60/><F19/><W131/><G97/><T124/><D124/><U72/><E72/><V89/><F62/><W76/><G73/><T55/><D55/><U83/><E83/><V45/><F45/><W50/><G50/><T57/><D57/><U98/><E123/><V39/><F39/><W122/><G122/><T41/><D33/><U34/><E34/><V17/><F17/><W77/><G77/><T28/><D28/><N who="1" m="17415" /><E22/><V37/><F37/><W65/><G65/><T54/><D54/><U1/><E1/><N who="2" m="111" /><F85/><W43/><G43/><T133/><D41/><U82/><E82/><V23/><F23/><W135/><G14/><T27/><D36/><U100/><E100/><V53/><F10/><W110/><REACH who="3" step="1"/><G115/><REACH who="3" ten="204,191,411,184" step="2"/><N who="0" m="44043" /><D27/><U93/><E71/><N who="2" m="42471" /><F53/><W31/><G31/><T59/><D59/><U11/><E69/><V18/><F91/><W119/><AGARI ba="2,1" hai="5,6,40,42,76,79,108,110,117,119,128,131,132,135" machi="119" ten="25,12000,2" yaku="1,1,0,1,22,2,52,2,53,0" doraHai="129" doraHaiUra="86" who="3" fromWho="3" sc="204,-32,191,-32,411,-62,184,136" />
</Scene>
<Scene>
<INIT seed="3,0,0,2,0,15" ten="172,159,349,320" oya="3" hai0="18,103,42,38,130,30,96,7,131,66,13,108,71" hai1="94,47,133,132,70,114,57,26,112,23,93,68,24" hai2="105,87,6,107,61,111,52,129,119,9,85,102,36" hai3="67,73,0,126,44,49,74,63,118,134,51,115,21"/><W95/><G0/><T19/><D108/><U50/><E57/><V16/><F36/><W1/><G1/><T113/><D113/><U69/><E50/><V54/><F119/><W22/><G115/><N who="1" m="44074" /><E47/><V25/><F111/><W39/><G118/><T45/><D30/><U46/><E46/><V10/><F129/><N who="0" m="49162" /><D66/><U128/><E128/><V59/><F102/><W78/><G39/><T34/><D34/><U97/><E97/><V2/><F107/><W89/><G78/><T11/><D71/><N who="1" m="18179" /><U64/><DORA hai="101" /><E64/><N who="2" m="38975" /><F105/><AGARI ba="0,0" hai="7,11,13,18,19,38,42,45,96,103,105" m="49162" machi="105" ten="30,7700,0" yaku="19,1,52,3" doraHai="15,101" who="0" fromWho="2" sc="172,77,159,0,349,-77,320,0" />
</Scene>
<Scene>
<INIT seed="4,0,0,4,3,7" ten="249,159,272,320" oya="0" hai0="104,101,32,15,91,58,19,69,38,12,41,18,78" hai1="24,113,131,42,49,126,55,10,74,77,33,73,80" hai2="53,111,88,59,89,29,100,72,64,86,51,1,16" hai3="63,108,14,70,123,44,57,127,85,71,31,92,65"/><T132/><D69/><U37/><E131/><V121/><F72/><W95/><G108/><T112/><D32/><U125/><E74/><V62/><F121/><W109/><G109/><T79/><D104/><U76/><E76/><V66/><F111/><W96/><G127/><N who="1" m="48650" /><E42/><V8/><F29/><W6/><G31/><T26/><D101/><U22/><E37/><V116/><F100/><W82/><G44/><T30/><D38/><U61/><E61/><V48/><F116/><W107/><G95/><T128/><D41/><U84/><E73/><V75/><F75/><W83/><G83/><T35/><D128/><U17/><E113/><V50/><F1/><W97/><G97/><T93/><D112/><U56/><E33/><V102/><F102/><W54/><G107/><T5/><D79/><U94/><E94/><N who="2" m="54551" /><F89/><W60/><G123/><T129/><D78/><U119/><E119/><V21/><F8/><AGARI ba="0,0" hai="8,10,17,22,24,49,55,56,77,80,84" m="48650" machi="8" ten="30,3900,0" yaku="18,1,52,2" doraHai="7" who="1" fromWho="2" sc="249,0,159,39,272,-39,320,0" />
</Scene>
<Scene>
<INIT seed="5,0,0,5,4,104" ten="249,198,233,320" oya="1" hai0="34,31,82,111,19,80,128,58,14,44,28,8,90" hai1="11,105,79,0,70,89,130,86,73,103,125,4,126" hai2="77,49,124,56,23,62,135,15,42,67,131,53,99" hai3="35,123,39,133,98,96,45,102,22,85,94,61,50"/><U72/><E70/><V6/><F124/><N who="1" m="47721" /><E79/><V64/><F131/><W63/><G35/><T91/><D111/><U32/><E32/><V41/><F135/><W121/><G39/><T21/><D34/><U47/><E47/><V132/><F132/><W65/><G133/><T7/><D128/><U25/><E25/><V37/><F37/><W36/><G36/><T43/><D58/><U17/><E17/><N who="2" m="10687" /><F6/><W29/><G85/><T69/><D69/><U97/><E130/><V48/><F77/><W87/><G87/><T134/><D134/><U81/><AGARI ba="0,0" hai="0,4,11,72,73,81,86,89,97,103,105" m="47721" machi="81" ten="30,6000,0" yaku="18,1,52,2" doraHai="104" who="1" fromWho="1" sc="249,-20,198,60,233,-20,320,-20" />
</Scene>
<Scene>
<INIT seed="5,1,0,1,1,10" ten="229,258,213,300" oya="1" hai0="21,105,76,128,42,71,63,87,77,100,48,135,103" hai1="84,62,7,116,45,114,16,88,74,125,28,29,118" hai2="5,20,121,97,90,54,99,65,95,37,119,111,89" hai3="126,82,36,83,85,59,92,108,69,8,94,131,123"/><U2/><E74/><V6/><F37/><W86/><G69/><T33/><D33/><U78/><E78/><V57/><F111/><W106/><G36/><T39/><D39/><U32/><E114/><V133/><F119/><W30/><G30/><T93/><D105/><U51/><E125/><V132/><F121/><W58/><G106/><T113/><D113/><U13/><E62/><V26/><F65/><W60/><G108/><T98/><D128/><U40/><E7/><V44/><F44/><W127/><G8/><T96/><D135/><N who="2" m="51786" /><F90/><W61/><G131/><T12/><D71/><U81/><E2/><V64/><F99/><W70/><G70/><T46/><D63/><U73/><E73/><V49/><F64/><W67/><G67/><T9/><D21/><U41/><E41/><V25/><F25/><W23/><G23/><T115/><D115/><U52/><E40/><V31/><AGARI ba="1,0" hai="5,6,20,26,31,49,54,57,89,95,97" m="51786" machi="31" ten="30,1100,0" yaku="20,1" doraHai="10" who="2" fromWho="2" sc="229,-4,258,-6,213,14,300,-4" />
</Scene>
<Scene>
<INIT seed="6,0,0,0,1,75" ten="225,252,227,296" oya="2" hai0="34,120,66,135,59,109,36,5,9,62,121,7,12" hai1="52,102,6,89,29,124,1,47,37,78,81,119,68" hai2="56,35,13,91,80,103,76,51,90,48,25,95,30" hai3="83,79,28,53,73,67,93,82,128,57,3,110,32"/><V63/><F103/><W65/><G3/><T101/><D109/><U97/><E68/><V70/><F70/><W31/><G110/><T88/><D36/><U4/><E89/><V100/><F100/><W2/><G2/><T40/><D34/><U117/><E29/><V107/><F107/><W21/><G32/><T72/><D101/><U24/><E24/><V60/><F13/><W77/><G93/><T116/><D40/><U69/><E69/><V58/><F91/><W27/><G31/><T46/><D46/><U115/><E115/><V55/><F90/><W118/><G128/><T99/><D135/><U20/><E20/><V86/><REACH who="2" step="1"/><F95/><REACH who="2" ten="225,252,217,296" step="2"/><W108/><G108/><T94/><D116/><U11/><E119/><V122/><F122/><W125/><G118/><T127/><D127/><U49/><E117/><V87/><F87/><W45/><G125/><T15/><D72/><U41/><E124/><V39/><F39/><W17/><G73/><T38/><D38/><U42/><E37/><V104/><F104/><W129/><G129/><T126/><D126/><U74/><E6/><V112/><F112/><W85/><G85/><T134/><D134/><U23/><E102/><V50/><F50/><N who="3" m="28879" /><G83/><T114/><D114/><U71/><E71/><V19/><F19/><W98/><G82/><T113/><D113/><U33/><E81/><V18/><F18/><W14/><G14/><T61/><D61/><U8/><E74/><V84/><F84/><W22/><G17/><T130/><D130/><U16/><E16/><V44/><F44/><W131/><G131/><T123/><D123/><RYUUKYOKU ba="0,1" sc="225,15,252,-15,217,15,296,-15" hai0="5,7,9,12,15,59,62,66,88,94,99,120,121" hai2="25,30,35,48,51,55,56,58,60,63,76,80,86" />
</Scene>
<Scene>
<INIT seed="6,1,1,1,1,73" ten="240,237,232,281" oya="2" hai0="119,21,54,69,37,50,131,23,49,95,32,65,126" hai1="15,25,107,135,122,29,81,45,117,118,68,108,38" hai2="52,113,47,99,84,33,124,92,17,86,58,22,83" hai3="127,66,13,34,133,6,8,134,41,128,44,39,31"/><V11/><F33/><W18/><G128/><T36/><D32/><N who="1" m="20527" /><E15/><N who="2" m="7423" /><F113/><W42/><G127/><T89/><D126/><U110/><E135/><N who="3" m="51722" /><G66/><T132/><D132/><U20/><E20/><V112/><F112/><W19/><G41/><T67/><D131/><U48/><E48/><N who="2" m="28703" /><F124/><W51/><G39/><T12/><D119/><N who="1" m="45579" /><E122/><V80/><F58/><W115/><G115/><T121/><D121/><U120/><E120/><V30/><F86/><W9/><G9/><T71/><D54/><U98/><E68/><V129/><F129/><W26/><AGARI ba="1,1" hai="6,8,13,18,19,26,31,34,42,44,51" m="51722" machi="26" ten="30,1100,0" yaku="20,1" doraHai="73" who="3" fromWho="3" sc="240,-4,237,-4,232,-6,281,24" />
</Scene>
<Scene>
<INIT seed="7,0,0,2,1,25" ten="236,233,226,305" oya="3" hai0="79,92,134,7,64,108,125,73,109,93,57,98,33" hai1="2,77,34,75,72,1,41,106,116,107,40,11,12" hai2="55,123,130,101,74,48,36,87,120,81,124,61,103" hai3="47,37,129,80,49,38,112,45,13,110,15,85,100"/><W3/><G3/><N who="1" m="1034" /><E12/><V52/><F124/><W22/><G112/><T97/><D7/><U59/><E59/><N who="2" m="35071" /><F74/><N who="1" m="28201" /><E11/><V86/><F130/><W31/><G129/><T5/><D5/><U10/><E10/><V58/><F36/><W78/><G38/><T60/><D134/><U43/><E34/><V111/><F111/><W83/><G110/><T135/><D135/><U95/><E95/><V54/><F54/><W99/><G83/><T18/><D125/><U24/><E24/><V68/><F68/><W115/><G37/><T118/><D118/><U114/><E77/><N who="2" m="46383" /><F87/><W96/><G47/><T113/><D113/><U62/><E114/><V133/><F133/><W88/><G78/><T20/><D33/><U16/><E62/><V30/><F30/><W70/><G70/><T127/><D127/><U35/><E35/><V50/><F50/><W131/><G131/><T56/><D79/><U128/><E128/><V53/><F53/><N who="3" m="29871" /><G115/><T119/><D119/><U66/><E116/><V6/><F6/><W89/><G31/><T9/><D73/><U32/><E32/><V117/><F117/><W102/><G85/><T94/><D57/><U21/><E66/><V84/><F84/><W39/><G39/><T67/><D67/><U63/><E63/><V71/><F71/><W69/><G69/><T19/><D108/><U29/><E29/><V26/><F26/><W90/><G80/><T14/><D109/><U46/><E46/><V42/><F42/><N who="1" m="10753" /><U51/><DORA hai="0" /><E51/><V91/><F91/><W76/><G76/><T17/><D17/><U121/><E121/><AGARI ba="0,0" hai="48,52,58,101,103,120,121,123" m="46383,35071" machi="121" ten="30,2000,0" yaku="13,1,54,1" doraHai="25,0" who="2" fromWho="1" sc="236,0,233,-20,226,20,305,0" owari="236,-16.0,213,-29.0,246,5.0,305,40.0" />
</Scene>
</mjloggm>