<mjloggm ver="2.3"><GO type="169" lobby="0"/><UN n0="%E3%82%AE%E3%82%AC%E3%83%9E%E3%82%A4%E3%83%B3" n1="%6D%61%74%69%6F%73%61%6E" n2="%E3%81%AF%E3%81%BF%E3%82%82%E3%82%93" n3="%E5%A4%AA%E3%81%8F%E3%81%AA%E3%81%84%E3%81%8A" dan="18,16,17,17" rate="2191.17,2042.11,2121.61,2245.31" sx="M,M,M,M"/><TAIKYOKU oya="0"/>

<Scene>
<INIT seed="0,0,0,4,3,14" ten="250,250,250,250" oya="0" hai0="19,126,115,1,31,77,86,26,10,76,130,104,78" hai1="64,43,87,5,8,129,110,59,133,32,117,91,118" hai2="28,92,27,84,51,99,9,36,20,82,72,89,135" hai3="81,56,96,122,40,109,108,42,116,88,6,37,53"/><T41/><D104/><U29/><E110/><N who="3" m="42602" /><G116/><T54/><D115/><U90/><E133/><V67/><F36/><W11/><G37/><T2/><D126/><U7/><E43/><V68/><F135/><W30/><G30/><T69/><D130/><U45/><E45/><V61/><F51/><N who="3" m="30783" /><G122/><T114/><D114/><U132/><E132/><V12/><F72/><W75/><G96/><T71/><D41/><U21/><E32/><V15/><REACH who="2" step="1"/><F9/><REACH who="2" ten="250,250,240,250" step="2"/><W101/><G75/><T83/><D10/><U50/><E8/><V62/><F62/><W52/><G11/><T80/><D2/><U70/><E118/><V66/><F66/><W16/><G6/><T97/><D1/><U73/><E64/><V121/><F121/><W79/><G42/><T106/><D54/><U17/><E73/><V22/><F22/><W125/><G40/><T46/><D46/><U39/><E21/><V0/><F0/><W105/><G52/><T113/><D113/><U112/><E39/><V100/><AGARI ba="0,1" hai="12,15,20,27,28,61,67,68,82,84,89,92,99,100" machi="100" ten="20,2700,0" yaku="1,1,0,1,7,1,53,0" doraHai="14" doraHaiUra="102" who="2" fromWho="2" sc="250,-13,250,-7,240,37,250,-7" />
</Scene>
<Scene>
<INIT seed="1,0,0,5,0,60" ten="237,243,277,243" oya="1" hai0="0,81,135,29,130,73,32,21,124,70,115,75,47" hai1="46,55,99,131,9,65,104,19,101,28,120,125,100" hai2="30,13,38,74,49,6,80,69,17,76,58,37,52" hai3="72,133,3,34,25,118,92,35,57,12,15,31,11"/><U114/><E120/><V66/><F30/><W67/><G72/><T33/><D21/><U18/><E114/><V27/><F6/><N who="3" m="1503" /><G67/><T63/><D47/><U41/><E28/><V91/><F27/><W40/><G92/><T62/><D81/><U128/><E125/><V26/><F26/><W8/><G57/><T134/><D29/><U98/><E55/><V112/><F112/><W83/><G83/><T48/><D48/><U71/><E9/><V23/><REACH who="2" step="1"/><F91/><REACH who="2" ten="237,243,267,243" step="2"/><W88/><G88/><T107/><D115/><U59/><E131/><V39/><F39/><W126/><G25/><T106/><D130/><U53/><E128/><V89/><F89/><W105/><G31/><T43/><D124/><U103/><E103/><V82/><F82/><W117/><G126/><T127/><D127/><U93/><E71/><V78/><F78/><W56/><G34/><T96/><D70/><U50/><E65/><V64/><F64/><W20/><G35/><T119/><D33/><U1/><E1/><V109/><F109/><W97/><G118/><T7/><D32/><U24/><E24/><V129/><F129/><W111/><G117/><T68/><D0/><U54/><E54/><V123/><F123/><W16/><G111/><T122/><D119/><U102/><E101/><V110/><F110/><W4/><G4/><T79/><D122/><U116/><E116/><V108/><F108/><W14/><G14/><T2/><D7/><U45/><REACH who="1" step="1"/><E45/><REACH who="1" ten="237,233,267,243" step="2"/><V10/><F10/><N who="3" m="6167" /><G15/><T90/><D68/><U36/><AGARI ba="0,2" hai="18,19,36,41,46,50,53,59,93,98,99,100,102,104" machi="36" ten="20,7800,0" yaku="1,1,0,1,7,1,53,1" doraHai="60" doraHaiUra="44" who="1" fromWho="1" sc="237,-26,233,98,267,-26,243,-26" />
</Scene>
<Scene>
<INIT seed="1,1,0,5,4,6" ten="211,331,241,217" oya="1" hai0="51,56,70,114,19,120,109,35,29,22,23,79,117" hai1="77,80,95,18,101,27,0,25,124,28,90,47,105" hai2="113,10,110,42,100,87,5,73,135,66,126,21,118" hai3="1,128,134,59,63,53,37,102,34,123,133,65,41"/><U60/><E0/><V131/><F73/><W38/><G34/><T125/><D70/><U46/><E124/><V15/><F118/><W61/><G102/><T82/><D117/><U57/><E105/><V97/><F113/><W52/><G1/><T68/><D68/><U71/><E101/><V84/><F110/><W96/><G96/><T116/><D114/><U24/><E71/><V40/><F135/><N who="3" m="51723" /><G128/><T44/><D116/><U74/><E28/><V76/><F131/><W98/><G98/><T30/><D109/><U8/><E18/><V94/><F126/><W93/><G93/><T107/><D107/><U16/><E16/><V32/><F32/><W55/><G123/><T127/><D120/><U112/><E8/><V130/><F130/><W14/><G14/><T106/><D106/><U62/><E112/><V129/><F129/><W86/><G86/><T36/><D35/><U50/><E57/><V108/><F108/><W132/><N who="3" m="51731" /><W115/><DORA hai="67" /><G115/><T11/><D56/><U103/><E103/><V49/><F100/><W88/><G88/><T78/><D125/><U13/><E13/><V111/><F15/><W83/><G83/><T72/><D82/><U12/><E12/><V104/><F104/><W54/><G41/><T26/><D127/><U20/><E20/><V43/><F42/><W33/><G33/><T122/><D23/><U45/><REACH who="1" step="1"/><E50/><REACH who="1" ten="211,321,241,217" step="2"/><V17/><F49/><W3/><G3/><T7/><D51/><U92/><E92/><V121/><F94/><W4/><G4/><T2/><D7/><U9/><E9/><V81/><F10/><RYUUKYOKU ba="1,1" sc="211,-15,321,15,241,-15,217,15" hai1="24,25,27,45,46,47,60,62,74,77,80,90,95" hai3="37,38,52,53,54,55,59,61,63,65" />
</Scene>
<Scene>
<INIT seed="1,2,1,4,4,86" ten="196,336,226,232" oya="1" hai0="90,62,107,29,38,17,114,88,37,25,35,77,73" hai1="115,84,52,21,64,95,31,132,124,12,36,101,81" hai2="123,74,19,42,27,13,99,68,128,39,61,24,34" hai3="122,53,58,117,113,93,98,85,109,119,47,60,3"/><U45/><E115/><V10/><F123/><W97/><G122/><T108/><D107/><U26/><E132/><V121/><F74/><W126/><G113/><T112/><D108/><U14/><E124/><V33/><F128/><W94/><G3/><T2/><D2/><U118/><E118/><N who="3" m="45066" /><G109/><T87/><D114/><U71/><E36/><V70/><F121/><W49/><G126/><T135/><D112/><U76/><E71/><V65/><F68/><W51/><G85/><T30/><D135/><U28/><E64/><V130/><F130/><W43/><G94/><T102/><D102/><U134/><E28/><V50/><F39/><N who="3" m="22015" /><G98/><T54/><D30/><U4/><E4/><V8/><F99/><W104/><G104/><T106/><D106/><U59/><E134/><V116/><F116/><W48/><G60/><T6/><D6/><U96/><E45/><V23/><F34/><W1/><G1/><T111/><D111/><U15/><REACH who="1" step="1"/><E14/><REACH who="1" ten="196,326,226,232" step="2"/><V91/><F13/><W69/><G69/><T67/><D29/><U129/><E129/><V127/><F127/><W78/><G78/><T18/><D77/><U80/><E80/><V16/><F70/><W57/><G57/><T22/><D38/><U131/><E131/><V56/><F56/><W46/><G46/><T0/><D37/><U83/><E83/><V40/><F65/><W66/><G66/><T133/><D67/><U79/><E79/><V89/><F40/><W20/><G58/><T72/><D0/><U32/><E32/><V110/><F33/><W55/><G55/><T92/><D133/><U105/><E105/><RYUUKYOKU ba="2,2" sc="196,-10,326,30,226,-10,232,-10" hai1="12,15,21,26,31,52,59,76,81,84,95,96,101" />
</Scene>
<Scene>
<INIT seed="1,3,2,4,3,85" ten="186,356,216,222" oya="1" hai0="56,53,101,67,97,123,34,135,31,60,125,10,6" hai1="72,50,64,43,73,87,63,122,129,15,2,16,59" hai2="39,27,18,23,84,48,17,90,61,133,118,132,78" hai3="21,109,68,111,70,54,26,11,94,71,127,47,117"/><U115/><E2/><V95/><F39/><W20/><G127/><T24/><D125/><U41/><E122/><V5/><F118/><W128/><G117/><T52/><D135/><U75/><E115/><V89/><F5/><W57/><G128/><T119/><D119/><U13/><E129/><V35/><F35/><W42/><G11/><T105/><REACH who="0" step="1"/><D123/><REACH who="0" ten="176,356,216,222" step="2"/><U108/><E108/><V131/><F131/><W130/><G130/><T121/><D121/><U7/><E75/><V55/><F132/><W33/><G111/><T107/><D107/><U93/><E72/><V102/><F133/><W25/><G109/><T58/><D58/><U92/><E73/><V66/><F78/><W96/><G57/><T12/><AGARI ba="3,3" hai="6,10,12,24,31,34,52,53,56,60,67,97,101,105" machi="12" ten="20,5200,0" yaku="1,1,0,1,7,1,54,1,53,0" doraHai="85" doraHaiUra="80" who="0" fromWho="0" sc="176,91,356,-29,216,-16,222,-16" />
</Scene>
<Scene>
<INIT seed="2,0,0,4,1,96" ten="267,327,200,206" oya="2" hai0="61,77,87,38,18,49,11,130,17,54,63,107,82" hai1="26,102,132,19,90,131,4,0,109,70,8,64,135" hai2="128,89,83,129,81,23,95,106,91,112,78,125,34" hai3="62,10,12,68,21,48,44,121,86,43,133,1,113"/><V88/><F34/><W99/><G121/><T25/><D38/><U16/><E109/><V79/><F23/><W104/><G133/><N who="1" m="51274" /><E131/><N who="2" m="50251" /><F112/><W51/><G113/><T22/><D107/><U71/><E90/><N who="2" m="34923" /><F106/><W124/><G86/><T41/><D41/><U122/><E122/><V50/><F50/><W13/><G51/><T27/><D130/><U120/><E120/><V24/><F24/><W14/><G21/><N who="0" m="13487" /><D11/><U39/><E39/><V32/><F32/><W93/><G104/><T2/><D2/><U115/><E115/><V36/><F125/><W119/><G124/><T65/><D65/><U116/><E116/><V9/><F9/><W85/><G119/><T73/><D73/><U123/><E123/><V134/><F36/><W6/><G10/><T60/><D49/><U105/><E26/><V108/><F108/><W33/><G48/><T126/><D126/><U45/><E45/><V57/><F57/><AGARI ba="0,0" hai="18,22,27,54,57,60,61,63,77,82,87" m="13487" machi="57" ten="30,1000,0" yaku="8,1" doraHai="96" who="0" fromWho="2" sc="267,10,327,0,200,-10,206,0" />
</Scene>
<Scene>
<INIT seed="3,0,0,4,0,112" ten="277,327,190,206" oya="3" hai0="67,12,129,13,105,64,28,100,134,122,65,114,57" hai1="110,10,24,40,31,126,0,15,69,130,63,84,39" hai2="116,76,91,33,8,19,90,127,5,35,9,133,61" hai3="21,17,85,131,56,77,115,58,121,86,54,37,38"/><W2/><G115/><T3/><D122/><U70/><E110/><V62/><F76/><W36/><G121/><T34/><D3/><U44/><E126/><V22/><F127/><W101/><G2/><T14/><D114/><U23/><E130/><V107/><F107/><W41/><G131/><T20/><D129/><U32/><E63/><V135/><F22/><W89/><G101/><T125/><D34/><U4/><E84/><V11/><F19/><AGARI ba="0,0" hai="0,4,10,15,19,23,24,31,32,39,40,44,69,70" machi="19" ten="40,2600,0" yaku="24,2" doraHai="112" who="1" fromWho="2" sc="277,0,327,26,190,-26,206,0" />
</Scene>
<Scene>
<INIT seed="4,0,0,5,4,101" ten="277,353,164,206" oya="0" hai0="110,3,56,7,89,4,93,46,25,17,117,83,86" hai1="124,10,49,91,82,133,135,76,87,130,14,32,90" hai2="132,94,119,128,67,99,109,48,88,29,58,116,37" hai3="61,30,16,123,120,12,43,78,60,1,69,62,63"/><T15/><D117/><U121/><E32/><V77/><F37/><W102/><G1/><T122/><D122/><N who="3" m="46633" /><G30/><T40/><D110/><U74/><E121/><V66/><F109/><W45/><G78/><T96/><D56/><U65/><E124/><V23/><F77/><W114/><G114/><T118/><D25/><U24/><E24/><N who="2" m="16543" /><F132/><N who="1" m="50761" /><E130/><V68/><F68/><W81/><G81/><T35/><D35/><U44/><E74/><V112/><F112/><W5/><G5/><T104/><D104/><U54/><E65/><V95/><F128/><W92/><G92/><T53/><D53/><U8/><E8/><V125/><F125/><W108/><G102/><T113/><D3/><U20/><E20/><V80/><F80/><W100/><G100/><T9/><D118/><N who="2" m="45098" /><F95/><W50/><G108/><T131/><D131/><U107/><E107/><V111/><F111/><W52/><G69/><T97/><D113/><U11/><E11/><V51/><F66/><W70/><G70/><T36/><REACH who="0" step="1"/><D97/><REACH who="0" ten="267,353,164,206" step="2"/><U75/><E75/><V103/><F103/><AGARI ba="0,1" hai="4,7,9,15,17,36,40,46,83,86,89,93,96,103" machi="103" ten="30,5800,0" yaku="1,1,2,1,7,1,53,0" doraHai="101" doraHaiUra="106" who="0" fromWho="2" sc="267,68,353,0,164,-58,206,0" />
</Scene>
<Scene>
<INIT seed="4,1,0,0,3,87" ten="335,353,106,206" oya="0" hai0="128,15,67,9,3,63,93,2,58,92,125,60,33" hai1="34,39,44,68,122,77,126,7,43,73,30,69,5" hai2="27,84,124,20,101,46,26,61,66,80,75,109,14" hai3="50,98,47,51,86,8,78,115,100,29,37,35,1"/><T83/><D33/><U110/><E122/><V82/><F109/><W24/><G115/><T117/><D117/><U131/><E110/><V22/><F124/><W40/><G78/><T106/><D106/><U118/><E126/><V11/><F101/><W53/><G86/><T121/><D121/><U129/><E118/><V52/><F75/><W41/><G37/><T74/><D125/><U95/><E95/><V49/><F27/><W65/><G65/><T25/><D128/><N who="1" m="49227" /><E7/><V0/><F0/><W64/><G64/><T90/><D25/><N who="1" m="18767" /><E5/><V96/><F96/><W134/><G134/><T116/><D116/><U132/><E132/><V105/><F105/><W6/><G51/><T81/><D60/><U127/><E127/><V91/><F82/><AGARI ba="1,0" hai="39,43,44,68,69,73,77,82" m="18767,49227" machi="82" ten="30,2000,0" yaku="19,1,23,1" doraHai="87" who="1" fromWho="2" sc="335,0,353,23,106,-23,206,0" />
</Scene>
<Scene>
<INIT seed="5,0,0,0,3,15" ten="335,376,83,206" oya="1" hai0="87,21,110,7,107,78,17,118,57,32,71,35,16" hai1="70,54,113,117,74,106,37,130,33,100,73,47,112" hai2="75,94,5,77,63,11,3,123,128,104,29,91,34" hai3="48,67,127,131,9,2,13,14,25,41,18,4,134"/><U60/><E117/><V42/><F128/><W36/><G36/><T0/><D71/><U102/><E130/><V86/><F123/><W31/><G131/><T8/><D107/><U122/><E122/><V81/><F63/><W55/><G41/><T116/><D57/><U27/><E102/><V82/><F82/><W26/><G67/><T50/><D50/><U23/><E23/><V84/><F29/><W39/><G39/><T124/><D78/><U132/><E54/><V52/><F34/><N who="0" m="12842" /><D87/><U76/><E132/><V28/><F28/><W99/><G13/><N who="0" m="9359" /><D110/><U68/><E76/><V135/><F135/><W97/><G97/><T49/><D49/><U115/><E70/><V92/><F42/><W69/><G99/><T65/><D65/><N who="1" m="40999" /><E47/><V10/><F104/><W45/><G45/><T38/><D38/><U62/><E62/><V96/><F94/><W58/><G69/><T1/><D1/><U105/><E37/><V120/><F120/><W20/><G134/><T133/><D133/><U43/><E43/><V111/><F111/><W44/><G44/><T46/><D46/><U19/><E100/><V64/><F64/><W56/><G56/><T24/><D124/><U83/><E83/><V88/><F52/><W59/><G127/><T12/><D24/><U80/><E80/><V125/><F125/><W119/><G58/><T22/><AGARI ba="0,0" hai="0,7,8,12,17,22,116,118" m="9359,12842" machi="22" ten="30,8000,1" yaku="34,2,52,2,54,1" doraHai="15" who="0" fromWho="0" sc="335,80,376,-40,83,-20,206,-20" />
</Scene>
<Scene>
<INIT seed="6,0,0,3,2,69" ten="415,336,63,186" oya="2" hai0="115,39,16,5,63,128,72,30,1,0,99,118,75" hai1="120,105,31,13,17,78,11,101,14,9,40,3,64" hai2="124,127,26,56,28,79,87,119,135,15,49,131,36" hai3="48,123,42,102,20,116,82,66,65,7,53,98,67"/><V125/><F119/><W33/><G33/><T58/><D30/><U38/><E120/><V121/><F121/><W112/><G123/><T76/><D115/><U52/><E78/><V74/><F74/><W47/><G116/><T83/><D118/><U93/><E64/><V134/><F36/><W129/><G112/><T88/><D75/><U62/><E3/><V114/><F114/><W61/><G129/><T32/><D32/><U55/><E31/><V23/><F15/><W130/><G130/><T41/><D128/><U22/><E105/><V12/><F131/><W73/><G7/><T90/><D16/><U89/><E101/><V71/><F71/><W6/><G6/><T84/><D99/><U43/><E22/><V70/><F70/><W108/><G108/><T110/><D110/><U19/><E62/><V111/><F111/><W37/><G20/><T35/><D35/><U44/><E43/><V92/><F12/><W80/><G61/><T50/><D50/><U24/><E24/><V107/><F107/><W77/><G82/><T18/><D18/><U60/><E60/><V109/><F109/><W106/><REACH who="3" step="1"/><G67/><REACH who="3" ten="415,336,63,176" step="2"/><T96/><D5/><U27/><E27/><V51/><F51/><W97/><G97/><AGARI ba="0,1" hai="9,11,13,14,17,19,38,40,44,52,55,89,93,97" machi="97" ten="30,7700,0" yaku="7,1,9,1,52,1,54,1" doraHai="69" who="1" fromWho="3" sc="415,0,336,87,63,0,176,-77" />
</Scene>
<Scene>
<INIT seed="7,0,0,5,2,120" ten="415,423,63,99" oya="3" hai0="117,53,96,61,74,58,60,94,93,42,4,126,110" hai1="99,33,86,135,12,32,52,130,131,81,5,34,84" hai2="0,108,26,21,59,97,125,65,57,51,25,35,92" hai3="49,105,121,30,29,62,24,22,114,47,45,16,27"/><W39/><G121/><T76/><D117/><U88/><E135/><V2/><F125/><W82/><G105/><T70/><D110/><U111/><E111/><V113/><F113/><W48/><G114/><T63/><D126/><U17/><E5/><V104/><F104/><W1/><G1/><T11/><D42/><U7/><E7/><V10/><F35/><W123/><G123/><T129/><D129/><N who="1" m="49163" /><E52/><V87/><F108/><W133/><G133/><T122/><D122/><U72/><E72/><V91/><F26/><W100/><G100/><T36/><D36/><U77/><E99/><V102/><F10/><W18/><G39/><T101/><D70/><U14/><E17/><V95/><F59/><W6/><G6/><T28/><D28/><U127/><E127/><V115/><F115/><W41/><G82/><AGARI ba="0,0" hai="12,14,32,33,34,77,81,82,84,86,88" m="49163" machi="82" ten="40,2600,0" yaku="19,1,54,1" doraHai="120" who="1" fromWho="3" sc="415,0,423,26,63,0,99,-26" owari="415,22.0,449,55.0,63,-44.0,73,-33.0" />
</Scene>
</mjloggm>