<mjloggm ver="2.3"><GO type="169" lobby="0"/><UN n0="%E3%82%84%E3%81%BE%E3%83%BC%E3%82%93" n1="%E5%A4%AA%E3%81%8F%E3%81%AA%E3%81%84%E3%81%8A" n2="%E7%80%AC%E5%B0%BE%E9%9D%99%E9%9F%B3" n3="%4E%61%72%75%6B%61" dan="18,17,16,17" rate="2183.58,2185.36,2045.36,2077.23" sx="M,F,F,F"/><TAIKYOKU oya="0"/>

<Scene>
<INIT seed="0,0,0,5,0,135" ten="250,250,250,250" oya="0" hai0="1,48,59,79,119,133,22,41,26,64,38,103,74" hai1="68,83,111,73,89,42,0,104,88,66,69,110,131" hai2="4,23,71,78,36,129,109,86,2,51,113,124,90" hai3="127,3,106,126,17,52,57,102,118,121,27,75,54"/><T134/><D119/><U63/><E104/><V77/><F36/><W14/><G118/><T6/><D103/><U107/><E107/><V84/><F113/><W12/><G3/><T99/><D99/><U44/><E0/><V96/><F71/><W114/><G114/><T7/><D79/><N who="1" m="44527" /><E69/><V128/><F51/><W25/><G75/><T32/><D32/><U35/><E35/><V58/><F58/><W45/><G102/><T76/><D76/><N who="2" m="29290" /><F23/><N who="3" m="13551" /><G106/><T97/><D97/><U46/><E131/><N who="2" m="50251" /><F4/><W47/><G121/><T91/><D7/><U29/><E29/><V92/><F2/><W125/><G27/><T37/><D1/><U82/><E82/><V81/><F109/><N who="1" m="41481" /><E44/><N who="3" m="16970" /><G54/><T16/><D74/><U28/><E28/><V67/><F67/><W56/><G56/><T8/><D133/><U85/><E85/><N who="2" m="32875" /><F81/><W93/><G93/><T132/><D132/><U19/><E19/><V43/><F43/><W20/><G20/><T11/><D41/><U60/><E60/><AGARI ba="0,0" hai="12,14,52,57,60,125,126,127" m="16970,13551" machi="60" ten="30,8000,1" yaku="18,1,52,3,54,1" doraHai="135" who="3" fromWho="1" sc="250,0,250,-80,250,0,250,80" />
</Scene>
<Scene>
<INIT seed="1,0,0,4,4,128" ten="250,170,250,330" oya="1" hai0="49,112,55,17,32,88,1,99,29,15,25,13,37" hai1="103,121,6,43,19,64,70,87,27,124,114,12,78" hai2="85,108,16,127,30,22,20,35,98,23,76,21,77" hai3="47,3,26,82,67,38,63,96,4,84,110,132,113"/><U66/><E114/><V79/><F108/><W120/><G110/><T24/><D37/><U71/><E121/><V116/><F116/><W34/><G113/><T100/><D112/><U68/><E124/><V104/><F127/><W91/><G120/><T89/><D1/><U105/><E43/><V81/><F30/><W7/><G3/><T111/><D25/><U80/><E6/><V9/><F35/><W93/><G34/><T134/><D134/><U57/><E27/><V41/><F41/><W117/><G117/><T14/><D17/><U0/><E0/><V50/><F50/><W53/><G26/><T8/><D8/><U129/><E129/><V52/><F52/><W95/><G95/><T135/><D135/><U69/><N who="1" m="17920" /><DORA hai="94" /><U65/><E57/><V28/><F28/><W73/><G73/><T46/><REACH who="0" step="1"/><D111/><REACH who="0" ten="240,170,250,330" step="2"/><U90/><E78/><V44/><F9/><W123/><G38/><T133/><D133/><U86/><E86/><V45/><F77/><N who="3" m="46159" /><G132/><T36/><D36/><U115/><E115/><V5/><F79/><W42/><G123/><T107/><AGARI ba="0,1" hai="13,14,15,24,29,32,46,49,55,88,89,99,100,107" machi="107" ten="30,7900,0" yaku="1,1,0,1,52,1,54,1,53,0" doraHai="128,94" doraHaiUra="54,56" who="0" fromWho="0" sc="240,89,170,-39,250,-20,330,-20" />
</Scene>
<Scene>
<INIT seed="2,0,0,0,3,6" ten="329,131,230,310" oya="2" hai0="53,32,58,64,18,133,35,48,60,22,61,34,107" hai1="89,71,10,74,42,119,78,106,103,92,8,59,23" hai2="51,113,26,67,120,123,29,94,96,111,105,88,95" hai3="31,54,2,80,70,68,19,124,28,62,16,57,20"/><V112/><F105/><W132/><G132/><T122/><D122/><U4/><E71/><V12/><F67/><W129/><G129/><T69/><D133/><U127/><E119/><V46/><F111/><W72/><G124/><T110/><D110/><U108/><E108/><V66/><F66/><W50/><G70/><T104/><REACH who="0" step="1"/><D61/><REACH who="0" ten="319,131,230,310" step="2"/><U79/><E127/><V38/><F123/><W27/><G62/><T36/><D36/><U17/><E42/><V55/><F38/><W125/><G125/><T83/><D83/><U75/><E75/><V73/><F73/><W116/><G72/><T114/><D114/><U9/><E74/><V90/><F120/><W14/><G80/><T87/><D87/><N who="1" m="52287" /><E106/><V121/><F121/><W52/><G116/><T21/><D21/><U45/><E4/><V39/><F39/><W109/><G109/><T100/><D100/><U30/><E103/><V117/><F117/><W130/><G20/><T81/><D81/><U65/><E30/><V115/><F115/><W7/><G28/><T128/><D128/><U33/><E33/><V98/><F113/><W86/><G31/><T63/><D63/><N who="1" m="38143" /><E45/><V134/><F112/><W101/><G130/><T1/><D1/><U5/><E5/><V85/><F134/><W118/><G7/><T56/><D56/><U47/><E47/><V131/><F131/><W44/><G57/><T91/><D91/><U24/><AGARI ba="0,1" hai="8,9,10,17,23,24,78,79" m="38143,52287" machi="24" ten="30,7900,0" yaku="8,1,52,3" doraHai="6" who="1" fromWho="1" sc="319,-20,131,89,230,-39,310,-20" />
</Scene>
<Scene>
<INIT seed="3,0,0,5,3,20" ten="299,220,191,290" oya="3" hai0="94,97,125,11,122,93,117,45,80,46,57,73,48" hai1="115,51,52,105,81,87,30,66,19,71,107,5,27" hai2="44,4,42,108,98,70,62,96,103,36,68,131,77" hai3="10,123,61,26,64,91,25,58,69,55,14,56,90"/><W130/><G123/><T135/><D117/><U43/><E115/><V128/><F108/><W134/><G134/><T18/><D135/><U0/><E43/><V76/><F4/><N who="3" m="3399" /><G69/><T40/><D122/><U37/><E37/><V34/><F34/><W1/><G1/><T35/><D35/><U60/><E19/><V39/><F39/><W15/><G15/><T119/><D119/><U100/><E5/><V63/><F36/><W8/><G8/><T99/><D11/><U118/><E0/><V120/><F120/><W78/><G78/><T38/><D73/><U92/><E118/><V24/><F42/><W86/><G130/><T59/><D80/><U67/><E67/><V84/><F103/><W110/><G110/><T41/><D125/><U132/><E92/><V72/><F72/><W95/><G91/><T82/><D82/><U12/><E12/><V111/><F111/><W21/><G21/><T88/><REACH who="0" step="1"/><D18/><REACH who="0" ten="289,220,191,290" step="2"/><U89/><E132/><V16/><F16/><W112/><G112/><T17/><D17/><U127/><E127/><V121/><F121/><W47/><G47/><T104/><D104/><U2/><E2/><V65/><F44/><W9/><G9/><T13/><D13/><U79/><E79/><V109/><F109/><W102/><G102/><AGARI ba="0,1" hai="38,40,41,45,46,48,57,59,88,93,94,97,99,102" machi="102" ten="30,3900,0" yaku="1,1,7,1,54,1,53,0" doraHai="20" doraHaiUra="3" who="0" fromWho="3" sc="289,49,220,0,191,0,290,-39" />
</Scene>
<Scene>
<INIT seed="4,0,0,2,5,88" ten="338,220,191,251" oya="0" hai0="50,25,22,107,122,67,109,47,81,5,62,2,0" hai1="85,125,74,102,94,75,37,93,55,9,89,104,124" hai2="57,99,42,120,132,61,126,58,31,38,123,51,95" hai3="112,77,60,79,117,24,1,111,72,6,12,70,44"/><T39/><D122/><U56/><E37/><V27/><F132/><W119/><G111/><T106/><D39/><U64/><E64/><V133/><F133/><W18/><G112/><T69/><D109/><U135/><E135/><V103/><F126/><N who="1" m="48745" /><E104/><V82/><F82/><W4/><G1/><T130/><D130/><U49/><E9/><V23/><F38/><W134/><G134/><T29/><D81/><N who="1" m="49327" /><E102/><V97/><F97/><W36/><G24/><T84/><D84/><U129/><E129/><V100/><F100/><W17/><G36/><T8/><REACH who="0" step="1"/><D2/><REACH who="0" ten="328,220,191,251" step="2"/><U19/><E19/><V76/><F76/><W53/><G17/><T101/><D101/><U90/><E90/><V15/><F123/><W26/><G18/><T11/><D11/><U7/><E7/><V91/><F91/><W16/><G6/><T30/><D30/><U43/><E43/><AGARI ba="0,1" hai="0,5,8,22,25,29,43,47,50,62,67,69,106,107" machi="43" ten="30,5800,0" yaku="1,1,7,1,53,1" doraHai="88" doraHaiUra="66" who="0" fromWho="1" sc="328,68,220,-58,191,0,251,0" />
</Scene>
<Scene>
<INIT seed="4,1,0,0,5,77" ten="396,162,191,251" oya="0" hai0="122,95,40,84,34,45,105,131,63,70,120,55,117" hai1="82,104,67,87,3,25,126,24,71,98,108,110,66" hai2="92,30,97,17,72,32,102,60,43,128,50,57,2" hai3="125,4,103,129,109,100,23,54,22,90,89,58,116"/><T88/><D105/><U64/><E71/><V134/><F2/><W80/><G129/><T37/><D131/><U12/><E3/><V76/><F134/><W115/><G125/><T8/><D34/><U130/><E130/><V114/><F114/><W93/><G109/><T10/><D117/><U96/><E126/><V27/><F17/><W91/><G115/><T74/><D74/><U61/><E61/><V5/><F5/><W68/><G68/><T75/><D75/><U19/><E104/><V11/><F11/><W46/><G46/><T33/><D33/><U1/><E1/><V123/><F123/><W99/><G4/><T83/><D8/><N who="1" m="6535" /><E110/><V121/><F121/><W31/><G103/><T51/><D10/><U39/><E39/><V49/><F43/><W20/><G31/><T48/><D48/><U44/><E44/><V36/><F36/><W41/><G41/><T0/><D0/><U118/><E118/><V78/><F128/><W85/><REACH who="3" step="1"/><G116/><REACH who="3" ten="396,162,191,241" step="2"/><T107/><D70/><U9/><E108/><V135/><F102/><W28/><G28/><T18/><D63/><AGARI ba="1,1" hai="20,22,23,54,58,63,80,85,89,90,91,93,99,100" machi="63" ten="40,12000,2" yaku="1,1,8,1,52,1,53,3" doraHai="77" doraHaiUra="16" who="3" fromWho="0" sc="396,-123,162,0,191,0,241,133" />
</Scene>
<Scene>
<INIT seed="5,0,0,0,5,127" ten="273,162,191,374" oya="1" hai0="69,37,46,90,112,94,117,39,76,74,121,15,133" hai1="110,115,42,101,91,71,126,92,80,68,109,116,50" hai2="122,130,95,99,129,103,12,132,100,27,9,131,53" hai3="36,40,106,81,24,128,29,108,83,49,8,23,75"/><U96/><E116/><V125/><F125/><W97/><G108/><N who="1" m="41578" /><E126/><V1/><F122/><W16/><G128/><T104/><D69/><N who="1" m="26699" /><E115/><V59/><F1/><W35/><G36/><T86/><D112/><U111/><N who="1" m="41586" /><U28/><DORA hai="78" /><E28/><V45/><F45/><W54/><G75/><T58/><D39/><U89/><E80/><V70/><F70/><W41/><G83/><T26/><D37/><U19/><E19/><N who="2" m="8591" /><F27/><W66/><G81/><T135/><D117/><U102/><E102/><N who="2" m="60799" /><F132/><W98/><G29/><T119/><D133/><U30/><E30/><V56/><F56/><W88/><G8/><T64/><D135/><U61/><E61/><AGARI ba="0,0" hai="53,59,61,100,103,129,130,131" m="60799,8591" machi="61" ten="30,7700,0" yaku="19,1,52,3" doraHai="127,78" who="2" fromWho="1" sc="273,0,162,-77,191,77,374,0" />
</Scene>
<Scene>
<INIT seed="6,0,0,4,4,44" ten="273,85,268,374" oya="2" hai0="106,126,42,56,77,133,81,23,125,70,93,108,1" hai1="48,112,104,89,135,83,46,86,26,16,107,4,117" hai2="75,119,55,38,118,127,27,90,85,25,94,57,35" hai3="10,45,80,74,36,134,123,52,76,29,96,11,2"/><V72/><F38/><W8/><G123/><T62/><D106/><U84/><E117/><V121/><F121/><W102/><G134/><T33/><D33/><U34/><E135/><V97/><F127/><W65/><G65/><T30/><D70/><U21/><E112/><V124/><F124/><W109/><G109/><T47/><D1/><U43/><E4/><V7/><F7/><W24/><G2/><T60/><D133/><U73/><E73/><V58/><F58/><W40/><G52/><T78/><D93/><U12/><E34/><V18/><F25/><W19/><G19/><T13/><D62/><U31/><REACH who="1" step="1"/><E86/><REACH who="1" ten="273,75,268,374" step="2"/><V95/><F75/><W32/><G10/><T66/><D125/><U113/><E113/><V111/><F72/><W17/><G17/><T20/><D126/><U99/><E99/><V64/><F35/><W63/><G63/><T61/><D61/><U50/><E50/><N who="2" m="30967" /><F119/><W53/><G53/><T87/><D60/><U51/><E51/><V71/><F118/><W122/><G122/><T0/><D66/><U68/><E68/><V100/><F64/><W129/><G129/><T128/><D128/><U110/><E110/><V28/><F71/><W39/><G39/><T15/><D108/><U6/><E6/><V69/><F69/><W14/><G14/><T131/><D13/><U130/><E130/><V22/><F111/><W49/><G36/><T67/><D15/><U92/><E92/><AGARI ba="0,1" hai="8,11,24,29,32,40,45,49,74,76,80,92,96,102" machi="92" ten="30,2000,0" yaku="7,1,52,1" doraHai="44" who="3" fromWho="1" sc="273,0,75,-20,268,0,374,30" />
</Scene>
<Scene>
<INIT seed="7,0,0,3,0,104" ten="273,55,268,404" oya="3" hai0="40,26,105,23,1,79,59,58,126,48,21,41,99" hai1="91,20,5,118,56,113,117,131,78,75,10,57,112" hai2="84,94,71,116,36,133,35,121,73,43,92,13,134" hai3="87,29,82,33,65,128,44,127,100,88,111,85,61"/><W106/><G128/><T7/><D79/><U19/><E91/><V123/><F116/><W74/><G127/><T31/><D1/><U9/><E78/><V34/><F73/><W83/><G74/><T90/><D7/><U80/><E80/><V51/><F36/><W60/><G44/><T97/><D105/><U16/><E5/><V46/><F71/><W24/><G87/><T130/><D130/><U49/><E131/><V86/><F13/><W54/><G54/><N who="0" m="32071" /><D126/><U18/><E20/><V81/><F94/><N who="3" m="54543" /><G61/><T15/><D59/><U63/><E19/><V55/><F92/><W115/><G115/><T22/><D97/><U6/><E6/><V69/><F69/><N who="3" m="42151" /><G111/><T27/><D15/><U132/><E63/><V17/><F17/><W25/><G25/><N who="0" m="9227" /><D31/><U12/><E12/><V70/><F86/><W76/><G76/><T103/><D103/><U14/><E14/><V0/><F0/><W37/><G37/><T72/><D72/><U66/><E75/><V50/><F70/><W30/><G30/><T122/><D122/><N who="2" m="46602" /><F34/><W124/><G124/><T101/><D101/><U96/><E96/><AGARI ba="0,0" hai="24,29,33,82,83,96,100,106" m="42151,54543" machi="96" ten="30,2900,0" yaku="25,1,54,1" doraHai="104" who="3" fromWho="1" sc="273,0,55,-29,268,0,404,29" owari="273,7.0,26,-47.0,268,-13.0,433,53.0" />
</Scene>
</mjloggm>