<mjloggm ver="2.3"><GO type="169" lobby="0"/><UN n0="%4D%E5%B8%9D%E2%85%A2" n1="%66%75%6C%6C%2D%74%70%21" n2="%74%61%6E%69%6D%6F%40" n3="%E5%A4%AA%E3%81%8F%E3%81%AA%E3%81%84%E3%81%8A" dan="16,18,16,17" rate="2144.57,2184.20,2078.40,2180.79" sx="M,M,M,F"/><TAIKYOKU oya="0"/>

<Scene>
<INIT seed="0,0,0,2,4,110" ten="250,250,250,250" oya="0" hai0="107,93,64,72,78,68,4,119,19,99,101,53,8" hai1="44,49,36,39,90,32,100,91,96,111,1,69,54" hai2="82,81,7,118,115,56,134,133,113,116,130,0,21" hai3="109,24,51,128,26,87,58,67,9,60,121,85,104"/><T22/><D119/><N who="2" m="45610" /><F0/><W52/><G104/><T45/><D78/><U80/><E111/><V65/><F7/><W6/><G109/><T35/><D72/><U63/><E1/><V124/><F21/><W125/><G125/><T117/><D117/><U43/><E32/><V102/><F102/><W77/><G128/><T105/><D35/><U42/><E80/><N who="2" m="30827" /><F130/><W16/><G121/><T48/><D64/><U132/><E132/><N who="2" m="50795" /><F124/><W31/><G16/><T47/><D68/><U10/><E69/><V34/><F34/><W74/><G26/><T88/><D47/><U15/><E44/><V76/><F76/><W120/><G24/><T37/><D37/><U83/><E39/><V122/><F122/><W17/><G120/><T89/><D107/><U25/><E25/><V11/><F11/><W79/><G79/><T50/><D105/><U75/><E10/><V129/><F129/><W59/><G77/><T13/><REACH who="0" step="1"/><D50/><REACH who="0" ten="240,250,250,250" step="2"/><U131/><E49/><V95/><F95/><W5/><G51/><T127/><D127/><U30/><E36/><V126/><F126/><W28/><G67/><T40/><D40/><U84/><E43/><V33/><F33/><W66/><G66/><T92/><D92/><U86/><E42/><V103/><F103/><W2/><G60/><AGARI ba="0,1" hai="56,60,65,113,115" m="50795,30827,45610" machi="60" ten="40,8000,1" yaku="12,1,20,1,52,2" doraHai="110" who="2" fromWho="3" sc="240,0,250,0,250,90,250,-80" />
</Scene>
<Scene>
<INIT seed="1,0,0,4,2,102" ten="240,250,340,170" oya="1" hai0="11,57,0,132,28,65,19,52,78,71,117,9,29" hai1="4,133,95,22,67,75,122,16,77,59,14,114,72" hai2="94,2,109,105,70,39,49,76,24,37,61,18,5" hai3="111,97,129,108,90,118,60,54,1,112,32,13,35"/><U7/><E122/><V124/><F109/><N who="3" m="42059" /><G1/><T58/><D71/><U80/><E114/><V121/><F76/><W106/><G112/><T51/><D117/><U69/><E75/><V88/><F124/><W113/><G113/><T17/><D132/><U66/><E133/><V99/><F5/><W87/><G118/><T23/><D0/><U15/><E69/><V79/><F79/><W44/><G129/><T30/><D78/><U125/><E125/><V98/><F2/><W36/><G13/><N who="0" m="9711" /><D17/><U104/><E104/><V93/><F105/><W42/><G54/><N who="0" m="31967" /><D65/><U89/><E15/><V100/><F49/><AGARI ba="0,0" hai="9,11,28,29,30,49,52,58" m="31967,9711" machi="49" ten="30,2000,0" yaku="8,1,54,1" doraHai="102" who="0" fromWho="2" sc="240,20,250,0,340,-20,170,0" />
</Scene>
<Scene>
<INIT seed="2,0,0,4,0,2" ten="260,250,320,170" oya="2" hai0="7,38,124,25,89,71,64,41,4,110,61,127,79" hai1="83,114,99,48,46,96,135,42,111,13,15,23,76" hai2="58,100,33,50,54,11,78,75,29,20,69,126,119" hai3="90,68,27,131,6,30,39,32,19,84,103,87,43"/><V92/><F33/><W123/><G123/><T35/><D79/><U22/><E114/><V94/><F119/><W57/><G68/><T70/><D70/><U37/><E111/><V98/><F69/><W66/><G131/><T62/><D62/><U52/><E135/><V132/><F126/><W101/><G19/><T0/><D0/><U134/><E134/><V107/><F132/><W51/><G39/><T73/><D73/><U102/><E15/><V47/><F78/><W8/><G66/><T117/><D117/><U60/><E13/><V74/><F92/><W113/><G113/><T45/><D89/><U65/><E96/><V121/><F121/><W129/><G129/><T85/><D85/><U80/><E80/><V82/><F82/><W56/><G84/><T77/><D77/><U130/><E130/><V34/><F34/><W1/><G56/><T21/><D35/><U93/><E60/><V120/><F120/><W12/><G1/><T5/><REACH who="0" step="1"/><D110/><REACH who="0" ten="250,250,320,170" step="2"/><U10/><E65/><V128/><F74/><W28/><G90/><T97/><D97/><U105/><E76/><V26/><F75/><W24/><G87/><T125/><D125/><U36/><E99/><V118/><F128/><W18/><G103/><T133/><D133/><U44/><E102/><V40/><F118/><W86/><G101/><T3/><D3/><U106/><E83/><V104/><F107/><W91/><G91/><T53/><D53/><U63/><E106/><V109/><F104/><W72/><G72/><T81/><D81/><U49/><E105/><V14/><F109/><W122/><G122/><RYUUKYOKU ba="0,1" sc="250,30,250,-10,320,-10,170,-10" hai0="4,5,7,21,25,38,41,45,61,64,71,124,127" />
</Scene>
<Scene>
<INIT seed="3,1,1,3,1,106" ten="280,240,310,160" oya="3" hai0="66,46,44,89,115,75,124,34,121,12,43,83,70" hai1="76,60,10,123,119,81,85,15,126,65,73,95,84" hai2="22,132,91,129,6,131,67,27,105,103,122,125,72" hai3="130,80,28,133,114,135,78,21,107,29,61,101,11"/><W30/><G114/><T92/><D34/><U93/><E123/><V17/><F125/><W127/><G127/><T16/><D121/><U8/><E126/><V25/><F132/><N who="3" m="50763" /><G130/><T5/><D5/><U52/><E119/><V97/><F6/><W104/><G101/><T32/><D32/><U109/><E109/><V118/><F118/><W31/><N who="3" m="7168" /><DORA hai="45" /><W74/><G21/><T42/><D66/><U1/><E1/><V23/><F122/><W40/><G40/><T20/><D70/><U54/><E65/><V47/><F23/><W37/><G37/><T77/><D115/><U9/><E15/><V96/><F27/><W128/><G128/><T90/><D43/><U38/><E38/><V56/><F103/><W18/><G61/><T99/><D42/><U2/><E2/><V102/><F102/><W36/><G36/><T59/><D124/><U35/><E35/><V19/><F22/><W7/><G18/><T62/><D62/><U120/><E60/><V13/><F25/><W100/><G100/><T98/><D59/><U134/><E120/><V116/><F19/><W41/><G41/><T24/><D24/><U49/><E134/><V58/><F17/><W39/><G39/><T48/><D48/><U88/><E49/><V0/><F116/><W57/><G57/><T87/><D46/><U108/><E108/><V110/><F58/><W50/><G50/><T68/><D44/><U86/><REACH who="1" step="1"/><E93/><REACH who="1" ten="280,230,310,160" step="2"/><N who="2" m="56383" /><F110/><W33/><G33/><T4/><D68/><U94/><E94/><V53/><F131/><W55/><G55/><AGARI ba="1,2" hai="8,9,10,52,54,55,73,76,81,84,85,86,88,95" machi="55" ten="40,12000,2" yaku="1,1,52,1,54,2,53,3" doraHai="106,45" doraHaiUra="14,82" who="1" fromWho="3" sc="280,0,230,143,310,0,160,-123" />
</Scene>
<Scene>
<INIT seed="4,0,0,2,4,109" ten="280,373,310,37" oya="0" hai0="21,12,71,110,65,33,59,81,22,112,94,52,9" hai1="103,93,134,36,132,39,78,3,26,120,96,115,2" hai2="1,23,70,45,42,14,55,119,92,56,126,118,84" hai3="63,10,46,100,107,106,68,114,135,77,29,32,80"/><T57/><D33/><U73/><E120/><V44/><F70/><W4/><G135/><N who="1" m="51754" /><E26/><V98/><F1/><N who="1" m="9" /><E115/><V60/><F84/><W7/><G46/><T125/><D71/><U129/><E129/><V117/><F126/><W11/><G68/><T69/><D112/><U31/><E31/><V124/><F124/><W99/><G114/><T34/><D34/><U113/><E113/><V49/><F45/><W47/><G47/><T90/><D69/><U131/><E131/><V72/><F72/><W133/><G133/><T105/><D105/><U104/><E93/><V122/><F122/><W40/><G40/><T67/><D110/><U74/><E78/><V130/><F130/><W123/><G123/><T116/><D94/><U121/><E121/><V5/><F23/><W17/><G63/><T97/><D67/><U25/><E25/><V108/><F108/><W76/><G32/><T88/><D65/><U18/><E18/><V13/><REACH who="2" step="1"/><F5/><REACH who="2" ten="280,373,300,37" step="2"/><W6/><G6/><T20/><D22/><U35/><E35/><V61/><F61/><W86/><G4/><T58/><D21/><U54/><E74/><V41/><F41/><W66/><G7/><T85/><D20/><U64/><E73/><V38/><F38/><W30/><G30/><T50/><D125/><U75/><E75/><V62/><F62/><W91/><G29/><T127/><D127/><U51/><E39/><V111/><F111/><W16/><G86/><T24/><D85/><U0/><E36/><V95/><F95/><W8/><G17/><T37/><D37/><U101/><N who="1" m="17" /><U28/><DORA hai="15" /><E28/><RYUUKYOKU ba="0,1" sc="280,-10,373,-10,300,30,37,-10" hai2="13,14,42,44,49,55,56,60,92,98,117,118,119" />
</Scene>
<Scene>
<INIT seed="5,1,1,2,4,100" ten="270,363,330,27" oya="1" hai0="8,77,118,68,94,26,132,107,17,38,113,65,81" hai1="97,110,114,5,84,15,96,103,53,29,47,135,59" hai2="79,89,10,101,24,60,36,42,67,71,120,111,82" hai3="128,92,51,7,105,46,13,18,106,37,9,85,108"/><U11/><E114/><V58/><F89/><W125/><G108/><T95/><D38/><U31/><E135/><V48/><F120/><W63/><G37/><T28/><D118/><U123/><E123/><V6/><F24/><W80/><G128/><T43/><D43/><U20/><E110/><V86/><F101/><W27/><G125/><T88/><D95/><U45/><E84/><V56/><F36/><W74/><G74/><T119/><D65/><U93/><E97/><V98/><F98/><W55/><G92/><T122/><D68/><U49/><E20/><V54/><F111/><W99/><G99/><T134/><D119/><U4/><E4/><V19/><F19/><W109/><G109/><T87/><D107/><U73/><E73/><V32/><F32/><W83/><G63/><T16/><D8/><U66/><E66/><V21/><F21/><W76/><G27/><T33/><D113/><U131/><E131/><V1/><REACH who="2" step="1"/><F42/><REACH who="2" ten="270,363,320,27" step="2"/><W126/><G126/><T44/><D122/><U90/><E103/><V34/><F34/><W124/><G124/><T2/><D2/><U75/><E31/><V12/><F12/><W30/><G30/><T62/><D62/><U39/><E29/><V78/><F78/><W14/><REACH who="3" step="1"/><G83/><REACH who="3" ten="270,363,320,17" step="2"/><T72/><REACH who="0" step="1"/><D44/><AGARI ba="1,3" hai="1,6,10,44,48,54,56,58,60,67,71,79,82,86" machi="44" ten="30,2000,0" yaku="1,1,7,1,53,0" doraHai="100" doraHaiUra="127" who="2" fromWho="0" sc="270,-23,363,0,320,53,17,0" />
</Scene>
<Scene>
<INIT seed="6,0,0,2,1,74" ten="247,363,373,17" oya="2" hai0="114,26,127,69,79,22,95,10,87,131,9,40,27" hai1="84,15,126,62,109,103,19,33,47,8,66,122,98" hai2="119,50,104,93,21,76,72,88,20,41,83,111,3" hai3="116,81,0,16,71,108,35,73,132,102,44,65,13"/><V14/><F3/><W34/><G108/><T68/><D40/><U42/><E109/><V120/><F104/><W99/><G116/><T32/><D32/><U130/><E33/><V43/><F120/><W115/><G0/><T45/><D45/><U128/><E126/><V97/><F119/><W134/><G115/><T129/><D95/><U52/><E122/><V36/><F111/><W60/><G44/><T92/><D92/><U106/><E84/><V112/><F112/><W24/><BYE who="2" /><G73/><T46/><D46/><U59/><REACH who="1" step="1"/><E66/><REACH who="1" ten="247,353,373,17" step="2"/><V39/><F39/><AGARI ba="0,1" hai="8,15,19,39,42,47,52,59,62,98,103,106,128,130" machi="39" ten="40,5200,0" yaku="1,1,2,1,54,1,53,0" doraHai="74" doraHaiUra="89" who="1" fromWho="2" sc="247,0,353,62,373,-52,17,0" />
</Scene>
<Scene>
<INIT seed="7,0,0,2,5,68" ten="247,415,321,17" oya="3" hai0="52,60,82,131,6,51,107,116,71,63,66,86,94" hai1="132,76,69,1,4,104,84,38,41,118,3,5,21" hai2="126,45,25,105,85,122,53,47,97,17,91,56,92" hai3="27,15,129,65,20,13,95,35,77,134,110,26,80"/><W102/><G134/><T42/><D107/><U87/><E69/><V32/><F32/><W119/><G119/><T108/><D108/><UN n2="%74%61%6E%69%6D%6F%40" /><U23/><E104/><V83/><F126/><W36/><G110/><T128/><D6/><U90/><E41/><V98/><F122/><W89/><G129/><N who="0" m="49739" /><D94/><U78/><E90/><V18/><F105/><W73/><G102/><T49/><D86/><U11/><E38/><V0/><F0/><W117/><G117/><T101/><D82/><U121/><E132/><V99/><F47/><W58/><G36/><T8/><D8/><U30/><E11/><V109/><F45/><W31/><G65/><N who="0" m="41407" /><D101/><U39/><E39/><V16/><F109/><W88/><G58/><N who="0" m="33055" /><D116/><U28/><E118/><V130/><F130/><W93/><G93/><T61/><D66/><U111/><E111/><V44/><F44/><AGARI ba="0,0" hai="42,44,49,60,61" m="33055,41407,49739" machi="44" ten="30,7700,0" yaku="19,1,34,2,54,1" doraHai="68" who="0" fromWho="2" sc="247,77,415,0,321,-77,17,0" owari="324,12.0,415,52.0,244,-16.0,17,-48.0" />
</Scene>
</mjloggm>