<mjloggm ver="2.3"><GO type="225" lobby="0"/><UN n0="%E4%BC%9D%E8%AA%AC%E3%81%AE%E3%81%B2%E3%82%88%E3%81%93" n1="%E5%A4%AA%E3%81%8F%E3%81%AA%E3%81%84%E3%81%8A" n2="%E3%81%AA%E3%81%A3%E3%81%8D%E3%82%8A" n3="%E9%BA%BB%E9%9B%80%E7%89%87%E6%83%B3%E3%81%84" dan="16,18,17,16" rate="2088.44,2214.36,2161.62,2111.04" sx="F,M,M,M"/><TAIKYOKU oya="0"/>

<Scene>
<INIT seed="0,0,0,3,2,130" ten="250,250,250,250" oya="0" hai0="55,103,98,7,19,80,85,43,76,129,45,100,128" hai1="8,110,47,32,28,66,116,12,39,34,81,72,64" hai2="51,71,10,67,119,99,21,127,131,33,25,134,11" hai3="60,15,30,14,88,40,68,135,31,115,59,70,114"/><T35/><D35/><U36/><E116/><V22/><F131/><N who="0" m="50250" /><D55/><U95/><E95/><V107/><F51/><W97/><G40/><T3/><D19/><U2/><E12/><V123/><F123/><W79/><G59/><T24/><D24/><U89/><E89/><V133/><F22/><W91/><G60/><T126/><D126/><U109/><E2/><V113/><F113/><W90/><G97/><T83/><D98/><U0/><E28/><N who="2" m="19599" /><F21/><W38/><G79/><T41/><D83/><U73/><E81/><V13/><F119/><W74/><G74/><T58/><D58/><U86/><E72/><V49/><F49/><W4/><G4/><T20/><D20/><U96/><E73/><V6/><F127/><W54/><G54/><T1/><D43/><U56/><E32/><V16/><F11/><W121/><G91/><T78/><D78/><U117/><E117/><V53/><F53/><W102/><G102/><N who="0" m="38955" /><D7/><U46/><E56/><V18/><F99/><W57/><G57/><T65/><D65/><N who="1" m="25195" /><E96/><V118/><F118/><W132/><REACH who="3" step="1"/><G38/><AGARI ba="0,0" hai="1,3,38,41,45,76,80,85" m="38955,50250" machi="38" ten="30,1500,0" yaku="19,1" doraHai="130" who="0" fromWho="3" sc="250,15,250,0,250,0,250,-15" />
</Scene>
<Scene>
<INIT seed="0,1,0,2,5,83" ten="265,250,250,235" oya="0" hai0="63,98,91,52,8,60,82,40,4,126,14,5,41" hai1="44,57,49,35,74,2,107,6,103,47,99,77,130" hai2="89,51,97,53,81,16,104,58,12,102,112,110,17" hai3="88,50,119,84,46,10,124,78,70,36,22,75,80"/><T11/><D126/><U123/><E35/><V87/><F110/><W25/><G119/><T135/><D135/><U68/><E68/><V54/><F112/><W134/><G124/><T101/><D82/><U67/><E123/><V55/><REACH who="2" step="1"/><F17/><REACH who="2" ten="265,250,240,235" step="2"/><W92/><G134/><T3/><D63/><U7/><E130/><V0/><F0/><W9/><G36/><T45/><D60/><U122/><E2/><V20/><AGARI ba="1,1" hai="12,16,20,51,53,54,55,58,81,87,89,97,102,104" machi="20" ten="20,8000,1" yaku="1,1,0,1,7,1,52,1,54,1,53,0" doraHai="83" doraHaiUra="29" who="2" fromWho="2" sc="265,-41,250,-21,240,93,235,-21" />
</Scene>
<Scene>
<INIT seed="1,0,0,3,0,28" ten="224,229,333,214" oya="1" hai0="75,29,102,56,101,41,91,117,122,87,40,38,60" hai1="72,9,6,61,58,47,129,100,42,45,53,51,92" hai2="78,39,124,0,119,94,25,76,50,128,24,57,120" hai3="110,104,46,71,127,132,85,48,30,68,44,35,93"/><U81/><E129/><V22/><F120/><W17/><G104/><T15/><D117/><U88/><E100/><V116/><F39/><W109/><G17/><T31/><D75/><U66/><E72/><V113/><F113/><W7/><G7/><T4/><D122/><U65/><E81/><V27/><F0/><W134/><G127/><T123/><D123/><U79/><E79/><N who="2" m="30251" /><F128/><W64/><G93/><T73/><D73/><U114/><E114/><V130/><F130/><W8/><G85/><T135/><D4/><U89/><E47/><N who="3" m="17962" /><G8/><T5/><D5/><U14/><REACH who="1" step="1"/><E89/><REACH who="1" ten="224,219,333,214" step="2"/><V118/><F124/><W23/><G132/><T125/><D135/><U62/><E62/><V106/><F119/><W133/><G133/><T105/><D60/><U131/><E131/><V33/><F118/><W97/><G134/><T74/><D74/><U49/><E49/><V90/><F116/><W55/><G48/><T59/><D102/><U77/><E77/><V67/><F106/><W26/><G110/><T10/><D105/><U37/><E37/><V121/><F121/><W115/><G109/><T19/><D101/><U12/><E12/><V43/><F90/><W112/><G112/><T111/><D111/><U82/><E82/><V95/><F50/><W86/><G115/><T107/><D107/><U52/><E52/><V126/><F126/><W83/><G55/><T1/><D125/><U18/><E18/><V84/><F43/><N who="0" m="16458" /><D38/><U54/><E54/><V36/><F36/><W98/><G83/><N who="0" m="49663" /><D1/><U21/><E21/><V103/><F22/><W99/><G23/><T13/><D13/><RYUUKYOKU ba="0,1" sc="224,15,219,15,333,-15,214,-15" hai0="10,15,19,29,31,56,59" hai1="6,9,14,42,45,51,53,58,61,65,66,88,92" />
</Scene>
<Scene>
<INIT seed="1,1,1,5,5,100" ten="239,234,318,199" oya="1" hai0="121,79,71,133,29,117,115,37,65,35,2,130,45" hai1="6,127,99,60,8,101,4,111,76,41,70,49,3" hai2="9,26,68,40,51,21,134,106,43,16,12,14,46" hai3="77,36,128,22,119,31,0,131,80,109,110,103,64"/><U102/><E6/><V33/><F68/><W32/><G0/><T126/><D29/><U72/><E49/><V34/><F134/><W124/><G36/><T42/><D65/><N who="1" m="41255" /><E41/><V27/><F106/><W67/><G32/><T24/><D45/><U132/><E132/><V97/><F33/><W90/><G103/><T1/><D42/><U75/><E102/><V122/><F122/><W48/><G90/><T89/><D89/><U59/><E59/><V87/><F34/><W113/><G113/><T15/><D15/><U92/><E92/><V98/><F43/><W54/><G119/><T66/><D66/><N who="3" m="25129" /><G22/><T18/><D18/><U62/><E62/><V129/><F87/><N who="3" m="48527" /><G31/><T107/><D79/><U88/><E88/><V120/><F120/><W83/><G83/><T135/><D24/><N who="2" m="9258" /><F129/><N who="3" m="49739" /><G124/><T78/><D133/><U96/><E127/><V30/><F30/><W73/><G73/><N who="1" m="28234" /><E76/><V94/><F94/><W55/><G55/><T86/><D78/><U44/><E101/><V19/><AGARI ba="1,1" hai="9,12,14,16,19,21,40,46,51,97,98" m="9258" machi="19" ten="30,2000,0" yaku="8,1,54,1" doraHai="100" who="2" fromWho="2" sc="239,-6,234,-11,318,33,199,-6" />
</Scene>
<Scene>
<INIT seed="2,0,0,2,3,86" ten="233,223,351,193" oya="2" hai0="35,57,103,77,19,73,128,104,99,51,102,125,124" hai1="120,93,97,49,27,81,130,105,131,7,88,45,20" hai2="59,65,30,16,101,108,78,46,76,3,94,54,71" hai3="32,79,0,56,50,62,15,129,2,126,75,40,135"/><V100/><F3/><W111/><G111/><T112/><D112/><U63/><E120/><V96/><F71/><W60/><G126/><N who="0" m="48747" /><D35/><U106/><E7/><V66/><F30/><W89/><G129/><N who="1" m="49162" /><E81/><V90/><F108/><W61/><G135/><T92/><D128/><U9/><E63/><N who="2" m="36343" /><F46/><W117/><G32/><T42/><D19/><N who="1" m="12703" /><E9/><V55/><F55/><AGARI ba="0,0" hai="45,49,55,88,93,97,105,106" m="12703,49162" machi="55" ten="30,3900,0" yaku="19,1,52,1,54,1" doraHai="86" who="1" fromWho="2" sc="233,0,223,39,351,-39,193,0" />
</Scene>
<Scene>
<INIT seed="3,0,0,2,1,79" ten="233,262,312,193" oya="3" hai0="69,56,130,75,9,101,85,91,124,17,48,61,43" hai1="52,0,26,29,33,92,65,88,4,120,12,84,22" hai2="118,28,53,78,115,54,129,131,96,83,20,21,15" hai3="7,135,76,34,39,86,18,60,71,123,35,5,45"/><W38/><G123/><T68/><D75/><U94/><E65/><V87/><F118/><W44/><G135/><T121/><D121/><U55/><E120/><V51/><F115/><W73/><G18/><T14/><D101/><U134/><E134/><V66/><F66/><W36/><G71/><T24/><D130/><N who="2" m="49674" /><F28/><W64/><G64/><T93/><D124/><U30/><E30/><V132/><F132/><W27/><G60/><T57/><D57/><U63/><E63/><V114/><F114/><W117/><G117/><T100/><D100/><U1/><E1/><V13/><F96/><W113/><G113/><T89/><D24/><U77/><E77/><V128/><F128/><W119/><G119/><T90/><D68/><U46/><E46/><N who="3" m="18026" /><G76/><T102/><D69/><U50/><E50/><V80/><F53/><N who="1" m="20553" /><E0/><V108/><F108/><W19/><G73/><T6/><D48/><U16/><E33/><N who="3" m="12298" /><G86/><T11/><D85/><U74/><E74/><N who="2" m="43095" /><F21/><W37/><N who="3" m="9216" /><DORA hai="32" /><W67/><G67/><T3/><D3/><U42/><E29/><V126/><F20/><W122/><G122/><T47/><D11/><N who="1" m="4199" /><E94/><V82/><F51/><W111/><G111/><T99/><D93/><U133/><E133/><V98/><F54/><W107/><G107/><T31/><D31/><U105/><E105/><V40/><F13/><W125/><G125/><T97/><D14/><U104/><E104/><V49/><F15/><W95/><G95/><T23/><D23/><U41/><AGARI ba="0,0" hai="16,22,26,41,42,84,88,92" m="4199,20553" machi="41" ten="30,7900,0" yaku="8,1,54,3" doraHai="79,32" who="1" fromWho="1" sc="233,-20,262,79,312,-20,193,-39" owari="213,-19.0,341,45.0,292,9.0,154,-35.0" />
</Scene>
</mjloggm>