<mjloggm ver="2.3"><GO type="169" lobby="0"/><UN n0="%E3%81%AB%E3%81%9B%E6%82%9F%E7%A9%BA" n1="%E3%81%AC%E3%82%89%E3%82%8A%E3%83%92%E3%83%A7%E3%83%B3" n2="%E3%81%9F%E3%82%8D%E3%81%9F%E3%82%8D%2E" n3="%E5%A4%AA%E3%81%8F%E3%81%AA%E3%81%84%E3%81%8A" dan="16,16,17,17" rate="2152.12,2030.98,2132.24,2168.60" sx="M,M,M,M"/><TAIKYOKU oya="0"/>

<Scene>
<INIT seed="0,0,0,0,4,129" ten="250,250,250,250" oya="0" hai0="90,37,60,85,68,36,34,3,54,40,70,7,100" hai1="29,75,52,49,104,123,44,18,92,61,98,26,27" hai2="23,72,112,114,45,5,88,51,9,6,4,41,76" hai3="122,21,1,30,35,105,31,22,13,116,94,115,59"/><T73/><D73/><U66/><E123/><V28/><F9/><W130/><G105/><T81/><D34/><U62/><E75/><V118/><F118/><W86/><G1/><T65/><D100/><U83/><E83/><V64/><F64/><W50/><G116/><T106/><D106/><U56/><E104/><V111/><F111/><W20/><G115/><T127/><D127/><U82/><E82/><V63/><F63/><W99/><G130/><T103/><D103/><U55/><E18/><V84/><F76/><W2/><G2/><T57/><D70/><U101/><REACH who="1" step="1"/><E29/><REACH who="1" ten="250,240,250,250" step="2"/><V15/><F72/><W77/><G30/><T79/><D7/><U43/><E43/><V134/><F28/><W0/><G31/><T14/><D40/><U11/><E11/><V124/><F112/><W47/><G122/><T17/><D79/><U67/><E67/><V71/><F114/><W19/><G77/><T78/><D78/><U117/><E117/><V25/><F124/><W53/><G22/><T12/><D17/><U120/><E120/><V126/><F126/><W89/><G21/><T91/><D65/><U80/><E80/><V93/><F15/><W109/><G0/><T133/><D14/><U33/><E33/><V74/><F74/><W42/><G35/><T39/><D12/><U96/><E96/><V97/><F97/><W32/><G32/><T24/><D3/><U125/><E125/><V108/><F23/><W131/><G131/><T110/><D81/><U135/><E135/><V113/><F134/><W121/><G121/><T132/><D132/><U46/><E46/><RYUUKYOKU ba="0,1" sc="250,-10,240,30,250,-10,250,-10" hai1="26,27,44,49,52,55,56,61,62,66,92,98,101" />
</Scene>
<Scene>
<INIT seed="1,1,1,2,0,133" ten="240,270,240,240" oya="1" hai0="22,28,4,115,105,131,88,51,50,64,63,12,27" hai1="118,23,7,96,19,15,132,46,126,90,79,1,53" hai2="48,123,106,91,58,65,135,9,75,62,74,40,69" hai3="92,84,44,127,107,54,20,120,86,25,6,57,103"/><U95/><E118/><V99/><F123/><W81/><G120/><T29/><D115/><U102/><E132/><V85/><F135/><W34/><G34/><T121/><D105/><U33/><E79/><V104/><F104/><W83/><G107/><T14/><D121/><U70/><E70/><V125/><F125/><W0/><G0/><T18/><D131/><U42/><E33/><V119/><F119/><W124/><G6/><T39/><D39/><U67/><E67/><V93/><F9/><W5/><G5/><T98/><D28/><U60/><E102/><V41/><F41/><W112/><G44/><T110/><D110/><U101/><E101/><V11/><F11/><W87/><G112/><T111/><D111/><U114/><E114/><V47/><F106/><W100/><G100/><T26/><D4/><U32/><E32/><V56/><F99/><W128/><G128/><T8/><D14/><U71/><E126/><N who="3" m="48170" /><G92/><N who="0" m="56583" /><D27/><U43/><E7/><V13/><F13/><W24/><G103/><T68/><D12/><U78/><E78/><V76/><F76/><W72/><G72/><T59/><D26/><N who="3" m="10345" /><G20/><T52/><D22/><U129/><E129/><V35/><F35/><W130/><G130/><T108/><D108/><U122/><E1/><V16/><F75/><W73/><G73/><T61/><D29/><U45/><E122/><V89/><F74/><W134/><G134/><T38/><D8/><U31/><E31/><V30/><F30/><W82/><G83/><T117/><D117/><U66/><E46/><V36/><F47/><W80/><G80/><T10/><D38/><RYUUKYOKU ba="1,1" sc="240,10,270,10,240,-30,240,10" hai0="10,18,50,51,52,59,61,63,64,68" hai1="15,19,23,42,43,45,53,60,66,71,90,95,96" hai3="54,57,81,82,84,86,87" />
</Scene>
<Scene>
<INIT seed="1,2,1,4,0,50" ten="250,280,210,250" oya="1" hai0="30,5,81,28,26,117,2,59,108,9,76,52,82" hai1="116,29,55,94,7,111,58,106,125,66,34,25,63" hai2="113,21,61,129,51,37,77,126,109,49,103,20,1" hai3="62,6,57,89,79,83,22,122,38,68,43,17,72"/><U119/><E125/><V46/><F1/><W73/><G122/><T75/><D108/><U93/><E111/><V32/><F32/><W97/><G68/><T101/><D117/><U95/><E106/><V110/><F126/><W56/><G6/><T10/><D101/><U112/><E112/><V91/><F77/><W105/><G72/><T24/><D82/><U65/><REACH who="1" step="1"/><E7/><REACH who="1" ten="250,270,210,250" step="2"/><V67/><F113/><W41/><G105/><T124/><D124/><U123/><E123/><V114/><F114/><W90/><G73/><T135/><D135/><U107/><E107/><V100/><F110/><W13/><G79/><T54/><D5/><U104/><E104/><V40/><F109/><W120/><G120/><T33/><D2/><U45/><E45/><V64/><F46/><W8/><G8/><T60/><REACH who="0" step="1"/><D54/><REACH who="0" ten="240,270,210,250" step="2"/><U87/><E87/><V47/><F40/><W39/><G43/><T71/><D71/><U132/><E132/><V115/><F115/><W36/><G41/><T3/><D3/><U35/><E35/><AGARI ba="2,3" hai="9,10,24,26,28,30,33,35,52,59,60,75,76,81" machi="35" ten="30,8000,1" yaku="1,1,7,1,9,1,52,1,54,1,53,0" doraHai="50" doraHaiUra="134" who="0" fromWho="1" sc="240,116,270,-86,210,0,250,0" />
</Scene>
<Scene>
<INIT seed="2,0,0,1,5,4" ten="356,184,210,250" oya="2" hai0="64,95,129,70,68,86,3,42,23,18,92,111,110" hai1="97,38,105,54,21,94,108,109,75,121,52,22,81" hai2="98,60,77,37,89,48,106,82,131,117,125,67,53" hai3="33,71,24,100,16,73,102,32,28,120,85,118,104"/><V14/><F37/><W123/><G73/><T10/><D129/><U35/><E35/><V132/><F117/><W40/><G118/><T50/><D42/><U1/><E1/><V127/><F131/><W78/><G33/><T74/><D74/><U0/><E0/><V107/><F132/><W69/><G40/><T15/><D50/><U126/><E38/><V9/><F89/><W116/><G116/><T135/><D135/><U112/><E105/><V55/><F98/><W47/><G47/><T84/><D84/><U25/><E112/><V62/><F82/><W128/><G128/><T119/><D119/><U58/><E126/><N who="2" m="48139" /><F77/><W93/><G104/><N who="2" m="39977" /><F48/><W115/><G115/><T114/><D114/><U99/><E121/><V13/><F13/><W19/><G78/><T56/><D3/><U122/><E122/><V130/><F130/><W83/><G83/><T49/><D49/><U65/><E81/><V79/><F79/><W63/><G120/><T57/><D15/><U133/><E75/><V20/><F20/><W90/><G123/><T5/><D23/><U7/><E133/><V31/><F31/><W41/><G90/><T17/><D86/><U61/><E22/><V51/><F51/><W46/><G85/><T44/><D44/><U113/><E113/><V39/><F39/><W124/><G124/><T87/><D87/><U29/><E97/><V27/><F27/><W8/><G46/><T66/><D5/><U103/><REACH who="1" step="1"/><E7/><REACH who="1" ten="356,174,210,250" step="2"/><N who="2" m="3391" /><F62/><W26/><G32/><T59/><D92/><U101/><E101/><N who="3" m="39018" /><G93/><T36/><D95/><U72/><E72/><V96/><F96/><RYUUKYOKU ba="0,1" sc="356,-15,174,15,210,15,250,-15" hai1="21,25,29,52,54,58,61,65,94,99,103,108,109" hai2="53,55,60,67" />
</Scene>
<Scene>
<INIT seed="2,1,1,2,1,10" ten="341,189,225,235" oya="2" hai0="27,45,60,92,94,5,90,22,34,98,100,50,1" hai1="39,91,41,51,88,125,110,76,2,14,105,85,113" hai2="83,84,59,36,118,128,133,53,124,135,78,116,132" hai3="106,82,7,120,89,64,47,55,9,69,109,79,103"/><V35/><F35/><W12/><G120/><T93/><D34/><U19/><E113/><V25/><F36/><W122/><G122/><T42/><D1/><U31/><E105/><V80/><F25/><W121/><G121/><T104/><D5/><U107/><E107/><V56/><F56/><W20/><G109/><T99/><REACH who="0" step="1"/><D60/><REACH who="0" ten="331,189,225,235" step="2"/><U96/><E2/><V123/><F123/><W66/><G7/><T3/><D3/><U16/><E110/><V11/><F124/><W37/><G66/><T44/><D44/><U48/><E125/><V81/><F128/><W38/><G64/><T65/><D65/><U67/><E67/><V73/><F118/><W119/><G47/><T126/><D126/><U15/><E31/><AGARI ba="1,2" hai="22,27,31,42,45,50,90,92,93,94,98,99,100,104" machi="31" ten="30,2000,0" yaku="1,1,7,1,53,0" doraHai="10" doraHaiUra="6" who="0" fromWho="1" sc="331,43,189,-23,225,0,235,0" />
</Scene>
<Scene>
<INIT seed="3,0,0,4,2,118" ten="374,166,225,235" oya="3" hai0="8,65,91,20,33,101,128,82,81,72,79,5,62" hai1="12,71,37,11,75,95,107,56,59,16,47,105,85" hai2="133,43,92,3,7,113,114,50,76,125,99,94,68" hai3="49,67,27,131,74,93,36,41,30,2,55,54,104"/><W35/><G35/><T42/><BYE who="3" /><D33/><U70/><E75/><V0/><F68/><W66/><G66/><T61/><D128/><U17/><E71/><V117/><F117/><W64/><G64/><T120/><D120/><U52/><E70/><UN n3="%E5%A4%AA%E3%81%8F%E3%81%AA%E3%81%84%E3%81%8A" /><V129/><F76/><W124/><G104/><T51/><D101/><U25/><E107/><V127/><F129/><W63/><G2/><T31/><D31/><U97/><E105/><V112/><F7/><W119/><G119/><T58/><BYE who="3" /><D62/><U134/><E134/><V102/><F133/><W77/><G77/><T32/><D32/><U40/><E85/><V80/><F80/><W132/><G132/><T123/><D123/><U39/><E39/><V44/><REACH who="2" step="1"/><F94/><REACH who="2" ten="374,166,215,235" step="2"/><W15/><G15/><T24/><D82/><U84/><E84/><V86/><F86/><UN n3="%E5%A4%AA%E3%81%8F%E3%81%AA%E3%81%84%E3%81%8A" /><W90/><G93/><T121/><D81/><U78/><E78/><V22/><F22/><W108/><G131/><T6/><D20/><U83/><E83/><V109/><F109/><W19/><G108/><T69/><D69/><U53/><E97/><V103/><F103/><W98/><G98/><T13/><D79/><U73/><E73/><V34/><F34/><W18/><G74/><T126/><D5/><U23/><REACH who="1" step="1"/><E95/><REACH who="1" ten="374,156,215,235" step="2"/><V28/><F28/><W110/><G30/><T26/><D72/><U46/><E46/><V116/><F116/><W10/><G110/><T21/><D91/><U88/><E88/><V29/><F29/><W122/><G90/><T100/><D100/><U96/><E96/><V130/><F130/><W135/><G135/><T48/><D58/><AGARI ba="0,2" hai="11,12,16,17,23,25,37,40,47,52,53,56,58,59" machi="58" ten="40,8000,1" yaku="1,1,6,1,54,2,53,0" doraHai="118" doraHaiUra="60" who="1" fromWho="0" sc="374,-80,156,100,215,0,235,0" />
</Scene>
<Scene>
<INIT seed="4,0,0,5,4,19" ten="294,256,215,235" oya="0" hai0="107,82,30,52,33,15,2,47,129,117,81,106,121" hai1="53,31,116,63,98,8,102,95,91,108,96,61,18" hai2="75,99,122,113,69,26,54,118,79,74,4,46,39" hai3="35,21,43,131,16,115,57,120,127,44,22,134,9"/><T86/><D2/><U51/><E116/><V56/><F69/><W32/><G32/><T17/><BYE who="3" /><D117/><U92/><E108/><V28/><F118/><W109/><G109/><T125/><D121/><U58/><E31/><V24/><F122/><W84/><G84/><T90/><D125/><U119/><E119/><V10/><F113/><UN n3="%E5%A4%AA%E3%81%8F%E3%81%AA%E3%81%84%E3%81%8A" /><W20/><G20/><BYE who="3" /><T97/><D129/><U42/><E42/><V130/><F26/><W70/><G70/><T55/><D30/><U65/><E65/><V72/><F79/><W73/><G73/><T71/><D33/><U37/><E37/><V105/><F130/><W83/><G83/><T11/><D71/><U133/><E133/><V78/><F78/><W85/><G85/><T14/><D82/><U59/><E59/><V112/><F112/><W25/><G25/><T49/><D97/><U114/><E114/><V103/><F56/><W13/><G13/><AGARI ba="0,0" hai="8,13,18,51,53,58,61,63,91,92,95,96,98,102" machi="13" ten="40,1300,0" yaku="8,1" doraHai="19" who="1" fromWho="3" sc="294,0,256,13,215,0,235,-13" /><UN n3="%E5%A4%AA%E3%81%8F%E3%81%AA%E3%81%84%E3%81%8A" />
</Scene>
<Scene>
<INIT seed="5,0,0,1,5,104" ten="294,269,215,222" oya="1" hai0="88,100,34,132,49,20,55,27,45,116,85,24,14" hai1="86,18,107,57,101,1,2,62,58,120,130,69,4" hai2="133,26,99,123,35,84,33,108,39,28,66,83,6" hai3="50,121,79,94,37,40,91,134,9,44,73,52,12"/><U102/><E120/><V3/><F39/><W127/><G127/><T112/><BYE who="3" /><D116/><U47/><E130/><V90/><F108/><W126/><G126/><T110/><D110/><U63/><E69/><V87/><F123/><W78/><G78/><T113/><D132/><U89/><E47/><V38/><F38/><W75/><G75/><T74/><D100/><U31/><E31/><V131/><F133/><W93/><G93/><T82/><D74/><U11/><E1/><V70/><F35/><W22/><G22/><T65/><D65/><U129/><E129/><V111/><F111/><W124/><G124/><T30/><REACH who="0" step="1"/><D14/><REACH who="0" ten="284,269,215,222" step="2"/><U128/><E128/><V15/><F15/><W0/><G0/><T21/><D21/><U135/><E135/><V117/><F3/><W42/><G42/><T76/><D76/><U59/><E102/><V109/><F109/><W98/><G98/><T64/><D64/><U13/><E101/><V17/><F117/><W25/><G25/><T29/><AGARI ba="0,1" hai="20,24,27,29,30,34,45,49,55,82,85,88,112,113" machi="29" ten="30,7900,0" yaku="1,1,0,1,54,1,53,1" doraHai="104" doraHaiUra="51" who="0" fromWho="0" sc="284,89,269,-39,215,-20,222,-20" />
</Scene>
<Scene>
<INIT seed="6,0,0,4,1,79" ten="373,230,195,202" oya="2" hai0="17,36,11,61,55,31,62,118,93,30,97,131,15" hai1="128,27,73,0,74,109,37,59,5,96,87,24,40" hai2="7,88,134,48,29,83,81,45,51,113,1,126,22" hai3="14,10,12,92,123,60,47,86,68,70,106,63,8"/><V25/><F113/><W66/><G66/><T39/><D131/><U76/><E109/><V127/><F134/><W18/><G18/><T117/><D39/><U34/><E128/><V82/><F7/><W3/><G3/><T26/><D36/><U67/><E96/><V98/><F1/><W116/><G116/><N who="0" m="44651" /><D55/><U53/><E67/><V77/><F77/><W132/><G132/><T9/><D9/><N who="1" m="2215" /><E87/><V6/><F6/><W2/><G2/><T112/><D112/><U16/><E73/><V58/><F58/><W90/><G90/><N who="0" m="55479" /><D30/><U50/><E34/><AGARI ba="0,0" hai="11,15,17,26,31,34,61,62" m="55479,44651" machi="34" ten="30,1000,0" yaku="12,1" doraHai="79" who="0" fromWho="1" sc="373,10,230,-10,195,0,202,0" />
</Scene>
<Scene>
<INIT seed="7,0,0,2,0,66" ten="383,220,195,202" oya="3" hai0="116,105,55,96,79,114,32,75,1,45,8,84,90" hai1="122,46,98,28,95,39,54,132,119,11,65,33,110" hai2="131,80,63,86,81,128,73,44,12,51,24,52,100" hai3="57,118,125,94,14,43,34,30,111,15,108,26,36"/><W4/><G4/><T88/><D55/><U41/><E122/><V18/><F100/><W101/><G101/><T83/><D32/><U67/><E110/><V2/><F2/><W87/><G87/><T97/><D45/><U130/><E130/><N who="2" m="49707" /><F24/><W126/><G126/><T103/><D8/><U64/><E132/><V115/><F115/><W61/><G61/><T68/><D68/><U37/><E119/><V0/><F0/><W112/><G112/><T9/><D9/><U109/><E109/><V121/><F121/><W40/><G40/><T134/><D1/><U78/><E78/><N who="2" m="44111" /><F63/><W7/><G7/><T117/><D134/><U99/><E11/><N who="2" m="6431" /><F81/><W50/><G50/><T92/><D114/><U129/><E129/><V48/><F48/><W29/><G29/><T69/><D69/><U56/><E37/><V89/><F86/><W82/><G82/><AGARI ba="0,0" hai="75,79,82,83,84,88,90,92,96,97,103,105,116,117" machi="82" ten="30,8000,1" yaku="7,1,34,3,54,1" doraHai="66" who="0" fromWho="3" sc="383,80,220,0,195,0,202,-80" owari="463,56.0,220,2.0,195,-20.0,122,-38.0" />
</Scene>
</mjloggm>