<mjloggm ver="2.3"><GO type="169" lobby="0"/><UN n0="%73%68%61%70%65%6C%65%72" n1="%E3%82%A2%E3%83%8B%E3%82%BD%E3%83%B3%E5%A5%BD%E3%81%8D" n2="%E5%A4%AA%E3%81%8F%E3%81%AA%E3%81%84%E3%81%8A" n3="%E4%BF%BA%E3%81%AE%E3%83%84%E3%83%A2%E3%82%92%E8%A6%8B%E3%82%8D" dan="16,16,17,16" rate="2121.92,2005.50,2150.07,2008.24" sx="M,F,M,M"/><TAIKYOKU oya="0"/>

<Scene>
<INIT seed="0,0,0,0,1,110" ten="250,250,250,250" oya="0" hai0="37,21,120,61,91,128,123,85,114,68,36,62,28" hai1="54,19,13,10,9,49,15,134,88,121,56,12,3" hai2="77,107,51,40,90,50,89,73,11,31,41,29,6" hai3="97,132,22,69,108,71,43,52,70,14,122,105,81"/><T60/><D68/><U127/><E121/><V46/><F107/><W66/><G43/><T111/><D28/><U103/><E127/><V102/><F102/><W23/><G122/><N who="0" m="46635" /><D21/><U16/><E3/><V38/><F29/><W83/><G66/><T126/><D91/><U35/><E35/><V93/><F31/><W0/><G0/><T4/><D85/><U104/><E134/><V113/><F113/><W79/><G108/><T65/><D4/><U75/><E75/><V72/><F89/><W118/><G132/><T82/><D82/><U119/><E119/><V106/><F106/><W117/><G52/><T25/><D25/><U78/><E78/><V26/><F26/><W74/><G83/><T33/><D33/><U34/><E34/><V5/><F5/><W32/><G23/><T131/><D111/><U96/><REACH who="1" step="1"/><E88/><REACH who="1" ten="250,240,250,250" step="2"/><V27/><F73/><W130/><G32/><T133/><D133/><U53/><E53/><V112/><F72/><W94/><G118/><T87/><D87/><U64/><E64/><V24/><F77/><W18/><G117/><T42/><D65/><U7/><E7/><V20/><F90/><W100/><G130/><N who="0" m="49707" /><D126/><U101/><E101/><V47/><F6/><W57/><G79/><T116/><D116/><U58/><E58/><V67/><F67/><W76/><G57/><T124/><D124/><U135/><E135/><V48/><F46/><W55/><G55/><T92/><D42/><U39/><E39/><N who="0" m="14921" /><D92/><U109/><E109/><V63/><F40/><W125/><G125/><T99/><D99/><U129/><E129/><V80/><F38/><RYUUKYOKU ba="0,1" sc="250,10,240,10,250,-30,250,10" hai0="60,61,62,114" hai1="9,10,12,13,15,16,19,49,54,56,96,103,104" hai3="14,18,22,69,70,71,74,76,81,94,97,100,105" />
</Scene>
<Scene>
<INIT seed="0,1,1,5,4,95" ten="260,250,220,260" oya="0" hai0="117,22,66,120,71,49,116,118,18,75,12,8,108" hai1="59,114,110,43,60,96,90,121,55,122,79,64,20" hai2="15,53,87,57,25,48,103,5,33,23,123,2,82" hai3="88,68,13,29,28,14,26,98,45,124,47,69,41"/><T97/><D75/><U30/><E110/><V84/><F123/><W72/><G72/><T62/><D120/><U35/><E35/><V128/><F128/><W112/><G112/><T81/><D81/><U126/><E114/><V46/><F2/><W56/><G124/><T38/><D38/><U19/><E126/><V10/><F33/><W70/><G56/><T111/><D49/><U109/><E109/><N who="0" m="42057" /><D8/><U1/><E1/><V132/><F132/><W54/><G54/><T67/><D67/><U93/><E43/><V73/><F103/><W40/><G47/><T27/><D27/><N who="1" m="14751" /><E30/><V92/><F92/><W74/><G74/><T21/><D21/><U51/><E79/><V77/><REACH who="2" step="1"/><F46/><REACH who="2" ten="260,250,210,260" step="2"/><W61/><G45/><T129/><D129/><U135/><E135/><V131/><F131/><W31/><G41/><T99/><AGARI ba="1,2" hai="12,18,22,62,66,71,97,99,116,117,118" m="42057" machi="99" ten="40,12000,1" yaku="14,1,10,1,52,2" doraHai="95" who="0" fromWho="0" sc="260,143,250,-41,210,-41,260,-41" />
</Scene>
<Scene>
<INIT seed="0,2,0,4,2,36" ten="403,209,169,219" oya="0" hai0="74,29,112,39,110,23,56,37,28,122,64,33,38" hai1="100,63,126,30,24,8,83,120,51,7,115,60,57" hai2="42,135,11,71,70,92,13,102,1,59,124,79,113" hai3="91,85,4,32,43,9,69,18,96,130,114,76,119"/><T62/><D74/><U95/><E120/><V93/><F113/><W89/><G69/><T123/><D112/><U25/><E115/><V53/><F1/><W58/><G32/><T131/><D33/><U116/><E116/><V109/><F109/><W117/><G114/><T66/><D66/><U16/><E83/><V41/><F124/><W86/><G18/><T105/><D105/><U35/><E126/><V84/><F135/><W44/><G58/><T19/><D110/><U3/><E51/><N who="2" m="31167" /><F71/><W46/><G130/><T127/><D131/><U12/><E25/><V5/><F70/><W6/><G96/><T48/><D48/><U78/><E78/><V77/><F102/><W47/><G76/><N who="2" m="29257" /><F84/><W106/><G106/><T68/><D68/><U52/><E63/><V111/><F111/><W94/><G119/><T88/><D127/><U20/><E95/><AGARI ba="2,0" hai="5,11,13,41,42,92,93,95" m="29257,31167" machi="95" ten="30,3900,0" yaku="8,1,52,2" doraHai="36" who="2" fromWho="1" sc="403,0,209,-45,169,45,219,0" />
</Scene>
<Scene>
<INIT seed="1,0,0,1,3,134" ten="403,164,214,219" oya="1" hai0="4,3,117,68,46,73,95,66,7,130,16,87,76" hai1="36,105,67,20,94,71,59,10,102,43,1,33,101" hai2="14,21,103,45,47,23,48,40,17,123,49,34,74" hai3="18,82,15,132,107,0,85,19,69,61,51,129,55"/><U116/><E33/><V114/><F34/><W127/><G0/><T56/><D56/><U128/><BYE who="0" /><E71/><UN n0="%73%68%61%70%65%6C%65%72" /><V28/><F123/><W57/><G132/><T133/><D117/><U98/><E116/><V81/><F114/><W42/><G107/><T2/><D73/><U110/><E128/><V108/><F108/><W83/><G129/><T135/><D68/><U86/><E110/><V106/><F106/><W84/><G69/><T97/><D66/><U70/><E70/><V37/><F103/><W121/><G121/><T30/><D30/><U29/><E36/><V79/><F37/><W50/><G61/><T109/><D109/><U88/><E43/><V58/><F58/><W89/><G15/><T93/><D46/><U122/><E122/><V78/><F78/><W60/><G60/><T90/><D76/><U6/><E102/><V64/><F64/><W75/><G75/><T92/><D130/><U32/><E32/><V25/><F47/><W126/><G42/><T52/><D93/><U80/><E105/><V112/><F112/><W118/><G118/><T5/><D3/><U77/><E101/><V11/><REACH who="2" step="1"/><F49/><REACH who="2" ten="403,164,204,219" step="2"/><W131/><G131/><T9/><D133/><U26/><E59/><V41/><F41/><W62/><G51/><T8/><D135/><U65/><AGARI ba="0,1" hai="1,6,10,20,26,29,65,67,77,80,86,88,94,98" machi="65" ten="30,3000,0" yaku="0,1,54,1" doraHai="134" who="1" fromWho="1" sc="403,-10,164,40,204,-10,219,-10" />
</Scene>
<Scene>
<INIT seed="1,1,0,4,4,19" ten="393,204,194,209" oya="1" hai0="113,6,28,81,78,108,21,18,86,80,67,120,61" hai1="20,132,59,10,134,84,123,14,70,87,125,68,53" hai2="92,4,48,27,101,111,22,93,8,7,100,34,105" hai3="116,89,47,102,49,71,76,12,129,50,46,62,106"/><U2/><E123/><V3/><F111/><W57/><G76/><T127/><D108/><U96/><E2/><V43/><F4/><W65/><G116/><T55/><D120/><U122/><E122/><V39/><F39/><W24/><G129/><T95/><D113/><U118/><E118/><V131/><F131/><W90/><G12/><T1/><D28/><U130/><E130/><V79/><F34/><W91/><G106/><T88/><D127/><U73/><E73/><V133/><F133/><N who="1" m="51305" /><E96/><V110/><F110/><W29/><G102/><T124/><D124/><U44/><E44/><V17/><F79/><W5/><G5/><T128/><D128/><U94/><E125/><V66/><F66/><W104/><G104/><T82/><D55/><U109/><E109/><V9/><F9/><W112/><G112/><T58/><D1/><U26/><E94/><V45/><REACH who="2" step="1"/><F100/><REACH who="2" ten="393,204,184,209" step="2"/><W85/><G65/><T63/><D6/><N who="1" m="3415" /><E70/><V25/><F25/><W72/><G24/><N who="0" m="14391" /><D63/><N who="1" m="36335" /><E68/><V37/><F37/><W103/><G71/><T30/><D30/><AGARI ba="1,1" hai="20,26,30,84,87" m="36335,3415,51305" machi="30" ten="30,2900,0" yaku="20,1,52,1" doraHai="19" who="1" fromWho="0" sc="393,-32,204,42,184,0,209,0" />
</Scene>
<Scene>
<INIT seed="1,2,0,1,3,23" ten="361,246,184,209" oya="1" hai0="68,64,124,92,103,126,37,94,53,62,59,93,86" hai1="121,12,58,107,116,87,43,97,88,101,4,30,35" hai2="108,131,83,36,79,82,20,91,45,71,7,28,119" hai3="52,133,106,13,128,18,54,16,65,118,69,24,31"/><U99/><E121/><V109/><F119/><W123/><G118/><T21/><D37/><U70/><E116/><V61/><F131/><W115/><G123/><T3/><D3/><U0/><E0/><V41/><F7/><W40/><G40/><T72/><D72/><U11/><E70/><V95/><F71/><W76/><G115/><T63/><D103/><U29/><E99/><V122/><F61/><W100/><G76/><T81/><REACH who="0" step="1"/><D21/><REACH who="0" ten="351,246,184,209" step="2"/><U15/><E35/><V135/><F122/><W2/><G2/><T112/><D112/><U32/><E32/><V66/><F20/><W50/><G128/><T51/><D51/><U25/><E43/><V60/><F41/><W102/><G50/><T39/><D39/><U96/><E101/><V42/><F42/><W44/><G102/><T89/><AGARI ba="2,1" hai="53,59,62,63,64,68,81,86,89,92,93,94,124,126" machi="89" ten="30,2000,0" yaku="1,1,0,1,53,0" doraHai="23" doraHaiUra="17" who="0" fromWho="0" sc="351,36,246,-12,184,-7,209,-7" />
</Scene>
<Scene>
<INIT seed="2,0,0,5,5,60" ten="387,234,177,202" oya="2" hai0="70,63,21,94,4,5,134,6,35,46,12,13,120" hai1="16,50,29,23,27,121,65,42,19,98,111,57,106" hai2="2,53,128,59,109,96,68,116,64,118,9,41,125" hai3="72,20,119,51,40,115,93,44,66,43,97,31,0"/><V32/><F32/><W37/><G0/><T117/><D35/><U18/><E111/><V100/><F41/><W90/><G119/><T49/><D120/><U3/><E3/><V10/><F109/><W52/><G72/><T17/><D117/><U95/><E106/><V7/><F10/><W14/><G115/><T75/><D75/><U45/><E121/><V33/><F33/><W26/><G37/><T123/><D123/><U131/><E131/><V110/><F110/><W105/><G105/><T73/><D73/><U74/><E74/><V76/><F76/><W56/><G14/><T78/><D78/><U129/><E129/><V133/><F128/><W30/><G30/><T87/><D134/><U84/><E84/><V86/><F86/><W91/><G91/><N who="0" m="53631" /><D70/><U135/><E135/><V58/><F133/><W67/><REACH who="3" step="1"/><G43/><REACH who="3" ten="387,234,177,192" step="2"/><N who="0" m="24799" /><D63/><N who="1" m="38127" /><E29/><V8/><F68/><W15/><G15/><AGARI ba="0,1" hai="4,5,6,12,13,15,17,21" m="24799,53631" machi="15" ten="30,1000,0" yaku="8,1" doraHai="60" who="0" fromWho="3" sc="387,20,234,0,177,0,192,-10" />
</Scene>
<Scene>
<INIT seed="3,0,0,3,4,43" ten="407,234,177,182" oya="3" hai0="56,37,50,18,101,36,42,11,113,102,2,40,81" hai1="52,64,46,103,129,86,131,97,17,119,39,34,12" hai2="107,130,69,109,134,82,45,96,51,75,48,133,7" hai3="126,26,4,100,65,104,105,54,71,14,72,24,25"/><W77/><G126/><T30/><D30/><U47/><E34/><V58/><F69/><W128/><G128/><N who="1" m="49226" /><E64/><V99/><F130/><W32/><G32/><T117/><D117/><U15/><E119/><V94/><F109/><W59/><G65/><T44/><D113/><U110/><E110/><V90/><F7/><W62/><G71/><T31/><D31/><U88/><E39/><V1/><F1/><W132/><G132/><N who="2" m="50793" /><F58/><W23/><G100/><T57/><D2/><U89/><E12/><V114/><F114/><W27/><G77/><T92/><D81/><N who="1" m="49231" /><E89/><V10/><F10/><W84/><G72/><T35/><D35/><U63/><E63/><V80/><F75/><W95/><G95/><T115/><D92/><N who="1" m="58791" /><E52/><N who="2" m="29711" /><F51/><W9/><REACH who="3" step="1"/><G84/><REACH who="3" ten="407,234,177,172" step="2"/><T123/><D101/><AGARI ba="0,1" hai="80,82,90,94,96,99,101,107" m="29711,50793" machi="101" ten="30,3900,0" yaku="20,1,52,1,54,1" doraHai="43" who="2" fromWho="0" sc="407,-39,234,0,177,49,172,0" />
</Scene>
<Scene>
<INIT seed="4,0,0,4,1,125" ten="368,234,226,172" oya="0" hai0="113,74,117,110,5,16,21,51,116,126,134,80,118" hai1="13,68,8,109,1,56,7,53,9,130,14,58,76" hai2="47,12,103,92,87,24,37,62,29,66,59,106,60" hai3="26,94,78,133,114,129,105,124,32,70,72,65,82"/><T121/><D121/><U128/><E68/><V46/><F106/><W34/><G124/><T91/><D126/><U71/><E71/><V50/><F37/><W10/><G114/><T98/><D113/><U27/><E109/><V108/><F108/><W73/><G105/><T41/><D110/><U90/><E76/><V81/><F12/><W97/><G133/><T30/><D30/><U44/><E27/><V0/><F0/><W20/><G10/><T22/><D22/><U6/><E90/><V122/><F122/><W38/><G38/><T15/><D134/><U120/><E120/><V43/><F46/><W35/><G65/><T33/><D33/><U42/><E1/><V75/><F75/><W4/><G4/><T39/><D39/><U67/><E67/><V40/><F62/><W36/><G36/><T100/><D5/><U83/><E83/><V28/><F43/><W135/><G135/><T45/><D91/><U57/><E53/><V102/><F92/><W18/><G70/><T19/><D19/><U55/><E55/><V119/><F119/><W99/><G73/><T63/><D63/><U89/><E89/><V95/><F95/><W64/><G64/><T131/><D131/><N who="1" m="50219" /><E44/><V61/><F61/><W85/><G129/><T101/><REACH who="0" step="1"/><D98/><REACH who="0" ten="358,234,226,172" step="2"/><U93/><E93/><V17/><F29/><W25/><G99/><T86/><D86/><U77/><E77/><AGARI ba="0,1" hai="15,16,21,41,45,51,74,77,80,100,101,116,117,118" machi="77" ten="40,3900,0" yaku="1,1,54,1,53,0" doraHai="125" doraHaiUra="54" who="0" fromWho="1" sc="358,49,234,-39,226,0,172,0" />
</Scene>
<Scene>
<INIT seed="4,1,0,4,4,19" ten="407,195,226,172" oya="0" hai0="82,5,97,64,6,34,101,44,100,47,3,122,45" hai1="36,110,61,86,0,30,18,74,105,96,40,135,90" hai2="88,112,22,114,83,109,56,133,49,38,28,20,128" hai3="121,103,46,32,37,13,29,93,72,31,95,51,120"/><T104/><D34/><U79/><E0/><V123/><F109/><W7/><G37/><T70/><D122/><U42/><E110/><V81/><F38/><W125/><G72/><T73/><D100/><U24/><E36/><V26/><F123/><W84/><G125/><T71/><D3/><U16/><E135/><V50/><F133/><W119/><G119/><T77/><REACH who="0" step="1"/><D64/><REACH who="0" ten="397,195,226,172" step="2"/><U67/><E67/><V63/><F114/><W118/><G121/><T66/><D66/><U124/><E124/><V15/><F112/><W12/><G120/><T134/><D134/><U33/><E105/><V87/><F128/><W65/><G65/><T94/><D94/><U52/><E74/><V62/><F81/><W75/><G32/><T14/><D14/><U2/><E2/><V107/><F107/><W60/><G75/><T108/><D108/><U130/><E130/><V111/><F111/><W25/><G13/><T43/><D43/><U113/><E113/><V68/><F15/><W9/><G118/><T1/><D1/><U89/><E40/><V55/><F83/><W98/><G95/><T106/><D106/><U69/><E42/><V39/><F55/><W76/><G93/><T23/><D23/><U17/><E52/><V21/><F21/><W80/><G103/><T41/><D41/><U132/><E132/><V131/><F22/><W27/><G80/><T10/><D10/><U57/><E33/><V102/><F39/><W35/><G9/><T48/><D48/><U59/><E61/><V116/><F131/><W99/><G60/><T58/><D58/><U4/><E57/><RYUUKYOKU ba="1,1" sc="397,30,195,-10,226,-10,172,-10" hai0="5,6,44,45,47,70,71,73,77,82,97,101,104" />
</Scene>
<Scene>
<INIT seed="4,2,1,4,5,45" ten="427,185,216,162" oya="0" hai0="72,68,112,23,120,131,11,122,47,132,10,24,41" hai1="70,57,14,52,1,108,74,103,71,79,17,106,60" hai2="97,121,94,95,27,36,92,67,127,42,77,4,51" hai3="114,64,101,19,135,82,39,48,118,134,124,80,128"/><T6/><D72/><U44/><E1/><V117/><F121/><W0/><G39/><T49/><D68/><U29/><E108/><V85/><F36/><W12/><G0/><T65/><D65/><U73/><E29/><V88/><F127/><W28/><G28/><T32/><D32/><U89/><E103/><V50/><F117/><W20/><G118/><T99/><D112/><U40/><E106/><V76/><F67/><W83/><G124/><T53/><D132/><N who="3" m="50729" /><G64/><T31/><D131/><U105/><E105/><V129/><F129/><W25/><G128/><T81/><D81/><U16/><E17/><V109/><F109/><W91/><G101/><T116/><D116/><U62/><E79/><N who="2" m="30283" /><F42/><W5/><G114/><T96/><D120/><U90/><E62/><V21/><F4/><W126/><G126/><T111/><D111/><U46/><E71/><V59/><F59/><W54/><G91/><T9/><D122/><U35/><E70/><V102/><F94/><W38/><G38/><T55/><D6/><U133/><E35/><V2/><F2/><W13/><G5/><T43/><D43/><U123/><E123/><V63/><F63/><W125/><G125/><T115/><D115/><U86/><E133/><V93/><F93/><W7/><G7/><T75/><D75/><N who="1" m="28683" /><E40/><V69/><F69/><W15/><G83/><T34/><D34/><U130/><E130/><V110/><F110/><W26/><G82/><T104/><D104/><U61/><E61/><V33/><F33/><W37/><G80/><T56/><D41/><U22/><E86/><V119/><F119/><RYUUKYOKU ba="2,1" sc="427,10,185,10,216,10,162,-30" hai0="9,10,11,23,24,31,47,49,53,55,56,96,99" hai1="14,16,22,44,46,52,57,60,89,90" hai2="21,27,50,51,85,88,92,95,97,102" />
</Scene>
<Scene>
<INIT seed="4,3,1,2,2,53" ten="437,195,226,132" oya="0" hai0="82,130,32,101,121,38,12,35,132,109,117,55,81" hai1="120,1,97,60,10,33,27,28,54,57,124,113,107" hai2="0,91,112,126,135,68,74,43,63,29,16,9,24" hai3="114,4,39,26,86,128,44,7,100,66,131,111,78"/><T62/><D38/><U6/><E120/><V19/><F74/><W20/><G111/><T77/><D121/><U123/><E123/><V94/><F43/><N who="3" m="22655" /><G114/><T98/><D117/><U70/><E124/><V67/><F126/><W116/><G116/><T71/><D109/><U23/><E113/><V46/><F46/><W69/><G100/><T2/><D2/><U79/><E79/><V42/><F42/><W25/><G66/><T93/><D82/><U18/><E70/><V36/><F36/><W119/><G69/><T90/><D132/><U64/><E97/><V17/><F112/><W80/><G119/><T11/><D101/><U118/><E118/><V14/><F0/><W58/><G58/><T106/><D106/><U85/><E85/><V5/><F135/><W105/><G105/><T31/><D31/><U95/><E95/><V72/><F72/><W89/><G78/><T37/><D37/><U52/><REACH who="1" step="1"/><E107/><REACH who="1" ten="437,185,226,132" step="2"/><V134/><F134/><W84/><G84/><T15/><D71/><U65/><E65/><V87/><REACH who="2" step="1"/><F5/><REACH who="2" ten="437,185,216,132" step="2"/><W125/><G7/><T48/><D77/><U92/><E92/><V108/><F108/><W96/><G4/><T76/><D93/><U30/><E30/><V21/><AGARI ba="3,3" hai="9,14,16,17,19,21,24,29,63,67,68,87,91,94" machi="21" ten="20,5200,0" yaku="1,1,0,1,7,1,54,1,53,0" doraHai="53" doraHaiUra="45" who="2" fromWho="2" sc="437,-29,185,-16,216,91,132,-16" />
</Scene>
<Scene>
<INIT seed="5,0,0,3,3,57" ten="408,169,307,116" oya="1" hai0="99,129,12,111,85,97,71,120,64,104,32,100,60" hai1="128,119,52,17,86,61,3,82,42,23,44,16,6" hai2="2,35,74,13,4,107,109,130,84,30,78,110,26" hai3="115,131,123,72,121,103,18,50,47,9,37,63,21"/><U79/><E119/><V8/><F84/><W87/><G72/><T58/><D111/><U125/><E125/><V70/><F130/><W124/><G124/><T25/><D129/><U67/><E128/><V11/><F107/><W49/><G131/><T38/><D38/><U66/><E6/><V27/><F70/><W51/><G103/><T135/><D120/><U43/><E3/><V76/><F76/><W36/><G9/><T126/><D126/><U108/><E108/><V133/><F133/><W10/><G10/><T69/><D135/><U88/><E79/><V89/><F89/><W132/><G132/><T93/><D85/><U0/><E0/><V48/><F48/><W117/><G115/><T7/><D12/><N who="1" m="9607" /><E17/><N who="2" m="8359" /><F78/><W46/><G117/><T53/><D7/><U122/><E122/><V45/><F45/><W41/><G123/><T33/><D25/><U39/><E39/><V59/><F59/><W62/><G121/><T20/><D20/><U114/><E114/><V81/><F81/><W95/><G95/><T113/><D113/><U94/><E82/><V80/><F80/><W134/><G87/><T96/><D71/><U55/><E44/><V73/><F73/><W112/><G134/><T5/><D5/><U54/><E61/><V40/><F74/><W56/><G112/><T102/><D99/><U1/><E1/><V101/><F110/><W92/><G92/><T116/><D116/><U29/><E29/><N who="2" m="19895" /><F109/><W65/><G63/><AGARI ba="0,0" hai="32,33,53,58,60,63,64,69,93,96,97,100,102,104" machi="63" ten="30,3900,0" yaku="7,1,52,2" doraHai="57" who="0" fromWho="3" sc="408,39,169,0,307,0,116,-39" />
</Scene>
<Scene>
<INIT seed="6,0,0,5,1,115" ten="447,169,307,77" oya="2" hai0="4,37,41,49,35,117,58,106,40,12,111,103,69" hai1="25,77,131,19,76,8,3,45,31,116,83,79,99" hai2="52,121,1,18,63,127,59,27,98,0,15,51,43" hai3="21,73,44,101,66,125,34,132,39,67,91,97,30"/><V42/><F121/><W14/><G73/><T65/><D35/><U129/><E45/><V113/><F113/><W7/><G125/><T24/><D69/><U29/><E83/><V126/><F27/><W6/><G132/><T80/><D37/><U60/><E99/><V105/><F105/><W95/><G34/><T36/><D36/><U96/><E96/><V55/><F98/><W104/><G44/><T78/><D111/><U94/><E94/><V56/><F0/><W46/><G46/><T23/><D103/><U120/><E60/><V118/><F1/><W26/><G39/><T81/><D106/><U84/><E84/><V114/><F114/><W92/><G104/><T110/><D110/><U135/><E135/><V86/><F118/><W57/><G14/><T75/><D81/><U90/><E90/><V109/><F109/><W68/><G68/><T124/><D124/><N who="2" m="47658" /><F86/><N who="3" m="52343" /><G66/><T128/><D117/><U70/><E116/><V119/><F119/><W107/><G107/><T123/><D123/><U82/><E82/><V50/><F50/><W100/><G100/><T130/><D49/><U61/><E120/><V28/><F28/><N who="1" m="10825" /><E3/><V72/><F72/><W122/><G122/><T64/><D75/><U22/><E70/><V13/><F13/><W53/><G67/><T5/><D12/><N who="1" m="7559" /><E61/><AGARI ba="0,0" hai="6,7,21,26,30,53,57,61,95,97,101" m="52343" machi="61" ten="30,1000,0" yaku="8,1" doraHai="115" who="3" fromWho="1" sc="447,0,169,-10,307,0,77,10" />
</Scene>
<Scene>
<INIT seed="7,0,0,5,4,60" ten="447,159,307,87" oya="3" hai0="59,134,89,95,77,26,70,83,65,71,103,2,79" hai1="51,9,133,31,8,82,126,13,128,72,56,116,62" hai2="96,74,67,135,12,87,33,106,36,6,49,47,112" hai3="66,102,123,127,46,11,131,97,7,129,69,91,110"/><W54/><G123/><T16/><D2/><U118/><E31/><V5/><F74/><W81/><G110/><T34/><D103/><U32/><E32/><V17/><F36/><W53/><G127/><T124/><D124/><U28/><E28/><V86/><F33/><W88/><G66/><T40/><D40/><U35/><E35/><V90/><F112/><W0/><G69/><T104/><D104/><U122/><E122/><V115/><F135/><W108/><G108/><T27/><D34/><U63/><E126/><V14/><F115/><W80/><G80/><T99/><D134/><U24/><E24/><V107/><F96/><W44/><G44/><T125/><D125/><U93/><E8/><V119/><F119/><N who="1" m="45609" /><E93/><V3/><F3/><W85/><G91/><T76/><D89/><U78/><E133/><V61/><F107/><W98/><G98/><T111/><D59/><U30/><E30/><V50/><F106/><W94/><REACH who="3" step="1"/><G46/><REACH who="3" ten="447,159,307,77" step="2"/><T109/><D83/><U43/><E128/><AGARI ba="0,1" hai="0,7,11,53,54,81,85,88,94,97,102,128,129,131" machi="128" ten="40,12000,1" yaku="1,1,2,1,19,1,54,1,53,0" doraHai="60" doraHaiUra="38" who="3" fromWho="1" sc="447,0,159,-120,307,0,77,130" />
</Scene>
<Scene>
<INIT seed="7,1,0,5,3,121" ten="447,39,307,207" oya="3" hai0="11,106,16,9,111,25,97,38,26,37,103,126,4" hai1="104,49,81,58,0,48,62,75,118,6,129,55,89" hai2="113,114,120,107,117,124,33,28,20,2,128,84,94" hai3="5,135,130,17,44,87,72,13,105,36,60,47,27"/><W65/><G72/><T74/><D111/><U83/><E104/><V122/><F107/><W61/><G105/><T127/><D74/><U10/><E129/><V110/><F128/><W96/><G96/><T52/><D52/><U132/><E118/><V63/><F117/><W78/><G130/><T31/><D16/><U91/><E132/><V34/><F2/><W92/><G135/><T99/><D99/><U51/><E75/><V68/><F124/><N who="0" m="47658" /><D26/><U70/><E70/><V109/><F94/><W66/><G36/><N who="0" m="13931" /><D4/><U119/><E119/><V3/><F84/><W43/><G27/><T54/><D54/><U125/><E125/><V133/><F133/><W32/><G5/><T40/><D40/><U115/><E115/><N who="2" m="44043" /><F3/><W39/><G32/><AGARI ba="1,0" hai="9,11,25,31,32,97,103,106" m="13931,47658" machi="32" ten="30,1000,0" yaku="18,1" doraHai="121" who="0" fromWho="3" sc="447,13,39,0,307,0,207,-13" owari="460,56.0,39,-46.0,307,11.0,194,-21.0" />
</Scene>
</mjloggm>