<mjloggm ver="2.3"><GO type="169" lobby="0"/><UN n0="%E5%A4%AA%E3%81%8F%E3%81%AA%E3%81%84%E3%81%8A" n1="%4B%E3%80%82" n2="%65%72%61%6E%76%69%74%61" n3="%E9%AB%98%E7%94%BA%EF%BC%A0%E3%81%AA%E3%81%AE%E3%81%AF" dan="18,16,16,16" rate="2228.97,2120.19,2118.16,2154.06" sx="M,M,M,F"/><TAIKYOKU oya="0"/>

<Scene>
<INIT seed="0,0,0,2,0,58" ten="250,250,250,250" oya="0" hai0="7,39,65,18,127,45,37,44,63,88,128,29,2" hai1="60,31,111,26,28,6,77,105,96,9,72,22,51" hai2="55,107,76,53,95,4,97,24,0,126,20,86,115" hai3="49,23,93,11,12,99,118,66,17,70,85,92,52"/><T62/><D29/><U10/><E111/><V54/><F115/><W14/><G118/><T120/><D7/><U46/><E72/><V80/><F126/><W98/><G66/><T25/><D2/><U27/><E77/><V94/><F107/><W30/><G70/><T102/><D102/><U59/><E105/><V103/><F0/><W132/><G132/><T89/><D120/><U101/><E101/><V125/><F125/><W71/><G71/><T87/><D127/><U129/><E96/><V41/><F41/><W16/><G30/><T74/><D74/><U83/><E83/><V47/><F4/><W32/><G32/><T130/><D25/><U42/><E129/><N who="0" m="49769" /><D18/><U3/><E3/><V90/><F95/><N who="3" m="36427" /><G85/><T133/><D133/><U116/><E6/><V106/><F47/><AGARI ba="0,0" hai="11,12,14,16,17,23,47,49,52,98,99" m="36427" machi="47" ten="30,3900,0" yaku="8,1,54,2" doraHai="58" who="3" fromWho="2" sc="250,0,250,0,250,-39,250,39" />
</Scene>
<Scene>
<INIT seed="1,0,0,3,2,129" ten="250,250,211,289" oya="1" hai0="77,84,75,106,32,46,19,87,29,121,80,88,53" hai1="94,128,28,109,22,68,23,98,76,30,57,50,65" hai2="79,54,42,126,107,64,117,1,3,93,102,115,34" hai3="18,116,125,17,66,62,69,92,124,21,133,37,122"/><U35/><E128/><V91/><F117/><W25/><G122/><T55/><D121/><U97/><E68/><V120/><F120/><W100/><G37/><T2/><D2/><U95/><E76/><V114/><F34/><W31/><G116/><T52/><D106/><U60/><E109/><V127/><F64/><W82/><G82/><T131/><D131/><U83/><E83/><V101/><F54/><W11/><G11/><T15/><D32/><U36/><E36/><V4/><F42/><W8/><G8/><N who="0" m="6631" /><D75/><U0/><E0/><V27/><F27/><W134/><G92/><N who="1" m="35370" /><E50/><V43/><F4/><W5/><G5/><T105/><D105/><U51/><E51/><V90/><F43/><W59/><G69/><T10/><D10/><U111/><E35/><V96/><F3/><W70/><G70/><T38/><D38/><U72/><E72/><V74/><F1/><W13/><G100/><N who="2" m="38505" /><F107/><W110/><G110/><T81/><D29/><N who="1" m="11371" /><E111/><V118/><F91/><W40/><G40/><T113/><D113/><N who="2" m="43018" /><F118/><W49/><G49/><AGARI ba="0,0" hai="46,49,52,53,55,77,80,81,84,87,88" m="6631" machi="49" ten="30,7700,0" yaku="25,1,8,1,54,2" doraHai="129" who="0" fromWho="3" sc="250,77,250,0,211,0,289,-77" />
</Scene>
<Scene>
<INIT seed="2,0,0,2,2,9" ten="327,250,211,212" oya="2" hai0="80,60,63,66,55,83,108,131,73,18,52,89,116" hai1="3,99,122,59,20,13,103,134,85,90,17,49,10" hai2="88,91,37,12,107,114,22,92,8,117,135,68,48" hai3="2,6,110,43,127,120,41,77,16,64,112,35,128"/><V62/><F107/><W30/><G120/><T54/><D108/><U45/><E134/><V44/><F37/><W101/><G112/><T95/><D131/><U115/><E115/><V11/><F117/><W31/><G110/><T34/><D34/><U61/><E122/><V28/><F114/><W102/><G35/><T105/><D105/><U87/><E3/><V7/><F135/><W39/><G64/><T84/><D116/><U76/><E76/><V86/><F68/><W15/><G128/><T125/><D125/><U0/><E0/><V130/><F62/><N who="0" m="23594" /><D73/><U121/><E121/><V29/><F130/><W75/><G127/><T111/><D66/><U96/><E20/><V79/><F79/><W50/><G39/><T14/><D111/><U119/><E119/><V98/><F22/><AGARI ba="0,0" hai="14,18,22,52,54,55,80,83,84,89,95" m="23594" machi="22" ten="30,3900,0" yaku="8,1,52,1,54,1" doraHai="9" who="0" fromWho="2" sc="327,39,250,0,211,-39,212,0" />
</Scene>
<Scene>
<INIT seed="3,0,0,0,4,14" ten="366,250,172,212" oya="3" hai0="62,104,16,80,13,99,45,36,57,21,35,86,38" hai1="73,82,92,113,52,71,102,75,3,125,135,48,20" hai2="115,127,4,118,81,66,110,77,132,27,44,97,40" hai3="133,106,64,89,39,31,24,17,5,18,122,37,49"/><W117/><G117/><T30/><D35/><U47/><E113/><V58/><F115/><W69/><G122/><T56/><D30/><U88/><E3/><V124/><F118/><W9/><G133/><T103/><D45/><U107/><E135/><V1/><F132/><W32/><G49/><T68/><D68/><U42/><E125/><V61/><F97/><W90/><G106/><T126/><D126/><U119/><E119/><V95/><F95/><W63/><G90/><T111/><D111/><U121/><E121/><V41/><F27/><W8/><G8/><T11/><D11/><U74/><E71/><N who="2" m="42447" /><F41/><W100/><G100/><T128/><D128/><U93/><E20/><V96/><F58/><W85/><G39/><T2/><D2/><U78/><E42/><V109/><F96/><W105/><G105/><T72/><D72/><U130/><E130/><V55/><F55/><W34/><G34/><T65/><REACH who="0" step="1"/><D56/><REACH who="0" ten="356,250,172,212" step="2"/><U84/><REACH who="1" step="1"/><E93/><REACH who="1" ten="356,240,172,212" step="2"/><V123/><F127/><W25/><G37/><T76/><AGARI ba="0,2" hai="13,16,21,36,38,57,62,65,76,80,86,99,103,104" machi="76" ten="20,12000,2" yaku="1,1,2,1,0,1,7,1,52,1,54,1,53,0" doraHai="14" doraHaiUra="46" who="0" fromWho="0" sc="356,140,240,-30,172,-30,212,-60" />
</Scene>
<Scene>
<INIT seed="4,0,0,4,3,35" ten="496,210,142,152" oya="0" hai0="17,48,28,26,83,85,108,2,69,38,66,113,94" hai1="91,54,74,18,33,89,31,29,126,12,65,105,134" hai2="3,20,32,103,50,23,82,53,111,19,40,114,125" hai3="14,76,120,119,81,45,37,56,93,15,7,84,129"/><T61/><D38/><U78/><E105/><V118/><F32/><W4/><G119/><T130/><D113/><U96/><E33/><V39/><F111/><W51/><G129/><T72/><D130/><U80/><E65/><V5/><F114/><W100/><G37/><T24/><D108/><U67/><E67/><V98/><F125/><W6/><G56/><T117/><D117/><U49/><E134/><V36/><F82/><W8/><G15/><T55/><D72/><U92/><E91/><V0/><F5/><W46/><G46/><T127/><D127/><U63/><E63/><V122/><F122/><W131/><G131/><T97/><D17/><U106/><E106/><V44/><F23/><W43/><G120/><T90/><D28/><U27/><E27/><V124/><F124/><W77/><G77/><T70/><D70/><U62/><E62/><V21/><F21/><W101/><G101/><T10/><D10/><U1/><E1/><V41/><F41/><W9/><G9/><T64/><D64/><U42/><E42/><V107/><F118/><W71/><G71/><T135/><D2/><U128/><E128/><V99/><F99/><AGARI ba="0,0" hai="4,6,7,8,14,43,45,51,76,81,84,93,99,100" machi="99" ten="40,5200,0" yaku="25,2,8,1" doraHai="35" who="3" fromWho="2" sc="496,0,210,0,142,-52,152,52" />
</Scene>
<Scene>
<INIT seed="5,0,0,1,2,135" ten="496,210,90,204" oya="1" hai0="108,95,52,119,103,114,8,111,99,37,41,134,25" hai1="130,73,39,49,38,112,63,93,92,107,131,43,132" hai2="62,9,85,70,50,23,89,22,127,115,90,125,105" hai3="15,76,109,67,10,69,24,123,77,56,68,88,36"/><U16/><E107/><V46/><F105/><W42/><G123/><T53/><D119/><U4/><E73/><V72/><F72/><W27/><G109/><T91/><D134/><U116/><E116/><V57/><F70/><W60/><G68/><T18/><D37/><U26/><E4/><V13/><F115/><W20/><G69/><T65/><D65/><U61/><E132/><V47/><F23/><W96/><G42/><T28/><D41/><U3/><E3/><V129/><F22/><W12/><G12/><T110/><D114/><U32/><E112/><V94/><F90/><W102/><G102/><T58/><D8/><U45/><E49/><V78/><F78/><N who="3" m="30315" /><G20/><T80/><D18/><U133/><E133/><V117/><F117/><W54/><G67/><T98/><D58/><U55/><E39/><V31/><F31/><W83/><G36/><T35/><REACH who="0" step="1"/><D80/><REACH who="0" ten="486,210,90,204" step="2"/><U97/><E38/><V81/><F81/><W34/><G83/><T59/><D59/><U101/><E43/><V122/><F122/><W40/><G40/><T79/><D79/><U5/><E16/><N who="2" m="8239" /><F129/><W121/><G10/><T11/><D11/><U87/><E131/><V104/><F50/><W86/><G60/><T1/><D1/><U118/><E130/><V17/><F17/><W7/><G7/><T124/><D124/><N who="2" m="47690" /><F104/><AGARI ba="0,1" hai="25,28,35,52,53,91,95,98,99,103,104,108,110,111" machi="104" ten="40,8000,1" yaku="1,1,54,1,53,2" doraHai="135" doraHaiUra="48" who="0" fromWho="2" sc="486,90,210,0,90,-80,204,0" />
</Scene>
<Scene>
<INIT seed="6,0,0,2,4,75" ten="576,210,10,204" oya="2" hai0="21,39,132,37,36,5,1,58,92,97,111,11,131" hai1="134,108,67,13,47,46,77,107,98,18,22,120,88" hai2="89,30,29,133,68,19,4,26,128,116,27,50,49" hai3="65,121,48,51,44,110,105,101,70,106,45,57,31"/><V93/><F116/><W33/><G121/><T9/><D111/><U8/><E108/><V59/><F68/><W52/><G110/><T81/><D132/><U115/><E115/><V129/><F133/><W64/><G31/><N who="2" m="11785" /><F4/><W16/><G33/><T102/><D131/><N who="2" m="50250" /><F19/><W35/><G35/><T113/><D113/><U69/><E134/><V24/><F59/><W119/><G119/><T87/><D58/><U42/><E69/><V83/><F83/><W56/><G101/><T43/><D21/><U126/><E120/><V14/><F14/><W96/><G70/><T2/><D11/><U82/><E8/><V123/><F123/><W99/><G16/><T34/><D34/><U78/><E82/><V127/><F127/><W91/><G91/><T6/><D6/><U94/><E126/><V80/><F80/><W112/><G112/><T86/><D81/><U130/><E130/><V41/><F41/><W109/><G109/><T114/><D114/><U71/><E42/><V25/><N who="2" m="6144" /><DORA hai="23" /><V104/><F104/><W122/><G122/><T85/><D43/><U100/><E71/><V118/><F118/><W32/><G32/><T0/><AGARI ba="0,0" hai="0,1,2,5,9,36,37,39,85,86,87,92,97,102" machi="0" ten="40,1500,0" yaku="0,1" doraHai="75,23" who="0" fromWho="0" sc="576,15,210,-4,10,-7,204,-4" />
</Scene>
<Scene>
<INIT seed="7,0,0,0,1,21" ten="591,206,3,200" oya="3" hai0="8,16,82,12,19,95,62,133,113,123,88,100,52" hai1="126,76,135,111,106,46,84,78,91,110,119,90,65" hai2="122,49,13,87,130,61,7,77,15,96,69,37,63" hai3="109,86,71,129,33,104,92,132,101,79,98,120,64"/><W47/><G120/><T25/><D123/><U81/><E65/><V38/><F87/><W18/><G109/><N who="1" m="41482" /><E46/><V89/><F89/><N who="1" m="33801" /><E135/><V116/><F96/><W83/><G129/><T9/><D113/><U85/><E126/><V118/><F77/><N who="1" m="29801" /><E119/><V115/><F122/><W35/><G132/><T108/><D100/><U17/><E17/><V103/><F103/><W59/><G71/><T22/><D95/><U97/><E81/><V44/><F130/><W3/><G47/><T66/><D88/><U112/><E112/><V67/><F115/><W93/><G18/><T117/><D9/><U36/><E36/><V74/><F74/><W20/><G20/><T39/><D39/><U11/><E11/><V58/><F7/><W73/><G73/><T54/><D108/><U26/><E26/><V23/><F23/><W57/><G64/><T45/><D117/><U127/><E127/><V24/><F24/><W4/><G35/><T53/><D133/><U0/><E0/><V41/><F15/><W102/><G33/><T34/><D34/><U107/><E97/><V31/><F13/><W43/><G43/><T29/><D45/><U48/><E48/><V6/><F6/><W42/><G42/><T72/><D72/><U121/><E121/><V14/><F14/><W134/><G134/><T2/><D2/><U75/><E75/><V51/><F31/><W80/><G80/><T55/><D19/><U10/><E10/><V124/><F124/><W131/><G131/><T68/><N who="0" m="13824" /><DORA hai="27" /><T5/><D16/><U1/><E1/><V56/><F118/><W125/><G125/><RYUUKYOKU ba="0,0" sc="591,15,206,15,3,-15,200,-15" hai0="5,8,12,22,25,29,62,66,68,82" hai1="84,85,106,107" owari="606,70.0,221,2.0,-12,-51.0,185,-21.0" />
</Scene>
</mjloggm>