<mjloggm ver="2.3"><GO type="169" lobby="0"/><UN n0="%E7%AB%8B%E8%8F%AF%E5%A5%8F" n1="%E5%A4%AA%E3%81%8F%E3%81%AA%E3%81%84%E3%81%8A" n2="%4E%6E%31%33%34" n3="%E3%81%84%E3%81%AA%E3%81%97%E3%82%93%E3%80%82" dan="17,17,16,16" rate="2230.00,2141.51,2119.75,2112.27" sx="F,M,M,F"/><TAIKYOKU oya="0"/>

<Scene>
<INIT seed="0,0,0,4,5,120" ten="250,250,250,250" oya="0" hai0="81,101,113,87,67,8,102,125,34,107,62,42,20" hai1="30,74,122,92,70,6,5,85,90,44,13,12,19" hai2="16,106,78,104,109,83,54,117,127,50,17,66,79" hai3="61,29,2,14,128,76,22,94,97,112,21,124,121"/><T52/><D34/><U45/><E74/><V31/><F127/><W9/><G112/><T0/><D113/><U103/><E122/><V59/><F117/><W96/><G2/><T25/><D125/><U23/><E70/><V111/><F31/><W82/><G128/><T105/><D42/><U114/><E114/><V36/><F36/><W37/><G37/><T39/><D39/><U24/><E103/><V115/><F66/><W131/><G131/><T116/><D116/><U80/><E80/><V91/><F91/><W41/><G41/><T84/><D0/><U53/><E13/><V72/><F79/><W118/><G118/><T65/><D8/><N who="1" m="6535" /><E53/><V110/><F115/><W86/><G124/><T60/><D81/><U48/><E48/><V1/><F1/><W15/><G15/><T73/><D25/><U123/><E123/><V108/><N who="2" m="27648" /><DORA hai="63" /><V46/><REACH who="2" step="1"/><F59/><REACH who="2" ten="250,250,240,250" step="2"/><W26/><G121/><T7/><D67/><U4/><AGARI ba="0,1" hai="4,5,6,23,24,30,44,45,85,90,92" m="6535" machi="4" ten="30,1100,0" yaku="8,1" doraHai="120,63" who="1" fromWho="1" sc="250,-5,250,21,240,-3,250,-3" />
</Scene>
<Scene>
<INIT seed="1,0,0,0,1,122" ten="245,271,237,247" oya="1" hai0="114,18,75,36,20,5,129,133,88,24,130,62,50" hai1="135,78,16,100,35,116,57,58,81,134,43,59,118" hai2="42,119,40,34,14,115,97,51,77,0,56,52,29" hai3="82,60,101,111,61,104,1,9,124,66,105,117,6"/><U2/><E2/><V45/><F0/><W72/><G117/><T131/><D114/><U12/><E35/><V37/><F119/><N who="1" m="45609" /><E100/><V103/><F115/><W95/><G124/><T68/><D36/><U44/><E81/><V79/><F42/><W7/><G7/><T90/><D75/><U65/><E78/><V113/><F113/><W22/><G22/><T120/><D120/><U53/><E65/><V83/><F83/><W80/><G61/><T28/><D5/><U38/><E12/><V85/><F85/><W32/><G32/><T92/><D92/><U67/><E16/><V106/><REACH who="2" step="1"/><F14/><REACH who="2" ten="245,271,227,247" step="2"/><W41/><G82/><T99/><D131/><U39/><E39/><V126/><F126/><W91/><G80/><T21/><D129/><U98/><E98/><V71/><F71/><W93/><G72/><T74/><D74/><U54/><E67/><V107/><F107/><W70/><G105/><T19/><D99/><U102/><E102/><V55/><F55/><AGARI ba="0,1" hai="38,43,44,53,54,55,57,58,59,134,135" m="45609" machi="55" ten="40,3900,0" yaku="34,2" doraHai="122" who="1" fromWho="2" sc="245,0,271,49,227,-39,247,0" />
</Scene>
<Scene>
<INIT seed="1,1,0,5,3,25" ten="245,320,188,247" oya="1" hai0="11,31,64,66,79,29,102,4,53,41,84,134,0" hai1="39,65,127,3,114,36,94,50,83,21,55,124,135" hai2="107,51,8,34,106,24,103,19,48,23,20,112,96" hai3="100,92,46,54,77,70,18,88,80,74,121,37,98"/><U60/><E3/><V130/><F130/><W40/><G121/><T6/><D134/><U2/><E2/><V73/><F73/><W45/><G70/><T82/><D41/><U108/><E94/><V16/><F112/><W129/><G129/><T104/><D4/><U15/><E83/><V133/><F133/><W33/><G33/><T52/><D104/><U118/><E15/><V109/><F109/><W122/><G122/><T5/><D102/><U85/><E85/><V10/><F34/><W27/><G46/><T56/><D5/><U78/><E78/><V117/><F117/><W75/><G54/><T111/><D111/><U61/><E21/><V91/><F91/><W57/><G57/><T63/><REACH who="0" step="1"/><D53/><REACH who="0" ten="235,320,188,247" step="2"/><U97/><E135/><V59/><F107/><W38/><G100/><T49/><D49/><U44/><E108/><V13/><F48/><W28/><G37/><T7/><D7/><U128/><E128/><V120/><F120/><W99/><G38/><T81/><D81/><U30/><E36/><V72/><F106/><W123/><G123/><T69/><D69/><U35/><E39/><V14/><F51/><W131/><G40/><T76/><D76/><U62/><E50/><V68/><F68/><W86/><G131/><T115/><D115/><U12/><E114/><V9/><F103/><W95/><G77/><T32/><D32/><U90/><E35/><V110/><F110/><W125/><G80/><T17/><D17/><U116/><E55/><V58/><F19/><W22/><G18/><T47/><D47/><U43/><E44/><V132/><F132/><RYUUKYOKU ba="1,1" sc="235,30,320,-10,188,-10,247,-10" hai0="0,6,11,29,31,52,56,63,64,66,79,82,84" />
</Scene>
<Scene>
<INIT seed="2,2,1,3,4,32" ten="265,310,178,237" oya="2" hai0="48,80,88,94,70,28,33,23,104,64,2,0,26" hai1="87,73,5,69,40,41,65,125,113,25,1,85,128" hai2="54,58,83,110,102,92,43,118,51,42,81,8,68" hai3="6,109,75,82,37,106,7,60,117,127,96,123,38"/><V22/><F118/><W21/><G123/><T9/><D104/><U124/><E73/><V99/><F110/><W24/><G117/><T72/><D33/><U135/><E113/><V78/><F68/><W12/><G109/><T119/><D119/><U4/><E135/><V103/><F103/><W90/><G127/><N who="1" m="48714" /><E128/><V91/><F8/><W131/><G131/><T49/><D9/><N who="1" m="2191" /><E5/><V15/><F102/><W134/><G134/><T133/><D133/><U11/><E11/><V29/><F83/><W130/><G130/><T44/><D49/><U129/><E129/><V86/><REACH who="2" step="1"/><F29/><REACH who="2" ten="265,310,168,237" step="2"/><W76/><G6/><T105/><D80/><U114/><E69/><V53/><F53/><W47/><G7/><T95/><D70/><U17/><E114/><V122/><F122/><W71/><G71/><T61/><D105/><U20/><E65/><V121/><F121/><W36/><G106/><T3/><D64/><U93/><E93/><V39/><F39/><W14/><G36/><T111/><D95/><U132/><E132/><V89/><F89/><W79/><G37/><T50/><D88/><U77/><E77/><V116/><F116/><W35/><G76/><T10/><D94/><U120/><E120/><V112/><F112/><W45/><G38/><T19/><D111/><U18/><E18/><AGARI ba="2,2" hai="15,18,22,42,43,51,54,58,78,81,86,91,92,99" machi="18" ten="40,3900,0" yaku="1,1,8,1,53,0" doraHai="32" doraHaiUra="126" who="2" fromWho="1" sc="265,0,310,-45,168,65,237,0" />
</Scene>
<Scene>
<INIT seed="2,3,0,5,4,15" ten="265,265,233,237" oya="2" hai0="72,44,66,128,30,86,101,11,48,115,37,122,14" hai1="73,55,35,117,85,12,103,59,81,120,125,34,67" hai2="91,45,131,75,82,56,133,130,29,70,5,111,9" hai3="18,121,10,110,3,23,76,40,94,32,68,63,79"/><V33/><F70/><W87/><G121/><T105/><D115/><U19/><E117/><V83/><F133/><W58/><G68/><T26/><D122/><U60/><E120/><V108/><F56/><W98/><G32/><T43/><D128/><N who="2" m="49194" /><F45/><W65/><G110/><N who="2" m="42025" /><F91/><N who="3" m="55647" /><G3/><T61/><D37/><U124/><E73/><V114/><F114/><W80/><G10/><T89/><D72/><U100/><E67/><V64/><F64/><W38/><G40/><T92/><D101/><U6/><E103/><V0/><F75/><W126/><G38/><T20/><D105/><U16/><E100/><V27/><AGARI ba="3,0" hai="0,5,9,27,29,33,82,83" m="42025,49194" machi="27" ten="40,7800,0" yaku="19,1,14,1,10,1" doraHai="15" who="2" fromWho="2" sc="265,-29,265,-29,233,87,237,-29" />
</Scene>
<Scene>
<INIT seed="2,4,0,4,5,69" ten="236,236,320,208" oya="2" hai0="84,5,110,6,22,10,99,102,75,82,123,13,38" hai1="131,7,58,72,71,89,117,31,77,60,8,57,17" hai2="28,1,2,91,20,87,81,42,115,32,120,50,62" hai3="3,9,95,88,132,12,16,40,54,121,90,51,18"/><V56/><F120/><W68/><G121/><T67/><D123/><U106/><E117/><V34/><F115/><W52/><G132/><T39/><D110/><U134/><E106/><V122/><F122/><W44/><G68/><T73/><D67/><U47/><E31/><V119/><F119/><W126/><G3/><T63/><D63/><U98/><E134/><V129/><F129/><W113/><G113/><T45/><D5/><U114/><E114/><V97/><F97/><N who="3" m="57575" /><G126/><T128/><D128/><U11/><E131/><V80/><F80/><W104/><G104/><T101/><D22/><U30/><E30/><V92/><F81/><W103/><G103/><T124/><D124/><U85/><E72/><V43/><F20/><W112/><G112/><T64/><D64/><U118/><E118/><V46/><F42/><W78/><G78/><T21/><D21/><U55/><E77/><V26/><REACH who="2" step="1"/><F34/><REACH who="2" ten="236,236,310,208" step="2"/><W37/><G37/><T130/><D99/><U36/><E98/><V125/><F125/><W65/><G65/><AGARI ba="4,1" hai="1,2,26,28,32,43,46,50,56,62,65,87,91,92" machi="65" ten="30,2900,0" yaku="1,1,7,1,53,0" doraHai="69" doraHaiUra="74" who="2" fromWho="3" sc="236,0,236,0,310,51,208,-41" />
</Scene>
<Scene>
<INIT seed="2,5,0,4,1,94" ten="236,236,361,167" oya="2" hai0="71,116,42,57,17,105,56,111,26,8,54,13,59" hai1="16,47,62,60,107,4,69,91,53,48,99,18,31" hai2="119,121,49,43,110,115,27,68,34,28,90,44,75" hai3="109,97,38,12,61,37,73,36,130,6,5,79,128"/><V118/><F121/><W93/><G79/><T108/><D71/><U10/><E31/><V35/><F115/><W0/><G73/><T124/><D124/><U129/><E129/><N who="3" m="49770" /><G109/><N who="0" m="42059" /><D116/><U132/><E132/><V58/><F68/><W95/><G0/><T103/><D42/><U39/><E39/><V102/><F110/><W63/><G93/><T22/><D103/><U85/><E107/><V33/><F75/><W84/><G84/><T96/><D105/><U9/><E99/><V120/><F120/><W25/><G25/><T74/><D74/><U113/><E113/><V106/><F90/><N who="3" m="55543" /><G12/><T7/><D96/><U92/><E69/><V50/><F119/><W40/><G40/><T112/><D112/><U83/><E92/><V78/><F78/><W55/><G55/><AGARI ba="5,0" hai="7,8,13,17,22,26,54,55,56,57,59" m="42059" machi="55" ten="30,1000,0" yaku="14,1" doraHai="94" who="0" fromWho="3" sc="236,25,236,0,361,0,167,-25" />
</Scene>
<Scene>
<INIT seed="3,0,0,1,4,34" ten="261,236,361,142" oya="3" hai0="88,18,51,103,135,41,134,106,81,55,42,48,69" hai1="107,44,62,71,105,56,7,117,31,75,64,123,79" hai2="52,5,73,89,9,10,0,126,91,111,97,21,128" hai3="92,40,90,133,45,27,121,113,125,37,85,93,1"/><W118/><G118/><T35/><D35/><U131/><E123/><V46/><F111/><W67/><G121/><T112/><D112/><U74/><E117/><V8/><F73/><W30/><G113/><T49/><D69/><U47/><E131/><V19/><F126/><W61/><G125/><T50/><D103/><U20/><E71/><V53/><F128/><W122/><G122/><T13/><D106/><U76/><E7/><V17/><F17/><W84/><G133/><T102/><D102/><U57/><E20/><V87/><F97/><W58/><G1/><T104/><D104/><U25/><E25/><V82/><F91/><W3/><G3/><T127/><D127/><U129/><E129/><V15/><REACH who="2" step="1"/><F53/><REACH who="2" ten="261,236,351,142" step="2"/><W60/><G60/><T95/><D135/><U33/><E74/><V80/><F80/><W83/><REACH who="3" step="1"/><G84/><REACH who="3" ten="261,236,351,132" step="2"/><T108/><D134/><U43/><E62/><V63/><F63/><W22/><AGARI ba="0,2" hai="22,27,30,37,40,45,58,61,67,83,85,90,92,93" machi="22" ten="20,7800,0" yaku="1,1,2,1,0,1,7,1,53,0" doraHai="34" doraHaiUra="94" who="3" fromWho="3" sc="261,-26,236,-26,351,-26,132,98" />
</Scene>
<Scene>
<INIT seed="3,1,0,5,5,110" ten="235,210,325,230" oya="3" hai0="86,84,93,27,128,108,135,44,23,51,131,63,1" hai1="42,64,104,68,124,18,21,24,57,35,8,70,38" hai2="126,71,75,123,59,0,43,65,125,50,76,117,55" hai3="78,22,5,10,53,37,127,73,34,66,102,109,17"/><W80/><G34/><T13/><D108/><U97/><E124/><N who="2" m="47723" /><F117/><W81/><G109/><T14/><D1/><U98/><E35/><V7/><F123/><W113/><G113/><T39/><D39/><U79/><E79/><V15/><F43/><W112/><G112/><T56/><D135/><U132/><E132/><V25/><F25/><W103/><G127/><T2/><D2/><U122/><E122/><V36/><F36/><W116/><G116/><T89/><D84/><U40/><E8/><N who="2" m="4511" /><F0/><W46/><G66/><T32/><D32/><U4/><E4/><V82/><F65/><W96/><G80/><T101/><D101/><U61/><E42/><V129/><F129/><W60/><G37/><T12/><D63/><U99/><REACH who="1" step="1"/><E104/><REACH who="1" ten="235,200,325,230" step="2"/><V120/><F120/><W26/><G5/><T6/><D6/><U72/><E72/><V130/><F130/><W74/><G10/><T121/><D121/><U111/><E111/><V134/><F134/><W100/><G74/><T106/><D106/><U95/><E95/><V28/><F76/><W33/><G33/><T62/><D131/><U91/><E91/><V54/><F82/><W41/><G41/><T83/><D128/><U52/><E52/><V11/><F11/><W49/><REACH who="3" step="1"/><G60/><REACH who="3" ten="235,200,325,220" step="2"/><T16/><D83/><U118/><E118/><V119/><F75/><W47/><G47/><AGARI ba="1,2" hai="18,21,24,38,40,47,57,61,64,68,70,97,98,99" machi="47" ten="40,2600,0" yaku="1,1,53,1" doraHai="110" doraHaiUra="69" who="1" fromWho="3" sc="235,0,200,49,325,0,220,-29" />
</Scene>
<Scene>
<INIT seed="4,0,0,1,5,94" ten="235,249,325,191" oya="0" hai0="100,80,19,79,128,35,106,124,88,57,96,5,129" hai1="12,110,0,26,117,78,51,39,20,16,105,10,125" hai2="135,62,109,74,131,45,97,41,4,120,73,8,14" hai3="104,37,65,53,116,7,121,60,122,130,6,52,114"/><T54/><D35/><U43/><E117/><V133/><F109/><W70/><G116/><T27/><D5/><N who="3" m="1545" /><G104/><T58/><D124/><U108/><E105/><V38/><F120/><N who="3" m="46187" /><G37/><T21/><D88/><U33/><E39/><V40/><F40/><W36/><G36/><T71/><D71/><U115/><E125/><V34/><F34/><W83/><G114/><T103/><D103/><U87/><E115/><V15/><F15/><W50/><G130/><N who="0" m="50283" /><D54/><N who="3" m="21097" /><G83/><T98/><D98/><U123/><E123/><V28/><F97/><W102/><G50/><T132/><D132/><U107/><E107/><V30/><F131/><W1/><G102/><T13/><D13/><U84/><E51/><V56/><F135/><W32/><G32/><T29/><D29/><U111/><E33/><V81/><F133/><W86/><G86/><AGARI ba="0,0" hai="19,21,27,57,58,79,80,86,96,100,106" m="50283" machi="86" ten="30,2900,0" yaku="19,1,52,1" doraHai="94" who="0" fromWho="3" sc="235,29,249,0,325,0,191,-29" />
</Scene>
<Scene>
<INIT seed="4,1,0,3,4,45" ten="264,249,325,162" oya="0" hai0="31,20,76,50,28,64,107,118,11,8,110,9,91" hai1="74,40,89,84,56,14,54,26,67,29,115,59,69" hai2="88,79,60,2,85,102,42,1,49,32,122,97,65" hai3="44,17,23,41,82,117,61,120,98,134,128,66,132"/><T133/><D118/><U121/><E121/><V83/><F122/><W93/><G117/><T81/><D133/><N who="3" m="51305" /><G120/><T38/><D38/><U78/><E115/><V105/><F32/><W4/><G4/><T43/><D107/><U5/><E40/><V73/><F49/><N who="3" m="26767" /><G82/><T3/><D110/><U123/><E123/><V111/><F42/><W71/><G128/><T7/><D64/><U24/><E74/><V35/><F35/><W86/><G86/><T18/><D91/><U36/><E36/><V108/><F1/><W101/><G23/><T16/><D7/><U6/><E78/><V37/><F2/><W131/><G131/><T21/><D3/><U30/><E69/><V95/><F37/><W87/><G87/><N who="0" m="48551" /><D21/><U100/><E100/><V52/><F52/><W0/><G0/><T135/><D135/><U80/><E54/><V72/><F73/><W39/><G39/><T124/><D124/><U25/><E67/><V116/><F116/><W96/><G96/><T13/><D18/><AGARI ba="1,0" hai="17,18,61,66,71,93,98,101" m="26767,51305" machi="18" ten="30,2000,0" yaku="20,1,52,1" doraHai="45" who="3" fromWho="0" sc="264,-23,249,0,325,0,162,23" />
</Scene>
<Scene>
<INIT seed="5,0,0,1,1,78" ten="241,249,325,185" oya="1" hai0="123,133,74,36,27,128,42,83,33,103,79,1,95" hai1="37,58,12,54,124,134,63,0,96,55,119,72,24" hai2="69,50,120,47,127,91,15,39,44,90,34,35,97" hai3="62,22,41,85,48,43,49,104,10,122,13,56,11"/><U82/><E0/><V9/><F120/><W121/><G104/><T70/><D128/><U130/><E119/><V99/><F69/><W102/><G102/><T135/><D70/><U113/><E37/><V8/><F39/><W76/><G122/><T106/><D123/><U53/><E130/><V18/><F127/><W52/><G121/><T31/><D95/><U114/><E124/><V51/><F15/><W129/><G129/><T23/><D23/><U84/><E72/><V21/><F21/><W28/><G10/><T107/><D1/><U94/><E24/><V17/><AGARI ba="0,0" hai="8,9,17,18,34,35,44,47,50,51,90,91,97,99" machi="17" ten="25,3200,0" yaku="0,1,22,2" doraHai="78" who="2" fromWho="2" sc="241,-8,249,-16,325,32,185,-8" />
</Scene>
<Scene>
<INIT seed="6,0,0,3,5,26" ten="233,233,357,177" oya="2" hai0="5,69,91,82,65,12,18,88,80,118,134,127,94" hai1="27,131,79,0,133,103,71,84,46,58,20,112,59" hai2="85,48,114,30,3,120,78,70,29,7,33,44,50" hai3="125,116,22,19,42,87,55,38,105,47,109,73,43"/><V36/><F70/><W14/><G116/><T31/><D127/><U41/><E71/><V97/><F120/><W11/><G109/><T40/><D134/><U111/><E111/><V119/><F33/><W66/><G73/><T34/><D5/><U72/><E0/><V64/><F64/><W35/><G35/><T129/><D129/><U49/><E72/><V96/><F114/><W16/><G105/><T37/><D118/><U93/><E112/><V128/><F36/><W28/><G125/><T23/><D91/><N who="1" m="53479" /><E133/><V15/><F3/><W39/><G66/><T63/><D40/><U60/><E131/><V8/><F119/><W130/><G130/><T81/><D37/><U121/><E121/><V53/><F50/><N who="3" m="29151" /><G38/><T123/><D123/><U61/><E103/><V4/><F4/><N who="3" m="3431" /><G39/><T83/><D83/><U90/><E90/><V25/><F25/><N who="3" m="16439" /><G87/><T68/><D68/><U102/><E102/><V99/><F128/><W45/><G45/><T104/><D104/><U86/><E58/><V54/><F53/><W100/><G100/><T132/><D132/><U101/><E101/><V124/><F124/><W117/><G117/><T51/><D51/><U52/><E60/><V32/><F32/><W6/><G6/><T106/><D106/><U76/><E86/><V95/><F95/><W115/><G115/><T107/><D107/><U2/><E2/><V57/><F44/><W62/><G62/><T98/><D34/><U13/><E13/><V113/><F113/><W24/><G24/><T74/><D74/><U92/><E92/><V9/><F85/><W77/><G77/><RYUUKYOKU ba="0,0" sc="233,10,233,10,357,-30,177,10" hai0="12,18,23,31,63,65,69,80,81,82,88,94,98" hai1="20,27,41,46,49,52,59,61,76,79" hai3="16,19,42,43" />
</Scene>
<Scene>
<INIT seed="7,1,0,1,0,16" ten="243,243,327,187" oya="3" hai0="51,6,86,73,54,84,96,128,46,20,12,37,66" hai1="58,35,110,24,82,2,80,14,134,26,28,74,95" hai2="109,59,72,49,10,55,106,27,17,98,85,133,105" hai3="120,15,79,118,34,38,92,23,76,32,81,57,56"/><W1/><G120/><T77/><D128/><U36/><E2/><V113/><F72/><W114/><G118/><T48/><D37/><U131/><E110/><V52/><F109/><W119/><G119/><T121/><D121/><U50/><E36/><V62/><F113/><W122/><G122/><T75/><D75/><U111/><E111/><V0/><F98/><W103/><G1/><T67/><D73/><U61/><E131/><V89/><F133/><W11/><G114/><T44/><D96/><U33/><E134/><V8/><F8/><W70/><G70/><T94/><D6/><U21/><E50/><V47/><F27/><W115/><G115/><T108/><D108/><U25/><E74/><V9/><F9/><W60/><G38/><T63/><D77/><N who="3" m="29769" /><G34/><T53/><D94/><U78/><E78/><V112/><F112/><W124/><G32/><T88/><D88/><U19/><E95/><V130/><F130/><W3/><G3/><T117/><D117/><U39/><E39/><V91/><F91/><W97/><G124/><T41/><D41/><U5/><E5/><V129/><F129/><W126/><G126/><T93/><D93/><U7/><E7/><V18/><F0/><W127/><G127/><T29/><D63/><U71/><E71/><V100/><F106/><W13/><G81/><N who="1" m="31338" /><E35/><V116/><F116/><W40/><G40/><T90/><D90/><U43/><E43/><V107/><F107/><W45/><G45/><T83/><D83/><U42/><E42/><V4/><F47/><W132/><G132/><T101/><D46/><U64/><AGARI ba="1,0" hai="14,19,21,24,25,26,28,33,58,61,64" m="31338" machi="64" ten="30,2000,0" yaku="5,1,52,1" doraHai="16" who="1" fromWho="1" sc="243,-6,243,23,327,-6,187,-11" owari="237,-16.0,266,7.0,321,41.0,176,-32.0" />
</Scene>
</mjloggm>