<mjloggm ver="2.3"><GO type="169" lobby="0"/><UN n0="%E5%A4%AA%E3%81%8F%E3%81%AA%E3%81%84%E3%81%8A" n1="%E3%81%BE%E3%81%95%E3%81%A8%E3%81%97" n2="%E9%A7%84%E5%A6%B9" n3="%E5%A4%A7%E8%83%86%E3%81%AB%E3%83%80%E3%82%A4%E3%82%BF" dan="18,17,16,16" rate="2213.84,2116.45,2079.07,2145.27" sx="M,M,F,M"/><TAIKYOKU oya="0"/>

<Scene>
<INIT seed="0,0,0,0,3,80" ten="250,250,250,250" oya="0" hai0="14,106,129,90,111,8,18,87,71,112,36,70,54" hai1="110,93,47,97,76,101,95,34,91,96,78,77,103" hai2="67,73,59,62,64,49,13,84,32,45,0,123,121" hai3="51,20,113,37,115,81,104,68,118,94,105,108,12"/><T42/><D112/><U74/><E34/><V102/><F73/><W52/><G37/><T122/><D122/><U100/><E47/><V5/><F0/><W15/><G118/><T72/><D72/><U127/><E110/><V3/><F3/><W10/><G68/><T26/><D106/><U17/><E17/><V119/><F32/><W75/><G108/><T135/><D111/><U65/><E65/><V63/><F102/><N who="1" m="39529" /><E127/><V21/><F84/><W133/><G133/><T19/><D135/><U109/><E109/><V22/><F119/><W2/><G2/><T43/><D129/><U44/><E44/><V98/><F98/><W39/><G39/><T85/><D36/><U30/><E30/><V40/><F22/><W27/><G104/><T25/><D54/><U92/><E74/><V125/><F125/><W82/><G105/><AGARI ba="0,0" hai="76,77,78,91,92,93,95,96,97,103,105" m="39529" machi="105" ten="30,8000,1" yaku="35,5" doraHai="80" who="1" fromWho="3" sc="250,0,250,80,250,0,250,-80" />
</Scene>
<Scene>
<INIT seed="1,0,0,1,2,82" ten="250,330,250,170" oya="1" hai0="128,108,102,29,114,67,84,106,55,4,133,13,3" hai1="52,2,32,24,121,71,58,57,61,25,127,51,50" hai2="81,126,41,95,60,86,53,26,104,23,15,103,79" hai3="22,70,37,28,116,40,30,122,129,134,43,18,113"/><U75/><E2/><V54/><F126/><W135/><G70/><T63/><D114/><U46/><E121/><V33/><F33/><W9/><G37/><T87/><D3/><U92/><E71/><V83/><F104/><W48/><G113/><T132/><D108/><U14/><E75/><V49/><F15/><W91/><G122/><T98/><D128/><U118/><E118/><V38/><F38/><W88/><G129/><T45/><D29/><N who="3" m="11369" /><G9/><N who="0" m="4263" /><D55/><N who="1" m="30167" /><E32/><V47/><F60/><W130/><G130/><T66/><D45/><U93/><E14/><V59/><F59/><W42/><G116/><T97/><D97/><U19/><E127/><V124/><F83/><W17/><G48/><T109/><D109/><U72/><E72/><V11/><F11/><W31/><N who="3" m="11377" /><W21/><DORA hai="68" /><G134/><N who="0" m="51819" /><D63/><U107/><E107/><V111/><F111/><W6/><G135/><T64/><AGARI ba="0,0" hai="64,66,67,84,87,98,102,106" m="51819,4263" machi="64" ten="30,4000,0" yaku="20,1,52,2" doraHai="82,68" who="0" fromWho="0" sc="250,40,330,-20,250,-10,170,-10" />
</Scene>
<Scene>
<INIT seed="2,0,0,1,4,17" ten="290,310,240,160" oya="2" hai0="12,114,41,31,103,129,64,94,6,91,90,87,46" hai1="21,5,24,123,111,43,127,86,98,56,120,93,67" hai2="11,51,32,49,27,88,20,74,48,82,15,102,85" hai3="99,2,8,3,59,72,73,34,60,119,36,52,38"/><V125/><F32/><W7/><G119/><T16/><D114/><U101/><E111/><V65/><F125/><W45/><G34/><T1/><D129/><U130/><E130/><V95/><F65/><W40/><G38/><T29/><D103/><U84/><E43/><V35/><F35/><W28/><G28/><T58/><D6/><U107/><E5/><N who="2" m="3567" /><F74/><W83/><G3/><T47/><D1/><U100/><E127/><V124/><F124/><W135/><G135/><T104/><D104/><U22/><E22/><V0/><F0/><W57/><G99/><T132/><D132/><U115/><E115/><V108/><F108/><W33/><G33/><T118/><D118/><U105/><E101/><V14/><F14/><W80/><G73/><T13/><D13/><U76/><E76/><V39/><F39/><W30/><G30/><N who="0" m="11275" /><D41/><U61/><E105/><V110/><F110/><W69/><G69/><T109/><D90/><U131/><E131/><V116/><F116/><W23/><G72/><T54/><D64/><U96/><E96/><N who="2" m="59679" /><F27/><W121/><G121/><N who="1" m="46666" /><E107/><V55/><F20/><W78/><G23/><N who="0" m="11655" /><D109/><U53/><E67/><V92/><F55/><W112/><G112/><T81/><D81/><AGARI ba="0,0" hai="48,49,51,81,82,85,88,92" m="59679,3567" machi="81" ten="30,2900,0" yaku="8,1,54,1" doraHai="17" who="2" fromWho="0" sc="290,-29,310,0,240,29,160,0" />
</Scene>
<Scene>
<INIT seed="2,1,0,4,4,58" ten="261,310,269,160" oya="2" hai0="16,89,22,127,108,119,9,69,62,27,116,40,50" hai1="23,92,39,103,81,29,13,105,132,101,68,49,56" hai2="110,104,5,94,135,67,28,18,75,99,10,76,0" hai3="122,120,109,71,87,12,53,123,11,112,64,70,72"/><V34/><F104/><W47/><G72/><T52/><D108/><U60/><E39/><V125/><F110/><W97/><G109/><T54/><D127/><U32/><E132/><V90/><F125/><W117/><G117/><N who="0" m="45131" /><D89/><U100/><E105/><V38/><F38/><W51/><G112/><T31/><D40/><U111/><E111/><V113/><F113/><W1/><G1/><T73/><D73/><U106/><E106/><V121/><F121/><W96/><G87/><T57/><D69/><U107/><E107/><V131/><F135/><W42/><G42/><T6/><D31/><U65/><E32/><V85/><F34/><W25/><G25/><T84/><D84/><U8/><E81/><V44/><F28/><W26/><G26/><T20/><D20/><U78/><E78/><V77/><F44/><W98/><REACH who="3" step="1"/><G64/><REACH who="3" ten="261,310,269,150" step="2"/><N who="0" m="38991" /><D50/><U129/><E49/><V15/><F75/><W3/><G3/><AGARI ba="1,1" hai="3,6,9,16,22,27,52,54" m="38991,45131" machi="3" ten="30,7700,0" yaku="12,1,52,1,54,2" doraHai="58" who="0" fromWho="3" sc="261,90,310,0,269,0,150,-80" />
</Scene>
<Scene>
<INIT seed="3,0,0,5,1,38" ten="351,310,269,70" oya="3" hai0="93,128,14,1,49,111,7,44,98,50,77,110,58" hai1="121,87,47,26,2,80,117,42,18,31,5,21,135" hai2="105,54,106,94,35,113,45,29,8,48,115,90,17" hai3="85,119,129,134,130,84,73,133,64,72,112,65,79"/><W41/><G119/><T46/><D1/><U125/><E117/><V11/><F35/><W76/><REACH who="3" step="1"/><G41/><REACH who="3" ten="351,310,269,60" step="2"/><N who="0" m="24719" /><D111/><U82/><E42/><V27/><F113/><AGARI ba="0,1" hai="64,65,72,73,76,79,84,85,112,113,129,130,133,134" machi="113" ten="25,4800,0" yaku="1,1,22,2,53,0" doraHai="38" doraHaiUra="102" who="3" fromWho="2" sc="351,0,310,0,269,-48,60,58" />
</Scene>
<Scene>
<INIT seed="3,1,0,2,1,7" ten="351,310,221,118" oya="3" hai0="10,73,90,67,39,30,80,123,63,132,16,5,85" hai1="111,66,113,24,117,100,127,23,87,103,125,3,13" hai2="0,88,91,86,12,15,29,9,48,79,109,20,44" hai3="82,115,102,41,52,57,40,126,110,75,6,1,83"/><W71/><G71/><T96/><D123/><U37/><E37/><V78/><F0/><W124/><G115/><T128/><D39/><U118/><E3/><V69/><F69/><W50/><G110/><T74/><D30/><U38/><E38/><V134/><F109/><W70/><G70/><T122/><D122/><U108/><E66/><V51/><F134/><W84/><G75/><T28/><D28/><N who="1" m="17439" /><E87/><V131/><F131/><W129/><G129/><T92/><D128/><U54/><E113/><V107/><F107/><W116/><G116/><N who="1" m="44650" /><E54/><N who="2" m="29959" /><F51/><W33/><G33/><T11/><D132/><U68/><E68/><V93/><F91/><N who="3" m="51607" /><G102/><N who="1" m="38954" /><E13/><V58/><F58/><W99/><G99/><T22/><D74/><U135/><E135/><V104/><F104/><W8/><G83/><T72/><D73/><U42/><E42/><V62/><F62/><W95/><G95/><T35/><D72/><U76/><E76/><V65/><F65/><W32/><G32/><T25/><D35/><U19/><E111/><V34/><F34/><W21/><G21/><T121/><D121/><U18/><E108/><V61/><F61/><W17/><G17/><AGARI ba="1,0" hai="17,18,19,125,127" m="38954,44650,17439" machi="17" ten="30,1000,0" yaku="12,1" doraHai="7" who="1" fromWho="3" sc="351,0,310,13,221,0,118,-13" />
</Scene>
<Scene>
<INIT seed="4,0,0,5,2,38" ten="351,323,221,105" oya="0" hai0="9,75,17,99,66,46,28,105,29,122,22,25,121" hai1="62,78,134,44,104,57,109,67,61,89,98,72,131" hai2="52,132,108,54,81,101,124,102,65,63,80,3,103" hai3="87,48,118,39,21,70,12,97,27,93,0,5,11"/><T10/><D75/><U37/><E109/><V85/><F108/><W127/><G39/><T94/><D105/><U40/><E131/><V60/><F3/><W106/><G118/><T36/><D66/><U47/><E134/><V55/><F132/><W34/><G127/><T32/><D9/><U33/><E33/><V1/><F1/><W126/><G126/><T107/><D107/><U79/><E72/><V88/><F124/><W100/><G70/><T50/><D36/><U23/><E47/><V45/><F45/><W6/><G34/><T2/><D10/><U86/><E23/><V117/><F117/><W71/><G71/><T110/><D2/><U53/><E98/><V24/><F24/><W13/><G6/><T41/><D110/><U7/><E7/><V58/><REACH who="2" step="1"/><F80/><REACH who="2" ten="351,323,211,105" step="2"/><W64/><G0/><T113/><D113/><U42/><E44/><V90/><F90/><W51/><G13/><T4/><D122/><U114/><E89/><V95/><F95/><W91/><REACH who="3" step="1"/><G64/><REACH who="3" ten="351,323,211,95" step="2"/><T20/><D121/><U96/><E67/><V119/><F119/><W92/><G92/><T112/><D94/><U15/><E104/><V125/><F125/><W120/><G120/><T76/><D112/><U129/><E114/><V133/><F133/><W68/><G68/><AGARI ba="0,2" hai="52,54,55,58,60,63,65,68,81,85,88,101,102,103" machi="68" ten="40,5200,0" yaku="1,1,54,2,53,0" doraHai="38" doraHaiUra="30" who="2" fromWho="3" sc="351,0,323,0,211,72,95,-52" />
</Scene>
<Scene>
<INIT seed="5,0,0,4,4,46" ten="351,323,283,43" oya="1" hai0="59,30,99,117,96,3,53,87,101,73,123,116,126" hai1="58,62,121,11,47,127,5,50,67,114,72,51,129" hai2="1,120,89,28,7,108,122,76,74,134,16,57,13" hai3="42,80,18,110,133,33,35,93,55,85,113,9,109"/><U39/><E121/><V92/><F108/><W94/><G113/><T10/><D73/><U84/><E72/><V2/><F28/><W64/><G64/><T29/><D123/><U38/><E114/><V12/><F120/><W86/><G133/><T20/><D126/><U100/><E127/><V78/><F134/><W60/><G42/><T22/><D3/><U25/><E129/><V61/><F7/><W124/><G124/><T40/><D40/><U36/><E100/><V128/><F128/><W31/><G55/><T91/><D10/><U118/><E118/><V107/><F107/><W132/><G132/><T26/><D20/><U21/><E47/><V52/><F12/><W97/><G60/><T43/><D43/><U32/><E32/><V45/><F45/><W77/><G31/><T23/><D23/><U131/><E84/><V71/><F71/><W135/><G135/><T112/><D30/><U15/><REACH who="1" step="1"/><E131/><REACH who="1" ten="351,313,283,43" step="2"/><V17/><F74/><W69/><G33/><T98/><D112/><U49/><E49/><V19/><F122/><W68/><G35/><T66/><D101/><U0/><E0/><V27/><F2/><W111/><G109/><T103/><D103/><U90/><E90/><V82/><F1/><W115/><G115/><T104/><D116/><U37/><N who="1" m="9216" /><DORA hai="81" /><U56/><E56/><V65/><F57/><W125/><G125/><T6/><D117/><U14/><E14/><V95/><F13/><N who="3" m="7471" /><G110/><T8/><D59/><U83/><E83/><V44/><F82/><W63/><G111/><T34/><D34/><U105/><E105/><V102/><F102/><RYUUKYOKU ba="0,1" sc="351,-10,313,30,283,-10,43,-10" hai1="5,11,15,21,25,50,51,58,62,67" />
</Scene>
<Scene>
<INIT seed="5,1,1,3,1,71" ten="341,343,273,33" oya="1" hai0="119,54,9,11,6,36,72,132,53,10,84,135,16" hai1="7,14,111,20,56,91,0,28,34,77,97,124,106" hai2="96,30,87,46,19,69,125,101,78,93,134,66,121" hai3="94,74,4,104,38,24,127,128,120,75,109,61,122"/><U68/><E68/><V49/><F121/><W33/><G4/><T51/><D72/><U67/><E124/><V27/><F125/><W92/><G61/><T114/><D114/><U2/><E111/><V83/><F134/><N who="0" m="51242" /><D119/><U8/><E77/><V95/><F19/><W17/><G17/><T133/><D133/><U58/><E67/><V130/><F130/><W29/><G127/><T37/><D6/><U100/><E91/><V123/><F123/><W35/><G104/><T52/><D51/><U57/><REACH who="1" step="1"/><E20/><REACH who="1" ten="341,333,273,33" step="2"/><N who="2" m="15719" /><F66/><W86/><G109/><T13/><D84/><U50/><E50/><V88/><F69/><W40/><G86/><T107/><D107/><U126/><E126/><V85/><F49/><W12/><G128/><T131/><D131/><U47/><E47/><AGARI ba="1,2" hai="46,47,78,83,85,87,88,93,95,96,101" m="15719" machi="47" ten="30,2000,0" yaku="8,1,54,1" doraHai="71" who="2" fromWho="1" sc="341,0,333,-23,273,43,33,0" />
</Scene>
<Scene>
<INIT seed="6,0,0,0,4,15" ten="341,310,316,33" oya="2" hai0="47,16,126,116,97,94,22,123,63,57,71,32,77" hai1="65,108,92,11,23,45,27,104,120,88,20,87,49" hai2="105,50,124,43,82,24,0,130,55,30,1,135,81" hai3="8,72,109,85,70,128,129,12,100,75,44,2,114"/><V103/><F43/><W42/><G109/><T6/><D123/><U91/><E108/><V10/><F130/><N who="3" m="50283" /><G2/><T67/><D32/><U69/><E104/><V119/><F119/><W90/><G70/><T89/><D116/><U68/><E120/><V101/><F124/><W25/><G100/><T14/><D126/><U122/><E122/><V46/><F135/><W40/><G25/><T54/><D77/><U51/><E11/><V134/><F134/><W60/><G60/><T111/><D111/><U98/><E65/><V76/><F82/><N who="3" m="49463" /><G114/><T58/><REACH who="0" step="1"/><D6/><REACH who="0" ten="331,310,316,33" step="2"/><U64/><E64/><V86/><F105/><W107/><G107/><T115/><D115/><U28/><E23/><V34/><F0/><W117/><G117/><T33/><D33/><U3/><E3/><V132/><F132/><W36/><G42/><T113/><D113/><U7/><E7/><AGARI ba="0,1" hai="7,8,12,36,40,44,72,75" m="49463,50283" machi="7" ten="30,1000,0" yaku="19,1" doraHai="15" who="3" fromWho="1" sc="331,0,310,-10,316,0,33,20" />
</Scene>
<Scene>
<INIT seed="7,0,0,2,1,5" ten="331,300,316,53" oya="3" hai0="96,17,98,75,54,0,120,43,116,8,113,135,38" hai1="112,15,53,52,31,87,61,10,25,126,104,77,95" hai2="125,119,42,83,12,110,105,122,23,22,36,97,128" hai3="115,59,129,49,114,69,107,118,50,32,103,26,80"/><W9/><G118/><T134/><D116/><U60/><E104/><V130/><F110/><W18/><G69/><T11/><D120/><U106/><E106/><V79/><F119/><W56/><G129/><N who="2" m="49769" /><F125/><W89/><G107/><T45/><D75/><U123/><E112/><N who="3" m="43050" /><G103/><T101/><D113/><U30/><E126/><V82/><F82/><W127/><G127/><T131/><D131/><U62/><E123/><V132/><F132/><N who="0" m="50730" /><D101/><U58/><E25/><V1/><F1/><W78/><G89/><T111/><D111/><U40/><E40/><V41/><F122/><W48/><G32/><T57/><D17/><N who="1" m="8439" /><E53/><V93/><F105/><W81/><G81/><T3/><D11/><U33/><E33/><V73/><F36/><W117/><G117/><T4/><D3/><U86/><E77/><V34/><F34/><W55/><G55/><T20/><D20/><N who="2" m="7722" /><F12/><N who="3" m="7439" /><G26/><T76/><D76/><U64/><E64/><V88/><AGARI ba="0,0" hai="41,42,73,79,83,88,93,97" m="7722,49769" machi="88" ten="30,2000,0" yaku="19,1,54,1" doraHai="5" who="2" fromWho="2" sc="331,-5,300,-5,316,20,53,-10" owari="326,13.0,295,-10.0,336,43.0,43,-46.0" />
</Scene>
</mjloggm>