<mjloggm ver="2.3"><GO type="169" lobby="0"/><UN n0="%73%68%6F%6F%74%33%39" n1="%79%6F%6A%6F" n2="%E5%A4%AA%E3%81%8F%E3%81%AA%E3%81%84%E3%81%8A" n3="%63%68%61%72%6C%69%65%37" dan="18,16,17,18" rate="2205.66,2140.19,2156.90,2234.46" sx="M,F,F,M"/><TAIKYOKU oya="0"/>

<Scene>
<INIT seed="0,0,0,2,1,91" ten="250,250,250,250" oya="0" hai0="57,41,82,27,16,111,87,34,99,108,132,22,127" hai1="72,96,80,78,69,64,17,109,53,124,105,73,8" hai2="133,97,84,52,11,38,93,101,66,63,20,46,61" hai3="113,102,24,88,135,32,119,26,49,89,21,15,67"/><T54/><D41/><U40/><E109/><N who="0" m="42057" /><D127/><U120/><E120/><V18/><F133/><W30/><G135/><T128/><D132/><U51/><E40/><V3/><F38/><W58/><G119/><T83/><D128/><U95/><E124/><V130/><F130/><W29/><G113/><T10/><D34/><U5/><E17/><V7/><F84/><W50/><G15/><N who="0" m="7287" /><D87/><U106/><E73/><V98/><F66/><W68/><G68/><T129/><D99/><U76/><E69/><V65/><F65/><W1/><G67/><T45/><D45/><U104/><E64/><V33/><F33/><W125/><G58/><T134/><D129/><U42/><E42/><V122/><F122/><W23/><G1/><T19/><D134/><U9/><E78/><V103/><F46/><W131/><G125/><T107/><D107/><U55/><E55/><V85/><F85/><W118/><G32/><T70/><D70/><U86/><E86/><V12/><REACH who="2" step="1"/><F52/><REACH who="2" ten="250,250,240,250" step="2"/><W14/><G131/><T112/><D112/><U37/><E37/><V90/><F90/><W116/><G102/><T62/><AGARI ba="0,1" hai="19,22,27,54,57,62,82,83" m="7287,42057" machi="62" ten="30,6000,0" yaku="14,1,10,1,54,1" doraHai="91" who="0" fromWho="0" sc="250,70,250,-20,240,-20,250,-20" />
</Scene>
<Scene>
<INIT seed="0,1,0,0,2,98" ten="320,230,220,230" oya="0" hai0="99,63,84,62,133,135,93,9,86,5,65,37,36" hai1="100,117,91,49,33,38,20,78,119,24,50,67,14" hai2="83,132,79,69,43,96,12,17,56,114,116,59,92" hai3="52,124,16,68,73,28,72,19,3,66,129,41,35"/><T134/><D86/><U61/><E38/><N who="0" m="14953" /><D84/><U0/><E0/><V18/><F69/><W87/><G3/><N who="0" m="191" /><D65/><U60/><E33/><V29/><F114/><W31/><G87/><T21/><D21/><U11/><E78/><V26/><F132/><W76/><G35/><T120/><D120/><U2/><E2/><V8/><F116/><W46/><G76/><T122/><D122/><U102/><E20/><V53/><F43/><W22/><G22/><T25/><D25/><U118/><E91/><AGARI ba="1,0" hai="62,63,91,93,99,133,134,135" m="191,14953" machi="91" ten="40,2000,0" yaku="20,1" doraHai="98" who="0" fromWho="1" sc="320,23,230,-23,220,0,230,0" />
</Scene>
<Scene>
<INIT seed="0,2,0,2,4,64" ten="343,207,220,230" oya="0" hai0="1,4,106,26,53,27,59,88,17,115,36,92,119" hai1="30,97,76,78,38,3,41,90,126,19,95,33,110" hai2="51,117,108,128,16,39,118,134,22,112,20,65,28" hai3="80,101,85,9,102,45,67,86,62,61,74,73,107"/><T23/><D119/><N who="2" m="45578" /><F39/><W21/><G9/><T13/><D115/><U111/><E3/><V125/><F51/><W116/><G45/><T70/><D106/><U55/><E126/><V42/><F42/><W0/><G0/><T69/><D36/><U120/><E120/><V96/><F96/><W12/><G116/><T82/><D82/><U34/><E55/><V93/><F93/><W66/><G21/><T46/><D46/><U8/><E41/><V5/><F65/><W58/><G12/><T31/><D4/><U129/><E38/><V89/><F89/><W127/><G127/><T103/><D1/><U11/><E129/><V37/><F37/><W54/><G54/><T83/><D83/><U56/><E56/><V94/><F94/><W6/><G6/><T81/><D81/><U71/><E78/><V18/><F125/><W121/><G121/><T77/><D103/><N who="3" m="39433" /><G107/><T29/><D77/><U130/><E76/><V24/><F5/><W60/><G80/><T72/><D72/><N who="3" m="27753" /><G58/><T14/><D14/><U113/><E95/><V52/><F128/><W15/><G15/><T123/><D123/><U48/><E130/><V50/><F112/><W135/><G135/><T133/><D133/><U75/><E113/><V100/><F134/><W105/><G105/><T47/><D47/><U104/><E104/><V2/><F2/><W114/><G114/><T84/><D27/><U63/><E75/><V79/><F79/><W109/><G86/><T91/><D26/><U124/><E124/><V57/><F24/><W131/><G85/><T99/><D84/><U7/><E7/><RYUUKYOKU ba="2,0" sc="343,0,207,0,220,0,230,0" />
</Scene>
<Scene>
<INIT seed="1,3,0,4,5,22" ten="343,207,220,230" oya="1" hai0="2,91,110,71,93,32,64,89,94,38,128,34,99" hai1="113,8,16,23,103,101,67,21,123,84,69,130,46" hai2="12,77,106,119,87,98,117,31,47,108,42,17,51" hai3="70,25,45,9,100,75,76,15,57,124,62,52,55"/><U114/><E123/><V105/><F108/><W40/><G124/><T96/><D110/><U74/><E74/><V134/><F134/><W30/><G100/><T24/><D2/><U79/><E130/><V26/><F77/><W14/><G70/><T85/><D38/><U18/><E69/><V53/><F87/><W115/><G115/><T66/><D128/><U48/><E67/><V104/><F98/><W97/><G97/><T68/><D85/><U127/><E127/><V92/><F92/><W63/><G75/><T88/><D91/><U28/><E28/><V39/><F12/><W78/><G9/><T10/><D10/><U5/><E5/><V80/><F80/><W109/><G109/><T90/><D90/><U112/><E8/><V56/><REACH who="2" step="1"/><F17/><REACH who="2" ten="343,207,210,230" step="2"/><W29/><G76/><T83/><D83/><N who="1" m="47231" /><E114/><V133/><F133/><W43/><G78/><T20/><D71/><U49/><E113/><V37/><F37/><W50/><G14/><T54/><D68/><U44/><E112/><V120/><F120/><W19/><G19/><N who="1" m="7210" /><E103/><V3/><F3/><W7/><G15/><T132/><D132/><U0/><E101/><V35/><AGARI ba="3,1" hai="26,31,35,39,42,47,51,53,56,104,105,106,117,119" machi="35" ten="30,4000,0" yaku="1,1,0,1,52,1,53,0" doraHai="22" doraHaiUra="58" who="2" fromWho="2" sc="343,-13,207,-23,210,59,230,-13" />
</Scene>
<Scene>
<INIT seed="2,0,0,3,3,94" ten="330,184,269,217" oya="2" hai0="58,91,30,41,101,34,1,5,45,125,14,113,29" hai1="44,19,122,43,87,120,55,37,110,10,135,54,96" hai2="124,85,38,20,35,86,114,123,24,76,115,97,48" hai3="102,40,118,95,9,60,39,88,18,132,13,117,64"/><V50/><F38/><W74/><G132/><T7/><D113/><U2/><E135/><V33/><F123/><W16/><G74/><T56/><D1/><U106/><E110/><V67/><F67/><W119/><G102/><T100/><D34/><U23/><E87/><V98/><F20/><W51/><G39/><T128/><D91/><U90/><E10/><V127/><F24/><W12/><G51/><T89/><D89/><U111/><E2/><V6/><F6/><W59/><G40/><T129/><D45/><U78/><E78/><AGARI ba="0,0" hai="33,35,48,50,76,78,85,86,97,98,114,115,124,127" machi="78" ten="25,9600,0" yaku="22,2,52,2" doraHai="94" who="2" fromWho="1" sc="330,0,184,-96,269,96,217,0" />
</Scene>
<Scene>
<INIT seed="2,1,0,0,4,10" ten="330,88,365,217" oya="2" hai0="22,49,34,132,43,44,77,126,61,95,6,89,47" hai1="28,129,1,53,67,8,27,56,76,55,64,122,15" hai2="93,100,23,78,120,110,41,40,37,128,24,13,102" hai3="84,101,36,113,111,108,20,86,103,14,16,87,57"/><V130/><F120/><W0/><G36/><T117/><D34/><U80/><E122/><V51/><F37/><W133/><G0/><T5/><D117/><U26/><E1/><V12/><F78/><W42/><G42/><N who="2" m="16489" /><F51/><W30/><G133/><T82/><D47/><U38/><E38/><V59/><F59/><W81/><G81/><T88/><D132/><U54/><E129/><N who="2" m="49771" /><F110/><N who="3" m="42027" /><G30/><T62/><D126/><U79/><E56/><V94/><F94/><W106/><G106/><T124/><D124/><U2/><E2/><V90/><F102/><N who="3" m="38923" /><G57/><T99/><D89/><U17/><E76/><V39/><F100/><W112/><AGARI ba="1,0" hai="14,16,20,84,86,87,112,113" m="38923,42027" machi="112" ten="40,5200,0" yaku="14,1,52,1,54,1" doraHai="10" who="3" fromWho="3" sc="330,-14,88,-14,365,-27,217,55" />
</Scene>
<Scene>
<INIT seed="3,0,0,0,4,118" ten="316,74,338,272" oya="3" hai0="127,103,88,40,6,90,55,121,7,101,84,94,41" hai1="14,43,105,2,100,35,109,66,12,125,52,0,69" hai2="28,108,89,21,48,107,32,114,65,18,61,1,126" hai3="80,91,73,27,10,51,60,38,74,19,98,30,31"/><W58/><G38/><T99/><D127/><U20/><E43/><N who="0" m="16457" /><D121/><U39/><E39/><V62/><F114/><W11/><G51/><T37/><D37/><U17/><E125/><V115/><F115/><W110/><G110/><T3/><D3/><U97/><E109/><V75/><F75/><W134/><G134/><T116/><D116/><U33/><E14/><V130/><F107/><W57/><G98/><T13/><D55/><U131/><E131/><V123/><F126/><W85/><G57/><T63/><D63/><U42/><E42/><V71/><F48/><W53/><G31/><T9/><D6/><U95/><E95/><AGARI ba="0,0" hai="7,9,13,84,88,90,94,95,99,101,103" m="16457" machi="95" ten="30,2000,0" yaku="8,1,54,1" doraHai="118" who="0" fromWho="1" sc="316,20,74,-20,338,0,272,0" />
</Scene>
<Scene>
<INIT seed="4,0,0,0,4,0" ten="336,54,338,272" oya="0" hai0="15,39,45,112,106,81,35,129,21,56,72,94,9" hai1="71,130,10,75,99,58,108,76,125,41,8,22,121" hai2="100,31,24,126,2,36,87,34,107,128,111,19,25" hai3="68,127,89,92,12,33,82,103,97,47,52,85,120"/><T88/><D106/><U70/><E121/><V65/><F111/><W46/><G120/><T17/><D35/><U132/><E108/><V124/><F36/><W5/><G33/><T50/><D112/><U110/><E110/><V3/><F87/><W20/><G68/><T116/><D116/><U78/><E75/><V105/><F65/><W104/><G127/><N who="2" m="48681" /><F100/><W133/><G133/><T7/><D129/><U91/><E132/><V67/><F67/><W86/><G86/><T27/><D39/><U114/><E125/><V32/><F128/><W26/><G104/><N who="2" m="40009" /><F19/><N who="3" m="12575" /><G52/><T66/><D72/><U54/><E71/><V74/><F74/><W51/><G51/><T44/><D81/><U6/><E70/><V11/><F11/><AGARI ba="0,0" hai="5,11,12,46,47,82,85,89,92,97,103" m="12575" machi="11" ten="30,2000,0" yaku="8,1,52,1" doraHai="0" who="3" fromWho="2" sc="336,0,54,0,338,-20,272,20" />
</Scene>
<Scene>
<INIT seed="5,0,0,0,1,53" ten="336,54,318,292" oya="1" hai0="41,25,93,20,91,55,124,64,104,6,106,82,118" hai1="54,120,19,123,40,59,47,98,61,108,76,27,86" hai2="28,42,15,2,111,119,39,72,37,11,57,128,46" hai3="45,9,110,60,17,36,117,109,38,34,73,56,78"/><U99/><E108/><V129/><F111/><W90/><G34/><T52/><D118/><U23/><E123/><V127/><F119/><W115/><G117/><T1/><D124/><U14/><E120/><V62/><F72/><W80/><G90/><T89/><D41/><U83/><REACH who="1" step="1"/><E27/><REACH who="1" ten="336,44,318,292" step="2"/><V130/><F127/><W71/><G110/><T74/><D25/><U81/><E81/><V126/><F126/><W122/><G109/><T24/><D82/><U101/><E101/><V132/><F129/><W69/><G122/><T97/><D24/><U58/><E58/><V50/><F130/><W134/><G56/><T125/><D125/><U105/><E105/><V66/><F128/><W22/><G80/><T85/><D106/><U77/><E77/><V100/><F100/><W107/><G78/><T10/><D104/><U12/><E12/><V29/><F2/><W79/><G107/><T18/><D1/><U84/><E84/><V113/><F15/><W0/><G79/><T7/><D85/><U3/><E3/><V33/><F57/><W63/><G0/><T114/><D91/><U4/><E4/><V121/><F121/><W32/><G71/><T88/><D6/><U68/><E68/><V8/><F33/><W35/><G35/><T65/><D7/><U48/><AGARI ba="0,1" hai="14,19,23,40,47,48,54,59,61,76,83,86,98,99" machi="48" ten="20,12000,1" yaku="1,1,0,1,7,1,8,1,52,1,53,0" doraHai="53" doraHaiUra="133" who="1" fromWho="1" sc="336,-40,44,130,318,-40,292,-40" />
</Scene>
<Scene>
<INIT seed="5,1,0,0,5,34" ten="296,174,278,252" oya="1" hai0="76,54,1,3,132,20,9,69,134,100,0,95,5" hai1="127,97,24,122,7,88,78,113,66,45,71,37,59" hai2="11,39,112,123,53,12,73,36,44,116,104,29,99" hai3="30,46,62,119,89,6,25,55,106,38,56,41,48"/><U33/><E122/><V64/><F123/><W42/><G106/><T28/><D69/><U117/><E117/><V18/><F116/><W4/><G119/><T129/><D76/><U35/><E71/><V87/><F73/><W114/><G41/><T102/><D129/><U77/><E7/><V50/><F64/><W19/><G19/><T115/><D115/><U26/><E113/><V121/><F121/><W133/><G133/><N who="0" m="51307" /><D54/><U91/><E35/><V103/><F112/><W80/><G114/><T75/><D75/><U109/><E109/><V93/><F29/><W40/><G40/><T13/><D95/><N who="1" m="56551" /><E33/><V14/><F104/><W16/><G38/><T125/><D125/><U82/><E37/><V120/><F120/><W68/><G68/><T86/><D86/><N who="1" m="50647" /><E127/><V21/><F87/><N who="3" m="50407" /><G30/><T47/><D47/><U105/><E45/><V49/><F49/><W2/><G2/><T60/><D60/><N who="1" m="38175" /><E105/><V96/><F96/><W8/><G4/><AGARI ba="1,0" hai="4,11,12,14,18,21,36,39,44,50,53,93,99,103" machi="4" ten="30,1000,0" yaku="7,1" doraHai="34" who="2" fromWho="3" sc="296,0,174,0,278,13,252,-13" />
</Scene>
<Scene>
<INIT seed="6,0,0,4,3,70" ten="296,174,291,239" oya="2" hai0="117,9,37,23,111,102,15,47,82,81,129,132,32" hai1="5,74,125,134,18,45,78,39,50,34,130,101,89" hai2="6,56,105,75,100,106,66,93,103,99,104,65,16" hai3="88,121,131,40,10,116,79,64,49,95,115,19,57"/><V119/><F119/><W58/><G116/><T110/><D32/><U77/><E34/><V55/><F75/><W80/><G121/><T20/><D102/><U44/><E101/><V128/><F128/><W21/><G131/><T7/><D129/><U107/><E107/><V133/><F6/><W90/><G10/><T114/><D117/><U120/><E130/><V38/><F133/><W67/><G115/><T26/><D114/><U68/><E68/><V41/><F103/><W96/><G90/><T54/><D23/><U109/><E109/><V1/><F1/><W33/><G33/><T127/><D127/><U28/><E28/><V48/><REACH who="2" step="1"/><F16/><REACH who="2" ten="296,174,281,239" step="2"/><W72/><G19/><T71/><D132/><U8/><E18/><V92/><F92/><W12/><G72/><T27/><D7/><U25/><E74/><V3/><F3/><W59/><G95/><T30/><D111/><U14/><E134/><V29/><F29/><W4/><G4/><T85/><D30/><U76/><E5/><V124/><F124/><W97/><G12/><T84/><D15/><U2/><E2/><V126/><F126/><W17/><G17/><T52/><D110/><U36/><E125/><V69/><F69/><W83/><G83/><T112/><D82/><U42/><E14/><V108/><F108/><W91/><G80/><T61/><D81/><U0/><E0/><V11/><F11/><W123/><G123/><T122/><D9/><U31/><E8/><V13/><F13/><W94/><G94/><T46/><D122/><U118/><E120/><V22/><F22/><W62/><G21/><RYUUKYOKU ba="0,1" sc="296,-10,174,-10,281,30,239,-10" hai2="38,41,48,55,56,65,66,93,99,100,104,105,106" />
</Scene>
<Scene>
<INIT seed="6,1,1,0,0,106" ten="286,164,311,229" oya="2" hai0="67,16,11,126,32,20,95,14,47,122,61,34,103" hai1="133,72,7,96,18,38,26,129,97,101,86,91,12" hai2="54,28,37,46,80,30,79,17,81,49,88,73,128" hai3="105,31,24,23,42,112,132,41,29,39,92,130,76"/><V134/><F134/><W87/><G105/><T2/><D122/><U70/><E38/><V53/><F128/><W55/><G130/><T63/><D126/><U83/><E70/><V109/><F109/><W85/><G132/><T74/><D74/><U57/><E133/><V9/><F37/><W125/><G31/><T0/><D47/><U51/><E129/><V124/><F54/><W22/><G22/><T116/><D116/><U135/><E72/><V104/><F104/><W98/><G125/><T123/><D123/><U5/><E135/><V75/><F124/><W108/><G108/><T13/><D103/><U84/><E84/><N who="3" m="32330" /><G39/><T27/><D95/><N who="1" m="58559" /><E96/><V131/><F131/><W33/><G33/><N who="0" m="12907" /><D63/><U19/><E26/><V40/><F40/><N who="3" m="15467" /><G112/><T4/><D61/><U90/><E90/><V1/><F88/><N who="3" m="55559" /><G55/><T59/><D67/><U65/><E65/><V58/><F75/><W82/><G82/><T62/><D62/><U127/><E127/><V100/><F81/><W10/><G10/><N who="0" m="4295" /><D59/><U15/><E7/><AGARI ba="1,1" hai="0,2,7,11,14,16,20,27" m="4295,12907" machi="7" ten="30,12000,2" yaku="35,5,54,1" doraHai="106" who="0" fromWho="1" sc="286,133,164,-123,311,0,229,0" />
</Scene>
<Scene>
<INIT seed="7,0,0,4,3,38" ten="419,41,311,229" oya="3" hai0="1,72,127,45,51,11,86,16,111,19,77,6,79" hai1="122,2,55,124,95,131,57,106,116,64,112,26,117" hai2="90,50,66,43,84,109,126,41,40,132,73,18,32" hai3="78,61,120,13,135,30,5,35,52,39,97,33,21"/><W92/><G120/><T107/><D107/><U7/><E26/><V17/><F109/><W99/><G39/><T3/><D3/><U25/><E25/><V105/><F32/><W81/><G135/><T82/><D111/><U34/><E7/><V87/><F73/><W91/><G99/><T48/><D127/><U53/><E55/><V96/><F126/><W27/><G13/><T31/><D31/><U103/><E53/><V125/><F125/><W115/><G5/><T85/><D51/><U83/><E57/><V74/><F74/><W4/><G4/><T15/><D79/><U44/><E44/><V20/><F132/><W88/><G115/><T76/><D76/><U24/><E24/><V42/><F66/><W102/><G91/><T9/><D19/><N who="2" m="7178" /><F105/><W100/><G33/><T80/><D80/><U133/><E64/><V123/><F20/><W59/><G35/><T47/><D47/><U28/><E28/><V60/><F60/><W8/><G8/><T65/><D65/><U130/><E117/><V134/><F123/><W62/><G62/><T98/><D98/><U70/><E103/><V89/><F134/><W114/><G114/><T119/><D119/><U54/><E54/><AGARI ba="0,0" hai="1,6,9,11,15,16,45,48,54,72,77,82,85,86" machi="54" ten="30,2000,0" yaku="7,1,54,1" doraHai="38" who="0" fromWho="1" sc="419,20,41,-20,311,0,229,0" owari="439,54.0,21,-48.0,311,11.0,229,-17.0" />
</Scene>
</mjloggm>