<mjloggm ver="2.3"><GO type="169" lobby="0"/><UN n0="%72%61%74%74%61%74%74%61" n1="%E5%A4%AA%E3%81%8F%E3%81%AA%E3%81%84%E3%81%8A" n2="%E3%81%BE%E3%81%A4%E3%82%86%E3%81%8D" n3="%E3%82%B5%E3%83%B3%E3%83%9E%E9%81%93%E6%A5%BD%E4%BB%A3%E8%A1%A8" dan="18,17,16,17" rate="2186.72,2165.10,2203.89,2195.56" sx="M,M,M,M"/><TAIKYOKU oya="0"/>

<Scene>
<INIT seed="0,0,0,0,4,123" ten="250,250,250,250" oya="0" hai0="115,1,37,121,49,25,124,40,50,78,103,54,76" hai1="53,58,71,81,64,41,105,65,5,109,14,68,114" hai2="61,19,134,56,101,38,100,21,98,130,93,11,118" hai3="44,48,122,20,120,24,110,52,116,45,34,128,92"/><T85/><D121/><N who="3" m="46697" /><G34/><T127/><D115/><U36/><E105/><V95/><F38/><W35/><G35/><T86/><D1/><U31/><E31/><V88/><F118/><W94/><G128/><T16/><D37/><U7/><E81/><V66/><F130/><W102/><G45/><N who="0" m="25767" /><D103/><U126/><E14/><V55/><F134/><W75/><G75/><T12/><D25/><U80/><E80/><V47/><F11/><W125/><G125/><N who="0" m="48203" /><D78/><U107/><E107/><V9/><F9/><W133/><G133/><T74/><D74/><U97/><E126/><V33/><F33/><W60/><G60/><T113/><D76/><U30/><E30/><V43/><F43/><W111/><G116/><T117/><D113/><U39/><E114/><V15/><F47/><W0/><G0/><T96/><D96/><U84/><E97/><V135/><F135/><W32/><G32/><T23/><D117/><U63/><E41/><V57/><REACH who="2" step="1"/><F95/><REACH who="2" ten="250,250,240,250" step="2"/><N who="3" m="36395" /><G102/><T59/><AGARI ba="0,1" hai="12,16,23,50,54,59,85,86" m="48203,25767" machi="59" ten="30,3000,0" yaku="18,1,54,1" doraHai="123" who="0" fromWho="0" sc="250,40,250,-10,240,-10,250,-10" />
</Scene>
<Scene>
<INIT seed="0,1,0,1,4,72" ten="290,240,230,240" oya="0" hai0="97,45,27,95,66,130,78,100,88,63,77,79,49" hai1="24,112,107,114,115,126,84,80,5,108,10,85,110" hai2="4,20,28,62,113,60,120,21,8,116,14,76,102" hai3="31,67,92,65,16,26,121,81,15,59,123,86,2"/><T124/><D130/><U91/><E107/><V11/><F120/><N who="3" m="46155" /><G59/><N who="0" m="37247" /><D124/><U58/><E126/><V87/><F113/><W111/><G92/><T125/><D125/><U46/><E58/><V133/><F116/><W131/><G2/><T30/><D30/><U57/><E46/><V40/><F133/><W109/><G131/><T93/><D27/><U48/><E24/><V42/><F102/><W74/><G74/><T39/><D39/><U70/><E70/><V25/><F21/><N who="3" m="11423" /><G65/><T18/><D18/><U128/><E128/><V22/><F22/><N who="3" m="15831" /><G67/><T117/><D117/><U127/><E127/><V51/><F11/><W1/><G1/><T135/><D135/><U41/><E85/><V32/><F32/><W68/><G68/><T75/><D75/><U89/><E57/><V69/><F69/><W47/><G47/><T55/><D95/><U17/><E17/><V9/><F9/><W122/><N who="3" m="46163" /><W101/><DORA hai="105" /><G101/><AGARI ba="1,0" hai="45,49,55,77,78,79,88,93,97,100,101" m="37247" machi="101" ten="30,12000,1" yaku="8,1,52,3,54,1" doraHai="72,105" who="0" fromWho="3" sc="290,123,240,0,230,0,240,-123" />
</Scene>
<Scene>
<INIT seed="0,2,0,4,2,40" ten="413,240,230,117" oya="0" hai0="13,56,50,36,94,11,38,35,80,42,45,64,135" hai1="68,46,25,84,77,73,86,74,57,104,88,112,78" hai2="125,24,83,115,113,114,59,21,48,14,111,7,79" hai3="8,9,16,71,47,96,10,1,12,103,6,37,30"/><T69/><D35/><U134/><E68/><V44/><F125/><W85/><G71/><T82/><D135/><U116/><E57/><V55/><F111/><W15/><G30/><T49/><D38/><U91/><E25/><V97/><F97/><W108/><G85/><T32/><D32/><U110/><E104/><V17/><F7/><W23/><G15/><T39/><D39/><U65/><E65/><V70/><F70/><W92/><REACH who="3" step="1"/><G108/><REACH who="3" ten="413,240,230,107" step="2"/><T63/><D69/><U27/><E110/><V122/><F14/><W95/><G95/><T58/><D94/><U109/><E109/><V20/><F122/><W18/><G18/><N who="0" m="8511" /><D36/><U126/><E84/><V31/><F31/><W43/><AGARI ba="2,1" hai="1,6,8,9,10,12,16,23,37,43,47,92,96,103" machi="43" ten="30,7900,0" yaku="1,1,0,1,52,1,54,1,53,0" doraHai="40" doraHaiUra="129" who="3" fromWho="3" sc="413,-41,240,-22,230,-22,107,95" />
</Scene>
<Scene>
<INIT seed="1,0,0,3,0,31" ten="372,218,208,202" oya="1" hai0="109,15,18,94,72,48,120,93,0,16,98,101,49" hai1="67,3,121,8,114,50,66,7,35,103,84,61,17" hai2="100,117,75,65,73,28,46,118,10,102,42,112,6" hai3="44,82,127,131,124,69,95,41,64,74,9,45,47"/><U68/><E114/><V111/><F112/><W22/><G22/><T89/><D0/><U135/><E121/><V99/><F102/><W13/><G95/><T90/><D72/><N who="2" m="27722" /><F65/><W113/><G113/><T119/><D109/><U105/><E135/><V56/><F56/><W130/><G82/><T63/><D119/><U29/><E67/><V20/><F20/><W38/><G74/><T11/><D120/><U97/><E50/><N who="0" m="19561" /><D93/><U91/><E17/><N who="0" m="6761" /><D63/><U27/><E91/><V57/><F28/><W32/><G32/><T96/><D98/><U58/><E58/><V24/><F57/><W83/><G83/><T78/><D78/><U132/><E132/><V108/><F24/><W106/><G106/><T33/><D33/><U23/><E23/><V59/><F59/><W134/><G134/><T37/><D37/><U80/><E80/><V30/><F30/><W128/><G64/><T34/><D34/><U19/><E19/><AGARI ba="0,0" hai="11,15,19,89,90,94,96,101" m="6761,19561" machi="19" ten="30,2000,0" yaku="8,1,54,1" doraHai="31" who="0" fromWho="1" sc="372,20,218,-20,208,0,202,0" />
</Scene>
<Scene>
<INIT seed="2,0,0,3,5,80" ten="392,198,208,202" oya="2" hai0="50,59,73,33,133,5,90,106,112,110,42,49,79" hai1="8,7,95,53,58,14,119,84,69,38,117,105,76" hai2="75,51,72,111,36,85,129,11,97,60,89,128,93" hai3="6,113,23,118,109,124,135,31,99,70,9,20,41"/><V32/><F36/><W126/><G70/><T35/><D106/><U3/><E105/><V10/><F32/><W67/><G67/><T48/><D112/><U2/><E69/><V123/><F11/><W1/><G118/><T68/><D68/><U44/><E2/><V103/><F60/><W4/><G99/><T104/><D104/><U17/><E44/><V77/><F10/><N who="3" m="2319" /><G41/><T52/><D110/><U56/><E38/><V57/><F111/><W47/><G47/><T12/><D133/><U16/><E17/><V102/><F57/><W78/><G78/><T130/><D79/><U115/><E115/><V120/><F51/><W116/><G116/><T22/><D73/><N who="2" m="28234" /><F77/><W26/><G113/><T45/><D49/><U62/><E58/><V39/><F39/><W18/><G135/><T114/><D114/><U121/><E121/><N who="2" m="46667" /><F103/><W54/><G54/><T71/><D71/><U34/><E34/><V65/><F65/><W64/><G64/><T131/><D35/><U27/><E76/><V28/><F28/><W127/><G109/><T83/><D33/><U101/><E101/><V40/><F40/><W86/><G6/><T63/><D50/><U88/><E27/><V46/><F46/><W55/><G55/><T100/><D100/><U66/><E66/><V25/><F25/><N who="3" m="14487" /><G9/><AGARI ba="0,0" hai="3,7,8,9,14,16,53,56,62,84,88,95,117,119" machi="9" ten="30,7700,0" yaku="7,1,52,1,54,2" doraHai="80" who="1" fromWho="3" sc="392,0,198,77,208,0,202,-77" />
</Scene>
<Scene>
<INIT seed="3,0,0,1,5,57" ten="392,275,208,125" oya="3" hai0="120,75,93,55,87,107,31,79,29,59,51,42,46" hai1="117,24,27,6,96,49,21,41,89,110,2,60,76" hai2="108,15,44,9,74,105,47,34,115,111,12,32,28" hai3="0,100,73,53,26,50,45,54,106,92,129,135,58"/><W102/><G73/><T37/><D107/><U132/><E110/><N who="2" m="42027" /><F74/><W84/><G0/><T121/><D75/><U40/><E76/><V128/><F105/><W83/><G129/><T134/><D134/><U99/><E132/><V133/><F133/><W91/><G106/><T25/><D29/><U52/><E117/><V72/><F72/><W119/><G119/><T35/><REACH who="0" step="1"/><D93/><REACH who="0" ten="382,275,208,125" step="2"/><U88/><E99/><V23/><F28/><W86/><G135/><T48/><D48/><U63/><E96/><V36/><F128/><W39/><G26/><T38/><D38/><U66/><E27/><V17/><F36/><W56/><G39/><T1/><D1/><U10/><E41/><V126/><F15/><W71/><G71/><T4/><D4/><U33/><E40/><V22/><F12/><W82/><G45/><T95/><D95/><U98/><E98/><V7/><F47/><W5/><G92/><T78/><D78/><U18/><E33/><V113/><F34/><W118/><G5/><T8/><D8/><U13/><E2/><V127/><F32/><W20/><G20/><T64/><D64/><U123/><E123/><V80/><F44/><W122/><G122/><T131/><D131/><U125/><E66/><V62/><F7/><W124/><G118/><T114/><D114/><U104/><E104/><V70/><F115/><W11/><G11/><T103/><D103/><U130/><E130/><V43/><F9/><W112/><G112/><T85/><D85/><U68/><E10/><V69/><F113/><W19/><G100/><T30/><D30/><U116/><E6/><RYUUKYOKU ba="0,1" sc="382,30,275,-10,208,-10,125,-10" hai0="25,31,35,37,42,46,51,55,59,79,87,120,121" />
</Scene>
<Scene>
<INIT seed="4,1,1,1,5,63" ten="412,265,198,115" oya="0" hai0="2,16,50,56,81,108,53,71,7,20,62,21,28" hai1="85,25,107,126,131,31,52,69,39,105,67,82,123" hai2="120,103,121,117,104,102,15,78,87,58,59,88,130" hai3="46,76,93,36,14,86,66,27,38,65,35,41,122"/><T54/><D108/><U95/><E39/><V0/><F0/><W60/><G122/><N who="2" m="47209" /><F15/><W34/><G38/><T110/><D110/><U114/><E126/><V77/><F58/><W80/><G27/><T11/><D28/><U129/><E114/><V30/><F59/><W8/><G93/><T72/><D71/><U109/><E109/><V44/><F44/><W101/><G101/><N who="2" m="38409" /><F30/><W89/><G76/><N who="2" m="29289" /><F104/><W119/><G119/><T10/><D10/><U5/><E107/><V96/><F117/><W70/><REACH who="3" step="1"/><G66/><REACH who="3" ten="412,265,198,105" step="2"/><T1/><D72/><U90/><E25/><V133/><F133/><W64/><G64/><T97/><D2/><U29/><E105/><V48/><F130/><W75/><G75/><T106/><D81/><U111/><E82/><V79/><F79/><W18/><AGARI ba="1,2" hai="8,14,18,34,35,36,41,46,60,65,70,80,86,89" machi="18" ten="20,8000,1" yaku="1,1,0,1,7,1,52,1,53,1" doraHai="63" doraHaiUra="12" who="3" fromWho="3" sc="412,-41,265,-21,198,-21,105,103" />
</Scene>
<Scene>
<INIT seed="5,0,0,3,2,72" ten="371,244,177,208" oya="1" hai0="83,4,60,106,73,80,63,7,68,89,12,17,27" hai1="75,101,13,98,20,115,71,28,88,43,1,24,128" hai2="51,52,41,59,112,35,94,18,129,45,55,54,31" hai3="48,77,131,100,69,127,97,38,113,74,118,102,135"/><U61/><E1/><V23/><F129/><W124/><G38/><T47/><D106/><U132/><E75/><V119/><F119/><W114/><G69/><T99/><D68/><U86/><E128/><V44/><F112/><N who="3" m="43115" /><G131/><T104/><D104/><U110/><E115/><V6/><F35/><W50/><G50/><T85/><D27/><U81/><E132/><V91/><F31/><W53/><G53/><T33/><D33/><U10/><E110/><V14/><F6/><N who="0" m="2090" /><D73/><U21/><E43/><V39/><REACH who="2" step="1"/><F45/><REACH who="2" ten="371,244,167,208" step="2"/><W111/><G118/><T26/><D47/><U108/><E108/><V67/><F67/><W95/><G111/><T19/><D19/><U126/><E126/><V3/><F3/><W57/><G135/><T64/><D17/><U116/><E116/><V121/><F121/><W117/><G117/><T25/><D64/><U30/><E30/><V120/><F120/><W58/><G127/><T84/><D26/><U46/><E46/><V37/><F37/><W42/><G124/><T0/><D25/><U32/><E32/><V66/><F66/><W8/><G57/><T76/><D0/><U22/><E71/><V2/><F2/><W109/><G58/><T9/><D12/><U34/><E34/><V107/><F107/><W11/><G109/><T92/><D9/><U130/><E130/><V134/><F134/><W79/><G11/><T16/><D16/><N who="1" m="8247" /><E28/><V90/><F90/><AGARI ba="0,1" hai="60,63,76,80,83,84,85,89,90,92,99" m="2090" machi="90" ten="30,2000,0" yaku="8,1,52,1" doraHai="72" who="0" fromWho="2" sc="371,30,244,0,167,-20,208,0" />
</Scene>
<Scene>
<INIT seed="6,0,0,5,3,129" ten="401,244,147,208" oya="2" hai0="65,98,24,118,64,39,76,92,85,2,57,32,116" hai1="1,101,59,97,7,89,124,46,43,75,58,10,8" hai2="66,107,78,13,9,35,12,30,119,133,55,87,91" hai3="23,70,69,49,123,110,114,126,111,82,33,106,0"/><V50/><F119/><W17/><G33/><T28/><D39/><U83/><E8/><V112/><F107/><W20/><G0/><T134/><D2/><U62/><E124/><V88/><F66/><W67/><G123/><T103/><D134/><U52/><E59/><V109/><F109/><W16/><G106/><T81/><D57/><U104/><E89/><N who="2" m="34379" /><F35/><W95/><G95/><T40/><D40/><U74/><REACH who="1" step="1"/><E83/><REACH who="1" ten="401,234,147,208" step="2"/><N who="2" m="47607" /><F133/><W19/><G82/><T132/><D132/><U37/><AGARI ba="0,1" hai="1,7,10,37,43,46,52,58,62,74,75,97,101,104" machi="37" ten="20,5200,0" yaku="1,1,0,1,7,1,54,1,53,0" doraHai="129" doraHaiUra="115" who="1" fromWho="1" sc="401,-13,234,62,147,-26,208,-13" />
</Scene>
<Scene>
<INIT seed="7,0,0,3,4,58" ten="388,296,121,195" oya="3" hai0="23,69,37,117,20,63,70,47,83,108,51,65,67" hai1="113,33,127,9,82,19,84,40,76,96,110,105,122" hai2="30,41,32,91,80,8,81,61,50,92,11,114,135" hai3="3,53,4,7,36,101,102,89,62,95,130,6,115"/><W46/><G130/><T93/><D108/><U66/><E33/><V35/><F135/><W13/><G115/><T74/><D37/><U60/><E110/><V134/><F134/><W109/><G3/><T39/><D39/><U131/><E122/><V98/><F114/><W103/><G36/><T29/><D29/><U106/><E113/><V97/><F35/><W75/><G75/><T73/><D93/><U86/><E40/><V64/><F32/><W126/><G126/><T49/><D63/><U54/><E131/><V26/><F98/><W129/><G129/><T132/><D47/><U15/><E127/><V55/><F41/><W27/><G27/><T38/><D38/><U48/><E96/><V44/><F26/><W111/><G13/><T124/><D83/><U2/><E86/><V14/><F30/><W118/><G118/><T72/><D72/><U57/><REACH who="1" step="1"/><E2/><REACH who="1" ten="388,286,121,195" step="2"/><V88/><F91/><W100/><G111/><T22/><D124/><U107/><E107/><V34/><F34/><W99/><G109/><T31/><D132/><U78/><E78/><V12/><F8/><W120/><G120/><T45/><D74/><U56/><AGARI ba="0,1" hai="9,15,19,48,54,56,57,60,66,76,82,84,105,106" machi="56" ten="20,5200,0" yaku="1,1,0,1,7,1,52,1,53,0" doraHai="58" doraHaiUra="133" who="1" fromWho="1" sc="388,-13,286,62,121,-13,195,-26" owari="375,47.0,348,15.0,108,-39.0,169,-23.0" />
</Scene>
</mjloggm>