<mjloggm ver="2.3"><GO type="169" lobby="0"/><UN n0="%E3%83%86%E3%83%AC%E3%83%93%E3%81%A3%E5%AD%90" n1="%E5%A4%AA%E3%81%8F%E3%81%AA%E3%81%84%E3%81%8A" n2="%66%75%6B%75%30%32" n3="%E3%82%BF%E3%82%B1%E3%82%BF%E3%82%B1%E3%82%BF%E3%82%B1" dan="17,18,16,16" rate="2170.03,2183.96,2134.26,2088.47" sx="M,M,M,M"/><TAIKYOKU oya="0"/>

<Scene>
<INIT seed="0,0,0,2,0,39" ten="250,250,250,250" oya="0" hai0="114,4,98,17,100,90,102,72,135,133,51,58,76" hai1="18,37,70,54,103,85,67,36,79,95,108,115,109" hai2="55,11,126,28,47,10,60,74,83,24,16,134,53" hai3="33,20,132,88,6,32,0,75,111,128,46,122,2"/><T43/><D4/><U124/><E124/><V127/><F134/><N who="0" m="51210" /><D114/><U52/><E115/><V81/><F60/><W131/><G75/><T40/><D17/><U118/><E118/><V120/><F120/><W112/><G6/><T117/><D117/><U63/><E18/><V66/><F66/><W80/><G2/><T97/><D90/><N who="1" m="53711" /><E103/><N who="0" m="39465" /><D76/><U91/><E79/><V101/><F101/><W34/><G0/><T69/><D72/><U125/><E125/><V26/><F74/><W94/><G128/><T68/><D51/><U87/><E36/><V44/><REACH who="2" step="1"/><F16/><REACH who="2" ten="250,250,240,250" step="2"/><W14/><G132/><T62/><D69/><U56/><E70/><V113/><F113/><W48/><G112/><T49/><D68/><U3/><E67/><V35/><F35/><W29/><G33/><T12/><D12/><U78/><E3/><V129/><F129/><W7/><G34/><T121/><D121/><U119/><E119/><V27/><F27/><W41/><G32/><T64/><D49/><U71/><E71/><V82/><F82/><W42/><G80/><T106/><D106/><U84/><E37/><V22/><F22/><W9/><G122/><T65/><D65/><U13/><E13/><V25/><F25/><N who="3" m="16551" /><G131/><T99/><AGARI ba="0,1" hai="40,43,58,62,64,97,98,99" m="39465,51210" machi="99" ten="40,7800,0" yaku="20,1,52,2" doraHai="39" who="0" fromWho="0" sc="250,88,250,-26,240,-26,250,-26" />
</Scene>
<Scene>
<INIT seed="0,1,0,1,1,29" ten="338,224,214,224" oya="0" hai0="119,74,24,126,15,27,73,85,63,53,31,113,123" hai1="98,106,3,22,69,105,92,135,34,86,16,121,52" hai2="100,28,13,1,46,48,107,5,26,66,96,70,75" hai3="118,59,128,60,11,65,78,99,120,45,81,49,44"/><T50/><D126/><U122/><E69/><V114/><F75/><W12/><G118/><T55/><D123/><U72/><E72/><V108/><F1/><W117/><G117/><T14/><D119/><U111/><E3/><V37/><F37/><W54/><G128/><T41/><D113/><U10/><E10/><V2/><F2/><W132/><G132/><T38/><D38/><U127/><E135/><V101/><F114/><W110/><G110/><T61/><D85/><U90/><E111/><V112/><F108/><W21/><G21/><T19/><D41/><U62/><E127/><V36/><F36/><W130/><G99/><T39/><D39/><U79/><E34/><V131/><F112/><W4/><G130/><T134/><D31/><U47/><E79/><V76/><F76/><W71/><REACH who="3" step="1"/><G120/><REACH who="3" ten="338,224,214,214" step="2"/><T35/><D134/><U91/><E122/><V89/><F131/><W116/><G116/><T125/><D125/><U57/><E121/><V95/><F96/><W124/><G124/><T82/><D35/><U115/><E115/><V42/><F107/><W18/><G18/><T94/><D19/><U103/><E47/><V93/><F46/><W25/><G25/><T23/><D23/><U64/><E106/><V30/><F26/><W0/><G0/><T51/><D27/><N who="1" m="14791" /><E105/><V83/><F30/><W17/><G17/><T33/><D24/><U129/><E129/><V102/><F28/><W8/><G8/><T9/><D9/><U67/><E103/><V56/><F102/><W80/><G80/><AGARI ba="1,1" hai="52,57,62,64,67,80,86,90,91,92,98" m="14791" machi="80" ten="30,7700,0" yaku="25,1,8,1,54,2" doraHai="29" who="1" fromWho="3" sc="338,0,224,90,214,0,214,-80" />
</Scene>
<Scene>
<INIT seed="1,0,0,3,0,6" ten="338,314,214,134" oya="1" hai0="9,19,33,57,5,86,69,116,66,71,130,10,4" hai1="75,115,18,107,123,38,132,52,7,108,135,105,26" hai2="68,80,72,24,96,1,25,83,89,77,3,85,134" hai3="45,87,56,44,106,28,0,27,100,101,84,125,14"/><U90/><E123/><V82/><F68/><W91/><G0/><T133/><D33/><U64/><E115/><V20/><F134/><N who="1" m="51241" /><E38/><V48/><F25/><W81/><G125/><T8/><D116/><U102/><E75/><V49/><F82/><W15/><G106/><T39/><D39/><U65/><E7/><V50/><REACH who="2" step="1"/><F96/><REACH who="2" ten="338,314,204,134" step="2"/><W92/><G27/><T61/><D133/><U47/><E108/><V93/><F93/><W97/><G97/><T121/><D121/><U63/><E105/><V67/><F67/><W70/><G70/><T131/><D71/><U40/><E107/><V79/><F79/><W78/><G28/><AGARI ba="0,1" hai="1,3,20,24,28,48,49,50,72,77,80,83,85,89" machi="28" ten="40,1300,0" yaku="1,1,53,0" doraHai="6" doraHaiUra="113" who="2" fromWho="3" sc="338,0,314,0,204,23,134,-13" />
</Scene>
<Scene>
<INIT seed="2,0,0,2,1,131" ten="338,314,227,121" oya="2" hai0="91,111,16,56,27,72,17,9,30,73,108,113,12" hai1="104,21,50,76,109,0,99,68,14,121,106,63,37" hai2="98,78,40,89,39,90,41,42,4,112,123,94,75" hai3="120,118,114,74,105,13,102,35,38,96,45,133,125"/><V53/><F123/><W83/><RYUUKYOKU type="yao9" ba="0,0" sc="338,0,314,0,227,0,121,0" hai3="13,35,38,45,74,83,96,102,105,114,118,120,125,133" />
</Scene>
<Scene>
<INIT seed="2,1,0,2,5,94" ten="338,314,227,121" oya="2" hai0="41,36,6,21,37,56,42,84,18,27,109,117,86" hai1="98,11,58,92,127,64,71,28,25,100,44,121,60" hai2="102,7,96,115,95,53,81,23,15,106,119,14,110" hai3="107,76,99,72,45,5,112,74,0,122,69,34,57"/><V2/><F119/><W19/><G122/><T78/><D109/><U88/><E121/><V75/><F115/><W66/><G57/><T3/><D117/><U4/><E127/><V103/><F110/><W128/><G19/><T134/><D134/><U35/><E44/><V113/><F113/><W70/><G112/><T129/><D129/><U123/><E123/><V24/><F2/><W132/><G128/><T20/><D6/><U59/><REACH who="1" step="1"/><E100/><REACH who="1" ten="338,304,227,121" step="2"/><V62/><F103/><N who="3" m="62975" /><G132/><T130/><D130/><U77/><E77/><V73/><F102/><W48/><G45/><T8/><D78/><U1/><AGARI ba="1,1" hai="1,4,11,25,28,35,58,59,60,64,71,88,92,98" machi="1" ten="20,8000,1" yaku="1,1,0,1,7,1,52,1,54,1,53,0" doraHai="94" doraHaiUra="13" who="1" fromWho="1" sc="338,-21,304,93,227,-41,121,-21" />
</Scene>
<Scene>
<INIT seed="3,0,0,3,3,134" ten="317,397,186,100" oya="3" hai0="90,39,22,40,12,93,58,63,55,114,129,91,115" hai1="131,1,51,99,68,3,50,124,81,43,6,60,121" hai2="30,125,41,34,109,7,86,132,133,119,107,94,47" hai3="46,110,126,20,118,28,21,5,44,128,38,116,15"/><W73/><G73/><T4/><D129/><U37/><E121/><V101/><F107/><W0/><G128/><T100/><D39/><U49/><E131/><V87/><F119/><W120/><G120/><T14/><D40/><U42/><E99/><N who="2" m="59639" /><F7/><W33/><G38/><T32/><D32/><U18/><E18/><V17/><F17/><W117/><G110/><T77/><D77/><U82/><E6/><V123/><F123/><W70/><G70/><T23/><D100/><U31/><E31/><V64/><F64/><W9/><G46/><T127/><D93/><U25/><E25/><N who="2" m="18767" /><F109/><W83/><G44/><T48/><D4/><U113/><E113/><V76/><F76/><W65/><G65/><T72/><D72/><U108/><E108/><V13/><F13/><W54/><G54/><T35/><D55/><U106/><E106/><V96/><F96/><W103/><G103/><T104/><D104/><U59/><E68/><V75/><F75/><W52/><G52/><T88/><D12/><U105/><E105/><V66/><F66/><W97/><G97/><T135/><D14/><U61/><E59/><V122/><F122/><W78/><G78/><T79/><D79/><U8/><E8/><V2/><F2/><W45/><G45/><T89/><D114/><U98/><E98/><V36/><F125/><W16/><G83/><T29/><D127/><U84/><E124/><V85/><F133/><W11/><G126/><T92/><D135/><U27/><E37/><V57/><F132/><W95/><G95/><T24/><N who="0" m="22528" /><DORA hai="74" /><T112/><D92/><U19/><E81/><RYUUKYOKU ba="0,0" sc="317,-15,397,-15,186,15,100,15" hai2="36,41,47,57,85,86,87" hai3="0,5,9,11,15,16,20,21,28,33,116,117,118" />
</Scene>
<Scene>
<INIT seed="3,1,0,1,5,66" ten="302,382,201,115" oya="3" hai0="68,92,46,123,97,5,72,56,93,61,110,116,70" hai1="28,8,62,112,26,69,24,106,78,16,89,2,65" hai2="10,83,107,53,20,90,60,96,17,87,133,113,103" hai3="71,47,1,111,91,120,95,125,49,118,29,6,0"/><W126/><G118/><T44/><D72/><U18/><E112/><V45/><F113/><W73/><G73/><T86/><D123/><U48/><E106/><V75/><F133/><W128/><G120/><T129/><D116/><U117/><E117/><V134/><F134/><W119/><G119/><T35/><D35/><U37/><E37/><V99/><F75/><W13/><G29/><T131/><D5/><U33/><E78/><V88/><F10/><N who="3" m="4311" /><G71/><N who="0" m="27179" /><D86/><U50/><E89/><V135/><F90/><W39/><G39/><T101/><D93/><U12/><REACH who="1" step="1"/><E2/><REACH who="1" ten="302,372,201,115" step="2"/><V64/><F107/><W41/><G1/><T108/><D46/><U52/><E52/><V3/><F53/><W59/><G0/><T22/><D44/><U4/><E4/><V9/><F45/><W121/><G121/><T127/><D127/><U19/><E19/><V76/><F3/><W7/><G7/><T21/><D129/><U124/><E124/><V98/><F76/><W85/><G128/><T54/><D131/><U14/><E14/><V40/><F17/><W55/><G126/><T104/><D104/><U23/><AGARI ba="1,1" hai="8,12,16,18,23,24,26,28,33,48,50,62,65,69" machi="23" ten="30,12000,2" yaku="1,1,0,1,52,1,54,1,53,2" doraHai="66" doraHaiUra="15" who="1" fromWho="1" sc="302,-31,372,133,201,-31,115,-61" />
</Scene>
<Scene>
<INIT seed="4,0,0,1,0,27" ten="271,505,170,54" oya="0" hai0="8,38,102,40,89,46,122,113,98,127,60,79,5" hai1="93,1,116,52,84,31,81,125,10,85,76,132,86" hai2="62,114,135,112,24,118,51,109,96,21,128,33,44" hai3="101,70,37,6,42,4,0,65,91,121,124,3,36"/><T78/><D127/><U80/><E116/><V97/><F109/><W110/><G110/><T57/><D122/><U94/><E125/><V55/><F33/><W30/><G124/><T16/><D89/><U92/><E132/><V20/><F135/><W115/><G115/><N who="2" m="44073" /><F118/><W50/><G50/><T95/><D113/><U64/><E64/><V49/><F128/><W35/><G35/><T66/><REACH who="0" step="1"/><D16/><REACH who="0" ten="261,505,170,54" step="2"/><U26/><E76/><V117/><F117/><W129/><G121/><T99/><D99/><U48/><E10/><V59/><F97/><W32/><G91/><T87/><D87/><U107/><E84/><V120/><F96/><W67/><G129/><T126/><D126/><U133/><E86/><V83/><F120/><W73/><G4/><T2/><AGARI ba="0,1" hai="2,5,8,38,40,46,57,60,66,78,79,95,98,102" machi="2" ten="20,3900,0" yaku="1,1,0,1,7,1,53,0" doraHai="27" doraHaiUra="23" who="0" fromWho="0" sc="261,49,505,-13,170,-13,54,-13" />
</Scene>
<Scene>
<INIT seed="4,1,0,2,0,102" ten="310,492,157,41" oya="0" hai0="58,89,131,51,24,1,95,35,98,96,72,73,16" hai1="30,19,126,55,80,103,41,15,81,90,39,91,82" hai2="57,100,108,18,122,93,105,85,128,21,74,61,120" hai3="42,47,132,101,83,114,32,84,75,8,92,44,52"/><T23/><D1/><U40/><E126/><V104/><F74/><W62/><G32/><T78/><D35/><U0/><E0/><V48/><F108/><W53/><G114/><T119/><D131/><U71/><E71/><V31/><F128/><W130/><G75/><T86/><D119/><U28/><E103/><V118/><F118/><W87/><G132/><T56/><D73/><U38/><E55/><V4/><F4/><W5/><G130/><T133/><D133/><U88/><E39/><V25/><F48/><W117/><G117/><T33/><D33/><U34/><E38/><V110/><F110/><W10/><G62/><T109/><D109/><U6/><E6/><V22/><F122/><W20/><G20/><T69/><D69/><U64/><E64/><N who="2" m="38959" /><F85/><W17/><G17/><T129/><D129/><U36/><E36/><V97/><F120/><W45/><G42/><N who="1" m="16490" /><E34/><V43/><F43/><W12/><G8/><AGARI ba="1,0" hai="8,15,19,28,30,80,81,82,88,90,91" m="16490" machi="8" ten="30,2000,0" yaku="8,1,54,1" doraHai="102" who="1" fromWho="3" sc="310,0,492,23,157,0,41,-23" />
</Scene>
<Scene>
<INIT seed="5,0,0,3,0,99" ten="310,515,157,18" oya="1" hai0="25,109,96,5,130,33,68,27,123,18,42,83,54" hai1="91,49,56,110,103,26,67,122,32,132,57,92,70" hai2="24,30,115,23,93,69,84,52,107,105,86,71,90" hai3="19,53,89,28,10,101,98,1,80,106,73,100,40"/><U126/><E122/><V78/><F115/><W55/><G28/><T38/><D68/><U45/><E126/><V11/><F11/><W8/><G40/><T72/><D5/><U120/><E120/><V74/><F74/><W37/><G37/><T85/><D72/><U127/><E127/><V108/><F108/><W77/><G89/><T36/><D33/><U34/><E110/><V97/><F71/><W66/><G66/><T2/><D2/><U12/><E132/><V63/><F69/><W87/><G87/><T6/><D6/><U21/><E12/><V114/><F114/><W65/><G65/><T3/><D3/><U117/><E117/><V75/><F75/><W119/><G119/><T43/><D96/><N who="1" m="59783" /><E70/><V29/><F29/><W82/><G82/><T81/><D85/><U20/><E34/><V7/><F7/><W41/><G41/><T17/><D54/><U76/><E76/><V16/><F86/><W58/><G1/><T31/><D123/><U44/><E21/><V124/><F30/><W50/><G19/><T133/><D31/><U47/><E32/><V9/><F9/><W116/><G116/><T118/><D118/><U4/><E4/><V46/><F124/><W131/><G131/><T112/><D112/><U111/><E111/><V94/><F78/><W60/><REACH who="3" step="1"/><G101/><REACH who="3" ten="310,515,157,8" step="2"/><T135/><D109/><U113/><E113/><V95/><F84/><W79/><G79/><T51/><D130/><U88/><E67/><V15/><F90/><W22/><G22/><T121/><D121/><U104/><E91/><V61/><F23/><W102/><G102/><RYUUKYOKU ba="0,1" sc="310,15,515,-15,157,-15,8,15" hai0="17,18,25,27,36,38,42,43,51,81,83,133,135" hai3="8,10,50,53,55,58,60,73,77,80,98,100,106" />
</Scene>
<Scene>
<INIT seed="6,1,1,2,5,81" ten="325,500,142,23" oya="2" hai0="69,28,52,116,64,54,129,15,61,108,135,27,73" hai1="132,43,113,24,92,0,115,76,99,40,63,80,95" hai2="93,29,51,2,103,75,38,49,82,107,4,60,112" hai3="121,120,21,104,5,122,90,77,119,98,102,25,111"/><V106/><F38/><W36/><G36/><T26/><D73/><U67/><E0/><V31/><F112/><N who="1" m="43081" /><E24/><V44/><F51/><W55/><G111/><T18/><D129/><U33/><E33/><V97/><F4/><W8/><G119/><T34/><D135/><U105/><E105/><V19/><F2/><W32/><G32/><T11/><D108/><U22/><E22/><V13/><F60/><W101/><G101/><T96/><D116/><U114/><E95/><V59/><F59/><W57/><G77/><T46/><D46/><U100/><E132/><V125/><F125/><W12/><G90/><T84/><D84/><N who="1" m="48135" /><E114/><V42/><F107/><W124/><G124/><T14/><D27/><U1/><E1/><V65/><F106/><W133/><G133/><T79/><D79/><U87/><E87/><V39/><F75/><W9/><G9/><T58/><D96/><U70/><AGARI ba="1,1" hai="40,43,63,67,70,92,99,100" m="48135,43081" machi="70" ten="30,2000,0" yaku="15,1,52,1" doraHai="81" who="1" fromWho="1" sc="325,-6,500,33,142,-11,23,-6" />
</Scene>
<Scene>
<INIT seed="7,0,0,5,5,88" ten="319,533,131,17" oya="3" hai0="106,108,134,98,47,130,82,77,72,96,29,0,9" hai1="7,67,97,19,63,120,12,6,122,16,78,124,18" hai2="128,117,91,71,14,42,126,127,123,115,95,40,3" hai3="59,2,21,44,73,26,129,25,121,5,89,111,94"/><W112/><G121/><T45/><D130/><U80/><E124/><N who="2" m="47659" /><F3/><W86/><G112/><T54/><D134/><U107/><E107/><V90/><F117/><W118/><G118/><T79/><D108/><U8/><E97/><V11/><F115/><W20/><G73/><T119/><D119/><U27/><E7/><V83/><F128/><W1/><G111/><T131/><D79/><U13/><E13/><V125/><F71/><W48/><G59/><T43/><D29/><U39/><E27/><V15/><F15/><W56/><G56/><T62/><D131/><U109/><E39/><V75/><F123/><W37/><G37/><T70/><D106/><U28/><E28/><V46/><F46/><W84/><G129/><T4/><D47/><U30/><E80/><V34/><F34/><W51/><G5/><T93/><D54/><U23/><E63/><V113/><F113/><W85/><G2/><T132/><D132/><U60/><E78/><N who="2" m="44511" /><F125/><W92/><G1/><T104/><D104/><U105/><E67/><V17/><F91/><N who="3" m="53351" /><G86/><AGARI ba="0,0" hai="11,14,17,40,42,86,90,95" m="44511,47659" machi="86" ten="30,2000,0" yaku="18,1,52,1" doraHai="88" who="2" fromWho="3" sc="319,0,533,0,131,20,17,-20" owari="319,12.0,533,63.0,151,-25.0,-3,-50.0" />
</Scene>
</mjloggm>