<mjloggm ver="2.3"><GO type="169" lobby="0"/><UN n0="%53%48%49%53%55%4B%45" n1="%E8%B5%A4%E3%81%84%E6%80%AA%E7%8D%A3" n2="%E5%A4%AA%E3%81%8F%E3%81%AA%E3%81%84%E3%81%8A" n3="%E3%83%97%E3%83%AD%E3%83%86%E3%82%A4%E3%83%B3%E5%BE%97%E7%9B%9B" dan="17,16,18,17" rate="2087.74,2049.00,2232.68,2122.38" sx="M,F,M,M"/><TAIKYOKU oya="0"/>

<Scene>
<INIT seed="0,0,0,3,4,2" ten="250,250,250,250" oya="0" hai0="11,20,87,121,108,120,27,47,5,59,69,127,65" hai1="76,45,116,125,85,53,50,94,73,39,34,89,43" hai2="135,103,42,101,64,17,88,38,122,107,30,1,123" hai3="93,25,109,23,4,77,48,55,31,35,129,82,105"/><T26/><D69/><U96/><E116/><V104/><F1/><W124/><G105/><T52/><D65/><U66/><E34/><V83/><F30/><W22/><G109/><T33/><D33/><U95/><E125/><V81/><F64/><W133/><G124/><T13/><D127/><U118/><E118/><V16/><F42/><W131/><G133/><T74/><D74/><U44/><E66/><V49/><F49/><W7/><G93/><T60/><D108/><U57/><E73/><V92/><F92/><W71/><G71/><T67/><D27/><U61/><E76/><V113/><F38/><W98/><G98/><T112/><D112/><U86/><E95/><V119/><F119/><W72/><G23/><T115/><D115/><U19/><E19/><V21/><F21/><W70/><G70/><T126/><D126/><U91/><E91/><V54/><F88/><W18/><G131/><T40/><D87/><U100/><E89/><V8/><F8/><W41/><G41/><T14/><D67/><U130/><E130/><V68/><F68/><W36/><G36/><T46/><D14/><U62/><E39/><V51/><F113/><W110/><G110/><T0/><D13/><U6/><E6/><V28/><F28/><W79/><G79/><T24/><D40/><N who="1" m="24839" /><E62/><V29/><F29/><W97/><G129/><T80/><D80/><U12/><E12/><V10/><F83/><W128/><G128/><T15/><D0/><U78/><E78/><V56/><F81/><W111/><G111/><T3/><D3/><U114/><E114/><V32/><F32/><RYUUKYOKU ba="0,0" sc="250,-10,250,30,250,-10,250,-10" hai1="43,45,53,57,61,85,86,94,96,100" />
</Scene>
<Scene>
<INIT seed="1,1,0,2,5,64" ten="240,280,240,240" oya="1" hai0="81,88,122,21,111,93,0,63,82,102,12,47,66" hai1="41,54,16,11,124,9,103,105,40,5,1,84,91" hai2="78,44,65,69,10,4,134,98,45,15,68,30,90" hai3="112,24,60,43,55,8,118,130,32,113,120,106,95"/><U83/><E124/><V18/><F134/><W6/><G106/><T48/><D0/><U80/><E103/><V29/><F78/><W56/><G120/><T77/><D102/><U59/><E105/><V101/><F90/><W53/><G43/><T108/><D122/><U86/><E11/><V121/><F121/><W74/><G74/><T87/><D21/><U58/><E16/><V28/><F4/><W22/><G32/><T71/><D12/><U7/><E7/><V39/><F65/><W115/><G130/><T99/><REACH who="0" step="1"/><D82/><REACH who="0" ten="230,280,240,240" step="2"/><U135/><E135/><V51/><F39/><W70/><G22/><T123/><D123/><U38/><E38/><V34/><F34/><W25/><G115/><T131/><D131/><U85/><E80/><V2/><F2/><W114/><G114/><T127/><D127/><U36/><E36/><V20/><F20/><W49/><G113/><T42/><AGARI ba="1,1" hai="42,47,48,63,66,71,77,81,87,88,93,99,108,111" machi="42" ten="30,7900,0" yaku="1,1,0,1,52,1,54,1,53,0" doraHai="64" doraHaiUra="119" who="0" fromWho="0" sc="230,92,280,-40,240,-21,240,-21" />
</Scene>
<Scene>
<INIT seed="2,0,0,5,0,48" ten="322,240,219,219" oya="2" hai0="51,80,33,82,15,121,29,59,91,4,116,75,6" hai1="20,13,52,105,120,47,95,10,44,27,22,19,49" hai2="11,114,45,103,26,31,36,85,94,110,12,90,131" hai3="92,122,77,88,65,73,134,79,46,55,40,117,62"/><V42/><F131/><W0/><G122/><T50/><D121/><U32/><E105/><V60/><F110/><W93/><G0/><T17/><D116/><U16/><E120/><V132/><F132/><W38/><G134/><T30/><D33/><U61/><E32/><V109/><F109/><W8/><G8/><T41/><D75/><U112/><E112/><V7/><F114/><W9/><G9/><T111/><D111/><U63/><E95/><V89/><F103/><W58/><G93/><T68/><D68/><U5/><E47/><V71/><F89/><W72/><G117/><T101/><D101/><U133/><E133/><V69/><REACH who="2" step="1"/><F60/><REACH who="2" ten="322,240,209,219" step="2"/><W66/><G79/><T35/><D6/><U21/><REACH who="1" step="1"/><E21/><AGARI ba="0,1" hai="7,11,12,21,26,31,36,42,45,69,71,85,90,94" machi="21" ten="30,5800,0" yaku="1,1,2,1,7,1,53,0" doraHai="48" doraHaiUra="74" who="2" fromWho="1" sc="322,0,240,-58,209,68,219,0" />
</Scene>
<Scene>
<INIT seed="2,1,0,3,5,68" ten="322,182,277,219" oya="2" hai0="119,90,97,28,91,5,10,98,105,18,74,81,12" hai1="113,135,2,88,62,14,37,45,95,48,59,67,39" hai2="35,94,31,114,123,20,41,118,30,4,82,126,117" hai3="66,63,16,96,21,134,0,86,93,52,54,38,13"/><V32/><F82/><W15/><G0/><T129/><D119/><N who="2" m="45578" /><F94/><W75/><G75/><T108/><D108/><U79/><E2/><V6/><F41/><W57/><G134/><T131/><D28/><N who="2" m="10794" /><F114/><W1/><G1/><T111/><D111/><U55/><E113/><V24/><F123/><W100/><G38/><T125/><D105/><U110/><E110/><V50/><F50/><W132/><G132/><T46/><D74/><U17/><E79/><V36/><F36/><W47/><G47/><T33/><D33/><N who="2" m="12874" /><F126/><W83/><G13/><T49/><D125/><U22/><E135/><V23/><F24/><W43/><G43/><T103/><D81/><U99/><AGARI ba="1,0" hai="14,17,22,37,39,45,48,55,59,62,67,88,95,99" machi="99" ten="20,8000,1" yaku="0,1,7,1,52,2,54,1" doraHai="68" who="1" fromWho="1" sc="322,-21,182,83,277,-41,219,-21" />
</Scene>
<Scene>
<INIT seed="3,0,0,2,0,72" ten="301,265,236,198" oya="3" hai0="102,115,22,66,6,117,34,21,25,104,100,7,50" hai1="28,37,16,31,0,132,75,92,105,107,60,108,69" hai2="64,57,35,63,17,43,36,55,27,56,120,8,125" hai3="47,95,44,90,49,80,32,11,40,68,5,135,123"/><W99/><G135/><T77/><D117/><U14/><E0/><V1/><F125/><W101/><G123/><T26/><D34/><U51/><E37/><V98/><F120/><W97/><G32/><T30/><D115/><U12/><E75/><V87/><F36/><W118/><G118/><T110/><D110/><U39/><E39/><V4/><F43/><W109/><G109/><T42/><D66/><U84/><E108/><V41/><F41/><W112/><G112/><T131/><D131/><U71/><E12/><V45/><F98/><W67/><G68/><T61/><D61/><U74/><E74/><V124/><F124/><W126/><G67/><T52/><D42/><U81/><E92/><V65/><F45/><N who="3" m="25767" /><G126/><T9/><D104/><U119/><E119/><V91/><F56/><W13/><G99/><T83/><D100/><U116/><E116/><V48/><F63/><W111/><G111/><T133/><D102/><U78/><E132/><V79/><F35/><W93/><G93/><T59/><D9/><U94/><E94/><V113/><F113/><W88/><G101/><T18/><D133/><U46/><E71/><V96/><F96/><W29/><G29/><N who="1" m="11338" /><E69/><V134/><F134/><W3/><G3/><T86/><AGARI ba="0,0" hai="6,7,18,21,22,25,26,30,50,52,59,77,83,86" machi="86" ten="20,8000,1" yaku="0,1,7,1,8,1,52,1,54,1" doraHai="72" who="0" fromWho="0" sc="301,80,265,-20,236,-20,198,-40" />
</Scene>
<Scene>
<INIT seed="4,0,0,1,3,71" ten="381,245,216,158" oya="0" hai0="125,63,95,52,42,73,37,106,1,135,84,8,108" hai1="66,21,41,81,70,115,47,100,68,67,109,58,76" hai2="118,18,110,130,4,134,32,93,46,133,127,119,5" hai3="97,57,92,17,107,14,102,9,34,132,98,56,40"/><T50/><D73/><U103/><E109/><V6/><F93/><W48/><G34/><T2/><D106/><U19/><E115/><V3/><F46/><W62/><G132/><N who="2" m="50793" /><F110/><W111/><G111/><T38/><D108/><U0/><E70/><V69/><F69/><W89/><G40/><T94/><D42/><U116/><E68/><V16/><F127/><W86/><G48/><T78/><D135/><U39/><E0/><V20/><F32/><W49/><G49/><T91/><D78/><U12/><E116/><N who="2" m="44587" /><F130/><W64/><G57/><T114/><D114/><U99/><E58/><V35/><F35/><W83/><REACH who="3" step="1"/><G98/><REACH who="3" ten="381,245,216,148" step="2"/><T28/><D125/><U26/><E99/><V120/><F120/><W80/><AGARI ba="0,1" hai="9,14,17,56,62,64,80,83,86,89,92,97,102,107" machi="80" ten="30,7900,0" yaku="1,1,2,1,0,1,53,1" doraHai="71" doraHaiUra="55" who="3" fromWho="3" sc="381,-39,245,-20,216,-20,148,89" />
</Scene>
<Scene>
<INIT seed="5,0,0,5,2,37" ten="342,225,196,237" oya="1" hai0="84,106,127,66,77,119,40,60,124,82,86,5,47" hai1="61,18,92,108,71,83,0,44,23,93,22,19,130" hai2="88,25,126,24,129,122,36,27,39,75,32,51,54" hai3="1,96,123,134,10,91,56,31,41,53,95,89,74"/><U76/><E0/><V35/><F122/><W11/><G74/><T48/><D106/><U65/><E130/><V73/><F126/><N who="0" m="48170" /><D5/><U80/><E108/><V131/><F51/><W121/><G134/><T112/><D112/><U98/><E93/><V101/><F54/><W107/><G107/><T125/><D125/><U135/><E135/><V90/><REACH who="2" step="1"/><F27/><REACH who="2" ten="342,225,186,237" step="2"/><W33/><G53/><T34/><D119/><U113/><E113/><V30/><F30/><W68/><G31/><T87/><D34/><U128/><E128/><V99/><F99/><W58/><G96/><T100/><D100/><AGARI ba="0,1" hai="24,25,32,35,36,39,73,75,88,90,100,101,129,131" machi="100" ten="25,6400,0" yaku="1,1,22,2,54,1,53,0" doraHai="37" doraHaiUra="43" who="2" fromWho="0" sc="342,-64,225,0,186,74,237,0" />
</Scene>
<Scene>
<INIT seed="6,0,0,1,1,33" ten="278,225,260,237" oya="2" hai0="22,34,71,63,132,37,46,68,77,84,4,111,17" hai1="135,12,108,47,51,72,82,3,96,116,6,94,50" hai2="18,121,88,126,110,10,97,8,98,92,59,104,109" hai3="95,32,87,49,42,62,0,76,44,79,78,9,41"/><V75/><F121/><W55/><G32/><T60/><D34/><U31/><E108/><N who="2" m="41579" /><F75/><W15/><G0/><T16/><D111/><U25/><E116/><V35/><F35/><W74/><G74/><T93/><D132/><U113/><E113/><V119/><F119/><W101/><G62/><T106/><D106/><U127/><E127/><V45/><F126/><W112/><G112/><T131/><D17/><U128/><E135/><V103/><F59/><W7/><REACH who="3" step="1"/><G87/><REACH who="3" ten="278,225,260,227" step="2"/><T107/><D63/><U19/><E72/><V105/><F98/><AGARI ba="0,1" hai="7,9,15,41,42,44,49,55,76,78,79,95,98,101" machi="98" ten="40,5200,0" yaku="1,1,2,1,8,1,53,0" doraHai="33" doraHaiUra="117" who="3" fromWho="2" sc="278,0,225,0,260,-52,227,62" />
</Scene>
<Scene>
<INIT seed="7,0,0,2,5,11" ten="278,225,208,289" oya="3" hai0="51,27,18,101,109,59,42,0,81,24,44,53,123" hai1="74,10,112,41,64,113,26,22,12,133,92,5,33" hai2="78,115,52,48,20,103,95,65,106,37,9,30,84" hai3="120,63,124,121,55,45,49,83,91,80,62,131,29"/><W111/><G29/><T32/><D109/><U122/><E74/><V60/><F37/><W8/><G111/><T1/><D123/><U76/><E122/><V23/><F115/><N who="1" m="44105" /><E76/><V107/><F9/><W66/><G124/><T116/><D116/><U2/><E64/><V105/><F78/><W104/><G104/><T118/><D118/><U90/><E41/><V36/><F36/><W130/><G63/><T100/><D1/><U125/><E125/><V82/><F82/><N who="3" m="31275" /><G91/><T94/><D0/><U38/><E38/><V93/><F84/><W88/><G88/><T117/><D32/><U98/><E33/><V72/><F72/><W126/><G8/><T50/><D81/><U13/><E133/><V102/><F93/><W129/><G126/><T110/><D110/><U4/><E4/><V135/><F135/><W43/><G43/><T99/><D117/><U132/><E132/><V71/><F30/><AGARI ba="0,0" hai="2,5,10,12,13,22,26,30,90,92,98" m="44105" machi="30" ten="30,3900,0" yaku="15,1,52,2" doraHai="11" who="1" fromWho="2" sc="278,0,225,39,208,-39,289,0" />
</Scene>
<Scene>
<INIT seed="8,0,0,4,5,120" ten="278,264,169,289" oya="0" hai0="29,75,36,57,47,78,17,58,105,86,84,19,68" hai1="111,37,132,100,123,48,44,39,24,4,8,114,46" hai2="5,52,21,93,11,71,135,107,27,41,15,16,72" hai3="85,95,74,66,10,92,70,20,12,54,99,9,22"/><T104/><D68/><U116/><E111/><V23/><F107/><W112/><G74/><T88/><D29/><U26/><E123/><V43/><F71/><W97/><G112/><T25/><D75/><U79/><E132/><V64/><F64/><W73/><G73/><T32/><D32/><U130/><E130/><V62/><F72/><W102/><G85/><T119/><D25/><U55/><E79/><V133/><F135/><W94/><G66/><T31/><D31/><U45/><E114/><V65/><F133/><W28/><G70/><T51/><D36/><U18/><E116/><V101/><F65/><W13/><G54/><T34/><D34/><U129/><E129/><V1/><F1/><W113/><G113/><T82/><D105/><U30/><E18/><N who="0" m="6665" /><D104/><U56/><E100/><V60/><F23/><N who="3" m="8747" /><G28/><T0/><D0/><U33/><E26/><V108/><F108/><W77/><G77/><T35/><D35/><U7/><E7/><V90/><F101/><N who="3" m="60583" /><G95/><N who="0" m="54663" /><D119/><U126/><E126/><V3/><F3/><W38/><G38/><T59/><D59/><U124/><E124/><V89/><F89/><W61/><G61/><N who="2" m="23657" /><F52/><AGARI ba="0,0" hai="47,51,52,57,58,78,82,86" m="54663,6665" machi="52" ten="30,5800,0" yaku="8,1,54,2" doraHai="120" who="0" fromWho="2" sc="278,58,264,0,169,-58,289,0" owari="336,44.0,264,-14.0,111,-39.0,289,9.0" />
</Scene>
</mjloggm>