<mjloggm ver="2.3"><GO type="225" lobby="0"/><UN n0="%61%6C%6F%74%75%73" n1="%EF%BC%8A%E3%81%A9%E3%82%89%E3%81%BF%EF%BC%8A" n2="%E5%AE%AE%E5%AD%90" n3="%E5%A4%AA%E3%81%8F%E3%81%AA%E3%81%84%E3%81%8A" dan="16,17,16,18" rate="2151.11,2188.55,2133.38,2234.25" sx="M,M,M,M"/><TAIKYOKU oya="0"/>

<Scene>
<INIT seed="0,0,0,3,5,117" ten="250,250,250,250" oya="0" hai0="47,66,74,130,67,34,6,60,123,49,124,82,24" hai1="31,57,59,80,42,17,44,46,22,10,58,18,50" hai2="56,77,134,133,32,107,81,116,63,14,109,16,51" hai3="0,8,2,5,83,27,92,21,33,38,75,90,19"/><T28/><D123/><U104/><E104/><V39/><F39/><W45/><G33/><T132/><D132/><N who="2" m="50794" /><F32/><W131/><G131/><T100/><D124/><U12/><E31/><V29/><F107/><W54/><G2/><T127/><D130/><U93/><E80/><V103/><F29/><W73/><G83/><T99/><D6/><U43/><E93/><V36/><F36/><W106/><G106/><T9/><D9/><U115/><E115/><V87/><F103/><W37/><G37/><T86/><D74/><U84/><E84/><V76/><F51/><W55/><G55/><T98/><D67/><U4/><REACH who="1" step="1"/><E22/><REACH who="1" ten="250,240,250,250" step="2"/><N who="2" m="11543" /><F116/><W64/><G75/><T68/><D127/><U30/><E30/><V79/><F109/><W114/><G73/><T69/><D100/><U61/><E61/><V121/><F121/><W25/><G114/><T95/><D95/><U89/><E89/><V20/><F20/><W97/><G90/><T48/><D34/><U88/><E88/><V110/><F110/><W119/><G119/><T23/><D99/><U94/><E94/><V108/><F108/><W113/><G113/><T7/><D98/><U128/><E128/><V65/><AGARI ba="0,1" hai="56,63,65,76,77,79,81,87" m="11543,50794" machi="65" ten="30,2000,0" yaku="20,1,54,1" doraHai="117" who="2" fromWho="2" sc="250,-10,240,-5,250,30,250,-5" />
</Scene>
<Scene>
<INIT seed="1,0,0,0,5,132" ten="240,235,280,245" oya="1" hai0="106,27,114,89,30,41,5,131,32,128,26,126,118" hai1="68,45,33,2,100,10,63,61,21,54,7,71,14" hai2="124,75,111,125,11,85,90,1,16,31,13,92,65" hai3="66,47,84,0,105,87,123,101,69,35,95,59,4"/><U60/><E33/><V52/><F65/><W40/><G123/><T19/><D118/><U108/><E100/><V78/><F111/><W73/><G73/><T70/><D70/><U83/><E108/><V44/><F31/><W37/><G35/><T129/><D106/><U77/><E2/><V48/><REACH who="2" step="1"/><F1/><REACH who="2" ten="240,235,270,245" step="2"/><W74/><G66/><T127/><D114/><U121/><E121/><V76/><F76/><W82/><G0/><T23/><D41/><U39/><E68/><V29/><F29/><W107/><G69/><T62/><D62/><U116/><E71/><V28/><F28/><W110/><G110/><T109/><D109/><U56/><E116/><V17/><F17/><W34/><G40/><T96/><D5/><U91/><E77/><V86/><F86/><W67/><G84/><T99/><D99/><U117/><E117/><V38/><F38/><W120/><G87/><T36/><D36/><U3/><E63/><V122/><F122/><W22/><G4/><T18/><D18/><U94/><E61/><V51/><F51/><W55/><G37/><T64/><D64/><U104/><E3/><V43/><F43/><W25/><G67/><T15/><D96/><U50/><E39/><V24/><F24/><W103/><G25/><T8/><D27/><U119/><E119/><V130/><F130/><W6/><G6/><T72/><D72/><U57/><E7/><V113/><F113/><W80/><G74/><T112/><D112/><U97/><E50/><V88/><F88/><W79/><G120/><T49/><D89/><U12/><E91/><V58/><F58/><RYUUKYOKU ba="0,1" sc="240,-10,235,-10,270,30,245,-10" hai2="11,13,16,44,48,52,75,78,85,90,92,124,125" />
</Scene>
<Scene>
<INIT seed="2,1,1,2,4,76" ten="230,225,300,235" oya="2" hai0="107,82,112,28,108,35,15,69,109,85,130,66,6" hai1="78,14,11,91,96,54,90,86,100,118,4,44,39" hai2="106,0,103,56,67,57,99,75,51,127,30,32,135" hai3="62,122,10,72,131,119,111,105,34,129,133,3,120"/><V49/><F0/><W93/><RYUUKYOKU type="yao9" ba="1,1" sc="230,0,225,0,300,0,235,0" hai3="3,10,34,62,72,93,105,111,119,120,122,129,131,133" />
</Scene>
<Scene>
<INIT seed="2,2,1,2,1,23" ten="230,225,300,235" oya="2" hai0="113,32,108,98,122,116,132,0,12,130,43,78,54" hai1="27,68,6,11,104,20,73,89,19,117,13,112,26" hai2="129,46,134,50,39,51,115,74,110,87,53,2,109" hai3="128,1,127,69,95,83,120,49,91,82,64,101,119"/><V70/><F74/><W44/><G119/><T56/><D78/><U84/><E117/><V133/><F2/><W121/><G1/><T90/><D43/><U94/><E112/><V25/><F39/><W66/><G101/><T135/><D12/><U93/><E104/><V103/><F70/><W30/><G30/><T60/><D90/><N who="1" m="53447" /><E73/><V28/><F115/><W41/><G128/><T118/><D98/><N who="1" m="57679" /><E68/><V59/><F129/><W15/><G127/><T5/><D32/><U124/><E124/><V18/><F103/><W55/><G121/><T81/><D0/><U10/><E6/><V22/><F87/><N who="3" m="52735" /><G120/><T47/><D5/><U9/><AGARI ba="2,1" hai="9,10,11,13,19,20,26,27" m="57679,53447" machi="9" ten="30,4000,0" yaku="8,1,52,2" doraHai="23" who="1" fromWho="1" sc="230,-12,225,56,300,-22,235,-12" />
</Scene>
<Scene>
<INIT seed="3,0,0,1,1,112" ten="218,281,278,223" oya="3" hai0="55,34,69,67,30,77,102,134,13,110,24,41,130" hai1="9,70,8,20,111,44,89,104,11,108,32,113,71" hai2="78,49,105,28,123,88,90,82,83,121,51,81,73" hai3="74,76,115,107,56,10,27,126,46,29,93,42,131"/><W75/><G107/><T97/><D110/><N who="1" m="42027" /><E32/><V62/><F28/><W96/><G115/><T80/><D41/><U0/><E113/><V101/><F62/><W14/><G126/><T37/><D37/><U122/><E104/><V125/><F125/><W43/><G131/><T7/><D134/><U25/><E122/><N who="2" m="46603" /><F49/><W65/><G65/><T50/><D130/><U128/><E128/><V87/><F51/><W129/><G56/><T5/><D13/><U119/><E119/><V133/><F133/><W116/><G129/><T106/><D67/><U54/><E0/><V47/><F47/><W92/><G116/><T85/><REACH who="0" step="1"/><D69/><REACH who="0" ten="208,281,278,223" step="2"/><U48/><E89/><N who="2" m="34411" /><F73/><W86/><G75/><T103/><D103/><U66/><E66/><V1/><F1/><W72/><G74/><T2/><D2/><U58/><E44/><AGARI ba="0,1" hai="5,7,24,30,34,44,50,55,77,80,85,97,102,106" machi="44" ten="30,2000,0" yaku="1,1,7,1,53,0" doraHai="112" doraHaiUra="35" who="0" fromWho="1" sc="208,30,281,-20,278,0,223,0" />
</Scene>
<Scene>
<INIT seed="4,0,0,1,2,8" ten="238,261,278,223" oya="0" hai0="64,59,126,106,119,135,92,74,4,103,14,13,100" hai1="77,54,107,19,29,75,109,49,110,15,122,33,27" hai2="125,9,86,108,84,20,94,40,62,124,98,81,47" hai3="101,118,56,18,85,114,82,22,127,102,130,21,34"/><T66/><D74/><U63/><E122/><V79/><F108/><W3/><G34/><T0/><D119/><U78/><E107/><V67/><F20/><W70/><G70/><T134/><D126/><N who="2" m="48746" /><F9/><W71/><G71/><T17/><D0/><U113/><E63/><V39/><F62/><W115/><G3/><T80/><D80/><U53/><E53/><V58/><F58/><W87/><G118/><T117/><D106/><U72/><E72/><N who="2" m="43239" /><F67/><N who="0" m="25642" /><D117/><U57/><E78/><V60/><F60/><W51/><G56/><T132/><D59/><U10/><E113/><V120/><F120/><W30/><G127/><T96/><D4/><U133/><E133/><V76/><F76/><W50/><G30/><T37/><D37/><U48/><E48/><V111/><F111/><W42/><G18/><T88/><D17/><U52/><E54/><V36/><F36/><W44/><G44/><T6/><D6/><U25/><E77/><V31/><F31/><W73/><G42/><T2/><D2/><U65/><E65/><V38/><F38/><W91/><G73/><T112/><D112/><U69/><E75/><V128/><F128/><W23/><G130/><T83/><D83/><U95/><E69/><V104/><F104/><W97/><G82/><T12/><AGARI ba="0,0" hai="12,13,14,88,92,96,100,103,132,134,135" m="25642" machi="12" ten="40,12000,1" yaku="20,1,52,3,54,1" doraHai="8" who="0" fromWho="0" sc="238,120,261,-40,278,-40,223,-40" owari="358,46.0,221,-18.0,238,4.0,183,-32.0" />
</Scene>
</mjloggm>