<mjloggm ver="2.3"><GO type="169" lobby="0"/><UN n0="%67%75%73%68" n1="%52%4F%4C%4C%59" n2="%E5%A4%AA%E3%81%8F%E3%81%AA%E3%81%84%E3%81%8A" n3="%66%75%6A%69%32%32%39" dan="16,16,17,17" rate="2128.10,2086.49,2223.51,2131.99" sx="M,M,M,M"/><TAIKYOKU oya="0"/>

<Scene>
<INIT seed="0,0,0,1,5,11" ten="250,250,250,250" oya="0" hai0="40,1,3,130,66,87,4,31,0,61,81,34,115" hai1="83,16,51,14,92,44,93,67,120,101,135,59,97" hai2="73,28,117,43,6,118,68,60,27,107,122,134,75" hai3="18,99,80,106,98,2,56,17,58,91,111,102,64"/><T71/><D115/><U53/><E120/><V42/><F107/><W12/><G2/><T84/><D130/><U74/><E135/><V57/><F68/><W55/><G111/><T123/><D123/><U79/><E67/><V7/><F122/><W125/><G125/><T21/><D34/><U100/><E100/><V131/><F134/><W69/><G69/><T108/><D108/><U38/><E38/><V24/><F57/><W126/><G64/><T52/><D40/><N who="2" m="15402" /><F60/><W30/><G30/><T82/><D4/><N who="2" m="1578" /><F131/><W20/><G126/><T39/><D39/><U65/><E65/><V112/><F112/><W113/><G113/><T46/><D82/><U129/><E129/><V88/><F88/><W78/><G55/><T36/><D36/><U89/><E89/><V86/><F86/><W128/><G128/><T72/><D72/><N who="2" m="27722" /><F28/><W23/><G91/><T33/><D81/><U70/><E70/><V22/><F22/><W62/><G62/><T110/><D110/><U63/><E92/><V32/><F32/><W124/><G124/><T35/><D21/><U119/><E119/><AGARI ba="0,0" hai="24,27,117,118,119" m="27722,1578,15402" machi="119" ten="40,5200,0" yaku="28,2,12,1" doraHai="11" who="2" fromWho="1" sc="250,0,250,-52,250,52,250,0" />
</Scene>
<Scene>
<INIT seed="1,0,0,5,4,56" ten="250,198,302,250" oya="1" hai0="67,117,63,23,37,124,135,113,105,127,6,44,128" hai1="123,64,62,95,25,106,82,114,8,101,80,32,78" hai2="84,19,77,20,83,102,12,96,54,39,110,30,51" hai3="130,88,68,49,116,60,41,10,5,119,134,3,61"/><U35/><E114/><V24/><F110/><W81/><G68/><T38/><D113/><U48/><E123/><V125/><F125/><W79/><G134/><T87/><D105/><U36/><E36/><V28/><F39/><W85/><G130/><T97/><D117/><N who="3" m="45129" /><G79/><T22/><D128/><U65/><E48/><V98/><F102/><W90/><G90/><T120/><D135/><U121/><E121/><V26/><F26/><W29/><G29/><T31/><D120/><U4/><E95/><V45/><REACH who="2" step="1"/><F30/><REACH who="2" ten="250,198,292,250" step="2"/><W89/><G89/><T115/><D31/><U42/><E25/><V94/><F94/><W73/><G73/><T100/><D127/><U99/><E101/><V103/><F103/><W11/><G11/><AGARI ba="0,1" hai="11,12,19,20,24,28,45,51,54,77,83,84,96,98" machi="11" ten="30,3900,0" yaku="1,1,7,1,8,1,53,0" doraHai="56" doraHaiUra="52" who="2" fromWho="3" sc="250,0,198,0,292,49,250,-39" />
</Scene>
<Scene>
<INIT seed="2,0,0,2,5,65" ten="250,198,341,211" oya="2" hai0="53,32,117,0,63,5,56,91,3,114,49,31,96" hai1="131,106,87,28,22,62,51,36,54,57,70,16,55" hai2="9,89,26,120,47,127,19,45,52,105,38,124,43" hai3="121,71,112,129,102,132,113,81,100,6,21,44,29"/><V134/><F120/><W46/><G6/><T118/><D114/><U7/><E106/><V79/><F105/><W98/><G81/><T93/><D31/><U99/><E131/><V48/><F79/><W41/><G29/><T23/><D32/><U110/><E110/><V116/><F116/><N who="0" m="44650" /><D23/><U107/><E36/><V68/><F134/><W83/><G21/><T76/><D76/><U20/><E7/><V17/><F26/><W126/><G83/><T60/><D0/><U33/><E87/><V2/><F89/><W75/><G75/><T119/><D119/><U14/><E22/><V18/><F2/><W103/><G98/><T82/><D82/><U108/><E108/><V34/><F34/><W74/><G74/><T128/><D128/><U90/><E90/><V61/><REACH who="2" step="1"/><F9/><AGARI ba="0,0" hai="3,5,9,49,53,56,60,63,91,93,96" m="44650" machi="9" ten="30,1000,0" yaku="12,1" doraHai="65" who="0" fromWho="2" sc="250,10,198,0,341,-10,211,0" />
</Scene>
<Scene>
<INIT seed="3,0,0,1,0,79" ten="260,198,331,211" oya="3" hai0="99,121,25,17,70,73,55,90,104,50,39,122,132" hai1="65,5,66,6,29,10,71,60,28,87,46,120,56" hai2="62,117,69,134,127,26,86,36,8,106,13,98,51" hai3="114,15,110,12,107,97,49,75,95,111,33,84,101"/><W59/><G33/><T88/><D39/><U113/><E120/><V80/><F36/><W19/><G114/><T83/><D70/><U72/><E113/><V135/><F117/><W22/><G75/><T30/><D17/><U1/><E72/><V103/><F127/><W9/><G107/><T105/><D132/><N who="2" m="50730" /><F26/><W35/><G35/><T45/><D122/><U109/><E109/><N who="3" m="41482" /><G84/><T89/><D121/><U3/><E46/><V0/><F0/><W67/><G67/><T116/><D116/><U93/><E93/><V78/><F69/><W131/><G131/><T16/><D30/><U32/><E87/><V24/><F24/><N who="3" m="14431" /><G9/><T41/><D105/><U11/><E32/><V100/><F106/><W91/><G91/><T14/><D104/><U130/><E130/><V124/><F124/><W7/><G7/><T52/><D25/><U74/><E74/><V85/><F85/><W4/><G4/><T81/><D99/><U44/><E44/><V61/><F98/><W96/><G96/><T2/><D2/><U77/><E77/><V57/><F103/><W21/><G21/><N who="0" m="11415" /><D73/><U63/><AGARI ba="0,0" hai="1,3,5,6,10,11,28,29,56,60,63,65,66,71" machi="63" ten="30,2000,0" yaku="0,1,9,1" doraHai="79" who="1" fromWho="1" sc="260,-5,198,20,331,-5,211,-10" />
</Scene>
<Scene>
<INIT seed="4,0,0,4,5,19" ten="255,218,326,201" oya="0" hai0="90,54,89,130,9,111,26,113,133,61,68,86,52" hai1="44,97,33,115,37,15,8,79,108,96,56,100,67" hai2="5,41,40,12,24,118,101,93,43,14,77,83,99" hai3="80,17,23,53,4,49,59,51,102,63,29,1,117"/><T16/><D113/><U106/><E108/><V30/><F118/><W123/><G117/><T104/><D111/><U70/><E33/><V126/><F126/><W57/><G123/><T34/><D104/><U50/><E115/><V84/><REACH who="2" step="1"/><F5/><REACH who="2" ten="255,218,316,201" step="2"/><W110/><G110/><T135/><D135/><U69/><E70/><V11/><F11/><W18/><G4/><T48/><D133/><U28/><E8/><V107/><F107/><W128/><G128/><T46/><D130/><U82/><E69/><V6/><F6/><W76/><G1/><T74/><D68/><U45/><E106/><V85/><F85/><N who="3" m="48263" /><G102/><T131/><D131/><U134/><E100/><V91/><F91/><W88/><G88/><T25/><D74/><U0/><E0/><V116/><F116/><W47/><G57/><N who="0" m="34983" /><D90/><U2/><E56/><V103/><F103/><W71/><G71/><T22/><D9/><U132/><E2/><V124/><F124/><W13/><G63/><T36/><D34/><AGARI ba="0,1" hai="12,14,24,30,34,40,41,43,77,83,84,93,99,101" machi="34" ten="40,2600,0" yaku="1,1,53,1" doraHai="19" doraHaiUra="31" who="2" fromWho="0" sc="255,-26,218,0,316,36,201,0" />
</Scene>
<Scene>
<INIT seed="5,0,0,5,0,85" ten="229,218,352,201" oya="1" hai0="18,87,107,9,81,40,45,94,13,5,42,22,134" hai1="32,7,114,3,53,50,61,86,93,126,113,105,41" hai2="95,102,72,51,55,24,101,66,21,84,14,25,91" hai3="122,1,121,15,99,20,6,73,34,112,71,28,52"/><U103/><E32/><V118/><F72/><W130/><G73/><T82/><D107/><U92/><E105/><V78/><F118/><W120/><G71/><T117/><D117/><U109/><E126/><V8/><F66/><W111/><G111/><T58/><D134/><U16/><E109/><V90/><F78/><W119/><G119/><T127/><D127/><U106/><E41/><V108/><F108/><W96/><G112/><N who="1" m="43114" /><E61/><V29/><F25/><W17/><G130/><T74/><D58/><N who="1" m="33079" /><E86/><N who="2" m="52695" /><F51/><W65/><G65/><T37/><D40/><U36/><E16/><N who="2" m="8263" /><F55/><W70/><G70/><T11/><D11/><N who="1" m="2559" /><E36/><V49/><F49/><W100/><G52/><T125/><D125/><U26/><E26/><V48/><F48/><W27/><G1/><T76/><D94/><AGARI ba="0,0" hai="21,24,29,84,91,94,101,102" m="8263,52695" machi="94" ten="30,7700,0" yaku="8,1,52,2,54,1" doraHai="85" who="2" fromWho="0" sc="229,-77,218,0,352,77,201,0" />
</Scene>
<Scene>
<INIT seed="6,0,0,2,1,119" ten="152,218,429,201" oya="2" hai0="126,25,82,124,24,122,72,38,15,10,36,121,18" hai1="75,42,80,31,94,16,83,113,60,28,57,48,87" hai2="43,4,109,49,130,101,0,85,70,103,11,91,66" hai3="46,39,116,115,81,108,79,71,135,3,89,14,67"/><V98/><F70/><W131/><G89/><T29/><D72/><U104/><E104/><V53/><F66/><W61/><G116/><T23/><D82/><N who="1" m="31275" /><E113/><V86/><F43/><N who="3" m="22911" /><G14/><T59/><D59/><U19/><E75/><V96/><F130/><W120/><G108/><T17/><D38/><U44/><E87/><V118/><F118/><W97/><G97/><T65/><D36/><U56/><E94/><V51/><F91/><W9/><G135/><T76/><D76/><U69/><E69/><V78/><F109/><W95/><G95/><T117/><D117/><U134/><E134/><V77/><F0/><W21/><G21/><N who="0" m="13359" /><D65/><N who="1" m="39047" /><E57/><V22/><F85/><W34/><G131/><T68/><D68/><U111/><E111/><V73/><F86/><W123/><G34/><T125/><AGARI ba="0,0" hai="10,15,18,23,25,29,121,122,124,125,126" m="13359" machi="125" ten="30,8000,1" yaku="18,1,34,2,52,2" doraHai="119" who="0" fromWho="0" sc="152,80,218,-20,429,-40,201,-20" />
</Scene>
<Scene>
<INIT seed="7,0,0,2,0,108" ten="232,198,389,181" oya="3" hai0="94,36,78,66,80,57,115,133,85,107,32,128,4" hai1="120,11,45,10,119,12,122,71,129,31,3,63,70" hai2="101,127,30,20,95,91,54,55,83,28,81,72,17" hai3="125,84,106,23,19,47,121,135,40,41,99,109,62"/><W113/><G121/><T116/><D107/><U56/><E129/><V112/><F112/><W110/><G135/><T35/><D116/><U14/><E119/><V61/><F101/><N who="3" m="62783" /><G62/><T48/><D36/><U64/><E31/><N who="2" m="11819" /><F72/><W59/><G59/><T98/><D115/><U0/><E45/><V68/><F68/><W58/><G58/><T74/><D128/><U42/><E42/><V76/><F127/><W51/><G113/><T104/><D133/><U2/><E56/><N who="2" m="34967" /><F55/><N who="3" m="30207" /><G84/><T130/><D130/><U29/><E29/><V105/><F76/><W13/><G125/><T88/><D4/><U22/><E22/><V38/><F105/><W92/><G92/><T16/><D16/><U43/><E43/><V96/><F38/><W21/><G21/><T77/><D77/><U124/><E124/><V34/><F34/><W89/><G89/><T9/><D9/><N who="1" m="3083" /><E63/><V87/><F87/><W15/><G15/><AGARI ba="0,0" hai="15,17,20,81,83,91,95,96" m="34967,11819" machi="15" ten="30,1000,0" yaku="8,1" doraHai="108" who="2" fromWho="3" sc="232,0,198,0,389,10,181,-10" owari="232,3.0,198,-20.0,399,50.0,171,-33.0" />
</Scene>
</mjloggm>