<mjloggm ver="2.3"><GO type="169" lobby="0"/><UN n0="%28%E3%80%8C%E3%83%BB%60%CF%89%E3%83%BB%29%E3%80%8C" n1="%E5%A4%AA%E3%81%8F%E3%81%AA%E3%81%84%E3%81%8A" n2="%52%4F%4C%4C%59" n3="%E3%82%B7%E3%83%AB%E3%83%93%E3%82%A3" dan="16,18,16,17" rate="2123.19,2170.42,2138.36,2215.62" sx="M,M,M,F"/><TAIKYOKU oya="0"/>

<Scene>
<INIT seed="0,0,0,2,3,24" ten="250,250,250,250" oya="0" hai0="74,72,106,73,88,116,113,65,37,13,34,44,120" hai1="94,57,0,99,129,67,93,71,130,12,125,23,54" hai2="122,45,78,17,7,62,110,48,83,11,66,109,81" hai3="126,61,79,80,64,123,60,97,33,21,4,26,46"/><T40/><D113/><U8/><E0/><V117/><F17/><W107/><G126/><T115/><D115/><U102/><E125/><V70/><F122/><W2/><G123/><T63/><D120/><U114/><E114/><V68/><F70/><W105/><G61/><T56/><D116/><U47/><E47/><V95/><F95/><W135/><G46/><T134/><D106/><N who="1" m="63839" /><E23/><V118/><F83/><W27/><G33/><T32/><D134/><U42/><E42/><V18/><F18/><W20/><G135/><T69/><D13/><U25/><E25/><V76/><F76/><W124/><G124/><T101/><D101/><U22/><E22/><V100/><F100/><W10/><G21/><T108/><D108/><N who="2" m="41578" /><F48/><W35/><G35/><T3/><D3/><U1/><E1/><N who="2" m="495" /><F45/><W39/><G39/><T28/><D56/><U59/><E71/><V127/><F127/><W5/><G5/><T58/><D69/><U128/><E67/><V77/><F77/><W85/><G97/><T98/><REACH who="0" step="1"/><D28/><REACH who="0" ten="240,250,250,250" step="2"/><U91/><E57/><V104/><F104/><W132/><G132/><T9/><D9/><U51/><E8/><V14/><F14/><W53/><G107/><T43/><D43/><U112/><E12/><V75/><AGARI ba="0,1" hai="62,66,68,75,78,81,117,118" m="495,41578" machi="75" ten="30,2000,0" yaku="14,1,23,1" doraHai="24" who="2" fromWho="2" sc="240,-10,250,-5,250,30,250,-5" />
</Scene>
<Scene>
<INIT seed="1,0,0,0,2,108" ten="230,245,280,245" oya="1" hai0="87,13,37,27,69,14,93,20,80,128,3,57,38" hai1="41,28,70,72,104,113,19,6,59,44,4,32,116" hai2="131,33,135,125,47,36,112,45,22,8,107,130,30" hai3="91,106,35,111,48,51,86,105,71,24,16,117,65"/><U99/><E116/><V102/><F33/><W100/><G111/><T54/><D69/><U63/><E72/><V62/><F8/><W85/><G117/><T122/><D3/><U42/><E19/><V26/><F135/><W133/><G133/><T94/><D122/><U34/><E59/><V127/><F62/><W82/><G85/><T46/><D128/><N who="2" m="49194" /><F112/><W10/><G35/><T96/><D46/><N who="2" m="17418" /><F36/><W126/><G126/><N who="2" m="48137" /><F102/><W129/><G129/><T89/><D38/><U84/><E34/><V56/><F56/><W95/><G71/><T5/><D37/><U76/><E44/><V49/><F49/><W88/><G100/><T53/><D5/><U123/><E113/><V31/><F31/><W81/><G65/><T66/><D66/><N who="1" m="41311" /><E4/><V18/><F30/><W64/><G64/><T68/><D68/><U120/><E6/><V114/><F114/><W29/><G29/><T90/><D54/><U21/><E32/><V23/><F23/><N who="3" m="13415" /><G10/><T9/><D9/><U124/><E124/><V11/><F11/><W17/><G17/><T77/><D57/><U92/><E28/><V0/><F0/><W79/><G51/><T15/><D53/><U7/><E7/><V132/><F132/><W78/><G48/><T40/><D20/><U134/><E21/><V103/><F103/><W119/><G119/><T75/><D40/><U67/><E134/><V39/><F39/><W61/><G61/><T60/><D60/><U109/><E67/><V98/><F107/><N who="3" m="40971" /><G82/><T74/><D74/><U58/><E104/><V73/><F73/><W118/><G118/><T83/><D83/><RYUUKYOKU ba="0,0" sc="230,10,245,-30,280,10,245,10" hai0="13,14,15,27,75,77,80,87,89,90,93,94,96" hai2="18,22,26,98" hai3="78,79,81,86,88,91,95" />
</Scene>
<Scene>
<INIT seed="2,1,0,3,1,66" ten="240,215,290,255" oya="2" hai0="78,115,101,64,49,28,104,20,123,29,96,97,132" hai1="40,53,131,95,109,45,21,2,68,83,69,88,103" hai2="125,43,74,114,117,87,58,51,48,94,52,79,31" hai3="13,110,56,22,75,9,122,5,42,59,34,133,26"/><V17/><F114/><W7/><G122/><T46/><D115/><U82/><E2/><V67/><F117/><W126/><G75/><T47/><D123/><U27/><E103/><V72/><F125/><W60/><G126/><T12/><D132/><U23/><E53/><V81/><F31/><W105/><G133/><T121/><D121/><U32/><E32/><V91/><F67/><W98/><G34/><T11/><D78/><U118/><E118/><V80/><F17/><W119/><G119/><T116/><D116/><U57/><E57/><V113/><F113/><W50/><G7/><T93/><D64/><U107/><E107/><V38/><F38/><W30/><G110/><T25/><D29/><U73/><E109/><V124/><F124/><W84/><G84/><T54/><D46/><U55/><E55/><V63/><REACH who="2" step="1"/><F43/><REACH who="2" ten="240,215,280,255" step="2"/><W130/><G42/><T8/><REACH who="0" step="1"/><D12/><REACH who="0" ten="230,215,280,255" step="2"/><U24/><E24/><V89/><F89/><AGARI ba="1,2" hai="8,11,20,25,28,47,49,54,89,93,96,97,101,104" machi="89" ten="30,3900,0" yaku="1,1,2,1,7,1,53,0" doraHai="66" doraHaiUra="62" who="0" fromWho="2" sc="230,62,215,0,280,-42,255,0" />
</Scene>
<Scene>
<INIT seed="3,0,0,0,5,6" ten="292,215,238,255" oya="3" hai0="1,135,54,92,16,87,105,37,106,8,131,109,113" hai1="7,23,76,114,83,2,12,35,21,22,24,132,60" hai2="67,25,134,0,17,129,112,51,10,44,43,81,57" hai3="86,5,84,85,29,130,116,41,11,33,20,46,55"/><W126/><G116/><T52/><D37/><U40/><E114/><V45/><F112/><W56/><G33/><T97/><D113/><U66/><E132/><V14/><F129/><W104/><G104/><T133/><D109/><U65/><E2/><V94/><F134/><N who="0" m="51210" /><D87/><N who="1" m="48615" /><E35/><V38/><F0/><W74/><G74/><T100/><D131/><U61/><E40/><V117/><F117/><W13/><G130/><T73/><D73/><U18/><E7/><V31/><F81/><W26/><G126/><T27/><D1/><U47/><E47/><V101/><F45/><W111/><G111/><T119/><D119/><U39/><E39/><V90/><F101/><W77/><G77/><T63/><D27/><U118/><E118/><V53/><F67/><N who="1" m="25609" /><E21/><V108/><F108/><W42/><REACH who="3" step="1"/><G46/><REACH who="3" ten="292,215,238,245" step="2"/><T64/><D106/><U99/><E99/><V59/><F44/><W89/><G89/><T15/><D105/><U96/><E96/><V82/><F90/><W95/><G95/><T62/><D62/><AGARI ba="0,1" hai="5,11,13,20,26,29,41,42,55,56,62,84,85,86" machi="62" ten="40,7700,0" yaku="1,1,8,1,52,1,53,0" doraHai="6" doraHaiUra="75" who="3" fromWho="0" sc="292,-77,215,0,238,0,245,87" />
</Scene>
<Scene>
<INIT seed="3,1,0,1,2,46" ten="215,215,238,332" oya="3" hai0="16,61,97,68,69,110,116,81,91,8,117,106,23" hai1="102,93,19,74,21,122,62,58,26,52,87,71,37" hai2="67,3,75,36,99,57,42,33,121,24,0,51,120" hai3="32,31,35,40,65,1,63,132,30,90,128,125,76"/><W109/><G1/><T118/><D8/><U48/><E74/><V22/><F33/><W114/><G114/><T111/><D106/><U131/><E122/><N who="2" m="47211" /><F75/><W108/><G76/><T13/><D61/><U41/><E131/><V7/><F7/><W104/><G104/><T103/><D103/><U100/><E37/><V4/><F4/><W38/><G128/><T15/><D15/><U25/><E25/><V112/><F112/><W14/><G14/><T95/><REACH who="0" step="1"/><D81/><REACH who="0" ten="205,215,238,332" step="2"/><U20/><E71/><AGARI ba="1,1" hai="13,16,23,68,69,71,91,95,97,110,111,116,117,118" machi="71" ten="50,6400,0" yaku="1,1,2,1,54,1,53,0" doraHai="46" doraHaiUra="129" who="0" fromWho="1" sc="205,77,215,-67,238,0,332,0" />
</Scene>
<Scene>
<INIT seed="4,0,0,0,3,134" ten="282,148,238,332" oya="0" hai0="72,111,84,86,0,3,25,122,118,57,8,104,119" hai1="2,110,55,78,11,92,100,61,10,35,106,117,28" hai2="105,131,108,80,33,123,52,44,96,99,38,91,67" hai3="59,133,83,79,109,69,16,126,34,24,107,19,116"/><T132/><D122/><U63/><E110/><V98/><F123/><W121/><G69/><T125/><D72/><U135/><E117/><V87/><F33/><W129/><G109/><T128/><D111/><U51/><E106/><V64/><F108/><W21/><G121/><T49/><D104/><U13/><E135/><V29/><F131/><W66/><G133/><T32/><D132/><U114/><E114/><V95/><F105/><W76/><G129/><T45/><D128/><U113/><E113/><V65/><F29/><W17/><G116/><T26/><D57/><U75/><E2/><V102/><F38/><W53/><G34/><T101/><D101/><U115/><E115/><V20/><F20/><W82/><G107/><T97/><D32/><U93/><E75/><V47/><F47/><W4/><G4/><T94/><D8/><U68/><E78/><N who="3" m="29738" /><G66/><T5/><D5/><U58/><E68/><V120/><REACH who="2" step="1"/><F120/><REACH who="2" ten="282,148,228,332" step="2"/><W90/><G21/><T56/><D45/><U12/><E35/><V41/><F41/><W77/><G77/><T127/><D119/><U23/><E28/><V36/><F36/><W42/><G42/><T60/><D118/><U6/><E23/><V7/><F7/><W124/><G24/><T73/><D25/><U14/><E11/><V62/><F62/><N who="1" m="23561" /><E10/><V43/><F43/><W46/><G46/><T22/><D73/><U39/><E39/><V37/><F37/><W70/><G70/><T15/><D26/><U103/><E6/><V130/><F130/><W1/><G1/><N who="0" m="587" /><D22/><U30/><E30/><V74/><F74/><W40/><G40/><RYUUKYOKU ba="0,1" sc="282,-15,148,15,228,15,332,-15" hai1="12,13,14,51,55,58,92,93,100,103" hai2="44,52,64,65,67,80,87,91,95,96,98,99,102" />
</Scene>
<Scene>
<INIT seed="5,1,1,3,5,97" ten="267,163,243,317" oya="1" hai0="44,3,8,87,115,21,75,110,66,101,54,27,13" hai1="9,50,76,89,61,47,7,82,30,79,81,38,52" hai2="32,55,94,42,41,46,126,68,83,36,62,16,40" hai3="74,113,37,45,65,69,111,128,22,119,64,127,10"/><U107/><E107/><V114/><F32/><W58/><G111/><T19/><D75/><U2/><E38/><V99/><F126/><W84/><G74/><T24/><D110/><U73/><E30/><V92/><F114/><W112/><G127/><T60/><D115/><N who="3" m="44105" /><G69/><T56/><D3/><U1/><E89/><V106/><F83/><W130/><G119/><T117/><D117/><U23/><E23/><V103/><F16/><W90/><G10/><T57/><D44/><U11/><E61/><V25/><F25/><W20/><G20/><T15/><D87/><U39/><E39/><V104/><F94/><N who="3" m="54599" /><G22/><T5/><REACH who="0" step="1"/><D101/><REACH who="0" ten="257,163,243,317" step="2"/><U53/><E79/><V124/><F124/><W72/><G72/><T120/><D120/><U116/><E116/><V80/><F46/><W29/><G45/><T51/><AGARI ba="1,2" hai="5,8,13,15,19,21,24,27,51,54,56,57,60,66" machi="51" ten="20,5200,0" yaku="1,1,0,1,7,1,8,1,53,0" doraHai="97" doraHaiUra="86" who="0" fromWho="0" sc="257,75,163,-27,243,-14,317,-14" />
</Scene>
<Scene>
<INIT seed="6,0,0,2,1,98" ten="332,136,229,303" oya="2" hai0="105,117,88,29,65,72,118,21,48,59,49,110,91" hai1="18,101,76,50,129,106,20,0,81,113,77,11,78" hai2="63,15,83,27,28,89,92,82,68,126,45,12,122" hai3="87,23,13,94,124,100,61,102,2,39,104,7,44"/><V97/><F122/><W116/><G116/><N who="0" m="44651" /><D72/><U46/><E113/><V123/><F123/><W1/><G61/><N who="0" m="38079" /><D105/><U93/><E106/><V36/><F126/><W75/><G23/><T55/><D110/><U8/><E129/><V131/><F131/><W30/><G13/><T80/><D80/><U31/><E31/><V132/><F132/><W54/><G7/><T57/><D48/><U34/><E34/><V32/><F15/><W96/><G87/><T26/><AGARI ba="0,0" hai="21,26,29,49,55,57,88,91" m="38079,44651" machi="26" ten="30,2000,0" yaku="12,1,54,1" doraHai="98" who="0" fromWho="0" sc="332,20,136,-5,229,-10,303,-5" />
</Scene>
<Scene>
<INIT seed="7,0,0,1,1,2" ten="352,131,219,298" oya="3" hai0="51,3,96,125,85,103,43,113,38,65,1,93,62" hai1="124,97,0,24,60,64,27,71,121,45,44,31,70" hai2="17,75,119,14,10,74,39,81,91,32,135,53,28" hai3="20,78,66,52,55,47,130,25,4,126,19,120,26"/><W108/><G120/><T67/><D38/><U99/><E121/><V46/><F119/><W23/><G126/><T50/><D125/><U102/><E124/><V101/><F101/><W56/><G130/><T90/><D67/><U104/><E70/><V134/><F32/><W54/><G108/><T114/><D43/><U22/><E99/><V98/><F28/><W63/><G78/><T36/><D36/><U6/><REACH who="1" step="1"/><E27/><REACH who="1" ten="352,121,219,298" step="2"/><V16/><F98/><W86/><G25/><T7/><D96/><U57/><E57/><V107/><F134/><W41/><G86/><T123/><D85/><U29/><E29/><V9/><F135/><W40/><G47/><T69/><D69/><U109/><E109/><V76/><F46/><W133/><G133/><T37/><D123/><U18/><E18/><V88/><F17/><W112/><G112/><T73/><D114/><U92/><E92/><V100/><F16/><W72/><G20/><T48/><D93/><U5/><E5/><V115/><F115/><W80/><G4/><T33/><D7/><U94/><E94/><V12/><F107/><W34/><G34/><T79/><D33/><U83/><E83/><V87/><F81/><W82/><G72/><T77/><D73/><U131/><E131/><V35/><F87/><W128/><G128/><T68/><D113/><U117/><E117/><V58/><F35/><W105/><G105/><T129/><D129/><U84/><E84/><V122/><F122/><W111/><G111/><T15/><D68/><U61/><E61/><V49/><F58/><W89/><G89/><T30/><D90/><RYUUKYOKU ba="0,1" sc="352,-15,121,15,219,-15,298,15" hai1="0,6,22,24,31,44,45,60,64,71,97,102,104" hai3="19,23,26,40,41,52,54,55,56,63,66,80,82" />
</Scene>
<Scene>
<INIT seed="7,1,1,3,0,40" ten="337,136,204,313" oya="3" hai0="102,49,124,4,128,92,65,56,33,58,52,89,48" hai1="127,75,84,103,37,31,16,51,131,0,73,36,46" hai2="7,111,2,71,38,114,8,96,12,74,117,1,60" hai3="21,26,132,9,23,22,68,72,121,118,10,105,91"/><W80/><G118/><T54/><D33/><U11/><E31/><V81/><F111/><W13/><G121/><T108/><D108/><U32/><E32/><V57/><F117/><W66/><G105/><T122/><D122/><U61/><E103/><V17/><F71/><W53/><G132/><T19/><D124/><U100/><E100/><V30/><F38/><W116/><G116/><T120/><D120/><U99/><E99/><V18/><F114/><W42/><G42/><T29/><D128/><U45/><E61/><V35/><F96/><W3/><G3/><T97/><D29/><U93/><E0/><V83/><F74/><W43/><G43/><T44/><D4/><U123/><E123/><V112/><F112/><W115/><G115/><T134/><D134/><U82/><E93/><V55/><F18/><N who="3" m="10447" /><G66/><T87/><D19/><U130/><E127/><V85/><F85/><N who="3" m="50599" /><G72/><N who="1" m="27722" /><E51/><V135/><F2/><W6/><G68/><T76/><D65/><U67/><E67/><V78/><F78/><W39/><G39/><N who="1" m="14922" /><E82/><V125/><F125/><W5/><G53/><T110/><D76/><U79/><E79/><V94/><F94/><W101/><G101/><T95/><D110/><U106/><E106/><V27/><F135/><W41/><G41/><T119/><D119/><U90/><E90/><V86/><F86/><W64/><G64/><T104/><D104/><U69/><E69/><V25/><F25/><W109/><G109/><T126/><D126/><U20/><E84/><V34/><F34/><W50/><G50/><T14/><D14/><N who="1" m="7263" /><E20/><AGARI ba="1,1" hai="1,7,8,12,17,20,27,30,35,55,57,60,81,83" machi="20" ten="30,3900,0" yaku="7,1,24,2" doraHai="40" who="2" fromWho="1" sc="337,0,136,-42,204,52,313,0" owari="337,44.0,94,-41.0,256,-14.0,313,11.0" />
</Scene>
</mjloggm>