<mjloggm ver="2.3"><GO type="169" lobby="0"/><UN n0="%6D%61%63%6A%72" n1="%6E%6E%6E%6E%6E%6E" n2="%74%61%72%6F%6F" n3="%E5%A4%AA%E3%81%8F%E3%81%AA%E3%81%84%E3%81%8A" dan="17,17,18,17" rate="2130.45,2125.74,2187.32,2168.42" sx="M,M,M,F"/><TAIKYOKU oya="0"/>

<Scene>
<INIT seed="0,0,0,4,5,89" ten="250,250,250,250" oya="0" hai0="135,121,50,18,103,132,1,94,64,57,42,101,3" hai1="0,32,113,20,84,81,54,91,125,130,88,35,95" hai2="11,34,82,45,51,59,24,10,46,61,21,65,111" hai3="19,53,26,15,120,116,78,9,133,14,98,63,70"/><T5/><D121/><U114/><E0/><V43/><F34/><W68/><G116/><T27/><D42/><U49/><E130/><V129/><F111/><W41/><G120/><T85/><D101/><U8/><E8/><V39/><F129/><W105/><G133/><N who="0" m="51275" /><D5/><U22/><E125/><V4/><F82/><W77/><G41/><T17/><D27/><U37/><E37/><V124/><F124/><W127/><G26/><T33/><D33/><U13/><E35/><V112/><F112/><N who="1" m="43113" /><E13/><V115/><F115/><W108/><G15/><T7/><D7/><U79/><E32/><V122/><F122/><W131/><G14/><T62/><D50/><U58/><E91/><V44/><F39/><W71/><G131/><T80/><D3/><U73/><AGARI ba="0,0" hai="20,22,49,54,58,73,79,81,84,88,95" m="43113" machi="73" ten="30,4000,0" yaku="11,1,52,1,54,1" doraHai="89" who="1" fromWho="1" sc="250,-20,250,40,250,-10,250,-10" />
</Scene>
<Scene>
<INIT seed="1,0,0,2,0,46" ten="230,290,240,240" oya="1" hai0="113,91,88,108,120,33,78,71,94,79,60,34,125" hai1="103,29,31,82,135,97,8,70,72,51,48,104,84" hai2="36,4,67,110,66,61,39,25,112,63,56,134,65" hai3="102,115,17,15,90,19,106,62,5,64,99,124,126"/><U101/><E135/><V96/><F4/><W47/><G115/><T42/><D42/><U0/><E70/><V27/><F134/><W105/><G5/><T28/><D71/><U22/><E103/><V44/><F96/><W130/><G130/><T54/><D28/><U116/><E116/><V52/><F112/><W74/><G74/><T16/><D113/><U123/><E123/><V43/><F110/><W117/><G117/><T119/><D119/><U3/><E72/><V23/><F36/><W93/><G47/><T107/><D107/><U76/><E8/><V132/><F132/><W10/><G17/><T109/><D120/><U41/><E41/><V85/><F85/><W100/><G100/><T7/><D7/><U6/><E6/><V127/><F127/><N who="3" m="48683" /><G102/><T129/><D125/><U24/><REACH who="1" step="1"/><E31/><REACH who="1" ten="230,280,240,240" step="2"/><V45/><F43/><W69/><AGARI ba="0,1" hai="10,15,19,62,64,69,90,93,99,105,106" m="48683" machi="69" ten="30,1100,0" yaku="18,1" doraHai="46" who="3" fromWho="3" sc="230,-3,280,-5,240,-3,240,21" />
</Scene>
<Scene>
<INIT seed="2,0,0,4,3,70" ten="227,275,237,261" oya="2" hai0="115,125,59,120,123,97,78,83,46,40,35,62,91" hai1="16,6,126,82,21,54,131,100,102,124,29,42,76" hai2="64,68,109,105,28,34,110,5,8,14,99,37,96" hai3="75,1,43,86,22,17,48,27,67,116,128,90,61"/><V130/><F130/><W79/><G116/><T24/><D115/><U73/><E131/><V36/><F68/><W32/><G128/><T50/><D125/><N who="1" m="48235" /><E42/><V132/><F64/><W85/><G1/><T118/><D118/><U108/><E108/><N who="2" m="41579" /><F132/><W106/><G106/><T58/><D58/><U4/><E54/><V39/><F105/><W7/><G7/><N who="1" m="2602" /><E29/><V11/><F11/><W25/><G43/><T111/><D59/><U60/><E60/><V52/><F52/><W13/><G48/><T10/><D62/><U98/><E98/><N who="2" m="37419" /><F28/><W135/><G135/><T119/><D111/><U23/><E23/><V0/><F34/><W71/><G32/><T31/><D119/><U129/><E129/><V41/><F41/><W84/><G67/><T49/><D10/><U56/><E56/><V112/><F112/><W87/><G71/><T47/><D50/><U44/><E44/><V38/><N who="2" m="9216" /><DORA hai="26" /><V65/><F65/><W20/><G61/><T33/><D47/><U122/><E122/><V69/><F69/><W3/><G22/><T103/><D33/><U45/><E45/><V113/><F113/><W121/><G121/><T93/><REACH who="0" step="1"/><D103/><REACH who="0" ten="217,275,237,261" step="2"/><U53/><E53/><V15/><AGARI ba="0,1" hai="0,5,8,14,15" m="9216,37419,41579" machi="15" ten="70,18000,2" yaku="14,1,10,1,52,4" doraHai="70,26" who="2" fromWho="2" sc="217,-60,275,-60,237,190,261,-60" />
</Scene>
<Scene>
<INIT seed="2,1,0,4,4,77" ten="157,215,427,201" oya="2" hai0="28,24,54,32,52,7,133,19,93,73,108,13,87" hai1="90,116,115,100,127,81,11,18,130,39,59,55,125" hai2="104,58,50,94,131,8,134,72,111,23,21,109,84" hai3="121,98,38,105,53,103,86,132,107,40,122,97,110"/><V56/><F104/><W4/><G53/><T62/><D73/><U10/><E115/><V2/><F72/><W135/><G4/><T78/><D108/><N who="2" m="41546" /><F134/><N who="3" m="51243" /><G110/><T31/><D133/><U82/><E39/><V49/><F131/><W22/><G22/><N who="2" m="8201" /><F56/><W79/><G40/><T89/><D7/><U34/><E130/><V119/><F58/><W128/><G38/><T42/><D28/><U20/><E116/><V80/><F94/><N who="3" m="58807" /><G128/><T41/><D62/><U61/><E61/><V45/><F119/><W102/><G105/><T112/><D78/><U99/><E59/><V120/><F45/><W118/><G118/><T96/><D112/><U44/><E44/><V95/><F2/><W67/><G67/><T101/><D42/><U68/><E127/><V92/><F8/><W124/><G124/><T126/><D41/><U29/><E10/><V74/><F49/><W15/><G15/><T47/><D126/><U85/><E11/><V69/><F50/><W48/><G48/><T71/><D47/><U12/><E125/><V0/><F0/><W25/><G25/><T14/><D14/><U76/><E12/><V64/><F64/><W37/><G37/><T117/><D117/><U65/><E65/><V66/><F66/><W16/><G16/><T91/><D19/><U17/><E18/><V30/><F30/><W35/><G35/><T83/><D13/><U114/><E29/><V63/><F63/><W51/><G51/><T1/><D1/><U75/><E34/><V129/><F129/><W26/><G26/><T36/><D36/><U46/><E46/><V57/><BYE who="1" /><F57/><RYUUKYOKU ba="1,0" sc="157,-10,215,-10,427,-10,201,30" hai3="79,86,98,102,107,121,122" />
</Scene>
<Scene>
<INIT seed="3,2,0,0,1,55" ten="147,205,417,231" oya="3" hai0="103,42,125,41,12,38,10,22,78,102,74,19,40" hai1="100,101,107,3,108,123,129,131,81,37,113,96,98" hai2="39,33,21,16,93,94,66,91,9,54,29,17,135" hai3="24,11,0,70,46,82,67,31,63,61,49,59,112"/><W56/><G112/><UN n1="%6E%6E%6E%6E%6E%6E" /><T133/><D38/><U4/><E37/><V95/><F39/><W52/><G82/><T64/><D125/><U7/><E113/><V34/><F135/><W111/><G111/><T44/><D133/><U58/><E108/><V72/><F72/><W48/><G0/><T80/><D44/><U79/><E123/><V117/><F66/><N who="3" m="41311" /><G11/><T121/><D121/><U2/><E81/><V32/><F29/><W124/><G24/><T115/><D115/><U65/><E65/><V68/><F68/><N who="3" m="42095" /><G31/><T83/><D64/><U76/><REACH who="1" step="1"/><E107/><REACH who="1" ten="147,195,417,231" step="2"/><V110/><F110/><W26/><G26/><T6/><REACH who="0" step="1"/><D83/><REACH who="0" ten="137,195,417,231" step="2"/><U75/><E75/><V57/><F94/><W86/><G124/><T104/><D104/><U134/><E134/><V84/><F95/><W128/><G128/><T8/><D8/><U85/><E85/><V71/><F84/><W47/><G86/><T69/><D69/><U126/><E126/><V116/><F71/><W87/><G87/><T28/><D28/><U13/><E13/><AGARI ba="2,2" hai="6,10,12,13,19,22,40,41,42,74,78,80,102,103" machi="13" ten="40,2600,0" yaku="1,1,53,1" doraHai="55" doraHaiUra="105" who="0" fromWho="1" sc="137,52,195,-32,417,0,231,0" />
</Scene>
<Scene>
<INIT seed="4,0,0,2,0,51" ten="189,163,417,231" oya="0" hai0="133,111,11,61,28,115,82,76,130,92,32,7,97" hai1="26,42,73,68,84,85,22,120,14,134,57,19,65" hai2="125,129,58,105,102,37,113,2,98,36,33,44,0" hai3="79,83,56,40,13,6,123,20,67,99,18,104,106"/><T103/><D115/><U96/><E120/><V128/><F113/><W29/><G123/><T48/><D130/><N who="2" m="50282" /><F125/><W75/><G40/><T30/><D133/><U87/><E134/><V10/><F33/><W12/><G29/><T95/><D111/><U4/><E73/><V91/><F91/><W62/><REACH who="3" step="1"/><G99/><REACH who="3" ten="189,163,417,221" step="2"/><T17/><D28/><U80/><E42/><V27/><F98/><W109/><G109/><T114/><D30/><U117/><E96/><V1/><F37/><W38/><G38/><T52/><D114/><U107/><E117/><V122/><F36/><W3/><G3/><T59/><D97/><U71/><E107/><V94/><F1/><W124/><G124/><T127/><D127/><U21/><E71/><V132/><F0/><W88/><G88/><T70/><D103/><U108/><E68/><V55/><F2/><W41/><G41/><T9/><D70/><U89/><E108/><V135/><F105/><W101/><G101/><T121/><D121/><U86/><E4/><V8/><F122/><W45/><G45/><N who="0" m="27663" /><D7/><U110/><E110/><V24/><F44/><W5/><G5/><T77/><D32/><U25/><REACH who="1" step="1"/><E22/><REACH who="1" ten="189,153,417,221" step="2"/><V53/><F135/><W119/><G119/><T69/><D69/><U34/><E34/><V63/><F132/><W54/><G54/><N who="0" m="34039" /><D11/><AGARI ba="0,2" hai="6,11,12,13,18,20,56,62,67,75,79,83,104,106" machi="11" ten="40,1300,0" yaku="1,1,53,0" doraHai="51" doraHaiUra="81" who="3" fromWho="0" sc="189,-13,153,0,417,0,221,33" />
</Scene>
<Scene>
<INIT seed="5,0,0,4,0,88" ten="176,153,417,254" oya="1" hai0="40,122,129,104,121,89,86,102,42,12,45,57,97" hai1="14,90,111,16,84,51,98,130,21,59,60,99,29" hai2="120,132,118,10,22,58,25,80,7,64,109,134,56" hai3="116,47,28,6,54,93,131,128,38,24,39,62,32"/><U48/><E130/><N who="3" m="49706" /><G116/><T126/><D129/><U33/><E111/><V4/><F118/><W65/><G6/><T9/><D57/><U76/><E76/><V50/><F109/><W43/><G54/><T30/><D30/><U61/><E33/><V112/><F112/><W19/><G19/><N who="0" m="8591" /><D45/><U92/><E29/><V36/><F58/><N who="3" m="37079" /><G93/><N who="0" m="54455" /><D126/><U35/><E35/><V117/><F36/><AGARI ba="0,0" hai="24,28,32,36,38,39,43,47" m="37079,49706" machi="36" ten="30,1000,0" yaku="19,1" doraHai="88" who="3" fromWho="2" sc="176,0,153,0,417,-10,254,10" />
</Scene>
<Scene>
<INIT seed="6,0,0,5,3,12" ten="176,153,407,264" oya="2" hai0="101,52,117,105,47,132,99,71,111,81,84,36,80" hai1="64,11,18,74,43,109,129,104,135,46,60,15,34" hai2="126,17,96,20,85,39,131,31,115,128,58,59,97" hai3="21,122,78,14,63,62,130,8,91,23,2,67,106"/><V37/><F115/><W26/><G122/><T100/><D111/><U61/><E109/><V55/><F31/><W66/><G106/><T127/><D71/><U118/><E118/><V30/><F30/><W56/><G2/><T86/><D127/><U75/><E135/><V38/><F85/><W24/><G78/><T0/><D0/><U92/><E129/><N who="2" m="49739" /><F126/><W4/><G130/><T57/><D132/><U112/><E104/><V48/><F58/><N who="3" m="37207" /><G91/><T88/><D100/><U95/><E34/><V33/><F33/><W53/><G67/><T89/><D117/><U10/><E75/><V54/><F54/><W125/><G125/><T29/><D29/><U27/><E74/><V98/><F38/><W76/><G76/><T44/><D36/><U45/><E112/><V41/><F41/><W114/><G114/><T40/><D40/><U87/><E43/><V50/><F50/><AGARI ba="0,0" hai="44,47,50,52,57,80,81,84,86,88,89,99,101,105" machi="50" ten="30,7700,0" yaku="7,1,9,1,54,2" doraHai="12" who="0" fromWho="2" sc="176,77,153,0,407,-77,264,0" />
</Scene>
<Scene>
<INIT seed="7,0,0,2,0,56" ten="253,153,330,264" oya="3" hai0="72,17,81,37,23,24,11,55,52,71,124,47,92" hai1="119,40,45,35,59,0,5,129,16,87,98,43,61" hai2="82,130,48,18,101,120,99,132,28,49,20,126,65" hai3="76,116,90,41,22,58,4,113,15,36,7,29,14"/><W69/><G69/><T108/><D108/><U83/><E129/><V27/><F130/><W44/><G116/><T62/><D37/><U134/><E134/><V33/><F132/><W85/><G76/><T86/><D72/><U93/><E35/><V9/><F126/><W100/><G100/><T127/><D92/><U68/><E68/><V63/><F82/><W30/><G113/><T10/><D47/><U13/><E5/><V121/><F9/><N who="0" m="3082" /><D62/><U89/><E45/><V8/><F8/><W102/><G102/><T103/><D103/><U51/><E51/><V125/><F125/><N who="0" m="48202" /><D71/><U109/><E109/><V80/><F80/><W67/><G29/><T31/><D31/><U95/><E0/><V53/><F53/><W26/><G15/><T107/><D107/><U60/><E119/><V38/><F38/><W25/><G25/><T73/><D73/><U64/><E60/><V34/><F48/><W66/><G90/><AGARI ba="0,0" hai="17,23,24,52,55,81,86,90" m="48202,3082" machi="90" ten="30,2000,0" yaku="18,1,54,1" doraHai="56" who="0" fromWho="3" sc="253,20,153,0,330,0,264,-20" owari="273,7.0,153,-35.0,330,44.0,244,-16.0" />
</Scene>
</mjloggm>