<mjloggm ver="2.3"><GO type="169" lobby="0"/><UN n0="%E3%81%82%E3%81%B2%E3%82%8B%E3%81%95%E3%82%93" n1="%4A%75%6E%37%37%37" n2="%E7%BD%AE%E5%82%98" n3="%E5%A4%AA%E3%81%8F%E3%81%AA%E3%81%84%E3%81%8A" dan="16,16,17,18" rate="2102.23,2085.06,2249.49,2219.70" sx="M,M,M,M"/><TAIKYOKU oya="0"/>

<Scene>
<INIT seed="0,0,0,2,5,74" ten="250,250,250,250" oya="0" hai0="15,98,49,20,129,69,102,134,70,76,121,47,77" hai1="105,50,1,67,41,119,66,93,46,55,39,10,75" hai2="104,34,23,40,30,29,97,48,132,108,86,94,72" hai3="118,53,83,115,87,13,24,84,101,80,18,78,133"/><T11/><D121/><U12/><E105/><V116/><F34/><W99/><G133/><T95/><D129/><U21/><E75/><V37/><F37/><W81/><G115/><T3/><D134/><U113/><E113/><V96/><F72/><W63/><G24/><T14/><D3/><U57/><E119/><V38/><F38/><W109/><G118/><T19/><D69/><U71/><E1/><V2/><F2/><W9/><G109/><T8/><D70/><U36/><E36/><V79/><F116/><W112/><G112/><T135/><D135/><U130/><E130/><V64/><F104/><W42/><G42/><N who="0" m="24823" /><D20/><U17/><E71/><V123/><F123/><W5/><G5/><AGARI ba="0,0" hai="5,8,11,14,15,19,76,77,95,98,102" m="24823" machi="5" ten="30,5800,0" yaku="8,1,52,2" doraHai="74" who="0" fromWho="3" sc="250,58,250,0,250,0,250,-58" />
</Scene>
<Scene>
<INIT seed="0,1,0,0,1,21" ten="308,250,250,192" oya="0" hai0="113,31,18,85,51,61,76,122,4,79,54,109,46" hai1="11,104,42,91,22,82,88,72,96,44,53,130,80" hai2="8,60,3,43,40,15,13,23,126,120,114,25,5" hai3="105,112,75,132,127,84,9,73,70,69,102,98,30"/><T49/><D113/><U131/><E53/><V41/><F120/><W20/><G112/><T68/><D122/><U110/><E110/><V89/><F114/><W111/><G111/><T116/><D116/><U45/><E11/><V86/><F60/><W34/><G127/><T94/><D109/><U38/><E45/><V47/><F47/><W2/><G20/><T1/><D1/><U115/><E115/><V10/><F126/><W78/><G84/><T55/><D4/><U14/><E72/><N who="3" m="27722" /><G78/><T134/><D134/><U17/><E104/><V119/><F119/><W97/><G97/><T48/><D48/><U117/><E117/><V107/><F107/><W67/><G67/><T99/><D85/><U29/><E29/><V39/><F39/><W123/><G132/><T0/><D0/><U65/><E65/><V52/><F52/><W93/><G93/><T57/><D68/><U62/><E62/><V19/><REACH who="2" step="1"/><F10/><REACH who="2" ten="308,250,240,192" step="2"/><W56/><G123/><T59/><D61/><U37/><E37/><V108/><F108/><W100/><G56/><T32/><D46/><U58/><E58/><V133/><F133/><W33/><G70/><T81/><D57/><U124/><E124/><V71/><F71/><W129/><G69/><T27/><D54/><U135/><E135/><V16/><F16/><W6/><G105/><T12/><D51/><U26/><E38/><V66/><F66/><W95/><G9/><T50/><D49/><U92/><E44/><V28/><F28/><W63/><G63/><T118/><D118/><U77/><E42/><V36/><F36/><W35/><G30/><RYUUKYOKU ba="1,1" sc="308,-10,250,-10,240,30,192,-10" hai2="3,5,8,13,15,19,23,25,40,41,43,86,89" />
</Scene>
<Scene>
<INIT seed="1,2,1,5,5,115" ten="298,240,270,182" oya="1" hai0="82,49,37,8,1,122,94,52,4,41,24,64,126" hai1="93,119,26,84,57,106,29,95,130,111,55,17,50" hai2="14,16,121,48,32,135,33,42,109,102,67,69,43" hai3="83,101,62,108,71,11,7,79,76,56,100,45,105"/><U35/><E106/><V123/><F135/><W85/><G71/><T61/><D126/><U30/><E130/><V110/><F102/><W51/><G108/><N who="2" m="41577" /><F67/><W131/><G79/><T12/><D122/><N who="2" m="46602" /><F69/><W21/><G21/><T23/><D64/><U74/><E111/><V46/><F43/><W38/><G38/><T72/><D37/><U87/><E74/><V34/><F34/><W90/><G90/><T18/><D41/><U125/><E125/><V134/><F134/><W58/><G131/><T124/><D124/><U54/><E30/><V19/><F19/><W98/><G62/><T127/><D61/><U36/><E36/><V117/><F117/><W25/><G25/><T75/><D127/><U92/><E119/><V128/><F128/><W133/><G101/><T103/><D24/><U107/><E107/><V40/><F40/><N who="3" m="24999" /><G133/><T3/><D103/><U53/><E17/><V2/><F2/><W9/><G9/><AGARI ba="2,1" hai="9,14,16,32,33,42,46,48" m="46602,41577" machi="9" ten="30,2000,0" yaku="14,1,54,1" doraHai="115" who="2" fromWho="3" sc="298,0,240,0,270,36,182,-26" />
</Scene>
<Scene>
<INIT seed="2,0,0,2,3,68" ten="298,240,306,156" oya="2" hai0="98,74,126,59,12,133,85,11,36,62,48,105,121" hai1="71,125,46,96,60,6,38,132,23,129,14,47,43" hai2="123,21,26,32,97,131,100,39,25,20,49,134,113" hai3="18,28,108,27,42,101,41,95,70,64,122,15,3"/><V89/><F113/><W127/><G122/><T17/><D74/><U45/><E125/><V106/><F123/><W51/><G3/><T75/><D75/><U30/><E129/><V78/><F134/><W82/><G127/><T86/><D126/><U61/><E132/><V109/><F78/><W128/><G128/><T58/><D133/><U8/><E71/><V69/><F131/><W55/><G108/><T31/><D31/><U94/><E61/><V53/><F109/><W93/><G70/><T119/><D121/><U19/><E30/><V80/><F69/><W83/><G64/><T22/><D119/><U135/><E60/><V65/><F39/><W107/><G107/><T5/><D36/><U91/><REACH who="1" step="1"/><E135/><REACH who="1" ten="298,230,306,156" step="2"/><V34/><F65/><W24/><G28/><T84/><D62/><U116/><E116/><V102/><F32/><W66/><G66/><T112/><D112/><U10/><E10/><V103/><F34/><W0/><G0/><AGARI ba="0,1" hai="0,6,8,14,19,23,38,43,45,46,47,91,94,96" machi="0" ten="30,7700,0" yaku="1,1,7,1,52,1,53,1" doraHai="68" doraHaiUra="90" who="1" fromWho="3" sc="298,0,230,87,306,0,156,-77" />
</Scene>
<Scene>
<INIT seed="3,0,0,5,2,86" ten="298,317,306,79" oya="3" hai0="46,38,66,134,25,19,33,104,117,41,64,42,109" hai1="99,113,90,115,123,124,110,7,108,1,125,112,69" hai2="58,30,57,67,35,4,54,71,0,40,11,18,91" hai3="126,81,105,120,76,28,29,127,55,2,39,23,74"/><W101/><G120/><T68/><D117/><U93/><E69/><V79/><F79/><W103/><G39/><T63/><D109/><N who="1" m="42091" /><E7/><V94/><F40/><W83/><G2/><T130/><D130/><U53/><E53/><V102/><F102/><N who="3" m="38923" /><G105/><T82/><D104/><U27/><E27/><V73/><F73/><W3/><G3/><T111/><D111/><U47/><E47/><V45/><F30/><W13/><G55/><T135/><D42/><U62/><E62/><V75/><F75/><W22/><G83/><T77/><D66/><U59/><E59/><V118/><F118/><W32/><G32/><T8/><D8/><U72/><E1/><V119/><F35/><W89/><G89/><T92/><D19/><U12/><E12/><V85/><F119/><W80/><G80/><T60/><D60/><U121/><E72/><V116/><F116/><W31/><G13/><T132/><D25/><U88/><E90/><V114/><F71/><W56/><G56/><T21/><D33/><U97/><E97/><V107/><F67/><W15/><G15/><T95/><D21/><U131/><E131/><V122/><F0/><W44/><G44/><T129/><D129/><U34/><E34/><V52/><F45/><W78/><G78/><T36/><D38/><U98/><E98/><V9/><F54/><W50/><G50/><T96/><D96/><U70/><E70/><V17/><F52/><W84/><G74/><AGARI ba="0,0" hai="36,41,46,63,64,68,74,77,82,92,95,132,134,135" machi="74" ten="40,1300,0" yaku="20,1" doraHai="86" who="0" fromWho="3" sc="298,13,317,0,306,0,79,-13" />
</Scene>
<Scene>
<INIT seed="4,0,0,1,4,124" ten="311,317,306,66" oya="0" hai0="91,32,26,87,123,52,53,62,48,28,77,21,9" hai1="85,2,10,119,78,19,132,68,63,50,73,67,120" hai2="4,79,59,135,103,1,15,61,24,118,29,100,102" hai3="134,49,27,98,31,5,25,69,86,8,45,131,37"/><T111/><D123/><U84/><E120/><V46/><F1/><W96/><G37/><T43/><D111/><U14/><E119/><V126/><F126/><W130/><G69/><T121/><D121/><U107/><E107/><V108/><F108/><W65/><G65/><T54/><D32/><U112/><E2/><V83/><F118/><W133/><G86/><T60/><D77/><U7/><E132/><N who="3" m="50794" /><G96/><T81/><D9/><U129/><E129/><N who="3" m="49162" /><G98/><T18/><D28/><U76/><E112/><V94/><F29/><W16/><G31/><T58/><D58/><U113/><E113/><V122/><F135/><W34/><G34/><T110/><D110/><U128/><E128/><V93/><F59/><W89/><G89/><T82/><D81/><U55/><E73/><V97/><F122/><W90/><G90/><T44/><AGARI ba="0,0" hai="18,21,26,43,44,48,52,53,54,60,62,82,87,91" machi="44" ten="30,6000,0" yaku="0,1,8,1,54,1" doraHai="124" who="0" fromWho="0" sc="311,60,317,-20,306,-20,66,-20" />
</Scene>
<Scene>
<INIT seed="4,1,0,1,0,37" ten="371,297,286,46" oya="0" hai0="5,50,126,2,87,84,9,40,82,110,134,77,28" hai1="10,49,27,25,124,54,4,58,101,103,68,36,41" hai2="108,113,112,129,91,13,90,64,42,85,44,51,59" hai3="14,24,100,107,15,29,65,94,117,7,30,98,74"/><T102/><D134/><U99/><E124/><V19/><F108/><W18/><G117/><T62/><D126/><U45/><E68/><V35/><F35/><W20/><G74/><T79/><D110/><U125/><E125/><V131/><F59/><W12/><G107/><T67/><D28/><U122/><E122/><V127/><F64/><W97/><G7/><T106/><D102/><U111/><E111/><V8/><F127/><W16/><G65/><T71/><D106/><U72/><E72/><V86/><F86/><W70/><G70/><T73/><REACH who="0" step="1"/><D79/><REACH who="0" ten="361,297,286,46" step="2"/><U81/><E103/><V21/><F91/><W121/><G121/><T96/><D96/><U83/><E83/><V34/><F34/><W132/><G132/><T3/><D3/><U38/><E81/><V0/><F0/><W31/><REACH who="3" step="1"/><G98/><REACH who="3" ten="361,297,286,36" step="2"/><T60/><D60/><U47/><E99/><V6/><F113/><W88/><G88/><T135/><D135/><U80/><E101/><V130/><F112/><W33/><G33/><T114/><D114/><U76/><E76/><V26/><REACH who="2" step="1"/><F131/><REACH who="2" ten="361,297,276,36" step="2"/><W123/><G123/><T93/><D93/><AGARI ba="1,3" hai="6,8,13,19,21,26,42,44,51,85,90,93,129,130" machi="93" ten="40,5200,0" yaku="1,1,2,1,52,1,53,0" doraHai="37" doraHaiUra="32" who="2" fromWho="0" sc="361,-55,297,0,276,85,36,0" />
</Scene>
<Scene>
<INIT seed="5,0,0,0,3,26" ten="306,297,361,36" oya="1" hai0="133,20,43,42,135,95,68,131,96,123,104,38,16" hai1="28,51,15,49,94,25,9,64,107,124,108,46,69" hai2="10,88,73,30,75,71,126,134,52,76,115,118,130" hai3="101,3,92,5,32,17,85,1,82,106,58,50,55"/><U122/><E122/><V53/><F71/><W61/><G106/><T40/><D68/><U35/><E124/><V13/><F118/><W47/><G32/><T60/><D104/><U125/><E125/><V37/><F126/><W6/><G1/><T57/><D131/><U74/><E74/><V41/><F130/><W22/><G3/><T114/><D114/><U113/><E113/><V110/><F110/><W90/><G101/><T102/><D123/><U89/><E107/><V2/><F2/><W109/><G109/><T33/><D33/><U44/><E69/><V23/><F134/><W127/><G127/><T8/><D8/><U56/><E64/><V121/><F121/><W87/><G47/><T18/><D38/><U48/><E56/><V91/><F115/><W83/><G61/><T112/><D112/><U4/><REACH who="1" step="1"/><E108/><REACH who="1" ten="306,287,361,36" step="2"/><V111/><F75/><W117/><G117/><T65/><D135/><U14/><E14/><V21/><F73/><W99/><G99/><AGARI ba="0,1" hai="4,9,15,25,28,35,44,46,48,49,51,89,94,99" machi="99" ten="40,3900,0" yaku="1,1,52,1,53,0" doraHai="26" doraHaiUra="129" who="1" fromWho="3" sc="306,0,287,49,361,0,36,-39" owari="306,-9.0,336,14.0,361,45.0,-3,-50.0" />
</Scene>
</mjloggm>