<mjloggm ver="2.3"><GO type="169" lobby="0"/><UN n0="%E3%82%89%E3%81%84%E3%81%A1%E3%82%87%E3%81%86" n1="%E3%81%A4%E3%81%A3%E3%81%8D%EF%BD%9E%32%6E%64" n2="%E7%84%A1%E7%A5%9E%E8%AB%96%E8%80%85" n3="%E5%A4%AA%E3%81%8F%E3%81%AA%E3%81%84%E3%81%8A" dan="17,17,17,18" rate="2151.60,2088.22,2171.55,2141.52" sx="M,F,M,M"/><TAIKYOKU oya="0"/>

<Scene>
<INIT seed="0,0,0,5,3,89" ten="250,250,250,250" oya="0" hai0="33,111,108,63,41,90,123,60,40,54,5,67,51" hai1="105,86,76,46,10,45,37,78,30,12,83,6,94" hai2="26,64,75,49,100,96,56,132,22,16,68,110,47" hai3="9,106,27,70,28,130,125,25,42,52,1,112,117"/><T44/><D33/><U116/><E116/><V53/><F75/><W93/><G106/><T71/><D5/><U124/><E105/><V24/><F110/><N who="0" m="42026" /><D90/><N who="1" m="53591" /><E124/><V74/><F74/><W34/><G70/><N who="0" m="42343" /><D123/><U32/><E37/><V134/><F68/><W18/><G117/><T121/><D121/><U79/><E32/><V50/><F64/><AGARI ba="0,0" hai="40,41,44,51,54,63,64,71" m="42343,42026" machi="64" ten="30,11600,0" yaku="14,1,10,1,34,2" doraHai="89" who="0" fromWho="2" sc="250,116,250,0,250,-116,250,0" />
</Scene>
<Scene>
<INIT seed="0,1,0,3,4,94" ten="366,250,134,250" oya="0" hai0="81,0,54,103,28,15,105,132,111,31,37,66,33" hai1="64,92,74,58,120,43,107,5,44,102,101,127,36" hai2="104,110,30,48,2,59,53,21,72,11,55,71,125" hai3="90,52,22,89,40,45,122,51,23,14,9,18,91"/><T1/><D37/><U119/><E119/><V84/><F72/><W108/><G108/><T77/><D54/><U98/><E120/><V70/><F125/><W60/><G122/><T93/><D31/><U27/><E127/><V63/><F110/><W7/><G60/><T25/><D15/><U8/><E74/><V87/><F104/><W42/><REACH who="3" step="1"/><G23/><REACH who="3" ten="366,250,134,240" step="2"/><T16/><D111/><U62/><E27/><AGARI ba="1,1" hai="7,9,14,18,22,27,40,42,45,51,52,89,90,91" machi="27" ten="40,8000,1" yaku="1,1,2,1,8,1,54,1,53,1" doraHai="94" doraHaiUra="50" who="3" fromWho="1" sc="366,0,250,-83,134,0,240,93" />
</Scene>
<Scene>
<INIT seed="1,0,0,1,0,128" ten="366,167,134,333" oya="1" hai0="51,17,83,29,61,125,18,8,109,31,41,87,103" hai1="84,88,92,32,111,89,55,105,10,64,131,85,39" hai2="46,104,16,99,93,54,15,65,98,100,101,126,34" hai3="114,0,6,30,7,94,91,117,132,116,12,24,26"/><U135/><E131/><V13/><F34/><W124/><G0/><T52/><D109/><U90/><E111/><V77/><F126/><W9/><G114/><T2/><D103/><U122/><E122/><V72/><F65/><W48/><G124/><T110/><D110/><U107/><E39/><V36/><F72/><W81/><G81/><T50/><D2/><U49/><E32/><V44/><F77/><W67/><G67/><T5/><D61/><U118/><E118/><N who="3" m="45674" /><G132/><T1/><D41/><U127/><E127/><V59/><F15/><W35/><G24/><T47/><D51/><U120/><E120/><V78/><F78/><W106/><G106/><T112/><D112/><U22/><E64/><V20/><REACH who="2" step="1"/><F36/><REACH who="2" ten="366,167,124,333" step="2"/><W129/><G129/><T119/><D125/><U130/><E130/><V121/><F121/><W134/><G12/><T14/><D119/><U19/><E10/><V28/><F28/><N who="0" m="10826" /><D1/><U79/><E79/><AGARI ba="0,1" hai="5,8,14,17,18,47,50,52,79,83,87" m="10826" machi="79" ten="30,2000,0" yaku="8,1,54,1" doraHai="128" who="0" fromWho="1" sc="366,30,167,-20,124,0,333,0" />
</Scene>
<Scene>
<INIT seed="2,0,0,3,4,39" ten="396,147,124,333" oya="2" hai0="131,91,92,119,58,68,108,120,78,48,127,133,36" hai1="20,25,123,67,29,17,128,72,88,112,4,32,71" hai2="37,28,1,10,86,41,97,129,66,106,74,22,50" hai3="14,54,75,89,117,87,121,101,107,0,30,11,94"/><V85/><F74/><W38/><G117/><T103/><D68/><U118/><E118/><V73/><F73/><W114/><G121/><T18/><D36/><U57/><E112/><V6/><F37/><W102/><G0/><T27/><D103/><U69/><E123/><V132/><F132/><W81/><G38/><T126/><D120/><U93/><E128/><V100/><F129/><W83/><G114/><T44/><D78/><U79/><E72/><V45/><REACH who="2" step="1"/><F66/><REACH who="2" ten="396,147,114,333" step="2"/><W42/><G75/><T135/><D131/><U56/><E67/><V110/><F110/><W24/><G107/><T55/><D108/><U62/><E69/><V33/><F33/><W63/><G63/><T3/><D135/><U51/><E32/><V7/><F7/><W26/><G54/><T19/><D133/><U8/><E4/><V113/><F113/><W116/><G116/><T53/><D119/><U52/><E71/><V15/><F15/><W46/><G14/><T130/><D130/><U59/><E62/><V47/><F47/><W64/><G64/><T61/><D55/><U76/><E59/><V21/><F21/><W134/><G134/><T77/><D61/><U95/><E57/><V49/><F49/><W124/><G46/><T2/><D44/><U90/><E8/><V125/><F125/><W31/><G124/><T111/><D127/><U65/><E65/><V34/><F34/><W13/><G11/><T16/><D126/><U96/><REACH who="1" step="1"/><E17/><REACH who="1" ten="396,137,114,333" step="2"/><V60/><F60/><W84/><G30/><T109/><D109/><U12/><E12/><V115/><F115/><W99/><G13/><RYUUKYOKU ba="0,2" sc="396,-15,137,15,114,15,333,-15" hai1="20,25,29,51,52,56,76,79,88,90,93,95,96" hai2="1,6,10,22,28,41,45,50,85,86,97,100,106" />
</Scene>
<Scene>
<INIT seed="2,1,2,3,2,105" ten="381,152,129,318" oya="2" hai0="85,83,30,80,48,73,97,32,135,13,3,58,96" hai1="119,2,63,11,103,14,100,36,128,102,64,113,37" hai2="95,134,10,133,118,52,71,70,45,39,86,56,47" hai3="34,17,6,24,111,15,8,22,91,54,31,42,61"/><V43/><F10/><W28/><G111/><T101/><D3/><U40/><E119/><V123/><F118/><W4/><G42/><T129/><D30/><N who="3" m="11305" /><G91/><N who="0" m="51623" /><D32/><U126/><E113/><V112/><F86/><W75/><G75/><T67/><D48/><U115/><E115/><V26/><F26/><W89/><G89/><T107/><D58/><U72/><E128/><V0/><F95/><W98/><G98/><N who="0" m="61879" /><D67/><U90/><E126/><V78/><F0/><W19/><G34/><T27/><D13/><U116/><E2/><V114/><F78/><W110/><G110/><T122/><D27/><U55/><E116/><V69/><F123/><W121/><G121/><T62/><D62/><U20/><E20/><V88/><F88/><W35/><G35/><T12/><D12/><U21/><E90/><V130/><F130/><W29/><G29/><T87/><D122/><U132/><E21/><V124/><F124/><W49/><G61/><T92/><D129/><U7/><E63/><N who="2" m="36231" /><F47/><AGARI ba="1,2" hai="4,6,8,15,17,19,22,24,47,49,54" m="11305" machi="47" ten="30,1000,0" yaku="8,1" doraHai="105" who="3" fromWho="2" sc="381,0,152,0,129,-13,318,33" />
</Scene>
<Scene>
<INIT seed="3,0,0,3,2,118" ten="381,152,116,351" oya="3" hai0="45,67,31,21,64,116,41,60,26,46,105,129,5" hai1="33,115,85,94,68,75,89,35,34,53,50,16,117" hai2="18,20,122,22,3,28,97,86,77,56,104,124,93" hai3="2,114,88,128,13,80,101,95,47,19,52,66,29"/><W36/><G2/><T8/><D129/><U9/><E115/><V119/><F3/><W4/><G128/><T39/><D105/><U110/><E110/><V109/><F104/><W27/><G114/><T130/><D130/><U24/><E117/><V10/><F109/><W83/><G4/><T65/><D46/><U49/><E68/><V23/><F124/><W32/><G101/><T69/><REACH who="0" step="1"/><D116/><REACH who="0" ten="371,152,116,351" step="2"/><U127/><E127/><V61/><F119/><W0/><G36/><T100/><D100/><U126/><E126/><V62/><F28/><W51/><G0/><AGARI ba="0,1" hai="0,5,8,21,26,31,39,41,45,60,64,65,67,69" machi="0" ten="30,2000,0" yaku="1,1,7,1,53,0" doraHai="118" doraHaiUra="12" who="0" fromWho="3" sc="371,30,152,0,116,0,351,-20" />
</Scene>
<Scene>
<INIT seed="4,0,0,1,5,2" ten="401,152,116,331" oya="0" hai0="131,108,54,27,22,17,80,92,101,97,126,43,128" hai1="66,60,116,88,114,94,132,93,18,104,20,89,76" hai2="119,90,84,62,102,113,69,124,67,111,34,117,4" hai3="109,71,115,51,121,16,49,19,45,95,96,40,99"/><T86/><D126/><U78/><E116/><V125/><F34/><W25/><G109/><T6/><D108/><U41/><E104/><V82/><F111/><W58/><G71/><T3/><D43/><U31/><E132/><V106/><F113/><W38/><G115/><T100/><D100/><U9/><E31/><V63/><F63/><W65/><G121/><T39/><D39/><U29/><E29/><V26/><F26/><W133/><G133/><T10/><REACH who="0" step="1"/><D54/><REACH who="0" ten="391,152,116,331" step="2"/><U33/><E41/><V74/><F102/><W123/><G38/><T46/><D46/><U53/><E53/><V15/><F106/><W36/><G36/><T14/><D14/><U127/><E127/><N who="2" m="48715" /><F74/><W28/><G123/><T13/><D13/><U47/><E47/><V73/><F73/><W135/><G135/><T83/><D83/><U77/><E114/><V79/><F79/><AGARI ba="0,1" hai="3,6,10,17,22,27,79,80,86,92,97,101,128,131" machi="79" ten="40,7700,0" yaku="1,1,52,1,53,1" doraHai="2" doraHaiUra="0" who="0" fromWho="2" sc="391,87,152,0,116,-77,331,0" />
</Scene>
<Scene>
<INIT seed="4,1,0,2,5,71" ten="478,152,39,331" oya="0" hai0="1,103,22,114,118,109,69,107,125,31,84,79,0" hai1="27,89,134,115,12,86,73,68,60,58,59,56,29" hai2="117,26,17,81,65,15,97,112,67,95,72,120,30" hai3="91,35,46,52,48,126,131,80,66,9,119,37,21"/><T70/><D118/><U20/><E134/><V74/><F120/><W53/><G35/><T13/><D103/><U127/><E127/><V40/><F112/><W16/><G119/><T64/><D107/><U100/><E115/><V39/><F74/><W57/><G126/><T133/><D84/><U99/><E73/><V82/><F72/><W4/><G131/><T92/><D92/><U7/><E68/><V18/><F18/><W42/><G80/><T51/><D79/><U6/><E60/><V78/><F117/><W76/><G76/><T2/><D13/><U28/><E28/><V128/><F128/><W98/><G91/><T63/><D22/><U132/><E132/><V94/><F94/><W25/><G98/><T116/><D31/><U43/><E43/><V10/><F81/><W77/><G77/><T36/><D116/><U87/><E12/><V24/><F24/><W38/><G66/><N who="0" m="41183" /><D125/><U50/><E50/><V3/><F3/><W83/><G83/><T111/><D133/><U14/><E14/><V113/><F113/><W105/><G105/><T34/><D114/><U19/><E29/><V41/><F82/><W121/><G121/><T11/><D0/><U33/><E33/><V123/><F78/><W75/><G75/><T23/><D1/><U101/><E87/><V90/><F123/><W110/><G110/><T124/><D124/><U106/><E100/><V129/><F129/><W5/><G9/><T108/><D111/><U122/><E122/><V135/><F135/><W104/><G5/><T102/><D109/><U55/><E55/><V93/><F97/><RYUUKYOKU ba="1,0" sc="478,-10,152,30,39,-10,331,-10" hai1="6,7,19,20,27,56,58,59,86,89,99,101,106" />
</Scene>
<Scene>
<INIT seed="5,2,0,4,3,120" ten="468,182,29,321" oya="1" hai0="66,131,111,101,26,133,32,109,54,106,98,34,58" hai1="51,1,124,47,96,37,100,73,77,71,60,15,38" hai2="21,86,125,35,79,84,93,90,92,114,97,12,117" hai3="10,132,85,62,91,52,130,22,119,64,33,39,48"/><U44/><E124/><V24/><F117/><W46/><G33/><T42/><D34/><U14/><E1/><V80/><F125/><W76/><G119/><T55/><D42/><U70/><E73/><V28/><F114/><W75/><G132/><T41/><D41/><U40/><E77/><V31/><F35/><W102/><G130/><T94/><D131/><U99/><E40/><V81/><F12/><W5/><G39/><T95/><D133/><U17/><E51/><V27/><REACH who="2" step="1"/><F97/><REACH who="2" ten="468,182,19,321" step="2"/><W56/><G102/><T9/><D98/><U50/><E15/><V11/><F11/><W19/><G10/><T78/><D9/><U25/><E14/><V13/><F13/><W108/><G5/><T116/><D101/><U121/><E96/><V122/><F122/><W104/><G22/><T67/><D116/><U4/><E99/><V53/><F53/><W18/><G52/><T61/><D55/><U43/><E4/><V112/><F112/><W83/><G104/><T45/><D106/><U107/><E100/><V127/><F127/><W2/><G2/><T118/><D118/><U23/><E107/><V88/><F88/><W129/><G91/><T82/><D54/><U134/><E121/><V7/><F7/><W72/><G129/><T68/><D32/><U135/><E134/><V8/><F8/><W74/><G76/><T49/><D78/><U57/><E135/><V110/><F110/><W123/><G108/><T113/><D111/><U65/><E37/><V6/><F6/><W36/><G123/><T128/><D109/><U126/><E126/><V87/><F87/><RYUUKYOKU ba="2,1" sc="468,-15,182,15,19,15,321,-15" hai1="17,23,25,38,43,44,47,50,57,60,65,70,71" hai2="21,24,27,28,31,79,80,81,84,86,90,92,93" />
</Scene>
<Scene>
<INIT seed="5,3,1,3,0,103" ten="453,197,34,306" oya="1" hai0="25,128,41,64,73,95,6,55,74,93,16,89,97" hai1="71,57,33,20,54,36,66,75,40,69,49,81,104" hai2="123,19,102,38,65,79,84,11,4,5,116,122,90" hai3="108,46,99,44,2,117,70,22,78,111,107,106,77"/><U87/><E75/><V121/><F38/><W37/><G70/><T135/><D41/><U134/><E33/><V98/><F65/><W127/><G2/><T126/><D64/><U60/><E134/><V9/><F79/><W83/><G22/><N who="0" m="13511" /><D135/><U82/><E71/><V13/><F116/><W125/><G117/><T50/><D74/><U118/><E118/><V86/><F86/><W51/><G37/><T26/><D73/><U56/><E56/><V17/><F17/><W101/><G83/><T42/><D42/><U91/><E20/><V130/><F130/><W129/><G129/><T47/><D6/><U58/><E58/><V76/><F76/><W96/><G101/><T14/><D126/><U29/><E29/><V34/><F34/><W92/><G92/><T18/><D26/><U53/><E53/><V80/><REACH who="2" step="1"/><F11/><REACH who="2" ten="453,197,24,306" step="2"/><W52/><G78/><T63/><D18/><U39/><E39/><V100/><F100/><W72/><G77/><T85/><D85/><U112/><E87/><V45/><F45/><W43/><G72/><T48/><D47/><N who="1" m="23943" /><E91/><V68/><F68/><W30/><G30/><T61/><D128/><U35/><E35/><V3/><F3/><W94/><G43/><T15/><D89/><U88/><E88/><V62/><F62/><W113/><G44/><T12/><D63/><U10/><E10/><V124/><F124/><W23/><G127/><T31/><D61/><U0/><E0/><V131/><F131/><W105/><G125/><T21/><D21/><U119/><E119/><V109/><F109/><W27/><G111/><T1/><D1/><RYUUKYOKU ba="3,2" sc="453,-10,197,-10,24,30,306,-10" hai2="4,5,9,13,19,80,84,90,98,102,121,122,123" />
</Scene>
<Scene>
<INIT seed="6,4,2,1,2,90" ten="443,187,54,296" oya="2" hai0="98,57,56,25,47,121,92,107,16,21,80,86,13" hai1="59,129,95,105,0,97,33,15,127,27,29,108,88" hai2="132,20,64,122,78,120,123,100,37,116,134,50,81" hai3="30,14,38,24,54,70,91,118,32,128,114,76,55"/><V67/><F37/><W63/><G118/><T28/><D107/><U41/><E108/><V9/><F116/><W75/><G38/><T101/><D47/><U44/><E0/><V35/><F35/><W7/><G76/><N who="0" m="46343" /><D121/><U62/><E129/><V113/><F113/><W71/><G75/><T125/><D125/><U1/><E1/><V18/><F9/><AGARI ba="4,2" hai="9,13,16,21,25,28,56,57,92,98,101" m="46343" machi="9" ten="30,3900,0" yaku="8,1,52,1,54,1" doraHai="90" who="0" fromWho="2" sc="443,71,187,0,54,-51,296,0" />
</Scene>
<Scene>
<INIT seed="7,0,0,3,4,70" ten="514,187,3,296" oya="3" hai0="81,26,30,18,33,12,55,47,106,120,127,83,24" hai1="135,77,98,97,20,128,6,89,16,80,114,86,125" hai2="58,65,121,95,45,35,42,124,44,94,131,37,91" hai3="66,53,1,52,74,130,96,62,50,82,59,101,54"/><W63/><G1/><T2/><D24/><U10/><E114/><V5/><F35/><W88/><G130/><T64/><D64/><U123/><E123/><V23/><F121/><W76/><G63/><T107/><D127/><U4/><E128/><V29/><F131/><W111/><G111/><T60/><D120/><U7/><E125/><V87/><F5/><W75/><G75/><T93/><D93/><U39/><E135/><V68/><F68/><W133/><G133/><T56/><D47/><U25/><E39/><V3/><F3/><W21/><G21/><T22/><D2/><U78/><REACH who="1" step="1"/><E10/><REACH who="1" ten="514,177,3,296" step="2"/><V71/><F71/><W84/><G74/><T100/><D107/><U104/><E104/><V43/><F124/><W31/><G31/><T15/><D106/><U118/><E118/><V9/><F9/><W109/><G109/><T0/><D30/><U72/><E72/><V116/><F116/><W108/><G108/><T117/><D117/><U92/><E92/><V34/><F34/><W40/><G76/><AGARI ba="0,1" hai="4,6,7,16,20,25,76,77,78,80,86,89,97,98" machi="76" ten="40,5200,0" yaku="1,1,8,1,54,1,53,0" doraHai="70" doraHaiUra="122" who="1" fromWho="3" sc="514,0,177,62,3,0,296,-52" owari="514,62.0,239,-16.0,3,-50.0,244,4.0" />
</Scene>
</mjloggm>