<mjloggm ver="2.3"><GO type="169" lobby="0"/><UN n0="%66%75%6A%69%32%32%39" n1="%E9%9B%AA%E4%B9%83%E7%80%AC%E9%BA%97" n2="%E5%8F%8A%E5%B7%9D%E5%86%B0%E9%BA%97" n3="%E5%A4%AA%E3%81%8F%E3%81%AA%E3%81%84%E3%81%8A" dan="17,16,16,17" rate="2140.63,2052.21,2125.85,2185.40" sx="M,M,F,M"/><TAIKYOKU oya="0"/>

<Scene>
<INIT seed="0,0,0,2,0,48" ten="250,250,250,250" oya="0" hai0="34,84,50,60,116,130,55,13,133,101,97,63,29" hai1="56,74,61,45,58,68,71,107,85,78,91,49,95" hai2="0,75,33,12,18,19,120,88,42,119,99,126,132" hai3="81,10,66,129,24,108,17,22,131,46,103,20,39"/><T32/><D116/><U121/><E121/><V27/><F119/><W113/><G113/><T8/><D130/><N who="3" m="49673" /><G108/><T96/><D133/><U117/><E107/><V40/><F0/><W41/><G103/><T82/><D32/><U104/><E58/><V57/><F120/><W38/><G66/><T30/><D34/><U110/><E104/><V28/><F126/><W53/><G10/><T111/><D111/><U43/><E117/><V122/><F122/><W9/><G9/><T59/><D30/><U125/><E125/><V134/><F75/><W77/><G22/><T25/><D25/><U90/><E110/><V23/><F19/><W51/><G41/><T98/><D29/><U5/><E5/><V1/><F1/><W3/><G3/><T4/><REACH who="0" step="1"/><D101/><REACH who="0" ten="240,250,250,250" step="2"/><U2/><E2/><V47/><F134/><W69/><G69/><T64/><D64/><U54/><E71/><V15/><F132/><W52/><G53/><T135/><D135/><U76/><E68/><V92/><F33/><W26/><G26/><T7/><D7/><U83/><REACH who="1" step="1"/><E74/><AGARI ba="0,1" hai="17,20,24,38,39,46,51,52,74,77,81" m="49673" machi="74" ten="30,3900,0" yaku="19,1,52,1,54,1" doraHai="48" who="3" fromWho="1" sc="240,0,250,-39,250,0,250,49" />
</Scene>
<Scene>
<INIT seed="1,0,0,1,1,93" ten="240,211,250,299" oya="1" hai0="60,7,107,118,87,122,121,52,11,94,16,75,6" hai1="8,130,134,25,113,63,96,100,58,22,114,13,41" hai2="30,104,55,38,67,112,43,0,84,123,24,73,90" hai3="23,26,53,14,77,97,2,91,45,129,81,21,17"/><U9/><E130/><V50/><F123/><N who="0" m="47114" /><D75/><U35/><E134/><V115/><F73/><W27/><G2/><T125/><D107/><U89/><E35/><V54/><F0/><W124/><G129/><T29/><D29/><U57/><E41/><V82/><F67/><W33/><G124/><T51/><D60/><U117/><E89/><V59/><F104/><W120/><G120/><T44/><D118/><U64/><E58/><V88/><F90/><W39/><G33/><T101/><D125/><U28/><E117/><V47/><REACH who="2" step="1"/><F55/><REACH who="2" ten="240,211,240,299" step="2"/><W98/><G91/><N who="0" m="53631" /><D101/><U78/><E78/><V19/><F19/><W65/><G65/><T135/><D135/><U46/><E46/><V85/><F85/><W92/><G53/><T61/><D61/><U70/><E70/><V116/><F116/><W31/><G77/><T108/><D108/><U95/><E9/><V68/><F68/><W34/><G45/><T105/><D105/><U119/><E119/><V86/><F86/><W71/><G71/><T12/><AGARI ba="0,1" hai="6,7,11,12,16,44,51,52" m="53631,47114" machi="12" ten="30,4000,0" yaku="13,1,54,2" doraHai="93" who="0" fromWho="0" sc="240,50,211,-20,240,-10,299,-10" />
</Scene>
<Scene>
<INIT seed="2,0,0,1,2,57" ten="290,191,230,289" oya="2" hai0="45,131,106,69,60,79,17,5,41,73,19,132,99" hai1="22,7,115,117,61,34,127,98,15,62,44,82,35" hai2="134,121,20,6,10,2,113,8,1,104,123,43,112" hai3="12,107,9,54,63,64,4,55,29,3,58,105,47"/><V68/><F104/><W95/><G29/><T50/><D5/><U37/><E115/><N who="2" m="44107" /><F68/><W80/><G95/><T97/><D131/><U85/><E117/><V36/><F43/><W27/><G27/><T40/><D40/><U71/><E127/><V23/><F36/><W77/><G3/><N who="2" m="1033" /><F134/><W13/><G13/><T42/><D42/><U92/><E37/><V28/><F28/><W72/><REACH who="3" step="1"/><G47/><REACH who="3" ten="290,191,230,279" step="2"/><T90/><D45/><U78/><E15/><V100/><F100/><W0/><G0/><T26/><D26/><U33/><E44/><V108/><F108/><W88/><G88/><T18/><D90/><U128/><E92/><V65/><F6/><W32/><G32/><T49/><D106/><AGARI ba="0,1" hai="4,9,12,54,55,58,63,64,72,77,80,105,106,107" machi="106" ten="40,8000,1" yaku="1,1,52,1,53,2" doraHai="57" doraHaiUra="48" who="3" fromWho="0" sc="290,-80,191,0,230,0,279,90" />
</Scene>
<Scene>
<INIT seed="3,0,0,5,3,65" ten="210,191,230,369" oya="3" hai0="24,100,128,20,19,29,56,80,107,52,93,94,63" hai1="110,71,22,135,49,130,59,55,95,116,47,32,96" hai2="103,69,51,25,40,34,129,43,113,92,73,112,91" hai3="12,36,84,16,10,88,39,98,48,131,3,117,99"/><W101/><G117/><T21/><D128/><U28/><E110/><V66/><F129/><W37/><G131/><T17/><D107/><U104/><E135/><V124/><F73/><W54/><G3/><T62/><D100/><U109/><E109/><V50/><F103/><W125/><G125/><T13/><D80/><U76/><E130/><V9/><F51/><W46/><REACH who="3" step="1"/><G101/><REACH who="3" ten="210,191,230,359" step="2"/><T81/><D81/><AGARI ba="0,1" hai="10,12,16,36,37,39,46,48,54,81,84,88,98,99" machi="81" ten="40,18000,2" yaku="1,1,2,1,25,2,54,2,53,1" doraHai="65" doraHaiUra="41" who="3" fromWho="0" sc="210,-180,191,0,230,0,359,190" />
</Scene>
<Scene>
<INIT seed="3,1,0,1,4,47" ten="30,191,230,549" oya="3" hai0="27,76,21,135,5,64,109,122,83,22,88,112,17" hai1="100,95,78,45,41,90,6,1,8,52,117,40,36" hai2="102,119,62,42,9,126,71,131,16,120,72,53,121" hai3="0,58,94,34,48,124,51,49,98,80,54,44,31"/><W29/><G0/><T50/><D122/><U113/><E113/><V57/><F119/><W4/><G124/><T127/><D64/><U69/><E69/><V66/><F126/><W101/><G4/><T108/><D127/><U67/><E67/><V104/><F131/><W60/><G34/><T123/><D123/><N who="2" m="47178" /><F72/><W35/><G35/><T87/><D112/><U129/><E117/><V73/><F73/><W85/><G44/><T15/><D135/><U77/><E41/><V65/><F42/><W93/><G93/><T111/><D5/><U128/><E100/><V115/><F71/><W97/><G97/><T103/><D103/><U55/><E78/><AGARI ba="1,0" hai="29,31,48,49,51,54,58,60,78,80,85,94,98,101" machi="78" ten="40,12000,1" yaku="8,1,52,3" doraHai="47" who="3" fromWho="1" sc="30,0,191,-123,230,0,549,123" />
</Scene>
<Scene>
<INIT seed="3,2,0,2,0,50" ten="30,68,230,672" oya="3" hai0="83,80,85,19,65,129,6,60,47,1,17,55,79" hai1="21,34,13,32,93,18,115,109,39,46,42,135,9" hai2="132,2,71,23,118,27,38,8,70,119,56,120,89" hai3="113,53,66,29,69,74,95,37,105,117,76,11,125"/><W103/><G53/><T108/><D108/><U104/><E115/><V123/><F38/><W72/><G95/><T58/><D129/><U114/><E114/><V82/><F132/><W100/><G11/><T96/><D1/><U24/><E104/><V101/><F101/><W63/><G29/><T36/><D6/><U126/><E126/><V99/><F8/><W10/><G63/><T116/><D116/><U98/><E109/><V54/><F2/><W48/><G48/><N who="0" m="29087" /><D36/><U106/><E106/><V4/><F4/><W133/><G76/><T90/><D83/><U45/><E45/><V87/><F99/><W91/><G91/><T43/><D43/><U134/><E34/><V20/><F119/><W122/><G66/><T111/><D111/><U16/><REACH who="1" step="1"/><E32/><REACH who="1" ten="30,58,230,672" step="2"/><V40/><F118/><W61/><G105/><T15/><D15/><U86/><E86/><V110/><F87/><W107/><G107/><T77/><D96/><U30/><E30/><V3/><F110/><W5/><G113/><T25/><D25/><U62/><E62/><V112/><F27/><W26/><G61/><T22/><D77/><U57/><E57/><V131/><F56/><W7/><G117/><T81/><D79/><U67/><E67/><V124/><F112/><W0/><G26/><N who="0" m="14671" /><D80/><U49/><E49/><V73/><F82/><W33/><G33/><T88/><D90/><AGARI ba="2,1" hai="9,13,16,18,21,24,39,42,46,90,93,98,134,135" machi="90" ten="40,5200,0" yaku="1,1,54,1,53,1" doraHai="50" doraHaiUra="68" who="1" fromWho="0" sc="30,-58,58,68,230,0,672,0" owari="-28,-53.0,126,-27.0,230,3.0,672,77.0" />
</Scene>
</mjloggm>