<mjloggm ver="2.3"><GO type="169" lobby="0"/><UN n0="%6D%61%67%69%63%6F" n1="%E5%89%8D%E6%88%AF%33%30%E5%88%86" n2="%E5%A4%AA%E3%81%8F%E3%81%AA%E3%81%84%E3%81%8A" n3="%E3%81%97%E3%82%87%E3%81%BC%E3%82%93%EF%BD%8E" dan="16,17,17,16" rate="2083.67,2238.33,2125.68,2130.09" sx="M,M,M,M"/><TAIKYOKU oya="0"/>

<Scene>
<INIT seed="0,0,0,3,4,130" ten="250,250,250,250" oya="0" hai0="33,78,98,67,62,102,95,53,58,56,65,28,94" hai1="127,1,12,133,88,108,63,23,6,113,75,14,38" hai2="54,83,82,103,104,116,55,123,99,9,18,109,48" hai3="51,61,0,90,79,35,24,36,126,69,7,89,20"/><T39/><D39/><U70/><E75/><V119/><F109/><W27/><G36/><T117/><D117/><N who="2" m="45130" /><F123/><W16/><G126/><T21/><D33/><U66/><E108/><V4/><F18/><W73/><G51/><T77/><D94/><U101/><E1/><N who="2" m="143" /><F55/><W91/><G79/><T85/><D85/><U81/><E38/><V3/><F3/><W64/><G73/><T68/><D68/><U26/><E6/><V134/><F134/><W107/><G107/><T13/><D65/><U19/><E133/><V111/><F111/><W41/><G41/><T71/><D71/><U132/><E127/><V47/><AGARI ba="0,0" hai="47,48,54,82,83,99,103,104" m="143,45130" machi="47" ten="30,1100,0" yaku="12,1" doraHai="130" who="2" fromWho="2" sc="250,-5,250,-3,250,11,250,-3" />
</Scene>
<Scene>
<INIT seed="1,0,0,3,2,16" ten="245,247,261,247" oya="1" hai0="123,59,86,20,95,88,115,118,127,62,125,7,27" hai1="54,37,79,126,87,107,60,48,55,43,36,82,74" hai2="98,13,61,93,40,18,49,108,69,117,22,90,109" hai3="25,35,46,122,12,47,66,131,101,5,4,84,58"/><U92/><E107/><V31/><F117/><W50/><G122/><T53/><D118/><U130/><E130/><V33/><F33/><W128/><G101/><T70/><D115/><U77/><E126/><N who="0" m="48137" /><D70/><U119/><E119/><V113/><F113/><W80/><G66/><T56/><D56/><U71/><E54/><V133/><F133/><W6/><G12/><T42/><D7/><U2/><E2/><V99/><F31/><N who="3" m="19951" /><G50/><T134/><D134/><U103/><E37/><V3/><F3/><W65/><G58/><T34/><D34/><U94/><E36/><V44/><REACH who="2" step="1"/><F99/><REACH who="2" ten="245,247,251,247" step="2"/><W111/><G128/><T91/><D123/><U121/><E121/><V120/><F120/><W8/><G131/><T57/><D57/><U72/><E71/><V105/><F105/><W14/><G111/><T9/><D59/><U83/><E60/><V52/><F52/><W39/><G65/><AGARI ba="0,1" hai="13,18,22,40,44,49,61,65,69,90,93,98,108,109" machi="65" ten="40,2600,0" yaku="1,1,52,1,53,0" doraHai="16" doraHaiUra="81" who="2" fromWho="3" sc="245,0,247,0,251,36,247,-26" />
</Scene>
<Scene>
<INIT seed="2,0,0,4,5,96" ten="245,247,287,221" oya="2" hai0="31,71,41,101,120,125,51,22,105,130,118,66,76" hai1="23,131,78,2,89,115,104,1,75,126,111,38,20" hai2="25,19,81,24,77,27,72,87,34,94,124,90,46" hai3="117,33,5,88,42,53,54,4,100,74,52,95,43"/><V80/><F124/><W122/><G122/><T29/><D120/><U36/><E104/><V56/><F34/><W44/><G117/><T92/><D125/><U35/><E35/><V10/><F56/><W110/><G74/><T61/><D118/><U11/><E75/><V62/><F62/><W3/><G110/><T18/><D130/><U82/><E78/><V13/><F94/><W84/><G33/><T121/><D121/><U133/><E115/><V8/><REACH who="2" step="1"/><F46/><REACH who="2" ten="245,247,277,221" step="2"/><W73/><G44/><T30/><D92/><U55/><E126/><V16/><F16/><W49/><G5/><T15/><D105/><U26/><E131/><V0/><F0/><W102/><G4/><T108/><D61/><U9/><E1/><V85/><F85/><W119/><G3/><T48/><D29/><U40/><E2/><V21/><AGARI ba="0,1" hai="8,10,13,19,21,24,25,27,72,77,80,81,87,90" machi="21" ten="30,3000,0" yaku="1,1,0,1,53,0" doraHai="96" doraHaiUra="58" who="2" fromWho="2" sc="245,-10,247,-10,277,40,221,-10" />
</Scene>
<Scene>
<INIT seed="2,1,0,5,4,13" ten="235,237,317,211" oya="2" hai0="123,89,27,31,68,24,3,67,5,10,83,25,125" hai1="77,118,65,135,98,134,41,39,87,20,6,117,69" hai2="2,82,8,45,48,60,86,57,115,94,119,109,73" hai3="30,21,91,26,0,122,128,37,110,14,99,129,50"/><V90/><F115/><W111/><G37/><T52/><D123/><U33/><E33/><V80/><F119/><W133/><G0/><T15/><D125/><U46/><E6/><V132/><F132/><N who="1" m="50729" /><E98/><V17/><F109/><N who="3" m="41483" /><G133/><T124/><D124/><U63/><E20/><V23/><F2/><W93/><G122/><T51/><D68/><U56/><E87/><V43/><F8/><W55/><G14/><T42/><D67/><U32/><E77/><V29/><F29/><W28/><G28/><T116/><D42/><U88/><E88/><N who="2" m="53527" /><F73/><W84/><G99/><T74/><D116/><N who="1" m="44651" /><E32/><V62/><F90/><W35/><G35/><T12/><D74/><U114/><E56/><AGARI ba="1,0" hai="21,26,30,50,55,56,84,91,93,128,129" m="41483" machi="56" ten="30,1000,0" yaku="14,1" doraHai="13" who="3" fromWho="1" sc="235,0,237,-13,317,0,211,13" />
</Scene>
<Scene>
<INIT seed="3,0,0,5,5,53" ten="235,224,317,224" oya="3" hai0="93,115,61,98,75,39,91,120,52,81,63,108,102" hai1="79,54,58,1,114,88,40,0,29,111,106,128,86" hai2="121,65,47,42,97,59,17,41,134,26,35,76,84" hai3="44,16,31,132,125,87,66,129,62,85,60,74,92"/><W27/><G74/><T38/><D120/><U12/><E114/><V45/><F121/><W25/><G132/><T57/><D115/><U49/><E111/><V21/><F134/><W11/><G129/><T55/><D108/><U4/><E128/><V130/><F130/><W101/><G125/><T36/><D75/><U28/><E106/><V8/><F35/><W3/><G44/><N who="2" m="16969" /><F97/><N who="3" m="59559" /><G3/><T104/><D81/><U77/><E40/><N who="2" m="15467" /><F8/><W13/><G62/><T10/><D10/><N who="1" m="4167" /><E0/><V43/><N who="2" m="15475" /><V105/><DORA hai="82" /><F105/><W109/><G109/><T113/><D113/><U51/><E51/><V37/><F37/><W56/><G27/><T34/><D34/><U33/><E1/><V24/><F24/><W19/><G19/><T23/><D23/><AGARI ba="0,0" hai="11,13,16,23,25,31,56,60,66,85,87" m="59559" machi="23" ten="30,18000,2" yaku="25,1,8,1,52,3,54,1" doraHai="53,82" who="3" fromWho="0" sc="235,-180,224,0,317,0,224,180" />
</Scene>
<Scene>
<INIT seed="3,1,0,3,0,18" ten="55,224,317,404" oya="3" hai0="48,104,103,93,27,21,101,112,89,118,131,47,57" hai1="100,1,29,91,69,132,130,38,12,83,34,42,133" hai2="77,76,65,64,50,56,113,24,5,63,36,98,82" hai3="73,122,87,55,108,22,45,127,54,43,7,119,86"/><W30/><G73/><T107/><D118/><U96/><E1/><V66/><F36/><W15/><G119/><T128/><D112/><U74/><E69/><V75/><F113/><W31/><G122/><T110/><D110/><U23/><E34/><V67/><F5/><W59/><G127/><T72/><D72/><U78/><E91/><V92/><F76/><W49/><G108/><T109/><D109/><U53/><E130/><V51/><REACH who="2" step="1"/><F24/><REACH who="2" ten="55,224,307,404" step="2"/><W8/><G54/><T90/><D128/><U11/><E53/><V2/><F2/><W6/><G6/><T37/><D37/><U134/><E38/><V3/><F3/><W120/><G120/><T105/><D131/><U106/><E42/><V115/><F115/><W121/><G121/><T19/><D57/><U14/><E11/><V85/><F85/><W61/><G31/><T129/><D129/><U71/><E71/><V16/><F16/><W62/><G62/><T116/><D116/><U102/><E29/><V123/><F123/><W35/><G35/><T52/><REACH who="0" step="1"/><D90/><AGARI ba="1,1" hai="50,51,56,63,64,65,66,67,75,77,82,90,92,98" machi="90" ten="40,1300,0" yaku="1,1,53,0" doraHai="18" doraHaiUra="32" who="2" fromWho="0" sc="55,-16,224,0,307,26,404,0" />
</Scene>
<Scene>
<INIT seed="4,0,0,5,1,12" ten="39,224,333,404" oya="0" hai0="101,28,131,20,39,26,29,13,25,45,104,87,76" hai1="79,91,68,85,63,40,6,125,50,115,86,117,74" hai2="57,15,81,99,98,71,52,21,126,36,96,119,5" hai3="62,48,118,135,14,61,60,47,38,102,24,34,32"/><T73/><D73/><U55/><E117/><V42/><F71/><W1/><G1/><T18/><D131/><U109/><E109/><V53/><F119/><W121/><G38/><T106/><D101/><U116/><E74/><V17/><F126/><W3/><G3/><T110/><D110/><U93/><E116/><V77/><F5/><W41/><G102/><T95/><D39/><U69/><E40/><V120/><F120/><W88/><G135/><T43/><D25/><U66/><E68/><V83/><F77/><W112/><G112/><T23/><D28/><U123/><E6/><V67/><F67/><W31/><G121/><T46/><D76/><U64/><E64/><V37/><F37/><W4/><G118/><T2/><D2/><U127/><E123/><V8/><F42/><W133/><G133/><T114/><D114/><U107/><E107/><V58/><F36/><W16/><G88/><T122/><D122/><U130/><E130/><V78/><F8/><W113/><G4/><T70/><D70/><U94/><E115/><V0/><F0/><W49/><G113/><T80/><D80/><N who="1" m="47263" /><E93/><V75/><REACH who="2" step="1"/><F83/><REACH who="2" ten="39,224,323,404" step="2"/><W132/><G132/><T89/><REACH who="0" step="1"/><D43/><REACH who="0" ten="29,224,323,404" step="2"/><U30/><E125/><V103/><F103/><W134/><G134/><T19/><D19/><U129/><E127/><V22/><F22/><N who="3" m="11543" /><G32/><T84/><D84/><U65/><E30/><V128/><F128/><W92/><G34/><T111/><D111/><U54/><E129/><V7/><F7/><W27/><G31/><T9/><D9/><U97/><E86/><V105/><F105/><AGARI ba="0,2" hai="13,18,20,23,26,29,45,46,87,89,95,104,105,106" machi="105" ten="40,3900,0" yaku="1,1,52,1,53,0" doraHai="12" doraHaiUra="72" who="0" fromWho="2" sc="29,59,224,0,323,-39,404,0" />
</Scene>
<Scene>
<INIT seed="4,1,0,1,1,75" ten="88,224,284,404" oya="0" hai0="17,18,132,116,94,47,134,130,3,11,76,12,60" hai1="27,55,50,49,30,126,59,113,109,33,0,114,74" hai2="51,38,123,13,120,82,87,112,7,101,133,85,111" hai3="19,44,96,56,83,43,108,23,8,79,80,77,66"/><T24/><D116/><U42/><E0/><V98/><F38/><W48/><G108/><T5/><D130/><U39/><E39/><V131/><F111/><W6/><G96/><T53/><D94/><U46/><E109/><V100/><F131/><W124/><G124/><T34/><D76/><N who="3" m="29257" /><G8/><N who="0" m="2111" /><D47/><U81/><E81/><V63/><F112/><N who="1" m="43113" /><E74/><V95/><F133/><N who="0" m="51306" /><D60/><U88/><E88/><N who="2" m="53663" /><F123/><W121/><G6/><N who="0" m="3191" /><D53/><N who="1" m="32183" /><E126/><V40/><F120/><W36/><G121/><T91/><D91/><U72/><E72/><V97/><F97/><W92/><G92/><T31/><AGARI ba="1,0" hai="17,18,24,31,34" m="3191,51306,2111" machi="31" ten="30,6000,0" yaku="20,1,34,2" doraHai="75" who="0" fromWho="0" sc="88,63,224,-21,284,-21,404,-21" />
</Scene>
<Scene>
<INIT seed="4,2,0,2,5,111" ten="151,203,263,383" oya="0" hai0="57,42,110,116,61,0,62,78,45,13,113,95,25" hai1="64,126,125,89,54,117,124,90,67,106,133,46,14" hai2="11,23,12,36,32,70,69,105,109,41,43,102,73" hai3="4,119,50,21,86,48,77,10,123,56,8,96,79"/><T2/><D116/><U108/><E108/><V82/><F32/><W84/><G119/><T114/><D110/><U101/><E117/><V75/><F109/><W44/><G123/><T17/><D78/><N who="3" m="29705" /><G21/><T16/><D95/><U130/><E101/><V92/><F92/><W27/><G27/><T34/><D0/><U15/><E106/><V74/><F82/><W72/><G72/><T76/><D2/><U68/><E68/><V71/><F23/><W3/><G3/><T1/><D1/><U91/><E130/><V24/><F24/><W93/><G56/><T22/><D76/><U94/><E94/><V40/><F36/><W122/><G4/><T49/><D34/><U65/><E133/><V28/><F28/><W60/><G60/><T66/><REACH who="0" step="1"/><D61/><REACH who="0" ten="141,203,263,383" step="2"/><U121/><E121/><V5/><F102/><W104/><G93/><T118/><D118/><U6/><E124/><V33/><F33/><W55/><G122/><T120/><D120/><U19/><E125/><V85/><F85/><W38/><G86/><T9/><AGARI ba="2,1" hai="9,13,16,17,22,25,42,45,49,57,62,66,113,114" machi="9" ten="30,12000,1" yaku="1,1,0,1,52,2,54,1,53,0" doraHai="111" doraHaiUra="131" who="0" fromWho="0" sc="141,136,203,-42,263,-42,383,-42" />
</Scene>
<Scene>
<INIT seed="4,3,0,0,1,48" ten="277,161,221,341" oya="0" hai0="106,61,96,105,4,59,43,122,132,123,128,81,24" hai1="2,47,88,57,42,7,15,113,23,133,1,50,17" hai2="100,3,120,89,51,92,85,34,79,73,75,130,114" hai3="110,66,72,38,56,6,80,70,112,109,27,29,46"/><T134/><D128/><U131/><E131/><V67/><F130/><W60/><G112/><T121/><D43/><U18/><E113/><V97/><F120/><W52/><G6/><T63/><D4/><U37/><E133/><N who="0" m="51305" /><D81/><U129/><E129/><V14/><F3/><W103/><G103/><N who="0" m="62695" /><D106/><U9/><E17/><V83/><F114/><W39/><G80/><T40/><D40/><U30/><E30/><V58/><F34/><W45/><G72/><T119/><D119/><U25/><E37/><N who="3" m="13834" /><G27/><T36/><D36/><U64/><E64/><V95/><F95/><W55/><G29/><T35/><D59/><U77/><E57/><V44/><F14/><W13/><G13/><T10/><D10/><U74/><E77/><V11/><F11/><W94/><G94/><T31/><AGARI ba="3,0" hai="24,31,35,61,63,121,122,123" m="62695,51305" machi="31" ten="40,2100,0" yaku="20,1" doraHai="48" who="0" fromWho="0" sc="277,30,161,-10,221,-10,341,-10" />
</Scene>
<Scene>
<INIT seed="4,4,0,3,4,18" ten="307,151,211,331" oya="0" hai0="26,16,48,115,135,126,4,80,133,7,78,77,119" hai1="25,1,42,50,118,66,129,109,63,32,90,100,60" hai2="97,68,45,24,29,93,76,82,27,35,2,44,92" hai3="54,74,69,71,112,122,33,59,89,58,75,108,99"/><T22/><D119/><U19/><E118/><V72/><F68/><W84/><G33/><T91/><D115/><U70/><E109/><V28/><F2/><W3/><G3/><T41/><D126/><U23/><E1/><V67/><F67/><W96/><G108/><T43/><D91/><U52/><E129/><V49/><F97/><W98/><G112/><T130/><D130/><U127/><E127/><V132/><F132/><N who="0" m="50762" /><D77/><U95/><E42/><N who="0" m="15881" /><D48/><U14/><E63/><V21/><F45/><W12/><G122/><T83/><D80/><U134/><E100/><V17/><REACH who="2" step="1"/><F29/><REACH who="2" ten="307,151,201,331" step="2"/><W30/><G30/><T5/><D5/><U88/><E134/><V51/><F51/><W85/><G99/><T117/><D117/><U65/><E65/><V0/><F0/><W131/><G96/><T55/><D55/><AGARI ba="4,1" hai="17,21,24,27,28,35,44,49,55,72,76,82,92,93" machi="55" ten="30,7700,0" yaku="1,1,7,1,52,1,53,1" doraHai="18" doraHaiUra="104" who="2" fromWho="0" sc="307,-89,151,0,201,99,331,0" />
</Scene>
<Scene>
<INIT seed="5,0,0,5,0,111" ten="218,151,300,331" oya="1" hai0="27,33,105,126,64,10,54,73,30,69,72,61,95" hai1="74,26,86,19,91,114,22,135,76,42,80,12,130" hai2="57,2,14,71,68,93,92,45,38,11,132,7,0" hai3="104,121,28,65,87,17,62,56,116,5,25,18,63"/><U99/><E130/><V78/><F78/><W128/><G104/><T113/><D105/><U100/><E135/><V103/><F132/><W40/><G121/><T8/><D126/><U21/><E42/><V133/><F133/><W119/><G5/><T115/><D95/><U112/><E100/><V94/><F103/><W127/><G40/><T60/><D54/><U124/><E99/><V32/><F32/><W47/><G47/><T50/><D50/><U34/><E34/><V55/><F45/><W97/><G97/><T43/><D43/><U31/><REACH who="1" step="1"/><E124/><REACH who="1" ten="218,141,300,331" step="2"/><V88/><F38/><W120/><G127/><T70/><D72/><U59/><E59/><V106/><F106/><W123/><G56/><T52/><D73/><U6/><E6/><V37/><F37/><W41/><G41/><T77/><D69/><U89/><E89/><V13/><F68/><W36/><G36/><T4/><D77/><U75/><E75/><V67/><F71/><W81/><G128/><T49/><D4/><U79/><E79/><V131/><F131/><W66/><G123/><T134/><D134/><U108/><E108/><V107/><F107/><W29/><G120/><T101/><D101/><U118/><E118/><V9/><F0/><W85/><G119/><T1/><D1/><U110/><E110/><V51/><F2/><W44/><G116/><T15/><D70/><U20/><E20/><V96/><F96/><W102/><G102/><T122/><D33/><U98/><E98/><V24/><F7/><W39/><G39/><T84/><D122/><U35/><E35/><V90/><F90/><RYUUKYOKU ba="0,1" sc="218,-10,141,30,300,-10,331,-10" hai1="12,19,21,22,26,31,74,76,80,86,91,112,114" />
</Scene>
<Scene>
<INIT seed="5,1,1,2,2,37" ten="208,171,290,321" oya="1" hai0="50,18,30,58,7,13,40,39,24,34,85,123,23" hai1="22,111,36,48,104,122,78,51,114,90,132,43,102" hai2="106,69,35,64,95,134,92,6,33,0,87,54,61" hai3="133,68,127,89,126,8,121,11,98,26,45,28,17"/><U125/><E122/><V19/><F106/><W109/><G109/><T32/><D123/><U93/><E111/><V55/><F134/><W10/><G121/><T15/><D39/><U94/><E104/><V81/><F6/><W131/><G68/><T1/><D85/><U77/><E36/><V41/><F0/><W88/><G131/><T72/><D72/><U65/><E132/><V16/><F41/><W120/><G120/><T29/><D58/><U70/><E70/><V38/><F38/><W80/><G133/><T2/><D50/><U66/><E125/><N who="3" m="47626" /><G45/><T5/><D40/><U84/><E114/><V47/><F95/><N who="3" m="56679" /><G17/><T4/><D15/><U130/><E130/><V96/><F19/><W83/><G89/><T119/><D119/><U99/><E22/><AGARI ba="1,1" hai="8,10,11,22,26,28,80,83" m="56679,47626" machi="22" ten="30,2000,0" yaku="18,1,54,1" doraHai="37" who="3" fromWho="1" sc="208,0,171,-23,290,0,321,33" />
</Scene>
<Scene>
<INIT seed="6,0,0,4,0,113" ten="208,148,290,354" oya="2" hai0="105,26,57,11,111,134,7,25,4,133,120,24,118" hai1="91,128,1,55,74,36,90,101,132,72,62,130,37" hai2="94,41,129,49,42,54,80,14,127,52,5,73,126" hai3="106,109,123,102,83,22,27,81,82,6,125,34,116"/><V23/><F129/><N who="1" m="49769" /><E62/><V86/><F73/><N who="1" m="28265" /><E1/><V12/><F94/><W29/><G82/><T66/><D105/><U84/><E55/><N who="2" m="21035" /><F5/><W9/><G83/><T95/><D66/><U97/><E132/><V35/><F35/><W89/><G34/><T40/><D57/><U63/><E63/><V75/><F75/><W93/><G9/><T20/><D40/><N who="2" m="15466" /><F49/><W47/><G93/><T121/><D4/><U108/><E108/><V18/><F127/><W122/><G106/><T115/><D111/><U117/><E97/><V45/><F126/><W44/><G125/><T87/><D7/><U71/><E71/><V64/><F64/><W56/><G6/><T107/><D133/><U8/><E8/><V60/><F60/><W119/><G56/><T43/><D11/><U76/><E101/><V98/><F98/><W114/><G102/><T15/><D43/><U46/><E46/><V10/><F45/><W65/><G47/><T85/><D134/><U58/><E58/><V0/><F0/><W21/><G44/><T61/><D61/><U31/><E31/><V16/><F80/><W13/><G81/><T30/><D30/><U99/><E76/><V48/><F48/><W50/><G50/><T78/><D78/><U33/><E33/><V103/><F103/><W110/><G65/><T53/><D53/><U39/><E99/><V131/><F131/><W67/><G67/><T19/><D20/><U124/><E124/><V100/><F100/><W32/><G22/><T59/><D59/><U68/><E68/><V135/><F135/><W3/><G32/><T112/><D19/><RYUUKYOKU ba="0,0" sc="208,-10,148,-10,290,30,354,-10" hai2="10,12,14,16,18,23,86" />
</Scene>
<Scene>
<INIT seed="6,1,0,1,2,97" ten="198,138,320,344" oya="2" hai0="57,114,72,35,68,77,126,118,92,52,106,79,125" hai1="101,134,70,20,98,85,13,95,6,86,82,19,53" hai2="112,91,73,80,104,111,54,83,96,14,93,10,120" hai3="94,123,89,17,47,71,33,62,124,27,115,45,78"/><V66/><F120/><W3/><G123/><T11/><D68/><U40/><E134/><V39/><F39/><W117/><G117/><T127/><D106/><U90/><E70/><V34/><F34/><W122/><G122/><T113/><D35/><U60/><E40/><V76/><F112/><N who="0" m="43114" /><D72/><U65/><E6/><V24/><F111/><W131/><G62/><N who="0" m="36135" /><D118/><U99/><E65/><V74/><F66/><W48/><G89/><T135/><D135/><U18/><E18/><V5/><F24/><W26/><G17/><T61/><D61/><U107/><E60/><V116/><F116/><W2/><G26/><T119/><D119/><U12/><E12/><V42/><F42/><W9/><G71/><T7/><D92/><U23/><E23/><V102/><F54/><W1/><G94/><T30/><D30/><U36/><E36/><V16/><F5/><W103/><G1/><AGARI ba="1,0" hai="1,7,11,77,79,125,126,127" m="36135,43114" machi="1" ten="40,5200,0" yaku="18,1,15,1,54,1" doraHai="97" who="0" fromWho="3" sc="198,55,138,0,320,0,344,-55" />
</Scene>
<Scene>
<INIT seed="7,0,0,4,0,19" ten="253,138,320,289" oya="3" hai0="30,55,129,132,69,92,87,135,133,45,35,97,134" hai1="14,113,61,83,130,23,102,89,64,59,3,96,131" hai2="13,71,62,73,57,51,123,117,2,120,41,44,49" hai3="8,86,36,46,82,127,29,18,27,128,5,22,17"/><W15/><G128/><T100/><D129/><U4/><E113/><V20/><F2/><W85/><G127/><T0/><D0/><U101/><E3/><V53/><F73/><W80/><G36/><T93/><D69/><U78/><E130/><V11/><F20/><W28/><G46/><T68/><D68/><U25/><E131/><V124/><F117/><W111/><G111/><T75/><D75/><U121/><E121/><N who="2" m="46667" /><F124/><W31/><G5/><T7/><D7/><U72/><E4/><N who="2" m="3303" /><F71/><W60/><G60/><AGARI ba="0,0" hai="41,44,49,51,53,57,60,62" m="3303,46667" machi="60" ten="30,1000,0" yaku="13,1" doraHai="19" who="2" fromWho="3" sc="253,0,138,0,320,10,289,-10" owari="253,-15.0,138,-36.0,330,43.0,279,8.0" />
</Scene>
</mjloggm>