<mjloggm ver="2.3"><GO type="169" lobby="0"/><UN n0="%E5%A4%AA%E3%81%8F%E3%81%AA%E3%81%84%E3%81%8A" n1="%4A%61%6E%2D%4D%61%63%68" n2="%E7%99%BD%E9%BB%92%E7%A5%9E" n3="%E4%B8%A6%E3%81%BF%E3%81%AE%E7%AB%9C" dan="17,16,16,16" rate="2184.56,2120.26,2119.48,2144.01" sx="F,M,F,M"/><TAIKYOKU oya="0"/>

<Scene>
<INIT seed="0,0,0,4,1,0" ten="250,250,250,250" oya="0" hai0="93,13,2,27,129,132,37,103,116,98,90,44,74" hai1="120,123,135,94,23,86,122,118,29,101,88,76,109" hai2="55,102,58,42,43,32,106,54,110,111,11,85,21" hai3="70,51,87,66,50,20,83,28,49,63,95,131,133"/><T52/><D116/><U71/><E71/><V82/><F32/><W91/><G133/><T100/><D2/><U39/><E39/><V79/><F21/><W105/><G105/><T7/><D74/><U61/><E61/><V108/><F11/><W104/><G104/><T48/><D132/><U15/><E135/><V5/><F5/><W80/><G131/><T8/><D129/><U89/><E29/><V40/><REACH who="2" step="1"/><F58/><REACH who="2" ten="250,250,240,250" step="2"/><W18/><REACH who="3" step="1"/><G28/><REACH who="3" ten="250,250,240,240" step="2"/><T38/><REACH who="0" step="1"/><D27/><AGARI ba="0,2" hai="18,20,27,49,50,51,63,66,70,80,83,87,91,95" machi="27" ten="40,2600,0" yaku="1,1,2,1,53,0" doraHai="0" doraHaiUra="107" who="3" fromWho="0" sc="250,-26,250,0,240,0,240,46" />
</Scene>
<Scene>
<INIT seed="1,0,0,1,1,81" ten="224,250,240,286" oya="1" hai0="5,6,44,8,79,120,123,134,107,17,14,135,58" hai1="83,94,110,1,126,51,80,3,115,88,13,49,21" hai2="132,19,50,125,69,54,15,105,86,25,41,106,84" hai3="98,0,128,130,121,133,34,40,103,99,108,56,7"/><U24/><E115/><V114/><F69/><W116/><G108/><T109/><D107/><U118/><E118/><V65/><F114/><W62/><G121/><N who="0" m="46667" /><D79/><U16/><E110/><V45/><F132/><N who="0" m="50730" /><D58/><U48/><E126/><V12/><F125/><W102/><G116/><T30/><D44/><U59/><E1/><V60/><F106/><W71/><G71/><T74/><D74/><U104/><E3/><V9/><F105/><W122/><G40/><T73/><D73/><U39/><E104/><V124/><F25/><W52/><G122/><T93/><D93/><U113/><E113/><V18/><F124/><W75/><G75/><T63/><D63/><U96/><E39/><V27/><F27/><W76/><G76/><T29/><D109/><U68/><E68/><V131/><F131/><N who="3" m="50219" /><G34/><T2/><D6/><U26/><E59/><N who="2" m="34935" /><F65/><W117/><G117/><T129/><D129/><U112/><E112/><V78/><F78/><W100/><G133/><T127/><D127/><U10/><REACH who="1" step="1"/><E26/><REACH who="1" ten="224,240,240,286" step="2"/><V64/><F64/><W55/><G103/><T46/><D46/><U85/><E85/><V22/><AGARI ba="0,1" hai="9,12,15,18,19,22,41,45,50,84,86" m="34935" machi="22" ten="30,4000,0" yaku="8,1,52,2" doraHai="81" who="2" fromWho="2" sc="224,-10,240,-20,240,50,286,-10" />
</Scene>
<Scene>
<INIT seed="2,0,0,4,2,53" ten="214,220,290,276" oya="2" hai0="1,133,69,79,63,34,70,80,11,93,19,4,24" hai1="100,97,109,108,99,58,25,123,72,37,5,7,90" hai2="125,113,6,114,43,120,60,124,132,84,104,81,10" hai3="46,85,111,59,61,128,117,40,64,29,50,22,122"/><V89/><F104/><W78/><G111/><N who="1" m="42570" /><E37/><V56/><F120/><W14/><G122/><T51/><D133/><U27/><E72/><V87/><F43/><W127/><G128/><T103/><D51/><U33/><E123/><V41/><F41/><W26/><G127/><N who="2" m="48713" /><F87/><W2/><G2/><T0/><D0/><U76/><E76/><V110/><F132/><W118/><REACH who="3" step="1"/><G14/><REACH who="3" ten="214,220,290,266" step="2"/><T95/><D1/><U32/><E5/><V45/><F110/><W49/><G49/><T129/><D4/><U52/><E7/><V102/><F114/><W106/><G106/><T54/><D129/><U55/><E25/><V47/><F113/><W15/><G15/><T12/><D12/><U9/><E27/><V74/><F6/><W121/><G121/><T83/><D24/><U73/><E73/><V13/><F13/><W48/><G48/><T107/><D107/><N who="1" m="63887" /><E9/><V105/><F10/><W28/><G28/><T98/><D11/><U67/><E32/><V94/><F105/><W134/><G134/><T23/><D34/><U130/><E33/><V39/><F39/><W88/><G88/><T86/><D19/><U119/><E130/><V21/><F21/><W57/><G57/><N who="0" m="35255" /><D23/><U66/><E119/><V82/><F102/><W36/><G36/><T16/><D16/><U101/><E101/><V17/><F17/><W75/><G75/><N who="0" m="43135" /><D69/><U8/><E8/><V126/><F74/><W31/><G31/><T44/><D70/><U65/><E58/><V20/><F20/><W92/><G92/><AGARI ba="0,1" hai="52,55,65,66,67,90,92,99" m="63887,42570" machi="92" ten="30,2000,0" yaku="14,1,54,1" doraHai="53" who="1" fromWho="3" sc="214,0,220,30,290,0,266,-20" />
</Scene>
<Scene>
<INIT seed="3,0,0,2,3,109" ten="214,250,290,246" oya="3" hai0="96,42,64,37,107,6,65,21,31,84,61,54,108" hai1="14,33,133,120,29,68,15,1,81,58,50,79,110" hai2="59,75,17,32,86,114,87,69,48,91,56,63,103" hai3="119,44,55,28,11,98,5,10,88,129,128,26,36"/><W95/><G119/><T67/><D108/><U24/><E68/><V2/><F75/><W117/><G117/><T122/><D122/><U85/><E110/><V39/><F32/><W135/><G135/><T94/><D107/><U101/><E120/><V90/><F39/><W106/><G106/><T125/><D125/><U124/><E124/><V47/><F2/><W123/><G123/><T73/><D73/><U116/><E1/><V70/><F103/><W126/><G126/><T43/><D6/><U20/><E133/><V127/><F114/><W60/><G60/><T38/><D84/><U0/><E0/><V18/><F127/><W57/><G57/><N who="0" m="34999" /><D37/><U102/><E116/><V97/><F63/><W41/><G55/><T35/><D38/><U92/><E33/><V66/><F97/><W121/><G121/><T45/><D35/><U99/><E102/><V83/><F66/><W89/><G89/><N who="0" m="55375" /><D45/><U71/><E71/><V93/><F69/><W131/><REACH who="3" step="1"/><G5/><REACH who="3" ten="214,250,290,236" step="2"/><T16/><D67/><U104/><E104/><V46/><F70/><W27/><G27/><N who="0" m="16879" /><D65/><U62/><E50/><V100/><F47/><W78/><G78/><T3/><D64/><AGARI ba="0,1" hai="14,15,20,24,29,58,62,64,79,81,85,92,99,101" machi="64" ten="30,7700,0" yaku="7,1,25,2,8,1" doraHai="109" who="1" fromWho="0" sc="214,-77,250,87,290,0,236,0" />
</Scene>
<Scene>
<INIT seed="4,0,0,0,0,85" ten="137,337,290,236" oya="0" hai0="89,127,21,45,29,50,119,132,97,111,7,20,94" hai1="96,61,67,84,14,98,129,107,59,113,92,108,73" hai2="101,52,15,77,23,120,51,128,112,88,80,3,5" hai3="6,8,17,33,90,54,122,63,66,19,32,43,78"/><T83/><D119/><U13/><E73/><V69/><F120/><W81/><G122/><T126/><D132/><U131/><E108/><V47/><F69/><W70/><G33/><T115/><D111/><U117/><E117/><V22/><F112/><W114/><G32/><T79/><D115/><U65/><E113/><V62/><F3/><W0/><G114/><T134/><D134/><U100/><E84/><N who="2" m="50183" /><F128/><N who="1" m="49225" /><E65/><V116/><F116/><W2/><G2/><T75/><D7/><U104/><E104/><V1/><F1/><W30/><G30/><T53/><REACH who="0" step="1"/><D29/><REACH who="0" ten="127,337,290,236" step="2"/><U102/><AGARI ba="0,1" hai="13,14,59,61,67,92,96,98,100,102,107" m="49225" machi="102" ten="30,1100,0" yaku="19,1" doraHai="85" who="1" fromWho="1" sc="127,-5,337,21,290,-3,236,-3" />
</Scene>
<Scene>
<INIT seed="5,0,0,5,3,1" ten="122,358,287,233" oya="1" hai0="75,43,104,135,71,5,37,58,38,44,107,77,91" hai1="0,119,34,13,33,130,55,51,132,23,53,7,129" hai2="124,98,56,134,45,9,121,125,133,100,90,63,69" hai3="128,12,42,81,118,16,95,116,49,35,101,66,88"/><U20/><E119/><N who="3" m="45610" /><G35/><N who="1" m="13322" /><E55/><V36/><F121/><W21/><G128/><N who="1" m="49258" /><E0/><V117/><F69/><W114/><G114/><T110/><D71/><U40/><E40/><N who="2" m="22663" /><F90/><W29/><G29/><T18/><D110/><U39/><E39/><V48/><F9/><W19/><G66/><T2/><D38/><U52/><E53/><N who="2" m="34191" /><F48/><W59/><G81/><N who="0" m="45247" /><D58/><N who="1" m="33055" /><E132/><N who="2" m="50795" /><F117/><W85/><G59/><T93/><D135/><U46/><E46/><V83/><F83/><W76/><G76/><T94/><D37/><U80/><E80/><V31/><F31/><W72/><G72/><T24/><D44/><U87/><E87/><V92/><AGARI ba="0,0" hai="92,98,100,124,125" m="50795,34191,22663" machi="92" ten="30,1100,0" yaku="20,1" doraHai="1" who="2" fromWho="2" sc="122,-3,358,-5,287,11,233,-3" />
</Scene>
<Scene>
<INIT seed="6,0,0,4,0,3" ten="119,353,298,230" oya="2" hai0="55,131,6,25,17,48,7,127,31,18,105,46,74" hai1="79,45,50,95,103,36,73,109,110,70,56,34,116" hai2="32,115,27,89,121,37,16,114,33,91,20,126,58" hai3="100,66,52,118,107,96,29,39,122,5,78,132,11"/><V43/><F121/><W41/><G118/><T68/><D74/><U102/><E34/><V106/><F106/><W81/><G132/><T42/><D105/><U87/><E70/><V13/><F126/><W130/><G66/><T9/><D68/><U19/><E36/><V92/><F89/><W88/><G130/><T123/><D123/><U35/><E35/><V101/><F101/><W119/><G29/><T94/><D131/><U90/><E56/><V15/><F58/><W54/><G119/><T59/><D127/><U28/><E28/><V108/><F108/><W85/><G122/><T76/><D76/><U61/><E61/><V10/><F15/><W26/><G26/><T63/><D94/><U51/><E51/><V8/><F8/><W49/><G39/><T44/><D44/><U99/><E102/><V65/><F65/><W83/><G49/><T12/><REACH who="0" step="1"/><D18/><REACH who="0" ten="109,353,298,230" step="2"/><U64/><E19/><N who="2" m="8631" /><F92/><W2/><G41/><T14/><D14/><U40/><E116/><V60/><F16/><W77/><G78/><T24/><D24/><U125/><E125/><V21/><F27/><W112/><G112/><T133/><D133/><U111/><E110/><V4/><F115/><W86/><AGARI ba="0,1" hai="2,5,11,52,54,77,81,83,85,86,88,96,100,107" machi="86" ten="20,8000,1" yaku="0,1,7,1,52,1,54,2" doraHai="3" who="3" fromWho="3" sc="109,-20,353,-20,298,-40,230,90" />
</Scene>
<Scene>
<INIT seed="7,0,0,0,4,132" ten="89,333,258,320" oya="3" hai0="37,18,123,93,30,55,98,115,88,97,99,31,92" hai1="28,50,1,76,81,120,13,25,40,135,119,5,67" hai2="66,21,107,11,74,108,96,103,127,59,48,110,112" hai3="53,65,68,29,38,60,89,117,114,46,26,70,102"/><W33/><G117/><T91/><D123/><U16/><E120/><V54/><F74/><W43/><G114/><T35/><D37/><U52/><E1/><V56/><F112/><W105/><G89/><T12/><D115/><U2/><E2/><V64/><F11/><W45/><G45/><T134/><D134/><U80/><E67/><V79/><F79/><W133/><G53/><T51/><D35/><U61/><E119/><V41/><F41/><W95/><G95/><T44/><REACH who="0" step="1"/><D99/><REACH who="0" ten="79,333,258,320" step="2"/><U125/><E135/><V100/><F96/><N who="3" m="61639" /><G133/><T19/><D19/><U82/><E16/><V111/><F108/><W27/><G27/><T57/><D57/><N who="1" m="34983" /><E25/><V124/><F110/><W0/><G0/><T104/><D104/><U121/><E121/><V106/><F111/><W3/><G3/><T14/><D14/><U90/><E13/><V10/><F107/><W73/><G70/><T42/><D42/><U63/><E40/><V23/><F106/><W84/><G84/><T83/><D83/><U122/><E122/><V71/><F59/><W126/><G73/><T131/><D131/><U62/><E76/><V9/><F71/><W7/><G7/><T85/><D85/><U78/><E5/><V15/><F15/><W17/><G17/><T20/><AGARI ba="0,1" hai="12,18,20,30,31,44,51,55,88,91,92,93,97,98" machi="20" ten="20,12000,2" yaku="1,1,0,1,7,1,9,1,8,1,54,1,53,0" doraHai="132" doraHaiUra="113" who="0" fromWho="0" sc="79,130,333,-30,258,-30,320,-60" owari="209,-29.0,303,40.0,228,-17.0,260,6.0" />
</Scene>
</mjloggm>