<mjloggm ver="2.3"><GO type="169" lobby="0"/><UN n0="%E5%A4%AA%E3%81%8F%E3%81%AA%E3%81%84%E3%81%8A" n1="%4B%69%72%63%68%65" n2="%66%75%6A%69" n3="%E5%B8%83%E5%9B%A3%EF%BC%A0%E5%83%8D%E3%81%8B%E3%81%AA%E3%81%84" dan="17,17,16,16" rate="2181.47,2154.58,2060.20,2013.87" sx="M,M,M,F"/><TAIKYOKU oya="0"/>

<Scene>
<INIT seed="0,0,0,3,0,26" ten="250,250,250,250" oya="0" hai0="46,109,77,91,55,0,14,90,119,49,50,18,53" hai1="38,89,30,62,84,68,108,88,73,111,132,41,112" hai2="110,85,9,37,16,11,54,28,44,92,34,115,36" hai3="122,12,67,59,126,120,107,75,60,13,48,65,20"/><T47/><D119/><U31/><E73/><V42/><F115/><W6/><G126/><T121/><D121/><N who="3" m="46697" /><G107/><T93/><D0/><U24/><E112/><V76/><F110/><N who="1" m="42025" /><E132/><V104/><F104/><W102/><G102/><T58/><D109/><U70/><E89/><V134/><F134/><W35/><G35/><T3/><D3/><U61/><E24/><V25/><F54/><N who="3" m="32199" /><G75/><T45/><D77/><U19/><E19/><V80/><F92/><W105/><G105/><T27/><D27/><U128/><E128/><V5/><F5/><W63/><G20/><T127/><D127/><U131/><E131/><V33/><F37/><W123/><G123/><T113/><D113/><U135/><E135/><V100/><F100/><W71/><G6/><T52/><D55/><U32/><E32/><V106/><F106/><W129/><G129/><T66/><D66/><N who="1" m="41039" /><E41/><V29/><F34/><W74/><G74/><T96/><REACH who="0" step="1"/><D91/><REACH who="0" ten="240,250,250,250" step="2"/><U78/><E78/><V86/><F33/><W21/><G21/><AGARI ba="0,1" hai="14,18,21,45,46,47,49,50,52,53,58,90,93,96" machi="21" ten="30,18000,2" yaku="1,1,2,1,7,1,8,1,54,1,53,2" doraHai="26" doraHaiUra="51" who="0" fromWho="3" sc="240,190,250,0,250,0,250,-180" />
</Scene>
<Scene>
<INIT seed="0,1,0,4,2,22" ten="430,250,250,70" oya="0" hai0="56,53,5,124,94,103,67,132,16,100,77,101,106" hai1="14,29,107,58,64,80,68,72,63,8,38,57,131" hai2="15,24,33,11,31,18,39,47,0,32,12,133,3" hai3="115,71,46,45,130,125,92,128,34,135,120,97,78"/><T90/><D124/><U36/><E107/><V2/><F39/><W13/><G34/><T85/><D132/><U54/><E131/><N who="3" m="50218" /><G115/><T19/><D106/><U49/><E29/><V99/><F99/><W44/><G71/><T113/><D113/><U122/><E122/><V81/><F81/><W75/><G120/><T98/><D67/><U104/><E104/><V89/><F89/><N who="3" m="55439" /><G125/><T23/><D5/><U114/><E114/><V1/><F47/><N who="3" m="12035" /><W27/><DORA hai="52" /><G13/><N who="0" m="9615" /><D19/><U59/><E36/><V70/><F70/><W25/><G135/><T7/><D7/><U117/><E38/><V50/><F50/><W65/><G65/><T10/><D10/><U35/><E35/><N who="2" m="20967" /><F133/><W76/><G75/><T123/><D123/><U86/><E72/><V82/><F82/><W84/><G84/><T48/><D77/><AGARI ba="1,0" hai="25,27,76,77,78" m="12035,55439,50218" machi="77" ten="40,5200,0" yaku="19,1,52,2" doraHai="22,52" who="3" fromWho="0" sc="430,-55,250,0,250,0,70,55" />
</Scene>
<Scene>
<INIT seed="1,0,0,4,2,63" ten="375,250,250,125" oya="1" hai0="82,68,104,26,50,93,124,7,71,105,38,77,40" hai1="134,75,126,31,92,87,39,62,95,122,110,49,103" hai2="37,100,14,35,34,6,56,11,96,132,116,119,108" hai3="21,64,76,19,30,29,0,109,131,79,117,74,20"/><U57/><E75/><V120/><F120/><W18/><G0/><T69/><D50/><U114/><E114/><V22/><F37/><W128/><G109/><T47/><D124/><U9/><E39/><V44/><F108/><W85/><G85/><T67/><D93/><U16/><E110/><V91/><F132/><W94/><G94/><T54/><D54/><U28/><E134/><V66/><F44/><W4/><G4/><T33/><D7/><U130/><E122/><V17/><F91/><W45/><G45/><T12/><D12/><N who="1" m="7183" /><E130/><V3/><F35/><W121/><G121/><T86/><D67/><N who="1" m="39375" /><E126/><V36/><F36/><W2/><G2/><T80/><D80/><U101/><E49/><V41/><F34/><W102/><G74/><T133/><D133/><U59/><E59/><V129/><F129/><W90/><G90/><T115/><D115/><U84/><E95/><V135/><F135/><W78/><G78/><T89/><D77/><U88/><E87/><V99/><F56/><W61/><G117/><T8/><D105/><U118/><E118/><V51/><F119/><W72/><G72/><T23/><D104/><U73/><E73/><V112/><F116/><W60/><REACH who="3" step="1"/><G102/><AGARI ba="0,0" hai="28,31,84,88,92,101,102,103" m="39375,7183" machi="102" ten="30,11600,0" yaku="8,1,52,1,54,2" doraHai="63" who="1" fromWho="3" sc="375,0,250,116,250,0,125,-116" />
</Scene>
<Scene>
<INIT seed="1,1,0,2,1,58" ten="375,366,250,9" oya="1" hai0="48,22,114,120,102,106,105,64,66,33,69,97,67" hai1="68,41,125,35,11,26,83,36,127,77,91,134,53" hai2="24,13,109,28,118,108,34,72,111,107,101,27,124" hai3="73,52,0,128,20,8,62,9,12,29,82,63,59"/><U119/><E119/><V60/><F72/><W47/><G128/><T2/><D114/><U88/><E68/><V89/><F118/><W15/><G0/><T55/><D2/><U7/><E134/><V85/><F124/><N who="1" m="47689" /><E53/><V50/><F50/><N who="3" m="28767" /><G73/><T57/><D120/><U45/><E26/><V78/><F27/><N who="3" m="16615" /><G59/><T14/><D33/><U54/><E54/><V87/><F13/><N who="3" m="5195" /><G82/><T126/><D126/><U18/><E18/><V104/><F34/><W42/><G42/><T65/><D106/><N who="2" m="40490" /><F24/><W56/><G56/><T131/><D131/><U38/><E38/><V31/><F31/><W17/><G17/><T46/><D69/><U98/><E35/><V117/><F28/><W30/><G30/><T93/><D105/><U121/><E121/><V76/><F117/><W94/><G94/><T135/><D135/><U21/><E21/><V90/><F111/><W116/><G116/><T123/><D123/><U110/><E110/><V32/><F32/><W37/><G37/><T86/><D22/><U96/><E11/><AGARI ba="1,0" hai="8,9,11,62,63" m="5195,16615,28767" machi="11" ten="30,7700,0" yaku="8,1,52,2,54,1" doraHai="58" who="3" fromWho="1" sc="375,0,366,-80,250,0,9,80" />
</Scene>
<Scene>
<INIT seed="2,0,0,4,0,61" ten="375,286,250,89" oya="2" hai0="27,110,72,118,101,71,49,10,131,5,15,35,79" hai1="100,3,103,98,86,84,50,16,65,123,121,122,48" hai2="7,41,74,39,81,26,93,129,88,28,21,0,69" hai3="12,119,63,44,117,40,8,102,33,47,38,128,11"/><V22/><F129/><W46/><G128/><T62/><D131/><U55/><E3/><V133/><F133/><W113/><G113/><T126/><D110/><U25/><E100/><V75/><F69/><W78/><G33/><T60/><D126/><U112/><E112/><V56/><F22/><W105/><G78/><T106/><D118/><U67/><E50/><V73/><F56/><W66/><G11/><T115/><D115/><U17/><E86/><V70/><F70/><W57/><G117/><T92/><D106/><N who="1" m="63863" /><E84/><V135/><F135/><W18/><REACH who="3" step="1"/><G119/><REACH who="3" ten="375,286,250,79" step="2"/><T54/><D79/><U34/><E34/><V95/><F0/><W64/><G64/><N who="1" m="24650" /><E25/><V23/><F26/><W99/><AGARI ba="0,1" hai="8,12,18,38,40,44,46,47,57,63,66,99,102,105" machi="99" ten="30,7900,0" yaku="1,1,0,1,52,1,53,1" doraHai="61" doraHaiUra="13" who="3" fromWho="3" sc="375,-20,286,-20,250,-39,79,89" />
</Scene>
<Scene>
<INIT seed="3,0,0,5,5,94" ten="355,266,211,168" oya="3" hai0="36,17,47,70,83,105,130,108,66,102,56,86,9" hai1="3,87,89,21,124,14,42,76,118,30,106,98,19" hai2="123,55,54,43,33,28,7,110,18,1,64,128,103" hai3="62,34,45,52,63,57,114,93,65,4,10,133,27"/><W59/><G114/><T35/><D35/><U68/><E68/><V96/><F110/><W25/><G133/><T80/><D70/><U53/><E3/><V22/><F123/><W127/><G127/><T23/><D108/><U77/><E124/><V60/><F43/><W120/><G120/><T84/><D130/><U37/><E118/><V95/><F128/><W11/><G34/><T85/><D9/><U88/><E30/><V31/><F33/><W119/><G119/><T117/><D117/><U90/><E53/><V69/><F7/><W48/><G93/><T24/><D36/><U92/><E106/><V8/><F8/><N who="3" m="3115" /><G4/><T0/><D0/><U44/><REACH who="1" step="1"/><E87/><REACH who="1" ten="355,256,211,168" step="2"/><V129/><F1/><W26/><G26/><T91/><D105/><U29/><E29/><V38/><F129/><W113/><G113/><T49/><D85/><U115/><E115/><V61/><F31/><W73/><G73/><T79/><D86/><U97/><E97/><V6/><F28/><W16/><G16/><T82/><D84/><U116/><E116/><V104/><F6/><W131/><G131/><T32/><D17/><U101/><AGARI ba="0,1" hai="14,19,21,37,42,44,76,77,88,89,90,92,98,101" machi="101" ten="30,7900,0" yaku="1,1,0,1,52,1,54,1,53,0" doraHai="94" doraHaiUra="81" who="1" fromWho="1" sc="355,-20,256,89,211,-20,168,-39" />
</Scene>
<Scene>
<INIT seed="4,0,0,0,5,121" ten="335,345,191,129" oya="0" hai0="125,72,49,126,14,29,129,42,135,56,98,19,111" hai1="6,84,54,5,127,55,47,2,81,15,119,48,30" hai2="40,1,86,17,34,71,75,26,64,97,33,107,91" hai3="94,3,68,65,25,102,128,96,43,23,131,120,66"/><T70/><D70/><U113/><E119/><V7/><F75/><W51/><G120/><T31/><D72/><U104/><E2/><V59/><F40/><W76/><G3/><T18/><D129/><U35/><E104/><V133/><F59/><W117/><G76/><T83/><D83/><U99/><E127/><N who="0" m="48649" /><D135/><U22/><E35/><V11/><F17/><N who="0" m="6154" /><D14/><U45/><E99/><V110/><F133/><W0/><G0/><T9/><D9/><U77/><E113/><V41/><F26/><W32/><G32/><T39/><D98/><U44/><E15/><V108/><F33/><W73/><G73/><T74/><D74/><U52/><REACH who="1" step="1"/><E48/><REACH who="1" ten="335,335,191,129" step="2"/><V28/><F97/><W124/><G124/><T13/><D13/><U130/><E130/><V16/><F1/><W69/><G117/><T87/><D49/><U92/><E92/><V62/><F107/><W61/><G131/><T63/><D39/><U67/><E67/><V106/><F106/><W103/><G128/><T8/><D8/><U100/><E100/><V85/><F7/><W82/><G103/><T24/><D24/><AGARI ba="0,1" hai="5,6,22,24,30,44,45,47,52,54,55,77,81,84" machi="24" ten="40,5200,0" yaku="1,1,8,1,54,1,53,0" doraHai="121" doraHaiUra="134" who="1" fromWho="0" sc="335,-52,335,62,191,0,129,0" />
</Scene>
<Scene>
<INIT seed="5,0,0,3,2,102" ten="283,397,191,129" oya="1" hai0="32,53,133,39,76,31,92,93,46,8,38,95,3" hai1="113,118,130,35,81,16,100,18,54,68,65,51,82" hai2="49,58,40,21,103,44,124,26,127,9,50,119,101" hai3="28,63,89,57,71,17,61,96,69,85,7,104,43"/><U14/><E118/><V10/><F119/><W27/><G7/><T45/><D76/><U41/><E35/><V99/><F58/><W94/><G43/><T125/><D32/><U70/><E41/><V114/><F50/><W62/><G17/><T15/><D3/><U122/><E122/><V66/><F66/><W108/><G108/><T78/><D31/><U55/><E100/><V90/><F90/><W13/><G13/><T36/><D78/><U123/><E123/><V117/><F103/><W29/><G57/><T120/><D120/><U135/><E135/><V75/><F75/><W86/><G29/><T106/><D133/><U111/><E111/><V87/><F87/><W12/><G12/><T5/><D125/><N who="2" m="48202" /><F117/><W4/><G4/><T83/><D83/><U121/><E121/><V59/><F59/><W2/><G2/><T25/><D25/><U97/><E97/><V129/><F129/><W1/><G1/><T24/><D24/><U116/><E116/><V30/><F114/><W33/><REACH who="3" step="1"/><G104/><AGARI ba="0,0" hai="9,10,21,26,30,40,44,49,99,101,104" m="48202" machi="104" ten="30,2000,0" yaku="18,1,52,1" doraHai="102" who="2" fromWho="3" sc="283,0,397,0,191,20,129,-20" />
</Scene>
<Scene>
<INIT seed="6,0,0,3,2,53" ten="283,397,211,109" oya="2" hai0="84,121,124,46,32,47,39,65,4,73,7,134,90" hai1="78,9,129,67,112,66,48,14,114,68,16,42,106" hai2="127,60,0,116,101,1,89,8,19,36,29,35,92" hai3="80,55,98,3,21,72,71,96,91,11,51,58,123"/><V5/><F116/><W125/><G125/><T130/><D121/><U24/><E106/><V17/><F36/><W20/><G71/><T135/><D73/><U115/><E129/><V38/><F38/><W54/><G123/><T70/><D32/><U44/><E78/><V118/><F101/><W30/><G30/><T41/><D47/><U113/><E113/><V22/><F118/><W63/><G3/><N who="2" m="1097" /><F60/><W26/><G11/><T13/><D124/><U100/><E100/><V23/><F89/><W64/><G64/><N who="1" m="24618" /><E24/><N who="2" m="18855" /><F92/><W88/><G26/><T102/><D130/><U85/><E85/><V104/><F104/><W18/><G18/><N who="2" m="6665" /><F127/><W40/><G40/><T75/><D41/><U10/><E68/><V99/><F99/><W69/><G69/><T105/><D65/><U2/><E2/><AGARI ba="0,0" hai="2,5,8,22,23" m="6665,18855,1097" machi="2" ten="30,12000,1" yaku="35,5" doraHai="53" who="2" fromWho="1" sc="283,0,397,-120,211,120,109,0" />
</Scene>
<Scene>
<INIT seed="6,1,0,1,5,61" ten="283,277,331,109" oya="2" hai0="45,26,50,66,101,62,58,43,56,86,54,25,95" hai1="134,125,72,74,99,116,120,77,121,63,108,106,135" hai2="28,5,132,131,115,51,88,79,55,16,87,2,89" hai3="93,42,83,1,117,53,7,94,24,109,3,68,118"/><V44/><F115/><W52/><G109/><T14/><D14/><U33/><E33/><V10/><F131/><W37/><G68/><T21/><D21/><U57/><E108/><V102/><F102/><W97/><G24/><T111/><D111/><U34/><E34/><V31/><F132/><N who="1" m="50729" /><E116/><V0/><F0/><W32/><G32/><T84/><D84/><U69/><E69/><V6/><F6/><W9/><G83/><T35/><D35/><U15/><E15/><V17/><F79/><W48/><G1/><T100/><D100/><N who="1" m="62751" /><E125/><V107/><F107/><W38/><G93/><T13/><D13/><U70/><E70/><V60/><F60/><W114/><G114/><T104/><D104/><U82/><E74/><V110/><F110/><W59/><G53/><AGARI ba="1,0" hai="53,57,63,72,77,82,120,121" m="62751,50729" machi="53" ten="30,1000,0" yaku="20,1" doraHai="61" who="1" fromWho="3" sc="283,0,277,13,331,0,109,-13" />
</Scene>
<Scene>
<INIT seed="7,0,0,4,4,43" ten="283,290,331,96" oya="3" hai0="33,130,77,8,67,44,28,73,112,12,22,40,115" hai1="69,94,108,10,89,56,107,123,14,120,116,110,1" hai2="121,114,35,18,50,71,81,119,128,38,100,57,105" hai3="131,37,4,65,55,132,117,75,20,27,64,122,36"/><W51/><G117/><T133/><D33/><U97/><E69/><V83/><F38/><W95/><G122/><T135/><D67/><U6/><E116/><V129/><F71/><W9/><G131/><N who="2" m="50249" /><F119/><W42/><G132/><N who="0" m="50763" /><D130/><U23/><E107/><V76/><F35/><W45/><G75/><T70/><D70/><U109/><E1/><V15/><F76/><W85/><G37/><N who="0" m="21519" /><D22/><U118/><E118/><V48/><F114/><N who="0" m="43562" /><D28/><U82/><E23/><N who="2" m="11743" /><F121/><W101/><G101/><T98/><D98/><U113/><E113/><V86/><F86/><W21/><G95/><T16/><D77/><U68/><E68/><V78/><F78/><W90/><G90/><T66/><D66/><U24/><E24/><V104/><F100/><W54/><G85/><T87/><D87/><U134/><E134/><V3/><F105/><W88/><G88/><T84/><D84/><U103/><E103/><V26/><F104/><W7/><G7/><T111/><D111/><U61/><E123/><V52/><F26/><W125/><G125/><T32/><D32/><U72/><E120/><V106/><F106/><W99/><G99/><T127/><D73/><U53/><E72/><V0/><F48/><W34/><G34/><T39/><D39/><U74/><E74/><V79/><F79/><W96/><G96/><T63/><D127/><U5/><E5/><V47/><F83/><W124/><G124/><T17/><D63/><U60/><E61/><N who="2" m="36007" /><F81/><W31/><G21/><T49/><D49/><U46/><E82/><V92/><F92/><W11/><G11/><T13/><D8/><U102/><E102/><RYUUKYOKU ba="0,0" sc="283,10,290,10,331,10,96,-30" hai0="12,13,16,17" hai1="6,10,14,46,53,56,60,89,94,97,108,109,110" hai2="0,3,47,50" owari="293,-11.0,300,10.0,341,44.0,66,-43.0" />
</Scene>
</mjloggm>