<mjloggm ver="2.3"><GO type="169" lobby="0"/><UN n0="%67%6F%73%68%69%6B%6B%75" n1="%E3%83%87%E3%83%87%E3%82%AD%E3%83%B3%E3%83%88" n2="%E5%A4%AA%E3%81%8F%E3%81%AA%E3%81%84%E3%81%8A" n3="%68%61%79%61%74%6F%E2%98%86" dan="16,17,18,17" rate="2174.69,2213.01,2212.72,2127.83" sx="F,M,F,M"/><TAIKYOKU oya="0"/>

<Scene>
<INIT seed="0,0,0,3,0,106" ten="250,250,250,250" oya="0" hai0="74,83,54,50,108,0,28,14,107,52,2,63,47" hai1="8,128,105,125,46,11,12,124,36,110,113,67,90" hai2="129,68,127,21,61,86,77,45,3,120,85,101,73" hai3="29,109,39,89,123,30,119,88,66,133,78,102,22"/><T60/><D108/><U19/><E110/><V96/><F120/><W111/><G39/><T6/><D107/><U80/><E105/><V33/><F3/><W43/><G43/><T18/><D28/><U97/><E67/><V99/><F33/><W31/><G78/><T62/><D6/><U55/><E128/><V44/><F127/><N who="1" m="48713" /><E113/><V75/><F21/><W16/><G119/><T40/><D2/><U70/><E70/><V84/><F129/><W38/><G38/><T9/><REACH who="0" step="1"/><D0/><REACH who="0" ten="240,250,250,250" step="2"/><U64/><E19/><V7/><F7/><W65/><G111/><T114/><D114/><U131/><E131/><V79/><F68/><W87/><G109/><T20/><D20/><U104/><E104/><V4/><F4/><W134/><G123/><T76/><AGARI ba="0,1" hai="9,14,18,40,47,50,52,54,60,62,63,74,76,83" machi="76" ten="30,11700,0" yaku="1,1,0,1,52,1,54,1,53,0" doraHai="106" doraHaiUra="98" who="0" fromWho="0" sc="240,127,250,-39,250,-39,250,-39" />
</Scene>
<Scene>
<INIT seed="0,1,0,2,0,122" ten="367,211,211,211" oya="0" hai0="21,127,130,28,87,100,42,123,14,30,53,75,35" hai1="66,54,74,124,8,111,51,6,79,27,34,2,57" hai2="109,67,129,135,41,97,119,114,68,106,44,37,113" hai3="63,117,112,81,24,3,71,33,39,115,102,94,17"/><T38/><D75/><U101/><E124/><V96/><F96/><W64/><G39/><T49/><D123/><U76/><E111/><V91/><F91/><W86/><G3/><T31/><D130/><U59/><E101/><N who="2" m="62767" /><F129/><W70/><G70/><T72/><D72/><U62/><REACH who="1" step="1"/><E74/><REACH who="1" ten="367,201,211,211" step="2"/><V9/><F109/><W105/><G117/><T133/><D127/><U56/><E56/><V92/><F119/><W90/><G105/><T128/><D100/><U99/><E99/><V46/><F68/><W20/><G102/><T116/><D128/><U4/><E4/><V43/><F114/><W73/><G73/><T84/><D116/><U110/><E110/><V95/><F113/><W48/><G112/><T10/><D87/><U80/><E80/><V131/><F131/><W32/><G115/><T88/><D84/><U11/><E11/><V13/><F9/><W108/><G108/><T7/><D10/><U1/><E1/><V55/><F92/><W83/><G94/><T58/><D7/><U0/><E0/><V60/><F95/><W23/><G83/><T134/><D58/><U82/><E82/><V93/><F93/><W89/><G89/><T25/><D134/><U121/><E121/><V47/><F135/><W98/><G98/><T120/><D133/><U126/><E126/><V125/><F125/><W52/><G23/><T104/><D88/><U18/><E18/><V22/><F22/><W12/><REACH who="3" step="1"/><G12/><REACH who="3" ten="367,201,211,201" step="2"/><T16/><D120/><U77/><E77/><V132/><F13/><W69/><G69/><T107/><D107/><U36/><E36/><V78/><F37/><RYUUKYOKU ba="1,2" sc="367,-15,201,15,211,-15,201,15" hai1="2,6,8,27,34,51,54,57,59,62,66,76,79" hai3="17,20,24,32,33,48,52,63,64,71,81,86,90" />
</Scene>
<Scene>
<INIT seed="1,2,2,2,2,109" ten="352,216,196,216" oya="1" hai0="68,75,63,18,60,80,29,92,31,85,39,47,78" hai1="134,128,110,125,11,66,100,59,34,16,62,48,17" hai2="41,71,73,113,21,13,74,45,32,2,115,99,93" hai3="12,101,119,38,127,10,26,88,51,130,81,96,83"/><U98/><E110/><V61/><F2/><W121/><G38/><T27/><D18/><U19/><E125/><V76/><F32/><W52/><G121/><T103/><D68/><U50/><E128/><V131/><F131/><W58/><G119/><T23/><D31/><U135/><E34/><V123/><F123/><W43/><G127/><T122/><D122/><U89/><E89/><V9/><F21/><W111/><G111/><T69/><D69/><U105/><REACH who="1" step="1"/><E11/><REACH who="1" ten="352,206,196,216" step="2"/><V30/><F9/><W82/><G130/><T57/><D23/><U7/><E7/><V15/><F115/><W25/><G43/><T0/><D78/><U35/><E35/><V42/><F76/><W56/><G101/><T55/><D103/><U77/><E77/><V33/><F113/><W70/><G70/><T126/><D126/><U64/><E64/><V86/><F42/><W40/><G40/><T24/><D55/><U107/><E107/><V90/><F41/><W102/><G102/><T79/><D79/><U4/><E4/><V91/><F33/><W104/><G104/><T124/><D124/><U116/><E116/><V46/><F90/><W118/><G118/><T14/><D39/><U8/><E8/><V97/><F91/><W37/><G37/><T36/><D36/><U114/><E114/><V20/><F20/><W106/><G106/><T94/><D75/><U117/><E117/><V120/><F73/><W1/><G88/><T133/><D94/><U108/><E108/><V65/><F74/><W84/><G10/><T22/><D92/><U112/><E112/><V72/><F72/><RYUUKYOKU ba="2,3" sc="352,-10,206,30,196,-10,216,-10" hai1="16,17,19,48,50,59,62,66,98,100,105,134,135" />
</Scene>
<Scene>
<INIT seed="1,3,3,4,2,79" ten="342,236,186,206" oya="1" hai0="93,94,67,39,60,97,72,96,126,24,26,11,114" hai1="122,46,54,69,45,31,108,135,127,32,34,15,84" hai2="125,92,10,64,107,113,23,48,70,52,111,50,28" hai3="86,42,33,4,101,91,51,21,40,22,95,134,16"/><U106/><E122/><V12/><F107/><W112/><G33/><T123/><D114/><U18/><E69/><V14/><F113/><W19/><G112/><T47/><D72/><U103/><E127/><V36/><F36/><W83/><G134/><T0/><D126/><U73/><E135/><V20/><F125/><W132/><G4/><T85/><D123/><U74/><E108/><V90/><F111/><W49/><G132/><T124/><D124/><U59/><E84/><V104/><F104/><W5/><G5/><T130/><D130/><U118/><E118/><V121/><F121/><W75/><G75/><T38/><D11/><U7/><E7/><V1/><F1/><W3/><G3/><T57/><D85/><U133/><E133/><V100/><F100/><W82/><G101/><T116/><D116/><U37/><E103/><V77/><F77/><W71/><G71/><T29/><D38/><U8/><E106/><V119/><F119/><W62/><G62/><T53/><D0/><U76/><E37/><V13/><F10/><W117/><G117/><T55/><D39/><U30/><E32/><V115/><F115/><W63/><G63/><T58/><D47/><N who="1" m="17931" /><E34/><V25/><F70/><W129/><G129/><T88/><D58/><U43/><E43/><N who="3" m="16426" /><G49/><T131/><D131/><U66/><E74/><V68/><F68/><W120/><G51/><T2/><D2/><U99/><E73/><V102/><F50/><W128/><G128/><T56/><D56/><U87/><E59/><V17/><F48/><W61/><G120/><T105/><D57/><U78/><E8/><RYUUKYOKU ba="3,3" sc="342,0,236,0,186,0,206,0" />
</Scene>
<Scene>
<INIT seed="2,4,3,3,0,91" ten="342,236,186,206" oya="2" hai0="56,39,124,83,115,67,116,24,69,128,134,48,16" hai1="76,84,50,61,78,135,47,93,117,22,125,25,109" hai2="53,8,127,71,58,123,131,73,97,11,72,44,63" hai3="23,7,86,120,112,89,27,3,118,33,4,19,103"/><V6/><F123/><W10/><G120/><T43/><D115/><U52/><E117/><V1/><F127/><W88/><G118/><T2/><D2/><U29/><E125/><V60/><F131/><W51/><G112/><T34/><D124/><U70/><E109/><V111/><F111/><W75/><G75/><T31/><D128/><U106/><E135/><V32/><F32/><W105/><G7/><T28/><D134/><U36/><E106/><V133/><F133/><W13/><G51/><T37/><D31/><U68/><E36/><V0/><F44/><W30/><G86/><T38/><D69/><U66/><REACH who="1" step="1"/><E70/><REACH who="1" ten="342,226,186,206" step="2"/><V82/><F82/><W113/><G113/><T42/><D83/><U130/><E130/><V65/><F97/><AGARI ba="4,4" hai="3,4,10,13,19,23,27,30,33,88,89,97,103,105" machi="97" ten="40,5200,0" yaku="24,2,54,1" doraHai="91" who="3" fromWho="2" sc="342,0,226,0,186,-64,206,104" />
</Scene>
<Scene>
<INIT seed="3,0,0,1,3,132" ten="342,226,122,310" oya="3" hai0="24,39,113,68,109,72,30,51,13,115,85,67,50" hai1="37,86,33,9,123,16,112,54,65,59,64,52,40" hai2="105,5,48,117,12,102,44,26,83,87,32,127,53" hai3="76,63,110,1,43,75,133,38,27,99,121,108,78"/><W98/><G121/><T134/><D72/><U58/><E33/><V114/><F114/><N who="0" m="43530" /><D39/><U61/><E112/><V19/><F117/><W103/><G1/><T55/><D109/><N who="3" m="42089" /><G133/><T82/><D134/><U35/><E35/><V57/><F5/><W20/><G63/><N who="0" m="40063" /><D13/><N who="1" m="7215" /><E37/><V56/><F105/><N who="3" m="63735" /><G75/><T129/><D55/><U45/><E123/><V8/><F102/><W90/><G43/><T104/><D129/><U101/><E101/><V79/><F127/><W122/><G38/><T93/><D93/><U119/><E119/><V15/><F15/><W118/><G118/><T10/><D10/><U70/><E70/><V95/><F95/><N who="3" m="56823" /><G122/><T96/><D96/><U111/><E111/><V125/><F125/><W0/><G0/><T11/><D104/><U6/><E40/><V42/><F42/><W46/><G46/><T71/><D71/><U28/><E45/><V2/><F2/><W31/><AGARI ba="0,0" hai="20,27,31,76,78" m="56823,63735,42089" machi="31" ten="30,3000,0" yaku="14,1,10,1" doraHai="132" who="3" fromWho="3" sc="342,-10,226,-10,122,-10,310,30" />
</Scene>
<Scene>
<INIT seed="3,1,0,4,1,47" ten="332,216,112,340" oya="3" hai0="21,69,27,6,43,119,120,106,97,60,94,90,57" hai1="67,70,75,2,23,13,74,41,33,53,77,29,78" hai2="108,112,59,134,24,126,11,123,103,117,17,28,39" hai3="44,4,73,12,5,99,48,76,81,54,7,128,89"/><W38/><G128/><T129/><D119/><U10/><E41/><V1/><F39/><W132/><G132/><T110/><D120/><U133/><E133/><V35/><F134/><W20/><G38/><T135/><D135/><U30/><E67/><V72/><F72/><W71/><G71/><T127/><D110/><U45/><E70/><V80/><F117/><W111/><G111/><T102/><D69/><U83/><E33/><V52/><F108/><W85/><G20/><T79/><D43/><U87/><E2/><V96/><F123/><W42/><G54/><T58/><D127/><U46/><E46/><V125/><F80/><W82/><REACH who="3" step="1"/><G99/><REACH who="3" ten="332,216,112,330" step="2"/><T61/><D97/><U109/><E109/><V118/><F118/><W8/><AGARI ba="1,1" hai="4,5,7,8,12,42,44,48,73,76,81,82,85,89" machi="8" ten="30,11700,0" yaku="1,1,2,1,0,1,52,1,53,0" doraHai="47" doraHaiUra="65" who="3" fromWho="3" sc="332,-40,216,-40,112,-40,330,130" />
</Scene>
<Scene>
<INIT seed="3,2,0,0,2,74" ten="292,176,72,460" oya="3" hai0="119,97,43,59,30,35,91,36,23,126,22,61,83" hai1="54,135,113,128,69,129,112,58,120,103,5,56,87" hai2="89,114,73,134,8,48,53,72,106,125,39,84,78" hai3="71,26,32,57,37,98,86,102,66,29,117,63,20"/><W51/><G117/><T2/><D119/><U96/><E5/><V94/><F114/><N who="1" m="44137" /><E120/><V104/><F39/><W92/><G37/><T81/><D126/><U6/><E6/><V80/><F125/><W25/><G86/><T3/><D35/><U50/><E87/><V7/><F73/><W118/><G118/><T18/><D43/><U45/><E96/><V24/><F24/><W33/><G25/><N who="0" m="16703" /><D36/><U100/><E100/><V55/><F134/><W116/><G116/><T31/><D31/><U130/><E103/><V0/><REACH who="2" step="1"/><F53/><REACH who="2" ten="292,176,62,460" step="2"/><W41/><G71/><T17/><D2/><U64/><E135/><V9/><F9/><W82/><G33/><T16/><D3/><U12/><E12/><V14/><F14/><W105/><G32/><T19/><D22/><U27/><E27/><V77/><F77/><W65/><G105/><T15/><D15/><U124/><E124/><V99/><F99/><W67/><G82/><T127/><D127/><U40/><E54/><V133/><F133/><W62/><G62/><AGARI ba="2,1" hai="40,45,50,56,58,62,64,69,128,129,130" m="44137" machi="62" ten="40,5200,0" yaku="19,1,34,2" doraHai="74" who="1" fromWho="3" sc="292,0,176,68,62,0,460,-58" />
</Scene>
<Scene>
<INIT seed="4,0,0,4,5,55" ten="292,244,62,402" oya="0" hai0="98,60,29,79,94,41,123,58,124,12,127,50,92" hai1="15,122,69,17,47,75,44,112,103,31,80,73,2" hai2="119,16,78,57,99,132,108,71,83,100,42,91,84" hai3="82,37,81,0,120,14,126,130,113,7,25,4,64"/><T67/><D123/><U19/><E69/><V116/><F71/><W11/><G37/><T86/><D29/><U77/><E73/><V115/><F42/><W106/><G106/><T26/><D26/><U105/><E2/><V23/><F108/><W70/><G120/><T61/><D12/><U38/><E122/><V118/><F115/><W90/><G113/><T66/><D50/><U134/><E112/><V74/><F132/><W3/><G25/><T51/><D51/><U30/><E134/><V129/><F129/><W34/><G34/><T39/><D41/><U85/><E75/><V95/><F57/><W131/><G90/><T110/><D39/><U121/><E121/><V27/><REACH who="2" step="1"/><F74/><REACH who="2" ten="292,244,52,402" step="2"/><W22/><G70/><N who="0" m="42311" /><D110/><U8/><E38/><V104/><F104/><W46/><G130/><T33/><D58/><U49/><E105/><V45/><F45/><W40/><G46/><T48/><D124/><U20/><E47/><V63/><F63/><W72/><G126/><T93/><D61/><U125/><E125/><V21/><F21/><W18/><G22/><T9/><D127/><U133/><E133/><V10/><F10/><W114/><G11/><T54/><D9/><U53/><E103/><AGARI ba="0,1" hai="16,23,27,78,83,84,91,95,99,100,103,116,118,119" machi="103" ten="40,5200,0" yaku="1,1,12,1,54,1,53,0" doraHai="55" doraHaiUra="1" who="2" fromWho="1" sc="292,0,244,-52,52,62,402,0" />
</Scene>
<Scene>
<INIT seed="5,0,0,2,1,60" ten="292,192,114,402" oya="1" hai0="55,127,74,108,27,122,25,129,133,118,13,106,135" hai1="120,61,81,51,130,22,46,56,18,6,47,64,30" hai2="19,105,54,17,82,29,100,109,3,95,23,11,15" hai3="86,33,107,9,123,4,96,113,77,7,39,57,49"/><U132/><E120/><V103/><F109/><W69/><G39/><T42/><D106/><U2/><E130/><V124/><F105/><W70/><G33/><T12/><D74/><U16/><E132/><N who="0" m="50761" /><D42/><N who="1" m="25047" /><E2/><V32/><F124/><W97/><G113/><T59/><D108/><U8/><E47/><V91/><F82/><W99/><G107/><T87/><D118/><U134/><E134/><V78/><F78/><W117/><G117/><T50/><D129/><U0/><E0/><V34/><F34/><W101/><G101/><T65/><D127/><U41/><E41/><V84/><F32/><W115/><G115/><T31/><D122/><U80/><E6/><V116/><F116/><W68/><G123/><T38/><D38/><U125/><E125/><V53/><F29/><W93/><G7/><T48/><D31/><U14/><E30/><V83/><F3/><W71/><G4/><T67/><D50/><U45/><E45/><V58/><F83/><W112/><G49/><T111/><D111/><U94/><E94/><V21/><F11/><W85/><G93/><T10/><D10/><U24/><AGARI ba="0,0" hai="8,14,16,18,22,24,56,61,64,80,81" m="25047" machi="24" ten="30,6000,0" yaku="8,1,52,1,54,1" doraHai="60" who="1" fromWho="1" sc="292,-20,192,60,114,-20,402,-20" />
</Scene>
<Scene>
<INIT seed="5,1,0,3,4,33" ten="272,252,94,382" oya="1" hai0="96,3,102,119,18,15,58,36,13,110,75,41,26" hai1="48,74,85,50,104,123,21,19,62,120,87,70,95" hai2="81,39,121,126,9,129,2,99,27,90,101,108,4" hai3="45,132,79,111,84,30,16,42,92,61,52,32,105"/><U83/><E104/><V60/><F108/><W25/><G105/><T86/><D75/><U68/><E74/><V72/><F121/><W5/><G111/><T128/><D119/><U91/><E120/><V11/><F126/><W122/><G122/><T73/><D73/><U65/><E68/><V8/><F129/><W93/><G5/><T49/><D36/><U12/><REACH who="1" step="1"/><E123/><REACH who="1" ten="272,242,94,382" step="2"/><V71/><F39/><W67/><G132/><T109/><D110/><U43/><E43/><V135/><F135/><W59/><G67/><T47/><D109/><U53/><E53/><V34/><F71/><W78/><G42/><T64/><D64/><U118/><E118/><V40/><F40/><W116/><G116/><T54/><D54/><U133/><E133/><V130/><F130/><W94/><G45/><T51/><D47/><U89/><AGARI ba="1,1" hai="12,19,21,48,50,62,65,70,83,85,87,89,91,95" machi="89" ten="20,7800,0" yaku="1,1,0,1,7,1,53,1" doraHai="33" doraHaiUra="88" who="1" fromWho="1" sc="272,-27,242,91,94,-27,382,-27" />
</Scene>
<Scene>
<INIT seed="5,2,0,3,5,29" ten="245,333,67,355" oya="1" hai0="39,38,114,122,13,121,27,56,99,31,127,94,60" hai1="6,2,40,125,86,134,98,112,68,75,129,19,3" hai2="58,45,5,97,120,95,17,71,15,117,88,49,78" hai3="28,116,8,42,70,54,35,61,64,9,106,0,108"/><U101/><E75/><V59/><F117/><W135/><G108/><T113/><D127/><U90/><E68/><V115/><F120/><N who="0" m="46186" /><D13/><U128/><E125/><V63/><F115/><N who="0" m="44042" /><D94/><U36/><E112/><V89/><F78/><W133/><G116/><T76/><D99/><U22/><E134/><V14/><F71/><W51/><G106/><T55/><D76/><U66/><E66/><V43/><F63/><W65/><G0/><T32/><AGARI ba="2,0" hai="27,31,32,38,39,55,56,60" m="44042,46186" machi="32" ten="30,4000,0" yaku="13,1,15,1,52,1" doraHai="29" who="0" fromWho="0" sc="245,46,333,-22,67,-12,355,-12" />
</Scene>
<Scene>
<INIT seed="6,0,0,0,3,34" ten="291,311,55,343" oya="2" hai0="61,123,69,135,4,104,56,72,97,15,105,95,7" hai1="127,22,29,65,93,43,91,92,96,81,5,8,115" hai2="11,67,103,37,132,47,42,117,16,73,23,50,116" hai3="64,62,99,6,19,88,112,17,55,27,70,3,98"/><V54/><F73/><W131/><G131/><T20/><D69/><U21/><E115/><V35/><F35/><W59/><G112/><T10/><D72/><U63/><E127/><V109/><F132/><W45/><G45/><T121/><D135/><U39/><E81/><V130/><F130/><W31/><G99/><T57/><D57/><U18/><E29/><V38/><F109/><W111/><G111/><T49/><D49/><U76/><E76/><V119/><F67/><W78/><G78/><T58/><D58/><U28/><E28/><V80/><F80/><W106/><G3/><T41/><D41/><U85/><E43/><V32/><F32/><N who="3" m="20607" /><G88/><T0/><D104/><U126/><E39/><V133/><F133/><W122/><G6/><T66/><D105/><U68/><E18/><V101/><F11/><W52/><G122/><T36/><D36/><U53/><E53/><N who="3" m="20554" /><G59/><T94/><D94/><U102/><E126/><V128/><F128/><W12/><G12/><AGARI ba="0,0" hai="5,8,12,21,22,63,65,68,85,91,92,93,96,102" machi="12" ten="30,1000,0" yaku="7,1" doraHai="34" who="1" fromWho="3" sc="291,0,311,10,55,0,343,-10" />
</Scene>
<Scene>
<INIT seed="7,0,0,2,5,42" ten="291,321,55,333" oya="3" hai0="73,131,3,98,92,130,78,119,25,37,28,124,90" hai1="126,110,123,79,102,33,6,113,108,49,40,77,61" hai2="128,15,74,125,84,56,30,17,53,82,5,55,31" hai3="115,1,57,16,59,47,63,109,58,70,76,118,132"/><W85/><G118/><T83/><D3/><U54/><E123/><V32/><F128/><N who="0" m="49194" /><D37/><U41/><E113/><V72/><F125/><W121/><G1/><T89/><D25/><U45/><E126/><V100/><F72/><W4/><G121/><T67/><D28/><U22/><E33/><V91/><F74/><W97/><G4/><T86/><D67/><U0/><E102/><V7/><F32/><W122/><G122/><T120/><D120/><U43/><E22/><V29/><F100/><W60/><G115/><T96/><D124/><U105/><E105/><V68/><F68/><W18/><G70/><T81/><D119/><U107/><E107/><V75/><F75/><W99/><G132/><T114/><D114/><U65/><E6/><V112/><F112/><W24/><G24/><T10/><D10/><U106/><E106/><V87/><F55/><W13/><G109/><T94/><D83/><U35/><E35/><V127/><F127/><W14/><G14/><T62/><D62/><U44/><E0/><V51/><F84/><AGARI ba="0,0" hai="73,78,81,84,86,89,90,92,94,96,98" m="49194" machi="84" ten="30,3900,0" yaku="19,1,34,2" doraHai="42" who="0" fromWho="2" sc="291,39,321,0,55,-39,333,0" owari="330,13.0,321,-8.0,16,-48.0,333,43.0" />
</Scene>
</mjloggm>