<mjloggm ver="2.3"><GO type="169" lobby="0"/><UN n0="%E3%81%97%E3%82%85%E3%81%B0%E3%82%8B%E3%81%A4" n1="%E6%96%91%E7%9B%AE%56" n2="%E5%A4%AA%E3%81%8F%E3%81%AA%E3%81%84%E3%81%8A" n3="%E3%83%92%E3%83%AB%E3%83%99%E3%83%AB%E3%83%88" dan="16,17,18,18" rate="2079.78,2139.70,2279.16,2277.92" sx="M,M,M,M"/><TAIKYOKU oya="0"/>

<Scene>
<INIT seed="0,0,0,3,2,11" ten="250,250,250,250" oya="0" hai0="116,125,41,90,107,126,133,67,2,131,10,15,27" hai1="16,44,69,21,33,114,38,56,26,8,108,51,77" hai2="106,121,87,23,68,99,75,13,47,79,25,46,20" hai3="135,59,22,32,19,105,45,112,6,88,55,111,72"/><T128/><D116/><U94/><E69/><V115/><F121/><W80/><G112/><T54/><D107/><U70/><E70/><V78/><F75/><W0/><G135/><T124/><D2/><U61/><E114/><V42/><F68/><W43/><G105/><T14/><D67/><U58/><E38/><V36/><F115/><W95/><G32/><T110/><D110/><U93/><E108/><V103/><F47/><W130/><G130/><N who="0" m="49707" /><D41/><U39/><E39/><V63/><F63/><W96/><G111/><T52/><D133/><U35/><E77/><V81/><F78/><W37/><G0/><T74/><D74/><U102/><E58/><V122/><F122/><W97/><G6/><N who="0" m="3415" /><D27/><U4/><E35/><V66/><F66/><W31/><G31/><T129/><N who="0" m="49715" /><T3/><DORA hai="86" /><D3/><U132/><E33/><V1/><F1/><W48/><G72/><T40/><D40/><U76/><E132/><V119/><F119/><W50/><G80/><T18/><D90/><U83/><E102/><V53/><F25/><N who="3" m="14559" /><G37/><T98/><D98/><AGARI ba="0,0" hai="43,45,48,50,55,59,88,95,96,97,98" m="14559" machi="98" ten="30,3900,0" yaku="8,1,52,1,54,1" doraHai="11,86" who="3" fromWho="0" sc="250,-39,250,0,250,0,250,39" />
</Scene>
<Scene>
<INIT seed="1,0,0,1,1,20" ten="211,250,250,289" oya="1" hai0="90,45,83,1,69,59,75,49,13,98,28,61,99" hai1="67,96,122,2,21,7,131,10,92,55,42,35,127" hai2="134,58,29,85,76,77,50,40,95,124,73,74,80" hai3="118,126,120,32,86,44,63,14,26,91,34,128,12"/><U117/><E35/><V6/><F124/><W48/><G118/><T87/><D1/><U115/><E42/><V3/><F134/><W25/><G120/><T116/><D116/><U110/><E67/><V88/><F29/><W5/><G126/><T37/><D37/><U53/><E131/><V8/><F58/><W79/><G79/><T51/><D69/><U81/><E110/><V119/><F119/><W68/><G128/><T31/><D75/><U0/><E0/><V101/><F101/><W105/><G105/><T82/><D82/><U108/><E108/><V19/><F19/><W109/><G109/><T135/><D135/><U60/><E115/><V11/><F11/><W52/><G5/><T107/><D13/><N who="3" m="5225" /><G34/><T36/><D107/><U112/><E122/><V97/><REACH who="2" step="1"/><F77/><REACH who="2" ten="211,250,240,289" step="2"/><W43/><G68/><T4/><D4/><N who="1" m="1303" /><E127/><V27/><F27/><N who="3" m="10251" /><G32/><T41/><D31/><U23/><E7/><V121/><F121/><W33/><G33/><T106/><D28/><U65/><E21/><V72/><F72/><W130/><G130/><T129/><D129/><U38/><E23/><V114/><F114/><W102/><G102/><T66/><D106/><U62/><E112/><V9/><F9/><W54/><G63/><T16/><D16/><U125/><E125/><V30/><F30/><W47/><G44/><AGARI ba="0,1" hai="3,6,8,40,44,50,73,74,76,80,85,88,95,97" machi="44" ten="40,2600,0" yaku="1,1,54,1,53,0" doraHai="20" doraHaiUra="17" who="2" fromWho="3" sc="211,0,250,0,240,36,289,-26" />
</Scene>
<Scene>
<INIT seed="2,0,0,3,2,11" ten="211,250,276,263" oya="2" hai0="121,67,43,107,95,85,114,35,52,103,69,126,82" hai1="59,110,13,55,18,23,132,33,30,26,135,57,111" hai2="102,27,29,92,61,60,78,116,53,17,101,37,25" hai3="62,42,45,130,22,28,119,90,46,88,4,113,12"/><V120/><F116/><W112/><G119/><T105/><D35/><U49/><REACH who="1" step="1"/><E59/><REACH who="1" ten="211,240,276,263" step="2"/><N who="2" m="34927" /><F120/><W106/><G113/><T39/><D121/><U97/><E97/><V76/><F37/><W93/><G112/><T108/><D39/><U2/><E2/><V71/><F71/><W54/><G130/><T40/><D114/><U3/><E3/><V94/><F61/><W115/><G62/><T117/><D117/><U34/><E34/><V127/><F127/><W48/><G115/><T128/><D126/><U86/><E86/><V133/><F133/><AGARI ba="0,1" hai="13,18,23,26,30,33,49,55,57,110,111,132,133,135" machi="133" ten="40,8000,1" yaku="21,2,20,1,52,1,53,0" doraHai="11" doraHaiUra="36" who="1" fromWho="2" sc="211,0,240,90,276,-80,263,0" />
</Scene>
<Scene>
<INIT seed="3,0,0,2,3,60" ten="211,330,196,263" oya="3" hai0="41,25,126,72,93,27,127,120,18,28,1,12,76" hai1="124,89,108,58,70,98,128,82,94,54,105,14,56" hai2="34,97,40,9,35,23,134,32,4,2,10,91,43" hai3="84,121,17,37,74,85,36,114,49,107,39,30,113"/><W135/><G74/><T6/><D120/><U122/><E70/><V51/><F134/><W119/><G121/><T50/><D93/><U129/><E124/><N who="0" m="47657" /><D41/><U69/><E69/><V81/><F23/><W123/><G107/><T38/><D38/><U132/><E132/><V31/><F31/><W86/><G135/><T130/><D50/><U104/><E108/><V116/><F116/><W101/><G123/><T102/><D102/><U96/><E96/><V15/><F51/><W73/><G73/><T80/><D130/><N who="1" m="50283" /><E122/><V118/><F118/><W42/><G119/><T115/><D115/><U48/><E14/><V67/><F67/><W92/><G30/><T24/><D6/><U100/><E56/><V90/><F97/><W29/><G29/><T53/><D53/><U57/><E57/><V68/><F68/><W0/><G0/><T117/><D1/><U45/><E45/><V44/><F81/><W83/><G83/><T78/><D78/><U33/><E33/><V7/><REACH who="2" step="1"/><F40/><REACH who="2" ten="211,330,186,263" step="2"/><W55/><G42/><T71/><D71/><U52/><E54/><V61/><F61/><W16/><G49/><T65/><D117/><U125/><E125/><V62/><F62/><W22/><G22/><N who="0" m="11591" /><D65/><U77/><E100/><V110/><F110/><W20/><G20/><AGARI ba="0,1" hai="20,24,25,27,28,72,76,80" m="11591,47657" machi="20" ten="30,1000,0" yaku="18,1" doraHai="60" who="0" fromWho="3" sc="211,20,330,0,186,0,263,-10" />
</Scene>
<Scene>
<INIT seed="4,0,0,0,3,23" ten="231,330,186,253" oya="0" hai0="134,60,32,97,8,39,96,41,33,21,116,72,29" hai1="73,5,67,87,18,56,40,36,95,62,20,83,14" hai2="75,19,64,55,81,79,129,7,12,52,1,43,16" hai3="133,114,61,121,80,92,86,90,27,135,28,120,112"/><T26/><D116/><U91/><E5/><V122/><F122/><N who="3" m="47211" /><G61/><T130/><D72/><U124/><E124/><V6/><F129/><W76/><G28/><T89/><D41/><U98/><E73/><V45/><F64/><W108/><G108/><T68/><D39/><U51/><E36/><N who="2" m="21735" /><F6/><W111/><G27/><N who="0" m="18495" /><D89/><U113/><E113/><N who="3" m="43626" /><G111/><T17/><D97/><AGARI ba="0,0" hai="76,80,86,90,92,97,133,135" m="43626,47211" machi="97" ten="30,7700,0" yaku="13,1,15,1,34,2" doraHai="23" who="3" fromWho="0" sc="231,-77,330,0,186,0,253,77" />
</Scene>
<Scene>
<INIT seed="5,0,0,3,2,88" ten="154,330,186,330" oya="1" hai0="14,111,98,117,52,55,119,110,71,15,27,33,125" hai1="38,118,78,86,23,0,46,12,31,129,133,11,99" hai2="42,66,127,74,102,62,112,64,108,36,115,67,4" hai3="123,56,51,29,7,79,104,84,109,41,53,77,96"/><U25/><E0/><V17/><F74/><W116/><G123/><T8/><D71/><U24/><E133/><V26/><F108/><W16/><G109/><T20/><D125/><U32/><E129/><V124/><F4/><W3/><G29/><T37/><D37/><U35/><E118/><V54/><F102/><W5/><G3/><T122/><D122/><U65/><E65/><V45/><F17/><W76/><G84/><T39/><D39/><U1/><E1/><V85/><F26/><W91/><G104/><T105/><D33/><U107/><E24/><V44/><F85/><W48/><G116/><T100/><D111/><U101/><E38/><V135/><F135/><W134/><G134/><T68/><D110/><U6/><E46/><V113/><F45/><N who="3" m="26031" /><G16/><T47/><D68/><U106/><REACH who="1" step="1"/><E107/><REACH who="1" ten="154,320,186,330" step="2"/><V131/><F131/><W50/><G53/><T57/><D119/><U81/><AGARI ba="0,1" hai="6,11,12,23,25,31,32,35,78,81,86,99,101,106" machi="81" ten="30,6000,0" yaku="1,1,2,1,0,1,53,0" doraHai="88" doraHaiUra="70" who="1" fromWho="1" sc="154,-20,320,70,186,-20,330,-20" />
</Scene>
<Scene>
<INIT seed="5,1,0,4,2,72" ten="134,390,166,310" oya="1" hai0="89,57,39,76,51,63,130,78,91,115,131,100,1" hai1="41,16,47,95,101,21,14,111,117,109,48,86,37" hai2="120,107,114,135,34,129,27,58,44,123,69,110,17" hai3="65,127,98,60,83,43,54,19,20,10,33,7,2"/><U29/><E117/><V53/><F17/><W104/><G127/><T134/><D39/><U112/><E112/><V84/><F27/><W108/><G108/><N who="1" m="41546" /><E29/><V46/><F84/><W106/><G43/><T11/><D100/><U73/><E73/><V42/><F107/><W22/><G22/><T118/><D118/><U132/><E132/><V26/><F110/><W59/><G33/><T0/><D51/><U64/><E64/><V128/><F69/><W31/><G31/><T3/><D11/><U35/><E35/><V105/><F105/><W4/><G4/><T90/><D115/><U80/><E95/><V28/><F114/><W36/><G36/><T96/><D96/><U77/><E101/><V32/><F135/><W125/><G125/><T8/><D8/><U124/><E48/><N who="2" m="31015" /><F34/><W92/><G83/><T24/><D24/><U25/><E124/><V9/><F9/><W70/><G65/><N who="0" m="39151" /><D134/><U50/><E37/><N who="2" m="21583" /><F46/><W68/><G106/><T15/><D15/><AGARI ba="1,0" hai="14,15,16,21,25,41,47,50,77,80,86" m="41546" machi="15" ten="30,5800,0" yaku="10,1,52,1,54,1" doraHai="72" who="1" fromWho="0" sc="134,-61,390,61,166,0,310,0" />
</Scene>
<Scene>
<INIT seed="5,2,0,4,0,78" ten="73,451,166,310" oya="1" hai0="8,0,89,118,77,132,92,62,71,102,85,130,7" hai1="40,119,129,49,70,26,12,33,48,114,43,30,88" hai2="98,115,42,112,116,21,125,104,108,23,22,73,2" hai3="36,13,120,54,99,60,93,90,51,64,86,69,6"/><U29/><E70/><V94/><F108/><W17/><G36/><T72/><D118/><U103/><E103/><V131/><F116/><W55/><G6/><T122/><D132/><U20/><E129/><V14/><F2/><W31/><G31/><T127/><D130/><U32/><E114/><N who="2" m="43563" /><F131/><W133/><G133/><T123/><D127/><U87/><E119/><V84/><F73/><W50/><G50/><T39/><D39/><U44/><E12/><V67/><F125/><W75/><G75/><T117/><D117/><U81/><E29/><V91/><F42/><W135/><G120/><T1/><D1/><U3/><E3/><V15/><F67/><W96/><G54/><T110/><D110/><U83/><E83/><N who="2" m="49567" /><F104/><W74/><G74/><T95/><D71/><U128/><E128/><V80/><F80/><W106/><G106/><T10/><D92/><U56/><E56/><V126/><F126/><W58/><REACH who="3" step="1"/><G135/><REACH who="3" ten="73,451,166,300" step="2"/><T34/><D122/><U27/><E48/><V134/><F134/><W35/><G35/><T82/><D123/><U47/><E32/><V57/><F57/><W4/><G4/><T24/><D34/><U100/><E44/><V53/><F53/><W46/><G46/><T97/><D7/><U11/><E43/><V76/><F22/><AGARI ba="2,1" hai="13,17,22,51,55,58,60,64,69,86,90,93,96,99" machi="22" ten="30,8000,1" yaku="1,1,7,1,25,2,53,1" doraHai="78" doraHaiUra="65" who="3" fromWho="2" sc="73,0,451,0,166,-86,300,96" />
</Scene>
<Scene>
<INIT seed="6,0,0,0,5,109" ten="73,451,80,396" oya="2" hai0="27,45,23,100,5,14,35,66,110,65,70,42,94" hai1="107,131,53,37,87,81,93,18,84,17,1,76,0" hai2="78,83,9,22,50,102,111,32,31,129,61,79,105" hai3="36,95,77,134,54,91,55,26,124,99,4,74,128"/><V89/><F32/><W16/><G36/><T114/><D110/><U67/><E37/><V8/><F111/><W62/><G124/><T59/><D70/><U13/><E107/><V56/><F129/><W117/><G117/><T2/><D2/><U41/><E41/><V86/><F105/><W47/><G128/><T44/><D114/><U125/><E17/><V60/><F102/><W121/><G134/><T24/><D35/><U51/><E67/><N who="2" m="39303" /><F61/><W115/><G115/><T72/><D72/><U15/><E125/><V63/><F63/><W119/><G119/><T46/><D42/><U71/><E71/><V7/><F50/><W82/><G4/><T101/><D59/><U122/><E122/><V64/><F64/><N who="0" m="24682" /><D94/><U123/><E123/><V118/><F118/><W116/><G116/><T33/><D33/><U11/><E131/><V130/><F130/><W113/><G113/><T80/><D80/><U68/><E68/><V25/><F7/><W20/><G121/><T49/><D49/><U103/><E0/><V97/><F97/><W38/><REACH who="3" step="1"/><G62/><REACH who="3" ten="73,451,80,386" step="2"/><T58/><D5/><N who="1" m="3311" /><E1/><V98/><F98/><W90/><G90/><T88/><D88/><N who="1" m="53407" /><E103/><V34/><F34/><W21/><G21/><T106/><D100/><U108/><E108/><V92/><F79/><W96/><G96/><T57/><D101/><U85/><E76/><V3/><F3/><W30/><G30/><T29/><D106/><U75/><E18/><V126/><F126/><W39/><G39/><T120/><D120/><U10/><E10/><N who="2" m="4203" /><F78/><W112/><G112/><T127/><D127/><U48/><E48/><RYUUKYOKU ba="0,1" sc="73,-15,451,-15,80,15,386,15" hai2="22,25,31,83,86,89,92" hai3="16,20,26,38,47,54,55,74,77,82,91,95,99" />
</Scene>
<Scene>
<INIT seed="6,1,1,4,3,115" ten="58,436,95,401" oya="2" hai0="51,9,128,133,82,89,33,126,48,12,74,104,132" hai1="118,92,119,37,111,36,107,83,66,59,34,61,21" hai2="112,4,106,38,5,122,65,27,62,105,116,125,60" hai3="20,75,43,72,52,88,114,103,17,79,41,101,68"/><V19/><F122/><W94/><G114/><T40/><D104/><U84/><E34/><V80/><F112/><W14/><G68/><T28/><D128/><U91/><E107/><V86/><F38/><W81/><G75/><T22/><D126/><U26/><E111/><V45/><F125/><W16/><G17/><T50/><D33/><U90/><E36/><V127/><F127/><W3/><G3/><T31/><D40/><U102/><E37/><V99/><F45/><W49/><G43/><T93/><D74/><U10/><E10/><V63/><F65/><W97/><G41/><T76/><D76/><U109/><E109/><V13/><F27/><W23/><G23/><T25/><D82/><U8/><E8/><V130/><F130/><W39/><G39/><T29/><D132/><U58/><E58/><AGARI ba="1,1" hai="14,16,20,49,52,58,72,79,81,88,94,97,101,103" machi="58" ten="30,7700,0" yaku="7,1,54,3" doraHai="115" who="3" fromWho="1" sc="58,0,436,-80,95,0,401,90" />
</Scene>
<Scene>
<INIT seed="7,0,0,4,1,21" ten="58,356,95,491" oya="3" hai0="57,48,52,106,17,60,101,39,96,103,13,133,55" hai1="73,97,26,114,50,82,107,15,45,75,74,16,127" hai2="51,128,80,132,46,111,87,20,27,124,85,66,116" hai3="14,43,62,81,105,129,79,122,113,37,120,12,84"/><W63/><G105/><T92/><D39/><U112/><E127/><V72/><F111/><W24/><G113/><T123/><D123/><U4/><E82/><V34/><F116/><W64/><G129/><T36/><D36/><U59/><E59/><V91/><F34/><W25/><G43/><T65/><D133/><U11/><E107/><V8/><F132/><W102/><G102/><T77/><D77/><U130/><E97/><V54/><F124/><W94/><G37/><T35/><D35/><U29/><E130/><V135/><F135/><W98/><G63/><T83/><D83/><U125/><E125/><V95/><F128/><W118/><G118/><T134/><D134/><U9/><E9/><V121/><F121/><W10/><G14/><T19/><D19/><U30/><E30/><N who="2" m="17767" /><F72/><W86/><G86/><T42/><D106/><U70/><E4/><V108/><F108/><W78/><G78/><T117/><D117/><U33/><REACH who="1" step="1"/><E70/><REACH who="1" ten="58,346,95,491" step="2"/><V23/><F8/><W53/><G98/><T49/><D103/><U109/><E109/><V5/><F5/><W1/><G10/><T67/><D42/><U0/><E0/><V93/><F66/><W3/><G64/><T110/><D110/><U115/><E115/><V47/><F23/><W31/><G1/><T56/><D60/><U89/><E89/><N who="2" m="53439" /><F80/><W22/><G81/><T32/><D32/><U76/><E76/><V88/><F91/><W69/><G79/><T61/><D61/><U6/><E6/><V68/><F68/><W104/><G69/><T119/><D119/><U7/><E7/><V58/><AGARI ba="0,1" hai="46,47,51,54,58,85,88,95" m="53439,17767" machi="58" ten="30,7900,0" yaku="5,1,8,1,52,1,54,1" doraHai="21" who="2" fromWho="2" sc="58,-20,346,-20,95,89,491,-39" owari="38,-46.0,326,13.0,184,-22.0,452,55.0" />
</Scene>
</mjloggm>