<mjloggm ver="2.3"><GO type="169" lobby="0"/><UN n0="%E8%A5%BF%E6%9D%91%E9%9B%84%E4%B8%80%E9%83%8E" n1="%69%6B%65%65%74%74%69" n2="%E5%A4%AA%E3%81%8F%E3%81%AA%E3%81%84%E3%81%8A" n3="%50%55%59%4F%50%4F%50" dan="16,16,19,16" rate="2136.09,2113.51,2294.59,2102.90" sx="M,F,F,M"/><TAIKYOKU oya="0"/>

<Scene>
<INIT seed="0,0,0,2,3,59" ten="250,250,250,250" oya="0" hai0="112,97,122,75,94,68,37,0,32,121,77,79,30" hai1="82,92,5,131,80,115,69,101,117,50,35,42,104" hai2="48,47,23,91,15,60,99,21,24,58,73,102,128" hai3="28,83,29,53,6,40,108,114,129,7,14,119,127"/><T113/><D37/><U67/><E117/><V61/><F73/><W81/><G119/><T111/><D0/><U130/><E104/><V1/><F1/><W86/><G40/><T116/><D68/><U8/><E35/><V36/><F36/><W71/><G71/><T55/><D55/><U2/><E115/><N who="0" m="44105" /><D30/><U95/><E42/><N who="2" m="24695" /><F102/><W110/><G114/><T13/><D13/><U132/><E50/><V56/><F128/><N who="1" m="49193" /><E132/><V84/><F99/><W76/><G129/><T52/><D52/><U123/><E123/><N who="0" m="47113" /><D32/><U9/><E9/><V43/><F43/><W20/><G53/><T66/><D66/><U87/><E67/><N who="2" m="39303" /><F15/><W109/><G14/><T11/><D11/><U45/><E69/><V125/><F125/><W74/><G127/><T105/><D116/><U133/><E133/><V10/><F10/><W57/><G57/><T18/><D18/><U124/><E124/><V38/><F38/><W85/><G20/><T51/><D51/><U54/><E54/><N who="2" m="34007" /><F24/><W65/><G7/><T44/><D44/><U72/><E8/><V46/><F46/><W27/><G6/><T25/><D25/><U88/><E45/><V100/><F100/><W16/><G27/><T34/><D34/><U134/><E5/><V12/><F12/><W135/><G135/><T89/><D75/><U31/><E134/><V22/><F22/><W49/><G74/><T120/><D120/><U62/><E72/><V33/><F33/><W93/><G29/><T63/><D105/><U19/><E31/><V17/><F17/><W78/><G28/><T90/><D97/><U126/><E126/><RYUUKYOKU ba="0,0" sc="250,-10,250,-10,250,30,250,-10" hai2="21,23,84,91" />
</Scene>
<Scene>
<INIT seed="1,1,0,0,5,73" ten="240,240,280,240" oya="1" hai0="45,15,92,38,106,117,49,55,14,51,89,74,26" hai1="42,122,77,53,34,98,128,36,79,44,90,133,97" hai2="65,25,30,127,130,4,116,56,69,99,121,115,9" hai3="126,13,100,28,72,27,129,103,88,63,12,17,62"/><U119/><E119/><V64/><F116/><W125/><G72/><T47/><D38/><U84/><E122/><V68/><F121/><W112/><G112/><T35/><D106/><U113/><E113/><V108/><F115/><W61/><G129/><T0/><D0/><U81/><E128/><V37/><F37/><W23/><G13/><T31/><D74/><U11/><E34/><V123/><F123/><W21/><REACH who="3" step="1"/><G88/><REACH who="3" ten="240,240,280,230" step="2"/><T110/><D117/><U8/><E133/><V5/><F130/><W57/><G57/><T6/><D6/><U114/><E114/><V104/><F56/><W19/><G19/><T7/><D7/><U109/><E109/><V48/><F4/><W59/><G59/><T20/><D110/><U41/><E36/><V87/><F5/><W120/><G120/><T135/><D135/><U50/><E11/><V95/><F9/><W78/><G78/><N who="1" m="29706" /><E8/><V1/><F108/><W71/><G71/><T32/><D32/><U80/><E80/><V66/><F69/><W43/><G43/><AGARI ba="1,1" hai="41,42,43,44,50,53,81,84,90,97,98" m="29706" machi="43" ten="30,11600,0" yaku="8,1,52,3" doraHai="73" who="1" fromWho="3" sc="240,0,240,129,280,0,230,-119" />
</Scene>
<Scene>
<INIT seed="1,2,0,3,5,41" ten="240,369,280,111" oya="1" hai0="54,63,25,3,74,45,71,38,11,73,32,97,94" hai1="125,116,83,84,52,69,101,8,27,17,106,15,85" hai2="6,102,59,53,70,57,67,40,65,104,7,55,43" hai3="77,47,134,107,127,122,0,111,49,90,44,5,39"/><U130/><E116/><V10/><F102/><W132/><G122/><T37/><D3/><U131/><E69/><V66/><F70/><W62/><G107/><T22/><D32/><U126/><E27/><V91/><F104/><W60/><G111/><T124/><D11/><U75/><E75/><V46/><F91/><W109/><G109/><T30/><D124/><N who="1" m="47723" /><E52/><N who="2" m="20043" /><F10/><N who="3" m="2343" /><G49/><T9/><D9/><U110/><E110/><V42/><F46/><N who="3" m="17451" /><G39/><T93/><D38/><U14/><E14/><V21/><F21/><W86/><G77/><T16/><D37/><U31/><E31/><V72/><F72/><W2/><G2/><T56/><D30/><U13/><E13/><V114/><F114/><W58/><G58/><AGARI ba="2,0" hai="6,7,40,42,43,57,58,59,65,66,67" m="20043" machi="58" ten="40,8000,1" yaku="28,2,8,1,54,1" doraHai="41" who="2" fromWho="3" sc="240,0,369,0,280,86,111,-86" />
</Scene>
<Scene>
<INIT seed="2,0,0,5,0,125" ten="240,369,366,25" oya="2" hai0="13,31,20,60,132,75,17,126,106,57,5,52,9" hai1="54,97,80,89,69,79,133,107,130,42,50,2,8" hai2="122,67,15,12,45,32,103,58,28,114,110,81,121" hai3="0,108,98,111,38,85,18,43,120,23,37,30,63"/><V83/><F114/><W73/><G73/><T129/><D126/><U61/><E42/><V51/><F103/><W46/><G0/><T40/><D132/><U117/><E117/><V14/><F32/><W71/><G120/><T70/><D75/><U24/><E133/><V49/><F28/><W44/><G30/><T47/><D70/><U135/><E135/><V68/><F68/><W1/><G1/><T82/><D82/><U64/><E24/><V76/><F110/><N who="3" m="42027" /><G98/><T123/><D106/><U55/><E55/><V41/><F81/><W27/><G85/><T7/><D123/><U19/><E2/><V95/><F95/><W6/><G6/><T25/><REACH who="0" step="1"/><D129/><REACH who="0" ten="230,369,366,25" step="2"/><U10/><E107/><V34/><F122/><W16/><G71/><T113/><D113/><U91/><E80/><V26/><F121/><W29/><G63/><T90/><D90/><U36/><E89/><V62/><F83/><W127/><G127/><T84/><D84/><U99/><E91/><V77/><F77/><W128/><G128/><T119/><D119/><U39/><E79/><V11/><F76/><W104/><G104/><T134/><D134/><U3/><E61/><V35/><F62/><W105/><G105/><T22/><D22/><U96/><E69/><V87/><F87/><W56/><G56/><T92/><D92/><U101/><E130/><V102/><F35/><W72/><G72/><T112/><D112/><U4/><E101/><V93/><F102/><W66/><G66/><T115/><D115/><U33/><E64/><V116/><F67/><W78/><G78/><T88/><D88/><RYUUKYOKU ba="0,1" sc="230,15,369,-15,366,-15,25,15" hai0="5,7,9,13,17,20,25,31,40,47,52,57,60" hai3="16,18,23,27,29,37,38,43,44,46" />
</Scene>
<Scene>
<INIT seed="3,1,1,4,5,43" ten="245,354,351,40" oya="3" hai0="135,33,75,31,27,112,14,10,103,51,88,123,12" hai1="81,37,50,42,101,128,97,114,15,19,56,116,4" hai2="23,58,87,60,47,64,126,49,46,92,74,0,105" hai3="120,62,20,99,134,3,30,80,16,102,17,66,7"/><W132/><G120/><T38/><D38/><U13/><E114/><V124/><F74/><W73/><G3/><T21/><D123/><U59/><E37/><V11/><F105/><W95/><G7/><T118/><D75/><U68/><E68/><V63/><F23/><W48/><G30/><T5/><D118/><U94/><E128/><V122/><F122/><W121/><G121/><T39/><D39/><U22/><E116/><V2/><F92/><W45/><G80/><T106/><D135/><N who="3" m="51753" /><G20/><T125/><D125/><N who="2" m="48234" /><F87/><W67/><G73/><T110/><D110/><U85/><E42/><N who="2" m="24791" /><F11/><W109/><G109/><T119/><D119/><U71/><E50/><V24/><F24/><W35/><G35/><T107/><D103/><U98/><E71/><N who="2" m="42375" /><F47/><W61/><G67/><AGARI ba="1,1" hai="0,2,58,63,67" m="42375,24791,48234" machi="67" ten="30,2000,0" yaku="18,1,52,1" doraHai="43" who="2" fromWho="3" sc="245,0,354,0,351,33,40,-23" />
</Scene>
<Scene>
<INIT seed="4,0,0,4,3,0" ten="245,354,384,17" oya="0" hai0="93,104,44,81,100,18,73,50,135,122,30,35,95" hai1="127,39,36,48,45,24,108,17,67,79,9,134,49" hai2="61,118,111,13,84,88,22,15,133,115,3,70,26" hai3="41,19,57,59,72,128,125,82,106,38,101,77,80"/><T131/><D122/><U130/><E108/><V105/><F111/><W86/><G128/><T4/><D131/><U132/><E130/><V5/><F105/><W34/><G125/><T23/><D135/><N who="1" m="51755" /><E127/><V66/><F133/><W12/><G34/><T74/><D35/><U109/><E109/><V32/><F32/><W53/><G38/><T58/><D30/><U112/><E112/><V62/><F115/><W114/><G41/><T1/><D104/><U121/><E121/><V117/><F62/><W120/><G120/><T54/><D73/><U129/><E129/><V20/><F3/><W55/><G114/><T83/><D74/><U69/><E79/><V123/><F123/><W92/><G106/><T113/><D113/><U64/><E24/><V47/><F47/><W29/><G29/><T107/><D107/><U16/><E49/><V27/><F20/><W6/><G6/><T89/><D100/><U116/><E116/><N who="2" m="44651" /><F5/><W56/><G72/><T97/><D95/><U7/><E69/><V37/><F37/><W28/><G28/><T33/><D33/><U46/><E46/><V91/><F91/><W2/><G2/><T14/><REACH who="0" step="1"/><D44/><REACH who="0" ten="235,354,384,17" step="2"/><U99/><E45/><V42/><F42/><W63/><G101/><T21/><D21/><U85/><E39/><V65/><F22/><N who="3" m="11623" /><G92/><T60/><D60/><U119/><E36/><V25/><F65/><N who="3" m="39167" /><G80/><AGARI ba="0,1" hai="13,15,25,26,27,61,66,70,80,84,88" m="44651" machi="80" ten="30,2000,0" yaku="12,1,54,1" doraHai="0" who="2" fromWho="3" sc="235,0,354,0,384,30,17,-20" owari="235,-16.0,354,15.0,414,51.0,-3,-50.0" />
</Scene>
</mjloggm>