<mjloggm ver="2.3"><GO type="169" lobby="0"/><UN n0="%E3%82%AB%E3%83%95%E3%82%A7%E3%83%AC%E3%82%AA" n1="%E5%A4%AA%E3%81%8F%E3%81%AA%E3%81%84%E3%81%8A" n2="%E2%98%86%E2%98%85%E5%A4%A9%E6%B1%9F%E8%A1%A3%E2%98%85%E2%98%86" n3="%E4%B8%96%E3%82%92%E7%9B%B4%E3%81%99%E8%80%85" dan="16,19,16,16" rate="2102.28,2298.68,2146.76,2056.44" sx="M,F,M,M"/><TAIKYOKU oya="0"/>

<Scene>
<INIT seed="0,0,0,4,0,36" ten="250,250,250,250" oya="0" hai0="15,127,80,75,62,133,99,111,87,8,68,79,31" hai1="44,129,89,14,103,50,83,109,41,74,126,27,55" hai2="69,56,18,22,10,100,33,66,131,72,130,12,61" hai3="9,120,110,67,123,28,95,19,88,96,134,117,48"/><T85/><D127/><U13/><E109/><V42/><F33/><W3/><G117/><T60/><D133/><U124/><E129/><N who="2" m="49163" /><F72/><W34/><G110/><T128/><D128/><U78/><E103/><V65/><F100/><W63/><G134/><T38/><D111/><U49/><E89/><V24/><F42/><W93/><G28/><T37/><D31/><U114/><E27/><V0/><F0/><W43/><G34/><T46/><D99/><U116/><E116/><V53/><F69/><W107/><G107/><T23/><D23/><U112/><E13/><V64/><F64/><W58/><G95/><T45/><D37/><U4/><E4/><AGARI ba="0,0" hai="4,10,12,18,22,24,53,56,61,65,66" m="49163" machi="4" ten="30,1000,0" yaku="19,1" doraHai="36" who="2" fromWho="1" sc="250,0,250,-10,250,10,250,0" />
</Scene>
<Scene>
<INIT seed="1,0,0,3,3,76" ten="250,240,260,250" oya="1" hai0="33,81,114,133,72,36,106,23,18,78,20,6,61" hai1="92,54,59,90,65,17,75,3,73,22,44,10,27" hai2="31,122,0,57,103,24,56,135,62,98,7,71,127" hai3="87,74,125,113,126,25,83,89,53,64,8,58,129"/><U84/><E65/><N who="2" m="41399" /><F122/><W19/><G113/><T121/><D114/><U119/><E44/><V112/><F112/><W66/><G129/><T134/><D33/><U132/><E119/><V101/><F101/><W107/><G107/><T48/><D36/><U115/><E132/><N who="0" m="50793" /><D106/><U91/><E115/><V30/><F30/><W15/><G74/><T93/><D6/><U43/><E43/><V124/><F135/><W42/><G42/><T51/><D121/><U2/><E2/><V29/><F29/><W37/><G37/><T45/><D61/><U28/><E90/><V104/><F57/><W9/><G25/><T116/><D116/><U34/><E10/><N who="2" m="2407" /><F56/><W5/><G126/><T11/><D93/><U38/><E3/><V67/><F67/><W32/><G125/><T131/><D131/><U70/><E70/><V26/><F26/><W109/><G32/><AGARI ba="0,0" hai="24,31,32,98,103,104,124,127" m="2407,41399" machi="32" ten="30,2000,0" yaku="25,1,23,1" doraHai="76" who="2" fromWho="3" sc="250,0,240,0,260,20,250,-20" />
</Scene>
<Scene>
<INIT seed="2,0,0,2,0,123" ten="250,240,280,230" oya="2" hai0="85,131,108,50,125,24,10,117,13,92,135,23,46" hai1="129,56,19,11,103,45,132,21,116,40,115,17,2" hai2="0,128,81,34,5,64,110,99,28,77,63,98,83" hai3="71,105,3,89,109,104,12,35,32,78,75,67,96"/><V30/><F128/><W112/><G3/><T55/><D131/><U122/><E129/><V130/><F130/><W18/><G112/><T97/><D125/><U14/><E115/><V20/><F34/><W49/><G49/><T1/><D135/><U91/><E116/><V72/><F83/><W127/><G12/><T16/><D1/><U43/><E132/><V51/><F51/><W60/><G18/><T61/><D117/><U86/><E122/><V8/><F110/><W84/><G127/><T57/><D108/><U6/><E103/><V88/><F20/><W120/><G120/><T106/><D106/><U65/><E65/><V31/><REACH who="2" step="1"/><F88/><REACH who="2" ten="250,240,270,230" step="2"/><W48/><G109/><T27/><D23/><U102/><E91/><V100/><F100/><W47/><G35/><T113/><D113/><U95/><E102/><V22/><F22/><W101/><G32/><T93/><D85/><U15/><E86/><V73/><F73/><W41/><G105/><T25/><REACH who="0" step="1"/><D97/><REACH who="0" ten="240,240,270,230" step="2"/><U118/><E21/><V79/><F79/><W7/><G78/><T121/><D121/><U52/><E118/><V82/><F82/><W44/><G96/><T37/><D37/><U133/><E133/><V94/><F94/><W62/><G104/><T42/><AGARI ba="0,2" hai="10,13,16,24,25,27,42,46,50,55,57,61,92,93" machi="42" ten="30,7900,0" yaku="1,1,0,1,8,1,54,1,53,0" doraHai="123" doraHaiUra="70" who="0" fromWho="0" sc="240,99,240,-20,270,-39,230,-20" />
</Scene>
<Scene>
<INIT seed="3,0,0,5,4,127" ten="339,220,231,210" oya="3" hai0="117,0,111,51,118,104,39,21,116,68,7,123,75" hai1="65,91,32,50,134,56,89,24,102,83,17,96,36" hai2="13,105,84,16,132,98,63,93,85,28,97,25,129" hai3="18,6,120,40,82,55,4,12,77,74,78,119,58"/><W90/><G119/><T37/><D51/><U87/><E36/><N who="0" m="13897" /><D21/><N who="1" m="13359" /><E32/><V62/><F132/><W23/><G120/><T76/><D123/><U33/><E33/><V115/><F105/><W80/><G40/><T86/><D86/><U1/><E1/><V49/><F115/><W128/><G90/><T101/><D111/><U41/><E134/><V47/><F28/><W45/><G45/><T125/><D125/><U66/><E102/><V121/><F25/><W135/><G135/><T54/><D54/><N who="1" m="31831" /><E41/><V108/><F108/><W109/><G109/><T14/><D14/><U70/><E70/><V69/><F69/><W44/><G44/><T100/><D100/><U124/><E124/><V52/><F121/><W99/><G99/><N who="0" m="61503" /><D68/><U106/><E106/><V92/><F98/><W114/><G114/><T46/><D46/><U59/><E59/><V72/><F97/><W131/><G6/><T29/><D29/><U30/><E30/><V113/><F113/><W53/><G4/><T73/><D76/><U27/><E96/><V57/><F47/><W81/><G82/><T122/><D122/><U20/><E91/><V9/><F57/><W107/><G107/><T126/><D126/><U130/><E83/><V19/><F92/><W95/><G95/><T112/><D112/><U38/><E89/><V22/><F93/><W71/><G71/><T88/><D88/><U48/><E87/><V94/><F84/><N who="3" m="48143" /><G58/><T60/><D60/><U67/><E38/><V2/><F85/><W43/><G43/><T133/><D133/><U42/><E42/><V15/><F94/><W79/><G78/><RYUUKYOKU ba="0,0" sc="339,15,220,-15,231,-15,210,15" hai0="0,7,73,75,116,117,118" hai3="12,18,23,53,55,74,79,81,128,131" />
</Scene>
<Scene>
<INIT seed="3,1,0,4,5,86" ten="354,205,216,225" oya="3" hai0="3,46,129,89,72,80,113,42,100,9,7,117,71" hai1="18,127,41,43,47,82,65,40,87,49,44,118,121" hai2="24,102,14,22,10,27,125,79,131,64,59,32,132" hai3="55,13,107,35,120,116,11,122,93,69,68,29,84"/><W33/><G107/><T110/><D117/><U126/><E121/><V114/><F114/><W56/><G116/><T20/><D71/><U66/><E118/><V97/><F125/><N who="1" m="47625" /><E18/><V104/><F131/><W81/><G69/><T62/><D129/><U21/><E21/><V37/><F37/><W58/><G68/><T6/><D6/><U53/><E47/><V48/><F132/><W39/><G39/><T36/><D110/><U31/><E31/><V83/><F32/><W45/><G93/><T23/><D100/><U8/><E8/><V70/><F70/><W90/><G122/><T75/><D62/><U119/><E119/><V1/><F1/><W106/><G106/><T2/><D2/><U88/><AGARI ba="1,0" hai="40,41,43,44,49,53,65,66,82,87,88" m="47625" machi="88" ten="30,4000,0" yaku="18,1,52,1,54,1" doraHai="86" who="1" fromWho="1" sc="354,-11,205,43,216,-11,225,-21" />
</Scene>
<Scene>
<INIT seed="4,0,0,2,1,10" ten="343,248,205,204" oya="0" hai0="37,96,103,60,66,28,125,87,78,95,97,84,83" hai1="90,18,109,72,45,116,65,25,27,126,54,63,34" hai2="32,0,73,1,102,115,2,98,67,93,111,20,35" hai3="64,44,76,42,15,86,56,118,39,74,132,119,47"/><T5/><D37/><U3/><E3/><V49/><F111/><W69/><G74/><T43/><D43/><U79/><E109/><V26/><F115/><W57/><G76/><T91/><D28/><U70/><E116/><N who="3" m="44586" /><G86/><T121/><D121/><U33/><E126/><V61/><F73/><W85/><G85/><T53/><D125/><U38/><E90/><V107/><F49/><W100/><G100/><T131/><D131/><U30/><E54/><V13/><F13/><W89/><G89/><T11/><D53/><U112/><E112/><V17/><REACH who="2" step="1"/><F107/><REACH who="2" ten="343,248,195,204" step="2"/><W29/><G15/><T101/><D97/><U133/><E72/><V127/><F127/><W14/><G14/><T124/><D124/><U31/><E38/><V48/><F48/><W128/><G39/><T40/><D96/><U108/><E108/><V51/><F51/><W120/><G120/><T75/><D75/><U135/><E135/><V23/><F23/><W99/><G128/><T134/><D134/><U94/><E133/><V6/><F6/><W122/><G132/><T52/><D87/><U7/><E7/><V68/><AGARI ba="0,1" hai="0,1,2,17,20,26,32,35,61,67,68,93,98,102" machi="68" ten="30,4000,0" yaku="1,1,0,1,53,1" doraHai="10" doraHaiUra="62" who="2" fromWho="2" sc="343,-20,248,-10,195,50,204,-10" />
</Scene>
<Scene>
<INIT seed="5,0,0,0,3,121" ten="323,238,245,194" oya="1" hai0="1,17,3,66,106,54,116,64,93,7,115,58,81" hai1="20,30,127,6,92,25,103,10,90,114,124,42,2" hai2="67,74,51,73,89,43,26,33,120,11,45,100,61" hai3="129,131,96,13,72,0,56,49,62,37,5,105,113"/><U77/><E103/><V99/><F120/><W59/><G37/><T31/><D106/><U15/><E77/><V36/><F89/><W101/><G72/><T78/><D115/><U52/><E42/><V9/><F9/><W32/><G32/><T70/><D116/><U63/><E114/><V23/><F11/><W76/><G0/><T85/><D31/><U87/><REACH who="1" step="1"/><E2/><REACH who="1" ten="323,228,245,194" step="2"/><V108/><F100/><N who="3" m="62599" /><G76/><T133/><D78/><U109/><E109/><V112/><F108/><W130/><G101/><T97/><D3/><U53/><E53/><V122/><F43/><W95/><G113/><T29/><D54/><U14/><E14/><V119/><F112/><W134/><G13/><T86/><D1/><U34/><E34/><V88/><F33/><W4/><G131/><T125/><D66/><U48/><E48/><V44/><F51/><W104/><G130/><T126/><D64/><U16/><E16/><V132/><F67/><W69/><G129/><T98/><D17/><U8/><E8/><V55/><F55/><W79/><G49/><T111/><D111/><U60/><E60/><V110/><F61/><W68/><G79/><T84/><D125/><U57/><AGARI ba="0,1" hai="6,10,15,20,25,30,52,57,63,87,90,92,124,127" machi="57" ten="30,6000,0" yaku="1,1,0,1,54,1,53,0" doraHai="121" doraHaiUra="128" who="1" fromWho="1" sc="323,-20,228,70,245,-20,194,-20" />
</Scene>
<Scene>
<INIT seed="5,1,0,5,2,73" ten="303,298,225,174" oya="1" hai0="66,67,114,1,49,19,106,44,34,54,122,4,102" hai1="28,97,86,70,13,2,24,20,36,77,35,99,89" hai2="95,112,29,79,14,38,132,83,129,103,98,111,121" hai3="45,41,51,128,69,82,60,125,123,127,110,120,115"/><U17/><E36/><V53/><F38/><W52/><G82/><T58/><D114/><U113/><E70/><V130/><F111/><W76/><G76/><T7/><D122/><N who="3" m="46633" /><G110/><T33/><D106/><U0/><E113/><V25/><F112/><W80/><G80/><T92/><D1/><U101/><E77/><V56/><F14/><W109/><G109/><T74/><D74/><U85/><E97/><V6/><F6/><N who="0" m="2090" /><D33/><U43/><E43/><V87/><F121/><W15/><G15/><T104/><D104/><U55/><E55/><V93/><F93/><W116/><G115/><T63/><D19/><U47/><E47/><V124/><F124/><N who="3" m="47691" /><G116/><T119/><D34/><U5/><E89/><V94/><F94/><W84/><G84/><T64/><D119/><U59/><E0/><V11/><F132/><W48/><G128/><T10/><D10/><N who="1" m="2359" /><E59/><V62/><REACH who="2" step="1"/><F11/><REACH who="2" ten="303,298,215,174" step="2"/><W3/><G3/><T91/><D102/><U30/><E101/><V96/><F96/><AGARI ba="1,1" hai="44,49,54,58,63,64,66,67,91,92,96" m="2090" machi="96" ten="30,1000,0" yaku="8,1" doraHai="73" who="0" fromWho="2" sc="303,23,298,0,215,-13,174,0" />
</Scene>
<Scene>
<INIT seed="6,0,0,3,5,16" ten="326,298,202,174" oya="2" hai0="46,127,20,123,72,32,58,78,64,60,88,121,35" hai1="87,83,81,1,108,57,40,135,111,120,126,61,59" hai2="117,45,119,110,114,34,94,69,26,12,101,4,47" hai3="7,50,56,9,125,5,109,99,75,128,100,76,124"/><V70/><F114/><W115/><G109/><T25/><D127/><U86/><E1/><V74/><F74/><W18/><G115/><T3/><D3/><U54/><E126/><V13/><F110/><W31/><G128/><T51/><D72/><U67/><E135/><V52/><F101/><W130/><G130/><T131/><D78/><U38/><E120/><N who="0" m="46153" /><D88/><N who="1" m="51279" /><E38/><V85/><F85/><W113/><G113/><T129/><D32/><U62/><E108/><V116/><F94/><W92/><G7/><T27/><D35/><U55/><E40/><V0/><F0/><W107/><G31/><N who="0" m="17831" /><D27/><U90/><E111/><V66/><F34/><W77/><G76/><T41/><D131/><U10/><E10/><V103/><F26/><W104/><G107/><T122/><D129/><U33/><E33/><V15/><F4/><W44/><G56/><T21/><D41/><U118/><E118/><V22/><F103/><W97/><G18/><T17/><D51/><U49/><E49/><V43/><F43/><W133/><G133/><T89/><D17/><U48/><E48/><N who="2" m="28687" /><F47/><W19/><G125/><T30/><D46/><U42/><E42/><V84/><F69/><W65/><G124/><T24/><D122/><U134/><E134/><V53/><F116/><W105/><G75/><T96/><D96/><U95/><E95/><V28/><F70/><W98/><G99/><T6/><D6/><U71/><E71/><V39/><F117/><W68/><G98/><T93/><D93/><U73/><E73/><V91/><F119/><W112/><G112/><T106/><D106/><U36/><E36/><RYUUKYOKU ba="0,0" sc="326,15,298,15,202,-15,174,-15" hai0="21,24,30,58,60,64,89" hai1="54,55,57,59,61,62,67,83,87,90" />
</Scene>
<Scene>
<INIT seed="7,1,0,2,4,63" ten="341,313,187,159" oya="3" hai0="75,15,8,49,114,88,124,37,14,44,56,90,73" hai1="41,109,132,10,74,123,21,81,105,62,59,103,46" hai2="125,18,60,121,32,117,38,40,98,22,50,77,17" hai3="66,130,48,16,87,2,112,45,133,89,43,35,101"/><W13/><G2/><T51/><D124/><U118/><E109/><V129/><F32/><W0/><G0/><T115/><D56/><U20/><E123/><V131/><F117/><W12/><G35/><T39/><D8/><U92/><E105/><V70/><F125/><W78/><G112/><T24/><D24/><U91/><E118/><V64/><F121/><W26/><G130/><N who="2" m="49673" /><F38/><W6/><G133/><T23/><D23/><U31/><E31/><V97/><F77/><W120/><G120/><T100/><D100/><U83/><E103/><V55/><F40/><W4/><G78/><T96/><D44/><U36/><E10/><V54/><F55/><W72/><G72/><T99/><AGARI ba="1,0" hai="14,15,37,39,49,51,73,75,88,90,96,99,114,115" machi="99" ten="25,6400,0" yaku="0,1,22,2,54,1" doraHai="63" who="0" fromWho="0" sc="341,67,313,-17,187,-17,159,-33" owari="408,50.0,296,10.0,170,-23.0,126,-37.0" />
</Scene>
</mjloggm>