<mjloggm ver="2.3"><GO type="169" lobby="0"/><UN n0="%E7%A8%B2%E4%BD%9C%E3%83%B4%E3%82%A9%E3%83%AB%E3%82%B1%E3%82%A4%E3%83%8E" n1="%E6%B0%B4%E5%B8%8C%E2%99%AA" n2="%E6%96%91%E7%9B%AE%56" n3="%E5%A4%AA%E3%81%8F%E3%81%AA%E3%81%84%E3%81%8A" dan="19,18,16,17" rate="2249.86,2239.94,2151.43,2254.06" sx="M,M,M,M"/><TAIKYOKU oya="0"/>

<Scene>
<INIT seed="0,0,0,4,5,112" ten="250,250,250,250" oya="0" hai0="23,84,88,116,82,63,16,73,56,72,31,14,53" hai1="51,106,29,91,62,68,45,21,20,93,25,40,10" hai2="75,105,38,44,99,32,39,98,124,85,111,59,17" hai3="47,48,49,64,8,3,34,70,30,119,41,71,90"/><T113/><D113/><U104/><E10/><V55/><F32/><W109/><G109/><T13/><D116/><U110/><E110/><V126/><F75/><W107/><G107/><T58/><D31/><U61/><E68/><V127/><F111/><W6/><G119/><T94/><D13/><U79/><E79/><V123/><F123/><W26/><G64/><T37/><D37/><N who="2" m="13834" /><F44/><W15/><G49/><T46/><D46/><U28/><E106/><V95/><F17/><W33/><G33/><T74/><REACH who="0" step="1"/><D56/><REACH who="0" ten="240,250,250,250" step="2"/><U43/><E29/><V60/><F127/><W120/><G120/><T118/><D118/><U80/><E28/><V24/><F126/><W54/><G41/><T135/><D135/><U52/><E43/><V78/><F124/><W22/><G15/><T36/><D36/><U101/><E40/><V0/><F59/><W108/><G108/><T19/><D19/><U27/><E45/><V103/><F0/><W122/><G122/><T81/><AGARI ba="0,1" hai="14,16,23,53,58,63,72,73,74,81,82,84,88,94" machi="81" ten="40,12000,1" yaku="1,1,0,1,54,2,53,1" doraHai="112" doraHaiUra="83" who="0" fromWho="0" sc="240,130,250,-40,250,-40,250,-40" />
</Scene>
<Scene>
<INIT seed="0,1,0,0,1,113" ten="370,210,210,210" oya="0" hai0="82,60,102,101,114,85,14,119,87,134,129,63,98" hai1="46,130,73,27,75,107,15,18,17,52,13,0,111" hai2="44,128,59,47,56,11,21,48,10,34,20,117,40" hai3="33,66,28,50,106,120,79,7,24,61,36,103,42"/><T51/><D114/><U89/><E0/><V26/><F34/><W132/><G50/><T76/><D134/><U122/><E107/><V8/><F128/><W6/><G79/><T58/><D129/><U69/><E69/><V97/><F117/><W131/><G131/><T121/><D121/><U118/><E130/><V19/><F44/><N who="3" m="23623" /><G132/><T29/><D119/><U22/><E122/><V67/><F67/><W123/><G6/><T94/><D29/><U112/><E112/><V31/><REACH who="2" step="1"/><F97/><REACH who="2" ten="370,210,200,210" step="2"/><N who="3" m="61807" /><G7/><T77/><D98/><U91/><E46/><V88/><F88/><W115/><G115/><T32/><D32/><U80/><E91/><V99/><F99/><W74/><G123/><T84/><D102/><U125/><E89/><V37/><F37/><W92/><G120/><T126/><D101/><U104/><E118/><V86/><F86/><W53/><G74/><T65/><D65/><U127/><E75/><V83/><F83/><W41/><G41/><T124/><D82/><U2/><E80/><V30/><F30/><W135/><G135/><T90/><D90/><U39/><E73/><V100/><F100/><W16/><G92/><T109/><D94/><U54/><E39/><V70/><F70/><N who="3" m="42319" /><G53/><T4/><D87/><U1/><E104/><V71/><F71/><W43/><G43/><T78/><D85/><U5/><E5/><V64/><F64/><W68/><G68/><T62/><D84/><U133/><E133/><V96/><F96/><W3/><G16/><T38/><D38/><U116/><E116/><V9/><N who="2" m="2048" /><DORA hai="110" /><V57/><F57/><W55/><G3/><RYUUKYOKU ba="1,1" sc="370,-15,210,-15,200,15,210,15" hai2="19,20,21,26,31,40,47,48,56,59" hai3="24,28,33,55" />
</Scene>
<Scene>
<INIT seed="1,2,1,2,2,93" ten="355,195,215,225" oya="1" hai0="61,97,63,120,43,119,15,96,126,73,46,134,19" hai1="102,45,107,69,127,98,70,26,133,34,130,20,85" hai2="79,104,58,7,56,115,57,30,72,122,11,106,100" hai3="9,21,41,80,24,16,129,35,131,128,8,14,65"/><U121/><E121/><V38/><F38/><W76/><G65/><T44/><D119/><U117/><E117/><V135/><F122/><W51/><G41/><T78/><D120/><U105/><E130/><V71/><F71/><W52/><G35/><T124/><D134/><U53/><E133/><V5/><F115/><W47/><REACH who="3" step="1"/><G24/><REACH who="3" ten="355,195,215,215" step="2"/><T3/><D43/><U110/><E34/><V2/><F135/><W92/><G92/><T91/><D126/><U29/><E127/><V88/><F106/><W67/><G67/><T83/><D124/><U31/><E107/><V66/><F66/><W77/><G77/><T36/><D78/><U111/><E31/><V50/><F30/><W101/><G101/><T0/><D91/><U1/><E53/><V37/><F88/><W60/><G60/><T84/><D63/><U32/><E32/><V40/><F100/><W25/><G25/><T90/><D61/><U114/><E114/><V95/><F104/><W87/><AGARI ba="2,2" hai="8,9,14,16,21,47,51,52,76,80,87,128,129,131" machi="87" ten="30,8000,1" yaku="1,1,0,1,19,1,54,2,53,0" doraHai="93" doraHaiUra="55" who="3" fromWho="3" sc="355,-22,195,-42,215,-22,215,106" />
</Scene>
<Scene>
<INIT seed="2,0,0,0,5,80" ten="333,153,193,321" oya="2" hai0="113,20,57,28,66,83,131,99,50,4,84,111,98" hai1="2,126,128,64,19,125,107,116,9,85,44,17,67" hai2="127,47,29,79,70,81,8,43,118,130,134,105,58" hai3="69,90,108,48,123,135,1,39,53,30,109,82,103"/><V3/><F70/><W13/><G1/><T63/><D113/><U10/><E107/><V41/><F105/><W42/><G123/><T72/><D72/><U22/><E44/><V11/><F118/><W51/><G69/><T86/><D111/><U59/><E116/><V24/><F127/><N who="1" m="48649" /><E59/><V88/><F130/><W101/><G39/><T18/><D131/><U62/><E128/><V45/><F58/><W74/><G30/><T121/><D121/><U21/><E62/><V110/><F110/><W133/><G13/><T68/><D28/><U38/><E38/><V26/><F79/><W104/><G104/><T120/><D120/><U32/><E32/><V65/><F3/><W5/><G42/><T60/><D4/><U92/><E2/><V31/><F65/><N who="1" m="25161" /><E92/><V25/><F25/><W119/><G119/><T95/><D50/><U15/><E85/><N who="0" m="32873" /><D68/><U36/><E36/><V49/><F49/><W77/><G48/><T91/><D60/><U129/><E129/><V122/><F122/><W23/><G108/><T7/><D7/><U27/><AGARI ba="0,0" hai="9,10,15,17,19,21,22,27" m="25161,48649" machi="27" ten="30,1100,0" yaku="18,1" doraHai="80" who="1" fromWho="1" sc="333,-3,153,11,193,-5,321,-3" />
</Scene>
<Scene>
<INIT seed="3,0,0,4,3,9" ten="330,164,188,318" oya="3" hai0="53,70,110,100,128,99,131,34,116,133,85,94,129" hai1="54,17,15,69,28,117,121,107,22,130,26,80,105" hai2="8,44,134,118,46,71,79,50,127,48,47,124,55" hai3="64,95,16,111,106,18,108,119,125,114,86,52,103"/><W87/><G114/><T49/><D116/><U88/><E121/><V56/><F79/><W12/><G119/><T62/><D34/><U60/><E117/><V20/><F118/><W82/><G106/><T122/><D122/><U36/><E36/><V96/><F20/><N who="3" m="11271" /><G64/><N who="0" m="41239" /><D110/><N who="3" m="42025" /><G125/><T97/><D133/><U7/><E107/><V113/><F8/><W10/><G52/><T91/><D100/><U31/><E105/><V29/><F29/><W59/><G59/><AGARI ba="0,0" hai="49,53,59,85,91,94,97,99,128,129,131" m="41239" machi="59" ten="30,1000,0" yaku="19,1" doraHai="9" who="0" fromWho="3" sc="330,10,164,0,188,0,318,-10" />
</Scene>
<Scene>
<INIT seed="4,0,0,2,0,19" ten="340,164,188,308" oya="0" hai0="38,124,98,109,53,5,66,37,120,70,80,49,36" hai1="131,18,12,55,17,68,42,81,56,110,50,121,93" hai2="104,89,132,13,46,76,2,65,60,16,127,62,47" hai3="24,31,87,101,74,11,102,29,99,135,33,84,119"/><T85/><D120/><U58/><E121/><V105/><F2/><W71/><G119/><T117/><D117/><U114/><E110/><V32/><F32/><W6/><G74/><T48/><D109/><U94/><E68/><V1/><F1/><W116/><G116/><T44/><D124/><U134/><E131/><V7/><F7/><W88/><G135/><T20/><D5/><U129/><E129/><V45/><F127/><W54/><G71/><T122/><D122/><U64/><E134/><V115/><F115/><W21/><G33/><T128/><D128/><U15/><E114/><V133/><F133/><W30/><G54/><T14/><D98/><U22/><E42/><V52/><F132/><W23/><G84/><T25/><D14/><U3/><E3/><V61/><F76/><W125/><G125/><T83/><D49/><U90/><E81/><V112/><F112/><W86/><G87/><T75/><D75/><U78/><E78/><V28/><F28/><W39/><G39/><T69/><D66/><U106/><E106/><V4/><F4/><W43/><G43/><T67/><D67/><U27/><E90/><V97/><F52/><W77/><G77/><T82/><REACH who="0" step="1"/><D85/><REACH who="0" ten="330,164,188,308" step="2"/><U34/><E12/><V63/><F65/><W40/><G99/><T126/><D126/><U96/><E96/><V59/><F59/><W79/><G6/><T100/><D100/><U91/><E64/><V111/><F111/><W10/><G101/><T118/><D118/><U8/><E58/><V57/><F57/><W108/><G108/><T130/><D130/><U123/><E56/><RYUUKYOKU ba="0,1" sc="330,30,164,-10,188,-10,308,-10" hai0="20,25,36,37,38,44,48,53,69,70,80,82,83" />
</Scene>
<Scene>
<INIT seed="4,1,1,4,2,24" ten="360,154,178,298" oya="0" hai0="35,53,2,77,36,47,16,23,83,13,121,124,74" hai1="99,6,122,101,19,50,126,127,103,4,52,68,22" hai2="95,15,12,39,90,132,26,56,41,32,98,71,107" hai3="48,123,40,111,38,100,34,18,76,82,128,109,55"/><T106/><D121/><U131/><E68/><V114/><F71/><W79/><G34/><T57/><D106/><U73/><E73/><V49/><F132/><W110/><G123/><T89/><D124/><N who="1" m="47659" /><E122/><V63/><F114/><W91/><G128/><T42/><D35/><U25/><E131/><V113/><F39/><W92/><G38/><T94/><D2/><U66/><E66/><V78/><F107/><W129/><G40/><T134/><D134/><U84/><E84/><V5/><F78/><W108/><G129/><T43/><D47/><N who="1" m="27743" /><E103/><V14/><F113/><W88/><G109/><T54/><D54/><U119/><E119/><V10/><F49/><W27/><G100/><T21/><D21/><U116/><E116/><V86/><F41/><W60/><G60/><T65/><D65/><U125/><N who="1" m="47667" /><U20/><DORA hai="1" /><E22/><V33/><F86/><W117/><G117/><T75/><D75/><U28/><E19/><V9/><F32/><W104/><G18/><T72/><D72/><U0/><E0/><V46/><F46/><W29/><G108/><T115/><D36/><U120/><E120/><V96/><F96/><W45/><G110/><T31/><D115/><U51/><E51/><V105/><F9/><W61/><G111/><T37/><D37/><U17/><E17/><V102/><F10/><W59/><G45/><T97/><REACH who="0" step="1"/><D31/><REACH who="0" ten="350,154,178,298" step="2"/><U130/><E130/><V133/><F33/><W118/><G118/><T7/><D7/><U70/><E70/><V3/><F133/><W81/><G29/><T69/><D69/><U8/><E8/><V112/><F112/><RYUUKYOKU ba="1,2" sc="350,15,154,15,178,-15,298,-15" hai0="13,16,23,42,43,53,57,74,77,83,89,94,97" hai1="4,6,20,25,28,99,101" />
</Scene>
<Scene>
<INIT seed="4,2,2,3,2,27" ten="365,169,163,283" oya="0" hai0="16,104,28,66,39,79,30,43,24,31,13,8,72" hai1="40,106,7,110,68,41,90,100,29,37,101,53,64" hai2="114,103,62,131,11,61,6,67,60,65,119,15,9" hai3="97,50,22,73,99,55,107,32,130,86,42,38,14"/><T59/><D104/><U75/><E75/><V85/><F131/><W70/><G32/><T84/><D72/><U118/><E118/><V98/><F119/><W48/><G73/><T10/><D39/><U36/><E110/><V108/><F114/><W78/><G70/><T35/><D43/><U23/><E7/><V5/><F108/><W12/><G38/><T33/><D33/><U0/><E0/><V96/><F85/><W54/><G42/><N who="1" m="16490" /><E106/><V74/><F74/><W1/><G1/><T127/><D8/><U105/><E105/><V77/><F77/><W91/><G78/><T76/><D127/><U92/><E68/><V69/><F103/><N who="1" m="39497" /><E64/><V19/><F19/><N who="3" m="10599" /><G14/><T125/><D125/><U81/><E37/><V21/><F21/><W123/><G123/><T115/><D115/><U17/><E36/><V2/><REACH who="2" step="1"/><F69/><REACH who="2" ten="365,169,153,283" step="2"/><W93/><G130/><T133/><D133/><U87/><E17/><V128/><F128/><W4/><G4/><T46/><D79/><U89/><E23/><V135/><F135/><W51/><G107/><T44/><D35/><U126/><E126/><V25/><F25/><W112/><G112/><T121/><D24/><U124/><E124/><V20/><F20/><W95/><G86/><T3/><D121/><U18/><E18/><V109/><F109/><W82/><G82/><N who="0" m="47175" /><D3/><U34/><E34/><V52/><F52/><N who="3" m="20011" /><G99/><AGARI ba="2,3" hai="2,5,6,9,11,15,60,61,62,65,67,96,98,99" machi="99" ten="40,1300,0" yaku="1,1,53,0" doraHai="27" doraHaiUra="116" who="2" fromWho="3" sc="365,0,169,0,153,49,283,-19" />
</Scene>
<Scene>
<INIT seed="5,0,0,5,1,104" ten="365,169,202,264" oya="1" hai0="66,133,19,110,98,53,86,6,115,37,13,121,91" hai1="29,44,120,36,52,40,39,27,81,135,33,16,17" hai2="70,90,8,99,2,42,114,22,18,75,50,97,21" hai3="54,26,61,88,77,131,0,92,94,64,87,12,83"/><U24/><E120/><V84/><F70/><W14/><G0/><T5/><D110/><U112/><E112/><V74/><F114/><W117/><G131/><T105/><D115/><U46/><E135/><V51/><F42/><W67/><G117/><T63/><D37/><U108/><E108/><V107/><F2/><W79/><G26/><T102/><D53/><U89/><E27/><V1/><F1/><W72/><G79/><T35/><D35/><U109/><E109/><V23/><F8/><W132/><G132/><T101/><D101/><U128/><E128/><V118/><F18/><W4/><G94/><T31/><D31/><U124/><E124/><V126/><F118/><W69/><G4/><T82/><D121/><U60/><E39/><V45/><F126/><W62/><REACH who="3" step="1"/><G54/><REACH who="3" ten="365,169,202,254" step="2"/><T49/><D133/><U93/><E81/><V103/><F107/><W96/><G96/><T122/><D122/><U9/><E9/><V134/><F97/><W20/><G20/><T111/><D111/><U41/><E41/><V57/><F134/><W100/><G100/><T47/><D98/><U113/><E113/><V43/><F99/><W56/><AGARI ba="0,1" hai="12,14,56,61,62,64,67,69,72,77,83,87,88,92" machi="56" ten="20,8000,1" yaku="1,1,0,1,7,1,52,1,54,1,53,0" doraHai="104" doraHaiUra="25" who="3" fromWho="3" sc="365,-20,169,-40,202,-20,254,90" />
</Scene>
<Scene>
<INIT seed="6,0,0,4,5,120" ten="345,129,182,344" oya="2" hai0="54,27,98,34,68,82,21,124,90,73,49,3,57" hai1="72,4,6,41,67,37,11,119,10,94,55,22,24" hai2="88,39,110,130,64,32,14,112,56,105,12,133,76" hai3="125,0,131,63,7,70,123,81,115,99,28,100,113"/><V47/><F105/><N who="3" m="63647" /><G123/><T33/><D3/><U23/><E119/><V42/><F32/><W101/><G101/><T52/><D68/><U116/><E116/><V117/><F117/><W79/><G28/><T108/><D108/><U25/><E72/><V44/><F76/><W122/><G122/><T50/><D124/><U30/><E67/><V86/><F110/><W91/><G91/><T18/><D73/><U107/><E107/><V135/><F47/><W5/><G125/><T19/><D19/><U106/><E106/><V118/><F130/><W134/><G131/><T65/><D65/><U109/><E37/><V2/><F2/><W17/><G17/><T51/><D51/><U69/><E69/><V48/><F118/><W9/><G7/><N who="1" m="2602" /><E41/><V114/><F12/><W83/><G134/><N who="2" m="51209" /><F14/><W40/><G40/><T89/><D89/><U31/><E55/><N who="2" m="31847" /><F64/><N who="3" m="41247" /><G79/><T103/><D82/><AGARI ba="0,0" hai="39,42,44,82,86,88,112,114" m="31847,51209" machi="82" ten="30,2900,0" yaku="20,1,54,1" doraHai="120" who="2" fromWho="0" sc="345,-29,129,0,182,29,344,0" />
</Scene>
<Scene>
<INIT seed="6,1,0,0,0,28" ten="316,129,211,344" oya="2" hai0="34,110,98,97,95,113,62,1,41,128,78,101,42" hai1="23,125,118,84,88,47,18,43,11,4,130,99,32" hai2="67,127,124,114,44,13,133,10,50,0,49,26,27" hai3="33,121,12,82,68,31,117,76,37,115,55,96,61"/><V40/><F0/><W24/><G117/><T90/><D110/><U83/><E130/><V45/><F133/><W120/><G37/><T54/><D128/><U60/><E125/><N who="2" m="48203" /><F67/><N who="3" m="41071" /><G12/><T108/><D108/><U64/><E118/><V123/><F123/><W3/><G55/><T38/><D1/><U8/><E99/><V122/><F122/><N who="3" m="47211" /><G96/><T86/><D38/><U77/><E77/><V57/><F57/><W69/><G3/><T35/><D78/><U66/><E32/><V89/><F89/><W53/><G53/><T70/><D98/><U21/><E21/><V63/><F63/><W6/><G6/><T119/><D119/><U102/><E102/><V46/><F114/><W87/><G87/><T131/><D113/><U112/><E112/><V58/><F58/><W7/><G115/><T72/><D72/><U135/><E135/><V132/><F132/><W103/><G103/><T100/><D100/><U17/><E66/><V22/><F22/><W36/><G69/><T48/><D131/><U107/><E23/><V129/><F129/><W80/><G76/><T111/><D111/><U19/><E107/><V74/><F74/><W5/><G80/><T126/><D126/><U71/><REACH who="1" step="1"/><E4/><REACH who="1" ten="316,119,211,344" step="2"/><N who="2" m="3271" /><F40/><W15/><G7/><T59/><D42/><U93/><E93/><V105/><F105/><W91/><G82/><N who="0" m="49495" /><D41/><U109/><E109/><V16/><F26/><W52/><G91/><T25/><D25/><U14/><E14/><V20/><AGARI ba="1,1" hai="16,20,27,44,45,46,49,50" m="3271,48203" machi="20" ten="40,3900,0" yaku="18,1,54,1" doraHai="28" who="2" fromWho="2" sc="316,-14,119,-14,211,52,344,-14" />
</Scene>
<Scene>
<INIT seed="6,2,0,1,0,19" ten="302,105,263,330" oya="2" hai0="120,108,54,115,62,125,38,85,39,116,29,3,44" hai1="9,106,21,107,46,119,109,131,75,112,81,37,80" hai2="65,127,36,97,129,126,66,94,8,89,122,135,118" hai3="12,7,117,18,31,15,52,96,87,128,73,64,78"/><V5/><F36/><W67/><G73/><T4/><D4/><U69/><E109/><V41/><F118/><W110/><G110/><T11/><D11/><U20/><E69/><V132/><F122/><W95/><G128/><T105/><D85/><U51/><E119/><V47/><F47/><W53/><G31/><T0/><D29/><U10/><E37/><V23/><F23/><N who="1" m="8777" /><E131/><V101/><F101/><N who="3" m="60575" /><G7/><T27/><D44/><U59/><E75/><V103/><F103/><W70/><G12/><T123/><D54/><N who="3" m="21097" /><G70/><T60/><D27/><U84/><E107/><V48/><F48/><W61/><G61/><T55/><D108/><U99/><E106/><V58/><F41/><W134/><G117/><T57/><D116/><U45/><E99/><V56/><F129/><W34/><G34/><T16/><D105/><U30/><E30/><V114/><F114/><W111/><G134/><N who="2" m="51241" /><F56/><W2/><G111/><T104/><D38/><U92/><E112/><V79/><F79/><W26/><G26/><T25/><D39/><U22/><N who="1" m="8785" /><U133/><DORA hai="24" /><E133/><V88/><F89/><W50/><G78/><T42/><D115/><U28/><E28/><V63/><F65/><W98/><G64/><T6/><D123/><U40/><E59/><V121/><F121/><W93/><G98/><T1/><D120/><U32/><E46/><V130/><F130/><W14/><G67/><T17/><D57/><U68/><E68/><V72/><F72/><W83/><G87/><T113/><D113/><U91/><E32/><V100/><F100/><W43/><G43/><T74/><D74/><RYUUKYOKU ba="2,0" sc="302,-15,105,15,263,15,330,-15" hai1="9,10,40,45,51,80,81,84,91,92" hai2="5,8,58,63,66,88,94,97,126,127" />
</Scene>
<Scene>
<INIT seed="6,3,0,4,1,135" ten="287,120,278,315" oya="2" hai0="38,90,63,74,101,77,39,24,88,25,112,85,57" hai1="19,32,29,5,28,99,128,95,81,11,44,31,96" hai2="82,78,4,132,106,34,115,48,56,73,80,51,134" hai3="103,87,83,61,17,27,37,49,42,86,53,50,3"/><V126/><F106/><W13/><G3/><T33/><D112/><U23/><E128/><V8/><F34/><W113/><G113/><T114/><D114/><U36/><E32/><V10/><F115/><W127/><G127/><T6/><D101/><U118/><E118/><V122/><F122/><W16/><G37/><T93/><D6/><U67/><E67/><V40/><F126/><W62/><G103/><T2/><D2/><U102/><E36/><V84/><F40/><W72/><G72/><T68/><D68/><U41/><E99/><V21/><F21/><N who="3" m="13735" /><G42/><T58/><D74/><U94/><E94/><V130/><F130/><W116/><G116/><T104/><D104/><U46/><E81/><V43/><F43/><W59/><G50/><T124/><D124/><U131/><E41/><V133/><F56/><W121/><G121/><T12/><D77/><U75/><E75/><V0/><REACH who="2" step="1"/><F10/><REACH who="2" ten="287,120,268,315" step="2"/><N who="3" m="6327" /><G87/><T26/><D33/><U91/><E131/><V89/><AGARI ba="3,1" hai="0,4,8,48,51,73,78,80,82,84,89,132,133,134" machi="89" ten="30,6000,0" yaku="1,1,0,1,20,1,53,0" doraHai="135" doraHaiUra="120" who="2" fromWho="2" sc="287,-23,120,-23,268,79,315,-23" />
</Scene>
<Scene>
<INIT seed="6,4,0,4,3,130" ten="264,97,347,292" oya="2" hai0="57,127,100,71,135,133,129,120,31,61,106,66,34" hai1="11,81,104,103,5,25,86,37,39,51,73,50,94" hai2="49,116,14,40,60,126,36,58,32,12,101,67,0" hai3="68,63,83,1,21,52,17,98,20,24,131,134,91"/><V118/><F0/><W121/><G121/><T74/><D120/><U55/><E50/><V92/><F32/><W43/><G1/><T19/><D129/><U44/><E25/><V96/><F36/><W72/><G131/><T54/><D74/><U15/><E104/><V13/><REACH who="2" step="1"/><F126/><REACH who="2" ten="264,97,337,292" step="2"/><W89/><G134/><N who="0" m="51211" /><D127/><U99/><REACH who="1" step="1"/><E73/><REACH who="1" ten="264,87,337,292" step="2"/><V22/><F22/><W90/><G21/><T64/><D34/><U3/><E3/><V27/><F27/><W97/><G72/><T132/><D132/><U18/><E18/><V124/><F124/><W125/><G125/><T77/><D19/><U10/><E10/><V122/><F122/><W105/><G17/><T75/><D31/><U76/><AGARI ba="4,2" hai="5,11,15,37,39,44,51,55,76,81,86,94,99,103" machi="76" ten="20,2700,0" yaku="1,1,0,1,7,1,53,0" doraHai="130" doraHaiUra="102" who="1" fromWho="1" sc="264,-11,87,59,337,-17,292,-11" />
</Scene>
<Scene>
<INIT seed="7,0,0,5,0,97" ten="253,146,320,281" oya="3" hai0="81,33,119,45,54,6,43,88,125,80,68,114,30" hai1="132,87,37,53,112,70,38,66,65,72,40,123,82" hai2="96,4,92,104,85,7,28,83,10,36,117,57,9" hai3="35,102,77,22,103,51,107,44,55,0,71,73,122"/><W19/><G122/><T111/><D119/><U131/><E72/><V46/><F104/><W133/><G35/><T34/><D111/><U17/><E17/><V12/><F28/><W113/><G0/><T15/><D68/><U21/><E21/><V100/><F117/><W27/><G71/><T108/><D108/><U2/><E2/><V25/><F25/><W105/><G113/><T14/><D114/><U69/><E112/><V1/><F57/><W61/><G61/><T50/><D125/><U59/><E87/><V62/><F62/><W48/><G133/><T39/><D30/><U116/><E82/><V63/><F63/><W109/><G109/><T91/><D33/><U5/><E5/><V130/><F130/><W79/><G73/><T124/><D124/><U60/><E116/><V49/><F36/><N who="1" m="13929" /><E123/><V26/><F26/><W115/><G115/><T64/><D34/><U24/><E24/><V93/><F85/><W18/><G18/><T127/><D64/><N who="1" m="24683" /><E131/><V58/><F83/><N who="0" m="31818" /><D127/><U134/><E134/><V90/><F92/><W74/><G74/><T135/><D135/><U118/><E118/><V16/><F1/><W47/><G107/><T20/><D20/><U86/><E132/><V128/><F128/><W75/><G75/><T31/><D31/><U110/><E110/><V84/><F9/><W99/><G103/><T29/><D29/><U13/><E86/><V95/><F4/><W121/><G121/><T11/><D14/><U126/><E126/><V52/><F7/><W41/><AGARI ba="0,0" hai="19,22,27,41,44,47,48,51,55,77,79,99,102,105" machi="41" ten="20,3900,0" yaku="0,1,7,1,52,1" doraHai="97" who="3" fromWho="3" sc="253,-13,146,-13,320,-13,281,39" owari="240,-16.0,133,-37.0,307,11.0,320,42.0" />
</Scene>
</mjloggm>