<mjloggm ver="2.3"><GO type="169" lobby="0"/><UN n0="%6D%61%73%61%31%32%30%32" n1="%E3%81%B5%E3%81%8B%E3%81%98" n2="%E5%A4%AA%E3%81%8F%E3%81%AA%E3%81%84%E3%81%8A" n3="%E3%82%A8%E3%83%83%E3%83%95%E3%82%A7%E3%83%AB%E5%A1%94" dan="16,16,19,16" rate="2112.18,2101.34,2308.05,2066.06" sx="M,M,F,M"/><TAIKYOKU oya="0"/>

<Scene>
<INIT seed="0,0,0,3,2,46" ten="250,250,250,250" oya="0" hai0="18,30,28,19,14,55,58,99,88,52,127,119,34" hai1="126,21,79,17,105,133,78,91,50,125,5,113,4" hai2="77,59,45,9,84,96,66,115,109,106,97,3,89" hai3="122,121,26,36,23,132,8,100,10,38,82,33,107"/><T86/><D119/><U54/><E105/><V12/><F115/><W0/><G33/><T25/><D127/><N who="1" m="48651" /><E113/><V49/><F3/><W16/><G132/><T118/><D118/><U53/><E133/><V104/><F109/><W43/><G82/><T130/><D130/><U44/><E91/><V62/><F106/><W61/><G61/><T70/><D70/><U11/><E54/><N who="2" m="29999" /><F77/><N who="1" m="29193" /><E11/><N who="3" m="4138" /><G43/><T15/><D99/><U108/><E108/><V7/><F104/><W117/><G0/><T94/><D30/><U40/><E40/><V110/><F110/><W51/><G117/><T68/><D68/><U85/><E85/><V71/><F71/><W134/><G134/><T92/><D92/><AGARI ba="0,0" hai="7,9,12,59,62,66,84,89,92,96,97" m="29999" machi="92" ten="30,2000,0" yaku="8,1,52,1" doraHai="46" who="2" fromWho="0" sc="250,-20,250,0,250,20,250,0" />
</Scene>
<Scene>
<INIT seed="1,0,0,1,3,109" ten="230,250,270,250" oya="1" hai0="43,135,77,105,128,101,115,28,80,54,118,78,1" hai1="0,68,82,8,130,92,70,123,7,9,57,84,87" hai2="45,46,25,116,79,60,19,48,38,110,117,49,63" hai3="93,47,24,86,42,89,124,85,50,29,100,67,40"/><U21/><E123/><V26/><F79/><W111/><G124/><T53/><D1/><U121/><E121/><V96/><F96/><W120/><G111/><T3/><D3/><U41/><E130/><V39/><F110/><W35/><G120/><T16/><D118/><U30/><E9/><V11/><F19/><W51/><G67/><T112/><D28/><U126/><E126/><V74/><REACH who="2" step="1"/><F11/><REACH who="2" ten="230,250,260,250" step="2"/><W133/><G100/><T2/><D16/><U65/><E8/><V132/><F132/><W83/><G133/><T125/><D101/><U34/><E30/><V52/><F52/><W94/><G42/><T131/><D135/><U12/><E41/><V62/><F62/><W20/><G35/><T31/><D31/><U127/><E34/><V91/><F91/><W14/><G14/><T13/><D13/><U90/><E12/><V99/><F99/><W17/><G17/><T32/><D2/><U98/><E98/><V72/><AGARI ba="0,1" hai="25,26,38,39,45,46,48,49,60,63,72,74,116,117" machi="72" ten="25,12000,2" yaku="1,1,0,1,22,2,53,2" doraHai="109" doraHaiUra="113" who="2" fromWho="2" sc="230,-30,250,-60,260,130,250,-30" />
</Scene>
<Scene>
<INIT seed="2,0,0,5,5,26" ten="200,190,390,220" oya="2" hai0="3,117,122,59,85,19,54,111,82,8,4,135,118" hai1="22,50,133,65,109,84,97,35,2,76,112,123,132" hai2="58,30,131,33,23,49,78,89,39,73,71,120,91" hai3="32,9,20,51,27,21,56,105,37,128,90,42,124"/><V60/><F120/><W38/><G32/><T46/><D111/><U119/><E35/><V67/><F33/><W110/><G105/><T92/><D122/><U125/><E2/><V114/><F114/><W77/><G77/><T103/><D135/><U134/><E123/><V74/><F131/><W75/><G75/><T87/><D46/><U40/><E112/><V93/><F39/><W43/><G9/><T36/><D36/><U113/><E113/><V69/><F89/><W88/><G56/><T34/><D19/><U17/><E109/><V61/><F49/><W106/><G27/><T68/><D68/><U18/><E125/><V11/><F11/><W15/><G15/><T7/><D7/><U116/><E65/><V14/><F78/><W127/><G51/><T28/><D103/><U24/><E97/><V107/><F107/><W12/><G12/><T25/><D92/><U64/><E64/><V47/><F47/><W29/><G106/><T99/><D99/><U83/><E18/><V52/><F69/><W5/><G110/><T70/><D70/><U100/><E100/><V10/><F23/><W126/><G126/><T16/><D16/><U55/><REACH who="1" step="1"/><E40/><REACH who="1" ten="200,180,390,220" step="2"/><V0/><F0/><W95/><G43/><T62/><REACH who="0" step="1"/><D85/><REACH who="0" ten="190,180,390,220" step="2"/><U41/><E41/><V45/><F71/><W44/><G42/><T31/><D31/><U57/><AGARI ba="0,2" hai="17,22,24,50,55,57,76,83,84,116,119,132,133,134" machi="57" ten="30,4000,0" yaku="1,1,0,1,20,1,53,0" doraHai="26" doraHaiUra="108" who="1" fromWho="1" sc="190,-10,180,60,390,-20,220,-10" />
</Scene>
<Scene>
<INIT seed="3,0,0,5,3,87" ten="180,240,370,210" oya="3" hai0="2,108,39,41,86,63,72,29,133,31,33,116,56" hai1="20,26,135,38,54,127,9,109,125,114,123,4,106" hai2="75,64,51,15,119,8,24,121,36,7,18,0,11" hai3="129,130,68,12,67,65,96,30,14,100,5,113,19"/><W48/><G113/><T120/><D120/><U98/><E114/><V28/><F36/><W1/><G1/><T83/><D116/><U85/><E38/><V60/><F121/><W61/><G30/><T73/><D108/><U23/><E123/><V34/><F75/><W92/><G5/><T3/><D39/><U80/><E109/><V66/><F119/><W37/><G37/><T99/><D99/><U71/><E71/><V50/><F66/><W126/><G67/><T93/><D93/><U76/><E135/><V117/><F117/><W94/><G126/><N who="1" m="48138" /><E54/><V6/><F6/><W52/><G94/><T49/><D49/><U43/><E43/><V57/><AGARI ba="0,0" hai="0,7,8,11,15,18,24,28,34,50,51,57,60,64" machi="57" ten="20,1500,0" yaku="0,1,7,1" doraHai="87" who="2" fromWho="2" sc="180,-4,240,-4,370,15,210,-7" />
</Scene>
<Scene>
<INIT seed="4,0,0,3,1,72" ten="176,236,385,203" oya="0" hai0="122,38,135,36,15,6,21,77,132,115,73,1,105" hai1="23,45,3,0,71,14,44,113,43,90,69,81,104" hai2="80,8,32,10,85,39,31,76,70,123,26,49,130" hai3="125,102,84,134,133,16,91,40,65,112,107,89,100"/><T48/><D122/><U116/><E104/><V98/><F39/><W59/><G40/><T62/><D115/><U114/><E116/><V47/><F123/><W103/><G65/><T34/><D34/><U99/><E45/><V42/><F70/><N who="1" m="26633" /><E14/><V18/><F130/><W57/><G112/><N who="1" m="43114" /><E23/><V24/><F98/><W127/><G107/><T64/><D105/><U58/><E58/><N who="3" m="22026" /><G16/><N who="0" m="10399" /><D1/><U53/><E53/><V87/><F26/><W5/><G5/><T25/><D6/><U17/><E17/><V121/><F121/><W82/><G91/><T75/><D25/><U93/><E81/><V12/><F8/><W101/><N who="3" m="25600" /><DORA hai="46" /><W131/><G131/><T2/><D2/><U128/><E128/><V20/><F32/><W97/><G97/><T63/><D38/><AGARI ba="0,0" hai="0,3,38,43,44,90,93,99" m="43114,26633" machi="38" ten="30,2000,0" yaku="15,1,11,1" doraHai="72,46" who="1" fromWho="0" sc="176,-20,236,20,385,0,203,0" />
</Scene>
<Scene>
<INIT seed="5,0,0,5,2,88" ten="156,256,385,203" oya="1" hai0="4,126,18,115,129,101,124,67,28,98,56,77,61" hai1="7,49,94,119,51,3,134,37,116,133,17,8,87" hai2="122,114,35,70,78,27,66,95,107,42,110,86,121" hai3="111,6,123,108,79,82,73,5,45,25,83,127,93"/><U63/><E37/><V1/><F1/><W46/><G123/><T2/><D115/><U19/><E63/><N who="2" m="40287" /><F42/><W32/><G127/><T72/><D72/><U57/><E87/><V100/><F110/><W39/><G25/><T68/><D77/><U11/><E3/><V74/><F114/><W13/><G13/><T36/><D36/><U104/><E57/><V53/><F53/><W40/><G32/><T80/><D80/><U50/><E50/><V10/><F10/><W103/><G103/><T76/><D76/><U97/><E97/><N who="2" m="61839" /><F74/><W54/><G54/><T120/><D120/><U96/><E96/><V43/><F43/><W125/><G39/><T64/><D64/><U14/><E14/><V69/><F69/><W12/><G40/><T81/><D68/><U23/><E23/><V29/><F95/><W92/><G12/><T128/><D81/><AGARI ba="0,0" hai="27,29,35,78,81,86,121,122" m="61839,40287" machi="81" ten="30,1000,0" yaku="25,1" doraHai="88" who="2" fromWho="0" sc="156,-10,256,0,385,10,203,0" />
</Scene>
<Scene>
<INIT seed="6,0,0,2,3,26" ten="146,256,395,203" oya="2" hai0="73,44,35,86,3,34,132,63,27,66,101,79,118" hai1="72,69,123,32,105,122,93,59,60,82,130,6,53" hai2="100,19,65,83,99,13,33,16,92,31,112,5,106" hai3="108,18,55,30,98,96,94,103,90,111,46,70,119"/><V84/><F112/><W81/><G119/><T120/><D120/><U64/><E105/><V68/><F92/><W9/><G70/><T21/><D132/><U97/><E32/><V124/><F124/><W2/><G2/><T39/><D118/><U20/><E130/><V25/><F5/><W71/><G71/><T117/><D117/><U38/><E38/><V113/><F13/><W78/><G30/><T52/><D3/><U133/><E133/><V37/><F37/><W109/><G55/><T134/><D73/><U0/><E20/><V11/><F11/><W4/><G46/><T91/><D79/><U107/><E107/><V7/><F7/><W80/><G18/><T127/><D101/><U85/><E72/><V54/><F54/><W102/><G9/><T10/><D10/><U74/><E74/><V75/><F75/><N who="3" m="43103" /><G4/><T67/><D127/><U126/><E126/><V36/><F36/><W49/><G49/><N who="0" m="28711" /><D39/><U121/><E0/><V89/><F113/><W17/><G17/><N who="0" m="12719" /><D134/><U110/><E6/><V88/><F89/><N who="3" m="55375" /><G81/><N who="0" m="49615" /><D67/><U58/><E64/><V12/><F12/><W15/><G15/><T48/><D48/><U114/><E114/><V61/><AGARI ba="0,0" hai="16,19,25,31,33,61,65,68,83,84,88,99,100,106" machi="61" ten="30,18000,2" yaku="0,1,25,2,52,1,54,2" doraHai="26" who="2" fromWho="2" sc="146,-60,256,-60,395,180,203,-60" />
</Scene>
<Scene>
<INIT seed="6,1,0,5,2,51" ten="86,196,575,143" oya="2" hai0="110,45,78,93,109,65,82,87,39,57,112,24,32" hai1="90,15,38,0,122,104,63,134,9,66,16,59,116" hai2="108,69,111,20,14,97,6,18,103,42,114,40,35" hai3="117,81,2,29,52,37,96,44,86,72,12,74,71"/><V131/><F35/><W5/><G117/><T126/><D112/><U92/><E104/><V64/><F114/><W98/><G71/><T79/><D126/><U124/><E38/><V100/><F131/><W62/><G2/><T132/><D132/><U95/><E116/><V30/><F30/><W34/><G37/><T17/><D79/><U19/><E0/><V48/><F6/><W105/><G29/><T60/><D32/><U8/><E124/><V106/><F100/><W91/><G34/><T49/><D39/><U43/><E43/><V54/><F64/><W50/><G62/><T94/><D109/><N who="2" m="42058" /><F69/><W46/><G46/><AGARI ba="1,0" hai="14,18,20,40,42,46,48,54,97,103,106" m="42058" machi="46" ten="30,2900,0" yaku="10,1,52,1" doraHai="51" who="2" fromWho="3" sc="86,0,196,0,575,32,143,-32" />
</Scene>
<Scene>
<INIT seed="6,2,0,5,3,17" ten="86,196,607,111" oya="2" hai0="105,113,65,83,15,3,59,16,86,39,103,128,132" hai1="121,14,135,82,50,51,11,106,32,134,84,45,37" hai2="100,41,116,98,70,101,92,26,61,88,31,48,10" hai3="56,63,76,93,89,125,33,38,57,9,118,19,97"/><V133/><F116/><W34/><G38/><T96/><D3/><U122/><E32/><V66/><F133/><N who="1" m="50697" /><E106/><V49/><F10/><W20/><G118/><T109/><D132/><U127/><E37/><V0/><F0/><W75/><G125/><T36/><D109/><U74/><E74/><V27/><F27/><W69/><G69/><T1/><D1/><U64/><E64/><V6/><F6/><W13/><G57/><T55/><D113/><U44/><E51/><V5/><F5/><W4/><G76/><T47/><D65/><U24/><E24/><V124/><F124/><W42/><G42/><T130/><D47/><N who="1" m="17995" /><E50/><V107/><F41/><W22/><G75/><T119/><D119/><U73/><E73/><V111/><F111/><W94/><G94/><T18/><D39/><U23/><E23/><N who="3" m="8746" /><G34/><T12/><D36/><U8/><E127/><V80/><F70/><W30/><G33/><T91/><D15/><U99/><E99/><V85/><F98/><W28/><G4/><T129/><REACH who="0" step="1"/><D12/><REACH who="0" ten="76,196,607,111" step="2"/><U87/><E14/><V108/><F108/><W117/><G117/><T25/><D25/><U58/><E8/><V79/><F26/><W81/><G81/><T110/><D110/><U54/><E11/><V7/><F7/><W29/><G30/><T90/><D90/><U131/><E82/><V95/><F80/><W67/><AGARI ba="2,1" hai="9,13,19,28,29,56,63,67,89,93,97" m="8746" machi="67" ten="30,7900,0" yaku="8,1,52,3" doraHai="17" who="3" fromWho="3" sc="76,-22,196,-22,607,-41,111,95" />
</Scene>
<Scene>
<INIT seed="7,0,0,4,0,95" ten="54,174,566,206" oya="3" hai0="25,118,62,56,31,41,98,44,102,33,30,3,83" hai1="89,27,61,104,65,15,71,90,26,24,125,107,130" hai2="103,129,46,45,60,111,23,127,78,128,13,53,64" hai3="6,101,87,67,123,77,58,93,42,7,80,14,32"/><W86/><G32/><T120/><D120/><U74/><E74/><V82/><F111/><W110/><G110/><T115/><D118/><U19/><E130/><N who="2" m="50283" /><F127/><W12/><G42/><T63/><D3/><U22/><E125/><V124/><F103/><W9/><G123/><T70/><D115/><U84/><REACH who="1" step="1"/><E90/><REACH who="1" ten="54,164,566,206" step="2"/><V134/><F53/><W109/><G109/><T17/><D83/><AGARI ba="0,1" hai="15,19,22,24,26,27,61,65,71,83,84,89,104,107" machi="83" ten="40,2600,0" yaku="1,1,2,1,53,0" doraHai="95" doraHaiUra="38" who="1" fromWho="0" sc="54,-26,164,36,566,0,206,0" owari="28,-47.0,200,-20.0,566,66.0,206,1.0" />
</Scene>
</mjloggm>