<mjloggm ver="2.3"><GO type="169" lobby="0"/><UN n0="%E9%BE%8D%E9%96%80%E6%B8%95%E9%80%8F%E8%8F%AF" n1="%74%61%6B%61%79%79%79%79" n2="%E6%98%8E%E9%8F%A1%E6%AD%A2%E6%B0%B4" n3="%E5%A4%AA%E3%81%8F%E3%81%AA%E3%81%84%E3%81%8A" dan="16,16,16,19" rate="2086.57,2102.38,2115.05,2321.47" sx="F,M,M,F"/><TAIKYOKU oya="0"/>

<Scene>
<INIT seed="0,0,0,3,0,58" ten="250,250,250,250" oya="0" hai0="112,104,66,105,122,110,32,9,109,13,89,113,62" hai1="1,72,45,36,95,21,115,40,100,15,17,75,90" hai2="53,86,94,68,31,117,69,80,55,119,120,18,129" hai3="50,98,49,48,52,5,22,42,93,60,70,43,61"/><T24/><D122/><U73/><E115/><V96/><F120/><W116/><G116/><T0/><D0/><U30/><E1/><V108/><F31/><W134/><G134/><T107/><D89/><U28/><REACH who="1" step="1"/><E100/><REACH who="1" ten="250,240,250,250" step="2"/><V78/><F119/><W121/><G121/><T118/><D112/><U44/><E44/><V135/><F117/><W101/><G5/><T34/><D113/><U125/><E125/><V14/><F135/><W26/><G70/><T103/><D118/><U3/><E3/><V133/><F133/><W46/><G43/><T114/><D103/><U97/><AGARI ba="0,1" hai="15,17,21,28,30,36,40,45,72,73,75,90,95,97" machi="97" ten="30,2000,0" yaku="1,1,0,1,53,0" doraHai="58" doraHaiUra="76" who="1" fromWho="1" sc="250,-10,240,30,250,-5,250,-5" />
</Scene>
<Scene>
<INIT seed="1,0,0,1,4,109" ten="240,270,245,245" oya="1" hai0="8,40,21,94,128,92,17,71,113,81,27,73,9" hai1="2,124,102,66,7,14,30,45,75,43,116,82,115" hai2="29,111,104,44,54,42,99,59,38,39,90,135,89" hai3="18,72,69,74,23,130,16,87,88,134,97,129,1"/><U3/><E14/><V52/><F38/><W58/><G69/><T64/><D113/><U91/><E91/><V26/><F111/><W13/><G1/><T118/><D118/><U121/><E121/><V36/><F36/><W85/><G134/><T46/><D128/><N who="3" m="49257" /><G87/><T65/><D73/><U53/><E53/><V132/><F54/><W35/><G35/><T20/><D81/><U47/><E47/><V57/><F57/><W96/><G58/><T11/><D71/><U114/><E116/><V32/><F104/><W117/><G117/><T61/><D61/><U55/><E55/><V60/><REACH who="2" step="1"/><F99/><REACH who="2" ten="240,270,235,245" step="2"/><N who="3" m="37963" /><G18/><T51/><D65/><U84/><E66/><V31/><F31/><W122/><G122/><T56/><D64/><U62/><E30/><V133/><AGARI ba="0,1" hai="26,29,32,39,42,44,52,59,60,89,90,132,133,135" machi="133" ten="30,7900,0" yaku="1,1,0,1,20,1,54,1,53,0" doraHai="109" doraHaiUra="108" who="2" fromWho="2" sc="240,-20,270,-39,235,89,245,-20" />
</Scene>
<Scene>
<INIT seed="2,0,0,2,2,68" ten="220,231,324,225" oya="2" hai0="51,99,2,92,25,132,130,109,113,61,50,12,98" hai1="75,88,121,131,29,69,128,76,67,40,47,124,108" hai2="100,57,122,104,111,77,20,22,37,14,95,18,71" hai3="21,28,114,30,129,127,134,48,41,112,35,19,8"/><V55/><F122/><W120/><G120/><T54/><D113/><N who="3" m="43625" /><G48/><T82/><D130/><N who="1" m="49707" /><E124/><V59/><F104/><W39/><G129/><T106/><D132/><U24/><E108/><V9/><F71/><W26/><G127/><T81/><D2/><U15/><E121/><V85/><F37/><W49/><G49/><T45/><D109/><U16/><E76/><V116/><F116/><W7/><G134/><T86/><D106/><U38/><E75/><V125/><F111/><W32/><G41/><T17/><D25/><U65/><E69/><V72/><F72/><W102/><G102/><T79/><D61/><U97/><E24/><V107/><F107/><W42/><G42/><T91/><D51/><U105/><E29/><N who="3" m="11370" /><G39/><T94/><D82/><U53/><E105/><V118/><F118/><W115/><N who="3" m="43633" /><W44/><DORA hai="43" /><G44/><T133/><D133/><U103/><E103/><V4/><F100/><W70/><G70/><T119/><D119/><U126/><E126/><V64/><F125/><W27/><G27/><T101/><D101/><U13/><E53/><V90/><F55/><W31/><N who="3" m="11378" /><W0/><AGARI ba="0,0" hai="0,7,8,19,21,26,32,35" m="11378,43633" machi="0" ten="50,8000,1" yaku="4,1,11,1,34,2" doraHai="68,43" who="3" fromWho="3" sc="220,-20,231,-20,324,-40,225,80" />
</Scene>
<Scene>
<INIT seed="3,0,0,3,3,43" ten="200,211,284,305" oya="3" hai0="38,102,2,27,81,134,125,119,69,48,33,55,108" hai1="19,133,16,47,71,4,86,120,117,105,0,68,17" hai2="70,126,131,24,88,6,37,91,50,135,84,62,21" hai3="111,60,76,103,3,61,57,106,67,87,95,1,83"/><W96/><G111/><T28/><D119/><U20/><E120/><V101/><F37/><W44/><G106/><T122/><D122/><U73/><E73/><V74/><F74/><W107/><G107/><T30/><D108/><U14/><E105/><V123/><F101/><W51/><REACH who="3" step="1"/><G61/><REACH who="3" ten="200,211,284,295" step="2"/><T53/><D134/><U104/><E133/><V82/><F123/><W56/><G56/><T18/><D69/><U78/><E104/><V72/><F135/><W8/><G8/><T99/><D125/><U129/><E71/><V63/><F131/><W45/><G45/><T85/><D55/><AGARI ba="0,1" hai="1,3,44,51,55,57,60,67,76,83,87,95,96,103" machi="55" ten="30,5800,0" yaku="1,1,7,1,52,1,53,0" doraHai="43" doraHaiUra="9" who="3" fromWho="0" sc="200,-58,211,0,284,0,295,68" />
</Scene>
<Scene>
<INIT seed="3,1,0,3,5,35" ten="142,211,284,363" oya="3" hai0="23,120,114,22,40,70,116,2,15,131,129,106,12" hai1="107,26,88,78,91,57,48,133,27,8,89,104,0" hai2="71,90,108,123,72,102,20,86,111,51,59,109,7" hai3="130,125,113,63,13,33,37,43,110,21,24,81,60"/><W29/><G113/><T4/><D70/><U46/><E133/><V39/><F71/><W67/><G125/><T52/><D40/><U64/><E78/><V34/><F34/><W19/><G130/><N who="0" m="49675" /><D106/><U94/><E94/><V30/><F72/><W16/><G110/><T100/><D100/><U99/><E99/><V92/><F39/><W80/><G60/><T10/><D52/><N who="1" m="29719" /><E0/><V41/><F123/><W77/><G77/><T134/><D116/><U1/><E1/><V61/><F102/><W32/><G32/><T93/><D93/><U85/><E107/><V121/><F121/><W74/><G74/><T53/><D53/><U119/><E119/><V36/><F36/><W6/><G6/><T79/><D79/><U68/><E68/><V56/><F7/><W49/><G37/><T18/><D120/><U66/><E104/><V82/><F92/><W50/><G50/><T28/><D134/><U135/><E135/><V3/><F3/><W17/><G49/><T83/><D83/><N who="1" m="49215" /><E8/><V103/><F103/><W115/><G80/><T31/><D114/><U97/><E97/><V42/><F42/><W47/><G115/><T73/><D73/><U62/><E66/><V118/><F118/><W126/><G81/><T95/><D95/><U98/><E98/><V87/><F41/><W105/><G105/><T65/><D65/><U45/><E45/><V9/><F87/><W84/><G84/><T76/><D76/><U124/><E124/><V96/><F96/><W132/><G126/><T122/><D122/><U38/><E38/><V5/><F86/><W127/><G132/><RYUUKYOKU ba="1,0" sc="142,15,211,15,284,-15,363,-15" hai0="2,4,10,12,15,18,22,23,28,31" hai1="26,27,57,62,64,89,91" />
</Scene>
<Scene>
<INIT seed="4,2,0,1,0,129" ten="157,226,269,348" oya="0" hai0="97,18,22,43,126,38,4,49,114,23,16,30,93" hai1="102,109,52,128,35,74,61,46,78,39,72,105,37" hai2="8,7,44,103,121,13,118,131,62,99,68,87,82" hai3="26,84,54,33,96,17,90,132,104,76,111,55,108"/><T98/><D114/><U85/><E109/><V95/><F121/><W2/><G2/><T69/><D69/><U40/><E128/><V110/><F131/><W94/><G54/><T115/><D115/><U75/><E39/><V42/><F118/><W57/><G33/><T29/><D38/><U3/><E3/><V58/><F68/><W130/><G130/><T20/><D126/><U92/><E92/><V101/><F110/><W21/><G132/><T25/><D4/><U28/><E85/><V51/><F103/><W127/><G127/><T125/><D125/><U45/><E45/><V135/><F135/><W91/><G76/><T53/><D43/><U60/><E60/><V107/><F107/><W83/><G104/><T77/><D77/><U19/><E19/><N who="0" m="7209" /><D25/><U66/><E52/><V80/><REACH who="2" step="1"/><F87/><REACH who="2" ten="157,226,259,348" step="2"/><W9/><G9/><T47/><D97/><U79/><E105/><V116/><F116/><W106/><G106/><T50/><D50/><AGARI ba="2,1" hai="17,21,26,50,55,57,83,84,90,91,94,96,108,111" machi="50" ten="30,1000,0" yaku="7,1" doraHai="129" who="3" fromWho="0" sc="157,-16,226,0,259,0,348,26" />
</Scene>
<Scene>
<INIT seed="5,0,0,4,0,27" ten="141,226,259,374" oya="1" hai0="69,133,57,15,102,92,112,65,8,21,131,129,76" hai1="6,43,25,50,78,51,119,32,77,52,81,101,64" hai2="37,79,48,36,33,11,132,113,66,9,29,16,125" hai3="72,121,86,62,45,97,123,108,14,39,104,84,82"/><U111/><E119/><V107/><F107/><W13/><G72/><T85/><D112/><U134/><E134/><V100/><F100/><W60/><G108/><T124/><D69/><U19/><E111/><V106/><F106/><W58/><G104/><T31/><D133/><U63/><E101/><V5/><F132/><W135/><G97/><T127/><D76/><U120/><E120/><V89/><F66/><W42/><G135/><T55/><D65/><U74/><E78/><V96/><F79/><W122/><G62/><T1/><D1/><U3/><E43/><V130/><F130/><W56/><G58/><T110/><D110/><U70/><E3/><V23/><F11/><W95/><G95/><T24/><D102/><U87/><E6/><V0/><F125/><N who="0" m="48202" /><D92/><U126/><E126/><V115/><F48/><W93/><G93/><T46/><D46/><U61/><E74/><V128/><F128/><N who="0" m="49226" /><D85/><U35/><E35/><V98/><F96/><W17/><G84/><T49/><D15/><U7/><E87/><V4/><F98/><W53/><G14/><T118/><D8/><U116/><E77/><V80/><F80/><W44/><G44/><T18/><D118/><U117/><E116/><V12/><F89/><N who="3" m="51415" /><G123/><T59/><D59/><U47/><E117/><V105/><F105/><W71/><G71/><T75/><D75/><U99/><E70/><V10/><F10/><N who="3" m="6327" /><G122/><T88/><D88/><U91/><E91/><V28/><F5/><W20/><G121/><T30/><AGARI ba="0,0" hai="18,21,24,30,31,49,55,57" m="49226,48202" machi="30" ten="40,8000,1" yaku="18,1,19,1,52,2" doraHai="27" who="0" fromWho="0" sc="141,80,226,-40,259,-20,374,-20" />
</Scene>
<Scene>
<INIT seed="6,0,0,4,2,5" ten="221,186,239,354" oya="2" hai0="122,114,59,17,35,135,131,33,40,132,75,128,124" hai1="86,46,83,55,26,50,100,112,85,126,91,81,119" hai2="22,23,53,93,64,29,104,16,25,30,84,102,18" hai3="10,43,41,42,76,121,62,39,24,0,44,118,129"/><V111/><F104/><W13/><G121/><T87/><D75/><U82/><E119/><V90/><F102/><W107/><G0/><T89/><D122/><U9/><E112/><V54/><F64/><W105/><G118/><T120/><D120/><U58/><E126/><V7/><F7/><W73/><G42/><T57/><D40/><U70/><E70/><V12/><F111/><W63/><G43/><T71/><D71/><U32/><E100/><V77/><F77/><W130/><G24/><T21/><D114/><U67/><E85/><V74/><F74/><W3/><G3/><T4/><D4/><U94/><E32/><V19/><F19/><N who="3" m="8631" /><G76/><T34/><D124/><U61/><E26/><V98/><F98/><W65/><G73/><T116/><D116/><U115/><E115/><V110/><F110/><W109/><G63/><T20/><D34/><U68/><E68/><V60/><F60/><W6/><G6/><T11/><D33/><U92/><E92/><V101/><F101/><W125/><G125/><T123/><D35/><U14/><E94/><V52/><AGARI ba="0,0" hai="12,16,18,22,23,25,29,30,52,53,54,84,90,93" machi="52" ten="30,11700,0" yaku="0,1,8,1,54,2" doraHai="5" who="2" fromWho="2" sc="221,-39,186,-39,239,117,354,-39" />
</Scene>
<Scene>
<INIT seed="6,1,0,5,1,127" ten="182,147,356,315" oya="2" hai0="43,109,50,129,128,73,120,97,22,101,0,89,116" hai1="111,23,125,88,45,31,9,132,122,39,100,91,58" hai2="78,32,16,74,85,62,65,82,14,70,3,41,83" hai3="48,77,95,105,4,112,7,25,75,93,99,5,56"/><V38/><F32/><W106/><G77/><T113/><D120/><U40/><E111/><V110/><F3/><W114/><G75/><T53/><D43/><U29/><E132/><V60/><F110/><W61/><G48/><T17/><D0/><U121/><E125/><V90/><F60/><W2/><G2/><T11/><D73/><U86/><E100/><V108/><F108/><W52/><G25/><T30/><D109/><U21/><E9/><V37/><REACH who="2" step="1"/><F41/><REACH who="2" ten="182,147,346,315" step="2"/><W27/><G114/><T6/><D113/><U133/><E40/><V46/><F46/><W8/><G112/><T51/><D116/><U26/><E45/><V66/><F66/><W118/><G118/><T103/><D53/><U123/><E133/><V36/><F36/><W15/><G61/><T102/><D51/><U18/><E39/><V68/><F68/><W42/><G42/><T72/><D50/><U19/><E58/><V69/><F69/><W76/><G56/><T115/><D115/><U92/><REACH who="1" step="1"/><E91/><REACH who="1" ten="182,137,346,315" step="2"/><V24/><F24/><AGARI ba="1,2" hai="18,19,21,23,24,26,29,31,86,88,92,121,122,123" machi="24" ten="40,8000,1" yaku="1,1,2,1,9,1,13,1,54,1,53,0" doraHai="127" doraHaiUra="71" who="1" fromWho="2" sc="182,0,137,103,346,-83,315,0" />
</Scene>
<Scene>
<INIT seed="7,0,0,0,1,74" ten="182,240,263,315" oya="3" hai0="22,45,119,61,55,91,54,84,7,116,124,26,79" hai1="123,29,103,86,47,11,128,27,122,126,18,19,77" hai2="25,115,70,135,108,49,10,78,48,13,2,34,81" hai3="67,130,51,72,0,60,43,102,66,37,75,82,4"/><W64/><G102/><T109/><D109/><U94/><E128/><V96/><F70/><W118/><G118/><T95/><D124/><U3/><E126/><V80/><F2/><W52/><G130/><T104/><D104/><U105/><E105/><V33/><F108/><W30/><G30/><T40/><D7/><U6/><E103/><V87/><F135/><W35/><G35/><T23/><D23/><U107/><E107/><V53/><F115/><W59/><G4/><T12/><D12/><U15/><E19/><V17/><F96/><W85/><G0/><T8/><D8/><U106/><E106/><V20/><F81/><W92/><G92/><T24/><D24/><U97/><E47/><V69/><F69/><N who="3" m="42119" /><G75/><T63/><D119/><U14/><E3/><V68/><F68/><W120/><G72/><T110/><D110/><U101/><E15/><V129/><F49/><W65/><G65/><T56/><D116/><U41/><E6/><V5/><REACH who="2" step="1"/><F129/><REACH who="2" ten="182,240,253,315" step="2"/><W57/><G82/><T127/><D127/><U99/><E97/><V28/><F28/><W89/><G51/><T44/><D40/><U90/><E41/><V114/><F114/><W39/><G43/><T31/><REACH who="0" step="1"/><D79/><REACH who="0" ten="172,240,253,315" step="2"/><U83/><E77/><V46/><AGARI ba="0,2" hai="5,10,13,17,20,25,33,34,46,48,53,78,80,87" machi="46" ten="20,8000,1" yaku="1,1,0,1,7,1,52,1,53,1" doraHai="74" doraHaiUra="9" who="2" fromWho="2" sc="172,-20,240,-20,253,100,315,-40" owari="152,-35.0,220,-18.0,353,45.0,275,8.0" />
</Scene>
</mjloggm>