<mjloggm ver="2.3"><GO type="169" lobby="0"/><UN n0="%E5%B2%A1%E6%9D%91%E9%9D%96%E5%B9%B8" n1="%6B%69%79%6F%64%61%69" n2="%E5%A4%AA%E3%81%8F%E3%81%AA%E3%81%84%E3%81%8A" n3="%E5%AE%8C%E5%85%A8%E7%84%A1%E6%95%B5%E5%B0%91%E5%A5%B3%44%58" dan="17,17,18,17" rate="2132.41,2184.55,2314.08,2143.05" sx="M,M,M,F"/><TAIKYOKU oya="0"/>

<Scene>
<INIT seed="0,0,0,1,3,52" ten="250,250,250,250" oya="0" hai0="1,46,47,14,44,96,87,39,112,45,101,108,111" hai1="68,71,51,19,76,105,16,134,82,54,117,66,80" hai2="98,50,75,28,128,36,38,118,17,29,72,15,126" hai3="48,124,81,106,114,18,8,24,103,32,34,5,122"/><T119/><D1/><U63/><E105/><V131/><F126/><W23/><G103/><T79/><D119/><U104/><E104/><V102/><F118/><W22/><G106/><T11/><D112/><U107/><E107/><N who="2" m="63959" /><F50/><W70/><G70/><T97/><D101/><U132/><E71/><V115/><F115/><W27/><G114/><T78/><N who="0" m="11264" /><DORA hai="86" /><T110/><D39/><U89/><E76/><N who="0" m="29225" /><D87/><N who="1" m="50407" /><E82/><V65/><F72/><W92/><G81/><T77/><N who="0" m="29233" /><T53/><DORA hai="6" /><D53/><U21/><E117/><V37/><F65/><W91/><G48/><T4/><AGARI ba="0,0" hai="4,11,14,96,97,108,110,111" m="29233,11264" machi="4" ten="60,11700,0" yaku="14,1,10,1,52,1" doraHai="52,86,6" who="0" fromWho="0" sc="250,117,250,-39,250,-39,250,-39" />
</Scene>
<Scene>
<INIT seed="0,1,0,4,1,109" ten="367,211,211,211" oya="0" hai0="123,7,85,49,135,108,38,95,121,128,54,22,59" hai1="47,34,78,100,104,33,41,112,2,15,67,98,37" hai2="8,35,122,11,66,19,39,131,72,52,71,91,21" hai3="40,44,116,32,13,53,115,5,68,89,48,75,86"/><T64/><D38/><U56/><E2/><V88/><F122/><W107/><G107/><T12/><D135/><U23/><E78/><V36/><F35/><W26/><G68/><T28/><D128/><U29/><E112/><V93/><F72/><W42/><G75/><T31/><D108/><U118/><E118/><V45/><F71/><W114/><G116/><T62/><D123/><U43/><E43/><V129/><F66/><W106/><G106/><T65/><D65/><U74/><E74/><V55/><F21/><W18/><G5/><T113/><D113/><U87/><E87/><V133/><F93/><W96/><G96/><T119/><D119/><U83/><E83/><V81/><F81/><W132/><G132/><T30/><D7/><U120/><E120/><V61/><F19/><W51/><G26/><N who="0" m="16471" /><D12/><U105/><E105/><V25/><F25/><W58/><G42/><T6/><D6/><U9/><E23/><V70/><F70/><W77/><G77/><T111/><D111/><U4/><REACH who="1" step="1"/><E29/><REACH who="1" ten="367,201,211,211" step="2"/><V63/><F133/><W79/><G79/><T117/><D117/><U3/><E3/><V130/><F130/><W97/><G32/><T24/><D121/><U69/><E69/><V60/><F60/><AGARI ba="1,1" hai="4,9,15,33,34,37,41,47,56,60,67,98,100,104" machi="60" ten="40,1300,0" yaku="1,1,53,0" doraHai="109" doraHaiUra="50" who="1" fromWho="2" sc="367,0,201,26,211,-16,211,0" />
</Scene>
<Scene>
<INIT seed="1,0,0,1,4,25" ten="367,227,195,211" oya="1" hai0="1,127,19,125,56,32,86,34,83,91,117,4,107" hai1="28,29,93,90,106,49,123,13,8,131,61,0,50" hai2="128,15,37,73,26,67,115,39,119,23,55,77,74" hai3="121,98,10,82,65,48,54,104,58,20,14,133,111"/><U40/><E0/><V71/><F119/><W72/><G121/><T126/><D117/><U5/><E106/><V3/><F3/><W102/><G111/><T59/><D107/><U52/><E123/><V7/><F128/><W84/><G133/><T99/><D19/><U47/><E61/><V69/><F115/><W6/><G65/><T42/><D42/><U51/><E131/><V78/><F55/><W85/><G72/><T118/><D99/><N who="1" m="57783" /><E49/><V60/><F69/><W46/><G20/><T64/><D118/><U130/><E130/><V36/><F15/><W21/><G21/><T103/><D103/><U81/><E81/><V68/><F7/><W11/><G82/><T45/><D64/><U22/><E22/><V116/><F71/><W80/><G80/><T27/><D34/><U38/><E38/><V16/><REACH who="2" step="1"/><F116/><REACH who="2" ten="367,227,185,211" step="2"/><W88/><G6/><T120/><D4/><U18/><E5/><V114/><F114/><W41/><G14/><T17/><D1/><U122/><E122/><V70/><F70/><W62/><G10/><T75/><D120/><U89/><E89/><V79/><AGARI ba="0,1" hai="16,23,26,36,37,39,60,67,68,73,74,77,78,79" machi="79" ten="40,8000,1" yaku="1,1,0,1,54,1,53,1" doraHai="25" doraHaiUra="57" who="2" fromWho="2" sc="367,-20,227,-40,185,90,211,-20" />
</Scene>
<Scene>
<INIT seed="2,0,0,0,2,10" ten="347,187,275,191" oya="2" hai0="135,28,124,117,100,53,65,72,6,91,50,13,5" hai1="63,101,67,95,120,34,31,32,57,89,9,107,21" hai2="93,74,23,113,52,24,48,14,92,61,114,71,122" hai3="22,76,64,60,11,102,84,115,86,129,87,130,49"/><V116/><F116/><W78/><G102/><T17/><D72/><U80/><E120/><V43/><F74/><W0/><G115/><T26/><D100/><U127/><E127/><V30/><F122/><W105/><G105/><T12/><D65/><U85/><E107/><V27/><F43/><W79/><G49/><T99/><D135/><U73/><E9/><V7/><F71/><W106/><G106/><T126/><D117/><U109/><E109/><V133/><F61/><W56/><G22/><N who="0" m="15447" /><D126/><U118/><E118/><V35/><F133/><W55/><G64/><T70/><D70/><U77/><E31/><V123/><F123/><W45/><G45/><N who="0" m="27855" /><D124/><U19/><REACH who="1" step="1"/><E101/><REACH who="1" ten="347,177,275,191" step="2"/><V94/><F114/><W37/><G11/><T131/><D5/><U88/><E88/><V40/><F113/><W82/><G0/><T104/><D6/><U44/><E44/><V119/><F119/><W42/><G79/><T112/><D104/><U69/><E69/><V59/><F7/><W41/><G78/><T20/><D112/><U16/><E16/><N who="2" m="10647" /><F30/><W132/><G132/><T83/><D17/><U125/><E125/><V75/><F35/><W134/><G134/><T51/><D20/><U8/><E8/><V108/><F108/><W2/><G2/><T111/><D111/><U36/><E36/><V66/><F75/><N who="3" m="43295" /><G37/><T25/><D91/><U33/><E33/><V121/><F121/><W1/><G1/><T103/><D103/><U98/><E98/><V46/><F40/><N who="3" m="15467" /><G87/><T15/><D99/><U4/><E4/><V62/><AGARI ba="0,1" hai="24,27,46,48,52,59,62,66,92,93,94" m="10647" machi="62" ten="30,11700,0" yaku="8,1,52,1,54,2" doraHai="10" who="2" fromWho="2" sc="347,-39,177,-39,275,127,191,-39" />
</Scene>
<Scene>
<INIT seed="2,1,0,3,5,86" ten="308,138,402,152" oya="2" hai0="107,41,18,25,119,53,132,32,9,104,47,61,33" hai1="35,48,103,14,82,117,94,109,57,46,5,38,63" hai2="50,30,95,22,27,68,126,59,118,12,29,111,84" hai3="92,62,134,116,23,125,0,78,113,52,26,51,85"/><V72/><F72/><W73/><G116/><T55/><D119/><U45/><E35/><V127/><F68/><W1/><G125/><N who="2" m="47625" /><F118/><W39/><G39/><T131/><D131/><U89/><E38/><V120/><F120/><W60/><G134/><T115/><D115/><U21/><E109/><V81/><F111/><W15/><G73/><T71/><D55/><U54/><E103/><V37/><F37/><W16/><G113/><T40/><D40/><U99/><E82/><V97/><F12/><W91/><G78/><T130/><D71/><U122/><E122/><V114/><F114/><W133/><G133/><T43/><D25/><U98/><E46/><V105/><F105/><W64/><G26/><T7/><D47/><U19/><E5/><V42/><F59/><N who="3" m="33183" /><G62/><T3/><D61/><U67/><E117/><V4/><F4/><W121/><G121/><T65/><D107/><U44/><REACH who="1" step="1"/><E45/><REACH who="1" ten="308,128,402,152" step="2"/><V77/><F42/><W102/><G102/><T20/><D43/><U28/><E28/><N who="2" m="17527" /><F50/><W83/><G83/><T80/><D41/><U6/><E6/><V93/><F29/><W10/><G10/><T90/><D7/><U135/><E135/><V76/><F30/><W66/><G66/><T79/><D65/><U8/><E8/><V87/><F81/><W112/><G112/><T11/><D9/><U123/><E123/><V34/><F34/><W106/><G106/><T17/><D32/><U31/><E31/><V2/><F76/><W129/><G129/><T56/><D33/><U58/><E58/><AGARI ba="1,1" hai="0,1,15,16,23,58,60,64,85,91,92" m="33183" machi="58" ten="30,7700,0" yaku="25,1,52,1,54,2" doraHai="86" who="3" fromWho="1" sc="308,0,128,-80,402,0,152,90" />
</Scene>
<Scene>
<INIT seed="3,0,0,3,0,43" ten="308,48,402,242" oya="3" hai0="2,65,108,26,76,66,95,86,81,109,1,116,58" hai1="97,75,119,14,60,130,32,131,41,122,23,36,40" hai2="27,67,9,11,111,49,39,134,59,38,74,0,25" hai3="16,110,29,33,4,104,51,85,99,114,46,94,103"/><W79/><G114/><T34/><D116/><U98/><E32/><V106/><F74/><W50/><G4/><T44/><D95/><U88/><E75/><V3/><F106/><W121/><G121/><T129/><D129/><U105/><E119/><V135/><F49/><W28/><G33/><T80/><D58/><U84/><E122/><V118/><F118/><W19/><G51/><T113/><D113/><U68/><E105/><V12/><F59/><W45/><G110/><N who="0" m="42603" /><D80/><U15/><E68/><V91/><F111/><W57/><G104/><T31/><D44/><N who="3" m="17001" /><G85/><T6/><D6/><U90/><E84/><V89/><F38/><W30/><G79/><T96/><D96/><U42/><E42/><V10/><F39/><W56/><G56/><T87/><D87/><U62/><E36/><V132/><F132/><W77/><G77/><T123/><D123/><U83/><REACH who="1" step="1"/><E23/><REACH who="1" ten="308,38,402,242" step="2"/><V127/><F135/><W125/><G125/><T117/><D117/><U13/><E13/><V35/><F12/><W133/><G133/><T37/><D37/><U52/><E52/><AGARI ba="0,1" hai="16,19,28,29,30,50,52,57,94,99,103" m="17001" machi="52" ten="30,18000,2" yaku="8,1,52,3,54,2" doraHai="43" who="3" fromWho="1" sc="308,0,38,-180,402,0,242,190" owari="308,-9.0,-142,-64.0,402,20.0,432,53.0" />
</Scene>
</mjloggm>