<mjloggm ver="2.3"><GO type="169" lobby="0"/><UN n0="%E3%83%94%E3%82%AB%E5%90%BE%E9%83%8E" n1="%E5%A4%AA%E3%81%8F%E3%81%AA%E3%81%84%E3%81%8A" n2="%E6%B1%9A%E5%BF%8D" n3="%E3%83%90%E3%83%90%E3%82%A2%E3%81%AE%E6%97%A5%E5%82%98" dan="16,18,16,17" rate="2124.62,2240.81,2110.34,2147.92" sx="M,M,M,F"/><TAIKYOKU oya="0"/>

<Scene>
<INIT seed="0,0,0,2,2,126" ten="250,250,250,250" oya="0" hai0="97,53,15,31,64,13,20,117,129,108,86,18,90" hai1="106,7,101,56,49,88,60,32,9,89,78,23,52" hai2="40,58,0,27,105,98,83,29,122,79,8,41,76" hai3="110,16,33,34,17,55,3,25,43,19,30,69,65"/><T5/><D117/><U94/><E32/><V116/><F116/><W102/><G110/><T113/><D113/><U82/><E106/><V47/><F58/><W28/><G43/><T80/><D108/><U63/><E101/><V125/><F125/><W95/><G55/><T114/><D114/><U100/><E100/><V111/><F111/><W51/><G51/><T44/><D31/><U14/><E23/><V99/><F122/><W75/><G95/><T107/><D107/><U134/><E134/><V103/><F99/><W42/><G65/><T109/><D64/><U135/><E135/><V87/><F79/><W96/><G96/><T66/><D66/><U123/><E123/><V72/><F87/><W70/><G42/><T6/><D97/><U121/><E121/><V10/><F41/><W45/><G45/><T127/><D127/><U93/><E93/><V115/><F115/><W81/><G81/><T61/><D109/><U4/><E4/><V38/><REACH who="2" step="1"/><F0/><REACH who="2" ten="250,250,240,250" step="2"/><W37/><G3/><T84/><D86/><N who="1" m="50263" /><E78/><V119/><F119/><W24/><G75/><T132/><D132/><U62/><E62/><V128/><F128/><W73/><G73/><T11/><D129/><U26/><E26/><V39/><F39/><W12/><G37/><T131/><D131/><U59/><E59/><V1/><F1/><W57/><G57/><N who="0" m="34991" /><D44/><U68/><E68/><V130/><F130/><W71/><REACH who="3" step="1"/><G102/><REACH who="3" ten="250,250,240,240" step="2"/><T74/><D74/><U112/><E112/><V77/><F77/><W54/><G54/><T22/><D15/><AGARI ba="0,2" hai="12,15,16,17,19,24,25,28,30,33,34,69,70,71" machi="15" ten="50,6400,0" yaku="1,1,9,1,54,1,53,0" doraHai="126" doraHaiUra="46" who="3" fromWho="0" sc="250,-64,250,0,240,0,240,84" />
</Scene>
<Scene>
<INIT seed="1,0,0,0,3,119" ten="186,250,240,324" oya="1" hai0="2,103,113,106,122,80,62,57,3,90,5,28,20" hai1="55,39,10,133,7,74,47,67,91,52,99,17,95" hai2="49,66,15,38,127,108,76,41,27,86,87,98,45" hai3="88,78,82,22,40,125,123,118,16,104,105,72,100"/><U58/><E74/><V77/><F108/><W43/><G118/><T97/><D113/><U132/><E17/><V84/><F127/><W44/><G125/><T116/><D116/><U96/><E96/><V50/><F66/><W92/><G123/><T64/><D5/><U25/><E25/><V9/><F98/><W63/><G63/><T134/><D134/><N who="1" m="51819" /><E67/><V13/><F27/><W65/><G65/><T89/><D122/><U135/><N who="1" m="51827" /><U121/><DORA hai="111" /><E58/><V117/><F117/><W8/><G8/><T93/><D106/><U12/><E121/><V53/><F38/><W46/><G44/><T19/><D28/><U14/><E14/><N who="2" m="5131" /><F9/><W37/><G43/><AGARI ba="0,0" hai="7,10,12,39,43,47,52,55,91,95,99" m="51827" machi="43" ten="40,3900,0" yaku="20,1,54,1" doraHai="119,111" who="1" fromWho="3" sc="186,0,250,39,240,0,324,-39" />
</Scene>
<Scene>
<INIT seed="1,1,0,5,4,112" ten="186,289,240,285" oya="1" hai0="93,68,34,2,42,35,37,78,60,45,128,105,70" hai1="88,54,117,61,113,25,63,119,125,3,133,135,115" hai2="103,46,69,92,15,0,132,76,41,40,118,75,36" hai3="126,22,57,27,52,95,82,124,23,86,79,104,65"/><U120/><E3/><V130/><F41/><W96/><G104/><T89/><D2/><U123/><E25/><V24/><F132/><N who="1" m="50761" /><E125/><N who="3" m="48234" /><G27/><T131/><D78/><U121/><E88/><V33/><F103/><N who="3" m="60831" /><G65/><T134/><D105/><U16/><E16/><V71/><F24/><W18/><G18/><T90/><D90/><U127/><E127/><V31/><F31/><W28/><G28/><T72/><D72/><U80/><E80/><V12/><F33/><W74/><G74/><T101/><D101/><U50/><E63/><AGARI ba="1,0" hai="22,23,52,57,63,79,82,86" m="60831,48234" machi="63" ten="30,2000,0" yaku="18,1,54,1" doraHai="112" who="3" fromWho="1" sc="186,0,289,-23,240,0,285,23" />
</Scene>
<Scene>
<INIT seed="2,0,0,5,1,24" ten="186,266,240,308" oya="2" hai0="64,0,87,2,117,63,12,4,55,22,39,40,49" hai1="9,29,57,68,15,105,122,123,86,31,75,82,18" hai2="13,42,92,102,59,45,135,129,52,26,130,74,79" hai3="110,119,114,120,54,3,72,51,111,91,94,116,7"/><V84/><F74/><W115/><G72/><T8/><D117/><N who="3" m="45129" /><G7/><T53/><D39/><U127/><E68/><V60/><F13/><W121/><G3/><T118/><D118/><U19/><E105/><V109/><F109/><N who="3" m="41483" /><G51/><T89/><D2/><U96/><E96/><V124/><F124/><W113/><G54/><T131/><D53/><U16/><E75/><V101/><F135/><W35/><G35/><T134/><D40/><U126/><E57/><V28/><F45/><W23/><G23/><T77/><D134/><U21/><E86/><AGARI ba="0,0" hai="86,91,94,113,114,115,120,121" m="41483,45129" machi="86" ten="40,32000,5" yakuman="50" doraHai="24" who="3" fromWho="1" sc="186,0,266,-320,240,0,308,320" owari="186,-21.0,-54,-55.0,240,4.0,628,72.0" />
</Scene>
</mjloggm>