<mjloggm ver="2.3"><GO type="169" lobby="0"/><UN n0="%E5%A4%AA%E3%81%8F%E3%81%AA%E3%81%84%E3%81%8A" n1="%6E%65%70%65%72%6F" n2="%E3%81%82%E3%82%89%E3%81%BE%E3%82%8A" n3="%62%6F%6E%6F%73%2E%2E" dan="18,17,16,16" rate="2259.14,2183.45,2063.85,2164.27" sx="F,M,M,M"/><TAIKYOKU oya="0"/>

<Scene>
<INIT seed="0,0,0,0,0,14" ten="250,250,250,250" oya="0" hai0="92,52,78,65,107,50,27,46,28,126,17,64,90" hai1="40,83,112,108,134,70,118,15,74,67,54,133,44" hai2="33,76,75,34,35,115,39,97,95,77,30,24,61" hai3="12,29,104,19,1,31,91,111,68,20,86,131,79"/><T42/><D107/><U36/><E54/><V51/><F115/><W16/><G111/><T3/><D3/><U125/><E15/><V10/><F39/><W99/><G1/><T127/><D78/><N who="1" m="44503" /><E108/><V59/><F51/><W73/><G68/><T22/><D42/><U89/><E89/><V128/><F128/><W88/><G73/><T32/><D32/><U81/><E81/><V45/><F45/><W23/><G131/><T6/><D6/><U105/><E112/><V63/><F75/><W55/><G79/><T113/><D113/><U120/><E120/><V93/><F10/><W2/><G2/><T25/><D25/><U123/><E123/><V57/><F34/><W4/><G4/><T48/><D48/><U72/><E118/><V116/><F116/><W56/><G104/><T106/><D106/><U94/><E94/><V100/><F33/><W49/><G99/><T37/><D28/><N who="3" m="10825" /><G86/><T132/><D37/><U71/><E72/><V43/><F93/><W21/><G19/><T101/><D101/><U13/><E13/><V98/><F98/><W58/><G56/><T62/><D132/><N who="1" m="50795" /><E105/><V11/><F95/><W110/><G110/><T87/><REACH who="0" step="1"/><D64/><REACH who="0" ten="240,250,250,250" step="2"/><U69/><E67/><V66/><F66/><W38/><G38/><T102/><D102/><U122/><E122/><V9/><F100/><W18/><G18/><T80/><D80/><U8/><E36/><V135/><F135/><W119/><G119/><T85/><D85/><U82/><E82/><V103/><F103/><W47/><G47/><T117/><D117/><U5/><E44/><V7/><F35/><RYUUKYOKU ba="0,1" sc="240,15,250,-15,250,-15,250,15" hai0="17,22,27,46,50,52,62,65,87,90,92,126,127" hai3="12,16,20,21,23,49,55,58,88,91" />
</Scene>
<Scene>
<INIT seed="0,1,1,5,4,63" ten="255,235,235,265" oya="0" hai0="126,120,90,40,42,64,37,76,117,30,20,32,61" hai1="107,44,78,59,28,27,12,56,77,51,2,88,11" hai2="79,1,46,108,6,73,113,118,105,7,18,131,115" hai3="100,132,123,81,23,52,121,47,96,85,69,104,70"/><T95/><D117/><U9/><E2/><V99/><F108/><W130/><G132/><T45/><D120/><N who="3" m="46153" /><G130/><T91/><D126/><U125/><E107/><V16/><F131/><W14/><G23/><T4/><D32/><U24/><E125/><V101/><F118/><W119/><G14/><T33/><D33/><U112/><E112/><V26/><F18/><W10/><G10/><T41/><D4/><U133/><E133/><V72/><F72/><W98/><G98/><T5/><D5/><U57/><E88/><V21/><F6/><W135/><G119/><T67/><D76/><N who="1" m="29291" /><E28/><V94/><F105/><W93/><G104/><T39/><D90/><U68/><E68/><V103/><F103/><W92/><G92/><T84/><D61/><U15/><E51/><V55/><F7/><W25/><G135/><T122/><D122/><U106/><E44/><V102/><F102/><W31/><G85/><T87/><D87/><U62/><E62/><V71/><F71/><W89/><G89/><T36/><REACH who="0" step="1"/><D45/><REACH who="0" ten="245,235,235,265" step="2"/><U53/><E106/><V65/><F113/><W19/><G81/><T97/><D97/><U60/><E60/><V58/><F115/><W116/><G96/><T109/><D109/><U48/><E12/><V0/><F0/><W114/><G47/><T49/><D49/><U127/><E127/><V86/><F1/><W128/><G116/><T29/><D29/><U75/><E75/><V83/><F46/><W13/><G31/><T74/><D74/><U129/><E129/><V124/><F73/><W134/><G128/><T3/><D3/><U110/><E110/><RYUUKYOKU ba="1,2" sc="245,30,235,-10,235,-10,265,-10" hai0="20,30,36,37,39,40,41,42,64,67,84,91,95" />
</Scene>
<Scene>
<INIT seed="0,2,2,3,2,52" ten="275,225,225,255" oya="0" hai0="86,100,9,73,72,78,36,29,43,132,55,12,16" hai1="30,105,112,62,95,4,121,49,87,20,58,104,45" hai2="13,76,108,42,89,110,82,3,32,28,59,66,96" hai3="70,109,126,134,67,99,75,107,117,93,48,114,23"/><T77/><D132/><U53/><E121/><V5/><F3/><W41/><G117/><T38/><D29/><U133/><E4/><V69/><F42/><W39/><G114/><T10/><D100/><U40/><E133/><V135/><F135/><W61/><G134/><T68/><D68/><U120/><E120/><V129/><F129/><W44/><G75/><T106/><D106/><U88/><REACH who="1" step="1"/><E112/><REACH who="1" ten="275,215,225,255" step="2"/><V63/><F5/><W85/><G109/><T51/><D9/><U71/><E71/><V128/><F69/><W27/><G70/><T34/><D34/><U8/><E8/><V19/><F128/><W116/><G116/><T64/><D64/><U11/><E11/><V97/><F32/><W37/><G67/><T130/><D130/><U25/><AGARI ba="2,3" hai="20,25,30,40,45,49,53,58,62,87,88,95,104,105" machi="25" ten="30,12000,2" yaku="1,1,0,1,52,1,54,1,53,2" doraHai="52" doraHaiUra="101" who="1" fromWho="1" sc="275,-62,215,156,225,-32,255,-32" />
</Scene>
<Scene>
<INIT seed="1,0,0,0,0,35" ten="213,371,193,223" oya="1" hai0="1,25,32,103,34,82,4,132,53,71,51,23,77" hai1="129,46,88,79,123,64,126,18,101,9,133,3,114" hai2="89,74,12,131,17,84,38,28,22,52,57,43,50" hai3="37,102,85,48,125,118,124,119,117,120,107,98,10"/><U90/><E114/><V106/><F106/><W100/><G37/><T15/><D71/><U86/><E123/><V99/><F74/><W16/><G120/><T92/><D132/><U7/><E133/><V41/><F131/><W26/><G100/><T33/><D103/><U135/><E135/><V105/><F38/><W72/><G72/><T73/><D92/><U19/><E129/><V96/><F105/><W68/><G68/><T6/><D15/><U70/><E126/><N who="3" m="48746" /><G48/><T87/><D73/><U121/><E101/><V130/><F28/><W81/><G26/><T76/><D76/><U110/><E46/><V44/><F130/><W47/><G47/><T61/><D61/><U62/><E110/><V29/><F29/><W24/><G24/><T42/><D42/><N who="2" m="15882" /><F44/><W78/><G10/><T49/><D53/><U56/><E121/><V40/><N who="2" m="15890" /><V21/><DORA hai="63" /><F21/><W5/><G5/><T0/><D6/><U59/><E79/><V67/><F67/><W58/><G58/><T108/><D108/><U127/><E90/><V113/><F113/><W27/><G117/><T111/><D111/><U112/><E112/><V104/><F104/><W60/><G118/><T97/><D97/><U65/><E127/><V122/><F122/><W95/><G119/><T116/><D116/><U13/><E70/><V115/><F115/><W39/><G39/><T134/><D134/><U11/><E11/><V2/><F2/><N who="0" m="1130" /><D4/><U8/><E8/><V66/><F66/><W128/><G128/><T14/><D14/><U93/><E3/><V45/><F45/><W55/><G107/><RYUUKYOKU ba="0,0" sc="213,10,371,10,193,10,223,-30" hai0="23,25,32,33,34,49,51,77,82,87" hai1="7,9,13,18,19,56,59,62,64,65,86,88,93" hai2="12,17,22,50,52,57,84,89,96,99" />
</Scene>
<Scene>
<INIT seed="1,1,0,0,1,43" ten="223,381,203,193" oya="1" hai0="40,79,7,10,123,133,90,127,109,94,53,2,69" hai1="128,102,86,77,63,76,103,71,60,21,27,13,93" hai2="106,96,83,3,131,134,33,124,16,64,4,82,47" hai3="115,110,72,62,29,67,95,112,132,58,54,104,28"/><U1/><E1/><V130/><F33/><W49/><G104/><T6/><D69/><U114/><E13/><V34/><F34/><W99/><G110/><T55/><D109/><U122/><E114/><V41/><F124/><W100/><G132/><T81/><D127/><U129/><E122/><V88/><F134/><W75/><G112/><T22/><D133/><U113/><E113/><V17/><F64/><W56/><REACH who="3" step="1"/><G115/><REACH who="3" ten="223,381,203,183" step="2"/><T25/><D123/><U57/><E128/><V107/><F107/><W126/><G126/><T50/><D7/><U26/><E129/><N who="2" m="49163" /><F4/><W51/><G51/><T44/><D79/><U125/><E76/><V12/><F106/><W80/><G80/><N who="2" m="30761" /><F3/><W59/><G59/><T18/><REACH who="0" step="1"/><D81/><REACH who="0" ten="213,381,203,183" step="2"/><U11/><E77/><V68/><F68/><W24/><G24/><T46/><D46/><U70/><E26/><V38/><F12/><W30/><AGARI ba="1,2" hai="28,29,30,49,54,56,58,62,67,72,75,95,99,100" machi="30" ten="30,2000,0" yaku="1,1,0,1,53,0" doraHai="43" doraHaiUra="118" who="3" fromWho="3" sc="213,-6,381,-11,203,-6,183,43" />
</Scene>
<Scene>
<INIT seed="2,0,0,3,5,69" ten="207,370,197,226" oya="2" hai0="45,133,74,18,34,26,122,12,37,51,98,72,68" hai1="41,76,117,123,28,29,36,48,49,84,108,131,135" hai2="106,54,70,116,66,8,83,62,23,109,87,7,119" hai3="1,89,30,63,5,132,43,44,82,14,52,105,103"/><V61/><F106/><W128/><G128/><T19/><D122/><U104/><E117/><V85/><F109/><W96/><G132/><T99/><D68/><U114/><E114/><V71/><F85/><W73/><G30/><T17/><D133/><U121/><E104/><V31/><F31/><N who="1" m="11849" /><E108/><V67/><F23/><W95/><G1/><T65/><D65/><U27/><E27/><V94/><F94/><W107/><G107/><T97/><D34/><U38/><E135/><V126/><F54/><W125/><G125/><T75/><D26/><U118/><E118/><V56/><F56/><W129/><G129/><T32/><D32/><U100/><E100/><V124/><F124/><W10/><G73/><T134/><D134/><U42/><E131/><V112/><F112/><W22/><G82/><T92/><D37/><N who="1" m="14443" /><E84/><V39/><F39/><W91/><G22/><T58/><D58/><U64/><E76/><V101/><F101/><W81/><G81/><T120/><D120/><N who="1" m="46155" /><E64/><V79/><REACH who="2" step="1"/><F126/><REACH who="2" ten="207,370,187,226" step="2"/><W25/><G105/><T2/><D75/><U40/><AGARI ba="0,1" hai="40,41,42,48,49" m="46155,14443,11849" machi="40" ten="40,12000,2" yaku="28,2,13,1,52,3" doraHai="69" who="1" fromWho="1" sc="207,-30,370,130,187,-60,226,-30" />
</Scene>
<Scene>
<INIT seed="3,0,0,4,3,42" ten="177,500,127,196" oya="3" hai0="59,53,131,79,73,34,20,13,110,101,51,32,132" hai1="67,128,15,91,98,65,56,6,123,83,127,2,117" hai2="55,96,54,109,121,88,126,21,40,4,134,119,35" hai3="125,77,80,9,18,71,116,84,60,124,39,45,81"/><W111/><G116/><T61/><D110/><U93/><E123/><V120/><F109/><W107/><G107/><T63/><D101/><U72/><E2/><V26/><F119/><W103/><G103/><T58/><D131/><U10/><E117/><V36/><F126/><W22/><G111/><T28/><D132/><U44/><E44/><N who="2" m="23559" /><F35/><W66/><G9/><T82/><D51/><U90/><E127/><N who="3" m="48714" /><G81/><T38/><D38/><U62/><E128/><V114/><F114/><W48/><G39/><T94/><D94/><N who="1" m="56663" /><E83/><V0/><F0/><W3/><G3/><T33/><D13/><U97/><E72/><V105/><F105/><W74/><G74/><T50/><REACH who="0" step="1"/><D59/><REACH who="0" ten="167,500,127,196" step="2"/><U8/><E56/><V19/><F134/><W113/><G48/><T130/><D130/><U49/><E49/><V69/><F120/><W112/><G45/><T76/><D76/><U47/><E47/><V41/><F121/><W11/><G11/><T99/><D99/><U43/><E10/><V122/><F122/><W37/><G37/><T118/><D118/><U12/><E97/><V46/><F46/><W27/><AGARI ba="0,1" hai="18,22,27,60,66,71,77,80,84,112,113" m="48714" machi="27" ten="30,1500,0" yaku="18,1" doraHai="42" who="3" fromWho="3" sc="167,-5,500,-5,127,-5,196,25" />
</Scene>
<Scene>
<INIT seed="3,1,0,3,3,48" ten="162,495,122,221" oya="3" hai0="26,107,63,11,33,135,75,111,110,127,45,46,70" hai1="34,19,29,91,12,42,126,102,74,25,79,92,96" hai2="97,134,16,44,72,49,101,86,133,98,100,28,120" hai3="73,13,105,128,30,95,60,31,18,55,0,47,77"/><W65/><G105/><T8/><D75/><U56/><E126/><V119/><F72/><W129/><G0/><T76/><D76/><U114/><E114/><V104/><F119/><W59/><G95/><T57/><D107/><U39/><E56/><V87/><F28/><W51/><G77/><T36/><D70/><U41/><E39/><V108/><F108/><N who="0" m="41514" /><D127/><U66/><E66/><V90/><F120/><W35/><G73/><T53/><D135/><N who="2" m="51722" /><F16/><W71/><G71/><T81/><D81/><U125/><E125/><V103/><F44/><N who="0" m="17002" /><D36/><U93/><E79/><V106/><F49/><W52/><G55/><T37/><D37/><U130/><E130/><N who="3" m="50282" /><G35/><T124/><D124/><U78/><E78/><V3/><F3/><W132/><G132/><T9/><D26/><U27/><E27/><V82/><F86/><W112/><G112/><T50/><D50/><U62/><E62/><V94/><F98/><W5/><G5/><T68/><D68/><U116/><E116/><V22/><F22/><AGARI ba="1,0" hai="13,18,22,30,31,47,51,52,59,60,65" m="50282" machi="22" ten="30,5800,0" yaku="19,1,52,1,54,1" doraHai="48" who="3" fromWho="2" sc="162,0,495,0,122,-61,221,61" />
</Scene>
<Scene>
<INIT seed="3,2,0,4,1,94" ten="162,495,61,282" oya="3" hai0="85,84,75,9,42,128,99,58,116,80,20,125,36" hai1="49,29,111,104,76,6,93,106,77,118,97,64,114" hai2="28,98,102,11,92,24,18,132,21,69,22,100,54" hai3="14,87,1,46,2,126,56,15,33,35,17,12,60"/><W10/><G46/><T107/><D116/><U5/><E111/><V115/><F115/><W110/><G110/><T88/><D128/><U95/><E64/><V53/><F132/><W44/><G44/><T66/><D125/><U31/><E49/><V59/><F69/><W89/><G126/><T8/><D75/><U25/><E25/><V67/><F11/><W27/><G35/><T108/><D108/><U19/><E19/><V52/><F67/><W62/><G62/><N who="0" m="38231" /><D107/><U90/><E90/><V40/><F40/><W101/><G101/><T96/><D36/><U134/><E134/><V73/><F73/><W129/><G129/><T0/><D0/><U38/><E38/><V130/><F130/><W4/><G2/><T103/><D42/><U82/><E82/><V123/><F123/><W74/><G74/><T47/><D47/><U70/><E70/><V91/><REACH who="2" step="1"/><F59/><REACH who="2" ten="162,495,51,282" step="2"/><W51/><G56/><T55/><D8/><U71/><E71/><V43/><F43/><W127/><G10/><T37/><D9/><U3/><E114/><V34/><F34/><W63/><G33/><T131/><D131/><U23/><E3/><V117/><F117/><W119/><G127/><T61/><D37/><U79/><E118/><V68/><F68/><W39/><G39/><T50/><D20/><U121/><E23/><V109/><F109/><W86/><G119/><T122/><D122/><U112/><E121/><V13/><AGARI ba="2,1" hai="13,18,21,22,24,28,52,53,54,91,92,98,100,102" machi="13" ten="30,8000,1" yaku="1,1,0,1,8,1,52,1,54,1,53,0" doraHai="94" doraHaiUra="83" who="2" fromWho="2" sc="162,-22,495,-22,51,96,282,-42" />
</Scene>
<Scene>
<INIT seed="4,0,0,5,3,5" ten="140,473,147,240" oya="0" hai0="60,99,83,114,4,86,55,131,118,14,17,38,57" hai1="91,77,1,36,18,37,124,97,116,22,100,75,41" hai2="52,109,92,107,0,96,90,123,47,135,6,25,79" hai3="101,44,126,61,66,68,10,93,24,31,133,69,120"/><T58/><D118/><U50/><E116/><V122/><F109/><W65/><G126/><T15/><D38/><U132/><E1/><V12/><F135/><W2/><G133/><T108/><D108/><U28/><E132/><V130/><F130/><W39/><G120/><T76/><D131/><U72/><E28/><V74/><F0/><W71/><G66/><T67/><D114/><U64/><E64/><V51/><F107/><W29/><G29/><T45/><D45/><U48/><E91/><V84/><F25/><W46/><G93/><T32/><D32/><U81/><E75/><V127/><F127/><W110/><G101/><T59/><D99/><U134/><E134/><V13/><F74/><W42/><G44/><T112/><D112/><U53/><E48/><V34/><F34/><N who="3" m="20839" /><G110/><T87/><D87/><U117/><E41/><V111/><F111/><W104/><G104/><T78/><D78/><U35/><E35/><V21/><F79/><W102/><G102/><T129/><D129/><U113/><E113/><V128/><F128/><W20/><G20/><N who="0" m="11319" /><D67/><U54/><E124/><V3/><F3/><W63/><G65/><T33/><D33/><U30/><E117/><V103/><F103/><W23/><G23/><T7/><D15/><U106/><E36/><V43/><F84/><W105/><G105/><T27/><D27/><U19/><E37/><V73/><F73/><W40/><G40/><T119/><D119/><U85/><E72/><V125/><F125/><W49/><G39/><T89/><D76/><U62/><E77/><V88/><F43/><W11/><G2/><RYUUKYOKU ba="0,0" sc="140,15,473,-15,147,-15,240,15" hai0="4,7,55,57,58,59,60,83,86,89" hai3="10,11,42,46,49,61,63,68,69,71" />
</Scene>
<Scene>
<INIT seed="4,1,0,3,3,12" ten="155,458,132,255" oya="0" hai0="85,112,49,71,76,123,36,106,96,119,17,134,21" hai1="107,59,34,93,24,48,97,63,88,51,94,62,19" hai2="33,26,117,99,20,89,37,3,86,68,60,54,113" hai3="22,11,104,131,120,129,133,122,80,28,14,90,2"/><T61/><D119/><U74/><E107/><V64/><F113/><W58/><G104/><T6/><D123/><N who="3" m="47145" /><G133/><T81/><D36/><U102/><E74/><V110/><F110/><W127/><G127/><T95/><D134/><U27/><E34/><V15/><F3/><W108/><G108/><T46/><D112/><U109/><E109/><V116/><F37/><W29/><G2/><T78/><D106/><U111/><E111/><V47/><F99/><W53/><G90/><N who="0" m="51503" /><D71/><U25/><E19/><V124/><F124/><W65/><G80/><T41/><D61/><N who="1" m="23051" /><E59/><V45/><F33/><W125/><G65/><T9/><D9/><U0/><E0/><V100/><F100/><W57/><G125/><T118/><D6/><U77/><E77/><V7/><F7/><N who="3" m="3455" /><G57/><T87/><D118/><U132/><E132/><V50/><F116/><W56/><G56/><T42/><D78/><U39/><E39/><V92/><F117/><W135/><G135/><T30/><D76/><U66/><E66/><V38/><F38/><W8/><G8/><T75/><D75/><U10/><E10/><V115/><F115/><W105/><G105/><T67/><D67/><U31/><E31/><N who="3" m="11850" /><G22/><T16/><D21/><U43/><E43/><N who="0" m="16393" /><D30/><U121/><E121/><V70/><F70/><W72/><G72/><T52/><D87/><AGARI ba="1,0" hai="24,25,27,48,51,87,88,93,94,97,102" m="23051" machi="87" ten="30,2000,0" yaku="8,1,54,1" doraHai="12" who="1" fromWho="0" sc="155,-23,458,23,132,0,255,0" />
</Scene>
<Scene>
<INIT seed="5,0,0,5,2,79" ten="132,481,132,255" oya="1" hai0="113,73,129,104,8,40,52,38,0,92,15,59,45" hai1="98,61,13,27,54,41,82,102,109,6,60,34,31" hai2="18,78,80,99,72,64,42,131,39,66,77,121,115" hai3="69,91,10,12,56,57,68,119,134,97,35,87,11"/><U86/><E41/><V16/><F131/><W63/><G35/><T85/><D104/><U7/><E109/><V106/><F121/><W74/><G74/><T117/><D117/><U83/><E83/><V46/><F115/><W20/><G119/><T26/><D73/><U120/><E120/><V24/><F77/><W23/><G69/><T53/><D113/><U49/><E13/><V101/><REACH who="2" step="1"/><F24/><REACH who="2" ten="132,481,122,255" step="2"/><W50/><G134/><T58/><D129/><U88/><E27/><V44/><F44/><W118/><G68/><T126/><D26/><U47/><E47/><V37/><F37/><W2/><G118/><T128/><D128/><U105/><E6/><V14/><F14/><W116/><G12/><T133/><D133/><U43/><E7/><V75/><F75/><W96/><G116/><T48/><D0/><U22/><E34/><V114/><F114/><W28/><G2/><T9/><D15/><U123/><E123/><V67/><AGARI ba="0,1" hai="16,18,39,42,46,64,66,67,72,78,80,99,101,106" machi="67" ten="30,7900,0" yaku="1,1,0,1,52,1,54,1,53,0" doraHai="79" doraHaiUra="108" who="2" fromWho="2" sc="132,-20,481,-39,122,89,255,-20" />
</Scene>
<Scene>
<INIT seed="6,0,0,3,3,132" ten="112,442,211,235" oya="2" hai0="30,34,50,91,42,57,121,53,41,24,82,111,62" hai1="35,16,32,45,10,108,100,130,124,52,113,92,15" hai2="28,4,33,131,116,37,81,26,23,134,117,129,46" hai3="56,71,60,18,109,123,135,83,6,66,29,70,31"/><V95/><F81/><W106/><G123/><T88/><D111/><U13/><E108/><V61/><F134/><W48/><G109/><T20/><D121/><U58/><E45/><V12/><F95/><W76/><G106/><T65/><D34/><U49/><E113/><V93/><F93/><W38/><G38/><T89/><REACH who="0" step="1"/><D82/><REACH who="0" ten="102,442,211,235" step="2"/><U40/><E35/><V112/><F33/><W80/><G83/><T68/><AGARI ba="0,1" hai="20,24,30,41,42,50,53,57,62,65,68,88,89,91" machi="68" ten="30,8000,1" yaku="1,1,2,1,0,1,54,1,53,1" doraHai="132" doraHaiUra="51" who="0" fromWho="0" sc="102,90,442,-20,211,-40,235,-20" />
</Scene>
<Scene>
<INIT seed="7,0,0,0,3,56" ten="192,422,171,215" oya="3" hai0="107,87,86,5,46,10,35,120,3,77,18,127,6" hai1="124,109,112,100,47,66,72,41,103,13,2,67,90" hai2="106,24,129,51,97,63,95,23,14,117,80,37,11" hai3="26,54,75,119,42,70,73,0,118,27,85,28,34"/><W78/><G54/><T25/><D120/><U132/><E2/><V52/><F129/><W116/><G85/><T43/><D107/><U8/><E72/><V50/><F117/><W39/><G27/><T84/><D127/><U82/><E109/><V4/><F37/><W49/><G49/><T64/><D64/><U22/><E112/><V32/><F32/><W33/><G33/><T57/><D57/><U115/><E115/><V55/><F106/><W1/><G70/><T40/><D5/><U126/><E132/><V74/><F74/><N who="3" m="28171" /><G78/><T68/><D68/><U128/><E22/><V125/><F80/><W71/><G71/><T7/><D7/><U105/><E90/><N who="2" m="55543" /><F125/><W69/><G69/><T62/><D62/><U98/><E66/><V89/><F89/><W19/><G19/><T16/><D77/><U61/><E47/><AGARI ba="0,0" hai="0,1,26,28,34,39,42,47,116,118,119" m="28171" machi="47" ten="40,2000,0" yaku="23,1" doraHai="56" who="3" fromWho="1" sc="192,0,422,-20,171,0,215,20" />
</Scene>
<Scene>
<INIT seed="7,1,0,4,0,20" ten="192,402,171,235" oya="3" hai0="117,70,60,31,51,14,121,90,115,30,62,32,58" hai1="87,122,18,6,56,83,66,100,76,82,19,103,74" hai2="109,119,7,77,11,21,43,110,102,94,92,40,26" hai3="69,89,134,59,0,52,132,85,22,44,67,64,114"/><W5/><G114/><T45/><D121/><U16/><E6/><V80/><F119/><W61/><G44/><T35/><D117/><U86/><E74/><V9/><F9/><W71/><G5/><T29/><D115/><U12/><E12/><N who="2" m="5247" /><F110/><W96/><G96/><T97/><D70/><U17/><E17/><N who="2" m="12591" /><F109/><W75/><G0/><T36/><D36/><U38/><E38/><V57/><F102/><N who="1" m="38953" /><E122/><V42/><F57/><W1/><G1/><T10/><D58/><U127/><E127/><V81/><F77/><W106/><G75/><T24/><D32/><U27/><E27/><V28/><F28/><W65/><G106/><T135/><D24/><U84/><E83/><AGARI ba="1,0" hai="40,42,43,80,81,83,92,94" m="12591,5247" machi="83" ten="30,2000,0" yaku="8,1,52,1" doraHai="20" who="2" fromWho="1" sc="192,0,402,-23,171,23,235,0" owari="192,-31.0,379,48.0,194,-21.0,235,4.0" />
</Scene>
</mjloggm>