<mjloggm ver="2.3"><GO type="169" lobby="0"/><UN n0="%E4%B8%AD%E3%81%AE%E4%B8%8A" n1="%E5%A4%AA%E3%81%8F%E3%81%AA%E3%81%84%E3%81%8A" n2="%E3%81%A8%E3%81%86%E3%81%8D%E3%82%82%E3%82%93" n3="%E7%B4%94%EF%BC%93%E9%BE%8D%E9%96%80" dan="16,17,16,16" rate="2045.43,2234.97,2179.56,2133.72" sx="M,M,M,F"/><TAIKYOKU oya="0"/>

<Scene>
<INIT seed="0,0,0,5,2,124" ten="250,250,250,250" oya="0" hai0="51,53,98,118,85,46,5,24,90,71,66,11,59" hai1="27,111,88,60,8,132,131,41,81,117,19,6,37" hai2="42,79,127,54,96,39,15,120,56,16,113,64,12" hai3="101,57,43,70,104,133,121,99,26,112,83,95,65"/><T21/><D118/><U68/><E117/><V33/><F120/><W92/><G112/><T72/><D72/><U34/><E111/><V31/><F113/><W22/><G121/><T74/><D74/><U77/><E132/><V47/><F127/><W106/><G70/><T76/><D71/><U134/><E134/><V69/><F79/><W67/><G133/><T125/><D125/><U108/><E108/><V23/><F96/><W107/><G43/><T129/><D129/><U122/><E122/><V94/><F94/><W128/><G128/><T114/><D98/><U61/><E131/><V17/><F69/><W130/><G130/><T20/><D76/><U123/><E123/><V103/><F103/><W52/><G83/><T78/><D78/><U10/><E68/><V73/><F64/><W3/><G3/><T63/><D24/><U87/><E37/><V91/><F73/><W1/><G1/><T116/><D116/><U14/><E41/><V82/><F31/><W115/><G95/><N who="0" m="54735" /><D114/><U135/><E135/><V0/><F0/><W84/><G84/><T29/><D29/><U100/><E100/><V109/><F33/><W28/><REACH who="3" step="1"/><G115/><REACH who="3" ten="250,250,250,240" step="2"/><T25/><D25/><U32/><E77/><V36/><F109/><W4/><G4/><T9/><D5/><U80/><E80/><V126/><F126/><W55/><G55/><T97/><D97/><U110/><E110/><V86/><F36/><W2/><G2/><T44/><D44/><U18/><E6/><V13/><F54/><W45/><G45/><T102/><D102/><U7/><E7/><V49/><F47/><RYUUKYOKU ba="0,1" sc="250,15,250,-15,250,-15,240,15" hai0="9,11,20,21,46,51,53,59,63,66" hai3="22,26,28,52,57,65,67,92,99,101,104,106,107" />
</Scene>
<Scene>
<INIT seed="0,1,1,0,4,93" ten="265,235,235,255" oya="0" hai0="120,133,77,72,41,38,99,102,115,0,22,87,107" hai1="118,85,123,35,59,75,128,56,98,135,4,71,57" hai2="79,95,17,5,117,110,134,70,104,14,34,73,20" hai3="132,126,37,19,15,30,31,94,103,76,33,80,48"/><T97/><D0/><U28/><E75/><V32/><F104/><W82/><G37/><T96/><D120/><U40/><E118/><V130/><F70/><W25/><G132/><T84/><D38/><U3/><E123/><V58/><F117/><W125/><G31/><T50/><D115/><U39/><E71/><V65/><F134/><W119/><G119/><T106/><D133/><U51/><E135/><V11/><F110/><W112/><G112/><T36/><D36/><U45/><E128/><V12/><F130/><W86/><G82/><N who="0" m="45351" /><D22/><U67/><E85/><N who="0" m="32841" /><D50/><U69/><E4/><V49/><F95/><W62/><G62/><T105/><D41/><U18/><E3/><V127/><F127/><N who="3" m="48651" /><G48/><T131/><D131/><U9/><E28/><V101/><F101/><AGARI ba="1,1" hai="96,97,99,101,102,105,106,107" m="32841,45351" machi="101" ten="40,24000,3" yaku="35,5,52,3" doraHai="93" who="0" fromWho="2" sc="265,253,235,0,235,-243,255,0" owari="518,61.0,235,-16.0,-8,-51.0,255,6.0" />
</Scene>
</mjloggm>