<mjloggm ver="2.3"><GO type="169" lobby="0"/><UN n0="%70%63%63%61%62%63" n1="%E6%96%91%E7%9B%AE%56" n2="%E5%A4%AA%E3%81%8F%E3%81%AA%E3%81%84%E3%81%8A" n3="%E6%9D%BE%E5%B1%8B%E3%81%8A%E3%81%98%E3%81%95%E3%82%93" dan="17,16,17,16" rate="2134.44,2153.80,2259.91,2129.45" sx="M,M,M,M"/><TAIKYOKU oya="0"/>

<Scene>
<INIT seed="0,0,0,5,5,33" ten="250,250,250,250" oya="0" hai0="47,121,106,41,122,64,43,7,103,65,42,9,12" hai1="129,4,89,29,118,32,60,72,109,55,18,92,77" hai2="66,0,130,90,135,30,73,62,127,100,69,67,125" hai3="6,114,52,26,14,22,53,75,120,99,110,39,80"/><T23/><D47/><U19/><E129/><V101/><F73/><W123/><G114/><T113/><D113/><U34/><E109/><V46/><F130/><W119/><G119/><T83/><D83/><U111/><E111/><V27/><F135/><W5/><G39/><T54/><D54/><N who="3" m="21097" /><G14/><T8/><D23/><U87/><E4/><V133/><F133/><W112/><G112/><T59/><D59/><U95/><E77/><V82/><F67/><W132/><G132/><T48/><D48/><U68/><E72/><V93/><F82/><W51/><G51/><T105/><D103/><U78/><E78/><V63/><F63/><W20/><G20/><T81/><D81/><U104/><E104/><V15/><F15/><W74/><G99/><T37/><D37/><U13/><E118/><V1/><F46/><W10/><G110/><T57/><D57/><U35/><E29/><V21/><F101/><W71/><G71/><T40/><D40/><U25/><E25/><V126/><F100/><W88/><G10/><T131/><D131/><U76/><E76/><V44/><F44/><W107/><G107/><T96/><D96/><AGARI ba="0,0" hai="0,1,21,27,30,62,66,69,90,93,96,125,126,127" machi="96" ten="40,5200,0" yaku="18,1,52,2" doraHai="33" who="2" fromWho="0" sc="250,-52,250,0,250,52,250,0" />
</Scene>
<Scene>
<INIT seed="1,0,0,1,0,119" ten="198,250,302,250" oya="1" hai0="2,99,90,115,4,105,81,113,39,135,65,77,23" hai1="18,24,6,69,64,1,22,120,75,38,103,95,89" hai2="121,126,66,40,54,7,32,42,131,20,60,31,104" hai3="27,124,92,47,63,123,101,16,70,85,11,56,33"/><U49/><E120/><V58/><F104/><W71/><G123/><T94/><D39/><U14/><E103/><V97/><F121/><W132/><G124/><T78/><D65/><U3/><E38/><V107/><F7/><W45/><G132/><T117/><D2/><U98/><E75/><V0/><F0/><W125/><G125/><T83/><D4/><U17/><E49/><V62/><F20/><W118/><G118/><T48/><D117/><U68/><E6/><V96/><F96/><W43/><G33/><T9/><D9/><U21/><REACH who="1" step="1"/><E69/><REACH who="1" ten="198,240,302,250" step="2"/><N who="2" m="42183" /><F126/><W128/><G70/><T79/><D115/><U57/><E57/><V111/><F58/><W74/><G71/><T73/><D48/><U37/><E37/><V19/><F62/><AGARI ba="0,1" hai="1,3,14,17,18,21,22,24,62,64,68,89,95,98" machi="62" ten="40,2000,0" yaku="1,1,53,0" doraHai="119" doraHaiUra="114" who="1" fromWho="2" sc="198,0,240,30,302,-20,250,0" />
</Scene>
<Scene>
<INIT seed="1,1,0,0,1,5" ten="198,270,282,250" oya="1" hai0="73,50,29,98,89,110,135,125,108,74,103,67,18" hai1="49,6,21,112,3,123,109,17,56,42,66,13,130" hai2="8,107,34,10,117,31,92,22,20,96,70,61,83" hai3="106,132,43,134,2,62,14,95,133,120,76,19,72"/><U91/><E123/><V90/><F117/><W116/><G120/><T44/><D29/><U7/><E112/><V36/><F36/><W78/><G106/><T88/><D67/><U11/><E130/><V69/><F107/><W58/><G116/><T28/><D28/><U53/><E109/><N who="0" m="42089" /><D125/><U30/><E6/><V0/><F0/><W102/><G2/><T46/><D46/><U48/><E66/><V119/><F119/><W126/><G126/><T41/><D135/><U47/><E30/><V113/><F113/><W60/><G43/><T97/><D97/><U51/><REACH who="1" step="1"/><E91/><REACH who="1" ten="198,260,282,250" step="2"/><N who="0" m="34889" /><D18/><U39/><AGARI ba="1,1" hai="3,7,11,13,17,21,39,42,47,48,49,51,53,56" machi="39" ten="20,7800,0" yaku="1,1,0,1,7,1,52,1,53,0" doraHai="5" doraHaiUra="63" who="1" fromWho="1" sc="198,-27,260,91,282,-27,250,-27" />
</Scene>
<Scene>
<INIT seed="1,2,0,4,4,101" ten="171,351,255,223" oya="1" hai0="50,116,44,79,63,37,2,48,72,103,119,83,120" hai1="89,104,41,66,121,100,62,35,98,84,107,131,132" hai2="30,109,28,133,1,10,114,85,4,80,129,77,15" hai3="67,43,31,24,118,112,99,93,78,34,117,92,76"/><U82/><E121/><V68/><F68/><W56/><G43/><T124/><D120/><U88/><E35/><V19/><F109/><W54/><G67/><T113/><D113/><U32/><E32/><V7/><F114/><W115/><G115/><T71/><D124/><U9/><E132/><V73/><F133/><W90/><G112/><T123/><D123/><U23/><E41/><V125/><F125/><W13/><G13/><T14/><D37/><U59/><E131/><V11/><F129/><W70/><G70/><T69/><D2/><U64/><E64/><V29/><REACH who="2" step="1"/><F7/><REACH who="2" ten="171,351,245,223" step="2"/><W21/><G34/><T74/><D69/><U57/><E57/><V12/><F12/><W127/><G127/><T33/><D14/><U47/><E47/><V0/><F0/><W106/><G106/><T111/><D44/><U135/><E135/><V81/><F81/><W39/><G39/><T22/><D83/><U96/><E104/><V94/><F94/><W36/><G36/><T52/><D71/><U17/><E107/><V46/><F46/><W42/><G93/><T16/><D111/><U3/><E82/><V51/><F51/><W60/><REACH who="3" step="1"/><G42/><REACH who="3" ten="171,351,245,213" step="2"/><T45/><D50/><U75/><E3/><V25/><F25/><W130/><G130/><T87/><D48/><U61/><E61/><V40/><F40/><W110/><G110/><T58/><D63/><U65/><E62/><V8/><F8/><W26/><G26/><T134/><D134/><U95/><E95/><V102/><F102/><W49/><G49/><T55/><D103/><U105/><E105/><V18/><F18/><RYUUKYOKU ba="2,2" sc="171,-15,351,-15,245,15,213,15" hai2="1,4,10,11,15,19,28,29,30,73,77,80,85" hai3="21,24,31,54,56,60,76,78,90,92,99,117,118" />
</Scene>
<Scene>
<INIT seed="2,3,2,0,0,55" ten="156,336,260,228" oya="2" hai0="12,134,131,130,18,46,90,39,69,58,43,133,2" hai1="125,49,73,38,80,115,50,104,103,92,88,87,44" hai2="121,77,76,24,72,52,36,110,85,59,122,27,84" hai3="7,47,61,30,20,3,98,62,29,37,81,112,111"/><V106/><F106/><W48/><G37/><T63/><D2/><U60/><E60/><V91/><F36/><W51/><G111/><T70/><D90/><U117/><E125/><V79/><F72/><W109/><G109/><T118/><D118/><U83/><E115/><V66/><F110/><W0/><G51/><T23/><D23/><U135/><E135/><N who="0" m="51721" /><D12/><U114/><E117/><V97/><F66/><W132/><G112/><T113/><D113/><U16/><E80/><V35/><F35/><W13/><G0/><T57/><D18/><U11/><E38/><V56/><F97/><W28/><G3/><T123/><D123/><N who="2" m="47114" /><F52/><N who="3" m="29727" /><G132/><T67/><D58/><N who="2" m="22058" /><F91/><W14/><G98/><T64/><D64/><U9/><E114/><V21/><F21/><W10/><G81/><T96/><D96/><U31/><E104/><V119/><F119/><W1/><G1/><T107/><D107/><U65/><E83/><V116/><F116/><W45/><G45/><T32/><D32/><U17/><E44/><V89/><F89/><W100/><G100/><T41/><D41/><U71/><E103/><V42/><F42/><W126/><G20/><T68/><AGARI ba="3,2" hai="39,43,46,57,63,67,68,69,70,130,131" m="51721" machi="68" ten="40,8000,1" yaku="20,1,34,2,52,1" doraHai="55" who="0" fromWho="0" sc="156,109,336,-23,260,-43,228,-23" />
</Scene>
<Scene>
<INIT seed="3,0,0,3,4,12" ten="265,313,217,205" oya="3" hai0="24,126,11,127,68,13,65,41,59,28,61,22,4" hai1="78,72,17,90,50,110,43,122,95,42,66,125,60" hai2="39,44,84,25,98,107,129,57,30,115,8,134,40" hai3="21,10,2,113,7,45,99,81,19,36,87,133,55"/><W20/><G113/><T119/><D119/><U120/><E125/><N who="0" m="47625" /><D41/><U0/><E0/><V51/><F115/><W54/><G133/><T58/><AGARI ba="0,0" hai="4,11,13,22,24,28,58,59,61,65,68" m="47625" machi="58" ten="30,1100,0" yaku="18,1" doraHai="12" who="0" fromWho="0" sc="265,11,313,-3,217,-3,205,-5" />
</Scene>
<Scene>
<INIT seed="4,0,0,4,2,64" ten="276,310,214,200" oya="0" hai0="66,74,65,114,85,88,48,128,32,37,103,110,102" hai1="130,122,134,77,3,14,73,0,9,15,90,72,68" hai2="6,43,79,100,28,45,62,94,69,49,117,40,20" hai3="109,78,133,115,82,106,29,124,52,123,70,127,10"/><T87/><D114/><U101/><E101/><V95/><F117/><W11/><G106/><T4/><D74/><U47/><E77/><V126/><F126/><N who="3" m="48171" /><G109/><T44/><D37/><U54/><E47/><V24/><F6/><W36/><G36/><T113/><D113/><U98/><E9/><V56/><F69/><W25/><G115/><T16/><D32/><U7/><E98/><N who="2" m="59479" /><F79/><W22/><G133/><T50/><D110/><U34/><E54/><N who="2" m="29999" /><F95/><W12/><G123/><T120/><D120/><U61/><E7/><V107/><F107/><W57/><G12/><T51/><D128/><U129/><E34/><V132/><F132/><W84/><G70/><T97/><D4/><U76/><E68/><V5/><F5/><W118/><G118/><T55/><D102/><U125/><E134/><V58/><F58/><W60/><AGARI ba="0,0" hai="10,11,22,25,29,52,57,60,78,82,84" m="48171" machi="60" ten="30,2000,0" yaku="18,1,54,1" doraHai="64" who="3" fromWho="3" sc="276,-10,310,-5,214,-5,200,20" />
</Scene>
<Scene>
<INIT seed="5,0,0,1,1,61" ten="266,305,209,220" oya="1" hai0="60,73,53,66,131,25,50,11,70,9,16,64,8" hai1="118,75,77,72,65,34,12,35,126,26,1,129,36" hai2="130,90,89,57,55,88,121,10,31,79,68,102,71" hai3="46,59,122,94,2,106,98,30,7,69,21,97,101"/><U81/><E1/><V49/><F121/><W44/><G69/><T58/><D73/><U117/><E36/><V20/><F130/><W37/><G122/><T104/><D104/><U119/><E72/><V107/><F79/><W124/><G37/><T39/><D131/><U48/><E129/><V78/><F78/><W93/><G106/><T18/><D39/><U113/><E12/><V84/><F84/><W24/><G124/><T5/><D5/><U67/><E126/><V29/><F10/><W92/><G92/><T15/><D70/><U6/><E6/><V4/><F4/><W13/><G2/><T76/><D76/><U86/><E113/><V111/><F111/><W135/><G135/><T14/><D25/><U87/><E87/><V128/><F128/><W41/><G41/><T32/><D32/><U100/><E75/><V28/><REACH who="2" step="1"/><F20/><REACH who="2" ten="266,305,199,220" step="2"/><W40/><G7/><T127/><D127/><U56/><E34/><V105/><F105/><W103/><G40/><T114/><D11/><U110/><E110/><V96/><AGARI ba="0,1" hai="28,29,31,49,55,57,68,71,88,89,90,96,102,107" machi="96" ten="40,5200,0" yaku="1,1,0,1,54,1,53,0" doraHai="61" doraHaiUra="38" who="2" fromWho="2" sc="266,-13,305,-26,199,62,220,-13" />
</Scene>
<Scene>
<INIT seed="6,0,0,4,2,4" ten="253,279,261,207" oya="2" hai0="63,61,78,39,20,67,7,130,33,117,76,126,26" hai1="97,120,118,90,111,133,0,51,127,115,93,35,121" hai2="19,45,10,69,77,29,80,15,81,96,109,21,99" hai3="23,50,79,73,55,32,70,59,27,49,113,104,71"/><V6/><F69/><W106/><G32/><T132/><D39/><U25/><E0/><V46/><F109/><W128/><G128/><T38/><D38/><U58/><E111/><V48/><F29/><W37/><G37/><T85/><D130/><U44/><E118/><V64/><F64/><W129/><G129/><T89/><D33/><U47/><E58/><V131/><F131/><W134/><G134/><T42/><D132/><U101/><E133/><V3/><F46/><W72/><G113/><T102/><D42/><U66/><E66/><V17/><F17/><W40/><G71/><T9/><D126/><U12/><E12/><V16/><F19/><W83/><G72/><T114/><D102/><U122/><E115/><V36/><F36/><W135/><G70/><T14/><D114/><U31/><E127/><V22/><F22/><W62/><G135/><T105/><D105/><U86/><REACH who="1" step="1"/><E51/><REACH who="1" ten="253,269,261,207" step="2"/><V57/><F57/><W5/><G49/><T91/><D117/><U123/><N who="1" m="30720" /><DORA hai="54" /><U56/><E56/><V95/><F48/><W41/><G5/><T1/><D1/><U107/><AGARI ba="0,1" hai="25,31,35,44,47,86,90,93,97,101,107" m="30720" machi="107" ten="60,12000,2" yaku="1,1,0,1,13,1,53,4" doraHai="4,54" doraHaiUra="119,18" who="1" fromWho="1" sc="253,-30,269,130,261,-60,207,-30" />
</Scene>
<Scene>
<INIT seed="7,0,0,3,0,89" ten="223,399,201,177" oya="3" hai0="28,0,69,60,15,117,115,48,107,46,110,62,6" hai1="134,44,83,97,73,72,87,92,133,123,70,40,35" hai2="119,102,99,18,57,31,45,51,81,88,68,76,100" hai3="47,96,59,17,103,39,112,30,24,32,14,1,9"/><W23/><G112/><T113/><D0/><U37/><E70/><V8/><F68/><W7/><G59/><T33/><D107/><U52/><E52/><N who="2" m="29807" /><F119/><W129/><G129/><T58/><D110/><U27/><E27/><V21/><F31/><W19/><G19/><T66/><D117/><U80/><E80/><V34/><F34/><W10/><G10/><N who="0" m="4567" /><D28/><U5/><E5/><V101/><F8/><W84/><G84/><T135/><D135/><N who="1" m="51723" /><E123/><V54/><F76/><W61/><G61/><T122/><D33/><U42/><E35/><V78/><F78/><W82/><G82/><T86/><D86/><U90/><E40/><V121/><F121/><W50/><G39/><T105/><D105/><U98/><E98/><V118/><F118/><W108/><G108/><T38/><D38/><U77/><AGARI ba="0,0" hai="37,42,44,72,73,77,83,87,90,92,97" m="51723" machi="77" ten="30,2000,0" yaku="20,1,52,1" doraHai="89" who="1" fromWho="1" sc="223,-5,399,20,201,-5,177,-10" owari="218,2.0,419,51.0,196,-20.0,167,-33.0" />
</Scene>
</mjloggm>