<mjloggm ver="2.3"><GO type="169" lobby="0"/><UN n0="%66%75%6A%69%32%32%39" n1="%E3%81%8B%E3%82%8B%E3%81%8B%E3%82%8B%E3%81%8B%E3%82%8B%E3%81%BF%E3%82%93" n2="%E5%A4%AA%E3%81%8F%E3%81%AA%E3%81%84%E3%81%8A" n3="%E3%83%A1%E3%82%AB%E3%82%BC%E3%83%83%E3%83%88%E3%83%B3" dan="16,16,18,18" rate="2093.06,2088.24,2268.20,2230.23" sx="M,M,M,M"/><TAIKYOKU oya="0"/>

<Scene>
<INIT seed="0,0,0,1,0,105" ten="250,250,250,250" oya="0" hai0="27,16,68,67,44,82,40,74,103,94,37,2,131" hai1="30,15,109,77,14,98,53,35,7,102,31,115,20" hai2="21,23,26,24,13,56,120,51,85,117,112,3,58" hai3="4,66,76,130,64,97,121,5,39,128,18,59,125"/><T122/><D122/><U55/><E35/><V41/><F3/><W36/><G121/><T116/><D116/><U104/><E109/><V47/><F120/><W10/><G76/><N who="0" m="44311" /><D67/><U57/><E115/><V8/><F112/><W46/><G97/><N who="0" m="59831" /><D27/><U81/><E55/><V80/><F117/><W54/><G46/><T32/><D32/><U95/><E104/><V127/><F24/><W33/><G33/><T50/><D68/><U90/><E102/><V123/><F127/><W134/><G125/><T79/><D50/><U119/><E119/><V19/><F23/><W88/><G10/><T113/><D16/><N who="1" m="10271" /><E81/><V75/><F75/><W87/><G66/><T45/><D45/><U72/><E72/><V111/><F111/><W133/><G64/><T22/><D22/><U28/><E77/><V132/><F123/><W93/><G36/><T91/><D79/><U106/><E14/><V83/><F83/><W71/><G39/><T86/><D131/><N who="3" m="50217" /><G18/><T92/><D113/><U1/><E1/><V0/><F0/><W114/><G71/><T124/><D2/><U42/><E42/><V84/><F13/><W107/><G114/><T29/><D29/><U63/><E106/><V65/><F65/><W6/><G107/><T60/><D124/><U38/><E38/><V96/><F8/><W12/><G12/><T34/><D34/><U52/><E53/><V9/><F9/><W89/><G89/><T110/><D110/><U100/><E90/><V62/><F41/><W101/><G101/><T49/><D37/><U43/><E43/><V61/><F26/><W17/><G17/><RYUUKYOKU ba="0,0" sc="250,10,250,10,250,-30,250,10" hai0="40,44,49,60,86,91,92" hai1="7,28,30,31,52,57,63,95,98,100" hai3="4,5,6,54,59,87,88,93,133,134" />
</Scene>
<Scene>
<INIT seed="0,1,0,1,0,113" ten="260,260,220,260" oya="0" hai0="21,132,117,13,40,122,89,0,87,41,110,45,42" hai1="67,8,20,50,118,70,9,76,100,4,120,1,49" hai2="98,107,133,129,58,39,86,92,55,79,103,111,115" hai3="93,26,95,81,28,116,2,123,12,24,135,52,32"/><T31/><D0/><U65/><E120/><V33/><F115/><W10/><G2/><T6/><D122/><U94/><E76/><V44/><F33/><W69/><G69/><T85/><D117/><U51/><E9/><V56/><F111/><W78/><G123/><T61/><D132/><U88/><E100/><V112/><F112/><W91/><G116/><T130/><D130/><U102/><E102/><V54/><F129/><W27/><G135/><T35/><D35/><U105/><E105/><V64/><F133/><W125/><G125/><T101/><D101/><U34/><E34/><V18/><F64/><W119/><G119/><T47/><D110/><U106/><E106/><V121/><F121/><W97/><G93/><T83/><D61/><U68/><E118/><V71/><F71/><W104/><G52/><N who="2" m="20009" /><F39/><W3/><G3/><T131/><D131/><U16/><E68/><V30/><F30/><W134/><G104/><T77/><D31/><U17/><E70/><V109/><F109/><W38/><G38/><T90/><D77/><U75/><E75/><V124/><F44/><W11/><G11/><N who="0" m="4343" /><D21/><U74/><E74/><V48/><F124/><W60/><G60/><T73/><D73/><U72/><E72/><V127/><F127/><W25/><G134/><T19/><D19/><N who="1" m="7243" /><E20/><V108/><F108/><W99/><G78/><T128/><D128/><U63/><E63/><V66/><F107/><W7/><G81/><AGARI ba="1,0" hai="40,41,42,45,47,81,83,85,87,89,90" m="4343" machi="81" ten="30,1500,0" yaku="8,1" doraHai="113" who="0" fromWho="3" sc="260,18,260,0,220,0,260,-18" />
</Scene>
<Scene>
<INIT seed="0,2,0,3,3,47" ten="278,260,220,242" oya="0" hai0="117,134,44,121,29,31,16,81,1,22,125,94,88" hai1="113,96,10,18,35,133,38,67,109,74,93,127,0" hai2="87,19,11,26,89,110,62,95,60,108,115,66,51" hai3="68,64,130,54,30,135,25,4,118,7,76,13,97"/><T52/><D117/><U37/><E74/><V33/><F115/><W63/><G118/><T50/><D121/><U28/><E67/><V112/><F112/><W80/><G135/><T126/><D1/><U78/><E78/><V104/><F104/><W114/><G130/><T122/><D122/><U46/><E109/><N who="2" m="42091" /><F66/><W129/><G129/><T91/><D81/><U90/><E113/><V70/><F70/><W5/><G114/><T27/><D134/><U82/><E82/><V75/><F75/><W14/><G97/><T3/><D3/><U57/><E133/><V124/><F124/><N who="0" m="47722" /><D91/><U21/><E127/><V71/><F71/><W85/><REACH who="3" step="1"/><G54/><REACH who="3" ten="278,260,220,232" step="2"/><T92/><D94/><U36/><E93/><V43/><F95/><W61/><G61/><T55/><D55/><U99/><E99/><AGARI ba="2,1" hai="16,22,27,29,31,44,50,52,88,92,99" m="47722" machi="99" ten="30,12000,1" yaku="18,1,52,1,54,3" doraHai="47" who="0" fromWho="1" sc="278,136,260,-126,220,0,232,0" />
</Scene>
<Scene>
<INIT seed="0,3,0,1,4,108" ten="414,134,220,232" oya="0" hai0="67,65,62,85,22,92,109,27,54,35,123,5,13" hai1="4,63,61,79,33,59,91,101,52,84,134,80,29" hai2="112,55,74,117,86,39,48,78,26,23,75,95,81" hai3="34,10,122,2,32,64,60,21,53,41,115,94,130"/><T71/><D123/><U18/><E134/><V87/><F39/><W104/><G104/><T97/><D109/><U90/><E4/><V116/><F112/><W51/><G122/><T129/><D67/><U105/><E105/><V57/><F87/><W113/><G41/><T40/><D40/><U103/><E18/><N who="2" m="12663" /><F95/><W98/><G21/><T16/><D129/><U111/><E111/><V133/><F133/><W99/><G130/><T82/><D54/><U88/><REACH who="1" step="1"/><E63/><REACH who="1" ten="414,124,220,232" step="2"/><V19/><F19/><W128/><G128/><T124/><D5/><U30/><E30/><V120/><F120/><W7/><G34/><T135/><D135/><U20/><E20/><V89/><F117/><W12/><G32/><T96/><D124/><U43/><E43/><V15/><F116/><W49/><G2/><T119/><D119/><U42/><E42/><V127/><F127/><W73/><G7/><T69/><D35/><U100/><E100/><V77/><F48/><W11/><G51/><T28/><D28/><U76/><E76/><V14/><F78/><W93/><G49/><T110/><D110/><U9/><E9/><V25/><F77/><W83/><G60/><T131/><D131/><U8/><E8/><V0/><F0/><W58/><G10/><T17/><D17/><U31/><E31/><V47/><F89/><W3/><G3/><T107/><D107/><U6/><E6/><V132/><F132/><W46/><G11/><T68/><D13/><U106/><E106/><V56/><F14/><W66/><G12/><T37/><D62/><U70/><E70/><V1/><F1/><RYUUKYOKU ba="3,1" sc="414,-10,124,30,220,-10,232,-10" hai1="29,33,52,59,61,79,80,84,88,90,91,101,103" />
</Scene>
<Scene>
<INIT seed="1,4,1,2,1,51" ten="404,154,210,222" oya="1" hai0="11,84,95,132,73,32,116,52,81,102,129,121,16" hai1="134,61,65,117,93,24,69,9,122,36,80,0,101" hai2="42,103,127,78,47,76,27,88,113,72,18,124,92" hai3="25,112,37,91,126,68,71,59,74,39,2,79,115"/><U135/><E117/><V106/><F113/><W14/><G59/><T109/><D32/><U22/><E122/><V40/><F103/><W133/><G14/><N who="0" m="7263" /><D73/><U50/><E36/><V94/><F106/><W98/><G91/><T108/><D116/><U55/><E80/><V110/><F110/><W6/><G98/><N who="0" m="59743" /><D129/><U82/><E82/><V63/><F63/><W85/><G74/><T123/><D132/><N who="1" m="50731" /><E9/><V64/><F64/><W28/><G133/><T29/><D29/><N who="1" m="17559" /><E0/><V23/><F92/><W19/><G2/><T57/><D81/><U130/><E130/><V44/><F72/><W58/><G115/><T46/><D84/><U54/><E50/><V104/><F104/><W77/><G39/><T67/><D67/><U43/><E43/><N who="2" m="16427" /><F127/><W38/><G37/><T21/><D21/><U53/><E93/><V7/><F124/><W33/><G38/><T128/><D128/><U1/><E1/><V62/><F62/><W107/><G126/><T48/><D57/><U97/><E101/><V86/><F7/><W75/><G6/><T15/><D15/><U35/><E35/><V49/><F47/><W26/><G33/><T125/><D125/><U17/><E17/><V45/><F44/><W13/><G19/><T111/><AGARI ba="4,1" hai="46,48,52,108,109,111,121,123" m="59743,7263" machi="111" ten="40,8000,1" yaku="14,1,52,1,54,2" doraHai="51" who="0" fromWho="0" sc="404,102,154,-44,210,-24,222,-24" />
</Scene>
<Scene>
<INIT seed="2,0,0,3,4,28" ten="506,110,186,198" oya="2" hai0="94,48,7,59,60,26,89,111,112,114,103,11,58" hai1="46,107,102,18,9,27,99,109,4,67,116,20,110" hai2="63,85,25,52,14,51,81,78,128,40,57,19,62" hai3="126,79,54,44,106,120,100,56,34,84,82,64,5"/><V21/><F128/><W75/><G120/><T95/><D111/><U70/><E116/><V39/><F39/><W33/><G64/><T121/><D121/><U69/><E46/><V23/><REACH who="2" step="1"/><F40/><REACH who="2" ten="506,110,176,198" step="2"/><W90/><G126/><T3/><D114/><U124/><E124/><V135/><F135/><W24/><G5/><T22/><D112/><U98/><E69/><V134/><F134/><W43/><G24/><T76/><D26/><U86/><E27/><V38/><F38/><W72/><G43/><T127/><D127/><U1/><E70/><V2/><F2/><W30/><G44/><T115/><D3/><U73/><E4/><V83/><F83/><W96/><G30/><AGARI ba="0,1" hai="14,19,21,23,25,30,51,52,57,62,63,78,81,85" machi="30" ten="30,11600,0" yaku="1,1,7,1,8,1,54,1,53,0" doraHai="28" doraHaiUra="61" who="2" fromWho="3" sc="506,0,110,0,176,126,198,-116" />
</Scene>
<Scene>
<INIT seed="2,1,0,0,4,68" ten="506,110,302,82" oya="2" hai0="40,2,30,23,45,19,46,27,50,58,130,89,91" hai1="75,37,7,20,133,0,96,16,21,110,92,11,73" hai2="107,24,132,28,98,100,69,127,135,131,87,82,70" hai3="85,99,65,134,60,115,47,17,120,9,122,129,62"/><V61/><F127/><W114/><G85/><T88/><D2/><U79/><E110/><V86/><F131/><W117/><G99/><T29/><D130/><U76/><E133/><N who="2" m="51275" /><F61/><N who="3" m="23659" /><G17/><T38/><REACH who="0" step="1"/><D58/><REACH who="0" ten="496,110,302,82" step="2"/><U97/><E0/><V44/><F44/><W125/><G47/><T5/><D5/><U1/><E1/><V93/><F107/><W74/><G129/><T116/><D116/><U124/><E7/><V36/><F70/><W42/><G134/><T84/><D84/><U18/><E124/><V55/><F69/><W109/><G125/><T10/><D10/><U56/><E11/><V101/><F87/><W102/><G9/><T39/><D39/><U31/><E56/><V103/><F36/><W43/><G117/><T112/><D112/><U51/><E37/><V104/><F104/><W123/><G74/><T8/><D8/><U6/><E6/><V126/><F126/><W118/><G118/><T64/><D64/><U111/><E111/><V113/><F113/><N who="3" m="43019" /><G109/><T119/><D119/><U52/><E75/><V3/><F3/><W63/><G102/><T83/><D83/><U81/><E81/><V12/><F82/><W49/><G49/><T105/><D105/><U72/><E51/><V66/><F86/><W34/><G34/><T71/><D71/><AGARI ba="1,1" hai="42,43,63,65,71,120,122,123" m="43019,23659" machi="71" ten="40,5200,0" yaku="11,1,34,2" doraHai="68" who="3" fromWho="0" sc="496,-55,110,0,302,0,82,65" />
</Scene>
<Scene>
<INIT seed="3,0,0,1,5,56" ten="441,110,302,147" oya="3" hai0="27,106,103,129,99,66,43,117,10,48,120,2,58" hai1="87,9,44,16,55,4,13,11,62,100,135,54,92" hai2="32,74,81,1,98,84,17,86,76,35,14,63,78" hai3="67,109,49,20,134,68,97,82,0,6,124,45,21"/><W5/><G134/><T65/><D117/><U121/><E121/><V88/><F1/><W85/><G124/><T116/><D116/><U90/><E135/><V77/><F74/><W46/><G97/><T114/><D120/><U95/><E44/><V59/><F98/><W33/><G33/><T111/><D111/><U31/><E31/><V131/><F131/><W72/><G72/><T50/><D43/><U40/><E40/><V25/><F25/><W24/><G109/><T126/><D27/><U52/><E100/><V8/><REACH who="2" step="1"/><F86/><REACH who="2" ten="441,110,292,147" step="2"/><W110/><G110/><T75/><D75/><U94/><REACH who="1" step="1"/><E62/><REACH who="1" ten="441,100,292,147" step="2"/><V71/><F71/><W29/><G68/><T47/><D129/><U83/><E83/><V96/><F96/><W122/><G82/><T104/><D99/><U93/><E93/><V57/><F57/><W112/><G122/><T64/><D58/><U105/><E105/><V39/><F39/><W30/><G45/><T80/><D106/><U3/><AGARI ba="0,2" hai="3,4,9,11,13,16,52,54,55,87,90,92,94,95" machi="3" ten="30,7900,0" yaku="1,1,0,1,54,2,53,0" doraHai="56" doraHaiUra="127" who="1" fromWho="1" sc="441,-20,100,99,292,-20,147,-39" />
</Scene>
<Scene>
<INIT seed="4,0,0,0,1,113" ten="421,199,272,108" oya="0" hai0="36,134,20,48,107,44,17,108,11,88,10,49,51" hai1="103,94,114,80,38,112,62,65,27,37,99,1,97" hai2="76,31,43,30,41,42,25,79,83,2,72,106,9" hai3="124,69,56,115,90,47,52,35,23,116,131,91,59"/><T5/><D107/><U68/><E1/><V18/><F106/><W4/><G115/><N who="1" m="44074" /><E80/><V98/><F76/><W78/><G35/><T63/><D134/><U54/><E54/><V122/><F122/><W66/><G69/><T125/><D125/><U71/><E71/><V127/><F98/><W21/><G116/><T70/><D36/><N who="1" m="13931" /><E99/><V95/><F95/><W102/><G102/><T133/><D133/><U126/><E27/><V75/><F75/><W87/><G124/><AGARI ba="0,0" hai="62,65,68,94,97,103,124,126" m="13931,44074" machi="124" ten="40,2600,0" yaku="15,1,11,1" doraHai="113" who="1" fromWho="3" sc="421,0,199,26,272,0,108,-26" />
</Scene>
<Scene>
<INIT seed="5,0,0,1,2,42" ten="421,225,272,82" oya="1" hai0="58,118,115,52,54,1,125,4,97,83,21,80,87" hai1="66,72,26,93,56,104,31,91,130,92,99,14,3" hai2="17,10,20,39,47,45,121,8,100,129,119,2,50" hai3="107,32,5,84,71,69,73,108,62,37,38,127,29"/><U101/><E3/><V116/><F121/><W134/><G73/><T18/><D118/><U43/><E72/><V79/><F79/><W131/><G107/><T44/><D115/><U0/><E0/><V96/><F129/><W74/><G131/><T64/><D1/><U124/><E130/><V57/><F57/><W133/><G74/><T60/><D4/><U41/><E104/><V88/><F39/><W110/><G5/><T27/><D125/><U113/><E113/><V22/><F2/><W23/><G84/><T105/><D105/><U13/><E124/><V70/><F70/><N who="3" m="26635" /><G23/><T25/><D97/><U12/><E66/><V106/><F22/><W24/><G127/><T128/><D128/><U109/><E56/><V75/><F75/><W19/><G19/><T86/><D27/><U30/><E109/><N who="3" m="42090" /><G62/><T65/><D65/><U11/><E11/><V82/><F10/><W36/><AGARI ba="0,0" hai="24,29,32,36,37,38,133,134" m="42090,26635" machi="36" ten="40,1500,0" yaku="23,1" doraHai="42" who="3" fromWho="3" sc="421,-4,225,-7,272,-4,82,15" />
</Scene>
<Scene>
<INIT seed="6,0,0,4,2,83" ten="417,218,268,97" oya="2" hai0="106,73,38,44,135,76,117,26,2,115,124,4,48" hai1="17,132,99,101,33,114,84,39,49,78,12,54,1" hai2="93,88,113,100,3,35,105,40,65,94,87,51,20" hai3="0,118,60,102,24,28,119,127,31,27,123,98,133"/><V19/><F35/><W59/><G123/><T120/><RYUUKYOKU type="yao9" ba="0,0" sc="417,0,218,0,268,0,97,0" hai0="2,4,26,38,44,48,73,76,106,115,117,120,124,135" />
</Scene>
<Scene>
<INIT seed="6,1,0,2,3,43" ten="417,218,268,97" oya="2" hai0="117,90,40,124,54,97,78,36,39,87,22,126,85" hai1="60,95,12,101,109,64,121,73,33,120,51,19,76" hai2="29,89,77,9,37,131,128,102,3,28,44,107,17" hai3="135,75,25,127,59,86,80,14,66,99,116,98,96"/><V74/><F89/><W67/><G75/><T88/><D78/><U24/><E109/><V48/><F37/><W49/><G116/><T11/><D117/><U105/><E95/><V61/><F61/><W4/><G127/><N who="0" m="48683" /><D11/><U134/><E134/><V55/><F102/><W31/><G135/><T1/><D1/><U123/><E24/><V65/><F65/><W21/><G4/><T32/><D32/><U114/><E33/><V83/><F107/><W35/><G35/><T53/><D97/><N who="1" m="61615" /><E114/><V0/><F0/><W103/><G14/><T30/><D85/><U6/><E6/><N who="2" m="1247" /><F17/><W122/><G103/><T70/><D70/><N who="1" m="42247" /><E51/><V2/><F2/><W68/><G68/><T50/><D90/><U42/><E42/><V26/><F26/><W72/><G72/><T110/><D40/><U93/><E93/><V20/><F20/><W92/><G92/><N who="0" m="54303" /><D54/><U113/><E113/><V10/><F10/><W84/><G84/><T130/><D110/><U81/><E12/><V82/><F82/><W111/><G111/><T71/><D71/><U106/><E106/><V132/><F132/><W57/><G122/><T91/><D91/><U63/><E63/><V46/><F131/><W104/><G104/><T115/><D130/><U45/><E19/><V18/><F18/><W129/><G129/><T56/><D115/><U62/><E62/><V133/><F133/><W108/><G108/><T52/><D53/><U16/><E16/><V58/><F128/><W119/><G119/><T38/><D22/><U15/><E15/><V34/><F34/><W47/><G21/><T23/><D23/><RYUUKYOKU ba="1,0" sc="417,10,218,10,268,10,97,-30" hai0="30,36,38,39,50,52,56" hai1="45,73,76,81,120,121,123" hai2="28,29,44,46,48,55,58,74,77,83" />
</Scene>
<Scene>
<INIT seed="6,2,0,5,5,102" ten="427,228,278,67" oya="2" hai0="119,121,133,73,85,115,30,8,45,103,109,61,82" hai1="72,9,41,125,18,76,91,117,105,39,12,110,10" hai2="93,66,118,15,22,86,70,74,56,59,17,11,37" hai3="5,90,97,13,122,101,99,131,62,126,53,123,36"/><V134/><F74/><W33/><G36/><T111/><D73/><U79/><E110/><V88/><F118/><W52/><G33/><T87/><D121/><U20/><E117/><V92/><F37/><W26/><G131/><T67/><D119/><U58/><E125/><V94/><F134/><W38/><G38/><T95/><D133/><U83/><E76/><V49/><F70/><W54/><G126/><T19/><D30/><U98/><E58/><V48/><F11/><W114/><G114/><T71/><D115/><U64/><E64/><V28/><F28/><W50/><G62/><T51/><D87/><U104/><E91/><V135/><F135/><W46/><G26/><T6/><D95/><N who="2" m="36426" /><F56/><W25/><G25/><T78/><D103/><U31/><E98/><V23/><F23/><W14/><G90/><T128/><D19/><U44/><REACH who="1" step="1"/><E31/><REACH who="1" ten="427,218,278,67" step="2"/><V68/><F68/><W100/><G123/><T27/><D128/><U108/><E108/><V132/><F132/><W81/><G122/><T112/><D112/><U57/><E57/><V124/><F124/><W47/><G81/><T120/><D120/><U42/><E42/><V60/><AGARI ba="2,1" hai="15,17,22,48,49,59,60,66,86,88,94" m="36426" machi="60" ten="30,3000,0" yaku="8,1,54,1" doraHai="102" who="2" fromWho="2" sc="427,-12,218,-12,278,46,67,-12" />
</Scene>
<Scene>
<INIT seed="6,3,0,3,0,15" ten="415,206,324,55" oya="2" hai0="4,1,71,64,62,129,22,87,51,19,20,107,127" hai1="69,16,45,29,109,48,39,110,83,135,5,30,67" hai2="106,33,84,8,40,108,42,72,0,47,120,55,14" hai3="123,77,130,80,52,121,58,49,131,32,81,105,60"/><V18/><F72/><W134/><G105/><T122/><D122/><U112/><E39/><V41/><F120/><W90/><G32/><T103/><D127/><U98/><E5/><V9/><F106/><W63/><G121/><T95/><D107/><U92/><E69/><V73/><F73/><W68/><G123/><T35/><D35/><U25/><E67/><V79/><F33/><W116/><G116/><T118/><D129/><N who="3" m="49161" /><G134/><T3/><D22/><N who="1" m="13511" /><E110/><V91/><F108/><W126/><G126/><T97/><D4/><U56/><E109/><V115/><F115/><W24/><G24/><T85/><D51/><U78/><E112/><V128/><F79/><W89/><G80/><T54/><D54/><N who="1" m="31815" /><E45/><V133/><F133/><W36/><G36/><T125/><D125/><U111/><E135/><V13/><F0/><W26/><G26/><T74/><D74/><U75/><E75/><V117/><F117/><W46/><G68/><T31/><D118/><U101/><E111/><V11/><F128/><W61/><G46/><T96/><D1/><U66/><E66/><V113/><F113/><W10/><G10/><T37/><D3/><U27/><E27/><V59/><F47/><W102/><G102/><T70/><D37/><U2/><E2/><V132/><F132/><W17/><G17/><T88/><D71/><U7/><E7/><V93/><REACH who="2" step="1"/><F13/><REACH who="2" ten="415,206,314,55" step="2"/><W94/><G94/><N who="0" m="56391" /><D31/><U12/><E12/><V50/><AGARI ba="3,1" hai="8,9,11,14,18,40,41,42,50,55,59,84,91,93" machi="50" ten="30,12000,1" yaku="1,1,0,1,8,1,52,1,53,1" doraHai="15" doraHaiUra="44" who="2" fromWho="2" sc="415,-43,206,-43,314,139,55,-43" />
</Scene>
<Scene>
<INIT seed="6,4,0,5,5,19" ten="372,163,453,12" oya="2" hai0="29,14,76,3,48,28,8,13,73,114,4,36,132" hai1="128,58,129,37,56,21,44,93,18,26,109,9,125" hai2="106,85,74,6,100,49,16,91,32,101,7,12,47" hai3="96,75,62,46,40,92,0,61,80,15,52,45,22"/><V119/><F74/><W72/><G0/><T53/><D36/><U41/><E109/><V131/><F32/><W25/><G15/><T69/><D69/><U121/><E121/><V86/><F131/><N who="1" m="50249" /><E125/><V33/><F33/><W103/><G80/><T59/><D114/><U130/><E130/><V10/><F86/><W60/><G45/><T116/><D132/><U123/><E123/><V70/><F70/><W5/><G5/><N who="2" m="1545" /><F106/><W117/><G117/><T105/><D105/><U43/><E43/><N who="2" m="24831" /><F119/><W66/><G66/><T90/><D116/><U107/><E107/><V63/><F63/><W65/><G65/><T55/><D73/><U1/><E1/><V77/><F77/><W124/><G124/><T79/><D3/><U110/><E110/><V81/><AGARI ba="4,0" hai="10,12,16,81,85,91,100,101" m="24831,1545" machi="81" ten="30,3000,0" yaku="8,1,54,1" doraHai="19" who="2" fromWho="2" sc="372,-14,163,-14,453,42,12,-14" owari="358,16.0,149,-25.0,495,59.0,-2,-50.0" />
</Scene>
</mjloggm>