<mjloggm ver="2.3"><GO type="169" lobby="0"/><UN n0="%E3%81%86%E3%81%9F%E3%81%B2%E3%82%81" n1="%E7%B7%92%E6%96%B9%E6%99%BA%E7%B5%B5%E9%87%8C%2B" n2="%E5%A4%AA%E3%81%8F%E3%81%AA%E3%81%84%E3%81%8A" n3="%6D%61%63%6A%72" dan="16,18,19,18" rate="2038.18,2219.94,2306.51,2194.78" sx="M,M,F,M"/><TAIKYOKU oya="0"/>

<Scene>
<INIT seed="0,0,0,5,0,94" ten="250,250,250,250" oya="0" hai0="67,22,21,84,10,129,56,6,60,101,36,133,72" hai1="3,23,71,74,40,115,61,87,48,123,132,18,49" hai2="53,17,76,111,7,110,29,128,100,97,102,8,20" hai3="38,34,2,112,124,65,25,69,0,55,135,122,42"/><T85/><D72/><U82/><E123/><V90/><F128/><W107/><RYUUKYOKU type="yao9" ba="0,0" sc="250,0,250,0,250,0,250,0" hai3="0,2,25,34,38,42,55,65,69,107,112,122,124,135" />
</Scene>
<Scene>
<INIT seed="0,1,0,2,1,110" ten="250,250,250,250" oya="0" hai0="30,79,13,63,32,7,47,75,17,62,89,109,84" hai1="131,46,107,76,77,25,41,82,113,98,24,125,120" hai2="33,73,34,105,114,119,5,9,104,4,31,68,21" hai3="80,134,15,129,49,116,88,55,97,58,12,23,26"/><T106/><D106/><U112/><E120/><V118/><F73/><W8/><G129/><T121/><D121/><U20/><E131/><V124/><F68/><W36/><G134/><T95/><D7/><U132/><E132/><V29/><F21/><W128/><G128/><T83/><D109/><U59/><E125/><V99/><F99/><W14/><G36/><T87/><D75/><U78/><E82/><V64/><F64/><W72/><G116/><T18/><D18/><U103/><E59/><V35/><F124/><W40/><G40/><T65/><D47/><U44/><E44/><V60/><F60/><W111/><G111/><T39/><D39/><U52/><E52/><V38/><F38/><W48/><G72/><T127/><D127/><U67/><E67/><V94/><F94/><N who="3" m="56519" /><G80/><T101/><D101/><U11/><E11/><V71/><F71/><W42/><G42/><T61/><D30/><N who="2" m="11274" /><F9/><W74/><G74/><T0/><D0/><U90/><E90/><V45/><F45/><W37/><G37/><T117/><D32/><U96/><E96/><V50/><F50/><N who="3" m="31095" /><G8/><N who="0" m="6311" /><D117/><N who="2" m="44554" /><F114/><N who="1" m="44137" /><E20/><V85/><F85/><W2/><G2/><T81/><D81/><U66/><E66/><AGARI ba="1,0" hai="61,62,63,65,66,79,83,84,87,89,95" m="6311" machi="66" ten="30,1500,0" yaku="8,1" doraHai="110" who="0" fromWho="1" sc="250,18,250,-18,250,0,250,0" />
</Scene>
<Scene>
<INIT seed="0,2,0,4,0,73" ten="268,232,250,250" oya="0" hai0="36,37,126,110,42,79,58,80,48,31,5,24,127" hai1="39,0,11,89,135,81,16,23,115,103,132,30,99" hai2="95,116,32,1,125,35,114,104,109,112,46,40,47" hai3="62,101,69,72,64,113,107,124,3,12,20,18,118"/><T97/><D5/><U130/><E130/><V59/><F104/><W68/><G113/><T14/><D14/><U34/><E115/><V22/><F1/><W61/><G118/><T102/><D110/><U96/><E39/><V13/><F109/><W75/><G3/><T129/><D129/><U19/><E34/><V52/><F116/><W67/><REACH who="3" step="1"/><G124/><REACH who="3" ten="268,232,250,240" step="2"/><T106/><D127/><U28/><E0/><V10/><F125/><W71/><G71/><T15/><D126/><U105/><E135/><V66/><F114/><W94/><G94/><T91/><D106/><U17/><E132/><V55/><F95/><W87/><G87/><T29/><D97/><AGARI ba="2,1" hai="12,18,20,61,62,64,67,68,69,72,75,97,101,107" machi="97" ten="40,5200,0" yaku="1,1,9,1,53,1" doraHai="73" doraHaiUra="92" who="3" fromWho="0" sc="268,-58,232,0,250,0,240,68" />
</Scene>
<Scene>
<INIT seed="1,0,0,3,4,109" ten="210,232,250,308" oya="1" hai0="128,52,26,120,44,61,91,21,58,113,108,4,29" hai1="8,42,78,71,46,16,103,80,122,110,10,36,49" hai2="82,62,90,131,96,76,22,100,70,17,54,28,111" hai3="126,65,73,127,20,88,27,133,105,124,99,11,116"/><U41/><E122/><V50/><F111/><W64/><G133/><T66/><D120/><U95/><E110/><V104/><F131/><W102/><G116/><T56/><D128/><U47/><E71/><V86/><F28/><W106/><G73/><T77/><D77/><U40/><E40/><V51/><F70/><W134/><G134/><T35/><D44/><U59/><E59/><V107/><F107/><W25/><G105/><T93/><D4/><U1/><E1/><V87/><F62/><W72/><G72/><T5/><D5/><U121/><E121/><V83/><REACH who="2" step="1"/><F54/><REACH who="2" ten="210,232,240,308" step="2"/><W32/><G65/><T117/><D108/><U68/><E68/><V94/><F94/><W3/><G64/><T53/><D117/><U132/><E132/><V67/><F67/><W33/><G32/><T118/><D118/><U2/><E2/><V43/><F43/><W125/><G33/><T135/><D35/><U123/><E123/><V63/><F63/><W119/><G119/><T75/><D135/><U48/><E36/><V129/><F129/><W112/><G124/><T24/><D66/><U31/><E31/><V74/><F74/><W37/><G37/><T98/><D75/><U45/><E95/><V101/><F101/><W79/><G102/><T0/><D29/><U23/><E103/><V85/><F85/><W6/><G106/><T12/><D93/><U57/><E42/><V115/><F115/><W69/><G112/><T18/><D113/><U97/><E41/><V114/><F114/><W38/><G125/><T7/><D53/><N who="1" m="31919" /><E97/><V55/><F55/><W60/><G126/><RYUUKYOKU ba="0,1" sc="210,-10,232,-10,240,30,308,-10" hai2="17,22,50,51,76,82,83,86,87,90,96,100,104" />
</Scene>
<Scene>
<INIT seed="2,1,1,1,5,129" ten="200,222,270,298" oya="2" hai0="67,56,60,22,11,17,23,0,77,92,29,100,81" hai1="59,125,90,40,54,37,91,109,96,13,93,24,134" hai2="74,132,61,26,45,52,31,116,135,8,70,108,86" hai3="112,20,84,71,101,49,117,57,58,69,85,50,123"/><V39/><F74/><W48/><G117/><T14/><D0/><U73/><E125/><V99/><F116/><W44/><G123/><T3/><D3/><U15/><E73/><V102/><F108/><W30/><G112/><T83/><D77/><U65/><E109/><V78/><F8/><W38/><G101/><T79/><D79/><U87/><E65/><N who="2" m="41263" /><F86/><N who="3" m="33387" /><G38/><T110/><D110/><U127/><E127/><V94/><F78/><W126/><G126/><T41/><D41/><U113/><E113/><V95/><F95/><W21/><G44/><T122/><D122/><U62/><E40/><N who="2" m="22687" /><F26/><N who="3" m="16711" /><G71/><T53/><D53/><U64/><E37/><V28/><F52/><N who="3" m="31879" /><G69/><T34/><D34/><U36/><E36/><V18/><F18/><W47/><G47/><T4/><D4/><U120/><E120/><V131/><F131/><W105/><G105/><T5/><D5/><U33/><E54/><V2/><F2/><W1/><G1/><T42/><D42/><U72/><E72/><V107/><F107/><W118/><G118/><T35/><D35/><U88/><E33/><V46/><F46/><W119/><G119/><T51/><D51/><U124/><E124/><V98/><F98/><W106/><G106/><T12/><D60/><U6/><E96/><V19/><F19/><W128/><G128/><T111/><D17/><U27/><E62/><V76/><F76/><W32/><G32/><T133/><D111/><U97/><E97/><V68/><F68/><W75/><G75/><T115/><D115/><U82/><E93/><V7/><F7/><W89/><G50/><T80/><D92/><RYUUKYOKU ba="1,1" sc="200,-10,222,-10,270,30,298,-10" hai2="28,31,94,99,102,132,135" />
</Scene>
<Scene>
<INIT seed="2,2,1,0,2,93" ten="190,212,300,288" oya="2" hai0="57,75,56,104,105,89,71,44,123,114,109,51,117" hai1="47,78,9,34,120,60,12,26,96,37,131,128,106" hai2="14,108,61,98,132,126,85,6,63,5,92,97,4" hai3="2,68,122,10,41,36,133,69,27,17,72,46,90"/><V15/><F126/><W74/><G122/><T82/><D123/><U65/><E120/><V115/><F115/><W118/><G118/><T119/><D114/><U79/><E37/><V29/><F29/><W107/><G90/><T125/><D125/><U52/><E34/><V13/><F132/><W43/><G17/><T48/><D71/><N who="3" m="27209" /><G43/><T19/><D19/><U8/><E26/><V1/><F1/><W130/><G133/><T38/><D89/><U124/><E65/><V91/><F108/><W67/><G67/><T64/><D64/><U70/><E70/><V80/><REACH who="2" step="1"/><F98/><REACH who="2" ten="190,212,290,288" step="2"/><W35/><G2/><T102/><D109/><U112/><E96/><V24/><F24/><W50/><G27/><T30/><D30/><U113/><E124/><V99/><F99/><W25/><G25/><T88/><D119/><U21/><E113/><V94/><F94/><W16/><G35/><T53/><D105/><U54/><E106/><V101/><AGARI ba="2,2" hai="4,5,6,13,14,15,61,63,80,85,91,92,97,101" machi="101" ten="30,11700,0" yaku="1,1,0,1,8,1,52,1,53,0" doraHai="93" doraHaiUra="40" who="2" fromWho="2" sc="190,-41,212,-41,290,143,288,-41" />
</Scene>
<Scene>
<INIT seed="2,3,0,2,0,5" ten="149,171,433,247" oya="2" hai0="100,51,55,131,49,54,61,20,104,59,18,89,70" hai1="90,86,40,37,76,118,3,64,16,17,88,132,52" hai2="84,66,81,11,96,60,45,116,115,10,85,127,53" hai3="122,43,9,78,102,19,113,6,67,135,111,65,46"/><V36/><F115/><W7/><G122/><T105/><D131/><U83/><E3/><V33/><F33/><W24/><G113/><T129/><D129/><U124/><E118/><V44/><F116/><W29/><G111/><T123/><D100/><U32/><E32/><V97/><F127/><W120/><G120/><T91/><D123/><U71/><E124/><V94/><F36/><W56/><G135/><T68/><D61/><U26/><E132/><V108/><F108/><W41/><G102/><T15/><D91/><U93/><E64/><V1/><F1/><W134/><G78/><T101/><D101/><U77/><E71/><V63/><F66/><W13/><G134/><T112/><D112/><U57/><E40/><V2/><F2/><W28/><G43/><T119/><D119/><U35/><E35/><V42/><F42/><W82/><G82/><T73/><D73/><U12/><E26/><V109/><F81/><W95/><G95/><T39/><D39/><U103/><E103/><V106/><F94/><W133/><G133/><T80/><D70/><U98/><E17/><V14/><F14/><W30/><G24/><T21/><D68/><U74/><E74/><V50/><F50/><N who="3" m="26959" /><G67/><T107/><D80/><U79/><E37/><V22/><F109/><W75/><G75/><T27/><D89/><U125/><E125/><V130/><F130/><W48/><G48/><T128/><D128/><U110/><E110/><V121/><F121/><W25/><G25/><T117/><D117/><U99/><E79/><V38/><F38/><W4/><G65/><T126/><D126/><RYUUKYOKU ba="3,0" sc="149,-10,171,-10,433,-10,247,30" hai3="4,6,7,9,13,19,28,29,30,56" />
</Scene>
<Scene>
<INIT seed="3,4,0,3,5,10" ten="139,161,423,277" oya="3" hai0="102,36,37,39,135,122,15,117,123,53,34,4,52" hai1="27,58,93,48,50,8,19,98,128,41,18,120,59" hai2="96,42,85,105,54,73,65,29,40,14,35,12,72" hai3="56,81,111,30,99,87,67,125,9,45,107,20,104"/><W109/><G125/><T131/><D117/><U119/><E120/><V110/><F54/><W97/><G45/><T24/><D102/><U114/><E114/><V74/><F85/><W28/><G9/><T66/><D66/><U51/><E119/><V1/><F1/><W26/><G28/><T89/><D34/><U82/><E128/><V88/><F65/><W68/><G56/><T83/><D24/><U38/><E38/><V61/><F61/><N who="3" m="40047" /><G99/><T103/><D103/><U69/><E69/><V43/><F110/><N who="3" m="41995" /><G97/><T126/><D126/><U25/><E82/><V94/><REACH who="2" step="1"/><F105/><REACH who="2" ten="139,161,413,277" step="2"/><W79/><AGARI ba="4,1" hai="20,26,30,79,81,87,104,107" m="41995,40047" machi="79" ten="30,3000,0" yaku="14,1,10,1" doraHai="10" who="3" fromWho="3" sc="139,-14,161,-14,413,-14,277,52" />
</Scene>
<Scene>
<INIT seed="3,5,0,0,3,117" ten="125,147,399,329" oya="3" hai0="61,31,107,86,93,104,38,48,34,18,78,89,115" hai1="98,20,19,36,2,40,133,124,51,101,131,50,105" hai2="88,91,25,14,47,77,22,125,73,35,39,67,112" hai3="69,85,75,53,95,55,130,129,84,111,24,134,63"/><W100/><G75/><T16/><D38/><U90/><E133/><V13/><F112/><W49/><G134/><T74/><D115/><U17/><E131/><N who="3" m="50186" /><G111/><T29/><D61/><U7/><E124/><V8/><F35/><W54/><G49/><T127/><D127/><U65/><E2/><V66/><F73/><W109/><G109/><T118/><D118/><U72/><E7/><V79/><F39/><W21/><G100/><T12/><D18/><U119/><E72/><V10/><F125/><W3/><G3/><T114/><D114/><U128/><E128/><V11/><F47/><W23/><G95/><T122/><D104/><U62/><E19/><N who="2" m="12511" /><F91/><W27/><G63/><T37/><D37/><U6/><E6/><N who="2" m="3223" /><F88/><W4/><G69/><T103/><D103/><U96/><E119/><V52/><F52/><N who="3" m="13315" /><W9/><DORA hai="70" /><G9/><T43/><D107/><U123/><E90/><V33/><F11/><W5/><G5/><T56/><D74/><U102/><E36/><V108/><F108/><W76/><G76/><T135/><D78/><U87/><E102/><V26/><F79/><W28/><G4/><T57/><D135/><U97/><E101/><V68/><F68/><W82/><G82/><T45/><D56/><U80/><E105/><V71/><F71/><W110/><G110/><T81/><D57/><U132/><E132/><V41/><F77/><W120/><G120/><T44/><D81/><U32/><E123/><V99/><F10/><W58/><G58/><T0/><D0/><U60/><E80/><V15/><F41/><W121/><G121/><T46/><D43/><RYUUKYOKU ba="5,0" sc="125,-10,147,-10,399,-10,329,30" hai3="21,23,24,27,28,84,85" />
</Scene>
<Scene>
<INIT seed="3,6,0,4,1,80" ten="115,137,389,359" oya="3" hai0="28,39,72,13,99,115,94,57,9,24,76,90,71" hai1="5,36,68,48,133,123,3,125,106,0,118,93,18" hai2="66,27,95,84,87,73,111,40,16,19,61,101,83" hai3="74,35,131,20,89,49,65,114,45,81,113,70,91"/><W31/><G35/><T120/><D71/><U85/><E123/><V96/><F111/><W69/><G89/><T44/><D120/><U32/><E118/><V62/><F40/><W37/><G37/><T86/><D115/><U26/><E106/><V104/><F62/><W58/><G58/><T25/><D72/><U15/><E36/><V47/><F47/><W109/><G109/><T53/><D39/><U52/><E68/><V55/><F55/><W128/><G69/><T134/><D44/><U119/><E119/><V100/><F100/><W43/><G31/><T50/><D134/><U75/><E75/><V116/><F116/><W38/><G49/><T2/><D2/><U121/><E121/><V1/><F1/><W29/><G29/><T135/><D135/><U64/><E64/><V46/><F46/><W67/><G20/><T103/><D76/><U60/><E60/><V6/><F6/><W41/><G41/><T97/><D97/><U117/><E117/><V59/><F27/><W51/><G51/><T11/><D11/><U12/><E133/><V82/><F104/><W122/><G122/><T79/><D79/><U54/><E54/><V108/><F73/><W105/><G105/><T92/><D28/><N who="1" m="19479" /><E5/><AGARI ba="6,0" hai="5,9,13,24,25,50,53,57,86,90,92,94,99,103" machi="5" ten="30,3900,0" yaku="7,1,8,1,52,1" doraHai="80" who="0" fromWho="1" sc="115,57,137,-57,389,0,359,0" />
</Scene>
<Scene>
<INIT seed="4,0,0,5,0,72" ten="172,80,389,359" oya="0" hai0="91,95,123,132,4,100,106,135,43,41,49,119,61" hai1="103,50,83,81,111,14,63,26,114,84,62,8,130" hai2="129,57,15,127,79,56,0,48,58,124,99,66,52" hai3="12,105,96,89,134,107,80,29,20,45,18,65,19"/><T25/><D123/><U55/><E111/><V35/><F0/><W22/><G134/><N who="0" m="51243" /><D119/><U34/><E130/><V39/><F39/><W70/><G29/><T116/><D116/><U88/><E114/><V77/><F35/><W82/><G70/><T13/><D25/><U112/><E112/><V68/><F129/><W104/><G65/><T86/><D61/><U115/><E115/><V16/><F99/><W59/><G59/><N who="2" m="22601" /><F68/><W76/><G45/><T92/><D49/><U46/><E103/><V102/><F102/><W42/><G42/><N who="0" m="15883" /><D106/><U78/><E26/><V24/><F24/><N who="3" m="14367" /><G104/><T47/><D47/><U125/><E34/><V90/><F90/><W40/><G40/><T3/><D3/><U101/><E125/><N who="2" m="48203" /><F66/><W2/><G2/><T67/><D67/><U32/><E32/><V87/><F87/><N who="3" m="48519" /><G105/><T69/><D69/><U131/><E101/><V28/><F28/><W21/><G107/><T133/><N who="0" m="51251" /><T6/><DORA hai="9" /><D13/><U93/><E131/><V110/><F110/><W54/><G54/><T27/><D27/><U5/><REACH who="1" step="1"/><E93/><REACH who="1" ten="172,70,389,359" step="2"/><V108/><F108/><W118/><G118/><T60/><D95/><U44/><E44/><V73/><F73/><AGARI ba="0,1" hai="5,8,14,46,50,55,62,63,73,78,81,83,84,88" machi="73" ten="30,12000,2" yaku="1,1,7,1,52,2,54,1,53,1" doraHai="72,9" doraHaiUra="53,75" who="1" fromWho="2" sc="172,0,70,130,389,-120,359,0" />
</Scene>
<Scene>
<INIT seed="5,0,0,1,1,100" ten="172,200,269,359" oya="1" hai0="116,132,95,104,84,77,82,15,42,48,58,25,18" hai1="124,16,108,110,37,66,33,114,36,83,133,88,122" hai2="24,131,27,2,65,9,47,63,0,115,98,79,78" hai3="19,97,34,51,31,101,121,68,99,40,1,61,130"/><U72/><E122/><V55/><F131/><W125/><G121/><T90/><D116/><U119/><E119/><V39/><F115/><W70/><G1/><T74/><D132/><U73/><E114/><V126/><F126/><W80/><G125/><T41/><D25/><U86/><E33/><V57/><F0/><W123/><G123/><T93/><D93/><U43/><E133/><V62/><F2/><W59/><G130/><T44/><D104/><U128/><E128/><V109/><F9/><W60/><G97/><T20/><REACH who="0" step="1"/><D44/><REACH who="0" ten="162,200,269,359" step="2"/><N who="1" m="23655" /><E124/><V81/><F47/><W113/><G113/><T135/><D135/><U8/><E110/><V94/><F109/><W112/><G112/><T35/><D35/><U103/><E108/><V4/><F24/><W12/><G34/><T102/><D102/><U23/><E103/><V14/><F27/><W49/><G101/><T105/><D105/><U45/><E45/><V38/><F94/><W69/><G31/><T11/><D11/><U32/><E8/><V107/><F107/><W111/><G111/><T53/><AGARI ba="0,1" hai="15,18,20,41,42,48,53,58,74,77,82,84,90,95" machi="53" ten="30,7900,0" yaku="1,1,0,1,25,2,53,0" doraHai="100" doraHaiUra="117" who="0" fromWho="0" sc="162,89,200,-39,269,-20,359,-20" />
</Scene>
<Scene>
<INIT seed="6,0,0,0,2,50" ten="251,161,249,339" oya="2" hai0="84,64,17,63,27,71,117,114,81,109,135,123,70" hai1="2,106,19,80,101,48,32,132,66,68,120,116,40" hai2="47,6,28,77,67,121,108,42,52,74,125,126,36" hai3="113,112,0,85,82,65,118,105,79,75,93,95,24"/><V21/><F121/><W86/><G0/><T31/><D109/><U4/><E120/><V89/><F67/><W124/><G65/><T10/><D123/><U56/><E116/><V130/><F108/><W98/><G24/><T94/><D94/><N who="3" m="35849" /><G118/><T22/><D117/><U122/><E122/><V51/><F89/><W34/><G34/><T18/><D114/><N who="3" m="44137" /><G124/><N who="2" m="47721" /><F6/><W30/><G30/><T103/><D103/><AGARI ba="0,0" hai="75,79,82,85,86,98,103,105" m="44137,35849" machi="103" ten="30,7700,0" yaku="15,1,11,1,34,2" doraHai="50" who="3" fromWho="0" sc="251,-77,161,0,249,0,339,77" />
</Scene>
<Scene>
<INIT seed="7,0,0,0,1,93" ten="174,161,249,416" oya="3" hai0="67,116,96,40,128,34,63,120,135,41,16,60,36" hai1="94,46,87,91,100,102,48,27,37,82,130,109,78" hai2="26,28,103,117,19,2,99,131,110,52,42,22,64" hai3="24,101,107,108,98,115,21,31,125,0,30,50,70"/><W68/><G0/><T12/><D34/><U61/><E37/><V111/><F117/><W6/><G6/><T56/><D116/><U8/><E109/><V106/><F2/><W20/><G115/><T43/><D120/><U127/><E127/><V104/><F42/><W44/><G125/><T72/><D72/><U122/><E122/><V23/><F131/><W3/><G3/><T118/><D118/><U83/><E130/><V88/><F104/><W76/><G76/><T10/><D128/><U1/><E83/><V47/><F64/><W55/><G108/><T29/><D29/><U5/><E61/><V32/><F23/><W25/><AGARI ba="0,0" hai="20,21,24,25,30,31,44,50,55,68,70,98,101,107" machi="25" ten="30,6000,0" yaku="0,1,9,1,52,1" doraHai="93" who="3" fromWho="3" sc="174,-20,161,-20,249,-20,416,60" owari="154,-25.0,141,-36.0,229,3.0,476,58.0" />
</Scene>
</mjloggm>