<mjloggm ver="2.3"><GO type="169" lobby="0"/><UN n0="%E5%A4%AA%E3%81%8F%E3%81%AA%E3%81%84%E3%81%8A" n1="%72%61%67%61%2D%6D" n2="%E6%96%91%E7%9B%AE%56" n3="%E6%9D%BE%E5%B1%8B%E3%81%8A%E3%81%98%E3%81%95%E3%82%93" dan="17,16,16,16" rate="2256.51,2125.91,2145.33,2133.26" sx="M,M,M,M"/><TAIKYOKU oya="0"/>

<Scene>
<INIT seed="0,0,0,4,0,57" ten="250,250,250,250" oya="0" hai0="134,127,59,67,131,102,24,119,22,78,118,0,111" hai1="70,29,60,125,50,31,14,113,41,66,61,97,21" hai2="109,84,108,129,130,123,133,96,32,65,69,42,64" hai3="132,38,40,88,73,23,6,107,25,43,105,54,135"/><T53/><D0/><U35/><E113/><V76/><F32/><W103/><G73/><T63/><D127/><U90/><E35/><V47/><F96/><W114/><G114/><T39/><D39/><U122/><E122/><V75/><F75/><W98/><G105/><T11/><D134/><N who="3" m="51241" /><G38/><T8/><D131/><N who="2" m="50186" /><F133/><W124/><G6/><T13/><D78/><U72/><E72/><V19/><F19/><N who="3" m="12543" /><G124/><T93/><D111/><N who="2" m="42570" /><F123/><W46/><G88/><T101/><D8/><U36/><E90/><V55/><F76/><W18/><G18/><T106/><D106/><U128/><E97/><V74/><F84/><W49/><AGARI ba="0,0" hai="40,43,46,49,54,98,103,107" m="12543,51241" machi="49" ten="30,1100,0" yaku="20,1" doraHai="57" who="3" fromWho="3" sc="250,-5,250,-3,250,-3,250,11" />
</Scene>
<Scene>
<INIT seed="1,0,0,2,4,48" ten="245,247,247,261" oya="1" hai0="67,44,32,116,38,86,98,58,57,7,105,63,11" hai1="59,42,104,46,0,3,118,84,8,4,114,36,34" hai2="81,123,47,113,108,41,24,95,99,78,1,69,100" hai3="55,112,61,130,103,80,68,85,22,51,31,101,39"/><U82/><E104/><V6/><F69/><W129/><G39/><T23/><D32/><U90/><E118/><V25/><F123/><W91/><G112/><T12/><D116/><U75/><E114/><V66/><F66/><N who="3" m="41039" /><G31/><T18/><D86/><U45/><E34/><V71/><F71/><W73/><G22/><T119/><D119/><U128/><E128/><N who="3" m="49258" /><G73/><T56/><D105/><U125/><E125/><V110/><F113/><W9/><G9/><T17/><D98/><U83/><E46/><AGARI ba="0,0" hai="46,51,55,80,85,91,101,103" m="49258,41039" machi="46" ten="30,2000,0" yaku="19,1,52,1" doraHai="48" who="3" fromWho="1" sc="245,0,247,-20,247,0,261,20" />
</Scene>
<Scene>
<INIT seed="2,0,0,0,4,96" ten="245,227,247,281" oya="2" hai0="18,14,112,31,98,123,73,56,34,53,60,70,33" hai1="76,44,12,95,120,28,17,100,117,4,3,89,78" hai2="125,52,36,6,48,87,8,85,15,37,92,80,62" hai3="40,107,25,129,86,94,72,128,1,83,114,21,116"/><V103/><F125/><W69/><G69/><T29/><D123/><U16/><E117/><V59/><F87/><W106/><G1/><T26/><D112/><U68/><E68/><V58/><F92/><W11/><G11/><T39/><D39/><U132/><E132/><V20/><F20/><W66/><G66/><T63/><D73/><U30/><E3/><V122/><F122/><W50/><G50/><T91/><D70/><U99/><E44/><V38/><F103/><W84/><G40/><T35/><D63/><U54/><E54/><V93/><F93/><W64/><G64/><T135/><D135/><U49/><E49/><V57/><REACH who="2" step="1"/><F62/><REACH who="2" ten="245,227,237,281" step="2"/><W5/><G21/><T79/><D60/><U75/><E75/><V10/><F10/><W47/><G94/><T42/><D34/><U2/><E120/><V124/><F124/><W102/><G84/><T101/><D101/><U7/><E76/><AGARI ba="0,1" hai="6,8,15,36,37,38,48,52,57,58,59,76,80,85" machi="76" ten="40,3900,0" yaku="1,1,54,1,53,0" doraHai="96" doraHaiUra="131" who="2" fromWho="1" sc="245,0,227,-39,237,49,281,0" />
</Scene>
<Scene>
<INIT seed="2,1,0,3,5,83" ten="245,188,286,281" oya="2" hai0="6,95,64,27,34,54,114,18,91,85,19,67,13" hai1="87,131,42,109,78,12,60,74,43,81,57,37,21" hai2="28,72,97,129,108,76,79,7,92,44,125,116,124" hai3="9,100,46,1,126,53,68,90,106,123,65,15,30"/><V101/><F7/><W84/><G123/><T118/><D114/><U82/><E131/><V8/><F8/><W134/><G1/><T41/><D118/><U49/><E37/><V36/><F116/><W115/><G30/><T11/><D41/><U33/><E33/><V26/><F129/><W16/><G126/><N who="2" m="48745" /><F72/><W117/><G117/><T38/><D38/><U71/><E71/><V111/><F44/><W14/><G134/><T103/><D103/><U52/><E109/><N who="2" m="42059" /><F36/><W31/><G31/><T22/><D34/><AGARI ba="1,0" hai="26,28,34,76,79,92,97,101" m="42059,48745" machi="34" ten="30,5800,0" yaku="18,1,14,1,10,1" doraHai="83" who="2" fromWho="0" sc="245,-61,188,0,286,61,281,0" />
</Scene>
<Scene>
<INIT seed="2,2,0,2,4,80" ten="184,188,347,281" oya="2" hai0="106,68,102,99,123,62,93,22,76,35,77,0,101" hai1="94,9,57,131,41,70,58,128,39,114,87,27,127" hai2="23,133,24,59,109,134,14,78,81,75,110,46,52" hai3="79,82,132,129,1,112,11,8,19,53,38,117,108"/><V90/><F14/><W13/><G117/><T95/><D123/><U121/><E70/><V43/><F90/><W56/><G108/><N who="2" m="41577" /><F46/><W51/><G132/><T64/><D0/><U42/><E114/><V72/><F43/><W103/><G103/><T61/><D22/><U89/><E121/><V37/><F37/><W45/><G129/><N who="1" m="49738" /><E127/><V65/><F65/><W17/><G112/><T69/><D35/><U20/><E9/><V21/><F72/><W5/><G13/><T111/><D111/><U130/><N who="1" m="49746" /><U3/><DORA hai="73" /><E3/><V107/><F107/><W44/><G11/><T125/><D125/><U113/><E113/><V66/><F66/><W85/><G44/><T12/><D12/><U60/><E39/><V104/><F104/><W50/><REACH who="3" step="1"/><G38/><REACH who="3" ten="184,188,347,271" step="2"/><T47/><D47/><U97/><E42/><AGARI ba="2,1" hai="1,5,8,17,19,42,45,50,51,53,56,79,82,85" machi="42" ten="30,8000,1" yaku="1,1,2,1,7,1,52,2,53,0" doraHai="80,73" doraHaiUra="116,96" who="3" fromWho="1" sc="184,0,188,-86,347,0,271,96" />
</Scene>
<Scene>
<INIT seed="3,0,0,1,3,25" ten="184,102,347,367" oya="3" hai0="123,120,46,0,13,115,121,10,79,38,76,127,113" hai1="72,95,91,8,69,68,67,86,19,114,134,39,112" hai2="106,24,27,50,60,52,59,93,73,109,32,34,18" hai3="80,56,44,1,102,11,122,103,35,94,125,83,37"/><W61/><G35/><T88/><D0/><U100/><E72/><V104/><F73/><W64/><G122/><T55/><D127/><U90/><E39/><V16/><F109/><W62/><G125/><T17/><D55/><U9/><E134/><V82/><F82/><W117/><G117/><T43/><REACH who="0" step="1"/><D88/><REACH who="0" ten="174,102,347,367" step="2"/><U99/><E90/><V110/><F110/><W45/><G1/><T101/><D101/><U22/><E67/><V7/><F34/><W49/><G103/><T23/><D23/><U70/><E8/><V85/><F32/><W36/><G11/><T77/><AGARI ba="0,1" hai="10,13,17,38,43,46,76,77,79,113,115,120,121,123" machi="77" ten="40,2700,0" yaku="1,1,0,1,53,0" doraHai="25" doraHaiUra="20" who="0" fromWho="0" sc="174,37,102,-7,347,-7,367,-13" />
</Scene>
<Scene>
<INIT seed="4,0,0,5,5,66" ten="211,95,340,354" oya="0" hai0="95,23,119,114,52,30,72,129,16,46,14,3,28" hai1="49,9,10,74,48,40,125,112,50,32,124,104,8" hai2="58,94,13,1,64,6,109,5,47,120,31,89,73" hai3="24,86,56,91,36,55,87,20,127,38,102,93,84"/><T103/><D119/><U122/><E74/><V130/><F1/><W131/><G102/><T67/><D3/><U81/><E104/><V106/><F106/><W134/><G127/><N who="1" m="48714" /><E122/><V115/><F73/><W116/><G116/><T99/><D72/><U83/><E40/><V97/><F109/><W41/><G134/><T96/><D129/><U0/><E0/><V15/><F120/><W4/><G4/><N who="2" m="1641" /><F115/><W45/><G36/><T76/><D114/><U43/><E43/><V62/><F130/><W70/><G70/><T88/><D76/><U12/><E32/><V21/><F47/><W118/><G131/><T53/><D67/><U57/><E57/><V98/><F98/><W135/><G135/><T78/><D78/><U75/><E75/><V61/><F61/><W71/><G71/><T92/><D46/><U69/><E69/><V100/><F100/><W133/><G133/><T85/><D96/><U77/><E77/><V33/><F33/><W18/><REACH who="3" step="1"/><G118/><REACH who="3" ten="211,95,340,344" step="2"/><T25/><REACH who="0" step="1"/><D28/><REACH who="0" ten="201,95,340,344" step="2"/><U2/><E112/><V111/><F111/><W39/><G39/><T63/><D63/><AGARI ba="0,2" hai="18,20,24,38,41,45,55,56,63,84,86,87,91,93" machi="63" ten="30,2000,0" yaku="1,1,7,1,53,0" doraHai="66" doraHaiUra="35" who="3" fromWho="0" sc="201,-20,95,0,340,0,344,40" />
</Scene>
<Scene>
<INIT seed="5,0,0,0,1,38" ten="181,95,340,384" oya="1" hai0="40,88,133,80,44,50,110,113,119,124,2,67,77" hai1="129,64,31,93,34,97,70,22,5,109,96,85,51" hai2="111,86,23,57,58,71,28,30,87,36,49,121,55" hai3="26,37,27,39,116,82,98,95,102,63,9,117,11"/><U126/><E109/><V94/><F71/><W20/><G39/><T72/><D110/><U6/><E34/><V132/><F121/><W81/><G37/><T79/><D119/><N who="3" m="45641" /><G27/><T65/><D2/><U123/><E123/><V66/><F36/><W100/><G100/><T8/><D113/><U0/><E0/><V19/><F132/><W18/><G63/><T42/><D133/><U69/><E126/><V53/><F66/><N who="0" m="25098" /><D72/><U84/><E129/><V106/><F106/><W74/><G74/><T4/><D124/><U89/><E64/><V122/><F122/><W62/><G62/><T120/><D120/><U90/><E51/><N who="2" m="30911" /><F111/><W7/><G9/><T104/><D104/><U73/><E73/><V32/><F32/><W43/><G43/><N who="0" m="24863" /><D8/><U105/><E105/><V54/><F54/><W16/><G18/><T125/><D4/><U52/><E52/><V99/><F28/><W114/><G114/><T92/><D125/><U15/><E31/><V107/><F107/><W60/><G60/><T135/><D135/><U127/><E127/><V91/><F30/><W10/><G10/><T115/><D115/><U24/><E69/><V101/><F101/><W128/><G128/><T68/><D68/><U48/><E70/><V45/><F58/><W41/><G41/><N who="0" m="15979" /><D80/><N who="1" m="49287" /><E48/><V78/><F49/><W76/><G7/><N who="1" m="2570" /><E15/><V13/><F13/><W83/><G11/><T3/><D3/><U17/><AGARI ba="0,0" hai="17,22,24,85,90,93,96,97" m="2570,49287" machi="17" ten="30,1500,0" yaku="8,1" doraHai="38" who="1" fromWho="1" sc="181,-5,95,15,340,-5,384,-5" />
</Scene>
<Scene>
<INIT seed="5,1,0,2,0,63" ten="176,110,335,379" oya="1" hai0="116,1,35,6,115,92,71,23,128,19,18,88,69" hai1="70,9,48,111,110,95,53,25,62,49,84,76,68" hai2="72,125,4,32,94,75,15,21,27,81,34,112,83" hai3="118,121,47,28,79,80,16,74,38,56,54,135,24"/><U67/><E9/><V127/><F94/><W20/><G121/><T50/><D116/><U55/><E25/><V77/><F112/><W65/><G135/><T119/><D119/><U102/><E76/><V117/><F117/><W96/><G118/><T22/><D35/><U2/><E2/><V41/><F41/><W66/><G96/><T87/><D115/><U107/><E107/><V108/><F108/><N who="1" m="41513" /><E102/><V97/><F97/><W124/><G124/><N who="2" m="47689" /><F83/><W14/><G47/><T33/><D33/><N who="2" m="12906" /><F15/><W10/><G38/><T104/><D104/><U133/><E133/><V113/><F4/><W82/><G82/><T37/><D6/><U52/><E70/><V86/><F113/><W122/><G122/><T114/><D114/><U61/><E61/><AGARI ba="1,0" hai="10,14,16,20,24,28,54,56,61,65,66,74,79,80" machi="61" ten="30,7700,0" yaku="7,1,52,2,54,1" doraHai="63" who="3" fromWho="1" sc="176,0,110,-80,335,0,379,80" />
</Scene>
<Scene>
<INIT seed="6,0,0,1,1,116" ten="176,30,335,459" oya="2" hai0="67,61,37,53,118,71,130,93,40,73,125,39,30" hai1="108,85,20,1,83,9,10,2,14,18,21,12,44" hai2="64,107,51,122,17,13,24,46,121,123,57,124,52" hai3="87,41,43,75,134,27,117,5,36,38,45,92,114"/><V104/><F124/><W11/><G117/><T82/><D118/><U47/><E83/><V89/><F24/><W16/><G134/><T15/><D125/><U115/><E85/><V74/><F74/><W6/><G75/><T32/><D130/><U23/><E47/><V8/><F89/><W54/><G114/><T0/><D93/><U120/><E44/><V129/><F129/><W128/><G128/><T69/><D53/><U119/><E119/><V49/><REACH who="2" step="1"/><F64/><REACH who="2" ten="176,30,325,459" step="2"/><W33/><G27/><T110/><D67/><U86/><E86/><V4/><F4/><W101/><G6/><T96/><D73/><U68/><E68/><V70/><F70/><W90/><G5/><T105/><D69/><U131/><E131/><V3/><F3/><N who="1" m="1033" /><E115/><V100/><F100/><W35/><G101/><T91/><D71/><U99/><E99/><V59/><F59/><W60/><G90/><T77/><D91/><U42/><E42/><AGARI ba="0,1" hai="8,13,17,42,46,49,51,52,57,104,107,121,122,123" machi="42" ten="40,18000,2" yaku="1,1,52,3,54,1,53,1" doraHai="116" doraHaiUra="55" who="2" fromWho="1" sc="176,0,30,-180,325,190,459,0" owari="176,-22.0,-150,-65.0,515,61.0,459,26.0" />
</Scene>
</mjloggm>