<mjloggm ver="2.3"><GO type="169" lobby="0"/><UN n0="%E2%91%A3%E3%82%BB%E3%83%B3%E3%83%81" n1="%E5%A4%AA%E3%81%8F%E3%81%AA%E3%81%84%E3%81%8A" n2="%E3%83%94%E3%82%AB%E5%90%BE%E9%83%8E" n3="%E6%AD%A6%E8%A3%85%E5%95%86%E8%88%B9%E5%9B%A3" dan="17,18,17,17" rate="2173.56,2232.48,2176.03,2181.44" sx="M,F,M,M"/><TAIKYOKU oya="0"/>

<Scene>
<INIT seed="0,0,0,3,4,20" ten="250,250,250,250" oya="0" hai0="125,89,109,117,114,54,8,94,9,47,118,67,36" hai1="7,112,60,123,70,65,40,24,42,91,12,25,53" hai2="135,27,128,46,103,74,59,50,105,79,108,122,32" hai3="113,126,124,106,18,62,85,44,82,63,129,55,92"/><T10/><D114/><U134/><E123/><V80/><F122/><W86/><G113/><T104/><D104/><U14/><E112/><V37/><F108/><W17/><G106/><T88/><D109/><U3/><E134/><V119/><F135/><W81/><G92/><T1/><D1/><U110/><E110/><V111/><F111/><W130/><G44/><T35/><D125/><N who="3" m="48233" /><G55/><T31/><D67/><U21/><E3/><V28/><F128/><N who="3" m="49259" /><G62/><T38/><D54/><U132/><E132/><V101/><F105/><W90/><G63/><T69/><D69/><U102/><E102/><V15/><F59/><W71/><G71/><T83/><D83/><N who="3" m="31753" /><G90/><T48/><D48/><U49/><E91/><V127/><F127/><W97/><G97/><T96/><D89/><U13/><E42/><V78/><F50/><W73/><G73/><T87/><D96/><U57/><E40/><V64/><F64/><W6/><G6/><T19/><D47/><U33/><E7/><V68/><F68/><W100/><G100/><T93/><D93/><U131/><E131/><V58/><F58/><W43/><G43/><T52/><D52/><U133/><E133/><V120/><F120/><W84/><AGARI ba="0,0" hai="17,18,84,85,86" m="31753,49259,48233" machi="84" ten="40,8000,1" yaku="28,2,18,1,19,1" doraHai="20" who="3" fromWho="3" sc="250,-40,250,-20,250,-20,250,80" />
</Scene>
<Scene>
<INIT seed="1,0,0,5,3,76" ten="210,230,230,330" oya="1" hai0="131,16,82,95,9,71,77,135,99,86,109,8,12" hai1="51,101,119,47,94,65,90,72,50,37,52,122,88" hai2="84,6,30,128,27,117,105,110,10,19,85,17,107" hai3="59,127,108,58,104,61,126,129,55,97,83,3,123"/><U63/><E119/><V41/><F117/><W25/><G123/><T116/><D116/><U49/><E122/><V4/><F41/><W2/><G108/><T124/><D109/><U56/><E72/><V32/><F110/><W53/><G129/><T18/><D131/><U62/><E37/><V75/><F75/><W69/><G69/><T11/><D124/><N who="3" m="47657" /><G25/><T66/><D135/><U1/><E1/><N who="3" m="10" /><G83/><T24/><D71/><U130/><E130/><V5/><F128/><W80/><G80/><T100/><D66/><U35/><E35/><V45/><F45/><W26/><G26/><T54/><D54/><N who="3" m="20489" /><G61/><T78/><D78/><U91/><REACH who="1" step="1"/><E63/><REACH who="1" ten="210,220,230,330" step="2"/><V74/><F74/><W44/><G44/><T81/><D81/><U98/><AGARI ba="0,1" hai="47,49,50,51,52,56,62,65,88,90,91,94,98,101" machi="98" ten="30,18000,2" yaku="1,1,2,1,0,1,8,1,54,2,53,0" doraHai="76" doraHaiUra="23" who="1" fromWho="1" sc="210,-60,220,190,230,-60,330,-60" />
</Scene>
<Scene>
<INIT seed="1,1,0,3,0,65" ten="150,410,170,270" oya="1" hai0="3,14,10,15,98,101,11,97,4,80,66,37,94" hai1="77,54,59,22,130,78,21,111,91,109,39,55,12" hai2="58,25,108,133,104,27,38,7,113,82,60,2,17" hai3="99,107,76,124,69,48,1,85,67,95,110,64,100"/><U18/><E39/><V114/><F104/><W20/><G110/><N who="1" m="41994" /><E130/><V106/><F106/><W87/><G124/><T119/><D119/><U8/><E91/><V6/><F38/><W16/><G1/><T81/><D37/><U40/><E40/><V71/><F2/><W50/><G87/><T125/><D125/><U35/><E35/><V61/><F108/><W79/><G107/><T23/><D3/><U46/><E46/><V62/><F58/><W93/><G76/><N who="1" m="29290" /><E55/><V134/><F82/><W63/><G64/><T92/><D66/><U56/><E59/><V29/><F62/><AGARI ba="1,0" hai="8,12,18,21,22,54,56,62" m="29290,41994" machi="62" ten="30,2900,0" yaku="14,1,10,1" doraHai="65" who="1" fromWho="2" sc="150,0,410,32,170,-32,270,0" />
</Scene>
<Scene>
<INIT seed="1,2,0,5,1,59" ten="150,442,138,270" oya="1" hai0="14,65,91,34,40,73,84,35,78,87,74,60,67" hai1="64,90,120,57,107,66,121,81,48,80,54,97,20" hai2="8,44,3,16,55,2,106,47,130,77,102,6,11" hai3="100,116,29,4,75,22,18,129,126,45,9,82,108"/><U117/><E117/><V56/><F130/><W52/><G116/><T26/><D40/><U31/><E31/><V58/><F77/><W5/><G126/><T53/><D53/><U36/><E36/><V62/><F102/><W119/><G119/><T109/><D109/><U101/><E20/><V25/><F106/><W112/><G112/><T28/><D35/><U128/><E128/><V79/><F79/><W21/><G129/><T38/><D38/><U30/><E30/><V104/><F104/><W114/><G114/><T19/><D67/><U15/><E15/><V118/><F118/><W42/><G108/><T0/><D87/><U111/><E111/><V96/><F96/><W131/><G131/><T132/><D78/><U63/><E64/><V46/><F58/><W88/><G100/><T110/><D0/><U41/><E41/><V61/><F3/><W123/><G75/><T23/><D132/><U113/><E113/><V7/><F7/><W12/><G42/><T89/><D89/><U50/><E50/><N who="2" m="30839" /><F2/><W105/><G105/><T69/><REACH who="0" step="1"/><D110/><REACH who="0" ten="140,442,138,270" step="2"/><U39/><E39/><V68/><F68/><W85/><G52/><T103/><D103/><U17/><E90/><V24/><F46/><W99/><G45/><T72/><D72/><U125/><E107/><V32/><F47/><W13/><G85/><T98/><D98/><U124/><E97/><V134/><F44/><W83/><G99/><T10/><D10/><N who="2" m="3626" /><F134/><W33/><G33/><T94/><AGARI ba="2,1" hai="14,19,23,26,28,34,60,65,69,73,74,84,91,94" machi="94" ten="20,5200,0" yaku="1,1,0,1,7,1,52,1,53,0" doraHai="59" doraHaiUra="43" who="0" fromWho="0" sc="140,68,442,-28,138,-15,270,-15" />
</Scene>
<Scene>
<INIT seed="2,0,0,5,0,118" ten="208,414,123,255" oya="2" hai0="9,63,75,65,104,17,64,19,120,53,131,67,15" hai1="66,121,105,60,42,119,49,35,100,6,23,12,88" hai2="51,32,11,54,61,92,134,129,90,41,89,27,82" hai3="56,38,133,68,108,114,80,115,117,94,48,123,87"/><V98/><F134/><W132/><G117/><T96/><D75/><U91/><E35/><V57/><F129/><W0/><G108/><T29/><D131/><U77/><E119/><V84/><F11/><W22/><G68/><T85/><D29/><U109/><E109/><V4/><F4/><W13/><G0/><T107/><D120/><U47/><E77/><V81/><F32/><W124/><G38/><T95/><D85/><U24/><E121/><V44/><REACH who="2" step="1"/><F27/><REACH who="2" ten="208,414,113,255" step="2"/><W10/><G123/><T43/><D9/><U128/><E128/><V62/><F62/><W78/><G22/><T5/><D5/><U103/><E6/><V97/><F97/><W122/><G122/><T31/><D96/><U36/><E24/><V74/><F74/><W40/><G132/><T112/><D63/><U135/><E60/><V46/><F46/><W16/><G133/><T30/><D15/><U79/><E47/><V45/><F45/><W21/><G21/><T8/><D8/><U1/><E12/><V99/><F99/><W3/><G13/><T76/><D67/><U93/><E66/><V125/><F125/><W130/><G124/><T59/><D65/><U111/><E135/><V7/><F7/><W70/><G130/><T127/><D64/><U86/><E111/><V113/><F113/><W33/><G33/><T2/><D112/><U110/><E110/><V71/><F71/><W72/><G70/><T116/><D127/><U37/><E23/><V73/><F73/><W26/><G26/><T25/><D116/><U55/><E1/><V34/><F34/><W69/><G3/><RYUUKYOKU ba="0,1" sc="208,-10,414,-10,113,30,255,-10" hai2="41,44,51,54,57,61,81,82,84,89,90,92,98" />
</Scene>
<Scene>
<INIT seed="2,1,1,1,3,32" ten="198,404,143,245" oya="2" hai0="66,95,65,13,47,124,6,104,132,10,60,121,74" hai1="42,77,109,82,89,107,94,81,101,131,76,122,5" hai2="26,134,129,53,98,103,36,75,17,69,15,54,88" hai3="3,30,125,0,87,9,127,62,2,86,37,1,71"/><V67/><F75/><W114/><G37/><T8/><D104/><U102/><E42/><V73/><F73/><W35/><G114/><T49/><D121/><U31/><E31/><V120/><F36/><W68/><G35/><T4/><D124/><N who="3" m="47689" /><G30/><T96/><D74/><U55/><E5/><V64/><F120/><W90/><G62/><T20/><D20/><U123/><E55/><N who="2" m="21003" /><F69/><N who="3" m="26699" /><G90/><T21/><D21/><U128/><E89/><V97/><F26/><W99/><G99/><T118/><D118/><U113/><E94/><N who="2" m="58807" /><F129/><W110/><G110/><T135/><D60/><U58/><E58/><V7/><F7/><AGARI ba="1,1" hai="0,1,2,3,7,9,86,87" m="26699,47689" machi="7" ten="40,8000,1" yaku="18,1,52,4" doraHai="32" who="3" fromWho="2" sc="198,0,404,0,143,-83,245,93" />
</Scene>
<Scene>
<INIT seed="3,0,0,5,4,102" ten="198,404,60,338" oya="3" hai0="35,11,81,115,29,116,48,8,112,1,50,80,73" hai1="56,24,120,10,88,38,74,125,133,104,87,0,111" hai2="69,101,16,32,61,23,122,22,47,72,15,52,123" hai3="51,21,25,45,71,28,90,40,85,13,118,114,100"/><W7/><G114/><N who="0" m="43563" /><D1/><U26/><E120/><N who="2" m="46123" /><F32/><W106/><G71/><T17/><D17/><U134/><E74/><V58/><F72/><W99/><G118/><T59/><D73/><U2/><E38/><V42/><F101/><W60/><G60/><T97/><D97/><U98/><E111/><V31/><F31/><W93/><G13/><T127/><D59/><U37/><E37/><N who="2" m="21967" /><F69/><W34/><REACH who="3" step="1"/><G7/><REACH who="3" ten="198,404,60,328" step="2"/><T89/><D116/><U129/><E0/><V66/><F66/><W68/><G68/><T9/><D8/><AGARI ba="0,1" hai="8,15,16,22,23,52,58,61" m="21967,46123" machi="8" ten="30,3900,0" yaku="13,1,54,2" doraHai="102" who="2" fromWho="0" sc="198,-39,404,0,60,49,328,0" />
</Scene>
<Scene>
<INIT seed="4,0,0,0,4,11" ten="159,404,109,328" oya="0" hai0="130,45,106,103,94,59,74,69,119,85,76,111,25" hai1="1,58,127,33,7,47,66,96,83,43,71,3,15" hai2="99,40,126,27,109,128,16,134,133,117,125,28,79" hai3="13,14,97,26,48,102,2,81,34,46,20,18,135"/><T108/><D69/><U44/><E33/><N who="2" m="20639" /><F109/><N who="0" m="42058" /><D45/><U121/><E44/><V87/><F40/><W82/><G135/><N who="2" m="51721" /><F117/><W129/><G129/><T38/><D38/><U114/><E83/><N who="2" m="47615" /><F128/><W110/><G110/><T49/><D130/><U101/><E47/><V37/><F37/><W89/><G2/><T4/><D119/><U23/><E1/><V123/><F123/><W75/><G75/><T8/><D25/><U68/><E3/><V52/><F52/><N who="3" m="29719" /><G34/><T19/><D74/><U62/><E121/><V30/><F30/><W35/><G35/><T41/><D41/><U17/><E43/><V124/><F99/><W95/><G81/><N who="0" m="47271" /><D19/><AGARI ba="0,0" hai="16,19,124,125,126" m="47615,51721,20639" machi="19" ten="40,5200,0" yaku="18,1,20,1,54,1" doraHai="11" who="2" fromWho="0" sc="159,-52,404,0,109,52,328,0" />
</Scene>
<Scene>
<INIT seed="5,0,0,2,2,65" ten="107,404,161,328" oya="1" hai0="57,121,63,126,52,106,133,30,55,7,119,95,46" hai1="111,12,44,20,87,76,35,115,56,42,19,128,14" hai2="41,58,45,64,72,102,124,84,10,122,18,91,92" hai3="38,123,4,27,6,23,51,82,47,98,127,125,99"/><U135/><E35/><V5/><F122/><W116/><G123/><T104/><D121/><U103/><E115/><V67/><F72/><W86/><G38/><T131/><D119/><U85/><E128/><V50/><F124/><W29/><G116/><T110/><D110/><U24/><E111/><V90/><F102/><W74/><G74/><T112/><D112/><U59/><E135/><V88/><F18/><W21/><G21/><T108/><D108/><U49/><E103/><V48/><F48/><W117/><G117/><T15/><D133/><U94/><E94/><V11/><F11/><W105/><G105/><T79/><D131/><U69/><E69/><V107/><F107/><W13/><G127/><T31/><D79/><U0/><E0/><V134/><F134/><W113/><G113/><T26/><D31/><U97/><E97/><N who="3" m="36874" /><G13/><N who="1" m="5226" /><E87/><V28/><F28/><W36/><G36/><T78/><D95/><U61/><E61/><N who="2" m="37943" /><F10/><W83/><G125/><T80/><D126/><U120/><E120/><V129/><F129/><W17/><G29/><T62/><D106/><U60/><E60/><V37/><F37/><W39/><G39/><T93/><D104/><U70/><E70/><V54/><F84/><W100/><G100/><T43/><D63/><U22/><E22/><V8/><F92/><W71/><G71/><T16/><D93/><U101/><E101/><V3/><F67/><W34/><G34/><T77/><D62/><U2/><E2/><V40/><F3/><W53/><G86/><T81/><D30/><U1/><E1/><V75/><F75/><W118/><G118/><RYUUKYOKU ba="0,0" sc="107,-30,404,10,161,10,328,10" hai1="19,20,24,42,44,49,56,59,76,85" hai2="5,8,40,41,45,50,54,88,90,91" hai3="4,6,17,23,27,47,51,53,82,83" />
</Scene>
<Scene>
<INIT seed="5,1,0,5,0,52" ten="77,414,171,338" oya="1" hai0="89,70,33,36,41,78,50,2,105,14,10,44,104" hai1="19,25,3,20,76,126,125,94,79,95,131,29,57" hai2="54,27,119,103,34,30,64,135,26,84,106,111,92" hai3="124,69,115,74,100,5,67,80,90,91,17,18,121"/><U88/><E3/><V1/><F1/><W114/><G121/><T43/><D70/><U107/><E107/><V9/><F111/><W13/><G124/><N who="1" m="47722" /><E95/><V73/><F73/><W85/><G100/><T12/><D33/><U133/><E133/><V66/><F9/><N who="3" m="4271" /><G74/><T31/><D31/><U6/><E6/><V130/><F106/><W98/><G69/><T118/><D118/><U83/><E29/><V77/><F30/><W28/><G67/><T127/><D127/><U32/><E32/><V11/><F34/><W48/><G48/><T60/><D2/><U134/><E134/><V63/><F135/><W68/><G68/><T120/><D120/><U39/><E39/><V87/><F119/><W35/><G28/><T23/><D36/><U55/><E83/><V22/><F92/><N who="3" m="56607" /><G35/><T110/><D110/><U37/><E37/><V113/><F103/><W123/><G123/><T47/><D105/><U75/><E75/><V42/><F42/><W49/><G49/><T65/><D104/><U93/><E93/><V4/><F4/><W61/><G61/><T109/><D109/><U38/><E38/><V71/><F63/><W81/><G81/><T46/><D43/><U108/><E108/><V99/><F71/><W0/><G0/><T116/><D41/><U15/><E131/><V128/><F128/><W72/><G72/><T56/><D116/><U102/><E102/><V132/><F132/><W24/><G24/><T112/><D60/><N who="1" m="35903" /><E15/><V122/><F130/><W59/><G80/><T86/><D14/><U62/><E62/><V8/><F122/><W7/><G7/><RYUUKYOKU ba="1,0" sc="77,-10,414,30,171,-10,338,-10" hai1="19,20,25,76,79,88,94" />
</Scene>
<Scene>
<INIT seed="5,2,0,0,1,0" ten="67,444,161,328" oya="1" hai0="85,66,4,88,101,29,71,23,32,90,46,75,21" hai1="35,74,122,111,92,114,19,129,87,62,86,116,133" hai2="81,107,55,97,69,37,103,78,61,64,109,20,130" hai3="119,106,100,36,110,39,41,134,102,47,73,83,112"/><U89/><E35/><V51/><F130/><W52/><G110/><T9/><D75/><U24/><E116/><V30/><F37/><W72/><G119/><T124/><D124/><U95/><E122/><V105/><F30/><W14/><G112/><T11/><D101/><U33/><E74/><V125/><F20/><W60/><G134/><T104/><D104/><U99/><E114/><V7/><F107/><W28/><G39/><T120/><D120/><U98/><E111/><V31/><F31/><W3/><G3/><T45/><D32/><U56/><E129/><V76/><F109/><W42/><G42/><T77/><D66/><U131/><E133/><V79/><F125/><W18/><G28/><T40/><D71/><U16/><E131/><V58/><REACH who="2" step="1"/><F7/><REACH who="2" ten="67,444,151,328" step="2"/><W108/><G108/><T132/><D132/><U48/><E33/><V44/><F44/><W113/><G113/><T117/><D117/><U115/><E115/><V128/><F128/><W15/><G106/><T63/><D29/><U22/><E19/><V121/><F121/><W12/><G18/><T8/><D4/><U43/><E22/><V127/><F127/><W80/><G73/><AGARI ba="2,1" hai="51,55,58,61,64,69,73,76,78,79,81,97,103,105" machi="73" ten="30,2000,0" yaku="1,1,7,1,53,0" doraHai="0" doraHaiUra="2" who="2" fromWho="3" sc="67,0,444,0,151,36,328,-26" />
</Scene>
<Scene>
<INIT seed="6,0,0,4,1,25" ten="67,444,187,302" oya="2" hai0="73,103,129,109,17,65,52,21,20,94,6,5,72" hai1="116,41,111,2,121,113,131,67,87,44,19,43,7" hai2="81,8,82,80,126,115,105,1,130,32,69,63,14" hai3="53,62,47,92,36,95,38,68,30,49,86,3,9"/><V45/><F105/><W74/><G74/><T26/><D109/><U24/><E111/><V83/><F1/><W37/><G86/><T31/><D65/><U18/><E116/><V51/><F32/><W61/><G30/><T39/><D39/><U110/><E110/><V97/><F97/><W23/><G23/><T128/><D94/><U57/><E113/><V77/><F115/><W12/><G3/><T60/><D103/><U4/><E131/><V104/><F130/><N who="0" m="50282" /><D73/><U101/><E101/><V16/><F126/><W29/><G29/><T114/><D72/><U123/><E87/><V35/><F35/><W64/><REACH who="3" step="1"/><G62/><REACH who="3" ten="67,444,187,292" step="2"/><T76/><D114/><U75/><E75/><V99/><F99/><W96/><G96/><T13/><D76/><U56/><E2/><V91/><F77/><W58/><G58/><AGARI ba="0,1" hai="5,6,13,17,20,21,26,31,52,58,60" m="50282" machi="58" ten="30,3900,0" yaku="19,1,52,1,54,1" doraHai="25" who="0" fromWho="3" sc="67,49,444,0,187,0,292,-39" />
</Scene>
<Scene>
<INIT seed="7,0,0,0,5,34" ten="116,444,187,253" oya="3" hai0="92,110,130,38,93,17,112,118,60,114,11,47,15" hai1="88,21,26,95,25,75,53,54,50,63,101,65,70" hai2="12,116,121,72,125,120,48,133,134,69,42,85,131" hai3="22,124,122,20,132,33,79,67,16,44,43,62,24"/><W90/><G122/><N who="2" m="47209" /><F72/><W64/><G124/><T128/><D110/><U52/><E75/><V10/><F69/><W108/><G108/><T105/><D105/><U106/><E101/><V46/><F116/><W97/><G132/><T80/><D118/><U135/><E106/><V1/><F1/><W83/><G33/><T28/><D28/><U77/><E77/><V99/><F131/><W100/><G90/><T127/><D127/><U56/><E25/><V84/><F99/><W87/><G20/><T55/><D80/><U76/><E76/><V98/><F98/><W29/><G62/><T58/><D47/><N who="1" m="27743" /><E70/><V102/><F102/><W5/><G5/><T8/><D38/><U82/><E82/><V57/><F57/><W74/><G29/><T111/><D111/><U19/><E135/><V129/><F129/><N who="0" m="49770" /><D8/><U123/><E123/><V18/><F125/><W71/><G71/><T104/><D104/><U2/><E2/><V66/><F134/><W113/><G74/><T119/><D119/><U86/><AGARI ba="0,0" hai="19,21,26,53,54,56,63,65,86,88,95" m="27743" machi="86" ten="30,4000,0" yaku="8,1,54,2" doraHai="34" who="1" fromWho="1" sc="116,-10,444,40,187,-10,253,-20" owari="106,-39.0,484,58.0,177,-22.0,233,3.0" />
</Scene>
</mjloggm>