<mjloggm ver="2.3"><GO type="169" lobby="0"/><UN n0="%E3%82%B7%E3%83%A3%E3%83%BC%E3%83%AA%E3%83%97%E3%83%88%E3%83%A9" n1="%67%6F%75%73%69" n2="%E5%A4%AA%E3%81%8F%E3%81%AA%E3%81%84%E3%81%8A" n3="%EF%BC%84%E3%83%8A%E3%83%8A%E3%82%B7%E3%83%BC%EF%BF%A5" dan="16,18,19,16" rate="2098.55,2223.26,2333.00,2089.25" sx="M,M,F,M"/><TAIKYOKU oya="0"/>

<Scene>
<INIT seed="0,0,0,2,5,39" ten="250,250,250,250" oya="0" hai0="63,99,94,130,86,4,124,71,54,31,0,76,5" hai1="59,20,104,103,62,89,72,101,50,113,9,97,58" hai2="66,27,38,116,25,73,42,112,15,30,67,85,35" hai3="46,96,47,68,61,79,10,119,6,83,26,77,7"/><T8/><D130/><U3/><E72/><V40/><F73/><W131/><G131/><T41/><D124/><U129/><E113/><V28/><F112/><W135/><G119/><T23/><D4/><U81/><E103/><V132/><F116/><W57/><G135/><T134/><D134/><U133/><E133/><V121/><F132/><W92/><G68/><T24/><D76/><U74/><E20/><V108/><F121/><W34/><G34/><T69/><D86/><U114/><E114/><V55/><F108/><W120/><G26/><T36/><D54/><U125/><E125/><V51/><F15/><N who="3" m="5591" /><G7/><T91/><REACH who="0" step="1"/><D63/><REACH who="0" ten="240,250,250,250" step="2"/><U11/><E62/><V49/><F85/><N who="3" m="48367" /><G79/><T14/><D14/><U107/><E129/><V87/><F87/><W93/><G120/><T19/><D19/><U64/><E74/><V95/><F55/><N who="3" m="33983" /><G93/><T118/><D118/><U17/><E104/><V21/><F95/><W75/><G75/><T29/><D29/><U32/><E107/><V13/><F13/><W2/><G2/><T109/><D109/><U37/><E3/><V84/><F84/><W122/><G122/><T126/><D126/><U106/><E106/><V12/><F12/><W43/><G43/><T98/><D98/><U128/><E97/><V90/><F40/><W70/><G70/><T1/><D1/><U123/><E128/><V82/><F42/><W60/><G60/><T16/><D16/><U48/><E17/><V52/><F28/><W78/><G78/><T110/><D110/><U45/><E123/><V100/><F30/><W33/><G33/><T111/><D111/><RYUUKYOKU ba="0,1" sc="240,15,250,-15,250,-15,250,15" hai0="0,5,8,23,24,31,36,41,69,71,91,94,99" hai3="46,47,92,96" />
</Scene>
<Scene>
<INIT seed="0,1,1,2,0,73" ten="255,235,235,265" oya="0" hai0="80,97,41,42,47,5,94,6,95,25,14,35,52" hai1="109,46,51,89,7,67,116,110,131,122,79,57,38" hai2="113,27,90,123,96,101,105,13,48,64,59,93,36" hai3="2,56,71,21,133,88,26,126,40,50,127,102,77"/><T134/><D134/><U117/><E7/><V8/><F123/><W53/><G71/><T69/><D69/><U132/><E122/><V29/><F36/><W16/><G2/><T49/><D35/><U107/><E107/><V10/><F113/><W58/><G133/><T55/><D25/><U124/><E132/><V4/><F10/><W43/><G102/><T22/><D95/><U19/><E131/><V17/><F4/><N who="0" m="1642" /><D55/><U74/><E124/><N who="3" m="47658" /><G58/><T120/><D120/><U23/><E38/><V119/><F119/><W100/><G100/><N who="0" m="60471" /><D80/><N who="1" m="45175" /><E89/><V91/><F105/><W112/><G112/><T34/><D34/><U12/><E67/><V45/><F64/><W114/><G114/><T86/><D86/><U15/><E57/><V84/><F59/><W118/><G118/><T129/><D129/><U106/><E106/><V83/><F27/><W99/><G77/><T33/><D33/><U28/><E15/><V54/><REACH who="2" step="1"/><F29/><REACH who="2" ten="255,235,225,265" step="2"/><W115/><G115/><T18/><AGARI ba="1,2" hai="14,18,22,41,42,47,49,52" m="60471,1642" machi="18" ten="30,3000,0" yaku="8,1,54,1" doraHai="73" who="0" fromWho="0" sc="255,53,235,-11,225,-11,265,-11" />
</Scene>
<Scene>
<INIT seed="0,2,0,5,5,72" ten="308,224,214,254" oya="0" hai0="31,64,134,11,71,38,68,128,118,124,61,88,56" hai1="17,78,25,133,6,50,73,129,67,63,39,135,85" hai2="112,96,49,121,108,101,130,127,19,74,89,83,131" hai3="3,62,105,18,116,60,110,79,90,117,102,70,98"/><T2/><D31/><U95/><E39/><V46/><F121/><W12/><G3/><T43/><D2/><U126/><E6/><V59/><F112/><W113/><G113/><T97/><D11/><U36/><E36/><V41/><F108/><W28/><G110/><T100/><D71/><U75/><E50/><V34/><F34/><W57/><G70/><T33/><D33/><U10/><E126/><V99/><F127/><W80/><G90/><T93/><D124/><U84/><E129/><N who="2" m="49163" /><F19/><W94/><G28/><T122/><D128/><U7/><E17/><V107/><F59/><W76/><G105/><T123/><D118/><U4/><E25/><V106/><F89/><W66/><G62/><T58/><D134/><U8/><E7/><V51/><F51/><W16/><G18/><T81/><D58/><U48/><E48/><V77/><F99/><W125/><G125/><T132/><D132/><U44/><E4/><V15/><F15/><W0/><G0/><T13/><D13/><U52/><E63/><V20/><F106/><W30/><G30/><T109/><D109/><U65/><E44/><V5/><F5/><W103/><G103/><T55/><D100/><U1/><E1/><V29/><F29/><W53/><G66/><T23/><D23/><AGARI ba="2,0" hai="20,23,41,46,49,74,77,83,96,101,107" m="49163" machi="23" ten="30,2000,0" yaku="19,1,52,1" doraHai="72" who="2" fromWho="0" sc="308,-26,224,0,214,26,254,0" />
</Scene>
<Scene>
<INIT seed="1,0,0,4,0,0" ten="282,224,240,254" oya="1" hai0="122,60,89,112,129,36,18,24,133,34,107,56,3" hai1="63,106,15,78,74,91,31,64,97,113,104,19,6" hai2="116,76,20,117,120,134,127,105,79,118,32,123,95" hai3="49,12,98,128,26,10,87,48,43,40,101,59,69"/><U28/><E113/><V83/><F32/><W126/><G69/><T21/><D107/><U1/><E104/><V81/><F105/><W80/><G126/><T62/><D36/><U119/><E119/><V82/><F20/><W50/><G128/><T102/><D102/><U16/><E19/><V71/><F71/><W86/><G59/><T41/><D41/><N who="3" m="15945" /><G26/><T108/><D34/><U37/><E37/><V22/><F22/><W42/><N who="3" m="15953" /><W7/><DORA hai="52" /><G80/><T73/><D73/><U33/><E33/><V55/><F127/><W111/><G111/><T114/><D3/><U35/><E35/><V17/><F82/><W68/><G68/><T45/><D45/><U75/><E75/><V131/><F116/><W57/><G57/><T4/><D24/><U58/><E74/><V124/><F124/><W54/><G54/><T90/><D56/><U38/><E38/><V100/><F55/><W92/><AGARI ba="0,0" hai="7,10,12,48,49,50,86,87,92,98,101" m="15953" machi="92" ten="40,2700,0" yaku="8,1,52,1" doraHai="0,52" who="3" fromWho="3" sc="282,-7,224,-13,240,-7,254,27" />
</Scene>
<Scene>
<INIT seed="2,0,0,0,2,12" ten="275,211,233,281" oya="2" hai0="106,44,54,112,33,48,109,19,4,26,114,22,68" hai1="2,85,28,18,8,39,93,101,89,30,52,17,58" hai2="120,77,43,55,5,73,130,38,20,134,107,34,24" hai3="53,1,23,84,87,67,13,37,97,123,56,7,36"/><V60/><F120/><W16/><G123/><T29/><D109/><U41/><E39/><V108/><F107/><W95/><G67/><T90/><D106/><U65/><E2/><V47/><F130/><W3/><G37/><T127/><D127/><U129/><E129/><V117/><F117/><W79/><G36/><T94/><D4/><U128/><E128/><V125/><F125/><W126/><G126/><T75/><D75/><U110/><E110/><V82/><F108/><W92/><G3/><T133/><D68/><U6/><E41/><V66/><F134/><W119/><G119/><T99/><REACH who="0" step="1"/><D133/><REACH who="0" ten="265,211,233,281" step="2"/><U124/><E124/><V86/><F5/><W42/><G7/><T14/><AGARI ba="0,1" hai="14,19,22,26,29,33,44,48,54,90,94,99,112,114" machi="14" ten="20,8000,1" yaku="1,1,2,1,0,1,7,1,52,1,53,0" doraHai="12" doraHaiUra="62" who="0" fromWho="0" sc="265,90,211,-20,233,-40,281,-20" />
</Scene>
<Scene>
<INIT seed="3,0,0,0,2,2" ten="355,191,193,261" oya="3" hai0="32,87,18,76,92,133,53,28,40,39,50,60,57" hai1="121,88,85,132,105,34,135,62,70,8,107,27,95" hai2="98,44,130,96,113,127,83,112,19,5,38,6,55" hai3="118,0,42,99,86,110,103,84,20,82,93,33,58"/><W68/><G118/><T67/><D133/><N who="1" m="51275" /><E121/><V81/><F127/><W16/><G68/><T117/><D117/><U59/><E70/><V1/><F1/><W72/><G33/><T26/><D18/><U61/><E8/><V69/><F69/><W63/><G110/><T91/><D76/><U22/><E34/><V15/><F130/><W89/><G0/><T49/><REACH who="0" step="1"/><D53/><REACH who="0" ten="345,191,193,261" step="2"/><N who="1" m="34031" /><E62/><V52/><F19/><AGARI ba="0,1" hai="19,22,27,85,88,95,105,107" m="34031,51275" machi="19" ten="30,2000,0" yaku="20,1,54,1" doraHai="2" who="1" fromWho="2" sc="345,0,191,30,193,-20,261,0" />
</Scene>
<Scene>
<INIT seed="4,0,0,3,5,92" ten="345,221,173,261" oya="0" hai0="66,112,24,3,4,64,59,79,84,20,110,73,12" hai1="51,119,71,122,75,7,135,43,102,132,83,126,10" hai2="93,13,15,56,37,69,114,123,80,63,90,49,50" hai3="25,21,107,109,47,116,115,120,103,121,65,105,42"/><T81/><D3/><U55/><E71/><V94/><F37/><N who="3" m="21967" /><G109/><T44/><D73/><U97/><E122/><N who="3" m="47210" /><G116/><T28/><D112/><U67/><E67/><V41/><F69/><W33/><G33/><T16/><D110/><U52/><E126/><V100/><F123/><W86/><G115/><T91/><D4/><U9/><E119/><V124/><F114/><W22/><G86/><T106/><D106/><N who="3" m="40457" /><G103/><T113/><D113/><U99/><E102/><V57/><F124/><W45/><G65/><T108/><D108/><U0/><E10/><V118/><F118/><W68/><G68/><T27/><D27/><U101/><E101/><V77/><F100/><W17/><G45/><T60/><D44/><N who="1" m="26015" /><E75/><V53/><F41/><W78/><G22/><T87/><D66/><U6/><E6/><V117/><F117/><W104/><N who="3" m="40465" /><W85/><DORA hai="62" /><G85/><T36/><D36/><U38/><E38/><V5/><F5/><W131/><G131/><T128/><D128/><U26/><E83/><V8/><F80/><W35/><G35/><T95/><D12/><U134/><E26/><V54/><F13/><W98/><G98/><AGARI ba="0,0" hai="0,7,9,52,55,97,98,99,132,134,135" m="26015" machi="98" ten="30,8000,1" yaku="20,1,52,3,54,1" doraHai="92,62" who="1" fromWho="3" sc="345,0,221,80,173,0,261,-80" />
</Scene>
<Scene>
<INIT seed="5,0,0,5,3,35" ten="345,301,173,181" oya="1" hai0="44,101,74,15,26,123,22,108,52,47,128,9,34" hai1="30,32,61,43,42,126,5,81,114,37,48,51,59" hai2="135,133,130,11,13,55,80,58,53,132,10,16,95" hai3="31,99,85,19,112,86,102,56,49,27,109,125,72"/><U17/><E32/><V106/><F106/><W96/><G109/><T124/><D34/><U116/><E30/><V67/><F130/><W60/><G72/><T118/><D74/><U28/><E28/><V33/><F33/><W70/><G125/><T90/><D101/><U50/><E116/><V65/><F80/><W46/><G70/><T100/><D100/><U1/><E126/><V94/><F10/><W40/><G19/><N who="0" m="12639" /><D124/><U41/><E114/><V45/><F45/><W75/><G75/><T66/><D66/><N who="2" m="25098" /><F53/><N who="3" m="33807" /><G112/><T111/><D118/><U64/><E81/><V87/><F87/><N who="3" m="33291" /><G102/><T120/><D90/><U7/><E37/><V69/><F69/><W76/><G76/><T3/><D44/><U2/><REACH who="1" step="1"/><E17/><REACH who="1" ten="345,291,173,181" step="2"/><V36/><F36/><W6/><G6/><AGARI ba="0,1" hai="1,2,5,6,7,41,42,43,48,50,51,59,61,64" machi="6" ten="40,12000,1" yaku="1,1,2,1,52,2,53,0" doraHai="35" doraHaiUra="29" who="1" fromWho="3" sc="345,0,291,130,173,0,181,-120" />
</Scene>
<Scene>
<INIT seed="5,1,0,3,3,114" ten="345,421,173,61" oya="1" hai0="28,94,53,111,19,91,119,61,36,23,118,54,96" hai1="69,20,34,129,6,80,134,131,135,130,122,18,62" hai2="38,126,13,14,1,124,42,101,84,133,44,112,128" hai3="72,8,11,68,86,117,22,10,46,97,39,76,33"/><U99/><E34/><V21/><F1/><W3/><G33/><T9/><D111/><U52/><E122/><V100/><F112/><W25/><G68/><T56/><D36/><U45/><E6/><V63/><F128/><W77/><G72/><T106/><D106/><U32/><E32/><V75/><F75/><W82/><G3/><T51/><D9/><U79/><E99/><V71/><F133/><N who="1" m="50697" /><E69/><V113/><F113/><W116/><G97/><T85/><D28/><U40/><E40/><V57/><F71/><W78/><G46/><T87/><D87/><U26/><E45/><V132/><F132/><W120/><G39/><T70/><D70/><U73/><E62/><V29/><F63/><W107/><G107/><T109/><D109/><U37/><E37/><V43/><F43/><W74/><G120/><T110/><D110/><U90/><E90/><V65/><F42/><W47/><G47/><N who="0" m="27903" /><D85/><U17/><E52/><V35/><F35/><W93/><G93/><T16/><D19/><AGARI ba="1,0" hai="17,18,19,20,26,73,79,80,129,130,131" m="50697" machi="19" ten="40,3900,0" yaku="19,1,20,1" doraHai="114" who="1" fromWho="0" sc="345,-42,421,42,173,0,61,0" />
</Scene>
<Scene>
<INIT seed="5,2,0,1,5,6" ten="303,463,173,61" oya="1" hai0="45,70,27,41,130,3,82,103,102,75,33,24,9" hai1="68,107,122,125,78,76,0,19,83,113,77,74,8" hai2="59,40,134,32,37,63,28,30,55,91,62,52,58" hai3="114,11,31,26,15,65,50,39,104,94,96,34,7"/><U87/><E68/><V60/><F134/><W132/><G39/><N who="0" m="21695" /><D24/><U121/><E107/><V29/><F91/><W105/><G132/><T135/><D135/><U98/><E98/><V36/><F32/><W73/><G73/><T84/><D84/><U109/><E109/><V117/><F117/><W12/><G114/><T112/><D70/><U123/><E113/><V119/><F119/><W131/><G131/><T108/><D112/><U88/><E125/><V10/><F40/><W5/><G65/><T110/><D103/><U127/><E127/><V14/><F63/><W115/><G115/><T20/><D102/><U1/><REACH who="1" step="1"/><E74/><REACH who="1" ten="303,453,173,61" step="2"/><V42/><F42/><W35/><G105/><T79/><D130/><U128/><E128/><V48/><F48/><W97/><G104/><T47/><D75/><U101/><E101/><V106/><F106/><W67/><G50/><T13/><D110/><U124/><E124/><V56/><F56/><W111/><G111/><T126/><D126/><U43/><E43/><V80/><F80/><W53/><G97/><T86/><D82/><U133/><E133/><V129/><F129/><W18/><G96/><T93/><D108/><U120/><N who="1" m="30720" /><DORA hai="21" /><U25/><E25/><V16/><AGARI ba="2,1" hai="10,14,16,28,29,30,36,37,52,55,58,59,60,62" machi="16" ten="30,8000,1" yaku="0,1,9,1,52,1,54,2" doraHai="6,21" who="2" fromWho="2" sc="303,-22,453,-42,173,96,61,-22" />
</Scene>
<Scene>
<INIT seed="6,0,0,3,5,17" ten="281,411,269,39" oya="2" hai0="114,74,51,59,8,58,27,56,125,18,82,110,71" hai1="80,92,43,61,98,32,87,107,28,124,115,25,49" hai2="34,65,22,37,21,102,2,14,16,96,36,46,44" hai3="75,90,129,53,119,41,3,108,86,100,116,1,93"/><V127/><F34/><W45/><G75/><T84/><D110/><U20/><E115/><V135/><F2/><W91/><G108/><T67/><D74/><U66/><E124/><V6/><F6/><W112/><G100/><T105/><D105/><U117/><E107/><V77/><F77/><W130/><G53/><T103/><D103/><U118/><E32/><V126/><F65/><W113/><G91/><T76/><D114/><N who="3" m="44137" /><G3/><T10/><D125/><N who="2" m="47626" /><F135/><W38/><G1/><T64/><D71/><U128/><E128/><AGARI ba="0,0" hai="38,41,45,86,90,93,116,119,128,129,130" m="44137" machi="128" ten="30,3900,0" yaku="19,1,15,1,11,1" doraHai="17" who="3" fromWho="1" sc="281,0,411,-39,269,0,39,39" />
</Scene>
<Scene>
<INIT seed="7,0,0,3,2,2" ten="281,372,269,78" oya="3" hai0="52,16,53,88,134,25,1,34,81,59,50,108,125" hai1="84,49,47,36,37,129,110,107,127,78,94,91,74" hai2="62,100,85,9,30,95,32,132,67,109,79,135,130" hai3="70,12,97,77,17,41,72,66,73,38,124,27,131"/><W35/><G131/><T76/><D108/><U121/><E121/><V96/><F109/><W118/><G118/><T82/><D1/><U80/><E110/><V133/><F130/><W4/><G124/><T60/><D134/><U69/><E69/><N who="2" m="42231" /><F9/><N who="3" m="4135" /><G35/><T103/><D103/><U42/><E129/><V68/><F68/><W51/><G38/><T39/><D39/><U29/><E127/><V75/><F75/><W113/><G113/><T58/><D125/><U56/><E29/><V8/><F8/><W114/><G114/><T43/><D43/><U21/><E21/><V40/><F40/><W104/><G70/><T112/><D112/><U120/><E120/><V63/><F63/><W48/><G66/><T54/><D54/><U11/><E56/><V31/><F32/><W83/><G73/><T89/><D34/><U7/><E107/><V55/><F55/><W33/><G41/><T3/><D3/><AGARI ba="0,0" hai="3,7,11,36,37,42,47,49,74,78,80,84,91,94" machi="3" ten="30,2000,0" yaku="7,1,52,1" doraHai="2" who="1" fromWho="0" sc="281,-20,372,20,269,0,78,0" owari="261,-14.0,392,49.0,269,7.0,78,-42.0" />
</Scene>
</mjloggm>