<mjloggm ver="2.3"><GO type="169" lobby="0"/><UN n0="%E6%98%9F%E9%99%8D%E3%82%8B%E8%A1%97" n1="%E3%81%B9%E3%81%A3%E3%81%93%E3%83%BC%E2%99%AA" n2="%E5%A4%AA%E3%81%8F%E3%81%AA%E3%81%84%E3%81%8A" n3="%6D%75%67%62%79" dan="17,16,18,16" rate="2145.97,2061.73,2247.84,2105.00" sx="F,F,M,M"/><TAIKYOKU oya="0"/>

<Scene>
<INIT seed="0,0,0,5,5,2" ten="250,250,250,250" oya="0" hai0="108,82,28,50,121,98,20,67,100,94,33,11,119" hai1="118,18,4,95,130,115,65,59,34,114,41,15,39" hai2="73,112,29,71,113,90,58,86,135,74,37,83,120" hai3="52,62,49,25,134,69,133,110,8,72,66,125,14"/><T92/><D33/><U102/><E118/><V104/><F71/><W53/><G53/><T88/><BYE who="3" /><D121/><U93/><E34/><V96/><F37/><W38/><G38/><T123/><D123/><U9/><E130/><V42/><F42/><W23/><G23/><T10/><D119/><U55/><E65/><V6/><F29/><W89/><G89/><T44/><D67/><U128/><E128/><V79/><F120/><W124/><G124/><T107/><D82/><U24/><E102/><N who="2" m="62535" /><F58/><W60/><G60/><T85/><D107/><U111/><E41/><UN n3="%6D%75%67%62%79" /><V101/><F6/><W122/><G72/><N who="2" m="27753" /><F101/><W97/><G122/><T48/><D108/><U56/><E39/><V32/><F32/><W0/><G0/><T19/><D28/><U84/><E59/><V57/><F57/><W12/><G110/><T16/><D19/><U13/><E111/><V80/><F135/><W106/><G133/><T109/><D109/><U132/><E24/><V103/><F103/><W68/><G134/><T70/><D70/><U40/><E40/><V21/><F21/><W105/><G69/><T64/><D64/><U63/><E132/><V51/><F51/><N who="0" m="19498" /><D44/><U77/><E115/><V75/><AGARI ba="0,0" hai="75,79,80,83,86,90,112,113" m="27753,62535" machi="75" ten="30,2000,0" yaku="34,2" doraHai="2" who="2" fromWho="2" sc="250,-10,250,-5,250,20,250,-5" />
</Scene>
<Scene>
<INIT seed="1,0,0,4,5,53" ten="240,245,270,245" oya="1" hai0="88,107,27,114,60,105,23,56,84,19,127,29,45" hai1="18,76,82,129,2,11,13,37,110,133,0,113,103" hai2="59,22,74,86,55,94,61,42,43,48,16,24,38" hai3="108,106,132,52,111,83,73,28,44,51,89,36,64"/><U12/><E113/><V5/><F74/><W90/><G132/><T118/><D114/><U10/><E133/><V46/><F5/><W109/><G106/><T68/><D68/><U95/><E129/><V30/><F38/><W131/><G131/><T92/><D118/><U80/><E37/><V116/><F116/><W112/><G112/><T35/><D45/><U21/><E110/><V62/><F62/><W81/><G28/><T119/><D127/><U102/><E21/><V58/><F30/><W78/><G36/><T115/><D115/><U40/><E40/><N who="2" m="15403" /><F61/><W71/><G83/><T34/><D119/><U117/><E117/><V63/><F63/><AGARI ba="0,0" hai="44,51,52,63,64,71,73,78,81,89,90,108,109,111" machi="63" ten="40,2600,0" yaku="14,1,54,1" doraHai="53" who="3" fromWho="2" sc="240,0,245,0,270,-26,245,26" />
</Scene>
<Scene>
<INIT seed="2,0,0,2,1,128" ten="240,245,244,271" oya="2" hai0="19,17,114,105,27,95,109,9,119,51,23,40,88" hai1="64,116,118,12,75,120,45,76,96,131,10,38,63" hai2="53,77,110,121,44,5,55,6,123,133,54,101,112" hai3="60,126,52,2,32,1,49,13,74,56,36,29,82"/><V107/><F112/><W61/><G36/><T129/><D105/><U106/><E120/><V72/><F107/><W20/><G32/><T15/><D114/><U87/><E131/><V71/><F71/><W33/><G33/><T134/><D129/><U62/><E75/><V111/><F101/><W21/><G126/><T30/><D109/><N who="2" m="41482" /><F44/><W50/><G13/><T8/><D119/><U69/><E106/><V94/><F94/><W22/><G29/><T103/><D103/><U47/><E96/><V70/><F70/><W42/><G74/><T43/><D134/><U26/><E47/><V37/><F37/><W91/><G42/><T130/><D130/><U92/><E45/><V135/><F77/><W46/><G46/><T80/><D80/><U79/><E38/><V25/><F72/><W115/><G115/><T125/><D125/><U57/><E76/><V18/><F18/><W3/><G60/><T41/><D51/><U59/><E69/><V58/><F25/><W98/><G82/><T66/><D66/><U24/><E116/><V67/><F67/><W108/><G108/><T65/><D65/><N who="1" m="39119" /><E118/><V97/><F97/><W89/><REACH who="3" step="1"/><G98/><REACH who="3" ten="240,245,244,261" step="2"/><N who="0" m="57703" /><D8/><U14/><E10/><V48/><F48/><AGARI ba="0,1" hai="1,2,3,20,21,22,48,49,50,52,56,61,89,91" machi="48" ten="50,3200,0" yaku="1,1,54,1,53,0" doraHai="128" doraHaiUra="73" who="3" fromWho="2" sc="240,0,245,0,244,-32,261,42" />
</Scene>
<Scene>
<INIT seed="3,0,0,3,5,45" ten="240,245,212,303" oya="3" hai0="125,106,88,105,18,30,61,1,39,102,40,19,8" hai1="85,90,27,74,33,126,36,65,98,54,87,29,108" hai2="104,116,63,131,92,56,66,17,135,95,75,41,71" hai3="14,38,43,22,58,72,81,46,80,53,103,21,4"/><W12/><G103/><T68/><D125/><U84/><E74/><V113/><F113/><W117/><G117/><T97/><D30/><U76/><E126/><V59/><F116/><W130/><G130/><T94/><D39/><U67/><E36/><V134/><F104/><W52/><G72/><T64/><D40/><U129/><E129/><V122/><F131/><W70/><G70/><T78/><D78/><U7/><E7/><V100/><F75/><W13/><G4/><T112/><D112/><U118/><E76/><V86/><F122/><W10/><G10/><T133/><D133/><N who="2" m="50698" /><F41/><W15/><G15/><T48/><D106/><U24/><E108/><V44/><F44/><W93/><G93/><N who="2" m="35913" /><F100/><W50/><REACH who="3" step="1"/><G53/><REACH who="3" ten="240,245,212,293" step="2"/><T5/><D102/><U124/><E54/><V111/><F111/><W101/><G101/><T32/><D105/><U123/><E118/><V89/><F71/><W79/><G79/><T25/><D68/><U0/><E124/><V47/><F89/><W6/><G6/><T9/><D5/><U2/><E90/><V60/><F66/><W49/><G49/><T31/><D1/><U132/><E0/><V37/><F37/><W20/><AGARI ba="0,1" hai="12,13,14,20,21,22,38,43,46,50,52,58,80,81" machi="20" ten="30,11700,0" yaku="1,1,0,1,52,1,54,1,53,0" doraHai="45" doraHaiUra="127" who="3" fromWho="3" sc="240,-39,245,-39,212,-39,293,127" />
</Scene>
<Scene>
<INIT seed="3,1,0,4,4,77" ten="201,206,173,420" oya="3" hai0="100,67,32,38,11,79,44,8,50,117,70,13,130" hai1="61,121,54,35,15,99,14,85,123,83,90,68,106" hai2="88,119,66,40,109,131,46,2,36,101,56,110,1" hai3="107,57,135,21,94,34,20,26,97,4,7,103,96"/><W33/><G135/><T93/><D32/><U74/><E35/><V19/><F119/><W76/><G76/><T59/><D38/><U64/><E54/><V78/><F101/><W122/><G122/><T129/><D70/><U84/><E74/><V12/><F78/><W72/><G72/><T113/><D117/><U82/><E121/><V73/><F73/><W91/><G57/><T23/><D113/><U10/><E123/><V92/><F131/><W126/><G126/><T80/><D23/><U115/><E115/><V51/><F66/><W112/><G112/><T75/><D100/><U0/><E99/><N who="2" m="57735" /><F56/><W6/><REACH who="3" step="1"/><G21/><REACH who="3" ten="201,206,173,410" step="2"/><T48/><D59/><U134/><E134/><V86/><F110/><W118/><G118/><T29/><D79/><U16/><E106/><V25/><F109/><W102/><G102/><T9/><D75/><U63/><E68/><V52/><F46/><W30/><AGARI ba="1,1" hai="4,6,7,20,26,30,33,34,91,94,96,97,103,107" machi="30" ten="30,6000,0" yaku="1,1,0,1,53,1" doraHai="77" doraHaiUra="22" who="3" fromWho="3" sc="201,-21,206,-21,173,-21,410,73" />
</Scene>
<Scene>
<INIT seed="3,2,0,2,4,97" ten="180,185,152,483" oya="3" hai0="100,64,103,48,115,127,110,117,26,49,55,122,134" hai1="4,112,44,39,10,52,98,14,13,129,3,67,131" hai2="58,130,36,62,38,73,16,17,94,40,91,89,45" hai3="34,105,28,79,87,47,78,75,81,25,92,6,65"/><W99/><G105/><T74/><D74/><U46/><E112/><V54/><F73/><W83/><G6/><T31/><D122/><U27/><E67/><V1/><F1/><W80/><G80/><T57/><D117/><U119/><E27/><V2/><F2/><W123/><G65/><T22/><D110/><U18/><E119/><V72/><F72/><W23/><G47/><T133/><D115/><U69/><E69/><V51/><F130/><N who="1" m="49673" /><E39/><V108/><F108/><W53/><G53/><N who="0" m="31911" /><D64/><U30/><E30/><V86/><F38/><W24/><G123/><T88/><D127/><U77/><E77/><V20/><F36/><W5/><G5/><T90/><D133/><U59/><E98/><V32/><F32/><W101/><REACH who="3" step="1"/><G25/><REACH who="3" ten="180,185,152,473" step="2"/><T124/><D134/><U7/><E4/><V126/><F126/><W42/><G42/><T66/><D66/><U35/><E3/><V82/><REACH who="2" step="1"/><F20/><AGARI ba="2,1" hai="20,23,24,28,34,75,78,79,81,83,87,92,99,101" machi="20" ten="40,3900,0" yaku="1,1,52,1,53,0" doraHai="97" doraHaiUra="121" who="3" fromWho="2" sc="180,0,185,0,152,-45,473,55" />
</Scene>
<Scene>
<INIT seed="3,3,0,2,2,109" ten="180,185,107,528" oya="3" hai0="118,73,78,20,44,4,6,135,23,80,32,18,52" hai1="11,90,66,45,22,68,87,21,82,31,123,113,3" hai2="103,86,14,95,77,107,30,114,100,120,41,131,119" hai3="71,40,63,27,9,12,124,29,47,130,92,34,49"/><W2/><G2/><T1/><D32/><U25/><E123/><V60/><F119/><W55/><G124/><T122/><D122/><U88/><E113/><V53/><F120/><W115/><G130/><T10/><D118/><U79/><E68/><V13/><F131/><W37/><G92/><T89/><D135/><U96/><E66/><V75/><F41/><W125/><G125/><T110/><D110/><U121/><E121/><V69/><F30/><W57/><G115/><T61/><D6/><U129/><E129/><V39/><F39/><W43/><G43/><T7/><D7/><U105/><E45/><V8/><F114/><W101/><G101/><T83/><D18/><U111/><E111/><V106/><F75/><W36/><REACH who="3" step="1"/><G71/><REACH who="3" ten="180,185,107,518" step="2"/><T104/><D104/><U65/><E3/><V46/><F69/><W132/><G132/><T33/><D1/><U42/><E42/><V35/><F106/><W126/><G126/><T93/><D93/><U91/><E105/><V62/><F107/><W127/><G127/><T56/><D83/><U50/><E82/><V51/><F100/><W134/><G134/><T85/><D80/><U98/><E96/><V5/><F103/><W48/><G48/><T102/><D102/><U128/><E50/><V108/><F108/><W58/><G58/><T81/><D81/><U94/><E98/><V38/><F95/><W97/><G97/><T28/><D56/><U26/><E94/><V116/><F116/><W84/><G84/><T99/><D99/><U0/><E128/><V76/><F86/><W17/><AGARI ba="3,1" hai="9,12,17,27,29,34,36,37,40,47,49,55,57,63" machi="17" ten="20,7800,0" yaku="1,1,0,1,7,1,53,1" doraHai="109" doraHaiUra="15" who="3" fromWho="3" sc="180,-29,185,-29,107,-29,518,97" />
</Scene>
<Scene>
<INIT seed="3,4,0,5,0,48" ten="151,156,78,615" oya="3" hai0="0,54,110,39,134,67,117,114,40,55,132,125,60" hai1="14,34,44,78,85,79,27,32,64,75,37,61,62" hai2="53,126,16,116,42,128,38,77,108,20,73,97,123" hai3="93,76,86,23,36,72,31,15,49,24,124,105,71"/><W57/><G71/><N who="0" m="42471" /><D0/><U1/><E1/><V129/><F116/><W95/><G105/><T90/><D117/><U25/><E75/><V33/><F33/><W65/><G124/><T52/><D125/><U59/><E14/><V99/><F126/><W92/><G72/><T58/><D90/><U11/><E11/><V50/><F108/><W103/><G36/><T94/><D94/><U5/><E5/><V82/><F123/><W45/><G103/><T127/><D127/><U81/><E32/><V18/><F42/><W120/><G15/><T10/><D10/><U102/><E102/><V47/><F38/><W4/><G4/><T22/><D22/><U30/><E27/><V131/><F18/><W122/><G65/><T111/><D114/><U112/><E112/><V13/><AGARI ba="4,0" hai="13,16,20,47,50,53,73,77,82,97,99,128,129,131" machi="13" ten="30,7900,0" yaku="0,1,19,1,52,1,54,1" doraHai="48" who="2" fromWho="2" sc="151,-24,156,-24,78,91,615,-43" />
</Scene>
<Scene>
<INIT seed="4,0,0,1,1,27" ten="127,132,169,572" oya="0" hai0="89,118,101,52,18,123,37,77,117,4,121,42,13" hai1="104,120,125,103,28,29,128,76,82,94,43,73,98" hai2="35,97,61,63,20,95,59,99,60,81,5,93,132" hai3="65,90,72,116,22,88,105,6,102,3,96,9,38"/><T49/><D4/><U48/><E120/><V19/><F35/><W11/><G72/><T7/><D7/><U45/><E125/><V46/><F132/><W108/><G108/><T16/><D37/><U10/><E128/><V1/><F1/><W83/><G38/><T41/><D101/><U12/><E104/><V134/><F5/><AGARI ba="0,0" hai="5,10,12,28,29,43,45,48,73,76,82,94,98,103" machi="5" ten="30,3900,0" yaku="7,1,52,2" doraHai="27" who="1" fromWho="2" sc="127,0,132,39,169,-39,572,0" />
</Scene>
<Scene>
<INIT seed="5,0,0,0,1,129" ten="127,171,130,572" oya="1" hai0="21,124,18,114,123,96,92,131,113,73,130,10,50" hai1="126,101,28,7,8,42,118,20,100,111,23,58,104" hai2="30,66,41,39,49,32,115,11,106,4,116,9,57" hai3="68,90,120,27,98,99,135,67,103,81,133,52,46"/><U56/><E118/><V34/><F116/><W35/><G120/><T70/><D73/><U40/><E111/><V47/><F106/><W29/><G81/><T45/><D70/><U26/><E126/><V55/><F115/><N who="0" m="44042" /><D10/><U3/><E104/><V109/><F109/><W71/><G90/><N who="0" m="55319" /><D124/><U97/><E101/><V89/><F30/><W0/><G0/><T119/><D123/><U14/><E97/><V93/><F66/><W127/><G127/><T1/><D1/><U54/><E100/><V108/><F108/><W24/><G24/><N who="0" m="14391" /><D119/><U117/><E117/><V59/><F59/><W87/><G87/><T134/><D134/><N who="3" m="51209" /><G67/><T64/><D64/><U2/><E2/><V6/><F11/><W48/><G99/><T16/><D16/><U62/><E3/><V95/><F4/><W36/><G36/><T122/><D122/><U19/><E7/><V15/><F93/><AGARI ba="0,0" hai="27,29,35,46,48,52,68,71,93,98,103" m="51209" machi="93" ten="30,8000,1" yaku="20,1,52,3,54,1" doraHai="129" who="3" fromWho="2" sc="127,0,171,0,130,-80,572,80" />
</Scene>
<Scene>
<INIT seed="6,0,0,2,3,132" ten="127,171,50,652" oya="2" hai0="78,56,116,2,88,16,19,67,5,100,43,111,52" hai1="14,68,89,120,94,97,38,29,26,57,18,90,21" hai2="15,66,87,91,103,108,7,11,50,73,84,0,86" hai3="129,31,41,85,79,119,12,27,17,82,63,104,61"/><V72/><F108/><W101/><G129/><T20/><D111/><U64/><E38/><V37/><F37/><W69/><G119/><T106/><D78/><U76/><E76/><V118/><F118/><W93/><G41/><T110/><D110/><U54/><E68/><V126/><F103/><W32/><G104/><T134/><D2/><U115/><E115/><V60/><F126/><W95/><G69/><T133/><D5/><U107/><E107/><V114/><F114/><W62/><G101/><T8/><D67/><U70/><E70/><V22/><F91/><W28/><G28/><T49/><D43/><U44/><E64/><V55/><F60/><W1/><G1/><T77/><D77/><U33/><E44/><V46/><REACH who="2" step="1"/><F66/><REACH who="2" ten="127,171,40,652" step="2"/><W13/><G63/><T35/><D116/><U102/><E120/><V131/><F131/><W123/><G62/><AGARI ba="0,1" hai="14,18,21,26,29,33,54,57,62,89,90,94,97,102" machi="62" ten="30,1000,0" yaku="7,1" doraHai="132" who="1" fromWho="3" sc="127,0,171,20,40,0,652,-10" />
</Scene>
<Scene>
<INIT seed="7,0,0,5,1,18" ten="127,191,40,642" oya="3" hai0="93,62,34,0,70,81,101,33,45,107,80,22,14" hai1="68,6,3,99,109,103,41,63,25,90,17,13,111" hai2="35,2,1,125,48,96,118,11,92,84,30,43,105" hai3="77,130,86,121,83,97,26,91,52,53,46,76,106"/><W98/><G121/><T23/><D0/><U32/><E90/><V82/><F118/><W123/><G123/><T40/><D107/><U119/><E41/><V120/><F120/><W87/><G130/><T19/><D34/><U79/><E79/><N who="3" m="30282" /><G106/><T60/><D33/><U108/><E17/><V8/><F105/><W64/><G64/><T73/><D73/><U135/><E13/><V50/><F125/><W4/><G4/><T122/><D122/><U15/><E135/><V49/><F35/><W95/><G26/><T102/><D70/><U128/><E25/><V78/><F1/><W72/><G72/><T39/><D102/><U55/><E32/><V37/><F2/><W133/><G133/><T116/><D116/><U24/><E68/><V5/><F37/><W117/><G117/><T131/><D131/><U89/><E128/><V44/><F30/><W69/><G69/><T31/><D81/><U94/><E3/><V51/><REACH who="2" step="1"/><F5/><REACH who="2" ten="127,191,30,642" step="2"/><W28/><G28/><T7/><D7/><U114/><E6/><V21/><F21/><W59/><G46/><T88/><D31/><U54/><E119/><V124/><F124/><W66/><G66/><T113/><D45/><U58/><E109/><V104/><F104/><W56/><G56/><T110/><D39/><U47/><E58/><V57/><F57/><W67/><G67/><T126/><D126/><U9/><E47/><V71/><F71/><W100/><G100/><T29/><D101/><U61/><E103/><V65/><F65/><W75/><G75/><T27/><D29/><U36/><E108/><V12/><F12/><RYUUKYOKU ba="0,1" sc="127,-10,191,-10,30,30,642,-10" hai2="8,11,43,44,48,49,50,51,78,82,84,92,96" owari="117,-28.0,181,-2.0,60,-44.0,642,74.0" />
</Scene>
</mjloggm>