<mjloggm ver="2.3"><GO type="169" lobby="0"/><UN n0="%E3%82%BF%E3%82%A4%E3%82%BD%E3%83%B3%EF%BC%A0" n1="%E5%A4%AA%E3%81%8F%E3%81%AA%E3%81%84%E3%81%8A" n2="%E3%81%86%E3%82%8B%E3%81%95%E3%81%84%E3%81%AF%E8%A4%92%E3%82%81%E8%A9%9E" n3="%3D%E5%9C%92%E5%9F%8E%E5%AF%BA%E6%80%9C%3D" dan="17,19,17,18" rate="2118.48,2329.03,2116.98,2225.09" sx="M,F,M,F"/><TAIKYOKU oya="0"/>

<Scene>
<INIT seed="0,0,0,1,4,33" ten="250,250,250,250" oya="0" hai0="118,23,54,78,58,95,70,100,91,9,11,7,19" hai1="82,119,67,25,134,18,105,59,116,92,85,45,3" hai2="32,81,104,102,68,47,50,113,96,4,6,123,87" hai3="120,8,16,110,128,66,34,26,98,10,39,56,112"/><T24/><D70/><U73/><E105/><V41/><F113/><W42/><G39/><T135/><D135/><U31/><E73/><V52/><F32/><W130/><G42/><T30/><D78/><U111/><E134/><V29/><F29/><W13/><G112/><T132/><D132/><U75/><E75/><V109/><F123/><W61/><G110/><T101/><D30/><U1/><E92/><V2/><F109/><W83/><G83/><T93/><D93/><U12/><E111/><V97/><F97/><W88/><G26/><T64/><D64/><U124/><E45/><V5/><F68/><W89/><G34/><T86/><D118/><U84/><E124/><V79/><REACH who="2" step="1"/><F41/><REACH who="2" ten="250,250,240,250" step="2"/><W72/><G98/><T106/><D106/><U21/><E116/><V35/><F35/><W0/><G120/><T121/><D121/><U53/><E119/><V22/><F22/><W65/><G130/><T122/><D122/><U133/><E133/><V127/><F127/><W49/><G128/><T94/><D101/><U48/><E67/><V36/><F36/><W77/><G65/><T14/><D100/><U129/><E129/><V46/><F46/><W27/><G66/><T40/><D40/><U115/><E115/><V108/><F108/><W99/><G99/><T90/><D11/><AGARI ba="0,1" hai="2,4,5,6,11,47,50,52,79,81,87,96,102,104" machi="11" ten="40,8000,1" yaku="1,1,52,1,54,1,53,1" doraHai="33" doraHaiUra="51" who="2" fromWho="0" sc="250,-80,250,0,240,90,250,0" />
</Scene>
<Scene>
<INIT seed="1,0,0,5,0,12" ten="170,250,330,250" oya="1" hai0="51,120,41,111,59,47,55,37,105,72,116,26,93" hai1="33,25,1,73,80,79,48,7,18,78,92,112,57" hai2="95,130,104,109,2,24,127,15,0,96,106,107,19" hai3="45,132,58,16,46,67,99,10,61,102,110,52,75"/><U101/><E112/><V91/><F109/><W94/><G75/><T131/><D111/><U122/><E122/><V66/><F130/><W22/><G110/><T40/><D105/><U9/><E78/><V62/><F24/><W11/><G132/><T56/><D120/><U8/><E33/><V123/><F123/><W124/><G124/><T103/><D72/><U36/><E36/><V76/><F76/><W69/><G69/><T34/><D131/><U49/><E57/><V129/><F127/><W90/><G102/><T135/><D135/><U44/><E44/><N who="3" m="17002" /><G67/><T133/><D116/><U113/><E113/><V29/><F29/><W128/><G128/><T88/><D103/><U21/><REACH who="1" step="1"/><E9/><REACH who="1" ten="170,240,330,250" step="2"/><V63/><F129/><W97/><G97/><AGARI ba="0,1" hai="1,7,8,18,21,25,48,49,73,79,80,92,97,101" machi="97" ten="40,7700,0" yaku="1,1,2,1,52,1,53,0" doraHai="12" doraHaiUra="31" who="1" fromWho="3" sc="170,0,240,87,330,0,250,-77" />
</Scene>
<Scene>
<INIT seed="1,1,0,5,3,132" ten="170,327,330,173" oya="1" hai0="6,62,111,57,48,74,26,10,55,33,110,20,130" hai1="45,82,47,81,112,89,35,1,103,29,36,40,125" hai2="87,49,67,19,116,24,99,31,63,38,39,76,25" hai3="83,32,135,17,2,123,42,8,106,43,61,9,14"/><U27/><E112/><V23/><F116/><W119/><G106/><T41/><D74/><U108/><E1/><V71/><F49/><W101/><G101/><T91/><D33/><U51/><E103/><V86/><F76/><W127/><G32/><T16/><D130/><U121/><E121/><V100/><F86/><W52/><G83/><T4/><D91/><U98/><E108/><N who="0" m="41513" /><D10/><U80/><E125/><V30/><F87/><W129/><G129/><T94/><D94/><U64/><E64/><V3/><F19/><W50/><G123/><T90/><D90/><U134/><E134/><V95/><F3/><W68/><G9/><T84/><D84/><U120/><E120/><V96/><F99/><W70/><G2/><T128/><D128/><U97/><REACH who="1" step="1"/><E89/><REACH who="1" ten="170,317,330,173" step="2"/><V75/><F75/><W60/><G135/><T122/><D122/><U66/><E66/><V72/><F72/><W92/><G119/><T12/><D12/><U7/><E7/><V133/><F133/><W107/><G14/><T114/><D114/><U46/><E46/><AGARI ba="1,1" hai="4,6,16,20,26,41,46,48,55,57,62" m="41513" machi="46" ten="30,2000,0" yaku="14,1,54,1" doraHai="132" who="0" fromWho="1" sc="170,33,317,-23,330,0,173,0" />
</Scene>
<Scene>
<INIT seed="2,0,0,4,0,126" ten="203,294,330,173" oya="2" hai0="62,114,132,70,90,112,13,1,18,101,43,80,74" hai1="4,72,109,27,21,134,119,3,52,135,6,125,131" hai2="104,88,102,11,26,35,83,108,120,10,107,32,124" hai3="33,2,45,89,58,5,128,60,20,66,100,0,50"/><V64/><F120/><W130/><G33/><T67/><D1/><U19/><E72/><V34/><F26/><W84/><G100/><T73/><D132/><N who="1" m="50731" /><E119/><V97/><F107/><W87/><G20/><T86/><D43/><U30/><E125/><V127/><F124/><W59/><G59/><T38/><D38/><U25/><E109/><V122/><F122/><W93/><G84/><T48/><D48/><U106/><E106/><V61/><F108/><W69/><G58/><T39/><D39/><U42/><E42/><V121/><F127/><W91/><G91/><T96/><D74/><U23/><E52/><V71/><F121/><W22/><G22/><T12/><D73/><U105/><E105/><V82/><F82/><W16/><G16/><T110/><D110/><U29/><E3/><V44/><F44/><W78/><G78/><T15/><REACH who="0" step="1"/><D18/><REACH who="0" ten="193,294,330,173" step="2"/><U95/><E19/><V49/><F49/><W81/><G2/><T57/><D57/><U116/><E116/><V51/><F51/><W36/><G36/><T115/><D115/><U47/><E47/><V14/><F61/><W113/><G113/><T65/><D65/><U77/><E4/><V53/><F64/><W103/><G5/><T99/><D99/><U63/><E6/><N who="2" m="3415" /><F53/><N who="3" m="29903" /><G0/><T56/><D56/><U28/><E63/><V46/><F46/><W17/><G17/><T54/><D54/><U94/><E25/><V8/><F71/><W117/><G117/><T133/><D133/><U75/><E27/><V40/><F40/><W85/><G85/><T55/><D55/><U118/><E118/><V98/><F97/><AGARI ba="0,1" hai="60,66,69,81,87,89,93,97,103,128,130" m="29903" machi="97" ten="30,3900,0" yaku="6,1,52,2" doraHai="126" who="3" fromWho="2" sc="193,0,294,0,330,-39,173,49" />
</Scene>
<Scene>
<INIT seed="3,0,0,0,0,49" ten="193,294,291,222" oya="3" hai0="94,45,25,39,91,120,117,56,79,2,114,18,59" hai1="62,130,30,90,92,112,55,65,106,38,115,133,6" hai2="53,16,27,14,93,47,20,100,66,131,78,69,118" hai3="77,124,34,135,9,104,111,82,32,132,63,64,17"/><W29/><G104/><T5/><D117/><U36/><E106/><V22/><F118/><W46/><G46/><T96/><D120/><U7/><E30/><V128/><F78/><W122/><G122/><T28/><D114/><U107/><E107/><V101/><F66/><W13/><G124/><T70/><D70/><U3/><E133/><N who="3" m="51274" /><G29/><T4/><D18/><U123/><E123/><V86/><F69/><N who="3" m="42143" /><G111/><T105/><D105/><U134/><E134/><V43/><F43/><W10/><G10/><T95/><D79/><U73/><E36/><V41/><F41/><W89/><G89/><T76/><D76/><U23/><E38/><V42/><F42/><W61/><G61/><T60/><D45/><U83/><E62/><V127/><F127/><W97/><G97/><T88/><D39/><U11/><E90/><N who="2" m="53463" /><F131/><W121/><G121/><T103/><D103/><U1/><E130/><V102/><F128/><W81/><G81/><T87/><D2/><U129/><E1/><V119/><F119/><W74/><AGARI ba="0,0" hai="9,13,17,32,34,74,77,82" m="42143,51274" machi="74" ten="30,1500,0" yaku="20,1" doraHai="49" who="3" fromWho="3" sc="193,-5,294,-5,291,-5,222,15" />
</Scene>
<Scene>
<INIT seed="3,1,0,3,1,22" ten="188,289,286,237" oya="3" hai0="85,122,132,25,9,43,53,24,7,81,36,111,110" hai1="135,99,47,101,83,45,120,10,67,103,127,124,97" hai2="33,38,17,89,82,65,44,6,32,131,54,125,72" hai3="84,93,16,34,88,73,117,1,8,105,60,70,118"/><W59/><G73/><T26/><D122/><U49/><E120/><V31/><F31/><W12/><G105/><T94/><D132/><U104/><E135/><V68/><F17/><W102/><G70/><T52/><D94/><U87/><E67/><V115/><F54/><W112/><G34/><T61/><D43/><U20/><E10/><V46/><F89/><W75/><G75/><T80/><D36/><U98/><E20/><V130/><F46/><W48/><G102/><T0/><D80/><U51/><E47/><V71/><F6/><W123/><G112/><T69/><D69/><U74/><E74/><V129/><F115/><W28/><G28/><T42/><D42/><U90/><E99/><V4/><F4/><W95/><G1/><T119/><D119/><U15/><E15/><V13/><F13/><W134/><G134/><T40/><D40/><U50/><REACH who="1" step="1"/><E45/><REACH who="1" ten="188,279,286,237" step="2"/><V62/><F33/><W39/><G123/><T126/><D126/><U100/><E100/><V41/><F32/><W3/><G8/><T133/><D133/><U58/><E58/><N who="2" m="37079" /><F125/><W66/><G12/><T109/><REACH who="0" step="1"/><D61/><REACH who="0" ten="178,279,286,237" step="2"/><U121/><E121/><V96/><F71/><W92/><G60/><T116/><D116/><U55/><E55/><V29/><F68/><W56/><G117/><T91/><AGARI ba="1,2" hai="0,7,9,24,25,26,52,53,81,85,91,109,110,111" machi="91" ten="40,12000,2" yaku="1,1,0,1,14,1,52,3,54,1,53,0" doraHai="22" doraHaiUra="106" who="0" fromWho="0" sc="178,143,279,-31,286,-31,237,-61" />
</Scene>
<Scene>
<INIT seed="4,0,0,3,5,67" ten="321,248,255,176" oya="0" hai0="84,117,61,129,33,16,46,47,73,133,109,59,108" hai1="91,114,14,80,64,104,18,17,76,103,128,11,89" hai2="75,70,37,40,87,9,102,93,28,31,34,15,58" hai3="53,3,20,44,94,8,22,130,43,122,27,125,32"/><T120/><D33/><U119/><E119/><V134/><F75/><W86/><G125/><T116/><D73/><U19/><E128/><V21/><F34/><W127/><G127/><T106/><D106/><U45/><E114/><V25/><F134/><W41/><G130/><T68/><D129/><U57/><E45/><N who="0" m="16905" /><D84/><N who="1" m="48135" /><E103/><V36/><F40/><W6/><G122/><T42/><D42/><U35/><E104/><V118/><F28/><W26/><G32/><T0/><D0/><U123/><E123/><V30/><F30/><W98/><G86/><T110/><D120/><U97/><E35/><V101/><F102/><W121/><G53/><N who="0" m="34031" /><D133/><U39/><E39/><V56/><F37/><W113/><G113/><T24/><D68/><U81/><E81/><V60/><F70/><W49/><G41/><T90/><D90/><N who="1" m="34315" /><E97/><V66/><F101/><W79/><G121/><T5/><D5/><U96/><E96/><V54/><F87/><W115/><G115/><T99/><D99/><U85/><E85/><V51/><F93/><W10/><G79/><T105/><D105/><U50/><E50/><V48/><F36/><W135/><G135/><T72/><D72/><U62/><AGARI ba="0,0" hai="11,14,17,18,19,57,62,64" m="34315,48135" machi="62" ten="30,1100,0" yaku="8,1" doraHai="67" who="1" fromWho="1" sc="321,-5,248,11,255,-3,176,-3" />
</Scene>
<Scene>
<INIT seed="5,0,0,0,0,96" ten="316,259,252,173" oya="1" hai0="112,83,87,63,85,50,13,84,130,122,34,116,27" hai1="60,51,125,92,15,49,98,46,33,121,78,42,11" hai2="45,127,28,35,108,58,1,100,21,72,4,113,88" hai3="9,39,16,41,62,70,129,53,43,115,66,119,38"/><U93/><E121/><V120/><F108/><W111/><G111/><T37/><D37/><N who="3" m="13833" /><G16/><T44/><D122/><U54/><E125/><V68/><F68/><W6/><G9/><T104/><D116/><U91/><E33/><V55/><F72/><W135/><G6/><T82/><D112/><U0/><E0/><V47/><F100/><W56/><G115/><T73/><D130/><U2/><E2/><V94/><F127/><W75/><G75/><T22/><D34/><U8/><E78/><V109/><F35/><W102/><G102/><T124/><D124/><U114/><E114/><V7/><F1/><W14/><G14/><T64/><D13/><U32/><E32/><V10/><F109/><W134/><G129/><T107/><D73/><U126/><E126/><V59/><F10/><W103/><G103/><T12/><D12/><U101/><E60/><V131/><F131/><W3/><G3/><T57/><D107/><U20/><E20/><V18/><F28/><W26/><G26/><T71/><D71/><U29/><E29/><V74/><F74/><W69/><G119/><T117/><D104/><U110/><E15/><V86/><F120/><W17/><G17/><N who="0" m="12751" /><D117/><U48/><E110/><V40/><F113/><W36/><G70/><T19/><D19/><U23/><E23/><V76/><F7/><W123/><G123/><T81/><D81/><U128/><E128/><V95/><F4/><W80/><G80/><T97/><D97/><N who="1" m="59559" /><E8/><V52/><F21/><W89/><N who="3" m="13841" /><W31/><DORA hai="79" /><G31/><T133/><D133/><N who="3" m="50697" /><G89/><T67/><D67/><U30/><E30/><RYUUKYOKU ba="0,0" sc="316,15,259,-15,252,-15,173,15" hai0="44,50,57,63,64,82,83,84,85,87" hai3="41,43,53,56,62,66,69" />
</Scene>
<Scene>
<INIT seed="6,1,0,1,1,69" ten="331,244,237,188" oya="2" hai0="27,99,101,31,22,81,54,80,96,104,68,12,111" hai1="125,97,20,83,3,8,107,19,91,51,74,85,30" hai2="15,43,110,114,11,4,52,112,37,98,122,59,47" hai3="130,53,42,18,102,133,124,1,29,48,106,71,26"/><V35/><F35/><W39/><G1/><T75/><D111/><U76/><E125/><V60/><F122/><W123/><G123/><T109/><D109/><U118/><E118/><V115/><F110/><W66/><G124/><T134/><D134/><U95/><E30/><V49/><F98/><N who="3" m="61783" /><G18/><T64/><D75/><U70/><E70/><V126/><F126/><W62/><G53/><T67/><D99/><U6/><E51/><AGARI ba="1,0" hai="4,11,15,37,43,47,49,51,52,59,60,112,114,115" machi="51" ten="40,7700,0" yaku="15,1,52,1,54,1" doraHai="69" who="2" fromWho="1" sc="331,0,244,-80,237,80,188,0" />
</Scene>
<Scene>
<INIT seed="6,2,0,5,0,59" ten="331,164,317,188" oya="2" hai0="56,77,22,67,41,60,2,99,40,107,26,57,84" hai1="17,116,111,39,80,30,37,42,33,19,104,134,53" hai2="78,76,133,52,127,115,9,125,50,106,46,49,20" hai3="1,65,129,5,29,121,114,124,87,90,110,63,24"/><V18/><F106/><W70/><G121/><T21/><D2/><U34/><E111/><V44/><F9/><W118/><G118/><T103/><D22/><U122/><E116/><V31/><F31/><W11/><G110/><T27/><D27/><U38/><E104/><V48/><F115/><W109/><G109/><T96/><D96/><U58/><E122/><V4/><F50/><W117/><G117/><T108/><D108/><U130/><E130/><V16/><F4/><W132/><G132/><T120/><D120/><U119/><E119/><V35/><F35/><W13/><G124/><N who="2" m="47689" /><F133/><W23/><G129/><T62/><D84/><U64/><E33/><V100/><F100/><W51/><G51/><T12/><D12/><U93/><E34/><V3/><F3/><W97/><G114/><T131/><D77/><N who="2" m="29802" /><F20/><W85/><G1/><T6/><D6/><U128/><E30/><V95/><F95/><W10/><G10/><T36/><D36/><U0/><E93/><V86/><F86/><W101/><G90/><T83/><D83/><U74/><E0/><V88/><F88/><W68/><G87/><T71/><D131/><U25/><E128/><V61/><F61/><W43/><G85/><T69/><D41/><AGARI ba="2,0" hai="16,18,41,44,46,48,49,52" m="29802,47689" machi="41" ten="30,5800,0" yaku="18,1,54,2" doraHai="59" who="2" fromWho="0" sc="331,-64,164,0,317,64,188,0" />
</Scene>
<Scene>
<INIT seed="6,3,0,1,3,56" ten="267,164,381,188" oya="2" hai0="92,46,38,1,91,109,89,97,126,17,134,28,65" hai1="43,86,106,105,125,73,10,78,51,132,85,100,74" hai2="22,102,26,27,123,7,98,50,44,130,122,61,103" hai3="67,4,113,53,129,34,33,69,42,12,41,79,94"/><V32/><F32/><W59/><G79/><T60/><D1/><U2/><E51/><V15/><F27/><W87/><G69/><T6/><D6/><U37/><E125/><V57/><F102/><W120/><G120/><T99/><D126/><U49/><E49/><V116/><F116/><W14/><G67/><T45/><D109/><U9/><E132/><V36/><F15/><W107/><G107/><T25/><D17/><U75/><E100/><V30/><F7/><W128/><G12/><T62/><D134/><U29/><E29/><V117/><F36/><W104/><G104/><T23/><D38/><U84/><E78/><V35/><F35/><W82/><G113/><T66/><D66/><U5/><REACH who="1" step="1"/><E10/><REACH who="1" ten="267,154,381,188" step="2"/><V63/><F117/><W19/><G41/><T124/><D124/><U133/><E133/><V93/><F122/><W118/><G42/><T83/><D46/><AGARI ba="3,1" hai="2,5,9,37,43,46,73,74,75,84,85,86,105,106" machi="46" ten="50,1600,0" yaku="1,1,53,0" doraHai="56" doraHaiUra="110" who="1" fromWho="0" sc="267,-25,154,35,381,0,188,0" />
</Scene>
<Scene>
<INIT seed="7,0,0,4,1,120" ten="242,189,381,188" oya="3" hai0="16,113,82,38,115,123,15,24,109,117,11,37,6" hai1="116,61,111,35,76,3,25,26,95,2,41,23,80" hai2="78,84,133,83,134,124,85,74,129,102,121,93,69" hai3="20,105,92,122,106,59,90,91,32,62,33,9,10"/><W48/><G122/><T75/><D123/><U73/><E111/><V45/><F45/><W131/><G131/><T112/><D117/><U22/><E116/><V54/><F54/><W34/><G48/><T58/><D109/><U55/><E41/><V60/><F60/><W104/><G20/><N who="0" m="13319" /><D58/><U107/><E107/><V19/><F19/><W114/><G114/><T5/><D5/><U132/><E132/><V30/><F30/><W39/><G39/><T0/><D0/><U1/><E35/><V27/><F27/><W87/><REACH who="3" step="1"/><G91/><REACH who="3" ten="242,189,381,178" step="2"/><T14/><D38/><U79/><E23/><V63/><F121/><W8/><G8/><T99/><D37/><U53/><E22/><V42/><F129/><W47/><G47/><T4/><D11/><U130/><E130/><V49/><F49/><W29/><G29/><T101/><D113/><U119/><E119/><V127/><F134/><W21/><G21/><T118/><D118/><U100/><E25/><V88/><F133/><W36/><G36/><T12/><D112/><U7/><E26/><V98/><F42/><W125/><G125/><T89/><D115/><U72/><E61/><V17/><F63/><W135/><G135/><T77/><D89/><U56/><E76/><V18/><F124/><W67/><AGARI ba="0,1" hai="9,10,32,33,34,59,62,67,87,90,92,104,105,106" machi="67" ten="40,3900,0" yaku="1,1,0,1,53,0" doraHai="120" doraHaiUra="71" who="3" fromWho="3" sc="242,-13,189,-13,381,-13,178,49" />
</Scene>
<Scene>
<INIT seed="7,1,0,5,1,74" ten="229,176,368,227" oya="3" hai0="32,132,66,93,120,53,129,118,130,101,12,24,70" hai1="67,104,105,37,81,9,35,109,113,4,121,115,99" hai2="91,13,55,133,134,103,127,119,29,108,39,15,49" hai3="57,106,68,54,98,79,61,34,64,26,76,1,30"/><W87/><G87/><T95/><D118/><U8/><E109/><V0/><F0/><W21/><G1/><T18/><D120/><U114/><E121/><V80/><F39/><W107/><G21/><T78/><D132/><U16/><E35/><V111/><F29/><W28/><G28/><N who="0" m="19463" /><D78/><U97/><E37/><V84/><F103/><N who="3" m="62839" /><G107/><N who="1" m="41034" /><E67/><V82/><F119/><W123/><G123/><T69/><D53/><U36/><E36/><V88/><F55/><W11/><G11/><N who="1" m="4170" /><E81/><V90/><F49/><AGARI ba="1,0" hai="26,30,34,49,54,57,61,64,68,76,79" m="62839" machi="49" ten="30,5800,0" yaku="25,1,52,2" doraHai="74" who="3" fromWho="2" sc="229,0,176,0,368,-61,227,61" />
</Scene>
<Scene>
<INIT seed="7,2,0,4,3,22" ten="229,176,307,288" oya="3" hai0="31,66,30,67,110,76,23,75,124,82,52,111,47" hai1="81,62,92,70,0,16,94,123,32,29,116,101,103" hai2="14,87,90,38,9,86,45,54,64,69,129,102,130" hai3="95,39,25,65,127,100,80,33,19,58,51,63,112"/><W11/><G112/><T50/><D124/><U117/><E123/><V120/><F120/><W21/><G39/><T134/><D134/><U106/><E0/><V118/><F102/><N who="1" m="38921" /><E106/><V35/><F35/><W56/><G33/><T98/><D98/><U43/><E43/><V46/><F87/><W104/><G80/><T71/><D71/><U72/><E70/><V89/><F89/><W20/><G127/><T15/><D15/><U115/><E62/><N who="2" m="40087" /><F38/><W12/><G20/><T73/><D73/><U4/><E4/><V122/><F118/><N who="1" m="45673" /><E115/><V28/><F28/><N who="3" m="17455" /><G104/><T40/><D31/><U10/><E81/><N who="2" m="49487" /><F122/><W3/><G3/><T85/><D76/><U6/><E72/><V60/><F60/><W125/><G125/><T57/><D75/><U1/><E6/><V119/><F119/><W44/><G63/><T49/><D110/><U53/><E53/><V107/><F54/><N who="3" m="30055" /><G65/><T105/><D105/><U61/><E61/><V78/><F78/><W55/><G55/><T27/><D111/><U132/><E1/><V2/><F2/><W114/><G114/><T13/><D13/><N who="1" m="7223" /><E132/><V34/><F34/><W7/><G7/><T5/><D5/><U26/><AGARI ba="2,0" hai="26,29,32,92,94" m="7223,45673,38921" machi="26" ten="30,4000,0" yaku="12,1,52,1,54,1" doraHai="22" who="1" fromWho="1" sc="229,-12,176,46,307,-12,288,-22" />
</Scene>
<Scene>
<INIT seed="8,0,0,2,4,135" ten="217,222,295,266" oya="0" hai0="12,23,57,27,92,3,96,35,2,15,68,85,133" hai1="75,131,19,117,100,114,125,77,48,45,36,121,37" hai2="58,93,132,126,55,107,128,79,9,105,46,26,109" hai3="127,38,44,94,99,61,39,76,123,43,88,83,71"/><T10/><D68/><U4/><E121/><V104/><F126/><W6/><G127/><T62/><D35/><U116/><E125/><V119/><F109/><W64/><G6/><T60/><D85/><U80/><E131/><V113/><F113/><W89/><G123/><T122/><D133/><U95/><E114/><V34/><F46/><W106/><G106/><T41/><D41/><N who="1" m="24623" /><E4/><V5/><F79/><W103/><REACH who="3" step="1"/><G39/><REACH who="3" ten="217,222,295,256" step="2"/><T67/><D122/><U42/><E36/><V21/><F132/><W65/><G65/><T130/><D130/><U11/><E37/><V91/><F128/><W8/><G8/><T90/><D3/><U87/><E11/><V110/><F9/><W22/><G22/><T7/><REACH who="0" step="1"/><D62/><REACH who="0" ten="207,222,295,256" step="2"/><U69/><E117/><V28/><F34/><W101/><G101/><T56/><D56/><U25/><E100/><V31/><F58/><W32/><G32/><T30/><AGARI ba="0,2" hai="2,7,10,12,15,23,27,30,57,60,67,90,92,96" machi="30" ten="20,7800,0" yaku="1,1,0,1,7,1,53,1" doraHai="135" doraHaiUra="18" who="0" fromWho="0" sc="207,98,222,-26,295,-26,256,-26" owari="305,40.0,196,-30.0,269,7.0,230,-17.0" />
</Scene>
</mjloggm>