<mjloggm ver="2.3"><GO type="169" lobby="0"/><UN n0="%E3%83%9E%E3%83%88%E3%83%AA%E3%83%83%E3%82%AF%E3%82%B9" n1="%6E%69%6A%69%68%75" n2="%E5%A4%AA%E3%81%8F%E3%81%AA%E3%81%84%E3%81%8A" n3="%77%61%77%61%33%30%33%30" dan="16,16,19,17" rate="2139.72,2067.64,2334.83,2160.50" sx="M,M,F,M"/><TAIKYOKU oya="0"/>

<Scene>
<INIT seed="0,0,0,1,4,3" ten="250,250,250,250" oya="0" hai0="98,103,49,62,128,47,34,74,37,39,13,11,130" hai1="0,30,129,21,72,66,116,111,43,77,75,6,117" hai2="107,110,56,108,46,18,92,9,48,112,91,14,35" hai3="50,78,121,32,133,15,67,44,73,12,123,126,100"/><T19/><D74/><U97/><E66/><V24/><F107/><W89/><G126/><T57/><D34/><U105/><E129/><N who="0" m="49769" /><D49/><U27/><E111/><N who="2" m="42539" /><F56/><W42/><G89/><T2/><D2/><U102/><E43/><N who="2" m="24671" /><F112/><W88/><G67/><N who="0" m="39375" /><D47/><U52/><E52/><V51/><F51/><W60/><G50/><T22/><D22/><U86/><E86/><N who="2" m="52343" /><F24/><W104/><G44/><T68/><D68/><U94/><E94/><AGARI ba="0,0" hai="11,13,19,37,39,94,98,103" m="39375,49769" machi="94" ten="30,1500,0" yaku="19,1" doraHai="3" who="0" fromWho="1" sc="250,15,250,-15,250,0,250,0" />
</Scene>
<Scene>
<INIT seed="0,1,0,5,3,45" ten="265,235,250,250" oya="0" hai0="47,44,13,93,111,51,78,114,52,19,94,118,10" hai1="41,59,23,74,20,131,97,46,7,83,85,133,79" hai2="71,11,84,1,69,81,30,18,65,68,25,76,17" hai3="95,53,101,77,82,29,112,108,123,100,86,130,60"/><T15/><D118/><U26/><E133/><V58/><F65/><W106/><G112/><T55/><D114/><U129/><E7/><V99/><F58/><W125/><G29/><T24/><D111/><U39/><E97/><V92/><F1/><W117/><G53/><T91/><D78/><U75/><E59/><V9/><F9/><W126/><G60/><T102/><D24/><U119/><E119/><V105/><F105/><W103/><G108/><T127/><D127/><N who="3" m="48649" /><G117/><T116/><D116/><U40/><E40/><V34/><REACH who="2" step="1"/><F11/><REACH who="2" ten="265,235,240,250" step="2"/><W80/><G123/><T6/><D47/><U28/><REACH who="1" step="1"/><E23/><REACH who="1" ten="265,225,240,250" step="2"/><V107/><F107/><W27/><G106/><T115/><D115/><U43/><E43/><V70/><N who="2" m="17920" /><DORA hai="72" /><V64/><F64/><W49/><G130/><AGARI ba="1,2" hai="20,26,28,39,41,46,74,75,79,83,85,129,130,131" machi="130" ten="40,5200,0" yaku="1,1,19,1,52,1,53,0" doraHai="45,72" doraHaiUra="122,5" who="1" fromWho="3" sc="265,0,225,75,240,0,250,-55" />
</Scene>
<Scene>
<INIT seed="1,0,0,5,1,10" ten="265,300,240,195" oya="1" hai0="12,118,56,28,2,135,71,53,102,54,132,18,97" hai1="17,121,88,29,116,16,45,76,85,42,73,37,8" hai2="110,105,41,67,99,58,55,14,33,112,123,98,69" hai3="126,101,107,70,117,9,75,81,106,20,113,66,87"/><U83/><E121/><V68/><F123/><W111/><G111/><T82/><D2/><U64/><E116/><V65/><F33/><W79/><G126/><T120/><D71/><U51/><E64/><V108/><F41/><W25/><G113/><T57/><D120/><U31/><E37/><V27/><F27/><W100/><G117/><T74/><D118/><U77/><E73/><V38/><F38/><W6/><G66/><N who="2" m="25097" /><F112/><W15/><G70/><N who="2" m="27241" /><F105/><W26/><G26/><T114/><D28/><N who="1" m="10827" /><E17/><V24/><F24/><W96/><G75/><T7/><D7/><U23/><E8/><V22/><F22/><W124/><G124/><T89/><D114/><U47/><E47/><V130/><F14/><AGARI ba="0,0" hai="14,16,23,42,45,51,76,77,83,85,88" m="10827" machi="14" ten="30,11600,0" yaku="8,1,52,1,54,2" doraHai="10" who="1" fromWho="2" sc="265,0,300,116,240,-116,195,0" />
</Scene>
<Scene>
<INIT seed="1,1,0,1,0,125" ten="265,416,124,195" oya="1" hai0="90,75,11,133,26,31,14,117,24,120,124,39,99" hai1="10,82,58,92,5,25,110,123,21,86,49,107,87" hai2="122,119,28,42,61,2,41,62,17,91,46,130,32" hai3="134,101,109,38,112,115,129,56,114,102,126,121,13"/><U15/><E107/><V95/><F119/><W76/><G56/><T80/><D117/><U47/><E123/><V128/><F2/><W48/><G48/><T64/><D39/><U7/><E110/><V40/><F122/><W52/><G52/><T116/><D120/><U65/><E92/><V44/><F17/><W135/><G13/><T78/><D116/><U97/><E97/><V71/><F28/><W59/><G59/><T98/><D124/><U9/><E65/><N who="2" m="41391" /><F32/><W27/><G27/><T33/><D133/><U74/><E58/><V108/><F108/><W30/><G30/><T106/><D26/><U45/><E74/><V89/><F89/><W93/><G38/><T118/><D118/><U100/><E100/><V6/><F6/><W23/><G23/><T127/><D127/><U57/><E57/><V83/><F83/><W22/><G22/><T132/><D64/><U35/><E35/><V104/><F104/><W34/><G34/><T63/><D63/><U72/><E72/><V50/><F62/><W19/><G126/><T94/><D106/><U67/><E67/><V20/><F20/><W113/><G109/><T81/><D81/><U16/><E82/><V70/><F70/><W12/><G121/><T43/><D33/><U60/><E60/><V55/><F91/><W77/><G113/><T54/><D90/><U105/><E105/><V4/><F4/><W84/><G114/><T37/><D75/><U3/><E3/><V36/><F95/><W131/><G115/><T8/><D94/><U29/><E47/><V88/><F88/><W111/><G112/><RYUUKYOKU ba="1,0" sc="265,-10,416,-10,124,30,195,-10" hai2="36,40,41,42,44,46,50,55,128,130" />
</Scene>
<Scene>
<INIT seed="2,2,0,2,0,7" ten="255,406,154,185" oya="2" hai0="120,4,44,93,67,1,78,103,125,73,91,31,24" hai1="117,115,22,19,13,87,94,119,92,26,6,41,61" hai2="40,35,28,134,52,14,135,16,25,83,123,108,32" hai3="62,2,80,105,106,33,102,128,48,107,90,37,36"/><V76/><F40/><W46/><G128/><T130/><D120/><U116/><E115/><V127/><F123/><W30/><G2/><T0/><D103/><U27/><E41/><V53/><F35/><W129/><G129/><T69/><D130/><U81/><E61/><V88/><F127/><W84/><G102/><T43/><D67/><U34/><E34/><V82/><F108/><W3/><G3/><T49/><D69/><U133/><E133/><N who="2" m="50699" /><F88/><W58/><G30/><T47/><D125/><U55/><E55/><N who="2" m="21067" /><F76/><W124/><G33/><T98/><D47/><U66/><E66/><V104/><F104/><W126/><G37/><T79/><D79/><U59/><E59/><V57/><F57/><W17/><G36/><T85/><D98/><U64/><E64/><V95/><F95/><W111/><G58/><T77/><D77/><U9/><REACH who="1" step="1"/><E27/><REACH who="1" ten="255,396,154,185" step="2"/><V11/><AGARI ba="2,1" hai="11,14,16,25,28,32,82,83" m="21067,50699" machi="11" ten="30,11700,0" yaku="20,1,52,1,54,2" doraHai="7" who="2" fromWho="2" sc="255,-41,396,-41,154,133,185,-41" />
</Scene>
<Scene>
<INIT seed="2,3,0,5,3,23" ten="214,355,287,144" oya="2" hai0="73,48,44,41,135,70,110,56,54,20,32,85,80" hai1="96,93,78,68,108,82,35,43,111,119,37,121,21" hai2="4,103,61,26,104,87,75,118,67,79,22,76,71" hai3="90,114,77,133,131,88,0,58,2,38,11,46,47"/><V29/><F118/><W81/><G131/><T24/><D73/><U14/><E35/><V122/><F122/><W120/><G133/><T10/><D70/><U5/><E121/><V3/><F87/><W99/><G120/><T63/><D32/><U49/><E68/><V92/><F92/><W98/><G114/><T129/><D129/><U117/><E37/><V9/><REACH who="2" step="1"/><F75/><REACH who="2" ten="214,355,277,144" step="2"/><W134/><G134/><T36/><D135/><U45/><E117/><V42/><F42/><W57/><G99/><AGARI ba="3,1" hai="3,4,9,22,26,29,61,67,71,76,79,99,103,104" machi="99" ten="40,7700,0" yaku="1,1,52,1,53,1" doraHai="23" doraHaiUra="64" who="2" fromWho="3" sc="214,0,355,0,277,96,144,-86" />
</Scene>
<Scene>
<INIT seed="2,4,0,3,5,14" ten="214,355,373,58" oya="2" hai0="122,124,107,82,58,126,39,70,129,89,121,78,43" hai1="77,88,24,101,45,41,32,130,30,110,119,79,125" hai2="71,94,111,62,74,47,61,95,120,102,8,48,105" hai3="16,113,31,52,6,134,19,133,3,44,36,12,53"/><V67/><F120/><N who="0" m="46186" /><D58/><U49/><E119/><V1/><F74/><W63/><G113/><T84/><D70/><U28/><E130/><V91/><F111/><W68/><G3/><T37/><D43/><U20/><E125/><N who="0" m="48233" /><D129/><U86/><E110/><V96/><F62/><W66/><G31/><T81/><D107/><U103/><E30/><V104/><F8/><N who="3" m="4119" /><G36/><T90/><D39/><U22/><E32/><V118/><F1/><W29/><G29/><T112/><D37/><U109/><E109/><V17/><F17/><N who="3" m="6731" /><G44/><T60/><D112/><U10/><E10/><V15/><F15/><W27/><G27/><T21/><D21/><U127/><E22/><V13/><F13/><W114/><G114/><T115/><D115/><U73/><E127/><V80/><F118/><W9/><G9/><T135/><D135/><AGARI ba="4,0" hai="52,53,63,66,68,133,134,135" m="6731,4119" machi="135" ten="30,12000,2" yaku="20,1,52,3,54,2" doraHai="14" who="3" fromWho="0" sc="214,-132,355,0,373,0,58,132" />
</Scene>
<Scene>
<INIT seed="3,0,0,5,1,2" ten="82,355,373,190" oya="3" hai0="66,46,14,21,20,67,115,26,128,23,118,90,125" hai1="24,88,77,19,4,84,83,123,75,74,38,69,92" hai2="97,117,9,104,50,12,31,43,111,42,102,39,1" hai3="44,89,65,129,122,72,13,126,71,82,60,37,15"/><W57/><G122/><T121/><D121/><U27/><E69/><V63/><F117/><W86/><G126/><T11/><D118/><U29/><E38/><V108/><F1/><W130/><G72/><T100/><D125/><U5/><E123/><V98/><F39/><W85/><G71/><T18/><D100/><U3/><E3/><V70/><F31/><W124/><G124/><T22/><D128/><N who="3" m="49257" /><G86/><T134/><D134/><U8/><E75/><V109/><F97/><W133/><G133/><T25/><D115/><U34/><REACH who="1" step="1"/><E8/><REACH who="1" ten="82,345,373,190" step="2"/><V113/><F113/><W40/><AGARI ba="0,1" hai="13,15,37,40,44,57,60,65,82,85,89" m="49257" machi="40" ten="30,1500,0" yaku="19,1" doraHai="2" who="3" fromWho="3" sc="82,-5,345,-5,373,-5,190,25" />
</Scene>
<Scene>
<INIT seed="3,1,0,3,4,57" ten="77,340,368,215" oya="3" hai0="96,6,118,1,115,32,77,58,63,71,43,99,114" hai1="70,66,106,111,100,35,14,9,26,22,4,46,11" hai2="84,0,103,117,38,8,81,5,119,53,67,126,110" hai3="101,88,17,105,25,33,74,55,48,135,64,102,29"/><W132/><G74/><T90/><D118/><U68/><E111/><V121/><F38/><W116/><G116/><T69/><D32/><U75/><E75/><V109/><F126/><W2/><G2/><T45/><D77/><U93/><E106/><V98/><F121/><W21/><G64/><T131/><D6/><U108/><E108/><N who="2" m="41579" /><F53/><W79/><G79/><T44/><D1/><U50/><E35/><V51/><F51/><W94/><G105/><T82/><D82/><U41/><E11/><V104/><F67/><W133/><G29/><T123/><D123/><U30/><E66/><V59/><F59/><W122/><G33/><T61/><D58/><U97/><AGARI ba="1,0" hai="4,9,14,22,26,30,41,46,50,68,70,93,97,100" machi="97" ten="30,1100,0" yaku="0,1" doraHai="57" who="1" fromWho="1" sc="77,-4,340,14,368,-4,215,-6" />
</Scene>
<Scene>
<INIT seed="4,0,0,1,0,84" ten="73,354,364,209" oya="0" hai0="86,72,101,12,14,34,69,24,117,133,88,127,71" hai1="54,25,47,74,83,29,120,19,6,134,122,50,132" hai2="55,59,42,75,95,57,90,105,11,68,52,124,103" hai3="28,43,20,64,109,44,123,31,41,129,2,100,22"/><T107/><D72/><U7/><E19/><V73/><F68/><W38/><G109/><T27/><D117/><U91/><E74/><V79/><F42/><W118/><G118/><T5/><D107/><U77/><E77/><V78/><F124/><W130/><G2/><T114/><D127/><U119/><E119/><V106/><F11/><W21/><G43/><T99/><D34/><U97/><E6/><V33/><F33/><W17/><G100/><T113/><D133/><N who="1" m="51307" /><E7/><V30/><F95/><W104/><G104/><N who="0" m="63551" /><D69/><U111/><E111/><V67/><F103/><W1/><G1/><T82/><D71/><U37/><E37/><V45/><F45/><W13/><G64/><T85/><D85/><N who="1" m="50623" /><E97/><V116/><F116/><W93/><G93/><T96/><D96/><U8/><E8/><V15/><F67/><W56/><G123/><T61/><D61/><U126/><E126/><V135/><F135/><W26/><G56/><T48/><D48/><U39/><E39/><V66/><F66/><W128/><REACH who="3" step="1"/><G31/><REACH who="3" ten="73,354,364,199" step="2"/><T46/><D46/><U49/><E49/><V80/><F30/><W16/><G16/><T62/><D62/><U125/><E125/><V131/><F106/><W9/><AGARI ba="0,1" hai="9,13,17,20,21,22,26,28,38,41,44,128,129,130" machi="9" ten="30,4000,0" yaku="1,1,0,1,19,1,53,0" doraHai="84" doraHaiUra="51" who="3" fromWho="3" sc="73,-20,354,-10,364,-10,199,50" />
</Scene>
<Scene>
<INIT seed="5,0,0,0,0,118" ten="53,344,354,249" oya="1" hai0="51,16,41,120,133,100,44,0,109,96,54,79,37" hai1="93,26,123,91,71,83,1,48,12,104,121,112,88" hai2="24,45,103,28,27,67,33,59,34,75,63,97,43" hai3="23,36,35,22,7,20,130,65,98,72,40,50,52"/><U49/><E1/><V126/><F75/><W80/><G130/><T4/><D109/><U90/><E71/><V77/><F77/><W29/><G7/><T131/><D131/><U111/><E26/><V122/><F126/><W2/><G2/><T105/><D133/><U69/><E69/><V14/><F14/><W18/><G65/><T81/><D51/><U21/><E104/><V11/><F11/><W101/><G18/><T82/><D54/><U132/><E83/><V76/><F76/><W84/><G72/><T60/><D60/><U87/><E87/><V19/><F122/><N who="1" m="46601" /><E93/><V68/><F59/><W135/><G84/><T3/><D120/><U110/><E112/><V55/><F55/><W53/><G80/><T42/><D42/><U15/><E132/><V17/><F34/><W31/><G35/><T116/><D82/><U95/><E95/><V46/><F27/><W66/><G53/><T6/><D116/><U39/><E39/><V57/><F57/><W38/><G40/><T129/><D129/><U107/><E107/><N who="2" m="63983" /><F45/><W134/><G135/><T115/><D115/><U56/><E56/><V119/><F119/><W47/><G134/><T99/><D99/><U125/><E125/><V114/><F114/><W61/><G36/><AGARI ba="0,0" hai="17,19,24,28,33,36,43,46,63,67,68" m="63983" machi="36" ten="30,1000,0" yaku="25,1" doraHai="118" who="2" fromWho="3" sc="53,0,344,0,354,10,249,-10" />
</Scene>
<Scene>
<INIT seed="6,0,0,4,3,75" ten="53,344,364,239" oya="2" hai0="91,118,114,18,99,23,7,135,50,101,129,38,70" hai1="128,96,103,120,19,8,34,3,37,1,116,84,92" hai2="66,124,106,10,131,42,82,107,22,97,123,61,56" hai3="85,95,102,125,74,89,110,30,113,12,127,83,100"/><V104/><F123/><W126/><G30/><T58/><D38/><U32/><E116/><V119/><F119/><W52/><G110/><T6/><D118/><U80/><E120/><V134/><F124/><W29/><G29/><T45/><D70/><U109/><E109/><V67/><F131/><W47/><G12/><T62/><D129/><U33/><E37/><V64/><F134/><W117/><G117/><T2/><D2/><U16/><E128/><V77/><F42/><W46/><G46/><T20/><D20/><U133/><E133/><V21/><F97/><W63/><G113/><T132/><D114/><U112/><E112/><V71/><F10/><W68/><G68/><T11/><D11/><U69/><E69/><V28/><F71/><W39/><G39/><T27/><D101/><U44/><E44/><V41/><F41/><W130/><G130/><T51/><D135/><U49/><E49/><V111/><F111/><W14/><G14/><T65/><D132/><U15/><REACH who="1" step="1"/><E19/><REACH who="1" ten="53,334,364,239" step="2"/><V40/><F40/><W9/><G47/><T121/><D121/><U81/><E81/><V31/><F31/><W5/><G125/><T76/><D51/><U108/><E108/><V60/><F28/><W36/><G36/><T59/><D59/><U94/><E94/><V88/><F56/><N who="3" m="35207" /><G126/><T72/><D50/><U24/><E24/><V4/><F107/><W54/><G127/><T115/><D45/><U25/><E25/><V0/><F106/><W13/><G95/><N who="0" m="56831" /><D115/><U93/><E93/><V73/><F104/><W86/><G83/><N who="0" m="45447" /><D6/><U87/><E87/><N who="3" m="33290" /><G5/><T57/><D7/><RYUUKYOKU ba="0,1" sc="53,15,334,15,364,-15,239,-15" hai0="18,23,27,57,58,62,65" hai1="1,3,8,15,16,32,33,34,80,84,92,96,103" />
</Scene>
<Scene>
<INIT seed="7,1,1,5,1,114" ten="68,349,349,224" oya="3" hai0="32,133,15,21,13,74,123,28,100,47,104,126,85" hai1="4,125,113,81,39,34,29,63,87,94,52,40,119" hai2="42,50,122,5,86,127,77,12,3,99,101,56,75" hai3="17,44,31,60,88,71,95,10,131,9,79,111,22"/><W73/><G131/><T37/><D85/><U27/><E113/><V61/><F3/><W65/><G111/><T76/><D100/><U64/><E125/><V66/><F75/><W7/><G31/><T14/><D76/><U23/><E119/><V11/><F127/><W20/><G20/><T120/><D47/><U106/><E106/><V110/><F110/><W41/><G7/><T69/><D74/><U112/><E112/><V118/><F118/><W18/><G79/><T57/><D57/><N who="1" m="36975" /><E34/><V92/><F122/><W38/><G73/><T72/><D72/><U90/><E39/><V51/><F42/><W59/><G18/><T35/><D104/><U134/><E134/><V93/><F93/><W16/><G17/><T1/><D69/><U19/><E40/><V128/><F128/><W6/><G6/><T68/><D68/><U121/><E121/><V45/><F45/><W2/><G2/><T102/><D102/><U109/><E109/><V108/><F108/><W132/><G132/><T55/><D37/><U98/><E4/><V82/><AGARI ba="1,1" hai="5,11,12,50,51,56,61,66,77,82,86,92,99,101" machi="82" ten="30,2000,0" yaku="0,1,8,1" doraHai="114" who="2" fromWho="2" sc="68,-6,349,-6,349,33,224,-11" owari="62,-44.0,343,14.0,382,49.0,213,-19.0" />
</Scene>
</mjloggm>