<mjloggm ver="2.3"><GO type="169" lobby="0"/><UN n0="%E5%8F%8A%E5%B7%9D%E5%86%B0%E9%BA%97" n1="%EF%BC%BC%28%EF%BC%BE%6F%EF%BC%BE%29%EF%BC%8F%E2%98%85" n2="%E5%A4%AA%E3%81%8F%E3%81%AA%E3%81%84%E3%81%8A" n3="%E2%80%A0%E3%81%BE%E3%83%BC%E5%9D%8A%E2%80%A0" dan="16,17,18,17" rate="2086.37,2116.82,2242.73,2151.04" sx="F,M,F,M"/><TAIKYOKU oya="0"/>

<Scene>
<INIT seed="0,0,0,4,4,119" ten="250,250,250,250" oya="0" hai0="128,83,20,96,79,120,7,11,92,117,52,32,106" hai1="68,14,80,36,116,124,78,59,15,38,109,30,130" hai2="13,98,77,67,71,21,104,31,87,81,12,64,9" hai3="35,126,90,19,75,86,135,2,70,29,82,112,113"/><T115/><D32/><U108/><E68/><V105/><F71/><W8/><G126/><T131/><D117/><U99/><E116/><V24/><F12/><W60/><G135/><T72/><D115/><U125/><E30/><V25/><F25/><N who="3" m="18863" /><G90/><T47/><D20/><U45/><E59/><V27/><F27/><W51/><G51/><N who="0" m="28799" /><D106/><U76/><E99/><V26/><F26/><W132/><G86/><T16/><D7/><U102/><E102/><V134/><F134/><W114/><G19/><T57/><D57/><U69/><E69/><V46/><F105/><W55/><G55/><T88/><D11/><U133/><E133/><V91/><F46/><W34/><G34/><T63/><D63/><U85/><E45/><V10/><F10/><W129/><G132/><T118/><D118/><U111/><E78/><V39/><F39/><N who="1" m="14889" /><E130/><N who="0" m="49705" /><D16/><U17/><E15/><V5/><F104/><W127/><G129/><T58/><D58/><U94/><E17/><V53/><F53/><W50/><G60/><T73/><D73/><N who="1" m="43023" /><E14/><V107/><F107/><W74/><G70/><T3/><D3/><U103/><E103/><V84/><REACH who="2" step="1"/><F98/><REACH who="2" ten="250,250,240,250" step="2"/><W97/><G97/><T110/><D110/><U18/><E18/><V43/><F43/><W56/><G8/><T54/><D54/><U62/><E62/><V121/><F121/><AGARI ba="0,1" hai="72,79,83,88,92,96,120,121" m="49705,28799" machi="121" ten="30,12000,1" yaku="19,1,52,2,54,2" doraHai="119" who="0" fromWho="2" sc="250,130,250,0,240,-120,250,0" />
</Scene>
<Scene>
<INIT seed="0,1,0,0,1,135" ten="380,250,120,250" oya="0" hai0="33,68,13,23,122,34,77,8,73,45,54,44,3" hai1="60,94,66,14,12,100,133,128,109,101,127,96,82" hai2="5,89,35,51,121,78,17,19,107,83,0,30,24" hai3="58,27,36,90,98,31,92,88,10,119,56,59,111"/><T99/><D122/><U53/><E133/><V102/><F121/><W112/><G119/><T50/><D68/><U15/><E128/><V28/><F28/><W130/><G112/><T75/><D3/><U93/><E109/><V26/><F26/><W9/><G111/><T29/><D44/><U120/><E120/><V21/><F89/><W39/><G130/><T25/><D99/><U71/><E127/><V74/><F51/><W124/><G124/><T55/><D55/><U43/><E43/><V103/><F107/><W117/><G117/><T61/><D61/><U38/><E38/><V18/><REACH who="2" step="1"/><F21/><REACH who="2" ten="380,250,110,250" step="2"/><W118/><G118/><T40/><D23/><U113/><E113/><V2/><F2/><W49/><G49/><T131/><D25/><U63/><E15/><V129/><F129/><W106/><G106/><T134/><D29/><U57/><E82/><V132/><F132/><W1/><G1/><T72/><D134/><U4/><E4/><V104/><F104/><W86/><G39/><T105/><D131/><U42/><E42/><V125/><F125/><W87/><G36/><T95/><D105/><U67/><E14/><V116/><F116/><W52/><G27/><T37/><D40/><U85/><E12/><V114/><F114/><W16/><G31/><T69/><D37/><U22/><E22/><V62/><F62/><N who="3" m="36103" /><G90/><T108/><D108/><U64/><E101/><V47/><F47/><W41/><G41/><T123/><D123/><U80/><E94/><V84/><F84/><N who="3" m="32299" /><G16/><T115/><D115/><U110/><E110/><V70/><F70/><W97/><G97/><RYUUKYOKU ba="1,1" sc="380,-30,250,10,110,10,250,10" hai1="53,57,60,63,64,66,67,71,80,85,93,96,100" hai2="0,5,17,18,19,24,30,35,74,78,83,102,103" hai3="9,10,58,59,88,92,98" />
</Scene>
<Scene>
<INIT seed="1,2,1,3,2,123" ten="350,260,120,260" oya="1" hai0="33,28,13,105,23,69,73,64,3,61,66,87,119" hai1="58,35,49,85,1,121,83,6,54,59,126,118,89" hai2="116,62,24,42,77,82,79,104,88,128,130,110,46" hai3="36,12,34,125,17,51,107,9,75,15,103,55,20"/><U21/><E35/><V56/><F104/><W76/><G36/><T53/><D73/><U102/><E121/><V70/><F70/><W30/><G125/><T84/><D105/><U86/><E118/><V43/><F116/><W132/><G132/><T8/><D119/><U133/><E126/><V16/><F110/><W81/><G34/><T90/><D53/><U109/><E133/><V47/><F130/><W120/><G120/><T67/><D87/><U11/><E102/><V7/><F7/><W114/><G114/><T31/><D31/><U50/><E109/><V113/><F113/><W99/><G30/><T45/><D45/><N who="2" m="16906" /><F128/><W52/><REACH who="3" step="1"/><G51/><REACH who="3" ten="350,260,120,250" step="2"/><T5/><D33/><U93/><E50/><V72/><F72/><W27/><G27/><T71/><D28/><U25/><E49/><V95/><F42/><W111/><G111/><T97/><D69/><U108/><E108/><V4/><F43/><W32/><G32/><T19/><D97/><U48/><E59/><V14/><F24/><W60/><G60/><T127/><D127/><U91/><E25/><V115/><F115/><W2/><G2/><T134/><D134/><U94/><REACH who="1" step="1"/><E21/><REACH who="1" ten="350,250,120,250" step="2"/><V26/><F56/><W80/><G80/><AGARI ba="2,3" hai="3,5,8,13,19,23,61,64,66,67,71,80,84,90" machi="80" ten="30,1000,0" yaku="7,1" doraHai="123" who="0" fromWho="3" sc="350,46,250,0,120,0,250,-16" /><AGARI ba="2,0" hai="1,6,11,48,54,58,80,83,85,86,89,91,93,94" machi="80" ten="30,11600,0" yaku="1,1,2,1,7,1,9,1,53,0" doraHai="123" doraHaiUra="40" who="1" fromWho="3" sc="396,0,250,116,120,0,234,-116" />
</Scene>
<Scene>
<INIT seed="1,3,0,4,4,131" ten="396,366,120,118" oya="1" hai0="99,15,121,21,84,19,10,75,79,117,9,40,41" hai1="1,125,134,129,7,4,27,105,132,126,23,88,71" hai2="22,52,118,100,30,44,24,33,82,111,124,122,69" hai3="3,14,68,0,51,55,85,97,48,93,109,46,58"/><U74/><E71/><V59/><F118/><W127/><G68/><T31/><D117/><U80/><E105/><V49/><F69/><W6/><G109/><T38/><D121/><U70/><E70/><V16/><F122/><W98/><G127/><N who="1" m="48650" /><E129/><V28/><F124/><W112/><G112/><T86/><D75/><U26/><E26/><V20/><F111/><W67/><G0/><T53/><D38/><U42/><E42/><V113/><F113/><W91/><G3/><T115/><D115/><U64/><E64/><V50/><F33/><W35/><G35/><T120/><D41/><U8/><E7/><V104/><F82/><W56/><G56/><T135/><D40/><U62/><E62/><V29/><F104/><W60/><REACH who="3" step="1"/><G51/><REACH who="3" ten="396,366,120,108" step="2"/><T77/><D120/><U128/><E128/><V102/><REACH who="2" step="1"/><F22/><REACH who="2" ten="396,366,110,108" step="2"/><W78/><G78/><T2/><D21/><U94/><E80/><V108/><F108/><W133/><G133/><T25/><D135/><U12/><E1/><V57/><F57/><W119/><G119/><T34/><D2/><U66/><E74/><V81/><F81/><W72/><G72/><T90/><D79/><U13/><E13/><V95/><F95/><W54/><G54/><AGARI ba="3,2" hai="16,20,24,28,29,30,44,49,50,52,54,59,100,102" machi="54" ten="40,12000,2" yaku="1,1,8,1,54,2,53,2" doraHai="131" doraHaiUra="47" who="2" fromWho="3" sc="396,0,366,0,110,149,108,-129" owari="396,49.0,366,17.0,259,-14.0,-21,-52.0" />
</Scene>
</mjloggm>