<mjloggm ver="2.3"><GO type="169" lobby="0"/><UN n0="%E5%A4%AA%E3%81%8F%E3%81%AA%E3%81%84%E3%81%8A" n1="%52%65%EF%BC%9B" n2="%E3%81%92%E3%82%8A%E3%81%92%E3%82%8A%E2%98%86%E3%82%B2%E3%83%AA%E3%83%BC" n3="%70%63%63%61%62%63" dan="19,17,16,16" rate="2277.12,2135.02,2087.46,2106.49" sx="F,M,M,M"/><TAIKYOKU oya="0"/>

<Scene>
<INIT seed="0,0,0,0,0,99" ten="250,250,250,250" oya="0" hai0="0,5,134,47,129,35,22,19,11,135,12,124,38" hai1="70,17,59,107,26,104,57,65,56,45,48,123,31" hai2="20,82,66,71,102,67,108,36,81,2,88,73,84" hai3="101,78,39,79,100,21,25,132,94,52,3,76,89"/><T72/><D72/><U43/><E123/><V28/><F36/><W106/><G3/><T126/><D47/><U51/><E17/><V24/><F2/><W118/><G118/><T1/><D38/><U4/><E4/><V75/><F108/><W90/><G132/><N who="0" m="50731" /><D129/><U9/><E9/><V23/><F23/><W110/><G110/><T7/><D35/><U58/><N who="1" m="14336" /><DORA hai="128" /><U13/><E13/><V105/><F81/><W27/><G106/><T6/><D1/><U10/><E10/><V15/><F15/><W133/><G133/><T80/><D80/><U131/><E131/><V41/><F41/><W95/><G39/><T116/><D116/><U34/><REACH who="1" step="1"/><E51/><REACH who="1" ten="250,240,250,250" step="2"/><V54/><F54/><W18/><G52/><T92/><D0/><U98/><E98/><V61/><F67/><W68/><G25/><N who="0" m="14559" /><D92/><N who="3" m="35369" /><G68/><T111/><D111/><U96/><E96/><V87/><F105/><W44/><G44/><T120/><D120/><U69/><E69/><V115/><F71/><W113/><G113/><T55/><D55/><U14/><E14/><V114/><F66/><W53/><G53/><T74/><D74/><U112/><E112/><V117/><F114/><W63/><G63/><AGARI ba="0,1" hai="26,31,34,43,45,48,63,65,70,104,107" m="14336" machi="63" ten="50,3200,0" yaku="1,1,53,1" doraHai="99,128" doraHaiUra="33,40" who="1" fromWho="3" sc="250,0,240,42,250,0,250,-32" />
</Scene>
<Scene>
<INIT seed="1,0,0,1,1,77" ten="250,282,250,218" oya="1" hai0="73,20,25,37,80,114,2,89,66,38,102,95,62" hai1="6,97,10,100,59,21,86,96,99,26,113,92,76" hai2="109,0,5,45,50,130,88,83,72,32,108,78,58" hai3="42,60,85,111,110,116,128,118,70,52,36,12,127"/><U14/><E113/><V115/><F115/><W129/><G12/><T82/><D2/><U107/><E107/><V122/><F122/><W51/><G127/><T57/><D114/><U28/><REACH who="1" step="1"/><E59/><REACH who="1" ten="250,272,250,218" step="2"/><V135/><F135/><W87/><G116/><T54/><D102/><U8/><E8/><V9/><F130/><N who="3" m="50283" /><G118/><T11/><D11/><U17/><E17/><V35/><F108/><N who="3" m="41515" /><G70/><T43/><D66/><U55/><E55/><V13/><F109/><W4/><G4/><T68/><D68/><U124/><E124/><V24/><F58/><N who="3" m="33055" /><G60/><T71/><D71/><U103/><E103/><V15/><F0/><W22/><G22/><T93/><D20/><U46/><E46/><AGARI ba="0,1" hai="36,42,46,85,87" m="33055,41515,50283" machi="46" ten="30,3900,0" yaku="19,1,14,1,54,1" doraHai="77" who="3" fromWho="1" sc="250,0,272,-39,250,0,218,49" />
</Scene>
<Scene>
<INIT seed="2,0,0,3,2,96" ten="250,233,250,267" oya="2" hai0="33,68,105,84,100,31,76,117,79,28,23,85,90" hai1="6,27,92,63,119,82,116,15,32,41,131,113,60" hai2="39,103,18,50,95,97,1,0,74,106,51,109,17" hai3="20,56,24,61,10,54,62,73,14,2,98,22,37"/><V132/><F39/><W55/><G73/><T36/><D68/><U88/><E113/><V30/><F74/><W11/><G2/><T34/><D36/><U118/><E41/><V69/><F69/><W3/><G3/><T128/><D23/><U59/><E131/><V25/><F132/><W112/><G112/><T46/><D46/><U115/><E115/><V48/><F109/><W114/><G114/><T35/><D128/><U134/><E134/><V45/><F0/><W81/><G81/><T71/><D71/><U38/><E38/><V123/><F1/><W58/><G37/><T77/><D117/><U104/><E104/><V57/><F123/><W94/><G14/><T13/><D13/><U130/><E130/><V87/><F57/><W70/><G22/><T29/><D90/><U126/><E126/><V125/><F125/><W66/><G70/><T7/><D7/><U122/><E82/><V110/><F110/><W52/><G55/><T40/><D40/><U72/><E72/><V83/><F106/><W49/><G49/><T26/><D26/><U101/><E122/><V19/><F45/><W75/><G75/><T16/><D16/><U133/><E133/><V9/><F9/><W107/><G107/><T8/><D8/><N who="1" m="4503" /><E27/><V89/><REACH who="2" step="1"/><F18/><REACH who="2" ten="250,233,240,267" step="2"/><N who="3" m="12311" /><G66/><T43/><D43/><U129/><E129/><V135/><F135/><W44/><G44/><T102/><D105/><U47/><E47/><V21/><AGARI ba="0,1" hai="17,19,21,25,30,48,50,51,83,87,89,95,97,103" machi="21" ten="30,11700,0" yaku="1,1,0,1,8,1,52,1,53,0" doraHai="96" doraHaiUra="65" who="2" fromWho="2" sc="250,-39,233,-39,240,127,267,-39" />
</Scene>
<Scene>
<INIT seed="2,1,0,5,1,64" ten="211,194,367,228" oya="2" hai0="29,49,26,135,108,18,55,107,16,133,96,30,11" hai1="3,12,134,36,19,97,51,102,62,130,95,75,81" hai2="14,105,101,48,76,8,89,69,68,65,84,15,23" hai3="7,104,114,44,98,10,127,63,53,83,118,80,9"/><V31/><F76/><W59/><G118/><T103/><D108/><U106/><E36/><V33/><F48/><W13/><G127/><T45/><D30/><U93/><E3/><V90/><F65/><W129/><G129/><T85/><D85/><U94/><E130/><V60/><F60/><W78/><G114/><T32/><REACH who="0" step="1"/><D11/><REACH who="0" ten="201,194,367,228" step="2"/><U67/><E75/><V41/><F84/><W57/><G10/><T122/><D122/><U2/><E134/><AGARI ba="1,1" hai="16,18,26,29,32,45,49,55,96,103,107,133,134,135" machi="134" ten="40,5200,0" yaku="1,1,20,1,54,1,53,0" doraHai="64" doraHaiUra="125" who="0" fromWho="1" sc="201,65,194,-55,367,0,228,0" />
</Scene>
<Scene>
<INIT seed="3,0,0,4,2,29" ten="266,139,367,228" oya="3" hai0="0,10,97,32,46,114,86,89,44,72,25,66,80" hai1="88,14,65,61,91,111,13,102,5,81,134,98,124" hai2="27,15,6,112,4,94,55,113,20,132,93,21,41" hai3="28,128,131,106,71,54,45,8,103,82,79,100,85"/><W105/><G71/><T87/><D114/><U129/><E111/><V51/><F41/><W33/><G8/><T118/><D118/><U104/><E124/><V35/><F132/><W120/><G120/><T70/><D72/><U64/><E134/><V135/><F135/><W40/><G54/><T133/><D133/><U68/><E129/><N who="3" m="49738" /><G103/><T60/><D97/><U56/><E5/><V62/><F62/><W101/><G101/><T16/><D86/><U92/><E68/><V58/><F112/><W43/><G43/><T12/><REACH who="0" step="1"/><D0/><REACH who="0" ten="256,139,367,228" step="2"/><U19/><E98/><V123/><F113/><W17/><G100/><T122/><D122/><U9/><E104/><V37/><F123/><W96/><G96/><T2/><D2/><U49/><E102/><V130/><F130/><W116/><G116/><T119/><D119/><U126/><E126/><V23/><F94/><W125/><G125/><T31/><AGARI ba="0,1" hai="10,12,16,25,31,32,44,46,60,66,70,80,87,89" machi="31" ten="30,8000,1" yaku="1,1,0,1,52,1,54,1,53,1" doraHai="29" doraHaiUra="30" who="0" fromWho="0" sc="256,90,139,-20,367,-20,228,-40" />
</Scene>
<Scene>
<INIT seed="4,0,0,4,2,74" ten="346,119,347,188" oya="0" hai0="37,105,30,49,19,83,132,12,71,53,52,89,24" hai1="112,98,69,34,51,33,85,93,8,116,110,77,9" hai2="103,97,129,67,101,22,115,3,31,82,100,119,122" hai3="59,35,78,106,133,10,70,5,102,62,99,135,95"/><T16/><D37/><U54/><E110/><V73/><F122/><W86/><G70/><T118/><D118/><U0/><E116/><V87/><F3/><W18/><G35/><T107/><D71/><U90/><E69/><V72/><F119/><W40/><G40/><T11/><D132/><U117/><E117/><V41/><F41/><W121/><G121/><T80/><D19/><U17/><E112/><V13/><F67/><W61/><G18/><T134/><D134/><N who="3" m="51209" /><G59/><T127/><D127/><U23/><E34/><V123/><F123/><W109/><G109/><T91/><D53/><U75/><E75/><N who="2" m="28747" /><F13/><N who="3" m="5327" /><G95/><T88/><D107/><U55/><E33/><V6/><F6/><W64/><G64/><T20/><REACH who="0" step="1"/><D105/><REACH who="0" ten="336,119,347,188" step="2"/><U42/><E17/><V94/><F115/><W44/><G106/><T81/><D81/><N who="1" m="47279" /><E55/><V27/><F82/><W113/><G113/><T46/><AGARI ba="0,1" hai="11,12,16,20,24,30,46,49,52,80,83,88,89,91" machi="46" ten="30,24000,3" yaku="1,1,0,1,8,1,54,3,53,2" doraHai="74" doraHaiUra="79" who="0" fromWho="0" sc="336,250,119,-80,347,-80,188,-80" />
</Scene>
<Scene>
<INIT seed="4,1,0,5,1,39" ten="586,39,267,108" oya="0" hai0="105,134,66,86,117,45,115,67,129,62,38,123,65" hai1="75,71,1,100,128,74,33,9,6,106,7,94,90" hai2="12,59,133,41,37,42,36,61,13,78,87,17,14" hai3="92,57,132,118,10,46,70,50,82,27,21,102,68"/><T16/><D105/><U24/><E128/><V54/><F133/><W120/><G118/><T11/><D117/><U3/><E71/><V91/><F78/><W32/><G32/><T60/><D123/><U85/><E106/><V53/><F53/><W122/><G132/><T15/><D134/><U84/><E100/><V112/><F112/><W28/><G57/><T107/><D107/><U77/><E77/><V80/><F36/><W47/><G82/><T125/><D115/><U73/><E33/><V114/><F37/><W34/><G10/><T103/><D103/><U93/><E24/><V104/><F104/><W55/><G47/><T8/><D129/><U127/><E127/><V124/><F124/><W99/><REACH who="3" step="1"/><G34/><REACH who="3" ten="586,39,267,98" step="2"/><T97/><D45/><U135/><E135/><V108/><F114/><W95/><G95/><N who="1" m="36362" /><E9/><V98/><F108/><W49/><G49/><T22/><D11/><U0/><E90/><V89/><F17/><W83/><G83/><T63/><D16/><U119/><E119/><V29/><F29/><W109/><G109/><T130/><D125/><U69/><E69/><AGARI ba="1,1" hai="21,27,28,46,50,55,68,69,70,92,99,102,120,122" machi="69" ten="40,1300,0" yaku="1,1,53,0" doraHai="39" doraHaiUra="81" who="3" fromWho="1" sc="586,0,39,-16,267,0,98,26" />
</Scene>
<Scene>
<INIT seed="5,0,0,3,3,73" ten="586,23,267,124" oya="1" hai0="121,20,75,104,103,46,60,86,127,77,33,57,90" hai1="85,118,34,8,64,108,22,52,59,35,109,44,4" hai2="43,122,65,88,27,47,84,114,94,40,45,95,32" hai3="19,3,129,101,23,11,107,74,111,48,39,130,56"/><U41/><E118/><V78/><F122/><W133/><G111/><N who="1" m="42570" /><E64/><V128/><F65/><W93/><G39/><T123/><D33/><U15/><E22/><V83/><F128/><W115/><G115/><T10/><D127/><U50/><E85/><N who="2" m="48375" /><F32/><W100/><G133/><T25/><D10/><U61/><AGARI ba="0,0" hai="4,8,15,34,35,41,44,50,52,59,61" m="42570" machi="61" ten="30,3000,0" yaku="10,1,54,1" doraHai="73" who="1" fromWho="1" sc="586,-10,23,30,267,-10,124,-10" />
</Scene>
<Scene>
<INIT seed="5,1,0,1,5,12" ten="576,53,257,114" oya="1" hai0="125,115,42,97,89,5,21,35,45,52,49,25,16" hai1="43,122,77,68,29,99,108,37,44,27,47,119,40" hai2="61,73,92,36,103,116,18,57,32,7,94,79,62" hai3="81,13,14,31,22,111,3,4,78,41,17,133,101"/><U26/><E119/><V84/><F116/><W60/><G111/><T95/><D115/><U2/><E122/><V11/><F36/><W123/><G123/><T23/><D125/><U1/><E108/><V10/><F32/><W135/><G101/><T24/><D35/><U105/><E68/><V134/><F73/><W75/><G31/><N who="0" m="17807" /><D5/><U0/><E77/><V8/><F134/><N who="3" m="51211" /><G41/><AGARI ba="1,0" hai="16,23,25,41,42,45,49,52,89,95,97" m="17807" machi="41" ten="30,7700,0" yaku="8,1,52,1,54,2" doraHai="12" who="0" fromWho="3" sc="576,80,53,0,257,0,114,-80" />
</Scene>
<Scene>
<INIT seed="6,0,0,1,3,129" ten="656,53,257,34" oya="2" hai0="99,7,39,67,28,117,44,124,53,61,102,21,73" hai1="46,100,20,98,78,37,6,86,56,26,59,30,66" hai2="113,123,112,116,128,135,35,110,79,68,76,118,105" hai3="133,40,75,92,16,31,77,91,121,36,58,19,23"/><V85/><F68/><W47/><G121/><T132/><D73/><U45/><E6/><V22/><F22/><W80/><G133/><T111/><D53/><U122/><E122/><V55/><F55/><W54/><G31/><T51/><D99/><U27/><E37/><V104/><F35/><W2/><G2/><T57/><D102/><U88/><E78/><N who="2" m="29739" /><F123/><W126/><G126/><T32/><D21/><N who="1" m="15727" /><E98/><V29/><F29/><W10/><G10/><T107/><D124/><U8/><E100/><V134/><F128/><W125/><G125/><T97/><D28/><N who="1" m="17479" /><E8/><V131/><F131/><W70/><G70/><T1/><D67/><U64/><E64/><V127/><F127/><W0/><G0/><T41/><D1/><U74/><E74/><V69/><F69/><W9/><G9/><T42/><D32/><U60/><E59/><V93/><F110/><W38/><G38/><T119/><D41/><U90/><E90/><N who="2" m="53455" /><F116/><W101/><G101/><T18/><D117/><U109/><E109/><V94/><F94/><AGARI ba="0,0" hai="45,46,56,60,66,86,88,94" m="17479,15727" machi="94" ten="30,2000,0" yaku="8,1,54,1" doraHai="129" who="1" fromWho="2" sc="656,0,53,20,257,-20,34,0" />
</Scene>
<Scene>
<INIT seed="7,0,0,3,3,83" ten="656,73,237,34" oya="3" hai0="43,131,8,63,14,129,128,1,108,70,59,102,34" hai1="13,53,51,121,40,100,52,64,65,49,27,5,69" hai2="30,24,126,20,99,95,4,132,98,57,15,101,62" hai3="107,19,25,123,114,26,71,104,106,82,79,90,86"/><W41/><G123/><T44/><D108/><U81/><E121/><V87/><F126/><W17/><G114/><T111/><D111/><U122/><E122/><V76/><F98/><W39/><G71/><T22/><D34/><U127/><E69/><V45/><F45/><W109/><G109/><T2/><D22/><U118/><E127/><V68/><F68/><W75/><G41/><T36/><D102/><U124/><E124/><V48/><F48/><N who="1" m="18505" /><E40/><V112/><F112/><W18/><REACH who="3" step="1"/><G39/><REACH who="3" ten="656,73,237,24" step="2"/><T84/><D70/><U133/><E118/><V37/><F37/><W78/><G78/><T47/><D36/><U119/><E119/><V55/><F76/><W21/><G21/><T96/><D43/><U3/><E133/><V35/><F132/><W42/><G42/><T116/><D116/><U67/><E3/><V6/><F35/><W56/><G56/><T110/><D110/><U91/><E100/><V92/><F15/><W117/><G117/><T89/><D1/><U73/><E27/><V16/><F101/><W74/><G74/><T38/><D2/><U134/><E134/><V12/><F24/><W50/><G50/><T7/><D38/><U85/><E73/><V77/><F12/><W10/><G10/><AGARI ba="0,1" hai="5,10,13,52,53,64,65,67,81,85,91" m="18505" machi="10" ten="30,3900,0" yaku="8,1,52,1,54,1" doraHai="83" who="1" fromWho="3" sc="656,0,73,49,237,0,24,-39" owari="656,76.0,122,-28.0,237,4.0,-15,-52.0" />
</Scene>
</mjloggm>