<mjloggm ver="2.3"><GO type="169" lobby="0"/><UN n0="%E3%83%81%E3%83%A5%E3%83%AB%E3%82%B9" n1="%E8%B1%86%E7%89%B9%EF%BC%A0%E6%B2%B3%E6%9D%91%E8%BB%8D%E5%9B%A3" n2="%E5%A4%AA%E3%81%8F%E3%81%AA%E3%81%84%E3%81%8A" n3="%E3%81%AA%E3%82%8A%E3%81%9F%E3%81%B6%E3%82%89%E3%81%84%E3%81%82%E3%82%93" dan="17,18,19,16" rate="2149.67,2195.75,2310.19,2033.05" sx="M,M,F,M"/><TAIKYOKU oya="0"/>

<Scene>
<INIT seed="0,0,0,4,4,133" ten="250,250,250,250" oya="0" hai0="104,6,78,70,107,27,26,96,66,33,101,48,24" hai1="112,97,57,132,94,110,103,99,124,134,115,47,81" hai2="91,67,29,130,45,100,51,98,64,84,16,22,122" hai3="17,62,2,80,72,75,128,71,8,126,61,30,83"/><T68/><D107/><N who="1" m="63983" /><E57/><V88/><F130/><W46/><G17/><T40/><D78/><U92/><E47/><V58/><F29/><W86/><G8/><T11/><D70/><U82/><E110/><V5/><F5/><W60/><G46/><T37/><D48/><U32/><E32/><V21/><F122/><W52/><G30/><T41/><D33/><U15/><E15/><N who="2" m="9375" /><F22/><W55/><G62/><T0/><REACH who="0" step="1"/><D37/><REACH who="0" ten="240,250,250,250" step="2"/><U19/><E132/><V113/><F51/><W18/><G71/><T20/><D20/><U111/><E134/><V25/><F113/><W28/><G128/><T36/><D36/><U89/><E115/><V93/><F58/><W53/><G75/><T49/><D49/><U9/><E112/><V127/><F45/><W13/><G72/><T108/><D108/><U44/><E111/><V38/><F38/><W73/><G73/><T116/><D116/><U120/><E44/><V129/><F129/><W1/><G61/><AGARI ba="0,1" hai="0,6,11,24,26,27,40,41,61,66,68,96,101,104" machi="61" ten="40,3900,0" yaku="1,1,53,1" doraHai="133" doraHaiUra="95" who="0" fromWho="3" sc="240,49,250,0,250,0,250,-39" />
</Scene>
<Scene>
<INIT seed="0,1,0,2,1,92" ten="289,250,250,211" oya="0" hai0="97,56,47,88,93,119,32,45,37,65,19,59,22" hai1="68,69,60,26,61,82,120,8,0,27,31,13,49" hai2="52,86,101,128,133,100,28,14,89,80,105,51,87" hai3="34,35,85,91,124,53,46,127,71,99,104,63,90"/><T96/><D32/><U20/><E120/><V94/><F128/><W95/><G71/><T110/><D119/><U126/><E126/><N who="3" m="48170" /><G104/><T2/><D2/><U70/><E0/><V66/><F133/><W108/><G108/><T84/><D110/><U23/><E82/><V43/><F66/><W135/><G135/><T72/><D72/><U114/><E114/><V131/><F131/><W16/><G16/><T113/><D113/><U103/><E103/><V30/><F43/><W29/><G29/><N who="2" m="11369" /><F14/><W38/><G63/><N who="0" m="38119" /><D37/><U50/><E68/><V122/><F105/><W36/><G53/><T12/><D59/><U115/><E115/><V79/><F122/><W9/><G9/><T74/><D74/><U130/><E130/><V98/><F87/><W24/><G24/><T54/><D54/><U40/><E40/><V15/><F15/><W17/><G17/><T58/><D58/><AGARI ba="1,0" hai="51,52,58,79,80,86,89,94,98,100,101" m="11369" machi="58" ten="30,3900,0" yaku="8,1,52,1,54,1" doraHai="92" who="2" fromWho="0" sc="289,-42,250,0,250,42,211,0" />
</Scene>
<Scene>
<INIT seed="1,0,0,1,3,128" ten="247,250,292,211" oya="1" hai0="61,135,33,25,104,5,41,131,108,17,78,60,16" hai1="53,31,88,56,74,94,82,20,75,73,34,57,21" hai2="72,92,87,125,48,89,133,36,111,86,12,28,124" hai3="27,22,107,130,90,8,85,39,110,81,96,6,49"/><U3/><E3/><V18/><F36/><W118/><G39/><T14/><D108/><U46/><E82/><V4/><F72/><W37/><G37/><T51/><D131/><U98/><E34/><V95/><F4/><W103/><G130/><T123/><D104/><U79/><E79/><V9/><F111/><W100/><G110/><T55/><D123/><U19/><E31/><V83/><F28/><W122/><G118/><T113/><D113/><U59/><REACH who="1" step="1"/><E19/><REACH who="1" ten="247,240,292,211" step="2"/><V126/><F83/><W26/><G122/><T102/><D33/><U70/><E70/><V52/><F124/><W40/><G22/><T24/><D78/><U80/><E80/><V44/><F125/><W42/><G81/><T120/><D120/><U114/><E114/><V54/><F126/><W13/><G103/><T38/><D102/><U30/><E30/><V106/><F18/><W112/><G112/><T76/><D17/><U47/><E47/><V32/><F44/><W11/><G100/><T15/><D16/><U105/><E105/><V0/><F32/><W134/><G107/><T58/><D76/><U116/><E116/><V7/><F0/><W23/><G23/><T99/><D5/><U97/><E97/><V43/><F106/><W77/><G96/><T69/><D99/><U115/><E115/><V45/><F87/><W66/><G77/><T67/><D25/><U62/><E62/><V29/><F29/><W117/><G27/><T119/><D24/><U93/><E93/><V129/><F129/><W1/><G26/><T64/><D119/><U65/><E65/><V63/><F92/><RYUUKYOKU ba="0,1" sc="247,-10,240,30,292,-10,211,-10" hai1="20,21,46,53,56,57,59,73,74,75,88,94,98" />
</Scene>
<Scene>
<INIT seed="1,1,1,0,1,5" ten="237,270,282,201" oya="1" hai0="26,16,107,3,134,34,9,60,79,62,36,46,58" hai1="90,116,69,14,93,115,13,64,63,25,15,57,61" hai2="85,43,30,121,95,31,74,72,56,113,77,37,100" hai3="99,21,71,98,68,65,12,87,6,80,50,67,97"/><U8/><E116/><V86/><F121/><W123/><G123/><T130/><D107/><U33/><E115/><V49/><F37/><W40/><G68/><T84/><D130/><U83/><E83/><V45/><F113/><W70/><G70/><T47/><D134/><U102/><E102/><V106/><F106/><W32/><G32/><T76/><D34/><U110/><E110/><V88/><F100/><W41/><G71/><T117/><D117/><U18/><E25/><V78/><F74/><W10/><G21/><T131/><D131/><U94/><E33/><V128/><F72/><W91/><G41/><T96/><D96/><U20/><E90/><N who="2" m="53711" /><F56/><W11/><G11/><T119/><D119/><U133/><E133/><V59/><F59/><W114/><G114/><T22/><D62/><U120/><E120/><V82/><F128/><W51/><G51/><T109/><D109/><U103/><E103/><V112/><F112/><W52/><G40/><T53/><D36/><U38/><E38/><V129/><F129/><W132/><G132/><T118/><D118/><U75/><E75/><V92/><F82/><W44/><AGARI ba="1,1" hai="6,10,12,44,50,52,65,67,80,87,91,97,98,99" machi="44" ten="30,7900,0" yaku="0,1,8,1,52,1,54,1" doraHai="5" who="3" fromWho="3" sc="237,-21,270,-40,282,-21,201,92" />
</Scene>
<Scene>
<INIT seed="2,0,0,0,4,74" ten="216,230,261,293" oya="2" hai0="90,39,94,106,102,108,115,80,24,124,85,23,2" hai1="103,17,58,47,121,44,134,35,81,51,40,14,62" hai2="127,104,20,59,117,129,33,22,66,27,54,61,123" hai3="41,49,12,25,122,65,70,78,100,105,43,98,82"/><V11/><F117/><W67/><G122/><T116/><D115/><U18/><E35/><V135/><F123/><W130/><G130/><T86/><D39/><U32/><E32/><V99/><F129/><W21/><G12/><T87/><D2/><U15/><E121/><V4/><F127/><W92/><G105/><T79/><D108/><U76/><E103/><V42/><F42/><W19/><G70/><T26/><D124/><U125/><E125/><V110/><F135/><W69/><G69/><T91/><D116/><U72/><E134/><V95/><F104/><W6/><G6/><T46/><D46/><U36/><E14/><N who="2" m="5479" /><F33/><W56/><G65/><T16/><D106/><U3/><E15/><V34/><F34/><W1/><G1/><T45/><D45/><U118/><E118/><V132/><F132/><W111/><G111/><T133/><D133/><U8/><E8/><V107/><F107/><W63/><REACH who="3" step="1"/><G49/><REACH who="3" ten="216,230,261,283" step="2"/><T109/><D109/><U10/><E3/><V97/><F66/><W120/><G120/><T55/><D26/><U64/><REACH who="1" step="1"/><E10/><REACH who="1" ten="216,220,261,283" step="2"/><V114/><F110/><W30/><G30/><T52/><REACH who="0" step="1"/><D102/><REACH who="0" ten="206,220,261,283" step="2"/><U57/><E57/><V29/><F59/><W128/><G128/><T53/><D53/><AGARI ba="0,3" hai="17,18,36,40,44,47,51,53,58,62,64,72,76,81" machi="53" ten="30,7700,0" yaku="1,1,7,1,52,1,53,1" doraHai="74" doraHaiUra="75" who="1" fromWho="0" sc="206,-77,220,107,261,0,283,0" />
</Scene>
<Scene>
<INIT seed="3,0,0,4,2,115" ten="129,327,261,283" oya="3" hai0="40,70,106,12,51,60,110,13,55,108,53,133,105" hai1="114,124,42,28,113,79,104,127,43,135,116,5,82" hai2="96,14,52,17,103,34,72,87,98,2,11,84,15" hai3="77,32,126,93,41,35,68,75,65,66,7,64,100"/><W46/><G126/><N who="1" m="48170" /><E104/><V102/><F72/><W81/><G68/><T121/><D121/><U99/><E99/><N who="2" m="37931" /><F34/><W109/><G109/><N who="0" m="42091" /><D40/><U29/><E5/><N who="2" m="3439" /><F2/><W134/><G93/><T85/><D85/><N who="2" m="32842" /><F52/><N who="0" m="20042" /><D51/><U21/><E135/><V36/><F36/><W18/><G100/><T33/><D33/><U38/><E38/><V86/><F86/><W67/><G134/><T31/><D31/><N who="1" m="11851" /><E21/><AGARI ba="0,0" hai="15,17,21,102,103" m="32842,3439,37931" machi="21" ten="30,1000,0" yaku="8,1" doraHai="115" who="2" fromWho="1" sc="129,0,327,-10,261,10,283,0" />
</Scene>
<Scene>
<INIT seed="4,0,0,3,0,58" ten="129,317,271,283" oya="0" hai0="117,52,36,119,78,25,63,49,97,41,99,21,13" hai1="82,110,20,135,131,45,71,72,102,74,40,27,57" hai2="87,7,121,130,33,55,37,124,68,4,108,115,134" hai3="5,75,53,104,29,1,77,81,105,51,125,31,56"/><T43/><D78/><U11/><E110/><V14/><RYUUKYOKU type="yao9" ba="0,0" sc="129,0,317,0,271,0,283,0" hai2="4,7,14,33,37,55,68,87,108,115,121,124,130,134" />
</Scene>
<Scene>
<INIT seed="4,1,0,2,1,115" ten="129,317,271,283" oya="0" hai0="9,29,7,80,19,126,114,111,44,20,83,13,4" hai1="57,22,86,99,65,59,130,82,104,25,128,66,129" hai2="125,50,70,74,112,123,76,100,113,10,16,91,51" hai3="67,48,133,8,107,121,38,63,127,90,60,73,52"/><T6/><D114/><N who="2" m="44138" /><F123/><W18/><G38/><T85/><D126/><U105/><E59/><V27/><F70/><W93/><G73/><T77/><D111/><U134/><E134/><V35/><F125/><W33/><G107/><N who="1" m="41034" /><E57/><V118/><F100/><W75/><G75/><T119/><D119/><U11/><E11/><V72/><F91/><W55/><G127/><T110/><D110/><U135/><E135/><V94/><F94/><W120/><G133/><T45/><D29/><N who="1" m="17591" /><E99/><V0/><F118/><W17/><G33/><T132/><D132/><U97/><E97/><V87/><F87/><W1/><G55/><T3/><D3/><U98/><E98/><V71/><F71/><W109/><G109/><T88/><REACH who="0" step="1"/><D20/><REACH who="0" ten="119,317,271,283" step="2"/><U32/><E32/><V24/><F35/><W5/><G121/><T69/><D69/><U124/><E124/><V81/><F0/><W84/><G120/><T28/><D28/><U47/><E130/><V15/><F74/><AGARI ba="1,1" hai="4,6,7,9,13,19,44,45,74,77,80,83,85,88" machi="74" ten="40,3900,0" yaku="1,1,54,1,53,0" doraHai="115" doraHaiUra="36" who="0" fromWho="2" sc="119,52,317,0,271,-42,283,0" />
</Scene>
<Scene>
<INIT seed="4,2,0,0,4,121" ten="171,317,229,283" oya="0" hai0="54,106,97,49,59,44,120,53,72,58,79,74,99" hai1="101,130,61,108,13,89,80,94,64,48,27,127,35" hai2="34,75,69,114,11,32,88,22,110,134,6,83,16" hai3="0,132,21,9,124,60,133,66,135,62,90,2,8"/><T119/><D119/><U70/><E130/><V25/><F69/><W5/><G124/><T10/><D120/><U116/><E116/><V1/><F114/><W23/><G90/><T100/><D99/><U26/><E127/><V96/><F134/><W28/><G28/><T50/><D79/><U57/><E80/><V104/><F110/><W81/><G81/><T15/><REACH who="0" step="1"/><D44/><REACH who="0" ten="161,317,229,283" step="2"/><U36/><E101/><V46/><F46/><W93/><G135/><T71/><D71/><U56/><E70/><V129/><F129/><W107/><G133/><T78/><D78/><U47/><E47/><V63/><F75/><W52/><G132/><T85/><D85/><U39/><E56/><V111/><F111/><W117/><G117/><T118/><D118/><U82/><E108/><V43/><F96/><W30/><G107/><T122/><D122/><U112/><E57/><V37/><F104/><W126/><G126/><T103/><D103/><U29/><E112/><V14/><F88/><W125/><G125/><T31/><D31/><U91/><E29/><V98/><F98/><W87/><G30/><T86/><D86/><U24/><E91/><V45/><F45/><W68/><G87/><T40/><D40/><U131/><E89/><V65/><F83/><W109/><G109/><T77/><D77/><U42/><E82/><V92/><F92/><W20/><G93/><T102/><D102/><U73/><E94/><V105/><F105/><W128/><G128/><T123/><D123/><U41/><E131/><V4/><F43/><W115/><G68/><T33/><D33/><U51/><E35/><RYUUKYOKU ba="2,1" sc="161,30,317,-10,229,-10,283,-10" hai0="10,15,49,50,53,54,58,59,72,74,97,100,106" />
</Scene>
<Scene>
<INIT seed="4,3,1,5,0,3" ten="191,307,219,273" oya="0" hai0="52,46,121,1,60,54,44,48,100,70,36,66,69" hai1="18,26,126,74,110,93,63,40,23,19,134,12,45" hai2="20,111,8,24,11,113,105,4,29,62,118,97,13" hai3="117,57,6,15,41,9,55,72,25,127,64,65,90"/><T10/><D100/><U98/><E110/><V82/><F111/><W27/><G117/><T86/><D121/><U89/><E134/><V108/><F108/><W56/><G72/><T87/><D1/><U32/><E74/><V76/><F118/><W124/><G41/><N who="0" m="22567" /><D10/><U77/><E77/><V81/><F113/><W28/><G90/><T51/><D87/><U85/><E126/><N who="3" m="48170" /><G57/><N who="0" m="32991" /><D86/><U37/><E63/><V73/><F62/><N who="3" m="36127" /><G27/><T103/><D103/><U92/><E32/><AGARI ba="3,1" hai="6,9,15,25,28,32,64,65" m="36127,48170" machi="32" ten="30,2000,0" yaku="18,1,52,1" doraHai="3" who="3" fromWho="1" sc="191,0,307,-29,219,0,273,39" />
</Scene>
<Scene>
<INIT seed="5,0,0,3,4,127" ten="191,278,219,312" oya="1" hai0="115,12,122,34,42,10,78,54,108,7,101,14,62" hai1="4,19,71,87,98,57,83,113,44,89,41,111,35" hai2="120,131,37,109,133,61,52,46,50,2,69,128,63" hai3="97,123,55,64,90,67,81,26,110,126,76,5,116"/><U47/><E71/><V32/><F32/><W15/><G110/><T48/><D108/><U124/><E111/><V99/><F109/><W8/><G126/><T51/><D115/><U117/><E117/><V65/><F2/><W80/><G123/><T118/><D118/><U28/><E124/><V125/><F125/><W95/><G116/><T72/><D34/><U91/><E113/><V94/><F120/><W86/><G81/><T53/><D122/><U130/><E4/><V40/><F63/><W38/><G38/><T3/><D101/><U18/><E57/><N who="2" m="32919" /><F133/><W31/><G55/><T92/><D92/><N who="1" m="56607" /><E28/><V114/><F114/><W25/><G25/><T56/><D62/><U84/><E35/><AGARI ba="0,0" hai="5,8,15,26,31,35,64,67,76,80,86,90,95,97" machi="35" ten="30,1000,0" yaku="7,1" doraHai="127" who="3" fromWho="1" sc="191,0,278,-10,219,0,312,10" />
</Scene>
<Scene>
<INIT seed="6,0,0,1,3,90" ten="191,268,219,322" oya="2" hai0="36,54,99,122,46,31,64,2,88,6,80,22,66" hai1="47,109,72,120,105,107,42,121,83,111,30,117,134" hai2="57,35,60,62,74,71,1,69,59,45,34,41,128" hai3="33,56,3,102,48,87,18,124,11,10,110,32,127"/><V24/><F1/><W21/><G110/><N who="1" m="41994" /><E30/><V115/><F74/><W7/><G102/><T114/><D122/><N who="1" m="47211" /><E47/><V123/><F123/><W96/><G11/><T132/><D114/><U40/><E117/><V65/><F115/><W81/><G96/><T17/><D132/><U135/><E83/><V4/><F128/><W100/><G100/><T113/><D113/><U52/><E52/><V89/><F45/><W23/><G56/><T106/><D106/><N who="1" m="40459" /><E72/><V68/><F41/><AGARI ba="0,0" hai="40,41,42,134,135" m="40459,47211,41994" machi="41" ten="40,5200,0" yaku="28,2,13,1" doraHai="90" who="1" fromWho="2" sc="191,0,268,52,219,-52,322,0" />
</Scene>
<Scene>
<INIT seed="7,0,0,2,3,47" ten="191,320,167,322" oya="3" hai0="6,86,122,65,92,29,60,45,135,7,79,64,77" hai1="20,3,130,24,81,44,26,113,31,30,27,9,51" hai2="105,15,88,52,17,87,71,32,84,98,53,102,117" hai3="110,93,56,46,14,28,116,89,97,131,69,38,54"/><W106/><G116/><T25/><D122/><U99/><E130/><V4/><F117/><W22/><G69/><T68/><D135/><U41/><E113/><V109/><F109/><W111/><G131/><T85/><D65/><U49/><E99/><V103/><F71/><W39/><G106/><T75/><D75/><U36/><E81/><N who="2" m="49167" /><F32/><W95/><G46/><T134/><D134/><U23/><E26/><V96/><F105/><W50/><G95/><T37/><D37/><U82/><E82/><V112/><F4/><AGARI ba="0,0" hai="3,4,9,20,23,24,27,30,31,36,41,44,49,51" machi="4" ten="40,5200,0" yaku="9,1,52,2" doraHai="47" who="1" fromWho="2" sc="191,0,320,52,167,-52,322,0" owari="191,-21.0,372,47.0,115,-38.0,322,12.0" />
</Scene>
</mjloggm>