<mjloggm ver="2.3"><GO type="169" lobby="0"/><UN n0="%65%69%6B%31" n1="%E5%A4%AA%E3%81%8F%E3%81%AA%E3%81%84%E3%81%8A" n2="%E5%B9%BE%E4%BD%95%E5%AD%A6%E5%B0%82%E6%94%BB" n3="%E3%83%A1%E3%82%AB%E3%82%BC%E3%83%83%E3%83%88%E3%83%B3" dan="17,18,16,18" rate="2166.28,2291.46,2132.19,2207.57" sx="M,M,M,M"/><TAIKYOKU oya="0"/>

<Scene>
<INIT seed="0,0,0,3,0,64" ten="250,250,250,250" oya="0" hai0="62,10,61,49,95,4,47,129,72,66,128,12,98" hai1="117,81,37,5,60,113,93,24,102,121,109,51,54" hai2="29,22,38,76,132,68,23,8,15,21,130,103,96" hai3="59,133,131,46,34,30,79,16,39,27,45,101,67"/><T126/><D72/><U110/><E117/><V70/><F38/><W111/><G111/><T2/><D2/><U73/><E121/><V120/><F120/><W7/><G133/><T40/><D126/><U97/><E37/><V77/><F132/><W91/><G7/><T112/><D112/><U108/><E113/><V44/><F44/><W99/><G79/><T135/><D135/><U116/><E116/><V56/><F56/><W69/><G59/><T90/><REACH who="0" step="1"/><D62/><REACH who="0" ten="240,250,250,250" step="2"/><U100/><E60/><V115/><F115/><W125/><G125/><T42/><D42/><U1/><E1/><V17/><F130/><W28/><G131/><T94/><D94/><U33/><E73/><V3/><F3/><W9/><G39/><T122/><D122/><U127/><E127/><V58/><F29/><W83/><G28/><T32/><D32/><U75/><E33/><V20/><N who="2" m="5120" /><DORA hai="63" /><V14/><F14/><W11/><G30/><T107/><D107/><U86/><E75/><V88/><F15/><W85/><G34/><T13/><D13/><U106/><E106/><V50/><F8/><W78/><G9/><T89/><D89/><U0/><E0/><V31/><F88/><W36/><G91/><T134/><D134/><U19/><E109/><V6/><F31/><W57/><G36/><T55/><D55/><U118/><E110/><V71/><F103/><W104/><G11/><T82/><D82/><U43/><E108/><V124/><F124/><W52/><G101/><N who="1" m="39018" /><E81/><V65/><F77/><W80/><G78/><T53/><D53/><U92/><E54/><N who="2" m="32087" /><F76/><W119/><G119/><RYUUKYOKU ba="0,1" sc="240,30,250,-10,250,-10,250,-10" hai0="4,10,12,40,47,49,61,66,90,95,98,128,129" />
</Scene>
<Scene>
<INIT seed="0,1,1,4,2,93" ten="270,240,240,240" oya="0" hai0="66,110,0,16,102,6,50,87,130,132,91,12,18" hai1="8,29,68,83,5,20,75,101,47,1,134,71,41" hai2="44,62,97,79,39,92,2,125,74,15,122,69,63" hai3="90,82,133,95,37,28,100,24,99,105,55,84,49"/><T7/><D130/><U81/><E81/><V104/><F122/><W78/><G133/><T64/><D132/><U25/><E134/><V115/><F115/><W61/><G37/><T124/><D124/><U114/><E114/><V107/><F2/><W22/><G61/><T119/><D119/><U121/><E121/><V112/><F112/><W35/><G35/><T135/><D135/><U77/><REACH who="1" step="1"/><E101/><REACH who="1" ten="270,230,240,240" step="2"/><V14/><F125/><W70/><G70/><T19/><D102/><U38/><AGARI ba="1,2" hai="1,5,8,20,25,29,38,41,47,68,71,75,77,83" machi="38" ten="20,12000,2" yaku="1,1,2,1,0,1,7,1,25,2,53,1" doraHai="93" doraHaiUra="40" who="1" fromWho="1" sc="270,-61,230,143,240,-31,240,-31" />
</Scene>
<Scene>
<INIT seed="1,0,0,0,4,63" ten="209,373,209,209" oya="1" hai0="15,78,66,6,135,88,42,32,54,30,83,75,39" hai1="27,13,87,85,64,104,97,119,51,5,112,17,81" hai2="4,23,37,107,48,12,105,35,46,59,57,22,14" hai3="79,40,1,92,24,33,123,7,44,34,133,70,96"/><U60/><E112/><V56/><F35/><W89/><G123/><T84/><D135/><U3/><E119/><V80/><F37/><W115/><G115/><T129/><D129/><U118/><E118/><V100/><F80/><W38/><G133/><T43/><D39/><U52/><E27/><V71/><F71/><W65/><G79/><T134/><D134/><U109/><E109/><V49/><F100/><W127/><G127/><T16/><D6/><U29/><E29/><V125/><F125/><W98/><G24/><T94/><D30/><U101/><E5/><V93/><F93/><W67/><G98/><T28/><D28/><U124/><E3/><V9/><F46/><W74/><G74/><T8/><D32/><U126/><E87/><V90/><F90/><W58/><G70/><T77/><D77/><U82/><E82/><V110/><F110/><W31/><G31/><T47/><REACH who="0" step="1"/><D66/><REACH who="0" ten="199,373,209,209" step="2"/><U108/><E108/><V45/><F4/><W20/><G34/><T130/><D130/><U132/><E132/><V25/><F105/><W11/><G33/><T114/><D114/><U62/><E64/><V76/><F107/><W120/><G120/><T61/><D61/><U102/><E126/><V86/><F76/><W55/><REACH who="3" step="1"/><G20/><REACH who="3" ten="199,373,209,199" step="2"/><T10/><D10/><U91/><E124/><V69/><F23/><W99/><G99/><T73/><D73/><U116/><E116/><V18/><F9/><W36/><G36/><T128/><D128/><U113/><E113/><V121/><F121/><W103/><G103/><T26/><D26/><U68/><E102/><V122/><F122/><RYUUKYOKU ba="0,2" sc="199,15,373,-15,209,-15,199,15" hai0="8,15,16,42,43,47,54,75,78,83,84,88,94" hai3="1,7,11,38,40,44,55,58,65,67,89,92,96" />
</Scene>
<Scene>
<INIT seed="2,1,2,0,5,55" ten="214,358,194,214" oya="2" hai0="23,13,115,6,10,8,15,52,35,73,135,131,79" hai1="103,49,16,74,31,1,127,109,44,65,88,98,40" hai2="57,128,114,37,91,110,25,53,45,86,77,104,18" hai3="60,92,72,33,12,27,80,68,112,21,58,48,4"/><V51/><F114/><W118/><G118/><T61/><D35/><U36/><E1/><V85/><F128/><W66/><G33/><T102/><D115/><U14/><E74/><V54/><F104/><W0/><G112/><T99/><D131/><U130/><E130/><V134/><F134/><W30/><G0/><T105/><D135/><U43/><E109/><V106/><F106/><W7/><G12/><T9/><D23/><U126/><E31/><V26/><F110/><W129/><G129/><T67/><D15/><U2/><E2/><V50/><BYE who="1" /><F37/><W122/><G122/><T41/><D41/><U29/><E29/><V59/><F45/><W81/><G92/><T117/><D117/><U20/><E20/><UN n1="%E5%A4%AA%E3%81%8F%E3%81%AA%E3%81%84%E3%81%8A" /><V95/><F18/><W62/><G48/><T132/><D132/><U47/><E65/><V87/><F77/><W39/><G39/><T78/><D78/><U82/><E103/><V108/><F108/><W42/><G42/><T116/><D116/><U34/><E34/><V83/><F83/><W111/><G111/><T76/><D76/><U97/><E82/><V101/><F101/><W124/><G124/><N who="1" m="47658" /><E88/><V120/><F120/><W75/><G81/><N who="0" m="45295" /><D67/><U94/><E94/><V113/><F113/><W119/><G119/><T46/><D9/><U63/><E63/><V93/><F95/><W24/><G24/><AGARI ba="1,2" hai="24,25,26,50,51,53,54,57,59,85,86,87,91,93" machi="24" ten="40,12000,1" yaku="9,1,8,1,52,2" doraHai="55" who="2" fromWho="3" sc="214,0,358,0,194,143,214,-123" />
</Scene>
<Scene>
<INIT seed="2,2,0,0,1,94" ten="214,358,337,91" oya="2" hai0="76,28,88,110,134,42,127,56,0,87,83,133,130" hai1="112,35,73,80,25,98,41,119,23,109,44,114,89" hai2="15,11,27,17,102,54,40,12,7,59,79,33,85" hai3="121,21,2,43,61,19,92,128,69,108,135,91,22"/><V31/><F40/><W29/><G2/><T9/><D110/><U16/><E119/><V47/><F47/><W37/><G121/><T86/><D127/><U57/><E109/><V39/><F39/><W58/><G69/><T53/><D130/><U84/><E73/><V126/><F126/><W100/><G100/><T4/><D28/><U113/><E35/><V32/><F102/><W51/><G37/><T50/><REACH who="0" step="1"/><D42/><REACH who="0" ten="204,358,337,91" step="2"/><U99/><REACH who="1" step="1"/><E57/><REACH who="1" ten="204,348,337,91" step="2"/><V6/><F59/><W77/><G58/><T81/><AGARI ba="2,2" hai="0,4,9,50,53,56,76,81,83,86,87,88,133,134" machi="81" ten="30,7900,0" yaku="1,1,2,1,0,1,54,1,53,0" doraHai="94" doraHaiUra="120" who="0" fromWho="0" sc="204,105,348,-22,337,-41,91,-22" />
</Scene>
<Scene>
<INIT seed="3,0,0,4,1,6" ten="309,326,296,69" oya="3" hai0="44,112,37,0,98,133,20,122,71,97,48,99,8" hai1="66,39,86,30,88,134,21,53,40,120,41,32,56" hai2="35,10,109,128,2,7,54,62,25,75,90,106,34" hai3="43,24,119,17,51,45,74,102,116,110,114,55,118"/><W57/><G74/><T31/><D122/><U63/><E120/><V26/><F109/><W13/><G114/><T77/><D71/><U80/><E134/><V127/><F106/><W22/><G110/><T33/><D33/><U89/><E32/><V59/><F75/><W9/><G102/><T108/><D108/><U1/><E1/><V104/><F104/><W72/><G72/><T42/><D133/><U12/><E39/><V130/><F127/><W94/><G94/><T15/><D112/><U28/><E89/><V79/><F79/><W123/><G123/><T78/><D0/><U83/><E83/><V101/><F101/><W67/><G67/><T19/><D37/><U11/><E53/><V81/><F35/><W107/><G107/><T135/><D135/><U61/><E61/><V65/><F34/><W4/><REACH who="3" step="1"/><G119/><REACH who="3" ten="309,326,296,59" step="2"/><T46/><D98/><U27/><REACH who="1" step="1"/><E30/><REACH who="1" ten="309,316,296,59" step="2"/><V76/><F65/><W105/><G105/><T131/><D31/><U14/><E14/><V29/><F2/><W23/><G23/><T73/><D20/><U5/><AGARI ba="0,2" hai="5,11,12,21,27,28,40,41,56,63,66,80,86,88" machi="5" ten="20,12000,2" yaku="1,1,0,1,7,1,8,1,52,1,54,1,53,0" doraHai="6" doraHaiUra="117" who="1" fromWho="1" sc="309,-30,316,140,296,-30,59,-60" owari="279,8.0,456,55.0,266,-13.0,-1,-50.0" />
</Scene>
</mjloggm>