<mjloggm ver="2.3"><GO type="169" lobby="0"/><UN n0="%EF%BC%BF%E3%82%86%E3%82%86%E3%82%86" n1="%E5%A4%AA%E3%81%8F%E3%81%AA%E3%81%84%E3%81%8A" n2="%4B%69%72%63%68%65" n3="%E3%81%82%E3%81%B2%E3%82%8B%E3%81%95%E3%82%93" dan="16,18,18,16" rate="2080.39,2249.99,2277.77,2015.30" sx="F,M,M,M"/><TAIKYOKU oya="0"/>

<Scene>
<INIT seed="0,0,0,1,5,109" ten="250,250,250,250" oya="0" hai0="87,92,123,72,31,34,32,29,95,82,76,59,79" hai1="12,74,125,131,22,65,45,1,25,88,9,133,62" hai2="46,106,2,103,134,80,57,98,47,61,78,111,5" hai3="97,4,28,38,0,118,129,36,99,63,93,16,102"/><T18/><D123/><U100/><E74/><V127/><F111/><W113/><G118/><T68/><D68/><U44/><E1/><V112/><F127/><W54/><G129/><T15/><D72/><U21/><E125/><V27/><F134/><W101/><G28/><N who="0" m="10827" /><D32/><U33/><E33/><V120/><F120/><W130/><G130/><T48/><D79/><U26/><E100/><V90/><F90/><W121/><G121/><T70/><D70/><U55/><E133/><V89/><F89/><W96/><G0/><T110/><D34/><U6/><E131/><V30/><F112/><W13/><G4/><T117/><D117/><U24/><E88/><V124/><F124/><W7/><G7/><T94/><D110/><U23/><REACH who="1" step="1"/><E55/><REACH who="1" ten="250,240,250,250" step="2"/><V105/><F2/><W83/><G97/><T10/><D95/><U126/><E126/><V56/><F106/><W58/><G83/><T69/><D69/><AGARI ba="0,1" hai="6,9,12,21,22,23,24,25,26,44,45,62,65,69" machi="69" ten="40,2600,0" yaku="1,1,53,1" doraHai="109" doraHaiUra="67" who="1" fromWho="0" sc="250,-26,240,36,250,0,250,0" />
</Scene>
<Scene>
<INIT seed="1,0,0,1,5,67" ten="224,276,250,250" oya="1" hai0="131,96,26,98,79,101,121,41,76,37,58,32,40" hai1="107,49,80,28,63,106,135,91,113,105,94,4,60" hai2="90,123,61,5,88,59,54,6,69,48,38,97,99" hai3="57,125,10,74,62,132,35,81,22,104,71,126,78"/><U34/><E113/><V120/><F38/><W83/><G35/><T23/><D131/><U16/><E4/><V12/><F123/><W1/><G104/><T2/><D2/><U89/><E135/><V73/><F73/><W56/><G83/><T84/><D32/><U0/><E0/><V66/><F120/><W108/><G108/><T29/><D121/><U33/><E49/><V85/><F90/><W8/><G132/><T77/><D37/><U53/><E28/><V128/><F128/><W115/><G115/><T14/><D84/><U114/><E114/><V11/><REACH who="2" step="1"/><F5/><REACH who="2" ten="224,276,240,250" step="2"/><W130/><G130/><T87/><D77/><U127/><E89/><V95/><AGARI ba="0,1" hai="6,11,12,48,54,59,61,66,69,85,88,95,97,99" machi="95" ten="20,12000,2" yaku="1,1,2,1,0,1,7,1,52,1,54,1,53,0" doraHai="67" doraHaiUra="42" who="2" fromWho="2" sc="224,-30,276,-60,240,130,250,-30" />
</Scene>
<Scene>
<INIT seed="2,0,0,1,5,31" ten="194,216,370,220" oya="2" hai0="15,130,64,2,60,73,101,94,118,28,112,21,6" hai1="56,47,108,105,3,59,102,0,32,67,116,12,87" hai2="78,14,88,65,61,20,7,33,24,75,96,126,9" hai3="1,84,25,95,13,127,76,128,86,8,48,4,110"/><V90/><F33/><W93/><G110/><T10/><D73/><U27/><E116/><V79/><F126/><W113/><G128/><T35/><D112/><U41/><E108/><V54/><F54/><W120/><G120/><T30/><D130/><U17/><E105/><V38/><F38/><W70/><G70/><T44/><D118/><U46/><E102/><V5/><F5/><W43/><G127/><T77/><D77/><U53/><E87/><V100/><F79/><W98/><G113/><T104/><D44/><U115/><E115/><V97/><F78/><W81/><G1/><T45/><D45/><U133/><E133/><V99/><F75/><W16/><G86/><T68/><D94/><U39/><E47/><V40/><F40/><W121/><G121/><T117/><D117/><U74/><E74/><V55/><F55/><W66/><G66/><T91/><D91/><U85/><E85/><V36/><F36/><W122/><G122/><T114/><D114/><U51/><E59/><N who="2" m="37055" /><F100/><W49/><G43/><T57/><D57/><U11/><REACH who="1" step="1"/><E67/><REACH who="1" ten="194,206,370,220" step="2"/><V80/><F80/><W107/><G107/><T72/><D72/><U134/><E134/><V82/><F82/><W92/><G98/><T26/><D104/><U135/><E135/><V23/><F97/><W69/><G69/><T58/><D101/><U123/><E123/><V18/><F99/><W129/><REACH who="3" step="1"/><G129/><REACH who="3" ten="194,206,370,210" step="2"/><T131/><D131/><U52/><E52/><V22/><F96/><W125/><G125/><T109/><D109/><U132/><E132/><V71/><F71/><W34/><G34/><T111/><D111/><RYUUKYOKU ba="0,2" sc="194,-30,206,10,370,10,210,10" hai1="0,3,11,12,17,27,32,39,41,46,51,53,56" hai2="7,9,14,18,20,22,23,24,88,90" hai3="4,8,13,16,25,48,49,76,81,84,92,93,95" />
</Scene>
<Scene>
<INIT seed="2,1,2,3,4,69" ten="164,216,380,220" oya="2" hai0="21,33,19,60,98,78,58,74,107,86,82,87,29" hai1="130,41,77,108,14,105,7,28,9,101,67,39,32" hai2="100,43,113,65,45,96,38,52,89,133,64,46,110" hai3="1,117,66,76,49,30,48,54,120,88,24,62,5"/><V79/><F113/><W121/><G117/><T8/><D8/><U103/><E108/><V27/><F110/><W44/><G76/><T90/><D33/><U124/><E124/><V126/><F126/><W85/><G49/><T57/><D29/><U55/><E67/><V106/><F133/><W111/><G111/><T109/><D109/><U116/><E116/><V6/><F79/><W104/><G104/><T61/><D57/><U84/><E130/><V34/><F6/><W51/><G48/><T127/><D127/><U72/><E72/><V94/><F27/><W68/><G1/><T123/><D123/><U93/><E105/><V114/><F114/><W26/><G5/><T70/><D70/><U13/><E13/><V134/><F34/><W91/><G24/><T115/><D115/><U25/><E55/><V135/><F135/><W37/><G91/><T63/><D58/><U131/><E131/><V42/><F134/><W11/><G11/><T53/><D53/><U99/><E103/><V112/><F112/><W83/><REACH who="3" step="1"/><G37/><REACH who="3" ten="164,216,380,210" step="2"/><T20/><D107/><U92/><E77/><V102/><F102/><W40/><G40/><T18/><D90/><N who="1" m="53319" /><E41/><V3/><F3/><W47/><G47/><T129/><D129/><U128/><E128/><V59/><F45/><W75/><G75/><T35/><D74/><U122/><E39/><V16/><F42/><W119/><G119/><T4/><D78/><U50/><E50/><N who="2" m="31127" /><F106/><W23/><AGARI ba="1,3" hai="23,26,30,44,51,54,62,66,68,83,85,88,120,121" machi="23" ten="20,8000,1" yaku="1,1,0,1,7,1,54,1,53,1" doraHai="69" doraHaiUra="17" who="3" fromWho="3" sc="164,-21,216,-21,380,-41,210,113" />
</Scene>
<Scene>
<INIT seed="3,0,0,2,5,80" ten="143,195,339,323" oya="3" hai0="44,103,7,25,11,69,78,79,23,59,115,63,3" hai1="122,32,55,84,42,71,2,126,8,134,76,13,29" hai2="127,35,73,135,15,47,118,107,53,88,26,123,40" hai3="22,30,129,18,90,46,85,39,121,24,102,92,95"/><W110/><G121/><T28/><D115/><U5/><E122/><V130/><F118/><W125/><G125/><T86/><D69/><U1/><E71/><V27/><F73/><W120/><G120/><T131/><D131/><U57/><E126/><V132/><F107/><W82/><G129/><T101/><D44/><U96/><E134/><V66/><F66/><W56/><G110/><T100/><REACH who="0" step="1"/><D86/><REACH who="0" ten="133,195,339,323" step="2"/><U133/><E84/><V105/><F47/><W21/><G46/><T87/><D87/><U72/><E72/><V36/><F130/><W70/><G70/><T33/><D33/><U109/><E32/><V67/><F35/><W61/><G39/><T52/><AGARI ba="0,1" hai="3,7,11,23,25,28,52,59,63,78,79,100,101,103" machi="52" ten="30,4000,0" yaku="1,1,0,1,54,1,53,0" doraHai="80" doraHaiUra="113" who="0" fromWho="0" sc="133,50,195,-10,339,-10,323,-20" />
</Scene>
<Scene>
<INIT seed="4,0,0,2,3,29" ten="183,185,329,303" oya="0" hai0="107,38,103,3,26,16,93,56,77,91,116,71,99" hai1="40,42,59,37,51,80,121,125,131,74,95,66,133" hai2="90,0,18,24,92,126,55,113,69,97,52,132,130" hai3="28,110,67,81,49,98,117,32,23,46,21,41,13"/><T78/><D71/><U108/><E108/><V44/><F0/><W115/><G117/><T101/><D116/><U128/><E121/><V7/><F7/><W22/><G110/><T106/><D3/><U6/><E37/><V58/><F69/><W43/><G115/><T1/><D1/><U34/><E6/><V27/><F113/><W19/><G67/><T102/><D38/><U76/><E125/><V45/><F126/><W61/><G43/><T30/><D56/><U96/><E133/><V129/><F132/><W4/><G4/><T57/><D57/><U60/><E34/><V54/><F58/><W8/><G61/><T85/><D16/><U100/><REACH who="1" step="1"/><E51/><REACH who="1" ten="183,175,329,303" step="2"/><V64/><F129/><AGARI ba="0,1" hai="40,42,59,60,66,74,76,80,95,96,100,128,129,131" machi="129" ten="40,8000,1" yaku="1,1,2,1,19,1,53,1" doraHai="29" doraHaiUra="89" who="1" fromWho="2" sc="183,0,175,90,329,-80,303,0" />
</Scene>
<Scene>
<INIT seed="5,0,0,0,2,108" ten="183,265,249,303" oya="1" hai0="24,31,45,36,3,101,86,63,121,52,48,47,89" hai1="122,124,131,81,107,116,30,56,8,2,113,96,85" hai2="128,6,93,129,57,50,33,75,117,10,60,87,66" hai3="58,55,118,82,114,17,74,127,92,38,109,106,1"/><U9/><E116/><V32/><F75/><W40/><G92/><T16/><D3/><U20/><E122/><V14/><F117/><W69/><G17/><T112/><D121/><U35/><E35/><V27/><F50/><W42/><G82/><T105/><D105/><U78/><E124/><V25/><F33/><W28/><G28/><T22/><D101/><U110/><E110/><V67/><F66/><W44/><G42/><T99/><D99/><U72/><E113/><V98/><F87/><W88/><G88/><T61/><D112/><U18/><E30/><V133/><F133/><W70/><G55/><T41/><REACH who="0" step="1"/><D31/><REACH who="0" ten="173,265,249,303" step="2"/><U39/><E2/><V102/><REACH who="2" step="1"/><F32/><REACH who="2" ten="173,265,239,303" step="2"/><W97/><G118/><T80/><AGARI ba="0,2" hai="16,22,24,36,41,45,47,48,52,61,63,80,86,89" machi="80" ten="20,12000,2" yaku="1,1,2,1,0,1,7,1,54,2,53,1" doraHai="108" doraHaiUra="46" who="0" fromWho="0" sc="173,140,265,-60,239,-30,303,-30" />
</Scene>
<Scene>
<INIT seed="6,0,0,4,2,112" ten="313,205,209,273" oya="2" hai0="43,105,130,129,2,66,16,49,42,73,8,5,26" hai1="123,30,28,12,115,60,59,46,0,124,38,19,107" hai2="68,57,111,91,18,85,80,71,47,7,113,31,114" hai3="79,17,75,110,72,45,117,97,21,40,132,29,9"/><V83/><F31/><W62/><G110/><T135/><D105/><U116/><E0/><V101/><F111/><W1/><G132/><T70/><D73/><U14/><E107/><V51/><F101/><W84/><G29/><T108/><D108/><U61/><E115/><N who="2" m="44043" /><F57/><W86/><G97/><T90/><D135/><U32/><E124/><V81/><F7/><W74/><G62/><N who="0" m="40279" /><D49/><U34/><E123/><V128/><F128/><N who="0" m="49258" /><D90/><U11/><E60/><V24/><F71/><W121/><G74/><T102/><D102/><U67/><E34/><V82/><F68/><W103/><G103/><T15/><D26/><U131/><E131/><V53/><F24/><W93/><G75/><T41/><D16/><AGARI ba="0,0" hai="16,18,47,51,53,80,81,82,83,85,91" m="44043" machi="16" ten="30,2900,0" yaku="15,1,54,1" doraHai="112" who="2" fromWho="0" sc="313,-29,205,0,209,29,273,0" />
</Scene>
<Scene>
<INIT seed="6,1,0,0,0,23" ten="284,205,238,273" oya="2" hai0="107,56,119,78,130,43,104,74,103,27,71,19,86" hai1="25,26,98,95,52,118,67,68,117,122,120,31,75" hai2="109,46,30,113,134,127,91,47,82,38,42,89,72" hai3="20,2,110,124,18,7,41,84,79,3,101,29,12"/><V39/><F109/><W132/><G110/><T76/><D71/><U44/><E75/><V59/><F113/><W4/><G101/><T51/><D74/><U24/><E31/><V0/><F127/><W102/><G102/><T125/><D130/><U48/><E67/><V60/><F134/><W77/><G41/><T58/><D119/><U53/><E68/><V21/><F0/><N who="3" m="43" /><G79/><T28/><D125/><U64/><E64/><V61/><F72/><W55/><G77/><T112/><D112/><U70/><E70/><V131/><F131/><W17/><G84/><T81/><D78/><U10/><E10/><V100/><F100/><W80/><G80/><T32/><D19/><N who="3" m="7177" /><G55/><T6/><D103/><N who="1" m="60895" /><E53/><V50/><F82/><W93/><G93/><T49/><D104/><U15/><E15/><V63/><F59/><W99/><G99/><T126/><D56/><U65/><E65/><V34/><F50/><W133/><G124/><T85/><D51/><U128/><E128/><V57/><F57/><W111/><G111/><T115/><D107/><U92/><E92/><V37/><F42/><W88/><G88/><T135/><D126/><U45/><E45/><V5/><F89/><W16/><G29/><T33/><D43/><U13/><E13/><V121/><F91/><W11/><G4/><T35/><D6/><U62/><E62/><V90/><F90/><W114/><G114/><T96/><D115/><U105/><E105/><V22/><F5/><W69/><G69/><T36/><D76/><U123/><AGARI ba="1,0" hai="24,25,26,44,48,52,117,118,120,122,123" m="60895" machi="123" ten="40,8000,1" yaku="13,1,52,3,54,1" doraHai="23" who="1" fromWho="1" sc="284,-21,205,83,238,-41,273,-21" />
</Scene>
<Scene>
<INIT seed="7,0,0,2,3,60" ten="263,288,197,252" oya="3" hai0="32,37,33,69,50,26,68,42,114,19,107,89,133" hai1="84,67,73,0,62,1,100,64,4,29,13,96,15" hai2="45,56,108,109,112,31,130,125,120,61,57,135,92" hai3="24,3,52,35,25,10,79,30,38,6,22,119,14"/><W39/><G119/><T8/><D107/><U86/><E73/><V83/><F120/><W66/><G79/><T20/><D37/><U34/><E4/><V27/><F112/><W78/><G78/><T123/><D123/><U21/><E34/><V117/><F117/><W23/><G23/><T105/><D105/><U101/><E62/><V74/><F125/><W53/><G66/><T124/><D89/><U115/><E21/><V102/><F135/><W98/><G98/><T47/><D124/><U126/><E126/><V131/><F45/><W9/><G39/><T110/><D110/><U55/><E55/><V41/><F41/><W65/><G38/><T18/><D133/><U43/><E96/><N who="2" m="59655" /><F83/><W76/><G76/><T40/><D40/><U113/><E43/><V16/><F74/><W116/><G116/><T46/><D46/><U97/><E97/><V17/><F108/><W128/><G128/><N who="2" m="49193" /><F109/><W95/><G95/><T104/><D114/><U11/><E11/><V28/><F57/><W54/><G65/><T111/><D111/><U90/><E90/><V94/><F94/><W118/><G118/><T59/><D104/><U12/><E12/><V93/><F93/><W2/><REACH who="3" step="1"/><G9/><REACH who="3" ten="263,288,197,242" step="2"/><T51/><D32/><U72/><E115/><V103/><F103/><W106/><G106/><T129/><D129/><U80/><E113/><V70/><F70/><W77/><G77/><T75/><D33/><U85/><E80/><V87/><F87/><W134/><G134/><T44/><D75/><U91/><E72/><V132/><F132/><W122/><G122/><T5/><D68/><RYUUKYOKU ba="0,1" sc="263,-10,288,-10,197,-10,242,30" hai3="2,3,6,10,14,22,24,25,30,35,52,53,54" />
</Scene>
<Scene>
<INIT seed="7,1,1,0,5,72" ten="253,278,187,272" oya="3" hai0="132,47,39,71,67,94,26,121,51,53,87,118,43" hai1="108,62,25,125,36,34,41,21,82,44,14,104,130" hai2="59,64,56,127,112,96,109,78,66,38,107,5,74" hai3="122,29,19,103,58,54,65,48,61,10,13,77,42"/><W1/><G122/><T75/><D75/><U133/><E108/><V119/><F109/><W101/><G1/><T105/><D105/><U50/><E104/><V102/><F119/><W84/><G29/><T4/><D4/><U46/><E125/><V28/><F127/><W97/><G42/><T126/><D126/><U23/><E133/><V45/><F112/><W9/><G10/><T3/><D3/><U81/><E130/><V0/><F28/><W134/><G134/><T110/><D26/><U7/><E34/><V18/><F18/><W16/><G19/><T99/><D87/><U95/><E62/><V135/><F135/><W128/><G128/><T113/><D132/><U20/><E95/><V27/><F27/><W123/><G123/><T98/><D121/><U124/><E124/><V31/><F31/><W86/><G77/><T11/><D11/><U92/><E25/><V88/><F88/><W79/><G79/><T33/><D33/><U57/><E92/><V131/><F131/><W2/><G2/><T116/><D110/><U100/><E100/><N who="3" m="38474" /><G97/><N who="0" m="36875" /><D94/><U30/><E30/><V120/><F120/><W37/><G37/><T24/><D24/><U93/><E93/><V129/><F129/><W8/><G9/><T52/><D113/><U6/><E7/><V80/><F5/><W114/><G114/><T70/><D70/><U73/><E6/><V115/><F0/><W60/><G60/><N who="0" m="40423" /><D39/><U85/><E20/><V117/><F115/><W69/><G86/><T15/><D15/><U12/><E14/><V91/><F107/><W89/><G84/><T106/><D106/><RYUUKYOKU ba="1,1" sc="253,15,278,-15,187,-15,272,15" hai0="43,47,51,52,53,116,118" hai3="8,13,16,48,54,58,61,65,69,89" />
</Scene>
<Scene>
<INIT seed="7,2,1,4,5,12" ten="268,263,172,287" oya="3" hai0="18,37,13,82,133,115,95,35,119,27,44,71,131" hai1="97,15,11,76,61,103,83,56,30,117,6,96,92" hai2="25,70,66,65,112,120,111,110,73,94,123,10,89" hai3="8,5,130,134,21,14,98,78,75,118,3,105,101"/><W58/><G118/><T46/><D119/><U124/><E124/><V87/><F73/><W41/><G134/><T62/><D82/><U57/><E117/><V67/><F70/><W116/><G116/><T64/><D131/><U55/><E30/><V77/><F77/><W122/><G122/><N who="2" m="46633" /><F112/><W48/><G130/><T17/><D37/><U126/><E126/><V32/><F10/><W0/><G78/><T102/><D133/><U23/><E23/><V63/><F63/><W128/><G75/><T24/><D24/><U132/><E132/><V121/><N who="2" m="46641" /><V114/><DORA hai="38" /><F114/><W2/><G128/><T108/><D115/><U100/><E57/><V51/><F51/><W91/><G91/><T53/><D108/><N who="2" m="41514" /><F25/><W52/><REACH who="3" step="1"/><G41/><REACH who="3" ten="268,263,172,277" step="2"/><T84/><D71/><U59/><E76/><V79/><F79/><W72/><G72/><T42/><D42/><U28/><E103/><V9/><F9/><W43/><G43/><T49/><D102/><U135/><E135/><V113/><F113/><W54/><G54/><T85/><D53/><U40/><E40/><V34/><AGARI ba="2,2" hai="32,34,65,66,67,87,89,94" m="41514,46641" machi="34" ten="50,1600,0" yaku="13,1" doraHai="12,38" who="2" fromWho="2" sc="268,-6,263,-6,172,42,277,-10" />
</Scene>
<Scene>
<INIT seed="8,0,0,5,5,113" ten="262,257,214,267" oya="0" hai0="100,52,68,98,37,3,79,41,108,85,122,70,84" hai1="62,23,90,94,75,74,80,43,123,11,46,129,0" hai2="38,133,60,2,63,130,109,93,28,12,9,124,81" hai3="8,29,35,106,45,132,64,16,22,53,58,72,40"/><T88/><D122/><U76/><E123/><V24/><F109/><W15/><G72/><T57/><D3/><U7/><E129/><V107/><F107/><W118/><G106/><T114/><D114/><U105/><E105/><V97/><F2/><W83/><G64/><T44/><D108/><U48/><E23/><N who="2" m="15391" /><F38/><W20/><G132/><T49/><D79/><U77/><E62/><N who="2" m="23595" /><F133/><W95/><G83/><T71/><REACH who="0" step="1"/><D100/><REACH who="0" ten="252,257,214,267" step="2"/><U125/><E76/><V135/><F135/><W86/><G118/><T69/><D69/><U13/><E0/><V82/><F130/><W91/><G35/><T42/><D42/><U115/><E115/><V39/><F124/><W32/><G32/><T67/><D67/><U111/><E125/><V78/><F78/><W87/><G40/><T56/><D56/><U131/><E131/><V4/><F39/><W112/><G58/><T27/><D27/><U65/><E65/><V33/><F33/><W51/><G112/><T50/><D50/><U34/><E34/><V116/><F116/><W103/><G103/><AGARI ba="0,1" hai="4,9,12,81,82,93,97,103" m="23595,15391" machi="103" ten="30,1000,0" yaku="8,1" doraHai="113" who="2" fromWho="3" sc="252,0,257,0,214,20,267,-10" />
</Scene>
<Scene>
<INIT seed="9,0,0,3,0,67" ten="252,257,234,257" oya="1" hai0="91,115,35,60,72,104,75,2,12,121,129,99,51" hai1="113,110,132,116,27,17,82,81,15,88,53,41,134" hai2="124,71,79,59,65,119,31,87,97,13,43,127,112" hai3="25,94,14,1,105,10,107,86,98,80,120,66,0"/><U78/><E113/><V92/><F112/><W5/><G120/><T50/><D115/><U90/><E41/><V23/><F43/><W85/><G85/><T47/><D2/><U108/><E116/><V109/><F109/><N who="1" m="42089" /><E27/><N who="2" m="16895" /><F119/><W48/><G0/><T73/><D35/><U44/><E44/><V135/><F135/><N who="1" m="51753" /><E53/><V29/><F29/><W40/><G1/><T64/><D47/><U111/><E111/><V16/><F71/><W84/><G25/><T32/><D121/><U21/><E82/><N who="2" m="47583" /><F127/><W33/><G33/><T8/><D32/><U28/><E28/><V30/><F30/><W74/><G40/><T62/><D64/><U89/><E90/><N who="2" m="55447" /><F124/><W70/><G80/><T123/><D123/><U22/><E21/><N who="2" m="11407" /><F65/><W131/><G66/><T96/><D91/><U58/><E58/><AGARI ba="0,0" hai="58,59" m="11407,55447,47583,16895" machi="58" ten="30,2000,0" yaku="8,1,54,1" doraHai="67" who="2" fromWho="1" sc="252,0,257,-20,234,20,257,0" />
</Scene>
<Scene>
<INIT seed="10,0,0,3,3,71" ten="252,237,254,257" oya="2" hai0="47,134,23,13,69,30,62,64,32,7,59,72,133" hai1="4,22,9,46,6,15,76,51,58,14,124,114,42" hai2="109,38,25,26,73,101,122,123,39,96,129,29,65" hai3="95,75,97,0,105,125,121,56,100,91,2,68,81"/><V108/><F73/><W19/><G68/><T66/><D72/><U118/><E114/><V93/><F65/><W84/><G121/><N who="2" m="46089" /><F129/><W17/><G125/><T50/><D32/><U44/><E124/><V57/><F57/><W116/><G116/><T94/><D94/><U117/><E58/><V104/><F93/><W80/><G80/><T85/><D85/><U41/><E76/><V61/><F61/><W92/><G92/><T31/><D64/><U10/><E22/><N who="2" m="15543" /><F26/><W12/><G56/><T37/><D69/><U33/><E33/><V89/><F89/><W24/><G105/><T86/><D86/><U106/><E106/><V52/><F52/><W119/><G75/><T132/><D47/><U87/><REACH who="1" step="1"/><E87/><REACH who="1" ten="252,227,254,257" step="2"/><V49/><F49/><AGARI ba="0,1" hai="4,6,9,10,14,15,41,42,44,46,49,51,117,118" machi="49" ten="40,8000,1" yaku="1,1,2,1,32,3,53,0" doraHai="71" doraHaiUra="60" who="1" fromWho="2" sc="252,0,227,90,254,-80,257,0" owari="252,-15.0,317,42.0,174,-33.0,257,6.0" />
</Scene>
</mjloggm>