<mjloggm ver="2.3"><GO type="169" lobby="0"/><UN n0="%73%61%63%68%69%6F" n1="%E5%A4%AA%E3%81%8F%E3%81%AA%E3%81%84%E3%81%8A" n2="%E3%83%97%E3%83%A9%E3%83%81%E3%83%8A%E3%83%A0" n3="%4E%61%72%75%6B%61" dan="16,17,16,16" rate="2126.21,2240.85,2129.92,2055.90" sx="M,M,M,F"/><TAIKYOKU oya="0"/>

<Scene>
<INIT seed="0,0,0,3,2,40" ten="250,250,250,250" oya="0" hai0="53,120,79,55,132,65,5,45,127,0,15,66,99" hai1="36,60,54,118,62,6,117,34,87,42,106,108,75" hai2="131,63,16,125,23,114,64,59,69,115,70,126,44" hai3="37,123,68,77,97,98,71,134,81,101,86,26,67"/><T11/><D120/><U107/><E75/><V73/><F73/><W8/><G134/><T102/><D132/><U7/><E34/><V85/><F85/><W41/><G123/><T104/><D127/><N who="2" m="48650" /><F131/><W100/><G26/><T48/><D79/><U10/><E87/><V19/><F19/><W22/><G22/><T90/><D90/><U121/><E121/><V84/><F84/><W35/><G35/><T83/><D83/><U52/><E42/><V103/><F103/><W61/><G71/><N who="2" m="27145" /><F16/><W113/><G8/><T9/><D55/><U91/><E10/><V111/><F23/><W109/><G101/><T128/><REACH who="0" step="1"/><D128/><REACH who="0" ten="240,250,250,250" step="2"/><U32/><E91/><V116/><F116/><W17/><G77/><T80/><D80/><U27/><E117/><V57/><F111/><W124/><G109/><T38/><D38/><U12/><E36/><V18/><F115/><W122/><G37/><T92/><D92/><U50/><E118/><V24/><F114/><W4/><G113/><T3/><D3/><U14/><E108/><V95/><F95/><W25/><G122/><T30/><D30/><U130/><E130/><V93/><F93/><W39/><G86/><T94/><D94/><U21/><E54/><V28/><F28/><W58/><G81/><T105/><D105/><U1/><E52/><V51/><F64/><W119/><G119/><T135/><D135/><U72/><E107/><V110/><F110/><W29/><G29/><T133/><D133/><U112/><E112/><V47/><F63/><W2/><G124/><T43/><D43/><U82/><E106/><V89/><F89/><RYUUKYOKU ba="0,1" sc="240,30,250,-10,250,-10,250,-10" hai0="0,5,9,11,15,45,48,53,65,66,99,102,104" />
</Scene>
<Scene>
<INIT seed="0,1,1,3,5,37" ten="270,240,240,240" oya="0" hai0="25,90,44,1,111,21,94,86,13,34,57,89,7" hai1="93,97,38,70,83,92,119,24,50,106,56,77,33" hai2="45,46,105,80,16,30,48,118,19,42,15,40,121" hai3="73,126,108,114,112,27,122,60,49,74,113,29,116"/><T67/><D1/><U115/><E38/><V17/><F105/><W109/><G126/><T123/><D123/><U64/><E119/><V128/><F121/><W131/><G131/><T82/><D34/><U127/><E127/><V32/><F128/><W51/><G122/><T63/><D111/><N who="3" m="42569" /><G60/><T62/><D62/><N who="1" m="40215" /><E56/><V4/><F118/><W76/><G116/><T12/><D7/><U117/><E50/><N who="3" m="18954" /><G76/><T61/><D61/><U11/><E11/><N who="2" m="4583" /><F48/><W100/><G100/><T53/><D44/><N who="2" m="17002" /><F32/><AGARI ba="1,1" hai="27,29,32,73,74,112,113,114" m="18954,42569" machi="32" ten="40,1300,0" yaku="14,1" doraHai="37" who="3" fromWho="2" sc="270,0,240,0,240,-16,240,26" />
</Scene>
<Scene>
<INIT seed="1,0,0,2,2,12" ten="270,240,224,266" oya="1" hai0="123,127,10,66,109,83,0,20,40,71,89,62,3" hai1="81,46,24,38,134,73,68,107,77,63,122,103,70" hai2="17,74,39,60,11,22,42,41,82,117,64,34,67" hai3="36,72,97,52,61,132,35,115,16,31,126,53,119"/><U121/><E134/><V108/><F108/><W87/><G126/><T95/><D109/><U47/><E47/><V19/><F34/><W86/><G115/><T96/><D127/><U2/><E24/><V65/><F117/><W7/><G72/><T37/><D123/><U106/><E2/><V44/><F42/><W33/><G119/><T27/><D40/><N who="1" m="22807" /><E103/><V84/><F74/><W55/><G36/><T49/><D37/><U111/><E111/><V51/><F39/><W4/><G61/><T25/><D25/><U125/><E125/><V13/><F60/><W114/><G114/><T94/><D49/><U59/><E59/><V78/><F67/><W110/><G110/><T112/><D112/><U76/><E76/><V75/><F75/><W58/><G97/><T124/><D124/><U113/><E113/><V50/><F50/><W129/><G31/><T116/><D116/><U32/><E32/><N who="3" m="12362" /><G132/><T18/><D83/><U90/><E90/><V9/><F9/><W102/><G102/><T21/><D10/><U85/><E85/><N who="3" m="32266" /><G58/><T88/><D21/><U105/><E63/><V5/><F5/><N who="3" m="2123" /><G129/><T98/><AGARI ba="0,0" hai="0,3,18,20,27,62,66,71,88,89,94,95,96,98" machi="98" ten="20,8000,1" yaku="0,1,7,1,9,1,52,1,54,1" doraHai="12" who="0" fromWho="0" sc="270,80,240,-40,224,-20,266,-20" />
</Scene>
<Scene>
<INIT seed="2,0,0,1,0,15" ten="350,200,204,246" oya="2" hai0="20,79,29,73,117,132,115,66,32,91,134,89,6" hai1="13,76,64,124,43,109,114,7,123,57,55,128,85" hai2="8,125,52,74,35,9,68,11,44,96,28,135,121" hai3="61,37,87,70,50,5,133,105,119,54,3,16,108"/><V71/><F121/><W129/><G108/><T106/><D32/><U23/><E114/><V101/><F74/><W47/><G119/><T22/><D115/><U83/><E109/><V12/><F135/><W100/><G129/><T26/><D6/><U36/><E128/><V2/><F2/><W27/><G87/><T80/><D106/><U67/><E123/><V78/><F78/><W4/><G3/><T10/><D10/><N who="1" m="4319" /><E36/><V1/><F1/><W95/><G95/><T90/><D117/><U51/><E124/><V33/><F12/><W107/><G107/><T45/><D66/><N who="1" m="25131" /><E23/><V93/><F125/><W94/><G105/><T127/><D127/><U0/><E0/><V97/><F97/><N who="3" m="59447" /><G133/><T31/><D45/><U86/><E86/><V98/><F98/><W21/><G70/><T116/><D116/><U112/><E112/><V103/><F103/><W130/><G37/><T110/><D110/><U39/><E39/><V46/><F46/><W72/><G72/><T84/><D73/><U56/><E57/><V75/><F75/><W88/><G130/><T48/><D48/><U53/><E55/><V82/><F82/><W49/><G49/><T19/><REACH who="0" step="1"/><D31/><REACH who="0" ten="340,200,204,246" step="2"/><U126/><E126/><V118/><F118/><W77/><G50/><T17/><D17/><U24/><E43/><V60/><F44/><W58/><G47/><T131/><D131/><U122/><E122/><V99/><F28/><W42/><G4/><T113/><D113/><U30/><E30/><V62/><F35/><W38/><G5/><T14/><AGARI ba="0,1" hai="14,19,20,22,26,29,79,80,84,89,90,91,132,134" machi="14" ten="30,4000,0" yaku="1,1,0,1,52,1,53,0" doraHai="15" doraHaiUra="102" who="0" fromWho="0" sc="340,50,200,-10,204,-20,246,-10" />
</Scene>
<Scene>
<INIT seed="3,0,0,0,3,80" ten="390,190,184,236" oya="3" hai0="69,68,120,4,56,99,17,47,40,52,12,6,112" hai1="105,87,48,96,65,7,58,94,127,0,20,37,133" hai2="103,21,90,117,135,74,38,73,84,18,98,115,125" hai3="5,134,130,83,63,32,111,45,106,3,82,104,42"/><W123/><G123/><T50/><D112/><U116/><E37/><V86/><F117/><W108/><G134/><T31/><D120/><U49/><E116/><V34/><F34/><W92/><G130/><T54/><D31/><U43/><E105/><V22/><F38/><W13/><G32/><T29/><D29/><U8/><E133/><V76/><F22/><W67/><G13/><T119/><D119/><U35/><E35/><V41/><F41/><W55/><G55/><T11/><D54/><U121/><E121/><V129/><F115/><W89/><G82/><T75/><D75/><U57/><E127/><V39/><F39/><N who="3" m="21727" /><G83/><T25/><D99/><U81/><E20/><V128/><F125/><W95/><G95/><T100/><D100/><U51/><E43/><V30/><F30/><W26/><G26/><T78/><D78/><U2/><E2/><V64/><F90/><W109/><G5/><T27/><D27/><U59/><E65/><V113/><F64/><W10/><G10/><T124/><D124/><U44/><E44/><V70/><F70/><N who="3" m="42367" /><G3/><T77/><D77/><U107/><E107/><N who="2" m="63991" /><F76/><W9/><G9/><T101/><D101/><U19/><E19/><V71/><F113/><W62/><G62/><T46/><D46/><U118/><E118/><V24/><F135/><W14/><G14/><T1/><D25/><U36/><E36/><V132/><F132/><W110/><G110/><T53/><D53/><U79/><REACH who="1" step="1"/><E49/><REACH who="1" ten="390,180,184,236" step="2"/><V61/><F129/><W72/><G72/><N who="2" m="27753" /><F128/><W126/><G126/><T114/><D114/><U122/><E122/><V23/><F23/><RYUUKYOKU ba="0,1" sc="390,-30,180,10,184,10,236,10" hai1="0,7,8,48,51,57,58,59,79,81,87,94,96" hai2="18,21,24,61,71,84,86" hai3="89,92,104,106,108,109,111" />
</Scene>
<Scene>
<INIT seed="3,1,1,1,2,98" ten="360,190,194,246" oya="3" hai0="25,6,121,125,106,92,109,102,3,134,126,9,33" hai1="47,93,16,17,89,35,26,120,129,103,87,117,100" hai2="76,8,22,50,64,123,11,31,104,83,15,74,32" hai3="107,53,108,59,40,19,99,42,38,122,49,131,75"/><W36/><G122/><T2/><D92/><U97/><E120/><V116/><F116/><W81/><G131/><T20/><D121/><U63/><E129/><V68/><F123/><W43/><G108/><T115/><D109/><U85/><E117/><V79/><F79/><W71/><G19/><N who="1" m="7242" /><E35/><V1/><F1/><W41/><G71/><T34/><D115/><U72/><E72/><V124/><F124/><N who="0" m="47722" /><D134/><U5/><E26/><V14/><F22/><W54/><G54/><T29/><D106/><U78/><E5/><V130/><F130/><W96/><G96/><T57/><D57/><U66/><E47/><V132/><F50/><W94/><G107/><T110/><D102/><N who="1" m="38955" /><E78/><V91/><F76/><W80/><G75/><T128/><D110/><U111/><E111/><V73/><F73/><W112/><G112/><T52/><D128/><U18/><N who="1" m="7250" /><U135/><DORA hai="95" /><E135/><V21/><F32/><N who="0" m="12394" /><D52/><U58/><AGARI ba="1,1" hai="58,63,66,85,87,89,93,97" m="38955,7250" machi="58" ten="40,12000,2" yaku="8,1,52,4,54,1" doraHai="98,95" who="1" fromWho="1" sc="360,-31,190,133,194,-31,246,-61" />
</Scene>
<Scene>
<INIT seed="4,0,0,4,3,81" ten="329,323,163,185" oya="0" hai0="97,42,134,51,78,9,17,23,107,14,135,26,126" hai1="47,76,70,103,64,90,121,12,58,35,102,79,75" hai2="13,57,91,24,125,0,83,1,122,129,45,93,7" hai3="11,34,104,50,95,53,44,71,28,74,40,22,3"/><T87/><D107/><U55/><E35/><V86/><F122/><W80/><G104/><T32/><D97/><U5/><E121/><V124/><F129/><W108/><G108/><T96/><D96/><U105/><E105/><V18/><F24/><W128/><G128/><T21/><D32/><U94/><E70/><V84/><F57/><W99/><G71/><T48/><D126/><N who="2" m="48746" /><F45/><W88/><G34/><T117/><D23/><U25/><E64/><V118/><F7/><W66/><G3/><T69/><D69/><U127/><E47/><V20/><F118/><W100/><G74/><T10/><D10/><N who="1" m="4175" /><E75/><V6/><F6/><W114/><G114/><T82/><D117/><U16/><E127/><V63/><F63/><W27/><G66/><T60/><D60/><N who="1" m="35935" /><E16/><V29/><F29/><W111/><G11/><T19/><REACH who="0" step="1"/><D42/><REACH who="0" ten="319,323,163,185" step="2"/><U131/><E131/><V133/><F133/><AGARI ba="0,1" hai="9,14,17,19,21,26,48,51,78,82,87,133,134,135" machi="133" ten="40,12000,1" yaku="1,1,2,1,20,1,52,1,53,0" doraHai="81" doraHaiUra="62" who="0" fromWho="2" sc="319,130,323,0,163,-120,185,0" />
</Scene>
<Scene>
<INIT seed="4,1,0,3,5,37" ten="449,323,43,185" oya="0" hai0="129,130,57,75,92,45,89,109,54,102,39,74,5" hai1="14,101,11,9,81,80,52,90,55,2,66,104,120" hai2="49,40,10,1,87,84,82,72,88,31,18,32,21" hai3="79,43,28,114,125,13,94,135,33,56,117,35,121"/><T96/><D5/><U103/><E120/><V46/><F72/><N who="0" m="27690" /><D39/><U8/><E2/><V0/><F32/><W62/><G114/><T128/><D45/><U133/><E133/><V70/><F70/><W112/><G125/><T100/><D109/><U69/><E69/><V12/><F31/><W131/><G79/><T105/><D105/><U41/><E66/><V27/><F27/><W83/><G131/><N who="0" m="33539" /><T59/><DORA hai="68" /><D59/><U85/><E104/><V118/><F118/><W126/><G126/><T48/><AGARI ba="1,0" hai="48,54,57,89,92,96,100,102" m="33539,27690" machi="48" ten="50,2400,0" yaku="19,1" doraHai="37,68" who="0" fromWho="0" sc="449,27,323,-9,43,-9,185,-9" />
</Scene>
<Scene>
<INIT seed="4,2,0,0,0,116" ten="476,314,34,176" oya="0" hai0="44,96,19,99,108,102,133,59,94,72,104,60,62" hai1="68,87,121,125,7,124,84,56,81,135,113,126,88" hai2="83,106,61,5,95,47,64,16,89,79,114,49,127" hai3="22,0,1,122,3,18,35,48,65,27,78,32,101"/><T63/><D133/><U45/><E68/><V97/><F106/><W13/><G101/><T118/><D118/><U67/><E135/><V54/><F114/><W34/><G78/><T82/><D108/><U77/><E113/><V33/><F33/><W123/><G48/><T110/><D110/><U128/><E128/><V92/><F127/><W74/><G65/><T17/><D44/><U105/><E105/><V130/><F130/><W73/><G73/><T70/><D70/><U30/><E30/><V36/><F36/><W9/><G74/><T132/><D132/><U129/><E129/><V51/><F51/><W71/><G71/><T98/><D59/><U38/><E7/><AGARI ba="2,0" hai="0,1,3,7,9,13,18,22,27,32,34,35,122,123" machi="7" ten="50,8000,1" yaku="34,3,52,2" doraHai="116" who="3" fromWho="1" sc="476,0,314,-86,34,0,176,86" />
</Scene>
<Scene>
<INIT seed="5,0,0,4,0,89" ten="476,228,34,262" oya="1" hai0="121,95,29,91,102,96,128,47,21,122,1,35,5" hai1="52,97,60,88,134,103,12,101,0,69,130,111,27" hai2="127,109,15,108,125,4,28,107,16,120,32,40,117" hai3="124,34,87,70,44,82,30,26,58,46,81,83,71"/><U94/><E0/><V114/><F107/><W10/><G124/><N who="2" m="47689" /><F40/><W62/><G10/><N who="0" m="2351" /><D128/><U77/><E130/><V92/><F117/><W105/><G87/><T126/><D35/><U18/><E134/><V38/><F38/><W80/><N who="3" m="20480" /><DORA hai="48" /><W74/><G74/><T56/><D47/><U20/><E111/><V72/><F72/><W85/><G85/><T6/><D6/><U25/><E77/><V106/><F106/><W11/><G11/><T39/><D39/><U65/><E27/><N who="2" m="18463" /><F120/><N who="0" m="46186" /><D126/><U36/><E36/><V7/><F92/><W55/><G105/><T53/><D102/><U23/><REACH who="1" step="1"/><E52/><REACH who="1" ten="476,218,34,262" step="2"/><V73/><F114/><W79/><REACH who="3" step="1"/><G79/><REACH who="3" ten="476,218,34,252" step="2"/><T86/><D29/><AGARI ba="0,2" hai="12,18,20,23,25,29,60,65,69,88,94,97,101,103" machi="29" ten="30,12000,1" yaku="1,1,2,1,7,1,52,1,54,1,53,0" doraHai="89,48" doraHaiUra="41,49" who="1" fromWho="0" sc="476,-120,218,140,34,0,252,0" />
</Scene>
<Scene>
<INIT seed="5,1,0,2,2,92" ten="356,358,34,252" oya="1" hai0="59,130,134,65,114,9,14,27,40,117,103,107,18" hai1="8,20,25,17,132,76,97,85,56,125,1,119,19" hai2="6,57,105,100,113,90,0,21,121,115,23,71,116" hai3="41,43,70,73,24,108,44,89,69,94,31,91,118"/><U84/><E119/><V109/><F109/><W26/><G108/><T82/><D117/><U51/><E132/><V13/><F0/><W22/><G73/><T39/><D134/><U54/><E125/><V124/><F71/><W122/><G122/><T133/><D133/><U38/><E38/><V50/><F121/><W123/><G123/><T110/><D110/><U75/><E75/><V12/><F116/><W30/><G118/><T3/><D3/><U15/><E1/><V42/><F124/><W120/><G120/><T28/><D130/><U106/><REACH who="1" step="1"/><E76/><REACH who="1" ten="356,348,34,252" step="2"/><V135/><F135/><W98/><G70/><T127/><D127/><U67/><E67/><V81/><F113/><W79/><G79/><T64/><D114/><U129/><E129/><V5/><F115/><W45/><G69/><T33/><D39/><U62/><E62/><V96/><F6/><W32/><REACH who="3" step="1"/><G91/><REACH who="3" ten="356,348,34,242" step="2"/><T58/><D65/><U131/><E131/><V60/><F90/><W99/><G99/><T29/><D64/><U34/><E34/><V4/><F96/><W88/><G88/><T80/><D33/><U86/><E86/><V2/><F5/><W37/><G37/><T36/><D36/><U16/><E16/><V111/><F4/><W101/><G101/><AGARI ba="1,2" hai="8,15,17,19,20,25,51,54,56,84,85,97,101,106" machi="101" ten="40,3900,0" yaku="1,1,52,1,53,0" doraHai="92" doraHaiUra="128" who="1" fromWho="3" sc="356,0,348,62,34,0,242,-42" />
</Scene>
<Scene>
<INIT seed="5,2,0,1,1,110" ten="356,410,34,200" oya="1" hai0="32,42,76,4,85,102,67,65,0,44,108,135,33" hai1="9,129,16,57,63,39,91,17,113,68,115,96,120" hai2="78,81,133,122,87,24,38,130,8,121,59,15,70" hai3="77,94,104,30,52,114,58,89,19,116,95,105,45"/><U10/><E120/><V28/><F70/><W80/><G30/><T5/><D108/><U125/><E39/><V98/><F38/><W21/><G116/><T25/><D135/><U6/><E68/><V61/><F130/><W132/><G114/><N who="1" m="43530" /><E129/><V101/><F133/><W75/><G45/><T124/><D124/><U2/><E125/><V60/><F60/><W43/><G43/><T49/><D0/><N who="1" m="199" /><E91/><V31/><F31/><W37/><G37/><T71/><D71/><U123/><E123/><V51/><F51/><W69/><G69/><T97/><D4/><N who="1" m="1303" /><E96/><V134/><F134/><W29/><G89/><T56/><D5/><U111/><E111/><V119/><F119/><W3/><G132/><T100/><D100/><U41/><E41/><V83/><F83/><W126/><G80/><T117/><D117/><U7/><E7/><V112/><F112/><W1/><G126/><T107/><D33/><U84/><E84/><V73/><F87/><W40/><G40/><T72/><D72/><U90/><E90/><V26/><F121/><W103/><G75/><T48/><D85/><U74/><E74/><V86/><F73/><W36/><G36/><T55/><D76/><U92/><E92/><N who="2" m="58567" /><F122/><W88/><G3/><T14/><D14/><U82/><E82/><V11/><F15/><W20/><G1/><T23/><D32/><U34/><E34/><N who="2" m="20743" /><F26/><W66/><G95/><T62/><D62/><U53/><AGARI ba="2,0" hai="16,17,53,57,63" m="1303,199,43530" machi="53" ten="30,12000,1" yaku="15,1,52,3,54,1" doraHai="110" who="1" fromWho="1" sc="356,-42,410,126,34,-42,200,-42" owari="314,11.0,536,64.0,-8,-51.0,158,-24.0" />
</Scene>
</mjloggm>