<mjloggm ver="2.3"><GO type="169" lobby="0"/><UN n0="%E5%AD%A3%E9%81%95%E3%81%84%E4%BF%B3%E4%BA%BA" n1="%E9%AD%94%E6%B3%95%E5%B0%91%E5%A5%B3%E3%83%AB%E3%83%AB%E3%83%AB%E3%83%B3" n2="%30%30%73%61%69" n3="%E5%A4%AA%E3%81%8F%E3%81%AA%E3%81%84%E3%81%8A" dan="18,16,18,18" rate="2159.76,2024.20,2160.18,2300.08" sx="M,M,M,F"/><TAIKYOKU oya="0"/>

<Scene>
<INIT seed="0,0,0,2,4,92" ten="250,250,250,250" oya="0" hai0="118,101,45,19,12,32,109,18,57,132,115,64,5" hai1="67,63,113,121,100,7,49,83,133,52,9,41,103" hai2="125,102,79,72,111,105,23,14,58,29,73,129,38" hai3="123,59,104,37,27,39,119,0,90,22,91,53,124"/><T99/><D118/><U80/><E121/><V116/><F38/><W34/><G119/><T127/><D115/><U20/><E133/><V2/><F2/><W74/><G74/><T78/><D32/><U46/><E113/><V35/><F58/><W56/><G0/><T47/><D132/><U50/><E20/><V94/><F14/><W131/><G34/><T51/><D78/><U62/><E103/><V48/><F48/><W25/><G104/><T13/><D127/><U40/><E100/><V134/><F23/><W86/><G124/><T98/><D109/><U81/><E49/><V55/><F29/><W36/><G123/><T61/><D5/><U8/><E63/><V97/><F55/><W24/><G131/><T128/><D101/><U10/><REACH who="1" step="1"/><E7/><REACH who="1" ten="250,240,250,250" step="2"/><V75/><F35/><W33/><G22/><N who="0" m="11599" /><D128/><U107/><E107/><V1/><F105/><W106/><G106/><T43/><D47/><U126/><E126/><V6/><F125/><W112/><G112/><T17/><D17/><U95/><E95/><V110/><F129/><W30/><G33/><T54/><D43/><U44/><E44/><V89/><F134/><W96/><G30/><T42/><D42/><U82/><N who="1" m="20480" /><DORA hai="122" /><U87/><E87/><V70/><F116/><W114/><G114/><T3/><D3/><U26/><E26/><V130/><F130/><W16/><G37/><T108/><D108/><N who="2" m="41514" /><F102/><W135/><G135/><T120/><D120/><U117/><E117/><V84/><F84/><W11/><G36/><T15/><D15/><U65/><E65/><V21/><F1/><W66/><G39/><RYUUKYOKU ba="0,1" sc="250,15,240,15,250,-15,250,-15" hai0="12,19,45,51,54,57,61,64,98,99" hai1="8,9,10,40,41,46,50,52,62,67" />
</Scene>
<Scene>
<INIT seed="0,1,1,4,5,135" ten="265,255,235,235" oya="0" hai0="11,41,128,3,48,113,100,28,95,51,129,127,119" hai1="40,62,53,93,105,91,71,21,96,121,123,98,88" hai2="24,64,81,77,114,106,102,46,36,4,67,35,9" hai3="63,125,20,92,0,49,72,39,120,31,61,10,86"/><T75/><D119/><U66/><E40/><N who="2" m="22791" /><F114/><W26/><G39/><T50/><D113/><U116/><E116/><V118/><F118/><W32/><G72/><T103/><D75/><U16/><E53/><V52/><F102/><N who="0" m="38954" /><D28/><U134/><E134/><V115/><F52/><W54/><G120/><T76/><D76/><U109/><E109/><V65/><F106/><W37/><G37/><T84/><D41/><U60/><E60/><V94/><F94/><W69/><G32/><T56/><D56/><U97/><E105/><V38/><F38/><W90/><G69/><T122/><D122/><U23/><E23/><V111/><F111/><W12/><G0/><T78/><D95/><U82/><E123/><V58/><F58/><W70/><G70/><T87/><D78/><U59/><E71/><V124/><F115/><W14/><G92/><T99/><D99/><U29/><E29/><V34/><F24/><W104/><G104/><T55/><D55/><U68/><E68/><V83/><F83/><W80/><G80/><T42/><D42/><U131/><E131/><N who="0" m="50249" /><D84/><N who="1" m="50199" /><E121/><V7/><F35/><W101/><G54/><T30/><D87/><U110/><E110/><V25/><F34/><W85/><G85/><T27/><D27/><AGARI ba="1,1" hai="16,21,27,59,62,66,91,93,96,97,98" m="50199" machi="27" ten="30,3900,0" yaku="8,1,54,2" doraHai="135" who="1" fromWho="0" sc="265,-42,255,52,235,0,235,0" />
</Scene>
<Scene>
<INIT seed="1,0,0,5,2,35" ten="223,307,235,235" oya="1" hai0="45,107,122,20,15,67,73,43,110,6,134,80,60" hai1="70,33,51,49,27,117,78,104,37,124,4,76,90" hai2="65,55,69,87,21,38,128,77,88,46,53,10,5" hai3="119,127,1,83,66,3,101,79,72,112,91,9,7"/><U17/><E37/><V75/><F128/><W132/><G112/><T99/><D110/><U32/><E124/><V102/><F102/><W25/><G127/><T135/><D122/><U13/><E70/><V97/><F97/><W109/><G109/><T95/><D107/><U16/><E104/><V58/><F75/><W85/><G132/><N who="0" m="50731" /><D80/><U96/><E4/><V40/><F77/><W54/><G119/><T84/><D84/><U57/><E33/><V133/><F69/><W2/><G66/><T113/><D73/><U24/><E32/><V36/><F36/><W63/><G101/><N who="0" m="60671" /><D113/><U120/><E120/><V71/><F21/><W111/><G111/><T131/><D131/><U23/><E117/><V28/><F28/><W31/><G54/><T39/><D20/><N who="1" m="11279" /><E27/><V18/><F18/><W56/><G25/><T8/><D67/><U34/><E34/><V89/><F133/><W61/><G31/><T100/><D100/><U118/><E118/><V48/><F87/><W82/><REACH who="3" step="1"/><G56/><REACH who="3" ten="223,307,235,225" step="2"/><T30/><D30/><U62/><E57/><V52/><F55/><W64/><G64/><T121/><D121/><U125/><E24/><V26/><F26/><W126/><G126/><T19/><D60/><AGARI ba="0,1" hai="1,2,3,7,9,60,61,63,72,79,82,83,85,91" machi="60" ten="40,8000,1" yaku="1,1,52,3,53,0" doraHai="35" doraHaiUra="22" who="3" fromWho="0" sc="223,-80,307,0,235,0,225,90" />
</Scene>
<Scene>
<INIT seed="2,0,0,4,5,62" ten="143,307,235,315" oya="2" hai0="102,13,65,107,81,8,135,91,50,122,47,59,110" hai1="39,9,57,44,22,133,119,69,123,82,85,75,3" hai2="118,90,49,106,54,56,35,111,116,41,19,104,17" hai3="18,115,2,121,105,109,32,126,48,46,15,76,12"/><V84/><F35/><W52/><G121/><T114/><D122/><U108/><E69/><V74/><F74/><W83/><G2/><T33/><D33/><U10/><E119/><V11/><F111/><W92/><G105/><T63/><D110/><U78/><E133/><V127/><F127/><W95/><G109/><T86/><D135/><U26/><E123/><V20/><F106/><W72/><G32/><T36/><D36/><U113/><E113/><V134/><F104/><W120/><G120/><T64/><D114/><U0/><E57/><V128/><F134/><W68/><G115/><T132/><D132/><U96/><E96/><V80/><F128/><W66/><G126/><T71/><D71/><U14/><E9/><V45/><F11/><W21/><REACH who="3" step="1"/><G15/><REACH who="3" ten="143,307,235,305" step="2"/><T4/><D107/><U124/><E124/><V101/><F116/><W79/><G79/><T43/><REACH who="0" step="1"/><D102/><REACH who="0" ten="133,307,235,305" step="2"/><U16/><E108/><V103/><F118/><W129/><G129/><T125/><D125/><U25/><E0/><V93/><F103/><W31/><G31/><T97/><D97/><U89/><E3/><V88/><F101/><W130/><G130/><T24/><D24/><U28/><E25/><V55/><F90/><W6/><G6/><T98/><D98/><U117/><E117/><V37/><F88/><W99/><G99/><T42/><D42/><N who="1" m="22623" /><E89/><V38/><F41/><W1/><G1/><T112/><D112/><U131/><E131/><V30/><F30/><W100/><G100/><T61/><D61/><AGARI ba="0,2" hai="12,18,21,46,48,52,61,66,68,72,76,83,92,95" machi="61" ten="40,5200,0" yaku="1,1,52,1,54,1,53,0" doraHai="62" doraHaiUra="70" who="3" fromWho="0" sc="133,-52,307,0,235,0,305,72" />
</Scene>
<Scene>
<INIT seed="3,0,0,5,2,32" ten="81,307,235,377" oya="3" hai0="74,38,106,64,30,80,70,102,37,3,76,47,39" hai1="9,57,129,17,124,46,6,134,104,86,120,93,81" hai2="41,34,67,23,109,92,26,27,107,117,121,89,14" hai3="132,54,19,35,71,128,4,118,31,8,18,28,50"/><W21/><G71/><T11/><D30/><U56/><E104/><V22/><F107/><W90/><G118/><T44/><D102/><U123/><E134/><V97/><F117/><W122/><G122/><T113/><D113/><U59/><E129/><V111/><F67/><W68/><G68/><T10/><D106/><U5/><E124/><V24/><F41/><W66/><G66/><T40/><D44/><U65/><E65/><V133/><F133/><W110/><G35/><T60/><D11/><U96/><E46/><V16/><F121/><W72/><G72/><T99/><D99/><U15/><E123/><V63/><F63/><W12/><G132/><T125/><D125/><U48/><E48/><V112/><F112/><W52/><G128/><T127/><D127/><U115/><E115/><V0/><F0/><W82/><G110/><N who="2" m="41993" /><F34/><W42/><G42/><T116/><D116/><U131/><E131/><V94/><F94/><W25/><G4/><AGARI ba="0,0" hai="3,4,10,37,38,39,40,47,60,64,70,74,76,80" machi="4" ten="40,12000,2" yaku="25,2,33,3,52,1" doraHai="32" who="0" fromWho="3" sc="81,120,307,0,235,0,377,-120" />
</Scene>
<Scene>
<INIT seed="4,0,0,4,0,11" ten="201,307,235,257" oya="0" hai0="23,48,88,62,82,9,53,125,5,75,3,72,131" hai1="97,68,14,117,45,58,4,94,20,89,54,81,28" hai2="130,31,44,67,55,111,115,10,59,19,63,64,43" hai3="128,6,15,95,18,134,39,27,40,25,112,60,98"/><T126/><D131/><U87/><E68/><V83/><F111/><W93/><G128/><T8/><D62/><U101/><E117/><V1/><F130/><W17/><G112/><T113/><D113/><U21/><E45/><V56/><F115/><W35/><G134/><T52/><D23/><U86/><E28/><V29/><F83/><W7/><G39/><T129/><D9/><N who="1" m="4391" /><E87/><V69/><F64/><W78/><G40/><T120/><D120/><U133/><E133/><V32/><F32/><W109/><G109/><T57/><D129/><U42/><E42/><V123/><F123/><W37/><G37/><T79/><D72/><U92/><E92/><V76/><F76/><W30/><G78/><T36/><D36/><U108/><E108/><V16/><F1/><W38/><G38/><T102/><D102/><U66/><E66/><V99/><F69/><W41/><G41/><T119/><D119/><U124/><E124/><N who="0" m="47721" /><D53/><U73/><E73/><V65/><F55/><W50/><G35/><T135/><D135/><U107/><E107/><V24/><F63/><AGARI ba="0,0" hai="20,21,54,58,63,81,86,89,94,97,101" m="4391" machi="63" ten="30,2000,0" yaku="8,1,52,1" doraHai="11" who="1" fromWho="2" sc="201,0,307,20,235,-20,257,0" />
</Scene>
<Scene>
<INIT seed="5,0,0,2,3,80" ten="201,327,215,257" oya="1" hai0="132,121,47,10,108,125,18,111,78,32,106,118,8" hai1="77,21,4,19,1,40,16,96,6,127,113,123,36" hai2="44,53,2,97,26,71,48,88,110,69,23,90,50" hai3="79,100,64,22,39,99,130,93,42,86,58,119,107"/><U81/><E113/><V17/><F110/><W133/><G133/><T15/><D106/><U92/><E127/><V29/><F2/><W45/><G130/><T115/><D118/><U95/><E1/><V37/><F37/><W72/><G119/><T56/><D32/><U46/><E123/><V126/><F126/><W117/><G117/><T59/><D125/><U104/><E104/><V28/><F71/><W102/><G22/><T128/><D132/><U7/><E21/><V49/><F69/><W25/><G25/><T98/><D128/><U131/><E131/><V70/><F70/><W24/><G24/><T35/><D35/><U85/><REACH who="1" step="1"/><E95/><REACH who="1" ten="201,317,215,257" step="2"/><N who="2" m="56551" /><F29/><W12/><G93/><T65/><D121/><U116/><E116/><V94/><F28/><W43/><G107/><T62/><D115/><U120/><E120/><V61/><F61/><W129/><G129/><T75/><D108/><U68/><E68/><V67/><F67/><W76/><G64/><T134/><D111/><U105/><E105/><V87/><AGARI ba="0,1" hai="17,23,26,44,48,49,50,53,87,90,94" m="56551" machi="87" ten="30,4000,0" yaku="8,1,52,1,54,1" doraHai="80" who="2" fromWho="2" sc="201,-10,317,-20,215,50,257,-10" />
</Scene>
<Scene>
<INIT seed="6,0,0,4,0,87" ten="191,297,265,247" oya="2" hai0="2,114,135,14,56,11,18,118,93,100,117,121,9" hai1="7,76,22,127,83,62,71,30,15,72,95,99,32" hai2="35,0,38,20,128,132,42,79,77,98,122,86,82" hai3="65,55,111,3,6,90,131,105,41,53,27,78,39"/><V106/><F35/><W110/><G105/><T34/><D121/><U67/><E32/><V70/><F70/><W54/><G27/><T31/><D56/><U52/><E127/><V108/><F0/><W115/><G78/><T120/><D120/><U17/><E7/><V50/><F38/><W28/><G28/><T68/><D68/><U116/><E116/><N who="0" m="44649" /><D100/><U40/><E30/><V97/><F122/><W102/><G102/><T112/><D93/><U23/><E40/><V91/><F106/><W92/><G65/><T16/><D135/><U64/><E64/><V124/><F124/><W81/><G81/><T107/><D107/><U43/><E43/><V1/><F1/><W33/><G92/><T80/><D80/><U89/><REACH who="1" step="1"/><E52/><REACH who="1" ten="191,287,265,247" step="2"/><V44/><F42/><W29/><G54/><T5/><D18/><U75/><E75/><V51/><F51/><W126/><G53/><T88/><D88/><U10/><AGARI ba="0,1" hai="10,15,17,22,23,62,67,71,72,76,83,89,95,99" machi="10" ten="20,5200,0" yaku="1,1,0,1,7,1,52,1,53,0" doraHai="87" doraHaiUra="26" who="1" fromWho="1" sc="191,-13,287,62,265,-26,247,-13" />
</Scene>
<Scene>
<INIT seed="7,0,0,0,1,113" ten="178,349,239,234" oya="3" hai0="97,135,43,125,71,117,35,64,105,65,116,85,47" hai1="14,8,109,73,9,106,54,123,28,19,48,29,98" hai2="46,32,133,81,118,108,67,119,127,21,66,51,120" hai3="30,0,114,80,25,128,132,27,124,24,33,16,5"/><W22/><G80/><T121/><D85/><U26/><E73/><V4/><F32/><W38/><G38/><N who="0" m="22007" /><D35/><U2/><E98/><V74/><F108/><W102/><G102/><N who="0" m="62671" /><D64/><U12/><E106/><V84/><F67/><W101/><G101/><T61/><D121/><U18/><E109/><V7/><F66/><W49/><G49/><T13/><D13/><U3/><E123/><V6/><F51/><W39/><G33/><T52/><D52/><U59/><E29/><V88/><F84/><W77/><G30/><T76/><D76/><U79/><E79/><V70/><F74/><W10/><G77/><T90/><D90/><U15/><E15/><V44/><F88/><W122/><G122/><T75/><D75/><U31/><E31/><V89/><F89/><W57/><G57/><T45/><D45/><U86/><E86/><V1/><F46/><W42/><G25/><T107/><D135/><U78/><E78/><V131/><F133/><W23/><G132/><T95/><D95/><U104/><E104/><V56/><F44/><W103/><G27/><T58/><D58/><U40/><E40/><V111/><F56/><W20/><G24/><T99/><D125/><U112/><E2/><V72/><F1/><W53/><G124/><T36/><D36/><U100/><E3/><V50/><F127/><W68/><G39/><T87/><D87/><U115/><E100/><V60/><F120/><W92/><G103/><N who="0" m="62975" /><D71/><U62/><E48/><V34/><F50/><W94/><G0/><T69/><AGARI ba="0,0" hai="61,65,69,116,117" m="62975,62671,22007" machi="69" ten="30,4000,0" yaku="23,1,52,2" doraHai="113" who="0" fromWho="0" sc="178,40,349,-10,239,-10,234,-20" owari="218,-18.0,339,44.0,229,3.0,214,-29.0" />
</Scene>
</mjloggm>