<mjloggm ver="2.3"><GO type="169" lobby="0"/><UN n0="%E5%A4%AA%E3%81%8F%E3%81%AA%E3%81%84%E3%81%8A" n1="%64%61%72%74%65%72" n2="%E5%9C%B0%E7%90%83%E5%A7%94%E5%93%A1%E9%95%B7" n3="%E3%83%97%E3%83%AD%E3%82%AD%E3%82%B7%E3%83%BC" dan="18,18,16,16" rate="2238.46,2219.65,2054.37,2118.30" sx="F,M,M,M"/><TAIKYOKU oya="0"/>

<Scene>
<INIT seed="0,0,0,3,1,84" ten="250,250,250,250" oya="0" hai0="57,15,135,74,52,38,50,134,6,94,59,5,54" hai1="47,79,64,100,105,27,97,40,95,8,51,112,45" hai2="12,11,23,53,115,78,108,110,66,133,30,91,42" hai3="82,86,2,73,65,26,128,131,72,31,93,109,114"/><T4/><D38/><U37/><E112/><V124/><F115/><W132/><G114/><T46/><D74/><U106/><E64/><V39/><F66/><W81/><G2/><T0/><D0/><U21/><E79/><V130/><F78/><W90/><G65/><T77/><D77/><U25/><E8/><V32/><F32/><W34/><G109/><T43/><D15/><U61/><E61/><V41/><F53/><N who="0" m="20586" /><D94/><U20/><E47/><V10/><F91/><W75/><REACH who="3" step="1"/><G132/><AGARI ba="0,0" hai="4,5,6,43,46,50,57,59,132,134,135" m="20586" machi="132" ten="30,2900,0" yaku="20,1,54,1" doraHai="84" who="0" fromWho="3" sc="250,29,250,0,250,0,250,-29" />
</Scene>
<Scene>
<INIT seed="0,1,0,2,0,112" ten="279,250,250,221" oya="0" hai0="8,38,68,128,21,67,102,92,96,126,57,78,13" hai1="91,12,35,32,46,49,9,98,34,108,83,19,28" hai2="94,27,81,63,51,86,65,42,110,17,106,11,71" hai3="104,69,50,127,29,18,14,113,59,33,133,4,107"/><T45/><D128/><U70/><E70/><V100/><F106/><W30/><G69/><T80/><D126/><U88/><E108/><V37/><F110/><W85/><G127/><T44/><D68/><U134/><E134/><V87/><F37/><W118/><G113/><T62/><D21/><U114/><E114/><V60/><F60/><W10/><G133/><T95/><D38/><U24/><E98/><V41/><F51/><W75/><G75/><T131/><D131/><U26/><E26/><V22/><F11/><W76/><G107/><T82/><D95/><U7/><E7/><V99/><REACH who="2" step="1"/><F87/><REACH who="2" ten="279,250,240,221" step="2"/><W135/><G104/><T55/><D67/><U0/><E0/><V84/><F84/><W89/><G50/><T90/><D8/><U31/><E49/><V130/><F130/><W23/><G135/><T101/><D62/><U123/><E9/><V73/><F73/><W15/><G85/><T124/><D124/><U36/><E36/><V120/><F120/><W97/><G10/><T111/><D111/><U64/><E123/><V103/><F103/><W20/><G4/><T61/><D102/><U117/><E64/><V2/><F2/><W132/><G132/><T48/><D61/><U66/><E66/><V25/><F25/><W109/><G109/><T1/><D1/><U119/><E24/><V16/><F16/><W47/><G18/><T56/><D13/><U52/><E12/><V122/><F122/><W6/><G14/><T79/><D101/><U54/><E19/><V40/><F40/><W116/><G15/><T129/><D129/><U5/><E5/><RYUUKYOKU ba="1,1" sc="279,-10,250,-10,240,30,221,-10" hai2="17,22,27,41,42,63,65,71,81,86,94,99,100" />
</Scene>
<Scene>
<INIT seed="1,2,1,5,0,23" ten="269,240,270,211" oya="1" hai0="37,101,47,9,77,69,31,118,39,54,48,75,38" hai1="112,53,103,26,88,71,64,114,16,34,63,6,0" hai2="7,68,78,18,92,125,21,66,85,62,27,111,117" hai3="130,12,25,122,3,45,100,82,40,121,126,49,128"/><U123/><E123/><V132/><F117/><W32/><G3/><T33/><D118/><U50/><E103/><V134/><F111/><W135/><G100/><T1/><D69/><U60/><E60/><V41/><F125/><W110/><G110/><T20/><D33/><U109/><E109/><V36/><F7/><W65/><G65/><T108/><D108/><U116/><E116/><V43/><F36/><W79/><G12/><T30/><D101/><U80/><E6/><V94/><F92/><W11/><G11/><T73/><D1/><U5/><E5/><V19/><F19/><W84/><G135/><N who="2" m="51753" /><F94/><W46/><G46/><T119/><D9/><U107/><E107/><V106/><F106/><W24/><G32/><T35/><D119/><U58/><E0/><V28/><F28/><W129/><G126/><T81/><D35/><U102/><E102/><V90/><F90/><W29/><G29/><T56/><D75/><U133/><E133/><V4/><F4/><W59/><G59/><T51/><REACH who="0" step="1"/><D20/><REACH who="0" ten="259,240,270,211" step="2"/><U70/><E70/><V57/><F68/><W83/><G83/><AGARI ba="2,2" hai="18,21,27,41,43,57,62,66,78,83,85" m="51753" machi="83" ten="30,2000,0" yaku="20,1,52,1" doraHai="23" who="2" fromWho="3" sc="259,0,240,0,270,46,211,-26" />
</Scene>
<Scene>
<INIT seed="2,0,0,0,1,1" ten="259,240,316,185" oya="2" hai0="95,65,19,70,30,0,101,7,67,79,120,33,48" hai1="92,45,82,62,99,43,64,66,27,37,88,84,131" hai2="132,55,93,78,60,2,29,122,52,58,89,59,24" hai3="51,3,105,18,133,114,44,109,38,16,128,26,110"/><V5/><F122/><W76/><G105/><T42/><D120/><U36/><E131/><V103/><F132/><W135/><G38/><T10/><D79/><U102/><E37/><V22/><F78/><W117/><G117/><T123/><D123/><U72/><E72/><V80/><F80/><W34/><G76/><T50/><D19/><N who="3" m="7209" /><G128/><T108/><D108/><N who="3" m="41577" /><G3/><T9/><D9/><U83/><E27/><V98/><F2/><W40/><G114/><T47/><D70/><U125/><E125/><V15/><F15/><W53/><G40/><T75/><D75/><U31/><E31/><AGARI ba="0,0" hai="26,31,34,44,51,53,133,135" m="41577,7209" machi="31" ten="30,2000,0" yaku="14,1,54,1" doraHai="1" who="3" fromWho="1" sc="259,0,240,-20,316,0,185,20" />
</Scene>
<Scene>
<INIT seed="3,0,0,4,4,133" ten="259,220,316,205" oya="3" hai0="106,56,77,122,99,59,14,118,48,129,32,61,17" hai1="131,29,127,114,78,9,0,112,68,132,3,28,87" hai2="36,27,57,69,1,130,84,21,97,24,41,66,34" hai3="75,123,12,115,47,107,82,85,93,109,104,20,50"/><W134/><G123/><T113/><D122/><U79/><E68/><V6/><F69/><W40/><G134/><T44/><D118/><U102/><E102/><V67/><F34/><W98/><G115/><T23/><D32/><U18/><E132/><V73/><F73/><W54/><G75/><T70/><D113/><U121/><E121/><V2/><F27/><W39/><G109/><T46/><D129/><U19/><E87/><V126/><F126/><W7/><G39/><T81/><D70/><U65/><E9/><V74/><F74/><W83/><G107/><T95/><D106/><U110/><E65/><V38/><F84/><W119/><G119/><T76/><D81/><N who="3" m="30729" /><G85/><T11/><D11/><U49/><E49/><V37/><F41/><W10/><G104/><T111/><D111/><U16/><E19/><V128/><F97/><W125/><G125/><T43/><D44/><U92/><E110/><V88/><F88/><N who="3" m="55591" /><G20/><T30/><D30/><U86/><E86/><V45/><F128/><W58/><G58/><T117/><D117/><U94/><E131/><V8/><F57/><N who="0" m="22090" /><D61/><U33/><E33/><V105/><F130/><W5/><G40/><T108/><D108/><U4/><E4/><AGARI ba="0,0" hai="4,5,7,10,12,47,50,54" m="55591,30729" machi="4" ten="30,2900,0" yaku="8,1,54,1" doraHai="133" who="3" fromWho="1" sc="259,0,220,-29,316,0,205,29" />
</Scene>
<Scene>
<INIT seed="3,1,0,1,3,5" ten="259,191,316,234" oya="3" hai0="81,71,8,56,106,118,3,7,98,87,49,51,57" hai1="40,25,121,83,43,45,59,67,99,14,27,26,15" hai2="17,4,62,28,34,63,130,127,80,75,53,84,42" hai3="108,73,69,0,126,133,109,105,58,124,76,120,94"/><W33/><G69/><T132/><D71/><U123/><E121/><V16/><F75/><W41/><G33/><T39/><D39/><U36/><E123/><V2/><F42/><W55/><G120/><T93/><D106/><U100/><E83/><V72/><F72/><W89/><G105/><T6/><D118/><U117/><E117/><V125/><F130/><W86/><G0/><T21/><D132/><U115/><E115/><V61/><F53/><W77/><G41/><T50/><D21/><U1/><E1/><V48/><F48/><N who="3" m="31079" /><G73/><T30/><D30/><U22/><E43/><V131/><F131/><W95/><G95/><T96/><D6/><U9/><E67/><V91/><F28/><W85/><G85/><T79/><REACH who="0" step="1"/><D98/><REACH who="0" ten="249,191,316,234" step="2"/><U90/><E22/><V119/><F119/><W82/><G133/><T111/><D111/><N who="3" m="42569" /><G82/><T78/><D78/><AGARI ba="1,1" hai="76,77,78,86,89,94,124,126" m="42569,31079" machi="78" ten="30,2900,0" yaku="14,1,10,1" doraHai="5" who="3" fromWho="0" sc="249,-32,191,0,316,0,234,42" />
</Scene>
<Scene>
<INIT seed="3,2,0,1,2,84" ten="217,191,316,276" oya="3" hai0="109,35,79,6,15,108,101,126,80,115,134,128,61" hai1="135,5,50,81,30,36,97,31,42,63,96,33,43" hai2="2,12,54,120,127,76,94,122,106,29,44,124,38" hai3="85,34,57,11,64,24,88,107,102,22,86,37,7"/><W130/><G37/><T121/><D121/><N who="2" m="46698" /><F106/><W13/><G130/><T74/><D35/><U56/><E36/><V98/><F2/><W8/><G34/><T49/><D128/><U1/><E1/><V123/><N who="2" m="46706" /><V0/><DORA hai="91" /><F0/><W75/><G75/><T32/><D32/><U26/><E5/><V125/><F76/><W3/><G107/><T89/><D101/><U71/><E71/><V47/><F29/><W52/><G102/><T48/><D126/><U77/><E31/><V119/><F119/><W100/><G100/><T17/><D6/><U25/><E25/><V93/><F98/><W82/><G85/><T9/><D134/><U67/><E135/><V118/><F118/><W28/><G64/><T51/><D115/><U60/><E97/><V113/><F113/><W87/><G87/><T104/><D104/><U62/><E96/><V53/><F12/><W65/><G65/><T59/><REACH who="0" step="1"/><D89/><REACH who="0" ten="207,191,316,276" step="2"/><U69/><E33/><V110/><F110/><W90/><G90/><T111/><D111/><U23/><E69/><V131/><F131/><W132/><G132/><T70/><D70/><U105/><E105/><V4/><F4/><W68/><G68/><T99/><D99/><U55/><REACH who="1" step="1"/><E67/><AGARI ba="2,1" hai="9,15,17,48,49,51,59,61,67,74,79,80,108,109" machi="67" ten="40,1300,0" yaku="1,1,53,0" doraHai="84,91" doraHaiUra="129,103" who="0" fromWho="1" sc="207,29,191,-19,316,0,276,0" />
</Scene>
<Scene>
<INIT seed="4,0,0,1,4,56" ten="236,172,316,276" oya="0" hai0="74,75,86,94,116,42,88,36,79,43,110,97,24" hai1="38,30,57,22,11,108,89,121,129,135,51,45,28" hai2="132,109,60,39,107,120,29,81,127,3,55,18,119" hai3="130,32,83,100,131,77,34,21,78,90,50,62,104"/><T87/><D116/><U2/><E38/><V84/><F29/><W117/><G117/><T37/><D110/><U102/><E121/><V20/><F109/><W10/><G104/><T48/><D48/><U118/><E118/><V1/><F119/><W4/><G100/><T44/><D24/><U58/><E108/><V101/><F39/><W113/><G21/><T72/><REACH who="0" step="1"/><D79/><REACH who="0" ten="226,172,316,276" step="2"/><U123/><E123/><V133/><F120/><W17/><G50/><T111/><D111/><U126/><E51/><V0/><F127/><W27/><G78/><T31/><D31/><U128/><E30/><V67/><F101/><W16/><G77/><T71/><D71/><U49/><E102/><V125/><F125/><W66/><G27/><T5/><D5/><U63/><E126/><V35/><F35/><W7/><G34/><T15/><D15/><U114/><E49/><V70/><F107/><W12/><G32/><T91/><D91/><U53/><E89/><V76/><REACH who="2" step="1"/><F55/><REACH who="2" ten="226,172,306,276" step="2"/><W103/><G103/><T23/><D23/><U52/><E22/><V96/><F96/><W54/><G54/><T69/><D69/><U65/><E28/><V25/><AGARI ba="0,2" hai="0,1,3,18,20,25,60,67,70,76,81,84,132,133" machi="25" ten="40,8000,1" yaku="1,1,0,1,52,1,53,1" doraHai="56" doraHaiUra="82" who="2" fromWho="2" sc="226,-40,172,-20,306,100,276,-20" />
</Scene>
<Scene>
<INIT seed="5,0,0,0,0,67" ten="186,152,406,256" oya="1" hai0="73,107,30,98,84,132,81,103,83,119,118,47,60" hai1="87,24,92,16,80,74,86,125,26,135,5,99,23" hai2="76,58,28,43,71,121,18,120,55,37,8,64,3" hai3="75,57,131,1,20,108,49,117,63,109,11,6,89"/><U56/><E125/><V54/><F28/><W112/><G112/><T69/><D132/><U14/><E135/><V36/><F76/><W105/><G75/><T15/><D30/><U95/><E74/><V110/><F18/><W124/><G124/><T100/><D15/><U61/><E5/><V38/><F8/><W79/><G79/><N who="0" m="44271" /><D47/><U39/><E39/><V94/><F94/><N who="1" m="35881" /><E99/><V48/><F3/><W77/><G77/><N who="0" m="46191" /><D60/><U32/><E32/><V122/><F110/><W27/><G117/><N who="0" m="44555" /><D69/><U12/><E80/><V4/><F4/><W50/><G109/><T68/><D68/><U128/><E128/><V72/><F72/><W22/><G108/><T78/><D78/><U90/><E90/><V41/><F55/><W19/><G89/><T51/><D51/><U129/><E129/><V127/><F127/><W91/><G91/><T113/><D103/><U13/><E26/><V93/><F64/><AGARI ba="0,0" hai="12,13,14,16,23,24,56,61,64,86,87" m="35881" machi="64" ten="30,2900,0" yaku="8,1,54,1" doraHai="67" who="1" fromWho="2" sc="186,0,152,29,406,-29,256,0" />
</Scene>
<Scene>
<INIT seed="5,1,0,3,5,74" ten="186,181,377,256" oya="1" hai0="56,68,65,36,117,122,20,29,110,58,132,124,7" hai1="62,44,64,101,73,111,108,11,87,49,30,69,15" hai2="6,34,16,82,72,12,23,135,67,31,106,109,113" hai3="3,4,119,9,81,24,121,41,77,38,75,125,91"/><U130/><E73/><V100/><F67/><W13/><G121/><T35/><D110/><U95/><E30/><V59/><F59/><W32/><G125/><T99/><D117/><U133/><E130/><V78/><F109/><N who="1" m="42057" /><E133/><V5/><F135/><W0/><G119/><T1/><D132/><U14/><E11/><V70/><F70/><W57/><G57/><T60/><D36/><U28/><E28/><V76/><F76/><W8/><G91/><T45/><D124/><U18/><E18/><V84/><F72/><W50/><G50/><T118/><D118/><U102/><E87/><V105/><F113/><W66/><G66/><T2/><D122/><U129/><E129/><V131/><F131/><W115/><G115/><T25/><D20/><U63/><E63/><V55/><F55/><W126/><G126/><T92/><D7/><U83/><E83/><V80/><F82/><W97/><G9/><T46/><D1/><U33/><E33/><V22/><F34/><W103/><G32/><T40/><D2/><U48/><E48/><V120/><F120/><W123/><G123/><T90/><D29/><U47/><E47/><V10/><F31/><W17/><G17/><T37/><D46/><U104/><E104/><V19/><F105/><N who="3" m="63727" /><G24/><T42/><D25/><U85/><E102/><V51/><F106/><W71/><G71/><T98/><D35/><U93/><E101/><V96/><F100/><W112/><G112/><T79/><D99/><U114/><E114/><V128/><F51/><W27/><G27/><T26/><D98/><U127/><E127/><V134/><F128/><RYUUKYOKU ba="1,0" sc="186,-10,181,-10,377,-10,256,30" hai3="0,3,4,8,13,38,41,75,77,81" />
</Scene>
<Scene>
<INIT seed="6,2,0,5,3,21" ten="176,171,367,286" oya="2" hai0="14,58,125,26,6,33,96,25,24,99,107,126,60" hai1="102,18,97,98,64,23,27,30,16,122,42,75,39" hai2="13,128,0,61,46,135,1,84,40,112,65,15,119" hai3="41,32,124,74,50,108,129,72,9,114,43,22,117"/><V79/><F119/><W28/><G117/><T56/><D33/><U5/><E122/><V34/><F34/><W118/><G108/><T81/><D81/><U80/><E64/><V88/><F79/><W57/><G118/><T69/><D69/><U77/><E5/><V52/><F52/><W130/><G9/><N who="0" m="4407" /><D107/><U68/><E68/><V110/><F110/><W12/><G124/><N who="0" m="47723" /><D58/><U89/><E89/><V93/><F0/><W29/><G57/><T113/><D113/><U53/><E53/><AGARI ba="2,0" hai="24,25,26,53,56,60,96,99" m="47723,4407" machi="53" ten="30,7700,0" yaku="18,1,52,3" doraHai="21" who="0" fromWho="1" sc="176,83,171,-83,367,0,286,0" />
</Scene>
<Scene>
<INIT seed="7,0,0,2,0,53" ten="259,88,367,286" oya="3" hai0="46,16,135,56,2,87,60,75,106,99,123,102,6" hai1="30,125,17,15,9,126,113,111,13,36,45,93,26" hai2="47,96,61,131,42,95,79,4,89,63,85,43,71" hai3="40,67,51,66,98,19,119,27,38,112,110,65,133"/><W34/><G119/><T57/><D75/><U48/><E36/><V52/><F131/><W73/><G73/><T107/><D123/><U22/><E111/><V68/><F4/><W59/><G110/><T128/><D128/><U21/><E93/><V37/><F42/><W14/><G112/><T109/><D109/><U88/><E48/><V50/><F63/><N who="3" m="38143" /><G34/><T12/><D135/><U129/><E45/><V58/><F61/><W10/><G38/><T104/><D46/><U64/><E64/><N who="3" m="24618" /><G133/><T8/><D87/><U49/><E88/><V101/><F79/><W82/><G27/><T70/><D70/><U55/><E49/><V23/><F23/><W97/><G82/><AGARI ba="0,0" hai="37,43,47,50,52,58,68,71,82,85,89,95,96,101" machi="82" ten="30,3900,0" yaku="7,1,52,1,54,1" doraHai="53" who="2" fromWho="3" sc="259,0,88,0,367,39,286,-39" owari="259,6.0,88,-41.0,406,50.0,247,-15.0" />
</Scene>
</mjloggm>