<mjloggm ver="2.3"><GO type="169" lobby="0"/><UN n0="%E3%83%81%E3%83%A5%E3%83%AB%E3%82%B9" n1="%E7%A2%BA%E5%A4%89%E3%81%AF%E6%AD%A3%E7%BE%A9%EF%BC%81" n2="%E5%A4%AA%E3%81%8F%E3%81%AA%E3%81%84%E3%81%8A" n3="%E5%BC%93%E9%9F%B3" dan="17,16,19,16" rate="2154.03,2070.80,2284.07,2031.46" sx="M,M,F,F"/><TAIKYOKU oya="0"/>

<Scene>
<INIT seed="0,0,0,3,0,27" ten="250,250,250,250" oya="0" hai0="67,115,12,2,18,74,36,9,69,11,37,78,132" hai1="113,7,55,54,64,99,110,15,10,47,79,17,29" hai2="56,41,80,114,31,13,98,35,52,66,14,127,94" hai3="40,3,23,60,129,68,61,106,48,85,75,22,126"/><T6/><D115/><U131/><E113/><V62/><F114/><W16/><G75/><T65/><D132/><U125/><E110/><V103/><F127/><W89/><G106/><T4/><D18/><U120/><E120/><V57/><F41/><W82/><G3/><T24/><D24/><U73/><E125/><V107/><F35/><W96/><G126/><T33/><D33/><U135/><E131/><V83/><F107/><W70/><G129/><T44/><D69/><U32/><E64/><V97/><F97/><W86/><G96/><T95/><D95/><U101/><E135/><V93/><F93/><W81/><G23/><T51/><D37/><U77/><E7/><V71/><F71/><W34/><G34/><T1/><D12/><N who="2" m="4714" /><F31/><W20/><G20/><T112/><D112/><U108/><E108/><V58/><F58/><W25/><G68/><T87/><D87/><U5/><E29/><V28/><F28/><W118/><G118/><T121/><D121/><U19/><E32/><V109/><F109/><W38/><G38/><T102/><D102/><U88/><E101/><V128/><F128/><W90/><REACH who="3" step="1"/><G70/><REACH who="3" ten="250,250,250,240" step="2"/><T39/><D39/><U92/><E73/><V117/><F117/><W45/><AGARI ba="0,1" hai="16,22,25,40,45,48,60,61,81,82,85,86,89,90" machi="45" ten="30,12000,2" yaku="1,1,2,1,0,1,9,1,8,1,54,1,53,0" doraHai="27" doraHaiUra="134" who="3" fromWho="3" sc="250,-60,250,-30,250,-30,240,130" />
</Scene>
<Scene>
<INIT seed="1,0,0,0,4,44" ten="190,220,220,370" oya="1" hai0="61,113,27,123,9,110,35,114,94,97,11,134,132" hai1="20,73,135,115,93,127,85,89,69,34,62,5,124" hai2="59,107,70,100,74,21,104,109,48,24,121,4,76" hai3="128,126,38,111,117,57,75,108,40,16,90,86,6"/><U81/><E115/><N who="0" m="44041" /><D110/><U83/><E34/><V54/><F121/><W18/><G75/><T30/><D61/><U50/><E135/><N who="0" m="51753" /><D123/><U95/><E5/><V53/><F70/><W125/><G6/><T43/><D43/><U33/><E33/><V28/><F109/><W45/><G117/><T37/><D37/><U2/><E2/><V1/><F100/><AGARI ba="0,0" hai="9,11,27,30,35,94,97,100" m="51753,44041" machi="100" ten="30,1000,0" yaku="20,1" doraHai="44" who="0" fromWho="2" sc="190,10,220,0,220,-10,370,0" />
</Scene>
<Scene>
<INIT seed="2,0,0,2,2,99" ten="200,220,210,370" oya="2" hai0="120,8,36,89,115,83,2,72,60,100,16,17,67" hai1="54,82,122,23,25,134,12,66,77,18,123,75,86" hai2="78,27,50,13,79,52,45,9,92,118,44,93,105" hai3="62,95,15,55,51,112,43,81,111,58,42,29,76"/><V98/><F118/><W46/><G111/><T108/><D108/><U53/><E134/><V74/><F105/><W6/><G112/><T56/><D115/><U34/><E66/><V133/><F133/><W33/><G33/><T119/><D120/><N who="1" m="46123" /><E75/><V35/><F74/><W114/><G29/><AGARI ba="0,0" hai="12,18,23,25,29,34,53,54,77,82,86" m="46123" machi="29" ten="30,1000,0" yaku="13,1" doraHai="99" who="1" fromWho="3" sc="200,0,220,10,210,0,370,-10" />
</Scene>
<Scene>
<INIT seed="3,0,0,0,5,63" ten="200,230,210,360" oya="3" hai0="120,87,93,102,76,96,49,19,126,51,118,111,98" hai1="5,13,131,91,121,41,68,70,66,99,69,72,108" hai2="94,129,103,50,2,58,119,12,100,14,28,34,40" hai3="60,18,80,84,46,55,135,79,112,33,57,81,123"/><W117/><G112/><T86/><D118/><U26/><E121/><V92/><F2/><W53/><G117/><T74/><D120/><U75/><E108/><V43/><F119/><W88/><G123/><T29/><D29/><U128/><E41/><V16/><F129/><N who="1" m="49737" /><E26/><V78/><F34/><W85/><G135/><T1/><D1/><U8/><E66/><V116/><F116/><W64/><G33/><T17/><D111/><U61/><E61/><V127/><F127/><W104/><G104/><T32/><D32/><U113/><E113/><V22/><F78/><W52/><G18/><T73/><D76/><U105/><E91/><V110/><F110/><W4/><G4/><T54/><D54/><U21/><E21/><V114/><F114/><W48/><AGARI ba="0,0" hai="46,48,52,53,55,57,60,64,79,80,81,84,85,88" machi="48" ten="30,12000,1" yaku="0,1,8,1,52,1,54,2" doraHai="63" who="3" fromWho="3" sc="200,-40,230,-40,210,-40,360,120" />
</Scene>
<Scene>
<INIT seed="3,1,0,5,2,77" ten="160,190,170,480" oya="3" hai0="26,0,106,8,29,11,2,109,125,34,15,103,89" hai1="48,70,9,86,17,58,128,80,38,82,22,73,131" hai2="96,119,51,47,46,25,62,75,84,129,68,39,36" hai3="19,112,124,107,98,69,27,61,78,127,59,94,18"/><W134/><G107/><T108/><D106/><U91/><E70/><V104/><F75/><W4/><G112/><T88/><D103/><U130/><E38/><V123/><F119/><W95/><G69/><T132/><D132/><U117/><E9/><N who="0" m="3657" /><D125/><U12/><E117/><V56/><F68/><W40/><G40/><T111/><D15/><U114/><E114/><V53/><F129/><W45/><G45/><T55/><D55/><N who="1" m="32103" /><E73/><V49/><F123/><W33/><G4/><T31/><D31/><U74/><E74/><V10/><F10/><W99/><G134/><T23/><D23/><U16/><E17/><V20/><F39/><W135/><G135/><T63/><D63/><U44/><E44/><V60/><F36/><W126/><G126/><T37/><D37/><U32/><E32/><V43/><F46/><W133/><G133/><T120/><D120/><U122/><E122/><V76/><F104/><W1/><G33/><T101/><D101/><U67/><E67/><V35/><F35/><W66/><G66/><T102/><D102/><U100/><E100/><V57/><F57/><W3/><G59/><T83/><D89/><U90/><E90/><V24/><F60/><W72/><G61/><T21/><D34/><U81/><AGARI ba="1,0" hai="12,16,22,80,81,82,86,91,128,130,131" m="32103" machi="81" ten="40,8000,1" yaku="19,1,52,3,54,1" doraHai="77" who="1" fromWho="1" sc="160,-21,190,83,170,-21,480,-41" />
</Scene>
<Scene>
<INIT seed="4,0,0,2,0,47" ten="139,273,149,439" oya="0" hai0="132,118,24,56,6,39,49,92,15,102,36,11,55" hai1="109,66,27,120,0,87,7,119,131,19,112,93,80" hai2="94,3,99,46,4,59,129,125,117,18,72,17,105" hai3="65,110,51,37,98,107,123,128,71,26,64,96,25"/><T84/><D118/><U104/><E109/><V114/><F72/><W9/><G37/><T91/><D132/><U115/><E104/><V30/><F105/><W74/><G74/><T76/><D76/><U103/><E120/><V127/><F117/><W43/><G9/><T2/><D102/><U14/><E27/><V22/><F114/><N who="1" m="43561" /><E131/><V28/><F129/><W29/><G107/><T126/><D126/><N who="2" m="48138" /><F59/><W106/><G106/><T88/><D24/><U34/><E34/><V75/><F75/><W23/><G25/><T130/><D130/><U69/><E7/><V5/><F46/><W53/><G26/><T20/><D91/><U8/><E0/><V60/><F60/><W50/><G29/><N who="2" m="11369" /><F22/><W79/><G23/><T45/><D45/><U57/><E57/><V83/><F83/><W73/><G73/><T81/><D81/><U100/><E93/><V38/><F38/><W135/><G128/><T31/><D31/><U108/><E108/><V111/><F111/><W85/><G110/><T133/><D133/><U16/><E19/><AGARI ba="0,0" hai="2,6,11,15,19,20,36,39,49,55,56,84,88,92" machi="19" ten="40,12000,1" yaku="25,2,52,1,54,1" doraHai="47" who="0" fromWho="1" sc="139,120,273,-120,149,0,439,0" />
</Scene>
<Scene>
<INIT seed="4,1,0,3,0,79" ten="259,153,149,439" oya="0" hai0="76,64,112,54,50,114,108,61,70,83,32,89,28" hai1="42,23,107,92,8,49,59,11,16,95,41,67,14" hai2="44,65,0,34,6,55,109,45,46,103,125,105,85" hai3="18,19,80,25,91,69,93,7,104,132,56,124,101"/><T10/><D108/><U33/><E33/><V12/><F109/><W27/><G69/><T57/><D32/><U126/><E107/><V115/><F34/><W106/><G101/><T1/><D28/><U51/><E126/><V77/><F0/><W17/><G124/><T73/><REACH who="0" step="1"/><D89/><REACH who="0" ten="249,153,149,439" step="2"/><U119/><E119/><V88/><F125/><W31/><G91/><T130/><D130/><U68/><E42/><V96/><F115/><W20/><G31/><T100/><D100/><U15/><E41/><V53/><F77/><W63/><G132/><T129/><D129/><U78/><E78/><V30/><F30/><W131/><G131/><T81/><D81/><U5/><E23/><V82/><REACH who="2" step="1"/><F65/><REACH who="2" ten="249,153,139,439" step="2"/><W99/><G20/><T29/><D29/><U118/><E67/><V26/><F26/><W84/><G27/><T111/><D111/><U117/><E117/><V98/><F98/><W128/><G25/><T21/><D21/><U113/><E118/><V38/><F38/><W39/><G99/><T40/><D40/><U75/><E113/><V58/><F58/><W4/><G56/><T74/><D74/><U127/><E75/><V52/><F52/><W110/><G39/><T86/><D86/><U87/><E127/><V48/><F48/><W9/><G84/><T133/><D133/><U3/><E87/><V37/><F37/><W135/><G128/><T22/><D22/><N who="1" m="11551" /><E59/><V97/><F97/><W2/><G135/><T43/><D43/><U24/><E49/><V35/><F35/><W123/><G110/><T13/><D13/><U72/><E51/><V134/><F134/><RYUUKYOKU ba="1,2" sc="249,15,153,-15,139,15,439,-15" hai0="1,10,50,54,57,61,64,70,73,76,83,112,114" hai2="6,12,44,45,46,53,55,82,85,88,96,103,105" />
</Scene>
<Scene>
<INIT seed="4,2,2,0,4,27" ten="264,138,154,424" oya="0" hai0="122,75,94,58,14,47,135,29,12,49,100,114,97" hai1="48,7,92,103,111,30,34,99,21,44,69,11,24" hai2="128,107,6,19,72,121,130,46,42,79,105,9,25" hai3="90,60,129,74,87,98,65,131,78,109,113,132,89"/><T28/><D122/><U108/><E69/><V102/><F121/><W57/><G113/><T50/><D75/><U67/><E67/><V81/><F19/><W116/><G116/><T95/><D114/><U62/><E62/><V43/><F25/><W5/><G109/><T104/><D135/><U118/><E34/><V26/><F26/><W59/><G5/><T45/><D58/><U1/><REACH who="1" step="1"/><E118/><REACH who="1" ten="264,128,154,424" step="2"/><V110/><F110/><W82/><G132/><T115/><D115/><U39/><E39/><V64/><F64/><W41/><G60/><T23/><D23/><U10/><E10/><V119/><F119/><W126/><G65/><T51/><D104/><U91/><E91/><V35/><F35/><W112/><G90/><T17/><D100/><U4/><E4/><V2/><F102/><W16/><G112/><T93/><D97/><U32/><E32/><V123/><F123/><W63/><G98/><T127/><D127/><U66/><E66/><V52/><F105/><W70/><G126/><T76/><D76/><U53/><AGARI ba="2,3" hai="1,7,11,21,24,30,44,48,53,92,99,103,108,111" machi="53" ten="20,5200,0" yaku="1,1,0,1,7,1,52,1,53,0" doraHai="27" doraHaiUra="80" who="1" fromWho="1" sc="264,-28,128,88,154,-15,424,-15" />
</Scene>
<Scene>
<INIT seed="5,0,0,4,1,120" ten="236,216,139,409" oya="1" hai0="113,69,42,128,5,88,28,27,50,9,32,125,92" hai1="11,53,86,36,74,131,61,71,18,68,123,25,76" hai2="100,67,39,97,116,40,26,4,82,109,117,15,59" hai3="119,55,81,16,130,66,30,84,58,52,13,35,132"/><U7/><E123/><V126/><F126/><W12/><G130/><T98/><D113/><U37/><E74/><V134/><F134/><W101/><G132/><T102/><D128/><U107/><E107/><V79/><F39/><W127/><G127/><T17/><D125/><U122/><E122/><V114/><F40/><W121/><G121/><T112/><D112/><U108/><E131/><V72/><F114/><W93/><G119/><T6/><D69/><U22/><E71/><V47/><F47/><W48/><G30/><T110/><D110/><U91/><E76/><V33/><F4/><W24/><G35/><T80/><D17/><U54/><E108/><V90/><F15/><W104/><G104/><T10/><D10/><U83/><E54/><V135/><F135/><W21/><G66/><T124/><D124/><U43/><E43/><V38/><F38/><W57/><G93/><T46/><D9/><U94/><E94/><V62/><F90/><N who="3" m="51471" /><G101/><T2/><D2/><U29/><E29/><V115/><F115/><W44/><G44/><T65/><D65/><U70/><E70/><V63/><F109/><W87/><G87/><T23/><D32/><U89/><E89/><V0/><F0/><W1/><G1/><T14/><D14/><N who="1" m="5503" /><E68/><N who="2" m="42103" /><F33/><W64/><G64/><T129/><D129/><U99/><E99/><V111/><F111/><W133/><G133/><T34/><D34/><U103/><E103/><V106/><F26/><W77/><G77/><T95/><D80/><U56/><E37/><V41/><F41/><W105/><G105/><T51/><D51/><AGARI ba="0,0" hai="12,13,16,21,24,48,51,52,55,57,58" m="51471" machi="51" ten="30,3900,0" yaku="8,1,54,2" doraHai="120" who="3" fromWho="0" sc="236,-39,216,0,139,0,409,39" />
</Scene>
<Scene>
<INIT seed="6,0,0,0,4,42" ten="197,216,139,448" oya="2" hai0="60,133,49,40,113,57,5,81,97,66,54,114,33" hai1="59,34,65,17,124,125,19,100,12,121,8,99,108" hai2="32,75,30,74,61,41,56,117,11,126,120,101,14" hai3="119,94,78,21,73,102,62,55,69,109,93,46,29"/><V110/><F117/><W16/><G119/><T91/><D33/><U43/><E108/><V116/><F116/><W63/><G69/><T48/><D5/><U135/><E34/><V123/><F110/><W80/><G109/><T72/><D133/><U27/><E135/><V45/><F126/><N who="1" m="48745" /><E43/><V96/><F30/><W20/><G102/><T129/><D129/><U77/><E77/><V0/><F0/><W37/><G63/><T64/><D97/><U71/><E71/><V89/><F32/><W98/><G98/><T122/><D122/><U36/><E36/><V103/><F89/><W70/><G29/><T38/><D91/><U15/><E27/><V83/><F103/><W84/><G73/><T128/><D81/><U111/><E121/><V86/><F120/><W85/><G70/><T127/><D72/><U76/><E76/><V18/><F123/><W50/><G37/><T105/><D105/><N who="1" m="63647" /><E111/><V22/><F22/><W68/><G21/><T25/><D25/><U3/><E3/><V44/><F75/><W107/><G107/><T131/><D127/><U35/><E35/><V88/><F74/><W10/><G10/><T4/><D38/><U79/><E79/><V31/><F31/><W92/><G68/><T132/><D40/><U106/><E106/><N who="2" m="63783" /><F41/><W82/><G62/><T51/><D132/><U130/><E130/><N who="0" m="49705" /><D4/><N who="1" m="3079" /><E15/><V9/><F9/><W115/><G78/><T6/><D6/><U26/><E26/><V118/><F118/><W95/><G84/><T24/><D24/><U13/><E13/><V39/><F39/><W52/><N who="3" m="23552" /><DORA hai="47" /><W87/><G87/><RYUUKYOKU ba="0,0" sc="197,10,216,10,139,10,448,-30" hai0="48,49,51,54,57,60,64,66,113,114" hai1="17,19,59,65" hai2="11,14,18,44,45,56,61,83,86,88" />
</Scene>
<Scene>
<INIT seed="6,1,0,4,2,59" ten="207,226,149,418" oya="2" hai0="60,76,36,112,42,119,82,72,4,54,105,120,123" hai1="56,134,9,41,65,70,63,22,89,2,49,87,124" hai2="64,57,55,95,11,58,103,84,85,99,10,125,26" hai3="48,51,25,128,92,83,131,71,50,115,100,7,23"/><V122/><F125/><W61/><G7/><T111/><D111/><U53/><E124/><V81/><F122/><W45/><G83/><T33/><D33/><U46/><E134/><V107/><F107/><W27/><G115/><T0/><D112/><U127/><E127/><V79/><F84/><W117/><G117/><T62/><D119/><U77/><E77/><V114/><F114/><W47/><G92/><T24/><D24/><U96/><E96/><V1/><F1/><W31/><G100/><T129/><D105/><U116/><E22/><V20/><F58/><W130/><G25/><T88/><D54/><U133/><E133/><V102/><F102/><W3/><G3/><T94/><D129/><U12/><E2/><V19/><REACH who="2" step="1"/><F64/><AGARI ba="1,0" hai="23,27,31,45,47,48,50,51,61,64,71,128,130,131" machi="64" ten="50,3200,0" yaku="19,1,52,1" doraHai="59" who="3" fromWho="2" sc="207,0,226,0,149,-35,418,35" />
</Scene>
<Scene>
<INIT seed="7,0,0,5,4,27" ten="207,226,114,453" oya="3" hai0="12,117,5,73,107,67,34,59,24,13,104,65,85" hai1="90,129,86,116,102,126,78,87,92,22,23,29,8" hai2="79,93,110,55,89,40,64,14,35,68,7,1,54" hai3="15,131,71,120,130,83,16,6,45,30,82,51,125"/><W101/><G71/><T10/><D73/><U70/><E70/><V99/><F110/><W121/><G6/><T135/><D117/><U61/><E129/><N who="3" m="49162" /><G101/><T134/><D107/><U112/><E112/><V75/><F1/><W21/><G125/><T72/><D72/><U123/><E123/><N who="3" m="47178" /><G30/><N who="0" m="19783" /><D104/><U96/><E126/><V26/><F40/><AGARI ba="0,0" hai="15,16,21,40,45,51,82,83" m="47178,49162" machi="40" ten="30,2900,0" yaku="19,1,54,1" doraHai="27" who="3" fromWho="2" sc="207,0,226,0,114,-29,453,29" owari="207,-19.0,226,3.0,85,-41.0,482,57.0" />
</Scene>
</mjloggm>