<mjloggm ver="2.3"><GO type="169" lobby="0"/><UN n0="%E9%81%8A%E8%B5%B0" n1="%E3%82%82%E3%82%81%E3%82%93%E3%81%AA%E3%81%A1%E3%82%83%E3%81%84" n2="%57%49%4E%E7%A5%9E" n3="%E5%A4%AA%E3%81%8F%E3%81%AA%E3%81%84%E3%81%8A" dan="17,17,17,18" rate="2180.61,2180.79,2116.66,2278.51" sx="M,M,M,M"/><TAIKYOKU oya="0"/>

<Scene>
<INIT seed="0,0,0,3,1,85" ten="250,250,250,250" oya="0" hai0="71,54,121,28,38,87,3,84,52,44,106,65,72" hai1="91,26,30,56,55,83,33,120,103,46,126,51,8" hai2="21,82,116,92,100,107,45,67,31,109,25,124,22" hai3="0,2,24,115,66,90,114,16,10,23,18,61,111"/><T74/><D121/><U131/><E120/><V75/><F109/><W37/><G37/><T63/><D3/><U68/><E68/><V73/><F124/><W29/><G111/><T20/><D106/><U19/><E126/><V11/><F116/><W5/><G0/><T40/><D87/><U43/><E131/><V76/><F67/><W130/><G130/><T34/><D34/><U9/><E103/><V15/><F107/><W4/><G4/><T119/><D119/><U133/><E133/><V113/><F113/><W78/><G78/><T86/><D86/><U132/><E132/><V41/><F75/><W134/><G134/><T1/><D1/><U97/><E83/><V118/><F118/><W104/><G104/><T112/><D84/><U7/><E19/><V53/><F53/><W12/><G90/><T117/><D117/><U27/><E27/><V6/><F92/><W98/><G98/><T135/><D112/><U94/><REACH who="1" step="1"/><E7/><REACH who="1" ten="250,240,250,250" step="2"/><V32/><F100/><W102/><G102/><T95/><D135/><U128/><E128/><V39/><AGARI ba="0,1" hai="6,11,15,21,22,25,31,32,39,41,45,73,76,82" machi="39" ten="20,1500,0" yaku="0,1,7,1" doraHai="85" who="2" fromWho="2" sc="250,-7,240,-4,250,25,250,-4" />
</Scene>
<Scene>
<INIT seed="1,0,0,0,4,105" ten="243,236,275,246" oya="1" hai0="35,41,122,133,65,76,45,40,113,108,107,96,50" hai1="124,26,75,98,63,120,117,4,77,2,132,46,100" hai2="15,127,88,91,90,109,102,79,101,47,81,126,25" hai3="74,82,57,28,72,83,134,19,114,20,86,71,130"/><U49/><E120/><V116/><F116/><W43/><G71/><T52/><D113/><U56/><E117/><V110/><F25/><W129/><G114/><T112/><D112/><U78/><E132/><V103/><F15/><N who="3" m="9343" /><G134/><T37/><D133/><U7/><E124/><N who="2" m="47659" /><F47/><W54/><G28/><T118/><D118/><U106/><E2/><V24/><F24/><W125/><G43/><T44/><D122/><U30/><E77/><V14/><F14/><W94/><G125/><T32/><D108/><U61/><E61/><V21/><F21/><W27/><G27/><T11/><D76/><U64/><E75/><AGARI ba="0,0" hai="75,79,81,88,90,91,101,102,103,109,110" m="47659" machi="75" ten="40,8000,1" yaku="18,1,34,2,52,1,54,1" doraHai="105" who="2" fromWho="1" sc="243,0,236,-80,275,80,246,0" />
</Scene>
<Scene>
<INIT seed="2,0,0,2,4,15" ten="243,156,355,246" oya="2" hai0="4,37,1,39,128,71,113,85,92,124,38,16,49" hai1="75,17,31,67,66,22,23,65,103,70,134,68,81" hai2="110,43,82,123,13,114,104,35,45,119,25,116,44" hai3="61,50,32,126,7,51,86,59,105,26,52,73,40"/><V109/><F123/><W135/><G73/><T54/><D113/><U121/><E134/><V89/><F114/><W6/><G105/><T120/><D120/><U53/><E121/><V96/><F13/><W97/><G135/><T34/><D34/><U21/><E103/><V90/><F104/><W130/><G126/><T55/><D71/><U95/><E95/><V131/><F131/><W122/><G122/><T117/><D128/><U77/><E53/><V29/><F45/><W33/><G130/><T88/><D124/><U93/><E93/><V14/><F14/><W42/><G97/><T58/><D117/><U80/><E80/><V19/><F19/><W63/><G86/><T94/><D55/><U9/><REACH who="1" step="1"/><E31/><REACH who="1" ten="243,146,355,246" step="2"/><V132/><F132/><W30/><G30/><T100/><D94/><U5/><E5/><V18/><F82/><W46/><G6/><T0/><D4/><U108/><E108/><V24/><F110/><W41/><G7/><T76/><D100/><U56/><E56/><V27/><F109/><W101/><G101/><T69/><D69/><U2/><E2/><V133/><F29/><W84/><G59/><T112/><D112/><U47/><E47/><V98/><F44/><W36/><G46/><T127/><D127/><U107/><E107/><V3/><F133/><W118/><G52/><T62/><D49/><U83/><E83/><V8/><F119/><W64/><G118/><T102/><D102/><U111/><E111/><V78/><F116/><W74/><G50/><T87/><D16/><U20/><N who="1" m="5120" /><DORA hai="60" /><U115/><E115/><V72/><F18/><RYUUKYOKU ba="0,1" sc="243,15,146,15,355,-15,246,-15" hai0="0,1,37,38,39,54,58,62,76,85,87,88,92" hai1="9,17,65,66,67,68,70,75,77,81" />
</Scene>
<Scene>
<INIT seed="3,1,1,4,4,42" ten="258,161,340,231" oya="3" hai0="28,135,8,134,130,104,111,67,12,115,90,109,57" hai1="60,75,16,128,124,26,53,36,41,38,133,117,3" hai2="27,33,66,52,31,6,88,15,116,68,127,83,0" hai3="23,65,92,122,44,62,1,13,20,89,84,108,114"/><W113/><G1/><T24/><D104/><U73/><E3/><V103/><F116/><W118/><G118/><T63/><D90/><U25/><E117/><V94/><F127/><W39/><G122/><T76/><D76/><U7/><E7/><V56/><F0/><W105/><G105/><T30/><D130/><U126/><E128/><V101/><F83/><W106/><G106/><T64/><D64/><U79/><E133/><N who="0" m="50697" /><D115/><U5/><E5/><V49/><F6/><W129/><G129/><T50/><D50/><U37/><E41/><V40/><F15/><W78/><G78/><T58/><D57/><N who="1" m="34863" /><E79/><V93/><F40/><W70/><G39/><T121/><D121/><U110/><E110/><N who="0" m="41993" /><D24/><U29/><E25/><V14/><F27/><W17/><G108/><T102/><D102/><U86/><E86/><V43/><F103/><W81/><G114/><T10/><D12/><U2/><E2/><V54/><F14/><W47/><G113/><T77/><D77/><U107/><E107/><V95/><F101/><W35/><G81/><T11/><AGARI ba="1,1" hai="8,10,11,28,30,58,63,67" m="41993,50697" machi="11" ten="40,2700,0" yaku="20,1,14,1" doraHai="42" who="0" fromWho="0" sc="258,40,161,-8,340,-8,231,-14" />
</Scene>
<Scene>
<INIT seed="4,0,0,0,2,68" ten="298,153,332,217" oya="0" hai0="1,123,65,8,119,80,67,127,72,129,76,16,0" hai1="134,91,43,63,7,12,59,78,70,104,37,51,93" hai2="52,9,114,96,5,102,47,46,13,82,55,115,31" hai3="30,94,100,132,44,116,120,118,41,110,133,49,90"/><T74/><D123/><U21/><E104/><V33/><F82/><W3/><G110/><T79/><D119/><U35/><E35/><V45/><F31/><W2/><G100/><T87/><D127/><U62/><E134/><N who="3" m="51818" /><G30/><T39/><D129/><U105/><E105/><N who="2" m="63687" /><F33/><W98/><G120/><T130/><D130/><U50/><E78/><V23/><F23/><W42/><G42/><T11/><D87/><U113/><E113/><AGARI ba="0,0" hai="5,9,13,45,46,47,52,55,113,114,115" m="63687" machi="113" ten="30,2000,0" yaku="15,1,54,1" doraHai="68" who="2" fromWho="1" sc="298,0,153,-20,332,20,217,0" />
</Scene>
<Scene>
<INIT seed="5,0,0,0,5,9" ten="298,133,352,217" oya="1" hai0="61,112,71,7,13,64,44,32,99,22,89,43,25" hai1="5,109,111,108,34,129,102,47,54,123,114,79,69" hai2="92,4,127,52,18,87,113,28,63,48,133,51,126" hai3="35,130,42,84,21,33,20,134,41,97,91,59,77"/><U132/><E123/><V19/><F133/><W40/><G134/><T62/><D112/><U116/><E132/><V1/><F113/><W31/><G130/><T94/><D32/><U103/><E114/><V100/><F28/><W82/><G33/><T110/><D110/><U56/><E129/><V135/><F135/><W101/><G35/><T29/><D62/><U24/><E116/><V60/><F1/><W53/><G77/><T72/><D72/><U58/><E69/><V88/><F4/><W105/><REACH who="3" step="1"/><G31/><REACH who="3" ten="298,133,352,207" step="2"/><T121/><D121/><U16/><E79/><V17/><F127/><W2/><G2/><T55/><D29/><U23/><E34/><V117/><F126/><W6/><G6/><T8/><D7/><U67/><E5/><V3/><F3/><W49/><AGARI ba="0,1" hai="20,21,40,41,42,49,53,59,82,84,91,97,101,105" machi="49" ten="30,2000,0" yaku="1,1,0,1,53,0" doraHai="9" doraHaiUra="104" who="3" fromWho="3" sc="298,-5,133,-10,352,-5,207,30" />
</Scene>
<Scene>
<INIT seed="6,0,0,2,1,40" ten="293,123,347,237" oya="2" hai0="23,84,8,16,58,131,86,39,127,55,5,120,4" hai1="28,14,29,0,99,47,87,95,115,129,54,61,38" hai2="96,130,114,2,48,121,32,124,12,77,81,76,30" hai3="98,1,22,90,9,15,52,110,7,26,31,53,21"/><V89/><F2/><W27/><G110/><T106/><D120/><U10/><E0/><V135/><F121/><W69/><G69/><T132/><D106/><U128/><E115/><V34/><F114/><W70/><G70/><T50/><D132/><U92/><E87/><N who="0" m="33321" /><D39/><U62/><E92/><V100/><F135/><W109/><G109/><T123/><D123/><U116/><E116/><V133/><F133/><W24/><G1/><T46/><D127/><U79/><E79/><V63/><F124/><W134/><G134/><T13/><D131/><U85/><E85/><V73/><F77/><W74/><G74/><T44/><D4/><U108/><E108/><V3/><F3/><W11/><G11/><T45/><D5/><U125/><E125/><V113/><F113/><W75/><G75/><T42/><D42/><U80/><E80/><V119/><F119/><W67/><G67/><T64/><D8/><U103/><E62/><AGARI ba="0,0" hai="13,16,23,44,45,46,50,55,58,62,64" m="33321" machi="62" ten="30,8000,1" yaku="8,1,52,3,54,1" doraHai="40" who="0" fromWho="1" sc="293,80,123,-80,347,0,237,0" />
</Scene>
<Scene>
<INIT seed="7,0,0,1,1,32" ten="373,43,347,237" oya="3" hai0="37,70,90,31,35,100,8,115,55,128,82,64,5" hai1="47,66,96,2,12,57,39,119,109,25,33,95,83" hai2="71,93,123,101,124,17,44,122,43,77,108,85,65" hai3="80,61,63,42,121,68,3,129,45,23,91,103,11"/><W92/><G121/><T75/><D37/><U114/><E109/><V110/><F17/><W62/><G129/><T53/><D128/><U27/><E33/><V74/><F124/><W22/><G68/><T135/><D100/><U133/><E133/><V56/><F71/><W117/><G117/><T6/><D135/><U60/><E114/><V0/><F0/><W72/><G103/><T7/><D115/><U13/><E119/><V20/><F20/><W130/><G130/><T126/><D126/><U88/><E83/><N who="2" m="45495" /><F56/><W104/><G104/><T120/><D120/><N who="2" m="46122" /><F65/><W34/><G34/><T4/><D31/><U48/><E39/><V86/><F44/><W10/><G80/><T78/><D35/><U81/><E81/><V94/><F43/><W131/><G72/><T30/><D30/><U52/><E2/><V105/><F105/><W113/><G113/><T14/><REACH who="0" step="1"/><D90/><REACH who="0" ten="363,43,347,237" step="2"/><U40/><E27/><V15/><F15/><W118/><G118/><T38/><D38/><U102/><E102/><V16/><F16/><W28/><G131/><T21/><D21/><N who="3" m="7689" /><G28/><T127/><D127/><U106/><E25/><V49/><F49/><N who="3" m="26807" /><G3/><T26/><D26/><U18/><E106/><V79/><F101/><W51/><G51/><T87/><D87/><AGARI ba="0,1" hai="10,11,61,62,63,87,91,92" m="26807,7689" machi="87" ten="30,1500,0" yaku="8,1" doraHai="32" who="3" fromWho="0" sc="363,-15,43,0,347,0,237,25" />
</Scene>
<Scene>
<INIT seed="7,1,0,1,0,17" ten="348,43,347,262" oya="3" hai0="1,62,64,101,128,60,19,127,96,131,54,114,48" hai1="133,110,44,117,27,58,105,42,24,46,115,95,36" hai2="7,119,23,103,43,113,63,49,12,122,71,72,38" hai3="78,88,55,53,22,124,112,65,79,73,57,18,16"/><W83/><G112/><T37/><D37/><U28/><E95/><V107/><F113/><W25/><G124/><T0/><D114/><U40/><E28/><V26/><F119/><W20/><G78/><T29/><D127/><U98/><E24/><V129/><F72/><W45/><G45/><N who="0" m="27919" /><D29/><U30/><E58/><V10/><F38/><W80/><G65/><T123/><D19/><U50/><E27/><V51/><F129/><N who="0" m="49738" /><D123/><U77/><E30/><V14/><F122/><W59/><G88/><T56/><D60/><U74/><E77/><V21/><F43/><W33/><G33/><T94/><AGARI ba="1,0" hai="0,1,56,62,64,94,96,101" m="49738,27919" machi="94" ten="30,1100,0" yaku="19,1" doraHai="17" who="0" fromWho="0" sc="348,14,43,-4,347,-4,262,-6" owari="362,46.0,39,-46.0,343,14.0,256,-14.0" />
</Scene>
</mjloggm>