<mjloggm ver="2.3"><GO type="169" lobby="0"/><UN n0="%E6%B0%B7%E6%9F%B1" n1="%E5%A4%AA%E3%81%8F%E3%81%AA%E3%81%84%E3%81%8A" n2="%E6%97%85%E4%BA%BA%E3%81%A1%E3%82%88%E3%81%99%E3%81%91" n3="%74%61%74%73%75%37%30%32" dan="17,18,17,17" rate="2189.57,2329.81,2178.06,2258.05" sx="M,M,M,M"/><TAIKYOKU oya="0"/>

<Scene>
<INIT seed="0,0,0,0,2,105" ten="250,250,250,250" oya="0" hai0="93,71,62,30,0,7,110,42,121,17,126,46,49" hai1="15,66,53,60,102,100,99,128,134,75,112,77,25" hai2="90,1,74,86,50,101,123,109,38,57,47,14,16" hai3="8,59,132,91,41,111,52,63,82,54,72,133,113"/><T10/><D121/><U106/><E128/><V89/><F1/><W67/><G113/><T115/><D115/><U51/><E112/><V131/><F74/><W43/><G8/><BYE who="3" /><T70/><D70/><BYE who="0" /><U19/><E134/><V129/><F109/><W76/><G76/><T73/><D73/><U114/><E114/><V81/><F123/><UN n3="%74%61%74%73%75%37%30%32" /><W6/><G6/><T120/><D120/><U48/><E100/><V117/><F38/><W122/><G122/><T3/><D3/><U118/><E118/><V116/><F57/><W44/><G91/><T37/><D37/><U107/><E25/><V11/><F90/><W20/><G20/><T33/><D33/><U69/><E106/><V34/><F34/><W65/><G82/><T85/><D85/><U87/><E87/><V9/><F9/><W95/><G95/><T64/><D64/><N who="3" m="24649" /><G111/><T26/><D26/><U45/><E77/><V12/><F12/><W125/><G125/><T130/><D130/><N who="2" m="49674" /><F101/><W5/><G5/><T79/><D79/><U24/><E75/><V18/><F18/><W13/><G13/><T68/><D68/><U88/><E24/><V108/><F108/><W22/><G22/><T104/><D104/><U40/><E88/><V55/><AGARI ba="0,0" hai="11,14,16,47,50,55,81,86,89,116,117" m="49674" machi="55" ten="30,4000,0" yaku="25,1,19,1,54,1" doraHai="105" who="2" fromWho="2" sc="250,-20,250,-10,250,40,250,-10" />
</Scene>
<Scene>
<INIT seed="1,0,0,1,2,61" ten="230,240,290,240" oya="1" hai0="22,25,108,6,33,86,79,11,74,113,42,93,5" hai1="21,92,67,56,109,35,20,51,120,1,76,99,112" hai2="107,63,105,16,82,38,126,3,29,119,96,28,95" hai3="81,70,88,59,58,13,87,121,37,34,2,64,111"/><U7/><E112/><V44/><F119/><W129/><G2/><T52/><D52/><N who="1" m="31775" /><E35/><V53/><F3/><W8/><G111/><T128/><D128/><U132/><E120/><V123/><F123/><W94/><G34/><UN n0="%E6%B0%B7%E6%9F%B1" /><T49/><D113/><U19/><E1/><V124/><F82/><W17/><G37/><T73/><D108/><U134/><E7/><V55/><F55/><W69/><G129/><T89/><D33/><U75/><E109/><V32/><F32/><W66/><G121/><T103/><D103/><N who="1" m="60903" /><E76/><V110/><F110/><W122/><G122/><T46/><D6/><U77/><E77/><V101/><F105/><W91/><G70/><T4/><D4/><U57/><E75/><V23/><F107/><W9/><G9/><T47/><D79/><U12/><E134/><V100/><F100/><W102/><G102/><T135/><D135/><U24/><E132/><V125/><F38/><W54/><G69/><T72/><D5/><U27/><E21/><V97/><F97/><N who="3" m="57567" /><G59/><T71/><D11/><U40/><E40/><V0/><F0/><W31/><G31/><T41/><D71/><U106/><E106/><V10/><F10/><W80/><G81/><T98/><D98/><U118/><E118/><V85/><F85/><W26/><G26/><N who="1" m="9770" /><E57/><N who="2" m="35247" /><F44/><W45/><G45/><T115/><D115/><U84/><E84/><V127/><F127/><W90/><G90/><T116/><D116/><U65/><AGARI ba="0,0" hai="12,19,20,65,67" m="9770,60903,31775" machi="65" ten="30,11700,0" yaku="8,1,52,2,54,1" doraHai="61" who="1" fromWho="1" sc="230,-39,240,117,290,-39,240,-39" />
</Scene>
<Scene>
<INIT seed="1,1,0,5,4,110" ten="191,357,251,201" oya="1" hai0="71,55,73,17,15,89,37,82,6,81,117,109,39" hai1="24,29,16,58,3,31,116,11,119,30,115,118,70" hai2="123,20,99,100,48,13,56,52,14,134,23,26,97" hai3="8,43,18,132,9,47,98,124,128,42,78,93,12"/><U88/><E70/><V59/><F123/><W121/><G121/><T101/><D117/><U103/><E103/><V75/><F75/><W80/><G124/><T129/><D109/><U77/><E77/><V133/><F59/><W79/><G128/><T95/><D71/><U49/><E49/><V41/><F41/><W65/><G132/><N who="2" m="50793" /><F23/><W131/><G131/><T36/><D73/><U51/><E51/><V61/><F61/><W19/><G65/><T1/><D129/><U87/><E58/><V90/><F90/><W57/><G57/><T60/><D101/><U22/><E115/><V126/><F126/><W10/><G19/><T91/><D60/><U64/><E64/><V69/><F69/><W108/><G108/><T40/><D40/><U76/><E76/><V53/><F53/><W111/><G43/><T38/><D55/><U107/><E107/><N who="2" m="63887" /><F99/><W112/><G79/><T35/><D35/><U106/><E106/><V83/><F83/><W135/><G111/><T86/><N who="0" m="9216" /><DORA hai="28" /><T45/><D45/><U74/><E74/><V120/><F120/><W66/><G47/><T46/><D46/><U25/><E25/><V68/><F68/><W105/><G105/><T27/><D27/><U33/><E33/><V127/><F127/><W104/><G104/><T92/><D82/><U130/><E130/><V102/><F102/><N who="3" m="60751" /><G42/><T84/><D81/><N who="1" m="49263" /><E119/><V122/><F122/><W94/><G135/><T113/><D95/><U67/><E67/><V44/><F44/><W114/><G94/><T63/><D92/><U96/><E96/><V50/><F50/><W62/><G66/><RYUUKYOKU ba="1,0" sc="191,-15,357,15,251,15,201,-15" hai1="3,11,16,22,24,29,30,31,116,118" hai2="13,14,20,26,48,52,56" />
</Scene>
<Scene>
<INIT seed="1,2,0,5,1,64" ten="176,372,266,186" oya="1" hai0="38,6,93,34,92,12,89,2,51,46,67,65,91" hai1="74,9,42,94,48,18,8,78,103,104,36,69,120" hai2="24,56,107,37,80,130,71,121,90,10,115,133,84" hai3="20,4,40,29,72,131,102,58,26,85,106,27,44"/><U63/><E36/><V47/><F121/><W126/><G72/><T13/><D38/><U16/><E104/><V7/><F71/><W79/><G126/><T114/><D34/><U39/><E39/><V87/><F107/><W53/><G131/><T19/><D2/><U75/><E120/><V122/><F122/><W28/><G4/><T113/><D19/><U86/><E42/><V124/><F133/><W0/><G0/><T105/><D105/><U23/><E48/><V108/><F108/><W43/><G44/><T125/><D125/><U82/><E103/><V59/><F124/><W45/><G45/><T62/><D62/><U110/><E110/><V1/><F115/><W127/><G127/><T97/><D6/><U116/><E116/><V17/><F130/><W22/><G102/><T129/><D129/><U50/><E50/><V112/><F112/><W31/><G29/><T3/><D3/><U99/><E74/><V76/><F47/><W68/><G68/><T117/><D117/><U25/><E75/><V77/><F77/><W73/><G73/><T123/><D123/><U111/><E111/><V88/><F76/><W32/><G32/><T98/><D46/><U30/><E18/><V21/><REACH who="2" step="1"/><F37/><REACH who="2" ten="176,372,256,186" step="2"/><W35/><G106/><T60/><D60/><U81/><E63/><V55/><F55/><W61/><G35/><T109/><D51/><U132/><E78/><V70/><F70/><W33/><G33/><T66/><D66/><U14/><E69/><V96/><F96/><W83/><AGARI ba="2,1" hai="20,22,26,27,28,31,40,43,53,58,61,79,83,85" machi="83" ten="30,4000,0" yaku="0,1,9,1,8,1" doraHai="64" who="3" fromWho="3" sc="176,-12,372,-22,256,-12,186,56" />
</Scene>
<Scene>
<INIT seed="2,0,0,3,2,68" ten="164,350,244,242" oya="2" hai0="125,70,45,16,84,44,119,115,21,36,56,114,9" hai1="22,86,18,79,8,103,123,101,30,47,71,74,6" hai2="35,87,43,66,104,132,107,37,24,67,129,62,108" hai3="52,105,41,118,135,128,81,73,83,133,40,111,112"/><V120/><F120/><W51/><G105/><T53/><D70/><U82/><E71/><V90/><F132/><N who="3" m="50763" /><G118/><T15/><D125/><U100/><E123/><V54/><F129/><W91/><G111/><T77/><D119/><U46/><E30/><V49/><F108/><W102/><G102/><T48/><D36/><U58/><E74/><V96/><F37/><W3/><G3/><T7/><D115/><U26/><REACH who="1" step="1"/><E58/><REACH who="1" ten="164,340,244,242" step="2"/><V23/><F35/><W42/><G128/><T121/><D121/><U78/><E78/><V27/><F104/><W130/><G130/><T93/><D114/><U57/><E57/><V28/><F107/><W34/><G112/><T20/><D77/><U12/><AGARI ba="0,1" hai="6,8,12,18,22,26,46,47,79,82,86,100,101,103" machi="12" ten="30,4000,0" yaku="1,1,0,1,8,1,53,0" doraHai="68" doraHaiUra="134" who="1" fromWho="1" sc="164,-10,340,50,244,-20,242,-10" />
</Scene>
<Scene>
<INIT seed="3,0,0,2,3,18" ten="154,390,224,232" oya="3" hai0="32,24,122,20,109,81,41,108,46,67,27,10,39" hai1="30,133,92,6,94,23,58,45,126,17,96,89,52" hai2="124,76,62,97,63,132,1,106,86,72,113,5,16" hai3="112,59,9,54,48,34,123,119,70,47,73,95,121"/><W90/><G112/><T82/><D122/><U65/><E133/><V83/><F113/><W84/><G119/><T101/><D67/><U43/><E126/><V129/><F124/><W93/><G73/><T118/><D118/><U115/><E115/><V29/><F129/><W107/><G107/><T53/><D53/><U128/><E128/><V105/><F29/><W61/><G34/><T69/><D69/><U131/><E131/><V117/><F117/><W91/><G70/><T28/><D10/><U56/><E6/><V49/><F5/><W103/><G103/><T15/><D15/><N who="1" m="9663" /><E30/><V13/><F1/><W4/><G9/><T38/><D101/><N who="1" m="60551" /><E43/><V116/><F116/><W99/><REACH who="3" step="1"/><G4/><REACH who="3" ten="154,390,224,222" step="2"/><T64/><D32/><U66/><E45/><V3/><F72/><W55/><AGARI ba="0,1" hai="47,48,54,55,59,61,84,90,91,93,95,99,121,123" machi="55" ten="20,7800,0" yaku="1,1,2,1,0,1,7,1,53,0" doraHai="18" doraHaiUra="12" who="3" fromWho="3" sc="154,-26,390,-26,224,-26,222,88" />
</Scene>
<Scene>
<INIT seed="3,1,0,0,0,105" ten="128,364,198,310" oya="3" hai0="100,85,68,65,26,31,124,102,23,84,35,71,62" hai1="66,19,72,128,13,110,15,1,111,91,29,7,41" hai2="129,53,112,74,33,28,36,63,17,116,49,67,2" hai3="82,76,118,132,64,134,96,42,114,119,125,80,12"/><W92/><G64/><T10/><D124/><U99/><E128/><V122/><F112/><W109/><G114/><T55/><D71/><U70/><E29/><V50/><F116/><N who="3" m="44587" /><G80/><T86/><D10/><N who="1" m="2415" /><E41/><V54/><F2/><W20/><G20/><T59/><REACH who="0" step="1"/><D35/><REACH who="0" ten="118,364,198,310" step="2"/><U4/><E70/><N who="2" m="42367" /><F33/><W5/><G125/><T88/><D88/><U57/><E91/><V94/><F129/><W40/><G109/><T78/><D78/><U21/><E110/><V93/><F122/><W104/><G5/><T89/><D89/><U9/><E111/><V3/><F3/><W97/><G12/><T107/><D107/><U135/><E15/><V38/><F94/><W126/><G126/><T48/><AGARI ba="1,1" hai="23,26,31,48,55,59,62,65,68,84,85,86,100,102" machi="48" ten="30,2000,0" yaku="1,1,0,1,53,0" doraHai="105" doraHaiUra="34" who="0" fromWho="0" sc="118,33,364,-6,198,-6,310,-11" />
</Scene>
<Scene>
<INIT seed="4,0,0,4,2,100" ten="151,358,192,299" oya="0" hai0="95,10,39,133,76,55,106,111,83,52,59,37,88" hai1="65,69,123,91,22,90,29,85,11,63,67,98,77" hai2="96,71,116,113,80,56,24,2,60,107,115,64,122" hai3="9,28,41,30,34,19,17,25,103,82,20,44,1"/><T3/><D106/><U40/><E123/><V74/><F122/><W92/><G82/><T84/><D133/><U49/><E65/><V73/><F2/><W42/><G42/><T99/><D111/><U12/><E29/><N who="3" m="11370" /><G103/><T53/><REACH who="0" step="1"/><D59/><REACH who="0" ten="141,358,192,299" step="2"/><U131/><E131/><V0/><F56/><W108/><G108/><T48/><D48/><U46/><E49/><V119/><F107/><W75/><G75/><T7/><AGARI ba="0,1" hai="3,7,10,37,39,52,53,55,76,83,84,88,95,99" machi="7" ten="30,12000,1" yaku="1,1,0,1,54,2,53,1" doraHai="100" doraHaiUra="4" who="0" fromWho="0" sc="141,130,358,-40,192,-40,299,-40" />
</Scene>
<Scene>
<INIT seed="4,1,0,1,1,13" ten="271,318,152,259" oya="0" hai0="63,53,111,35,101,41,106,23,99,76,28,46,1" hai1="134,120,47,30,38,107,49,32,14,7,130,42,90" hai2="79,19,122,114,78,16,0,123,61,86,65,80,98" hai3="44,97,8,126,27,29,52,9,3,26,66,22,129"/><T39/><D1/><U110/><E110/><V18/><F0/><W116/><G116/><T56/><D76/><U60/><E120/><V118/><F114/><W83/><G126/><T103/><D103/><U24/><E107/><V21/><F118/><W67/><G129/><T45/><D45/><U15/><E130/><V72/><F79/><W133/><G133/><T93/><D35/><U73/><E73/><V62/><F62/><W124/><G124/><T37/><D106/><U105/><E105/><V108/><F108/><W77/><G97/><T92/><D92/><U11/><E134/><V48/><F21/><W125/><G27/><T54/><D111/><U87/><E60/><V40/><F72/><W117/><G117/><T88/><D39/><U69/><E69/><V58/><REACH who="2" step="1"/><F98/><REACH who="2" ten="271,318,142,259" step="2"/><W113/><G113/><T50/><D37/><U20/><E38/><V95/><F95/><W94/><G94/><T132/><D132/><U104/><E104/><V36/><F36/><W89/><G77/><T4/><D101/><U17/><E87/><V51/><F51/><N who="3" m="28775" /><G3/><T6/><REACH who="0" step="1"/><D41/><REACH who="0" ten="261,318,142,259" step="2"/><U57/><E42/><V34/><F34/><W71/><G125/><T12/><D12/><U74/><E15/><V131/><F131/><W59/><G83/><T109/><D109/><U25/><E32/><V81/><F81/><W2/><G2/><T55/><D55/><U33/><E33/><V70/><F70/><W43/><G43/><T5/><D5/><U115/><E7/><V102/><F102/><W68/><G68/><T121/><D121/><U10/><E14/><V112/><F112/><RYUUKYOKU ba="1,2" sc="261,15,318,-15,142,15,259,-15" hai0="4,6,23,28,46,50,53,54,56,63,88,93,99" hai2="16,18,19,40,48,58,61,65,78,80,86,122,123" />
</Scene>
<Scene>
<INIT seed="4,2,2,2,3,16" ten="276,303,157,244" oya="0" hai0="68,36,8,70,88,1,51,98,100,5,66,58,14" hai1="31,17,29,35,0,90,71,32,128,56,133,130,24" hai2="12,123,15,94,97,44,83,101,34,113,102,120,62" hai3="109,115,80,45,78,41,33,42,25,64,84,131,7"/><T52/><D36/><U65/><E71/><V30/><F113/><W59/><G115/><T73/><D73/><U95/><E0/><V74/><F101/><W85/><G131/><N who="1" m="50218" /><E133/><V9/><F15/><W50/><G109/><T20/><D66/><U26/><E17/><V96/><F96/><W93/><G7/><T55/><D55/><U28/><E65/><V104/><F104/><W75/><G41/><T110/><D110/><U67/><E67/><V49/><F62/><N who="3" m="37983" /><G33/><N who="1" m="12874" /><E56/><V119/><F119/><W124/><G75/><T99/><D100/><U27/><E27/><V76/><F34/><W121/><G121/><T82/><D70/><U6/><E6/><V46/><F30/><W117/><G25/><T23/><D68/><U105/><E105/><V126/><F46/><W103/><G124/><T40/><D40/><U118/><E118/><V39/><F126/><W60/><G60/><T47/><D58/><U61/><E61/><V54/><REACH who="2" step="1"/><F39/><REACH who="2" ten="276,303,147,244" step="2"/><W127/><G127/><T53/><D1/><U132/><E132/><V125/><F125/><W122/><G122/><T38/><D38/><U92/><E24/><V22/><F22/><N who="0" m="8234" /><D53/><U91/><E26/><V10/><F10/><W37/><G37/><T13/><D13/><U106/><E106/><V135/><F135/><W89/><G117/><T116/><D116/><U21/><E21/><V108/><F108/><W79/><G103/><T114/><D114/><U2/><E2/><V107/><F107/><W43/><G42/><T11/><D11/><U72/><E29/><V129/><F129/><W112/><G112/><T3/><D3/><RYUUKYOKU ba="2,3" sc="276,10,303,-30,147,10,244,10" hai0="5,8,14,47,51,52,82,88,98,99" hai2="9,12,44,49,54,74,76,83,94,97,102,120,123" hai3="43,45,50,78,79,80,84,85,89,93" />
</Scene>
<Scene>
<INIT seed="4,3,3,4,2,134" ten="286,273,157,254" oya="0" hai0="83,72,4,47,123,118,77,66,31,132,127,105,119" hai1="50,51,36,80,15,121,120,7,14,103,20,45,107" hai2="122,63,126,17,12,135,86,49,87,75,34,38,48" hai3="71,128,44,111,27,13,55,60,85,28,95,62,133"/><T129/><D105/><U114/><E36/><V117/><F122/><W109/><G133/><T90/><D123/><U112/><E80/><V92/><F38/><W91/><G128/><T40/><D132/><U61/><E61/><V59/><F75/><W69/><G13/><N who="1" m="4618" /><E7/><V65/><F135/><W113/><G113/><N who="1" m="43626" /><E50/><V101/><F34/><N who="3" m="20767" /><G44/><T33/><D129/><U8/><E8/><V0/><F0/><W76/><G76/><T68/><D4/><U70/><E70/><N who="3" m="26634" /><G55/><T23/><D33/><U67/><E67/><V104/><F117/><W116/><G116/><T37/><D90/><U82/><E20/><V96/><F49/><W106/><G106/><T131/><D131/><U3/><E3/><V29/><F104/><W99/><G99/><T97/><D97/><N who="1" m="61935" /><E82/><V130/><F130/><W30/><G30/><T98/><D98/><U84/><E84/><V25/><F48/><W32/><G32/><T39/><D39/><U64/><E64/><V125/><F87/><W53/><G53/><AGARI ba="3,3" hai="45,51,53,120,121" m="61935,43626,4618" machi="53" ten="30,2000,0" yaku="15,1,11,1" doraHai="134" who="1" fromWho="3" sc="286,0,273,59,157,0,254,-29" />
</Scene>
<Scene>
<INIT seed="5,0,0,1,0,38" ten="286,332,157,225" oya="1" hai0="19,67,53,83,63,87,52,123,135,25,109,21,97" hai1="29,124,11,39,17,117,125,130,76,59,96,72,89" hai2="129,134,62,48,33,31,71,64,78,30,41,32,126" hai3="24,34,84,51,112,44,102,55,92,90,10,6,36"/><U66/><E117/><V94/><F129/><W57/><G112/><T27/><D109/><U45/><E130/><V73/><F134/><W86/><G102/><T28/><D135/><U2/><E29/><V61/><F126/><W8/><G8/><T40/><D97/><U133/><E133/><V50/><F73/><W12/><G34/><T13/><D27/><U16/><E66/><V20/><F78/><W131/><G24/><T68/><D40/><N who="1" m="22687" /><E59/><V14/><F94/><W115/><G115/><T60/><D60/><U5/><E89/><V4/><F62/><W56/><G131/><T99/><D99/><U3/><E3/><V65/><F64/><W79/><REACH who="3" step="1"/><G36/><REACH who="3" ten="286,332,157,215" step="2"/><T23/><REACH who="0" step="1"/><D123/><REACH who="0" ten="276,332,157,215" step="2"/><U105/><E125/><V114/><F114/><W113/><G113/><T127/><D127/><U95/><E124/><V9/><F33/><W47/><G47/><T70/><D70/><U93/><E105/><V75/><F32/><W54/><G54/><T46/><D46/><U58/><E58/><V132/><F132/><W118/><G118/><T0/><D0/><U103/><E2/><V81/><F71/><W122/><G122/><T22/><D22/><U101/><E103/><V69/><F20/><W108/><G108/><T49/><D49/><U35/><E35/><V42/><F50/><W111/><G111/><T18/><D18/><U74/><E16/><V120/><F120/><W82/><AGARI ba="0,2" hai="6,10,12,44,51,55,56,57,79,82,84,86,90,92" machi="82" ten="30,7900,0" yaku="1,1,0,1,8,1,53,1" doraHai="38" doraHaiUra="91" who="3" fromWho="3" sc="276,-20,332,-39,157,-20,215,99" />
</Scene>
<Scene>
<INIT seed="6,0,0,2,1,9" ten="256,293,137,314" oya="2" hai0="84,85,58,94,97,21,12,30,103,52,135,87,78" hai1="70,124,100,8,14,116,99,20,47,80,39,108,125" hai2="34,132,69,107,74,130,127,131,96,61,59,112,17" hai3="55,35,89,90,7,57,41,111,133,3,11,122,27"/><V88/><F74/><W77/><G122/><T109/><D109/><U6/><E108/><V115/><F69/><W81/><G111/><T15/><D135/><U121/><E116/><V38/><F34/><W117/><G133/><T68/><D68/><U48/><E39/><V40/><F132/><W36/><G117/><T23/><D78/><U50/><E70/><V31/><F31/><W119/><G27/><N who="0" m="16751" /><D23/><U123/><E80/><V4/><F127/><N who="1" m="48713" /><E20/><V2/><F4/><W86/><G35/><T62/><AGARI ba="0,0" hai="12,15,52,58,62,84,85,87,94,97,103" m="16751" machi="62" ten="30,7900,0" yaku="8,1,52,2,54,1" doraHai="9" who="0" fromWho="0" sc="256,79,293,-20,137,-39,314,-20" />
</Scene>
<Scene>
<INIT seed="7,0,0,4,5,64" ten="335,273,98,294" oya="3" hai0="126,34,98,85,1,36,83,15,133,108,59,80,134" hai1="18,112,12,24,109,77,96,107,123,121,70,120,7" hai2="111,37,11,2,101,61,114,56,81,26,125,100,68" hai3="86,127,69,20,4,17,89,91,66,60,72,103,131"/><W130/><G72/><T38/><D108/><U129/><E109/><V44/><F111/><W116/><G116/><T93/><D1/><U88/><E77/><V106/><F114/><W135/><G127/><T57/><D34/><U50/><E112/><V63/><F125/><W78/><G135/><N who="0" m="51723" /><D126/><U82/><E129/><N who="3" m="49162" /><G4/><T32/><D15/><U27/><E7/><V84/><F2/><W128/><N who="3" m="49170" /><W58/><DORA hai="10" /><G103/><N who="0" m="60879" /><D32/><U33/><E70/><V29/><F11/><W95/><G91/><N who="0" m="51623" /><D83/><U90/><E33/><V92/><F106/><W87/><G78/><T25/><D25/><U113/><E113/><V42/><F92/><W6/><G6/><T16/><D16/><U39/><E27/><V124/><F124/><W23/><G87/><T53/><D59/><U62/><E90/><V49/><F84/><W43/><G58/><T76/><D76/><U9/><E82/><V79/><F81/><W45/><G17/><T118/><D118/><U22/><E107/><V55/><F79/><W14/><G14/><T46/><D46/><U21/><E24/><V74/><F74/><W3/><G3/><T30/><D30/><U54/><E39/><AGARI ba="0,0" hai="20,23,39,43,45,60,66,69,86,89,95" m="49170" machi="39" ten="40,3900,0" yaku="19,1,52,1" doraHai="64,10" who="3" fromWho="1" sc="335,0,273,-39,98,0,294,39" />
</Scene>
<Scene>
<INIT seed="7,1,0,5,3,95" ten="335,234,98,333" oya="3" hai0="101,2,10,73,19,47,91,82,45,76,64,22,63" hai1="69,48,114,16,107,26,111,104,118,92,78,116,50" hai2="86,65,85,134,89,68,20,124,81,15,75,72,117" hai3="121,24,7,46,62,28,42,108,71,119,25,106,57"/><W128/><G119/><T32/><D32/><U135/><E111/><V127/><F65/><W31/><G121/><T56/><D101/><U112/><E69/><V88/><F68/><W41/><G108/><T123/><D123/><U34/><E78/><V99/><F15/><W133/><G106/><T115/><D115/><N who="1" m="44075" /><E34/><V83/><F20/><W120/><G71/><T9/><D91/><U54/><E135/><V87/><F117/><N who="1" m="45161" /><E50/><V100/><F86/><W113/><G128/><T61/><D61/><U29/><E29/><N who="3" m="11338" /><G120/><T74/><D74/><U35/><E35/><V97/><REACH who="2" step="1"/><F100/><REACH who="2" ten="335,234,88,333" step="2"/><W77/><G113/><T70/><D70/><U80/><E26/><N who="3" m="10346" /><G133/><AGARI ba="1,1" hai="72,75,81,83,85,87,88,89,97,99,124,127,133,134" machi="133" ten="25,16000,3" yaku="1,1,22,2,34,3,52,2,54,1,53,0" doraHai="95" doraHaiUra="33" who="2" fromWho="3" sc="335,0,234,0,88,173,333,-163" owari="335,44.0,234,-17.0,261,6.0,170,-33.0" />
</Scene>
</mjloggm>