<mjloggm ver="2.3"><GO type="169" lobby="0"/><UN n0="%E5%A4%AA%E3%81%8F%E3%81%AA%E3%81%84%E3%81%8A" n1="%E3%82%AE%E3%82%AC%E3%83%9E%E3%82%A4%E3%83%B3" n2="%E3%81%AD%E3%81%98%E3%81%97%E3%81%8D" n3="%79%61%6C%70%68%61" dan="18,17,16,17" rate="2258.81,2145.94,2122.42,2133.83" sx="F,M,M,M"/><TAIKYOKU oya="0"/>

<Scene>
<INIT seed="0,0,0,5,0,131" ten="250,250,250,250" oya="0" hai0="33,115,70,53,112,135,104,62,82,91,58,123,97" hai1="51,114,10,126,59,60,50,92,43,3,35,74,83" hai2="100,71,109,39,133,64,94,105,120,22,107,132,108" hai3="1,18,128,37,88,134,7,118,75,87,11,79,127"/><T46/><D33/><U0/><E126/><V28/><F39/><W6/><G118/><T8/><D123/><U130/><E130/><V73/><F73/><W13/><G128/><T89/><D70/><U63/><E114/><V119/><F119/><W24/><G37/><T102/><D8/><U52/><E35/><V17/><F28/><W68/><G68/><T124/><D124/><U111/><E111/><N who="2" m="42571" /><F120/><W19/><G79/><T113/><D46/><U69/><E92/><V29/><F29/><W57/><G75/><T90/><REACH who="0" step="1"/><D82/><REACH who="0" ten="240,250,250,250" step="2"/><U47/><E69/><V12/><F71/><W66/><G127/><T86/><D86/><U2/><E10/><V67/><F107/><W106/><G106/><T49/><D49/><U110/><E110/><V122/><F105/><W121/><G121/><T55/><D55/><U30/><E74/><V15/><F122/><W76/><G11/><T27/><D27/><U125/><E83/><V103/><F94/><W96/><G24/><T98/><D98/><U26/><E125/><V44/><F44/><W34/><G96/><T117/><D117/><U72/><E72/><V81/><F81/><W56/><G87/><T14/><D14/><U116/><E116/><V101/><F12/><W9/><G13/><T31/><D31/><U78/><E26/><V4/><F4/><W45/><G34/><T20/><D20/><U42/><E30/><V61/><F61/><W41/><G7/><T23/><D23/><U38/><E38/><V99/><F99/><W36/><G6/><T84/><D84/><U40/><E60/><V85/><F85/><RYUUKYOKU ba="0,1" sc="240,15,250,-15,250,15,250,-15" hai0="53,58,62,89,90,91,97,102,104,112,113,115,135" hai2="15,17,22,64,67,100,101,103,132,133" />
</Scene>
<Scene>
<INIT seed="0,1,1,3,0,45" ten="255,235,265,235" oya="0" hai0="122,59,86,126,101,99,66,72,20,16,93,52,14" hai1="111,105,120,42,127,70,65,115,78,47,23,17,106" hai2="25,119,81,9,57,95,133,75,85,118,24,62,103" hai3="7,97,64,15,50,104,4,79,40,130,43,68,128"/><T63/><D126/><U83/><E120/><V125/><F133/><W131/><G79/><T53/><D72/><U56/><E111/><V31/><F125/><W30/><G30/><T54/><D122/><U121/><E127/><V3/><F3/><W26/><G26/><T132/><D132/><U94/><E70/><V38/><F38/><W135/><G135/><T5/><D5/><U113/><E121/><V10/><F75/><W74/><G74/><T117/><D117/><U88/><E56/><V61/><F95/><W67/><G104/><T76/><D76/><U84/><E65/><N who="3" m="25162" /><G97/><T91/><REACH who="0" step="1"/><D66/><REACH who="0" ten="245,235,265,235" step="2"/><U12/><E115/><V27/><F119/><W2/><G7/><T134/><D134/><U39/><REACH who="1" step="1"/><E113/><REACH who="1" ten="245,225,265,235" step="2"/><V77/><F118/><W116/><G116/><T11/><D11/><U108/><E108/><V112/><F112/><W110/><G110/><T44/><D44/><U35/><E35/><V109/><F109/><W69/><G69/><T6/><D6/><U33/><E33/><V28/><F9/><N who="3" m="4519" /><G68/><T73/><D73/><AGARI ba="1,3" hai="12,17,23,39,42,47,73,78,83,84,88,94,105,106" machi="73" ten="30,8000,1" yaku="1,1,7,1,54,1,53,2" doraHai="45" doraHaiUra="100" who="1" fromWho="0" sc="245,-83,225,113,265,0,235,0" />
</Scene>
<Scene>
<INIT seed="1,0,0,3,2,61" ten="162,338,265,235" oya="1" hai0="79,25,67,127,12,80,31,11,108,57,134,8,111" hai1="94,54,122,129,90,60,34,128,32,37,76,71,0" hai2="49,52,62,84,98,14,120,133,44,36,10,26,65" hai3="64,15,41,110,56,7,17,96,75,19,30,27,45"/><U82/><E122/><V88/><F133/><W20/><G110/><N who="0" m="42027" /><D134/><U6/><E37/><V16/><F120/><W28/><G75/><N who="0" m="43135" /><D127/><U72/><E54/><V118/><F118/><W55/><G7/><N who="0" m="3103" /><D11/><N who="1" m="2503" /><E94/><V123/><F123/><W124/><G124/><T105/><D105/><U130/><E90/><V78/><F78/><W106/><G106/><T74/><D74/><U39/><E39/><V4/><F36/><W63/><G96/><T40/><D40/><U117/><E117/><V42/><F98/><W92/><G92/><T18/><D18/><U114/><E114/><V13/><F42/><W126/><G126/><T59/><D67/><AGARI ba="0,0" hai="32,34,60,67,71,72,76,82,128,129,130" m="2503" machi="67" ten="30,5800,0" yaku="19,1,23,1,52,1" doraHai="61" who="1" fromWho="0" sc="162,-58,338,58,265,0,235,0" />
</Scene>
<Scene>
<INIT seed="1,1,0,1,0,9" ten="104,396,265,235" oya="1" hai0="11,122,103,25,111,81,76,102,108,71,18,46,36" hai1="59,112,70,124,15,64,24,8,57,30,85,29,28" hai2="96,6,53,20,41,104,49,128,117,89,50,48,14" hai3="66,51,77,4,63,132,32,22,1,121,94,92,34"/><U83/><E112/><V31/><F117/><W114/><G121/><T82/><D71/><U65/><E124/><V98/><F128/><W16/><G114/><T100/><D122/><U105/><E105/><V101/><F41/><W78/><G132/><T97/><D97/><U10/><E24/><V120/><F120/><W88/><G1/><T7/><D18/><U12/><E70/><V123/><F123/><W135/><G4/><T5/><D25/><U60/><E59/><V84/><F31/><W44/><G32/><T68/><D68/><U131/><E65/><V113/><F113/><W39/><G34/><T134/><D134/><U86/><E131/><V115/><F115/><W110/><G39/><T42/><D5/><N who="1" m="3087" /><E83/><V17/><F6/><AGARI ba="1,0" hai="6,10,15,28,29,30,57,60,64,85,86" m="3087" machi="6" ten="30,5800,0" yaku="8,1,52,2" doraHai="9" who="1" fromWho="2" sc="104,0,396,61,265,-61,235,0" />
</Scene>
<Scene>
<INIT seed="1,2,0,3,3,125" ten="104,457,204,235" oya="1" hai0="117,51,15,65,106,95,103,43,69,70,1,99,121" hai1="35,28,45,52,3,25,130,2,56,10,113,122,37" hai2="83,11,33,16,82,126,22,102,73,27,23,129,36" hai3="58,108,89,86,110,97,20,100,21,72,59,53,84"/><U93/><E122/><V67/><F126/><W61/><G72/><T42/><D1/><U0/><E113/><V38/><F102/><W76/><G76/><T109/><D117/><U7/><E130/><V63/><F33/><W79/><G79/><T54/><D121/><U116/><E116/><V64/><F64/><W8/><G8/><T31/><D109/><N who="3" m="42089" /><G59/><T104/><D31/><U40/><REACH who="1" step="1"/><E93/><REACH who="1" ten="104,447,204,235" step="2"/><V128/><F128/><W98/><G98/><T18/><D95/><U13/><E13/><V75/><F129/><W12/><G12/><T49/><D15/><U48/><AGARI ba="2,1" hai="0,2,3,7,10,25,28,35,37,40,45,48,52,56" machi="48" ten="20,7800,0" yaku="1,1,0,1,7,1,54,1,53,0" doraHai="125" doraHaiUra="91" who="1" fromWho="1" sc="104,-28,447,94,204,-28,235,-28" />
</Scene>
<Scene>
<INIT seed="1,3,0,3,1,42" ten="76,541,176,207" oya="1" hai0="102,55,123,78,89,111,127,135,26,4,79,39,61" hai1="94,7,52,37,19,35,132,105,134,95,51,133,11" hai2="87,36,118,1,103,48,66,43,88,80,115,15,67" hai3="65,0,69,101,125,131,107,114,9,31,82,75,106"/><U41/><E105/><V59/><F1/><W122/><G114/><T2/><D39/><U81/><E35/><V74/><F115/><W25/><G122/><T27/><D123/><U57/><E19/><V62/><F118/><W3/><G125/><T24/><D127/><U116/><E116/><V13/><F36/><W100/><G131/><T91/><D111/><U10/><E81/><V60/><F74/><W22/><G101/><T92/><D135/><U77/><E77/><N who="0" m="29193" /><D2/><N who="1" m="375" /><E11/><V112/><F112/><W109/><G82/><T99/><D4/><U17/><E17/><V50/><F103/><W28/><G75/><T104/><D104/><U71/><E71/><V30/><F30/><W16/><G109/><T5/><D5/><U58/><E58/><AGARI ba="3,0" hai="24,26,27,55,58,61,89,91,92,99,102" m="29193" machi="58" ten="30,1000,0" yaku="8,1" doraHai="42" who="0" fromWho="1" sc="76,19,541,-19,176,0,207,0" />
</Scene>
<Scene>
<INIT seed="2,0,0,4,3,13" ten="95,522,176,207" oya="2" hai0="33,64,94,130,110,22,39,44,126,12,99,28,89" hai1="106,27,5,105,86,32,63,24,37,57,95,25,61" hai2="100,115,77,124,121,58,98,134,51,81,80,112,26" hai3="19,117,17,135,56,31,74,16,71,4,101,62,10"/><V48/><F121/><W91/><G74/><T66/><D33/><U54/><E37/><V35/><F134/><W128/><G71/><T132/><D132/><U3/><E32/><V30/><F124/><W116/><G135/><T97/><D126/><U96/><E86/><V88/><F81/><W11/><G101/><T73/><D73/><U55/><E5/><V43/><F51/><W90/><G128/><T82/><D130/><U7/><E7/><V103/><F103/><W119/><G31/><T109/><D82/><U41/><E3/><V49/><F49/><W107/><G107/><T76/><D76/><U52/><E41/><V122/><F122/><W8/><G4/><T29/><D97/><U75/><E75/><V108/><F108/><N who="0" m="41578" /><D12/><U111/><E111/><V42/><F77/><W15/><G15/><T131/><D131/><U60/><E57/><V93/><F80/><W1/><G1/><T102/><D102/><AGARI ba="0,0" hai="24,25,27,52,54,55,60,61,63,95,96,102,105,106" machi="102" ten="50,6400,0" yaku="29,2,54,1" doraHai="13" who="1" fromWho="0" sc="95,-64,522,64,176,0,207,0" />
</Scene>
<Scene>
<INIT seed="3,0,0,3,1,129" ten="31,586,176,207" oya="3" hai0="90,104,122,92,14,118,7,28,85,87,65,71,82" hai1="113,21,68,73,80,32,66,29,20,70,39,72,91" hai2="3,117,18,6,103,40,47,123,63,13,33,37,98" hai3="4,56,24,16,84,31,48,54,51,105,133,35,36"/><W83/><G36/><T114/><D118/><U10/><E113/><V23/><F117/><W102/><G4/><T34/><D122/><U120/><E120/><V2/><F123/><W131/><G131/><T100/><D114/><U42/><E32/><V108/><F108/><W27/><G133/><T134/><D7/><U112/><E112/><V127/><F127/><W121/><G121/><T17/><D104/><U60/><E70/><V38/><F38/><W74/><G74/><T15/><D34/><U61/><E61/><V0/><F33/><W9/><G105/><T57/><D71/><U97/><E10/><V130/><F63/><W79/><G102/><T124/><D124/><U26/><E21/><V41/><F41/><W8/><REACH who="3" step="1"/><G51/><REACH who="3" ten="31,586,176,197" step="2"/><T75/><D75/><U19/><E39/><V86/><F130/><W94/><G94/><T45/><D134/><U107/><E73/><V76/><F6/><W88/><G88/><N who="0" m="51255" /><D100/><U116/><E107/><V119/><F119/><W101/><G101/><T111/><D111/><U67/><E72/><V77/><F0/><W95/><G95/><T11/><D92/><U50/><E116/><V135/><F135/><W59/><G59/><T115/><D115/><U125/><E68/><V52/><F2/><W44/><G44/><T132/><D132/><U64/><E125/><V43/><F3/><W109/><G109/><T89/><D45/><U93/><E91/><V96/><F103/><W58/><G58/><T69/><D69/><U81/><E93/><V62/><F37/><W110/><G110/><T53/><D89/><U5/><E5/><RYUUKYOKU ba="0,1" sc="31,-10,586,-10,176,-10,197,30" hai3="8,9,16,24,27,31,35,48,54,56,79,83,84" />
</Scene>
<Scene>
<INIT seed="3,1,1,0,3,121" ten="21,576,166,227" oya="3" hai0="66,93,79,51,125,26,57,1,103,29,0,38,65" hai1="18,16,128,108,132,42,111,87,54,33,9,85,46" hai2="58,22,117,95,135,74,134,10,37,80,70,77,92" hai3="39,4,72,109,28,13,11,35,40,76,41,91,116"/><W106/><G116/><T31/><D38/><U71/><E33/><V27/><F70/><W112/><G112/><T55/><D125/><U90/><E71/><V12/><F37/><W36/><G106/><T32/><D79/><U105/><E105/><V2/><F2/><W129/><G129/><T82/><D82/><U30/><E128/><V52/><F117/><W101/><G101/><T78/><D78/><U48/><E30/><N who="2" m="17783" /><F12/><W81/><G91/><T45/><D31/><U130/><E130/><V67/><F67/><W53/><G39/><T15/><D15/><U63/><E132/><N who="2" m="50731" /><F10/><W104/><G104/><T119/><D119/><U50/><E63/><AGARI ba="1,1" hai="52,58,63,74,77,80,92,95" m="50731,17783" machi="63" ten="30,2000,0" yaku="20,1,54,1" doraHai="121" who="2" fromWho="1" sc="21,0,576,-23,166,33,227,0" />
</Scene>
<Scene>
<INIT seed="4,0,0,0,0,49" ten="21,553,199,227" oya="0" hai0="76,135,32,31,63,108,81,96,47,113,43,87,93" hai1="7,70,24,106,107,69,91,71,50,60,86,74,27" hai2="33,120,56,62,131,42,54,84,66,37,39,45,104" hai3="9,80,15,122,58,34,119,83,116,21,1,52,38"/><T40/><D113/><U14/><E74/><V123/><F104/><W12/><G34/><T22/><D32/><U134/><E134/><V72/><F72/><W101/><G38/><N who="2" m="14345" /><F33/><W109/><G1/><T114/><D114/><U67/><E50/><N who="2" m="26935" /><F84/><W79/><G109/><T46/><D135/><U36/><E36/><V5/><F5/><W57/><G57/><T112/><D112/><U68/><E69/><N who="2" m="42199" /><F131/><W30/><G101/><N who="0" m="60559" /><D108/><U130/><E86/><V3/><F3/><W78/><G122/><T115/><D115/><U17/><E91/><V121/><F121/><W90/><G90/><T65/><D31/><U23/><E7/><V127/><F127/><W19/><G83/><T95/><D22/><U85/><E23/><V59/><F59/><W26/><G15/><T111/><D111/><U18/><E106/><V8/><F8/><W13/><G12/><T126/><D126/><U44/><E107/><V28/><F28/><W132/><G79/><T73/><D73/><U6/><E130/><V105/><F105/><W10/><G10/><T100/><D100/><U55/><E71/><V11/><F11/><W98/><G98/><T89/><D40/><U88/><E70/><V29/><F29/><W103/><G103/><T129/><D43/><U133/><E68/><V16/><F16/><W110/><G110/><T125/><D125/><U97/><E18/><V124/><F124/><W64/><G132/><T77/><D129/><U53/><E17/><V35/><F35/><W118/><G80/><T82/><D81/><U25/><E133/><V20/><F20/><W61/><G78/><RYUUKYOKU ba="0,0" sc="21,-15,553,-15,199,15,227,15" hai2="54,56,120,123" hai3="9,13,19,21,26,30,52,58,61,64,116,118,119" />
</Scene>
<Scene>
<INIT seed="5,1,0,5,3,98" ten="6,538,214,242" oya="1" hai0="49,41,34,17,130,29,71,31,96,104,28,32,64" hai1="19,46,77,124,25,81,72,92,40,112,65,63,117" hai2="3,8,121,55,30,87,38,88,52,101,59,45,44" hai3="95,84,22,82,123,135,119,33,128,50,125,67,51"/><U5/><E117/><V15/><F121/><W60/><G119/><T7/><D7/><U103/><E112/><V69/><F69/><W54/><G123/><T68/><D130/><U127/><E5/><V79/><F3/><W91/><G33/><N who="0" m="12907" /><D49/><U37/><E103/><V102/><F30/><N who="0" m="7682" /><T66/><DORA hai="132" /><D96/><U100/><E100/><N who="2" m="38507" /><F38/><W23/><G125/><N who="1" m="48202" /><E92/><N who="2" m="54303" /><F79/><W2/><G2/><T109/><D41/><U47/><E40/><V106/><F106/><W1/><G128/><T13/><D13/><U58/><E37/><V94/><F94/><W27/><G135/><T129/><D129/><U73/><E73/><V118/><F118/><W105/><G105/><T62/><D104/><U83/><E83/><V99/><F99/><W134/><G95/><T10/><D109/><U20/><AGARI ba="1,0" hai="19,20,25,46,47,58,63,65,72,77,81" m="48202" machi="20" ten="30,11700,0" yaku="18,1,52,3" doraHai="98,132" who="1" fromWho="1" sc="6,-40,538,120,214,-40,242,-40" owari="-34,-53.0,658,76.0,174,-23.0,202,0.0" />
</Scene>
</mjloggm>