<mjloggm ver="2.3"><GO type="169" lobby="0"/><UN n0="%73%66%73%66" n1="%E5%A4%AA%E3%81%8F%E3%81%AA%E3%81%84%E3%81%8A" n2="%E9%9B%80%E8%8D%98%E4%B8%AD%E5%B7%9D" n3="%68%6F%6C%6D%65%73" dan="16,19,16,17" rate="2140.40,2341.69,2038.07,2158.49" sx="M,F,F,M"/><TAIKYOKU oya="0"/>

<Scene>
<INIT seed="0,0,0,5,1,6" ten="250,250,250,250" oya="0" hai0="60,103,58,19,107,117,48,76,114,44,102,2,54" hai1="39,37,46,131,118,15,25,130,31,49,41,30,88" hai2="11,61,50,21,74,120,23,98,45,32,77,133,70" hai3="109,24,40,13,38,122,69,123,81,5,97,125,128"/><T59/><D114/><U110/><E118/><V127/><F120/><W33/><G69/><T72/><D2/><U126/><E110/><V12/><F32/><W71/><G71/><T42/><D117/><U90/><E126/><V94/><F127/><W52/><G125/><T83/><D107/><U4/><E4/><V1/><F133/><W105/><G81/><T80/><D80/><U47/><E15/><V86/><F1/><W115/><G109/><T7/><D7/><U55/><E39/><V29/><F74/><W78/><G78/><T56/><D59/><U16/><E16/><N who="2" m="8223" /><F70/><W28/><G128/><N who="1" m="49194" /><E31/><V0/><F0/><W84/><G84/><T101/><D19/><U10/><E10/><V119/><F61/><W67/><G38/><T87/><D72/><U111/><E111/><V18/><F29/><W68/><G68/><T27/><D27/><U63/><E63/><V89/><F119/><W116/><G116/><T53/><REACH who="0" step="1"/><D103/><REACH who="0" ten="240,250,250,250" step="2"/><U17/><E17/><V91/><F18/><W121/><G5/><T129/><D129/><U43/><E25/><V132/><F132/><W112/><G112/><T65/><D65/><U124/><E124/><V3/><F3/><W85/><G67/><T113/><D113/><U73/><E73/><V135/><F135/><W79/><G115/><T51/><AGARI ba="0,1" hai="42,44,48,51,53,54,56,58,60,76,83,87,101,102" machi="51" ten="20,7800,0" yaku="1,1,0,1,7,1,8,1,53,0" doraHai="6" doraHaiUra="92" who="0" fromWho="0" sc="240,88,250,-26,250,-26,250,-26" />
</Scene>
<Scene>
<INIT seed="0,1,0,3,1,125" ten="328,224,224,224" oya="0" hai0="96,92,127,93,134,121,45,13,100,111,85,131,65" hai1="114,122,120,54,76,37,27,67,117,42,58,126,89" hai2="41,80,78,102,12,94,103,1,17,15,66,40,5" hai3="26,82,113,6,112,9,7,4,64,19,10,3,107"/><T119/><D119/><U99/><E76/><V39/><F1/><N who="3" m="143" /><G107/><T14/><D121/><U25/><E117/><V69/><F5/><N who="3" m="1343" /><G82/><T109/><D127/><U35/><E126/><V44/><F41/><W2/><G64/><T133/><D45/><U0/><E0/><V55/><F94/><W8/><G7/><T130/><D65/><U62/><E67/><V31/><F66/><W32/><G19/><T50/><D50/><U21/><E42/><V104/><F69/><W90/><G90/><N who="0" m="53327" /><D14/><U88/><E37/><V106/><F15/><W53/><G53/><T124/><D13/><U83/><E83/><V24/><F55/><W23/><G23/><T70/><D70/><U123/><E99/><V33/><F106/><W128/><G128/><N who="0" m="49195" /><D124/><U43/><E122/><V51/><F51/><W116/><G116/><T46/><D46/><U110/><E120/><V79/><F12/><W47/><G47/><T29/><D29/><AGARI ba="1,0" hai="2,6,8,26,29,32,112,113" m="1343,143" machi="29" ten="30,3900,0" yaku="23,1,34,2" doraHai="125" who="3" fromWho="0" sc="328,-42,224,0,224,0,224,42" />
</Scene>
<Scene>
<INIT seed="1,0,0,1,0,48" ten="286,224,224,266" oya="1" hai0="132,47,39,91,107,59,6,109,88,7,49,90,37" hai1="97,12,16,78,5,131,135,20,11,94,53,86,85" hai2="129,79,89,68,104,55,8,106,67,125,76,36,51" hai3="70,93,121,15,123,38,133,74,21,13,134,73,87"/><U126/><E126/><V111/><F111/><W124/><G38/><T66/><D107/><U56/><E135/><N who="3" m="51722" /><G70/><T108/><D132/><U117/><E131/><V43/><F43/><W115/><G115/><T50/><D66/><U30/><E30/><V63/><F36/><W25/><G124/><T99/><D99/><U61/><E78/><V114/><F125/><W46/><G46/><T69/><D59/><U4/><E117/><V33/><F33/><W82/><G93/><T130/><D130/><U100/><REACH who="1" step="1"/><E4/><REACH who="1" ten="286,214,224,266" step="2"/><V0/><F129/><W120/><G120/><T1/><D6/><U103/><E103/><V102/><F79/><W40/><G121/><T84/><D7/><U10/><E10/><V27/><F76/><W26/><G123/><T101/><D101/><U119/><E119/><V19/><F102/><W31/><G74/><T116/><D116/><U83/><E83/><V52/><F8/><W105/><G73/><T72/><D72/><U92/><E92/><V9/><F9/><W17/><G105/><T58/><D109/><U45/><E45/><V44/><F106/><W81/><G82/><T118/><D108/><U98/><E98/><V95/><F104/><W18/><G31/><T57/><D47/><U96/><E96/><N who="2" m="57455" /><F114/><W41/><G81/><T113/><D118/><U3/><AGARI ba="0,1" hai="3,5,11,12,16,20,53,56,61,85,86,94,97,100" machi="3" ten="20,18000,2" yaku="1,1,0,1,7,1,52,1,54,1,53,1" doraHai="48" doraHaiUra="54" who="1" fromWho="1" sc="286,-60,214,190,224,-60,266,-60" />
</Scene>
<Scene>
<INIT seed="1,1,0,3,0,113" ten="226,404,164,206" oya="1" hai0="10,72,11,15,24,46,106,74,91,126,122,28,133" hai1="85,47,5,39,30,130,81,97,88,78,62,4,41" hai2="93,121,61,69,108,33,14,45,64,7,16,132,6" hai3="95,54,103,63,70,101,125,58,43,48,29,38,79"/><U100/><E130/><V109/><F121/><W117/><G125/><T26/><D106/><U59/><E30/><V80/><F33/><W36/><G79/><T53/><D126/><U94/><REACH who="1" step="1"/><E100/><REACH who="1" ten="226,394,164,206" step="2"/><V86/><F132/><W49/><G103/><T35/><D133/><U131/><E131/><V127/><F127/><W22/><G101/><T102/><D102/><U83/><E83/><V67/><F80/><W17/><G29/><T92/><D122/><U76/><E76/><V104/><F109/><W44/><G95/><T32/><D92/><U73/><E73/><V0/><F108/><W21/><G17/><T8/><D74/><U99/><E99/><V114/><F104/><W89/><G89/><T129/><D72/><U66/><AGARI ba="1,1" hai="4,5,39,41,47,59,62,66,78,81,85,88,94,97" machi="66" ten="20,7800,0" yaku="1,1,0,1,7,1,54,1,53,0" doraHai="113" doraHaiUra="123" who="1" fromWho="1" sc="226,-27,394,91,164,-27,206,-27" />
</Scene>
<Scene>
<INIT seed="1,2,0,5,0,119" ten="199,485,137,179" oya="1" hai0="105,52,132,90,19,48,2,115,118,55,18,99,58" hai1="25,1,43,20,40,36,84,95,92,7,27,133,31" hai2="96,130,85,131,117,51,109,17,127,12,70,50,24" hai3="67,10,53,65,75,63,78,6,42,89,47,66,3"/><U72/><E72/><V87/><F117/><W0/><G0/><T13/><D2/><U82/><E133/><V41/><F70/><W123/><G53/><T62/><D132/><U77/><E36/><V111/><F127/><W102/><G102/><T74/><D74/><U15/><E1/><V9/><F96/><W134/><G134/><T113/><D118/><U69/><E69/><V22/><F85/><W29/><G29/><T28/><D28/><U88/><E25/><V104/><F87/><W121/><G63/><T126/><D126/><U110/><E110/><N who="2" m="41995" /><F104/><W94/><G89/><T103/><D90/><U57/><E57/><V122/><F41/><N who="1" m="15945" /><E77/><V21/><F51/><W120/><G94/><T108/><D108/><U11/><AGARI ba="2,0" hai="7,11,15,20,27,31,82,84,88,92,95" m="15945" machi="11" ten="30,3000,0" yaku="8,1,54,1" doraHai="119" who="1" fromWho="1" sc="199,-12,485,36,137,-12,179,-12" />
</Scene>
<Scene>
<INIT seed="1,3,0,0,2,114" ten="187,521,125,167" oya="1" hai0="118,117,121,7,57,91,40,135,32,6,102,119,56" hai1="10,58,19,76,43,35,108,22,70,122,90,75,48" hai2="115,89,123,47,127,26,98,14,2,131,20,73,82" hai3="31,13,60,112,27,78,77,1,64,128,124,130,45"/><U0/><E70/><V92/><F2/><W71/><G1/><T53/><D32/><U41/><E35/><V107/><F123/><W94/><G112/><T74/><D74/><U24/><E122/><V33/><F115/><W65/><G65/><T125/><D121/><U81/><E108/><V51/><F131/><N who="3" m="50219" /><G124/><T104/><D125/><U93/><E48/><V84/><F127/><W116/><G116/><T86/><D40/><U38/><E58/><V49/><F33/><W63/><G63/><T88/><D135/><U61/><E61/><V134/><F134/><W23/><G13/><T46/><D46/><U9/><E38/><V55/><F107/><W50/><G94/><T85/><D104/><U28/><E9/><V97/><F73/><W37/><G37/><T4/><D102/><U59/><E59/><N who="0" m="22601" /><D53/><AGARI ba="3,0" hai="23,27,31,45,50,53,60,64,71,77,78" m="50219" machi="53" ten="30,1000,0" yaku="19,1" doraHai="114" who="3" fromWho="0" sc="187,-19,521,0,125,0,167,19" />
</Scene>
<Scene>
<INIT seed="2,0,0,4,0,69" ten="168,521,125,186" oya="2" hai0="8,99,68,56,40,81,21,30,24,28,100,66,46" hai1="48,52,103,107,83,90,39,6,50,26,98,19,106" hai2="55,122,53,22,76,125,77,93,119,41,72,73,79" hai3="118,104,32,101,102,70,124,11,113,4,105,14,60"/><V3/><F122/><W65/><G118/><T108/><D68/><U0/><E39/><V117/><F3/><W38/><G124/><T13/><D108/><U85/><E107/><V10/><F125/><W75/><G75/><T63/><D81/><U59/><E6/><V78/><F41/><W61/><G113/><T71/><D71/><U134/><E0/><V133/><F10/><W20/><G32/><T84/><D84/><U1/><E1/><V5/><F5/><W127/><G127/><T57/><D57/><U58/><E134/><V121/><F22/><W47/><G61/><T35/><D35/><U12/><E26/><V16/><F16/><W86/><G86/><T123/><D123/><U94/><E106/><V31/><F31/><W80/><G80/><T42/><D46/><N who="1" m="27671" /><E50/><V132/><N who="2" m="19456" /><DORA hai="82" /><V88/><F121/><W44/><G44/><T23/><D23/><AGARI ba="0,0" hai="12,19,23,58,59,83,85,90,94,98,103" m="27671" machi="23" ten="30,3900,0" yaku="8,1,52,1,54,1" doraHai="69,82" who="1" fromWho="0" sc="168,-39,521,39,125,0,186,0" />
</Scene>
<Scene>
<INIT seed="3,0,0,1,3,21" ten="129,560,125,186" oya="3" hai0="22,99,61,56,17,90,37,100,71,89,3,77,66" hai1="84,52,95,1,69,101,62,102,133,128,8,11,41" hai2="120,10,103,54,38,23,57,33,60,26,67,116,44" hai3="65,112,59,93,6,135,125,118,82,45,75,19,124"/><W35/><G112/><T32/><D37/><U127/><E41/><V31/><F116/><W73/><G118/><T36/><D36/><U49/><E127/><N who="3" m="48714" /><G35/><T115/><D3/><U108/><E108/><V79/><F120/><W55/><G6/><T109/><D32/><U97/><E133/><V87/><F103/><W74/><G65/><T119/><D115/><U46/><E128/><V15/><F33/><W72/><G45/><T111/><D119/><U18/><E1/><V88/><F79/><N who="3" m="44415" /><G135/><T122/><D77/><U0/><E0/><V134/><F134/><W104/><G104/><T5/><D5/><U39/><E39/><V25/><F25/><W63/><G93/><N who="0" m="58479" /><D71/><U92/><E69/><V121/><F121/><W2/><G2/><T105/><D105/><U81/><E92/><N who="2" m="54303" /><F38/><W43/><G19/><T51/><D122/><U107/><E18/><N who="2" m="8567" /><F44/><W12/><G12/><N who="0" m="9511" /><D111/><U13/><E13/><V64/><AGARI ba="0,0" hai="23,26,31,54,57,60,64,67" m="8567,54303" machi="64" ten="30,4000,0" yaku="8,1,52,1,54,1" doraHai="21" who="2" fromWho="2" sc="129,-10,560,-10,125,40,186,-20" />
</Scene>
<Scene>
<INIT seed="4,0,0,1,1,73" ten="119,550,165,166" oya="0" hai0="107,71,6,5,32,83,53,63,110,54,109,70,49" hai1="114,89,65,113,18,87,96,68,118,128,29,45,3" hai2="56,17,75,111,23,82,79,10,37,108,30,130,12" hai3="33,116,88,77,24,44,20,59,67,85,48,132,106"/><T47/><D107/><U26/><E118/><V100/><F37/><W9/><G116/><T131/><D32/><U103/><E3/><V99/><F130/><W104/><G33/><T125/><D131/><U43/><E18/><V28/><F56/><W46/><G9/><T135/><D125/><U97/><E128/><V25/><REACH who="2" step="1"/><F28/><REACH who="2" ten="119,550,155,166" step="2"/><W64/><G59/><N who="0" m="35319" /><D71/><U39/><E68/><V115/><F115/><W119/><G119/><T78/><D70/><U14/><E29/><V91/><F91/><W76/><G46/><T13/><D135/><U124/><E89/><V94/><AGARI ba="0,1" hai="10,12,17,23,25,30,75,79,82,94,99,100,108,111" machi="94" ten="20,5200,0" yaku="1,1,0,1,7,1,52,1,53,0" doraHai="73" doraHaiUra="0" who="2" fromWho="2" sc="119,-26,550,-13,155,62,166,-13" />
</Scene>
<Scene>
<INIT seed="5,0,0,4,2,25" ten="93,537,217,153" oya="1" hai0="64,60,41,28,11,24,46,18,70,51,87,124,63" hai1="76,43,97,0,112,35,33,17,105,15,14,95,85" hai2="61,116,132,20,48,82,86,111,66,104,7,52,101" hai3="40,42,135,12,4,78,53,125,74,119,115,103,84"/><U58/><E0/><V93/><F111/><W32/><G115/><T71/><D124/><U133/><E43/><V2/><F116/><W117/><G32/><T6/><D87/><U37/><E37/><V27/><F132/><W34/><G74/><T44/><D18/><U31/><E105/><V69/><F104/><W106/><G106/><T22/><D46/><U92/><E58/><V10/><F101/><W75/><G75/><T3/><REACH who="0" step="1"/><D60/><REACH who="0" ten="83,537,217,153" step="2"/><U128/><E17/><V99/><F86/><W72/><G84/><T73/><D73/><U67/><E85/><V94/><F99/><W9/><G72/><T107/><D107/><U91/><E97/><V45/><REACH who="2" step="1"/><F82/><REACH who="2" ten="83,537,207,153" step="2"/><W54/><G119/><T23/><D23/><U56/><E133/><V100/><F100/><W36/><G103/><T83/><D83/><U114/><E114/><V19/><AGARI ba="0,2" hai="2,7,10,19,20,27,45,48,52,61,66,69,93,94" machi="19" ten="20,5200,0" yaku="1,1,0,1,7,1,54,1,53,0" doraHai="25" doraHaiUra="29" who="2" fromWho="2" sc="83,-13,537,-26,207,72,153,-13" />
</Scene>
<Scene>
<INIT seed="6,0,0,0,3,30" ten="70,511,279,140" oya="2" hai0="61,130,34,128,91,113,98,123,95,15,115,58,45" hai1="122,32,82,78,76,38,117,125,126,16,83,127,133" hai2="28,100,3,4,99,20,22,17,107,129,84,11,132" hai3="23,77,6,25,0,37,121,71,106,119,9,85,53"/><V57/><F129/><N who="0" m="49770" /><D123/><U26/><E133/><V48/><F132/><W120/><G119/><T114/><D45/><U108/><E108/><V69/><F69/><W70/><G106/><T87/><D15/><U88/><E117/><V44/><F28/><W96/><G37/><T1/><D1/><U13/><E38/><V40/><F17/><W135/><G135/><T64/><D98/><U5/><E122/><V74/><F74/><W79/><G96/><T73/><D73/><U21/><E32/><AGARI ba="0,0" hai="32,34,58,61,64,87,91,95,113,114,115" m="49770" machi="32" ten="40,8000,1" yaku="15,1,19,1,52,2" doraHai="30" who="0" fromWho="1" sc="70,80,511,-80,279,0,140,0" />
</Scene>
<Scene>
<INIT seed="7,0,0,5,2,110" ten="150,431,279,140" oya="3" hai0="108,84,134,92,31,15,37,93,119,41,56,89,98" hai1="19,100,69,58,86,53,62,55,120,57,106,26,9" hai2="10,130,35,85,12,16,30,7,121,32,94,44,42" hai3="23,87,43,1,38,39,127,54,96,72,29,63,20"/><W18/><G72/><T0/><D0/><U126/><E120/><V91/><F121/><W65/><G1/><T102/><D108/><U64/><E126/><V115/><F115/><W77/><G127/><T6/><D119/><U132/><E132/><V90/><F30/><W122/><G122/><T125/><D125/><U73/><E73/><V5/><F5/><W97/><G39/><T78/><D134/><U117/><E117/><V101/><F101/><W111/><G111/><T74/><D31/><U45/><E86/><V105/><F105/><W48/><G38/><T40/><D37/><U46/><E69/><V51/><F130/><W61/><G43/><N who="0" m="16459" /><D74/><U50/><E64/><V131/><F131/><W34/><G34/><T135/><D135/><U49/><E62/><N who="3" m="23562" /><G65/><T68/><D68/><U21/><E9/><V112/><F112/><W27/><G77/><T3/><D3/><U24/><E24/><V83/><F7/><W116/><G87/><AGARI ba="0,0" hai="10,12,16,32,35,42,44,51,83,85,87,90,91,94" machi="87" ten="30,2000,0" yaku="7,1,54,1" doraHai="110" who="2" fromWho="3" sc="150,0,431,0,279,20,140,-20" owari="150,-25.0,431,53.0,299,10.0,120,-38.0" />
</Scene>
</mjloggm>