<mjloggm ver="2.3"><GO type="169" lobby="0"/><UN n0="%E3%82%88%E3%81%A3%E3%81%91%C2%B4" n1="%E5%A4%A9%E7%A5%9E%E4%B9%83%E9%9B%80" n2="%E5%A4%AA%E3%81%8F%E3%81%AA%E3%81%84%E3%81%8A" n3="%E3%81%92%E3%81%A3%E3%81%A1" dan="16,16,18,17" rate="2111.67,2100.64,2297.52,2157.26" sx="M,M,M,M"/><TAIKYOKU oya="0"/>

<Scene>
<INIT seed="0,0,0,2,1,5" ten="250,250,250,250" oya="0" hai0="28,98,39,85,43,129,10,110,19,24,51,79,75" hai1="124,100,69,63,46,133,128,18,123,73,52,97,64" hai2="32,26,103,33,71,80,67,82,25,22,93,30,119" hai3="49,53,131,113,41,87,70,76,36,88,11,50,34"/><T55/><D129/><U84/><E123/><V7/><F119/><W59/><G70/><T89/><D110/><U6/><E128/><V4/><F67/><W48/><G34/><T47/><D75/><U3/><E73/><V94/><F103/><W13/><G113/><T74/><D74/><U56/><E133/><V23/><REACH who="2" step="1"/><F30/><REACH who="2" ten="250,250,240,250" step="2"/><W35/><G131/><T118/><D118/><U92/><E100/><V117/><F117/><W81/><G35/><T15/><D79/><U105/><E64/><V9/><F9/><W29/><G29/><T20/><D98/><U134/><E134/><V86/><F86/><W83/><G36/><T115/><D115/><U16/><E84/><V68/><AGARI ba="0,1" hai="4,7,22,23,25,26,32,33,68,71,80,82,93,94" machi="68" ten="25,6400,0" yaku="1,1,0,1,22,2,53,0" doraHai="5" doraHaiUra="125" who="2" fromWho="2" sc="250,-32,250,-16,240,74,250,-16" />
</Scene>
<Scene>
<INIT seed="1,0,0,1,3,96" ten="218,234,314,234" oya="1" hai0="62,34,120,111,104,50,103,44,82,58,113,35,47" hai1="55,118,122,97,33,25,45,68,133,108,81,1,95" hai2="86,39,52,14,130,98,43,109,15,23,11,123,8" hai3="57,27,4,38,94,66,49,79,20,129,19,126,60"/><U128/><E118/><V6/><F123/><W3/><G38/><T78/><D113/><U102/><E122/><V134/><F109/><W51/><G129/><T24/><D111/><U31/><E128/><V41/><F130/><W17/><G126/><T75/><D120/><U131/><E131/><V125/><F125/><W77/><G17/><T26/><D47/><U32/><E108/><V59/><F134/><W92/><G4/><T112/><D112/><U48/><E1/><V121/><F121/><W0/><G0/><T67/><D26/><U116/><E116/><V105/><F23/><W132/><G3/><T83/><D24/><U87/><E68/><V2/><F86/><W100/><G132/><T13/><D13/><U37/><E37/><V63/><F39/><W65/><G65/><T64/><D64/><U18/><E18/><V5/><REACH who="2" step="1"/><F2/><REACH who="2" ten="218,234,304,234" step="2"/><W29/><G29/><T85/><D34/><U107/><E133/><V10/><F10/><W110/><G20/><T84/><D35/><U30/><E33/><V7/><F7/><W61/><G110/><T53/><D75/><U40/><E32/><V16/><F16/><W36/><G19/><T21/><D21/><U127/><E127/><V114/><F114/><W88/><G36/><T69/><D69/><U91/><E25/><V70/><F70/><W89/><G27/><T80/><D84/><U99/><REACH who="1" step="1"/><E40/><REACH who="1" ten="218,224,304,234" step="2"/><V71/><F71/><W124/><G124/><T12/><D12/><U9/><E9/><V22/><F22/><W54/><G66/><T90/><D67/><U106/><E106/><V93/><F93/><RYUUKYOKU ba="0,2" sc="218,-15,224,15,304,15,234,-15" hai1="30,31,45,48,55,81,87,91,95,97,99,102,107" hai2="5,6,8,11,14,15,41,43,52,59,63,98,105" />
</Scene>
<Scene>
<INIT seed="1,1,2,0,4,22" ten="203,239,319,219" oya="1" hai0="122,34,6,20,8,120,48,29,93,44,65,133,88" hai1="113,89,83,97,134,76,37,121,85,61,130,105,115" hai2="25,12,5,28,63,54,36,131,47,39,64,96,21" hai3="135,7,30,98,10,75,70,123,99,9,52,86,100"/><U60/><E121/><N who="0" m="46697" /><D133/><U81/><E37/><V42/><F131/><W77/><G75/><T51/><D65/><U49/><E130/><V74/><F74/><W50/><G70/><T127/><D127/><U0/><E0/><V72/><F72/><W91/><G135/><T114/><D34/><U102/><E134/><V66/><F36/><W3/><G77/><T90/><D114/><U2/><E2/><V4/><F96/><W67/><G67/><T14/><D93/><U16/><E49/><N who="0" m="19017" /><D44/><U80/><E80/><V124/><F124/><W58/><G9/><T32/><D32/><U129/><E129/><V19/><F54/><W11/><G11/><T57/><D57/><U26/><E115/><V95/><F95/><W116/><G116/><T107/><D107/><U71/><E71/><V132/><F66/><W128/><G128/><T117/><D117/><U17/><E113/><V45/><F45/><W13/><G3/><T27/><AGARI ba="1,2" hai="6,8,14,20,27,29,88,90" m="19017,46697" machi="27" ten="30,4000,0" yaku="13,1,52,1,54,1" doraHai="22" who="0" fromWho="0" sc="203,63,239,-21,319,-11,219,-11" />
</Scene>
<Scene>
<INIT seed="2,0,0,2,4,2" ten="266,218,308,208" oya="2" hai0="3,80,72,125,4,73,90,68,17,28,55,5,16" hai1="60,124,29,117,115,23,59,30,49,27,119,33,54" hai2="123,0,25,89,113,41,56,127,62,97,46,100,45" hai3="19,91,82,9,99,48,111,83,50,57,1,132,81"/><V107/><F113/><W110/><G132/><T94/><D68/><U21/><E115/><V77/><F123/><W70/><G70/><T74/><D80/><U106/><E106/><V85/><F0/><W15/><G1/><T38/><D38/><U96/><E124/><V14/><F127/><W95/><REACH who="3" step="1"/><G57/><REACH who="3" ten="266,218,308,198" step="2"/><T63/><D3/><U12/><E119/><V121/><F56/><W7/><G7/><T134/><D5/><U88/><E117/><V18/><F121/><W118/><G118/><T26/><D4/><U8/><E59/><V116/><F116/><W133/><G133/><T43/><D134/><U35/><E35/><V58/><F58/><W39/><G39/><T102/><D63/><U78/><E60/><V64/><F62/><W20/><G20/><T67/><D125/><U51/><E23/><V122/><F122/><W101/><BYE who="2" /><G101/><T65/><D102/><U103/><E21/><V128/><F128/><W75/><G75/><T34/><D73/><U66/><E33/><V84/><F84/><W87/><G87/><T114/><D72/><U126/><E126/><V108/><F108/><AGARI ba="0,1" hai="9,15,19,48,50,81,82,83,91,95,99,108,110,111" machi="108" ten="40,2600,0" yaku="1,1,14,1,53,0" doraHai="2" doraHaiUra="109" who="3" fromWho="2" sc="266,0,218,0,308,-26,198,36" />
</Scene>
<Scene>
<INIT seed="3,0,0,1,4,107" ten="266,218,282,234" oya="3" hai0="73,28,24,98,112,114,17,2,130,76,12,86,132" hai1="128,5,64,25,43,74,111,45,55,116,77,94,106" hai2="72,109,11,68,133,42,122,48,93,81,4,127,18" hai3="95,13,14,105,3,62,10,102,100,30,49,123,71"/><W22/><G105/><UN n2="%E5%A4%AA%E3%81%8F%E3%81%AA%E3%81%84%E3%81%8A" /><T54/><D2/><U56/><E116/><V39/><F68/><W126/><G123/><T52/><D130/><U121/><E121/><V129/><F122/><W67/><G126/><T29/><D132/><U60/><E106/><V85/><F133/><W92/><G3/><T26/><D86/><U104/><E104/><V88/><F129/><W135/><G135/><T58/><D98/><U70/><E128/><V117/><F117/><W41/><G41/><T78/><D12/><U6/><E111/><V96/><F109/><W9/><G49/><T0/><D0/><U40/><E94/><V119/><F119/><W27/><G95/><T51/><D17/><U61/><E25/><V120/><F39/><W80/><G80/><T87/><D87/><U63/><E63/><V125/><F18/><W33/><G33/><T57/><REACH who="0" step="1"/><D51/><REACH who="0" ten="256,218,282,234" step="2"/><U118/><E118/><V110/><F120/><W32/><G13/><T66/><D66/><U99/><E99/><V131/><F131/><W91/><G14/><T84/><D84/><U15/><E15/><N who="2" m="5607" /><F110/><W103/><G9/><T124/><D124/><U34/><E5/><V53/><F96/><W31/><G10/><T37/><D37/><U16/><E6/><V89/><F127/><W79/><G67/><T20/><D20/><U46/><E64/><V97/><F125/><W101/><G22/><T23/><D23/><U19/><E19/><V21/><F21/><W108/><G108/><T36/><D36/><U44/><E16/><V69/><F48/><W65/><G65/><T115/><D115/><U50/><E50/><RYUUKYOKU ba="0,1" sc="256,30,218,-10,282,-10,234,-10" hai0="24,26,28,29,52,54,57,58,73,76,78,112,114" />
</Scene>
<Scene>
<INIT seed="4,1,1,1,2,126" ten="286,208,272,224" oya="0" hai0="86,132,72,111,78,24,104,9,61,66,51,23,56" hai1="14,49,55,43,45,121,5,19,133,96,68,40,108" hai2="93,3,11,42,82,105,92,91,77,116,115,84,103" hai3="6,31,1,50,34,60,33,30,70,127,63,22,37"/><T35/><D72/><U41/><E121/><V100/><F42/><W119/><G37/><T134/><D104/><U54/><E133/><N who="0" m="51305" /><D111/><U59/><E68/><V114/><F116/><W25/><G127/><T4/><D35/><U13/><E108/><V83/><F3/><W117/><G50/><T109/><D109/><U128/><E128/><V90/><F11/><W65/><G22/><T118/><D51/><U79/><E79/><V74/><F83/><W102/><G102/><N who="2" m="38953" /><F105/><W112/><G60/><T52/><D86/><AGARI ba="1,1" hai="74,77,82,84,86,90,91,92,93,114,115" m="38953" machi="86" ten="30,2000,0" yaku="34,2" doraHai="126" who="2" fromWho="0" sc="286,-23,208,0,272,33,224,0" />
</Scene>
<Scene>
<INIT seed="5,0,0,5,5,72" ten="263,208,305,224" oya="1" hai0="66,34,132,53,125,30,23,95,12,110,89,22,77" hai1="98,11,32,13,70,88,105,90,48,6,25,2,38" hai2="28,46,51,80,97,37,74,26,52,67,124,81,1" hai3="33,40,103,122,69,91,65,56,14,63,24,135,116"/><U83/><E70/><V113/><F1/><W82/><G122/><T85/><D110/><U41/><E38/><V57/><F124/><W60/><G135/><T87/><D132/><U21/><E32/><V45/><F113/><W20/><G40/><T119/><D119/><U114/><E114/><V54/><F67/><W106/><G33/><T99/><D125/><U16/><E2/><V131/><F131/><W44/><G44/><T118/><D66/><U9/><E9/><V107/><F107/><W8/><G103/><T58/><D118/><U39/><E39/><V62/><F97/><W7/><G106/><T123/><D123/><U50/><E41/><V133/><F133/><W3/><G3/><T71/><D71/><U68/><E68/><V17/><F17/><W4/><G91/><N who="1" m="34858" /><E105/><V92/><F92/><W79/><G4/><T0/><D0/><U19/><E83/><V59/><F37/><W10/><G10/><T18/><D34/><U29/><E98/><V134/><F134/><W115/><G115/><T104/><D104/><U127/><E127/><V111/><F111/><W102/><G69/><T49/><D30/><U112/><E112/><V93/><F93/><W100/><G116/><T86/><REACH who="0" step="1"/><D23/><REACH who="0" ten="253,208,305,224" step="2"/><U108/><E108/><V61/><F28/><W31/><REACH who="3" step="1"/><G60/><REACH who="3" ten="253,208,305,214" step="2"/><T43/><D43/><U36/><E36/><V101/><F61/><W96/><G96/><T128/><D128/><U27/><E29/><V35/><F35/><W15/><G15/><T75/><D75/><AGARI ba="0,2" hai="7,8,14,20,24,31,56,63,65,75,79,82,100,102" machi="75" ten="30,3900,0" yaku="1,1,7,1,52,1,53,0" doraHai="72" doraHaiUra="117" who="3" fromWho="0" sc="253,-39,208,0,305,0,214,59" />
</Scene>
<Scene>
<INIT seed="6,0,0,2,5,57" ten="214,208,305,273" oya="2" hai0="22,80,62,129,98,32,95,56,8,27,117,114,135" hai1="70,86,23,67,87,6,102,115,94,130,34,78,20" hai2="128,64,66,43,2,11,26,74,92,3,28,63,131" hai3="36,16,42,79,82,31,24,73,88,127,38,12,124"/><V110/><F74/><W37/><G42/><T46/><D129/><N who="2" m="49738" /><F110/><W106/><G106/><T89/><D135/><U121/><E34/><N who="2" m="20759" /><F43/><W119/><G119/><T65/><D114/><U47/><E130/><V133/><F133/><W49/><G49/><T120/><D120/><U48/><E6/><N who="2" m="1495" /><F3/><W93/><G31/><T84/><D32/><U19/><E78/><V13/><F13/><W60/><G24/><T52/><D8/><U77/><E77/><V15/><F15/><W29/><G29/><N who="0" m="17655" /><D117/><U59/><E115/><V54/><F92/><W83/><G83/><T69/><D69/><U39/><E94/><V68/><F64/><W41/><G41/><T9/><D9/><U40/><E67/><V126/><F54/><W35/><G35/><T104/><D104/><U113/><E40/><V132/><F132/><W75/><G75/><T50/><D80/><U55/><E55/><V17/><F17/><W58/><G16/><T45/><D45/><U111/><E47/><V108/><F108/><W18/><G18/><T122/><D122/><U25/><E19/><V7/><F7/><W30/><G12/><T71/><D71/><U76/><E70/><V109/><F109/><W97/><G30/><T125/><D125/><AGARI ba="0,0" hai="63,66,68,125,126" m="1495,20759,49738" machi="125" ten="30,5800,0" yaku="19,1,23,1,52,1" doraHai="57" who="2" fromWho="0" sc="214,-58,208,0,305,58,273,0" />
</Scene>
<Scene>
<INIT seed="6,1,0,3,0,6" ten="156,208,363,273" oya="2" hai0="21,119,53,108,112,128,57,103,131,129,44,93,101" hai1="114,24,87,67,3,38,16,134,37,50,20,13,47" hai2="135,1,52,43,12,72,2,116,76,83,60,8,123" hai3="122,49,48,61,132,4,82,68,104,15,85,100,59"/><V19/><F116/><W109/><G68/><T30/><D108/><U33/><E134/><V18/><F123/><W97/><G109/><T41/><D112/><U29/><E114/><V9/><F43/><W7/><G132/><T11/><D119/><U42/><E67/><V92/><F135/><W80/><G80/><T34/><D34/><U127/><E127/><V64/><F92/><W115/><G115/><T55/><D93/><U40/><E87/><V117/><F117/><W79/><G122/><T118/><D118/><U46/><REACH who="1" step="1"/><E3/><REACH who="1" ten="156,198,363,273" step="2"/><V106/><F64/><W74/><G85/><T54/><D57/><U5/><E5/><V126/><F1/><W35/><G4/><T0/><D0/><U86/><E86/><V96/><F2/><W125/><G7/><T81/><D81/><U39/><AGARI ba="1,1" hai="13,16,20,24,29,33,37,38,39,40,42,46,47,50" machi="39" ten="20,5200,0" yaku="1,1,0,1,7,1,54,1,53,0" doraHai="6" doraHaiUra="73" who="1" fromWho="1" sc="156,-14,198,65,363,-27,273,-14" />
</Scene>
<Scene>
<INIT seed="7,0,0,4,3,101" ten="142,263,336,259" oya="3" hai0="27,61,28,96,108,77,17,29,82,89,119,134,6" hai1="16,120,98,92,84,49,1,73,14,45,133,100,127" hai2="20,91,44,18,126,115,125,107,58,4,122,19,34" hai3="42,67,76,71,124,121,54,131,56,35,103,8,48"/><W105/><G121/><T38/><D108/><U2/><E120/><V69/><F69/><W74/><G35/><T114/><D119/><U70/><E73/><V25/><F122/><W111/><G111/><T33/><D38/><U65/><E133/><V11/><F107/><W7/><G131/><T94/><D134/><U10/><E84/><V87/><F115/><W30/><G30/><T80/><D114/><U43/><E127/><N who="2" m="48651" /><F58/><W5/><G42/><T31/><D6/><U79/><E79/><V37/><F34/><W132/><G132/><T13/><D33/><U59/><E70/><V86/><F19/><W68/><G5/><T110/><D110/><U51/><E51/><V3/><F91/><W26/><G26/><T109/><D109/><U36/><E49/><V63/><F63/><W64/><G71/><T81/><D27/><U41/><E41/><AGARI ba="0,0" hai="3,4,11,18,20,25,37,41,44,86,87" m="48651" machi="41" ten="30,1000,0" yaku="18,1" doraHai="101" who="2" fromWho="1" sc="142,0,263,-10,336,10,259,0" owari="142,-36.0,253,-15.0,346,45.0,259,6.0" />
</Scene>
</mjloggm>