<mjloggm ver="2.3"><GO type="169" lobby="0"/><UN n0="%E8%A5%BF%E6%9D%91%E9%9B%84%E4%B8%80%E9%83%8E" n1="%E3%83%9F%E3%83%8E%E3%83%AA" n2="%53%63%72%61%70%74" n3="%E5%A4%AA%E3%81%8F%E3%81%AA%E3%81%84%E3%81%8A" dan="16,16,16,18" rate="2159.84,2128.81,2042.32,2277.33" sx="M,M,M,F"/><TAIKYOKU oya="0"/>

<Scene>
<INIT seed="0,0,0,3,0,75" ten="250,250,250,250" oya="0" hai0="13,126,30,109,65,57,108,114,89,58,112,24,51" hai1="9,88,11,23,83,4,68,124,81,129,49,2,82" hai2="44,117,86,122,36,53,69,90,133,91,18,40,52" hai3="66,63,54,0,125,96,102,22,71,38,79,39,119"/><T7/><D126/><U93/><E68/><V8/><F122/><W43/><G119/><T121/><D121/><U46/><E124/><V56/><F69/><W50/><G125/><T85/><D7/><U17/><E129/><V62/><F117/><W47/><G0/><T111/><D13/><U84/><E11/><V16/><F133/><W74/><G22/><N who="0" m="15639" /><D51/><U1/><E1/><V78/><F78/><W64/><G64/><T73/><D73/><U77/><E17/><V97/><F8/><W131/><G131/><T134/><D134/><U33/><E23/><V48/><F97/><W59/><G39/><T19/><D19/><U135/><E33/><V70/><F70/><W94/><G74/><T110/><N who="0" m="27648" /><DORA hai="130" /><T41/><D41/><U101/><E101/><V132/><F132/><W6/><G6/><T67/><D67/><U12/><E2/><V10/><F10/><W120/><G120/><T15/><D15/><U92/><E92/><V3/><F3/><W21/><G21/><T106/><D106/><U95/><E95/><V103/><F103/><W123/><G123/><T99/><D99/><N who="1" m="57767" /><E135/><V98/><F98/><W34/><G34/><T118/><D118/><U20/><E20/><V60/><F60/><W115/><G102/><T27/><D27/><U42/><AGARI ba="0,0" hai="4,9,12,42,46,49,77,81,82,83,84" m="57767" machi="42" ten="30,7900,0" yaku="25,1,8,1,52,1,54,1" doraHai="75,130" who="1" fromWho="1" sc="250,-39,250,79,250,-20,250,-20" />
</Scene>
<Scene>
<INIT seed="1,0,0,4,1,7" ten="211,329,230,230" oya="1" hai0="26,115,50,27,126,117,35,101,51,81,121,93,1" hai1="124,108,77,48,37,4,102,42,130,57,128,92,129" hai2="52,22,39,60,38,0,65,43,10,107,28,55,34" hai3="82,71,54,5,125,36,95,61,2,104,109,8,134"/><U113/><E113/><V16/><F107/><W79/><G104/><T103/><D1/><U14/><E37/><V74/><F74/><W64/><G109/><T46/><D117/><U19/><E77/><V20/><F20/><W98/><G134/><T32/><D93/><U24/><E108/><V69/><F39/><W116/><G116/><T75/><D46/><U63/><E124/><V6/><F43/><W29/><G125/><T87/><D87/><U40/><E24/><N who="2" m="18695" /><F38/><W25/><G36/><T76/><D81/><U59/><E4/><V96/><F96/><W88/><G54/><T11/><D76/><U47/><E40/><V58/><F58/><W70/><G61/><T106/><D106/><U94/><E102/><V97/><F97/><W9/><G64/><T31/><D31/><U80/><E80/><V89/><F89/><W66/><G66/><T122/><D75/><U110/><E110/><V44/><F44/><W112/><G8/><T133/><D126/><U100/><E100/><V68/><F68/><W17/><G17/><T67/><D67/><N who="1" m="39407" /><E59/><V30/><F30/><W83/><G112/><T127/><D115/><U86/><E86/><V41/><F41/><W3/><G3/><T23/><D127/><U18/><E18/><V91/><F91/><W132/><G82/><T111/><D111/><U73/><E73/><V62/><F62/><W118/><G118/><T114/><D114/><U131/><N who="1" m="32768" /><DORA hai="56" /><U72/><E72/><V84/><F84/><N who="3" m="48255" /><G132/><T85/><D133/><U78/><E78/><V12/><AGARI ba="0,0" hai="0,6,10,12,16,22,52,55,60,65,69" m="18695" machi="12" ten="30,8000,1" yaku="24,1,52,2,54,2" doraHai="7,56" who="2" fromWho="2" sc="211,-20,329,-40,230,80,230,-20" />
</Scene>
<Scene>
<INIT seed="2,0,0,4,3,38" ten="191,289,310,210" oya="2" hai0="122,91,23,127,45,32,56,95,79,59,9,107,7" hai1="81,126,53,134,21,108,13,24,25,20,77,118,110" hai2="119,5,97,12,74,36,84,47,135,70,63,102,125" hai3="96,87,29,89,88,40,57,124,101,58,4,120,37"/><V26/><F119/><W86/><G120/><T116/><D32/><U16/><E118/><V94/><F74/><W55/><G124/><T14/><D107/><U90/><E126/><V129/><F125/><W49/><G29/><T28/><D127/><U112/><E112/><V76/><F135/><W31/><G31/><T0/><D122/><U113/><E113/><V3/><F3/><W103/><G4/><T68/><D68/><U41/><E134/><V80/><F129/><W42/><G37/><T64/><D64/><U15/><E90/><N who="3" m="34922" /><G58/><T1/><D79/><U93/><E53/><V115/><F26/><W71/><G71/><T128/><D128/><U69/><E69/><V34/><F34/><W105/><G105/><T106/><D106/><U61/><E61/><V30/><F30/><W10/><G10/><T2/><D116/><U6/><E93/><V109/><F115/><W62/><G62/><T99/><D23/><U54/><E54/><V100/><F63/><W8/><G8/><T22/><D22/><U104/><E104/><V46/><F70/><W132/><G132/><T67/><D28/><U43/><E6/><V19/><F5/><W133/><G133/><T72/><D0/><U123/><E123/><V75/><F75/><W121/><G121/><T18/><D1/><U92/><E92/><V51/><F94/><N who="3" m="58519" /><G103/><T50/><D72/><U17/><E77/><V114/><F76/><W131/><G131/><T85/><D2/><U44/><E44/><V33/><F102/><W35/><G35/><T27/><D7/><U60/><E60/><V48/><F114/><RYUUKYOKU ba="0,0" sc="191,-15,289,15,310,-15,210,15" hai1="13,15,16,17,20,21,24,25,41,43,81,108,110" hai3="40,42,49,55,57,86,87" />
</Scene>
<Scene>
<INIT seed="3,1,0,0,2,111" ten="176,304,295,225" oya="3" hai0="126,125,35,60,25,1,86,49,12,85,58,113,132" hai1="128,70,89,83,36,77,39,33,134,47,96,3,66" hai2="133,65,115,41,92,78,118,31,9,22,8,57,68" hai3="79,59,97,107,17,2,11,82,52,16,101,26,64"/><W99/><G64/><T5/><D1/><U130/><E3/><V121/><F118/><W81/><G99/><T69/><D69/><U50/><E33/><V122/><F68/><W23/><G79/><T55/><D132/><U108/><E134/><V37/><F133/><W56/><G56/><T19/><D5/><U72/><E108/><V124/><F124/><N who="0" m="47722" /><D113/><U32/><E32/><V117/><F117/><W94/><G107/><T54/><D25/><U10/><E10/><V73/><F92/><W135/><G135/><T67/><D35/><U84/><E96/><V44/><F115/><W129/><G129/><N who="1" m="49770" /><E66/><V119/><F119/><W21/><G2/><T103/><D103/><U105/><E105/><V38/><F65/><W109/><G11/><N who="0" m="6559" /><D67/><U18/><E18/><V95/><F8/><W63/><G109/><T0/><D0/><U104/><E104/><V15/><F9/><W43/><G43/><T75/><D75/><U53/><E70/><V29/><F73/><W42/><G42/><T74/><D74/><U61/><E61/><V80/><F41/><W102/><G102/><T4/><D4/><U93/><AGARI ba="1,0" hai="36,39,47,50,53,72,77,83,84,89,93" m="49770" machi="93" ten="30,1100,0" yaku="19,1" doraHai="111" who="1" fromWho="1" sc="176,-4,304,14,295,-4,225,-6" />
</Scene>
<Scene>
<INIT seed="4,0,0,4,0,55" ten="172,318,291,219" oya="0" hai0="82,43,37,81,78,89,9,107,85,113,80,88,123" hai1="109,17,64,38,29,54,3,62,73,111,92,112,86" hai2="10,120,74,127,122,90,19,23,59,1,110,6,126" hai3="125,16,24,118,4,60,119,77,97,101,18,34,108"/><T84/><D123/><N who="2" m="47146" /><F90/><W30/><G108/><T69/><D69/><U41/><E3/><V2/><F59/><W72/><G125/><N who="2" m="47625" /><F74/><W53/><G4/><T7/><D113/><U15/><E29/><V96/><F96/><W116/><G77/><T100/><D43/><U50/><E15/><N who="2" m="5591" /><F110/><W65/><G53/><T134/><D37/><U121/><E73/><V79/><F79/><W133/><G72/><T71/><D71/><U117/><E121/><V124/><N who="2" m="47633" /><V8/><DORA hai="56" /><F8/><W13/><G97/><N who="0" m="61839" /><D9/><U5/><E111/><V135/><F135/><W103/><G133/><T42/><D7/><U25/><E5/><V104/><F104/><W114/><G101/><T49/><D49/><U0/><E109/><V98/><F98/><W106/><G103/><T33/><D134/><U44/><E50/><V46/><F46/><W20/><G106/><T31/><D78/><U115/><E44/><V131/><F131/><W11/><G65/><T68/><D68/><U128/><E64/><V48/><F48/><W99/><G99/><T67/><D67/><U57/><E128/><V26/><AGARI ba="0,0" hai="1,2,19,23,26" m="5591,47633,47146" machi="26" ten="50,6400,0" yaku="18,1,34,2" doraHai="55,56" who="2" fromWho="2" sc="172,-32,318,-16,291,64,219,-16" />
</Scene>
<Scene>
<INIT seed="5,0,0,3,1,67" ten="140,302,355,203" oya="1" hai0="98,114,107,13,19,16,50,38,120,45,124,70,104" hai1="63,89,100,128,123,86,75,85,10,93,57,122,74" hai2="34,51,48,40,14,90,59,2,5,87,3,47,12" hai3="83,115,46,9,42,101,95,94,56,77,55,113,22"/><U134/><E134/><V81/><F34/><W61/><G22/><T35/><D38/><U131/><E10/><V117/><F117/><W29/><G29/><T116/><D116/><U8/><E8/><V78/><F2/><W118/><G118/><T121/><D114/><N who="3" m="43529" /><G101/><T41/><D124/><U96/><E57/><V103/><F103/><W15/><G42/><T28/><D70/><U82/><E85/><N who="2" m="48311" /><F3/><W27/><G27/><T36/><D36/><U43/><E63/><V39/><F39/><W112/><G46/><T7/><D7/><U79/><E43/><V4/><F59/><W62/><G62/><T111/><D111/><U52/><E52/><V80/><F51/><W129/><G129/><N who="1" m="49738" /><E74/><V26/><F26/><W60/><G60/><T69/><D41/><U25/><E25/><V99/><F99/><W132/><G132/><T1/><D98/><U20/><E20/><V76/><F76/><W37/><G37/><T135/><D135/><U71/><E71/><V97/><F97/><W110/><G112/><T119/><D69/><U32/><E32/><V65/><F65/><W106/><G61/><T54/><D119/><U91/><E91/><V53/><F40/><W73/><G56/><T64/><D64/><U72/><E72/><V102/><F102/><W21/><G55/><T24/><D1/><U125/><E125/><V68/><F68/><W31/><G73/><T88/><D88/><U49/><E49/><V127/><F127/><W109/><G109/><T11/><REACH who="0" step="1"/><D19/><REACH who="0" ten="130,302,355,203" step="2"/><U133/><E133/><V108/><F108/><W44/><G110/><T17/><D17/><RYUUKYOKU ba="0,1" sc="130,10,302,10,355,10,203,-30" hai0="11,13,16,24,28,35,45,50,54,104,107,120,121" hai1="75,79,82,86,89,93,96,100,122,123" hai2="4,5,12,14,47,48,53,80,87,90" />
</Scene>
<Scene>
<INIT seed="5,1,1,5,2,73" ten="140,312,365,173" oya="1" hai0="35,64,6,20,39,63,120,88,106,22,7,95,108" hai1="89,84,29,25,53,71,13,135,11,60,92,55,115" hai2="70,23,52,72,4,97,105,61,111,9,132,112,28" hai3="30,46,57,98,127,81,24,113,2,129,94,130,77"/><U78/><E115/><V134/><F111/><W38/><G2/><T100/><D35/><U8/><E135/><N who="2" m="51755" /><F72/><W123/><G123/><T1/><D39/><U91/><E91/><V17/><F28/><W45/><G113/><T26/><D108/><U96/><E11/><V54/><F112/><W16/><G127/><T103/><D20/><U42/><E42/><V48/><F70/><W99/><G57/><N who="0" m="36975" /><D106/><U117/><E117/><V3/><F61/><W124/><G124/><T133/><D1/><U12/><E12/><N who="2" m="9639" /><F48/><W131/><G38/><T69/><D69/><U101/><E60/><V118/><F118/><W116/><G116/><T74/><D74/><U114/><E71/><V44/><F44/><W66/><G66/><T85/><D120/><U104/><E114/><V34/><F34/><W58/><G30/><N who="0" m="17751" /><D133/><U76/><E53/><V56/><F56/><W122/><G122/><T43/><D43/><U125/><E55/><V41/><F41/><W119/><G119/><T68/><D68/><U47/><E47/><V0/><F0/><W10/><G130/><T86/><D86/><U37/><E37/><V80/><F105/><W15/><G131/><T27/><D27/><U21/><REACH who="1" step="1"/><E125/><REACH who="1" ten="140,302,365,173" step="2"/><V33/><F54/><W14/><G129/><T36/><D36/><U67/><E67/><V121/><F52/><W5/><G46/><T107/><D103/><U32/><E32/><V40/><F33/><W31/><G45/><T87/><D100/><U109/><E109/><V62/><F121/><W93/><G15/><T59/><D88/><U90/><E90/><V50/><F40/><RYUUKYOKU ba="1,2" sc="140,-10,302,30,365,-10,173,-10" hai1="8,13,21,25,29,76,78,84,89,92,96,101,104" />
</Scene>
<Scene>
<INIT seed="5,2,2,0,3,36" ten="130,332,355,163" oya="1" hai0="5,63,49,93,13,12,134,8,118,34,121,51,47" hai1="91,114,43,57,122,78,115,9,61,85,10,76,19" hai2="123,106,41,128,117,133,2,84,44,6,111,103,42" hai3="21,17,104,129,89,75,64,96,59,74,53,109,37"/><U130/><E122/><V92/><F123/><W125/><G109/><T56/><D121/><U126/><E126/><V40/><F111/><W24/><G125/><T80/><D34/><U60/><E130/><V95/><F117/><W72/><G129/><T1/><D118/><U67/><E43/><V86/><F106/><W29/><G64/><T124/><D124/><U48/><E48/><V135/><F44/><W112/><G112/><N who="1" m="43050" /><E61/><V62/><F62/><W35/><G37/><T116/><D134/><N who="2" m="51210" /><F128/><W79/><G79/><N who="1" m="30250" /><E19/><V88/><F103/><W7/><G74/><T23/><D51/><U22/><E22/><V73/><F73/><W113/><G17/><T94/><D23/><U132/><E132/><V0/><F6/><W45/><G7/><T16/><D116/><U83/><AGARI ba="2,2" hai="9,10,57,60,67,83,85,91" m="30250,43050" machi="83" ten="30,1500,0" yaku="15,1" doraHai="36" who="1" fromWho="1" sc="130,-7,332,41,355,-7,163,-7" />
</Scene>
<Scene>
<INIT seed="5,3,0,3,0,38" ten="123,373,348,156" oya="1" hai0="82,94,18,35,93,127,106,48,100,54,79,13,90" hai1="10,1,62,29,133,22,50,115,51,24,67,19,15" hai2="14,113,73,21,53,31,23,123,84,116,27,63,102" hai3="49,70,103,42,89,41,66,121,88,75,80,119,74"/><U0/><E115/><V26/><F116/><W78/><G121/><T129/><D35/><U43/><E133/><V107/><F123/><W65/><G119/><T68/><D68/><U16/><E29/><V11/><F73/><W111/><G111/><T64/><D64/><U97/><E97/><V117/><F117/><W87/><G103/><T45/><D129/><U2/><REACH who="1" step="1"/><E43/><REACH who="1" ten="123,363,348,156" step="2"/><V9/><F31/><W44/><G41/><T8/><D127/><U120/><E120/><V95/><F113/><W40/><G40/><T122/><D122/><U59/><AGARI ba="3,1" hai="0,1,2,10,15,16,19,22,24,50,51,59,62,67" machi="59" ten="30,11700,0" yaku="1,1,0,1,54,1,53,1" doraHai="38" doraHaiUra="5" who="1" fromWho="1" sc="123,-42,363,136,348,-42,156,-42" />
</Scene>
<Scene>
<INIT seed="5,4,0,1,2,77" ten="81,499,306,114" oya="1" hai0="99,55,72,129,23,58,9,109,26,97,130,50,132" hai1="123,38,81,57,75,62,36,102,49,22,113,120,64" hai2="13,73,133,116,98,96,5,111,87,68,2,105,95" hai3="115,108,56,135,44,34,117,118,10,125,80,66,31"/><U15/><E113/><V100/><F68/><W127/><G108/><T41/><D109/><U76/><E102/><N who="2" m="62679" /><F13/><W69/><G115/><T83/><D132/><U3/><E3/><V71/><F5/><W114/><G114/><T7/><D41/><U67/><E67/><V103/><F71/><W35/><G135/><T27/><D27/><U25/><E15/><V51/><F51/><W47/><G69/><T11/><D99/><U89/><E49/><V59/><F59/><W52/><G10/><T92/><D72/><U101/><E101/><V122/><F2/><W40/><G66/><T91/><D83/><U32/><E32/><N who="3" m="12330" /><G31/><T93/><D93/><U74/><E89/><V60/><F60/><N who="3" m="35847" /><G47/><T112/><D112/><U121/><REACH who="1" step="1"/><E74/><REACH who="1" ten="81,489,306,114" step="2"/><V79/><F73/><W16/><G118/><T82/><D50/><U4/><E4/><V131/><F103/><W28/><G117/><T20/><D7/><U110/><E110/><V88/><F111/><W21/><G127/><T126/><D126/><U94/><E94/><V106/><F116/><W43/><G125/><T14/><D14/><U12/><E12/><V63/><F133/><W84/><G21/><T61/><D23/><U39/><E39/><V48/><F48/><W45/><G40/><T30/><D9/><U124/><E124/><V128/><F100/><W19/><G43/><T29/><D11/><U107/><E107/><V46/><F106/><W134/><G134/><T86/><D20/><U8/><E8/><V54/><F95/><W24/><G44/><T37/><D37/><U1/><E1/><V90/><F46/><RYUUKYOKU ba="4,1" sc="81,-10,489,30,306,-10,114,-10" hai1="22,25,36,38,57,62,64,75,76,81,120,121,123" />
</Scene>
<Scene>
<INIT seed="5,5,1,3,3,47" ten="71,519,296,104" oya="1" hai0="71,132,124,111,116,25,105,107,43,16,7,11,130" hai1="115,57,58,78,34,103,49,46,96,126,64,119,32" hai2="45,35,77,13,23,33,60,52,122,74,88,24,112" hai3="17,110,9,72,82,19,6,53,127,73,66,55,28"/><U97/><E119/><V48/><F122/><W79/><G110/><T91/><D111/><U114/><E78/><V14/><F112/><N who="1" m="43049" /><E126/><V42/><F74/><W3/><G127/><T89/><D124/><U69/><E69/><V93/><F77/><W90/><G73/><T26/><D71/><U128/><E128/><V94/><F94/><W44/><G66/><T99/><D116/><U131/><E131/><V0/><F0/><W18/><G28/><T2/><D130/><U10/><E10/><V92/><F92/><W120/><G120/><T121/><D121/><U5/><E5/><V81/><F81/><W27/><G27/><T39/><D43/><N who="1" m="24799" /><E97/><N who="2" m="57511" /><F35/><N who="1" m="13353" /><E64/><V37/><F33/><W38/><REACH who="3" step="1"/><G90/><REACH who="3" ten="71,519,296,94" step="2"/><T95/><D89/><U8/><E8/><V62/><F37/><W50/><G50/><T65/><D39/><U135/><E135/><V20/><F24/><W100/><G100/><T15/><D132/><U36/><E36/><V113/><F113/><W87/><G87/><T106/><REACH who="0" step="1"/><D65/><REACH who="0" ten="61,519,296,94" step="2"/><U63/><E103/><V41/><F41/><AGARI ba="5,3" hai="3,6,9,17,18,19,38,41,44,53,55,72,79,82" machi="41" ten="40,5200,0" yaku="1,1,25,2,53,0" doraHai="47" doraHaiUra="133" who="3" fromWho="2" sc="61,0,519,0,296,-67,94,97" />
</Scene>
<Scene>
<INIT seed="6,0,0,1,4,94" ten="61,519,229,191" oya="2" hai0="52,31,7,23,20,37,123,121,43,21,83,112,125" hai1="97,44,126,1,74,58,40,34,106,128,95,64,113" hai2="134,29,135,36,53,118,65,63,66,105,26,99,132" hai3="77,18,46,19,27,131,109,108,45,38,117,12,71"/><V81/><F36/><W120/><G117/><T91/><D112/><U110/><E1/><V86/><F118/><W90/><G120/><T78/><D125/><U11/><E34/><V67/><F53/><W25/><G71/><T48/><D31/><U60/><E74/><V102/><F63/><W69/><G69/><T41/><D7/><U33/><E33/><V133/><N who="2" m="33792" /><DORA hai="96" /><V10/><F10/><W70/><G70/><T6/><D91/><U79/><E79/><N who="2" m="46399" /><F66/><W107/><G38/><T16/><D6/><U49/><E110/><V68/><F68/><W50/><G50/><T3/><D3/><U116/><E116/><V9/><F9/><W104/><G77/><T13/><D123/><U103/><E126/><V119/><F119/><W93/><G108/><T73/><D121/><U2/><E113/><V72/><F72/><W111/><G111/><T4/><D4/><U87/><E11/><V59/><F59/><W14/><G109/><T115/><D115/><U24/><E2/><V32/><AGARI ba="0,0" hai="26,29,32,65,67,99,102,105" m="46399,33792" machi="32" ten="60,11700,0" yaku="20,1,52,2" doraHai="94,96" who="2" fromWho="2" sc="61,-39,519,-39,229,117,191,-39" />
</Scene>
<Scene>
<INIT seed="6,1,0,4,4,112" ten="22,480,346,152" oya="2" hai0="23,126,17,41,128,24,51,2,102,134,85,16,135" hai1="111,3,127,121,117,21,12,80,115,82,13,119,83" hai2="56,0,44,99,61,53,118,101,100,86,29,42,8" hai3="122,28,34,129,7,95,114,45,90,71,33,92,27"/><V94/><F118/><W18/><G122/><T40/><D2/><U108/><E3/><V69/><F69/><W89/><G71/><T88/><D126/><U32/><E32/><V35/><F35/><W31/><G7/><T58/><D102/><U11/><E21/><V104/><F29/><W131/><G18/><T103/><D103/><U36/><E36/><V48/><F0/><W15/><G15/><N who="1" m="5706" /><E11/><V132/><F132/><N who="0" m="50730" /><D128/><N who="3" m="49225" /><G114/><T75/><D75/><U87/><E87/><V107/><F8/><W37/><G37/><T26/><D58/><U67/><E67/><V93/><REACH who="2" step="1"/><F86/><REACH who="2" ten="22,480,336,152" step="2"/><W39/><G28/><T30/><D17/><U20/><E115/><V81/><F81/><W116/><G34/><N who="0" m="20807" /><D51/><U9/><E9/><V14/><F14/><W109/><G31/><T98/><D98/><AGARI ba="1,1" hai="42,44,48,53,56,61,93,94,98,99,100,101,104,107" machi="98" ten="40,7700,0" yaku="1,1,9,1,53,1" doraHai="112" doraHaiUra="47" who="2" fromWho="0" sc="22,-80,480,0,336,90,152,0" owari="-58,-56.0,480,58.0,426,23.0,152,-25.0" />
</Scene>
</mjloggm>