<mjloggm ver="2.3"><GO type="169" lobby="0"/><UN n0="%E5%85%AC%E5%8B%99%E5%93%A1%E3%81%8F%E3%82%93" n1="%70%61%72%61%6F%6E%64%65" n2="%E5%A4%AA%E3%81%8F%E3%81%AA%E3%81%84%E3%81%8A" n3="%E3%83%80%E3%83%B3%E3%83%86" dan="17,16,19,17" rate="2122.83,2116.37,2298.70,2202.74" sx="F,M,F,M"/><TAIKYOKU oya="0"/>

<Scene>
<INIT seed="0,0,0,5,0,82" ten="250,250,250,250" oya="0" hai0="79,80,31,32,132,34,104,1,126,108,54,15,57" hai1="73,52,14,40,133,49,96,61,56,12,11,2,65" hai2="18,7,121,21,75,107,110,115,109,64,68,55,86" hai3="43,39,111,10,93,45,37,98,74,17,87,118,83"/><T29/><D1/><U103/><E73/><V0/><F75/><W13/><G118/><T123/><D123/><U88/><E133/><V91/><F115/><W5/><G111/><N who="2" m="42505" /><F107/><W62/><G62/><T22/><D104/><U95/><E2/><V129/><F129/><W23/><G74/><T127/><D108/><U60/><E12/><V72/><F72/><W71/><G71/><T33/><D132/><U102/><E40/><V4/><F0/><W53/><G53/><T48/><D15/><U119/><E61/><N who="2" m="39951" /><F55/><W131/><G131/><T78/><D78/><U85/><E119/><V122/><F4/><W58/><G58/><T51/><D51/><U89/><E65/><V67/><F7/><W69/><G69/><T113/><D113/><U30/><E60/><V44/><F44/><W76/><G39/><T99/><D126/><U114/><E30/><V125/><F67/><W19/><REACH who="3" step="1"/><G23/><REACH who="3" ten="250,250,250,240" step="2"/><T66/><D127/><U50/><E114/><V42/><F125/><W100/><AGARI ba="0,1" hai="5,10,13,17,19,37,43,45,76,83,87,93,98,100" machi="100" ten="20,12000,2" yaku="1,1,2,1,0,1,7,1,52,1,53,1" doraHai="82" doraHaiUra="38" who="3" fromWho="3" sc="250,-60,250,-30,250,-30,240,130" />
</Scene>
<Scene>
<INIT seed="1,0,0,4,4,2" ten="190,220,220,370" oya="1" hai0="124,104,0,44,94,107,4,15,102,56,14,8,117" hai1="16,105,99,79,95,42,122,129,55,121,23,53,18" hai2="74,133,46,32,76,127,111,13,92,97,24,126,54" hai3="29,65,77,59,43,109,101,132,64,37,51,10,115"/><U114/><E114/><V38/><F111/><W30/><G115/><T60/><D117/><U84/><E105/><V57/><F133/><W130/><G132/><T6/><D124/><U27/><E42/><V80/><F38/><W73/><G130/><T106/><D44/><U120/><E129/><V12/><F46/><W63/><G109/><T35/><D35/><U135/><E135/><V52/><F32/><W66/><G101/><T58/><D0/><U31/><E18/><V62/><F24/><W110/><G37/><T100/><D94/><U128/><E128/><V21/><F54/><W61/><G110/><T40/><D40/><U83/><REACH who="1" step="1"/><E31/><REACH who="1" ten="190,210,220,370" step="2"/><V9/><F127/><W39/><G43/><T90/><D106/><U88/><AGARI ba="0,1" hai="16,23,27,53,55,79,83,84,88,95,99,120,121,122" machi="88" ten="30,12000,1" yaku="1,1,2,1,0,1,54,2,53,0" doraHai="2" doraHaiUra="45" who="1" fromWho="1" sc="190,-40,210,130,220,-40,370,-40" />
</Scene>
<Scene>
<INIT seed="1,1,0,0,3,57" ten="150,340,180,330" oya="1" hai0="91,26,63,40,38,19,53,118,3,121,128,60,49" hai1="42,120,1,115,77,133,44,66,28,73,33,58,15" hai2="103,114,64,126,112,101,102,0,37,18,89,9,105" hai3="72,41,125,39,124,100,4,98,7,55,88,108,76"/><U81/><E120/><V127/><F37/><W25/><G108/><T65/><D118/><U75/><E1/><V95/><F64/><W111/><G111/><T106/><D3/><U99/><E115/><N who="2" m="44075" /><F18/><W45/><G25/><T17/><D106/><U90/><E133/><V11/><F0/><W110/><G110/><T119/><D121/><U117/><E28/><V34/><F34/><W30/><G30/><T6/><D119/><U14/><E117/><V35/><F35/><W74/><G55/><T2/><D128/><U78/><E33/><V31/><F31/><W50/><G39/><T62/><D2/><U46/><E58/><V109/><F105/><W132/><G132/><T36/><D6/><N who="3" m="2089" /><G76/><T130/><D130/><U122/><E78/><V43/><F43/><W32/><G32/><T22/><D36/><U8/><E77/><V27/><F27/><W16/><G16/><N who="0" m="12615" /><D38/><U23/><E42/><V29/><F29/><W116/><G116/><T92/><D40/><U83/><E122/><V13/><F109/><W21/><G21/><T61/><N who="0" m="15360" /><DORA hai="12" /><T54/><D65/><U97/><E23/><V87/><F13/><W59/><G41/><T70/><D70/><U51/><E66/><V82/><F9/><W47/><G74/><T85/><D54/><U86/><E73/><V69/><F11/><W123/><G72/><T96/><D96/><U5/><E8/><V135/><F69/><W10/><G10/><T107/><D107/><U93/><E97/><N who="2" m="59583" /><F135/><W94/><G123/><T20/><D20/><U79/><E75/><V48/><F48/><W68/><G50/><RYUUKYOKU ba="1,0" sc="150,15,340,-15,180,15,330,-15" hai0="17,19,49,53,85,91,92" hai2="82,87,89,102,103,126,127" />
</Scene>
<Scene>
<INIT seed="2,2,0,3,1,110" ten="165,325,195,315" oya="2" hai0="132,62,73,49,9,22,109,83,112,47,121,51,38" hai1="35,11,103,89,85,17,26,88,80,99,116,0,94" hai2="81,124,126,111,114,39,31,10,12,91,25,78,64" hai3="43,20,46,68,42,96,63,14,125,67,18,5,117"/><V55/><F39/><W133/><G117/><T75/><D121/><U41/><E116/><V77/><F64/><W61/><G133/><T79/><D109/><U48/><E35/><V21/><F111/><W23/><G125/><N who="2" m="48233" /><F55/><W107/><G63/><T100/><D132/><U118/><E118/><V16/><F91/><W44/><G5/><T65/><D112/><U15/><E0/><V106/><F106/><W4/><G4/><T72/><D100/><U13/><E13/><V24/><F24/><W119/><G119/><T104/><D104/><U131/><E131/><V37/><F37/><W76/><G76/><N who="2" m="29289" /><F81/><W54/><G54/><T56/><D38/><U97/><E26/><V27/><F27/><W66/><G66/><T123/><D123/><U90/><E99/><V1/><F1/><W108/><G108/><T57/><D57/><U29/><E29/><V32/><F32/><W34/><G34/><T69/><D69/><U6/><E6/><V86/><F86/><W30/><G96/><T128/><D128/><U3/><E3/><V87/><F87/><W101/><G101/><T130/><D130/><U135/><E135/><V98/><F98/><W70/><G70/><T58/><D58/><U7/><E7/><V8/><F8/><W74/><G107/><T40/><D9/><U105/><E105/><V115/><AGARI ba="2,0" hai="10,12,16,21,25,31,114,115" m="29289,48233" machi="115" ten="30,11700,0" yaku="18,1,52,2,54,1" doraHai="110" who="2" fromWho="2" sc="165,-41,325,-41,195,123,315,-41" />
</Scene>
<Scene>
<INIT seed="2,3,0,1,4,132" ten="124,284,318,274" oya="2" hai0="86,106,121,15,35,5,46,68,23,7,131,14,52" hai1="126,108,110,44,114,54,57,134,4,1,90,20,49" hai2="123,133,8,115,92,102,60,99,31,120,124,71,101" hai3="12,105,32,19,51,48,37,75,13,85,38,2,88"/><V91/><F115/><W45/><G105/><T72/><D72/><U116/><E114/><V96/><F133/><W122/><G75/><T97/><D35/><U11/><E116/><V125/><F31/><W10/><G122/><N who="2" m="46633" /><F8/><W24/><G2/><T40/><D121/><U58/><E134/><V59/><F71/><W39/><G13/><T78/><D68/><U113/><E113/><V47/><F47/><W61/><G61/><T70/><D70/><U65/><E20/><V6/><F6/><N who="0" m="2058" /><D106/><U77/><E77/><V98/><F59/><N who="1" m="22537" /><E90/><V89/><F60/><W33/><G24/><T0/><D0/><U129/><E65/><V82/><F82/><W17/><G17/><T66/><D66/><U62/><E62/><V79/><F79/><W34/><REACH who="3" step="1"/><G45/><REACH who="3" ten="124,284,318,264" step="2"/><T117/><D117/><U127/><E129/><V22/><F22/><W103/><G103/><N who="2" m="39433" /><F89/><W87/><G87/><AGARI ba="3,1" hai="87,91,92,96,98,99,124,125" m="39433,46633" machi="87" ten="40,12000,1" yaku="34,2,52,2" doraHai="132" who="2" fromWho="3" sc="124,0,284,0,318,139,264,-129" />
</Scene>
<Scene>
<INIT seed="2,4,0,0,3,18" ten="124,284,457,135" oya="2" hai0="94,100,60,56,48,112,77,57,28,78,122,3,76" hai1="107,59,31,20,95,63,125,89,35,7,108,41,98" hai2="17,129,24,23,97,19,133,127,49,121,114,118,22" hai3="2,70,50,30,68,69,102,71,11,73,85,119,74"/><V5/><F114/><W106/><G119/><T36/><D36/><U101/><E108/><V55/><F118/><W40/><G85/><T6/><D112/><U88/><E35/><V4/><F121/><W116/><G116/><T79/><D122/><U132/><E132/><V45/><F133/><W75/><G30/><T38/><D38/><U104/><E125/><V86/><F127/><W110/><G110/><T53/><D3/><U135/><E41/><V1/><F129/><W33/><G33/><T27/><D6/><U44/><E44/><V72/><F72/><W134/><G134/><T93/><N who="0" m="19456" /><DORA hai="51" /><T39/><D39/><U37/><E37/><V9/><F86/><W84/><G84/><T105/><D105/><U34/><E7/><V29/><F97/><W54/><G40/><T65/><REACH who="0" step="1"/><D100/><REACH who="0" ten="114,284,457,135" step="2"/><U109/><E101/><V90/><F4/><W113/><G113/><T130/><D130/><U8/><E107/><V43/><F5/><W131/><G131/><T61/><D61/><U123/><E63/><V21/><F1/><W16/><G2/><T80/><D80/><U87/><E104/><V124/><F124/><W67/><G102/><T12/><D12/><U103/><E135/><V66/><F90/><W0/><G106/><T92/><D92/><U26/><E89/><V99/><F24/><W25/><G0/><T117/><D117/><U42/><E123/><V82/><F82/><W15/><G25/><T62/><D62/><U115/><E115/><V111/><F111/><W47/><G74/><T96/><D96/><U13/><E109/><V91/><F99/><RYUUKYOKU ba="4,1" sc="114,15,284,-15,457,-15,135,15" hai0="27,28,48,53,56,57,60,65,93,94" hai3="11,15,16,47,50,54,67,68,69,70,71,73,75" />
</Scene>
<Scene>
<INIT seed="3,5,1,5,1,135" ten="129,269,442,150" oya="3" hai0="84,95,128,7,129,134,8,30,119,66,19,59,20" hai1="132,44,123,76,93,12,94,18,90,80,26,79,73" hai2="71,108,60,17,14,55,6,25,42,9,98,115,13" hai3="89,1,67,2,37,87,97,117,96,101,56,40,33"/><W64/><G117/><T36/><D36/><U4/><E123/><V116/><F116/><W32/><G40/><T81/><D119/><U107/><E132/><V52/><F115/><W54/><G37/><T11/><D134/><U124/><E79/><V92/><F108/><W99/><G101/><T31/><D95/><U3/><E107/><V23/><F42/><W69/><G2/><N who="0" m="119" /><D59/><U22/><E3/><V104/><F104/><W39/><G1/><T28/><D66/><U122/><E122/><V21/><F71/><W29/><G39/><T43/><D43/><U27/><E93/><V38/><F60/><W15/><G69/><T24/><D84/><U75/><E75/><V46/><F46/><W78/><G78/><T110/><D81/><U5/><E44/><V100/><F38/><W35/><G29/><AGARI ba="5,1" hai="6,9,13,14,17,21,23,25,29,52,55,92,98,100" machi="29" ten="30,3900,0" yaku="7,1,8,1,54,1" doraHai="135" who="2" fromWho="3" sc="129,0,269,0,442,64,150,-54" />
</Scene>
<Scene>
<INIT seed="4,0,0,2,4,57" ten="129,269,506,96" oya="0" hai0="49,113,3,96,5,34,28,66,132,128,69,8,59" hai1="89,129,19,35,110,58,109,13,32,46,101,127,111" hai2="80,9,64,33,119,61,90,71,67,74,68,65,24" hai3="131,92,60,53,41,114,42,26,86,14,134,115,4"/><T117/><D117/><U87/><E101/><V93/><F119/><W45/><G26/><N who="0" m="18711" /><D49/><U94/><E129/><V118/><F118/><W15/><G131/><T123/><D59/><U121/><E121/><V84/><F9/><W62/><G134/><T79/><D79/><U1/><E1/><V20/><F33/><W54/><G86/><T37/><D128/><U105/><E105/><V50/><F50/><W63/><G92/><T112/><D132/><U52/><E46/><V95/><F74/><W107/><G107/><T56/><D56/><U39/><E127/><V18/><F65/><W98/><G98/><T51/><D51/><U38/><E39/><V126/><F126/><W17/><G4/><T21/><D21/><U124/><E38/><V47/><F47/><W36/><G41/><T11/><D11/><U25/><E25/><V76/><F76/><W104/><G104/><T40/><D96/><U55/><E124/><V135/><F135/><W6/><G6/><T81/><D81/><U78/><E78/><V22/><F22/><N who="3" m="11575" /><G15/><T43/><D123/><U97/><E97/><V116/><F116/><W12/><G12/><T122/><D122/><U73/><E73/><V77/><F77/><W130/><G130/><T44/><D43/><U75/><E75/><V48/><F48/><W10/><G10/><T103/><D103/><U120/><E120/><V2/><F2/><W102/><G102/><T99/><D99/><U16/><E13/><V85/><F85/><W27/><G27/><T31/><D31/><U70/><E111/><V100/><F100/><W30/><G30/><RYUUKYOKU ba="0,0" sc="129,10,269,-30,506,10,96,10" hai0="3,5,8,37,40,44,66,69,112,113" hai2="18,20,24,61,64,67,68,71,80,84,90,93,95" hai3="36,42,45,53,54,60,62,63,114,115" />
</Scene>
<Scene>
<INIT seed="4,1,0,1,1,50" ten="139,239,516,106" oya="0" hai0="37,65,62,19,47,25,126,14,123,18,55,60,38" hai1="52,75,103,117,0,43,6,66,8,90,102,28,72" hai2="129,45,111,68,88,127,93,108,77,40,44,91,131" hai3="106,124,79,23,134,109,42,84,125,130,86,132,89"/><T95/><D123/><U33/><E117/><V101/><F68/><W16/><G42/><T82/><D126/><N who="3" m="48745" /><G109/><T121/><D121/><U67/><E43/><V34/><F34/><W105/><G130/><T135/><D135/><N who="3" m="51753" /><G79/><T85/><D38/><U61/><E66/><V115/><F93/><N who="3" m="54439" /><G86/><T24/><D95/><U27/><E90/><V5/><F88/><W74/><G74/><T94/><D94/><U21/><E75/><V51/><F91/><W81/><G81/><T110/><D110/><U116/><E72/><V118/><F77/><W29/><G29/><T3/><D37/><U76/><E76/><V112/><F40/><W32/><G32/><T26/><D85/><U35/><E116/><V2/><F118/><W36/><G36/><T22/><D82/><U113/><E35/><V17/><F127/><W83/><G83/><T15/><D3/><U64/><E33/><V48/><F129/><W54/><G54/><T96/><D96/><U73/><E73/><V1/><F131/><W12/><AGARI ba="1,0" hai="12,16,23,105,106" m="54439,51753,48745" machi="12" ten="30,4000,0" yaku="18,1,20,1,54,1" doraHai="50" who="3" fromWho="3" sc="139,-21,239,-11,516,-11,106,43" />
</Scene>
<Scene>
<INIT seed="5,0,0,5,5,58" ten="118,228,505,149" oya="1" hai0="119,66,130,88,14,39,24,72,60,35,15,82,3" hai1="101,22,19,134,70,96,123,71,79,124,48,108,86" hai2="84,38,20,23,7,32,45,95,85,17,8,97,112" hai3="91,61,105,5,73,109,92,67,59,94,2,68,49"/><U65/><E123/><V128/><F32/><W106/><G73/><T135/><D3/><U83/><E124/><V47/><F38/><W54/><G109/><T62/><D119/><U69/><E134/><V52/><F23/><W118/><G118/><T42/><D130/><U31/><E31/><V46/><F112/><W29/><G29/><T28/><D135/><U18/><E18/><V1/><F52/><W74/><G74/><T25/><D25/><U104/><E48/><V100/><F128/><W121/><G121/><T63/><D66/><U26/><REACH who="1" step="1"/><E108/><REACH who="1" ten="118,218,505,149" step="2"/><V102/><F17/><W115/><G49/><T107/><D39/><U122/><E122/><V126/><F126/><W13/><G115/><T43/><D107/><U57/><E57/><V111/><F111/><W27/><G59/><T113/><D113/><U110/><E110/><V129/><F129/><W78/><G105/><T89/><D43/><U12/><E12/><V51/><F51/><W125/><G13/><N who="0" m="4619" /><D42/><U77/><E77/><V16/><F16/><W127/><G106/><T81/><D72/><U6/><E6/><V55/><F7/><W40/><G40/><T98/><D89/><U93/><E93/><V87/><F95/><W116/><G116/><T56/><D56/><U4/><E4/><V41/><F41/><W131/><G131/><T114/><D114/><U33/><E33/><V34/><F34/><W11/><G127/><T117/><D117/><U99/><E99/><V76/><F97/><N who="3" m="57503" /><G125/><T53/><D53/><U120/><E120/><V36/><F55/><W0/><G54/><T133/><D133/><RYUUKYOKU ba="0,1" sc="118,15,218,15,505,-15,149,-15" hai0="24,28,35,60,62,63,81,82,88,98" hai1="19,22,26,65,69,70,71,79,83,86,96,101,104" />
</Scene>
<Scene>
<INIT seed="5,1,1,4,1,85" ten="133,233,490,134" oya="1" hai0="44,101,5,116,37,48,6,13,135,95,51,82,72" hai1="77,8,49,66,20,99,67,43,74,90,109,62,89" hai2="32,81,121,131,59,94,115,111,22,103,19,104,108" hai3="23,36,9,113,12,16,127,7,29,60,25,93,26"/><U56/><E109/><V38/><F32/><W30/><G36/><T73/><D116/><U58/><E74/><V11/><F38/><W65/><G127/><T114/><D37/><U76/><E99/><V14/><F104/><W105/><G113/><T118/><D118/><U132/><E132/><V79/><F121/><W83/><G105/><T124/><D124/><U10/><E20/><V125/><F125/><W18/><G83/><T102/><D135/><U24/><E24/><V134/><F134/><W98/><G26/><T88/><D73/><U57/><E43/><V120/><F120/><W27/><G27/><T47/><D82/><U107/><E107/><V126/><F126/><W117/><G30/><T91/><D72/><U100/><E100/><N who="0" m="38505" /><D114/><U119/><E119/><V15/><F115/><W46/><G46/><N who="0" m="17451" /><D13/><U35/><E35/><V3/><F15/><W1/><G1/><T39/><D39/><U123/><E123/><V55/><F3/><W17/><G117/><T78/><D78/><N who="1" m="30315" /><E49/><N who="0" m="19017" /><D95/><U84/><E84/><V87/><F94/><W80/><G80/><T71/><D71/><U34/><E34/><V28/><F87/><W106/><G106/><T42/><D42/><U64/><E62/><V133/><F133/><W2/><G2/><T41/><D41/><U110/><E110/><V97/><F111/><W50/><G50/><T33/><D33/><U75/><E75/><V21/><F108/><W45/><G45/><T52/><D52/><U31/><E31/><V122/><F28/><W128/><G29/><T40/><D40/><U4/><E4/><AGARI ba="1,1" hai="4,5,6,88,91" m="19017,17451,38505" machi="4" ten="30,12000,2" yaku="28,2,8,1,52,2,54,1" doraHai="85" who="0" fromWho="1" sc="133,133,233,-123,490,0,134,0" />
</Scene>
<Scene>
<INIT seed="6,0,0,5,5,36" ten="266,110,490,134" oya="2" hai0="38,122,109,108,23,61,3,31,131,39,16,47,66" hai1="63,59,71,133,26,57,24,27,19,79,50,21,120" hai2="20,82,107,46,18,113,135,1,81,34,90,132,62" hai3="74,127,60,100,67,112,128,129,76,98,55,95,64"/><V53/><F34/><W30/><G30/><T97/><D3/><U116/><E120/><V105/><F1/><W126/><G112/><T94/><D122/><U37/><E116/><V0/><F0/><W56/><G76/><T14/><D131/><N who="3" m="50249" /><G74/><T83/><D83/><U42/><E37/><V89/><F53/><W80/><G80/><T7/><D7/><U125/><E133/><V32/><F62/><W111/><G111/><T104/><D104/><U134/><E134/><V110/><F46/><W9/><G9/><T68/><D31/><U93/><E125/><AGARI ba="0,0" hai="55,56,60,64,67,95,98,100,125,126,127" m="50249" machi="125" ten="30,2000,0" yaku="18,1,19,1" doraHai="36" who="3" fromWho="1" sc="266,0,110,-20,490,0,134,20" />
</Scene>
<Scene>
<INIT seed="7,0,0,1,2,46" ten="266,90,490,154" oya="3" hai0="128,31,6,4,40,118,32,58,104,114,130,3,64" hai1="112,96,55,19,7,26,83,88,9,134,74,106,110" hai2="53,94,84,15,78,70,97,124,117,105,43,56,95" hai3="0,75,132,30,42,115,116,11,8,52,23,5,122"/><W49/><G75/><T1/><D118/><U50/><E110/><V77/><F94/><W27/><G116/><T12/><D104/><U47/><E112/><V14/><F14/><W60/><G132/><T25/><D40/><U38/><E38/><V102/><F56/><W113/><G122/><T48/><D114/><N who="3" m="43529" /><G11/><N who="0" m="4215" /><D4/><U125/><E134/><V87/><F117/><W17/><G42/><T131/><D48/><U61/><E125/><V13/><F43/><W35/><G60/><AGARI ba="0,0" hai="1,3,25,31,32,58,60,64,128,130,131" m="4215" machi="60" ten="30,1000,0" yaku="19,1" doraHai="46" who="0" fromWho="3" sc="266,10,90,0,490,0,154,-10" owari="276,8.0,90,-41.0,490,59.0,144,-26.0" />
</Scene>
</mjloggm>