<mjloggm ver="2.3"><GO type="169" lobby="0"/><UN n0="%E5%A4%AA%E3%81%8F%E3%81%AA%E3%81%84%E3%81%8A" n1="%74%61%74%73%75%37%30%32" n2="%69%6E%66%6F%31%32%33" n3="%E3%83%81%E3%83%A5%E3%83%AB%E3%82%B9" dan="19,16,16,17" rate="2301.44,2128.28,2034.19,2149.17" sx="F,M,M,M"/><TAIKYOKU oya="0"/>

<Scene>
<INIT seed="0,0,0,1,1,0" ten="250,250,250,250" oya="0" hai0="17,44,60,122,41,135,27,20,94,75,48,46,77" hai1="52,37,70,12,91,120,67,124,45,111,5,15,33" hai2="36,86,28,1,114,31,50,4,29,24,116,14,79" hai3="34,13,54,59,3,64,118,109,7,32,115,19,55"/><T61/><D122/><U26/><E120/><V105/><F36/><W130/><G118/><T113/><D113/><U88/><E111/><V92/><F105/><W89/><G115/><T133/><D94/><U85/><E124/><V97/><F114/><W121/><G121/><T16/><D17/><U25/><E37/><V2/><F116/><W107/><G130/><T128/><D128/><U125/><E125/><V80/><F24/><N who="1" m="9321" /><E70/><V71/><F71/><W63/><G109/><T68/><D46/><U104/><E104/><V8/><REACH who="2" step="1"/><F50/><REACH who="2" ten="250,250,240,250" step="2"/><W73/><G107/><T58/><D68/><U87/><E33/><V126/><F126/><W6/><G34/><T132/><REACH who="0" step="1"/><D58/><REACH who="0" ten="240,250,240,250" step="2"/><U72/><E45/><V84/><F84/><W56/><G56/><T10/><D10/><N who="1" m="4175" /><E72/><V62/><F62/><W93/><G73/><T134/><N who="0" m="33792" /><DORA hai="57" /><T123/><D123/><U100/><E87/><V47/><F47/><W102/><G59/><T76/><D76/><U74/><E74/><V82/><F82/><AGARI ba="0,2" hai="16,20,27,41,44,48,60,61,75,77,82" m="33792" machi="82" ten="70,18000,2" yaku="1,1,20,1,52,2,54,1,53,1" doraHai="0,57" doraHaiUra="43,101" who="0" fromWho="2" sc="240,200,250,0,240,-180,250,0" />
</Scene>
<Scene>
<INIT seed="0,1,0,0,5,26" ten="440,250,60,250" oya="0" hai0="4,31,108,107,23,134,88,89,135,12,114,69,123" hai1="133,67,115,70,59,84,44,113,122,83,92,61,64" hai2="13,109,90,98,125,46,57,82,76,132,55,131,27" hai3="33,38,34,51,25,43,47,1,40,104,74,3,50"/><T99/><D114/><N who="1" m="43531" /><E92/><V14/><F109/><W48/><G104/><T36/><D123/><U124/><E122/><V72/><F131/><W16/><G74/><T29/><D36/><U93/><E93/><V60/><F132/><N who="0" m="50730" /><D69/><U15/><E133/><V96/><F125/><W71/><G71/><T65/><D65/><U18/><E124/><V53/><F90/><N who="0" m="34922" /><D108/><U79/><E44/><V87/><F72/><W45/><G38/><T100/><D23/><N who="1" m="11743" /><E70/><V91/><F27/><W77/><G77/><T73/><D73/><U103/><E103/><V37/><F37/><W130/><G130/><T105/><D107/><U128/><E67/><V54/><F46/><W117/><G47/><T39/><D39/><U0/><E128/><V19/><F13/><W127/><G127/><T56/><D56/><U106/><E106/><V112/><F112/><W22/><G45/><T58/><D58/><U28/><E0/><V21/><REACH who="2" step="1"/><F91/><REACH who="2" ten="440,250,50,250" step="2"/><W10/><G1/><T78/><D78/><U49/><E79/><V52/><AGARI ba="1,1" hai="14,19,21,52,53,54,55,57,60,76,82,87,96,98" machi="52" ten="30,8000,1" yaku="1,1,2,1,0,1,8,1,54,1,53,0" doraHai="26" doraHaiUra="118" who="2" fromWho="2" sc="440,-41,250,-21,50,93,250,-21" />
</Scene>
<Scene>
<INIT seed="1,0,0,4,3,117" ten="399,229,143,229" oya="1" hai0="123,83,114,23,42,105,40,0,52,78,85,34,3" hai1="87,115,128,13,26,6,15,14,107,102,18,80,21" hai2="73,56,89,133,77,119,122,44,96,75,104,130,76" hai3="132,24,29,10,124,22,111,47,54,28,43,135,99"/><U41/><E115/><V31/><F31/><W1/><G111/><T82/><D34/><U118/><E118/><V7/><F119/><W59/><G124/><T35/><D35/><U71/><E71/><V74/><F7/><W8/><G99/><T25/><D114/><U97/><E41/><V11/><F11/><W127/><G127/><T27/><D105/><U92/><E107/><V68/><F68/><W98/><G98/><T106/><D106/><U129/><REACH who="1" step="1"/><E6/><REACH who="1" ten="399,219,143,229" step="2"/><V125/><F125/><W60/><G135/><T49/><D40/><U81/><E81/><V2/><F104/><W93/><G132/><T20/><D42/><U108/><E108/><V32/><F133/><W69/><G69/><T65/><D83/><U50/><E50/><V4/><F4/><W103/><G1/><T101/><D49/><U9/><E9/><V63/><F2/><W64/><G10/><T95/><D82/><U48/><E48/><V67/><F130/><W88/><G8/><T62/><D0/><U131/><E131/><V86/><F75/><W100/><G43/><T70/><D3/><U84/><E84/><V45/><F86/><W121/><G47/><T120/><D70/><U116/><E116/><V61/><F45/><W66/><G60/><T58/><D62/><U33/><E33/><V46/><F32/><W38/><G38/><T19/><D85/><U126/><E126/><V90/><F61/><W72/><G72/><T37/><D37/><U91/><AGARI ba="0,1" hai="13,14,15,18,21,26,80,87,91,92,97,102,128,129" machi="91" ten="30,3000,0" yaku="1,1,0,1,53,0" doraHai="117" doraHaiUra="57" who="1" fromWho="1" sc="399,-10,219,40,143,-10,229,-10" />
</Scene>
<Scene>
<INIT seed="1,1,0,5,2,60" ten="389,259,133,219" oya="1" hai0="108,54,88,112,3,86,85,93,90,21,124,15,129" hai1="132,30,67,123,48,9,52,55,38,53,98,46,51" hai2="23,16,109,6,0,13,100,66,47,26,103,75,49" hai3="84,114,133,95,116,113,111,11,89,91,63,81,104"/><U126/><E30/><V107/><F75/><W77/><G11/><T2/><D112/><U121/><E9/><V122/><F122/><N who="1" m="46601" /><E98/><V57/><F109/><W28/><G28/><T24/><D108/><U87/><E87/><V73/><F73/><W40/><G40/><T99/><D124/><U58/><E126/><V10/><F107/><W117/><G63/><T43/><D15/><U110/><E110/><V35/><F57/><W25/><G25/><T62/><D86/><U1/><E1/><V105/><F105/><W44/><G44/><T135/><D85/><U56/><E132/><V22/><F66/><W18/><G18/><T120/><D99/><U20/><E20/><V96/><F96/><W12/><G12/><T131/><D21/><U50/><E67/><V33/><F33/><W42/><G104/><T83/><D2/><U7/><E7/><V36/><F36/><AGARI ba="1,0" hai="36,38,46,48,50,51,52,53,55,56,58" m="46601" machi="36" ten="30,5800,0" yaku="34,2,54,1" doraHai="60" who="1" fromWho="2" sc="389,0,259,61,133,-61,219,0" />
</Scene>
<Scene>
<INIT seed="1,2,0,5,5,78" ten="389,320,72,219" oya="1" hai0="46,40,74,30,66,128,45,110,121,90,73,79,15" hai1="53,96,115,113,119,98,56,17,55,42,57,135,118" hai2="20,52,27,6,58,116,99,62,133,16,54,9,123" hai3="127,39,95,49,131,11,105,13,33,32,28,10,81"/><U1/><E1/><V97/><F133/><W44/><G105/><T34/><D66/><U5/><E17/><V125/><F125/><W37/><G127/><T107/><D107/><U94/><E94/><V41/><F123/><W69/><G69/><T84/><D121/><U4/><REACH who="1" step="1"/><E42/><REACH who="1" ten="389,310,72,219" step="2"/><V31/><F116/><W18/><G95/><T29/><D40/><U2/><E2/><V75/><F41/><W36/><G18/><T0/><D0/><U19/><E19/><V104/><F104/><W117/><G117/><T76/><D30/><U50/><E50/><V92/><F75/><W134/><G49/><T70/><D29/><U35/><E35/><V71/><F71/><W64/><G28/><T102/><D73/><U80/><E80/><V23/><F92/><W130/><G81/><T87/><D74/><U88/><E88/><V89/><F89/><W109/><G33/><T60/><D34/><U111/><E111/><V3/><REACH who="2" step="1"/><F54/><REACH who="2" ten="389,310,62,219" step="2"/><W67/><G109/><T48/><D90/><U63/><E63/><V59/><F59/><W83/><G134/><AGARI ba="2,2" hai="4,5,53,55,56,57,96,98,113,115,118,119,134,135" machi="134" ten="25,4800,0" yaku="1,1,22,2,53,0" doraHai="78" doraHaiUra="106" who="1" fromWho="3" sc="389,0,310,74,62,0,219,-54" />
</Scene>
<Scene>
<INIT seed="1,3,0,4,1,74" ten="389,384,62,165" oya="1" hai0="52,59,81,125,77,90,122,111,114,23,133,76,29" hai1="71,101,87,79,35,84,72,40,27,68,28,39,19" hai2="107,80,85,98,14,116,128,100,120,56,33,109,61" hai3="108,10,83,94,115,49,21,89,55,70,102,18,3"/><U47/><E87/><V53/><F120/><W97/><G108/><T36/><D36/><U20/><E84/><V69/><F109/><W118/><G115/><T88/><D111/><U132/><E132/><V99/><F128/><W73/><G70/><T15/><D114/><U62/><E62/><V24/><F116/><W126/><G126/><T26/><D125/><U86/><E86/><V32/><F69/><W117/><G3/><T2/><D2/><U58/><E58/><V46/><F14/><W60/><G10/><T123/><D133/><U129/><E129/><V31/><F99/><W127/><G127/><T43/><D43/><U106/><E19/><V64/><F46/><W51/><G102/><T63/><D15/><U7/><E20/><V42/><F42/><W38/><G38/><T134/><D134/><U22/><E22/><V50/><F32/><W113/><G113/><T13/><D13/><U37/><E7/><V131/><F131/><W66/><G118/><T93/><D90/><U135/><E39/><V65/><REACH who="2" step="1"/><F61/><REACH who="2" ten="389,384,52,165" step="2"/><W103/><G60/><T78/><REACH who="0" step="1"/><D81/><REACH who="0" ten="379,384,52,165" step="2"/><N who="1" m="45287" /><E135/><V0/><F0/><W67/><G83/><T112/><D112/><U4/><E4/><V34/><F34/><W121/><G117/><T41/><D41/><U82/><E82/><V48/><F48/><W95/><G51/><T45/><D45/><U9/><E9/><V16/><F16/><W96/><G18/><T104/><D104/><U44/><E47/><V91/><AGARI ba="3,2" hai="24,31,33,50,53,56,64,65,80,85,91,98,100,107" machi="91" ten="20,5200,0" yaku="1,1,0,1,7,1,53,1" doraHai="74" doraHaiUra="25" who="2" fromWho="2" sc="379,-16,384,-29,52,81,165,-16" />
</Scene>
<Scene>
<INIT seed="2,0,0,0,5,66" ten="363,355,133,149" oya="2" hai0="52,37,39,49,92,12,100,2,113,8,119,13,67" hai1="114,75,98,4,11,65,3,108,69,24,21,130,64" hai2="103,126,84,17,47,109,59,15,80,30,120,95,123" hai3="73,62,32,61,71,27,56,33,70,99,90,63,81"/><V14/><F126/><W127/><G127/><T105/><D105/><U18/><E114/><V125/><F125/><W87/><G56/><T85/><D113/><U106/><E75/><V115/><F115/><W118/><G118/><T88/><D119/><U112/><E112/><V101/><F109/><W46/><G46/><T78/><D100/><U5/><E108/><V132/><F132/><W122/><G122/><T20/><D78/><U42/><E5/><V116/><F116/><W6/><G6/><T45/><D2/><U110/><E110/><V68/><F30/><W82/><G99/><T58/><D20/><U10/><E10/><V121/><F59/><W57/><G57/><T91/><D13/><U93/><E106/><V23/><F68/><W25/><G73/><T34/><D34/><U40/><E65/><V72/><F72/><W38/><G38/><T117/><D117/><U35/><E35/><V7/><F47/><W104/><G104/><T9/><D9/><U102/><REACH who="1" step="1"/><E130/><REACH who="1" ten="363,345,133,149" step="2"/><V96/><F7/><W133/><G133/><T89/><D39/><U54/><E54/><V26/><REACH who="2" step="1"/><F103/><REACH who="2" ten="363,345,123,149" step="2"/><W129/><G129/><T22/><D67/><U50/><E50/><V79/><AGARI ba="0,2" hai="14,15,17,23,26,79,80,84,95,96,101,120,121,123" machi="79" ten="30,6000,0" yaku="1,1,2,1,0,1,53,0" doraHai="66" doraHaiUra="55" who="2" fromWho="2" sc="363,-20,345,-20,123,80,149,-20" />
</Scene>
<Scene>
<INIT seed="2,1,0,5,4,36" ten="343,325,203,129" oya="2" hai0="0,42,68,101,110,112,105,55,16,79,2,73,91" hai1="132,103,108,28,87,9,19,98,80,21,124,63,54" hai2="96,4,82,107,127,92,72,71,41,102,99,85,50" hai3="48,1,125,49,116,32,40,74,27,94,90,115,66"/><V88/><F71/><W61/><G116/><T37/><D112/><U77/><E108/><V133/><F4/><W114/><G1/><T69/><D55/><U43/><E124/><V10/><F10/><W31/><G74/><T25/><D91/><U95/><E132/><V22/><F133/><W56/><G125/><T76/><D110/><U89/><E9/><V86/><F127/><W60/><G60/><T118/><D118/><U51/><E28/><V47/><REACH who="2" step="1"/><F22/><REACH who="2" ten="343,325,193,129" step="2"/><W39/><G115/><T35/><D68/><U7/><E7/><V120/><F120/><W83/><G114/><T122/><D69/><U111/><E111/><V121/><F121/><W129/><G129/><T131/><D122/><U14/><E63/><V8/><F8/><W45/><REACH who="3" step="1"/><G83/><REACH who="3" ten="343,325,193,119" step="2"/><T100/><D131/><U23/><E23/><V57/><F57/><W134/><G134/><T20/><D20/><U130/><E130/><V26/><F26/><W58/><G58/><T34/><D25/><U106/><E80/><V33/><F33/><W18/><G18/><T3/><D16/><U30/><E21/><V15/><F15/><W52/><G52/><T97/><D34/><U109/><E19/><V135/><F135/><W13/><G13/><T12/><D12/><U119/><E14/><V46/><F46/><W38/><G38/><T17/><D35/><U65/><E54/><V113/><F113/><W104/><G104/><T5/><D17/><U62/><E106/><V64/><F64/><W128/><G128/><T84/><D105/><U70/><E65/><V24/><F24/><W117/><G117/><RYUUKYOKU ba="1,2" sc="343,-15,325,-15,193,15,119,15" hai2="41,47,50,72,82,85,86,88,92,96,99,102,107" hai3="27,31,32,39,40,45,48,49,56,61,66,90,94" />
</Scene>
<Scene>
<INIT seed="2,2,2,0,1,64" ten="328,310,208,134" oya="2" hai0="112,23,83,4,106,104,30,31,25,130,34,61,18" hai1="80,77,48,123,74,116,99,134,100,71,129,78,53" hai2="7,87,84,44,90,35,1,41,88,32,72,120,46" hai3="22,111,15,38,124,94,127,16,103,36,62,107,126"/><V55/><F120/><W93/><G111/><T81/><D112/><U125/><E116/><V63/><F72/><W135/><G135/><T86/><D130/><U105/><E129/><V6/><F1/><W59/><G107/><T42/><D42/><U29/><E134/><V2/><F2/><W20/><G20/><T85/><D4/><U118/><E118/><V75/><F75/><W14/><G14/><T109/><D109/><U19/><E78/><V69/><F41/><W12/><G12/><T9/><D9/><U13/><E29/><V108/><F108/><W76/><G76/><T110/><D61/><U96/><E96/><V37/><F37/><N who="3" m="14443" /><G103/><T45/><D45/><U132/><E125/><V115/><F115/><W60/><G60/><T40/><D110/><U131/><E123/><V68/><F63/><W91/><G91/><T39/><D31/><U114/><E131/><V3/><F3/><W122/><G122/><T66/><D23/><U82/><E80/><V73/><F73/><W17/><G17/><T5/><D18/><U97/><E99/><V54/><AGARI ba="2,2" hai="6,7,32,35,44,46,54,55,68,69,84,87,88,90" machi="54" ten="25,18000,2" yaku="0,1,22,2,52,2,54,1" doraHai="64" who="2" fromWho="2" sc="328,-62,310,-62,208,206,134,-62" />
</Scene>
<Scene>
<INIT seed="2,3,0,3,2,124" ten="266,248,414,72" oya="2" hai0="58,16,98,113,77,104,66,31,133,87,65,135,39" hai1="122,49,103,14,51,73,45,10,42,125,18,60,89" hai2="88,55,25,100,53,75,3,21,13,134,92,6,22" hai3="91,9,97,2,30,5,114,68,19,72,27,24,46"/><V4/><F75/><W48/><G68/><T32/><D39/><U123/><E73/><V63/><F134/><N who="0" m="51210" /><D113/><U132/><E132/><V23/><F100/><W57/><G114/><T8/><D31/><U59/><E125/><V85/><F3/><W36/><G36/><T128/><D32/><U74/><E74/><V86/><F86/><W126/><G126/><T105/><D58/><U28/><E89/><V70/><F70/><W20/><G72/><T52/><D52/><N who="2" m="20042" /><F63/><W7/><G57/><T102/><D104/><U35/><E51/><V50/><F50/><W90/><G7/><N who="2" m="2601" /><F13/><W106/><G106/><T76/><D87/><U115/><E103/><V15/><F15/><W117/><G117/><T120/><D102/><U83/><E115/><V79/><F79/><W44/><G44/><T131/><D76/><U130/><E83/><V37/><F37/><W95/><G46/><T40/><D77/><U81/><E81/><V96/><F85/><W11/><G48/><T26/><D105/><U43/><E43/><V62/><F62/><W56/><G56/><T82/><D40/><U29/><E35/><V61/><F61/><W111/><G91/><T109/><D82/><U121/><REACH who="1" step="1"/><E130/><REACH who="1" ten="266,238,414,72" step="2"/><V129/><F129/><W64/><G90/><T47/><D131/><U69/><E69/><V12/><F12/><W101/><G101/><T34/><D128/><U116/><E116/><V94/><F94/><W67/><G95/><T41/><D41/><U93/><E93/><V127/><F127/><W107/><G107/><T38/><D38/><U0/><E0/><V118/><F118/><RYUUKYOKU ba="3,1" sc="266,-15,238,15,414,15,72,-15" hai1="10,14,18,28,29,42,45,49,59,60,121,122,123" hai2="21,22,23,25,88,92,96" />
</Scene>
<Scene>
<INIT seed="2,4,1,5,2,133" ten="251,253,429,57" oya="2" hai0="117,100,33,69,76,38,96,98,75,61,70,111,132" hai1="56,66,41,135,89,31,45,85,43,54,10,36,95" hai2="97,125,129,49,52,78,27,134,119,113,116,73,5" hai3="17,71,2,120,35,84,67,32,80,63,12,123,121"/><V104/><F113/><W29/><G2/><T131/><D33/><U48/><E135/><V42/><F134/><W37/><G37/><T94/><D38/><U28/><E43/><V68/><F68/><W91/><REACH who="3" step="1"/><G29/><REACH who="3" ten="251,253,429,47" step="2"/><T79/><D132/><U40/><E31/><V126/><F119/><W109/><G109/><T25/><D111/><U53/><E28/><V14/><F116/><W7/><G7/><T130/><D117/><U39/><E36/><V60/><F5/><W0/><G0/><T87/><D130/><U15/><E39/><V115/><F129/><W83/><G83/><T128/><D131/><U72/><E72/><V110/><F73/><W106/><G106/><T50/><D128/><U9/><E9/><AGARI ba="4,2" hai="9,12,17,32,35,63,67,71,80,84,91,120,121,123" machi="9" ten="40,1300,0" yaku="1,1,53,0" doraHai="133" doraHaiUra="18" who="3" fromWho="1" sc="251,0,253,-25,429,0,47,45" />
</Scene>
<Scene>
<INIT seed="3,0,0,5,3,134" ten="251,228,429,92" oya="3" hai0="122,4,69,133,17,115,54,131,63,77,112,18,109" hai1="100,129,37,95,105,55,20,29,36,74,35,135,102" hai2="119,81,125,84,22,103,44,32,97,104,9,86,34" hai3="24,66,30,80,65,96,75,52,71,15,94,2,120"/><W19/><G2/><T16/><D122/><U49/><E74/><V21/><F119/><W67/><G120/><T51/><D133/><U11/><E35/><V79/><F9/><W123/><G123/><T38/><D38/><U90/><E105/><V72/><F44/><W3/><G3/><T14/><D77/><U87/><E135/><V62/><F62/><W85/><G75/><T132/><D132/><U23/><E129/><V13/><F22/><N who="3" m="15639" /><G71/><T53/><D131/><U108/><E108/><V10/><F21/><W99/><G94/><T117/><D117/><U76/><E76/><V41/><F34/><W56/><G19/><T33/><D33/><U118/><E118/><V31/><F31/><W48/><G15/><T128/><D109/><U26/><E37/><V127/><F32/><W0/><G0/><T91/><D128/><U47/><E36/><V61/><F41/><W121/><G121/><T39/><D39/><U89/><E11/><V12/><F12/><W64/><N who="3" m="16384" /><DORA hai="1" /><W7/><G7/><T6/><D6/><U70/><E70/><V59/><F10/><W43/><G43/><T113/><D69/><U107/><E107/><V111/><F13/><W45/><G45/><N who="0" m="27887" /><D14/><U92/><REACH who="1" step="1"/><E23/><REACH who="1" ten="251,218,429,92" step="2"/><V28/><F111/><W73/><G73/><T27/><D4/><U68/><E68/><V110/><F110/><W82/><G82/><T5/><D5/><U98/><AGARI ba="0,1" hai="20,26,29,47,49,55,87,89,90,92,95,98,100,102" machi="98" ten="20,8000,1" yaku="1,1,0,1,7,1,8,1,53,1" doraHai="134,1" doraHaiUra="40,101" who="1" fromWho="1" sc="251,-20,218,90,429,-20,92,-40" />
</Scene>
<Scene>
<INIT seed="4,0,0,5,0,57" ten="231,308,409,52" oya="0" hai0="100,71,28,14,19,119,96,45,121,91,108,25,21" hai1="9,67,99,39,85,113,15,33,127,26,8,131,60" hai2="41,2,47,93,73,107,27,58,36,106,77,51,102" hai3="66,31,115,86,3,123,11,132,92,114,29,35,134"/><T10/><D119/><U124/><E39/><V53/><F93/><W24/><G66/><T54/><D121/><U89/><E99/><V42/><F42/><W87/><G92/><T79/><D71/><U4/><E8/><V111/><F111/><W129/><G123/><T84/><D79/><U83/><E131/><V94/><F94/><W117/><G117/><T112/><D112/><N who="3" m="43049" /><G87/><T110/><D100/><U43/><E43/><V34/><F102/><W49/><G49/><N who="0" m="28975" /><D96/><U0/><E113/><V32/><F32/><W55/><G55/><T125/><D125/><N who="1" m="48203" /><E33/><V82/><F34/><W38/><G86/><T50/><D50/><U7/><E26/><V80/><F80/><AGARI ba="0,0" hai="10,14,19,21,25,28,80,84,91,108,110" m="28975" machi="80" ten="30,1500,0" yaku="25,1" doraHai="57" who="0" fromWho="2" sc="231,15,308,0,409,-15,52,0" />
</Scene>
<Scene>
<INIT seed="4,1,0,4,3,2" ten="246,308,394,52" oya="0" hai0="76,72,97,113,91,75,131,36,38,14,52,119,105" hai1="93,51,125,74,19,133,50,114,102,5,135,22,23" hai2="37,59,73,17,104,88,28,44,109,45,82,60,65" hai3="90,85,98,70,94,128,80,117,89,57,56,7,130"/><T68/><D119/><U127/><E74/><V0/><F104/><W87/><G70/><T83/><D68/><U126/><E102/><V106/><F106/><W71/><G71/><T49/><D75/><U111/><E111/><V62/><F109/><W40/><G40/><T58/><D113/><U103/><E103/><V132/><F0/><W29/><G29/><T64/><D64/><U63/><E93/><V46/><F132/><N who="1" m="50761" /><E114/><V6/><F28/><W67/><G67/><T1/><D1/><U27/><E63/><V20/><F60/><W30/><G30/><T4/><D131/><U107/><E107/><V79/><F88/><W66/><G66/><T129/><D129/><U84/><E84/><V34/><F34/><W115/><G98/><T92/><REACH who="0" step="1"/><D105/><REACH who="0" ten="236,308,394,52" step="2"/><U48/><E23/><V11/><F20/><W12/><G115/><T77/><D77/><U69/><E69/><V41/><F79/><W9/><G117/><T31/><D31/><U16/><E19/><V134/><F17/><W121/><G130/><T101/><D101/><U118/><E5/><V54/><F134/><W86/><G128/><T78/><D78/><U33/><E118/><V47/><F65/><W123/><G123/><T61/><D61/><U55/><E33/><V8/><F6/><W120/><G120/><T124/><D124/><U26/><E27/><V116/><F116/><W43/><G121/><T39/><D39/><U3/><E3/><V95/><F73/><W108/><G108/><T21/><D21/><U25/><E26/><V24/><F37/><W81/><G43/><T112/><D112/><RYUUKYOKU ba="1,1" sc="236,10,308,10,394,-30,52,10" hai0="4,14,36,38,49,52,58,72,76,83,91,92,97" hai1="16,22,25,48,50,51,55,125,126,127" hai3="7,9,12,56,57,80,81,85,86,87,89,90,94" />
</Scene>
<Scene>
<INIT seed="4,2,1,4,1,71" ten="246,318,364,62" oya="0" hai0="37,82,107,77,115,26,30,123,4,10,59,83,110" hai1="104,8,108,20,62,74,120,6,80,36,24,1,48" hai2="116,66,45,93,103,28,17,98,50,61,129,131,18" hai3="22,69,32,105,54,88,102,132,114,19,113,49,29"/><T47/><D123/><U135/><E108/><V46/><F116/><W124/><G69/><T56/><D107/><U109/><E120/><V34/><F34/><W41/><G132/><T85/><D115/><U38/><E109/><V13/><F28/><W84/><G124/><T72/><D110/><U40/><E104/><V51/><F51/><W86/><G86/><T126/><D126/><U44/><E135/><V67/><F67/><W130/><G130/><N who="2" m="49673" /><F13/><W60/><G60/><T5/><D5/><U53/><E74/><V121/><F121/><W117/><G117/><T70/><D70/><U27/><E80/><V9/><F9/><W101/><G32/><T14/><D47/><N who="2" m="17930" /><F50/><W134/><G29/><T119/><D119/><U12/><E12/><V68/><AGARI ba="2,1" hai="17,18,61,66,68,93,98,103" m="17930,49673" machi="68" ten="30,1100,0" yaku="19,1" doraHai="71" who="2" fromWho="2" sc="246,-7,318,-5,364,27,62,-5" />
</Scene>
<Scene>
<INIT seed="5,0,0,4,2,54" ten="239,313,391,57" oya="1" hai0="73,86,46,90,64,67,28,108,19,5,96,32,16" hai1="85,56,92,49,71,123,20,18,53,87,130,131,109" hai2="98,27,126,75,24,112,81,104,102,120,127,134,17" hai3="23,48,44,39,78,125,15,2,128,103,22,51,72"/><U93/><E123/><V88/><F120/><W95/><G128/><N who="1" m="49194" /><E71/><V89/><F134/><W84/><G125/><N who="2" m="47625" /><F112/><W0/><G39/><T133/><D73/><U29/><E29/><V6/><F6/><W35/><G35/><T70/><D108/><U111/><E93/><V68/><F68/><W30/><G72/><T58/><D70/><U57/><E92/><V4/><F4/><W1/><G51/><T36/><D96/><U47/><E85/><V124/><F124/><W94/><G94/><T55/><D5/><U80/><E111/><V79/><F24/><W62/><G103/><T14/><D19/><U45/><E47/><V119/><F119/><W83/><G2/><T82/><D133/><U3/><E3/><V97/><F97/><W117/><G117/><T129/><D129/><U42/><E42/><V100/><F100/><W21/><G1/><T33/><D28/><U8/><E8/><V99/><F99/><W31/><G0/><T114/><D114/><U74/><E74/><V105/><F105/><W135/><G135/><T113/><D113/><U12/><E109/><V9/><F9/><W25/><G95/><T11/><D33/><U50/><E49/><V10/><F10/><W65/><G31/><T38/><D32/><U43/><E43/><V7/><F7/><W63/><G63/><N who="0" m="36319" /><D38/><U59/><E45/><V77/><F17/><W40/><REACH who="3" step="1"/><G15/><REACH who="3" ten="239,313,391,47" step="2"/><T132/><D132/><U66/><E66/><V107/><F102/><W122/><G122/><T101/><D101/><U61/><E50/><V121/><F75/><W106/><G106/><T34/><D34/><RYUUKYOKU ba="0,1" sc="239,10,313,10,391,-30,47,10" hai0="11,14,16,36,46,64,67,82,86,90" hai1="12,18,20,53,56,57,59,61,80,87" hai3="21,22,23,25,30,40,44,48,62,65,78,83,84" />
</Scene>
<Scene>
<INIT seed="5,1,1,0,0,80" ten="249,323,361,57" oya="1" hai0="83,34,49,98,134,114,132,84,117,79,105,59,37" hai1="92,121,111,53,119,112,9,82,104,127,70,120,13" hai2="76,42,30,12,55,23,51,24,31,7,63,16,87" hai3="45,19,103,6,91,108,60,73,68,46,58,100,56"/><U33/><E104/><V89/><F76/><W131/><G108/><T5/><D37/><U77/><E70/><V118/><F118/><W8/><G131/><T95/><D34/><U14/><E33/><V41/><F63/><W25/><G73/><T72/><D5/><U93/><E119/><V18/><F7/><W40/><G68/><T32/><D32/><U94/><E111/><V10/><F42/><W36/><G46/><T125/><D117/><U122/><E122/><V29/><F41/><W129/><G129/><T109/><D109/><U21/><E121/><V81/><F30/><W123/><G123/><T97/><D114/><U1/><E1/><V15/><F24/><W57/><G103/><N who="0" m="62711" /><D125/><U52/><E112/><V128/><F128/><W38/><G100/><N who="0" m="60479" /><D49/><U27/><E127/><V99/><F99/><W101/><G101/><T66/><D59/><AGARI ba="1,1" hai="10,12,15,16,18,23,29,31,51,55,59,81,87,89" machi="59" ten="30,7700,0" yaku="7,1,8,1,52,1,54,1" doraHai="80" who="2" fromWho="0" sc="249,-80,323,0,361,90,57,0" />
</Scene>
<Scene>
<INIT seed="6,0,0,5,1,94" ten="169,323,451,57" oya="2" hai0="98,92,102,52,133,53,130,73,26,47,58,14,6" hai1="126,68,51,78,20,97,30,87,122,3,45,34,128" hai2="11,37,109,44,63,84,71,70,19,29,32,81,41" hai3="38,96,31,50,15,107,9,100,114,125,106,2,115"/><V112/><F112/><W76/><G38/><T135/><D73/><U101/><E68/><V66/><F109/><W108/><G108/><T0/><D0/><U132/><E34/><V49/><F32/><W113/><G2/><T91/><D130/><U25/><E3/><V111/><F29/><W103/><G31/><T23/><D47/><U54/><E128/><V7/><F19/><W13/><G125/><T61/><D53/><U4/><E132/><N who="0" m="50761" /><D14/><U60/><E126/><V118/><F118/><W105/><G50/><T62/><D6/><U28/><E122/><V69/><F37/><W33/><G33/><T134/><D134/><U5/><E30/><V79/><F111/><W39/><G39/><T59/><D102/><U24/><E24/><V10/><F10/><W83/><G9/><T80/><D80/><U64/><E87/><V124/><F124/><W129/><G129/><T110/><D110/><U116/><E78/><V57/><F71/><W16/><G15/><AGARI ba="0,0" hai="7,11,15,41,44,49,57,63,66,69,70,79,81,84" machi="15" ten="30,5800,0" yaku="7,1,25,2" doraHai="94" who="2" fromWho="3" sc="169,0,323,0,451,58,57,-58" owari="169,-23.0,323,12.0,509,61.0,-1,-50.0" />
</Scene>
</mjloggm>