<mjloggm ver="2.3"><GO type="169" lobby="0"/><UN n0="%E9%8A%80%E3%81%B0%E3%81%95%E3%81%BF" n1="%E5%A4%AA%E3%81%8F%E3%81%AA%E3%81%84%E3%81%8A" n2="%69%74%61%6C%69%61%6E" n3="%E5%A6%82%E6%9C%88%E3%82%AB%E3%83%AB%E3%83%8A" dan="18,18,16,16" rate="2229.00,2241.53,2062.53,2040.59" sx="M,F,M,M"/><TAIKYOKU oya="0"/>

<Scene>
<INIT seed="0,0,0,4,4,109" ten="250,250,250,250" oya="0" hai0="110,101,58,77,64,14,129,32,39,25,117,2,41" hai1="76,24,50,69,103,108,52,5,34,42,84,87,70" hai2="0,1,43,62,48,131,55,60,132,16,27,45,10" hai3="12,63,78,106,111,86,104,113,115,99,125,53,31"/><T68/><D2/><U30/><E108/><V127/><F127/><W11/><G111/><T9/><D117/><U85/><E42/><V73/><F131/><W80/><G125/><T116/><D116/><U65/><E5/><V102/><F132/><W67/><G31/><T56/><D110/><U6/><E6/><V44/><F73/><W135/><G53/><T134/><D134/><U26/><E103/><V33/><F102/><W28/><G28/><T107/><D77/><U75/><E26/><V97/><F97/><W47/><G47/><T3/><D3/><U94/><E94/><V130/><F33/><W120/><G120/><T121/><D129/><U98/><E98/><V4/><F0/><W114/><G99/><N who="0" m="61887" /><D121/><U7/><E7/><V29/><F29/><W91/><G78/><T35/><D39/><U72/><E65/><V126/><F126/><W133/><G135/><T13/><D41/><U96/><E96/><V74/><F74/><W19/><REACH who="3" step="1"/><G133/><REACH who="3" ten="250,250,250,240" step="2"/><T49/><D32/><U57/><REACH who="1" step="1"/><E72/><REACH who="1" ten="250,240,250,240" step="2"/><V23/><REACH who="2" step="1"/><F130/><REACH who="2" ten="250,240,240,240" step="2"/><W118/><G118/><T105/><D105/><U40/><E40/><V71/><F71/><AGARI ba="0,3" hai="11,12,19,63,67,71,80,86,91,104,106,113,114,115" machi="71" ten="40,8000,1" yaku="1,1,52,3,53,0" doraHai="109" doraHaiUra="88" who="3" fromWho="2" sc="250,0,240,0,240,-80,240,110" />
</Scene>
<Scene>
<INIT seed="1,0,0,2,4,50" ten="250,240,160,350" oya="1" hai0="71,34,1,43,40,101,56,100,0,29,52,45,89" hai1="73,24,11,27,61,87,108,44,135,12,8,97,36" hai2="19,53,63,32,62,48,65,41,17,85,107,9,75" hai3="74,90,93,2,88,46,120,86,31,105,28,129,126"/><U123/><E73/><V81/><F75/><W6/><G105/><T18/><D71/><U118/><E118/><V39/><F107/><W57/><G120/><T16/><D34/><U131/><E123/><V119/><F32/><W22/><G126/><T124/><D124/><U111/><E131/><V115/><F119/><W30/><G74/><T21/><D0/><U83/><E135/><V78/><F115/><W55/><G46/><T114/><D1/><U69/><E97/><V109/><F109/><N who="1" m="42057" /><E69/><V106/><F106/><W7/><G2/><T49/><D114/><U82/><E61/><V117/><F41/><N who="0" m="15946" /><D45/><U92/><E36/><V58/><F39/><W54/><G57/><T10/><D89/><N who="1" m="53311" /><E44/><V104/><F117/><W70/><G70/><T110/><D110/><U76/><E11/><V127/><F127/><W99/><G22/><T23/><D10/><U128/><E128/><V26/><F104/><W35/><G129/><T38/><D38/><U84/><E83/><V125/><F125/><W25/><G35/><T42/><D42/><U91/><E91/><V5/><F63/><W94/><G25/><N who="0" m="14503" /><D29/><U20/><E20/><V15/><REACH who="2" step="1"/><F26/><AGARI ba="0,0" hai="18,23,26,49,52,56,100,101" m="14503,15946" machi="26" ten="30,7700,0" yaku="8,1,52,1,54,2" doraHai="50" who="0" fromWho="2" sc="250,77,240,0,160,-77,350,0" />
</Scene>
<Scene>
<INIT seed="2,0,0,0,3,6" ten="327,240,83,350" oya="2" hai0="60,29,88,132,27,61,111,89,62,36,75,65,17" hai1="81,21,9,115,69,127,113,39,86,109,106,34,19" hai2="59,87,133,74,84,58,47,107,28,20,25,7,94" hai3="55,85,43,37,112,102,23,40,30,51,64,98,121"/><V41/><F107/><W120/><G64/><T76/><D36/><U95/><E34/><V33/><F74/><W8/><G112/><T110/><D132/><U78/><E106/><V10/><F133/><W129/><G129/><T31/><D65/><U45/><E69/><V4/><F4/><W32/><G32/><T63/><D63/><U123/><E109/><N who="0" m="41481" /><D17/><U90/><E127/><V13/><F33/><W56/><G85/><T101/><D101/><U18/><E123/><V2/><F2/><W99/><G23/><N who="0" m="15615" /><D31/><U52/><E39/><V80/><F94/><W124/><G30/><T126/><D126/><U5/><E19/><V53/><F53/><W118/><G124/><T50/><D50/><N who="1" m="28751" /><E115/><V72/><F72/><W103/><G37/><T42/><D42/><U22/><E18/><V114/><F114/><W38/><G38/><T54/><D54/><U134/><E134/><V93/><F93/><N who="3" m="58703" /><G43/><T128/><D128/><U119/><E113/><V35/><F35/><W125/><G40/><T68/><D68/><U104/><E104/><V105/><F105/><N who="3" m="63743" /><G125/><T44/><D44/><U71/><E71/><V16/><F28/><W92/><G92/><T83/><AGARI ba="0,0" hai="60,61,62,75,76,83,88,89" m="15615,41481" machi="83" ten="40,2700,0" yaku="14,1,54,1" doraHai="6" who="0" fromWho="0" sc="327,27,240,-7,83,-13,350,-7" />
</Scene>
<Scene>
<INIT seed="3,0,0,0,2,92" ten="354,233,70,343" oya="3" hai0="55,56,74,122,82,33,87,70,42,106,132,57,131" hai1="64,83,47,51,14,40,16,98,6,73,115,11,135" hai2="5,43,66,13,38,44,17,22,1,89,35,109,100" hai3="63,120,62,105,110,19,20,9,114,46,24,65,23"/><W121/><G114/><T126/><D122/><U88/><E115/><V117/><F109/><W18/><G110/><T27/><D70/><U129/><E129/><V8/><F117/><W116/><G116/><T84/><D106/><U15/><E135/><V30/><F66/><W111/><G111/><T91/><D74/><U101/><E64/><V86/><F100/><W85/><G9/><T81/><D131/><U54/><E73/><V61/><F61/><W124/><G124/><T48/><D132/><U67/><E67/><V26/><F89/><W99/><G85/><AGARI ba="0,0" hai="1,5,8,13,17,22,26,30,35,38,43,44,85,86" machi="85" ten="40,2600,0" yaku="24,2" doraHai="92" who="2" fromWho="3" sc="354,0,233,0,70,26,343,-26" />
</Scene>
<Scene>
<INIT seed="4,0,0,2,5,95" ten="354,233,96,317" oya="0" hai0="42,0,10,27,11,65,38,26,68,23,74,51,89" hai1="71,58,86,37,115,108,117,76,94,30,125,107,9" hai2="45,96,22,19,81,80,7,133,122,50,132,18,56" hai3="47,78,5,67,33,106,134,46,101,98,17,118,112"/><T73/><D38/><U8/><E71/><V64/><F7/><W128/><G112/><T110/><D110/><U69/><E69/><V130/><F122/><W40/><G118/><T114/><D114/><U105/><E115/><V29/><F130/><W21/><G134/><N who="2" m="51817" /><F29/><W84/><G33/><T90/><D68/><U102/><E117/><V97/><F64/><W49/><G5/><T60/><D42/><U25/><E37/><V75/><F56/><W53/><G67/><T120/><D51/><U39/><E39/><V14/><F19/><W87/><G78/><T55/><D65/><U43/><E108/><V24/><F24/><W48/><REACH who="3" step="1"/><G128/><REACH who="3" ten="354,233,96,307" step="2"/><T79/><D120/><U12/><E76/><N who="2" m="44063" /><F81/><W77/><G77/><T104/><D79/><U4/><E4/><V57/><F57/><W2/><G2/><T20/><D0/><U127/><E58/><V124/><F124/><W116/><G116/><T103/><D74/><U28/><E127/><V131/><F131/><W1/><G1/><T72/><D73/><U34/><E125/><V135/><F135/><W123/><G123/><T100/><D72/><U82/><E34/><V16/><F18/><W15/><AGARI ba="0,1" hai="15,17,21,40,46,47,48,49,53,84,87,98,101,106" machi="15" ten="20,5200,0" yaku="1,1,0,1,7,1,52,1,53,0" doraHai="95" doraHaiUra="59" who="3" fromWho="3" sc="354,-26,233,-13,96,-13,307,62" />
</Scene>
<Scene>
<INIT seed="5,0,0,4,1,133" ten="328,220,83,369" oya="1" hai0="23,89,115,119,28,19,78,57,124,55,4,134,113" hai1="117,72,106,132,120,118,27,97,14,104,112,135,93" hai2="6,5,1,129,49,121,17,73,75,35,130,128,25" hai3="45,3,50,68,33,21,66,91,86,109,65,122,64"/><U40/><E40/><V15/><F121/><W76/><G33/><T44/><D119/><N who="1" m="45579" /><E14/><V11/><F49/><W48/><G109/><T9/><D134/><N who="1" m="51243" /><E27/><V13/><F75/><W63/><G76/><T85/><D28/><U101/><E120/><V81/><F81/><W71/><G3/><T125/><D44/><U107/><E72/><V100/><F100/><W22/><G122/><T20/><D78/><U54/><E54/><V58/><F58/><W90/><G66/><T105/><D4/><N who="2" m="1642" /><F73/><W95/><G50/><T53/><D9/><U31/><E31/><N who="2" m="19951" /><F13/><W7/><G48/><T111/><D55/><U116/><N who="1" m="45587" /><U10/><DORA hai="51" /><E10/><V16/><F17/><W2/><G65/><T26/><D19/><U98/><E112/><V127/><F1/><W18/><G2/><T32/><D113/><U34/><E34/><V36/><F36/><W43/><G43/><T74/><D32/><U92/><E92/><V8/><F8/><W96/><G95/><T114/><D74/><U88/><AGARI ba="0,0" hai="88,93,97,98,101,104,106,107" m="51243,45587" machi="88" ten="50,12000,1" yaku="20,1,34,2,54,1" doraHai="133,51" who="1" fromWho="1" sc="328,-40,220,120,83,-40,369,-40" />
</Scene>
<Scene>
<INIT seed="5,1,0,3,3,82" ten="288,340,43,329" oya="1" hai0="102,29,107,31,57,49,11,47,103,116,64,75,25" hai1="45,92,130,27,80,124,40,110,101,22,123,122,28" hai2="89,0,62,127,131,93,111,77,88,51,1,113,30" hai3="18,37,13,100,66,74,85,9,99,7,76,5,26"/><U55/><E124/><V50/><F127/><W91/><G37/><T96/><D116/><U23/><E130/><V109/><F77/><W35/><G66/><T54/><D75/><U71/><E71/><V132/><F132/><W2/><G74/><T125/><D125/><U67/><E67/><V46/><F131/><W16/><G76/><T34/><D102/><U17/><E110/><V94/><F62/><W87/><G91/><T24/><D11/><U4/><E4/><N who="3" m="1610" /><G35/><T90/><D90/><U98/><E55/><V19/><F30/><W78/><G78/><T58/><REACH who="0" step="1"/><D64/><REACH who="0" ten="278,340,43,329" step="2"/><U97/><E123/><V39/><F113/><W8/><G2/><T128/><D128/><U106/><E122/><V104/><F0/><W65/><G65/><T52/><D52/><U129/><E129/><V43/><F1/><W83/><G83/><T60/><D60/><U3/><E80/><V114/><F114/><W81/><G81/><T48/><D48/><U120/><E3/><V135/><F135/><W42/><G42/><T84/><D84/><N who="3" m="32329" /><G99/><T6/><D6/><U41/><E120/><V38/><F111/><W32/><G100/><T118/><D118/><U72/><E72/><V21/><F109/><W126/><G126/><T68/><D68/><U56/><E41/><V86/><F104/><W20/><G32/><AGARI ba="1,1" hai="24,25,29,31,32,34,47,49,54,57,58,96,103,107" machi="32" ten="30,3900,0" yaku="1,1,7,1,9,1,53,0" doraHai="82" doraHaiUra="112" who="0" fromWho="3" sc="278,52,340,0,43,0,329,-42" />
</Scene>
<Scene>
<INIT seed="6,0,0,3,5,15" ten="330,340,43,287" oya="2" hai0="67,123,81,108,126,23,65,3,131,77,125,135,103" hai1="20,13,27,29,109,80,43,28,119,70,72,45,50" hai2="60,5,88,10,97,58,56,19,110,33,78,49,68" hai3="105,98,64,86,101,62,44,31,7,93,1,111,46"/><V74/><F68/><W17/><G111/><T47/><D3/><U38/><E109/><V124/><F110/><W16/><G31/><T84/><D108/><U92/><E70/><V48/><F124/><N who="0" m="47722" /><D123/><U55/><E119/><V40/><F33/><W42/><G1/><T83/><D135/><U89/><E13/><V118/><F118/><W54/><G7/><T63/><D131/><U107/><E107/><V85/><F97/><W128/><G54/><T116/><D116/><U8/><E8/><V117/><F78/><W79/><G128/><T99/><D63/><U24/><E80/><V26/><F74/><W129/><G129/><T73/><D47/><N who="3" m="17961" /><G105/><N who="0" m="63743" /><D23/><N who="1" m="15391" /><E72/><V100/><F100/><W90/><G42/><T2/><D2/><U9/><E38/><V104/><F5/><W36/><G36/><T51/><D51/><N who="2" m="19530" /><F104/><W21/><G21/><T121/><D121/><U87/><E9/><V82/><F117/><W59/><G101/><T22/><D22/><U102/><E102/><V76/><F76/><AGARI ba="0,0" hai="65,67,73,76,77,81,83,84" m="63743,47722" machi="76" ten="30,1000,0" yaku="18,1" doraHai="15" who="0" fromWho="2" sc="330,10,340,0,43,-10,287,0" />
</Scene>
<Scene>
<INIT seed="7,0,0,1,5,90" ten="340,340,33,287" oya="3" hai0="53,119,31,65,25,116,66,126,55,61,0,63,127" hai1="102,19,79,123,4,95,12,105,26,132,24,18,51" hai2="5,75,101,83,73,22,106,82,45,10,68,135,40" hai3="32,117,27,111,76,110,104,60,11,2,86,23,72"/><W50/><G117/><N who="0" m="45131" /><D0/><U62/><E123/><V37/><F22/><W21/><G104/><T115/><D115/><U113/><E105/><V47/><F135/><W93/><G32/><T34/><D63/><U121/><E121/><V52/><F52/><N who="0" m="20042" /><D61/><U74/><E132/><V122/><F47/><W44/><G60/><T33/><D33/><U41/><E113/><V81/><F122/><W100/><G11/><T1/><D1/><U96/><E62/><V46/><F46/><W58/><G58/><T48/><D48/><U17/><E74/><V15/><F83/><N who="3" m="45447" /><G2/><T35/><D35/><U88/><E79/><V78/><F68/><W120/><G120/><T107/><D107/><U13/><E88/><V94/><F82/><W89/><G100/><T97/><D97/><U128/><E51/><V49/><F73/><W130/><G130/><T56/><D56/><U8/><E128/><V43/><F43/><N who="3" m="24863" /><G27/><N who="1" m="10282" /><E41/><V109/><F109/><AGARI ba="0,0" hai="21,23,86,89,93,109,110,111" m="24863,45447" machi="109" ten="30,2900,0" yaku="10,1,52,1" doraHai="90" who="3" fromWho="2" sc="340,0,340,0,33,-29,287,29" />
</Scene>
<Scene>
<INIT seed="7,1,0,1,2,116" ten="340,340,4,316" oya="3" hai0="22,112,55,28,106,2,45,109,19,39,59,51,17" hai1="131,7,83,12,21,10,123,103,27,53,24,124,84" hai2="6,25,31,97,107,77,121,73,56,52,49,61,93" hai3="88,3,75,62,23,117,68,70,90,95,4,32,38"/><W69/><G117/><T57/><D106/><U64/><E123/><V85/><F107/><W110/><G32/><T26/><D2/><U37/><E37/><V29/><F73/><W50/><G38/><T34/><D109/><U113/><E113/><V80/><F6/><W134/><G110/><T128/><D112/><U118/><E118/><V47/><F121/><W9/><G134/><T63/><D128/><U89/><E131/><V30/><F25/><W48/><G62/><N who="0" m="36159" /><D34/><U74/><E124/><V46/><F61/><W99/><G75/><T65/><D39/><U119/><E119/><V94/><F94/><W58/><G58/><T115/><D115/><U42/><E74/><V101/><AGARI ba="1,0" hai="29,30,31,46,47,49,52,56,77,80,85,93,97,101" machi="101" ten="30,4000,0" yaku="0,1,8,1,54,1" doraHai="116" who="2" fromWho="2" sc="340,-11,340,-11,4,43,316,-21" owari="329,42.0,329,13.0,47,-45.0,295,-10.0" />
</Scene>
</mjloggm>