<mjloggm ver="2.3"><GO type="169" lobby="0"/><UN n0="%E8%A5%BF%E6%9D%91%E9%9B%84%E4%B8%80%E9%83%8E" n1="%3E%5F%30%40%E6%9D%8F%E6%9D%8F%E8%BB%8D%E5%9C%98" n2="%E5%A4%AA%E3%81%8F%E3%81%AA%E3%81%84%E3%81%8A" n3="%44%53%43" dan="16,17,18,17" rate="2136.79,2083.14,2243.48,2116.10" sx="M,F,F,F"/><TAIKYOKU oya="0"/>

<Scene>
<INIT seed="0,0,0,4,3,15" ten="250,250,250,250" oya="0" hai0="22,106,27,75,13,34,41,62,57,5,108,90,131" hai1="17,61,21,82,122,85,56,2,3,126,60,92,55" hai2="18,39,19,33,100,65,87,115,1,125,25,28,76" hai3="134,6,16,69,42,37,109,99,78,127,47,110,26"/><T48/><D131/><U86/><E122/><V111/><F115/><W45/><G69/><T119/><D119/><U132/><E132/><V50/><F39/><W70/><G70/><T114/><D106/><U96/><E126/><V46/><F1/><W36/><G127/><T59/><D75/><U83/><E60/><V81/><F125/><W51/><G78/><T8/><D34/><U66/><E66/><V104/><F111/><N who="3" m="42507" /><G6/><T38/><D38/><U67/><E67/><V130/><F130/><W58/><G134/><T64/><D114/><U89/><E83/><V117/><F117/><W112/><G112/><T73/><D73/><U129/><E129/><V93/><F104/><W0/><G0/><T49/><D41/><U80/><E80/><V72/><F65/><W98/><G58/><T9/><D59/><U91/><REACH who="1" step="1"/><E85/><REACH who="1" ten="250,240,250,250" step="2"/><V105/><F72/><W88/><G99/><T7/><D108/><U14/><AGARI ba="0,1" hai="2,3,14,17,21,55,56,61,82,86,89,91,92,96" machi="14" ten="20,8000,1" yaku="1,1,2,1,0,1,7,1,52,1,53,0" doraHai="15" doraHaiUra="24" who="1" fromWho="1" sc="250,-40,240,90,250,-20,250,-20" />
</Scene>
<Scene>
<INIT seed="1,0,0,2,4,57" ten="210,330,230,230" oya="1" hai0="106,102,14,30,23,45,97,125,83,92,21,55,22" hai1="115,63,35,36,8,124,117,74,62,10,77,72,25" hai2="5,82,88,99,50,126,65,2,49,34,94,32,56" hai3="61,31,19,118,24,12,120,75,105,111,13,95,122"/><U69/><E117/><V37/><F37/><W66/><G105/><T116/><D116/><U59/><E69/><V28/><F126/><W46/><G75/><T11/><D125/><U89/><E36/><V98/><F82/><W96/><G118/><T110/><D110/><U132/><E124/><V91/><F5/><W127/><G46/><T51/><D83/><U53/><E115/><V113/><F2/><W134/><G127/><T40/><D106/><U6/><E132/><V130/><F113/><W33/><G134/><T64/><D64/><U73/><E77/><V38/><F38/><W39/><G39/><T85/><D85/><U44/><E44/><V0/><F0/><W26/><G26/><N who="0" m="16719" /><D55/><U80/><E80/><V17/><F130/><W76/><G76/><T79/><D79/><U70/><E89/><V16/><F56/><W119/><G119/><T87/><D87/><U60/><E70/><V93/><F28/><W42/><G42/><T41/><D41/><U109/><E109/><V52/><REACH who="2" step="1"/><F52/><REACH who="2" ten="210,330,220,230" step="2"/><W78/><G111/><T27/><D27/><U131/><E131/><V29/><F29/><W84/><G31/><T129/><D129/><U103/><E6/><AGARI ba="0,1" hai="6,11,14,22,23,40,45,51,92,97,102" m="16719" machi="6" ten="30,1000,0" yaku="8,1" doraHai="57" who="0" fromWho="1" sc="210,20,330,-10,220,0,230,0" />
</Scene>
<Scene>
<INIT seed="2,0,0,0,3,102" ten="230,320,220,230" oya="2" hai0="108,63,132,123,80,8,98,2,40,47,110,113,27" hai1="22,116,76,37,30,60,21,122,14,48,71,17,16" hai2="86,112,6,33,39,107,26,73,46,135,68,117,84" hai3="91,103,5,18,34,115,75,38,29,9,79,82,35"/><V130/><RYUUKYOKU type="yao9" ba="0,0" sc="230,0,320,0,220,0,230,0" hai2="6,26,33,39,46,68,73,84,86,107,112,117,130,135" />
</Scene>
<Scene>
<INIT seed="2,1,0,0,4,132" ten="230,320,220,230" oya="2" hai0="78,2,71,88,104,110,81,7,6,43,134,94,99" hai1="3,51,12,4,21,85,18,1,95,63,112,128,106" hai2="17,16,97,9,25,38,77,90,121,93,28,115,44" hai3="0,135,123,8,89,47,117,67,19,15,52,86,62"/><V84/><F115/><W91/><G117/><T61/><D134/><U107/><E112/><V109/><F121/><W41/><G123/><T13/><D2/><U76/><E128/><V80/><F109/><W87/><G135/><T73/><D110/><U125/><E125/><V92/><F9/><W133/><G133/><T68/><D43/><U45/><E63/><V53/><F38/><W66/><G0/><T69/><D13/><U40/><E3/><V74/><F44/><W20/><G20/><T24/><D104/><U79/><E79/><V114/><F53/><W75/><G75/><T111/><D111/><U34/><E34/><V126/><F126/><W30/><G30/><T27/><REACH who="0" step="1"/><D61/><REACH who="0" ten="220,320,220,230" step="2"/><U116/><E1/><V35/><REACH who="2" step="1"/><F114/><REACH who="2" ten="220,320,210,230" step="2"/><W37/><G37/><T113/><D113/><U83/><E40/><V127/><F127/><W108/><G41/><T82/><D82/><U100/><E83/><V50/><F50/><N who="3" m="28767" /><G108/><T57/><D57/><U31/><E51/><V23/><F23/><W72/><G62/><T103/><D103/><AGARI ba="1,2" hai="16,17,25,28,35,74,77,80,84,90,92,93,97,103" machi="103" ten="30,5800,0" yaku="1,1,7,1,54,1,53,0" doraHai="132" doraHaiUra="120" who="2" fromWho="0" sc="220,-61,320,0,210,81,230,0" />
</Scene>
<Scene>
<INIT seed="2,2,0,0,5,16" ten="159,320,291,230" oya="2" hai0="71,110,105,86,88,91,114,52,101,27,133,121,73" hai1="0,131,22,2,19,117,18,6,54,49,4,69,61" hai2="34,7,12,130,40,48,13,94,106,95,53,97,102" hai3="98,74,17,25,29,24,15,8,100,56,10,44,5"/><V62/><F34/><W77/><G74/><T51/><D121/><U127/><E117/><V125/><F125/><W32/><G77/><T3/><D114/><U128/><E127/><V28/><F28/><W132/><G132/><T75/><D71/><U123/><E123/><V30/><F30/><W31/><G44/><T21/><D3/><N who="1" m="1067" /><E61/><V46/><F130/><N who="1" m="49705" /><E69/><V126/><F126/><W59/><G8/><T57/><D110/><U107/><E107/><V63/><F106/><W20/><REACH who="3" step="1"/><G5/><REACH who="3" ten="159,320,291,220" step="2"/><T92/><D133/><U42/><E6/><V83/><F7/><W65/><G65/><T135/><D135/><U79/><E4/><V33/><F33/><W14/><G14/><T23/><D23/><U78/><E79/><V112/><F12/><W41/><G41/><T113/><D113/><U1/><E78/><V80/><F13/><W64/><G64/><T122/><D122/><U50/><E1/><V87/><F112/><W36/><G36/><T39/><D39/><U103/><E42/><V35/><F35/><W108/><G108/><T99/><REACH who="0" step="1"/><D91/><REACH who="0" ten="149,320,291,220" step="2"/><U109/><E109/><V76/><F76/><W111/><G111/><T115/><D115/><U81/><E22/><V96/><F40/><W37/><G37/><T43/><D43/><U55/><E54/><V47/><F53/><W67/><G67/><T58/><D58/><U45/><E55/><V60/><F46/><W104/><AGARI ba="2,2" hai="10,15,17,20,24,25,29,31,32,56,59,98,100,104" machi="104" ten="20,5200,0" yaku="1,1,0,1,7,1,52,1,53,0" doraHai="16" doraHaiUra="66" who="3" fromWho="3" sc="149,-15,320,-15,291,-28,220,78" />
</Scene>
<Scene>
<INIT seed="3,0,0,1,2,104" ten="134,305,263,298" oya="3" hai0="118,42,58,76,27,47,21,75,103,99,9,106,24" hai1="66,56,133,63,1,81,102,8,100,83,80,5,19" hai2="110,130,117,127,29,55,92,30,96,77,23,41,46" hai3="112,45,85,90,4,49,16,7,91,51,35,119,25"/><W111/><G112/><T28/><D118/><U67/><E133/><V65/><F117/><W68/><G119/><T50/><D9/><U70/><E70/><V124/><F110/><W95/><G68/><T94/><D106/><U93/><E67/><V115/><F115/><W116/><G116/><T126/><D126/><N who="2" m="48170" /><F65/><W43/><G111/><T78/><D75/><U22/><REACH who="1" step="1"/><E93/><REACH who="1" ten="134,295,263,298" step="2"/><V105/><F92/><W132/><G132/><T17/><REACH who="0" step="1"/><D58/><REACH who="0" ten="124,295,263,298" step="2"/><U89/><E89/><V12/><F105/><W52/><G90/><T101/><D101/><U121/><E121/><V113/><F113/><W10/><G35/><AGARI ba="0,2" hai="17,21,24,27,28,35,42,47,50,76,78,94,99,103" machi="35" ten="30,7700,0" yaku="1,1,7,1,53,2" doraHai="104" doraHaiUra="74" who="0" fromWho="3" sc="124,97,295,0,263,0,298,-77" />
</Scene>
<Scene>
<INIT seed="4,0,0,5,0,128" ten="221,295,263,221" oya="0" hai0="51,123,22,70,18,7,127,63,130,35,57,104,118" hai1="47,134,108,10,17,77,122,120,89,41,54,37,24" hai2="4,71,97,13,94,21,67,52,1,124,48,103,60" hai3="113,8,95,81,46,90,86,98,44,87,117,45,3"/><T59/><D130/><U112/><E108/><V131/><F131/><W116/><G117/><T11/><D35/><U5/><E112/><V99/><F124/><W61/><G113/><T125/><D104/><U64/><E64/><V80/><F1/><W53/><G116/><T62/><D118/><U121/><E77/><V16/><F4/><W36/><G3/><T126/><D123/><U25/><E17/><V74/><F80/><W15/><G87/><T69/><D51/><U2/><E89/><V129/><F129/><W28/><G28/><T92/><D92/><U76/><E76/><V111/><F74/><W79/><G36/><T38/><D38/><U109/><E54/><V101/><F111/><W83/><G83/><T115/><D59/><U68/><E68/><N who="0" m="26217" /><D57/><U107/><E107/><V40/><F40/><W84/><G98/><T29/><D29/><U110/><E25/><V85/><F85/><W19/><REACH who="3" step="1"/><G61/><REACH who="3" ten="221,295,263,211" step="2"/><T133/><D63/><U72/><E109/><V56/><REACH who="2" step="1"/><F99/><REACH who="2" ten="221,295,253,211" step="2"/><W106/><G106/><T6/><D115/><U12/><E110/><V30/><F30/><W49/><AGARI ba="0,2" hai="8,15,19,44,45,46,49,53,79,81,84,86,90,95" machi="49" ten="30,7900,0" yaku="1,1,0,1,8,1,53,1" doraHai="128" doraHaiUra="88" who="3" fromWho="3" sc="221,-39,295,-20,253,-20,211,99" />
</Scene>
<Scene>
<INIT seed="5,0,0,1,2,49" ten="182,275,233,310" oya="1" hai0="110,118,2,64,94,89,20,132,36,114,133,90,119" hai1="17,78,32,85,76,88,10,35,33,43,47,44,100" hai2="104,5,75,56,1,125,3,71,103,111,65,80,109" hai3="4,37,116,126,124,77,86,46,7,129,24,12,130"/><U59/><E100/><V83/><F56/><W67/><G67/><T115/><D2/><U34/><E59/><V38/><F125/><N who="3" m="48235" /><G116/><N who="0" m="44587" /><D20/><U84/><E84/><V53/><F53/><W51/><G37/><T61/><D110/><U9/><E47/><V97/><F80/><N who="3" m="47375" /><G24/><T31/><D31/><U52/><E43/><V98/><F98/><W55/><G12/><T108/><D108/><U0/><E0/><N who="2" m="75" /><F5/><AGARI ba="0,0" hai="4,5,7,46,51,55,129,130" m="47375,48235" machi="5" ten="30,2000,0" yaku="18,1,52,1" doraHai="49" who="3" fromWho="2" sc="182,0,275,0,233,-20,310,20" />
</Scene>
<Scene>
<INIT seed="6,0,0,3,4,0" ten="182,275,213,330" oya="2" hai0="46,102,67,69,86,125,93,101,23,61,130,112,22" hai1="134,68,117,71,64,27,73,109,43,5,58,37,36" hai2="80,50,54,29,42,128,38,56,40,127,10,118,83" hai3="97,98,30,20,6,114,7,110,95,53,28,18,91"/><V48/><F118/><W85/><G110/><T133/><D112/><U11/><E73/><V72/><F127/><W25/><G114/><T51/><D125/><U122/><E109/><V26/><F128/><W15/><G53/><T132/><D130/><U24/><E58/><V8/><F38/><W87/><G87/><T39/><D39/><U14/><E134/><V111/><F111/><W106/><G106/><T76/><D22/><U33/><E122/><V113/><F113/><W123/><G123/><T90/><D76/><U52/><E52/><N who="2" m="31751" /><F72/><W81/><G97/><T2/><D2/><U88/><E37/><V1/><F1/><W96/><G96/><T79/><D23/><U35/><E27/><V65/><F65/><W62/><G62/><T103/><REACH who="0" step="1"/><D79/><REACH who="0" ten="172,275,213,330" step="2"/><U78/><E78/><V16/><F29/><N who="3" m="11371" /><G25/><T94/><D94/><U66/><E24/><V108/><F108/><W135/><G135/><T47/><D47/><U120/><E120/><V115/><F115/><W13/><G13/><T57/><D57/><U32/><E14/><N who="2" m="7239" /><F26/><W21/><G20/><T100/><N who="0" m="25600" /><DORA hai="121" /><T9/><D9/><U119/><E11/><V34/><F10/><W99/><G21/><T19/><D19/><U60/><E33/><V131/><F34/><W77/><G18/><T12/><D12/><U124/><E35/><V84/><F131/><W70/><G15/><T104/><D104/><U116/><E32/><V89/><F83/><W75/><G70/><T49/><D49/><U126/><E124/><V105/><F105/><W74/><G75/><T82/><D82/><U92/><E126/><RYUUKYOKU ba="0,1" sc="172,10,275,-30,213,10,330,10" hai0="46,51,61,67,69,86,90,93,132,133" hai2="40,42,50,54,80,84,89" hai3="6,7,74,77,81,85,91,95,98,99" />
</Scene>
<Scene>
<INIT seed="6,1,1,0,2,123" ten="182,245,223,340" oya="2" hai0="19,66,85,24,101,78,46,92,84,51,58,56,115" hai1="103,53,6,10,74,15,11,134,108,42,5,70,119" hai2="125,83,33,8,95,77,14,114,117,9,97,68,63" hai3="65,107,43,99,48,129,135,61,57,3,31,110,4"/><V79/><F117/><W113/><G110/><T40/><D115/><U2/><E119/><V44/><F33/><W50/><G31/><T27/><D66/><U20/><E70/><V72/><F114/><W131/><G113/><T89/><D101/><U62/><E108/><V76/><F125/><W104/><G4/><T0/><D0/><U30/><E74/><V54/><F8/><W81/><G3/><T121/><D121/><U71/><E42/><V41/><F68/><W25/><G25/><T37/><D37/><U86/><E103/><V93/><F54/><W12/><G12/><T128/><D128/><U45/><E86/><V96/><F63/><W90/><G135/><T47/><D47/><U91/><E91/><V13/><F13/><W98/><G43/><T29/><D19/><U32/><E32/><V111/><F111/><W59/><G90/><T109/><D109/><U75/><E75/><V16/><F95/><W39/><G81/><T28/><D24/><U94/><E94/><V21/><F9/><W122/><G39/><T49/><D49/><U52/><E45/><V132/><F132/><W112/><G112/><T7/><D7/><U127/><E127/><V130/><F130/><W105/><G122/><T87/><D29/><U64/><E134/><V124/><F124/><W36/><G36/><T88/><D78/><N who="2" m="30314" /><F93/><W126/><G126/><T17/><D17/><U1/><E15/><V73/><F73/><W133/><G133/><T55/><D40/><U116/><REACH who="1" step="1"/><E116/><REACH who="1" ten="182,235,223,340" step="2"/><V80/><F80/><W22/><G129/><T23/><D89/><U100/><E100/><RYUUKYOKU ba="1,2" sc="182,10,235,10,223,10,340,-30" hai0="23,27,28,46,51,55,56,58,84,85,87,88,92" hai1="1,2,5,6,10,11,20,30,52,53,62,64,71" hai2="14,16,21,41,44,72,79,83,96,97" />
</Scene>
<Scene>
<INIT seed="6,2,2,0,1,127" ten="192,245,233,310" oya="2" hai0="92,67,12,131,129,97,107,48,59,63,54,17,55" hai1="134,52,72,37,117,41,2,40,82,66,56,30,68" hai2="75,61,121,42,114,80,104,132,1,95,34,111,22" hai3="33,28,73,108,71,23,115,16,7,62,87,102,86"/><V27/><F104/><W74/><G108/><T38/><D38/><U47/><E117/><V45/><F121/><W20/><G33/><T0/><D0/><U116/><E116/><V57/><F1/><W106/><G7/><T26/><D107/><U3/><E30/><V9/><F111/><W50/><G106/><T65/><D26/><U133/><E41/><V46/><F34/><W94/><G50/><T99/><D55/><U49/><E72/><V96/><F114/><W35/><G35/><T125/><D125/><U119/><E82/><V76/><F9/><W43/><G43/><T32/><D32/><U31/><E119/><V118/><F132/><N who="1" m="50793" /><E31/><V10/><F10/><W78/><G28/><T51/><D51/><U122/><E122/><V112/><F112/><W70/><G62/><AGARI ba="2,2" hai="2,3,37,40,47,49,52,56,62,66,68" m="50793" machi="62" ten="30,3900,0" yaku="24,1,20,1,54,1" doraHai="127" who="1" fromWho="3" sc="192,0,245,65,233,0,310,-45" />
</Scene>
<Scene>
<INIT seed="7,0,0,5,3,76" ten="192,310,233,265" oya="3" hai0="70,18,81,80,131,64,43,87,55,105,120,60,33" hai1="126,4,28,36,45,113,125,118,35,85,86,115,19" hai2="97,49,69,11,24,0,95,117,73,3,30,94,54" hai3="26,121,129,78,41,1,13,75,5,44,42,25,90"/><W110/><G121/><T21/><D120/><U104/><E19/><V39/><F39/><W62/><G42/><T134/><D33/><U6/><E104/><V96/><F69/><W66/><G13/><T47/><D105/><U65/><E65/><V40/><F73/><W27/><G90/><T132/><D131/><U10/><E45/><V127/><F40/><W91/><G91/><T92/><D55/><U84/><E36/><V59/><F117/><W106/><G106/><T29/><D29/><U34/><E118/><V119/><F127/><N who="1" m="48649" /><E28/><V32/><F119/><W68/><G129/><T16/><D92/><U123/><E6/><V58/><F58/><W135/><G135/><N who="0" m="51755" /><D87/><U74/><E74/><V116/><F116/><W124/><G124/><T17/><D21/><U71/><E71/><V61/><F94/><W101/><G68/><T88/><D88/><U31/><E31/><V93/><F95/><W130/><G130/><T77/><D77/><U20/><E20/><V50/><F96/><W99/><G78/><T57/><D70/><U2/><E123/><V89/><F89/><W53/><G75/><T51/><AGARI ba="0,0" hai="16,17,18,43,47,51,57,60,64,80,81" m="51755" machi="51" ten="30,7900,0" yaku="20,1,52,2,54,1" doraHai="76" who="0" fromWho="0" sc="192,79,310,-20,233,-20,265,-39" />
</Scene>
<Scene>
<INIT seed="8,0,0,1,4,89" ten="271,290,213,226" oya="0" hai0="69,133,56,0,49,88,105,135,101,3,32,115,26" hai1="6,1,104,99,127,93,28,97,60,15,21,117,47" hai2="8,100,5,113,25,2,118,128,63,71,20,14,58" hai3="53,112,7,124,34,72,91,103,80,61,130,79,16"/><T78/><D69/><U66/><E104/><V42/><F113/><W24/><G112/><T33/><D78/><U44/><E127/><V96/><F128/><W12/><G124/><T111/><D115/><U37/><E1/><V102/><F71/><W52/><G7/><T122/><D122/><U125/><E37/><V23/><F118/><W9/><G103/><T40/><D111/><U18/><E6/><V92/><F42/><W41/><G41/><T116/><D116/><U110/><E110/><V107/><F2/><W114/><G114/><T67/><D33/><U22/><E117/><V38/><F38/><W51/><G130/><T4/><D26/><N who="1" m="16471" /><E97/><V48/><F48/><W39/><G39/><T11/><D101/><N who="1" m="60655" /><E125/><V17/><F23/><W81/><G34/><T10/><D105/><U95/><E95/><V106/><REACH who="2" step="1"/><F102/><REACH who="2" ten="271,290,203,226" step="2"/><W54/><G51/><T132/><D0/><U77/><E21/><V131/><F131/><W62/><G24/><T50/><D40/><U76/><E60/><V59/><F59/><W65/><G65/><AGARI ba="0,1" hai="5,8,14,17,20,25,58,63,65,92,96,100,106,107" machi="65" ten="30,3900,0" yaku="1,1,7,1,52,1,53,0" doraHai="89" doraHaiUra="68" who="2" fromWho="3" sc="271,0,290,0,203,49,226,-39" />
</Scene>
<Scene>
<INIT seed="9,0,0,0,1,69" ten="271,290,252,187" oya="1" hai0="27,110,15,125,13,80,25,54,89,57,101,131,98" hai1="55,64,39,93,60,97,124,26,108,19,17,114,79" hai2="29,87,10,77,63,58,90,30,83,71,122,115,3" hai3="99,92,1,52,82,65,112,118,133,76,9,38,56"/><U21/><E39/><V135/><F122/><W53/><G112/><T117/><D110/><U5/><E114/><V7/><F115/><W46/><G133/><T106/><D117/><U70/><E124/><V18/><F71/><W132/><G132/><T16/><D13/><U121/><E121/><V86/><F18/><W103/><G118/><T130/><D125/><U59/><E79/><V107/><F107/><W48/><G65/><T74/><D89/><N who="1" m="55471" /><E5/><V61/><F135/><W104/><G104/><T116/><D80/><U45/><E45/><V123/><F123/><W2/><G9/><N who="0" m="6255" /><D74/><U95/><E19/><V8/><F63/><W113/><G113/><T23/><D23/><U36/><E36/><V11/><F3/><W91/><G103/><T51/><D116/><U119/><E119/><V88/><F7/><W32/><G32/><T12/><D12/><U94/><E108/><V62/><F62/><AGARI ba="0,0" hai="17,21,26,55,59,60,62,64,70,94,95" m="55471" machi="62" ten="30,1500,0" yaku="25,1" doraHai="69" who="1" fromWho="2" sc="271,0,290,15,252,-15,187,0" owari="271,7.0,305,40.0,237,-16.0,187,-31.0" />
</Scene>
</mjloggm>