<mjloggm ver="2.3"><GO type="169" lobby="0"/><UN n0="%E6%A4%8D%E9%87%8E" n1="%E5%A4%AA%E3%81%8F%E3%81%AA%E3%81%84%E3%81%8A" n2="%E6%96%B0%E4%B8%96%E7%95%8C%E3%81%AE%E7%B4%99" n3="%7A%6F%6F%31%39%36%34" dan="17,18,17,17" rate="2199.77,2230.20,2200.76,2163.29" sx="M,F,F,M"/><TAIKYOKU oya="0"/>

<Scene>
<INIT seed="0,0,0,1,4,13" ten="250,250,250,250" oya="0" hai0="117,95,3,44,16,87,59,6,98,49,48,51,130" hai1="101,109,56,88,93,24,128,27,91,111,11,121,104" hai2="80,103,106,33,112,67,133,15,12,105,66,131,82" hai3="64,25,123,115,20,54,29,72,53,120,8,22,1"/><T46/><D117/><U21/><E121/><V81/><F112/><W23/><G72/><T74/><D74/><U43/><E128/><V78/><F33/><W17/><G64/><T90/><D130/><U32/><E43/><V110/><F131/><W127/><G54/><T94/><D6/><U83/><E104/><V135/><F78/><W28/><G53/><T55/><D3/><U26/><E32/><V102/><REACH who="2" step="1"/><F81/><REACH who="2" ten="250,250,240,250" step="2"/><W2/><G115/><T30/><D46/><U18/><E83/><V42/><F42/><W7/><G127/><T60/><D44/><U47/><E47/><V124/><F124/><W34/><G123/><T14/><D30/><U114/><E114/><V96/><F96/><W10/><G120/><T85/><REACH who="0" step="1"/><D95/><REACH who="0" ten="240,250,240,250" step="2"/><U132/><E93/><V38/><F38/><W37/><G37/><T97/><D97/><U0/><E111/><AGARI ba="0,2" hai="12,15,66,67,80,82,102,103,105,106,110,111,133,135" machi="111" ten="25,8000,1" yaku="1,1,22,2,53,2" doraHai="13" doraHaiUra="61" who="2" fromWho="1" sc="240,0,250,-80,240,100,250,0" />
</Scene>
<Scene>
<INIT seed="1,0,0,2,2,51" ten="240,170,340,250" oya="1" hai0="8,7,111,21,79,40,133,9,44,16,12,23,1" hai1="2,58,101,68,83,20,98,34,76,100,123,82,109" hai2="70,32,130,67,81,15,86,35,113,13,42,127,65" hai3="5,26,135,48,108,38,119,75,60,69,41,114,29"/><U43/><E34/><V77/><F127/><W118/><G75/><T52/><D111/><U110/><E68/><V112/><F42/><W126/><G5/><T90/><D133/><U73/><E2/><V55/><F130/><W117/><G26/><T6/><D79/><N who="1" m="44399" /><E20/><V22/><F70/><W87/><G87/><T107/><D107/><N who="1" m="63895" /><E58/><V47/><F32/><W134/><G29/><T18/><D90/><U31/><E43/><V56/><F47/><N who="3" m="23991" /><G114/><N who="2" m="44137" /><F35/><W92/><G92/><T17/><REACH who="0" step="1"/><D52/><REACH who="0" ten="230,170,340,250" step="2"/><U131/><E131/><V91/><F91/><W62/><G108/><N who="1" m="41578" /><E101/><V121/><F65/><N who="3" m="41127" /><G62/><T129/><D129/><U11/><E76/><V30/><F67/><W105/><G119/><T19/><N who="0" m="4096" /><DORA hai="85" /><T37/><AGARI ba="0,1" hai="1,6,7,8,9,12,21,23,37,40,44" m="4096" machi="37" ten="40,8000,1" yaku="1,1,4,1,0,1,54,1,53,0" doraHai="51,85" doraHaiUra="128,93" who="0" fromWho="0" sc="230,90,170,-40,340,-20,250,-20" />
</Scene>
<Scene>
<INIT seed="2,0,0,3,2,68" ten="320,130,320,230" oya="2" hai0="40,36,1,124,135,54,103,132,17,55,114,20,43" hai1="83,106,110,34,70,65,131,108,63,67,123,14,11" hai2="69,130,74,97,51,77,33,75,4,91,115,105,45" hai3="66,6,80,134,57,8,107,116,81,7,90,12,121"/><V60/><F115/><W39/><G107/><T119/><D114/><U88/><E106/><V118/><F118/><W87/><G121/><T49/><D1/><U18/><E34/><V44/><F33/><W94/><G134/><N who="0" m="51243" /><D119/><U35/><E35/><V78/><F130/><W86/><G116/><T96/><D124/><U41/><E131/><V19/><F4/><W2/><G39/><T25/><D36/><U23/><E123/><V21/><F75/><W95/><G2/><T101/><D55/><U10/><E67/><V28/><F28/><W42/><G42/><N who="0" m="15915" /><D96/><U122/><E122/><V50/><F50/><W64/><G6/><T112/><D112/><U15/><E41/><V84/><F97/><W129/><G129/><T38/><D38/><U9/><REACH who="1" step="1"/><E15/><REACH who="1" ten="320,120,320,230" step="2"/><V13/><F105/><W47/><G66/><T117/><D117/><U120/><E120/><V32/><F32/><W24/><G64/><T62/><D62/><U127/><E127/><V61/><F61/><W16/><G57/><AGARI ba="0,1" hai="17,20,25,49,54,57,101,103" m="15915,51243" machi="57" ten="30,1000,0" yaku="20,1" doraHai="68" who="0" fromWho="3" sc="320,20,120,0,320,0,230,-10" />
</Scene>
<Scene>
<INIT seed="3,0,0,5,1,27" ten="340,120,320,220" oya="3" hai0="98,112,38,83,2,95,100,39,125,118,120,9,40" hai1="19,20,50,90,11,93,21,8,10,97,82,86,53" hai2="135,122,44,13,35,85,0,37,68,127,33,110,74" hai3="132,91,42,45,105,52,129,28,57,7,63,119,130"/><W94/><G105/><T71/><D118/><U60/><E60/><V41/><RYUUKYOKU type="yao9" ba="0,0" sc="340,0,120,0,320,0,220,0" hai2="0,13,33,35,37,41,44,68,74,85,110,122,127,135" />
</Scene>
<Scene>
<INIT seed="3,1,0,5,5,81" ten="340,120,320,220" oya="3" hai0="105,24,121,132,126,27,66,85,134,14,97,116,125" hai1="123,3,122,39,101,113,129,68,87,46,52,110,53" hai2="133,5,8,38,102,10,22,11,16,80,50,44,92" hai3="130,77,51,12,17,119,83,6,48,2,127,84,4"/><W120/><G120/><T18/><D116/><U91/><E113/><V69/><F69/><W59/><G119/><T58/><D121/><U15/><E3/><V13/><F38/><W72/><G2/><T109/><D109/><U103/><E68/><V89/><F133/><N who="0" m="51306" /><D105/><U131/><E110/><V112/><F102/><N who="1" m="38921" /><E15/><V67/><F67/><W115/><G115/><T94/><D58/><U78/><E78/><V20/><F80/><W124/><G130/><N who="1" m="49674" /><E39/><V114/><F114/><W30/><G30/><T74/><D97/><U21/><E21/><V47/><F112/><W57/><G72/><T25/><D66/><U111/><E111/><V56/><F22/><N who="3" m="11559" /><G127/><T7/><D74/><U37/><E123/><V45/><F56/><N who="3" m="21579" /><G124/><T104/><D104/><U36/><E122/><V135/><F135/><W9/><G9/><N who="0" m="6479" /><D7/><AGARI ba="1,0" hai="4,6,7,48,51,77,83,84" m="21579,11559" machi="7" ten="30,2900,0" yaku="8,1,52,1" doraHai="81" who="3" fromWho="0" sc="340,-32,120,0,320,0,220,32" />
</Scene>
<Scene>
<INIT seed="3,2,0,1,3,105" ten="308,120,320,252" oya="3" hai0="55,124,89,106,114,83,118,30,73,96,81,33,2" hai1="112,95,127,108,86,56,65,92,39,128,32,120,0" hai2="125,7,25,14,37,27,78,77,4,126,41,18,45" hai3="21,20,88,80,66,71,51,132,28,84,131,48,101"/><W76/><G132/><T50/><D2/><U10/><E120/><V16/><F7/><W23/><G131/><T11/><D118/><U116/><E112/><V38/><F4/><W24/><G101/><T135/><D135/><U129/><E32/><V133/><F133/><W94/><G66/><T9/><D124/><N who="2" m="47722" /><F38/><W110/><G71/><T104/><D114/><U93/><E127/><V69/><F69/><W121/><G121/><T8/><D33/><U102/><E39/><V62/><F62/><W15/><G110/><T91/><D30/><U97/><E108/><V54/><F54/><W35/><REACH who="3" step="1"/><G15/><REACH who="3" ten="308,120,320,242" step="2"/><T44/><D106/><U47/><E65/><V68/><F68/><W109/><G109/><T13/><D104/><U17/><E129/><V5/><F14/><W122/><G122/><T3/><D13/><U70/><E128/><V12/><F12/><W75/><AGARI ba="2,1" hai="20,21,23,24,28,35,48,51,75,76,80,84,88,94" machi="75" ten="30,11700,0" yaku="1,1,0,1,52,1,54,1,53,0" doraHai="105" doraHaiUra="1" who="3" fromWho="3" sc="308,-41,120,-41,320,-41,242,133" />
</Scene>
<Scene>
<INIT seed="3,3,0,0,3,69" ten="267,79,279,375" oya="3" hai0="98,7,113,70,2,52,112,4,89,64,54,111,55" hai1="22,110,27,16,76,107,81,124,126,67,62,58,109" hai2="105,61,23,24,102,28,96,46,134,10,117,32,40" hai3="128,127,125,59,41,34,68,78,65,87,122,75,100"/><W60/><G122/><T133/><D111/><U115/><E107/><V129/><F117/><W20/><G128/><T92/><D133/><U73/><REACH who="1" step="1"/><E115/><REACH who="1" ten="267,69,279,375" step="2"/><V14/><F134/><W1/><G127/><AGARI ba="3,1" hai="16,22,27,58,62,67,73,76,81,109,110,124,126,127" machi="127" ten="40,8000,1" yaku="1,1,2,1,18,1,54,1,53,1" doraHai="69" doraHaiUra="12" who="1" fromWho="3" sc="267,0,69,99,279,0,375,-89" />
</Scene>
<Scene>
<INIT seed="4,0,0,3,2,126" ten="267,168,279,286" oya="0" hai0="39,83,17,52,112,87,100,10,5,22,77,3,28" hai1="42,14,8,13,30,76,40,123,122,79,115,118,127" hai2="49,71,36,88,48,132,1,96,63,19,7,95,51" hai3="105,114,111,24,74,32,66,0,81,125,47,35,120"/><T103/><D39/><U133/><E127/><V34/><F36/><W38/><RYUUKYOKU type="yao9" ba="0,0" sc="267,0,168,0,279,0,286,0" hai3="0,24,32,35,38,47,66,74,81,105,111,114,120,125" />
</Scene>
<Scene>
<INIT seed="4,1,0,1,5,110" ten="267,168,279,286" oya="0" hai0="78,86,108,25,65,126,85,76,97,71,115,132,19" hai1="77,64,60,24,101,28,45,1,116,93,67,133,38" hai2="104,94,15,79,47,99,118,72,12,131,88,40,123" hai3="39,20,6,54,44,106,68,30,3,125,31,74,48"/><T103/><D108/><U50/><E116/><V56/><F123/><W14/><G125/><T122/><D122/><U43/><E1/><V102/><F118/><W98/><G74/><T100/><D126/><U121/><E121/><V105/><F131/><W35/><G35/><T114/><D132/><U62/><E133/><V29/><F29/><W70/><G39/><T92/><D71/><U63/><E77/><N who="0" m="29801" /><D65/><U128/><E38/><V124/><F124/><W129/><G129/><T8/><D8/><U34/><REACH who="1" step="1"/><E128/><REACH who="1" ten="267,158,279,286" step="2"/><V91/><F79/><W82/><G3/><T52/><D25/><U37/><E37/><V80/><F72/><W27/><G27/><T5/><D5/><U53/><E53/><V57/><F15/><W113/><G54/><T127/><D127/><U117/><E117/><V42/><F12/><W89/><G14/><T61/><D19/><U109/><E109/><V66/><F42/><W2/><G6/><T130/><D130/><U18/><E18/><V84/><F66/><W11/><G2/><T120/><D120/><U10/><E10/><V41/><F40/><W16/><G11/><T73/><D73/><U33/><E33/><V95/><F41/><W13/><G16/><T9/><D9/><U49/><E49/><V17/><F17/><W36/><G48/><T135/><D135/><U81/><E81/><V90/><F80/><W75/><G82/><T21/><D21/><U134/><E134/><V59/><F84/><N who="0" m="32362" /><D52/><U23/><E23/><V46/><F46/><W32/><G44/><T51/><D51/><U58/><E58/><V119/><F47/><RYUUKYOKU ba="1,1" sc="267,-10,158,30,279,-10,286,-10" hai1="24,28,34,43,45,50,60,62,63,64,67,93,101" />
</Scene>
<Scene>
<INIT seed="5,2,1,2,3,118" ten="257,188,269,276" oya="1" hai0="116,18,131,10,34,28,106,109,124,36,115,82,84" hai1="23,55,63,61,1,11,51,16,69,27,52,57,75" hai2="107,60,56,21,113,123,103,14,0,76,92,25,30" hai3="38,26,49,96,134,81,135,72,20,13,100,102,112"/><U130/><E75/><V9/><F107/><W45/><G38/><T35/><D106/><U43/><E130/><V8/><F0/><W62/><G62/><T98/><D36/><U17/><E43/><V129/><F129/><W119/><G13/><T24/><D109/><U4/><E69/><V87/><F123/><W86/><G72/><T70/><D70/><U117/><E117/><V33/><F113/><W59/><G59/><T54/><D116/><U7/><E7/><V128/><F128/><W108/><G108/><T127/><D115/><U90/><E90/><V88/><F103/><W126/><G126/><N who="0" m="48171" /><D131/><U114/><E114/><V120/><F120/><W41/><G112/><T40/><D40/><U79/><E79/><V89/><F76/><W50/><G50/><T64/><D64/><U111/><E111/><V42/><F42/><W3/><G3/><T5/><D18/><U12/><REACH who="1" step="1"/><E55/><REACH who="1" ten="257,178,269,276" step="2"/><V32/><F89/><N who="3" m="51407" /><G119/><T77/><D54/><U73/><E73/><V122/><F122/><W125/><G125/><T65/><D65/><U47/><E47/><V22/><F32/><W68/><G68/><T95/><D35/><U80/><E80/><V39/><F39/><W66/><G66/><T48/><D5/><U105/><E105/><V37/><F37/><W71/><G71/><T67/><D67/><U99/><E99/><V104/><F104/><W101/><G96/><T44/><D98/><U19/><E19/><N who="2" m="10487" /><F33/><W46/><G45/><T121/><D121/><U2/><E2/><V93/><F93/><W53/><G41/><N who="0" m="24591" /><D95/><U31/><E31/><V91/><F91/><RYUUKYOKU ba="2,2" sc="257,0,178,0,269,0,276,0" hai0="10,24,28,34,77,82,84" hai1="1,4,11,12,16,17,23,27,51,52,57,61,63" hai2="8,9,22,25,30,56,60,87,88,92" hai3="20,26,46,49,53,100,101,102,134,135" />
</Scene>
<Scene>
<INIT seed="5,3,2,1,5,128" ten="257,178,269,276" oya="1" hai0="47,64,75,102,36,44,77,4,11,86,72,107,115" hai1="79,70,118,61,37,60,32,90,125,46,130,84,120" hai2="66,105,35,30,19,1,5,103,98,24,133,13,100" hai3="123,135,116,93,129,8,62,6,12,22,42,63,67"/><U121/><E32/><V109/><F109/><W117/><G123/><T15/><D115/><U122/><E118/><N who="3" m="45674" /><G129/><T59/><D75/><U43/><E130/><V112/><F112/><W108/><G108/><T106/><D72/><U50/><E125/><V28/><F28/><W34/><G34/><T40/><D102/><U85/><E37/><V111/><F111/><W49/><G135/><T94/><D47/><U110/><E110/><V45/><F103/><W48/><G42/><T41/><D41/><U3/><E3/><V51/><F133/><W96/><G22/><T53/><D64/><U83/><REACH who="1" step="1"/><E70/><REACH who="1" ten="257,168,269,276" step="2"/><V113/><F113/><W14/><G14/><T92/><D15/><U20/><E20/><V81/><F1/><W104/><G104/><T87/><D106/><U29/><E29/><V82/><F30/><W88/><G63/><T16/><D107/><U55/><E55/><V9/><F35/><W126/><G126/><T74/><D53/><U69/><E69/><AGARI ba="3,3" hai="6,8,12,48,49,62,67,69,88,93,96" m="45674" machi="69" ten="30,2000,0" yaku="12,1,54,1" doraHai="128" who="3" fromWho="1" sc="257,0,168,-29,269,0,276,59" />
</Scene>
<Scene>
<INIT seed="6,0,0,5,1,19" ten="257,139,269,335" oya="2" hai0="113,49,41,5,104,7,12,39,56,123,111,103,82" hai1="22,93,114,4,116,110,120,61,3,36,98,15,51" hai2="125,121,60,117,128,9,67,119,90,0,108,85,14" hai3="68,92,54,33,26,64,65,47,129,88,112,94,28"/><V32/><F121/><W35/><G129/><T30/><D123/><U100/><E120/><V25/><F128/><W21/><G112/><T109/><D113/><U69/><E114/><V78/><F0/><W2/><G2/><T77/><D39/><U135/><E36/><V18/><F78/><W45/><G35/><T16/><D30/><U58/><E116/><V46/><F125/><W76/><G76/><T40/><D40/><U17/><E110/><V1/><F108/><W81/><G33/><T52/><D41/><U42/><E135/><V43/><F1/><W37/><G37/><T73/><D111/><U83/><E69/><V122/><F122/><W84/><G68/><T50/><D109/><U66/><E83/><V53/><F25/><W6/><G6/><T38/><D38/><U87/><E87/><V70/><F32/><W8/><G8/><T75/><D75/><U86/><E86/><V107/><F107/><W31/><G31/><T95/><D104/><U106/><E106/><V48/><REACH who="2" step="1"/><F43/><REACH who="2" ten="257,139,259,335" step="2"/><W34/><G34/><T74/><D74/><U115/><E115/><V124/><F124/><W55/><G26/><T96/><REACH who="0" step="1"/><D50/><REACH who="0" ten="247,139,259,335" step="2"/><U20/><E51/><V23/><F23/><AGARI ba="0,2" hai="5,7,12,16,23,49,52,56,73,77,82,95,96,103" machi="23" ten="30,12000,2" yaku="1,1,2,1,7,1,52,1,54,2,53,1" doraHai="19" doraHaiUra="44" who="0" fromWho="2" sc="247,140,139,0,259,-120,335,0" />
</Scene>
<Scene>
<INIT seed="7,0,0,3,0,8" ten="387,139,139,335" oya="3" hai0="44,94,115,101,16,42,90,9,17,77,71,119,62" hai1="129,15,26,130,100,125,70,10,25,52,110,72,40" hai2="98,65,116,28,60,99,54,47,83,46,123,85,127" hai3="97,74,51,19,20,35,105,122,43,22,0,30,61"/><W36/><G122/><T76/><D119/><U29/><E110/><V107/><F116/><W21/><G74/><T92/><D115/><U37/><E70/><V12/><F123/><W55/><G0/><T132/><D132/><U108/><E108/><V120/><F120/><W73/><G73/><T88/><D101/><U134/><E72/><V11/><F127/><W39/><G39/><T86/><D71/><U84/><E134/><V81/><F28/><W102/><G61/><T114/><D114/><U18/><E125/><V48/><F107/><W87/><G43/><T45/><D62/><U117/><E117/><V96/><F47/><N who="0" m="17994" /><D42/><U121/><E121/><V95/><F95/><W135/><G36/><T1/><D1/><U66/><E40/><V131/><F131/><W2/><G2/><T78/><D9/><U112/><E37/><V89/><F83/><W69/><G69/><T128/><D128/><U82/><E112/><V103/><F103/><W50/><G135/><T111/><D111/><U93/><E100/><V3/><F3/><W113/><G113/><T58/><D58/><U57/><E130/><V63/><F65/><W34/><G30/><T109/><D109/><U80/><E66/><V91/><F91/><W124/><G124/><T49/><D49/><N who="1" m="30863" /><E129/><V79/><F89/><W32/><G19/><AGARI ba="0,0" hai="11,12,19,46,48,54,60,63,79,81,85,96,98,99" machi="19" ten="40,2600,0" yaku="8,1,52,1" doraHai="8" who="2" fromWho="3" sc="387,0,139,0,139,26,335,-26" owari="387,48.0,139,-36.0,165,-23.0,309,11.0" />
</Scene>
</mjloggm>