<mjloggm ver="2.3"><GO type="169" lobby="0"/><UN n0="%E3%81%84%E3%81%AC%E3%81%98%E3%82%83%E3%82%89%EF%BC%94" n1="%E9%8C%AF%E4%B9%B1%E3%82%AB%E3%83%AB%E3%83%94%E3%82%B9" n2="%E5%A4%AA%E3%81%8F%E3%81%AA%E3%81%84%E3%81%8A" n3="%E6%96%91%E7%9B%AE%56" dan="19,18,17,16" rate="2250.06,2170.34,2244.14,2182.33" sx="M,F,M,M"/><TAIKYOKU oya="0"/>

<Scene>
<INIT seed="0,0,0,2,0,1" ten="250,250,250,250" oya="0" hai0="0,69,2,105,127,115,112,52,89,98,97,119,56" hai1="26,4,57,121,106,100,128,92,96,31,76,42,21" hai2="132,68,54,116,87,110,75,84,65,16,38,93,45" hai3="124,58,103,91,64,17,40,72,123,30,32,85,71"/><T113/><D119/><U74/><E121/><V66/><F75/><W111/><G72/><T86/><D69/><U27/><E128/><V99/><F110/><W24/><G123/><T25/><D127/><U51/><E106/><V3/><F3/><W130/><G130/><T14/><D25/><N who="1" m="16815" /><E76/><V55/><F132/><W61/><G124/><T134/><D134/><U13/><E74/><V41/><F116/><W20/><G111/><T50/><D14/><U79/><E79/><V23/><F87/><W108/><G103/><T33/><D33/><U101/><E101/><V34/><F84/><W126/><G40/><T95/><REACH who="0" step="1"/><D86/><REACH who="0" ten="240,250,250,250" step="2"/><U36/><E26/><V28/><F68/><W94/><G126/><T107/><D107/><U129/><E27/><V102/><F34/><W5/><G108/><T15/><D15/><U39/><E13/><V48/><F28/><W9/><G32/><T104/><D104/><U114/><E129/><V133/><F133/><W8/><G71/><T118/><D118/><U73/><E73/><V22/><F22/><W90/><G30/><T43/><D43/><U81/><E42/><V77/><F23/><W62/><G85/><T117/><D117/><U80/><E80/><V47/><F77/><W78/><G78/><T53/><D53/><N who="1" m="31935" /><E81/><V29/><F29/><W44/><G24/><T46/><D46/><U10/><E114/><V70/><F55/><W131/><G131/><T59/><D59/><U49/><E10/><V82/><F82/><W83/><G83/><T7/><D7/><U122/><E4/><V67/><F70/><W37/><G44/><RYUUKYOKU ba="0,1" sc="240,15,250,-15,250,15,250,-15" hai0="0,2,50,52,56,89,95,97,98,105,112,113,115" hai2="16,38,41,45,47,48,54,65,66,67,93,99,102" />
</Scene>
<Scene>
<INIT seed="0,1,1,4,2,41" ten="255,235,265,235" oya="0" hai0="49,105,135,106,96,83,63,76,48,17,113,50,94" hai1="118,57,117,11,34,112,89,74,93,98,99,91,100" hai2="92,32,68,8,86,39,73,97,85,29,35,129,14" hai3="10,69,65,124,47,60,45,75,28,3,95,44,111"/><T116/><D116/><N who="1" m="44651" /><E11/><V84/><F73/><W64/><G75/><T72/><D113/><U87/><E34/><V42/><F68/><W61/><G28/><T40/><D135/><U78/><E57/><V31/><F129/><W26/><G26/><T12/><D63/><U36/><E36/><V24/><F31/><W21/><G21/><T108/><D108/><U119/><N who="1" m="44659" /><U90/><DORA hai="127" /><E112/><V7/><F35/><W56/><G124/><T51/><N who="0" m="12288" /><DORA hai="110" /><T107/><D40/><U128/><E128/><V4/><F4/><W126/><G126/><T70/><D70/><U27/><E27/><V71/><F71/><W130/><G130/><T20/><REACH who="0" step="1"/><D94/><REACH who="0" ten="245,235,265,235" step="2"/><N who="1" m="58487" /><E98/><AGARI ba="1,2" hai="12,17,20,72,76,83,96,98,105,106,107" m="12288" machi="98" ten="60,11600,0" yaku="1,1,53,2" doraHai="41,127,110" doraHaiUra="18,59,15" who="0" fromWho="1" sc="245,139,235,-119,265,0,235,0" />
</Scene>
<Scene>
<INIT seed="0,2,0,1,4,96" ten="384,116,265,235" oya="0" hai0="49,123,21,95,58,125,50,56,27,66,40,42,0" hai1="4,69,57,60,44,78,23,31,98,91,33,113,8" hai2="108,7,107,75,62,85,117,92,119,37,45,86,65" hai3="127,59,25,109,63,52,48,128,19,102,38,112,9"/><T5/><D123/><U99/><E33/><V76/><F107/><W43/><G127/><T67/><D125/><U64/><E113/><V132/><F108/><W13/><G128/><T104/><D104/><U47/><E69/><V134/><F7/><W61/><G109/><T22/><D5/><U122/><E122/><V97/><F37/><W82/><G112/><T81/><D95/><N who="1" m="56703" /><E99/><V26/><F45/><N who="1" m="17481" /><E78/><V131/><F26/><W15/><G38/><T88/><D27/><N who="1" m="16895" /><E8/><V12/><F131/><W24/><G43/><T126/><D126/><U28/><E4/><V73/><F12/><W55/><G13/><T111/><D111/><U20/><E20/><V35/><F35/><W121/><G121/><T83/><REACH who="0" step="1"/><D88/><REACH who="0" ten="374,116,265,235" step="2"/><U124/><E124/><V2/><F92/><W84/><G24/><T77/><D77/><U39/><E39/><V90/><F90/><W71/><G25/><T116/><D116/><U94/><E94/><V51/><F76/><W36/><G36/><T120/><D120/><U80/><E80/><V110/><F110/><W93/><G93/><T14/><D14/><U130/><E130/><V3/><F119/><W89/><G89/><T17/><D17/><U70/><E28/><V54/><F117/><W11/><G82/><T1/><AGARI ba="2,1" hai="0,1,21,22,40,42,49,50,56,58,66,67,81,83" machi="1" ten="25,9600,0" yaku="1,1,0,1,22,2,53,0" doraHai="96" doraHaiUra="10" who="0" fromWho="0" sc="374,112,116,-34,265,-34,235,-34" />
</Scene>
<Scene>
<INIT seed="0,3,0,0,5,116" ten="486,82,231,201" oya="0" hai0="106,85,27,0,113,11,59,79,47,105,95,112,43" hai1="57,9,51,17,49,80,131,46,69,31,102,100,42" hai2="36,86,126,83,12,128,22,2,13,121,65,122,76" hai3="101,92,67,6,23,21,54,29,111,14,45,98,25"/><T53/><D27/><U73/><E69/><V88/><F2/><W134/><G134/><T62/><D0/><U99/><E131/><V120/><F128/><W55/><G111/><T123/><D123/><U52/><E31/><V84/><F126/><W41/><G67/><T117/><D117/><U44/><E73/><V90/><F36/><W1/><G1/><T72/><D72/><U118/><E118/><V63/><F22/><W93/><G92/><T35/><D35/><U38/><E80/><V48/><F48/><W24/><G14/><T114/><D11/><U96/><E9/><V50/><F50/><W15/><G6/><T119/><D119/><U58/><E17/><V20/><F20/><W132/><G15/><T4/><D4/><U10/><E10/><V19/><F19/><W135/><G132/><T124/><D124/><U34/><E34/><V127/><F76/><W64/><G64/><T89/><REACH who="0" step="1"/><D79/><REACH who="0" ten="476,82,231,201" step="2"/><U77/><E77/><V40/><F127/><W39/><G135/><T32/><D32/><U97/><REACH who="1" step="1"/><E38/><AGARI ba="3,1" hai="38,43,47,53,59,62,85,89,95,105,106,112,113,114" machi="38" ten="40,2000,0" yaku="1,1,53,0" doraHai="116" doraHaiUra="16" who="0" fromWho="1" sc="476,39,82,-29,231,0,201,0" />
</Scene>
<Scene>
<INIT seed="0,4,0,1,0,86" ten="515,53,231,201" oya="0" hai0="97,126,43,132,112,109,93,133,38,90,52,16,124" hai1="46,73,95,77,33,3,108,28,24,122,80,1,89" hai2="54,49,56,37,10,48,69,36,41,32,13,115,100" hai3="107,131,111,96,59,118,65,74,119,68,72,127,130"/><T18/><D112/><U81/><E122/><V0/><F0/><W71/><G127/><N who="0" m="48683" /><D109/><U125/><E108/><V123/><F32/><W2/><G2/><T39/><D52/><U104/><E104/><V105/><F69/><N who="3" m="26699" /><G59/><T22/><D18/><U85/><E125/><V61/><F123/><W84/><G65/><T92/><D92/><U62/><E62/><V120/><F61/><W79/><G111/><T121/><D121/><U25/><E46/><V42/><F115/><W83/><G118/><T128/><D128/><N who="3" m="49193" /><G119/><T9/><D9/><U55/><E55/><V5/><F10/><W129/><G129/><T114/><D114/><U82/><E1/><V75/><F54/><W64/><G64/><T45/><D39/><U23/><REACH who="1" step="1"/><E3/><REACH who="1" ten="515,43,231,201" step="2"/><V135/><F120/><W116/><G116/><T88/><D133/><U78/><E78/><V113/><F135/><W30/><G107/><T27/><D132/><U14/><E14/><V6/><F13/><W44/><G44/><T70/><D70/><U21/><E21/><V134/><F134/><W53/><G53/><T87/><D45/><U11/><E11/><V12/><F12/><W66/><G66/><T110/><D110/><U102/><E102/><V17/><F100/><W58/><G79/><T76/><D76/><U94/><E94/><V91/><F113/><W63/><G63/><T4/><D93/><U20/><E20/><V60/><F60/><W99/><G58/><T106/><D22/><U31/><AGARI ba="4,1" hai="23,24,25,28,31,33,73,77,80,81,82,85,89,95" machi="31" ten="20,5200,0" yaku="1,1,0,1,7,1,52,1,53,0" doraHai="86" doraHaiUra="47" who="1" fromWho="1" sc="515,-30,43,74,231,-17,201,-17" />
</Scene>
<Scene>
<INIT seed="1,0,0,0,5,102" ten="485,117,214,184" oya="1" hai0="79,16,109,10,115,3,5,23,22,129,84,126,131" hai1="32,125,95,116,104,55,90,72,98,17,73,27,85" hai2="49,105,83,65,106,77,69,62,30,100,61,58,93" hai3="42,14,70,68,133,74,34,64,66,57,4,119,59"/><U38/><E116/><V13/><F49/><W11/><G34/><T8/><D115/><U87/><E38/><V44/><F44/><W18/><G119/><T9/><D109/><U45/><E125/><V60/><F60/><W91/><G74/><T39/><D39/><U12/><E85/><V130/><F130/><N who="0" m="49674" /><D126/><U41/><E55/><V54/><F30/><W43/><G133/><T111/><D111/><U26/><E32/><V67/><F54/><W134/><G134/><T120/><D23/><U97/><E97/><V113/><F113/><W29/><G29/><T20/><D22/><U40/><E40/><N who="3" m="15402" /><G70/><T118/><D120/><U19/><E73/><V33/><F33/><W124/><G68/><T63/><D63/><U101/><E72/><V52/><F67/><N who="3" m="25643" /><G124/><T127/><D127/><U81/><E81/><V21/><F93/><W94/><G4/><T80/><D118/><U89/><E89/><V53/><F100/><W108/><G108/><T99/><D99/><AGARI ba="0,0" hai="11,14,18,57,59,91,94,99" m="25643,15402" machi="99" ten="30,1000,0" yaku="8,1" doraHai="102" who="3" fromWho="0" sc="485,-10,117,0,214,0,184,10" />
</Scene>
<Scene>
<INIT seed="2,0,0,0,4,96" ten="475,117,214,194" oya="2" hai0="41,120,29,86,91,63,51,45,82,113,52,8,39" hai1="132,15,107,133,23,121,22,90,47,77,24,65,38" hai2="87,94,114,1,32,95,33,6,0,53,54,34,115" hai3="20,10,79,75,84,78,110,9,99,89,14,71,58"/><V62/><F6/><W101/><G71/><T135/><D113/><N who="2" m="43018" /><F87/><W61/><G20/><T36/><D135/><N who="1" m="51787" /><E121/><V64/><F62/><W18/><G9/><T134/><D120/><U72/><E107/><V50/><F50/><W60/><G75/><T57/><D134/><U35/><E90/><V43/><F43/><W7/><G7/><T88/><D29/><N who="1" m="19879" /><E15/><V100/><F64/><W131/><G61/><T49/><D8/><U56/><E56/><V74/><F74/><W73/><G73/><T25/><D25/><U76/><E65/><V118/><F118/><W127/><G78/><N who="1" m="30314" /><E72/><V46/><F46/><W70/><G79/><T11/><D11/><U30/><E30/><V27/><F27/><W17/><G58/><T129/><D91/><U109/><E22/><V26/><F26/><W105/><G14/><T83/><D83/><U66/><E66/><V21/><F21/><W40/><G89/><T55/><D63/><U5/><E5/><V48/><F33/><W16/><G60/><T130/><REACH who="0" step="1"/><D36/><REACH who="0" ten="465,117,214,194" step="2"/><U37/><E37/><V42/><F34/><W28/><G10/><T126/><D126/><U3/><E38/><V67/><F32/><W112/><G127/><T19/><D19/><U104/><E23/><V106/><F67/><W31/><G112/><T103/><D103/><U80/><E80/><V13/><F100/><W117/><G101/><T111/><D111/><U125/><E109/><V2/><F13/><W59/><G110/><T44/><AGARI ba="0,1" hai="39,41,44,45,49,51,52,55,57,82,86,88,129,130" machi="44" ten="30,7900,0" yaku="1,1,0,1,54,2,53,0" doraHai="96" doraHaiUra="122" who="0" fromWho="0" sc="465,89,117,-20,214,-39,194,-20" />
</Scene>
<Scene>
<INIT seed="3,0,0,1,1,54" ten="554,97,175,174" oya="3" hai0="100,94,129,63,92,59,117,46,43,108,111,70,33" hai1="44,21,38,110,61,34,96,104,121,114,28,68,39" hai2="93,72,10,128,16,109,17,101,120,30,113,20,135" hai3="67,125,45,19,51,29,35,58,57,126,82,13,4"/><W47/><G4/><T124/><D117/><U79/><E21/><V112/><F72/><W106/><G106/><T5/><D70/><U73/><E110/><V122/><F101/><W85/><G35/><T133/><D33/><U90/><E121/><N who="2" m="46699" /><F93/><W105/><G29/><T119/><D119/><U36/><E114/><N who="2" m="44139" /><F109/><W123/><G123/><T40/><D124/><N who="3" m="47721" /><G67/><T0/><D5/><U131/><E131/><V88/><F88/><N who="3" m="51255" /><G105/><T65/><D65/><N who="1" m="41007" /><E90/><V76/><F76/><W24/><G24/><T8/><D0/><U6/><E6/><V89/><F89/><W22/><G47/><T60/><D46/><U7/><E7/><V134/><F128/><W102/><G102/><T103/><D103/><N who="1" m="62567" /><E44/><V71/><F71/><W48/><G48/><T74/><D100/><U98/><E98/><V75/><F75/><W99/><G99/><T2/><D74/><U81/><E39/><V86/><F86/><W127/><N who="3" m="47729" /><W52/><AGARI ba="0,0" hai="13,19,22,45,51,52,57,58" m="51255,47729" machi="52" ten="40,18000,2" yaku="4,1,18,1,52,2,54,2" doraHai="54" who="3" fromWho="3" sc="554,-60,97,-60,175,-60,174,180" />
</Scene>
<Scene>
<INIT seed="3,1,0,5,5,27" ten="494,37,115,354" oya="3" hai0="114,66,122,57,88,97,124,108,46,5,110,26,25" hai1="41,31,102,18,61,103,24,111,82,85,98,12,11" hai2="28,70,117,92,48,119,80,39,104,81,33,135,99" hai3="87,131,35,120,107,64,38,100,118,54,4,134,47"/><W20/><G35/><T77/><D122/><U133/><E111/><N who="0" m="42537" /><D124/><U101/><E133/><V2/><F39/><W93/><G107/><T79/><D5/><U60/><E41/><V115/><F2/><W23/><G118/><T69/><D69/><U7/><E98/><V84/><F48/><W127/><G127/><T43/><D114/><U44/><E44/><V55/><F55/><W89/><G64/><T91/><D25/><U37/><E37/><V14/><F14/><W53/><G134/><T73/><D26/><U8/><E8/><V19/><F19/><W62/><G4/><T32/><D32/><U113/><E113/><V45/><F81/><W49/><G131/><T130/><D130/><U76/><REACH who="1" step="1"/><E7/><REACH who="1" ten="494,27,115,354" step="2"/><V22/><F45/><W50/><G38/><T105/><D46/><U3/><E3/><V116/><F135/><W112/><G112/><T36/><D97/><U15/><E15/><V52/><F115/><W34/><G120/><T1/><D1/><U13/><E13/><V40/><F40/><W125/><G125/><T9/><D43/><U71/><E71/><V58/><F70/><W123/><G123/><T109/><D9/><U59/><E59/><V0/><F0/><W83/><G47/><T21/><D57/><U67/><E67/><V129/><F58/><W132/><G132/><T126/><D66/><U63/><E63/><V106/><F117/><W78/><G62/><T10/><D126/><U17/><E17/><V6/><F119/><W96/><G96/><T29/><D109/><U30/><E30/><V42/><F116/><W51/><G53/><RYUUKYOKU ba="1,1" sc="494,-10,27,30,115,-10,354,-10" hai1="11,12,18,24,31,60,61,76,82,85,101,102,103" />
</Scene>
<Scene>
<INIT seed="4,2,1,0,4,5" ten="484,57,105,344" oya="0" hai0="134,18,16,69,102,10,11,8,48,118,2,24,61" hai1="85,1,123,14,17,64,45,29,90,9,119,63,92" hai2="57,126,82,96,115,53,31,70,95,33,109,108,51" hai3="66,35,60,99,46,101,58,4,121,65,127,86,78"/><T89/><D118/><U77/><E119/><V100/><F70/><W62/><G35/><T12/><D2/><U112/><E123/><V113/><F126/><W72/><G72/><T84/><D134/><U120/><E120/><V15/><F82/><W117/><G127/><T106/><D106/><U130/><E130/><V71/><F71/><W131/><G131/><T26/><D102/><U114/><E1/><V104/><F104/><W39/><G121/><T28/><D48/><U80/><E29/><V97/><F97/><W133/><G133/><T88/><D89/><U128/><E45/><V6/><F31/><W22/><G22/><N who="0" m="15447" /><D69/><U75/><REACH who="1" step="1"/><E128/><REACH who="1" ten="484,47,105,344" step="2"/><V87/><F33/><W56/><G117/><T135/><D135/><U42/><E42/><V67/><F109/><W49/><G46/><T0/><D0/><U7/><E7/><V107/><F108/><W50/><G4/><T129/><D129/><U83/><E83/><V30/><F30/><W13/><G39/><T122/><D122/><U38/><E38/><V79/><F6/><W27/><G78/><T23/><D61/><U103/><E103/><V116/><F100/><W73/><G101/><T59/><D59/><AGARI ba="2,2" hai="9,14,17,59,63,64,75,77,80,85,90,92,112,114" machi="59" ten="40,2600,0" yaku="1,1,52,1,53,0" doraHai="5" doraHaiUra="98" who="1" fromWho="0" sc="484,-32,47,52,105,0,344,0" />
</Scene>
<Scene>
<INIT seed="5,0,0,0,5,124" ten="452,99,105,344" oya="1" hai0="2,33,3,105,15,110,116,90,43,32,103,1,47" hai1="83,122,31,74,87,66,18,13,46,56,68,35,112" hai2="52,51,38,107,10,119,37,85,34,6,11,45,81" hai3="120,111,41,14,133,94,131,128,108,115,91,117,7"/><U54/><E122/><V113/><F119/><W5/><G117/><T9/><D116/><U72/><E68/><V19/><F107/><W58/><G120/><T28/><D110/><N who="3" m="42025" /><G41/><T22/><D90/><N who="1" m="51583" /><E66/><V27/><F113/><W96/><G115/><T126/><D126/><U106/><E106/><V65/><F65/><W129/><G133/><T134/><D134/><U61/><E112/><V36/><F6/><W82/><G14/><T25/><D103/><U101/><E101/><V60/><F60/><W88/><G58/><T44/><D105/><U71/><E71/><V62/><F62/><W99/><G99/><T100/><D100/><U4/><E4/><N who="3" m="1610" /><G82/><T86/><D86/><U23/><E35/><N who="0" m="13385" /><D43/><U63/><E74/><V121/><F121/><W21/><G21/><N who="0" m="15407" /><D47/><U109/><E72/><V78/><REACH who="2" step="1"/><F19/><REACH who="2" ten="452,99,95,344" step="2"/><W79/><G91/><T123/><D123/><U64/><E109/><V48/><F48/><W42/><G42/><T114/><D114/><U92/><E63/><V102/><F102/><W20/><G20/><T135/><D135/><U50/><E31/><AGARI ba="0,1" hai="10,11,27,31,34,36,37,38,45,51,52,78,81,85" machi="31" ten="40,2600,0" yaku="1,1,54,1,53,0" doraHai="124" doraHaiUra="12" who="2" fromWho="1" sc="452,0,99,-26,95,36,344,0" />
</Scene>
<Scene>
<INIT seed="6,0,0,1,1,40" ten="452,73,131,344" oya="2" hai0="89,36,84,42,74,102,12,51,95,64,123,109,129" hai1="4,110,96,56,17,99,22,125,113,30,11,71,103" hai2="108,60,27,90,57,104,78,67,118,18,122,68,119" hai3="49,39,9,115,61,13,53,37,91,97,121,50,33"/><V124/><F122/><W94/><G33/><T2/><D2/><U32/><E110/><V52/><F104/><W66/><G115/><T47/><D109/><U8/><E71/><V93/><F108/><W106/><G106/><T14/><D123/><U35/><E125/><V23/><F78/><W31/><G31/><T87/><D74/><U128/><E113/><V79/><F79/><W58/><G49/><T15/><D129/><U120/><E128/><V19/><F19/><W10/><G10/><T69/><D69/><U16/><E120/><V0/><F0/><W26/><G26/><T98/><D64/><U131/><E131/><V80/><F80/><W100/><G100/><T73/><D73/><U6/><E30/><V132/><F132/><W111/><G111/><T88/><D36/><U43/><E43/><V107/><F107/><W38/><G121/><T83/><D12/><U62/><E103/><V130/><F124/><W59/><G38/><T24/><D24/><U44/><E22/><V54/><F130/><W28/><G28/><T77/><D77/><U55/><E62/><N who="2" m="36135" /><F54/><W114/><G114/><T76/><D76/><U134/><E55/><V117/><F117/><W72/><G72/><T105/><AGARI ba="0,0" hai="14,15,42,47,51,83,84,87,88,89,95,98,102,105" machi="105" ten="20,5200,0" yaku="0,1,7,1,52,1,54,1" doraHai="40" who="0" fromWho="0" sc="452,52,73,-13,131,-26,344,-13" />
</Scene>
<Scene>
<INIT seed="7,0,0,2,2,35" ten="504,60,105,331" oya="3" hai0="23,69,57,39,67,64,78,8,56,51,30,93,62" hai1="104,99,27,77,34,101,12,109,120,52,107,113,130" hai2="1,73,114,48,36,127,71,131,24,74,111,3,89" hai3="19,14,128,44,45,60,49,98,63,6,5,95,16"/><W85/><G128/><T17/><D39/><U92/><E109/><V129/><F36/><W103/><G85/><T70/><D78/><U97/><E120/><V115/><F111/><W90/><G103/><T4/><D30/><U126/><E126/><V42/><F71/><W135/><G135/><T72/><D72/><N who="2" m="27754" /><F127/><W132/><G132/><T96/><D51/><U102/><E130/><N who="2" m="49675" /><F24/><W10/><G44/><T55/><D57/><U43/><E113/><N who="2" m="43019" /><F89/><W123/><G123/><T124/><D124/><U0/><E0/><N who="2" m="75" /><F48/><W68/><G68/><T80/><D80/><U20/><E77/><V134/><F134/><W100/><G90/><N who="0" m="55351" /><D70/><U116/><E116/><V66/><F66/><W83/><G83/><T79/><D79/><U11/><E92/><V117/><F117/><W21/><G60/><T58/><D58/><U84/><E84/><V38/><F38/><W41/><G63/><T110/><D69/><U76/><E76/><V46/><F46/><W2/><G2/><T91/><D91/><U53/><E34/><V108/><F108/><W105/><G95/><T15/><D110/><U133/><E133/><V25/><F25/><AGARI ba="0,0" hai="5,6,10,14,16,19,21,25,41,45,49,98,100,105" machi="25" ten="30,2900,0" yaku="7,1,54,1" doraHai="35" who="3" fromWho="2" sc="504,0,60,0,105,-29,331,29" /><AGARI ba="0,0" hai="4,8,15,17,23,25,55,56,62,64,67" m="55351" machi="25" ten="30,2000,0" yaku="25,1,8,1" doraHai="35" who="0" fromWho="2" sc="504,20,60,0,76,-20,360,0" />
</Scene>
<Scene>
<INIT seed="7,1,0,3,1,80" ten="524,60,56,360" oya="3" hai0="96,11,0,29,101,14,70,92,126,94,100,111,53" hai1="7,62,106,16,13,51,81,32,74,116,124,91,97" hai2="84,20,44,78,85,107,129,19,41,120,40,122,15" hai3="27,52,48,61,72,108,45,90,66,8,125,76,57"/><W21/><G108/><T68/><D0/><U2/><E32/><V105/><F129/><W46/><G125/><T103/><D111/><U54/><E124/><V104/><F41/><W47/><G8/><T24/><D126/><U118/><E62/><V128/><F128/><W131/><G131/><T31/><D53/><U115/><E115/><V56/><F56/><W22/><G22/><T10/><D10/><N who="1" m="6199" /><E7/><V42/><F42/><W38/><G38/><T95/><D96/><U77/><E2/><V43/><F43/><W25/><G25/><T102/><D102/><N who="1" m="62799" /><E51/><N who="2" m="27015" /><F78/><W63/><G63/><T3/><D3/><U75/><E75/><V82/><F82/><W67/><G67/><T4/><REACH who="0" step="1"/><D31/><REACH who="0" ten="514,60,56,360" step="2"/><U130/><E54/><V37/><F37/><W135/><G135/><T36/><D36/><U60/><E130/><V79/><F79/><W109/><G109/><T93/><D93/><U117/><E91/><V88/><F88/><W83/><G90/><T49/><D49/><U55/><E55/><V64/><F64/><W123/><G123/><AGARI ba="1,1" hai="15,19,20,84,85,104,105,107,120,122,123" m="27015" machi="123" ten="40,5200,0" yaku="13,1,52,2" doraHai="80" who="2" fromWho="3" sc="514,0,60,0,56,65,360,-55" owari="514,61.0,60,-44.0,121,-28.0,305,11.0" />
</Scene>
</mjloggm>