<mjloggm ver="2.3"><GO type="169" lobby="0"/><UN n0="%72%79%6F%E2%80%A6%31%35" n1="%74%6F%74%6F%74%61%72%6F" n2="%E5%A4%AA%E3%81%8F%E3%81%AA%E3%81%84%E3%81%8A" n3="%E3%83%90%E3%83%90%E3%82%A2%E3%81%AE%E6%97%A5%E5%82%98" dan="17,16,17,16" rate="2189.99,2035.31,2253.59,2133.57" sx="M,M,M,F"/><TAIKYOKU oya="0"/>

<Scene>
<INIT seed="0,0,0,3,4,4" ten="250,250,250,250" oya="0" hai0="40,5,35,94,50,30,121,112,79,61,41,60,47" hai1="128,129,44,65,3,131,102,54,114,135,14,122,63" hai2="92,127,43,59,15,23,87,88,8,2,103,42,73" hai3="105,110,20,37,31,126,46,1,49,90,48,132,28"/><T97/><D121/><U13/><E3/><V85/><F73/><W66/><G110/><T100/><D112/><U74/><E122/><V33/><F33/><W111/><G105/><T25/><D79/><U10/><E74/><V34/><F34/><W101/><G101/><T29/><D29/><U120/><E120/><V124/><F2/><W69/><G37/><T83/><D83/><U86/><E114/><V117/><F117/><W84/><G1/><T70/><D70/><N who="1" m="42303" /><E135/><V81/><F23/><W67/><G126/><N who="2" m="48169" /><F59/><W64/><G69/><T98/><D40/><U9/><E102/><V24/><F24/><W93/><G111/><T130/><D130/><U58/><E86/><V21/><F21/><W19/><G49/><T16/><D5/><U78/><E78/><N who="2" m="46263" /><F103/><W89/><G132/><T76/><D76/><U7/><E44/><V22/><F22/><W72/><G72/><T75/><D75/><U6/><E58/><V32/><F32/><W80/><G90/><T107/><REACH who="0" step="1"/><D16/><AGARI ba="0,0" hai="8,15,16,42,43,87,88,92" m="46263,48169" machi="16" ten="30,7700,0" yaku="18,1,52,1,54,2" doraHai="4" who="2" fromWho="0" sc="250,-77,250,0,250,77,250,0" />
</Scene>
<Scene>
<INIT seed="1,0,0,0,2,14" ten="173,250,327,250" oya="1" hai0="135,89,50,56,73,45,112,34,52,76,127,25,37" hai1="28,84,100,90,92,39,96,69,59,20,12,85,31" hai2="41,58,32,4,91,24,29,108,1,126,78,75,118" hai3="119,17,42,132,77,93,49,8,86,26,19,15,123"/><U97/><E69/><V130/><F118/><W81/><G123/><T114/><D135/><U87/><E39/><V30/><F108/><W113/><G132/><T88/><D127/><U7/><E59/><V131/><F126/><W33/><G119/><T46/><D73/><U27/><E7/><V21/><F41/><W68/><G68/><T67/><D76/><U47/><E12/><V72/><F91/><W94/><G113/><T133/><D133/><U110/><E110/><V70/><F70/><W95/><G33/><T3/><D3/><U43/><E31/><V83/><F72/><W104/><G104/><T98/><D37/><U116/><E116/><V35/><F58/><W99/><G99/><T122/><D122/><U65/><E65/><V109/><F109/><W80/><G80/><T66/><D114/><U44/><REACH who="1" step="1"/><E43/><REACH who="1" ten="173,240,327,250" step="2"/><V74/><F30/><W82/><G42/><T10/><D112/><U36/><E36/><V107/><F4/><W62/><G62/><T11/><D67/><U23/><E23/><V40/><F40/><W55/><G49/><T121/><D121/><U48/><E48/><V38/><F38/><W129/><G15/><T71/><D71/><U106/><AGARI ba="0,1" hai="20,27,28,44,47,84,85,87,90,92,96,97,100,106" machi="106" ten="30,3000,0" yaku="1,1,0,1,53,0" doraHai="14" doraHaiUra="13" who="1" fromWho="1" sc="173,-10,240,40,327,-10,250,-10" />
</Scene>
<Scene>
<INIT seed="1,1,0,3,3,89" ten="163,280,317,240" oya="1" hai0="6,47,85,52,8,54,92,66,134,18,39,81,94" hai1="98,129,88,32,101,58,70,59,97,135,55,46,99" hai2="128,102,13,67,29,109,74,51,5,10,104,105,107" hai3="93,4,111,56,110,124,17,84,41,3,117,71,16"/><U60/><E32/><V38/><F38/><W86/><G71/><T108/><D108/><N who="3" m="41513" /><G124/><T26/><D134/><U113/><E135/><V125/><F109/><W75/><G75/><T76/><D66/><U69/><E113/><V42/><F74/><W121/><G121/><T7/><D39/><U122/><E122/><V11/><F125/><W130/><G130/><T63/><D63/><U0/><E0/><V20/><F128/><W82/><G41/><T25/><D18/><N who="3" m="7273" /><G56/><T40/><D40/><U119/><E129/><V37/><F37/><W1/><G117/><T28/><D47/><U90/><E119/><V79/><F79/><N who="3" m="46175" /><G4/><N who="0" m="1579" /><D8/><U65/><E101/><V73/><F10/><W95/><G86/><T30/><D25/><U106/><E106/><V43/><F73/><W57/><G57/><T91/><D76/><U62/><REACH who="1" step="1"/><E46/><REACH who="1" ten="163,270,317,240" step="2"/><V77/><F105/><W36/><G36/><T14/><D14/><U132/><E132/><V19/><F107/><W12/><G12/><T45/><D45/><U24/><E24/><V118/><F118/><W103/><G103/><T35/><D35/><U120/><E120/><V44/><F102/><W115/><G115/><T131/><D131/><U83/><E83/><V112/><F104/><W100/><G100/><T34/><D34/><U87/><E87/><V21/><F112/><W48/><G48/><T31/><D26/><U116/><E116/><V53/><F51/><W15/><G15/><T61/><D61/><U127/><E127/><V27/><F13/><W22/><G22/><T123/><D123/><U133/><E133/><V68/><F20/><RYUUKYOKU ba="1,1" sc="163,10,270,10,317,-30,240,10" hai0="28,30,31,52,54,81,85,91,92,94" hai1="55,58,59,60,62,65,69,70,88,90,97,98,99" hai3="1,3,93,95" />
</Scene>
<Scene>
<INIT seed="1,2,1,3,2,102" ten="173,280,287,250" oya="1" hai0="40,19,45,77,131,12,21,90,58,7,5,3,133" hai1="31,51,119,101,46,130,4,57,91,16,49,54,8" hai2="27,52,67,0,123,60,111,126,94,86,97,74,112" hai3="128,23,88,2,76,124,18,41,82,79,25,87,43"/><U37/><E130/><V47/><F74/><W116/><G128/><T53/><D131/><U135/><E135/><V36/><F123/><W127/><G2/><T20/><D77/><U56/><E119/><V6/><F111/><W105/><G116/><T83/><D3/><U106/><E37/><V95/><F126/><N who="3" m="48171" /><G105/><T70/><D70/><U32/><E91/><V69/><F112/><W10/><G10/><T108/><D108/><U72/><E72/><V71/><F71/><W59/><G59/><T107/><D107/><U81/><E81/><V129/><F129/><W121/><G121/><T44/><D133/><U113/><E113/><V39/><F27/><W1/><G1/><T63/><D44/><U117/><E4/><V73/><F73/><W24/><G24/><T62/><D62/><U68/><E31/><V14/><F0/><W22/><G23/><T109/><D20/><U93/><E32/><V96/><F6/><W89/><G79/><T9/><D109/><U48/><E117/><V122/><F14/><W134/><G134/><T38/><REACH who="0" step="1"/><D9/><REACH who="0" ten="163,280,287,250" step="2"/><U115/><E68/><V84/><F122/><W42/><AGARI ba="2,2" hai="18,22,25,41,42,43,76,82,87,88,89" m="48171" machi="42" ten="30,2000,0" yaku="18,1,54,1" doraHai="102" who="3" fromWho="3" sc="163,-7,280,-12,287,-7,250,46" />
</Scene>
<Scene>
<INIT seed="2,0,0,1,0,59" ten="156,268,280,296" oya="2" hai0="55,124,109,93,127,10,110,76,114,82,75,111,47" hai1="66,24,101,132,68,8,88,41,5,73,52,119,116" hai2="134,63,112,74,6,64,69,44,25,122,129,62,23" hai3="54,17,49,1,126,90,86,11,79,78,19,16,96"/><V2/><F112/><W35/><G35/><T103/><D47/><U22/><E73/><V39/><F122/><W0/><G126/><N who="0" m="48171" /><D55/><U108/><E41/><V120/><F120/><W42/><G42/><T128/><D10/><U135/><E101/><V40/><F129/><W80/><G96/><N who="0" m="59791" /><D128/><U43/><E88/><V36/><F36/><W7/><REACH who="3" step="1"/><G1/><REACH who="3" ten="156,268,280,286" step="2"/><T60/><D60/><N who="1" m="40007" /><E43/><V130/><F40/><W99/><G99/><T58/><D58/><AGARI ba="0,1" hai="0,7,11,16,17,19,49,54,58,78,79,80,86,90" machi="58" ten="40,2600,0" yaku="1,1,54,1,53,0" doraHai="59" doraHaiUra="67" who="3" fromWho="0" sc="156,-26,268,0,280,0,286,36" />
</Scene>
<Scene>
<INIT seed="3,0,0,0,5,132" ten="130,268,280,322" oya="3" hai0="117,39,48,20,92,23,46,69,109,50,114,60,98" hai1="31,118,104,58,56,67,57,21,43,70,64,52,89" hai2="44,66,54,65,34,74,30,12,82,0,83,85,102" hai3="96,110,129,95,53,16,8,26,51,10,24,90,37"/><W40/><G129/><T47/><D117/><U72/><E104/><V100/><F0/><W108/><G40/><T127/><D109/><N who="3" m="42089" /><G37/><T126/><D39/><U68/><E72/><V111/><F111/><W35/><G35/><T122/><D122/><U62/><E89/><V135/><F135/><W7/><G7/><T33/><D33/><U78/><E78/><V55/><F34/><W63/><G63/><T119/><D119/><U116/><E21/><V17/><F30/><W59/><G8/><T42/><D60/><N who="1" m="39943" /><E31/><V22/><F74/><W84/><G96/><T3/><D3/><U36/><E116/><V99/><F55/><W9/><G9/><T27/><D69/><U76/><E76/><V112/><F99/><W130/><G130/><T86/><D86/><U124/><E118/><V18/><F85/><W125/><G125/><N who="0" m="47627" /><D114/><U81/><E124/><V15/><F112/><W61/><G61/><T14/><D14/><AGARI ba="0,0" hai="10,14,16,24,26,51,53,59,84,90,95" m="42089" machi="14" ten="30,5800,0" yaku="14,1,10,1,54,1" doraHai="132" who="3" fromWho="0" sc="130,-58,268,0,280,0,322,58" />
</Scene>
<Scene>
<INIT seed="3,1,0,4,1,9" ten="72,268,280,380" oya="3" hai0="66,130,111,77,48,118,18,56,78,85,75,10,4" hai1="54,95,126,71,110,74,131,12,106,94,25,23,0" hai2="76,132,82,13,121,114,129,40,57,79,58,63,90" hai3="14,26,103,19,53,2,115,86,104,27,112,101,11"/><W3/><G86/><T59/><D111/><U31/><E106/><V62/><F114/><N who="3" m="43563" /><G53/><T45/><D118/><U97/><E110/><V8/><F129/><W99/><G99/><T109/><D109/><U47/><E131/><V92/><F132/><W67/><G67/><T123/><D75/><U39/><E71/><V36/><F121/><W44/><G44/><T113/><D113/><U49/><E0/><N who="3" m="42" /><G101/><T43/><D123/><U84/><E74/><V5/><F36/><W42/><G42/><T117/><D117/><U93/><E39/><V73/><F40/><W91/><G91/><T33/><D33/><U108/><E108/><V55/><F82/><W41/><G41/><T50/><D130/><U119/><E119/><V107/><F107/><W102/><G102/><T15/><D18/><U100/><E126/><V29/><F29/><W125/><G103/><T17/><D17/><U20/><E84/><N who="2" m="52295" /><F73/><W135/><G104/><T65/><D77/><U38/><E38/><V87/><F87/><W68/><G68/><T34/><D34/><U127/><E127/><V6/><F6/><N who="3" m="3447" /><G125/><T116/><D116/><U105/><E105/><V24/><F76/><W22/><G135/><T96/><D96/><U37/><E37/><V122/><F79/><W46/><G46/><T72/><D72/><U88/><E100/><V21/><F122/><W30/><G30/><T32/><D32/><U1/><E1/><V28/><F58/><N who="0" m="22058" /><D50/><AGARI ba="1,0" hai="5,8,13,21,24,28,50,55,57,62,63" m="52295" machi="50" ten="30,2000,0" yaku="8,1,52,1" doraHai="9" who="2" fromWho="0" sc="72,-23,268,0,280,23,380,0" />
</Scene>
<Scene>
<INIT seed="4,0,0,4,4,41" ten="49,268,303,380" oya="0" hai0="117,16,132,74,101,108,5,30,17,63,61,128,9" hai1="36,96,121,60,125,75,35,67,10,70,38,22,42" hai2="134,122,131,99,8,112,6,88,26,34,28,27,130" hai3="93,45,66,126,129,19,1,111,44,59,12,82,48"/><T102/><D117/><U4/><E121/><V15/><F122/><W58/><G111/><T43/><D74/><U92/><E125/><V105/><F112/><W114/><G1/><T77/><D108/><U3/><E35/><V127/><F127/><W23/><G126/><T73/><D30/><U133/><E133/><V33/><F134/><W115/><G129/><N who="2" m="49161" /><F105/><W100/><G82/><T118/><D118/><U90/><E75/><V119/><F119/><W55/><G66/><T120/><D120/><U7/><E7/><V29/><F88/><W53/><G114/><T11/><D132/><U49/><E22/><N who="2" m="15447" /><F99/><N who="3" m="59503" /><G115/><T39/><D128/><U116/><E116/><V84/><F84/><W54/><G54/><T81/><D102/><U97/><E97/><V46/><F46/><W86/><G86/><T21/><D101/><U104/><E104/><V18/><F34/><W80/><G80/><T69/><D9/><U24/><E24/><V83/><F83/><W123/><G123/><T65/><D61/><AGARI ba="0,0" hai="12,19,23,44,45,48,53,55,58,59,61" m="59503" machi="61" ten="30,3900,0" yaku="8,1,52,2" doraHai="41" who="3" fromWho="0" sc="49,-39,268,0,303,0,380,39" />
</Scene>
<Scene>
<INIT seed="5,0,0,4,1,55" ten="10,268,303,419" oya="1" hai0="112,1,73,8,89,127,85,125,81,116,90,84,39" hai1="63,6,96,86,94,10,135,88,31,20,18,93,79" hai2="24,91,15,33,83,58,105,101,124,22,108,102,132" hai3="17,43,53,35,133,45,26,60,69,97,74,110,113"/><U46/><E135/><V56/><F108/><W61/><G110/><T65/><D39/><U66/><E31/><N who="2" m="17815" /><F105/><W78/><G74/><T114/><D65/><U29/><E29/><V50/><F33/><W67/><G78/><T37/><D37/><U123/><E123/><V25/><F132/><W9/><G113/><T115/><D8/><U54/><E79/><V119/><F119/><W134/><G9/><T130/><D1/><U129/><E129/><V44/><F25/><W131/><G131/><T64/><D64/><U42/><E42/><N who="2" m="24855" /><F124/><N who="0" m="47690" /><D130/><U40/><E40/><V13/><F83/><W38/><G17/><T99/><D99/><U27/><E46/><V104/><F104/><W30/><G97/><T82/><D116/><U118/><E118/><V32/><F91/><N who="0" m="34826" /><D73/><U106/><E106/><V0/><F0/><W68/><G68/><T98/><D98/><U111/><E111/><V49/><F32/><W21/><G35/><T51/><D51/><U80/><E96/><V121/><F49/><W109/><G109/><T36/><D36/><U7/><E54/><V41/><F41/><W100/><G133/><T128/><D128/><U75/><E75/><V59/><F121/><W120/><G120/><T57/><D57/><N who="2" m="14594" /><V34/><DORA hai="72" /><F34/><W52/><G134/><T122/><D122/><U77/><E77/><V23/><F23/><W87/><G38/><T2/><D2/><U14/><E80/><AGARI ba="0,0" hai="80,81,82,84,85,112,114,115" m="34826,47690" machi="80" ten="40,12000,2" yaku="28,2,15,1,18,1,34,2" doraHai="55,72" who="0" fromWho="1" sc="10,120,268,-120,303,0,419,0" />
</Scene>
<Scene>
<INIT seed="6,0,0,3,0,24" ten="130,148,303,419" oya="2" hai0="19,73,104,17,11,97,31,117,30,76,116,35,72" hai1="135,22,38,20,0,56,94,118,103,10,62,80,1" hai2="42,91,50,33,93,120,7,106,130,59,26,69,82" hai3="83,127,86,18,132,121,32,87,67,105,12,37,108"/><V111/><F120/><W44/><G108/><T25/><D11/><U92/><E38/><V101/><F69/><W14/><G121/><T63/><D63/><U15/><E118/><N who="0" m="45673" /><D76/><U107/><E135/><V23/><F33/><W119/><G12/><T109/><D109/><U39/><E39/><V90/><F111/><W29/><G87/><T58/><D58/><U100/><E80/><V57/><F106/><W48/><G29/><N who="0" m="10763" /><D35/><U115/><E115/><V54/><F7/><W16/><G32/><T2/><D2/><U4/><E0/><V71/><F71/><W65/><G14/><T126/><D126/><U51/><E1/><V47/><F57/><W114/><G127/><T28/><N who="0" m="10771" /><T9/><DORA hai="123" /><D9/><U79/><E79/><V84/><F130/><W112/><G112/><T8/><D8/><U34/><E34/><V99/><F23/><W66/><G114/><T77/><D77/><U45/><E22/><V6/><F6/><W81/><G119/><T41/><D41/><N who="1" m="25007" /><E20/><V64/><F64/><W60/><G67/><T40/><D40/><U89/><E10/><V129/><F129/><W113/><G66/><T124/><D124/><U61/><E4/><V21/><F21/><W52/><G113/><T98/><D25/><U131/><E131/><V128/><F128/><W134/><G65/><T3/><D3/><U55/><E62/><N who="2" m="36215" /><F26/><W43/><G60/><T13/><D13/><U122/><E15/><V75/><F75/><N who="0" m="28746" /><D104/><U102/><E107/><V88/><AGARI ba="0,0" hai="42,47,50,82,84,88,90,91,93,99,101" m="36215" machi="88" ten="30,3000,0" yaku="8,1,54,1" doraHai="24,123" who="2" fromWho="2" sc="130,-10,148,-10,303,30,419,-10" />
</Scene>
<Scene>
<INIT seed="6,1,0,1,2,15" ten="120,138,333,409" oya="2" hai0="58,106,9,43,53,73,3,31,114,12,52,126,39" hai1="21,94,64,118,107,66,67,26,117,45,71,110,87" hai2="32,105,97,104,18,100,38,109,121,2,98,128,81" hai3="62,92,23,29,78,17,33,65,120,101,134,44,19"/><V13/><F121/><W132/><G120/><T86/><D73/><U48/><E107/><V111/><F2/><W27/><G78/><T5/><D106/><U59/><E110/><N who="2" m="41995" /><F32/><W55/><G33/><T51/><D114/><U112/><E71/><V85/><F38/><W70/><G101/><T28/><D126/><U124/><E112/><V40/><F40/><W72/><G72/><T102/><D102/><U89/><E124/><V68/><F68/><W91/><G55/><T50/><D43/><N who="1" m="24639" /><E118/><V113/><F113/><W95/><G44/><N who="0" m="27719" /><D3/><U37/><E37/><V129/><F98/><N who="3" m="57631" /><G95/><T11/><D39/><U16/><E117/><V34/><F34/><W82/><G82/><T4/><D86/><U6/><E6/><N who="0" m="2665" /><D9/><U42/><E42/><V77/><F105/><W108/><G108/><T25/><D25/><U54/><E67/><V10/><AGARI ba="1,0" hai="10,13,18,77,81,85,97,100,104,128,129" m="41995" machi="10" ten="30,3000,0" yaku="10,1,52,1" doraHai="15" who="2" fromWho="2" sc="120,-11,138,-11,333,33,409,-11" />
</Scene>
<Scene>
<INIT seed="6,2,0,4,1,97" ten="109,127,366,398" oya="2" hai0="118,115,70,76,134,108,122,109,113,130,81,25,85" hai1="6,52,107,28,39,20,55,95,121,57,93,24,126" hai2="87,47,51,18,129,74,37,40,44,128,88,78,103" hai3="124,66,49,110,29,33,91,96,116,46,58,102,34"/><V42/><F103/><W59/><G110/><N who="0" m="42603" /><D70/><U82/><E107/><V4/><F4/><W56/><G116/><T11/><D25/><U61/><E39/><V19/><F78/><W35/><G124/><T26/><D26/><U21/><E126/><V127/><F74/><W72/><G72/><N who="0" m="43143" /><D11/><U16/><E82/><N who="2" m="49271" /><F127/><W86/><G29/><T71/><D71/><U89/><E121/><V92/><F92/><N who="1" m="35401" /><E89/><V73/><F73/><W112/><G91/><T104/><D122/><U0/><E0/><V123/><F123/><W27/><G86/><T90/><D118/><U17/><E6/><V106/><F106/><W48/><G27/><T43/><D43/><U41/><E41/><V69/><F69/><W77/><G77/><T125/><D125/><U60/><E21/><V32/><F32/><W135/><G102/><T111/><N who="0" m="42611" /><T119/><DORA hai="50" /><D119/><U22/><E20/><V117/><F117/><W83/><G96/><T30/><D30/><U9/><E9/><V94/><F94/><W45/><G83/><N who="0" m="49471" /><D134/><U133/><E133/><V38/><F38/><W99/><G135/><T101/><D130/><AGARI ba="2,0" hai="18,19,37,40,42,44,47,51,128,129,130" m="49271" machi="130" ten="30,2900,0" yaku="19,1,54,1" doraHai="97,50" who="2" fromWho="0" sc="109,-35,127,0,366,35,398,0" />
</Scene>
<Scene>
<INIT seed="6,3,0,5,0,18" ten="74,127,401,398" oya="2" hai0="118,73,103,110,135,89,108,31,42,96,99,87,91" hai1="79,29,53,122,104,101,125,26,46,88,49,28,32" hai2="85,83,119,61,130,86,45,12,114,55,82,94,65" hai3="6,52,67,71,15,44,60,72,47,50,129,69,20"/><V35/><F119/><W51/><G72/><T13/><D31/><U127/><E122/><V2/><F2/><W90/><G129/><T102/><D42/><U66/><E79/><V97/><F35/><W34/><G34/><T100/><D13/><U77/><E77/><V107/><F107/><W93/><G71/><T36/><D36/><U128/><E29/><V109/><F130/><W112/><G112/><T132/><D73/><U57/><E128/><V8/><F114/><W14/><G6/><T27/><D27/><U38/><E88/><N who="0" m="33865" /><D87/><N who="2" m="33290" /><F65/><W10/><G10/><T37/><D37/><U126/><E38/><V22/><F109/><N who="0" m="42090" /><D118/><U1/><E1/><V59/><F45/><W84/><REACH who="3" step="1"/><G20/><REACH who="3" ten="74,127,401,388" step="2"/><T25/><D25/><U76/><E32/><V54/><F22/><W92/><G92/><T75/><D75/><U113/><E26/><V124/><F8/><W63/><G63/><T70/><D70/><U62/><E62/><V5/><F5/><W16/><G16/><T4/><D4/><U81/><E28/><V17/><F17/><W74/><G74/><T95/><D95/><U3/><E127/><V56/><F124/><W116/><G116/><T11/><D11/><U21/><E126/><V58/><F12/><W33/><G33/><T80/><D80/><N who="2" m="30762" /><F61/><W19/><G19/><T111/><N who="0" m="42098" /><T0/><DORA hai="98" /><D0/><U39/><E125/><V133/><F94/><W48/><G48/><T40/><D40/><AGARI ba="3,1" hai="14,15,40,44,47,50,51,52,60,67,69,84,90,93" machi="40" ten="30,3900,0" yaku="1,1,7,1,54,1,53,0" doraHai="18,98" doraHaiUra="115,117" who="3" fromWho="0" sc="74,-48,127,0,401,0,388,58" />
</Scene>
<Scene>
<INIT seed="7,0,0,2,3,40" ten="26,127,401,446" oya="3" hai0="31,32,75,111,59,30,61,49,107,73,113,34,50" hai1="86,57,95,115,43,103,89,35,23,97,114,76,17" hai2="104,46,84,8,19,121,15,11,67,81,100,25,69" hai3="45,52,53,47,70,72,44,133,10,27,20,3,98"/><W99/><G70/><T55/><D107/><U79/><E35/><V5/><F121/><W22/><G72/><T112/><D61/><U12/><E43/><V54/><F69/><W102/><G133/><T109/><REACH who="0" step="1"/><D59/><REACH who="0" ten="16,127,401,446" step="2"/><U125/><E57/><V118/><F118/><W134/><G134/><T106/><D106/><U122/><E122/><V68/><F68/><W26/><G3/><T87/><D87/><U96/><E86/><V39/><F67/><W88/><G10/><T65/><D65/><U128/><E97/><V127/><F127/><W135/><G135/><T58/><D58/><U78/><E96/><V119/><F119/><W21/><G102/><T4/><D4/><U62/><E103/><V36/><F104/><W38/><G38/><T92/><D92/><U123/><E62/><V29/><F100/><W6/><G6/><T37/><D37/><U132/><E95/><V14/><F54/><N who="3" m="21099" /><G99/><T80/><D80/><U91/><E125/><V126/><F126/><W0/><G0/><T129/><D129/><U116/><E128/><V124/><F124/><W41/><G41/><T94/><D94/><AGARI ba="0,1" hai="20,21,22,26,27,44,45,47,88,94,98" m="21099" machi="94" ten="40,18000,2" yaku="8,1,52,3,54,2" doraHai="40" who="3" fromWho="0" sc="16,-180,127,0,401,0,446,190" owari="-164,-66.0,127,-27.0,401,20.0,636,73.0" />
</Scene>
</mjloggm>