<mjloggm ver="2.3"><GO type="169" lobby="0"/><UN n0="%E3%81%BE%E3%81%BF%E3%81%AD%E3%81%93" n1="%E5%A4%AA%E3%81%8F%E3%81%AA%E3%81%84%E3%81%8A" n2="%E3%81%AE%E3%81%B3%E3%81%97%E3%82%8D%E2%99%82" n3="%4D%72%2E%6E%69%6B%75%39" dan="16,17,16,17" rate="2218.97,2255.57,2043.18,2157.66" sx="M,M,M,M"/><TAIKYOKU oya="0"/>

<Scene>
<INIT seed="0,0,0,0,0,1" ten="250,250,250,250" oya="0" hai0="42,69,44,106,21,89,104,109,102,105,90,100,119" hai1="87,62,14,4,26,78,80,60,9,50,24,133,96" hai2="20,66,126,38,103,36,12,99,52,115,2,118,29" hai3="13,51,67,43,98,70,74,121,128,76,64,82,59"/><T47/><D119/><U120/><E120/><V7/><F2/><W58/><G128/><T114/><D114/><U86/><E133/><V94/><F115/><W97/><G121/><T46/><D69/><U113/><E113/><V93/><F126/><W3/><G3/><T95/><D42/><U84/><E96/><V33/><F33/><W19/><G70/><T40/><D40/><U25/><REACH who="1" step="1"/><E50/><REACH who="1" ten="250,240,250,250" step="2"/><V16/><F99/><W107/><G98/><T85/><D109/><U108/><E108/><V5/><F38/><W10/><G97/><T116/><D116/><U75/><AGARI ba="0,1" hai="4,9,14,24,25,26,60,62,75,78,80,84,86,87" machi="75" ten="30,4000,0" yaku="1,1,0,1,52,1,53,0" doraHai="1" doraHaiUra="132" who="1" fromWho="1" sc="250,-20,240,50,250,-10,250,-10" />
</Scene>
<Scene>
<INIT seed="1,0,0,4,1,125" ten="230,290,240,240" oya="1" hai0="31,101,100,35,80,14,36,107,6,10,121,86,21" hai1="81,91,13,134,60,65,70,109,48,120,63,19,61" hai2="123,72,28,84,57,68,79,106,129,105,43,74,46" hai3="66,94,20,51,58,18,128,2,99,102,52,122,27"/><U15/><E120/><V127/><F68/><W73/><G128/><T22/><D121/><U7/><E134/><V97/><F129/><W40/><G122/><T78/><D35/><U4/><E109/><V53/><F127/><W119/><G119/><T24/><D107/><U135/><E135/><V111/><F111/><W95/><G73/><T59/><D36/><U85/><E70/><V67/><F67/><W55/><G2/><T104/><D104/><U38/><E38/><V89/><F79/><W16/><G66/><T115/><D115/><U5/><E65/><V118/><F118/><W112/><G112/><T41/><D22/><U37/><E37/><V87/><F87/><W49/><G40/><T92/><D92/><U29/><E29/><V34/><F106/><W50/><G95/><T110/><D110/><U98/><E98/><V3/><F3/><W76/><G76/><T82/><D80/><U56/><REACH who="1" step="1"/><E19/><REACH who="1" ten="230,280,240,240" step="2"/><V45/><F28/><N who="3" m="17511" /><G55/><AGARI ba="0,1" hai="4,5,7,13,15,48,55,56,60,61,63,81,85,91" machi="55" ten="40,12000,1" yaku="1,1,8,1,53,2" doraHai="125" doraHaiUra="11" who="1" fromWho="3" sc="230,0,280,130,240,0,240,-120" />
</Scene>
<Scene>
<INIT seed="1,1,0,1,5,119" ten="230,410,240,120" oya="1" hai0="37,86,44,1,49,59,47,13,19,127,36,31,38" hai1="100,11,56,79,130,124,7,74,24,29,15,30,16" hai2="25,22,122,95,68,34,67,97,10,69,14,114,20" hai3="9,57,5,87,45,106,53,92,3,85,102,6,0"/><U21/><E124/><V27/><F114/><W112/><G112/><T75/><D75/><U123/><E130/><V62/><F69/><W50/><G106/><T117/><D1/><U111/><E100/><V77/><F77/><W72/><G72/><T84/><D127/><U80/><E111/><V103/><F122/><W93/><G102/><T83/><D31/><U18/><E123/><V8/><F8/><W109/><G109/><T98/><D98/><U126/><E126/><V99/><F99/><W94/><REACH who="3" step="1"/><G45/><REACH who="3" ten="230,410,240,110" step="2"/><T2/><D47/><U33/><E33/><V105/><F105/><W107/><G107/><T125/><D44/><U129/><E129/><V39/><F34/><W41/><G41/><T135/><D125/><U78/><E78/><V17/><F103/><W64/><G64/><T52/><D117/><U116/><E116/><V120/><F67/><W108/><G108/><T40/><D40/><U90/><E90/><V118/><F118/><W128/><G128/><T104/><D104/><U32/><E32/><V91/><F68/><W48/><G48/><T131/><D131/><U101/><E101/><V82/><F39/><W133/><G133/><T63/><D49/><U88/><E88/><V76/><F91/><W4/><G4/><T71/><D71/><U121/><E121/><V12/><F120/><W35/><G35/><T110/><D135/><U65/><REACH who="1" step="1"/><E7/><REACH who="1" ten="230,400,240,110" step="2"/><V46/><F76/><W23/><G23/><T54/><D110/><U42/><E42/><V61/><F22/><W60/><G60/><AGARI ba="1,2" hai="11,15,16,18,21,24,29,30,56,60,65,74,79,80" machi="60" ten="40,7700,0" yaku="1,1,54,1,53,1" doraHai="119" doraHaiUra="58" who="1" fromWho="3" sc="230,0,400,100,240,0,110,-80" />
</Scene>
<Scene>
<INIT seed="1,2,0,1,5,53" ten="230,500,240,30" oya="1" hai0="83,135,110,14,22,20,71,36,41,81,1,34,35" hai1="133,80,54,105,112,39,79,115,13,126,15,125,96" hai2="29,11,51,92,104,23,93,66,97,38,3,59,8" hai3="26,88,6,100,106,27,45,16,19,124,84,121,129"/><U61/><E39/><V107/><F38/><W55/><G121/><T64/><D1/><U94/><E105/><V30/><F93/><N who="3" m="54407" /><G106/><T91/><D110/><U42/><E42/><V127/><F127/><N who="1" m="48649" /><E133/><V58/><F104/><W120/><G120/><T128/><D135/><U134/><E134/><V48/><F107/><W114/><G114/><T75/><D128/><U50/><E61/><V67/><F92/><W56/><G124/><T123/><D123/><U98/><E13/><V2/><F23/><N who="3" m="13671" /><G129/><T111/><D111/><U33/><E15/><V116/><REACH who="2" step="1"/><F97/><REACH who="2" ten="230,500,230,30" step="2"/><W5/><G100/><T113/><D36/><U108/><E98/><V122/><F122/><W49/><G45/><T132/><D132/><U10/><E108/><V57/><F57/><W119/><G119/><AGARI ba="2,1" hai="2,3,8,11,29,30,48,51,58,59,66,67,116,119" machi="119" ten="25,8000,1" yaku="1,1,22,2,52,2,53,0" doraHai="53" doraHaiUra="73" who="2" fromWho="3" sc="230,0,500,0,230,96,30,-86" owari="230,-17.0,500,60.0,326,13.0,-56,-56.0" />
</Scene>
</mjloggm>