<mjloggm ver="2.3"><GO type="169" lobby="0"/><UN n0="%64%6F%75%6D%6F%6B%75%6E" n1="%E3%82%AB%E3%83%9C%E3%83%81%E3%83%A3%E3%82%BF%E3%83%8D" n2="%E5%A4%AA%E3%81%8F%E3%81%AA%E3%81%84%E3%81%8A" n3="%E8%B5%A4%E9%A4%85" dan="17,16,19,16" rate="2196.18,2122.55,2326.71,2033.87" sx="M,M,F,M"/><TAIKYOKU oya="0"/>

<Scene>
<INIT seed="0,0,0,4,2,78" ten="250,250,250,250" oya="0" hai0="111,93,26,73,117,102,12,59,48,99,49,125,0" hai1="10,28,114,67,30,122,37,29,104,22,1,68,110" hai2="44,130,32,115,50,80,101,15,98,25,103,58,92" hai3="57,3,89,105,120,5,66,9,118,7,27,46,83"/><T65/><D117/><U52/><E122/><V106/><F115/><W33/><G118/><T95/><D73/><U63/><E114/><V124/><F124/><W62/><G120/><T71/><D0/><U56/><E110/><V131/><F58/><W43/><G105/><T34/><D34/><U72/><E104/><V40/><F15/><W11/><G27/><T79/><D79/><U47/><E72/><V2/><F2/><W64/><G33/><T31/><D125/><U13/><E1/><V36/><F36/><W19/><G19/><T4/><D71/><U108/><E108/><V96/><REACH who="2" step="1"/><F80/><REACH who="2" ten="250,250,240,250" step="2"/><W53/><G57/><T20/><D111/><U86/><E37/><V135/><F135/><W75/><G3/><T45/><D93/><U39/><E39/><V74/><F74/><W35/><G83/><T76/><D45/><U84/><E47/><V97/><F97/><W133/><G46/><T42/><D42/><U38/><E38/><V128/><F128/><W41/><G43/><T54/><D59/><U81/><E81/><V24/><F24/><W127/><G41/><T55/><D26/><U51/><REACH who="1" step="1"/><E22/><REACH who="1" ten="250,240,240,250" step="2"/><V70/><F70/><W6/><G75/><T16/><D20/><U69/><E69/><V61/><F61/><W121/><G62/><T17/><D99/><U116/><E116/><V132/><F132/><W82/><G133/><T134/><D134/><U113/><E113/><V112/><F112/><W85/><G127/><T119/><D119/><U126/><E126/><V100/><F100/><W14/><G121/><T107/><D102/><U91/><E91/><RYUUKYOKU ba="0,2" sc="250,-15,240,15,240,15,250,-15" hai1="10,13,28,29,30,51,52,56,63,67,68,84,86" hai2="25,32,40,44,50,92,96,98,101,103,106,130,131" />
</Scene>
<Scene>
<INIT seed="1,1,2,1,0,94" ten="235,255,255,235" oya="1" hai0="93,19,109,82,104,69,40,128,13,115,89,70,20" hai1="67,11,29,116,12,17,14,47,41,51,85,64,65" hai2="98,79,72,129,4,3,76,23,92,84,132,95,134" hai3="96,74,123,18,110,71,78,31,125,130,73,81,27"/><U22/><E116/><V80/><F23/><W52/><G123/><T44/><D115/><U49/><E85/><V86/><F4/><W45/><G110/><T2/><D2/><U102/><E102/><V63/><F63/><W108/><G108/><T54/><D104/><U37/><REACH who="1" step="1"/><E29/><REACH who="1" ten="235,245,255,235" step="2"/><V127/><F86/><W60/><G31/><T50/><D109/><U32/><E32/><V122/><F84/><W34/><G34/><T57/><D128/><U103/><E103/><V43/><F129/><W119/><G130/><T56/><D82/><U135/><E135/><V16/><F80/><W28/><G81/><T124/><D124/><U113/><E113/><V33/><F33/><W48/><G119/><T7/><D7/><AGARI ba="1,3" hai="7,11,12,14,17,22,37,41,47,49,51,64,65,67" machi="7" ten="40,2000,0" yaku="1,1,53,0" doraHai="94" doraHaiUra="90" who="1" fromWho="0" sc="235,-23,245,53,255,0,235,0" />
</Scene>
<Scene>
<INIT seed="1,2,0,5,4,134" ten="212,298,255,235" oya="1" hai0="122,92,133,95,126,68,63,132,71,88,85,81,123" hai1="84,36,67,42,105,4,19,97,102,130,111,93,60" hai2="41,27,128,46,31,106,98,50,100,115,37,61,121" hai3="7,62,57,25,16,108,64,91,86,103,118,32,112"/><U120/><E120/><N who="0" m="46121" /><D126/><U34/><E130/><V30/><F121/><W59/><G112/><T5/><D5/><U99/><E111/><V21/><F128/><W45/><G108/><T54/><D54/><U66/><E66/><V43/><F115/><W129/><G129/><T65/><D71/><U79/><E4/><V6/><F6/><W117/><G103/><T104/><D104/><U94/><E99/><V78/><F78/><W18/><G45/><T22/><D22/><U20/><E34/><V51/><F41/><W14/><G7/><T113/><D113/><U10/><E10/><V55/><F31/><W13/><G25/><T77/><D95/><U74/><E74/><AGARI ba="2,0" hai="63,65,68,74,77,81,85,88,92,132,133" m="46121" machi="74" ten="30,2000,0" yaku="13,1,54,1" doraHai="134" who="0" fromWho="1" sc="212,26,298,-26,255,0,235,0" />
</Scene>
<Scene>
<INIT seed="2,0,0,2,2,66" ten="238,272,255,235" oya="2" hai0="46,119,47,13,60,108,10,67,21,97,100,98,118" hai1="88,115,54,87,1,86,43,41,16,68,7,6,84" hai2="56,45,120,71,0,85,5,64,58,17,78,125,52" hai3="55,22,80,18,94,40,20,34,91,104,30,36,27"/><V110/><F120/><W81/><G104/><T103/><D108/><U117/><E117/><N who="0" m="44553" /><D21/><U121/><E115/><V92/><F125/><W112/><G112/><T3/><D3/><U79/><E121/><V9/><F110/><W51/><G36/><T95/><D97/><U24/><E1/><V99/><F17/><W74/><G40/><N who="1" m="15434" /><E68/><V109/><F109/><W32/><G22/><T44/><D103/><U132/><E132/><V130/><F130/><W124/><G124/><T123/><D123/><U127/><E127/><V8/><F8/><W135/><G135/><T101/><D101/><U129/><E129/><V116/><F116/><W89/><G89/><T4/><D44/><U106/><E106/><V133/><F133/><W37/><G34/><T31/><D31/><U113/><E113/><V96/><F96/><W126/><G126/><T77/><D77/><U59/><E79/><V90/><F99/><W29/><G32/><T69/><AGARI ba="0,0" hai="4,10,13,46,47,60,67,69,95,98,100" m="44553" machi="69" ten="30,2000,0" yaku="12,1,52,1" doraHai="66" who="0" fromWho="0" sc="238,20,272,-5,255,-10,235,-5" />
</Scene>
<Scene>
<INIT seed="3,0,0,0,3,53" ten="258,267,245,230" oya="3" hai0="68,39,135,72,112,130,40,66,133,80,128,76,123" hai1="34,55,114,102,79,29,122,3,126,97,107,52,83" hai2="23,15,113,106,109,134,63,87,44,36,35,100,98" hai3="32,111,92,27,42,33,78,99,85,12,88,24,105"/><W60/><G111/><T93/><D123/><U14/><E122/><V101/><F35/><W103/><G42/><T7/><D7/><U45/><E3/><V30/><F113/><W25/><G12/><T41/><D112/><U38/><E114/><V96/><F109/><W56/><REACH who="3" step="1"/><G78/><REACH who="3" ten="258,267,245,220" step="2"/><T91/><D41/><U82/><E14/><V116/><F15/><W28/><G28/><T110/><D110/><U49/><E38/><V54/><F30/><W19/><G19/><T71/><D40/><U125/><E79/><V67/><F36/><W84/><G84/><T94/><D39/><U115/><E115/><V26/><F87/><W21/><G21/><T70/><D76/><U58/><E29/><V0/><F23/><W89/><G89/><T46/><D91/><U81/><REACH who="1" step="1"/><E34/><REACH who="1" ten="258,257,245,220" step="2"/><V57/><F0/><W61/><G61/><AGARI ba="0,2" hai="45,49,52,55,58,61,81,82,83,97,102,107,125,126" machi="61" ten="40,12000,2" yaku="1,1,2,1,52,1,54,1,53,2" doraHai="53" doraHaiUra="51" who="1" fromWho="3" sc="258,0,257,140,245,0,220,-120" />
</Scene>
<Scene>
<INIT seed="4,0,0,5,1,14" ten="258,397,245,100" oya="0" hai0="34,50,123,110,106,3,31,49,86,7,112,8,63" hai1="48,98,102,18,96,87,134,113,124,128,73,74,132" hai2="57,81,0,1,11,78,21,55,120,119,107,22,19" hai3="56,67,4,109,70,99,33,51,60,15,65,58,23"/><T135/><D106/><U62/><E128/><V44/><F120/><W115/><G33/><T133/><D123/><U130/><E130/><V71/><F71/><W91/><G109/><T38/><D38/><U10/><E124/><V85/><F107/><W131/><G131/><T12/><D110/><U94/><E62/><V66/><F119/><W82/><G115/><T97/><D97/><U47/><E87/><V83/><F66/><W40/><G70/><T26/><D112/><U104/><E113/><V46/><F0/><W45/><G99/><T2/><D63/><U20/><E10/><V100/><F100/><W79/><G91/><T103/><D103/><U68/><E68/><V116/><F116/><W114/><G114/><T24/><D86/><U127/><E127/><V36/><F81/><W90/><G90/><T17/><D50/><U30/><E30/><V125/><F125/><W9/><G23/><N who="2" m="8713" /><F1/><N who="0" m="10" /><D49/><U59/><E59/><V27/><F36/><W118/><G118/><T39/><D39/><U69/><E69/><V6/><F57/><W5/><G58/><T43/><D43/><N who="1" m="24703" /><E98/><V32/><F85/><N who="3" m="48351" /><G67/><T101/><D101/><U89/><E102/><V126/><F126/><W53/><G65/><T76/><D76/><U84/><E96/><V29/><F78/><W75/><G75/><T95/><D95/><U111/><E104/><V117/><F117/><W108/><G108/><T121/><D121/><U52/><E111/><V122/><F122/><W92/><G92/><T80/><D80/><U72/><E94/><V105/><F105/><W88/><G88/><T41/><D41/><RYUUKYOKU ba="0,0" sc="258,15,397,-15,245,-15,100,15" hai0="7,8,12,17,24,26,31,34,133,135" hai3="4,5,9,15,40,45,51,53,56,60" />
</Scene>
<Scene>
<INIT seed="4,1,0,4,4,69" ten="273,382,230,115" oya="0" hai0="107,87,121,8,11,135,66,74,41,55,16,33,118" hai1="88,12,125,5,109,44,132,58,94,28,79,65,99" hai2="9,51,50,92,98,108,126,128,117,39,83,76,77" hai3="89,53,30,97,29,68,78,129,84,18,122,56,82"/><T90/><D107/><U123/><E123/><V31/><F108/><W100/><G68/><T80/><D74/><U2/><E109/><V1/><F31/><W0/><G122/><T85/><D33/><U22/><E132/><V54/><F39/><W81/><G0/><T26/><D121/><U133/><E133/><V19/><F128/><W115/><G115/><T32/><D32/><U114/><E125/><V25/><F126/><W34/><G129/><T47/><D66/><U113/><E79/><V131/><F131/><W86/><G18/><T61/><D118/><U7/><E2/><V42/><F117/><W43/><G43/><T110/><D110/><U4/><E44/><N who="2" m="25879" /><F1/><W73/><G73/><T14/><D135/><U130/><E130/><V112/><F83/><W20/><G20/><T96/><D96/><U102/><E102/><N who="2" m="60743" /><F112/><N who="1" m="43113" /><E28/><V46/><F25/><W72/><G72/><T64/><D26/><U70/><E70/><V63/><F63/><W52/><G34/><T36/><D85/><U24/><E24/><V45/><F45/><W105/><REACH who="3" step="1"/><G53/><REACH who="3" ten="273,382,230,105" step="2"/><T15/><D55/><U40/><E40/><V116/><F116/><W127/><G127/><T67/><D61/><AGARI ba="1,1" hai="29,30,52,56,61,78,81,82,84,86,89,97,100,105" machi="61" ten="30,3900,0" yaku="1,1,7,1,54,1,53,0" doraHai="69" doraHaiUra="6" who="3" fromWho="0" sc="273,-42,382,0,230,0,105,52" />
</Scene>
<Scene>
<INIT seed="5,0,0,1,4,58" ten="231,382,230,157" oya="1" hai0="50,28,116,77,101,4,95,114,46,60,45,86,84" hai1="63,70,30,91,104,47,54,38,134,48,118,24,126" hai2="9,56,1,7,5,103,80,123,23,99,40,79,52" hai3="71,62,8,32,125,59,117,36,97,111,120,68,41"/><U37/><E118/><V14/><F123/><W132/><G32/><T65/><D116/><U96/><E134/><V135/><F135/><W72/><G117/><T82/><D114/><U0/><E0/><V76/><F40/><W108/><G132/><T130/><D4/><U69/><E126/><V73/><F79/><W100/><G120/><T61/><D130/><U98/><E69/><V20/><F7/><W3/><G125/><T64/><D28/><U121/><E121/><V83/><F83/><W43/><G72/><T44/><D50/><U74/><E74/><V22/><F1/><W19/><G111/><T18/><D18/><U115/><E115/><V113/><F113/><W92/><G108/><T89/><D101/><N who="1" m="62503" /><E91/><V33/><F33/><W67/><G41/><T122/><D122/><U107/><E98/><V12/><F12/><W105/><G105/><T34/><D34/><N who="1" m="20807" /><E107/><V15/><F15/><W94/><G94/><T53/><D53/><U106/><E106/><V102/><REACH who="2" step="1"/><F99/><REACH who="2" ten="231,382,220,157" step="2"/><W26/><G3/><T112/><D112/><U85/><E85/><V35/><F35/><W13/><REACH who="3" step="1"/><G26/><REACH who="3" ten="231,382,220,147" step="2"/><T27/><D27/><U110/><E110/><V25/><F25/><W51/><G51/><AGARI ba="0,2" hai="5,9,14,20,22,23,51,52,56,73,76,80,102,103" machi="51" ten="40,5200,0" yaku="1,1,54,1,53,1" doraHai="58" doraHaiUra="55" who="2" fromWho="3" sc="231,0,382,0,220,72,147,-52" />
</Scene>
<Scene>
<INIT seed="6,0,0,0,2,83" ten="231,382,292,95" oya="2" hai0="56,42,94,25,5,38,43,135,129,96,60,74,76" hai1="57,52,23,91,79,28,73,113,114,78,15,102,9" hai2="66,64,7,87,116,70,93,98,21,14,54,55,65" hai3="49,34,6,35,51,107,24,62,11,122,16,18,36"/><V53/><F116/><W82/><G36/><T0/><D38/><U118/><E118/><V101/><F70/><W103/><G122/><T92/><D0/><U61/><E73/><V99/><F99/><W105/><G62/><T39/><D5/><U75/><E75/><V127/><F127/><W3/><G82/><T58/><D39/><U130/><E130/><V48/><F87/><W115/><G115/><N who="1" m="44042" /><E102/><V117/><F117/><W26/><G103/><T133/><D74/><U2/><E2/><V31/><F31/><W37/><G37/><T95/><D76/><U90/><E23/><V19/><REACH who="2" step="1"/><F7/><REACH who="2" ten="231,382,282,95" step="2"/><W1/><REACH who="3" step="1"/><G6/><REACH who="3" ten="231,382,282,85" step="2"/><T29/><D133/><U121/><E121/><V119/><F119/><W84/><G84/><T111/><D135/><U8/><E28/><V134/><F134/><W68/><G68/><T32/><D29/><U86/><E86/><V44/><AGARI ba="0,2" hai="14,19,21,44,48,53,54,55,64,65,66,93,98,101" machi="44" ten="30,6000,0" yaku="1,1,0,1,8,1,53,0" doraHai="83" doraHaiUra="124" who="2" fromWho="2" sc="231,-20,382,-20,282,80,85,-20" />
</Scene>
<Scene>
<INIT seed="6,1,0,5,1,66" ten="211,362,362,65" oya="2" hai0="94,79,98,21,106,74,135,115,77,35,37,132,81" hai1="43,23,2,50,58,111,38,34,27,65,13,52,86" hai2="82,93,4,59,89,9,103,83,67,53,130,95,107" hai3="46,84,92,120,49,29,47,90,20,72,110,61,48"/><V5/><F130/><W102/><G120/><T114/><D35/><U125/><E2/><V100/><F67/><W54/><G110/><T44/><D37/><U73/><E73/><V68/><F68/><W80/><G72/><T124/><D44/><U134/><E111/><V108/><F107/><W128/><G128/><T88/><D21/><U63/><E134/><N who="0" m="51241" /><D124/><U99/><E125/><V131/><F131/><W129/><G129/><T101/><D79/><U28/><E86/><AGARI ba="1,0" hai="74,77,81,86,88,94,98,101,106,114,115" m="51241" machi="86" ten="30,8000,1" yaku="24,1,20,1,34,2,54,1" doraHai="66" who="0" fromWho="1" sc="211,83,362,-83,362,0,65,0" />
</Scene>
<Scene>
<INIT seed="7,0,0,1,1,96" ten="294,279,362,65" oya="3" hai0="24,111,43,109,107,84,48,16,67,79,72,3,80" hai1="41,56,70,11,54,81,26,85,78,29,36,69,18" hai2="27,22,39,101,58,68,73,128,52,45,98,7,125" hai3="5,40,32,62,71,106,100,25,53,19,34,9,23"/><W66/><G40/><T95/><D3/><U61/><E36/><V105/><F73/><W94/><G106/><T112/><D67/><U90/><E41/><V115/><F68/><W37/><G37/><T13/><D107/><U28/><E69/><V50/><F115/><W114/><G114/><T135/><D135/><U130/><E130/><V77/><F77/><W74/><G74/><T17/><D112/><U108/><E108/><V55/><F125/><W116/><G116/><T21/><D72/><U97/><E70/><V127/><F127/><W42/><G42/><T110/><D95/><N who="1" m="56567" /><E11/><V10/><F128/><W104/><G53/><T38/><D38/><U92/><E92/><V20/><F27/><W6/><G104/><T30/><D43/><U47/><E47/><V89/><F89/><W88/><G100/><T0/><D0/><U119/><E119/><V44/><F39/><W91/><G91/><T75/><D75/><U131/><E131/><V4/><F45/><W134/><G134/><T87/><D48/><U60/><E60/><V65/><F65/><W113/><G113/><T132/><D132/><U1/><E1/><V63/><F4/><W118/><G118/><T133/><D133/><U76/><E76/><V64/><F64/><W102/><G102/><T15/><D87/><U121/><E121/><V14/><AGARI ba="0,0" hai="7,10,14,20,22,44,50,52,55,58,63,98,101,105" machi="14" ten="20,5200,0" yaku="0,1,7,1,52,1,54,1" doraHai="96" who="2" fromWho="2" sc="294,-13,279,-13,362,52,65,-26" owari="281,8.0,266,-13.0,414,51.0,39,-46.0" />
</Scene>
</mjloggm>