<mjloggm ver="2.3"><GO type="169" lobby="0"/><UN n0="%57%49%4E%E7%A5%9E" n1="%E5%A4%AA%E3%81%8F%E3%81%AA%E3%81%84%E3%81%8A" n2="%E3%83%92%E3%83%AB%E3%83%99%E3%83%AB%E3%83%88" n3="%E3%83%8F%E3%83%9E%E3%83%BC" dan="16,18,18,18" rate="2136.42,2248.67,2305.70,2214.40" sx="M,M,M,M"/><TAIKYOKU oya="0"/>

<Scene>
<INIT seed="0,0,0,3,3,39" ten="250,250,250,250" oya="0" hai0="48,81,133,100,126,94,28,14,131,127,106,125,3" hai1="97,124,63,5,46,4,128,77,89,9,40,132,87" hai2="7,86,15,66,35,83,36,2,90,114,92,65,99" hai3="102,31,52,108,70,18,37,107,20,26,116,96,122"/><T24/><D3/><U109/><E109/><V111/><F111/><W117/><G116/><T104/><D133/><U25/><E132/><V84/><F114/><W74/><G117/><T130/><D14/><U60/><E128/><N who="0" m="49193" /><D48/><N who="1" m="26695" /><E124/><V54/><F35/><W38/><G70/><T8/><D8/><U19/><E97/><V44/><F2/><W13/><G108/><T61/><D81/><N who="1" m="47535" /><E89/><V49/><F36/><W118/><G74/><T23/><D61/><N who="1" m="23627" /><E25/><V79/><F99/><AGARI ba="0,0" hai="23,24,28,94,99,100,104,106,125,126,127" m="49193" machi="99" ten="40,3900,0" yaku="18,1,19,1" doraHai="39" who="0" fromWho="2" sc="250,39,250,0,250,-39,250,0" />
</Scene>
<Scene>
<INIT seed="0,1,0,4,3,116" ten="289,250,211,250" oya="0" hai0="76,115,133,99,15,101,75,124,97,105,110,12,11" hai1="93,71,119,129,44,13,100,125,24,55,134,17,8" hai2="45,7,27,21,120,49,42,34,38,16,57,89,22" hai3="46,31,94,67,14,59,113,109,23,80,81,73,126"/><T82/><D115/><U63/><E119/><V25/><F7/><W74/><G113/><T2/><D133/><U47/><E134/><V35/><F120/><W51/><G109/><T37/><D110/><U9/><E129/><V87/><F57/><W66/><G126/><T91/><D124/><U19/><E125/><V20/><F20/><W114/><G73/><T5/><D37/><U78/><E78/><V68/><F68/><W64/><G74/><T85/><D99/><N who="1" m="59503" /><E71/><V135/><F38/><W62/><G114/><T60/><REACH who="0" step="1"/><D60/><REACH who="0" ten="279,250,211,250" step="2"/><U108/><E108/><V18/><REACH who="2" step="1"/><F135/><REACH who="2" ten="279,250,201,250" step="2"/><W40/><G62/><T127/><D127/><U56/><E63/><V88/><F88/><W121/><G64/><T33/><D33/><U95/><E56/><V32/><F32/><W132/><G59/><T84/><D84/><U86/><E86/><V103/><F103/><W50/><G132/><T107/><D107/><U77/><E44/><V117/><F117/><W48/><G66/><T104/><D104/><U52/><E47/><V130/><F130/><W106/><G106/><T6/><D6/><U122/><E122/><V131/><F131/><W29/><G121/><T83/><AGARI ba="1,2" hai="2,5,11,12,15,75,76,82,83,85,91,97,101,105" machi="83" ten="20,3900,0" yaku="1,1,0,1,7,1,53,0" doraHai="116" doraHaiUra="30" who="0" fromWho="0" sc="279,62,250,-14,201,-14,250,-14" />
</Scene>
<Scene>
<INIT seed="0,2,0,3,4,17" ten="341,236,187,236" oya="0" hai0="109,0,36,3,106,82,52,95,122,73,110,40,2" hai1="25,67,102,5,118,14,27,83,121,63,88,69,131" hai2="125,87,120,76,30,115,46,72,71,28,133,92,50" hai3="13,94,4,64,93,126,12,61,90,34,32,112,104"/><T86/><D122/><U48/><E121/><V101/><F120/><W47/><G104/><T70/><D106/><U62/><E118/><V33/><F71/><W119/><G119/><T35/><D70/><U24/><E131/><V96/><F125/><W123/><G112/><T79/><D35/><U43/><E102/><V130/><F130/><W15/><G123/><T135/><D135/><U38/><E38/><V49/><F133/><W29/><G126/><T128/><D128/><U114/><E114/><V85/><F115/><W19/><G4/><T127/><D127/><U116/><E116/><V105/><F33/><W117/><G93/><T10/><D10/><N who="1" m="4431" /><E69/><V51/><F46/><W18/><G47/><T100/><D52/><U21/><E67/><V7/><F7/><W74/><G74/><T89/><D100/><U124/><E124/><V60/><F60/><N who="1" m="23081" /><E48/><V84/><REACH who="2" step="1"/><F105/><REACH who="2" ten="341,236,177,236" step="2"/><W44/><G117/><T108/><D36/><U20/><E43/><AGARI ba="2,1" hai="0,2,3,40,43,73,79,82,86,89,95,108,109,110" machi="43" ten="50,4800,0" yaku="14,1,10,1" doraHai="17" who="0" fromWho="1" sc="341,64,236,-54,177,0,236,0" />
</Scene>
<Scene>
<INIT seed="0,3,0,5,0,116" ten="405,182,177,236" oya="0" hai0="91,64,57,29,119,44,37,112,128,6,50,127,121" hai1="15,92,60,17,35,72,98,38,51,78,61,89,85" hai2="133,68,131,43,23,18,54,22,13,117,77,36,90" hai3="30,66,134,75,0,27,69,84,55,42,88,4,118"/><T20/><D121/><U74/><E38/><V52/><F68/><W25/><G75/><T53/><D119/><U115/><E35/><V19/><F133/><W49/><G42/><T31/><D112/><U26/><E115/><V67/><F131/><W109/><G118/><T24/><D128/><U47/><E26/><V16/><F117/><W94/><G134/><T99/><D127/><U81/><E72/><V41/><F36/><W107/><G107/><T14/><D37/><U129/><E74/><V59/><F77/><W76/><G76/><T80/><D31/><U56/><E56/><V7/><F67/><W103/><G103/><T104/><D104/><U130/><E130/><V3/><F3/><W132/><G109/><T2/><D2/><U10/><REACH who="1" step="1"/><E129/><REACH who="1" ten="405,172,177,236" step="2"/><V108/><F108/><W120/><G27/><T46/><D57/><U1/><E1/><V11/><F59/><W39/><G39/><T63/><D24/><U8/><E8/><V114/><F114/><W105/><G0/><T83/><D64/><U79/><E79/><V5/><F23/><W87/><G132/><T106/><D20/><U102/><E102/><V97/><F22/><W34/><G66/><T12/><D14/><U33/><E33/><V135/><F135/><W58/><G34/><T122/><D12/><U9/><E9/><V124/><F124/><W96/><G25/><T100/><D100/><U125/><E125/><V65/><F65/><W48/><G58/><T71/><D71/><U126/><E126/><V40/><F7/><W113/><G69/><T93/><D6/><U111/><E111/><RYUUKYOKU ba="3,1" sc="405,-15,172,15,177,15,236,-15" hai1="10,15,17,47,51,60,61,78,81,85,89,92,98" hai2="5,11,13,16,18,19,40,41,43,52,54,90,97" />
</Scene>
<Scene>
<INIT seed="1,4,1,4,1,35" ten="390,187,192,221" oya="1" hai0="6,13,69,125,9,43,94,0,57,79,62,18,24" hai1="25,41,91,89,104,20,68,100,109,1,95,44,53" hai2="5,45,80,128,86,131,88,36,115,21,42,39,3" hai3="64,11,118,40,129,7,135,121,97,26,8,65,17"/><U48/><E68/><V38/><F115/><W114/><G129/><N who="2" m="49737" /><F21/><W30/><G121/><T58/><D125/><U71/><E71/><V107/><F107/><W81/><G114/><T78/><D43/><U37/><E104/><V10/><AGARI ba="4,1" hai="3,5,10,36,38,39,42,45,80,86,88" m="49737" machi="10" ten="30,4000,0" yaku="19,1,52,1,54,1" doraHai="35" who="2" fromWho="2" sc="390,-14,187,-24,192,62,221,-14" />
</Scene>
<Scene>
<INIT seed="2,0,0,1,4,52" ten="376,163,254,207" oya="2" hai0="104,58,35,106,135,1,87,34,47,127,39,82,13" hai1="121,110,123,2,63,7,75,109,67,107,33,72,54" hai2="48,129,85,6,31,91,97,103,38,134,132,86,28" hai3="73,64,114,124,100,99,15,98,101,88,89,126,40"/><V26/><F38/><W119/><G40/><T42/><D1/><U51/><E33/><V69/><F69/><W62/><G15/><T23/><D135/><N who="2" m="51754" /><F6/><W78/><G119/><T95/><D127/><N who="3" m="48681" /><G114/><T57/><D95/><U108/><E107/><V37/><F37/><W9/><G9/><T60/><D106/><U19/><E19/><V65/><F65/><W115/><G115/><T45/><D104/><U105/><E105/><V36/><F36/><W4/><G4/><T55/><D35/><U84/><E84/><N who="2" m="32363" /><F103/><N who="3" m="39499" /><G62/><T5/><D60/><U10/><E63/><V59/><F129/><W118/><G64/><T29/><D5/><U113/><E67/><V61/><F61/><W20/><G20/><T49/><D23/><U102/><E113/><V133/><F133/><W117/><G98/><T56/><D13/><U3/><E3/><V44/><F44/><W128/><G128/><T122/><D34/><U131/><E131/><V53/><F26/><W32/><G32/><T27/><D27/><U130/><E130/><V80/><F80/><N who="3" m="45135" /><G89/><T70/><D70/><U92/><E51/><V16/><F16/><W77/><G77/><T112/><D49/><U50/><E50/><V74/><F91/><W24/><G24/><T96/><D112/><U66/><E66/><V11/><F97/><W18/><G18/><T111/><D96/><N who="1" m="59655" /><E54/><V90/><F90/><W116/><G116/><T12/><D55/><U0/><E0/><V8/><F31/><W25/><G25/><T41/><D29/><U14/><E2/><V22/><F28/><W17/><G17/><T83/><D39/><RYUUKYOKU ba="0,0" sc="376,-15,163,15,254,-15,207,15" hai1="7,10,14,72,75,108,109,110,121,123" hai3="88,99,117,118" />
</Scene>
<Scene>
<INIT seed="3,1,0,5,5,86" ten="361,178,239,222" oya="3" hai0="97,87,131,56,45,130,94,78,88,42,17,69,112" hai1="76,40,47,74,53,135,119,83,64,77,91,107,32" hai2="109,15,44,101,106,3,133,12,5,33,0,118,82" hai3="80,134,57,21,62,68,36,132,114,37,52,99,75"/><W27/><G114/><T123/><D112/><U29/><E107/><V49/><F118/><W48/><G99/><T73/><D69/><U96/><E119/><V89/><F33/><W39/><G75/><T63/><D123/><U18/><E135/><N who="3" m="51754" /><G80/><N who="0" m="47511" /><D73/><U7/><E7/><V51/><F133/><W16/><G68/><T127/><D17/><U108/><E64/><V124/><F124/><W81/><G81/><T11/><D11/><U60/><E77/><V54/><F101/><W71/><G71/><T28/><D28/><U100/><E18/><V6/><F82/><W38/><N who="3" m="9216" /><DORA hai="23" /><W43/><G43/><T95/><D127/><U85/><E40/><V126/><F106/><W116/><G116/><T14/><D95/><U26/><E108/><V115/><F109/><W19/><G19/><T117/><D117/><U111/><E111/><V93/><F126/><W58/><G58/><T122/><D56/><U8/><E74/><V46/><F115/><W13/><G13/><T31/><D14/><U105/><E76/><V66/><F15/><W4/><G4/><T2/><D97/><U65/><E96/><V120/><F12/><W70/><G70/><T30/><D42/><U50/><E105/><V103/><F6/><W113/><G113/><T128/><D128/><U129/><E129/><V55/><F5/><W104/><G104/><T24/><D131/><U110/><E110/><V61/><F103/><W35/><G35/><T34/><D34/><U98/><E98/><V59/><F120/><W90/><G90/><T84/><D130/><U10/><E100/><V20/><F20/><RYUUKYOKU ba="1,0" sc="361,-30,178,10,239,10,222,10" hai1="8,10,26,29,32,47,50,53,60,65,83,85,91" hai2="0,3,44,46,49,51,54,55,59,61,66,89,93" hai3="16,21,27,48,52,57,62" />
</Scene>
<Scene>
<INIT seed="3,2,0,3,2,127" ten="331,188,249,232" oya="3" hai0="5,24,65,122,48,110,15,36,63,21,55,72,112" hai1="59,121,100,29,32,79,50,17,53,51,14,97,7" hai2="12,9,1,134,16,111,39,102,93,38,119,70,124" hai3="99,98,85,75,46,87,47,2,67,78,60,54,52"/><W120/><G2/><T106/><D122/><U8/><E121/><V31/><F119/><W95/><G120/><T40/><D72/><U3/><E79/><V84/><F70/><W71/><G75/><T35/><D106/><U90/><E90/><V125/><F111/><W77/><G71/><T56/><D110/><U114/><E114/><V81/><F134/><W83/><G67/><T57/><D112/><U123/><E123/><V76/><F31/><W10/><G10/><T104/><D104/><U18/><E50/><V82/><F82/><W11/><G11/><T131/><D35/><U45/><E59/><V20/><F102/><W22/><G22/><T92/><D92/><U26/><REACH who="1" step="1"/><E3/><REACH who="1" ten="331,178,249,232" step="2"/><V62/><F1/><W42/><G60/><T73/><D63/><U27/><E27/><V43/><F62/><W96/><G47/><T33/><D24/><U132/><E132/><V34/><F125/><W4/><G77/><T61/><D61/><U116/><E116/><V41/><F124/><W28/><G78/><T80/><D48/><U69/><E69/><V115/><F115/><W68/><G68/><T74/><D57/><U103/><E103/><V135/><F135/><W89/><G46/><T49/><D56/><U118/><E118/><V58/><F58/><W6/><G89/><T66/><D49/><U13/><E13/><V88/><F76/><W91/><G91/><T64/><D15/><U129/><E129/><V19/><F12/><W130/><G130/><T126/><D131/><U25/><E25/><V101/><F88/><W0/><G0/><T117/><D126/><RYUUKYOKU ba="2,1" sc="331,-10,178,30,249,-10,232,-10" hai1="7,8,14,17,18,26,29,32,45,51,53,97,100" />
</Scene>
<Scene>
<INIT seed="4,3,1,0,3,62" ten="321,208,239,222" oya="0" hai0="26,111,96,14,95,87,35,15,108,119,101,99,59" hai1="114,32,9,104,5,134,52,103,55,31,120,53,70" hai2="122,46,76,106,25,131,97,80,38,47,73,81,30" hai3="132,60,0,3,116,85,113,86,6,20,42,89,4"/><T100/><D119/><U43/><E120/><V16/><F122/><W92/><G116/><T24/><D87/><U8/><E70/><V109/><F109/><N who="0" m="42058" /><D59/><U91/><E134/><V57/><F131/><W124/><G132/><T66/><D66/><U90/><E43/><V36/><F57/><W54/><G42/><T23/><D35/><U64/><E114/><V1/><F1/><W117/><G0/><T121/><D121/><U125/><E125/><V68/><F68/><W40/><G3/><T79/><D79/><U18/><E64/><V51/><F80/><W28/><G124/><T29/><D24/><U123/><E123/><V78/><F76/><W82/><G82/><T88/><D101/><U105/><E103/><V128/><F47/><W110/><G117/><T37/><D37/><U61/><E61/><V74/><F74/><W2/><G60/><T13/><D15/><U135/><E135/><V12/><F38/><W83/><G2/><T93/><AGARI ba="3,1" hai="13,14,23,26,29,88,93,95,96,99,100" m="42058" machi="93" ten="30,3000,0" yaku="10,1,54,1" doraHai="62" who="0" fromWho="0" sc="321,49,208,-13,239,-13,222,-13" />
</Scene>
<Scene>
<INIT seed="4,4,0,2,2,119" ten="370,195,226,209" oya="0" hai0="21,60,120,48,13,111,2,94,90,39,43,55,66" hai1="83,107,76,26,129,20,8,9,81,88,18,130,15" hai2="10,53,101,25,54,93,131,100,87,0,37,65,85" hai3="78,11,42,110,133,46,113,121,5,106,134,27,36"/><T38/><D120/><U80/><E107/><V73/><F73/><W24/><G110/><T12/><D2/><U95/><E76/><V125/><F37/><W59/><G106/><T84/><D111/><U89/><E9/><V51/><F125/><W50/><G113/><T7/><D7/><U47/><E47/><V118/><F118/><W102/><G102/><T103/><D103/><U52/><E52/><V97/><F65/><W105/><G105/><T28/><D39/><U72/><E72/><V92/><F25/><W41/><G78/><T79/><D79/><U16/><REACH who="1" step="1"/><E89/><REACH who="1" ten="370,185,226,209" step="2"/><V33/><F10/><W109/><G109/><T114/><D55/><U62/><E62/><V56/><F54/><N who="3" m="32215" /><G42/><T32/><D43/><U104/><E104/><V108/><F53/><W17/><G46/><T29/><D90/><U86/><AGARI ba="4,1" hai="8,15,16,18,20,26,80,81,83,86,88,95,129,130" machi="86" ten="30,7900,0" yaku="1,1,0,1,54,2,53,0" doraHai="119" doraHaiUra="49" who="1" fromWho="1" sc="370,-43,185,101,226,-24,209,-24" />
</Scene>
<Scene>
<INIT seed="5,0,0,3,0,48" ten="327,286,202,185" oya="1" hai0="89,79,120,83,55,78,93,133,62,130,102,64,65" hai1="10,36,128,30,109,24,101,69,117,38,40,18,114" hai2="59,123,15,88,108,58,50,12,31,49,80,33,72" hai3="1,13,56,122,32,41,25,105,81,67,37,23,52"/><U91/><E117/><V6/><F108/><W95/><G105/><T107/><D133/><U70/><E101/><V103/><F103/><W39/><G1/><T74/><D130/><U94/><E128/><V19/><F123/><W129/><G122/><T113/><D113/><U125/><E114/><V4/><F72/><W53/><G129/><T96/><D79/><U54/><E109/><V84/><F31/><W7/><G32/><T2/><D2/><U90/><E125/><V86/><F33/><W116/><G116/><T110/><D110/><U0/><E90/><V82/><F19/><N who="3" m="12543" /><G39/><T16/><D16/><U34/><E40/><V61/><F61/><N who="3" m="38311" /><G37/><T112/><D112/><U132/><E132/><V57/><F57/><W14/><G41/><T97/><D120/><U5/><E36/><V106/><F106/><W118/><G118/><T42/><D42/><U99/><E38/><V44/><REACH who="2" step="1"/><F88/><REACH who="2" ten="327,286,192,185" step="2"/><W11/><G81/><T28/><D83/><U21/><E34/><V51/><F51/><W8/><G95/><T92/><D93/><U115/><E30/><V9/><F9/><W77/><G77/><T85/><D28/><U3/><E115/><V43/><F43/><W111/><G111/><T60/><D78/><U66/><E91/><V100/><F100/><W63/><G63/><T26/><D102/><U22/><E10/><V76/><F76/><W121/><G121/><T73/><D89/><U29/><E29/><V98/><F98/><W127/><G127/><T75/><D107/><U68/><E99/><V135/><F135/><W119/><G119/><T27/><D97/><RYUUKYOKU ba="0,1" sc="327,-15,286,-15,192,15,185,15" hai2="4,6,12,15,44,49,50,58,59,80,82,84,86" hai3="7,8,11,13,14,52,53" />
</Scene>
<Scene>
<INIT seed="6,1,1,0,0,89" ten="312,271,207,200" oya="2" hai0="115,60,27,135,3,57,83,10,102,23,114,104,103" hai1="106,108,34,44,25,66,47,26,45,97,24,76,65" hai2="48,1,22,63,82,93,8,6,88,74,113,81,49" hai3="125,111,116,117,123,43,51,130,58,42,71,46,55"/><V12/><F113/><N who="0" m="43018" /><D135/><U91/><E108/><V75/><F75/><W112/><G112/><T50/><D50/><N who="2" m="19562" /><F74/><W127/><G111/><T109/><D109/><U78/><E34/><V68/><F68/><W92/><G123/><T132/><D132/><U72/><E72/><V13/><F1/><W131/><G92/><T4/><D83/><N who="2" m="31754" /><F63/><N who="3" m="36319" /><G71/><T124/><D104/><U133/><E133/><V41/><F41/><W122/><G122/><T107/><D107/><U70/><E70/><V38/><F38/><W84/><G84/><T32/><D32/><U90/><E106/><V0/><F0/><W53/><G42/><T85/><D85/><U16/><E16/><N who="2" m="10503" /><F93/><W9/><G9/><T5/><D10/><U77/><E66/><V36/><F36/><W28/><G28/><T119/><D3/><U99/><E65/><V61/><F61/><W64/><G64/><T2/><D60/><U52/><E52/><V134/><F134/><W79/><G43/><T73/><D2/><U7/><E7/><V18/><F6/><W30/><G30/><T39/><D4/><U62/><E62/><V17/><F17/><W67/><G67/><T59/><D5/><U128/><E128/><N who="3" m="49194" /><G79/><T33/><D73/><U86/><E76/><V15/><F15/><W96/><G96/><N who="1" m="36938" /><E77/><V121/><F121/><W56/><G56/><T101/><D59/><U37/><E37/><V69/><F69/><W120/><G120/><T19/><D57/><U118/><E78/><V110/><F110/><W40/><G40/><T98/><D39/><U126/><E86/><V11/><F11/><W95/><G95/><RYUUKYOKU ba="1,1" sc="312,-15,271,-15,207,15,200,15" hai2="8,13,18,88" hai3="46,51,53,116,117,125,127" />
</Scene>
<Scene>
<INIT seed="6,2,1,2,1,40" ten="297,256,222,215" oya="2" hai0="92,111,30,58,125,15,24,88,43,106,123,124,37" hai1="95,21,17,45,48,65,2,87,108,100,128,86,99" hai2="8,56,0,75,26,60,114,4,36,22,35,20,9" hai3="79,10,90,121,133,116,77,71,42,101,19,34,97"/><V76/><F36/><W59/><G71/><T122/><D111/><U104/><E108/><V117/><F117/><W47/><G116/><T127/><D106/><U132/><E2/><V112/><F76/><W93/><G121/><T130/><D130/><U1/><E1/><N who="2" m="15" /><F75/><W131/><G133/><T85/><D15/><U13/><E132/><V39/><F56/><W7/><G34/><N who="0" m="20807" /><D58/><U105/><E128/><V14/><F60/><W135/><G135/><T72/><D72/><U67/><E104/><V102/><F102/><W6/><G131/><T16/><D16/><U113/><E113/><N who="2" m="43627" /><F39/><W12/><G59/><T134/><D134/><U64/><REACH who="1" step="1"/><E105/><REACH who="1" ten="297,246,222,215" step="2"/><V107/><F107/><W119/><G119/><T62/><D62/><U115/><E115/><V23/><F0/><W120/><G120/><T38/><D123/><U129/><E129/><V109/><F109/><W54/><G101/><T32/><D122/><U89/><E89/><V96/><F96/><W52/><G79/><T103/><D103/><U80/><E80/><V28/><F35/><W27/><G77/><T84/><D32/><U74/><E74/><V5/><AGARI ba="2,2" hai="5,9,14,20,22,23,26,28" m="43627,15" machi="5" ten="30,6000,0" yaku="15,1,34,2" doraHai="40" who="2" fromWho="2" sc="297,-22,246,-22,222,86,215,-22" />
</Scene>
<Scene>
<INIT seed="6,3,0,1,4,111" ten="275,224,308,193" oya="2" hai0="33,94,126,106,91,61,114,26,78,89,36,20,73" hai1="57,54,63,59,49,48,115,52,82,2,53,70,98" hai2="108,28,103,134,104,58,93,68,25,67,132,0,42" hai3="92,44,110,116,97,65,29,119,86,105,77,64,39"/><V84/><F0/><W8/><G110/><T30/><D106/><U118/><E2/><V80/><F104/><W66/><G105/><T107/><D107/><U4/><E4/><V117/><F68/><W27/><G8/><T120/><D120/><U6/><E6/><V21/><F117/><W130/><G130/><T35/><D36/><U99/><E118/><V125/><F125/><W122/><G122/><T71/><D114/><U75/><E115/><V69/><F69/><W96/><G86/><T17/><D126/><U102/><E102/><V19/><F42/><W123/><G77/><T12/><D35/><U76/><REACH who="1" step="1"/><E70/><REACH who="1" ten="275,214,308,193" step="2"/><V79/><F108/><W127/><G127/><T81/><D71/><U72/><E72/><V34/><F103/><W131/><G131/><T7/><D7/><U113/><E113/><V16/><F134/><W37/><G123/><T31/><D73/><U9/><E9/><V129/><F132/><W101/><G97/><T5/><D5/><U55/><E55/><V60/><F129/><W62/><G116/><T109/><D109/><U18/><E18/><V24/><F93/><W13/><G119/><T135/><D94/><U95/><E95/><V22/><F34/><W38/><G101/><T124/><D33/><U15/><E15/><V87/><F28/><W121/><G121/><T46/><D31/><U74/><E74/><AGARI ba="3,1" hai="16,19,21,22,24,25,58,60,67,74,79,80,84,87" machi="74" ten="30,5800,0" yaku="7,1,9,1,54,1" doraHai="111" who="2" fromWho="1" sc="275,0,214,-67,308,77,193,0" />
</Scene>
<Scene>
<INIT seed="6,4,0,4,0,123" ten="275,147,385,193" oya="2" hai0="133,47,119,49,33,91,50,25,60,52,100,88,20" hai1="109,66,62,41,114,89,68,56,61,48,127,35,55" hai2="14,9,132,116,108,121,54,40,111,7,125,84,95" hai3="67,118,77,42,72,117,75,82,131,43,21,101,74"/><V85/><F116/><W134/><G67/><T53/><D119/><U2/><E2/><V39/><F121/><W58/><G58/><T86/><D33/><U128/><E35/><V51/><F125/><W69/><G69/><T83/><D133/><U71/><E89/><V115/><F115/><W106/><G21/><T59/><D100/><U98/><E98/><V26/><F132/><W57/><G57/><T38/><D38/><U29/><E29/><V103/><F39/><W0/><G0/><T102/><D102/><U110/><E114/><V31/><F40/><W126/><G43/><T113/><D113/><U130/><E127/><V1/><F1/><W23/><G23/><T97/><D97/><U65/><E41/><V44/><F103/><W46/><G126/><T17/><D59/><U81/><E81/><V37/><F37/><N who="3" m="21839" /><G131/><AGARI ba="4,0" hai="48,55,56,61,62,65,66,68,71,109,110,128,130,131" machi="131" ten="40,12000,2" yaku="9,1,19,1,34,3,52,2" doraHai="123" who="1" fromWho="3" sc="275,0,147,132,385,0,193,-132" />
</Scene>
<Scene>
<INIT seed="7,0,0,0,3,44" ten="275,279,385,61" oya="3" hai0="109,28,25,107,7,118,73,22,89,97,102,57,37" hai1="34,117,86,60,135,52,98,88,99,115,46,10,81" hai2="3,116,94,0,62,84,126,39,1,2,87,14,82" hai3="72,101,31,53,24,133,45,83,20,9,93,96,106"/><W21/><G133/><T40/><D109/><U29/><E135/><V30/><F0/><W12/><G106/><T26/><D118/><U66/><E117/><V122/><F39/><W119/><G119/><T65/><D73/><U77/><E115/><V79/><F126/><W38/><G38/><T123/><D123/><U32/><E32/><V18/><F30/><W33/><G72/><T67/><D7/><U91/><E34/><V134/><F122/><W111/><G111/><T68/><D57/><N who="1" m="37135" /><E29/><V64/><F134/><W113/><G113/><T11/><D11/><U100/><E10/><V104/><F104/><W75/><G75/><T108/><D108/><U8/><E8/><V13/><F116/><W27/><G83/><T43/><D89/><N who="1" m="34379" /><E100/><V120/><F18/><W85/><G85/><T19/><D37/><U17/><E17/><V130/><F130/><W125/><G125/><T47/><D47/><U51/><AGARI ba="0,0" hai="46,51,52,77,81,86,98,99" m="34379,37135" machi="51" ten="30,7900,0" yaku="8,1,52,1,54,2" doraHai="44" who="1" fromWho="1" sc="275,-20,279,79,385,-20,61,-39" owari="255,-14.0,358,16.0,365,46.0,22,-48.0" />
</Scene>
</mjloggm>