<mjloggm ver="2.3"><GO type="169" lobby="0"/><UN n0="%E5%A4%AA%E3%81%8F%E3%81%AA%E3%81%84%E3%81%8A" n1="%67%61%6D%6F%33" n2="%E5%91%82%E5%A7%AB" n3="%68%61%72%75%72%75%39%31" dan="18,18,16,17" rate="2311.43,2180.96,2132.50,2146.47" sx="M,M,F,M"/><TAIKYOKU oya="0"/>

<Scene>
<INIT seed="0,0,0,4,3,25" ten="250,250,250,250" oya="0" hai0="44,115,30,82,111,114,53,131,76,24,108,74,31" hai1="39,119,57,28,105,22,103,84,6,90,67,78,18" hai2="101,73,60,135,110,92,116,64,87,125,126,128,81" hai3="19,51,37,45,66,132,133,61,134,23,109,96,3"/><T95/><D131/><U122/><E122/><V26/><F26/><W80/><G109/><N who="0" m="42059" /><D95/><U36/><E119/><V33/><F33/><W72/><G3/><T86/><D74/><U52/><E67/><V0/><F0/><W5/><G5/><T83/><D83/><U16/><E78/><V29/><F110/><W63/><G37/><T70/><D70/><U127/><E6/><V50/><F101/><W93/><G80/><T17/><D17/><U42/><E127/><V106/><F106/><W4/><G4/><T7/><D7/><U77/><E77/><V112/><F92/><W2/><G2/><T12/><D12/><U1/><E1/><V107/><F107/><W27/><G72/><T97/><D97/><U94/><E42/><V46/><F73/><W43/><G66/><T124/><D124/><U49/><E18/><V113/><F128/><W71/><G71/><T56/><D44/><U41/><E41/><V91/><F116/><W62/><G93/><T117/><D117/><U55/><E55/><V123/><F123/><W11/><G96/><T130/><D130/><U35/><E105/><V21/><F126/><W38/><G11/><T48/><D24/><N who="1" m="18823" /><E103/><V69/><F125/><W47/><G47/><T10/><D10/><U14/><AGARI ba="0,0" hai="14,16,22,36,39,49,52,57,84,90,94" m="18823" machi="14" ten="30,7900,0" yaku="25,1,52,1,54,2" doraHai="25" who="1" fromWho="1" sc="250,-39,250,79,250,-20,250,-20" />
</Scene>
<Scene>
<INIT seed="1,0,0,0,5,114" ten="211,329,230,230" oya="1" hai0="85,135,31,71,40,26,61,96,28,10,45,27,18" hai1="69,14,117,51,90,101,15,74,37,95,73,100,133" hai2="93,113,24,77,52,102,19,53,17,68,79,42,111" hai3="76,84,20,72,39,134,16,0,56,88,55,22,48"/><U35/><E37/><V82/><F68/><W38/><G134/><T78/><D135/><U21/><E133/><V107/><F107/><W43/><G0/><T103/><D71/><U87/><E35/><V2/><F2/><W33/><G33/><T64/><D78/><N who="2" m="29706" /><F82/><W127/><G127/><T32/><D85/><U128/><E128/><V47/><F111/><W75/><G22/><T80/><D80/><U41/><E69/><V81/><F81/><W89/><G89/><T108/><D108/><U4/><E14/><V131/><F131/><W57/><G57/><T11/><D18/><U129/><E129/><V34/><F34/><W59/><G59/><N who="0" m="36927" /><D45/><U60/><E60/><V13/><F24/><W126/><G126/><T49/><D40/><U106/><E106/><V7/><F19/><W12/><G76/><T63/><D49/><U46/><E21/><V58/><F7/><W124/><G124/><T119/><D63/><U105/><E105/><V66/><F66/><W98/><G98/><T121/><D121/><U104/><E104/><V67/><F67/><W120/><G120/><T116/><D10/><U29/><E29/><V1/><F1/><W122/><G122/><T109/><D11/><U54/><E4/><V118/><F58/><W83/><G43/><T70/><D70/><U115/><E41/><V94/><F42/><W110/><G110/><T65/><D109/><U30/><E30/><V44/><F53/><W91/><G91/><T132/><D132/><U23/><E54/><V3/><F3/><W92/><G83/><T36/><D65/><U86/><E90/><RYUUKYOKU ba="0,0" sc="211,-10,329,-10,230,-10,230,30" hai3="12,16,20,38,39,48,55,56,72,75,84,88,92" />
</Scene>
<Scene>
<INIT seed="2,1,0,5,1,118" ten="201,319,220,260" oya="2" hai0="134,123,57,29,71,89,43,64,93,32,53,82,6" hai1="69,4,104,63,105,85,66,40,86,56,58,7,10" hai2="5,117,102,111,8,94,45,129,110,133,18,132,24" hai3="97,62,27,127,80,17,1,84,98,2,74,79,95"/><V88/><F117/><W70/><G127/><T31/><D134/><N who="2" m="51818" /><F102/><W60/><G74/><T46/><D6/><U121/><E40/><V61/><F129/><W26/><G26/><T68/><D82/><U11/><E63/><V119/><F119/><W124/><G124/><T51/><D123/><U81/><E81/><V92/><F61/><W107/><G107/><T48/><D64/><U115/><E66/><V103/><F103/><W12/><G27/><T65/><D32/><U109/><E115/><V54/><F18/><W16/><G17/><T44/><D57/><U125/><E125/><V90/><F24/><W47/><G47/><T128/><D128/><U99/><E69/><V122/><F122/><W15/><G15/><T113/><D113/><U75/><E75/><V135/><F135/><W36/><G36/><T120/><D120/><U30/><E121/><V73/><F73/><W55/><G70/><T0/><D0/><U108/><REACH who="1" step="1"/><E99/><REACH who="1" ten="201,309,220,260" step="2"/><N who="2" m="57735" /><F54/><W42/><G55/><T126/><D126/><U106/><E106/><V76/><F76/><W114/><G114/><T22/><D65/><U112/><E112/><V101/><F111/><W14/><G79/><T20/><D71/><U28/><AGARI ba="1,1" hai="4,7,10,11,28,30,56,58,85,86,104,105,108,109" machi="28" ten="25,6400,0" yaku="1,1,0,1,22,2,53,0" doraHai="118" doraHaiUra="19" who="1" fromWho="1" sc="201,-17,309,77,220,-33,260,-17" />
</Scene>
<Scene>
<INIT seed="3,0,0,1,4,132" ten="184,386,187,243" oya="3" hai0="37,90,28,104,8,91,77,2,7,67,6,25,117" hai1="105,127,119,20,107,116,35,38,72,4,84,15,101" hai2="23,17,82,124,75,76,133,5,121,81,87,54,110" hai3="59,118,71,30,11,96,3,128,52,85,79,41,106"/><W21/><G118/><N who="1" m="45098" /><E72/><V56/><F5/><W135/><G71/><T16/><D117/><U62/><E35/><V123/><F133/><W108/><G135/><T34/><D37/><U1/><E38/><V114/><F110/><W42/><G128/><T47/><D104/><U102/><E1/><V112/><F124/><W12/><G3/><T31/><D7/><U130/><E127/><V48/><F81/><N who="3" m="47295" /><G96/><T93/><D28/><U70/><E84/><V80/><F80/><W39/><G106/><T126/><D126/><U14/><E130/><V36/><F75/><W51/><G39/><T24/><D77/><U97/><E4/><V32/><F32/><W60/><G60/><T129/><D129/><U63/><E63/><V40/><F40/><W29/><G108/><T66/><D47/><U99/><E20/><V10/><F10/><W95/><G95/><T27/><D90/><U86/><E86/><V131/><F131/><W74/><G74/><T125/><D125/><U44/><E44/><V45/><F45/><W33/><G33/><T100/><D100/><U58/><E70/><V98/><F98/><W0/><G0/><T19/><D91/><U78/><E78/><V109/><F109/><W68/><G68/><T43/><D93/><U134/><E134/><V69/><F69/><W61/><G61/><T113/><D43/><N who="3" m="16393" /><G21/><N who="0" m="13351" /><D113/><N who="2" m="43626" /><F36/><W50/><G50/><T94/><D94/><U18/><E18/><AGARI ba="0,0" hai="11,12,18,29,30,51,52,59" m="16393,47295" machi="18" ten="30,2900,0" yaku="8,1,54,1" doraHai="132" who="3" fromWho="1" sc="184,0,386,-29,187,0,243,29" />
</Scene>
<Scene>
<INIT seed="3,1,0,5,5,31" ten="184,357,187,272" oya="3" hai0="105,83,51,25,29,5,28,17,115,71,21,127,75" hai1="131,124,24,109,12,130,121,8,87,76,63,61,27" hai2="113,118,132,7,133,2,86,84,0,117,120,66,110" hai3="55,62,91,41,129,4,73,69,125,19,47,49,106"/><W33/><G125/><T9/><D71/><U43/><E124/><V82/><F113/><W77/><G129/><N who="1" m="49162" /><E43/><V114/><F114/><W48/><G106/><T14/><D127/><U40/><E40/><V65/><F7/><W46/><G4/><T104/><D115/><U80/><E109/><V54/><F54/><W95/><G77/><T100/><D51/><U36/><E36/><V18/><F82/><W20/><G73/><T94/><D94/><U96/><E96/><V64/><F18/><W11/><G11/><T34/><D100/><U107/><E107/><V89/><F89/><W122/><G122/><T67/><D67/><U90/><E90/><V79/><F79/><W39/><G39/><T119/><D119/><N who="2" m="45578" /><F110/><W58/><G69/><T52/><D29/><U68/><E121/><V78/><F78/><W102/><G102/><T128/><D128/><U59/><E68/><V16/><F16/><W135/><G41/><T44/><D83/><U56/><E56/><V97/><F97/><W32/><G47/><T53/><D75/><U1/><E1/><N who="2" m="619" /><F120/><W22/><G46/><T3/><D44/><U81/><E81/><V99/><F99/><W35/><G95/><T111/><D111/><U38/><E38/><V116/><N who="2" m="45586" /><V70/><DORA hai="98" /><F70/><W57/><G57/><T50/><D53/><N who="1" m="34031" /><E63/><V112/><F112/><W45/><G62/><T26/><D3/><U42/><E42/><V126/><F126/><W37/><G37/><T92/><D92/><U23/><E8/><V93/><F93/><W60/><G60/><T88/><D88/><U6/><E6/><RYUUKYOKU ba="1,0" sc="184,10,357,10,187,10,272,-30" hai0="5,9,14,17,21,25,26,28,34,50,52,104,105" hai1="12,23,24,27,76,80,87" hai2="64,65,66,84,86,132,133" />
</Scene>
<Scene>
<INIT seed="4,2,0,3,2,77" ten="194,367,197,242" oya="0" hai0="7,75,10,0,28,21,38,116,109,125,107,2,58" hai1="124,128,42,50,108,99,131,11,127,59,47,16,92" hai2="3,1,126,49,104,79,110,5,63,113,129,36,40" hai3="52,112,13,69,65,89,19,18,88,91,121,123,105"/><T130/><D107/><U98/><E108/><V83/><F104/><W97/><G112/><T9/><D38/><U54/><E11/><V14/><F36/><W22/><G65/><T117/><D75/><U24/><E98/><V81/><F110/><W27/><G69/><T115/><D109/><U90/><E24/><V96/><F3/><W15/><G52/><T86/><D115/><U30/><E30/><V85/><F1/><W64/><G64/><T94/><D125/><N who="1" m="48203" /><E16/><V76/><F113/><W103/><REACH who="3" step="1"/><G15/><REACH who="3" ten="194,367,197,232" step="2"/><T6/><D58/><U48/><AGARI ba="2,1" hai="42,47,48,50,54,59,90,92,99,128,131" m="48203" machi="48" ten="30,1100,0" yaku="18,1" doraHai="77" who="1" fromWho="1" sc="194,-7,367,27,197,-5,232,-5" />
</Scene>
<Scene>
<INIT seed="5,0,0,2,2,50" ten="187,394,192,227" oya="1" hai0="73,42,108,27,5,9,66,110,58,83,70,33,105" hai1="41,19,16,84,62,40,47,57,131,15,20,69,94" hai2="121,53,4,78,123,91,24,120,95,51,67,87,65" hai3="101,28,77,18,44,43,13,23,104,129,14,128,90"/><U56/><E131/><V99/><F4/><W132/><G132/><T76/><D58/><U11/><E69/><V92/><F24/><W52/><G77/><T60/><D105/><U55/><E56/><V93/><F78/><W113/><G113/><T34/><D42/><U112/><E112/><V39/><F39/><W3/><G3/><N who="0" m="191" /><D27/><U2/><E2/><V63/><F63/><W22/><G101/><T46/><D46/><U88/><E47/><V32/><F32/><AGARI ba="0,0" hai="32,33,34,60,66,70,73,76,83,108,110" m="191" machi="32" ten="30,1000,0" yaku="23,1" doraHai="50" who="0" fromWho="2" sc="187,10,394,0,192,-10,227,0" />
</Scene>
<Scene>
<INIT seed="6,0,0,2,5,132" ten="197,394,182,227" oya="2" hai0="52,86,89,9,43,48,63,34,30,42,55,113,44" hai1="72,99,22,73,49,107,116,46,3,100,79,20,70" hai2="66,62,123,105,81,19,126,129,35,59,106,33,64" hai3="108,65,103,10,75,21,53,90,1,104,17,94,76"/><V39/><F123/><W51/><G65/><T134/><D134/><U67/><E3/><V121/><F121/><W88/><G108/><T11/><D113/><U111/><E111/><V112/><F39/><W98/><G76/><T115/><D115/><U8/><E8/><N who="0" m="3145" /><D34/><U71/><E116/><V78/><F112/><W93/><G75/><T77/><D30/><U119/><E119/><V12/><F66/><W122/><G122/><T120/><D77/><U58/><E70/><V18/><F18/><W24/><G104/><T7/><D7/><U14/><E71/><V37/><F37/><W74/><G74/><T0/><D0/><U5/><E5/><V92/><F92/><W15/><G1/><T50/><D63/><U45/><E45/><V131/><F35/><W101/><G101/><T68/><D68/><U29/><E79/><V84/><F33/><W32/><G32/><T128/><D128/><N who="2" m="49226" /><F126/><W54/><G93/><N who="0" m="54455" /><D120/><U118/><E118/><V87/><F87/><W31/><G54/><T47/><AGARI ba="0,0" hai="42,43,44,47,48,50,52,55" m="54455,3145" machi="47" ten="30,2000,0" yaku="8,1,54,1" doraHai="132" who="0" fromWho="0" sc="197,20,394,-5,182,-10,227,-5" />
</Scene>
<Scene>
<INIT seed="7,0,0,2,1,26" ten="217,389,172,222" oya="3" hai0="13,85,116,54,40,81,93,117,113,97,118,19,24" hai1="34,63,16,94,46,45,48,68,3,51,96,43,78" hai2="47,61,15,33,2,28,56,50,64,75,98,69,124" hai3="42,109,114,102,80,99,87,71,88,7,29,106,35"/><W120/><G120/><T89/><D40/><U44/><E34/><V21/><F2/><W95/><G114/><T135/><D113/><U59/><E68/><V126/><F75/><W57/><G71/><T130/><D130/><U22/><E3/><V27/><F69/><W121/><G121/><T67/><D67/><N who="1" m="39423" /><E78/><V9/><F98/><W82/><G109/><T90/><D135/><U72/><E72/><V127/><F33/><W5/><G42/><T70/><D70/><U111/><E111/><V108/><F108/><W23/><G35/><T84/><D24/><N who="1" m="14407" /><E48/><V112/><F112/><W122/><G122/><T65/><D65/><U31/><E31/><V79/><F79/><W53/><G106/><T41/><D41/><U58/><E58/><V119/><F119/><W30/><G30/><T129/><D54/><U131/><E131/><V60/><F60/><N who="3" m="35887" /><G82/><T103/><D129/><U86/><E86/><V74/><F74/><W62/><G62/><T12/><D19/><U107/><E107/><V1/><F1/><W134/><G134/><T133/><D133/><U115/><E115/><V52/><REACH who="2" step="1"/><F127/><REACH who="2" ten="217,389,162,222" step="2"/><W18/><G29/><T11/><D117/><U128/><E128/><V8/><F8/><W83/><G83/><N who="0" m="49311" /><D11/><U110/><E110/><V0/><F0/><W55/><G55/><T66/><D66/><U39/><E39/><V37/><F37/><W77/><G77/><T101/><D118/><U100/><AGARI ba="0,1" hai="43,44,45,46,51,94,96,100" m="14407,39423" machi="100" ten="30,2000,0" yaku="8,1,54,1" doraHai="26" who="1" fromWho="1" sc="217,-5,389,30,162,-5,222,-10" owari="212,1.0,419,52.0,157,-34.0,212,-19.0" />
</Scene>
</mjloggm>