<mjloggm ver="2.3"><GO type="169" lobby="0"/><UN n0="%E5%9D%82%E4%B8%8A%E9%97%98%E7%9C%9F" n1="%E5%A4%AA%E3%81%8F%E3%81%AA%E3%81%84%E3%81%8A" n2="%73%61%63%68%69%6F" n3="%E3%82%B7%E3%83%B3%E3%83%87%E3%83%AB%E3%83%A9" dan="16,18,16,16" rate="2110.71,2293.99,2106.85,2088.32" sx="M,M,M,F"/><TAIKYOKU oya="0"/>

<Scene>
<INIT seed="0,0,0,4,0,115" ten="250,250,250,250" oya="0" hai0="62,50,35,68,76,46,92,52,105,17,74,58,53" hai1="8,12,110,118,59,3,77,40,18,5,20,82,34" hai2="61,67,72,69,114,54,93,94,134,100,87,63,135" hai3="66,0,73,119,45,1,96,57,14,129,130,133,113"/><T30/><D105/><U31/><E110/><V112/><F72/><W131/><G113/><T29/><D68/><U51/><E118/><V22/><F100/><W120/><G119/><T64/><D92/><U84/><E59/><V132/><F22/><W122/><G133/><T28/><D17/><U81/><E81/><V97/><F94/><W24/><G73/><T11/><D11/><U83/><E83/><V125/><F125/><W56/><G45/><T103/><D103/><U6/><E6/><V60/><F87/><W65/><G24/><T78/><D74/><U42/><REACH who="1" step="1"/><E51/><REACH who="1" ten="250,240,250,250" step="2"/><V23/><F114/><W43/><G57/><N who="0" m="36943" /><D35/><U71/><E71/><V38/><F112/><W33/><G33/><T32/><D32/><U15/><E15/><V10/><F69/><W127/><G129/><T21/><D21/><U123/><E123/><V111/><F23/><W99/><G14/><T79/><D58/><U80/><E80/><V116/><F111/><W108/><G56/><T102/><D102/><U48/><E48/><V25/><F135/><W109/><G127/><T95/><D95/><U121/><E121/><V98/><F93/><W101/><G101/><T41/><AGARI ba="0,1" hai="28,29,30,41,46,50,52,53,76,78,79" m="36943" machi="41" ten="30,3000,0" yaku="8,1,54,1" doraHai="115" who="0" fromWho="0" sc="250,40,240,-10,250,-10,250,-10" />
</Scene>
<Scene>
<INIT seed="0,1,0,2,3,125" ten="290,230,240,240" oya="0" hai0="108,116,75,132,114,40,38,53,130,113,26,59,84" hai1="42,129,81,36,99,28,31,52,37,5,9,21,124" hai2="96,34,89,69,56,29,18,68,78,92,39,10,128" hai3="83,25,43,49,32,127,6,58,23,105,14,27,133"/><T47/><D75/><U16/><E124/><V90/><F39/><W44/><G127/><T62/><D116/><U67/><E67/><V85/><F78/><W88/><G133/><T55/><D132/><U19/><E99/><V93/><F34/><W70/><G70/><T76/><D26/><U13/><E129/><V20/><F29/><W77/><G105/><T102/><D102/><U74/><E19/><V101/><F10/><W41/><G32/><T3/><D3/><U103/><E103/><V63/><F101/><W118/><G118/><T107/><D107/><U97/><E97/><V135/><F128/><W8/><G58/><N who="0" m="35151" /><D84/><U57/><E36/><V95/><F95/><W35/><G35/><T24/><D24/><U61/><E37/><V82/><F82/><W123/><G123/><T106/><D76/><U110/><E42/><V117/><F117/><W98/><G41/><T60/><D106/><U2/><REACH who="1" step="1"/><E110/><REACH who="1" ten="290,220,240,240" step="2"/><V71/><F135/><W45/><G98/><T119/><D119/><U87/><E87/><V72/><F72/><W104/><G104/><T134/><D134/><U126/><E126/><V109/><F109/><W120/><G43/><T30/><D108/><U51/><E51/><V48/><F48/><W4/><G49/><T91/><D130/><U66/><E66/><V122/><F122/><W15/><G120/><T1/><D40/><U94/><E94/><V112/><F93/><W86/><G86/><T22/><D38/><U33/><E33/><V80/><F96/><W46/><G83/><T54/><D60/><U7/><E7/><V121/><F121/><RYUUKYOKU ba="1,1" sc="290,-10,220,30,240,-10,240,-10" hai1="2,5,9,13,16,21,28,31,52,57,61,74,81" />
</Scene>
<Scene>
<INIT seed="1,2,1,0,1,59" ten="280,250,230,230" oya="1" hai0="15,7,99,124,47,71,25,134,23,89,11,45,67" hai1="2,86,102,94,96,66,63,103,62,105,97,133,22" hai2="121,31,26,9,112,95,56,53,111,19,14,33,122" hai3="10,20,93,13,90,104,54,100,57,125,28,88,115"/><U98/><E2/><V101/><F111/><W72/><G115/><T78/><D78/><U116/><E116/><V110/><F110/><W30/><G125/><T5/><D5/><U37/><E37/><V44/><F44/><W127/><G127/><T131/><D124/><U117/><E117/><V84/><F112/><W87/><G72/><T135/><D131/><U32/><E32/><V132/><F132/><N who="0" m="50730" /><D71/><U77/><E133/><V42/><F42/><W130/><G130/><T126/><D67/><U27/><E97/><V4/><F4/><W46/><G46/><T29/><D126/><U92/><E66/><V60/><REACH who="2" step="1"/><F101/><REACH who="2" ten="280,250,220,230" step="2"/><W123/><G100/><T1/><D1/><U107/><E107/><V69/><F69/><W82/><G104/><T38/><D38/><U68/><E68/><V79/><F79/><W8/><G123/><T118/><D118/><U113/><E113/><V34/><F34/><W83/><G90/><AGARI ba="2,2" hai="9,14,19,26,31,33,53,56,60,84,90,95,121,122" machi="90" ten="40,2600,0" yaku="1,1,52,1,53,0" doraHai="59" doraHaiUra="114" who="2" fromWho="3" sc="280,0,250,0,220,52,230,-32" />
</Scene>
<Scene>
<INIT seed="2,0,0,2,3,128" ten="280,250,272,198" oya="2" hai0="74,48,104,26,101,65,54,111,117,41,87,44,106" hai1="42,62,91,60,80,102,8,116,109,61,2,11,118" hai2="122,126,52,5,81,18,37,10,38,103,132,66,92" hai3="57,1,119,105,123,70,120,25,76,131,69,34,51"/><V9/><F122/><W21/><G105/><T36/><D74/><U88/><E102/><V6/><F66/><W100/><G100/><T16/><D111/><U39/><E109/><V78/><F18/><W43/><G76/><T77/><D65/><U108/><E108/><V64/><F64/><W94/><G94/><T125/><D125/><U133/><E2/><V110/><F126/><W47/><G1/><T73/><D73/><U0/><E0/><V22/><F22/><W13/><G13/><T75/><D75/><U90/><E80/><V12/><F110/><W20/><G25/><T129/><D129/><U85/><E85/><V29/><F29/><W97/><G97/><T23/><D101/><U15/><E133/><V95/><F132/><W127/><G34/><T96/><D96/><U17/><REACH who="1" step="1"/><E11/><REACH who="1" ten="280,240,272,198" step="2"/><V134/><F134/><W46/><G127/><T89/><D117/><U56/><E56/><V35/><F103/><W86/><G86/><T84/><D87/><U124/><E124/><V72/><F81/><W31/><G119/><T63/><D77/><U32/><E32/><V45/><F35/><W14/><G131/><T83/><D63/><U68/><E68/><V3/><F78/><W115/><G70/><T55/><REACH who="0" step="1"/><D36/><REACH who="0" ten="270,240,272,198" step="2"/><N who="2" m="13930" /><F72/><W33/><G123/><T30/><D30/><U59/><E59/><V112/><F112/><W99/><G57/><T114/><D114/><U4/><E4/><V40/><F6/><W67/><G115/><T130/><D130/><U19/><E19/><V7/><F5/><W50/><G120/><T82/><D82/><U79/><E79/><RYUUKYOKU ba="0,2" sc="270,15,240,15,272,-15,198,-15" hai0="16,23,26,41,44,48,54,55,83,84,89,104,106" hai1="8,15,17,39,42,60,61,62,88,90,91,116,118" />
</Scene>
<Scene>
<INIT seed="3,1,2,1,5,25" ten="285,255,257,183" oya="3" hai0="110,26,47,4,131,63,29,118,31,98,116,134,79" hai1="44,128,39,23,112,35,37,11,87,130,33,100,65" hai2="119,105,55,58,42,27,83,109,18,90,113,75,32" hai3="8,69,48,93,122,43,57,2,135,74,89,36,19"/><W107/><G122/><T52/><D79/><U96/><E112/><V21/><F113/><W115/><G115/><T80/><D80/><U73/><E73/><V99/><F119/><W50/><G69/><T9/><D26/><U129/><E65/><V84/><F109/><W1/><G107/><T34/><D34/><N who="1" m="12811" /><E23/><V102/><F42/><W5/><G74/><T22/><D22/><U45/><E87/><V76/><F32/><W94/><G135/><T51/><D110/><U15/><E45/><V20/><F20/><W124/><G124/><T97/><D134/><U7/><E44/><V95/><F58/><W123/><G123/><T77/><D77/><U67/><E67/><V12/><F55/><W126/><G126/><T78/><D78/><U40/><E40/><V121/><REACH who="2" step="1"/><F27/><REACH who="2" ten="285,255,247,183" step="2"/><W17/><G43/><T92/><D116/><U16/><E7/><V70/><F70/><W125/><G125/><T71/><D118/><U46/><E46/><V120/><AGARI ba="1,3" hai="12,18,21,75,76,83,84,90,95,99,102,105,120,121" machi="120" ten="30,8000,1" yaku="1,1,0,1,24,2,53,1" doraHai="25" doraHaiUra="10" who="2" fromWho="2" sc="285,-21,255,-21,247,113,183,-41" />
</Scene>
<Scene>
<INIT seed="4,0,0,2,2,11" ten="264,234,360,142" oya="0" hai0="94,101,43,89,28,2,0,119,90,134,111,69,50" hai1="104,68,81,63,107,113,99,56,45,105,52,19,100" hai2="36,96,46,66,60,16,41,135,10,80,42,76,58" hai3="65,31,73,29,114,70,130,116,13,71,12,32,126"/><T132/><D69/><U21/><E113/><V7/><F42/><W22/><G73/><T97/><D119/><U79/><E45/><V83/><F135/><N who="0" m="51754" /><D28/><U49/><E63/><V117/><F117/><W3/><G116/><T122/><D122/><U75/><REACH who="1" step="1"/><E68/><REACH who="1" ten="264,224,360,142" step="2"/><V6/><F46/><W1/><G114/><T33/><D111/><U24/><AGARI ba="0,1" hai="19,21,24,49,52,56,75,79,81,99,100,104,105,107" machi="24" ten="20,16000,3" yaku="1,1,2,1,0,1,7,1,54,1,53,3" doraHai="11" doraHaiUra="103" who="1" fromWho="1" sc="264,-80,224,170,360,-40,142,-40" />
</Scene>
<Scene>
<INIT seed="5,0,0,4,4,65" ten="184,394,320,102" oya="1" hai0="78,15,121,53,68,57,51,20,72,26,17,16,21" hai1="6,116,59,58,130,94,27,74,85,133,75,101,118" hai2="107,49,113,3,31,96,11,14,9,122,82,135,5" hai3="102,84,106,126,105,12,83,64,95,8,120,38,89"/><U10/><E133/><V30/><F122/><W32/><G32/><T108/><D121/><U45/><E130/><V39/><F39/><W2/><G120/><T56/><D108/><U44/><E27/><V117/><F135/><W28/><G28/><T66/><D78/><U61/><E101/><V13/><F117/><W0/><G38/><T123/><D72/><U71/><E94/><V91/><F113/><W112/><G112/><T40/><D123/><U62/><E85/><V109/><F109/><W25/><G25/><T80/><D80/><U69/><E10/><V134/><F134/><W52/><G126/><T42/><D68/><U129/><E129/><V86/><F3/><W34/><G34/><T111/><D111/><U24/><E24/><V79/><F49/><W54/><G64/><T19/><D19/><U114/><REACH who="1" step="1"/><E6/><REACH who="1" ten="184,384,320,102" step="2"/><V29/><F107/><W132/><G132/><T48/><D66/><U100/><E100/><V67/><F67/><W43/><G105/><T41/><REACH who="0" step="1"/><D41/><REACH who="0" ten="174,384,320,102" step="2"/><U88/><E88/><V36/><F91/><W70/><G43/><T99/><D99/><U4/><E4/><N who="2" m="3239" /><F36/><W50/><G89/><T7/><D7/><U81/><E81/><V37/><F37/><W35/><G83/><T60/><D60/><U110/><E110/><V1/><F1/><W47/><G0/><T124/><D124/><U73/><E73/><V63/><F63/><W131/><G2/><T55/><AGARI ba="0,2" hai="15,16,17,20,21,26,40,42,48,51,53,55,56,57" machi="55" ten="30,8000,1" yaku="1,1,0,1,9,1,8,1,54,1,53,0" doraHai="65" doraHaiUra="90" who="0" fromWho="0" sc="174,100,384,-40,320,-20,102,-20" />
</Scene>
<Scene>
<INIT seed="6,0,0,4,4,44" ten="274,344,300,82" oya="2" hai0="82,30,98,22,95,84,28,14,31,43,126,89,62" hai1="73,118,87,71,53,36,120,129,130,12,93,131,58" hai2="46,114,21,42,111,72,2,74,92,55,60,11,135" hai3="117,20,105,76,41,108,75,102,5,134,56,96,8"/><V40/><F114/><W78/><G108/><T39/><D126/><U24/><E118/><V85/><F111/><W63/><G117/><T27/><D39/><U80/><E71/><V68/><F135/><W47/><G134/><T33/><D43/><U51/><E36/><V128/><F128/><W112/><G112/><T100/><D62/><U91/><E120/><V115/><F115/><W45/><G20/><T122/><D122/><U133/><E133/><V103/><F21/><W19/><G19/><N who="0" m="10615" /><D33/><U81/><E73/><V70/><F42/><W124/><G124/><T101/><D27/><U59/><E24/><V17/><F17/><W26/><G26/><T57/><D57/><N who="1" m="32959" /><E12/><V49/><F70/><W110/><G110/><T52/><D52/><U29/><E29/><N who="0" m="7425" /><T6/><DORA hai="86" /><D6/><U61/><E58/><V66/><F40/><W67/><G75/><T64/><D64/><AGARI ba="0,0" hai="59,61,64,80,81,87,91,93,129,130,131" m="32959" machi="64" ten="30,3900,0" yaku="19,1,52,2" doraHai="44,86" who="1" fromWho="0" sc="274,-39,344,39,300,0,82,0" />
</Scene>
<Scene>
<INIT seed="7,0,0,0,4,127" ten="235,383,300,82" oya="3" hai0="104,13,97,57,89,35,106,69,113,37,95,52,92" hai1="24,1,130,7,120,0,122,9,71,83,102,111,68" hai2="93,64,39,33,59,46,110,17,28,53,55,78,56" hai3="132,31,128,86,81,44,32,65,100,4,82,135,118"/><W67/><G118/><T54/><D37/><U85/><E111/><V36/><F110/><W45/><G100/><T80/><D69/><U108/><E108/><V133/><F78/><W11/><G31/><T34/><D113/><U2/><E102/><V15/><F133/><N who="3" m="51275" /><G32/><T101/><D54/><U105/><E105/><V51/><F28/><W77/><G82/><T3/><D3/><U117/><E117/><V38/><F33/><W96/><G96/><T107/><D13/><U112/><E112/><V94/><F64/><N who="3" m="24651" /><G128/><T125/><D80/><U75/><E130/><V114/><F114/><W99/><G99/><T47/><D125/><U6/><E24/><V116/><F116/><W91/><G77/><T98/><REACH who="0" step="1"/><D47/><REACH who="0" ten="225,383,300,82" step="2"/><U18/><E83/><V63/><F46/><W16/><G16/><T5/><D5/><U134/><E7/><V50/><REACH who="2" step="1"/><F63/><AGARI ba="0,1" hai="34,35,52,57,63,89,92,95,97,98,101,104,106,107" machi="63" ten="40,2600,0" yaku="1,1,54,1,53,0" doraHai="127" doraHaiUra="14" who="0" fromWho="2" sc="225,36,383,0,300,-26,82,0" owari="261,-14.0,383,49.0,274,7.0,82,-42.0" />
</Scene>
</mjloggm>