<mjloggm ver="2.3"><GO type="169" lobby="0"/><UN n0="%EF%BC%B7%EF%BD%81%EF%BD%8C%EF%BD%8C%EF%BD%99" n1="%E5%A4%AA%E3%81%8F%E3%81%AA%E3%81%84%E3%81%8A" n2="%E3%82%AB%E3%83%A9%E3%82%B9%E3%81%AE%E5%AD%90" n3="%45%74%65%72%6E%61%6C%44" dan="17,19,16,16" rate="2211.12,2278.05,2147.63,2066.42" sx="M,F,M,M"/><TAIKYOKU oya="0"/>

<Scene>
<INIT seed="0,0,0,3,2,29" ten="250,250,250,250" oya="0" hai0="38,30,23,74,48,130,68,13,88,31,60,15,82" hai1="75,65,79,42,19,71,57,8,63,41,100,1,101" hai2="92,111,123,80,5,132,73,83,120,128,97,55,67" hai3="99,3,122,114,89,107,66,59,51,77,98,17,11"/><T78/><D38/><U58/><E75/><V7/><F111/><W129/><G114/><T93/><D130/><U108/><E79/><V131/><F67/><W2/><G122/><T40/><D68/><U134/><E108/><V72/><F92/><W112/><G112/><T124/><D60/><U39/><E134/><V43/><F43/><W16/><G77/><T33/><D124/><U64/><E39/><V104/><F104/><W27/><G107/><T34/><D30/><U133/><E133/><V87/><F87/><W21/><G129/><T90/><D90/><U12/><E1/><V20/><F132/><W28/><G3/><T86/><D31/><U126/><E71/><V61/><F61/><W47/><G59/><T109/><D109/><U119/><E119/><V25/><F25/><W14/><G66/><T127/><D127/><U106/><E126/><V37/><F37/><W91/><G2/><T118/><D118/><U6/><E106/><V4/><F4/><W49/><G28/><T135/><D135/><U117/><E117/><V70/><F70/><W102/><G102/><N who="1" m="39530" /><E6/><V46/><F46/><W50/><G47/><T44/><REACH who="0" step="1"/><D23/><REACH who="0" ten="240,250,250,250" step="2"/><U52/><E64/><V103/><F20/><W32/><G89/><T62/><D62/><AGARI ba="0,1" hai="8,12,19,41,42,52,57,58,62,63,65" m="39530" machi="62" ten="30,2000,0" yaku="8,1,54,1" doraHai="29" who="1" fromWho="0" sc="240,-20,250,30,250,0,250,0" />
</Scene>
<Scene>
<INIT seed="1,0,0,3,1,66" ten="220,280,250,250" oya="1" hai0="11,111,91,22,116,7,14,0,37,119,62,18,93" hai1="12,80,129,94,6,55,127,121,117,95,84,8,132" hai2="33,122,48,109,10,110,100,97,133,63,23,86,98" hai3="104,103,2,56,53,105,60,45,24,99,36,3,101"/><U126/><E117/><V92/><F122/><W89/><G24/><T46/><D111/><N who="2" m="42506" /><F33/><W125/><G125/><N who="1" m="47626" /><E121/><V28/><F133/><W1/><G89/><T49/><D62/><U54/><E129/><V77/><F63/><W51/><G36/><T67/><D67/><U35/><E35/><V88/><F10/><W40/><REACH who="3" step="1"/><G103/><REACH who="3" ten="220,280,250,240" step="2"/><T41/><REACH who="0" step="1"/><D37/><REACH who="0" ten="210,280,250,240" step="2"/><U90/><E132/><V39/><F39/><W31/><G31/><T20/><D20/><U26/><E26/><V38/><F38/><W9/><G9/><T47/><D47/><U16/><E6/><V124/><F124/><W29/><G29/><T25/><D25/><U96/><E8/><V120/><F23/><W19/><G19/><T68/><D68/><U70/><E70/><V135/><F28/><W17/><G17/><T57/><D57/><U134/><E134/><V118/><F135/><W32/><G32/><T30/><D30/><U71/><E71/><V87/><F120/><W58/><G58/><T115/><D115/><U42/><E16/><V82/><F118/><W76/><G76/><T79/><D79/><U131/><E131/><V85/><F48/><W65/><G65/><T4/><D4/><U13/><E90/><V78/><F78/><W61/><G61/><T123/><D123/><U128/><E128/><V69/><F69/><W64/><G64/><T106/><D106/><AGARI ba="0,2" hai="77,82,85,86,87,88,92,97,98,100,106" m="42506" machi="106" ten="30,7700,0" yaku="14,1,34,2,54,1" doraHai="66" who="2" fromWho="0" sc="210,-77,280,0,250,97,240,0" /><AGARI ba="0,0" hai="1,2,3,40,45,51,53,56,60,99,101,104,105,106" machi="106" ten="40,2600,0" yaku="1,1,53,1" doraHai="66" doraHaiUra="43" who="3" fromWho="0" sc="133,-26,280,0,347,0,240,26" />
</Scene>
<Scene>
<INIT seed="2,0,0,0,3,128" ten="107,280,347,266" oya="2" hai0="126,115,49,119,108,123,127,27,28,8,36,9,23" hai1="32,60,98,2,91,76,116,12,84,58,66,74,107" hai2="38,4,121,83,18,20,110,17,79,15,54,77,55" hai3="92,89,71,0,132,131,106,40,97,117,134,100,86"/><V43/><F121/><W35/><G35/><T47/><D36/><U95/><E2/><V111/><F4/><W78/><G71/><T65/><D123/><U93/><E116/><V19/><F43/><W22/><G0/><T62/><D108/><N who="2" m="41514" /><F38/><W5/><G5/><T37/><D37/><U25/><E107/><V87/><F79/><W7/><G7/><T70/><D115/><U45/><E12/><N who="2" m="9255" /><F19/><W125/><G117/><T14/><D119/><U16/><E74/><V75/><F75/><W103/><G40/><T51/><D51/><U112/><E112/><V109/><N who="2" m="41522" /><V72/><DORA hai="31" /><F72/><W101/><G131/><T88/><D88/><U67/><E16/><V11/><AGARI ba="0,0" hai="11,15,18,54,55,77,83,87" m="9255,41522" machi="11" ten="40,3900,0" yaku="14,1,10,1" doraHai="128,31" who="2" fromWho="2" sc="107,-13,280,-13,347,39,266,-13" />
</Scene>
<Scene>
<INIT seed="2,1,0,1,2,134" ten="94,267,386,253" oya="2" hai0="43,110,109,7,120,14,55,54,64,24,76,97,112" hai1="93,103,31,118,17,69,75,124,133,21,89,128,65" hai2="58,108,71,1,25,123,53,70,12,135,4,77,99" hai3="125,67,47,9,117,29,22,6,44,15,81,66,87"/><V115/><F123/><W73/><G73/><T51/><D120/><U63/><E118/><V32/><F115/><W3/><G117/><T91/><D112/><U72/><E133/><V59/><F135/><W83/><G125/><T101/><D76/><U95/><E31/><V116/><F116/><W100/><G100/><T48/><D64/><U121/><E121/><V16/><F108/><W38/><G38/><T111/><D24/><U36/><E36/><V74/><F59/><W42/><G42/><T88/><D14/><U34/><E34/><V49/><F99/><W2/><G2/><T130/><D7/><U86/><E128/><V52/><F53/><N who="0" m="19978" /><D130/><U57/><E69/><V68/><F77/><W20/><G3/><T106/><D43/><U85/><E124/><V102/><F74/><W62/><G62/><T46/><D46/><N who="3" m="17449" /><G29/><T41/><D41/><U11/><E11/><V5/><F102/><W0/><G0/><T113/><D113/><U126/><E126/><V84/><F84/><W132/><G132/><T92/><D91/><N who="1" m="53487" /><E103/><V82/><F82/><W61/><G83/><T27/><D27/><N who="1" m="14767" /><E72/><V33/><F25/><W127/><G127/><T56/><D56/><U18/><E75/><V35/><REACH who="2" step="1"/><F1/><REACH who="2" ten="94,267,376,253" step="2"/><W122/><G122/><T107/><D107/><U50/><E57/><V37/><F37/><W98/><G81/><T79/><D79/><U114/><E114/><V60/><F60/><W23/><G61/><T104/><D104/><U105/><E105/><V80/><F80/><W131/><G131/><T8/><D8/><AGARI ba="1,1" hai="4,5,8,12,16,32,33,35,49,52,58,68,70,71" machi="8" ten="50,12000,1" yaku="1,1,54,2,53,1" doraHai="134" doraHaiUra="13" who="2" fromWho="0" sc="94,-123,267,0,376,133,253,0" owari="-29,-53.0,267,7.0,509,61.0,253,-15.0" />
</Scene>
</mjloggm>