<mjloggm ver="2.3"><GO type="169" lobby="0"/><UN n0="%E5%A4%AA%E3%81%8F%E3%81%AA%E3%81%84%E3%81%8A" n1="%E3%81%BE%E3%81%95%E3%81%AB%E5%AE%87%E5%AE%99" n2="%E9%81%8A%E8%B5%B0" n3="%E3%81%B1%E3%83%BC%E3%81%9D%E3%82%93" dan="18,16,16,17" rate="2285.41,2072.85,2131.49,2163.13" sx="M,M,M,M"/><TAIKYOKU oya="0"/>

<Scene>
<INIT seed="0,0,0,5,5,87" ten="250,250,250,250" oya="0" hai0="66,6,5,62,123,126,79,15,88,35,7,93,44" hai1="81,2,125,10,34,52,105,122,38,24,85,99,133" hai2="96,37,9,4,116,90,71,41,28,43,118,53,114" hai3="29,83,13,46,100,65,120,39,110,77,102,92,11"/><T16/><D126/><U78/><E125/><V94/><F114/><W36/><G120/><T134/><D134/><U31/><E122/><V47/><F71/><W80/><G110/><T128/><D128/><U82/><E38/><V121/><F121/><W68/><G80/><T112/><D123/><U18/><E133/><V111/><F111/><W127/><G29/><T61/><D112/><U0/><E52/><V84/><F28/><W58/><G68/><T130/><D130/><U129/><E129/><V113/><F113/><W108/><G108/><T56/><D35/><U131/><E131/><V63/><F41/><W60/><G127/><T8/><D79/><U19/><E82/><V73/><F73/><W30/><G30/><T22/><D44/><U50/><E50/><V86/><F53/><W55/><G46/><T27/><REACH who="0" step="1"/><D62/><REACH who="0" ten="240,250,250,250" step="2"/><U14/><E78/><V104/><F63/><W70/><G60/><T132/><D132/><U76/><E34/><V51/><F37/><W59/><G39/><T45/><D45/><U107/><E76/><V17/><F47/><W97/><G36/><T101/><D101/><U32/><E32/><V119/><F43/><W115/><G102/><T26/><D26/><U1/><E24/><V48/><F119/><W57/><G115/><T95/><D95/><U124/><E124/><V103/><F118/><W106/><G92/><T117/><D117/><U20/><E105/><V69/><F116/><W64/><G77/><T109/><D109/><U75/><E107/><V89/><F104/><W42/><G106/><T21/><D21/><U74/><E20/><RYUUKYOKU ba="0,1" sc="240,30,250,-10,250,-10,250,-10" hai0="5,6,7,8,15,16,22,27,56,61,66,88,93" />
</Scene>
<Scene>
<INIT seed="0,1,1,2,5,85" ten="270,240,240,240" oya="0" hai0="3,32,126,96,53,33,61,22,103,12,131,60,27" hai1="14,115,42,72,9,47,75,71,70,74,130,50,117" hai2="5,8,101,63,84,120,1,7,46,66,36,100,2" hai3="111,128,106,89,108,133,37,57,64,55,30,109,98"/><T80/><D3/><U132/><E117/><V4/><F120/><W43/><G128/><T82/><D131/><U20/><E130/><V6/><F84/><W62/><G133/><T113/><D113/><U59/><E132/><V45/><F36/><W65/><G30/><T35/><D126/><U119/><E119/><V77/><F77/><W25/><G25/><T110/><D12/><U107/><E107/><V134/><F134/><W90/><G37/><T83/><D110/><U24/><E115/><V31/><F31/><W78/><G78/><T99/><D53/><U48/><E59/><V56/><REACH who="2" step="1"/><F2/><REACH who="2" ten="270,240,230,240" step="2"/><W118/><G118/><T51/><D51/><U121/><E121/><V112/><F112/><W88/><G43/><T127/><D127/><U58/><E50/><V91/><F91/><N who="3" m="34891" /><G106/><T21/><D33/><U41/><E41/><V18/><F18/><W17/><G17/><T16/><D35/><U92/><E48/><V15/><F15/><W39/><G39/><T13/><D32/><U52/><E42/><V81/><F81/><W122/><G122/><T19/><REACH who="0" step="1"/><D96/><REACH who="0" ten="260,240,230,240" step="2"/><U44/><E14/><V104/><F104/><AGARI ba="1,3" hai="13,16,19,21,22,27,60,61,80,82,83,99,103,104" machi="104" ten="40,7700,0" yaku="1,1,2,1,54,1,53,0" doraHai="85" doraHaiUra="87" who="0" fromWho="2" sc="260,110,240,0,230,-80,240,0" />
</Scene>
<Scene>
<INIT seed="0,2,0,1,3,130" ten="370,240,150,240" oya="0" hai0="32,38,55,34,114,7,101,62,99,13,0,57,106" hai1="129,88,128,82,43,30,115,118,61,14,76,68,11" hai2="59,94,84,19,96,31,29,5,108,69,16,125,1" hai3="100,113,2,39,37,103,79,42,35,12,132,116,86"/><T18/><D114/><U60/><E118/><V121/><F69/><W41/><G35/><T66/><D38/><U23/><E115/><V112/><F121/><W83/><G2/><T81/><D81/><U52/><E68/><V26/><F112/><W75/><G116/><T36/><D36/><U40/><E61/><V20/><F108/><W63/><G113/><T131/><D131/><N who="1" m="50251" /><E76/><V65/><F125/><W105/><G75/><T53/><D7/><N who="1" m="3455" /><E23/><V91/><F31/><W15/><G105/><T77/><D77/><U44/><E30/><V58/><F1/><W70/><G70/><T107/><D107/><U71/><E71/><V51/><F5/><W119/><G119/><T25/><D0/><U97/><E97/><V6/><F6/><W124/><G63/><T64/><D25/><U98/><E60/><N who="2" m="38039" /><F96/><W74/><G74/><T22/><REACH who="0" step="1"/><D66/><REACH who="0" ten="360,240,150,240" step="2"/><U10/><E82/><V120/><F120/><W110/><G83/><T45/><D45/><U104/><E104/><V109/><F109/><W92/><G110/><T28/><D28/><U8/><E44/><V46/><F59/><W85/><G79/><T95/><D95/><U89/><E40/><AGARI ba="2,1" hai="16,19,20,26,29,40,46,51,84,91,94" m="38039" machi="40" ten="30,2000,0" yaku="8,1,54,1" doraHai="130" who="2" fromWho="1" sc="360,0,240,-26,150,36,240,0" />
</Scene>
<Scene>
<INIT seed="1,0,0,5,5,22" ten="360,214,186,240" oya="1" hai0="43,12,119,123,10,118,65,87,53,99,42,122,44" hai1="6,57,95,134,126,31,94,98,129,125,68,114,8" hai2="9,131,17,135,101,36,14,121,92,1,26,2,85" hai3="104,41,109,18,27,16,110,72,4,66,56,30,97"/><U81/><E114/><V48/><F121/><N who="0" m="46090" /><D99/><U23/><E68/><V20/><F36/><W79/><G4/><T71/><D87/><U35/><E35/><V80/><F131/><W107/><G41/><N who="0" m="15371" /><D12/><N who="1" m="5143" /><E129/><V100/><F135/><W55/><G72/><T54/><D10/><U89/><E134/><V51/><F2/><W50/><G79/><T77/><D77/><U84/><E57/><V5/><F1/><W3/><G66/><T52/><D44/><U128/><E128/><V108/><F108/><N who="3" m="41579" /><G3/><T117/><D65/><U82/><E23/><V106/><F106/><N who="3" m="40491" /><G97/><T93/><D93/><U11/><E11/><V75/><F75/><W67/><G67/><T38/><D71/><U105/><E31/><V116/><F116/><W37/><G37/><AGARI ba="0,0" hai="37,38,52,53,54,117,118,119" m="15371,46090" machi="37" ten="40,12000,2" yaku="28,2,13,1,34,2,54,1" doraHai="22" who="0" fromWho="3" sc="360,120,214,0,186,0,240,-120" />
</Scene>
<Scene>
<INIT seed="2,0,0,3,4,75" ten="480,214,186,120" oya="2" hai0="117,6,64,18,22,106,25,97,104,62,70,50,81" hai1="120,36,108,59,27,88,89,19,47,34,79,115,28" hai2="122,87,90,4,132,93,37,42,82,55,21,54,15" hai3="121,33,35,65,24,23,124,5,8,43,68,91,0"/><V26/><F122/><W125/><G121/><T9/><D117/><U86/><E115/><V63/><F132/><W112/><G112/><T80/><D50/><U92/><E120/><V74/><F37/><W84/><G43/><T129/><D129/><U53/><E108/><V41/><F74/><W31/><G65/><T11/><D11/><U130/><E130/><V116/><F116/><W78/><G68/><T127/><D127/><U32/><E32/><V46/><F93/><W95/><G35/><T135/><D135/><U102/><E102/><V128/><F128/><W45/><G45/><T113/><D113/><U105/><E105/><V1/><F1/><W58/><G58/><T7/><D7/><U3/><E3/><V73/><F73/><W103/><G103/><T69/><D69/><U44/><E36/><V109/><F109/><W76/><REACH who="3" step="1"/><G33/><REACH who="3" ten="480,214,186,110" step="2"/><T40/><D40/><U2/><E47/><V57/><F46/><W123/><G123/><T77/><D64/><U131/><E44/><V126/><F54/><W83/><G83/><T72/><D81/><U12/><E53/><V60/><F126/><AGARI ba="0,1" hai="0,5,8,23,24,31,76,78,84,91,95,124,125,126" machi="126" ten="40,8000,1" yaku="1,1,18,1,52,2,53,1" doraHai="75" doraHaiUra="20" who="3" fromWho="2" sc="480,0,214,0,186,-80,110,90" />
</Scene>
<Scene>
<INIT seed="3,0,0,3,0,131" ten="480,214,106,200" oya="3" hai0="46,55,85,63,98,40,50,83,105,73,1,2,41" hai1="109,18,69,102,56,20,32,71,67,96,30,116,44" hai2="27,88,39,103,110,122,118,64,94,112,113,43,124" hai3="134,99,57,101,11,5,80,35,8,84,22,49,14"/><W111/><G35/><T117/><D73/><U100/><E109/><V19/><F118/><W97/><G111/><T107/><D117/><U92/><E116/><V77/><F110/><W6/><G22/><T74/><D74/><U65/><E102/><V25/><F124/><W90/><G134/><T61/><D61/><U42/><E32/><V37/><F122/><W16/><G101/><T79/><D98/><U29/><E69/><V66/><F103/><W7/><REACH who="3" step="1"/><G11/><REACH who="3" ten="480,214,106,190" step="2"/><T95/><D107/><U93/><E20/><V106/><F113/><W87/><G87/><T82/><D105/><U135/><E100/><V115/><F112/><W47/><G47/><T91/><D46/><U127/><E44/><V24/><F115/><W51/><G51/><T125/><D50/><U62/><E135/><V28/><F106/><W119/><G119/><T76/><D85/><U33/><E33/><V129/><F37/><W104/><G104/><T123/><D123/><U48/><E48/><V13/><F129/><W68/><G68/><T81/><D125/><U72/><E71/><V89/><F39/><W0/><G0/><T23/><D1/><U52/><E127/><V58/><F28/><W121/><G121/><T120/><D2/><U132/><E29/><V10/><F58/><W86/><G86/><T45/><D23/><U53/><E30/><V21/><F21/><W34/><G34/><T60/><D120/><U133/><E56/><V3/><F3/><W38/><G38/><T130/><D45/><U75/><E72/><V9/><F10/><W59/><G59/><T70/><D70/><RYUUKYOKU ba="0,1" sc="480,-10,214,-10,106,-10,190,30" hai3="5,6,7,8,14,16,49,57,80,84,90,97,99" />
</Scene>
<Scene>
<INIT seed="3,1,1,5,2,6" ten="470,204,96,220" oya="3" hai0="28,81,31,128,29,123,94,119,39,49,113,79,7" hai1="95,80,66,16,122,117,106,38,34,47,26,32,120" hai2="82,86,125,126,46,89,65,98,35,93,27,18,36" hai3="3,59,112,15,87,85,121,51,110,135,24,114,108"/><W118/><G3/><T13/><D39/><U9/><E106/><V42/><F65/><W21/><G135/><T84/><D119/><U12/><E66/><V116/><F116/><W33/><G118/><T8/><D123/><U103/><E117/><V64/><F64/><W130/><G121/><T40/><D128/><U73/><E120/><V22/><F35/><W78/><G130/><T134/><D134/><U14/><E122/><V71/><REACH who="2" step="1"/><F71/><REACH who="2" ten="470,204,86,220" step="2"/><W0/><G33/><T101/><D113/><U63/><E32/><V48/><F48/><W70/><G70/><T77/><D49/><U52/><E34/><V100/><AGARI ba="1,2" hai="18,22,27,36,42,46,82,86,89,93,98,100,125,126" machi="100" ten="30,2000,0" yaku="1,1,0,1,53,0" doraHai="6" doraHaiUra="5" who="2" fromWho="2" sc="470,-6,204,-6,86,43,220,-11" />
</Scene>
<Scene>
<INIT seed="4,0,0,3,4,95" ten="464,198,129,209" oya="0" hai0="134,64,16,60,39,33,6,81,80,12,78,112,107" hai1="103,72,66,36,131,8,108,102,7,29,23,96,38" hai2="74,98,28,51,20,130,94,47,128,101,9,50,124" hai3="127,58,18,0,77,79,85,114,126,42,68,61,125"/><T5/><D33/><U100/><E108/><V120/><F120/><W25/><G0/><T32/><D32/><U54/><E131/><V73/><F124/><W106/><G106/><T118/><D118/><U21/><E72/><V55/><F9/><W113/><G68/><T14/><D39/><U82/><E66/><V67/><F67/><N who="3" m="39351" /><G42/><T17/><D107/><U59/><E82/><V62/><F62/><W11/><G25/><T10/><D112/><N who="3" m="43113" /><G85/><T109/><D109/><U48/><E38/><V4/><F4/><W31/><G31/><T76/><D134/><U117/><E36/><V19/><F28/><W43/><G43/><T84/><D60/><U132/><E132/><V44/><F128/><W13/><AGARI ba="0,0" hai="11,13,18,77,79,125,126,127" m="43113,39351" machi="13" ten="40,2700,0" yaku="18,1,15,1" doraHai="95" who="3" fromWho="3" sc="464,-13,198,-7,129,-7,209,27" />
</Scene>
<Scene>
<INIT seed="5,0,0,1,5,37" ten="451,191,122,236" oya="1" hai0="32,30,114,11,127,7,75,103,130,107,4,21,19" hai1="85,96,8,41,28,91,120,17,3,82,40,92,108" hai2="98,55,86,0,111,101,81,135,116,74,97,39,117" hai3="51,133,65,128,2,33,83,23,13,48,134,5,56"/><U26/><E120/><V113/><F0/><W71/><G33/><T58/><D75/><U15/><E108/><V131/><F39/><W57/><G2/><T69/><D69/><U45/><E45/><V52/><F111/><W20/><G5/><T42/><D42/><U115/><E115/><V105/><F135/><W70/><G13/><T67/><D114/><U73/><E73/><V112/><F131/><W22/><G128/><T66/><D130/><U89/><REACH who="1" step="1"/><E3/><REACH who="1" ten="451,181,122,236" step="2"/><V49/><F74/><W118/><G134/><T31/><D127/><U80/><E80/><V129/><F129/><W14/><G133/><T54/><D4/><U99/><E99/><V43/><F112/><W90/><G83/><T104/><D7/><U88/><E88/><V121/><F113/><W93/><G90/><T76/><D76/><U53/><E53/><V44/><F121/><W106/><G65/><T95/><D54/><U87/><E87/><V34/><F97/><W59/><G118/><T10/><D66/><U78/><E78/><V100/><F100/><W1/><G1/><T50/><D67/><U60/><E60/><V46/><F55/><W122/><G122/><T64/><D64/><U102/><E102/><V18/><F34/><AGARI ba="0,1" hai="8,15,17,26,28,34,40,41,82,85,89,91,92,96" machi="34" ten="30,12000,1" yaku="1,1,7,1,52,2,53,1" doraHai="37" doraHaiUra="77" who="1" fromWho="2" sc="451,0,181,130,122,-120,236,0" />
</Scene>
<Scene>
<INIT seed="5,1,0,3,4,103" ten="451,311,2,236" oya="1" hai0="71,65,121,32,131,119,29,42,115,67,28,46,27" hai1="91,80,58,77,99,134,85,14,109,107,38,26,54" hai2="90,122,15,72,93,6,118,13,47,81,9,83,76" hai3="3,52,11,4,126,111,125,12,89,43,44,135,63"/><U129/><E38/><V123/><F118/><W97/><G111/><T2/><D119/><U16/><E109/><V79/><F15/><W51/><G135/><T127/><D2/><U114/><E114/><V116/><F116/><W69/><G3/><T1/><D1/><U124/><E134/><V39/><F39/><W59/><G97/><T19/><D115/><U105/><E124/><V104/><F104/><W48/><REACH who="3" step="1"/><G89/><REACH who="3" ten="451,311,2,226" step="2"/><T70/><D127/><U22/><E129/><V56/><F56/><W49/><G49/><T82/><D131/><U73/><E99/><V84/><F47/><W98/><G98/><AGARI ba="1,1" hai="6,9,13,72,76,79,81,83,84,90,93,98,122,123" machi="98" ten="30,1000,0" yaku="7,1" doraHai="103" who="2" fromWho="3" sc="451,0,311,0,2,23,226,-13" />
</Scene>
<Scene>
<INIT seed="6,0,0,1,1,22" ten="451,311,25,213" oya="2" hai0="61,131,4,81,36,8,110,19,98,67,89,63,124" hai1="55,76,47,49,10,11,90,120,102,101,82,0,86" hai2="12,88,96,69,27,39,42,17,34,70,64,43,135" hai3="79,118,108,65,15,77,107,24,46,5,103,68,109"/><V72/><F72/><W23/><G118/><T84/><D36/><U93/><E120/><V21/><F135/><W28/><G65/><T13/><D110/><U74/><REACH who="1" step="1"/><E11/><REACH who="1" ten="451,301,25,213" step="2"/><V100/><F39/><W105/><G109/><T60/><D131/><U1/><E1/><V112/><F112/><W128/><G108/><T130/><D130/><U127/><E127/><V32/><F32/><W92/><G128/><T117/><D124/><U16/><E16/><V29/><F88/><W37/><G103/><T66/><D117/><U14/><E14/><V125/><F125/><W113/><G15/><T33/><D33/><U91/><E91/><V20/><F20/><W25/><G23/><T122/><D19/><U26/><E26/><V57/><F57/><W78/><G113/><T54/><D13/><U85/><E85/><V83/><F83/><W45/><G68/><T7/><D84/><U133/><E133/><V58/><F58/><W123/><G123/><T56/><D81/><U129/><E129/><V99/><F99/><W111/><G111/><T31/><D98/><U18/><E18/><V53/><F53/><W6/><G28/><T71/><D31/><U40/><E40/><V30/><F30/><W94/><G77/><T35/><D89/><U121/><E121/><V132/><F132/><W73/><G73/><T115/><D122/><U44/><E44/><V52/><F52/><W9/><G9/><T80/><D54/><U2/><E2/><V3/><F3/><W41/><G41/><N who="2" m="15369" /><F64/><W97/><G97/><T104/><D67/><U126/><E126/><V106/><AGARI ba="0,1" hai="12,17,21,27,29,34,69,70,96,100,106" m="15369" machi="106" ten="30,3000,0" yaku="5,1,52,1" doraHai="22" who="2" fromWho="2" sc="451,-10,301,-10,25,40,213,-10" />
</Scene>
<Scene>
<INIT seed="6,1,0,4,4,19" ten="441,291,65,203" oya="2" hai0="3,113,31,65,36,88,92,105,59,61,67,112,130" hai1="87,84,41,118,23,108,2,121,106,37,44,119,63" hai2="66,116,48,98,60,33,30,8,126,94,17,22,103" hai3="96,120,107,5,21,77,24,9,85,135,129,62,51"/><V0/><F116/><W50/><G120/><T83/><D105/><U95/><E108/><V104/><F126/><W57/><G135/><T90/><D36/><U32/><E106/><V114/><F114/><N who="0" m="44138" /><D130/><U132/><E32/><V73/><F73/><W81/><G129/><T14/><D3/><U42/><E2/><V71/><F48/><W123/><G123/><T4/><D31/><U124/><E132/><V49/><F49/><W91/><G107/><T27/><D27/><U64/><E124/><V93/><F0/><W68/><G68/><T46/><D46/><U20/><E121/><V45/><F8/><W12/><G96/><N who="0" m="57351" /><D90/><U6/><E118/><V52/><F45/><W28/><REACH who="3" step="1"/><G91/><REACH who="3" ten="441,291,65,193" step="2"/><T79/><D79/><U128/><E128/><V127/><F127/><W74/><G74/><T100/><D100/><U7/><E119/><V18/><F52/><AGARI ba="1,1" hai="5,9,12,21,24,28,50,51,52,57,62,77,81,85" machi="52" ten="30,8000,1" yaku="1,1,7,1,8,1,52,1,54,1,53,0" doraHai="19" doraHaiUra="122" who="3" fromWho="2" sc="441,0,291,0,65,-83,193,93" owari="441,54.0,291,9.0,-18,-52.0,286,-11.0" />
</Scene>
</mjloggm>