<mjloggm ver="2.3"><GO type="169" lobby="0"/><UN n0="%E9%A7%84%E5%A6%B9" n1="%E3%82%A2%E3%83%95%E3%83%AA%E3%82%AB" n2="%E5%A4%AA%E3%81%8F%E3%81%AA%E3%81%84%E3%81%8A" n3="%E3%81%8A%E3%81%98%E3%81%95%E3%82%93" dan="16,16,19,17" rate="2044.21,2126.34,2341.40,2180.22" sx="F,M,F,M"/><TAIKYOKU oya="0"/>

<Scene>
<INIT seed="0,0,0,4,0,107" ten="250,250,250,250" oya="0" hai0="18,33,129,11,67,22,10,51,89,34,46,59,27" hai1="82,58,5,45,76,69,50,112,120,35,105,93,19" hai2="52,85,99,132,94,131,20,79,2,108,7,125,100" hai3="96,104,130,126,31,86,90,48,134,9,3,114,111"/><T66/><D129/><U37/><E105/><V24/><F131/><W4/><G130/><T60/><D67/><U8/><E69/><V16/><F108/><W39/><G39/><T57/><D57/><U106/><E106/><V88/><F132/><W63/><G134/><T123/><D123/><U121/><E112/><V113/><F113/><W91/><G114/><T28/><D89/><U21/><E93/><V38/><F38/><W102/><G111/><T1/><D1/><U0/><E58/><V43/><F43/><W92/><G126/><T68/><D68/><U54/><E35/><V32/><F125/><W61/><G31/><T36/><D36/><U75/><REACH who="1" step="1"/><E37/><REACH who="1" ten="250,240,250,250" step="2"/><V41/><F32/><W72/><G48/><T30/><D34/><U124/><E124/><V116/><F116/><W71/><G71/><T115/><D115/><U29/><E29/><V70/><F70/><W14/><G104/><T74/><D30/><U42/><E42/><V40/><F41/><W73/><G102/><T81/><D28/><U119/><E119/><V110/><F40/><W127/><G127/><T78/><REACH who="0" step="1"/><D33/><REACH who="0" ten="240,240,250,250" step="2"/><U95/><E95/><V133/><F94/><W77/><G92/><T128/><D128/><U47/><E47/><V101/><F133/><W44/><G44/><T56/><D56/><U13/><AGARI ba="0,2" hai="0,5,8,13,19,21,45,50,54,75,76,82,120,121" machi="13" ten="20,5200,0" yaku="1,1,0,1,7,1,52,1,53,0" doraHai="107" doraHaiUra="98" who="1" fromWho="1" sc="240,-26,240,72,250,-13,250,-13" />
</Scene>
<Scene>
<INIT seed="1,0,0,1,1,123" ten="214,312,237,237" oya="1" hai0="64,19,14,119,89,91,61,63,62,66,53,110,15" hai1="49,109,127,128,59,86,69,72,48,80,50,3,99" hai2="26,113,2,5,71,75,44,73,81,20,124,34,22" hai3="74,68,16,28,122,125,132,67,52,121,79,78,60"/><U7/><E69/><V1/><F71/><W32/><G79/><T42/><D119/><U18/><E72/><V21/><F124/><W116/><G125/><T33/><D33/><U65/><E127/><V10/><F113/><W51/><G132/><T101/><D42/><U90/><E128/><V36/><F1/><W27/><G116/><T83/><D101/><U37/><E37/><V111/><F75/><W106/><G106/><T23/><D110/><U112/><E112/><V105/><F105/><W126/><G126/><T39/><D39/><U135/><E135/><V84/><F34/><W108/><G108/><T133/><D133/><U43/><E109/><V29/><F111/><W77/><G77/><T0/><D0/><U40/><E99/><V87/><F87/><W24/><G78/><T100/><D100/><U118/><E118/><V31/><F73/><W9/><G74/><T102/><D102/><U41/><E18/><V11/><F11/><W96/><G96/><T54/><D14/><U92/><E3/><V58/><F58/><W55/><G55/><N who="0" m="21003" /><D83/><U85/><E7/><V131/><F131/><W4/><G4/><T93/><D93/><U46/><E46/><V104/><F104/><W88/><G88/><AGARI ba="0,0" hai="15,19,23,61,62,63,64,66,88,89,91" m="21003" machi="88" ten="30,2000,0" yaku="8,1,54,1" doraHai="123" who="0" fromWho="3" sc="214,20,312,0,237,0,237,-20" />
</Scene>
<Scene>
<INIT seed="2,0,0,3,3,21" ten="234,312,237,217" oya="2" hai0="24,34,20,54,27,105,55,128,8,100,106,129,135" hai1="88,111,63,93,122,86,19,113,73,97,30,82,35" hai2="62,87,72,131,17,71,104,9,80,76,46,125,103" hai3="51,127,15,29,115,96,44,61,68,69,116,83,40"/><V14/><F131/><N who="0" m="50250" /><D135/><U114/><E111/><V60/><F125/><W118/><G127/><T7/><D34/><U79/><E122/><V91/><F71/><W124/><G124/><T57/><D55/><U112/><E19/><V56/><F46/><W67/><G69/><T22/><D100/><U37/><E37/><V3/><F3/><W70/><G70/><T1/><D20/><U85/><REACH who="1" step="1"/><E63/><REACH who="1" ten="234,302,237,217" step="2"/><V4/><F17/><W98/><G118/><T65/><D65/><U74/><E74/><V11/><F62/><W84/><G116/><T126/><D126/><U28/><E28/><V78/><F72/><W132/><G29/><N who="0" m="17559" /><D27/><AGARI ba="0,1" hai="27,30,35,73,79,82,85,86,88,93,97,112,113,114" machi="27" ten="40,5200,0" yaku="1,1,52,1,54,1,53,0" doraHai="21" doraHaiUra="58" who="1" fromWho="0" sc="234,-52,302,62,237,0,217,0" />
</Scene>
<Scene>
<INIT seed="3,0,0,2,3,2" ten="182,364,237,217" oya="3" hai0="101,127,8,51,122,26,95,35,115,31,20,7,75" hai1="117,27,107,124,93,16,105,57,128,126,65,70,88" hai2="130,37,33,96,52,22,67,132,59,36,21,32,9" hai3="79,129,41,83,38,100,104,125,80,10,72,55,15"/><W34/><G34/><T134/><D122/><U58/><E70/><V63/><F32/><W50/><G125/><N who="1" m="48234" /><E128/><V73/><F33/><W44/><G129/><T103/><D75/><U116/><E107/><V43/><F130/><W42/><G83/><T24/><D127/><U48/><E105/><V5/><F73/><W78/><G78/><T111/><D115/><U87/><E65/><V110/><F110/><W76/><G76/><T49/><D111/><U85/><E85/><V68/><F96/><W45/><G104/><T39/><D39/><U6/><E6/><V3/><F132/><W135/><G135/><T71/><D71/><U77/><E77/><V109/><F109/><W121/><G100/><T54/><D134/><U30/><E16/><V84/><F84/><W106/><G106/><T17/><D95/><U28/><E48/><N who="2" m="31111" /><F36/><W46/><G121/><T91/><D49/><U1/><E1/><V92/><F92/><W97/><G97/><T23/><D35/><N who="1" m="20895" /><E30/><V29/><F29/><W102/><G102/><T108/><D108/><U119/><AGARI ba="0,0" hai="57,58,87,88,93,116,117,119" m="20895,48234" machi="119" ten="40,5200,0" yaku="12,1,18,1,54,1" doraHai="2" who="1" fromWho="1" sc="182,-13,364,52,237,-13,217,-26" />
</Scene>
<Scene>
<INIT seed="4,0,0,3,1,86" ten="169,416,224,191" oya="0" hai0="70,109,6,110,82,108,129,85,93,25,10,102,99" hai1="27,30,38,66,31,67,97,4,103,107,46,134,39" hai2="131,123,50,52,54,7,74,117,0,94,80,68,42" hai3="135,76,21,60,65,118,35,36,98,59,33,15,9"/><T49/><D129/><U1/><E31/><V81/><F123/><W100/><G118/><T26/><D70/><U19/><E19/><V48/><F68/><W20/><G36/><T96/><D99/><U133/><E4/><V88/><F131/><W122/><G135/><N who="1" m="51722" /><E1/><V24/><F117/><W75/><G122/><T44/><D44/><U40/><E39/><V132/><F132/><W47/><G47/><T8/><D49/><N who="2" m="19050" /><F74/><W2/><G2/><N who="0" m="87" /><D10/><U127/><E127/><V120/><F120/><W78/><G35/><AGARI ba="0,0" hai="27,30,35,38,40,46,66,67,97,103,107" m="51722" machi="35" ten="30,1000,0" yaku="20,1" doraHai="86" who="1" fromWho="3" sc="169,0,416,10,224,0,191,-10" />
</Scene>
<Scene>
<INIT seed="5,0,0,4,2,9" ten="169,426,224,181" oya="1" hai0="36,38,125,55,41,96,93,84,119,124,85,31,52" hai1="48,24,118,30,32,127,135,101,44,16,15,98,39" hai2="106,92,0,13,113,53,61,103,126,25,34,14,105" hai3="87,2,37,122,78,29,95,65,100,20,91,123,71"/><U90/><E39/><N who="0" m="14889" /><D31/><U120/><E120/><V3/><F92/><W26/><G37/><T28/><D28/><U79/><E127/><N who="0" m="48713" /><D41/><U57/><E135/><V108/><F25/><W115/><G115/><T82/><D119/><U75/><E118/><V49/><F61/><W97/><G2/><T110/><D110/><U132/><E132/><V107/><F103/><W46/><G46/><T89/><D84/><U42/><E57/><V23/><F34/><W10/><G78/><AGARI ba="0,0" hai="52,55,78,82,85,89,93,96" m="48713,14889" machi="78" ten="30,2000,0" yaku="18,1,54,1" doraHai="9" who="0" fromWho="3" sc="169,20,426,0,224,0,181,-20" />
</Scene>
<Scene>
<INIT seed="6,0,0,5,0,52" ten="189,426,224,161" oya="2" hai0="28,119,86,11,93,133,81,30,124,131,60,9,59" hai1="112,45,34,41,75,135,61,37,115,118,57,22,14" hai2="123,44,106,33,42,58,130,53,19,3,16,80,79" hai3="132,129,5,70,0,43,102,94,99,10,64,101,100"/><V71/><F123/><W1/><G129/><T116/><D131/><U38/><E75/><V66/><F33/><W48/><G132/><T120/><D133/><U63/><E34/><V85/><F106/><W7/><G70/><T20/><D93/><U56/><E135/><V6/><F130/><W31/><G64/><N who="0" m="38943" /><D120/><U46/><E22/><V2/><F2/><W15/><G31/><N who="0" m="11819" /><D20/><U108/><E14/><V125/><F125/><W83/><G83/><T25/><D25/><U23/><E23/><V12/><F3/><W104/><G104/><T62/><D124/><U26/><E26/><V88/><F71/><W54/><G43/><T69/><D69/><U32/><E32/><V18/><F66/><W113/><G113/><T40/><D62/><U17/><E17/><V97/><F42/><W134/><G134/><T24/><D24/><U4/><E4/><V126/><F44/><W82/><G82/><T98/><D98/><U39/><E39/><V111/><F111/><W95/><G95/><T89/><D40/><U51/><E41/><V128/><F126/><W107/><G107/><T35/><D35/><U91/><E108/><V8/><F128/><W105/><G105/><T117/><AGARI ba="0,0" hai="9,11,81,86,89,116,117,119" m="11819,38943" machi="117" ten="40,2700,0" yaku="12,1,52,1" doraHai="52" who="0" fromWho="0" sc="189,27,426,-7,224,-13,161,-7" />
</Scene>
<Scene>
<INIT seed="7,0,0,5,5,108" ten="216,419,211,154" oya="3" hai0="64,50,11,91,116,27,118,123,88,31,72,97,66" hai1="38,54,16,60,15,1,129,90,24,135,71,130,83" hai2="61,57,75,29,41,19,2,17,113,131,128,92,58" hai3="46,117,85,94,81,119,32,112,18,55,99,21,70"/><W5/><G70/><T28/><D72/><U39/><E1/><V104/><F113/><W23/><G32/><T53/><D123/><U111/><E24/><V4/><F104/><W56/><G5/><T84/><D118/><U114/><E114/><V42/><F75/><W107/><G107/><T122/><D122/><U106/><E106/><V69/><F69/><W36/><G112/><T9/><D97/><U63/><E135/><V126/><F126/><W95/><G36/><T48/><D116/><U89/><E111/><V26/><F92/><N who="3" m="35371" /><G119/><T10/><D48/><U80/><E71/><V121/><F121/><W132/><G132/><T40/><D40/><N who="2" m="15466" /><F4/><W74/><G117/><T120/><D120/><U62/><E54/><N who="2" m="33975" /><F2/><W79/><G74/><T93/><D91/><N who="1" m="34827" /><E39/><V44/><F44/><W0/><G0/><T98/><D84/><U65/><E65/><N who="0" m="25193" /><D27/><U20/><E38/><V45/><F45/><AGARI ba="0,0" hai="9,10,11,28,31,45,50,53,88,93,98" m="25193" machi="45" ten="30,2000,0" yaku="8,1,54,1" doraHai="108" who="0" fromWho="2" sc="216,20,419,0,211,-20,154,0" owari="236,4.0,419,52.0,191,-21.0,154,-35.0" />
</Scene>
</mjloggm>