<mjloggm ver="2.3"><GO type="169" lobby="0"/><UN n0="%E5%A4%AA%E3%81%8F%E3%81%AA%E3%81%84%E3%81%8A" n1="%E3%82%8A%E3%82%87%E3%81%86%E3%81%BE%35%37%32%34" n2="%E7%88%86%E5%BC%BE%E4%BA%94%E9%83%8E%EF%BC%92" n3="%E3%80%93%E4%B9%9D%E6%9D%A1%E3%82%AB%E3%83%AC%E3%83%B3%E3%80%93" dan="19,16,16,16" rate="2329.18,2167.90,2149.58,2098.11" sx="F,M,M,F"/><TAIKYOKU oya="0"/>

<Scene>
<INIT seed="0,0,0,3,3,36" ten="250,250,250,250" oya="0" hai0="27,68,58,96,109,15,91,100,76,103,74,85,49" hai1="57,94,122,110,10,8,5,99,25,0,114,62,119" hai2="65,120,54,3,113,48,88,34,71,79,55,1,44" hai3="67,82,41,84,23,39,134,33,92,38,21,129,70"/><T106/><D68/><U93/><E119/><V118/><F34/><W133/><G33/><T19/><D103/><U14/><E122/><V104/><F104/><W9/><G129/><T115/><D115/><U52/><E110/><V80/><F120/><W73/><G73/><T83/><D27/><U59/><E114/><V56/><F113/><W51/><G92/><T116/><D116/><U22/><E99/><V87/><F118/><W6/><G70/><T77/><D109/><U127/><E127/><V112/><F112/><W78/><G67/><T17/><D77/><U135/><E135/><N who="3" m="51722" /><G51/><T4/><D4/><U26/><E26/><V95/><F65/><W111/><G111/><T90/><D90/><U50/><E10/><V102/><F102/><W11/><G11/><T130/><D15/><U63/><E0/><V75/><F71/><W98/><G98/><T37/><D37/><N who="3" m="13833" /><G41/><T72/><D72/><U81/><E81/><V28/><F28/><W125/><G125/><T117/><D130/><U12/><E12/><AGARI ba="0,0" hai="6,9,12,21,23,78,82,84" m="13833,51722" machi="12" ten="30,1000,0" yaku="20,1" doraHai="36" who="3" fromWho="1" sc="250,0,250,-10,250,0,250,10" />
</Scene>
<Scene>
<INIT seed="1,0,0,2,2,39" ten="250,240,250,260" oya="1" hai0="82,38,128,44,54,21,134,98,60,4,53,109,124" hai1="55,126,65,114,85,20,73,31,8,113,95,76,104" hai2="86,57,99,6,7,120,41,10,127,46,84,102,74" hai3="119,66,118,51,64,27,79,34,1,117,49,23,100"/><U111/><E104/><V75/><F120/><W96/><G34/><T35/><D35/><U91/><E126/><V33/><F127/><W103/><G1/><T87/><D124/><U115/><E65/><N who="3" m="25194" /><G79/><T101/><D109/><U80/><E111/><V97/><F33/><W93/><G103/><T122/><D122/><U110/><E110/><V71/><F71/><W45/><G45/><T106/><D134/><U22/><E31/><AGARI ba="0,0" hai="23,27,31,49,51,93,96,100,117,118,119" m="25194" machi="31" ten="30,1000,0" yaku="12,1" doraHai="39" who="3" fromWho="1" sc="250,0,240,-10,250,0,260,10" />
</Scene>
<Scene>
<INIT seed="2,0,0,1,0,31" ten="250,230,250,270" oya="2" hai0="78,128,0,82,80,36,98,44,72,49,129,32,8" hai1="92,132,68,20,9,121,61,74,26,42,63,45,24" hai2="75,123,131,53,135,90,94,87,14,69,52,17,71" hai3="40,56,109,47,38,114,95,79,99,51,100,2,27"/><V112/><F75/><W120/><G109/><T70/><D70/><U89/><E121/><V3/><F3/><W117/><G117/><T46/><D82/><U7/><E74/><V105/><F105/><W60/><G120/><T104/><D104/><U55/><E132/><V13/><F135/><W10/><G114/><T18/><D98/><U107/><E107/><V125/><F112/><W12/><G2/><T77/><D77/><U106/><E106/><V110/><F123/><W1/><G1/><T93/><D93/><U97/><E68/><V6/><F131/><W34/><G79/><T122/><D122/><U126/><E126/><V91/><F125/><W50/><G27/><T41/><D32/><U88/><E89/><V62/><F110/><W57/><G34/><T15/><REACH who="0" step="1"/><D0/><REACH who="0" ten="240,230,250,270" step="2"/><U108/><E108/><V64/><F71/><W102/><G102/><T118/><D118/><U76/><E76/><V83/><F6/><W134/><G134/><T16/><D16/><N who="1" m="12295" /><E26/><V73/><F14/><W43/><G95/><T39/><D39/><U5/><E5/><V33/><F33/><W25/><G38/><T21/><D21/><U48/><E42/><AGARI ba="0,1" hai="8,15,18,36,41,42,44,46,49,72,78,80,128,129" machi="42" ten="40,1300,0" yaku="1,1,53,0" doraHai="31" doraHaiUra="30" who="0" fromWho="1" sc="240,23,230,-13,250,0,270,0" />
</Scene>
<Scene>
<INIT seed="3,0,0,1,1,125" ten="263,217,250,270" oya="3" hai0="92,74,49,86,115,36,20,64,69,88,47,128,8" hai1="135,46,81,18,22,19,107,58,119,28,50,21,104" hai2="89,40,80,78,95,43,87,114,25,23,112,3,31" hai3="75,56,0,116,94,82,39,32,41,131,109,121,108"/><W118/><G32/><T91/><D74/><U6/><E6/><V103/><F3/><W124/><G0/><T62/><D115/><U73/><E58/><V57/><F114/><W105/><G124/><T14/><D20/><U133/><E28/><V113/><F113/><W83/><G105/><T7/><D36/><U122/><E122/><V27/><F103/><W106/><G106/><T24/><D24/><U59/><E59/><V26/><F112/><W70/><G70/><T72/><D72/><U68/><E68/><V85/><F27/><W65/><G121/><T45/><D128/><U5/><E5/><V99/><F85/><W37/><G131/><T16/><D7/><U111/><E111/><N who="3" m="42570" /><G94/><T67/><D67/><U77/><E119/><N who="3" m="45610" /><G41/><T134/><D134/><N who="1" m="51211" /><E22/><V51/><F26/><W35/><G35/><T34/><D34/><U130/><E130/><V48/><F48/><W84/><G75/><T60/><D60/><U117/><E117/><V10/><F10/><W79/><G83/><T76/><D92/><U13/><E19/><V9/><F9/><W12/><G12/><T66/><D69/><U4/><E4/><V30/><F30/><W132/><G132/><T127/><D127/><U102/><E102/><V11/><F11/><W44/><G44/><T33/><D47/><U129/><E129/><V90/><F57/><W110/><G110/><T123/><D33/><U61/><E61/><AGARI ba="0,0" hai="37,39,56,61,65,79,82,84" m="45610,42570" machi="61" ten="30,2900,0" yaku="14,1,10,1" doraHai="125" who="3" fromWho="1" sc="263,0,217,-29,250,0,270,29" />
</Scene>
<Scene>
<INIT seed="3,1,0,3,2,31" ten="263,188,250,299" oya="3" hai0="7,16,130,129,92,11,84,8,15,88,127,119,56" hai1="110,24,128,98,0,18,42,61,44,83,72,25,102" hai2="77,105,87,94,93,19,91,71,134,109,122,36,106" hai3="103,35,135,112,121,124,43,113,22,120,74,28,90"/><W1/><G43/><T47/><D119/><U10/><E110/><V82/><F71/><W12/><G74/><T66/><D127/><U17/><E128/><V64/><F64/><W55/><G55/><T27/><D47/><U49/><E61/><V23/><F36/><W116/><G90/><T32/><D66/><U60/><E60/><V117/><F109/><W78/><G78/><T132/><D56/><U33/><E83/><V123/><F117/><W67/><G103/><T133/><D32/><U40/><E72/><V99/><F134/><N who="0" m="51818" /><D27/><U3/><E42/><V107/><F23/><W26/><G67/><T34/><D34/><U14/><E25/><V41/><F19/><N who="3" m="10599" /><G135/><T58/><D58/><U62/><E62/><V50/><F50/><W4/><G116/><T5/><D5/><U57/><E57/><V9/><F9/><N who="3" m="2191" /><G124/><T81/><D81/><U97/><E97/><N who="2" m="57535" /><F41/><W126/><G126/><T115/><D115/><AGARI ba="1,0" hai="26,28,35,112,113,115,120,121" m="2191,10599" machi="115" ten="30,11600,0" yaku="24,1,34,2,52,1" doraHai="31" who="3" fromWho="0" sc="263,-119,188,0,250,0,299,119" />
</Scene>
<Scene>
<INIT seed="3,2,0,4,3,56" ten="144,188,250,418" oya="3" hai0="19,118,46,81,25,34,76,119,66,13,99,69,32" hai1="88,37,127,128,65,124,8,130,110,123,49,14,78" hai2="5,63,94,39,44,116,51,33,3,31,112,4,74" hai3="24,75,0,90,83,86,12,106,62,129,101,64,80"/><W45/><G0/><T117/><D46/><U71/><E37/><V109/><F74/><W9/><G129/><N who="1" m="49770" /><E123/><V102/><F39/><W115/><G115/><T92/><D25/><U126/><E110/><V73/><F109/><W84/><G75/><T79/><D66/><U60/><E78/><V35/><F73/><W61/><G64/><T50/><D50/><U21/><E21/><V30/><F112/><W36/><G106/><T82/><D69/><U98/><E49/><V85/><F3/><W114/><G114/><T120/><D120/><U20/><E20/><V11/><F11/><W89/><G101/><T59/><D59/><U43/><E43/><V1/><F1/><W97/><G97/><T100/><D79/><U107/><E107/><V27/><F102/><W87/><G24/><T105/><D105/><U131/><E131/><V15/><F15/><W16/><G87/><T18/><D76/><U40/><E40/><AGARI ba="2,0" hai="9,12,16,36,40,45,61,62,80,83,84,86,89,90" machi="40" ten="40,12000,1" yaku="9,1,52,2,54,1" doraHai="56" who="3" fromWho="1" sc="144,0,188,-126,250,0,418,126" />
</Scene>
<Scene>
<INIT seed="3,3,0,1,2,27" ten="144,62,250,544" oya="3" hai0="68,84,67,114,43,54,25,96,118,19,30,2,23" hai1="24,127,135,32,77,122,91,61,46,110,113,115,86" hai2="18,101,12,63,66,0,8,62,65,109,70,83,123" hai3="130,22,126,133,40,71,88,102,85,107,51,37,116"/><W10/><G116/><T11/><D118/><U73/><E77/><V53/><F0/><W104/><G37/><T74/><D74/><U111/><E73/><V7/><F101/><W119/><G119/><T50/><D114/><U89/><E46/><V64/><F109/><N who="1" m="41481" /><E122/><V14/><F123/><W80/><G71/><T95/><D43/><U42/><E42/><V49/><F83/><W20/><G133/><T45/><D84/><U26/><E135/><V120/><F120/><W106/><G102/><T57/><D68/><U112/><E127/><V76/><F76/><W28/><G126/><T125/><D125/><U72/><E72/><V75/><F75/><W99/><G130/><T55/><D67/><U98/><E98/><V100/><F100/><W87/><G99/><T132/><D132/><U131/><E131/><V33/><F33/><W60/><G60/><N who="0" m="35895" /><D2/><U41/><E41/><V56/><F70/><W9/><G85/><T15/><D96/><U4/><E4/><V3/><F3/><W124/><G124/><T29/><D95/><U128/><E128/><V78/><F78/><W94/><G94/><T52/><D55/><U34/><E61/><V21/><AGARI ba="3,0" hai="7,8,12,14,18,21,49,53,56,62,63,64,65,66" machi="21" ten="30,2000,0" yaku="0,1,8,1" doraHai="27" who="2" fromWho="2" sc="144,-8,62,-8,250,29,544,-13" />
</Scene>
<Scene>
<INIT seed="4,0,0,3,2,98" ten="136,54,279,531" oya="0" hai0="59,71,48,114,117,9,102,1,63,111,132,31,95" hai1="15,123,34,18,106,97,82,44,85,126,3,65,72" hai2="2,58,53,100,103,105,26,42,77,83,91,67,75" hai3="112,70,13,32,86,122,40,68,104,11,6,60,43"/><T120/><D117/><U134/><E123/><V50/><F2/><W24/><G122/><T73/><D73/><U7/><E34/><V37/><F105/><W10/><G112/><T92/><D120/><U28/><E72/><V5/><F5/><W96/><G86/><T39/><D39/><U52/><E28/><V64/><F91/><W47/><G11/><T46/><D71/><U99/><E7/><V4/><F4/><W57/><G70/><T127/><D1/><U0/><E134/><V56/><F37/><W135/><G135/><T84/><D132/><U22/><E126/><V80/><F42/><W30/><G47/><T36/><D36/><U20/><E65/><V61/><F67/><N who="3" m="41063" /><G57/><T79/><D9/><N who="1" m="6511" /><E3/><V130/><F130/><W110/><G110/><T69/><D69/><U131/><E0/><V118/><F118/><W76/><G76/><T94/><D127/><U16/><E131/><V93/><F93/><W25/><G24/><T115/><D111/><U81/><E106/><V101/><F80/><N who="1" m="30825" /><E85/><V54/><F64/><W66/><G66/><N who="0" m="39295" /><D115/><U55/><E22/><V38/><F38/><W23/><G23/><T62/><D114/><U125/><E125/><V17/><F26/><W121/><G121/><T107/><D84/><U116/><E116/><V35/><REACH who="2" step="1"/><F17/><REACH who="2" ten="136,54,269,531" step="2"/><W19/><G19/><T90/><D94/><U49/><E55/><V89/><F89/><W33/><G33/><AGARI ba="0,1" hai="33,35,50,53,54,56,58,61,75,77,83,100,101,103" machi="33" ten="40,12000,2" yaku="1,1,52,3,53,2" doraHai="98" doraHaiUra="51" who="2" fromWho="3" sc="136,0,54,0,269,130,531,-120" />
</Scene>
<Scene>
<INIT seed="5,0,0,5,1,87" ten="136,54,399,411" oya="1" hai0="49,107,3,11,25,91,98,134,12,47,77,114,69" hai1="103,132,35,57,21,31,26,106,115,75,15,9,125" hai2="34,95,32,104,67,121,126,55,53,79,6,36,4" hai3="39,17,59,29,81,124,117,1,123,62,128,22,63"/><U56/><E75/><V48/><F36/><W116/><G123/><T52/><D69/><U58/><E115/><V37/><F37/><W30/><G128/><T83/><D3/><U72/><E72/><V28/><F79/><W40/><G1/><T14/><D114/><U44/><E125/><V64/><F95/><W118/><G124/><T119/><D119/><U73/><E73/><V88/><F48/><W43/><G81/><T71/><D71/><U41/><E132/><V70/><F70/><W129/><G129/><T66/><D66/><U133/><E133/><V76/><F76/><W45/><G43/><T111/><D134/><U110/><E110/><V109/><F28/><N who="3" m="10859" /><G59/><T86/><D111/><U135/><E135/><V23/><F23/><W5/><G5/><T54/><D25/><AGARI ba="0,0" hai="17,22,25,39,40,45,62,63,116,117,118" m="10859" machi="25" ten="30,1000,0" yaku="12,1" doraHai="87" who="3" fromWho="0" sc="136,-10,54,0,399,0,411,10" />
</Scene>
<Scene>
<INIT seed="6,0,0,3,2,9" ten="126,54,399,421" oya="2" hai0="97,30,13,115,85,109,3,98,96,116,62,17,91" hai1="112,92,101,16,7,135,83,131,67,26,110,29,61" hai2="124,74,70,63,20,113,111,126,27,0,121,52,71" hai3="68,129,107,133,134,21,79,60,32,87,58,8,64"/><V49/><F74/><W81/><G32/><T100/><D3/><U123/><E110/><V50/><F0/><W76/><G129/><T99/><D109/><U65/><E112/><V88/><F113/><W73/><G107/><T14/><D115/><U118/><E135/><N who="3" m="51722" /><G8/><T34/><D116/><U28/><E131/><V44/><F121/><W39/><G39/><T104/><D62/><U10/><E118/><V77/><F77/><N who="3" m="46511" /><G73/><T117/><D117/><U105/><E105/><V57/><F111/><W54/><G21/><T40/><D40/><U72/><E123/><V66/><F50/><AGARI ba="0,0" hai="50,54,58,60,64,68,76,79" m="46511,51722" machi="50" ten="30,1000,0" yaku="20,1" doraHai="9" who="3" fromWho="2" sc="126,0,54,0,399,-10,421,10" />
</Scene>
<Scene>
<INIT seed="7,0,0,3,4,84" ten="126,54,389,431" oya="3" hai0="45,39,90,35,130,9,29,76,80,94,21,107,10" hai1="72,111,122,57,71,83,93,4,99,132,24,44,73" hai2="54,36,11,53,104,58,105,51,134,78,103,33,108" hai3="60,55,61,17,46,65,66,52,25,6,15,112,126"/><W67/><G112/><T87/><D35/><U23/><E132/><V27/><F134/><W43/><G126/><T8/><D107/><U48/><E111/><V12/><F108/><W123/><G123/><T85/><D130/><U50/><E122/><V3/><F3/><W68/><G6/><T64/><D64/><U5/><E71/><V114/><F36/><N who="3" m="21863" /><G15/><T37/><REACH who="0" step="1"/><D45/><REACH who="0" ten="116,54,389,431" step="2"/><U30/><E73/><V0/><F33/><W19/><G66/><T32/><D32/><U18/><E72/><V113/><F0/><W131/><G67/><T70/><D70/><U16/><E83/><V86/><F27/><AGARI ba="0,1" hai="8,9,10,21,27,29,37,39,76,80,85,87,90,94" machi="27" ten="40,2600,0" yaku="1,1,52,1,53,0" doraHai="84" doraHaiUra="34" who="0" fromWho="2" sc="116,36,54,0,389,-26,431,0" owari="152,-25.0,54,-45.0,363,16.0,431,54.0" />
</Scene>
</mjloggm>