<mjloggm ver="2.3"><GO type="169" lobby="0"/><UN n0="%69%6B%65%69%6B%65%69" n1="%E5%A4%AA%E3%81%8F%E3%81%AA%E3%81%84%E3%81%8A" n2="%6D%61%74%69%6F%73%61%6E" n3="%4E%61%72%75%6B%61" dan="17,18,18,16" rate="2204.11,2241.31,2219.69,2133.96" sx="M,M,M,F"/><TAIKYOKU oya="0"/>

<Scene>
<INIT seed="0,0,0,0,1,103" ten="250,250,250,250" oya="0" hai0="15,51,40,55,56,106,124,30,46,91,131,24,88" hai1="122,100,112,134,75,29,94,62,61,111,118,80,82" hai2="72,4,115,7,1,128,107,5,71,33,68,99,89" hai3="127,77,64,3,8,41,65,37,60,47,26,92,21"/><T78/><D131/><U52/><E118/><V126/><F115/><W130/><G127/><T132/><D132/><U133/><E122/><V20/><F126/><W129/><G77/><T50/><D124/><U98/><E112/><V23/><F33/><W38/><G38/><T18/><D78/><U123/><E123/><V58/><F72/><W113/><G113/><T108/><D108/><U22/><E111/><V93/><F1/><W11/><G92/><T135/><D106/><U87/><E75/><V110/><F110/><W48/><G37/><T54/><D40/><U34/><E34/><V79/><F79/><W9/><G3/><T32/><REACH who="0" step="1"/><D135/><REACH who="0" ten="240,250,250,250" step="2"/><U39/><E134/><V120/><F120/><W17/><REACH who="3" step="1"/><G65/><REACH who="3" ten="240,250,250,240" step="2"/><T36/><D36/><U6/><E39/><V85/><F128/><W83/><G83/><T116/><D116/><U121/><E82/><V73/><F107/><W27/><G27/><T0/><D0/><U114/><E114/><V125/><F125/><W101/><G101/><T53/><D53/><U49/><E133/><V119/><F119/><W70/><AGARI ba="0,2" hai="8,9,11,17,21,26,41,47,48,60,64,70,129,130" machi="70" ten="30,4000,0" yaku="1,1,0,1,53,1" doraHai="103" doraHaiUra="43" who="3" fromWho="3" sc="240,-20,250,-10,250,-10,240,60" />
</Scene>
<Scene>
<INIT seed="1,0,0,0,2,119" ten="220,240,240,300" oya="1" hai0="61,125,90,74,93,37,38,30,25,64,23,48,8" hai1="33,80,81,131,18,106,24,36,58,88,54,57,86" hai2="120,135,35,108,44,13,63,22,66,113,52,96,79" hai3="60,16,110,34,67,94,115,101,103,128,134,47,70"/><U1/><E106/><V118/><F35/><W28/><G110/><T27/><D74/><U69/><E69/><V50/><F118/><W122/><G115/><T121/><D125/><U100/><E1/><V112/><F108/><W73/><G134/><T65/><D65/><U56/><E36/><V31/><F79/><W130/><G73/><T20/><D8/><U91/><E131/><N who="3" m="50218" /><G47/><T39/><D48/><U59/><E100/><N who="3" m="38474" /><G94/><T15/><D15/><U32/><E18/><V102/><F135/><W6/><G6/><T10/><D10/><U132/><E132/><V78/><F78/><W97/><G97/><T0/><D0/><U26/><E33/><V126/><F126/><W75/><G75/><T45/><D45/><U109/><E109/><V9/><F31/><W41/><G41/><T133/><D133/><U87/><REACH who="1" step="1"/><E32/><REACH who="1" ten="220,230,240,300" step="2"/><V72/><F112/><W77/><G16/><T92/><D39/><U127/><E127/><V124/><F113/><W46/><G34/><T2/><D2/><U117/><E117/><V89/><F124/><W11/><G70/><T43/><D38/><U40/><E40/><V98/><F102/><W3/><G3/><T105/><D43/><U83/><E83/><V107/><F107/><W84/><G28/><T4/><D105/><U51/><AGARI ba="0,1" hai="24,26,51,54,56,57,58,59,80,81,86,87,88,91" machi="51" ten="30,12000,1" yaku="1,1,0,1,9,1,8,1,54,1,53,0" doraHai="119" doraHaiUra="17" who="1" fromWho="1" sc="220,-40,230,130,240,-40,300,-40" />
</Scene>
<Scene>
<INIT seed="1,1,0,1,4,93" ten="180,360,200,260" oya="1" hai0="83,25,124,66,57,100,3,15,22,95,101,62,121" hai1="72,75,45,76,16,105,112,30,63,134,85,9,7" hai2="89,38,131,117,27,84,49,120,69,29,97,87,127" hai3="109,28,78,116,5,114,65,64,125,17,91,132,119"/><U52/><E112/><V102/><F38/><W41/><G109/><T51/><D3/><U21/><E105/><V14/><F120/><W90/><G132/><T12/><D121/><U36/><E30/><V6/><F117/><W94/><G125/><T108/><D108/><U13/><E134/><V53/><F69/><W123/><G123/><T31/><D124/><U43/><E85/><V118/><F131/><W46/><G5/><T1/><D1/><U110/><E110/><V58/><F127/><W11/><G78/><T104/><D104/><U68/><E76/><V133/><F118/><W26/><G114/><T42/><D83/><U18/><E18/><V99/><F133/><W71/><G11/><T59/><D101/><U60/><E60/><V10/><F102/><W73/><G17/><T96/><REACH who="0" step="1"/><D59/><REACH who="0" ten="170,360,200,260" step="2"/><U48/><E68/><V113/><F113/><W34/><G71/><T98/><D98/><U23/><E63/><V56/><F56/><W129/><G119/><T70/><D70/><U20/><REACH who="1" step="1"/><E7/><REACH who="1" ten="170,350,200,260" step="2"/><V2/><F87/><W61/><G61/><T4/><D4/><U54/><E54/><V67/><F2/><W88/><G116/><T77/><D77/><U35/><E35/><V82/><F67/><W47/><G65/><T135/><D135/><U32/><E32/><AGARI ba="1,2" hai="6,10,14,27,29,32,49,53,58,82,84,89,97,99" machi="32" ten="30,3900,0" yaku="7,1,52,2" doraHai="93" who="2" fromWho="1" sc="170,0,350,-42,200,62,260,0" />
</Scene>
<Scene>
<INIT seed="2,0,0,0,2,105" ten="170,308,262,260" oya="2" hai0="28,16,54,37,83,84,10,128,4,81,60,98,30" hai1="87,5,85,125,115,96,75,129,111,34,40,0,15" hai2="77,134,50,120,43,25,48,2,20,39,26,123,68" hai3="79,101,24,53,33,104,8,74,59,45,121,69,6"/><V11/><F68/><W76/><G69/><T21/><D37/><U70/><E115/><V132/><F39/><W63/><G63/><T99/><D128/><U13/><E34/><V78/><F43/><W133/><G74/><T46/><D4/><U73/><E0/><V18/><F2/><N who="3" m="87" /><G53/><T92/><D83/><U130/><E70/><V107/><F107/><W72/><G72/><N who="1" m="27722" /><E40/><V22/><F18/><W44/><G121/><T82/><D82/><U113/><E113/><V71/><F71/><W86/><G86/><N who="1" m="32778" /><E96/><N who="0" m="36905" /><D92/><U66/><E66/><V31/><REACH who="2" step="1"/><F11/><REACH who="2" ten="170,308,252,260" step="2"/><W126/><G104/><T56/><D10/><U23/><E5/><V106/><F106/><W61/><G45/><T122/><D46/><U17/><E17/><V3/><F3/><W94/><G44/><T35/><D122/><U89/><E130/><V57/><F57/><W91/><G59/><T42/><D42/><U29/><E129/><V109/><F109/><W49/><G76/><N who="0" m="46119" /><D35/><U19/><E111/><V7/><F7/><W100/><G79/><T64/><D64/><U27/><E19/><V95/><F95/><W47/><G94/><T112/><D112/><U80/><E80/><V55/><F55/><W9/><G33/><T119/><D119/><U88/><E23/><V41/><F41/><W135/><G9/><T103/><D103/><U51/><E29/><AGARI ba="0,1" hai="20,22,25,26,29,31,48,50,77,78,120,123,132,134" machi="29" ten="25,4800,0" yaku="1,1,22,2,53,0" doraHai="105" doraHaiUra="12" who="2" fromWho="1" sc="170,0,308,-48,252,58,260,0" />
</Scene>
<Scene>
<INIT seed="2,1,0,5,4,61" ten="170,260,310,260" oya="2" hai0="17,28,64,97,125,132,38,62,116,27,41,34,59" hai1="85,26,91,130,107,14,2,3,54,8,119,63,35" hai2="133,31,25,79,43,123,53,111,110,9,83,114,102" hai3="106,99,67,129,49,22,75,96,56,70,128,84,87"/><V92/><F114/><W21/><G75/><T89/><D132/><U135/><E119/><V51/><F123/><W50/><G70/><T122/><D122/><U73/><E73/><V101/><F43/><W105/><G56/><T81/><D125/><U115/><E115/><V103/><F133/><W40/><G40/><T90/><D116/><U118/><E118/><V127/><F127/><W1/><G1/><T93/><D41/><U120/><E107/><V82/><F9/><W37/><G37/><T10/><D38/><U7/><E135/><V124/><F124/><W15/><G15/><T57/><D10/><U86/><E86/><V52/><F92/><W36/><G36/><T45/><D45/><U39/><E39/><V24/><F24/><W44/><G44/><T30/><D59/><U29/><E120/><V4/><F4/><W0/><G0/><T12/><D34/><U68/><E130/><V95/><F95/><W113/><G113/><T117/><D117/><U19/><E54/><N who="2" m="21099" /><F51/><W76/><G76/><T98/><D12/><U71/><E63/><V80/><F79/><W48/><REACH who="3" step="1"/><G50/><REACH who="3" ten="170,260,310,250" step="2"/><T134/><D134/><U47/><E47/><V109/><F103/><W33/><G33/><AGARI ba="1,1" hai="25,31,33,80,82,83,101,102,109,110,111" m="21099" machi="33" ten="40,7700,0" yaku="14,1,10,1,54,1" doraHai="61" who="2" fromWho="3" sc="170,0,260,0,310,90,250,-80" />
</Scene>
<Scene>
<INIT seed="2,2,0,1,2,19" ten="170,260,400,170" oya="2" hai0="10,29,135,17,125,45,25,0,128,32,21,64,101" hai1="1,16,4,47,41,68,120,58,65,31,133,115,104" hai2="9,27,35,13,90,93,7,8,60,20,110,117,23" hai3="53,57,42,131,97,105,74,121,33,75,88,46,70"/><V92/><F117/><W36/><G121/><T123/><D123/><U40/><E120/><V99/><F110/><W134/><G134/><T109/><D109/><U30/><E115/><V71/><F71/><W87/><G131/><T111/><D111/><U122/><E122/><V39/><F39/><W79/><G33/><T44/><D135/><U103/><E68/><V96/><F60/><W34/><G34/><T112/><D112/><U78/><E78/><V63/><F63/><W91/><G70/><T81/><D128/><U22/><E1/><V69/><F69/><W89/><G87/><T73/><D64/><U83/><E4/><V49/><F49/><W55/><G79/><N who="0" m="44271" /><D101/><U82/><E104/><V59/><F59/><W66/><G66/><T43/><D125/><U80/><E103/><V94/><F94/><W3/><G97/><T76/><D76/><U72/><E72/><V129/><F129/><W52/><G105/><T118/><D43/><N who="1" m="16459" /><E47/><V5/><F27/><W56/><G75/><T106/><D118/><U124/><E124/><V108/><F35/><W67/><G74/><T130/><D130/><U132/><E132/><V14/><F108/><W84/><G84/><T48/><D48/><U28/><E133/><V127/><F127/><W50/><G3/><T119/><D119/><U37/><E37/><V62/><F62/><W6/><G6/><N who="0" m="1351" /><D106/><U98/><E98/><V100/><AGARI ba="2,0" hai="5,7,8,9,13,14,20,23,90,92,93,96,99,100" machi="100" ten="20,18000,2" yaku="0,1,7,1,9,1,8,1,52,2" doraHai="19" who="2" fromWho="2" sc="170,-62,260,-62,400,186,170,-62" />
</Scene>
<Scene>
<INIT seed="2,3,0,5,5,14" ten="108,198,586,108" oya="2" hai0="10,31,62,120,129,118,36,4,92,58,5,121,11" hai1="0,114,131,82,71,128,12,88,77,57,56,135,122" hai2="1,6,125,34,108,2,7,17,95,35,55,81,109" hai3="61,91,126,134,15,76,98,50,103,69,113,48,25"/><V97/><F125/><W86/><G134/><T37/><D31/><U132/><E0/><N who="2" m="107" /><F81/><W89/><G126/><T96/><D118/><U107/><E71/><V93/><F55/><W104/><G15/><T64/><D129/><N who="1" m="49739" /><E114/><V75/><F75/><W22/><G113/><T21/><D21/><U78/><E107/><V24/><F93/><W123/><G123/><T84/><D84/><N who="1" m="50199" /><E122/><V27/><F95/><W68/><G76/><N who="1" m="29290" /><E12/><V41/><F97/><W9/><G86/><T30/><D96/><U79/><E79/><V83/><F83/><W52/><G69/><T111/><D92/><U53/><E56/><V90/><F90/><W51/><G68/><T115/><D58/><U127/><E127/><V67/><F67/><W112/><G112/><T106/><D64/><U124/><E124/><V44/><F44/><W87/><G91/><T18/><D115/><U65/><E65/><V94/><F94/><W26/><G89/><T66/><D66/><U116/><E116/><V20/><F41/><W3/><G87/><T99/><D121/><U54/><E54/><V80/><F80/><W100/><G104/><T105/><D120/><U39/><E39/><V8/><F24/><W42/><G42/><T38/><D37/><U119/><E119/><V74/><F74/><W110/><G98/><T85/><D99/><U40/><E40/><V70/><F70/><W13/><G26/><T102/><D38/><U23/><E53/><V60/><F60/><W16/><G61/><T133/><D62/><U47/><E47/><V101/><F27/><W33/><G52/><T63/><D63/><RYUUKYOKU ba="3,0" sc="108,0,198,0,586,0,108,0" />
</Scene>
<Scene>
<INIT seed="3,4,0,3,2,130" ten="108,198,586,108" oya="3" hai0="95,134,22,40,43,132,15,90,64,76,110,83,107" hai1="2,35,29,24,106,62,37,117,123,17,81,71,26" hai2="124,133,75,126,122,70,19,82,80,0,1,111,41" hai3="34,42,74,59,96,63,31,105,49,60,113,14,67"/><W109/><G113/><T88/><D107/><U91/><E123/><V93/><F111/><W47/><G74/><T98/><D64/><U114/><E114/><V84/><F70/><W57/><G109/><T5/><D90/><U135/><E37/><V8/><F122/><W89/><G14/><T121/><D110/><U21/><E2/><V92/><F41/><W51/><G31/><T102/><D102/><U9/><E9/><V13/><F75/><W50/><G34/><T65/><D65/><N who="1" m="41399" /><E91/><N who="2" m="53351" /><F93/><N who="3" m="56367" /><G105/><T86/><D121/><U119/><E81/><V45/><F82/><W55/><AGARI ba="4,0" hai="42,47,49,50,51,55,57,59,60,63,67" m="56367" machi="55" ten="30,1500,0" yaku="8,1" doraHai="130" who="3" fromWho="3" sc="108,-9,198,-9,586,-9,108,27" />
</Scene>
<Scene>
<INIT seed="3,5,0,2,5,84" ten="99,189,577,135" oya="3" hai0="88,23,19,17,32,51,49,60,61,46,97,55,128" hai1="53,21,30,93,44,62,99,80,113,119,115,38,29" hai2="65,76,122,31,123,81,107,15,125,59,10,92,20" hai3="48,118,39,87,1,58,25,104,9,110,4,112,94"/><W7/><G112/><T40/><D32/><U5/><E119/><V100/><F125/><W120/><G120/><T47/><D128/><U121/><E121/><V45/><F107/><W106/><G118/><T132/><D132/><U79/><E5/><V27/><F45/><W42/><G39/><T96/><D97/><U83/><E38/><V105/><F105/><W77/><G25/><T102/><D19/><U114/><E21/><V133/><F133/><W18/><G18/><T70/><D70/><U108/><E108/><V56/><F56/><W75/><G110/><T63/><D102/><U91/><E83/><V109/><F109/><W86/><G7/><T129/><D129/><U54/><E62/><N who="2" m="38111" /><F122/><W66/><G66/><T0/><D0/><U89/><E89/><V8/><F15/><N who="3" m="5543" /><G75/><T6/><D6/><U28/><REACH who="1" step="1"/><E44/><REACH who="1" ten="99,179,577,135" step="2"/><V36/><F36/><W135/><G135/><T69/><D69/><U50/><E50/><V72/><F123/><W130/><G130/><T101/><D101/><U82/><E82/><V90/><F90/><N who="3" m="53591" /><G58/><T24/><D61/><U43/><E43/><V95/><F95/><AGARI ba="5,1" hai="17,23,24,40,46,47,49,51,55,60,63,88,95,96" machi="95" ten="40,5200,0" yaku="8,1,52,1,54,1" doraHai="84" who="0" fromWho="2" sc="99,77,179,0,577,-67,135,0" />
</Scene>
<Scene>
<INIT seed="4,0,0,3,2,25" ten="176,179,510,135" oya="0" hai0="77,16,134,30,13,59,44,28,91,37,111,49,52" hai1="17,115,74,23,15,47,113,29,50,133,83,94,76" hai2="96,26,97,78,1,81,39,4,10,69,135,82,20" hai3="67,98,112,62,9,100,60,53,51,68,124,72,128"/><T7/><D7/><U75/><E133/><V27/><F69/><W65/><G112/><N who="1" m="43082" /><E94/><V45/><F27/><W131/><G124/><T88/><D77/><U114/><N who="1" m="43090" /><U3/><DORA hai="11" /><E3/><V123/><F135/><W32/><G72/><T33/><D33/><U61/><E61/><N who="3" m="23658" /><G9/><N who="0" m="6191" /><D37/><U41/><E29/><N who="0" m="11369" /><D134/><U121/><E75/><V34/><F34/><W129/><G68/><T70/><D70/><U102/><E102/><V104/><F104/><N who="3" m="63511" /><G32/><T118/><D111/><U57/><E57/><AGARI ba="0,0" hai="51,53,57,65,67,128,129,131" m="63511,23658" machi="57" ten="30,1000,0" yaku="19,1" doraHai="25,11" who="3" fromWho="1" sc="176,0,179,-10,510,0,135,10" />
</Scene>
<Scene>
<INIT seed="5,0,0,3,5,133" ten="176,169,510,145" oya="1" hai0="67,119,114,95,64,126,92,59,23,102,109,85,115" hai1="39,111,84,48,108,33,78,3,2,6,88,83,4" hai2="96,132,82,134,120,29,35,112,106,47,49,50,11" hai3="118,86,123,117,26,76,1,28,79,103,69,34,90"/><U135/><E39/><V122/><F112/><N who="0" m="43050" /><D109/><N who="1" m="42059" /><E135/><N who="2" m="51755" /><F11/><W113/><G113/><T101/><D119/><N who="3" m="45577" /><G69/><T54/><D126/><U56/><E33/><V130/><F130/><W17/><G123/><T8/><D8/><U38/><E38/><V46/><F82/><N who="3" m="49495" /><G103/><N who="0" m="39435" /><D23/><U62/><E48/><V116/><F116/><W22/><G1/><N who="1" m="10" /><E78/><V53/><F106/><W100/><G100/><T104/><D104/><U80/><E80/><V125/><F35/><W16/><G17/><T60/><D85/><U21/><E21/><V107/><F50/><W75/><G75/><T19/><D19/><U10/><E10/><V131/><F107/><W14/><AGARI ba="0,0" hai="14,16,22,26,28,34,76,79" m="49495,45577" machi="14" ten="30,2000,0" yaku="12,1,54,1" doraHai="133" who="3" fromWho="3" sc="176,-5,169,-10,510,-5,145,20" />
</Scene>
<Scene>
<INIT seed="6,0,0,1,3,58" ten="171,159,505,165" oya="2" hai0="73,66,123,92,89,95,46,12,67,104,115,99,2" hai1="29,38,8,47,74,72,118,53,69,33,61,15,37" hai2="131,133,107,93,4,49,59,87,14,26,32,21,50" hai3="62,125,63,83,126,106,110,34,7,17,11,98,111"/><V88/><F107/><W70/><G34/><T48/><D2/><U119/><E29/><V109/><F32/><W108/><G17/><T135/><D104/><U44/><E33/><V132/><F109/><W122/><G83/><T45/><D123/><U105/><E105/><V40/><F131/><W3/><G122/><T68/><D73/><U10/><E53/><V90/><F40/><W78/><G78/><T71/><D135/><N who="2" m="51786" /><F59/><W86/><G86/><T134/><D115/><U24/><E15/><V20/><F20/><W101/><G63/><T84/><D134/><U97/><E97/><V81/><F14/><W124/><G124/><T31/><D31/><U128/><E69/><V6/><F6/><W129/><G129/><T39/><D68/><U18/><E128/><V43/><F43/><W94/><G94/><T64/><D39/><U76/><E18/><N who="2" m="12599" /><F4/><W27/><G27/><T28/><D28/><U77/><E24/><V42/><F42/><W36/><G36/><T13/><D71/><U22/><E22/><V65/><F65/><AGARI ba="0,0" hai="3,7,11,62,65,70,98,101,106,108,110,111,125,126" machi="65" ten="50,6400,0" yaku="23,2,52,1" doraHai="58" who="3" fromWho="2" sc="171,0,159,0,505,-64,165,64" />
</Scene>
<Scene>
<INIT seed="7,0,0,1,5,76" ten="171,159,441,229" oya="3" hai0="54,15,30,99,100,40,102,3,23,59,78,24,17" hai1="103,108,61,105,31,41,126,95,73,22,123,125,71" hai2="68,52,132,19,91,47,62,56,84,43,0,85,93" hai3="66,130,60,37,129,44,97,46,86,70,107,79,28"/><W131/><G28/><T49/><D3/><U112/><E108/><V77/><F0/><W87/><G79/><T21/><D99/><N who="1" m="61695" /><E123/><V128/><F68/><W45/><G37/><T121/><D121/><U29/><E73/><V32/><F32/><W26/><G26/><T16/><D40/><U35/><E112/><V72/><F132/><W118/><G118/><T48/><D49/><U120/><E120/><V110/><F128/><W25/><G25/><T135/><D135/><U116/><E116/><V57/><F57/><W42/><G42/><T81/><REACH who="0" step="1"/><D17/><REACH who="0" ten="161,159,441,229" step="2"/><U82/><E41/><V101/><F101/><AGARI ba="0,1" hai="44,45,46,60,66,70,86,87,97,101,107,129,130,131" machi="101" ten="50,2400,0" yaku="19,1" doraHai="76" who="3" fromWho="2" sc="161,0,159,0,441,-24,229,34" />
</Scene>
<Scene>
<INIT seed="7,1,0,3,5,67" ten="161,159,417,263" oya="3" hai0="82,110,32,85,59,115,7,97,100,78,4,20,13" hai1="62,22,79,61,50,83,95,52,45,99,113,70,49" hai2="114,66,3,10,75,26,21,103,133,93,47,65,68" hai3="96,125,11,37,108,42,105,0,31,77,19,128,33"/><W102/><G128/><T135/><D110/><U40/><E113/><V60/><F75/><W41/><G125/><T119/><D32/><U28/><E70/><V122/><F114/><W87/><G19/><T2/><D119/><U36/><E36/><V25/><F133/><W71/><G87/><T101/><D2/><U88/><E28/><V91/><F103/><W27/><G77/><T15/><D135/><U104/><E104/><V72/><F72/><W69/><G42/><T54/><D115/><U39/><E22/><V120/><F66/><W124/><G124/><T17/><D13/><U92/><E92/><V107/><F107/><W5/><G108/><T58/><D58/><N who="1" m="33047" /><E39/><V46/><F10/><W121/><G121/><N who="2" m="46697" /><F3/><W55/><G55/><T9/><D97/><U63/><E79/><V1/><F1/><W94/><G94/><T38/><D38/><U23/><E23/><V118/><F118/><W111/><G111/><T53/><D53/><U34/><E34/><V84/><F26/><W109/><REACH who="3" step="1"/><G109/><REACH who="3" ten="161,159,417,253" step="2"/><T106/><D106/><U56/><E83/><V123/><F123/><W116/><G116/><T127/><D127/><U48/><E48/><V80/><F93/><W29/><G29/><AGARI ba="1,1" hai="21,25,29,46,47,60,65,68,80,84,91" m="46697" machi="29" ten="30,2000,0" yaku="13,1,52,1" doraHai="67" who="2" fromWho="3" sc="161,0,159,0,417,33,253,-23" owari="161,-24.0,159,-34.0,450,55.0,230,3.0" />
</Scene>
</mjloggm>