<mjloggm ver="2.3"><GO type="169" lobby="0"/><UN n0="%E8%A1%80%E7%85%99" n1="%E6%AE%8B%E5%B0%BF%E6%84%9F%E3%81%AA%E3%81%84%EF%BC%9F" n2="%E5%A4%AA%E3%81%8F%E3%81%AA%E3%81%84%E3%81%8A" n3="%68%6F%73%69%67%61%6D%69" dan="16,17,18,16" rate="2038.75,2220.37,2238.05,2116.27" sx="M,F,F,M"/><TAIKYOKU oya="0"/>

<Scene>
<INIT seed="0,0,0,0,1,7" ten="250,250,250,250" oya="0" hai0="29,101,43,48,81,18,61,127,135,10,4,78,109" hai1="129,74,94,16,23,39,73,116,90,132,47,45,17" hai2="21,70,54,34,100,121,59,65,124,41,83,89,19" hai3="3,67,27,104,75,11,53,119,42,38,131,107,24"/><T13/><D127/><U15/><E116/><V120/><F34/><W134/><G119/><T37/><D135/><U87/><E132/><V64/><F124/><W133/><G131/><T108/><D101/><U128/><E39/><V30/><F30/><W96/><G67/><T71/><D37/><U102/><E102/><V20/><F41/><W63/><G75/><T115/><D115/><U103/><E103/><V55/><F100/><W77/><G77/><T110/><D29/><U25/><E74/><V52/><F70/><W97/><G38/><T85/><D71/><U14/><E73/><V6/><F6/><W72/><G72/><T68/><D68/><U32/><E32/><V80/><F89/><W105/><G105/><T106/><D61/><U44/><REACH who="1" step="1"/><E25/><REACH who="1" ten="250,240,250,250" step="2"/><V117/><F117/><W82/><G27/><T114/><D106/><U35/><E35/><V31/><F120/><W62/><G24/><T40/><D114/><U99/><E99/><V49/><F121/><W118/><G118/><T130/><D130/><U9/><AGARI ba="0,1" hai="9,14,15,16,17,23,44,45,47,87,90,94,128,129" machi="9" ten="30,7900,0" yaku="1,1,0,1,52,1,54,1,53,0" doraHai="7" doraHaiUra="93" who="1" fromWho="1" sc="250,-39,240,89,250,-20,250,-20" />
</Scene>
<Scene>
<INIT seed="1,0,0,1,0,112" ten="211,329,230,230" oya="1" hai0="132,72,46,49,62,41,43,13,8,97,96,125,3" hai1="129,98,128,113,6,85,111,12,79,118,66,99,126" hai2="63,116,95,17,44,64,122,36,47,54,55,31,52" hai3="26,90,131,16,115,27,15,73,71,83,82,14,51"/><U48/><E118/><V87/><F122/><W42/><G115/><T103/><D72/><U102/><E66/><V109/><F109/><W117/><G71/><T80/><D3/><U9/><E113/><V70/><F31/><W7/><G131/><N who="1" m="50250" /><E126/><V134/><F134/><W127/><G127/><T110/><D110/><U61/><E111/><V23/><F116/><W2/><G2/><T101/><D125/><U33/><E33/><V53/><N who="2" m="13312" /><DORA hai="78" /><V92/><F87/><W94/><G73/><T135/><D62/><U68/><E48/><V39/><F47/><N who="3" m="26103" /><G117/><T108/><D108/><U58/><E68/><V100/><F100/><W67/><G67/><T89/><D43/><U123/><E123/><V37/><REACH who="2" step="1"/><F44/><REACH who="2" ten="211,329,220,230" step="2"/><W24/><G7/><T1/><D135/><U21/><E102/><V107/><F107/><W60/><G60/><T50/><D103/><U106/><E106/><V28/><F28/><W29/><G29/><T10/><D101/><U69/><E61/><V20/><F20/><N who="3" m="11295" /><G14/><AGARI ba="0,1" hai="14,17,23,36,37,39,63,64,70,92,95" m="13312" machi="14" ten="60,8000,1" yaku="1,1,54,1,53,2" doraHai="112,78" doraHaiUra="88,130" who="2" fromWho="3" sc="211,0,329,0,220,90,230,-80" />
</Scene>
<Scene>
<INIT seed="2,0,0,2,5,57" ten="211,329,310,150" oya="2" hai0="13,83,119,32,132,22,11,67,26,130,106,56,49" hai1="0,53,100,42,120,27,40,127,17,19,117,94,18" hai2="3,45,28,129,91,85,125,75,30,134,47,93,96" hai3="48,89,10,82,77,87,25,60,81,71,110,111,59"/><V14/><F3/><W55/><G10/><T50/><D106/><U124/><E117/><V90/><F75/><W43/><G43/><T107/><D107/><U101/><E0/><V15/><F125/><N who="1" m="48201" /><E120/><V69/><F69/><W73/><G25/><T135/><D32/><U88/><E27/><V133/><F129/><W109/><REACH who="3" step="1"/><G71/><REACH who="3" ten="211,329,310,140" step="2"/><T20/><D26/><U102/><E53/><V36/><F36/><W29/><G29/><T74/><D11/><U62/><E62/><AGARI ba="0,1" hai="48,55,59,60,62,73,77,81,82,87,89,109,110,111" machi="62" ten="40,8000,1" yaku="1,1,14,1,52,2,53,1" doraHai="57" doraHaiUra="51" who="3" fromWho="1" sc="211,0,329,-80,310,0,140,90" />
</Scene>
<Scene>
<INIT seed="3,0,0,3,0,0" ten="211,249,310,230" oya="3" hai0="17,76,35,84,114,5,52,130,37,2,15,107,1" hai1="113,87,100,102,59,126,13,127,134,50,96,7,41" hai2="72,120,116,4,122,69,98,81,57,109,31,68,8" hai3="110,125,77,73,92,12,131,123,39,111,30,21,112"/><W129/><G39/><T103/><D37/><U10/><E113/><V36/><F116/><W97/><G30/><T44/><D35/><U133/><E87/><V58/><F36/><W108/><G21/><T93/><D130/><N who="3" m="49673" /><G12/><T16/><D114/><U89/><E89/><V28/><F109/><W75/><G112/><T19/><D107/><N who="1" m="63879" /><E102/><V18/><F18/><W6/><G6/><T67/><D67/><U70/><E70/><V51/><F28/><W32/><G32/><T80/><D103/><U3/><E3/><V105/><F31/><W124/><G123/><T82/><D93/><U27/><E27/><V106/><F4/><W78/><G78/><T33/><D33/><U49/><E41/><V118/><F118/><W128/><N who="3" m="49681" /><W66/><DORA hai="121" /><G66/><T101/><D101/><U45/><E59/><V46/><F122/><W135/><G135/><N who="1" m="51722" /><E45/><V9/><F120/><W29/><G29/><T90/><D2/><U54/><E54/><V60/><F105/><W83/><G73/><T42/><D42/><U79/><E79/><V86/><F72/><W115/><G115/><T48/><D1/><U85/><E85/><V26/><F106/><W22/><G22/><T63/><D63/><U53/><E53/><V56/><F60/><W61/><G61/><T99/><D5/><U34/><E34/><V104/><F104/><W88/><AGARI ba="0,0" hai="75,77,83,88,92,97,108,110,111,124,125" m="49681" machi="88" ten="50,24000,3" yaku="14,1,10,1,19,1,34,2,52,3,54,1" doraHai="0,121" who="3" fromWho="3" sc="211,-80,249,-80,310,-80,230,240" />
</Scene>
<Scene>
<INIT seed="3,1,0,5,4,87" ten="131,169,230,470" oya="3" hai0="20,110,73,63,36,62,135,125,94,39,132,8,103" hai1="123,10,106,66,5,120,84,121,48,118,59,47,24" hai2="41,34,40,71,17,119,76,117,126,51,60,82,70" hai3="65,13,32,33,134,83,128,55,0,101,23,129,74"/><W90/><G0/><T53/><D73/><U43/><E118/><V92/><F34/><W112/><G112/><T68/><D8/><U29/><E106/><V104/><F104/><W61/><G134/><T42/><D103/><U46/><E66/><V95/><F51/><W113/><G113/><T14/><D20/><U115/><E115/><V25/><F25/><W26/><G101/><T122/><D94/><U28/><E59/><V105/><F105/><W9/><G55/><T102/><D102/><U11/><E47/><V64/><F17/><W27/><G33/><T89/><D14/><U31/><E24/><V77/><F64/><W130/><G32/><T54/><D42/><U2/><E11/><V91/><F82/><W86/><G74/><T19/><D122/><U85/><AGARI ba="1,0" hai="2,5,10,28,29,31,43,46,48,84,85,120,121,123" machi="85" ten="40,1500,0" yaku="0,1" doraHai="87" who="1" fromWho="1" sc="131,-5,169,18,230,-5,470,-8" />
</Scene>
<Scene>
<INIT seed="4,0,0,4,3,62" ten="126,187,225,462" oya="0" hai0="87,55,36,92,94,39,21,40,77,67,106,52,100" hai1="43,27,72,11,50,115,95,129,127,113,64,8,117" hai2="123,20,107,74,18,109,99,112,54,61,118,29,37" hai3="105,47,30,93,75,70,26,76,34,126,68,122,25"/><T82/><D106/><U16/><E117/><V56/><F123/><W45/><G105/><T10/><D39/><U51/><E72/><V80/><F109/><W71/><G122/><T12/><D36/><U5/><E127/><V15/><F37/><W96/><G126/><T89/><D40/><U24/><E129/><V42/><F118/><W14/><G75/><T33/><D33/><U120/><E120/><V63/><F42/><W65/><G76/><T84/><D67/><U13/><E64/><V41/><F41/><W6/><G25/><N who="1" m="9802" /><E95/><V135/><F29/><W48/><G65/><T0/><D21/><U88/><E88/><V128/><F128/><W116/><G116/><T73/><D0/><N who="1" m="39" /><E43/><V102/><F74/><W59/><G59/><T79/><D77/><U22/><E51/><V66/><F80/><W4/><G48/><T23/><D23/><U133/><E50/><V28/><F28/><W38/><G38/><T78/><D79/><U125/><E125/><V35/><F35/><W3/><G34/><T91/><REACH who="0" step="1"/><D100/><REACH who="0" ten="116,187,225,462" step="2"/><U2/><E133/><V134/><REACH who="2" step="1"/><F112/><REACH who="2" ten="116,187,215,462" step="2"/><W132/><G132/><T60/><D60/><U31/><E31/><V46/><F46/><W108/><G45/><T111/><D111/><U124/><E124/><V17/><F17/><AGARI ba="0,2" hai="10,12,17,52,55,73,78,82,84,87,89,91,92,94" machi="17" ten="30,18000,2" yaku="1,1,7,1,9,1,54,1,53,2" doraHai="62" doraHaiUra="86" who="0" fromWho="2" sc="116,200,187,0,215,-180,462,0" />
</Scene>
<Scene>
<INIT seed="4,1,0,3,4,45" ten="316,187,35,462" oya="0" hai0="58,33,1,4,38,54,47,57,133,11,23,104,97" hai1="42,0,96,40,67,36,78,66,110,68,103,64,118" hai2="132,53,51,125,113,101,34,106,56,73,60,75,108" hai3="25,115,100,71,65,8,41,55,128,69,24,9,120"/><T92/><D33/><U82/><E118/><V126/><F34/><W44/><G115/><T90/><D133/><U79/><E0/><V39/><F108/><W31/><G128/><T112/><D112/><U30/><E30/><V70/><F113/><W35/><G120/><T14/><D104/><U48/><E36/><V91/><F39/><W93/><G24/><T95/><D38/><U37/><E37/><V94/><F132/><W98/><G41/><T3/><D47/><U21/><E68/><V7/><F7/><W76/><G76/><T2/><D23/><U111/><E110/><V102/><F106/><W114/><G114/><T13/><D13/><U83/><E111/><V18/><F18/><W130/><G130/><T129/><D129/><U107/><E21/><V43/><F43/><W86/><G86/><T85/><REACH who="0" step="1"/><D54/><REACH who="0" ten="306,187,35,462" step="2"/><U59/><E107/><V26/><F26/><W29/><G25/><T46/><D46/><U135/><E135/><V12/><F12/><W16/><G44/><T49/><D49/><U122/><E122/><V50/><F102/><AGARI ba="1,1" hai="1,2,3,4,11,14,57,58,85,90,92,95,97,102" machi="102" ten="40,3900,0" yaku="1,1,53,1" doraHai="45" doraHaiUra="81" who="0" fromWho="2" sc="306,52,187,0,35,-42,462,0" owari="358,16.0,187,-21.0,-7,-51.0,462,56.0" />
</Scene>
</mjloggm>