<mjloggm ver="2.3"><GO type="169" lobby="0"/><UN n0="%E3%83%92%E3%83%AB%E3%83%99%E3%83%AB%E3%83%88" n1="%74%79%64%79" n2="%E5%A4%AA%E3%81%8F%E3%81%AA%E3%81%84%E3%81%8A" n3="%7A%65%6C%64%65%6E" dan="18,16,18,19" rate="2286.55,2087.47,2251.67,2281.59" sx="M,M,M,M"/><TAIKYOKU oya="0"/>

<Scene>
<INIT seed="0,0,0,4,4,122" ten="250,250,250,250" oya="0" hai0="99,54,87,22,90,2,117,62,30,94,130,43,111" hai1="41,84,28,96,66,100,78,77,131,17,123,44,76" hai2="53,67,4,35,20,128,92,80,118,121,21,46,57" hai3="59,125,13,33,65,98,104,116,69,107,106,64,132"/><T31/><D117/><U51/><E123/><V114/><F121/><W91/><G116/><T11/><D130/><U115/><E131/><V9/><F35/><W49/><G33/><T73/><D73/><U134/><E28/><V47/><F114/><W83/><G125/><T82/><D43/><U97/><E115/><V3/><F128/><W63/><G132/><T55/><D111/><U7/><E7/><V79/><F118/><W127/><G127/><T133/><D133/><U129/><E129/><V95/><F67/><W27/><G27/><T93/><D93/><U102/><E66/><V103/><F21/><W26/><G26/><T19/><D11/><U109/><E109/><V60/><F20/><W113/><G113/><T72/><D72/><U112/><E112/><V108/><F108/><W36/><G36/><T6/><D6/><U81/><E17/><V68/><F68/><W105/><G13/><N who="0" m="9583" /><D2/><U10/><E10/><V86/><F95/><W120/><G106/><T74/><D74/><U15/><E15/><V70/><F70/><W42/><G42/><T25/><D25/><U8/><E8/><V88/><REACH who="2" step="1"/><F103/><REACH who="2" ten="250,250,240,250" step="2"/><N who="1" m="39465" /><E134/><V56/><F56/><W18/><G59/><N who="0" m="35191" /><D55/><U89/><AGARI ba="0,1" hai="41,44,51,76,77,78,81,84,89,96,97" m="39465" machi="89" ten="30,1100,0" yaku="8,1" doraHai="122" who="1" fromWho="1" sc="250,-5,250,21,240,-3,250,-3" />
</Scene>
<Scene>
<INIT seed="1,0,0,3,3,135" ten="245,271,237,247" oya="1" hai0="132,22,4,5,112,1,80,95,8,49,31,52,51" hai1="92,116,48,29,60,28,87,38,122,18,43,45,19" hai2="46,105,84,41,82,66,86,127,134,88,59,73,99" hai3="91,17,2,39,133,96,27,36,101,33,20,70,10"/><U126/><E116/><V89/><F134/><W44/><G133/><T131/><D112/><U117/><E117/><V107/><F73/><W16/><G70/><T11/><D131/><U69/><E122/><V61/><F127/><W110/><G110/><T50/><D132/><U23/><E126/><V103/><F105/><W47/><G91/><T3/><D95/><U42/><E38/><V67/><F67/><W72/><G72/><T54/><REACH who="0" step="1"/><D80/><REACH who="0" ten="235,271,237,247" step="2"/><U40/><E92/><V32/><F32/><W21/><G33/><T57/><D57/><U83/><E69/><V26/><F26/><AGARI ba="0,1" hai="1,3,4,5,8,11,22,26,31,49,50,51,52,54" machi="26" ten="40,5200,0" yaku="1,1,9,1,54,1,53,0" doraHai="135" doraHaiUra="62" who="0" fromWho="2" sc="235,62,271,0,237,-52,247,0" />
</Scene>
<Scene>
<INIT seed="2,0,0,4,4,6" ten="297,271,185,247" oya="2" hai0="110,52,109,56,41,87,34,64,28,38,132,11,120" hai1="116,86,4,71,101,9,82,75,47,24,73,125,114" hai2="57,128,126,49,30,133,3,93,51,12,107,1,48" hai3="45,103,27,43,95,70,19,39,37,122,91,40,16"/><V63/><F107/><W83/><G122/><T89/><D64/><U90/><E114/><V88/><F126/><W50/><G70/><T123/><D34/><U42/><E71/><V22/><F128/><W66/><G66/><T111/><D28/><U119/><E125/><V61/><F133/><W106/><G106/><T0/><D132/><U8/><E101/><V134/><F134/><W59/><G103/><T130/><D41/><U96/><E96/><V94/><F94/><W77/><G59/><T67/><D67/><U127/><E127/><V17/><F30/><W72/><G27/><T115/><D38/><U102/><E102/><V108/><F108/><W129/><G129/><T76/><D76/><U13/><E24/><V46/><F46/><W74/><G74/><T65/><D65/><U32/><E32/><V117/><F117/><W78/><G78/><T124/><D115/><U26/><E26/><V44/><F44/><W131/><G131/><T31/><D31/><U113/><E113/><V14/><F14/><W104/><G104/><T84/><D124/><U33/><E33/><V2/><REACH who="2" step="1"/><F57/><REACH who="2" ten="297,271,175,247" step="2"/><W54/><G45/><T25/><D130/><U118/><E47/><V81/><F81/><W5/><G95/><N who="0" m="54695" /><D25/><U121/><E42/><V53/><F53/><W62/><G43/><T80/><D52/><U36/><E36/><V69/><F69/><W29/><G40/><T58/><D56/><U97/><E119/><V21/><F21/><W99/><G39/><T35/><D58/><U79/><E118/><V60/><F60/><W10/><G37/><T68/><D35/><RYUUKYOKU ba="0,1" sc="297,-10,271,-10,175,30,247,-10" hai2="1,2,3,12,17,22,48,49,51,61,63,88,93" />
</Scene>
<Scene>
<INIT seed="2,1,1,2,2,29" ten="287,261,205,237" oya="2" hai0="68,14,91,84,125,105,25,98,18,109,82,72,34" hai1="50,126,124,75,79,9,5,7,52,16,41,62,96" hai2="113,28,71,131,66,134,119,115,60,30,128,48,127" hai3="103,100,47,67,92,73,99,101,64,53,37,21,97"/><V20/><F119/><W10/><G73/><T27/><D68/><U86/><E96/><V93/><F127/><N who="1" m="48681" /><E75/><V70/><F134/><W74/><G74/><T116/><D116/><U81/><E62/><V133/><F133/><W132/><G132/><T77/><D125/><U69/><E41/><V56/><F93/><W8/><G21/><T11/><D109/><U45/><E69/><N who="2" m="26123" /><F20/><W22/><G22/><T36/><D36/><U114/><E114/><N who="2" m="43531" /><F28/><W6/><G10/><T83/><D105/><U87/><E87/><V12/><F12/><AGARI ba="1,1" hai="5,7,9,12,16,45,50,52,79,81,86" m="48681" machi="12" ten="30,3900,0" yaku="18,1,54,2" doraHai="29" who="1" fromWho="2" sc="287,0,261,52,205,-42,237,0" />
</Scene>
<Scene>
<INIT seed="3,0,0,0,3,122" ten="287,313,163,237" oya="3" hai0="30,63,50,67,11,38,14,110,128,69,23,10,26" hai1="52,118,66,76,103,48,8,40,4,112,107,21,56" hai2="97,51,9,120,116,88,17,93,25,111,41,27,98" hai3="130,117,82,126,84,57,109,96,135,91,123,2,7"/><W119/><G2/><T55/><D128/><U6/><E112/><V95/><F116/><N who="3" m="44619" /><G7/><T33/><D38/><U3/><E6/><V12/><F120/><W131/><G57/><T71/><D71/><U94/><E107/><V45/><REACH who="2" step="1"/><F111/><REACH who="2" ten="287,313,153,237" step="2"/><W115/><G123/><T99/><D110/><U83/><E118/><V68/><F68/><W125/><G109/><T36/><D36/><U34/><E3/><V16/><F16/><W44/><G115/><T32/><D10/><U62/><E8/><V64/><F64/><W86/><G135/><T121/><D121/><U37/><E66/><V104/><F104/><W42/><G130/><T87/><D11/><U79/><E37/><V60/><F60/><W35/><G131/><T22/><D63/><U89/><E62/><V75/><F75/><W108/><G108/><T43/><D67/><U77/><E4/><V80/><F80/><W65/><G65/><T13/><D69/><U132/><E83/><V20/><F20/><W72/><G72/><T59/><D23/><U74/><E74/><V49/><F49/><W105/><G82/><T18/><D22/><U61/><E61/><V90/><AGARI ba="0,1" hai="9,12,17,25,27,41,45,51,88,90,93,95,97,98" machi="90" ten="20,12000,2" yaku="1,1,0,1,7,1,9,1,8,1,54,1,53,0" doraHai="122" doraHaiUra="28" who="2" fromWho="2" sc="287,-30,313,-30,153,130,237,-60" />
</Scene>
<Scene>
<INIT seed="4,0,0,5,4,120" ten="257,283,283,177" oya="0" hai0="22,132,99,7,78,65,8,33,45,98,55,128,103" hai1="24,51,53,32,47,91,108,61,105,106,107,31,101" hai2="131,74,43,64,122,18,4,20,34,1,40,0,121" hai3="14,68,83,119,59,71,30,112,110,134,49,85,123"/><T126/><D33/><U118/><E118/><V104/><F104/><W87/><G119/><T39/><D126/><U6/><E6/><V100/><F100/><W25/><G123/><T125/><D125/><U28/><E28/><V69/><F74/><W67/><G112/><T21/><D132/><U70/><E91/><V48/><F34/><W129/><G134/><T27/><D128/><U37/><E37/><V130/><F69/><W95/><G129/><N who="2" m="49161" /><F64/><W16/><G110/><T115/><D115/><U88/><E88/><V111/><F111/><W76/><G95/><T113/><D113/><U89/><E89/><V5/><F5/><W44/><G87/><T3/><D65/><N who="1" m="41263" /><E108/><V116/><F116/><W75/><G75/><T62/><D62/><U15/><E15/><N who="2" m="9311" /><F0/><W81/><G81/><T97/><D78/><U35/><E35/><V73/><F73/><W2/><G2/><T77/><D77/><U17/><E17/><V114/><F114/><W50/><G59/><T36/><D103/><U56/><E56/><V23/><F1/><W54/><G50/><T82/><D82/><U93/><E93/><V13/><F4/><W124/><G67/><T38/><REACH who="0" step="1"/><D27/><REACH who="0" ten="247,283,283,177" step="2"/><U117/><E117/><V96/><F122/><W92/><G124/><T11/><D11/><U19/><E101/><V58/><F121/><W66/><G66/><T29/><D29/><U9/><E9/><V52/><F96/><W41/><G25/><T86/><D86/><U109/><E109/><V72/><F72/><W26/><G26/><T12/><D12/><U133/><E133/><V94/><F94/><RYUUKYOKU ba="0,1" sc="247,10,283,10,283,10,177,-30" hai0="3,7,8,21,22,36,38,39,45,55,97,98,99" hai1="19,24,31,32,47,51,53,105,106,107" hai2="13,23,40,43,48,52,58" />
</Scene>
<Scene>
<INIT seed="4,1,1,1,5,128" ten="257,293,293,147" oya="0" hai0="17,73,135,102,32,50,89,53,134,3,37,36,75" hai1="125,106,80,115,76,42,56,10,40,59,96,1,38" hai2="108,84,109,18,29,81,12,49,127,94,113,9,68" hai3="48,2,51,23,62,95,45,74,26,41,31,30,14"/><T83/><D89/><U28/><E28/><V69/><F113/><W60/><G2/><T13/><D3/><U85/><E115/><V5/><F127/><W54/><G74/><T131/><D32/><U8/><E38/><N who="0" m="14953" /><D102/><U21/><E1/><V11/><F29/><W92/><G30/><T93/><D93/><U22/><E106/><V104/><F104/><W79/><G79/><T67/><D83/><U112/><E112/><V52/><F94/><W88/><G92/><T110/><D67/><U57/><E96/><V78/><F68/><W34/><G14/><T24/><D24/><U87/><E125/><V126/><F69/><W15/><G15/><T63/><D63/><U111/><E80/><V77/><F126/><W55/><G34/><T123/><D123/><U122/><E122/><V90/><F109/><W132/><G60/><T101/><D101/><U6/><E111/><V129/><F108/><W47/><G62/><T100/><D100/><U105/><E105/><V97/><F97/><W82/><G82/><T25/><D25/><U114/><E114/><V130/><F129/><W120/><G120/><T7/><D110/><U133/><E76/><V43/><F130/><W35/><G35/><T64/><D7/><U124/><E124/><V118/><F78/><W66/><G66/><T39/><D64/><U107/><E107/><V65/><F77/><W119/><G119/><T46/><D131/><U4/><E59/><V58/><F81/><W0/><G0/><T61/><N who="0" m="14961" /><T71/><DORA hai="44" /><D71/><U27/><E27/><V20/><F65/><W33/><G26/><RYUUKYOKU ba="1,1" sc="257,-10,293,30,293,-10,147,-10" hai1="4,6,8,10,21,22,40,42,56,57,85,87,133" />
</Scene>
<Scene>
<INIT seed="5,2,1,3,0,52" ten="247,323,283,137" oya="1" hai0="106,134,19,5,8,26,99,37,57,77,2,45,110" hai1="33,132,101,130,49,94,17,50,127,36,92,25,9" hai2="48,75,55,51,116,123,100,23,73,15,122,82,93" hai3="61,103,87,69,119,121,104,29,76,40,47,84,86"/><U62/><E36/><V109/><F109/><W21/><G121/><T128/><D110/><U59/><E132/><V129/><F116/><W107/><G119/><T90/><D134/><U91/><E130/><V35/><F35/><W98/><G76/><T115/><D115/><U111/><E127/><V135/><F135/><W46/><G104/><T133/><D128/><U1/><E1/><V97/><F129/><W65/><REACH who="3" step="1"/><G40/><REACH who="3" ten="247,323,283,127" step="2"/><T28/><D133/><U72/><E111/><V126/><F123/><W60/><G60/><T14/><D77/><U22/><E72/><V112/><F122/><W42/><G42/><T6/><D106/><U58/><E62/><V32/><F75/><W39/><G39/><T113/><D37/><U7/><E33/><V108/><F73/><W95/><G95/><T11/><D113/><U13/><E94/><V10/><F32/><W70/><G70/><T96/><D5/><U83/><E83/><V66/><F82/><W79/><G79/><T30/><D6/><U41/><E41/><V117/><F112/><W4/><G4/><T12/><D2/><U34/><E34/><V78/><F78/><W20/><G20/><T85/><D8/><U54/><E92/><V53/><F93/><W81/><G81/><T125/><D11/><U24/><E9/><V118/><F118/><W102/><G102/><T88/><D85/><U43/><E101/><V16/><F100/><W67/><G67/><T38/><D38/><U18/><E7/><V71/><F117/><W74/><G74/><T63/><D63/><U56/><E43/><V64/><F10/><RYUUKYOKU ba="2,2" sc="247,-10,323,-10,283,-10,127,30" hai3="21,29,46,47,61,65,69,84,86,87,98,103,107" />
</Scene>
<Scene>
<INIT seed="6,3,2,0,5,134" ten="237,313,273,157" oya="2" hai0="99,12,132,41,21,124,14,103,5,57,87,35,34" hai1="58,116,6,59,93,18,31,119,47,72,123,104,110" hai2="92,105,94,27,17,125,97,25,46,30,7,43,126" hai3="83,38,118,52,26,10,28,32,78,56,74,15,0"/><V49/><F7/><W51/><G38/><T3/><D132/><U60/><E110/><V135/><F135/><W39/><G39/><T90/><D41/><U102/><E72/><V45/><F105/><W71/><G71/><T122/><D122/><U19/><E123/><V76/><F76/><W95/><G95/><T111/><D111/><U65/><E104/><V48/><F17/><W80/><G80/><T16/><D3/><U117/><E6/><V75/><F75/><W109/><G109/><T29/><D29/><U129/><E47/><V53/><F27/><W50/><G118/><T82/><D124/><N who="2" m="47722" /><F97/><W130/><G130/><T121/><D121/><U44/><E129/><V4/><F4/><W63/><REACH who="3" step="1"/><G0/><REACH who="3" ten="237,313,273,147" step="2"/><T62/><D82/><U91/><E119/><V115/><F115/><W2/><G2/><T98/><D103/><U89/><E117/><V84/><F84/><W36/><G36/><T86/><D87/><U113/><E113/><V24/><F24/><W128/><G128/><T66/><D99/><U22/><E116/><V133/><F133/><W106/><G106/><T23/><D98/><U33/><E102/><V67/><F67/><W79/><G79/><T13/><D86/><U107/><E65/><V131/><F131/><W127/><G127/><T69/><D66/><U114/><E107/><V68/><F68/><W42/><G42/><T61/><D69/><U9/><E114/><V70/><F70/><W64/><G64/><T11/><D90/><U112/><E112/><V96/><F96/><W37/><G37/><T108/><D108/><U101/><E101/><RYUUKYOKU ba="3,3" sc="237,-15,313,-15,273,15,147,15" hai2="25,30,43,45,46,48,49,53,92,94" hai3="10,15,26,28,32,50,51,52,56,63,74,78,83" />
</Scene>
<Scene>
<INIT seed="6,4,3,4,4,39" ten="222,298,288,162" oya="2" hai0="79,113,35,87,41,51,123,33,2,134,132,26,120" hai1="110,99,81,91,93,121,76,75,65,112,92,69,18" hai2="70,80,45,43,115,48,27,135,3,17,10,32,61" hai3="8,78,12,83,129,103,96,128,66,22,71,130,117"/><V47/><F115/><W28/><G117/><T94/><D2/><U133/><E110/><V125/><F125/><W19/><G66/><T104/><D104/><U13/><E112/><V16/><F135/><N who="0" m="51754" /><D113/><U111/><E111/><V25/><F80/><W67/><G67/><T77/><D94/><U56/><E133/><V20/><F70/><W102/><G71/><T105/><D105/><U73/><E69/><V29/><F61/><W122/><G122/><N who="0" m="46635" /><D26/><U37/><E121/><V127/><F127/><W6/><G28/><T50/><D87/><U60/><E93/><V118/><F118/><W53/><G53/><T64/><D64/><U24/><E24/><V62/><F62/><W4/><G96/><T108/><D41/><U89/><E75/><V106/><F106/><W63/><G63/><T54/><D51/><U49/><E49/><V42/><F3/><N who="3" m="31" /><G6/><T30/><D30/><U126/><E126/><V82/><F82/><W68/><G68/><T101/><D101/><U72/><E72/><AGARI ba="4,3" hai="12,19,22,72,78,83,102,103,128,129,130" m="31" machi="72" ten="30,1000,0" yaku="19,1" doraHai="39" who="3" fromWho="1" sc="222,0,298,-22,288,0,162,52" />
</Scene>
<Scene>
<INIT seed="7,0,0,0,2,98" ten="222,276,288,214" oya="3" hai0="58,118,40,100,33,80,85,99,28,10,105,73,36" hai1="89,14,110,64,91,103,5,60,88,81,50,131,106" hai2="54,7,123,63,47,46,93,109,119,66,18,121,90" hai3="44,34,17,16,62,23,55,13,133,134,113,15,9"/><W51/><G34/><T65/><D118/><U135/><E110/><V32/><F109/><W27/><G113/><T4/><D73/><U124/><E124/><V71/><F119/><W107/><G107/><T1/><D36/><U19/><E5/><V20/><F7/><W6/><REACH who="3" step="1"/><G62/><REACH who="3" ten="222,276,288,204" step="2"/><T21/><D33/><U122/><E106/><V42/><F32/><W59/><G59/><T120/><D120/><U101/><E122/><V25/><F123/><W104/><G104/><T92/><D105/><U128/><E60/><V48/><F121/><W70/><G70/><T12/><D58/><U26/><E131/><V129/><F129/><W11/><AGARI ba="0,1" hai="6,9,11,13,15,16,17,23,27,44,51,55,133,134" machi="11" ten="30,6000,0" yaku="1,1,0,1,54,1,53,0" doraHai="98" doraHaiUra="79" who="3" fromWho="3" sc="222,-20,276,-20,288,-20,204,70" />
</Scene>
<Scene>
<INIT seed="7,1,0,4,0,83" ten="202,256,268,274" oya="3" hai0="49,18,32,68,107,121,73,88,119,20,92,87,38" hai1="17,1,105,125,64,52,106,59,78,51,128,90,21" hai2="6,4,24,41,37,95,33,127,40,70,113,74,11" hai3="36,98,75,112,114,46,94,72,86,53,12,120,134"/><W131/><G120/><T44/><D119/><U100/><E1/><V110/><F110/><W26/><G134/><T57/><D121/><U54/><E64/><V69/><F74/><W117/><G117/><T50/><D73/><U14/><E78/><V9/><F95/><W109/><G109/><T0/><D0/><U8/><E125/><V79/><F79/><W67/><G131/><T34/><D68/><U108/><E108/><V22/><F33/><W13/><G67/><T103/><D38/><U16/><E128/><V48/><F37/><W25/><G13/><N who="0" m="9295" /><D107/><U118/><E118/><V122/><F122/><W97/><G12/><T102/><D32/><U101/><E106/><V130/><F130/><W62/><G75/><T123/><D34/><U96/><E101/><V115/><F48/><N who="3" m="28823" /><G62/><T133/><D133/><U27/><E54/><V84/><F127/><W116/><G36/><T82/><D123/><U85/><E105/><V58/><F58/><W91/><G72/><T28/><D28/><U99/><E100/><N who="0" m="38441" /><D44/><U55/><E55/><V89/><F69/><W2/><G2/><T93/><D57/><U42/><E42/><V111/><F70/><W23/><G116/><T71/><D71/><U15/><E15/><V124/><F124/><W35/><G26/><T61/><D61/><U29/><E29/><N who="2" m="17559" /><F111/><W135/><G35/><T3/><D3/><U43/><E43/><V132/><F132/><W56/><G56/><T7/><D7/><N who="2" m="2602" /><F41/><W31/><G135/><T47/><D49/><U39/><E39/><V19/><F40/><AGARI ba="1,0" hai="40,47,50,82,87,88,92,93" m="38441,9295" machi="40" ten="30,3900,0" yaku="8,1,52,1,54,1" doraHai="83" who="0" fromWho="2" sc="202,42,256,0,268,-42,274,0" />
</Scene>
<Scene>
<INIT seed="8,0,0,3,3,120" ten="244,256,226,274" oya="0" hai0="81,37,88,41,71,17,46,66,28,135,87,47,27" hai1="48,22,9,83,111,25,90,77,69,23,117,29,97" hai2="1,102,62,82,125,63,91,70,127,93,42,89,39" hai3="60,58,5,52,56,112,33,95,64,7,114,76,101"/><T13/><D135/><U132/><E69/><V54/><F1/><W98/><G33/><T32/><D46/><U67/><E67/><V107/><F107/><W130/><G130/><T96/><D96/><U108/><E132/><V78/><F39/><W110/><G110/><T134/><D134/><U122/><E122/><V24/><F42/><W14/><G76/><T104/><D104/><U38/><E38/><V126/><F24/><W30/><G30/><T131/><D131/><U26/><E48/><V61/><F70/><W12/><G112/><T49/><D71/><U59/><E59/><V34/><F34/><W73/><G73/><T43/><D66/><U109/><E9/><V68/><F68/><W118/><G118/><T40/><REACH who="0" step="1"/><D37/><REACH who="0" ten="234,256,226,274" step="2"/><U2/><E97/><N who="2" m="59695" /><F54/><W119/><G119/><T65/><D65/><U128/><E117/><V31/><F31/><W36/><G36/><T4/><D4/><N who="3" m="1609" /><G114/><T79/><D79/><U113/><E113/><V11/><F11/><AGARI ba="0,1" hai="11,13,17,27,28,32,40,41,43,47,49,81,87,88" machi="11" ten="30,11600,0" yaku="1,1,7,1,54,1,53,1" doraHai="120" doraHaiUra="6" who="0" fromWho="2" sc="234,126,256,0,226,-116,274,0" owari="360,46.0,256,-14.0,110,-39.0,274,7.0" />
</Scene>
</mjloggm>