<mjloggm ver="2.3"><GO type="169" lobby="0"/><UN n0="%E3%83%8A%E3%82%AB%E3%83%9E%E3%82%B9%E3%83%86%E3%82%A3%E3%83%95" n1="%7A%61%63%63" n2="%E5%A4%AA%E3%81%8F%E3%81%AA%E3%81%84%E3%81%8A" n3="%E3%83%AB%E3%82%BF%E3%82%B9%E3%82%B1" dan="16,17,18,16" rate="2071.92,2171.85,2248.64,2027.33" sx="M,F,M,M"/><TAIKYOKU oya="0"/>

<Scene>
<INIT seed="0,0,0,1,3,133" ten="250,250,250,250" oya="0" hai0="15,96,91,71,22,5,57,94,2,46,111,0,83" hai1="68,100,92,78,38,56,43,61,89,84,88,122,67" hai2="114,108,55,30,80,131,33,104,93,53,24,86,75" hai3="118,110,11,101,128,59,37,7,121,124,103,90,120"/><T77/><D71/><U82/><E122/><V6/><F114/><W49/><G37/><T126/><D126/><U13/><E38/><V42/><F104/><W102/><G118/><T129/><D129/><U36/><E36/><V73/><F42/><W39/><G39/><T72/><D111/><U23/><E43/><V4/><F108/><W107/><G110/><T109/><D109/><U52/><E100/><V44/><F131/><W125/><G107/><T8/><D46/><U20/><E13/><V28/><F93/><W113/><G90/><T112/><D112/><U117/><E89/><V35/><F44/><W85/><G85/><T134/><D134/><U123/><E123/><N who="3" m="47178" /><G128/><T54/><REACH who="0" step="1"/><D22/><REACH who="0" ten="240,250,250,250" step="2"/><U62/><REACH who="1" step="1"/><E117/><REACH who="1" ten="240,240,250,250" step="2"/><V64/><F24/><W69/><G113/><T79/><D79/><U25/><E25/><V63/><F35/><W127/><G69/><T9/><D9/><U16/><E16/><V60/><F33/><W41/><G41/><T115/><D115/><U98/><AGARI ba="0,2" hai="20,23,52,56,61,62,67,68,78,82,84,88,92,98" machi="98" ten="20,8000,1" yaku="1,1,0,1,7,1,54,2,53,0" doraHai="133" doraHaiUra="47" who="1" fromWho="1" sc="240,-40,240,100,250,-20,250,-20" />
</Scene>
<Scene>
<INIT seed="1,0,0,4,2,107" ten="200,340,230,230" oya="1" hai0="43,50,65,135,111,34,112,76,4,26,46,23,35" hai1="22,47,97,115,104,127,61,57,74,31,106,128,11" hai2="102,30,114,78,98,118,32,5,94,2,75,8,125" hai3="37,53,133,116,66,119,83,55,86,59,24,100,3"/><U67/><E115/><V33/><F118/><W84/><G37/><T108/><D112/><U92/><E128/><V56/><F114/><W21/><G3/><T93/><D135/><U58/><E127/><V48/><F125/><W87/><G100/><T109/><D65/><U25/><E74/><V63/><F48/><W38/><G38/><T132/><D132/><U29/><E29/><V117/><F117/><N who="3" m="45131" /><G133/><T88/><D76/><U101/><E11/><V18/><F18/><N who="3" m="12343" /><G83/><T79/><D79/><U0/><E0/><V120/><F120/><W123/><G123/><T99/><REACH who="0" step="1"/><D4/><REACH who="0" ten="190,340,230,230" step="2"/><U28/><E106/><V44/><F78/><W6/><G6/><T42/><D42/><U12/><E104/><V129/><F5/><W80/><G80/><T95/><D95/><U77/><E77/><V13/><F94/><W89/><G66/><T41/><D41/><U81/><E81/><V45/><F129/><W1/><G53/><T54/><D54/><U16/><E47/><V39/><F44/><W70/><G70/><T130/><D130/><U15/><E58/><V17/><F56/><W82/><G59/><T85/><D85/><U131/><E131/><V105/><F45/><W69/><G69/><T52/><D52/><U7/><E7/><V14/><F2/><W72/><G1/><T60/><D60/><U134/><E134/><V90/><F63/><W113/><G113/><T62/><D62/><U103/><E57/><V96/><F105/><W10/><G55/><T49/><D49/><U126/><E61/><V121/><F39/><W27/><G86/><T68/><D68/><RYUUKYOKU ba="0,1" sc="190,30,340,-10,230,-10,230,-10" hai0="23,26,34,35,43,46,50,88,93,99,108,109,111" />
</Scene>
<Scene>
<INIT seed="2,1,1,4,3,6" ten="220,330,220,220" oya="2" hai0="103,121,132,18,86,125,124,94,38,117,47,74,5" hai1="78,70,27,61,89,113,7,52,83,109,76,59,107" hai2="36,56,69,81,71,102,29,84,10,22,48,79,8" hai3="106,101,105,54,16,46,2,95,122,129,77,58,114"/><V82/><F36/><W37/><G122/><T85/><D121/><U40/><E109/><V21/><F102/><W126/><G114/><T87/><D132/><U68/><E107/><V25/><F71/><W97/><G2/><T80/><D117/><U33/><E113/><V44/><F69/><W57/><G129/><T134/><D134/><U73/><E76/><V96/><F96/><W0/><G126/><N who="0" m="48747" /><D18/><U30/><E40/><V32/><F56/><W19/><G77/><N who="0" m="44087" /><D5/><U99/><E99/><V31/><F81/><W67/><G0/><T128/><D128/><U123/><E123/><V98/><F98/><W111/><G111/><T55/><D103/><U65/><E89/><V39/><F39/><W90/><G67/><T42/><D55/><U116/><E116/><V20/><REACH who="2" step="1"/><F31/><REACH who="2" ten="220,330,210,220" step="2"/><W13/><G105/><T4/><D38/><U9/><E65/><V92/><F92/><W120/><G120/><T93/><D94/><U127/><E127/><V112/><F112/><W23/><G101/><T60/><D93/><U50/><E61/><V130/><F130/><W49/><G106/><T115/><D60/><U15/><AGARI ba="1,2" hai="7,9,15,27,30,33,50,52,59,68,70,73,78,83" machi="15" ten="20,5200,0" yaku="0,1,7,1,52,1,54,1" doraHai="6" who="1" fromWho="1" sc="220,-14,330,75,210,-27,220,-14" />
</Scene>
<Scene>
<INIT seed="3,0,0,0,0,77" ten="206,405,183,206" oya="3" hai0="118,45,51,119,116,68,59,128,61,9,27,37,115" hai1="135,16,60,43,57,75,31,15,114,117,56,124,126" hai2="14,35,103,99,62,46,132,65,11,19,87,6,13" hai3="30,112,39,0,90,89,36,72,29,76,2,91,120"/><W10/><G120/><T26/><D128/><U32/><E114/><V92/><F132/><W107/><G112/><T33/><D115/><U5/><E5/><V69/><F35/><W121/><G121/><T134/><D134/><U8/><E75/><V63/><F46/><W102/><G102/><T54/><D33/><U41/><E117/><V98/><F63/><W133/><G133/><T110/><D110/><U122/><E122/><V73/><F73/><W85/><G107/><T88/><D9/><U113/><E113/><V70/><F98/><W130/><G72/><T23/><D23/><U83/><E31/><N who="3" m="11786" /><G10/><T97/><D68/><U82/><E57/><V18/><F70/><W94/><G94/><T123/><D37/><N who="3" m="14409" /><G76/><T52/><REACH who="0" step="1"/><D123/><REACH who="0" ten="196,405,183,206" step="2"/><U100/><E32/><V74/><F11/><W7/><G130/><T22/><D22/><U86/><E135/><V58/><F69/><W48/><G7/><T42/><D42/><U21/><E43/><V47/><F6/><W96/><G96/><T84/><D84/><U44/><E86/><V24/><F74/><W4/><G4/><T20/><D20/><U80/><E21/><N who="2" m="13375" /><F87/><W34/><G34/><T131/><D131/><U93/><E41/><V111/><F18/><W78/><G78/><T125/><D125/><U49/><E126/><V105/><F111/><W106/><G85/><T66/><D66/><U1/><E124/><V40/><F13/><W67/><G67/><T50/><D50/><U95/><E49/><N who="2" m="26855" /><F14/><W127/><G127/><T104/><D104/><U129/><E129/><V101/><F105/><W12/><G12/><RYUUKYOKU ba="0,1" sc="196,15,405,-15,183,15,206,-15" hai0="26,27,45,51,52,54,59,61,88,97,116,118,119" hai2="58,62,65,92,99,101,103" />
</Scene>
<Scene>
<INIT seed="4,1,1,4,2,107" ten="211,390,198,191" oya="0" hai0="11,59,77,113,94,29,4,84,31,0,134,68,76" hai1="1,83,99,69,50,20,46,34,110,43,32,125,47" hai2="116,42,48,6,95,102,93,87,53,108,58,98,70" hai3="7,119,17,5,21,96,38,75,24,129,30,54,3"/><T105/><D105/><U106/><E69/><V97/><F108/><W56/><G119/><T104/><D104/><U15/><E1/><V81/><F116/><W85/><G38/><T52/><D68/><U115/><E125/><V88/><F70/><W109/><G109/><T37/><D37/><U41/><E110/><V61/><F6/><W23/><G75/><T13/><D113/><U132/><E132/><V8/><F8/><W25/><G129/><T86/><D0/><U39/><E115/><V80/><REACH who="2" step="1"/><F98/><REACH who="2" ten="211,390,188,191" step="2"/><W18/><G3/><T71/><D71/><U33/><E99/><V78/><F78/><W91/><G96/><T16/><D4/><U89/><E106/><V35/><F35/><W117/><G117/><T123/><D134/><U133/><E33/><V131/><F131/><W90/><G30/><N who="0" m="11275" /><D123/><U51/><E32/><V49/><F49/><W128/><G128/><T9/><D9/><U40/><E51/><V127/><F127/><W121/><G121/><T28/><D28/><U103/><E50/><V19/><F19/><W114/><G114/><T101/><D76/><U118/><E34/><V45/><AGARI ba="1,2" hai="42,45,48,53,58,61,80,81,87,88,93,95,97,102" machi="45" ten="30,8000,1" yaku="1,1,0,1,8,1,54,1,53,1" doraHai="107" doraHaiUra="82" who="2" fromWho="2" sc="211,-41,390,-21,188,103,191,-21" />
</Scene>
<Scene>
<INIT seed="5,0,0,5,1,60" ten="170,369,291,170" oya="1" hai0="41,2,13,71,74,134,16,107,44,90,135,61,104" hai1="9,89,30,75,83,1,57,100,119,96,37,98,46" hai2="67,15,3,33,32,27,11,56,7,21,87,28,22" hai3="81,17,99,124,103,50,65,109,64,112,101,14,54"/><U95/><E119/><V82/><F56/><W111/><G124/><T80/><D2/><U0/><E30/><V133/><F133/><N who="0" m="50698" /><D74/><U85/><E75/><V106/><F106/><W51/><G109/><T66/><D90/><U129/><E129/><V78/><F67/><N who="3" m="25675" /><G111/><T88/><D80/><U120/><E120/><V84/><F84/><W36/><G36/><N who="0" m="21543" /><D88/><U69/><E69/><V4/><F4/><W113/><G81/><T97/><D97/><U25/><E25/><V77/><F77/><W48/><G99/><T94/><D94/><U115/><E96/><V43/><F43/><W68/><G68/><T31/><D31/><U91/><E9/><AGARI ba="0,0" hai="9,13,16,61,66,71,104,107" m="21543,50698" machi="9" ten="30,3900,0" yaku="20,1,52,1,54,1" doraHai="60" who="0" fromWho="1" sc="170,39,369,-39,291,0,170,0" />
</Scene>
<Scene>
<INIT seed="6,0,0,5,3,76" ten="209,330,291,170" oya="2" hai0="63,20,14,24,12,34,102,55,90,118,114,31,19" hai1="57,74,123,44,15,62,46,59,92,30,87,26,111" hai2="73,109,126,53,2,125,117,36,99,32,129,95,88" hai3="38,112,108,42,115,93,96,41,58,70,5,47,23"/><V13/><F2/><W4/><G70/><T16/><D102/><U86/><E111/><V50/><F117/><W84/><G108/><T116/><D90/><U7/><E74/><V135/><F109/><W6/><G42/><T11/><D63/><U17/><E7/><V10/><F36/><W94/><G58/><T131/><D55/><U71/><E59/><V107/><F32/><W133/><G133/><T25/><D131/><U124/><E71/><V119/><F119/><N who="0" m="45610" /><D114/><N who="3" m="43561" /><G23/><N who="0" m="13415" /><D14/><U100/><E57/><V113/><F113/><W28/><G28/><T29/><D31/><U97/><E62/><V106/><F135/><W121/><G121/><T8/><AGARI ba="0,0" hai="8,11,12,19,20,25,29,34" m="13415,45610" machi="8" ten="30,7900,0" yaku="12,1,34,2,54,1" doraHai="76" who="0" fromWho="0" sc="209,79,330,-20,291,-39,170,-20" />
</Scene>
<Scene>
<INIT seed="7,0,0,2,0,60" ten="288,310,252,150" oya="3" hai0="88,95,22,106,21,89,6,109,126,5,97,113,67" hai1="65,2,73,94,52,23,107,103,76,124,90,110,135" hai2="34,66,132,77,127,98,56,28,58,120,14,39,118" hai3="46,55,57,10,80,83,75,70,25,123,125,96,4"/><W35/><G123/><T108/><D106/><U81/><E2/><V134/><F118/><W63/><G125/><T86/><D126/><U62/><E110/><V24/><F127/><W115/><G115/><T53/><D113/><U9/><E9/><V99/><F39/><W48/><G70/><T43/><D43/><U64/><E135/><N who="2" m="51755" /><F120/><W112/><G112/><T74/><D74/><U29/><E124/><V69/><F77/><W7/><G75/><T54/><D67/><U49/><E62/><N who="2" m="40151" /><F14/><W30/><G96/><AGARI ba="0,0" hai="24,28,34,56,58,96,98,99" m="40151,51755" machi="96" ten="30,2000,0" yaku="20,1,52,1" doraHai="60" who="2" fromWho="3" sc="288,0,310,0,252,20,150,-20" owari="288,9.0,310,41.0,272,-13.0,130,-37.0" />
</Scene>
</mjloggm>