<mjloggm ver="2.3"><GO type="169" lobby="0"/><UN n0="%73%6F%75%6D%61%35%35%35" n1="%4D%46%E9%A6%99%E5%B7%9D%E7%9C%9F%E5%8F%B8" n2="%E5%A4%AA%E3%81%8F%E3%81%AA%E3%81%84%E3%81%8A" n3="%30%30%73%61%69" dan="16,16,18,18" rate="2076.01,2094.64,2294.18,2184.62" sx="M,M,F,M"/><TAIKYOKU oya="0"/>

<Scene>
<INIT seed="0,0,0,4,4,102" ten="250,250,250,250" oya="0" hai0="117,49,64,115,123,84,8,4,103,89,107,95,122" hai1="67,22,32,36,60,63,27,7,51,21,99,11,68" hai2="75,127,19,87,100,134,119,133,93,29,12,10,26" hai3="109,69,23,28,110,0,61,131,47,132,74,80,1"/><T101/><D117/><U128/><E36/><V70/><F75/><W42/><G131/><T120/><D115/><U17/><E32/><V125/><F70/><W9/><G132/><N who="2" m="50793" /><F87/><W82/><G23/><T6/><D64/><U72/><E72/><V39/><F39/><N who="3" m="21983" /><G28/><T31/><D31/><U14/><E128/><V98/><F119/><W96/><G96/><T65/><D65/><U79/><E79/><V15/><F15/><W13/><G69/><T55/><D6/><U18/><E67/><V20/><AGARI ba="0,0" hai="10,12,19,20,26,29,93,98,100,125,127" m="50793" machi="20" ten="30,1100,0" yaku="20,1" doraHai="102" who="2" fromWho="2" sc="250,-5,250,-3,250,11,250,-3" />
</Scene>
<Scene>
<INIT seed="1,0,0,3,0,21" ten="245,247,261,247" oya="1" hai0="121,128,95,120,117,6,123,3,129,84,61,71,126" hai1="82,11,60,59,20,101,53,74,72,22,114,50,102" hai2="107,26,97,76,47,78,29,4,81,42,58,68,105" hai3="49,9,19,18,98,80,25,28,90,87,40,8,122"/><U134/><E114/><V88/><F68/><W106/><G122/><T36/><D3/><U35/><E35/><V34/><F4/><W127/><G127/><T46/><D6/><U37/><E37/><V52/><F78/><W31/><G106/><T33/><D84/><U103/><E11/><V15/><F15/><W104/><G104/><T131/><D95/><U132/><E60/><V13/><F13/><W96/><G40/><N who="0" m="22791" /><D33/><U39/><E39/><V38/><F97/><N who="3" m="37483" /><G49/><T23/><D23/><U73/><E82/><V111/><F111/><W70/><G70/><T62/><D126/><U63/><E63/><N who="0" m="24073" /><D71/><U110/><E110/><V89/><F107/><W0/><G0/><T65/><D65/><U94/><E94/><V77/><F105/><W109/><G109/><T24/><D24/><U130/><E130/><V45/><F77/><W30/><G25/><T57/><D57/><U113/><E113/><V118/><F118/><AGARI ba="0,0" hai="117,118,120,121,123,128,129,131" m="24073,22791" machi="118" ten="40,8000,1" yaku="13,1,19,1,34,2" doraHai="21" who="0" fromWho="2" sc="245,80,247,0,261,-80,247,0" />
</Scene>
<Scene>
<INIT seed="2,0,0,1,3,54" ten="325,247,181,247" oya="2" hai0="59,3,105,22,119,19,58,98,73,44,131,125,52" hai1="17,38,24,10,90,66,15,93,118,80,14,101,115" hai2="91,79,103,56,30,106,104,107,0,111,16,65,35" hai3="63,13,122,97,60,96,100,128,133,134,132,45,113"/><V82/><F0/><W21/><G122/><T31/><D73/><U75/><E38/><V7/><F7/><W108/><G108/><T74/><D74/><U67/><E115/><V36/><F36/><W20/><G128/><T95/><D3/><U64/><E75/><V68/><F68/><W87/><G113/><T50/><D105/><U4/><E24/><V102/><F91/><W42/><G87/><T40/><D131/><U28/><E28/><V8/><F30/><W86/><G86/><T127/><D31/><U92/><E118/><V26/><F35/><W34/><G34/><T135/><D119/><U6/><E101/><V71/><F71/><W29/><G13/><T126/><D135/><U77/><E77/><V25/><F111/><W116/><G116/><T2/><D2/><U88/><E80/><V51/><F26/><N who="3" m="16583" /><G21/><T123/><D40/><U83/><E83/><V69/><F69/><W48/><G97/><T11/><D11/><U37/><E37/><V9/><F9/><W61/><G61/><T89/><D123/><U49/><E4/><V32/><F32/><W81/><G81/><T84/><D98/><U120/><E120/><V57/><F25/><AGARI ba="0,0" hai="19,22,25,44,50,52,58,59,84,89,95,125,126,127" machi="25" ten="40,8000,1" yaku="18,1,52,2,54,1" doraHai="54" who="0" fromWho="2" sc="325,80,247,0,181,-80,247,0" />
</Scene>
<Scene>
<INIT seed="3,0,0,5,2,76" ten="405,247,101,247" oya="3" hai0="92,28,9,10,16,20,104,34,71,100,22,55,132" hai1="91,5,54,56,119,32,108,52,88,6,23,72,68" hai2="63,85,39,31,122,73,47,35,123,45,129,57,101" hai3="96,29,116,51,112,74,90,81,11,113,64,53,13"/><W84/><G116/><T66/><D104/><U77/><E68/><V60/><F73/><W75/><G64/><T98/><D132/><U17/><E32/><V109/><F101/><W118/><G118/><T25/><D55/><U83/><E119/><V43/><F31/><W103/><G29/><T87/><D34/><U8/><E108/><V4/><F4/><W44/><G112/><T97/><D97/><U94/><E54/><V37/><F35/><W70/><G70/><T82/><D66/><U89/><E8/><V24/><F24/><W120/><G120/><N who="2" m="46121" /><F85/><W127/><G127/><T105/><D105/><U102/><E102/><V40/><F109/><W3/><G3/><T62/><D62/><N who="2" m="23594" /><F57/><W41/><G113/><T86/><D87/><N who="1" m="48623" /><E94/><V114/><F114/><W69/><G69/><T1/><D71/><U65/><E72/><V36/><F129/><W49/><G103/><T126/><D1/><U14/><E65/><V67/><F67/><W50/><G96/><T133/><D9/><U79/><E79/><V95/><F95/><W46/><G75/><T18/><D10/><U26/><E26/><V12/><F12/><W115/><G115/><T111/><D111/><U15/><E14/><V33/><F33/><W134/><G74/><T42/><D100/><U48/><AGARI ba="0,0" hai="5,6,15,17,23,48,52,56,88,89,91" m="48623" machi="48" ten="30,7900,0" yaku="8,1,52,1,54,2" doraHai="76" who="1" fromWho="1" sc="405,-20,247,79,101,-20,247,-39" />
</Scene>
<Scene>
<INIT seed="4,0,0,2,5,56" ten="385,326,81,208" oya="0" hai0="47,126,3,102,125,38,79,42,81,35,85,25,69" hai1="66,82,110,80,107,12,78,104,46,45,117,30,9" hai2="58,108,67,57,70,53,22,87,106,18,123,122,93" hai3="86,43,52,50,118,113,120,24,92,75,130,134,8"/><T76/><D3/><U98/><E110/><V5/><F106/><W21/><G118/><T59/><D69/><U39/><E117/><V111/><F5/><W97/><G75/><T11/><D102/><U128/><E30/><V74/><F74/><W54/><G113/><T62/><D11/><U100/><E104/><V37/><F87/><W116/><G116/><T63/><D76/><U73/><E128/><V121/><F93/><W96/><G130/><T15/><D15/><U131/><E131/><V99/><F99/><N who="3" m="37963" /><G134/><T28/><REACH who="0" step="1"/><D63/><REACH who="0" ten="375,326,81,208" step="2"/><U44/><E12/><V124/><F70/><W77/><G8/><T48/><D48/><U1/><E9/><V84/><F111/><W14/><G14/><T127/><D127/><U6/><E1/><V33/><F108/><W16/><G77/><T10/><D10/><U68/><E6/><V71/><F124/><W105/><G105/><T2/><D2/><U119/><E119/><V133/><F71/><W26/><G26/><T31/><D31/><U83/><E78/><V89/><F122/><W27/><G27/><T90/><D90/><U29/><E29/><V112/><F121/><W41/><G120/><T135/><D135/><U51/><E73/><V4/><F133/><W36/><G36/><T103/><D103/><U88/><E39/><V65/><F37/><W20/><G50/><T34/><D34/><U91/><E51/><V95/><F123/><W115/><G24/><T109/><D109/><U49/><E49/><V32/><F32/><W101/><G101/><T60/><D60/><N who="1" m="40007" /><E100/><V19/><F33/><W23/><G115/><RYUUKYOKU ba="0,1" sc="375,15,326,15,81,-15,208,-15" hai0="25,28,35,38,42,47,59,62,79,81,85,125,126" hai1="44,45,46,80,82,83,88,91,98,107" />
</Scene>
<Scene>
<INIT seed="4,1,1,4,2,130" ten="390,341,66,193" oya="0" hai0="15,28,125,61,47,91,90,33,58,5,9,11,38" hai1="120,93,96,23,87,101,122,22,20,135,68,65,27" hai2="18,41,66,71,70,118,50,104,129,98,114,103,51" hai3="54,100,115,73,94,76,81,12,37,75,25,60,74"/><T26/><D125/><U57/><E68/><V62/><F129/><W21/><G37/><T128/><D128/><U4/><E4/><V127/><F127/><W123/><G123/><T106/><D106/><U102/><E102/><V19/><F114/><W113/><G12/><T3/><D47/><U0/><E0/><V78/><F118/><W92/><G54/><T108/><D38/><U134/><E27/><V79/><F71/><W107/><G60/><T14/><D108/><U83/><E57/><V45/><REACH who="2" step="1"/><F51/><REACH who="2" ten="390,341,56,193" step="2"/><W69/><G69/><T40/><D40/><U29/><E122/><V7/><F7/><W64/><G115/><T63/><D61/><U56/><E120/><V59/><F59/><W110/><G113/><T111/><D111/><U131/><E131/><V2/><F2/><W42/><G110/><T17/><D3/><U1/><E1/><V39/><F39/><W80/><G42/><T95/><D58/><U119/><E119/><V16/><AGARI ba="1,2" hai="16,18,19,41,45,50,62,66,70,78,79,98,103,104" machi="16" ten="30,4000,0" yaku="1,1,0,1,54,1,53,0" doraHai="130" doraHaiUra="52" who="2" fromWho="2" sc="390,-21,341,-11,56,63,193,-11" />
</Scene>
<Scene>
<INIT seed="5,0,0,3,0,46" ten="369,330,119,182" oya="1" hai0="28,8,41,99,92,13,111,50,101,53,33,86,120" hai1="103,2,72,42,58,132,31,82,102,107,15,12,5" hai2="115,54,25,134,83,123,97,57,0,118,40,91,70" hai3="89,63,90,128,45,122,20,65,116,126,22,55,104"/><U23/><E107/><V69/><F118/><W78/><G122/><T129/><D120/><U48/><E132/><V125/><F123/><W127/><G104/><T119/><D111/><U84/><E72/><V124/><F0/><W108/><G108/><T109/><D109/><U16/><E31/><V93/><F134/><W35/><G35/><T38/><D119/><U61/><E2/><V112/><F40/><W44/><G116/><T7/><D129/><U114/><E114/><N who="2" m="43563" /><F25/><W29/><G78/><T1/><D38/><U95/><E95/><V64/><F64/><W11/><G128/><T19/><D41/><U96/><E96/><V135/><F83/><W59/><G11/><T80/><D28/><U21/><E42/><V131/><F135/><W47/><G29/><T79/><D33/><U87/><E82/><V6/><F6/><W98/><G65/><T71/><D71/><N who="2" m="27146" /><F131/><W100/><G126/><T77/><D77/><U3/><E3/><V51/><AGARI ba="0,0" hai="51,54,57,91,93,97,124,125" m="27146,43563" machi="51" ten="40,5200,0" yaku="15,1,11,1,52,1" doraHai="46" who="2" fromWho="2" sc="369,-13,330,-26,119,52,182,-13" />
</Scene>
<Scene>
<INIT seed="6,0,0,1,0,46" ten="356,304,171,169" oya="2" hai0="93,108,30,117,130,106,55,70,54,97,96,0,74" hai1="44,11,89,120,77,134,127,101,24,110,38,52,103" hai2="22,119,87,33,111,124,133,88,104,126,79,51,27" hai3="6,129,10,58,65,37,94,41,105,68,78,23,114"/><V118/><F33/><W61/><G105/><T56/><D70/><U9/><E110/><V31/><F104/><W122/><G122/><T60/><D0/><U42/><E77/><V135/><F79/><W19/><G129/><T34/><D74/><U49/><E127/><N who="2" m="48683" /><F111/><W50/><G114/><T64/><D106/><U107/><E134/><N who="2" m="51211" /><F51/><W67/><G78/><T90/><D96/><U66/><E120/><V91/><F91/><W92/><G67/><T8/><D108/><U16/><E89/><V109/><F109/><W84/><G84/><T132/><D64/><U62/><E107/><V80/><AGARI ba="0,0" hai="22,27,31,80,87,88,118,119" m="51211,48683" machi="80" ten="30,6000,0" yaku="18,1,20,1,54,1" doraHai="46" who="2" fromWho="2" sc="356,-20,304,-20,171,60,169,-20" />
</Scene>
<Scene>
<INIT seed="6,1,0,4,5,67" ten="336,284,231,149" oya="2" hai0="131,17,98,20,57,128,59,122,22,97,64,135,82" hai1="120,124,5,18,33,15,111,44,133,52,21,9,96" hai2="37,46,19,85,89,118,113,121,40,92,26,23,28" hai3="71,81,72,115,70,119,132,7,125,42,79,129,112"/><V2/><F118/><W74/><G119/><T103/><D122/><U63/><E111/><V24/><F113/><N who="3" m="43595" /><G129/><N who="0" m="49739" /><D135/><U108/><E108/><V116/><F116/><W106/><G132/><T87/><D64/><U47/><E133/><V39/><F2/><W95/><G125/><T25/><D22/><U32/><E124/><V130/><F130/><W114/><N who="3" m="43603" /><W99/><DORA hai="73" /><G106/><N who="0" m="63855" /><D98/><U110/><E110/><V100/><F100/><N who="3" m="60543" /><G42/><T11/><D11/><U31/><E120/><V16/><F121/><W61/><G61/><T109/><D109/><U66/><E96/><V0/><F0/><W53/><G53/><T60/><D60/><U3/><E52/><V10/><F10/><W50/><G50/><T123/><D123/><U43/><E43/><V88/><F39/><W126/><G126/><T78/><AGARI ba="1,0" hai="17,20,25,57,59,78,82,87" m="63855,49739" machi="78" ten="30,2000,0" yaku="19,1,52,1" doraHai="67,73" who="0" fromWho="0" sc="336,23,284,-6,231,-11,149,-6" />
</Scene>
<Scene>
<INIT seed="7,0,0,3,2,57" ten="359,278,220,143" oya="3" hai0="120,119,62,63,9,82,26,65,5,123,130,111,79" hai1="113,18,73,53,36,44,129,16,22,84,88,43,117" hai2="127,83,103,109,70,60,56,15,125,80,37,20,85" hai3="69,8,3,92,49,78,47,17,86,45,66,126,133"/><W55/><G133/><T27/><D119/><U110/><E110/><V114/><F109/><W61/><G126/><N who="2" m="48137" /><F37/><W41/><G3/><T51/><D111/><U74/><E117/><V90/><F114/><W19/><G8/><T71/><D130/><U134/><E113/><V54/><F103/><W106/><G106/><T11/><D51/><U132/><E18/><N who="2" m="10335" /><F70/><W6/><G6/><T58/><D27/><N who="1" m="14791" /><E53/><V39/><F39/><W76/><G76/><T64/><D26/><U122/><E122/><V25/><F25/><W32/><G32/><T77/><D77/><U1/><E129/><V97/><F97/><W40/><G55/><T38/><D38/><U28/><E28/><V46/><F46/><W48/><REACH who="3" step="1"/><G78/><REACH who="3" ten="359,278,220,133" step="2"/><T10/><D5/><U112/><E1/><V104/><F104/><W33/><G33/><T98/><D120/><U87/><E134/><V93/><AGARI ba="0,1" hai="54,56,60,80,83,85,90,93" m="10335,48137" machi="93" ten="30,2000,0" yaku="18,1,52,1" doraHai="57" who="2" fromWho="2" sc="359,-5,278,-5,220,30,133,-10" owari="354,46.0,273,7.0,250,-15.0,123,-38.0" />
</Scene>
</mjloggm>