<mjloggm ver="2.3"><GO type="169" lobby="0"/><UN n0="%E5%A4%AA%E3%81%8F%E3%81%AA%E3%81%84%E3%81%8A" n1="%E3%81%82%E3%81%B2%E3%82%8B%E3%81%95%E3%82%93" n2="%E3%83%AA%E3%82%B5%E3%81%95%E3%81%BE" n3="%E5%85%AC%E5%8B%99%E5%93%A1%E3%81%8F%E3%82%93" dan="18,16,17,17" rate="2236.58,2149.37,2105.60,2146.57" sx="F,M,F,F"/><TAIKYOKU oya="0"/>

<Scene>
<INIT seed="0,0,0,1,2,58" ten="250,250,250,250" oya="0" hai0="44,41,14,114,2,72,35,3,15,71,66,93,19" hai1="62,12,68,108,13,119,118,100,95,87,53,8,38" hai2="125,80,63,61,48,92,27,73,57,106,111,88,43" hai3="4,60,112,51,116,113,64,26,50,6,135,86,34"/><T96/><D72/><U69/><E38/><V109/><F106/><W28/><G116/><T18/><D35/><U7/><E108/><N who="2" m="41547" /><F125/><W126/><G126/><T79/><D79/><U0/><E69/><V117/><F117/><W107/><G107/><T67/><D114/><U30/><E0/><V101/><F101/><W29/><G135/><T75/><D75/><U77/><E119/><V47/><F57/><W89/><G29/><T130/><D130/><U134/><E118/><V39/><F39/><W40/><G112/><T122/><D122/><U33/><E134/><V45/><F45/><W9/><G113/><T78/><D78/><U49/><E30/><V81/><F27/><W132/><G132/><T94/><D44/><U127/><E33/><V54/><F43/><W90/><G40/><T21/><D41/><U11/><E127/><V133/><F133/><W24/><G24/><T84/><D84/><U110/><E110/><V5/><F5/><W37/><G37/><T131/><D131/><U20/><E87/><N who="2" m="52255" /><F73/><W85/><G85/><T124/><D124/><U23/><E7/><V59/><F47/><W56/><G89/><T115/><D115/><U55/><E100/><V25/><F25/><W65/><G65/><T76/><D76/><U31/><E77/><V103/><F103/><W74/><G74/><T17/><D71/><U1/><E68/><V102/><F102/><W91/><G91/><N who="0" m="55359" /><D94/><U16/><E95/><V82/><AGARI ba="0,0" hai="48,54,59,61,63,80,81,82" m="52255,41547" machi="82" ten="30,7900,0" yaku="14,1,52,2,54,1" doraHai="58" who="2" fromWho="2" sc="250,-39,250,-20,250,79,250,-20" />
</Scene>
<Scene>
<INIT seed="1,0,0,4,3,9" ten="211,230,329,230" oya="1" hai0="72,132,7,76,69,94,135,14,29,95,79,97,43" hai1="105,64,120,110,119,122,114,55,13,130,65,27,2" hai2="102,96,124,26,3,33,28,100,31,78,45,40,1" hai3="30,126,52,125,71,83,11,121,113,62,37,87,101"/><U131/><E105/><V56/><F124/><W128/><G121/><T4/><D69/><U117/><E2/><V21/><F78/><N who="0" m="29738" /><D72/><U89/><E27/><V19/><F100/><W116/><G37/><T112/><D112/><U46/><E89/><V23/><F33/><W92/><G113/><T66/><D66/><N who="1" m="25707" /><E114/><V67/><F56/><N who="3" m="35079" /><G71/><T57/><D29/><U80/><E80/><V81/><F81/><W98/><G30/><T70/><D70/><U16/><E110/><V22/><F67/><W17/><G128/><N who="1" m="49194" /><E122/><V58/><F28/><W107/><G116/><T8/><D95/><U91/><E91/><V10/><F1/><W99/><G107/><T104/><D104/><U84/><E84/><V20/><F31/><W61/><G99/><T88/><D4/><U36/><E120/><V129/><F129/><W38/><G83/><T68/><D68/><U25/><E25/><V90/><F96/><W41/><G87/><T42/><D135/><U24/><E24/><V54/><F26/><W73/><G73/><T123/><D132/><U49/><E36/><N who="2" m="21639" /><F90/><W85/><G85/><T103/><D123/><U74/><E74/><V82/><F82/><W115/><G115/><T63/><D103/><U108/><E108/><V133/><F133/><W50/><G38/><T51/><D97/><U47/><E47/><V18/><F102/><W60/><G125/><T32/><D32/><U75/><E75/><V15/><F3/><W5/><G126/><T106/><D106/><U44/><E44/><V53/><F58/><W48/><G101/><T118/><D88/><U6/><E6/><RYUUKYOKU ba="0,0" sc="211,-15,230,15,329,15,230,-15" hai1="13,16,46,49,55,117,119" hai2="10,15,18,19,20,21,22,23,53,54" />
</Scene>
<Scene>
<INIT seed="1,1,0,4,4,50" ten="196,245,344,215" oya="1" hai0="72,59,41,67,79,22,4,125,94,77,102,51,38" hai1="109,45,91,48,75,93,103,135,78,115,60,114,31" hai2="25,124,86,130,89,116,13,122,15,68,70,107,58" hai3="23,128,123,44,36,20,39,132,69,57,12,87,100"/><U111/><E31/><V18/><F122/><W30/><G69/><T129/><D125/><U1/><E1/><V33/><F124/><W131/><G123/><T117/><D117/><U64/><E103/><V99/><F116/><W29/><G132/><T46/><D129/><N who="3" m="49737" /><G100/><T35/><D35/><U8/><E8/><V71/><F130/><W53/><G87/><T2/><D22/><N who="3" m="8233" /><G12/><T27/><D27/><U6/><E6/><V84/><F84/><W83/><G83/><T40/><D102/><U19/><E19/><V54/><F18/><W74/><G74/><T28/><D72/><U55/><E135/><V126/><F99/><W32/><G32/><T26/><D94/><U24/><E24/><V56/><F107/><W16/><G16/><T66/><D26/><U82/><E115/><V43/><F126/><W14/><G14/><T52/><D28/><N who="3" m="10857" /><G44/><N who="0" m="23575" /><D2/><U134/><E114/><V49/><F25/><W112/><G112/><T62/><D4/><U101/><E101/><V81/><F33/><W37/><G57/><N who="0" m="32927" /><D79/><U127/><E134/><V104/><F104/><W47/><G47/><T7/><D77/><U118/><E118/><V88/><F13/><W11/><G11/><T113/><D7/><U61/><E127/><V65/><F15/><W42/><G42/><T133/><D133/><U21/><E21/><V9/><F43/><W90/><G90/><T76/><D76/><U95/><E95/><V73/><F9/><W10/><G10/><T80/><D80/><U34/><E34/><V85/><F81/><W0/><G0/><T119/><D113/><U108/><E64/><RYUUKYOKU ba="1,0" sc="196,-15,245,15,344,-15,215,15" hai1="45,48,55,60,61,75,78,82,91,93,108,109,111" hai3="36,37,39,53" />
</Scene>
<Scene>
<INIT seed="1,2,0,2,2,65" ten="181,260,329,230" oya="1" hai0="51,60,83,74,120,34,107,103,54,123,112,80,81" hai1="87,79,30,23,84,45,67,2,27,119,33,105,39" hai2="46,3,11,21,1,43,77,76,17,114,124,69,10" hai3="64,126,49,118,132,40,121,95,16,61,70,14,62"/><U56/><E119/><V94/><F69/><W72/><G121/><N who="0" m="46667" /><D34/><U68/><E105/><V135/><F135/><W128/><G118/><T4/><D112/><U88/><E2/><V109/><F109/><W52/><G132/><T12/><D60/><U31/><E68/><V48/><F124/><W101/><G126/><T78/><D78/><BYE who="0" /><N who="2" m="30314" /><F3/><W113/><G62/><T131/><D131/><U110/><E110/><V53/><F1/><W96/><G72/><T35/><D35/><U5/><E5/><V37/><F37/><W71/><G128/><T26/><D26/><U42/><E33/><V32/><F32/><W57/><G113/><T111/><D111/><U100/><E100/><V7/><F7/><W82/><G40/><T102/><D102/><U19/><E79/><V22/><F43/><W24/><G24/><T97/><D97/><U133/><E133/><V29/><F29/><W6/><G82/><T63/><D63/><UN n0="%E5%A4%AA%E3%81%8F%E3%81%AA%E3%81%84%E3%81%8A" /><U122/><E122/><V75/><F75/><W116/><G116/><T93/><D107/><U47/><E87/><V9/><F114/><W20/><G6/><T134/><D134/><U13/><E67/><V15/><F94/><W36/><G36/><T125/><D125/><U85/><E85/><V86/><F86/><W44/><AGARI ba="2,0" hai="14,16,20,44,49,52,57,61,64,70,71,95,96,101" machi="44" ten="20,12000,2" yaku="0,1,7,1,52,2,54,2" doraHai="65" who="3" fromWho="3" sc="181,-32,260,-62,329,-32,230,126" />
</Scene>
<Scene>
<INIT seed="2,0,0,3,5,116" ten="149,198,297,356" oya="2" hai0="65,84,123,61,80,96,108,113,28,75,73,131,46" hai1="33,115,133,91,60,69,112,30,104,20,26,57,38" hai2="103,52,10,130,70,82,117,24,83,120,111,0,14" hai3="19,127,93,134,6,122,39,99,5,66,62,7,105"/><V32/><F120/><W89/><G127/><T124/><D113/><U76/><E38/><V18/><F117/><W128/><G128/><T54/><D124/><U59/><E104/><V129/><F70/><W37/><G134/><T41/><D131/><N who="2" m="50186" /><F103/><W118/><G118/><T42/><D108/><U110/><E69/><V126/><F126/><W107/><G122/><T63/><D28/><U67/><E110/><V44/><F111/><W12/><G105/><T121/><D96/><U2/><E2/><V86/><F0/><W102/><G102/><T35/><D35/><U78/><E133/><V25/><F32/><W36/><G107/><T119/><D119/><U40/><E40/><V101/><F101/><W31/><G31/><T97/><D97/><U48/><E33/><V27/><F86/><W34/><G34/><T109/><D109/><U132/><E132/><V17/><F17/><W106/><G106/><T4/><D4/><U9/><E9/><V49/><AGARI ba="0,0" hai="10,14,18,24,25,27,44,49,52,82,83" m="50186" machi="49" ten="40,3900,0" yaku="19,1,54,1" doraHai="116" who="2" fromWho="2" sc="149,-13,198,-13,297,39,356,-13" />
</Scene>
<Scene>
<INIT seed="2,1,0,5,5,93" ten="136,185,336,343" oya="2" hai0="96,79,55,100,77,68,6,75,85,95,31,91,107" hai1="54,61,72,123,60,50,121,17,51,82,112,14,11" hai2="81,128,53,135,49,33,80,35,4,10,58,127,45" hai3="131,117,9,24,110,130,124,73,99,46,5,43,8"/><V97/><F135/><W13/><G117/><T115/><D68/><U66/><E112/><V78/><F128/><W39/><G110/><T37/><D37/><U69/><E61/><V41/><F127/><W86/><G73/><T98/><D6/><U16/><E17/><V22/><F22/><W114/><G114/><T109/><D115/><U15/><E15/><V56/><F56/><W108/><G108/><T28/><D109/><U101/><E51/><V70/><F70/><W19/><G124/><T84/><D55/><U133/><E133/><V67/><F67/><W23/><G86/><N who="0" m="33387" /><D28/><U87/><E72/><V57/><F35/><W90/><G9/><T3/><D3/><U2/><E2/><V125/><F33/><W74/><G74/><T113/><D31/><U36/><E36/><V120/><F120/><W76/><G76/><N who="0" m="29259" /><D113/><U103/><E123/><V106/><F78/><W105/><REACH who="3" step="1"/><G90/><REACH who="3" ten="136,185,336,333" step="2"/><N who="0" m="55415" /><D75/><U1/><E121/><V32/><F125/><W126/><G126/><T21/><D21/><U88/><REACH who="1" step="1"/><E1/><REACH who="1" ten="136,175,336,333" step="2"/><V118/><F118/><W104/><G104/><T27/><D27/><U42/><E42/><V7/><F106/><W26/><G26/><T59/><D59/><AGARI ba="1,2" hai="11,14,16,50,54,59,60,66,69,82,87,88,101,103" machi="59" ten="30,7700,0" yaku="1,1,7,1,54,2,53,0" doraHai="93" doraHaiUra="94" who="1" fromWho="0" sc="136,-80,175,100,336,0,333,0" />
</Scene>
<Scene>
<INIT seed="3,0,0,5,5,36" ten="56,275,336,333" oya="3" hai0="6,98,127,38,83,39,62,7,21,14,9,40,119" hai1="10,15,102,103,3,91,55,96,68,128,57,49,37" hai2="35,79,112,69,110,22,72,80,99,59,18,5,64" hai3="1,19,48,134,4,100,58,88,89,67,63,82,33"/><W52/><G134/><T34/><D119/><U47/><E68/><V32/><F112/><W53/><G33/><T101/><D34/><U30/><E128/><V131/><F131/><W85/><G1/><T77/><D127/><U113/><E113/><V2/><F110/><W70/><G4/><T66/><D21/><U43/><E3/><V44/><F69/><W115/><G115/><T81/><D7/><U97/><E30/><V123/><F123/><W56/><G100/><T133/><D133/><U125/><E125/><V135/><F135/><W46/><G19/><T118/><D118/><U111/><E111/><V121/><F121/><W78/><G46/><T17/><D6/><U90/><E103/><V76/><F76/><W104/><G104/><T50/><D50/><AGARI ba="0,0" hai="48,50,52,53,56,58,63,67,70,78,82,85,88,89" machi="50" ten="30,11600,0" yaku="7,1,9,1,54,2" doraHai="36" who="3" fromWho="0" sc="56,-116,275,0,336,0,333,116" owari="-60,-56.0,275,-12.0,336,14.0,449,54.0" />
</Scene>
</mjloggm>