<mjloggm ver="2.3"><GO type="169" lobby="0"/><UN n0="%6D%61%65%2D%30%31%32%37" n1="%E5%A4%AA%E3%81%8F%E3%81%AA%E3%81%84%E3%81%8A" n2="%E9%88%B4%E4%BD%B3" n3="%EF%BC%A0%E3%81%BF%E3%82%84" dan="16,18,17,17" rate="2085.11,2237.69,2198.24,2137.89" sx="M,M,M,M"/><TAIKYOKU oya="0"/>

<Scene>
<INIT seed="0,0,0,1,1,105" ten="250,250,250,250" oya="0" hai0="61,22,103,8,107,27,123,60,70,43,99,3,14" hai1="100,31,97,104,101,117,7,1,83,134,29,40,42" hai2="28,36,45,16,72,121,119,44,109,23,68,113,59" hai3="48,106,122,75,135,17,71,37,82,124,64,93,102"/><T51/><D123/><U13/><E117/><V130/><F68/><W21/><G37/><T112/><D3/><U116/><E116/><V85/><F119/><W46/><G106/><T65/><D112/><U0/><E13/><V6/><F121/><W56/><G71/><T49/><D61/><U47/><E134/><V111/><F113/><W132/><G124/><T62/><D43/><U94/><E104/><V66/><F28/><W50/><G122/><T78/><D62/><U2/><E7/><V55/><F66/><W77/><G64/><T86/><D86/><U18/><E18/><V110/><F6/><W76/><G56/><T126/><D78/><U33/><E100/><V129/><F85/><W73/><G102/><T90/><D90/><U74/><E33/><V24/><F72/><N who="3" m="27723" /><G93/><T84/><D84/><U91/><E40/><N who="2" m="22535" /><F45/><W115/><G82/><T25/><D25/><U35/><E35/><V127/><F127/><W89/><G89/><T133/><D126/><U9/><E91/><V30/><F30/><W39/><G39/><T88/><D88/><U98/><E31/><V26/><F26/><N who="3" m="14639" /><G115/><T118/><D118/><U81/><E94/><V38/><F38/><W80/><G80/><T53/><D53/><U58/><E74/><V87/><F87/><W5/><G5/><N who="0" m="3343" /><D133/><N who="3" m="51273" /><G48/><AGARI ba="0,0" hai="16,23,24,48,55,59,109,110,111,129,130" m="22535" machi="48" ten="30,2000,0" yaku="14,1,54,1" doraHai="105" who="2" fromWho="3" sc="250,0,250,0,250,20,250,-20" />
</Scene>
<Scene>
<INIT seed="1,0,0,4,4,5" ten="250,250,270,230" oya="1" hai0="87,100,95,61,96,79,76,44,39,121,116,25,15" hai1="56,85,119,31,89,28,27,74,8,21,123,127,108" hai2="69,130,104,110,88,50,7,128,53,117,41,68,37" hai3="32,75,22,43,48,109,129,70,103,99,106,42,82"/><U122/><E119/><V35/><F117/><W20/><G32/><T9/><D116/><U33/><E74/><V59/><F104/><W67/><G109/><T2/><D2/><U93/><E127/><V60/><F35/><W10/><G129/><T111/><D111/><U113/><E108/><V72/><F72/><W133/><G133/><T51/><D39/><U11/><E113/><V3/><F110/><W4/><G70/><T46/><D121/><U135/><E135/><V12/><F3/><W40/><G67/><T90/><D25/><U29/><E33/><V49/><F88/><W131/><G131/><N who="2" m="50217" /><F7/><W6/><G6/><N who="0" m="3511" /><D61/><U64/><E123/><V102/><F12/><W66/><G66/><T126/><D126/><U115/><E115/><V26/><F26/><W118/><G48/><N who="2" m="18537" /><F102/><W114/><G118/><T84/><D46/><AGARI ba="0,0" hai="37,41,46,53,59,60,68,69" m="18537,50217" machi="46" ten="30,3900,0" yaku="19,1,34,2" doraHai="5" who="2" fromWho="0" sc="250,-39,250,0,270,39,230,0" />
</Scene>
<Scene>
<INIT seed="2,0,0,3,4,89" ten="211,250,309,230" oya="2" hai0="12,46,19,90,130,126,104,108,69,39,61,87,67" hai1="17,43,44,96,107,63,7,121,118,5,128,109,21" hai2="60,34,56,42,106,59,111,54,24,91,132,11,81" hai3="125,16,97,0,68,103,88,117,65,14,20,79,80"/><V92/><F106/><W35/><G125/><T58/><D104/><U73/><E118/><V48/><F132/><W123/><G117/><T72/><D108/><U70/><E73/><V36/><F36/><W135/><G135/><T95/><D72/><U57/><E70/><V86/><F111/><W133/><G133/><T53/><D126/><U101/><E128/><V77/><F11/><W131/><G131/><T50/><D130/><U83/><E83/><V114/><F114/><W100/><G123/><T29/><D29/><U62/><E121/><V41/><F24/><W3/><G35/><T33/><D33/><U38/><E109/><V26/><F26/><W27/><G100/><T49/><D49/><U127/><E127/><V2/><F2/><W112/><G112/><T1/><D1/><U71/><E71/><V120/><F34/><W40/><G40/><T64/><D39/><U99/><E99/><V13/><F13/><W94/><G103/><T25/><D25/><U113/><E62/><V105/><F105/><W134/><G134/><T9/><REACH who="0" step="1"/><D69/><REACH who="0" ten="201,250,309,230" step="2"/><U18/><E113/><V31/><F31/><W76/><G27/><T129/><D129/><U6/><REACH who="1" step="1"/><E21/><REACH who="1" ten="201,240,309,230" step="2"/><V122/><F122/><W32/><G32/><T28/><D28/><U82/><E82/><V116/><F120/><W10/><G80/><T22/><D22/><U75/><E75/><V98/><F116/><W30/><G30/><T119/><D119/><U85/><E85/><V55/><AGARI ba="0,2" hai="41,42,48,54,55,56,59,60,77,81,86,91,92,98" machi="55" ten="20,7800,0" yaku="0,1,7,1,8,1,52,1" doraHai="89" who="2" fromWho="2" sc="201,-26,240,-26,309,98,230,-26" />
</Scene>
<Scene>
<INIT seed="2,1,0,5,2,53" ten="175,214,407,204" oya="2" hai0="19,4,103,118,7,90,17,88,42,26,2,92,55" hai1="123,120,31,132,69,112,124,116,50,67,15,28,47" hai2="43,61,22,129,58,41,40,29,65,106,99,105,13" hai3="68,20,48,25,38,109,128,60,84,56,64,3,131"/><V62/><F129/><N who="3" m="49739" /><G109/><T57/><D118/><U80/><E116/><V23/><F23/><W126/><G126/><T117/><D117/><U113/><E124/><V10/><F99/><W76/><G38/><T70/><D70/><U134/><E15/><V75/><F75/><W66/><G3/><T5/><D2/><U37/><E80/><V46/><F46/><W33/><G33/><T54/><D42/><N who="1" m="22991" /><E28/><V1/><F1/><W18/><G48/><N who="0" m="30919" /><D55/><U79/><E79/><V121/><F121/><N who="1" m="46665" /><E31/><V96/><F96/><W16/><G66/><T122/><D122/><U14/><E14/><V127/><F127/><W108/><G108/><T45/><D45/><U101/><E101/><V73/><F73/><W12/><G68/><T21/><D19/><U8/><E8/><V135/><F135/><N who="1" m="51753" /><E50/><V27/><F106/><W32/><G32/><T94/><D103/><U102/><E102/><V9/><F105/><W97/><G97/><T52/><D94/><U0/><E0/><V107/><F107/><W86/><G76/><T111/><D111/><U77/><E77/><V82/><F82/><W36/><G36/><T72/><D72/><U71/><E71/><V78/><F78/><W39/><G39/><T91/><D92/><U95/><E95/><V125/><F125/><W30/><G30/><T51/><D91/><U11/><E11/><AGARI ba="1,0" hai="11,12,16,18,20,25,56,60,64,84,86" m="49739" machi="11" ten="30,3900,0" yaku="19,1,52,1,54,1" doraHai="53" who="3" fromWho="1" sc="175,0,214,-42,407,0,204,42" />
</Scene>
<Scene>
<INIT seed="3,0,0,5,1,0" ten="175,172,407,246" oya="3" hai0="74,109,124,77,102,116,58,56,41,113,79,48,93" hai1="76,105,104,120,44,94,53,90,69,98,107,80,73" hai2="18,110,99,26,50,89,85,123,3,9,37,103,17" hai3="47,101,54,81,52,131,14,21,84,49,1,70,118"/><W106/><G1/><T20/><D109/><U130/><E69/><V12/><F37/><W46/><G118/><T59/><D116/><U5/><E120/><V66/><F3/><W45/><G70/><T78/><D124/><U62/><E130/><V133/><F110/><W82/><G131/><T39/><D39/><U68/><E44/><N who="3" m="17002" /><G106/><T127/><D127/><U23/><E23/><V25/><F123/><W63/><G101/><T111/><D111/><U121/><E121/><V22/><F133/><W35/><G35/><T115/><D74/><U11/><E53/><V86/><F66/><W28/><G84/><T61/><D48/><U10/><REACH who="1" step="1"/><E5/><REACH who="1" ten="175,162,407,246" step="2"/><V135/><F135/><W24/><G54/><N who="0" m="33943" /><D41/><U34/><E34/><V16/><F50/><W95/><G52/><T7/><D7/><U6/><E6/><V88/><F26/><W125/><G49/><T83/><D20/><U60/><E60/><V32/><F32/><W119/><G63/><T29/><D29/><U2/><E2/><V51/><F51/><W132/><G47/><T65/><D65/><AGARI ba="0,1" hai="10,11,62,65,68,73,76,80,90,94,98,104,105,107" machi="65" ten="40,2600,0" yaku="1,1,53,1" doraHai="0" doraHaiUra="87" who="1" fromWho="0" sc="175,-26,162,36,407,0,246,0" />
</Scene>
<Scene>
<INIT seed="4,0,0,2,5,23" ten="149,198,407,246" oya="0" hai0="107,123,113,66,45,134,78,25,131,135,37,27,53" hai1="4,16,29,3,77,44,95,106,22,98,64,94,31" hai2="30,89,52,103,10,8,61,74,132,70,125,85,56" hai3="47,55,58,112,54,79,39,128,116,42,13,12,109"/><T96/><D78/><U118/><E118/><V50/><F74/><W92/><G109/><T21/><D123/><U68/><E106/><V73/><F73/><W38/><G116/><T63/><D113/><U86/><E68/><V5/><F132/><N who="0" m="50730" /><D131/><U82/><E64/><V99/><F125/><W105/><G105/><T48/><D21/><U124/><E124/><V104/><F30/><W67/><G112/><T71/><D37/><U7/><E44/><V24/><F24/><N who="0" m="9290" /><D107/><U72/><E72/><V91/><F91/><W36/><G39/><T15/><D15/><N who="1" m="9503" /><E3/><V83/><F5/><N who="1" m="2121" /><E95/><V101/><F101/><AGARI ba="0,0" hai="29,31,77,82,86,94,98,101" m="2121,9503" machi="101" ten="30,2000,0" yaku="8,1,54,1" doraHai="23" who="1" fromWho="2" sc="149,0,198,20,407,-20,246,0" />
</Scene>
<Scene>
<INIT seed="5,0,0,2,4,9" ten="149,218,387,246" oya="1" hai0="103,86,54,89,134,118,35,80,108,94,13,104,128" hai1="16,44,8,2,129,99,5,83,65,51,111,85,133" hai2="56,113,109,22,57,77,43,36,74,67,39,63,31" hai3="114,126,46,68,101,70,76,34,90,115,11,123,124"/><U45/><E129/><V30/><F109/><W10/><G123/><T41/><D35/><U25/><E111/><V105/><F105/><W78/><G101/><T53/><D108/><U75/><E75/><V17/><F113/><N who="3" m="43019" /><G90/><T130/><D118/><U112/><E112/><V21/><F77/><N who="3" m="29803" /><G46/><T93/><D134/><U107/><E133/><V79/><F79/><W50/><G50/><T18/><D41/><U14/><E65/><V64/><F74/><W97/><G97/><T38/><D38/><U73/><E73/><V42/><F17/><W100/><G100/><T24/><D24/><U122/><E122/><V106/><F106/><W84/><G84/><T47/><D104/><U61/><E61/><AGARI ba="0,0" hai="21,22,30,31,36,39,42,43,56,57,61,63,64,67" machi="61" ten="25,1600,0" yaku="22,2" doraHai="9" who="2" fromWho="1" sc="149,0,218,-16,387,16,246,0" />
</Scene>
<Scene>
<INIT seed="6,0,0,0,2,66" ten="149,202,403,246" oya="2" hai0="135,51,107,6,108,11,78,112,118,46,26,25,129" hai1="99,41,4,60,49,5,117,63,64,32,28,94,20" hai2="22,7,71,42,114,86,130,12,122,120,88,100,37" hai3="95,123,109,67,40,58,105,55,50,103,110,132,44"/><V102/><F71/><W16/><G123/><T134/><D107/><U121/><E32/><V72/><F72/><W127/><G105/><T18/><D78/><U61/><E117/><V15/><F114/><W125/><G132/><N who="0" m="50731" /><D51/><U54/><E41/><V9/><F130/><W35/><G35/><T17/><D46/><N who="1" m="27959" /><E64/><V133/><F133/><W89/><G67/><T14/><D108/><U0/><E0/><V76/><F76/><W82/><G82/><T104/><D104/><U74/><E74/><V101/><F37/><W36/><G103/><T31/><D112/><U21/><E121/><V8/><F42/><W3/><G3/><N who="0" m="479" /><D129/><U1/><E1/><V70/><F70/><W27/><G89/><T119/><D25/><N who="1" m="16423" /><E21/><V80/><REACH who="2" step="1"/><F22/><REACH who="2" ten="149,202,393,246" step="2"/><N who="3" m="13767" /><G109/><T48/><D48/><U84/><E84/><V45/><F45/><W19/><G110/><T85/><D85/><U115/><E115/><V93/><F93/><W128/><G44/><T97/><D97/><U56/><E56/><V124/><F124/><W13/><G95/><T113/><D113/><U111/><E111/><V24/><F24/><W38/><G40/><T96/><D96/><U69/><E69/><V73/><F73/><W131/><G128/><T62/><D119/><U79/><E79/><V43/><F43/><W98/><G131/><T59/><D118/><U91/><AGARI ba="0,1" hai="4,5,60,61,63,91,94,99" m="16423,27959" machi="91" ten="30,1100,0" yaku="8,1" doraHai="66" who="1" fromWho="1" sc="149,-3,202,21,393,-5,246,-3" />
</Scene>
<Scene>
<INIT seed="7,0,0,1,0,20" ten="146,223,388,243" oya="3" hai0="71,87,112,56,109,132,89,124,111,73,46,43,30" hai1="10,81,55,95,76,77,116,83,106,93,78,114,85" hai2="4,107,125,24,129,49,92,47,33,102,62,90,68" hai3="126,127,59,79,118,41,133,94,53,120,3,25,13"/><W86/><G3/><T70/><D73/><U19/><E106/><V42/><F129/><W58/><G120/><T67/><D30/><U32/><E32/><V37/><F125/><N who="3" m="47627" /><G133/><T45/><D124/><U110/><E110/><V115/><F115/><W28/><G118/><T15/><D87/><U97/><E114/><V134/><F134/><W103/><G41/><T69/><D15/><N who="1" m="7671" /><E116/><V17/><F4/><W54/><G13/><T72/><D72/><U7/><E7/><V0/><F0/><W8/><G8/><T66/><D89/><N who="1" m="53423" /><E55/><N who="3" m="21002" /><G103/><AGARI ba="0,0" hai="76,77,78,81,83,95,97,103" m="53423,7671" machi="103" ten="30,1000,0" yaku="8,1" doraHai="20" who="1" fromWho="3" sc="146,0,223,10,388,0,243,-10" owari="146,-35.0,233,3.0,388,49.0,233,-17.0" />
</Scene>
</mjloggm>