<mjloggm ver="2.3"><GO type="169" lobby="0"/><UN n0="%E3%83%97%E3%83%AD%E3%82%AD%E3%82%B7%E3%83%BC" n1="%E5%A4%AA%E3%81%8F%E3%81%AA%E3%81%84%E3%81%8A" n2="%E7%B4%94%EF%BC%93%E9%BE%8D%E9%96%80" n3="%E3%81%86%E3%81%A0%E3%81%A3%E3%81%B7" dan="16,18,16,17" rate="2156.37,2302.99,2105.12,2088.73" sx="M,M,F,M"/><TAIKYOKU oya="0"/>

<Scene>
<INIT seed="0,0,0,4,5,97" ten="250,250,250,250" oya="0" hai0="16,114,6,124,57,120,12,100,132,29,45,21,31" hai1="79,0,33,56,14,26,10,24,76,107,42,84,75" hai2="113,23,50,40,105,133,17,135,20,82,72,62,77" hai3="95,51,98,4,117,91,22,131,104,25,110,68,8"/><T119/><D120/><U109/><E0/><V44/><F113/><W127/><G110/><T19/><D114/><U46/><E75/><V73/><F73/><W66/><G117/><T93/><D119/><U35/><E107/><V103/><F62/><W18/><G131/><T52/><D124/><U81/><E79/><V106/><F23/><W86/><G127/><T13/><D132/><N who="2" m="50762" /><F103/><W41/><G68/><T89/><D45/><U101/><E109/><V11/><F11/><W3/><G66/><T121/><D6/><U28/><E56/><V38/><F38/><W60/><G60/><N who="0" m="35879" /><D100/><U134/><E134/><V69/><F69/><W27/><G104/><T96/><D121/><U74/><E101/><V112/><F112/><W34/><G34/><T67/><D67/><U70/><E70/><V5/><F5/><W2/><G2/><T61/><D61/><U85/><E33/><V63/><F63/><W36/><G36/><T115/><D115/><U1/><E24/><AGARI ba="0,0" hai="17,20,24,40,44,50,72,77,82,105,106" m="50762" machi="24" ten="30,1000,0" yaku="20,1" doraHai="97" who="2" fromWho="1" sc="250,0,250,-10,250,10,250,0" />
</Scene>
<Scene>
<INIT seed="1,0,0,1,0,18" ten="250,240,260,250" oya="1" hai0="86,112,73,104,61,78,93,94,37,135,101,97,117" hai1="76,90,54,26,48,87,25,105,3,52,67,4,30" hai2="31,130,91,43,129,62,35,8,47,118,114,109,59" hai3="92,33,113,75,77,74,127,49,41,5,80,81,66"/><U123/><E123/><V34/><F109/><W53/><G113/><T85/><D61/><U65/><E105/><V32/><F118/><W24/><G127/><T131/><D37/><U28/><E76/><V29/><F114/><W70/><G41/><T111/><D117/><U106/><E106/><V89/><F8/><W39/><G39/><T79/><D112/><U134/><E134/><V96/><F29/><N who="1" m="11369" /><E4/><V57/><F31/><W45/><G33/><T22/><D111/><U36/><E3/><V115/><F115/><W120/><G120/><T121/><D121/><U44/><E36/><V19/><F19/><W99/><G5/><T107/><D131/><N who="2" m="50186" /><F96/><W42/><G24/><N who="1" m="9322" /><E54/><N who="2" m="34103" /><F59/><W38/><G75/><T10/><D135/><U108/><E108/><V15/><F15/><W83/><G74/><T69/><D73/><U125/><E125/><V82/><F82/><AGARI ba="0,0" hai="44,48,52,65,67,82,87,90" m="9322,11369" machi="82" ten="30,2900,0" yaku="8,1,54,1" doraHai="18" who="1" fromWho="2" sc="250,0,240,29,260,-29,250,0" />
</Scene>
<Scene>
<INIT seed="1,1,0,3,0,43" ten="250,269,231,250" oya="1" hai0="97,127,8,57,21,129,118,56,85,11,74,105,89" hai1="78,113,25,39,116,41,70,99,130,114,26,133,14" hai2="48,63,79,122,132,52,94,7,49,110,102,2,45" hai3="124,117,131,54,134,35,87,37,24,80,36,34,19"/><U109/><E116/><V1/><F122/><W68/><G117/><T59/><D118/><U106/><E70/><V107/><F107/><W61/><G131/><T64/><D74/><U65/><E65/><V69/><F110/><W100/><G134/><T28/><D129/><U73/><E130/><V108/><F108/><W93/><G124/><T33/><D33/><U77/><E109/><V103/><F132/><W22/><G35/><T121/><D121/><U20/><E133/><V111/><F111/><W91/><G34/><T29/><D64/><U44/><E14/><V50/><F79/><W4/><G4/><T47/><D127/><U53/><E53/><V9/><F1/><W40/><G40/><T67/><D67/><U3/><E3/><V46/><F69/><W42/><G42/><T66/><D66/><U58/><E58/><V123/><F123/><W120/><G68/><T13/><D97/><U92/><E106/><V75/><F75/><W101/><G120/><T51/><D105/><U112/><E73/><V86/><F63/><W104/><G104/><T17/><D8/><U62/><E62/><V23/><F23/><W128/><G128/><T55/><D21/><U10/><E10/><V119/><F119/><W31/><G31/><T84/><D84/><U0/><E0/><V98/><F103/><N who="3" m="39499" /><G80/><AGARI ba="1,0" hai="11,13,17,28,29,47,51,55,56,57,59,80,85,89" machi="80" ten="40,8000,1" yaku="25,2,8,1,52,1" doraHai="43" who="0" fromWho="3" sc="250,83,269,0,231,0,250,-83" />
</Scene>
<Scene>
<INIT seed="2,0,0,5,4,15" ten="333,269,231,167" oya="2" hai0="23,112,121,82,86,34,135,66,88,3,45,119,114" hai1="7,97,85,53,36,84,95,64,100,13,49,41,59" hai2="101,6,117,10,8,17,127,80,29,96,102,132,104" hai3="14,1,120,0,98,106,118,109,25,79,5,126,46"/><V99/><F117/><W105/><G118/><T33/><D119/><U122/><E122/><V47/><F127/><W134/><G120/><T75/><D121/><U32/><E32/><V92/><F132/><W37/><G134/><T22/><D135/><U91/><E36/><V77/><F29/><W20/><G126/><T130/><D3/><U30/><E30/><V76/><F80/><W18/><G109/><T81/><D66/><U55/><E41/><V43/><F17/><W63/><G79/><T65/><D65/><U115/><E115/><V26/><F26/><W103/><G105/><T71/><D71/><U94/><E64/><V28/><F28/><W4/><G63/><T35/><D45/><U44/><E7/><V107/><F92/><W93/><G106/><T131/><D75/><U56/><E13/><V123/><F123/><W52/><G5/><T42/><D42/><U2/><E2/><V73/><F73/><W27/><G27/><T128/><D81/><U51/><REACH who="1" step="1"/><E44/><REACH who="1" ten="333,259,231,167" step="2"/><V19/><F6/><W54/><G37/><T21/><AGARI ba="0,1" hai="21,22,23,33,34,35,82,86,88,112,114,128,130,131" machi="21" ten="50,8000,1" yaku="0,1,29,2,19,1,54,1" doraHai="15" who="0" fromWho="0" sc="333,90,259,-20,231,-40,167,-20" />
</Scene>
<Scene>
<INIT seed="3,0,0,3,4,42" ten="423,239,191,147" oya="3" hai0="110,116,65,115,76,51,6,19,133,7,35,30,73" hai1="57,79,91,17,1,31,61,50,83,132,63,13,53" hai2="78,48,108,95,62,11,134,54,9,107,126,18,93" hai3="32,84,47,21,86,59,125,43,12,92,25,64,37"/><W87/><G125/><T52/><D116/><U0/><E132/><V74/><F108/><W129/><G129/><T109/><D133/><U124/><E124/><V118/><F107/><W130/><G130/><T2/><D65/><U90/><E31/><V85/><F118/><W66/><G92/><T100/><D100/><U60/><E0/><V123/><F74/><W88/><G59/><T49/><D49/><U101/><E1/><V56/><F134/><W75/><G75/><T69/><D69/><U102/><E91/><V131/><F123/><W70/><G70/><T71/><D71/><U104/><E90/><V26/><F131/><W23/><G32/><T117/><D117/><U20/><REACH who="1" step="1"/><E104/><REACH who="1" ten="423,229,191,147" step="2"/><V77/><F126/><W105/><G105/><T103/><D2/><U81/><E81/><V46/><F78/><W120/><G120/><T3/><D3/><U135/><E135/><V44/><F77/><W16/><REACH who="3" step="1"/><G88/><REACH who="3" ten="423,229,191,137" step="2"/><T15/><D35/><U38/><E38/><V67/><F95/><W80/><G80/><T98/><D103/><U5/><E5/><V128/><F128/><W97/><G97/><T10/><D98/><U94/><E94/><V55/><F93/><W99/><G99/><T28/><D6/><U112/><E112/><V41/><F85/><AGARI ba="0,2" hai="13,17,20,50,53,57,60,61,63,79,83,85,101,102" machi="85" ten="40,5200,0" yaku="1,1,8,1,53,1" doraHai="42" doraHaiUra="8" who="1" fromWho="2" sc="423,0,229,72,191,-52,137,0" />
</Scene>
<Scene>
<INIT seed="4,0,0,3,4,18" ten="423,301,139,137" oya="0" hai0="31,86,80,1,97,10,13,98,132,24,35,82,40" hai1="43,94,89,22,19,57,85,111,119,135,105,30,66" hai2="95,27,36,129,6,60,63,58,122,113,9,103,54" hai3="110,2,55,26,33,17,92,65,21,61,15,133,11"/><T118/><D118/><U37/><E111/><V83/><F122/><W102/><G110/><T59/><D132/><U77/><E119/><V112/><F36/><W67/><G133/><T104/><D1/><U56/><E105/><V99/><F129/><W68/><G67/><T117/><D117/><U69/><E135/><V115/><F83/><W48/><G102/><T100/><D97/><U47/><E30/><V64/><F27/><W90/><G33/><T32/><D35/><U96/><E69/><V45/><F45/><W106/><G2/><T8/><D40/><U123/><E66/><V130/><F130/><W78/><G78/><T93/><D104/><U28/><E28/><V116/><F116/><W76/><G76/><T84/><D59/><U126/><E123/><V81/><F81/><W25/><G11/><T4/><D8/><U88/><E77/><V125/><F125/><W75/><G106/><T101/><D101/><U121/><E126/><V38/><F38/><W53/><G53/><T23/><D32/><U72/><E72/><V70/><REACH who="2" step="1"/><F115/><REACH who="2" ten="423,301,129,137" step="2"/><W3/><G75/><T49/><D80/><U52/><E121/><V5/><F5/><W41/><G41/><T0/><D82/><N who="1" m="49207" /><E37/><V114/><F114/><W127/><G127/><T50/><D0/><AGARI ba="0,1" hai="0,6,9,54,58,60,63,64,70,95,99,103,112,113" machi="0" ten="40,1300,0" yaku="1,1,53,0" doraHai="18" doraHaiUra="42" who="2" fromWho="0" sc="423,-13,301,0,129,23,137,0" />
</Scene>
<Scene>
<INIT seed="5,0,0,2,0,54" ten="410,301,152,137" oya="1" hai0="13,28,3,0,4,17,112,96,92,11,67,8,62" hai1="32,36,77,135,44,31,5,27,111,42,60,90,121" hai2="63,73,123,124,65,57,125,70,117,52,108,119,91" hai3="64,33,39,72,115,120,24,19,107,95,118,41,6"/><U79/><E121/><V128/><F73/><W40/><G120/><T84/><D112/><U114/><E114/><V109/><F91/><W105/><G115/><T16/><D28/><U134/><E111/><N who="2" m="42571" /><F128/><W35/><G118/><N who="2" m="45065" /><F123/><W133/><G133/><N who="1" m="50698" /><E5/><V10/><F10/><W51/><G6/><T68/><D84/><U94/><E60/><AGARI ba="0,0" hai="52,57,60,63,65,70,124,125" m="45065,42571" machi="60" ten="40,8000,1" yaku="34,2,52,1,54,1" doraHai="54" who="2" fromWho="1" sc="410,0,301,-80,152,80,137,0" />
</Scene>
<Scene>
<INIT seed="6,0,0,5,2,104" ten="410,221,232,137" oya="2" hai0="10,27,6,59,3,94,4,49,78,22,131,57,32" hai1="117,98,21,81,111,73,14,97,53,77,135,42,37" hai2="63,134,54,56,8,44,52,95,72,40,51,90,88" hai3="110,19,125,34,25,91,115,112,23,17,75,92,83"/><V13/><F134/><W60/><G110/><T20/><D131/><U2/><E111/><V96/><F72/><W24/><G125/><T9/><D78/><U65/><E117/><V101/><F40/><W132/><G132/><T11/><D94/><U50/><E135/><V118/><F118/><W55/><G60/><T47/><D32/><U70/><E2/><V33/><F33/><W68/><G68/><T76/><D76/><U102/><E102/><V109/><F109/><W15/><G55/><T106/><D106/><U120/><E120/><V43/><F43/><W48/><G48/><T127/><D127/><U66/><E14/><V119/><F119/><W82/><G25/><T114/><D114/><N who="3" m="43561" /><G34/><T105/><D105/><U85/><E21/><N who="0" m="8297" /><D27/><U87/><E70/><V122/><F122/><W7/><G7/><AGARI ba="0,0" hai="7,8,13,44,51,52,54,56,63,88,90,95,96,101" machi="7" ten="30,11600,0" yaku="7,1,8,1,54,2" doraHai="104" who="2" fromWho="3" sc="410,0,221,0,232,116,137,-116" />
</Scene>
<Scene>
<INIT seed="6,1,0,0,0,105" ten="410,221,348,21" oya="2" hai0="103,32,77,133,34,5,69,83,1,10,123,122,95" hai1="112,117,16,126,116,64,124,21,52,104,48,109,76" hai2="100,132,2,46,58,72,114,20,101,9,88,17,59" hai3="54,66,91,6,23,30,31,60,93,45,61,14,62"/><V92/><F114/><W25/><G66/><T130/><D69/><U55/><E109/><V128/><F128/><W33/><G33/><T85/><D133/><U42/><E104/><V99/><F132/><W125/><G125/><N who="1" m="48234" /><E112/><V26/><F72/><W89/><G31/><T37/><D37/><U115/><E115/><V106/><F46/><W118/><G118/><T56/><D130/><U73/><E42/><V53/><F106/><W29/><G29/><T22/><D22/><U68/><E55/><V79/><F79/><W86/><G91/><T47/><D47/><N who="1" m="27679" /><E64/><V67/><F67/><W8/><REACH who="3" step="1"/><G45/><REACH who="3" ten="410,221,348,11" step="2"/><T80/><D34/><U49/><E68/><V12/><F101/><W75/><G75/><T39/><D32/><U50/><E116/><V24/><F100/><W41/><G41/><T121/><D103/><U134/><E117/><V78/><F78/><W35/><G35/><T94/><D77/><U19/><E134/><V44/><F44/><W70/><G70/><T71/><D71/><U90/><E90/><V110/><F110/><W57/><AGARI ba="1,1" hai="6,8,14,23,25,30,54,57,60,61,62,86,89,93" machi="57" ten="30,4000,0" yaku="1,1,0,1,8,1,53,0" doraHai="105" doraHaiUra="28" who="3" fromWho="3" sc="410,-11,221,-11,348,-21,11,53" />
</Scene>
<Scene>
<INIT seed="7,0,0,4,3,29" ten="399,210,327,64" oya="3" hai0="32,105,35,4,55,28,48,121,99,75,62,83,54" hai1="18,52,123,27,81,110,122,92,114,8,47,69,107" hai2="130,115,88,117,87,33,98,50,112,89,73,72,94" hai3="128,11,43,49,134,10,59,64,103,37,12,124,74"/><W125/><G128/><T19/><D121/><U34/><E107/><V25/><F50/><W118/><G134/><T77/><D4/><U56/><E110/><V9/><F9/><W68/><G118/><T14/><D28/><U113/><E69/><V57/><F57/><W67/><G74/><N who="2" m="28777" /><F25/><W36/><G103/><T21/><D62/><N who="1" m="36103" /><E81/><N who="2" m="49263" /><F33/><W78/><G78/><T116/><D55/><U120/><E92/><V6/><F6/><W17/><G68/><T106/><D116/><U60/><E60/><V96/><F117/><W0/><G0/><T45/><D106/><U135/><E135/><V100/><F130/><W23/><G10/><T70/><D70/><U131/><E131/><V132/><F132/><W53/><G11/><T90/><D105/><AGARI ba="0,0" hai="89,94,96,98,100,105,112,115" m="49263,28777" machi="105" ten="30,3900,0" yaku="34,2,54,1" doraHai="29" who="2" fromWho="0" sc="399,-39,210,0,327,39,64,0" owari="360,16.0,210,-19.0,366,47.0,64,-44.0" />
</Scene>
</mjloggm>