<mjloggm ver="2.3"><GO type="169" lobby="0"/><UN n0="%E3%83%81%E3%83%A7%E3%82%B3%E3%83%AD%E3%83%9C%E3%82%AF%E3%83%B3" n1="%E6%9D%BE%E5%AE%9F%E7%8E%84%E3%81%98%E3%82%83%E3%81%AA%E3%81%84" n2="%E5%A4%AA%E3%81%8F%E3%81%AA%E3%81%84%E3%81%8A" n3="%6D%61%63%6A%72" dan="16,17,18,18" rate="2068.16,2205.81,2258.40,2208.85" sx="M,F,M,M"/><TAIKYOKU oya="0"/>

<Scene>
<INIT seed="0,0,0,3,0,6" ten="250,250,250,250" oya="0" hai0="34,102,74,2,76,47,45,32,31,52,63,36,30" hai1="56,17,82,75,57,89,113,8,127,10,125,14,29" hai2="59,135,84,69,22,62,114,93,121,104,60,67,61" hai3="97,118,105,128,79,73,101,11,72,103,87,50,1"/><T78/><D2/><U66/><E113/><V39/><F104/><W42/><G118/><T21/><D102/><U27/><E66/><V111/><F114/><W3/><G3/><T115/><D115/><U19/><E89/><V48/><F121/><W7/><G128/><T100/><D100/><U110/><E110/><V40/><F111/><W123/><G123/><T109/><D109/><U49/><E82/><V28/><F135/><W129/><G129/><T116/><D116/><U99/><E99/><V37/><F28/><W70/><G70/><T26/><D36/><N who="2" m="13898" /><F22/><W108/><G108/><T13/><D74/><U46/><E75/><V122/><F93/><W96/><G42/><T133/><D133/><U124/><E19/><V20/><F20/><W18/><G50/><T81/><D81/><U4/><E29/><V117/><F84/><W77/><G18/><T132/><D132/><U12/><E27/><V64/><F122/><W130/><G130/><T112/><D112/><U0/><E0/><V91/><F91/><W86/><G73/><T107/><D107/><U5/><E17/><V9/><F9/><W41/><G41/><AGARI ba="0,0" hai="4,5,8,10,12,14,41,46,49,56,57,124,125,127" machi="41" ten="40,8000,1" yaku="9,1,18,1,52,2" doraHai="6" who="1" fromWho="3" sc="250,0,250,80,250,0,250,-80" />
</Scene>
<Scene>
<INIT seed="1,0,0,4,0,24" ten="250,330,250,170" oya="1" hai0="87,84,70,104,114,98,116,108,38,53,65,121,45" hai1="93,97,94,10,5,42,99,13,77,54,62,102,26" hai2="126,30,36,132,3,90,55,21,85,4,52,101,41" hai3="89,115,56,9,8,74,78,128,37,44,127,39,51"/><U27/><E42/><V28/><F126/><W64/><G115/><T119/><D114/><U22/><E77/><V134/><F101/><W57/><G127/><T58/><D108/><U130/><E130/><V125/><F125/><W112/><G112/><T122/><D98/><U20/><E62/><V23/><F3/><W14/><G128/><T117/><D104/><U33/><E54/><N who="2" m="20523" /><F4/><W67/><G74/><T100/><D100/><U31/><REACH who="1" step="1"/><E27/><REACH who="1" ten="250,320,250,170" step="2"/><V95/><F41/><N who="3" m="24975" /><G78/><T60/><D53/><U49/><E49/><V109/><F36/><W43/><G39/><T25/><D25/><U133/><E133/><N who="2" m="51307" /><F109/><W18/><G37/><T103/><D38/><U129/><E129/><V6/><F6/><W19/><G43/><T16/><D60/><U59/><E59/><V135/><F135/><W123/><G56/><T124/><D58/><U29/><E29/><AGARI ba="0,1" hai="21,23,28,29,30,85,90,95" m="51307,20523" machi="29" ten="30,8000,1" yaku="20,1,52,3,54,1" doraHai="24" who="2" fromWho="1" sc="250,0,320,-80,250,90,170,0" />
</Scene>
<Scene>
<INIT seed="2,0,0,4,2,106" ten="250,240,340,170" oya="2" hai0="133,114,52,36,11,86,128,95,26,87,50,73,132" hai1="35,90,8,84,6,5,51,122,41,30,96,111,107" hai2="34,24,71,64,130,62,27,56,120,10,76,67,103" hai3="123,74,101,131,112,13,17,32,108,21,91,0,57"/><V105/><F120/><W2/><G123/><T60/><D36/><U25/><E122/><V28/><F130/><W121/><G121/><T69/><D114/><U97/><E111/><V37/><F37/><W58/><G108/><T94/><D128/><U127/><E127/><V124/><F124/><W45/><G131/><T119/><D119/><U72/><E72/><V65/><F56/><W9/><G112/><T40/><D40/><U77/><E77/><V113/><F113/><W118/><G32/><T20/><D11/><U42/><E5/><V83/><F24/><W63/><G118/><T75/><D60/><U99/><E51/><V44/><F44/><W19/><G101/><T79/><D69/><U15/><REACH who="1" step="1"/><E107/><REACH who="1" ten="250,230,340,170" step="2"/><V70/><F70/><W98/><G74/><T100/><D79/><U3/><E3/><V110/><F110/><W88/><G2/><T61/><D50/><U46/><E46/><V102/><F105/><W82/><G0/><T66/><D75/><U18/><E18/><V38/><F38/><W16/><G45/><T129/><D73/><U134/><E134/><V48/><F48/><W85/><G9/><T116/><D129/><U4/><E4/><V125/><F125/><W22/><G13/><T14/><D14/><U68/><E68/><V7/><F71/><W47/><G47/><T49/><D133/><U33/><E33/><V12/><F62/><W117/><G117/><T104/><D116/><U80/><AGARI ba="0,1" hai="6,8,15,25,30,35,41,42,80,84,90,96,97,99" machi="80" ten="30,7900,0" yaku="1,1,0,1,53,2" doraHai="106" doraHaiUra="39" who="1" fromWho="1" sc="250,-20,230,89,340,-39,170,-20" />
</Scene>
<Scene>
<INIT seed="3,0,0,2,0,103" ten="230,319,301,150" oya="3" hai0="135,3,37,82,114,70,107,26,25,13,90,123,2" hai1="101,85,95,27,104,43,120,119,15,86,93,33,75" hai2="4,92,16,17,68,6,125,96,130,74,49,41,87" hai3="57,99,83,115,60,20,122,28,34,78,40,133,105"/><W111/><G115/><T45/><D123/><U21/><E33/><V76/><F68/><W9/><G122/><T36/><D70/><U71/><E71/><V124/><F74/><W46/><G133/><T39/><D135/><U48/><E75/><V58/><F130/><W23/><G111/><T116/><D116/><U11/><E104/><V100/><F76/><W1/><G34/><T88/><D107/><U112/><E112/><V109/><F87/><W84/><G28/><T5/><D114/><U64/><E64/><V61/><F109/><W47/><G1/><T118/><D118/><U73/><E73/><V66/><F41/><W38/><G9/><T108/><D108/><U128/><E101/><V129/><F49/><W121/><G121/><T134/><D134/><U97/><E95/><V110/><F129/><W79/><G78/><T98/><D2/><U72/><E72/><V30/><F110/><W18/><G47/><T67/><D3/><U54/><E43/><V77/><F77/><W106/><G99/><T132/><D132/><U35/><E35/><V117/><F30/><W0/><G0/><T51/><D37/><U52/><E128/><V14/><F17/><W89/><G79/><T102/><D39/><U127/><E119/><V8/><REACH who="2" step="1"/><F117/><REACH who="2" ten="230,319,291,150" step="2"/><W62/><G62/><T32/><D36/><U22/><E48/><V126/><AGARI ba="0,1" hai="4,6,8,14,16,58,61,66,92,96,100,124,125,126" machi="126" ten="30,8000,1" yaku="1,1,2,1,0,1,18,1,54,1,53,0" doraHai="103" doraHaiUra="24" who="2" fromWho="2" sc="230,-20,319,-20,291,90,150,-40" />
</Scene>
<Scene>
<INIT seed="4,0,0,0,1,0" ten="210,299,381,110" oya="0" hai0="122,41,125,128,11,126,116,58,9,31,110,89,117" hai1="87,121,57,107,70,101,7,106,43,27,96,118,90" hai2="97,64,127,55,72,46,28,16,32,108,56,73,30" hai3="82,111,20,83,113,102,44,135,54,17,15,8,67"/><T103/><D103/><U93/><E70/><V37/><F108/><W131/><G111/><T5/><D110/><U59/><E121/><V35/><F127/><N who="0" m="48650" /><D41/><U25/><E107/><V34/><F97/><W2/><G113/><T60/><D122/><U81/><E43/><V10/><F64/><W29/><G131/><T76/><D76/><U63/><E59/><V66/><F66/><W39/><G135/><T109/><D109/><U134/><E134/><V99/><F99/><W115/><G115/><T92/><D31/><U133/><E118/><V112/><F112/><W24/><G102/><T12/><D128/><U50/><E50/><V65/><F65/><W53/><G67/><N who="0" m="39319" /><D11/><U78/><E133/><V52/><F28/><W123/><G123/><T95/><D95/><U62/><E78/><V91/><F30/><W51/><G39/><T19/><D19/><U33/><E93/><V49/><F91/><W124/><G124/><T114/><D114/><U61/><E106/><V84/><F37/><W6/><REACH who="3" step="1"/><G54/><REACH who="3" ten="210,299,381,100" step="2"/><T77/><D77/><U4/><E101/><V22/><F52/><W18/><G18/><T47/><D47/><U94/><E57/><V105/><F56/><W26/><G26/><T80/><D80/><U119/><E27/><V120/><F120/><W69/><G69/><T79/><D79/><N who="1" m="46527" /><E119/><V130/><F130/><W40/><G40/><T88/><D89/><U74/><E74/><V42/><F42/><W48/><G48/><T98/><AGARI ba="0,1" hai="5,9,12,88,92,98,116,117" m="39319,48650" machi="98" ten="30,6000,0" yaku="18,1,52,1,54,1" doraHai="0" who="0" fromWho="0" sc="210,70,299,-20,381,-20,100,-20" />
</Scene>
<Scene>
<INIT seed="4,1,0,4,5,7" ten="280,279,361,80" oya="0" hai0="26,4,37,117,124,75,130,132,119,99,66,63,67" hai1="100,12,104,122,31,115,105,19,73,20,49,127,45" hai2="89,6,90,84,110,32,118,3,112,131,55,9,58" hai3="109,126,74,36,81,48,69,93,128,125,34,61,52"/><T33/><D75/><U54/><E122/><V87/><F110/><W68/><G34/><T83/><D37/><U120/><E120/><V16/><F32/><W97/><G36/><T29/><D124/><N who="3" m="47721" /><G109/><T78/><D130/><U27/><E73/><V10/><F131/><W91/><G128/><T64/><D132/><U108/><E108/><V1/><F112/><W106/><G61/><T82/><D4/><U92/><E127/><V133/><F133/><W95/><G106/><T21/><D33/><U28/><E28/><V134/><F134/><W8/><G93/><T79/><D99/><U53/><E115/><V129/><F129/><W11/><G69/><T101/><D101/><U98/><REACH who="1" step="1"/><E54/><REACH who="1" ten="280,269,361,80" step="2"/><V41/><F55/><W111/><G111/><T23/><D29/><U24/><E24/><V116/><F116/><W85/><G74/><T18/><D26/><U2/><E2/><V135/><F118/><W25/><G25/><T80/><D117/><U30/><E30/><V15/><F135/><W42/><G68/><T38/><D119/><U88/><E88/><V5/><F41/><W40/><G40/><T70/><D70/><U123/><E123/><V43/><F43/><W35/><G35/><AGARI ba="1,1" hai="12,19,20,27,31,35,45,49,53,92,98,100,104,105" machi="35" ten="30,2000,0" yaku="1,1,7,1,53,0" doraHai="7" doraHaiUra="113" who="1" fromWho="3" sc="280,0,269,33,361,0,80,-23" />
</Scene>
<Scene>
<INIT seed="5,0,0,2,0,21" ten="280,302,361,57" oya="1" hai0="108,57,95,22,113,47,135,91,111,4,36,102,2" hai1="92,118,107,77,63,82,49,97,25,88,43,18,29" hai2="117,11,55,62,13,131,51,94,52,0,23,58,90" hai3="3,67,33,15,24,12,34,48,109,100,81,106,56"/><U74/><E118/><V114/><F117/><W68/><G3/><T37/><D135/><U115/><E115/><V70/><F131/><W80/><G109/><T84/><D113/><U1/><E1/><V104/><F104/><W105/><G56/><T79/><D102/><U128/><E128/><V42/><F114/><W20/><G48/><T30/><D57/><U72/><E72/><V53/><F0/><W71/><G20/><T126/><D126/><U28/><E63/><V10/><F70/><W31/><G100/><T96/><D79/><U5/><E5/><N who="2" m="3279" /><F11/><W76/><G76/><T125/><D125/><U124/><E124/><V17/><F42/><W86/><G31/><T78/><D4/><U89/><E107/><V8/><F8/><W39/><G67/><T46/><D2/><U121/><E121/><V64/><F51/><W16/><G86/><T26/><D36/><U60/><E60/><V32/><F32/><W41/><G41/><T120/><D37/><U83/><E43/><V75/><F75/><W87/><G87/><T127/><D127/><U14/><E49/><V85/><F64/><W7/><G39/><T50/><D120/><U112/><E112/><V133/><F133/><W59/><G7/><T35/><D35/><U119/><E119/><V9/><F9/><W130/><G130/><T19/><D50/><U66/><E66/><V73/><F73/><W116/><G116/><T44/><D108/><U54/><E74/><V110/><F110/><W129/><G129/><T65/><D111/><U40/><E40/><V61/><F58/><W132/><G59/><RYUUKYOKU ba="0,0" sc="280,-10,302,-10,361,30,57,-10" hai2="17,23,52,53,55,61,62,85,90,94" />
</Scene>
<Scene>
<INIT seed="6,1,0,2,0,116" ten="270,292,391,47" oya="2" hai0="90,70,133,108,50,41,77,99,85,75,56,3,21" hai1="118,38,103,36,64,10,16,134,112,127,7,84,30" hai2="117,57,105,65,78,44,122,14,60,123,1,131,97" hai3="135,0,74,49,68,27,37,43,48,115,87,101,24"/><V80/><F1/><W98/><G74/><T34/><D34/><U6/><E118/><V13/><F117/><W128/><G0/><T120/><D70/><U104/><E64/><V113/><F113/><W26/><G68/><T32/><D32/><U83/><E112/><V63/><F131/><W114/><G128/><T55/><D108/><U20/><E30/><V39/><F63/><W71/><G71/><T100/><D3/><U11/><E134/><V102/><F39/><W61/><G135/><T121/><D133/><U67/><E67/><V12/><REACH who="2" step="1"/><F44/><REACH who="2" ten="270,292,381,47" step="2"/><W28/><G61/><T2/><D2/><U89/><E38/><V96/><F96/><W42/><G37/><T126/><D126/><U69/><E36/><V22/><F22/><W125/><G125/><T17/><D21/><U132/><E132/><V91/><F91/><W46/><G114/><T19/><D90/><U119/><E119/><V18/><F18/><W107/><G115/><T76/><D19/><U82/><E16/><V45/><F45/><W92/><G46/><T124/><D17/><U9/><E20/><V111/><F111/><W58/><G58/><T110/><D110/><U15/><E127/><V81/><F81/><W8/><G48/><T5/><D124/><U35/><E35/><V86/><AGARI ba="1,1" hai="12,13,14,57,60,65,78,80,86,97,102,105,122,123" machi="86" ten="30,12000,1" yaku="1,1,0,1,52,2,53,1" doraHai="116" doraHaiUra="52" who="2" fromWho="2" sc="270,-41,292,-41,381,133,47,-41" />
</Scene>
<Scene>
<INIT seed="6,2,0,2,3,60" ten="229,251,514,6" oya="2" hai0="57,48,89,80,37,68,101,104,103,19,132,26,65" hai1="75,125,29,130,9,121,34,108,58,81,86,16,106" hai2="111,96,45,20,42,2,47,11,97,5,36,129,66" hai3="115,54,59,78,61,17,72,55,27,91,99,21,39"/><V127/><F127/><W94/><G39/><T119/><D37/><U56/><E108/><V70/><F111/><W40/><G115/><T64/><D68/><U25/><E75/><V100/><F129/><W8/><G40/><T107/><D132/><U38/><E130/><V73/><F47/><W117/><G117/><T15/><D26/><U62/><E125/><V1/><F20/><W31/><G72/><T92/><D80/><U112/><E112/><V88/><F2/><W124/><G124/><T24/><D24/><U52/><E106/><V43/><F43/><W116/><G116/><T82/><D82/><U110/><E110/><V53/><F53/><N who="3" m="34031" /><G78/><T63/><D107/><U6/><E121/><V76/><F100/><N who="0" m="38474" /><D104/><U14/><E58/><V135/><F135/><W74/><G74/><T79/><D79/><U35/><E38/><V41/><F41/><W84/><G99/><N who="0" m="57743" /><D48/><U49/><E49/><V113/><F113/><W18/><G31/><T93/><D93/><U69/><E69/><V90/><F96/><W22/><G8/><N who="0" m="6631" /><D119/><U3/><E35/><V95/><F76/><W4/><G4/><T13/><D13/><AGARI ba="2,0" hai="13,17,18,21,22,27,54,55,84,91,94" m="34031" machi="13" ten="30,1000,0" yaku="8,1" doraHai="60" who="3" fromWho="0" sc="229,-16,251,0,514,0,6,16" />
</Scene>
<Scene>
<INIT seed="7,0,0,5,3,69" ten="213,251,514,22" oya="3" hai0="103,123,28,17,1,81,24,67,37,86,107,43,30" hai1="38,95,68,75,124,45,70,44,5,129,84,63,98" hai2="110,31,46,119,73,48,13,9,134,47,132,4,36" hai3="109,111,108,23,3,42,96,130,74,16,93,128,82"/><W33/><G33/><T60/><D1/><U94/><E75/><V114/><F110/><W11/><G42/><T2/><D2/><U89/><E38/><V135/><F114/><W39/><G39/><T22/><D123/><U29/><E5/><V15/><F119/><W61/><G61/><T59/><D107/><U18/><E29/><V116/><F116/><W131/><G74/><T71/><D71/><U88/><E129/><V65/><F73/><W133/><G133/><T10/><D103/><U104/><E104/><V101/><F101/><N who="3" m="60559" /><G82/><T62/><D62/><U40/><E124/><V64/><F36/><W72/><G72/><T127/><D127/><U92/><E70/><V83/><F83/><W76/><G76/><T55/><D67/><U50/><E68/><V90/><F64/><W41/><G41/><T126/><D126/><U14/><E63/><V117/><F65/><W53/><G53/><T25/><D43/><U87/><E50/><V121/><F117/><W78/><G78/><T57/><D37/><U51/><E51/><V115/><F48/><W54/><G54/><T12/><D55/><U77/><E77/><V58/><F134/><W120/><G120/><T49/><D49/><U35/><E35/><V105/><F121/><W91/><G91/><N who="0" m="51663" /><D60/><U100/><E40/><V102/><F90/><W122/><G122/><T99/><D99/><U56/><E56/><V34/><F135/><W6/><G109/><T19/><D30/><U80/><E80/><V106/><F132/><W85/><G85/><T112/><D59/><U0/><E0/><V20/><F102/><RYUUKYOKU ba="0,0" sc="213,-15,251,15,514,-15,22,15" hai1="14,18,44,45,84,87,88,89,92,94,95,98,100" hai3="3,6,11,16,23,108,111,128,130,131" />
</Scene>
<Scene>
<INIT seed="7,1,0,0,0,1" ten="198,266,499,37" oya="3" hai0="81,27,19,61,56,129,40,54,127,104,20,126,68" hai1="90,105,101,42,131,111,64,32,125,108,77,122,88" hai2="97,31,48,113,85,80,110,69,100,57,71,5,123" hai3="47,130,117,98,3,91,76,95,17,16,12,83,65"/><W133/><G117/><T18/><D104/><U50/><E32/><V92/><F110/><W102/><G3/><T52/><D129/><U86/><E64/><V94/><F31/><W11/><G130/><T30/><D68/><U119/><E131/><V13/><F113/><W106/><G133/><T34/><D40/><U37/><E37/><V55/><F123/><W49/><G65/><T96/><D96/><U6/><E6/><V35/><F35/><W58/><G58/><T59/><D81/><U53/><E42/><V7/><F71/><W25/><G25/><T87/><D87/><U89/><E122/><V66/><F69/><W8/><G106/><T72/><D72/><U135/><E125/><N who="0" m="47625" /><D34/><U79/><E135/><V23/><F92/><W75/><G102/><T128/><D128/><U38/><E38/><V78/><F66/><W103/><G103/><T99/><D99/><U46/><E119/><V43/><F43/><W107/><G107/><T28/><D28/><U132/><E132/><V60/><F60/><AGARI ba="1,0" hai="18,19,20,27,30,52,54,56,59,60,61" m="47625" machi="60" ten="30,2000,0" yaku="18,1,54,1" doraHai="1" who="0" fromWho="2" sc="198,23,266,0,499,-23,37,0" owari="221,-18.0,266,7.0,476,57.0,37,-46.0" />
</Scene>
</mjloggm>