<mjloggm ver="2.3"><GO type="169" lobby="0"/><UN n0="%E3%83%90%E3%83%90%E3%82%A2%E3%81%AE%E6%97%A5%E5%82%98" n1="%E5%A4%AA%E3%81%8F%E3%81%AA%E3%81%84%E3%81%8A" n2="%E3%81%84%E3%81%AA%E3%81%97%E3%82%93%E3%80%82" n3="%E6%96%91%E7%9B%AE%56" dan="16,17,17,17" rate="2137.18,2262.47,2096.97,2161.96" sx="F,M,M,M"/><TAIKYOKU oya="0"/>

<Scene>
<INIT seed="0,0,0,2,4,102" ten="250,250,250,250" oya="0" hai0="93,4,133,69,47,82,121,43,17,101,117,20,45" hai1="54,96,62,46,112,76,68,92,75,74,10,78,106" hai2="60,37,7,38,52,120,23,134,128,51,104,57,5" hai3="29,61,99,88,109,28,97,41,0,66,111,81,9"/><T125/><D121/><U39/><E112/><V58/><F104/><W115/><G41/><T114/><D117/><U59/><E10/><V87/><F120/><W25/><G99/><T11/><D114/><U84/><E76/><V73/><F73/><W80/><G80/><T34/><D34/><U65/><E84/><V63/><F134/><W49/><G49/><T42/><D69/><U1/><E1/><V119/><F128/><W107/><G115/><T103/><D125/><U22/><E78/><V48/><F119/><W16/><G107/><T14/><D82/><U18/><E106/><V131/><F131/><W124/><G124/><T2/><D133/><U40/><E92/><V98/><F98/><W6/><G16/><T33/><D33/><U79/><E96/><V31/><F87/><N who="3" m="50287" /><G97/><T77/><D77/><U100/><E79/><V113/><F113/><W86/><G86/><T90/><D90/><U71/><E100/><V3/><F3/><W72/><G25/><T110/><D93/><U12/><REACH who="1" step="1"/><E71/><REACH who="1" ten="250,240,250,250" step="2"/><V35/><F5/><W36/><G6/><T13/><D2/><U135/><E135/><V21/><F7/><W95/><G9/><T123/><D123/><U8/><E8/><V127/><F127/><W132/><G95/><T53/><D103/><U129/><E129/><V27/><F35/><W105/><G0/><T116/><D101/><U70/><E70/><V83/><F83/><W64/><G132/><T85/><D85/><U30/><E30/><V50/><F21/><W32/><G105/><T24/><D20/><U19/><E19/><V126/><F126/><RYUUKYOKU ba="0,1" sc="250,-15,240,15,250,15,250,-15" hai1="12,18,22,39,40,46,54,59,62,65,68,74,75" hai2="23,27,31,37,38,48,50,51,52,57,58,60,63" />
</Scene>
<Scene>
<INIT seed="1,1,1,0,3,93" ten="235,255,265,235" oya="1" hai0="102,39,43,110,21,63,45,122,82,35,3,75,61" hai1="51,87,124,11,114,135,99,117,47,60,97,28,76" hai2="103,81,38,125,123,127,48,119,19,112,5,115,25" hai3="33,70,79,12,37,30,15,111,121,118,90,34,41"/><U77/><E114/><N who="2" m="43563" /><F38/><W22/><G70/><T16/><D110/><U14/><E117/><V129/><F119/><W78/><G118/><T6/><D35/><U134/><E28/><V66/><F123/><W17/><G121/><T108/><D108/><U7/><E124/><N who="2" m="47691" /><F66/><W67/><G67/><T10/><D102/><U106/><E60/><V68/><F68/><W26/><G111/><T54/><D54/><U29/><E29/><V0/><F129/><W86/><G41/><T128/><D128/><U55/><E106/><V2/><F5/><W65/><G65/><T84/><D122/><U73/><E73/><V85/><F48/><W42/><G37/><T53/><D53/><U94/><E87/><V9/><F103/><W8/><G42/><T92/><D75/><U20/><E20/><N who="2" m="13471" /><F9/><W36/><G36/><T130/><D130/><U89/><REACH who="1" step="1"/><E99/><REACH who="1" ten="235,245,265,235" step="2"/><V50/><F50/><W101/><G86/><T113/><D113/><U58/><E58/><V1/><F1/><W88/><G30/><T72/><D72/><U52/><E52/><V57/><F57/><W46/><G46/><T107/><D63/><U62/><E62/><V131/><F131/><W71/><G71/><T120/><D61/><U105/><E105/><V40/><F40/><W95/><G34/><T24/><D107/><U56/><E56/><V96/><F96/><W64/><G33/><T104/><D104/><U59/><E59/><V74/><F74/><W83/><G64/><T98/><D120/><U91/><E91/><AGARI ba="1,2" hai="0,2,81,85,91" m="13471,47691,43563" machi="91" ten="30,2000,0" yaku="11,1,18,1" doraHai="93" who="2" fromWho="1" sc="235,0,245,-23,265,43,235,0" />
</Scene>
<Scene>
<INIT seed="2,0,0,5,4,84" ten="235,222,308,235" oya="2" hai0="81,112,13,92,54,52,102,122,106,19,12,88,70" hai1="87,117,123,33,132,86,18,107,103,128,25,61,99" hai2="74,44,131,20,36,32,101,64,116,129,51,113,135" hai3="4,37,8,14,66,50,73,21,125,46,27,2,124"/><V48/><F116/><W126/><G73/><T115/><D122/><U83/><E117/><V105/><F74/><W82/><G37/><T134/><D70/><U40/><E123/><V60/><F113/><W45/><G66/><T98/><D134/><U34/><E132/><V0/><F32/><W38/><G38/><T127/><D127/><U5/><E5/><V121/><F121/><W96/><G2/><T9/><D81/><U80/><E40/><V77/><F0/><W104/><G50/><T108/><D108/><U120/><E120/><V85/><F135/><W56/><G56/><T130/><D130/><U43/><E43/><V109/><F109/><W11/><G11/><T58/><D13/><U30/><E128/><V24/><F36/><W6/><G82/><T16/><D19/><U10/><E33/><V42/><F51/><W93/><G104/><T97/><D54/><U41/><E41/><V75/><F75/><W15/><G15/><T29/><D29/><U95/><E18/><V28/><F77/><W55/><G55/><T114/><D112/><U67/><E10/><V100/><F85/><N who="1" m="32265" /><E95/><V65/><F105/><W23/><G4/><T71/><D71/><AGARI ba="0,0" hai="25,30,34,61,67,71,80,83,99,103,107" m="32265" machi="71" ten="30,1000,0" yaku="25,1" doraHai="84" who="1" fromWho="0" sc="235,-10,222,10,308,0,235,0" />
</Scene>
<Scene>
<INIT seed="3,0,0,2,5,94" ten="225,232,308,235" oya="3" hai0="131,25,89,65,33,116,135,113,13,9,75,63,84" hai1="6,34,114,103,24,115,64,45,14,15,12,16,22" hai2="67,100,91,66,49,70,60,134,68,125,127,133,121" hai3="96,79,82,0,42,47,101,50,107,4,61,97,44"/><W8/><G61/><T19/><D116/><U129/><E64/><V106/><F91/><W110/><G110/><T32/><D75/><U99/><E129/><V39/><F100/><W93/><G44/><T80/><D131/><U57/><E57/><V102/><F102/><W112/><G112/><T132/><D113/><U2/><E45/><V40/><F106/><W123/><G123/><T130/><D130/><U27/><E2/><V124/><F49/><W38/><G96/><T43/><D43/><U81/><E6/><V76/><F76/><W56/><G56/><N who="0" m="37095" /><D25/><U88/><E27/><V69/><F121/><W86/><REACH who="3" step="1"/><G107/><REACH who="3" ten="225,232,308,225" step="2"/><T31/><D135/><N who="2" m="51722" /><F67/><W71/><G71/><T55/><D132/><U26/><E103/><V17/><F17/><W90/><G90/><T23/><D89/><U35/><E35/><V119/><F119/><W59/><G59/><T30/><D32/><U3/><E99/><V105/><F105/><W95/><G95/><T29/><D33/><U21/><E34/><V10/><F70/><W77/><G77/><N who="0" m="46095" /><D55/><U126/><E115/><V92/><F92/><W51/><AGARI ba="0,1" hai="0,4,8,38,42,47,50,51,79,82,86,93,97,101" machi="51" ten="30,6000,0" yaku="1,1,0,1,52,1,53,0" doraHai="94" doraHaiUra="128" who="3" fromWho="3" sc="225,-20,232,-20,308,-20,225,70" />
</Scene>
<Scene>
<INIT seed="3,1,0,5,5,87" ten="205,212,288,295" oya="3" hai0="14,21,46,28,97,75,116,53,108,41,62,63,81" hai1="36,115,47,57,60,59,38,94,1,45,30,79,66" hai2="52,73,4,37,33,86,0,135,39,16,26,48,40" hai3="29,74,67,58,96,120,69,65,61,134,103,112,11"/><W113/><G74/><T7/><D116/><U70/><E1/><V130/><F73/><W82/><G120/><T6/><D108/><U64/><E30/><V78/><F135/><W83/><G134/><T98/><D75/><U32/><E32/><V10/><F130/><W100/><G29/><T19/><D81/><U50/><E79/><V91/><F78/><W118/><G118/><T49/><D28/><U24/><E24/><V34/><F40/><W42/><G42/><T3/><D3/><U71/><E94/><V9/><F34/><W93/><G103/><T85/><D85/><U132/><E132/><V43/><F43/><W56/><G11/><T54/><D54/><N who="1" m="31959" /><E115/><V102/><F102/><W122/><G122/><T128/><D128/><U31/><E31/><V131/><F131/><W119/><G119/><T22/><D22/><U55/><E64/><V23/><F10/><W51/><G82/><T105/><D105/><U123/><E123/><V27/><F27/><W117/><G83/><T89/><D41/><U84/><E84/><V133/><F33/><W13/><G117/><T25/><D98/><U80/><E80/><V90/><F133/><W2/><G2/><T104/><D104/><U125/><E125/><V17/><F37/><N who="1" m="14441" /><E71/><V77/><F39/><W109/><G112/><T72/><D72/><U92/><E92/><V101/><F77/><W20/><G113/><T126/><D126/><U95/><E95/><N who="2" m="54743" /><F101/><W18/><G69/><T8/><D6/><U124/><E124/><V35/><F35/><W12/><G100/><T44/><D7/><U107/><E107/><RYUUKYOKU ba="1,0" sc="205,-10,212,30,288,-10,295,-10" hai1="45,47,55,59,60,66,70" />
</Scene>
<Scene>
<INIT seed="4,2,0,1,0,24" ten="195,242,278,285" oya="0" hai0="120,69,33,124,61,90,11,2,112,43,84,130,108" hai1="6,88,67,62,129,66,57,93,68,98,102,106,75" hai2="131,31,132,72,20,51,103,110,73,99,87,115,9" hai3="26,74,46,40,60,56,114,97,78,29,23,5,101"/><T1/><D120/><U8/><E75/><V47/><F110/><W95/><G5/><T35/><D43/><U38/><E38/><V58/><F131/><W22/><G114/><T96/><D112/><U14/><E129/><V113/><F58/><W118/><G118/><T7/><D1/><U123/><E123/><V0/><F87/><W116/><G116/><T48/><D130/><U107/><E67/><V79/><F132/><W122/><G122/><T83/><D108/><U42/><E42/><V59/><F59/><W89/><G78/><T125/><D48/><U39/><E39/><V15/><F0/><W71/><G74/><T133/><D96/><U85/><REACH who="1" step="1"/><E68/><REACH who="1" ten="195,232,278,285" step="2"/><V117/><F117/><W63/><G71/><T134/><D134/><U50/><E50/><V25/><F73/><W105/><G63/><T16/><D133/><U44/><E44/><V127/><F51/><W91/><G46/><T3/><D69/><U37/><E37/><V49/><F49/><W4/><G40/><T76/><D61/><U64/><E64/><V36/><F47/><W82/><G60/><T109/><D109/><U65/><E65/><V53/><F36/><W13/><G56/><T111/><D111/><U28/><E28/><V41/><F72/><W27/><G29/><T80/><D125/><U70/><E70/><V10/><F127/><W135/><G135/><T94/><D124/><U128/><E128/><V55/><F41/><W52/><G52/><N who="2" m="20041" /><F113/><W32/><G32/><T100/><D33/><U81/><AGARI ba="2,1" hai="6,8,14,57,62,66,81,85,88,93,98,102,106,107" machi="81" ten="20,5200,0" yaku="1,1,0,1,7,1,54,1,53,0" doraHai="24" doraHaiUra="21" who="1" fromWho="1" sc="195,-28,232,68,278,-15,285,-15" />
</Scene>
<Scene>
<INIT seed="5,0,0,3,5,37" ten="167,300,263,270" oya="1" hai0="119,30,34,26,39,62,19,28,17,111,98,125,63" hai1="127,69,0,81,47,76,80,40,112,44,104,33,72" hai2="73,46,27,91,22,43,88,82,24,94,3,52,48" hai3="121,6,96,42,32,118,78,7,77,75,132,59,16"/><U56/><E69/><V60/><F3/><W107/><G32/><T79/><D119/><U83/><E104/><V95/><F73/><W18/><G75/><T57/><D125/><U5/><E44/><V130/><F130/><W4/><G118/><T114/><D114/><U113/><E33/><V84/><F27/><W71/><G71/><T31/><D111/><U109/><E127/><V128/><F128/><W29/><G29/><T61/><D34/><U133/><E109/><V129/><F129/><W53/><G121/><T92/><D39/><N who="1" m="21919" /><E133/><V36/><F36/><W51/><G42/><T64/><D79/><N who="1" m="44135" /><E56/><N who="2" m="34823" /><F91/><W108/><G132/><T68/><D68/><U21/><E21/><V102/><F102/><W20/><G108/><T45/><D45/><U23/><E23/><V135/><F135/><W70/><G70/><T50/><D26/><U122/><E122/><V106/><F106/><W123/><G123/><T12/><D50/><U35/><E35/><V131/><F131/><W90/><G18/><AGARI ba="0,0" hai="18,22,24,43,46,48,82,84,88,94,95" m="34823" machi="18" ten="30,7700,0" yaku="8,1,52,1,54,2" doraHai="37" who="2" fromWho="3" sc="167,0,300,0,263,77,270,-77" />
</Scene>
<Scene>
<INIT seed="6,0,0,0,0,70" ten="167,300,340,193" oya="2" hai0="122,107,2,22,21,62,61,111,52,66,29,11,12" hai1="113,88,119,75,7,24,65,41,47,15,4,50,92" hai2="125,67,109,80,59,37,94,105,5,35,36,34,18" hai3="120,123,124,90,131,78,57,38,99,10,83,79,53"/><V81/><F105/><W134/><G134/><T8/><D111/><U108/><E108/><V101/><F5/><W130/><G124/><T28/><D122/><U77/><E119/><V60/><F109/><W118/><G118/><T39/><D107/><U48/><E113/><V112/><F112/><W104/><G10/><T40/><D2/><U82/><E65/><V44/><F125/><W132/><G132/><T55/><D40/><U63/><E63/><V126/><F126/><W43/><G43/><T31/><D39/><U6/><E24/><V17/><F44/><W76/><G38/><T51/><D8/><U20/><E50/><V32/><F80/><W45/><G45/><N who="0" m="27759" /><D55/><U73/><E73/><V93/><F81/><W95/><G104/><T121/><D121/><U91/><REACH who="1" step="1"/><E92/><REACH who="1" ten="167,290,340,193" step="2"/><V87/><F93/><W14/><G123/><T27/><D66/><U13/><E13/><V0/><F0/><W54/><G14/><T103/><D62/><U100/><E100/><V9/><F101/><W71/><G120/><T85/><D103/><U114/><E114/><V56/><F94/><W117/><G117/><T97/><D61/><U127/><E127/><V42/><F67/><W74/><G74/><T84/><D27/><U19/><AGARI ba="0,1" hai="4,6,7,15,19,20,41,47,48,75,77,82,88,91" machi="19" ten="30,7900,0" yaku="1,1,0,1,54,1,53,1" doraHai="70" doraHaiUra="106" who="1" fromWho="1" sc="167,-20,290,89,340,-39,193,-20" />
</Scene>
<Scene>
<INIT seed="7,0,0,3,3,99" ten="147,379,301,173" oya="3" hai0="109,135,18,127,26,38,106,55,79,116,11,123,57" hai1="23,85,107,5,100,37,49,47,58,4,112,104,82" hai2="63,103,134,44,121,14,64,43,125,84,92,113,53" hai3="69,102,114,31,98,28,91,54,3,52,87,74,0"/><W133/><G69/><T72/><D127/><U15/><E37/><V120/><F125/><W24/><G74/><T94/><D135/><U83/><E112/><V25/><F53/><W1/><G114/><T7/><D123/><U70/><E70/><V75/><F75/><W76/><G76/><T46/><D116/><U73/><E73/><V59/><F113/><W22/><G133/><T130/><D130/><U67/><E107/><V81/><F134/><W80/><REACH who="3" step="1"/><G31/><REACH who="3" ten="147,379,301,163" step="2"/><T108/><D109/><U90/><E82/><V66/><F81/><W71/><G71/><T9/><D108/><U77/><E77/><V17/><F121/><W29/><G29/><T78/><D106/><AGARI ba="0,1" hai="0,1,3,22,24,28,52,54,80,87,91,98,102,106" machi="106" ten="40,12000,1" yaku="1,1,52,1,54,1,53,1" doraHai="99" doraHaiUra="97" who="3" fromWho="0" sc="147,-120,379,0,301,0,163,130" />
</Scene>
<Scene>
<INIT seed="7,1,0,0,5,23" ten="27,379,301,293" oya="3" hai0="68,52,130,63,38,33,49,6,70,100,26,76,88" hai1="5,104,93,57,135,126,48,61,16,42,116,1,127" hai2="77,134,14,114,118,27,84,31,32,132,65,121,101" hai3="59,46,29,105,37,78,8,119,86,122,120,87,17"/><W110/><G105/><T75/><D130/><U85/><E104/><V99/><F118/><W89/><G119/><T10/><D38/><U24/><E116/><V103/><F114/><W54/><G78/><T39/><D39/><U60/><E135/><N who="2" m="51755" /><F121/><W9/><G110/><T125/><D125/><N who="1" m="47627" /><E5/><V74/><F74/><W94/><G86/><T79/><D100/><U50/><E1/><V19/><F65/><W45/><G29/><T133/><D133/><U3/><E3/><V15/><F103/><W80/><G80/><T13/><D75/><U113/><E42/><V7/><F7/><W30/><G30/><T117/><D117/><U18/><E61/><V107/><F19/><N who="1" m="7209" /><E24/><V56/><F56/><W2/><G9/><T97/><D70/><U53/><E113/><V20/><F32/><W71/><G71/><T115/><D115/><U66/><E66/><V12/><F12/><W43/><G45/><T102/><D68/><U25/><E25/><V0/><F0/><W47/><G47/><T129/><D129/><U112/><E112/><V83/><AGARI ba="1,0" hai="14,15,20,27,31,77,83,84,99,101,107" m="51755" machi="83" ten="30,2000,0" yaku="20,1,52,1" doraHai="23" who="2" fromWho="2" sc="27,-6,379,-6,301,23,293,-11" owari="21,-48.0,373,48.0,324,12.0,282,-12.0" />
</Scene>
</mjloggm>