<mjloggm ver="2.3"><GO type="169" lobby="0"/><UN n0="%E5%A4%AA%E3%81%8F%E3%81%AA%E3%81%84%E3%81%8A" n1="%E5%9C%B0%E7%8D%84%E3%83%A2%E3%83%BC%E3%83%89%E5%B0%82%E7%94%A8" n2="%E7%A5%9E%E7%94%B0%E5%85%88%E7%94%9F" n3="%E3%81%86%E3%81%83%E3%83%BC%E3%81%A1%E3%82%83%E3%82%93" dan="19,16,16,18" rate="2321.77,2091.45,2077.44,2208.98" sx="F,M,M,M"/><TAIKYOKU oya="0"/>

<Scene>
<INIT seed="0,0,0,4,5,1" ten="250,250,250,250" oya="0" hai0="110,116,16,90,78,80,38,117,79,59,47,100,33" hai1="87,49,115,129,22,50,55,30,97,46,119,92,41" hai2="7,82,107,99,65,32,6,103,111,81,53,40,94" hai3="98,73,64,131,12,17,21,134,39,48,11,42,102"/><T121/><D33/><U37/><E119/><V52/><F32/><W27/><G131/><T83/><D59/><U15/><E129/><V23/><F111/><W113/><G134/><T26/><D121/><U10/><E115/><V126/><F126/><W106/><G73/><T125/><D125/><U63/><E63/><V105/><F40/><W54/><G64/><T19/><D100/><U76/><E37/><V14/><F65/><W3/><G3/><T135/><D90/><U93/><E22/><V74/><F74/><W20/><G113/><T91/><D91/><U44/><E30/><V69/><F69/><W70/><G70/><T120/><D120/><U128/><E128/><V24/><F107/><W5/><G21/><T124/><D124/><U62/><E62/><V112/><F14/><W89/><G89/><T0/><D0/><U29/><E29/><N who="2" m="17567" /><F105/><W132/><G132/><T9/><D135/><U122/><E97/><V45/><F112/><W67/><G67/><T118/><D110/><U68/><E68/><V133/><F133/><W56/><G42/><T108/><D108/><U51/><E51/><N who="2" m="28783" /><F53/><W35/><REACH who="3" step="1"/><G39/><REACH who="3" ten="250,250,250,240" step="2"/><T109/><D109/><U61/><E122/><V25/><F25/><W28/><G28/><T31/><D31/><U77/><E41/><V96/><F96/><W88/><G88/><T71/><D71/><U57/><E55/><V13/><F13/><W66/><G66/><T72/><D26/><U101/><E15/><V36/><F36/><W127/><G127/><T75/><D9/><U4/><E10/><V95/><F94/><W114/><G114/><RYUUKYOKU ba="0,1" sc="250,10,250,-30,250,10,240,10" hai0="16,19,38,47,72,75,78,79,80,83,116,117,118" hai2="6,7,81,82,95,99,103" hai3="5,11,12,17,20,27,35,48,54,56,98,102,106" />
</Scene>
<Scene>
<INIT seed="0,1,1,4,0,85" ten="260,220,260,250" oya="0" hai0="64,22,25,62,28,27,129,75,113,103,7,51,84" hai1="67,121,36,10,41,9,66,124,32,59,132,3,58" hai2="42,98,43,73,120,108,31,123,2,79,90,89,130" hai3="115,40,78,53,37,46,8,60,133,105,15,118,97"/><T45/><D75/><U131/><E121/><V111/><F2/><W18/><G133/><T94/><D113/><U112/><E10/><V69/><F69/><W135/><G135/><T114/><D114/><U106/><E32/><V63/><F63/><W39/><G115/><T91/><D129/><U102/><E112/><V109/><F31/><W110/><G110/><T52/><D7/><U126/><E132/><V117/><F117/><W68/><G118/><T13/><D103/><U70/><E9/><V116/><F116/><W48/><G78/><T83/><D13/><U26/><E26/><V19/><F98/><W96/><G105/><T35/><D25/><U104/><E3/><V47/><F19/><W30/><G39/><T34/><REACH who="0" step="1"/><D83/><REACH who="0" ten="250,220,260,250" step="2"/><U56/><E131/><V99/><F130/><W128/><G128/><T72/><D72/><U71/><E102/><V50/><F120/><W87/><G15/><T119/><D119/><U76/><E104/><V95/><F123/><W81/><G81/><T29/><D29/><U54/><E106/><V17/><F17/><W101/><G101/><T16/><D16/><U4/><E4/><V49/><F73/><W107/><G18/><T5/><D5/><U88/><E124/><V44/><F79/><W57/><G30/><T55/><D55/><U12/><E76/><V92/><F92/><W80/><G107/><T127/><D127/><U1/><E12/><V33/><F33/><W122/><G122/><T20/><D20/><U77/><E77/><V14/><F14/><W74/><G74/><T38/><D38/><U0/><E36/><RYUUKYOKU ba="1,2" sc="250,15,220,-15,260,15,250,-15" hai0="22,27,28,34,35,45,51,52,62,64,84,91,94" hai2="42,43,44,47,49,50,89,90,95,99,108,109,111" />
</Scene>
<Scene>
<INIT seed="0,2,2,5,5,67" ten="265,205,275,235" oya="0" hai0="87,25,75,10,20,127,70,16,124,0,44,121,4" hai1="26,122,38,27,99,72,47,11,113,48,42,135,55" hai2="74,35,41,97,98,119,105,36,118,22,103,51,100" hai3="40,123,5,71,94,46,57,33,117,23,131,50,9"/><T60/><D75/><U56/><E122/><V128/><F35/><W63/><G123/><T85/><D121/><U45/><E72/><V66/><F74/><W1/><G131/><T52/><D44/><U114/><E135/><V89/><F128/><W39/><G33/><T28/><D28/><U130/><E130/><V53/><F89/><W3/><G117/><T49/><D49/><U30/><E11/><V37/><F66/><W90/><G23/><T120/><D120/><U86/><E86/><V73/><F73/><W65/><G3/><T116/><D116/><N who="2" m="44586" /><F22/><W111/><G111/><T7/><D7/><U78/><E78/><V64/><F64/><W92/><REACH who="3" step="1"/><G90/><REACH who="3" ten="265,205,275,225" step="2"/><T110/><D110/><U81/><E113/><V93/><F41/><W101/><G101/><T12/><D0/><U24/><E114/><V91/><F91/><W58/><G58/><AGARI ba="2,3" hai="36,37,51,53,58,93,97,98,100,103,105" m="44586" machi="58" ten="30,1000,0" yaku="12,1" doraHai="67" who="2" fromWho="3" sc="265,0,205,0,275,46,225,-16" />
</Scene>
<Scene>
<INIT seed="1,0,0,4,1,33" ten="265,205,321,209" oya="1" hai0="110,36,38,35,112,68,107,69,131,125,70,62,74" hai1="103,47,84,51,40,52,92,96,85,49,81,83,116" hai2="111,21,75,53,34,26,78,10,0,41,58,60,30" hai3="133,79,128,109,94,135,31,3,130,57,118,124,56"/><U73/><E116/><V4/><F111/><W117/><G109/><T100/><RYUUKYOKU type="yao9" ba="0,0" sc="265,0,205,0,321,0,209,0" hai0="35,36,38,62,68,69,70,74,100,107,110,112,125,131" />
</Scene>
<Scene>
<INIT seed="1,1,0,0,3,86" ten="265,205,321,209" oya="1" hai0="44,17,87,117,46,72,63,90,96,0,40,1,64" hai1="58,31,4,91,76,26,39,98,134,110,15,114,60" hai2="9,78,132,135,81,100,102,47,19,79,131,28,18" hai3="119,54,38,94,130,68,50,92,29,67,23,57,62"/><U30/><E39/><V16/><F131/><W83/><G130/><T61/><D72/><U53/><E114/><V24/><F9/><W43/><G119/><T35/><D35/><U128/><E128/><V85/><F47/><W66/><G66/><T77/><D117/><U97/><E134/><N who="2" m="51243" /><F79/><W33/><G23/><AGARI ba="1,0" hai="16,18,19,23,24,28,78,81,85,100,102" m="51243" machi="23" ten="30,2000,0" yaku="20,1,54,1" doraHai="86" who="2" fromWho="3" sc="265,0,205,0,321,23,209,-23" />
</Scene>
<Scene>
<INIT seed="2,0,0,2,3,22" ten="265,205,344,186" oya="2" hai0="104,118,39,116,91,115,76,25,67,42,34,125,87" hai1="119,72,65,61,107,23,89,58,75,43,8,82,98" hai2="96,90,86,68,130,110,106,14,127,38,133,109,53" hai3="3,62,17,95,123,20,16,36,105,1,81,31,94"/><V32/><F133/><W19/><G105/><T135/><D115/><U69/><E119/><N who="0" m="45609" /><D104/><U52/><E43/><V49/><F38/><W9/><G123/><T57/><D76/><U93/><E8/><V2/><F2/><W78/><G36/><T60/><D135/><U47/><E47/><V103/><F68/><W29/><G3/><T77/><D77/><U101/><E82/><V55/><F127/><W54/><G1/><T48/><D39/><U44/><E44/><V30/><F14/><W7/><G7/><T0/><D0/><U129/><E129/><V41/><F41/><W73/><G9/><T99/><D99/><U13/><E13/><V84/><F84/><W33/><G33/><T45/><D125/><U11/><E11/><V85/><F85/><W132/><G132/><T92/><D34/><U37/><E37/><V40/><F40/><W79/><G79/><T15/><D15/><U117/><E23/><V27/><F130/><W6/><G6/><T63/><D63/><U56/><E69/><V124/><F124/><W35/><G35/><T80/><D25/><U83/><E117/><V120/><F120/><W111/><G111/><N who="2" m="42505" /><F49/><W51/><G51/><T5/><D5/><U4/><E4/><V112/><F112/><W64/><G78/><T24/><D48/><N who="1" m="30727" /><E83/><AGARI ba="0,0" hai="27,30,32,53,55,83,86,90,96,103,106" m="42505" machi="83" ten="30,5800,0" yaku="14,1,10,1,52,1" doraHai="22" who="2" fromWho="1" sc="265,0,205,-58,344,58,186,0" />
</Scene>
<Scene>
<INIT seed="2,1,0,4,5,83" ten="265,147,402,186" oya="2" hai0="82,84,43,106,74,104,15,49,36,90,13,67,11" hai1="4,126,47,59,20,77,115,62,92,113,25,99,30" hai2="68,57,46,85,73,105,60,18,120,48,122,32,19" hai3="123,23,131,111,1,95,89,124,35,71,37,72,93"/><V98/><F73/><W52/><RYUUKYOKU type="yao9" ba="1,0" sc="265,0,147,0,402,0,186,0" hai3="1,23,35,37,52,71,72,89,93,95,111,123,124,131" />
</Scene>
<Scene>
<INIT seed="2,2,0,1,3,129" ten="265,147,402,186" oya="2" hai0="75,77,101,34,74,54,10,97,83,105,93,135,92" hai1="64,21,70,111,17,125,46,73,72,8,30,69,133" hai2="19,118,14,38,80,49,87,79,25,39,18,106,127" hai3="132,4,6,113,41,121,26,16,58,20,5,61,128"/><V11/><F118/><W55/><G128/><T66/><D34/><U42/><E111/><V84/><F106/><W94/><G121/><T37/><D37/><U68/><E125/><V124/><F49/><W65/><G113/><T52/><D74/><U27/><E64/><V24/><F84/><W82/><G132/><T36/><D36/><U9/><E133/><V60/><F60/><W2/><G2/><T59/><D135/><U100/><E100/><V62/><F62/><W32/><G32/><T51/><D66/><U78/><E78/><V90/><F79/><W99/><G82/><T23/><D10/><U131/><E131/><V43/><F38/><W126/><G126/><N who="2" m="48169" /><F19/><W29/><G65/><T1/><D1/><U7/><E17/><V102/><F102/><W109/><G109/><T115/><D115/><U108/><E108/><V110/><F110/><W134/><G134/><T44/><REACH who="0" step="1"/><D23/><REACH who="0" ten="255,147,402,186" step="2"/><U89/><E9/><V130/><F130/><W88/><G29/><T85/><D85/><U3/><REACH who="1" step="1"/><E89/><REACH who="1" ten="255,137,402,186" step="2"/><V28/><F90/><W122/><G122/><T91/><D91/><U114/><E114/><V119/><F11/><W53/><G88/><T76/><D76/><U96/><E96/><V112/><F112/><W81/><G99/><T86/><D86/><U0/><E0/><V95/><F87/><W116/><G116/><T117/><D117/><U22/><E22/><V67/><F119/><W63/><G20/><T40/><D40/><U45/><E45/><V15/><F67/><W71/><G41/><T35/><D35/><U57/><E57/><V31/><F43/><RYUUKYOKU ba="2,2" sc="255,15,137,15,402,-15,186,-15" hai0="44,51,52,54,59,75,77,83,92,93,97,101,105" hai1="3,7,8,21,27,30,42,46,68,69,70,72,73" />
</Scene>
<Scene>
<INIT seed="3,3,2,3,1,74" ten="270,152,387,171" oya="3" hai0="113,115,11,40,1,79,110,80,89,56,27,43,105" hai1="135,38,29,15,7,99,127,61,41,60,58,73,42" hai2="82,48,22,10,53,134,107,121,133,119,112,75,36" hai3="52,47,13,98,37,117,100,67,26,16,59,95,72"/><W123/><G117/><T20/><D105/><U120/><E61/><V102/><F36/><W51/><G123/><T85/><D110/><U70/><E70/><V12/><F119/><W32/><G72/><T97/><D56/><U2/><E120/><V129/><F129/><W50/><G37/><T44/><D1/><U54/><E2/><V96/><F112/><N who="0" m="43082" /><D11/><N who="1" m="4607" /><E73/><V18/><F121/><W77/><G77/><T24/><D97/><U104/><E38/><V64/><F64/><W33/><G26/><N who="0" m="9771" /><D20/><U34/><E34/><V83/><F22/><W131/><G131/><T101/><D101/><U114/><E104/><V8/><F8/><W55/><REACH who="3" step="1"/><G67/><REACH who="3" ten="270,152,387,161" step="2"/><T132/><D132/><N who="2" m="50794" /><F75/><W76/><G76/><T45/><D79/><U19/><E135/><V84/><F84/><W66/><G66/><T69/><D69/><U46/><E114/><V65/><F65/><W106/><G106/><T103/><D103/><U62/><E127/><V81/><F107/><W128/><G128/><T63/><D63/><U126/><E126/><V6/><F102/><W108/><G108/><T17/><D17/><U21/><E19/><V118/><F118/><W71/><G71/><T4/><D4/><U0/><E62/><V124/><F124/><W86/><G86/><T125/><D125/><U31/><E60/><V122/><F122/><W91/><G91/><T68/><D68/><U90/><E90/><V130/><F130/><W88/><G88/><T25/><D25/><U109/><E109/><V9/><F6/><W39/><G39/><T57/><D89/><U116/><E116/><V14/><F96/><RYUUKYOKU ba="3,3" sc="270,-10,152,-10,387,-10,161,30" hai3="13,16,32,33,47,50,51,52,55,59,95,98,100" />
</Scene>
<Scene>
<INIT seed="3,4,3,2,0,24" ten="260,142,377,191" oya="3" hai0="107,53,84,48,132,118,4,67,72,8,51,60,99" hai1="7,47,62,0,13,55,134,120,69,22,91,56,78" hai2="108,131,32,1,29,2,35,81,38,27,130,135,101" hai3="125,42,117,113,19,63,109,18,12,115,65,110,126"/><W15/><G42/><T5/><D72/><U64/><E120/><V124/><F38/><W121/><G63/><T41/><D118/><U57/><E134/><V61/><F135/><W45/><G45/><T129/><D132/><U75/><E0/><V94/><F108/><N who="3" m="41579" /><G65/><T114/><D129/><U43/><E91/><V31/><F124/><N who="3" m="47723" /><G121/><T112/><D41/><U86/><E75/><V96/><F61/><W50/><G50/><T66/><D60/><N who="1" m="35871" /><E69/><V104/><F104/><W100/><G100/><T16/><D51/><U88/><E78/><V90/><F131/><W28/><G28/><T54/><D67/><U89/><E89/><V87/><F130/><W76/><G76/><T23/><D66/><U123/><E123/><V30/><REACH who="2" step="1"/><F27/><REACH who="2" ten="260,142,367,191" step="2"/><W74/><G117/><T3/><D107/><U10/><E62/><V80/><F80/><W119/><G119/><T58/><D48/><U44/><E64/><V20/><F20/><N who="3" m="11335" /><G74/><T106/><D106/><U97/><E43/><V68/><F68/><W17/><G17/><T40/><D16/><U25/><E25/><V92/><F92/><W6/><G6/><T128/><D5/><U79/><E7/><V21/><F21/><AGARI ba="4,4" hai="15,19,21,113,115" m="11335,47723,41579" machi="21" ten="30,12000,1" yaku="14,1,10,1,18,1,34,2" doraHai="24" who="3" fromWho="2" sc="260,0,142,0,367,-132,191,172" />
</Scene>
<Scene>
<INIT seed="3,5,0,4,5,17" ten="260,142,235,363" oya="3" hai0="0,24,102,96,87,46,98,134,133,19,30,85,123" hai1="99,89,122,86,47,79,42,65,35,49,131,23,82" hai2="84,121,34,95,66,78,38,108,22,33,43,58,113" hai3="11,115,105,103,31,116,10,2,27,80,26,91,101"/><W13/><G116/><T50/><D0/><U112/><E35/><V109/><F121/><W7/><G115/><T124/><D19/><U130/><E122/><V37/><F113/><W120/><G120/><T135/><D124/><U71/><E112/><V97/><F43/><W117/><G26/><T126/><D126/><U6/><E6/><V118/><F118/><W63/><G105/><N who="0" m="63687" /><D98/><U59/><E71/><V12/><F66/><W51/><G51/><T28/><D123/><U54/><E65/><V44/><F44/><W76/><G91/><T69/><D69/><U129/><E23/><V132/><F132/><W9/><G63/><T41/><D28/><U106/><E106/><V64/><F64/><W73/><G11/><T16/><D16/><U18/><E18/><N who="2" m="10567" /><F58/><W1/><G1/><T77/><D77/><U36/><REACH who="1" step="1"/><E99/><REACH who="1" ten="260,132,235,363" step="2"/><V20/><F34/><AGARI ba="5,1" hai="24,30,34,41,46,50,85,87,133,134,135" m="63687" machi="34" ten="30,1000,0" yaku="20,1" doraHai="17" who="0" fromWho="2" sc="260,35,132,0,235,-25,363,0" />
</Scene>
<Scene>
<INIT seed="4,0,0,4,5,89" ten="295,132,210,363" oya="0" hai0="15,3,49,2,122,92,23,135,22,112,38,95,30" hai1="127,67,27,98,39,71,103,82,10,85,14,75,36" hai2="86,128,5,101,20,59,57,105,74,41,35,6,76" hai3="79,109,80,66,40,87,93,48,31,110,12,60,133"/><T26/><D38/><U68/><E75/><V50/><F35/><W9/><G133/><T125/><D122/><U100/><E100/><V7/><F128/><W73/><G31/><T53/><D135/><U44/><E27/><V123/><F123/><W18/><G40/><T0/><D112/><U102/><E102/><V116/><F116/><W64/><G64/><T129/><D129/><U115/><E115/><V32/><F32/><W16/><G48/><T104/><D104/><U111/><E111/><V114/><F114/><W126/><G126/><T131/><D131/><U70/><E67/><V72/><F72/><W25/><G25/><T37/><D37/><U24/><E24/><V118/><F74/><W108/><G18/><T61/><D61/><U94/><E44/><N who="2" m="25871" /><F105/><W47/><G47/><T29/><D29/><U107/><E107/><V11/><F101/><W77/><G77/><T113/><D113/><U17/><REACH who="1" step="1"/><E127/><REACH who="1" ten="295,122,210,363" step="2"/><V33/><F118/><W119/><G119/><T65/><D65/><U21/><E21/><V124/><F124/><W99/><G73/><T4/><D125/><U62/><E62/><V69/><F33/><W28/><G110/><T56/><REACH who="0" step="1"/><D23/><REACH who="0" ten="285,122,210,363" step="2"/><U106/><E106/><V34/><F34/><W83/><G109/><T63/><D63/><U90/><AGARI ba="0,2" hai="10,14,17,36,39,68,70,71,82,85,90,94,98,103" machi="90" ten="30,7900,0" yaku="1,1,0,1,52,1,53,1" doraHai="89" doraHaiUra="8" who="1" fromWho="1" sc="285,-39,122,99,210,-20,363,-20" />
</Scene>
<Scene>
<INIT seed="5,0,0,4,5,108" ten="246,221,190,343" oya="1" hai0="12,91,87,88,129,123,70,2,74,120,33,56,122" hai1="75,19,34,133,71,13,119,127,32,93,31,82,95" hai2="62,112,97,79,89,42,52,58,46,102,44,128,8" hai3="5,57,84,99,118,83,104,107,132,6,1,51,40"/><U21/><E119/><V11/><F128/><W81/><G132/><T76/><D70/><U101/><E71/><V134/><F134/><W65/><G84/><T100/><D2/><U3/><E133/><V116/><F116/><W68/><G68/><T35/><D129/><U96/><E127/><V16/><F79/><W30/><G57/><T77/><D100/><U49/><E3/><V26/><F112/><W39/><G51/><T7/><D74/><U22/><E95/><N who="2" m="56559" /><F102/><W17/><G17/><T20/><D56/><U50/><E32/><N who="0" m="12361" /><D91/><U64/><E34/><V114/><F114/><W85/><G85/><T86/><D86/><U131/><E64/><V126/><F126/><W18/><G65/><T54/><D54/><U121/><E131/><V23/><F44/><W135/><G1/><T53/><D53/><U73/><E73/><V9/><F9/><W24/><G135/><T67/><D67/><U14/><E75/><V60/><F60/><W124/><G124/><T117/><D117/><U111/><E111/><V25/><F25/><W37/><G24/><T28/><D28/><U4/><E31/><V78/><F78/><W43/><G30/><T45/><D45/><U27/><E27/><V47/><F47/><W55/><G55/><T90/><D90/><U113/><E101/><V125/><F125/><W29/><G29/><T48/><D48/><AGARI ba="0,0" hai="8,11,16,23,26,42,46,48,52,58,62" m="56559" machi="48" ten="30,7700,0" yaku="25,1,8,1,54,2" doraHai="108" who="2" fromWho="0" sc="246,-77,221,0,190,77,343,0" />
</Scene>
<Scene>
<INIT seed="6,0,0,1,3,32" ten="169,221,267,343" oya="2" hai0="56,1,43,8,39,5,38,35,51,135,125,106,60" hai1="102,117,41,83,7,130,116,81,69,114,48,24,12" hai2="36,112,44,92,129,22,96,87,103,23,49,19,115" hai3="120,74,67,29,64,94,97,126,66,65,84,122,113"/><V98/><F36/><W62/><G74/><T28/><D106/><U58/><E69/><V128/><F87/><W11/><G122/><T101/><D101/><U13/><E114/><N who="2" m="43563" /><F96/><W86/><G126/><T6/><D125/><U2/><E130/><N who="2" m="50283" /><F19/><W30/><G86/><T14/><D135/><U85/><E102/><V16/><F16/><W46/><G120/><T89/><D89/><U18/><E83/><V124/><F124/><W93/><G84/><T133/><D133/><U72/><E72/><V77/><F77/><W50/><G94/><T105/><D105/><U79/><E116/><V57/><F57/><W90/><G11/><T82/><D82/><U121/><E121/><V110/><F110/><W104/><G104/><T25/><D6/><U68/><E68/><V42/><AGARI ba="0,0" hai="22,23,42,44,49,92,98,103" m="50283,43563" machi="42" ten="30,3000,0" yaku="15,1,19,1" doraHai="32" who="2" fromWho="2" sc="169,-10,221,-10,267,30,343,-10" />
</Scene>
<Scene>
<INIT seed="6,1,0,4,4,121" ten="159,211,297,333" oya="2" hai0="94,30,40,68,113,7,33,69,130,42,23,5,45" hai1="57,128,20,108,47,87,4,55,91,52,1,102,70" hai2="119,95,51,14,98,67,101,63,75,106,2,34,112" hai3="44,0,15,135,92,115,38,124,125,60,22,61,53"/><V35/><F119/><W89/><G0/><T78/><D33/><U29/><E70/><V16/><F2/><W64/><G135/><T71/><D113/><U46/><E102/><V43/><F75/><W105/><G105/><T129/><D78/><U122/><E122/><V17/><F17/><W76/><G76/><T88/><D30/><U120/><E120/><V85/><F112/><W56/><G115/><T133/><D23/><U54/><E128/><V31/><F31/><W93/><G15/><T82/><D82/><U132/><E132/><V27/><F27/><W80/><G22/><T84/><D133/><U117/><E117/><V10/><F51/><W13/><G13/><T41/><REACH who="0" step="1"/><D45/><REACH who="0" ten="149,211,297,333" step="2"/><U12/><E46/><V110/><F35/><W90/><G80/><T104/><D104/><U114/><E114/><V100/><F34/><W3/><G44/><T36/><D36/><U83/><E47/><V24/><F106/><W134/><G38/><T39/><D39/><U79/><E29/><V21/><F21/><W99/><G134/><T65/><D65/><U8/><E20/><V32/><F67/><W127/><G64/><T73/><D73/><U126/><E79/><V74/><F32/><W58/><G127/><T19/><D19/><U18/><E126/><V72/><F16/><W109/><G125/><T59/><D59/><U6/><E57/><V97/><F74/><W107/><G107/><T62/><D62/><U37/><E37/><V50/><F63/><W131/><G60/><T81/><D81/><U123/><E123/><V49/><F72/><W77/><G124/><RYUUKYOKU ba="1,1" sc="149,30,211,-10,297,-10,333,-10" hai0="5,7,40,41,42,68,69,71,84,88,94,129,130" />
</Scene>
<Scene>
<INIT seed="7,2,1,5,4,119" ten="179,201,287,323" oya="3" hai0="51,82,62,26,33,42,30,49,75,101,130,84,79" hai1="17,67,4,103,126,20,121,117,96,8,131,134,98" hai2="102,80,50,86,46,69,1,39,91,66,45,55,129" hai3="7,87,29,88,74,27,36,120,38,112,95,5,93"/><W72/><G112/><T97/><D130/><U76/><E121/><V10/><F129/><W32/><G120/><T13/><D42/><U100/><E131/><V9/><F102/><N who="1" m="38953" /><E117/><V58/><F1/><W68/><G68/><T125/><D125/><U43/><E126/><V99/><F69/><W123/><G123/><T52/><D13/><N who="1" m="5255" /><E134/><V77/><F66/><W118/><G118/><T110/><D110/><U18/><E67/><V122/><F122/><W37/><G95/><T3/><D3/><U92/><E43/><V81/><F99/><W113/><G113/><T0/><D0/><U78/><E17/><V48/><F39/><W60/><G72/><T16/><D16/><U15/><E96/><V28/><F28/><W34/><G74/><T23/><D33/><U106/><E106/><V12/><F12/><W47/><G34/><T61/><D75/><U107/><E107/><V111/><F111/><W116/><G32/><T65/><D65/><U71/><E71/><V6/><F6/><W73/><G73/><T109/><D109/><U127/><E127/><V105/><F105/><W64/><G64/><T31/><D31/><U114/><E114/><V2/><F2/><W115/><G115/><T128/><D128/><U104/><E104/><V11/><F77/><W85/><G116/><T56/><D62/><U94/><E94/><AGARI ba="2,1" hai="23,26,30,49,51,52,56,61,79,82,84,94,97,101" machi="94" ten="30,3900,0" yaku="7,1,8,1,54,1" doraHai="119" who="0" fromWho="1" sc="179,55,201,-45,287,0,323,0" owari="234,-17.0,156,-34.0,287,9.0,323,42.0" />
</Scene>
</mjloggm>