<mjloggm ver="2.3"><GO type="169" lobby="0"/><UN n0="%E3%83%AA%E3%83%81%E3%83%A3%21%21" n1="%E3%83%A9%E3%83%A0%E3%83%80%E3%81%95%E3%82%93" n2="%E5%A4%AA%E3%81%8F%E3%81%AA%E3%81%84%E3%81%8A" n3="%E3%81%8A%E3%81%98%E3%81%95%E3%82%93" dan="18,17,19,17" rate="2264.28,2153.98,2283.89,2119.45" sx="M,M,F,M"/><TAIKYOKU oya="0"/>

<Scene>
<INIT seed="0,0,0,4,3,11" ten="250,250,250,250" oya="0" hai0="125,69,78,40,43,114,13,27,109,4,17,23,6" hai1="129,127,85,51,72,24,61,21,55,77,113,135,29" hai2="101,68,128,60,9,16,58,64,131,132,97,63,41" hai3="39,121,22,102,31,8,111,62,18,2,81,112,99"/><T38/><D114/><U100/><E72/><V105/><F41/><W37/><G121/><T103/><D69/><U7/><E113/><V20/><F9/><W107/><G112/><T88/><D125/><U95/><E127/><V82/><F82/><W50/><G111/><T117/><D117/><U75/><E129/><V36/><F36/><W108/><G108/><T83/><D109/><U98/><E135/><V73/><F73/><W119/><G119/><T0/><D103/><U44/><E75/><V46/><F46/><W30/><G39/><T124/><D0/><U12/><E61/><V79/><F79/><W1/><G37/><T130/><D130/><U104/><E104/><V33/><F33/><W3/><G8/><N who="0" m="6311" /><D38/><U122/><E122/><V110/><F132/><W93/><G107/><T134/><D78/><U42/><E77/><V96/><F96/><W67/><G81/><T25/><D25/><U35/><E35/><V89/><F89/><W28/><G50/><T106/><D106/><U56/><E98/><V15/><REACH who="2" step="1"/><F110/><REACH who="2" ten="250,250,240,250" step="2"/><W90/><G90/><T19/><D134/><U123/><E123/><V45/><F45/><W92/><G92/><T49/><D124/><U118/><E118/><V26/><F26/><W10/><G10/><T133/><D133/><U14/><E24/><V53/><AGARI ba="0,1" hai="15,16,20,53,58,60,63,64,68,97,101,105,128,131" machi="53" ten="30,7900,0" yaku="1,1,0,1,52,1,54,1,53,0" doraHai="11" doraHaiUra="71" who="2" fromWho="2" sc="250,-39,250,-20,240,89,250,-20" />
</Scene>
<Scene>
<INIT seed="1,0,0,1,3,99" ten="211,230,329,230" oya="1" hai0="52,107,65,72,28,78,98,27,21,80,32,93,0" hai1="55,8,57,125,115,43,129,76,54,85,44,12,53" hai2="56,120,84,105,118,102,48,96,13,119,14,34,18" hai3="82,19,122,11,114,127,92,61,95,109,9,6,35"/><U111/><E115/><V128/><F120/><W90/><G114/><T79/><D0/><U116/><E116/><V74/><F74/><W68/><G122/><T26/><D107/><U7/><E129/><V16/><F34/><W47/><G35/><T67/><D78/><U97/><E125/><V4/><F128/><W134/><G127/><T58/><D27/><U121/><E121/><V135/><F135/><W2/><G134/><T69/><D32/><U23/><E111/><V103/><F4/><W124/><G124/><T40/><D40/><U1/><E1/><V133/><F133/><W89/><G82/><T108/><D69/><U15/><E97/><V20/><F102/><W91/><G109/><T64/><D108/><U46/><E57/><V3/><F3/><W51/><G68/><T10/><D10/><U60/><E60/><V106/><F106/><W126/><G61/><T100/><REACH who="0" step="1"/><D67/><REACH who="0" ten="201,230,329,230" step="2"/><U131/><E131/><V59/><F119/><W45/><G126/><T81/><D81/><N who="1" m="47271" /><E43/><V94/><F118/><W130/><G130/><T71/><D71/><U73/><E73/><V132/><F132/><W75/><G75/><T5/><D5/><U123/><E123/><V62/><F105/><W83/><G83/><T104/><D104/><U25/><E12/><V17/><F14/><N who="3" m="7647" /><G95/><T42/><D42/><U49/><E49/><AGARI ba="0,1" hai="21,26,28,49,52,58,64,65,72,79,80,93,98,100" machi="49" ten="30,8000,1" yaku="1,1,7,1,52,1,54,1,53,1" doraHai="99" doraHaiUra="22" who="0" fromWho="1" sc="201,90,230,-80,329,0,230,0" />
</Scene>
<Scene>
<INIT seed="2,0,0,1,1,89" ten="291,150,329,230" oya="2" hai0="117,22,1,119,40,120,123,81,56,13,58,88,59" hai1="26,118,63,23,20,11,106,6,3,36,41,101,135" hai2="124,5,115,37,9,60,16,65,114,25,64,14,112" hai3="133,12,127,82,18,109,49,100,70,130,61,91,71"/><V129/><F37/><W51/><G109/><T57/><D1/><U125/><E118/><N who="0" m="45065" /><D40/><U2/><E135/><V131/><F124/><W53/><G133/><T86/><N who="0" m="14336" /><DORA hai="29" /><T17/><AGARI ba="0,0" hai="13,17,22,81,86,88,120,123" m="14336,45065" machi="17" ten="50,6400,0" yaku="4,1,12,1,54,1" doraHai="89,29" who="0" fromWho="0" sc="291,64,150,-16,329,-32,230,-16" />
</Scene>
<Scene>
<INIT seed="3,0,0,3,1,103" ten="355,134,297,214" oya="3" hai0="60,105,45,14,101,44,29,111,69,130,87,53,1" hai1="85,30,36,112,11,63,5,37,95,50,106,82,123" hai2="117,66,86,28,70,55,25,71,79,18,94,102,40" hai3="52,135,109,72,125,128,97,124,99,126,34,26,33"/><W7/><G72/><T80/><D1/><U77/><E112/><V58/><F117/><W90/><G7/><T118/><D111/><U46/><E123/><V20/><F40/><W51/><G109/><T89/><D130/><U134/><E134/><V19/><F70/><W62/><G128/><T56/><D29/><U76/><E106/><V41/><F41/><W96/><G135/><T59/><D69/><U2/><E30/><V73/><F71/><W31/><G34/><T107/><D101/><U127/><E127/><V67/><F73/><W49/><REACH who="3" step="1"/><G90/><REACH who="3" ten="355,134,297,204" step="2"/><T65/><D118/><U57/><E5/><V133/><F133/><W35/><G35/><T9/><D44/><U114/><E46/><V61/><F79/><W92/><G92/><T78/><D45/><U110/><E110/><V131/><F131/><W43/><G43/><T68/><D89/><U27/><E114/><V38/><F94/><W88/><G88/><T75/><D75/><U83/><E95/><V91/><F91/><W113/><G113/><T32/><D32/><U21/><E83/><V121/><F86/><W13/><G13/><T3/><D3/><U74/><E82/><V84/><F84/><W8/><G8/><T54/><D14/><U122/><E11/><V6/><F6/><W15/><G15/><T0/><D9/><U81/><E81/><V42/><F42/><W12/><G12/><T129/><D0/><U48/><E2/><V116/><F116/><W132/><G132/><T120/><D129/><U100/><E74/><V47/><F47/><W115/><G115/><T64/><D87/><RYUUKYOKU ba="0,1" sc="355,-10,134,-10,297,-10,204,30" hai3="26,31,33,49,51,52,62,96,97,99,124,125,126" />
</Scene>
<Scene>
<INIT seed="3,1,1,5,0,86" ten="345,124,287,234" oya="3" hai0="113,96,68,91,4,16,45,121,115,73,94,58,70" hai1="28,9,26,132,59,88,64,104,13,43,36,105,127" hai2="107,93,44,47,87,71,75,109,17,92,118,53,30" hai3="69,35,100,23,56,15,102,48,82,41,97,29,57"/><W24/><G69/><T90/><D73/><U131/><E131/><V95/><F107/><W117/><G117/><T63/><D4/><U61/><E132/><V81/><F118/><W124/><G124/><T116/><D116/><U60/><E127/><V101/><F71/><W10/><G35/><T42/><D121/><U106/><E43/><V85/><F109/><W54/><G41/><T65/><D16/><U74/><E74/><V72/><F30/><W8/><G82/><T114/><REACH who="0" step="1"/><D91/><REACH who="0" ten="335,124,287,234" step="2"/><U122/><E122/><V40/><F17/><N who="3" m="8439" /><G8/><T7/><D7/><U1/><E88/><V33/><F75/><W2/><G2/><T25/><D25/><U108/><E26/><V130/><F72/><W50/><G97/><T12/><D12/><U134/><E13/><V103/><F130/><W126/><G126/><T78/><D78/><U49/><E9/><V129/><F129/><W128/><G128/><T32/><D32/><U66/><E1/><V39/><F33/><W19/><G19/><T34/><D34/><U21/><E21/><V120/><F120/><W3/><G3/><T119/><D119/><U55/><E28/><V0/><F0/><W83/><G83/><T31/><D31/><U99/><E99/><V111/><F81/><W38/><G38/><AGARI ba="1,2" hai="38,42,45,58,63,65,68,70,90,94,96,113,114,115" machi="38" ten="40,5200,0" yaku="1,1,11,1,52,1,53,0" doraHai="86" doraHaiUra="22" who="0" fromWho="3" sc="335,75,124,0,287,0,234,-55" />
</Scene>
<Scene>
<INIT seed="4,0,0,4,2,71" ten="410,124,287,179" oya="0" hai0="59,61,20,77,42,127,129,96,1,86,125,65,90" hai1="85,89,5,25,64,27,131,22,50,23,102,116,43" hai2="83,69,112,63,3,98,46,34,95,55,94,13,14" hai3="75,99,17,81,57,70,15,122,79,60,18,0,26"/><T51/><D129/><U48/><E116/><V12/><F3/><W4/><G122/><T68/><D1/><U124/><E131/><V33/><F112/><W38/><G70/><T35/><D35/><U37/><E124/><V80/><F69/><W6/><G0/><T84/><D96/><U128/><E128/><V101/><F34/><W11/><G99/><T115/><D77/><U134/><E134/><V91/><F33/><W93/><G93/><T45/><D115/><U47/><E102/><V21/><F21/><W78/><G78/><T106/><D106/><U58/><E5/><V73/><F73/><W117/><G117/><T105/><D105/><U74/><E74/><V54/><F46/><W97/><G97/><T118/><D118/><U24/><E64/><V104/><F104/><W123/><G123/><T92/><D20/><U7/><E7/><V132/><F132/><W2/><G2/><T8/><D8/><U62/><E62/><V31/><F31/><W108/><G108/><T49/><D86/><U107/><E107/><V30/><F30/><W52/><REACH who="3" step="1"/><G38/><REACH who="3" ten="410,124,287,169" step="2"/><T109/><D109/><U72/><E37/><V100/><F94/><W10/><G10/><T67/><D68/><U111/><E111/><V40/><F95/><W130/><G130/><T110/><D110/><U53/><REACH who="1" step="1"/><E72/><REACH who="1" ten="410,114,287,169" step="2"/><V113/><F101/><W9/><G9/><T126/><D126/><U103/><E103/><V39/><F100/><W121/><G121/><T120/><D120/><U28/><E28/><V66/><F39/><W76/><G76/><T44/><D127/><U82/><AGARI ba="0,2" hai="22,23,24,25,27,43,47,48,50,53,58,82,85,89" machi="82" ten="30,7900,0" yaku="1,1,5,1,0,1,8,1,53,0" doraHai="71" doraHaiUra="29" who="1" fromWho="1" sc="410,-39,114,99,287,-20,169,-20" />
</Scene>
<Scene>
<INIT seed="5,0,0,2,4,18" ten="371,213,267,149" oya="1" hai0="112,113,31,114,30,102,61,73,17,57,67,35,37" hai1="59,33,115,125,24,110,75,64,107,92,45,121,19" hai2="77,84,46,51,29,13,134,135,71,72,103,79,0" hai3="95,118,41,27,32,124,106,126,86,85,81,62,7"/><U42/><E121/><V65/><F0/><W4/><G106/><T26/><D37/><U10/><E107/><V105/><F72/><W69/><G118/><T52/><D73/><U91/><E75/><V133/><F29/><N who="3" m="19519" /><G41/><T44/><D102/><U40/><E115/><V132/><F132/><W131/><G131/><T93/><D93/><U89/><E125/><N who="3" m="48234" /><G95/><T88/><D88/><U68/><E68/><V70/><F13/><W116/><G116/><T101/><D101/><U14/><E110/><V39/><F39/><W25/><G25/><T21/><D35/><U80/><E80/><N who="2" m="47119" /><F79/><N who="3" m="46271" /><G86/><T119/><D119/><U104/><E104/><V87/><F87/><W15/><G15/><T63/><D44/><U123/><E123/><V22/><F103/><W127/><N who="3" m="48242" /><W48/><DORA hai="12" /><G48/><T82/><D82/><U76/><E76/><V97/><F51/><W1/><G1/><T11/><D11/><U38/><E42/><V120/><F46/><W66/><AGARI ba="0,0" hai="4,7,62,66,69" m="46271,48242,19519" machi="66" ten="40,1500,0" yaku="18,1" doraHai="18,12" who="3" fromWho="3" sc="371,-4,213,-7,267,-4,149,15" />
</Scene>
<Scene>
<INIT seed="6,0,0,5,4,134" ten="367,206,263,164" oya="2" hai0="96,30,67,114,85,86,11,78,118,68,79,90,72" hai1="119,56,98,121,15,22,54,116,31,16,81,122,105" hai2="42,46,59,101,39,100,120,70,66,43,108,5,60" hai3="29,92,50,83,57,69,63,88,26,28,32,112,127"/><V125/><F120/><N who="1" m="46185" /><E31/><V34/><F34/><W21/><G112/><T124/><D85/><U17/><E81/><V51/><F108/><W133/><G133/><T0/><D68/><U23/><E98/><V37/><F5/><W7/><G7/><T13/><D67/><U99/><E99/><V25/><F25/><W27/><G83/><T3/><D30/><U123/><N who="1" m="46193" /><U12/><DORA hai="53" /><E105/><V113/><F113/><W128/><G128/><T111/><D118/><U44/><E44/><N who="2" m="23647" /><F100/><W135/><G127/><T45/><D124/><U97/><E97/><V110/><F101/><W130/><G130/><T20/><D20/><U102/><E102/><V24/><F24/><W55/><G135/><T1/><D0/><U117/><E117/><V82/><F82/><W94/><REACH who="3" step="1"/><G88/><REACH who="3" ten="367,206,263,154" step="2"/><T104/><D90/><U106/><E106/><V71/><F125/><W77/><G77/><T10/><D104/><U19/><E19/><V84/><F84/><W131/><G131/><T49/><D86/><U89/><E89/><V73/><F73/><W2/><G2/><T36/><D1/><U132/><E132/><V33/><F110/><W9/><G9/><T126/><D10/><U65/><E65/><AGARI ba="0,1" hai="21,26,27,28,29,32,50,55,57,63,65,69,92,94" machi="65" ten="40,2600,0" yaku="1,1,52,1,53,0" doraHai="134,53" doraHaiUra="6,107" who="3" fromWho="1" sc="367,0,206,-26,263,0,154,36" />
</Scene>
<Scene>
<INIT seed="7,0,0,3,4,68" ten="367,180,263,190" oya="3" hai0="94,127,121,19,58,56,102,85,32,22,31,118,105" hai1="70,104,89,53,27,62,41,64,82,125,9,122,129" hai2="91,16,42,131,134,30,61,59,60,96,69,39,83" hai3="45,48,50,29,108,8,43,116,115,63,77,21,15"/><W110/><G115/><T119/><D105/><U36/><E122/><V117/><F30/><W33/><G116/><T88/><D58/><U97/><E129/><V24/><F117/><W111/><G77/><T106/><D127/><U10/><E125/><V75/><F69/><W72/><G72/><T49/><D121/><U26/><E53/><V23/><F131/><W109/><N who="3" m="27648" /><DORA hai="2" /><W123/><G123/><T55/><D31/><U17/><E82/><V114/><F134/><W11/><G33/><T86/><D86/><U20/><E27/><V76/><F59/><W103/><G103/><T38/><D32/><U99/><E89/><V71/><F71/><W98/><G98/><N who="0" m="61783" /><D38/><U113/><E113/><V133/><F133/><W14/><G63/><T128/><D128/><U18/><E104/><V124/><F124/><W80/><G80/><T37/><D37/><U126/><E126/><V40/><F39/><N who="3" m="21759" /><G29/><T34/><D34/><U67/><E67/><V0/><F83/><W101/><G101/><T12/><AGARI ba="0,0" hai="12,19,22,49,55,56,85,88,94,118,119" m="61783" machi="12" ten="30,2000,0" yaku="25,1,54,1" doraHai="68,2" who="0" fromWho="0" sc="367,20,180,-5,263,-5,190,-10" owari="387,48.0,175,-32.0,258,6.0,180,-22.0" />
</Scene>
</mjloggm>