<mjloggm ver="2.3"><GO type="169" lobby="0"/><UN n0="%E5%8C%97%E3%81%AE%E5%AF%BE%E5%AD%90%E8%90%BD%E3%81%A8%E3%81%97" n1="%E3%81%87%E3%82%8B%E3%81%87%E3%82%8B" n2="%52%65%3A%7A%61%77%61" n3="%E5%A4%AA%E3%81%8F%E3%81%AA%E3%81%84%E3%81%8A" dan="17,16,16,19" rate="2149.74,2069.89,2071.21,2342.98" sx="M,F,M,F"/><TAIKYOKU oya="0"/>

<Scene>
<INIT seed="0,0,0,0,3,133" ten="250,250,250,250" oya="0" hai0="103,98,26,14,45,117,113,58,77,56,49,11,55" hai1="47,5,89,43,74,39,130,13,59,48,114,84,50" hai2="16,99,81,110,35,93,0,42,4,127,94,27,64" hai3="82,121,95,15,25,118,38,19,115,2,10,100,44"/><T75/><D113/><U105/><E74/><V68/><F110/><W124/><G115/><T101/><D117/><U72/><E72/><V53/><F42/><W20/><G118/><T65/><D26/><U52/><E105/><V66/><F93/><W12/><G121/><T71/><D71/><U18/><E130/><V97/><F99/><W79/><G100/><T32/><D32/><U67/><E5/><V106/><F106/><W1/><G95/><T21/><D21/><U63/><E114/><V6/><F68/><W60/><G60/><T116/><D116/><U85/><E50/><V129/><F129/><W107/><G107/><T122/><D122/><U109/><E89/><V126/><F81/><W34/><G34/><T131/><D131/><U17/><E109/><V29/><F53/><W87/><G15/><T51/><D65/><N who="2" m="25194" /><F16/><W91/><G91/><T102/><D98/><U8/><REACH who="1" step="1"/><E18/><REACH who="1" ten="250,240,250,250" step="2"/><V112/><F112/><W125/><G38/><T86/><D75/><U119/><E119/><V123/><F123/><W78/><G78/><T7/><D51/><U24/><E24/><V80/><F0/><W28/><REACH who="3" step="1"/><G44/><AGARI ba="0,1" hai="8,13,17,39,43,44,47,48,52,59,63,67,84,85" machi="44" ten="30,3900,0" yaku="1,1,7,1,54,1,53,0" doraHai="133" doraHaiUra="132" who="1" fromWho="3" sc="250,0,240,49,250,0,250,-39" />
</Scene>
<Scene>
<INIT seed="1,0,0,5,0,26" ten="250,289,250,211" oya="1" hai0="53,32,10,30,29,27,20,64,0,115,129,13,28" hai1="66,73,124,117,59,52,101,98,127,8,62,113,21" hai2="68,12,16,24,15,69,94,71,57,106,33,128,131" hai3="133,34,85,77,120,118,50,86,1,23,110,84,74"/><U90/><E73/><V37/><F106/><W87/><G34/><T108/><D115/><U4/><E113/><V36/><F94/><W121/><G1/><T9/><D64/><U11/><E117/><V111/><F111/><W42/><G74/><T40/><D40/><U125/><E21/><V61/><F12/><W5/><G5/><N who="0" m="1319" /><D53/><U55/><E90/><V45/><F45/><W130/><G110/><T134/><D108/><U112/><E112/><V123/><F123/><W60/><G133/><T132/><D129/><N who="2" m="49738" /><F24/><W44/><G130/><T7/><D32/><U58/><E4/><V91/><F91/><W75/><G118/><T22/><D22/><U18/><E18/><AGARI ba="0,0" hai="7,9,13,18,20,27,28,29,30,132,134" m="1319" machi="18" ten="30,8000,1" yaku="34,2,52,3" doraHai="26" who="0" fromWho="1" sc="250,80,289,-80,250,0,211,0" />
</Scene>
<Scene>
<INIT seed="2,0,0,3,0,133" ten="330,209,250,211" oya="2" hai0="54,10,129,74,111,39,50,72,71,125,124,56,29" hai1="91,55,79,106,28,121,16,99,103,117,77,42,17" hai2="34,82,93,32,100,45,89,31,63,0,46,38,101" hai3="27,110,76,118,114,80,11,131,59,73,14,128,104"/><V41/><F0/><W67/><G104/><T122/><D122/><U116/><E121/><V3/><F3/><W62/><G118/><T35/><D71/><U25/><E42/><V19/><F46/><W68/><G110/><T78/><D39/><U7/><E7/><V134/><F134/><W90/><G114/><T83/><D111/><U60/><E91/><V98/><F63/><W81/><G27/><N who="0" m="18879" /><D10/><U112/><E112/><V127/><F19/><W120/><G120/><T97/><D97/><U4/><E4/><V92/><F82/><W37/><G37/><T66/><D66/><U20/><E17/><V108/><F108/><W12/><G68/><T5/><D5/><U113/><E113/><V94/><F94/><W84/><REACH who="3" step="1"/><G11/><REACH who="3" ten="330,209,250,201" step="2"/><T24/><D24/><U96/><E116/><V15/><F38/><W85/><G85/><N who="0" m="48375" /><D129/><AGARI ba="0,1" hai="12,14,59,62,67,73,76,80,81,84,90,128,129,131" machi="129" ten="40,2600,0" yaku="1,1,19,1,53,0" doraHai="133" doraHaiUra="30" who="3" fromWho="0" sc="330,-26,209,0,250,0,201,36" />
</Scene>
<Scene>
<INIT seed="3,0,0,4,3,71" ten="304,209,250,237" oya="3" hai0="15,32,69,99,128,133,120,86,53,93,46,36,56" hai1="40,4,10,61,112,59,70,25,96,81,6,19,2" hai2="48,3,76,124,103,89,77,11,132,113,88,109,122" hai3="127,68,67,57,8,31,116,104,91,39,64,23,85"/><W20/><G116/><T27/><D69/><U42/><E112/><V107/><F113/><W41/><G104/><T55/><D120/><U114/><E114/><V102/><F3/><W63/><G127/><T54/><D128/><U12/><E70/><V33/><F33/><W22/><G8/><T125/><D133/><U18/><E6/><V105/><F11/><W135/><G135/><T9/><D86/><U34/><E81/><V131/><F48/><W1/><G1/><T60/><D125/><U101/><E18/><V117/><F132/><W123/><G123/><T14/><D14/><U47/><E47/><V84/><F122/><W21/><G68/><T83/><D83/><U5/><E5/><V65/><F65/><N who="3" m="39151" /><G39/><T130/><D130/><U43/><E25/><V134/><F134/><W90/><G41/><T51/><D36/><U100/><E96/><V115/><F131/><W24/><G90/><N who="2" m="34921" /><F115/><W72/><G72/><T119/><D119/><U97/><E97/><V126/><F117/><W74/><G74/><T82/><D82/><AGARI ba="0,0" hai="20,21,22,23,24,31,64,67,82,85,91" m="39151" machi="82" ten="30,1500,0" yaku="8,1" doraHai="71" who="3" fromWho="0" sc="304,-15,209,0,250,0,237,15" />
</Scene>
<Scene>
<INIT seed="3,1,0,1,3,76" ten="289,209,250,252" oya="3" hai0="97,112,102,90,73,21,66,93,80,98,75,13,91" hai1="88,15,124,132,77,106,134,117,42,8,111,17,127" hai2="43,27,99,41,64,58,72,14,82,60,133,26,125" hai3="22,115,34,130,24,135,89,49,123,128,56,18,38"/><W63/><G38/><T16/><D112/><U29/><E42/><V116/><F116/><W108/><G115/><T57/><D91/><U131/><E106/><V59/><F125/><N who="1" m="48201" /><E77/><V1/><F1/><W31/><G123/><T114/><D114/><U86/><E117/><V47/><F133/><N who="1" m="51305" /><E29/><V0/><F0/><W61/><G135/><T52/><D66/><U110/><E131/><N who="3" m="50218" /><G108/><T92/><REACH who="0" step="1"/><D80/><AGARI ba="1,0" hai="8,15,17,80,86,88,110,111" m="51305,48201" machi="80" ten="30,7700,0" yaku="18,1,20,1,52,1,54,1" doraHai="76" who="1" fromWho="0" sc="289,-80,209,80,250,0,252,0" />
</Scene>
<Scene>
<INIT seed="4,0,0,2,0,64" ten="209,289,250,252" oya="0" hai0="135,12,70,77,107,133,127,61,102,112,48,87,85" hai1="68,131,30,53,89,25,47,124,123,120,4,81,34" hai2="125,82,91,71,50,106,110,38,33,121,83,24,5" hai3="69,40,104,130,42,49,73,15,115,66,62,65,20"/><T1/><D1/><U109/><E109/><V128/><F5/><W117/><G73/><T94/><D112/><U114/><E4/><V22/><F33/><W132/><G104/><T88/><D127/><U11/><E11/><V9/><F38/><W76/><G76/><T31/><D31/><U111/><E111/><V14/><F106/><W26/><G117/><T3/><D3/><U118/><E118/><V10/><F121/><W21/><G115/><T101/><D48/><U56/><E114/><V2/><F110/><W46/><G130/><T29/><D29/><U36/><E131/><V57/><F2/><W35/><G132/><N who="0" m="50763" /><D12/><U43/><E124/><V122/><F125/><W41/><G35/><T59/><D107/><U92/><E81/><V8/><F14/><W28/><REACH who="3" step="1"/><G65/><REACH who="3" ten="209,289,250,242" step="2"/><N who="0" m="41263" /><D59/><U67/><E123/><V80/><F122/><W17/><AGARI ba="0,1" hai="15,17,20,21,26,28,40,41,42,46,49,62,66,69" machi="17" ten="30,4000,0" yaku="1,1,0,1,52,1,53,0" doraHai="64" doraHaiUra="90" who="3" fromWho="3" sc="209,-20,289,-10,250,-10,242,50" />
</Scene>
<Scene>
<INIT seed="5,0,0,3,4,61" ten="189,279,240,292" oya="1" hai0="99,51,88,82,66,64,81,97,95,2,35,34,116" hai1="100,27,124,0,38,59,84,77,98,16,71,76,80" hai2="52,109,90,41,96,5,63,70,132,75,36,102,3" hai3="53,40,87,11,125,113,54,67,42,92,26,46,110"/><U111/><E71/><V91/><F109/><W18/><G110/><T103/><D2/><U57/><E0/><V29/><F132/><W133/><G113/><T68/><D116/><U32/><E38/><V131/><F75/><W30/><G125/><T115/><D115/><U13/><E111/><V62/><F29/><W19/><G133/><T105/><D68/><U117/><E117/><V106/><F131/><W112/><G112/><T24/><D51/><U7/><E7/><V101/><F102/><W108/><G67/><T50/><D50/><U83/><E27/><V126/><F126/><W93/><G108/><T118/><D118/><U47/><E47/><V128/><F128/><W33/><G11/><T73/><D81/><U39/><E32/><V86/><F63/><W104/><G104/><T121/><D121/><U9/><E39/><V65/><F86/><W12/><G87/><T69/><D69/><U129/><E129/><V15/><F3/><W20/><G19/><T44/><D44/><U72/><REACH who="1" step="1"/><E124/><REACH who="1" ten="189,269,240,292" step="2"/><V4/><F4/><W130/><G130/><T122/><D122/><U114/><E114/><V85/><F36/><W120/><G120/><T31/><REACH who="0" step="1"/><D35/><REACH who="0" ten="179,269,240,292" step="2"/><U79/><E79/><AGARI ba="0,2" hai="24,31,34,64,66,73,79,82,88,95,97,99,103,105" machi="79" ten="40,8000,1" yaku="1,1,2,1,52,2,54,1,53,0" doraHai="61" doraHaiUra="55" who="0" fromWho="1" sc="179,100,269,-80,240,0,292,0" />
</Scene>
<Scene>
<INIT seed="6,0,0,2,2,106" ten="279,189,240,292" oya="2" hai0="35,62,49,26,64,58,6,118,39,132,68,111,90" hai1="20,43,57,41,65,17,83,121,105,75,24,8,110" hai2="126,131,44,88,55,67,40,107,60,46,127,124,19" hai3="53,1,45,16,102,18,123,112,3,2,11,84,76"/><V78/><F107/><W47/><G123/><T133/><D111/><U114/><E110/><V36/><F78/><W74/><G102/><T66/><D39/><U96/><E121/><V5/><F5/><W80/><G112/><T14/><D118/><U59/><E114/><V38/><F131/><W54/><G84/><T69/><D90/><U27/><E8/><V89/><F19/><W120/><G120/><T125/><D125/><U77/><E105/><V42/><REACH who="2" step="1"/><F55/><REACH who="2" ten="279,189,230,292" step="2"/><W103/><G18/><T10/><D6/><U122/><E122/><V22/><F22/><W50/><G16/><T97/><D35/><U51/><E17/><V70/><AGARI ba="0,1" hai="36,38,40,42,44,46,60,67,70,88,89,124,126,127" machi="70" ten="30,12000,1" yaku="1,1,0,1,9,1,18,1,54,1,53,0" doraHai="106" doraHaiUra="32" who="2" fromWho="2" sc="279,-40,189,-40,230,130,292,-40" />
</Scene>
<Scene>
<INIT seed="6,1,0,1,1,108" ten="239,149,360,252" oya="2" hai0="14,4,56,105,7,53,131,16,33,40,65,86,6" hai1="20,18,21,72,118,67,135,126,79,106,68,116,85" hai2="77,129,111,36,15,30,132,83,54,2,46,32,78" hai3="117,124,3,121,100,19,9,130,133,80,88,35,60"/><V64/><F2/><W102/><G121/><T112/><D105/><U5/><E72/><V95/><F78/><W52/><G117/><T128/><D33/><U81/><E106/><V27/><F111/><W94/><G35/><T127/><D127/><U66/><E126/><V98/><F129/><N who="0" m="49738" /><D40/><U44/><E135/><V75/><F64/><W37/><G37/><T31/><D31/><U8/><E44/><V0/><F0/><W113/><G130/><T71/><D86/><U51/><E51/><V109/><F109/><W22/><G124/><T29/><D29/><U41/><E41/><V47/><F36/><W114/><G80/><T38/><D38/><U39/><E39/><V12/><F132/><W93/><G133/><T50/><D112/><N who="3" m="43113" /><G3/><T107/><D107/><U49/><E49/><V110/><F110/><W62/><G9/><N who="0" m="6223" /><D7/><U120/><E5/><V25/><F83/><W84/><G94/><T96/><D6/><U97/><E120/><V17/><F95/><W99/><G84/><T115/><D4/><U1/><E1/><V103/><F32/><W82/><G82/><T28/><D115/><U59/><E68/><V34/><F34/><W61/><G52/><T122/><D53/><U13/><E97/><V57/><F54/><W58/><G58/><T87/><D56/><U73/><E73/><V70/><F57/><W10/><G10/><T76/><D96/><U26/><E8/><V69/><F98/><W43/><G43/><T42/><D42/><U90/><E79/><V134/><F77/><W24/><AGARI ba="1,0" hai="19,22,24,60,61,62,88,93,99,100,102" m="43113" machi="24" ten="30,12000,2" yaku="15,1,11,1,52,3,54,1" doraHai="108" who="3" fromWho="3" sc="239,-31,149,-31,360,-61,252,123" />
</Scene>
<Scene>
<INIT seed="7,0,0,0,4,119" ten="208,118,299,375" oya="3" hai0="101,60,115,44,57,27,13,80,1,70,6,72,16" hai1="62,100,79,86,109,110,22,133,10,37,127,104,21" hai2="105,58,4,47,48,98,71,106,19,130,122,51,5" hai3="42,39,34,85,102,77,8,20,2,112,65,59,129"/><W75/><G34/><T26/><D70/><U92/><E37/><V35/><F71/><W52/><G102/><T12/><D1/><U76/><E133/><V134/><F134/><W83/><G65/><T120/><D120/><U97/><E10/><V126/><F35/><W45/><G112/><T113/><D101/><U117/><E117/><V78/><F78/><W11/><G129/><T24/><D44/><U107/><E62/><V40/><F130/><W54/><G85/><T87/><D72/><U38/><E38/><V91/><F126/><W88/><G88/><N who="0" m="51303" /><D6/><U123/><E127/><V118/><F118/><W56/><G20/><N who="0" m="11279" /><D12/><U128/><E128/><V7/><F122/><W33/><G33/><T64/><D115/><U25/><E22/><V17/><F106/><N who="1" m="40489" /><E21/><V73/><F73/><W49/><G2/><T67/><D113/><U63/><E63/><AGARI ba="0,0" hai="8,11,39,42,45,49,52,54,56,59,63,75,77,83" machi="63" ten="30,2900,0" yaku="7,1,54,1" doraHai="119" who="3" fromWho="1" sc="208,0,118,-29,299,0,375,29" owari="208,-19.0,89,-41.0,299,10.0,404,50.0" />
</Scene>
</mjloggm>