<mjloggm ver="2.3"><GO type="169" lobby="0"/><UN n0="%7A%65%72%6F%52%58" n1="%E5%A4%AA%E3%81%8F%E3%81%AA%E3%81%84%E3%81%8A" n2="%4A%57%49%4C%4C" n3="%E3%83%89%E3%83%A9%E3%83%AD%E3%83%B3%E3%83%80%E3%82%A4%E3%83%B4" dan="17,18,16,16" rate="2168.03,2287.56,2150.83,2073.13" sx="M,M,M,M"/><TAIKYOKU oya="0"/>

<Scene>
<INIT seed="0,0,0,5,0,40" ten="250,250,250,250" oya="0" hai0="97,78,115,96,46,98,59,121,57,19,42,114,101" hai1="8,45,54,28,66,18,82,48,65,50,39,72,15" hai2="70,13,63,117,135,35,126,100,95,51,88,74,27" hai3="25,116,80,103,26,2,86,55,38,105,120,21,131"/><T24/><D121/><U118/><E118/><V90/><F74/><W110/><G116/><T134/><D101/><U52/><E39/><V20/><F117/><W32/><G2/><T37/><D134/><U130/><E130/><V64/><F135/><W60/><G131/><T83/><D19/><U17/><E28/><V11/><F35/><W84/><G38/><T62/><D24/><U93/><E93/><V44/><F126/><W91/><G120/><T67/><REACH who="0" step="1"/><D59/><REACH who="0" ten="240,250,250,250" step="2"/><U94/><E18/><V12/><F100/><W71/><G25/><T3/><D3/><U69/><E69/><V77/><F77/><W107/><G71/><T9/><D9/><U92/><E17/><V89/><F11/><W6/><G103/><T41/><D41/><U43/><E43/><V75/><F75/><AGARI ba="0,1" hai="37,42,46,57,62,67,75,78,83,96,97,98,114,115" machi="75" ten="40,7700,0" yaku="1,1,52,1,53,1" doraHai="40" doraHaiUra="53" who="0" fromWho="2" sc="240,87,250,0,250,-77,250,0" />
</Scene>
<Scene>
<INIT seed="0,1,0,0,5,48" ten="327,250,173,250" oya="0" hai0="18,78,67,49,79,85,41,125,59,106,126,11,35" hai1="84,61,39,12,115,36,114,34,75,101,92,135,9" hai2="119,112,10,103,54,130,95,42,131,31,77,26,109" hai3="93,62,32,69,53,28,98,56,50,71,29,52,122"/><T124/><D35/><U40/><E75/><V57/><F112/><N who="1" m="43049" /><E34/><V38/><F77/><W4/><G122/><T121/><D106/><U74/><E74/><V44/><F10/><W66/><G4/><T7/><D121/><U123/><E123/><V25/><F109/><W133/><G133/><T118/><D118/><U87/><E135/><V86/><F119/><W80/><G80/><T88/><D18/><U110/><E110/><V90/><F103/><W127/><G127/><T60/><D41/><U63/><E101/><V17/><F17/><W107/><G107/><T27/><D49/><U73/><E73/><V128/><REACH who="2" step="1"/><F31/><REACH who="2" ten="327,250,163,250" step="2"/><W108/><G108/><T129/><D129/><U99/><E9/><V68/><F68/><W65/><G29/><T33/><D33/><U116/><E116/><V6/><F6/><W72/><G28/><T46/><D79/><U23/><E23/><V16/><F16/><W8/><G32/><T64/><D78/><U2/><E2/><V102/><F102/><W96/><G71/><T14/><D27/><U117/><E117/><V43/><F43/><W15/><G69/><T58/><D126/><U0/><E0/><V89/><F89/><W1/><G1/><T104/><D125/><U22/><E22/><V20/><F20/><W113/><G113/><T94/><D124/><U111/><E111/><V70/><F70/><W19/><G8/><T91/><D91/><N who="1" m="55711" /><E12/><V45/><F45/><W5/><G15/><T97/><D46/><U13/><E13/><V105/><F105/><W47/><G47/><T24/><D104/><U37/><E40/><RYUUKYOKU ba="1,1" sc="327,-15,250,15,163,15,250,-15" hai1="36,37,39,61,63,84,87" hai2="25,26,38,42,44,54,57,86,90,95,128,130,131" />
</Scene>
<Scene>
<INIT seed="1,2,1,2,4,105" ten="312,265,178,235" oya="1" hai0="18,73,1,83,118,64,126,51,40,50,32,108,61" hai1="87,6,130,116,36,113,90,67,62,5,26,63,85" hai2="111,19,29,2,128,41,101,95,119,82,59,37,15" hai3="55,10,53,123,24,97,60,93,25,94,66,117,125"/><U133/><E113/><V33/><F119/><W42/><G123/><T89/><D108/><U106/><E116/><V98/><F111/><W54/><G117/><T78/><D118/><U14/><E106/><V92/><F2/><W70/><G125/><T80/><D32/><U120/><E120/><V77/><F128/><W52/><G42/><T129/><D1/><U20/><E36/><V47/><F59/><W3/><G55/><T122/><D129/><U56/><E133/><V115/><F115/><W68/><G68/><T81/><D126/><U100/><E100/><V11/><F29/><W35/><G35/><T65/><D65/><U46/><E130/><V45/><F45/><W75/><G75/><T9/><D83/><U121/><E121/><V74/><REACH who="2" step="1"/><F33/><REACH who="2" ten="312,265,168,235" step="2"/><W27/><G3/><T30/><D30/><U28/><E46/><V103/><F103/><W134/><G134/><T4/><D122/><U8/><E62/><V104/><AGARI ba="2,2" hai="11,15,19,37,41,47,74,77,82,92,95,98,101,104" machi="104" ten="20,8000,1" yaku="1,1,0,1,7,1,52,1,53,1" doraHai="105" doraHaiUra="72" who="2" fromWho="2" sc="312,-22,265,-42,168,106,235,-22" />
</Scene>
<Scene>
<INIT seed="2,0,0,0,3,45" ten="290,223,274,213" oya="2" hai0="101,81,55,83,77,74,73,43,99,87,11,53,6" hai1="92,44,129,112,67,40,128,46,69,35,12,126,123" hai2="94,56,106,90,50,85,23,96,17,38,47,32,52" hai3="33,79,64,84,91,120,71,36,114,20,115,5,133"/><V117/><F32/><W1/><G33/><T70/><D70/><U31/><E112/><V8/><F117/><W14/><G120/><T72/><D43/><U109/><E123/><V66/><F8/><W68/><G36/><T37/><D37/><U16/><E109/><V88/><F106/><W28/><G1/><T49/><D83/><U78/><E78/><V124/><F124/><W130/><G79/><T110/><D110/><U2/><E2/><V98/><F38/><W30/><G130/><N who="1" m="50282" /><E126/><V95/><F66/><W103/><G103/><T60/><D60/><N who="1" m="40167" /><E92/><V27/><F47/><W107/><G107/><T113/><D113/><U108/><E108/><V89/><F89/><W104/><G91/><T18/><D18/><U86/><E86/><AGARI ba="0,0" hai="17,23,27,50,52,56,85,86,88,90,94,95,96,98" machi="86" ten="30,18000,2" yaku="7,1,9,1,8,1,52,1,54,2" doraHai="45" who="2" fromWho="1" sc="290,0,223,-180,274,180,213,0" />
</Scene>
<Scene>
<INIT seed="2,1,0,0,1,80" ten="290,43,454,213" oya="2" hai0="132,128,131,36,58,29,51,85,33,9,57,70,122" hai1="99,102,18,25,21,55,16,84,6,121,2,109,88" hai2="49,0,13,10,135,5,111,129,93,97,34,11,4" hai3="113,37,116,14,22,67,28,26,133,15,19,40,32"/><V103/><F129/><N who="0" m="49738" /><D70/><U115/><E109/><V45/><F135/><W96/><G116/><T54/><D36/><U59/><E115/><V100/><F34/><W76/><G133/><T74/><D74/><U94/><E121/><V64/><F64/><W50/><G37/><T20/><D33/><U44/><E44/><V79/><F111/><W27/><G113/><T120/><D132/><U1/><E6/><V98/><F79/><W78/><G67/><T87/><D9/><U92/><REACH who="1" step="1"/><E18/><REACH who="1" ten="290,33,454,213" step="2"/><V48/><REACH who="2" step="1"/><F45/><REACH who="2" ten="290,33,444,213" step="2"/><W112/><G112/><T114/><D114/><U63/><AGARI ba="1,2" hai="1,2,16,21,25,55,59,63,84,88,92,94,99,102" machi="63" ten="20,12000,2" yaku="1,1,2,1,0,1,7,1,52,1,54,2,53,0" doraHai="80" doraHaiUra="77" who="1" fromWho="1" sc="290,-31,33,143,444,-61,213,-31" />
</Scene>
<Scene>
<INIT seed="3,0,0,0,3,87" ten="259,176,383,182" oya="3" hai0="53,100,107,68,118,133,32,80,69,79,127,45,9" hai1="60,131,78,12,36,10,7,132,110,24,25,50,65" hai2="105,57,85,112,81,8,119,1,66,123,72,31,64" hai3="67,47,109,70,11,51,99,121,93,58,90,15,95"/><W88/><G70/><T33/><D118/><U14/><E36/><V134/><F119/><W102/><G121/><T84/><D107/><U26/><E110/><V2/><F112/><W82/><G109/><T62/><D100/><U54/><E131/><V27/><F72/><W41/><G82/><T91/><D133/><U89/><E132/><V6/><F134/><W21/><G21/><T18/><D127/><U19/><E78/><V129/><F129/><W101/><G58/><T75/><D69/><U20/><E89/><V97/><F123/><W52/><G41/><T125/><D125/><U71/><REACH who="1" step="1"/><E25/><REACH who="1" ten="259,166,383,182" step="2"/><V124/><F124/><W83/><G83/><T108/><D91/><U113/><E113/><V46/><F27/><W96/><G67/><T111/><D79/><U115/><E115/><V29/><F66/><W130/><G130/><T4/><D80/><U59/><AGARI ba="0,1" hai="7,10,12,14,19,20,24,26,50,54,59,60,65,71" machi="59" ten="20,2700,0" yaku="1,1,0,1,7,1,53,0" doraHai="87" doraHaiUra="117" who="1" fromWho="1" sc="259,-7,166,37,383,-7,182,-13" />
</Scene>
<Scene>
<INIT seed="4,0,0,3,5,132" ten="252,203,376,169" oya="0" hai0="81,3,47,84,83,64,111,22,69,63,58,80,77" hai1="72,27,40,66,53,133,35,130,108,92,102,105,128" hai2="15,90,88,93,34,55,70,67,0,41,60,43,44" hai3="98,26,113,2,29,74,56,122,36,16,57,13,94"/><T21/><D111/><U125/><E108/><V45/><F0/><W38/><G2/><T129/><D3/><U30/><E72/><V37/><F34/><W134/><G74/><T17/><D129/><N who="1" m="49771" /><E133/><V107/><F107/><W112/><G134/><T1/><D1/><U91/><E40/><V23/><F55/><W123/><G57/><T110/><D110/><U114/><E66/><V135/><F135/><W126/><G56/><T120/><D69/><U20/><E53/><V62/><F62/><W19/><G126/><T51/><D120/><N who="3" m="46121" /><G26/><T76/><D76/><U14/><E114/><N who="3" m="44138" /><G29/><T48/><D48/><U100/><E105/><V104/><F104/><W4/><G4/><T49/><D49/><U106/><E106/><V39/><F93/><W61/><G61/><T97/><D97/><N who="1" m="57503" /><E125/><V131/><F131/><W73/><G73/><T24/><REACH who="0" step="1"/><D22/><REACH who="0" ten="242,203,376,169" step="2"/><U109/><E109/><V7/><REACH who="2" step="1"/><F23/><REACH who="2" ten="242,203,366,169" step="2"/><N who="3" m="11663" /><G19/><AGARI ba="0,2" hai="14,19,20,27,30,35,100,102" m="57503,49771" machi="19" ten="30,1000,0" yaku="19,1" doraHai="132" who="1" fromWho="3" sc="242,0,203,30,366,0,169,-10" />
</Scene>
<Scene>
<INIT seed="5,0,0,2,1,53" ten="242,233,366,159" oya="1" hai0="127,120,117,31,80,116,132,24,96,135,36,29,16" hai1="37,84,7,118,47,22,72,94,15,14,33,79,91" hai2="58,32,110,78,131,51,20,76,45,11,126,112,10" hai3="42,70,61,21,23,25,65,97,105,121,49,50,17"/><U30/><E118/><N who="0" m="45673" /><D36/><U6/><E33/><V41/><F32/><W52/><G42/><T88/><D88/><N who="1" m="53511" /><E72/><V111/><F131/><W133/><G133/><N who="0" m="51275" /><D96/><U83/><E79/><V93/><F126/><W55/><G121/><T119/><D80/><U102/><E102/><V46/><F112/><W64/><G64/><T35/><N who="0" m="45681" /><T74/><DORA hai="18" /><D74/><U106/><E106/><V90/><F110/><W115/><G115/><T89/><D89/><U57/><E37/><V81/><F111/><W9/><G9/><T26/><D127/><U62/><E47/><V59/><F46/><W38/><G38/><T71/><D71/><U130/><E130/><V82/><F82/><W4/><G4/><N who="1" m="1578" /><E91/><V123/><F123/><W63/><G63/><T107/><D107/><U0/><E83/><V99/><F78/><W69/><G69/><T28/><D120/><U100/><E100/><V122/><F122/><W60/><G60/><T68/><D68/><U129/><E0/><V5/><F20/><AGARI ba="0,0" hai="16,20,24,26,28,29,31,35" m="51275,45681" machi="20" ten="50,8000,1" yaku="20,1,34,2,52,1,54,1" doraHai="53,18" who="0" fromWho="2" sc="242,80,233,0,366,-80,159,0" />
</Scene>
<Scene>
<INIT seed="6,0,0,5,5,81" ten="322,233,286,159" oya="2" hai0="131,89,66,76,108,22,117,127,120,59,97,36,41" hai1="128,71,73,61,130,90,62,116,77,68,37,44,67" hai2="129,106,55,101,53,14,12,26,52,64,113,19,54" hai3="134,95,87,121,20,112,43,4,17,6,104,119,21"/><V24/><F113/><W31/><G104/><T103/><D108/><U45/><E90/><V18/><N who="2" m="13312" /><DORA hai="35" /><V83/><F64/><W1/><G119/><T65/><D131/><N who="1" m="50219" /><E116/><V3/><F129/><W51/><G121/><T125/><D120/><U46/><E77/><V118/><F118/><W132/><G1/><T47/><D117/><U49/><E73/><V115/><F115/><W70/><G70/><N who="1" m="26666" /><E49/><V124/><F3/><W133/><G112/><T9/><D76/><U34/><E34/><V23/><F124/><N who="0" m="47690" /><D89/><U102/><E102/><V92/><F106/><W38/><G38/><T40/><D40/><N who="1" m="22543" /><E62/><V58/><F58/><AGARI ba="0,0" hai="45,46,58,61,67" m="22543,26666,50219" machi="58" ten="30,3900,0" yaku="19,1,34,2" doraHai="81,35" who="1" fromWho="2" sc="322,0,233,39,286,-39,159,0" />
</Scene>
<Scene>
<INIT seed="7,0,0,5,0,12" ten="322,272,247,159" oya="3" hai0="66,117,71,109,81,68,5,18,9,135,28,133,39" hai1="103,107,11,93,55,50,47,80,30,10,57,69,29" hai2="105,116,101,37,2,21,122,127,1,97,56,130,44" hai3="38,76,43,32,126,86,4,17,13,90,42,14,64"/><W65/><G32/><T91/><D39/><U35/><E69/><N who="0" m="26697" /><D28/><N who="1" m="10859" /><E107/><V121/><F116/><W115/><G76/><T92/><D109/><U51/><E35/><V94/><F130/><W134/><G115/><T41/><D41/><N who="3" m="15369" /><G38/><T40/><D40/><N who="1" m="24935" /><E80/><V3/><F44/><W8/><G134/><T46/><D9/><U67/><E67/><N who="3" m="25674" /><G126/><T73/><D92/><U119/><E119/><V87/><F37/><W114/><G114/><T113/><D91/><U59/><E59/><V131/><F131/><W6/><G14/><T60/><D60/><U102/><E93/><AGARI ba="0,0" hai="4,6,8,13,17,86,90,93" m="25674,15369" machi="93" ten="30,2900,0" yaku="8,1,52,1" doraHai="12" who="3" fromWho="1" sc="322,0,272,-29,247,0,159,29" />
</Scene>
<Scene>
<INIT seed="7,1,0,2,3,89" ten="322,243,247,188" oya="3" hai0="58,134,104,13,36,57,37,62,111,120,82,135,3" hai1="125,16,127,61,113,75,130,9,21,88,44,10,8" hai2="66,115,70,1,32,17,6,114,42,7,124,103,84" hai3="94,35,99,59,5,34,11,27,121,4,109,29,126"/><W106/><G121/><T60/><D111/><U98/><E75/><V65/><F42/><W47/><G106/><T51/><D3/><U73/><E73/><V83/><F32/><W116/><G116/><T55/><D104/><U30/><E113/><V78/><F124/><N who="1" m="47689" /><E130/><V67/><F70/><W128/><G126/><T100/><D100/><U132/><E132/><N who="0" m="50729" /><D120/><U95/><E44/><V15/><F103/><W107/><G107/><T53/><D82/><U93/><E61/><N who="0" m="23657" /><D13/><N who="1" m="9359" /><E93/><V108/><F108/><W46/><G109/><T131/><D131/><U68/><E30/><V86/><F1/><W101/><G35/><T54/><D51/><U129/><E129/><V133/><F133/><W26/><G128/><T97/><D97/><U38/><E68/><V50/><F50/><W33/><G59/><AGARI ba="1,0" hai="36,37,53,54,55,57,58,59" m="23657,50729" machi="59" ten="40,8000,1" yaku="28,2,20,1,34,2" doraHai="89" who="0" fromWho="3" sc="322,83,243,0,247,0,188,-83" owari="405,50.0,243,-16.0,247,5.0,105,-39.0" />
</Scene>
</mjloggm>