<mjloggm ver="2.3"><GO type="169" lobby="0"/><UN n0="%E3%81%82%E3%81%B2%E3%82%8B%E3%81%95%E3%82%93" n1="%E3%83%A9%E3%83%A0%E3%83%80%E3%81%95%E3%82%93" n2="%E5%A4%AA%E3%81%8F%E3%81%AA%E3%81%84%E3%81%8A" n3="%E7%A5%9E%E6%A5%BD%E5%9D%82%E3%82%86%E3%81%8B" dan="16,16,18,16" rate="2097.84,2181.31,2254.42,2039.76" sx="M,M,F,F"/><TAIKYOKU oya="0"/>

<Scene>
<INIT seed="0,0,0,0,3,66" ten="250,250,250,250" oya="0" hai0="107,16,38,98,87,84,75,130,79,4,70,72,99" hai1="15,90,76,86,126,6,73,77,93,2,104,3,63" hai2="9,119,125,34,115,49,8,85,74,21,134,118,124" hai3="95,122,78,132,44,25,36,47,48,39,92,30,5"/><T88/><D38/><U62/><E104/><V58/><F74/><W32/><G122/><T59/><D4/><U105/><E105/><V41/><F34/><W94/><G132/><T67/><D130/><U23/><E126/><N who="2" m="48747" /><F115/><W12/><G78/><T11/><D79/><U57/><E63/><V113/><F113/><W52/><REACH who="3" step="1"/><G47/><REACH who="3" ten="250,250,250,240" step="2"/><T28/><D75/><U50/><E77/><V46/><F134/><W37/><G37/><T18/><D72/><U19/><E76/><V45/><F45/><W109/><G109/><T123/><D123/><U40/><E73/><V33/><F46/><W0/><G0/><T20/><D107/><U106/><E106/><V42/><F119/><W29/><G29/><T13/><D28/><U53/><E3/><V97/><F118/><W120/><G120/><T101/><D87/><U135/><E135/><V51/><F85/><W80/><G80/><T128/><D84/><U65/><E2/><V83/><F83/><W26/><G26/><T14/><D99/><U22/><E86/><V116/><F97/><W102/><G102/><T35/><D101/><U131/><E131/><V127/><F127/><W96/><G96/><T89/><D98/><U55/><E90/><V129/><F129/><W82/><G82/><T112/><D128/><U68/><E93/><V43/><F116/><W10/><AGARI ba="0,1" hai="5,10,12,25,30,32,36,39,44,48,52,92,94,95" machi="10" ten="30,4000,0" yaku="1,1,0,1,54,1,53,0" doraHai="66" doraHaiUra="64" who="3" fromWho="3" sc="250,-20,250,-10,250,-10,240,50" />
</Scene>
<Scene>
<INIT seed="1,0,0,2,1,47" ten="230,240,240,290" oya="1" hai0="54,133,121,131,18,126,65,67,128,117,129,8,59" hai1="92,0,15,49,6,68,85,34,16,36,53,40,87" hai2="90,23,132,61,1,27,110,43,125,81,5,97,124" hai3="35,9,93,104,4,113,111,14,26,91,32,101,71"/><U119/><E119/><V73/><F110/><W41/><G111/><T19/><D117/><U64/><E34/><V44/><F132/><W20/><G113/><T42/><D126/><N who="2" m="48746" /><F61/><W45/><G71/><T123/><D42/><U100/><E36/><V22/><F5/><W25/><G101/><T24/><D133/><U88/><E40/><V109/><F1/><W10/><G10/><T95/><D95/><U80/><E0/><V37/><F109/><W96/><G104/><T99/><D99/><U120/><E120/><N who="0" m="46153" /><D24/><U105/><E6/><V77/><F27/><W57/><G57/><T84/><D84/><U3/><E3/><V72/><F72/><W46/><G26/><T89/><D89/><U69/><E105/><V74/><F74/><W13/><G13/><N who="0" m="7463" /><D19/><U60/><E69/><V107/><F90/><W56/><G41/><T17/><D17/><U83/><E85/><V79/><F79/><W75/><G75/><T52/><D54/><U98/><E100/><AGARI ba="0,0" hai="22,23,37,43,44,73,77,81,97,100,107" m="48746" machi="100" ten="30,1000,0" yaku="18,1" doraHai="47" who="2" fromWho="1" sc="230,0,240,-10,240,10,290,0" />
</Scene>
<Scene>
<INIT seed="2,0,0,3,4,86" ten="230,230,250,290" oya="2" hai0="133,83,84,82,92,3,51,47,129,28,72,21,32" hai1="126,120,2,68,42,131,58,67,93,7,101,66,27" hai2="91,6,14,18,10,15,134,5,106,103,100,37,34" hai3="29,39,25,74,117,41,0,4,132,125,57,107,98"/><V113/><F113/><W78/><G125/><T1/><D32/><U49/><E68/><V54/><F37/><W11/><G117/><T45/><D72/><U20/><E126/><V44/><F34/><W24/><G57/><T112/><D112/><U55/><E131/><V31/><F31/><W128/><G128/><T38/><D129/><U135/><E135/><V62/><F134/><W110/><G110/><T52/><D133/><U108/><E108/><V97/><F103/><N who="3" m="62967" /><G29/><T111/><D111/><U89/><E120/><V102/><F102/><W70/><G70/><T19/><D28/><U63/><E101/><V80/><F15/><W90/><G90/><N who="0" m="53319" /><D38/><U115/><E115/><V118/><F118/><W81/><G132/><T85/><D1/><U12/><E2/><V40/><F40/><W50/><G50/><N who="0" m="28751" /><D3/><U119/><E119/><V124/><F124/><W56/><G56/><T60/><D60/><U104/><E104/><V87/><REACH who="2" step="1"/><F62/><REACH who="2" ten="230,230,240,290" step="2"/><W61/><G61/><T114/><D114/><U96/><E42/><V46/><F46/><AGARI ba="0,1" hai="0,4,11,24,25,39,41,46,74,78,81" m="62967" machi="46" ten="30,1000,0" yaku="25,1" doraHai="86" who="3" fromWho="2" sc="230,0,230,0,240,-10,290,20" />
</Scene>
<Scene>
<INIT seed="3,0,0,0,2,103" ten="230,230,230,310" oya="3" hai0="23,133,34,94,14,19,120,110,49,53,11,126,46" hai1="78,72,44,2,64,118,69,98,122,108,62,95,50" hai2="135,112,28,9,30,13,37,7,77,129,60,96,39" hai3="26,125,114,59,79,0,32,5,15,24,3,99,104"/><W47/><G114/><T54/><D34/><U29/><E122/><V51/><F112/><W35/><G125/><T84/><D120/><U90/><E2/><N who="3" m="554" /><G79/><T71/><D71/><U61/><E108/><V111/><F111/><W68/><G59/><T132/><D110/><U36/><E36/><V73/><F77/><W27/><G47/><T92/><D126/><U21/><E118/><V75/><F73/><W115/><G104/><T87/><D23/><U86/><E72/><V109/><F75/><W113/><G99/><T127/><D127/><U52/><E69/><V41/><F109/><W130/><G68/><T38/><D38/><U8/><E8/><V119/><F119/><W65/><G65/><T107/><D107/><U20/><E64/><V58/><F96/><W106/><G130/><T85/><REACH who="0" step="1"/><D54/><REACH who="0" ten="220,230,230,310" step="2"/><U17/><E21/><V80/><F37/><W76/><G106/><T55/><D55/><U74/><E74/><V45/><F39/><W43/><G113/><T116/><D116/><U101/><E29/><V91/><F28/><W93/><G115/><T56/><D56/><U22/><E22/><V57/><F30/><W97/><G35/><T67/><D67/><U105/><REACH who="1" step="1"/><E78/><REACH who="1" ten="220,220,230,310" step="2"/><V31/><F31/><W100/><G76/><T134/><AGARI ba="0,2" hai="11,14,19,46,49,53,84,85,87,92,94,132,133,134" machi="134" ten="40,8000,1" yaku="1,1,0,1,20,1,53,1" doraHai="103" doraHaiUra="6" who="0" fromWho="0" sc="220,100,220,-20,230,-20,310,-40" />
</Scene>
<Scene>
<INIT seed="4,0,0,3,0,95" ten="320,200,210,270" oya="0" hai0="46,12,118,7,108,26,107,32,128,54,87,97,126" hai1="98,92,79,9,60,73,66,16,82,1,76,43,45" hai2="37,99,20,36,5,4,42,44,61,59,25,124,22" hai3="69,39,55,100,78,24,119,105,33,62,31,111,104"/><T112/><D118/><U117/><E117/><V28/><F124/><W135/><G119/><T29/><D112/><U18/><E79/><V84/><F37/><W71/><G135/><T129/><D126/><U8/><E8/><V40/><F40/><W11/><G111/><T96/><D107/><U113/><E113/><V81/><F22/><W53/><G39/><T115/><D115/><U114/><E114/><V74/><F74/><W127/><G127/><T10/><D108/><U63/><E1/><V68/><F68/><W89/><G78/><T13/><D87/><U109/><E109/><V134/><F134/><W103/><G11/><T65/><D13/><U64/><E63/><V48/><F36/><W15/><G15/><T116/><D116/><U93/><E93/><V58/><F99/><N who="3" m="61471" /><G89/><T77/><D77/><U132/><E132/><V86/><F58/><W30/><G30/><T123/><D123/><U91/><E9/><V21/><F21/><W75/><G75/><T72/><D72/><U19/><REACH who="1" step="1"/><E60/><REACH who="1" ten="320,190,210,270" step="2"/><V67/><F81/><W14/><G62/><T49/><REACH who="0" step="1"/><D65/><REACH who="0" ten="310,190,210,270" step="2"/><U90/><E90/><V57/><F67/><W0/><G105/><T88/><D88/><U102/><E102/><V51/><F4/><W83/><G103/><T94/><D94/><U125/><E125/><V70/><F5/><W23/><G0/><T2/><D2/><U131/><E131/><AGARI ba="0,2" hai="7,10,12,26,29,32,46,49,54,96,97,128,129,131" machi="131" ten="40,12000,1" yaku="1,1,19,1,52,2,53,1" doraHai="95" doraHaiUra="6" who="0" fromWho="1" sc="310,140,190,-120,210,0,270,0" />
</Scene>
<Scene>
<INIT seed="4,1,0,0,4,104" ten="450,70,210,270" oya="0" hai0="42,67,25,39,43,123,77,69,2,4,68,115,134" hai1="52,109,0,96,88,75,57,80,119,122,7,71,54" hai2="48,14,50,83,87,99,41,31,116,114,105,107,23" hai3="72,132,91,130,120,37,16,124,8,9,45,5,89"/><T64/><D123/><U66/><E122/><V92/><F114/><W63/><G120/><T110/><D25/><U20/><E109/><V95/><F116/><W15/><G130/><T111/><D4/><U112/><E119/><V19/><F107/><W36/><G124/><T97/><D2/><U10/><E112/><V53/><F31/><W121/><G121/><T30/><D30/><U35/><E35/><V79/><F105/><W94/><G132/><T135/><D115/><U62/><E20/><V106/><F106/><W93/><G72/><T129/><D97/><U47/><E47/><N who="2" m="25711" /><F99/><W103/><G103/><T60/><D77/><U117/><E117/><V81/><F81/><W82/><G82/><T33/><D33/><U113/><E113/><V118/><F118/><W73/><G73/><T6/><D6/><U86/><E96/><V46/><AGARI ba="1,0" hai="14,19,23,46,50,53,79,83,87,92,95" m="25711" machi="46" ten="30,1100,0" yaku="8,1" doraHai="104" who="2" fromWho="2" sc="450,-6,70,-4,210,14,270,-4" />
</Scene>
<Scene>
<INIT seed="5,0,0,4,2,9" ten="444,66,224,266" oya="1" hai0="92,50,113,108,67,79,80,130,88,21,54,119,65" hai1="8,27,55,40,63,56,122,23,6,0,44,62,46" hai2="135,10,31,77,107,53,37,95,24,15,72,93,126" hai3="111,86,120,28,66,81,131,82,22,76,18,29,13"/><U75/><E122/><V64/><F107/><W96/><G111/><T94/><D108/><U7/><E75/><V116/><F116/><W1/><G131/><T114/><D119/><U100/><E100/><V47/><F64/><W106/><G1/><T71/><D130/><U83/><E83/><V5/><F126/><W16/><G120/><T26/><D94/><U123/><E123/><V41/><F135/><W14/><G66/><T90/><D90/><U30/><E7/><V124/><F124/><W101/><REACH who="3" step="1"/><G82/><REACH who="3" ten="444,66,224,256" step="2"/><T104/><D71/><U87/><E87/><V2/><F2/><W89/><G89/><T70/><D70/><U33/><E62/><V73/><F73/><W78/><G78/><T68/><D68/><U35/><REACH who="1" step="1"/><E46/><REACH who="1" ten="444,56,224,256" step="2"/><V133/><F72/><W74/><G74/><T52/><D80/><U85/><E85/><V45/><F77/><W60/><G60/><T132/><D79/><U112/><E112/><V91/><F91/><W110/><G110/><T48/><D114/><U49/><AGARI ba="0,2" hai="0,6,8,23,27,30,33,35,40,44,49,55,56,63" machi="49" ten="20,7800,0" yaku="1,1,0,1,7,1,53,1" doraHai="9" doraHaiUra="38" who="1" fromWho="1" sc="444,-26,56,98,224,-26,256,-26" />
</Scene>
<Scene>
<INIT seed="5,1,0,0,1,108" ten="418,154,198,230" oya="1" hai0="64,80,41,116,25,7,33,94,132,127,89,45,107" hai1="38,119,72,17,20,88,48,49,29,106,98,62,101" hai2="93,75,15,73,40,60,21,70,114,130,121,42,66" hai3="51,53,102,3,10,111,103,24,67,31,68,36,85"/><U27/><E119/><V57/><F121/><W133/><G111/><T71/><D107/><U104/><E38/><V1/><F1/><W125/><G133/><T13/><D116/><U126/><E72/><V26/><F130/><W134/><G134/><T81/><D132/><U112/><E126/><V34/><F70/><W22/><G125/><T95/><D127/><U14/><E112/><V37/><F34/><W16/><G36/><T28/><D95/><U115/><E115/><V2/><F2/><W19/><G3/><T100/><D100/><N who="3" m="38441" /><G68/><T117/><D117/><U58/><E106/><V56/><F114/><W59/><G67/><T129/><D129/><U35/><REACH who="1" step="1"/><E88/><REACH who="1" ten="418,144,198,230" step="2"/><V110/><F110/><W52/><G85/><T78/><D89/><U30/><E30/><V82/><F37/><W135/><G135/><T23/><D28/><U86/><E86/><V5/><F73/><W120/><G120/><T4/><D94/><U91/><E91/><V61/><F93/><W96/><G96/><T11/><D81/><U44/><E44/><V76/><F82/><W77/><G77/><T113/><D45/><U122/><E122/><V43/><F76/><W63/><G10/><T105/><D11/><U131/><E131/><V99/><F75/><W39/><G39/><T9/><D9/><U6/><E6/><V118/><F118/><W65/><G65/><AGARI ba="1,1" hai="14,17,20,27,29,35,48,49,58,62,65,98,101,104" machi="65" ten="30,2900,0" yaku="1,1,7,1,53,0" doraHai="108" doraHaiUra="128" who="1" fromWho="3" sc="418,0,144,42,198,0,230,-32" />
</Scene>
<Scene>
<INIT seed="5,2,0,1,3,82" ten="418,186,198,198" oya="1" hai0="29,78,56,12,105,91,35,6,132,114,57,108,125" hai1="119,76,88,92,117,121,62,99,87,81,53,75,72" hai2="22,1,96,83,11,58,112,18,106,15,10,124,39" hai3="84,90,34,107,120,28,48,64,30,50,37,80,66"/><U63/><E63/><V8/><F39/><W45/><G107/><T130/><D108/><U13/><E13/><V55/><F124/><W20/><G34/><T49/><D105/><U74/><E53/><V42/><F42/><W111/><G111/><T14/><D114/><U70/><REACH who="1" step="1"/><E121/><REACH who="1" ten="418,176,198,198" step="2"/><V71/><F55/><W85/><G120/><T19/><D14/><U101/><E101/><V4/><F15/><W31/><G66/><AGARI ba="2,1" hai="62,66,70,72,74,75,76,81,87,88,92,99,117,119" machi="66" ten="40,12000,1" yaku="1,1,52,1,54,1,53,1" doraHai="82" doraHaiUra="79" who="1" fromWho="3" sc="418,0,176,136,198,0,198,-126" />
</Scene>
<Scene>
<INIT seed="5,3,0,4,4,4" ten="418,312,198,72" oya="1" hai0="98,112,86,88,135,33,62,74,28,71,12,124,105" hai1="72,109,110,63,42,106,57,64,45,125,113,16,38" hai2="73,95,54,85,13,11,31,128,56,80,120,10,44" hai3="66,69,91,104,8,18,116,41,100,103,94,78,35"/><U24/><E72/><V76/><F120/><W134/><G116/><T90/><D74/><U7/><E106/><V115/><F128/><W26/><G41/><T14/><D112/><U132/><E113/><V46/><F115/><W53/><G134/><T83/><D124/><U117/><E117/><V2/><F31/><W50/><G78/><T58/><D71/><U121/><E121/><V21/><F2/><W29/><G104/><T65/><D135/><U126/><E132/><V9/><F73/><W52/><G69/><T84/><D33/><U68/><E7/><V34/><F34/><W99/><G66/><T70/><D28/><U75/><E75/><V61/><F95/><W122/><G122/><T6/><D70/><U0/><E0/><V129/><F129/><W25/><G53/><T130/><D130/><U27/><E27/><V111/><F111/><N who="1" m="42505" /><E24/><V40/><F40/><W39/><G39/><T60/><D6/><U101/><E101/><V102/><F102/><W32/><G32/><T82/><D62/><N who="1" m="39959" /><E16/><AGARI ba="3,0" hai="9,10,11,13,16,21,44,46,54,56,61,76,80,85" machi="16" ten="40,8000,1" yaku="8,1,52,3,54,1" doraHai="4" who="2" fromWho="1" sc="418,0,312,-89,198,89,72,0" />
</Scene>
<Scene>
<INIT seed="6,0,0,1,1,5" ten="418,223,287,72" oya="2" hai0="7,111,82,89,83,48,127,81,39,132,134,119,41" hai1="120,50,23,126,12,113,4,72,10,66,121,9,43" hai2="28,16,64,109,117,25,123,61,51,33,22,47,116" hai3="18,52,105,100,6,30,31,115,124,133,3,96,114"/><V65/><F123/><N who="1" m="47177" /><E72/><V84/><F109/><W135/><G124/><T125/><D39/><U97/><E66/><V15/><F84/><W131/><G131/><T128/><D111/><U55/><E113/><N who="3" m="43018" /><G18/><T13/><D119/><U0/><E126/><N who="0" m="48137" /><D128/><U118/><E118/><V77/><F77/><W76/><G76/><T106/><D106/><U94/><E43/><V34/><F34/><W2/><G52/><T8/><D89/><N who="1" m="55503" /><E23/><V78/><F78/><W49/><G49/><T74/><D74/><U90/><E90/><V130/><F130/><W1/><G6/><T17/><D7/><N who="1" m="1255" /><E50/><V59/><REACH who="2" step="1"/><F65/><REACH who="2" ten="418,223,277,72" step="2"/><W88/><G88/><T73/><D73/><U95/><E55/><AGARI ba="0,1" hai="15,16,22,25,28,33,47,51,55,59,61,64,116,117" machi="55" ten="30,11600,0" yaku="1,1,2,1,7,1,54,1,53,0" doraHai="5" doraHaiUra="99" who="2" fromWho="1" sc="418,0,223,-116,277,126,72,0" />
</Scene>
<Scene>
<INIT seed="6,1,0,3,2,61" ten="418,107,403,72" oya="2" hai0="31,49,67,125,127,83,24,51,75,84,90,37,135" hai1="55,121,33,4,110,89,73,56,120,122,6,130,11" hai2="19,101,13,119,28,14,29,103,76,113,93,107,131" hai3="12,82,79,21,112,87,91,59,72,50,92,2,7"/><V42/><F119/><W100/><G112/><T109/><D109/><U15/><E110/><V102/><F107/><W96/><G2/><T68/><D37/><U98/><E130/><V9/><F113/><W16/><G7/><T23/><D75/><U30/><E73/><V0/><F0/><W46/><G59/><T128/><D135/><U5/><E89/><V25/><F131/><W35/><G35/><T18/><D128/><U78/><E78/><V52/><F42/><W26/><G26/><T77/><D77/><U47/><E47/><V53/><F76/><W70/><G70/><T117/><D117/><U81/><E81/><V114/><F114/><W132/><G132/><T118/><D118/><U134/><E98/><V94/><F13/><W38/><G38/><T8/><D8/><U22/><E134/><V36/><F36/><W58/><G58/><T123/><D31/><N who="2" m="11850" /><F25/><W66/><G66/><T57/><D68/><U63/><E33/><V3/><F3/><W45/><REACH who="3" step="1"/><G50/><REACH who="3" ten="418,107,403,62" step="2"/><T85/><D51/><U86/><E30/><V27/><F27/><W60/><G60/><T34/><D49/><U108/><E108/><V95/><AGARI ba="1,1" hai="9,14,19,52,53,93,94,95,101,102,103" m="11850" machi="95" ten="40,3900,0" yaku="8,1,54,1" doraHai="61" who="2" fromWho="2" sc="418,-14,107,-14,403,52,62,-14" />
</Scene>
<Scene>
<INIT seed="6,2,0,2,0,77" ten="404,93,455,48" oya="2" hai0="134,97,73,36,57,104,80,69,13,17,135,83,62" hai1="131,1,96,123,52,79,51,19,115,46,5,72,26" hai2="68,41,15,120,74,109,118,93,27,113,100,34,64" hai3="130,105,125,99,54,32,35,30,39,102,9,59,58"/><V40/><F118/><W117/><G117/><T122/><D36/><U31/><E115/><V60/><F120/><W23/><G130/><T21/><D73/><U43/><E131/><V20/><F74/><W28/><G125/><T116/><D122/><U71/><E123/><V4/><F113/><W110/><G110/><T33/><D33/><U45/><E71/><V16/><F109/><W49/><G39/><T82/><D116/><U14/><E1/><V76/><F76/><W56/><G9/><T129/><D129/><U53/><E5/><V6/><F6/><W65/><G23/><T92/><D104/><U61/><E61/><V0/><F100/><W112/><G112/><T85/><D69/><U94/><E46/><V107/><F93/><W128/><G128/><T66/><REACH who="0" step="1"/><D85/><REACH who="0" ten="394,93,455,48" step="2"/><U91/><E72/><V8/><F107/><W3/><G105/><T111/><D111/><U18/><E79/><V121/><F121/><W38/><G38/><T103/><AGARI ba="2,1" hai="13,17,21,57,62,66,80,82,83,92,97,103,134,135" machi="103" ten="30,8000,1" yaku="1,1,0,1,52,3,53,0" doraHai="77" doraHaiUra="133" who="0" fromWho="0" sc="394,96,93,-22,455,-42,48,-22" />
</Scene>
<Scene>
<INIT seed="7,0,0,2,5,47" ten="490,71,413,26" oya="3" hai0="76,54,62,7,31,112,92,106,57,58,30,2,46" hai1="36,64,75,13,71,134,24,43,68,129,37,42,90" hai2="95,130,122,59,104,52,94,69,101,93,10,96,117" hai3="50,91,12,88,67,124,113,86,26,51,11,79,6"/><W77/><G113/><T72/><D106/><U109/><E109/><V44/><F117/><W61/><G124/><T16/><D112/><U89/><E75/><V23/><F69/><W18/><G67/><T4/><D2/><U29/><E13/><V108/><F108/><W87/><G61/><N who="0" m="36023" /><D72/><U116/><E116/><V49/><F130/><W111/><G111/><T40/><D76/><N who="3" m="29257" /><G87/><T85/><D16/><U38/><E129/><V97/><F122/><W60/><G60/><T66/><D92/><U102/><E102/><V126/><F126/><W63/><G63/><T17/><D17/><U107/><E107/><V100/><F23/><N who="3" m="13687" /><G91/><T98/><D98/><U5/><E64/><V33/><F33/><W81/><AGARI ba="0,0" hai="6,11,12,50,51,81,86,88" m="13687,29257" machi="81" ten="30,11700,0" yaku="8,1,52,2,54,1" doraHai="47" who="3" fromWho="3" sc="490,-39,71,-39,413,-39,26,117" />
</Scene>
<Scene>
<INIT seed="7,1,0,1,5,83" ten="451,32,374,143" oya="3" hai0="10,135,96,66,57,125,105,13,104,48,8,74,123" hai1="133,32,24,127,26,73,51,42,131,129,37,6,79" hai2="92,9,130,49,85,27,134,50,46,1,23,122,19" hai3="58,91,35,112,21,15,59,120,95,101,80,97,75"/><W69/><G112/><T100/><D74/><U102/><E37/><V72/><F72/><W14/><G35/><T33/><D123/><U78/><E42/><V31/><F122/><W87/><G69/><T2/><D33/><U118/><E51/><V113/><F113/><W107/><G120/><T124/><D135/><U76/><E6/><V81/><F134/><W3/><G3/><T43/><D2/><U128/><E133/><V82/><F130/><W7/><G21/><T16/><D105/><U17/><E32/><V67/><F67/><W71/><G71/><T111/><D111/><U44/><E44/><V117/><F117/><W28/><G28/><T116/><D116/><U99/><E17/><V121/><F121/><W30/><G30/><T55/><D43/><U4/><E4/><V70/><F70/><W115/><G115/><T132/><D132/><U20/><E20/><V40/><F1/><W90/><G90/><T65/><D8/><U64/><E64/><V109/><F109/><W39/><G39/><T110/><D110/><U54/><E54/><V52/><F9/><N who="3" m="4415" /><G15/><T60/><REACH who="0" step="1"/><D66/><REACH who="0" ten="441,32,374,143" step="2"/><U38/><E38/><V68/><F68/><AGARI ba="1,1" hai="10,13,16,48,55,57,60,65,68,96,100,104,124,125" machi="68" ten="40,8000,1" yaku="1,1,2,1,54,1,53,1" doraHai="83" doraHaiUra="12" who="0" fromWho="2" sc="441,93,32,0,374,-83,143,0" owari="534,64.0,32,-47.0,291,9.0,143,-26.0" />
</Scene>
</mjloggm>