<mjloggm ver="2.3"><GO type="169" lobby="0"/><UN n0="%EF%BC%9D%E4%BC%8A%E8%97%A4%E3%81%8B%E3%81%AA%E6%81%B5%EF%BC%9D" n1="%E5%A4%AA%E3%81%8F%E3%81%AA%E3%81%84%E3%81%8A" n2="%E3%81%BE%E3%81%93%E3%81%95%E3%81%A8%76%65%72%32" n3="%61%62%63%64%63%64%61%62" dan="18,18,18,16" rate="2225.99,2272.45,2218.71,2075.87" sx="F,M,M,M"/><TAIKYOKU oya="0"/>

<Scene>
<INIT seed="0,0,0,1,3,11" ten="250,250,250,250" oya="0" hai0="100,126,87,75,5,25,12,81,13,56,86,19,3" hai1="52,39,127,102,34,53,1,57,58,20,64,113,80" hai2="101,7,17,70,51,103,95,112,90,106,62,82,128" hai3="114,96,8,72,135,123,79,131,98,29,6,47,68"/><T36/><D100/><U97/><E34/><V92/><F7/><W74/><G68/><T55/><D36/><U71/><E1/><V4/><F4/><W122/><G114/><T10/><D75/><N who="3" m="28713" /><G29/><T22/><D126/><U63/><E39/><V67/><F112/><W134/><G47/><T40/><D40/><U26/><E113/><V42/><F82/><W69/><G69/><T27/><D3/><U44/><E127/><V89/><F106/><W23/><G23/><T130/><D130/><U76/><E44/><V50/><F128/><W59/><G59/><T124/><D124/><U111/><E111/><V91/><F17/><W78/><G131/><T28/><D81/><U117/><E117/><V45/><F51/><W33/><G33/><T60/><REACH who="0" step="1"/><D27/><REACH who="0" ten="240,250,250,250" step="2"/><U16/><E80/><V41/><F41/><W116/><G116/><T46/><D46/><U21/><E76/><V110/><F110/><W93/><G79/><T94/><D94/><U104/><E71/><V32/><F70/><W125/><G78/><T120/><D120/><N who="3" m="46121" /><G125/><T132/><D132/><N who="3" m="50729" /><G93/><T61/><D61/><U31/><REACH who="1" step="1"/><E58/><REACH who="1" ten="240,240,250,250" step="2"/><V18/><F101/><W119/><G119/><T65/><D65/><U85/><E85/><V109/><F103/><W0/><AGARI ba="0,2" hai="0,6,8,96,98" m="50729,46121,28713" machi="0" ten="40,2700,0" yaku="13,1,20,1" doraHai="11" who="3" fromWho="3" sc="240,-13,240,-7,250,-7,250,47" />
</Scene>
<Scene>
<INIT seed="1,0,0,3,5,44" ten="227,233,243,297" oya="1" hai0="5,16,50,33,53,51,19,22,74,124,80,72,115" hai1="31,25,97,52,14,21,9,86,12,73,111,46,30" hai2="47,129,15,45,17,103,121,84,24,1,127,18,54" hai3="56,82,62,39,48,118,60,128,109,95,112,71,133"/><U104/><E73/><V34/><F121/><W6/><G6/><T63/><D115/><U91/><E111/><V58/><F1/><W10/><G10/><T3/><D33/><U28/><E97/><V43/><F127/><W29/><G29/><T65/><D124/><U96/><E96/><V122/><F122/><W55/><G82/><T64/><D3/><U119/><E104/><V68/><F68/><W49/><G95/><T2/><D2/><U94/><E119/><V116/><F103/><W130/><G112/><T57/><D5/><N who="1" m="3119" /><E14/><V123/><F34/><W107/><G107/><T66/><D19/><U40/><E40/><V81/><F129/><N who="3" m="49771" /><G109/><T70/><D70/><U131/><E131/><V106/><F106/><W7/><G7/><T79/><REACH who="0" step="1"/><D72/><REACH who="0" ten="217,233,243,297" step="2"/><U110/><E110/><V98/><F17/><W99/><G118/><T87/><D87/><U101/><E101/><V26/><F84/><W76/><G71/><T11/><D11/><U61/><E61/><V125/><F18/><W108/><G62/><T78/><D78/><U27/><E21/><V41/><F125/><W83/><G108/><T117/><D117/><U92/><E27/><AGARI ba="0,1" hai="16,22,27,50,51,53,57,63,64,65,66,74,79,80" machi="27" ten="40,8000,1" yaku="1,1,52,2,54,1,53,0" doraHai="44" doraHaiUra="88" who="0" fromWho="1" sc="217,90,233,-80,243,0,297,0" />
</Scene>
<Scene>
<INIT seed="2,0,0,5,2,24" ten="307,153,243,297" oya="2" hai0="23,79,107,115,25,28,44,97,12,68,26,58,56" hai1="135,113,18,9,127,33,72,49,125,46,35,89,61" hai2="32,17,74,5,29,67,86,73,10,98,22,95,48" hai3="119,109,120,59,101,16,31,66,102,116,110,88,13"/><V128/><F128/><W90/><G120/><T60/><D115/><U82/><E113/><V47/><F67/><W36/><G36/><T75/><D44/><U45/><E135/><V11/><F86/><W121/><G121/><T87/><D75/><U133/><E133/><V43/><F11/><N who="3" m="6207" /><G66/><T112/><D112/><U132/><E132/><V108/><F108/><N who="3" m="41579" /><G59/><T92/><D107/><U1/><E61/><V7/><F7/><W81/><G31/><T8/><D68/><U100/><E46/><V78/><F78/><W77/><G102/><T111/><D79/><N who="1" m="44391" /><E100/><V122/><F122/><W114/><G101/><T62/><D58/><U99/><E45/><V57/><F57/><W65/><G65/><T21/><D56/><U123/><E49/><V93/><F73/><N who="3" m="43183" /><G114/><T129/><D111/><U53/><E123/><V4/><F74/><W42/><G42/><T69/><D69/><U91/><E53/><V76/><F76/><W54/><G54/><T63/><D63/><U55/><E55/><V118/><F118/><AGARI ba="0,0" hai="88,90,116,118,119" m="43183,41579,6207" machi="118" ten="30,3900,0" yaku="14,1,54,2" doraHai="24" who="3" fromWho="2" sc="307,0,153,0,243,-39,297,39" />
</Scene>
<Scene>
<INIT seed="3,0,0,0,1,23" ten="307,153,204,336" oya="3" hai0="95,80,78,54,59,120,60,85,127,48,74,57,1" hai1="82,106,63,107,62,32,76,8,113,116,86,11,56" hai2="132,18,37,53,104,20,39,109,112,61,75,131,81" hai3="24,97,92,6,128,55,108,100,17,67,129,77,26"/><W91/><G108/><T2/><D120/><U101/><E113/><V5/><F104/><W58/><G67/><T3/><D127/><U71/><E32/><V50/><F5/><W117/><G117/><T65/><REACH who="0" step="1"/><D95/><REACH who="0" ten="297,153,204,336" step="2"/><U115/><E107/><V125/><F125/><W38/><G129/><T79/><D79/><U13/><E116/><V21/><F131/><W69/><G128/><T43/><D43/><U0/><E115/><V134/><F112/><W28/><G77/><T87/><AGARI ba="0,1" hai="1,2,3,48,54,57,59,60,65,74,78,80,85,87" machi="87" ten="40,2700,0" yaku="1,1,0,1,53,0" doraHai="23" doraHaiUra="114" who="0" fromWho="0" sc="297,37,153,-7,204,-7,336,-13" />
</Scene>
<Scene>
<INIT seed="4,0,0,2,0,76" ten="334,146,197,323" oya="0" hai0="30,55,32,36,3,87,18,108,109,50,86,107,94" hai1="1,134,68,5,101,98,2,59,106,119,112,77,117" hai2="130,103,132,115,8,80,52,72,26,20,39,47,56" hai3="7,69,28,24,74,82,81,95,46,75,99,43,104"/><T57/><D107/><U83/><E68/><V131/><F115/><W27/><G104/><T66/><D3/><U21/><E134/><V113/><F113/><W14/><G69/><T62/><D36/><U64/><E112/><V71/><F71/><W37/><G27/><N who="0" m="18527" /><D94/><U91/><E91/><V54/><F103/><W70/><G70/><N who="0" m="42327" /><D18/><U135/><E135/><V84/><F72/><W88/><G74/><T127/><D127/><U122/><E122/><V124/><F8/><W48/><G75/><T96/><D96/><U90/><E90/><V34/><F34/><W60/><G60/><T125/><D125/><U4/><E21/><V133/><F124/><W38/><G37/><T65/><D65/><U78/><E64/><V129/><F47/><W126/><G38/><T121/><D121/><U19/><E19/><N who="2" m="12575" /><F54/><W44/><G44/><T100/><D100/><U92/><E106/><V6/><F6/><W51/><G126/><T102/><D102/><U93/><E101/><V73/><F73/><W17/><G7/><T13/><D13/><U120/><E120/><V33/><F33/><W12/><G51/><T97/><D50/><U49/><E49/><N who="2" m="30735" /><F39/><W116/><G12/><T16/><D108/><U110/><E59/><V118/><F118/><W15/><G116/><T111/><D57/><U11/><E11/><V89/><AGARI ba="0,0" hai="80,84,89,129,130,131,132,133" m="30735,12575" machi="89" ten="40,5200,0" yaku="19,1,52,1,54,1" doraHai="76" who="2" fromWho="2" sc="334,-26,146,-13,197,52,323,-13" />
</Scene>
<Scene>
<INIT seed="5,0,0,0,3,62" ten="308,133,249,310" oya="1" hai0="119,128,115,92,100,37,98,82,117,131,132,80,13" hai1="91,44,59,66,129,58,102,54,89,104,105,118,126" hai2="113,10,60,38,125,18,9,36,41,52,135,23,81" hai3="20,69,16,110,49,64,42,71,34,25,121,133,76"/><U22/><E118/><N who="0" m="45065" /><D37/><U32/><E32/><V130/><F135/><W93/><G133/><T107/><D132/><U51/><E129/><N who="0" m="49737" /><D13/><U29/><E126/><V74/><F130/><W124/><G124/><T45/><D45/><U112/><E112/><V73/><F113/><W30/><G110/><T86/><D115/><U40/><E102/><V15/><F41/><W39/><G39/><T103/><D103/><U97/><E104/><V17/><F125/><W7/><G7/><T3/><D3/><U96/><E105/><V21/><F81/><N who="0" m="31338" /><D86/><U116/><E116/><V53/><F60/><W90/><G76/><T4/><D4/><U65/><E96/><V94/><F94/><AGARI ba="0,0" hai="92,94,98,100,107" m="31338,49737,45065" machi="94" ten="40,5200,0" yaku="19,1,34,2" doraHai="62" who="0" fromWho="2" sc="308,52,133,0,249,-52,310,0" />
</Scene>
<Scene>
<INIT seed="6,0,0,4,0,24" ten="360,133,197,310" oya="2" hai0="44,18,74,100,132,28,69,51,88,21,36,118,62" hai1="89,38,0,93,70,96,123,85,19,43,75,129,23" hai2="12,1,59,8,54,104,57,115,35,49,107,46,14" hai3="39,97,90,15,66,121,31,120,45,9,98,42,80"/><V109/><F115/><W106/><G66/><T63/><D36/><U111/><E111/><V135/><F109/><W78/><G31/><T58/><D74/><U113/><E75/><V114/><F135/><W3/><G90/><T117/><D132/><U5/><E70/><V91/><F114/><W101/><G98/><T53/><D100/><U87/><E113/><V108/><F108/><W37/><G37/><T76/><D76/><U73/><E73/><V84/><F1/><W27/><G27/><N who="0" m="16495" /><D69/><U7/><E129/><V50/><F35/><W11/><G3/><T41/><D18/><U125/><E125/><V119/><F12/><W134/><G134/><T79/><D79/><U82/><E123/><V71/><F71/><W55/><G55/><T13/><D13/><U34/><E34/><V65/><F119/><N who="0" m="45578" /><D88/><N who="1" m="51255" /><E38/><V52/><F65/><W92/><G106/><T68/><D68/><U16/><E0/><V29/><F29/><W6/><G11/><T20/><D20/><U40/><E96/><V86/><F46/><W126/><REACH who="3" step="1"/><G126/><REACH who="3" ten="360,133,197,300" step="2"/><T105/><D105/><U61/><E19/><V128/><F128/><W64/><G64/><N who="0" m="38999" /><D63/><U102/><E61/><V112/><F112/><W130/><G130/><T122/><D122/><U116/><E116/><V94/><REACH who="2" step="1"/><F86/><AGARI ba="0,1" hai="6,9,15,39,42,45,78,80,86,92,97,101,120,121" machi="86" ten="30,2000,0" yaku="1,1,7,1,53,0" doraHai="24" doraHaiUra="48" who="3" fromWho="2" sc="360,0,133,0,197,-20,300,30" />
</Scene>
<Scene>
<INIT seed="7,0,0,4,4,109" ten="360,133,177,330" oya="3" hai0="93,9,12,121,77,123,24,54,100,68,83,64,112" hai1="116,63,79,132,111,76,103,102,85,6,56,73,40" hai2="30,124,114,53,10,18,8,99,49,107,125,60,34" hai3="115,117,90,104,51,92,21,14,74,82,120,52,28"/><W41/><G117/><T95/><D112/><U43/><E111/><V36/><F36/><W130/><G120/><T4/><D68/><U27/><E116/><V31/><F114/><W105/><G115/><T62/><D54/><U11/><E132/><V128/><F60/><W3/><G3/><T23/><D121/><U13/><E73/><V118/><F118/><W46/><G130/><T59/><D100/><U66/><E27/><N who="2" m="18783" /><F18/><N who="3" m="10455" /><G74/><T108/><D123/><U67/><E67/><V70/><F70/><W106/><G106/><T26/><D108/><U25/><E25/><N who="0" m="9833" /><D23/><U22/><E22/><V37/><F37/><W84/><G105/><T89/><D77/><U32/><E32/><V55/><F55/><W101/><G104/><T86/><AGARI ba="0,0" hai="4,9,12,59,62,64,83,86,89,93,95" m="9833" machi="86" ten="30,1100,0" yaku="8,1" doraHai="109" who="0" fromWho="0" sc="360,11,133,-3,177,-3,330,-5" owari="371,47.0,130,-37.0,174,-23.0,325,13.0" />
</Scene>
</mjloggm>