<mjloggm ver="2.3"><GO type="169" lobby="0"/><UN n0="%68%61%72%75%72%75%39%31" n1="%53%49%4C%41%53" n2="%E3%81%86%E3%82%8B%E3%81%95%E3%81%84%E3%81%AF%E8%A4%92%E3%82%81%E8%A9%9E" n3="%E5%A4%AA%E3%81%8F%E3%81%AA%E3%81%84%E3%81%8A" dan="16,17,17,18" rate="2060.69,2169.08,2113.85,2287.26" sx="M,F,M,F"/><TAIKYOKU oya="0"/>

<Scene>
<INIT seed="0,0,0,0,1,67" ten="250,250,250,250" oya="0" hai0="99,95,127,108,103,86,9,132,123,79,32,117,36" hai1="98,48,121,4,97,59,111,83,55,61,1,125,76" hai2="57,45,102,94,56,74,39,110,87,65,116,8,25" hai3="91,37,50,63,135,109,0,130,120,34,52,80,30"/><T119/><D36/><U31/><E111/><V85/><F74/><W11/><G37/><T126/><D32/><U105/><E121/><V115/><F116/><N who="0" m="44618" /><D9/><U44/><E125/><N who="0" m="47625" /><D123/><U112/><E112/><V20/><F110/><W47/><G120/><T41/><D41/><U66/><E31/><V15/><F45/><W113/><G109/><T40/><D40/><U81/><E105/><V2/><F2/><W19/><G113/><T70/><D70/><U21/><E21/><V128/><F39/><W27/><G135/><T72/><D108/><U28/><E28/><N who="2" m="17447" /><F56/><W7/><G130/><T17/><D17/><U114/><E114/><V84/><F128/><W12/><G63/><T13/><D13/><U24/><E24/><V100/><F115/><W58/><G58/><T54/><D54/><U68/><E4/><N who="2" m="3463" /><F94/><W60/><G60/><BYE who="3" /><AGARI ba="0,0" hai="57,60,65,84,85,87,100,102" m="3463,17447" machi="60" ten="30,1000,0" yaku="8,1" doraHai="67" who="2" fromWho="3" sc="250,0,250,0,250,10,250,-10" />
</Scene>
<Scene>
<INIT seed="1,0,0,3,0,79" ten="250,250,260,240" oya="1" hai0="37,25,71,66,99,24,6,33,76,20,114,83,44" hai1="101,94,124,39,113,49,21,32,123,84,64,47,63" hai2="120,75,105,45,112,68,61,40,104,48,1,62,100" hai3="26,125,85,13,82,129,126,102,15,54,35,41,96"/><U130/><E123/><V14/><F1/><W56/><G56/><T70/><D114/><U86/><E32/><V78/><F112/><UN n3="%E5%A4%AA%E3%81%8F%E3%81%AA%E3%81%84%E3%81%8A" /><W109/><G41/><T95/><D33/><U132/><E113/><V97/><F68/><W88/><G54/><T3/><D25/><U43/><E130/><V81/><F120/><W58/><G58/><T115/><D115/><U8/><E132/><V7/><REACH who="2" step="1"/><F105/><REACH who="2" ten="250,250,250,240" step="2"/><N who="3" m="63687" /><G129/><T91/><D71/><U12/><E124/><N who="3" m="47722" /><G109/><T34/><D70/><U53/><E21/><V118/><F118/><W31/><AGARI ba="0,1" hai="13,15,26,31,35,82,85,88" m="47722,63687" machi="31" ten="30,4000,0" yaku="18,1,52,1,54,1" doraHai="79" who="3" fromWho="3" sc="250,-10,250,-20,250,-10,240,50" />
</Scene>
<Scene>
<INIT seed="2,0,0,5,0,132" ten="240,230,240,290" oya="2" hai0="6,41,122,49,98,121,78,29,21,116,104,127,100" hai1="107,114,2,74,101,71,86,134,75,37,126,52,16" hai2="38,57,53,72,111,26,62,123,46,14,9,94,131" hai3="30,35,15,25,73,50,66,120,124,0,117,130,80"/><V88/><F123/><W77/><G120/><T4/><D116/><U44/><E134/><V12/><F72/><W39/><G39/><T36/><D36/><U32/><E32/><V13/><F131/><W63/><G117/><T92/><D78/><U42/><E2/><V95/><F95/><W82/><G0/><T18/><D29/><U89/><E71/><V20/><F111/><W48/><G130/><T10/><D104/><U45/><E114/><V67/><F38/><W70/><G124/><T90/><D100/><U79/><E79/><V135/><F135/><W5/><REACH who="3" step="1"/><G82/><REACH who="3" ten="240,230,240,280" step="2"/><T61/><D127/><U19/><E126/><V27/><F9/><AGARI ba="0,1" hai="5,9,15,25,30,35,48,50,63,66,70,73,77,80" machi="9" ten="40,2600,0" yaku="1,1,2,1,53,0" doraHai="132" doraHaiUra="99" who="3" fromWho="2" sc="240,0,230,0,240,-26,280,36" />
</Scene>
<Scene>
<INIT seed="3,0,0,2,1,20" ten="240,230,214,316" oya="3" hai0="69,91,94,65,55,99,128,14,6,114,104,56,52" hai1="4,13,111,47,9,135,63,53,0,127,36,95,16" hai2="117,50,51,68,81,87,115,44,64,67,130,106,131" hai3="125,8,15,57,30,25,105,88,1,126,75,121,12"/><W79/><G105/><T70/><D128/><N who="2" m="49194" /><F117/><W7/><G121/><T49/><D114/><U129/><E129/><V11/><F68/><W132/><G79/><T118/><D118/><U59/><E111/><V100/><F115/><W37/><G75/><T66/><D104/><U108/><E108/><V92/><F106/><W40/><G57/><T43/><D43/><U71/><E135/><V85/><F11/><W22/><G132/><T24/><D70/><U97/><E71/><V77/><F50/><W35/><G88/><T46/><D69/><U103/><E127/><N who="3" m="48650" /><G40/><T123/><D123/><U10/><E36/><V73/><F100/><W61/><G61/><T102/><D102/><U32/><E32/><V21/><F21/><W29/><G37/><T19/><D6/><U96/><E96/><V74/><F87/><W109/><G109/><T41/><D55/><U86/><E86/><V31/><F92/><W54/><G54/><T98/><D98/><U122/><E122/><V62/><F62/><W27/><AGARI ba="0,0" hai="1,7,8,12,15,22,25,27,29,30,35" m="48650" machi="27" ten="30,12000,1" yaku="18,1,34,2,52,2" doraHai="20" who="3" fromWho="3" sc="240,-40,230,-40,214,-40,316,120" />
</Scene>
<Scene>
<INIT seed="3,1,0,3,0,101" ten="200,190,174,436" oya="3" hai0="96,127,72,118,21,83,74,7,9,44,27,130,3" hai1="0,104,112,42,132,4,20,124,57,48,17,36,92" hai2="134,98,126,40,23,129,107,103,62,19,111,39,45" hai3="15,69,109,133,88,85,51,68,38,11,63,105,131"/><W46/><G131/><T43/><D118/><U67/><E112/><V24/><F129/><W6/><G133/><T108/><D130/><U10/><E132/><V97/><F134/><W53/><G109/><T12/><D108/><U114/><E114/><V31/><F111/><W102/><G38/><T54/><D127/><U116/><E124/><V100/><F126/><W50/><G63/><T22/><D54/><U128/><E128/><V99/><F62/><W121/><G121/><T75/><D96/><U14/><E116/><V8/><F8/><W32/><G32/><T13/><D83/><U89/><E104/><V16/><F99/><W33/><G33/><T56/><D56/><U64/><E36/><V37/><F39/><W49/><G102/><T18/><REACH who="0" step="1"/><D22/><REACH who="0" ten="190,190,174,436" step="2"/><U117/><E117/><V125/><F125/><W29/><G53/><T120/><D120/><U115/><E115/><V77/><F77/><W135/><G135/><T34/><D34/><U41/><E42/><V79/><F79/><W25/><G68/><T82/><D82/><U70/><E70/><V2/><F2/><W58/><G69/><T26/><D26/><N who="1" m="14607" /><E0/><V28/><REACH who="2" step="1"/><F31/><REACH who="2" ten="190,190,164,436" step="2"/><W47/><G29/><T30/><D30/><U1/><E1/><V94/><AGARI ba="1,2" hai="16,19,23,24,28,37,40,45,94,97,98,100,103,107" machi="94" ten="20,16000,3" yaku="1,1,2,1,0,1,7,1,52,1,54,1,53,2" doraHai="101" doraHaiUra="93" who="2" fromWho="2" sc="190,-41,190,-41,164,183,436,-81" />
</Scene>
<Scene>
<INIT seed="4,0,0,1,5,60" ten="149,149,347,355" oya="0" hai0="108,30,76,27,79,86,43,57,132,131,128,134,80" hai1="73,48,55,53,118,54,98,46,39,101,114,69,37" hai2="110,66,6,8,122,119,29,44,116,1,70,97,133" hai3="78,50,106,115,20,90,125,9,74,95,4,71,126"/><T52/><D43/><U85/><E73/><V96/><F110/><W41/><G106/><T23/><D108/><U77/><E118/><V88/><F122/><W3/><G71/><T15/><D15/><U58/><E69/><V75/><F75/><W22/><G115/><T68/><D79/><U124/><E114/><V111/><F111/><W67/><G67/><T61/><REACH who="0" step="1"/><D68/><REACH who="0" ten="139,149,347,355" step="2"/><U127/><E39/><V19/><F70/><W135/><G78/><T93/><D93/><N who="1" m="58575" /><E37/><V63/><F119/><W45/><G74/><T12/><D12/><U103/><E103/><V104/><F116/><W5/><G5/><T17/><D17/><U25/><E25/><V14/><F19/><W35/><G95/><T59/><D59/><U65/><E127/><V129/><F14/><W83/><G125/><T94/><D94/><U105/><E124/><V28/><F104/><W0/><G126/><T18/><D18/><U11/><E105/><V82/><F1/><W40/><G40/><T42/><D42/><U24/><E24/><V47/><F6/><W10/><G0/><T72/><D72/><U36/><E36/><V13/><F13/><W51/><G3/><T33/><D33/><U107/><E107/><V87/><F8/><W21/><G4/><T99/><D99/><U49/><E11/><V91/><F97/><W112/><G35/><T84/><D84/><U121/><E121/><V16/><F87/><N who="3" m="50559" /><G112/><T109/><D109/><U92/><E92/><V89/><F16/><W130/><G9/><T34/><D34/><U100/><E100/><V120/><F96/><W102/><G10/><RYUUKYOKU ba="0,1" sc="139,30,149,-10,347,-10,355,-10" hai0="23,27,30,52,57,61,76,80,86,128,131,132,134" />
</Scene>
<Scene>
<INIT seed="4,1,1,0,3,75" ten="169,139,337,345" oya="0" hai0="123,63,91,44,60,130,17,134,96,50,32,93,11" hai1="38,131,125,1,113,92,34,116,33,3,97,23,8" hai2="126,4,133,46,117,36,61,30,2,70,82,41,94" hai3="77,26,111,15,67,88,69,101,56,48,80,106,78"/><T13/><D123/><U90/><E116/><V112/><F112/><W66/><G69/><T115/><D115/><U103/><E113/><V76/><F117/><W124/><G106/><T9/><D130/><U42/><E131/><V89/><F30/><W83/><G101/><T105/><D134/><U128/><E128/><V110/><F133/><W86/><G111/><T99/><D32/><U47/><E125/><V73/><F126/><W121/><G124/><T40/><D105/><U39/><E39/><V37/><F37/><W132/><G132/><T29/><D29/><U35/><E8/><V118/><F118/><W28/><G121/><T87/><REACH who="0" step="1"/><D11/><REACH who="0" ten="159,139,337,345" step="2"/><U16/><REACH who="1" step="1"/><E103/><REACH who="1" ten="159,129,337,345" step="2"/><V84/><F110/><W45/><G28/><T119/><D119/><U21/><E21/><V102/><F102/><W122/><G122/><T7/><D7/><U107/><E107/><V12/><F4/><W22/><G22/><T104/><D104/><U62/><E62/><AGARI ba="1,3" hai="9,13,17,40,44,50,60,62,63,87,91,93,96,99" machi="62" ten="40,3900,0" yaku="1,1,8,1,53,0" doraHai="75" doraHaiUra="53" who="0" fromWho="1" sc="159,72,129,-42,337,0,345,0" />
</Scene>
<Scene>
<INIT seed="4,2,0,2,4,65" ten="231,87,337,345" oya="0" hai0="112,101,123,14,78,77,49,130,35,127,44,81,113" hai1="118,5,70,6,31,82,67,24,18,1,116,0,32" hai2="2,89,134,15,36,22,25,9,38,97,27,64,60" hai3="55,117,104,16,129,8,20,40,62,125,110,59,75"/><T3/><D3/><N who="1" m="1099" /><E82/><V115/><F2/><W58/><G110/><T34/><D123/><U131/><E67/><V98/><F134/><W4/><G117/><N who="1" m="45162" /><E70/><V90/><F115/><W50/><G104/><T133/><D133/><U13/><E131/><V37/><F27/><W54/><G75/><T11/><D130/><U83/><E83/><V73/><F73/><W30/><G129/><T108/><D101/><U91/><E91/><V61/><F61/><W42/><G30/><T41/><D108/><U128/><E128/><V52/><F97/><W46/><G125/><T92/><D127/><U33/><E33/><V99/><F98/><W109/><G109/><T63/><D63/><U56/><E56/><N who="2" m="34823" /><F90/><W39/><G58/><T106/><D106/><U68/><E68/><V95/><F64/><W76/><G76/><T28/><D92/><U66/><E66/><V57/><F57/><W79/><G79/><T88/><D88/><U72/><E72/><V132/><F132/><W12/><REACH who="3" step="1"/><G39/><REACH who="3" ten="231,87,337,335" step="2"/><T48/><D78/><U126/><E126/><V120/><F38/><W80/><G80/><T87/><D77/><U94/><E94/><V96/><F37/><W71/><G71/><T84/><D81/><U86/><E86/><V105/><F36/><W19/><G19/><N who="0" m="8671" /><D87/><U100/><E100/><V102/><F102/><W103/><G103/><T124/><D84/><U29/><E29/><N who="2" m="17591" /><F105/><W17/><G17/><T93/><D124/><U7/><E18/><N who="2" m="8559" /><F96/><W122/><G122/><T21/><D93/><U45/><E45/><V107/><F120/><W111/><G111/><T10/><D28/><RYUUKYOKU ba="2,1" sc="231,-30,87,10,337,10,335,10" hai1="5,6,7,13,24,31,32" hai2="89,95,99,107" hai3="4,8,12,16,20,40,42,46,50,54,55,59,62" />
</Scene>
<Scene>
<INIT seed="5,3,1,2,4,118" ten="201,97,347,345" oya="1" hai0="84,6,14,43,117,115,1,8,135,114,73,61,128" hai1="44,65,53,21,99,0,20,45,121,37,119,23,48" hai2="75,59,126,131,108,82,105,4,104,15,69,50,89" hai3="36,124,63,130,96,25,55,71,62,46,34,66,109"/><U51/><E119/><V18/><F69/><W125/><G96/><T90/><D73/><U87/><E0/><V64/><F108/><W101/><G101/><T70/><D117/><U95/><E37/><V88/><F4/><W52/><G109/><T5/><D43/><U106/><E106/><V112/><F126/><N who="3" m="48747" /><G130/><T27/><D128/><U13/><E65/><V22/><F131/><W80/><G80/><T98/><D98/><U10/><E87/><V110/><F110/><W116/><G116/><T123/><D5/><U9/><E121/><V122/><F122/><W78/><G78/><T47/><D47/><U56/><E13/><V30/><F30/><N who="3" m="19791" /><G63/><T92/><D123/><U19/><E19/><V81/><F104/><W111/><G111/><T39/><D39/><U11/><REACH who="1" step="1"/><E51/><REACH who="1" ten="201,87,347,345" step="2"/><V3/><F50/><W2/><G2/><T91/><D1/><U54/><E54/><V83/><F3/><W107/><G107/><T85/><D85/><U120/><E120/><V17/><F105/><W26/><G26/><T49/><D49/><U134/><E134/><V31/><F18/><W58/><G71/><T24/><D135/><U97/><E97/><V127/><F127/><W103/><G55/><T133/><D133/><U132/><E132/><V28/><F64/><W57/><G36/><T60/><D70/><U74/><E74/><V16/><F75/><W86/><G86/><N who="0" m="52311" /><D27/><U72/><E72/><V79/><F17/><W76/><G66/><T41/><D24/><U93/><E93/><V29/><F16/><W102/><G52/><T129/><D129/><U40/><E40/><RYUUKYOKU ba="3,2" sc="201,-10,87,30,347,-10,345,-10" hai1="9,10,11,20,21,23,44,45,48,53,56,95,99" />
</Scene>
<Scene>
<INIT seed="5,4,2,2,1,122" ten="191,117,337,335" oya="1" hai0="16,110,28,102,120,124,18,131,11,90,112,37,45" hai1="130,111,22,4,86,69,43,34,54,6,70,7,24" hai2="9,125,36,101,10,123,116,114,81,80,67,115,17" hai3="93,49,0,89,26,98,126,92,60,85,53,66,76"/><U25/><E130/><V31/><F123/><W23/><G126/><T77/><D131/><U78/><E43/><V127/><F116/><W113/><G113/><N who="2" m="43017" /><F36/><W42/><G0/><T109/><D112/><U33/><E54/><V107/><F31/><W99/><G42/><T20/><D124/><N who="2" m="47690" /><F67/><W30/><G76/><T19/><D37/><U134/><E134/><V61/><F61/><W41/><G41/><T39/><D39/><U48/><E48/><V21/><F101/><W35/><G35/><T73/><D45/><U2/><E2/><V38/><F107/><W63/><G66/><T96/><D90/><U121/><E121/><V50/><F50/><W55/><G85/><T29/><D120/><U46/><E46/><V103/><F103/><N who="3" m="60871" /><G55/><T94/><D11/><N who="2" m="4106" /><F38/><W62/><G63/><T106/><D106/><U95/><E111/><V82/><F82/><W13/><G49/><T105/><D105/><U47/><E47/><V119/><F119/><W135/><G60/><T72/><D72/><U65/><E65/><V117/><F117/><W84/><G62/><T75/><D75/><U1/><E1/><V118/><F118/><W83/><G83/><N who="0" m="45487" /><D29/><U104/><E104/><V14/><AGARI ba="4,2" hai="14,17,21,80,81" m="4106,47690,43017" machi="14" ten="40,5200,0" yaku="15,1,11,1,18,1" doraHai="122" who="2" fromWho="2" sc="191,-17,117,-30,337,84,335,-17" />
</Scene>
<Scene>
<INIT seed="6,0,0,1,3,73" ten="174,87,421,318" oya="2" hai0="123,47,42,29,31,60,95,11,27,9,14,74,120" hai1="22,119,48,125,19,130,83,133,1,134,37,126,8" hai2="72,25,63,110,56,61,79,82,17,40,106,62,85" hai3="108,91,116,35,102,66,57,84,49,97,32,28,53"/><V43/><F106/><W112/><G108/><T36/><D74/><U98/><E37/><V113/><F110/><W24/><G116/><T71/><D31/><U34/><E98/><V93/><F113/><W16/><G112/><T78/><D78/><U45/><E119/><V111/><F111/><W129/><G129/><T118/><D118/><U52/><E34/><V67/><F72/><W15/><G66/><T13/><D95/><U88/><E130/><V132/><F132/><N who="1" m="50793" /><E1/><V92/><F93/><W6/><G6/><T80/><D80/><U0/><E0/><V18/><F92/><W33/><G91/><T50/><D36/><U41/><E41/><N who="2" m="15947" /><F25/><W96/><G84/><T30/><D30/><U44/><E44/><V107/><F107/><W58/><G58/><T4/><D60/><AGARI ba="0,0" hai="17,18,56,60,61,62,63,67,79,82,85" m="15947" machi="60" ten="30,2900,0" yaku="8,1,52,1" doraHai="73" who="2" fromWho="0" sc="174,-29,87,0,421,29,318,0" />
</Scene>
<Scene>
<INIT seed="6,1,0,3,2,99" ten="145,87,450,318" oya="2" hai0="100,60,119,129,0,107,108,81,72,78,132,27,69" hai1="64,95,16,1,127,126,59,84,120,116,133,23,3" hai2="103,71,62,68,32,123,4,128,134,5,43,96,38" hai3="87,18,39,91,65,75,77,124,57,70,113,37,112"/><V105/><F5/><W122/><G122/><T34/><RYUUKYOKU type="yao9" ba="1,0" sc="145,0,87,0,450,0,318,0" hai0="0,27,34,60,69,72,78,81,100,107,108,119,129,132" />
</Scene>
<Scene>
<INIT seed="6,2,0,5,2,72" ten="145,87,450,318" oya="2" hai0="68,56,61,103,80,132,91,42,15,59,88,17,106" hai1="111,79,66,33,20,16,43,108,41,92,34,109,36" hai2="113,84,32,119,8,38,121,83,126,24,3,22,13" hai3="11,58,65,85,10,76,30,14,118,64,54,27,86"/><V31/><F38/><W135/><G118/><T124/><D132/><U89/><E66/><V35/><F119/><W60/><G135/><T9/><D124/><U6/><E6/><V23/><F121/><W53/><G65/><T112/><D112/><U46/><E43/><V26/><F113/><W25/><G10/><T50/><D68/><U100/><E100/><V51/><F51/><W96/><G96/><T120/><D120/><U101/><E101/><V52/><F52/><N who="3" m="20075" /><G30/><T47/><D106/><U130/><E130/><V78/><F126/><W28/><G28/><T107/><D107/><U97/><REACH who="1" step="1"/><E79/><REACH who="1" ten="145,77,450,318" step="2"/><V70/><F70/><W19/><G76/><T18/><D103/><U57/><E57/><N who="0" m="22089" /><D61/><U134/><E134/><V48/><F3/><W125/><G125/><T115/><D115/><U110/><N who="1" m="27648" /><DORA hai="98" /><U21/><E21/><V114/><F114/><W49/><G49/><T5/><D80/><U12/><AGARI ba="2,1" hai="12,16,20,33,34,36,41,46,89,92,97" m="27648" machi="12" ten="60,8000,1" yaku="1,1,0,1,54,1,53,1" doraHai="72,98" doraHaiUra="37,104" who="1" fromWho="1" sc="145,-22,77,96,450,-42,318,-22" />
</Scene>
<Scene>
<INIT seed="7,0,0,5,5,135" ten="123,173,408,296" oya="3" hai0="91,133,6,78,62,27,29,58,47,11,25,107,7" hai1="119,60,109,121,75,13,41,43,69,21,59,132,76" hai2="101,48,89,40,28,30,18,127,8,79,68,86,87" hai3="37,2,54,49,112,102,118,98,124,45,122,10,104"/><W52/><G118/><T64/><D133/><U114/><E121/><V77/><F68/><W65/><G122/><T46/><D107/><U4/><E109/><V90/><F127/><W26/><G112/><T57/><D78/><N who="2" m="29706" /><F101/><W93/><G65/><T72/><D72/><U24/><E59/><V85/><F18/><W115/><G115/><T126/><D126/><U50/><E21/><V16/><F16/><W96/><G124/><T56/><D7/><U99/><E13/><V113/><F8/><W97/><G37/><T20/><D27/><U100/><E50/><V31/><F113/><W120/><G120/><T83/><D57/><U70/><E99/><V17/><F17/><W128/><G128/><T131/><D58/><U19/><E43/><V5/><F5/><W42/><G26/><T51/><D51/><U130/><E24/><V0/><F0/><W103/><REACH who="3" step="1"/><G98/><REACH who="3" ten="123,173,408,286" step="2"/><T34/><D131/><U110/><E114/><V129/><F129/><W84/><G84/><T55/><D64/><U125/><E130/><V92/><F87/><W12/><G12/><T9/><D34/><U39/><E125/><V61/><F86/><W117/><G117/><T33/><D33/><U80/><E119/><V108/><F85/><W22/><G22/><T81/><D81/><U36/><E36/><V1/><F1/><W14/><G14/><T106/><D106/><U38/><E38/><V35/><F35/><W94/><G94/><T134/><D134/><U3/><E39/><V15/><F15/><W53/><G53/><T116/><D116/><U44/><E132/><V32/><F32/><RYUUKYOKU ba="0,1" sc="123,-10,173,-10,408,-10,286,30" hai3="2,10,42,45,49,52,54,93,96,97,102,103,104" />
</Scene>
<Scene>
<INIT seed="7,1,1,3,3,128" ten="113,163,398,316" oya="3" hai0="21,4,31,101,61,117,5,96,8,53,120,14,70" hai1="48,26,81,121,36,118,49,51,71,47,20,87,95" hai2="62,132,30,25,56,90,32,19,98,91,7,65,104" hai3="1,60,43,99,54,42,86,133,83,88,82,97,63"/><W58/><G1/><T135/><D117/><U16/><E121/><V10/><F19/><W119/><G119/><T110/><D120/><U46/><E71/><N who="2" m="42423" /><F132/><W24/><G133/><T130/><D135/><U100/><E118/><V77/><F77/><W129/><G129/><T6/><D110/><U55/><E36/><V102/><F56/><W52/><G24/><T122/><D122/><U64/><E64/><V94/><F94/><W134/><G134/><T41/><D130/><U59/><E95/><V93/><F93/><W68/><G68/><T109/><D109/><U123/><E100/><V127/><F127/><W92/><G82/><T74/><D74/><U113/><E113/><V84/><F84/><W33/><G33/><T39/><D70/><U112/><E112/><V28/><F28/><W15/><G15/><AGARI ba="1,1" hai="7,10,15,25,30,32,90,91,98,102,104" m="42423" machi="15" ten="30,1000,0" yaku="25,1" doraHai="128" who="2" fromWho="3" sc="113,0,163,0,398,23,316,-13" owari="113,-39.0,163,-24.0,421,53.0,303,10.0" />
</Scene>
</mjloggm>