<mjloggm ver="2.3"><GO type="169" lobby="0"/><UN n0="%E9%BA%BB%E9%9B%80%E7%89%87%E6%83%B3%E3%81%84" n1="%E3%81%9D%E3%81%AE%E4%B8%80%E6%96%B9%E3%81%AA%E3%81%84%E3%82%8F%EF%BD%9E" n2="%E5%A4%AA%E3%81%8F%E3%81%AA%E3%81%84%E3%81%8A" n3="%6D%61%73%79" dan="16,16,17,16" rate="2096.01,2064.37,2241.02,2029.09" sx="M,M,M,M"/><TAIKYOKU oya="0"/>

<Scene>
<INIT seed="0,0,0,0,2,27" ten="250,250,250,250" oya="0" hai0="114,42,87,4,7,9,70,73,18,83,110,60,100" hai1="96,116,13,126,3,12,84,98,111,88,19,11,104" hai2="35,129,50,44,112,68,95,80,37,45,61,71,6" hai3="86,65,75,34,109,103,1,62,47,79,57,120,64"/><T53/><D73/><U118/><E3/><V20/><F35/><W119/><G75/><T36/><D114/><U134/><E111/><V28/><F112/><W25/><G1/><T58/><D100/><U43/><E43/><V56/><F6/><W38/><G109/><T29/><D110/><U69/><E69/><V8/><F8/><W85/><G65/><T54/><D70/><U127/><E134/><V41/><F80/><W72/><G103/><T67/><D42/><U49/><E49/><V33/><F33/><W132/><G132/><T48/><D36/><U26/><E26/><V113/><F113/><W5/><G5/><T51/><D29/><U22/><E116/><V106/><F106/><W124/><G119/><T99/><D99/><U24/><E118/><V101/><F45/><W30/><G120/><T89/><D48/><U2/><E2/><V131/><F37/><W15/><G124/><N who="1" m="47658" /><E104/><V105/><F105/><W32/><G32/><T135/><D135/><U66/><E66/><N who="2" m="39207" /><F68/><W91/><G15/><N who="1" m="5706" /><E11/><V133/><F71/><W97/><G38/><T23/><D9/><U123/><E123/><V52/><F41/><W46/><G72/><T122/><D122/><U63/><E63/><V121/><F121/><W94/><G97/><T0/><D0/><U107/><E107/><V31/><F133/><W128/><G128/><N who="2" m="49225" /><F20/><W74/><G74/><T102/><D67/><U39/><E39/><V93/><F101/><W55/><G64/><T21/><D102/><U82/><AGARI ba="0,0" hai="19,22,24,82,84,88,96,98" m="5706,47658" machi="82" ten="30,2000,0" yaku="18,1,54,1" doraHai="27" who="1" fromWho="1" sc="250,-10,250,20,250,-5,250,-5" />
</Scene>
<Scene>
<INIT seed="1,0,0,5,0,84" ten="240,270,245,245" oya="1" hai0="18,64,92,10,122,119,33,38,129,28,32,124,26" hai1="100,45,82,103,23,89,68,29,22,132,134,69,110" hai2="14,4,105,77,79,101,94,1,46,0,53,128,58" hai3="30,114,91,60,86,107,7,111,56,135,126,25,59"/><U80/><E45/><V108/><F105/><W98/><G111/><T52/><D119/><U35/><E35/><V83/><F108/><W112/><G7/><T120/><D38/><U117/><E110/><V16/><F128/><W5/><G5/><T118/><D118/><U130/><E117/><V27/><F46/><W65/><G135/><T2/><D64/><U51/><E51/><V24/><F0/><W37/><G37/><T6/><D33/><U9/><E9/><V62/><F4/><W67/><G126/><T72/><D72/><U131/><E29/><V74/><F1/><W8/><G8/><T63/><D18/><U66/><E66/><V106/><F106/><W109/><G109/><T40/><D40/><U85/><E85/><V123/><F123/><W113/><G98/><T90/><D124/><U121/><E121/><V44/><F77/><W21/><G107/><T43/><D43/><U55/><E55/><V116/><F116/><W76/><G76/><T57/><REACH who="0" step="1"/><D129/><REACH who="0" ten="230,270,245,245" step="2"/><U47/><E47/><V41/><F44/><W19/><G19/><T99/><AGARI ba="0,1" hai="2,6,10,26,28,32,52,57,63,90,92,99,120,122" machi="99" ten="30,8000,1" yaku="1,1,2,1,0,1,52,1,54,1,53,0" doraHai="84" doraHaiUra="15" who="0" fromWho="0" sc="230,90,270,-40,245,-20,245,-20" />
</Scene>
<Scene>
<INIT seed="2,0,0,4,4,114" ten="320,230,225,225" oya="2" hai0="0,94,59,90,128,30,38,118,1,71,110,7,39" hai1="52,111,32,58,22,53,42,40,10,44,134,89,56" hai2="19,78,100,8,77,26,28,109,73,51,87,88,131" hai3="2,75,135,49,133,132,108,122,99,123,72,125,97"/><V68/><F68/><W124/><G2/><T55/><D71/><U50/><E32/><V11/><F131/><W64/><G64/><T95/><D128/><U54/><E10/><V27/><F100/><W62/><G62/><T20/><D110/><U92/><E111/><V116/><F109/><W3/><G49/><T66/><D66/><U74/><E74/><N who="3" m="28202" /><G3/><T41/><D94/><U83/><E83/><V18/><F73/><W98/><G108/><T31/><D41/><U102/><E102/><V67/><F67/><W84/><G84/><T105/><D105/><U121/><E121/><AGARI ba="0,0" hai="97,98,99,121,122,123,124,125,132,133,135" m="28202" machi="121" ten="50,8000,1" yaku="28,2,20,1,34,2" doraHai="114" who="3" fromWho="1" sc="320,0,230,-80,225,0,225,80" />
</Scene>
<Scene>
<INIT seed="3,0,0,3,5,31" ten="320,150,225,305" oya="3" hai0="84,114,34,58,107,47,100,83,86,64,78,133,56" hai1="29,30,79,25,28,82,67,1,93,85,35,41,2" hai2="18,130,102,135,53,81,134,37,59,40,73,46,87" hai3="20,119,99,19,12,120,110,70,129,26,68,69,121"/><W89/><G119/><T11/><D133/><N who="2" m="50698" /><F130/><W104/><G129/><T44/><D114/><U108/><E108/><V77/><F102/><W71/><N who="3" m="17408" /><DORA hai="127" /><W63/><G110/><T55/><D34/><U27/><E41/><V23/><F73/><W6/><G63/><T109/><D109/><U96/><E67/><V15/><F53/><W66/><G66/><T3/><D64/><U39/><E39/><V128/><F128/><W112/><G112/><T122/><D58/><AGARI ba="0,0" hai="15,18,23,37,40,46,58,59,77,81,87" m="50698" machi="58" ten="30,1000,0" yaku="20,1" doraHai="31,127" who="2" fromWho="0" sc="320,-10,150,0,225,10,305,0" />
</Scene>
<Scene>
<INIT seed="4,0,0,1,4,40" ten="310,150,235,305" oya="0" hai0="106,6,54,44,61,53,70,42,102,56,39,9,121" hai1="132,28,12,135,94,129,91,88,69,29,49,85,62" hai2="24,22,80,96,55,87,72,79,108,110,50,83,77" hai3="101,66,16,124,31,119,19,97,59,115,71,75,63"/><T38/><D121/><U25/><E12/><V20/><F96/><W76/><G115/><T57/><D102/><U130/><E49/><V128/><F128/><N who="1" m="49257" /><E62/><V17/><REACH who="2" step="1"/><F22/><REACH who="2" ten="310,150,225,305" step="2"/><W78/><G119/><T41/><D106/><U51/><E69/><V36/><F36/><W1/><G124/><T107/><D107/><U118/><E118/><V64/><F64/><W5/><G71/><T35/><D35/><U33/><E29/><V120/><F120/><W48/><G31/><T27/><D70/><U13/><E13/><V23/><F23/><W8/><G48/><T131/><D131/><U26/><E26/><V18/><F18/><W105/><REACH who="3" step="1"/><G75/><REACH who="3" ten="310,150,225,295" step="2"/><T100/><D38/><U60/><E51/><V93/><F93/><W86/><G86/><T34/><D39/><U52/><E94/><V134/><F134/><N who="1" m="51241" /><E85/><V65/><F65/><W58/><G58/><AGARI ba="0,2" hai="25,28,33,52,58,60,88,91" m="51241,49257" machi="58" ten="30,7700,0" yaku="19,1,20,1,54,2" doraHai="40" who="1" fromWho="3" sc="310,0,150,97,225,0,295,-77" /><AGARI ba="0,0" hai="17,20,24,50,55,58,72,77,79,80,83,87,108,110" machi="58" ten="30,2000,0" yaku="1,1,7,1,53,0" doraHai="40" doraHaiUra="37" who="2" fromWho="3" sc="310,0,247,0,225,20,218,-20" />
</Scene>
<Scene>
<INIT seed="5,0,0,0,3,107" ten="310,247,245,198" oya="1" hai0="79,23,98,20,115,123,90,44,127,73,43,42,6" hai1="33,118,36,40,39,67,34,12,47,15,46,69,64" hai2="70,8,125,14,80,31,10,62,96,50,22,17,19" hai3="109,2,76,26,126,129,81,51,53,97,29,75,77"/><U65/><E118/><V1/><F125/><W5/><G126/><T91/><D127/><U54/><E69/><V124/><F124/><W71/><G109/><T7/><D115/><U87/><E87/><V117/><F117/><W52/><G71/><T61/><D61/><U119/><E119/><V11/><F1/><W84/><G129/><T41/><D44/><U21/><E21/><V121/><F121/><W45/><G97/><T9/><D79/><U85/><E85/><V13/><F96/><W101/><G101/><T49/><D73/><U32/><E54/><V132/><F132/><W83/><G5/><T106/><D49/><U116/><REACH who="1" step="1"/><E116/><REACH who="1" ten="310,237,245,198" step="2"/><V28/><F22/><W68/><G68/><T93/><D23/><U111/><E111/><V24/><F70/><W56/><G2/><T128/><D20/><U108/><E108/><V131/><F13/><W58/><REACH who="3" step="1"/><G53/><REACH who="3" ten="310,237,245,188" step="2"/><T100/><D123/><U27/><E27/><V122/><F122/><W94/><G94/><T72/><D93/><U3/><E3/><V48/><F24/><W74/><G74/><T86/><D72/><U18/><E18/><V78/><F19/><W55/><G55/><T88/><D6/><U25/><E25/><V114/><F17/><W92/><G92/><T133/><D7/><U38/><E38/><V110/><F110/><W66/><G66/><T63/><D106/><U99/><E99/><V16/><F16/><W59/><G59/><T95/><D98/><U130/><E130/><V89/><F131/><W4/><G4/><T120/><D128/><U104/><E104/><V112/><F14/><RYUUKYOKU ba="0,2" sc="310,-15,237,15,245,-15,188,15" hai1="12,15,32,33,34,36,39,40,46,47,64,65,67" hai3="26,29,45,51,52,56,58,75,76,77,81,83,84" />
</Scene>
<Scene>
<INIT seed="5,1,2,0,3,24" ten="295,252,230,203" oya="1" hai0="84,16,121,20,39,93,63,128,82,74,45,70,15" hai1="127,42,88,112,59,98,119,34,23,125,67,81,62" hai2="38,37,14,95,68,66,131,11,0,27,1,32,65" hai3="49,35,40,117,69,129,54,89,19,29,47,73,130"/><U116/><E34/><V104/><F131/><N who="3" m="50187" /><G117/><T72/><D121/><U77/><E112/><V58/><F58/><N who="3" m="33103" /><G69/><T2/><D2/><U8/><E42/><V109/><F109/><W80/><G19/><T31/><D128/><U90/><E8/><V106/><F95/><W36/><G35/><T110/><D110/><U5/><E5/><N who="2" m="1455" /><F65/><W103/><G103/><T101/><D93/><N who="1" m="56615" /><E90/><V102/><F14/><W124/><G124/><N who="1" m="47690" /><E23/><V115/><F0/><W6/><G6/><T135/><D101/><U85/><AGARI ba="1,2" hai="59,62,67,77,81,85,116,119" m="47690,56615" machi="85" ten="30,3000,0" yaku="18,1,54,1" doraHai="24" who="1" fromWho="1" sc="295,-11,252,53,230,-11,203,-11" />
</Scene>
<Scene>
<INIT seed="5,2,0,2,5,83" ten="284,305,219,192" oya="1" hai0="25,134,14,18,115,80,109,4,56,66,132,16,86" hai1="8,51,116,55,60,100,48,114,57,122,123,43,107" hai2="81,38,111,82,87,22,32,125,65,73,42,47,98" hai3="127,30,5,39,53,24,9,89,29,117,45,2,121"/><U6/><E116/><V129/><F32/><W49/><G117/><T13/><D109/><U33/><E33/><V74/><F111/><W72/><G121/><T92/><D115/><U37/><E100/><V44/><F129/><W131/><G131/><T46/><D92/><U84/><E107/><V63/><F125/><W79/><G127/><T41/><D66/><U76/><E114/><V28/><F82/><N who="3" m="45415" /><G24/><T3/><D56/><U19/><E19/><N who="0" m="7209" /><D25/><U64/><E37/><V88/><F47/><N who="3" m="27839" /><G89/><N who="0" m="51399" /><D3/><U20/><E123/><V7/><F7/><W103/><G103/><T0/><D0/><U70/><E122/><V40/><F98/><W21/><G21/><T50/><D4/><U99/><E64/><V102/><F102/><W69/><G69/><T91/><D91/><U59/><E70/><V31/><F22/><W77/><G77/><T61/><D61/><U119/><E20/><V135/><F63/><W133/><G133/><AGARI ba="2,0" hai="13,14,41,46,50,132,133,134" m="51399,7209" machi="133" ten="30,3900,0" yaku="20,1,52,1,54,1" doraHai="83" who="0" fromWho="3" sc="284,45,305,0,219,0,192,-45" />
</Scene>
<Scene>
<INIT seed="6,0,0,0,5,70" ten="329,305,219,147" oya="2" hai0="99,128,6,119,107,42,73,9,74,102,104,58,41" hai1="2,68,21,59,85,55,66,35,135,91,122,31,111" hai2="67,76,13,129,77,94,96,26,92,25,131,98,36" hai3="60,29,93,100,114,71,5,50,88,18,8,56,109"/><V90/><F67/><W54/><G109/><T79/><D107/><U64/><E111/><V40/><F13/><W117/><G117/><T22/><D128/><U14/><E2/><V1/><F1/><W130/><G130/><T83/><D74/><U53/><E68/><V116/><F40/><W17/><G100/><T134/><D134/><U16/><E135/><V23/><F23/><W84/><G114/><T34/><D34/><U7/><E7/><V101/><F101/><W118/><G118/><T11/><D11/><U38/><E38/><V95/><F95/><W0/><REACH who="3" step="1"/><G29/><REACH who="3" ten="329,305,219,137" step="2"/><T89/><D102/><U30/><E122/><V127/><F116/><W49/><G49/><T37/><D119/><U105/><E31/><V45/><F131/><W10/><G10/><T112/><D9/><U87/><E30/><V82/><F129/><W63/><G63/><T115/><D115/><U20/><E35/><V69/><F36/><W133/><G133/><T108/><D37/><U75/><E105/><V57/><F26/><W97/><G97/><T51/><D99/><U121/><E121/><V78/><F25/><W46/><G46/><T123/><D104/><U12/><E59/><V43/><F57/><W62/><G62/><T120/><D108/><U4/><E4/><V3/><F69/><W24/><G24/><T32/><D112/><U61/><E61/><V52/><F45/><W86/><G86/><T27/><D32/><U126/><E87/><V65/><F96/><W39/><G39/><T125/><D123/><U15/><E85/><N who="2" m="50487" /><F98/><W80/><G80/><T44/><D120/><RYUUKYOKU ba="0,1" sc="329,-10,305,-10,219,-10,137,30" hai3="0,5,8,17,18,50,54,56,60,71,84,88,93" />
</Scene>
<Scene>
<INIT seed="7,1,1,4,1,135" ten="319,295,209,167" oya="3" hai0="90,78,6,17,84,107,129,73,45,96,27,49,2" hai1="36,12,111,44,81,58,77,72,133,118,28,121,85" hai2="11,97,42,98,69,18,25,131,51,13,56,21,62" hai3="71,54,122,117,5,74,60,132,29,83,86,15,95"/><W48/><G122/><T114/><D129/><U32/><E111/><V20/><F69/><W104/><G117/><T82/><D114/><U99/><E121/><V41/><F131/><W115/><G115/><T67/><D67/><U92/><E133/><V63/><F21/><W3/><G3/><T23/><D6/><U93/><E118/><V70/><F70/><W108/><G132/><T26/><D2/><U128/><E128/><V64/><F62/><W22/><G104/><T53/><D96/><N who="2" m="36970" /><F51/><W19/><G108/><T1/><D1/><U112/><E112/><V134/><F134/><W55/><G5/><AGARI ba="1,1" hai="5,11,13,18,20,25,41,42,56,63,64" m="36970" machi="5" ten="30,1000,0" yaku="8,1" doraHai="135" who="2" fromWho="3" sc="319,0,295,0,209,23,167,-13" owari="319,42.0,295,10.0,232,-17.0,154,-35.0" />
</Scene>
</mjloggm>