<mjloggm ver="2.3"><GO type="169" lobby="0"/><UN n0="%E3%81%B9%E3%81%A3%E3%81%93%E3%83%BC%E2%99%AA" n1="%E3%81%9C%E3%82%8D%E3%82%81%E3%81%90" n2="%E5%A4%AA%E3%81%8F%E3%81%AA%E3%81%84%E3%81%8A" n3="%6D%61%2D%62%6F%33%35" dan="16,17,18,16" rate="2076.95,2178.57,2269.39,2119.96" sx="F,F,M,M"/><TAIKYOKU oya="0"/>

<Scene>
<INIT seed="0,0,0,3,0,9" ten="250,250,250,250" oya="0" hai0="116,23,2,115,42,25,112,26,41,101,67,61,129" hai1="83,12,98,10,45,22,105,7,49,32,111,72,52" hai2="77,103,27,11,104,87,102,58,93,122,131,29,82" hai3="91,0,48,100,127,14,38,16,68,44,33,90,50"/><T60/><D116/><U134/><E32/><V121/><F131/><W81/><G0/><T46/><D2/><U114/><E111/><V47/><F104/><W79/><G127/><T126/><D129/><U19/><E134/><V28/><F28/><W107/><G68/><T36/><D126/><U51/><E114/><V4/><F58/><W106/><G33/><T75/><D75/><U88/><E105/><V97/><F102/><W128/><G128/><T53/><D101/><U20/><E72/><V119/><F119/><W117/><G38/><T120/><D120/><U69/><E69/><V1/><REACH who="2" step="1"/><F47/><REACH who="2" ten="250,250,240,250" step="2"/><W34/><G106/><T35/><D115/><U40/><E7/><V59/><F59/><W125/><G117/><T118/><D118/><U56/><E83/><V92/><F92/><AGARI ba="0,1" hai="10,12,19,20,22,40,45,49,51,52,56,88,92,98" machi="92" ten="40,8000,1" yaku="8,1,52,1,54,2" doraHai="9" who="1" fromWho="2" sc="250,0,250,90,240,-80,250,0" />
</Scene>
<Scene>
<INIT seed="1,0,0,4,0,19" ten="250,340,160,250" oya="1" hai0="95,127,105,43,116,65,18,117,15,102,8,30,16" hai1="38,27,99,93,79,75,14,96,122,129,106,68,134" hai2="67,47,41,22,125,4,87,61,25,53,128,85,73" hai3="104,29,135,6,126,40,123,36,64,0,84,11,54"/><U124/><E68/><V119/><F119/><W133/><G123/><T55/><D127/><U42/><E122/><V112/><F73/><W70/><G126/><T37/><D105/><U21/><E124/><V100/><F125/><W63/><G84/><T92/><D65/><U108/><E129/><V23/><F128/><W56/><G29/><T58/><D30/><U131/><E131/><V26/><F112/><W107/><G40/><T97/><D43/><U52/><E134/><N who="3" m="51210" /><G36/><T13/><D37/><U51/><E14/><V113/><F100/><W31/><G31/><T44/><D44/><U34/><E34/><V66/><F4/><W121/><G121/><T101/><D95/><U83/><E108/><V111/><F111/><W7/><G7/><T94/><D92/><U2/><E2/><V35/><F35/><W32/><G32/><T45/><D45/><U120/><E120/><V110/><F110/><W57/><G70/><T130/><D130/><U10/><E42/><V20/><F113/><W3/><G3/><T109/><D109/><U72/><E38/><V89/><F53/><W39/><G39/><T60/><D102/><U12/><E75/><V80/><F85/><W78/><G78/><T91/><D101/><U86/><E72/><V81/><F81/><W59/><G59/><T77/><D77/><U74/><E74/><V98/><F98/><W82/><G82/><T5/><D5/><N who="1" m="3151" /><E93/><V48/><REACH who="2" step="1"/><F67/><REACH who="2" ten="250,340,150,250" step="2"/><W49/><AGARI ba="0,1" hai="0,6,11,49,54,56,57,63,64,104,107" m="51210" machi="49" ten="30,1100,0" yaku="20,1" doraHai="19" who="3" fromWho="3" sc="250,-3,340,-5,150,-3,250,21" />
</Scene>
<Scene>
<INIT seed="2,0,0,1,0,113" ten="247,335,147,271" oya="2" hai0="104,112,125,44,114,77,49,24,135,76,38,31,16" hai1="78,18,107,132,83,63,8,62,94,13,67,21,87" hai2="69,89,134,88,121,3,15,118,84,108,70,5,119" hai3="56,72,54,128,99,30,6,57,130,43,23,110,46"/><V68/><F121/><W106/><G72/><T61/><D104/><U0/><E107/><V22/><F134/><W1/><G110/><T97/><D135/><U11/><E132/><V45/><F108/><W65/><G6/><T42/><D125/><U98/><E0/><V124/><F124/><W81/><G1/><T82/><D76/><U105/><E105/><V33/><F33/><W60/><G81/><T71/><D97/><U95/><E95/><V75/><F75/><W25/><G106/><T131/><D131/><N who="3" m="50217" /><G99/><T10/><D38/><U74/><E74/><V28/><F45/><W12/><G12/><T34/><D61/><N who="1" m="23051" /><E67/><V116/><F84/><W109/><G109/><T111/><D71/><U129/><E129/><V29/><F3/><W32/><G23/><T58/><D111/><U26/><E13/><V9/><REACH who="2" step="1"/><F22/><REACH who="2" ten="247,335,137,271" step="2"/><W79/><G46/><T7/><D112/><U133/><E133/><V85/><F85/><W19/><G32/><T55/><D114/><U17/><E98/><V64/><F64/><W93/><G65/><T53/><D34/><U59/><E87/><V66/><F66/><W20/><G20/><T117/><D44/><U27/><E21/><V96/><F96/><W126/><G126/><T51/><D77/><U92/><E78/><V120/><F120/><W90/><G79/><T47/><D47/><U36/><E36/><V122/><F122/><W80/><G57/><T39/><D58/><U73/><E59/><V127/><F127/><W37/><G56/><T52/><D39/><U41/><E73/><V123/><F123/><W40/><G37/><RYUUKYOKU ba="0,1" sc="247,-10,335,-10,137,30,271,-10" hai2="5,9,15,28,29,68,69,70,88,89,116,118,119" />
</Scene>
<Scene>
<INIT seed="2,1,1,4,4,126" ten="237,325,167,261" oya="2" hai0="70,62,42,122,45,26,57,117,85,114,8,29,118" hai1="41,102,98,78,134,112,77,22,17,111,84,106,79" hai2="81,124,127,116,71,123,59,44,36,20,129,12,89" hai3="16,69,53,94,4,90,130,37,35,110,115,61,5"/><V87/><F71/><W76/><G35/><T49/><D114/><U108/><E112/><V58/><F116/><N who="0" m="44650" /><D122/><U27/><E134/><V73/><F123/><W92/><G115/><T101/><D101/><U54/><E41/><N who="2" m="22567" /><F73/><W86/><G37/><T13/><D85/><U0/><E0/><V104/><F104/><W50/><G110/><N who="1" m="42026" /><E54/><V93/><F81/><AGARI ba="1,1" hai="17,22,27,77,78,79,81,84,98,102,106" m="42026" machi="81" ten="30,1000,0" yaku="14,1" doraHai="126" who="1" fromWho="2" sc="237,0,325,23,167,-13,261,0" />
</Scene>
<Scene>
<INIT seed="3,0,0,2,0,106" ten="237,348,154,261" oya="3" hai0="22,72,4,28,97,62,36,74,127,88,31,56,122" hai1="1,128,15,123,131,120,55,33,48,116,20,46,90" hai2="78,126,44,109,92,99,10,130,82,113,35,38,71" hai3="59,45,61,49,19,125,60,26,0,69,89,80,58"/><W85/><G0/><T43/><D122/><U17/><E116/><V68/><F113/><W118/><G118/><T25/><D127/><U18/><E33/><V98/><F35/><W110/><G125/><T24/><D4/><U104/><E1/><V114/><F114/><W34/><G110/><T3/><D3/><U134/><E134/><V75/><F126/><W111/><G111/><T21/><D43/><U16/><E104/><V40/><F109/><W63/><G69/><T50/><D50/><U13/><E90/><V108/><F108/><W37/><G37/><T23/><D36/><U77/><E77/><V67/><F130/><N who="1" m="49705" /><E18/><V2/><F67/><W76/><G76/><T14/><D14/><U117/><E117/><V39/><F39/><W64/><G64/><T81/><D22/><AGARI ba="0,0" hai="13,15,16,17,20,22,46,48,55,120,123" m="49705" machi="22" ten="30,2000,0" yaku="19,1,54,1" doraHai="106" who="1" fromWho="0" sc="237,-20,348,20,154,0,261,0" />
</Scene>
<Scene>
<INIT seed="4,0,0,4,1,37" ten="217,368,154,261" oya="0" hai0="35,77,47,107,126,88,133,72,73,89,111,135,60" hai1="53,46,125,30,44,62,81,100,65,90,123,27,109" hai2="112,54,22,95,92,122,18,63,80,17,108,26,118" hai3="132,120,55,28,45,71,86,14,4,74,25,61,42"/><T33/><D107/><U40/><E109/><V115/><F108/><W121/><G74/><N who="0" m="28779" /><D111/><U29/><E100/><V103/><F122/><N who="3" m="47211" /><G132/><N who="0" m="50763" /><D77/><U106/><E106/><V59/><F118/><W50/><G86/><T66/><D47/><U119/><E44/><V56/><F80/><W1/><G1/><T57/><D126/><U7/><E46/><V134/><F134/><W70/><G4/><T32/><AGARI ba="0,0" hai="32,33,35,57,60,66,88,89" m="50763,28779" machi="32" ten="40,3900,0" yaku="20,1,54,1" doraHai="37" who="0" fromWho="0" sc="217,39,368,-13,154,-13,261,-13" />
</Scene>
<Scene>
<INIT seed="4,1,0,3,1,108" ten="256,355,141,248" oya="0" hai0="81,98,67,66,11,132,118,53,63,8,47,128,1" hai1="77,116,106,50,48,131,134,96,27,35,104,30,4" hai2="72,23,78,114,64,70,88,113,34,52,17,33,22" hai3="110,16,24,43,7,135,10,71,32,80,82,112,62"/><T56/><D118/><U49/><E116/><V41/><F41/><W99/><G110/><T69/><D132/><U105/><E134/><V122/><F122/><W60/><G135/><T61/><D128/><U44/><E131/><V125/><F125/><W13/><G32/><T38/><D1/><U123/><E4/><V92/><F72/><W94/><G43/><T124/><D124/><U79/><E123/><V119/><F78/><W59/><G71/><T57/><D98/><U31/><E96/><N who="2" m="57351" /><F119/><W130/><G112/><N who="2" m="43113" /><F23/><N who="3" m="13415" /><G130/><T65/><D81/><N who="3" m="31337" /><G59/><N who="0" m="37055" /><D8/><U55/><E79/><V129/><F129/><W103/><AGARI ba="1,0" hai="7,10,13,60,62,94,99,103" m="31337,13415" machi="103" ten="30,2000,0" yaku="8,1,54,1" doraHai="108" who="3" fromWho="3" sc="256,-11,355,-6,141,-6,248,23" />
</Scene>
<Scene>
<INIT seed="5,0,0,2,2,97" ten="245,349,135,271" oya="1" hai0="48,70,78,125,118,8,102,43,122,23,27,21,37" hai1="112,103,75,3,127,83,100,120,131,67,2,55,13" hai2="85,56,38,76,124,89,30,35,111,61,110,58,119" hai3="81,132,62,99,121,12,92,47,79,87,53,128,46"/><U9/><E120/><V68/><F119/><W66/><G128/><T52/><D118/><U18/><E131/><V123/><F123/><W39/><G132/><T50/><D122/><U7/><E112/><V117/><F117/><W71/><G121/><T14/><D125/><U105/><E127/><V45/><F124/><W15/><G53/><T59/><D70/><U101/><E67/><V98/><F76/><W134/><G134/><T72/><D37/><U25/><E105/><V107/><F38/><W10/><G39/><T80/><D102/><U93/><E93/><V42/><F45/><W28/><G28/><T36/><D36/><U1/><E55/><V5/><F5/><W130/><G130/><T54/><D43/><U49/><E49/><V65/><F42/><W88/><REACH who="3" step="1"/><G15/><REACH who="3" ten="245,349,135,261" step="2"/><T29/><D29/><U31/><E1/><V64/><F64/><W82/><G82/><T22/><D27/><U41/><E41/><V135/><F135/><W17/><AGARI ba="0,1" hai="10,12,17,46,47,62,66,71,79,81,87,88,92,99" machi="17" ten="20,8000,1" yaku="1,1,0,1,7,1,54,1,53,1" doraHai="97" doraHaiUra="4" who="3" fromWho="3" sc="245,-20,349,-40,135,-20,261,90" />
</Scene>
<Scene>
<INIT seed="6,0,0,0,5,100" ten="225,309,115,351" oya="2" hai0="64,124,60,67,0,101,63,120,26,57,25,111,70" hai1="86,41,44,19,90,47,85,122,84,50,103,9,31" hai2="7,94,68,80,61,51,134,59,96,102,16,105,93" hai3="27,118,48,39,66,36,55,12,125,126,13,76,117"/><V17/><F134/><W127/><G66/><T73/><D120/><U112/><E112/><V97/><F7/><W83/><G27/><T78/><D111/><U77/><E122/><V28/><F28/><W79/><G13/><T8/><D124/><U91/><E31/><V23/><F68/><W113/><G12/><T2/><D101/><U53/><E77/><N who="3" m="29770" /><G83/><T71/><D57/><U114/><E114/><V45/><F80/><W131/><G131/><T52/><D78/><U121/><E121/><V21/><F21/><W135/><G135/><T38/><D38/><N who="3" m="14377" /><G113/><T14/><D73/><U107/><E103/><V119/><F119/><N who="3" m="45579" /><G55/><T65/><D52/><U110/><E53/><V32/><F32/><W3/><G48/><T75/><D75/><U54/><E50/><V108/><F108/><W43/><G43/><T88/><D65/><U4/><E54/><N who="2" m="34039" /><F23/><W89/><G89/><T72/><D88/><U30/><E41/><N who="2" m="25007" /><F105/><W58/><G58/><T20/><D72/><U24/><E107/><V11/><F11/><W123/><G123/><T62/><D26/><U133/><E133/><V98/><F102/><W18/><G18/><AGARI ba="0,0" hai="16,17,18,93,94,96,97,98" m="25007,34039" machi="18" ten="30,2900,0" yaku="8,1,54,1" doraHai="100" who="2" fromWho="3" sc="225,0,309,0,115,29,351,-29" />
</Scene>
<Scene>
<INIT seed="6,1,0,4,1,17" ten="225,309,144,322" oya="2" hai0="49,90,111,73,86,5,98,22,32,97,50,71,122" hai1="89,41,79,20,109,29,42,102,87,61,52,28,37" hai2="116,26,55,68,14,104,63,121,123,76,18,4,110" hai3="119,103,9,69,38,39,15,112,129,10,7,21,81"/><V96/><F116/><W44/><G119/><T93/><D71/><U84/><E109/><V31/><F110/><W75/><G69/><T54/><D32/><U120/><E120/><V16/><F76/><W56/><G129/><T12/><D73/><U125/><E125/><V88/><F4/><W0/><G103/><T47/><D111/><U2/><E2/><V85/><F104/><W46/><G39/><T124/><D124/><U66/><E102/><V62/><F96/><W48/><G56/><N who="0" m="32847" /><D122/><U78/><E66/><V94/><F18/><W77/><G112/><T131/><D131/><U108/><E37/><V106/><F106/><W127/><G127/><T51/><D51/><U92/><E108/><V11/><F63/><W128/><G128/><T6/><D6/><U36/><E36/><V1/><F1/><W80/><G38/><T70/><D70/><U114/><E114/><V43/><F43/><N who="1" m="16393" /><E29/><V19/><F19/><W105/><G48/><T59/><D98/><U135/><E135/><V58/><REACH who="2" step="1"/><F68/><REACH who="2" ten="225,309,134,322" step="2"/><W65/><G105/><T57/><D97/><N who="1" m="57487" /><E79/><V45/><F45/><W40/><G46/><T107/><D107/><U27/><E78/><V101/><F101/><W91/><G44/><T117/><D117/><U130/><E130/><V33/><AGARI ba="1,1" hai="11,14,16,26,31,33,55,58,62,85,88,94,121,123" machi="33" ten="20,18000,2" yaku="1,1,0,1,7,1,54,2,53,1" doraHai="17" doraHaiUra="8" who="2" fromWho="2" sc="225,-61,309,-61,134,193,322,-61" />
</Scene>
<Scene>
<INIT seed="6,2,0,5,2,6" ten="164,248,327,261" oya="2" hai0="35,30,62,73,91,92,109,67,126,60,76,33,2" hai1="31,81,26,20,94,119,79,88,105,9,47,85,72" hai2="102,116,108,129,75,36,49,39,115,15,132,19,56" hai3="74,114,51,103,61,89,71,122,59,64,106,97,84"/><V111/><F116/><W58/><G122/><T117/><D117/><U41/><E119/><V10/><F75/><W48/><G74/><T66/><D109/><N who="2" m="42058" /><F115/><W53/><G114/><T135/><D135/><U101/><E9/><V87/><F132/><W96/><G96/><T128/><D128/><U99/><E47/><V118/><F118/><W11/><G11/><T34/><D126/><U37/><E41/><V50/><F129/><W42/><G42/><T54/><D73/><U46/><E46/><V78/><F102/><W57/><REACH who="3" step="1"/><G51/><REACH who="3" ten="164,248,327,251" step="2"/><T100/><D100/><U113/><E113/><V21/><F49/><W43/><G43/><T90/><D2/><U3/><E3/><V27/><F50/><W12/><G12/><T18/><D76/><U22/><E37/><V124/><F124/><W83/><AGARI ba="2,1" hai="48,53,57,58,59,61,64,71,83,84,89,97,103,106" machi="83" ten="20,5200,0" yaku="1,1,0,1,7,1,53,1" doraHai="6" doraHaiUra="93" who="3" fromWho="3" sc="164,-15,248,-15,327,-28,251,68" />
</Scene>
<Scene>
<INIT seed="7,0,0,3,0,72" ten="149,233,299,319" oya="3" hai0="103,121,75,119,38,41,18,96,51,102,131,130,0" hai1="133,9,129,113,104,95,19,70,82,111,78,8,64" hai2="57,94,21,16,67,89,126,32,71,105,50,10,124" hai3="116,125,62,114,17,39,120,80,27,45,22,4,84"/><W97/><G120/><T115/><D119/><U127/><E95/><V26/><F105/><W65/><G116/><T3/><D121/><U112/><E104/><V33/><F71/><W52/><G114/><N who="1" m="44138" /><E111/><V13/><F50/><N who="3" m="28751" /><G125/><N who="2" m="48233" /><F57/><N who="3" m="37071" /><G39/><T132/><D115/><U40/><E129/><V135/><F67/><W63/><G63/><T60/><D60/><N who="1" m="40199" /><E40/><V118/><F135/><W15/><G97/><T85/><D132/><U81/><E133/><V61/><F61/><W68/><G68/><T109/><D109/><U83/><E127/><V79/><F79/><W59/><G59/><T123/><D38/><U93/><E93/><V7/><F118/><W54/><G54/><T1/><D123/><U88/><E78/><V77/><F77/><N who="3" m="46095" /><G4/><T56/><D75/><U90/><E90/><V12/><F26/><AGARI ba="0,0" hai="15,17,22,26,27" m="46095,37071,28751" machi="26" ten="30,5800,0" yaku="8,1,52,1,54,1" doraHai="72" who="3" fromWho="2" sc="149,0,233,0,299,-58,319,58" owari="149,-35.0,233,-17.0,241,4.0,377,48.0" />
</Scene>
</mjloggm>