<mjloggm ver="2.3"><GO type="169" lobby="0"/><UN n0="%E9%9B%80%E8%8D%98%E4%B8%AD%E5%B7%9D" n1="%E5%A4%AA%E3%81%8F%E3%81%AA%E3%81%84%E3%81%8A" n2="%E3%88%B1%E3%83%AA%E3%82%B3%E3%81%B4%E3%82%87%E3%82%93" n3="%E7%A5%AD%E4%BA%BA" dan="16,19,16,17" rate="2034.80,2282.14,2083.91,2178.04" sx="F,F,F,M"/><TAIKYOKU oya="0"/>

<Scene>
<INIT seed="0,0,0,3,3,0" ten="250,250,250,250" oya="0" hai0="31,127,52,78,35,129,6,29,123,102,36,88,56" hai1="119,81,34,114,37,103,27,8,72,112,28,70,125" hai2="44,25,39,9,73,80,53,58,74,90,15,76,94" hai3="69,121,98,16,21,50,86,71,91,82,11,95,20"/><T5/><D123/><U110/><E119/><V101/><F101/><W59/><G121/><T65/><D36/><U22/><E70/><V62/><F25/><W7/><G50/><T97/><D129/><U13/><E37/><V106/><F106/><W46/><G46/><T40/><D127/><U55/><E103/><V32/><F32/><W42/><G42/><T24/><D78/><N who="1" m="44231" /><E55/><V60/><F74/><W108/><G108/><T99/><D65/><U45/><E45/><V109/><F109/><W23/><G59/><T4/><D40/><U128/><E110/><V117/><F117/><W132/><G132/><T120/><D120/><U92/><E92/><V19/><F44/><W3/><REACH who="3" step="1"/><G16/><REACH who="3" ten="250,250,250,240" step="2"/><T26/><D102/><AGARI ba="0,1" hai="3,7,11,20,21,23,69,71,82,86,91,95,98,102" machi="102" ten="40,5200,0" yaku="1,1,2,1,52,1,53,0" doraHai="0" doraHaiUra="122" who="3" fromWho="0" sc="250,-52,250,0,250,0,240,62" />
</Scene>
<Scene>
<INIT seed="1,0,0,3,3,97" ten="198,250,250,302" oya="1" hai0="98,1,37,92,30,84,79,122,44,102,40,35,105" hai1="108,120,133,134,26,20,115,29,116,4,53,127,31" hai2="9,59,42,10,89,74,88,22,56,69,63,47,86" hai3="27,85,78,32,119,128,107,81,11,113,121,14,54"/><U33/><E53/><V118/><F118/><W52/><G121/><T38/><D122/><U112/><E120/><V110/><F110/><W24/><G113/><N who="1" m="43594" /><E116/><V7/><F74/><W16/><G128/><T95/><D1/><U131/><E131/><V104/><F104/><W43/><G107/><T80/><REACH who="0" step="1"/><D38/><REACH who="0" ten="188,250,250,302" step="2"/><U124/><E108/><V51/><F69/><W3/><G3/><T75/><D75/><U12/><E4/><V50/><F7/><W126/><G119/><T90/><D90/><U0/><E0/><V5/><F5/><W111/><G111/><T28/><D28/><U129/><E129/><V101/><F89/><W100/><G126/><N who="1" m="48170" /><E31/><V99/><F50/><W25/><G78/><T70/><D70/><U55/><E55/><V57/><F63/><W64/><G52/><T130/><D130/><U45/><E45/><V123/><F123/><W36/><G54/><T60/><D60/><U65/><E65/><V61/><F61/><W94/><G64/><T19/><D19/><AGARI ba="0,1" hai="12,19,20,26,29,33,133,134" m="48170,43594" machi="19" ten="40,7700,0" yaku="18,1,34,2" doraHai="97" who="1" fromWho="0" sc="188,-77,250,87,250,0,302,0" />
</Scene>
<Scene>
<INIT seed="1,1,0,3,3,24" ten="111,337,250,302" oya="1" hai0="33,88,84,20,96,127,94,109,113,3,124,22,123" hai1="6,23,77,134,30,52,106,62,42,36,87,27,37" hai2="44,132,16,2,118,99,91,51,14,111,66,13,116" hai3="25,17,38,41,122,74,54,4,92,103,57,31,12"/><U72/><E72/><V98/><F2/><W110/><G74/><T55/><D109/><U49/><E106/><V15/><F111/><W90/><G110/><T0/><D113/><U125/><E125/><N who="0" m="48201" /><D123/><U131/><E131/><V105/><F132/><W59/><G103/><T78/><D33/><U81/><E134/><V121/><F121/><W8/><G122/><T69/><D69/><U130/><E130/><V68/><F99/><W135/><G135/><T71/><D71/><U86/><E6/><V67/><F105/><W58/><G38/><T65/><D65/><U11/><E11/><V29/><F68/><W114/><G114/><T56/><D22/><U89/><E62/><V34/><F67/><W21/><G41/><T10/><D20/><U93/><REACH who="1" step="1"/><E42/><REACH who="1" ten="111,327,250,302" step="2"/><V83/><F118/><W32/><G54/><T75/><D10/><U63/><E63/><V95/><F116/><W108/><G108/><T120/><D75/><U119/><E119/><V100/><F66/><W26/><REACH who="3" step="1"/><G59/><AGARI ba="1,1" hai="23,27,30,36,37,49,52,59,77,81,86,87,89,93" machi="59" ten="30,18000,2" yaku="1,1,7,1,52,1,54,1,53,2" doraHai="24" doraHaiUra="80" who="1" fromWho="3" sc="111,0,327,193,250,0,302,-183" />
</Scene>
<Scene>
<INIT seed="1,2,0,1,0,4" ten="111,520,250,119" oya="1" hai0="74,36,3,50,49,105,98,32,81,93,97,25,57" hai1="88,100,64,43,46,7,82,84,123,20,16,106,72" hai2="118,9,53,29,27,120,54,40,121,109,86,104,92" hai3="33,127,85,13,17,107,26,67,113,134,76,14,70"/><U95/><E123/><V87/><F118/><W65/><G113/><T79/><D36/><U35/><E35/><V37/><F104/><W115/><G107/><T21/><D32/><U102/><E64/><V19/><F109/><W119/><G115/><T94/><D105/><U31/><E31/><V83/><F40/><W110/><G110/><T90/><D3/><U124/><E124/><V62/><F37/><W128/><G127/><T114/><D57/><U44/><E7/><V75/><F75/><W66/><G70/><T34/><D34/><U24/><E106/><V130/><F130/><W55/><G128/><T42/><D42/><U51/><REACH who="1" step="1"/><E46/><REACH who="1" ten="111,510,250,119" step="2"/><V56/><F120/><W8/><G66/><T77/><D114/><U133/><E133/><V59/><F121/><W132/><G132/><T28/><REACH who="0" step="1"/><D79/><AGARI ba="2,1" hai="16,20,24,43,44,51,72,79,82,84,88,95,100,102" machi="79" ten="40,12000,1" yaku="1,1,54,2,53,1" doraHai="4" doraHaiUra="12" who="1" fromWho="0" sc="111,-126,510,136,250,0,119,0" owari="-15,-52.0,646,75.0,250,5.0,119,-28.0" />
</Scene>
</mjloggm>