<mjloggm ver="2.3"><GO type="169" lobby="0"/><UN n0="%52%79%6F%68%67%6F" n1="%E3%83%97%E3%83%A9%E3%83%81%E3%83%8A%E3%83%A0" n2="%E7%B7%92%E6%96%B9%E6%99%BA%E7%B5%B5%E9%87%8C%2B" n3="%E5%A4%AA%E3%81%8F%E3%81%AA%E3%81%84%E3%81%8A" dan="16,16,17,17" rate="2095.93,2124.05,2231.53,2245.21" sx="M,M,M,M"/><TAIKYOKU oya="0"/>

<Scene>
<INIT seed="0,0,0,5,5,64" ten="250,250,250,250" oya="0" hai0="44,111,28,121,24,133,132,45,46,2,67,6,119" hai1="95,8,39,98,9,4,116,107,22,53,134,36,5" hai2="54,65,113,75,86,96,10,69,17,88,99,76,58" hai3="56,21,83,71,60,16,26,72,41,3,48,122,13"/><T35/><D119/><U20/><E107/><V15/><F113/><W82/><G3/><T127/><D121/><U68/><E134/><N who="0" m="51817" /><D127/><U112/><E112/><V12/><F75/><W30/><G122/><T0/><D6/><U62/><E116/><V49/><F76/><W29/><G72/><T128/><D128/><U78/><E78/><V126/><F126/><W7/><G71/><T32/><D67/><U102/><E68/><V103/><F103/><W108/><G108/><T63/><D63/><U135/><E135/><V31/><F31/><W1/><G30/><T34/><D111/><U19/><E39/><V89/><F89/><W80/><G1/><AGARI ba="0,0" hai="0,1,2,24,28,32,34,35,44,45,46" m="51817" machi="1" ten="40,2000,0" yaku="20,1" doraHai="64" who="0" fromWho="3" sc="250,20,250,0,250,0,250,-20" />
</Scene>
<Scene>
<INIT seed="0,1,0,4,1,74" ten="270,250,250,230" oya="0" hai0="44,2,37,1,122,21,113,35,84,9,100,6,64" hai1="14,101,115,120,33,46,85,67,98,52,42,30,57" hai2="26,5,19,114,12,11,129,81,72,53,91,62,76" hai3="78,60,126,105,23,125,20,13,97,131,102,96,123"/><T88/><D35/><U94/><E120/><V61/><F114/><W63/><G123/><T121/><D1/><U10/><E67/><V48/><F129/><W71/><G131/><T89/><D113/><U108/><E108/><V38/><F38/><W4/><G71/><T82/><D100/><U68/><E68/><V127/><F127/><W29/><G29/><T95/><D64/><U41/><E115/><V0/><F91/><W118/><G118/><T87/><REACH who="0" step="1"/><D21/><REACH who="0" ten="260,250,250,230" step="2"/><U132/><E33/><V18/><F0/><W106/><G102/><T31/><D31/><U39/><E30/><V104/><F104/><W7/><REACH who="3" step="1"/><G13/><REACH who="3" ten="260,250,250,220" step="2"/><T99/><D99/><U80/><E14/><V109/><F12/><W90/><G90/><T73/><D73/><U45/><E101/><V49/><F72/><W107/><G107/><T55/><D55/><U77/><E98/><V111/><F53/><W51/><G51/><T3/><D3/><U135/><E52/><V22/><F49/><W40/><G40/><AGARI ba="1,2" hai="2,6,9,37,40,44,82,84,87,88,89,95,121,122" machi="40" ten="40,3900,0" yaku="1,1,54,1,53,0" doraHai="74" doraHaiUra="93" who="0" fromWho="3" sc="260,62,250,0,250,0,220,-42" />
</Scene>
<Scene>
<INIT seed="0,2,0,1,4,124" ten="322,250,250,178" oya="0" hai0="105,55,79,39,78,19,135,46,5,67,12,88,81" hai1="95,43,58,72,109,10,108,45,116,110,100,85,101" hai2="26,121,97,28,80,14,89,18,134,99,62,32,87" hai3="112,34,20,117,17,42,93,119,8,84,61,69,128"/><T73/><D105/><U111/><N who="1" m="28160" /><DORA hai="113" /><U49/><E116/><V1/><F121/><W127/><G112/><T118/><D118/><U76/><E72/><V35/><F134/><W60/><G34/><T123/><D123/><U31/><E31/><V27/><F1/><W133/><G127/><T103/><D103/><U16/><E58/><V107/><F107/><W66/><G133/><T44/><D67/><U74/><E74/><V0/><F0/><W47/><G8/><T41/><D5/><U48/><E48/><V70/><F70/><W38/><G61/><T9/><D135/><U21/><E10/><V59/><F27/><W11/><G11/><T51/><D73/><U3/><E3/><V96/><F35/><W54/><G54/><T92/><REACH who="0" step="1"/><D81/><REACH who="0" ten="312,250,250,178" step="2"/><N who="1" m="47271" /><E95/><V77/><F77/><W129/><G117/><T71/><D71/><U90/><E90/><V132/><F132/><W126/><G119/><T106/><D106/><U52/><E43/><V29/><F89/><W13/><G126/><T37/><D37/><U56/><E56/><V91/><F59/><W104/><G104/><T40/><D40/><U131/><E101/><V114/><F114/><W75/><G75/><T98/><AGARI ba="2,1" hai="9,12,19,39,41,44,46,51,55,78,79,88,92,98" machi="98" ten="20,7800,0" yaku="1,1,0,1,7,1,54,1,53,0" doraHai="124,113" doraHaiUra="125,115" who="0" fromWho="0" sc="312,94,250,-28,250,-28,178,-28" />
</Scene>
<Scene>
<INIT seed="0,3,0,3,2,83" ten="406,222,222,150" oya="0" hai0="91,122,14,125,51,90,124,107,2,29,102,96,6" hai1="86,127,118,109,106,16,56,108,50,65,133,113,60" hai2="13,111,54,7,52,34,130,58,68,69,123,43,31" hai3="18,85,27,40,62,55,1,15,46,32,101,63,120"/><T39/><D39/><U104/><E118/><V22/><F123/><W28/><G120/><T42/><D2/><U121/><E121/><V110/><F130/><W81/><G101/><T100/><D29/><U4/><E133/><V47/><F34/><W129/><G1/><T49/><D122/><U35/><E127/><V135/><F135/><W5/><G129/><T26/><D26/><U75/><E75/><V119/><F119/><W19/><G5/><T95/><D42/><U82/><E4/><V53/><F58/><W67/><G55/><T84/><D100/><U71/><E35/><V0/><F0/><W93/><G93/><T36/><D91/><N who="1" m="51671" /><E16/><N who="2" m="10511" /><F31/><W97/><G97/><T128/><D36/><U88/><E113/><V44/><F7/><W30/><G30/><T114/><D114/><U17/><E17/><V70/><F43/><W78/><G67/><T25/><D128/><U3/><E3/><V116/><F116/><W10/><REACH who="3" step="1"/><G18/><REACH who="3" ten="406,222,222,140" step="2"/><T87/><D124/><U103/><E103/><V61/><F61/><W89/><G89/><T48/><D125/><U126/><E88/><V21/><F21/><W112/><G112/><T72/><D90/><U79/><E126/><V132/><F132/><W76/><G76/><T131/><D95/><U23/><E79/><V77/><F77/><W99/><G99/><T115/><D96/><U24/><E106/><V33/><F33/><W41/><G41/><T64/><D107/><U117/><E104/><V66/><F66/><W74/><G74/><T12/><D115/><U11/><E117/><V8/><F8/><W57/><G57/><RYUUKYOKU ba="3,1" sc="406,-15,222,-15,222,15,140,15" hai2="44,47,52,53,54,68,69,70,110,111" hai3="10,15,19,27,28,32,40,46,62,63,78,81,85" />
</Scene>
<Scene>
<INIT seed="1,4,1,2,0,53" ten="391,207,237,155" oya="1" hai0="30,122,128,31,75,11,0,108,79,127,78,51,105" hai1="7,67,98,32,101,83,86,81,43,102,28,10,70" hai2="73,69,5,77,96,133,114,50,104,44,88,46,99" hai3="25,110,59,52,135,17,65,27,19,4,74,91,134"/><U119/><E119/><V56/><F69/><W92/><G74/><T35/><D105/><U49/><E102/><V47/><F114/><W39/><G39/><T106/><D106/><U100/><E100/><V60/><F104/><W111/><G4/><T89/><D78/><U58/><E70/><V90/><F133/><N who="3" m="50699" /><G65/><T55/><D89/><N who="2" m="34410" /><F77/><W68/><G68/><T8/><D79/><U115/><E115/><V118/><F73/><W54/><G54/><T121/><D75/><U125/><E125/><V2/><F2/><W71/><G71/><T36/><D36/><U20/><E32/><V112/><F118/><W76/><G76/><T3/><D127/><U109/><E109/><N who="3" m="41482" /><G27/><T12/><D108/><U41/><E86/><V61/><F5/><W82/><G25/><T123/><D35/><U37/><E37/><V116/><F116/><W126/><G82/><T15/><D0/><U40/><E81/><V33/><F33/><W1/><G1/><T94/><D3/><U16/><E83/><V130/><F112/><W57/><G126/><T97/><D122/><U14/><E67/><V84/><F84/><N who="3" m="52327" /><G59/><T13/><D121/><U42/><E58/><V80/><F80/><W21/><G21/><T48/><D123/><U117/><E117/><V107/><F130/><W29/><G29/><T45/><D128/><U64/><E64/><V120/><F120/><W113/><G113/><T85/><D30/><U63/><E28/><V95/><F56/><W72/><G72/><T87/><D31/><U131/><E131/><V34/><F34/><W23/><G23/><T18/><D18/><RYUUKYOKU ba="4,1" sc="391,-10,207,-10,237,-10,155,30" hai3="17,19,52,57" />
</Scene>
<Scene>
<INIT seed="2,5,1,0,5,2" ten="381,197,227,185" oya="2" hai0="7,91,103,119,113,58,84,55,131,76,35,4,69" hai1="53,124,34,115,135,120,134,132,6,42,133,73,79" hai2="75,41,40,72,98,11,114,3,85,97,27,117,50" hai3="70,99,21,74,22,86,94,92,33,51,88,66,5"/><V24/><F117/><W12/><G33/><T110/><D113/><U31/><E115/><V68/><F68/><W46/><G74/><T64/><D35/><U104/><E104/><V112/><F3/><W10/><G66/><T32/><D32/><U29/><E124/><V127/><F11/><W62/><G62/><N who="0" m="37975" /><D69/><U9/><E120/><V128/><F50/><W118/><G70/><T61/><D110/><U43/><N who="1" m="34304" /><DORA hai="65" /><U90/><E53/><V17/><F128/><W122/><G122/><T108/><D108/><U18/><E18/><V49/><F49/><W130/><G130/><T107/><D107/><U93/><E79/><V0/><F0/><W63/><G63/><T48/><D131/><U45/><E73/><V13/><F13/><W25/><G25/><T16/><D103/><U1/><E34/><V8/><F8/><W59/><G59/><N who="0" m="35071" /><D76/><U30/><REACH who="1" step="1"/><E45/><REACH who="1" ten="381,187,227,185" step="2"/><V81/><F127/><W36/><G118/><T83/><D119/><U56/><E56/><V89/><F17/><W101/><G36/><T71/><D71/><U82/><E82/><V87/><F81/><W37/><G37/><T57/><D16/><U23/><E23/><V95/><F95/><W123/><G123/><T102/><D57/><U60/><E60/><V105/><F105/><W129/><G129/><T52/><D83/><U126/><E126/><V20/><F20/><W80/><G94/><T111/><D111/><U28/><N who="1" m="7680" /><DORA hai="109" /><U78/><E78/><V77/><F77/><W54/><AGARI ba="5,2" hai="5,10,12,21,22,46,51,54,80,86,88,92,99,101" machi="54" ten="20,8000,1" yaku="0,1,7,1,8,1,52,1,54,1" doraHai="2,65,109" who="3" fromWho="3" sc="381,-25,187,-25,227,-45,185,115" />
</Scene>
<Scene>
<INIT seed="3,0,0,1,5,120" ten="356,162,182,300" oya="3" hai0="8,95,96,34,83,38,44,64,93,126,24,31,63" hai1="18,130,9,87,17,123,62,103,22,115,48,82,43" hai2="19,5,129,78,35,28,106,107,49,10,42,122,134" hai3="40,69,3,70,116,23,58,47,13,111,57,99,86"/><W119/><G3/><T113/><D126/><U100/><E123/><V97/><F122/><W91/><G99/><T55/><D83/><U98/><E115/><V66/><F134/><W0/><G0/><T79/><D79/><U71/><E130/><V127/><F66/><W133/><G133/><T65/><D113/><U121/><E121/><V131/><F19/><W52/><G13/><T89/><D8/><U94/><E71/><V67/><F67/><W80/><G23/><T90/><D38/><U84/><E62/><V14/><F127/><W54/><G70/><T39/><D39/><U6/><E103/><V105/><F78/><W118/><G69/><T73/><D73/><U74/><E74/><V112/><F112/><W114/><G114/><T2/><D2/><U60/><E60/><V15/><F97/><W104/><G104/><T128/><D63/><U16/><E22/><V50/><F14/><W75/><G75/><T92/><D34/><U85/><E48/><V29/><F35/><W32/><G32/><T41/><D96/><U108/><E43/><V59/><F50/><W25/><G25/><T125/><D41/><U101/><E101/><V81/><F81/><W110/><G57/><T21/><D24/><U53/><E53/><N who="3" m="20586" /><G58/><T51/><D125/><U132/><E132/><V135/><F135/><W11/><G11/><T33/><D33/><U12/><REACH who="1" step="1"/><E108/><REACH who="1" ten="356,152,182,300" step="2"/><N who="3" m="41514" /><G119/><T68/><D68/><U56/><E56/><V117/><F117/><W36/><AGARI ba="0,1" hai="36,40,47,80,86,91,116,118" m="41514,20586" machi="36" ten="30,18000,2" yaku="14,1,10,1,52,3,54,1" doraHai="120" who="3" fromWho="3" sc="356,-60,152,-60,182,-60,300,190" />
</Scene>
<Scene>
<INIT seed="3,1,0,1,5,95" ten="296,92,122,490" oya="3" hai0="47,21,64,120,71,3,111,20,16,51,110,68,118" hai1="125,112,98,9,62,119,79,105,99,22,31,18,116" hai2="72,131,40,30,129,4,1,86,81,90,69,114,73" hai3="28,46,104,107,122,75,123,128,54,124,89,132,108"/><W76/><G28/><T103/><D118/><N who="1" m="45099" /><E105/><V23/><F69/><W77/><G46/><T74/><D120/><U109/><E112/><V59/><F114/><W45/><G45/><T93/><D3/><U10/><E125/><V24/><F40/><W135/><G54/><T106/><D74/><U65/><E109/><N who="0" m="41481" /><D106/><N who="3" m="40489" /><G108/><T32/><D32/><U56/><E79/><N who="3" m="30282" /><G75/><T29/><D29/><U26/><E31/><V53/><F4/><W82/><G124/><T88/><D103/><U70/><E70/><N who="0" m="26665" /><D64/><U58/><E56/><V96/><F1/><W6/><G6/><T43/><D16/><U133/><E133/><N who="3" m="51274" /><G128/><T11/><D11/><AGARI ba="1,0" hai="9,10,11,18,22,26,58,62,65,98,99" m="45099" machi="11" ten="30,3900,0" yaku="12,1,52,2" doraHai="95" who="1" fromWho="0" sc="296,-42,92,42,122,0,490,0" />
</Scene>
<Scene>
<INIT seed="4,0,0,0,4,133" ten="254,134,122,490" oya="0" hai0="102,8,47,53,128,110,109,93,85,83,116,48,81" hai1="71,67,63,114,94,14,57,97,131,107,89,106,104" hai2="10,60,56,79,92,27,41,54,130,134,101,76,31" hai3="7,77,88,28,111,42,68,55,90,108,72,22,25"/><T95/><D116/><U91/><E131/><V12/><F130/><W45/><G68/><T135/><D128/><U23/><E114/><V50/><F134/><W118/><G118/><T51/><D135/><U87/><E71/><V62/><F62/><W125/><G7/><T96/><D93/><U59/><E59/><V52/><F41/><W26/><G55/><T2/><D48/><U122/><E122/><V78/><F101/><W58/><G58/><T126/><D126/><U44/><E44/><V80/><F92/><W70/><G70/><T37/><D37/><U20/><REACH who="1" step="1"/><E14/><REACH who="1" ten="254,124,122,490" step="2"/><V46/><F80/><AGARI ba="0,1" hai="20,23,57,63,67,80,87,89,91,94,97,104,106,107" machi="80" ten="40,8000,1" yaku="1,1,2,1,53,2" doraHai="133" doraHaiUra="86" who="1" fromWho="2" sc="254,0,124,90,122,-80,490,0" />
</Scene>
<Scene>
<INIT seed="5,0,0,0,0,31" ten="254,214,42,490" oya="1" hai0="107,45,53,76,38,15,130,10,66,113,63,132,104" hai1="49,14,6,65,62,77,75,23,93,99,24,108,95" hai2="82,135,40,19,85,123,46,103,60,96,68,81,2" hai3="33,39,118,1,41,21,109,29,27,131,119,73,59"/><U50/><E108/><V20/><F123/><W72/><G109/><T127/><D76/><U116/><E116/><N who="3" m="44586" /><G1/><T56/><D113/><U101/><E93/><V120/><F120/><W129/><G59/><T97/><D130/><N who="3" m="49673" /><G21/><T70/><D97/><U128/><E128/><V35/><F2/><W106/><G106/><T9/><D9/><N who="1" m="4407" /><E77/><V28/><F135/><W16/><G16/><T89/><D132/><U79/><E79/><V32/><F28/><W69/><G69/><T55/><D104/><U3/><E75/><V12/><F60/><W11/><G11/><T92/><D107/><U80/><E80/><V121/><F68/><W37/><G41/><T94/><D10/><U100/><E100/><V78/><F82/><W84/><G84/><T64/><D70/><U58/><E3/><V122/><F121/><W71/><G71/><T26/><D56/><U112/><E112/><V61/><F61/><W4/><G4/><T52/><D63/><U111/><E111/><V51/><REACH who="2" step="1"/><F122/><REACH who="2" ten="254,214,32,490" step="2"/><W117/><G117/><T18/><D66/><U47/><E65/><V124/><F124/><W22/><G22/><T133/><D127/><U0/><E62/><V90/><F90/><W30/><G30/><T8/><D89/><U5/><E0/><V34/><F34/><W74/><AGARI ba="0,1" hai="27,29,33,37,39,72,73,74" m="49673,44586" machi="74" ten="40,8000,1" yaku="12,1,19,1,23,1,52,1" doraHai="31" who="3" fromWho="3" sc="254,-20,214,-40,32,-20,490,90" />
</Scene>
<Scene>
<INIT seed="6,0,0,1,3,85" ten="234,174,12,580" oya="2" hai0="107,101,72,64,40,73,39,17,126,50,49,93,78" hai1="115,0,82,4,38,100,75,80,60,59,81,19,92" hai2="120,99,91,28,23,24,66,29,37,21,61,114,69" hai3="36,98,130,123,103,25,88,90,102,119,13,30,53"/><V113/><F37/><W104/><G119/><T27/><D107/><U110/><E110/><V76/><F120/><W1/><G1/><T16/><D72/><U57/><E75/><V9/><F76/><W43/><G123/><T2/><D2/><U5/><E115/><V55/><F55/><W35/><G130/><T79/><D73/><U26/><E38/><V95/><REACH who="2" step="1"/><F9/><REACH who="2" ten="234,174,2,580" step="2"/><W96/><G53/><T31/><D78/><U6/><E0/><V44/><F44/><W97/><G36/><T51/><D79/><U68/><E68/><V87/><F87/><W52/><G52/><T47/><D39/><U74/><E74/><V22/><F22/><W41/><G43/><T45/><D40/><U70/><E70/><V133/><F133/><W129/><G41/><T20/><D45/><U10/><E10/><V14/><F14/><W125/><G13/><T131/><D47/><U65/><E59/><V108/><F108/><W77/><G77/><T111/><D111/><U12/><E26/><AGARI ba="0,1" hai="21,23,24,26,28,29,61,66,69,91,95,99,113,114" machi="26" ten="40,12000,1" yaku="1,1,9,1,52,1,53,1" doraHai="85" doraHaiUra="84" who="2" fromWho="1" sc="234,0,174,-120,2,130,580,0" />
</Scene>
<Scene>
<INIT seed="6,1,0,5,0,39" ten="234,54,132,580" oya="2" hai0="122,20,118,38,95,94,81,21,47,6,16,106,86" hai1="14,90,11,85,3,33,130,64,8,13,37,26,65" hai2="59,58,135,9,50,129,52,31,77,82,18,110,66" hai3="87,114,88,76,32,99,111,22,27,126,19,56,45"/><V93/><F129/><W40/><G111/><T35/><D106/><U36/><E3/><V131/><F131/><W71/><G71/><T104/><D104/><U4/><E130/><V105/><F105/><W107/><G126/><T15/><D35/><U80/><E37/><V89/><F135/><W116/><G116/><T29/><D6/><U61/><E36/><V121/><F121/><W120/><G120/><T67/><D67/><U17/><E33/><V128/><F128/><W10/><G114/><T96/><D118/><U75/><E75/><V42/><F31/><W133/><G133/><T98/><D47/><U100/><E100/><V91/><F42/><W101/><G32/><T74/><D38/><U103/><E103/><V92/><F110/><W24/><G56/><T0/><D0/><U84/><E26/><V7/><F18/><W124/><G10/><T48/><D74/><U41/><E41/><V55/><F66/><W79/><G24/><T73/><D73/><U109/><E109/><V70/><F70/><W97/><G97/><T28/><D96/><U117/><E117/><V2/><F93/><N who="3" m="58607" /><G124/><T119/><D98/><U49/><E49/><V78/><F92/><N who="0" m="35370" /><D122/><U113/><E113/><V60/><F78/><W108/><G107/><T125/><D125/><U127/><E127/><V115/><F115/><W25/><G108/><T12/><D48/><U46/><E46/><V83/><F83/><N who="3" m="49279" /><G27/><T68/><D68/><N who="1" m="41999" /><E65/><V44/><F44/><W23/><G23/><T51/><D21/><U112/><E112/><V54/><F54/><W1/><G1/><T34/><D119/><RYUUKYOKU ba="1,0" sc="234,-30,54,10,132,10,580,10" hai1="4,8,11,13,14,17,80,84,85,90" hai2="2,7,9,50,52,55,58,59,60,77,82,89,91" hai3="19,22,25,40,45,76,79" />
</Scene>
<Scene>
<INIT seed="6,2,0,4,3,101" ten="204,64,142,590" oya="2" hai0="121,9,35,39,58,102,76,119,65,96,111,30,132" hai1="81,77,42,19,113,95,26,11,89,2,131,45,83" hai2="41,124,22,75,28,129,0,68,134,60,105,85,64" hai3="31,114,40,6,78,135,99,91,46,122,66,36,79"/><V82/><F75/><W104/><G122/><T55/><D111/><U108/><E108/><V5/><F129/><W38/><G135/><T1/><D39/><U47/><E113/><V52/><F134/><W126/><G114/><T133/><D121/><U23/><E131/><V74/><F74/><W127/><G6/><T112/><D112/><U92/><E92/><V56/><F124/><N who="3" m="47659" /><G31/><T69/><D76/><N who="3" m="29225" /><G66/><T50/><D9/><U109/><E109/><V4/><F41/><W130/><G130/><T49/><D49/><U117/><E117/><V110/><F105/><W71/><G71/><T59/><D59/><U24/><E77/><N who="2" m="46287" /><F68/><W88/><G38/><T94/><D1/><U107/><E107/><V73/><F73/><W118/><G118/><T53/><D119/><U67/><E67/><V115/><F0/><W70/><G70/><T25/><D55/><U3/><E3/><V13/><F115/><W123/><G123/><T29/><D29/><U20/><E11/><V37/><F37/><W98/><G98/><T61/><AGARI ba="2,0" hai="25,30,35,50,53,58,61,65,69,94,96,102,132,133" machi="61" ten="30,1100,0" yaku="0,1" doraHai="101" who="0" fromWho="0" sc="204,17,64,-5,142,-7,590,-5" />
</Scene>
<Scene>
<INIT seed="7,0,0,1,5,121" ten="221,59,135,585" oya="3" hai0="99,35,78,69,45,112,65,61,106,122,75,125,105" hai1="119,51,18,40,71,134,11,129,3,127,100,131,108" hai2="13,43,49,20,27,95,67,103,76,23,6,77,97" hai3="44,68,70,57,107,25,86,2,120,7,19,22,15"/><W38/><G120/><T12/><D12/><U10/><E71/><V63/><F43/><W135/><G107/><T116/><D45/><U128/><E100/><V66/><F49/><W87/><G135/><T24/><D99/><U42/><E119/><V41/><F41/><N who="1" m="15977" /><E51/><V21/><F27/><W17/><G38/><T101/><D24/><U82/><E82/><V98/><F98/><W33/><G44/><T39/><D39/><U26/><E3/><V32/><F32/><W36/><G36/><T55/><D101/><U110/><E127/><V79/><F63/><W31/><G19/><T74/><D61/><U93/><E93/><V89/><F103/><W60/><G70/><T132/><D69/><U59/><E59/><V91/><F91/><W56/><G68/><T90/><D125/><U109/><E134/><V124/><F124/><W16/><G17/><T88/><D90/><U126/><E126/><V28/><F28/><W48/><G48/><T81/><D88/><U58/><E58/><N who="3" m="22634" /><G60/><T1/><D105/><U72/><E72/><V94/><F94/><W102/><G102/><T4/><D74/><U73/><E73/><V52/><F52/><W53/><G53/><T115/><D55/><U96/><E96/><V8/><AGARI ba="0,0" hai="6,8,13,20,21,23,66,67,76,77,79,89,95,97" machi="8" ten="40,2700,0" yaku="0,1,8,1" doraHai="121" who="2" fromWho="2" sc="221,-7,59,-7,135,27,585,-13" owari="214,1.0,52,-45.0,162,-24.0,572,68.0" />
</Scene>
</mjloggm>