<mjloggm ver="2.3"><GO type="169" lobby="0"/><UN n0="%74%61%6B%65%2D%79%6F%75" n1="%70%67%61%69%6E" n2="%53%49%4C%41%53" n3="%E5%A4%AA%E3%81%8F%E3%81%AA%E3%81%84%E3%81%8A" dan="16,16,17,18" rate="2137.69,2058.77,2169.49,2295.42" sx="F,M,F,F"/><TAIKYOKU oya="0"/>

<Scene>
<INIT seed="0,0,0,4,1,80" ten="250,250,250,250" oya="0" hai0="72,34,122,61,83,103,124,29,127,132,43,51,107" hai1="30,82,11,134,45,108,89,88,32,3,71,41,14" hai2="17,106,16,115,21,120,64,1,37,75,109,129,98" hai3="8,59,90,22,135,130,87,46,9,110,133,92,2"/><T79/><D122/><U28/><E108/><V121/><F115/><W4/><G110/><T25/><D132/><N who="3" m="50761" /><G130/><T52/><D43/><U49/><E134/><V53/><F109/><W0/><G22/><T118/><D118/><U77/><E71/><V69/><F129/><W104/><G104/><T70/><D51/><U55/><E3/><N who="3" m="1066" /><G4/><T73/><D73/><U39/><E32/><V13/><F1/><W76/><G76/><T20/><D20/><U60/><E60/><V15/><F37/><W66/><G46/><T38/><D38/><U131/><E131/><V78/><F78/><W23/><G23/><T48/><D48/><U36/><E36/><V57/><F21/><W65/><G59/><T84/><D72/><U96/><E39/><V101/><F75/><W47/><G47/><T24/><D24/><U86/><E41/><V105/><F121/><W18/><G18/><T123/><D123/><U5/><E96/><V10/><F16/><W44/><G44/><T35/><D35/><U62/><E62/><V125/><F17/><W95/><G95/><T6/><D6/><U99/><E77/><V111/><F98/><W40/><G40/><T102/><D107/><U33/><E33/><V74/><F106/><W91/><G91/><T58/><REACH who="0" step="1"/><D70/><REACH who="0" ten="240,250,250,250" step="2"/><U97/><E97/><V7/><F105/><W126/><G126/><AGARI ba="0,1" hai="25,29,34,52,58,61,79,83,84,102,103,124,126,127" machi="126" ten="40,12000,1" yaku="1,1,2,1,18,1,52,1,54,1,53,0" doraHai="80" doraHaiUra="114" who="0" fromWho="3" sc="240,130,250,0,250,0,250,-120" />
</Scene>
<Scene>
<INIT seed="0,1,0,0,3,90" ten="370,250,250,130" oya="0" hai0="38,15,59,19,62,85,12,27,13,46,104,83,121" hai1="41,1,82,87,93,30,79,75,14,102,29,69,10" hai2="120,117,45,72,111,131,18,106,68,52,122,100,36" hai3="132,65,101,64,84,33,63,127,34,133,3,7,25"/><T112/><D112/><U2/><E69/><V78/><F111/><W0/><G127/><T99/><D121/><U118/><E118/><V51/><F117/><W24/><G84/><T23/><D38/><U116/><E116/><V96/><F131/><W6/><G101/><T135/><D135/><U44/><E2/><V81/><F68/><W58/><G58/><T22/><D104/><U37/><E14/><V67/><F67/><W130/><REACH who="3" step="1"/><G63/><REACH who="3" ten="370,250,250,120" step="2"/><T73/><D73/><U48/><E48/><V70/><F70/><W40/><G40/><T91/><D46/><U109/><E109/><V20/><REACH who="2" step="1"/><F36/><REACH who="2" ten="370,250,240,120" step="2"/><W114/><G114/><T28/><REACH who="0" step="1"/><D99/><REACH who="0" ten="360,250,240,120" step="2"/><N who="1" m="59759" /><E87/><V21/><F21/><W110/><G110/><T66/><AGARI ba="1,3" hai="12,13,15,19,22,23,27,28,59,62,66,83,85,91" machi="66" ten="20,12000,1" yaku="1,1,0,1,7,1,8,1,53,1" doraHai="90" doraHaiUra="55" who="0" fromWho="0" sc="360,153,250,-41,240,-41,120,-41" />
</Scene>
<Scene>
<INIT seed="0,2,0,0,1,17" ten="513,209,199,79" oya="0" hai0="18,109,0,125,113,4,61,65,75,88,8,91,30" hai1="78,64,63,107,27,115,92,41,62,77,95,11,7" hai2="5,118,117,59,50,3,57,94,48,33,40,69,93" hai3="44,37,29,84,116,47,105,36,121,22,103,90,100"/><T101/><D113/><U45/><E107/><V34/><F69/><W83/><G116/><T39/><D39/><U133/><E133/><V26/><F26/><N who="3" m="16599" /><G105/><T120/><D120/><U68/><E115/><V104/><F104/><W86/><G36/><T51/><D75/><U42/><E63/><V134/><F5/><W79/><G37/><T123/><D123/><U31/><E78/><V32/><F32/><W114/><G121/><T16/><D125/><U73/><E73/><V25/><F25/><W10/><G10/><T24/><D109/><U129/><E129/><V97/><F134/><W14/><G14/><T46/><D101/><N who="3" m="38985" /><G114/><T12/><D0/><U52/><E77/><V6/><F6/><W15/><G15/><T70/><D18/><U135/><E135/><V13/><F13/><W126/><G126/><T87/><D4/><U132/><E132/><V49/><F33/><W89/><G79/><T55/><REACH who="0" step="1"/><D87/><REACH who="0" ten="503,209,199,79" step="2"/><U43/><E7/><V1/><F1/><W23/><G86/><T110/><D110/><U127/><E127/><V82/><F3/><W58/><G84/><T71/><D71/><U66/><E68/><V19/><F19/><W81/><G89/><T122/><D122/><U98/><E31/><V128/><F118/><W38/><G90/><T111/><D111/><U21/><E98/><V28/><F97/><W131/><G38/><T35/><AGARI ba="2,1" hai="8,12,16,24,30,35,46,51,55,61,65,70,88,91" machi="35" ten="20,12000,1" yaku="1,1,0,1,7,1,54,2,53,0" doraHai="17" doraHaiUra="72" who="0" fromWho="0" sc="503,136,209,-42,199,-42,79,-42" />
</Scene>
<Scene>
<INIT seed="0,3,0,2,2,84" ten="639,167,157,37" oya="0" hai0="60,106,118,23,27,78,122,101,87,25,95,39,134" hai1="48,98,50,55,125,111,67,53,56,83,33,35,105" hai2="22,132,44,51,90,49,62,81,120,0,61,15,75" hai3="108,38,54,57,88,131,129,63,17,112,82,73,99"/><T110/><D118/><U124/><E111/><V59/><F120/><W58/><G112/><T42/><D122/><U135/><E67/><V130/><F0/><W29/><G38/><T80/><D110/><U46/><E135/><V26/><F132/><W24/><G108/><T86/><D134/><U126/><E83/><V8/><F130/><N who="3" m="49675" /><G17/><T68/><D106/><U117/><E117/><V102/><F102/><AGARI ba="3,0" hai="33,35,46,48,50,53,55,56,98,102,105,124,125,126" machi="102" ten="40,1300,0" yaku="18,1" doraHai="84" who="1" fromWho="2" sc="639,0,167,22,157,-22,37,0" />
</Scene>
<Scene>
<INIT seed="1,0,0,1,3,65" ten="639,189,135,37" oya="1" hai0="84,57,127,52,108,20,94,44,120,0,101,106,129" hai1="5,66,90,39,73,3,4,78,81,56,130,14,71" hai2="105,115,27,36,69,61,126,37,99,31,1,79,23" hai3="10,91,19,77,80,47,96,38,98,133,9,28,104"/><U59/><E130/><V85/><F126/><W132/><G28/><T107/><D0/><U117/><E117/><V103/><F115/><W30/><G30/><T6/><D127/><U100/><E100/><V24/><F1/><W131/><G131/><T76/><D129/><U62/><E14/><V82/><F27/><W11/><G19/><T46/><D6/><U18/><E18/><V32/><F23/><W41/><G91/><T92/><D108/><U121/><E121/><V88/><F79/><W116/><G116/><T40/><D120/><U123/><E123/><V134/><F134/><N who="3" m="51819" /><G104/><T21/><D106/><U25/><E25/><V48/><F48/><W114/><G114/><T55/><D107/><U93/><E39/><V2/><F2/><W122/><G122/><T125/><D125/><U63/><E59/><V50/><F50/><W13/><G13/><T45/><D40/><U124/><E124/><V12/><F12/><W58/><G58/><T87/><D76/><U53/><REACH who="1" step="1"/><E3/><REACH who="1" ten="639,179,135,37" step="2"/><V128/><F128/><W16/><G16/><T95/><D101/><U54/><E54/><N who="0" m="20521" /><D57/><U26/><E26/><V70/><F70/><W118/><G118/><T83/><D83/><U51/><E51/><V119/><F119/><W35/><G35/><T67/><D67/><AGARI ba="0,1" hai="24,31,32,36,37,61,67,69,82,85,88,99,103,105" machi="67" ten="40,8000,1" yaku="25,2,52,1,54,1" doraHai="65" who="2" fromWho="0" sc="639,-80,179,0,135,90,37,0" />
</Scene>
<Scene>
<INIT seed="2,0,0,3,5,115" ten="559,179,225,37" oya="2" hai0="14,127,133,76,2,45,119,5,89,68,84,109,82" hai1="6,44,63,86,28,52,11,13,49,43,31,60,120" hai2="73,10,111,71,81,47,62,34,99,131,53,61,118" hai3="102,7,23,90,27,50,117,66,112,79,110,88,129"/><V22/><F34/><W80/><G112/><T98/><D68/><U121/><E121/><V17/><F131/><W46/><G129/><T114/><D114/><U87/><E120/><V96/><F111/><W24/><G110/><T19/><D109/><U104/><E104/><V48/><F118/><W69/><G102/><T85/><D119/><U113/><E113/><V75/><F10/><W12/><G117/><T9/><D127/><U41/><E87/><V106/><F106/><W3/><G3/><T56/><D133/><U108/><E108/><V72/><F81/><W123/><G123/><T8/><D98/><U21/><E86/><V126/><F126/><W105/><G105/><T36/><D56/><U4/><E4/><V55/><F62/><N who="1" m="23593" /><E21/><V67/><REACH who="2" step="1"/><F55/><REACH who="2" ten="559,179,215,37" step="2"/><N who="3" m="30167" /><G69/><T30/><D9/><U94/><E94/><V37/><F37/><W130/><G130/><T116/><D8/><U65/><E65/><V103/><F103/><W128/><G66/><T77/><D36/><U39/><E39/><V29/><F29/><AGARI ba="0,1" hai="6,11,13,28,29,31,41,43,44,49,52" m="23593" machi="29" ten="30,2000,0" yaku="8,1,54,1" doraHai="115" who="1" fromWho="2" sc="559,0,179,30,215,-20,37,0" />
</Scene>
<Scene>
<INIT seed="3,0,0,1,5,21" ten="559,209,195,37" oya="3" hai0="117,119,6,10,130,47,108,31,8,76,111,134,42" hai1="3,51,127,74,15,91,123,64,73,57,84,104,44" hai2="66,67,83,122,128,27,65,22,49,124,114,54,50" hai3="107,75,5,59,116,53,121,13,55,80,23,129,33"/><W88/><G116/><N who="0" m="44619" /><D134/><U95/><E127/><V19/><F124/><W18/><G121/><T17/><D31/><U58/><E3/><V125/><F125/><W105/><G33/><T25/><D76/><U72/><E123/><V68/><F114/><W79/><G129/><T63/><D63/><U96/><E64/><V94/><F128/><W41/><G41/><T110/><D130/><U12/><E104/><V1/><F1/><W109/><G109/><T85/><D85/><U97/><E97/><V14/><F122/><W7/><G55/><T37/><D6/><U32/><E96/><V52/><F94/><W43/><G43/><T102/><D102/><U106/><E106/><V70/><F83/><W103/><G88/><T118/><D118/><U35/><E35/><V71/><F50/><W39/><G39/><T126/><D126/><U30/><E30/><V38/><F38/><W87/><G87/><T16/><D17/><U90/><E32/><V92/><F92/><W48/><REACH who="3" step="1"/><G107/><REACH who="3" ten="559,209,195,27" step="2"/><T81/><D81/><U101/><E91/><V135/><F135/><W77/><G77/><T61/><D110/><U28/><E90/><V99/><F99/><AGARI ba="0,1" hai="5,7,13,18,23,48,53,59,75,79,80,99,103,105" machi="99" ten="40,2000,0" yaku="1,1,53,0" doraHai="21" doraHaiUra="40" who="3" fromWho="2" sc="559,0,209,0,195,-20,27,30" />
</Scene>
<Scene>
<INIT seed="3,1,0,3,3,88" ten="559,209,175,57" oya="3" hai0="64,132,46,4,75,22,102,50,95,117,135,87,67" hai1="91,74,25,93,116,131,100,81,114,29,0,119,96" hai2="56,89,54,20,47,129,105,48,104,13,3,51,77" hai3="124,65,12,71,31,82,2,121,10,84,86,7,68"/><W109/><G121/><T19/><D75/><U98/><E0/><V15/><F3/><W27/><G124/><T126/><D126/><U72/><E25/><V16/><F129/><W61/><G109/><T6/><D117/><N who="1" m="45131" /><E29/><V107/><F77/><W63/><G2/><T120/><D120/><U1/><E1/><V57/><F13/><W41/><G41/><T28/><D28/><U52/><E114/><V127/><F127/><W106/><G106/><T78/><D78/><U66/><E66/><V90/><REACH who="2" step="1"/><F57/><REACH who="2" ten="559,209,165,57" step="2"/><W92/><G71/><T134/><D134/><U62/><E131/><V128/><F128/><W9/><G68/><T101/><D135/><U85/><E98/><V94/><F94/><W30/><G92/><T111/><D95/><U42/><E42/><AGARI ba="1,1" hai="15,16,20,42,47,48,51,54,56,89,90,104,105,107" machi="42" ten="40,2600,0" yaku="1,1,54,1,53,0" doraHai="88" doraHaiUra="5" who="2" fromWho="1" sc="559,0,209,-29,165,39,57,0" />
</Scene>
<Scene>
<INIT seed="4,0,0,5,3,58" ten="559,180,204,57" oya="0" hai0="17,130,31,60,129,83,63,11,114,105,80,73,48" hai1="96,39,15,102,2,38,52,110,98,101,72,132,55" hai2="67,90,5,49,29,45,104,108,51,109,86,3,95" hai3="22,9,94,13,99,115,135,112,75,85,123,119,61"/><T43/><D105/><U50/><E15/><V134/><F134/><W37/><G75/><T118/><D118/><U23/><E23/><V84/><F104/><W1/><G119/><T106/><D106/><U24/><E50/><V120/><F120/><W44/><G135/><T117/><D117/><U47/><E132/><V103/><F103/><W70/><G123/><T78/><D31/><U26/><E72/><V21/><F86/><W14/><G85/><T56/><D83/><U126/><E47/><V89/><F89/><W81/><G81/><T10/><D114/><N who="3" m="43561" /><G37/><T6/><D17/><U113/><E113/><V53/><F84/><W0/><G44/><N who="0" m="25631" /><D56/><U8/><E126/><V91/><F45/><W122/><G122/><T40/><D40/><U27/><E39/><V116/><F116/><W25/><G0/><N who="0" m="327" /><D11/><U32/><E8/><V30/><F3/><W16/><G1/><T4/><D4/><U127/><E127/><V79/><F5/><N who="3" m="3247" /><G25/><T76/><D76/><U36/><E2/><V12/><F79/><W42/><G42/><T71/><D71/><U68/><E68/><V66/><F12/><W121/><G121/><T28/><D28/><U133/><E133/><V93/><F21/><W62/><G70/><T69/><D69/><U54/><E38/><V92/><F92/><W65/><G65/><T131/><AGARI ba="0,0" hai="60,63,73,78,80,129,130,131" m="327,25631" machi="131" ten="30,6000,0" yaku="19,1,52,2" doraHai="58" who="0" fromWho="0" sc="559,60,180,-20,204,-20,57,-20" />
</Scene>
<Scene>
<INIT seed="4,1,0,1,5,46" ten="619,160,184,37" oya="0" hai0="51,80,79,3,77,34,66,100,127,44,45,116,92" hai1="91,14,93,75,33,53,7,73,94,63,64,109,107" hai2="18,57,76,56,16,27,55,59,135,106,31,74,4" hai3="101,70,69,6,113,26,122,35,131,111,115,81,132"/><T61/><D116/><U68/><E109/><V95/><F106/><W9/><G111/><T23/><D34/><U37/><E107/><V90/><F135/><W83/><G132/><T103/><D3/><U130/><E37/><V89/><F4/><W133/><G133/><T47/><D127/><U50/><E33/><V17/><F74/><W88/><G101/><T134/><D134/><U36/><E36/><V62/><F76/><W112/><G131/><T52/><D23/><U48/><E130/><V43/><F43/><W20/><G35/><T86/><D79/><U41/><E94/><V54/><F95/><W82/><G122/><T96/><REACH who="0" step="1"/><D103/><REACH who="0" ten="609,160,184,37" step="2"/><U98/><E91/><N who="2" m="34827" /><F62/><W40/><G88/><T24/><D24/><U15/><E63/><V22/><AGARI ba="1,1" hai="16,17,18,22,27,31,54,55,56,57,59" m="34827" machi="22" ten="40,2700,0" yaku="8,1,54,1" doraHai="46" who="2" fromWho="2" sc="609,-14,160,-8,184,40,37,-8" />
</Scene>
<Scene>
<INIT seed="5,0,0,4,1,59" ten="595,152,224,29" oya="1" hai0="95,132,50,101,94,48,97,1,109,111,99,58,130" hai1="55,119,4,82,108,100,61,122,63,87,65,25,112" hai2="113,3,40,83,47,126,17,114,70,32,54,89,31" hai3="71,53,104,106,90,7,68,117,76,2,51,23,127"/><U11/><E119/><V129/><F129/><W135/><G76/><T8/><D130/><U26/><E122/><V133/><F3/><W72/><G72/><T79/><D79/><U6/><E112/><V45/><F17/><W105/><G117/><T85/><D85/><U81/><E100/><V66/><F31/><W67/><G127/><T30/><D30/><U0/><E108/><V102/><F32/><W92/><G135/><T84/><D84/><U69/><E6/><V52/><F102/><W13/><G2/><T9/><D132/><U21/><E21/><V64/><F89/><W91/><G67/><N who="2" m="25641" /><F83/><W24/><G13/><T46/><D58/><U10/><E10/><V77/><F77/><W131/><G7/><T125/><D125/><U37/><E37/><N who="2" m="21647" /><F133/><W39/><G39/><T42/><D1/><U75/><E75/><V115/><F126/><W27/><G131/><T56/><D109/><U20/><E87/><V98/><F98/><W41/><G41/><T57/><D111/><U124/><E124/><V110/><F110/><W28/><G24/><T44/><D101/><U35/><E35/><V74/><F74/><W19/><G28/><T38/><D42/><U73/><E73/><V43/><F70/><W16/><G19/><T123/><D123/><U34/><E26/><V107/><F107/><W22/><G22/><T12/><D12/><U86/><E34/><V62/><F43/><W118/><G118/><T29/><D29/><U33/><E33/><V103/><F103/><W116/><G116/><T15/><D15/><U93/><E0/><V5/><F115/><RYUUKYOKU ba="0,0" sc="595,30,152,-10,224,-10,29,-10" hai0="8,9,38,44,46,48,50,56,57,94,95,97,99" />
</Scene>
<Scene>
<INIT seed="6,1,0,0,3,131" ten="625,142,214,19" oya="2" hai0="36,126,77,128,135,106,16,54,2,117,92,14,82" hai1="35,21,103,121,83,98,59,25,100,40,127,80,45" hai2="46,124,43,86,134,107,109,91,130,55,72,110,118" hai3="6,27,44,26,90,116,4,56,74,7,88,38,94"/><V11/><F72/><W70/><G70/><T95/><D106/><U105/><E35/><V113/><F130/><W132/><G116/><T129/><D2/><U112/><E103/><V24/><F118/><W73/><G56/><T42/><D117/><U64/><E112/><V0/><F113/><W5/><G5/><T51/><D126/><U123/><E127/><V99/><F55/><W119/><G119/><T8/><D135/><U57/><E57/><V120/><F134/><W15/><G15/><T61/><D61/><N who="1" m="37951" /><E21/><V115/><F120/><N who="1" m="46153" /><E25/><V18/><F24/><W9/><G9/><T28/><D28/><U81/><E81/><V49/><F124/><W133/><G7/><T3/><D3/><U33/><E33/><V104/><F115/><W69/><G69/><T122/><D122/><U12/><E12/><V75/><F0/><W79/><G94/><T31/><D36/><AGARI ba="1,0" hai="36,40,45,80,83,98,100,105" m="46153,37951" machi="36" ten="30,1000,0" yaku="13,1" doraHai="131" who="1" fromWho="0" sc="625,-13,142,13,214,0,19,0" />
</Scene>
<Scene>
<INIT seed="7,0,0,3,0,52" ten="612,155,214,19" oya="3" hai0="72,113,86,64,67,13,46,66,114,96,53,14,17" hai1="120,68,32,2,8,24,31,82,112,25,111,28,18" hai2="16,48,98,9,11,4,71,12,1,100,75,6,34" hai3="3,15,102,132,79,55,63,50,85,43,125,116,92"/><W119/><G3/><T35/><D72/><U40/><E82/><V22/><F75/><W95/><G132/><T107/><D35/><U97/><E40/><V80/><F80/><N who="3" m="47263" /><G119/><T78/><D78/><U93/><E68/><V131/><F71/><W128/><G116/><T90/><D96/><U59/><E111/><V61/><F131/><W117/><G117/><T26/><D107/><U118/><E118/><V56/><F34/><W83/><G128/><T89/><D26/><N who="1" m="10347" /><E2/><V73/><F73/><W7/><G125/><T115/><D86/><U88/><E32/><V51/><F6/><W126/><G126/><T127/><D127/><U91/><E120/><V77/><F77/><W37/><G37/><T76/><D76/><U60/><E112/><V123/><F123/><W39/><G39/><T5/><D5/><U106/><E106/><V30/><F30/><N who="1" m="11305" /><E8/><V81/><F81/><W105/><G105/><T54/><D14/><U29/><E18/><V133/><F133/><W135/><G135/><T94/><D46/><U69/><E69/><V70/><F70/><W0/><G0/><T104/><D104/><U108/><E108/><V42/><F42/><W110/><G110/><T45/><D45/><U19/><E19/><V33/><F33/><W47/><G83/><T41/><D41/><U62/><E29/><V129/><F129/><W20/><G102/><T74/><D74/><U38/><E38/><V36/><F36/><W121/><G121/><T130/><D130/><U57/><E91/><N who="0" m="34825" /><D94/><N who="3" m="35881" /><G7/><T21/><AGARI ba="0,0" hai="13,17,21,53,54,64,66,67,113,114,115" m="34825" machi="21" ten="40,2700,0" yaku="15,1,11,1" doraHai="52" who="0" fromWho="0" sc="612,27,155,-7,214,-7,19,-13" owari="639,73.0,148,-25.0,207,1.0,6,-49.0" />
</Scene>
</mjloggm>