<mjloggm ver="2.3"><GO type="169" lobby="0"/><UN n0="%36%31%2E%38%EF%BC%85" n1="%E6%B0%B7%E6%9F%B1" n2="%E3%83%8B%E3%83%A3%E3%83%83%E3%83%94%E3%83%BC%E5%A4%8F%E7%9B%AE" n3="%E5%A4%AA%E3%81%8F%E3%81%AA%E3%81%84%E3%81%8A" dan="17,17,18,18" rate="2138.28,2184.88,2185.25,2310.61" sx="M,M,M,M"/><TAIKYOKU oya="0"/>

<Scene>
<INIT seed="0,0,0,2,0,96" ten="250,250,250,250" oya="0" hai0="47,30,26,116,122,10,19,85,107,76,100,58,27" hai1="42,36,45,121,14,40,112,130,0,31,20,115,79" hai2="22,39,62,24,135,88,34,28,126,57,89,75,73" hai3="92,120,21,110,35,38,32,78,111,74,108,119,114"/><T101/><D116/><U113/><E0/><V16/><F39/><W90/><G119/><T93/><D107/><U127/><E121/><V103/><F135/><W87/><G38/><T70/><D70/><U8/><E130/><V72/><F126/><W50/><G114/><T17/><D122/><U134/><E134/><V117/><F117/><W109/><G120/><T43/><D58/><U124/><E42/><V123/><F103/><N who="0" m="39498" /><D30/><U128/><E128/><V95/><F123/><W23/><G110/><T2/><D2/><U48/><E79/><V66/><REACH who="2" step="1"/><F95/><REACH who="2" ten="250,250,240,250" step="2"/><W64/><G92/><T56/><D93/><U94/><E94/><V7/><F7/><W77/><G109/><T33/><D33/><U80/><E127/><V83/><F83/><W65/><G108/><T51/><D56/><U105/><E80/><V12/><AGARI ba="0,1" hai="12,16,22,24,28,34,57,62,66,72,73,75,88,89" machi="12" ten="30,7900,0" yaku="1,1,0,1,54,2,53,0" doraHai="96" doraHaiUra="4" who="2" fromWho="2" sc="250,-39,250,-20,240,89,250,-20" />
</Scene>
<Scene>
<INIT seed="1,0,0,2,3,77" ten="211,230,329,230" oya="1" hai0="104,81,117,72,112,71,44,17,125,49,35,1,67" hai1="21,116,6,31,59,82,85,53,91,66,130,123,8" hai2="46,19,55,9,45,128,13,63,10,3,4,40,107" hai3="29,126,121,103,34,42,124,133,129,65,74,57,22"/><U120/><E116/><V93/><F107/><W101/><G121/><T119/><D112/><U98/><E130/><V70/><F128/><W113/><G129/><T18/><D104/><U94/><E66/><V108/><F108/><W115/><G34/><T127/><D1/><U51/><E31/><V89/><F40/><W60/><G74/><T32/><D67/><U41/><E21/><V69/><F69/><W111/><G111/><T20/><D71/><U43/><E123/><V79/><F79/><W5/><G133/><T62/><D62/><U64/><E64/><V24/><F24/><N who="3" m="16535" /><G5/><T135/><D20/><U96/><E120/><V7/><F70/><W100/><G42/><T86/><D72/><U25/><E25/><V11/><F63/><W88/><G88/><N who="0" m="51279" /><D135/><U110/><E110/><V0/><F55/><W99/><G99/><AGARI ba="0,0" hai="0,3,4,7,9,10,11,13,19,45,46,89,93,99" machi="99" ten="30,2000,0" yaku="7,1,9,1" doraHai="77" who="2" fromWho="3" sc="211,0,230,0,329,20,230,-20" />
</Scene>
<Scene>
<INIT seed="2,0,0,2,0,123" ten="211,230,349,210" oya="2" hai0="108,19,14,126,59,57,83,66,72,67,124,97,11" hai1="114,79,111,37,98,127,41,43,4,93,2,7,24" hai2="100,39,113,6,129,62,84,121,116,75,73,101,17" hai3="36,23,16,32,109,78,64,3,70,117,53,44,96"/><V47/><F113/><W71/><G117/><T107/><D72/><U122/><E114/><V86/><F116/><W74/><G32/><T31/><D31/><U61/><E127/><N who="0" m="48681" /><D83/><U13/><E2/><V58/><F121/><W65/><G3/><T29/><D29/><U18/><E24/><V10/><F129/><W103/><G78/><T125/><D125/><U38/><E79/><V94/><F73/><W9/><G9/><T49/><D49/><U20/><E122/><V63/><F75/><W128/><G74/><T15/><D15/><U115/><E115/><V27/><F47/><W76/><G76/><T25/><D25/><U105/><E105/><V82/><F39/><W46/><G128/><T118/><D118/><U91/><E38/><V68/><F68/><W69/><G44/><T104/><D104/><U33/><E33/><V80/><F6/><W119/><G119/><T87/><D87/><U81/><E81/><V42/><F27/><W92/><G53/><T0/><D0/><U50/><E37/><V60/><F42/><W12/><REACH who="3" step="1"/><G109/><REACH who="3" ten="211,230,349,200" step="2"/><T40/><D108/><U102/><E111/><V48/><F10/><W89/><G89/><T54/><D54/><U135/><E91/><V1/><F1/><W22/><G22/><T130/><D130/><U34/><E34/><V120/><F120/><W52/><G52/><T35/><D35/><U132/><E20/><V106/><F101/><W77/><G77/><T26/><D11/><U30/><E102/><V110/><F100/><W134/><G134/><T90/><D90/><U95/><E135/><V55/><F110/><RYUUKYOKU ba="0,1" sc="211,-10,230,-10,349,-10,200,30" hai3="12,16,23,36,46,64,65,69,70,71,92,96,103" />
</Scene>
<Scene>
<INIT seed="3,1,1,5,3,3" ten="201,220,339,230" oya="3" hai0="35,90,117,63,97,114,128,15,9,29,52,76,96" hai1="85,2,24,67,104,14,7,93,21,75,32,13,89" hai2="1,103,68,0,88,38,53,54,48,57,45,78,109" hai3="101,40,79,83,95,116,105,110,4,81,12,41,86"/><W58/><G116/><T30/><D117/><U19/><E75/><V8/><F68/><W112/><G112/><T100/><D128/><U98/><E67/><V87/><F109/><W22/><G105/><T80/><D35/><U5/><E2/><V73/><F103/><W118/><G118/><T25/><D114/><U55/><E55/><V133/><F133/><W125/><G125/><T115/><D115/><U33/><E32/><V132/><F132/><W134/><G134/><T62/><D25/><U122/><E122/><V59/><F73/><W72/><G110/><T94/><D63/><U71/><E71/><V28/><F78/><W126/><G126/><T92/><D80/><N who="1" m="49319" /><E33/><V23/><F38/><W102/><G58/><N who="0" m="35143" /><D76/><U61/><E61/><V20/><F45/><W34/><G34/><T84/><D97/><U129/><E129/><V127/><F127/><W49/><G49/><T50/><D50/><U111/><E104/><V42/><F42/><W131/><G131/><T51/><D51/><U106/><E106/><V135/><F135/><W11/><G95/><T69/><D69/><U44/><E44/><V47/><F0/><W120/><G120/><T99/><D99/><U26/><E26/><V60/><F47/><W37/><G37/><T77/><D77/><U64/><E64/><V91/><F1/><N who="3" m="399" /><G83/><T46/><D46/><U36/><E36/><V123/><F123/><W130/><G130/><T108/><D108/><U18/><E111/><V107/><F107/><W27/><G72/><T70/><D70/><U121/><E121/><V119/><F119/><W16/><G27/><RYUUKYOKU ba="1,1" sc="201,15,220,-15,339,-15,230,15" hai0="9,15,29,30,84,90,92,94,96,100" hai3="12,16,22,40,41,79,81,86,101,102" />
</Scene>
<Scene>
<INIT seed="3,2,1,0,2,87" ten="216,205,324,245" oya="3" hai0="1,66,107,109,91,72,122,111,93,100,36,24,62" hai1="55,6,17,10,90,127,11,134,44,94,15,102,71" hai2="0,108,43,50,22,114,86,23,45,35,104,31,49" hai3="2,60,25,126,57,52,106,119,16,110,26,18,77"/><W135/><G119/><T32/><D122/><U88/><E134/><V123/><F114/><W19/><G2/><T47/><D72/><U65/><E71/><V61/><F0/><W105/><G135/><T67/><D1/><U34/><E34/><V37/><F104/><W48/><G126/><T128/><D128/><U59/><E65/><V95/><F108/><W80/><G110/><T42/><D67/><U38/><E38/><V28/><F123/><W54/><G106/><T98/><D24/><U97/><E44/><V74/><F74/><W5/><G5/><T58/><REACH who="0" step="1"/><D32/><REACH who="0" ten="206,205,324,245" step="2"/><U116/><E116/><V99/><F35/><W63/><G105/><T131/><D131/><U83/><E127/><V41/><F31/><W33/><G33/><T20/><D20/><U118/><E118/><V70/><F22/><W12/><G12/><T56/><D56/><U96/><E10/><V101/><F23/><W115/><G115/><T82/><D82/><U53/><E83/><V40/><F28/><W130/><G130/><T85/><AGARI ba="2,2" hai="36,42,47,58,62,66,85,91,93,98,100,107,109,111" machi="85" ten="30,7900,0" yaku="1,1,0,1,52,1,53,1" doraHai="87" doraHaiUra="81" who="0" fromWho="0" sc="206,105,205,-22,324,-22,245,-41" />
</Scene>
<Scene>
<INIT seed="4,0,0,2,4,55" ten="311,183,302,204" oya="0" hai0="61,75,89,43,79,99,30,46,65,28,110,105,6" hai1="53,98,13,54,11,38,78,112,83,73,119,117,84" hai2="19,121,114,27,96,77,131,56,120,126,88,125,106" hai3="113,123,101,97,58,81,59,26,60,36,90,5,107"/><T37/><D110/><U63/><E38/><V118/><F114/><W25/><G36/><T14/><D79/><U23/><E112/><V51/><F131/><W62/><G113/><T40/><D40/><U127/><E127/><N who="2" m="48651" /><F77/><W111/><G111/><T71/><D75/><U130/><E130/><V102/><F118/><W10/><G123/><T42/><D42/><U129/><E129/><V35/><F88/><W135/><G135/><T104/><D104/><U74/><E23/><N who="2" m="13823" /><F35/><W29/><G90/><T47/><D89/><U66/><E98/><V52/><AGARI ba="0,0" hai="51,52,56,96,102,106,120,121" m="13823,48651" machi="52" ten="30,4000,0" yaku="18,1,52,1,54,1" doraHai="55" who="2" fromWho="2" sc="311,-20,183,-10,302,40,204,-10" />
</Scene>
<Scene>
<INIT seed="5,0,0,0,0,9" ten="291,173,342,194" oya="1" hai0="1,21,3,98,125,104,58,51,8,105,123,5,32" hai1="61,52,70,102,116,88,111,34,66,135,64,4,74" hai2="96,55,29,48,126,97,60,129,25,124,30,13,43" hai3="22,77,15,44,75,107,14,27,85,110,84,100,0"/><U83/><E116/><V108/><F108/><W62/><G0/><T120/><D32/><U11/><E111/><V47/><F129/><W49/><G110/><T93/><D125/><N who="2" m="48234" /><F13/><N who="3" m="4619" /><G107/><T101/><D21/><U50/><E34/><N who="2" m="20783" /><F30/><N who="3" m="17783" /><G75/><T132/><D1/><U115/><E115/><V26/><F26/><W118/><G118/><T78/><D105/><U42/><E74/><V134/><F134/><W56/><G100/><T86/><D132/><U54/><E102/><V17/><F17/><W76/><G76/><T59/><D78/><U131/><E131/><V109/><F109/><W57/><G77/><T89/><D101/><U73/><E70/><V53/><F60/><W80/><G80/><T38/><D3/><U106/><E73/><V122/><F122/><W33/><G33/><T103/><D103/><U112/><E106/><V127/><F127/><W82/><G82/><T114/><D104/><U117/><E117/><V90/><F90/><W2/><G2/><T19/><D120/><U16/><E135/><V10/><F10/><W40/><G57/><T133/><D59/><N who="1" m="35047" /><E11/><V94/><F94/><W36/><G36/><T28/><D93/><U72/><E72/><V130/><F130/><W20/><G20/><T6/><D8/><U95/><E83/><V35/><F35/><W128/><G128/><T63/><D38/><U18/><E95/><V79/><F79/><W92/><G92/><T31/><D133/><U121/><E121/><V91/><F91/><W23/><G23/><T68/><D89/><U87/><E88/><V37/><F37/><W24/><G24/><T81/><D123/><RYUUKYOKU ba="0,0" sc="291,-15,173,-15,342,15,194,15" hai2="43,47,48,53,55,96,97" hai3="40,44,49,56,62,84,85" />
</Scene>
<Scene>
<INIT seed="6,1,0,0,0,36" ten="276,158,357,209" oya="2" hai0="8,103,87,61,118,65,20,134,135,85,4,46,116" hai1="5,56,121,17,55,80,66,77,19,42,62,108,18" hai2="9,67,82,34,3,97,49,2,63,106,57,91,133" hai3="128,30,64,92,105,54,47,38,98,83,90,16,41"/><V48/><F34/><W110/><G110/><T27/><D103/><U73/><E108/><V31/><F31/><W44/><G128/><T74/><D74/><U107/><E107/><V68/><F133/><W111/><G111/><T7/><D46/><U100/><E100/><V125/><F125/><W50/><G105/><T29/><D87/><U86/><E121/><V112/><F112/><W69/><G30/><T101/><D85/><U13/><E73/><V23/><F23/><W131/><G131/><T72/><D101/><U60/><E5/><N who="0" m="2121" /><D8/><U102/><E102/><V6/><F2/><W127/><G127/><T117/><D72/><U37/><E37/><V53/><F106/><W25/><G83/><T81/><D81/><U52/><E42/><V84/><F97/><W124/><G124/><T12/><D12/><U94/><E94/><V129/><F129/><W10/><G10/><T0/><D0/><U114/><E114/><V79/><F79/><W126/><G126/><T104/><D104/><U130/><E130/><V28/><F28/><W26/><REACH who="3" step="1"/><G16/><REACH who="3" ten="276,158,357,199" step="2"/><N who="1" m="6250" /><E62/><AGARI ba="1,1" hai="3,6,9,48,49,53,57,62,63,67,68,82,84,91" machi="62" ten="30,1500,0" yaku="7,1" doraHai="36" who="2" fromWho="1" sc="276,0,158,-18,357,28,199,0" /><AGARI ba="1,0" hai="25,26,38,41,44,47,50,54,62,64,69,90,92,98" machi="62" ten="40,2600,0" yaku="1,1,52,1,53,0" doraHai="36" doraHaiUra="24" who="3" fromWho="1" sc="276,0,140,-26,385,0,199,26" />
</Scene>
<Scene>
<INIT seed="6,2,0,4,5,45" ten="276,114,385,225" oya="2" hai0="66,108,41,82,47,112,127,97,78,30,58,26,131" hai1="80,19,114,65,75,37,89,119,39,81,7,1,118" hai2="123,121,93,54,120,34,51,77,105,133,83,14,12" hai3="96,24,91,22,110,38,132,35,23,86,29,40,109"/><V48/><F105/><W36/><G132/><T69/><D108/><U53/><E65/><V33/><F133/><W64/><G64/><T104/><D112/><U28/><E114/><V0/><F0/><W42/><G96/><T8/><D8/><U111/><E111/><V15/><F93/><W84/><G24/><T56/><D127/><U9/><E28/><V67/><F67/><W5/><G29/><T43/><D43/><U72/><E19/><V100/><F100/><W134/><G134/><T10/><D10/><U113/><E113/><V4/><F4/><W11/><G11/><T68/><D68/><U116/><E89/><V46/><REACH who="2" step="1"/><F51/><REACH who="2" ten="276,114,375,225" step="2"/><W87/><G5/><T122/><D104/><U2/><E2/><V130/><F130/><W60/><G110/><T27/><D131/><U32/><E32/><V103/><F103/><W50/><G35/><T129/><D66/><U94/><E94/><V61/><F61/><W16/><G60/><T74/><D129/><U73/><REACH who="1" step="1"/><E53/><REACH who="1" ten="276,104,375,225" step="2"/><V52/><F52/><W106/><G109/><T115/><D115/><U99/><E99/><V25/><F25/><W49/><G106/><T117/><D97/><U124/><E124/><V31/><F31/><W107/><G107/><T71/><D27/><U88/><E88/><V135/><F135/><W55/><G91/><T126/><D26/><U62/><E62/><V17/><F17/><W98/><G98/><T63/><D30/><U79/><E79/><V70/><F70/><W21/><G16/><T85/><D63/><U92/><E92/><V20/><F20/><W3/><G3/><RYUUKYOKU ba="2,2" sc="276,-15,104,15,375,15,225,-15" hai1="1,7,9,37,39,72,73,75,80,81,116,118,119" hai2="12,14,15,33,34,46,48,54,77,83,120,121,123" />
</Scene>
<Scene>
<INIT seed="6,3,2,5,2,29" ten="261,119,390,210" oya="2" hai0="134,30,82,110,77,8,10,124,83,79,122,1,56" hai1="97,7,78,93,130,33,109,99,17,42,115,21,94" hai2="31,47,85,27,105,119,3,117,103,70,86,55,133" hai3="6,51,91,50,37,88,64,75,20,113,34,63,60"/><V9/><F70/><W59/><G37/><T89/><D122/><U126/><E109/><V45/><F133/><W18/><G75/><T54/><D110/><U25/><E115/><V52/><F103/><W111/><G111/><T44/><D44/><U80/><E130/><V61/><F105/><W41/><G34/><T12/><D30/><U14/><E126/><V123/><F123/><W87/><G113/><T35/><D35/><U108/><E108/><V98/><F98/><W107/><G107/><T57/><D12/><U125/><E125/><V11/><F31/><W69/><G6/><T67/><D1/><U4/><E42/><V26/><F61/><W53/><G41/><T116/><D116/><U19/><E33/><V2/><AGARI ba="3,2" hai="2,3,9,11,26,27,45,47,52,55,85,86,117,119" machi="2" ten="25,9600,0" yaku="0,1,22,2,54,1" doraHai="29" who="2" fromWho="2" sc="261,-35,119,-35,390,125,210,-35" />
</Scene>
<Scene>
<INIT seed="6,4,0,0,4,33" ten="226,84,515,175" oya="2" hai0="2,30,57,65,75,6,37,79,21,98,0,52,115" hai1="99,114,113,100,120,131,8,87,29,59,70,127,64" hai2="53,66,11,63,58,28,112,4,105,91,134,117,45" hai3="46,89,24,34,68,121,130,90,71,73,95,3,56"/><V109/><F117/><W74/><G121/><T47/><D115/><U102/><E102/><V80/><BYE who="1" /><F112/><W22/><G34/><T106/><D65/><U108/><E108/><V94/><F105/><W38/><G130/><T10/><D21/><U25/><E25/><V72/><F109/><W107/><G107/><T26/><D26/><U62/><E62/><V12/><F134/><W133/><G133/><T110/><D30/><U35/><E35/><V67/><F28/><W122/><G122/><T82/><D98/><U20/><E20/><V93/><F93/><W86/><G3/><N who="0" m="351" /><D106/><U32/><E32/><V19/><F45/><W97/><G56/><T17/><D17/><U101/><E101/><V84/><F72/><W132/><G132/><T31/><D31/><U7/><E7/><V49/><F63/><W18/><G74/><UN n1="%E6%B0%B7%E6%9F%B1" /><T77/><D77/><U61/><E120/><V54/><F54/><W118/><G73/><T116/><D116/><U40/><E114/><V55/><F55/><W69/><G118/><T135/><D110/><U5/><E113/><V78/><REACH who="2" step="1"/><F19/><REACH who="2" ten="226,84,505,175" step="2"/><W9/><G46/><T92/><D92/><N who="1" m="58471" /><E29/><V104/><F104/><W51/><G95/><T23/><D135/><U44/><E131/><V88/><F88/><W96/><G89/><T16/><D52/><U76/><E76/><V119/><F119/><W126/><G90/><T83/><D16/><U50/><E87/><V1/><F1/><W43/><G86/><T124/><D0/><N who="1" m="39" /><E59/><V15/><F15/><W41/><G18/><T81/><D57/><U14/><E14/><V125/><F125/><AGARI ba="4,1" hai="40,44,50,61,64,70,125,127" m="39,58471" machi="125" ten="30,2000,0" yaku="6,1,52,1" doraHai="33" who="1" fromWho="2" sc="226,0,84,42,505,-32,175,0" />
</Scene>
<Scene>
<INIT seed="7,0,0,3,1,38" ten="226,126,473,175" oya="3" hai0="93,133,81,20,42,90,122,102,109,36,100,35,69" hai1="12,59,84,10,58,4,25,3,50,21,55,68,127" hai2="108,107,99,39,73,104,129,2,82,63,103,64,113" hai3="23,7,77,15,91,29,116,37,6,48,119,62,79"/><W88/><G37/><T95/><D109/><U61/><E127/><V74/><F108/><W5/><G62/><T123/><D69/><U89/><E68/><N who="2" m="42015" /><F129/><W44/><G116/><T92/><D133/><U80/><E3/><V130/><F130/><W45/><G119/><T115/><D115/><U57/><REACH who="1" step="1"/><E61/><REACH who="1" ten="226,116,473,175" step="2"/><V47/><F2/><W85/><G44/><T118/><D118/><U120/><E120/><V0/><F0/><W128/><G128/><T17/><D123/><U1/><E1/><V134/><F134/><W72/><G72/><N who="2" m="27753" /><F82/><N who="3" m="47327" /><G77/><T18/><D81/><U33/><E33/><V46/><F46/><W105/><G105/><T28/><D35/><U16/><AGARI ba="0,1" hai="4,10,12,16,21,25,50,55,57,58,59,80,84,89" machi="16" ten="20,12000,2" yaku="1,1,0,1,7,1,8,1,54,1,53,1" doraHai="38" doraHaiUra="51" who="1" fromWho="1" sc="226,-30,116,130,473,-30,175,-60" owari="196,-20.0,246,5.0,443,53.0,115,-38.0" />
</Scene>
</mjloggm>