<mjloggm ver="2.3"><GO type="169" lobby="0"/><UN n0="%E5%A4%AA%E3%81%8F%E3%81%AA%E3%81%84%E3%81%8A" n1="%79%75%2D%2D%2D%2D%2D%75" n2="%E5%A3%87%E2%98%86%E8%9C%9C" n3="%E3%83%9E%E3%83%A1%E3%83%9D%E3%82%B3" dan="19,17,16,16" rate="2314.44,2173.57,2117.92,2059.30" sx="F,M,M,M"/><TAIKYOKU oya="0"/>

<Scene>
<INIT seed="0,0,0,5,0,134" ten="250,250,250,250" oya="0" hai0="86,8,135,96,92,49,66,52,107,104,98,69,59" hai1="27,40,45,9,25,17,39,43,22,44,99,61,91" hai2="56,1,21,102,79,68,78,127,75,15,110,80,90" hai3="11,123,46,129,53,33,48,101,100,26,67,84,35"/><T42/><D135/><U116/><E116/><V24/><F68/><W3/><G67/><T2/><D86/><U16/><E61/><V119/><F1/><W109/><G123/><T37/><D2/><U23/><E9/><V13/><F110/><W95/><G109/><T74/><D74/><U28/><E99/><V65/><F102/><W41/><G41/><T128/><D8/><U76/><E91/><V132/><F132/><W85/><G33/><T83/><D83/><U57/><E57/><V122/><F122/><W108/><G108/><T112/><D112/><U30/><REACH who="1" step="1"/><E76/><REACH who="1" ten="250,240,250,250" step="2"/><V34/><F78/><W93/><G11/><T36/><D98/><U125/><E125/><V71/><F127/><W81/><G101/><T126/><D126/><U7/><E7/><V58/><F90/><W19/><G100/><T103/><D128/><U113/><E113/><V14/><F119/><W55/><G129/><T20/><D96/><U5/><E5/><V115/><F115/><W60/><G60/><T29/><D103/><U82/><E82/><V124/><F124/><W51/><G81/><T50/><D59/><U62/><E62/><N who="2" m="40375" /><F56/><W130/><G130/><T70/><D66/><U0/><E0/><V114/><F58/><W73/><G3/><T10/><D10/><U97/><E97/><V105/><F114/><W77/><G77/><T32/><D70/><U18/><E18/><N who="2" m="12343" /><F105/><W88/><G88/><T64/><D69/><U89/><E89/><V94/><F94/><W72/><G95/><T121/><D64/><U38/><AGARI ba="0,1" hai="16,17,22,23,25,27,28,30,38,39,40,43,44,45" machi="38" ten="20,16000,3" yaku="1,1,0,1,7,1,32,3,54,1,53,2" doraHai="134" doraHaiUra="12" who="1" fromWho="1" sc="250,-80,240,170,250,-40,250,-40" />
</Scene>
<Scene>
<INIT seed="1,0,0,4,4,133" ten="170,410,210,210" oya="1" hai0="60,51,21,29,18,49,68,134,48,50,61,94,37" hai1="105,27,111,125,65,97,84,103,19,56,10,44,77" hai2="130,17,81,92,132,24,79,104,15,89,74,124,41" hai3="113,129,26,87,123,98,62,25,101,86,31,46,96"/><U5/><E44/><V115/><F132/><W93/><G113/><T78/><D134/><U16/><E111/><V58/><F104/><W1/><G1/><T14/><D37/><U88/><E77/><V99/><F130/><W80/><G129/><T119/><D119/><U36/><E36/><V3/><F3/><W30/><G123/><T9/><D78/><U59/><E125/><V126/><F41/><W102/><G46/><T53/><D68/><U47/><E47/><V73/><F115/><W116/><G62/><T38/><D38/><U42/><E42/><V75/><F24/><W91/><G116/><T131/><D131/><U118/><E118/><V83/><F58/><W72/><G72/><T63/><D94/><U110/><E110/><V28/><F28/><W108/><G108/><T117/><D117/><U33/><E33/><V112/><F112/><W4/><G4/><T40/><D40/><U70/><E27/><V107/><F107/><W55/><G55/><T85/><D85/><U122/><E122/><V45/><F45/><W23/><G80/><N who="2" m="30793" /><F17/><N who="1" m="6729" /><E70/><V34/><F15/><W0/><G0/><T20/><REACH who="0" step="1"/><D29/><REACH who="0" ten="160,410,210,210" step="2"/><U22/><E84/><V13/><F79/><W100/><REACH who="3" step="1"/><G87/><REACH who="3" ten="160,410,210,200" step="2"/><T66/><D66/><U54/><E65/><V90/><F73/><W69/><G69/><T127/><D127/><U52/><E54/><V109/><F74/><W39/><G39/><T6/><D6/><U76/><E5/><V11/><F75/><W135/><G135/><T12/><D12/><U71/><E52/><V128/><F126/><W121/><G121/><T114/><D114/><RYUUKYOKU ba="0,2" sc="160,15,410,-15,210,-15,200,15" hai0="9,14,18,20,21,48,49,50,51,53,60,61,63" hai3="23,25,26,30,31,86,91,93,96,98,100,101,102" />
</Scene>
<Scene>
<INIT seed="2,1,2,0,5,29" ten="175,395,195,215" oya="2" hai0="46,7,19,85,117,114,95,20,27,55,75,109,102" hai1="11,25,82,71,13,0,63,38,24,51,67,9,61" hai2="43,69,121,48,2,62,54,125,73,97,105,127,50" hai3="120,135,41,47,76,30,57,119,93,5,108,98,91"/><V92/><F73/><W12/><G108/><T106/><D75/><U88/><E38/><V131/><F121/><W66/><G135/><T113/><D109/><U26/><E63/><V45/><F2/><W8/><G120/><T17/><D106/><U42/><E0/><V31/><F105/><W110/><G110/><T21/><D117/><U14/><E42/><V101/><F131/><W123/><G123/><T58/><D7/><U39/><E51/><V116/><F116/><W49/><G119/><T23/><D46/><U53/><E39/><V94/><F94/><W4/><G30/><T78/><D102/><U15/><REACH who="1" step="1"/><E53/><REACH who="1" ten="175,385,195,215" step="2"/><V103/><F62/><N who="3" m="38223" /><G76/><T111/><D111/><U118/><E118/><V130/><F130/><W79/><G79/><T59/><D78/><U40/><E40/><V68/><F43/><W70/><G70/><T16/><D55/><U90/><E90/><V89/><F68/><W28/><G28/><T32/><D114/><U18/><E18/><AGARI ba="1,3" hai="4,5,8,12,18,41,47,49,91,93,98" m="38223" machi="18" ten="30,1000,0" yaku="8,1" doraHai="29" who="3" fromWho="1" sc="175,0,385,-13,195,0,215,43" />
</Scene>
<Scene>
<INIT seed="3,0,0,2,1,119" ten="175,372,195,258" oya="3" hai0="5,133,4,55,127,44,121,50,95,53,105,54,122" hai1="36,131,7,28,126,33,61,88,48,116,111,62,1" hai2="123,76,43,124,17,13,19,11,38,130,30,79,14" hai3="71,129,12,118,24,59,35,41,27,21,2,93,106"/><W102/><G71/><T120/><D105/><U22/><E36/><V77/><F130/><W0/><G106/><T78/><D127/><U52/><E126/><V70/><F124/><W51/><G118/><T72/><D133/><U132/><E131/><V104/><F104/><W85/><G129/><T83/><REACH who="0" step="1"/><D95/><REACH who="0" ten="165,372,195,258" step="2"/><U115/><E132/><V80/><F70/><W57/><G93/><T45/><D45/><U46/><E116/><V103/><F103/><W125/><G102/><T86/><D86/><U82/><E115/><V66/><F66/><W65/><G85/><T31/><D31/><U92/><E28/><V73/><F30/><W98/><G65/><T63/><D63/><U3/><E61/><V109/><F109/><W8/><G125/><T20/><D20/><U100/><E22/><V117/><F117/><W10/><G21/><T18/><D18/><U89/><E62/><V75/><F75/><W113/><G113/><T40/><AGARI ba="0,1" hai="4,5,40,44,50,53,54,55,72,78,83,120,121,122" machi="40" ten="40,8000,1" yaku="1,1,0,1,52,3,53,0" doraHai="119" doraHaiUra="56" who="0" fromWho="0" sc="165,90,372,-20,195,-20,258,-40" />
</Scene>
<Scene>
<INIT seed="4,0,0,0,1,92" ten="255,352,175,218" oya="0" hai0="107,87,101,20,97,68,90,52,129,65,125,60,26" hai1="112,122,114,88,5,40,53,91,61,24,15,64,14" hai2="10,22,100,72,95,135,32,118,74,132,106,12,43" hai3="66,105,94,123,98,54,116,25,13,119,28,42,121"/><T109/><D125/><U84/><E122/><N who="3" m="46602" /><G66/><T33/><D129/><U96/><E40/><V82/><F32/><N who="3" m="20495" /><G42/><T62/><D109/><U124/><E124/><V23/><F43/><W6/><G105/><T37/><D37/><U44/><E24/><V76/><F106/><W115/><G54/><T55/><D62/><U86/><E44/><V113/><F113/><N who="1" m="43625" /><E53/><V117/><F72/><W59/><G59/><T2/><D2/><U133/><E133/><N who="2" m="51275" /><F100/><N who="3" m="60503" /><G115/><T8/><D8/><AGARI ba="0,0" hai="6,8,13,116,119" m="60503,20495,46602" machi="8" ten="30,2000,0" yaku="13,1,52,1" doraHai="92" who="3" fromWho="0" sc="255,-20,352,0,175,0,218,20" />
</Scene>
<Scene>
<INIT seed="5,0,0,5,5,45" ten="235,352,175,238" oya="1" hai0="51,62,73,112,93,27,8,48,39,21,89,25,100" hai1="104,35,66,23,117,29,55,0,88,97,129,15,34" hai2="115,59,86,7,38,28,36,40,4,132,67,1,133" hai3="69,111,83,128,94,19,96,76,61,60,50,57,126"/><U108/><E117/><V56/><F28/><W90/><G111/><T74/><D39/><N who="2" m="14890" /><F40/><W105/><G128/><T5/><D112/><U53/><E129/><V134/><F86/><W63/><G126/><T131/><D131/><U114/><E114/><V107/><F115/><W12/><G105/><T78/><D100/><U22/><E0/><V37/><N who="2" m="14898" /><V116/><DORA hai="6" /><F116/><W72/><G69/><T41/><D62/><U24/><E104/><V119/><F119/><W64/><REACH who="3" step="1"/><G50/><REACH who="3" ten="235,352,175,228" step="2"/><T13/><D51/><U11/><E108/><V77/><F107/><W103/><G103/><T58/><D48/><U106/><E106/><V3/><F67/><W98/><G98/><T43/><D41/><U127/><E66/><V71/><F71/><W87/><G87/><T9/><D43/><U16/><E55/><V47/><F47/><W65/><G65/><T10/><D73/><U124/><E53/><V82/><F59/><W81/><G81/><T102/><D102/><U42/><E42/><V92/><F56/><W113/><G113/><T31/><D58/><U46/><E46/><V32/><F82/><W44/><G44/><T68/><D68/><U14/><E124/><V123/><F134/><W101/><G101/><T20/><D74/><U95/><E127/><V80/><F133/><W52/><G52/><T121/><D121/><U85/><E85/><V49/><F123/><W54/><G54/><T75/><D75/><U122/><E122/><V125/><F125/><W18/><G18/><AGARI ba="0,1" hai="11,14,15,16,18,22,23,24,29,34,35,88,95,97" machi="18" ten="30,11600,0" yaku="7,1,52,1,54,2" doraHai="45,6" who="1" fromWho="3" sc="235,0,352,126,175,0,228,-116" />
</Scene>
<Scene>
<INIT seed="5,1,0,0,5,38" ten="235,478,175,112" oya="1" hai0="113,29,3,79,87,96,117,109,105,74,73,88,66" hai1="59,110,33,37,2,51,8,133,132,18,115,128,45" hai2="78,101,120,47,46,135,65,48,63,10,15,64,28" hai3="89,20,130,42,107,93,131,127,98,118,36,49,84"/><U122/><E33/><V13/><F120/><W77/><G36/><T91/><D3/><U4/><E122/><V71/><F135/><N who="1" m="51785" /><E115/><V82/><F101/><W95/><G107/><T31/><D66/><U67/><E128/><N who="3" m="49194" /><G118/><T92/><D29/><U134/><E134/><V7/><F64/><W17/><G77/><T30/><D31/><U80/><E80/><V43/><F28/><W19/><G127/><T119/><D30/><U14/><E37/><V90/><F90/><N who="3" m="53447" /><G20/><T54/><D54/><N who="1" m="30063" /><E110/><V12/><REACH who="2" step="1"/><F47/><AGARI ba="1,0" hai="17,19,42,47,49,89,95,98" m="53447,49194" machi="47" ten="30,2000,0" yaku="19,1,52,1" doraHai="38" who="3" fromWho="2" sc="235,0,478,0,175,-23,112,23" />
</Scene>
<Scene>
<INIT seed="6,0,0,3,3,29" ten="235,478,152,135" oya="2" hai0="81,68,14,9,130,116,107,58,19,86,47,28,77" hai1="18,31,95,133,84,20,62,118,132,76,92,32,65" hai2="115,110,48,129,53,5,72,114,13,2,63,66,120" hai3="34,43,99,8,38,64,52,106,70,25,94,57,108"/><V126/><F120/><W102/><G108/><T127/><D68/><N who="1" m="42039" /><E118/><V96/><F110/><W12/><G106/><T113/><D107/><U73/><E73/><V36/><F36/><W15/><G70/><T51/><D116/><U101/><E32/><V59/><F2/><W67/><G15/><T33/><D113/><N who="2" m="43018" /><F72/><W61/><G38/><T90/><D127/><U17/><E31/><V104/><F126/><W21/><G43/><T23/><D130/><U128/><E128/><V131/><F5/><N who="3" m="3087" /><G34/><T40/><D33/><U97/><E20/><V105/><F13/><W71/><G71/><T11/><D28/><AGARI ba="0,0" hai="21,25,28,52,57,61,64,67,94,99,102" m="3087" machi="28" ten="30,2000,0" yaku="8,1,54,1" doraHai="29" who="3" fromWho="0" sc="235,-20,478,0,152,0,135,20" />
</Scene>
<Scene>
<INIT seed="7,0,0,4,5,24" ten="215,478,152,155" oya="3" hai0="22,111,45,85,52,21,8,43,75,19,123,99,56" hai1="47,122,7,46,62,112,135,65,124,101,116,133,82" hai2="100,14,10,104,117,107,6,28,105,115,72,39,94" hai3="110,23,59,55,35,5,29,69,134,49,38,80,95"/><W17/><G69/><T73/><D111/><U74/><E122/><V40/><F117/><W129/><G38/><T26/><D123/><U57/><E116/><V118/><F118/><W33/><G29/><T42/><D42/><U12/><E112/><V113/><F72/><W81/><G110/><T3/><D85/><U51/><E101/><V27/><F40/><W70/><G70/><T83/><D99/><U109/><E124/><V54/><F54/><W18/><G5/><T9/><D3/><U34/><E34/><V128/><F39/><W114/><G114/><N who="2" m="43529" /><F128/><W13/><G129/><T106/><D106/><U108/><E57/><V125/><F125/><W126/><G126/><T87/><D73/><U88/><E12/><V0/><F0/><W120/><G120/><T20/><D75/><U25/><E88/><V11/><F11/><N who="0" m="4170" /><D45/><U91/><E82/><V86/><F86/><W31/><G134/><T78/><D43/><U89/><E25/><V63/><F63/><AGARI ba="0,0" hai="19,20,21,22,26,52,56,63,78,83,87" m="4170" machi="63" ten="30,2000,0" yaku="8,1,54,1" doraHai="24" who="0" fromWho="2" sc="215,20,478,0,152,-20,155,0" owari="235,4.0,478,57.0,132,-37.0,155,-24.0" />
</Scene>
</mjloggm>