<mjloggm ver="2.3"><GO type="169" lobby="0"/><UN n0="%E3%81%82%E3%83%BC%E3%82%8A%E3%82%93%E3%81%A7%E3%81%99%E3%80%82%E2%98%86" n1="%E5%BE%A9%E8%AE%90%E3%81%A1%E3%82%83%E3%82%93" n2="%70%6F%70%E2%98%86%63%6F%72%6E" n3="%E5%A4%AA%E3%81%8F%E3%81%AA%E3%81%84%E3%81%8A" dan="16,17,16,19" rate="2025.32,2202.14,2021.56,2333.17" sx="F,F,M,F"/><TAIKYOKU oya="0"/>

<Scene>
<INIT seed="0,0,0,1,0,36" ten="250,250,250,250" oya="0" hai0="78,80,59,58,121,27,77,109,23,115,65,21,125" hai1="22,108,100,66,60,6,14,41,48,10,39,129,87" hai2="12,30,134,51,101,103,126,124,132,57,56,38,123" hai3="9,47,0,131,68,67,4,88,37,70,114,86,81"/><T104/><D115/><U95/><E108/><V54/><F30/><W3/><G114/><T90/><D104/><U69/><E129/><V118/><F12/><W105/><G105/><T91/><D121/><U94/><E39/><V92/><F123/><W33/><G33/><T96/><D109/><U32/><E32/><V122/><F122/><W61/><G131/><T52/><D125/><N who="2" m="48234" /><F92/><W73/><G73/><T63/><D96/><U24/><E100/><N who="2" m="38475" /><F38/><W35/><G35/><T55/><D65/><U98/><E98/><V112/><F112/><W26/><G26/><T45/><D45/><U106/><E106/><V16/><F16/><W74/><G74/><T102/><D102/><U99/><E99/><V2/><F2/><W111/><G111/><T72/><D78/><U71/><E71/><V25/><F25/><W119/><G119/><T34/><D34/><U7/><E7/><V5/><F5/><W13/><REACH who="3" step="1"/><G68/><REACH who="3" ten="250,250,250,240" step="2"/><T19/><REACH who="0" step="1"/><D21/><REACH who="0" ten="240,250,250,240" step="2"/><U75/><E22/><V64/><F118/><W29/><G29/><T1/><D1/><U18/><E69/><V135/><F64/><W8/><G8/><T85/><D85/><U130/><E10/><V49/><F54/><W127/><G127/><T110/><D110/><U116/><E66/><V28/><F28/><W31/><G31/><T44/><D44/><U42/><E116/><V93/><F93/><W50/><G50/><AGARI ba="0,2" hai="19,23,27,50,52,55,58,59,63,72,77,80,90,91" machi="50" ten="30,5800,0" yaku="1,1,7,1,54,1,53,0" doraHai="36" doraHaiUra="133" who="0" fromWho="3" sc="240,78,250,0,250,0,240,-58" /><AGARI ba="0,0" hai="49,50,51,56,57,132,134,135" m="38475,48234" machi="50" ten="40,8000,1" yaku="28,2,20,1,18,1" doraHai="36" who="2" fromWho="3" sc="318,0,250,0,250,80,182,-80" />
</Scene>
<Scene>
<INIT seed="0,1,0,3,4,22" ten="318,250,330,102" oya="0" hai0="108,121,70,80,49,132,118,128,88,125,11,99,113" hai1="75,39,44,13,20,66,58,56,83,92,16,57,94" hai2="105,119,23,76,91,37,67,43,127,98,106,79,104" hai3="31,87,130,50,25,86,134,54,33,126,4,7,110"/><T124/><D70/><U30/><E66/><V64/><F37/><W74/><G74/><T107/><D113/><U60/><E60/><V111/><F43/><W133/><G110/><T89/><D108/><U63/><E63/><V61/><F111/><W10/><G126/><N who="0" m="48747" /><D118/><U9/><E75/><V36/><F36/><W96/><G130/><T51/><D128/><U8/><E83/><V115/><F127/><W62/><G62/><T19/><D121/><U93/><REACH who="1" step="1"/><E30/><REACH who="1" ten="318,240,330,102" step="2"/><V90/><F61/><W12/><G134/><T82/><D132/><U123/><E123/><V101/><F64/><W34/><G133/><T3/><D82/><U53/><E53/><V28/><F67/><W135/><G135/><T103/><D80/><U40/><AGARI ba="1,1" hai="8,9,13,16,20,39,40,44,56,57,58,92,93,94" machi="40" ten="40,5200,0" yaku="1,1,0,1,54,1,53,0" doraHai="22" doraHaiUra="85" who="1" fromWho="1" sc="318,-27,240,65,330,-14,102,-14" />
</Scene>
<Scene>
<INIT seed="1,0,0,3,1,26" ten="291,305,316,88" oya="1" hai0="110,60,16,24,40,9,133,73,86,90,1,10,106" hai1="4,98,47,38,115,104,80,107,13,129,45,79,120" hai2="17,43,33,112,7,101,30,91,71,109,37,35,103" hai3="95,31,57,134,68,19,18,96,78,63,69,29,113"/><U25/><E115/><V94/><F71/><W92/><G113/><T125/><D73/><U42/><E120/><V54/><F112/><W116/><G134/><T39/><D133/><U62/><E129/><V105/><F105/><W119/><G78/><T128/><D106/><U83/><E98/><V74/><F74/><W12/><G96/><T28/><D128/><U70/><E80/><V126/><F37/><W135/><G135/><T117/><D125/><U93/><E93/><V75/><F75/><W52/><G12/><T89/><D117/><U131/><E47/><V22/><F43/><W121/><G121/><T8/><D110/><U32/><E131/><V132/><F7/><W127/><G127/><T122/><D1/><U49/><E49/><V56/><F33/><W23/><G23/><T21/><D122/><U48/><E38/><V87/><F132/><W81/><G81/><T50/><D39/><U20/><E32/><V123/><F123/><W6/><G6/><T65/><D50/><U46/><E46/><V5/><F5/><W58/><G63/><T76/><D40/><U55/><E13/><N who="2" m="9519" /><F109/><W44/><G44/><T77/><D77/><U59/><E70/><V102/><F126/><W2/><REACH who="3" step="1"/><G52/><REACH who="3" ten="291,305,316,78" step="2"/><T51/><D76/><U64/><E55/><V41/><F41/><W3/><AGARI ba="0,1" hai="2,3,18,19,29,31,57,58,68,69,92,95,116,119" machi="3" ten="25,12000,2" yaku="1,1,2,1,0,1,22,2,52,2,53,0" doraHai="26" doraHaiUra="97" who="3" fromWho="3" sc="291,-30,305,-60,316,-30,78,130" />
</Scene>
<Scene>
<INIT seed="2,0,0,3,0,84" ten="261,245,286,208" oya="2" hai0="53,37,74,128,1,127,111,113,7,112,95,32,80" hai1="77,82,119,13,18,26,11,23,103,71,30,41,110" hai2="118,17,14,96,89,85,67,106,81,79,25,4,99" hai3="5,10,131,87,78,72,102,98,45,114,73,57,31"/><V123/><F123/><W55/><G31/><T62/><D32/><U86/><E110/><V101/><F118/><W60/><G131/><T27/><D111/><U0/><E119/><V90/><F67/><W75/><G114/><T35/><D128/><U33/><E71/><V9/><F25/><W133/><G133/><T88/><D37/><U6/><E103/><V50/><F99/><W76/><G45/><T8/><D127/><U116/><E116/><V117/><F117/><W93/><REACH who="3" step="1"/><G87/><REACH who="3" ten="261,245,286,198" step="2"/><T61/><D35/><U69/><E69/><V49/><REACH who="2" step="1"/><F17/><REACH who="2" ten="261,245,276,198" step="2"/><W70/><G70/><T54/><D112/><U100/><E18/><V40/><F40/><W63/><G63/><T66/><D62/><U28/><E41/><V44/><F44/><W124/><G124/><T3/><D113/><U68/><E68/><V46/><F46/><W52/><G52/><T94/><D54/><U59/><E59/><V129/><F129/><W19/><G19/><T39/><D53/><U2/><E30/><V125/><F125/><W97/><G97/><T134/><D61/><U130/><E28/><V132/><F132/><W121/><G121/><T38/><D134/><U29/><E29/><V83/><F83/><W56/><G56/><T92/><D80/><U120/><E82/><V20/><F20/><W107/><G107/><T65/><D66/><U21/><E21/><V48/><AGARI ba="0,2" hai="4,9,14,48,49,50,79,81,85,89,90,96,101,106" machi="48" ten="30,11700,0" yaku="1,1,0,1,52,2,53,0" doraHai="84" doraHaiUra="115" who="2" fromWho="2" sc="261,-39,245,-39,276,137,198,-39" />
</Scene>
<Scene>
<INIT seed="2,1,0,3,5,11" ten="222,206,413,159" oya="2" hai0="66,17,36,48,87,26,40,118,95,51,129,35,72" hai1="82,9,34,93,85,104,90,110,130,76,62,74,6" hai2="100,18,42,69,94,126,128,22,91,107,83,68,84" hai3="65,133,78,33,122,25,127,45,116,50,71,24,37"/><V103/><F42/><W58/><G116/><T123/><D72/><U55/><E110/><V21/><F107/><W20/><G122/><T44/><D118/><U0/><E130/><V46/><F46/><W1/><G1/><T19/><D123/><U120/><E120/><V135/><F128/><W29/><G127/><T88/><D129/><U73/><E34/><V64/><F135/><W86/><G133/><T89/><D66/><U108/><E108/><V113/><F113/><W61/><G78/><T59/><D36/><U132/><E132/><V92/><F64/><W16/><G86/><N who="0" m="52631" /><D35/><U28/><E28/><V23/><F126/><W98/><G98/><T109/><D26/><U70/><E104/><V99/><F18/><W53/><REACH who="3" step="1"/><G37/><REACH who="3" ten="222,206,413,149" step="2"/><T5/><D109/><U119/><E119/><V114/><F114/><W80/><G80/><T63/><D5/><U79/><E79/><V30/><F30/><W54/><G54/><N who="0" m="34295" /><D48/><U27/><E74/><V38/><F38/><W105/><G105/><T47/><D19/><U134/><E134/><V57/><F99/><W121/><G121/><T97/><D17/><U101/><E73/><V32/><F84/><W14/><G14/><T106/><D97/><U12/><E0/><V15/><F15/><W131/><G131/><T125/><D106/><U52/><E27/><V117/><F83/><W3/><G3/><T67/><D125/><U2/><E2/><V39/><F39/><W49/><G49/><T77/><D77/><U124/><E124/><V96/><F117/><W43/><G43/><T60/><D40/><U31/><E76/><RYUUKYOKU ba="1,1" sc="222,-10,206,-10,413,-10,149,30" hai3="16,20,24,25,29,33,45,50,53,58,61,65,71" />
</Scene>
<Scene>
<INIT seed="3,2,1,0,3,70" ten="212,196,403,179" oya="3" hai0="89,93,0,64,73,98,95,7,48,47,114,128,67" hai1="51,25,122,59,13,71,127,61,97,60,49,3,112" hai2="115,14,34,46,22,132,17,36,23,126,92,15,100" hai3="40,5,88,74,42,96,63,94,68,16,18,99,129"/><W53/><G74/><T28/><D73/><U78/><E3/><V133/><F115/><W32/><G32/><T65/><D114/><U84/><E112/><V58/><F58/><N who="3" m="35279" /><G68/><T105/><D105/><U119/><E122/><V39/><F46/><W116/><G116/><T124/><D124/><U57/><E127/><V31/><F34/><W38/><G38/><N who="2" m="14377" /><F126/><W109/><G129/><T10/><D28/><U66/><E71/><V72/><F72/><W20/><G5/><T44/><D128/><U41/><E41/><N who="3" m="15978" /><G109/><T69/><D69/><U104/><E119/><V37/><F37/><W80/><G80/><T54/><D95/><U8/><E104/><V43/><F43/><W120/><G120/><T56/><AGARI ba="2,1" hai="0,7,10,44,47,48,54,56,64,65,67,89,93,98" machi="56" ten="30,1100,0" yaku="0,1" doraHai="70" who="0" fromWho="0" sc="212,27,196,-5,403,-5,179,-7" />
</Scene>
<Scene>
<INIT seed="4,0,0,4,1,24" ten="239,191,398,172" oya="0" hai0="0,67,12,106,50,47,82,77,105,117,70,103,85" hai1="121,19,58,113,22,21,69,72,127,118,66,76,9" hai2="65,123,25,112,30,119,129,27,132,63,1,37,38" hai3="4,39,71,73,34,78,8,16,28,124,54,20,41"/><T51/><D0/><U92/><E118/><V62/><F1/><N who="3" m="15" /><G71/><T40/><D117/><U7/><E69/><V74/><F74/><W44/><G54/><T102/><D106/><U57/><E76/><V87/><F119/><W53/><G53/><T46/><D105/><U114/><E72/><V97/><F87/><W75/><G124/><T49/><D12/><U68/><E127/><V122/><F65/><W104/><G104/><T36/><REACH who="0" step="1"/><D47/><REACH who="0" ten="229,191,398,172" step="2"/><U3/><E121/><V93/><F122/><W90/><G78/><T35/><D35/><U26/><E113/><V135/><F112/><W134/><G134/><T111/><D111/><U94/><E114/><V61/><F123/><W6/><G6/><T15/><D15/><U56/><REACH who="1" step="1"/><E22/><REACH who="1" ten="229,181,398,172" step="2"/><N who="2" m="15671" /><F135/><W32/><G32/><T86/><D86/><U115/><E115/><V84/><F132/><W128/><G73/><T131/><D131/><U17/><E17/><V95/><F129/><W31/><G128/><T29/><D29/><U23/><E23/><V91/><F84/><W52/><G75/><T109/><D109/><U108/><E108/><V55/><F97/><W60/><G34/><T11/><D11/><U33/><E33/><V83/><F83/><W101/><G31/><T5/><D5/><U42/><E42/><V100/><F95/><W125/><G28/><T48/><N who="0" m="12288" /><DORA hai="2" /><T45/><D45/><U13/><E13/><V10/><F93/><W81/><G125/><T120/><D120/><U14/><E14/><V79/><F10/><W59/><G81/><T133/><D133/><U99/><E99/><V126/><F126/><RYUUKYOKU ba="0,2" sc="229,15,181,15,398,-15,172,-15" hai0="36,40,46,67,70,77,82,85,102,103" hai1="3,7,9,19,21,26,56,57,58,66,68,92,94" />
</Scene>
<Scene>
<INIT seed="4,1,2,0,3,63" ten="244,196,383,157" oya="0" hai0="41,66,96,121,13,72,114,134,77,133,110,89,90" hai1="91,39,102,111,6,93,88,23,76,58,64,51,84" hai2="17,50,8,124,31,65,100,1,127,49,85,3,130" hai3="21,94,106,22,5,2,78,59,103,99,46,7,68"/><T32/><D121/><U52/><E111/><V42/><F100/><W28/><G68/><T10/><D32/><U60/><E39/><V18/><F65/><W14/><G2/><T19/><D110/><U57/><E6/><V37/><F31/><W83/><G106/><T101/><D114/><U132/><E132/><N who="0" m="50793" /><D41/><U128/><E128/><V15/><F18/><N who="3" m="10455" /><G46/><T56/><D77/><U92/><E23/><V11/><F130/><W79/><G59/><T16/><D72/><U82/><E102/><V131/><F131/><W61/><G61/><N who="0" m="38183" /><D19/><U70/><E70/><V35/><F35/><W48/><G48/><N who="2" m="18537" /><F42/><W12/><G28/><T75/><D75/><U108/><E108/><V29/><F29/><W135/><G135/><T81/><D81/><U80/><REACH who="1" step="1"/><E76/><REACH who="1" ten="244,186,383,157" step="2"/><V62/><F37/><W67/><G78/><T45/><D45/><U113/><E113/><V119/><F1/><W118/><G79/><T116/><D116/><U54/><E54/><V120/><F3/><W122/><G118/><T9/><D9/><U36/><E36/><V87/><F11/><W126/><G5/><T24/><D24/><U43/><E43/><V53/><F119/><W105/><G7/><T107/><AGARI ba="1,3" hai="10,13,16,89,90,96,101,107" m="38183,50793" machi="107" ten="30,6000,0" yaku="20,1,52,1,54,1" doraHai="63" who="0" fromWho="0" sc="244,93,186,-21,383,-21,157,-21" />
</Scene>
<Scene>
<INIT seed="4,2,0,1,1,77" ten="337,165,362,136" oya="0" hai0="51,131,73,70,22,19,32,14,69,62,68,15,9" hai1="6,45,65,86,97,96,76,107,110,66,116,74,55" hai2="13,47,61,35,101,46,91,23,2,4,80,5,52" hai3="57,88,1,59,134,87,26,38,36,124,34,78,12"/><T43/><D131/><U94/><E110/><V121/><F101/><W58/><G1/><T7/><D32/><U42/><E116/><V122/><F35/><W102/><G124/><T17/><D73/><U20/><E74/><V83/><F2/><W84/><G134/><T56/><D43/><U64/><E107/><V29/><F91/><W133/><G133/><T85/><D85/><U25/><E6/><N who="2" m="2667" /><F122/><W89/><G102/><T103/><D103/><U129/><E55/><V16/><F29/><W75/><G12/><T93/><D93/><U113/><E129/><V67/><F67/><W82/><G75/><T40/><D40/><U135/><E135/><V72/><F72/><W117/><G117/><T49/><REACH who="0" step="1"/><D7/><REACH who="0" ten="327,165,362,136" step="2"/><U128/><E128/><V71/><F121/><W130/><G130/><T99/><D99/><U127/><E94/><V81/><F71/><W111/><G111/><T119/><D119/><U92/><E92/><V50/><F61/><W104/><G104/><T53/><AGARI ba="2,1" hai="9,14,15,17,19,22,49,51,53,56,62,68,69,70" machi="53" ten="30,3000,0" yaku="1,1,0,1,53,0" doraHai="77" doraHaiUra="79" who="0" fromWho="0" sc="327,46,165,-12,362,-12,136,-12" />
</Scene>
<Scene>
<INIT seed="4,3,0,2,4,72" ten="373,153,350,124" oya="0" hai0="79,80,78,2,27,5,41,108,57,53,122,35,105" hai1="70,73,13,107,90,86,128,130,36,32,56,6,102" hai2="103,34,33,116,135,67,31,48,58,82,129,134,109" hai3="87,11,118,81,89,125,121,120,113,30,50,106,20"/><T88/><D122/><N who="3" m="47209" /><G118/><T64/><D108/><U14/><E70/><V59/><F109/><W110/><G110/><T44/><D105/><U7/><E32/><V117/><F103/><W133/><G106/><T114/><D64/><U1/><E73/><V93/><F93/><W94/><G113/><T29/><D114/><U68/><E68/><V75/><F31/><W77/><G11/><T49/><D5/><U83/><E36/><V74/><F67/><W126/><G50/><T55/><D55/><U131/><E56/><V40/><F48/><W10/><G10/><T65/><D65/><U16/><E1/><V22/><F22/><W19/><G30/><T25/><D2/><U38/><E14/><V24/><F24/><N who="3" m="14367" /><G133/><T97/><D25/><U39/><E39/><V123/><F123/><W76/><G94/><T101/><D80/><U43/><E43/><V104/><F82/><W95/><G81/><T28/><D28/><U0/><E38/><V132/><F40/><W62/><G62/><T51/><D88/><U45/><E0/><V47/><F132/><W99/><G99/><T115/><D115/><U63/><E63/><V85/><F104/><W12/><G12/><T46/><D46/><U127/><E45/><V71/><F47/><W23/><G23/><T54/><D41/><U26/><E26/><V60/><F60/><W17/><G17/><T8/><D8/><N who="1" m="6183" /><E107/><V4/><F4/><N who="1" m="1577" /><E102/><V9/><F9/><W37/><G37/><T3/><D3/><U124/><AGARI ba="3,0" hai="83,86,90,124,127,128,130,131" m="1577,6183" machi="124" ten="40,2700,0" yaku="19,1,54,1" doraHai="72" who="1" fromWho="1" sc="373,-16,153,36,350,-10,124,-10" />
</Scene>
<Scene>
<INIT seed="5,0,0,0,5,104" ten="357,189,340,114" oya="1" hai0="24,36,128,79,132,39,88,96,22,45,26,125,100" hai1="17,55,0,115,126,34,121,80,41,85,60,31,69" hai2="94,52,81,48,91,18,50,9,120,51,53,74,54" hai3="102,107,116,92,71,75,30,82,86,131,37,95,14"/><U47/><BYE who="2" /><E121/><V123/><F123/><W117/><G37/><T68/><D68/><U89/><E115/><V33/><F33/><W62/><G30/><T111/><D111/><U73/><E126/><V11/><F11/><W127/><G14/><T105/><D132/><U78/><E0/><V15/><F15/><W112/><G62/><T93/><D125/><U44/><E17/><V97/><F97/><N who="3" m="61903" /><G71/><T19/><D79/><U59/><E69/><V35/><F35/><W38/><G38/><UN n2="%70%6F%70%E2%98%86%63%6F%72%6E" /><T57/><D128/><U84/><E47/><V1/><F120/><W40/><G40/><T43/><D39/><U83/><E31/><V130/><F130/><W67/><G67/><T27/><D57/><U28/><E28/><V113/><F113/><W72/><G127/><T76/><D76/><U46/><E34/><V2/><F18/><W21/><G21/><T7/><D7/><U129/><E129/><V119/><F9/><W16/><G16/><T12/><D27/><U20/><E20/><V49/><N who="2" m="12288" /><DORA hai="4" /><V118/><F2/><W110/><G131/><T8/><D8/><U134/><E134/><V101/><F1/><W77/><G112/><T87/><AGARI ba="0,0" hai="12,19,22,24,26,36,43,45,87,88,93,96,100,105" machi="87" ten="20,2700,0" yaku="0,1,7,1,54,1" doraHai="104,4" who="0" fromWho="0" sc="357,27,189,-13,340,-7,114,-7" />
</Scene>
<Scene>
<INIT seed="6,0,0,1,5,114" ten="384,176,333,107" oya="2" hai0="59,3,47,2,63,97,108,112,36,65,127,17,122" hai1="38,74,96,18,75,1,0,54,28,91,56,30,41" hai2="6,107,64,35,120,24,25,57,37,20,117,4,116" hai3="135,80,124,62,70,79,58,106,121,77,123,88,16"/><V33/><F37/><W45/><G70/><T82/><D108/><U129/><E41/><V44/><F44/><W105/><G45/><T100/><D122/><U31/><E38/><V85/><F57/><W49/><G49/><T7/><D112/><U109/><E109/><V118/><F64/><W119/><G124/><T19/><D127/><U104/><E129/><V68/><F68/><W61/><G135/><T78/><D19/><U66/><E66/><V81/><F107/><W5/><G5/><N who="2" m="2153" /><F81/><W111/><G111/><T43/><D7/><U55/><E55/><V94/><F94/><W102/><G58/><T67/><D17/><U130/><E130/><V126/><F126/><W87/><G16/><T83/><D83/><U90/><E18/><N who="2" m="12311" /><F85/><W27/><G27/><T132/><D67/><U101/><E90/><V93/><F93/><W29/><G29/><T128/><D128/><U34/><E91/><V23/><F120/><N who="3" m="46155" /><G61/><T15/><D97/><U53/><E53/><V99/><F99/><N who="3" m="61663" /><G62/><T69/><D69/><U115/><E54/><V92/><F92/><N who="3" m="54303" /><G106/><T125/><D125/><U14/><E56/><V60/><F60/><W22/><G22/><T39/><D59/><U134/><E115/><V86/><F86/><N who="3" m="48399" /><G79/><T10/><D78/><U8/><E104/><V26/><F26/><W52/><G52/><T21/><D63/><U72/><E134/><V11/><F11/><W50/><G50/><T71/><D132/><U40/><E40/><V113/><F113/><W89/><G89/><T95/><D43/><U42/><E42/><V84/><F84/><W76/><G76/><RYUUKYOKU ba="0,0" sc="384,-15,176,-15,333,15,107,15" hai2="23,25,33,35,116,117,118" hai3="119" />
</Scene>
<Scene>
<INIT seed="6,1,0,1,4,26" ten="369,161,348,122" oya="2" hai0="27,97,108,101,126,60,41,94,70,84,89,127,99" hai1="48,72,34,86,64,123,16,29,74,21,49,112,52" hai2="18,59,32,12,68,51,110,77,100,33,30,75,93" hai3="96,57,79,6,23,11,39,54,132,90,88,62,46"/><V111/><F68/><W25/><G132/><T45/><D108/><N who="2" m="41514" /><F77/><W38/><G79/><T3/><D3/><U135/><E64/><V91/><F75/><W2/><G46/><T19/><D19/><U95/><E49/><V15/><F100/><W102/><G38/><T130/><D27/><U14/><E135/><V131/><F131/><W73/><G39/><T133/><D133/><U9/><E112/><V119/><F119/><W71/><G73/><T61/><D70/><U4/><E123/><V98/><F30/><W56/><G56/><T55/><D55/><U124/><E124/><N who="0" m="47657" /><D130/><U116/><E116/><V113/><F113/><W109/><G71/><T80/><D99/><U42/><E42/><V31/><F31/><W63/><G63/><T13/><D13/><N who="2" m="5194" /><F18/><W106/><REACH who="3" step="1"/><G109/><REACH who="3" ten="369,161,348,112" step="2"/><T37/><AGARI ba="1,1" hai="37,41,45,60,61,80,84,89,94,97,101" m="47657" machi="37" ten="30,1100,0" yaku="18,1" doraHai="26" who="0" fromWho="0" sc="369,24,161,-4,348,-6,112,-4" />
</Scene>
<Scene>
<INIT seed="7,0,0,4,5,90" ten="393,157,342,108" oya="3" hai0="60,81,89,7,134,124,118,24,105,70,38,103,2" hai1="8,35,26,44,71,74,87,82,11,54,37,129,68" hai2="40,1,63,79,62,131,83,114,27,36,64,19,109" hai3="25,101,16,121,41,33,117,119,94,88,43,84,100"/><W5/><G121/><T127/><D118/><U57/><E74/><V120/><F109/><W106/><G5/><T93/><D38/><U122/><E122/><V48/><F1/><W95/><G106/><T102/><D24/><U30/><E129/><V58/><F36/><W66/><G66/><N who="0" m="41287" /><D81/><U22/><E35/><V111/><F111/><W80/><G119/><T107/><D7/><U59/><E59/><V61/><F131/><W97/><G117/><T99/><D2/><U112/><E112/><V115/><F120/><W75/><G33/><T23/><D23/><U56/><E56/><V14/><F27/><W125/><G125/><N who="0" m="48203" /><D134/><U29/><E29/><V113/><F40/><N who="3" m="15435" /><G75/><T46/><D46/><U132/><E44/><V45/><F45/><W123/><G123/><T110/><D110/><U31/><E37/><V65/><F48/><W32/><G32/><T4/><D4/><U69/><E31/><V76/><F58/><W3/><G3/><T9/><D9/><U28/><E28/><V77/><F83/><W85/><G25/><T53/><D53/><U34/><E34/><V67/><F67/><W15/><G100/><AGARI ba="0,0" hai="89,93,99,100,102,103,105,107" m="48203,41287" machi="100" ten="30,2000,0" yaku="18,1,52,1" doraHai="90" who="0" fromWho="3" sc="393,20,157,0,342,0,108,-20" owari="413,51.0,157,-24.0,342,14.0,88,-41.0" />
</Scene>
</mjloggm>