<mjloggm ver="2.3"><GO type="169" lobby="0"/><UN n0="%E5%A4%AA%E3%81%8F%E3%81%AA%E3%81%84%E3%81%8A" n1="%E3%81%BE%E3%81%93%E3%81%95%E3%81%A8%76%65%72%32" n2="%E5%BE%A9%E8%AE%90%E3%81%A1%E3%82%83%E3%82%93" n3="%E3%83%96%E3%83%AB%E3%83%96%E3%83%AB%E3%83%8F%E3%83%BC%E3%83%84" dan="18,17,17,17" rate="2240.09,2226.81,2168.37,2193.16" sx="F,M,F,M"/><TAIKYOKU oya="0"/>

<Scene>
<INIT seed="0,0,0,0,2,114" ten="250,250,250,250" oya="0" hai0="28,46,64,84,116,126,102,60,110,133,101,58,98" hai1="115,124,76,62,55,89,16,26,120,90,63,56,125" hai2="44,134,74,123,3,113,71,6,38,33,65,11,35" hai3="51,22,43,66,70,94,77,54,32,100,75,20,39"/><T12/><D126/><N who="1" m="48747" /><E120/><V95/><F123/><W80/><G32/><T40/><D133/><U9/><E76/><V92/><F134/><W23/><G43/><T24/><D110/><U47/><E115/><V117/><F92/><W86/><G39/><T73/><D73/><U50/><E63/><V103/><F95/><W1/><G1/><T106/><D101/><U13/><E26/><V69/><F103/><W7/><G7/><T31/><D12/><U15/><E15/><V93/><F93/><W30/><G30/><T119/><D84/><U108/><E108/><V127/><F113/><W45/><G66/><AGARI ba="0,0" hai="9,13,16,47,50,55,56,62,66,89,90" m="48747" machi="66" ten="30,2000,0" yaku="18,1,54,1" doraHai="114" who="1" fromWho="3" sc="250,0,250,20,250,0,250,-20" />
</Scene>
<Scene>
<INIT seed="1,0,0,5,4,129" ten="250,270,250,230" oya="1" hai0="46,10,95,128,8,133,112,130,6,88,39,27,76" hai1="65,94,0,125,61,99,69,9,48,117,68,66,33" hai2="60,62,54,52,83,40,25,20,72,127,15,82,42" hai3="115,132,59,124,116,5,19,56,36,121,105,58,4"/><U53/><E33/><V134/><F127/><W2/><G115/><T63/><D112/><U104/><E104/><V81/><F72/><W71/><G105/><T96/><D76/><U102/><E125/><V41/><F15/><W49/><G124/><T91/><D27/><U24/><E117/><V109/><F109/><W80/><G36/><T38/><D63/><U11/><E0/><V98/><F98/><W84/><G71/><T14/><D46/><U77/><E77/><V92/><F92/><W34/><G34/><T131/><D133/><U70/><E24/><V120/><F134/><W55/><G132/><T31/><D31/><U7/><E65/><V110/><F110/><W1/><G1/><T51/><D51/><U47/><REACH who="1" step="1"/><E7/><REACH who="1" ten="250,260,250,230" step="2"/><V23/><F25/><W22/><G2/><N who="0" m="87" /><D91/><U64/><E64/><V107/><F107/><W87/><G116/><T35/><D35/><U12/><E12/><V100/><F100/><W119/><G119/><T111/><D111/><U18/><E18/><AGARI ba="0,1" hai="10,14,18,38,39,88,95,96,128,130,131" m="87" machi="18" ten="30,2000,0" yaku="19,1,54,1" doraHai="129" who="0" fromWho="1" sc="250,30,260,-20,250,0,230,0" />
</Scene>
<Scene>
<INIT seed="2,0,0,4,0,113" ten="280,240,250,230" oya="2" hai0="100,38,3,40,6,122,116,57,0,72,7,123,127" hai1="125,67,102,119,81,133,60,104,54,8,37,73,12" hai2="4,115,114,28,16,83,75,76,106,51,105,14,97" hai3="107,47,130,82,74,29,95,43,20,22,13,70,79"/><V55/><F28/><W34/><G34/><T78/><D100/><U66/><E37/><V80/><F4/><W77/><G70/><T110/><D57/><U94/><E104/><V26/><F26/><W46/><G107/><T39/><D78/><U64/><E125/><V69/><F69/><W121/><G121/><T108/><D72/><U103/><E133/><V49/><F105/><W15/><G130/><T93/><D93/><U19/><E94/><V52/><F83/><W98/><G29/><T134/><D134/><U9/><E9/><V59/><F97/><W35/><G35/><T62/><D62/><U42/><E42/><V33/><F33/><W112/><G112/><T48/><D48/><U18/><E18/><V2/><F2/><W120/><G120/><T31/><D31/><U132/><E132/><V101/><F101/><W1/><G1/><T50/><D50/><U25/><E25/><V61/><F61/><W135/><G135/><T89/><D40/><U99/><E102/><V126/><F126/><W32/><G32/><T91/><D127/><U56/><E73/><V71/><F71/><W128/><G128/><T5/><D5/><U124/><E124/><V53/><F53/><W96/><G43/><T84/><D84/><U58/><E58/><N who="2" m="33039" /><F106/><W45/><G74/><T88/><D91/><U27/><E27/><V109/><F109/><W24/><G79/><T17/><D17/><U30/><E30/><V68/><F68/><W44/><G77/><T92/><D92/><N who="1" m="58855" /><E81/><V131/><F131/><W23/><N who="3" m="11264" /><DORA hai="65" /><W36/><G82/><T63/><D63/><RYUUKYOKU ba="0,0" sc="280,10,240,10,250,10,230,-30" hai0="0,3,6,7,38,39,88,89,108,110,116,122,123" hai1="8,12,19,54,56,60,64,66,67,119" hai2="14,16,51,55,59,75,76,80,114,115" />
</Scene>
<Scene>
<INIT seed="2,1,0,1,0,56" ten="290,250,260,200" oya="2" hai0="91,82,88,32,127,129,112,130,46,61,77,64,69" hai1="5,111,119,93,44,17,60,45,123,105,22,80,53" hai2="75,95,1,65,58,14,120,109,36,42,81,11,124" hai3="49,99,86,18,24,20,108,34,6,103,28,106,79"/><V29/><F120/><W110/><G6/><T23/><D32/><U115/><E105/><V107/><F107/><W40/><G79/><T9/><D112/><U63/><E111/><N who="3" m="42538" /><G86/><T43/><D127/><U52/><E119/><V96/><F1/><W62/><G49/><N who="0" m="26847" /><D23/><U132/><E115/><V47/><F124/><W41/><G62/><N who="1" m="23594" /><E132/><V73/><F73/><W57/><G57/><T25/><D25/><AGARI ba="1,0" hai="18,20,24,25,28,34,40,41,99,103,106" m="42538" machi="25" ten="30,1000,0" yaku="14,1" doraHai="56" who="3" fromWho="0" sc="290,-13,250,0,260,0,200,13" />
</Scene>
<Scene>
<INIT seed="3,0,0,3,2,80" ten="277,250,260,213" oya="3" hai0="83,59,12,91,35,19,66,124,105,109,67,58,69" hai1="60,13,15,81,85,53,10,90,14,131,114,4,88" hai2="9,34,17,130,110,28,96,125,39,8,65,61,41" hai3="47,21,97,127,72,89,26,7,45,133,68,63,128"/><W0/><G72/><T120/><D120/><U76/><E114/><V5/><F41/><W51/><G127/><T25/><D105/><U43/><E43/><V94/><F39/><W104/><G128/><T92/><D124/><U87/><E131/><V112/><F112/><W46/><G133/><T123/><D123/><U121/><E121/><V115/><F115/><W119/><G119/><T132/><D132/><U24/><E24/><V84/><F84/><W50/><G7/><T22/><D109/><U103/><E103/><V77/><F110/><W78/><G0/><T30/><D83/><N who="1" m="49535" /><E76/><V2/><F77/><W73/><G73/><T33/><D33/><U36/><E36/><V134/><F134/><W70/><G78/><T117/><D117/><U71/><E71/><V113/><F125/><W129/><G129/><T108/><D108/><U86/><E86/><V62/><F34/><W79/><G79/><T54/><D69/><U101/><E101/><V98/><F2/><W23/><G104/><T100/><D100/><U27/><E27/><V75/><F75/><W6/><G26/><T37/><D37/><U20/><E20/><N who="3" m="7754" /><G68/><T118/><D118/><U99/><E99/><V32/><F32/><W106/><G106/><T111/><D111/><U55/><E55/><V57/><F113/><W74/><G74/><T122/><D122/><U38/><E38/><V11/><F98/><W48/><G97/><T82/><D35/><U49/><E60/><V95/><F96/><W56/><G70/><T102/><D102/><U126/><E126/><V31/><F130/><W44/><G89/><RYUUKYOKU ba="0,0" sc="277,-10,250,30,260,-10,213,-10" hai1="4,10,13,14,15,49,53,81,85,88" />
</Scene>
<Scene>
<INIT seed="4,1,0,3,3,73" ten="267,280,250,203" oya="0" hai0="23,117,85,69,22,50,112,122,61,18,70,76,94" hai1="126,33,8,58,24,21,34,128,49,133,65,45,12" hai2="3,67,125,89,54,108,92,53,105,27,68,118,102" hai3="56,81,16,110,91,2,42,82,114,100,75,107,41"/><T63/><D117/><U51/><E128/><V32/><F3/><W6/><G110/><T72/><D122/><U15/><E133/><V113/><F108/><W119/><G119/><T74/><D112/><U101/><E126/><V86/><F113/><W35/><G35/><T116/><D116/><U14/><E101/><V90/><F90/><W80/><G114/><T4/><D4/><U1/><E1/><V40/><F40/><N who="3" m="15467" /><G107/><T77/><D50/><N who="1" m="18955" /><E34/><V57/><F57/><W66/><G6/><T30/><D18/><N who="1" m="12343" /><E33/><V5/><F5/><W131/><G100/><T124/><D85/><U127/><E45/><V130/><F130/><W37/><G2/><T0/><D0/><U38/><E38/><V39/><F39/><W71/><G71/><T13/><D13/><U99/><E99/><V96/><F125/><W31/><G31/><T64/><D124/><U109/><E109/><V121/><F121/><W44/><G44/><T111/><D111/><U59/><E127/><V132/><F132/><W84/><G37/><T62/><D30/><U95/><E95/><V11/><F118/><W97/><G97/><T26/><D94/><U10/><E65/><V7/><F67/><W98/><G98/><T134/><D134/><U48/><E59/><V55/><F68/><N who="0" m="26218" /><D64/><U60/><E60/><V83/><F105/><W36/><G36/><T103/><D103/><U28/><E28/><N who="2" m="19487" /><F54/><AGARI ba="1,0" hai="8,10,12,14,15,48,54,58" m="12343,18955" machi="54" ten="30,1000,0" yaku="8,1" doraHai="73" who="1" fromWho="2" sc="267,0,280,13,250,-13,203,0" />
</Scene>
<Scene>
<INIT seed="5,0,0,3,2,82" ten="267,293,237,203" oya="1" hai0="35,114,65,43,49,91,4,63,90,9,48,109,28" hai1="78,23,77,87,126,5,96,108,72,103,128,73,110" hai2="107,38,19,66,34,119,0,127,26,47,98,32,13" hai3="94,104,88,67,86,113,121,89,106,51,37,10,101"/><U111/><E5/><V116/><F127/><W57/><G37/><T42/><D109/><U30/><E126/><V18/><F0/><W59/><G121/><T122/><D122/><U75/><E128/><V100/><F66/><W135/><G101/><T40/><D114/><U31/><E23/><V52/><F38/><W14/><G113/><T27/><D49/><U76/><REACH who="1" step="1"/><E87/><REACH who="1" ten="267,283,237,203" step="2"/><V93/><F116/><W41/><G135/><T61/><D4/><U85/><E85/><V16/><F119/><W118/><G118/><T117/><D117/><U79/><N who="1" m="19456" /><DORA hai="12" /><U71/><E71/><V95/><F13/><W70/><G70/><T20/><D20/><U125/><E125/><V24/><F26/><W58/><G14/><T80/><D9/><U74/><N who="1" m="18432" /><DORA hai="69" /><U68/><E68/><V105/><F24/><W112/><G10/><T60/><D27/><U46/><E46/><V133/><F133/><W17/><G112/><T99/><D35/><U29/><E29/><V39/><F34/><W15/><G15/><T1/><D28/><U92/><AGARI ba="0,1" hai="30,31,92,96,103,108,110,111" m="18432,19456" machi="92" ten="80,18000,2" yaku="1,1,0,1,29,2,10,1,53,1" doraHai="82,12,69" doraHaiUra="132,97,2" who="1" fromWho="1" sc="267,-60,283,190,237,-60,203,-60" />
</Scene>
<Scene>
<INIT seed="5,1,0,4,2,12" ten="207,473,177,143" oya="1" hai0="85,133,8,27,99,112,38,6,107,80,64,49,119" hai1="29,89,84,7,5,68,122,60,104,106,52,120,62" hai2="73,70,10,92,59,105,123,31,19,47,15,113,111" hai3="83,128,16,124,102,21,58,43,20,91,35,69,66"/><U134/><E134/><V72/><F105/><W132/><G69/><T9/><D38/><U135/><E29/><V82/><F70/><W96/><G35/><T28/><D119/><U48/><E68/><V50/><F111/><W51/><G21/><T53/><D112/><U54/><E135/><V32/><F123/><W87/><G132/><T34/><D133/><U4/><E84/><V95/><F113/><W90/><G128/><T126/><D126/><U88/><E4/><V81/><F31/><W121/><G124/><T63/><D6/><U46/><E48/><V97/><F32/><W109/><G109/><T86/><D86/><U22/><E22/><V67/><F72/><W77/><G121/><T25/><D25/><U94/><E94/><V115/><F92/><N who="3" m="58631" /><G66/><T3/><D3/><U1/><E46/><V103/><F73/><W98/><G98/><T118/><D118/><U37/><E37/><V30/><F30/><W24/><G43/><T101/><D53/><AGARI ba="1,0" hai="16,20,24,51,53,58,77,83,87,90,91" m="58631" machi="53" ten="30,3900,0" yaku="8,1,52,1,54,1" doraHai="12" who="3" fromWho="0" sc="207,-42,473,0,177,0,143,42" />
</Scene>
<Scene>
<INIT seed="6,0,0,1,4,36" ten="165,473,177,185" oya="2" hai0="47,60,34,108,68,57,118,128,96,81,29,21,119" hai1="106,93,52,28,69,124,56,45,15,113,103,7,49" hai2="76,80,6,134,26,11,64,109,85,89,1,86,27" hai3="24,59,14,122,10,39,38,67,100,127,79,75,74"/><V92/><F134/><W117/><G122/><T110/><D34/><U77/><E106/><V23/><F64/><W78/><G24/><N who="0" m="16527" /><D68/><U71/><E77/><V19/><F109/><W31/><G31/><T126/><D126/><U16/><E28/><V46/><F46/><W20/><G20/><T42/><D96/><U5/><E71/><V12/><AGARI ba="0,0" hai="1,6,11,12,19,23,26,27,76,80,85,86,89,92" machi="12" ten="20,2100,0" yaku="0,1,7,1" doraHai="36" who="2" fromWho="2" sc="165,-7,473,-7,177,21,185,-7" />
</Scene>
<Scene>
<INIT seed="6,1,0,4,0,54" ten="158,466,198,178" oya="2" hai0="22,51,43,122,103,80,113,107,91,65,84,83,59" hai1="36,52,77,111,48,132,85,55,10,98,41,90,33" hai2="92,87,25,21,95,78,121,19,1,124,29,8,100" hai3="7,119,47,88,89,86,3,125,61,44,102,75,45"/><V53/><F124/><W37/><G75/><T4/><D122/><U26/><E111/><V73/><F73/><W38/><G119/><T56/><D113/><U116/><E132/><V135/><F135/><W109/><G109/><T5/><D107/><U123/><E36/><V106/><F106/><W57/><G125/><T127/><D127/><U31/><E41/><V68/><F68/><W117/><G117/><T115/><D115/><U118/><E123/><V28/><F1/><W112/><G112/><T81/><D103/><U23/><E55/><V17/><F121/><W16/><G102/><T82/><D22/><U46/><E77/><V70/><F70/><W105/><G7/><N who="0" m="2635" /><D65/><U49/><E49/><V35/><F35/><W114/><G3/><T2/><D2/><U6/><E98/><N who="2" m="59463" /><F53/><N who="3" m="33967" /><G105/><T13/><D13/><U67/><E67/><V27/><F78/><W32/><G32/><T96/><D96/><U108/><E33/><V72/><F72/><W93/><G37/><T40/><D40/><U74/><E74/><V14/><F27/><W64/><G64/><T34/><D34/><U66/><E66/><V130/><F25/><W42/><G114/><T131/><D131/><U15/><E108/><V104/><F130/><W94/><G38/><T63/><D63/><U62/><E62/><V97/><F104/><W24/><G42/><T58/><D43/><U120/><E120/><V129/><F129/><W76/><G76/><T133/><D133/><U18/><E6/><V9/><F97/><N who="3" m="57511" /><G24/><T20/><D51/><U99/><E99/><V101/><F101/><W69/><G69/><RYUUKYOKU ba="1,0" sc="158,10,466,10,198,-30,178,10" hai0="20,56,58,59,80,81,82,83,84,91" hai1="10,15,18,23,26,31,46,48,52,85,90,116,118" hai3="16,44,45,47,86,89,94" />
</Scene>
<Scene>
<INIT seed="7,2,0,4,0,115" ten="168,476,168,188" oya="3" hai0="58,13,112,116,69,109,62,41,79,101,78,81,95" hai1="42,14,107,122,120,85,123,22,104,131,5,71,135" hai2="126,100,97,90,53,38,1,33,43,55,40,4,54" hai3="91,51,92,36,106,12,57,132,66,114,118,111,77"/><W18/><G118/><T50/><D109/><U121/><E71/><V27/><F38/><W129/><G36/><T73/><D116/><U82/><E131/><V32/><F126/><W52/><G106/><T98/><D112/><U34/><E34/><V60/><F1/><W93/><G114/><T67/><D78/><U96/><E135/><V8/><F32/><W16/><G132/><T133/><D133/><U72/><E72/><V99/><F33/><W127/><G129/><T11/><D41/><U94/><E42/><N who="2" m="15915" /><F27/><W44/><G77/><T20/><D20/><U59/><E59/><V7/><F8/><N who="3" m="6151" /><G127/><T49/><REACH who="0" step="1"/><D69/><REACH who="0" ten="158,476,168,188" step="2"/><U24/><E94/><N who="2" m="58487" /><F60/><N who="3" m="38159" /><G111/><T56/><D56/><U80/><E104/><V26/><F26/><W108/><G108/><T124/><D124/><U65/><E107/><V9/><F9/><W15/><G91/><T128/><D128/><U6/><E120/><V10/><F10/><AGARI ba="2,1" hai="10,15,18,44,51,52,92,93" m="38159,6151" machi="10" ten="30,5800,0" yaku="8,1,54,2" doraHai="115" who="3" fromWho="2" sc="158,0,476,0,168,-64,188,74" />
</Scene>
<Scene>
<INIT seed="7,3,0,4,0,103" ten="158,476,104,262" oya="3" hai0="101,63,21,90,48,113,5,111,17,116,109,74,26" hai1="42,31,55,35,71,47,13,78,72,94,131,29,75" hai2="23,51,91,49,135,95,82,34,36,84,9,33,127" hai3="10,41,7,50,128,98,24,86,30,87,130,133,115"/><W40/><G98/><T108/><D116/><U4/><E71/><V22/><F36/><W38/><G38/><T83/><D101/><U80/><E72/><V65/><F127/><W81/><G115/><T66/><D113/><U118/><E35/><V73/><F135/><W102/><G102/><T107/><D107/><U85/><E55/><V112/><F112/><W123/><G133/><T134/><D134/><U61/><E61/><V68/><F34/><W122/><G24/><T99/><D5/><U100/><E75/><V12/><F33/><W45/><G30/><T96/><D48/><N who="1" m="26743" /><E131/><N who="3" m="50218" /><G86/><T70/><REACH who="0" step="1"/><D90/><REACH who="0" ten="148,476,104,262" step="2"/><U104/><E104/><V97/><F73/><W52/><G122/><T18/><D18/><U62/><E62/><V14/><F51/><W16/><G123/><T117/><D117/><U89/><E118/><V6/><F49/><W106/><G106/><T54/><D54/><U124/><E124/><V39/><F39/><W69/><G16/><T0/><D0/><U59/><E100/><V126/><F126/><W64/><G52/><T110/><N who="0" m="27648" /><DORA hai="129" /><T119/><D119/><U1/><E1/><V53/><F53/><W11/><G7/><T105/><D105/><U44/><E4/><V77/><REACH who="2" step="1"/><F14/><REACH who="2" ten="148,476,94,262" step="2"/><W79/><G40/><T67/><D67/><U114/><E13/><V25/><F25/><W60/><AGARI ba="3,2" hai="10,11,41,45,50,60,64,69,79,81,87" m="50218" machi="60" ten="30,1500,0" yaku="19,1" doraHai="103,129" who="3" fromWho="3" sc="148,-8,476,-8,94,-8,262,44" />
</Scene>
<Scene>
<INIT seed="7,4,0,1,2,21" ten="140,468,86,306" oya="3" hai0="45,127,113,47,108,60,119,109,18,104,35,123,91" hai1="73,107,89,40,100,85,117,44,57,49,74,65,105" hai2="86,77,114,36,19,129,122,66,56,82,130,68,39" hai3="126,70,83,27,10,111,26,51,4,12,38,17,43"/><W115/><G38/><T8/><D123/><U128/><E107/><V101/><F68/><W125/><G70/><T33/><D119/><U106/><E105/><V118/><F118/><W72/><G115/><T28/><D104/><U69/><E128/><V135/><F114/><W0/><G111/><T63/><D113/><U59/><E59/><V67/><F122/><W3/><G43/><T32/><D28/><U92/><E117/><V98/><F135/><W120/><G51/><T124/><D91/><U71/><E71/><V20/><F39/><W75/><G83/><T76/><D76/><U102/><E106/><V11/><F11/><N who="3" m="6303" /><G120/><T34/><D34/><U121/><E121/><V5/><F5/><W41/><G41/><T134/><D134/><U37/><E74/><V53/><F36/><W62/><G62/><N who="0" m="23595" /><D18/><U50/><E73/><V25/><F129/><W24/><G3/><T80/><D8/><U23/><E37/><V84/><F130/><W95/><G95/><T46/><D80/><U30/><E69/><V31/><F86/><W110/><G110/><AGARI ba="4,0" hai="32,33,35,45,46,47,108,109,110,124,127" m="23595" machi="110" ten="40,2600,0" yaku="28,2" doraHai="21" who="0" fromWho="3" sc="140,38,468,0,86,0,306,-38" owari="178,-22.0,468,56.0,86,-41.0,268,7.0" />
</Scene>
</mjloggm>