<mjloggm ver="2.3"><GO type="169" lobby="0"/><UN n0="%61%62%63%64%63%64%61%62" n1="%E3%81%B2%E3%81%90%E3%81%A1" n2="%E5%A4%AA%E3%81%8F%E3%81%AA%E3%81%84%E3%81%8A" n3="%E3%83%94%E3%82%A3%38%31%30" dan="16,17,17,17" rate="2086.18,2161.51,2238.65,2123.92" sx="M,M,M,M"/><TAIKYOKU oya="0"/>

<Scene>
<INIT seed="0,0,0,5,0,27" ten="250,250,250,250" oya="0" hai0="52,33,95,99,112,55,129,57,104,124,116,133,119" hai1="25,54,107,2,22,89,36,61,91,6,130,81,134" hai2="14,32,75,64,10,111,98,67,100,80,126,74,93" hai3="135,46,83,34,125,97,17,23,44,113,5,28,103"/><T31/><D112/><U26/><E36/><V66/><F111/><W15/><G113/><T51/><D104/><U102/><E130/><V71/><F126/><W73/><G5/><T60/><D124/><U65/><E134/><V85/><F32/><W21/><G135/><T13/><D133/><U78/><E54/><V110/><F110/><W8/><G34/><T39/><D39/><U92/><E26/><V86/><F71/><W38/><G38/><T29/><D33/><U49/><E49/><V115/><F115/><W127/><G125/><T7/><D129/><U132/><E132/><V9/><F9/><W30/><G73/><T131/><D131/><U37/><E37/><V69/><F69/><W108/><G83/><T24/><D24/><U48/><E48/><V82/><F82/><W18/><G108/><T63/><D119/><U123/><E107/><V118/><F85/><W59/><G59/><N who="0" m="33183" /><D63/><U58/><E6/><V12/><F12/><N who="3" m="9415" /><G127/><T4/><D116/><U117/><E2/><V105/><F105/><W41/><G41/><T96/><D96/><N who="1" m="59655" /><E123/><V47/><F118/><W77/><G77/><T40/><D40/><U114/><E114/><V62/><F62/><W43/><G43/><T101/><D7/><U109/><E109/><V122/><F122/><W19/><G97/><T94/><D94/><U120/><E120/><V35/><F35/><W50/><G103/><T84/><D84/><N who="1" m="48183" /><E117/><V11/><F47/><N who="3" m="17963" /><G50/><T16/><D4/><U3/><E3/><V56/><F56/><W45/><N who="3" m="17971" /><W106/><DORA hai="88" /><G106/><T79/><D79/><U87/><E87/><RYUUKYOKU ba="0,0" sc="250,10,250,10,250,-30,250,10" hai0="13,16,29,31,55,57,60,95,99,101" hai1="22,25,58,61,65,89,91" hai3="8,15,17,19,23,28,30" />
</Scene>
<Scene>
<INIT seed="0,1,0,1,1,65" ten="260,260,220,260" oya="0" hai0="135,69,24,78,129,55,84,21,72,110,74,56,94" hai1="92,131,97,19,87,117,98,82,127,6,57,52,54" hai2="112,7,38,120,126,108,118,47,68,46,20,0,88" hai3="43,17,44,33,28,133,67,25,15,106,96,16,130"/><T111/><D135/><U48/><E117/><V114/><F120/><W64/><G130/><T49/><D129/><U32/><E32/><V107/><F107/><W104/><G133/><T116/><D116/><U93/><E131/><V37/><F118/><W73/><G73/><T1/><D1/><U102/><E127/><V83/><F126/><W59/><G17/><T76/><D69/><U14/><E6/><V41/><F108/><N who="0" m="41514" /><D94/><U89/><E54/><V81/><F20/><W115/><G115/><T5/><D5/><U90/><E14/><V42/><F68/><W132/><G132/><T124/><D124/><U80/><REACH who="1" step="1"/><E19/><REACH who="1" ten="260,250,220,260" step="2"/><V13/><F13/><W123/><G123/><T70/><D24/><U36/><E36/><V3/><F7/><W61/><G67/><T63/><D21/><U119/><E119/><V22/><F22/><W128/><G128/><T51/><D55/><U31/><E31/><V75/><F75/><W79/><G43/><T91/><D74/><U66/><E66/><V34/><F34/><W26/><G26/><T53/><D72/><U50/><E50/><V125/><F125/><W18/><G18/><T29/><D29/><U95/><AGARI ba="1,1" hai="48,52,57,80,82,87,89,90,92,93,95,97,98,102" machi="95" ten="20,8000,1" yaku="1,1,0,1,7,1,8,1,54,1,53,0" doraHai="65" doraHaiUra="134" who="1" fromWho="1" sc="260,-41,250,93,220,-21,260,-21" />
</Scene>
<Scene>
<INIT seed="1,0,0,2,3,98" ten="219,343,199,239" oya="1" hai0="11,45,81,88,68,78,57,130,126,80,91,119,49" hai1="10,29,22,17,113,61,73,26,117,70,62,58,104" hai2="128,32,3,118,4,14,20,31,90,131,6,28,82" hai3="47,93,64,21,56,40,87,121,48,35,54,27,72"/><U71/><E73/><V15/><F82/><W60/><G72/><T16/><D68/><U125/><E104/><V25/><F90/><N who="0" m="34346" /><D119/><U77/><E77/><V94/><F94/><W83/><G35/><T99/><D130/><N who="2" m="49706" /><F118/><W85/><G121/><T129/><D129/><U89/><E113/><V52/><F52/><W59/><G93/><T107/><D107/><U96/><E117/><V76/><F76/><W24/><G21/><T101/><D126/><U34/><E125/><V86/><F86/><W123/><G123/><T108/><D57/><U42/><E42/><V95/><F95/><W50/><REACH who="3" step="1"/><G85/><REACH who="3" ten="219,343,199,229" step="2"/><T133/><D108/><U102/><E34/><V23/><F32/><W51/><G51/><T63/><D133/><U106/><E22/><V110/><F110/><W37/><G37/><T79/><D63/><U66/><E106/><V8/><F6/><W124/><G124/><T0/><D81/><U109/><E62/><V38/><F38/><W65/><G65/><T5/><D80/><U7/><E7/><V36/><F36/><W39/><G39/><T97/><D5/><U92/><E61/><V41/><F41/><W67/><G67/><T69/><D49/><U115/><E66/><V111/><F111/><W1/><G1/><T9/><D0/><U103/><E109/><V44/><F23/><W122/><G122/><T100/><D97/><U84/><E96/><V74/><F74/><W46/><G46/><T135/><D45/><U55/><E92/><V127/><F127/><W75/><G75/><T33/><D99/><U114/><E84/><V112/><F44/><RYUUKYOKU ba="0,1" sc="219,-10,343,-10,199,-10,229,30" hai3="24,27,40,47,48,50,54,56,59,60,64,83,87" />
</Scene>
<Scene>
<INIT seed="2,1,1,0,5,27" ten="209,333,189,259" oya="2" hai0="54,85,123,79,108,78,93,45,44,107,15,24,10" hai1="117,56,13,62,49,92,21,94,55,134,17,88,38" hai2="11,29,106,46,47,35,57,103,114,135,5,126,23" hai3="50,119,22,2,112,41,102,30,0,64,77,118,8"/><V33/><F114/><W104/><G64/><T6/><D107/><U42/><E117/><V3/><F126/><W129/><G77/><T133/><D123/><U65/><E134/><V87/><F135/><W90/><G90/><N who="0" m="53455" /><D133/><U113/><E113/><V32/><F87/><W132/><G112/><T67/><D108/><U37/><E42/><V95/><F95/><W127/><G132/><T36/><D36/><U121/><E94/><V16/><F57/><W20/><G102/><T43/><D67/><U120/><E120/><V131/><F131/><W58/><G104/><T59/><D24/><U71/><REACH who="1" step="1"/><E121/><REACH who="1" ten="209,323,189,259" step="2"/><V12/><REACH who="2" step="1"/><F29/><REACH who="2" ten="209,323,179,259" step="2"/><W81/><G30/><T84/><D84/><AGARI ba="1,3" hai="13,17,21,37,38,49,55,56,62,65,71,84,88,92" machi="84" ten="30,12000,2" yaku="1,1,2,1,7,1,25,2,54,1,53,1" doraHai="27" doraHaiUra="53" who="1" fromWho="0" sc="209,-123,323,153,179,0,259,0" />
</Scene>
<Scene>
<INIT seed="3,0,0,3,1,127" ten="86,476,179,259" oya="3" hai0="44,100,8,95,20,118,67,14,126,130,24,75,102" hai1="2,15,106,132,70,64,23,128,79,93,60,63,10" hai2="29,50,49,4,98,51,117,123,68,125,1,133,113" hai3="105,9,13,110,111,80,38,55,135,90,3,78,82"/><W92/><G105/><T109/><D118/><U61/><E106/><V19/><F117/><W27/><G38/><T7/><D75/><U103/><E79/><V46/><F113/><W41/><G41/><T54/><D126/><U0/><E132/><V131/><F125/><W56/><G3/><T52/><D109/><N who="3" m="41481" /><G78/><T86/><D130/><U47/><E128/><V18/><F131/><W77/><G77/><T107/><D107/><U85/><E0/><V122/><F68/><W16/><G27/><T94/><D67/><U134/><E134/><V66/><F66/><W97/><G135/><T71/><D71/><U101/><E2/><V31/><F46/><W21/><G9/><T11/><D11/><U28/><E70/><V12/><F133/><W33/><G33/><T34/><D34/><U53/><E64/><V115/><F115/><W59/><G59/><T89/><D44/><U17/><E53/><N who="0" m="20585" /><D95/><U48/><E48/><AGARI ba="0,0" hai="13,16,21,48,55,56,80,82,90,92,97" m="41481" machi="48" ten="30,5800,0" yaku="14,1,10,1,54,1" doraHai="127" who="3" fromWho="1" sc="86,0,476,-58,179,0,259,58" />
</Scene>
<Scene>
<INIT seed="3,1,0,5,2,108" ten="86,418,179,317" oya="3" hai0="96,68,94,126,40,77,43,53,71,123,20,103,32" hai1="105,21,93,15,116,28,62,69,48,112,26,36,101" hai2="44,45,104,124,74,81,22,119,83,75,132,113,97" hai3="66,49,87,58,110,35,130,10,117,67,52,7,16"/><W72/><G72/><N who="2" m="27689" /><F22/><W107/><G107/><T37/><D32/><U13/><E36/><V17/><F17/><W90/><G117/><T79/><D123/><U127/><E127/><V39/><F39/><W61/><G35/><T88/><D126/><U76/><E105/><V60/><F60/><W102/><G102/><T73/><D73/><U131/><E76/><N who="0" m="29257" /><D71/><U59/><E131/><V64/><F64/><N who="3" m="24619" /><G130/><T63/><D68/><U34/><E69/><V31/><F31/><W109/><G7/><T5/><D37/><U98/><E116/><V111/><F44/><W12/><G109/><T106/><D106/><U134/><E112/><V99/><F45/><W23/><G110/><T50/><D63/><U24/><E48/><V18/><F18/><W128/><G128/><T38/><D38/><U14/><E134/><V29/><F29/><W70/><G70/><T51/><D5/><U91/><E26/><V122/><F111/><W86/><G90/><T11/><D11/><U6/><E91/><V133/><F124/><W78/><G78/><T115/><D115/><U92/><E93/><V114/><F119/><W125/><G125/><T0/><D0/><U57/><E34/><V33/><F33/><W65/><G10/><T27/><D103/><U85/><E6/><V25/><F122/><W8/><G8/><T120/><D120/><U4/><E4/><V56/><F104/><W2/><G2/><T19/><D51/><U89/><E62/><V121/><F121/><W3/><G3/><T9/><D9/><U41/><E41/><V129/><F114/><W95/><G95/><RYUUKYOKU ba="1,0" sc="86,10,418,10,179,-30,317,10" hai0="19,20,27,40,43,50,53,88,94,96" hai1="13,14,15,21,24,28,57,59,85,89,92,98,101" hai3="12,16,23,49,52,58,61,65,86,87" />
</Scene>
<Scene>
<INIT seed="3,2,0,0,4,112" ten="96,428,149,327" oya="3" hai0="52,39,38,108,61,85,121,109,65,29,86,30,26" hai1="57,72,64,69,115,25,5,107,83,89,94,87,45" hai2="101,53,134,128,73,1,6,49,0,22,27,19,117" hai3="42,23,55,8,105,47,56,98,129,17,62,48,66"/><W21/><G129/><T116/><D121/><U35/><E107/><V102/><F73/><W88/><G8/><T119/><D52/><U103/><E69/><V93/><F128/><W100/><G17/><T96/><D96/><U63/><E115/><V24/><F134/><W34/><G34/><T7/><D7/><U126/><E126/><V74/><F74/><W84/><REACH who="3" step="1"/><G66/><REACH who="3" ten="96,428,149,317" step="2"/><T70/><D30/><U15/><E35/><V91/><F19/><W16/><G16/><T10/><D10/><U46/><E25/><V111/><F24/><W125/><G125/><T132/><D132/><U54/><E64/><V79/><F27/><W4/><G4/><T71/><D71/><U9/><E72/><V59/><F6/><W58/><G58/><T113/><D113/><U28/><E28/><V95/><F59/><W31/><G31/><T123/><D123/><U99/><AGARI ba="2,1" hai="5,9,15,45,46,54,57,63,83,87,89,94,99,103" machi="99" ten="30,2000,0" yaku="0,1,8,1" doraHai="112" who="1" fromWho="1" sc="96,-7,428,36,149,-7,317,-12" />
</Scene>
<Scene>
<INIT seed="4,0,0,3,2,16" ten="89,464,142,305" oya="0" hai0="115,131,19,88,32,62,81,29,64,107,23,61,109" hai1="106,14,135,74,103,2,130,24,111,125,42,26,10" hai2="50,101,47,114,44,58,54,48,123,9,15,121,20" hai3="127,39,69,28,8,91,96,56,86,95,78,89,12"/><T68/><D109/><U85/><E74/><V104/><F114/><W83/><G69/><T30/><D107/><U82/><E42/><V46/><F50/><W71/><G71/><T128/><D115/><U129/><E2/><V5/><F104/><W36/><G127/><T73/><D61/><U34/><E34/><V27/><REACH who="2" step="1"/><F101/><REACH who="2" ten="89,464,132,305" step="2"/><W112/><G36/><T7/><D7/><U132/><E103/><V66/><F66/><W92/><G39/><T22/><D32/><U76/><E106/><V134/><F134/><W72/><G112/><T70/><D70/><U108/><E135/><V0/><F0/><W100/><G100/><T79/><D88/><U40/><E132/><V33/><F33/><W52/><G91/><T38/><D38/><U31/><E108/><V63/><F63/><W75/><G89/><T37/><D37/><U65/><E111/><V4/><F4/><W93/><G96/><T77/><D77/><U94/><E65/><V55/><F55/><W133/><G133/><T87/><D73/><U98/><E98/><V122/><F122/><W51/><REACH who="3" step="1"/><G28/><AGARI ba="0,1" hai="5,9,15,20,27,28,44,46,47,48,54,58,121,123" machi="28" ten="40,2600,0" yaku="1,1,52,1,53,0" doraHai="16" doraHaiUra="84" who="2" fromWho="3" sc="89,0,464,0,132,36,305,-26" />
</Scene>
<Scene>
<INIT seed="5,0,0,3,3,88" ten="89,464,168,279" oya="1" hai0="0,28,14,120,94,26,76,8,22,27,38,95,78" hai1="29,117,131,47,91,23,33,41,60,18,85,5,103" hai2="81,82,3,130,123,54,132,17,57,65,52,89,104" hai3="67,134,114,97,40,135,61,59,129,93,34,69,80"/><U102/><E117/><V106/><F123/><W122/><G34/><T25/><D38/><U42/><E5/><V48/><F3/><W68/><G122/><T31/><D0/><U74/><E74/><V90/><F65/><W53/><G40/><T55/><D120/><U50/><E131/><V101/><F130/><W108/><G129/><T16/><D55/><U100/><E33/><V10/><F132/><N who="3" m="50731" /><G108/><T15/><D76/><U13/><E29/><N who="0" m="11337" /><D78/><U109/><E109/><V133/><F133/><W58/><G80/><T21/><D21/><U127/><E127/><V124/><F124/><W35/><G35/><T128/><D128/><U64/><E42/><V19/><F101/><N who="3" m="60591" /><G114/><T110/><D110/><U79/><E79/><V119/><F119/><W12/><G12/><T4/><AGARI ba="0,0" hai="4,8,14,15,16,22,25,26,27,94,95" m="11337" machi="4" ten="30,7900,0" yaku="8,1,52,2,54,1" doraHai="88" who="0" fromWho="0" sc="89,79,464,-39,168,-20,279,-20" />
</Scene>
<Scene>
<INIT seed="6,0,0,1,2,110" ten="168,425,148,259" oya="2" hai0="100,30,133,75,49,103,50,10,38,90,121,13,48" hai1="33,17,108,94,65,115,54,3,130,8,41,36,64" hai2="113,4,129,82,118,26,76,1,95,55,106,18,79" hai3="58,29,20,123,111,88,23,128,132,59,78,27,28"/><V21/><F106/><W7/><G111/><T44/><D121/><U0/><E33/><V16/><F118/><W60/><G132/><T96/><D75/><U89/><E108/><V32/><F129/><W93/><G128/><T51/><D38/><U112/><E130/><V85/><F32/><W104/><G104/><T34/><D133/><U31/><E31/><V126/><F126/><W14/><G78/><T53/><D30/><N who="3" m="11881" /><G59/><T116/><D34/><U109/><E109/><V12/><F113/><N who="1" m="43593" /><E54/><V5/><F1/><W71/><G71/><T107/><D116/><U83/><E83/><V19/><F79/><W105/><G27/><T47/><D103/><U25/><E41/><V43/><F43/><W97/><G123/><T124/><D124/><U134/><E36/><V45/><F95/><W73/><G73/><T114/><D114/><U92/><E92/><V72/><F72/><W9/><G105/><T6/><D90/><U42/><E42/><AGARI ba="0,0" hai="6,10,13,42,44,47,48,49,50,51,53,96,100,107" machi="42" ten="30,1000,0" yaku="7,1" doraHai="110" who="0" fromWho="1" sc="168,10,425,-10,148,0,259,0" />
</Scene>
<Scene>
<INIT seed="7,0,0,4,2,123" ten="178,415,148,259" oya="3" hai0="12,37,34,101,14,82,19,47,65,98,100,25,75" hai1="133,54,35,7,32,23,27,74,115,131,46,78,9" hai2="113,49,71,109,120,134,119,4,43,87,50,51,2" hai3="86,66,103,28,121,102,17,124,22,129,116,111,44"/><W15/><G116/><T92/><D65/><U52/><E115/><V77/><F119/><W128/><G121/><T36/><D101/><U107/><E107/><V57/><F120/><W135/><G124/><T38/><D75/><U85/><E131/><N who="3" m="50250" /><G135/><T132/><D132/><U1/><E133/><V55/><F134/><W117/><G117/><T13/><D82/><U89/><E35/><V105/><F71/><W70/><G28/><T31/><REACH who="0" step="1"/><D47/><REACH who="0" ten="168,415,148,259" step="2"/><U118/><E32/><V33/><F33/><W110/><G44/><T95/><D95/><U63/><E85/><V72/><F105/><W67/><G70/><T94/><D94/><U21/><E21/><AGARI ba="0,1" hai="12,13,14,19,21,25,31,34,36,37,38,92,98,100" machi="21" ten="40,2600,0" yaku="1,1,53,1" doraHai="123" doraHaiUra="26" who="0" fromWho="1" sc="168,36,415,-26,148,0,259,0" owari="204,-20.0,389,49.0,148,-35.0,259,6.0" />
</Scene>
</mjloggm>