<mjloggm ver="2.3"><GO type="169" lobby="0"/><UN n0="%E5%A4%AA%E3%81%8F%E3%81%AA%E3%81%84%E3%81%8A" n1="%E9%A7%84%E5%A6%B9" n2="%68%69%6E%61%6A%69%6E%6E" n3="%EF%BC%A0%E3%81%8F%E3%82%8D%E3%81%AD%E3%81%93%E3%81%A9%E3%83%BC%EF%BC%A0" dan="19,16,17,16" rate="2317.97,2077.40,2149.11,2146.48" sx="F,F,M,M"/><TAIKYOKU oya="0"/>

<Scene>
<INIT seed="0,0,0,4,3,32" ten="250,250,250,250" oya="0" hai0="22,13,14,129,40,94,96,128,105,4,17,64,65" hai1="7,84,79,95,133,10,134,8,85,125,107,77,74" hai2="123,88,131,26,68,25,87,116,23,33,21,27,57" hai3="1,86,38,78,127,97,61,106,103,3,76,36,83"/><T66/><D105/><U93/><E107/><V122/><F68/><W44/><G127/><T114/><D114/><U62/><E62/><V70/><F70/><W120/><G120/><T30/><D40/><U29/><E29/><V60/><F33/><W69/><G78/><T18/><D4/><U117/><E7/><V59/><F131/><W71/><G71/><T47/><D47/><U49/><E49/><V91/><F27/><W101/><G101/><T113/><D113/><U111/><E111/><V37/><F87/><W28/><G28/><T34/><D34/><U102/><E102/><V2/><F60/><W72/><G86/><T43/><D43/><U92/><E92/><V24/><F24/><W11/><G11/><T90/><REACH who="0" step="1"/><D30/><REACH who="0" ten="240,250,250,250" step="2"/><U115/><E115/><V55/><F37/><N who="3" m="14443" /><G44/><T42/><D42/><U118/><E125/><V53/><REACH who="2" step="1"/><F116/><REACH who="2" ten="240,250,240,250" step="2"/><W99/><G99/><T135/><D135/><U112/><E112/><V20/><F20/><AGARI ba="0,2" hai="13,14,17,18,20,22,64,65,66,90,94,96,128,129" machi="20" ten="40,12000,1" yaku="1,1,9,1,53,3" doraHai="32" doraHaiUra="63" who="0" fromWho="2" sc="240,140,250,0,240,-120,250,0" />
</Scene>
<Scene>
<INIT seed="0,1,0,2,2,109" ten="380,250,120,250" oya="0" hai0="64,94,119,44,20,63,108,33,74,133,120,112,32" hai1="66,34,67,18,54,103,70,29,102,1,56,55,3" hai2="92,78,53,85,65,57,61,9,58,4,36,12,127" hai3="89,11,45,123,27,82,31,72,51,14,97,23,83"/><T68/><D119/><U30/><E18/><V77/><F36/><W116/><G116/><T19/><D120/><U126/><E56/><V95/><F127/><W135/><G135/><T43/><D74/><U46/><E46/><V134/><F134/><W25/><G123/><T52/><D133/><U98/><E126/><V17/><F4/><W5/><G72/><T47/><D108/><U38/><E38/><V37/><F37/><W2/><G2/><T125/><D125/><U35/><REACH who="1" step="1"/><E98/><REACH who="1" ten="380,240,120,250" step="2"/><V28/><F28/><W106/><G27/><T81/><D47/><U13/><E13/><V101/><F12/><W22/><G45/><T7/><D44/><U62/><E62/><V21/><F17/><W48/><G14/><T69/><D63/><U40/><E40/><V113/><F61/><W41/><G97/><T59/><D59/><U90/><E90/><V129/><F57/><W99/><G41/><T8/><D19/><U6/><E6/><V111/><F58/><W130/><G99/><T124/><D124/><U110/><E110/><V84/><F111/><W117/><G5/><T93/><D7/><U16/><E16/><V79/><F9/><W115/><G89/><T39/><D8/><U75/><E75/><V50/><F50/><W96/><G11/><T0/><D39/><U104/><E104/><V118/><F118/><W91/><G106/><T15/><D15/><U128/><E128/><V10/><F129/><W107/><G107/><T122/><D43/><U88/><E88/><V26/><F10/><W76/><G130/><T132/><D0/><U80/><E80/><RYUUKYOKU ba="1,1" sc="380,-10,240,30,120,-10,250,-10" hai1="1,3,29,30,34,35,54,55,66,67,70,102,103" />
</Scene>
<Scene>
<INIT seed="1,2,1,3,5,121" ten="370,270,110,240" oya="1" hai0="20,38,66,100,51,47,54,107,115,64,40,85,28" hai1="73,13,21,93,112,22,59,134,101,111,129,36,45" hai2="130,12,70,75,86,27,41,78,61,71,87,110,58" hai3="122,135,90,15,14,65,109,97,92,116,1,29,98"/><U49/><E112/><V114/><F114/><W82/><G122/><T94/><D115/><U2/><E2/><V0/><F0/><W18/><G1/><T113/><D113/><U25/><E73/><V16/><F130/><W80/><G116/><T106/><D106/><U19/><E129/><V62/><F41/><W8/><G135/><T35/><D35/><U6/><E134/><V68/><F27/><W120/><G120/><T33/><D107/><U37/><E59/><V55/><F110/><W30/><G65/><T52/><D33/><U83/><E83/><V128/><F128/><W74/><G109/><T81/><D28/><N who="3" m="10857" /><G74/><T7/><D7/><U11/><E22/><V26/><F26/><W57/><G57/><T17/><D100/><U10/><E11/><V124/><F61/><W123/><G123/><T46/><D94/><U9/><E9/><V132/><F132/><W117/><G117/><T32/><D54/><U43/><REACH who="1" step="1"/><E111/><REACH who="1" ten="370,260,110,240" step="2"/><V24/><F75/><W4/><G80/><T69/><D32/><U42/><E42/><V131/><F131/><W95/><G82/><T96/><D20/><U119/><E119/><V84/><F71/><W104/><G104/><T3/><D3/><U125/><E125/><V118/><F124/><W34/><G34/><T102/><D69/><U127/><E127/><V67/><F118/><W23/><G95/><T108/><D108/><U76/><E76/><V133/><F133/><W31/><G31/><T99/><D40/><U48/><E48/><V60/><F78/><W79/><G79/><T44/><D51/><U5/><E5/><RYUUKYOKU ba="2,2" sc="370,-15,260,15,110,-15,240,15" hai1="6,10,13,19,21,25,36,37,43,45,49,93,101" hai3="4,8,14,15,18,23,90,92,97,98" />
</Scene>
<Scene>
<INIT seed="1,3,2,4,3,75" ten="355,275,95,255" oya="1" hai0="49,73,48,43,34,15,59,57,106,129,131,52,41" hai1="7,82,78,83,130,111,96,105,66,11,122,120,14" hai2="47,104,127,107,8,133,38,67,103,46,76,68,132" hai3="26,123,119,98,125,110,44,62,84,95,24,60,65"/><U21/><E130/><N who="0" m="49673" /><D106/><U87/><E111/><V10/><F68/><W3/><G123/><T74/><D34/><U32/><E32/><V77/><F67/><W63/><G110/><T113/><D113/><U9/><E66/><V25/><F25/><W45/><G3/><T40/><D15/><U92/><E105/><N who="2" m="40523" /><F103/><W69/><G125/><T56/><D49/><U81/><E21/><V17/><F17/><W79/><G65/><T61/><D61/><U1/><E120/><V109/><F109/><W18/><G69/><T121/><D121/><U30/><E30/><V5/><F5/><W19/><G119/><T31/><D31/><U117/><E117/><V134/><F127/><W124/><G124/><T6/><D6/><U70/><E70/><V64/><F64/><W27/><G18/><T100/><D100/><U23/><E122/><V0/><F0/><W36/><G19/><T13/><D13/><U4/><E23/><V118/><F118/><W90/><REACH who="3" step="1"/><G36/><REACH who="3" ten="355,275,95,245" step="2"/><T102/><D102/><AGARI ba="3,3" hai="1,4,7,9,11,14,78,81,82,83,87,92,96,102" machi="102" ten="30,2900,0" yaku="7,1,52,1" doraHai="75" who="1" fromWho="0" sc="355,-38,275,68,95,0,245,0" />
</Scene>
<Scene>
<INIT seed="1,4,0,0,3,61" ten="317,343,95,245" oya="1" hai0="55,16,48,20,53,97,93,22,6,60,0,59,114" hai1="118,129,47,79,80,113,10,121,86,23,83,12,128" hai2="87,92,112,24,117,38,90,107,101,73,105,124,5" hai3="54,63,131,1,89,102,35,126,33,36,71,41,64"/><U65/><E113/><V28/><F112/><W99/><G131/><T44/><D114/><U123/><E118/><V2/><F117/><W134/><G89/><T62/><D0/><U58/><E23/><V69/><F38/><W26/><G134/><T103/><D6/><U9/><E47/><V82/><F124/><W45/><G126/><T29/><D29/><U56/><E12/><V30/><F105/><W116/><G116/><T104/><D104/><U34/><E86/><V95/><F95/><W49/><G1/><T40/><D22/><U31/><E31/><V91/><F90/><W120/><G26/><N who="0" m="14599" /><D62/><U43/><E43/><AGARI ba="4,0" hai="40,43,44,48,53,55,59,60,93,97,103" m="14599" machi="43" ten="30,2000,0" yaku="8,1,54,1" doraHai="61" who="0" fromWho="1" sc="317,32,343,-32,95,0,245,0" />
</Scene>
<Scene>
<INIT seed="2,0,0,4,4,94" ten="349,311,95,245" oya="2" hai0="130,108,92,51,16,58,95,123,110,128,105,10,89" hai1="41,28,62,132,7,43,2,80,3,86,48,131,24" hai2="39,117,98,100,55,77,78,11,69,12,73,26,97" hai3="21,30,27,22,88,34,103,19,60,111,33,75,9"/><V57/><F69/><W81/><G111/><N who="0" m="42539" /><D105/><U35/><E131/><N who="0" m="50217" /><D123/><U15/><E132/><V23/><F39/><W67/><G103/><T13/><D89/><U122/><E62/><N who="2" m="36159" /><F73/><W6/><G75/><T82/><D82/><U112/><E41/><V46/><F46/><W121/><G121/><T125/><D125/><U72/><E72/><V42/><F42/><W61/><G61/><T99/><D99/><N who="2" m="37898" /><F100/><W53/><G53/><AGARI ba="0,0" hai="10,13,16,51,53,58,92,95" m="50217,42539" machi="53" ten="30,3900,0" yaku="14,1,19,1,54,1" doraHai="94" who="0" fromWho="3" sc="349,39,311,0,95,0,245,-39" />
</Scene>
<Scene>
<INIT seed="3,0,0,2,1,125" ten="388,311,95,206" oya="3" hai0="22,31,99,75,13,27,82,23,35,98,109,71,19" hai1="121,124,131,40,80,69,130,113,83,16,79,122,64" hai2="100,97,25,33,38,53,126,101,68,78,115,77,50" hai3="112,89,74,28,91,58,15,51,102,14,8,60,29"/><W106/><G74/><T120/><D120/><U128/><E124/><V135/><F38/><W37/><G37/><T7/><D71/><U59/><E113/><V0/><F0/><W133/><G112/><T84/><D75/><U46/><E69/><V11/><F115/><W32/><G133/><T17/><D109/><U67/><E16/><V88/><F135/><W87/><G32/><T30/><D7/><U5/><E5/><V26/><F11/><W90/><G102/><T76/><REACH who="0" step="1"/><D31/><REACH who="0" ten="378,311,95,206" step="2"/><U55/><E121/><V9/><F68/><W92/><G106/><T34/><D34/><U105/><E105/><V108/><F108/><W2/><G28/><T95/><D95/><U134/><E134/><V127/><F33/><W24/><G92/><T116/><D116/><U111/><E111/><V63/><F127/><W44/><G87/><T86/><D86/><N who="1" m="48415" /><E83/><V117/><F117/><W114/><G114/><T54/><D54/><U81/><E81/><V119/><F119/><W12/><G29/><T104/><D104/><U47/><E122/><V73/><F73/><W45/><G24/><AGARI ba="0,1" hai="13,17,19,22,23,24,27,30,35,76,82,84,98,99" machi="24" ten="30,2000,0" yaku="1,1,7,1,53,0" doraHai="125" doraHaiUra="123" who="0" fromWho="3" sc="378,30,311,0,95,0,206,-20" />
</Scene>
<Scene>
<INIT seed="4,0,0,2,4,89" ten="408,311,95,186" oya="0" hai0="123,60,5,122,96,52,73,88,125,6,13,120,104" hai1="77,70,107,101,129,9,119,86,46,33,109,99,63" hai2="83,8,94,72,18,90,80,47,126,58,28,93,1" hai3="76,40,65,100,82,43,128,48,95,97,25,78,24"/><T103/><D73/><U108/><E119/><V42/><F126/><W110/><G110/><T61/><D125/><U71/><E129/><V81/><F28/><W41/><G128/><T133/><D133/><U15/><E33/><V22/><F58/><W12/><G65/><T130/><D130/><U69/><E63/><V31/><F31/><W11/><G48/><T55/><D13/><U116/><E116/><V67/><F67/><W131/><G131/><T124/><D124/><U27/><E27/><V39/><F90/><W59/><G59/><T57/><D61/><U135/><E135/><V127/><F127/><W20/><G20/><T115/><D115/><U44/><E44/><V74/><F8/><W51/><G51/><T50/><REACH who="0" step="1"/><D88/><REACH who="0" ten="398,311,95,186" step="2"/><U54/><E15/><V34/><F1/><W30/><G76/><T111/><D111/><U19/><E77/><V64/><F72/><W134/><G134/><T7/><D7/><U36/><E109/><V17/><F74/><W66/><G30/><T102/><D102/><U56/><E108/><V68/><F34/><W84/><REACH who="3" step="1"/><G66/><REACH who="3" ten="398,311,95,176" step="2"/><T10/><D10/><U114/><E9/><V53/><F22/><W113/><G113/><T98/><D98/><U87/><E99/><V112/><F112/><W16/><AGARI ba="0,2" hai="11,12,16,24,25,40,41,43,78,82,84,95,97,100" machi="16" ten="30,8000,1" yaku="1,1,0,1,8,1,52,1,54,1,53,0" doraHai="89" doraHaiUra="105" who="3" fromWho="3" sc="398,-40,311,-20,95,-20,176,100" />
</Scene>
<Scene>
<INIT seed="5,0,0,4,1,3" ten="358,291,75,276" oya="1" hai0="103,110,51,26,135,41,72,8,79,31,73,109,116" hai1="102,118,49,25,104,46,111,29,96,88,23,38,20" hai2="2,133,15,107,121,24,30,1,58,105,91,76,27" hai3="16,115,10,67,13,59,112,99,95,63,21,71,54"/><U50/><E118/><V37/><F37/><W119/><G119/><T62/><D116/><U108/><E38/><V130/><F121/><W39/><G39/><T125/><D103/><U80/><E20/><V114/><F76/><W14/><G95/><T123/><D123/><U4/><E4/><V18/><F130/><W65/><G99/><T19/><D62/><U120/><E120/><V124/><F58/><W66/><REACH who="3" step="1"/><G71/><REACH who="3" ten="358,291,75,266" step="2"/><T0/><D110/><N who="1" m="42027" /><E46/><V47/><F47/><W42/><G42/><T94/><D109/><U83/><E83/><V32/><F107/><W82/><G82/><T92/><D92/><U87/><AGARI ba="0,1" hai="23,25,29,49,50,80,87,88,96,102,104" m="42027" machi="87" ten="30,3000,0" yaku="10,1,54,1" doraHai="3" who="1" fromWho="1" sc="358,-10,291,40,75,-10,266,-10" />
</Scene>
<Scene>
<INIT seed="5,1,0,1,1,18" ten="348,331,65,256" oya="1" hai0="79,19,64,108,58,101,20,57,44,126,77,17,73" hai1="95,35,67,89,32,66,31,0,55,71,43,51,119" hai2="128,49,84,106,115,111,52,74,93,78,123,48,134" hai3="16,59,4,97,127,86,90,28,124,5,131,15,37"/><U11/><E119/><V29/><F106/><W7/><G37/><T104/><D108/><U63/><E66/><V69/><F69/><W41/><G41/><T114/><D114/><U60/><E31/><V24/><F115/><W36/><G36/><T132/><D132/><U1/><E60/><V13/><F134/><W40/><G40/><T85/><D73/><U45/><E55/><V103/><F111/><W53/><G28/><T21/><D126/><N who="3" m="48169" /><G97/><T92/><D104/><U130/><E130/><V65/><F128/><W47/><G131/><T96/><D44/><U68/><E68/><V70/><F123/><W76/><G76/><N who="0" m="29259" /><D85/><U82/><E82/><V33/><F74/><W125/><G47/><T135/><D135/><U14/><E32/><V99/><F78/><W39/><G39/><T34/><D34/><U118/><E35/><V12/><F84/><W122/><G122/><T8/><D8/><U81/><E81/><V23/><F33/><W88/><G125/><T80/><D80/><U102/><E118/><V38/><F38/><W26/><G26/><N who="0" m="14607" /><D64/><U42/><E42/><V116/><F65/><W30/><G30/><T109/><D109/><U9/><E9/><V75/><F75/><W22/><G86/><T83/><D83/><U113/><E113/><V129/><F129/><W100/><G100/><T27/><AGARI ba="1,0" hai="19,21,27,57,58,92,96,101" m="14607,29259" machi="27" ten="30,4000,0" yaku="8,1,52,2" doraHai="18" who="0" fromWho="0" sc="348,43,331,-21,65,-11,256,-11" />
</Scene>
<Scene>
<INIT seed="6,0,0,1,5,34" ten="391,310,54,245" oya="2" hai0="80,93,108,33,112,105,99,41,1,25,18,81,26" hai1="67,114,39,96,86,115,94,48,72,70,45,131,24" hai2="124,40,32,83,88,50,116,20,79,106,16,128,113" hai3="95,54,61,75,130,63,42,121,58,28,110,44,56"/><V120/><F106/><W65/><G75/><T107/><D108/><U0/><E72/><V43/><F120/><W52/><G110/><T134/><D41/><U118/><E39/><V122/><F122/><W37/><G121/><T14/><D1/><U17/><E86/><V15/><F116/><W9/><G28/><T104/><D112/><U27/><E131/><V119/><F32/><W100/><G130/><T59/><D134/><U132/><E0/><V111/><F128/><W126/><G126/><T73/><D59/><U69/><E132/><V5/><F124/><W117/><G117/><T101/><D33/><U133/><E118/><V6/><F119/><W3/><G100/><T47/><D47/><U55/><E133/><V85/><F113/><N who="1" m="43017" /><E17/><V13/><F111/><W12/><G95/><T76/><REACH who="0" step="1"/><D80/><REACH who="0" ten="381,310,54,245" step="2"/><U36/><E36/><V123/><F123/><W109/><G109/><T90/><D90/><N who="1" m="55383" /><E70/><V84/><F43/><W49/><G3/><T71/><D71/><U62/><AGARI ba="0,1" hai="24,27,45,48,55,62,67,69" m="55383,43017" machi="62" ten="30,1100,0" yaku="15,1" doraHai="34" who="1" fromWho="1" sc="381,-3,310,21,54,-5,245,-3" />
</Scene>
<Scene>
<INIT seed="7,0,0,3,2,97" ten="378,331,49,242" oya="3" hai0="4,44,108,5,49,120,114,38,74,48,17,88,82" hai1="60,23,57,20,84,75,21,47,11,72,3,93,135" hai2="119,37,55,101,113,124,116,102,7,50,129,125,130" hai3="105,45,6,9,54,61,80,121,39,89,53,27,63"/><W122/><G105/><T56/><D108/><U94/><E135/><V59/><F59/><W110/><G110/><T95/><D120/><U76/><E47/><V15/><F55/><W126/><G126/><N who="2" m="48745" /><F50/><W73/><G27/><T32/><D32/><U30/><E30/><V22/><F22/><W0/><G54/><N who="0" m="31815" /><D74/><U25/><E25/><V33/><F15/><W51/><G63/><T96/><D38/><U14/><E3/><V34/><F7/><W111/><G111/><T19/><D82/><N who="1" m="47175" /><E75/><V1/><F1/><W109/><G109/><T87/><D114/><U18/><E72/><V127/><N who="2" m="48753" /><V103/><DORA hai="86" /><F37/><W36/><G61/><T71/><D71/><U69/><E69/><V26/><F26/><W77/><G36/><T81/><D4/><U90/><E57/><V64/><F64/><W52/><G53/><N who="0" m="29863" /><D5/><U123/><E60/><V117/><F33/><W131/><G131/><N who="2" m="50185" /><F34/><W24/><G24/><T78/><AGARI ba="0,0" hai="17,19,78,81,87,88,95,96" m="29863,31815" machi="78" ten="30,4000,0" yaku="8,1,52,1,54,1" doraHai="97,86" who="0" fromWho="0" sc="378,40,331,-10,49,-10,242,-20" owari="418,52.0,321,12.0,39,-46.0,222,-18.0" />
</Scene>
</mjloggm>