<mjloggm ver="2.3"><GO type="169" lobby="0"/><UN n0="%E8%A3%95%E7%BE%8E%E5%AD%90" n1="%E3%82%AA%E3%83%A9%E3%82%B4%E3%83%B3%E3%82%AF%E3%82%A8%E3%82%B9%EF%BD%94" n2="%E5%A4%AA%E3%81%8F%E3%81%AA%E3%81%84%E3%81%8A" n3="%E2%98%86%E3%83%89%E3%83%8A%E3%83%AB%E3%83%89%E6%95%99%E5%BE%92%E2%98%86" dan="17,17,18,17" rate="2191.58,2202.22,2261.48,2128.47" sx="F,M,M,M"/><TAIKYOKU oya="0"/>

<Scene>
<INIT seed="0,0,0,4,1,126" ten="250,250,250,250" oya="0" hai0="131,6,49,109,37,107,105,72,38,124,62,85,76" hai1="33,30,15,11,4,3,94,115,83,119,121,63,118" hai2="26,78,47,23,113,46,106,135,77,75,39,45,25" hai3="60,18,43,57,64,111,8,42,132,117,93,32,36"/><T17/><D6/><U108/><E121/><V89/><F106/><W52/><G32/><T29/><D29/><U96/><E108/><V58/><F113/><W13/><G117/><T82/><D124/><U44/><E115/><V99/><F135/><W114/><G114/><T100/><D109/><U103/><E83/><V9/><F39/><W66/><G111/><T55/><D62/><U128/><E44/><V28/><F75/><W69/><G132/><T95/><D17/><U80/><E80/><V50/><F9/><W74/><G74/><T59/><D107/><U123/><E123/><V54/><REACH who="2" step="1"/><F26/><REACH who="2" ten="250,250,240,250" step="2"/><W35/><G36/><T67/><D38/><U86/><E11/><V27/><F27/><W24/><G24/><T79/><D37/><U104/><E104/><V84/><F84/><W40/><G35/><T14/><D76/><U91/><E33/><V125/><F125/><W101/><REACH who="3" step="1"/><G69/><REACH who="3" ten="250,250,240,240" step="2"/><T98/><D72/><U102/><E118/><V34/><F34/><W122/><G122/><T0/><D79/><U7/><E119/><V5/><F5/><W41/><N who="3" m="10240" /><DORA hai="68" /><W51/><G51/><T1/><D49/><U97/><E7/><V120/><F120/><W61/><G61/><T2/><D2/><U12/><E63/><V31/><F31/><W112/><G112/><T21/><D1/><U92/><E30/><V129/><F129/><W16/><G16/><T88/><D131/><U116/><E128/><V65/><F65/><W81/><G81/><T19/><D67/><U70/><E116/><V134/><F134/><W73/><G73/><T110/><D0/><RYUUKYOKU ba="0,2" sc="250,-15,250,-15,240,15,240,15" hai2="23,25,28,45,46,47,50,54,58,77,78,89,99" hai3="8,13,18,52,57,60,64,66,93,101" />
</Scene>
<Scene>
<INIT seed="1,1,2,3,5,63" ten="235,235,255,255" oya="1" hai0="61,81,122,2,16,7,11,8,67,65,123,68,99" hai1="30,94,47,43,111,79,14,23,88,17,119,10,25" hai2="128,35,15,75,50,106,66,108,102,132,96,87,90" hai3="20,112,41,98,72,38,71,85,42,130,27,69,46"/><U51/><E111/><V31/><F75/><W28/><G72/><T39/><D39/><U70/><E70/><V100/><F108/><W101/><G112/><T131/><D131/><U32/><E119/><V115/><F128/><W82/><G42/><T9/><D99/><U74/><E74/><V37/><F37/><W3/><G3/><T129/><D129/><U18/><E79/><V104/><F115/><W126/><G126/><T22/><D81/><U58/><E58/><V91/><F132/><W107/><REACH who="3" step="1"/><G130/><REACH who="3" ten="235,235,255,245" step="2"/><T121/><REACH who="0" step="1"/><D65/><REACH who="0" ten="225,235,255,245" step="2"/><U134/><E134/><V135/><F66/><W118/><G118/><T33/><D33/><U59/><E32/><V120/><F135/><W117/><G117/><T127/><D127/><U29/><REACH who="1" step="1"/><E59/><REACH who="1" ten="225,225,255,245" step="2"/><V114/><F35/><W78/><AGARI ba="1,5" hai="20,27,28,38,41,46,69,71,78,82,85,98,101,107" machi="78" ten="20,2700,0" yaku="1,1,0,1,7,1,53,0" doraHai="63" doraHaiUra="116" who="3" fromWho="3" sc="225,-8,225,-14,255,-8,245,80" />
</Scene>
<Scene>
<INIT seed="2,0,0,1,4,20" ten="217,211,247,325" oya="2" hai0="65,85,71,126,3,37,124,90,6,36,94,91,32" hai1="38,61,4,99,34,98,132,57,29,17,5,56,83" hai2="115,63,2,89,114,111,27,88,11,39,122,44,26" hai3="45,108,68,42,82,81,22,70,18,59,46,0,133"/><V96/><F122/><W112/><G0/><T117/><D32/><U15/><E38/><V78/><F78/><W113/><G108/><T80/><D3/><U106/><E132/><V41/><F111/><W95/><G95/><T49/><D6/><U66/><E83/><N who="3" m="31754" /><G59/><T120/><D117/><U58/><E4/><V77/><F77/><W130/><G130/><T72/><D120/><U127/><E5/><V110/><F110/><W8/><G8/><T19/><D72/><U92/><E127/><V35/><F2/><W97/><G97/><T105/><D105/><U31/><E106/><V12/><F63/><W74/><G74/><T76/><D76/><U16/><E99/><V84/><F96/><W107/><G107/><T118/><D118/><U47/><E47/><N who="3" m="17930" /><G42/><T30/><D49/><U135/><E135/><V102/><F35/><W43/><G43/><T10/><D65/><U87/><E98/><V14/><F11/><W119/><G119/><T125/><D71/><N who="1" m="42447" /><E34/><V75/><F75/><W50/><G50/><T40/><D40/><U116/><E116/><V21/><F41/><W109/><G133/><T86/><REACH who="0" step="1"/><D30/><REACH who="0" ten="207,211,247,325" step="2"/><U101/><E31/><V48/><F48/><W121/><G121/><T67/><D67/><U73/><E29/><V123/><F123/><W104/><G104/><T1/><D1/><U100/><E73/><V28/><F28/><W64/><G109/><T13/><AGARI ba="0,1" hai="10,13,19,36,37,80,85,86,90,91,94,124,125,126" machi="13" ten="40,8000,1" yaku="1,1,0,1,18,1,53,1" doraHai="20" doraHaiUra="79" who="0" fromWho="0" sc="207,90,211,-20,247,-40,325,-20" />
</Scene>
<Scene>
<INIT seed="3,0,0,4,2,31" ten="297,191,207,305" oya="3" hai0="25,125,26,58,37,81,127,46,75,80,52,62,103" hai1="133,126,20,94,112,44,110,14,122,51,124,8,12" hai2="104,82,85,41,128,39,108,95,120,10,64,43,61" hai3="78,55,17,35,49,76,106,111,68,63,23,4,79"/><W60/><G106/><T134/><D134/><U19/><E133/><V27/><F104/><W114/><G114/><T92/><D37/><U97/><E110/><V22/><F108/><W57/><G111/><T118/><D118/><U6/><E122/><V38/><F120/><W1/><G68/><T0/><D0/><U109/><E109/><V29/><F128/><W16/><G35/><T93/><D46/><U71/><E71/><V99/><F38/><W36/><G36/><T59/><D75/><U11/><E112/><V98/><F10/><W77/><N who="3" m="19456" /><DORA hai="130" /><W88/><G88/><T72/><D72/><U48/><E20/><V135/><F135/><W129/><G129/><T40/><D40/><U45/><E44/><V73/><F73/><W47/><G23/><T90/><D103/><N who="1" m="60855" /><E45/><V70/><F39/><W116/><G116/><T107/><D107/><U132/><E132/><V96/><F82/><N who="0" m="31850" /><D59/><U123/><E123/><V101/><F101/><W84/><G84/><N who="0" m="52295" /><D93/><U24/><E24/><V33/><F33/><W7/><G63/><T131/><D131/><U42/><E42/><V32/><F32/><W13/><G1/><T28/><D28/><U9/><E9/><V86/><F86/><W67/><G13/><T30/><D30/><U100/><E100/><V119/><F119/><W87/><G87/><T91/><D91/><U53/><E51/><V89/><AGARI ba="0,0" hai="22,27,29,41,43,61,64,70,85,89,95,96,98,99" machi="89" ten="30,1100,0" yaku="0,1" doraHai="31,130" who="2" fromWho="2" sc="297,-3,191,-3,207,11,305,-5" />
</Scene>
<Scene>
<INIT seed="4,0,0,4,1,56" ten="294,188,218,300" oya="0" hai0="12,75,21,111,4,91,14,51,8,123,13,53,35" hai1="71,61,52,80,117,103,16,34,110,107,97,23,85" hai2="83,70,27,119,98,32,116,82,135,15,124,76,62" hai3="118,22,3,25,90,88,60,125,65,2,73,33,9"/><T115/><D123/><U17/><E110/><V87/><F124/><W63/><G33/><T50/><D35/><U105/><E117/><N who="2" m="45131" /><F135/><W1/><G118/><T126/><D126/><U79/><E34/><V121/><F121/><W114/><G125/><T112/><D75/><U68/><E107/><V128/><F128/><W48/><G114/><N who="0" m="43563" /><D111/><U28/><E28/><N who="2" m="19487" /><F15/><N who="0" m="5706" /><D91/><N who="3" m="34857" /><G73/><T10/><D10/><U39/><E39/><V66/><F98/><W31/><G65/><T41/><D41/><U95/><E105/><V122/><F122/><W134/><G134/><T45/><D51/><U129/><E129/><V133/><F133/><W7/><G48/><T64/><D64/><U67/><E68/><N who="2" m="42071" /><F83/><W86/><G1/><T130/><D130/><U106/><E106/><V49/><F49/><W26/><G2/><T55/><D55/><U19/><REACH who="1" step="1"/><E52/><REACH who="1" ten="294,178,218,300" step="2"/><V57/><F57/><W94/><G31/><T40/><D53/><U54/><E54/><V69/><AGARI ba="0,1" hai="69,70,76,82,87" m="42071,19487,45131" machi="69" ten="30,2000,0" yaku="12,1,52,1" doraHai="56" who="2" fromWho="2" sc="294,-10,178,-5,218,30,300,-5" />
</Scene>
<Scene>
<INIT seed="5,0,0,4,5,123" ten="284,173,248,295" oya="1" hai0="47,84,15,59,45,25,73,83,108,112,122,98,104" hai1="115,114,130,28,41,31,58,14,119,69,71,79,126" hai2="106,120,62,12,107,40,54,113,93,60,20,2,78" hai3="68,91,134,30,64,127,18,128,66,34,82,32,50"/><U9/><E119/><V13/><F2/><W5/><G128/><T61/><D108/><U0/><E130/><V38/><F120/><W125/><G134/><T48/><D73/><U10/><E79/><V17/><F78/><W33/><G5/><T43/><D122/><U7/><E41/><V92/><F38/><W6/><G6/><T132/><D132/><U94/><E126/><N who="3" m="48138" /><G18/><T16/><D112/><N who="1" m="43051" /><E58/><V81/><F40/><W129/><G129/><T22/><D47/><U11/><E94/><V26/><F81/><W39/><G39/><T46/><D45/><U77/><E77/><V21/><F113/><W75/><G50/><T65/><D104/><U55/><E55/><V116/><F116/><W70/><G30/><N who="1" m="11306" /><E0/><V135/><F54/><W56/><G56/><T49/><D48/><U76/><E76/><V105/><F135/><W36/><G36/><T133/><D133/><U95/><E95/><V99/><F92/><W97/><G75/><T51/><D49/><U23/><E7/><V42/><F42/><W4/><G4/><T74/><D74/><U102/><E102/><V8/><F93/><N who="3" m="56511" /><G82/><T72/><D72/><U35/><E35/><V24/><F99/><W85/><G85/><T111/><D98/><U89/><E89/><V121/><F121/><W3/><G3/><T118/><D118/><U109/><E109/><V124/><F124/><W86/><G86/><T80/><D111/><U52/><E52/><V100/><F100/><W67/><AGARI ba="0,0" hai="32,33,34,64,66,67,68,70" m="56511,48138" machi="67" ten="40,1500,0" yaku="18,1" doraHai="123" who="3" fromWho="3" sc="284,-4,173,-7,248,-4,295,15" />
</Scene>
<Scene>
<INIT seed="6,0,0,1,4,107" ten="280,166,244,310" oya="2" hai0="125,29,129,94,86,135,116,23,59,21,113,41,105" hai1="45,128,52,32,62,70,48,61,53,117,64,81,39" hai2="90,26,9,87,95,126,19,1,55,66,115,17,40" hai3="12,79,10,124,49,120,33,75,72,8,103,130,110"/><V31/><F115/><W28/><G120/><T92/><D113/><U44/><E32/><V112/><F112/><W91/><G110/><T4/><D105/><U16/><E117/><V30/><F126/><W68/><G68/><T121/><D125/><U67/><E81/><V14/><F1/><W51/><G124/><T6/><D121/><U83/><E83/><V3/><F3/><W134/><G130/><T46/><D135/><U76/><E76/><V84/><F66/><W71/><G71/><T131/><D59/><N who="1" m="36959" /><E16/><V100/><F40/><W20/><G103/><T5/><D116/><U73/><E73/><V2/><F2/><W78/><G33/><T99/><D86/><U108/><E108/><V133/><F133/><W60/><G60/><T80/><D80/><U22/><E22/><N who="2" m="13663" /><F100/><W82/><G91/><N who="0" m="55711" /><D29/><N who="2" m="10762" /><F55/><W106/><G106/><T58/><D94/><U109/><E109/><V0/><F0/><W96/><G82/><T123/><D123/><U50/><E128/><N who="0" m="49225" /><D58/><U34/><E34/><V85/><AGARI ba="0,0" hai="9,14,17,84,85,87,90,95" m="10762,13663" machi="85" ten="30,1500,0" yaku="8,1" doraHai="107" who="2" fromWho="2" sc="280,-5,166,-5,244,15,310,-5" />
</Scene>
<Scene>
<INIT seed="6,1,0,4,1,106" ten="275,161,259,305" oya="2" hai0="103,126,82,58,116,104,46,25,26,40,9,61,16" hai1="115,34,13,132,66,119,84,90,89,122,15,127,17" hai2="109,27,22,20,85,62,0,29,129,70,51,11,49" hai3="117,134,102,91,3,60,18,2,19,23,21,130,99"/><V59/><F129/><W88/><G117/><T121/><D121/><U38/><E122/><V107/><F107/><W94/><G134/><T111/><D111/><U128/><E119/><V57/><F109/><W86/><G130/><T120/><D120/><U96/><E128/><V83/><F70/><W97/><G60/><T39/><D126/><U98/><E127/><V76/><F0/><W81/><G21/><T41/><D41/><U133/><E115/><V113/><F113/><W92/><G19/><T114/><D114/><U101/><E34/><V32/><F11/><W8/><G8/><T79/><D116/><U105/><E38/><V33/><F33/><W10/><G10/><T124/><D124/><U54/><E66/><V71/><F71/><W7/><G7/><T131/><D131/><U135/><E17/><V42/><F42/><W24/><AGARI ba="1,0" hai="2,3,18,23,24,81,86,88,91,92,94,97,99,102" machi="24" ten="20,2700,0" yaku="0,1,7,1,54,1" doraHai="106" who="3" fromWho="3" sc="275,-8,161,-8,259,-14,305,30" />
</Scene>
<Scene>
<INIT seed="7,0,0,4,1,46" ten="267,153,245,335" oya="3" hai0="69,22,36,135,71,49,129,38,77,18,21,4,5" hai1="124,2,26,11,115,110,89,114,78,95,108,93,29" hai2="9,44,107,88,14,50,61,75,41,94,116,1,68" hai3="81,132,133,65,92,105,102,127,32,7,54,73,43"/><W40/><G105/><T51/><D77/><U106/><E11/><V118/><F107/><W72/><G32/><T84/><D84/><U16/><E2/><V19/><F75/><W91/><G65/><T52/><D18/><U25/><E106/><V37/><F1/><W85/><G127/><T59/><D135/><N who="3" m="51785" /><G7/><T131/><D52/><U23/><E124/><V45/><F68/><W103/><G54/><T122/><REACH who="0" step="1"/><D59/><REACH who="0" ten="257,153,245,335" step="2"/><U128/><E78/><V27/><F61/><W82/><G73/><T47/><D47/><U123/><E123/><AGARI ba="0,1" hai="4,5,21,22,36,38,49,51,69,71,122,123,129,131" machi="123" ten="25,8000,1" yaku="1,1,22,2,52,2,53,0" doraHai="46" doraHaiUra="121" who="0" fromWho="1" sc="257,90,153,-80,245,0,335,0" owari="347,44.0,73,-43.0,245,-15.0,335,14.0" />
</Scene>
</mjloggm>