<mjloggm ver="2.3"><GO type="169" lobby="0"/><UN n0="%66%75%6A%69%32%32%39" n1="%E3%82%82%E3%81%98%E3%82%89" n2="%E5%A4%AA%E3%81%8F%E3%81%AA%E3%81%84%E3%81%8A" n3="%72%69%6F%75%63%68%61%6E" dan="16,16,18,16" rate="2077.39,2061.74,2275.91,2103.79" sx="M,F,F,M"/><TAIKYOKU oya="0"/>

<Scene>
<INIT seed="0,0,0,3,3,49" ten="250,250,250,250" oya="0" hai0="124,5,48,56,85,54,64,127,89,116,15,120,115" hai1="74,44,131,25,32,135,95,62,47,110,88,94,8" hai2="6,126,90,31,86,50,27,45,4,84,72,33,42" hai3="129,71,34,30,132,1,43,39,41,18,109,69,134"/><T51/><D115/><U119/><E119/><V60/><F72/><W73/><G73/><T100/><D116/><U107/><E107/><V17/><F126/><N who="0" m="48170" /><D120/><U40/><E110/><V133/><F133/><N who="3" m="51307" /><G1/><T26/><D100/><U12/><E131/><V46/><F60/><W113/><G113/><T112/><D112/><U20/><E32/><V83/><F17/><W70/><G109/><T24/><D64/><U23/><E74/><V75/><F75/><W11/><G129/><T68/><D68/><U14/><E135/><V108/><F108/><W66/><G66/><T104/><D104/><U99/><E40/><N who="3" m="15434" /><G39/><T10/><D51/><U52/><E95/><AGARI ba="0,0" hai="5,10,15,24,26,48,54,56,85,89,95" m="48170" machi="95" ten="30,2900,0" yaku="18,1,52,1" doraHai="49" who="0" fromWho="1" sc="250,29,250,-29,250,0,250,0" />
</Scene>
<Scene>
<INIT seed="0,1,0,1,4,99" ten="279,221,250,250" oya="0" hai0="129,133,54,53,47,110,85,96,115,98,27,55,123" hai1="127,112,65,78,0,43,1,131,8,118,79,104,10" hai2="38,29,73,113,51,105,15,2,34,46,130,64,121" hai3="40,13,114,76,72,74,18,109,17,52,23,61,56"/><T91/><D115/><U95/><E112/><V49/><F15/><W31/><G114/><T66/><D123/><U68/><E104/><V62/><F29/><W32/><G109/><T97/><D129/><U57/><E68/><V24/><F24/><W134/><G134/><T3/><D3/><U41/><E95/><V75/><F75/><W92/><G76/><T36/><D133/><U20/><E20/><V59/><F73/><W119/><G119/><T70/><D110/><U11/><E57/><V83/><F83/><W71/><G71/><T50/><D36/><U58/><E58/><V125/><F2/><W87/><G40/><T80/><REACH who="0" step="1"/><D27/><REACH who="0" ten="269,221,250,250" step="2"/><U100/><E0/><V90/><F38/><W124/><G124/><T107/><D107/><U30/><E1/><V120/><F105/><W42/><G13/><T81/><D81/><U35/><E131/><V7/><F130/><W126/><G126/><T111/><D111/><U128/><E128/><V93/><F125/><W135/><G135/><T77/><D77/><U5/><E79/><V69/><F113/><W106/><G106/><T26/><D26/><U19/><E78/><V21/><F120/><W9/><G74/><T33/><D33/><U14/><E35/><V25/><F34/><W6/><G32/><T117/><D117/><U4/><E118/><V63/><F121/><W37/><G72/><T12/><D12/><N who="1" m="5135" /><E127/><V86/><F25/><W101/><G92/><T28/><D28/><U84/><E30/><V82/><F93/><W22/><G31/><T44/><D44/><U16/><E14/><V39/><F46/><RYUUKYOKU ba="1,1" sc="269,30,221,-10,250,-10,250,-10" hai0="47,50,53,54,55,66,70,80,85,91,96,97,98" />
</Scene>
<Scene>
<INIT seed="0,2,1,0,0,46" ten="299,211,240,240" oya="0" hai0="122,108,59,38,49,131,75,102,70,123,61,80,58" hai1="41,99,26,82,69,106,60,32,3,109,18,2,57" hai2="128,50,55,33,79,13,72,56,64,81,120,67,89" hai3="35,40,17,132,119,28,133,27,113,68,127,42,92"/><T4/><D38/><U110/><E82/><V66/><F120/><W88/><G119/><T22/><D70/><U20/><E41/><V29/><F128/><W85/><G113/><T78/><D131/><U24/><E69/><V124/><F124/><W105/><G105/><T25/><D108/><N who="1" m="41579" /><E99/><V73/><F13/><W116/><G116/><T43/><D4/><U65/><E106/><V84/><REACH who="2" step="1"/><F79/><REACH who="2" ten="299,211,230,240" step="2"/><W130/><G127/><T5/><D123/><U104/><E104/><V74/><F74/><W1/><G130/><T34/><D122/><U114/><E114/><V126/><F126/><W118/><G118/><T86/><D75/><U94/><E3/><V101/><F101/><W23/><G1/><T98/><D102/><U9/><E2/><V45/><F45/><W51/><G133/><T91/><D78/><U54/><E24/><AGARI ba="2,2" hai="24,29,33,50,55,56,64,66,67,72,73,81,84,89" machi="24" ten="40,2600,0" yaku="1,1,52,1,53,0" doraHai="46" doraHaiUra="100" who="2" fromWho="1" sc="299,0,211,-32,230,52,240,0" />
</Scene>
<Scene>
<INIT seed="1,0,0,4,1,66" ten="299,179,282,240" oya="1" hai0="70,34,11,129,64,37,83,97,98,82,115,47,41" hai1="78,116,99,15,43,45,40,49,105,71,7,85,103" hai2="5,114,30,3,93,56,65,54,6,58,9,94,92" hai3="26,16,31,60,12,120,104,20,14,125,96,87,128"/><U63/><E116/><V10/><F114/><W106/><G120/><T0/><D34/><U55/><E78/><V100/><F30/><W13/><G125/><T117/><D117/><U95/><E7/><V112/><F112/><W39/><G39/><T18/><D129/><U130/><E130/><V90/><F100/><W88/><G128/><T81/><D115/><U53/><E15/><V102/><F102/><W113/><G113/><T101/><D0/><U89/><REACH who="1" step="1"/><E53/><REACH who="1" ten="299,169,282,240" step="2"/><V28/><F54/><W107/><G12/><T127/><D127/><U68/><E68/><V38/><F5/><W77/><G13/><T86/><D70/><U108/><E108/><V133/><F6/><W76/><G77/><T80/><D11/><U79/><E79/><V27/><F9/><W73/><G76/><T132/><D132/><U21/><E21/><V46/><F133/><W118/><G73/><T61/><D80/><U119/><E119/><V32/><F10/><W57/><G118/><T91/><D81/><U59/><E59/><V24/><F58/><W52/><G14/><T121/><D82/><U48/><E48/><V36/><F56/><W17/><REACH who="3" step="1"/><G96/><REACH who="3" ten="299,169,282,230" step="2"/><T126/><D98/><U124/><E124/><V72/><F72/><W29/><G29/><T2/><D126/><U69/><E69/><V23/><F28/><W4/><G4/><T35/><D97/><U74/><E74/><V1/><F38/><W75/><G75/><T42/><D37/><U22/><E22/><V44/><F23/><W110/><G110/><T51/><D2/><N who="2" m="522" /><F36/><W123/><G123/><T50/><D35/><RYUUKYOKU ba="0,2" sc="299,-15,169,15,282,-15,230,15" hai1="40,43,45,49,55,63,71,85,89,95,99,103,105" hai3="16,17,20,26,31,52,57,60,87,88,104,106,107" />
</Scene>
<Scene>
<INIT seed="1,1,2,0,5,6" ten="284,184,267,245" oya="1" hai0="5,31,111,85,33,36,71,118,101,49,30,89,43" hai1="74,114,47,3,130,54,38,128,106,100,4,24,65" hai2="125,116,8,14,55,18,96,53,12,72,93,2,78" hai3="16,84,40,105,133,75,37,113,76,20,94,79,59"/><U50/><E114/><V90/><F116/><W103/><G113/><T95/><D71/><U28/><E74/><V99/><F125/><W98/><G133/><T21/><D33/><U109/><E38/><V57/><F2/><W88/><G75/><T97/><D36/><U22/><E109/><V132/><F132/><W66/><G66/><T27/><D5/><U46/><E65/><V56/><F72/><W117/><G117/><T9/><D111/><U82/><E82/><V41/><F78/><W64/><G37/><T119/><D9/><N who="1" m="2207" /><E106/><V0/><F0/><W1/><G40/><T127/><D127/><U126/><E100/><V92/><F41/><W34/><G34/><T135/><D31/><U13/><E13/><N who="2" m="7463" /><F56/><W70/><G1/><T134/><D134/><U122/><E126/><V120/><F120/><W32/><G32/><T91/><D135/><U63/><E63/><N who="2" m="36271" /><F55/><W104/><G104/><T25/><D25/><U112/><E112/><V129/><F129/><N who="1" m="49769" /><E47/><V121/><F121/><AGARI ba="1,2" hai="22,24,28,46,50,54,121,122" m="49769,2207" machi="121" ten="30,2900,0" yaku="19,1,52,1" doraHai="6" who="1" fromWho="2" sc="284,0,184,52,267,-32,245,0" />
</Scene>
<Scene>
<INIT seed="1,2,0,5,5,92" ten="284,236,235,245" oya="1" hai0="63,29,121,85,133,105,90,126,76,47,73,39,97" hai1="41,69,25,130,11,19,65,0,135,120,70,28,77" hai2="36,115,118,15,30,95,125,111,83,132,12,104,46" hai3="21,10,16,93,58,9,129,119,109,128,134,108,17"/><U68/><E120/><V84/><F104/><W27/><G58/><T79/><D29/><U32/><E135/><V57/><F118/><W52/><G52/><T67/><D126/><U7/><E130/><N who="3" m="50282" /><G134/><T22/><D73/><U124/><E124/><V55/><F125/><W98/><G119/><T24/><D121/><U2/><E77/><V31/><F132/><W89/><G17/><T102/><D47/><U56/><E41/><V18/><F111/><AGARI ba="2,0" hai="9,10,16,21,27,89,93,98,108,109,111" m="50282" machi="111" ten="30,7700,0" yaku="14,1,19,1,52,1,54,1" doraHai="92" who="3" fromWho="2" sc="284,0,236,0,235,-83,245,83" />
</Scene>
<Scene>
<INIT seed="2,0,0,1,0,21" ten="284,236,152,328" oya="2" hai0="27,72,41,77,93,45,118,70,85,12,68,114,125" hai1="60,55,126,31,28,97,64,40,76,19,109,129,42" hai2="3,79,16,121,80,58,67,34,96,11,2,98,36" hai3="133,30,33,24,37,57,82,66,117,105,49,9,110"/><V22/><F121/><W86/><G117/><T65/><D114/><U20/><E109/><V10/><F36/><W39/><G105/><T61/><D72/><U106/><E129/><V111/><F34/><W0/><G110/><T56/><D125/><U47/><E76/><V43/><F111/><W62/><G133/><T8/><D118/><U4/><E4/><V29/><F43/><W75/><G75/><T18/><D27/><N who="1" m="14751" /><E106/><V123/><F123/><W35/><G33/><T59/><D59/><N who="1" m="36895" /><E97/><N who="2" m="37483" /><F29/><N who="1" m="11337" /><E126/><V78/><F2/><W54/><G9/><N who="2" m="3081" /><F3/><W92/><G92/><T131/><D131/><U69/><E69/><V119/><F80/><W128/><G0/><T26/><D93/><U23/><E23/><V103/><F119/><W90/><REACH who="3" step="1"/><G128/><REACH who="3" ten="284,236,152,318" step="2"/><T122/><D122/><U25/><E25/><N who="2" m="14535" /><F103/><W48/><G48/><AGARI ba="0,1" hai="40,42,47,48,55" m="11337,36895,14751" machi="48" ten="30,2000,0" yaku="8,1,52,1" doraHai="21" who="1" fromWho="3" sc="284,0,236,30,152,0,318,-20" />
</Scene>
<Scene>
<INIT seed="3,0,0,0,4,61" ten="284,266,152,298" oya="3" hai0="21,29,104,103,16,27,117,130,131,36,17,55,30" hai1="102,81,46,35,109,2,100,93,32,72,60,108,85" hai2="77,23,119,62,83,69,128,123,24,80,66,53,6" hai3="11,113,51,18,101,99,97,19,115,44,39,48,50"/><W52/><G99/><N who="0" m="61567" /><D36/><U118/><E2/><V129/><F119/><W84/><G84/><T64/><D117/><U15/><E72/><V38/><F38/><W31/><G31/><T114/><D114/><U92/><E118/><V116/><F116/><W3/><G18/><T0/><D0/><U95/><E46/><V10/><F53/><W120/><G120/><T67/><D55/><U74/><E60/><V41/><F41/><W13/><G3/><T14/><D17/><U134/><E15/><V63/><F63/><W7/><G19/><T8/><D30/><U110/><E74/><V5/><F123/><W70/><G70/><T124/><D124/><U37/><E37/><V58/><F69/><W22/><G22/><T54/><D54/><U88/><REACH who="1" step="1"/><E134/><REACH who="1" ten="284,256,152,298" step="2"/><V26/><F5/><W25/><G39/><T90/><D90/><U132/><E132/><V43/><F6/><W75/><G75/><T76/><D76/><U122/><E122/><V125/><F77/><W87/><G115/><T121/><D121/><U68/><E68/><V96/><F62/><W9/><G113/><T56/><D56/><U73/><E73/><V57/><F58/><W133/><G133/><T28/><D14/><U4/><E4/><V71/><F57/><W105/><G9/><T106/><D8/><U49/><E49/><V1/><F10/><W86/><G25/><T33/><D27/><U94/><N who="1" m="23552" /><DORA hai="59" /><U89/><E89/><V12/><F1/><W126/><G126/><T112/><D112/><U20/><E20/><V40/><F125/><W91/><G91/><T107/><D21/><RYUUKYOKU ba="0,1" sc="284,-15,256,15,152,-15,298,15" hai1="32,35,81,85,88,100,102,108,109,110" hai3="7,11,13,44,48,50,51,52,86,87,97,101,105" />
</Scene>
<Scene>
<INIT seed="3,1,1,4,4,124" ten="269,271,137,313" oya="3" hai0="14,30,115,105,24,5,1,44,10,117,37,12,25" hai1="91,53,101,17,18,15,45,107,55,4,112,104,77" hai2="106,29,65,122,59,38,72,11,0,42,95,116,123" hai3="128,28,97,81,9,94,96,22,90,108,56,34,51"/><W73/><G128/><T35/><D105/><U66/><E77/><V79/><F106/><W39/><G39/><T83/><D117/><U26/><E4/><N who="2" m="1415" /><F116/><W134/><G134/><T54/><D115/><U47/><E66/><V31/><F95/><W3/><G34/><T110/><D110/><U46/><E112/><V80/><F59/><W57/><G108/><T52/><D25/><U27/><E101/><V41/><F65/><W19/><G28/><N who="2" m="10825" /><F42/><W120/><G120/><T85/><D37/><U21/><E107/><V109/><F109/><W118/><G118/><T32/><D32/><U92/><E104/><V132/><F132/><W78/><G97/><T99/><D99/><N who="1" m="57759" /><E27/><V67/><F67/><W75/><G73/><T89/><D54/><U62/><E62/><V88/><F88/><W130/><G130/><T49/><AGARI ba="1,1" hai="1,5,10,12,14,24,30,35,44,49,52,83,85,89" machi="49" ten="30,2000,0" yaku="0,1,54,1" doraHai="124" who="0" fromWho="0" sc="269,33,271,-6,137,-6,313,-11" />
</Scene>
<Scene>
<INIT seed="4,0,0,4,0,115" ten="302,265,131,302" oya="0" hai0="16,90,33,10,23,118,15,88,68,106,12,58,41" hai1="2,6,67,18,79,29,127,62,130,36,105,40,93" hai2="19,31,76,77,129,71,35,107,101,56,95,72,102" hai3="135,109,66,110,94,103,78,51,28,73,50,99,21"/><T134/><D68/><U11/><E105/><V7/><F7/><W22/><G135/><T45/><D33/><U54/><E127/><V17/><F71/><W57/><G73/><T25/><D118/><U117/><E29/><V34/><F107/><W82/><G110/><T64/><D106/><U52/><E117/><V119/><F72/><W89/><G109/><T124/><D134/><U53/><E79/><V14/><F56/><W63/><G89/><N who="0" m="34411" /><D124/><U132/><E93/><V55/><F55/><W96/><G99/><T37/><D37/><U112/><E132/><V3/><F31/><W91/><G91/><T116/><D116/><U131/><E112/><V80/><F119/><W123/><G123/><T47/><D41/><U70/><REACH who="1" step="1"/><E18/><REACH who="1" ten="302,255,131,302" step="2"/><V75/><F95/><W48/><G28/><N who="0" m="17471" /><D15/><U114/><E114/><V84/><F14/><W26/><G26/><T87/><D87/><U61/><E61/><AGARI ba="0,1" hai="10,12,16,45,47,58,61,64" m="17471,34411" machi="61" ten="30,5800,0" yaku="8,1,54,2" doraHai="115" who="0" fromWho="1" sc="302,68,255,-58,131,0,302,0" />
</Scene>
<Scene>
<INIT seed="4,1,0,0,2,18" ten="370,197,131,302" oya="0" hai0="7,85,15,56,135,131,17,132,99,38,23,61,30" hai1="95,124,2,128,60,74,123,80,133,47,27,98,68" hai2="87,25,52,4,64,103,78,97,129,117,112,57,19" hai3="96,115,125,107,110,109,35,39,77,83,14,127,49"/><T58/><D38/><U75/><E2/><V22/><F112/><W66/><G39/><T93/><D131/><U126/><E123/><V20/><F129/><W54/><G35/><T29/><D85/><U63/><E128/><V33/><F117/><W9/><G115/><T94/><D7/><U71/><E47/><V41/><F33/><W31/><G31/><N who="0" m="11787" /><D99/><U6/><E6/><V118/><F118/><W81/><G66/><N who="0" m="39207" /><D58/><U55/><E27/><V50/><F64/><W113/><G113/><T1/><D1/><U79/><E74/><V76/><F4/><N who="3" m="3367" /><G107/><T0/><D0/><U59/><E133/><AGARI ba="1,0" hai="15,17,23,93,94,132,133,135" m="39207,11787" machi="133" ten="30,2900,0" yaku="20,1,52,1" doraHai="18" who="0" fromWho="1" sc="370,32,197,-32,131,0,302,0" />
</Scene>
<Scene>
<INIT seed="4,2,0,1,3,109" ten="402,165,131,302" oya="0" hai0="55,73,114,11,78,81,35,132,134,74,88,22,19" hai1="68,38,123,70,12,120,52,76,47,101,29,128,80" hai2="15,1,79,8,130,18,107,30,94,7,36,44,122" hai3="33,13,41,40,66,56,28,10,112,97,57,75,82"/><T69/><D35/><U25/><E101/><V133/><F107/><W86/><G112/><T85/><D114/><U126/><E12/><V104/><F104/><W92/><G75/><T50/><D69/><U39/><E126/><V83/><F122/><W49/><G33/><T48/><D11/><U77/><E80/><V42/><F130/><W24/><G66/><T2/><D2/><U129/><E47/><V93/><F30/><W17/><G28/><T51/><D55/><U84/><E29/><V115/><F133/><N who="0" m="51306" /><D78/><U125/><E52/><V31/><F31/><W4/><G24/><AGARI ba="2,0" hai="19,22,24,48,50,51,73,74,81,85,88" m="51306" machi="24" ten="30,2900,0" yaku="20,1,54,1" doraHai="109" who="0" fromWho="3" sc="402,35,165,0,131,0,302,-35" />
</Scene>
<Scene>
<INIT seed="4,3,0,1,3,49" ten="437,165,131,267" oya="0" hai0="132,68,4,64,41,99,75,5,94,59,18,45,82" hai1="40,28,97,53,134,52,93,74,77,118,84,135,85" hai2="19,33,96,57,106,7,103,61,92,121,67,87,101" hai3="3,36,102,50,62,111,131,130,91,123,1,13,79"/><T22/><D68/><U65/><E118/><V14/><F121/><W133/><G111/><T37/><D132/><N who="1" m="50731" /><E40/><V17/><F33/><W20/><G133/><T116/><D116/><U58/><E28/><V39/><F39/><W112/><G112/><T10/><D64/><U78/><E65/><V25/><F106/><W114/><G114/><T117/><D117/><U0/><E0/><V72/><F72/><W125/><G50/><T38/><D38/><U35/><E35/><V81/><F103/><W27/><G36/><T90/><D59/><U88/><E74/><V12/><F7/><W73/><G123/><T56/><D56/><U42/><E42/><V86/><F25/><W29/><G1/><T47/><D47/><U124/><E124/><V31/><F31/><W2/><G125/><T66/><D66/><U98/><E53/><V120/><F120/><W15/><G2/><T109/><D109/><U110/><E110/><V122/><F122/><W119/><G3/><T55/><D55/><U80/><E98/><V70/><F70/><W48/><G119/><T128/><D75/><N who="1" m="43103" /><E77/><V60/><F60/><AGARI ba="3,0" hai="52,58,60,84,85,88,93,97" m="43103,50731" machi="60" ten="30,7700,0" yaku="20,1,52,1,54,2" doraHai="49" who="1" fromWho="2" sc="437,0,165,86,131,-86,267,0" />
</Scene>
<Scene>
<INIT seed="5,0,0,1,5,70" ten="437,251,45,267" oya="1" hai0="38,49,28,69,79,122,44,62,135,13,34,36,108" hai1="99,94,91,45,55,40,83,18,124,31,81,73,63" hai2="109,33,42,65,117,29,103,111,127,48,51,80,58" hai3="85,78,22,15,134,82,7,52,101,54,24,57,126"/><U133/><E133/><V61/><F80/><W84/><G126/><T39/><D108/><U71/><E31/><V129/><F103/><W68/><G68/><T2/><D2/><U93/><E124/><V119/><F127/><W21/><G134/><T43/><D79/><U112/><E112/><V47/><F29/><W102/><G84/><T25/><D135/><U46/><E73/><V123/><F123/><W41/><BYE who="2" /><G41/><T64/><D13/><U104/><E104/><V16/><F16/><N who="3" m="10399" /><G7/><T87/><D87/><UN n2="%E5%A4%AA%E3%81%8F%E3%81%AA%E3%81%84%E3%81%8A" /><U118/><E118/><V97/><F97/><W105/><G105/><T60/><D60/><U114/><E114/><V8/><F8/><W115/><G115/><T0/><D0/><U20/><E93/><V92/><F92/><W26/><G26/><T113/><D113/><U17/><E17/><V27/><F27/><W11/><G11/><T100/><D100/><N who="3" m="38505" /><G57/><T32/><REACH who="0" step="1"/><D122/><REACH who="0" ten="427,251,45,267" step="2"/><U3/><E3/><V23/><F111/><W120/><G120/><T59/><D59/><N who="1" m="35327" /><E71/><V35/><F109/><W76/><G78/><T74/><D74/><U9/><E9/><V95/><F119/><W4/><G4/><T37/><N who="0" m="9216" /><DORA hai="116" /><T72/><D72/><U30/><E46/><V125/><F117/><W128/><G76/><T86/><D86/><U12/><E45/><V121/><F121/><W98/><G85/><T131/><D131/><U89/><E99/><V66/><F129/><W56/><G128/><T10/><D10/><U14/><E12/><V5/><F125/><W75/><G98/><T106/><D106/><U19/><E14/><V67/><F5/><RYUUKYOKU ba="0,1" sc="427,30,251,-10,45,-10,267,-10" hai0="25,28,32,34,43,44,49,62,64,69" />
</Scene>
<Scene>
<INIT seed="6,1,1,5,1,54" ten="457,241,35,257" oya="2" hai0="109,47,124,105,33,81,128,70,107,53,66,125,135" hai1="91,117,89,71,28,8,72,112,88,36,25,43,5" hai2="132,102,87,31,18,114,121,133,113,75,60,20,44" hai3="14,6,3,111,80,93,118,79,129,134,23,39,65"/><V110/><F75/><W27/><G118/><T83/><D33/><U100/><E71/><V92/><F121/><W62/><G111/><T58/><D109/><U82/><E117/><V96/><F110/><W26/><G39/><T55/><D47/><U116/><E116/><V69/><F31/><W90/><G3/><T119/><D119/><U63/><E100/><V122/><F122/><W85/><G129/><T51/><D135/><N who="2" m="51786" /><F44/><W45/><G134/><T11/><D128/><U40/><E112/><N who="2" m="43115" /><F87/><W35/><G35/><T10/><D70/><U9/><E72/><V61/><F69/><W34/><G34/><T97/><D97/><U131/><E28/><V101/><F101/><W77/><G45/><T95/><D95/><U24/><E131/><V41/><F41/><W42/><G42/><T57/><D66/><U0/><E43/><V21/><F21/><W37/><G23/><T86/><D51/><U76/><E40/><V123/><F123/><W2/><G37/><T78/><D86/><U84/><E36/><V127/><F127/><W74/><G74/><T29/><D29/><U15/><E84/><V46/><F46/><W19/><G93/><T94/><D94/><U32/><E32/><V99/><F99/><W98/><G98/><T108/><D108/><U126/><E126/><V7/><F7/><W106/><G6/><T12/><D124/><U56/><E5/><V17/><F17/><W115/><G19/><T68/><D125/><U120/><E120/><V52/><F52/><W13/><G115/><T48/><D68/><U1/><E9/><N who="0" m="3081" /><D55/><U67/><E8/><RYUUKYOKU ba="1,1" sc="457,-10,241,-10,35,30,257,-10" hai2="18,20,60,61,92,96,102" />
</Scene>
<Scene>
<INIT seed="6,2,1,2,1,125" ten="447,231,65,247" oya="2" hai0="26,18,113,73,127,70,109,81,27,21,114,89,111" hai1="85,103,37,75,67,116,16,15,53,19,30,11,65" hai2="6,72,29,69,87,62,31,84,13,117,119,91,97" hai3="122,96,129,123,38,104,90,107,124,41,57,118,128"/><V131/><F72/><W93/><G118/><T112/><D127/><U10/><E75/><V36/><F36/><W63/><G124/><T120/><D120/><N who="3" m="46121" /><G41/><T88/><D70/><U5/><E37/><V20/><F97/><W94/><G38/><T32/><D32/><U46/><E30/><V102/><F102/><N who="3" m="60687" /><G57/><T54/><D27/><U80/><E103/><V83/><F131/><N who="3" m="50251" /><G63/><T135/><D114/><U108/><E116/><V22/><F117/><W100/><G100/><T25/><D113/><U49/><E108/><V33/><F119/><W121/><G121/><T17/><D112/><U7/><E7/><V45/><F45/><W43/><G43/><T78/><D111/><U77/><E19/><V1/><F1/><AGARI ba="2,1" hai="1,5,10,11,15,16,46,49,53,65,67,77,80,85" machi="1" ten="30,2000,0" yaku="7,1,54,1" doraHai="125" who="1" fromWho="2" sc="447,0,231,36,65,-26,247,0" />
</Scene>
<Scene>
<INIT seed="7,0,0,4,1,51" ten="447,267,39,247" oya="3" hai0="133,52,63,78,117,103,68,90,54,44,23,72,16" hai1="74,94,119,87,31,116,106,134,27,46,107,96,125" hai2="7,59,110,69,39,24,85,18,71,101,115,42,77" hai3="29,89,130,38,48,70,32,50,10,97,122,99,17"/><W28/><G122/><T128/><D117/><N who="1" m="45131" /><E74/><V40/><F101/><W11/><G38/><T102/><D72/><U56/><E46/><V12/><F24/><W0/><G70/><T109/><D109/><U1/><E1/><V60/><F7/><W112/><G112/><T93/><D78/><U120/><E120/><V98/><F98/><N who="3" m="37387" /><G32/><T9/><D9/><N who="3" m="3081" /><G0/><T111/><D111/><U25/><E87/><V67/><F18/><W21/><G130/><T20/><D68/><U15/><E15/><V131/><F12/><N who="3" m="9383" /><G89/><T37/><D37/><U30/><E134/><V6/><F6/><W126/><G126/><T124/><D124/><U3/><E125/><V100/><F100/><N who="0" m="38442" /><D133/><U75/><E3/><V2/><F2/><W73/><G73/><T36/><D36/><U13/><E13/><V82/><F110/><W114/><G114/><T135/><D128/><U123/><E75/><V129/><F115/><W4/><G4/><T14/><D135/><U88/><E123/><V104/><F104/><W49/><AGARI ba="0,0" hai="28,29,48,49,50" m="9383,3081,37387" machi="49" ten="30,1500,0" yaku="8,1" doraHai="51" who="3" fromWho="3" sc="447,-5,267,-5,39,-5,247,15" />
</Scene>
<Scene>
<INIT seed="7,1,0,4,4,89" ten="442,262,34,262" oya="3" hai0="22,29,117,57,36,135,56,110,13,107,17,10,23" hai1="80,115,69,84,113,43,132,15,91,111,8,49,45" hai2="19,76,133,77,4,53,47,38,98,87,86,41,99" hai3="63,28,30,81,64,18,9,134,58,75,92,101,118"/><W119/><G134/><T108/><D107/><U70/><E111/><V24/><F4/><W79/><G9/><T16/><D36/><U122/><E122/><V40/><F38/><W103/><G18/><N who="0" m="8503" /><D117/><U37/><E37/><V72/><F133/><W26/><G28/><T35/><D135/><U130/><E132/><V131/><F72/><W51/><G51/><T128/><D57/><U31/><E31/><V95/><F131/><W85/><G103/><T5/><D56/><U27/><E27/><V32/><F32/><W7/><G7/><T90/><D90/><U112/><E130/><V44/><F24/><W33/><REACH who="3" step="1"/><G85/><REACH who="3" ten="442,262,34,252" step="2"/><T42/><D128/><U114/><E112/><V71/><F71/><W100/><G100/><T12/><D5/><AGARI ba="1,1" hai="5,8,15,43,45,49,69,70,80,84,91,113,114,115" machi="5" ten="40,1300,0" yaku="15,1" doraHai="89" who="1" fromWho="0" sc="442,-16,262,26,34,0,252,0" owari="426,53.0,288,9.0,34,-47.0,252,-15.0" />
</Scene>
</mjloggm>