<mjloggm ver="2.3"><GO type="169" lobby="0"/><UN n0="%E3%82%AA%E3%82%A2%E3%83%AA%E3%83%A0%E3%81%AE%E8%A9%A0%E5%94%B1" n1="%E3%81%B2%E3%81%90%E3%81%A1" n2="%E5%A4%AA%E3%81%8F%E3%81%AA%E3%81%84%E3%81%8A" n3="%79%6F%74%65%72%75" dan="17,17,17,17" rate="2125.65,2159.43,2233.64,2179.93" sx="M,M,M,M"/><TAIKYOKU oya="0"/>

<Scene>
<INIT seed="0,0,0,0,4,91" ten="250,250,250,250" oya="0" hai0="21,110,15,54,123,97,131,113,134,83,28,128,61" hai1="30,93,68,66,102,75,51,47,17,108,114,20,67" hai2="48,8,39,10,55,94,125,85,25,44,38,53,36" hai3="13,88,135,133,69,29,103,35,119,104,64,86,56"/><T41/><D113/><U60/><E75/><V4/><F125/><W7/><G119/><T74/><D123/><U18/><E108/><V105/><F105/><W106/><G69/><T3/><D3/><U101/><E114/><V11/><F25/><N who="3" m="18863" /><G103/><T40/><D110/><U79/><E79/><V1/><REACH who="2" step="1"/><F53/><REACH who="2" ten="250,250,240,250" step="2"/><W2/><G106/><T76/><D131/><U109/><E109/><V115/><F115/><W132/><G104/><T81/><D128/><U19/><E66/><V31/><F31/><W26/><G26/><T89/><D28/><U117/><E117/><V77/><F77/><W52/><G64/><T70/><D134/><U23/><E30/><V12/><F12/><W45/><G13/><T124/><D124/><U121/><E121/><V65/><F65/><W33/><G2/><T99/><D54/><U58/><E68/><V49/><F49/><W22/><G52/><T84/><D70/><U6/><E23/><V92/><F92/><W122/><G122/><T73/><D61/><U43/><E20/><V34/><F34/><W16/><G33/><T95/><D21/><U80/><E80/><V111/><F111/><W57/><G133/><T32/><D15/><U90/><REACH who="1" step="1"/><E6/><REACH who="1" ten="250,240,240,250" step="2"/><V59/><F59/><N who="3" m="22603" /><G7/><T107/><D32/><U14/><E14/><V46/><F46/><W82/><G45/><T120/><D120/><U96/><AGARI ba="0,2" hai="17,18,19,43,47,51,58,60,67,90,93,96,101,102" machi="96" ten="30,7900,0" yaku="1,1,0,1,8,1,52,1,53,0" doraHai="91" doraHaiUra="27" who="1" fromWho="1" sc="250,-39,240,99,240,-20,250,-20" />
</Scene>
<Scene>
<INIT seed="1,0,0,5,5,97" ten="211,339,220,230" oya="1" hai0="9,82,66,112,98,17,49,58,20,53,4,71,27" hai1="113,106,12,16,14,103,133,33,63,35,79,65,2" hai2="87,46,94,130,18,42,88,3,105,107,85,50,122" hai3="39,102,110,38,120,41,92,25,91,48,99,15,47"/><U96/><E2/><V70/><F122/><W76/><G110/><T131/><D131/><U75/><E113/><V37/><F70/><W8/><G120/><T101/><D112/><U6/><E133/><V21/><F3/><W11/><G76/><T44/><D71/><U31/><E6/><V1/><F1/><W45/><G25/><T57/><D82/><U29/><E12/><V80/><F37/><W127/><G127/><T117/><D117/><U61/><E79/><V134/><F130/><W114/><G114/><T55/><D66/><U118/><E75/><V86/><F134/><W23/><G39/><T135/><D135/><U7/><E7/><V83/><F83/><W123/><G123/><T126/><D126/><U26/><E118/><V60/><F60/><W77/><G77/><T54/><D9/><U67/><E61/><V30/><F30/><W72/><G72/><T115/><D4/><U128/><E128/><V104/><REACH who="2" step="1"/><F80/><REACH who="2" ten="211,339,210,230" step="2"/><W24/><G38/><T84/><D115/><U51/><E51/><V13/><AGARI ba="0,1" hai="13,18,21,42,46,50,85,86,87,88,94,104,105,107" machi="13" ten="30,8000,1" yaku="1,1,2,1,0,1,54,1,53,1" doraHai="97" doraHaiUra="10" who="2" fromWho="2" sc="211,-20,339,-40,210,90,230,-20" />
</Scene>
<Scene>
<INIT seed="2,0,0,1,3,101" ten="191,299,300,210" oya="2" hai0="25,87,3,93,39,49,132,45,95,124,9,89,108" hai1="122,72,107,53,103,63,83,71,94,57,64,8,123" hai2="126,130,46,106,31,29,67,36,40,2,42,104,91" hai3="88,127,92,52,125,121,20,22,18,41,73,16,115"/><V133/><F2/><W12/><G121/><T68/><D68/><U60/><E94/><V97/><F126/><N who="3" m="48139" /><G73/><T99/><D124/><U24/><E8/><V32/><F130/><W43/><G115/><T33/><D108/><U135/><E135/><V15/><F133/><W59/><G18/><T0/><D132/><U21/><E72/><V35/><F67/><W90/><G22/><T131/><D39/><U62/><E83/><V86/><F15/><W74/><G74/><T129/><D33/><U51/><E51/><V50/><F36/><W117/><G117/><T13/><D25/><U48/><E48/><V109/><F109/><W26/><G26/><T28/><D28/><U69/><E62/><V80/><F42/><N who="3" m="15883" /><G92/><T27/><D27/><U10/><E10/><V113/><F113/><W17/><G17/><T58/><D131/><U82/><E69/><V1/><F1/><W47/><G47/><T61/><D129/><U30/><E82/><V34/><REACH who="2" step="1"/><F97/><REACH who="2" ten="191,299,290,210" step="2"/><W105/><G105/><AGARI ba="0,1" hai="29,31,32,34,35,40,46,50,80,86,91,104,105,106" machi="105" ten="50,12000,1" yaku="1,1,2,1,52,3,53,0" doraHai="101" doraHaiUra="5" who="2" fromWho="3" sc="191,0,299,0,290,130,210,-120" />
</Scene>
<Scene>
<INIT seed="2,1,0,2,5,77" ten="191,299,420,90" oya="2" hai0="41,117,124,39,134,27,58,112,32,108,98,13,42" hai1="48,71,29,92,105,114,28,82,60,110,40,47,49" hai2="73,53,44,0,75,100,16,33,85,36,70,96,1" hai3="34,69,6,51,111,127,113,72,74,109,97,9,62"/><V99/><F33/><W38/><G127/><T56/><D112/><U80/><E105/><V43/><F70/><W22/><G34/><T104/><D124/><U101/><E114/><V3/><F53/><W81/><G38/><T20/><D108/><N who="3" m="41545" /><G113/><T88/><D134/><U67/><E110/><V123/><F123/><W94/><G22/><T118/><D13/><U54/><E101/><V107/><F96/><W126/><G126/><T19/><D32/><U129/><E92/><V10/><REACH who="2" step="1"/><F85/><REACH who="2" ten="191,299,410,90" step="2"/><W15/><G69/><T2/><D117/><U35/><E35/><V23/><F23/><W37/><G97/><T24/><D118/><U122/><E122/><V106/><F106/><W65/><G74/><T4/><D104/><U66/><E66/><V52/><F52/><W30/><G72/><T63/><D98/><U5/><E129/><V14/><AGARI ba="1,1" hai="0,1,3,10,14,16,36,43,44,73,75,99,100,107" machi="14" ten="40,7800,0" yaku="1,1,0,1,54,1,53,0" doraHai="77" doraHaiUra="132" who="2" fromWho="2" sc="191,-27,299,-27,410,91,90,-27" />
</Scene>
<Scene>
<INIT seed="2,2,0,0,2,74" ten="164,272,501,63" oya="2" hai0="52,35,47,30,112,5,54,97,4,9,17,113,66" hai1="81,91,61,133,93,36,122,50,131,58,37,73,69" hai2="80,82,83,32,95,26,92,64,101,1,45,0,130" hai3="104,23,68,135,13,19,127,126,114,96,99,7,57"/><V16/><F130/><W40/><G68/><T60/><D17/><U116/><E116/><V41/><F64/><W105/><G135/><T86/><D97/><N who="3" m="37449" /><G114/><T31/><D86/><U56/><E131/><V15/><F101/><W110/><G110/><T20/><D35/><U94/><E69/><V87/><F32/><W12/><G40/><T43/><D112/><U34/><E34/><V39/><F26/><W63/><G12/><T84/><D84/><U117/><E117/><V108/><F108/><W59/><G7/><T14/><D4/><U77/><E133/><V38/><F38/><W48/><G48/><T62/><D113/><U119/><E119/><V106/><F106/><N who="3" m="41067" /><G63/><T6/><D6/><U51/><E122/><V128/><F128/><W71/><G71/><T115/><D115/><U22/><E36/><V120/><F120/><W98/><G98/><T123/><D123/><U129/><E37/><V88/><REACH who="2" step="1"/><F95/><REACH who="2" ten="164,272,491,63" step="2"/><W33/><G33/><T65/><D65/><U28/><E93/><V125/><F125/><AGARI ba="2,1" hai="13,19,23,57,59,125,126,127" m="41067,37449" machi="125" ten="30,1000,0" yaku="18,1" doraHai="74" who="3" fromWho="2" sc="164,0,272,0,491,-16,63,26" />
</Scene>
<Scene>
<INIT seed="3,0,0,0,2,25" ten="164,272,475,89" oya="3" hai0="2,126,110,24,77,38,75,49,44,71,90,70,63" hai1="87,108,10,32,31,45,95,72,99,67,127,18,86" hai2="132,1,125,129,7,117,40,118,82,54,36,13,6" hai3="93,19,104,64,131,35,133,21,28,9,30,27,112"/><W101/><G112/><T78/><D2/><U4/><E72/><V52/><F1/><W123/><G123/><T66/><D110/><U17/><E127/><V61/><F125/><W105/><G131/><T37/><D126/><U34/><E67/><V109/><F109/><W16/><G133/><T107/><D71/><U5/><E108/><V83/><F40/><W55/><G64/><T88/><D107/><U76/><E45/><V120/><F36/><W23/><G9/><T68/><D68/><U114/><E114/><V106/><F106/><W39/><G39/><T15/><D38/><U12/><E34/><V11/><F132/><W119/><G119/><T22/><D15/><U98/><E31/><V85/><F129/><W51/><G35/><T116/><D37/><U33/><E33/><V94/><F120/><W43/><G43/><T65/><D65/><U58/><E32/><V46/><F46/><N who="3" m="28151" /><G105/><T113/><D116/><U8/><E58/><V14/><F61/><W115/><G104/><T102/><D102/><U57/><E57/><V41/><F41/><W42/><G42/><T20/><D113/><U96/><E76/><V81/><F117/><W135/><G115/><T80/><D78/><U69/><E69/><V73/><F73/><W56/><G56/><T134/><D134/><U59/><E59/><V92/><F118/><W89/><G101/><T111/><D111/><U62/><E62/><V103/><F103/><W47/><G47/><T48/><D48/><U79/><E8/><V84/><F11/><W124/><G124/><T130/><D130/><U121/><E121/><RYUUKYOKU ba="0,0" sc="164,0,272,0,475,0,89,0" />
</Scene>
<Scene>
<INIT seed="4,1,0,0,2,1" ten="164,272,475,89" oya="0" hai0="19,102,57,36,42,9,17,23,18,93,50,33,135" hai1="37,52,59,91,21,131,88,86,127,41,55,32,119" hai2="124,72,107,61,84,126,2,98,101,134,54,118,75" hai3="7,64,69,121,108,79,133,56,58,128,49,4,76"/><T74/><D33/><U87/><E32/><V38/><F38/><W82/><G108/><T78/><D36/><U47/><E119/><V5/><F118/><W104/><G104/><T99/><D135/><U132/><E131/><V94/><F134/><W62/><G133/><T60/><D74/><U125/><E132/><V30/><F30/><W112/><G128/><T27/><D78/><U83/><E21/><V105/><F54/><N who="3" m="34135" /><G69/><T67/><REACH who="0" step="1"/><D9/><REACH who="0" ten="154,272,475,89" step="2"/><U122/><E122/><V71/><F75/><W89/><G121/><T51/><D51/><U70/><E70/><V24/><F72/><W129/><G129/><T0/><D0/><U100/><E100/><V53/><F2/><W44/><G112/><T73/><D73/><U15/><E125/><V77/><F71/><W68/><G68/><T85/><D85/><U106/><E127/><V117/><F84/><N who="3" m="50327" /><G79/><T120/><D120/><U3/><E3/><V123/><F77/><W16/><G76/><T92/><D92/><U26/><E106/><V113/><F94/><W20/><G49/><T48/><D48/><U46/><E37/><V31/><F123/><W8/><G8/><T95/><D95/><U13/><E83/><V22/><F117/><W81/><G81/><T45/><AGARI ba="1,1" hai="17,18,19,23,27,42,45,50,57,60,67,93,99,102" machi="45" ten="30,6000,0" yaku="1,1,0,1,8,1,53,0" doraHai="1" doraHaiUra="109" who="0" fromWho="0" sc="154,73,272,-21,475,-21,89,-21" />
</Scene>
<Scene>
<INIT seed="4,2,0,3,4,113" ten="227,251,454,68" oya="0" hai0="43,13,133,59,50,44,69,4,53,130,85,98,29" hai1="115,26,49,1,121,101,100,51,60,6,38,103,93" hai2="15,67,125,16,17,95,5,75,68,11,30,61,123" hai3="65,22,42,81,104,31,82,91,122,45,71,35,87"/><T73/><D73/><U18/><E38/><V76/><F123/><W58/><G122/><T77/><D69/><U37/><E37/><V114/><F114/><W110/><G110/><T10/><D130/><U39/><E39/><V112/><F112/><W41/><G104/><T99/><D133/><U105/><E105/><V63/><F125/><W24/><G71/><T102/><D29/><U106/><E106/><V124/><F124/><W9/><G35/><T131/><D131/><U120/><E1/><V88/><F61/><N who="3" m="38071" /><G9/><T108/><D108/><U117/><E115/><V20/><F76/><W94/><G45/><T56/><D102/><U57/><E120/><V66/><F75/><W135/><G135/><T96/><REACH who="0" step="1"/><D43/><AGARI ba="2,0" hai="22,24,31,41,42,43,81,82,87,91,94" m="38071" machi="43" ten="30,1000,0" yaku="8,1" doraHai="113" who="3" fromWho="0" sc="227,-16,251,0,454,0,68,16" />
</Scene>
<Scene>
<INIT seed="5,0,0,5,0,66" ten="211,251,454,84" oya="1" hai0="27,56,58,13,86,115,77,101,15,33,120,18,19" hai1="29,85,3,32,119,35,108,22,67,82,131,95,5" hai2="62,10,43,135,117,109,57,34,99,79,123,103,80" hai3="91,73,17,75,130,74,121,89,25,53,129,126,2"/><U23/><E119/><V52/><F117/><W49/><G2/><T1/><D1/><U46/><E67/><V6/><F135/><W127/><G25/><T118/><D118/><U100/><E131/><N who="3" m="50186" /><G17/><T36/><D36/><U104/><E104/><V132/><F132/><W4/><G4/><T93/><D115/><U8/><E108/><V30/><F123/><W88/><G53/><T45/><D120/><U72/><E72/><N who="3" m="18434" /><W31/><DORA hai="50" /><G31/><T65/><D45/><U44/><E23/><V38/><F109/><W110/><G110/><T71/><D33/><U9/><E9/><V90/><F6/><W98/><G49/><T20/><D27/><U7/><E7/><V14/><F52/><W24/><G24/><T87/><D71/><U111/><E111/><V112/><F30/><W106/><G121/><T47/><D47/><U76/><E22/><V96/><F10/><W26/><G26/><T116/><D116/><U134/><E29/><V37/><F37/><W0/><G0/><T61/><D58/><U12/><E3/><V105/><F57/><W97/><G106/><T63/><D63/><U21/><E21/><V54/><F62/><W39/><G39/><T107/><D107/><U102/><E134/><V48/><F38/><W69/><G69/><T92/><D61/><U60/><E60/><V55/><F105/><W84/><G84/><T124/><D56/><U64/><E64/><V114/><F34/><W81/><G81/><T113/><D65/><U51/><E35/><V83/><F80/><W68/><G68/><T59/><D59/><U42/><E32/><RYUUKYOKU ba="0,0" sc="211,-10,251,-10,454,-10,84,30" hai3="88,89,91,97,98,126,127" />
</Scene>
<Scene>
<INIT seed="6,1,0,5,1,58" ten="201,241,444,114" oya="2" hai0="8,11,69,76,39,92,29,44,86,122,30,45,103" hai1="32,104,66,40,93,43,108,111,63,12,41,28,83" hai2="91,130,85,68,90,64,13,31,26,21,97,123,128" hai3="124,51,61,7,57,119,5,18,74,88,77,20,62"/><V78/><F123/><W118/><G74/><T42/><D122/><U89/><E104/><V121/><F121/><W50/><G77/><T56/><D69/><U114/><E114/><V0/><F0/><W59/><G20/><T10/><D45/><U14/><E83/><N who="2" m="47351" /><F97/><W24/><G24/><T34/><D34/><U113/><E113/><V132/><F132/><W79/><G79/><T99/><D56/><U71/><E28/><V9/><F64/><W48/><G51/><T4/><D4/><U87/><REACH who="1" step="1"/><E32/><REACH who="1" ten="201,231,444,114" step="2"/><V95/><F31/><W53/><G124/><T72/><D30/><U80/><E80/><V131/><F131/><W22/><G119/><T126/><D29/><U120/><E120/><V25/><F128/><W98/><G118/><T102/><D126/><U101/><E101/><V125/><F130/><W109/><G109/><AGARI ba="1,1" hai="12,14,40,41,43,63,66,71,87,89,93,108,109,111" machi="109" ten="40,2600,0" yaku="1,1,52,1,53,0" doraHai="58" doraHaiUra="27" who="1" fromWho="3" sc="201,0,231,39,444,0,114,-29" />
</Scene>
<Scene>
<INIT seed="7,0,0,1,1,17" ten="201,270,444,85" oya="3" hai0="103,97,40,64,47,34,63,10,90,16,1,65,83" hai1="106,29,119,44,92,2,31,35,6,41,24,37,88" hai2="86,70,28,87,49,121,112,52,79,50,38,84,14" hai3="53,36,133,21,123,104,19,111,116,13,135,94,61"/><W8/><G104/><T105/><D34/><U15/><E106/><V57/><F38/><W59/><G116/><T73/><D63/><U91/><E119/><V93/><F70/><W5/><G123/><T125/><D125/><U76/><E31/><V54/><F121/><W78/><G36/><T81/><D81/><U45/><E45/><N who="2" m="27695" /><F112/><W32/><G32/><T20/><D10/><U101/><E15/><V42/><F42/><W114/><G114/><T117/><D1/><U82/><E101/><V122/><F122/><W120/><G120/><T11/><D11/><N who="1" m="2519" /><E92/><V18/><F28/><W100/><G111/><T80/><D80/><U62/><E62/><V72/><F72/><AGARI ba="0,0" hai="24,29,35,37,41,44,72,76,82,88,91" m="2519" machi="72" ten="30,2000,0" yaku="25,1,54,1" doraHai="17" who="1" fromWho="2" sc="201,0,270,20,444,-20,85,0" owari="201,-20.0,290,9.0,424,52.0,85,-41.0" />
</Scene>
</mjloggm>