<mjloggm ver="2.3"><GO type="169" lobby="0"/><UN n0="%E3%83%8A%E3%82%BA%E6%98%9F%40%E6%9D%8F%E6%9D%8F%E8%BB%8D%E5%9C%98" n1="%E3%82%8B%E3%81%84%E3%81%9A%E3%81%85%E3%81%86%E3%81%82%E3%81%81%E3%81%82" n2="%E5%A4%AA%E3%81%8F%E3%81%AA%E3%81%84%E3%81%8A" n3="%E3%83%AB%E3%82%AF%E5%8A%A9" dan="16,17,18,16" rate="2083.07,2158.28,2273.41,2024.18" sx="F,M,M,F"/><TAIKYOKU oya="0"/>

<Scene>
<INIT seed="0,0,0,5,2,32" ten="250,250,250,250" oya="0" hai0="131,133,82,125,99,2,92,63,1,45,15,93,8" hai1="87,85,107,39,111,118,4,22,101,100,18,54,79" hai2="94,37,122,0,7,69,75,116,97,129,55,96,38" hai3="10,59,88,36,24,130,71,132,68,46,70,135,127"/><T21/><D133/><N who="3" m="51273" /><G24/><T53/><D131/><U64/><E118/><V25/><F122/><W35/><G130/><T52/><D125/><U17/><E39/><V83/><F129/><W26/><G127/><T126/><D126/><U134/><E134/><V102/><F69/><W41/><G59/><T13/><D63/><U12/><E64/><V61/><F116/><W80/><G10/><T66/><D66/><U48/><E4/><V128/><F128/><W31/><G80/><T91/><D82/><U77/><E107/><V108/><F25/><W34/><G88/><T103/><D21/><AGARI ba="0,0" hai="21,26,31,34,35,36,41,46,68,70,71" m="51273" machi="21" ten="40,1300,0" yaku="20,1" doraHai="32" who="3" fromWho="0" sc="250,-13,250,0,250,0,250,13" />
</Scene>
<Scene>
<INIT seed="1,0,0,4,2,18" ten="237,250,250,263" oya="1" hai0="31,109,89,111,134,88,97,71,7,30,47,59,58" hai1="33,81,69,52,101,16,57,117,51,98,79,55,53" hai2="28,24,17,11,72,2,116,125,90,87,114,50,123" hai3="23,118,85,66,91,132,27,9,5,74,46,63,86"/><U43/><E117/><V110/><F116/><W84/><G118/><T25/><D71/><U34/><E69/><V42/><F123/><W131/><G74/><T75/><D75/><U6/><E6/><V122/><F122/><W108/><G108/><N who="0" m="41547" /><D134/><U92/><E33/><V80/><F110/><W127/><G127/><T70/><D70/><U77/><E34/><V8/><F125/><W20/><G131/><T41/><D7/><U36/><E36/><V135/><F135/><W10/><G132/><T21/><D31/><U29/><E29/><V133/><F133/><W65/><G46/><T19/><D30/><U78/><E43/><V105/><F105/><W115/><G115/><T76/><D76/><U61/><E16/><V119/><F119/><W129/><G27/><T49/><D97/><U102/><E102/><V68/><F68/><W1/><G129/><T45/><D45/><N who="1" m="27759" /><E53/><V126/><F126/><W100/><G100/><T56/><AGARI ba="0,0" hai="19,21,25,41,47,49,56,58,59,88,89" m="41547" machi="56" ten="30,4000,0" yaku="14,1,52,1,54,1" doraHai="18" who="0" fromWho="0" sc="237,40,250,-20,250,-10,263,-10" />
</Scene>
<Scene>
<INIT seed="2,0,0,4,0,12" ten="277,230,240,253" oya="2" hai0="2,92,37,4,69,112,48,27,117,63,55,93,125" hai1="7,53,43,58,96,94,59,17,16,41,64,108,29" hai2="11,80,46,47,22,40,9,76,103,97,132,110,100" hai3="30,101,114,6,95,66,60,45,19,28,78,61,91"/><V26/><F132/><W23/><G6/><T35/><D112/><U70/><E108/><V79/><F110/><W13/><G114/><T85/><D37/><U56/><E70/><V31/><F79/><W34/><G101/><T122/><D122/><U99/><E7/><V36/><F47/><W83/><G34/><T88/><D2/><U75/><E75/><V104/><REACH who="2" step="1"/><F103/><REACH who="2" ten="277,230,230,253" step="2"/><W127/><G45/><T115/><D115/><U120/><E120/><V89/><F89/><W82/><G127/><T129/><D88/><N who="1" m="55367" /><E64/><V51/><F51/><W98/><G82/><T24/><D125/><U119/><E119/><V105/><F105/><W3/><G61/><T14/><D63/><U49/><E29/><V87/><AGARI ba="0,1" hai="9,11,22,26,31,36,40,46,76,80,87,97,100,104" machi="87" ten="20,3900,0" yaku="1,1,0,1,7,1,53,0" doraHai="12" doraHaiUra="90" who="2" fromWho="2" sc="277,-13,230,-13,230,49,253,-13" />
</Scene>
<Scene>
<INIT seed="2,1,0,3,2,81" ten="264,217,279,240" oya="2" hai0="62,12,51,113,28,38,14,95,13,109,102,112,45" hai1="114,104,134,29,31,8,135,103,133,80,6,22,129" hai2="82,1,9,111,33,53,68,105,15,126,92,64,101" hai3="49,27,122,93,35,48,132,4,70,121,130,21,110"/><V46/><F33/><W116/><G70/><T23/><D38/><U115/><E80/><V42/><F105/><W100/><G35/><T84/><D109/><U34/><E103/><V11/><F126/><W118/><G4/><T25/><D62/><U5/><E104/><V91/><F111/><W43/><G110/><T89/><REACH who="0" step="1"/><D102/><REACH who="0" ten="254,217,279,240" step="2"/><U10/><E129/><V94/><F101/><W66/><G130/><T123/><D123/><U59/><E135/><V47/><F68/><W39/><G132/><T19/><D19/><U108/><E108/><V106/><F106/><W2/><G122/><T41/><AGARI ba="1,1" hai="12,13,14,23,25,28,41,45,51,84,89,95,112,113" machi="41" ten="30,7900,0" yaku="1,1,0,1,52,1,53,1" doraHai="81" doraHaiUra="86" who="0" fromWho="0" sc="254,92,217,-21,279,-40,240,-21" />
</Scene>
<Scene>
<INIT seed="3,0,0,5,5,69" ten="346,196,239,219" oya="3" hai0="124,89,54,16,92,53,125,52,0,93,106,55,130" hai1="86,104,49,60,72,102,29,70,6,22,110,62,64" hai2="120,75,38,73,87,30,46,121,27,90,80,85,51" hai3="14,134,17,18,101,40,20,19,41,15,98,58,50"/><W12/><G134/><T76/><D106/><U23/><E72/><V113/><F113/><W4/><G4/><T103/><D0/><U131/><E110/><V7/><F7/><W2/><G2/><T61/><D130/><U116/><E131/><V77/><F38/><W107/><REACH who="3" step="1"/><G20/><REACH who="3" ten="346,196,239,209" step="2"/><T65/><D124/><U63/><E22/><V115/><F115/><W126/><G126/><T11/><D125/><U118/><E23/><V83/><F121/><W91/><G91/><T96/><D89/><U74/><E6/><V47/><F120/><W117/><G117/><T1/><D1/><U108/><E116/><V57/><F90/><W21/><G21/><T34/><D11/><U119/><E118/><V133/><F133/><W109/><G109/><T100/><D100/><U71/><E108/><V24/><F30/><W135/><G135/><T129/><D129/><U66/><E29/><V95/><F24/><W122/><G122/><T8/><D103/><U13/><E102/><V112/><F27/><W68/><G68/><T43/><D8/><U99/><E70/><V67/><F112/><W42/><G42/><T37/><D43/><U88/><E71/><V128/><F128/><W36/><G36/><T39/><D37/><U84/><E119/><V48/><F77/><W33/><G33/><T82/><D39/><U123/><E88/><V25/><F25/><W31/><G31/><T97/><D76/><U32/><E123/><V132/><F132/><W79/><G79/><T45/><N who="0" m="13312" /><DORA hai="94" /><T10/><D34/><U78/><E32/><V127/><F127/><W5/><G5/><RYUUKYOKU ba="0,1" sc="346,-10,196,-10,239,-10,209,30" hai3="12,14,15,17,18,19,40,41,50,58,98,101,107" />
</Scene>
<Scene>
<INIT seed="3,1,1,4,0,60" ten="336,186,229,239" oya="3" hai0="11,40,134,126,131,63,124,97,127,3,99,114,47" hai1="17,66,58,6,135,24,80,18,93,89,37,54,90" hai2="15,78,75,9,13,123,113,19,76,96,21,95,92" hai3="79,125,71,91,53,62,82,119,26,130,45,41,32"/><W101/><G119/><T49/><D134/><U28/><E37/><V31/><F113/><W0/><G0/><T106/><D114/><U5/><E135/><V48/><F123/><W72/><G130/><T129/><D106/><U27/><E80/><V22/><F75/><W10/><G125/><T34/><D34/><U112/><E112/><V83/><F83/><W118/><G118/><T1/><D1/><U88/><E93/><V103/><F48/><W111/><G101/><T86/><D86/><U43/><E43/><V128/><F128/><N who="0" m="49226" /><D63/><N who="1" m="38263" /><E54/><V56/><F56/><W16/><G32/><T7/><AGARI ba="1,1" hai="3,7,11,40,47,49,97,99,124,126,127" m="49226" machi="7" ten="40,2700,0" yaku="18,1,19,1" doraHai="60" who="0" fromWho="0" sc="336,40,186,-8,229,-8,239,-14" />
</Scene>
<Scene>
<INIT seed="4,0,0,5,1,7" ten="376,178,221,225" oya="0" hai0="102,110,123,71,3,74,88,85,32,9,81,11,53" hai1="125,27,114,89,31,0,69,134,15,101,126,72,68" hai2="57,130,18,120,19,44,95,1,104,12,59,84,43" hai3="13,92,93,37,117,22,127,60,26,97,47,58,4"/><T46/><D123/><U111/><E111/><V119/><F104/><W6/><G117/><T24/><D71/><U107/><E0/><V10/><F120/><W42/><G127/><N who="1" m="48650" /><E134/><V70/><F70/><W55/><G13/><T17/><D74/><U106/><E72/><V62/><F119/><W14/><G14/><N who="0" m="7375" /><D110/><U52/><E107/><V105/><F105/><W113/><G113/><T77/><D102/><U38/><E38/><V90/><F130/><W8/><G8/><T48/><D77/><U98/><E114/><V64/><F1/><W16/><REACH who="3" step="1"/><G92/><REACH who="3" ten="376,178,221,215" step="2"/><T121/><D121/><U128/><E15/><V28/><F12/><W36/><G36/><T30/><D3/><U67/><E128/><V83/><F95/><W112/><G112/><T116/><D11/><U2/><E2/><V103/><F10/><W73/><G73/><T39/><D39/><U78/><E78/><V51/><F103/><AGARI ba="0,1" hai="4,6,16,22,26,37,42,47,55,58,60,93,97,103" machi="103" ten="30,7700,0" yaku="1,1,7,1,54,1,53,1" doraHai="7" doraHaiUra="54" who="3" fromWho="2" sc="376,0,178,0,221,-77,215,87" />
</Scene>
<Scene>
<INIT seed="5,0,0,5,1,46" ten="376,178,144,302" oya="1" hai0="120,33,83,22,43,48,47,97,82,18,122,98,133" hai1="85,31,90,13,101,1,49,112,79,12,129,5,32" hai2="119,59,67,70,37,71,21,34,84,95,128,23,106" hai3="36,100,63,30,16,4,28,40,116,61,39,44,19"/><U45/><E112/><V123/><F119/><W75/><G4/><T134/><D33/><U132/><E132/><N who="0" m="50793" /><D97/><U54/><E129/><V8/><F123/><N who="0" m="47146" /><D98/><U92/><E1/><V91/><F34/><W125/><G75/><T77/><D77/><U111/><E111/><V66/><F106/><W113/><G100/><T81/><D81/><N who="1" m="47295" /><E32/><V110/><F110/><W52/><G36/><T17/><D17/><U118/><E118/><V64/><F37/><W62/><G62/><T103/><D103/><U26/><E101/><V73/><F73/><W58/><G63/><T80/><D80/><U56/><E5/><V89/><F128/><W72/><G72/><T15/><AGARI ba="0,0" hai="15,18,22,43,47,48,82,83" m="47146,50793" machi="15" ten="30,4000,0" yaku="20,1,13,1,52,1" doraHai="46" who="0" fromWho="0" sc="376,40,178,-20,144,-10,302,-10" />
</Scene>
<Scene>
<INIT seed="6,0,0,4,0,13" ten="416,158,134,292" oya="2" hai0="49,18,14,68,84,50,70,78,101,6,65,29,132" hai1="69,63,90,99,62,1,16,122,39,61,120,105,118" hai2="37,4,85,11,121,89,12,45,35,114,76,80,119" hai3="106,44,66,26,64,128,129,130,55,108,82,42,33"/><V81/><F119/><W88/><G106/><T100/><D68/><U54/><E118/><V9/><F121/><N who="1" m="46697" /><E39/><V34/><F114/><W40/><G108/><T0/><D50/><U38/><E38/><V19/><F37/><N who="3" m="21519" /><G55/><T110/><D14/><U17/><E1/><V126/><F126/><W95/><G82/><T93/><D84/><U28/><E69/><V79/><F45/><W72/><G72/><T87/><D93/><N who="1" m="56759" /><E105/><V47/><F47/><W111/><G42/><T98/><D101/><U10/><E10/><V41/><F41/><W3/><G3/><T124/><D29/><U2/><E2/><V91/><F4/><W24/><G111/><T102/><D6/><U125/><E125/><V116/><F116/><W21/><G33/><T134/><D110/><U75/><E75/><V22/><F35/><W51/><G51/><T117/><D49/><U94/><E28/><V109/><F109/><W96/><G26/><T104/><D78/><N who="2" m="29738" /><F34/><W36/><G36/><T83/><D124/><U46/><E94/><V58/><F58/><W8/><G8/><N who="2" m="3145" /><F80/><W25/><G25/><T7/><D0/><U115/><E115/><V133/><F91/><W23/><G24/><T53/><D7/><U15/><E15/><V20/><F20/><AGARI ba="0,0" hai="20,21,23,64,66,88,95,96,128,129,130" m="21519" machi="20" ten="30,2000,0" yaku="19,1,54,1" doraHai="13" who="3" fromWho="2" sc="416,0,158,0,134,-20,292,20" />
</Scene>
<Scene>
<INIT seed="7,0,0,1,0,31" ten="416,158,114,312" oya="3" hai0="89,58,50,24,45,113,46,53,81,132,88,23,105" hai1="78,15,98,102,122,39,135,107,5,6,99,112,34" hai2="44,26,40,131,2,7,97,3,42,123,72,77,1" hai3="129,121,17,91,82,87,12,64,116,95,74,37,57"/><W124/><G116/><T54/><D105/><U66/><E122/><V70/><F70/><W61/><G37/><T60/><D132/><U32/><E66/><V49/><F123/><W38/><G38/><T130/><D130/><U4/><E39/><V94/><F131/><W65/><G129/><T103/><D103/><U106/><E135/><V114/><F114/><W101/><G121/><T25/><D113/><U115/><E78/><V79/><F7/><W47/><G124/><T63/><D81/><U62/><E4/><V16/><F42/><W36/><G65/><T111/><D111/><U18/><E15/><V83/><F77/><W76/><G101/><T0/><D0/><U75/><E102/><V30/><F16/><W9/><G36/><T73/><D73/><U85/><E75/><V134/><F134/><W84/><REACH who="3" step="1"/><G47/><REACH who="3" ten="416,158,114,302" step="2"/><T21/><D58/><U59/><E59/><V35/><REACH who="2" step="1"/><F1/><REACH who="2" ten="416,158,104,302" step="2"/><W29/><G29/><T90/><D46/><U52/><E115/><V96/><F96/><AGARI ba="0,2" hai="9,12,17,57,61,64,74,76,82,84,87,91,95,96" machi="96" ten="30,5800,0" yaku="1,1,7,1,53,1" doraHai="31" doraHaiUra="55" who="3" fromWho="2" sc="416,0,158,0,104,-58,302,78" />
</Scene>
<Scene>
<INIT seed="7,1,0,4,2,28" ten="416,158,46,380" oya="3" hai0="2,121,60,17,34,112,26,40,91,9,32,56,42" hai1="52,100,53,35,59,99,46,89,57,92,25,36,62" hai2="19,115,1,55,49,111,128,119,102,48,116,65,37" hai3="108,63,129,101,124,75,31,131,11,85,97,24,61"/><W15/><G75/><T133/><D121/><U47/><E36/><V5/><F102/><W104/><G85/><T39/><D39/><U123/><E123/><V54/><F5/><N who="3" m="3567" /><G124/><T8/><D2/><U38/><E38/><V44/><F1/><W114/><G114/><T134/><D112/><U82/><E25/><V27/><F19/><W110/><G24/><T67/><D8/><U13/><E35/><N who="0" m="13353" /><D91/><U72/><E13/><V45/><F27/><W51/><G51/><T74/><D74/><U76/><E100/><V103/><F103/><W0/><G31/><T106/><D106/><U122/><E122/><V50/><F115/><W64/><G0/><T70/><D70/><U109/><E109/><N who="3" m="42090" /><G64/><T30/><D30/><U107/><E107/><V12/><F111/><W73/><G73/><T105/><D105/><U22/><E22/><V41/><F12/><W29/><G29/><T14/><D26/><U16/><E16/><V23/><F23/><W43/><G43/><T125/><D125/><U127/><E127/><V87/><F87/><W68/><G68/><T120/><D120/><U4/><E4/><V18/><F18/><W95/><G104/><T135/><AGARI ba="1,0" hai="9,14,17,40,42,56,60,67,133,134,135" m="13353" machi="135" ten="40,8000,1" yaku="20,1,52,3" doraHai="28" who="0" fromWho="0" sc="416,83,158,-21,46,-21,380,-41" owari="499,59.0,137,-26.0,25,-47.0,339,14.0" />
</Scene>
</mjloggm>