<mjloggm ver="2.3"><GO type="169" lobby="0"/><UN n0="%E3%82%A8%E3%83%83%E3%83%95%E3%82%A7%E3%83%AB%E5%A1%94" n1="%68%69%6E%61%6A%69%6E%6E" n2="%E5%A4%AA%E3%81%8F%E3%81%AA%E3%81%84%E3%81%8A" n3="%E6%B9%98%E5%8C%97%E2%91%AD%E4%B8%89%E4%BA%95%E5%AF%BF" dan="16,17,19,16" rate="2068.47,2146.78,2313.25,2112.60" sx="M,M,F,M"/><TAIKYOKU oya="0"/>

<Scene>
<INIT seed="0,0,0,4,1,41" ten="250,250,250,250" oya="0" hai0="70,26,61,49,65,131,72,7,116,83,40,90,73" hai1="3,31,88,6,14,25,46,135,20,91,27,124,63" hai2="4,134,5,11,50,74,34,125,64,96,0,133,33" hai3="13,75,21,59,102,52,115,16,58,9,8,12,45"/><T89/><D116/><U51/><E124/><V84/><F74/><W10/><G75/><T130/><D7/><U18/><E135/><N who="2" m="51723" /><F125/><W28/><G115/><T123/><D123/><U119/><E119/><V77/><F64/><W107/><G107/><T100/><D100/><U118/><E118/><V126/><F126/><W103/><G28/><T37/><D37/><U17/><E63/><V98/><F5/><W121/><G121/><T19/><D49/><U85/><E85/><V76/><F50/><N who="3" m="28751" /><G13/><T2/><D40/><U87/><E87/><V127/><F127/><W36/><G36/><T114/><D2/><U60/><E60/><V97/><F84/><W79/><G79/><AGARI ba="0,0" hai="0,4,11,33,34,76,77,79,96,97,98" m="51723" machi="79" ten="30,1000,0" yaku="20,1" doraHai="41" who="2" fromWho="3" sc="250,0,250,0,250,10,250,-10" />
</Scene>
<Scene>
<INIT seed="1,0,0,5,0,45" ten="250,250,260,240" oya="1" hai0="25,91,114,29,132,124,108,54,26,20,111,28,30" hai1="94,56,116,36,77,88,101,128,106,80,21,9,67" hai2="83,33,78,31,92,19,99,71,53,5,64,90,123" hai3="15,93,135,72,17,75,37,79,16,69,63,58,60"/><U104/><E36/><V85/><F123/><W38/><G135/><T32/><D114/><U113/><E128/><V87/><F5/><W95/><G58/><T24/><D91/><U130/><E130/><V110/><F110/><N who="0" m="42026" /><D54/><U61/><E116/><V65/><F71/><W0/><G69/><T73/><D73/><U1/><E21/><V6/><F6/><W81/><G81/><T52/><D124/><U109/><E113/><V127/><F127/><W34/><G15/><T84/><D84/><U131/><E131/><V117/><F117/><W59/><G59/><T134/><D52/><U66/><E66/><V82/><F19/><W100/><G100/><T23/><AGARI ba="0,0" hai="20,23,24,25,26,28,29,30,32,132,134" m="42026" machi="23" ten="30,4000,0" yaku="14,1,34,2" doraHai="45" who="0" fromWho="0" sc="250,40,250,-20,260,-10,240,-10" />
</Scene>
<Scene>
<INIT seed="2,0,0,0,2,91" ten="290,230,250,230" oya="2" hai0="5,13,19,68,127,16,72,92,55,30,40,2,3" hai1="26,20,74,31,118,6,128,24,114,122,36,110,112" hai2="27,85,59,109,98,67,104,79,60,35,97,32,80" hai3="120,101,8,1,103,56,126,134,90,15,102,82,100"/><V57/><F109/><W77/><G120/><T65/><D72/><U28/><E74/><V75/><F75/><W52/><G1/><T111/><D40/><U84/><E110/><V46/><F46/><W116/><G116/><T41/><D41/><U42/><E118/><V50/><F104/><W108/><G108/><T58/><D111/><U12/><E128/><V14/><F35/><W45/><G126/><T119/><D119/><U54/><E54/><N who="2" m="31959" /><F32/><W130/><G130/><T48/><D30/><U53/><E53/><V10/><F27/><W34/><G34/><T9/><D127/><U105/><E105/><V87/><F87/><N who="3" m="48591" /><G134/><T113/><D113/><U64/><E64/><V61/><F61/><N who="3" m="35975" /><G45/><T47/><D68/><U18/><E42/><V76/><F76/><W81/><N who="3" m="25600" /><DORA hai="49" /><W37/><G37/><T94/><D3/><U43/><E43/><V11/><F11/><W121/><G121/><T4/><D2/><U70/><E70/><V51/><F51/><W62/><G62/><N who="0" m="38103" /><D5/><AGARI ba="0,0" hai="5,10,14,59,60,67,79,80,85,97,98" m="31959" machi="5" ten="30,2900,0" yaku="8,1,52,1" doraHai="91,49" who="2" fromWho="0" sc="290,-29,230,0,250,29,230,0" />
</Scene>
<Scene>
<INIT seed="2,1,0,3,5,14" ten="261,230,279,230" oya="2" hai0="73,35,9,42,7,13,11,8,110,12,67,74,33" hai1="5,53,122,106,104,93,24,105,102,94,20,84,41" hai2="0,109,36,96,44,25,76,91,2,4,116,54,130" hai3="17,95,38,52,32,97,114,77,47,10,89,111,131"/><V82/><F116/><W31/><G111/><T30/><D110/><U29/><E41/><V57/><F109/><W43/><G77/><T119/><D119/><U46/><E5/><V3/><F130/><W123/><G131/><T115/><D67/><U58/><E46/><V81/><F25/><W62/><G123/><T75/><D42/><U108/><E122/><V70/><F70/><W19/><G114/><T23/><D115/><U103/><E108/><V87/><F44/><W88/><G10/><N who="0" m="4203" /><D75/><U27/><E27/><V68/><F68/><W64/><G31/><T101/><D101/><U86/><E103/><V61/><F4/><W132/><G32/><N who="0" m="12363" /><D74/><U72/><E72/><V45/><F45/><W78/><G78/><T113/><D73/><U65/><E65/><V90/><F36/><W37/><G38/><T134/><D113/><U15/><E102/><V129/><F129/><W118/><G118/><T69/><D69/><U63/><E86/><V120/><F120/><W124/><G64/><T66/><D66/><U56/><E84/><V121/><F121/><W107/><G107/><T40/><D40/><U22/><E58/><V59/><F81/><W80/><G124/><T112/><D112/><U28/><E94/><V127/><F127/><W126/><G126/><T50/><D50/><U26/><E93/><N who="2" m="56375" /><F76/><W48/><G37/><T100/><D100/><U6/><E106/><V16/><F59/><N who="3" m="35175" /><G132/><T55/><D134/><U39/><E39/><V83/><F83/><W34/><G34/><T21/><D7/><U49/><E63/><V18/><F61/><W98/><G80/><RYUUKYOKU ba="1,0" sc="261,-30,230,10,279,10,230,10" hai1="6,15,20,22,24,26,28,29,49,53,56,104,105" hai2="0,2,3,16,18,54,57,82,87,91" hai3="17,19,43,47,48,88,89,95,97,98" />
</Scene>
<Scene>
<INIT seed="2,2,0,4,1,130" ten="231,240,289,240" oya="2" hai0="109,59,11,95,13,103,42,54,107,110,31,126,67" hai1="70,60,74,78,10,2,121,108,122,46,65,49,19" hai2="98,62,15,34,129,14,37,125,32,89,131,22,127" hai3="51,12,1,81,17,120,57,61,106,29,36,132,45"/><V39/><F62/><W116/><G1/><T80/><D107/><U21/><E108/><V99/><F22/><W4/><G36/><T114/><D67/><U94/><E94/><V8/><REACH who="2" step="1"/><F89/><REACH who="2" ten="231,240,279,240" step="2"/><W105/><G61/><T124/><D110/><U25/><E78/><V16/><F16/><W79/><G17/><T55/><D109/><U128/><E128/><V0/><F0/><W104/><G79/><T111/><D111/><U75/><E122/><V66/><F66/><W115/><G4/><T77/><D126/><U123/><E123/><V9/><AGARI ba="2,1" hai="8,9,14,15,32,34,37,39,98,99,125,127,129,131" machi="9" ten="25,18000,2" yaku="1,1,0,1,22,2,53,2" doraHai="130" doraHaiUra="28" who="2" fromWho="2" sc="231,-62,240,-62,279,196,240,-62" />
</Scene>
<Scene>
<INIT seed="2,3,0,3,5,1" ten="169,178,475,178" oya="2" hai0="77,97,0,13,41,112,93,5,58,133,38,62,12" hai1="64,126,30,129,100,45,107,60,81,22,16,24,91" hai2="105,130,95,40,78,120,128,3,99,113,20,98,53" hai3="89,11,71,14,102,47,83,29,17,90,25,121,75"/><V39/><F113/><W108/><G121/><T52/><D112/><U8/><E129/><V135/><F120/><W132/><G71/><T114/><D114/><U68/><E126/><V21/><F3/><W111/><G132/><T63/><D133/><U118/><E45/><N who="2" m="23711" /><F78/><N who="3" m="44511" /><G47/><T46/><D77/><U94/><E81/><V86/><F135/><W48/><G48/><T32/><D32/><U109/><E118/><V27/><F105/><W116/><G116/><T35/><D35/><U55/><E55/><V54/><F21/><W124/><G102/><T61/><D0/><U67/><E67/><V73/><F73/><W103/><G103/><T117/><D117/><U28/><E107/><V119/><F119/><W34/><G124/><T80/><D80/><U18/><E100/><N who="2" m="60511" /><F99/><W72/><G72/><T19/><D5/><U87/><REACH who="1" step="1"/><E109/><AGARI ba="3,0" hai="11,14,17,25,29,34,89,90,108,109,111" m="44511" machi="109" ten="30,1000,0" yaku="14,1" doraHai="1" who="3" fromWho="1" sc="169,0,178,-19,475,0,178,19" />
</Scene>
<Scene>
<INIT seed="3,0,0,1,1,121" ten="169,159,475,197" oya="3" hai0="70,5,96,115,38,90,13,78,68,128,134,57,2" hai1="88,127,26,34,74,111,21,31,45,27,16,44,3" hai2="61,50,63,69,39,28,37,58,103,46,73,116,97" hai3="99,49,135,33,123,122,54,9,17,130,4,100,132"/><W47/><G33/><T101/><D78/><U109/><E74/><V23/><F73/><W12/><G130/><T52/><D2/><U65/><E65/><V40/><F116/><W107/><REACH who="3" step="1"/><G4/><REACH who="3" ten="169,159,475,187" step="2"/><T108/><D128/><U35/><E35/><V133/><F133/><AGARI ba="0,1" hai="9,12,17,47,49,54,99,100,107,122,123,132,133,135" machi="133" ten="40,7700,0" yaku="1,1,2,1,20,1,53,0" doraHai="121" doraHaiUra="125" who="3" fromWho="2" sc="169,0,159,0,475,-77,187,87" />
</Scene>
<Scene>
<INIT seed="3,1,0,3,0,103" ten="169,159,398,274" oya="3" hai0="17,47,32,56,3,79,96,86,61,40,80,123,119" hai1="11,130,20,26,131,62,65,108,106,77,76,115,14" hai2="22,12,69,89,15,67,59,112,105,135,55,75,124" hai3="84,28,68,50,82,111,98,90,116,85,33,110,121"/><W4/><G121/><T107/><D123/><U51/><E115/><V70/><F75/><W27/><G116/><T30/><D119/><U113/><E113/><V64/><F112/><W23/><G68/><T78/><D3/><U34/><E34/><V36/><F36/><W5/><G33/><T117/><D117/><U99/><E51/><V7/><F105/><W101/><G85/><T83/><D17/><U6/><E108/><N who="3" m="41514" /><G50/><T93/><D32/><U133/><E133/><V1/><F69/><W118/><G118/><T126/><D126/><U53/><E53/><V49/><F70/><W41/><G41/><T73/><D107/><AGARI ba="1,0" hai="4,5,23,27,28,82,84,90,98,101,107" m="41514" machi="107" ten="30,5800,0" yaku="14,1,10,1,52,1" doraHai="103" who="3" fromWho="0" sc="169,-61,159,0,398,0,274,61" />
</Scene>
<Scene>
<INIT seed="3,2,0,5,3,104" ten="108,159,398,335" oya="3" hai0="101,73,1,39,81,98,74,123,38,49,62,13,36" hai1="96,106,97,70,108,131,17,99,45,88,89,15,6" hai2="93,50,85,57,66,48,56,65,68,124,60,84,86" hai3="63,90,78,43,72,34,133,14,32,54,2,35,82"/><W107/><G2/><T126/><D123/><U21/><E70/><V3/><F3/><W24/><G107/><T125/><D1/><U130/><E106/><V119/><F119/><W11/><G133/><T10/><D49/><N who="2" m="19050" /><F68/><W64/><G43/><T83/><D62/><U44/><E108/><V23/><F124/><N who="0" m="47722" /><D98/><U52/><E6/><V7/><F7/><W12/><G54/><T25/><D25/><U112/><E112/><V103/><F23/><W113/><G113/><T22/><D22/><U116/><E116/><V132/><F132/><W61/><G63/><T16/><D101/><U58/><E44/><V109/><F109/><W42/><G42/><T51/><D51/><N who="1" m="31007" /><E45/><V59/><F60/><W41/><G41/><T135/><D135/><U79/><E79/><V121/><F121/><W122/><G122/><T91/><D91/><U129/><AGARI ba="2,0" hai="15,17,21,88,89,96,97,99,129,130,131" m="31007" machi="129" ten="40,5200,0" yaku="19,1,54,2" doraHai="104" who="1" fromWho="1" sc="108,-15,159,58,398,-15,335,-28" />
</Scene>
<Scene>
<INIT seed="4,0,0,4,4,133" ten="93,217,383,307" oya="0" hai0="101,104,86,96,131,100,33,89,107,71,7,99,111" hai1="35,18,115,98,42,27,73,67,8,112,2,122,61" hai2="34,11,134,77,1,108,132,39,19,106,53,130,127" hai3="23,94,69,56,44,26,91,30,4,60,88,81,17"/><T43/><D71/><U90/><E122/><V92/><F106/><N who="0" m="40490" /><D43/><U66/><E73/><V85/><F108/><W38/><G69/><T119/><D7/><U75/><E75/><V121/><F121/><W25/><G38/><T57/><D57/><U65/><E42/><V36/><F34/><W20/><G44/><T116/><D33/><U37/><E37/><V31/><F31/><W72/><G4/><T102/><D111/><U79/><E79/><V12/><F1/><W51/><G51/><T52/><D52/><U95/><E2/><V135/><F53/><W97/><G72/><T28/><D28/><U124/><E61/><V14/><F36/><W123/><G123/><T125/><D131/><U114/><E35/><V24/><F39/><W80/><REACH who="3" step="1"/><G91/><REACH who="3" ten="93,217,383,297" step="2"/><T58/><D58/><U59/><E59/><V13/><F132/><W64/><AGARI ba="0,1" hai="17,20,23,25,26,30,56,60,64,80,81,88,94,97" machi="64" ten="20,12000,2" yaku="1,1,2,1,0,1,7,1,8,1,54,1,53,0" doraHai="133" doraHaiUra="110" who="3" fromWho="3" sc="93,-60,217,-30,383,-30,297,130" />
</Scene>
<Scene>
<INIT seed="5,0,0,3,0,127" ten="33,187,353,427" oya="1" hai0="83,28,87,21,90,16,31,30,13,84,70,53,40" hai1="105,7,135,99,93,49,37,56,89,38,57,131,11" hai2="100,79,77,81,22,110,124,133,92,107,17,122,116" hai3="134,61,69,97,63,46,88,132,8,119,123,96,34"/><U35/><BYE who="3" /><E35/><V9/><F110/><W109/><G109/><T44/><D70/><U73/><E73/><V43/><F116/><UN n3="%E6%B9%98%E5%8C%97%E2%91%AD%E4%B8%89%E4%BA%95%E5%AF%BF" /><W114/><G34/><T27/><D87/><U80/><E135/><N who="3" m="51754" /><G119/><T66/><D66/><U51/><E105/><V58/><F107/><W19/><G114/><T50/><REACH who="0" step="1"/><D40/><REACH who="0" ten="23,187,353,427" step="2"/><U128/><E80/><V23/><F81/><W125/><G69/><T24/><AGARI ba="0,1" hai="13,16,21,24,27,28,30,31,44,50,53,83,84,90" machi="24" ten="30,8000,1" yaku="1,1,2,1,0,1,8,1,54,1,53,0" doraHai="127" doraHaiUra="39" who="0" fromWho="0" sc="23,90,187,-40,353,-20,427,-20" />
</Scene>
<Scene>
<INIT seed="6,0,0,0,0,47" ten="113,147,333,407" oya="2" hai0="79,25,3,40,129,60,125,116,34,35,130,128,8" hai1="78,131,42,16,85,17,117,126,107,67,15,88,46" hai2="135,104,114,49,41,96,62,57,51,94,6,132,70" hai3="52,61,54,84,69,121,24,108,65,4,53,29,68"/><V76/><F104/><W2/><G121/><T87/><D60/><U56/><E107/><V39/><F76/><W93/><G108/><T122/><D40/><U12/><E117/><V89/><F6/><W32/><G4/><N who="0" m="1055" /><D79/><U37/><E131/><N who="0" m="33537" /><T113/><DORA hai="58" /><D87/><U102/><E102/><V19/><F114/><W10/><G2/><T13/><D122/><U81/><E126/><V33/><F33/><N who="0" m="12298" /><D113/><U26/><E78/><V71/><F39/><W1/><G1/><T100/><D100/><U119/><E119/><V18/><F70/><W127/><G127/><T59/><D59/><U30/><E56/><V38/><F38/><W48/><G69/><T80/><D80/><U74/><E74/><V101/><F101/><W50/><REACH who="3" step="1"/><G10/><REACH who="3" ten="113,147,333,397" step="2"/><T111/><D125/><U22/><REACH who="1" step="1"/><E67/><REACH who="1" ten="113,137,333,397" step="2"/><N who="2" m="39375" /><F71/><W123/><G123/><T21/><D116/><U45/><E45/><N who="2" m="25775" /><F135/><W98/><G98/><T105/><D111/><U133/><E133/><V118/><F132/><W109/><G109/><T36/><D105/><U90/><E90/><AGARI ba="0,2" hai="24,29,32,48,50,52,53,54,61,65,68,84,90,93" machi="90" ten="40,12000,2" yaku="1,1,52,3,54,1,53,1" doraHai="47,58" doraHaiUra="23,106" who="3" fromWho="1" sc="113,0,137,-120,333,0,397,140" />
</Scene>
<Scene>
<INIT seed="7,0,0,4,2,12" ten="113,17,333,537" oya="3" hai0="60,57,22,93,51,120,11,76,61,100,127,116,2" hai1="31,115,58,38,132,68,35,108,17,16,129,54,20" hai2="1,3,14,121,135,88,64,133,65,53,4,86,26" hai3="87,41,47,7,74,13,89,21,43,101,28,85,80"/><W52/><G74/><T83/><D120/><U104/><E104/><V130/><F121/><W42/><G101/><T123/><D127/><U24/><E68/><V44/><F130/><W91/><G28/><T66/><D116/><U45/><E108/><V107/><F107/><W112/><G112/><T19/><D123/><U67/><E129/><V131/><F131/><W114/><G114/><T97/><D2/><U6/><E132/><V117/><F117/><W128/><G128/><T94/><D11/><U84/><E115/><V126/><F126/><W37/><G37/><T95/><D51/><U32/><E6/><V39/><F26/><W55/><G47/><T10/><D61/><U49/><E35/><V36/><F14/><W9/><G21/><T62/><D10/><U40/><E32/><V77/><F77/><W15/><G13/><N who="0" m="9583" /><D62/><U29/><E67/><V113/><F113/><W30/><G30/><T125/><D125/><U56/><E56/><V27/><F27/><W90/><G87/><AGARI ba="0,0" hai="57,60,66,76,83,87,93,94,95,97,100" m="9583" machi="87" ten="30,2000,0" yaku="8,1,52,1" doraHai="12" who="0" fromWho="3" sc="113,20,17,0,333,0,537,-20" owari="133,-27.0,17,-48.0,333,13.0,517,62.0" />
</Scene>
</mjloggm>