<mjloggm ver="2.3"><GO type="169" lobby="0"/><UN n0="%68%61%73%65%33%32%38" n1="%E5%A4%AA%E3%81%8F%E3%81%AA%E3%81%84%E3%81%8A" n2="%E6%9D%BE%E5%AE%9F%E7%8E%84%E3%81%98%E3%82%83%E3%81%AA%E3%81%84" n3="%66%61%62%65%72%67%65" dan="16,19,17,16" rate="2105.24,2323.65,2177.39,2022.48" sx="M,M,F,F"/><TAIKYOKU oya="0"/>

<Scene>
<INIT seed="0,0,0,4,0,20" ten="250,250,250,250" oya="0" hai0="135,72,34,87,6,130,60,12,80,100,18,7,24" hai1="1,114,78,86,122,112,89,84,33,90,2,92,107" hai2="98,45,47,15,42,96,61,51,82,39,22,62,5" hai3="30,4,14,31,46,37,102,77,119,116,115,133,59"/><T48/><D130/><U73/><E33/><V38/><F38/><W95/><G115/><N who="1" m="44074" /><E122/><V91/><F98/><W57/><G77/><T10/><D135/><U29/><E29/><V66/><F66/><W128/><G128/><T69/><D72/><U75/><E107/><V25/><F15/><W76/><G76/><T52/><D100/><U124/><E124/><V131/><F5/><W21/><G133/><T101/><D101/><U0/><E78/><V97/><F97/><W13/><G102/><T70/><D70/><U104/><E104/><V49/><F39/><W129/><G37/><T65/><D34/><U67/><E67/><V36/><F36/><W74/><G129/><T53/><D24/><U68/><E68/><V19/><F131/><W120/><G120/><T64/><D65/><U35/><E35/><V41/><REACH who="2" step="1"/><F82/><AGARI ba="0,0" hai="0,1,2,73,75,82,84,86,89,90,92" m="44074" machi="82" ten="40,1300,0" yaku="11,1" doraHai="20" who="1" fromWho="2" sc="250,0,250,13,250,-13,250,0" />
</Scene>
<Scene>
<INIT seed="1,0,0,2,1,29" ten="250,263,237,250" oya="1" hai0="58,39,23,104,103,47,33,83,34,96,92,88,2" hai1="130,18,82,4,67,65,71,86,87,89,38,125,56" hai2="62,21,99,132,123,95,60,11,133,15,119,31,1" hai3="131,76,59,84,25,42,50,110,27,101,112,115,100"/><U13/><E38/><V80/><F1/><W26/><G110/><T66/><D2/><U5/><E71/><V63/><F119/><W79/><G131/><T106/><D106/><U6/><E130/><V51/><F123/><W120/><G120/><T0/><D0/><U30/><E125/><V81/><F51/><W113/><G42/><T61/><D83/><U49/><E30/><V8/><F8/><W108/><G108/><T122/><D122/><U97/><E97/><V74/><F74/><W75/><G75/><T85/><REACH who="0" step="1"/><D23/><REACH who="0" ten="240,263,237,250" step="2"/><N who="1" m="11727" /><E86/><V10/><F81/><W36/><G84/><T20/><D20/><U109/><E109/><V126/><F80/><W68/><G115/><T77/><D77/><U55/><AGARI ba="0,1" hai="4,5,6,49,55,56,65,67,82,87,89" m="11727" machi="55" ten="30,1500,0" yaku="8,1" doraHai="29" who="1" fromWho="1" sc="240,-5,263,25,237,-5,250,-5" />
</Scene>
<Scene>
<INIT seed="1,1,0,4,4,17" ten="235,288,232,245" oya="1" hai0="28,118,42,19,80,20,79,4,36,94,12,48,102" hai1="68,45,71,85,32,69,52,111,46,131,126,23,87" hai2="51,89,41,62,97,29,116,6,91,129,24,1,100" hai3="130,103,134,132,120,7,73,9,123,74,110,56,95"/><U31/><E32/><V135/><F116/><W44/><G110/><T104/><D118/><U26/><E126/><V40/><F135/><N who="3" m="51755" /><G44/><T119/><D119/><U66/><E131/><V106/><F129/><W101/><G56/><T35/><D104/><U109/><E66/><V21/><F62/><W92/><G130/><T67/><D36/><U54/><E45/><V2/><F2/><W18/><G18/><T30/><D67/><U0/><E0/><V70/><F70/><W53/><G53/><N who="1" m="20586" /><E46/><V112/><F51/><W107/><G9/><N who="0" m="4135" /><D35/><U82/><E82/><V127/><F112/><W98/><G7/><T125/><D125/><U27/><E27/><V57/><F57/><W63/><G63/><T50/><D42/><U96/><E96/><V90/><REACH who="2" step="1"/><F127/><REACH who="2" ten="235,288,222,245" step="2"/><W43/><G43/><T14/><D50/><U22/><E71/><V115/><F115/><W10/><G123/><T37/><D48/><U75/><E69/><V99/><F99/><W59/><G120/><T25/><D37/><U3/><E3/><V128/><F128/><W77/><G59/><T108/><D108/><U60/><E111/><V13/><F13/><W76/><G98/><N who="0" m="59735" /><D14/><U34/><E109/><V121/><F121/><W47/><G47/><T81/><D25/><U8/><E68/><V124/><F124/><W133/><G133/><T39/><D39/><U93/><E60/><V84/><F84/><W88/><G107/><T122/><D122/><U113/><E113/><V83/><F83/><W114/><G114/><T38/><D38/><U61/><E61/><V49/><F49/><W78/><G74/><RYUUKYOKU ba="1,1" sc="235,-10,288,-10,222,30,245,-10" hai2="1,6,21,24,29,40,41,89,90,91,97,100,106" />
</Scene>
<Scene>
<INIT seed="2,2,1,5,1,28" ten="225,278,252,235" oya="2" hai0="20,49,76,95,38,127,3,34,74,30,96,61,19" hai1="102,66,29,2,0,16,83,42,33,128,77,56,50" hai2="1,12,35,122,69,71,10,92,15,22,133,86,103" hai3="6,129,104,100,131,117,53,121,24,8,106,47,79"/><V132/><F122/><W65/><G117/><T108/><D108/><U115/><E115/><V119/><F119/><W11/><G121/><T105/><D38/><U58/><E102/><V94/><F1/><W27/><G65/><T18/><D3/><U9/><E128/><N who="3" m="49226" /><G79/><T90/><D127/><U84/><E56/><V4/><F35/><W135/><G135/><N who="2" m="51785" /><F103/><W113/><G113/><T107/><D61/><U5/><E42/><V40/><F40/><W36/><G36/><T81/><D49/><U17/><E2/><V130/><F130/><W7/><G100/><T55/><D55/><U82/><E82/><V51/><F51/><N who="3" m="28927" /><G106/><T134/><D134/><U101/><E101/><V67/><F67/><W80/><G80/><T44/><D44/><U91/><E77/><V57/><F57/><W99/><G104/><T126/><D126/><U70/><E70/><N who="2" m="26635" /><F86/><W37/><G37/><T89/><D76/><U21/><E50/><V64/><F64/><W32/><G99/><T78/><D96/><U75/><E66/><V26/><F15/><N who="3" m="5527" /><G32/><T45/><D105/><U31/><E58/><V125/><F125/><W93/><G93/><T68/><D107/><U97/><E97/><V59/><F59/><W88/><G88/><T60/><D90/><U111/><E91/><V23/><F23/><W63/><G63/><T43/><D34/><U85/><E33/><V123/><F123/><W62/><G62/><T73/><D73/><U118/><E75/><V120/><F120/><W39/><G39/><N who="0" m="21759" /><D60/><U87/><E118/><V124/><F124/><W46/><G46/><T41/><D68/><RYUUKYOKU ba="2,1" sc="225,-15,278,-15,252,15,235,15" hai2="4,10,12,22,26,92,94" hai3="7,11,24,27" />
</Scene>
<Scene>
<INIT seed="2,3,1,4,5,52" ten="210,263,267,250" oya="2" hai0="22,100,114,21,8,97,101,0,116,39,93,43,113" hai1="40,49,107,87,42,35,15,99,47,60,54,78,70" hai2="65,72,6,128,34,102,92,18,74,55,38,23,122" hai3="134,17,62,45,3,73,56,77,59,94,131,33,1"/><V24/><F122/><W91/><G33/><T80/><D116/><U37/><E35/><V125/><F38/><W111/><G111/><T129/><D129/><U84/><E15/><V25/><F128/><W68/><G131/><T46/><D101/><U85/><E78/><V19/><F65/><W64/><G45/><T75/><D22/><U67/><E42/><V108/><F108/><W48/><G68/><T104/><D21/><U66/><E66/><V63/><F6/><W12/><G73/><T135/><D93/><U32/><E32/><V26/><F125/><W51/><G77/><N who="0" m="44095" /><D135/><U5/><E5/><AGARI ba="3,1" hai="0,5,8,39,43,46,97,100,104,113,114" m="44095" machi="5" ten="30,2000,0" yaku="25,1,23,1" doraHai="52" who="0" fromWho="1" sc="210,39,263,-29,267,0,250,0" />
</Scene>
<Scene>
<INIT seed="3,0,0,1,3,108" ten="249,234,267,250" oya="3" hai0="49,8,106,63,99,107,18,21,109,83,103,11,93" hai1="28,24,79,100,129,91,50,55,52,124,7,132,47" hai2="96,61,17,134,51,120,110,22,84,31,27,86,58" hai3="44,5,42,78,94,65,81,68,4,66,37,69,118"/><W125/><G118/><T64/><D109/><U46/><E124/><V53/><F110/><W105/><G105/><T119/><D119/><U1/><E129/><V89/><F134/><W130/><G130/><T98/><D83/><U112/><E132/><V25/><F120/><W19/><G125/><T113/><D49/><U43/><E100/><V40/><F40/><W33/><G33/><T92/><D107/><U39/><E79/><V102/><F51/><W57/><G19/><T29/><D29/><U85/><E7/><V6/><F6/><W32/><G32/><T101/><D106/><U20/><E1/><V26/><F26/><W9/><G94/><T122/><D122/><U111/><E111/><V133/><F133/><W67/><G57/><T97/><D97/><U60/><E60/><V71/><F71/><W30/><G30/><T12/><REACH who="0" step="1"/><D113/><REACH who="0" ten="239,234,267,250" step="2"/><U38/><E112/><V88/><F102/><W23/><G81/><T16/><D16/><U35/><E35/><N who="2" m="20991" /><F89/><W80/><G5/><T54/><D54/><U117/><E117/><V74/><F74/><N who="3" m="43095" /><G23/><T73/><D73/><U14/><E91/><V76/><F76/><W127/><G127/><T77/><D77/><U75/><E75/><V131/><F131/><W135/><G135/><T70/><AGARI ba="0,1" hai="8,11,12,18,21,63,64,70,92,93,98,99,101,103" machi="70" ten="20,5200,0" yaku="1,1,0,1,7,1,9,1,53,0" doraHai="108" doraHaiUra="87" who="0" fromWho="0" sc="239,62,234,-13,267,-13,250,-26" />
</Scene>
<Scene>
<INIT seed="4,0,0,3,3,105" ten="301,221,254,224" oya="0" hai0="12,84,98,46,61,20,2,17,45,122,102,109,25" hai1="9,18,114,13,101,53,106,29,68,51,89,70,123" hai2="67,4,15,23,33,5,116,133,28,112,130,52,43" hai3="49,37,0,59,126,79,35,8,111,99,121,93,82"/><T83/><D122/><U38/><E38/><V3/><F43/><W69/><G111/><T64/><D2/><U31/><E123/><V92/><F67/><W134/><G69/><T50/><D109/><U16/><E114/><V65/><F65/><W97/><G35/><T120/><D120/><U6/><E106/><V131/><F112/><W96/><G121/><T127/><D127/><U74/><E101/><V40/><F40/><W78/><G37/><T90/><D25/><U132/><E132/><V77/><F77/><W85/><G134/><T24/><D24/><U32/><E74/><V36/><F36/><W21/><G79/><T34/><D34/><U103/><E103/><V48/><F116/><W135/><G135/><T7/><D7/><U110/><E110/><V42/><F42/><W75/><G126/><T118/><D50/><U47/><E32/><V108/><F108/><W113/><G113/><T107/><REACH who="0" step="1"/><D118/><REACH who="0" ten="291,221,254,224" step="2"/><U125/><E125/><V87/><F133/><W80/><G49/><T44/><D44/><U115/><E115/><V41/><F3/><W54/><G0/><T1/><D1/><U129/><E6/><V22/><F33/><W14/><G14/><T11/><D11/><U73/><E9/><V81/><F4/><W95/><G8/><T72/><D72/><U10/><E73/><V39/><F5/><W62/><G21/><T30/><D30/><N who="1" m="11275" /><E18/><V71/><F28/><W56/><G75/><T66/><D66/><U104/><E16/><V57/><F23/><W58/><G62/><T55/><D55/><U119/><E119/><V27/><F22/><RYUUKYOKU ba="0,1" sc="291,30,221,-10,254,-10,224,-10" hai0="12,17,20,45,46,61,64,83,84,90,98,102,107" />
</Scene>
<Scene>
<INIT seed="4,1,1,2,1,103" ten="321,211,244,214" oya="0" hai0="6,94,3,54,22,14,63,48,16,1,97,81,126" hai1="120,104,123,80,59,83,79,74,56,50,115,29,38" hai2="28,78,86,108,21,64,128,112,113,88,36,12,18" hai3="66,99,127,10,131,109,25,43,133,110,114,46,111"/><T129/><D126/><U95/><E38/><V68/><F36/><W121/><G127/><T75/><D129/><U42/><E104/><V26/><F108/><W96/><G131/><T98/><D63/><U72/><E29/><V51/><F78/><W57/><G114/><N who="2" m="44137" /><F128/><W85/><G133/><T53/><D98/><U90/><E115/><V130/><F130/><W105/><G121/><T52/><D48/><U34/><E34/><V39/><F39/><W40/><G85/><T71/><D71/><U118/><E118/><V65/><F51/><W62/><G25/><T23/><D23/><U77/><E42/><V45/><F45/><W70/><G70/><T8/><D75/><U32/><E32/><N who="2" m="20503" /><F68/><W20/><G46/><T102/><REACH who="0" step="1"/><D81/><AGARI ba="1,1" hai="12,18,21,64,65,81,86,88" m="20503,44137" machi="81" ten="30,2000,0" yaku="15,1,54,1" doraHai="103" who="2" fromWho="0" sc="321,-23,211,0,244,33,214,0" />
</Scene>
<Scene>
<INIT seed="5,0,0,2,0,33" ten="298,211,277,214" oya="1" hai0="128,7,17,133,117,57,18,135,59,129,82,31,55" hai1="50,103,69,115,106,0,49,29,13,38,104,74,114" hai2="89,40,53,70,80,23,132,81,62,43,93,124,86" hai3="67,83,24,61,52,88,48,35,126,100,16,77,25"/><U46/><E74/><V108/><F108/><W96/><G35/><T28/><D82/><U109/><E69/><V11/><F132/><N who="0" m="50762" /><D7/><U12/><E29/><N who="0" m="11337" /><D117/><U107/><E103/><V120/><F120/><W122/><G122/><T45/><D45/><U64/><E64/><V95/><F23/><W37/><G37/><T68/><D68/><U8/><E38/><V85/><F124/><W34/><G34/><T113/><D113/><N who="1" m="43019" /><E109/><V72/><F11/><W99/><G126/><T44/><D44/><U4/><E50/><V54/><F72/><W102/><G102/><T101/><D101/><U60/><E60/><V41/><F70/><W84/><G100/><T118/><D118/><U112/><N who="1" m="43027" /><U91/><DORA hai="15" /><E91/><N who="2" m="53487" /><F62/><W127/><G127/><T51/><D59/><U134/><E134/><V73/><F73/><W47/><G77/><T131/><AGARI ba="0,0" hai="17,18,51,55,57,128,129,131" m="11337,50762" machi="131" ten="40,8000,1" yaku="19,1,20,1,52,2" doraHai="33,15" who="0" fromWho="0" sc="298,80,211,-40,277,-20,214,-20" />
</Scene>
<Scene>
<INIT seed="6,0,0,0,1,11" ten="378,171,257,194" oya="2" hai0="122,42,39,13,105,89,110,76,120,101,61,49,127" hai1="1,16,132,131,135,88,38,20,65,14,18,8,108" hai2="130,72,27,26,12,123,85,74,115,46,128,15,29" hai3="96,59,57,81,90,5,124,77,104,64,36,56,73"/><V47/><F115/><W60/><G36/><T10/><D110/><U111/><E38/><V30/><REACH who="2" step="1"/><F85/><REACH who="2" ten="378,171,247,194" step="2"/><W21/><G73/><T58/><D122/><AGARI ba="0,1" hai="12,15,26,27,29,30,46,47,72,74,122,123,128,130" machi="122" ten="25,18000,2" yaku="1,1,2,1,22,2,52,2,53,0" doraHai="11" doraHaiUra="70" who="2" fromWho="0" sc="378,-180,171,0,247,190,194,0" />
</Scene>
<Scene>
<INIT seed="6,1,0,5,1,39" ten="198,171,437,194" oya="2" hai0="51,88,3,36,123,50,95,59,22,53,66,98,1" hai1="58,33,73,99,121,71,132,12,84,15,67,122,135" hai2="89,116,5,64,4,54,26,28,74,10,118,77,134" hai3="104,124,68,127,21,83,108,79,34,109,117,30,91"/><V133/><F64/><W93/><G68/><T128/><D36/><U31/><E73/><V102/><F102/><W87/><G34/><T61/><D123/><N who="1" m="47115" /><E71/><V65/><F65/><W75/><G117/><T110/><D110/><N who="3" m="42601" /><G30/><T37/><D37/><U29/><E99/><V32/><F4/><W45/><G21/><T18/><D128/><U96/><E96/><V92/><F54/><W80/><G45/><T16/><D51/><U125/><E125/><N who="3" m="48202" /><G104/><T81/><D81/><AGARI ba="1,0" hai="75,79,80,81,83,87,91,93" m="48202,42601" machi="81" ten="30,3900,0" yaku="18,1,34,2" doraHai="39" who="3" fromWho="0" sc="198,-42,171,0,437,0,194,42" />
</Scene>
<Scene>
<INIT seed="7,0,0,1,5,61" ten="156,171,437,236" oya="3" hai0="22,20,115,68,94,37,47,59,73,75,132,101,109" hai1="54,23,6,74,36,57,121,25,96,79,42,8,78" hai2="129,90,21,92,50,31,127,107,45,69,13,40,125" hai3="114,52,24,87,11,53,135,5,124,46,60,104,120"/><W111/><G104/><T81/><D109/><U99/><E121/><V128/><F69/><W39/><G120/><T62/><D68/><U72/><E72/><V58/><F107/><W30/><G111/><T71/><D71/><U35/><E35/><V91/><F58/><W67/><G114/><T131/><D115/><U105/><E105/><V0/><F0/><W29/><G29/><T32/><D32/><U83/><E78/><V112/><F112/><W27/><G27/><T102/><D132/><U33/><E33/><V34/><F34/><W82/><G39/><T118/><D118/><U70/><E70/><V28/><F91/><W110/><G46/><T97/><D131/><N who="2" m="50250" /><F13/><N who="3" m="5359" /><G110/><T98/><D37/><U123/><E36/><V18/><F18/><W88/><G124/><N who="2" m="47689" /><F21/><N who="3" m="15631" /><G135/><T126/><D126/><U89/><E123/><V77/><F77/><W26/><G26/><T63/><D47/><U9/><E25/><V12/><F12/><W43/><G43/><T19/><D19/><U85/><E42/><V86/><AGARI ba="0,0" hai="28,31,40,45,50,86,90,92" m="47689,50250" machi="86" ten="30,2000,0" yaku="19,1,18,1" doraHai="61" who="2" fromWho="2" sc="156,-5,171,-5,437,20,236,-10" owari="151,-35.0,166,-23.0,457,55.0,226,3.0" />
</Scene>
</mjloggm>