<mjloggm ver="2.3"><GO type="169" lobby="0"/><UN n0="%E5%8F%97%E3%81%91%E5%B8%AB" n1="%E6%96%91%E7%9B%AE%56" n2="%E6%A4%8D%E9%87%8E" n3="%E5%A4%AA%E3%81%8F%E3%81%AA%E3%81%84%E3%81%8A" dan="16,16,18,17" rate="2123.42,2139.35,2173.17,2229.90" sx="M,M,M,M"/><TAIKYOKU oya="0"/>

<Scene>
<INIT seed="0,0,0,0,4,62" ten="250,250,250,250" oya="0" hai0="106,90,51,9,13,20,64,5,53,129,111,31,16" hai1="112,101,72,93,34,115,2,39,32,96,80,75,95" hai2="23,84,132,73,66,83,26,92,46,48,71,85,33" hai3="67,15,49,104,3,124,40,57,68,113,107,50,87"/><T11/><D129/><U116/><E2/><V17/><F132/><W100/><G3/><T59/><D106/><U121/><E39/><V24/><F92/><W135/><G113/><T88/><D111/><U38/><E38/><V127/><F127/><W86/><G68/><T10/><D5/><U55/><E116/><V130/><F130/><W65/><G124/><T61/><REACH who="0" step="1"/><D31/><REACH who="0" ten="240,250,250,250" step="2"/><U7/><E7/><V120/><F120/><W91/><G107/><T43/><D43/><U69/><E121/><V74/><F74/><W110/><G40/><T35/><D35/><U52/><E32/><V131/><F73/><W114/><G110/><T37/><D37/><U79/><E34/><V125/><F131/><W1/><G104/><T28/><D28/><U18/><E72/><V133/><F125/><W58/><G114/><T81/><D81/><U70/><E115/><V0/><F83/><W22/><G135/><T54/><D54/><U8/><E112/><V78/><F33/><W105/><G105/><T6/><D6/><U108/><E108/><V25/><F133/><W19/><G1/><T14/><D14/><U42/><E42/><V123/><F0/><W97/><G15/><T56/><AGARI ba="0,1" hai="9,10,11,13,16,20,51,53,56,59,61,64,88,90" machi="56" ten="30,18000,2" yaku="1,1,0,1,8,1,52,1,54,2,53,1" doraHai="62" doraHaiUra="12" who="0" fromWho="0" sc="240,190,250,-60,250,-60,250,-60" />
</Scene>
<Scene>
<INIT seed="0,1,0,3,1,68" ten="430,190,190,190" oya="0" hai0="73,86,17,66,132,64,32,83,92,69,99,96,27" hai1="85,1,110,7,33,42,56,36,8,100,106,61,41" hai2="35,77,15,104,131,88,16,95,53,5,134,98,112" hai3="3,43,127,20,6,94,103,113,75,21,39,93,14"/><T45/><D73/><U57/><E33/><V58/><F35/><W133/><G113/><T78/><D132/><U0/><E0/><V37/><F112/><W23/><G133/><T4/><D4/><U47/><E110/><V126/><F134/><W46/><G127/><T2/><D2/><U67/><E41/><V29/><F29/><W122/><G122/><T13/><D69/><U101/><E106/><V130/><F126/><W128/><G128/><N who="2" m="49193" /><F37/><W89/><G75/><T12/><D99/><U114/><E114/><V49/><F77/><W40/><G40/><T28/><D45/><U26/><E26/><V129/><N who="2" m="49201" /><V72/><DORA hai="10" /><F72/><W82/><G3/><T65/><REACH who="0" step="1"/><D17/><REACH who="0" ten="420,190,190,190" step="2"/><U74/><E74/><V108/><F5/><W24/><G6/><T76/><D76/><U84/><E57/><V50/><F108/><W22/><G14/><T102/><AGARI ba="1,1" hai="12,13,27,28,32,64,65,66,78,83,86,92,96,102" machi="102" ten="30,12000,1" yaku="1,1,0,1,52,2,53,1" doraHai="68,10" doraHaiUra="71,25" who="0" fromWho="0" sc="420,133,190,-41,190,-41,190,-41" />
</Scene>
<Scene>
<INIT seed="0,2,0,3,4,39" ten="553,149,149,149" oya="0" hai0="32,35,19,11,86,43,5,61,10,48,106,21,13" hai1="81,78,38,51,94,118,68,8,95,29,14,67,122" hai2="58,76,65,55,16,73,23,99,52,134,90,112,56" hai3="53,107,69,50,30,75,124,93,98,127,135,70,77"/><T33/><D106/><U1/><E38/><V6/><F112/><W119/><G107/><T0/><D61/><U97/><E122/><V88/><F73/><W66/><G119/><T72/><D72/><U9/><E118/><V85/><F6/><W44/><G135/><T96/><D96/><U24/><E1/><V74/><F74/><W114/><G114/><T103/><D103/><U54/><E67/><V25/><F134/><W49/><G49/><T105/><BYE who="3" /><D105/><U59/><E68/><V71/><F71/><W64/><G64/><T104/><D104/><U46/><E59/><N who="2" m="22571" /><F65/><W113/><G113/><T47/><REACH who="0" step="1"/><D86/><REACH who="0" ten="543,149,149,149" step="2"/><U92/><E97/><V20/><F99/><W28/><G28/><T133/><D133/><U87/><REACH who="1" step="1"/><E14/><REACH who="1" ten="543,139,149,149" step="2"/><UN n3="%E5%A4%AA%E3%81%8F%E3%81%AA%E3%81%84%E3%81%8A" /><V120/><F120/><W111/><G70/><T15/><D15/><U115/><E115/><V79/><F25/><W37/><G69/><T4/><D4/><U109/><E109/><V91/><F85/><W121/><G111/><T102/><D102/><U31/><E31/><V34/><F34/><AGARI ba="2,2" hai="8,9,24,29,34,46,51,54,78,81,87,92,94,95" machi="34" ten="40,2600,0" yaku="1,1,53,1" doraHai="39" doraHaiUra="80" who="1" fromWho="2" sc="543,0,139,52,149,-32,149,0" />
</Scene>
<Scene>
<INIT seed="1,0,0,4,5,32" ten="543,191,117,149" oya="1" hai0="58,30,132,47,77,101,74,79,80,49,13,9,66" hai1="125,131,52,46,1,118,63,3,97,129,130,55,61" hai2="56,72,25,12,11,98,28,42,89,38,60,75,24" hai3="39,51,109,121,95,104,16,40,73,43,62,94,87"/><U64/><E118/><V78/><F42/><W41/><G73/><T82/><D132/><U36/><E125/><V27/><F38/><W8/><G39/><T26/><D101/><U103/><E36/><V20/><F78/><W102/><G121/><T90/><D90/><U134/><E134/><V124/><F75/><W44/><G109/><T54/><D66/><U106/><E46/><V108/><F72/><W10/><G104/><T29/><D79/><U110/><E110/><V22/><F124/><W67/><G102/><T15/><D82/><U86/><E86/><V88/><F108/><W133/><G133/><T117/><D117/><U65/><E61/><V84/><F98/><W92/><G87/><T14/><D47/><U71/><E64/><V48/><F48/><W127/><G127/><T70/><D30/><U120/><E120/><V91/><F84/><W59/><REACH who="3" step="1"/><G8/><REACH who="3" ten="543,191,117,139" step="2"/><T4/><REACH who="0" step="1"/><D70/><REACH who="0" ten="533,191,117,139" step="2"/><U35/><E131/><V6/><REACH who="2" step="1"/><F28/><REACH who="2" ten="533,191,107,139" step="2"/><W119/><G119/><T122/><D122/><U34/><E130/><V0/><F0/><W116/><G116/><T93/><D93/><U17/><E129/><V83/><F83/><W76/><G76/><T33/><AGARI ba="0,3" hai="4,9,13,14,15,26,29,33,49,54,58,74,77,80" machi="33" ten="20,5200,0" yaku="1,1,0,1,7,1,53,1" doraHai="32" doraHaiUra="23" who="0" fromWho="0" sc="533,82,191,-26,107,-13,139,-13" />
</Scene>
<Scene>
<INIT seed="2,0,0,4,0,71" ten="615,165,94,126" oya="2" hai0="73,4,121,45,29,48,6,44,87,84,23,99,93" hai1="69,32,127,11,26,124,59,76,79,132,20,56,3" hai2="42,63,128,14,122,118,101,116,90,109,62,60,111" hai3="24,83,85,13,82,133,91,7,40,98,106,89,58"/><V100/><F122/><W104/><G40/><T120/><D73/><U97/><E69/><V21/><F128/><W86/><G133/><T38/><D38/><U16/><E132/><V96/><F90/><W15/><G24/><N who="0" m="16543" /><D121/><U49/><E97/><V1/><F1/><W50/><G7/><N who="0" m="2603" /><D120/><U34/><E11/><V126/><F126/><N who="1" m="48169" /><E3/><V113/><F113/><W37/><G37/><T70/><D70/><U17/><E17/><N who="2" m="10423" /><F42/><W80/><G80/><T72/><D72/><U12/><E12/><V125/><F125/><W51/><G58/><N who="1" m="22058" /><E49/><V119/><F96/><AGARI ba="0,0" hai="13,15,50,51,82,83,85,86,89,91,96,98,104,106" machi="96" ten="25,1600,0" yaku="22,2" doraHai="71" who="3" fromWho="2" sc="615,0,165,0,94,-16,126,16" />
</Scene>
<Scene>
<INIT seed="3,0,0,5,3,6" ten="615,165,78,142" oya="3" hai0="128,55,112,116,39,59,52,34,14,82,96,118,61" hai1="4,29,11,44,95,54,13,108,131,123,73,56,70" hai2="22,88,125,93,45,102,71,43,129,74,16,36,69" hai3="19,103,38,104,78,65,41,20,0,47,120,109,91"/><W115/><G115/><T49/><D39/><U100/><E70/><V37/><F37/><W66/><G120/><T81/><D128/><U15/><E73/><V117/><F129/><W135/><G0/><T76/><D112/><U48/><E29/><V130/><F130/><W33/><G33/><T111/><D111/><U106/><E106/><V1/><F117/><W10/><G135/><T94/><D34/><U84/><E108/><V124/><F102/><W23/><G109/><T7/><D82/><U85/><E123/><V107/><F107/><W68/><G78/><T57/><D14/><U60/><E13/><N who="2" m="9487" /><F74/><W63/><G65/><T72/><REACH who="0" step="1"/><D7/><REACH who="0" ten="605,165,78,142" step="2"/><U35/><E35/><V119/><F119/><W126/><G38/><T25/><D25/><U99/><E131/><V122/><F122/><W46/><G23/><T90/><AGARI ba="0,1" hai="49,52,55,57,59,61,72,76,81,90,94,96,116,118" machi="90" ten="20,5200,0" yaku="1,1,0,1,7,1,54,1,53,0" doraHai="6" doraHaiUra="132" who="0" fromWho="0" sc="605,62,165,-13,78,-13,142,-26" />
</Scene>
<Scene>
<INIT seed="4,0,0,1,3,40" ten="667,152,65,116" oya="0" hai0="134,131,10,1,46,27,8,109,67,47,6,125,58" hai1="7,14,35,129,121,116,93,64,87,126,84,119,33" hai2="39,89,68,130,94,122,135,24,115,80,12,20,90" hai3="85,4,48,45,66,74,60,77,128,106,19,63,30"/><T103/><D125/><U124/><E64/><V98/><F122/><W15/><G106/><T17/><D131/><U102/><E129/><V72/><F130/><W105/><G128/><T76/><D134/><U49/><E121/><V22/><F115/><W2/><G105/><T71/><D71/><U41/><E7/><V13/><F68/><W25/><G74/><T75/><D109/><U56/><E14/><V86/><F135/><W26/><G2/><T44/><D103/><U79/><E102/><V101/><F39/><W31/><G4/><T53/><D67/><U32/><E79/><V132/><F132/><W104/><G104/><T110/><D110/><U62/><E62/><N who="3" m="23594" /><G66/><T113/><D113/><U55/><E41/><V95/><F72/><W59/><G59/><T50/><D10/><U97/><E97/><V21/><REACH who="2" step="1"/><F24/><REACH who="2" ten="667,152,55,116" step="2"/><W36/><G36/><T114/><D114/><U54/><E126/><V96/><AGARI ba="0,1" hai="12,13,20,21,22,80,86,89,90,94,95,96,98,101" machi="96" ten="30,7900,0" yaku="1,1,2,1,0,1,8,1,53,0" doraHai="40" doraHaiUra="65" who="2" fromWho="2" sc="667,-39,152,-20,55,89,116,-20" />
</Scene>
<Scene>
<INIT seed="5,0,0,4,1,52" ten="628,132,144,96" oya="1" hai0="107,19,100,115,74,102,118,59,91,1,61,128,101" hai1="47,97,123,37,35,2,30,62,48,70,5,33,88" hai2="134,122,83,44,105,114,42,55,124,13,18,53,92" hai3="108,86,130,126,28,90,131,109,120,121,50,87,16"/><U40/><E123/><N who="3" m="47178" /><G28/><T75/><D118/><U12/><E2/><V119/><F105/><W76/><G50/><T45/><D107/><U80/><E30/><V0/><F0/><W129/><G16/><T112/><D1/><U4/><E4/><V32/><F119/><W117/><G117/><T51/><D91/><U125/><E37/><V36/><F32/><W78/><G126/><T24/><D128/><N who="3" m="32769" /><W82/><DORA hai="38" /><G78/><T95/><D95/><AGARI ba="0,0" hai="76,82,86,87,90,95,108,109" m="32769,47178" machi="95" ten="40,5200,0" yaku="19,1,34,2" doraHai="52,38" who="3" fromWho="0" sc="628,-52,132,0,144,0,96,52" />
</Scene>
<Scene>
<INIT seed="6,0,0,0,5,40" ten="576,132,144,148" oya="2" hai0="68,103,45,79,96,124,104,8,15,120,95,123,31" hai1="26,92,21,121,11,54,47,20,25,27,59,5,64" hai2="106,66,60,29,43,85,91,93,65,61,89,69,67" hai3="110,100,28,90,10,18,86,3,74,84,117,56,23"/><V9/><F106/><W37/><G110/><T70/><D124/><U125/><E125/><V113/><F113/><W53/><G74/><T109/><D109/><U41/><E121/><V72/><F72/><W44/><G117/><T38/><D79/><U127/><E64/><V105/><F105/><W71/><G71/><T102/><D31/><U22/><E92/><V52/><F43/><W133/><G100/><T111/><D111/><U4/><E127/><V19/><F29/><W99/><G28/><T83/><D83/><U119/><E11/><V107/><F107/><W58/><G133/><T98/><D68/><U77/><E77/><V14/><REACH who="2" step="1"/><F91/><REACH who="2" ten="576,132,134,148" step="2"/><W12/><G90/><T2/><D104/><U116/><E116/><V135/><F135/><W134/><G134/><T128/><D120/><U1/><E119/><V50/><F50/><N who="3" m="28871" /><G37/><T131/><D38/><U13/><E1/><V87/><F87/><W129/><G3/><T126/><D123/><U42/><E13/><V57/><AGARI ba="0,1" hai="9,14,19,52,57,60,61,65,66,67,69,85,89,93" machi="57" ten="30,11700,0" yaku="1,1,0,1,54,1,53,1" doraHai="40" doraHaiUra="55" who="2" fromWho="2" sc="576,-39,132,-39,134,127,148,-39" />
</Scene>
<Scene>
<INIT seed="6,1,0,5,2,46" ten="537,93,261,109" oya="2" hai0="131,121,36,60,133,47,64,104,96,50,125,80,75" hai1="40,100,70,0,108,94,95,79,115,27,117,127,17" hai2="24,12,20,61,122,42,112,33,110,48,72,55,13" hai3="123,76,53,44,68,85,30,14,99,114,8,39,43"/><V58/><F72/><W59/><G123/><T22/><D121/><U103/><E0/><V51/><F33/><W77/><G68/><T23/><D36/><U49/><E117/><V88/><F112/><W4/><G114/><T135/><D131/><U67/><E70/><V63/><F110/><W52/><G30/><T26/><D125/><U37/><E37/><V120/><F120/><W21/><G21/><T119/><D119/><U6/><E127/><V82/><F63/><W56/><G99/><T84/><D75/><U38/><E38/><V128/><F128/><W35/><G35/><T69/><D96/><U129/><E6/><V3/><F3/><W101/><G101/><N who="1" m="38986" /><E108/><V71/><F71/><W107/><G107/><T34/><D104/><U102/><E129/><V89/><F122/><W90/><G56/><T109/><D109/><U5/><E5/><V106/><F106/><W124/><G124/><T7/><D7/><U29/><E67/><V87/><F89/><W57/><G57/><T91/><D34/><U97/><E79/><V98/><F98/><W130/><G130/><T78/><D91/><U41/><E29/><N who="2" m="17543" /><F61/><W62/><REACH who="3" step="1"/><G53/><REACH who="3" ten="537,93,261,99" step="2"/><T15/><D69/><U32/><E115/><V105/><F105/><W9/><G9/><T132/><D132/><U92/><E32/><V93/><F93/><AGARI ba="1,1" hai="4,8,14,39,43,44,52,59,62,76,77,85,90,93" machi="93" ten="30,8000,1" yaku="1,1,7,1,54,1,53,2" doraHai="46" doraHaiUra="74" who="3" fromWho="2" sc="537,0,93,0,261,-83,99,93" />
</Scene>
<Scene>
<INIT seed="7,0,0,1,0,40" ten="537,93,178,192" oya="3" hai0="75,2,17,50,134,47,78,91,122,15,14,90,31" hai1="49,128,59,56,95,27,70,108,8,0,135,110,38" hai2="74,58,82,57,115,113,37,96,21,106,112,123,22" hai3="3,85,93,119,51,133,105,6,16,1,7,18,127"/><W126/><G105/><T46/><D2/><N who="3" m="521" /><G119/><T107/><D107/><U124/><E70/><V12/><F123/><W60/><G60/><T5/><D122/><U19/><E38/><V63/><F37/><W68/><G68/><T87/><D75/><U35/><E108/><V43/><F43/><W89/><G51/><T13/><D134/><U28/><E110/><V24/><F74/><W11/><G133/><T55/><D31/><U79/><E135/><V9/><F82/><W39/><G39/><T52/><D5/><N who="3" m="1545" /><G11/><T30/><D78/><U99/><E0/><V77/><F77/><W98/><G98/><T84/><D55/><U80/><E8/><V131/><F96/><W125/><AGARI ba="0,0" hai="16,18,85,89,93,125,126,127" m="1545,521" machi="125" ten="40,3900,0" yaku="18,1,54,1" doraHai="40" who="3" fromWho="3" sc="537,-13,93,-13,178,-13,192,39" />
</Scene>
<Scene>
<INIT seed="7,1,0,5,4,79" ten="524,80,165,231" oya="3" hai0="2,60,14,56,83,104,113,100,119,15,114,9,124" hai1="19,54,78,28,110,105,8,132,45,93,81,77,20" hai2="48,55,129,4,123,68,27,16,46,71,29,67,88" hai3="47,63,112,107,31,10,32,57,102,25,73,125,13"/><W94/><G73/><T130/><D119/><U50/><E105/><V33/><F123/><W95/><G112/><N who="0" m="43115" /><D124/><U101/><E132/><V43/><F129/><W58/><G58/><T103/><D130/><U133/><E110/><V7/><F67/><W99/><G47/><T91/><D2/><U38/><E133/><V128/><F128/><W3/><G3/><T52/><D104/><U98/><E38/><V1/><F71/><W85/><G85/><N who="0" m="50623" /><D15/><U11/><E28/><V118/><F68/><W122/><G122/><T111/><D111/><U121/><E78/><V109/><F118/><W134/><G125/><T75/><D75/><U30/><E30/><V65/><F65/><W115/><G134/><T42/><D42/><U92/><E92/><V120/><F120/><W6/><G115/><T89/><D89/><U131/><E131/><V135/><F135/><W21/><G32/><T40/><D40/><U44/><E121/><V26/><F109/><W126/><G126/><T87/><D87/><U49/><E19/><AGARI ba="1,0" hai="9,14,19,52,56,60,100,103" m="50623,43115" machi="19" ten="30,7700,0" yaku="15,1,11,1,52,1,54,1" doraHai="79" who="0" fromWho="1" sc="524,80,80,-80,165,0,231,0" owari="604,70.0,0,-50.0,165,-23.0,231,3.0" />
</Scene>
</mjloggm>