<mjloggm ver="2.3"><GO type="169" lobby="0"/><UN n0="%E5%A4%AA%E3%81%8F%E3%81%AA%E3%81%84%E3%81%8A" n1="%E3%83%A9%E3%83%A0%E3%83%80%E3%81%95%E3%82%93" n2="%33%37%33%61" n3="%E8%B6%85%E4%BA%BA%EF%BC%AD" dan="18,16,16,16" rate="2229.06,2149.77,2146.06,2206.91" sx="F,M,F,M"/><TAIKYOKU oya="0"/>

<Scene>
<INIT seed="0,0,0,4,1,24" ten="250,250,250,250" oya="0" hai0="50,60,86,25,51,117,114,48,47,91,56,133,19" hai1="111,73,26,13,39,49,121,104,93,54,124,20,68" hai2="61,55,70,53,66,107,35,62,31,30,77,98,21" hai3="3,83,14,102,2,84,18,23,127,40,128,131,42"/><T74/><D74/><U69/><E104/><V118/><F77/><N who="3" m="46191" /><G102/><T46/><D114/><U65/><E39/><V58/><F118/><W80/><G80/><N who="0" m="49607" /><D133/><U17/><E73/><V116/><F116/><W12/><G12/><T10/><D117/><U134/><E111/><V106/><F53/><W101/><G101/><T28/><D28/><U126/><E134/><V100/><F107/><W34/><G34/><T103/><D103/><U6/><E121/><V108/><F30/><W8/><G127/><T36/><D36/><U85/><E65/><V72/><F72/><W52/><G3/><T63/><D63/><U45/><E69/><V88/><F21/><W94/><G94/><T130/><D130/><N who="3" m="49705" /><G52/><N who="0" m="33799" /><D25/><U105/><E105/><V37/><F37/><W78/><G78/><T15/><AGARI ba="0,0" hai="10,15,19,46,47,48,50,51" m="33799,49607" machi="15" ten="30,3000,0" yaku="8,1,54,1" doraHai="24" who="0" fromWho="0" sc="250,30,250,-10,250,-10,250,-10" />
</Scene>
<Scene>
<INIT seed="0,1,0,4,3,79" ten="280,240,240,240" oya="0" hai0="1,44,29,77,31,78,90,62,96,55,85,110,69" hai1="113,115,59,19,84,12,63,16,95,48,18,23,6" hai2="71,60,14,67,135,22,3,126,107,86,76,98,97" hai3="46,125,54,72,32,30,109,128,104,124,117,120,68"/><T122/><D1/><U43/><E6/><V2/><F2/><W114/><G30/><N who="0" m="11275" /><D122/><U118/><E118/><V34/><F34/><W130/><G128/><T129/><D69/><U116/><E116/><V25/><F3/><W70/><G68/><T5/><D129/><U58/><E115/><V73/><F25/><W47/><G54/><T42/><D5/><U102/><E113/><V91/><F97/><W89/><G47/><T74/><D74/><U61/><E43/><V8/><F22/><W100/><G46/><T119/><D119/><U7/><E48/><V53/><F53/><W75/><G100/><T24/><D96/><U11/><E102/><V108/><F98/><W28/><G89/><T36/><D24/><U131/><E131/><V17/><F107/><W87/><G87/><T80/><D110/><U38/><E38/><V57/><F73/><W66/><G66/><T13/><D13/><U52/><E95/><V0/><F0/><W64/><G114/><T35/><D35/><U10/><E10/><V82/><F108/><W50/><G117/><T81/><D55/><N who="1" m="34015" /><E84/><V39/><F39/><W111/><G72/><T27/><D62/><U92/><E92/><V94/><F71/><W45/><G75/><T88/><D27/><AGARI ba="1,0" hai="7,11,12,16,18,19,23,27,52,59,63" m="34015" machi="27" ten="30,3900,0" yaku="8,1,54,2" doraHai="79" who="1" fromWho="0" sc="280,-42,240,42,240,0,240,0" />
</Scene>
<Scene>
<INIT seed="1,0,0,4,0,120" ten="238,282,240,240" oya="1" hai0="76,74,6,8,100,94,3,37,25,14,110,17,13" hai1="131,64,38,115,24,46,90,36,70,33,55,93,45" hai2="61,113,29,71,91,53,109,73,1,122,86,102,22" hai3="23,80,81,28,78,128,105,101,5,48,123,31,35"/><U96/><E115/><V32/><F73/><W103/><G35/><T98/><D37/><U119/><E119/><V95/><F1/><W66/><G123/><T18/><D74/><U106/><E131/><V104/><F113/><W125/><G105/><T58/><D76/><U2/><E2/><V83/><F83/><N who="3" m="31819" /><G78/><T89/><D100/><N who="3" m="38473" /><G128/><T60/><D110/><U68/><E106/><V108/><F53/><W134/><G5/><T127/><D127/><U69/><E64/><V21/><F122/><W118/><G66/><T26/><D3/><U39/><REACH who="1" step="1"/><E55/><REACH who="1" ten="238,272,240,240" step="2"/><V116/><F116/><W124/><G118/><T47/><D47/><U72/><E72/><V51/><F104/><W67/><G67/><N who="0" m="39319" /><D6/><U85/><E85/><V20/><F86/><W50/><G134/><T41/><D41/><U42/><E42/><V79/><F71/><W56/><G56/><T49/><D49/><N who="3" m="19049" /><G23/><AGARI ba="0,1" hai="8,13,14,17,18,23,25,26,89,94,98" m="39319" machi="23" ten="30,1000,0" yaku="8,1" doraHai="120" who="0" fromWho="3" sc="238,20,272,0,240,0,240,-10" />
</Scene>
<Scene>
<INIT seed="2,0,0,3,1,7" ten="258,272,240,230" oya="2" hai0="8,11,59,2,113,4,22,110,26,1,129,125,3" hai1="89,91,127,33,56,35,38,36,25,66,98,72,131" hai2="109,90,52,41,102,68,58,40,119,101,23,88,16" hai3="0,46,10,84,47,37,130,50,87,14,122,49,93"/><V61/><F119/><W73/><G73/><T108/><D59/><U44/><E72/><V51/><F68/><W97/><G0/><T96/><D96/><U81/><E44/><N who="2" m="25991" /><F109/><N who="0" m="42090" /><D113/><U117/><E81/><V55/><F55/><N who="3" m="30135" /><G37/><T6/><D129/><U85/><E85/><V78/><F41/><N who="3" m="24943" /><G122/><T121/><D125/><U28/><E35/><V31/><F31/><W132/><G132/><T118/><D118/><U54/><E66/><V62/><F78/><W15/><G15/><N who="0" m="5511" /><D121/><U115/><E115/><V135/><F62/><W128/><G128/><T27/><D27/><U75/><E75/><V126/><F126/><W86/><G130/><T99/><D99/><U43/><E117/><V29/><F29/><AGARI ba="0,0" hai="1,2,3,6,11,22,26,29" m="5511,42090" machi="29" ten="30,8000,1" yaku="14,1,34,2,52,2" doraHai="7" who="0" fromWho="2" sc="258,80,272,0,240,-80,230,0" />
</Scene>
<Scene>
<INIT seed="3,0,0,2,1,75" ten="338,272,160,230" oya="3" hai0="74,23,17,110,72,34,42,11,4,113,22,1,6" hai1="18,91,29,57,5,0,116,10,25,66,3,47,115" hai2="114,30,83,31,27,28,96,80,2,135,130,61,109" hai3="64,103,12,32,76,85,36,59,127,55,51,9,118"/><W133/><G32/><T8/><D42/><U20/><E115/><V123/><F114/><W71/><G36/><T7/><D113/><U124/><E47/><V50/><F2/><W125/><G118/><T49/><D49/><U58/><E91/><V89/><F109/><W26/><G103/><T78/><D34/><U100/><E100/><V52/><F130/><W70/><G26/><T63/><D110/><U132/><E58/><V90/><F135/><W41/><G41/><T107/><D107/><U15/><E66/><V84/><F123/><W45/><G45/><T119/><D119/><U24/><E57/><V92/><F61/><W67/><G133/><T134/><D134/><U37/><E37/><V62/><F62/><W101/><G101/><T53/><D6/><U121/><E132/><V99/><F27/><W94/><G71/><T82/><D72/><U81/><E81/><V120/><F120/><W129/><G70/><T77/><D77/><U44/><E44/><V69/><F69/><W117/><G117/><T95/><D17/><U19/><E116/><V93/><REACH who="2" step="1"/><F84/><REACH who="2" ten="338,272,150,230" step="2"/><W14/><G129/><T79/><D63/><U40/><E121/><V56/><AGARI ba="0,1" hai="28,30,31,50,52,56,80,83,89,90,92,93,96,99" machi="56" ten="30,12000,2" yaku="1,1,2,1,0,1,9,1,8,1,54,1,53,0" doraHai="75" doraHaiUra="73" who="2" fromWho="2" sc="338,-30,272,-30,150,130,230,-60" />
</Scene>
<Scene>
<INIT seed="4,0,0,4,4,90" ten="308,242,280,170" oya="0" hai0="122,131,40,88,36,8,120,66,50,33,10,100,103" hai1="79,23,26,104,77,45,126,46,17,30,134,111,129" hai2="81,15,38,27,22,34,49,52,59,118,65,113,116" hai3="87,29,16,130,68,9,117,132,4,63,14,32,93"/><T89/><D33/><U18/><E104/><V6/><F38/><W124/><G117/><N who="2" m="45161" /><F113/><W37/><G37/><T41/><D36/><U47/><E111/><V12/><F34/><W76/><G132/><T121/><D66/><U35/><E129/><V55/><F65/><W24/><G130/><T123/><D131/><U115/><E134/><V78/><F55/><W42/><G42/><T125/><D120/><U107/><E107/><V75/><F6/><W70/><G124/><T54/><D125/><U72/><E126/><V48/><F48/><W5/><G63/><T97/><D54/><U94/><E115/><V39/><F39/><W64/><G64/><T135/><D135/><U28/><E72/><V105/><F105/><W110/><G110/><T58/><D121/><U71/><E71/><V102/><F102/><W62/><G62/><T3/><D50/><U101/><E35/><V13/><F13/><W84/><G5/><T57/><REACH who="0" step="1"/><D97/><REACH who="0" ten="298,242,280,170" step="2"/><U0/><E46/><V53/><F53/><W83/><REACH who="3" step="1"/><G4/><REACH who="3" ten="298,242,280,160" step="2"/><T106/><D106/><U95/><E47/><V43/><F43/><W1/><G1/><AGARI ba="0,2" hai="1,3,8,10,40,41,57,58,88,89,100,103,122,123" machi="1" ten="25,9600,0" yaku="1,1,22,2,54,1,53,0" doraHai="90" doraHaiUra="114" who="0" fromWho="3" sc="298,116,242,0,280,0,160,-96" />
</Scene>
<Scene>
<INIT seed="4,1,0,0,2,107" ten="414,242,280,64" oya="0" hai0="65,59,62,96,4,5,87,40,70,74,35,24,122" hai1="89,105,39,100,44,56,7,81,51,32,34,119,113" hai2="30,127,117,73,99,94,101,77,23,13,49,16,71" hai3="98,37,133,8,83,0,75,45,14,22,82,31,2"/><T41/><D122/><U116/><E39/><V78/><F127/><W134/><G98/><T125/><D125/><U48/><E7/><V85/><F71/><W124/><G124/><T3/><D87/><U20/><E56/><V26/><F117/><W64/><G64/><T17/><D59/><U19/><E51/><V12/><F12/><W130/><G130/><T103/><D17/><U108/><E108/><V61/><F61/><W68/><G68/><T76/><D4/><U115/><E100/><V66/><F66/><W63/><G63/><T106/><D5/><U95/><E105/><V72/><F49/><W54/><G8/><T121/><D3/><N who="3" m="1065" /><G75/><T15/><D15/><U27/><E34/><V42/><F42/><N who="3" m="22735" /><G54/><T91/><D91/><U50/><E89/><V92/><F92/><W104/><G104/><T33/><D121/><U60/><E95/><V123/><F123/><W118/><G118/><T6/><D6/><U86/><E86/><V79/><REACH who="2" step="1"/><F85/><REACH who="2" ten="414,242,270,64" step="2"/><W112/><G14/><T88/><D40/><U10/><E119/><V126/><F126/><W129/><G129/><T114/><D41/><U53/><E48/><V47/><F47/><W131/><G131/><T36/><D70/><U109/><E50/><V97/><F97/><W18/><G134/><T38/><D38/><U58/><E44/><V110/><F110/><W67/><G67/><T135/><D36/><U128/><E109/><V57/><F57/><W80/><G133/><T25/><D135/><U52/><E128/><V84/><F84/><W102/><G102/><T132/><D132/><U28/><E116/><RYUUKYOKU ba="1,1" sc="414,-10,242,-10,270,30,64,-10" hai2="13,16,23,26,30,72,73,77,78,79,94,99,101" />
</Scene>
<Scene>
<INIT seed="5,2,1,4,1,135" ten="404,232,300,54" oya="1" hai0="46,33,132,80,53,56,66,17,48,83,29,91,112" hai1="119,127,88,89,73,22,39,92,54,124,40,102,42" hai2="31,81,85,6,26,133,44,117,36,87,98,21,125" hai3="59,122,84,5,121,123,2,28,126,34,113,78,65"/><U1/><E119/><V108/><F117/><W118/><G118/><T116/><D116/><RYUUKYOKU type="kaze4" ba="2,1" sc="404,0,232,0,300,0,54,0" />
</Scene>
<Scene>
<INIT seed="5,3,1,1,0,63" ten="404,232,300,54" oya="1" hai0="68,133,70,59,64,61,46,108,2,36,15,55,32" hai1="84,29,10,111,23,118,93,28,105,126,27,66,72" hai2="91,116,113,49,132,18,120,92,106,65,101,39,12" hai3="58,121,54,62,98,119,13,95,107,33,114,122,44"/><U131/><E118/><V24/><F116/><W71/><G33/><T9/><D32/><U134/><E72/><V47/><F120/><W77/><G107/><T78/><D2/><U128/><E105/><V99/><F132/><W76/><G119/><T87/><D108/><U40/><E40/><V123/><F123/><W51/><G114/><T11/><D133/><U50/><E134/><V6/><F113/><W100/><G122/><T97/><D97/><U8/><E50/><V90/><F39/><W135/><G135/><T1/><D1/><U56/><E126/><V37/><F37/><W130/><G130/><N who="1" m="49706" /><E29/><V52/><F106/><W7/><G71/><T22/><D68/><U89/><E111/><V104/><F104/><W42/><REACH who="3" step="1"/><G121/><REACH who="3" ten="404,232,300,44" step="2"/><T3/><D70/><U35/><E35/><V57/><F6/><W80/><G80/><T4/><D4/><U20/><E20/><N who="2" m="11335" /><F24/><W82/><G82/><T96/><D22/><U48/><E23/><V88/><F101/><W41/><G41/><T26/><D26/><U86/><E27/><V129/><F129/><W17/><G17/><T16/><D16/><U69/><E69/><V81/><F81/><W79/><G79/><T53/><D78/><U19/><E19/><V30/><F30/><W74/><G74/><T112/><D112/><U34/><E28/><V0/><F0/><W21/><G21/><T125/><D3/><U75/><E75/><V127/><F127/><W60/><G60/><AGARI ba="3,2" hai="47,49,52,57,60,65,88,90,91,92,99" m="11335" machi="60" ten="30,7700,0" yaku="8,1,52,1,54,2" doraHai="63" who="2" fromWho="3" sc="404,0,232,0,300,106,44,-86" owari="404,20.0,232,-17.0,406,51.0,-42,-54.0" />
</Scene>
</mjloggm>