<mjloggm ver="2.3"><GO type="169" lobby="0"/><UN n0="%50%6F%74%6F%73%68%69" n1="%E3%81%BF%E3%81%A3%E3%81%A4%E3%81%83%EF%BD%9E" n2="%E6%9F%9A%E6%AF%94%E6%A5%93%E4%BB%81" n3="%E5%A4%AA%E3%81%8F%E3%81%AA%E3%81%84%E3%81%8A" dan="16,16,16,18" rate="2106.44,2162.85,2067.75,2316.94" sx="F,F,M,M"/><TAIKYOKU oya="0"/>

<Scene>
<INIT seed="0,0,0,3,5,44" ten="250,250,250,250" oya="0" hai0="36,68,132,112,94,90,135,18,22,115,121,4,118" hai1="76,1,8,38,125,109,91,31,73,98,19,127,79" hai2="63,39,87,7,117,56,28,111,96,48,75,62,72" hai3="60,57,130,128,66,61,95,126,104,103,86,15,101"/><T26/><D68/><U34/><E38/><V25/><F39/><W27/><G104/><T33/><D36/><U40/><E109/><V133/><F7/><W67/><G126/><N who="1" m="48138" /><E40/><V16/><F96/><W42/><G42/><T113/><D121/><U92/><E73/><V3/><F3/><W47/><G47/><T70/><D70/><U55/><E19/><V69/><F69/><N who="3" m="42183" /><G15/><T24/><D118/><U59/><E31/><V5/><F5/><W85/><G27/><T119/><D4/><N who="1" m="1039" /><E34/><V46/><F111/><W43/><G43/><T35/><D119/><U52/><E55/><V29/><F75/><W64/><G64/><T129/><D129/><N who="3" m="49769" /><G95/><T82/><D82/><U21/><E21/><V9/><F9/><W81/><G86/><T13/><D26/><U89/><E91/><AGARI ba="0,0" hai="57,61,67,81,85,91,101,103" m="49769,42183" machi="91" ten="30,1000,0" yaku="19,1" doraHai="44" who="3" fromWho="1" sc="250,0,250,-10,250,0,250,10" />
</Scene>
<Scene>
<INIT seed="1,0,0,3,3,104" ten="250,240,250,260" oya="1" hai0="57,121,91,75,38,28,83,6,68,48,14,107,103" hai1="2,56,116,32,123,98,35,8,92,52,71,125,124" hai2="130,102,134,26,88,40,119,90,122,61,76,22,0" hai3="58,55,64,100,43,59,25,95,19,65,10,82,66"/><U85/><E116/><V44/><F122/><W74/><G43/><T46/><D121/><U78/><E123/><V20/><F119/><W135/><G135/><T72/><D68/><U120/><E71/><V69/><F0/><W89/><G100/><T17/><D6/><N who="1" m="1111" /><E85/><V54/><F134/><W49/><G74/><T128/><D128/><U47/><E47/><V96/><F130/><W80/><G59/><T63/><D38/><U50/><E78/><V129/><F129/><W94/><G94/><T105/><D28/><U118/><E118/><V9/><F9/><W1/><G1/><T30/><D30/><U24/><E24/><V13/><F13/><N who="3" m="7607" /><G25/><T111/><D103/><N who="1" m="60871" /><E120/><V87/><F76/><W126/><G126/><AGARI ba="0,0" hai="32,35,50,52,56,124,125,126" m="60871,1111" machi="126" ten="30,2900,0" yaku="18,1,54,1" doraHai="104" who="1" fromWho="3" sc="250,0,240,29,250,0,260,-29" />
</Scene>
<Scene>
<INIT seed="1,1,0,2,4,132" ten="250,269,250,231" oya="1" hai0="31,72,13,103,108,30,56,109,102,14,67,115,55" hai1="22,4,26,46,38,82,96,70,105,20,27,73,99" hai2="18,112,40,28,71,111,45,58,35,29,37,0,23" hai3="110,75,60,107,83,34,5,86,118,89,93,33,121"/><U2/><E70/><V84/><F71/><W6/><G121/><T36/><D67/><U117/><E117/><V130/><F0/><W15/><G118/><T62/><D72/><U1/><E38/><V66/><F35/><W47/><G107/><T44/><D115/><U57/><E46/><V95/><F112/><W51/><G110/><N who="0" m="42603" /><D14/><U131/><E73/><V125/><F130/><W11/><G6/><T9/><D44/><U104/><E82/><V123/><F123/><W49/><G60/><T3/><D3/><U10/><E57/><V8/><F8/><W128/><G51/><T116/><D36/><U133/><E10/><V124/><F111/><W135/><G135/><T129/><D129/><U59/><E59/><V25/><F84/><W97/><G128/><T98/><D116/><U77/><E131/><V120/><F95/><W74/><G74/><T42/><D42/><U12/><E133/><V21/><F120/><W78/><REACH who="3" step="1"/><G75/><REACH who="3" ten="250,269,250,221" step="2"/><T100/><D98/><U114/><E114/><V68/><F68/><W92/><G92/><T106/><D106/><U63/><E105/><V87/><F37/><W41/><AGARI ba="1,1" hai="5,11,15,33,34,41,47,49,78,83,86,89,93,97" machi="41" ten="20,8000,1" yaku="1,1,0,1,7,1,25,2,53,0" doraHai="132" doraHaiUra="127" who="3" fromWho="3" sc="250,-21,269,-41,250,-21,221,93" />
</Scene>
<Scene>
<INIT seed="2,0,0,5,3,25" ten="229,228,229,314" oya="2" hai0="93,128,49,97,33,40,52,16,126,105,106,45,54" hai1="11,39,27,85,46,51,6,67,58,18,30,86,77" hai2="83,100,78,71,103,112,24,98,101,76,123,9,4" hai3="55,3,79,88,68,99,38,41,31,63,119,81,96"/><V0/><F123/><W61/><G3/><T131/><D126/><U109/><E39/><V73/><F112/><W14/><G119/><T42/><D33/><U70/><E18/><V121/><F121/><W113/><G113/><T116/><D116/><U82/><E70/><V102/><F71/><W80/><G38/><T34/><D34/><U65/><E86/><V12/><F78/><W132/><G41/><T48/><D16/><U1/><E109/><V50/><F24/><W17/><G132/><T36/><D36/><U22/><REACH who="1" step="1"/><E58/><REACH who="1" ten="229,218,229,314" step="2"/><V69/><F69/><W2/><G17/><T90/><D128/><U23/><E23/><V91/><F98/><W115/><G96/><T94/><D131/><U53/><AGARI ba="0,1" hai="1,6,11,22,27,30,46,51,53,65,67,77,82,85" machi="53" ten="20,5200,0" yaku="1,1,0,1,7,1,52,1,53,0" doraHai="25" doraHaiUra="130" who="1" fromWho="1" sc="229,-13,218,62,229,-26,314,-13" />
</Scene>
<Scene>
<INIT seed="3,0,0,0,1,39" ten="216,280,203,301" oya="3" hai0="95,31,29,44,91,28,54,106,79,14,57,108,67" hai1="38,64,130,134,104,40,82,109,102,93,124,7,53" hai2="41,73,20,113,52,105,24,96,17,33,2,90,121" hai3="12,51,49,0,63,101,60,16,87,94,133,66,65"/><W86/><G0/><T30/><D106/><U15/><E104/><V22/><F113/><W68/><G133/><T27/><D108/><U132/><E64/><V23/><F2/><W9/><G101/><T71/><D79/><U75/><E109/><V18/><F73/><W119/><G119/><T72/><D72/><U59/><E130/><V81/><F121/><W6/><G6/><T34/><D14/><U4/><E124/><V74/><F41/><W84/><REACH who="3" step="1"/><G94/><REACH who="3" ten="216,280,203,291" step="2"/><T1/><D1/><U35/><E102/><V111/><F111/><W127/><G127/><T48/><D71/><AGARI ba="0,1" hai="9,12,16,49,51,60,63,65,66,68,71,84,86,87" machi="71" ten="40,7700,0" yaku="1,1,9,1,54,1,53,0" doraHai="39" doraHaiUra="103" who="3" fromWho="0" sc="216,-77,280,0,203,0,291,87" />
</Scene>
<Scene>
<INIT seed="3,1,0,5,3,134" ten="139,280,203,378" oya="3" hai0="75,121,0,4,12,63,13,111,26,86,76,50,32" hai1="132,83,28,98,18,101,14,2,115,23,55,40,84" hai2="15,128,103,39,59,31,3,69,41,49,80,99,58" hai3="57,51,125,100,97,94,131,81,45,21,29,62,8"/><W70/><G125/><T104/><D121/><U9/><E115/><V127/><F3/><W42/><G131/><T113/><D111/><U107/><E132/><V116/><F116/><W68/><G8/><T56/><D113/><U43/><E55/><V16/><F69/><W77/><G29/><T11/><D104/><U90/><REACH who="1" step="1"/><E28/><REACH who="1" ten="139,270,203,378" step="2"/><V105/><F31/><W106/><G106/><T1/><D32/><U48/><E48/><V35/><F35/><W5/><G51/><T25/><D50/><U52/><E52/><V64/><F49/><W117/><G117/><T24/><D63/><U65/><E65/><V6/><F64/><W112/><G112/><T87/><D56/><U124/><E124/><V72/><F127/><W47/><G68/><T7/><D0/><U129/><E129/><V74/><F128/><W27/><G70/><T19/><D1/><U110/><E110/><V17/><F59/><W130/><G130/><T46/><D46/><U93/><E93/><V133/><F58/><W61/><G47/><T120/><D120/><U126/><E126/><V123/><F123/><W37/><G57/><T34/><D34/><U71/><E71/><V79/><F133/><W60/><G60/><T108/><D108/><U22/><E22/><V33/><F33/><W30/><REACH who="3" step="1"/><G5/><AGARI ba="1,1" hai="2,5,9,14,18,23,40,43,83,84,90,98,101,107" machi="5" ten="40,1300,0" yaku="1,1,53,0" doraHai="134" doraHaiUra="118" who="1" fromWho="3" sc="139,0,270,26,203,0,378,-16" />
</Scene>
<Scene>
<INIT seed="4,0,0,1,4,64" ten="139,296,203,362" oya="0" hai0="49,67,134,66,12,28,35,36,63,81,58,103,31" hai1="8,100,30,127,94,60,97,72,71,101,113,40,54" hai2="15,114,99,79,56,47,23,85,61,17,41,122,52" hai3="107,102,87,90,70,20,26,130,120,124,135,132,14"/><T129/><D36/><U123/><E72/><V18/><F122/><W50/><G120/><T84/><D129/><U48/><E123/><V37/><F114/><W43/><G130/><T62/><D134/><N who="3" m="51241" /><G124/><T38/><D38/><U75/><E75/><V82/><F99/><N who="3" m="61919" /><G14/><T126/><D126/><U86/><E127/><V9/><REACH who="2" step="1"/><F23/><REACH who="2" ten="139,296,193,362" step="2"/><W111/><G111/><T33/><D33/><U19/><E113/><V59/><F59/><W76/><G70/><T128/><D35/><U39/><E97/><V131/><F131/><W53/><G76/><T0/><D128/><U2/><E71/><V25/><F25/><W106/><G20/><T6/><D103/><U11/><E101/><V98/><F98/><W96/><G26/><T92/><D58/><U69/><E100/><V3/><F3/><W118/><G96/><T89/><D0/><U51/><E2/><V7/><AGARI ba="0,1" hai="7,9,15,17,18,37,41,47,52,56,61,79,82,85" machi="7" ten="20,8000,1" yaku="1,1,0,1,7,1,54,1,53,1" doraHai="64" doraHaiUra="83" who="2" fromWho="2" sc="139,-40,296,-20,193,90,362,-20" />
</Scene>
<Scene>
<INIT seed="5,0,0,0,1,75" ten="99,276,283,342" oya="1" hai0="43,82,50,3,71,61,23,40,65,16,15,0,95" hai1="35,20,94,4,72,8,17,67,104,7,128,93,101" hai2="92,55,45,49,6,53,64,52,97,11,126,83,84" hai3="62,102,29,115,39,56,79,105,132,19,130,1,37"/><U74/><E35/><V46/><F126/><W5/><G29/><T114/><D114/><U122/><E122/><V9/><F64/><W117/><G115/><T14/><D95/><U96/><E67/><V24/><F24/><W107/><G130/><T123/><D123/><U86/><E128/><V57/><F46/><W112/><G112/><T124/><D124/><U42/><E42/><V120/><F120/><W106/><G132/><T108/><D108/><U18/><E104/><V66/><F66/><W60/><G117/><T21/><D82/><U78/><E86/><V110/><F110/><W32/><G32/><T87/><D87/><U119/><E119/><V113/><F113/><W76/><G102/><T10/><D23/><U48/><E48/><V133/><F133/><W22/><G5/><T121/><D121/><U2/><E20/><V33/><F33/><W98/><G1/><T51/><D51/><U54/><E54/><N who="2" m="20491" /><F45/><W135/><G98/><T34/><D34/><U30/><E30/><V77/><F6/><W129/><G129/><T58/><D71/><U59/><E59/><V80/><F80/><W26/><G135/><T100/><D50/><U68/><E68/><V90/><AGARI ba="0,0" hai="9,11,49,52,57,77,83,84,90,92,97" m="20491" machi="90" ten="30,4000,0" yaku="8,1,52,1,54,1" doraHai="75" who="2" fromWho="2" sc="99,-10,276,-20,283,40,342,-10" />
</Scene>
<Scene>
<INIT seed="6,0,0,3,0,29" ten="89,256,323,332" oya="2" hai0="53,46,110,135,123,61,22,133,111,95,85,70,1" hai1="75,7,82,119,74,108,20,73,21,130,67,24,79" hai2="112,58,32,96,113,99,71,131,12,90,114,9,83" hai3="128,64,13,104,88,126,25,39,65,4,87,93,44"/><V92/><F71/><W38/><G104/><T5/><D1/><U16/><E108/><V47/><F131/><W37/><G128/><T19/><D5/><U121/><E130/><V109/><F109/><W63/><G126/><T48/><D123/><U27/><E119/><V84/><F47/><W45/><G25/><T8/><D8/><U124/><E121/><V60/><F32/><W15/><G64/><T42/><D111/><U115/><E124/><V101/><F99/><W98/><G13/><T106/><D106/><U129/><E129/><V11/><REACH who="2" step="1"/><F12/><REACH who="2" ten="89,256,313,332" step="2"/><W81/><G15/><T28/><D110/><U91/><E27/><V55/><AGARI ba="0,1" hai="9,11,55,58,60,83,84,90,92,96,101,112,113,114" machi="55" ten="30,12000,1" yaku="1,1,2,1,0,1,15,1,53,1" doraHai="29" doraHaiUra="77" who="2" fromWho="2" sc="89,-40,256,-40,313,130,332,-40" />
</Scene>
<Scene>
<INIT seed="6,1,0,1,2,121" ten="49,216,443,292" oya="2" hai0="8,67,95,108,68,103,112,31,107,18,15,131,21" hai1="83,132,23,9,14,109,104,123,33,11,84,96,101" hai2="44,1,71,74,73,88,4,2,77,133,0,52,78" hai3="113,22,75,99,126,80,20,92,37,59,130,87,49"/><V135/><F71/><W48/><G37/><T124/><D124/><U13/><E33/><V7/><F2/><W91/><G126/><T17/><D112/><U100/><E109/><V120/><F44/><W116/><G116/><T34/><D131/><U125/><E125/><V24/><F24/><W61/><G130/><T3/><D95/><U38/><E38/><V28/><F28/><W82/><G113/><T114/><D114/><U53/><E123/><V45/><F45/><W46/><G75/><T58/><D58/><U10/><E132/><V81/><F81/><W79/><G80/><T51/><D51/><N who="3" m="19529" /><G46/><T134/><D134/><U105/><E53/><AGARI ba="1,0" hai="20,22,53,59,61,79,82,87,91,92,99" m="19529" machi="53" ten="30,1000,0" yaku="8,1" doraHai="121" who="3" fromWho="1" sc="49,0,216,-13,443,0,292,13" />
</Scene>
<Scene>
<INIT seed="7,0,0,0,1,19" ten="49,203,443,305" oya="3" hai0="51,32,113,120,133,82,108,17,65,16,80,46,47" hai1="77,84,73,44,22,130,96,124,98,114,89,59,67" hai2="106,122,115,74,93,52,129,87,23,2,50,7,60" hai3="37,119,110,8,12,54,103,94,134,5,92,18,64"/><W97/><G119/><T117/><D117/><U43/><E114/><V27/><F122/><W86/><G37/><T6/><D32/><U53/><E130/><V118/><F118/><W45/><G134/><T121/><D65/><U95/><E124/><V0/><F106/><W125/><G125/><T79/><D6/><U70/><E73/><V105/><F105/><W116/><G116/><T21/><D108/><U63/><E77/><V128/><F74/><W109/><G64/><T24/><D133/><U42/><E42/><V104/><F104/><W85/><G110/><T135/><D135/><U36/><REACH who="1" step="1"/><E22/><REACH who="1" ten="49,193,443,305" step="2"/><V99/><F115/><W102/><G109/><T20/><D113/><U31/><E31/><V39/><F129/><W3/><G45/><T127/><D127/><U14/><E14/><V69/><F128/><W48/><G3/><T91/><D120/><U40/><E40/><V75/><F75/><W57/><REACH who="3" step="1"/><G18/><REACH who="3" ten="49,193,443,295" step="2"/><T28/><D121/><U34/><E34/><V66/><F39/><W58/><G58/><T38/><D38/><U11/><E11/><V81/><F2/><W55/><G55/><N who="0" m="30199" /><D47/><U123/><E123/><V10/><F52/><W131/><G131/><T41/><D41/><U15/><E15/><V26/><F0/><W88/><G88/><T71/><D71/><U61/><AGARI ba="0,2" hai="36,43,44,53,59,61,63,67,70,84,89,95,96,98" machi="61" ten="20,5200,0" yaku="1,1,0,1,7,1,53,1" doraHai="19" doraHaiUra="68" who="1" fromWho="1" sc="49,-13,193,72,443,-13,295,-26" owari="36,-46.0,265,-13.0,430,52.0,269,7.0" />
</Scene>
</mjloggm>