<mjloggm ver="2.3"><GO type="169" lobby="0"/><UN n0="%54%53%55%42%41%53%41" n1="%E5%A4%AA%E3%81%8F%E3%81%AA%E3%81%84%E3%81%8A" n2="%E3%83%A8%E3%82%B3%E3%83%A8%E3%82%B3" n3="%E3%82%AE%E3%82%BF%E3%83%AB%E3%83%9E" dan="16,19,16,16" rate="2113.89,2342.29,2074.80,2068.83" sx="M,M,M,M"/><TAIKYOKU oya="0"/>

<Scene>
<INIT seed="0,0,0,3,4,101" ten="250,250,250,250" oya="0" hai0="56,118,28,130,107,35,43,133,94,123,135,1,114" hai1="58,8,67,89,29,108,59,48,104,63,125,11,91" hai2="121,69,76,36,4,53,122,134,24,86,49,131,103" hai3="132,34,128,109,45,20,80,66,106,88,6,111,117"/><T55/><D118/><U116/><E116/><V2/><F36/><W37/><G117/><T72/><D123/><U112/><E108/><V79/><F69/><W5/><G34/><T71/><D1/><U44/><E125/><V3/><F134/><W68/><G68/><T25/><D114/><U81/><E112/><V16/><F131/><W113/><G66/><T98/><D71/><U51/><E104/><V19/><F103/><W12/><G113/><T33/><D72/><U84/><E29/><V75/><F75/><W115/><G115/><T96/><D35/><U102/><E102/><V85/><F49/><W10/><G106/><T92/><D130/><U83/><E59/><V13/><F13/><W21/><G128/><T74/><D74/><U99/><E51/><V87/><F53/><W39/><G6/><T95/><D43/><U9/><E99/><V110/><F4/><W32/><G32/><T100/><REACH who="0" step="1"/><D96/><REACH who="0" ten="240,250,250,250" step="2"/><U77/><E83/><V7/><F121/><W31/><G132/><T18/><D18/><U129/><E129/><V120/><F122/><W105/><G111/><T15/><D15/><U17/><E17/><V78/><F120/><W23/><G12/><T97/><D97/><U73/><E73/><V65/><F110/><W30/><G109/><T47/><D47/><U27/><E27/><V38/><F19/><W0/><G45/><T52/><D52/><AGARI ba="0,1" hai="8,9,11,44,48,52,58,63,67,77,81,84,89,91" machi="52" ten="40,2600,0" yaku="8,1,54,1" doraHai="101" who="1" fromWho="0" sc="240,-26,250,36,250,0,250,0" />
</Scene>
<Scene>
<INIT seed="1,0,0,4,3,90" ten="214,286,250,250" oya="1" hai0="53,88,115,17,40,19,78,99,87,82,129,49,125" hai1="54,42,111,61,4,66,39,30,116,122,131,43,8" hai2="127,45,113,105,80,35,128,97,16,110,84,68,57" hai3="102,86,130,91,47,11,21,41,121,118,14,22,27"/><U36/><E30/><V23/><F68/><W32/><G121/><T126/><D129/><U18/><E116/><V109/><F128/><W71/><G71/><T29/><D115/><U26/><E122/><V25/><F113/><W81/><G130/><T56/><D29/><U83/><E131/><V117/><F117/><W62/><G118/><T9/><D40/><U85/><E111/><N who="2" m="42507" /><F35/><W69/><G32/><T96/><D9/><U94/><E54/><V34/><F34/><W59/><G69/><T20/><D17/><U107/><E107/><V135/><F135/><W74/><G102/><T70/><D70/><U134/><E134/><V98/><F127/><W77/><G27/><T38/><D38/><U6/><E39/><V28/><F105/><W93/><G11/><T123/><D123/><U2/><E36/><V13/><F45/><W133/><G133/><T5/><D5/><U37/><E37/><V52/><F28/><W106/><G106/><T0/><D0/><U33/><E4/><V15/><F13/><W75/><G75/><T65/><D65/><U55/><E55/><V112/><F15/><W44/><G14/><T46/><D46/><N who="3" m="17449" /><G41/><T120/><D120/><U10/><E33/><V64/><F64/><N who="3" m="39007" /><G74/><T95/><REACH who="0" step="1"/><D96/><REACH who="0" ten="204,286,250,250" step="2"/><U24/><E43/><V60/><F112/><W89/><G77/><AGARI ba="0,1" hai="16,23,25,52,57,60,77,80,84,97,98" m="42507" machi="77" ten="30,3900,0" yaku="14,1,54,2" doraHai="90" who="2" fromWho="3" sc="204,0,286,0,250,49,250,-39" />
</Scene>
<Scene>
<INIT seed="2,0,0,3,1,82" ten="204,286,299,211" oya="2" hai0="97,22,23,19,127,108,66,101,1,3,122,98,93" hai1="33,62,114,27,47,131,70,118,51,129,132,113,71" hai2="21,10,90,41,121,6,91,52,65,120,55,36,18" hai3="37,80,112,92,14,43,61,85,94,2,106,81,126"/><V7/><F65/><W128/><G2/><T8/><D122/><U69/><E27/><V35/><F35/><W110/><G106/><T4/><D127/><U32/><E118/><V28/><F28/><W11/><G126/><T133/><D133/><U86/><E132/><V76/><F76/><W59/><G110/><T17/><D108/><U115/><E62/><V75/><F75/><W84/><G128/><N who="1" m="49226" /><E86/><V39/><F21/><W9/><G112/><T125/><D125/><U72/><E72/><V40/><REACH who="2" step="1"/><F18/><REACH who="2" ten="204,286,289,211" step="2"/><W25/><G11/><AGARI ba="0,1" hai="6,7,10,11,36,39,40,41,52,55,90,91,120,121" machi="11" ten="25,12000,1" yaku="1,1,2,1,22,2,54,1,53,0" doraHai="82" doraHaiUra="57" who="2" fromWho="3" sc="204,0,286,0,289,130,211,-120" />
</Scene>
<Scene>
<INIT seed="2,1,0,4,1,2" ten="204,286,419,91" oya="2" hai0="79,106,118,66,18,111,5,8,87,85,95,109,68" hai1="92,104,61,35,59,99,49,121,7,124,9,37,12" hai2="38,82,101,129,75,71,112,72,105,100,53,77,132" hai3="130,89,31,11,46,56,83,73,134,119,60,22,25"/><V52/><F112/><W36/><G119/><T14/><D106/><U54/><E37/><V27/><F38/><W33/><G130/><T26/><D118/><U39/><E39/><V1/><F72/><W108/><G108/><T4/><D68/><U23/><E35/><V64/><F129/><W120/><G120/><T122/><D66/><U21/><E121/><V67/><F67/><W24/><G134/><T70/><D70/><U63/><E104/><V88/><F132/><W86/><G73/><T3/><D122/><U126/><E126/><V15/><F1/><W125/><G125/><T10/><D95/><U117/><E117/><V43/><F43/><W41/><G11/><N who="0" m="2463" /><D79/><U51/><E124/><V76/><F76/><W62/><REACH who="3" step="1"/><G56/><REACH who="3" ten="204,286,419,81" step="2"/><T78/><D87/><U6/><E9/><V48/><F75/><W32/><G32/><T123/><D85/><U102/><E59/><V30/><F71/><W55/><G55/><T135/><D123/><U80/><E54/><V103/><F52/><W34/><G34/><T58/><D58/><U13/><E63/><V19/><F53/><W81/><G81/><T74/><D74/><U29/><E80/><V110/><F82/><W114/><G114/><T28/><D78/><U45/><E61/><V133/><F110/><N who="0" m="41994" /><D135/><U96/><E45/><V69/><F77/><W90/><G90/><T91/><D91/><U98/><E102/><V65/><F88/><W127/><G127/><T115/><D115/><U16/><E96/><V50/><F101/><W131/><G131/><T0/><D10/><U116/><E116/><V84/><F103/><RYUUKYOKU ba="1,1" sc="204,-10,286,-10,419,-10,81,30" hai3="22,24,25,31,33,36,41,46,60,62,83,86,89" />
</Scene>
<Scene>
<INIT seed="3,2,1,2,4,0" ten="194,276,409,111" oya="3" hai0="65,75,130,12,76,118,1,30,31,10,123,114,38" hai1="86,39,63,64,96,89,62,19,91,106,133,15,41" hai2="129,102,93,40,4,95,53,79,121,74,66,107,111" hai3="94,29,33,131,26,34,113,47,116,80,37,134,13"/><W73/><G113/><T22/><D38/><U67/><E39/><V98/><F111/><W127/><G116/><T87/><D75/><U71/><E41/><V81/><F129/><W18/><G131/><T88/><D76/><U132/><E106/><V104/><F121/><W135/><G34/><T92/><D118/><U50/><E50/><V48/><F40/><W20/><G127/><T3/><D130/><U45/><E45/><V61/><F95/><W49/><G37/><T54/><D123/><U122/><E96/><V78/><F78/><W51/><G94/><T52/><D65/><U6/><E122/><V17/><F17/><W77/><REACH who="3" step="1"/><G47/><REACH who="3" ten="194,276,409,101" step="2"/><T58/><D114/><U35/><E35/><V59/><F93/><W105/><G105/><T70/><D70/><U11/><E133/><AGARI ba="2,2" hai="13,18,20,26,29,33,49,51,73,77,80,133,134,135" machi="133" ten="40,3900,0" yaku="1,1,20,1,53,0" doraHai="0" doraHaiUra="125" who="3" fromWho="1" sc="194,0,276,-45,409,0,101,65" />
</Scene>
<Scene>
<INIT seed="3,3,0,3,5,18" ten="194,231,409,166" oya="3" hai0="76,46,57,65,21,105,52,68,88,4,31,63,8" hai1="15,113,95,94,131,14,48,102,115,100,23,123,122" hai2="118,99,126,20,49,78,33,50,91,74,12,117,116" hai3="30,124,43,9,41,110,87,111,119,44,3,19,120"/><W89/><G119/><T130/><D105/><U108/><E48/><V106/><F33/><W37/><G120/><T66/><D76/><U42/><E108/><N who="3" m="41514" /><G124/><T1/><D130/><U82/><E82/><V29/><F126/><W96/><G30/><T97/><D46/><U83/><E83/><V34/><F78/><W17/><G43/><T84/><D97/><U10/><E10/><V7/><F74/><W24/><G96/><T45/><D45/><U109/><E109/><V55/><F50/><W62/><G62/><T16/><D31/><U22/><REACH who="1" step="1"/><E131/><REACH who="1" ten="194,221,409,166" step="2"/><V98/><F49/><W32/><G9/><T58/><D58/><U11/><E11/><V86/><F117/><W128/><G128/><T70/><D70/><U129/><E129/><V103/><F116/><W92/><G3/><T133/><D68/><U56/><E56/><V54/><F118/><W13/><G37/><T134/><D65/><U71/><E71/><V135/><F7/><W69/><G69/><T59/><D57/><U27/><E27/><V25/><F25/><W77/><G24/><T132/><D66/><U85/><E85/><V67/><F86/><W90/><G13/><T0/><D8/><U79/><E79/><V51/><F67/><W35/><G77/><T101/><D4/><U28/><E28/><V2/><F2/><W112/><G87/><T107/><D0/><U125/><E125/><V36/><F51/><W6/><G6/><T47/><D1/><U80/><E80/><V40/><F36/><W53/><G44/><T72/><D47/><U73/><E73/><V38/><F38/><RYUUKYOKU ba="3,1" sc="194,-10,221,30,409,-10,166,-10" hai1="14,15,22,23,42,94,95,100,102,113,115,122,123" />
</Scene>
<Scene>
<INIT seed="4,4,1,3,4,3" ten="184,251,399,156" oya="0" hai0="16,127,51,109,29,94,33,24,114,95,17,37,48" hai1="100,133,61,36,132,122,63,86,110,65,41,119,121" hai2="98,129,96,74,15,104,81,39,25,23,58,88,35" hai3="59,21,5,20,9,0,47,75,13,84,93,83,91"/><T70/><D37/><U118/><E100/><V105/><F39/><W130/><G130/><T68/><D109/><U82/><E110/><V73/><F129/><W87/><G75/><T76/><D76/><U125/><E125/><V22/><F35/><W113/><G113/><T66/><D127/><U32/><E32/><V69/><F69/><W55/><G47/><T27/><D114/><U111/><E111/><V79/><F74/><W131/><G0/><T34/><D66/><U126/><E126/><V128/><F128/><W31/><G31/><AGARI ba="4,1" hai="16,17,24,27,29,31,33,34,48,51,68,70,94,95" machi="31" ten="25,4800,0" yaku="22,2,54,1" doraHai="3" who="0" fromWho="3" sc="184,70,251,0,399,0,156,-60" />
</Scene>
<Scene>
<INIT seed="4,5,0,4,3,88" ten="254,251,399,96" oya="0" hai0="132,114,84,87,31,121,4,79,24,55,18,91,21" hai1="36,82,110,54,7,105,32,6,124,93,27,76,71" hai2="112,49,50,106,57,128,92,117,14,37,109,65,85" hai3="107,30,81,75,23,16,72,19,86,99,28,73,56"/><T15/><D121/><U119/><E105/><V122/><F122/><W0/><G0/><T17/><D132/><U43/><E110/><V83/><F109/><W95/><G107/><T77/><D114/><U48/><E71/><V100/><F112/><W39/><G39/><T26/><D4/><U25/><E119/><V47/><F117/><W2/><G2/><T45/><D87/><U1/><E124/><V101/><F128/><W102/><G56/><T9/><D55/><U133/><E133/><V126/><F126/><W46/><G46/><T64/><D45/><U111/><E111/><V41/><F106/><W127/><G127/><T89/><D89/><U125/><E125/><V22/><F37/><W11/><G11/><T35/><REACH who="0" step="1"/><D64/><REACH who="0" ten="244,251,399,96" step="2"/><U5/><E54/><N who="2" m="31959" /><F65/><W33/><G33/><T131/><D131/><U10/><E32/><V135/><F135/><W51/><G51/><T38/><D38/><U61/><E48/><V68/><F49/><W118/><G118/><T94/><AGARI ba="5,1" hai="9,15,17,18,21,24,26,31,35,77,79,84,91,94" machi="94" ten="20,7800,0" yaku="1,1,0,1,7,1,52,1,53,0" doraHai="88" doraHaiUra="113" who="0" fromWho="0" sc="244,103,251,-31,399,-31,96,-31" />
</Scene>
<Scene>
<INIT seed="4,6,0,5,1,17" ten="347,220,368,65" oya="0" hai0="19,92,62,5,89,93,35,31,117,30,25,125,28" hai1="132,104,133,59,26,12,60,39,99,124,48,68,107" hai2="11,82,63,52,43,42,18,119,40,15,134,95,7" hai3="74,81,8,54,115,38,86,84,100,23,122,65,14"/><T16/><D117/><U72/><E39/><V126/><F119/><W58/><G115/><T33/><D125/><U83/><E124/><V108/><F126/><W56/><G122/><T109/><D109/><U90/><E68/><V130/><F108/><W127/><G127/><T1/><D62/><U97/><E48/><V105/><F105/><N who="1" m="40521" /><E12/><V75/><F130/><W10/><G38/><T57/><D57/><U121/><E26/><V80/><F134/><N who="1" m="51817" /><E121/><V91/><F75/><W123/><G74/><T13/><D92/><U131/><E131/><V88/><F7/><W78/><G56/><T61/><D93/><U37/><E37/><V69/><F91/><W46/><G46/><T106/><D106/><U118/><E118/><V113/><F113/><W24/><G65/><T45/><D89/><U85/><E72/><V111/><F111/><W114/><G114/><T129/><D61/><U120/><E120/><V76/><F76/><W71/><G71/><T128/><D45/><U29/><E29/><N who="0" m="7425" /><T3/><DORA hai="112" /><D25/><U0/><E0/><N who="0" m="73" /><D19/><U135/><N who="1" m="51825" /><U44/><DORA hai="73" /><E44/><V49/><F69/><W103/><G123/><T110/><D5/><U53/><AGARI ba="6,0" hai="53,59,60,83,85,90,97,99" m="51825,40521" machi="53" ten="50,1600,0" yaku="20,1" doraHai="17,112,73" who="1" fromWho="1" sc="347,-14,220,34,368,-10,65,-10" />
</Scene>
<Scene>
<INIT seed="5,0,0,4,3,117" ten="333,254,358,55" oya="1" hai0="107,22,31,28,17,15,72,67,10,61,58,37,47" hai1="109,14,11,59,38,42,73,68,0,130,62,7,2" hai2="4,96,115,106,66,76,41,128,43,36,85,105,78" hai3="88,57,129,86,108,97,133,20,50,23,99,102,112"/><U8/><E68/><V52/><F66/><W30/><G112/><T70/><D107/><U27/><E73/><V64/><F64/><W134/><G129/><T44/><D72/><U124/><E130/><V122/><F115/><W34/><G108/><T80/><D70/><U131/><E131/><V81/><F76/><W84/><G34/><T39/><D80/><U3/><E109/><V120/><F128/><W46/><G133/><T56/><D56/><U16/><E124/><V35/><F35/><W1/><G1/><T45/><REACH who="0" step="1"/><D22/><REACH who="0" ten="323,254,358,55" step="2"/><U60/><E27/><V91/><F106/><W65/><G23/><T87/><D87/><U90/><E90/><V75/><F105/><W48/><G84/><T89/><D89/><U71/><E71/><V26/><F85/><W118/><G20/><T77/><D77/><U104/><E104/><V94/><F91/><W21/><G118/><T74/><D74/><U54/><REACH who="1" step="1"/><E60/><REACH who="1" ten="323,244,358,55" step="2"/><V55/><F75/><W40/><G88/><T69/><D69/><U32/><E32/><V12/><F78/><W113/><G113/><T92/><D92/><U101/><E101/><V123/><F94/><W33/><G33/><T19/><D19/><U9/><E9/><V79/><F26/><W125/><G102/><T121/><D121/><U63/><E63/><V83/><F120/><W49/><G125/><T82/><D82/><U29/><E29/><AGARI ba="0,2" hai="10,15,17,28,29,31,37,39,44,45,47,58,61,67" machi="29" ten="40,1300,0" yaku="1,1,53,0" doraHai="117" doraHaiUra="116" who="0" fromWho="1" sc="323,33,244,-13,358,0,55,0" />
</Scene>
<Scene>
<INIT seed="6,0,0,2,0,66" ten="356,231,358,55" oya="2" hai0="19,129,65,48,111,11,93,54,59,18,98,56,116" hai1="130,1,23,91,70,20,99,78,113,114,124,9,103" hai2="44,24,31,40,17,57,135,117,104,22,28,29,3" hai3="126,49,33,61,80,12,83,84,105,86,108,35,26"/><V96/><F117/><W13/><G49/><T58/><D111/><U0/><E78/><V62/><F135/><W132/><G61/><T2/><D116/><U109/><E109/><V15/><F3/><W115/><G108/><T90/><D129/><U47/><E130/><V36/><F104/><W39/><G26/><T125/><D125/><U53/><E124/><V67/><REACH who="2" step="1"/><F96/><REACH who="2" ten="356,231,348,55" step="2"/><W42/><G126/><T102/><D2/><U127/><E0/><V81/><F81/><W16/><G80/><T73/><D73/><U97/><E97/><V89/><F89/><W88/><G132/><T32/><D32/><AGARI ba="0,1" hai="15,17,22,24,28,29,31,32,36,40,44,57,62,67" machi="32" ten="30,5800,0" yaku="1,1,7,1,53,1" doraHai="66" doraHaiUra="30" who="2" fromWho="0" sc="356,-58,231,0,348,68,55,0" />
</Scene>
<Scene>
<INIT seed="6,1,0,2,2,105" ten="298,231,416,55" oya="2" hai0="76,127,34,102,49,124,29,16,12,97,128,80,100" hai1="56,99,51,104,28,135,65,103,23,91,101,113,90" hai2="15,123,72,58,43,17,0,46,33,32,118,71,39" hai3="109,115,30,75,92,121,117,66,61,126,6,38,134"/><V119/><F71/><W85/><G30/><T24/><D128/><U129/><E129/><V86/><F123/><W21/><G21/><T88/><D49/><U125/><E113/><V44/><F0/><W77/><G6/><T63/><D63/><U41/><E135/><V110/><F110/><W107/><G85/><T94/><D124/><U50/><E125/><V22/><F72/><W8/><G8/><T106/><D106/><U84/><E103/><V93/><F58/><W9/><G9/><T67/><D67/><U70/><E41/><V57/><F57/><W13/><G13/><T60/><D60/><N who="1" m="40231" /><E56/><V27/><F44/><W5/><G92/><T53/><D53/><U54/><E54/><V14/><F15/><W55/><G55/><T111/><D111/><U130/><E23/><V25/><F14/><W10/><G10/><T108/><D127/><U40/><E130/><V68/><F68/><W132/><G66/><T96/><D108/><U2/><E2/><V19/><F32/><W131/><G61/><T79/><D79/><U120/><E120/><V95/><F93/><W73/><G132/><T83/><D97/><U52/><E84/><V59/><F17/><W11/><G5/><T112/><D83/><U74/><E28/><V31/><F59/><W116/><G116/><T35/><D35/><U64/><E64/><V45/><F119/><W48/><G117/><T37/><D112/><U36/><E52/><V42/><F118/><W62/><G115/><T81/><D37/><U7/><E36/><V20/><F95/><W3/><G121/><T4/><D94/><RYUUKYOKU ba="1,0" sc="298,0,231,0,416,0,55,0" />
</Scene>
<Scene>
<INIT seed="7,2,0,0,5,89" ten="298,231,416,55" oya="3" hai0="132,26,3,34,35,58,79,55,32,108,28,106,76" hai1="115,21,103,83,42,12,68,112,107,88,101,45,73" hai2="49,127,19,25,11,74,80,0,117,113,105,40,97" hai3="13,41,110,78,120,20,93,72,69,134,125,102,15"/><W104/><G120/><T70/><D70/><U14/><E68/><V31/><F117/><W90/><G69/><T109/><D106/><U92/><E107/><V53/><F113/><N who="1" m="43593" /><E83/><V59/><F40/><W130/><G130/><T95/><D3/><U124/><E73/><V7/><F19/><W23/><G125/><T4/><D4/><U43/><E124/><V57/><F127/><W1/><G1/><T128/><D128/><U17/><E14/><V111/><F111/><W18/><G110/><T54/><D132/><U65/><E65/><V47/><F105/><W64/><G134/><T126/><D126/><U67/><E67/><V114/><F114/><W94/><G64/><T46/><D109/><U133/><E133/><V77/><F97/><W29/><G41/><N who="1" m="15370" /><E45/><V36/><F36/><W24/><G15/><T27/><D108/><U121/><E121/><V37/><F37/><W100/><G104/><T122/><D122/><U61/><E61/><V86/><F74/><W9/><G9/><T5/><D5/><U135/><E135/><V116/><F116/><W123/><G123/><T118/><D118/><U10/><E10/><V30/><F30/><W71/><G71/><T22/><D26/><U38/><E38/><V75/><F75/><W66/><G66/><T2/><D46/><U39/><E39/><V48/><F48/><W60/><G60/><T50/><D55/><U16/><E17/><V52/><F53/><W51/><G51/><T63/><D50/><U33/><E33/><AGARI ba="2,0" hai="0,7,11,25,31,33,47,49,52,57,59,77,80,86" machi="33" ten="30,2000,0" yaku="7,1,54,1" doraHai="89" who="2" fromWho="1" sc="298,0,231,-26,416,26,55,0" owari="298,10.0,205,-19.0,442,53.0,55,-44.0" />
</Scene>
</mjloggm>