<mjloggm ver="2.3"><GO type="41" lobby="0"/><UN n0="%E3%83%80%E3%83%96%E3%83%AB%EF%BC%A0%E3%82%A2%E3%83%A1%E3%83%AA%E8%BB%8D" n1="%4A%42%62%69%74%63%68" n2="%E7%89%8C%E6%93%8D%E4%BD%9C%E2%98%86" n3="%E5%A4%AA%E3%81%8F%E3%81%AA%E3%81%84%E3%81%8A" dan="14,13,14,17" rate="1974.66,1828.85,1961.70,2264.67" sx="M,M,F,M"/><TAIKYOKU oya="0"/>

<Scene>
<INIT seed="0,0,0,3,0,13" ten="250,250,250,250" oya="0" hai0="66,94,9,7,132,107,20,77,89,47,104,29,55" hai1="88,23,128,99,121,76,52,106,11,15,109,32,126" hai2="110,38,113,111,25,101,112,123,87,42,69,83,40" hai3="122,133,14,16,81,129,26,46,71,92,72,30,73"/><T4/><D66/><U36/><E121/><V97/><F69/><W93/><G71/><T68/><D132/><U85/><E32/><V56/><F56/><W98/><G133/><T96/><D68/><U79/><E36/><V8/><F25/><W108/><G122/><T5/><D77/><U60/><E109/><N who="2" m="41483" /><F8/><W59/><G108/><T34/><D34/><U19/><E128/><V17/><F17/><W0/><G0/><T67/><D67/><U10/><E126/><V86/><F123/><W135/><G135/><T41/><D107/><U39/><E39/><V54/><F54/><W80/><G129/><T1/><D104/><U50/><E60/><V51/><F51/><W2/><G2/><T114/><D114/><N who="2" m="44138" /><F38/><W65/><G46/><T31/><D55/><U57/><E106/><N who="2" m="63791" /><F42/><W75/><G59/><T62/><D62/><U21/><E99/><V91/><F40/><W103/><G92/><T35/><D35/><U3/><E3/><V33/><F33/><W120/><G65/><T37/><D31/><U119/><E119/><V127/><F87/><W134/><G134/><T12/><D1/><U45/><E45/><V82/><F127/><W130/><G120/><T70/><D70/><U18/><E18/><V117/><F117/><W53/><G53/><T64/><D64/><U27/><E27/><V131/><F131/><W125/><G130/><T22/><D29/><U74/><E74/><V49/><F49/><W44/><G44/><T43/><D43/><U63/><E63/><V61/><F61/><W58/><G125/><T90/><D37/><U24/><E24/><RYUUKYOKU ba="0,0" sc="250,-10,250,-10,250,30,250,-10" hai2="82,83,86,91" />
</Scene>
<Scene>
<INIT seed="1,1,0,2,2,79" ten="240,240,280,240" oya="1" hai0="88,42,92,66,52,73,27,62,113,93,124,49,101" hai1="83,13,120,61,72,70,39,26,107,121,78,75,110" hai2="128,90,63,65,60,95,22,5,38,117,99,125,3" hai3="115,127,8,105,104,87,37,85,116,15,18,126,23"/><U32/><E13/><V100/><F117/><W108/><G115/><T17/><D113/><U20/><E20/><V89/><F38/><W123/><G123/><N who="1" m="47178" /><E75/><V119/><F119/><W46/><G116/><T16/><D73/><U134/><E39/><V97/><F22/><W94/><G37/><T2/><D2/><U21/><E21/><V24/><F3/><W71/><G71/><T114/><D114/><U40/><E40/><V19/><F24/><W76/><G46/><T82/><D42/><U43/><E43/><V64/><F19/><W102/><G23/><T84/><D27/><U34/><E134/><V98/><F5/><W109/><G87/><T69/><D101/><U44/><E44/><V6/><F6/><W53/><G53/><T80/><D80/><U33/><E110/><N who="3" m="42602" /><G94/><T129/><D129/><U11/><E11/><V55/><F128/><W7/><G7/><T103/><D93/><U59/><E59/><V74/><F95/><W14/><G14/><T130/><D130/><U0/><E0/><V118/><F118/><W96/><G104/><T35/><D35/><U68/><E107/><V86/><F86/><W111/><N who="3" m="42610" /><W29/><DORA hai="47" /><G29/><T36/><D36/><U25/><E61/><V106/><F106/><W67/><G67/><T30/><D30/><N who="1" m="19535" /><E26/><V4/><F4/><W41/><G41/><T50/><D69/><AGARI ba="1,0" hai="33,34,68,69,70,72,78,83" m="19535,47178" machi="69" ten="30,2900,0" yaku="23,1,52,1" doraHai="79,47" who="1" fromWho="0" sc="240,-32,240,32,280,0,240,0" />
</Scene>
<Scene>
<INIT seed="1,2,0,2,3,13" ten="208,272,280,240" oya="1" hai0="33,135,41,50,120,59,115,53,19,99,40,4,124" hai1="101,58,49,44,9,121,71,74,3,65,66,132,11" hai2="81,112,39,78,77,8,110,125,46,122,98,69,89" hai3="24,113,64,131,95,36,80,7,61,123,103,84,15"/><U86/><E121/><V51/><F122/><W22/><G123/><T48/><D120/><RYUUKYOKU type="kaze4" ba="2,0" sc="208,0,272,0,280,0,240,0" />
</Scene>
<Scene>
<INIT seed="1,3,0,2,2,131" ten="208,272,280,240" oya="1" hai0="4,30,110,58,98,99,34,64,112,60,52,56,11" hai1="87,81,132,111,61,77,97,20,127,108,6,65,109" hai2="37,36,96,118,24,84,100,68,2,134,89,41,50" hai3="85,32,104,71,82,69,113,95,3,88,128,122,17"/><U125/><E6/><V90/><F68/><W93/><G122/><T33/><D110/><U75/><E132/><V47/><F2/><W78/><G113/><T107/><D112/><U114/><E114/><V119/><F37/><W120/><G120/><T115/><D115/><U16/><E97/><V124/><F90/><W44/><G104/><T92/><D30/><U53/><E75/><V39/><F36/><W38/><G32/><T106/><D98/><U135/><E53/><V13/><F39/><W1/><G128/><T55/><D33/><U130/><E135/><V14/><F24/><W67/><G95/><T123/><D64/><U126/><E130/><V51/><F50/><W42/><G17/><T76/><D76/><U35/><E35/><V101/><F100/><W94/><G94/><T86/><D86/><U83/><E87/><V22/><F134/><W9/><G67/><T23/><D23/><U102/><E77/><V29/><F29/><W70/><REACH who="3" step="1"/><G9/><REACH who="3" ten="208,272,280,230" step="2"/><T43/><D123/><U49/><E102/><V48/><F101/><W7/><G7/><T80/><D34/><U31/><E31/><V46/><F96/><AGARI ba="3,1" hai="1,3,38,42,44,69,70,71,78,82,85,88,93,96" machi="96" ten="40,2600,0" yaku="1,1,54,1,53,0" doraHai="131" doraHaiUra="129" who="3" fromWho="2" sc="208,0,272,0,280,-35,230,45" />
</Scene>
<Scene>
<INIT seed="2,0,0,2,4,10" ten="208,272,245,275" oya="2" hai0="69,116,38,8,111,124,106,47,67,75,15,68,54" hai1="119,109,73,115,40,27,74,18,50,72,107,1,96" hai2="12,0,108,32,126,92,62,46,36,83,70,56,120" hai3="86,131,25,28,114,90,9,87,17,97,102,71,35"/><V99/><F0/><W14/><G131/><T127/><D106/><U66/><E119/><V61/><F70/><W39/><G39/><T34/><D34/><U78/><E115/><V94/><F32/><W52/><G114/><T122/><D122/><U21/><E1/><V2/><F2/><W59/><G90/><T24/><D75/><U101/><E109/><V30/><F30/><W98/><G71/><T104/><D104/><U13/><E66/><V65/><F120/><W58/><G58/><T3/><D111/><U93/><E40/><V55/><F108/><W128/><G128/><T129/><D129/><U29/><E50/><N who="2" m="29143" /><F36/><W16/><G17/><T19/><D38/><U89/><E78/><V135/><F135/><W88/><G102/><T41/><D3/><U112/><E112/><V43/><F43/><W100/><G100/><T4/><D116/><U132/><E132/><V91/><F126/><W133/><G86/><T125/><D68/><U80/><E80/><V64/><F83/><W130/><G133/><T110/><D110/><U5/><E5/><V6/><F94/><W51/><G130/><T42/><D69/><U81/><E81/><AGARI ba="0,0" hai="9,14,16,25,28,35,51,52,59,81,87,88,97,98" machi="81" ten="30,8000,1" yaku="7,1,52,1,54,3" doraHai="10" who="3" fromWho="1" sc="208,0,272,-80,245,0,275,80" />
</Scene>
<Scene>
<INIT seed="3,0,0,3,0,134" ten="208,192,245,355" oya="3" hai0="94,0,85,56,65,16,131,98,55,75,113,96,42" hai1="50,74,125,135,61,48,90,12,34,39,80,44,95" hai2="6,70,120,76,15,8,38,60,24,18,133,106,105" hai3="82,130,123,87,100,29,115,69,107,88,59,116,40"/><W73/><G69/><T35/><D0/><U36/><E34/><V43/><F133/><W118/><G40/><T89/><D35/><U108/><E135/><V91/><F120/><W119/><G29/><T20/><D75/><U102/><E108/><V124/><F76/><N who="3" m="44303" /><G59/><T71/><D42/><U114/><E114/><V101/><F43/><W109/><G123/><T37/><D37/><U68/><E102/><V97/><F38/><W78/><G115/><T11/><D113/><U22/><E125/><V25/><F124/><W47/><G47/><T64/><D71/><U58/><E68/><V77/><F77/><W52/><G52/><T30/><D30/><U14/><E74/><V51/><F51/><W127/><G127/><T84/><D11/><U4/><E80/><V121/><F121/><W67/><G67/><T111/><D65/><U110/><E110/><V7/><F70/><W83/><G109/><T13/><D64/><U132/><E132/><V2/><F60/><W57/><G57/><T19/><D111/><U86/><E50/><V81/><F25/><W1/><G1/><T31/><D31/><U103/><E103/><V66/><F24/><W92/><G130/><T63/><D131/><U3/><E3/><V33/><F66/><W32/><G32/><T99/><D19/><N who="1" m="10599" /><E61/><V112/><F33/><W10/><G10/><T41/><D41/><N who="1" m="24591" /><E58/><V21/><F112/><W79/><G83/><T28/><D28/><U53/><E53/><V62/><F62/><W27/><G27/><T93/><D63/><U117/><E117/><V126/><F126/><W104/><G104/><RYUUKYOKU ba="0,0" sc="208,-15,192,15,245,-15,355,15" hai1="4,14,36,39,86,90,95" hai3="78,79,87,88,92,100,107,116,118,119" />
</Scene>
<Scene>
<INIT seed="3,1,0,4,4,126" ten="193,207,230,370" oya="3" hai0="125,47,102,7,73,34,3,30,93,101,134,130,6" hai1="8,112,75,62,22,133,29,98,71,109,116,88,11" hai2="135,52,51,94,39,107,110,9,84,119,96,106,19" hai3="57,127,87,63,81,27,118,44,20,17,70,128,41"/><W49/><G127/><T12/><D125/><U54/><E112/><V68/><F39/><W15/><G128/><T55/><D134/><U72/><E133/><V129/><F110/><W66/><G118/><T83/><D3/><U14/><E109/><V65/><F119/><W33/><G33/><T91/><D30/><U113/><E113/><V95/><F84/><W80/><G70/><T46/><D34/><U1/><E116/><V77/><F95/><W56/><G56/><T59/><D130/><U82/><E11/><V64/><F77/><W2/><G2/><T115/><D73/><U48/><E71/><V18/><F68/><W121/><G121/><T0/><D0/><U122/><E122/><V43/><F43/><W90/><REACH who="3" step="1"/><G27/><REACH who="3" ten="193,207,230,360" step="2"/><T89/><D115/><U25/><E1/><V35/><F35/><W108/><G108/><T85/><D47/><U111/><E111/><V5/><F129/><W120/><G120/><T104/><D46/><U117/><E117/><V105/><F135/><W132/><G132/><T38/><D12/><U86/><E62/><V26/><F26/><W67/><G67/><T10/><D59/><U42/><E42/><V99/><F65/><W78/><G78/><T28/><D102/><U100/><E48/><V31/><F64/><W124/><G124/><T103/><D101/><U69/><E69/><V114/><F51/><W79/><G79/><T23/><D103/><U36/><E36/><V53/><F114/><W40/><G40/><T21/><D38/><U61/><E54/><V32/><F53/><W60/><G60/><T50/><D55/><RYUUKYOKU ba="1,1" sc="193,-10,207,-10,230,-10,360,30" hai3="15,17,20,41,44,49,57,63,66,80,81,87,90" />
</Scene>
<Scene>
<INIT seed="3,2,1,0,2,98" ten="183,197,220,390" oya="3" hai0="15,1,10,7,128,13,51,29,73,115,61,31,68" hai1="125,107,9,91,16,102,78,30,118,32,127,81,40" hai2="82,65,89,111,6,101,8,59,134,60,21,132,11" hai3="43,88,26,24,17,34,3,94,5,35,56,104,75"/><W84/><G75/><T46/><D73/><U116/><E40/><V54/><F111/><W92/><G104/><T77/><D77/><U97/><E32/><V28/><F6/><W45/><G56/><T50/><D128/><U109/><E109/><V64/><F64/><W27/><G17/><T90/><D115/><U23/><E30/><V114/><F114/><W105/><G105/><T112/><D112/><U83/><E9/><V25/><F54/><W49/><REACH who="3" step="1"/><G94/><REACH who="3" ten="183,197,220,380" step="2"/><T133/><D68/><U103/><E16/><V113/><F113/><W58/><G58/><T124/><D46/><U123/><E123/><V93/><F82/><W119/><G119/><N who="1" m="45610" /><E23/><V41/><F21/><W48/><G48/><T0/><D51/><U2/><E107/><V39/><F59/><W18/><G18/><T74/><D50/><U47/><E47/><V85/><F11/><AGARI ba="2,2" hai="3,5,11,24,26,27,34,35,43,45,49,84,88,92" machi="11" ten="40,7700,0" yaku="1,1,54,1,53,1" doraHai="98" doraHaiUra="33" who="3" fromWho="2" sc="183,0,197,0,220,-83,380,103" />
</Scene>
<Scene>
<INIT seed="3,3,0,0,0,18" ten="183,197,137,483" oya="3" hai0="19,64,54,71,65,13,5,29,117,88,3,10,78" hai1="105,134,121,27,120,111,34,124,123,101,83,98,23" hai2="4,95,21,40,57,20,49,1,102,52,85,125,75" hai3="0,16,22,110,128,106,39,17,132,63,100,51,84"/><W70/><G39/><T12/><D117/><U7/><E34/><V24/><F75/><W81/><G0/><T9/><D3/><U90/><E7/><V118/><F118/><W38/><G38/><T130/><D130/><U99/><E111/><V77/><F1/><W104/><G128/><T61/><D78/><U45/><E45/><N who="2" m="25767" /><F4/><W60/><G110/><T131/><D131/><U115/><E115/><V47/><F47/><W44/><G132/><T112/><D112/><U116/><E116/><V103/><F24/><W48/><G70/><T14/><D14/><U36/><E36/><V62/><F125/><W30/><G100/><N who="2" m="38441" /><F95/><W73/><G73/><T6/><D71/><U86/><E134/><V69/><F69/><W109/><G109/><T113/><D113/><U8/><E124/><V43/><F43/><W31/><G44/><T80/><D5/><U129/><E129/><V133/><F133/><W122/><G81/><AGARI ba="3,0" hai="20,21,52,57,62,77,81,85" m="38441,25767" machi="81" ten="30,7700,0" yaku="8,1,52,2,54,1" doraHai="18" who="2" fromWho="3" sc="183,0,197,0,137,86,483,-86" />
</Scene>
<Scene>
<INIT seed="4,0,0,3,5,91" ten="183,197,223,397" oya="0" hai0="126,97,79,17,36,83,135,39,80,98,64,108,134" hai1="18,93,14,132,0,24,38,75,94,109,124,12,114" hai2="122,44,2,90,131,6,118,63,51,20,58,5,133" hai3="19,125,30,52,82,55,120,78,129,54,33,11,105"/><T102/><D64/><U96/><E109/><V3/><F122/><W37/><G105/><T68/><D68/><U88/><E0/><V107/><F107/><W41/><G120/><T16/><D126/><U50/><E38/><N who="0" m="14377" /><D79/><U57/><E75/><V119/><F20/><W117/><G117/><T28/><D28/><U45/><E124/><V72/><F72/><W13/><G125/><T10/><D10/><U112/><E57/><V65/><F3/><W62/><G129/><T71/><D71/><U70/><E70/><V77/><F131/><W87/><G62/><T46/><D46/><U7/><E7/><V1/><F77/><W86/><G86/><T43/><D43/><N who="1" m="24895" /><E132/><N who="0" m="50729" /><D102/><N who="1" m="60687" /><E114/><V115/><F115/><W103/><G103/><T61/><D61/><U8/><E112/><V101/><F101/><W73/><G73/><T66/><D66/><U27/><E14/><V25/><F133/><W76/><G76/><T34/><D34/><U69/><E69/><V116/><F118/><W85/><G85/><AGARI ba="0,0" hai="8,12,18,24,27,85,88,94" m="60687,24895" machi="85" ten="30,7700,0" yaku="8,1,52,2,54,1" doraHai="91" who="1" fromWho="3" sc="183,0,197,77,223,0,397,-77" />
</Scene>
<Scene>
<INIT seed="5,0,0,5,1,45" ten="183,274,223,320" oya="1" hai0="124,47,31,23,72,58,66,0,104,128,48,118,87" hai1="42,77,21,43,110,113,54,119,29,7,82,62,84" hai2="120,106,17,11,134,1,96,112,59,49,70,22,64" hai3="130,40,18,95,14,67,2,41,44,73,126,60,68"/><U101/><E119/><V9/><F70/><W19/><G2/><T13/><D118/><U26/><E113/><V30/><F120/><W98/><G73/><T132/><D72/><U38/><E38/><V37/><F37/><W131/><G126/><T39/><D39/><U116/><E116/><V93/><F106/><W15/><G15/><T57/><D104/><U52/><E110/><V25/><F1/><W75/><G75/><T65/><D124/><U99/><E7/><V114/><F134/><W97/><G97/><T85/><D0/><U133/><E133/><V88/><F112/><W34/><G34/><T121/><D121/><U28/><E28/><V46/><F30/><W109/><G109/><T8/><D132/><U61/><E101/><V122/><F122/><W27/><G27/><N who="0" m="16895" /><D128/><N who="3" m="49193" /><G44/><T4/><D66/><U92/><E92/><V123/><F114/><W16/><G14/><T33/><D33/><U105/><E105/><V125/><F123/><W103/><AGARI ba="0,0" hai="16,18,19,40,41,60,67,68,95,98,103" m="49193" machi="103" ten="30,2000,0" yaku="19,1,54,1" doraHai="45" who="3" fromWho="3" sc="183,-5,274,-10,223,-5,320,20" />
</Scene>
<Scene>
<INIT seed="6,0,0,1,4,130" ten="178,264,218,340" oya="2" hai0="29,9,104,87,99,52,40,6,59,56,60,48,27" hai1="103,17,55,100,3,10,22,132,42,66,81,23,37" hai2="7,46,78,134,80,71,121,33,93,107,114,131,111" hai3="119,113,97,125,72,12,19,88,70,122,11,1,126"/><V36/><RYUUKYOKU type="yao9" ba="0,0" sc="178,0,264,0,218,0,340,0" hai2="7,33,36,46,71,78,80,93,107,111,114,121,131,134" />
</Scene>
<Scene>
<INIT seed="6,1,0,2,2,100" ten="178,264,218,340" oya="2" hai0="70,22,107,96,13,112,80,93,34,44,109,123,14" hai1="130,115,119,122,19,63,21,64,66,117,81,135,114" hai2="18,84,88,43,125,134,120,33,35,127,104,131,90" hai3="65,76,45,27,116,56,128,8,68,129,121,28,108"/><V36/><F120/><W32/><G121/><T91/><D109/><U3/><E122/><V0/><F0/><W132/><G108/><T10/><D34/><N who="2" m="12810" /><F36/><W53/><G116/><T40/><D123/><U15/><E3/><V55/><F43/><W133/><G45/><T2/><D70/><U110/><E110/><V4/><F4/><W6/><G76/><T42/><D42/><U26/><E135/><N who="3" m="51786" /><G65/><T29/><D2/><U97/><E130/><V31/><F31/><W78/><G78/><T95/><D80/><U89/><E66/><V113/><F131/><W118/><G68/><T48/><D29/><U77/><E77/><V111/><F111/><W102/><G102/><T37/><D37/><U94/><E81/><N who="2" m="49167" /><F134/><W99/><G99/><T98/><D107/><U50/><E50/><V25/><F90/><W38/><G38/><T79/><D79/><U30/><E64/><V74/><F74/><W47/><G47/><T69/><D69/><U9/><E63/><V73/><F73/><W52/><G53/><T67/><D67/><U16/><REACH who="1" step="1"/><E19/><REACH who="1" ten="178,254,218,340" step="2"/><V17/><F17/><W105/><G128/><T124/><D48/><U85/><E85/><V60/><F60/><N who="3" m="35847" /><G129/><T41/><D41/><U24/><E24/><V49/><F25/><W39/><G39/><T71/><D40/><U51/><E51/><V11/><F18/><W92/><G27/><T54/><D54/><U82/><E82/><V46/><F11/><W61/><G8/><T126/><D10/><U83/><E83/><V106/><F113/><AGARI ba="1,1" hai="9,15,16,21,26,30,89,94,97,113,114,115,117,119" machi="113" ten="40,8000,1" yaku="1,1,15,1,54,1,53,1" doraHai="100" doraHaiUra="7" who="1" fromWho="2" sc="178,0,254,93,218,-83,340,0" />
</Scene>
<Scene>
<INIT seed="7,0,0,5,2,64" ten="178,347,135,340" oya="3" hai0="113,51,65,5,77,17,130,49,95,97,54,23,34" hai1="121,62,20,133,1,116,57,11,122,28,82,107,59" hai2="112,93,94,103,33,75,55,14,31,72,105,40,58" hai3="86,42,96,111,102,8,117,128,73,22,30,101,80"/><W45/><G117/><T85/><D113/><U91/><E116/><V6/><F112/><W89/><G128/><T24/><D34/><U46/><E107/><V16/><F40/><W21/><G111/><T100/><D130/><U4/><E133/><V71/><F6/><W114/><G114/><T61/><D5/><U15/><E46/><V29/><F75/><W18/><G73/><T43/><D43/><U67/><E59/><V26/><F72/><W9/><G30/><T126/><D126/><U39/><E39/><V25/><F105/><W48/><G22/><T120/><D120/><U3/><E3/><V41/><F41/><W106/><G102/><T76/><D65/><U60/><E60/><V52/><F103/><W104/><G104/><T123/><D123/><U108/><E108/><V66/><F55/><W132/><G132/><T81/><D76/><U78/><E91/><V12/><F12/><AGARI ba="0,0" hai="8,9,12,18,21,42,45,48,80,86,89,96,101,106" machi="12" ten="30,1500,0" yaku="7,1" doraHai="64" who="3" fromWho="2" sc="178,0,347,0,135,-15,340,15" owari="178,-22.0,347,15.0,120,-38.0,355,45.0" />
</Scene>
</mjloggm>