<mjloggm ver="2.3"><GO type="169" lobby="0"/><UN n0="%E5%8F%8A%E5%B7%9D%E5%86%B0%E9%BA%97" n1="%64%6F%75%6D%6F%6B%75%6E" n2="%E5%A4%AA%E3%81%8F%E3%81%AA%E3%81%84%E3%81%8A" n3="%E2%98%86%EF%BC%B2%EF%BC%8E%EF%BC%A4%EF%BC%8E%E2%98%85" dan="16,17,19,17" rate="2127.28,2181.59,2337.01,2141.99" sx="F,M,F,M"/><TAIKYOKU oya="0"/>

<Scene>
<INIT seed="0,0,0,1,0,108" ten="250,250,250,250" oya="0" hai0="63,35,129,48,4,32,25,120,12,14,24,126,113" hai1="122,37,106,119,79,57,36,72,88,134,45,50,51" hai2="20,41,93,60,16,30,28,11,31,27,82,80,17" hai3="105,102,2,97,9,54,59,7,23,10,76,96,133"/><T127/><D120/><U47/><E106/><V87/><F41/><W15/><G133/><T118/><D63/><U95/><E122/><V77/><F60/><W103/><G76/><T74/><D74/><U56/><E119/><V6/><F17/><W71/><G71/><T22/><D48/><U65/><E134/><V78/><F93/><W55/><G23/><T114/><D118/><U100/><E100/><V66/><F66/><W38/><G38/><T112/><D129/><U104/><E104/><V83/><REACH who="2" step="1"/><F78/><REACH who="2" ten="250,250,240,250" step="2"/><W58/><G55/><T19/><D4/><U131/><E79/><V109/><F109/><W92/><G54/><T94/><D94/><U21/><E65/><V68/><F68/><W40/><G40/><T107/><D107/><U110/><E110/><V85/><F85/><W64/><G64/><T29/><REACH who="0" step="1"/><D35/><REACH who="0" ten="240,250,240,250" step="2"/><U115/><E95/><V123/><F123/><W128/><REACH who="3" step="1"/><G128/><REACH who="3" ten="240,250,240,240" step="2"/><T70/><D70/><U8/><E131/><V5/><F5/><AGARI ba="0,3" hai="2,5,7,9,10,15,58,59,92,96,97,102,103,105" machi="5" ten="30,7700,0" yaku="1,1,2,1,7,1,53,1" doraHai="108" doraHaiUra="91" who="3" fromWho="2" sc="240,0,250,0,240,-77,240,107" />
</Scene>
<Scene>
<INIT seed="1,0,0,0,0,10" ten="240,250,163,347" oya="1" hai0="122,65,103,107,44,39,99,43,12,89,11,109,37" hai1="59,117,80,23,71,30,52,41,100,133,53,40,4" hai2="106,85,60,125,57,38,77,75,110,98,17,81,26" hai3="33,91,15,56,134,95,116,31,22,58,62,135,54"/><U94/><E117/><V64/><F38/><W128/><G116/><T126/><D122/><U111/><E71/><V114/><F110/><W14/><G128/><T121/><D121/><U105/><E105/><V74/><F125/><W78/><G78/><T113/><D109/><U67/><E111/><V131/><F131/><W25/><G58/><T68/><D126/><U129/><E4/><V32/><F114/><W20/><G20/><T18/><D113/><U86/><E129/><V132/><F132/><N who="3" m="50731" /><G33/><T108/><D108/><U96/><E67/><V130/><F130/><W0/><G0/><T9/><D89/><U87/><E53/><V48/><F48/><W118/><G118/><T7/><D65/><U119/><E87/><AGARI ba="0,0" hai="14,15,22,25,31,54,56,62,87,91,95" m="50731" machi="87" ten="30,3900,0" yaku="20,1,52,2" doraHai="10" who="3" fromWho="1" sc="240,0,250,-39,163,0,347,39" />
</Scene>
<Scene>
<INIT seed="2,0,0,1,3,127" ten="240,211,163,386" oya="2" hai0="62,64,45,47,110,22,128,81,14,61,11,8,94" hai1="115,125,109,120,101,46,69,21,112,72,44,122,105" hai2="92,36,51,19,41,52,24,132,54,95,10,7,71" hai3="13,89,66,0,108,117,102,126,28,6,43,50,93"/><V121/><F121/><N who="1" m="46697" /><E72/><V124/><F71/><W1/><G108/><T111/><D128/><U58/><E125/><V99/><F124/><W56/><G102/><T59/><D81/><U53/><E105/><V114/><F114/><N who="1" m="43561" /><E101/><V70/><F70/><W42/><G28/><T133/><D133/><U116/><E21/><N who="2" m="13375" /><F36/><W16/><G0/><T27/><D62/><N who="1" m="36175" /><E69/><V87/><F132/><W85/><G1/><T97/><D110/><U5/><E5/><V119/><F119/><W75/><G6/><T77/><D77/><U63/><E116/><V48/><F87/><W78/><G126/><T3/><D111/><U118/><E118/><V18/><F7/><W107/><G107/><T113/><D113/><U106/><E106/><V103/><F92/><W88/><G75/><T25/><D3/><U37/><E109/><V84/><F84/><W68/><G68/><T20/><D22/><U134/><E134/><V74/><F74/><W131/><G85/><T39/><D20/><U96/><E96/><V57/><F10/><W17/><G117/><T67/><D11/><U80/><E80/><V15/><F18/><W135/><G16/><T30/><D8/><U34/><E34/><V31/><F31/><W2/><G17/><T55/><D94/><U79/><E79/><V9/><F9/><W4/><G78/><T12/><D97/><U100/><E100/><V123/><F123/><W130/><G93/><T65/><D30/><U83/><E83/><V73/><F73/><W104/><G135/><T49/><D12/><U82/><E82/><V32/><F15/><W90/><G13/><RYUUKYOKU ba="0,0" sc="240,0,211,0,163,0,386,0" />
</Scene>
<Scene>
<INIT seed="3,1,0,1,3,105" ten="240,211,163,386" oya="3" hai0="107,108,8,134,54,21,67,116,115,68,96,117,100" hai1="63,3,50,51,94,129,15,131,26,114,78,49,69" hai2="106,45,12,101,60,42,88,75,133,85,92,102,52" hai3="97,83,30,109,27,62,81,90,121,79,11,17,16"/><W22/><G121/><T43/><D108/><U87/><E3/><V46/><F133/><W111/><G62/><T125/><D134/><U112/><E26/><V29/><F75/><W13/><G30/><T91/><D115/><N who="1" m="44075" /><E15/><V132/><F132/><W6/><G6/><T122/><D122/><U119/><E94/><V19/><F29/><W25/><G27/><T61/><D125/><U23/><E23/><V72/><F72/><W127/><G127/><T56/><D21/><U77/><E87/><V66/><F106/><W55/><G55/><T113/><D113/><U38/><E119/><V71/><F52/><W103/><G90/><T74/><D43/><U34/><E34/><V84/><F46/><W5/><G17/><T126/><D126/><U32/><E32/><V41/><F41/><W24/><G24/><T53/><D53/><U86/><E86/><V44/><F44/><W123/><G123/><T28/><D28/><U48/><E38/><V58/><F71/><W20/><G20/><T76/><D91/><U36/><E36/><V1/><F1/><W40/><G79/><N who="1" m="30218" /><E51/><N who="2" m="27063" /><F84/><W135/><G135/><T93/><D107/><U2/><E2/><V14/><F14/><W120/><G120/><T118/><D8/><AGARI ba="1,0" hai="8,12,19,58,60,66,85,88,92,101,102" m="27063" machi="8" ten="30,2000,0" yaku="8,1,54,1" doraHai="105" who="2" fromWho="0" sc="240,-23,211,0,163,23,386,0" />
</Scene>
<Scene>
<INIT seed="4,0,0,2,3,96" ten="217,211,186,386" oya="0" hai0="54,9,78,106,41,1,98,24,130,0,99,120,116" hai1="68,51,82,103,71,122,64,61,107,65,35,131,42" hai2="124,13,14,18,84,66,40,89,26,126,22,77,121" hai3="86,12,67,47,95,5,83,57,111,2,88,27,25"/><T128/><D120/><U118/><E122/><V63/><F77/><W134/><G2/><T102/><D116/><U115/><E118/><V45/><F121/><W76/><G111/><T81/><D41/><U79/><E35/><V29/><F84/><W21/><G134/><T73/><D98/><U74/><E115/><V53/><F53/><W3/><G3/><T113/><D113/><U6/><E6/><V59/><F89/><W75/><G47/><T20/><D54/><U23/><E23/><V33/><REACH who="2" step="1"/><F13/><REACH who="2" ten="217,211,176,386" step="2"/><W58/><G12/><T4/><REACH who="0" step="1"/><D0/><REACH who="0" ten="207,211,176,386" step="2"/><U39/><E42/><V80/><F80/><W125/><G83/><T87/><D87/><U60/><E82/><V117/><F117/><W50/><G86/><T31/><AGARI ba="0,2" hai="1,4,9,20,24,31,73,78,81,99,102,106,128,130" machi="31" ten="30,6000,0" yaku="1,1,0,1,52,1,53,0" doraHai="96" doraHaiUra="112" who="0" fromWho="0" sc="207,80,211,-20,176,-20,386,-20" />
</Scene>
<Scene>
<INIT seed="4,1,0,1,0,117" ten="287,191,156,366" oya="0" hai0="111,125,88,64,90,81,12,102,24,46,101,62,67" hai1="4,34,112,23,5,78,39,51,43,45,9,122,33" hai2="106,36,66,128,61,42,35,13,92,114,26,103,72" hai3="83,17,30,93,59,25,8,79,110,11,21,56,120"/><T1/><D1/><U95/><E122/><V19/><F72/><W118/><G110/><T134/><D111/><U124/><E124/><V107/><F114/><W68/><G68/><T129/><D125/><U22/><E112/><V97/><F128/><W0/><G118/><T20/><D129/><U115/><E115/><V71/><F42/><W89/><G120/><T44/><D134/><U32/><E95/><V77/><F77/><W73/><G11/><T96/><D12/><U119/><E119/><V10/><REACH who="2" step="1"/><F36/><REACH who="2" ten="287,191,146,366" step="2"/><W109/><G109/><T84/><D90/><U113/><E113/><V37/><F37/><W63/><G73/><T105/><D101/><U116/><E116/><V57/><F57/><W133/><G56/><T47/><REACH who="0" step="1"/><D62/><REACH who="0" ten="277,191,146,366" step="2"/><U7/><E39/><V132/><F132/><W16/><G63/><T48/><D48/><U100/><E100/><V3/><F3/><W38/><G0/><T18/><AGARI ba="1,2" hai="18,20,24,44,46,47,64,67,81,84,88,96,102,105" machi="18" ten="30,6000,0" yaku="1,1,0,1,54,1,53,0" doraHai="117" doraHaiUra="27" who="0" fromWho="0" sc="277,83,191,-21,146,-21,366,-21" />
</Scene>
<Scene>
<INIT seed="4,2,0,4,0,48" ten="360,170,125,345" oya="0" hai0="110,97,39,8,128,100,135,18,9,130,52,83,42" hai1="47,40,57,33,104,54,70,122,109,120,64,92,13" hai2="17,6,43,134,63,51,65,15,10,55,32,108,75" hai3="2,31,117,131,53,94,123,11,30,121,107,12,60"/><T80/><D135/><U124/><E104/><V113/><F108/><W4/><G107/><T133/><D133/><U115/><E33/><V127/><F134/><W79/><G117/><T23/><D110/><U58/><E109/><V82/><F32/><W112/><G112/><T106/><D42/><U81/><E81/><N who="0" m="31305" /><D39/><U24/><E24/><V56/><F113/><W71/><G131/><N who="0" m="50219" /><D52/><U36/><E115/><V69/><F127/><W129/><G129/><T35/><D35/><U85/><E124/><V77/><REACH who="2" step="1"/><F43/><REACH who="2" ten="360,170,115,345" step="2"/><W22/><G123/><T41/><D41/><U93/><E122/><V68/><F68/><W74/><G71/><T111/><D111/><U126/><E120/><V14/><F14/><AGARI ba="2,1" hai="8,9,14,18,23,97,100,106" m="50219,31305" machi="14" ten="30,1500,0" yaku="19,1" doraHai="48" who="0" fromWho="2" sc="360,31,170,0,115,-21,345,0" />
</Scene>
<Scene>
<INIT seed="4,3,0,4,5,105" ten="391,170,94,345" oya="0" hai0="31,6,49,123,46,5,97,108,104,38,16,106,18" hai1="130,29,115,42,55,111,11,50,39,122,82,91,88" hai2="15,25,32,126,33,23,102,113,57,48,52,17,30" hai3="78,103,8,81,7,118,13,129,121,40,41,110,95"/><T133/><D123/><U21/><E122/><V107/><F113/><W67/><G110/><T72/><D72/><U59/><E111/><V80/><F126/><W74/><G121/><T26/><D38/><U112/><E130/><V90/><F107/><W131/><G118/><T20/><D108/><U117/><E117/><V98/><F102/><W66/><G103/><T37/><D37/><U124/><E124/><V119/><F119/><W89/><G40/><T68/><D68/><U1/><E39/><V69/><F69/><W0/><G41/><T93/><D106/><U114/><E42/><V116/><F116/><W9/><G66/><T12/><D104/><U65/><E65/><V84/><REACH who="2" step="1"/><F98/><REACH who="2" ten="391,170,84,345" step="2"/><W54/><G131/><T77/><D97/><U87/><E91/><V85/><F85/><W28/><G89/><T14/><D133/><U3/><E11/><AGARI ba="3,1" hai="11,15,17,23,25,30,32,33,48,52,57,80,84,90" machi="11" ten="30,3900,0" yaku="1,1,7,1,54,1,53,0" doraHai="105" doraHaiUra="135" who="2" fromWho="1" sc="391,0,170,-48,84,58,345,0" />
</Scene>
<Scene>
<INIT seed="5,0,0,5,1,105" ten="391,122,142,345" oya="1" hai0="100,56,84,75,8,17,39,93,31,62,0,78,82" hai1="26,1,94,79,111,19,71,55,38,109,86,36,46" hai2="101,16,37,65,60,126,25,44,73,76,130,42,63" hai3="72,102,118,133,27,69,58,107,9,128,98,117,47"/><U32/><E1/><V85/><F126/><W70/><G133/><T92/><D39/><U88/><E71/><V106/><F130/><W81/><G128/><T68/><D68/><U52/><E79/><V134/><F134/><W22/><G58/><T104/><D31/><U6/><E6/><V14/><F85/><W40/><G9/><T116/><D116/><N who="3" m="44649" /><G22/><T35/><D35/><U80/><E32/><V48/><F25/><W23/><G81/><T99/><D84/><U66/><E66/><V41/><F101/><W91/><G91/><T24/><D24/><U123/><E123/><V115/><F106/><W125/><G72/><T113/><D113/><U112/><E112/><V121/><F121/><W114/><G125/><T127/><D127/><U21/><E80/><V3/><F3/><W64/><G64/><T49/><D49/><N who="1" m="28727" /><E55/><V15/><F115/><W29/><G114/><T20/><D0/><U87/><E86/><V54/><F65/><W11/><G69/><T53/><D8/><U5/><E5/><V95/><F76/><W43/><G11/><T90/><D90/><U132/><E132/><V30/><F37/><N who="3" m="21903" /><G70/><T124/><D124/><U10/><E10/><V122/><F122/><W103/><G103/><T120/><D120/><U74/><E74/><V108/><F73/><W77/><G77/><T129/><D129/><U119/><E119/><V57/><F48/><W67/><G67/><T83/><D83/><U110/><AGARI ba="0,0" hai="19,21,26,36,38,87,88,94,109,110,111" m="28727" machi="110" ten="30,6000,0" yaku="10,1,54,2" doraHai="105" who="1" fromWho="1" sc="391,-20,122,60,142,-20,345,-20" />
</Scene>
<Scene>
<INIT seed="5,1,0,2,5,36" ten="371,182,122,325" oya="1" hai0="78,23,16,26,70,134,56,9,86,100,22,117,37" hai1="84,51,53,72,110,123,98,10,50,5,7,80,120" hai2="116,107,88,57,106,85,71,33,47,15,94,12,121" hai3="95,109,79,101,81,93,60,2,52,108,38,58,55"/><U43/><E72/><V20/><F71/><W92/><G2/><T18/><D117/><U46/><E110/><V66/><F116/><W30/><G38/><T64/><D70/><U114/><E114/><V0/><F33/><W19/><G30/><T68/><D68/><U1/><E7/><V62/><F121/><W125/><G125/><T21/><D37/><U99/><E120/><V54/><F0/><W104/><G19/><T8/><D100/><U87/><E123/><V122/><F122/><W119/><G119/><T14/><D134/><U49/><E87/><V40/><F66/><W27/><G27/><T48/><D8/><U130/><E130/><V124/><F124/><W24/><G24/><T75/><D75/><U11/><E11/><V34/><F34/><W3/><G3/><T128/><D128/><U118/><E118/><V133/><F133/><W6/><G6/><T25/><D25/><U131/><E131/><V73/><F73/><W113/><G113/><T112/><D112/><U132/><E132/><V77/><F77/><W39/><G39/><T97/><D97/><U127/><E127/><V45/><F45/><W63/><G104/><T42/><D64/><U105/><E105/><V29/><F29/><W67/><G101/><T13/><D26/><U74/><E74/><V31/><F31/><W129/><G129/><T4/><D14/><N who="2" m="5162" /><F20/><W126/><G126/><T35/><D35/><U44/><E51/><N who="2" m="27111" /><F107/><W90/><G79/><AGARI ba="1,0" hai="1,5,10,43,44,46,49,50,53,79,80,84,98,99" machi="79" ten="30,2900,0" yaku="7,1,52,1" doraHai="36" who="1" fromWho="3" sc="371,0,182,32,122,0,325,-32" />
</Scene>
<Scene>
<INIT seed="5,2,0,4,0,108" ten="371,214,122,293" oya="1" hai0="119,79,92,40,67,12,90,13,83,120,87,131,57" hai1="25,60,3,115,106,4,69,85,114,121,68,33,1" hai2="5,84,31,63,94,7,8,11,41,52,14,134,46" hai3="56,18,75,16,135,93,113,10,45,101,58,32,86"/><U111/><E121/><V38/><F134/><W47/><G113/><N who="1" m="43018" /><E111/><V123/><F123/><W117/><G75/><T104/><D120/><U129/><E129/><V24/><F94/><W105/><G32/><T30/><D119/><U65/><E106/><V51/><F84/><W64/><G86/><T55/><D104/><U22/><E33/><V42/><F63/><W107/><G93/><T28/><D131/><U127/><E127/><V118/><F38/><W29/><G64/><T26/><D67/><U23/><E68/><V95/><F95/><W110/><G29/><T100/><D30/><N who="1" m="17719" /><E4/><V37/><F37/><W49/><G110/><T54/><D28/><U59/><E23/><V36/><F36/><W9/><G117/><T133/><D100/><U6/><E6/><V82/><F82/><W77/><G101/><T99/><D83/><U132/><E132/><V21/><REACH who="2" step="1"/><F118/><REACH who="2" ten="371,214,112,293" step="2"/><W44/><G135/><T130/><D133/><U53/><E85/><V17/><F17/><W89/><G16/><T0/><D87/><U73/><E73/><V71/><F71/><W88/><G18/><T122/><D130/><U98/><E98/><V126/><F126/><W102/><G107/><T43/><D122/><U81/><E81/><V103/><F103/><W19/><G102/><T124/><D99/><U62/><AGARI ba="2,1" hai="1,3,53,59,60,62,65,69" m="17719,43018" machi="62" ten="30,11700,0" yaku="15,1,52,3" doraHai="108" who="1" fromWho="1" sc="371,-41,214,133,112,-41,293,-41" />
</Scene>
<Scene>
<INIT seed="5,3,0,3,2,18" ten="330,347,71,252" oya="1" hai0="110,115,105,75,130,69,32,114,35,11,82,9,58" hai1="76,56,41,84,19,109,43,131,94,70,25,22,47" hai2="106,13,8,111,39,112,10,34,31,124,83,99,30" hai3="1,128,95,37,81,113,65,50,117,23,92,29,27"/><U127/><E70/><V64/><F39/><W28/><G37/><T6/><D110/><U57/><E109/><V133/><F111/><W54/><G113/><N who="0" m="43019" /><D130/><U4/><E127/><V97/><F112/><W126/><G1/><T122/><D69/><U135/><E135/><V116/><F116/><W62/><G126/><T15/><D105/><U77/><E131/><V24/><F124/><W49/><G128/><T3/><D122/><U61/><E4/><V48/><F64/><W134/><G134/><T87/><D75/><U102/><E57/><V74/><F133/><W17/><G81/><T5/><D58/><U20/><E20/><V104/><F48/><W121/><G121/><T86/><D86/><U21/><E21/><V93/><F31/><N who="3" m="11851" /><G49/><T100/><D100/><U71/><E71/><V67/><F67/><W68/><G68/><T36/><D36/><U119/><E119/><V51/><F51/><W107/><G107/><T88/><AGARI ba="3,0" hai="3,5,6,9,11,15,32,35,82,87,88" m="43019" machi="88" ten="30,2000,0" yaku="15,1,54,1" doraHai="18" who="0" fromWho="0" sc="330,29,347,-13,71,-8,252,-8" />
</Scene>
<Scene>
<INIT seed="6,0,0,4,5,0" ten="359,334,63,244" oya="2" hai0="102,97,30,134,114,115,5,53,63,40,42,55,126" hai1="105,116,33,86,36,28,37,79,31,100,98,43,15" hai2="66,112,78,83,108,80,18,20,75,16,25,122,49" hai3="95,22,10,68,128,69,47,19,62,77,123,94,135"/><V99/><F122/><W4/><G123/><T17/><D134/><U96/><E116/><V46/><F112/><N who="0" m="43050" /><D126/><U34/><E43/><V24/><F108/><W13/><G128/><T6/><D17/><U61/><E61/><V119/><F119/><W87/><G135/><T129/><D129/><U133/><E133/><V29/><F66/><W89/><G47/><T39/><D30/><U124/><E124/><V44/><F99/><W67/><G77/><T52/><D63/><U93/><E15/><V84/><F49/><W8/><G69/><T35/><D35/><U81/><E31/><V73/><F73/><W11/><REACH who="3" step="1"/><G95/><REACH who="3" ten="359,334,63,234" step="2"/><N who="0" m="58687" /><D40/><U38/><REACH who="1" step="1"/><E28/><REACH who="1" ten="359,324,63,234" step="2"/><V101/><F101/><AGARI ba="0,2" hai="33,34,36,37,38,79,81,86,93,96,98,100,101,105" machi="101" ten="40,2600,0" yaku="1,1,2,1,53,0" doraHai="0" doraHaiUra="41" who="1" fromWho="2" sc="359,0,324,46,63,-26,234,0" />
</Scene>
<Scene>
<INIT seed="7,0,0,4,2,116" ten="359,370,37,234" oya="3" hai0="134,131,26,42,75,47,63,93,0,1,45,50,17" hai1="114,98,49,60,87,91,120,117,18,59,113,7,21" hai2="9,92,31,24,129,29,81,109,28,46,58,37,44" hai3="12,52,5,86,38,35,83,10,107,115,74,94,118"/><W85/><G118/><T30/><D134/><U68/><E117/><V130/><F109/><W33/><G107/><T36/><D75/><U56/><E120/><V66/><F81/><W122/><G122/><T20/><D131/><U135/><E135/><V95/><F9/><W57/><G115/><N who="1" m="44042" /><E7/><V41/><F24/><W27/><G38/><T111/><D111/><U51/><E98/><V39/><F58/><N who="1" m="22057" /><E68/><V55/><F66/><W16/><G74/><T133/><D63/><U84/><E60/><V62/><F62/><N who="3" m="36135" /><G35/><T103/><D133/><U19/><E19/><V78/><F78/><N who="3" m="46327" /><G33/><T3/><D103/><U6/><E6/><V132/><F132/><W2/><G2/><T105/><D105/><U126/><E126/><V71/><F71/><W96/><G86/><N who="1" m="32810" /><E91/><V72/><F72/><W88/><G27/><AGARI ba="0,0" hai="18,21,27,49,51" m="32810,22057,44042" machi="27" ten="30,1000,0" yaku="15,1" doraHai="116" who="1" fromWho="3" sc="359,0,370,10,37,0,234,-10" owari="359,16.0,380,48.0,37,-46.0,224,-18.0" />
</Scene>
</mjloggm>