<mjloggm ver="2.3"><GO type="169" lobby="0"/><UN n0="%65%69%62%61%6E" n1="%E9%A7%84%E5%A6%B9" n2="%E5%A4%AA%E3%81%8F%E3%81%AA%E3%81%84%E3%81%8A" n3="%E5%8C%97%E3%81%AE%E5%AF%BE%E5%AD%90%E8%90%BD%E3%81%A8%E3%81%97" dan="16,16,19,17" rate="2039.96,2044.83,2336.80,2145.67" sx="M,F,F,M"/><TAIKYOKU oya="0"/>

<Scene>
<INIT seed="0,0,0,0,3,93" ten="250,250,250,250" oya="0" hai0="70,105,69,51,81,16,95,124,104,60,92,40,1" hai1="88,110,71,107,64,47,66,27,12,56,86,113,130" hai2="73,42,24,18,44,54,114,0,87,131,80,19,135" hai3="121,34,123,15,111,21,8,61,109,57,13,72,30"/><T96/><D1/><U20/><E110/><N who="3" m="41994" /><G72/><T76/><D124/><U23/><E130/><V89/><F114/><W26/><G57/><T103/><D105/><U48/><E71/><V120/><F120/><N who="3" m="46155" /><G61/><T112/><D112/><U65/><E107/><V125/><F73/><W74/><G74/><T134/><D70/><U37/><E37/><V75/><F75/><W132/><G132/><T11/><D134/><U77/><E113/><V43/><F125/><W53/><G53/><T78/><D78/><U68/><E68/><V115/><F54/><W122/><N who="3" m="46163" /><W17/><DORA hai="84" /><G15/><T119/><D69/><U59/><E77/><V90/><F0/><W52/><G52/><T85/><D60/><U118/><E118/><V101/><F115/><W100/><G100/><T35/><D119/><U32/><E47/><V63/><F101/><W6/><G6/><T116/><D116/><U38/><E38/><V83/><F44/><W55/><G55/><T99/><D35/><AGARI ba="0,0" hai="8,13,17,21,26,30,34,35" m="46163,41994" machi="35" ten="50,8000,1" yaku="14,1,13,1,34,2" doraHai="93,84" who="3" fromWho="0" sc="250,-80,250,0,250,0,250,80" />
</Scene>
<Scene>
<INIT seed="1,0,0,3,5,54" ten="170,250,250,330" oya="1" hai0="13,31,56,63,133,96,80,51,33,4,78,135,113" hai1="6,128,22,120,107,89,38,70,53,129,114,44,116" hai2="40,0,90,102,64,108,106,94,48,59,49,42,131" hai3="100,5,25,79,76,21,121,2,57,123,9,60,95"/><U61/><E114/><V97/><F0/><W82/><G100/><T122/><D113/><U117/><E120/><V109/><F131/><N who="1" m="50249" /><E107/><V124/><F124/><W83/><G95/><T87/><D122/><U66/><E6/><V45/><F42/><W115/><G115/><T12/><D31/><U7/><E7/><V58/><F49/><W75/><G21/><T26/><D33/><U130/><N who="1" m="50257" /><U16/><DORA hai="11" /><E89/><V18/><F18/><W35/><G25/><T55/><D26/><N who="1" m="14663" /><E38/><V93/><F106/><W67/><REACH who="3" step="1"/><G35/><REACH who="3" ten="170,250,250,320" step="2"/><T86/><D4/><U68/><E117/><V77/><F94/><W28/><G28/><T27/><D27/><U81/><E116/><V10/><F102/><W72/><AGARI ba="0,1" hai="2,5,9,57,60,67,72,75,76,79,82,83,121,123" machi="72" ten="20,12000,2" yaku="1,1,0,1,7,1,9,1,52,1,53,2" doraHai="54,11" doraHaiUra="43,118" who="3" fromWho="3" sc="170,-30,250,-60,250,-30,320,130" />
</Scene>
<Scene>
<INIT seed="2,0,0,3,0,129" ten="140,190,220,450" oya="2" hai0="13,106,36,75,133,20,85,12,17,107,9,52,82" hai1="18,87,99,132,60,24,59,69,108,46,15,35,28" hai2="83,124,103,91,101,33,76,123,3,96,50,70,25" hai3="109,72,113,21,29,10,2,56,48,128,135,47,110"/><V51/><F123/><W86/><G72/><T6/><D36/><U67/><E108/><N who="3" m="41578" /><G135/><T115/><D75/><U71/><E132/><V53/><F3/><W45/><G128/><T54/><D115/><U80/><E99/><V120/><F70/><W44/><G86/><T105/><REACH who="0" step="1"/><D133/><REACH who="0" ten="130,190,220,450" step="2"/><U94/><E94/><V43/><F120/><W117/><G113/><T30/><D30/><U7/><E7/><V73/><F73/><W112/><G29/><T95/><D95/><U122/><E122/><V93/><F93/><W102/><G112/><T62/><D62/><U64/><E60/><V42/><F50/><W97/><G48/><T65/><D65/><U11/><E67/><V63/><F51/><W38/><G38/><T81/><D81/><U34/><E64/><V5/><F83/><W116/><G116/><T22/><D22/><U19/><E80/><V111/><F63/><W127/><G21/><T119/><D119/><U89/><E28/><V114/><F111/><W134/><G134/><T131/><D131/><U23/><E23/><V41/><F114/><W0/><G117/><T49/><D49/><U14/><E35/><V32/><F32/><W130/><G130/><T57/><D57/><U27/><E34/><V100/><F33/><W16/><G56/><T74/><D74/><U55/><E59/><V40/><F40/><W84/><G45/><T126/><D126/><U118/><E118/><V26/><F124/><W68/><G47/><T31/><D31/><U77/><E46/><V61/><F42/><W88/><G44/><T1/><D1/><U98/><E71/><RYUUKYOKU ba="0,1" sc="130,30,190,-10,220,-10,450,-10" hai0="6,9,12,13,17,20,52,54,82,85,105,106,107" />
</Scene>
<Scene>
<INIT seed="3,1,1,3,1,24" ten="160,180,210,440" oya="3" hai0="93,69,70,19,41,110,115,85,36,12,104,88,8" hai1="103,132,22,73,134,65,120,47,124,33,9,114,35" hai2="81,76,113,109,11,16,23,116,28,102,71,119,53" hai3="112,27,17,39,38,117,108,5,72,82,32,66,95"/><W48/><G112/><T13/><D104/><U98/><E114/><V10/><F113/><W83/><G117/><T97/><D110/><U63/><E120/><V122/><F71/><W133/><G5/><T92/><D115/><U30/><E73/><V44/><F109/><W60/><G108/><T58/><D41/><U67/><E9/><V99/><F122/><W57/><G133/><N who="1" m="51306" /><E47/><V131/><F131/><W135/><G135/><T15/><D36/><U86/><E86/><V78/><F53/><W64/><G64/><T0/><D0/><U25/><E124/><V128/><F44/><W45/><G72/><T123/><D123/><U50/><E50/><V105/><F128/><W7/><G7/><T87/><D58/><N who="1" m="37111" /><E67/><V79/><F81/><W106/><G83/><T14/><REACH who="0" step="1"/><D85/><REACH who="0" ten="150,180,210,440" step="2"/><U127/><E127/><V130/><F130/><W31/><G39/><T59/><D59/><U4/><E4/><V118/><F119/><W49/><G38/><T62/><D62/><U3/><E3/><V68/><F118/><W74/><G57/><T56/><D56/><U52/><E52/><V21/><F116/><W111/><G60/><T54/><D54/><U84/><E84/><V26/><REACH who="2" step="1"/><F68/><REACH who="2" ten="150,180,200,440" step="2"/><W37/><G111/><T61/><D61/><U42/><E42/><V80/><F80/><W121/><G82/><T18/><D18/><U43/><E43/><V20/><F20/><W6/><G17/><T55/><D55/><U94/><AGARI ba="1,3" hai="22,25,30,33,35,94,98,103" m="37111,51306" machi="94" ten="30,4000,0" yaku="25,1,20,1,52,1" doraHai="24" who="1" fromWho="1" sc="150,-11,180,73,200,-11,440,-21" />
</Scene>
<Scene>
<INIT seed="4,0,0,5,4,115" ten="139,253,189,419" oya="0" hai0="32,25,39,80,128,75,95,38,111,134,85,18,87" hai1="24,1,120,102,82,63,20,58,73,122,57,124,92" hai2="116,22,109,61,28,14,132,2,135,59,26,9,41" hai3="123,91,90,8,100,71,83,98,21,6,47,5,65"/><T36/><D128/><U42/><E1/><V133/><F109/><W105/><G123/><T126/><D134/><U46/><E57/><V114/><F114/><W97/><G71/><T48/><D126/><U113/><E124/><V88/><F41/><W10/><G65/><T118/><D111/><U33/><E33/><V7/><F88/><W84/><G21/><T103/><D75/><U131/><E131/><V121/><F121/><W0/><G47/><T40/><D118/><U49/><E113/><V67/><REACH who="2" step="1"/><F116/><REACH who="2" ten="139,253,179,419" step="2"/><W129/><G129/><T16/><D103/><U86/><E122/><V12/><AGARI ba="0,1" hai="2,7,9,12,14,22,26,28,59,61,67,132,133,135" machi="12" ten="40,8000,1" yaku="1,1,2,1,0,1,20,1,53,0" doraHai="115" doraHaiUra="108" who="2" fromWho="2" sc="139,-40,253,-20,179,90,419,-20" />
</Scene>
<Scene>
<INIT seed="5,0,0,3,1,43" ten="99,233,269,399" oya="1" hai0="100,20,96,62,29,126,127,72,55,45,13,93,19" hai1="46,23,97,77,107,105,71,4,63,52,47,0,30" hai2="48,31,128,25,109,118,121,12,16,7,133,83,120" hai3="53,102,15,85,2,106,95,81,104,117,56,79,17"/><U65/><E77/><V123/><F109/><W54/><G2/><T90/><D72/><U87/><E87/><V114/><F118/><W122/><G122/><T103/><D29/><U22/><E107/><V37/><F37/><W34/><G34/><T101/><REACH who="0" step="1"/><D62/><REACH who="0" ten="89,233,269,399" step="2"/><U21/><E30/><V27/><F31/><W129/><G117/><T135/><D135/><U131/><E131/><V10/><F128/><W51/><G129/><T14/><D14/><U40/><E0/><V91/><F133/><W32/><G15/><T116/><D116/><U3/><E3/><V88/><F25/><W67/><G32/><T61/><D61/><U113/><E63/><V49/><F27/><W8/><G67/><T42/><D42/><U1/><E40/><V38/><F121/><W28/><G28/><T58/><D58/><U57/><E65/><V68/><F120/><W115/><G56/><T70/><D70/><U76/><E71/><V110/><F68/><W86/><G54/><T18/><D18/><U94/><E57/><V73/><F16/><W6/><G53/><T35/><D35/><U125/><E52/><V39/><F123/><W44/><G17/><T33/><D33/><U66/><E66/><V80/><F73/><W124/><G6/><T92/><D92/><U60/><E60/><V98/><F7/><W108/><G95/><T130/><D130/><U74/><E74/><V9/><F12/><W112/><G104/><T132/><D132/><U69/><E69/><V89/><F110/><W36/><G106/><T111/><D111/><U26/><E4/><V59/><F59/><RYUUKYOKU ba="0,1" sc="89,30,233,-10,269,-10,399,-10" hai0="13,19,20,45,55,90,93,96,100,101,103,126,127" />
</Scene>
<Scene>
<INIT seed="6,1,1,2,1,72" ten="119,223,259,389" oya="2" hai0="0,60,6,25,24,93,96,43,107,123,75,49,46" hai1="135,59,29,128,39,90,2,116,103,81,95,101,78" hai2="41,28,108,130,35,83,69,132,47,121,105,10,16" hai3="21,27,17,14,84,87,44,36,48,13,40,53,38"/><V112/><F69/><W94/><G38/><T100/><D75/><U11/><E39/><V91/><F105/><W4/><G94/><T76/><D123/><U37/><E37/><V57/><F28/><W12/><REACH who="3" step="1"/><G4/><REACH who="3" ten="119,223,259,379" step="2"/><T80/><D107/><U88/><E116/><V45/><F121/><W68/><G68/><T54/><D6/><U124/><E128/><V113/><F130/><W31/><G31/><T133/><D133/><U50/><E29/><V85/><F132/><W126/><G126/><T64/><D0/><U114/><E124/><V9/><F108/><W92/><G92/><T74/><REACH who="0" step="1"/><D43/><REACH who="0" ten="109,223,259,379" step="2"/><U115/><E135/><V20/><F41/><W66/><G66/><T111/><D111/><U99/><E2/><V33/><F113/><W42/><G42/><T51/><D51/><U119/><E115/><V98/><F112/><W122/><G122/><T15/><D15/><U97/><E114/><V56/><F33/><W77/><G77/><T104/><D104/><U70/><E50/><V134/><F35/><W89/><G89/><T62/><D62/><U65/><E90/><V109/><F134/><W82/><G82/><T1/><D1/><U52/><E88/><V26/><F109/><W32/><G32/><T61/><D61/><U86/><E78/><V7/><F7/><W73/><G73/><T131/><D131/><U120/><E120/><V125/><F125/><W118/><G118/><T67/><D67/><U23/><E65/><V18/><F83/><W5/><G5/><T19/><D19/><U127/><E81/><V102/><F91/><W55/><G55/><RYUUKYOKU ba="1,3" sc="109,15,223,-15,259,-15,379,15" hai0="24,25,46,49,54,60,64,74,76,80,93,96,100" hai3="12,13,14,17,21,27,36,40,44,48,53,84,87" />
</Scene>
<Scene>
<INIT seed="7,2,3,3,4,86" ten="124,208,244,394" oya="3" hai0="58,34,79,124,13,39,88,116,78,105,41,36,120" hai1="111,37,92,22,47,104,68,10,102,70,63,55,84" hai2="67,72,59,81,24,91,75,69,14,71,121,100,64" hai3="26,135,127,85,43,109,2,35,106,66,96,90,108"/><W60/><G2/><T29/><D105/><U117/><E111/><N who="3" m="42570" /><G35/><T76/><D120/><U23/><E117/><V95/><F64/><W19/><G43/><T9/><D116/><U113/><E10/><V45/><F95/><W74/><G74/><T130/><D130/><U17/><E22/><V89/><F59/><N who="3" m="37151" /><G135/><T97/><D124/><U98/><E37/><V83/><F100/><N who="3" m="62727" /><G127/><T42/><D58/><U99/><E84/><V11/><F71/><W126/><G126/><T7/><D29/><U32/><E17/><V18/><F18/><W112/><G19/><T103/><D34/><U123/><E23/><V101/><F101/><W46/><G46/><T16/><D103/><U131/><E92/><V28/><F75/><W118/><G26/><T65/><D65/><U133/><E98/><V134/><F24/><W93/><G112/><T110/><D110/><U53/><E113/><V115/><F72/><W80/><G93/><N who="0" m="56487" /><D39/><U73/><E73/><V132/><F28/><W38/><G118/><T25/><D36/><AGARI ba="2,3" hai="36,38,80,85,90" m="62727,37151,42570" machi="36" ten="30,2900,0" yaku="10,1,52,1" doraHai="86" who="3" fromWho="0" sc="124,-35,208,0,244,0,394,65" owari="89,-41.0,208,-19.0,244,4.0,459,56.0" />
</Scene>
</mjloggm>