<mjloggm ver="2.3"><GO type="169" lobby="0"/><UN n0="%E5%8D%81%E4%B8%89%E4%BB%A3%E7%9B%AE%E6%AC%A1%E5%85%83%E5%A4%A7%E4%BB%8B" n1="%E5%A4%AA%E3%81%8F%E3%81%AA%E3%81%84%E3%81%8A" n2="%E7%A8%B2%E4%BD%9C%E3%83%B4%E3%82%A9%E3%83%AB%E3%82%B1%E3%82%A4%E3%83%8E" n3="%E3%83%8A%E3%82%AB%E3%83%9E%E3%82%B9%E3%83%86%E3%82%A3%E3%83%95" dan="16,17,18,16" rate="2077.24,2226.07,2232.19,2076.17" sx="M,M,M,M"/><TAIKYOKU oya="0"/>

<Scene>
<INIT seed="0,0,0,1,1,23" ten="250,250,250,250" oya="0" hai0="19,132,126,76,11,87,8,86,27,14,59,96,54" hai1="125,84,65,79,103,16,94,119,113,71,61,62,116" hai2="106,12,53,21,117,30,121,104,70,134,89,37,82" hai3="25,17,72,31,66,88,130,51,73,135,81,74,13"/><T43/><D126/><U50/><E125/><V35/><F121/><W122/><G130/><T44/><D132/><U32/><E32/><V56/><F70/><W105/><G105/><T28/><D96/><U9/><E113/><V29/><F37/><W80/><G135/><T34/><D8/><U55/><E62/><V99/><F117/><W95/><G122/><T90/><D76/><U52/><E55/><V67/><F67/><W128/><G128/><T39/><REACH who="0" step="1"/><D90/><REACH who="0" ten="240,250,250,250" step="2"/><U83/><E103/><V47/><F89/><W133/><G133/><T78/><D78/><U18/><E9/><V48/><F99/><W120/><G120/><T60/><AGARI ba="0,1" hai="11,14,19,27,28,34,39,43,44,54,59,60,86,87" machi="60" ten="20,12000,1" yaku="1,1,0,1,7,1,52,1,53,1" doraHai="23" doraHaiUra="58" who="0" fromWho="0" sc="240,130,250,-40,250,-40,250,-40" />
</Scene>
<Scene>
<INIT seed="0,1,0,5,2,66" ten="370,210,210,210" oya="0" hai0="123,135,22,38,57,20,32,59,92,23,29,21,87" hai1="88,6,49,78,85,43,28,5,120,34,10,119,14" hai2="65,7,1,125,3,86,112,67,82,110,106,117,47" hai3="96,102,84,27,105,63,130,55,72,122,26,48,56"/><T33/><D123/><U108/><E119/><V76/><F112/><W53/><G72/><T15/><D38/><U97/><E120/><V61/><F117/><W16/><G130/><T41/><D41/><U70/><E108/><V31/><F110/><W124/><G124/><T71/><D71/><U113/><E113/><V50/><F125/><W77/><G122/><T75/><D75/><U13/><E70/><V64/><F106/><W101/><G101/><T0/><D0/><U115/><E115/><V104/><F104/><W18/><G27/><T111/><D111/><U46/><E34/><V94/><F31/><W68/><G26/><T131/><D131/><U91/><E28/><V2/><F94/><W44/><REACH who="3" step="1"/><G68/><REACH who="3" ten="370,210,210,200" step="2"/><T90/><D29/><U98/><E78/><V109/><F109/><W51/><G51/><T25/><D25/><U62/><E62/><V129/><F129/><W121/><G121/><T42/><D135/><U8/><REACH who="1" step="1"/><E91/><REACH who="1" ten="370,200,210,200" step="2"/><V132/><F132/><W128/><G128/><T40/><D90/><U17/><E17/><V12/><F61/><W52/><G52/><T118/><D118/><U114/><E114/><V73/><F67/><W93/><G93/><AGARI ba="1,2" hai="5,6,8,10,13,14,43,46,49,85,88,93,97,98" machi="93" ten="30,8000,1" yaku="1,1,7,1,9,1,8,1,54,1,53,0" doraHai="66" doraHaiUra="116" who="1" fromWho="3" sc="370,0,200,103,210,0,200,-83" />
</Scene>
<Scene>
<INIT seed="1,0,0,4,2,56" ten="370,303,210,117" oya="1" hai0="81,19,10,100,6,89,22,65,133,33,1,109,57" hai1="128,59,46,36,47,63,74,116,7,107,51,72,15" hai2="95,53,48,71,135,41,91,32,40,5,37,52,9" hai3="39,123,31,64,83,111,42,118,110,49,117,28,129"/><U92/><E107/><V34/><F71/><W105/><G105/><T94/><D109/><N who="3" m="41481" /><G123/><T54/><D133/><U70/><E116/><N who="3" m="44650" /><G129/><T2/><D33/><U86/><E128/><V66/><F66/><W18/><G39/><T82/><D65/><U124/><E70/><V119/><F135/><W75/><G18/><T3/><D100/><U24/><E124/><V4/><F37/><W12/><G12/><T35/><D35/><U25/><E72/><V101/><F101/><W79/><G64/><T44/><D2/><U73/><E74/><V26/><F119/><W104/><G104/><T114/><D3/><U43/><E73/><V29/><F34/><W67/><G67/><T88/><D114/><U55/><E46/><AGARI ba="0,0" hai="28,31,42,46,49,75,79,83" m="44650,41481" machi="46" ten="30,2000,0" yaku="14,1,12,1" doraHai="56" who="3" fromWho="1" sc="370,0,303,-20,210,0,117,20" />
</Scene>
<Scene>
<INIT seed="2,0,0,0,3,41" ten="370,283,210,137" oya="2" hai0="75,12,90,46,86,22,42,113,78,74,118,123,38" hai1="99,63,3,131,24,97,112,19,53,127,47,49,122" hai2="17,25,64,100,61,44,5,14,81,65,91,68,115" hai3="79,117,40,26,45,102,104,107,101,111,72,125,105"/><V120/><F115/><W36/><G117/><T0/><D113/><U23/><E112/><V51/><F120/><W48/><G111/><T133/><D123/><U80/><E122/><V15/><F100/><W43/><G125/><T55/><D133/><U130/><E3/><V67/><F68/><W93/><G26/><T106/><D106/><U87/><E127/><V16/><F61/><W7/><G93/><T62/><D0/><U109/><E109/><V134/><F134/><W94/><G94/><T116/><D78/><U88/><REACH who="1" step="1"/><E63/><REACH who="1" ten="370,273,210,137" step="2"/><V126/><F126/><W2/><G2/><T8/><D62/><U20/><E20/><N who="2" m="13447" /><F5/><W98/><G7/><T89/><D118/><U52/><E52/><N who="2" m="29799" /><F17/><W82/><G40/><T70/><D42/><U56/><E56/><V31/><F31/><W37/><G104/><T28/><D28/><U83/><E83/><V129/><F129/><AGARI ba="0,1" hai="19,23,24,47,49,53,80,87,88,97,99,129,130,131" machi="129" ten="40,8000,1" yaku="1,1,19,1,52,1,54,1,53,1" doraHai="41" doraHaiUra="77" who="1" fromWho="2" sc="370,0,273,90,210,-80,137,0" />
</Scene>
<Scene>
<INIT seed="3,0,0,3,3,19" ten="370,363,130,137" oya="3" hai0="8,78,85,73,56,46,117,60,135,10,127,21,28" hai1="47,0,111,109,18,79,98,11,75,126,27,37,62" hai2="94,99,35,9,31,3,89,91,108,74,76,51,7" hai3="97,1,102,87,32,45,122,125,43,92,55,72,129"/><W50/><G122/><T69/><D117/><U67/><E126/><V90/><F108/><W2/><G125/><T115/><D127/><U84/><E84/><V130/><F130/><W34/><G72/><T64/><D73/><U116/><E98/><V110/><F110/><W118/><G118/><T88/><D78/><U105/><E105/><V80/><REACH who="2" step="1"/><F51/><REACH who="2" ten="370,363,120,137" step="2"/><W52/><G129/><T16/><D115/><U83/><E116/><V124/><F124/><W59/><G34/><T63/><D135/><U61/><E111/><V68/><F68/><W17/><G32/><T13/><D46/><U38/><E47/><V103/><F103/><W93/><G17/><T58/><D28/><U128/><E109/><V49/><F49/><W12/><G12/><T106/><D69/><U41/><E128/><V71/><F71/><W65/><G2/><T77/><D77/><U57/><E0/><V40/><F40/><W22/><G1/><T123/><D123/><U23/><E41/><V29/><F29/><W121/><G121/><T44/><D44/><U4/><E38/><V25/><AGARI ba="0,1" hai="3,7,9,25,31,35,74,76,80,89,90,91,94,99" machi="25" ten="30,2000,0" yaku="1,1,0,1,53,0" doraHai="19" doraHaiUra="133" who="2" fromWho="2" sc="370,-5,363,-5,120,30,137,-10" />
</Scene>
<Scene>
<INIT seed="4,0,0,3,3,115" ten="365,358,150,127" oya="0" hai0="105,87,100,135,45,15,17,99,67,55,86,57,119" hai1="129,81,2,7,131,127,63,107,133,125,10,19,0" hai2="97,46,93,44,4,41,98,37,94,49,13,12,124" hai3="26,40,39,34,134,85,29,90,8,126,84,27,1"/><T112/><D112/><U58/><E107/><V3/><F124/><N who="1" m="47689" /><E81/><V88/><F3/><N who="1" m="1065" /><E58/><V122/><F4/><W118/><G126/><T36/><D119/><U74/><E63/><V78/><F78/><W73/><G73/><T28/><D28/><U92/><E92/><V110/><F122/><W51/><G118/><T108/><D108/><U101/><E101/><V121/><F121/><W116/><G116/><T31/><D31/><U21/><E74/><V114/><F114/><W75/><G75/><T68/><D135/><U54/><E54/><V104/><F104/><W80/><G134/><T16/><D68/><U50/><E50/><V23/><F23/><W102/><G102/><T30/><D67/><U32/><E32/><V130/><F130/><N who="1" m="49673" /><E133/><V52/><REACH who="2" step="1"/><F110/><REACH who="2" ten="365,358,140,127" step="2"/><W48/><G34/><T132/><D132/><U65/><E21/><V38/><F38/><W70/><G39/><T47/><D36/><U123/><E123/><V109/><F109/><W66/><G1/><T113/><D113/><U82/><E7/><V117/><F117/><W6/><G6/><T42/><D105/><U96/><E10/><V35/><F35/><W9/><G8/><T25/><D47/><U71/><E19/><V24/><F24/><W106/><G9/><T103/><D25/><U33/><E33/><V43/><F43/><W91/><G106/><T22/><D17/><U111/><E111/><V72/><F72/><W95/><G40/><T56/><D42/><U77/><E77/><V18/><F18/><W120/><G120/><T69/><D16/><U14/><E14/><V11/><F11/><RYUUKYOKU ba="0,1" sc="365,-10,358,-10,140,30,127,-10" hai2="12,13,37,41,44,46,49,52,88,93,94,97,98" />
</Scene>
<Scene>
<INIT seed="5,1,1,5,2,46" ten="355,348,170,117" oya="1" hai0="129,4,113,68,60,101,112,86,13,132,30,127,120" hai1="54,102,99,71,82,44,70,77,18,22,84,35,62" hai2="64,122,39,47,12,21,42,98,58,56,31,29,26" hai3="28,130,116,110,105,133,16,100,87,104,89,88,73"/><U83/><E35/><V33/><F122/><W67/><G110/><T57/><D120/><U108/><E108/><V51/><F64/><W63/><G73/><T40/><D127/><U37/><E83/><V74/><F74/><W25/><G130/><T79/><D129/><U72/><E72/><V78/><F78/><W6/><G133/><T8/><D132/><U65/><E70/><V50/><F98/><W131/><G131/><T11/><D101/><U91/><E77/><V38/><F29/><W0/><G116/><T20/><D40/><U49/><E37/><V17/><REACH who="2" step="1"/><F39/><REACH who="2" ten="355,348,160,117" step="2"/><W69/><G100/><T115/><D30/><U117/><E117/><V59/><AGARI ba="1,2" hai="12,17,21,26,31,33,38,42,47,50,51,56,58,59" machi="59" ten="30,8000,1" yaku="1,1,2,1,0,1,52,2,53,0" doraHai="46" doraHaiUra="106" who="2" fromWho="2" sc="355,-21,348,-41,160,103,117,-21" />
</Scene>
<Scene>
<INIT seed="6,0,0,4,1,104" ten="334,307,263,96" oya="2" hai0="36,76,110,0,113,119,1,107,89,25,8,48,41" hai1="101,30,55,24,2,69,131,88,16,68,102,82,21" hai2="47,5,45,74,28,85,22,133,31,128,14,125,40" hai3="26,32,127,51,54,18,116,77,120,73,78,15,126"/><V83/><F133/><W132/><G132/><T6/><D110/><U114/><E2/><V90/><F128/><W58/><G116/><T103/><D36/><U57/><E131/><V112/><F112/><W84/><G120/><T86/><D76/><U130/><E130/><V80/><F125/><W108/><G108/><T96/><D113/><U129/><E129/><V75/><F83/><W72/><G26/><T42/><D119/><U4/><E4/><V33/><F33/><W9/><G32/><T99/><D99/><U67/><E114/><V94/><F94/><W123/><G123/><T63/><D63/><N who="1" m="38383" /><E68/><V11/><F47/><W29/><G29/><T64/><D64/><U13/><E69/><V81/><F81/><N who="3" m="47151" /><G78/><T61/><D61/><U52/><E24/><V17/><F28/><W93/><G93/><T20/><D48/><U98/><E30/><V53/><F53/><N who="1" m="20553" /><E98/><V10/><F31/><W37/><G37/><T46/><D46/><U87/><AGARI ba="0,0" hai="13,16,21,82,87,88,101,102" m="20553,38383" machi="87" ten="30,7900,0" yaku="8,1,54,3" doraHai="104" who="1" fromWho="1" sc="334,-20,307,79,263,-39,96,-20" />
</Scene>
<Scene>
<INIT seed="7,0,0,3,1,29" ten="314,386,224,76" oya="3" hai0="124,40,75,54,106,77,120,32,24,121,81,47,83" hai1="9,50,104,55,82,13,25,64,67,85,15,116,134" hai2="46,34,61,65,72,52,87,113,30,107,101,5,88" hai3="99,119,125,58,97,66,92,31,123,37,45,2,108"/><W62/><G119/><T8/><D106/><U38/><E38/><V22/><F72/><W79/><G123/><T68/><D68/><U132/><E104/><V48/><F5/><W70/><G125/><T86/><D124/><U110/><E110/><V12/><F113/><W33/><G108/><T94/><D94/><U23/><E116/><V59/><F12/><N who="1" m="4681" /><E9/><V117/><F117/><W0/><G79/><T17/><D54/><U98/><E98/><V115/><F115/><W39/><G97/><T126/><D17/><N who="1" m="12527" /><E134/><V95/><F22/><W91/><G70/><T28/><D8/><U109/><E132/><V36/><F36/><W57/><G37/><T43/><D126/><U6/><E6/><V10/><F10/><W42/><REACH who="3" step="1"/><G58/><REACH who="3" ten="314,386,224,66" step="2"/><T21/><D120/><U90/><E109/><V4/><F59/><AGARI ba="0,1" hai="50,55,59,64,67,82,85,90" m="12527,4681" machi="59" ten="30,1000,0" yaku="8,1" doraHai="29" who="1" fromWho="2" sc="314,0,386,20,224,-10,66,0" owari="314,11.0,406,51.0,214,-19.0,66,-43.0" />
</Scene>
</mjloggm>