<mjloggm ver="2.3"><GO type="169" lobby="0"/><UN n0="%E6%98%9F%E9%99%8D%E3%82%8B%E8%A1%97" n1="%E3%83%94%E3%82%AB%E5%90%BE%E9%83%8E" n2="%E5%A4%AA%E3%81%8F%E3%81%AA%E3%81%84%E3%81%8A" n3="%6B%6F%6A%69%6D%6F%6E%39" dan="18,16,18,16" rate="2150.55,2117.44,2258.31,2101.44" sx="F,M,M,M"/><TAIKYOKU oya="0"/>

<Scene>
<INIT seed="0,0,0,1,4,17" ten="250,250,250,250" oya="0" hai0="27,76,106,1,111,100,18,123,63,92,131,34,108" hai1="50,133,53,29,84,89,101,122,33,56,124,28,46" hai2="74,55,105,78,85,102,32,132,80,127,73,93,38" hai3="14,86,49,48,130,94,35,65,68,26,134,112,44"/><T99/><D123/><U119/><E119/><V61/><F38/><W25/><G112/><T91/><D131/><U107/><E122/><V66/><F32/><W10/><G130/><T31/><D1/><U23/><E33/><V125/><F55/><W58/><G68/><T117/><D117/><U70/><E70/><V71/><F132/><W22/><G35/><T113/><D113/><U59/><E124/><N who="2" m="47691" /><F105/><W121/><G134/><T114/><D114/><U39/><E101/><V104/><F104/><W62/><G49/><T77/><D18/><U95/><E107/><V5/><F5/><W9/><G26/><T8/><D8/><U116/><E116/><V21/><F21/><W43/><G14/><T45/><D45/><U115/><E115/><V15/><F15/><W109/><G109/><N who="0" m="42059" /><D63/><U75/><E133/><V69/><F69/><W11/><G121/><T42/><D42/><U90/><E39/><V81/><F81/><W118/><G118/><T67/><D67/><U2/><E2/><V30/><F30/><N who="3" m="17719" /><G11/><T120/><D120/><U13/><E29/><V88/><F102/><W6/><G6/><T40/><D40/><U7/><E7/><V97/><AGARI ba="0,0" hai="61,66,71,73,74,78,80,85,88,93,97" m="47691" machi="97" ten="30,2000,0" yaku="18,1,54,1" doraHai="17" who="2" fromWho="2" sc="250,-10,250,-5,250,20,250,-5" />
</Scene>
<Scene>
<INIT seed="1,0,0,3,0,75" ten="240,245,270,245" oya="1" hai0="59,134,111,21,5,19,56,116,119,95,42,132,104" hai1="22,128,72,68,80,45,74,10,11,55,122,85,70" hai2="2,89,82,4,91,33,73,26,126,129,106,51,117" hai3="125,9,13,123,41,53,101,12,130,29,83,113,18"/><U109/><E122/><V79/><F117/><W46/><G123/><T67/><D104/><U127/><E74/><V107/><F129/><W54/><G113/><T71/><D5/><U120/><E72/><V32/><F126/><W97/><G130/><T3/><D3/><U65/><E128/><V121/><F121/><W115/><G29/><T36/><D95/><U63/><E70/><V8/><F51/><W88/><G13/><T60/><D21/><U66/><E120/><V38/><F38/><W23/><G9/><T81/><D19/><U1/><E127/><V31/><REACH who="2" step="1"/><F33/><REACH who="2" ten="240,245,260,245" step="2"/><W14/><G125/><T40/><D119/><U34/><E34/><V0/><F0/><W37/><G115/><T131/><D116/><U90/><E1/><V64/><F64/><W62/><G62/><T84/><D131/><U92/><E65/><V47/><F47/><W87/><REACH who="3" step="1"/><G12/><REACH who="3" ten="240,245,260,235" step="2"/><T48/><D60/><U30/><E63/><V96/><F96/><W39/><G39/><T93/><D36/><U114/><E114/><V44/><F44/><W110/><G110/><T27/><D111/><U61/><E109/><V57/><F57/><W124/><G124/><T28/><D56/><N who="1" m="34975" /><E68/><V118/><F118/><W112/><G112/><T76/><D71/><U24/><E66/><V77/><F77/><W69/><G69/><T98/><D67/><U133/><E45/><V102/><F102/><W103/><G103/><N who="0" m="60879" /><D59/><U25/><E24/><V58/><F58/><W20/><G20/><N who="0" m="15463" /><D48/><U135/><E11/><V6/><F6/><W52/><G52/><T7/><D7/><U86/><E10/><RYUUKYOKU ba="0,2" sc="240,0,245,0,260,0,235,0" hai0="40,42,76,81,84,132,134" hai1="22,25,30,80,85,86,90,92,133,135" hai2="2,4,8,26,31,32,73,79,82,89,91,106,107" hai3="14,18,23,37,41,46,53,54,83,87,88,97,101" />
</Scene>
<Scene>
<INIT seed="1,1,2,2,1,92" ten="240,245,260,235" oya="1" hai0="24,114,86,30,26,111,37,20,46,88,126,2,60" hai1="104,53,116,11,52,47,68,63,28,6,45,22,89" hai2="21,90,110,65,109,95,80,57,1,101,48,19,56" hai3="18,34,94,76,134,43,59,128,23,107,67,15,100"/><U36/><E116/><V44/><F1/><W35/><G107/><T91/><D2/><U31/><E104/><V38/><F38/><W77/><G134/><T32/><D114/><U129/><E68/><V112/><F112/><W106/><G106/><T84/><D126/><U61/><E36/><V69/><F69/><W33/><G43/><T121/><D121/><U55/><E129/><V122/><F80/><W66/><G128/><T83/><D111/><N who="2" m="42506" /><F101/><W78/><REACH who="3" step="1"/><G59/><REACH who="3" ten="240,245,260,225" step="2"/><T98/><D46/><U96/><E47/><V5/><F122/><W72/><G72/><T103/><D37/><U25/><E45/><V123/><F123/><W125/><G125/><T119/><D119/><U51/><E51/><V79/><F56/><W105/><G105/><T135/><D135/><U74/><E74/><V130/><F130/><W58/><G58/><T118/><D118/><U16/><E63/><V41/><F48/><W97/><AGARI ba="1,3" hai="15,18,23,33,34,35,66,67,76,77,78,94,97,100" machi="97" ten="40,12000,2" yaku="1,1,0,1,52,1,53,3" doraHai="92" doraHaiUra="73" who="3" fromWho="3" sc="240,-31,245,-61,260,-31,225,153" />
</Scene>
<Scene>
<INIT seed="2,0,0,5,1,128" ten="209,184,229,378" oya="2" hai0="4,33,50,18,132,127,7,37,130,60,89,108,102" hai1="120,30,59,118,44,68,70,29,64,31,28,78,96" hai2="39,36,124,24,121,54,2,97,3,5,69,66,98" hai3="114,99,55,6,100,135,8,86,129,40,134,9,104"/><V122/><F54/><W45/><G55/><T95/><D37/><U71/><E118/><V56/><F56/><W91/><G114/><T105/><D33/><U38/><E120/><V53/><F53/><W23/><G23/><T10/><D108/><U101/><E78/><V42/><F24/><W76/><G76/><T43/><D127/><U84/><E84/><V113/><F113/><W119/><G119/><T46/><D130/><U0/><E0/><V81/><F81/><W11/><G6/><T85/><D60/><U117/><E117/><V41/><F66/><W34/><G34/><T57/><D57/><U125/><E59/><V111/><F5/><W110/><G110/><T123/><D123/><U92/><N who="1" m="7680" /><DORA hai="103" /><U90/><E125/><V94/><F124/><W62/><G62/><T67/><D67/><U87/><E64/><V20/><F20/><W79/><G79/><T51/><D51/><U16/><E16/><V63/><F63/><W77/><G77/><T14/><REACH who="0" step="1"/><D132/><REACH who="0" ten="199,184,229,378" step="2"/><U27/><E38/><V58/><F58/><W133/><G129/><T1/><D1/><U109/><E109/><V13/><F111/><W88/><G86/><T80/><D80/><U26/><REACH who="1" step="1"/><E44/><REACH who="1" ten="199,174,229,378" step="2"/><V12/><F69/><W93/><G93/><AGARI ba="0,2" hai="26,27,68,70,71,87,90,92,93,96,101" m="7680" machi="93" ten="60,3900,0" yaku="1,1,2,1,53,0" doraHai="128,103" doraHaiUra="107,74" who="1" fromWho="3" sc="199,0,174,59,229,0,378,-39" /><AGARI ba="0,0" hai="2,3,12,13,36,39,41,42,93,94,97,98,121,122" machi="93" ten="25,2400,0" yaku="22,2" doraHai="128,103" who="2" fromWho="3" sc="199,0,233,0,229,24,339,-24" />
</Scene>
<Scene>
<INIT seed="2,1,0,5,0,60" ten="199,233,253,315" oya="2" hai0="56,71,103,31,5,75,80,79,110,118,121,34,18" hai1="115,96,6,42,101,57,4,97,73,93,40,23,11" hai2="20,119,63,37,67,39,12,109,44,83,2,58,41" hai3="10,45,108,130,81,105,116,135,90,98,66,27,55"/><V77/><F119/><W64/><G116/><T7/><D121/><U51/><E73/><V72/><F109/><W82/><G108/><T54/><D118/><U92/><E115/><V84/><F2/><W21/><G135/><T106/><D110/><U15/><E23/><V13/><F39/><W88/><G105/><T127/><D127/><U33/><E6/><V1/><F1/><W70/><G70/><T62/><D18/><U48/><E33/><V122/><F122/><W30/><G10/><T46/><D46/><U16/><E4/><V35/><F35/><W52/><G130/><T128/><D128/><U61/><E40/><V50/><F72/><W104/><G104/><T69/><D69/><U24/><E24/><V19/><REACH who="2" step="1"/><F37/><REACH who="2" ten="199,233,243,315" step="2"/><W47/><G82/><T102/><D34/><U94/><E93/><V117/><F117/><W133/><G81/><T49/><D106/><U25/><E94/><V0/><F0/><W100/><G133/><T43/><D80/><U3/><E3/><V22/><F22/><W129/><G129/><T68/><D75/><U112/><E112/><V89/><F89/><W123/><G123/><T74/><D74/><U9/><E9/><V95/><F95/><N who="3" m="56679" /><G90/><T132/><D132/><U85/><E97/><V111/><F111/><W113/><G113/><T78/><D79/><U99/><E96/><V87/><F87/><W126/><G100/><T36/><D78/><U86/><E86/><V17/><F17/><W125/><G126/><T26/><D103/><U53/><E85/><V131/><F131/><W8/><G125/><T65/><D102/><RYUUKYOKU ba="1,1" sc="199,-10,233,-10,243,30,315,-10" hai2="12,13,19,20,41,44,50,58,63,67,77,83,84" />
</Scene>
<Scene>
<INIT seed="2,2,1,3,1,109" ten="189,223,273,305" oya="2" hai0="19,113,58,12,93,61,39,102,41,72,2,131,55" hai1="0,103,70,40,43,7,118,116,86,124,77,52,57" hai2="42,67,105,63,59,129,106,81,95,87,4,92,128" hai3="111,28,114,69,98,45,56,79,36,51,53,120,38"/><V112/><F42/><W15/><G79/><T6/><D72/><U90/><E70/><V65/><F4/><W34/><G120/><T119/><D131/><N who="2" m="50250" /><F65/><W127/><G34/><T60/><D119/><U115/><E7/><V71/><F71/><W99/><G28/><T84/><D6/><U24/><E0/><V64/><F64/><W83/><G83/><T121/><D2/><U132/><E116/><V100/><F112/><W20/><G99/><T126/><D121/><U47/><E115/><V30/><F30/><W26/><G98/><T29/><D29/><U46/><E43/><V74/><F74/><W44/><G15/><T62/><D113/><U5/><E5/><V133/><F133/><W3/><G3/><T68/><D68/><U117/><E132/><V48/><F48/><N who="3" m="30759" /><G114/><T49/><D41/><U125/><E40/><V130/><F130/><W9/><G69/><T27/><D39/><N who="3" m="14889" /><G111/><T82/><D49/><U50/><E118/><V13/><F13/><W25/><G25/><T88/><D27/><U17/><E24/><V35/><F35/><W23/><G26/><T101/><D126/><U73/><E117/><V21/><F21/><W107/><G23/><N who="0" m="11751" /><D101/><U75/><E103/><V16/><F16/><W97/><G20/><T54/><D54/><U66/><E66/><V108/><F108/><W10/><G127/><N who="1" m="48714" /><E17/><V37/><F37/><W123/><G123/><T80/><D102/><U135/><E135/><V22/><F22/><W91/><G10/><T104/><D104/><N who="2" m="40042" /><F100/><N who="3" m="62863" /><G9/><T122/><D122/><U11/><E11/><V85/><F81/><W78/><G51/><RYUUKYOKU ba="2,1" sc="189,15,223,-15,273,15,305,-15" hai0="55,58,60,61,62,80,82,84,88,93" hai2="59,63,67,85,87,92,95" />
</Scene>
<Scene>
<INIT seed="2,3,1,4,2,56" ten="204,208,288,290" oya="2" hai0="11,51,29,129,5,52,40,112,114,59,81,16,87" hai1="34,32,98,100,107,55,74,23,99,38,9,130,48" hai2="94,75,41,53,72,117,108,35,39,132,62,131,84" hai3="135,123,57,63,89,110,44,92,80,2,103,111,88"/><V122/><F117/><W21/><G2/><T68/><D68/><U118/><E38/><V128/><F122/><W0/><G0/><T12/><D129/><N who="2" m="49738" /><F35/><W119/><G123/><T66/><D66/><U133/><E74/><V97/><F132/><W19/><G119/><T82/><D29/><U26/><E118/><V102/><F108/><N who="3" m="41515" /><G80/><T50/><D82/><U37/><E37/><V14/><F84/><W46/><G103/><T13/><D40/><U22/><E22/><V4/><F41/><W105/><G105/><T25/><D25/><U134/><E99/><V104/><F39/><W85/><G89/><T1/><D1/><U121/><E9/><N who="2" m="4391" /><F104/><W71/><G71/><T65/><D65/><U96/><E96/><V90/><F90/><W109/><G135/><N who="1" m="51722" /><E121/><V70/><F53/><N who="3" m="34223" /><G109/><T18/><D5/><U83/><E83/><V125/><F125/><W33/><G33/><T58/><D114/><U106/><E107/><V20/><F20/><W64/><G64/><AGARI ba="3,1" hai="62,64,70,72,75,94,97,102" m="4391,49738" machi="64" ten="30,2900,0" yaku="19,1,52,1" doraHai="56" who="2" fromWho="3" sc="204,0,208,0,288,48,290,-38" />
</Scene>
<Scene>
<INIT seed="2,4,0,3,2,6" ten="204,208,336,252" oya="2" hai0="48,104,129,107,13,36,100,97,69,113,66,54,108" hai1="105,130,73,52,125,109,101,102,34,86,118,95,32" hai2="115,30,47,110,58,5,123,18,132,11,103,128,88" hai3="9,8,81,98,133,42,126,16,82,99,33,2,51"/><V10/><F115/><W65/><G2/><T39/><D113/><U0/><E73/><V75/><F123/><W78/><G33/><T77/><D108/><U70/><E70/><V40/><F75/><W14/><G65/><T72/><D129/><U62/><E118/><V96/><F128/><W17/><G126/><T57/><D107/><U7/><E130/><V15/><F132/><W12/><G133/><T92/><D104/><U28/><E109/><V93/><F110/><W114/><G114/><T1/><D1/><U127/><E86/><V116/><F116/><W26/><G26/><T94/><D94/><U55/><E95/><V24/><F58/><W19/><G19/><T29/><D29/><U117/><E117/><V79/><F79/><W67/><G67/><T124/><D124/><N who="1" m="47691" /><E28/><V4/><F103/><N who="1" m="39433" /><E105/><V45/><F40/><W23/><G23/><T134/><D134/><U122/><E122/><V106/><F106/><W31/><G31/><T44/><D69/><U59/><E55/><V43/><F43/><W56/><G78/><T38/><D77/><U119/><E119/><V41/><F41/><W112/><G112/><T111/><D72/><U37/><E37/><V90/><F90/><W91/><G91/><T120/><D111/><U68/><E68/><V60/><F60/><W3/><G3/><T20/><D120/><U50/><E62/><V121/><F121/><W80/><G42/><N who="0" m="22599" /><D66/><U76/><E76/><V64/><F64/><W61/><G61/><T89/><D100/><U85/><E85/><V71/><F71/><W25/><G25/><T84/><D84/><RYUUKYOKU ba="4,0" sc="204,10,208,10,336,-30,252,10" hai0="13,20,38,39,48,54,57,89,92,97" hai1="0,7,32,34,50,52,59" hai3="8,9,12,14,16,17,51,56,80,81,82,98,99" />
</Scene>
<Scene>
<INIT seed="3,5,0,3,4,37" ten="214,218,306,262" oya="3" hai0="52,108,30,128,28,72,129,23,84,2,110,98,133" hai1="123,56,18,55,89,51,109,102,125,70,58,38,122" hai2="40,13,132,104,113,118,8,46,47,77,97,16,81" hai3="91,25,19,7,6,94,53,121,116,73,135,63,86"/><W29/><G73/><T14/><D72/><U75/><E70/><V39/><F113/><W33/><G121/><T42/><D2/><U78/><E38/><V44/><F118/><W24/><G116/><T12/><D133/><U57/><E102/><V82/><F132/><W100/><G100/><T95/><D84/><U22/><E109/><N who="0" m="42089" /><D95/><U87/><E78/><V96/><F82/><W41/><G41/><T21/><D98/><U17/><E75/><V131/><F131/><N who="0" m="50250" /><D52/><N who="1" m="31775" /><E122/><V80/><F80/><W15/><G25/><N who="0" m="16431" /><D42/><U68/><E123/><V114/><F96/><W90/><G90/><T74/><D74/><U69/><E89/><V76/><F76/><W10/><G135/><T64/><D64/><U31/><E87/><V67/><F67/><W43/><G43/><T5/><D5/><U20/><E55/><V45/><F77/><W124/><G6/><T111/><N who="0" m="42097" /><T48/><DORA hai="60" /><D48/><U62/><E62/><V92/><F40/><W61/><G7/><T9/><D9/><U50/><E50/><V85/><F8/><W27/><G27/><AGARI ba="5,0" hai="12,14,23,27,30" m="16431,50250,42097" machi="27" ten="50,8000,1" yaku="14,1,19,1,34,2" doraHai="37,60" who="0" fromWho="3" sc="214,95,218,0,306,0,262,-95" />
</Scene>
<Scene>
<INIT seed="4,0,0,0,5,52" ten="309,218,306,167" oya="0" hai0="101,28,86,13,70,54,104,85,46,24,47,130,73" hai1="56,120,31,0,32,14,8,7,2,133,20,96,67" hai2="34,81,15,61,98,93,134,71,117,107,58,60,129" hai3="35,53,50,6,11,125,19,102,103,48,122,79,111"/><T10/><D73/><U124/><E120/><V29/><F129/><W3/><G122/><T27/><D130/><U77/><E77/><V95/><F134/><W110/><G35/><T113/><D113/><U78/><E78/><V1/><F1/><W18/><G79/><T75/><D75/><U119/><E119/><V115/><F81/><W17/><G125/><T26/><D28/><U89/><E32/><V55/><F115/><W12/><G12/><T132/><D132/><U21/><E133/><V99/><F117/><W59/><REACH who="3" step="1"/><G50/><REACH who="3" ten="309,218,306,157" step="2"/><T72/><D13/><N who="1" m="5279" /><E124/><V4/><F15/><W36/><G36/><T62/><D72/><U90/><E2/><V64/><F4/><W57/><G57/><N who="0" m="35127" /><D70/><U49/><E0/><V5/><F5/><W131/><G131/><T74/><D74/><U92/><E14/><V45/><F45/><W109/><AGARI ba="0,1" hai="3,6,11,17,18,19,48,53,59,102,103,109,110,111" machi="109" ten="40,5200,0" yaku="1,1,0,1,52,1,53,0" doraHai="52" doraHaiUra="87" who="3" fromWho="3" sc="309,-26,218,-13,306,-13,157,62" />
</Scene>
<Scene>
<INIT seed="5,0,0,2,2,22" ten="283,205,293,219" oya="1" hai0="92,32,131,43,46,36,9,94,2,65,130,80,13" hai1="51,106,72,70,31,34,47,60,8,55,107,124,35" hai2="29,69,118,37,83,68,0,93,97,12,19,75,90" hai3="95,11,14,66,18,53,58,33,71,132,45,126,10"/><U85/><E72/><V117/><F0/><W48/><G132/><T39/><D2/><U1/><E124/><V105/><F37/><W40/><G33/><T134/><D134/><U133/><E133/><V7/><F7/><W50/><G126/><T76/><D36/><U49/><E70/><V89/><F29/><W120/><G120/><T28/><D65/><U56/><E51/><V109/><F109/><W17/><G66/><T127/><D127/><U79/><E8/><V24/><F24/><W82/><G71/><T116/><D116/><U30/><E1/><V57/><F68/><W96/><G82/><T113/><D113/><U103/><E35/><V100/><F69/><W74/><G74/><N who="0" m="43031" /><D28/><U59/><E59/><V88/><F57/><W21/><REACH who="3" step="1"/><G18/><REACH who="3" ten="283,205,293,209" step="2"/><N who="0" m="8495" /><D32/><U64/><E34/><V123/><F123/><W77/><G77/><T81/><D81/><U73/><E73/><V125/><F125/><W15/><G15/><T52/><D131/><U111/><E111/><V41/><F12/><W121/><G121/><T44/><D130/><U114/><E114/><V122/><F122/><W115/><G115/><T5/><D5/><U101/><E31/><V119/><F19/><W62/><G62/><T38/><D38/><U54/><E30/><V78/><F41/><W63/><G63/><T112/><D112/><U87/><E79/><V4/><F4/><W108/><G108/><T67/><D67/><U129/><E129/><V61/><F61/><W16/><G16/><T99/><D39/><U84/><E64/><V102/><F118/><W86/><G86/><T20/><D43/><RYUUKYOKU ba="0,1" sc="283,-30,205,10,293,10,209,10" hai1="47,49,54,55,56,60,84,85,87,101,103,106,107" hai2="75,78,83,88,89,90,93,97,100,102,105,117,119" hai3="10,11,14,17,21,40,45,48,50,53,58,95,96" />
</Scene>
<Scene>
<INIT seed="5,1,1,3,0,33" ten="253,215,303,219" oya="1" hai0="131,13,5,23,29,44,28,60,65,84,56,106,124" hai1="132,114,121,20,22,126,129,36,50,70,51,103,94" hai2="64,58,19,0,95,67,63,46,12,11,130,123,42" hai3="81,27,69,97,127,24,30,91,38,52,62,17,39"/><U53/><E36/><V72/><F123/><W122/><G122/><T98/><D131/><U49/><E70/><V15/><F72/><W8/><G127/><T109/><D109/><U128/><E121/><V102/><F130/><N who="1" m="50281" /><E114/><V4/><F64/><W55/><G39/><T86/><D124/><U111/><E126/><V7/><F7/><W90/><G38/><T117/><D117/><U66/><E66/><V1/><F95/><N who="3" m="56567" /><G62/><T79/><D106/><U89/><E103/><V21/><REACH who="2" step="1"/><F102/><REACH who="2" ten="253,215,293,219" step="2"/><W104/><G104/><T133/><D65/><U40/><E111/><V32/><F32/><W83/><G81/><T57/><D5/><U37/><E53/><V9/><F9/><W100/><G8/><T113/><D113/><U78/><E132/><V10/><F10/><W16/><G55/><T77/><D133/><U96/><E78/><V68/><F68/><W134/><G52/><T35/><D35/><U26/><E22/><V43/><F43/><W80/><G69/><T110/><D23/><U119/><E119/><V75/><F75/><W93/><G134/><T25/><D110/><U2/><E40/><V59/><F59/><W3/><G83/><T73/><D73/><U6/><E6/><V41/><F41/><W45/><G80/><T71/><D71/><U54/><E54/><V112/><F112/><W85/><G100/><T18/><D77/><U101/><E101/><V14/><F14/><W107/><G107/><T82/><D79/><U31/><E2/><V74/><F74/><W116/><G3/><T99/><D56/><U125/><E125/><V108/><F108/><RYUUKYOKU ba="1,2" sc="253,-15,215,15,293,15,219,-15" hai1="20,26,31,37,49,50,51,89,94,96" hai2="0,1,4,11,12,15,19,21,42,46,58,63,67" />
</Scene>
<Scene>
<INIT seed="5,2,2,1,5,130" ten="238,230,308,204" oya="1" hai0="108,42,81,114,133,87,47,96,64,19,12,95,40" hai1="26,92,10,107,4,51,62,41,24,18,131,102,129" hai2="76,54,32,52,101,20,5,123,39,77,71,30,38" hai3="58,86,56,44,36,59,100,65,48,134,125,55,63"/><U53/><E107/><V50/><F71/><N who="3" m="42431" /><G100/><T106/><D106/><U8/><E62/><V113/><F32/><W103/><G103/><T122/><D108/><U23/><E41/><V6/><F101/><W80/><G80/><T128/><D128/><N who="1" m="49227" /><E26/><V116/><F116/><W69/><G86/><T21/><D122/><U135/><E92/><V75/><F123/><W89/><G89/><T66/><D114/><U91/><E91/><V82/><F113/><W49/><G125/><T29/><D29/><U118/><E102/><V22/><F82/><W13/><G13/><T120/><D120/><U70/><E70/><V111/><F30/><W37/><G134/><T46/><D133/><U61/><E135/><V83/><F83/><W73/><G73/><T126/><D126/><U78/><E78/><V84/><F75/><W67/><G49/><T57/><D95/><U72/><E72/><V9/><F50/><W3/><G3/><T98/><D96/><U93/><E51/><V94/><F94/><W124/><G124/><T14/><D98/><U112/><E93/><V1/><F1/><W109/><G109/><T117/><D12/><N who="1" m="5127" /><E112/><V25/><F111/><W88/><G88/><T99/><D99/><U45/><E10/><V16/><F9/><W74/><G74/><T79/><D79/><U60/><E118/><V119/><F119/><W121/><G121/><T7/><D117/><U17/><E17/><V35/><F16/><W2/><G2/><T15/><D19/><U132/><E132/><V110/><F25/><W31/><G31/><T105/><D81/><U127/><E127/><RYUUKYOKU ba="2,2" sc="238,-15,230,15,308,-15,204,15" hai1="18,23,24,45,53,60,61" hai3="36,37,44,48,55,56,58,59,67,69" />
</Scene>
<Scene>
<INIT seed="5,3,2,4,2,59" ten="223,245,293,219" oya="1" hai0="60,99,106,89,76,24,0,41,13,25,68,50,9" hai1="47,39,55,8,132,126,52,91,27,58,35,20,40" hai2="67,18,16,113,31,81,116,23,95,130,44,66,98" hai3="7,28,29,114,4,83,71,34,53,17,115,36,124"/><U119/><E35/><V128/><F116/><W72/><G71/><T78/><D0/><U93/><E119/><V63/><F113/><N who="3" m="43019" /><G36/><T1/><D1/><U75/><E75/><V103/><F44/><W57/><G124/><T37/><D37/><U5/><E126/><V111/><F111/><W84/><G72/><T2/><D2/><U19/><E132/><V133/><F133/><W135/><G17/><N who="2" m="6761" /><F81/><W51/><G135/><T108/><D108/><U69/><E69/><V102/><F102/><W45/><G45/><N who="0" m="25903" /><D106/><U97/><REACH who="1" step="1"/><E58/><REACH who="1" ten="223,235,293,219" step="2"/><N who="2" m="37239" /><F67/><W42/><G34/><T104/><D68/><U15/><AGARI ba="3,3" hai="5,8,15,19,20,27,39,40,47,52,55,91,93,97" machi="15" ten="20,7800,0" yaku="1,1,0,1,7,1,54,1,53,0" doraHai="59" doraHaiUra="112" who="1" fromWho="1" sc="223,-29,235,117,293,-29,219,-29" />
</Scene>
<Scene>
<INIT seed="5,4,0,4,0,82" ten="194,352,264,190" oya="1" hai0="26,90,80,48,6,100,127,46,105,2,31,56,120" hai1="44,20,47,96,28,89,11,45,18,70,116,122,12" hai2="23,85,101,110,50,99,8,19,61,91,62,3,95" hai3="35,94,125,52,22,114,43,107,29,32,69,33,113"/><U92/><E70/><V103/><F110/><W86/><G107/><T7/><D127/><U42/><E116/><V74/><F74/><W9/><G69/><T135/><D135/><U53/><E122/><V10/><F50/><W134/><G43/><T77/><D120/><U128/><E128/><V71/><F103/><W129/><G129/><T1/><D90/><U73/><E73/><V81/><F3/><W60/><G134/><T126/><D126/><U75/><E75/><V41/><F41/><W5/><G125/><T67/><D100/><U104/><E104/><V123/><F123/><W84/><G22/><T76/><D105/><U30/><E42/><V55/><F71/><W17/><G17/><T131/><D76/><U63/><E11/><N who="2" m="4139" /><F55/><W24/><G94/><T16/><D131/><U108/><E108/><V133/><F133/><W121/><G121/><T72/><D2/><U97/><E96/><V119/><F119/><W68/><G68/><T78/><D78/><U0/><E0/><V51/><F51/><W124/><G124/><T65/><D1/><U37/><E37/><V38/><F38/><W13/><G60/><N who="0" m="38023" /><D67/><U109/><E109/><V118/><F118/><W27/><G29/><T115/><D31/><U21/><E20/><V49/><F49/><W4/><G4/><N who="0" m="1579" /><D48/><U88/><E89/><V93/><F93/><W83/><G33/><T40/><D40/><U111/><E111/><V98/><F98/><W106/><G35/><T66/><D66/><U64/><E64/><V39/><F39/><W102/><G32/><T34/><D34/><U59/><AGARI ba="4,0" hai="12,18,21,28,30,44,45,47,53,59,63,88,92,97" machi="59" ten="30,11700,0" yaku="5,1,0,1,8,1,54,1" doraHai="82" who="1" fromWho="1" sc="194,-43,352,129,264,-43,190,-43" />
</Scene>
<Scene>
<INIT seed="5,5,0,3,2,39" ten="151,481,221,147" oya="1" hai0="3,67,0,59,2,16,93,11,56,89,71,49,103" hai1="79,108,87,68,20,116,98,91,75,73,66,131,78" hai2="54,113,64,94,33,115,97,31,65,107,90,130,4" hai3="7,25,47,51,84,81,109,50,5,102,30,111,88"/><U92/><E68/><V36/><F36/><W19/><G102/><T32/><D32/><U41/><E66/><V126/><F126/><W28/><G19/><T72/><D72/><U10/><E116/><V119/><F119/><W74/><G74/><T35/><D35/><U96/><E75/><V57/><F130/><W1/><G51/><T123/><D103/><U13/><E20/><V134/><F107/><W95/><G30/><T43/><D71/><U55/><E131/><V21/><F33/><W22/><G95/><T135/><D123/><U124/><E124/><V53/><F134/><W12/><G1/><T101/><D101/><U44/><E55/><N who="2" m="21003" /><F4/><W132/><G132/><T63/><D135/><U100/><E73/><V61/><F64/><W77/><G77/><T62/><D62/><U86/><E108/><V112/><F21/><W26/><G26/><T37/><D37/><U104/><E79/><V27/><F27/><W70/><G70/><T52/><D43/><U76/><E76/><V83/><F83/><W125/><G125/><T121/><D121/><U24/><E24/><V82/><F82/><W118/><G118/><T42/><D42/><U122/><E78/><V69/><F31/><W60/><G60/><T45/><D59/><AGARI ba="5,0" hai="57,59,61,65,69,90,94,97,112,113,115" m="21003" machi="59" ten="40,2600,0" yaku="15,1,11,1" doraHai="39" who="2" fromWho="0" sc="151,-41,481,0,221,41,147,0" />
</Scene>
<Scene>
<INIT seed="6,0,0,0,1,109" ten="110,481,262,147" oya="2" hai0="17,52,32,4,1,111,130,68,106,50,59,132,89" hai1="82,45,123,7,80,79,38,75,67,97,56,18,8" hai2="54,110,86,44,103,0,35,13,126,87,88,105,64" hai3="29,33,51,122,14,72,24,6,95,30,115,70,124"/><V46/><F0/><W65/><G72/><T107/><D111/><U78/><E18/><V28/><F110/><W108/><G30/><T114/><D132/><U99/><E56/><V73/><F73/><W27/><G27/><T37/><D32/><U25/><E67/><V81/><F126/><W62/><G122/><T74/><D74/><U112/><E25/><V63/><F35/><W101/><G108/><T58/><D68/><U53/><E80/><V57/><F28/><W11/><G124/><T77/><D77/><U128/><E79/><N who="2" m="46399" /><F105/><W49/><G95/><T117/><D37/><U36/><E36/><V2/><F2/><W41/><G41/><T60/><D117/><U21/><E123/><V129/><F103/><W15/><G15/><T92/><D130/><U104/><E128/><V113/><F113/><W121/><G121/><T102/><D102/><U133/><E112/><V69/><F69/><W48/><REACH who="3" step="1"/><G101/><REACH who="3" ten="110,481,262,137" step="2"/><T5/><D107/><U98/><E104/><V91/><F13/><W134/><G134/><T26/><D106/><U127/><E133/><V40/><F129/><W34/><G34/><T20/><D1/><U23/><E127/><V125/><F125/><W94/><G94/><T19/><D19/><U3/><E38/><V22/><F40/><W131/><G131/><T93/><D93/><U118/><E118/><V61/><F87/><W120/><G120/><T39/><D39/><U12/><E3/><V76/><F76/><W119/><G119/><T10/><D114/><AGARI ba="0,1" hai="6,11,14,24,29,33,48,49,51,62,65,70,114,115" machi="114" ten="40,5200,0" yaku="1,1,52,2,53,0" doraHai="109" doraHaiUra="135" who="3" fromWho="0" sc="110,-52,481,0,262,0,137,62" />
</Scene>
<Scene>
<INIT seed="7,0,0,4,5,99" ten="58,481,262,199" oya="3" hai0="98,123,47,134,84,79,37,33,46,73,11,131,124" hai1="120,34,41,89,42,92,8,32,69,116,24,63,59" hai2="27,82,22,125,23,40,104,111,26,14,129,31,103" hai3="15,68,1,16,122,7,86,3,60,106,35,113,130"/><W127/><G122/><T94/><D46/><U117/><E69/><V48/><F111/><W51/><G35/><T71/><D47/><U25/><E8/><V83/><F129/><W38/><G38/><T119/><D11/><U52/><E42/><V39/><F39/><W57/><G130/><T72/><D84/><U64/><E64/><V62/><F125/><W87/><G106/><T53/><D53/><U55/><E55/><V66/><F14/><W96/><G68/><T115/><D94/><U85/><E41/><V135/><F135/><W0/><G7/><T126/><D98/><U75/><E75/><V20/><F104/><W70/><G127/><T12/><D12/><U36/><E36/><V28/><F23/><W110/><G113/><T100/><D100/><U5/><E5/><V91/><F103/><W93/><G110/><T101/><D101/><U90/><E90/><V81/><F40/><W128/><G51/><T56/><D79/><U43/><E43/><V17/><F48/><W107/><G70/><T45/><D56/><U13/><E13/><V74/><F74/><W29/><G107/><T30/><D45/><U114/><E114/><V65/><F17/><W133/><G29/><T118/><D30/><U88/><E63/><V2/><F62/><W61/><G61/><T76/><D76/><U54/><E59/><V132/><F28/><W78/><G78/><T121/><D37/><U108/><E89/><V19/><F31/><W67/><G128/><T112/><D131/><U102/><E120/><V44/><F19/><W77/><G77/><T10/><D71/><RYUUKYOKU ba="0,0" sc="58,0,481,0,262,0,199,0" owari="58,-44.0,481,58.0,262,6.0,199,-20.0" />
</Scene>
</mjloggm>