<mjloggm ver="2.3"><GO type="169" lobby="0"/><UN n0="%E5%A4%AA%E3%81%8F%E3%81%AA%E3%81%84%E3%81%8A" n1="%E3%83%92%E3%83%AB%E3%83%99%E3%83%AB%E3%83%88" n2="%67%6F%73%68%69%6B%6B%75" n3="%E3%81%BF%E3%81%A3%E3%81%A4%E3%81%83%EF%BD%9E" dan="18,18,17,16" rate="2321.22,2255.38,2171.68,2139.29" sx="M,M,F,F"/><TAIKYOKU oya="0"/>

<Scene>
<INIT seed="0,0,0,5,5,64" ten="250,250,250,250" oya="0" hai0="132,130,2,97,4,81,75,90,82,10,39,108,28" hai1="17,123,119,30,33,104,23,128,62,59,110,18,66" hai2="92,96,94,103,5,49,125,71,115,6,38,41,8" hai3="53,70,77,124,15,13,93,86,24,68,100,14,129"/><T35/><D39/><U117/><E123/><V85/><F38/><W44/><G129/><T12/><D130/><U3/><E3/><V20/><F125/><W135/><G124/><T113/><D113/><U26/><E128/><V56/><F71/><W31/><G135/><T47/><D132/><U21/><E104/><V55/><F115/><W63/><G77/><T1/><D47/><U120/><E120/><V57/><F41/><W84/><G84/><T80/><D75/><U61/><E110/><V95/><F20/><W89/><G100/><T133/><D133/><U111/><E111/><V16/><F57/><W106/><G106/><T105/><D108/><U114/><E114/><V50/><F50/><W99/><G86/><T72/><D72/><U67/><E33/><V76/><F95/><W51/><REACH who="3" step="1"/><G63/><REACH who="3" ten="250,250,250,240" step="2"/><T54/><D105/><U116/><REACH who="1" step="1"/><E21/><AGARI ba="0,1" hai="13,14,15,21,24,31,44,51,53,68,70,89,93,99" machi="21" ten="40,8000,1" yaku="1,1,2,1,52,2,53,0" doraHai="64" doraHaiUra="131" who="3" fromWho="1" sc="250,0,250,-80,250,0,240,90" />
</Scene>
<Scene>
<INIT seed="1,0,0,4,5,65" ten="250,170,250,330" oya="1" hai0="111,93,112,42,30,85,22,37,132,25,43,59,38" hai1="115,34,21,74,133,97,124,99,23,75,83,1,69" hai2="96,116,57,68,108,54,64,5,36,19,60,67,120" hai3="62,31,91,119,88,9,14,51,13,118,81,126,18"/><U26/><E115/><V2/><F116/><N who="3" m="44587" /><G126/><T114/><D111/><U86/><E1/><V94/><F120/><W104/><G104/><T89/><D132/><U11/><E124/><V71/><F36/><W106/><G106/><T90/><D59/><U41/><E41/><V35/><F35/><W72/><G31/><T78/><D78/><U87/><E11/><V16/><F108/><W113/><G113/><T50/><D50/><U29/><E133/><V20/><F5/><N who="3" m="3247" /><G51/><T70/><D38/><U134/><E134/><V40/><F40/><W80/><G62/><T129/><D42/><U58/><E58/><V107/><F107/><W92/><G72/><T46/><D129/><U12/><E34/><V6/><F6/><W55/><G55/><T49/><D37/><U128/><E128/><V135/><F2/><W4/><G4/><T109/><D109/><U0/><E0/><V32/><F32/><W33/><G33/><T103/><D112/><U10/><E23/><V73/><F73/><W105/><G105/><T63/><D114/><U45/><E45/><V56/><F135/><W7/><G7/><T44/><D44/><U24/><E24/><N who="2" m="14343" /><F19/><W8/><G91/><T101/><REACH who="0" step="1"/><D90/><REACH who="0" ten="240,170,250,330" step="2"/><N who="1" m="51551" /><E75/><V84/><F57/><W66/><G66/><AGARI ba="0,1" hai="22,25,30,43,46,49,63,66,70,85,89,93,101,103" machi="66" ten="40,2600,0" yaku="1,1,52,1,53,0" doraHai="65" doraHaiUra="131" who="0" fromWho="3" sc="240,36,170,0,250,0,330,-26" />
</Scene>
<Scene>
<INIT seed="2,0,0,4,4,115" ten="276,170,250,304" oya="2" hai0="48,75,69,79,19,4,16,78,82,15,96,68,117" hai1="58,5,87,3,32,72,93,81,20,116,14,84,24" hai2="129,121,102,47,104,132,71,40,85,109,25,90,44" hai3="135,49,94,59,97,36,80,122,54,77,45,100,91"/><V95/><F121/><W108/><G122/><T64/><D78/><U62/><E72/><V113/><F113/><W41/><G108/><T111/><D111/><U27/><E116/><V46/><F71/><W67/><G135/><T1/><D48/><U65/><E3/><V38/><F132/><W128/><G128/><T31/><D64/><U56/><E32/><V66/><F66/><W120/><G120/><T131/><D19/><U37/><E37/><V73/><F129/><W57/><G67/><T8/><D131/><U63/><E93/><V114/><F114/><W0/><G0/><T43/><D117/><U9/><E81/><V83/><F25/><W110/><G110/><T29/><D43/><U124/><E124/><V123/><F109/><W70/><G70/><T51/><D51/><U86/><E20/><V53/><F53/><AGARI ba="0,0" hai="5,9,14,24,27,53,56,58,62,63,65,84,86,87" machi="53" ten="40,1300,0" yaku="8,1" doraHai="115" who="1" fromWho="2" sc="276,0,170,13,250,-13,304,0" />
</Scene>
<Scene>
<INIT seed="3,0,0,4,4,116" ten="276,183,237,304" oya="3" hai0="101,54,86,46,65,118,53,31,3,132,47,134,82" hai1="51,9,99,110,24,83,97,12,38,127,57,133,135" hai2="19,100,76,39,85,129,60,92,32,106,14,10,80" hai3="21,94,131,45,77,107,4,36,103,126,122,66,75"/><W89/><G131/><T56/><D3/><U26/><E38/><V40/><F129/><W69/><G126/><T52/><D101/><U95/><E110/><V30/><F106/><W98/><G4/><T88/><D118/><U5/><E127/><V13/><F32/><W114/><G114/><T109/><D109/><U49/><E83/><V59/><F30/><W44/><G21/><T27/><D65/><U41/><E99/><V130/><F39/><W11/><G11/><T37/><D56/><U111/><E111/><V72/><F40/><W113/><G113/><T28/><D28/><U35/><E41/><V64/><F130/><W121/><G66/><T70/><D70/><U124/><E124/><V93/><F72/><W71/><G71/><T20/><REACH who="0" step="1"/><D37/><REACH who="0" ten="266,183,237,304" step="2"/><U42/><E57/><V8/><REACH who="2" step="1"/><F100/><REACH who="2" ten="266,183,227,304" step="2"/><N who="3" m="62871" /><G36/><T7/><D7/><AGARI ba="0,2" hai="7,8,10,13,14,19,59,60,64,76,80,85,92,93" machi="7" ten="30,7700,0" yaku="1,1,7,1,8,1,53,1" doraHai="116" doraHaiUra="1" who="2" fromWho="0" sc="266,-77,183,0,227,97,304,0" />
</Scene>
<Scene>
<INIT seed="4,0,0,0,0,104" ten="189,183,324,304" oya="0" hai0="102,49,88,51,26,30,95,108,10,83,77,66,35" hai1="34,120,64,97,85,116,36,96,68,41,131,45,69" hai2="27,4,50,25,32,61,121,103,20,22,13,112,87" hai3="1,115,5,3,54,9,63,90,0,79,12,53,135"/><T80/><D108/><U46/><E116/><V6/><F32/><W39/><G39/><T125/><D125/><U133/><E120/><V15/><F112/><W73/><G115/><T134/><D134/><U99/><E133/><V11/><F103/><W82/><G135/><T117/><D117/><U43/><E34/><V86/><F50/><W127/><G127/><T57/><D102/><U40/><E131/><V114/><F114/><W72/><G90/><T67/><D10/><U31/><E31/><V8/><REACH who="2" step="1"/><F121/><REACH who="2" ten="189,183,314,304" step="2"/><W126/><G126/><T128/><D128/><U124/><E124/><V28/><F28/><W105/><G105/><T106/><D106/><U119/><E119/><V100/><F100/><W110/><G110/><T123/><D123/><U19/><E36/><V37/><F37/><W29/><G29/><T24/><D51/><U129/><E129/><V65/><F65/><W101/><G101/><T14/><D67/><U130/><E64/><V81/><F81/><W56/><G56/><T55/><BYE who="3" /><D66/><U75/><E130/><V109/><F109/><W107/><G107/><T58/><D80/><U98/><E69/><V48/><F48/><W76/><G76/><T118/><D118/><U74/><E68/><V60/><AGARI ba="0,1" hai="4,6,8,11,13,15,20,22,25,27,60,61,86,87" machi="60" ten="25,8000,1" yaku="1,1,0,1,22,2,8,1,53,0" doraHai="104" doraHaiUra="89" who="2" fromWho="2" sc="189,-40,183,-20,314,90,304,-20" />
</Scene>
<Scene>
<INIT seed="5,0,0,2,2,69" ten="149,163,404,284" oya="1" hai0="122,78,105,117,60,109,97,61,74,120,6,63,11" hai1="22,42,44,94,92,13,119,86,5,77,50,133,107" hai2="62,116,85,40,7,46,124,115,25,29,26,58,90" hai3="104,123,129,37,18,49,111,83,112,28,79,121,10"/><U45/><E107/><V73/><F73/><W47/><G47/><T1/><D109/><U72/><E72/><V2/><F116/><W110/><G110/><T54/><D117/><U24/><E119/><UN n3="%E3%81%BF%E3%81%A3%E3%81%A4%E3%81%83%EF%BD%9E" /><V95/><F124/><W67/><G111/><T81/><REACH who="0" step="1"/><D54/><REACH who="0" ten="139,163,404,284" step="2"/><U88/><E133/><V31/><F115/><W98/><G112/><T19/><D19/><N who="1" m="12383" /><E77/><V14/><F31/><W126/><G18/><T134/><D134/><U108/><E108/><V52/><F29/><W135/><G79/><T89/><D89/><U65/><E65/><V0/><F52/><W113/><G67/><T114/><D114/><U27/><E45/><V39/><F90/><W15/><G28/><T41/><D41/><U4/><E27/><V16/><F40/><W30/><G113/><T70/><D70/><U106/><E106/><V3/><F26/><W68/><G30/><T84/><D84/><U33/><E33/><V82/><F85/><W48/><G68/><T100/><AGARI ba="0,1" hai="1,6,11,60,61,63,74,78,81,97,100,105,120,122" machi="100" ten="30,7900,0" yaku="1,1,0,1,53,2" doraHai="69" doraHaiUra="118" who="0" fromWho="0" sc="139,89,163,-39,404,-20,284,-20" />
</Scene>
<Scene>
<INIT seed="6,0,0,4,3,133" ten="228,124,384,264" oya="2" hai0="105,1,7,31,67,23,36,12,72,120,39,8,21" hai1="55,106,108,107,95,22,93,0,91,124,81,116,103" hai2="112,63,84,59,28,111,3,30,87,58,85,71,53" hai3="83,82,35,113,97,13,17,121,99,88,5,47,68"/><V79/><F3/><W33/><G121/><T50/><D120/><U57/><E0/><V15/><F71/><W38/><G68/><T128/><D105/><U45/><E108/><V78/><F112/><W46/><G5/><T40/><D72/><U122/><E45/><V130/><F130/><W90/><G113/><T134/><D67/><U19/><E122/><V26/><F111/><W34/><G13/><T74/><D74/><U61/><E81/><V73/><F73/><W66/><G33/><T104/><D104/><U62/><E116/><V54/><F15/><W75/><G75/><T49/><D134/><U100/><E124/><V24/><F87/><W117/><G17/><T25/><D128/><U16/><E57/><V56/><F56/><W101/><G101/><T77/><D77/><U20/><E91/><V115/><F115/><W119/><REACH who="3" step="1"/><G38/><REACH who="3" ten="228,124,384,254" step="2"/><T69/><D69/><U18/><E19/><V41/><F63/><W70/><G70/><T64/><D1/><U48/><E48/><V135/><F135/><W42/><G42/><AGARI ba="0,1" hai="24,26,28,30,41,42,53,54,58,59,78,79,84,85" machi="42" ten="25,4800,0" yaku="22,2,8,1" doraHai="133" who="2" fromWho="3" sc="228,0,124,0,384,58,254,-48" />
</Scene>
<Scene>
<INIT seed="6,1,0,3,2,111" ten="228,124,442,206" oya="2" hai0="103,16,15,43,125,114,94,86,11,123,22,50,79" hai1="117,97,54,9,44,35,108,30,8,130,96,17,95" hai2="101,31,129,83,6,19,118,45,119,56,132,128,65" hai3="41,21,4,88,121,63,18,90,7,28,113,52,115"/><V12/><F101/><W72/><G121/><T99/><D114/><N who="3" m="43529" /><G72/><T107/><D125/><U37/><E108/><V58/><F132/><W80/><G28/><T48/><D123/><U106/><E117/><V84/><F31/><W46/><G63/><T66/><D66/><U134/><E130/><V24/><F65/><W62/><G62/><T0/><D43/><U64/><E64/><V23/><F119/><W61/><G61/><T100/><D100/><U76/><E76/><V126/><F126/><W5/><G80/><N who="0" m="47391" /><D0/><U57/><E134/><V104/><F118/><W74/><G52/><T67/><D107/><U81/><E81/><V1/><F129/><W49/><G74/><T78/><D67/><U92/><E106/><V69/><F104/><W47/><G46/><T133/><D133/><U68/><E68/><V87/><F45/><W29/><G29/><T10/><D78/><U124/><E124/><V85/><F69/><W73/><G73/><T60/><D60/><N who="1" m="35895" /><E30/><V59/><F128/><W27/><AGARI ba="1,0" hai="4,5,7,18,21,27,41,47,49,88,90" m="43529" machi="27" ten="30,12000,2" yaku="15,1,11,1,52,3,54,1" doraHai="111" who="3" fromWho="3" sc="228,-31,124,-31,442,-61,206,123" />
</Scene>
<Scene>
<INIT seed="7,0,0,0,5,75" ten="197,93,381,329" oya="3" hai0="62,106,86,130,127,38,23,27,33,14,112,69,79" hai1="109,44,41,122,10,77,65,25,126,68,57,32,78" hai2="61,26,117,120,85,113,18,102,74,45,119,55,39" hai3="107,60,80,20,100,11,123,15,19,98,105,54,36"/><W24/><G123/><T4/><D38/><U103/><E68/><V22/><F74/><W28/><G36/><T93/><D106/><U8/><E122/><V13/><F113/><W3/><G107/><T70/><D33/><U115/><E109/><V72/><F72/><W12/><G3/><T64/><D127/><U46/><E126/><V51/><F120/><W129/><G129/><T34/><D34/><U6/><E103/><V124/><F124/><W134/><G134/><T59/><D112/><U30/><E115/><V71/><F102/><W21/><G80/><T87/><D87/><U43/><E10/><V83/><F39/><W108/><G108/><T131/><D14/><U132/><E132/><V91/><F71/><W111/><G111/><T49/><D4/><U73/><E73/><V67/><F67/><W118/><G118/><T53/><D70/><U63/><E46/><V125/><F61/><W52/><REACH who="3" step="1"/><G60/><REACH who="3" ten="197,93,381,319" step="2"/><T135/><D135/><U114/><E114/><V92/><F125/><W29/><G29/><T50/><D62/><U84/><E84/><V9/><F83/><W5/><AGARI ba="0,1" hai="5,11,12,15,19,20,21,24,28,52,54,98,100,105" machi="5" ten="20,18000,2" yaku="1,1,0,1,7,1,54,1,53,2" doraHai="75" doraHaiUra="17" who="3" fromWho="3" sc="197,-60,93,-60,381,-60,319,190" owari="137,-26.0,33,-47.0,321,12.0,509,61.0" />
</Scene>
</mjloggm>