<mjloggm ver="2.3"><GO type="169" lobby="0"/><UN n0="%E3%83%9E%E3%83%A1%E3%83%9D%E3%82%B3" n1="%E6%93%8D" n2="%E5%A4%AA%E3%81%8F%E3%81%AA%E3%81%84%E3%81%8A" n3="%E3%83%B4%E3%82%A3%E3%83%B4%E3%82%A3%E3%82%A2%E3%83%B3" dan="16,16,19,16" rate="2057.84,2054.55,2315.70,2061.51" sx="M,M,F,M"/><TAIKYOKU oya="0"/>

<Scene>
<INIT seed="0,0,0,0,0,89" ten="250,250,250,250" oya="0" hai0="117,29,15,104,77,14,107,19,100,33,118,88,27" hai1="24,121,105,57,3,65,126,101,110,36,76,128,72" hai2="70,12,50,25,120,61,122,82,20,85,9,11,22" hai3="97,54,111,92,10,73,67,84,43,0,47,21,116"/><T91/><D77/><U129/><E3/><V127/><F127/><W55/><G73/><T56/><D15/><U41/><E24/><V90/><F9/><W93/><G116/><T35/><D35/><U123/><E57/><V113/><F113/><W7/><G111/><T52/><D118/><U103/><E65/><V74/><F74/><W8/><G67/><T39/><D39/><U109/><E41/><V31/><F22/><W124/><G124/><T132/><D132/><U112/><E36/><V40/><F70/><W95/><G97/><T34/><D34/><U134/><E76/><V71/><F71/><W94/><G10/><T58/><D58/><U63/><E63/><V125/><F61/><W28/><N who="3" m="24064" /><DORA hai="68" /><W26/><REACH who="3" step="1"/><G84/><REACH who="3" ten="250,250,250,240" step="2"/><T79/><D117/><U51/><E72/><V80/><F125/><W69/><G69/><T131/><D131/><U37/><E126/><V81/><F122/><W49/><AGARI ba="0,1" hai="0,7,8,21,26,28,43,47,49,54,55" m="24064" machi="49" ten="40,12000,2" yaku="1,1,0,1,52,4,53,0" doraHai="89,68" doraHaiUra="86,30" who="3" fromWho="3" sc="250,-60,250,-30,250,-30,240,130" />
</Scene>
<Scene>
<INIT seed="1,0,0,2,4,29" ten="190,220,220,370" oya="1" hai0="81,24,13,48,15,101,64,91,44,79,69,28,31" hai1="114,6,71,113,61,105,51,83,9,93,75,104,57" hai2="37,66,43,32,4,88,46,18,49,116,21,58,86" hai3="130,121,87,111,12,39,134,84,99,72,80,100,127"/><U40/><E71/><V135/><F135/><W10/><G39/><T25/><D101/><U59/><E93/><V7/><F116/><W78/><G121/><T119/><D119/><U56/><E61/><N who="2" m="38199" /><F32/><W26/><G134/><T65/><D91/><U68/><E68/><V53/><F43/><W129/><G26/><T74/><D28/><U89/><E40/><V112/><F37/><W11/><G11/><T63/><D65/><U133/><E51/><V33/><F33/><W14/><G14/><T108/><D108/><U0/><E133/><V19/><F19/><W27/><G27/><T85/><D74/><U110/><E110/><V95/><F112/><W107/><G111/><T109/><D109/><U73/><E89/><V131/><F131/><N who="3" m="50187" /><G127/><T94/><D94/><U36/><E36/><V35/><F35/><W125/><G125/><T62/><D62/><U124/><E124/><V50/><F50/><W38/><G38/><T102/><D102/><U52/><E52/><V1/><F1/><W54/><G54/><T117/><D117/><U126/><E126/><V60/><F60/><W41/><G41/><T76/><D25/><AGARI ba="0,0" hai="4,7,18,21,25,46,49,53,86,88,95" m="38199" machi="25" ten="30,2000,0" yaku="8,1,54,1" doraHai="29" who="2" fromWho="0" sc="190,-20,220,0,220,20,370,0" />
</Scene>
<Scene>
<INIT seed="2,0,0,5,1,9" ten="170,220,240,370" oya="2" hai0="117,41,27,119,102,97,56,34,118,71,83,47,29" hai1="28,16,37,15,134,70,115,59,21,114,103,77,74" hai2="4,57,101,26,6,64,123,66,8,85,130,80,113" hai3="109,52,54,133,62,5,3,65,30,111,46,51,14"/><V75/><F75/><W13/><G133/><T107/><D56/><U98/><E70/><V84/><F113/><W135/><G135/><T121/><D83/><U20/><E134/><V73/><F123/><W38/><G38/><T25/><D25/><U94/><E37/><V53/><F73/><W19/><G30/><T18/><D18/><U79/><E74/><V58/><F130/><W120/><G120/><T78/><D78/><U95/><E115/><V12/><F101/><W7/><G54/><T82/><D82/><U40/><E40/><V63/><F26/><W35/><G35/><T110/><D121/><U45/><E45/><V31/><F31/><W1/><G1/><T122/><D122/><U112/><E112/><V126/><F126/><W44/><G44/><T116/><N who="0" m="29696" /><DORA hai="61" /><T125/><D125/><U67/><E95/><V23/><F23/><W100/><G100/><T60/><D110/><N who="3" m="41993" /><G3/><T2/><D2/><U36/><E36/><V86/><F6/><N who="3" m="2059" /><G19/><T129/><D129/><U88/><E103/><V24/><F24/><W81/><G81/><T17/><D17/><N who="1" m="10303" /><E28/><V48/><REACH who="2" step="1"/><F66/><REACH who="2" ten="170,220,230,370" step="2"/><W93/><G93/><T96/><D102/><U32/><E32/><V43/><F43/><W104/><G104/><T108/><D108/><U127/><E127/><V99/><F99/><W131/><G131/><T42/><D107/><U90/><E114/><V0/><F0/><W39/><G39/><N who="0" m="21951" /><D42/><U89/><E98/><V124/><F124/><W72/><G72/><T50/><D97/><U76/><E94/><V92/><F92/><W55/><G65/><N who="0" m="41383" /><D96/><U105/><E105/><RYUUKYOKU ba="0,1" sc="170,10,220,-30,230,10,370,10" hai0="27,29,34,50" hai2="4,8,12,48,53,57,58,63,64,80,84,85,86" hai3="13,14,46,51,52,55,62" />
</Scene>
<Scene>
<INIT seed="2,1,1,0,2,97" ten="180,190,240,380" oya="2" hai0="87,130,123,119,74,28,110,26,118,96,128,14,131" hai1="103,40,101,38,10,64,35,62,94,15,113,27,92" hai2="16,86,112,63,104,2,85,79,59,115,32,93,105" hai3="29,53,122,95,134,58,54,56,124,91,84,37,88"/><V73/><F2/><W61/><G37/><T31/><D74/><U127/><E113/><V120/><F32/><W30/><G122/><T106/><D123/><U60/><E127/><V66/><F120/><W69/><G69/><T5/><D87/><U7/><E38/><V1/><F1/><W83/><G124/><T45/><D45/><U129/><E40/><V111/><F73/><W98/><REACH who="3" step="1"/><G134/><REACH who="3" ten="180,190,240,370" step="2"/><T19/><D110/><U9/><E129/><V68/><F68/><W100/><G100/><N who="0" m="62727" /><D5/><U102/><E10/><V78/><F115/><W41/><G41/><T107/><D107/><U71/><REACH who="1" step="1"/><E62/><AGARI ba="1,2" hai="29,30,53,54,56,58,61,62,83,84,88,91,95,98" machi="62" ten="30,12000,2" yaku="1,1,7,1,9,1,8,1,54,1,53,2" doraHai="97" doraHaiUra="52" who="3" fromWho="1" sc="180,0,190,-123,240,0,370,143" />
</Scene>
<Scene>
<INIT seed="3,0,0,2,5,80" ten="180,67,240,513" oya="3" hai0="128,13,63,33,18,52,91,5,4,10,89,132,90" hai1="11,106,29,34,54,53,112,22,87,118,57,2,79" hai2="76,37,86,55,25,47,85,50,51,69,68,59,44" hai3="92,133,78,46,115,0,38,49,122,105,71,16,94"/><W114/><G105/><T27/><D132/><U95/><E106/><V131/><F131/><W93/><G71/><T109/><D128/><U41/><E112/><V39/><F25/><W15/><G0/><T12/><D109/><U103/><E34/><V65/><F76/><W61/><G38/><N who="2" m="14345" /><F86/><W98/><G122/><T31/><REACH who="0" step="1"/><D13/><REACH who="0" ten="170,67,240,513" step="2"/><U73/><E2/><V120/><F120/><W14/><G133/><T28/><D28/><U7/><E29/><V32/><F32/><W116/><G115/><T66/><D66/><U72/><E118/><V102/><F102/><W30/><G114/><T64/><D64/><U60/><E103/><V124/><F124/><W110/><G30/><T23/><D23/><U108/><E22/><V58/><F65/><W74/><G116/><T81/><D81/><U62/><E108/><V135/><F135/><W3/><G110/><T20/><D20/><U82/><E95/><V107/><F107/><W70/><G3/><T101/><D101/><U36/><E11/><V126/><F126/><W123/><G93/><T119/><D119/><U24/><E24/><V1/><F1/><W100/><G94/><T111/><D111/><U48/><E82/><V117/><F117/><W9/><G123/><T19/><D19/><U125/><E125/><V84/><F68/><W121/><G121/><T35/><D35/><U113/><E113/><V75/><F69/><W26/><G15/><T99/><D99/><U40/><E7/><V127/><F127/><W88/><G26/><T6/><D6/><U104/><E104/><V42/><F75/><W43/><G74/><RYUUKYOKU ba="0,1" sc="170,15,67,-15,240,15,513,-15" hai0="4,5,10,12,18,27,31,33,52,63,89,90,91" hai2="42,44,47,50,51,55,58,59,84,85" />
</Scene>
<Scene>
<INIT seed="4,1,1,3,4,61" ten="185,52,255,498" oya="0" hai0="90,99,79,73,39,82,38,24,60,135,0,72,95" hai1="29,6,106,113,33,59,52,116,15,49,40,53,78" hai2="70,56,94,124,47,129,42,64,130,46,114,83,112" hai3="16,14,133,120,43,110,18,50,34,12,85,5,74"/><T32/><D0/><U107/><E116/><V58/><F94/><W51/><G74/><T71/><D73/><U75/><E113/><N who="2" m="43627" /><F83/><W125/><G34/><T28/><REACH who="0" step="1"/><D135/><REACH who="0" ten="175,52,255,498" step="2"/><U115/><E115/><V8/><F129/><W93/><G133/><T100/><D100/><U111/><E75/><V41/><F130/><W44/><G120/><T31/><D31/><U9/><E29/><V55/><F124/><W13/><G125/><T122/><D122/><U96/><E111/><V108/><F108/><W132/><G110/><T98/><D98/><U26/><E96/><V11/><F42/><W69/><G132/><T62/><D62/><U126/><E40/><V25/><F41/><W30/><G30/><T1/><D1/><U21/><E126/><V37/><F37/><W91/><G5/><T92/><D92/><U119/><E107/><V123/><F123/><W76/><G43/><T17/><D17/><U67/><E106/><V20/><F46/><W36/><G44/><T103/><D103/><U102/><E102/><V22/><F47/><W109/><G36/><T19/><D19/><U104/><E104/><V81/><F81/><W128/><G109/><T134/><D134/><U131/><E131/><V54/><F11/><W35/><G128/><T77/><D77/><U7/><E78/><V105/><F8/><W97/><G76/><T84/><D84/><U45/><E119/><V80/><F80/><W10/><G85/><T121/><D121/><U27/><E9/><V4/><F105/><W118/><G10/><T23/><D23/><U117/><E117/><V57/><F20/><RYUUKYOKU ba="1,2" sc="175,30,52,-10,255,-10,498,-10" hai0="24,28,32,38,39,60,71,72,79,82,90,95,99" />
</Scene>
<Scene>
<INIT seed="4,2,2,2,2,117" ten="205,42,245,488" oya="0" hai0="10,63,2,91,107,24,116,12,27,129,69,58,56" hai1="70,8,61,64,43,39,73,0,51,34,115,66,78" hai2="106,68,86,93,38,131,118,97,32,52,13,87,50" hai3="18,126,89,114,19,23,45,81,83,26,96,120,119"/><T48/><D2/><U55/><E34/><V110/><F110/><W44/><G119/><T35/><D116/><U101/><E101/><V122/><F38/><W128/><G114/><T36/><D36/><U109/><E109/><V105/><F118/><W28/><G128/><T130/><D107/><U124/><E78/><V92/><F68/><W121/><G126/><T111/><D111/><U127/><E73/><V3/><F3/><W5/><G5/><T104/><D104/><U72/><E72/><V15/><F32/><W6/><G6/><T65/><D91/><U123/><E8/><V85/><F131/><N who="0" m="50186" /><D48/><U59/><E66/><V98/><F86/><W46/><G96/><T40/><D40/><U53/><E53/><V133/><F50/><W80/><G89/><T20/><D35/><U95/><E95/><V57/><F57/><N who="0" m="22122" /><D20/><U112/><E0/><V90/><F90/><W71/><G71/><T76/><D76/><U77/><E77/><V11/><F52/><W1/><G1/><T88/><D88/><U49/><E49/><V30/><F105/><W42/><G42/><T47/><D47/><N who="1" m="24063" /><E123/><AGARI ba="2,2" hai="18,19,23,26,28,44,45,46,80,81,83,120,121,123" machi="123" ten="50,8000,1" yaku="13,1,52,3" doraHai="117" who="3" fromWho="1" sc="205,0,42,-86,245,0,488,106" owari="205,-19.0,-44,-54.0,245,5.0,594,68.0" />
</Scene>
</mjloggm>