<mjloggm ver="2.3"><GO type="169" lobby="0"/><UN n0="%74%61%74%73%75%37%30%32" n1="%79%61%6C%70%68%61" n2="%E5%A4%AA%E3%81%8F%E3%81%AA%E3%81%84%E3%81%8A" n3="%E6%B4%A5%E7%94%B0%E6%B2%BC%E3%81%A3%E5%AD%90" dan="16,17,18,16" rate="2111.99,2138.95,2242.52,2145.71" sx="M,M,F,M"/><TAIKYOKU oya="0"/>

<Scene>
<INIT seed="0,0,0,0,1,32" ten="250,250,250,250" oya="0" hai0="63,62,24,19,60,132,123,57,70,99,37,113,76" hai1="17,48,45,26,35,16,134,130,66,44,86,47,71" hai2="0,49,83,106,46,33,22,118,25,53,102,116,107" hai3="131,122,4,89,29,10,9,82,85,36,50,41,97"/><T20/><D123/><U56/><E134/><V79/><F33/><W95/><G122/><T88/><D132/><U18/><E130/><V58/><F46/><W103/><G131/><T72/><D113/><U105/><E105/><V67/><F67/><W31/><G36/><T5/><D37/><U75/><E75/><V30/><F0/><W115/><G115/><T104/><D70/><U68/><E56/><V128/><F128/><W55/><G41/><T81/><D5/><U23/><E35/><V39/><F39/><W117/><G117/><N who="2" m="45161" /><F102/><W14/><REACH who="3" step="1"/><G10/><REACH who="3" ten="250,250,250,240" step="2"/><T120/><D120/><U126/><E126/><V93/><F93/><W133/><G133/><T42/><D42/><U59/><E71/><V8/><F8/><W43/><G43/><T28/><D104/><U135/><E68/><V3/><F3/><W74/><G74/><AGARI ba="0,1" hai="22,25,30,49,53,58,74,79,83,106,107" m="45161" machi="74" ten="30,1000,0" yaku="12,1" doraHai="32" who="2" fromWho="3" sc="250,0,250,0,250,20,240,-10" />
</Scene>
<Scene>
<INIT seed="1,0,0,2,5,85" ten="250,250,270,230" oya="1" hai0="82,96,72,123,27,126,88,15,6,99,79,76,101" hai1="118,87,116,22,17,45,95,66,109,33,71,8,131" hai2="107,12,117,1,0,46,120,57,30,60,67,42,102" hai3="75,11,80,113,89,47,122,32,73,104,20,59,53"/><U90/><E33/><V121/><F117/><W106/><G32/><T115/><D27/><U78/><E131/><V43/><F30/><W4/><G122/><T7/><D123/><U134/><E134/><V49/><F120/><W84/><G113/><T77/><D115/><U38/><E8/><V94/><F121/><W29/><G47/><T40/><D40/><U24/><E109/><V98/><F43/><W28/><G106/><N who="0" m="63783" /><D15/><U37/><E78/><N who="0" m="30313" /><D7/><U112/><E112/><V5/><F107/><W64/><G104/><T68/><D68/><U9/><E9/><V97/><F97/><W63/><G64/><T34/><D6/><U41/><REACH who="1" step="1"/><E38/><REACH who="1" ten="250,240,270,230" step="2"/><V51/><F0/><W44/><G20/><T114/><D34/><U92/><E92/><V103/><F94/><W74/><REACH who="3" step="1"/><G44/><REACH who="3" ten="250,240,270,220" step="2"/><T56/><D114/><U23/><E23/><V119/><F46/><W55/><G55/><T111/><D111/><U110/><E110/><V132/><F42/><W21/><G21/><T19/><D72/><U39/><E39/><V62/><F132/><W65/><G65/><T86/><D126/><U135/><E135/><V91/><F67/><W58/><G58/><T81/><D56/><U133/><E133/><V70/><F57/><W50/><G50/><T128/><D128/><U3/><E3/><AGARI ba="0,2" hai="3,4,11,28,29,53,59,63,73,74,75,80,84,89" machi="3" ten="40,2600,0" yaku="1,1,52,1,53,0" doraHai="85" doraHaiUra="10" who="3" fromWho="1" sc="250,0,240,-26,270,0,220,46" />
</Scene>
<Scene>
<INIT seed="2,0,0,1,4,10" ten="250,214,270,266" oya="2" hai0="13,57,90,49,79,22,118,47,2,121,58,127,50" hai1="89,101,70,93,110,20,82,84,35,91,126,98,16" hai2="61,23,97,38,3,59,129,99,132,120,81,125,53" hai3="1,42,133,33,92,29,100,27,107,40,87,134,9"/><V21/><F120/><W52/><G107/><T4/><D121/><U54/><E70/><V6/><F38/><W26/><G26/><T36/><D36/><U25/><E35/><V77/><F125/><W114/><G114/><T51/><D127/><U60/><E126/><V28/><F132/><W68/><G68/><T55/><D118/><U115/><E110/><V34/><F34/><W56/><G9/><T18/><D2/><U62/><E115/><V41/><F3/><W64/><G64/><T109/><D109/><U73/><E73/><V119/><F119/><W44/><G1/><T123/><D4/><U83/><E54/><V72/><F6/><W130/><G130/><T112/><D112/><U37/><E37/><V122/><F122/><W88/><G100/><T48/><D123/><U66/><E66/><V69/><F41/><W116/><G116/><T113/><D113/><U102/><E102/><V78/><F129/><W17/><G17/><T5/><D5/><U103/><E103/><V104/><F104/><W111/><G111/><T117/><D117/><U128/><E128/><V12/><F69/><W106/><G106/><T65/><D65/><U108/><E108/><V46/><F46/><W95/><G95/><T43/><D58/><U96/><REACH who="1" step="1"/><E83/><REACH who="1" ten="250,204,270,266" step="2"/><V124/><F124/><W76/><G134/><T45/><D45/><U39/><E39/><V63/><F81/><W71/><G133/><T11/><D47/><U0/><E0/><V94/><F72/><W32/><G71/><T7/><D55/><U131/><E131/><V105/><F53/><W74/><G52/><RYUUKYOKU ba="0,1" sc="250,-10,204,30,270,-10,266,-10" hai1="16,20,25,60,62,82,84,89,91,93,96,98,101" />
</Scene>
<Scene>
<INIT seed="3,1,1,0,3,24" ten="240,234,260,256" oya="3" hai0="53,125,60,71,40,127,109,64,78,107,43,66,106" hai1="12,101,55,84,123,27,132,17,94,39,1,104,26" hai2="74,97,89,126,80,56,95,110,87,119,36,115,122" hai3="114,54,85,49,65,11,96,128,46,108,25,13,93"/><W50/><G114/><T3/><D3/><U45/><E123/><V124/><F36/><W88/><G128/><T34/><D34/><U33/><E1/><V129/><F56/><W58/><G108/><T135/><D109/><U48/><E39/><V59/><F59/><W6/><G25/><T105/><D135/><U82/><E104/><V38/><F38/><W120/><G120/><T22/><D66/><U42/><E42/><V9/><F110/><W62/><G50/><T5/><D5/><U76/><E33/><V130/><F9/><W14/><G14/><T31/><D53/><U57/><E132/><V92/><F122/><W0/><G0/><T30/><D22/><N who="1" m="11559" /><E45/><V52/><F52/><W112/><G112/><T70/><D78/><U116/><E116/><V72/><F115/><W83/><G96/><AGARI ba="1,1" hai="26,27,48,55,57,76,82,84,94,96,101" m="11559" machi="96" ten="30,1000,0" yaku="8,1" doraHai="24" who="1" fromWho="3" sc="240,0,234,23,260,0,256,-13" />
</Scene>
<Scene>
<INIT seed="4,0,0,3,0,91" ten="240,257,260,243" oya="0" hai0="12,14,62,78,42,118,51,39,128,131,109,50,30" hai1="17,81,56,15,112,122,129,135,41,55,11,103,107" hai2="31,92,40,63,35,25,89,84,34,68,1,86,19" hai3="28,5,43,53,38,57,22,76,132,24,7,36,45"/><T97/><D118/><U3/><E122/><V115/><F1/><W133/><G76/><T18/><D39/><U98/><E135/><N who="3" m="51786" /><G38/><T44/><D30/><U46/><E129/><V2/><F2/><W101/><G101/><T96/><D78/><U8/><E112/><V0/><F0/><W75/><G75/><T73/><D73/><U66/><E66/><V71/><F115/><W117/><G117/><T37/><D62/><AGARI ba="0,0" hai="5,7,22,24,28,36,43,45,53,57,62" m="51786" machi="62" ten="30,1000,0" yaku="20,1" doraHai="91" who="3" fromWho="0" sc="240,-10,257,0,260,0,243,10" />
</Scene>
<Scene>
<INIT seed="5,0,0,3,4,106" ten="230,257,260,253" oya="1" hai0="107,7,35,50,13,12,103,118,70,55,9,110,24" hai1="68,25,90,85,11,6,127,17,15,43,129,96,104" hai2="73,84,59,133,32,126,23,75,117,22,61,83,97" hai3="114,66,18,113,71,116,57,38,36,130,3,19,94"/><U37/><E68/><V20/><F117/><W115/><G71/><T88/><D110/><U5/><E129/><V46/><F32/><W65/><G3/><T69/><D118/><U42/><E127/><V41/><F126/><W31/><G31/><T8/><D103/><U108/><E108/><V86/><F97/><W0/><G0/><T102/><D102/><U33/><E104/><V4/><F4/><W60/><G116/><T74/><D107/><U112/><E96/><V49/><F133/><W132/><G130/><T82/><D24/><U39/><E112/><V47/><F47/><W10/><G132/><T121/><D35/><U78/><E78/><V58/><F58/><W45/><G66/><T101/><D101/><U27/><E39/><V76/><REACH who="2" step="1"/><F86/><REACH who="2" ten="230,257,250,253" step="2"/><W100/><G45/><N who="0" m="28111" /><D121/><U64/><E33/><V40/><F40/><W72/><G115/><T128/><D128/><U63/><E6/><V99/><F99/><W109/><G114/><T16/><D74/><U26/><E5/><V87/><F87/><AGARI ba="0,1" hai="7,8,9,12,13,16,69,70,82,87,88" m="28111" machi="87" ten="30,3900,0" yaku="25,1,54,2" doraHai="106" who="0" fromWho="2" sc="230,49,257,0,250,-39,253,0" />
</Scene>
<Scene>
<INIT seed="6,0,0,1,2,117" ten="279,257,211,253" oya="2" hai0="26,118,9,48,67,25,16,66,14,40,36,112,128" hai1="10,109,68,124,50,17,41,98,46,114,100,101,127" hai2="28,44,59,57,79,116,123,95,42,49,3,39,88" hai3="108,80,20,8,12,64,75,129,113,56,110,27,61"/><V72/><F116/><W24/><G129/><T32/><D118/><U121/><E68/><V63/><F3/><W102/><G102/><T29/><D36/><U134/><E109/><V43/><F123/><W13/><G113/><T103/><D128/><U35/><E114/><V133/><F133/><W83/><G27/><T93/><D112/><U21/><E35/><V85/><F28/><W0/><G0/><T6/><D40/><U104/><E134/><V119/><F119/><W51/><G13/><T7/><D48/><U91/><E101/><V22/><F22/><W84/><G51/><T62/><D26/><U94/><E10/><V31/><F31/><W130/><G75/><T73/><D73/><U115/><E115/><V107/><F107/><W132/><G132/><T69/><D67/><U135/><E135/><V5/><F5/><W54/><G64/><T11/><D9/><U53/><E41/><V131/><F131/><W1/><G1/><T70/><D70/><U71/><E71/><V89/><F89/><N who="3" m="51335" /><G83/><T105/><D93/><U87/><E121/><V86/><F72/><W52/><G54/><T97/><AGARI ba="0,0" hai="6,7,11,14,16,25,29,32,62,66,69,97,103,105" machi="97" ten="30,7900,0" yaku="0,1,25,2,54,1" doraHai="117" who="0" fromWho="0" sc="279,79,257,-20,211,-39,253,-20" />
</Scene>
<Scene>
<INIT seed="7,0,0,4,0,29" ten="358,237,172,233" oya="3" hai0="129,108,40,95,84,115,35,61,105,36,25,55,126" hai1="111,72,46,124,90,17,98,103,87,132,56,118,89" hai2="7,6,21,107,44,91,66,131,80,70,5,85,120" hai3="94,122,76,3,127,59,48,121,26,123,86,2,20"/><W134/><G127/><T14/><D105/><U52/><E124/><V30/><F107/><W33/><G134/><T47/><D108/><U32/><E72/><V9/><F131/><W43/><G33/><T28/><D126/><U42/><E111/><V34/><F120/><W27/><G27/><T18/><D115/><U65/><E65/><V116/><F116/><W119/><G119/><T77/><D129/><U58/><E32/><V15/><F44/><W110/><G110/><T11/><D55/><U128/><E132/><V88/><F21/><W109/><G109/><T10/><D61/><U51/><E128/><V104/><F104/><W23/><G23/><T39/><D11/><U112/><E17/><V16/><F91/><W19/><G94/><T31/><D28/><U45/><E118/><V64/><REACH who="2" step="1"/><F70/><REACH who="2" ten="358,237,162,233" step="2"/><W1/><G123/><T8/><D47/><U83/><E89/><V41/><F41/><W114/><G43/><T130/><D40/><U12/><E46/><V81/><F81/><W53/><REACH who="3" step="1"/><G114/><REACH who="3" ten="358,237,162,223" step="2"/><T117/><D95/><N who="1" m="58847" /><E42/><V82/><F82/><AGARI ba="0,2" hai="1,2,3,19,20,26,48,53,59,76,82,86,121,122" machi="82" ten="40,2000,0" yaku="1,1,53,0" doraHai="29" doraHaiUra="92" who="3" fromWho="2" sc="358,0,237,0,162,-20,223,40" />
</Scene>
<Scene>
<INIT seed="7,1,0,2,2,54" ten="358,237,142,263" oya="3" hai0="11,77,108,96,120,85,51,118,83,92,91,72,26" hai1="128,24,126,35,0,133,71,55,43,103,89,79,67" hai2="102,107,64,8,68,19,90,49,115,121,33,45,52" hai3="114,116,127,84,4,14,129,50,95,124,117,1,81"/><W78/><G1/><T65/><D118/><U25/><E0/><V37/><F115/><W70/><G70/><T28/><D108/><U63/><E103/><V66/><F121/><W98/><G50/><T80/><D120/><U101/><E79/><V34/><F37/><W31/><G31/><T135/><D135/><U17/><E101/><V18/><F90/><W106/><G14/><T82/><D65/><U47/><E55/><V122/><F122/><W62/><G62/><T97/><D97/><U32/><E133/><V16/><F8/><W44/><G44/><T104/><D11/><U75/><E75/><V99/><REACH who="2" step="1"/><F68/><REACH who="2" ten="358,237,132,263" step="2"/><W38/><G38/><T87/><D91/><U119/><E89/><V39/><F39/><W58/><G114/><T60/><D72/><U123/><E123/><V130/><F130/><W2/><G129/><T23/><D77/><U12/><E128/><V7/><F7/><W36/><G36/><T20/><D20/><U134/><E134/><V10/><F10/><W86/><G4/><T15/><D23/><U57/><E32/><AGARI ba="1,1" hai="16,18,19,32,33,34,45,49,52,64,66,99,102,107" machi="32" ten="40,5200,0" yaku="1,1,54,2,53,0" doraHai="54" doraHaiUra="132" who="2" fromWho="1" sc="358,0,237,-55,132,65,263,0" owari="358,46.0,182,-32.0,197,-20.0,263,6.0" />
</Scene>
</mjloggm>