<mjloggm ver="2.3"><GO type="169" lobby="0"/><UN n0="%E3%81%91%E3%82%93%31%39%37%30" n1="%E5%A4%AA%E3%81%8F%E3%81%AA%E3%81%84%E3%81%8A" n2="%6B%61%6E%65%6E" n3="%E7%A2%BA%E8%AA%8D%E4%BA%8B%E9%A0%85" dan="16,18,16,17" rate="2100.01,2247.96,2033.53,2150.69" sx="M,F,M,M"/><TAIKYOKU oya="0"/>

<Scene>
<INIT seed="0,0,0,5,3,33" ten="250,250,250,250" oya="0" hai0="122,113,2,119,22,47,120,61,11,84,92,38,3" hai1="4,57,18,46,105,66,27,19,64,79,114,25,56" hai2="135,112,60,51,116,103,44,49,80,124,50,26,63" hai3="72,30,97,82,12,62,58,71,31,118,54,35,10"/><T110/><D113/><U115/><E4/><V94/><F112/><W89/><G118/><T42/><D119/><U59/><E59/><V68/><F116/><W70/><G72/><T134/><D134/><U123/><E79/><V13/><F26/><W98/><G98/><T24/><D110/><U39/><E46/><V9/><F135/><W131/><G131/><T106/><D106/><U20/><E20/><V8/><F68/><W125/><G125/><T107/><D107/><U55/><E105/><V5/><F80/><W85/><G97/><T88/><D61/><N who="2" m="23626" /><F94/><W41/><G41/><T117/><D117/><U96/><E96/><V104/><F103/><W109/><G109/><T16/><REACH who="0" step="1"/><D11/><REACH who="0" ten="240,250,250,250" step="2"/><U126/><E114/><V95/><F104/><W53/><G10/><T132/><D132/><U129/><E115/><V40/><F124/><W121/><G62/><T99/><D99/><U77/><E126/><V101/><F101/><W15/><G70/><T45/><D45/><U90/><E57/><V133/><F133/><W52/><G58/><T83/><D83/><U34/><E56/><V111/><F111/><W76/><G71/><T36/><D36/><U29/><E39/><V17/><F95/><W73/><G82/><T91/><D91/><U69/><E90/><V32/><F9/><W130/><G89/><T127/><D127/><U128/><E69/><V37/><F37/><W7/><G130/><T93/><D93/><U21/><E129/><V75/><F8/><W81/><G81/><T1/><AGARI ba="0,1" hai="1,2,3,16,22,24,38,42,47,84,88,92,120,122" machi="1" ten="30,18000,2" yaku="1,1,0,1,52,3,54,2,53,0" doraHai="33" doraHaiUra="100" who="0" fromWho="0" sc="240,190,250,-60,250,-60,250,-60" />
</Scene>
<Scene>
<INIT seed="0,1,0,4,4,92" ten="430,190,190,190" oya="0" hai0="52,86,133,53,94,131,74,115,22,111,14,2,3" hai1="129,81,15,6,106,126,82,50,67,19,43,110,95" hai2="5,60,23,121,33,76,39,130,71,35,47,97,72" hai3="70,135,27,59,41,55,114,54,21,9,88,120,102"/><T105/><D74/><U123/><E106/><V1/><F23/><W78/><G70/><T124/><D115/><U16/><E123/><V13/><F13/><W77/><G114/><T38/><D38/><U87/><E110/><V116/><F60/><W68/><G68/><T99/><D105/><U51/><E129/><V75/><F71/><W64/><G120/><T58/><D131/><U113/><E113/><V42/><F121/><W104/><G41/><T49/><D124/><U109/><E109/><V79/><F130/><W4/><G64/><T31/><D133/><U62/><E126/><V98/><F116/><W90/><G102/><T66/><D66/><U117/><E117/><V132/><F132/><W0/><G104/><T85/><D3/><U26/><E26/><V61/><F61/><W28/><G135/><T65/><D65/><U125/><E125/><V34/><F79/><W103/><G103/><N who="0" m="60919" /><D2/><U45/><E51/><V18/><F18/><W10/><G0/><T12/><D111/><U134/><E134/><V30/><F30/><W36/><G36/><T118/><D118/><U48/><E48/><V108/><F75/><W46/><G28/><T29/><D53/><U17/><E95/><V8/><F108/><W25/><G55/><T20/><D31/><U40/><E40/><V44/><F44/><W100/><G46/><T80/><D29/><U89/><E82/><AGARI ba="1,0" hai="1,5,8,33,34,35,39,42,47,72,76,82,97,98" machi="82" ten="40,8000,1" yaku="25,2,52,2" doraHai="92" who="2" fromWho="1" sc="430,0,190,-83,190,83,190,0" />
</Scene>
<Scene>
<INIT seed="1,0,0,1,3,107" ten="430,107,273,190" oya="1" hai0="44,46,84,24,32,112,82,7,55,1,58,60,111" hai1="14,94,102,21,135,86,63,41,105,117,47,30,12" hai2="43,10,20,119,77,62,130,68,123,125,8,101,23" hai3="115,134,89,72,132,133,118,61,85,53,35,22,113"/><U76/><E117/><V42/><F101/><W51/><G35/><T127/><D112/><U33/><E135/><V83/><F119/><W110/><G118/><T95/><D111/><U71/><E105/><V34/><F34/><W69/><G110/><T129/><D127/><U114/><E114/><V91/><F91/><W80/><G22/><T122/><D129/><U5/><E33/><V92/><F92/><W79/><G61/><T29/><D122/><U66/><E102/><V100/><F100/><W64/><G64/><T28/><D28/><U131/><E131/><V16/><F130/><W49/><G69/><T40/><D95/><U90/><E76/><V54/><F125/><W18/><G18/><T13/><D1/><U116/><E116/><V81/><F68/><W87/><G51/><T25/><D46/><U6/><E14/><V57/><F123/><W128/><G128/><T11/><D29/><U106/><E106/><V15/><F23/><W59/><REACH who="3" step="1"/><G87/><REACH who="3" ten="430,107,273,180" step="2"/><T17/><D17/><U9/><E21/><V4/><F10/><W0/><G0/><T67/><D67/><U27/><E30/><V108/><F108/><W104/><G104/><T3/><D3/><U98/><E86/><V74/><REACH who="2" step="1"/><F83/><AGARI ba="0,1" hai="49,53,59,72,79,80,83,85,89,113,115,132,133,134" machi="83" ten="40,5200,0" yaku="1,1,20,1,52,1,53,0" doraHai="107" doraHaiUra="39" who="3" fromWho="2" sc="430,0,107,0,273,-52,180,62" />
</Scene>
<Scene>
<INIT seed="2,0,0,1,2,94" ten="430,107,221,242" oya="2" hai0="33,123,88,69,39,79,52,127,38,21,77,100,122" hai1="83,41,114,66,29,59,27,133,71,16,113,32,2" hai2="25,105,65,42,54,64,48,43,73,60,51,3,111" hai3="24,53,37,119,128,109,5,101,56,89,97,11,135"/><V68/><F3/><W103/><G119/><T92/><D33/><U130/><E2/><V115/><F25/><W47/><G109/><T72/><D69/><U124/><E71/><N who="2" m="42375" /><F73/><W35/><G47/><T9/><D100/><U15/><E124/><V129/><F105/><W74/><G37/><T26/><D127/><U30/><E30/><V23/><F23/><W99/><G74/><T31/><D122/><U80/><E130/><V112/><F129/><W13/><G128/><T62/><D123/><U93/><E133/><V116/><F116/><W46/><G46/><T125/><D125/><U6/><E6/><V121/><F121/><W120/><G135/><T104/><D104/><U45/><E83/><V85/><F85/><W22/><G35/><T81/><D9/><U40/><E80/><V55/><F111/><W134/><G134/><T63/><D79/><U4/><E4/><V7/><F7/><W49/><G120/><T132/><D132/><U91/><E114/><N who="2" m="43563" /><F68/><W44/><G89/><T118/><D118/><U117/><E113/><V126/><F65/><W14/><G14/><T57/><D63/><N who="1" m="38271" /><E117/><V84/><F84/><AGARI ba="0,0" hai="21,26,31,38,39,52,57,62,72,77,81,84,88,92" machi="84" ten="30,3900,0" yaku="7,1,54,2" doraHai="94" who="0" fromWho="2" sc="430,39,107,0,221,-39,242,0" />
</Scene>
<Scene>
<INIT seed="3,0,0,1,3,106" ten="469,107,182,242" oya="3" hai0="0,72,35,10,12,117,66,104,53,57,22,99,74" hai1="45,64,91,81,31,20,42,25,44,102,19,38,97" hai2="34,9,80,71,50,46,103,32,126,76,124,6,89" hai3="116,49,131,127,107,69,23,85,129,30,28,98,84"/><W48/><G69/><T65/><D117/><U13/><E64/><V110/><F71/><W16/><G116/><T105/><D35/><U62/><E62/><V118/><F118/><W14/><G127/><N who="2" m="48681" /><F103/><N who="3" m="62967" /><G84/><T43/><D43/><U96/><E44/><V115/><F110/><W125/><G85/><T101/><D105/><U7/><E91/><V60/><F89/><W61/><G61/><T93/><D104/><U79/><E7/><V132/><F60/><W2/><G2/><T58/><D58/><U29/><E102/><V109/><F109/><W21/><G125/><T55/><D65/><U17/><E31/><N who="3" m="11818" /><G23/><T11/><D66/><U3/><E3/><N who="2" m="223" /><F115/><W94/><G94/><T63/><D55/><U40/><E40/><N who="2" m="24903" /><F132/><W33/><G33/><T86/><D22/><U100/><E100/><V92/><F92/><W119/><G119/><T120/><D0/><U15/><E15/><V111/><F111/><W67/><G67/><T135/><D135/><U18/><REACH who="1" step="1"/><E13/><REACH who="1" ten="469,97,182,242" step="2"/><V54/><F54/><W26/><G14/><T77/><D12/><U90/><E90/><V88/><F88/><W5/><G5/><T87/><D53/><U68/><E68/><V47/><F47/><W8/><G8/><T78/><D11/><U108/><E108/><V130/><F130/><AGARI ba="0,1" hai="16,21,26,48,49,129,130,131" m="11818,62967" machi="130" ten="30,2900,0" yaku="19,1,54,1" doraHai="106" who="3" fromWho="2" sc="469,0,97,0,182,-29,242,39" />
</Scene>
<Scene>
<INIT seed="3,1,0,2,2,5" ten="469,97,153,281" oya="3" hai0="66,18,14,1,81,48,115,45,122,71,64,102,118" hai1="56,126,85,98,30,100,20,88,74,17,10,114,8" hai2="19,63,127,24,131,130,89,93,34,80,73,46,41" hai3="6,103,28,105,25,79,117,91,26,55,15,53,16"/><W94/><G117/><T29/><D118/><U121/><E121/><V36/><F63/><W61/><G79/><T106/><D122/><U77/><E114/><V60/><F60/><W0/><G105/><T4/><D115/><U95/><E126/><V12/><F127/><W109/><G103/><T90/><D29/><U92/><E30/><V83/><F24/><W39/><G39/><T13/><D1/><U124/><E124/><V132/><F34/><W125/><G125/><T37/><D37/><U82/><E56/><V59/><F59/><W134/><G134/><T44/><D44/><U22/><E22/><V27/><F27/><AGARI ba="1,0" hai="8,10,17,20,27,74,77,82,85,88,92,95,98,100" machi="27" ten="30,7700,0" yaku="7,1,52,2,54,1" doraHai="5" who="1" fromWho="2" sc="469,0,97,80,153,-80,281,0" />
</Scene>
<Scene>
<INIT seed="4,0,0,1,2,66" ten="469,177,73,281" oya="0" hai0="122,59,55,64,39,6,107,101,46,120,32,54,116" hai1="25,132,115,47,21,2,1,97,113,106,56,78,4" hai2="105,51,41,123,89,34,22,96,81,53,28,9,67" hai3="50,17,20,119,92,114,110,98,33,40,43,42,16"/><T103/><D116/><U37/><E78/><V3/><F123/><W72/><G33/><T63/><D32/><U99/><E132/><V86/><F41/><W58/><G110/><T23/><D6/><U70/><E70/><V129/><F34/><W74/><G119/><T135/><D23/><U10/><E1/><V112/><F67/><W65/><G114/><N who="1" m="43530" /><E106/><V133/><F112/><W75/><G20/><T24/><D135/><U68/><E68/><V85/><F133/><W131/><G131/><T82/><D107/><U134/><E134/><V29/><F96/><W12/><G12/><T128/><D128/><U15/><E2/><V125/><F105/><W104/><G104/><T90/><D120/><U117/><E117/><V0/><F0/><W130/><G130/><T124/><D64/><U126/><E126/><V80/><F3/><W36/><G36/><T8/><D124/><U69/><E69/><V93/><F125/><W73/><G73/><T35/><D8/><U77/><E56/><V44/><F9/><W79/><G79/><T61/><D59/><U111/><E77/><V109/><F129/><W71/><G58/><T5/><D39/><U30/><E111/><V83/><F109/><W31/><G50/><T19/><D63/><U94/><E94/><V100/><F93/><W84/><G92/><T48/><D61/><U87/><E87/><V76/><F76/><W52/><G84/><T127/><D127/><U62/><E62/><V26/><F86/><W49/><G75/><T95/><D95/><U11/><E11/><V91/><F85/><W18/><G74/><RYUUKYOKU ba="0,0" sc="469,-10,177,30,73,-10,281,-10" hai1="4,10,15,21,25,30,37,47,97,99" />
</Scene>
<Scene>
<INIT seed="5,1,0,3,3,127" ten="459,207,63,271" oya="1" hai0="5,69,9,130,133,63,16,53,37,98,128,104,31" hai1="65,50,92,20,86,39,84,126,19,6,132,117,2" hai2="10,73,82,116,52,3,102,11,17,21,45,91,107" hai3="70,60,25,96,34,35,78,93,94,26,123,105,62"/><U95/><E39/><V57/><F116/><W119/><G123/><T58/><D37/><U8/><E117/><V12/><F45/><W121/><G119/><T83/><D31/><U120/><E120/><V110/><F110/><W46/><G78/><T77/><D69/><U115/><E126/><V85/><F73/><W112/><G121/><T88/><D133/><U49/><E132/><V118/><F118/><W7/><G7/><T27/><D104/><U43/><E65/><V131/><F131/><N who="0" m="50218" /><D27/><U14/><E115/><V80/><F3/><W87/><G26/><T24/><D24/><N who="1" m="14367" /><E2/><V55/><F55/><W15/><G25/><T30/><D30/><U41/><E50/><V129/><F129/><W4/><G62/><T111/><D111/><U72/><E72/><V23/><F102/><W79/><G70/><T40/><D40/><N who="1" m="15435" /><E49/><V18/><F107/><W113/><G105/><T1/><D16/><U42/><E42/><V44/><F44/><W36/><G46/><T47/><D47/><U90/><E95/><V28/><F28/><W97/><G94/><N who="0" m="56647" /><D83/><U124/><E124/><V59/><F82/><W99/><G36/><T56/><D56/><U68/><E68/><V114/><F59/><W125/><G125/><T75/><D75/><U122/><E122/><V32/><F114/><W81/><G113/><T103/><D103/><U64/><E92/><V48/><F32/><N who="3" m="12331" /><G112/><T74/><D74/><U101/><E101/><V13/><AGARI ba="1,0" hai="10,11,12,13,17,18,21,23,48,52,57,80,85,91" machi="13" ten="20,8000,1" yaku="0,1,7,1,9,1,8,1,54,1" doraHai="127" who="2" fromWho="2" sc="459,-21,207,-41,63,83,271,-21" />
</Scene>
<Scene>
<INIT seed="6,0,0,4,2,4" ten="438,166,146,250" oya="2" hai0="7,56,110,93,20,42,126,103,52,54,83,27,39" hai1="64,53,111,95,97,68,121,0,35,12,28,135,76" hai2="34,61,80,67,55,40,8,75,23,130,128,113,71" hai3="45,87,1,131,88,14,65,9,18,132,73,2,112"/><V94/><F34/><W22/><G73/><T78/><D110/><U116/><E111/><V44/><F55/><W124/><G65/><T33/><D33/><U3/><E116/><V50/><F113/><W74/><G74/><T48/><D126/><U47/><E76/><V31/><F94/><W98/><G98/><T127/><D127/><U38/><E28/><V13/><F31/><W119/><G119/><T123/><D123/><U32/><E32/><V11/><F75/><W69/><G69/><T120/><D39/><U72/><E72/><V5/><F80/><W25/><G124/><T57/><D42/><U89/><E35/><V41/><F23/><W60/><G60/><T37/><D37/><U10/><E121/><V99/><F41/><W92/><G132/><T109/><D7/><U125/><E125/><V82/><F99/><W49/><G131/><N who="2" m="50217" /><F82/><W96/><G96/><N who="0" m="59791" /><D120/><U115/><E135/><V15/><F11/><W79/><G79/><T63/><D109/><U85/><E115/><V70/><F70/><W21/><G21/><T86/><D20/><U105/><E68/><V26/><F26/><AGARI ba="0,0" hai="26,27,48,52,54,56,57,63,78,83,86" m="59791" machi="26" ten="30,2000,0" yaku="8,1,54,1" doraHai="4" who="0" fromWho="2" sc="438,20,166,0,146,-20,250,0" />
</Scene>
<Scene>
<INIT seed="7,0,0,2,1,77" ten="458,166,126,250" oya="3" hai0="72,97,48,24,98,93,112,41,79,116,50,75,92" hai1="14,16,66,104,114,52,111,11,117,86,49,15,54" hai2="31,4,87,105,67,7,121,127,18,6,69,46,108" hai3="95,12,115,40,37,58,134,128,17,119,131,76,1"/><W22/><G119/><T59/><D116/><U20/><E111/><V27/><F105/><W109/><G109/><T102/><D112/><U33/><E117/><V5/><F121/><W70/><G70/><T55/><D24/><U106/><E33/><V84/><N who="2" m="1536" /><DORA hai="47" /><V96/><F108/><W68/><G68/><T57/><D79/><U9/><E114/><V124/><F18/><W23/><G1/><T85/><D85/><U61/><E86/><V13/><F96/><W122/><G76/><T89/><D41/><U129/><E129/><V120/><F13/><N who="1" m="4617" /><E106/><V53/><F67/><W113/><G122/><T65/><D65/><U38/><E38/><V42/><F69/><W21/><G37/><T25/><D25/><N who="1" m="14471" /><E104/><V10/><F10/><N who="1" m="3593" /><E49/><V100/><F100/><W43/><G131/><T88/><D102/><U2/><E2/><V133/><F120/><W56/><G128/><T64/><D64/><U80/><E80/><V118/><F118/><W83/><G83/><T90/><D90/><U91/><E91/><V60/><F133/><W35/><G134/><T0/><D0/><U130/><E130/><V3/><F3/><W32/><G115/><T82/><D82/><U63/><E66/><V81/><F84/><W78/><G113/><T19/><D19/><U30/><E30/><V62/><F31/><W45/><G17/><T26/><D26/><U8/><N who="1" m="3601" /><U101/><DORA hai="103" /><E101/><V34/><F27/><W132/><G12/><T39/><D39/><U36/><E36/><N who="2" m="21831" /><F34/><W94/><G35/><T125/><D125/><N who="2" m="48202" /><F53/><AGARI ba="0,0" hai="48,50,53,55,57,59,72,75,88,89,92,93,97,98" machi="53" ten="40,12000,2" yaku="32,3,52,2,54,1" doraHai="77,47,103" who="0" fromWho="2" sc="458,120,166,0,126,-120,250,0" /><AGARI ba="0,0" hai="52,53,54,61,63" m="3601,14471,4617" machi="53" ten="40,5200,0" yaku="8,1,54,2" doraHai="77,47,103" who="1" fromWho="2" sc="578,0,166,52,6,-52,250,0" owari="578,68.0,218,-18.0,-46,-55.0,250,5.0" />
</Scene>
</mjloggm>