<mjloggm ver="2.3"><GO type="169" lobby="0"/><UN n0="%E3%83%9F%E3%82%AF%E3%83%AD" n1="%E5%AD%A3%E9%81%95%E3%81%84%E4%BF%B3%E4%BA%BA" n2="%68%65%74" n3="%E5%A4%AA%E3%81%8F%E3%81%AA%E3%81%84%E3%81%8A" dan="16,18,16,18" rate="2121.16,2146.56,2103.67,2282.60" sx="M,M,M,F"/><TAIKYOKU oya="0"/>

<Scene>
<INIT seed="0,0,0,2,3,60" ten="250,250,250,250" oya="0" hai0="75,113,132,115,101,6,51,100,1,129,39,4,133" hai1="17,42,118,121,70,31,79,5,93,30,82,126,114" hai2="57,56,117,48,26,111,88,64,108,0,74,96,80" hai3="72,110,28,24,92,16,89,102,41,44,40,13,8"/><T73/><D39/><U3/><E121/><V12/><F0/><W130/><G110/><N who="2" m="42025" /><F117/><W33/><G130/><T120/><D129/><U10/><E118/><V20/><F12/><W98/><G72/><T105/><D1/><U47/><E70/><V78/><F48/><W65/><G65/><T119/><D119/><U38/><E126/><V53/><F53/><W81/><G81/><T67/><D105/><U107/><E107/><V11/><F11/><W109/><G109/><T59/><D51/><U23/><E93/><N who="2" m="56359" /><F64/><W2/><G2/><T32/><D67/><U103/><E103/><V99/><F99/><W97/><REACH who="3" step="1"/><G44/><REACH who="3" ten="250,250,250,240" step="2"/><T68/><D120/><U49/><E114/><V106/><F106/><AGARI ba="0,1" hai="8,13,16,24,28,33,40,41,89,92,97,98,102,106" machi="106" ten="30,12000,2" yaku="1,1,2,1,7,1,54,1,53,2" doraHai="60" doraHaiUra="37" who="3" fromWho="2" sc="250,0,250,0,250,-120,240,130" />
</Scene>
<Scene>
<INIT seed="1,0,0,3,5,109" ten="250,250,130,370" oya="1" hai0="32,2,17,7,8,57,63,39,105,125,116,68,46" hai1="110,112,119,58,120,0,33,31,67,133,20,104,122" hai2="64,22,94,101,60,38,108,75,61,83,13,84,43" hai3="9,114,78,90,55,1,30,131,111,56,45,24,19"/><U98/><E119/><V77/><F108/><W35/><G111/><T128/><D116/><U50/><E0/><V102/><F43/><W69/><G69/><T59/><D125/><U12/><E110/><V51/><F38/><W113/><G131/><T15/><D128/><U126/><E126/><V107/><F51/><W99/><G78/><T11/><D105/><U44/><E133/><V70/><F107/><W47/><G99/><T52/><D32/><U80/><E33/><V103/><F61/><W18/><G90/><T54/><D68/><U127/><E127/><V97/><F75/><W115/><G1/><T21/><D8/><U95/><E104/><V23/><REACH who="2" step="1"/><F13/><REACH who="2" ten="250,250,120,370" step="2"/><W66/><G66/><T134/><D134/><U72/><E12/><V14/><F14/><W117/><G117/><T71/><D71/><U135/><E135/><V10/><F10/><W132/><G132/><T65/><REACH who="0" step="1"/><D59/><REACH who="0" ten="240,250,120,370" step="2"/><U37/><E58/><V129/><F129/><W6/><G9/><T76/><D76/><U74/><E122/><V41/><F41/><AGARI ba="0,2" hai="2,7,11,15,17,21,39,41,46,52,54,57,63,65" machi="41" ten="40,2600,0" yaku="1,1,54,1,53,0" doraHai="109" doraHaiUra="82" who="0" fromWho="2" sc="240,46,250,0,120,-26,370,0" />
</Scene>
<Scene>
<INIT seed="2,0,0,2,2,37" ten="286,250,94,370" oya="2" hai0="8,67,56,101,126,109,50,4,117,114,17,98,65" hai1="127,3,112,122,113,7,42,12,35,22,93,53,46" hai2="44,79,72,102,66,0,111,55,92,104,103,45,51" hai3="40,33,38,30,96,10,81,6,11,20,125,119,130"/><V64/><F104/><W115/><G119/><T97/><D117/><U36/><E127/><V41/><F0/><W9/><G125/><T2/><D126/><U73/><E35/><V47/><F111/><W100/><G130/><T88/><D109/><U13/><E122/><V87/><F72/><W59/><G115/><T86/><D114/><U123/><E123/><V68/><F68/><W134/><G134/><T39/><D39/><U54/><E73/><V106/><F106/><W60/><G33/><T108/><D108/><U129/><E129/><V133/><F133/><W19/><G30/><T24/><D101/><N who="2" m="38410" /><F45/><W57/><G81/><T132/><D132/><U90/><E3/><V118/><F118/><W107/><G6/><T74/><D74/><U70/><E70/><V76/><F92/><W26/><REACH who="3" step="1"/><G60/><REACH who="3" ten="286,250,94,360" step="2"/><T58/><D4/><U85/><E112/><V80/><F79/><W52/><G52/><T21/><D2/><U78/><E78/><V43/><F55/><W61/><G61/><T91/><D67/><N who="2" m="25642" /><F51/><W105/><G105/><T95/><D50/><N who="1" m="26967" /><E113/><V135/><F135/><W62/><G62/><T49/><D49/><U71/><E36/><V69/><F69/><W29/><G29/><T82/><D65/><U31/><E71/><V18/><F18/><W110/><G110/><T121/><D121/><U77/><E77/><V27/><F27/><W5/><G5/><T116/><D116/><U15/><E7/><V131/><F131/><W34/><G34/><T63/><D63/><U23/><E31/><V99/><F99/><W124/><G124/><T89/><D98/><RYUUKYOKU ba="0,1" sc="286,-30,250,10,94,10,360,10" hai1="12,13,15,22,23,53,54,85,90,93" hai2="41,43,44,47,76,80,87" hai3="9,10,11,19,20,26,38,40,57,59,96,100,107" />
</Scene>
<Scene>
<INIT seed="2,1,1,4,0,33" ten="256,260,104,370" oya="2" hai0="36,88,112,5,100,44,23,133,60,62,86,16,8" hai1="22,81,107,96,26,40,80,48,120,63,127,52,91" hai2="21,65,126,1,3,19,6,116,97,74,51,72,101" hai3="115,109,34,59,38,25,94,75,108,42,39,92,50"/><V132/><F116/><W130/><G75/><T11/><D112/><U45/><E127/><V54/><F126/><W111/><G115/><T61/><D100/><U122/><E107/><V69/><F132/><W28/><G130/><T58/><D133/><U49/><E63/><V47/><F6/><W71/><G71/><T79/><D79/><U78/><E96/><V129/><F129/><W9/><G9/><T118/><D118/><U43/><E91/><V134/><F134/><W66/><G66/><T76/><D76/><U12/><E12/><V41/><F65/><W68/><G68/><T35/><D35/><U93/><E93/><N who="3" m="35946" /><G59/><T121/><D121/><N who="1" m="46699" /><E48/><V31/><F69/><W82/><G82/><N who="1" m="31850" /><E78/><V55/><F31/><AGARI ba="1,1" hai="22,26,31,40,43,45,49,52" m="31850,46699" machi="31" ten="30,2000,0" yaku="13,1,54,1" doraHai="33" who="1" fromWho="2" sc="256,0,260,33,104,-23,370,0" />
</Scene>
<Scene>
<INIT seed="3,0,0,3,1,6" ten="256,293,81,370" oya="3" hai0="117,23,32,2,17,34,19,107,38,52,45,7,15" hai1="65,9,112,42,47,116,71,40,37,48,31,18,28" hai2="129,70,43,115,27,85,66,94,56,91,89,97,58" hai3="54,114,93,126,80,118,20,79,104,82,24,75,39"/><W10/><G114/><T41/><D117/><U122/><E112/><V21/><F115/><W98/><G118/><T134/><D107/><U67/><E116/><V87/><F129/><W8/><G39/><T22/><D134/><U76/><E122/><V25/><F70/><W63/><G104/><T68/><D68/><U62/><E67/><V53/><F43/><W44/><G126/><T99/><D99/><U106/><E106/><V131/><F131/><W69/><G80/><T109/><D109/><U90/><E76/><V46/><F66/><W103/><G69/><T95/><D95/><U61/><E61/><V60/><F46/><W125/><G125/><T59/><D2/><U30/><E90/><V84/><F58/><W128/><G128/><T57/><D7/><U16/><E40/><V111/><F111/><W26/><G26/><T127/><D59/><U83/><E83/><V102/><REACH who="2" step="1"/><F27/><REACH who="2" ten="256,293,71,370" step="2"/><W132/><G132/><T55/><D127/><U5/><REACH who="1" step="1"/><E37/><REACH who="1" ten="256,283,71,370" step="2"/><V13/><F13/><AGARI ba="0,2" hai="5,9,13,16,18,28,30,31,42,47,48,62,65,71" machi="13" ten="40,8000,1" yaku="1,1,2,1,52,1,54,1,53,0" doraHai="6" doraHaiUra="113" who="1" fromWho="2" sc="256,0,283,100,71,-80,370,0" owari="256,-14.0,383,48.0,-9,-51.0,370,17.0" />
</Scene>
</mjloggm>