<mjloggm ver="2.3"><GO type="169" lobby="0"/><UN n0="%E3%81%BE%E3%81%93%E3%81%95%E3%81%A8%76%65%72%32" n1="%E7%88%BD%E6%B5%B7" n2="%E5%A4%AA%E3%81%8F%E3%81%AA%E3%81%84%E3%81%8A" n3="%47%E3%83%A8%E9%BE%8D%E9%96%80" dan="18,16,19,16" rate="2235.62,2095.41,2335.72,2092.28" sx="M,F,F,M"/><TAIKYOKU oya="0"/>

<Scene>
<INIT seed="0,0,0,3,5,15" ten="250,250,250,250" oya="0" hai0="19,105,44,77,35,63,104,85,53,83,68,65,17" hai1="31,127,113,24,84,52,74,98,115,59,22,100,30" hai2="91,28,32,106,26,37,41,134,9,78,45,107,3" hai3="79,93,101,56,122,76,64,117,121,119,66,87,42"/><T90/><D35/><U12/><E74/><V111/><F91/><N who="3" m="53503" /><G42/><T94/><D105/><N who="1" m="63639" /><E127/><V70/><F111/><W11/><G11/><T97/><REACH who="0" step="1"/><D104/><REACH who="0" ten="240,250,250,250" step="2"/><U135/><E115/><V81/><F134/><W14/><G119/><T10/><D10/><U0/><E113/><V57/><F107/><W40/><G117/><T125/><D125/><U16/><E135/><V47/><F106/><W132/><G132/><T13/><D13/><U99/><E12/><V5/><F32/><W50/><G14/><T21/><D21/><U73/><E22/><V8/><F8/><W23/><G23/><T131/><D131/><U114/><E114/><V112/><F112/><W38/><G122/><T54/><D54/><U88/><E52/><V33/><F33/><W110/><G121/><T130/><D130/><U1/><E0/><V116/><F116/><W7/><G64/><T58/><D58/><U49/><E59/><V102/><F57/><W43/><G66/><T67/><D67/><U18/><E1/><V103/><F9/><W20/><G56/><T118/><D118/><U61/><E24/><V2/><F3/><W6/><G20/><T29/><D29/><U123/><E30/><V55/><F28/><W72/><G7/><T48/><AGARI ba="0,1" hai="17,19,44,48,53,63,65,68,77,83,85,90,94,97" machi="48" ten="30,12000,1" yaku="1,1,0,1,52,2,53,1" doraHai="15" doraHaiUra="92" who="0" fromWho="0" sc="240,130,250,-40,250,-40,250,-40" />
</Scene>
<Scene>
<INIT seed="0,1,0,4,0,105" ten="370,210,210,210" oya="0" hai0="132,122,60,23,112,95,44,108,37,49,84,94,77" hai1="80,66,106,54,87,5,135,88,46,6,76,19,104" hai2="24,12,34,56,86,1,52,130,40,8,90,11,74" hai3="73,126,85,10,27,57,72,114,3,64,58,127,93"/><T133/><D37/><U120/><E120/><V99/><F130/><W107/><G107/><T69/><D112/><U71/><E135/><N who="0" m="51785" /><D122/><U79/><E106/><V111/><F111/><W47/><G114/><T33/><D33/><U38/><E104/><V97/><F40/><W7/><G47/><T100/><D100/><U26/><E66/><V22/><F34/><W62/><G27/><T83/><D108/><U61/><E71/><V4/><F74/><N who="3" m="28779" /><G85/><T98/><D98/><U51/><E61/><N who="2" m="35975" /><F11/><W92/><G58/><T48/><D23/><N who="1" m="13695" /><E38/><V21/><F1/><W109/><G109/><T42/><D48/><U118/><E118/><V82/><F22/><W32/><G32/><T29/><D29/><AGARI ba="1,0" hai="4,8,12,21,24,29,82,86,90,97,99" m="35975" machi="29" ten="30,2000,0" yaku="8,1,54,1" doraHai="105" who="2" fromWho="0" sc="370,-23,210,0,210,23,210,0" />
</Scene>
<Scene>
<INIT seed="1,0,0,4,1,123" ten="347,210,233,210" oya="1" hai0="20,79,69,38,70,96,18,47,8,109,105,90,119" hai1="55,4,54,9,12,71,111,60,84,63,17,85,112" hai2="113,116,37,132,28,44,77,16,100,107,83,31,24" hai3="81,110,29,42,98,93,97,117,7,125,57,78,133"/><U61/><E71/><V99/><F116/><W34/><G117/><T68/><D109/><U121/><E112/><V130/><F113/><W19/><G133/><T23/><D8/><U33/><E121/><V106/><F132/><W64/><G125/><T65/><D65/><U75/><E75/><V35/><F130/><W26/><G7/><T43/><D79/><U30/><E111/><V87/><F31/><W49/><G110/><T59/><D59/><U0/><E85/><V36/><F106/><W72/><G19/><T32/><D32/><U1/><E84/><V134/><F134/><W127/><G127/><T56/><D56/><U14/><E0/><V46/><REACH who="2" step="1"/><F16/><REACH who="2" ten="347,210,223,210" step="2"/><W13/><G29/><T15/><D105/><U6/><E6/><V48/><F48/><W135/><G49/><T3/><D18/><U52/><REACH who="1" step="1"/><E17/><REACH who="1" ten="347,200,223,210" step="2"/><V86/><F86/><N who="3" m="48439" /><G135/><T22/><D119/><U66/><E66/><V62/><F62/><W129/><G64/><T10/><D96/><U82/><E82/><V5/><F5/><W27/><G72/><T39/><D68/><U124/><E124/><V21/><F21/><W2/><G98/><T58/><D23/><U128/><E128/><V50/><F50/><W53/><G97/><T118/><D22/><U80/><E80/><V104/><F104/><W67/><G129/><T11/><D20/><U89/><E89/><V92/><F92/><W40/><G93/><T103/><D90/><U73/><E73/><V101/><F101/><W120/><G67/><T102/><D103/><U115/><E115/><V122/><F122/><W41/><G120/><RYUUKYOKU ba="0,2" sc="347,-15,200,15,223,15,210,-15" hai1="1,4,9,12,14,30,33,52,54,55,60,61,63" hai2="24,28,35,36,37,44,46,77,83,87,99,100,107" />
</Scene>
<Scene>
<INIT seed="1,1,2,0,1,93" ten="332,215,238,195" oya="1" hai0="31,18,48,23,7,118,56,72,123,15,10,104,49" hai1="116,134,59,125,108,39,28,86,0,68,27,35,50" hai2="76,51,13,58,91,129,16,29,81,99,46,25,71" hai3="75,17,14,70,73,37,126,102,61,135,47,82,77"/><U84/><E116/><V60/><F129/><W120/><G120/><T101/><D72/><U36/><E68/><V69/><F91/><W57/><G135/><T34/><D118/><U33/><E0/><V115/><F115/><W11/><G126/><T53/><D123/><U78/><E134/><V65/><F99/><W79/><G70/><T117/><D117/><U30/><E125/><V1/><F1/><W94/><G47/><T55/><D34/><U87/><E78/><V44/><F44/><W119/><G37/><T64/><D64/><U32/><E108/><V107/><F107/><W105/><G105/><T112/><D31/><U80/><E80/><V98/><F98/><W45/><G45/><T132/><D132/><U62/><E50/><V54/><F25/><W100/><G119/><T88/><D101/><U110/><E110/><V111/><F29/><W85/><G77/><T103/><D103/><U42/><E42/><V130/><F130/><W43/><G43/><T41/><D104/><U124/><E124/><V131/><F111/><W38/><G38/><T83/><D41/><U127/><E127/><V5/><F5/><W92/><G75/><T97/><D112/><U67/><E35/><V63/><F63/><W121/><G121/><T12/><D83/><U109/><E109/><V52/><F65/><N who="3" m="39087" /><G73/><T106/><D106/><U22/><E22/><N who="2" m="11535" /><F131/><W2/><G2/><T8/><D8/><U19/><E19/><V20/><F20/><W26/><G26/><AGARI ba="1,2" hai="26,27,28,30,32,33,36,39,59,62,67,84,86,87" machi="26" ten="40,2000,0" yaku="9,1" doraHai="93" who="1" fromWho="3" sc="332,0,215,43,238,0,195,-23" />
</Scene>
<Scene>
<INIT seed="1,2,0,5,4,52" ten="332,258,238,172" oya="1" hai0="79,85,95,98,135,82,109,22,78,130,102,61,111" hai1="84,18,0,94,100,49,74,120,21,12,81,110,60" hai2="64,50,77,70,124,125,128,20,58,114,134,73,68" hai3="97,43,121,66,8,31,118,28,39,87,108,7,92"/><U99/><E120/><V10/><F114/><W25/><G118/><T53/><D22/><U123/><E123/><V104/><F104/><W1/><G121/><T83/><D135/><U54/><E110/><N who="0" m="41993" /><D53/><U9/><E74/><V45/><F134/><W126/><G108/><T127/><D61/><U116/><E116/><V91/><F128/><W36/><G126/><N who="2" m="48745" /><F91/><W42/><G66/><T69/><D69/><U63/><E21/><V40/><F10/><W101/><G87/><N who="0" m="48599" /><D127/><U62/><E0/><V4/><F4/><W115/><G115/><T89/><D130/><U17/><E17/><V14/><F77/><AGARI ba="2,0" hai="77,79,83,85,89,95,98,102" m="48599,41993" machi="77" ten="30,3900,0" yaku="14,1,34,2" doraHai="52" who="0" fromWho="2" sc="332,45,258,0,238,-45,172,0" />
</Scene>
<Scene>
<INIT seed="2,0,0,4,5,102" ten="377,258,193,172" oya="2" hai0="74,75,101,59,95,29,127,45,23,34,17,98,91" hai1="96,40,94,53,21,112,111,120,77,6,51,63,3" hai2="19,5,25,81,113,76,12,32,126,79,20,121,56" hai3="43,82,27,114,90,69,44,9,66,7,13,99,41"/><V55/><F113/><W18/><G114/><T97/><D127/><U64/><E112/><V60/><F121/><W104/><G69/><T46/><D34/><U133/><E111/><V22/><F126/><W52/><G66/><T42/><D29/><U107/><E107/><V119/><F119/><W62/><G104/><T16/><D59/><U92/><E133/><V124/><F124/><W47/><G47/><T30/><D30/><U10/><E40/><V31/><F5/><W61/><G61/><T110/><D110/><U38/><E38/><V118/><F118/><W103/><G103/><T68/><D68/><U36/><E36/><V117/><F117/><W115/><G115/><T33/><D33/><U93/><E21/><V109/><F109/><W37/><G43/><T129/><D129/><U78/><E96/><V0/><F0/><W122/><G122/><T57/><D57/><U73/><E73/><V58/><F58/><W71/><G71/><T80/><D17/><U89/><E89/><V116/><F116/><W50/><G37/><T123/><D46/><U86/><E86/><V48/><F60/><W108/><G108/><T131/><D131/><U24/><E24/><V88/><REACH who="2" step="1"/><F32/><REACH who="2" ten="377,258,183,172" step="2"/><W106/><G62/><T100/><D123/><U35/><E35/><V28/><F28/><W135/><G7/><T49/><D45/><N who="1" m="27887" /><E120/><V39/><F39/><W128/><G44/><T14/><D49/><U130/><E130/><V1/><F1/><W125/><G50/><T54/><D42/><U4/><E6/><V85/><AGARI ba="0,1" hai="12,19,20,22,25,31,48,55,56,76,79,81,85,88" machi="85" ten="30,11700,0" yaku="1,1,0,1,8,1,54,1,53,0" doraHai="102" doraHaiUra="2" who="2" fromWho="2" sc="377,-39,258,-39,183,127,172,-39" />
</Scene>
<Scene>
<INIT seed="2,1,0,5,2,11" ten="338,219,310,133" oya="2" hai0="74,39,83,113,64,111,28,1,97,110,106,125,80" hai1="52,10,63,68,132,65,50,8,29,124,112,96,105" hai2="21,129,31,117,107,22,44,17,57,27,133,15,98" hai3="122,49,33,79,123,86,99,121,30,60,61,69,95"/><V70/><F70/><W14/><G69/><T71/><D28/><U128/><E112/><V54/><F117/><W100/><G49/><T114/><D1/><U67/><E128/><V89/><F129/><W4/><G30/><T78/><D39/><U104/><E132/><V101/><F133/><W82/><REACH who="3" step="1"/><G33/><REACH who="3" ten="338,219,310,123" step="2"/><T55/><D71/><U88/><E29/><V36/><F36/><W58/><G58/><T76/><D125/><U118/><E50/><V116/><F116/><W59/><G59/><T18/><D64/><U135/><E118/><V20/><F44/><W32/><G32/><T34/><D34/><U131/><E131/><V35/><REACH who="2" step="1"/><F89/><REACH who="2" ten="338,219,300,123" step="2"/><W3/><G3/><T5/><D114/><U26/><E88/><V13/><F13/><W90/><G90/><T0/><D113/><U77/><E68/><V47/><F47/><W108/><G108/><T94/><D111/><U126/><E126/><V84/><F84/><W51/><G51/><AGARI ba="1,2" hai="15,17,20,21,22,27,31,35,51,54,57,98,101,107" machi="51" ten="30,5800,0" yaku="1,1,7,1,52,1,53,0" doraHai="11" doraHaiUra="62" who="2" fromWho="3" sc="338,0,219,0,300,81,123,-61" />
</Scene>
<Scene>
<INIT seed="2,2,0,5,4,98" ten="338,219,381,62" oya="2" hai0="116,12,112,43,127,106,47,8,114,63,30,76,53" hai1="10,72,95,87,52,93,60,104,130,83,40,126,100" hai2="74,61,84,24,56,103,50,68,9,132,92,33,124" hai3="22,17,38,32,6,99,78,108,73,28,134,89,102"/><V133/><F74/><W25/><G108/><T36/><D76/><U11/><E130/><V121/><F121/><W26/><G134/><N who="2" m="51817" /><F124/><W66/><G38/><T31/><D116/><U123/><E123/><V59/><F9/><W105/><G89/><T115/><D127/><U27/><E72/><V15/><F15/><W16/><G6/><T46/><D106/><U20/><E40/><V58/><F50/><W81/><REACH who="3" step="1"/><G66/><REACH who="3" ten="338,219,381,52" step="2"/><T39/><D114/><U45/><E126/><V65/><F65/><W1/><G1/><T29/><D115/><U34/><E34/><V77/><F33/><W96/><G96/><T110/><D112/><U18/><E104/><V2/><F2/><W79/><G79/><T0/><D0/><U64/><E64/><V37/><F77/><W118/><G118/><T128/><D110/><U135/><E135/><V21/><F37/><W131/><G131/><T120/><D128/><U67/><E67/><V101/><F61/><W35/><G35/><T82/><D120/><U54/><E60/><V109/><F109/><W69/><G69/><T88/><D63/><U119/><E119/><V51/><F68/><W94/><G94/><T41/><D53/><U4/><E93/><V122/><F122/><W71/><G71/><T125/><D125/><U3/><E54/><V7/><F7/><W111/><G111/><T85/><REACH who="0" step="1"/><D30/><AGARI ba="2,1" hai="16,17,22,25,26,28,30,32,73,78,81,99,102,105" machi="30" ten="30,7700,0" yaku="1,1,7,1,52,1,54,1,53,0" doraHai="98" doraHaiUra="86" who="3" fromWho="0" sc="338,-83,219,0,381,0,52,93" />
</Scene>
<Scene>
<INIT seed="3,0,0,0,2,43" ten="255,219,381,145" oya="3" hai0="45,18,30,57,132,112,82,60,129,84,128,58,24" hai1="93,34,96,38,23,100,91,5,42,61,108,28,17" hai2="12,99,29,49,52,130,68,11,131,36,9,113,124" hai3="27,51,103,77,65,79,59,72,101,63,76,90,74"/><W95/><G27/><T88/><D132/><U98/><E108/><V121/><F113/><W66/><G66/><T119/><D119/><U13/><E5/><V97/><F36/><W118/><G118/><T20/><D112/><U107/><E61/><V134/><F68/><W62/><G62/><T78/><D45/><U127/><E127/><V117/><F117/><W3/><G3/><T64/><D57/><U110/><E110/><V14/><F29/><W73/><REACH who="3" step="1"/><G51/><REACH who="3" ten="255,219,381,135" step="2"/><T2/><D2/><U106/><E38/><V133/><F49/><W25/><G25/><T75/><REACH who="0" step="1"/><D30/><REACH who="0" ten="245,219,381,135" step="2"/><U15/><E28/><V125/><F133/><W19/><G19/><T40/><D40/><U48/><E42/><V94/><F134/><W109/><G109/><T55/><D55/><U114/><E17/><V41/><F52/><W135/><G135/><T115/><D115/><U70/><E114/><V50/><F41/><W6/><G6/><T47/><D47/><U1/><E1/><V35/><F124/><W87/><AGARI ba="0,2" hai="59,63,65,72,73,74,76,77,79,87,90,95,101,103" machi="87" ten="40,7800,0" yaku="1,1,0,1,53,1" doraHai="43" doraHaiUra="83" who="3" fromWho="3" sc="245,-26,219,-26,381,-26,135,98" />
</Scene>
<Scene>
<INIT seed="3,1,0,1,0,115" ten="219,193,355,233" oya="3" hai0="30,74,9,98,22,62,110,109,113,33,122,64,48" hai1="130,66,96,72,41,16,5,95,36,24,12,75,15" hai2="84,101,61,11,93,73,58,134,126,3,121,103,123" hai3="118,46,80,54,120,71,132,77,86,26,108,55,44"/><W20/><G118/><T127/><D122/><N who="2" m="46602" /><F73/><W65/><G120/><T29/><D33/><U0/><E130/><V35/><F35/><W56/><G108/><N who="0" m="41579" /><D74/><U6/><E66/><N who="2" m="39223" /><F134/><W49/><G132/><T57/><D113/><U59/><E0/><V106/><F106/><W119/><G119/><T102/><D127/><U83/><E59/><V34/><F34/><W114/><G114/><T38/><D38/><U68/><E68/><V129/><F129/><W10/><G10/><T70/><D9/><U82/><E36/><V87/><F126/><W94/><G94/><N who="0" m="58711" /><D22/><U88/><E95/><V39/><F39/><W7/><G7/><T69/><D48/><U116/><E96/><N who="2" m="59535" /><F103/><W100/><G100/><T128/><D128/><U31/><E72/><V2/><F2/><W78/><G78/><T4/><D4/><AGARI ba="1,0" hai="3,4,11,84,87" m="59535,39223,46602" machi="4" ten="30,1000,0" yaku="13,1" doraHai="115" who="2" fromWho="0" sc="219,-13,193,0,355,13,233,0" />
</Scene>
<Scene>
<INIT seed="4,0,0,2,1,113" ten="206,193,368,233" oya="0" hai0="90,47,77,110,66,26,92,135,105,76,28,13,46" hai1="102,49,15,67,39,1,11,116,22,35,126,134,79" hai2="53,68,70,20,73,82,115,44,114,56,23,54,18" hai3="43,132,14,111,51,109,80,7,106,58,72,31,29"/><T36/><D105/><U78/><E39/><V122/><F122/><W33/><G132/><T86/><D135/><U107/><E1/><V12/><F44/><W97/><G7/><T130/><D130/><U101/><E35/><V42/><F42/><W84/><G72/><T2/><D2/><U45/><E116/><V128/><F128/><W125/><G125/><T127/><D127/><U83/><E78/><N who="2" m="44367" /><F23/><W108/><G14/><T0/><D0/><U87/><E134/><V85/><F85/><W123/><G123/><T59/><D110/><U8/><E67/><V94/><F94/><W121/><G121/><T129/><D129/><U81/><E81/><V63/><F53/><W65/><G33/><T74/><D74/><U100/><E107/><V57/><F57/><W40/><G106/><T104/><D104/><U19/><REACH who="1" step="1"/><E126/><REACH who="1" ten="206,183,368,233" step="2"/><V124/><F124/><W16/><G65/><T99/><D36/><U21/><E21/><V69/><F20/><W88/><G108/><T61/><D13/><U10/><E10/><V64/><F12/><W5/><G109/><T37/><D37/><U91/><E91/><V52/><F64/><W6/><G88/><T96/><D76/><U120/><E120/><V112/><F112/><W50/><G111/><T9/><D9/><U118/><E118/><V133/><F133/><W98/><G80/><N who="0" m="47375" /><D99/><U89/><E89/><V117/><F117/><W17/><G84/><T93/><D93/><U103/><N who="1" m="25600" /><DORA hai="25" /><U60/><E60/><N who="2" m="35847" /><F115/><W34/><G34/><T119/><D119/><U41/><AGARI ba="0,1" hai="8,11,15,19,22,41,45,49,79,83,87" m="25600" machi="41" ten="40,5200,0" yaku="1,1,0,1,8,1,53,0" doraHai="113,25" doraHaiUra="131,32" who="1" fromWho="1" sc="206,-26,183,62,368,-13,233,-13" />
</Scene>
<Scene>
<INIT seed="5,0,0,2,4,57" ten="180,245,355,220" oya="1" hai0="128,94,71,31,39,66,101,131,129,123,28,113,135" hai1="17,37,63,19,120,104,4,119,22,75,97,85,68" hai2="40,61,133,58,1,80,108,69,76,20,14,110,62" hai3="92,29,78,117,15,126,118,59,35,103,0,44,30"/><U25/><E119/><N who="3" m="45578" /><G0/><T3/><D39/><U23/><E120/><V13/><F1/><W73/><G126/><T65/><D3/><U105/><E75/><V83/><F40/><W88/><G35/><T125/><D123/><U99/><E37/><V2/><F2/><W124/><G124/><T27/><D125/><U98/><E4/><V32/><F32/><W53/><G103/><T130/><N who="0" m="32768" /><DORA hai="64" /><T55/><D113/><U52/><E85/><V48/><F48/><N who="3" m="28807" /><G15/><T67/><D135/><U81/><E81/><V84/><F80/><N who="3" m="45135" /><G59/><T5/><D5/><U72/><E72/><V41/><F13/><W132/><G132/><T74/><D74/><U38/><E38/><V36/><F14/><W51/><G51/><T93/><D55/><U33/><E33/><V79/><F133/><W91/><G91/><T115/><D115/><U70/><E70/><V60/><F69/><W54/><G54/><T122/><D122/><U77/><E77/><V45/><F76/><W116/><N who="3" m="45586" /><W56/><DORA hai="6" /><G56/><T16/><D101/><U112/><E52/><V10/><F36/><W24/><G24/><T11/><D71/><U96/><N who="1" m="24576" /><DORA hai="90" /><U127/><E112/><V95/><F41/><W114/><G114/><T49/><D49/><U100/><E100/><V109/><F58/><W106/><G106/><T26/><D11/><U82/><E127/><V21/><F10/><W42/><G42/><T18/><D27/><U9/><E9/><V89/><F45/><W12/><G12/><T8/><D8/><U111/><E104/><V46/><F46/><W87/><AGARI ba="0,0" hai="29,30,87,88,92" m="45135,28807,45586" machi="87" ten="40,8000,1" yaku="5,1,12,1,52,1,54,1" doraHai="57,64,6,90" who="3" fromWho="3" sc="180,-20,245,-40,355,-20,220,80" />
</Scene>
<Scene>
<INIT seed="6,0,0,4,4,28" ten="160,205,335,300" oya="2" hai0="30,101,43,127,78,85,73,134,2,68,0,100,103" hai1="72,50,21,76,12,51,49,7,97,133,77,95,99" hai2="131,55,132,3,82,111,106,93,74,86,8,24,58" hai3="64,16,79,1,96,69,113,29,31,92,33,40,15"/><V11/><F106/><W112/><G1/><T91/><D68/><U130/><E133/><V66/><F74/><W63/><G79/><N who="1" m="30282" /><E72/><V87/><F132/><W120/><G40/><T59/><D43/><U25/><E130/><V19/><F66/><W13/><G13/><T128/><D134/><U42/><E42/><V17/><F131/><W107/><G120/><T35/><D128/><U9/><E95/><V105/><F105/><W48/><G48/><N who="1" m="12290" /><U122/><DORA hai="45" /><E122/><V46/><F93/><W71/><G71/><T37/><D37/><U75/><E75/><V53/><F3/><W126/><G107/><T44/><D44/><U84/><E84/><V10/><F86/><W4/><G33/><T124/><D59/><U57/><E57/><V52/><F46/><W98/><G92/><T83/><D0/><U22/><E22/><N who="2" m="13391" /><F58/><W70/><G70/><T102/><N who="0" m="25600" /><DORA hai="135" /><T27/><REACH who="0" step="1"/><D2/><REACH who="0" ten="150,205,335,300" step="2"/><U60/><E60/><V61/><F61/><W39/><G39/><T80/><AGARI ba="0,1" hai="27,30,35,73,78,80,83,85,91,124,127" m="25600" machi="80" ten="50,12000,2" yaku="1,1,2,1,0,1,52,3,53,0" doraHai="28,45,135" doraHaiUra="5,121,116" who="0" fromWho="0" sc="150,130,205,-30,335,-60,300,-30" />
</Scene>
<Scene>
<INIT seed="7,0,0,1,1,62" ten="280,175,275,270" oya="3" hai0="9,2,28,85,29,7,48,119,105,98,38,23,5" hai1="107,106,100,77,12,123,17,3,89,76,19,71,79" hai2="99,65,45,10,47,42,132,74,66,112,18,72,15" hai3="6,0,128,49,130,82,134,127,27,84,110,73,125"/><W91/><G134/><T40/><D38/><U25/><E123/><V33/><F33/><W41/><G110/><T31/><D119/><U80/><E3/><V78/><F132/><W1/><G27/><T108/><D108/><U70/><E25/><V97/><F112/><W43/><G73/><T4/><D85/><U46/><E46/><N who="2" m="17419" /><F74/><W54/><G41/><T133/><D48/><U60/><E17/><V57/><F72/><W86/><G86/><T20/><D98/><N who="2" m="37386" /><F42/><W34/><G43/><T51/><D51/><U53/><E100/><V126/><F126/><N who="3" m="48139" /><G34/><T94/><D94/><U96/><E106/><V109/><F109/><W24/><G24/><N who="0" m="16391" /><D105/><U52/><E107/><V90/><F78/><W83/><G83/><T117/><D40/><U44/><E96/><V93/><F57/><N who="3" m="32975" /><G6/><N who="0" m="1239" /><D117/><U39/><E39/><V129/><F129/><AGARI ba="0,0" hai="0,1,82,84,91,128,129,130" m="32975,48139" machi="129" ten="30,2900,0" yaku="19,1,18,1" doraHai="62" who="3" fromWho="2" sc="280,0,175,0,275,-29,270,29" />
</Scene>
<Scene>
<INIT seed="7,1,0,0,2,50" ten="280,175,246,299" oya="3" hai0="77,72,42,15,98,73,79,0,96,4,61,49,115" hai1="26,28,118,7,11,126,71,81,127,125,87,32,17" hai2="111,52,64,24,80,86,135,36,33,70,104,123,48" hai3="88,91,67,6,101,132,59,124,20,114,74,57,5"/><W129/><G114/><T110/><D0/><N who="1" m="487" /><E71/><V56/><F111/><W103/><G124/><N who="1" m="31746" /><U102/><DORA hai="93" /><E102/><N who="3" m="38922" /><G74/><T94/><D110/><U120/><E120/><V19/><F104/><W38/><G38/><T133/><D133/><U30/><E118/><V66/><F36/><W92/><G129/><T25/><D115/><U134/><E134/><V3/><F3/><W76/><G132/><T22/><D72/><U40/><E40/><V21/><F135/><W108/><G108/><T116/><D116/><U69/><E69/><V8/><F33/><W99/><G76/><T10/><D73/><U60/><E60/><N who="2" m="35847" /><F70/><W100/><G20/><T131/><D61/><U83/><E28/><N who="2" m="17423" /><F123/><W119/><G119/><T90/><D131/><U18/><E83/><V84/><F48/><W37/><G37/><T85/><D49/><U89/><AGARI ba="1,0" hai="17,18,26,30,32,81,87,89" m="31746,487" machi="89" ten="40,1500,0" yaku="18,1" doraHai="50,93" who="1" fromWho="1" sc="280,-5,175,18,246,-5,299,-8" />
</Scene>
<Scene>
<INIT seed="8,0,0,5,0,36" ten="275,193,241,291" oya="0" hai0="50,25,13,28,31,53,134,10,112,132,59,46,77" hai1="8,20,65,40,4,76,47,16,101,21,119,90,85" hai2="56,24,66,64,54,75,11,12,99,86,55,33,120" hai3="91,117,74,129,22,70,110,30,123,57,107,15,79"/><T81/><D112/><U68/><E119/><V42/><F75/><W69/><G91/><T93/><D93/><U98/><E76/><V72/><F72/><W48/><G110/><T113/><D113/><U127/><E127/><V61/><F120/><W17/><G107/><T82/><D132/><U126/><E126/><V26/><F33/><W9/><G117/><T1/><D1/><U23/><E65/><N who="2" m="25195" /><F99/><W122/><G129/><T94/><D134/><U124/><E68/><V105/><F105/><W60/><G48/><T52/><D94/><N who="1" m="58583" /><E124/><V37/><F37/><W58/><G79/><T45/><D45/><U5/><E47/><V100/><F100/><W32/><G32/><T89/><D89/><U115/><E115/><V106/><F106/><W95/><G95/><T108/><D108/><U73/><E73/><V109/><F109/><W51/><G74/><T78/><D78/><U118/><E118/><V19/><F86/><W63/><G70/><T71/><D71/><U96/><E96/><V116/><F116/><W6/><G69/><T133/><D133/><U41/><E16/><V67/><F67/><N who="3" m="39311" /><G123/><T49/><D25/><N who="2" m="9834" /><F55/><N who="3" m="34271" /><G122/><T88/><D77/><U135/><E135/><V111/><F111/><W104/><G104/><T18/><D81/><N who="1" m="49455" /><E8/><V103/><F103/><W92/><G92/><T125/><D125/><U84/><E84/><AGARI ba="0,0" hai="10,13,18,28,31,46,49,50,52,53,59,82,84,88" machi="84" ten="40,12000,1" yaku="25,2,8,1,54,2" doraHai="36" who="0" fromWho="1" sc="275,120,193,-120,241,0,291,0" owari="395,50.0,73,-43.0,241,-16.0,291,9.0" />
</Scene>
</mjloggm>