<mjloggm ver="2.3"><GO type="169" lobby="0"/><UN n0="%E6%9D%9F%E5%AD%90" n1="%E9%A2%A8%E8%BB%8A%E3%81%AE%E7%B5%B5%E7%90%86%E5%AD%90" n2="%75%65%73%68%6F%77" n3="%E5%A4%AA%E3%81%8F%E3%81%AA%E3%81%84%E3%81%8A" dan="16,17,16,17" rate="2061.16,2181.38,2147.76,2240.40" sx="M,F,M,M"/><TAIKYOKU oya="0"/>

<Scene>
<INIT seed="0,0,0,0,5,55" ten="250,250,250,250" oya="0" hai0="17,70,24,59,40,120,9,118,33,126,35,5,98" hai1="57,62,129,132,0,4,11,25,76,114,47,28,61" hai2="45,41,91,134,80,20,75,37,88,122,77,2,49" hai3="124,60,107,21,100,34,115,31,116,44,113,110,102"/><T27/><D70/><U130/><E132/><V92/><F134/><W43/><G116/><T90/><D118/><U39/><E114/><V89/><F122/><W54/><G34/><T12/><D120/><U65/><E76/><V97/><F49/><W131/><G31/><T94/><D126/><U74/><E74/><V56/><F20/><W10/><G21/><T67/><D40/><U111/><E111/><V19/><F19/><W53/><G10/><T66/><D35/><U87/><E87/><V119/><F119/><W96/><G102/><T15/><D33/><U83/><E83/><V93/><F93/><W123/><G123/><T13/><D13/><U106/><E106/><V105/><F105/><W51/><G110/><T38/><D38/><U63/><E47/><V23/><F23/><W1/><G1/><T121/><D121/><U127/><E39/><V30/><F30/><W72/><G72/><T82/><D82/><U86/><E86/><V78/><F78/><W26/><G26/><T95/><D95/><U101/><E101/><V133/><F133/><W32/><G32/><T18/><D5/><U36/><E36/><V81/><F81/><W128/><G124/><T69/><D69/><U109/><E127/><V58/><REACH who="2" step="1"/><F2/><REACH who="2" ten="250,250,240,250" step="2"/><W14/><G107/><T68/><D27/><U71/><E109/><V8/><F8/><W6/><G14/><T50/><D24/><U29/><E29/><V117/><F117/><W22/><G115/><T135/><D135/><U42/><E25/><V64/><F64/><W104/><G113/><T108/><D108/><U52/><E28/><RYUUKYOKU ba="0,1" sc="250,-10,250,-10,240,30,250,-10" hai2="37,41,45,56,58,75,77,80,88,89,91,92,97" />
</Scene>
<Scene>
<INIT seed="1,1,1,3,3,132" ten="240,240,270,240" oya="1" hai0="61,30,16,103,131,109,115,135,100,34,1,130,19" hai1="35,134,74,7,79,128,51,52,95,121,75,25,116" hai2="91,67,8,93,99,0,88,50,114,32,68,105,133" hai3="44,117,83,97,69,36,124,31,26,104,73,38,70"/><U24/><E7/><V84/><F114/><W21/><G117/><T14/><D1/><U64/><E121/><V5/><F133/><W15/><G15/><T10/><D135/><U112/><E134/><V54/><F32/><N who="3" m="20599" /><G124/><T118/><D115/><U59/><E112/><V113/><F113/><W49/><G49/><T6/><D118/><U43/><E116/><V81/><F105/><W40/><G21/><T119/><D119/><U42/><E128/><N who="0" m="49193" /><D109/><U120/><E120/><V122/><F122/><W45/><G45/><T37/><D37/><U80/><E75/><V98/><F68/><W78/><G38/><T82/><D82/><U56/><E95/><V126/><F67/><W47/><G47/><T48/><D61/><U4/><E4/><V110/><F110/><W92/><G92/><T39/><D39/><U72/><E72/><V90/><F126/><W29/><G29/><T86/><D86/><U23/><E35/><V33/><F33/><W46/><G46/><T53/><D30/><U2/><E2/><V108/><F108/><W65/><G65/><T11/><D34/><U13/><E13/><V63/><F63/><W101/><AGARI ba="1,1" hai="36,40,44,69,70,73,78,83,97,101,104" m="20599" machi="101" ten="30,2000,0" yaku="33,2" doraHai="132" who="3" fromWho="3" sc="240,-6,240,-11,270,-6,240,33" />
</Scene>
<Scene>
<INIT seed="2,0,0,4,1,19" ten="234,229,264,273" oya="2" hai0="71,12,63,7,131,93,58,70,98,51,108,13,100" hai1="21,84,111,128,31,54,36,103,40,30,20,41,95" hai2="2,59,24,82,32,1,135,38,76,44,48,0,33" hai3="129,22,23,107,109,42,28,4,112,99,124,94,86"/><V3/><F135/><W126/><G109/><T75/><D75/><U50/><E36/><V35/><F59/><W80/><G107/><T37/><D37/><U106/><E106/><V52/><N who="2" m="0" /><DORA hai="46" /><V121/><F38/><W85/><G4/><T60/><D108/><U34/><E34/><V118/><F118/><W73/><G42/><N who="1" m="16490" /><E128/><V127/><F121/><W117/><G117/><T62/><D131/><U123/><E123/><V130/><F130/><W104/><G104/><T5/><D71/><U14/><E14/><N who="0" m="5737" /><D70/><U11/><E11/><V56/><F127/><N who="3" m="48683" /><G28/><N who="1" m="10794" /><E111/><V87/><REACH who="2" step="1"/><F56/><REACH who="2" ten="234,229,254,273" step="2"/><W45/><G129/><T64/><D64/><U10/><E10/><V122/><F122/><W115/><G112/><T67/><D67/><U61/><E61/><V91/><F91/><N who="3" m="55775" /><G115/><T78/><D62/><U96/><E84/><V47/><F47/><AGARI ba="0,1" hai="20,21,47,50,54,95,96,103" m="10794,16490" machi="47" ten="30,7700,0" yaku="8,1,52,3" doraHai="19,46" who="1" fromWho="2" sc="234,0,229,87,254,-77,273,0" />
</Scene>
<Scene>
<INIT seed="3,0,0,5,1,95" ten="234,316,177,273" oya="3" hai0="73,89,38,54,61,46,40,130,15,82,105,77,37" hai1="132,115,101,108,129,134,39,30,19,47,131,36,62" hai2="59,90,42,10,51,92,126,65,104,84,114,16,135" hai3="88,49,116,1,13,23,99,125,71,3,123,94,86"/><W113/><G113/><T111/><D111/><U7/><E7/><V50/><F114/><W25/><G116/><T103/><D130/><N who="1" m="49675" /><E19/><V69/><F126/><W120/><G71/><T133/><D133/><N who="1" m="51307" /><E30/><V34/><F104/><W98/><G125/><T12/><D38/><U24/><E24/><V122/><F122/><W11/><G123/><T128/><D128/><U74/><E101/><V28/><F69/><W83/><G120/><T96/><REACH who="0" step="1"/><D89/><REACH who="0" ten="224,316,177,273" step="2"/><U76/><E108/><V109/><F109/><W56/><G1/><T57/><AGARI ba="0,1" hai="12,15,37,40,46,54,57,61,73,77,82,96,103,105" machi="57" ten="30,7900,0" yaku="1,1,2,1,0,1,52,1,53,0" doraHai="95" doraHaiUra="29" who="0" fromWho="0" sc="224,89,316,-20,177,-20,273,-39" />
</Scene>
<Scene>
<INIT seed="4,0,0,1,4,12" ten="313,296,157,234" oya="0" hai0="88,11,74,127,29,7,66,22,18,75,68,51,95" hai1="129,128,113,38,102,114,115,77,3,86,96,131,40" hai2="21,87,8,91,111,101,37,79,15,93,70,67,124" hai3="94,35,107,71,99,39,53,120,78,10,27,0,6"/><T103/><D29/><U72/><E3/><V82/><F111/><W98/><G39/><T28/><D28/><U17/><E40/><V2/><F124/><W126/><G71/><T116/><D103/><U105/><E38/><V123/><F123/><W80/><G126/><T32/><D32/><U54/><E54/><V59/><F70/><W104/><G120/><T106/><D106/><U85/><E17/><V25/><F2/><W81/><G35/><T13/><D116/><U20/><E20/><V42/><F101/><W41/><G27/><T92/><D127/><U24/><E24/><V89/><F42/><W4/><G41/><T23/><D23/><U49/><E49/><V65/><F37/><W83/><G78/><T43/><D68/><U1/><E1/><V56/><F65/><W133/><G6/><T46/><D66/><U62/><E62/><V45/><F45/><W119/><G119/><T55/><D92/><U97/><E97/><V84/><F79/><W57/><G98/><T44/><D43/><U33/><E33/><V48/><F48/><W9/><G9/><T73/><D46/><U5/><E5/><N who="2" m="3471" /><F67/><W135/><G104/><T76/><D76/><U14/><E14/><V118/><F118/><W26/><G107/><T47/><D47/><U16/><E16/><AGARI ba="0,0" hai="16,21,25,56,59,82,84,87,89,91,93" m="3471" machi="16" ten="30,3900,0" yaku="8,1,52,1,54,1" doraHai="12" who="2" fromWho="1" sc="313,0,296,-39,157,39,234,0" />
</Scene>
<Scene>
<INIT seed="5,0,0,3,2,107" ten="313,257,196,234" oya="1" hai0="132,16,62,135,121,112,33,75,40,15,105,48,99" hai1="127,85,60,8,74,26,39,70,54,25,88,119,125" hai2="36,35,12,13,134,1,9,72,76,77,96,90,86" hai3="87,31,128,53,3,63,32,91,5,83,61,65,108"/><U115/><E39/><V37/><F35/><W41/><G108/><T38/><D38/><U81/><E119/><V80/><F134/><N who="0" m="51242" /><D33/><U44/><E115/><V98/><F1/><W113/><G113/><T6/><D6/><U109/><E109/><V110/><F110/><W103/><G41/><T92/><D105/><U114/><E114/><V10/><F90/><W47/><G61/><T56/><D112/><U106/><E106/><V22/><F22/><W4/><G53/><N who="0" m="34063" /><D75/><U133/><E133/><V57/><F57/><W34/><G91/><N who="0" m="55711" /><D48/><N who="1" m="28935" /><E8/><V64/><F64/><W111/><G65/><T59/><D59/><U101/><E101/><V30/><F86/><W42/><G87/><T69/><D40/><U51/><E51/><V66/><F66/><W122/><G42/><T100/><D100/><U45/><E45/><V95/><F95/><W78/><G47/><T19/><D69/><U123/><E123/><V46/><F46/><W84/><G122/><T73/><D73/><U93/><E60/><V2/><F2/><W71/><G3/><T52/><D52/><U124/><E70/><V49/><F49/><W104/><G111/><T94/><D121/><U20/><E20/><V120/><F120/><W21/><G21/><T97/><D15/><U7/><E7/><N who="2" m="3135" /><F30/><W102/><G31/><T89/><AGARI ba="0,0" hai="16,19,89,94,97" m="55711,34063,51242" machi="89" ten="30,2000,0" yaku="20,1,54,1" doraHai="107" who="0" fromWho="0" sc="313,20,257,-10,196,-5,234,-5" />
</Scene>
<Scene>
<INIT seed="6,0,0,2,4,36" ten="333,247,191,229" oya="2" hai0="90,24,9,4,131,127,42,56,134,108,17,80,86" hai1="44,84,28,109,11,15,34,93,49,70,110,63,23" hai2="47,22,77,124,37,101,18,46,31,2,1,95,104" hai3="26,126,21,115,20,12,0,14,118,19,75,57,16"/><V69/><F69/><W92/><G75/><T78/><D108/><U83/><E34/><V64/><F104/><W103/><G0/><T125/><D131/><U25/><E93/><V45/><F31/><W59/><G118/><T10/><D134/><U74/><E74/><V27/><F124/><N who="0" m="47690" /><D56/><N who="3" m="21577" /><G126/><T13/><D42/><U82/><E82/><V61/><F77/><W60/><G115/><T5/><D24/><U55/><E63/><V133/><F37/><W29/><G60/><T73/><D10/><U72/><E72/><V68/><REACH who="2" step="1"/><F133/><REACH who="2" ten="333,247,181,229" step="2"/><W116/><G116/><T114/><D114/><U96/><E70/><V50/><F50/><W99/><G29/><T112/><D112/><U52/><E110/><V123/><F123/><W6/><G6/><T122/><D122/><U130/><E109/><V119/><F119/><W117/><G117/><T129/><D129/><U128/><E128/><V54/><F54/><W30/><G30/><T106/><D106/><U32/><E55/><V38/><F38/><W48/><G48/><T132/><D132/><U102/><E130/><V39/><F39/><W3/><G3/><T8/><D5/><U111/><E111/><V135/><F135/><W113/><G113/><T33/><D4/><U53/><E53/><V67/><F67/><W89/><G26/><T66/><D66/><U35/><E32/><V120/><F120/><W62/><G62/><T40/><D33/><U107/><E35/><V98/><AGARI ba="0,1" hai="1,2,18,22,27,45,46,47,61,64,68,95,98,101" machi="98" ten="30,3000,0" yaku="1,1,0,1,53,0" doraHai="36" doraHaiUra="71" who="2" fromWho="2" sc="333,-10,247,-10,181,40,229,-10" />
</Scene>
<Scene>
<INIT seed="6,1,0,2,2,55" ten="323,237,221,219" oya="2" hai0="101,77,85,23,61,34,24,32,71,75,100,94,19" hai1="64,28,4,109,106,36,20,33,118,127,58,16,47" hai2="130,26,25,74,38,104,57,59,89,44,103,8,125" hai3="98,84,99,87,95,91,105,132,43,46,126,81,96"/><V10/><F74/><W116/><G116/><T6/><D75/><U31/><E106/><V72/><F72/><W124/><G132/><T128/><D128/><U1/><E33/><V7/><F130/><W120/><G120/><T67/><D6/><U90/><E109/><V115/><F115/><W22/><G22/><T60/><D60/><U110/><E110/><V63/><F125/><N who="3" m="48235" /><G46/><T14/><D34/><U119/><E127/><V12/><F104/><W133/><G43/><T50/><D50/><U111/><E111/><V117/><F117/><W65/><G65/><T68/><D68/><U93/><E4/><V129/><F129/><W5/><G5/><T27/><D32/><U41/><E1/><V9/><F103/><N who="3" m="62719" /><G133/><T37/><D37/><U3/><E3/><V134/><F134/><W121/><G121/><T54/><D54/><U73/><E73/><V49/><F38/><W13/><G13/><T51/><D51/><U66/><E119/><V102/><F63/><W82/><G82/><T48/><D48/><U42/><E42/><N who="2" m="24727" /><F12/><W30/><G30/><T56/><D71/><U113/><E113/><V45/><F45/><W83/><G83/><N who="0" m="47343" /><D14/><U69/><E69/><V122/><F122/><W39/><G39/><T52/><D67/><U80/><E66/><V17/><F7/><W131/><G131/><T0/><D27/><N who="2" m="10250" /><F17/><W76/><AGARI ba="1,0" hai="76,81,84,87,91,95,96,98" m="62719,48235" machi="76" ten="30,4000,0" yaku="18,1,34,2" doraHai="55" who="3" fromWho="3" sc="323,-11,237,-11,221,-21,219,43" />
</Scene>
<Scene>
<INIT seed="7,0,0,4,3,22" ten="312,226,200,262" oya="3" hai0="12,51,98,27,16,30,129,126,49,52,114,63,39" hai1="48,50,103,90,93,59,105,1,116,106,66,131,33" hai2="92,88,124,25,57,32,83,10,14,62,82,134,58" hai3="35,75,89,100,53,74,80,87,96,65,121,34,76"/><W2/><G121/><T110/><D39/><U0/><E103/><V115/><F115/><W20/><G2/><T64/><D110/><U15/><E33/><V79/><F134/><W26/><G65/><T107/><D126/><U127/><E15/><V78/><F124/><W24/><G53/><T111/><D111/><U23/><E23/><V42/><F42/><W122/><G74/><T56/><D129/><U97/><E127/><V120/><F120/><W13/><G13/><T55/><D114/><U77/><E77/><N who="2" m="29195" /><F32/><N who="3" m="12331" /><G20/><N who="0" m="15719" /><D98/><U29/><E29/><V72/><F58/><W95/><G122/><T60/><D107/><AGARI ba="0,0" hai="24,26,75,76,80,87,89,95,96,100,107" m="12331" machi="107" ten="30,5800,0" yaku="24,1,52,2" doraHai="22" who="3" fromWho="0" sc="312,-58,226,0,200,0,262,58" owari="254,5.0,226,-17.0,200,-30.0,320,42.0" />
</Scene>
</mjloggm>