<mjloggm ver="2.3"><GO type="169" lobby="0"/><UN n0="%E5%A4%AA%E3%81%8F%E3%81%AA%E3%81%84%E3%81%8A" n1="%6D%69%7A%75%79%6F%75" n2="%6E%65%6F%40%75%6E%69" n3="%E3%81%B3%E3%82%8A%E3%81%B3%E3%82%8A%E2%98%86%E3%83%93%E3%83%AA%E3%83%BC" dan="18,16,19,17" rate="2257.59,2121.33,2249.16,2172.00" sx="F,M,M,M"/><TAIKYOKU oya="0"/>

<Scene>
<INIT seed="0,0,0,2,5,107" ten="250,250,250,250" oya="0" hai0="74,10,84,44,77,112,54,104,133,129,30,2,130" hai1="85,75,78,13,36,63,131,111,4,64,20,121,96" hai2="127,0,15,73,17,98,101,42,49,106,32,113,122" hai3="69,41,18,61,12,76,57,7,117,102,51,70,29"/><T118/><D112/><U43/><E121/><V79/><F0/><W80/><G117/><T1/><D118/><U39/><E111/><V87/><F32/><W89/><G102/><T26/><D104/><U97/><E85/><V86/><F127/><W22/><G29/><T66/><D84/><U59/><E131/><N who="0" m="50185" /><D66/><U5/><E43/><V34/><F34/><W25/><G89/><T46/><D133/><U71/><E71/><V81/><F122/><W110/><G110/><T23/><D54/><U24/><E96/><V68/><F68/><W38/><G38/><T128/><N who="0" m="50193" /><T37/><DORA hai="56" /><D10/><U91/><E39/><V120/><F113/><W6/><G70/><T14/><D14/><U11/><E36/><V67/><F67/><W114/><G69/><T33/><D23/><U3/><E97/><V65/><F65/><W92/><G114/><T55/><D55/><U53/><E53/><V125/><F125/><W94/><G12/><T116/><D116/><U103/><E103/><V19/><F120/><W8/><G8/><T52/><D44/><U9/><E91/><V47/><REACH who="2" step="1"/><F19/><REACH who="2" ten="250,250,240,250" step="2"/><W88/><G18/><T21/><D33/><U134/><E3/><V40/><F40/><W35/><G41/><N who="0" m="22831" /><D52/><U90/><E64/><V115/><F115/><W60/><G35/><T135/><D135/><U50/><E134/><V27/><F27/><W93/><G25/><T58/><D58/><U28/><E59/><V82/><F82/><AGARI ba="0,1" hai="1,2,21,26,30,74,77,82" m="22831,50193" machi="82" ten="40,3900,0" yaku="19,1,52,1" doraHai="107,56" who="0" fromWho="2" sc="250,49,250,0,240,-39,250,0" />
</Scene>
<Scene>
<INIT seed="0,1,0,1,3,63" ten="299,250,201,250" oya="0" hai0="29,89,107,117,41,105,119,104,129,51,26,128,30" hai1="40,46,110,60,21,56,112,28,115,122,99,27,10" hai2="82,36,20,103,24,71,52,39,37,88,32,14,12" hai3="100,114,90,102,121,81,131,135,101,0,133,6,44"/><T127/><D127/><U31/><E110/><V87/><F71/><W91/><G0/><T124/><D124/><U17/><E122/><V80/><F32/><W47/><G6/><T74/><D74/><U116/><E116/><N who="0" m="44617" /><D89/><N who="3" m="33801" /><G114/><N who="1" m="43562" /><E99/><V1/><F1/><W22/><G121/><T66/><D26/><U123/><E10/><V49/><F103/><W111/><G111/><T11/><D11/><U65/><E123/><V132/><F82/><W34/><G34/><T130/><D66/><U118/><E118/><V113/><F132/><N who="3" m="50763" /><G131/><T19/><D19/><U134/><E134/><V79/><F79/><W54/><G81/><T13/><D13/><U53/><E53/><V50/><F50/><AGARI ba="1,0" hai="17,21,27,28,31,40,46,50,56,60,65" m="43562" machi="50" ten="30,2000,0" yaku="11,1,52,1" doraHai="63" who="1" fromWho="2" sc="299,0,250,23,201,-23,250,0" />
</Scene>
<Scene>
<INIT seed="1,0,0,0,3,70" ten="299,273,178,250" oya="1" hai0="119,34,86,77,3,0,120,72,35,45,104,62,9" hai1="122,11,93,28,113,109,73,135,107,78,19,48,69" hai2="59,116,21,46,100,127,83,50,64,106,76,38,118" hai3="2,42,95,43,89,51,52,111,75,85,115,54,110"/><U5/><E69/><V36/><F127/><W126/><G115/><T41/><D86/><U22/><E107/><V130/><F21/><W29/><G75/><T80/><D119/><U99/><E113/><V13/><F13/><W74/><G74/><T23/><D120/><U108/><E122/><V6/><F6/><W10/><G126/><T25/><D104/><U114/><E114/><V56/><F100/><W60/><G29/><T88/><D62/><U53/><E28/><V133/><F106/><W65/><G10/><T57/><D57/><N who="2" m="22090" /><F83/><W16/><G2/><T44/><D44/><U30/><E30/><V4/><F76/><W24/><G60/><T39/><D88/><U67/><E78/><V81/><F81/><W15/><G65/><T84/><D84/><U12/><E73/><V101/><F101/><W61/><G61/><T37/><D37/><N who="2" m="14442" /><F4/><W63/><G63/><T79/><D79/><U47/><E5/><V134/><F64/><W27/><G111/><T66/><D66/><U112/><E67/><V49/><F130/><W17/><G110/><T121/><D121/><U92/><E109/><V68/><F68/><W71/><G71/><T102/><D102/><U58/><E108/><V125/><F125/><W94/><G15/><T103/><D103/><U129/><E129/><V131/><F131/><W20/><G95/><T18/><D0/><U40/><E112/><V91/><F91/><W31/><G31/><T97/><D97/><U132/><E11/><V14/><F14/><W8/><G8/><T96/><D96/><U33/><E99/><V117/><F46/><RYUUKYOKU ba="0,0" sc="299,15,273,-15,178,15,250,-15" hai0="3,9,18,23,25,34,35,39,41,45,72,77,80" hai2="49,50,116,117,118,133,134" />
</Scene>
<Scene>
<INIT seed="2,1,0,5,0,29" ten="314,258,193,235" oya="2" hai0="112,79,83,5,90,6,74,49,84,80,36,103,134" hai1="21,17,65,10,60,56,123,115,135,99,102,109,132" hai2="106,131,77,93,88,35,101,113,44,37,104,125,52" hai3="116,41,32,124,75,97,105,63,51,4,69,78,107"/><V40/><F113/><W24/><G116/><T67/><D36/><U57/><E109/><V72/><F35/><W15/><G124/><T23/><D112/><U82/><E115/><V26/><F125/><W59/><G75/><T92/><D134/><U64/><E10/><V47/><F26/><W39/><G78/><T126/><D126/><U16/><E123/><V81/><F131/><W28/><G4/><T48/><D67/><U18/><E82/><V9/><F101/><W108/><G108/><T20/><D83/><U45/><E45/><V2/><F52/><N who="3" m="32159" /><G15/><T96/><D48/><U8/><E8/><V86/><REACH who="2" step="1"/><F47/><REACH who="2" ten="314,258,183,235" step="2"/><N who="3" m="23999" /><G97/><T70/><D96/><U89/><E132/><V50/><F50/><W111/><G111/><T38/><D49/><U85/><E135/><V73/><F73/><W95/><G95/><T1/><D38/><U33/><E99/><V19/><F19/><W128/><G128/><T122/><D74/><U3/><E102/><V71/><F71/><W68/><G68/><T119/><D70/><U100/><E100/><V121/><F121/><W133/><G133/><T118/><D122/><U94/><E18/><V87/><F87/><W130/><G130/><T11/><D103/><U76/><E17/><V114/><F114/><W66/><AGARI ba="1,1" hai="24,28,32,63,66,69,105,107" m="23999,32159" machi="66" ten="30,4000,0" yaku="24,1,52,1,54,1" doraHai="29" who="3" fromWho="3" sc="314,-11,258,-11,183,-21,235,53" />
</Scene>
<Scene>
<INIT seed="3,0,0,1,4,52" ten="303,247,162,288" oya="3" hai0="75,32,129,111,98,22,16,106,54,79,83,133,40" hai1="27,24,117,101,29,93,0,65,97,34,73,127,26" hai2="77,11,58,69,100,17,18,103,84,12,49,8,135" hai3="132,86,56,116,124,114,120,119,41,3,55,118,21"/><W62/><G3/><T37/><D32/><U91/><E73/><V105/><F69/><W48/><G21/><T23/><D111/><U89/><E0/><V95/><F105/><W71/><G86/><T30/><D133/><U121/><E121/><V96/><F135/><W15/><G15/><T68/><D68/><U13/><E127/><V33/><F33/><W70/><G132/><T42/><D129/><U125/><E125/><V130/><F130/><W63/><G124/><T67/><D67/><U31/><E117/><V110/><F110/><W122/><G114/><T20/><D30/><U74/><E74/><V38/><F38/><W28/><G28/><T76/><D76/><U82/><E65/><V10/><F103/><W88/><G88/><N who="1" m="33866" /><E34/><V131/><F131/><W80/><G80/><T14/><D54/><U104/><E104/><V113/><F113/><W108/><G108/><T60/><D60/><N who="3" m="23081" /><G41/><T61/><D61/><U2/><E2/><V115/><F115/><W36/><G36/><T35/><D35/><U6/><E82/><N who="2" m="47183" /><F12/><W25/><G25/><T7/><D37/><U128/><E128/><V78/><F78/><W90/><G90/><T39/><D39/><U43/><E43/><V94/><F94/><W112/><G112/><T64/><D64/><U5/><E13/><V107/><F107/><W123/><AGARI ba="0,0" hai="48,55,56,70,71,116,118,119,120,122,123" m="23081" machi="123" ten="40,7800,0" yaku="34,2,52,1" doraHai="52" who="3" fromWho="3" sc="303,-26,247,-26,162,-26,288,78" />
</Scene>
<Scene>
<INIT seed="3,1,0,4,0,118" ten="277,221,136,366" oya="3" hai0="57,10,29,9,126,113,19,63,27,123,38,62,100" hai1="72,52,127,5,69,51,45,11,108,42,66,33,105" hai2="121,101,111,116,81,130,80,2,89,92,91,70,94" hai3="60,125,84,35,49,61,37,25,68,107,74,87,67"/><W47/><G74/><T58/><D38/><U78/><E105/><V48/><F70/><W114/><G114/><T115/><D100/><U16/><E33/><V54/><F2/><W41/><G125/><T22/><D126/><U90/><E127/><V6/><F6/><W98/><G61/><T21/><D19/><U34/><E34/><V44/><F116/><W135/><G135/><T18/><D18/><U96/><E108/><V102/><F111/><W53/><G98/><T128/><D27/><U65/><E72/><V119/><F119/><W17/><G107/><T134/><D134/><U110/><E78/><V56/><F130/><W7/><G7/><T0/><D0/><U24/><E69/><V103/><F121/><W30/><G17/><T50/><D50/><U39/><E110/><V64/><F64/><W43/><G43/><T4/><D4/><U1/><E90/><V131/><F44/><AGARI ba="1,0" hai="25,30,35,37,41,44,47,49,53,60,67,68,84,87" machi="44" ten="30,1500,0" yaku="7,1" doraHai="118" who="3" fromWho="2" sc="277,0,221,0,136,-18,366,18" />
</Scene>
<Scene>
<INIT seed="3,2,0,1,1,4" ten="277,221,118,384" oya="3" hai0="84,101,58,69,79,78,132,40,26,45,16,100,41" hai1="18,124,27,133,97,120,19,110,89,2,81,114,123" hai2="127,104,121,23,72,33,106,3,14,65,21,90,66" hai3="99,9,31,10,30,43,113,29,56,94,32,71,67"/><W50/><G113/><T87/><D69/><U60/><E114/><V96/><F3/><W42/><G71/><T7/><D7/><U135/><E2/><V95/><F33/><W38/><G38/><T92/><D132/><N who="1" m="50763" /><E110/><V46/><F72/><W22/><G22/><T102/><D58/><U15/><E124/><V76/><F76/><W24/><G24/><T129/><D129/><U86/><E60/><V55/><F127/><W122/><G122/><T83/><D45/><U39/><E39/><V62/><F121/><W11/><G32/><T44/><D44/><U119/><E119/><V28/><F23/><W128/><G128/><T61/><D61/><U74/><E27/><V108/><F108/><W80/><G80/><N who="0" m="47127" /><D92/><N who="1" m="56463" /><E74/><V73/><F73/><W53/><G67/><T105/><D105/><U118/><E118/><V93/><F106/><W12/><G12/><T116/><D116/><U111/><E19/><N who="2" m="10487" /><F28/><W126/><G126/><T77/><D26/><U117/><E111/><V49/><F104/><W34/><G34/><T47/><D16/><U115/><E117/><V6/><F6/><W112/><G112/><T85/><D77/><N who="1" m="46383" /><E115/><V51/><F62/><W20/><G20/><AGARI ba="2,0" hai="15,18,20,120,123" m="46383,56463,50763" machi="20" ten="30,1000,0" yaku="20,1" doraHai="4" who="1" fromWho="3" sc="277,0,221,16,118,0,384,-16" />
</Scene>
<Scene>
<INIT seed="4,0,0,5,0,110" ten="277,237,118,368" oya="0" hai0="120,108,79,25,28,45,75,53,31,117,130,109,57" hai1="113,68,24,58,34,80,78,0,63,127,88,132,128" hai2="103,3,59,101,94,40,6,105,126,87,35,124,69" hai3="131,85,14,54,73,11,27,48,72,37,4,62,123"/><T17/><D117/><U33/><E0/><V55/><F69/><W49/><G37/><T8/><D120/><U102/><E68/><V61/><F35/><W51/><G123/><T99/><D130/><U20/><E128/><V56/><F105/><W115/><G131/><T133/><D133/><U44/><E132/><V76/><F40/><W74/><G27/><T70/><D70/><U1/><E1/><V36/><F36/><W114/><G85/><T106/><D45/><U91/><E127/><V43/><F43/><W26/><G26/><T118/><D118/><U7/><E7/><V32/><F32/><W46/><G62/><T134/><D134/><U64/><E102/><V112/><F6/><W89/><G89/><T10/><D79/><U97/><E97/><V23/><F3/><W77/><G77/><T60/><D75/><U5/><E5/><V86/><F23/><W111/><G111/><N who="0" m="42571" /><D17/><U22/><E33/><V119/><F119/><W92/><G92/><T83/><D83/><U82/><E34/><V41/><F41/><W116/><G116/><T42/><D42/><U16/><E44/><V107/><F107/><W98/><G98/><T96/><D96/><U66/><E78/><V95/><F76/><W81/><G81/><T125/><D125/><U9/><E80/><V29/><F29/><N who="0" m="11338" /><D25/><U19/><E82/><V71/><F71/><W67/><G74/><T52/><D53/><U93/><E24/><V39/><F39/><W2/><G73/><T100/><AGARI ba="0,0" hai="8,10,52,57,60,99,100,106" m="11338,42571" machi="100" ten="30,3000,0" yaku="10,1,54,1" doraHai="110" who="0" fromWho="0" sc="277,30,237,-10,118,-10,368,-10" />
</Scene>
<Scene>
<INIT seed="4,1,0,0,3,15" ten="307,227,108,358" oya="0" hai0="10,34,55,53,112,109,110,74,59,101,9,102,48" hai1="86,92,50,5,78,45,28,134,42,21,64,51,116" hai2="39,81,24,126,13,67,88,6,61,118,12,114,46" hai3="115,77,125,72,3,23,119,113,91,31,69,2,132"/><T94/><D74/><U97/><E134/><V127/><F114/><N who="3" m="43531" /><G119/><T7/><D112/><U60/><E116/><V52/><F118/><W131/><G132/><T106/><D34/><U41/><E5/><V104/><F104/><W54/><G131/><T111/><D106/><U57/><E78/><V85/><F24/><N who="3" m="16799" /><G125/><N who="2" m="47625" /><F6/><W58/><G69/><T73/><D73/><U120/><E86/><V108/><F108/><W70/><G70/><T87/><D55/><U63/><E120/><V0/><F0/><W47/><G47/><T130/><D130/><U117/><E117/><V40/><F67/><W17/><G91/><N who="0" m="53631" /><D9/><U1/><E1/><AGARI ba="1,0" hai="1,7,10,48,53,59,101,102,109,110,111" m="53631" machi="1" ten="30,1500,0" yaku="10,1" doraHai="15" who="0" fromWho="1" sc="307,18,227,-18,108,0,358,0" />
</Scene>
<Scene>
<INIT seed="4,2,0,4,4,79" ten="325,209,108,358" oya="0" hai0="6,64,111,34,42,49,23,71,8,124,133,52,1" hai1="25,17,114,13,65,129,96,121,63,60,15,24,122" hai2="37,89,30,91,106,83,108,76,97,19,87,117,99" hai3="115,44,75,58,18,127,105,104,53,94,126,10,119"/><T118/><D118/><U32/><E129/><V57/><F37/><W35/><G119/><T81/><D34/><U27/><E32/><V67/><F117/><W51/><G35/><T54/><D124/><N who="3" m="47657" /><G115/><T29/><D133/><U77/><E114/><V56/><F108/><W130/><G130/><T14/><D111/><U73/><E96/><N who="2" m="36939" /><F30/><W47/><G75/><T38/><D38/><U5/><E5/><V28/><F28/><W43/><G94/><T131/><D131/><U12/><E17/><V40/><F40/><W123/><G123/><T33/><D64/><U88/><E73/><V82/><F106/><N who="3" m="41067" /><G43/><T48/><D71/><U11/><E11/><V69/><F69/><W22/><G10/><T134/><D134/><U31/><E77/><V98/><F67/><W128/><G128/><T68/><D68/><U125/><E31/><V132/><F132/><W7/><G7/><T9/><D9/><U74/><E74/><V46/><F46/><W109/><G109/><T100/><D42/><U20/><E125/><V103/><F103/><W116/><G116/><T50/><D100/><U107/><E65/><V66/><F66/><W59/><G47/><T92/><D33/><U45/><E45/><V0/><F0/><W62/><G62/><T93/><D1/><U55/><E122/><V101/><F101/><W113/><G113/><T78/><D54/><U110/><E55/><V16/><N who="2" m="36947" /><V112/><DORA hai="41" /><F112/><W84/><G44/><T120/><D120/><U61/><E121/><V4/><F4/><W3/><G3/><T80/><D6/><U26/><E110/><RYUUKYOKU ba="2,0" sc="325,0,209,0,108,0,358,0" />
</Scene>
<Scene>
<INIT seed="5,3,0,5,0,129" ten="325,209,108,358" oya="1" hai0="18,88,80,22,50,21,31,109,34,67,126,77,10" hai1="3,63,119,23,96,111,32,113,125,8,100,102,53" hai2="94,37,81,130,14,124,15,79,75,105,33,84,128" hai3="71,51,68,7,42,72,4,106,74,110,99,132,44"/><U2/><E32/><V5/><F33/><W127/><G110/><T85/><D109/><U108/><E119/><V97/><F37/><W133/><G127/><T40/><D126/><U131/><E125/><V45/><F124/><W65/><G7/><T62/><D34/><U41/><E131/><N who="2" m="50219" /><F45/><W35/><G4/><T28/><D10/><U29/><E102/><N who="2" m="62671" /><F5/><W118/><G35/><T92/><D50/><U89/><E41/><V46/><F46/><W55/><G55/><T120/><D40/><U19/><E8/><V0/><F0/><W98/><G98/><T86/><D120/><U83/><E2/><V70/><F70/><N who="3" m="26667" /><G65/><T135/><D22/><U93/><E3/><V49/><F49/><W76/><G76/><T122/><D122/><U87/><E29/><V30/><F30/><W69/><G69/><T95/><D28/><U9/><E23/><V13/><F94/><W20/><G20/><T6/><D92/><U73/><E108/><V1/><F1/><W103/><G118/><T116/><D116/><U11/><E111/><V91/><F91/><W48/><G48/><T115/><D31/><U117/><E117/><V26/><F26/><W24/><G24/><T36/><D21/><U134/><E93/><V121/><F121/><W64/><G64/><T47/><D95/><U16/><E89/><V25/><F25/><W52/><G42/><T58/><D88/><U43/><E43/><V17/><F17/><W39/><G39/><T59/><D36/><U66/><E19/><V101/><F101/><W60/><G60/><T114/><D18/><U107/><E16/><RYUUKYOKU ba="3,0" sc="325,-15,209,-15,108,15,358,15" hai2="13,14,15,75,79,81,84" hai3="44,51,52,72,74,99,103,106,132,133" />
</Scene>
<Scene>
<INIT seed="6,4,0,2,3,122" ten="310,194,123,373" oya="2" hai0="12,123,112,5,47,125,79,124,117,132,54,59,93" hai1="60,63,43,22,11,110,16,41,55,107,62,134,76" hai2="25,42,133,24,51,73,6,1,38,116,74,20,40" hai3="2,68,86,35,106,81,84,119,44,95,91,30,46"/><V80/><F116/><W105/><G119/><T127/><D123/><U87/><E107/><V129/><F129/><W96/><G2/><T115/><D117/><U18/><E134/><V94/><F133/><W97/><G68/><T108/><D132/><U0/><E76/><V92/><F51/><W39/><G35/><T64/><D79/><U121/><E121/><V34/><F34/><W69/><G69/><T65/><D93/><U8/><E0/><V31/><F38/><W19/><G30/><T56/><D108/><U32/><E110/><V27/><F27/><W17/><G95/><T3/><D3/><U7/><E7/><V67/><F67/><N who="0" m="25674" /><D5/><U29/><E32/><V37/><F25/><W71/><G71/><T90/><D90/><U58/><E87/><V82/><F6/><W14/><G14/><T21/><D21/><U28/><E22/><V45/><F1/><W15/><G15/><T99/><D99/><U100/><E100/><V102/><F42/><N who="1" m="15881" /><E55/><V98/><REACH who="2" step="1"/><F94/><REACH who="2" ten="310,194,113,373" step="2"/><W120/><G39/><T33/><D33/><U23/><E63/><V128/><F128/><W9/><G120/><T77/><D12/><U111/><E62/><V10/><F10/><W131/><G131/><T49/><D77/><U113/><E8/><V118/><F118/><W53/><G9/><T114/><AGARI ba="4,1" hai="47,49,54,56,59,112,114,115,124,125,127" m="25674" machi="114" ten="40,8000,1" yaku="15,1,18,1,34,2" doraHai="122" who="0" fromWho="0" sc="310,102,194,-24,113,-44,373,-24" />
</Scene>
<Scene>
<INIT seed="7,0,0,4,0,92" ten="412,170,69,349" oya="3" hai0="112,111,28,16,118,121,79,104,133,25,84,0,105" hai1="23,91,2,65,36,106,19,49,54,24,97,119,69" hai2="128,40,11,96,82,45,75,20,88,27,78,127,95" hai3="134,3,35,62,8,55,51,66,7,129,37,98,71"/><W48/><G37/><T13/><D111/><U15/><E36/><V47/><F128/><W70/><G129/><T87/><D121/><U46/><E2/><V43/><F127/><W14/><G134/><T52/><D118/><U132/><E69/><V74/><F47/><W30/><G71/><T26/><D0/><U18/><E65/><V73/><F40/><W103/><G55/><T57/><D133/><U22/><E132/><V124/><F124/><W100/><G100/><T108/><D108/><U38/><E38/><V110/><F110/><W77/><G77/><T89/><D112/><U86/><E119/><V123/><F123/><W90/><G90/><T122/><D122/><U115/><E115/><V21/><F21/><W60/><G60/><N who="0" m="35879" /><D28/><U76/><E76/><V126/><F126/><W34/><G3/><T61/><D105/><U53/><E106/><V81/><F81/><W101/><G101/><T39/><D104/><U29/><E29/><V120/><F11/><W1/><G1/><T33/><D33/><U117/><E117/><V93/><F93/><W130/><G130/><T44/><D44/><U109/><E109/><V99/><F120/><W114/><G114/><T72/><D61/><U116/><E116/><V31/><REACH who="2" step="1"/><F96/><REACH who="2" ten="412,170,59,349" step="2"/><W80/><G80/><N who="0" m="47135" /><D39/><U64/><E97/><V94/><F94/><N who="3" m="58839" /><G35/><T6/><D72/><U12/><E46/><V32/><F32/><W56/><G70/><T4/><D87/><U68/><E86/><V5/><F5/><N who="0" m="2154" /><D89/><U41/><E91/><V59/><F59/><W9/><G9/><AGARI ba="0,1" hai="9,13,16,25,26" m="2154,47135,35879" machi="9" ten="30,3900,0" yaku="8,1,54,2" doraHai="92" who="0" fromWho="3" sc="412,49,170,0,59,0,349,-39" owari="461,56.0,170,-23.0,59,-44.0,310,11.0" />
</Scene>
</mjloggm>