<mjloggm ver="2.3"><GO type="169" lobby="0"/><UN n0="%7A%61%63%63" n1="%E3%81%86%E3%81%83%E3%83%BC%E3%81%A1%E3%82%83%E3%82%93" n2="%E5%A4%AA%E3%81%8F%E3%81%AA%E3%81%84%E3%81%8A" n3="%53%48%49%53%55%4B%45" dan="17,18,18,16" rate="2209.78,2283.25,2307.05,2105.76" sx="F,M,M,M"/><TAIKYOKU oya="0"/>

<Scene>
<INIT seed="0,0,0,2,3,12" ten="250,250,250,250" oya="0" hai0="116,127,45,51,25,64,17,82,6,96,132,66,109" hai1="13,121,26,133,92,49,22,90,69,27,21,18,94" hai2="1,52,99,16,83,95,110,135,126,9,105,68,28" hai3="88,85,39,46,48,87,67,79,30,100,108,59,119"/><T2/><D116/><U56/><E133/><V125/><F68/><W78/><G119/><T91/><D132/><U61/><E121/><V19/><F135/><W36/><G100/><T60/><D127/><N who="2" m="48650" /><F110/><W118/><G118/><T5/><D2/><U54/><E69/><V71/><F71/><W31/><G39/><T112/><D112/><U75/><E75/><V131/><F131/><W98/><G36/><T74/><D74/><U0/><E0/><V53/><F105/><W81/><G98/><T14/><D25/><U84/><E94/><V41/><F41/><W86/><G108/><T63/><D109/><U80/><E80/><V103/><F28/><W123/><G123/><T44/><D44/><U70/><REACH who="1" step="1"/><E22/><REACH who="1" ten="250,240,250,250" step="2"/><V113/><F113/><W102/><G81/><T93/><D82/><U58/><E58/><V106/><F95/><W129/><G129/><T7/><D66/><AGARI ba="0,1" hai="13,18,21,26,27,49,54,56,61,66,70,84,90,92" machi="66" ten="40,8000,1" yaku="1,1,25,2,52,1,53,0" doraHai="12" doraHaiUra="114" who="1" fromWho="0" sc="250,-80,240,90,250,0,250,0" />
</Scene>
<Scene>
<INIT seed="1,0,0,0,1,34" ten="170,330,250,250" oya="1" hai0="96,126,4,37,32,85,124,99,44,82,121,24,60" hai1="110,15,20,59,17,57,127,114,36,53,91,5,47" hai2="45,118,65,73,119,75,120,95,3,12,50,58,62" hai3="25,71,68,103,69,22,76,61,92,63,97,88,113"/><U38/><E114/><V94/><F120/><W128/><G113/><T100/><D121/><U133/><E127/><N who="0" m="48681" /><D4/><U7/><E133/><V6/><F12/><W46/><G128/><T81/><D60/><U55/><E110/><V116/><F73/><W102/><G76/><T33/><D82/><U70/><E70/><V30/><F30/><W31/><G63/><T54/><D24/><U72/><E72/><V28/><F28/><W89/><G46/><T8/><D8/><U78/><E78/><V87/><F75/><W105/><G105/><T0/><D0/><U27/><E36/><V42/><REACH who="2" step="1"/><F87/><REACH who="2" ten="170,330,240,250" step="2"/><W52/><REACH who="3" step="1"/><G102/><REACH who="3" ten="170,330,240,240" step="2"/><T18/><D100/><U16/><E27/><V101/><F101/><W40/><G40/><T122/><D122/><U77/><E15/><V74/><F74/><W43/><G43/><T29/><D33/><U123/><E123/><V79/><F79/><W41/><G41/><T90/><D32/><U9/><E77/><V104/><F104/><W86/><G86/><T56/><D85/><U111/><E111/><V1/><F1/><W23/><G23/><T48/><D37/><U51/><E38/><V35/><F35/><W2/><G2/><T64/><D99/><U83/><E20/><V26/><F26/><W93/><G93/><T39/><D96/><U129/><E129/><V84/><F84/><W112/><G112/><T107/><D39/><U19/><E83/><V117/><N who="2" m="29696" /><DORA hai="130" /><V49/><F49/><W109/><G109/><T115/><D48/><U11/><E51/><V66/><F66/><W14/><G14/><T13/><D13/><RYUUKYOKU ba="0,2" sc="170,-15,330,-15,240,15,240,15" hai2="3,6,42,45,50,58,62,65,94,95" hai3="22,25,31,52,61,68,69,71,88,89,92,97,103" />
</Scene>
<Scene>
<INIT seed="2,1,2,5,4,69" ten="155,315,255,255" oya="2" hai0="75,104,87,110,78,57,24,17,107,89,72,41,90" hai1="121,40,128,108,80,91,71,118,85,115,95,21,12" hai2="26,44,102,49,46,11,42,70,37,34,35,54,39" hai3="48,52,79,96,63,120,86,60,83,84,74,14,76"/><V73/><F73/><W81/><G120/><T127/><D41/><U8/><E71/><V68/><F102/><W0/><G0/><T124/><D57/><U123/><E118/><V133/><F133/><W31/><G74/><N who="0" m="28203" /><D17/><U109/><E115/><V45/><F11/><W1/><G1/><T131/><D24/><U122/><E128/><V82/><F82/><W125/><G125/><N who="0" m="48203" /><D110/><N who="1" m="42603" /><E21/><V65/><F26/><W18/><G31/><T4/><D4/><N who="1" m="3079" /><E80/><V117/><F117/><W135/><G135/><T19/><D19/><U129/><E129/><V62/><REACH who="2" step="1"/><F70/><REACH who="2" ten="155,315,245,255" step="2"/><W56/><G96/><T2/><D131/><U94/><E123/><V20/><F20/><AGARI ba="1,3" hai="14,18,20,48,52,56,60,63,76,79,81,83,84,86" machi="20" ten="30,7700,0" yaku="7,1,9,1,8,1,54,1" doraHai="69" who="3" fromWho="2" sc="155,0,315,0,245,-80,255,110" />
</Scene>
<Scene>
<INIT seed="3,0,0,5,1,93" ten="155,315,165,365" oya="3" hai0="51,108,8,12,46,129,90,86,85,79,43,1,27" hai1="60,126,48,83,95,135,75,42,69,62,55,18,29" hai2="58,4,13,76,17,32,11,92,38,36,67,97,82" hai3="109,116,56,134,130,70,131,77,30,99,53,57,81"/><W9/><G70/><T73/><D1/><U112/><E112/><V64/><F32/><W94/><G116/><T133/><D73/><U52/><E126/><V54/><F36/><W25/><G9/><T59/><D133/><U91/><E135/><V45/><F4/><W16/><G134/><T65/><D129/><N who="3" m="49161" /><G109/><T6/><D108/><U74/><E29/><V104/><F104/><W111/><G111/><T19/><D79/><U128/><E42/><V72/><F45/><W50/><G56/><T44/><D46/><U87/><E128/><V33/><F33/><W107/><G107/><T113/><D113/><U24/><E55/><V20/><F11/><W132/><G132/><T21/><D90/><U80/><E74/><V121/><F38/><W49/><G49/><T2/><D2/><U110/><E110/><V5/><F5/><W47/><G47/><T96/><D65/><U123/><E69/><V61/><REACH who="2" step="1"/><F121/><REACH who="2" ten="155,315,155,365" step="2"/><W28/><G25/><T7/><D6/><U84/><E24/><V118/><F118/><W26/><G26/><T120/><D120/><U105/><E105/><V37/><F37/><W3/><G3/><T15/><D27/><U0/><E0/><V71/><F71/><W122/><G122/><T23/><D44/><U88/><E123/><V39/><F39/><W22/><G16/><T100/><D43/><U63/><E18/><V114/><F114/><W40/><G22/><T35/><D23/><U10/><E10/><V68/><F68/><W115/><G40/><T34/><D35/><U102/><E75/><V41/><F41/><W78/><G115/><RYUUKYOKU ba="0,1" sc="155,-10,315,-10,155,30,365,-10" hai2="13,17,20,54,58,61,64,67,72,76,82,92,97" />
</Scene>
<Scene>
<INIT seed="4,1,1,0,4,10" ten="145,305,185,355" oya="0" hai0="134,121,58,66,123,102,16,30,107,14,23,78,11" hai1="64,44,8,104,42,12,39,115,62,109,21,65,96" hai2="54,84,110,46,4,20,80,90,83,97,31,75,63" hai3="7,120,135,52,6,133,26,29,131,51,9,82,15"/><T70/><D70/><U98/><E109/><V130/><F110/><W56/><G131/><T48/><D78/><U101/><E115/><V111/><F111/><W50/><G120/><T34/><D134/><N who="3" m="51209" /><G82/><T36/><D36/><U1/><E1/><V86/><F130/><W105/><G105/><T61/><D34/><U77/><E77/><V45/><F75/><W127/><G127/><T103/><D48/><U43/><E43/><V37/><F4/><N who="3" m="3495" /><G51/><T53/><D66/><U13/><E96/><V125/><F97/><W55/><G55/><T5/><D30/><U17/><REACH who="1" step="1"/><E62/><REACH who="1" ten="145,295,185,355" step="2"/><V108/><F108/><W22/><AGARI ba="1,2" hai="6,7,22,26,29,50,52,56" m="3495,51209" machi="22" ten="30,4000,0" yaku="20,1,52,1,54,1" doraHai="10" who="3" fromWho="3" sc="145,-21,295,-11,185,-11,355,63" />
</Scene>
<Scene>
<INIT seed="5,0,0,5,3,37" ten="124,284,174,418" oya="1" hai0="32,60,84,40,100,62,98,83,96,128,71,65,51" hai1="76,90,5,91,48,112,73,16,55,0,122,33,99" hai2="118,52,72,133,49,82,67,79,61,24,94,125,106" hai3="23,47,130,39,57,117,58,124,35,74,89,85,45"/><U113/><E33/><V18/><F106/><W75/><G35/><T68/><D32/><U4/><E122/><V64/><F118/><W111/><G111/><T10/><D128/><U56/><E76/><V15/><F125/><W53/><G124/><T134/><D10/><U121/><E73/><V30/><F94/><W132/><G130/><T114/><D134/><U21/><E121/><V92/><F133/><W77/><G132/><T36/><D36/><U14/><E90/><V38/><F38/><W95/><G75/><T86/><D114/><N who="1" m="44139" /><E0/><V50/><F92/><AGARI ba="0,0" hai="4,5,14,16,21,48,55,56,91,92,99" m="44139" machi="92" ten="30,2900,0" yaku="15,1,54,1" doraHai="37" who="1" fromWho="2" sc="124,0,284,29,174,-29,418,0" />
</Scene>
<Scene>
<INIT seed="5,1,0,3,5,103" ten="124,313,145,418" oya="1" hai0="74,38,91,90,95,73,18,24,65,76,114,23,0" hai1="75,113,3,133,33,127,131,6,79,87,62,55,52" hai2="15,59,102,49,61,11,66,106,70,39,14,118,7" hai3="80,116,84,26,37,107,123,40,92,28,130,88,58"/><U120/><E120/><V101/><F118/><W98/><G123/><T128/><D38/><U89/><E33/><V64/><F39/><W43/><G107/><T122/><D0/><U25/><E127/><V108/><F108/><W19/><G116/><T51/><D128/><U132/><E131/><V93/><F93/><W125/><G130/><T42/><D122/><U117/><E117/><V41/><F66/><W34/><G37/><T109/><D109/><U10/><E113/><V129/><F129/><W135/><G125/><T72/><D114/><U83/><E25/><V105/><F101/><W85/><G135/><N who="1" m="51786" /><E62/><V53/><F102/><W9/><G58/><T4/><D4/><U97/><E97/><V12/><REACH who="2" step="1"/><F41/><REACH who="2" ten="124,313,135,418" step="2"/><W81/><G40/><T44/><D65/><U20/><E20/><V126/><F126/><W47/><G34/><T121/><D121/><U82/><AGARI ba="1,1" hai="3,6,10,52,55,75,79,82,83,87,89" m="51786" machi="82" ten="30,3000,0" yaku="20,1,54,1" doraHai="103" who="1" fromWho="1" sc="124,-11,313,43,135,-11,418,-11" />
</Scene>
<Scene>
<INIT seed="5,2,0,2,2,81" ten="113,356,124,407" oya="1" hai0="96,17,106,13,40,60,73,89,134,19,64,22,125" hai1="130,1,56,108,57,100,26,129,23,52,0,28,82" hai2="74,15,121,114,84,50,44,127,32,16,31,20,71" hai3="111,9,101,72,113,79,45,63,131,115,12,62,38"/><U68/><E68/><V128/><F74/><W124/><G111/><T3/><D3/><U46/><E108/><V33/><F121/><W83/><G101/><T35/><D35/><U14/><E100/><V99/><F71/><W37/><G131/><N who="1" m="50186" /><E56/><V6/><F128/><W118/><G124/><T80/><D134/><U70/><E70/><V25/><F127/><W36/><G45/><T117/><D117/><U34/><E46/><V67/><F67/><W90/><G90/><T55/><D40/><U10/><E82/><V135/><F135/><W51/><G51/><T43/><D43/><U53/><E34/><V104/><F33/><W77/><G77/><T85/><D73/><U65/><E65/><V119/><F119/><W61/><REACH who="3" step="1"/><G118/><REACH who="3" ten="113,356,124,397" step="2"/><T112/><D125/><U116/><E116/><V47/><F47/><W69/><G69/><T66/><D106/><U11/><E57/><V92/><F44/><W91/><G91/><T2/><D112/><U27/><E53/><V120/><F114/><W95/><G95/><T48/><D48/><U18/><E52/><V8/><F50/><W24/><G24/><T49/><D49/><U88/><E88/><N who="2" m="53255" /><F104/><W93/><G93/><N who="0" m="56367" /><D55/><U21/><E27/><V126/><F126/><W39/><G39/><T59/><D66/><U76/><E76/><V54/><F54/><W4/><AGARI ba="2,1" hai="4,9,12,36,37,38,61,62,63,72,79,83,113,115" machi="4" ten="40,2700,0" yaku="1,1,0,1,53,0" doraHai="81" doraHaiUra="132" who="3" fromWho="3" sc="113,-9,356,-15,124,-9,397,43" />
</Scene>
<Scene>
<INIT seed="6,0,0,2,1,2" ten="104,341,115,440" oya="2" hai0="36,49,111,16,132,17,10,44,126,129,120,27,41" hai1="110,97,30,7,131,84,109,63,12,78,5,82,90" hai2="87,60,57,125,122,53,32,25,135,130,68,67,6" hai3="83,11,34,73,9,104,38,99,106,35,45,75,56"/><V14/><F122/><W18/><G56/><T80/><D111/><U98/><E131/><V58/><F130/><W123/><G123/><T39/><D120/><U86/><E110/><V23/><F135/><W100/><G18/><T91/><D126/><U76/><E109/><V21/><F125/><W88/><G88/><T128/><D132/><U28/><E63/><V15/><F68/><W69/><G104/><T124/><D124/><U112/><E12/><V33/><F87/><W119/><G11/><T72/><D129/><U133/><E133/><V103/><F103/><W95/><G95/><T113/><D72/><N who="3" m="27721" /><G83/><T65/><D65/><U96/><E112/><V13/><F6/><N who="1" m="2057" /><E78/><V61/><REACH who="2" step="1"/><F21/><REACH who="2" ten="104,341,105,440" step="2"/><W1/><G69/><T114/><D128/><U107/><E107/><V115/><F115/><N who="0" m="44042" /><D17/><AGARI ba="0,1" hai="13,14,15,17,23,25,32,33,53,57,58,60,61,67" machi="17" ten="40,7700,0" yaku="1,1,53,2" doraHai="2" doraHaiUra="52" who="2" fromWho="0" sc="104,-77,341,0,105,87,440,0" />
</Scene>
<Scene>
<INIT seed="6,1,0,2,3,92" ten="27,341,192,440" oya="2" hai0="11,65,53,44,121,129,115,72,64,57,99,0,111" hai1="87,117,12,75,27,71,95,76,7,16,119,36,112" hai2="48,107,25,28,113,120,8,21,108,62,40,3,55" hai3="104,37,88,96,79,133,47,51,78,61,42,86,114"/><V45/><F120/><W110/><G110/><T106/><D111/><U124/><E36/><V56/><F108/><W131/><G37/><T24/><D121/><U81/><E71/><V49/><F113/><W67/><G114/><T41/><D72/><U122/><E112/><V98/><F3/><W105/><G105/><T118/><D129/><U77/><E124/><V83/><F8/><W29/><G29/><T4/><D118/><U74/><E122/><V127/><F127/><W101/><G131/><T68/><D24/><U43/><E43/><V6/><F6/><W60/><G133/><T5/><D115/><U54/><E7/><V23/><F83/><W2/><G2/><T80/><D80/><U123/><E123/><V63/><REACH who="2" step="1"/><F23/><REACH who="2" ten="27,341,182,440" step="2"/><W69/><G61/><T126/><D5/><U17/><E81/><AGARI ba="1,1" hai="42,47,51,60,67,69,78,79,81,86,88,96,101,104" machi="81" ten="30,3900,0" yaku="7,1,52,1,54,1" doraHai="92" who="3" fromWho="1" sc="27,0,341,-42,182,0,440,52" />
</Scene>
<Scene>
<INIT seed="7,0,0,1,0,49" ten="27,299,182,492" oya="3" hai0="27,14,96,86,69,57,73,110,28,88,117,6,131" hai1="78,95,42,94,35,81,61,8,3,122,99,105,127" hai2="66,17,118,2,87,124,71,30,46,70,38,21,47" hai3="77,75,72,1,23,25,92,60,84,107,31,59,129"/><W103/><G1/><T56/><D69/><U114/><E35/><V116/><F2/><W121/><G107/><T85/><D73/><U10/><E61/><V24/><F124/><W22/><G22/><T12/><D131/><U44/><E105/><V67/><F87/><W26/><G26/><T79/><D117/><U123/><E95/><V133/><F30/><W74/><G121/><T9/><D110/><U19/><E94/><V7/><F7/><W62/><G62/><T15/><D96/><U36/><E99/><V64/><F133/><W112/><G112/><T97/><D97/><U39/><E114/><V18/><F24/><W16/><G16/><T119/><D119/><U91/><E19/><V83/><F66/><N who="3" m="39199" /><G84/><T53/><D57/><U40/><E127/><V52/><F21/><W104/><G104/><T11/><D79/><U34/><E3/><V113/><F113/><W51/><G51/><T43/><D43/><U115/><E42/><V58/><F58/><W100/><G100/><T130/><D130/><U37/><E115/><V89/><F70/><W102/><G102/><T54/><D56/><U82/><E123/><V50/><F71/><W108/><G129/><T90/><D15/><U132/><E132/><V109/><F118/><W0/><G0/><T98/><D98/><U20/><E20/><V106/><F116/><W101/><G101/><T41/><D41/><U32/><E40/><V68/><F68/><W134/><G103/><T126/><D126/><U33/><E122/><V63/><F63/><W65/><G134/><T80/><D27/><U111/><E111/><RYUUKYOKU ba="0,0" sc="27,0,299,0,182,0,492,0" owari="27,-47.0,299,10.0,182,-22.0,492,59.0" />
</Scene>
</mjloggm>