<mjloggm ver="2.3"><GO type="169" lobby="0"/><UN n0="%E6%97%A5%E6%9B%9C%E6%97%A5%E3%82%88%E3%82%8A%E3%81%AE%E4%BD%BF%E8%80%85" n1="%E3%83%87%E3%83%87%E3%82%AD%E3%83%B3%E3%83%88" n2="%74%61%6B%75%61%6B%61" n3="%E5%A4%AA%E3%81%8F%E3%81%AA%E3%81%84%E3%81%8A" dan="18,17,18,18" rate="2252.47,2149.97,2152.04,2255.87" sx="M,M,M,F"/><TAIKYOKU oya="0"/>

<Scene>
<INIT seed="0,0,0,2,2,56" ten="250,250,250,250" oya="0" hai0="17,101,82,42,108,83,1,48,106,85,50,34,114" hai1="45,71,113,78,77,54,7,32,49,35,88,67,24" hai2="38,15,62,59,21,72,75,97,73,53,22,5,109" hai3="43,47,28,120,66,93,116,6,90,80,16,55,0"/><T11/><D114/><U94/><E113/><V36/><F109/><W112/><G112/><T133/><D34/><U14/><E71/><V87/><F87/><W65/><G116/><T135/><D108/><U132/><E132/><N who="0" m="50761" /><D42/><U99/><E67/><V3/><F3/><W128/><G128/><T60/><D101/><U64/><E64/><V41/><F97/><W79/><G28/><T98/><D98/><U8/><REACH who="1" step="1"/><E24/><REACH who="1" ten="250,240,250,250" step="2"/><V29/><F73/><W44/><G66/><T107/><D107/><U31/><E31/><V127/><F75/><W125/><G65/><T119/><D106/><U76/><AGARI ba="0,1" hai="7,8,14,32,35,45,49,54,76,77,78,88,94,99" machi="76" ten="30,4000,0" yaku="1,1,0,1,54,1,53,0" doraHai="56" doraHaiUra="118" who="1" fromWho="1" sc="250,-20,240,50,250,-10,250,-10" />
</Scene>
<Scene>
<INIT seed="1,0,0,2,4,112" ten="230,290,240,240" oya="1" hai0="107,73,89,90,79,87,50,77,66,130,125,12,108" hai1="68,105,64,119,100,86,29,16,88,97,57,62,56" hai2="37,133,106,91,32,10,11,9,26,22,31,132,59" hai3="121,40,84,46,17,76,128,123,1,126,5,111,35"/><U55/><E119/><V96/><F37/><W0/><G35/><T104/><D66/><U120/><E120/><V95/><F106/><N who="0" m="40490" /><D50/><U118/><E118/><V54/><REACH who="2" step="1"/><F32/><REACH who="2" ten="230,290,230,240" step="2"/><W109/><G121/><T102/><D108/><U83/><E29/><V110/><F110/><W53/><G123/><T18/><D125/><U78/><E55/><V113/><F113/><W63/><G126/><T85/><D130/><U34/><E34/><V67/><F67/><W3/><G128/><T42/><D42/><U127/><E127/><V129/><F129/><W134/><G111/><T8/><D8/><U48/><E48/><AGARI ba="0,1" hai="9,10,11,22,26,31,48,54,59,91,95,96,132,133" machi="48" ten="40,1300,0" yaku="1,1,53,0" doraHai="112" doraHaiUra="2" who="2" fromWho="1" sc="230,0,290,-13,230,23,240,0" />
</Scene>
<Scene>
<INIT seed="2,0,0,4,0,58" ten="230,277,253,240" oya="2" hai0="40,71,65,111,105,86,133,108,48,73,109,59,51" hai1="13,34,130,19,120,83,101,27,85,135,21,134,82" hai2="93,87,79,4,95,104,116,117,5,121,28,41,92" hai3="90,47,66,44,60,17,68,74,103,15,43,89,77"/><V23/><F104/><W45/><G43/><T38/><D73/><U91/><E120/><V14/><F121/><W1/><G1/><T62/><D105/><U6/><E130/><V56/><F117/><W31/><G31/><T76/><D133/><N who="1" m="50699" /><E101/><V26/><F116/><W67/><G103/><T7/><D7/><U22/><E34/><V20/><F41/><W3/><G3/><T97/><D97/><U52/><E52/><V2/><F2/><W110/><G110/><T12/><D12/><U57/><E57/><V8/><F56/><W126/><G126/><T122/><D122/><U72/><E6/><V29/><F4/><W35/><G35/><T114/><D114/><U123/><E123/><V0/><F0/><W84/><G74/><T69/><D86/><U129/><E129/><V107/><F107/><W36/><G36/><T9/><D9/><N who="1" m="6575" /><E27/><V53/><F53/><W115/><G115/><T127/><D76/><AGARI ba="0,0" hai="21,22,72,76,82,83,85,91" m="6575,50699" machi="76" ten="30,1000,0" yaku="20,1" doraHai="58" who="1" fromWho="0" sc="230,-10,277,10,253,0,240,0" />
</Scene>
<Scene>
<INIT seed="3,0,0,4,1,32" ten="220,287,253,240" oya="3" hai0="29,114,87,123,80,100,25,83,19,17,41,34,22" hai1="37,18,6,86,42,59,128,101,35,75,21,43,16" hai2="44,4,131,64,91,90,105,31,60,11,69,111,47" hai3="68,24,99,58,115,66,107,116,104,73,12,109,126"/><W88/><G115/><T98/><D123/><U62/><E75/><V78/><F111/><W50/><G116/><T20/><D41/><U79/><E35/><V7/><F7/><W40/><G40/><BYE who="3" /><T38/><D38/><U129/><E101/><V53/><F131/><W110/><G110/><T49/><D114/><U120/><E6/><V63/><F31/><W52/><G52/><T89/><D49/><U45/><E43/><V117/><F105/><UN n3="%E5%A4%AA%E3%81%8F%E3%81%AA%E3%81%84%E3%81%8A" /><W84/><G73/><T61/><D61/><U10/><E10/><V122/><F117/><W71/><G109/><T36/><D36/><U77/><E120/><V46/><F78/><W23/><G12/><T0/><D0/><U33/><E33/><V118/><F118/><W135/><G135/><T30/><D83/><U112/><E112/><V51/><F63/><W70/><G99/><T130/><D130/><N who="1" m="50283" /><E86/><V92/><F122/><W82/><G126/><T94/><REACH who="0" step="1"/><D34/><REACH who="0" ten="210,287,253,240" step="2"/><U93/><E37/><V3/><REACH who="2" step="1"/><F91/><REACH who="2" ten="210,287,243,240" step="2"/><W113/><G113/><T57/><D57/><U106/><E59/><V5/><F5/><W27/><G58/><T54/><D54/><U121/><E62/><V13/><F13/><AGARI ba="0,2" hai="13,17,19,20,22,25,29,30,80,87,89,94,98,100" machi="13" ten="30,8000,1" yaku="1,1,7,1,8,1,53,2" doraHai="32" doraHaiUra="15" who="0" fromWho="2" sc="210,100,287,0,243,-80,240,0" />
</Scene>
<Scene>
<INIT seed="4,0,0,2,1,4" ten="310,287,163,240" oya="0" hai0="5,102,13,129,107,40,63,16,58,99,96,122,79" hai1="111,14,56,29,128,70,85,72,131,41,57,12,7" hai2="30,9,11,127,125,73,124,37,108,52,120,23,94" hai3="75,119,117,2,105,130,66,21,24,18,31,64,98"/><T112/><D112/><U121/><E72/><V20/><F120/><W76/><G2/><T71/><D122/><U59/><E70/><V100/><F108/><W74/><G130/><N who="1" m="49706" /><E111/><V42/><F73/><W34/><G74/><T93/><D129/><U126/><E121/><V27/><F23/><W55/><G75/><T77/><D71/><U68/><E68/><V48/><F42/><W135/><G76/><T90/><D5/><U104/><E126/><V50/><F37/><W47/><G135/><T61/><D40/><U22/><E104/><V0/><F0/><W132/><G132/><T114/><D114/><U19/><E29/><V51/><REACH who="2" step="1"/><F52/><REACH who="2" ten="310,287,153,240" step="2"/><W86/><G55/><T67/><REACH who="0" step="1"/><D61/><REACH who="0" ten="300,287,153,240" step="2"/><U28/><E41/><V88/><F88/><W133/><G133/><T84/><D84/><U89/><E85/><V32/><F32/><W110/><G86/><T26/><D26/><U87/><E87/><V46/><F46/><W113/><G47/><T39/><D39/><U8/><E89/><V115/><F115/><W62/><G113/><T83/><D83/><U35/><E35/><V80/><F80/><W82/><G82/><T92/><D92/><U36/><E36/><V101/><F101/><N who="3" m="62647" /><G110/><T33/><D33/><U134/><E134/><V38/><F38/><W17/><G34/><T53/><D53/><U6/><E6/><V60/><F60/><W25/><G25/><T1/><D1/><U49/><E49/><V91/><F91/><W3/><G3/><T118/><D118/><N who="3" m="45065" /><G62/><T97/><D97/><AGARI ba="0,2" hai="9,11,20,27,30,48,50,51,94,97,100,124,125,127" machi="97" ten="50,8000,1" yaku="1,1,18,1,52,2,53,0" doraHai="4" doraHaiUra="106" who="2" fromWho="0" sc="300,-80,287,0,153,100,240,0" />
</Scene>
<Scene>
<INIT seed="5,0,0,5,3,29" ten="220,287,253,240" oya="1" hai0="4,81,26,2,16,67,19,0,74,86,7,35,73" hai1="110,119,132,79,72,51,96,130,52,109,125,89,57" hai2="21,92,11,61,122,64,38,75,30,28,104,66,126" hai3="85,88,55,105,135,24,78,113,116,17,71,77,3"/><U34/><E119/><V1/><F104/><W22/><G105/><T68/><D67/><U39/><E39/><V76/><F38/><W46/><G3/><N who="0" m="1067" /><D68/><U27/><E125/><V50/><F122/><W59/><G71/><T9/><D86/><U54/><E130/><V40/><F76/><W120/><G120/><T18/><D81/><N who="1" m="45287" /><E132/><V12/><F1/><W134/><G113/><T91/><D91/><U25/><E54/><V121/><F21/><W106/><G106/><T98/><D98/><U101/><E89/><V82/><F126/><W63/><G116/><T33/><D74/><U108/><E34/><N who="0" m="12809" /><D73/><U36/><E36/><V114/><F75/><W58/><G46/><T124/><D124/><U42/><E42/><V53/><F82/><N who="3" m="49207" /><G135/><T118/><D118/><U133/><E133/><V69/><F66/><N who="3" m="39287" /><G134/><T14/><D7/><U43/><E43/><V112/><F40/><W10/><G55/><T41/><D41/><U62/><E62/><V123/><F123/><W115/><G59/><T5/><D4/><U94/><AGARI ba="0,0" hai="25,27,51,52,57,94,96,101,108,109,110" m="45287" machi="94" ten="30,3000,0" yaku="10,1,54,1" doraHai="29" who="1" fromWho="1" sc="220,-10,287,30,253,-10,240,-10" />
</Scene>
<Scene>
<INIT seed="5,1,0,0,0,56" ten="210,317,243,230" oya="1" hai0="115,73,130,101,18,60,40,120,30,52,132,33,32" hai1="81,99,128,59,85,106,47,65,44,108,110,13,4" hai2="23,45,9,19,107,94,95,29,43,53,20,116,93" hai3="1,48,15,11,26,100,42,118,104,84,54,22,74"/><U124/><E124/><V62/><F116/><W58/><G74/><T7/><D73/><U91/><E128/><V64/><F107/><W12/><G118/><T49/><D130/><U37/><E106/><V113/><F113/><W126/><G126/><T79/><D79/><U125/><E125/><V131/><F53/><W68/><G68/><T55/><D115/><U39/><E99/><V77/><F77/><W103/><G1/><T46/><D132/><U89/><E89/><V70/><F29/><W121/><G121/><T82/><D82/><U10/><E44/><V133/><F133/><W14/><G104/><T17/><D120/><U31/><E31/><V86/><F86/><W36/><G36/><T102/><D7/><U111/><REACH who="1" step="1"/><E47/><REACH who="1" ten="210,307,243,230" step="2"/><V35/><F131/><W67/><G42/><T134/><D30/><U90/><E90/><V8/><F45/><W61/><G103/><T98/><D134/><U63/><AGARI ba="1,1" hai="4,10,13,37,39,59,63,65,81,85,91,108,110,111" machi="63" ten="40,12000,1" yaku="1,1,0,1,10,1,52,1,53,1" doraHai="56" doraHaiUra="6" who="1" fromWho="1" sc="210,-41,307,133,243,-41,230,-41" />
</Scene>
<Scene>
<INIT seed="5,2,0,1,1,12" ten="169,440,202,189" oya="1" hai0="1,72,55,108,95,71,48,38,73,53,129,59,100" hai1="13,39,35,58,40,20,8,66,19,125,101,36,42" hai2="27,120,75,126,54,70,11,61,115,21,7,76,83" hai3="56,49,109,25,106,51,46,57,3,60,50,5,117"/><U37/><E35/><V94/><F120/><W24/><G109/><T96/><D1/><U107/><E125/><V80/><F126/><W82/><G106/><T0/><D0/><U131/><E131/><V123/><F123/><W133/><G133/><T17/><D108/><U92/><E107/><V43/><F94/><W68/><G117/><T74/><D71/><U41/><E8/><V110/><F83/><W44/><G3/><T28/><D38/><U26/><E13/><V90/><F90/><W29/><G5/><T79/><D129/><U87/><E87/><V132/><F43/><W84/><G68/><T119/><D119/><U121/><E121/><V52/><F115/><W32/><G24/><T98/><D28/><U127/><E127/><V99/><F99/><W114/><G114/><T9/><D98/><U69/><E69/><V47/><F47/><W65/><REACH who="3" step="1"/><G57/><REACH who="3" ten="169,440,202,179" step="2"/><T86/><D59/><U105/><E105/><V135/><F110/><W67/><G67/><T88/><D79/><AGARI ba="2,1" hai="25,29,32,44,46,49,50,51,56,60,65,79,82,84" machi="79" ten="40,1300,0" yaku="1,1,53,0" doraHai="12" doraHaiUra="130" who="3" fromWho="0" sc="169,-19,440,0,202,0,179,29" />
</Scene>
<Scene>
<INIT seed="6,0,0,2,5,82" ten="150,440,202,208" oya="2" hai0="54,112,38,101,122,70,10,125,5,109,97,67,113" hai1="53,80,64,120,3,57,108,22,123,116,6,84,50" hai2="77,37,25,133,124,90,13,62,2,26,134,104,61" hai3="86,19,74,29,18,43,14,16,99,126,44,4,45"/><V0/><F104/><W35/><G74/><T98/><D109/><U119/><E108/><V92/><F37/><W93/><G126/><T27/><D122/><N who="1" m="46635" /><E64/><V32/><F77/><W41/><G35/><T118/><D38/><U72/><E72/><V55/><F13/><W111/><G29/><T63/><D125/><U114/><E114/><V95/><F90/><N who="3" m="53463" /><G111/><T83/><D118/><U85/><E22/><V40/><F55/><W73/><G73/><T88/><D27/><U34/><E34/><V31/><F31/><W51/><G99/><T89/><D54/><U128/><E128/><V58/><F58/><W76/><G76/><T24/><D24/><U117/><E80/><V96/><F96/><W107/><G107/><T21/><D21/><U66/><E66/><V135/><F135/><W11/><G51/><T36/><D36/><U127/><E127/><V8/><F124/><W20/><G20/><T110/><D110/><U106/><E106/><V68/><F32/><W9/><G11/><AGARI ba="0,0" hai="3,6,11,50,53,57,84,85,116,117,119" m="46635" machi="11" ten="40,5200,0" yaku="13,1,52,2" doraHai="82" who="1" fromWho="3" sc="150,0,440,52,202,0,208,-52" />
</Scene>
<Scene>
<INIT seed="7,0,0,4,1,105" ten="150,492,202,156" oya="3" hai0="69,102,119,90,22,88,84,101,78,25,126,43,132" hai1="87,120,46,89,10,55,81,54,129,4,17,92,122" hai2="72,30,85,24,39,11,32,97,41,36,37,127,40" hai3="79,53,96,73,7,61,83,93,63,14,133,21,130"/><W8/><G133/><T70/><D119/><U77/><E129/><V49/><F72/><W9/><G130/><T100/><D132/><U12/><E46/><V118/><F118/><W45/><G21/><T106/><D106/><U47/><E47/><V51/><F85/><W16/><G45/><T26/><D126/><U60/><E60/><V15/><F97/><W107/><G53/><T94/><D78/><U125/><E125/><V13/><F127/><W62/><G107/><T5/><D43/><U33/><E33/><V65/><F65/><W3/><G63/><T112/><D112/><U31/><E31/><V42/><REACH who="2" step="1"/><F15/><REACH who="2" ten="150,492,192,156" step="2"/><W121/><G121/><T52/><D69/><U76/><E122/><V6/><AGARI ba="0,1" hai="6,11,13,24,30,32,36,37,39,40,41,42,49,51" machi="6" ten="40,5200,0" yaku="1,1,2,1,0,1,53,0" doraHai="105" doraHaiUra="99" who="2" fromWho="2" sc="150,-13,492,-13,192,62,156,-26" owari="137,-26.0,479,58.0,254,5.0,130,-37.0" />
</Scene>
</mjloggm>