<mjloggm ver="2.3"><GO type="169" lobby="0"/><UN n0="%4D%46%E9%A6%99%E5%B7%9D%E7%9C%9F%E5%8F%B8" n1="%E6%9E%9D%E8%B1%86%E3%82%AB%E3%83%AC%E3%83%BC%E7%94%98%E5%8F%A3" n2="%E5%A4%AA%E3%81%8F%E3%81%AA%E3%81%84%E3%81%8A" n3="%30%30%73%61%69" dan="16,16,19,18" rate="2063.47,2124.65,2336.54,2182.16" sx="M,F,F,M"/><TAIKYOKU oya="0"/>

<Scene>
<INIT seed="0,0,0,3,2,27" ten="250,250,250,250" oya="0" hai0="26,99,118,69,23,33,134,123,112,101,92,93,61" hai1="77,31,97,16,41,20,62,3,44,54,82,124,56" hai2="108,43,29,95,48,34,86,32,6,84,131,51,24" hai3="114,5,110,91,122,70,18,78,111,72,109,59,14"/><T37/><D112/><U107/><E3/><V63/><F108/><W38/><G114/><T106/><D118/><U83/><E124/><V81/><F131/><W127/><G70/><T58/><D123/><U117/><E117/><V17/><F6/><W128/><G38/><T121/><D121/><U64/><E31/><V132/><F132/><W102/><G122/><T98/><D37/><U115/><E115/><V47/><F17/><W15/><G128/><T113/><D113/><U53/><E97/><V11/><F11/><W45/><G45/><T36/><D36/><U25/><E107/><V21/><F51/><W90/><G102/><T120/><D69/><U126/><E126/><V2/><F2/><W73/><G78/><T103/><D134/><U46/><E82/><V119/><F119/><W129/><G129/><T55/><D120/><U71/><E41/><V0/><F0/><W85/><G59/><T96/><D33/><U75/><E54/><V60/><F32/><W7/><G127/><T10/><D10/><U68/><E71/><V39/><F34/><W12/><G18/><T125/><D125/><U19/><E19/><V52/><F95/><N who="3" m="54735" /><G91/><T89/><REACH who="0" step="1"/><D23/><REACH who="0" ten="240,250,250,250" step="2"/><U8/><E8/><V87/><REACH who="2" step="1"/><F81/><REACH who="2" ten="240,250,240,250" step="2"/><W50/><G110/><T9/><D9/><U135/><E135/><V116/><F116/><W65/><G111/><T76/><D76/><U104/><E83/><V105/><F105/><W22/><G109/><T13/><D13/><U4/><E104/><V94/><F94/><W79/><G15/><T49/><D49/><N who="1" m="30767" /><E4/><V88/><F88/><W67/><G50/><RYUUKYOKU ba="0,2" sc="240,10,250,10,240,10,250,-30" hai0="26,55,58,61,89,92,93,96,98,99,101,103,106" hai1="16,20,25,44,46,62,64,68,75,77" hai2="21,24,29,39,43,47,48,52,60,63,84,86,87" />
</Scene>
<Scene>
<INIT seed="0,1,2,4,2,125" ten="250,260,250,220" oya="0" hai0="117,42,2,104,28,49,52,53,50,71,48,83,18" hai1="80,88,11,123,31,15,84,103,99,133,16,4,97" hai2="62,122,114,120,100,7,39,64,112,76,77,85,20" hai3="105,68,110,38,67,30,107,55,101,90,111,95,36"/><T118/><D104/><U132/><E123/><V96/><F39/><W115/><G115/><N who="2" m="44073" /><F20/><W27/><G67/><T119/><D2/><U93/><E31/><V61/><F7/><W81/><G81/><T21/><D28/><U109/><E109/><N who="3" m="41482" /><G68/><T65/><D42/><U79/><REACH who="1" step="1"/><E4/><REACH who="1" ten="250,250,250,220" step="2"/><V41/><F120/><W127/><G30/><T22/><D83/><U59/><E59/><V24/><F122/><W113/><G113/><T86/><D86/><U35/><E35/><V102/><F85/><W66/><G127/><T45/><D18/><U130/><E130/><V5/><F5/><W12/><G105/><AGARI ba="1,3" hai="11,15,16,79,80,84,88,93,97,99,103,105,132,133" machi="105" ten="40,8000,1" yaku="1,1,54,2,53,1" doraHai="125" doraHaiUra="98" who="1" fromWho="3" sc="250,0,250,113,250,0,220,-83" />
</Scene>
<Scene>
<INIT seed="1,0,0,2,3,25" ten="250,363,250,137" oya="1" hai0="57,85,128,66,108,94,48,102,21,130,114,111,47" hai1="119,12,63,133,86,122,16,13,134,98,2,75,90" hai2="15,92,38,39,55,91,24,110,116,103,83,99,43" hai3="18,29,1,105,104,36,127,113,60,64,129,80,3"/><U51/><E122/><V81/><F116/><W106/><G113/><T33/><D33/><U87/><E119/><V84/><F110/><W61/><G36/><T46/><D102/><U132/><E75/><V31/><F43/><W34/><G129/><N who="0" m="49771" /><D94/><N who="1" m="56663" /><E2/><N who="3" m="522" /><G18/><T100/><D100/><U59/><E51/><V73/><F15/><N who="1" m="5705" /><E16/><V77/><REACH who="2" step="1"/><F55/><AGARI ba="0,0" hai="55,59,63,86,87,132,133,134" m="5705,56663" machi="55" ten="30,1500,0" yaku="20,1" doraHai="25" who="1" fromWho="2" sc="250,0,363,15,250,-15,137,0" />
</Scene>
<Scene>
<INIT seed="1,1,0,0,2,74" ten="250,378,235,137" oya="1" hai0="104,8,85,105,94,64,92,53,118,10,133,17,73" hai1="71,20,26,32,106,83,132,88,130,98,1,52,82" hai2="91,63,27,113,103,122,87,121,120,68,108,128,44" hai3="59,125,35,37,47,24,49,89,69,93,28,31,40"/><U70/><E1/><V99/><F108/><W127/><G69/><T18/><D73/><U55/><E32/><V117/><F117/><W62/><G31/><T123/><D123/><U90/><E132/><V65/><F128/><W67/><REACH who="3" step="1"/><G37/><REACH who="3" ten="250,378,235,127" step="2"/><T95/><D118/><U45/><E71/><V58/><F68/><W119/><G119/><T36/><D36/><U134/><E70/><V43/><F120/><W15/><G15/><T7/><D64/><U56/><E134/><V50/><F121/><W16/><G16/><T38/><D38/><U39/><E39/><V111/><F122/><W116/><G116/><T80/><D133/><U54/><E130/><V96/><F111/><W101/><G101/><T84/><D7/><U2/><E2/><V4/><F4/><W33/><G33/><T75/><D18/><U78/><E45/><V57/><F65/><W11/><G11/><T34/><D17/><U129/><E129/><V114/><F103/><W42/><G42/><T124/><D34/><U112/><E56/><V115/><F57/><W21/><G21/><T13/><D13/><U19/><E112/><V126/><F114/><W131/><G131/><T46/><D46/><U110/><E110/><V0/><F0/><W76/><G76/><T25/><D10/><U14/><E14/><V97/><F115/><W29/><G29/><T77/><D8/><U12/><E12/><V66/><F113/><W22/><G22/><T109/><D109/><U41/><E41/><V135/><F135/><W3/><G3/><T30/><D30/><U107/><E20/><V60/><F44/><RYUUKYOKU ba="1,1" sc="250,-10,378,-10,235,-10,127,30" hai3="24,28,35,40,47,49,59,62,67,89,93,125,127" />
</Scene>
<Scene>
<INIT seed="2,2,1,5,1,117" ten="240,368,225,157" oya="2" hai0="33,77,133,36,56,62,103,12,57,0,80,86,102" hai1="1,109,38,79,78,15,66,104,94,63,19,132,8" hai2="3,54,112,39,88,47,69,89,134,91,35,7,87" hai3="2,14,72,97,67,55,46,37,48,53,70,49,58"/><V10/><F112/><W16/><G72/><T50/><D0/><U17/><E104/><V124/><F69/><W18/><G2/><T123/><D36/><U5/><E38/><V93/><F35/><W40/><G97/><T23/><D33/><U65/><E132/><V20/><F134/><W29/><G29/><T81/><D80/><U101/><E109/><V116/><F116/><W105/><G105/><T129/><D129/><U119/><E119/><V107/><F107/><W21/><G18/><N who="0" m="10695" /><D123/><U110/><E110/><V32/><F32/><W13/><G13/><T75/><D75/><U68/><E65/><V96/><F124/><W44/><G67/><N who="0" m="39367" /><D133/><U73/><E73/><V125/><F125/><W115/><REACH who="3" step="1"/><G70/><REACH who="3" ten="240,368,225,147" step="2"/><T45/><D57/><U131/><E19/><V111/><F111/><W90/><G90/><T27/><D27/><U100/><E100/><V74/><F74/><W51/><G51/><T64/><D64/><U9/><E79/><V85/><F39/><W127/><G127/><T52/><AGARI ba="2,2" hai="45,50,52,77,81,86,102,103" m="39367,10695" machi="52" ten="30,2000,0" yaku="8,1,54,1" doraHai="117" who="0" fromWho="0" sc="240,46,368,-7,225,-12,147,-7" />
</Scene>
<Scene>
<INIT seed="3,0,0,4,2,33" ten="286,361,213,140" oya="3" hai0="46,121,87,1,59,108,107,67,120,106,30,112,5" hai1="79,41,38,102,17,117,20,12,31,28,16,127,124" hai2="122,0,114,35,86,81,104,133,9,14,54,34,61" hai3="95,118,116,131,71,66,119,94,45,100,56,69,93"/><W55/><G131/><T60/><D30/><U58/><E117/><V135/><F114/><W62/><G45/><T49/><D108/><U19/><E102/><V11/><F104/><W130/><G130/><T90/><D112/><U15/><E79/><V92/><F92/><W132/><G132/><N who="2" m="50761" /><F122/><W113/><G113/><T37/><D37/><U26/><E58/><N who="2" m="35031" /><F0/><W70/><REACH who="3" step="1"/><G100/><REACH who="3" ten="286,361,213,130" step="2"/><T47/><D47/><U99/><E38/><V52/><F52/><AGARI ba="0,1" hai="52,55,56,62,66,69,70,71,93,94,95,116,118,119" machi="52" ten="60,12000,1" yaku="1,1,2,1,29,2,54,1,53,0" doraHai="33" doraHaiUra="101" who="3" fromWho="2" sc="286,0,361,0,213,-120,130,130" />
</Scene>
<Scene>
<INIT seed="3,1,0,4,3,2" ten="286,361,93,260" oya="3" hai0="14,32,12,43,94,115,67,13,126,118,58,61,102" hai1="54,3,65,46,38,8,15,108,110,47,91,64,81" hai2="50,69,11,63,93,57,71,84,77,83,35,124,119" hai3="29,25,86,123,55,134,33,18,39,9,31,22,66"/><W28/><G39/><T95/><D118/><U27/><E3/><V7/><F119/><W125/><G66/><T111/><D32/><U59/><E27/><V104/><F104/><W129/><G123/><T34/><D34/><U101/><E101/><V4/><F35/><W89/><G129/><T20/><D43/><U48/><E38/><V78/><F124/><W132/><G125/><T52/><D126/><U36/><E36/><V37/><F37/><W90/><G55/><T117/><D117/><U60/><E47/><V135/><F135/><N who="3" m="51755" /><G33/><T42/><D42/><U0/><E0/><V85/><F50/><W99/><G99/><N who="0" m="59767" /><D111/><U74/><E65/><V49/><F49/><W5/><G86/><T106/><D106/><U10/><E74/><V98/><F69/><W6/><G9/><T105/><D105/><U44/><E44/><V70/><F70/><W100/><G100/><T40/><D40/><U23/><E110/><V82/><F11/><W17/><G17/><T19/><D115/><U76/><E108/><V73/><F71/><W131/><G131/><T72/><D72/><U109/><E109/><V127/><F73/><W16/><G18/><T116/><D116/><U1/><E1/><V68/><F68/><W96/><G90/><T80/><D67/><U128/><E91/><N who="2" m="55615" /><F127/><W21/><G21/><T79/><D20/><U97/><E128/><V41/><F41/><W30/><N who="3" m="7168" /><DORA hai="112" /><W62/><G62/><T120/><D19/><N who="1" m="10751" /><E97/><V45/><F45/><W122/><G122/><T87/><D120/><U26/><E46/><V114/><F114/><W53/><G53/><AGARI ba="1,0" hai="4,7,53,57,63,77,78,82,83,84,85" m="55615" machi="53" ten="30,7700,0" yaku="6,1,8,1,52,2" doraHai="2,112" who="2" fromWho="3" sc="286,0,361,0,93,80,260,-80" />
</Scene>
<Scene>
<INIT seed="4,0,0,1,2,119" ten="286,361,173,180" oya="0" hai0="83,3,67,108,61,92,48,81,111,52,41,118,107" hai1="82,129,71,96,105,97,110,80,116,69,84,127,12" hai2="106,93,34,37,24,128,63,36,8,55,4,6,45" hai3="125,40,112,0,121,75,23,59,2,15,120,123,72"/><T22/><D107/><U19/><E116/><V26/><F106/><W60/><G112/><T100/><D118/><U21/><E110/><N who="0" m="42025" /><D3/><N who="3" m="1065" /><G125/><T50/><D22/><U13/><E127/><V133/><F133/><W9/><G40/><T10/><D10/><U87/><E105/><V85/><F128/><W32/><G32/><T103/><D41/><U68/><E68/><V130/><F130/><W70/><G70/><N who="0" m="42351" /><D50/><U7/><E129/><V74/><F8/><W20/><G20/><T14/><D14/><U102/><E102/><N who="0" m="38953" /><D92/><U65/><E65/><V104/><F93/><W43/><G43/><T38/><D38/><U76/><E71/><V91/><F36/><W90/><G23/><T53/><D53/><U117/><E69/><V35/><F55/><N who="3" m="33919" /><G90/><T39/><D39/><U86/><E117/><V77/><F37/><W66/><G66/><T113/><D113/><U17/><E21/><V132/><F34/><W42/><G42/><T126/><D126/><U44/><E44/><AGARI ba="0,0" hai="44,48,52,81,83" m="38953,42351,42025" machi="44" ten="30,2900,0" yaku="10,1,54,1" doraHai="119" who="0" fromWho="1" sc="286,29,361,-29,173,0,180,0" />
</Scene>
<Scene>
<INIT seed="4,1,0,2,4,34" ten="315,332,173,180" oya="0" hai0="103,130,106,80,82,0,12,10,71,97,48,112,78" hai1="24,17,37,42,20,39,111,40,110,31,84,66,30" hai2="7,120,68,54,119,45,69,75,89,83,124,118,11" hai3="132,113,101,36,21,53,79,74,58,64,50,22,134"/><T57/><D71/><U67/><E84/><N who="2" m="50335" /><F75/><W1/><G36/><T29/><D29/><U108/><E20/><V43/><F54/><W5/><G113/><T123/><D123/><U131/><E24/><V44/><F120/><W125/><G125/><T19/><D112/><U93/><E93/><V26/><F26/><W51/><G101/><T116/><D116/><N who="2" m="44586" /><F124/><W81/><G64/><T90/><D90/><U55/><E55/><V52/><F52/><N who="3" m="32023" /><G51/><T105/><D106/><U49/><E49/><N who="2" m="26783" /><F45/><W56/><G56/><T8/><D48/><U38/><E17/><V2/><AGARI ba="1,0" hai="2,7,11,68,69" m="26783,44586,50335" machi="2" ten="30,2000,0" yaku="12,1,52,1" doraHai="34" who="2" fromWho="2" sc="315,-11,332,-6,173,23,180,-6" />
</Scene>
<Scene>
<INIT seed="5,0,0,2,2,64" ten="304,326,196,174" oya="1" hai0="106,130,24,22,94,131,123,77,88,72,111,52,118" hai1="41,80,104,4,40,9,76,36,55,122,26,47,6" hai2="1,127,60,65,15,121,84,95,33,81,110,25,63" hai3="29,114,0,66,115,93,133,117,73,10,91,61,46"/><U113/><E122/><V18/><F121/><W99/><G73/><T68/><D123/><U57/><E113/><N who="3" m="43018" /><G133/><T51/><D106/><U16/><E104/><V54/><F110/><W87/><G117/><T132/><D118/><U38/><E41/><V23/><F127/><W39/><G29/><T44/><D111/><U128/><E128/><V12/><F1/><W102/><G10/><T105/><D105/><U17/><E26/><V90/><F33/><W119/><G0/><T59/><D68/><U53/><E6/><V78/><F54/><W101/><G119/><T71/><D71/><U31/><E38/><V92/><F92/><W79/><G79/><T14/><D14/><U11/><E11/><V85/><REACH who="2" step="1"/><F60/><REACH who="2" ten="304,326,186,174" step="2"/><W32/><G32/><T107/><D107/><U5/><E55/><V112/><F112/><W116/><G116/><T34/><D34/><U69/><E53/><V83/><F83/><W75/><G93/><T48/><D94/><U108/><E108/><V126/><F126/><W124/><G124/><T2/><D2/><U19/><E80/><V58/><AGARI ba="0,1" hai="12,15,18,23,25,58,63,65,78,81,84,85,90,95" machi="58" ten="20,5200,0" yaku="1,1,0,1,7,1,8,1,53,0" doraHai="64" doraHaiUra="27" who="2" fromWho="2" sc="304,-13,326,-26,186,62,174,-13" />
</Scene>
<Scene>
<INIT seed="6,0,0,3,5,16" ten="291,300,248,161" oya="2" hai0="78,9,107,12,130,50,20,48,45,44,99,26,57" hai1="23,124,102,31,135,82,36,19,133,6,127,74,96" hai2="110,22,51,98,75,93,81,80,94,72,64,53,3" hai3="66,24,83,34,92,68,134,112,21,84,65,17,8"/><V70/><F3/><W126/><G134/><N who="1" m="51210" /><E36/><V129/><F129/><W91/><G126/><T32/><D32/><U95/><E31/><V30/><F110/><W4/><G112/><T14/><D107/><U109/><E6/><V104/><F104/><W47/><G68/><T63/><D99/><U117/><E117/><V128/><F128/><W120/><G120/><T2/><D2/><U87/><E74/><V119/><F119/><W59/><G34/><T103/><D103/><U7/><E7/><V116/><F116/><W15/><G59/><T89/><D89/><N who="1" m="51447" /><E109/><V55/><F70/><W114/><G114/><T62/><D78/><U108/><E108/><V1/><F1/><W40/><REACH who="3" step="1"/><G83/><REACH who="3" ten="291,300,248,151" step="2"/><T10/><D57/><U67/><E67/><V125/><F64/><W85/><G85/><T113/><D113/><U106/><E106/><V13/><F125/><W86/><G86/><T97/><D130/><U38/><E127/><V61/><F80/><W71/><G71/><T42/><D97/><U35/><E35/><V111/><F81/><W46/><G46/><T69/><D69/><U79/><E124/><V122/><F122/><W101/><G101/><T33/><D33/><U54/><E79/><V18/><F111/><W123/><G123/><T37/><D45/><U131/><E131/><V100/><F72/><W105/><G105/><T56/><D56/><U43/><E102/><V39/><F75/><W0/><G0/><T115/><D115/><U77/><E77/><V73/><F73/><W118/><G118/><T76/><D76/><U58/><E58/><V28/><F61/><RYUUKYOKU ba="0,1" sc="291,-10,300,-10,248,-10,151,30" hai3="4,8,15,17,21,24,40,47,65,66,84,91,92" />
</Scene>
<Scene>
<INIT seed="7,1,1,2,5,33" ten="281,290,238,181" oya="3" hai0="128,72,129,120,133,108,131,7,21,11,52,100,116" hai1="74,105,132,94,4,93,10,76,17,70,98,26,46" hai2="18,53,23,35,91,43,69,50,1,29,83,135,123" hai3="110,25,111,125,87,56,36,130,84,81,5,122,34"/><W97/><G122/><T6/><D72/><U82/><E70/><V48/><F69/><W92/><G130/><T66/><D120/><U65/><E65/><V8/><F123/><W78/><G125/><T126/><D66/><U2/><E132/><V31/><F135/><W117/><G117/><T62/><D133/><U44/><E105/><V55/><F35/><W40/><G5/><T16/><D126/><U127/><E127/><V85/><F43/><W88/><G36/><T124/><D124/><U20/><E93/><V19/><F1/><W28/><G40/><T112/><D116/><U39/><E39/><V89/><F8/><W109/><REACH who="3" step="1"/><G56/><REACH who="3" ten="281,290,238,171" step="2"/><N who="0" m="35079" /><D7/><U38/><E38/><V37/><F37/><W80/><G80/><T24/><D6/><U58/><E58/><N who="2" m="33063" /><F91/><AGARI ba="1,2" hai="2,4,10,17,20,26,44,46,74,76,82,91,94,98" machi="91" ten="30,2000,0" yaku="7,1,52,1" doraHai="33" who="1" fromWho="2" sc="281,0,290,43,238,-23,171,0" owari="281,8.0,333,43.0,215,-18.0,171,-33.0" />
</Scene>
</mjloggm>