<mjloggm ver="2.3"><GO type="169" lobby="0"/><UN n0="%E3%82%A4%E3%82%AB%E5%A8%98" n1="%E7%BE%BD%E6%9C%88%E8%8E%89%E9%9F%B3" n2="%E5%A4%AA%E3%81%8F%E3%81%AA%E3%81%84%E3%81%8A" n3="%E3%83%8B%E3%83%A3%E3%83%83%E3%83%94%E3%83%BC%E5%A4%8F%E7%9B%AE" dan="16,16,18,18" rate="2052.43,2123.96,2196.26,2150.00" sx="F,M,F,M"/><TAIKYOKU oya="0"/>

<Scene>
<INIT seed="0,0,0,1,3,40" ten="250,250,250,250" oya="0" hai0="10,117,84,49,108,41,122,5,115,107,98,52,130" hai1="62,68,1,74,123,58,131,116,87,35,18,79,25" hai2="22,89,119,96,42,80,33,27,109,76,94,106,128" hai3="70,100,31,15,30,111,77,82,14,132,3,73,8"/><T44/><D115/><U38/><E74/><V114/><F114/><W2/><G111/><T54/><D117/><U59/><E1/><V50/><F109/><W21/><G70/><T121/><D108/><U53/><E123/><V88/><F33/><W99/><G132/><T28/><D130/><U67/><E116/><V13/><F119/><W51/><G15/><T66/><D66/><U101/><E101/><V11/><F106/><W81/><G81/><T12/><D28/><U20/><E35/><V65/><F65/><W90/><G90/><T32/><D32/><U9/><E131/><V7/><F128/><W75/><G75/><T43/><D84/><U113/><E113/><V24/><F89/><W112/><G112/><T29/><D29/><U17/><E38/><V47/><REACH who="2" step="1"/><F22/><REACH who="2" ten="250,250,240,250" step="2"/><W26/><G21/><T95/><D107/><U124/><E20/><V57/><F57/><W39/><G100/><N who="0" m="60511" /><D122/><U61/><E68/><V85/><AGARI ba="0,1" hai="7,11,13,24,27,42,47,50,76,80,85,88,94,96" machi="85" ten="20,16000,3" yaku="1,1,0,1,7,1,25,2,8,1,52,1,54,1,53,1" doraHai="40" doraHaiUra="45" who="2" fromWho="2" sc="250,-80,250,-40,240,170,250,-40" />
</Scene>
<Scene>
<INIT seed="1,0,0,0,4,96" ten="170,210,410,210" oya="1" hai0="111,72,128,55,42,21,22,70,16,13,134,49,82" hai1="11,36,75,102,17,99,65,93,47,123,52,51,124" hai2="3,7,109,81,10,106,91,131,62,85,78,101,127" hai3="6,38,115,68,116,25,40,41,57,69,30,74,63"/><U97/><E123/><V37/><F37/><W54/><G74/><T121/><D111/><U107/><E124/><V4/><F109/><W100/><G115/><T108/><D108/><U125/><E125/><V122/><F127/><W105/><G116/><T24/><D70/><U48/><E75/><V130/><F122/><W120/><G6/><T32/><D128/><N who="2" m="49194" /><F7/><W12/><G12/><T119/><D119/><U45/><E36/><V132/><F132/><W0/><G0/><T1/><D1/><U77/><E77/><V2/><F2/><W43/><G120/><T9/><D134/><U60/><E11/><V14/><F3/><W133/><G38/><T90/><D121/><U98/><E17/><V103/><F106/><W113/><G113/><T86/><D42/><U34/><E34/><V46/><F46/><W67/><G133/><T27/><D72/><U110/><E110/><V80/><F62/><N who="3" m="36151" /><G68/><T29/><REACH who="0" step="1"/><D27/><REACH who="0" ten="160,210,410,210" step="2"/><U112/><E112/><V84/><AGARI ba="0,1" hai="4,10,14,78,80,81,84,85,91,101,103" m="49194" machi="84" ten="30,4000,0" yaku="19,1,52,2" doraHai="96" who="2" fromWho="2" sc="160,-10,210,-20,410,50,210,-10" />
</Scene>
<Scene>
<INIT seed="2,0,0,4,5,62" ten="150,190,460,200" oya="2" hai0="41,104,102,33,2,97,95,9,42,67,111,135,61" hai1="10,17,130,81,30,38,37,92,112,96,124,80,69" hai2="8,64,63,32,46,27,74,52,39,49,66,115,35" hai3="29,3,0,132,73,113,48,107,50,78,101,100,84"/><V72/><F115/><W105/><G73/><T36/><D111/><U58/><E112/><V43/><F8/><W94/><G113/><T53/><D53/><U19/><E69/><V59/><F66/><W83/><G132/><T110/><D95/><U119/><E119/><V47/><REACH who="2" step="1"/><F27/><REACH who="2" ten="150,190,450,200" step="2"/><W13/><G0/><T103/><D2/><U44/><E10/><V31/><F31/><W34/><G29/><T40/><D9/><U88/><E30/><V114/><F114/><W21/><G3/><T7/><D110/><U57/><E130/><V60/><F60/><W134/><G134/><T25/><D61/><U51/><E124/><V85/><F85/><W131/><G84/><T1/><D67/><U117/><E117/><V45/><F45/><W82/><G131/><T55/><D135/><U120/><E44/><V121/><F121/><W20/><G13/><T86/><D86/><U99/><E120/><V125/><F125/><W22/><G82/><T122/><D25/><U75/><E81/><V76/><F76/><W98/><G83/><T26/><D122/><U70/><E80/><V68/><F68/><W127/><G78/><T28/><D26/><U126/><E70/><V54/><F54/><W116/><G127/><T91/><D28/><U93/><E126/><V118/><F118/><W71/><G116/><T5/><D55/><U16/><E75/><AGARI ba="0,1" hai="32,35,39,43,46,47,49,52,59,63,64,72,74,75" machi="75" ten="40,7700,0" yaku="1,1,52,1,54,1,53,0" doraHai="62" doraHaiUra="128" who="2" fromWho="1" sc="150,0,190,-77,450,87,200,0" />
</Scene>
<Scene>
<INIT seed="2,1,0,4,4,76" ten="150,113,537,200" oya="2" hai0="92,125,24,72,63,47,70,65,90,18,128,26,40" hai1="79,56,13,80,101,135,34,55,43,15,49,17,3" hai2="32,8,130,60,75,112,97,84,30,6,66,10,114" hai3="69,108,113,122,124,33,134,126,116,120,100,96,105"/><V11/><F75/><W127/><G33/><T82/><D128/><U53/><E3/><V132/><F130/><W58/><G69/><T19/><D125/><U50/><E135/><V37/><F37/><W119/><G58/><T5/><D5/><U48/><E34/><V106/><F132/><W29/><G29/><T131/><D131/><U87/><E101/><N who="2" m="62767" /><F84/><W95/><G134/><T9/><D9/><U23/><E43/><V74/><F74/><W111/><G95/><T88/><D26/><U73/><E73/><V20/><F20/><W39/><G39/><T35/><D35/><U118/><E118/><N who="3" m="45098" /><G113/><T78/><D24/><U117/><E117/><V121/><F6/><W99/><G99/><T81/><D81/><U129/><E129/><V86/><F86/><W107/><G107/><T52/><D52/><U103/><E103/><V45/><F45/><W67/><G67/><T0/><D0/><U93/><E93/><V68/><F121/><AGARI ba="1,0" hai="96,100,105,108,111,120,121,122,124,126,127" m="45098" machi="121" ten="40,8000,1" yaku="18,1,23,1,34,2" doraHai="76" who="3" fromWho="2" sc="150,0,113,0,537,-83,200,83" />
</Scene>
<Scene>
<INIT seed="3,0,0,0,4,24" ten="150,113,454,283" oya="3" hai0="86,116,9,35,30,65,99,92,72,68,120,34,10" hai1="4,98,2,93,78,42,112,115,5,53,127,133,22" hai2="15,76,79,85,129,40,1,3,43,83,84,66,87" hai3="70,28,7,132,118,71,23,135,128,108,134,75,96"/><W77/><G118/><T103/><D72/><U130/><E42/><V94/><F129/><W74/><G128/><T39/><D39/><U17/><E130/><V6/><F66/><W113/><G113/><T97/><D120/><U67/><E67/><V121/><F121/><W101/><G7/><T38/><D38/><U100/><E133/><V31/><F31/><W19/><G28/><T131/><D131/><U46/><E127/><V56/><F1/><W107/><G108/><T13/><D116/><U119/><E78/><V58/><F3/><W8/><G8/><T105/><D86/><N who="2" m="33386" /><F76/><W16/><G19/><T114/><D114/><U57/><E46/><V91/><F94/><W69/><REACH who="3" step="1"/><G77/><REACH who="3" ten="150,113,454,273" step="2"/><T25/><D35/><U27/><E119/><V88/><F6/><W95/><G95/><T0/><D10/><U41/><E115/><V33/><F33/><W63/><G63/><T18/><D18/><U60/><E112/><V21/><F21/><W90/><G90/><N who="2" m="34345" /><F15/><AGARI ba="0,1" hai="15,16,23,69,70,71,74,75,96,101,107,132,134,135" machi="15" ten="50,9600,0" yaku="1,1,20,1,54,1,53,0" doraHai="24" doraHaiUra="123" who="3" fromWho="2" sc="150,0,113,0,454,-96,273,106" />
</Scene>
<Scene>
<INIT seed="3,1,0,0,5,10" ten="150,113,358,379" oya="3" hai0="50,118,59,35,69,40,29,127,62,120,54,61,93" hai1="13,77,14,124,134,68,23,78,121,94,125,48,74" hai2="75,17,113,58,44,26,110,133,79,49,115,57,82" hai3="19,106,132,116,55,16,95,111,65,41,130,123,119"/><W105/><G123/><T43/><D118/><U36/><E36/><V103/><F110/><W6/><G6/><T122/><D29/><U117/><E117/><V135/><F103/><W12/><G111/><T0/><D35/><U3/><E3/><V38/><F38/><W18/><G41/><N who="0" m="15947" /><D0/><U11/><E68/><V96/><F96/><W88/><G65/><N who="0" m="41143" /><D93/><U51/><E121/><N who="0" m="46697" /><D127/><N who="1" m="48715" /><E134/><N who="2" m="51211" /><F26/><W27/><G132/><T97/><D97/><U126/><E94/><V84/><F17/><W91/><G27/><T85/><D85/><U67/><E67/><V1/><F1/><W47/><G119/><T80/><D80/><N who="1" m="45111" /><E78/><V87/><F87/><W20/><G116/><T112/><D112/><N who="2" m="43082" /><F75/><W107/><G107/><T98/><D98/><U129/><E126/><V33/><F33/><W28/><G106/><T2/><D2/><U5/><E129/><V108/><F108/><W128/><G130/><T7/><D7/><U31/><E31/><V8/><F8/><W102/><G128/><T83/><D83/><U73/><E73/><V32/><F32/><W21/><G105/><T64/><D64/><U22/><E22/><V42/><AGARI ba="1,0" hai="42,44,49,57,58,79,82,84" m="43082,51211" machi="42" ten="30,1100,0" yaku="20,1" doraHai="10" who="2" fromWho="2" sc="150,-4,113,-4,358,14,379,-6" />
</Scene>
<Scene>
<INIT seed="4,0,0,3,1,110" ten="146,109,372,373" oya="0" hai0="28,109,40,7,96,98,111,115,65,6,114,33,99" hai1="19,103,94,47,52,32,130,135,67,55,14,46,0" hai2="119,24,22,133,41,123,105,82,124,125,93,131,118" hai3="78,51,31,128,106,77,121,3,113,117,54,13,127"/><T134/><D134/><U9/><E32/><V76/><F105/><W39/><G3/><T92/><D40/><U10/><E135/><V43/><F123/><W59/><G39/><T17/><D65/><U126/><E126/><N who="2" m="48747" /><F131/><W16/><G127/><T23/><D92/><U70/><E130/><V30/><F133/><W116/><G106/><T58/><D58/><U88/><E103/><V81/><F93/><W90/><G128/><T50/><D50/><U48/><E70/><V26/><F26/><W61/><G121/><T120/><D120/><U15/><E0/><V44/><F43/><W104/><G104/><T79/><D79/><U34/><E34/><V107/><F107/><W21/><G113/><N who="0" m="43019" /><D28/><U35/><E67/><V36/><F81/><W38/><G38/><T84/><D84/><AGARI ba="0,0" hai="22,24,30,36,41,44,76,82,84,118,119" m="48747" machi="84" ten="30,1000,0" yaku="18,1" doraHai="110" who="2" fromWho="0" sc="146,-10,109,0,372,10,373,0" />
</Scene>
<Scene>
<INIT seed="5,0,0,1,5,62" ten="136,109,382,373" oya="1" hai0="108,111,135,76,97,122,86,81,127,24,42,124,132" hai1="94,3,41,2,29,27,8,51,67,79,88,66,50" hai2="16,63,134,43,48,114,129,45,118,104,64,46,84" hai3="123,56,61,83,11,128,89,90,36,40,52,31,30"/><U23/><E79/><V47/><F104/><W18/><G123/><T6/><D6/><U9/><E3/><V19/><F118/><W0/><G128/><T80/><D42/><U5/><E9/><V93/><F129/><W34/><G34/><T98/><D24/><U7/><E7/><V105/><F105/><W28/><G0/><T70/><D70/><U87/><REACH who="1" step="1"/><E51/><REACH who="1" ten="136,99,382,373" step="2"/><V22/><F134/><N who="0" m="51242" /><D122/><U75/><E75/><V72/><F72/><W60/><G11/><T85/><D111/><U101/><E101/><V78/><F114/><W119/><G119/><T71/><D108/><U99/><E99/><N who="0" m="37897" /><D71/><U15/><E15/><V109/><F109/><W120/><G120/><T133/><D133/><U59/><E59/><N who="2" m="36991" /><F78/><AGARI ba="0,1" hai="76,78,80,81,85,86,124,127" m="37897,51242" machi="78" ten="30,3900,0" yaku="20,1,34,2" doraHai="62" who="0" fromWho="2" sc="136,49,99,0,382,-39,373,0" />
</Scene>
<Scene>
<INIT seed="6,0,0,5,1,73" ten="185,99,343,373" oya="2" hai0="133,16,35,76,101,47,83,65,131,99,54,122,18" hai1="109,97,13,5,37,41,51,14,71,114,72,39,95" hai2="108,118,110,15,135,117,82,102,68,23,33,38,125" hai3="30,85,78,104,12,132,22,57,40,130,67,123,34"/><V24/><F68/><W70/><G104/><T111/><D122/><U9/><E109/><N who="2" m="42091" /><F38/><W60/><G123/><T106/><D111/><U49/><E71/><V66/><F66/><W48/><G132/><T87/><D35/><U25/><E114/><V96/><F135/><W121/><G121/><T127/><D133/><U3/><E25/><V119/><F125/><W84/><G130/><T81/><D81/><U128/><E128/><V58/><F58/><W29/><G70/><T134/><D134/><U89/><E72/><V92/><F33/><W63/><G63/><T7/><D7/><U36/><REACH who="1" step="1"/><E41/><REACH who="1" ten="185,89,343,373" step="2"/><V79/><F15/><AGARI ba="0,1" hai="3,5,9,13,14,15,36,37,39,49,51,89,95,97" machi="15" ten="40,2600,0" yaku="1,1,2,1,53,0" doraHai="73" doraHaiUra="98" who="1" fromWho="2" sc="185,0,89,36,343,-26,373,0" />
</Scene>
<Scene>
<INIT seed="7,0,0,2,0,36" ten="185,125,317,373" oya="3" hai0="67,7,127,4,42,32,66,87,103,105,113,96,86" hai1="102,35,2,68,5,97,71,100,82,51,28,73,92" hai2="111,13,123,124,19,80,110,78,112,114,14,56,94" hai3="116,99,3,101,129,125,1,106,11,88,95,63,84"/><W75/><G116/><T26/><D127/><U21/><E35/><V30/><F56/><W107/><G107/><T18/><D42/><U130/><E130/><V117/><F117/><W134/><G125/><T34/><D34/><U64/><E102/><V83/><F124/><W91/><G129/><T54/><D54/><U43/><E64/><N who="0" m="24617" /><D105/><U76/><E5/><N who="0" m="2121" /><D32/><U25/><REACH who="1" step="1"/><E2/><REACH who="1" ten="185,115,317,373" step="2"/><V74/><F123/><W49/><G101/><T72/><D113/><U90/><E90/><V38/><F38/><W79/><G91/><T16/><D72/><U85/><E85/><V6/><F30/><W0/><G88/><T29/><D86/><U60/><E60/><V47/><F94/><W118/><G95/><N who="0" m="58783" /><D87/><U9/><E9/><V69/><F69/><W62/><G84/><T65/><D65/><U120/><E120/><V27/><F83/><W23/><G63/><T126/><D126/><U52/><E52/><V132/><F112/><W17/><G11/><T37/><D37/><U15/><E15/><V31/><F114/><W24/><G62/><T77/><D77/><U40/><E40/><V41/><F6/><W131/><G131/><T39/><D39/><U109/><E109/><V93/><F93/><W70/><G70/><T119/><D119/><U50/><E50/><V61/><F61/><W115/><G118/><T135/><D135/><U128/><E128/><V33/><F132/><W44/><G134/><T45/><D26/><U122/><E122/><V48/><REACH who="2" step="1"/><F14/><REACH who="2" ten="185,115,307,373" step="2"/><W8/><G115/><T98/><D98/><U133/><E133/><V53/><F53/><W46/><G99/><RYUUKYOKU ba="0,2" sc="185,-15,115,15,307,15,373,-15" hai1="21,25,28,43,51,68,71,73,76,82,92,97,100" hai2="13,19,27,31,33,41,47,48,74,78,80,110,111" owari="170,-23.0,130,-37.0,322,12.0,378,48.0" />
</Scene>
</mjloggm>