<mjloggm ver="2.3"><GO type="169" lobby="0"/><UN n0="%E5%A4%AA%E3%81%8F%E3%81%AA%E3%81%84%E3%81%8A" n1="%7A%61%63%63" n2="%E6%94%BE%E9%8A%83%E7%8E%8B%EF%BC%94" n3="%E6%9D%B1%E9%A2%A8%E3%81%AE%E5%A4%AE" dan="18,17,16,17" rate="2246.99,2165.79,2090.96,2199.65" sx="M,F,F,M"/><TAIKYOKU oya="0"/>

<Scene>
<INIT seed="0,0,0,5,3,18" ten="250,250,250,250" oya="0" hai0="17,19,36,84,10,107,16,66,49,28,14,43,100" hai1="50,3,72,51,134,1,40,60,126,110,87,8,79" hai2="53,32,108,35,23,131,117,6,15,98,2,113,104" hai3="7,106,0,83,39,114,93,86,118,45,61,46,64"/><T21/><D36/><U52/><E134/><V26/><F113/><W125/><G106/><T123/><D123/><U5/><E72/><V33/><F104/><W103/><G118/><T47/><D66/><U109/><E126/><V76/><F76/><W65/><G125/><T37/><D37/><U97/><E3/><V38/><F98/><W105/><G105/><T4/><D84/><U75/><E75/><V62/><F38/><W82/><G86/><T69/><D69/><U88/><E40/><V80/><F80/><W78/><G39/><T133/><D133/><U132/><E97/><V77/><F77/><W57/><G7/><T11/><D107/><U115/><E79/><V92/><F92/><W22/><G22/><T135/><D135/><U54/><E60/><V124/><F124/><W96/><G0/><T30/><D100/><U112/><E132/><V74/><F74/><W91/><G114/><N who="1" m="43562" /><E51/><V25/><F117/><W9/><G65/><T127/><D127/><U128/><E54/><V59/><F131/><W120/><G120/><T73/><D73/><U67/><E67/><V41/><F41/><W90/><G78/><T101/><D101/><U94/><E128/><V55/><F55/><W12/><G103/><T71/><D71/><U111/><E110/><V70/><F108/><W116/><G116/><T44/><D44/><AGARI ba="0,0" hai="1,5,8,44,50,52,87,88,94,109,111" m="43562" machi="44" ten="30,3900,0" yaku="11,1,54,2" doraHai="18" who="1" fromWho="0" sc="250,-39,250,39,250,0,250,0" />
</Scene>
<Scene>
<INIT seed="1,0,0,0,4,18" ten="211,289,250,250" oya="1" hai0="134,10,28,127,56,88,99,8,92,13,72,83,97" hai1="20,61,1,29,55,3,102,63,52,46,100,53,78" hai2="130,101,86,110,0,64,115,34,87,7,15,105,104" hai3="125,76,2,103,77,109,74,25,123,69,60,45,80"/><U11/><E78/><V57/><F110/><W91/><G109/><T112/><D112/><U75/><E75/><V38/><F38/><W40/><G123/><T37/><D37/><U131/><E131/><V126/><F34/><W27/><G77/><T108/><D108/><U84/><E3/><V35/><F35/><W32/><G91/><T16/><D134/><U22/><E29/><V50/><F0/><W70/><G125/><T31/><D127/><U95/><E11/><V133/><F101/><N who="1" m="39017" /><E1/><V59/><F130/><W132/><G132/><T81/><D72/><U121/><E46/><V128/><F128/><W79/><G79/><T66/><D97/><U122/><E95/><V14/><F133/><W67/><G2/><T41/><D41/><U42/><E42/><V21/><F126/><W114/><G114/><T62/><D8/><U30/><E30/><AGARI ba="0,0" hai="10,13,16,28,30,31,56,62,66,81,83,88,92,99" machi="30" ten="40,5200,0" yaku="8,1,54,2" doraHai="18" who="0" fromWho="1" sc="211,52,289,-52,250,0,250,0" />
</Scene>
<Scene>
<INIT seed="2,0,0,1,0,2" ten="263,237,250,250" oya="2" hai0="55,7,31,3,19,69,133,128,43,62,14,29,5" hai1="22,18,130,117,95,73,115,75,119,124,135,20,118" hai2="71,94,8,116,105,79,110,53,132,120,13,114,24" hai3="4,104,92,52,89,15,41,90,108,76,9,54,37"/><V39/><F105/><W49/><G108/><T17/><D3/><U63/><E115/><V122/><F39/><W126/><G126/><T51/><D133/><U64/><E124/><V60/><F114/><W111/><G111/><T77/><D128/><U6/><E135/><V109/><F132/><W40/><G104/><T112/><D112/><U0/><E130/><V36/><F36/><W100/><G76/><T50/><D77/><U81/><E95/><V97/><F116/><W23/><G37/><T57/><D69/><U101/><E101/><V65/><F79/><W127/><G127/><T121/><D121/><U91/><E22/><V11/><F11/><W99/><G54/><T86/><D86/><U113/><E113/><V125/><F125/><W48/><G48/><N who="0" m="18475" /><D43/><N who="3" m="16457" /><G23/><N who="0" m="11703" /><D19/><U80/><E75/><V47/><F120/><W33/><G33/><T102/><D102/><U83/><E73/><V131/><F122/><W16/><G16/><T85/><D85/><U87/><E18/><N who="2" m="8487" /><F131/><W26/><G26/><T61/><D61/><U67/><E63/><V46/><F110/><W35/><G35/><T59/><D59/><AGARI ba="0,0" hai="4,9,15,49,52,59,89,90,92,99,100" m="16457" machi="59" ten="30,3900,0" yaku="8,1,52,1,54,1" doraHai="2" who="3" fromWho="0" sc="263,-39,237,0,250,0,250,39" />
</Scene>
<Scene>
<INIT seed="3,0,0,4,1,76" ten="224,237,250,289" oya="3" hai0="0,61,55,18,115,22,124,31,84,51,13,82,103" hai1="102,49,87,131,128,7,21,43,57,62,93,54,46" hai2="15,12,11,6,42,127,120,114,117,133,50,116,10" hai3="75,35,38,64,92,134,63,99,109,81,3,77,9"/><W29/><G134/><T97/><D124/><U26/><E7/><V78/><F114/><W25/><G38/><T125/><D125/><U90/><E102/><V60/><F127/><W2/><G109/><T118/><D115/><U132/><REACH who="1" step="1"/><E132/><REACH who="1" ten="224,227,250,289" step="2"/><V95/><F133/><W39/><G39/><T107/><D0/><U111/><E111/><V88/><F6/><W96/><G3/><T74/><D118/><U37/><E37/><V4/><F117/><W32/><G2/><T59/><D74/><U65/><E65/><V48/><F116/><W112/><G112/><T130/><D130/><U121/><E121/><V73/><F120/><W56/><G9/><T52/><D31/><AGARI ba="0,1" hai="21,26,31,43,46,49,54,57,62,87,90,93,128,131" machi="31" ten="40,2600,0" yaku="1,1,53,1" doraHai="76" doraHaiUra="40" who="1" fromWho="0" sc="224,-26,227,36,250,0,289,0" />
</Scene>
<Scene>
<INIT seed="4,0,0,4,2,49" ten="198,263,250,289" oya="0" hai0="78,63,3,130,33,41,75,109,131,39,66,10,104" hai1="55,111,115,68,0,57,21,16,20,87,50,123,53" hai2="101,4,83,79,100,7,125,24,28,105,120,14,13" hai3="65,80,76,89,22,9,127,129,40,19,5,25,31"/><T36/><D104/><U1/><E68/><V119/><F120/><W95/><G127/><T44/><D33/><U27/><E111/><V86/><F125/><W81/><G65/><T110/><D78/><U117/><E123/><V56/><F119/><W72/><G129/><N who="0" m="49163" /><D75/><U12/><E117/><V60/><F13/><W103/><G103/><N who="2" m="39497" /><F105/><W18/><G40/><T126/><D126/><U121/><E121/><V88/><F14/><W38/><G38/><N who="0" m="21559" /><D10/><U122/><E115/><V48/><F79/><W32/><G76/><T108/><D3/><U114/><E114/><V132/><F48/><W8/><G72/><T90/><D90/><U124/><E122/><V46/><F46/><W98/><G9/><T45/><D45/><U17/><E124/><V71/><F71/><AGARI ba="0,0" hai="36,39,63,66,71,108,109,110" m="21559,49163" machi="71" ten="40,12000,1" yaku="10,1,19,1,23,1,34,2" doraHai="49" who="0" fromWho="2" sc="198,120,263,0,250,-120,289,0" />
</Scene>
<Scene>
<INIT seed="4,1,0,3,3,43" ten="318,263,130,289" oya="0" hai0="51,50,28,80,62,44,84,4,49,79,38,1,32" hai1="16,95,27,39,125,108,109,23,86,92,130,41,107" hai2="45,104,88,106,0,126,59,21,60,24,55,68,113" hai3="42,31,89,18,15,102,65,133,116,132,128,127,87"/><T67/><D32/><U19/><E107/><V77/><F0/><W61/><G116/><T103/><D28/><U17/><E130/><V48/><F126/><W134/><G128/><T120/><D120/><U6/><E6/><V72/><F113/><W115/><G115/><T30/><D30/><U122/><E125/><V35/><F35/><W2/><G127/><T111/><D111/><U93/><E122/><V112/><F112/><W110/><G110/><T7/><D103/><U63/><E63/><V36/><F77/><W53/><G2/><T97/><D97/><U5/><E5/><V96/><F72/><W37/><G31/><T57/><REACH who="0" step="1"/><D1/><REACH who="0" ten="308,263,130,289" step="2"/><U58/><E109/><V29/><F68/><N who="3" m="42031" /><G102/><T22/><D22/><U66/><E108/><V75/><F75/><W129/><G129/><T13/><D13/><U70/><E70/><V81/><F36/><W8/><G37/><T117/><D117/><U114/><E39/><V124/><F124/><W71/><G71/><T11/><D11/><U105/><E114/><V98/><F98/><W47/><G133/><T3/><D3/><U33/><E33/><V118/><F118/><W90/><G134/><T99/><D99/><U56/><E23/><V26/><F26/><W69/><G69/><T73/><D73/><U64/><E27/><V94/><REACH who="2" step="1"/><F81/><REACH who="2" ten="308,263,120,289" step="2"/><W12/><G132/><T83/><D83/><U135/><E135/><V14/><F14/><W121/><G15/><T46/><D46/><U40/><E86/><V9/><F9/><N who="3" m="6415" /><G87/><T119/><D119/><U91/><E91/><N who="3" m="34826" /><G8/><T78/><D78/><U10/><E10/><RYUUKYOKU ba="1,2" sc="308,15,263,-15,120,15,289,-15" hai0="4,7,38,44,49,50,51,57,62,67,79,80,84" hai2="21,24,29,45,48,55,59,60,88,94,96,104,106" />
</Scene>
<Scene>
<INIT seed="4,2,2,1,4,80" ten="323,248,135,274" oya="0" hai0="58,19,57,82,74,16,44,26,99,97,66,78,88" hai1="47,42,91,105,3,83,130,29,100,51,101,13,87" hai2="69,72,116,6,90,61,56,49,93,134,24,75,43" hai3="131,2,1,95,31,102,35,14,110,121,68,98,27"/><T113/><D113/><U94/><E3/><V84/><F134/><W8/><G110/><T11/><D44/><U120/><E120/><V18/><F116/><W17/><G131/><T21/><D66/><U125/><E130/><V33/><F6/><W41/><G121/><T126/><D126/><U52/><E125/><V22/><F69/><W96/><G68/><T60/><D60/><U28/><E105/><V107/><F107/><W5/><G96/><N who="0" m="36939" /><D78/><N who="1" m="46583" /><E13/><V114/><F114/><W39/><G39/><T50/><D50/><N who="1" m="26999" /><E91/><V73/><F33/><W12/><G41/><T81/><D81/><U76/><E76/><V62/><REACH who="2" step="1"/><F43/><REACH who="2" ten="323,248,125,274" step="2"/><W59/><G5/><T30/><D74/><U71/><E71/><V122/><F122/><W55/><G14/><N who="0" m="7263" /><D19/><U123/><E123/><V132/><F132/><W111/><G111/><T4/><D4/><U37/><E28/><V108/><F108/><W128/><G128/><T48/><D48/><AGARI ba="2,3" hai="1,2,8,12,17,27,31,35,48,55,59,95,98,102" machi="48" ten="30,1000,0" yaku="7,1" doraHai="80" who="3" fromWho="0" sc="323,-16,248,0,125,0,274,46" />
</Scene>
<Scene>
<INIT seed="5,0,0,4,4,62" ten="307,248,125,320" oya="1" hai0="87,4,83,16,93,123,122,35,135,17,53,99,32" hai1="108,106,63,88,125,126,64,28,84,104,79,12,91" hai2="82,105,40,30,129,86,10,43,118,127,71,37,107" hai3="116,51,98,100,121,81,38,131,57,54,113,119,97"/><U134/><E28/><V52/><F118/><N who="3" m="45099" /><G113/><T29/><D135/><U80/><E134/><V102/><F129/><W15/><G131/><T2/><D2/><U76/><E12/><V110/><F110/><W44/><G81/><T72/><D4/><U85/><E108/><V60/><F127/><N who="1" m="48649" /><E63/><V11/><F30/><W75/><G75/><T92/><D72/><U23/><E23/><V101/><F107/><N who="1" m="41001" /><E64/><V5/><F105/><N who="3" m="63631" /><G98/><T26/><D35/><U47/><E47/><V117/><F117/><W114/><G114/><T111/><D111/><U41/><E41/><V33/><F33/><W67/><G15/><T109/><D109/><U7/><E7/><V61/><F11/><W20/><G20/><T56/><D32/><U70/><E70/><V25/><F25/><W94/><G67/><T19/><D26/><U31/><E31/><V68/><F68/><W34/><G34/><T115/><D29/><U90/><E76/><V69/><F69/><W55/><G38/><T132/><D132/><U120/><E120/><V3/><F71/><W103/><G121/><T1/><D122/><U128/><E128/><V112/><F112/><W130/><G130/><T96/><D123/><U8/><E8/><V13/><F3/><W36/><G36/><T50/><D1/><U73/><AGARI ba="0,0" hai="73,79,80,84,85,88,90,91" m="41001,48649" machi="73" ten="40,12000,1" yaku="18,1,34,2,54,1" doraHai="62" who="1" fromWho="1" sc="307,-40,248,120,125,-40,320,-40" />
</Scene>
<Scene>
<INIT seed="5,1,0,5,3,36" ten="267,368,85,280" oya="1" hai0="9,40,54,60,23,114,112,61,121,127,100,13,46" hai1="129,22,48,35,99,74,128,17,26,80,108,125,12" hai2="89,123,93,30,79,57,124,56,41,27,104,110,71" hai3="119,88,101,14,102,58,6,68,51,90,116,55,111"/><U103/><E125/><V96/><F110/><W5/><G111/><T66/><D127/><U134/><E108/><V113/><F124/><W62/><G101/><T83/><D121/><U135/><E48/><V120/><F113/><N who="0" m="43626" /><D100/><U64/><E64/><V98/><F71/><W109/><G109/><T115/><D115/><U52/><E52/><V131/><F131/><N who="1" m="50249" /><E80/><V28/><F120/><W11/><G102/><T59/><D23/><U132/><E74/><V49/><F123/><W29/><G5/><N who="0" m="3247" /><D83/><U18/><E35/><V44/><F104/><W76/><G29/><T106/><D106/><N who="1" m="63871" /><E12/><V47/><F98/><W39/><G76/><T45/><D40/><U91/><E91/><V33/><F79/><W70/><G39/><T72/><D72/><U7/><E7/><V84/><F96/><W107/><G107/><T97/><D97/><U38/><E17/><V10/><F30/><W67/><REACH who="3" step="1"/><G70/><AGARI ba="1,0" hai="45,46,54,59,60,61,66,70" m="3247,43626" machi="70" ten="30,1000,0" yaku="15,1" doraHai="36" who="0" fromWho="3" sc="267,13,368,0,85,0,280,-13" />
</Scene>
<Scene>
<INIT seed="6,0,0,2,1,18" ten="280,368,85,267" oya="2" hai0="118,64,1,86,53,59,25,32,29,129,45,26,97" hai1="10,65,3,91,128,11,22,63,50,112,47,16,82" hai2="99,79,13,132,98,20,9,17,114,31,101,124,21" hai3="108,68,12,77,72,51,0,58,100,40,6,28,54"/><V104/><F114/><W23/><G108/><T133/><D1/><U24/><E128/><V106/><F132/><W41/><G0/><T117/><D129/><U60/><E3/><V94/><F124/><W103/><G68/><T111/><D111/><U92/><E82/><V110/><F110/><W76/><G6/><T93/><D133/><U123/><E123/><V14/><F79/><N who="3" m="30283" /><G72/><T90/><D64/><U88/><E91/><V37/><F37/><W73/><G73/><T89/><D45/><U74/><E74/><V102/><F31/><W46/><G12/><T35/><D26/><U116/><E116/><V125/><F125/><W39/><G39/><T109/><D35/><U84/><E112/><V49/><F49/><N who="3" m="31055" /><G41/><T56/><D109/><U96/><E96/><V66/><F66/><W5/><G5/><T34/><D34/><U130/><E130/><V4/><F94/><W30/><G30/><T75/><D75/><U85/><E85/><V115/><F115/><W131/><G131/><T62/><REACH who="0" step="1"/><D59/><REACH who="0" ten="270,368,85,267" step="2"/><N who="1" m="37023" /><E63/><V80/><REACH who="2" step="1"/><F80/><AGARI ba="0,1" hai="25,29,32,53,56,62,80,86,89,90,93,97,117,118" machi="80" ten="40,1300,0" yaku="1,1,53,0" doraHai="18" doraHaiUra="127" who="0" fromWho="2" sc="270,23,368,0,85,-13,267,0" />
</Scene>
<Scene>
<INIT seed="7,0,0,2,3,111" ten="293,368,72,267" oya="3" hai0="21,84,50,90,123,92,25,85,97,74,20,11,24" hai1="135,103,87,115,130,27,48,88,64,54,72,79,36" hai2="133,29,63,28,81,0,131,6,114,23,57,14,106" hai3="13,132,10,32,35,19,65,127,30,96,59,26,37"/><W46/><G127/><T39/><D39/><U119/><E36/><V80/><F80/><W51/><G132/><T75/><D123/><U16/><E135/><V56/><F56/><W82/><G37/><T95/><D11/><U38/><E38/><V93/><F93/><W1/><G96/><T9/><D9/><U43/><E43/><V98/><F98/><W3/><G82/><T68/><D68/><U15/><E27/><V99/><F99/><W100/><G100/><T134/><D134/><U66/><E103/><V101/><F101/><W58/><G35/><T62/><D62/><U122/><E122/><V49/><F49/><W31/><G31/><T71/><D71/><U2/><E2/><V4/><F4/><W76/><G76/><T116/><D50/><U107/><E107/><V94/><F94/><W41/><REACH who="3" step="1"/><G59/><REACH who="3" ten="293,368,72,257" step="2"/><T67/><D97/><U102/><E102/><V17/><F17/><W108/><G108/><T128/><D90/><U86/><E16/><V121/><F121/><W113/><G113/><T104/><D104/><U33/><E115/><V60/><F60/><AGARI ba="0,1" hai="1,3,10,13,19,26,30,32,41,46,51,58,60,65" machi="60" ten="40,2000,0" yaku="1,1,53,0" doraHai="111" doraHaiUra="129" who="3" fromWho="2" sc="293,0,368,0,72,-20,257,30" />
</Scene>
<Scene>
<INIT seed="7,1,0,2,0,7" ten="293,368,52,287" oya="3" hai0="122,79,107,37,13,114,97,68,123,58,100,75,126" hai1="44,14,5,65,59,32,31,135,94,69,134,84,120" hai2="28,6,43,125,57,30,20,15,89,17,121,95,33" hai3="101,90,93,39,45,102,117,113,9,48,1,106,119"/><W92/><G106/><T16/><D68/><U3/><E120/><V54/><F54/><N who="3" m="29967" /><G39/><T77/><D37/><U63/><E3/><V98/><F98/><N who="3" m="59599" /><G1/><T78/><D75/><U67/><E32/><V0/><F0/><W41/><G117/><T29/><D126/><U108/><E31/><V38/><F38/><W111/><G119/><T110/><D110/><U56/><E44/><V40/><F40/><W8/><G111/><T22/><D114/><U12/><E108/><V47/><F47/><W80/><G113/><T96/><D96/><U2/><E2/><V64/><F64/><W133/><G133/><N who="1" m="50698" /><E5/><V112/><F112/><W18/><G41/><T130/><D130/><U4/><E4/><V85/><F85/><N who="3" m="50471" /><G18/><T71/><D71/><U74/><E74/><V118/><F118/><W62/><G62/><T34/><REACH who="0" step="1"/><D58/><REACH who="0" ten="283,368,52,287" step="2"/><N who="1" m="22059" /><E67/><V11/><F11/><N who="3" m="4171" /><G92/><T55/><D55/><U46/><E94/><V70/><F70/><W42/><G42/><T128/><D128/><U27/><E69/><V26/><F26/><AGARI ba="1,1" hai="13,16,22,26,29,34,77,78,79,97,100,107,122,123" machi="26" ten="40,2600,0" yaku="1,1,54,1,53,0" doraHai="7" doraHaiUra="81" who="0" fromWho="2" sc="283,39,368,0,52,-29,287,0" owari="322,12.0,368,47.0,23,-48.0,287,-11.0" />
</Scene>
</mjloggm>