<mjloggm ver="2.3"><GO type="169" lobby="0"/><UN n0="%E3%83%95%E3%83%AA%E3%83%86%E3%83%B3" n1="%E5%A4%AA%E3%81%8F%E3%81%AA%E3%81%84%E3%81%8A" n2="%E3%83%8F%E3%83%9E%E3%83%BC" n3="%E3%83%A8%E3%82%B3%E3%83%A8%E3%82%B3" dan="17,19,18,16" rate="2196.01,2336.94,2212.48,2081.63" sx="M,F,M,M"/><TAIKYOKU oya="0"/>

<Scene>
<INIT seed="0,0,0,3,3,103" ten="250,250,250,250" oya="0" hai0="119,6,67,114,108,90,14,115,21,27,84,94,61" hai1="54,70,127,9,83,110,31,102,117,1,79,55,65" hai2="22,69,109,128,131,40,46,53,24,82,89,19,13" hai3="63,132,118,80,78,5,62,4,92,44,66,29,97"/><T73/><BYE who="2" /><D73/><U50/><E117/><V33/><F33/><W98/><G118/><T28/><D119/><U45/><E110/><V18/><F18/><W113/><G113/><T130/><D130/><UN n2="%E3%83%8F%E3%83%9E%E3%83%BC" /><U26/><E127/><V37/><F109/><W93/><G132/><T42/><D108/><U75/><E102/><V100/><F69/><W12/><G29/><T7/><D42/><U126/><E126/><V68/><F68/><W32/><G32/><T101/><D115/><U116/><E116/><V76/><F100/><W125/><G125/><T64/><D114/><U51/><E65/><V77/><F53/><W85/><G44/><T123/><D123/><U72/><E70/><V34/><F89/><W11/><G4/><T104/><D14/><U74/><E9/><V88/><F88/><N who="3" m="55463" /><G66/><T41/><D41/><U96/><E1/><V58/><F58/><W35/><G35/><T95/><D104/><U20/><REACH who="1" step="1"/><E96/><REACH who="1" ten="250,240,250,250" step="2"/><V43/><F128/><W107/><G107/><T122/><D67/><U39/><E39/><V47/><F131/><W56/><G56/><AGARI ba="0,1" hai="20,26,31,45,50,51,54,55,56,72,74,75,79,83" machi="56" ten="30,2000,0" yaku="1,1,7,1,53,0" doraHai="103" doraHaiUra="30" who="1" fromWho="3" sc="250,0,240,30,250,0,250,-20" />
</Scene>
<Scene>
<INIT seed="1,0,0,0,0,108" ten="250,270,250,230" oya="1" hai0="117,83,104,42,50,21,10,129,1,20,34,127,95" hai1="68,40,80,58,85,31,88,72,5,86,82,103,13" hai2="23,38,32,57,51,116,52,125,111,105,49,45,65" hai3="90,61,70,7,89,107,119,59,97,30,28,128,14"/><U29/><E68/><V12/><F32/><W55/><G128/><T112/><D104/><U63/><E72/><V93/><F105/><W113/><G119/><T101/><D34/><U91/><E103/><V46/><F116/><W22/><G70/><T37/><D37/><U100/><E100/><V11/><F111/><W60/><G107/><T94/><D83/><U131/><E40/><V25/><F125/><W54/><G113/><T81/><D81/><U96/><E96/><V2/><F2/><W24/><G97/><T19/><D101/><U75/><E75/><V115/><F115/><W73/><G73/><T79/><D79/><U121/><E121/><V8/><F38/><W77/><G77/><T106/><D106/><U124/><E131/><V64/><F93/><W67/><G30/><T126/><D1/><U110/><E124/><V87/><F87/><W18/><G7/><T15/><D117/><U66/><E110/><V120/><F120/><W84/><G61/><T71/><D71/><U43/><E43/><N who="2" m="24767" /><F57/><W118/><G118/><T44/><D129/><U26/><E26/><V17/><F11/><AGARI ba="0,0" hai="5,11,13,29,31,58,63,66,80,82,85,86,88,91" machi="11" ten="40,7700,0" yaku="9,1,8,1,54,1" doraHai="108" who="1" fromWho="2" sc="250,0,270,77,250,-77,230,0" />
</Scene>
<Scene>
<INIT seed="1,1,0,1,3,128" ten="250,347,173,230" oya="1" hai0="102,5,106,9,22,90,69,30,61,21,62,15,53" hai1="11,49,73,120,109,2,65,35,14,34,127,86,131" hai2="56,18,84,95,107,79,94,85,37,83,105,75,119" hai3="43,87,60,29,4,24,67,6,116,38,114,45,104"/><U41/><E73/><V82/><F37/><W81/><G114/><T111/><D111/><U101/><E120/><V36/><F36/><W126/><G104/><N who="2" m="40009" /><F56/><W26/><G126/><T117/><D117/><U98/><E2/><V10/><F18/><W33/><G26/><N who="0" m="16719" /><D106/><U129/><E127/><V125/><F10/><W8/><G116/><T72/><D72/><U20/><E65/><V54/><F54/><W92/><G92/><N who="2" m="35369" /><F125/><W27/><G27/><T25/><D102/><U130/><E20/><V39/><F39/><W80/><G87/><N who="2" m="33353" /><F119/><W89/><G4/><T7/><D69/><U88/><E49/><V55/><F55/><W124/><G124/><T52/><D90/><U51/><E51/><V113/><F113/><W66/><G67/><T23/><D7/><U32/><E130/><V12/><F12/><W1/><REACH who="3" step="1"/><G89/><REACH who="3" ten="250,347,173,220" step="2"/><T28/><D61/><U97/><E88/><V58/><F58/><AGARI ba="1,1" hai="1,6,8,24,29,33,38,43,45,58,60,66,80,81" machi="58" ten="30,7700,0" yaku="1,1,2,1,7,1,53,1" doraHai="128" doraHaiUra="31" who="3" fromWho="2" sc="250,0,347,0,173,-80,220,90" />
</Scene>
<Scene>
<INIT seed="2,0,0,0,0,63" ten="250,347,93,310" oya="2" hai0="68,124,96,5,81,98,113,133,111,130,64,66,85" hai1="102,73,60,108,47,30,51,27,44,58,105,72,18" hai2="29,70,8,104,17,129,71,10,112,49,52,32,54" hai3="31,55,117,107,0,25,69,103,74,34,115,106,119"/><V61/><F112/><W42/><G0/><T37/><D113/><U12/><E108/><V15/><F104/><W114/><G103/><T6/><D37/><U84/><E105/><V127/><F127/><W19/><G42/><T121/><D121/><U23/><E102/><V57/><F129/><W40/><G40/><T134/><D68/><U26/><E84/><V93/><F93/><W22/><G74/><T78/><D111/><U99/><E99/><N who="0" m="37929" /><D130/><U3/><E3/><V79/><F79/><W24/><G69/><T11/><D124/><U88/><E88/><V53/><F8/><W1/><G107/><T94/><D94/><U13/><E13/><V92/><F92/><W41/><G106/><T118/><D118/><U83/><E27/><V76/><F76/><W122/><G41/><T132/><D6/><U123/><E123/><V14/><F14/><AGARI ba="0,0" hai="5,11,14,64,66,78,81,85,132,133,134" m="37929" machi="14" ten="30,3900,0" yaku="20,1,52,2" doraHai="63" who="0" fromWho="2" sc="250,39,347,0,93,-39,310,0" />
</Scene>
<Scene>
<INIT seed="3,0,0,2,0,35" ten="289,347,54,310" oya="3" hai0="28,54,15,42,48,82,25,68,101,133,108,56,115" hai1="21,99,81,65,96,45,74,129,110,5,13,86,125" hai2="107,77,70,102,63,111,72,41,79,58,123,112,46" hai3="2,36,132,19,55,22,11,120,43,33,87,97,37"/><W16/><G120/><T40/><D108/><U128/><E74/><V38/><F112/><W90/><G132/><T60/><D133/><U59/><E110/><V67/><F111/><W126/><G126/><T75/><D115/><U57/><E125/><V69/><F123/><W12/><G33/><T1/><D15/><U134/><E134/><V117/><F117/><W122/><G122/><T20/><D1/><U89/><E45/><V64/><F58/><N who="1" m="22025" /><E65/><V39/><F39/><W10/><G55/><T91/><D101/><U109/><E109/><V30/><F30/><W83/><G43/><T105/><D105/><U119/><E119/><V9/><F79/><W127/><G127/><T100/><D100/><U104/><E104/><V62/><F9/><W51/><G51/><T6/><D6/><U23/><E5/><V0/><F77/><W8/><G2/><T17/><D28/><U116/><E116/><V80/><F80/><W31/><G31/><T14/><D25/><U47/><E47/><V44/><F44/><W34/><G34/><T93/><D82/><U66/><E66/><V113/><F113/><W121/><G121/><T7/><D7/><U95/><E13/><V76/><F76/><W49/><G49/><T61/><D75/><U53/><E53/><V85/><F85/><W124/><G124/><T52/><D68/><U50/><E50/><V106/><F72/><W73/><G73/><T27/><D27/><U4/><E4/><V84/><F84/><W130/><G97/><N who="1" m="37450" /><E81/><V94/><F0/><W131/><G19/><T26/><D17/><U3/><E3/><RYUUKYOKU ba="0,0" sc="289,-30,347,10,54,10,310,10" hai1="21,23,86,89,95,128,129" hai2="38,41,46,62,63,64,67,69,70,94,102,106,107" hai3="8,10,11,12,16,22,36,37,83,87,90,130,131" />
</Scene>
<Scene>
<INIT seed="3,1,0,2,3,52" ten="259,357,64,320" oya="3" hai0="83,79,31,65,64,60,76,30,34,9,19,71,121" hai1="53,21,127,95,6,49,104,36,112,29,82,115,75" hai2="86,81,118,12,130,70,54,59,46,93,119,133,123" hai3="111,37,23,88,45,10,100,117,40,84,56,120,62"/><W92/><G117/><T3/><D121/><U51/><E104/><V24/><F70/><W134/><G120/><T13/><D34/><U106/><E106/><V94/><F123/><W135/><G111/><T38/><D38/><U28/><E36/><V7/><F130/><W33/><G33/><T26/><D26/><U113/><E127/><V74/><F74/><W101/><G23/><T8/><D76/><U44/><E6/><V89/><F133/><N who="3" m="50699" /><G10/><T32/><D32/><U0/><E0/><V85/><F118/><W102/><G102/><T50/><D65/><AGARI ba="1,0" hai="37,40,45,56,62,65,84,88,92,100,101" m="50699" machi="65" ten="30,5800,0" yaku="20,1,52,1,54,1" doraHai="52" who="3" fromWho="0" sc="259,-61,357,0,64,0,320,61" />
</Scene>
<Scene>
<INIT seed="3,2,0,0,3,122" ten="198,357,64,381" oya="3" hai0="86,81,130,93,131,120,97,58,20,106,40,31,54" hai1="51,124,3,5,128,78,85,25,125,129,71,70,89" hai2="57,111,56,62,60,134,79,132,104,27,61,26,24" hai3="4,8,41,10,2,45,13,48,91,17,28,92,126"/><W115/><G115/><T39/><D106/><U38/><E38/><V116/><F104/><W42/><G126/><N who="1" m="48746" /><E78/><V109/><F79/><W102/><G102/><T47/><D120/><U12/><E3/><V68/><F68/><N who="1" m="26153" /><E25/><V83/><F83/><W110/><G110/><N who="2" m="41993" /><F116/><W33/><G33/><T19/><D19/><U52/><E12/><V123/><F123/><W1/><G28/><T64/><D20/><U22/><E22/><V95/><F95/><W90/><G41/><T15/><D40/><U74/><E5/><V87/><F87/><W0/><G91/><T107/><D86/><AGARI ba="2,0" hai="0,1,2,4,8,10,13,17,42,45,48,86,90,92" machi="86" ten="30,1500,0" yaku="7,1" doraHai="122" who="3" fromWho="0" sc="198,-21,357,0,64,0,381,21" />
</Scene>
<Scene>
<INIT seed="3,3,0,3,4,6" ten="177,357,64,402" oya="3" hai0="75,57,72,60,46,24,17,65,11,13,129,107,130" hai1="106,117,16,113,94,22,12,115,62,122,102,29,76" hai2="49,5,43,74,36,128,120,27,108,80,23,48,67" hai3="50,87,123,9,18,44,112,91,114,35,10,28,99"/><W81/><G123/><T124/><D107/><U37/><E122/><V93/><F120/><W96/><G35/><T118/><D118/><U110/><E37/><V133/><F108/><W41/><G28/><T39/><D124/><U45/><E106/><V34/><F34/><W31/><G31/><T64/><D24/><U78/><E110/><V14/><F67/><W7/><G7/><T116/><D116/><U69/><E117/><V121/><F121/><W38/><G38/><T82/><D65/><U105/><E105/><V79/><F128/><N who="0" m="49258" /><D82/><U19/><E29/><V66/><F66/><W20/><G114/><T71/><D71/><U127/><E127/><V97/><F133/><W103/><G112/><T85/><D85/><U4/><E69/><V77/><F77/><W68/><G68/><T0/><D0/><U100/><E76/><V40/><F36/><W111/><G111/><T104/><D104/><U132/><E78/><V33/><F33/><W131/><G131/><T126/><D126/><U25/><E132/><V84/><F74/><W21/><G21/><T30/><D30/><U32/><E32/><V61/><F23/><W47/><G47/><T89/><D89/><U92/><E45/><V51/><F79/><W54/><G41/><AGARI ba="3,0" hai="11,13,17,39,41,46,57,60,64,72,75" m="49258" machi="41" ten="30,2000,0" yaku="19,1,52,1" doraHai="6" who="0" fromWho="3" sc="177,29,357,0,64,0,402,-29" />
</Scene>
<Scene>
<INIT seed="4,0,0,2,4,85" ten="206,357,64,373" oya="0" hai0="43,110,8,94,59,117,6,42,55,11,95,99,38" hai1="29,119,134,92,28,47,31,68,17,10,63,39,53" hai2="4,9,76,18,125,130,73,131,34,71,2,86,103" hai3="21,33,80,58,75,65,57,121,90,13,82,64,52"/><T7/><D117/><U107/><E107/><V40/><F103/><W102/><G33/><T46/><D110/><U79/><E119/><V81/><F125/><W3/><G3/><T84/><D42/><U5/><E134/><V41/><F34/><W23/><G121/><T45/><D46/><U83/><E17/><V51/><F71/><W0/><G0/><T133/><D133/><U67/><E92/><V36/><F51/><N who="3" m="30879" /><G75/><T87/><D8/><U12/><E53/><V74/><F18/><N who="3" m="10447" /><G102/><T129/><D129/><N who="2" m="49162" /><F36/><W37/><G37/><T126/><D94/><U50/><E39/><V69/><F69/><W54/><G23/><T72/><D7/><U132/><E132/><V61/><F61/><N who="3" m="36055" /><G80/><T62/><D72/><AGARI ba="0,0" hai="2,4,9,40,41,72,73,74,76,81,86" m="49162" machi="72" ten="30,1000,0" yaku="19,1" doraHai="85" who="2" fromWho="0" sc="206,-10,357,0,64,10,373,0" />
</Scene>
<Scene>
<INIT seed="5,0,0,2,5,70" ten="196,357,74,373" oya="1" hai0="111,22,83,95,80,6,87,118,15,21,119,132,66" hai1="101,27,120,130,34,74,49,13,9,54,65,79,60" hai2="38,44,59,56,122,75,23,72,36,35,117,125,40" hai3="109,105,14,24,63,32,61,124,52,123,93,26,94"/><U112/><E120/><V33/><F122/><W48/><G123/><T115/><D111/><U46/><E112/><V67/><F117/><W76/><G109/><T58/><D115/><U77/><E130/><V86/><F125/><W17/><G124/><T89/><D132/><U16/><E101/><V88/><F23/><N who="3" m="11703" /><G32/><T71/><D71/><U135/><E135/><V69/><F38/><W107/><G107/><T121/><D121/><U131/><E131/><V28/><F69/><W102/><G105/><T7/><D66/><U68/><REACH who="1" step="1"/><E74/><REACH who="1" ten="196,347,74,373" step="2"/><V108/><F108/><W91/><G102/><T97/><D118/><U0/><E0/><V45/><F72/><W2/><G2/><T90/><D119/><U53/><E53/><V5/><F75/><W82/><G52/><T85/><D15/><U50/><E50/><V18/><F67/><W41/><G48/><T113/><D113/><U78/><E78/><V20/><F36/><W127/><G76/><T11/><D90/><U42/><E42/><V30/><F40/><W100/><G41/><T99/><D89/><U25/><E25/><V10/><F88/><W57/><G100/><T51/><D51/><U92/><E92/><V39/><F39/><W98/><G93/><T12/><D95/><U110/><E110/><V104/><F104/><W133/><G133/><T3/><D12/><U106/><E106/><V103/><F103/><W8/><G94/><T96/><D3/><U114/><E114/><V55/><F55/><W126/><G26/><T43/><D43/><U128/><E128/><V4/><F86/><N who="3" m="50647" /><G127/><T19/><D87/><RYUUKYOKU ba="0,1" sc="196,-10,347,30,74,-10,373,-10" hai1="9,13,16,27,34,46,49,54,60,65,68,77,79" />
</Scene>
<Scene>
<INIT seed="5,1,1,5,0,90" ten="186,377,64,363" oya="1" hai0="80,27,33,9,47,30,131,122,34,15,101,62,58" hai1="127,29,59,64,117,40,112,110,98,13,32,118,99" hai2="16,89,61,57,38,86,79,26,65,0,81,134,18" hai3="119,67,14,92,84,5,120,2,123,37,78,55,70"/><U125/><E112/><V56/><F38/><W74/><G37/><T72/><D131/><U94/><E110/><V43/><F0/><W85/><G2/><T71/><D71/><U63/><E40/><V91/><F134/><W8/><G119/><T45/><D33/><U100/><E13/><V12/><F43/><W20/><G74/><T108/><D122/><U60/><E29/><V7/><F7/><W114/><G114/><T130/><D101/><U69/><E32/><V109/><F109/><W106/><G106/><T36/><D36/><U28/><E28/><V4/><F4/><W111/><G111/><T129/><D108/><U54/><REACH who="1" step="1"/><E99/><REACH who="1" ten="186,367,64,363" step="2"/><V115/><F115/><W103/><G14/><T19/><D129/><U135/><E135/><V49/><F26/><W21/><G123/><T76/><D130/><U93/><E93/><V88/><F12/><W52/><G92/><T104/><D104/><U22/><E22/><V107/><F107/><W51/><G21/><T95/><D95/><U24/><E24/><V39/><F39/><W6/><G20/><T126/><D34/><U42/><E42/><V53/><AGARI ba="1,2" hai="16,18,49,53,56,57,61,65,79,81,86,88,89,91" machi="53" ten="30,7900,0" yaku="0,1,8,1,54,2" doraHai="90" who="2" fromWho="2" sc="186,-21,367,-40,64,102,363,-21" />
</Scene>
<Scene>
<INIT seed="6,0,0,3,5,47" ten="165,327,166,342" oya="2" hai0="61,129,30,97,80,108,4,19,68,77,66,70,22" hai1="110,26,20,75,0,107,55,121,112,62,76,95,109" hai2="60,63,45,78,125,53,130,17,5,6,58,12,50" hai3="85,82,1,42,126,96,64,56,32,16,11,93,131"/><V99/><F130/><W39/><G32/><T94/><D108/><U40/><E107/><V15/><F125/><W9/><G126/><T73/><D4/><U87/><E0/><V115/><F115/><W81/><G131/><T71/><D129/><U124/><E75/><V28/><F28/><W122/><G122/><T132/><D30/><U21/><E124/><V48/><F78/><W116/><G116/><T98/><D132/><U119/><E119/><V35/><F35/><W46/><G1/><T89/><REACH who="0" step="1"/><D98/><REACH who="0" ten="155,327,166,342" step="2"/><U113/><E110/><V127/><F127/><W123/><G96/><T52/><D52/><U134/><E109/><V84/><F99/><W51/><G123/><T14/><AGARI ba="0,1" hai="14,19,22,61,66,68,70,71,73,77,80,89,94,97" machi="14" ten="20,2700,0" yaku="1,1,0,1,7,1,53,0" doraHai="47" doraHaiUra="37" who="0" fromWho="0" sc="155,37,327,-7,166,-13,342,-7" />
</Scene>
<Scene>
<INIT seed="7,0,0,0,4,110" ten="192,320,153,335" oya="3" hai0="8,125,134,30,49,105,124,131,95,0,127,15,48" hai1="133,11,66,36,74,67,78,38,96,69,129,68,12" hai2="88,112,63,35,84,72,14,118,113,94,41,70,20" hai3="117,62,93,50,28,111,13,75,46,135,87,116,83"/><W39/><G111/><T77/><D105/><U86/><E74/><V4/><F118/><W120/><G120/><T29/><D134/><U16/><E133/><V27/><F72/><W102/><G135/><T19/><D131/><U104/><E129/><V7/><F35/><W22/><G39/><T108/><D108/><U2/><E2/><V44/><F63/><W3/><G3/><T101/><D77/><U90/><E78/><V76/><F70/><W126/><G126/><T64/><D64/><U99/><E68/><V26/><F76/><W43/><G62/><T80/><D80/><U52/><E69/><V54/><F54/><W119/><G75/><T1/><D1/><U21/><E38/><V103/><F103/><W40/><G40/><T97/><D0/><U5/><E36/><N who="2" m="21543" /><F14/><W115/><G115/><N who="2" m="44105" /><F27/><N who="3" m="16503" /><G13/><T9/><D9/><U132/><E132/><V98/><F84/><W65/><G102/><T100/><D100/><U91/><E104/><V34/><F34/><W53/><G87/><T123/><D123/><U25/><E52/><V130/><F130/><W114/><G53/><T82/><D82/><N who="1" m="49495" /><E91/><V56/><F56/><W57/><G114/><T24/><D24/><U107/><E107/><V106/><F106/><W17/><G116/><T37/><D37/><U60/><E60/><V61/><F61/><W33/><G119/><T122/><D122/><U47/><E47/><V6/><F7/><W128/><G117/><T81/><D81/><U92/><E92/><V89/><F89/><W59/><G93/><T45/><D45/><U73/><E73/><V42/><F42/><RYUUKYOKU ba="0,0" sc="192,10,320,10,153,10,335,-30" hai0="8,15,19,29,30,48,49,95,97,101,124,125,127" hai1="5,11,12,16,21,25,66,67,96,99" hai2="4,6,20,26,88,94,98" owari="202,-20.0,330,43.0,163,-34.0,305,11.0" />
</Scene>
</mjloggm>