<mjloggm ver="2.3"><GO type="169" lobby="0"/><UN n0="%E3%81%84%E3%81%9F%E3%83%92%E3%83%AD" n1="%E3%81%90%E3%81%9C%E3%82%93%40%4C%69%42" n2="%E3%83%89%E3%83%A9%E3%83%AD%E3%83%B3%E3%83%80%E3%82%A4%E3%83%B4" n3="%E5%A4%AA%E3%81%8F%E3%81%AA%E3%81%84%E3%81%8A" dan="16,17,16,18" rate="2131.52,2188.12,2064.36,2283.96" sx="M,F,M,M"/><TAIKYOKU oya="0"/>

<Scene>
<INIT seed="0,0,0,4,1,52" ten="250,250,250,250" oya="0" hai0="10,114,16,34,15,47,112,59,30,66,14,90,27" hai1="95,118,108,73,56,21,46,97,41,55,40,87,39" hai2="106,6,26,28,29,75,125,20,129,11,58,107,25" hai3="17,70,100,22,24,44,0,121,1,94,132,79,134"/><T135/><D47/><U64/><E118/><V37/><F37/><W96/><G70/><T103/><D103/><U111/><E73/><V122/><F122/><W123/><G79/><T45/><D135/><N who="3" m="51753" /><G44/><T104/><D104/><U13/><E40/><V3/><F75/><W113/><G113/><T62/><D90/><U130/><E130/><V53/><F129/><W60/><G60/><T69/><D69/><U2/><E2/><AGARI ba="0,0" hai="0,1,2,17,22,24,94,96,100,121,123" m="51753" machi="2" ten="30,1000,0" yaku="20,1" doraHai="52" who="3" fromWho="1" sc="250,0,250,-10,250,0,250,10" />
</Scene>
<Scene>
<INIT seed="1,0,0,4,5,109" ten="250,240,250,260" oya="1" hai0="38,97,105,94,98,58,70,6,46,36,134,10,53" hai1="0,119,133,108,49,85,69,71,102,54,103,112,123" hai2="88,131,50,1,78,5,59,87,55,124,76,51,121" hai3="77,34,63,52,129,104,48,84,42,93,24,96,128"/><U82/><E123/><V17/><F121/><W62/><G104/><T66/><D134/><U125/><E133/><V13/><F131/><N who="3" m="50251" /><G42/><T47/><D105/><U20/><E119/><V15/><F1/><W67/><G77/><T75/><D75/><U64/><E108/><V37/><F37/><W16/><G84/><T30/><D30/><U4/><E125/><V2/><F2/><W11/><G67/><T35/><D35/><U74/><E74/><V8/><F51/><W120/><G120/><T57/><D70/><U44/><E71/><V79/><F124/><W111/><G111/><T14/><D38/><U56/><E69/><V22/><REACH who="2" step="1"/><F78/><REACH who="2" ten="250,240,240,260" step="2"/><W83/><G48/><T127/><D36/><U132/><E0/><V135/><F135/><W95/><G63/><N who="0" m="38263" /><D127/><U126/><E126/><V115/><F115/><W122/><G62/><N who="0" m="36143" /><D98/><U86/><E112/><V27/><F27/><W3/><G24/><T28/><D28/><U29/><E132/><V12/><F12/><W130/><G96/><T110/><D110/><U117/><E117/><V68/><F68/><W43/><G130/><T39/><D39/><U9/><E29/><V101/><F101/><AGARI ba="0,1" hai="6,10,14,46,47,94,97,101" m="36143,38263" machi="101" ten="30,1000,0" yaku="8,1" doraHai="109" who="0" fromWho="2" sc="250,20,240,0,240,-10,260,0" />
</Scene>
<Scene>
<INIT seed="2,0,0,5,4,63" ten="270,240,230,260" oya="2" hai0="0,12,53,93,26,43,23,14,76,121,135,39,27" hai1="70,47,59,67,16,20,4,91,113,48,5,84,82" hai2="77,79,50,49,19,90,72,61,33,129,7,107,17" hai3="58,86,130,38,35,110,117,11,92,108,131,2,29"/><V75/><F107/><W106/><G106/><T40/><D0/><U115/><E70/><V21/><F33/><W78/><G38/><T52/><D39/><U132/><E115/><V22/><F61/><W46/><G117/><T122/><D76/><U60/><E113/><V51/><F90/><N who="3" m="53335" /><G46/><T32/><D93/><U64/><E132/><V8/><F8/><W104/><G104/><T97/><D23/><N who="2" m="8714" /><F7/><N who="3" m="1527" /><G78/><N who="2" m="29705" /><F129/><N who="3" m="49163" /><G58/><T34/><REACH who="0" step="1"/><D97/><REACH who="0" ten="260,240,230,260" step="2"/><U36/><E36/><V111/><F111/><W6/><G110/><T74/><D74/><AGARI ba="0,1" hai="17,19,49,50,51,72,74,75" m="29705,8714" machi="74" ten="40,3900,0" yaku="28,2" doraHai="63" who="2" fromWho="0" sc="260,-39,240,0,230,49,260,0" />
</Scene>
<Scene>
<INIT seed="2,1,0,0,1,51" ten="221,240,279,260" oya="2" hai0="124,94,93,107,35,70,128,113,87,127,15,89,120" hai1="122,74,12,46,71,92,13,96,91,27,22,121,17" hai2="23,16,44,119,14,48,52,8,49,72,57,109,38" hai3="29,98,75,112,32,79,3,123,47,41,117,58,118"/><V133/><F119/><W18/><G123/><T90/><D35/><U131/><E131/><V11/><F38/><W66/><G3/><T125/><D70/><U97/><E71/><V135/><F72/><W30/><G112/><T76/><D15/><U101/><E74/><V67/><F109/><W9/><G98/><T134/><D113/><U33/><E46/><V24/><F67/><W114/><G114/><T73/><D107/><U100/><E91/><V54/><REACH who="2" step="1"/><F8/><REACH who="2" ten="221,240,269,260" step="2"/><W25/><G66/><T106/><D128/><U7/><E122/><V62/><F62/><W68/><G9/><T36/><D36/><U83/><E121/><V40/><F40/><W19/><G41/><T60/><D60/><U130/><E130/><V61/><F61/><W85/><G75/><T126/><D120/><U95/><E33/><V77/><F77/><W6/><G79/><T84/><D125/><U105/><E7/><AGARI ba="1,1" hai="7,11,14,16,23,24,44,48,49,52,54,57,133,135" machi="7" ten="40,12000,1" yaku="1,1,52,2,54,2,53,0" doraHai="51" doraHaiUra="88" who="2" fromWho="1" sc="221,0,240,-123,269,133,260,0" />
</Scene>
<Scene>
<INIT seed="2,2,0,1,2,91" ten="221,117,402,260" oya="2" hai0="28,46,111,5,87,117,74,78,80,13,76,32,59" hai1="86,66,72,124,128,67,81,21,35,131,113,61,52" hai2="2,84,37,12,60,30,11,20,47,110,102,33,71" hai3="64,14,15,58,101,53,85,48,23,79,121,0,106"/><V36/><F33/><W55/><G0/><T17/><D117/><U112/><E35/><V94/><F2/><W93/><G121/><T118/><D118/><U82/><E72/><V43/><F110/><W134/><G134/><T65/><D5/><U77/><E124/><V89/><F102/><W97/><G64/><T119/><D111/><U104/><E104/><V95/><F37/><W129/><G129/><T70/><D70/><U50/><E21/><V132/><F132/><W107/><G107/><T1/><D1/><U54/><E86/><V31/><F20/><W99/><G23/><T22/><D119/><U90/><E90/><V109/><F109/><W6/><G6/><T122/><D122/><U18/><E50/><V88/><F60/><W100/><REACH who="3" step="1"/><G55/><REACH who="3" ten="221,117,402,250" step="2"/><T44/><D32/><U41/><E18/><V69/><F31/><W10/><G10/><T115/><D28/><U16/><E16/><V34/><F30/><W8/><G8/><T92/><D65/><U51/><E131/><V120/><F34/><W4/><G4/><T127/><D17/><U45/><E128/><V27/><F120/><W3/><G3/><T123/><D123/><U56/><E66/><V19/><F27/><W105/><G105/><T63/><D22/><U39/><E54/><V108/><F108/><W42/><G42/><T26/><D26/><U75/><REACH who="1" step="1"/><E81/><AGARI ba="2,1" hai="14,15,48,53,58,79,81,85,93,97,99,100,101,106" machi="81" ten="40,2600,0" yaku="1,1,52,1,53,0" doraHai="91" doraHaiUra="7" who="3" fromWho="1" sc="221,0,117,-32,402,0,250,42" />
</Scene>
<Scene>
<INIT seed="3,0,0,2,0,117" ten="221,85,402,292" oya="3" hai0="106,47,72,8,21,128,19,60,135,75,4,23,12" hai1="129,101,120,88,79,93,100,14,2,34,9,118,26" hai2="66,51,58,69,132,36,24,125,91,32,57,90,38" hai3="130,124,53,37,31,68,111,63,77,71,99,45,74"/><W97/><G31/><T95/><D106/><U41/><E2/><V105/><F69/><W112/><G112/><T42/><D135/><U127/><E129/><V92/><F105/><W103/><G130/><T50/><D128/><U86/><E127/><V56/><F125/><W89/><G124/><T59/><D95/><U76/><E118/><V107/><F107/><W115/><G115/><T46/><D47/><U84/><E120/><V65/><F132/><W48/><G37/><T1/><REACH who="0" step="1"/><D23/><REACH who="0" ten="211,85,402,292" step="2"/><U27/><E34/><V52/><F92/><W94/><G45/><T15/><D15/><U126/><E126/><V67/><F32/><W61/><G94/><T81/><D81/><U49/><E101/><V18/><F24/><W16/><G103/><T80/><D80/><U73/><E100/><V43/><F38/><W78/><G99/><T6/><D6/><U10/><E26/><V33/><F33/><W113/><G97/><T20/><D20/><U109/><E27/><V5/><F5/><W29/><G113/><T96/><D96/><U44/><E109/><V133/><F36/><W114/><G111/><T35/><D35/><U110/><E110/><V11/><F133/><W0/><G114/><T13/><D13/><U30/><E14/><V7/><F7/><W104/><G104/><T54/><AGARI ba="0,1" hai="1,4,8,12,19,21,42,46,50,54,59,60,72,75" machi="54" ten="20,2700,0" yaku="1,1,0,1,7,1,53,0" doraHai="117" doraHaiUra="87" who="0" fromWho="0" sc="211,37,85,-7,402,-7,292,-13" />
</Scene>
<Scene>
<INIT seed="4,0,0,5,2,129" ten="248,78,395,279" oya="0" hai0="51,23,75,24,80,90,94,19,31,89,56,77,131" hai1="132,5,60,49,71,122,106,34,69,113,111,20,4" hai2="55,30,116,16,83,15,95,114,1,32,82,6,78" hai3="22,18,130,92,123,117,17,44,68,40,127,50,39"/><T128/><D90/><U74/><E49/><V93/><F114/><W42/><G117/><T27/><D51/><U65/><E20/><V33/><F116/><W9/><G68/><T133/><D56/><U63/><E60/><V98/><F1/><W97/><G130/><T12/><D27/><U119/><E63/><V84/><F6/><W35/><G35/><T86/><REACH who="0" step="1"/><D133/><REACH who="0" ten="238,78,395,279" step="2"/><U112/><E69/><V91/><F91/><W57/><G57/><T72/><D72/><U0/><E65/><V41/><F78/><W61/><G50/><T105/><D105/><U7/><E4/><V110/><F110/><W59/><G59/><T73/><D73/><U38/><E5/><V76/><F76/><W47/><G61/><T104/><D104/><U115/><E7/><V108/><F108/><W25/><G25/><T64/><D64/><U62/><E62/><V28/><F15/><W53/><G53/><T29/><D29/><U46/><E115/><V14/><F30/><W66/><G66/><T121/><D121/><U101/><E46/><V26/><F55/><W67/><G67/><T125/><D125/><U48/><E48/><V102/><F26/><N who="3" m="14671" /><G127/><T52/><D52/><U11/><E11/><AGARI ba="0,1" hai="11,12,19,23,24,31,75,77,80,86,89,94,128,131" machi="11" ten="40,2000,0" yaku="1,1,53,0" doraHai="129" doraHaiUra="54" who="0" fromWho="1" sc="238,30,78,-20,395,0,279,0" />
</Scene>
<Scene>
<INIT seed="4,1,0,5,3,85" ten="268,58,395,279" oya="0" hai0="52,14,110,19,15,124,25,4,33,78,17,97,22" hai1="53,60,89,107,104,58,79,55,113,50,34,27,18" hai2="46,72,44,38,16,51,65,134,131,20,122,75,67" hai3="92,64,23,59,54,103,128,56,36,71,63,112,21"/><T83/><D110/><U117/><E117/><V123/><F38/><W10/><G112/><T57/><D124/><U5/><E113/><V41/><F131/><W93/><G36/><T12/><D33/><U105/><E79/><V11/><F134/><W129/><G71/><T116/><D116/><U115/><E5/><V37/><F11/><W125/><G125/><T42/><D42/><U66/><E115/><V108/><F108/><W127/><G127/><T126/><D126/><U1/><E1/><V68/><F75/><W26/><G10/><T30/><D97/><U40/><E40/><V39/><F72/><W6/><G6/><T61/><REACH who="0" step="1"/><D4/><REACH who="0" ten="258,58,395,279" step="2"/><U130/><E130/><V118/><F118/><W2/><G129/><T70/><D70/><U91/><E53/><V120/><F68/><W32/><G32/><T74/><AGARI ba="1,1" hai="12,14,15,17,19,22,25,30,52,57,61,74,78,83" machi="74" ten="30,18000,2" yaku="1,1,0,1,54,1,53,3" doraHai="85" doraHaiUra="8" who="0" fromWho="0" sc="258,193,58,-61,395,-61,279,-61" owari="451,55.0,-3,-50.0,334,13.0,218,-18.0" />
</Scene>
</mjloggm>