<mjloggm ver="2.3"><GO type="169" lobby="0"/><UN n0="%E6%96%B0%E5%A6%BB%E3%82%A8%E3%82%A4%E3%82%B8" n1="%6D%61%74%69%6F%73%61%6E" n2="%E5%A4%AA%E3%81%8F%E3%81%AA%E3%81%84%E3%81%8A" n3="%E3%81%93%E3%81%98%E3%81%BE%E3%82%82%E3%82%93" dan="18,17,17,16" rate="2109.43,2205.73,2247.25,2110.90" sx="F,M,M,M"/><TAIKYOKU oya="0"/>

<Scene>
<INIT seed="0,0,0,4,3,23" ten="250,250,250,250" oya="0" hai0="135,94,49,107,52,122,48,134,62,8,99,90,101" hai1="116,69,5,35,61,9,40,93,24,56,51,53,46" hai2="63,7,76,38,82,95,70,130,20,111,55,43,18" hai3="114,16,0,109,59,6,83,81,89,47,22,120,12"/><T78/><D122/><U97/><E116/><V72/><F111/><W19/><G114/><T102/><D78/><U100/><E69/><V32/><F32/><W50/><G109/><T87/><D101/><U66/><E35/><V37/><F130/><W26/><G120/><T85/><D85/><U45/><E24/><V133/><F133/><N who="0" m="50698" /><D8/><U44/><REACH who="1" step="1"/><E66/><REACH who="1" ten="250,240,250,250" step="2"/><V33/><F33/><W4/><G0/><AGARI ba="0,1" hai="0,5,9,40,44,45,46,51,53,56,61,93,97,100" machi="0" ten="30,3900,0" yaku="1,1,2,1,7,1,53,0" doraHai="23" doraHaiUra="31" who="1" fromWho="3" sc="250,0,240,49,250,0,250,-39" />
</Scene>
<Scene>
<INIT seed="1,0,0,2,5,63" ten="250,289,250,211" oya="1" hai0="9,48,37,76,23,72,103,30,24,26,17,116,62" hai1="69,31,87,44,3,42,125,39,106,12,74,91,134" hai2="101,11,58,54,113,22,27,128,40,132,32,47,133" hai3="28,20,46,77,65,130,111,64,49,92,56,112,36"/><U73/><E3/><V50/><F32/><W90/><G112/><T61/><D37/><U95/><E106/><V104/><F113/><W115/><G115/><T60/><D116/><U34/><E134/><N who="2" m="51819" /><F128/><W16/><G130/><T99/><D72/><U98/><E125/><V70/><F70/><W66/><G36/><T97/><D76/><U53/><E69/><V19/><F11/><W55/><G77/><T93/><D48/><U96/><E53/><V108/><F108/><W57/><G28/><T71/><D71/><U83/><E98/><N who="2" m="61495" /><F58/><N who="3" m="22635" /><G111/><T121/><D121/><U33/><E33/><V35/><F35/><W59/><G46/><T88/><D9/><U78/><REACH who="1" step="1"/><E12/><REACH who="1" ten="250,279,250,211" step="2"/><V135/><F135/><W5/><G65/><T52/><D52/><AGARI ba="0,1" hai="19,22,27,40,47,50,52,54" m="61495,51819" machi="52" ten="30,2000,0" yaku="20,1,54,1" doraHai="63" who="2" fromWho="0" sc="250,-20,279,0,250,30,211,0" />
</Scene>
<Scene>
<INIT seed="2,0,0,2,4,6" ten="230,279,280,211" oya="2" hai0="73,49,74,105,50,124,51,103,58,36,71,68,78" hai1="40,60,98,126,56,16,90,114,59,27,46,77,43" hai2="52,34,55,87,41,63,10,101,31,2,24,131,61" hai3="39,93,130,80,113,54,75,25,81,119,47,120,95"/><V19/><F131/><W96/><G119/><T70/><D36/><U57/><E114/><V17/><F41/><W110/><G120/><T91/><D124/><U30/><E126/><V37/><F37/><W14/><G130/><T48/><D78/><U79/><E60/><V67/><F101/><W1/><G1/><T121/><D121/><U5/><E5/><V69/><F2/><W76/><G113/><T108/><D108/><U135/><E135/><V82/><F61/><W109/><G80/><T15/><D91/><U18/><E79/><V107/><F107/><W7/><G25/><T117/><D117/><U35/><E77/><V102/><F102/><W29/><G29/><T11/><D103/><U28/><E28/><V84/><F19/><W22/><G39/><T12/><D105/><U89/><E43/><V106/><F106/><W85/><G75/><T92/><D92/><U66/><E66/><V72/><F72/><W125/><G125/><T83/><D83/><U8/><E98/><V97/><F97/><W100/><G93/><T64/><D15/><U45/><E18/><V23/><F10/><N who="3" m="4447" /><G22/><T112/><D112/><U104/><E104/><V42/><F42/><W118/><G118/><T13/><D13/><N who="1" m="7207" /><E40/><V38/><F38/><W115/><G115/><T133/><D133/><U3/><E3/><V88/><REACH who="2" step="1"/><F87/><REACH who="2" ten="230,279,270,211" step="2"/><W116/><G116/><T0/><D0/><U53/><E30/><V26/><AGARI ba="0,1" hai="17,23,24,26,31,34,52,55,63,67,69,82,84,88" machi="26" ten="20,18000,2" yaku="1,1,2,1,0,1,7,1,54,2,53,0" doraHai="6" doraHaiUra="99" who="2" fromWho="2" sc="230,-60,279,-60,270,190,211,-60" />
</Scene>
<Scene>
<INIT seed="2,1,0,5,4,47" ten="170,219,460,151" oya="2" hai0="122,24,111,64,81,98,125,77,92,13,23,58,107" hai1="43,80,133,103,44,72,17,118,131,108,121,30,40" hai2="21,25,7,113,34,134,45,85,70,83,93,37,73" hai3="19,6,2,26,36,50,126,86,97,129,18,32,49"/><V82/><F113/><W91/><G36/><T31/><D111/><U62/><E118/><V117/><F117/><W104/><G126/><T106/><D125/><U90/><E121/><V52/><F70/><W128/><G6/><T119/><D119/><U101/><E108/><V132/><F34/><W11/><G2/><T96/><D122/><U114/><E114/><V9/><F73/><W16/><G11/><T14/><D107/><U99/><E133/><N who="2" m="51307" /><F93/><N who="3" m="54519" /><G97/><T102/><D96/><U109/><E109/><V66/><F66/><W10/><G10/><T112/><D106/><U35/><E131/><N who="3" m="50250" /><G104/><T39/><D39/><U48/><E35/><V38/><F83/><W29/><AGARI ba="1,0" hai="16,18,19,26,29,32,49,50" m="50250,54519" machi="29" ten="40,8000,1" yaku="19,1,52,2,54,1" doraHai="47" who="3" fromWho="3" sc="170,-21,219,-21,460,-41,151,83" />
</Scene>
<Scene>
<INIT seed="3,0,0,1,0,129" ten="149,198,419,234" oya="3" hai0="0,1,53,11,67,133,72,126,27,66,106,57,63" hai1="107,19,23,128,83,110,26,117,120,29,88,47,89" hai2="62,16,99,43,5,130,31,122,35,68,42,55,114" hai3="101,4,12,80,58,73,95,94,123,38,90,24,84"/><W33/><G123/><T25/><D72/><U20/><E120/><V103/><F122/><W3/><G38/><T71/><D106/><U82/><E107/><V81/><F114/><W21/><G33/><T37/><D126/><U40/><E128/><V105/><F130/><W15/><G73/><T18/><D66/><U85/><E117/><V112/><F112/><W45/><G45/><T118/><D118/><U92/><E110/><V59/><F5/><W10/><G58/><T134/><D37/><U78/><E89/><V22/><F68/><W49/><G49/><N who="0" m="30895" /><D18/><U48/><REACH who="1" step="1"/><E78/><REACH who="1" ten="149,188,419,234" step="2"/><V124/><F124/><W41/><G101/><T79/><D79/><U70/><E70/><V52/><F105/><W56/><G90/><T102/><D102/><U93/><E93/><V14/><F103/><W50/><G94/><T135/><D11/><U119/><E119/><V116/><F116/><W39/><G95/><T74/><D74/><U111/><E111/><V91/><F91/><W30/><G10/><T77/><D77/><U44/><E44/><V131/><F131/><W17/><G80/><T98/><D98/><U51/><E51/><V115/><F81/><W113/><G50/><T132/><D133/><U109/><E109/><V7/><F99/><W108/><G108/><T86/><D86/><U28/><E28/><V2/><F115/><W8/><G30/><T127/><D127/><U34/><E34/><V96/><F96/><W104/><G104/><T75/><D75/><U97/><E97/><V69/><F31/><N who="3" m="17807" /><G113/><T125/><D125/><U32/><E32/><V87/><F35/><RYUUKYOKU ba="0,1" sc="149,15,188,15,419,-15,234,-15" hai0="0,1,25,27,63,67,71,132,134,135" hai1="19,20,23,26,29,40,47,48,82,83,85,88,92" />
</Scene>
<Scene>
<INIT seed="4,1,1,2,0,95" ten="164,203,404,219" oya="0" hai0="48,42,9,101,63,75,2,34,120,4,90,47,16" hai1="43,76,124,58,59,45,91,129,134,116,135,97,33" hai2="29,122,82,125,81,80,17,13,79,118,92,64,54" hai3="51,25,94,14,108,21,72,28,99,6,71,50,1"/><T23/><D120/><U68/><E68/><V12/><F122/><W65/><G72/><T36/><D75/><U38/><E116/><V83/><F118/><W89/><G1/><T115/><D115/><U37/><E33/><V100/><F125/><W96/><G108/><T62/><D34/><U31/><E31/><V5/><F64/><W15/><G71/><T40/><D101/><U66/><E124/><V105/><F105/><W77/><G65/><T106/><D106/><U57/><E129/><V85/><F29/><W22/><G77/><T74/><D74/><U123/><E123/><V93/><F100/><W69/><G69/><T53/><D90/><U52/><E76/><V88/><F79/><W7/><G96/><T117/><D117/><U26/><E26/><V104/><F104/><W131/><G131/><T19/><D19/><U44/><E66/><V30/><F30/><W121/><G121/><T86/><D86/><U24/><E24/><V60/><F5/><N who="3" m="1547" /><G21/><T98/><D98/><U103/><E91/><V109/><F12/><AGARI ba="1,1" hai="12,14,15,22,25,28,50,51,89,94,99" m="1547" machi="12" ten="30,2000,0" yaku="8,1,52,1" doraHai="95" who="3" fromWho="2" sc="164,0,203,0,404,-23,219,33" />
</Scene>
<Scene>
<INIT seed="5,0,0,3,1,134" ten="164,203,381,252" oya="1" hai0="126,101,111,22,61,65,59,112,73,102,11,77,96" hai1="28,54,44,95,0,92,108,57,15,66,113,116,3" hai2="79,99,16,88,19,46,56,13,117,120,130,82,86" hai3="85,94,23,30,104,49,69,29,17,81,75,67,119"/><U33/><E116/><V106/><F120/><W26/><G104/><T127/><D111/><U25/><E108/><V41/><F117/><W129/><G119/><T135/><D135/><U45/><E113/><V48/><F130/><W5/><G75/><T114/><D11/><U8/><E66/><V121/><F121/><W68/><G129/><T103/><D96/><U74/><E74/><V64/><F106/><W93/><G5/><T91/><D91/><U39/><E92/><N who="2" m="56711" /><F13/><W83/><G67/><T109/><D109/><U124/><E39/><V51/><F51/><W128/><G128/><T133/><D133/><U14/><E14/><V36/><F36/><W115/><G115/><N who="0" m="44075" /><D22/><U122/><E122/><V84/><F84/><W80/><G85/><T21/><D21/><U20/><E33/><V12/><F12/><W60/><G94/><T125/><D73/><U6/><E0/><V87/><F87/><W7/><G93/><T62/><D61/><AGARI ba="0,0" hai="16,19,41,46,48,56,61,64,79,82,86" m="56711" machi="61" ten="30,3900,0" yaku="8,1,54,2" doraHai="134" who="2" fromWho="0" sc="164,-39,203,0,381,39,252,0" />
</Scene>
<Scene>
<INIT seed="6,0,0,1,4,40" ten="125,203,420,252" oya="2" hai0="88,87,95,9,135,125,119,32,25,47,60,72,104" hai1="22,90,11,106,38,28,58,48,117,54,70,23,26" hai2="10,123,109,4,20,74,52,127,35,122,121,103,108" hai3="94,56,89,66,39,63,76,115,61,3,67,98,8"/><V57/><F35/><W24/><G39/><T69/><D135/><U133/><E117/><V68/><F68/><W65/><G76/><T16/><D119/><U79/><E70/><V7/><F74/><W34/><G115/><T36/><D72/><U110/><E106/><V101/><F20/><W18/><G34/><T14/><D104/><U77/><E110/><N who="2" m="42603" /><F127/><W71/><G3/><T128/><D125/><U129/><E38/><V17/><F17/><W55/><REACH who="3" step="1"/><G8/><REACH who="3" ten="125,203,420,242" step="2"/><T126/><D126/><U75/><E11/><V80/><F10/><W13/><G13/><T132/><D132/><U120/><E79/><V107/><F122/><W1/><G1/><T96/><D128/><U116/><E77/><V0/><F0/><W131/><G131/><T15/><D15/><U6/><E120/><V33/><F33/><W51/><G51/><T45/><D36/><U91/><E48/><V37/><F37/><W29/><G29/><T2/><D2/><U134/><E28/><V53/><F123/><W5/><G5/><T50/><D50/><U113/><E6/><V42/><F4/><W85/><G85/><T12/><D12/><U64/><E134/><V111/><F7/><W83/><G83/><T62/><D87/><U97/><E133/><V44/><F80/><W130/><G130/><T82/><D82/><U84/><E129/><V118/><F111/><W124/><G124/><T21/><D32/><U92/><E113/><V27/><F121/><W41/><G41/><T59/><D9/><U46/><E75/><V81/><F42/><W30/><G30/><T49/><D14/><RYUUKYOKU ba="0,1" sc="125,-10,203,-10,420,-10,242,30" hai3="18,24,55,56,61,63,65,66,67,71,89,94,98" />
</Scene>
<Scene>
<INIT seed="7,1,1,2,2,33" ten="115,193,410,272" oya="3" hai0="64,54,44,87,117,55,37,97,52,42,93,71,57" hai1="106,77,46,132,38,40,35,11,19,30,8,125,94" hai2="80,15,120,123,23,76,122,104,118,85,75,69,88" hai3="119,79,110,114,60,66,67,3,49,45,121,32,21"/><W78/><G32/><T41/><D117/><U100/><E106/><V7/><F118/><W99/><G119/><T16/><D87/><U115/><E77/><V134/><F134/><W113/><G121/><T133/><D133/><U73/><E73/><V130/><F130/><W31/><G3/><T96/><D41/><U62/><E132/><V70/><F104/><W103/><G110/><T28/><D28/><U81/><E81/><N who="2" m="45215" /><F23/><W111/><G111/><T126/><D126/><U4/><E46/><V112/><F112/><W43/><G113/><T53/><D93/><U82/><E11/><AGARI ba="1,1" hai="7,11,15,69,70,80,85,88,120,122,123" m="45215" machi="11" ten="30,2000,0" yaku="13,1,54,1" doraHai="33" who="2" fromWho="1" sc="115,0,193,-23,410,33,272,0" owari="115,-38.0,170,-23.0,443,54.0,272,7.0" />
</Scene>
</mjloggm>