<mjloggm ver="2.3"><GO type="169" lobby="0"/><UN n0="%E3%81%BE%E3%82%8B%E3%81%9F%E3%82%8D%E3%81%86" n1="%E7%B7%92%E6%96%B9%E6%99%BA%E7%B5%B5%E9%87%8C%2B" n2="%E5%A4%AA%E3%81%8F%E3%81%AA%E3%81%84%E3%81%8A" n3="%76%65%74%6F%6F" dan="17,18,19,16" rate="2162.27,2236.02,2279.62,2040.42" sx="M,M,F,M"/><TAIKYOKU oya="0"/>

<Scene>
<INIT seed="0,0,0,0,2,123" ten="250,250,250,250" oya="0" hai0="1,87,124,117,81,27,79,52,92,114,129,91,68" hai1="125,18,5,106,55,25,67,109,132,48,24,97,90" hai2="38,80,83,37,53,8,119,17,103,71,105,3,127" hai3="128,95,70,131,61,133,13,54,6,14,98,19,39"/><T30/><D114/><U135/><E125/><V56/><F71/><W45/><G133/><T41/><D124/><U69/><E5/><V74/><F127/><W10/><G39/><T126/><D126/><U108/><E67/><V94/><F105/><W40/><G40/><T93/><D1/><U89/><E69/><V31/><F31/><W23/><G70/><T88/><D68/><U7/><E7/><V21/><F8/><W120/><G120/><T113/><D113/><U20/><E25/><V0/><F119/><W12/><G12/><T78/><D129/><N who="3" m="49737" /><G45/><T122/><D122/><U57/><E106/><V36/><F103/><N who="3" m="60895" /><G61/><T110/><D41/><U60/><E48/><V75/><F94/><W29/><G29/><T66/><D66/><U104/><E104/><V49/><F0/><W47/><G47/><T59/><D117/><U9/><E9/><V33/><F3/><W63/><G63/><N who="0" m="36327" /><D93/><N who="1" m="56495" /><E90/><V34/><F37/><W43/><G43/><T101/><D91/><U116/><E116/><V4/><F38/><W73/><G54/><T102/><D79/><U111/><AGARI ba="0,0" hai="18,20,24,55,57,60,108,109,111,132,135" m="56495" machi="111" ten="40,8000,1" yaku="25,1,14,1,52,3" doraHai="123" who="1" fromWho="1" sc="250,-40,250,80,250,-20,250,-20" />
</Scene>
<Scene>
<INIT seed="1,0,0,0,5,16" ten="210,330,230,230" oya="1" hai0="84,10,124,64,126,7,131,95,1,128,23,70,55" hai1="75,91,38,49,121,86,101,17,4,112,127,14,46" hai2="13,34,104,80,22,108,35,67,9,120,0,25,82" hai3="73,27,102,79,85,52,28,3,117,133,77,105,135"/><U71/><E121/><V19/><F104/><W76/><G3/><T45/><D70/><U33/><E75/><V32/><F120/><W31/><G117/><T65/><D84/><U123/><E123/><V106/><F106/><W113/><G113/><T21/><D95/><U97/><E127/><N who="0" m="48681" /><D55/><U59/><E33/><V119/><F119/><W129/><G129/><N who="0" m="49739" /><D45/><U69/><E4/><N who="2" m="1159" /><F67/><AGARI ba="0,0" hai="1,7,10,21,23,64,65,67" m="49739,48681" machi="67" ten="30,7700,0" yaku="18,1,19,1,52,2" doraHai="16" who="0" fromWho="2" sc="210,77,330,0,230,-77,230,0" />
</Scene>
<Scene>
<INIT seed="2,0,0,2,2,134" ten="287,330,153,230" oya="2" hai0="89,120,38,104,48,133,66,13,107,59,118,80,61" hai1="135,91,2,130,79,9,124,56,69,44,77,4,46" hai2="63,90,116,99,103,33,111,121,129,76,52,88,47" hai3="97,21,108,115,132,68,114,53,3,20,67,58,105"/><V60/><F116/><W65/><G132/><T92/><D38/><U94/><E69/><V87/><F121/><W82/><G108/><T126/><D120/><U83/><E130/><V16/><F33/><W131/><G131/><T24/><D133/><U40/><E56/><V100/><F129/><W19/><G3/><T51/><D80/><U10/><E10/><V85/><F111/><W84/><G68/><T42/><D118/><U98/><E135/><V93/><F76/><W11/><G11/><T106/><D13/><U8/><E8/><V128/><F128/><W34/><G34/><T112/><D112/><N who="3" m="43049" /><G21/><T25/><D42/><U113/><E77/><V49/><F16/><W57/><G97/><T17/><D17/><U32/><E32/><V15/><F15/><N who="3" m="9343" /><G105/><T7/><D7/><U95/><E98/><V6/><F6/><W109/><G109/><T101/><D101/><N who="2" m="38986" /><F99/><W30/><G30/><T12/><D12/><U78/><E4/><V14/><F14/><W81/><G58/><T73/><D25/><U54/><E2/><V22/><F22/><W36/><G36/><T127/><D24/><U125/><E9/><V1/><F1/><W110/><G110/><T31/><D31/><U102/><E102/><V0/><F0/><W29/><G29/><T5/><D5/><U64/><E113/><V96/><F96/><W27/><G27/><T37/><D37/><U55/><E79/><V35/><F35/><W70/><G70/><T119/><D119/><U74/><E78/><V23/><F23/><W72/><G72/><T86/><D73/><U62/><E74/><RYUUKYOKU ba="0,0" sc="287,15,330,-15,153,15,230,-15" hai0="48,51,59,61,66,86,89,92,104,106,107,126,127" hai2="47,49,52,60,63,85,87,88,90,93" />
</Scene>
<Scene>
<INIT seed="2,1,0,0,1,92" ten="302,315,168,215" oya="2" hai0="16,129,74,63,54,69,6,49,111,102,2,37,50" hai1="105,121,75,42,44,52,98,110,39,114,51,108,40" hai2="96,0,29,45,85,128,135,26,76,24,124,72,35" hai3="120,80,31,59,95,131,71,5,7,41,93,38,62"/><V122/><F122/><W112/><G120/><T77/><D37/><U57/><E114/><V3/><F72/><W53/><G112/><T100/><D111/><N who="1" m="42539" /><E75/><V64/><F124/><W18/><G131/><T20/><D129/><U81/><E121/><V48/><F128/><W89/><G31/><T61/><D2/><U78/><E78/><V9/><F135/><W11/><G71/><T104/><D6/><U103/><E81/><V83/><F64/><W123/><G123/><T47/><D77/><U88/><E42/><V27/><F0/><W113/><G113/><T116/><D116/><U117/><E117/><V33/><F33/><W19/><G5/><T60/><D74/><U70/><E70/><V109/><F109/><W28/><G28/><T130/><D130/><U82/><E82/><V119/><F119/><W36/><G36/><T46/><D69/><U15/><E15/><V8/><F3/><W84/><G41/><N who="0" m="24783" /><D104/><U126/><E126/><V86/><F86/><W22/><G38/><T107/><D107/><U23/><E23/><V10/><REACH who="2" step="1"/><F96/><REACH who="2" ten="302,315,158,215" step="2"/><W30/><G30/><T65/><D65/><U90/><AGARI ba="1,1" hai="39,40,44,51,52,57,88,90,98,103,105" m="42539" machi="90" ten="30,7900,0" yaku="14,1,52,1,54,2" doraHai="92" who="1" fromWho="1" sc="302,-21,315,92,158,-40,215,-21" />
</Scene>
<Scene>
<INIT seed="3,0,0,1,2,63" ten="281,407,118,194" oya="3" hai0="17,135,26,115,54,121,76,104,106,45,24,25,11" hai1="102,1,91,56,61,14,39,89,119,107,3,31,23" hai2="46,93,67,100,19,51,116,28,71,99,32,9,40" hai3="123,90,113,96,80,74,83,128,33,72,118,65,134"/><W101/><G33/><T41/><D121/><U87/><E39/><V62/><F116/><W84/><G123/><T133/><D76/><U130/><E130/><V55/><F28/><W68/><G118/><T112/><D54/><U132/><E132/><N who="0" m="50761" /><D17/><U30/><E30/><V8/><F32/><W111/><G134/><T97/><D11/><U47/><E47/><V34/><F34/><W92/><G128/><T127/><D127/><U126/><E102/><V88/><F19/><W42/><G42/><T7/><D7/><U57/><E107/><N who="0" m="41001" /><D97/><U69/><E31/><V79/><F79/><W21/><G113/><N who="0" m="43595" /><D25/><U44/><E126/><V66/><F66/><W114/><G114/><T105/><D105/><U109/><E44/><V75/><F75/><W13/><G101/><T59/><D59/><U29/><E57/><V108/><F100/><W70/><G96/><T125/><D125/><U16/><E56/><V86/><F99/><W117/><G117/><T122/><D122/><U37/><E29/><V48/><F8/><W4/><G65/><T53/><D53/><U18/><E16/><V35/><F9/><W58/><G58/><T94/><D94/><U124/><E124/><V78/><F78/><W5/><G92/><T120/><D120/><U20/><E18/><V98/><F98/><W43/><G5/><T85/><D85/><U15/><E87/><V73/><F35/><W64/><G84/><T50/><AGARI ba="0,0" hai="24,26,41,45,50" m="43595,41001,50761" machi="50" ten="40,2700,0" yaku="20,1,11,1" doraHai="63" who="0" fromWho="0" sc="281,27,407,-7,118,-7,194,-13" />
</Scene>
<Scene>
<INIT seed="4,0,0,5,4,30" ten="308,400,111,181" oya="0" hai0="72,114,21,42,105,26,63,71,98,102,4,129,84" hai1="106,115,39,74,10,54,60,27,50,125,33,7,38" hai2="104,5,0,89,109,120,82,65,29,9,127,43,13" hai3="31,80,133,113,117,11,90,53,112,3,93,78,95"/><T36/><D72/><U68/><E74/><V132/><F109/><W70/><G117/><T116/><D116/><U56/><E106/><V92/><F120/><W45/><G133/><T99/><D114/><N who="3" m="44137" /><G70/><T97/><D129/><U18/><E125/><V20/><F104/><W49/><G31/><T41/><D4/><U128/><E128/><V22/><F127/><W1/><G11/><T17/><D84/><U32/><E115/><V73/><F132/><W91/><G78/><T25/><D25/><U75/><E75/><V107/><F107/><W14/><G14/><T121/><D121/><U126/><E126/><V79/><F65/><W24/><G24/><T35/><D102/><U124/><E124/><V34/><F13/><W64/><G64/><T135/><D105/><U87/><E68/><V48/><F29/><W8/><G8/><T62/><D71/><U40/><E38/><V85/><REACH who="2" step="1"/><F34/><REACH who="2" ten="308,400,101,181" step="2"/><W58/><G1/><T51/><D35/><U110/><E33/><V19/><F19/><W57/><G3/><T123/><D123/><U88/><E32/><V2/><F2/><W96/><G80/><T103/><D135/><U15/><E110/><V28/><F28/><W77/><G77/><T46/><D103/><U59/><E27/><V94/><F94/><W118/><G118/><T101/><D101/><U69/><E18/><V108/><F108/><W6/><G6/><T131/><D131/><U52/><E15/><V66/><F66/><W12/><G12/><T47/><AGARI ba="0,1" hai="17,21,26,36,41,42,46,47,51,62,63,97,98,99" machi="47" ten="30,1500,0" yaku="0,1" doraHai="30" who="0" fromWho="0" sc="308,25,400,-5,101,-5,181,-5" />
</Scene>
<Scene>
<INIT seed="4,1,0,4,2,13" ten="333,395,96,176" oya="0" hai0="88,56,21,95,3,25,34,29,12,111,48,73,0" hai1="118,75,110,130,116,103,122,33,81,68,70,128,49" hai2="113,23,101,89,80,39,4,18,10,36,84,14,45" hai3="91,98,60,74,62,78,117,55,9,112,52,99,2"/><T79/><D111/><U26/><E49/><V127/><F113/><W61/><G117/><N who="1" m="45162" /><E103/><V115/><F115/><W63/><G112/><T5/><D73/><U82/><E110/><V124/><F101/><W123/><G123/><T71/><D79/><N who="1" m="44287" /><E82/><V17/><F4/><W92/><G74/><T30/><D71/><N who="1" m="27179" /><E122/><V59/><F59/><W121/><G78/><T28/><D56/><U134/><E134/><V105/><F105/><W32/><G32/><T43/><D43/><U94/><E94/><V85/><F85/><W46/><G121/><T58/><D48/><U44/><E44/><V67/><F67/><W104/><G46/><T100/><D100/><U47/><E47/><V135/><F135/><W125/><G125/><N who="2" m="48201" /><F45/><W53/><G104/><T6/><D58/><U35/><E26/><AGARI ba="1,0" hai="10,14,17,18,23,26,36,39,80,84,89" m="48201" machi="26" ten="30,3900,0" yaku="18,1,52,2" doraHai="13" who="2" fromWho="1" sc="333,0,395,-42,96,42,176,0" />
</Scene>
<Scene>
<INIT seed="5,0,0,4,0,53" ten="333,353,138,176" oya="1" hai0="95,26,48,62,74,110,119,130,87,112,49,92,42" hai1="60,17,104,45,25,64,54,37,102,81,2,122,4" hai2="127,12,41,50,75,3,18,126,21,96,68,108,36" hai3="85,43,20,33,90,56,39,22,120,66,72,69,58"/><U86/><E122/><V55/><F108/><W97/><G120/><T83/><D119/><U34/><E2/><V99/><F75/><W123/><G123/><T82/><D110/><U91/><E4/><V61/><F3/><W100/><G72/><T47/><D112/><U125/><E125/><N who="2" m="47627" /><F36/><W65/><G33/><T23/><D130/><U19/><E37/><V35/><F35/><W70/><G39/><T132/><D132/><U7/><E7/><V88/><F41/><W29/><G43/><T118/><D118/><U124/><E124/><V105/><F105/><W31/><G85/><T111/><D74/><U16/><E34/><V106/><F106/><W78/><G78/><N who="0" m="46551" /><D83/><U121/><E121/><V116/><F116/><W131/><G131/><T11/><D11/><U115/><E115/><V101/><F101/><W80/><G80/><T73/><D73/><U10/><E10/><V1/><F1/><W38/><G38/><T71/><D49/><U79/><E102/><V84/><F61/><W46/><G100/><T135/><D135/><U0/><E0/><V8/><F68/><W40/><G40/><T51/><D51/><N who="1" m="29039" /><E104/><V24/><F8/><W6/><G97/><T89/><D89/><U76/><E25/><V133/><F24/><W30/><G90/><T107/><D107/><U57/><AGARI ba="0,0" hai="16,17,19,57,60,64,76,79,81,86,91" m="29039" machi="57" ten="30,6000,0" yaku="8,1,52,1,54,1" doraHai="53" who="1" fromWho="1" sc="333,-20,353,60,138,-20,176,-20" />
</Scene>
<Scene>
<INIT seed="5,1,0,0,1,114" ten="313,413,118,156" oya="1" hai0="27,103,134,4,135,89,132,31,15,91,94,92,7" hai1="28,68,44,17,119,115,104,120,16,123,64,57,9" hai2="82,19,77,85,65,86,126,131,3,8,66,62,46" hai3="34,128,5,0,40,59,26,22,33,117,129,10,88"/><U76/><E68/><V78/><F131/><N who="3" m="50251" /><G40/><T52/><D103/><U58/><E104/><V23/><F126/><W56/><G56/><T102/><D102/><U109/><E115/><V42/><F3/><W130/><N who="3" m="50259" /><W63/><DORA hai="38" /><G88/><N who="0" m="33867" /><D15/><U18/><E28/><V6/><F6/><N who="0" m="2090" /><D52/><U116/><E76/><V43/><F8/><W37/><G37/><T90/><N who="0" m="33875" /><T32/><AGARI ba="1,0" hai="27,31,32,92,94,132,134,135" m="2090,33875" machi="32" ten="40,5200,0" yaku="4,1,20,1,54,1" doraHai="114,38" who="0" fromWho="0" sc="313,55,413,-27,118,-14,156,-14" />
</Scene>
<Scene>
<INIT seed="6,0,0,2,1,25" ten="368,386,104,142" oya="2" hai0="0,96,45,40,58,112,117,47,125,133,7,39,54" hai1="103,104,36,129,38,79,86,97,124,10,46,95,110" hai2="19,50,28,62,98,23,49,15,70,127,5,1,91" hai3="37,3,135,102,83,20,123,27,92,76,21,60,84"/><V108/><F127/><W107/><G123/><T81/><D125/><U35/><E110/><V101/><F108/><W61/><G37/><T2/><D112/><U87/><E35/><V85/><F1/><W17/><G3/><T8/><D133/><U44/><E129/><V115/><F115/><W33/><G33/><T77/><D47/><U16/><E104/><V14/><F28/><N who="3" m="17511" /><G107/><T134/><D134/><U80/><E86/><V24/><F70/><W43/><G43/><T26/><D96/><U114/><E114/><V99/><F62/><W111/><G111/><T74/><D26/><U68/><E68/><V13/><F5/><W72/><G72/><T52/><D2/><U78/><E38/><V59/><F59/><W100/><G135/><T64/><D117/><U116/><E116/><V71/><F71/><W4/><G4/><T90/><D90/><U66/><E66/><V126/><F126/><W121/><G121/><T32/><D32/><U106/><E106/><V88/><F91/><W131/><G131/><T6/><D6/><U31/><E36/><V18/><F18/><W82/><G82/><T48/><D54/><U93/><E78/><V11/><F11/><W55/><G55/><T122/><D64/><U42/><E42/><V118/><F118/><W69/><G69/><T73/><D73/><U109/><E109/><V41/><F101/><N who="3" m="39019" /><G92/><T65/><D65/><U120/><E120/><AGARI ba="0,0" hai="0,7,8,39,40,45,48,52,58,74,77,81,120,122" machi="120" ten="40,5200,0" yaku="25,2,54,1" doraHai="25" who="0" fromWho="1" sc="368,52,386,-52,104,0,142,0" />
</Scene>
<Scene>
<INIT seed="7,0,0,2,1,16" ten="420,334,104,142" oya="3" hai0="82,45,80,30,95,46,135,5,64,115,101,76,15" hai1="67,113,20,62,129,1,6,85,28,40,133,23,41" hai2="91,73,94,104,13,43,126,99,119,112,96,105,24" hai3="22,68,93,56,134,72,2,102,29,18,49,98,108"/><W42/><G108/><T71/><D135/><U124/><E133/><V17/><F119/><W97/><G68/><T109/><D109/><U132/><E132/><V127/><F43/><W120/><G120/><T10/><D115/><U34/><E113/><V84/><F112/><W74/><G134/><T65/><D30/><U90/><E129/><V32/><F32/><W8/><G29/><T54/><D54/><U51/><E124/><N who="2" m="47659" /><F13/><W117/><G117/><T57/><D57/><U92/><E1/><V86/><F17/><W7/><G98/><N who="2" m="37417" /><F24/><W121/><G121/><T110/><D110/><U47/><E6/><V14/><F14/><W131/><G131/><T77/><D101/><U48/><E28/><V88/><F73/><W78/><G78/><N who="0" m="30315" /><D95/><AGARI ba="0,0" hai="84,86,88,91,94,95,104,105" m="37417,47659" machi="95" ten="30,7700,0" yaku="18,1,34,2,54,1" doraHai="16" who="2" fromWho="0" sc="420,-77,334,0,104,77,142,0" owari="343,45.0,334,13.0,181,-22.0,142,-36.0" />
</Scene>
</mjloggm>