<mjloggm ver="2.3"><GO type="169" lobby="0"/><UN n0="%E9%9B%80%E8%8D%98%E4%B8%AD%E5%B7%9D" n1="%E3%81%86%E3%82%8B%E3%81%95%E3%81%84%E3%81%AF%E8%A4%92%E3%82%81%E8%A9%9E" n2="%E3%82%89%E3%81%8F%E3%81%A0%EF%BC%90%EF%BC%91%EF%BC%90%EF%BC%99" n3="%E5%A4%AA%E3%81%8F%E3%81%AA%E3%81%84%E3%81%8A" dan="16,16,17,19" rate="2022.36,2087.21,2174.53,2292.90" sx="F,M,M,F"/><TAIKYOKU oya="0"/>

<Scene>
<INIT seed="0,0,0,5,0,36" ten="250,250,250,250" oya="0" hai0="16,15,23,81,19,131,128,53,32,48,134,67,20" hai1="89,24,104,72,21,117,129,13,91,114,26,47,37" hai2="108,93,95,101,97,40,124,70,61,39,122,58,98" hai3="100,82,7,130,42,62,0,75,59,25,135,30,115"/><T33/><D134/><U27/><E117/><V1/><F1/><W65/><G115/><T18/><D67/><U44/><E72/><V11/><F70/><W123/><G135/><T127/><D127/><U103/><E129/><N who="0" m="49737" /><D81/><U14/><E114/><V35/><F35/><N who="0" m="13386" /><D48/><U52/><E21/><N who="0" m="8265" /><D53/><U31/><E31/><V77/><F124/><W86/><G82/><T99/><D99/><U80/><E103/><V5/><F77/><W3/><G100/><T85/><D85/><U125/><E104/><V51/><F39/><W111/><G86/><T105/><D105/><U109/><E125/><V84/><F84/><W120/><G65/><T69/><D69/><U73/><E73/><V55/><F98/><W94/><G62/><T76/><D76/><U50/><E80/><V87/><F87/><W106/><G106/><T132/><D132/><U60/><E60/><V54/><F93/><W110/><G94/><T45/><D45/><U22/><E89/><V9/><F55/><W78/><G78/><T49/><D49/><U34/><E91/><V63/><F51/><W83/><G83/><T90/><D90/><U43/><E34/><V121/><F101/><W74/><G130/><T4/><D4/><U10/><E52/><V113/><F54/><W28/><G7/><T116/><D116/><U17/><E50/><V71/><F71/><W68/><G68/><T46/><D46/><U126/><E44/><V92/><F5/><W88/><G88/><T64/><D64/><U12/><E126/><V119/><F119/><W29/><G74/><T38/><D38/><U66/><E37/><RYUUKYOKU ba="0,0" sc="250,30,250,-10,250,-10,250,-10" hai0="15,16,18,19" />
</Scene>
<Scene>
<INIT seed="0,1,0,0,5,36" ten="280,240,240,240" oya="0" hai0="111,33,26,7,103,22,53,94,13,12,132,51,21" hai1="81,134,100,47,59,57,70,107,61,123,87,54,135" hai2="120,76,8,113,116,118,45,16,29,72,15,56,23" hai3="74,77,90,89,38,83,11,0,84,49,105,1,39"/><T18/><D132/><N who="1" m="50731" /><E123/><V93/><F120/><W133/><G133/><T62/><D111/><U64/><E100/><V112/><F72/><W121/><G121/><T98/><D33/><U20/><E107/><V122/><F76/><W58/><G105/><T119/><D119/><N who="2" m="45610" /><F93/><W80/><G90/><T34/><D34/><U32/><E32/><V25/><F45/><W91/><G91/><T69/><D7/><U114/><E20/><N who="2" m="15527" /><F56/><W79/><G89/><T44/><D69/><U115/><E47/><V129/><F122/><W104/><G104/><T28/><REACH who="0" step="1"/><D62/><REACH who="0" ten="270,240,240,240" step="2"/><N who="1" m="37983" /><E70/><V4/><F129/><W65/><G0/><AGARI ba="1,1" hai="0,4,8,15,16,23,112,113" m="15527,45610" machi="0" ten="30,7700,0" yaku="12,1,34,2,54,1" doraHai="36" who="2" fromWho="3" sc="270,0,240,0,240,90,240,-80" />
</Scene>
<Scene>
<INIT seed="1,0,0,2,3,62" ten="270,240,330,160" oya="1" hai0="20,3,94,6,37,110,102,78,119,85,84,65,91" hai1="39,51,21,49,7,18,130,14,57,68,77,54,44" hai2="114,10,43,109,23,82,25,31,11,100,64,15,55" hai3="28,1,40,71,30,128,12,120,106,41,134,69,8"/><U116/><E116/><V60/><F109/><W105/><G1/><T26/><D110/><U107/><E39/><V22/><F114/><W47/><G120/><T88/><D119/><U104/><E68/><V93/><F43/><W36/><G134/><T80/><D37/><U122/><E122/><V73/><F73/><W90/><G128/><T24/><D102/><U96/><E130/><V4/><F55/><W29/><G41/><T124/><D124/><U38/><E38/><V121/><F82/><W112/><G112/><T135/><D135/><U99/><E77/><V34/><F121/><W46/><G46/><T111/><D111/><U95/><E96/><V117/><F117/><W86/><G106/><T97/><D65/><U79/><E79/><V72/><F72/><W118/><G105/><T53/><D53/><U56/><E7/><V33/><F10/><W48/><G118/><T63/><D63/><U133/><E57/><N who="2" m="36879" /><F22/><W76/><G36/><T98/><D20/><U2/><E2/><V32/><F32/><W61/><G61/><T131/><D131/><U59/><E59/><V75/><F75/><W125/><G125/><T16/><D3/><U5/><E133/><V113/><F113/><W129/><G129/><T92/><D6/><U83/><E5/><V115/><F115/><W35/><G35/><T123/><D123/><U42/><E83/><V126/><F126/><W127/><G127/><T27/><D84/><U87/><E87/><V70/><F70/><W0/><G0/><T50/><D50/><U45/><E56/><V58/><F58/><W108/><G69/><RYUUKYOKU ba="0,0" sc="270,10,240,10,330,10,160,-30" hai0="16,24,26,27,78,80,85,88,91,92,94,97,98" hai1="14,18,21,42,44,45,49,51,54,95,99,104,107" hai2="4,11,15,23,25,31,33,34,93,100" />
</Scene>
<Scene>
<INIT seed="1,1,0,0,1,61" ten="280,250,340,130" oya="1" hai0="25,113,62,98,23,75,4,93,69,91,58,51,54" hai1="121,10,82,38,122,19,109,42,101,27,71,100,7" hai2="108,97,67,135,102,64,86,90,132,16,120,105,44" hai3="92,80,12,20,14,99,59,127,39,28,29,2,130"/><U134/><E134/><N who="2" m="51243" /><F108/><W34/><G2/><T13/><D113/><U5/><E82/><N who="2" m="49495" /><F120/><W104/><G104/><T1/><D1/><U56/><E71/><V52/><F16/><N who="3" m="10247" /><G39/><T131/><D131/><U81/><E81/><V33/><F33/><W6/><G34/><T30/><D75/><U107/><E101/><V124/><F124/><W32/><G32/><T87/><D69/><U70/><E70/><V88/><F88/><N who="3" m="55687" /><G130/><T68/><D68/><U77/><E100/><V55/><F44/><W95/><G127/><T85/><D4/><U76/><E107/><V119/><F119/><W103/><G80/><T43/><D13/><U133/><E109/><V126/><F126/><W22/><G59/><N who="0" m="33247" /><D43/><U50/><E42/><V115/><F115/><W11/><G22/><T116/><D116/><U83/><E38/><V0/><F0/><W128/><G128/><T8/><D8/><U63/><E10/><V84/><F84/><W72/><G72/><T110/><D110/><U36/><E36/><V89/><F89/><W49/><G49/><T46/><D46/><U125/><E50/><V17/><F17/><W35/><G35/><T114/><D114/><U37/><E37/><V60/><F60/><W78/><G78/><T106/><D106/><U117/><E77/><V123/><F123/><W40/><G40/><T112/><D112/><U65/><E117/><V24/><F24/><W21/><G21/><T57/><D62/><U31/><E125/><V48/><F48/><W53/><G53/><AGARI ba="1,0" hai="52,53,55,64,67,97,102,105" m="49495,51243" machi="53" ten="30,7700,0" yaku="20,1,52,2,54,1" doraHai="61" who="2" fromWho="3" sc="280,0,250,0,340,80,130,-80" />
</Scene>
<Scene>
<INIT seed="2,0,0,4,3,23" ten="280,250,420,50" oya="2" hai0="93,17,125,15,53,99,126,29,79,124,58,134,21" hai1="4,117,43,70,22,95,20,10,19,109,9,110,85" hai2="55,105,2,114,1,107,27,118,122,119,51,14,62" hai3="42,120,131,84,91,104,7,73,45,96,18,128,32"/><V127/><F122/><W36/><G120/><T52/><D134/><U81/><E70/><V78/><F114/><W113/><G73/><T37/><D37/><U50/><E117/><V103/><F127/><W63/><G32/><T86/><D29/><U46/><E95/><V82/><F62/><W0/><G113/><T89/><D79/><U13/><E10/><V100/><F14/><W11/><G63/><T130/><D130/><N who="3" m="49705" /><G18/><T135/><D135/><U98/><E98/><V76/><F51/><W68/><G68/><T112/><D112/><U26/><REACH who="1" step="1"/><E20/><REACH who="1" ten="280,240,420,50" step="2"/><V35/><F35/><W54/><G96/><T94/><REACH who="0" step="1"/><D58/><REACH who="0" ten="270,240,420,50" step="2"/><U69/><E69/><V28/><F119/><W74/><G36/><T57/><D57/><U41/><E41/><V87/><F118/><W129/><N who="3" m="49713" /><W133/><DORA hai="123" /><G42/><T108/><D108/><U40/><E40/><V64/><F107/><W92/><G104/><T71/><D71/><U48/><E48/><V30/><F105/><W60/><G133/><T121/><D121/><U88/><AGARI ba="0,2" hai="4,9,13,19,22,26,43,46,50,81,85,88,109,110" machi="88" ten="30,12000,2" yaku="1,1,0,1,52,3,54,1,53,1" doraHai="23,123" doraHaiUra="67,12" who="1" fromWho="1" sc="270,-30,240,140,420,-60,50,-30" />
</Scene>
<Scene>
<INIT seed="3,0,0,4,4,68" ten="240,380,360,20" oya="3" hai0="100,53,120,30,67,65,58,59,92,85,105,1,17" hai1="29,75,96,3,54,130,127,24,32,87,112,6,7" hai2="94,60,28,83,51,79,49,114,50,88,26,135,119" hai3="57,25,121,81,128,103,8,97,117,104,78,20,47"/><W13/><G128/><T48/><D1/><U66/><E75/><V40/><F114/><W19/><G117/><T126/><D120/><U76/><E130/><V46/><F119/><W73/><G121/><T74/><D74/><U61/><E127/><V134/><F60/><W52/><G47/><T111/><D111/><U55/><E112/><V35/><F83/><W101/><G101/><T16/><D126/><U106/><E87/><N who="2" m="52511" /><F79/><W115/><G115/><T116/><D105/><U45/><E76/><V23/><F35/><W56/><REACH who="3" step="1"/><G52/><REACH who="3" ten="240,380,360,10" step="2"/><T131/><D116/><U31/><E54/><V122/><F122/><W109/><G109/><T69/><D131/><U39/><E55/><V9/><F135/><W82/><G82/><T43/><D100/><U125/><E125/><V72/><F134/><W11/><G11/><T4/><D53/><U95/><E45/><V18/><F72/><W2/><G2/><T38/><D67/><U14/><E3/><V77/><F9/><W132/><G132/><T22/><D65/><U37/><E66/><V99/><F46/><W64/><G64/><T98/><D69/><U93/><E106/><V12/><F40/><W91/><G91/><T42/><D43/><U113/><E95/><V90/><F90/><W63/><G63/><T129/><D42/><U110/><E61/><V123/><F123/><W0/><G0/><T102/><D129/><U27/><E93/><V107/><F107/><W33/><G33/><T62/><D62/><U21/><E110/><V44/><F44/><W36/><G36/><T70/><D38/><U124/><E39/><RYUUKYOKU ba="0,1" sc="240,-10,380,-10,360,-10,10,30" hai3="8,13,19,20,25,56,57,73,78,81,97,103,104" />
</Scene>
<Scene>
<INIT seed="3,1,1,1,4,31" ten="230,370,350,40" oya="3" hai0="134,51,27,46,135,66,121,105,111,71,17,10,114" hai1="38,87,62,79,43,5,34,39,26,12,109,113,44" hai2="89,73,14,106,36,92,41,75,25,37,64,59,56" hai3="29,72,61,81,123,117,101,118,15,47,95,126,84"/><W60/><G123/><T8/><D121/><U13/><E113/><V90/><F106/><W116/><G126/><T7/><D111/><U130/><E109/><V115/><F115/><W65/><G29/><T20/><D105/><U97/><E130/><V49/><F14/><W98/><G72/><T69/><D114/><U124/><E124/><V21/><F37/><W22/><G47/><T83/><D83/><U96/><E39/><V45/><F36/><W76/><REACH who="3" step="1"/><G65/><REACH who="3" ten="230,370,350,30" step="2"/><T6/><D66/><U125/><E125/><V100/><F75/><W108/><G108/><T67/><D67/><U103/><E44/><V63/><F73/><W4/><G4/><T127/><D6/><U129/><E5/><V85/><F59/><W131/><G131/><T91/><D7/><U99/><E129/><V88/><F100/><W48/><G48/><T3/><D127/><U9/><E103/><V102/><F102/><W54/><G54/><T18/><D46/><U57/><E38/><V58/><F56/><W1/><G1/><T2/><D51/><U77/><E43/><V33/><F58/><W24/><G24/><T133/><D27/><U132/><E26/><V16/><F64/><W35/><G35/><T28/><D28/><U120/><E34/><V23/><F33/><W52/><G52/><T74/><D74/><U30/><E30/><N who="2" m="17711" /><F63/><W68/><G68/><T55/><D55/><U53/><E120/><V110/><F110/><W122/><G122/><T112/><D2/><U93/><E53/><V94/><F49/><W32/><G32/><T50/><D3/><U82/><E57/><RYUUKYOKU ba="1,2" sc="230,-10,370,-10,350,-10,30,30" hai3="15,22,60,61,76,81,84,95,98,101,116,117,118" />
</Scene>
<Scene>
<INIT seed="3,2,2,1,0,66" ten="220,360,340,60" oya="3" hai0="97,56,118,116,114,30,29,126,57,16,122,1,31" hai1="23,27,73,24,67,25,74,119,61,88,37,17,113" hai2="72,130,83,26,34,129,35,9,50,64,65,7,102" hai3="47,106,101,20,92,68,107,131,18,45,62,127,100"/><W38/><G127/><T128/><D122/><U53/><E113/><V21/><F102/><W99/><G131/><N who="2" m="50185" /><F50/><W49/><G38/><T96/><D128/><U93/><E119/><V51/><F51/><W120/><G120/><T59/><D1/><U108/><E108/><V2/><F72/><W124/><G124/><T33/><D33/><N who="2" m="12298" /><F83/><W13/><G100/><T36/><D126/><U8/><E37/><V91/><F91/><W28/><G28/><AGARI ba="2,2" hai="2,7,9,21,26,28,64,65" m="12298,50185" machi="28" ten="30,1000,0" yaku="19,1" doraHai="66" who="2" fromWho="3" sc="220,0,360,0,340,36,60,-16" />
</Scene>
<Scene>
<INIT seed="4,0,0,5,0,73" ten="220,360,376,44" oya="0" hai0="37,100,115,97,54,41,108,29,11,83,44,134,122" hai1="61,65,23,64,3,10,74,9,121,19,113,93,17" hai2="47,104,20,135,30,35,126,48,0,51,6,80,28" hai3="67,111,52,40,2,70,125,27,123,116,25,106,87"/><T46/><D122/><U71/><E121/><V75/><F104/><W133/><G40/><T95/><D115/><U130/><E130/><V59/><F35/><W50/><G123/><T55/><D134/><U69/><E113/><V109/><F109/><W131/><G111/><T79/><D108/><U57/><E57/><V14/><F0/><W45/><G116/><T84/><D29/><U49/><E49/><V86/><F75/><W114/><G114/><T132/><D132/><U22/><E74/><V36/><F36/><W127/><G133/><T60/><D60/><U42/><E93/><V62/><F51/><W32/><G106/><T117/><D117/><U21/><E42/><N who="2" m="24695" /><F126/><N who="3" m="48139" /><G2/><T103/><D103/><U66/><E61/><V96/><F96/><W77/><G32/><T85/><D46/><U13/><E3/><V4/><F4/><W101/><G101/><T107/><D107/><U119/><E119/><V120/><F120/><W34/><G34/><T63/><D63/><U58/><E58/><V18/><F6/><W98/><G98/><T8/><REACH who="0" step="1"/><D85/><REACH who="0" ten="210,360,376,44" step="2"/><U43/><E69/><V15/><F135/><W38/><G131/><T7/><D7/><U129/><E71/><V94/><F28/><W91/><G70/><T88/><D88/><U102/><E102/><V24/><F30/><W16/><G91/><T89/><D89/><U78/><E129/><V90/><F94/><W110/><G110/><T124/><D124/><U33/><E19/><V92/><F92/><W39/><G16/><T112/><D112/><U12/><E17/><V105/><F105/><W82/><G67/><AGARI ba="0,1" hai="14,15,18,20,24,59,62,67,80,86,90" m="24695" machi="67" ten="30,2000,0" yaku="6,1,8,1" doraHai="73" who="2" fromWho="3" sc="210,0,360,0,376,30,44,-20" />
</Scene>
<Scene>
<INIT seed="5,0,0,5,3,95" ten="210,360,406,24" oya="1" hai0="93,103,69,102,87,114,23,42,38,88,17,71,96" hai1="5,92,110,34,47,27,98,73,58,35,89,132,53" hai2="32,1,134,36,81,78,64,26,79,108,52,113,117" hai3="82,109,25,105,94,24,86,111,22,4,101,28,104"/><U3/><E110/><V10/><F36/><W62/><G105/><T75/><D114/><U9/><E132/><V76/><F108/><W125/><G125/><T74/><D103/><U59/><E73/><V39/><F39/><W85/><G104/><T0/><D0/><U51/><E27/><V70/><F117/><W20/><G4/><T60/><D42/><U133/><E133/><V31/><F134/><W50/><G62/><T65/><D38/><U63/><REACH who="1" step="1"/><E59/><REACH who="1" ten="210,350,406,24" step="2"/><V107/><F70/><W68/><G68/><T121/><D71/><U45/><E45/><V77/><F113/><W19/><G50/><T99/><D121/><U72/><E72/><V80/><F26/><W33/><G33/><T18/><D74/><U44/><E44/><V48/><F48/><W97/><REACH who="3" step="1"/><G86/><REACH who="3" ten="210,350,406,14" step="2"/><T46/><D75/><U118/><E118/><V37/><F32/><W128/><G128/><T124/><D87/><U41/><AGARI ba="0,2" hai="3,5,9,34,35,41,47,51,53,58,63,89,92,98" machi="41" ten="20,7800,0" yaku="1,1,0,1,7,1,52,1,53,0" doraHai="95" doraHaiUra="119" who="1" fromWho="1" sc="210,-26,350,98,406,-26,14,-26" owari="184,-22.0,448,55.0,380,18.0,-12,-51.0" />
</Scene>
</mjloggm>