<mjloggm ver="2.3"><GO type="169" lobby="0"/><UN n0="%E2%98%86%E3%83%89%E3%83%8A%E3%83%AB%E3%83%89%E6%95%99%E5%BE%92%E2%98%86" n1="%E9%88%B4%E4%BE%8D" n2="%E5%A4%AA%E3%81%8F%E3%81%AA%E3%81%84%E3%81%8A" n3="%6D%61%63%6A%72" dan="16,16,18,18" rate="2021.66,2093.44,2282.18,2288.18" sx="M,M,M,M"/><TAIKYOKU oya="0"/>

<Scene>
<INIT seed="0,0,0,1,3,32" ten="250,250,250,250" oya="0" hai0="45,106,121,111,13,130,5,90,101,74,51,118,120" hai1="0,80,35,64,86,69,6,2,103,24,65,20,109" hai2="124,40,16,129,72,47,54,125,4,60,29,95,85" hai3="78,30,126,61,3,119,43,135,41,1,97,21,28"/><T59/><D118/><U77/><E109/><V12/><F72/><W107/><G119/><T42/><D74/><U127/><E127/><N who="2" m="48715" /><F129/><W113/><G126/><T81/><D130/><U84/><E35/><V33/><F4/><W49/><G113/><T46/><D111/><U37/><E37/><V83/><F95/><W31/><G135/><T110/><D110/><U104/><E86/><V48/><F29/><W88/><G78/><T56/><D101/><U79/><E79/><N who="2" m="46335" /><F33/><W133/><G133/><T91/><D106/><U114/><E114/><V62/><F40/><W8/><G21/><AGARI ba="0,0" hai="12,16,21,47,48,54,60,62" m="46335,48715" machi="21" ten="30,2000,0" yaku="18,1,54,1" doraHai="32" who="2" fromWho="3" sc="250,0,250,0,250,20,250,-20" />
</Scene>
<Scene>
<INIT seed="1,0,0,3,4,74" ten="250,250,270,230" oya="1" hai0="45,109,52,120,96,27,18,55,91,26,95,111,108" hai1="104,89,130,106,64,10,38,36,75,7,65,100,40" hai2="88,129,66,80,123,105,54,87,60,49,124,28,71" hai3="0,85,1,133,14,5,107,126,50,42,19,29,77"/><U57/><E75/><V12/><F124/><W113/><G113/><T102/><D120/><U99/><E106/><V48/><F123/><W86/><G107/><N who="0" m="63943" /><D45/><U37/><E130/><V17/><F129/><W34/><G126/><T117/><D117/><U68/><E68/><V61/><F105/><W56/><G133/><T3/><D3/><U135/><E135/><V118/><F118/><W69/><G69/><T6/><D6/><U23/><E23/><V79/><F28/><W67/><G42/><T21/><D27/><U39/><E57/><V103/><F103/><W44/><G67/><T112/><D112/><U132/><E132/><V70/><F70/><W47/><G56/><T25/><D26/><U20/><E20/><V59/><REACH who="2" step="1"/><F88/><REACH who="2" ten="250,250,260,230" step="2"/><W8/><G29/><T4/><D91/><U92/><N who="1" m="9728" /><DORA hai="73" /><U81/><E81/><V63/><F63/><W82/><G82/><T131/><D131/><U119/><E119/><V13/><F13/><W93/><G14/><T101/><D95/><U110/><E110/><V2/><F2/><W22/><G1/><T115/><D101/><U35/><E104/><V90/><F90/><W24/><G0/><T127/><D115/><U134/><E134/><V11/><AGARI ba="0,1" hai="11,12,17,48,49,54,59,60,61,66,71,79,80,87" machi="11" ten="20,12000,2" yaku="1,1,0,1,7,1,52,2,53,1" doraHai="74,73" doraHaiUra="128,78" who="2" fromWho="2" sc="250,-30,250,-60,260,130,230,-30" />
</Scene>
<Scene>
<INIT seed="2,0,0,4,3,12" ten="220,190,390,200" oya="2" hai0="58,37,0,36,65,31,119,73,71,9,134,60,74" hai1="43,104,133,25,86,47,130,26,131,72,1,118,124" hai2="68,99,64,34,62,121,120,82,61,67,96,110,54" hai3="52,19,125,92,29,7,17,112,88,90,85,59,80"/><V132/><F34/><W32/><G125/><T76/><D134/><U98/><E118/><V42/><F132/><W75/><G112/><T117/><D31/><U81/><E133/><V20/><F54/><W56/><G7/><N who="0" m="1255" /><D58/><U100/><E1/><V22/><F82/><W94/><G56/><T129/><D129/><N who="1" m="49163" /><E72/><N who="0" m="27753" /><D76/><N who="1" m="46375" /><E124/><V102/><F42/><W115/><G115/><T14/><D14/><U111/><E111/><V127/><F127/><W109/><G109/><T44/><D44/><U18/><E18/><N who="3" m="6666" /><G32/><T108/><D108/><U23/><E23/><V84/><F110/><W87/><G75/><T89/><D89/><U15/><E15/><V135/><F135/><W91/><G29/><T10/><D10/><U28/><E28/><V95/><F68/><W122/><G122/><T63/><D63/><U106/><E106/><V66/><F121/><W123/><G123/><T57/><D57/><U39/><AGARI ba="0,0" hai="25,26,39,43,47,98,100,104" m="46375,49163" machi="39" ten="30,1100,0" yaku="19,1" doraHai="12" who="1" fromWho="1" sc="220,-3,190,11,390,-5,200,-3" />
</Scene>
<Scene>
<INIT seed="3,0,0,4,1,99" ten="217,201,385,197" oya="3" hai0="8,77,90,42,80,109,89,32,107,37,108,125,112" hai1="28,119,83,73,113,105,7,38,9,27,98,11,16" hai2="12,0,103,5,14,50,35,135,72,63,92,94,133" hai3="26,120,85,1,24,40,115,87,48,88,58,46,47"/><W71/><G115/><T18/><D32/><U43/><E113/><V4/><F72/><W60/><G120/><T117/><D117/><U102/><E119/><V67/><F35/><W49/><G1/><T118/><D118/><U55/><E55/><V134/><F50/><W97/><G71/><T2/><D112/><U59/><E59/><N who="2" m="37375" /><F0/><W45/><G97/><T23/><D107/><U106/><E11/><N who="2" m="4199" /><F103/><W81/><G85/><T111/><D8/><AGARI ba="0,0" hai="5,8,14,92,94,133,134,135" m="4199,37375" machi="8" ten="30,1000,0" yaku="20,1" doraHai="99" who="2" fromWho="0" sc="217,-10,201,0,385,10,197,0" />
</Scene>
<Scene>
<INIT seed="4,0,0,2,3,103" ten="207,201,395,197" oya="0" hai0="3,110,109,112,133,115,57,1,101,122,30,106,0" hai1="93,119,72,74,55,113,20,58,100,44,8,96,38" hai2="62,53,130,33,89,69,87,25,39,32,10,29,7" hai3="111,4,104,88,19,34,135,126,78,46,114,36,41"/><T132/><D57/><U18/><E119/><V82/><F39/><W9/><G111/><N who="0" m="42507" /><D30/><U28/><E113/><N who="0" m="43593" /><D122/><U54/><E8/><V124/><F130/><W105/><G114/><T64/><D64/><U43/><E28/><V2/><F124/><W107/><G34/><T37/><D37/><U134/><E134/><N who="0" m="51817" /><D101/><U118/><E55/><V27/><F53/><W52/><G135/><T5/><D5/><U80/><E54/><V40/><F29/><W94/><G52/><T15/><D15/><U90/><E58/><V91/><F32/><W63/><G63/><T71/><D71/><U128/><E18/><V92/><F33/><W12/><G126/><T123/><D123/><U117/><E38/><V98/><F62/><W45/><G45/><T42/><D42/><U48/><E43/><V73/><F69/><W75/><G4/><T116/><D106/><U120/><E120/><V83/><F40/><W84/><REACH who="3" step="1"/><G107/><REACH who="3" ten="207,201,395,187" step="2"/><T23/><D23/><U67/><E20/><V85/><F7/><W108/><G108/><T14/><D14/><U56/><E44/><V60/><F60/><W24/><G24/><T131/><D131/><U49/><E128/><V51/><F25/><W125/><G125/><T35/><D35/><U76/><E67/><V11/><F27/><W22/><G22/><T61/><D61/><U86/><E56/><V70/><F70/><W65/><G65/><T50/><D50/><U121/><E121/><V99/><F51/><W129/><G129/><T17/><D17/><U59/><E59/><V127/><F127/><W31/><G31/><T21/><D21/><RYUUKYOKU ba="0,1" sc="207,15,201,-15,395,-15,187,15" hai0="0,1,3,116" hai3="9,12,19,36,41,46,75,78,84,88,94,104,105" />
</Scene>
<Scene>
<INIT seed="4,1,1,3,0,38" ten="222,186,380,202" oya="0" hai0="9,66,28,61,113,18,39,24,120,94,29,69,112" hai1="33,124,45,54,60,130,63,57,92,98,71,31,81" hai2="16,36,127,77,41,3,51,97,23,88,22,96,8" hai3="62,105,125,17,40,34,49,86,10,101,93,131,56"/><T109/><D120/><U1/><E1/><V78/><F36/><W20/><G34/><T119/><D119/><U90/><E124/><V87/><F127/><W117/><G125/><T123/><D123/><U128/><E45/><N who="2" m="26031" /><F3/><W80/><G117/><T30/><D39/><U0/><E0/><V74/><F74/><W48/><G105/><T79/><D79/><N who="2" m="30218" /><F8/><W55/><G131/><N who="1" m="50218" /><E81/><N who="2" m="49263" /><F23/><W85/><G10/><T50/><D109/><U135/><E135/><V104/><F104/><W134/><G134/><T19/><D9/><U5/><E5/><V133/><F133/><W132/><G80/><T107/><D107/><U25/><E71/><V15/><AGARI ba="1,1" hai="15,16,22,96,97" m="49263,30218,26031" machi="15" ten="30,7900,0" yaku="8,1,52,1,54,2" doraHai="38" who="2" fromWho="2" sc="222,-40,186,-21,380,92,202,-21" />
</Scene>
<Scene>
<INIT seed="5,0,0,1,3,105" ten="182,165,472,181" oya="1" hai0="91,10,108,72,11,48,65,126,68,79,106,78,74" hai1="57,7,82,67,97,40,50,127,29,90,14,53,87" hai2="66,38,0,19,55,25,12,103,60,77,134,120,124" hai3="18,69,85,71,34,61,45,112,129,73,8,95,76"/><U101/><E127/><V63/><F0/><W37/><G34/><T2/><D106/><U9/><E29/><V36/><F120/><W44/><G85/><T111/><D91/><U131/><E131/><V27/><F103/><W89/><G18/><T62/><D48/><U30/><E30/><V110/><F55/><W4/><G112/><T115/><D115/><U5/><E67/><V128/><F60/><W39/><G89/><T22/><D22/><U13/><E40/><V21/><F12/><W28/><G28/><T15/><D126/><U58/><E58/><V133/><F27/><W104/><G95/><T31/><D31/><U122/><E122/><V94/><F94/><W56/><G104/><T46/><D46/><U42/><E42/><V32/><F63/><W81/><G44/><T3/><D62/><U75/><E75/><V135/><F32/><W114/><G129/><T93/><D93/><U96/><REACH who="1" step="1"/><E101/><REACH who="1" ten="182,155,472,181" step="2"/><V54/><F66/><N who="3" m="39207" /><G114/><T59/><D59/><U99/><E99/><V113/><F113/><W23/><G69/><T132/><D68/><U84/><E84/><V70/><F70/><W130/><G71/><T121/><D121/><U83/><E83/><V24/><F128/><W88/><G130/><T1/><D65/><U64/><E64/><V102/><F124/><W116/><G81/><T47/><D47/><U86/><E86/><V35/><F102/><W80/><G45/><T16/><D74/><U43/><E43/><V98/><F98/><W52/><G73/><T33/><D72/><U109/><E109/><V6/><F110/><W123/><G123/><RYUUKYOKU ba="0,1" sc="182,-10,155,30,472,-10,181,-10" hai1="5,7,9,13,14,50,53,57,82,87,90,96,97" />
</Scene>
<Scene>
<INIT seed="5,1,1,0,2,11" ten="172,185,462,171" oya="1" hai0="34,30,33,111,123,99,22,100,74,85,135,59,21" hai1="104,60,14,84,129,118,23,50,52,67,133,57,18" hai2="20,9,61,8,35,115,72,28,41,1,83,95,13" hai3="127,88,2,121,12,120,62,69,36,65,5,0,108"/><U47/><E118/><V43/><F95/><W66/><G108/><T109/><D74/><U102/><E129/><V125/><F61/><W24/><G36/><T55/><D135/><U25/><E133/><V26/><F9/><N who="3" m="4143" /><G2/><T51/><D123/><U124/><E124/><V87/><F72/><W96/><G0/><T92/><D85/><U76/><E104/><V44/><F44/><W81/><G69/><T105/><D105/><U42/><E102/><V71/><F71/><W49/><G120/><T75/><D75/><U106/><E106/><V16/><F115/><W119/><G121/><T117/><D117/><U101/><E101/><V94/><F94/><N who="3" m="56391" /><G62/><T45/><D34/><U58/><E25/><V80/><F80/><W17/><G119/><T91/><D100/><U114/><E114/><V54/><F54/><W7/><G7/><T15/><D33/><U107/><E107/><V29/><F29/><W128/><G127/><T78/><D109/><U40/><E47/><V113/><F113/><W126/><G126/><T79/><D45/><U46/><E46/><V38/><F38/><W130/><G49/><T112/><D111/><U98/><E98/><V68/><F68/><W70/><G81/><AGARI ba="1,1" hai="14,18,23,40,42,50,52,57,58,60,67,76,81,84" machi="81" ten="40,7700,0" yaku="8,1,52,1,54,1" doraHai="11" who="1" fromWho="3" sc="172,0,185,90,462,0,171,-80" />
</Scene>
<Scene>
<INIT seed="5,2,0,0,3,13" ten="172,275,462,91" oya="1" hai0="64,82,18,116,61,119,38,115,99,57,88,41,36" hai1="123,75,69,0,2,111,118,15,51,49,32,25,92" hai2="80,74,48,50,81,131,31,121,124,127,22,130,63" hai3="112,87,101,83,65,133,128,45,12,9,54,47,17"/><U29/><E118/><V73/><F63/><W10/><G112/><T27/><D115/><U66/><E123/><V40/><F121/><W72/><G128/><N who="2" m="49193" /><F31/><W134/><G72/><N who="2" m="27753" /><F22/><W7/><G65/><T35/><D35/><U113/><E113/><V89/><F89/><W19/><G101/><T90/><D90/><U23/><E23/><V67/><F67/><W104/><G104/><T46/><D38/><U94/><E29/><V91/><F91/><W129/><G129/><T120/><D120/><U43/><E32/><V110/><F110/><W14/><G7/><T34/><D34/><U97/><E66/><V102/><F102/><W16/><G17/><T30/><D30/><U3/><E69/><V78/><F40/><W39/><G39/><T117/><D99/><U98/><E97/><V108/><F78/><N who="3" m="46583" /><G54/><T68/><D68/><U26/><E43/><V106/><F106/><W1/><G1/><T79/><D88/><U4/><E0/><V77/><F108/><W44/><G133/><T85/><REACH who="0" step="1"/><D117/><REACH who="0" ten="162,275,462,91" step="2"/><U60/><E111/><V21/><F77/><W86/><G134/><T107/><D107/><U53/><E94/><V126/><F81/><W125/><G125/><T42/><D42/><U56/><E92/><V24/><F80/><W114/><G114/><T33/><D33/><U70/><E98/><V55/><F127/><W76/><G76/><T93/><D93/><U5/><E70/><V100/><F126/><W59/><G86/><T105/><D105/><U84/><E75/><V132/><F124/><W62/><G62/><T28/><D28/><U71/><E60/><RYUUKYOKU ba="2,1" sc="162,15,275,-15,462,-15,91,15" hai0="18,27,36,41,46,57,61,64,79,82,85,116,119" hai3="9,10,12,14,16,19,44,45,47,59" />
</Scene>
<Scene>
<INIT seed="6,3,1,1,2,69" ten="177,260,447,106" oya="2" hai0="68,60,59,8,26,57,99,23,56,52,124,105,112" hai1="18,47,123,92,9,39,79,44,33,84,2,122,109" hai2="103,50,19,29,87,75,16,37,106,131,61,88,129" hai3="98,77,107,17,91,94,120,116,66,65,31,54,22"/><V125/><F75/><W32/><G116/><T127/><D68/><U20/><E33/><V118/><F118/><W64/><G120/><T104/><D8/><U62/><E109/><V76/><F76/><W63/><G32/><T27/><D112/><U4/><E62/><V126/><F37/><W11/><G107/><N who="0" m="41035" /><D99/><U15/><E92/><N who="2" m="54303" /><F29/><W102/><G77/><T90/><D90/><U41/><REACH who="1" step="1"/><E47/><REACH who="1" ten="177,250,447,106" step="2"/><V128/><F61/><W121/><G121/><T36/><D60/><U53/><E53/><V96/><F50/><W117/><G117/><T14/><D52/><U93/><E93/><V40/><F40/><W95/><G54/><T89/><D59/><U3/><E3/><V46/><F46/><W83/><G63/><T38/><D57/><U97/><E97/><V25/><F96/><W132/><G94/><T0/><D56/><U12/><E12/><V51/><F51/><W119/><G119/><T43/><D0/><U34/><E34/><V74/><F106/><W45/><G45/><T115/><D43/><U10/><E10/><V24/><F129/><W113/><G11/><T7/><D14/><U48/><E48/><V72/><F131/><W67/><G67/><T30/><D26/><U85/><E85/><V114/><F24/><W111/><G111/><T1/><D1/><U82/><AGARI ba="3,2" hai="2,4,9,15,18,20,39,41,44,79,82,84,122,123" machi="82" ten="30,7900,0" yaku="1,1,0,1,52,1,53,1" doraHai="69" doraHaiUra="81" who="1" fromWho="1" sc="177,-23,250,108,447,-42,106,-23" />
</Scene>
<Scene>
<INIT seed="7,0,0,2,5,104" ten="154,358,405,83" oya="3" hai0="134,57,0,103,124,91,80,47,66,61,19,122,59" hai1="51,70,107,95,28,121,56,49,31,34,22,72,116" hai2="6,87,132,1,38,44,86,109,50,42,108,39,73" hai3="130,45,27,24,114,77,20,96,98,113,8,118,105"/><W7/><G118/><T135/><D122/><U36/><E36/><V65/><F65/><W119/><G119/><T41/><D0/><U43/><E107/><V5/><F50/><W69/><G69/><N who="0" m="42191" /><D103/><U128/><E121/><V12/><F132/><N who="0" m="50730" /><D124/><U62/><E34/><V84/><F73/><W92/><G130/><T11/><D11/><U76/><E116/><V53/><F53/><W112/><G105/><T111/><D111/><U71/><E22/><V97/><F1/><W82/><G45/><T123/><D123/><U55/><E95/><V90/><F39/><W21/><G21/><T85/><D19/><U48/><E43/><V102/><F90/><W40/><G40/><T99/><D99/><U30/><REACH who="1" step="1"/><E128/><REACH who="1" ten="154,348,405,83" step="2"/><V126/><F126/><W9/><G96/><T115/><D41/><U101/><E101/><V81/><F108/><W46/><G46/><T35/><D35/><U63/><E63/><V88/><F109/><W18/><G24/><T93/><D47/><U94/><E94/><V29/><F97/><W110/><G110/><T68/><D93/><U131/><E131/><V60/><F102/><N who="3" m="60743" /><G7/><T74/><D68/><U67/><E67/><V133/><F133/><W127/><G127/><T100/><D100/><U16/><E16/><V3/><F5/><W14/><G27/><T25/><D25/><U2/><E2/><V83/><F3/><W52/><G52/><T129/><D129/><U54/><E54/><V23/><F6/><W120/><G120/><T26/><D26/><U37/><E37/><V10/><F38/><W125/><G125/><T15/><D15/><RYUUKYOKU ba="0,1" sc="154,-15,348,15,405,-15,83,15" hai1="28,30,31,48,49,51,55,56,62,70,71,72,76" hai3="8,9,14,18,20,77,82,112,113,114" />
</Scene>
<Scene>
<INIT seed="7,1,1,3,5,57" ten="139,363,390,98" oya="3" hai0="114,111,47,11,98,48,68,110,83,132,127,1,13" hai1="8,12,115,133,52,89,34,70,113,105,69,76,45" hai2="10,0,18,35,92,28,62,67,71,124,135,20,134" hai3="25,99,42,50,30,56,91,95,72,82,90,9,60"/><W66/><G9/><T33/><D1/><U65/><E34/><V32/><F124/><W97/><G72/><T37/><D37/><U85/><E105/><V22/><F92/><W104/><G104/><T128/><D83/><N who="1" m="49343" /><E76/><V3/><F22/><N who="3" m="15671" /><G97/><T58/><D11/><U119/><E133/><N who="2" m="50699" /><F28/><W79/><G79/><T130/><D13/><U112/><E119/><V15/><F3/><W31/><G31/><T116/><D58/><U120/><E120/><V94/><F94/><W61/><G61/><T73/><D98/><U87/><E87/><V64/><F64/><W75/><G75/><T81/><D47/><U44/><E65/><V17/><F17/><W63/><G63/><T84/><D48/><N who="1" m="28679" /><E45/><V102/><F102/><N who="3" m="60799" /><G82/><T41/><D81/><U74/><E74/><V59/><F71/><W103/><G103/><T46/><D68/><U4/><AGARI ba="1,1" hai="4,8,12,69,70,112,113,115" m="28679,49343" machi="4" ten="30,2000,0" yaku="15,1,54,1" doraHai="57" who="1" fromWho="1" sc="139,-6,363,33,390,-6,98,-11" owari="133,-27.0,396,50.0,384,18.0,87,-41.0" />
</Scene>
</mjloggm>