<mjloggm ver="2.3"><GO type="169" lobby="0"/><UN n0="%E3%82%82%E3%81%A3%E3%81%A1%E3%82%87" n1="%E5%A4%AA%E3%81%8F%E3%81%AA%E3%81%84%E3%81%8A" n2="%E3%83%95%E3%82%A7%E3%83%AB%E3%83%8A%E3%83%B3%E3%83%89" n3="%73%66%73%66" dan="16,17,17,16" rate="2039.09,2242.51,2230.87,2127.09" sx="M,M,M,M"/><TAIKYOKU oya="0"/>

<Scene>
<INIT seed="0,0,0,3,0,43" ten="250,250,250,250" oya="0" hai0="30,111,118,63,33,20,48,133,22,70,42,122,12" hai1="35,129,19,28,93,18,41,29,91,9,55,58,131" hai2="5,57,89,72,130,39,16,68,37,99,127,121,116" hai3="81,27,101,32,110,47,11,78,98,132,7,14,114"/><T109/><D118/><U135/><E135/><V76/><F68/><W60/><G132/><T125/><D133/><U62/><E41/><V88/><F121/><W1/><G114/><T73/><D73/><U36/><E36/><V17/><F116/><W107/><G110/><N who="0" m="41995" /><D122/><U65/><E65/><V74/><F127/><W67/><G14/><T21/><D125/><U56/><E56/><V51/><F130/><N who="1" m="49673" /><E35/><V79/><F57/><W50/><G32/><T4/><D33/><U82/><E82/><V120/><F120/><W10/><G67/><N who="0" m="41343" /><D30/><N who="1" m="11883" /><E9/><V34/><F34/><W128/><G10/><N who="0" m="4167" /><D48/><U97/><AGARI ba="0,0" hai="18,19,55,58,62,91,93,97" m="11883,49673" machi="97" ten="30,1100,0" yaku="19,1" doraHai="43" who="1" fromWho="1" sc="250,-5,250,11,250,-3,250,-3" />
</Scene>
<Scene>
<INIT seed="1,0,0,2,2,86" ten="245,261,247,247" oya="1" hai0="1,108,14,53,28,29,10,125,106,68,50,36,80" hai1="75,104,61,82,47,83,8,69,22,124,33,134,41" hai2="52,11,112,57,94,64,35,38,72,113,4,71,56" hai3="12,34,128,5,2,16,17,121,3,30,73,42,31"/><U81/><E33/><V7/><F72/><W115/><G42/><T88/><D36/><U98/><E124/><V122/><F122/><W132/><G73/><T120/><D68/><U58/><E69/><V89/><F71/><W100/><G100/><T76/><D106/><U99/><E134/><V78/><F38/><W127/><G121/><T123/><D1/><N who="3" m="9" /><G127/><T130/><D125/><U110/><E8/><V67/><F35/><W111/><G111/><T49/><D49/><N who="1" m="26863" /><E104/><V70/><F78/><W13/><G115/><N who="2" m="44105" /><F70/><W25/><G132/><T74/><D108/><U116/><E75/><V79/><F79/><W55/><G55/><T90/><D123/><U0/><E0/><N who="2" m="391" /><F7/><W117/><G5/><T44/><D120/><U85/><E110/><V126/><F126/><W39/><G39/><T66/><D66/><N who="2" m="25130" /><F52/><W23/><G117/><T24/><D130/><U109/><E109/><V97/><AGARI ba="0,0" hai="56,57,89,94,97" m="25130,391,44105" machi="97" ten="30,2000,0" yaku="11,1,52,1" doraHai="86" who="2" fromWho="2" sc="245,-5,261,-10,247,20,247,-5" />
</Scene>
<Scene>
<INIT seed="2,0,0,3,2,52" ten="240,251,267,242" oya="2" hai0="37,78,65,41,49,12,117,70,91,96,61,125,107" hai1="123,87,2,134,16,11,1,67,89,135,23,39,74" hai2="83,122,115,32,82,47,43,57,5,105,75,108,116" hai3="66,119,84,97,111,92,109,132,94,51,121,7,13"/><V31/><F115/><W98/><G119/><T58/><D125/><U130/><E74/><V60/><F116/><W45/><G121/><T112/><D112/><U54/><E39/><V40/><F122/><W113/><G113/><T79/><D117/><U30/><E123/><V46/><F105/><W0/><G0/><T28/><D12/><N who="1" m="7199" /><E67/><V99/><F5/><W100/><G84/><T90/><D28/><U25/><E130/><V56/><F31/><W29/><G29/><T35/><D35/><N who="1" m="20943" /><E54/><V102/><F32/><W81/><G81/><N who="2" m="30729" /><F108/><W44/><G66/><T68/><D68/><U95/><E23/><V64/><F75/><W48/><G111/><T55/><D107/><U9/><E9/><V76/><F76/><N who="0" m="29226" /><D96/><U86/><E86/><V22/><F22/><W88/><G109/><T17/><D37/><U6/><E6/><V93/><F57/><W20/><G7/><T129/><D129/><U26/><E1/><V8/><F8/><W18/><REACH who="3" step="1"/><G132/><REACH who="3" ten="240,251,267,232" step="2"/><T53/><D65/><U34/><E2/><V114/><F114/><W59/><G59/><T71/><D58/><U27/><E34/><V126/><F126/><W10/><G10/><T77/><D71/><U14/><E135/><V33/><F33/><W103/><G103/><T69/><D70/><U38/><E134/><V104/><F104/><W72/><G72/><T120/><D69/><U106/><E106/><V15/><F15/><W73/><G73/><T19/><D120/><U128/><E14/><V21/><F21/><W110/><G110/><T62/><D77/><U36/><E128/><V42/><AGARI ba="0,1" hai="40,42,43,46,47,56,60,64,93,99,102" m="30729" machi="42" ten="30,6000,0" yaku="5,1,8,1,52,1" doraHai="52" who="2" fromWho="2" sc="240,-20,251,-20,267,70,232,-20" />
</Scene>
<Scene>
<INIT seed="2,1,0,3,1,69" ten="220,231,337,212" oya="2" hai0="24,79,57,2,56,65,4,53,64,32,90,0,55" hai1="36,80,7,92,12,38,16,133,42,26,119,85,98" hai2="88,33,74,37,44,18,111,93,49,130,132,101,8" hai3="124,31,108,99,82,58,113,87,34,20,27,46,109"/><V86/><F74/><W131/><G113/><T127/><D127/><U68/><E119/><V78/><F33/><W104/><G124/><T48/><D79/><U3/><E68/><V91/><F130/><W54/><G131/><T40/><D40/><U116/><E116/><V126/><F126/><W105/><G46/><T76/><D76/><U89/><E133/><V107/><F132/><W95/><G34/><T84/><D24/><U61/><E61/><V67/><F67/><W72/><G72/><T112/><D32/><U9/><E26/><V11/><F111/><N who="3" m="42571" /><G87/><T45/><D45/><U96/><E42/><V106/><F78/><W75/><G82/><T73/><D73/><U50/><E50/><V62/><F49/><N who="3" m="31055" /><G75/><T5/><D112/><U128/><E128/><V118/><F44/><W30/><G30/><T21/><D0/><U134/><E134/><V23/><F118/><W63/><G63/><T120/><D2/><U103/><REACH who="1" step="1"/><E98/><REACH who="1" ten="220,221,337,212" step="2"/><V100/><F62/><W10/><G10/><AGARI ba="1,1" hai="3,7,9,10,12,16,36,38,80,85,89,92,96,103" machi="10" ten="30,12000,2" yaku="1,1,2,1,7,1,52,2,54,1,53,1" doraHai="69" doraHaiUra="1" who="1" fromWho="3" sc="220,0,221,133,337,0,212,-123" />
</Scene>
<Scene>
<INIT seed="3,0,0,3,0,27" ten="220,354,337,89" oya="3" hai0="34,38,98,68,107,59,105,65,103,72,73,28,90" hai1="91,129,43,48,3,2,23,4,71,31,47,8,124" hai2="94,5,7,117,74,66,92,127,101,132,110,46,102" hai3="36,1,13,6,55,93,70,116,0,120,104,25,79"/><W121/><G104/><T42/><D59/><U33/><E71/><V15/><F117/><W128/><G55/><T21/><D21/><U40/><E129/><V19/><F74/><W67/><G93/><T125/><D90/><U81/><E33/><V134/><F110/><W54/><G54/><T49/><D49/><U123/><E123/><N who="3" m="47178" /><G79/><T32/><D107/><U95/><E81/><V85/><F127/><W113/><G67/><T16/><D16/><U20/><E124/><V63/><F46/><W78/><G78/><T17/><D17/><U130/><E3/><N who="3" m="1098" /><G36/><T80/><D80/><U84/><E43/><V99/><F85/><W12/><G70/><T118/><D118/><U51/><E130/><V26/><F26/><W83/><G83/><T86/><D86/><U82/><E82/><V56/><F132/><W115/><G128/><T87/><D87/><U30/><REACH who="1" step="1"/><E51/><REACH who="1" ten="220,344,337,89" step="2"/><V126/><F126/><W44/><G116/><T29/><D34/><U14/><E14/><N who="3" m="5738" /><G6/><T89/><D42/><U64/><E64/><V131/><F131/><W111/><G111/><T9/><D65/><U62/><E62/><V100/><F66/><W135/><G135/><T122/><D68/><U75/><E75/><V24/><F134/><W114/><G44/><T109/><D73/><U37/><E37/><V57/><F63/><W97/><G97/><T41/><D72/><U77/><E77/><V18/><F7/><W39/><G39/><T119/><D98/><U45/><E45/><V11/><F99/><W35/><G115/><T106/><D38/><U53/><E53/><V58/><F5/><RYUUKYOKU ba="0,1" sc="220,-30,344,10,337,10,89,10" hai1="2,4,8,20,23,30,31,40,47,48,84,91,95" hai2="11,15,18,19,24,56,57,58,92,94,100,101,102" hai3="25,35,113,114" />
</Scene>
<Scene>
<INIT seed="3,1,1,5,1,21" ten="190,354,347,99" oya="3" hai0="98,8,15,111,3,58,85,90,26,112,49,117,107" hai1="126,128,113,119,40,97,116,29,39,35,48,89,18" hai2="105,94,67,81,87,109,64,23,130,129,16,0,54" hai3="52,135,100,72,12,65,75,73,36,56,118,102,103"/><W86/><G36/><T125/><D117/><U55/><E113/><V53/><F105/><W79/><G118/><N who="1" m="45098" /><E128/><N who="2" m="49259" /><F0/><W82/><G65/><N who="2" m="25161" /><F94/><W99/><G12/><T131/><D3/><U78/><E78/><N who="2" m="46519" /><F109/><W20/><G20/><T80/><D111/><U50/><E126/><V124/><F124/><W17/><G17/><T71/><D125/><U95/><E18/><V4/><F4/><W133/><REACH who="3" step="1"/><G99/><REACH who="3" ten="190,354,347,89" step="2"/><T122/><D98/><U69/><E39/><V57/><F57/><W61/><AGARI ba="1,2" hai="52,56,61,72,73,75,79,82,86,100,102,103,133,135" machi="61" ten="40,18000,2" yaku="1,1,2,1,0,1,54,1,53,3" doraHai="21" doraHaiUra="106" who="3" fromWho="3" sc="190,-61,354,-61,347,-61,89,203" />
</Scene>
<Scene>
<INIT seed="3,2,0,0,1,3" ten="129,293,286,292" oya="3" hai0="22,42,113,116,72,9,85,87,78,105,98,135,20" hai1="89,25,67,5,127,86,128,13,75,123,17,83,55" hai2="103,92,29,14,104,82,115,134,6,44,91,73,2" hai3="16,94,45,64,131,49,59,62,100,101,19,26,114"/><W77/><G114/><T38/><D116/><U48/><E123/><V84/><F115/><W43/><G131/><T130/><D113/><U47/><E128/><V120/><F2/><W110/><G110/><T109/><D109/><U102/><E127/><V76/><F120/><W129/><G129/><T107/><D42/><U8/><E75/><V36/><F134/><W34/><G77/><T71/><D71/><U31/><E67/><V112/><F112/><W108/><G108/><T106/><D38/><U52/><E102/><N who="3" m="39530" /><G34/><T66/><D66/><U132/><E132/><V23/><F29/><W68/><G68/><T118/><D118/><U37/><E37/><V111/><F111/><W88/><G26/><T122/><D122/><U60/><E60/><V57/><F36/><W39/><G39/><T125/><D78/><U32/><REACH who="1" step="1"/><E17/><REACH who="1" ten="129,283,286,292" step="2"/><N who="2" m="10679" /><F73/><W61/><G61/><T50/><D72/><U4/><E4/><V15/><F6/><W7/><G7/><T95/><D125/><U10/><E10/><V96/><F103/><W117/><G117/><T65/><D9/><U33/><E33/><V74/><F74/><W90/><G90/><T97/><D65/><U69/><E69/><V63/><F63/><W119/><G119/><T35/><D35/><U54/><AGARI ba="2,1" hai="5,8,13,25,31,32,47,48,52,54,55,83,86,89" machi="54" ten="20,8000,1" yaku="1,1,0,1,7,1,52,1,54,1,53,0" doraHai="3" doraHaiUra="124" who="1" fromWho="1" sc="129,-22,283,96,286,-22,292,-42" />
</Scene>
<Scene>
<INIT seed="4,0,0,0,2,46" ten="107,379,264,250" oya="0" hai0="69,43,130,32,121,119,3,101,96,118,124,26,73" hai1="9,8,89,67,106,120,127,35,65,34,60,58,104" hai2="88,0,40,125,83,92,91,17,80,87,38,33,22" hai3="47,62,2,72,126,30,21,6,115,97,66,59,63"/><T29/><D121/><U12/><E120/><V84/><F33/><W23/><G72/><T109/><D130/><U102/><E127/><V39/><F125/><W52/><G126/><T41/><D124/><U107/><E102/><V28/><F0/><W75/><G75/><T68/><D73/><U81/><E65/><V56/><F28/><W54/><G115/><T100/><D3/><U110/><E110/><V71/><F71/><W7/><G2/><T44/><D109/><U37/><E37/><V90/><F40/><W122/><G122/><T128/><D128/><U131/><E131/><V77/><F56/><N who="3" m="37223" /><G97/><T134/><D134/><U50/><E8/><V105/><F105/><W31/><G23/><T13/><D32/><U113/><E113/><V114/><F114/><W95/><G95/><T82/><D119/><U85/><REACH who="1" step="1"/><E50/><REACH who="1" ten="107,369,264,250" step="2"/><V4/><F39/><W45/><G21/><T11/><D118/><U79/><E79/><V57/><F38/><W111/><G111/><T55/><D69/><U53/><E53/><V14/><F22/><W18/><G54/><T16/><D68/><U117/><E117/><V108/><F108/><W49/><G49/><T25/><D101/><U5/><AGARI ba="0,1" hai="5,9,12,34,35,58,60,67,81,85,89,104,106,107" machi="5" ten="30,2000,0" yaku="1,1,0,1,53,0" doraHai="46" doraHaiUra="15" who="1" fromWho="1" sc="107,-10,369,30,264,-5,250,-5" />
</Scene>
<Scene>
<INIT seed="5,0,0,4,4,28" ten="97,399,259,245" oya="1" hai0="117,52,29,112,93,18,56,101,40,25,91,66,89" hai1="81,31,5,70,23,63,84,131,53,48,120,121,88" hai2="16,108,39,43,128,107,60,62,44,75,10,102,21" hai3="72,71,94,0,54,65,34,110,86,123,50,19,129"/><U20/><E131/><V90/><F108/><W8/><G72/><T116/><D40/><U78/><E5/><V49/><F128/><W111/><G123/><T69/><D112/><U37/><E37/><V125/><F75/><W99/><G86/><T74/><D74/><U55/><E78/><V30/><F125/><W47/><G129/><T15/><D101/><U27/><E20/><V92/><F30/><W98/><G34/><T124/><D124/><U103/><E103/><V85/><F10/><W9/><G99/><T38/><D38/><U11/><E11/><V77/><F77/><W45/><G45/><T61/><D91/><U95/><E81/><V105/><F39/><W7/><G71/><T97/><D18/><U126/><E126/><V134/><F134/><W33/><G65/><T12/><D117/><U58/><REACH who="1" step="1"/><E70/><REACH who="1" ten="97,389,259,245" step="2"/><V35/><F102/><W1/><G111/><T83/><D83/><U135/><E135/><V67/><F62/><W32/><G110/><T2/><D116/><U130/><E130/><V122/><F122/><W132/><G132/><T36/><D36/><U26/><E26/><V41/><F41/><W3/><G9/><T109/><D109/><U46/><AGARI ba="0,1" hai="23,27,31,46,48,53,55,58,63,84,88,95,120,121" machi="46" ten="20,7800,0" yaku="1,1,0,1,7,1,54,1,53,0" doraHai="28" doraHaiUra="114" who="1" fromWho="1" sc="97,-26,389,88,259,-26,245,-26" />
</Scene>
<Scene>
<INIT seed="5,1,0,2,3,102" ten="71,477,233,219" oya="1" hai0="42,8,112,79,99,114,107,78,131,7,29,55,18" hai1="48,134,135,63,62,4,33,39,50,65,113,109,43" hai2="12,71,120,87,69,122,20,101,54,45,6,74,37" hai3="40,85,89,67,98,61,1,64,0,17,117,27,68"/><U60/><E33/><V15/><F74/><W44/><G117/><T77/><D131/><U130/><E4/><V93/><F15/><W66/><G98/><T103/><D29/><U5/><E5/><V11/><F71/><W57/><G68/><T123/><D123/><U81/><E81/><V95/><F69/><W91/><G1/><T30/><D30/><U22/><E22/><V84/><F122/><W38/><G0/><T28/><D42/><U3/><E3/><V118/><F118/><W73/><G73/><T21/><D55/><U58/><E130/><V105/><F120/><W70/><G70/><T116/><D28/><U52/><E113/><V104/><F37/><W94/><G27/><T88/><D116/><U2/><E2/><V124/><F95/><W32/><G32/><T76/><N who="0" m="19968" /><DORA hai="97" /><T24/><REACH who="0" step="1"/><D88/><REACH who="0" ten="61,477,233,219" step="2"/><U47/><E52/><V25/><F54/><W108/><G91/><T23/><D23/><U51/><E109/><V56/><F20/><W19/><REACH who="3" step="1"/><G108/><REACH who="3" ten="61,477,233,209" step="2"/><T121/><D121/><U129/><E129/><V72/><F72/><W82/><G82/><T34/><D34/><U46/><E135/><V36/><F87/><W92/><G92/><T127/><D127/><U13/><E134/><V41/><F124/><W83/><G83/><T115/><D115/><U126/><E126/><V49/><F84/><W14/><G14/><AGARI ba="1,2" hai="7,8,14,18,21,24,99,103,107,112,114" m="19968" machi="14" ten="50,6400,0" yaku="1,1,52,2,53,0" doraHai="102,97" doraHaiUra="128,26" who="0" fromWho="3" sc="61,87,477,0,233,0,209,-67" />
</Scene>
<Scene>
<INIT seed="6,0,0,2,2,30" ten="148,477,233,142" oya="2" hai0="95,54,55,103,75,45,65,38,49,21,122,94,43" hai1="40,101,9,114,88,69,64,81,53,119,2,18,134" hai2="1,76,61,106,87,107,20,60,15,59,6,80,42" hai3="82,50,33,111,0,117,127,125,37,19,41,91,67"/><V7/><F42/><W79/><G111/><T120/><D75/><U124/><E119/><V28/><F61/><W31/><G50/><T131/><D131/><U4/><E114/><V46/><F107/><W62/><G91/><T13/><D65/><U83/><E101/><V27/><F106/><W126/><G19/><T97/><D94/><U84/><E40/><V121/><F121/><W118/><G0/><T132/><D132/><U112/><E112/><V71/><F71/><N who="3" m="42487" /><G41/><T96/><D55/><U129/><E129/><V58/><F1/><W128/><G37/><T85/><D85/><U110/><E110/><V104/><F104/><W77/><G128/><T99/><D97/><U14/><E134/><V35/><F46/><W113/><G113/><T23/><D99/><U135/><E135/><V74/><F87/><N who="3" m="48591" /><G79/><T3/><D3/><U36/><E124/><V98/><F98/><W22/><G22/><T123/><D13/><U92/><E36/><V8/><F7/><W72/><G72/><T100/><D103/><U10/><E53/><V39/><F39/><W56/><G56/><N who="2" m="21545" /><F20/><W48/><G48/><T32/><D38/><U102/><REACH who="1" step="1"/><E102/><REACH who="1" ten="148,467,233,142" step="2"/><V78/><F60/><AGARI ba="0,1" hai="2,4,9,10,14,18,60,64,69,81,83,84,88,92" machi="60" ten="40,5200,0" yaku="1,1,2,1,54,1,53,0" doraHai="30" doraHaiUra="25" who="1" fromWho="2" sc="148,0,467,62,233,-52,142,0" />
</Scene>
<Scene>
<INIT seed="7,0,0,2,1,106" ten="148,529,181,142" oya="3" hai0="21,19,130,52,54,43,131,70,39,121,25,126,35" hai1="1,53,123,132,44,122,104,105,135,108,117,71,114" hai2="26,72,95,116,74,7,63,42,90,12,86,78,81" hai3="2,30,129,75,118,58,79,109,93,57,92,8,82"/><W61/><G118/><T65/><D126/><U80/><E108/><V28/><F116/><W60/><G109/><T17/><D121/><U91/><E117/><V83/><F42/><W73/><G30/><T69/><D35/><U38/><E1/><V96/><F63/><W40/><G40/><T113/><D113/><U24/><E71/><N who="0" m="27145" /><D65/><U68/><E68/><V103/><F12/><W6/><G129/><N who="0" m="49163" /><D19/><U23/><E80/><V102/><F7/><W127/><G127/><T32/><D32/><U36/><E91/><V89/><F74/><W115/><G75/><T77/><D77/><U120/><E114/><V41/><F41/><W29/><G29/><T88/><D88/><U46/><E23/><AGARI ba="0,0" hai="23,26,28,72,78,81,83,86,89,90,95,96,102,103" machi="23" ten="30,2000,0" yaku="7,1,52,1" doraHai="106" who="2" fromWho="1" sc="148,0,529,-20,181,20,142,0" owari="148,-25.0,509,61.0,201,0.0,142,-36.0" />
</Scene>
</mjloggm>