<mjloggm ver="2.3"><GO type="169" lobby="0"/><UN n0="%E3%82%84%E3%81%BE%E3%83%BC%E3%82%93" n1="%E5%A4%AA%E3%81%8F%E3%81%AA%E3%81%84%E3%81%8A" n2="%E6%A1%9C%E4%BA%95%E3%81%95%E3%82%93" n3="%E5%BE%A1%E5%AD%90%E6%9F%B4%E7%8E%B2%E4%BA%9C" dan="16,18,17,16" rate="2138.52,2250.46,2164.50,2042.49" sx="M,F,M,F"/><TAIKYOKU oya="0"/>

<Scene>
<INIT seed="0,0,0,4,3,29" ten="250,250,250,250" oya="0" hai0="98,117,94,11,129,97,69,111,56,1,32,130,74" hai1="66,7,104,122,132,112,93,68,33,47,133,23,48" hai2="78,25,4,55,53,16,118,81,87,22,76,28,20" hai3="120,77,43,100,50,46,80,18,36,79,57,106,82"/><T61/><D117/><U39/><E104/><V70/><F118/><W90/><G120/><T40/><D74/><U121/><E7/><V54/><F70/><W63/><G90/><T44/><D69/><U91/><E39/><V131/><F131/><N who="0" m="50186" /><D1/><U51/><E112/><V52/><F4/><W72/><G18/><T10/><D32/><U59/><E68/><V105/><F105/><W42/><G106/><T73/><D73/><U110/><E110/><V31/><F31/><W119/><G100/><N who="0" m="60471" /><D98/><U135/><E23/><V2/><F2/><W124/><G124/><T45/><D111/><U19/><E19/><V103/><F103/><W96/><G96/><T27/><D27/><U89/><E33/><V109/><F109/><W24/><G24/><T34/><D34/><U84/><E91/><V30/><F30/><W41/><G119/><T114/><D114/><U60/><REACH who="1" step="1"/><E51/><REACH who="1" ten="250,240,250,250" step="2"/><V127/><F127/><W107/><G36/><N who="0" m="21511" /><D45/><U134/><N who="1" m="33792" /><DORA hai="9" /><U95/><E95/><V101/><F101/><W62/><G107/><T88/><D88/><U65/><E65/><AGARI ba="0,1" hai="10,11,56,61,65" m="21511,60471,50186" machi="65" ten="30,1500,0" yaku="19,1" doraHai="29,9" who="0" fromWho="1" sc="250,25,240,-15,250,0,250,0" />
</Scene>
<Scene>
<INIT seed="0,1,0,0,1,129" ten="275,225,250,250" oya="0" hai0="124,66,37,12,97,120,69,101,107,87,52,72,99" hai1="114,126,2,112,11,4,125,29,38,56,27,77,3" hai2="131,121,106,109,82,110,91,135,34,119,95,0,33" hai3="59,58,36,76,20,57,122,51,48,28,134,55,17"/><T16/><D120/><U133/><E38/><V103/><F121/><W5/><G36/><T73/><D37/><U49/><E77/><V23/><F0/><W24/><G122/><T92/><D124/><N who="1" m="47723" /><E56/><V127/><F127/><W71/><G71/><T63/><D87/><U79/><E49/><V1/><F1/><N who="1" m="9" /><E79/><V88/><F131/><W96/><G5/><T123/><D123/><U64/><E64/><V132/><F119/><W61/><G76/><T45/><D45/><U68/><E68/><V78/><F23/><W93/><G134/><N who="2" m="51241" /><F106/><W98/><G98/><T41/><D41/><U54/><E54/><V86/><F103/><N who="3" m="60815" /><G28/><T104/><D52/><U65/><E65/><V128/><F128/><W70/><G70/><T21/><REACH who="0" step="1"/><D107/><REACH who="0" ten="265,225,250,250" step="2"/><U118/><E133/><V74/><F91/><AGARI ba="1,1" hai="12,16,21,63,66,69,72,73,91,92,97,99,101,104" machi="91" ten="30,11600,0" yaku="1,1,2,1,7,1,54,1,53,0" doraHai="129" doraHaiUra="116" who="0" fromWho="2" sc="265,129,225,0,250,-119,250,0" />
</Scene>
<Scene>
<INIT seed="0,2,0,2,0,95" ten="394,225,131,250" oya="0" hai0="71,100,127,21,54,61,19,130,77,93,64,83,67" hai1="107,10,14,70,113,110,57,108,29,30,56,28,126" hai2="129,79,37,13,36,128,106,8,94,88,104,1,115" hai3="0,43,34,133,99,55,123,69,4,74,6,97,109"/><T102/><D127/><U131/><E70/><V5/><F115/><W23/><G34/><T80/><D130/><N who="2" m="50282" /><F79/><W47/><G74/><T84/><D67/><U50/><E131/><V96/><F1/><W66/><G55/><T119/><D119/><U41/><E107/><AGARI ba="2,0" hai="5,8,13,36,37,88,94,96,104,106,107" m="50282" machi="107" ten="30,3900,0" yaku="19,1,52,1,54,1" doraHai="95" who="2" fromWho="1" sc="394,0,225,-45,131,45,250,0" />
</Scene>
<Scene>
<INIT seed="1,0,0,1,5,27" ten="394,180,176,250" oya="1" hai0="117,57,69,60,82,31,58,121,48,46,116,91,97" hai1="104,34,66,113,110,38,127,50,118,13,65,30,67" hai2="88,79,89,16,15,95,17,101,112,51,40,7,25" hai3="130,23,1,61,102,98,2,12,119,3,43,129,52"/><U77/><E113/><V108/><F112/><W85/><G43/><T20/><D69/><U115/><E115/><V9/><F108/><W109/><G109/><T63/><D121/><U41/><E110/><V73/><F73/><W49/><G85/><T75/><D75/><U0/><E0/><V122/><F122/><W133/><G61/><T54/><D82/><U111/><E111/><V126/><F126/><W80/><G80/><T36/><D91/><N who="2" m="34890" /><F79/><W42/><G42/><T4/><D4/><U120/><E120/><V103/><F25/><W53/><G119/><T78/><D78/><U26/><E118/><V5/><F5/><W8/><G23/><T96/><D36/><U132/><E104/><V35/><F35/><W125/><G125/><T6/><D6/><U64/><E127/><V105/><F105/><N who="3" m="63703" /><G49/><T107/><D107/><U106/><E106/><V94/><F94/><W72/><G72/><T135/><D116/><U99/><E99/><N who="2" m="59647" /><F103/><W70/><G70/><T10/><D97/><U76/><E38/><V131/><F131/><N who="3" m="50187" /><G133/><T37/><D96/><U92/><E132/><V21/><F21/><W18/><AGARI ba="0,0" hai="1,2,3,8,12,18,52,53" m="50187,63703" machi="18" ten="40,2700,0" yaku="19,1,54,1" doraHai="27" who="3" fromWho="3" sc="394,-7,180,-13,176,-7,250,27" />
</Scene>
<Scene>
<INIT seed="2,0,0,2,2,43" ten="387,167,169,277" oya="2" hai0="115,85,99,63,29,41,132,97,68,18,100,112,117" hai1="121,3,51,109,126,44,108,80,76,116,53,82,93" hai2="128,1,73,38,39,26,32,13,110,48,23,15,34" hai3="35,84,83,124,37,0,9,12,119,135,56,64,78"/><V69/><F73/><W31/><G119/><T104/><D132/><U67/><E116/><V61/><F1/><W102/><G135/><T6/><D117/><U40/><E3/><V120/><F120/><W62/><G124/><T105/><D6/><U27/><E126/><V47/><F128/><W72/><G102/><N who="0" m="62559" /><D18/><U46/><E121/><V130/><F130/><W33/><G0/><T89/><D29/><U45/><E67/><V59/><F69/><W94/><G37/><T123/><D123/><U107/><E107/><V134/><F110/><N who="1" m="42601" /><E93/><V21/><F39/><W65/><G65/><N who="0" m="41023" /><D41/><U125/><E125/><V57/><F38/><W4/><REACH who="3" step="1"/><G31/><REACH who="3" ten="387,167,169,267" step="2"/><T122/><D122/><U79/><E27/><V86/><F134/><W58/><G58/><T74/><D115/><U87/><E40/><V101/><F26/><W19/><G19/><T81/><D112/><U95/><E95/><V75/><F13/><W60/><G60/><T22/><D105/><U127/><E127/><V55/><F15/><W50/><G50/><T5/><D100/><U118/><E118/><V133/><F101/><W90/><AGARI ba="0,1" hai="4,9,12,33,35,56,62,64,72,78,83,84,90,94" machi="90" ten="30,2000,0" yaku="1,1,0,1,53,0" doraHai="43" doraHaiUra="36" who="3" fromWho="3" sc="387,-5,167,-5,169,-10,267,30" />
</Scene>
<Scene>
<INIT seed="3,0,0,3,4,46" ten="382,162,159,297" oya="3" hai0="14,15,61,125,70,36,110,67,27,91,53,32,79" hai1="88,59,9,42,45,54,128,30,118,35,57,65,4" hai2="38,47,94,19,102,71,105,17,115,92,68,85,8" hai3="18,41,127,103,62,99,50,126,129,134,84,90,10"/><W43/><G62/><T130/><D110/><U33/><E128/><V116/><F116/><W39/><G39/><T131/><D36/><U95/><E118/><V25/><F115/><W109/><G129/><N who="0" m="49163" /><D79/><U2/><E65/><V89/><F105/><W66/><G66/><T16/><D125/><N who="3" m="47625" /><G134/><T56/><D91/><U96/><E30/><V107/><F107/><N who="3" m="63999" /><G109/><T26/><D32/><U108/><E108/><V87/><F102/><W6/><G18/><T29/><D29/><U7/><E7/><V114/><F114/><W73/><G73/><T22/><D27/><U69/><E69/><V97/><F25/><W12/><G50/><AGARI ba="0,0" hai="14,15,16,22,26,50,53,56,61,67,70" m="49163" machi="50" ten="30,3900,0" yaku="19,1,52,1,54,1" doraHai="46" who="0" fromWho="3" sc="382,39,162,0,159,0,297,-39" />
</Scene>
<Scene>
<INIT seed="4,0,0,1,4,78" ten="421,162,159,258" oya="0" hai0="81,119,12,96,91,77,111,25,35,90,21,7,70" hai1="73,135,56,59,62,88,54,60,107,13,18,63,64" hai2="106,24,132,97,65,68,76,104,112,117,58,20,102" hai3="29,23,5,93,86,16,116,51,127,19,46,50,133"/><T113/><D119/><U92/><E135/><V101/><F132/><W100/><G116/><T55/><D70/><U11/><E107/><V49/><F117/><W130/><G133/><T2/><D113/><U22/><E73/><V121/><F121/><W0/><G130/><T108/><D2/><U33/><E33/><V105/><F112/><W17/><G127/><T45/><D35/><U75/><E75/><V15/><F15/><W6/><G0/><T129/><D129/><U69/><E11/><V114/><F114/><W118/><G118/><T123/><D123/><U110/><E110/><V67/><F68/><W34/><G34/><T126/><D126/><U109/><E109/><V31/><F76/><W28/><G100/><T14/><D45/><U115/><E115/><V95/><F102/><W125/><G125/><T128/><D55/><U36/><E36/><V43/><F43/><N who="3" m="24927" /><G51/><T124/><D124/><U53/><E92/><V1/><F1/><W79/><G93/><T89/><D96/><U37/><E37/><V84/><F84/><W32/><G32/><T80/><D128/><U48/><E48/><V47/><F47/><W120/><G120/><T134/><D134/><U122/><E122/><V66/><REACH who="2" step="1"/><F49/><REACH who="2" ten="421,162,149,258" step="2"/><W9/><G79/><T26/><D111/><U71/><E69/><V131/><F131/><W82/><G86/><N who="0" m="50383" /><D108/><U87/><E87/><V42/><F42/><W52/><G6/><T44/><D44/><U39/><E39/><V57/><AGARI ba="0,1" hai="20,24,31,57,58,65,66,67,95,97,101,104,105,106" machi="57" ten="40,2700,0" yaku="1,1,0,1,53,0" doraHai="78" doraHaiUra="4" who="2" fromWho="2" sc="421,-13,162,-7,149,37,258,-7" />
</Scene>
<Scene>
<INIT seed="5,0,0,3,1,75" ten="408,155,186,251" oya="1" hai0="91,46,96,57,9,52,23,72,103,41,59,48,111" hai1="20,38,132,99,22,29,60,64,44,31,94,13,78" hai2="126,124,114,3,34,51,93,11,112,45,90,130,127" hai3="86,32,115,77,122,101,89,42,12,129,16,47,87"/><U49/><E132/><V50/><F34/><W18/><G122/><T15/><D111/><U36/><E36/><V110/><F110/><W74/><G32/><T54/><D72/><U17/><E38/><V117/><F117/><W1/><G1/><T134/><D134/><U118/><E118/><V65/><F130/><W43/><G115/><N who="2" m="44073" /><F65/><W21/><G74/><T62/><D23/><U135/><E135/><V79/><F79/><W102/><G129/><T123/><D91/><U33/><E33/><V69/><F69/><W53/><G53/><T56/><D54/><U8/><E78/><V63/><F63/><W88/><G47/><T67/><D41/><U92/><E29/><V116/><F116/><W40/><G77/><T66/><D66/><U19/><E31/><V84/><F45/><W108/><G108/><T97/><D123/><U119/><E119/><V5/><AGARI ba="0,0" hai="3,5,11,50,51,84,90,93,124,126,127" m="44073" machi="5" ten="40,5200,0" yaku="18,1,15,1,11,1" doraHai="75" who="2" fromWho="2" sc="408,-13,155,-26,186,52,251,-13" />
</Scene>
<Scene>
<INIT seed="6,0,0,2,4,128" ten="395,129,238,238" oya="2" hai0="52,90,62,130,102,37,39,67,129,103,124,29,131" hai1="38,78,15,110,68,96,25,33,81,22,51,117,99" hai2="4,13,2,9,106,82,92,7,120,121,36,30,19" hai3="135,91,34,61,44,0,108,35,123,40,17,11,89"/><V79/><F106/><W72/><G123/><T43/><D124/><U126/><E38/><V16/><F36/><W20/><G108/><T122/><D122/><U76/><E110/><V119/><F119/><W104/><G104/><T114/><D114/><U54/><E117/><V23/><F92/><W113/><G72/><T59/><D29/><U105/><E68/><V42/><F42/><W64/><G113/><T70/><D90/><U83/><E33/><V127/><F127/><W86/><G11/><T101/><D43/><U41/><E41/><V71/><F71/><W26/><G0/><T134/><D134/><U32/><E32/><V132/><F132/><W88/><G86/><T97/><D97/><U118/><E118/><V56/><F56/><W111/><G135/><T75/><D75/><U49/><E126/><V125/><F125/><W69/><REACH who="3" step="1"/><G111/><REACH who="3" ten="395,129,238,228" step="2"/><T53/><D53/><U8/><E105/><V27/><F121/><W65/><G65/><T6/><D6/><U84/><E96/><V85/><F120/><W55/><G55/><T57/><D70/><U45/><E99/><V18/><REACH who="2" step="1"/><F7/><REACH who="2" ten="395,129,228,228" step="2"/><W66/><G66/><T47/><D47/><U80/><E45/><V95/><F95/><W3/><G3/><AGARI ba="0,2" hai="2,3,4,9,13,16,18,19,23,27,30,79,82,85" machi="3" ten="40,7700,0" yaku="1,1,54,1,53,1" doraHai="128" doraHaiUra="77" who="2" fromWho="3" sc="395,0,129,0,228,97,228,-77" />
</Scene>
<Scene>
<INIT seed="6,1,0,0,3,17" ten="395,129,325,151" oya="2" hai0="78,133,107,80,99,66,77,26,44,38,46,118,51" hai1="87,124,111,52,27,127,73,64,71,43,76,105,20" hai2="14,72,93,116,24,86,33,95,91,32,22,79,28" hai3="125,103,47,63,65,129,37,30,16,94,96,54,101"/><V130/><F116/><W108/><G108/><T121/><D118/><U41/><E111/><V88/><F130/><W15/><G129/><T82/><D121/><U29/><E73/><V109/><F109/><W131/><G131/><T74/><D66/><U134/><E105/><V112/><F112/><W102/><G125/><N who="1" m="48202" /><E134/><V11/><F79/><W100/><G30/><T1/><D1/><U83/><E52/><V34/><F72/><W90/><G37/><T85/><D80/><U97/><E97/><V8/><REACH who="2" step="1"/><F14/><REACH who="2" ten="395,129,315,151" step="2"/><W135/><G135/><T114/><D78/><U42/><E64/><V25/><F25/><W98/><G65/><T75/><D26/><U123/><E71/><V89/><F89/><W113/><G113/><T12/><D75/><U60/><E60/><V128/><F128/><W110/><G63/><T39/><D12/><U48/><E123/><V9/><F9/><W92/><G110/><T53/><D74/><U50/><AGARI ba="1,1" hai="20,27,29,41,42,43,48,50,76,83,87" m="48202" machi="50" ten="40,2700,0" yaku="18,1,52,1" doraHai="17" who="1" fromWho="1" sc="395,-8,129,40,315,-14,151,-8" />
</Scene>
<Scene>
<INIT seed="7,0,0,2,0,114" ten="387,169,301,143" oya="3" hai0="106,93,133,15,45,79,37,61,134,0,49,41,110" hai1="65,36,131,70,1,100,10,68,113,32,108,89,112" hai2="84,109,130,77,59,42,6,11,9,111,35,12,18" hai3="118,54,71,123,72,63,58,128,7,5,86,19,76"/><W13/><G123/><T62/><D106/><U81/><E108/><V26/><F130/><W117/><G128/><T105/><D105/><U17/><E131/><V48/><F35/><W56/><G71/><T135/><D110/><U31/><E36/><V30/><F30/><W43/><G43/><T29/><D0/><U4/><E100/><V20/><F11/><W104/><G104/><T78/><D29/><U115/><E17/><V132/><F132/><W119/><G72/><T33/><D33/><U60/><E70/><V24/><F24/><W34/><G34/><T96/><D37/><U82/><E89/><V124/><F124/><W90/><G76/><N who="0" m="29227" /><D15/><U101/><E101/><AGARI ba="0,0" hai="41,45,49,61,62,93,96,101,133,134,135" m="29227" machi="101" ten="30,1000,0" yaku="20,1" doraHai="114" who="0" fromWho="1" sc="387,10,169,-10,301,0,143,0" owari="397,50.0,159,-24.0,301,10.0,143,-36.0" />
</Scene>
</mjloggm>