<mjloggm ver="2.3"><GO type="169" lobby="0"/><UN n0="%74%61%6B%75%61%6B%61" n1="%41%79%65%73%68%61" n2="%E5%A4%AA%E3%81%8F%E3%81%AA%E3%81%84%E3%81%8A" n3="%E3%83%AD%E3%83%B3%E3%82%88%E3%82%8A%E8%A8%BC%E6%8B%A0" dan="18,16,18,17" rate="2207.73,2164.65,2237.20,2195.20" sx="M,M,M,M"/><TAIKYOKU oya="0"/>

<Scene>
<INIT seed="0,0,0,2,3,57" ten="250,250,250,250" oya="0" hai0="120,21,132,1,117,22,60,17,126,90,106,101,55" hai1="86,105,111,98,73,7,9,127,19,124,121,96,52" hai2="4,108,56,37,103,38,97,41,69,92,99,42,15" hai3="135,30,67,107,10,88,25,14,72,130,89,59,18"/><T43/><D120/><U79/><E121/><V122/><F122/><W66/><G72/><T104/><D117/><U113/><E113/><V36/><F69/><W31/><G107/><T23/><D1/><U74/><E19/><V110/><F4/><W118/><G118/><T24/><D126/><N who="1" m="48171" /><E52/><V71/><F71/><W65/><G135/><T46/><D132/><U5/><E9/><V54/><F15/><W129/><G59/><N who="0" m="34943" /><D101/><N who="1" m="62631" /><E98/><V80/><F80/><W100/><G100/><T125/><D106/><U81/><E111/><N who="2" m="42539" /><F99/><W29/><REACH who="3" step="1"/><G25/><REACH who="3" ten="250,250,250,240" step="2"/><T50/><D125/><U64/><E74/><V51/><AGARI ba="0,1" hai="36,37,38,41,42,51,54,56,92,97,103" m="42539" machi="51" ten="40,1500,0" yaku="14,1" doraHai="57" who="2" fromWho="2" sc="250,-7,250,-4,250,25,240,-4" />
</Scene>
<Scene>
<INIT seed="1,0,0,5,0,14" ten="243,246,275,236" oya="1" hai0="17,86,19,131,40,9,72,95,134,113,20,43,120" hai1="66,81,129,22,60,48,47,11,50,0,65,133,107" hai2="80,97,135,56,102,90,44,106,100,28,71,112,75" hai3="5,42,54,128,15,59,111,4,108,127,94,12,88"/><U103/><E129/><V74/><F71/><W78/><G78/><T2/><D113/><U125/><E125/><V49/><F112/><W57/><G42/><N who="0" m="15915" /><D2/><U89/><E133/><V37/><F135/><W101/><G101/><T79/><D72/><U91/><E22/><V98/><F37/><W41/><G41/><T73/><D73/><U16/><E47/><V23/><F56/><W53/><G94/><T55/><D131/><U121/><E107/><V104/><F28/><W126/><REACH who="3" step="1"/><G128/><REACH who="3" ten="243,246,275,226" step="2"/><T32/><D134/><U7/><E103/><V114/><F114/><W109/><G109/><T26/><D95/><U92/><E121/><V99/><F102/><W122/><G122/><T116/><D120/><U93/><E92/><V45/><F100/><W46/><G46/><T52/><D116/><U39/><E93/><V77/><F45/><W123/><G123/><T34/><D34/><U35/><E35/><V96/><F77/><W63/><G63/><T85/><D32/><U10/><E89/><AGARI ba="0,1" hai="4,5,12,15,53,54,57,59,88,89,108,111,126,127" machi="89" ten="25,6400,0" yaku="1,1,22,2,54,1,53,0" doraHai="14" doraHaiUra="38" who="3" fromWho="1" sc="243,0,246,-64,275,0,226,74" />
</Scene>
<Scene>
<INIT seed="2,0,0,0,4,64" ten="243,182,275,300" oya="2" hai0="131,121,109,59,50,27,83,123,80,120,35,97,26" hai1="124,71,93,70,106,122,101,127,47,18,24,7,29" hai2="33,128,60,92,130,22,103,90,107,126,85,66,108" hai3="68,135,74,61,89,76,15,65,77,37,1,10,31"/><V43/><F33/><W23/><G135/><T73/><D109/><U9/><E18/><V57/><F126/><N who="1" m="48169" /><E106/><V13/><F43/><W58/><G37/><T87/><D131/><N who="2" m="50218" /><F108/><W91/><G1/><T3/><D3/><N who="1" m="255" /><E122/><V25/><F13/><W14/><G58/><T48/><D35/><N who="1" m="20903" /><E47/><V119/><F119/><W110/><G110/><T84/><D121/><U79/><E79/><V111/><F111/><W53/><G77/><T100/><D59/><U99/><AGARI ba="0,0" hai="70,71,93,99,101" m="20903,255,48169" machi="99" ten="30,4000,0" yaku="18,1,52,2" doraHai="64" who="1" fromWho="1" sc="243,-10,182,40,275,-20,300,-10" />
</Scene>
<Scene>
<INIT seed="3,0,0,5,4,31" ten="233,222,255,290" oya="3" hai0="109,114,51,98,13,34,129,28,53,93,66,8,29" hai1="20,135,58,86,60,116,9,122,73,134,57,84,18" hai2="103,81,78,33,49,131,71,101,6,15,52,133,55" hai3="3,87,23,47,38,25,62,2,21,104,112,61,118"/><W126/><G112/><T54/><D109/><U82/><E122/><V43/><F71/><W95/><G104/><T80/><D129/><U76/><E9/><N who="2" m="4535" /><F131/><W5/><G118/><T123/><D123/><U39/><E39/><V42/><F133/><N who="1" m="50697" /><E116/><V117/><F117/><W19/><G126/><T108/><D34/><U67/><E58/><V32/><F103/><W10/><G3/><T24/><D24/><AGARI ba="0,0" hai="18,20,24,57,60,67,73,76,82,84,86" m="50697" machi="24" ten="30,1000,0" yaku="20,1" doraHai="31" who="1" fromWho="0" sc="233,-10,222,10,255,0,290,0" />
</Scene>
<Scene>
<INIT seed="4,0,0,4,2,11" ten="223,232,255,290" oya="0" hai0="2,115,78,56,37,15,116,26,32,79,108,119,58" hai1="84,40,89,38,88,63,124,134,19,39,67,135,0" hai2="52,113,5,8,132,53,61,60,109,51,24,3,131" hai3="101,30,111,83,98,94,33,105,107,86,121,104,47"/><T16/><D2/><U66/><E0/><V112/><F109/><W100/><G111/><T122/><D122/><U21/><E124/><V127/><F127/><W93/><G30/><T81/><D37/><U72/><E72/><V114/><F132/><N who="1" m="50729" /><E66/><V46/><F131/><W73/><G47/><T34/><D108/><U48/><E48/><V55/><REACH who="2" step="1"/><F24/><REACH who="2" ten="223,232,245,290" step="2"/><W1/><G121/><T14/><D26/><N who="1" m="14655" /><E40/><AGARI ba="0,1" hai="3,5,8,40,46,51,52,53,55,60,61,112,113,114" machi="40" ten="50,6400,0" yaku="1,1,15,1,54,1,53,0" doraHai="11" doraHaiUra="92" who="2" fromWho="1" sc="223,0,232,-64,245,74,290,0" />
</Scene>
<Scene>
<INIT seed="5,0,0,1,4,32" ten="223,168,319,290" oya="1" hai0="46,101,43,132,9,107,122,0,15,37,117,13,65" hai1="110,6,83,131,39,62,135,41,99,98,58,55,50" hai2="16,84,27,75,20,128,31,63,78,94,72,133,3" hai3="106,104,60,79,64,44,85,80,113,77,74,19,111"/><U18/><E135/><V97/><F133/><W2/><G111/><T70/><D132/><U71/><E110/><V125/><F125/><W67/><G113/><T1/><D117/><U76/><E131/><V124/><F124/><W54/><G2/><T82/><D122/><U123/><E123/><V57/><F128/><W7/><G7/><T30/><D30/><U10/><E18/><V92/><F3/><W59/><G106/><T105/><D15/><U120/><E120/><V38/><F38/><W73/><G104/><T121/><D105/><U88/><E71/><V5/><F5/><W81/><G85/><T36/><D36/><U4/><E4/><V114/><F114/><W126/><G126/><T66/><D82/><U69/><E69/><V52/><F31/><W118/><G118/><T51/><D37/><U24/><E24/><V134/><F134/><W23/><REACH who="3" step="1"/><G44/><REACH who="3" ten="223,168,319,280" step="2"/><T26/><D0/><U89/><E98/><V21/><F97/><W130/><G130/><T108/><D1/><N who="1" m="335" /><E99/><V109/><F109/><W11/><G11/><T100/><D108/><U22/><E22/><V68/><F21/><W90/><G90/><T42/><D121/><U115/><E115/><V40/><F84/><W29/><G29/><T112/><D112/><U87/><E62/><V91/><F63/><W56/><G56/><T86/><D70/><U14/><E14/><AGARI ba="0,1" hai="14,19,23,54,59,60,64,67,73,74,77,79,80,81" machi="14" ten="30,3900,0" yaku="1,1,7,1,9,1,53,0" doraHai="32" doraHaiUra="47" who="3" fromWho="1" sc="223,0,168,-39,319,0,280,49" />
</Scene>
<Scene>
<INIT seed="6,0,0,1,5,16" ten="223,129,319,329" oya="2" hai0="88,25,61,120,54,111,65,92,17,37,69,103,4" hai1="59,2,131,7,34,40,107,45,15,80,58,60,81" hai2="48,125,63,114,135,73,128,18,35,82,50,123,28" hai3="127,119,74,112,44,117,62,76,27,98,68,77,72"/><V87/><F123/><W64/><G127/><T71/><D120/><U91/><E107/><V78/><F125/><W20/><G112/><T52/><D37/><U33/><E131/><V99/><F114/><W132/><G132/><T110/><D71/><U51/><E2/><V118/><F118/><W46/><G98/><T31/><D4/><U100/><E100/><V49/><F135/><W86/><G86/><T55/><D103/><U8/><E59/><V56/><F128/><W53/><G77/><T101/><D17/><U24/><E24/><V93/><F35/><W30/><G46/><T5/><D5/><U106/><E106/><V70/><F28/><W0/><G0/><T105/><D101/><U43/><E43/><V22/><F70/><W67/><G67/><T19/><D19/><U10/><E10/><V36/><F36/><W83/><G74/><T85/><REACH who="0" step="1"/><D105/><REACH who="0" ten="213,129,319,329" step="2"/><U41/><E34/><AGARI ba="0,1" hai="25,31,34,52,54,55,61,65,69,85,88,92,110,111" machi="34" ten="40,8000,1" yaku="1,1,2,1,54,2,53,0" doraHai="16" doraHaiUra="13" who="0" fromWho="1" sc="213,90,129,-80,319,0,329,0" />
</Scene>
<Scene>
<INIT seed="7,0,0,3,5,125" ten="303,49,319,329" oya="3" hai0="37,119,53,68,20,34,123,30,41,78,17,89,98" hai1="46,79,47,116,97,102,25,66,80,7,127,13,11" hai2="76,27,118,91,108,101,93,56,131,63,86,90,4" hai3="99,117,88,95,64,44,23,43,132,62,28,114,31"/><W85/><G117/><T126/><D123/><U104/><E116/><V74/><F118/><W33/><G114/><T36/><D119/><U60/><E127/><V24/><F108/><W92/><G132/><T10/><D68/><U51/><E46/><V18/><F131/><W112/><G33/><T135/><D126/><U84/><E25/><V0/><F101/><W35/><G35/><T58/><D135/><U109/><E109/><V71/><F71/><W6/><G6/><T83/><D10/><U45/><E45/><V122/><F122/><W81/><G95/><N who="0" m="56687" /><D41/><U16/><E60/><V67/><F18/><W39/><G23/><T133/><D30/><U121/><E66/><V49/><F49/><W113/><G113/><T106/><D106/><U26/><E26/><V128/><F128/><W15/><G15/><T14/><D34/><U12/><E121/><V5/><F0/><W40/><G40/><T32/><D32/><U130/><E130/><V54/><F67/><W103/><G112/><T77/><D133/><U61/><E61/><V21/><F24/><W111/><G111/><T82/><D37/><U120/><E120/><V50/><F63/><W124/><G124/><T100/><D100/><U73/><E73/><V55/><F55/><W75/><G75/><T105/><D105/><U19/><REACH who="1" step="1"/><E12/><REACH who="1" ten="303,39,319,329" step="2"/><V65/><F65/><W87/><G87/><T94/><D36/><U22/><E22/><V38/><F38/><W134/><G134/><T57/><D14/><U129/><E129/><V42/><F74/><W96/><G96/><T9/><D20/><U69/><E69/><AGARI ba="0,1" hai="28,31,39,43,44,62,64,69,81,85,88,92,99,103" machi="69" ten="30,5800,0" yaku="6,1,7,1,54,1" doraHai="125" who="3" fromWho="1" sc="303,0,39,-58,319,0,329,68" owari="303,-10.0,-19,-52.0,319,12.0,397,50.0" />
</Scene>
</mjloggm>