<mjloggm ver="2.3"><GO type="169" lobby="0"/><UN n0="%6E%65%73%69%65%72" n1="%E3%83%AA%E3%83%81%E3%83%A3%21%21" n2="%E5%85%A8%E5%B1%80%E5%8F%82%E5%8A%A0%E5%9E%8B%E9%9B%80%E5%9C%9F" n3="%E5%A4%AA%E3%81%8F%E3%81%AA%E3%81%84%E3%81%8A" dan="16,16,16,17" rate="2075.69,2087.79,2022.57,2255.09" sx="M,M,M,M"/><TAIKYOKU oya="0"/>

<Scene>
<INIT seed="0,0,0,1,3,90" ten="250,250,250,250" oya="0" hai0="73,111,83,13,119,81,4,67,112,26,85,131,80" hai1="118,14,105,91,37,9,55,57,48,77,104,110,29" hai2="50,10,130,8,1,116,35,102,25,122,99,134,123" hai3="44,84,2,121,117,38,92,129,3,82,60,75,52"/><T12/><D119/><U89/><E110/><V96/><F96/><W58/><G117/><T0/><D112/><U42/><E118/><V113/><F113/><W115/><G115/><T66/><D111/><U103/><E77/><V87/><F116/><W39/><G129/><T100/><D131/><U40/><E29/><V101/><F101/><W33/><G33/><T69/><D69/><U133/><E133/><V53/><F134/><W79/><G121/><T7/><D0/><U31/><E31/><V95/><F130/><W5/><G5/><N who="0" m="2123" /><D73/><U17/><E37/><V128/><F128/><W49/><G3/><T22/><D100/><U24/><E24/><V98/><F98/><W27/><G2/><T106/><D85/><U30/><E30/><V97/><F97/><W45/><G27/><T61/><D106/><U72/><E72/><V54/><F35/><W125/><G125/><T65/><D61/><U16/><E17/><AGARI ba="0,0" hai="12,13,17,22,26,65,66,67,80,81,83" m="2123" machi="17" ten="30,1500,0" yaku="8,1" doraHai="90" who="0" fromWho="1" sc="250,15,250,-15,250,0,250,0" />
</Scene>
<Scene>
<INIT seed="0,1,0,2,0,100" ten="265,235,250,250" oya="0" hai0="47,98,54,95,37,131,53,41,65,105,25,122,21" hai1="97,123,110,10,84,33,71,8,49,6,58,28,9" hai2="99,108,104,72,83,3,116,115,55,60,121,87,102" hai3="31,126,90,91,117,0,103,15,64,132,93,77,35"/><T32/><D122/><U56/><E110/><V50/><F3/><W80/><G0/><T124/><D32/><U20/><E71/><V40/><F108/><W24/><G117/><T125/><D131/><U69/><E69/><V7/><F115/><W89/><G132/><T30/><D65/><U109/><E109/><V79/><F7/><W85/><G126/><N who="0" m="48747" /><D105/><U45/><E33/><V135/><F135/><W38/><G38/><T29/><D29/><U107/><E6/><V39/><F121/><W78/><G64/><T134/><D134/><U112/><E112/><V4/><F4/><W82/><G15/><T44/><D44/><U19/><E84/><V11/><F11/><W73/><REACH who="3" step="1"/><G103/><AGARI ba="1,0" hai="21,25,30,37,41,47,53,54,95,98,103" m="48747" machi="103" ten="30,1500,0" yaku="18,1" doraHai="100" who="0" fromWho="3" sc="265,18,235,0,250,0,250,-18" />
</Scene>
<Scene>
<INIT seed="0,2,0,1,3,0" ten="283,235,250,232" oya="0" hai0="104,84,56,4,20,126,119,14,43,41,66,94,31" hai1="81,22,129,113,55,38,44,52,61,86,122,46,105" hai2="134,76,10,23,97,90,24,30,80,71,130,37,16" hai3="93,120,42,107,85,50,54,60,135,111,1,91,74"/><T75/><D104/><U89/><E122/><V49/><F37/><W64/><G74/><T103/><D119/><U116/><E116/><V58/><F71/><W2/><G107/><T63/><D75/><U70/><E129/><V87/><F130/><W125/><G120/><T106/><D106/><U9/><E113/><V32/><F134/><W118/><G118/><T112/><D112/><U11/><E105/><V92/><F10/><N who="1" m="3593" /><E38/><V79/><F49/><W102/><G135/><T53/><D126/><U95/><E70/><V117/><F117/><W73/><G73/><T121/><D121/><U57/><E22/><V65/><F58/><W133/><G133/><T51/><D4/><U6/><E6/><V67/><REACH who="2" step="1"/><F79/><REACH who="2" ten="283,235,240,232" step="2"/><W115/><G115/><T5/><D51/><N who="1" m="28775" /><E46/><V83/><F83/><AGARI ba="2,1" hai="55,57,61,81,83,86,89,95" m="28775,3593" machi="83" ten="30,2000,0" yaku="8,1,54,1" doraHai="0" who="1" fromWho="2" sc="283,0,235,36,240,-26,232,0" />
</Scene>
<Scene>
<INIT seed="1,0,0,4,0,71" ten="283,271,214,232" oya="1" hai0="100,85,65,87,59,4,12,96,91,98,35,118,76" hai1="39,86,84,41,66,75,109,43,42,46,124,93,110" hai2="134,63,111,52,73,15,82,26,13,23,130,72,97" hai3="60,117,112,103,3,29,94,99,37,32,114,30,49"/><U9/><E124/><V106/><F111/><N who="1" m="42505" /><E75/><V115/><F134/><W50/><G3/><T132/><D35/><U21/><E66/><V44/><F130/><W90/><G117/><T25/><D132/><U34/><E34/><V119/><F119/><W27/><G30/><T38/><D38/><U10/><E21/><V121/><F121/><W16/><G37/><T108/><D65/><U79/><E93/><V58/><F115/><W40/><G60/><T6/><D118/><U120/><E120/><V36/><F73/><W20/><G103/><T125/><D100/><U74/><E74/><V18/><F106/><W8/><G8/><N who="1" m="3178" /><E86/><V57/><F97/><W116/><G116/><T127/><D87/><U77/><E77/><V55/><F72/><W133/><G133/><T105/><D85/><U62/><E62/><V101/><F101/><W48/><REACH who="3" step="1"/><G40/><REACH who="3" ten="283,271,214,222" step="2"/><T135/><D135/><U92/><E79/><V95/><F63/><W107/><G107/><T69/><D105/><U17/><E17/><V61/><F61/><W33/><G33/><T56/><D76/><U1/><E1/><V122/><F18/><W131/><G131/><T28/><D108/><U67/><E67/><V83/><F122/><W78/><G78/><T104/><D104/><U113/><E113/><V51/><F55/><W102/><G102/><T19/><D19/><U24/><E24/><AGARI ba="0,1" hai="16,20,24,27,29,32,48,49,50,90,94,99,112,114" machi="24" ten="40,2600,0" yaku="1,1,54,1,53,0" doraHai="71" doraHaiUra="0" who="3" fromWho="1" sc="283,0,271,-26,214,0,222,36" />
</Scene>
<Scene>
<INIT seed="2,0,0,1,2,110" ten="283,245,214,258" oya="2" hai0="129,11,92,91,75,51,1,106,130,59,50,62,36" hai1="41,104,120,53,34,7,60,64,80,45,111,118,122" hai2="18,67,44,107,40,15,0,99,29,33,95,76,128" hai3="74,119,112,88,72,31,117,134,123,133,25,14,65"/><V30/><F0/><W90/><G65/><T131/><D36/><U87/><E118/><N who="3" m="45066" /><G14/><T121/><D106/><U26/><E111/><V86/><F128/><W66/><G66/><N who="0" m="39263" /><D75/><N who="3" m="28713" /><G123/><N who="1" m="47146" /><E104/><V52/><F33/><W37/><G37/><T89/><D121/><U9/><E53/><V49/><F67/><W46/><G46/><T109/><D109/><U57/><E26/><V12/><F107/><W63/><G63/><T127/><D51/><N who="1" m="27055" /><E34/><V2/><F2/><W68/><G68/><T82/><D1/><U98/><E98/><V96/><F96/><W22/><G112/><T85/><D11/><U19/><E19/><V132/><F40/><W73/><G73/><T103/><D50/><U69/><E69/><V101/><F12/><W6/><G6/><T78/><D130/><U10/><E7/><V17/><F17/><W28/><G28/><T13/><D13/><U3/><E3/><V55/><F55/><W105/><G105/><T116/><D116/><U93/><E93/><V58/><F44/><W5/><G5/><T115/><D92/><U108/><E108/><V100/><F18/><W39/><G39/><T124/><D131/><U83/><E83/><N who="2" m="47463" /><F15/><W21/><G21/><T24/><D129/><U79/><AGARI ba="0,0" hai="9,10,57,60,64,79,80,87" m="27055,47146" machi="79" ten="30,1100,0" yaku="13,1" doraHai="110" who="1" fromWho="1" sc="283,-3,245,11,214,-5,258,-3" />
</Scene>
<Scene>
<INIT seed="3,0,0,4,4,121" ten="280,256,209,255" oya="3" hai0="83,6,79,115,56,113,129,111,78,25,135,0,21" hai1="28,48,18,38,98,122,43,62,107,133,19,131,45" hai2="116,123,51,109,67,69,16,37,128,103,47,15,91" hai3="64,124,114,105,23,39,132,65,97,55,82,44,88"/><W120/><G120/><T9/><D129/><U54/><E122/><V71/><F116/><W53/><G114/><N who="0" m="43531" /><D135/><U29/><E133/><V35/><F123/><W75/><G132/><T112/><D112/><U7/><E7/><V50/><F35/><W106/><G124/><T8/><D56/><U41/><E131/><V134/><F37/><W27/><G75/><T93/><D93/><U130/><E43/><V74/><F74/><W99/><G39/><T31/><D83/><U33/><E62/><V24/><F71/><W101/><G82/><T1/><D78/><U32/><E107/><V12/><F69/><W17/><G44/><T76/><D76/><U85/><E98/><V125/><F125/><W40/><G40/><T72/><D72/><U49/><E85/><V11/><F47/><W34/><G34/><T13/><D79/><U3/><E3/><N who="0" m="1097" /><D9/><U84/><E41/><V126/><F11/><W42/><G42/><T10/><D10/><U5/><E45/><V96/><F128/><W102/><G88/><T63/><D63/><U57/><E57/><V30/><F91/><W127/><G127/><T26/><D26/><U66/><E38/><V61/><F24/><W95/><G95/><T86/><D86/><U60/><E84/><V90/><F90/><W119/><G119/><T58/><D58/><U52/><E60/><V36/><F134/><W70/><G70/><T108/><AGARI ba="0,0" hai="6,8,13,21,25,31,108,111" m="1097,43531" machi="108" ten="40,8000,1" yaku="11,1,34,2,52,2" doraHai="121" who="0" fromWho="0" sc="280,80,256,-20,209,-20,255,-40" />
</Scene>
<Scene>
<INIT seed="4,0,0,1,2,2" ten="360,236,189,215" oya="0" hai0="15,78,82,7,97,96,84,134,116,92,26,30,112" hai1="39,34,124,45,130,33,64,108,3,121,68,59,123" hai2="102,94,65,69,25,87,126,100,131,118,58,19,1" hai3="120,18,79,110,104,5,6,70,85,41,16,133,17"/><T122/><D122/><U44/><E3/><V127/><F69/><W57/><G70/><T13/><D116/><U132/><E34/><V51/><F1/><W62/><G110/><T49/><D112/><U83/><E83/><V125/><F131/><W52/><G104/><T4/><D134/><U67/><E33/><V86/><F118/><W72/><G72/><T20/><D49/><U75/><E75/><V105/><F105/><W24/><G133/><T115/><D115/><U80/><E80/><V31/><F19/><N who="3" m="7243" /><G120/><T48/><D48/><U14/><E14/><N who="0" m="5129" /><D97/><U23/><E23/><N who="2" m="15807" /><F65/><W36/><G36/><T11/><D11/><U74/><E74/><V29/><F29/><W107/><G107/><T27/><D27/><U71/><E132/><V76/><F76/><W10/><G41/><T28/><D28/><U113/><E108/><V0/><F0/><W81/><G10/><T106/><D106/><U50/><E113/><V95/><F51/><W53/><G53/><T111/><D111/><U55/><E130/><V9/><F9/><W109/><G109/><T21/><D21/><AGARI ba="0,0" hai="5,6,18,21,24,52,57,62,79,81,85" m="7243" machi="21" ten="30,8000,1" yaku="8,1,52,2,54,2" doraHai="2" who="3" fromWho="0" sc="360,-80,236,0,189,0,215,80" />
</Scene>
<Scene>
<INIT seed="5,0,0,1,5,28" ten="280,236,189,295" oya="1" hai0="18,125,135,132,93,94,60,63,33,78,70,134,72" hai1="62,73,113,127,77,88,40,64,11,81,0,86,80" hai2="128,130,2,32,45,85,116,16,91,56,103,58,41" hai3="105,66,95,76,131,21,35,53,43,98,54,5,38"/><U37/><E113/><V117/><F2/><W101/><G131/><N who="2" m="50217" /><F103/><W25/><G5/><T10/><D125/><U34/><E127/><V87/><F32/><W133/><G133/><T92/><D70/><U26/><E40/><V19/><F56/><W65/><G76/><T110/><D110/><U30/><E37/><N who="2" m="21679" /><F58/><W6/><G6/><T115/><D115/><U9/><REACH who="1" step="1"/><E0/><REACH who="1" ten="280,226,189,295" step="2"/><V90/><F85/><W96/><G43/><T8/><D132/><U84/><E84/><V1/><F1/><W51/><G38/><T24/><D135/><U75/><E75/><V74/><F74/><W14/><G98/><T71/><D72/><U7/><E7/><V39/><F39/><W112/><G96/><T68/><D134/><U49/><E49/><V129/><N who="2" m="50225" /><V22/><DORA hai="48" /><F90/><W42/><G51/><T12/><D63/><U59/><AGARI ba="0,1" hai="9,11,26,30,34,59,62,64,73,77,80,81,86,88" machi="59" ten="20,18000,2" yaku="1,1,0,1,7,1,52,1,54,1,53,1" doraHai="28,48" doraHaiUra="111,61" who="1" fromWho="1" sc="280,-60,226,190,189,-60,295,-60" />
</Scene>
<Scene>
<INIT seed="5,1,0,5,1,53" ten="220,416,129,235" oya="1" hai0="11,112,101,69,133,84,49,42,78,40,96,66,109" hai1="82,20,131,124,72,115,87,9,59,80,13,15,27" hai2="64,105,92,2,58,132,117,70,62,97,39,33,51" hai3="56,129,44,28,8,25,61,90,89,106,43,104,22"/><U35/><E115/><V110/><F110/><W14/><G129/><T46/><D109/><U120/><E120/><V38/><F2/><W21/><G21/><T122/><D122/><U30/><E131/><V113/><F117/><W48/><G106/><T65/><D112/><U75/><E124/><V100/><F113/><W3/><G104/><T23/><D69/><U36/><E36/><V114/><F132/><W24/><G24/><T19/><D11/><U41/><E35/><V52/><F114/><W55/><REACH who="3" step="1"/><G3/><REACH who="3" ten="220,416,129,225" step="2"/><T29/><D23/><U71/><E20/><V47/><F33/><W12/><G12/><T16/><D133/><U102/><E15/><V103/><REACH who="2" step="1"/><F70/><REACH who="2" ten="220,416,119,225" step="2"/><W88/><G88/><T108/><D108/><U4/><E71/><V116/><F116/><W63/><G63/><T99/><D78/><U0/><E0/><V98/><AGARI ba="1,2" hai="38,39,47,51,52,58,62,64,92,97,98,100,103,105" machi="98" ten="30,7900,0" yaku="1,1,0,1,52,1,54,1,53,0" doraHai="53" doraHaiUra="34" who="2" fromWho="2" sc="220,-21,416,-40,119,102,225,-21" />
</Scene>
<Scene>
<INIT seed="6,0,0,1,3,46" ten="199,376,221,204" oya="2" hai0="1,54,132,82,38,21,49,24,5,95,23,18,76" hai1="127,61,104,56,118,19,30,3,53,60,48,22,6" hai2="134,117,91,32,114,86,52,70,105,44,131,89,17" hai3="93,98,11,66,108,50,4,34,20,100,62,88,120"/><V72/><F72/><W7/><G108/><T29/><D38/><U55/><E104/><V123/><F105/><W87/><G34/><T94/><D132/><U110/><E110/><V111/><F70/><W115/><G120/><T79/><D1/><U69/><E30/><V26/><F117/><W96/><G115/><T65/><D65/><U16/><E127/><V135/><F123/><W74/><G74/><T31/><D5/><U83/><E69/><V112/><F111/><W47/><G20/><T78/><D82/><U2/><E60/><V126/><F126/><W36/><G36/><T59/><REACH who="0" step="1"/><D31/><REACH who="0" ten="189,376,221,204" step="2"/><U42/><E83/><V90/><F134/><W64/><G64/><T81/><D81/><U43/><E6/><V116/><F135/><W103/><G7/><T0/><D0/><U15/><E2/><V37/><F37/><W14/><G103/><T99/><D99/><U28/><E3/><V106/><F114/><W63/><G66/><T68/><D68/><U125/><E28/><V133/><F112/><W71/><G71/><T84/><D84/><U121/><E125/><V102/><F133/><W73/><G73/><T51/><D51/><U122/><E121/><V77/><F86/><W113/><G113/><T85/><D85/><U101/><E122/><V128/><F102/><W27/><G96/><T119/><D119/><U8/><E101/><V75/><F116/><W97/><G98/><T13/><AGARI ba="0,1" hai="13,18,21,23,24,29,49,54,59,76,78,79,94,95" machi="13" ten="30,7900,0" yaku="1,1,0,1,8,1,52,1,53,0" doraHai="46" doraHaiUra="41" who="0" fromWho="0" sc="189,89,376,-20,221,-39,204,-20" />
</Scene>
<Scene>
<INIT seed="7,0,0,1,4,107" ten="278,356,182,184" oya="3" hai0="124,99,13,135,6,68,100,84,71,91,121,10,114" hai1="51,129,101,123,0,117,81,30,5,61,31,7,65" hai2="29,83,56,38,27,88,57,73,120,20,96,113,92" hai3="72,104,26,89,79,125,97,80,128,60,53,118,54"/><W49/><G118/><T103/><D121/><U41/><E129/><V106/><F38/><W21/><G128/><T85/><D135/><U47/><E123/><V12/><F120/><W98/><G125/><T17/><D124/><U131/><E131/><V23/><F113/><W2/><G2/><T37/><D37/><U22/><E0/><V36/><F36/><W75/><G75/><T111/><D111/><U105/><E81/><V86/><F106/><W9/><G9/><T70/><D99/><U122/><E117/><V132/><F73/><W109/><G109/><T55/><D84/><U40/><E40/><V14/><F132/><W39/><G39/><T8/><D114/><U110/><E22/><V90/><F23/><W102/><G60/><T74/><D74/><U130/><E130/><V18/><F18/><W76/><G76/><T24/><D55/><U19/><E19/><V32/><F32/><W134/><G134/><T67/><D67/><U112/><E112/><V87/><F96/><W46/><G54/><T127/><D127/><U78/><E78/><V108/><F108/><W3/><G3/><T16/><D10/><U94/><E105/><V1/><F1/><W44/><G44/><T43/><D43/><U119/><E119/><V58/><AGARI ba="0,0" hai="12,14,20,27,29,56,57,58,83,86,87,88,90,92" machi="58" ten="30,4000,0" yaku="0,1,8,1,54,1" doraHai="107" who="2" fromWho="2" sc="278,-10,356,-10,182,40,184,-20" owari="268,7.0,346,45.0,222,-18.0,164,-34.0" />
</Scene>
</mjloggm>