<mjloggm ver="2.3"><GO type="169" lobby="0"/><UN n0="%E4%B8%AD%E3%81%AE%E4%B8%8A" n1="%E5%AE%AE%E5%B4%8E%E7%9C%8C%E4%BB%A3%E8%A1%A8" n2="%E5%A4%AA%E3%81%8F%E3%81%AA%E3%81%84%E3%81%8A" n3="%E3%81%8A%E7%9F%A5%E3%82%89%E3%81%9B" dan="16,17,17,17" rate="2072.14,2118.15,2240.11,2169.34" sx="M,M,M,M"/><TAIKYOKU oya="0"/>

<Scene>
<INIT seed="0,0,0,1,0,75" ten="250,250,250,250" oya="0" hai0="3,109,85,112,69,73,81,122,131,37,119,82,91" hai1="11,97,26,9,1,123,45,10,130,14,96,78,133" hai2="72,16,115,113,84,127,6,67,90,132,31,66,18" hai3="57,74,44,95,21,62,108,34,70,17,39,46,19"/><T77/><D3/><U110/><E110/><V102/><F72/><W125/><G34/><T5/><D5/><U98/><E130/><V79/><F102/><W92/><G125/><T35/><D35/><U126/><E133/><V106/><F106/><W27/><G70/><T54/><D69/><U52/><E123/><V129/><F31/><W51/><G39/><T111/><D37/><U23/><E126/><V104/><F104/><W56/><G74/><T80/><D122/><U86/><E1/><V121/><F127/><W7/><G7/><T49/><D119/><U29/><E14/><V42/><F121/><W50/><G108/><N who="0" m="41547" /><D131/><U4/><E4/><V105/><F105/><W135/><G135/><T48/><D112/><U2/><E2/><V114/><F129/><W65/><G57/><N who="0" m="32967" /><D49/><N who="1" m="28719" /><E86/><V33/><F33/><W43/><REACH who="3" step="1"/><G19/><REACH who="3" ten="250,250,250,240" step="2"/><T87/><D87/><U61/><E61/><V0/><F132/><W116/><G116/><T83/><AGARI ba="0,1" hai="73,77,80,81,82,83,85,91" m="32967,41547" machi="83" ten="30,6000,0" yaku="14,1,10,1,52,1" doraHai="75" who="0" fromWho="0" sc="250,70,250,-20,250,-20,240,-20" />
</Scene>
<Scene>
<INIT seed="0,1,0,0,2,102" ten="320,230,230,220" oya="0" hai0="6,47,53,69,14,104,110,126,121,51,22,115,42" hai1="114,33,31,77,50,97,81,34,7,95,88,13,56" hai2="28,44,21,30,71,134,122,70,0,55,76,26,106" hai3="52,73,84,107,3,19,16,29,72,37,103,89,119"/><T105/><D115/><U1/><E114/><V120/><F0/><W87/><G37/><T130/><D121/><U96/><E1/><V85/><F134/><W57/><G3/><T100/><D69/><U112/><E112/><V2/><F2/><W9/><G119/><T10/><D100/><U20/><E97/><V61/><F30/><W48/><G29/><T18/><D126/><U131/><E131/><V101/><F76/><W128/><G128/><T11/><D130/><U129/><E129/><V116/><F85/><W46/><G87/><T75/><D75/><U58/><E34/><V38/><F116/><W113/><G113/><T135/><D135/><U32/><E32/><N who="2" m="20503" /><F55/><W15/><G19/><T8/><D110/><U125/><E125/><V45/><F21/><W4/><G4/><T24/><D10/><N who="1" m="4319" /><E33/><V39/><F45/><W67/><G67/><T98/><D98/><U49/><E77/><V35/><F35/><W41/><G41/><T66/><D66/><U83/><E58/><V82/><F82/><N who="1" m="31241" /><E56/><V43/><F39/><W65/><G65/><T12/><REACH who="0" step="1"/><D42/><REACH who="0" ten="310,230,230,220" step="2"/><U109/><E109/><V123/><F71/><W25/><G73/><T132/><D132/><U64/><E64/><N who="2" m="41231" /><F101/><W40/><G72/><T60/><D60/><U127/><E127/><V99/><F99/><W80/><G103/><T78/><D78/><U54/><E54/><V92/><F123/><W79/><G79/><T108/><D108/><U117/><E117/><V74/><F74/><W27/><G40/><T86/><D86/><U133/><E133/><V118/><F118/><W5/><G52/><RYUUKYOKU ba="1,1" sc="310,15,230,15,230,-15,220,-15" hai0="6,8,11,12,14,18,22,24,47,51,53,104,105" hai1="20,31,49,50,88,95,96" />
</Scene>
<Scene>
<INIT seed="0,2,1,4,5,97" ten="325,245,215,205" oya="0" hai0="106,99,19,17,57,93,25,132,117,94,22,115,109" hai1="60,37,131,47,9,75,58,63,38,48,32,96,41" hai2="36,107,80,130,127,5,3,1,15,8,118,82,52" hai3="81,123,84,45,78,35,125,119,56,126,20,71,70"/><T26/><D117/><U6/><E32/><V122/><F122/><W10/><G35/><T120/><D120/><U76/><E131/><V98/><F36/><W89/><G123/><T31/><D115/><U50/><E50/><V49/><F130/><W0/><G119/><T30/><D132/><U66/><E75/><V111/><F118/><W72/><G56/><T103/><D109/><U27/><E76/><V13/><F111/><W39/><G20/><T102/><D57/><U79/><E79/><V87/><F127/><N who="3" m="48651" /><G0/><T85/><D106/><U110/><E110/><V43/><F43/><N who="3" m="22783" /><G10/><T14/><D103/><U21/><E96/><V104/><F3/><W92/><AGARI ba="2,1" hai="70,71,72,78,81,84,89,92" m="22783,48651" machi="92" ten="30,1100,0" yaku="18,1" doraHai="97" who="3" fromWho="3" sc="325,-7,245,-5,215,-5,205,27" />
</Scene>
<Scene>
<INIT seed="1,0,0,0,5,51" ten="318,240,210,232" oya="1" hai0="0,13,17,93,44,10,3,12,130,95,2,47,57" hai1="52,69,92,43,78,110,61,111,113,50,105,121,53" hai2="76,120,46,109,58,72,122,115,96,99,89,5,35" hai3="82,116,94,45,134,1,40,124,31,114,86,117,16"/><U29/><E113/><V27/><F5/><W14/><G1/><T73/><D73/><U24/><E121/><V133/><F115/><W91/><G114/><T54/><D130/><U4/><E105/><V30/><F109/><N who="1" m="41481" /><E78/><V107/><F133/><W28/><G134/><T80/><D80/><U65/><E4/><V56/><F72/><W23/><G124/><T22/><D95/><U77/><E77/><V15/><F76/><W131/><G131/><T87/><D87/><U70/><E92/><V64/><F15/><W126/><G126/><T62/><REACH who="0" step="1"/><D93/><REACH who="0" ten="308,240,210,232" step="2"/><U81/><E81/><V55/><F120/><W128/><G128/><T32/><D32/><N who="1" m="20519" /><E70/><V125/><F122/><W101/><G117/><T119/><D119/><U25/><E25/><V38/><F125/><W6/><G116/><T19/><AGARI ba="0,1" hai="0,2,3,10,12,13,17,19,22,44,47,54,57,62" machi="19" ten="40,5200,0" yaku="1,1,0,1,52,1,53,0" doraHai="51" doraHaiUra="103" who="0" fromWho="0" sc="308,62,240,-26,210,-13,232,-13" />
</Scene>
<Scene>
<INIT seed="2,0,0,4,1,107" ten="370,214,197,219" oya="2" hai0="50,58,3,10,117,1,70,66,106,22,115,49,105" hai1="73,39,24,100,83,85,21,108,7,126,118,14,72" hai2="27,33,82,4,74,35,44,116,67,19,80,111,125" hai3="0,89,128,77,102,69,87,25,121,81,53,34,110"/><V71/><F116/><W99/><G121/><T119/><D70/><U16/><E118/><N who="0" m="45065" /><D115/><U131/><E39/><V11/><F125/><W97/><G0/><N who="0" m="75" /><D10/><U96/><E126/><V41/><F111/><W18/><G69/><T75/><D22/><U103/><E131/><V43/><F19/><W101/><G34/><T122/><D122/><U46/><E46/><V42/><F44/><W65/><G65/><T130/><D130/><U135/><E135/><V29/><F35/><W109/><G25/><T112/><D112/><U57/><E57/><V91/><F91/><W51/><G18/><T123/><D75/><U86/><E86/><V94/><F94/><W8/><G8/><T78/><D78/><U45/><E45/><V59/><F71/><W31/><G31/><T104/><D123/><U37/><E37/><V63/><REACH who="2" step="1"/><F74/><REACH who="2" ten="370,214,187,219" step="2"/><W113/><G128/><T133/><D133/><U93/><E108/><V120/><F120/><W132/><G113/><T88/><D88/><U76/><REACH who="1" step="1"/><E103/><REACH who="1" ten="370,204,187,219" step="2"/><V15/><AGARI ba="0,2" hai="4,11,15,27,29,33,41,42,43,59,63,67,80,82" machi="15" ten="30,6000,0" yaku="1,1,0,1,53,1" doraHai="107" doraHaiUra="23" who="2" fromWho="2" sc="370,-20,204,-20,187,80,219,-20" />
</Scene>
<Scene>
<INIT seed="2,1,0,2,4,84" ten="350,184,267,199" oya="2" hai0="107,104,36,11,16,33,13,59,97,62,45,1,92" hai1="105,96,4,134,80,35,101,81,38,127,77,26,102" hai2="75,88,99,49,22,100,27,51,135,58,117,130,83" hai3="55,131,43,20,7,34,21,42,114,109,50,116,53"/><V73/><F117/><W103/><G34/><T95/><D33/><U86/><E38/><V112/><F112/><W61/><G116/><T78/><D1/><U5/><E134/><V47/><F135/><W41/><G114/><T98/><D78/><U9/><E127/><V94/><F130/><W56/><G131/><T67/><D36/><U74/><E102/><V132/><F132/><W85/><G109/><T119/><D119/><U118/><E118/><V29/><F58/><W126/><G126/><T122/><D122/><U32/><E26/><V12/><F12/><W37/><G37/><T19/><D45/><U89/><REACH who="1" step="1"/><E4/><REACH who="1" ten="350,174,267,199" step="2"/><V54/><REACH who="2" step="1"/><F49/><REACH who="2" ten="350,174,257,199" step="2"/><W17/><G50/><T60/><D60/><U15/><AGARI ba="1,2" hai="5,9,15,32,35,74,77,80,81,86,89,96,101,105" machi="15" ten="20,12000,2" yaku="1,1,2,1,0,1,7,1,52,1,53,2" doraHai="84" doraHaiUra="28" who="1" fromWho="1" sc="350,-31,174,143,257,-61,199,-31" />
</Scene>
<Scene>
<INIT seed="3,0,0,5,3,91" ten="319,317,196,168" oya="3" hai0="54,112,67,84,42,44,100,124,58,81,101,102,3" hai1="94,28,12,119,49,0,27,75,6,115,18,26,98" hai2="51,126,120,43,125,71,88,53,20,21,32,33,40" hai3="52,107,86,24,129,23,59,70,109,68,134,95,128"/><W78/><G107/><T5/><D124/><N who="2" m="47722" /><F71/><W47/><G47/><T34/><D34/><N who="2" m="13418" /><F120/><W9/><G9/><T38/><D112/><U121/><E121/><V41/><F88/><N who="3" m="53655" /><G78/><T118/><D3/><U76/><E119/><V103/><F103/><W97/><G97/><T17/><D102/><U64/><E64/><V135/><F135/><W30/><G134/><T2/><D101/><U19/><E115/><V29/><F29/><W4/><G4/><T16/><D5/><U89/><E28/><V14/><F14/><W35/><G35/><T74/><D100/><U60/><E60/><V105/><F105/><W72/><G72/><T1/><D74/><U77/><E49/><V108/><F108/><W66/><G66/><T25/><D67/><U10/><E19/><V113/><F113/><W61/><G109/><T117/><D117/><U82/><REACH who="1" step="1"/><E77/><REACH who="1" ten="319,307,196,168" step="2"/><V63/><F63/><W69/><G69/><T93/><D118/><U85/><E85/><V7/><F7/><W83/><G68/><T133/><D84/><U104/><E104/><V8/><F8/><AGARI ba="0,1" hai="0,6,8,10,12,18,26,27,75,76,82,89,94,98" machi="8" ten="30,3900,0" yaku="1,1,7,1,52,1,53,0" doraHai="91" doraHaiUra="131" who="1" fromWho="2" sc="319,0,307,49,196,-39,168,0" />
</Scene>
<Scene>
<INIT seed="4,0,0,5,4,129" ten="319,356,157,168" oya="0" hai0="131,35,133,33,27,63,32,74,117,130,11,17,86" hai1="96,76,54,125,78,104,119,14,102,93,124,92,21" hai2="44,68,15,2,127,47,13,5,107,45,112,109,94" hai3="122,85,69,55,39,58,97,120,42,37,25,12,81"/><T73/><D117/><U113/><E21/><V66/><F107/><W128/><G69/><T59/><D86/><U121/><E14/><V100/><F109/><W87/><G128/><N who="0" m="49195" /><D133/><U99/><E54/><V110/><F110/><W105/><G12/><N who="0" m="7327" /><D27/><U77/><E119/><V10/><F112/><W18/><G97/><T103/><D103/><N who="1" m="62591" /><E121/><V24/><F100/><W41/><G105/><T64/><AGARI ba="0,0" hai="32,33,35,59,63,64,73,74" m="7327,49195" machi="64" ten="40,2100,0" yaku="19,1" doraHai="129" who="0" fromWho="0" sc="319,21,356,-7,157,-7,168,-7" />
</Scene>
<Scene>
<INIT seed="4,1,0,0,0,17" ten="340,349,150,161" oya="0" hai0="60,26,80,100,113,29,56,63,102,5,110,7,132" hai1="13,55,92,71,111,28,75,22,129,117,27,49,24" hai2="121,83,54,6,108,88,107,96,42,25,93,130,35" hai3="1,84,90,3,18,122,131,67,40,12,118,9,65"/><T69/><D69/><U15/><E111/><V128/><F108/><W98/><G118/><T66/><D110/><U48/><E71/><V16/><F121/><W127/><G122/><T95/><D113/><U115/><E75/><V38/><F6/><W30/><G131/><N who="2" m="50217" /><F107/><W119/><G119/><T62/><D132/><U59/><E117/><V126/><F126/><W4/><G127/><T19/><D80/><U2/><E2/><V135/><F135/><W85/><G30/><T106/><D106/><U44/><E115/><V11/><F54/><W79/><G40/><T70/><D19/><U94/><E27/><V73/><F42/><W57/><G1/><T74/><D74/><U50/><E129/><V34/><F38/><W41/><G41/><T134/><D134/><U8/><E13/><N who="2" m="7231" /><F25/><W39/><G39/><T133/><D133/><U97/><E44/><V76/><AGARI ba="1,0" hai="34,35,73,76,83,88,93,96" m="7231,50217" machi="76" ten="30,4000,0" yaku="19,1,54,2" doraHai="17" who="2" fromWho="2" sc="340,-21,349,-11,150,43,161,-11" />
</Scene>
<Scene>
<INIT seed="5,0,0,0,5,124" ten="319,338,193,150" oya="1" hai0="38,76,51,84,77,88,132,10,128,7,8,29,100" hai1="65,9,67,12,39,97,6,1,94,64,20,105,127" hai2="31,109,49,21,15,36,2,4,98,16,104,40,99" hai3="37,43,110,27,68,13,71,121,107,32,22,24,46"/><U26/><E127/><V125/><F125/><W90/><G121/><T35/><D38/><U133/><E133/><V116/><F109/><W82/><G110/><T52/><D132/><U115/><E115/><V62/><F116/><W123/><G107/><T5/><D128/><U113/><E113/><V54/><F62/><W92/><G123/><T66/><D66/><U93/><E39/><V83/><F31/><W119/><G119/><T112/><D100/><U61/><E105/><V58/><F83/><W60/><G82/><N who="0" m="49175" /><D35/><U48/><E48/><V80/><F80/><W45/><G45/><N who="0" m="27759" /><D29/><U135/><E135/><V73/><F73/><W18/><G32/><T55/><D55/><U106/><E1/><V53/><F53/><W95/><G68/><T114/><D114/><U30/><E106/><V47/><REACH who="2" step="1"/><F104/><REACH who="2" ten="319,338,183,150" step="2"/><W111/><G111/><T56/><D112/><U19/><E61/><V78/><F78/><N who="0" m="30314" /><D56/><U57/><E57/><V102/><F102/><W23/><G60/><T96/><D96/><U85/><E85/><V120/><F120/><W17/><G71/><T74/><D74/><U89/><REACH who="1" step="1"/><E94/><REACH who="1" ten="319,328,183,150" step="2"/><V11/><AGARI ba="0,2" hai="2,4,11,15,16,21,36,40,47,49,54,58,98,99" machi="11" ten="30,7900,0" yaku="1,1,0,1,54,1,53,1" doraHai="124" doraHaiUra="69" who="2" fromWho="2" sc="319,-20,328,-39,183,99,150,-20" />
</Scene>
<Scene>
<INIT seed="6,0,0,4,0,88" ten="299,289,282,130" oya="2" hai0="46,131,38,124,15,50,45,77,133,17,107,117,28" hai1="114,61,130,132,81,62,10,69,40,110,119,101,120" hai2="86,65,49,135,96,89,53,126,39,68,23,87,105" hai3="1,31,71,4,90,5,73,134,41,92,100,128,82"/><V112/><F39/><W52/><G71/><T30/><D107/><U60/><E110/><V125/><F112/><W16/><G134/><T76/><D38/><U43/><E119/><V33/><F33/><W7/><G41/><N who="1" m="15946" /><E114/><V103/><F135/><W9/><G31/><T58/><D131/><U83/><E69/><V67/><F23/><W80/><G128/><T12/><D124/><N who="2" m="47722" /><F68/><W99/><G73/><T97/><D97/><U57/><E130/><V122/><F122/><W34/><G34/><T123/><D117/><U0/><E0/><V78/><F78/><W47/><G100/><T51/><D133/><U93/><E120/><V21/><F21/><W98/><G98/><T74/><D58/><U72/><E72/><V75/><F75/><W115/><G115/><T108/><D74/><U24/><E24/><V111/><F111/><W121/><G121/><T20/><D108/><U129/><E129/><V44/><F87/><W127/><G127/><T85/><D85/><U55/><E10/><V6/><F6/><W3/><G3/><T79/><D123/><U48/><E132/><V2/><F2/><W91/><G91/><T59/><D59/><U106/><E106/><V54/><F53/><W11/><G1/><T29/><D15/><U42/><N who="1" m="15954" /><U19/><DORA hai="116" /><E19/><V32/><F32/><W22/><G9/><T63/><D30/><U8/><E8/><V104/><F104/><W37/><G11/><T118/><D118/><U113/><E113/><V18/><F18/><W26/><G37/><T14/><D29/><U66/><E66/><V56/><F56/><RYUUKYOKU ba="0,0" sc="299,-30,289,10,282,10,130,10" hai1="48,55,57,60,61,62,81,83,93,101" hai2="44,49,54,65,67,86,89,96,103,105" hai3="4,5,7,16,22,26,47,52,80,82,90,92,99" />
</Scene>
<Scene>
<INIT seed="6,1,0,4,5,18" ten="269,299,292,140" oya="2" hai0="90,20,2,44,1,101,121,93,40,71,47,11,132" hai1="26,96,125,43,104,45,84,28,100,51,86,108,133" hai2="63,30,72,79,110,59,42,17,115,62,3,109,83" hai3="4,134,114,123,127,57,46,34,56,74,32,82,70"/><V41/><F3/><W73/><G123/><T33/><D33/><U111/><E125/><V78/><F30/><W12/><G70/><T97/><D121/><U126/><E126/><V113/><F17/><W49/><G127/><T103/><D71/><U6/><E133/><V48/><F48/><W120/><G120/><T77/><D132/><U91/><E6/><V116/><F116/><W69/><G69/><T31/><D77/><U53/><E43/><N who="2" m="16395" /><F78/><W67/><G134/><T118/><D118/><U19/><E19/><V95/><F95/><W7/><G12/><T0/><D11/><U21/><REACH who="1" step="1"/><E86/><REACH who="1" ten="269,289,292,140" step="2"/><V75/><F75/><W58/><G4/><T36/><D40/><U94/><AGARI ba="1,1" hai="21,26,28,45,51,53,84,91,94,96,100,104,108,111" machi="94" ten="20,8000,1" yaku="1,1,2,1,0,1,7,1,52,1,53,0" doraHai="18" doraHaiUra="37" who="1" fromWho="1" sc="269,-21,289,93,292,-41,140,-21" />
</Scene>
<Scene>
<INIT seed="7,0,0,0,5,22" ten="248,382,251,119" oya="3" hai0="14,52,68,41,15,50,7,92,16,89,90,83,38" hai1="76,42,48,96,123,104,107,106,113,66,109,43,111" hai2="33,72,82,62,57,118,9,122,5,74,56,114,124" hai3="24,115,93,110,120,29,1,135,26,20,80,36,77"/><W6/><G120/><T128/><D68/><U0/><E43/><V58/><F118/><W23/><G36/><T40/><D128/><U65/><E65/><V85/><F33/><W12/><G115/><T4/><D38/><U97/><E97/><V30/><F30/><W54/><G135/><T63/><D63/><U73/><E73/><V78/><F114/><W88/><G110/><T132/><D132/><U133/><E0/><V101/><F122/><W98/><G1/><T2/><D2/><U95/><E104/><V18/><F124/><W103/><G54/><T126/><D126/><U8/><E76/><V84/><F101/><W127/><G127/><T121/><D121/><U44/><E96/><V117/><F117/><W37/><G37/><T21/><D83/><U31/><E48/><V70/><F18/><W79/><G12/><T67/><D67/><U69/><E66/><V86/><F72/><W11/><G11/><N who="0" m="4479" /><D4/><U130/><E8/><V81/><F70/><W125/><G6/><T49/><D49/><U87/><E130/><V119/><F119/><W60/><G60/><T47/><D90/><U61/><E61/><V35/><F35/><W64/><G64/><T32/><D32/><U102/><E133/><V99/><F62/><W34/><G125/><T51/><D51/><U19/><E123/><V3/><REACH who="2" step="1"/><F99/><AGARI ba="0,0" hai="15,16,21,40,41,47,50,52,89,92,99" m="4479" machi="99" ten="30,3900,0" yaku="8,1,54,2" doraHai="22" who="0" fromWho="2" sc="248,39,382,0,251,-39,119,0" owari="287,9.0,382,48.0,212,-19.0,119,-38.0" />
</Scene>
</mjloggm>