<mjloggm ver="2.3"><GO type="169" lobby="0"/><UN n0="%E7%89%8C%E3%81%AE%E9%9F%B3%E8%89%B2" n1="%31%2F%32%31" n2="%E5%A4%AA%E3%81%8F%E3%81%AA%E3%81%84%E3%81%8A" n3="%E3%82%B3%E3%83%AA%E3%83%A9%E3%83%83%E3%82%AF%E3%83%9E" dan="16,16,17,16" rate="2118.29,2098.77,2237.66,2034.99" sx="M,M,M,M"/><TAIKYOKU oya="0"/>

<Scene>
<INIT seed="0,0,0,5,3,54" ten="250,250,250,250" oya="0" hai0="115,5,112,99,116,64,42,12,120,81,126,56,85" hai1="110,52,97,90,21,16,113,86,88,122,8,71,55" hai2="67,44,104,35,121,3,125,79,87,37,20,1,46" hai3="111,102,65,11,62,57,59,132,22,4,80,107,33"/><T78/><D116/><U76/><E71/><V23/><F35/><W114/><G33/><T61/><D120/><U50/><E122/><V27/><F121/><W127/><G114/><T133/><D133/><U117/><E117/><V98/><F67/><W10/><G132/><T94/><D42/><U66/><E66/><V6/><F6/><W95/><G127/><T41/><D41/><U92/><E110/><V119/><F119/><W77/><G107/><T128/><D128/><U58/><E113/><V0/><F37/><W74/><G111/><T73/><D73/><U13/><E55/><V106/><F125/><W24/><G4/><T72/><D72/><U103/><E8/><V26/><F87/><W15/><G15/><T31/><D31/><U63/><E63/><V68/><F79/><W134/><G57/><T118/><D118/><U53/><E53/><V70/><REACH who="2" step="1"/><F3/><REACH who="2" ten="250,250,240,250" step="2"/><W93/><G134/><T36/><D36/><U105/><REACH who="1" step="1"/><E90/><REACH who="1" ten="250,240,240,250" step="2"/><V101/><F101/><W51/><G102/><N who="0" m="60791" /><D126/><U89/><E89/><V28/><F28/><W135/><G135/><T19/><D115/><U39/><E39/><V75/><F75/><W43/><G74/><T45/><D112/><U124/><E124/><V48/><F48/><W25/><G51/><T123/><D123/><U60/><E60/><V100/><F100/><W29/><G62/><T32/><D32/><U96/><E96/><AGARI ba="0,2" hai="0,1,20,23,26,27,44,46,68,70,96,98,104,106" machi="96" ten="25,8000,1" yaku="1,1,22,2,53,2" doraHai="54" doraHaiUra="34" who="2" fromWho="1" sc="250,0,240,-80,240,100,250,0" />
</Scene>
<Scene>
<INIT seed="1,0,0,0,5,116" ten="250,160,340,250" oya="1" hai0="16,103,39,120,18,17,125,89,2,129,107,26,128" hai1="41,104,52,105,112,24,8,32,81,65,45,5,72" hai2="130,1,6,132,38,67,99,25,74,57,15,78,83" hai3="44,121,10,92,59,87,106,42,127,97,115,66,53"/><U4/><E112/><V77/><F77/><W28/><G106/><T22/><D39/><N who="1" m="21695" /><E65/><V134/><F130/><N who="0" m="50282" /><D89/><U37/><E52/><V108/><F15/><W46/><G115/><T71/><D71/><U58/><E58/><V63/><F25/><W95/><G127/><T19/><D125/><U14/><E14/><V114/><F114/><W91/><G28/><T33/><D103/><U49/><E49/><V84/><F84/><W31/><G31/><N who="0" m="19703" /><D107/><U96/><E5/><V48/><F48/><W98/><G66/><T69/><D69/><U51/><E51/><V30/><F30/><W131/><G87/><T123/><D2/><N who="1" m="23" /><E96/><V109/><F38/><W110/><G131/><T118/><D118/><U93/><E93/><V73/><F99/><W85/><G85/><T35/><D35/><U47/><E47/><V117/><F117/><W23/><G46/><T76/><D76/><N who="1" m="44167" /><E37/><V100/><F74/><W21/><G44/><T79/><D79/><U62/><E62/><V3/><F100/><W43/><G42/><T56/><D56/><U122/><E122/><N who="0" m="46633" /><D19/><U11/><E105/><V12/><F1/><W27/><G121/><T55/><D55/><U60/><E104/><V80/><F3/><W20/><G53/><T88/><D88/><U0/><E60/><V50/><F50/><W34/><G59/><T75/><D75/><U119/><E119/><V133/><F80/><W111/><G91/><T124/><D124/><U68/><E68/><V82/><F83/><W86/><G34/><T7/><D7/><N who="1" m="1511" /><E32/><V102/><F102/><W135/><G43/><T126/><D126/><RYUUKYOKU ba="0,0" sc="250,10,160,10,340,10,250,-30" hai0="16,17,18,22" hai1="24" hai2="6,12,57,63,67,73,78,82,108,109,132,133,134" />
</Scene>
<Scene>
<INIT seed="1,1,0,2,1,87" ten="260,170,350,220" oya="1" hai0="92,101,61,73,122,63,96,49,109,118,36,81,19" hai1="100,105,130,31,77,44,79,119,51,57,78,115,89" hai2="132,45,99,26,21,46,121,0,38,58,128,125,129" hai3="62,65,16,83,1,116,14,25,22,102,50,88,29"/><U111/><E119/><V39/><F121/><W17/><G1/><T43/><D122/><U59/><E115/><V86/><F0/><W91/><G116/><T106/><D118/><U2/><E2/><V110/><F110/><W80/><G102/><T108/><D36/><N who="2" m="13866" /><F132/><W12/><G50/><T123/><D123/><U11/><E111/><N who="0" m="42569" /><D19/><U34/><E130/><N who="2" m="50283" /><F125/><W67/><G62/><T97/><D49/><U103/><E11/><V27/><F99/><W124/><G124/><T35/><D43/><N who="1" m="24991" /><E105/><V33/><F58/><N who="1" m="22025" /><E31/><N who="2" m="19711" /><F86/><W135/><G135/><T114/><D114/><U55/><E34/><V131/><F131/><W15/><G29/><AGARI ba="1,0" hai="21,26,29,45,46" m="19711,50283,13866" machi="29" ten="30,1000,0" yaku="19,1" doraHai="87" who="2" fromWho="3" sc="260,0,170,0,350,13,220,-13" />
</Scene>
<Scene>
<INIT seed="2,0,0,1,1,48" ten="260,170,363,207" oya="2" hai0="22,7,117,15,31,71,95,135,90,106,5,0,25" hai1="128,107,67,87,34,26,16,36,70,130,123,29,6" hai2="121,122,93,47,19,42,108,37,129,10,38,8,125" hai3="49,58,32,94,41,45,12,76,57,92,46,84,55"/><V4/><F125/><W35/><G32/><T61/><D71/><U131/><E36/><V109/><F129/><W62/><G35/><T111/><D106/><U59/><E107/><V20/><F37/><W24/><G24/><T21/><D117/><U78/><E70/><V33/><F33/><W97/><G46/><T86/><D111/><N who="2" m="42570" /><F93/><W18/><G58/><T83/><D135/><U43/><E43/><V116/><F116/><W74/><G74/><T54/><D0/><U112/><E6/><V63/><F63/><W14/><G14/><T81/><D7/><U126/><E112/><V66/><F66/><W100/><G76/><T89/><D89/><U2/><E2/><N who="2" m="23" /><F10/><W50/><G84/><T65/><D65/><U64/><E126/><V60/><F60/><W80/><G80/><T82/><D81/><N who="1" m="47543" /><E123/><V98/><F98/><W115/><G115/><T13/><D5/><U113/><E113/><V28/><F28/><W68/><G68/><T69/><D69/><U110/><E110/><V88/><F88/><W56/><G56/><N who="0" m="34967" /><D13/><AGARI ba="0,0" hai="13,19,20,38,42,47,121,122" m="23,42570" machi="13" ten="30,2900,0" yaku="14,1,10,1" doraHai="48" who="2" fromWho="0" sc="260,-29,170,0,363,29,207,0" />
</Scene>
<Scene>
<INIT seed="2,1,0,5,2,107" ten="231,170,392,207" oya="2" hai0="131,1,60,46,127,78,14,97,38,102,73,28,95" hai1="85,24,99,81,10,9,47,76,33,125,8,16,32" hai2="67,52,5,90,27,51,22,63,111,126,25,40,79" hai3="91,30,98,69,92,84,83,120,135,75,109,96,13"/><V44/><F126/><W112/><G69/><T80/><D127/><U110/><E110/><V71/><F111/><W82/><G109/><T42/><D28/><U3/><E3/><V88/><F5/><W48/><G120/><T21/><D131/><U56/><E125/><V117/><F117/><W54/><G112/><T108/><D108/><U6/><E6/><V119/><F119/><W62/><G135/><T66/><D1/><U35/><E56/><V58/><F79/><W55/><G30/><T106/><D14/><U133/><E133/><V34/><F34/><W70/><G75/><T15/><D15/><U115/><E115/><V128/><F128/><W26/><G26/><T134/><D21/><U103/><E47/><V65/><F65/><W94/><G84/><T123/><D134/><U93/><REACH who="1" step="1"/><E24/><REACH who="1" ten="231,160,392,207" step="2"/><V122/><F122/><W116/><G116/><T101/><D123/><U77/><E77/><V41/><F27/><W104/><G13/><AGARI ba="1,1" hai="8,9,10,13,16,32,33,35,76,81,85,93,99,103" machi="13" ten="40,5200,0" yaku="1,1,54,1,53,1" doraHai="107" doraHaiUra="12" who="1" fromWho="3" sc="231,0,160,65,392,0,207,-55" />
</Scene>
<Scene>
<INIT seed="3,0,0,5,5,119" ten="231,225,392,152" oya="3" hai0="58,26,59,28,88,115,19,80,81,56,55,116,131" hai1="36,91,11,47,49,38,97,17,69,127,123,24,51" hai2="106,9,112,4,86,102,68,40,94,7,32,100,90" hai3="111,133,73,114,12,41,23,10,6,135,132,31,99"/><W120/><G73/><T61/><D116/><U48/><E69/><V20/><F32/><W95/><G114/><T18/><D115/><U53/><E127/><V35/><F35/><W113/><G113/><T126/><D126/><U93/><E123/><V27/><F68/><W124/><G124/><T74/><D74/><U33/><E33/><V71/><F71/><W42/><G111/><T78/><D78/><U13/><E38/><V107/><F112/><W37/><G37/><T101/><D101/><U104/><E36/><V60/><F40/><W5/><G5/><T16/><D131/><U64/><E64/><V84/><F60/><W50/><G50/><T108/><D81/><U129/><E129/><V44/><F44/><W105/><G105/><T14/><D14/><U75/><E75/><V2/><F4/><W63/><G63/><T92/><D80/><U130/><E130/><V76/><F76/><W65/><G65/><T122/><D122/><U70/><E70/><V121/><F121/><W25/><REACH who="3" step="1"/><G120/><REACH who="3" ten="231,225,392,142" step="2"/><T15/><D108/><U85/><E104/><V103/><F107/><W39/><G39/><T57/><D15/><U87/><E24/><V77/><F106/><W79/><G79/><T21/><D28/><U52/><REACH who="1" step="1"/><E49/><REACH who="1" ten="231,215,392,142" step="2"/><V83/><F27/><W43/><G43/><T0/><D0/><U1/><E1/><V72/><F72/><W34/><G34/><T98/><AGARI ba="0,2" hai="16,18,19,21,26,55,56,57,58,59,61,88,92,98" machi="98" ten="30,12000,2" yaku="0,1,25,2,8,1,54,2" doraHai="119" who="0" fromWho="0" sc="231,140,215,-30,392,-30,142,-60" />
</Scene>
<Scene>
<INIT seed="4,0,0,0,3,53" ten="371,185,362,82" oya="0" hai0="41,24,19,55,98,33,23,1,83,130,42,95,58" hai1="122,26,114,40,7,132,29,12,65,90,119,13,68" hai2="0,86,50,135,22,10,123,69,79,32,47,25,38" hai3="76,72,102,81,99,30,125,96,54,3,92,59,116"/><T108/><D1/><U94/><E122/><V115/><F123/><W67/><G125/><T36/><D130/><U124/><E119/><V45/><F115/><W14/><G116/><T107/><D36/><U128/><E124/><V43/><F69/><W80/><G3/><T126/><D126/><U39/><E128/><V49/><F32/><W31/><G67/><T112/><D112/><U104/><E104/><V70/><F70/><W34/><G34/><T48/><D33/><U63/><E132/><V66/><F66/><W64/><G64/><T46/><D107/><U8/><E114/><V57/><F135/><W18/><G99/><T127/><D108/><U52/><E40/><V85/><F79/><W82/><G76/><T35/><D83/><U11/><E39/><V71/><F71/><W118/><G72/><T134/><D35/><U2/><E11/><V73/><F73/><W74/><G74/><T28/><D134/><U93/><E93/><V6/><F57/><W131/><G131/><T78/><D78/><U105/><E105/><V121/><F121/><W4/><G4/><T97/><D127/><U133/><E133/><V117/><F117/><W21/><REACH who="3" step="1"/><G118/><REACH who="3" ten="371,185,362,72" step="2"/><T103/><D97/><U56/><E65/><V77/><F77/><W60/><AGARI ba="0,1" hai="14,18,21,30,31,54,59,60,80,81,82,92,96,102" machi="60" ten="30,12000,2" yaku="1,1,2,1,0,1,8,1,52,1,53,1" doraHai="53" doraHaiUra="89" who="3" fromWho="3" sc="371,-60,185,-30,362,-30,72,130" />
</Scene>
<Scene>
<INIT seed="5,0,0,1,2,92" ten="311,155,332,202" oya="1" hai0="13,128,132,89,62,101,59,6,74,99,56,93,72" hai1="82,73,113,70,58,47,24,77,78,16,90,71,12" hai2="84,27,88,41,19,111,67,120,94,17,105,35,135" hai3="51,98,45,131,69,26,7,79,65,49,68,104,103"/><U40/><E113/><V119/><F111/><W3/><G131/><T22/><D128/><U108/><E108/><V125/><F119/><W18/><G79/><T91/><D132/><U96/><E24/><V122/><F105/><W23/><G65/><T117/><D117/><U121/><E58/><V64/><F135/><W30/><G7/><T107/><D74/><U33/><E33/><V114/><F114/><W5/><G3/><T54/><D72/><U52/><E121/><V11/><F125/><W36/><G5/><T46/><D46/><U81/><E40/><V102/><F41/><W118/><G118/><T100/><D59/><U134/><E134/><V116/><F116/><W76/><G76/><T0/><D0/><U42/><E42/><V21/><F35/><W32/><G36/><T61/><D61/><U38/><E38/><V80/><F122/><W9/><G9/><T87/><D107/><U39/><E39/><V2/><F120/><W55/><G51/><T75/><D75/><U4/><E4/><V14/><F2/><W57/><G57/><T85/><D85/><N who="1" m="48311" /><E47/><V44/><F44/><W53/><G53/><T15/><D6/><U29/><E29/><V124/><F124/><W63/><G63/><T28/><D28/><U126/><E52/><V60/><F60/><W106/><G106/><T109/><D109/><U20/><E126/><V129/><F129/><W133/><G133/><T112/><D112/><U50/><E50/><V1/><F1/><W83/><G83/><N who="0" m="49407" /><D15/><AGARI ba="0,0" hai="15,18,23,26,30,32,45,49,55,68,69,98,103,104" machi="15" ten="30,2000,0" yaku="7,1,52,1" doraHai="92" who="3" fromWho="0" sc="311,-20,155,0,332,0,202,20" />
</Scene>
<Scene>
<INIT seed="6,0,0,3,2,94" ten="291,155,332,222" oya="2" hai0="15,4,104,115,39,117,38,1,14,105,100,85,83" hai1="2,76,41,50,111,113,54,42,56,73,34,43,36" hai2="89,69,45,11,132,28,71,30,37,64,70,7,48" hai3="75,88,3,123,33,74,63,110,81,59,35,32,18"/><V25/><F132/><W90/><G123/><T23/><D23/><U52/><E34/><V131/><F131/><W86/><G110/><T79/><D1/><U26/><E26/><V121/><F121/><W126/><G3/><T6/><D115/><U24/><E24/><V0/><F89/><W66/><G126/><T82/><D85/><U80/><E2/><V118/><F118/><W67/><G67/><T44/><D44/><U119/><E119/><V112/><F112/><W5/><G5/><T102/><D79/><U10/><E10/><V92/><F92/><W103/><G103/><T58/><D58/><U106/><E106/><V8/><F8/><W116/><G116/><AGARI ba="0,0" hai="4,6,14,15,38,39,82,83,100,102,104,105,116,117" machi="116" ten="25,1600,0" yaku="22,2" doraHai="94" who="0" fromWho="3" sc="291,16,155,0,332,0,222,-16" />
</Scene>
<Scene>
<INIT seed="7,0,0,2,0,35" ten="307,155,332,206" oya="3" hai0="120,131,96,54,89,33,100,3,85,24,97,130,58" hai1="135,11,53,61,10,74,91,63,123,59,4,2,104" hai2="127,124,13,121,72,52,99,60,39,114,16,126,70" hai3="64,95,37,17,87,106,69,43,102,40,49,65,125"/><W18/><G106/><T56/><D120/><U119/><E119/><V115/><F121/><W23/><G69/><T116/><D116/><U5/><E135/><V118/><F118/><W112/><G37/><T101/><D33/><U57/><E123/><V36/><F72/><W29/><G112/><N who="2" m="43049" /><F99/><N who="0" m="37962" /><D24/><U93/><E104/><V62/><F52/><W81/><G125/><T76/><D3/><U50/><E74/><V8/><F62/><W86/><G95/><T9/><D9/><U128/><E128/><N who="0" m="49193" /><D76/><U77/><E77/><V98/><F98/><W107/><G102/><N who="0" m="39531" /><D54/><U122/><E122/><V66/><AGARI ba="0,0" hai="8,13,16,36,39,60,66,70,124,126,127" m="43049" machi="66" ten="40,5200,0" yaku="18,1,15,1,54,1" doraHai="35" who="2" fromWho="2" sc="307,-13,155,-13,332,52,206,-26" owari="294,9.0,142,-36.0,384,49.0,180,-22.0" />
</Scene>
</mjloggm>