<mjloggm ver="2.3"><GO type="169" lobby="0"/><UN n0="%7A%65%6C%64%65%6E" n1="%E6%AE%8B%E5%B0%BF%E6%84%9F%E3%81%AA%E3%81%84%EF%BC%9F" n2="%E6%96%91%E7%9B%AE%56" n3="%E5%A4%AA%E3%81%8F%E3%81%AA%E3%81%84%E3%81%8A" dan="19,16,17,17" rate="2263.77,2147.47,2152.90,2241.05" sx="M,F,M,M"/><TAIKYOKU oya="0"/>

<Scene>
<INIT seed="0,0,0,5,3,39" ten="250,250,250,250" oya="0" hai0="106,92,43,126,125,129,123,85,90,124,118,64,66" hai1="16,100,46,25,107,56,88,99,24,26,29,69,72" hai2="44,28,17,135,111,113,131,132,7,117,81,48,13" hai3="128,78,82,65,38,122,15,61,77,36,86,42,120"/><T4/><D118/><U98/><E72/><V134/><F117/><W84/><G128/><T97/><D123/><N who="3" m="47145" /><G15/><T30/><D129/><U54/><E69/><V40/><F131/><W23/><G23/><T94/><D106/><U103/><E46/><V133/><F113/><W5/><G5/><T73/><D73/><U31/><E16/><V108/><N who="2" m="33792" /><DORA hai="47" /><V89/><F28/><W49/><G84/><T127/><N who="0" m="31744" /><DORA hai="19" /><T1/><D30/><U70/><E70/><V87/><REACH who="2" step="1"/><F7/><REACH who="2" ten="250,250,240,250" step="2"/><W3/><G3/><T12/><D1/><U71/><E31/><V63/><F63/><W62/><G62/><T68/><D68/><U80/><E71/><V83/><F83/><W58/><G82/><T96/><D4/><U11/><E29/><V57/><F57/><W45/><G58/><T104/><D12/><U95/><E80/><V91/><F91/><W116/><G61/><T109/><D109/><U6/><E88/><V51/><F51/><W67/><G36/><T22/><D90/><U0/><E26/><V32/><F32/><W112/><G38/><T35/><D35/><U37/><E37/><V8/><AGARI ba="0,1" hai="8,13,17,40,44,48,81,87,89,108,111" m="33792" machi="8" ten="60,16000,3" yaku="1,1,0,1,20,1,52,2,53,3" doraHai="39,47,19" doraHaiUra="74,121,9" who="2" fromWho="2" sc="250,-80,250,-40,240,170,250,-40" />
</Scene>
<Scene>
<INIT seed="1,0,0,4,2,26" ten="170,210,410,210" oya="1" hai0="131,117,101,25,112,76,17,62,120,126,48,1,19" hai1="49,74,28,40,102,29,20,95,78,54,3,59,75" hai2="115,113,0,119,60,132,15,90,38,43,93,103,105" hai3="5,133,8,89,32,91,135,116,88,31,24,34,125"/><U82/><E3/><V53/><F0/><N who="3" m="39" /><G125/><T65/><D112/><U13/><E75/><V10/><F132/><N who="3" m="50763" /><G34/><T47/><D117/><AGARI ba="0,0" hai="24,31,32,88,89,91,116,117" m="50763,39" machi="117" ten="40,5200,0" yaku="20,1,52,1,54,1" doraHai="26" who="3" fromWho="0" sc="170,-52,210,0,410,0,210,52" />
</Scene>
<Scene>
<INIT seed="2,0,0,4,3,1" ten="118,210,410,262" oya="2" hai0="67,26,52,13,125,71,7,27,126,95,12,105,122" hai1="87,91,127,115,108,3,113,134,68,29,49,56,45" hai2="59,22,35,80,24,79,101,131,110,92,55,117,20" hai3="40,36,50,76,19,124,86,54,120,77,97,21,102"/><V98/><F117/><W2/><G120/><T118/><D105/><U135/><E108/><V119/><F119/><W51/><G2/><T5/><D118/><U47/><E3/><V130/><F110/><W83/><G124/><N who="0" m="47723" /><D122/><U64/><E29/><V121/><F121/><W104/><G36/><T61/><D95/><U44/><E127/><V4/><F4/><N who="0" m="1610" /><D52/><N who="1" m="31759" /><E64/><V25/><F25/><AGARI ba="0,0" hai="12,13,25,26,27,61,67,71" m="1610,47723" machi="25" ten="30,7700,0" yaku="18,1,52,3" doraHai="1" who="0" fromWho="2" sc="118,77,210,0,410,-77,262,0" />
</Scene>
<Scene>
<INIT seed="3,0,0,1,3,7" ten="195,210,333,262" oya="3" hai0="60,95,57,111,122,70,88,47,9,135,125,33,102" hai1="37,53,17,82,63,104,79,44,51,86,66,24,94" hai2="38,31,28,46,107,67,65,92,4,97,99,26,84" hai3="61,10,81,101,127,114,75,14,49,36,108,48,130"/><W98/><G114/><T76/><D122/><U116/><E104/><V120/><F120/><W52/><G36/><T106/><D33/><U112/><E112/><V23/><F28/><W83/><G127/><T42/><D125/><U59/><E116/><V6/><F107/><W39/><G39/><T133/><D70/><U105/><E105/><V3/><F99/><W89/><G130/><T43/><D111/><U2/><E2/><V41/><F84/><N who="3" m="50319" /><G75/><T93/><D76/><U8/><E37/><V129/><F129/><W124/><G124/><T0/><D102/><U40/><E94/><V117/><F117/><W128/><G128/><T56/><D106/><U5/><E24/><V123/><F123/><W119/><G119/><T87/><D95/><U29/><E29/><V62/><F3/><W32/><G32/><T55/><D57/><U19/><REACH who="1" step="1"/><E66/><REACH who="1" ten="195,200,333,262" step="2"/><V103/><REACH who="2" step="1"/><F67/><REACH who="2" ten="195,200,323,262" step="2"/><W77/><G108/><T25/><D0/><U68/><E68/><AGARI ba="0,2" hai="4,6,23,26,31,38,41,46,62,65,68,92,97,103" machi="68" ten="30,7700,0" yaku="1,1,2,1,7,1,53,1" doraHai="7" doraHaiUra="20" who="2" fromWho="1" sc="195,0,200,-77,323,97,262,0" />
</Scene>
<Scene>
<INIT seed="4,0,0,5,2,76" ten="195,123,420,262" oya="0" hai0="45,79,130,29,131,13,30,19,32,97,66,119,118" hai1="33,11,8,58,64,110,34,90,109,82,95,16,52" hai2="26,125,86,105,17,35,40,80,23,53,62,46,112" hai3="77,85,43,68,92,7,65,89,54,5,27,21,94"/><T134/><D66/><U36/><E36/><V91/><F125/><W18/><G43/><T67/><D67/><U132/><E64/><V87/><F105/><W117/><G117/><N who="0" m="44555" /><D45/><U88/><E34/><V120/><F120/><W20/><G68/><T83/><D97/><N who="1" m="57575" /><E33/><V107/><F35/><W128/><G65/><T55/><D55/><U102/><E110/><V59/><F112/><W28/><G77/><T0/><D0/><U9/><E109/><V127/><F127/><W115/><G115/><T15/><D32/><U25/><E132/><V81/><F107/><W37/><G37/><T49/><D49/><N who="1" m="30991" /><E102/><V51/><F87/><W71/><G71/><T101/><D101/><U108/><E108/><V14/><F81/><W44/><G92/><T103/><D103/><U121/><E121/><V84/><F84/><W41/><G54/><T22/><D134/><U129/><E129/><V57/><F57/><W2/><G128/><N who="0" m="49195" /><D83/><U106/><E106/><V98/><F98/><W96/><G2/><T63/><D79/><U124/><E124/><V111/><F111/><W12/><G96/><T78/><D78/><U126/><E126/><V104/><F104/><W38/><AGARI ba="0,0" hai="5,7,12,18,20,21,27,28,38,41,44,85,89,94" machi="38" ten="20,1500,0" yaku="0,1,7,1" doraHai="76" who="3" fromWho="3" sc="195,-7,123,-4,420,-4,262,15" />
</Scene>
<Scene>
<INIT seed="5,0,0,2,4,120" ten="188,119,416,277" oya="1" hai0="9,75,28,18,135,105,59,13,69,47,123,67,114" hai1="76,96,49,44,83,99,45,116,71,62,30,128,7" hai2="17,34,1,68,24,93,121,26,58,39,21,12,22" hai3="85,61,80,124,23,51,63,84,78,55,8,64,38"/><U132/><E116/><V113/><F68/><W89/><G38/><T53/><D75/><U73/><E30/><V107/><F107/><W5/><G124/><T0/><D105/><U52/><E7/><V122/><F39/><W74/><G23/><T2/><D123/><U97/><E128/><V81/><F1/><W16/><G64/><T101/><D101/><U92/><E132/><V4/><F81/><N who="3" m="47159" /><G74/><T90/><D28/><U33/><E33/><V82/><F82/><W134/><G5/><T102/><D102/><U25/><E25/><V108/><F93/><W42/><G42/><T56/><D114/><U46/><REACH who="1" step="1"/><E92/><REACH who="1" ten="188,109,416,277" step="2"/><V15/><F34/><W131/><G134/><T112/><D135/><U57/><E57/><V70/><F58/><N who="3" m="33151" /><G131/><T6/><D59/><U48/><E48/><V40/><F4/><W60/><G61/><T115/><D2/><U87/><E87/><V27/><F27/><W126/><G126/><T50/><D56/><U119/><E119/><V66/><F24/><W31/><G31/><T118/><D118/><U127/><E127/><V10/><F26/><W20/><G63/><N who="0" m="40191" /><D0/><U98/><N who="1" m="24576" /><DORA hai="32" /><U106/><E106/><V3/><F122/><W11/><G60/><T104/><D104/><U77/><E77/><V72/><F121/><W65/><G65/><AGARI ba="0,1" hai="44,45,46,49,52,62,65,71,73,76,83" m="24576" machi="65" ten="50,4800,0" yaku="1,1,54,1,53,0" doraHai="120,32" doraHaiUra="130,133" who="1" fromWho="3" sc="188,0,109,58,416,0,277,-48" />
</Scene>
<Scene>
<INIT seed="5,1,0,5,0,76" ten="188,167,416,229" oya="1" hai0="127,99,64,71,40,79,133,49,96,26,57,53,103" hai1="67,73,35,10,84,123,5,29,125,44,116,131,129" hai2="110,107,52,75,51,48,80,87,37,38,47,120,132" hai3="27,31,93,102,88,22,81,82,130,8,94,112,134"/><U114/><E116/><V89/><F132/><W97/><G112/><T68/><D133/><U39/><E123/><V78/><F110/><W60/><G130/><N who="1" m="49674" /><E114/><V55/><F107/><W3/><G134/><T95/><D127/><U12/><E125/><V58/><REACH who="2" step="1"/><F120/><REACH who="2" ten="188,167,406,229" step="2"/><W98/><REACH who="3" step="1"/><G60/><REACH who="3" ten="188,167,406,219" step="2"/><T33/><D71/><U61/><E61/><V1/><F1/><W24/><G24/><T50/><D26/><U126/><E126/><V115/><F115/><W74/><G74/><T7/><D68/><U56/><E73/><V119/><F119/><W9/><G9/><T111/><D111/><U28/><E10/><V85/><F85/><W70/><G70/><T108/><D108/><U32/><E84/><V86/><F86/><W63/><G63/><T66/><D96/><U135/><E135/><V15/><F15/><W90/><G90/><T54/><D99/><U34/><E12/><V17/><F17/><W25/><G25/><T2/><D2/><U92/><E29/><V23/><F23/><W41/><G41/><T0/><D40/><U118/><E28/><V106/><F106/><W62/><G62/><T14/><D14/><U105/><E118/><V91/><F91/><W4/><AGARI ba="1,2" hai="3,4,8,22,27,31,81,82,88,93,94,97,98,102" machi="4" ten="30,8000,1" yaku="1,1,0,1,52,2,54,1,53,0" doraHai="76" doraHaiUra="43" who="3" fromWho="3" sc="188,-21,167,-41,406,-21,219,103" />
</Scene>
<Scene>
<INIT seed="6,0,0,3,2,29" ten="167,126,385,322" oya="2" hai0="84,28,38,19,61,40,128,81,75,53,56,65,77" hai1="43,97,134,105,83,34,23,45,131,132,88,64,59" hai2="102,103,36,82,124,80,35,79,117,85,66,87,107" hai3="1,122,67,49,76,12,73,100,101,113,5,106,69"/><V121/><F36/><W108/><G12/><T6/><D128/><U74/><E131/><V71/><F71/><W58/><G58/><T51/><D6/><U39/><E23/><V90/><F66/><W120/><G49/><T48/><D28/><U32/><E74/><V110/><F35/><W2/><G101/><T24/><D51/><U95/><E105/><V30/><F30/><W22/><G22/><N who="0" m="13407" /><D38/><U10/><E83/><V89/><F124/><W127/><G108/><T25/><D75/><U21/><E21/><V114/><F114/><W125/><G113/><T8/><D25/><U78/><E78/><V111/><F117/><W7/><G76/><T62/><D8/><U98/><E98/><V13/><F13/><W115/><G73/><T33/><D33/><U18/><E18/><V3/><F3/><W60/><G115/><T104/><D104/><U93/><E10/><V20/><F20/><W57/><G5/><T72/><D72/><U26/><E93/><V14/><F14/><W41/><G7/><T31/><D31/><U47/><E47/><V11/><F11/><W17/><G17/><T0/><D0/><U9/><E9/><V86/><F79/><W54/><G1/><T112/><D112/><U50/><E26/><V44/><F44/><W99/><G2/><T92/><D40/><U96/><E96/><N who="2" m="61895" /><F121/><N who="3" m="46699" /><G41/><T123/><D123/><U46/><E34/><V42/><F42/><W27/><G27/><T130/><D130/><U68/><E32/><V116/><F116/><W70/><G70/><N who="0" m="42287" /><D48/><U16/><E68/><V4/><F4/><W135/><G69/><RYUUKYOKU ba="0,0" sc="167,30,126,-10,385,-10,322,-10" hai0="53,56,62,77,81,84,92" />
</Scene>
<Scene>
<INIT seed="7,1,0,2,2,106" ten="197,116,375,312" oya="3" hai0="71,14,22,124,2,46,9,27,10,135,122,98,7" hai1="94,89,96,80,87,76,84,48,33,13,78,53,36" hai2="113,83,105,62,47,40,70,119,63,103,61,99,114" hai3="55,20,37,95,54,85,29,68,90,132,3,58,52"/><W120/><G120/><T117/><D71/><U75/><E36/><V67/><F119/><W6/><G68/><T126/><D117/><U123/><E33/><V39/><F83/><W12/><G37/><T101/><D122/><U25/><E123/><V72/><F72/><W19/><G132/><T97/><D135/><U0/><E0/><V109/><F109/><W44/><G44/><T50/><D10/><U26/><E75/><V129/><F129/><W17/><G29/><N who="0" m="17655" /><D101/><U31/><E31/><V134/><F134/><W24/><G3/><T66/><D66/><U69/><E69/><V86/><F86/><W74/><G74/><T77/><D77/><U42/><E42/><V100/><F103/><W125/><G125/><N who="0" m="48235" /><D2/><U65/><E65/><V56/><F70/><W116/><G116/><T115/><D115/><AGARI ba="1,0" hai="39,40,47,56,61,62,63,67,99,100,105,113,114,115" machi="115" ten="40,1300,0" yaku="15,1" doraHai="106" who="2" fromWho="0" sc="197,-16,116,0,375,16,312,0" owari="181,-22.0,116,-38.0,391,49.0,312,11.0" />
</Scene>
</mjloggm>