<mjloggm ver="2.3"><GO type="169" lobby="0"/><UN n0="%E3%83%A4%E3%82%AD%E3%83%B3" n1="%74%61%6B%61%79%79%79%79" n2="%E5%A4%AA%E3%81%8F%E3%81%AA%E3%81%84%E3%81%8A" n3="%E5%AE%89%E6%9C%AC%E5%BD%A9%E8%8A%B1" dan="17,16,19,17" rate="2158.74,2102.27,2278.89,2161.64" sx="M,M,F,F"/><TAIKYOKU oya="0"/>

<Scene>
<INIT seed="0,0,0,2,0,20" ten="250,250,250,250" oya="0" hai0="26,33,1,75,50,61,126,125,11,6,95,9,14" hai1="119,132,72,42,109,54,107,88,15,130,55,31,51" hai2="13,23,0,113,28,36,30,64,76,96,110,116,103" hai3="106,79,94,91,115,93,29,131,8,41,35,32,92"/><T57/><D75/><U84/><E119/><V49/><F0/><W90/><G115/><T77/><D77/><U108/><E107/><V85/><F36/><W99/><G131/><T118/><D118/><U37/><E132/><V122/><F122/><W62/><G106/><T124/><D50/><U133/><E133/><V78/><F110/><N who="1" m="42601" /><E130/><V89/><F64/><W66/><G41/><T7/><D95/><N who="1" m="54663" /><E37/><V25/><F30/><W18/><G79/><T86/><D86/><U114/><E114/><V68/><F68/><W112/><G112/><T74/><D74/><U127/><E127/><V80/><F116/><W121/><G121/><T52/><D33/><U19/><E31/><V10/><F49/><W24/><G35/><T81/><REACH who="0" step="1"/><D26/><REACH who="0" ten="240,250,250,250" step="2"/><U105/><E72/><V5/><REACH who="2" step="1"/><F113/><REACH who="2" ten="240,250,240,250" step="2"/><W82/><G99/><T129/><D129/><U27/><E51/><V134/><F134/><W21/><G82/><AGARI ba="0,2" hai="1,6,7,9,11,14,52,57,61,81,82,124,125,126" machi="82" ten="40,7700,0" yaku="1,1,18,1,54,1,53,0" doraHai="20" doraHaiUra="100" who="0" fromWho="3" sc="240,97,250,0,240,0,250,-77" />
</Scene>
<Scene>
<INIT seed="0,1,0,0,1,59" ten="337,250,240,173" oya="0" hai0="0,112,40,60,43,105,70,42,104,101,74,72,96" hai1="86,98,118,30,117,23,2,133,121,28,80,5,79" hai2="18,3,76,73,38,128,83,19,116,14,89,97,20" hai3="58,95,55,51,113,17,130,100,75,125,4,63,24"/><T108/><D112/><U50/><E121/><V13/><F3/><W39/><G113/><T34/><D0/><U110/><E110/><V32/><F32/><W12/><G125/><T65/><D108/><U45/><E133/><V69/><F38/><W29/><G75/><T49/><D49/><U10/><E98/><V126/><F126/><W61/><G130/><T48/><D105/><U135/><E135/><V66/><F128/><W54/><G39/><T122/><D122/><U120/><E120/><V52/><F116/><W114/><G114/><T107/><D107/><U129/><E129/><V124/><F124/><W6/><G100/><T53/><REACH who="0" step="1"/><D34/><REACH who="0" ten="327,250,240,173" step="2"/><U27/><E118/><V90/><F97/><W1/><G1/><T99/><D99/><U46/><E86/><V81/><F73/><W111/><G111/><T127/><D127/><U33/><E117/><V35/><F35/><W57/><G95/><T67/><D67/><U77/><E33/><V16/><F66/><W37/><G37/><T132/><D132/><U87/><E50/><V31/><F81/><W119/><G119/><T47/><AGARI ba="1,1" hai="40,42,43,47,48,53,60,65,70,72,74,96,101,104" machi="47" ten="30,11700,0" yaku="1,1,0,1,52,1,53,1" doraHai="59" doraHaiUra="93" who="0" fromWho="0" sc="327,130,250,-40,240,-40,173,-40" />
</Scene>
<Scene>
<INIT seed="0,2,0,3,4,84" ten="457,210,200,133" oya="0" hai0="17,65,80,78,79,107,32,20,102,109,108,10,61" hai1="126,8,6,30,26,29,64,14,25,9,15,125,55" hai2="116,36,60,7,16,73,87,18,96,106,101,88,132" hai3="39,75,57,117,110,59,62,44,28,111,95,51,35"/><T72/><D79/><U34/><E64/><V127/><F36/><W22/><G75/><T123/><D123/><U130/><E55/><V4/><F73/><W53/><G35/><T46/><D32/><N who="1" m="20527" /><E130/><V48/><F127/><N who="1" m="48649" /><E9/><V19/><F132/><W49/><G28/><T23/><D46/><U129/><E129/><V93/><F116/><W112/><G22/><T118/><D118/><U70/><E70/><V99/><F48/><W71/><G95/><T97/><D10/><U134/><E134/><V83/><REACH who="2" step="1"/><F60/><REACH who="2" ten="457,210,190,133" step="2"/><W5/><G117/><T2/><D72/><U120/><E120/><V90/><AGARI ba="2,1" hai="4,7,16,18,19,83,87,88,90,93,96,99,101,106" machi="90" ten="30,16000,3" yaku="1,1,2,1,0,1,52,2,54,2,53,2" doraHai="84" doraHaiUra="86" who="2" fromWho="2" sc="457,-82,210,-42,190,176,133,-42" />
</Scene>
<Scene>
<INIT seed="1,0,0,3,0,71" ten="375,168,366,91" oya="1" hai0="10,85,18,135,66,45,58,99,81,21,125,112,59" hai1="9,115,96,19,63,92,11,48,100,119,116,94,1" hai2="50,134,103,77,123,67,53,72,82,27,62,131,90" hai3="132,83,37,0,56,36,55,20,113,49,87,107,16"/><U6/><E115/><V75/><F123/><W24/><G113/><T14/><D112/><U126/><E126/><V98/><F131/><W25/><G132/><T84/><D135/><U109/><E109/><V76/><F134/><W89/><G0/><T47/><D125/><U22/><E11/><V39/><F39/><W117/><G117/><T129/><D129/><U106/><E63/><V54/><F90/><W5/><G5/><T29/><D99/><U127/><E127/><V114/><F114/><W60/><G107/><T64/><D59/><U43/><E94/><V68/><F50/><W122/><G122/><T65/><D58/><U26/><REACH who="1" step="1"/><E106/><REACH who="1" ten="375,158,366,91" step="2"/><V30/><F62/><W95/><G25/><N who="0" m="16559" /><D85/><U52/><E52/><V105/><F53/><W74/><REACH who="3" step="1"/><G60/><REACH who="3" ten="375,158,366,81" step="2"/><T35/><D66/><U38/><E38/><V33/><F67/><W130/><G130/><T70/><D65/><U121/><E121/><V41/><F105/><W69/><G69/><T97/><D64/><U31/><E31/><V28/><F28/><W40/><G40/><T102/><D70/><U133/><E133/><V118/><F41/><W34/><G34/><T2/><D35/><U61/><E61/><V120/><F120/><W93/><G93/><N who="0" m="58671" /><D2/><U42/><E42/><V78/><F68/><W46/><G46/><AGARI ba="0,2" hai="1,6,9,19,22,26,43,46,48,92,96,100,116,119" machi="46" ten="40,3900,0" yaku="1,1,53,1" doraHai="71" doraHaiUra="3" who="1" fromWho="3" sc="375,0,158,59,366,0,81,-39" />
</Scene>
<Scene>
<INIT seed="1,1,0,2,2,29" ten="375,217,366,42" oya="1" hai0="70,87,51,110,33,128,52,133,112,64,131,55,20" hai1="28,2,15,111,3,105,18,135,78,80,71,1,10" hai2="81,14,47,108,30,53,27,0,122,68,41,40,16" hai3="83,94,34,57,66,93,97,79,69,65,5,116,130"/><U89/><E105/><V54/><F122/><W12/><G69/><T58/><D112/><U76/><E71/><V62/><F0/><W114/><G114/><T88/><D33/><U38/><E38/><V50/><F108/><W104/><G130/><N who="0" m="49707" /><D110/><U37/><E37/><V103/><F103/><W17/><G116/><T13/><D133/><U102/><E111/><V23/><F81/><W120/><G120/><T35/><D35/><U117/><E117/><V125/><F125/><W129/><G129/><T92/><D55/><U59/><E135/><V61/><F68/><W25/><G5/><T24/><D70/><U44/><E44/><V9/><REACH who="2" step="1"/><F53/><REACH who="2" ten="375,217,356,42" step="2"/><W106/><G83/><T74/><D64/><U109/><E80/><V96/><F96/><W126/><G65/><T11/><D74/><U60/><E102/><V26/><F26/><W31/><G126/><T42/><D42/><AGARI ba="1,1" hai="9,14,16,23,27,30,40,41,42,47,50,54,61,62" machi="42" ten="40,5200,0" yaku="1,1,8,1,54,1,53,0" doraHai="29" doraHaiUra="77" who="2" fromWho="0" sc="375,-55,217,0,356,65,42,0" />
</Scene>
<Scene>
<INIT seed="2,0,0,2,5,112" ten="320,217,421,42" oya="2" hai0="84,82,99,8,50,57,69,111,122,96,59,49,36" hai1="19,120,81,44,5,63,108,71,66,72,6,117,15" hai2="67,102,27,58,105,113,34,39,51,9,48,126,47" hai3="62,118,55,35,94,107,125,87,115,56,40,16,31"/><V130/><F113/><W60/><G118/><T21/><D36/><U32/><E32/><V28/><F126/><W65/><G107/><T121/><D69/><U131/><E131/><V0/><F130/><W7/><G125/><T17/><D111/><U3/><E108/><V134/><F134/><W95/><G115/><T109/><D109/><U26/><E26/><V86/><F86/><W92/><G7/><T33/><D33/><U124/><E117/><V54/><F39/><W106/><G106/><T24/><D121/><U23/><E124/><V75/><F75/><W110/><G110/><T25/><D122/><U116/><E116/><V114/><F114/><W29/><G40/><T43/><D8/><U98/><E120/><V10/><F0/><W80/><G35/><T18/><D43/><U119/><E98/><N who="0" m="37417" /><D18/><U68/><E68/><V61/><F105/><W135/><G135/><T11/><D11/><U53/><E3/><V93/><F93/><W37/><G37/><T64/><D25/><U13/><E13/><V133/><F102/><W14/><G65/><T41/><D41/><U127/><E127/><V85/><F85/><W52/><G80/><T101/><D101/><U42/><E119/><V132/><F132/><W79/><G79/><N who="0" m="46175" /><D64/><U30/><E30/><V1/><F133/><W74/><G87/><T45/><D45/><U129/><E42/><N who="2" m="24695" /><F1/><W2/><G2/><T70/><D70/><U104/><E71/><N who="2" m="42479" /><F10/><N who="3" m="6231" /><G74/><T20/><D20/><U90/><E23/><N who="2" m="15487" /><F9/><W77/><G77/><T97/><D97/><U78/><E66/><V22/><F34/><W38/><G38/><RYUUKYOKU ba="0,0" sc="320,10,217,-30,421,10,42,10" hai0="17,21,24,49,50,57,59" hai2="22,51,54,58" hai3="29,31,52,55,56,60,62,92,94,95" />
</Scene>
<Scene>
<INIT seed="2,1,0,1,3,33" ten="330,187,431,52" oya="2" hai0="74,79,0,29,83,97,26,36,103,61,128,64,50" hai1="81,39,98,121,111,77,69,122,59,19,10,108,14" hai2="66,41,44,107,73,42,93,27,86,113,24,88,87" hai3="21,106,68,80,112,94,57,31,76,130,56,17,62"/><V75/><F113/><W20/><G106/><N who="0" m="63855" /><D50/><U53/><E69/><V46/><F107/><W16/><G130/><T71/><D128/><U78/><E98/><V32/><F66/><W48/><G112/><T51/><D51/><N who="1" m="31167" /><E39/><V91/><F93/><W5/><G31/><T131/><D131/><U9/><E9/><V133/><REACH who="2" step="1"/><F32/><REACH who="2" ten="330,187,421,52" step="2"/><W47/><G94/><T38/><D0/><U116/><E116/><V22/><F22/><W54/><G20/><T52/><D52/><U100/><E122/><V2/><F2/><W105/><G105/><T63/><D63/><U60/><E60/><V30/><F30/><W67/><G5/><T55/><D55/><U49/><E121/><V90/><F90/><W99/><G99/><T1/><D1/><U72/><E100/><V7/><F7/><W3/><G3/><T132/><D132/><AGARI ba="1,1" hai="24,27,41,42,44,46,73,75,86,87,88,91,132,133" machi="132" ten="25,18000,2" yaku="1,1,22,2,54,1,53,2" doraHai="33" doraHaiUra="40" who="2" fromWho="0" sc="330,-183,187,0,421,193,52,0" />
</Scene>
<Scene>
<INIT seed="2,2,0,2,4,43" ten="147,187,614,52" oya="2" hai0="29,133,73,80,46,3,12,21,37,134,127,1,129" hai1="26,35,64,83,108,60,9,20,119,98,94,69,28" hai2="45,75,79,51,93,49,42,89,99,120,128,87,77" hai3="135,115,23,7,88,97,90,102,48,132,14,47,67"/><V36/><F120/><W109/><G109/><T62/><D127/><U126/><E119/><V86/><F128/><W18/><G115/><T53/><D129/><U123/><E126/><V65/><F75/><W44/><G67/><T57/><D73/><U100/><E108/><V68/><F68/><W34/><G34/><T104/><D104/><U70/><E123/><V30/><F65/><W116/><G116/><T96/><D96/><U16/><E9/><V130/><F130/><W5/><G48/><T110/><D80/><U118/><E118/><V19/><F30/><W31/><G31/><T40/><D110/><U32/><E83/><V78/><F36/><W24/><G24/><T103/><D103/><U13/><REACH who="1" step="1"/><E70/><REACH who="1" ten="147,177,614,52" step="2"/><V111/><F111/><W113/><G113/><T122/><D122/><U50/><E50/><V125/><F125/><W54/><G5/><T82/><D82/><U84/><E84/><V55/><F87/><W17/><G7/><T114/><D114/><U101/><E101/><V10/><F86/><W121/><G121/><T2/><D134/><N who="3" m="51241" /><G102/><T131/><D133/><U66/><E66/><V63/><F51/><W106/><G97/><T4/><D131/><U92/><E92/><V38/><F49/><W39/><G106/><T61/><D4/><U6/><E6/><V8/><F93/><W11/><G39/><T33/><D62/><U112/><E112/><V58/><F99/><W95/><G54/><T52/><D53/><U91/><E91/><N who="3" m="34858" /><G95/><T124/><D124/><U41/><E41/><V27/><F89/><W22/><G11/><T59/><D37/><RYUUKYOKU ba="2,1" sc="147,-30,177,10,614,10,52,10" hai1="13,16,20,26,28,32,35,60,64,69,94,98,100" hai2="8,10,19,27,38,42,45,55,58,63,77,78,79" hai3="14,17,18,22,23,44,47" />
</Scene>
<Scene>
<INIT seed="2,3,1,0,5,81" ten="117,187,624,62" oya="2" hai0="47,49,93,44,3,77,59,126,122,66,29,32,91" hai1="14,132,84,17,129,68,28,89,118,16,75,99,102" hai2="1,80,96,100,58,128,18,111,61,110,13,25,12" hai3="103,67,42,26,24,56,134,22,30,131,112,70,35"/><V121/><F1/><W40/><G134/><T73/><D3/><U114/><E118/><V27/><F121/><W107/><G131/><T127/><D122/><U20/><E114/><V97/><F128/><W124/><G124/><N who="0" m="47659" /><D77/><U116/><E116/><V72/><F72/><W51/><G112/><T62/><D73/><U57/><E68/><V76/><F80/><W78/><G78/><T64/><D64/><U0/><E0/><V106/><F96/><N who="3" m="61927" /><G51/><T108/><D108/><N who="2" m="41514" /><F76/><W39/><G56/><T7/><D7/><U135/><E129/><V133/><F133/><N who="1" m="51273" /><E75/><V63/><F12/><W23/><G39/><T82/><D82/><N who="1" m="49303" /><E57/><V101/><F101/><W98/><G98/><N who="0" m="57663" /><D49/><U105/><E14/><V109/><F109/><W52/><G26/><AGARI ba="3,1" hai="26,29,32,44,47,59,62,66" m="57663,47659" machi="26" ten="30,1000,0" yaku="18,1" doraHai="81" who="0" fromWho="3" sc="117,29,187,0,624,0,62,-19" /><AGARI ba="3,0" hai="16,17,20,26,28,99,102,105" m="49303,51273" machi="26" ten="30,3900,0" yaku="20,1,52,1,54,1" doraHai="81" who="1" fromWho="3" sc="146,0,187,39,624,0,43,-39" />
</Scene>
<Scene>
<INIT seed="3,0,0,0,2,61" ten="146,226,624,4" oya="3" hai0="7,13,125,9,79,98,40,39,8,123,119,47,99" hai1="54,69,4,29,117,15,85,25,26,133,77,23,90" hai2="14,106,38,24,12,56,76,55,65,80,3,92,130" hai3="44,89,116,30,64,68,6,36,107,88,20,50,97"/><W1/><G116/><T27/><D119/><U62/><E133/><V67/><F106/><W5/><G36/><T113/><D123/><U83/><E117/><V91/><F3/><W17/><G30/><T21/><D125/><U45/><E69/><V75/><F38/><W66/><G68/><T18/><D113/><U84/><E26/><V16/><F14/><N who="3" m="9271" /><G1/><T101/><D101/><U109/><E109/><V82/><F82/><W22/><G107/><T131/><D131/><U51/><E62/><V103/><F103/><W31/><G31/><T122/><D122/><U115/><E115/><V81/><F81/><W33/><G33/><T126/><D126/><U108/><E108/><V63/><F130/><W102/><G102/><T0/><D79/><U28/><E28/><AGARI ba="0,0" hai="0,7,8,9,13,18,21,27,28,39,40,47,98,99" machi="28" ten="30,1000,0" yaku="7,1" doraHai="61" who="0" fromWho="1" sc="146,10,226,-10,624,0,4,0" />
</Scene>
<Scene>
<INIT seed="4,0,0,4,4,65" ten="156,216,624,4" oya="0" hai0="85,133,84,77,34,131,5,19,89,48,79,115,8" hai1="44,1,126,7,88,66,37,49,64,72,3,81,100" hai2="75,71,9,91,60,103,129,38,123,69,101,93,6" hai3="11,76,118,2,132,53,54,124,30,86,110,70,67"/><T25/><D115/><U73/><E126/><V80/><F38/><W68/><G110/><T105/><D105/><U4/><E100/><V57/><F71/><W125/><G118/><T83/><D133/><U134/><E49/><V104/><F69/><N who="3" m="26731" /><G30/><T15/><D131/><U24/><E134/><V109/><F9/><W20/><G132/><T13/><D25/><U108/><E88/><V28/><F6/><N who="3" m="1495" /><G67/><T122/><D122/><U74/><E74/><V22/><F75/><W107/><G20/><T58/><D34/><U98/><E98/><V14/><F22/><W114/><G114/><T31/><D31/><U102/><E102/><V33/><F101/><W95/><G107/><T112/><D112/><U59/><E59/><V128/><F57/><W120/><G120/><T42/><D85/><U55/><E55/><V56/><F123/><W45/><G45/><N who="0" m="25655" /><D58/><U35/><E81/><V130/><F80/><W82/><G95/><T51/><D51/><U63/><E108/><V0/><F109/><W90/><G76/><T46/><D46/><U41/><E44/><V121/><F121/><W10/><G10/><AGARI ba="0,0" hai="5,8,10,13,15,19,77,79,83,84,89" m="25655" machi="10" ten="30,1500,0" yaku="8,1" doraHai="65" who="0" fromWho="3" sc="156,15,216,0,624,0,4,-15" owari="171,-23.0,216,2.0,624,72.0,-11,-51.0" />
</Scene>
</mjloggm>