<mjloggm ver="2.3"><GO type="169" lobby="0"/><UN n0="%E7%94%9F%E3%81%8D%E3%81%A6%E3%81%A6%E3%82%88%E3%81%8B%E3%81%A3%E3%81%9F" n1="%E3%83%94%E3%82%AB%E5%90%BE%E9%83%8E" n2="%E3%81%AE%E3%81%B3%E3%81%97%E3%82%8D%E2%99%82" n3="%E5%A4%AA%E3%81%8F%E3%81%AA%E3%81%84%E3%81%8A" dan="16,16,16,18" rate="2077.86,2122.67,2008.59,2235.43" sx="M,M,M,M"/><TAIKYOKU oya="0"/>

<Scene>
<INIT seed="0,0,0,2,3,4" ten="250,250,250,250" oya="0" hai0="21,70,102,61,121,90,120,110,10,84,107,92,13" hai1="57,106,133,35,48,83,129,132,11,12,62,63,25" hai2="64,53,80,109,100,108,9,30,6,119,40,71,3" hai3="69,114,33,52,22,47,17,58,54,130,88,28,74"/><T46/><D110/><U49/><E106/><V103/><F119/><W111/><G69/><T89/><D21/><U24/><E83/><V56/><F71/><W34/><G114/><T94/><D107/><U68/><E63/><V72/><F64/><W105/><G74/><T95/><D46/><U99/><E99/><V79/><F30/><W36/><G105/><T15/><D15/><U1/><E1/><V41/><F103/><W19/><G111/><N who="2" m="42569" /><F100/><W42/><G130/><T7/><D102/><U26/><E68/><V8/><F8/><W45/><G28/><T20/><D20/><U85/><E85/><V112/><F112/><W65/><G65/><T128/><D128/><U16/><E35/><V135/><F135/><N who="1" m="51785" /><E129/><V18/><F18/><W127/><G19/><T118/><D118/><U116/><E116/><V60/><AGARI ba="0,0" hai="3,6,9,40,41,53,56,60,72,79,80" m="42569" machi="60" ten="30,2000,0" yaku="14,1,52,1" doraHai="4" who="2" fromWho="2" sc="250,-10,250,-5,250,20,250,-5" />
</Scene>
<Scene>
<INIT seed="1,0,0,4,5,105" ten="240,245,270,245" oya="1" hai0="8,7,6,5,24,36,87,66,18,51,80,69,123" hai1="108,45,126,78,68,117,72,12,84,116,1,135,9" hai2="101,70,134,112,62,29,86,130,73,100,90,103,20" hai3="104,38,32,34,65,3,10,132,58,118,96,88,15"/><U44/><E68/><V47/><F134/><W125/><G3/><T89/><D36/><U114/><E1/><V81/><F130/><W91/><G38/><T16/><D123/><U120/><E114/><V48/><F112/><W37/><G37/><T19/><D69/><U97/><E120/><V107/><F107/><W42/><G42/><T49/><D66/><U59/><E135/><V28/><F20/><W30/><G132/><T17/><REACH who="0" step="1"/><D24/><REACH who="0" ten="230,245,270,245" step="2"/><U4/><E117/><V14/><F70/><W76/><G65/><T83/><D83/><U92/><E116/><V113/><F81/><W60/><G118/><T52/><D52/><U94/><E126/><V127/><F127/><W25/><G25/><T56/><D56/><U93/><E59/><V61/><F113/><W35/><G58/><T11/><D11/><U106/><E45/><V55/><F47/><W31/><G125/><T129/><D129/><U67/><E44/><V23/><F55/><W109/><G109/><T0/><D0/><U128/><E67/><V43/><F43/><W133/><G133/><T85/><D85/><U79/><E84/><V64/><F86/><W99/><G99/><T50/><D50/><U98/><E108/><V121/><F48/><W111/><G96/><N who="1" m="36970" /><E106/><V26/><F64/><W13/><G104/><T33/><D33/><U46/><E128/><V77/><F121/><W39/><G111/><T27/><D27/><U82/><E46/><V75/><F26/><N who="3" m="18519" /><G34/><T21/><D21/><U40/><E40/><V119/><F23/><W71/><G35/><T57/><D57/><U41/><E41/><RYUUKYOKU ba="0,1" sc="230,15,245,15,270,-15,245,-15" hai0="5,6,7,8,16,17,18,19,49,51,80,87,89" hai1="4,9,12,72,78,79,82,92,93,94" />
</Scene>
<Scene>
<INIT seed="1,1,1,1,4,80" ten="245,260,255,230" oya="1" hai0="111,81,37,57,21,4,51,128,38,102,75,95,34" hai1="78,110,29,127,105,18,118,97,13,73,30,53,28" hai2="130,2,122,125,43,134,60,0,114,27,117,10,35" hai3="44,88,124,1,59,91,5,58,120,7,92,83,41"/><U55/><E118/><V8/><F43/><W107/><G107/><T36/><D34/><U65/><E127/><V31/><F60/><W20/><G120/><T104/><D104/><U16/><E65/><V135/><F122/><W54/><G124/><T103/><D4/><N who="3" m="1609" /><G1/><N who="2" m="617" /><F125/><W77/><G41/><T85/><D111/><U9/><E110/><V48/><F48/><N who="3" m="28935" /><G20/><T93/><D128/><U113/><E113/><V3/><F117/><W15/><G15/><T32/><D32/><U23/><E105/><V46/><F46/><W106/><G106/><T61/><D51/><U49/><E49/><V133/><F3/><W39/><G39/><T112/><D112/><U62/><E62/><V115/><F130/><W84/><G77/><T121/><D121/><U82/><REACH who="1" step="1"/><E97/><AGARI ba="1,1" hai="58,59,83,84,88,91,92,97" m="28935,1609" machi="97" ten="30,3900,0" yaku="8,1,52,1,54,1" doraHai="80" who="3" fromWho="1" sc="245,0,260,-42,255,0,230,52" />
</Scene>
<Scene>
<INIT seed="2,0,0,1,5,96" ten="245,218,255,282" oya="2" hai0="76,91,80,83,25,13,131,97,89,32,27,125,8" hai1="2,48,94,100,88,85,84,75,61,105,38,132,127" hai2="42,7,11,108,19,30,64,115,66,39,17,57,26" hai3="70,128,31,117,59,79,103,6,99,24,51,121,124"/><V116/><F116/><W43/><G70/><T60/><D131/><U101/><E38/><V23/><F115/><W102/><G117/><T1/><D1/><U50/><E2/><V113/><F113/><W81/><G121/><T54/><D125/><U134/><E75/><V110/><F42/><W126/><G128/><T40/><D40/><U9/><E105/><V58/><F39/><W109/><G109/><N who="2" m="42089" /><F58/><W82/><G6/><T12/><D32/><U0/><E127/><N who="3" m="48682" /><G99/><T10/><D97/><U4/><E85/><V112/><F112/><W35/><G82/><T33/><D33/><U98/><E84/><V46/><F46/><N who="3" m="26079" /><G59/><T93/><D76/><U129/><E129/><V133/><F133/><N who="1" m="51305" /><E61/><N who="2" m="37935" /><F66/><W69/><G69/><T49/><D60/><U90/><E90/><V52/><F52/><W14/><G14/><AGARI ba="0,0" hai="7,11,14,17,19,23,26,30" m="37935,42089" machi="14" ten="30,2900,0" yaku="14,1,10,1" doraHai="96" who="2" fromWho="3" sc="245,0,218,0,255,29,282,-29" />
</Scene>
<Scene>
<INIT seed="2,1,0,4,5,107" ten="245,218,284,253" oya="2" hai0="101,59,15,120,76,109,135,3,94,112,118,75,48" hai1="115,20,6,64,103,52,88,50,53,44,79,24,70" hai2="40,65,71,63,14,13,35,2,130,73,111,31,33" hai3="23,131,126,117,62,82,60,67,84,12,89,96,30"/><V41/><F130/><W36/><G117/><T10/><D3/><U72/><E115/><V98/><F2/><W49/><G36/><T47/><D109/><U83/><E103/><V39/><F111/><W18/><G131/><T34/><D135/><U45/><E6/><V87/><F73/><W11/><G126/><T29/><D120/><U104/><E104/><V32/><F31/><W66/><G96/><T43/><D118/><U132/><E132/><V42/><F39/><W25/><REACH who="3" step="1"/><G49/><REACH who="3" ten="245,218,284,243" step="2"/><T57/><D48/><U85/><E45/><V110/><F110/><W68/><G68/><T93/><D47/><U7/><E50/><V113/><F113/><W8/><G8/><T116/><D10/><U55/><E44/><V90/><REACH who="2" step="1"/><F98/><REACH who="2" ten="245,218,274,243" step="2"/><W91/><G91/><T92/><D112/><U58/><E88/><V28/><F28/><W74/><G74/><T121/><D75/><U0/><E72/><V81/><AGARI ba="1,2" hai="13,14,32,33,35,40,41,42,63,65,71,81,87,90" machi="81" ten="40,12000,1" yaku="1,1,0,1,53,3" doraHai="107" doraHaiUra="37" who="2" fromWho="2" sc="245,-41,218,-41,274,143,243,-41" />
</Scene>
<Scene>
<INIT seed="2,2,0,0,2,64" ten="204,177,417,202" oya="2" hai0="28,45,27,97,29,37,68,105,85,47,3,98,128" hai1="1,67,15,8,74,23,87,78,66,92,127,30,71" hai2="19,108,126,53,36,4,134,130,55,22,39,58,33" hai3="54,14,6,79,81,95,46,86,131,0,60,111,75"/><V43/><F33/><W115/><G111/><T91/><D3/><U110/><E74/><V51/><F4/><W116/><G116/><T26/><D85/><U83/><E1/><V121/><F121/><W31/><G131/><T89/><D37/><U32/><E32/><V76/><F76/><W56/><G115/><T102/><D102/><U133/><E133/><V132/><F130/><W73/><G0/><T13/><D13/><U63/><E127/><V117/><F117/><W7/><G31/><T59/><D59/><U48/><E67/><V2/><F2/><W50/><G75/><T113/><D128/><U114/><E114/><V90/><F126/><W25/><G25/><T124/><D124/><U11/><E110/><V34/><F34/><W84/><G84/><T118/><D118/><U62/><E92/><V94/><F108/><W12/><G73/><T16/><D113/><U5/><E11/><V24/><F55/><W112/><G112/><T119/><D119/><U82/><E82/><V18/><F18/><W93/><G14/><T88/><D89/><U72/><E72/><V10/><F10/><N who="3" m="4183" /><G7/><T44/><D44/><U101/><E66/><AGARI ba="2,0" hai="46,50,54,56,60,66,79,81,86,93,95" m="4183" machi="66" ten="30,1000,0" yaku="8,1" doraHai="64" who="3" fromWho="1" sc="204,0,177,-16,417,0,202,16" />
</Scene>
<Scene>
<INIT seed="3,0,0,5,1,108" ten="204,161,417,218" oya="3" hai0="7,124,76,13,39,135,44,24,105,61,132,25,10" hai1="55,87,94,125,60,23,102,133,111,109,29,115,53" hai2="75,106,123,107,99,70,66,2,68,69,35,95,92" hai3="48,34,20,118,88,26,52,64,104,12,49,81,72"/><W6/><G118/><T77/><D105/><U63/><E125/><V21/><F35/><W122/><G122/><T120/><D120/><U57/><E133/><N who="0" m="51273" /><D124/><U89/><E102/><V74/><F2/><W79/><G104/><T126/><D126/><U128/><E128/><V114/><F66/><W90/><G64/><T11/><D11/><U22/><E115/><V19/><F123/><W8/><G34/><T59/><D44/><U0/><E0/><V113/><F69/><W58/><REACH who="3" step="1"/><G49/><REACH who="3" ten="204,161,417,208" step="2"/><T42/><D39/><U40/><E109/><V82/><F107/><W97/><G97/><T31/><D42/><U98/><E40/><V62/><F99/><W33/><G33/><N who="0" m="20711" /><D25/><U129/><E111/><V73/><F106/><W112/><G112/><T101/><D101/><U36/><E36/><V28/><F114/><W32/><G32/><T43/><D43/><U78/><E129/><V47/><F113/><W17/><AGARI ba="0,1" hai="6,8,12,17,20,26,48,52,58,72,79,81,88,90" machi="17" ten="20,18000,2" yaku="1,1,0,1,7,1,54,2,53,1" doraHai="108" doraHaiUra="9" who="3" fromWho="3" sc="204,-60,161,-60,417,-60,208,190" />
</Scene>
<Scene>
<INIT seed="3,1,0,2,2,99" ten="144,101,357,398" oya="3" hai0="113,26,38,89,88,108,17,70,22,112,110,95,123" hai1="135,98,65,30,62,2,84,0,124,118,69,93,55" hai2="129,68,103,57,52,86,27,32,28,53,41,42,63" hai3="35,49,128,12,7,11,43,61,25,75,14,51,106"/><W121/><G121/><T67/><D38/><U33/><E135/><V23/><F129/><W29/><G75/><T126/><D123/><U117/><E124/><V19/><F68/><W36/><G128/><T40/><D40/><U122/><E122/><V83/><F53/><W94/><G106/><T114/><D126/><U8/><E84/><V37/><F37/><W102/><G61/><N who="0" m="40303" /><D89/><U77/><E77/><V60/><F60/><W6/><G36/><T109/><D88/><N who="1" m="55591" /><E55/><V100/><F42/><W130/><G130/><T4/><D95/><U127/><E8/><V47/><F47/><W105/><G105/><T13/><D4/><U115/><E115/><V64/><F64/><W119/><G119/><N who="1" m="45578" /><E127/><V82/><F41/><W132/><G132/><T20/><D114/><U15/><E15/><V97/><F97/><W16/><G43/><T50/><D50/><U18/><E18/><AGARI ba="1,0" hai="13,17,18,20,22,26,108,109,110,112,113" m="40303" machi="18" ten="40,1300,0" yaku="14,1" doraHai="99" who="0" fromWho="1" sc="144,16,101,-16,357,0,398,0" />
</Scene>
<Scene>
<INIT seed="4,0,0,4,3,3" ten="160,85,357,398" oya="0" hai0="52,47,127,24,91,128,21,55,110,135,102,58,96" hai1="65,51,129,20,1,14,92,81,45,53,44,73,35" hai2="98,95,82,36,17,28,29,16,49,32,11,121,106" hai3="116,12,75,4,74,105,72,48,68,109,42,66,117"/><T25/><D127/><U57/><E35/><V34/><F36/><W83/><G105/><T90/><D128/><U114/><E1/><V54/><F106/><W64/><G109/><T33/><D110/><U125/><E125/><V71/><F71/><W37/><G37/><T18/><D135/><U84/><E129/><V8/><F121/><W40/><G83/><T46/><D46/><U111/><E111/><V87/><F32/><W80/><G80/><T63/><D33/><U38/><E114/><V93/><F34/><W22/><G22/><T56/><D47/><U104/><E104/><V61/><F61/><W113/><G113/><T126/><D126/><U134/><E134/><V108/><F108/><W70/><G48/><T115/><D115/><U43/><E92/><V76/><F93/><W0/><G0/><T101/><D25/><U10/><E20/><V13/><F17/><W79/><G79/><T133/><D133/><U107/><E107/><V77/><F8/><W86/><G86/><T50/><REACH who="0" step="1"/><D96/><REACH who="0" ten="150,85,357,398" step="2"/><U112/><E112/><V7/><F98/><W39/><G116/><T62/><D62/><N who="1" m="38095" /><E73/><V26/><F26/><W9/><G117/><T6/><D6/><N who="1" m="3415" /><E38/><V41/><F49/><W99/><G99/><T120/><D120/><U89/><E45/><V67/><F7/><W78/><G39/><T103/><AGARI ba="0,1" hai="18,21,24,50,52,55,56,58,63,90,91,101,102,103" machi="103" ten="30,11700,0" yaku="1,1,0,1,8,1,54,1,53,0" doraHai="3" doraHaiUra="5" who="0" fromWho="0" sc="150,127,85,-39,357,-39,398,-39" />
</Scene>
<Scene>
<INIT seed="4,1,0,1,2,51" ten="277,46,318,359" oya="0" hai0="32,44,22,42,21,86,16,131,77,75,132,84,11" hai1="13,8,78,53,63,103,20,72,50,110,90,31,98" hai2="91,112,38,47,125,6,118,61,87,115,57,48,106" hai3="18,111,54,33,99,123,120,97,109,95,85,129,104"/><T34/><D75/><U49/><E110/><N who="3" m="41994" /><G33/><T107/><D107/><U36/><E36/><V67/><F106/><W101/><G54/><T64/><D64/><U56/><E90/><V126/><F6/><W5/><G18/><T122/><D122/><N who="3" m="46633" /><G5/><T7/><D7/><U2/><E78/><V66/><F66/><W100/><G85/><T71/><D71/><U37/><E37/><V88/><F118/><W29/><G29/><T43/><D44/><U119/><E72/><V96/><F38/><W124/><G124/><N who="2" m="47721" /><F87/><W70/><G70/><T4/><D4/><U59/><E119/><V121/><F121/><W41/><G41/><T68/><D68/><U58/><E2/><V28/><F28/><W0/><G0/><T117/><D16/><N who="1" m="10255" /><E31/><V102/><F48/><N who="1" m="18537" /><E8/><V35/><F47/><W39/><G39/><T17/><D17/><U127/><E127/><V74/><F35/><W130/><AGARI ba="1,0" hai="95,97,99,100,101,104,129,130" m="46633,41994" machi="130" ten="40,5200,0" yaku="13,1,34,2" doraHai="51" who="3" fromWho="3" sc="277,-27,46,-14,318,-14,359,55" />
</Scene>
<Scene>
<INIT seed="5,0,0,5,3,15" ten="250,32,304,414" oya="1" hai0="40,111,76,91,130,12,39,54,132,22,52,68,126" hai1="108,120,85,66,4,3,73,26,25,77,60,114,7" hai2="112,87,0,53,95,34,24,37,86,11,102,119,17" hai3="71,58,78,74,21,56,5,92,101,64,80,27,45"/><U42/><E73/><V94/><F37/><W67/><G5/><T128/><D111/><U1/><E120/><V44/><F112/><W72/><G72/><T89/><D76/><U47/><E114/><V50/><F0/><W75/><G75/><T18/><D68/><U115/><E115/><V30/><F119/><W129/><G129/><N who="0" m="49771" /><D126/><U79/><E108/><V121/><F121/><W65/><G71/><T36/><D132/><U10/><E7/><V103/><F94/><W6/><G6/><T8/><D40/><U125/><E3/><V134/><F134/><W109/><G109/><T127/><D127/><U69/><E125/><V99/><F103/><W70/><G70/><T51/><D54/><U105/><E105/><V98/><F98/><W9/><G9/><T29/><D39/><U48/><REACH who="1" step="1"/><E85/><REACH who="1" ten="250,22,304,414" step="2"/><V88/><F87/><W35/><G74/><T113/><D113/><U96/><E96/><V97/><F86/><W84/><G84/><T32/><D32/><U83/><E83/><V33/><F99/><W28/><G35/><T16/><D36/><U38/><E38/><V116/><F97/><W104/><G104/><T63/><D91/><U59/><E59/><V93/><F88/><W55/><G80/><T124/><D89/><U131/><E131/><V57/><F57/><W20/><G58/><N who="0" m="35271" /><D124/><U90/><E90/><V19/><F95/><W133/><G56/><T2/><D2/><U49/><E49/><V23/><F93/><W81/><G92/><T122/><D122/><U46/><E46/><V41/><F44/><W82/><G45/><T135/><D51/><RYUUKYOKU ba="0,1" sc="250,-10,22,30,304,-10,414,-10" hai1="1,4,10,25,26,42,47,48,60,66,69,77,79" />
</Scene>
<Scene>
<INIT seed="5,1,1,3,2,97" ten="240,52,294,404" oya="1" hai0="95,40,43,39,72,34,103,46,83,77,18,92,117" hai1="57,13,80,100,65,9,116,16,118,47,76,35,107" hai2="37,93,63,88,64,112,94,67,130,12,22,102,73" hai3="91,135,89,61,28,14,111,78,70,23,42,113,62"/><U15/><E35/><V133/><F73/><W132/><G111/><T123/><D117/><U98/><E47/><V119/><F37/><W75/><G113/><T82/><D34/><U36/><E36/><V126/><F119/><W121/><G121/><T55/><D123/><U84/><E65/><V49/><F133/><W127/><G42/><T115/><D115/><U74/><E57/><V59/><F130/><W56/><G70/><T50/><D40/><U1/><E1/><V131/><F131/><W25/><G127/><T90/><D103/><U106/><E106/><V44/><F126/><W85/><G75/><T51/><D39/><U52/><E52/><N who="2" m="34279" /><F112/><W21/><G78/><T0/><D0/><U2/><E2/><V96/><F22/><W87/><G14/><T32/><D32/><U86/><E86/><N who="2" m="52375" /><F12/><W27/><G56/><T104/><D104/><U20/><REACH who="1" step="1"/><E74/><REACH who="1" ten="240,42,294,404" step="2"/><V24/><F67/><W129/><G129/><T66/><D66/><U110/><E110/><V3/><F3/><W8/><G85/><T54/><D72/><U48/><E48/><V125/><F125/><W79/><G87/><T7/><D43/><U30/><E30/><V69/><F64/><W29/><G29/><T6/><D46/><U33/><E33/><V31/><F69/><W68/><G28/><T17/><D54/><U122/><E122/><V81/><F49/><W101/><G68/><T38/><D38/><U71/><E71/><V41/><F44/><W10/><G62/><T5/><D55/><U4/><AGARI ba="1,2" hai="4,9,13,15,16,20,76,80,84,98,100,107,116,118" machi="4" ten="20,12000,1" yaku="1,1,0,1,7,1,52,1,54,1,53,0" doraHai="97" doraHaiUra="26" who="1" fromWho="1" sc="240,-41,42,143,294,-41,404,-41" />
</Scene>
<Scene>
<INIT seed="5,2,0,3,4,132" ten="199,185,253,363" oya="1" hai0="102,52,24,37,71,82,9,130,31,99,107,33,124" hai1="61,15,123,110,43,114,40,101,89,55,42,14,8" hai2="58,46,129,122,26,62,112,97,104,80,22,134,45" hai3="25,83,76,125,73,17,19,38,53,72,106,50,103"/><U109/><E123/><V18/><F122/><W75/><G38/><T131/><D9/><U92/><E101/><V77/><F134/><W116/><G116/><T66/><D82/><U41/><N who="1" m="10752" /><DORA hai="28" /><U6/><E114/><V4/><F129/><N who="0" m="49162" /><D52/><U29/><E29/><V81/><F112/><W119/><G25/><T68/><D37/><U59/><REACH who="1" step="1"/><E15/><REACH who="1" ten="199,175,253,363" step="2"/><V94/><F104/><W64/><G106/><T12/><D12/><U85/><AGARI ba="2,1" hai="6,8,14,55,59,61,85,89,92,109,110" m="10752" machi="85" ten="40,12000,1" yaku="1,1,2,1,0,1,53,2" doraHai="132,28" doraHaiUra="51,3" who="1" fromWho="1" sc="199,-42,175,136,253,-42,363,-42" />
</Scene>
<Scene>
<INIT seed="5,3,0,2,1,118" ten="157,311,211,321" oya="1" hai0="35,133,41,124,5,112,43,104,58,71,90,72,135" hai1="125,111,26,29,25,89,100,64,36,40,130,69,53" hai2="19,68,18,116,0,93,22,49,67,6,114,65,92" hai3="46,98,70,122,80,123,33,107,84,51,10,120,12"/><U42/><E100/><V59/><F116/><W62/><G33/><T14/><D71/><U47/><E40/><V81/><F68/><W11/><G107/><T34/><D104/><U1/><E1/><V101/><F19/><W126/><G98/><T48/><D72/><U115/><E64/><V94/><F101/><W24/><G24/><T17/><D5/><U61/><E26/><V75/><F114/><W113/><G113/><T57/><D112/><U83/><E115/><V15/><F0/><W108/><G108/><T91/><D124/><U88/><E125/><V9/><F75/><W31/><G31/><T78/><D78/><U23/><E130/><V13/><REACH who="2" step="1"/><F81/><REACH who="2" ten="157,311,201,321" step="2"/><W7/><G126/><T129/><D17/><U85/><E111/><V105/><F105/><W8/><G70/><T117/><D117/><U2/><E2/><V55/><AGARI ba="3,1" hai="6,9,13,15,18,22,49,55,59,65,67,92,93,94" machi="55" ten="30,4000,0" yaku="1,1,0,1,8,1,53,0" doraHai="118" doraHaiUra="20" who="2" fromWho="2" sc="157,-13,311,-23,201,59,321,-13" />
</Scene>
<Scene>
<INIT seed="6,0,0,5,0,49" ten="144,288,260,308" oya="2" hai0="87,46,77,92,22,70,27,61,106,51,132,73,24" hai1="34,88,10,6,126,90,68,125,108,111,4,7,91" hai2="76,107,99,20,5,47,26,52,103,14,95,122,130" hai3="116,50,0,117,101,57,133,35,80,48,94,82,60"/><V74/><F122/><W79/><G0/><T81/><D132/><U30/><E68/><V62/><F130/><W124/><G35/><T64/><D106/><U3/><E30/><V71/><F107/><W45/><G133/><T131/><D131/><U128/><E128/><V39/><F74/><W69/><G69/><T66/><D66/><U84/><E34/><V25/><F76/><W135/><G135/><T89/><REACH who="0" step="1"/><D22/><REACH who="0" ten="134,288,260,308" step="2"/><U33/><E33/><V53/><F20/><W9/><G117/><T23/><D23/><U21/><E21/><V36/><F26/><W93/><G116/><T119/><D119/><U12/><E3/><V55/><F25/><W97/><G124/><N who="1" m="47722" /><E111/><V38/><F71/><W113/><G113/><T58/><D58/><U63/><E108/><V100/><F47/><W134/><G45/><T118/><D118/><U13/><E13/><V114/><F114/><W67/><G134/><T104/><D104/><U96/><E12/><V44/><F44/><W15/><G15/><T86/><D86/><U120/><E84/><V37/><F14/><W16/><G67/><T83/><D83/><U78/><E120/><V41/><F5/><W59/><G82/><T1/><D1/><U40/><E6/><V112/><F112/><W121/><G121/><T32/><D32/><U18/><E7/><V42/><F62/><W17/><G60/><T54/><AGARI ba="0,1" hai="24,27,46,51,54,61,64,70,73,77,81,87,89,92" machi="54" ten="20,5200,0" yaku="1,1,0,1,7,1,52,1,53,0" doraHai="49" doraHaiUra="129" who="0" fromWho="0" sc="134,62,288,-13,260,-26,308,-13" />
</Scene>
<Scene>
<INIT seed="7,0,0,1,4,133" ten="196,275,234,295" oya="3" hai0="49,18,31,128,106,35,23,97,120,56,113,115,114" hai1="74,33,43,26,57,37,46,1,44,116,103,99,11" hai2="111,20,22,119,93,27,86,68,34,41,76,40,89" hai3="118,36,7,19,63,94,123,12,83,124,92,117,110"/><W5/><G123/><T98/><D120/><U78/><E57/><V84/><F111/><W6/><G36/><T134/><D134/><U96/><E46/><V72/><F119/><W0/><G0/><T105/><D128/><U51/><E51/><V3/><F3/><W32/><G32/><T2/><D2/><U45/><E45/><V75/><F34/><W39/><G39/><T9/><D9/><U4/><E103/><V14/><F68/><W66/><G124/><T53/><D31/><N who="1" m="19703" /><E116/><V81/><F14/><W80/><G110/><T10/><D10/><U50/><E50/><V28/><REACH who="2" step="1"/><F22/><REACH who="2" ten="196,275,224,295" step="2"/><N who="3" m="11623" /><G118/><T87/><D35/><U107/><E1/><V132/><F132/><W8/><G117/><T25/><D87/><U77/><E74/><AGARI ba="0,1" hai="20,27,28,40,41,72,74,75,76,81,84,86,89,93" machi="74" ten="40,1300,0" yaku="1,1,53,0" doraHai="133" doraHaiUra="129" who="2" fromWho="1" sc="196,0,275,-13,224,23,295,0" />
</Scene>
<Scene>
<INIT seed="8,0,0,0,2,6" ten="196,262,247,295" oya="0" hai0="134,67,116,44,135,121,101,8,20,60,35,30,21" hai1="55,99,36,74,87,23,63,1,132,93,125,27,61" hai2="98,57,117,34,50,80,122,120,73,104,42,38,10" hai3="84,48,106,124,31,82,115,40,126,83,130,112,51"/><T100/><D121/><U41/><E74/><V111/><F111/><W81/><G106/><T46/><D35/><U17/><E1/><V85/><F73/><W127/><G130/><T76/><D76/><U32/><E32/><V118/><F38/><W25/><G84/><T92/><D8/><U24/><E36/><V69/><F69/><W109/><G109/><T77/><D77/><U52/><E41/><V47/><F34/><N who="3" m="20847" /><G40/><T114/><D114/><AGARI ba="0,0" hai="48,51,81,82,83,112,114,115,124,126,127" m="20847" machi="114" ten="40,1300,0" yaku="18,1" doraHai="6" who="3" fromWho="0" sc="196,-13,262,0,247,0,295,13" owari="183,-32.0,262,6.0,247,-15.0,308,41.0" />
</Scene>
</mjloggm>