<mjloggm ver="2.3"><GO type="169" lobby="0"/><UN n0="%E3%81%84%E3%81%9F%E3%83%92%E3%83%AD" n1="%E3%81%BF%E3%82%85%E3%83%BC%E3%82%8B" n2="%E5%A4%AA%E3%81%8F%E3%81%AA%E3%81%84%E3%81%8A" n3="%72%79%6F%E2%80%A6%31%35" dan="16,16,19,17" rate="2096.77,2077.47,2322.65,2210.91" sx="M,M,F,M"/><TAIKYOKU oya="0"/>

<Scene>
<INIT seed="0,0,0,4,2,113" ten="250,250,250,250" oya="0" hai0="25,133,114,54,93,73,124,121,117,53,77,131,76" hai1="38,35,3,81,110,19,65,123,111,83,42,89,13" hai2="130,104,109,10,95,126,34,33,100,56,125,32,84" hai3="119,96,115,26,44,97,5,27,75,23,118,66,67"/><T112/><D73/><U49/><E3/><V36/><F36/><W128/><G75/><T134/><D25/><U68/><E35/><V12/><F109/><N who="1" m="41481" /><E38/><V31/><F104/><W14/><G115/><T16/><D93/><U0/><E0/><V92/><F130/><W52/><G128/><T116/><D131/><U90/><E123/><V63/><F31/><W88/><G5/><T127/><REACH who="0" step="1"/><D16/><REACH who="0" ten="240,250,250,250" step="2"/><U21/><E81/><V29/><F92/><W120/><G26/><T59/><D59/><U20/><E83/><V122/><F56/><W55/><G27/><T108/><D108/><U61/><E21/><V91/><F33/><W40/><G23/><T105/><D105/><U64/><E64/><V80/><F34/><W94/><G94/><T78/><D78/><U17/><E19/><V79/><F79/><W30/><G30/><T7/><D7/><U39/><E20/><V37/><F29/><W72/><G72/><T43/><D43/><U8/><E42/><V60/><F32/><W71/><G40/><T129/><D129/><U70/><E70/><V86/><F80/><W45/><G71/><T4/><D4/><U24/><E24/><V103/><F95/><W87/><G87/><T1/><D1/><U51/><E39/><V15/><F37/><W50/><G14/><T135/><D135/><U48/><AGARI ba="0,1" hai="8,13,17,48,49,51,61,65,68,89,90" m="41481" machi="48" ten="30,1100,0" yaku="14,1" doraHai="113" who="1" fromWho="1" sc="240,-5,250,21,250,-3,250,-3" />
</Scene>
<Scene>
<INIT seed="1,0,0,2,1,122" ten="235,271,247,247" oya="1" hai0="48,47,79,91,65,63,26,56,129,34,18,53,43" hai1="59,76,11,114,132,109,31,88,72,81,13,94,9" hai2="40,38,125,126,104,130,80,17,115,39,127,70,117" hai3="87,121,19,85,0,100,60,71,37,36,108,45,41"/><U10/><E114/><V66/><F104/><W73/><G73/><T120/><D120/><U64/><E132/><V105/><F105/><W68/><G121/><T74/><D129/><U8/><E31/><V119/><F17/><W112/><G0/><T35/><D74/><U110/><E64/><V62/><F80/><W50/><G100/><T23/><D79/><U33/><E59/><V20/><F20/><W30/><G30/><T133/><D133/><U123/><E33/><V124/><F124/><W131/><G112/><T42/><D42/><U113/><E113/><V14/><F14/><W69/><G19/><T96/><REACH who="0" step="1"/><D65/><REACH who="0" ten="225,271,247,247" step="2"/><U90/><E123/><V16/><F130/><W7/><G41/><T83/><D83/><U3/><E3/><V44/><F115/><W97/><G131/><T95/><AGARI ba="0,1" hai="18,23,26,34,35,43,47,48,53,56,63,91,95,96" machi="95" ten="30,8000,1" yaku="1,1,0,1,25,2,53,1" doraHai="122" doraHaiUra="12" who="0" fromWho="0" sc="225,90,271,-40,247,-20,247,-20" />
</Scene>
<Scene>
<INIT seed="2,0,0,4,0,131" ten="315,231,227,227" oya="2" hai0="5,122,62,56,135,124,43,24,98,40,53,130,71" hai1="39,69,111,96,105,52,63,75,33,70,102,127,9" hai2="85,36,88,11,19,47,93,41,133,3,113,89,126" hai3="81,10,16,48,12,84,118,72,115,123,95,97,101"/><V87/><F113/><W26/><G118/><T100/><D122/><U8/><E39/><V116/><F116/><W90/><G123/><T132/><D130/><U83/><E127/><V30/><F126/><W4/><G115/><T125/><D124/><U31/><E70/><V66/><F30/><W35/><G72/><T112/><D112/><U55/><E8/><V134/><F66/><W54/><G35/><T114/><D114/><U79/><E9/><V82/><REACH who="2" step="1"/><F19/><REACH who="2" ten="315,231,217,227" step="2"/><W14/><G26/><T103/><D125/><U106/><E31/><V60/><F60/><W34/><G34/><T51/><D62/><U94/><E33/><V25/><F25/><W92/><G4/><AGARI ba="0,1" hai="3,4,11,36,41,47,82,85,87,88,89,93,133,134" machi="4" ten="40,12000,1" yaku="1,1,52,2,54,1,53,0" doraHai="131" doraHaiUra="117" who="2" fromWho="3" sc="315,0,231,0,217,130,227,-120" />
</Scene>
<Scene>
<INIT seed="2,1,0,1,4,5" ten="315,231,347,107" oya="2" hai0="127,75,40,48,71,105,39,13,24,132,90,4,73" hai1="80,47,129,35,131,118,119,99,128,29,2,92,123" hai2="19,28,17,103,46,89,56,15,34,85,11,102,77" hai3="30,64,68,121,10,126,97,87,104,60,37,26,52"/><V83/><F34/><N who="3" m="20823" /><G121/><T82/><D127/><U120/><E2/><V116/><F116/><N who="1" m="44585" /><E29/><V79/><F28/><W42/><G52/><T98/><D132/><U25/><E25/><V86/><F46/><N who="3" m="23887" /><G87/><T51/><D71/><U130/><E35/><V49/><F19/><W23/><G23/><T44/><D24/><U43/><N who="1" m="32768" /><DORA hai="31" /><U113/><E113/><V115/><F115/><W54/><G54/><T3/><D13/><U111/><E111/><V45/><F56/><W33/><G33/><T107/><D73/><U125/><E125/><V94/><REACH who="2" step="1"/><F77/><REACH who="2" ten="315,231,337,107" step="2"/><W124/><G124/><T81/><D44/><U21/><E47/><V84/><F84/><W88/><G126/><T76/><D76/><U95/><E43/><AGARI ba="1,1" hai="11,15,17,43,45,49,79,83,85,86,89,94,102,103" machi="43" ten="30,18000,2" yaku="1,1,7,1,8,1,52,1,53,2" doraHai="5,31" doraHaiUra="36,78" who="2" fromWho="1" sc="315,0,231,-183,337,193,107,0" />
</Scene>
<Scene>
<INIT seed="2,2,0,4,5,31" ten="315,48,530,107" oya="2" hai0="92,127,131,88,134,21,9,106,101,63,17,68,53" hai1="87,55,94,72,79,0,123,23,93,121,39,25,122" hai2="57,35,32,65,109,76,15,116,119,61,133,110,34" hai3="111,5,43,36,96,129,103,48,41,18,28,74,115"/><V120/><F120/><W6/><G36/><T37/><D37/><U59/><E39/><V27/><F133/><W124/><G111/><N who="2" m="42505" /><F76/><W14/><G74/><T86/><D134/><U58/><E0/><V99/><F15/><W105/><G129/><T46/><D131/><U8/><E8/><V100/><F27/><W44/><G124/><T26/><D127/><U12/><E12/><V83/><F83/><W66/><G115/><T98/><D68/><U78/><E72/><V62/><F62/><W126/><G126/><T70/><D70/><U118/><E118/><V29/><F29/><W52/><G28/><T47/><D9/><U132/><E132/><V135/><F135/><W40/><G5/><T108/><D108/><U51/><E59/><V10/><F10/><W84/><G6/><T50/><D63/><U85/><E23/><V75/><F75/><W42/><G14/><T2/><REACH who="0" step="1"/><D47/><REACH who="0" ten="305,48,530,107" step="2"/><U125/><E125/><V95/><AGARI ba="2,1" hai="32,34,35,57,61,65,95,99,100,116,119" m="42505" machi="95" ten="40,12000,1" yaku="14,1,10,1,52,3" doraHai="31" who="2" fromWho="2" sc="305,-42,48,-42,530,136,107,-42" />
</Scene>
<Scene>
<INIT seed="2,3,0,1,4,127" ten="263,6,666,65" oya="2" hai0="84,76,32,18,97,120,115,125,52,113,105,82,30" hai1="21,66,12,35,119,110,91,95,123,37,121,92,73" hai2="2,39,106,46,124,93,8,116,20,53,3,103,99" hai3="69,7,58,4,88,5,89,86,135,96,0,64,51"/><V71/><F71/><W1/><G69/><T6/><D120/><N who="1" m="46155" /><E35/><V75/><F75/><W109/><G109/><T57/><D125/><U78/><E119/><V108/><F124/><W94/><G135/><T114/><D6/><U56/><E37/><V24/><F116/><W112/><G112/><T65/><D65/><U50/><E110/><V17/><F108/><W36/><G36/><T34/><D30/><U118/><E118/><V23/><F106/><W28/><G28/><T10/><D10/><U81/><E91/><V79/><F79/><W48/><G1/><T40/><D40/><U133/><E133/><V111/><F111/><W87/><G0/><T72/><D18/><N who="1" m="10439" /><E66/><V54/><F2/><W11/><G11/><T44/><D44/><U98/><E98/><V31/><F39/><W122/><G122/><T27/><D27/><U47/><E56/><V132/><F132/><W117/><G117/><T61/><REACH who="0" step="1"/><D72/><REACH who="0" ten="253,6,666,65" step="2"/><U77/><E77/><V129/><F46/><W26/><G26/><T70/><D70/><U130/><E130/><V62/><F129/><W42/><G42/><AGARI ba="3,1" hai="42,47,50,73,78,81,92,95" m="10439,46155" machi="42" ten="30,1000,0" yaku="13,1" doraHai="127" who="1" fromWho="3" sc="253,0,6,29,666,0,65,-19" />
</Scene>
<Scene>
<INIT seed="3,0,0,3,3,96" ten="253,35,666,46" oya="3" hai0="80,16,95,52,38,67,22,94,100,36,15,112,77" hai1="121,85,125,13,107,58,113,9,101,2,31,17,122" hai2="6,114,51,123,35,104,83,130,84,70,7,21,103" hai3="10,55,1,57,23,65,12,25,131,119,110,3,126"/><W111/><G119/><T75/><D112/><U116/><E113/><V118/><F35/><W129/><G65/><T28/><D28/><U120/><E116/><V20/><F70/><W61/><G126/><T108/><D108/><N who="3" m="41513" /><G12/><T5/><D5/><U54/><E2/><N who="3" m="522" /><G10/><T134/><D94/><U49/><E31/><AGARI ba="0,0" hai="23,25,31,55,57,61,129,131" m="522,41513" machi="31" ten="30,2900,0" yaku="14,1,10,1" doraHai="96" who="3" fromWho="1" sc="253,0,35,-29,666,0,46,29" />
</Scene>
<Scene>
<INIT seed="3,1,0,1,3,14" ten="253,6,666,75" oya="3" hai0="16,5,50,8,86,63,61,66,57,121,33,52,82" hai1="74,1,124,89,120,75,11,13,60,108,106,7,81" hai2="39,58,59,100,4,99,103,83,0,132,21,80,117" hai3="111,96,114,84,76,6,118,104,88,69,65,36,134"/><W46/><G118/><T17/><D33/><U129/><E120/><V107/><F39/><W91/><G114/><T125/><D125/><U128/><E106/><V38/><F38/><W29/><G6/><T105/><D105/><U119/><E124/><V64/><F21/><W77/><G134/><T49/><D49/><U20/><E119/><V98/><F64/><W71/><G29/><T79/><D121/><U87/><E60/><V126/><F59/><W62/><G71/><T73/><D73/><U90/><E90/><V51/><F51/><W2/><G2/><T25/><D25/><U12/><E108/><V3/><F83/><W123/><G123/><T53/><D53/><U110/><E110/><V93/><F99/><W102/><G91/><T34/><D34/><U94/><E81/><V115/><F98/><W130/><G111/><T54/><D54/><U55/><E55/><V122/><F107/><W24/><G24/><T112/><D112/><U127/><E127/><V43/><F43/><W30/><G77/><T113/><D113/><U44/><E44/><V19/><F126/><W72/><G76/><T68/><D63/><U85/><E85/><V37/><F117/><W48/><G36/><T10/><D10/><U27/><E74/><V135/><F115/><W133/><G72/><T92/><D92/><U40/><E40/><V31/><F93/><N who="3" m="54407" /><G133/><T67/><D67/><U101/><E101/><V35/><F103/><W78/><G78/><T109/><D109/><U23/><E75/><V42/><F132/><W131/><G30/><T97/><D97/><U116/><E20/><RYUUKYOKU ba="1,0" sc="253,15,6,-15,666,-15,75,15" hai0="5,8,16,17,50,52,57,61,66,68,79,82,86" hai3="46,48,62,65,69,96,102,104,130,131" owari="268,7.0,-9,-51.0,651,75.0,90,-31.0" />
</Scene>
</mjloggm>