<mjloggm ver="2.3"><GO type="169" lobby="0"/><UN n0="%E3%83%A9%E3%83%A0%E3%83%80%E3%81%95%E3%82%93" n1="%53%48%49%53%55%4B%45" n2="%E3%83%A4%E3%82%AD%E3%83%B3" n3="%E5%A4%AA%E3%81%8F%E3%81%AA%E3%81%84%E3%81%8A" dan="16,16,17,18" rate="2145.87,2143.82,2094.49,2295.60" sx="M,M,M,M"/><TAIKYOKU oya="0"/>

<Scene>
<INIT seed="0,0,0,1,1,44" ten="250,250,250,250" oya="0" hai0="84,95,66,99,34,123,29,127,19,72,120,6,8" hai1="74,33,57,94,3,85,135,52,47,48,133,69,12" hai2="27,0,79,11,36,73,111,58,45,117,81,30,21" hai3="118,96,88,51,1,132,90,7,109,22,26,56,86"/><T13/><D72/><U64/><E3/><V28/><F111/><W60/><G118/><T103/><D127/><U83/><E33/><V114/><F114/><W106/><G109/><T108/><D108/><U20/><E74/><V113/><F113/><W126/><G126/><T46/><D66/><U91/><E83/><V87/><F117/><W54/><G132/><T92/><D29/><U105/><E105/><V78/><F58/><W55/><G1/><T130/><D34/><U122/><E122/><V101/><F101/><W119/><G119/><T107/><D130/><U68/><E47/><V2/><F79/><W50/><G7/><T65/><D65/><U59/><E59/><V124/><F124/><W112/><G112/><T31/><D31/><U14/><E14/><V16/><F87/><W32/><G32/><T121/><D84/><U115/><E115/><V100/><F100/><W128/><G128/><T17/><REACH who="0" step="1"/><D46/><REACH who="0" ten="240,250,250,250" step="2"/><U104/><E104/><V77/><F30/><N who="3" m="17751" /><G106/><T41/><D41/><U9/><E64/><V98/><F28/><W43/><G43/><T39/><D39/><U18/><REACH who="1" step="1"/><E9/><REACH who="1" ten="240,240,250,250" step="2"/><V82/><F11/><W5/><G55/><T129/><D129/><U42/><E42/><V67/><F67/><W24/><G54/><T40/><D40/><U4/><E4/><V63/><F73/><W93/><G5/><T116/><D116/><U15/><E15/><V76/><F2/><W80/><G24/><T102/><D102/><U89/><E89/><V110/><F0/><W134/><G134/><AGARI ba="0,2" hai="12,18,20,48,52,57,68,69,85,91,94,133,134,135" machi="134" ten="40,12000,2" yaku="1,1,25,2,20,1,52,1,54,1,53,0" doraHai="44" doraHaiUra="35" who="1" fromWho="3" sc="240,0,240,140,250,0,250,-120" />
</Scene>
<Scene>
<INIT seed="1,0,0,1,5,118" ten="240,380,250,130" oya="1" hai0="93,101,96,57,15,103,115,9,128,55,31,41,2" hai1="106,97,11,77,102,89,56,18,127,131,25,84,110" hai2="17,65,109,21,108,6,100,19,78,13,116,122,125" hai3="75,23,114,58,32,91,123,40,130,76,3,48,121"/><U0/><E77/><V69/><F116/><W63/><G32/><T79/><D115/><U34/><E56/><V73/><F125/><W22/><G114/><T5/><D128/><U27/><E131/><V4/><F100/><W90/><G3/><T46/><D31/><U74/><E74/><V64/><F78/><W111/><G130/><T112/><D112/><U35/><E127/><V94/><F94/><W86/><G123/><T105/><D79/><U68/><E68/><V98/><F98/><W42/><G111/><T53/><D2/><U99/><E99/><V29/><F73/><W83/><G121/><T24/><D24/><U38/><E38/><V1/><F29/><W107/><G107/><T14/><D14/><U33/><E110/><N who="2" m="42603" /><F1/><W134/><G134/><T8/><D8/><U117/><E117/><V37/><F37/><W61/><G75/><T30/><D30/><U7/><REACH who="1" step="1"/><E18/><REACH who="1" ten="240,370,250,130" step="2"/><V28/><F69/><W66/><G66/><BYE who="3" /><T39/><D57/><U36/><E36/><V43/><F65/><W80/><G80/><AGARI ba="0,1" hai="0,7,11,25,27,33,34,35,80,84,89,97,102,106" machi="80" ten="40,2000,0" yaku="1,1,53,0" doraHai="118" doraHaiUra="51" who="1" fromWho="3" sc="240,0,370,30,250,0,130,-20" />
</Scene>
<Scene>
<INIT seed="1,1,0,1,3,87" ten="240,400,250,110" oya="1" hai0="3,92,2,60,119,14,82,15,69,38,130,85,115" hai1="0,94,66,81,9,117,56,68,84,75,127,95,11" hai2="99,98,23,63,47,90,65,100,89,62,112,37,7" hai3="21,64,4,53,29,77,57,52,128,54,31,133,74"/><U34/><E117/><V104/><F112/><W111/><G111/><T109/><D119/><U91/><E34/><V36/><F7/><W125/><G125/><T110/><D115/><U83/><E68/><V25/><F63/><W51/><G51/><T43/><D130/><U44/><E127/><V101/><F47/><W41/><G41/><T17/><D92/><U42/><E66/><V71/><F37/><W67/><G67/><UN n3="%E5%A4%AA%E3%81%8F%E3%81%AA%E3%81%84%E3%81%8A" /><T78/><D69/><U45/><E56/><V8/><F8/><W59/><G128/><T19/><D60/><U33/><E33/><V96/><F36/><W88/><G133/><T86/><D43/><U49/><E45/><V26/><F99/><W1/><G1/><T134/><D38/><U102/><E75/><V79/><F79/><W93/><G4/><T126/><D134/><U28/><E28/><N who="3" m="10826" /><G74/><T129/><D129/><U124/><E124/><V16/><F26/><W20/><G77/><T39/><D39/><U35/><E35/><V27/><F27/><W40/><G40/><T72/><D126/><U106/><E106/><AGARI ba="1,0" hai="16,23,25,62,65,71,89,90,96,98,100,101,104,106" machi="106" ten="30,8000,1" yaku="7,1,9,1,52,2,54,1" doraHai="87" who="2" fromWho="1" sc="240,0,400,-83,250,83,110,0" />
</Scene>
<Scene>
<INIT seed="2,0,0,0,0,91" ten="240,317,333,110" oya="2" hai0="66,15,37,30,43,49,114,26,34,11,44,1,47" hai1="27,73,70,53,25,118,4,129,99,48,68,120,100" hai2="16,14,80,72,78,128,97,64,111,131,9,5,133" hai3="104,109,79,105,110,96,59,19,2,135,121,106,29"/><V122/><F122/><W102/><G2/><T83/><D114/><U55/><E118/><V112/><F112/><W103/><G121/><T125/><D125/><U85/><E73/><V10/><F133/><W3/><G3/><T41/><D1/><U35/><E120/><V45/><F64/><W65/><G29/><T20/><D66/><U52/><E4/><V76/><F76/><W57/><G135/><T101/><D101/><N who="3" m="38409" /><G96/><T117/><D117/><U13/><E13/><V58/><F58/><N who="3" m="22027" /><G65/><T12/><D83/><U134/><E134/><V124/><F124/><W74/><G19/><T46/><D46/><U92/><E70/><V31/><F31/><W17/><G17/><T40/><D40/><U18/><E18/><V116/><F116/><W126/><G126/><T130/><D130/><U60/><E68/><V89/><F45/><W86/><G86/><T95/><D34/><U107/><E85/><V81/><F111/><N who="3" m="42507" /><G79/><T67/><D67/><U98/><E35/><V7/><F81/><W21/><G21/><T51/><D37/><U56/><E129/><N who="2" m="49739" /><F10/><W132/><G132/><T115/><D115/><U71/><E71/><V123/><F123/><W113/><G74/><T28/><D28/><U87/><E87/><V69/><F69/><W50/><G113/><T94/><D12/><U108/><E108/><V82/><F82/><W33/><G33/><T84/><D84/><U24/><E60/><V77/><F77/><W38/><G50/><T63/><D63/><U90/><AGARI ba="0,0" hai="24,25,27,48,52,53,55,56,90,92,98,99,100,107" machi="90" ten="30,4000,0" yaku="0,1,52,1,54,1" doraHai="91" who="1" fromWho="1" sc="240,-10,317,40,333,-20,110,-10" />
</Scene>
<Scene>
<INIT seed="3,0,0,5,1,109" ten="230,357,313,100" oya="3" hai0="40,56,91,89,47,1,35,113,100,67,126,83,71" hai1="85,77,99,96,29,124,88,3,81,45,36,93,110" hai2="23,49,82,65,131,111,28,58,128,50,51,121,116" hai3="17,13,7,117,18,26,114,44,27,10,63,38,105"/><W123/><G105/><T43/><D71/><U69/><E3/><V74/><F116/><W130/><G117/><T92/><D1/><U32/><E69/><V122/><F28/><W62/><G123/><N who="2" m="47113" /><F23/><W133/><G133/><T25/><D126/><U9/><E124/><V22/><F22/><W41/><G130/><N who="2" m="49705" /><F82/><W53/><G114/><T54/><D83/><U79/><E29/><V16/><F16/><W4/><G53/><T61/><D25/><U15/><E32/><V12/><F12/><W21/><REACH who="3" step="1"/><G27/><REACH who="3" ten="230,357,313,90" step="2"/><T97/><D54/><U52/><E52/><V46/><F111/><W102/><G102/><T64/><D100/><U106/><E110/><V31/><F31/><W125/><G125/><T14/><D64/><U101/><E106/><V129/><F129/><W112/><G112/><T2/><D113/><U6/><E101/><V119/><F119/><W68/><G68/><T90/><D67/><U66/><E66/><V78/><F65/><W8/><G8/><T107/><D107/><U120/><E120/><V75/><F58/><W84/><G84/><T59/><D56/><U108/><E108/><V60/><F60/><AGARI ba="0,1" hai="4,7,10,13,17,18,21,26,38,41,44,60,62,63" machi="60" ten="40,2000,0" yaku="1,1,53,0" doraHai="109" doraHaiUra="73" who="3" fromWho="2" sc="230,0,357,0,313,-20,90,30" />
</Scene>
<Scene>
<INIT seed="3,1,0,4,3,11" ten="230,357,293,120" oya="3" hai0="0,68,10,28,6,29,76,27,93,12,19,50,102" hai1="133,101,98,126,94,38,5,99,132,7,73,51,45" hai2="58,74,104,105,89,1,30,63,92,16,61,54,115" hai3="13,85,100,69,135,22,60,119,79,134,26,53,112"/><W120/><G112/><T123/><D123/><U84/><E73/><V49/><F74/><W128/><G120/><T82/><D68/><U88/><E38/><V72/><F72/><W41/><G119/><T80/><D76/><U59/><E126/><V65/><F115/><W18/><G128/><T122/><D122/><U125/><E125/><V107/><F30/><W114/><G114/><T34/><D28/><U66/><E99/><V57/><F1/><W56/><G41/><T90/><D102/><U64/><E59/><V23/><F49/><W48/><G100/><T91/><D50/><U35/><E35/><V121/><F121/><W96/><G96/><T44/><D44/><U103/><E103/><V124/><F124/><W32/><G32/><T15/><D0/><U21/><E21/><V25/><F107/><W110/><G110/><T77/><D77/><U46/><E46/><V106/><F106/><W37/><G37/><T87/><REACH who="0" step="1"/><D91/><REACH who="0" ten="220,357,293,120" step="2"/><U39/><E39/><V24/><F104/><W42/><G69/><T111/><D111/><U116/><E51/><V83/><F105/><W129/><G129/><T109/><D109/><U55/><E45/><V40/><F40/><W20/><G42/><T95/><D95/><N who="1" m="58591" /><E116/><V67/><F92/><W78/><G48/><T117/><D117/><U75/><E75/><V33/><F89/><W86/><G78/><T108/><D108/><U47/><E47/><V31/><F83/><W2/><G2/><T17/><D17/><U70/><E70/><V14/><F31/><N who="3" m="17863" /><G79/><T127/><D127/><U52/><E88/><V62/><F33/><RYUUKYOKU ba="1,1" sc="220,10,357,-30,293,10,120,10" hai0="6,10,12,15,19,27,29,34,80,82,87,90,93" hai2="14,16,23,24,25,54,57,58,61,62,63,65,67" hai3="13,18,22,53,56,60,85,86,134,135" />
</Scene>
<Scene>
<INIT seed="3,2,1,5,0,120" ten="230,327,303,130" oya="3" hai0="28,43,72,49,3,68,15,60,92,94,10,88,78" hai1="33,79,77,107,87,54,127,117,100,118,18,7,27" hai2="74,95,4,12,55,124,134,93,126,46,57,112,71" hai3="108,132,9,121,128,45,99,14,70,123,31,133,20"/><W66/><G70/><T131/><D3/><U47/><E7/><V91/><F71/><W102/><G66/><T82/><D131/><U86/><E107/><V106/><F106/><W51/><G128/><T76/><D28/><U30/><E100/><V34/><F34/><W116/><G116/><N who="1" m="44650" /><E18/><V16/><F74/><W75/><G75/><T69/><D78/><N who="1" m="29707" /><E127/><V90/><F4/><N who="3" m="3367" /><G20/><T125/><D125/><U39/><E54/><V13/><F112/><W22/><G22/><T63/><D94/><U119/><E119/><V38/><F38/><W61/><G31/><T24/><D24/><U11/><E11/><V25/><F25/><W85/><G123/><T17/><D69/><U97/><E97/><V84/><F13/><W35/><G121/><T23/><D68/><U89/><E89/><V122/><F122/><W32/><G99/><T96/><REACH who="0" step="1"/><D10/><REACH who="0" ten="220,327,303,130" step="2"/><U115/><E115/><V98/><F126/><W65/><G32/><T62/><D62/><U135/><E135/><V59/><F134/><W73/><G35/><T21/><D21/><U48/><E48/><N who="2" m="29079" /><F124/><W42/><G133/><T114/><D114/><U103/><E103/><V53/><F12/><W5/><G132/><T64/><D64/><U44/><E39/><V36/><F36/><W67/><G67/><T111/><D111/><U109/><E109/><V41/><F95/><W40/><G108/><T110/><D110/><U1/><E1/><V83/><F93/><W50/><G102/><T105/><D105/><U56/><E27/><V80/><F98/><W19/><G65/><T29/><D29/><U81/><E30/><RYUUKYOKU ba="2,2" sc="220,30,327,-10,303,-10,130,-10" hai0="15,17,23,43,49,60,63,72,76,82,88,92,96" />
</Scene>
<Scene>
<INIT seed="4,3,2,5,2,120" ten="250,317,293,120" oya="0" hai0="101,127,18,33,121,91,67,69,114,1,111,13,113" hai1="86,35,89,37,128,131,126,17,4,45,32,135,42" hai2="20,124,85,43,65,12,26,81,46,7,51,108,74" hai3="34,48,84,53,88,116,66,70,15,40,41,38,80"/><T44/><D121/><U61/><E4/><V16/><F74/><W68/><G116/><T59/><D1/><U2/><E2/><V100/><F124/><W27/><G38/><T76/><D33/><U125/><E61/><V102/><F65/><W31/><G15/><T60/><D127/><N who="1" m="48651" /><E17/><V22/><F108/><W110/><G110/><T92/><D111/><U134/><E35/><V29/><REACH who="2" step="1"/><F7/><REACH who="2" ten="250,317,283,120" step="2"/><W50/><G66/><T56/><D67/><U62/><E32/><V107/><F107/><W90/><G68/><T25/><D69/><U75/><E75/><V8/><F8/><W129/><G70/><T36/><D113/><U49/><E37/><V95/><F95/><W82/><G129/><N who="1" m="49738" /><E62/><V78/><AGARI ba="3,3" hai="12,16,20,22,26,29,43,46,51,78,81,85,100,102" machi="78" ten="20,8000,1" yaku="1,1,0,1,7,1,8,1,54,1,53,0" doraHai="120" doraHaiUra="5" who="2" fromWho="2" sc="250,-43,317,-23,283,119,120,-23" />
</Scene>
<Scene>
<INIT seed="5,0,0,4,1,76" ten="207,294,402,97" oya="1" hai0="35,117,20,0,119,87,7,112,83,32,34,113,81" hai1="99,78,25,12,86,65,84,71,103,53,89,36,23" hai2="43,51,3,73,10,13,134,5,95,39,54,49,111" hai3="125,70,135,82,63,40,26,61,109,105,42,47,72"/><U14/><E36/><V37/><F111/><W8/><G109/><T67/><D67/><U127/><E127/><V66/><F73/><W60/><G105/><T64/><D64/><U31/><E53/><V45/><F66/><W85/><G72/><T118/><D20/><U6/><E6/><V28/><F134/><W27/><G70/><T131/><D131/><U98/><E98/><V116/><F116/><W74/><G74/><T106/><D106/><U92/><E78/><V79/><F79/><W129/><G135/><T75/><D75/><U80/><REACH who="1" step="1"/><E86/><REACH who="1" ten="207,284,402,97" step="2"/><V93/><F39/><W97/><G125/><T56/><D87/><U17/><E17/><V130/><F37/><W52/><G97/><T68/><D7/><U9/><E9/><V44/><F130/><W29/><G8/><T132/><D119/><U115/><E115/><V19/><F28/><W2/><G129/><T33/><D118/><U62/><AGARI ba="0,1" hai="12,14,23,25,31,62,65,71,80,84,89,92,99,103" machi="62" ten="30,6000,0" yaku="1,1,0,1,52,1,53,0" doraHai="76" doraHaiUra="110" who="1" fromWho="1" sc="207,-20,284,70,402,-20,97,-20" />
</Scene>
<Scene>
<INIT seed="5,1,0,0,3,16" ten="187,354,382,77" oya="1" hai0="82,24,90,36,114,64,41,117,109,132,6,2,127" hai1="80,73,74,0,47,32,28,5,68,10,70,13,110" hai2="62,72,115,66,51,100,1,86,116,104,101,134,135" hai3="67,83,3,113,58,61,120,126,45,57,124,105,121"/><U98/><E98/><V38/><F38/><W112/><G3/><T42/><D109/><U14/><E110/><V84/><F72/><W25/><G105/><T48/><D117/><U30/><E14/><V108/><F108/><W18/><G83/><T128/><D36/><U102/><E28/><V27/><F51/><W88/><G88/><T44/><D42/><U31/><E31/><V93/><F116/><W53/><G45/><T89/><D64/><U81/><E81/><V56/><F1/><W87/><G87/><T99/><D99/><U65/><E102/><V12/><F12/><W22/><G121/><T96/><D96/><U97/><E97/><N who="2" m="59439" /><F101/><W92/><G92/><T71/><D89/><U103/><E103/><V52/><F115/><W15/><G120/><T46/><D114/><N who="3" m="44137" /><G15/><T9/><D90/><U75/><E13/><V76/><F104/><W35/><G35/><T33/><D33/><U107/><E107/><V59/><F76/><W130/><G130/><T29/><D128/><U39/><E32/><V11/><F11/><W50/><AGARI ba="1,0" hai="18,22,25,50,53,57,58,61,67,124,126" m="44137" machi="50" ten="30,2000,0" yaku="15,1,52,1" doraHai="16" who="3" fromWho="3" sc="187,-6,354,-11,382,-6,77,23" />
</Scene>
<Scene>
<INIT seed="6,0,0,0,2,43" ten="181,343,376,100" oya="2" hai0="37,121,100,74,113,110,31,106,98,114,116,135,2" hai1="88,19,56,36,81,45,76,49,55,126,23,133,79" hai2="20,57,21,14,95,122,60,84,125,129,0,86,1" hai3="61,33,101,82,102,87,71,130,94,47,89,51,69"/><V70/><F122/><W111/><G111/><T16/><RYUUKYOKU type="yao9" ba="0,0" sc="181,0,343,0,376,0,100,0" hai0="2,16,31,37,74,98,100,106,110,113,114,116,121,135" />
</Scene>
<Scene>
<INIT seed="6,1,0,1,4,118" ten="181,343,376,100" oya="2" hai0="48,89,19,34,52,88,41,47,113,3,133,14,93" hai1="63,8,57,80,71,18,97,50,66,126,62,107,119" hai2="102,39,60,22,21,105,4,96,76,25,17,67,1" hai3="95,128,20,31,112,129,121,100,16,92,114,32,135"/><V28/><F39/><W55/><G55/><T42/><D3/><U125/><E119/><V124/><F124/><W36/><G36/><T94/><D34/><U103/><E50/><V87/><F4/><W106/><G106/><T123/><D113/><N who="3" m="43625" /><G100/><T53/><D133/><U70/><E80/><V99/><F1/><W58/><G58/><T29/><D123/><U64/><E57/><V46/><F46/><W37/><G37/><T72/><D29/><U77/><E77/><V38/><F38/><W69/><G69/><T33/><D33/><U26/><E8/><V127/><F127/><W91/><G135/><T27/><D27/><U7/><E7/><V131/><F131/><N who="3" m="50251" /><G91/><T84/><D72/><U90/><E90/><V75/><F75/><W56/><G56/><T5/><D5/><U35/><E18/><V13/><F102/><W11/><G11/><N who="0" m="6623" /><D53/><U104/><E107/><V51/><F105/><W6/><G6/><T68/><D68/><U2/><E2/><V78/><F51/><W134/><G134/><T98/><AGARI ba="1,0" hai="41,42,47,48,52,84,88,89,93,94,98" m="6623" machi="98" ten="30,4000,0" yaku="8,1,54,2" doraHai="118" who="0" fromWho="0" sc="181,43,343,-11,376,-21,100,-11" />
</Scene>
<Scene>
<INIT seed="7,0,0,0,0,36" ten="224,332,355,89" oya="3" hai0="51,60,99,57,3,72,43,120,2,6,20,117,46" hai1="59,115,11,84,114,122,1,126,79,18,7,112,97" hai2="71,45,107,83,50,70,131,121,8,30,125,22,24" hai3="78,76,111,66,89,27,68,81,77,75,119,4,34"/><W55/><G119/><T54/><D117/><U41/><E122/><V95/><F107/><W98/><G111/><T124/><D120/><U108/><E108/><V14/><F121/><W82/><G4/><T31/><D72/><U103/><E126/><V49/><F125/><W86/><G55/><T35/><D124/><U127/><E127/><V87/><F95/><W52/><G98/><T65/><D35/><U91/><E59/><V73/><F73/><W33/><G33/><T44/><D44/><U128/><E18/><N who="2" m="8519" /><F50/><W69/><G52/><T123/><D123/><U29/><E29/><V25/><F25/><W9/><G9/><T15/><D3/><U105/><E128/><V10/><F10/><W17/><G17/><T38/><D2/><U109/><E109/><V101/><F101/><W130/><G130/><T16/><D6/><U58/><E58/><V118/><F118/><W106/><G106/><T26/><D99/><U40/><E79/><V19/><F131/><W32/><G32/><T47/><D31/><U13/><E1/><V56/><F56/><W110/><G110/><T113/><D113/><U21/><E21/><V74/><F74/><W92/><G66/><T80/><D80/><AGARI ba="0,0" hai="7,11,13,40,41,80,84,91,97,103,105,112,114,115" machi="80" ten="40,5200,0" yaku="15,1,52,2" doraHai="36" who="1" fromWho="0" sc="224,-52,332,52,355,0,89,0" owari="172,-23.0,384,48.0,355,16.0,89,-41.0" />
</Scene>
</mjloggm>