<mjloggm ver="2.3"><GO type="169" lobby="0"/><UN n0="%E3%82%82%E3%81%A3%E3%81%A1%E3%82%87" n1="%E5%A4%AA%E3%81%8F%E3%81%AA%E3%81%84%E3%81%8A" n2="%E3%81%84%E3%81%9F%E3%83%92%E3%83%AD" n3="%67%6F%73%68%69%6B%6B%75" dan="16,17,16,17" rate="2034.75,2255.09,2158.73,2167.47" sx="M,M,M,F"/><TAIKYOKU oya="0"/>

<Scene>
<INIT seed="0,0,0,4,5,92" ten="250,250,250,250" oya="0" hai0="61,60,14,86,79,74,111,15,64,16,57,35,19" hai1="125,122,100,28,13,128,65,133,37,118,39,48,121" hai2="127,9,54,94,11,71,50,47,109,56,32,113,120" hai3="131,46,77,116,66,20,7,90,108,106,53,0,112"/><T89/><D35/><U51/><E28/><V83/><F71/><W24/><G112/><T45/><D111/><U130/><E13/><V76/><F32/><W70/><G116/><T43/><D79/><U59/><E100/><V105/><F105/><W31/><G108/><T104/><D74/><U132/><E118/><V80/><F120/><N who="1" m="46185" /><E125/><V23/><F113/><W67/><G131/><N who="1" m="50218" /><E65/><V41/><F127/><W2/><G106/><T72/><D72/><U110/><E110/><V58/><F109/><W25/><G77/><T75/><D75/><U97/><E97/><V114/><F114/><W95/><G25/><T29/><D29/><U44/><E59/><V135/><F58/><W82/><G70/><T126/><D126/><U107/><E107/><V6/><F23/><W21/><G21/><N who="0" m="11415" /><D57/><U91/><E91/><V117/><F56/><W30/><G30/><T63/><D64/><U96/><E96/><V34/><F9/><W22/><G66/><T68/><D68/><U3/><E3/><V81/><F34/><W33/><G67/><T78/><D104/><U102/><E102/><V27/><F117/><W55/><G0/><T124/><D124/><U115/><E115/><V17/><F76/><W69/><G69/><T4/><D78/><U40/><E48/><V36/><F50/><N who="3" m="28887" /><G33/><T99/><D89/><U103/><E103/><V85/><F11/><N who="3" m="2551" /><G20/><T38/><D38/><AGARI ba="0,0" hai="37,38,39,40,44,51,132,133" m="50218,46185" machi="38" ten="40,5200,0" yaku="19,1,34,2" doraHai="92" who="1" fromWho="0" sc="250,-52,250,52,250,0,250,0" />
</Scene>
<Scene>
<INIT seed="1,0,0,4,1,116" ten="198,302,250,250" oya="1" hai0="69,112,40,34,53,54,8,7,99,117,59,58,64" hai1="76,97,2,79,43,125,13,77,124,111,107,91,63" hai2="110,67,51,21,35,37,82,9,93,22,10,90,23" hai3="122,119,113,41,84,85,108,16,61,105,20,1,25"/><U17/><E2/><V106/><F37/><W24/><G113/><T95/><D34/><U127/><E43/><V31/><F106/><W81/><G1/><T104/><D104/><U55/><E111/><V36/><F36/><W121/><G105/><T114/><D117/><U101/><E91/><V28/><F110/><W74/><G74/><T102/><D40/><U38/><E38/><V80/><F67/><W65/><G119/><T115/><D69/><U130/><E130/><V42/><F35/><W48/><G84/><T12/><REACH who="0" step="1"/><D64/><REACH who="0" ten="188,302,250,250" step="2"/><U128/><E128/><V52/><F42/><W96/><G108/><T56/><AGARI ba="0,1" hai="7,8,12,53,54,56,58,59,95,99,102,112,114,115" machi="56" ten="40,8000,1" yaku="1,1,2,1,0,1,53,1" doraHai="116" doraHaiUra="6" who="0" fromWho="0" sc="188,90,302,-40,250,-20,250,-20" />
</Scene>
<Scene>
<INIT seed="2,0,0,1,3,26" ten="278,262,230,230" oya="2" hai0="127,51,52,23,66,8,31,12,59,105,135,94,10" hai1="38,79,9,54,85,27,82,25,57,42,84,78,15" hai2="124,29,96,88,110,90,44,117,121,17,11,80,16" hai3="103,99,65,91,93,130,89,126,133,21,14,53,50"/><V35/><F121/><W87/><G126/><T20/><D105/><U18/><E42/><V5/><F117/><W102/><G130/><T106/><D106/><U55/><E38/><V113/><F113/><W111/><G111/><T112/><D112/><U1/><E1/><V129/><F129/><W109/><G133/><T74/><D74/><U104/><E104/><V62/><F124/><W34/><G34/><T45/><D135/><U81/><REACH who="1" step="1"/><E54/><REACH who="1" ten="278,252,230,230" step="2"/><V98/><F110/><W70/><G109/><T2/><D2/><U95/><E95/><V75/><F80/><W108/><G108/><T97/><D127/><U58/><E58/><V114/><F114/><W116/><G116/><T86/><D59/><U71/><E71/><V33/><F44/><W39/><G39/><T48/><D94/><U101/><E101/><V46/><F46/><W43/><G43/><T100/><D100/><U118/><E118/><V67/><F62/><AGARI ba="0,1" hai="9,15,18,25,27,55,57,62,78,79,81,82,84,85" machi="62" ten="30,7700,0" yaku="1,1,7,1,9,1,8,1,53,0" doraHai="26" doraHaiUra="3" who="1" fromWho="2" sc="278,0,252,87,230,-77,230,0" />
</Scene>
<Scene>
<INIT seed="3,0,0,5,2,59" ten="278,339,153,230" oya="3" hai0="135,70,89,105,18,102,112,2,54,43,118,128,44" hai1="61,78,82,21,65,69,53,45,90,104,96,1,92" hai2="52,94,46,114,17,8,115,131,55,107,47,29,7" hai3="132,9,14,116,127,24,75,22,28,3,125,26,130"/><W81/><G75/><T57/><D2/><U111/><E111/><V77/><F107/><W83/><G83/><T41/><D102/><U67/><E1/><V117/><F117/><W5/><G81/><T48/><D18/><U84/><E67/><V106/><F106/><W68/><G68/><T31/><D31/><U121/><E121/><V6/><F29/><W76/><G76/><T126/><D89/><U79/><E104/><V133/><F17/><W120/><G120/><T39/><D105/><U100/><REACH who="1" step="1"/><E21/><REACH who="1" ten="278,329,153,230" step="2"/><V12/><F115/><W101/><G3/><T88/><D112/><U123/><E123/><V40/><F114/><W42/><G22/><T62/><D118/><U73/><E73/><V64/><F64/><W58/><G116/><T34/><D34/><U49/><AGARI ba="0,1" hai="45,49,53,61,65,69,78,79,82,84,90,92,96,100" machi="49" ten="30,4000,0" yaku="1,1,0,1,52,1,53,0" doraHai="59" doraHaiUra="103" who="1" fromWho="1" sc="278,-10,329,50,153,-10,230,-20" />
</Scene>
<Scene>
<INIT seed="4,0,0,4,2,56" ten="268,379,143,210" oya="0" hai0="115,68,1,123,135,27,26,69,126,103,78,116,131" hai1="58,28,50,72,77,94,121,102,88,60,120,95,128" hai2="40,104,24,49,55,118,16,109,32,86,76,59,51" hai3="17,119,18,31,54,6,81,110,85,101,11,47,97"/><T2/><D103/><U43/><E128/><V39/><F104/><W75/><G75/><T63/><D78/><U35/><E35/><V4/><F109/><W20/><G110/><T61/><D131/><U134/><E28/><V73/><F73/><W37/><G119/><T90/><D90/><U117/><E117/><V44/><F118/><W91/><G31/><T98/><D98/><U129/><E129/><V19/><F4/><W112/><G112/><T12/><D116/><U87/><E134/><V46/><F32/><W93/><G20/><T133/><D12/><U41/><E102/><V111/><F111/><W42/><REACH who="3" step="1"/><G54/><REACH who="3" ten="268,379,143,200" step="2"/><T132/><D115/><U114/><E114/><V82/><F24/><W3/><AGARI ba="0,1" hai="3,6,11,17,18,37,42,47,81,85,91,93,97,101" machi="3" ten="20,5200,0" yaku="1,1,2,1,0,1,7,1,53,0" doraHai="56" doraHaiUra="67" who="3" fromWho="3" sc="268,-26,379,-13,143,-13,200,62" />
</Scene>
<Scene>
<INIT seed="5,0,0,5,3,88" ten="242,366,130,262" oya="1" hai0="65,28,3,135,66,4,6,7,123,23,129,57,93" hai1="53,39,15,130,20,63,100,43,33,117,120,106,67" hai2="89,99,26,94,78,133,92,42,126,47,70,108,5" hai3="134,1,91,18,64,109,11,12,74,22,90,77,2"/><U17/><E117/><V119/><F70/><W72/><G109/><T45/><D135/><U97/><E120/><V86/><F108/><W105/><G105/><T107/><D107/><U62/><E33/><V111/><F111/><W114/><G64/><T16/><D3/><U19/><E130/><V52/><F119/><W110/><G110/><T34/><D28/><U35/><E35/><V68/><F68/><W37/><G37/><T80/><D34/><U50/><E67/><V127/><F133/><W101/><G101/><T98/><D80/><U25/><E43/><V27/><F78/><W8/><G22/><T46/><D129/><U54/><E39/><V125/><F5/><W73/><G77/><T0/><D0/><U128/><E128/><V124/><N who="2" m="31744" /><DORA hai="76" /><V104/><F104/><W24/><G74/><T58/><D66/><U41/><E41/><V112/><F52/><W51/><G73/><T60/><D58/><U81/><E81/><V103/><F112/><W116/><G72/><T21/><D21/><U87/><E87/><V121/><F121/><W79/><G114/><T29/><D29/><U59/><REACH who="1" step="1"/><E54/><REACH who="1" ten="242,356,130,262" step="2"/><V48/><AGARI ba="0,1" hai="26,27,42,47,48,86,89,92,94,99,103" m="31744" machi="48" ten="60,8000,1" yaku="0,1,18,1,52,2" doraHai="88,76" who="2" fromWho="2" sc="242,-20,356,-40,130,90,262,-20" />
</Scene>
<Scene>
<INIT seed="6,0,0,5,3,25" ten="222,316,220,242" oya="2" hai0="111,23,1,44,123,118,83,113,92,51,34,100,91" hai1="48,63,90,50,47,0,101,74,38,21,131,7,3" hai2="39,70,62,66,135,124,41,80,87,5,22,27,15" hai3="126,65,129,30,99,114,40,2,116,85,110,108,120"/><V132/><F124/><W12/><G40/><T93/><D34/><U32/><E32/><V37/><F41/><W84/><G65/><T103/><D1/><U133/><E74/><V46/><F46/><W109/><G2/><T134/><D111/><U86/><E38/><V13/><F39/><W128/><G116/><T53/><D123/><U11/><E101/><N who="0" m="38985" /><D134/><N who="2" m="51242" /><F37/><W52/><G114/><T45/><D113/><U24/><E133/><V56/><F70/><W122/><G126/><T26/><D45/><U55/><E131/><N who="3" m="50250" /><G99/><T104/><D104/><U9/><E50/><V14/><F5/><W97/><G97/><T54/><D53/><U106/><E106/><V72/><F72/><W121/><G52/><T36/><D36/><U18/><E63/><V130/><F130/><W60/><G60/><T78/><D118/><U94/><E11/><V43/><F43/><W107/><G107/><T71/><D71/><U61/><E61/><V17/><F13/><AGARI ba="0,0" hai="0,3,7,9,13,18,21,24,47,48,55,86,90,94" machi="13" ten="30,1000,0" yaku="7,1" doraHai="25" who="1" fromWho="2" sc="222,0,316,10,220,-10,242,0" />
</Scene>
<Scene>
<INIT seed="7,0,0,3,4,54" ten="222,326,210,242" oya="3" hai0="102,79,113,88,39,94,15,106,95,20,71,59,0" hai1="108,12,44,11,125,24,13,104,45,52,109,43,8" hai2="3,51,101,25,118,133,129,6,18,81,28,126,7" hai3="61,85,57,96,107,66,112,53,23,127,49,135,69"/><W123/><G123/><T21/><D71/><U65/><E104/><V75/><F118/><W10/><G112/><T40/><D0/><U86/><E65/><V27/><F101/><W117/><G117/><T119/><D119/><U42/><E24/><V78/><F133/><W14/><G127/><T97/><D79/><U56/><E86/><V63/><F126/><W74/><G74/><T132/><D132/><U76/><E125/><V89/><F129/><W62/><G23/><T36/><D40/><U134/><E134/><V114/><F114/><W87/><G62/><T121/><D121/><U55/><E56/><V32/><F3/><W92/><G107/><T30/><D113/><U47/><E47/><V46/><F89/><W70/><G70/><T35/><D59/><U37/><E76/><V90/><F90/><W120/><G120/><T115/><D115/><U93/><E93/><V9/><F63/><W60/><G60/><T80/><D80/><U58/><E58/><V103/><F103/><N who="3" m="60807" /><G135/><T2/><D2/><U67/><E67/><V26/><F26/><W131/><G131/><T1/><D1/><U16/><E16/><V83/><F81/><W82/><G82/><T124/><D124/><U84/><E84/><V29/><F18/><N who="3" m="8535" /><G69/><T122/><D122/><U68/><E68/><V72/><F72/><W5/><G5/><T48/><D35/><U98/><E37/><V33/><F9/><W116/><G116/><T38/><D30/><U73/><E73/><V111/><F111/><W17/><G17/><N who="0" m="10303" /><D21/><U105/><E105/><V31/><F31/><W128/><G128/><RYUUKYOKU ba="0,0" sc="222,-30,326,10,210,10,242,10" hai1="8,11,12,13,42,43,44,45,52,55,98,108,109" hai2="6,7,25,27,28,29,32,33,46,51,75,78,83" hai3="49,53,57,61,66,85,87" />
</Scene>
<Scene>
<INIT seed="7,1,0,1,0,28" ten="192,336,220,252" oya="3" hai0="6,57,131,134,86,79,110,25,49,71,122,124,38" hai1="135,73,95,45,63,46,130,74,76,89,69,99,44" hai2="129,77,48,19,20,98,126,88,67,21,87,83,108" hai3="128,15,133,103,18,53,123,8,127,27,11,61,41"/><W40/><G123/><T84/><D71/><U26/><E76/><V0/><F0/><W58/><G127/><T92/><D38/><U112/><E26/><V111/><F126/><W100/><G133/><T68/><D68/><U4/><E4/><V66/><F129/><W59/><G128/><T96/><D110/><U113/><E130/><V114/><F114/><N who="1" m="44137" /><E135/><V23/><F111/><W13/><G27/><T51/><D6/><U106/><E106/><V105/><F108/><W1/><G1/><T78/><D122/><U70/><E70/><V5/><F5/><W2/><G2/><T31/><D134/><U24/><E24/><V93/><F105/><W116/><G116/><T3/><D3/><U118/><E118/><V120/><F120/><W81/><G81/><T52/><D49/><U125/><E125/><V60/><F60/><W22/><G59/><T97/><D131/><U65/><AGARI ba="1,0" hai="44,45,46,63,65,69,73,74,89,95,99" m="44137" machi="65" ten="40,1500,0" yaku="15,1" doraHai="28" who="1" fromWho="1" sc="192,-5,336,18,220,-5,252,-8" owari="187,-31.0,354,45.0,215,-18.0,244,4.0" />
</Scene>
</mjloggm>