<mjloggm ver="2.3"><GO type="169" lobby="0"/><UN n0="%E3%81%97%E3%82%87%E3%81%BC%E3%82%93%EF%BD%8E" n1="%E5%A4%AA%E3%81%8F%E3%81%AA%E3%81%84%E3%81%8A" n2="%E9%88%B4%E5%B1%8B%E5%86%85%E4%BA%94%E6%9B%B2" n3="%E3%82%AE%E3%82%BF%E3%83%AB%E3%83%9E" dan="17,19,16,16" rate="2208.11,2292.45,2147.31,2046.33" sx="F,F,M,M"/><TAIKYOKU oya="0"/>

<Scene>
<INIT seed="0,0,0,2,0,10" ten="250,250,250,250" oya="0" hai0="24,93,89,3,63,102,88,121,55,44,76,97,96" hai1="69,40,37,17,67,114,68,90,50,106,132,131,103" hai2="30,41,39,135,4,94,47,2,49,125,71,83,54" hai3="1,112,105,79,36,21,86,115,38,19,126,108,73"/><T113/><D113/><U74/><E74/><V116/><F135/><W57/><G73/><T120/><D3/><U95/><E37/><V101/><F125/><W127/><G105/><T64/><D76/><U60/><E132/><V78/><F116/><W45/><G1/><T65/><D24/><U18/><E69/><V110/><F110/><W6/><G6/><T124/><D124/><N who="3" m="47657" /><G108/><T118/><D118/><U84/><E114/><V33/><F71/><W15/><G38/><T42/><D55/><U81/><E106/><V0/><F33/><W43/><G57/><T56/><D65/><U80/><E131/><V130/><F30/><W51/><G36/><T13/><D13/><U26/><E103/><V75/><F130/><W100/><G100/><T98/><D89/><U29/><E40/><V72/><F72/><W5/><G5/><T25/><D25/><U35/><E50/><V31/><F31/><W20/><G20/><T134/><D134/><U58/><E68/><V61/><F61/><W92/><G79/><T109/><D109/><U91/><REACH who="1" step="1"/><E81/><REACH who="1" ten="250,240,250,250" step="2"/><V128/><F128/><W85/><G92/><T117/><D117/><U107/><E107/><V28/><F94/><W8/><G115/><T46/><D102/><U87/><AGARI ba="0,1" hai="17,18,26,29,35,58,60,67,80,84,87,90,91,95" machi="87" ten="20,5200,0" yaku="1,1,0,1,7,1,53,1" doraHai="10" doraHaiUra="53" who="1" fromWho="1" sc="250,-26,240,62,250,-13,250,-13" />
</Scene>
<Scene>
<INIT seed="1,0,0,2,2,0" ten="224,302,237,237" oya="1" hai0="8,65,91,71,69,68,67,7,52,41,42,104,128" hai1="74,64,12,43,51,3,107,96,61,127,114,121,5" hai2="90,39,34,109,45,129,82,22,87,106,80,122,35" hai3="98,57,10,58,26,24,111,118,116,77,124,103,15"/><U100/><E114/><V11/><F122/><W25/><G124/><T47/><D104/><U30/><E121/><V99/><F109/><W49/><G111/><T126/><D91/><U6/><E3/><V92/><F129/><W130/><G130/><T56/><D128/><U133/><E74/><V37/><F106/><W113/><G113/><T81/><D81/><U95/><E127/><V119/><F119/><W28/><G28/><T38/><D42/><U60/><E133/><V4/><F22/><W110/><G110/><T115/><D115/><U55/><E43/><V9/><F9/><W101/><G101/><T75/><D75/><U125/><E125/><V135/><F135/><W62/><G77/><T85/><D85/><U88/><E30/><V78/><F80/><W63/><G49/><T53/><D126/><U2/><E2/><V14/><REACH who="2" step="1"/><F45/><REACH who="2" ten="224,302,227,237" step="2"/><W18/><G118/><T86/><D8/><U13/><E107/><V132/><F132/><W44/><G44/><T48/><D47/><N who="1" m="28159" /><E100/><V40/><F40/><W59/><REACH who="3" step="1"/><G116/><REACH who="3" ten="224,302,227,227" step="2"/><T33/><D33/><AGARI ba="0,2" hai="4,11,14,33,34,35,37,39,78,82,87,90,92,99" machi="33" ten="40,2600,0" yaku="1,1,52,1,53,0" doraHai="0" doraHaiUra="36" who="2" fromWho="0" sc="224,-26,302,0,227,46,227,0" />
</Scene>
<Scene>
<INIT seed="2,0,0,1,0,101" ten="198,302,273,227" oya="2" hai0="76,5,0,130,43,97,71,42,82,60,54,89,7" hai1="37,64,80,81,70,21,48,65,92,33,102,56,99" hai2="24,135,116,35,94,8,118,134,50,13,25,41,40" hai3="127,15,125,52,131,66,17,106,62,123,126,18,105"/><V73/><F73/><W96/><G131/><T83/><D130/><U57/><E33/><V98/><F35/><W78/><G123/><T124/><D124/><U2/><E37/><V26/><F50/><W3/><G3/><T85/><D71/><U34/><E2/><V113/><F113/><W79/><G96/><T114/><D114/><U53/><E70/><V28/><F28/><W119/><G119/><T20/><D20/><U23/><E34/><V129/><F129/><W46/><G18/><T84/><D97/><U108/><E108/><V58/><F58/><N who="3" m="35143" /><G66/><N who="1" m="25706" /><E56/><V117/><F98/><W11/><G46/><T55/><D0/><U38/><E38/><V115/><F94/><W88/><G88/><T45/><D60/><U77/><E81/><V49/><F49/><W32/><G32/><T90/><REACH who="0" step="1"/><D45/><REACH who="0" ten="188,302,273,227" step="2"/><U51/><E57/><V9/><F115/><W36/><G36/><T14/><D14/><U72/><E51/><V122/><F13/><W93/><G93/><T10/><D10/><N who="2" m="4202" /><F122/><W67/><G67/><T95/><D95/><U4/><E48/><V110/><F110/><W31/><G31/><T69/><D69/><U74/><E92/><V1/><F1/><W44/><G44/><T6/><D6/><U121/><E4/><V91/><F41/><W47/><G47/><T16/><D16/><U19/><E19/><V30/><F40/><W59/><G59/><T104/><D104/><AGARI ba="0,1" hai="11,15,17,78,79,104,105,106,125,126,127" m="35143" machi="104" ten="40,8000,1" yaku="18,1,52,3,54,1" doraHai="101" who="3" fromWho="0" sc="188,-80,302,0,273,0,227,90" />
</Scene>
<Scene>
<INIT seed="3,0,0,5,2,62" ten="108,302,273,317" oya="3" hai0="116,71,43,35,6,5,134,16,48,68,37,127,78" hai1="73,83,75,92,91,84,53,98,85,26,103,129,112" hai2="109,96,46,128,52,80,77,115,86,19,111,11,132" hai3="38,69,24,125,123,15,97,70,102,106,66,39,31"/><W20/><G125/><T12/><D127/><U17/><E26/><V107/><F115/><W110/><G123/><T36/><D116/><U74/><E17/><V89/><F132/><W33/><G110/><T47/><D35/><U99/><E53/><V49/><F128/><W13/><G69/><T105/><D105/><N who="1" m="63735" /><E129/><V87/><F96/><W114/><G114/><T130/><D134/><U104/><E112/><V79/><F107/><W101/><G101/><T56/><D130/><U10/><E10/><V94/><F77/><W7/><G20/><T124/><D124/><U81/><E104/><V57/><F46/><W27/><G27/><T34/><D34/><U65/><E65/><V126/><F126/><W118/><G118/><T41/><D78/><N who="1" m="46199" /><E73/><V51/><F51/><W67/><G13/><T54/><D41/><U72/><E72/><V64/><F64/><W133/><G133/><T9/><REACH who="0" step="1"/><D37/><REACH who="0" ten="98,302,273,317" step="2"/><U1/><E1/><V63/><F111/><W21/><G70/><AGARI ba="0,1" hai="5,6,9,12,16,36,43,47,48,54,56,68,70,71" machi="70" ten="40,8000,1" yaku="1,1,2,1,54,1,53,2" doraHai="62" doraHaiUra="2" who="0" fromWho="3" sc="98,90,302,0,273,0,317,-80" />
</Scene>
<Scene>
<INIT seed="4,0,0,1,5,112" ten="188,302,273,237" oya="0" hai0="56,17,95,13,82,44,97,105,54,87,131,11,71" hai1="110,79,10,48,107,64,76,74,2,52,42,134,49" hai2="124,72,6,121,31,46,96,122,77,39,9,61,91" hai3="68,35,104,18,55,20,36,127,5,94,114,0,133"/><T83/><D71/><U32/><E110/><V33/><F124/><W38/><G68/><T29/><D131/><U78/><E32/><V113/><F113/><W118/><G104/><T109/><D109/><U37/><E107/><V75/><F61/><W65/><G114/><T40/><D105/><U34/><E34/><V69/><F69/><W43/><G127/><T30/><D40/><U70/><E134/><V102/><F91/><W22/><G133/><T15/><D15/><U106/><E106/><V21/><F96/><W3/><G35/><T89/><D82/><N who="1" m="45335" /><E48/><V66/><F102/><W12/><G65/><T108/><D108/><U16/><E16/><V1/><F66/><W130/><G130/><T53/><D44/><N who="1" m="23631" /><E64/><V88/><F88/><W90/><G18/><T63/><REACH who="0" step="1"/><D54/><REACH who="0" ten="178,302,273,237" step="2"/><U26/><E70/><V80/><F72/><W4/><G55/><T73/><D73/><U84/><E52/><V14/><F14/><W115/><G12/><T120/><D120/><U41/><E41/><V116/><F122/><W57/><G115/><T28/><D28/><U123/><E123/><V128/><F121/><W92/><G43/><T99/><D99/><U59/><E84/><V100/><F128/><W62/><G3/><T47/><D47/><U50/><E59/><V132/><F46/><W93/><G0/><T85/><D85/><U119/><E2/><V81/><F1/><W98/><G98/><T27/><D27/><U129/><E26/><V135/><F132/><W8/><G38/><T24/><D24/><U86/><E129/><V126/><F135/><W125/><G36/><RYUUKYOKU ba="0,1" sc="178,30,302,-10,273,-10,237,-10" hai0="11,13,17,29,30,53,56,63,83,87,89,95,97" />
</Scene>
<Scene>
<INIT seed="4,1,1,0,2,104" ten="208,292,263,227" oya="0" hai0="98,32,15,77,6,43,135,33,85,10,82,79,1" hai1="27,62,65,122,61,130,23,103,88,19,40,118,67" hai2="12,57,2,13,91,14,107,111,31,54,64,112,39" hai3="22,123,99,102,101,60,132,113,120,38,49,56,47"/><T3/><D135/><U48/><E118/><V69/><F111/><W124/><G132/><T119/><D119/><U109/><E109/><V50/><F112/><W93/><G113/><T42/><D77/><U0/><E122/><V80/><F2/><W16/><G124/><T28/><D1/><U21/><E0/><V83/><F107/><W30/><G38/><T76/><D76/><U44/><E103/><V75/><F39/><W70/><G70/><T131/><D131/><U25/><E130/><V74/><F31/><W89/><G30/><T95/><D3/><U71/><E88/><V128/><F128/><W41/><G123/><T4/><D4/><U51/><E51/><V29/><F29/><W100/><G120/><T37/><D37/><U58/><REACH who="1" step="1"/><E23/><REACH who="1" ten="208,282,263,227" step="2"/><V90/><F91/><W5/><G5/><T7/><D6/><U129/><E129/><V94/><F90/><W81/><G81/><T110/><D110/><U121/><E121/><V9/><F83/><W46/><G46/><T72/><D7/><U125/><E125/><V114/><F80/><W24/><REACH who="3" step="1"/><G101/><REACH who="3" ten="208,282,263,217" step="2"/><T117/><D82/><U96/><E96/><V8/><F114/><W92/><G92/><T55/><D95/><U73/><E73/><V127/><F94/><W53/><AGARI ba="1,3" hai="16,22,24,41,47,49,53,56,60,89,93,99,100,102" machi="53" ten="20,16000,3" yaku="1,1,0,1,7,1,25,2,8,1,54,1,53,1" doraHai="104" doraHaiUra="52" who="3" fromWho="3" sc="208,-81,282,-41,263,-41,217,193" />
</Scene>
<Scene>
<INIT seed="5,0,0,0,3,96" ten="127,241,222,410" oya="1" hai0="81,48,24,121,54,40,95,37,57,94,70,7,130" hai1="120,74,43,131,72,39,97,26,8,93,133,18,44" hai2="87,118,47,36,13,51,2,60,22,109,65,113,124" hai3="86,114,100,119,33,80,27,12,134,56,50,41,58"/><U9/><E120/><V46/><F118/><W79/><G119/><T135/><D121/><U123/><E123/><V19/><F109/><W25/><G114/><T68/><D135/><U104/><E104/><V98/><F113/><W99/><G134/><T3/><D130/><U129/><E133/><V71/><F124/><W53/><G41/><T122/><D122/><U0/><E26/><V29/><F2/><W34/><G34/><T35/><D94/><U85/><E85/><V4/><F4/><W111/><G111/><T6/><D6/><N who="1" m="1095" /><E9/><V49/><F87/><W14/><G33/><T105/><D105/><U31/><E18/><V63/><F63/><W11/><G58/><T42/><D7/><U115/><E31/><V20/><F98/><W132/><G132/><T82/><D3/><U106/><E115/><V38/><F22/><W101/><G14/><T73/><D24/><N who="3" m="9289" /><G99/><T1/><D35/><U128/><E106/><V59/><F29/><W91/><G79/><T90/><D1/><U83/><E83/><V52/><F59/><W21/><G21/><T28/><D28/><U108/><E108/><V62/><F60/><W112/><G112/><T76/><D82/><U64/><E64/><V45/><F45/><W23/><G23/><T116/><D116/><U84/><E84/><V126/><F126/><W110/><G110/><T88/><D37/><U77/><E77/><V66/><F66/><W17/><AGARI ba="0,0" hai="11,12,17,50,53,56,80,86,91,100,101" m="9289" machi="17" ten="30,4000,0" yaku="8,1,52,2" doraHai="96" who="3" fromWho="3" sc="127,-10,241,-20,222,-10,410,40" />
</Scene>
<Scene>
<INIT seed="6,0,0,0,2,121" ten="117,221,212,450" oya="2" hai0="54,10,81,31,114,34,110,30,72,44,84,45,93" hai1="20,83,65,135,118,129,71,28,79,89,77,134,24" hai2="48,97,36,87,104,18,126,86,125,2,122,52,19" hai3="17,85,64,112,21,111,103,94,107,133,82,98,58"/><V33/><F122/><W123/><G123/><T99/><D114/><U46/><E118/><V56/><F36/><W47/><G112/><T15/><D72/><U40/><E129/><V70/><F70/><W67/><G133/><N who="1" m="50698" /><E65/><V5/><F33/><W73/><G58/><T91/><D110/><U131/><E71/><V115/><F115/><W27/><G111/><T61/><D34/><U41/><E131/><V51/><F51/><W29/><G47/><T102/><D45/><U57/><E57/><V60/><F48/><W117/><G117/><T78/><D78/><N who="1" m="29707" /><E46/><V108/><F108/><W43/><G73/><T105/><D105/><U88/><E83/><V63/><F63/><W35/><G107/><T90/><D102/><U132/><E132/><V119/><F119/><W62/><G43/><AGARI ba="0,0" hai="20,24,28,40,41,43,88,89" m="29707,50698" machi="43" ten="30,2000,0" yaku="20,1,54,1" doraHai="121" who="1" fromWho="3" sc="117,0,221,20,212,0,450,-20" />
</Scene>
<Scene>
<INIT seed="7,0,0,4,0,48" ten="117,241,212,430" oya="3" hai0="32,14,127,76,8,84,20,55,86,100,41,111,75" hai1="10,7,77,82,121,120,110,17,2,78,30,66,68" hai2="44,122,24,27,117,74,59,104,36,135,131,22,1" hai3="130,129,126,0,63,56,97,80,69,103,132,95,71"/><W96/><G0/><T119/><D32/><U25/><E78/><V47/><F117/><W46/><G80/><T45/><D119/><U99/><E110/><V113/><F135/><W72/><G72/><T13/><D111/><U94/><E17/><V85/><F131/><N who="3" m="50187" /><G132/><T9/><D127/><U89/><E66/><V133/><F113/><W35/><G35/><T21/><D75/><U109/><E68/><V90/><F122/><W101/><G46/><T128/><D128/><U11/><E11/><V62/><F133/><W70/><G126/><T12/><D100/><N who="3" m="38473" /><G95/><T93/><D93/><U18/><E109/><V108/><F108/><W50/><G50/><T31/><D31/><U60/><E30/><V43/><F74/><W98/><G56/><T6/><D41/><U107/><E82/><V58/><F1/><W40/><G40/><T26/><D26/><U73/><E25/><V91/><F43/><W15/><G15/><T92/><D13/><U34/><E73/><V38/><F62/><AGARI ba="0,0" hai="62,63,69,70,71,96,97,98" m="38473,50187" machi="62" ten="40,7700,0" yaku="28,2,19,1" doraHai="48" who="3" fromWho="2" sc="117,0,241,0,212,-77,430,77" owari="117,-38.0,241,4.0,135,-26.0,507,60.0" />
</Scene>
</mjloggm>