<mjloggm ver="2.3"><GO type="169" lobby="0"/><UN n0="%E3%83%9B%E3%83%BB%E3%82%B8%E3%83%A5%E3%83%B3" n1="%E5%A4%AA%E3%81%8F%E3%81%AA%E3%81%84%E3%81%8A" n2="%E3%81%8F%E3%82%89%E3%81%BE%E3%82%82%E3%82%93" n3="%30%30%73%61%69" dan="16,19,16,18" rate="2170.36,2325.93,2050.55,2182.37" sx="M,F,M,M"/><TAIKYOKU oya="0"/>

<Scene>
<INIT seed="0,0,0,0,0,122" ten="250,250,250,250" oya="0" hai0="5,129,29,65,19,39,46,100,118,23,125,101,99" hai1="0,52,126,13,36,7,86,133,12,58,106,76,84" hai2="92,112,75,21,15,43,6,22,42,94,128,10,56" hai3="16,60,40,66,119,4,3,57,93,32,45,97,96"/><T38/><D118/><U91/><E36/><V85/><F75/><W47/><G32/><T108/><D125/><U134/><E106/><V132/><F112/><W17/><G119/><T53/><D29/><U135/><E126/><V115/><F115/><W113/><G113/><T71/><D129/><U104/><E104/><V8/><F132/><W103/><G47/><T83/><D5/><U123/><E123/><V116/><F116/><W109/><G109/><T110/><D83/><N who="1" m="47207" /><E7/><V64/><F8/><W82/><G82/><T34/><D34/><U121/><E0/><V102/><F128/><W87/><G87/><T105/><D100/><U95/><E121/><V25/><F22/><W72/><G72/><T14/><D71/><U68/><E68/><V131/><F131/><W79/><G79/><T120/><D65/><U37/><E37/><V26/><F26/><W50/><REACH who="3" step="1"/><G97/><REACH who="3" ten="250,250,250,240" step="2"/><T124/><D124/><U117/><E117/><V44/><F85/><W98/><G98/><T61/><D120/><U55/><E86/><V20/><F44/><W28/><G28/><T49/><D61/><U67/><E134/><V59/><F43/><W114/><G114/><T77/><D77/><U130/><E130/><V63/><F42/><W80/><G80/><T51/><D51/><U107/><E135/><V9/><F63/><W2/><G2/><T24/><D39/><U18/><E133/><V62/><F62/><W78/><G78/><T27/><D38/><U48/><E48/><V54/><F59/><W35/><G35/><T33/><D33/><U30/><E58/><V11/><F56/><RYUUKYOKU ba="0,1" sc="250,15,250,-15,250,-15,240,15" hai0="14,19,23,24,27,46,49,53,99,101,105,108,110" hai3="3,4,16,17,40,45,50,57,60,66,93,96,103" />
</Scene>
<Scene>
<INIT seed="0,1,1,3,3,57" ten="265,235,235,255" oya="0" hai0="100,33,40,36,61,7,32,47,19,13,78,79,122" hai1="16,29,30,87,97,82,14,94,45,67,64,44,24" hai2="37,104,108,134,126,9,89,77,106,103,49,114,18" hai3="129,12,110,135,111,50,26,109,68,10,43,17,113"/><T38/><D38/><U56/><E44/><V39/><F114/><W124/><G113/><T31/><D122/><U35/><E45/><V130/><F108/><W84/><G43/><T121/><D121/><U72/><E72/><V132/><F77/><W22/><G50/><T1/><D100/><U119/><E30/><V125/><F130/><W96/><G129/><T28/><D28/><U42/><E42/><V27/><F89/><W123/><G123/><T81/><D78/><U117/><E67/><V76/><F76/><W102/><G135/><N who="2" m="51753" /><F49/><W105/><G124/><N who="2" m="47721" /><F103/><W128/><G128/><T107/><D79/><U86/><E82/><V60/><F60/><W41/><G84/><T69/><D81/><U74/><E74/><V65/><F65/><W51/><G51/><T53/><D107/><N who="2" m="41002" /><F9/><W83/><G83/><T46/><D69/><U4/><E64/><V48/><F48/><W21/><G41/><T85/><D61/><U73/><E73/><V0/><F0/><W112/><G112/><T118/><D1/><U34/><E56/><V59/><F59/><W93/><G68/><T5/><D40/><U99/><E94/><V66/><F66/><W91/><G91/><T80/><D47/><U98/><E87/><V11/><F11/><W8/><G93/><T55/><D85/><U63/><E86/><V2/><F2/><W54/><G54/><T58/><D80/><U3/><E63/><V20/><AGARI ba="1,1" hai="18,20,27,37,39" m="41002,47721,51753" machi="20" ten="40,2700,0" yaku="20,1,18,1" doraHai="57" who="2" fromWho="2" sc="265,-14,235,-8,235,40,255,-8" />
</Scene>
<Scene>
<INIT seed="1,0,0,5,2,119" ten="251,227,275,247" oya="1" hai0="122,24,73,115,62,7,96,121,27,91,80,65,19" hai1="31,2,88,83,55,63,17,68,25,71,75,8,74" hai2="40,59,117,11,49,29,79,127,78,126,106,43,18" hai3="104,15,111,105,30,77,132,90,69,66,28,100,51"/><U54/><E2/><V6/><F106/><W60/><G77/><N who="0" m="44079" /><D115/><U92/><E8/><V70/><F70/><W107/><G100/><T46/><D46/><U16/><E83/><V38/><F38/><W36/><G36/><T110/><D7/><U93/><E25/><V82/><F18/><W45/><G111/><T130/><D19/><U116/><E63/><V39/><F29/><W53/><G132/><T9/><D9/><U32/><E31/><V57/><F39/><W67/><G67/><T72/><D72/><U98/><E98/><V3/><F117/><W124/><G124/><N who="2" m="47657" /><F78/><W118/><G118/><T125/><D125/><U14/><E116/><V86/><F49/><W128/><G128/><T21/><D21/><U95/><E95/><V123/><F123/><N who="0" m="47114" /><D110/><U13/><REACH who="1" step="1"/><E88/><REACH who="1" ten="251,217,275,247" step="2"/><V85/><F85/><W4/><G90/><T97/><D130/><U129/><E129/><V56/><AGARI ba="0,1" hai="3,6,11,40,43,56,57,59,79,82,86" m="47657" machi="56" ten="30,1100,0" yaku="18,1" doraHai="119" who="2" fromWho="2" sc="251,-3,217,-5,275,21,247,-3" />
</Scene>
<Scene>
<INIT seed="2,0,0,4,0,119" ten="248,212,296,244" oya="2" hai0="75,26,111,59,86,68,71,107,16,69,60,22,98" hai1="8,79,92,61,109,53,20,10,5,23,94,14,29" hai2="118,21,38,106,84,39,104,87,42,1,6,50,54" hai3="80,127,97,46,32,44,131,24,73,77,58,115,30"/><V130/><F118/><W31/><G131/><T72/><D111/><U91/><E109/><V120/><F21/><W13/><G127/><T132/><D132/><U15/><E79/><V99/><F42/><W122/><G115/><T93/><D86/><U52/><E61/><V47/><F6/><W108/><G108/><T83/><D107/><U37/><E37/><V123/><F1/><W121/><G31/><T41/><D41/><U40/><E40/><V114/><F114/><W4/><G58/><T27/><D27/><U17/><E92/><V117/><F117/><W12/><G97/><T19/><D19/><U9/><E9/><V102/><F106/><W56/><G56/><T101/><REACH who="0" step="1"/><D83/><REACH who="0" ten="238,212,296,244" step="2"/><U49/><E29/><V34/><F130/><W45/><REACH who="3" step="1"/><G4/><REACH who="3" ten="238,212,296,234" step="2"/><T76/><D76/><U133/><E133/><V135/><F135/><W67/><G67/><AGARI ba="0,2" hai="16,22,26,59,60,67,68,69,71,72,75,93,98,101" machi="67" ten="40,8000,1" yaku="1,1,54,1,53,3" doraHai="119" doraHaiUra="64" who="0" fromWho="3" sc="238,100,212,0,296,0,234,-80" />
</Scene>
<Scene>
<INIT seed="3,0,0,4,1,88" ten="338,212,296,154" oya="3" hai0="109,120,11,99,19,58,72,34,23,80,26,110,108" hai1="107,55,74,57,87,73,50,123,59,48,27,66,79" hai2="116,114,29,69,75,46,65,71,122,101,98,3,125" hai3="100,0,24,77,133,89,82,60,103,30,9,35,37"/><W113/><G113/><T12/><D120/><U95/><E107/><V25/><F75/><W91/><G133/><T8/><D58/><U28/><E123/><V117/><F114/><W124/><G124/><T52/><D52/><N who="1" m="31879" /><E74/><V104/><F3/><W10/><G37/><T111/><D99/><U1/><E1/><V7/><F7/><W97/><G103/><T56/><D56/><U92/><E73/><V85/><F125/><W40/><G40/><T21/><D34/><U44/><E27/><V135/><F135/><W81/><G60/><T126/><D126/><U18/><E28/><V20/><F122/><W5/><G10/><T53/><D53/><N who="1" m="29895" /><E66/><V119/><F46/><W134/><G134/><T4/><D110/><U36/><E36/><V43/><F43/><W51/><G51/><T90/><D72/><U32/><E32/><V38/><F38/><W93/><REACH who="3" step="1"/><G82/><REACH who="3" ten="338,212,296,144" step="2"/><T61/><D61/><N who="1" m="36095" /><E18/><V129/><F117/><W2/><G2/><T41/><D19/><U112/><E112/><V86/><F119/><W128/><G128/><T42/><D42/><U78/><E78/><V121/><F129/><W70/><G70/><T102/><D41/><U115/><E115/><V54/><F71/><W15/><G15/><T31/><D109/><U64/><E64/><V130/><F69/><W68/><G68/><T6/><D108/><U131/><E131/><V76/><F65/><W94/><G94/><T62/><D111/><U105/><E105/><V67/><F104/><W14/><G14/><N who="0" m="5383" /><D62/><U127/><E127/><V22/><F130/><W132/><G132/><T83/><D12/><RYUUKYOKU ba="0,1" sc="338,-15,212,15,296,-15,144,15" hai1="79,87,92,95" hai3="0,5,9,24,30,35,77,81,89,91,93,97,100" />
</Scene>
<Scene>
<INIT seed="3,1,1,2,0,111" ten="323,227,281,159" oya="3" hai0="135,46,72,103,2,36,74,58,93,21,33,49,67" hai1="60,99,115,126,106,107,123,45,44,121,124,94,84" hai2="7,59,47,114,128,9,134,109,86,53,119,108,31" hai3="104,91,85,113,64,8,50,56,77,5,35,20,88"/><W110/><G104/><N who="1" m="39978" /><E60/><V55/><F119/><W28/><G35/><T73/><D33/><U122/><E44/><V81/><F31/><W65/><G110/><N who="2" m="42601" /><F114/><W132/><G132/><T25/><D2/><U127/><E45/><V87/><F134/><W101/><G113/><T26/><D135/><U80/><E115/><V18/><F128/><W37/><G37/><T40/><D26/><U69/><E69/><V0/><F18/><W13/><G101/><T14/><D14/><U10/><E10/><V79/><F86/><W15/><G77/><T29/><D36/><U131/><E131/><V100/><F100/><W48/><G91/><T52/><D40/><U61/><E61/><N who="2" m="36079" /><F47/><W6/><G6/><T30/><D30/><U117/><E117/><V24/><F55/><N who="3" m="31847" /><G50/><T102/><D93/><U95/><E99/><V70/><F24/><N who="3" m="16391" /><G15/><T43/><D67/><U11/><E11/><V17/><F17/><W120/><G120/><T129/><D129/><U41/><E41/><V96/><F70/><W32/><G32/><T16/><D29/><U89/><AGARI ba="1,1" hai="80,84,89,94,95,121,122,123,124,126,127" m="39978" machi="89" ten="50,6400,0" yaku="18,1,34,2" doraHai="111" who="1" fromWho="1" sc="323,-17,227,77,281,-17,159,-33" />
</Scene>
<Scene>
<INIT seed="4,0,0,2,3,133" ten="306,304,264,126" oya="0" hai0="55,113,53,76,77,86,131,15,41,68,112,116,30" hai1="111,83,124,10,109,34,7,6,14,36,120,75,104" hai2="54,96,57,65,44,94,4,97,85,47,69,132,79" hai3="50,33,102,106,134,61,118,103,39,59,115,100,93"/><T25/><D116/><U13/><E104/><V91/><F132/><W2/><G118/><T135/><D135/><U108/><E36/><V99/><F79/><W52/><G33/><T80/><D68/><U28/><E83/><V73/><F73/><W17/><G134/><T48/><D131/><U60/><E60/><N who="2" m="38031" /><F69/><W19/><G2/><T128/><D128/><U12/><E75/><V9/><F54/><W87/><G39/><T123/><D77/><U117/><E117/><V29/><F29/><W74/><G74/><T22/><D123/><U51/><E51/><V95/><F95/><W46/><G115/><N who="0" m="44107" /><D15/><AGARI ba="0,0" hai="4,9,15,44,47,85,91,94,96,97,99" m="38031" machi="15" ten="30,1000,0" yaku="8,1" doraHai="133" who="2" fromWho="0" sc="306,-10,304,0,264,10,126,0" />
</Scene>
<Scene>
<INIT seed="5,0,0,4,1,74" ten="296,304,274,126" oya="1" hai0="76,88,124,9,61,42,45,0,20,105,56,108,130" hai1="54,118,21,70,38,18,83,26,16,116,120,87,85" hai2="46,7,15,113,6,131,35,62,11,115,49,51,43" hai3="28,1,66,133,123,23,65,119,78,100,80,19,47"/><U34/><E120/><V33/><F131/><W59/><G123/><T50/><D108/><U92/><E38/><V110/><F110/><W114/><G1/><T98/><D130/><U57/><E70/><V73/><F73/><W122/><G122/><T111/><D111/><U101/><E34/><V63/><F7/><W67/><G119/><T109/><D109/><U3/><E3/><V44/><F62/><W84/><G133/><T52/><D124/><U107/><E107/><V91/><F91/><W25/><G114/><N who="2" m="43529" /><F63/><W112/><G112/><T125/><D125/><U60/><E18/><V72/><F72/><W64/><G100/><T86/><D105/><U82/><E101/><V30/><F30/><W103/><G103/><T69/><D69/><U2/><E2/><V55/><AGARI ba="0,0" hai="6,11,15,33,35,43,44,46,49,51,55" m="43529" machi="55" ten="30,2000,0" yaku="15,1,11,1" doraHai="74" who="2" fromWho="2" sc="296,-5,304,-10,274,20,126,-5" />
</Scene>
<Scene>
<INIT seed="6,0,0,1,2,43" ten="291,294,294,121" oya="2" hai0="17,135,27,54,72,31,106,120,110,81,102,8,62" hai1="23,109,58,124,33,6,93,49,25,113,7,78,76" hai2="115,114,98,42,28,67,68,59,112,119,86,85,123" hai3="1,15,75,60,131,41,10,99,64,77,47,84,96"/><V56/><F119/><W82/><G131/><T38/><D38/><U34/><E109/><V100/><F123/><W71/><G1/><T57/><D110/><U14/><E113/><V26/><F42/><W95/><G75/><T37/><D37/><U48/><E124/><V88/><F68/><W80/><G80/><T18/><D120/><U35/><E93/><N who="2" m="54415" /><F86/><W90/><G95/><T61/><D135/><U69/><E69/><V65/><F59/><W122/><G90/><T3/><D106/><U127/><E127/><V97/><F56/><W126/><G126/><T40/><D40/><U89/><E89/><V108/><F108/><W44/><G122/><T103/><D62/><U45/><E58/><V83/><F83/><W50/><REACH who="3" step="1"/><G47/><REACH who="3" ten="291,294,294,111" step="2"/><T94/><D94/><U24/><E45/><V91/><F91/><W101/><G101/><T121/><D121/><U11/><E78/><V128/><F128/><W133/><G133/><T39/><D72/><U111/><E76/><V22/><F98/><W134/><G134/><T107/><D81/><U79/><E79/><V9/><F97/><W32/><G32/><T12/><D3/><U53/><E111/><V5/><F100/><W66/><G66/><T125/><D125/><U13/><E34/><V16/><F67/><W104/><G104/><T116/><D103/><U117/><E33/><V52/><F65/><W19/><AGARI ba="0,1" hai="10,15,19,41,44,50,60,64,71,77,82,84,96,99" machi="19" ten="20,5200,0" yaku="1,1,0,1,7,1,52,1,53,0" doraHai="43" doraHaiUra="20" who="3" fromWho="3" sc="291,-13,294,-13,294,-26,111,62" />
</Scene>
<Scene>
<INIT seed="7,0,0,4,1,135" ten="278,281,268,173" oya="3" hai0="58,86,120,74,18,4,70,40,97,123,24,8,44" hai1="79,17,33,88,50,7,21,22,64,129,62,69,13" hai2="49,83,59,125,77,65,94,16,84,72,19,1,41" hai3="34,38,2,52,82,10,100,35,119,105,107,80,39"/><W75/><G119/><T63/><D70/><U112/><E33/><N who="3" m="12298" /><G100/><T47/><D74/><U0/><E112/><V66/><F1/><W3/><G52/><N who="0" m="34247" /><D123/><U93/><E129/><V71/><F71/><W30/><G30/><T89/><D120/><U46/><E79/><V92/><F72/><W67/><G67/><N who="2" m="25609" /><F59/><W96/><G96/><T14/><D40/><U90/><E0/><N who="3" m="42" /><G10/><T61/><D61/><U11/><E7/><V32/><F32/><W133/><G133/><T26/><D97/><U103/><E103/><V23/><F19/><W127/><G127/><T85/><D85/><U20/><REACH who="1" step="1"/><E93/><REACH who="1" ten="278,271,268,173" step="2"/><V134/><F134/><W6/><G6/><T124/><D124/><U109/><E109/><V122/><F125/><W110/><G110/><T73/><D73/><U54/><AGARI ba="0,1" hai="11,13,17,20,21,22,46,50,54,62,64,69,88,90" machi="54" ten="30,4000,0" yaku="1,1,0,1,54,1,53,0" doraHai="135" doraHaiUra="114" who="1" fromWho="1" sc="278,-10,271,50,268,-10,173,-20" owari="268,7.0,321,42.0,258,-14.0,153,-35.0" />
</Scene>
</mjloggm>