<mjloggm ver="2.3"><GO type="169" lobby="0"/><UN n0="%E5%A4%AA%E3%81%8F%E3%81%AA%E3%81%84%E3%81%8A" n1="%E9%87%8E%E7%94%B0%E7%A5%9E" n2="%E7%A2%BA%E8%AA%8D%E4%BA%8B%E9%A0%85" n3="%41%72%63%61%64%65" dan="19,16,17,17" rate="2320.82,2172.13,2087.82,2096.67" sx="F,M,M,M"/><TAIKYOKU oya="0"/>

<Scene>
<INIT seed="0,0,0,4,0,135" ten="250,250,250,250" oya="0" hai0="96,26,6,89,56,99,62,3,134,11,20,122,107" hai1="30,53,60,13,105,129,69,102,16,14,35,44,118" hai2="116,43,50,49,7,70,48,78,93,120,32,5,25" hai3="97,100,15,77,108,24,74,73,46,103,76,91,52"/><T21/><D122/><U31/><E118/><V81/><F120/><W84/><G108/><T8/><D134/><U117/><E117/><V64/><F43/><W85/><G24/><T111/><D111/><U131/><E105/><V132/><F70/><W75/><G15/><T34/><D11/><U36/><E102/><N who="3" m="38954" /><G46/><T37/><D37/><U54/><E54/><V66/><F93/><N who="3" m="56511" /><G52/><T38/><D38/><U127/><E35/><V58/><F132/><W23/><G23/><T61/><D107/><U22/><E14/><V10/><F58/><W68/><G68/><T57/><D34/><U18/><E69/><V9/><F116/><W29/><G29/><T88/><D26/><U130/><E18/><V114/><F25/><W101/><G101/><T27/><D27/><U51/><E36/><V90/><F32/><W133/><G133/><T65/><D8/><U40/><E60/><V125/><F9/><W47/><G47/><T92/><D3/><U83/><E53/><V121/><F10/><W94/><G94/><N who="0" m="56391" /><D6/><U39/><E39/><V115/><F7/><W119/><G119/><T12/><D12/><U4/><E4/><V123/><F5/><W95/><G95/><T128/><D20/><U72/><E31/><V126/><F121/><W0/><G0/><T104/><D21/><U80/><E30/><V2/><F2/><W113/><G113/><T112/><D112/><U110/><E110/><V55/><F123/><W71/><G71/><T79/><D61/><U33/><E33/><V45/><F115/><W17/><G17/><T63/><D62/><U87/><E22/><RYUUKYOKU ba="0,0" sc="250,-10,250,-10,250,-10,250,30" hai3="73,74,75,76,77,84,85" />
</Scene>
<Scene>
<INIT seed="1,1,0,4,5,1" ten="240,240,240,280" oya="1" hai0="8,26,3,45,120,106,85,67,59,124,96,130,72" hai1="36,129,113,99,35,78,44,69,28,104,20,108,49" hai2="109,57,9,62,92,73,123,31,5,30,76,0,2" hai3="15,89,12,115,43,119,10,75,88,127,27,122,81"/><U38/><E113/><V132/><F123/><W40/><G115/><T68/><D72/><U125/><E35/><V107/><F107/><W91/><G122/><T95/><D68/><U63/><E129/><V79/><F109/><W103/><G127/><T6/><D124/><U134/><E125/><V32/><F132/><W121/><G121/><T110/><D120/><U52/><E134/><V53/><F2/><W29/><G119/><T18/><D106/><U13/><E108/><V14/><F73/><W47/><G103/><T11/><D110/><U22/><E78/><V39/><F39/><W112/><G112/><T97/><D130/><U7/><E28/><V17/><F92/><W116/><G116/><T21/><D45/><U71/><E36/><V82/><F82/><W83/><G15/><N who="0" m="5527" /><D11/><U117/><E38/><V102/><F102/><W70/><G70/><T34/><D34/><U93/><E104/><V90/><F90/><W58/><G58/><T77/><D3/><U16/><E117/><V25/><REACH who="2" step="1"/><F31/><REACH who="2" ten="240,240,230,280" step="2"/><W128/><G128/><T80/><D95/><U100/><E100/><V60/><F60/><AGARI ba="1,1" hai="18,21,26,59,60,67,77,80,85,96,97" m="5527" machi="60" ten="30,2000,0" yaku="8,1,52,1" doraHai="1" who="0" fromWho="2" sc="240,33,240,0,230,-23,280,0" />
</Scene>
<Scene>
<INIT seed="2,0,0,1,2,98" ten="273,240,207,280" oya="2" hai0="3,85,120,107,132,0,10,108,114,105,67,82,19" hai1="78,131,26,71,89,5,15,74,90,18,112,86,1" hai2="25,27,8,7,12,30,116,43,126,9,23,50,41" hai3="121,31,101,38,128,130,59,110,28,69,80,70,109"/><V48/><F116/><W62/><G38/><T61/><D120/><U46/><E112/><V81/><F126/><W119/><G119/><T24/><D114/><U76/><E131/><N who="3" m="50218" /><G80/><T56/><D108/><N who="3" m="41577" /><G101/><T118/><D118/><U104/><E74/><V16/><F81/><W117/><G117/><T94/><D94/><U52/><E104/><V102/><F102/><W77/><G77/><T11/><D132/><U92/><E76/><V37/><F37/><W40/><G40/><N who="2" m="15433" /><F25/><W65/><G121/><T100/><D107/><U123/><E78/><V72/><F72/><W36/><G36/><T133/><D133/><U2/><E123/><V14/><AGARI ba="0,0" hai="7,8,9,12,14,16,23,27,30,48,50" m="15433" machi="14" ten="30,3000,0" yaku="8,1,54,1" doraHai="98" who="2" fromWho="2" sc="273,-10,240,-10,207,30,280,-10" />
</Scene>
<Scene>
<INIT seed="2,1,0,0,2,11" ten="263,230,237,270" oya="2" hai0="37,106,100,83,43,98,21,34,80,32,8,94,7" hai1="4,92,22,60,42,9,19,59,0,134,101,38,71" hai2="50,13,89,33,17,24,27,104,62,85,120,68,74" hai3="102,88,48,49,86,18,76,77,53,61,29,90,70"/><V82/><F120/><W28/><G102/><T84/><D83/><U105/><E134/><V45/><F104/><W2/><G2/><T35/><D21/><U109/><E109/><V107/><F107/><W126/><G126/><T81/><D106/><U20/><E105/><V30/><F74/><W133/><G133/><T112/><D112/><U54/><E71/><V114/><F114/><W23/><G70/><T125/><D125/><U67/><E67/><V39/><F39/><W64/><G64/><T110/><D110/><U79/><E79/><N who="3" m="30282" /><G61/><T118/><D118/><U111/><E111/><V122/><F122/><W129/><G129/><T51/><D37/><U95/><E38/><V14/><F62/><W135/><G90/><T127/><D127/><U96/><E42/><V44/><F68/><W93/><G135/><T36/><D36/><U87/><REACH who="1" step="1"/><E19/><REACH who="1" ten="263,220,237,270" step="2"/><V75/><F75/><W56/><G48/><T41/><D51/><U63/><E63/><V69/><F69/><W52/><G53/><T6/><D43/><U26/><E26/><AGARI ba="1,1" hai="18,23,26,28,29,49,52,56,86,88,93" m="30282" machi="26" ten="30,3900,0" yaku="8,1,54,2" doraHai="11" who="3" fromWho="1" sc="263,0,220,-42,237,0,270,52" />
</Scene>
<Scene>
<INIT seed="3,0,0,5,2,123" ten="263,178,237,322" oya="3" hai0="59,55,23,113,135,28,41,12,0,86,99,3,61" hai1="80,40,48,92,108,98,127,96,88,38,29,85,70" hai2="91,42,133,19,121,4,114,30,104,64,134,54,90" hai3="116,16,25,22,20,109,103,51,67,119,50,8,89"/><W34/><G34/><T1/><D135/><U32/><E127/><V129/><F121/><W60/><G103/><T2/><D113/><U14/><E38/><V131/><F104/><W110/><G8/><T106/><D41/><U122/><E122/><V10/><F114/><W27/><G89/><N who="2" m="33801" /><F42/><W44/><G60/><T95/><D86/><U49/><E70/><V35/><F19/><W31/><G67/><T15/><D106/><U83/><E32/><V81/><F64/><W78/><G78/><T56/><N who="0" m="512" /><DORA hai="75" /><T94/><D59/><U36/><E29/><V13/><F81/><W73/><G73/><T117/><D117/><U87/><E36/><V84/><F84/><W66/><G66/><T97/><D94/><U130/><E40/><V58/><F30/><W63/><G63/><T18/><D28/><U111/><E88/><V62/><F35/><W82/><G82/><T69/><D69/><U26/><E14/><V105/><F105/><W71/><G71/><T53/><D95/><U46/><E92/><V7/><F7/><W118/><REACH who="3" step="1"/><G51/><REACH who="3" ten="263,178,237,312" step="2"/><T72/><D72/><U5/><E5/><V100/><F100/><W112/><G112/><T11/><D97/><U79/><E79/><V93/><F93/><W124/><G124/><T102/><D99/><U43/><E98/><V57/><F4/><W17/><G17/><N who="0" m="10663" /><D102/><U68/><E68/><V107/><F107/><W33/><G33/><T128/><D18/><U77/><E96/><V47/><F62/><W39/><G39/><T24/><D61/><U132/><E85/><V6/><F6/><W21/><G21/><RYUUKYOKU ba="0,1" sc="263,-10,178,-10,237,-10,312,30" hai3="16,20,22,25,27,31,44,50,109,110,116,118,119" />
</Scene>
<Scene>
<INIT seed="3,1,1,1,5,134" ten="253,168,227,342" oya="3" hai0="92,103,72,111,114,97,68,24,82,109,132,46,96" hai1="135,106,94,125,53,29,123,116,117,52,130,14,17" hai2="122,5,102,12,101,32,23,22,6,76,35,84,10" hai3="91,74,115,61,1,105,0,98,55,15,69,27,129"/><W86/><G74/><T11/><D68/><U99/><E123/><V16/><F122/><W124/><G115/><T107/><D11/><U83/><E135/><V25/><F5/><W65/><G129/><T59/><D132/><U128/><E106/><V49/><F32/><W108/><G15/><T44/><D114/><U70/><E70/><V77/><F35/><W38/><G38/><T48/><D24/><U42/><E42/><V41/><F23/><W127/><G108/><N who="0" m="41547" /><D59/><U113/><E29/><V36/><F36/><W4/><G55/><N who="1" m="21066" /><E83/><N who="2" m="47207" /><F77/><W66/><G66/><T110/><D110/><U40/><E113/><V18/><F18/><W85/><G27/><T31/><D31/><U93/><E40/><V104/><F104/><W95/><G105/><T118/><D118/><U28/><E28/><V80/><F80/><W133/><G133/><T39/><D39/><U60/><E116/><V19/><F19/><W8/><REACH who="3" step="1"/><G1/><REACH who="3" ten="253,168,227,332" step="2"/><T126/><D72/><U54/><E130/><V88/><F41/><W34/><G34/><T37/><D37/><U57/><E128/><V7/><F25/><W120/><G120/><T81/><D107/><U13/><E117/><V2/><F2/><W45/><G45/><T79/><D44/><U73/><E73/><V47/><F47/><W112/><G112/><T71/><D46/><U62/><E14/><V58/><F12/><W51/><G51/><T3/><D48/><U33/><E33/><V64/><F49/><W9/><G9/><T90/><D3/><U21/><E13/><V63/><F10/><W30/><G30/><T78/><D78/><RYUUKYOKU ba="1,2" sc="253,-10,168,-10,227,-10,332,30" hai3="0,4,8,61,65,69,85,86,91,95,98,124,127" />
</Scene>
<Scene>
<INIT seed="3,2,2,4,4,86" ten="243,158,217,362" oya="3" hai0="31,119,81,102,104,128,111,50,55,113,54,131,107" hai1="62,27,60,43,88,41,98,12,9,95,127,46,125" hai2="99,35,90,29,52,124,0,96,30,68,106,109,108" hai3="91,33,34,42,32,10,77,23,76,14,20,13,85"/><W38/><G38/><T7/><D119/><U28/><E62/><V8/><F68/><W24/><G42/><T92/><D111/><N who="2" m="42570" /><F124/><N who="1" m="47689" /><E60/><V115/><F115/><W1/><G1/><T129/><D113/><U93/><E46/><V56/><F106/><W120/><G120/><T51/><D7/><N who="1" m="3135" /><E95/><N who="2" m="56439" /><F35/><AGARI ba="2,2" hai="27,28,35,41,43,88,93,98" m="3135,47689" machi="35" ten="30,3900,0" yaku="18,1,52,1,54,1" doraHai="86" who="1" fromWho="2" sc="243,0,158,65,217,-45,362,0" />
</Scene>
<Scene>
<INIT seed="4,0,0,3,2,105" ten="243,223,172,362" oya="0" hai0="44,34,2,100,47,24,43,92,10,118,20,31,135" hai1="52,83,103,82,121,16,58,69,7,39,11,45,72" hai2="128,132,96,122,120,74,133,62,101,14,46,97,102" hai3="18,12,51,9,57,15,37,111,77,6,70,88,127"/><T75/><D118/><U117/><E117/><V116/><F62/><W106/><G111/><T78/><D135/><N who="2" m="51786" /><F46/><W53/><G106/><T110/><D110/><U129/><E121/><N who="2" m="46699" /><F14/><W131/><G131/><T64/><D64/><U90/><E129/><V56/><F56/><W68/><G127/><T73/><D78/><U55/><E69/><V22/><F22/><W35/><G77/><T98/><D20/><U66/><E66/><V95/><F116/><W104/><G35/><T41/><D2/><U25/><E39/><V23/><F23/><W93/><G104/><T65/><D10/><U28/><E45/><V30/><F30/><W54/><G54/><T119/><D119/><U33/><E16/><V134/><F128/><W19/><G37/><T94/><D65/><U8/><E8/><V107/><N who="2" m="51794" /><V0/><DORA hai="124" /><F0/><W123/><G6/><T1/><D1/><U49/><E55/><V91/><F74/><W125/><G123/><T5/><D5/><U61/><E72/><V17/><F17/><W32/><G32/><T108/><D108/><U87/><E61/><V89/><AGARI ba="0,0" hai="89,91,95,96,97,101,102,107" m="46699,51794" machi="89" ten="50,6400,0" yaku="20,1,34,2" doraHai="105,124" who="2" fromWho="2" sc="243,-32,223,-16,172,64,362,-16" />
</Scene>
<Scene>
<INIT seed="5,0,0,3,0,69" ten="211,207,236,346" oya="1" hai0="135,101,93,82,13,37,107,67,121,72,47,15,49" hai1="122,63,29,87,30,45,19,27,4,18,51,79,104" hai2="118,62,20,106,41,129,46,113,55,2,23,56,99" hai3="8,133,31,40,100,7,58,98,38,28,134,52,125"/><U24/><E122/><V89/><F118/><W123/><G123/><T128/><D121/><U3/><E104/><V9/><F129/><W83/><G125/><T16/><D107/><U126/><E126/><V34/><F34/><W97/><G83/><T70/><D128/><U80/><E63/><V119/><F119/><W132/><G98/><T65/><D135/><U95/><E95/><V64/><F113/><W26/><G26/><N who="1" m="9770" /><E4/><V21/><F2/><N who="3" m="119" /><G40/><T112/><D112/><U22/><E3/><V108/><F9/><W96/><G38/><T32/><D32/><U6/><E6/><V17/><F106/><N who="3" m="63751" /><G97/><N who="0" m="59567" /><D37/><U131/><E131/><V86/><F99/><W61/><AGARI ba="0,0" hai="28,31,52,58,61,132,133,134" m="63751,119" machi="61" ten="30,2000,0" yaku="20,1,54,1" doraHai="69" who="3" fromWho="3" sc="211,-5,207,-10,236,-5,346,20" />
</Scene>
<Scene>
<INIT seed="6,0,0,0,3,57" ten="206,197,231,366" oya="2" hai0="5,103,12,16,29,51,42,72,133,36,28,46,80" hai1="129,114,71,7,85,17,88,25,0,83,61,95,20" hai2="94,4,118,76,109,86,101,74,64,45,108,79,99" hai3="52,115,77,63,11,43,92,60,81,44,14,62,2"/><V98/><F4/><W32/><G32/><T106/><D133/><U21/><E114/><V102/><F45/><W56/><G115/><T6/><D36/><U69/><E129/><V19/><F19/><W27/><G27/><T39/><D39/><U135/><E135/><V66/><F86/><W97/><G2/><T111/><D111/><N who="2" m="42570" /><F118/><W59/><G59/><T105/><D72/><U90/><E0/><V9/><F9/><W117/><G117/><T132/><D132/><U23/><E7/><V116/><F116/><W130/><G130/><T26/><D5/><U67/><REACH who="1" step="1"/><E69/><REACH who="1" ten="206,187,231,366" step="2"/><V22/><F74/><W123/><G123/><T107/><D6/><U112/><E112/><V120/><F120/><W89/><G77/><T55/><D29/><U49/><E49/><V50/><F50/><N who="3" m="26911" /><G81/><T1/><D80/><U68/><E68/><V110/><F110/><W70/><G70/><T13/><D1/><U54/><E54/><V127/><F79/><W91/><G91/><T10/><D55/><U65/><E65/><V8/><F76/><W84/><G97/><AGARI ba="0,1" hai="17,20,21,23,25,61,67,71,83,85,88,90,95,97" machi="97" ten="30,7700,0" yaku="1,1,7,1,52,1,54,1,53,0" doraHai="57" doraHaiUra="31" who="1" fromWho="3" sc="206,0,187,87,231,0,366,-77" />
</Scene>
<Scene>
<INIT seed="7,0,0,4,3,11" ten="206,274,231,289" oya="3" hai0="56,30,103,110,25,36,75,38,23,95,120,64,74" hai1="48,121,12,132,96,37,99,106,66,86,34,39,127" hai2="51,93,32,128,17,71,62,2,35,114,135,18,124" hai3="85,50,129,90,107,26,72,24,119,42,87,102,16"/><W19/><G72/><N who="0" m="27691" /><D110/><U104/><E121/><V15/><F2/><W108/><G119/><T78/><D78/><U81/><E34/><V118/><F51/><W3/><G3/><T0/><D0/><U41/><E127/><V77/><F124/><W58/><G129/><T113/><D120/><U54/><E132/><V52/><F135/><W130/><G130/><T45/><D45/><U10/><E66/><V40/><F93/><W97/><G108/><T133/><D133/><U31/><E31/><V92/><F92/><N who="3" m="58663" /><G87/><T73/><N who="0" m="27699" /><T112/><DORA hai="131" /><D103/><U89/><E106/><V63/><F52/><N who="3" m="32023" /><G42/><T28/><D28/><U70/><E104/><V47/><F40/><W65/><G65/><T9/><D95/><U7/><E70/><V76/><F71/><W22/><G107/><T8/><D64/><U126/><E126/><V98/><F128/><W125/><G125/><T101/><D101/><U116/><E116/><V29/><F118/><W43/><G43/><T105/><D105/><U111/><E111/><V82/><F35/><W60/><G60/><T13/><D56/><U27/><E41/><V123/><F123/><W4/><G4/><N who="0" m="3207" /><D36/><U55/><E39/><V91/><F63/><W115/><G26/><T33/><D38/><U134/><E37/><V61/><F61/><W14/><G115/><N who="0" m="44107" /><D33/><U1/><E134/><V21/><F114/><W79/><G79/><T46/><D46/><U53/><E1/><V84/><F77/><W69/><G69/><T6/><D6/><U117/><E117/><V68/><F68/><W49/><G24/><T59/><D59/><RYUUKYOKU ba="0,0" sc="206,30,274,-10,231,-10,289,-10" hai0="9,23,25,30" />
</Scene>
<Scene>
<INIT seed="8,1,0,5,2,25" ten="236,264,221,279" oya="0" hai0="11,6,81,112,84,100,22,127,135,61,20,134,119" hai1="129,47,95,123,52,114,0,109,74,93,73,120,29" hai2="105,76,83,106,7,35,16,69,62,43,133,78,99" hai3="33,98,3,24,70,44,59,90,60,82,131,2,130"/><T46/><D112/><U12/><E0/><V64/><F7/><W115/><G115/><T56/><D100/><U79/><E114/><V37/><F78/><W113/><G113/><T126/><D46/><U121/><E109/><V107/><F133/><N who="0" m="50698" /><D119/><U40/><E129/><N who="3" m="49162" /><G44/><T34/><D34/><U80/><E74/><N who="2" m="43415" /><F16/><W97/><G70/><T67/><D84/><U63/><E40/><V36/><F43/><W51/><G98/><T9/><D81/><U68/><E68/><V53/><F53/><W8/><G97/><T5/><D11/><U39/><E39/><N who="2" m="14923" /><F35/><W19/><G8/><T118/><D118/><U71/><E71/><V72/><F72/><W87/><G33/><T58/><D58/><U38/><E38/><V21/><F21/><N who="0" m="8298" /><D5/><U108/><E47/><V10/><F10/><W122/><G19/><T110/><D110/><U75/><E75/><V4/><F4/><W15/><G59/><T96/><D96/><U88/><E108/><V101/><AGARI ba="1,0" hai="62,64,69,99,101,105,106,107" m="14923,43415" machi="101" ten="30,2000,0" yaku="33,2" doraHai="25" who="2" fromWho="2" sc="236,-11,264,-6,221,23,279,-6" />
</Scene>
<Scene>
<INIT seed="9,0,0,1,1,47" ten="225,258,244,273" oya="1" hai0="23,35,61,135,31,10,19,80,33,15,51,58,86" hai1="11,119,4,103,87,84,44,112,73,38,133,67,21" hai2="2,101,52,94,109,65,91,57,45,40,108,76,18" hai3="98,0,85,53,39,77,7,125,74,37,8,43,17"/><U42/><E119/><V113/><F2/><W121/><G121/><T29/><D135/><U93/><E73/><V1/><F1/><W104/><G125/><T34/><D23/><U48/><E133/><V127/><F101/><W71/><G71/><T59/><D51/><U124/><E124/><V25/><F65/><W120/><G120/><T50/><D50/><U82/><E112/><V70/><F76/><W20/><G85/><T116/><D116/><U46/><E67/><V28/><F70/><W83/><G53/><T22/><D10/><U49/><E21/><N who="2" m="13495" /><F28/><W95/><G104/><T128/><D128/><U12/><E82/><V99/><F113/><W32/><G32/><T115/><D115/><U105/><E105/><V97/><F97/><W123/><G123/><T3/><D3/><U5/><E5/><V64/><F64/><W75/><G75/><T41/><D41/><N who="1" m="24655" /><E38/><N who="2" m="21655" /><F127/><W100/><G43/><T132/><D132/><U62/><E62/><AGARI ba="0,0" hai="52,57,62,91,94,99,108,109" m="21655,13495" machi="62" ten="30,2000,0" yaku="25,1,54,1" doraHai="47" who="2" fromWho="1" sc="225,0,258,-20,244,20,273,0" />
</Scene>
<Scene>
<INIT seed="10,0,0,2,4,20" ten="225,238,264,273" oya="2" hai0="100,3,97,29,117,52,35,42,88,40,92,56,9" hai1="85,103,25,122,43,54,50,80,51,118,37,1,68" hai2="59,93,107,109,27,94,6,41,84,87,46,26,64" hai3="133,62,10,76,106,91,30,131,57,113,34,102,71"/><V65/><F107/><W115/><G131/><T104/><D117/><U14/><E1/><V83/><F6/><W101/><G133/><T90/><D3/><U13/><E118/><V44/><F59/><W31/><G76/><T19/><D29/><U125/><E37/><V99/><F99/><W23/><G34/><T116/><D35/><U33/><E68/><V78/><F109/><W66/><G10/><T12/><D116/><U32/><E125/><V21/><F21/><W45/><G45/><N who="2" m="17513" /><F41/><N who="0" m="15978" /><D104/><U105/><E43/><V22/><F22/><W79/><G71/><T82/><D82/><U11/><E122/><V58/><F58/><W81/><G106/><T17/><D17/><U8/><E105/><V36/><F36/><W39/><G39/><T70/><D70/><U7/><E33/><V15/><F15/><W53/><G31/><T5/><D5/><U111/><E111/><V110/><F110/><W130/><G30/><T86/><D86/><U48/><E32/><V114/><F114/><W95/><G115/><T89/><D100/><U60/><E103/><V16/><F16/><W74/><G113/><T75/><D75/><U49/><E7/><V69/><F69/><W0/><G0/><T63/><AGARI ba="0,0" hai="9,12,19,52,56,63,88,89,90,92,97" m="15978" machi="63" ten="30,4000,0" yaku="8,1,54,2" doraHai="20" who="0" fromWho="0" sc="225,40,238,-10,264,-20,273,-10" />
</Scene>
<Scene>
<INIT seed="11,0,0,0,1,1" ten="265,228,244,263" oya="3" hai0="52,17,102,110,135,106,128,83,122,4,121,13,48" hai1="79,41,118,108,44,72,74,50,103,35,100,111,16" hai2="117,86,3,63,42,112,64,33,2,126,40,58,89" hai3="53,76,78,129,6,75,67,7,32,66,90,20,120"/><W132/><G32/><T8/><D110/><U96/><E35/><V99/><F112/><W92/><G120/><T62/><D62/><U23/><E118/><V54/><F117/><W45/><G132/><T98/><D135/><U65/><E65/><N who="3" m="24586" /><G75/><T125/><D128/><U80/><E74/><V19/><F33/><W85/><G129/><T88/><D125/><U115/><E115/><V68/><F99/><W21/><G21/><T133/><D133/><U12/><E103/><V104/><F104/><AGARI ba="0,0" hai="12,16,23,41,44,50,72,79,80,96,100,104,108,111" machi="104" ten="30,2000,0" yaku="7,1,54,1" doraHai="1" who="1" fromWho="2" sc="265,0,228,20,244,-20,263,0" owari="265,37.0,248,-15.0,224,-28.0,263,6.0" />
</Scene>
</mjloggm>