<mjloggm ver="2.3"><GO type="169" lobby="0"/><UN n0="%E5%A4%AA%E3%81%8F%E3%81%AA%E3%81%84%E3%81%8A" n1="%E3%81%BE%E3%82%8B%E3%81%9F%E3%82%8D%E3%81%86" n2="%E5%AD%A3%E9%81%95%E3%81%84%E4%BF%B3%E4%BA%BA" n3="%49%53%53%4F%4E%34" dan="18,16,18,17" rate="2239.03,2062.12,2176.45,2203.22" sx="M,F,M,M"/><TAIKYOKU oya="0"/>

<Scene>
<INIT seed="0,0,0,3,4,69" ten="250,250,250,250" oya="0" hai0="18,2,38,70,50,68,48,60,118,97,56,123,35" hai1="121,13,52,90,9,134,73,89,20,1,101,74,92" hai2="32,0,30,107,39,105,62,33,75,81,71,116,132" hai3="17,63,40,4,115,54,3,29,99,103,34,22,46"/><T120/><D2/><U88/><E121/><N who="0" m="46665" /><D18/><U104/><E1/><V26/><F32/><W78/><G115/><T85/><D85/><U16/><E104/><V65/><F132/><W5/><G78/><T31/><D97/><N who="1" m="59559" /><E74/><V59/><F59/><W43/><G29/><T15/><D15/><N who="1" m="9247" /><E73/><V66/><F66/><W28/><G28/><T7/><D7/><N who="1" m="3263" /><E134/><V91/><F116/><W131/><G34/><T129/><D31/><U42/><E42/><V117/><F117/><W41/><G3/><T109/><D35/><U49/><E90/><V133/><F133/><W21/><G21/><T83/><D118/><U96/><E96/><V58/><F58/><AGARI ba="0,0" hai="49,52,58,88,89" m="3263,9247,59559" machi="58" ten="30,7700,0" yaku="8,1,54,3" doraHai="69" who="1" fromWho="2" sc="250,0,250,77,250,-77,250,0" />
</Scene>
<Scene>
<INIT seed="1,0,0,3,0,4" ten="250,327,173,250" oya="1" hai0="80,74,23,82,62,31,40,118,122,106,65,52,81" hai1="101,46,12,28,70,58,54,5,35,130,32,126,17" hai2="48,9,55,83,57,133,113,107,0,125,44,10,60" hai3="63,121,100,112,14,66,116,135,87,36,85,69,117"/><U15/><E70/><V7/><F107/><W8/><G121/><T68/><D118/><U71/><E71/><V6/><F125/><W94/><G36/><T16/><D106/><U102/><E126/><V88/><F133/><W21/><G135/><T131/><D122/><U34/><E28/><V26/><F26/><W75/><G75/><T43/><D131/><U53/><E130/><V98/><F113/><W109/><G112/><T3/><D3/><U123/><E123/><V99/><F6/><N who="3" m="3351" /><G109/><T67/><D31/><U29/><E29/><V37/><F37/><W64/><G64/><N who="0" m="24651" /><D74/><U1/><E1/><V89/><F89/><W128/><G128/><T78/><D78/><U38/><E5/><V49/><F49/><W59/><G69/><T93/><D93/><U97/><E12/><V13/><F0/><W77/><G77/><T72/><D72/><U50/><E97/><N who="2" m="36875" /><F13/><W47/><G100/><T120/><D120/><U132/><E132/><V103/><F103/><W108/><G108/><T11/><D11/><N who="2" m="4106" /><F7/><W30/><G30/><T56/><D68/><U2/><E2/><V73/><F73/><W39/><G21/><T105/><D105/><U84/><E38/><V92/><F83/><W129/><G129/><T18/><D23/><N who="1" m="11711" /><E102/><V19/><F19/><AGARI ba="0,0" hai="16,18,19,40,43,52,56,62,80,81,82" m="24651" machi="19" ten="30,3900,0" yaku="8,1,54,2" doraHai="4" who="0" fromWho="2" sc="250,39,327,0,173,-39,250,0" />
</Scene>
<Scene>
<INIT seed="2,0,0,5,4,8" ten="289,327,134,250" oya="2" hai0="58,46,117,128,2,87,53,121,69,116,32,54,56" hai1="63,26,111,27,108,124,123,135,17,14,92,120,28" hai2="84,119,115,49,104,100,95,59,44,11,79,109,126" hai3="83,34,13,38,4,37,48,6,25,52,102,70,51"/><V81/><F119/><N who="0" m="45642" /><D2/><U39/><E39/><V16/><F115/><W72/><G70/><T43/><D32/><N who="1" m="20503" /><E63/><V110/><F126/><W80/><G102/><T94/><D94/><U89/><E124/><V78/><F59/><N who="0" m="22570" /><D87/><N who="1" m="52287" /><E27/><V96/><F79/><W23/><G34/><T30/><D30/><U19/><E19/><V65/><F65/><W62/><G62/><T12/><D12/><U20/><E135/><V7/><F104/><W76/><G25/><T75/><D75/><U122/><AGARI ba="0,0" hai="14,17,20,108,111,120,122,123" m="52287,20503" machi="122" ten="40,2700,0" yaku="13,1,52,1" doraHai="8" who="1" fromWho="1" sc="289,-7,327,27,134,-13,250,-7" />
</Scene>
<Scene>
<INIT seed="3,0,0,1,5,12" ten="282,354,121,243" oya="3" hai0="59,13,81,80,79,100,53,44,133,120,111,127,33" hai1="41,109,73,121,43,17,72,3,26,93,129,40,85" hai2="63,92,57,99,34,124,101,78,69,125,55,21,88" hai3="104,52,31,58,9,54,50,115,128,82,64,113,98"/><W76/><G128/><T7/><D120/><U94/><E121/><V90/><F34/><W119/><G119/><T24/><D111/><U6/><E109/><V118/><F118/><W22/><G64/><T103/><D133/><U84/><E84/><V74/><F69/><W51/><G9/><N who="0" m="4287" /><D33/><U117/><E129/><V106/><F21/><W15/><G104/><T36/><D36/><U105/><E105/><V5/><F5/><W27/><G15/><T66/><D127/><U70/><E70/><V65/><F65/><W28/><G28/><T68/><D68/><U56/><E117/><V18/><F18/><W38/><G38/><T95/><D24/><U87/><E87/><N who="2" m="52255" /><F90/><W86/><REACH who="3" step="1"/><G98/><REACH who="3" ten="282,354,121,233" step="2"/><T1/><D66/><U132/><E3/><V110/><F110/><W37/><G37/><T11/><D11/><U77/><E132/><V2/><F2/><W14/><G14/><T89/><D1/><U0/><E0/><V35/><F35/><W67/><G67/><T23/><D23/><U75/><E26/><V130/><F130/><W29/><G29/><T62/><D79/><U39/><E39/><V116/><F116/><W16/><G16/><T102/><D44/><AGARI ba="0,1" hai="22,27,31,44,50,51,52,54,58,76,82,86,113,115" machi="44" ten="30,11600,0" yaku="1,1,7,1,54,1,53,1" doraHai="12" doraHaiUra="20" who="3" fromWho="0" sc="282,-116,354,0,121,0,233,126" />
</Scene>
<Scene>
<INIT seed="3,1,0,4,1,42" ten="166,354,121,359" oya="3" hai0="78,126,35,65,6,117,7,96,54,74,12,112,98" hai1="121,23,108,63,133,59,128,11,71,131,127,115,76" hai2="82,66,95,72,73,45,110,92,101,41,4,29,47" hai3="85,50,77,51,130,2,25,56,106,114,81,49,86"/><W22/><G2/><T135/><D117/><U99/><E71/><V0/><F110/><W123/><G123/><T107/><D35/><U122/><E115/><V113/><F113/><W120/><G114/><T26/><D112/><U90/><E108/><V64/><F29/><W52/><G120/><T24/><D65/><U88/><E127/><V17/><F17/><W37/><G37/><T109/><D109/><U116/><E116/><V62/><F101/><W39/><G39/><T48/><D126/><U67/><E133/><V57/><F66/><W46/><G106/><T9/><D135/><U28/><E76/><N who="2" m="44295" /><F47/><W30/><G130/><N who="1" m="49706" /><E11/><N who="2" m="2439" /><F73/><W103/><G103/><T118/><D118/><U27/><E90/><V60/><F60/><N who="3" m="35847" /><G85/><T40/><D7/><U8/><E8/><V129/><F129/><W93/><G93/><AGARI ba="1,0" hai="23,27,28,59,63,67,88,93,99,121,122" m="49706" machi="93" ten="30,2000,0" yaku="19,1,54,1" doraHai="42" who="1" fromWho="3" sc="166,0,354,23,121,0,359,-23" />
</Scene>
<Scene>
<INIT seed="4,0,0,2,3,50" ten="166,377,121,336" oya="0" hai0="28,6,99,134,75,108,21,111,54,31,113,53,104" hai1="30,55,88,64,25,60,80,13,46,20,73,29,57" hai2="93,82,10,47,23,43,70,26,15,97,122,118,22" hai3="63,69,96,71,83,115,125,81,58,127,34,41,126"/><T65/><D75/><U90/><E29/><N who="0" m="11337" /><D65/><U1/><E1/><V76/><F122/><W3/><G34/><T68/><D68/><N who="3" m="26185" /><G115/><T114/><D134/><U91/><E73/><V32/><F32/><W129/><G129/><T135/><D135/><U45/><E80/><V48/><F70/><W105/><G3/><T19/><D6/><U131/><E131/><V87/><F26/><W7/><G7/><T84/><D84/><U124/><E124/><V101/><REACH who="2" step="1"/><F118/><REACH who="2" ten="166,377,111,336" step="2"/><W4/><G125/><T59/><D114/><U67/><E13/><V12/><F12/><W33/><G33/><T128/><D113/><U106/><E106/><V79/><F79/><W11/><G105/><T24/><D128/><U72/><E72/><V92/><F92/><W102/><G126/><T36/><D104/><U5/><E5/><AGARI ba="0,1" hai="5,10,15,22,23,43,47,48,76,82,87,93,97,101" machi="5" ten="30,8000,1" yaku="1,1,7,1,25,2,8,1,53,0" doraHai="50" doraHaiUra="132" who="2" fromWho="1" sc="166,0,377,-80,111,90,336,0" />
</Scene>
<Scene>
<INIT seed="5,0,0,2,0,110" ten="166,297,201,336" oya="1" hai0="35,127,111,80,132,40,15,85,69,113,16,1,41" hai1="75,39,70,24,20,43,58,17,73,95,37,76,68" hai2="18,21,45,84,116,133,92,109,77,104,32,0,121" hai3="42,83,90,135,2,46,27,71,134,66,96,114,128"/><U54/><E70/><V47/><F121/><W49/><G2/><T91/><D111/><U10/><E68/><V123/><F123/><W61/><G128/><T86/><D1/><U81/><E75/><V55/><F116/><W48/><G27/><T52/><D69/><U101/><E43/><V33/><F104/><W74/><G96/><T23/><D132/><N who="3" m="50729" /><G114/><T94/><D127/><U82/><E82/><V25/><F133/><W99/><G99/><T112/><D35/><U118/><E118/><V103/><F0/><W102/><G102/><T30/><D30/><U50/><E101/><V124/><F124/><W105/><G105/><T115/><D52/><U28/><E95/><V108/><F108/><W89/><G74/><T6/><D6/><U130/><E130/><V11/><F109/><W106/><G106/><T38/><D38/><U31/><E31/><V14/><F32/><W4/><G4/><T97/><D86/><U88/><E88/><AGARI ba="0,0" hai="15,16,23,40,41,80,85,88,91,94,97,112,113,115" machi="88" ten="40,12000,2" yaku="15,1,52,3,54,2" doraHai="110" who="0" fromWho="1" sc="166,120,297,-120,201,0,336,0" />
</Scene>
<Scene>
<INIT seed="6,0,0,3,2,77" ten="286,177,201,336" oya="2" hai0="22,73,18,78,36,93,20,48,120,107,129,81,5" hai1="43,83,94,109,100,69,132,84,55,21,125,26,37" hai2="29,75,113,62,44,127,89,114,16,30,85,7,97" hai3="34,10,38,32,54,66,82,63,91,49,70,56,72"/><V124/><F75/><W3/><G38/><T131/><D107/><U92/><E109/><V45/><F7/><W2/><G10/><T86/><D36/><U104/><E125/><N who="2" m="48203" /><F97/><W115/><G115/><N who="2" m="44041" /><F62/><W52/><G54/><T19/><D120/><U117/><E117/><V118/><F118/><W11/><G11/><T13/><D5/><U53/><E132/><V110/><F110/><W90/><G90/><T24/><D48/><U51/><E104/><V106/><F106/><W98/><G98/><T108/><D108/><U111/><E111/><V105/><F105/><W40/><G40/><T76/><D93/><U123/><E123/><V101/><F101/><W133/><G133/><T35/><D35/><U112/><E112/><V68/><F68/><W47/><G70/><T61/><D61/><U87/><E69/><V4/><F4/><W135/><G135/><T6/><D6/><U8/><E100/><V31/><F16/><W14/><G14/><T130/><D73/><U59/><E26/><V1/><F1/><W121/><G121/><T134/><D134/><U103/><E103/><V116/><F116/><W57/><G2/><T128/><N who="0" m="32768" /><DORA hai="95" /><T71/><D71/><U96/><E96/><V12/><F12/><W23/><G3/><T27/><D13/><U79/><E8/><V60/><F60/><W9/><G63/><T41/><D24/><U17/><E17/><V46/><F46/><W67/><G9/><T122/><D122/><U42/><E84/><V39/><F39/><W119/><G72/><T102/><D102/><U15/><E15/><V0/><F0/><RYUUKYOKU ba="0,0" sc="286,-10,177,-10,201,30,336,-10" hai2="29,30,31,44,45,85,89" />
</Scene>
<Scene>
<INIT seed="6,1,0,0,4,14" ten="276,167,231,326" oya="2" hai0="100,97,89,8,42,54,85,55,40,32,111,6,128" hai1="35,94,99,3,4,28,83,36,106,44,90,5,41" hai2="17,86,113,119,25,1,23,110,101,133,12,30,96" hai3="7,19,112,37,91,104,118,66,62,21,81,116,95"/><V26/><F119/><W11/><G104/><T103/><D32/><U107/><E83/><V122/><F122/><W88/><G37/><T16/><D111/><U33/><E106/><V13/><F110/><W69/><G112/><T76/><D76/><U51/><E107/><V130/><F1/><W74/><G91/><T15/><D128/><U98/><E98/><V63/><F113/><W132/><G132/><T57/><D6/><U75/><E75/><V121/><F121/><W68/><G68/><T39/><D39/><U43/><E5/><V135/><F130/><W27/><G81/><N who="0" m="49327" /><D54/><U117/><E117/><V73/><F73/><W124/><G124/><T2/><D2/><U61/><E61/><V10/><F86/><W64/><G64/><T38/><D38/><U65/><E65/><V52/><F13/><W48/><G48/><N who="0" m="30951" /><D97/><U56/><E56/><N who="2" m="35207" /><F30/><W80/><G74/><T24/><D24/><U46/><REACH who="1" step="1"/><E28/><REACH who="1" ten="276,157,231,326" step="2"/><V49/><F96/><W92/><G116/><T77/><D77/><U127/><E127/><V71/><F133/><W93/><G118/><T58/><D58/><U0/><E0/><V123/><F135/><W84/><G80/><T134/><D134/><U20/><E20/><V50/><F23/><W22/><G22/><T109/><D109/><U102/><E102/><AGARI ba="1,1" hai="8,15,16,40,42,100,102,103" m="30951,49327" machi="102" ten="30,3900,0" yaku="8,1,52,1,54,1" doraHai="14" who="0" fromWho="1" sc="276,52,157,-42,231,0,326,0" />
</Scene>
<Scene>
<INIT seed="7,0,0,3,2,20" ten="328,115,231,326" oya="3" hai0="81,121,63,115,97,106,60,6,21,70,110,23,80" hai1="105,66,28,32,44,116,7,57,18,37,78,77,24" hai2="90,93,4,120,2,61,50,26,128,47,17,74,99" hai3="95,67,108,56,135,33,69,127,96,38,12,83,9"/><W85/><G38/><T31/><D110/><U117/><E105/><V75/><F128/><W43/><G33/><T91/><D121/><U39/><E7/><V10/><F120/><W79/><G69/><T86/><D115/><U30/><E44/><V71/><F71/><W0/><G0/><T124/><D124/><U51/><E51/><V94/><F61/><N who="0" m="23626" /><D106/><U122/><E57/><V112/><F112/><W82/><G127/><T34/><D34/><U130/><E32/><V109/><F109/><W27/><G135/><T131/><D70/><U107/><E107/><V49/><F49/><W126/><G126/><T98/><D131/><U48/><E48/><V64/><F64/><W73/><G43/><T40/><D40/><U46/><E46/><V59/><F59/><W119/><G119/><T36/><D36/><U62/><E62/><V52/><F93/><W29/><G108/><T125/><D125/><U89/><E130/><V101/><F101/><W1/><G1/><T88/><D6/><U14/><E122/><V45/><F45/><W72/><G82/><T53/><D53/><U111/><E66/><V84/><REACH who="2" step="1"/><F99/><REACH who="2" ten="328,115,221,326" step="2"/><W8/><G56/><T42/><D98/><U114/><E111/><V118/><F118/><W35/><G67/><T22/><D97/><U132/><E114/><V58/><F58/><W129/><G129/><T102/><D102/><U113/><E113/><V65/><F65/><W68/><G68/><T104/><D104/><U5/><E117/><V41/><F41/><W87/><G96/><T123/><D123/><U15/><E116/><V134/><F134/><RYUUKYOKU ba="0,1" sc="328,-10,115,-10,221,30,326,-10" hai2="2,4,10,17,26,47,50,52,74,75,84,90,94" owari="328,42.0,105,-39.0,251,-15.0,316,12.0" />
</Scene>
</mjloggm>