<mjloggm ver="2.3"><GO type="169" lobby="0"/><UN n0="%72%61%67%61%2D%6D" n1="%E5%A4%AA%E3%81%8F%E3%81%AA%E3%81%84%E3%81%8A" n2="%68%75%6B%61" n3="%41%79%65%73%68%61" dan="16,17,17,16" rate="2101.10,2241.02,2174.42,2149.49" sx="M,M,M,M"/><TAIKYOKU oya="0"/>

<Scene>
<INIT seed="0,0,0,4,5,47" ten="250,250,250,250" oya="0" hai0="41,50,76,104,88,87,84,57,123,121,43,54,125" hai1="11,94,1,20,59,127,69,129,22,118,112,116,56" hai2="27,14,77,120,15,132,21,135,63,67,19,79,78" hai3="32,128,64,65,70,18,103,126,13,9,34,29,102"/><T97/><D125/><U109/><E69/><V55/><F120/><W33/><G126/><T107/><D76/><U108/><E127/><V106/><F106/><W110/><G110/><N who="1" m="42602" /><E94/><V105/><F105/><W93/><G128/><T46/><D41/><U117/><E129/><V95/><F55/><W96/><G103/><T16/><D84/><U130/><E130/><V91/><F15/><W82/><G70/><T26/><D97/><U122/><E59/><V39/><F14/><W99/><G99/><T31/><D107/><U2/><E56/><V25/><F25/><W44/><G29/><T58/><D104/><U61/><E61/><V119/><F39/><W0/><G0/><N who="1" m="106" /><E122/><V37/><F119/><W73/><G73/><T68/><D58/><U71/><E71/><V124/><F124/><W42/><REACH who="3" step="1"/><G82/><REACH who="3" ten="250,250,250,240" step="2"/><T86/><D68/><U114/><E11/><V7/><F135/><W89/><G89/><T53/><D87/><U75/><E75/><V40/><F132/><W80/><G80/><T35/><D123/><U30/><E30/><V24/><F91/><W6/><G6/><T12/><D121/><U3/><E3/><V98/><F7/><W52/><G52/><T131/><D131/><U72/><E72/><V17/><F98/><W48/><AGARI ba="0,1" hai="9,13,18,32,33,34,42,44,48,64,65,93,96,102" machi="48" ten="30,4000,0" yaku="1,1,0,1,52,1,53,0" doraHai="47" doraHaiUra="113" who="3" fromWho="3" sc="250,-20,250,-10,250,-10,240,50" />
</Scene>
<Scene>
<INIT seed="1,0,0,4,4,35" ten="230,240,240,290" oya="1" hai0="88,96,46,42,106,72,4,105,118,18,128,24,120" hai1="77,20,25,2,126,94,110,29,76,34,3,38,127" hai2="49,86,78,135,116,87,65,10,121,119,39,45,13" hai3="71,63,54,27,117,7,60,30,113,47,57,92,97"/><U41/><E110/><V109/><F39/><W68/><G113/><T101/><D118/><U79/><E34/><V48/><F121/><W108/><G108/><T95/><D120/><U131/><E131/><V83/><F109/><W17/><G7/><T51/><D72/><U89/><E41/><V73/><F135/><W132/><G132/><T100/><D128/><U36/><E36/><V85/><F65/><W66/><G117/><T19/><D4/><U133/><E38/><V74/><F74/><W129/><G129/><T124/><D124/><N who="1" m="47659" /><E133/><V84/><N who="2" m="21504" /><DORA hai="82" /><V111/><F49/><W32/><G47/><T61/><D61/><U125/><N who="1" m="47667" /><U59/><DORA hai="104" /><E59/><V12/><F12/><W16/><REACH who="3" step="1"/><G71/><REACH who="3" ten="230,240,240,280" step="2"/><T107/><REACH who="0" step="1"/><D24/><REACH who="0" ten="220,240,240,280" step="2"/><U9/><E9/><V93/><F111/><W1/><G1/><N who="1" m="10" /><E79/><V67/><F78/><W15/><G15/><T56/><D56/><U122/><E122/><V81/><F13/><W70/><G70/><T8/><D8/><U28/><E28/><V102/><F10/><W114/><G114/><T6/><D6/><U103/><E77/><V64/><F116/><W44/><G44/><T14/><D14/><U21/><E76/><V134/><F119/><W115/><G115/><T55/><D55/><U58/><E58/><V62/><F134/><W52/><G52/><T31/><D31/><U40/><E29/><V75/><F73/><W26/><G26/><T91/><D91/><AGARI ba="0,2" hai="16,17,27,30,32,54,57,60,63,66,68,91,92,97" machi="91" ten="30,12000,2" yaku="1,1,7,1,54,1,53,3" doraHai="35,82,104" doraHaiUra="22,90,50" who="3" fromWho="0" sc="220,-120,240,0,240,0,280,140" />
</Scene>
<Scene>
<INIT seed="2,0,0,4,2,19" ten="100,240,240,420" oya="2" hai0="75,66,54,25,34,130,107,57,131,29,70,123,59" hai1="61,89,62,128,108,28,94,23,85,106,109,71,45" hai2="58,120,103,114,115,88,49,121,97,112,102,122,73" hai3="51,36,132,82,42,99,105,12,6,125,4,8,24"/><V79/><F58/><W22/><G132/><T55/><D107/><U2/><E106/><V81/><F49/><W16/><G36/><T119/><D75/><U68/><E2/><V80/><F80/><W56/><G125/><T93/><D123/><U3/><E3/><V32/><F32/><W44/><G82/><T116/><D93/><AGARI ba="0,0" hai="73,79,81,88,93,97,102,103,112,114,115,120,121,122" machi="93" ten="50,12000,1" yaku="34,3,54,1" doraHai="19" who="2" fromWho="0" sc="100,-120,240,0,240,120,420,0" owari="-20,-52.0,240,-16.0,360,16.0,420,52.0" />
</Scene>
</mjloggm>