<mjloggm ver="2.3"><GO type="41" lobby="0"/><UN n0="%61%73%30%37%36%30%33%69" n1="%2E%E5%9C%92%E5%9F%8E%E5%AF%BA%E6%80%9C" n2="%E5%A4%AA%E3%81%8F%E3%81%AA%E3%81%84%E3%81%8A" n3="%E6%9D%B1%E4%BA%AC%52%45%44" dan="14,13,17,15" rate="1999.22,1803.99,2267.95,1969.70" sx="M,F,M,M"/><TAIKYOKU oya="0"/>

<Scene>
<INIT seed="0,0,0,4,0,56" ten="250,250,250,250" oya="0" hai0="135,4,9,95,17,50,28,103,104,82,60,75,85" hai1="99,134,114,72,78,113,110,12,24,14,52,36,62" hai2="94,81,54,108,93,73,10,88,128,79,120,123,64" hai3="6,102,16,58,68,48,8,130,131,84,106,15,125"/><T45/><D75/><U117/><E117/><V40/><F40/><W37/><G37/><T3/><D104/><U101/><E36/><V90/><F54/><N who="3" m="32071" /><G68/><T109/><D109/><U13/><E110/><V129/><F10/><W1/><G125/><T32/><D135/><U124/><E124/><V30/><F64/><W119/><G84/><T107/><D107/><N who="1" m="63935" /><E134/><V51/><F51/><W105/><G102/><T115/><D115/><N who="1" m="44043" /><E24/><V77/><F30/><W100/><G100/><T18/><D32/><U121/><E121/><N who="2" m="46667" /><F79/><W71/><G71/><T47/><D28/><U55/><E62/><V0/><F0/><W66/><G66/><T86/><D47/><U80/><AGARI ba="0,0" hai="12,13,14,52,55,72,78,80" m="44043,63935" machi="80" ten="40,2700,0" yaku="11,1,54,1" doraHai="56" who="1" fromWho="1" sc="250,-13,250,27,250,-7,250,-7" />
</Scene>
<Scene>
<INIT seed="1,0,0,3,3,79" ten="237,277,243,243" oya="1" hai0="54,52,36,10,95,17,94,24,51,0,61,96,68" hai1="67,129,128,70,120,50,130,15,49,87,77,8,46" hai2="105,101,44,71,23,29,86,6,32,9,75,81,4" hai3="119,35,127,88,132,28,109,47,108,115,41,21,13"/><U58/><E120/><V18/><F75/><W103/><G115/><T19/><D36/><U131/><N who="1" m="33280" /><DORA hai="106" /><U92/><E70/><V40/><F71/><W25/><G119/><T37/><D37/><U74/><E74/><V102/><F32/><W99/><G127/><T22/><D95/><U62/><E46/><V60/><F29/><W113/><G132/><T114/><D114/><U20/><E20/><V133/><F60/><W48/><G113/><T63/><D68/><U125/><E125/><V34/><F34/><W83/><G35/><T2/><D54/><U11/><E11/><V118/><F105/><W66/><G13/><N who="0" m="7351" /><D0/><U89/><REACH who="1" step="1"/><E77/><REACH who="1" ten="237,267,243,243" step="2"/><V104/><F44/><W123/><G123/><T110/><D110/><U84/><E84/><V12/><F86/><W53/><G109/><T59/><D2/><U42/><E42/><V64/><F40/><W122/><G41/><T135/><D135/><U56/><E56/><V112/><F23/><W57/><G122/><T55/><D55/><U16/><AGARI ba="0,1" hai="8,15,16,49,50,58,62,67,87,89,92" m="33280" machi="16" ten="60,12000,1" yaku="1,1,0,1,19,1,54,1,53,0" doraHai="79,106" doraHaiUra="100,33" who="1" fromWho="1" sc="237,-40,267,130,243,-40,243,-40" />
</Scene>
<Scene>
<INIT seed="1,1,0,1,1,69" ten="197,397,203,203" oya="1" hai0="2,45,15,95,120,103,107,10,62,79,63,117,113" hai1="32,116,133,20,109,135,108,74,21,8,66,111,19" hai2="50,96,1,82,23,128,33,54,44,98,101,29,84" hai3="93,89,105,6,114,100,57,52,106,40,68,56,34"/><U14/><E74/><V85/><F1/><W5/><G34/><T59/><D120/><U77/><E77/><V13/><F33/><W71/><G40/><T122/><D2/><U60/><E32/><V17/><F128/><W80/><G80/><T132/><D107/><U51/><E51/><V86/><F29/><W65/><G65/><T81/><D117/><U41/><E41/><V110/><F110/><W91/><G93/><T67/><D122/><U121/><E116/><V25/><F25/><W87/><G87/><N who="2" m="33353" /><F101/><W131/><G131/><T22/><D132/><N who="1" m="50763" /><E121/><V11/><F23/><W126/><G100/><T18/><D113/><U61/><E61/><V27/><F27/><W127/><REACH who="3" step="1"/><G114/><REACH who="3" ten="197,397,203,193" step="2"/><T78/><D103/><U90/><E90/><AGARI ba="1,1" hai="11,13,17,44,50,54,82,86,90,96,98" m="33353" machi="90" ten="30,2000,0" yaku="25,1,8,1" doraHai="69" who="2" fromWho="1" sc="197,0,397,-23,203,33,193,0" />
</Scene>
<Scene>
<INIT seed="2,0,0,2,0,107" ten="197,374,236,193" oya="2" hai0="124,94,91,63,12,27,92,49,60,6,133,97,108" hai1="100,88,86,0,22,17,48,113,102,42,7,65,33" hai2="80,16,15,28,81,82,24,85,38,45,73,1,74" hai3="47,25,111,79,58,71,5,18,30,129,119,96,36"/><V54/><F1/><W2/><G71/><T61/><D133/><U9/><E113/><V37/><F85/><W11/><G129/><T106/><D106/><U26/><E65/><V62/><F62/><W132/><G132/><T20/><D124/><U19/><E19/><V75/><F54/><W104/><G111/><T121/><D121/><U126/><E126/><V56/><F56/><W53/><G119/><T110/><D49/><U67/><E67/><V78/><F78/><W117/><G117/><T134/><D134/><U123/><E123/><V118/><F118/><W130/><G130/><T50/><D50/><U125/><E125/><V89/><F89/><W43/><G79/><T55/><D92/><U72/><E72/><V32/><REACH who="2" step="1"/><F45/><REACH who="2" ten="197,374,226,193" step="2"/><W114/><G114/><T44/><D44/><N who="1" m="25623" /><E88/><V64/><F64/><W14/><G96/><T21/><D110/><U76/><E86/><V112/><F112/><W46/><G104/><T109/><D109/><U127/><E76/><V29/><F29/><W39/><G47/><T68/><D108/><U120/><E127/><V8/><AGARI ba="0,1" hai="8,15,16,24,28,32,37,38,73,74,75,80,81,82" machi="8" ten="40,18000,2" yaku="1,1,0,1,52,3,54,1,53,0" doraHai="107" doraHaiUra="3" who="2" fromWho="2" sc="197,-60,374,-60,226,190,193,-60" />
</Scene>
<Scene>
<INIT seed="2,1,0,2,2,15" ten="137,314,416,133" oya="2" hai0="50,69,95,122,79,112,75,30,29,90,94,84,82" hai1="133,26,73,76,91,10,54,134,109,37,97,131,77" hai2="55,114,99,36,59,2,40,65,20,123,107,81,64" hai3="87,106,121,111,4,113,119,83,56,9,98,41,129"/><V93/><F107/><W116/><G121/><T104/><D122/><U22/><E37/><V23/><F2/><W108/><G41/><T70/><D112/><U1/><E109/><N who="3" m="42058" /><G56/><T38/><D38/><U42/><E42/><V8/><F114/><W62/><G62/><T125/><D125/><U74/><E54/><V7/><F123/><W3/><G129/><T43/><D70/><U132/><E131/><V124/><F124/><W118/><G98/><T27/><D69/><U71/><E71/><V58/><F81/><W78/><G106/><T21/><D95/><N who="1" m="56575" /><E10/><V16/><F40/><W35/><G113/><T85/><D104/><U48/><E48/><V126/><F36/><W92/><G92/><T52/><D43/><U44/><E44/><V49/><F126/><W105/><G105/><T45/><REACH who="0" step="1"/><D30/><REACH who="0" ten="127,314,416,133" step="2"/><U34/><E132/><V63/><F93/><W61/><G61/><T80/><D80/><U18/><E133/><V128/><F128/><W47/><G47/><T110/><D110/><U101/><E134/><V39/><F39/><W135/><G135/><T102/><D102/><U19/><E101/><V96/><F63/><W31/><G31/><T117/><D117/><U12/><E74/><AGARI ba="1,1" hai="21,27,29,45,50,52,74,75,79,82,84,85,90,94" machi="74" ten="40,2600,0" yaku="1,1,54,1,53,0" doraHai="15" doraHaiUra="57" who="0" fromWho="1" sc="127,39,314,-29,416,0,133,0" />
</Scene>
<Scene>
<INIT seed="3,0,0,1,5,18" ten="166,285,416,133" oya="3" hai0="14,113,84,100,78,49,36,125,20,93,8,44,95" hai1="43,82,99,56,65,98,9,59,132,74,52,130,97" hai2="128,3,76,51,12,91,108,110,17,30,124,13,129" hai3="63,85,104,118,60,47,16,79,131,50,37,122,77"/><W121/><G104/><T107/><D36/><U96/><E130/><N who="2" m="50283" /><F3/><W106/><G106/><T102/><D113/><U68/><E132/><V46/><F124/><W32/><G32/><T72/><D72/><U55/><E43/><N who="2" m="25055" /><F76/><W111/><G118/><T40/><D125/><U70/><E65/><V53/><F30/><W7/><G7/><N who="0" m="3359" /><D107/><U119/><E119/><V15/><F91/><W31/><G31/><T66/><D66/><U115/><E115/><V120/><F120/><W23/><G37/><T57/><D57/><U4/><N who="1" m="25088" /><DORA hai="69" /><U25/><E25/><V58/><F17/><W27/><G131/><T81/><D95/><U64/><E64/><V28/><F28/><W90/><G111/><T71/><D93/><U1/><E74/><V41/><F41/><N who="3" m="24943" /><G121/><T21/><D71/><U26/><E82/><V83/><F83/><N who="3" m="49471" /><G122/><T19/><D19/><U0/><E0/><V2/><F2/><W42/><G42/><T73/><D73/><U112/><E112/><V48/><AGARI ba="0,0" hai="12,13,15,48,53,58,108,110" m="25055,50283" machi="48" ten="40,1500,0" yaku="19,1" doraHai="18,69" who="2" fromWho="2" sc="166,-4,285,-4,416,15,133,-7" />
</Scene>
<Scene>
<INIT seed="4,0,0,1,5,20" ten="162,281,431,126" oya="0" hai0="24,96,46,133,102,2,85,51,9,36,123,82,93" hai1="95,34,91,132,6,0,22,103,87,110,73,128,106" hai2="66,28,14,104,113,23,37,130,3,84,120,12,129" hai3="71,45,50,67,125,116,70,69,26,89,41,42,68"/><T135/><D36/><U88/><E34/><V11/><F37/><W99/><G116/><T17/><D123/><U134/><E110/><V57/><F104/><W90/><G125/><T92/><D92/><U47/><E128/><V107/><F107/><W100/><N who="3" m="17920" /><DORA hai="48" /><W43/><G67/><T75/><D75/><U118/><E118/><V59/><F3/><W78/><G78/><T65/><D65/><U32/><E32/><V60/><F113/><W29/><G89/><T61/><D61/><U76/><E91/><V16/><F120/><W25/><G90/><T64/><D64/><U1/><E47/><V58/><F84/><W101/><G29/><T72/><D72/><U105/><E105/><V114/><F114/><W8/><G8/><T27/><D2/><N who="1" m="1131" /><E22/><V86/><F86/><W109/><G109/><T21/><D21/><U38/><E6/><N who="2" m="3191" /><F28/><W30/><G30/><T94/><D9/><U117/><E38/><V98/><F98/><W111/><G111/><T79/><D93/><U31/><E31/><V108/><F108/><W55/><REACH who="3" step="1"/><G99/><REACH who="3" ten="162,281,431,116" step="2"/><T126/><D126/><U63/><E117/><V44/><F66/><W121/><G121/><T15/><D15/><U5/><E76/><V97/><F14/><W13/><G13/><T35/><D35/><U54/><E5/><V119/><F119/><W33/><G33/><T74/><D74/><U18/><E73/><V49/><F129/><W40/><N who="3" m="10752" /><DORA hai="4" /><W39/><G39/><T53/><REACH who="0" step="1"/><D17/><REACH who="0" ten="152,281,431,116" step="2"/><U83/><E18/><V80/><F16/><W52/><G52/><T115/><D115/><U10/><E10/><RYUUKYOKU ba="0,2" sc="152,15,281,-15,431,-15,116,15" hai0="24,27,46,51,53,79,82,85,94,96,102,133,135" hai3="25,26,45,50,55,100,101" />
</Scene>
<Scene>
<INIT seed="4,1,2,2,5,96" ten="167,266,416,131" oya="0" hai0="83,63,115,61,59,40,81,69,53,17,66,110,79" hai1="9,15,10,18,86,111,43,30,102,24,93,54,124" hai2="2,5,74,100,14,98,62,50,37,133,41,122,42" hai3="47,92,106,36,7,119,49,109,105,108,99,130,68"/><T44/><D115/><U101/><E111/><V4/><F74/><W16/><G68/><T1/><D110/><U121/><E121/><V131/><F37/><W0/><G36/><T87/><D1/><U120/><E120/><V78/><F2/><W19/><G0/><T97/><D17/><U29/><E124/><V65/><F78/><W27/><G7/><T33/><D33/><U39/><E39/><V22/><F122/><W76/><G76/><T46/><D40/><U51/><E43/><V82/><F82/><W125/><G130/><T123/><D123/><U56/><E10/><V38/><F38/><W127/><G119/><T90/><REACH who="0" step="1"/><D97/><REACH who="0" ten="157,266,416,131" step="2"/><U6/><E18/><N who="3" m="6698" /><G108/><T45/><D45/><U71/><E30/><V21/><F98/><W94/><G109/><T113/><D113/><U128/><E128/><V91/><F42/><N who="3" m="24823" /><G27/><T126/><D126/><N who="3" m="48137" /><G92/><T67/><D67/><U20/><REACH who="1" step="1"/><E71/><REACH who="1" ten="157,256,416,131" step="2"/><V26/><F131/><W52/><G52/><T75/><AGARI ba="1,4" hai="44,46,53,59,61,63,66,69,75,79,81,83,87,90" machi="75" ten="20,7800,0" yaku="1,1,0,1,7,1,53,1" doraHai="96" doraHaiUra="55" who="0" fromWho="0" sc="157,121,256,-27,416,-27,131,-27" />
</Scene>
<Scene>
<INIT seed="4,2,0,2,2,63" ten="278,229,389,104" oya="0" hai0="65,127,27,43,135,101,80,107,42,0,62,128,87" hai1="67,52,122,11,53,30,28,94,44,134,91,132,81" hai2="109,18,73,19,106,34,86,15,70,41,93,110,1" hai3="25,2,121,38,46,37,96,50,115,7,8,120,131"/><T64/><D135/><N who="1" m="51755" /><E122/><V61/><F73/><W17/><G115/><T124/><D0/><U105/><E105/><V104/><F1/><W123/><G131/><T98/><D128/><U10/><E81/><V90/><F34/><W20/><REACH who="3" step="1"/><G96/><REACH who="3" ten="278,229,389,94" step="2"/><T76/><D127/><U16/><E28/><V78/><F110/><W66/><G66/><T119/><D124/><U54/><E30/><V75/><F109/><W48/><G48/><T77/><D119/><U60/><E44/><V116/><F116/><W133/><G133/><T125/><D125/><U33/><E33/><V103/><F61/><W71/><G71/><T4/><D65/><U40/><E40/><AGARI ba="2,1" hai="2,7,8,17,20,25,37,38,40,46,50,120,121,123" machi="40" ten="40,2600,0" yaku="1,1,13,1,53,0" doraHai="63" doraHaiUra="84" who="3" fromWho="1" sc="278,0,229,-32,389,0,94,42" />
</Scene>
<Scene>
<INIT seed="5,0,0,4,3,72" ten="278,197,389,136" oya="1" hai0="35,110,8,108,53,62,1,88,42,59,31,63,90" hai1="46,20,126,4,57,76,70,123,74,124,26,92,23" hai2="83,103,116,69,12,128,75,7,55,117,109,44,135" hai3="0,39,38,96,120,36,87,102,67,9,54,105,122"/><U18/><E70/><V82/><F109/><W3/><G67/><T47/><D35/><U78/><E123/><V25/><F69/><W27/><G27/><T6/><D31/><U61/><E74/><V17/><F103/><W121/><G87/><T68/><D68/><U45/><E4/><V94/><F94/><W89/><G89/><T56/><D108/><U98/><E23/><N who="2" m="13551" /><F75/><W34/><G54/><T15/><D1/><U125/><E45/><V2/><F2/><W81/><G81/><T132/><D132/><U111/><E46/><V97/><F97/><W40/><G34/><T32/><D32/><U101/><E111/><V131/><F135/><W43/><G9/><T114/><D114/><U29/><E18/><V73/><F7/><W13/><G13/><T130/><D130/><N who="2" m="49706" /><F12/><W16/><G16/><T113/><D113/><U5/><E5/><V91/><F83/><W14/><REACH who="3" step="1"/><G14/><REACH who="3" ten="278,197,389,126" step="2"/><T58/><D110/><U129/><E129/><V52/><F55/><AGARI ba="0,1" hai="20,26,29,55,57,61,76,78,92,98,101,124,125,126" machi="55" ten="40,7700,0" yaku="18,1,52,2" doraHai="72" who="1" fromWho="2" sc="278,0,197,87,389,-77,126,0" />
</Scene>
<Scene>
<INIT seed="5,1,0,1,0,3" ten="278,284,312,126" oya="1" hai0="38,120,133,75,13,8,34,101,99,15,62,77,16" hai1="5,90,50,35,112,83,86,29,94,96,82,109,14" hai2="125,44,78,27,123,88,56,12,33,0,95,116,108" hai3="100,43,85,87,98,10,71,105,55,25,22,124,103"/><U57/><E112/><V92/><F0/><W21/><G71/><T118/><D34/><U60/><E109/><V18/><F108/><W45/><G124/><T48/><D38/><U9/><E50/><V122/><F116/><W49/><G103/><T107/><D120/><U106/><E106/><V119/><F119/><W70/><G70/><T111/><D118/><U32/><E29/><V134/><F78/><W46/><G22/><T4/><D111/><U73/><E73/><V135/><F125/><W65/><G65/><T117/><D117/><U37/><E37/><V11/><F44/><W74/><G74/><T59/><D48/><U131/><E131/><V72/><F72/><W2/><G45/><T66/><D75/><U17/><E17/><V31/><F56/><W53/><G85/><T113/><D77/><U97/><E83/><V91/><F95/><W54/><G87/><T93/><D113/><U63/><E97/><N who="2" m="57479" /><F91/><W19/><REACH who="3" step="1"/><G43/><REACH who="3" ten="278,284,312,116" step="2"/><T28/><D133/><AGARI ba="1,1" hai="11,12,18,27,31,33,122,123,133,134,135" m="57479" machi="133" ten="30,2000,0" yaku="20,1,54,1" doraHai="3" who="2" fromWho="0" sc="278,-23,284,0,312,33,116,0" />
</Scene>
<Scene>
<INIT seed="6,0,0,0,1,7" ten="255,284,345,116" oya="2" hai0="79,41,121,108,50,84,67,117,114,11,3,87,100" hai1="22,106,34,30,13,77,48,135,2,12,10,72,59" hai2="134,0,26,85,37,101,19,99,91,20,120,63,5" hai3="86,64,78,66,40,47,73,29,28,18,97,14,88"/><V113/><F120/><W69/><G69/><T51/><D121/><U90/><E106/><V130/><F37/><W38/><G97/><T105/><D117/><U16/><E135/><V25/><F134/><W126/><G126/><T118/><D118/><U122/><E122/><V82/><F113/><W98/><G98/><T61/><D114/><U93/><E2/><V111/><F130/><W24/><G29/><T125/><D108/><U46/><E34/><V65/><F111/><W109/><G109/><T89/><D125/><U112/><E112/><V95/><F0/><W21/><G78/><T4/><D105/><U31/><E77/><V74/><F5/><W23/><G73/><T62/><D100/><U104/><E72/><V116/><F74/><W119/><G119/><T129/><D129/><U55/><E46/><V52/><F116/><W133/><G133/><T128/><D128/><U71/><E71/><V42/><F42/><W107/><G107/><T131/><D131/><U17/><E104/><V8/><F8/><W83/><REACH who="3" step="1"/><G23/><REACH who="3" ten="255,284,345,106" step="2"/><T115/><D115/><U54/><E54/><V96/><F96/><AGARI ba="0,1" hai="10,12,13,16,17,22,30,31,48,55,59,90,93,96" machi="96" ten="30,7700,0" yaku="7,1,8,1,52,1,54,1" doraHai="7" who="1" fromWho="2" sc="255,0,284,87,345,-77,106,0" />
</Scene>
<Scene>
<INIT seed="7,0,0,2,0,98" ten="255,371,268,106" oya="3" hai0="125,11,67,109,3,134,9,120,93,133,75,105,108" hai1="68,114,19,79,117,66,12,86,2,99,82,37,101" hai2="115,64,80,42,135,74,35,23,112,18,34,14,76" hai3="6,106,129,53,111,13,100,127,121,124,110,49,31"/><W30/><G129/><T25/><D105/><U87/><E2/><V113/><F135/><N who="0" m="51722" /><D75/><U88/><E37/><V54/><F42/><W77/><G77/><T78/><D78/><U62/><E114/><V46/><F64/><W70/><G70/><T43/><D120/><U28/><E28/><V85/><F74/><W84/><G84/><T40/><D125/><N who="3" m="48201" /><G121/><T128/><D128/><U59/><E68/><V44/><F54/><W17/><G6/><N who="0" m="1247" /><D67/><U96/><E101/><V119/><F119/><W55/><G55/><T104/><D104/><U16/><E19/><V51/><F51/><W81/><G81/><T61/><D61/><U97/><E117/><V118/><F118/><W0/><G0/><T65/><D65/><U1/><E1/><V72/><F72/><W24/><G24/><T126/><D126/><U22/><E87/><V132/><F132/><W38/><G38/><T73/><D73/><U69/><E69/><V8/><F8/><N who="3" m="6311" /><G30/><T91/><D25/><U36/><E36/><V92/><F92/><AGARI ba="0,0" hai="12,16,22,59,62,66,79,82,86,88,92,96,97,99" machi="92" ten="40,5200,0" yaku="8,1,54,2" doraHai="98" who="1" fromWho="2" sc="255,0,371,52,268,-52,106,0" owari="255,6.0,423,51.0,216,-18.0,106,-39.0" />
</Scene>
</mjloggm>