<mjloggm ver="2.3"><GO type="169" lobby="0"/><UN n0="%E5%A4%AA%E3%81%8F%E3%81%AA%E3%81%84%E3%81%8A" n1="%E3%83%8B%E3%83%A3%E3%83%83%E3%83%94%E3%83%BC%E5%A4%8F%E7%9B%AE" n2="%73%61%69%72%61%73%75" n3="%E3%81%9D%E3%81%AE%E4%B8%80%E6%96%B9%E3%81%AA%E3%81%84%E3%82%8F%EF%BD%9E" dan="17,18,17,16" rate="2247.35,2155.92,2139.84,2042.76" sx="M,M,M,M"/><TAIKYOKU oya="0"/>

<Scene>
<INIT seed="0,0,0,3,1,65" ten="250,250,250,250" oya="0" hai0="10,14,43,110,40,67,75,46,31,97,30,118,82" hai1="91,122,119,99,3,133,120,117,108,9,51,80,52" hai2="100,13,19,116,71,104,93,35,132,27,60,70,48" hai3="79,28,22,89,64,96,77,58,128,115,92,123,0"/><T129/><D118/><U66/><E108/><V18/><F132/><W38/><G115/><T102/><D129/><U125/><E133/><V94/><F48/><W25/><G38/><T11/><D110/><U111/><E111/><V85/><F116/><W109/><G0/><T62/><D82/><U47/><E125/><V20/><F60/><W2/><G2/><T86/><D86/><U83/><E119/><V76/><F104/><W1/><G1/><T81/><D81/><U53/><E117/><V23/><F35/><W61/><G109/><T68/><D75/><U6/><E66/><V32/><F32/><W16/><G128/><T72/><D72/><U130/><E130/><V24/><F13/><W106/><G123/><T4/><D10/><U63/><E80/><V59/><F59/><W113/><G113/><T90/><D90/><U54/><E63/><V42/><F42/><W101/><REACH who="3" step="1"/><G28/><REACH who="3" ten="250,250,250,240" step="2"/><T103/><D40/><U124/><E122/><V21/><F76/><W98/><AGARI ba="0,1" hai="16,22,25,58,61,64,77,79,89,92,96,98,101,106" machi="98" ten="20,12000,2" yaku="1,1,2,1,0,1,7,1,54,1,53,1" doraHai="65" doraHaiUra="84" who="3" fromWho="3" sc="250,-60,250,-30,250,-30,240,130" />
</Scene>
<Scene>
<INIT seed="1,0,0,5,5,93" ten="190,220,220,370" oya="1" hai0="34,45,46,38,50,90,24,58,96,51,21,129,109" hai1="32,88,99,0,113,67,120,127,2,79,66,119,62" hai2="91,89,128,16,134,72,18,31,42,61,101,28,106" hai3="82,102,22,112,84,26,40,118,103,8,111,14,80"/><U83/><E113/><V78/><F134/><W35/><G112/><T56/><D34/><U20/><E32/><V23/><F128/><W98/><G35/><T12/><D109/><U7/><E119/><V73/><F42/><W48/><G111/><T115/><D115/><U77/><E120/><V53/><F106/><W97/><G118/><T65/><D38/><U44/><E127/><V29/><F101/><N who="3" m="38411" /><G48/><T74/><D74/><U100/><E0/><V81/><F72/><W135/><G40/><N who="0" m="24871" /><D12/><U54/><E2/><V4/><F4/><N who="3" m="3335" /><G135/><T15/><D15/><U122/><E7/><V64/><F53/><W3/><G3/><T107/><D65/><U110/><E122/><V43/><F43/><W41/><G41/><N who="0" m="25039" /><D107/><U92/><E110/><V13/><REACH who="2" step="1"/><F18/><REACH who="2" ten="190,220,210,370" step="2"/><N who="3" m="12631" /><G82/><T104/><D104/><U1/><E83/><V37/><F37/><W114/><G114/><T33/><D129/><U105/><E105/><V121/><F121/><W132/><G132/><T19/><D33/><U71/><E54/><V49/><F49/><W130/><G130/><T9/><D9/><U39/><E39/><V57/><AGARI ba="0,1" hai="13,16,23,28,29,31,57,61,64,73,78,81,89,91" machi="57" ten="30,4000,0" yaku="1,1,0,1,54,1,53,0" doraHai="93" doraHaiUra="126" who="2" fromWho="2" sc="190,-10,220,-20,210,50,370,-10" />
</Scene>
<Scene>
<INIT seed="2,0,0,3,2,9" ten="180,200,260,360" oya="2" hai0="113,74,60,124,40,13,33,77,79,75,17,69,20" hai1="1,101,129,30,26,81,11,58,44,100,19,41,37" hai2="116,126,91,51,42,109,89,15,86,118,83,72,39" hai3="95,85,120,92,106,0,53,54,104,2,105,38,59"/><V132/><F39/><W71/><G120/><T133/><D113/><U34/><E129/><V103/><F132/><W117/><G117/><T62/><D33/><U16/><E58/><V90/><F126/><W112/><G112/><T125/><D133/><U108/><E108/><V127/><F127/><N who="0" m="48714" /><D40/><U3/><E81/><V73/><F42/><W122/><G122/><T36/><D36/><U35/><E35/><V22/><F51/><W94/><G38/><T7/><D7/><U32/><E32/><V27/><F109/><W134/><G134/><T61/><D69/><U5/><E1/><V24/><F103/><W63/><G71/><T135/><D135/><U99/><REACH who="1" step="1"/><E101/><REACH who="1" ten="180,190,260,360" step="2"/><V98/><F83/><W82/><G2/><T50/><D50/><U111/><E111/><V23/><F118/><W46/><G0/><T121/><D121/><U43/><E43/><V31/><F116/><W48/><G82/><T114/><D114/><U21/><E21/><V96/><F23/><W56/><G56/><T130/><D130/><U4/><E4/><V14/><F22/><W49/><G49/><T52/><D52/><U55/><E55/><V97/><F73/><AGARI ba="0,1" hai="13,17,20,60,61,62,73,74,75,77,79" m="48714" machi="73" ten="40,2600,0" yaku="18,1,52,1" doraHai="9" who="0" fromWho="2" sc="180,36,190,0,260,-26,360,0" />
</Scene>
<Scene>
<INIT seed="3,0,0,3,3,18" ten="216,190,234,360" oya="3" hai0="48,49,60,135,131,39,37,2,88,34,5,85,76" hai1="81,28,124,50,134,83,3,67,103,40,53,43,30" hai2="63,1,84,122,52,89,26,91,79,123,117,8,6" hai3="112,115,38,102,113,80,104,4,12,105,111,21,71"/><W114/><G38/><T41/><D34/><U55/><E3/><V110/><F117/><W120/><G71/><T65/><D76/><U33/><E134/><V98/><F110/><W100/><G120/><N who="2" m="46121" /><F98/><W20/><G111/><T7/><D135/><U77/><E124/><V118/><F118/><W107/><G80/><T56/><D131/><U90/><E103/><N who="3" m="39466" /><G4/><T78/><D78/><U93/><E67/><V99/><F99/><W27/><N who="3" m="28672" /><DORA hai="57" /><W23/><G12/><T94/><D7/><U95/><E33/><V36/><F36/><W14/><G14/><T13/><D2/><U75/><E81/><N who="2" m="47167" /><F26/><AGARI ba="0,0" hai="20,21,23,26,27,104,105,107" m="28672,39466" machi="26" ten="70,18000,2" yaku="29,2,28,2,52,3" doraHai="18,57" who="3" fromWho="2" sc="216,0,190,0,234,-180,360,180" />
</Scene>
<Scene>
<INIT seed="3,1,0,4,3,76" ten="216,190,54,540" oya="3" hai0="20,128,98,83,86,81,130,33,25,95,9,129,93" hai1="47,45,51,39,113,111,55,91,101,120,127,126,28" hai2="19,109,58,12,62,90,5,68,72,115,56,133,87" hai3="34,4,57,52,106,31,124,7,73,60,114,102,53"/><W6/><G114/><T10/><D33/><U26/><E113/><V85/><F115/><W44/><G73/><T122/><D122/><U74/><E120/><V64/><F109/><W41/><G124/><N who="1" m="47658" /><E111/><V66/><F133/><W18/><G18/><N who="0" m="12439" /><D93/><U97/><E74/><V100/><F72/><W77/><G77/><N who="0" m="46383" /><D83/><U107/><E91/><AGARI ba="1,0" hai="9,10,91,95,98,128,129,130" m="46383,12439" machi="91" ten="30,2000,0" yaku="19,1,52,1" doraHai="76" who="0" fromWho="1" sc="216,23,190,-23,54,0,540,0" />
</Scene>
<Scene>
<INIT seed="4,0,0,4,1,100" ten="239,167,54,540" oya="0" hai0="65,121,129,14,4,58,17,94,70,37,43,47,40" hai1="124,53,21,91,87,61,20,59,88,49,50,95,80" hai2="117,11,112,29,133,41,109,75,35,19,111,8,76" hai3="5,110,44,54,92,72,118,10,90,60,125,116,78"/><T102/><D121/><U57/><E124/><V32/><F41/><W108/><G125/><T33/><D33/><U12/><E12/><V55/><F55/><W123/><G78/><T51/><D129/><U46/><E50/><V130/><F76/><W96/><G72/><T45/><D4/><U105/><E105/><V77/><F77/><W85/><G123/><T38/><D70/><U68/><E68/><V28/><F75/><W122/><G122/><T83/><D83/><U27/><E27/><V39/><F39/><W13/><G85/><T93/><D102/><U34/><E34/><N who="2" m="12843" /><F112/><W25/><G25/><T0/><D0/><U135/><E135/><V126/><F126/><W7/><G44/><T73/><D73/><U101/><E101/><V56/><F56/><W66/><G54/><T24/><D24/><U2/><E2/><V48/><F48/><W119/><G60/><T26/><D26/><U42/><E59/><V104/><F104/><W113/><G66/><T22/><D51/><U1/><E1/><V115/><F115/><W97/><G113/><T16/><D17/><U106/><REACH who="1" step="1"/><E106/><REACH who="1" ten="239,157,54,540" step="2"/><V103/><F133/><W86/><G13/><T74/><REACH who="0" step="1"/><D74/><REACH who="0" ten="229,157,54,540" step="2"/><U67/><E67/><V63/><F103/><W127/><G127/><T64/><D64/><U128/><E128/><V79/><F130/><W132/><G132/><T6/><D6/><U99/><AGARI ba="0,2" hai="20,21,42,46,49,53,57,61,80,87,88,91,95,99" machi="99" ten="20,8000,1" yaku="1,1,0,1,7,1,8,1,54,1,53,0" doraHai="100" doraHaiUra="3" who="1" fromWho="1" sc="229,-40,157,100,54,-20,540,-20" />
</Scene>
<Scene>
<INIT seed="5,0,0,2,0,99" ten="189,257,34,520" oya="1" hai0="75,90,115,32,78,55,52,46,98,50,95,109,49" hai1="86,70,63,30,113,43,76,84,59,1,48,65,108" hai2="20,11,66,15,27,10,7,103,67,28,12,106,129" hai3="124,8,114,69,118,80,130,111,117,56,4,51,29"/><U24/><E113/><V37/><F129/><W45/><G29/><T85/><D109/><U39/><E108/><V92/><F106/><W104/><G111/><T16/><D32/><U131/><E1/><V102/><F37/><W79/><G104/><T128/><D115/><U62/><E131/><V25/><F92/><W83/><G69/><T112/><D112/><U6/><E6/><V19/><F67/><W135/><G56/><N who="0" m="32783" /><D75/><U23/><E76/><V94/><F66/><W44/><G114/><T110/><D110/><U91/><E91/><V126/><F126/><W2/><G135/><T73/><D73/><U122/><E122/><V38/><F38/><W88/><G130/><T41/><D128/><U68/><E68/><V26/><F94/><W31/><G31/><T72/><D72/><U119/><E119/><N who="3" m="45578" /><G124/><T82/><D16/><U116/><E116/><V93/><F93/><W87/><G51/><T60/><D60/><U105/><E105/><V53/><F53/><AGARI ba="0,0" hai="41,46,50,53,55,78,82,85,90,95,98" m="32783" machi="53" ten="30,2000,0" yaku="8,1,54,1" doraHai="99" who="0" fromWho="2" sc="189,20,257,0,34,-20,520,0" />
</Scene>
<Scene>
<INIT seed="6,0,0,0,0,69" ten="209,257,14,520" oya="2" hai0="92,70,120,36,32,109,112,51,18,104,53,94,79" hai1="113,45,22,105,129,58,14,56,77,24,10,59,72" hai2="93,44,126,21,71,89,86,123,16,80,99,111,108" hai3="49,95,107,106,13,8,11,7,20,19,121,118,97"/><V50/><F126/><W57/><G121/><T114/><D120/><U83/><E105/><V98/><F123/><W39/><G39/><T74/><D109/><U66/><E129/><V87/><F71/><W3/><G118/><T78/><D104/><U40/><E113/><N who="0" m="43625" /><D36/><U122/><E122/><V1/><F1/><W91/><G11/><T27/><D70/><U31/><E66/><V76/><F111/><W62/><G49/><T15/><D27/><U81/><E81/><V96/><F108/><W85/><G85/><T43/><D43/><U38/><E59/><V130/><F130/><W131/><G131/><T0/><D32/><U23/><E23/><V30/><F30/><W28/><G28/><T9/><D0/><U125/><E125/><V135/><F135/><W41/><G41/><T25/><D25/><U29/><E29/><V55/><REACH who="2" step="1"/><F87/><REACH who="2" ten="209,257,4,520" step="2"/><W17/><G3/><T90/><D74/><U46/><E72/><V117/><F117/><W64/><G97/><N who="0" m="57495" /><D94/><U133/><E133/><V110/><F110/><W60/><G95/><T84/><D84/><U134/><E134/><V124/><F124/><W119/><G107/><T73/><D73/><U128/><E128/><V101/><F101/><W63/><G106/><T52/><D53/><U42/><E31/><V6/><F6/><W12/><G119/><T26/><D26/><AGARI ba="0,1" hai="16,21,26,44,50,55,76,80,86,89,93,96,98,99" machi="26" ten="30,11600,0" yaku="1,1,7,1,8,1,54,1,53,0" doraHai="69" doraHaiUra="116" who="2" fromWho="0" sc="209,-116,257,0,4,126,520,0" />
</Scene>
<Scene>
<INIT seed="6,1,0,2,3,34" ten="93,257,130,520" oya="2" hai0="46,14,42,108,21,128,110,91,52,92,3,96,67" hai1="57,51,72,49,119,13,10,76,29,100,109,84,66" hai2="9,35,69,89,41,20,48,17,36,0,124,50,28" hai3="18,79,101,86,123,98,39,27,33,59,125,130,16"/><V63/><F124/><W73/><G73/><T81/><D128/><U12/><E72/><V75/><F69/><W56/><G123/><T24/><D67/><U43/><E109/><V4/><F63/><W15/><G39/><T64/><D64/><U83/><E119/><V25/><F75/><W58/><G130/><T53/><D3/><U60/><E100/><V11/><F11/><W106/><G125/><T133/><D133/><U68/><E68/><V85/><F41/><W30/><G15/><T87/><D14/><U132/><E132/><V77/><F77/><W19/><G86/><T113/><D113/><U74/><E74/><V26/><REACH who="2" step="1"/><F36/><REACH who="2" ten="93,257,120,520" step="2"/><W65/><G79/><N who="0" m="46527" /><D110/><U7/><E43/><V1/><F1/><W121/><G121/><T131/><D108/><U6/><E10/><V134/><F134/><W126/><G126/><T88/><D131/><U80/><E76/><V37/><F37/><W5/><G65/><T117/><D117/><U103/><E66/><V112/><F112/><W40/><G40/><T55/><D42/><U118/><E60/><V44/><F44/><W135/><G135/><T90/><D46/><U22/><E118/><V45/><F45/><W78/><G78/><T104/><D104/><U62/><E62/><V32/><F32/><W2/><G2/><T116/><D116/><U82/><E6/><V111/><F111/><W129/><G129/><T47/><D47/><U31/><E7/><V114/><F114/><W95/><G5/><T97/><D92/><AGARI ba="1,1" hai="0,4,9,17,20,25,26,28,35,48,50,85,89,92" machi="92" ten="30,5800,0" yaku="1,1,7,1,52,1,53,0" doraHai="34" doraHaiUra="93" who="2" fromWho="0" sc="93,-61,257,0,120,71,520,0" />
</Scene>
<Scene>
<INIT seed="6,2,0,4,3,31" ten="32,257,191,520" oya="2" hai0="55,66,56,128,29,35,63,50,21,43,64,2,75" hai1="124,98,70,7,134,68,94,30,36,103,109,41,79" hai2="101,39,90,52,100,28,121,10,44,74,11,113,54" hai3="17,81,107,105,9,67,59,119,51,108,38,85,14"/><V84/><F121/><W46/><G119/><T104/><D75/><U76/><E109/><V120/><F120/><W32/><G108/><T135/><D2/><U117/><E117/><V83/><F113/><W97/><G32/><T49/><D104/><U4/><E134/><V12/><F74/><W8/><G38/><T127/><D135/><U92/><E124/><V132/><F28/><W58/><G107/><T34/><D127/><U86/><E30/><V60/><F132/><W96/><G105/><T15/><D128/><U93/><E36/><V47/><F39/><W102/><G102/><N who="2" m="39529" /><F11/><W131/><G131/><T88/><D43/><U133/><E133/><V65/><F65/><W115/><G115/><T89/><D64/><U57/><E70/><V114/><F114/><W5/><G67/><T91/><D50/><U62/><E68/><V125/><F125/><W118/><G118/><T45/><REACH who="0" step="1"/><D15/><REACH who="0" ten="22,257,191,520" step="2"/><U71/><E41/><V77/><F54/><N who="3" m="30071" /><G9/><T1/><D1/><U16/><E71/><V53/><F53/><W82/><G5/><T0/><D0/><U130/><E4/><V95/><F52/><W6/><G6/><T99/><D99/><U122/><E7/><N who="2" m="3167" /><F60/><W18/><G18/><T22/><D22/><U80/><E130/><V72/><F72/><W24/><G97/><T48/><D48/><U61/><E122/><V73/><F73/><W20/><G96/><T123/><D123/><U111/><E62/><V116/><F116/><W112/><G112/><T13/><D13/><U23/><E61/><V3/><F3/><W26/><G8/><T42/><D42/><RYUUKYOKU ba="2,1" sc="22,15,257,-15,191,15,520,-15" hai0="21,29,34,35,45,49,55,56,63,66,88,89,91" hai2="44,47,77,83,84,90,95" />
</Scene>
<Scene>
<INIT seed="6,3,1,0,3,38" ten="37,242,206,505" oya="2" hai0="83,36,96,62,103,37,11,12,100,51,82,19,81" hai1="86,123,104,94,18,8,134,43,9,61,128,23,115" hai2="92,78,7,66,122,105,14,113,27,6,110,47,45" hai3="64,91,88,127,85,130,59,93,10,39,3,35,30"/><V71/><F122/><W60/><G39/><T112/><D112/><U119/><E104/><V16/><F105/><W74/><G74/><T28/><D37/><U26/><E119/><V132/><F78/><W42/><G42/><T29/><D36/><U32/><E32/><V109/><F113/><W133/><G133/><T58/><D28/><U0/><E115/><V98/><F27/><W2/><G127/><T1/><D1/><U79/><E134/><V17/><F66/><W34/><G130/><T120/><D120/><U44/><E128/><V65/><F65/><W67/><G67/><T13/><D29/><U125/><E125/><V124/><F71/><W116/><G116/><T40/><D40/><U56/><E0/><V54/><F17/><W107/><G107/><T49/><D96/><U70/><E70/><V41/><F54/><W108/><G108/><N who="2" m="41577" /><F124/><W129/><G129/><T15/><D19/><U77/><E123/><V57/><F57/><W50/><G59/><T75/><D75/><U89/><E79/><V84/><F84/><W22/><G85/><T21/><D21/><U87/><E87/><V106/><F106/><W99/><G64/><T25/><D25/><U20/><E77/><V55/><F55/><W118/><G118/><T97/><D11/><U24/><E24/><V80/><F132/><W114/><G114/><T69/><D69/><U95/><E23/><N who="2" m="11671" /><F80/><W126/><G126/><T31/><D31/><U90/><E56/><V111/><N who="2" m="41585" /><V5/><DORA hai="101" /><F41/><W52/><G52/><N who="0" m="34119" /><D97/><N who="1" m="57551" /><E61/><V121/><F121/><W68/><G68/><T63/><D63/><RYUUKYOKU ba="3,1" sc="37,10,242,10,206,10,505,-30" hai0="12,13,15,49,51,81,82,83,100,103" hai1="8,9,18,20,26,43,44,86,90,95" hai2="5,6,7,45,47,92,98" />
</Scene>
<Scene>
<INIT seed="6,4,1,2,2,40" ten="47,252,216,475" oya="2" hai0="46,90,100,129,15,81,59,5,4,128,131,70,11" hai1="88,18,87,103,14,75,89,10,112,101,84,104,115" hai2="44,52,97,20,58,67,16,21,55,64,19,8,62" hai3="122,45,53,105,106,133,31,49,51,39,93,92,13"/><V68/><F68/><W3/><G3/><T111/><D70/><U28/><E75/><V41/><F8/><W123/><G39/><T37/><D111/><U83/><E28/><V29/><F29/><W69/><G69/><T63/><D100/><U0/><E0/><V135/><F135/><W116/><G116/><T134/><D134/><U33/><E33/><V109/><F109/><W102/><G31/><T26/><D26/><U79/><E79/><V24/><F97/><W48/><G133/><T132/><D132/><U47/><E47/><V74/><F74/><W98/><G13/><T72/><D4/><U9/><E9/><V118/><F118/><W94/><G53/><T50/><D37/><U32/><E32/><V38/><F55/><W27/><G27/><AGARI ba="4,1" hai="16,19,20,21,24,27,38,41,44,52,58,62,64,67" machi="27" ten="30,12000,1" yaku="7,1,9,1,52,1,54,2" doraHai="40" who="2" fromWho="3" sc="47,0,252,0,216,142,475,-132" />
</Scene>
<Scene>
<INIT seed="6,5,0,5,4,108" ten="47,252,358,343" oya="2" hai0="62,106,15,11,17,125,114,28,67,18,95,2,118" hai1="80,37,132,77,105,75,88,89,7,35,54,27,116" hai2="25,78,84,48,66,96,110,90,130,9,76,34,30" hai3="12,14,82,24,4,93,103,131,26,85,1,65,10"/><V91/><F130/><W107/><G107/><T45/><D106/><U5/><E116/><V49/><F110/><W8/><G131/><T64/><D118/><U119/><E119/><V72/><BYE who="0" /><F72/><W100/><G65/><T56/><D56/><U68/><E132/><V112/><F112/><W109/><G109/><T38/><D38/><U53/><E105/><V29/><F66/><W74/><G74/><T36/><D36/><U128/><E128/><V52/><F9/><W57/><G57/><T3/><D3/><U127/><E37/><V117/><F117/><W135/><G135/><T23/><D23/><U6/><E68/><V58/><F48/><W22/><G93/><T120/><D120/><U43/><E43/><V21/><F30/><W133/><G133/><T13/><D13/><U32/><E127/><V20/><F34/><W59/><G59/><T104/><D104/><U98/><E98/><V51/><F51/><W33/><G33/><T73/><D73/><U126/><E126/><V40/><F40/><W86/><G1/><T92/><D92/><U63/><E35/><V55/><F55/><W122/><G122/><T79/><D79/><N who="2" m="30250" /><F96/><W60/><G60/><T111/><D111/><U121/><E121/><V101/><F101/><W42/><G42/><T134/><D134/><U113/><E63/><V0/><F0/><W129/><G129/><T19/><D19/><U44/><E54/><V102/><F102/><W50/><G50/><T61/><D61/><U39/><E53/><V99/><F49/><W124/><G124/><T31/><D31/><U97/><E32/><RYUUKYOKU ba="5,0" sc="47,0,252,0,358,0,343,0" />
</Scene>
<Scene>
<INIT seed="7,6,0,1,1,91" ten="47,252,358,343" oya="3" hai0="51,39,25,20,133,114,121,43,85,79,7,82,3" hai1="4,44,10,67,119,118,125,30,16,11,88,87,0" hai2="92,53,26,37,84,94,75,35,55,128,24,77,31" hai3="90,122,18,36,81,33,83,29,111,106,5,63,98"/><W108/><G122/><T28/><D28/><U64/><E125/><V13/><F37/><W71/><G36/><T49/><D49/><U70/><E44/><V113/><F113/><W38/><G38/><T8/><D8/><U130/><E130/><V23/><F128/><W104/><G5/><T56/><D56/><U131/><E131/><V59/><F75/><W62/><G18/><T101/><D101/><U134/><E134/><V86/><F13/><W45/><G45/><T41/><D41/><U22/><E11/><V115/><F115/><W129/><G129/><T65/><D65/><U127/><E30/><V110/><F110/><N who="3" m="42027" /><G29/><T112/><D112/><U96/><E96/><V68/><F68/><W89/><G33/><T123/><D123/><U32/><E32/><V46/><F24/><W9/><G9/><T61/><D61/><N who="3" m="23049" /><G71/><T54/><D54/><N who="2" m="20490" /><F46/><W102/><G106/><T60/><D60/><U76/><E76/><V1/><F59/><W103/><G103/><T66/><D66/><U57/><E70/><V15/><F1/><W6/><G6/><T21/><D21/><U73/><E73/><V34/><F15/><W40/><G40/><T117/><D117/><N who="1" m="44555" /><E57/><V48/><F48/><W120/><G120/><T95/><D95/><N who="2" m="36394" /><F77/><W107/><G107/><T27/><D27/><N who="1" m="14791" /><E127/><V132/><F35/><W78/><G81/><AGARI ba="6,0" hai="0,4,10,64,67,81,87,88" m="14791,44555" machi="81" ten="30,3900,0" yaku="12,1,54,2" doraHai="91" who="1" fromWho="3" sc="47,0,252,57,358,0,343,-57" owari="47,-45.0,309,11.0,358,45.0,286,-11.0" />
</Scene>
</mjloggm>