<mjloggm ver="2.3"><GO type="169" lobby="0"/><UN n0="%6D%61%74%69%6F%73%61%6E" n1="%E5%A4%AA%E3%81%8F%E3%81%AA%E3%81%84%E3%81%8A" n2="%E3%82%AD%E3%83%A9%E3%83%BC%E3%83%9E%E3%82%B8%E3%83%B3%E3%82%AC%E6%A7%98" n3="%68%75%6B%61" dan="16,18,17,16" rate="2098.67,2231.19,2181.98,2071.01" sx="M,F,F,M"/><TAIKYOKU oya="0"/>

<Scene>
<INIT seed="0,0,0,1,4,83" ten="250,250,250,250" oya="0" hai0="29,27,100,74,111,119,62,89,110,42,41,67,2" hai1="102,131,33,49,112,114,36,99,19,135,3,128,82" hai2="58,118,108,37,60,133,107,105,66,130,6,115,12" hai3="50,18,4,117,120,87,97,22,43,40,47,116,122"/><T31/><D74/><U113/><E36/><V55/><F115/><W32/><G32/><T71/><D2/><U5/><E33/><V1/><F108/><N who="0" m="41514" /><D119/><U8/><E135/><V95/><F37/><W104/><G4/><T121/><D121/><N who="3" m="46697" /><G43/><N who="0" m="16395" /><D100/><U24/><E49/><V56/><F6/><W98/><G87/><T76/><D76/><U123/><E123/><V85/><F85/><W51/><G51/><T53/><D89/><U61/><E61/><V124/><F60/><W23/><G98/><T35/><D31/><U80/><E19/><V20/><F1/><W64/><G18/><T73/><D73/><U79/><E24/><V44/><F118/><W134/><G97/><T78/><D78/><U63/><E63/><V70/><F133/><W96/><G96/><T16/><D16/><U132/><E132/><V7/><F7/><W126/><G134/><T52/><AGARI ba="0,0" hai="27,29,35,52,53,62,67,71" m="16395,41514" machi="52" ten="30,6000,0" yaku="14,1,10,1,54,1" doraHai="83" who="0" fromWho="0" sc="250,60,250,-20,250,-20,250,-20" />
</Scene>
<Scene>
<INIT seed="0,1,0,2,2,78" ten="310,230,230,230" oya="0" hai0="113,10,131,129,20,91,1,135,112,48,14,111,66" hai1="80,2,120,87,67,23,42,77,8,44,95,92,54" hai2="63,117,72,3,36,83,18,125,73,40,38,121,126" hai3="107,35,62,100,43,123,32,127,21,51,9,71,4"/><T88/><D1/><U34/><E34/><V128/><F121/><W49/><G21/><T104/><D104/><U56/><E120/><V98/><F3/><W7/><G43/><T58/><D20/><U74/><E67/><V116/><F128/><N who="0" m="49226" /><D135/><U89/><E23/><V75/><F18/><W45/><G107/><T115/><D111/><U93/><E54/><V114/><F114/><W52/><G9/><T124/><D124/><N who="2" m="47722" /><F98/><W99/><G99/><T108/><D108/><U5/><REACH who="1" step="1"/><E56/><REACH who="1" ten="310,220,230,230" step="2"/><V133/><F133/><W13/><G52/><N who="0" m="32007" /><D66/><U134/><E134/><V53/><F117/><W101/><G35/><T68/><D68/><U47/><E47/><V27/><F116/><W12/><G45/><T64/><D64/><U69/><E69/><V33/><F33/><W118/><G32/><T76/><D76/><U106/><E106/><V105/><F105/><W46/><G71/><T57/><D57/><U81/><E81/><V110/><F83/><W96/><G46/><T61/><D61/><U24/><E24/><V85/><F27/><W30/><G127/><T29/><D29/><U41/><E41/><V86/><F110/><W65/><G118/><T132/><D132/><U79/><E79/><V50/><F63/><W119/><G119/><T90/><D90/><U39/><AGARI ba="1,1" hai="2,5,8,39,42,44,74,77,80,87,89,92,93,95" machi="39" ten="20,12000,2" yaku="1,1,0,1,7,1,25,2,52,1,53,0" doraHai="78" doraHaiUra="94" who="1" fromWho="1" sc="310,-61,220,133,230,-31,230,-31" />
</Scene>
<Scene>
<INIT seed="1,0,0,3,0,33" ten="249,353,199,199" oya="1" hai0="123,101,94,76,20,88,89,113,110,132,81,84,52" hai1="116,12,37,28,82,134,109,57,2,21,66,44,124" hai2="72,40,47,67,115,93,102,65,71,29,53,62,77" hai3="74,4,27,70,73,87,92,18,69,86,108,32,36"/><U16/><E116/><V61/><F115/><W38/><G4/><T129/><D113/><U126/><E134/><V112/><F112/><W34/><G92/><T103/><D132/><U75/><E109/><V58/><F29/><W120/><G27/><T125/><D110/><U43/><E28/><V117/><F77/><W100/><G100/><T122/><D125/><N who="1" m="48235" /><E2/><V8/><F72/><W60/><G60/><T56/><D129/><U78/><E57/><N who="2" m="37071" /><F8/><W54/><G54/><T30/><D89/><U59/><E59/><V7/><F7/><W79/><G108/><T98/><D30/><U3/><E3/><V35/><F35/><W46/><G79/><T45/><D45/><U105/><E66/><V1/><F1/><W96/><G46/><T131/><D131/><U51/><E105/><V95/><F117/><W64/><G64/><T68/><D20/><U31/><E31/><V118/><F118/><W11/><G120/><N who="0" m="46123" /><D68/><U130/><E130/><V22/><F22/><W106/><G106/><T19/><D19/><U128/><E128/><V13/><F71/><W5/><G18/><T39/><D39/><AGARI ba="0,0" hai="12,16,21,37,39,43,44,51,75,78,82" m="48235" machi="39" ten="30,2900,0" yaku="18,1,54,1" doraHai="33" who="1" fromWho="0" sc="249,-29,353,29,199,0,199,0" />
</Scene>
<Scene>
<INIT seed="1,1,0,5,4,22" ten="220,382,199,199" oya="1" hai0="92,58,52,32,16,93,132,98,119,41,31,42,65" hai1="48,97,133,112,0,56,33,40,95,59,76,7,71" hai2="23,104,99,66,96,24,3,2,45,129,125,14,135" hai3="15,86,29,122,18,51,123,81,30,62,124,108,117"/><U101/><E112/><V105/><F135/><W63/><G108/><T26/><D132/><U12/><E71/><V116/><F116/><W115/><G115/><T17/><D119/><U57/><E133/><V128/><F66/><W127/><G117/><T70/><D65/><U46/><E33/><V13/><F45/><W60/><G51/><T94/><D70/><U37/><E76/><V44/><F44/><W88/><G30/><T84/><D84/><U35/><E35/><V114/><F114/><W120/><REACH who="3" step="1"/><G29/><REACH who="3" ten="220,382,199,189" step="2"/><T20/><D98/><U8/><REACH who="1" step="1"/><E0/><REACH who="1" ten="220,372,199,189" step="2"/><V100/><F2/><W28/><G28/><T110/><D110/><U74/><E74/><V68/><F3/><W4/><G4/><T130/><D130/><U39/><AGARI ba="1,2" hai="7,8,12,37,39,40,46,48,56,57,59,95,97,101" machi="39" ten="30,3000,0" yaku="1,1,0,1,53,0" doraHai="22" doraHaiUra="121" who="1" fromWho="1" sc="220,-11,372,53,199,-11,189,-11" />
</Scene>
<Scene>
<INIT seed="1,2,0,2,0,16" ten="209,425,188,178" oya="1" hai0="29,64,63,79,96,120,70,10,95,104,72,54,92" hai1="13,129,56,51,76,60,110,12,30,88,40,22,124" hai2="73,32,115,102,134,91,93,38,43,45,123,50,41" hai3="14,128,20,105,8,100,75,53,99,55,59,118,2"/><U35/><E35/><V85/><F123/><W132/><G75/><T18/><D120/><U4/><E76/><V87/><F73/><W82/><G128/><T17/><D29/><U19/><E129/><V67/><F134/><W1/><G132/><T127/><D127/><U89/><E124/><V3/><F32/><W101/><G118/><T71/><D71/><U15/><E30/><V23/><F3/><W112/><G112/><T9/><D104/><U122/><E122/><V113/><F67/><W61/><G82/><T46/><D95/><U126/><E126/><V7/><F7/><W133/><G133/><T24/><D79/><U97/><E110/><V39/><F102/><W131/><G131/><T48/><D72/><U130/><E130/><V121/><F121/><W69/><G69/><T58/><D70/><U90/><E97/><V107/><F107/><W34/><G34/><T68/><D68/><U111/><E111/><V37/><F43/><W84/><G84/><T77/><D77/><U94/><E94/><V78/><REACH who="2" step="1"/><F23/><REACH who="2" ten="209,425,178,178" step="2"/><W27/><G100/><T65/><D65/><N who="1" m="39047" /><E4/><V114/><F114/><W6/><G55/><T86/><D64/><U80/><E80/><AGARI ba="2,1" hai="37,38,39,41,45,50,78,80,85,87,91,93,113,115" machi="80" ten="50,1600,0" yaku="1,1,53,0" doraHai="16" doraHaiUra="25" who="2" fromWho="1" sc="209,0,425,-22,178,32,178,0" />
</Scene>
<Scene>
<INIT seed="2,0,0,5,4,34" ten="209,403,210,178" oya="2" hai0="80,60,23,51,63,45,107,100,114,50,78,43,97" hai1="21,52,106,69,19,65,94,24,77,74,3,98,96" hai2="71,99,87,103,132,27,92,130,82,14,64,28,39" hai3="56,120,67,104,40,89,57,44,95,8,129,46,70"/><V118/><F118/><W4/><G104/><T9/><D114/><U61/><E106/><V91/><F132/><W38/><G120/><T88/><D51/><U53/><E98/><V33/><F39/><W47/><G129/><T105/><D105/><U110/><E110/><V108/><F130/><W55/><G70/><T75/><D23/><U37/><E37/><V76/><F108/><W79/><G79/><T68/><D68/><U16/><E3/><V22/><F71/><W111/><G67/><T26/><D26/><U11/><E11/><V128/><F64/><W59/><G55/><T85/><REACH who="0" step="1"/><D9/><REACH who="0" ten="199,403,210,178" step="2"/><U30/><E30/><V0/><F128/><W133/><G111/><T86/><D86/><U113/><E113/><V66/><F22/><W62/><G133/><T115/><D115/><U135/><E135/><V112/><F112/><W13/><REACH who="3" step="1"/><G62/><REACH who="3" ten="199,403,210,168" step="2"/><T29/><D29/><U12/><E61/><V5/><F28/><W48/><G48/><T49/><D49/><U25/><E69/><V32/><F32/><W42/><G42/><T123/><D123/><U72/><E72/><V31/><F33/><W83/><G83/><AGARI ba="0,2" hai="43,45,50,60,63,75,78,80,83,85,88,97,100,107" machi="83" ten="30,3900,0" yaku="1,1,7,1,54,1,53,0" doraHai="34" doraHaiUra="20" who="0" fromWho="3" sc="199,59,403,0,210,0,168,-39" />
</Scene>
<Scene>
<INIT seed="3,0,0,3,0,22" ten="258,403,210,129" oya="3" hai0="20,55,125,37,58,72,60,130,106,79,46,78,124" hai1="97,84,26,93,1,14,95,115,44,8,24,30,32" hai2="120,121,13,131,65,36,47,57,111,12,52,67,105" hai3="108,102,107,61,53,50,94,39,35,41,71,86,54"/><W29/><G108/><T69/><D106/><U100/><E115/><V101/><F111/><W3/><G3/><T64/><D130/><U75/><E75/><V23/><F131/><W99/><G86/><T56/><D72/><U83/><E1/><V109/><F109/><W117/><G117/><T34/><D34/><U118/><E118/><V5/><F101/><W132/><G132/><T4/><D4/><U25/><E44/><V17/><F105/><W127/><G127/><N who="0" m="48715" /><D69/><U7/><E95/><V21/><F47/><N who="3" m="23999" /><G94/><T51/><D20/><U33/><E33/><V59/><F5/><W16/><G16/><T116/><D116/><U74/><E74/><V27/><F17/><W45/><G50/><T114/><D114/><U15/><E15/><V77/><F77/><AGARI ba="0,0" hai="7,8,14,24,25,26,30,32,77,83,84,93,97,100" machi="77" ten="30,7700,0" yaku="7,1,52,3" doraHai="22" who="1" fromWho="2" sc="258,0,403,77,210,-77,129,0" />
</Scene>
<Scene>
<INIT seed="4,0,0,2,4,97" ten="258,480,133,129" oya="0" hai0="88,5,90,24,6,56,86,125,21,38,96,119,120" hai1="128,18,65,110,106,27,31,53,36,13,84,9,113" hai2="118,74,1,44,99,0,15,7,17,32,89,19,66" hai3="45,28,98,116,37,25,108,50,26,127,61,123,34"/><T58/><D38/><U134/><E110/><V10/><F74/><W57/><G108/><T130/><D119/><U12/><E36/><V68/><F118/><W132/><G116/><T73/><D73/><U72/><E72/><V82/><F32/><W104/><G37/><T64/><D120/><U111/><E111/><V35/><F35/><W94/><G123/><T63/><D125/><U124/><E106/><V42/><F1/><W71/><G127/><T48/><D130/><U121/><E124/><V109/><F109/><W126/><G126/><T2/><D2/><U51/><E121/><V23/><F19/><W122/><G122/><T8/><D8/><U29/><E128/><V103/><F66/><W33/><G71/><T14/><D14/><U49/><E134/><V55/><F55/><W22/><G104/><T76/><D76/><U41/><E113/><V129/><F68/><W43/><G26/><T112/><D112/><U105/><E105/><V3/><F3/><W70/><G70/><T77/><D77/><U95/><E65/><V62/><F62/><W115/><G132/><T135/><D135/><U75/><E75/><V60/><F60/><W100/><G115/><T101/><D48/><U52/><E13/><V30/><F30/><N who="1" m="11273" /><E27/><V4/><F129/><W16/><G28/><N who="0" m="17423" /><D58/><U54/><E41/><V79/><F42/><W39/><G39/><T85/><D5/><U83/><E49/><V107/><F7/><W102/><G34/><T59/><D6/><U92/><E51/><V11/><F4/><W117/><G33/><T46/><D64/><U133/><E133/><RYUUKYOKU ba="0,0" sc="258,-10,480,30,133,-10,129,-10" hai1="9,12,18,52,53,54,83,84,92,95" />
</Scene>
<Scene>
<INIT seed="5,1,0,1,5,84" ten="248,510,123,119" oya="1" hai0="1,33,45,18,22,90,63,43,99,110,44,51,4" hai1="105,87,116,9,37,20,86,75,59,60,19,108,53" hai2="123,74,113,94,46,65,112,11,26,57,77,72,119" hai3="3,24,25,115,97,34,15,124,104,13,23,28,32"/><U81/><E116/><V92/><F123/><W118/><G118/><T2/><D33/><U42/><E105/><V109/><F109/><W88/><G104/><T101/><D110/><U134/><E108/><V5/><F119/><W122/><G122/><T55/><D4/><U8/><E75/><N who="2" m="28715" /><F77/><W39/><G39/><T7/><D7/><U58/><E134/><V132/><F46/><W68/><G68/><T126/><D126/><U54/><E42/><V21/><F65/><W135/><G135/><T133/><D133/><U14/><E37/><V79/><F79/><W78/><G78/><T27/><D63/><N who="1" m="36303" /><E87/><V130/><F57/><W56/><G124/><T35/><D35/><U6/><E6/><V10/><F132/><W95/><G3/><T17/><D17/><U91/><AGARI ba="1,0" hai="8,9,14,19,20,54,59,60,81,86,91" m="36303" machi="91" ten="30,3000,0" yaku="8,1,52,1" doraHai="84" who="1" fromWho="1" sc="248,-11,510,33,123,-11,119,-11" />
</Scene>
<Scene>
<INIT seed="5,2,0,1,1,107" ten="237,543,112,108" oya="1" hai0="120,46,65,10,87,43,39,59,54,8,29,119,49" hai1="95,125,82,37,109,103,133,110,52,19,2,42,44" hai2="25,123,20,96,89,126,53,115,97,68,13,16,14" hai3="1,64,135,86,134,117,70,105,0,98,76,57,83"/><U5/><E133/><N who="3" m="50698" /><G70/><T27/><D119/><U80/><E125/><V32/><F123/><W62/><G117/><T99/><D120/><U24/><E5/><V127/><F68/><W77/><G77/><T81/><D99/><N who="2" m="37962" /><F32/><W7/><G7/><T61/><D87/><U47/><E2/><V63/><F115/><W34/><G34/><T45/><D81/><U12/><E24/><V48/><F63/><W6/><G6/><T79/><D79/><U116/><E116/><V36/><F36/><W130/><G130/><T113/><D113/><U93/><E103/><AGARI ba="2,0" hai="0,1,57,62,64,76,83,86,98,103,105" m="50698" machi="103" ten="30,1000,0" yaku="20,1" doraHai="107" who="3" fromWho="1" sc="237,0,543,-16,112,0,108,16" />
</Scene>
<Scene>
<INIT seed="6,0,0,1,3,126" ten="237,527,112,124" oya="2" hai0="70,47,7,131,110,51,102,120,63,64,46,19,4" hai1="17,72,35,133,11,95,84,26,113,130,83,36,93" hai2="8,48,107,129,43,101,75,12,27,77,20,127,18" hai3="89,53,119,73,57,99,85,104,10,112,25,30,3"/><V65/><F127/><W74/><G119/><T91/><D120/><U49/><E36/><V22/><F65/><W61/><G112/><T92/><D110/><U109/><E109/><V135/><F135/><W16/><G99/><T15/><D102/><U78/><E113/><V66/><F66/><W86/><G104/><T82/><D82/><U117/><E117/><V24/><F75/><W14/><G3/><T60/><D60/><U111/><E111/><V103/><F77/><W56/><G56/><T132/><D47/><U116/><E116/><V2/><F2/><W98/><G98/><T134/><D134/><U106/><E106/><V68/><F68/><W96/><G96/><T124/><D124/><U39/><E39/><V76/><F76/><W28/><G86/><T115/><D115/><U79/><E133/><V125/><F125/><W59/><G59/><T94/><D94/><U52/><E78/><V69/><F69/><W23/><REACH who="3" step="1"/><G30/><REACH who="3" ten="237,527,112,114" step="2"/><T6/><D132/><U44/><E84/><V50/><F107/><W118/><G118/><T21/><D70/><U88/><E72/><V45/><F101/><W9/><G9/><T38/><D64/><U41/><E11/><V32/><F103/><W37/><G37/><T34/><D38/><U71/><E71/><V128/><F8/><W58/><G58/><T105/><D105/><U31/><E31/><N who="2" m="19583" /><F48/><W114/><G114/><T122/><D51/><U29/><E49/><V42/><F42/><W54/><G54/><T123/><D122/><U5/><E41/><V80/><F80/><AGARI ba="0,1" hai="10,14,16,23,25,28,53,57,61,73,74,80,85,89" machi="80" ten="30,3900,0" yaku="1,1,7,1,54,1,53,0" doraHai="126" doraHaiUra="108" who="3" fromWho="2" sc="237,0,527,0,112,-39,114,49" />
</Scene>
<Scene>
<INIT seed="7,0,0,1,0,124" ten="237,527,73,163" oya="3" hai0="122,48,95,87,119,27,117,38,81,130,68,6,10" hai1="52,14,58,35,98,107,123,25,46,86,36,28,22" hai2="83,9,131,19,69,4,109,26,111,129,132,89,0" hai3="33,37,31,120,88,3,1,94,30,112,73,105,16"/><W72/><G120/><T67/><D38/><U61/><E123/><V47/><F69/><W101/><G37/><T113/><D122/><U59/><E107/><V34/><F47/><W56/><G101/><T15/><D113/><U90/><E98/><V50/><F50/><W57/><G105/><T126/><D126/><U20/><E14/><V96/><F132/><W17/><G112/><T49/><D95/><U45/><E36/><V118/><F118/><W44/><G44/><T54/><D49/><N who="1" m="30991" /><E22/><N who="2" m="13663" /><F34/><W43/><G33/><T41/><D41/><U115/><E35/><V53/><F53/><W74/><G43/><T39/><D39/><U60/><E60/><V127/><F127/><W23/><G23/><T99/><D54/><N who="1" m="34039" /><E115/><V29/><F29/><W13/><G13/><T103/><D48/><U75/><E75/><V125/><F125/><W97/><G31/><T108/><D68/><U106/><E106/><V134/><F134/><W40/><G30/><T100/><D67/><U76/><E76/><V80/><F96/><W7/><G40/><T114/><D99/><U62/><E62/><V2/><F89/><W70/><G70/><T55/><D55/><U64/><E64/><V135/><F135/><W8/><G3/><N who="2" m="1065" /><F9/><W92/><G92/><AGARI ba="0,0" hai="20,25,28,45,46,86,90,92" m="34039,30991" machi="92" ten="30,2000,0" yaku="8,1,54,1" doraHai="124" who="1" fromWho="3" sc="237,0,527,20,73,0,163,-20" owari="237,4.0,547,65.0,73,-43.0,143,-26.0" />
</Scene>
</mjloggm>