<mjloggm ver="2.3"><GO type="169" lobby="0"/><UN n0="%E3%81%84%E3%81%9F%E3%83%92%E3%83%AD" n1="%E3%83%81%E3%83%A7%E3%83%AD%E6%9D%BE" n2="%E5%A4%AA%E3%81%8F%E3%81%AA%E3%81%84%E3%81%8A" n3="%E4%BB%AE%E9%B3%B3%E5%87%B0%E6%B0%91" dan="16,16,19,16" rate="2132.25,2051.93,2275.53,2068.65" sx="M,M,F,M"/><TAIKYOKU oya="0"/>

<Scene>
<INIT seed="0,0,0,4,4,113" ten="250,250,250,250" oya="0" hai0="94,47,18,30,67,107,19,95,4,109,119,45,20" hai1="130,46,28,41,125,87,65,27,71,63,56,110,54" hai2="32,88,37,84,8,105,124,91,123,134,118,78,1" hai3="24,12,60,44,112,82,92,29,15,117,104,102,72"/><T114/><D107/><U55/><E110/><V52/><F123/><W49/><G112/><T89/><D114/><U68/><E87/><V90/><F37/><W97/><G117/><T128/><D109/><U116/><E27/><V69/><F69/><N who="1" m="26697" /><E28/><V133/><F32/><W57/><G104/><T81/><D30/><U53/><E130/><V0/><F105/><W122/><G122/><T35/><D35/><U62/><E125/><V99/><F124/><W42/><G82/><T111/><D128/><U36/><E116/><V75/><F75/><W9/><G9/><T25/><D119/><U48/><E63/><V33/><F33/><W127/><G72/><T38/><D81/><U43/><E43/><V108/><F108/><W106/><G106/><T86/><D111/><U120/><E120/><V135/><F118/><W101/><G101/><T115/><D115/><U70/><AGARI ba="0,0" hai="36,41,46,48,53,54,55,56,62,65,70" m="26697" machi="70" ten="30,12000,2" yaku="24,1,35,5" doraHai="113" who="1" fromWho="1" sc="250,-60,250,120,250,-30,250,-30" />
</Scene>
<Scene>
<INIT seed="1,0,0,2,0,120" ten="190,370,220,220" oya="1" hai0="40,24,69,89,112,65,113,95,71,11,77,97,76" hai1="131,109,23,27,101,55,129,49,107,70,133,0,90" hai2="104,50,32,126,84,59,7,106,26,17,31,135,127" hai3="80,25,74,18,88,91,93,103,64,51,42,96,37"/><U105/><E0/><V81/><F135/><W38/><G64/><T72/><D40/><U99/><E133/><V39/><F39/><W73/><G51/><T43/><D43/><U6/><E6/><V14/><F7/><W12/><G25/><T52/><D11/><U75/><E75/><V115/><F115/><W132/><G132/><T78/><D72/><U119/><E119/><V118/><F118/><W98/><G91/><T124/><D24/><U83/><E70/><V108/><F59/><W3/><G3/><T111/><D124/><N who="2" m="47658" /><F50/><W116/><G116/><T114/><D52/><U60/><E60/><V13/><F13/><W53/><G53/><T4/><D4/><U19/><E109/><V56/><F56/><W125/><G125/><T33/><D33/><U46/><E107/><V102/><F102/><W2/><G2/><T22/><D22/><U9/><E9/><N who="2" m="6351" /><F108/><W57/><G57/><T94/><D111/><U21/><REACH who="1" step="1"/><E21/><REACH who="1" ten="190,360,220,220" step="2"/><V61/><F61/><W79/><G74/><T66/><D71/><U48/><E48/><V130/><F130/><W1/><G1/><T100/><D69/><U35/><E35/><V58/><F58/><W86/><G73/><T63/><D63/><U68/><E68/><V82/><F106/><W28/><G38/><T16/><D65/><U34/><E34/><V45/><F104/><W122/><G37/><T54/><D66/><U10/><E10/><V41/><F32/><W15/><G122/><T110/><D110/><U117/><E117/><V8/><F8/><W123/><G123/><T128/><D128/><U121/><E121/><RYUUKYOKU ba="0,1" sc="190,-10,360,30,220,-10,220,-10" hai1="19,23,27,46,49,55,83,90,99,101,105,129,131" />
</Scene>
<Scene>
<INIT seed="1,1,1,0,4,54" ten="180,390,210,210" oya="1" hai0="41,94,91,48,114,16,83,64,103,8,105,98,122" hai1="18,134,21,13,19,9,115,44,59,110,29,127,52" hai2="15,45,89,79,53,76,63,132,62,60,99,70,126" hai3="30,100,4,49,93,86,42,87,40,56,116,55,112"/><U68/><E115/><V7/><F126/><W129/><G112/><T81/><D114/><U71/><E127/><V80/><F132/><W125/><G125/><T109/><D122/><U108/><E29/><V36/><F70/><W37/><G129/><T78/><D109/><N who="1" m="42091" /><E44/><V10/><F36/><W3/><G116/><T32/><D32/><U72/><E72/><V28/><F28/><W2/><G30/><T69/><D81/><U31/><E31/><V92/><REACH who="2" step="1"/><F80/><REACH who="2" ten="180,390,200,210" step="2"/><W5/><G37/><T85/><D69/><U106/><E134/><V65/><F65/><W131/><G131/><T135/><D135/><U20/><E71/><V121/><F121/><W50/><G2/><T43/><D64/><U130/><E68/><V1/><F1/><W35/><G3/><T11/><D11/><U107/><E130/><V61/><N who="2" m="15872" /><DORA hai="39" /><V128/><F128/><W111/><G111/><T113/><D113/><U119/><E119/><V38/><F38/><W58/><G35/><T23/><D8/><U24/><E9/><V17/><F17/><W33/><G33/><T26/><REACH who="0" step="1"/><D48/><AGARI ba="1,2" hai="13,18,19,20,21,24,48,52,59,106,107" m="42091" machi="48" ten="30,11600,0" yaku="14,1,10,1,52,1,54,1" doraHai="54,39" who="1" fromWho="0" sc="180,-119,390,139,200,0,210,0" /><AGARI ba="1,0" hai="7,10,15,45,48,53,76,79,89,92,99" m="15872" machi="48" ten="50,12000,2" yaku="1,1,8,1,53,4" doraHai="54,39" doraHaiUra="57,66" who="2" fromWho="0" sc="61,-120,529,0,200,120,210,0" owari="-59,-56.0,529,63.0,320,12.0,210,-19.0" />
</Scene>
</mjloggm>