<mjloggm ver="2.3"><GO type="169" lobby="0"/><UN n0="%E5%A4%AA%E3%81%8F%E3%81%AA%E3%81%84%E3%81%8A" n1="%6E%62%34%39" n2="%E5%87%9C%E7%94%B0%E8%8E%89%E5%AD%90" n3="%E5%B0%8F%E9%98%AA%E3%81%A1%E3%81%B2%E3%82%8D" dan="19,16,16,17" rate="2291.83,2116.30,2073.01,2195.39" sx="F,M,M,F"/><TAIKYOKU oya="0"/>

<Scene>
<INIT seed="0,0,0,4,2,122" ten="250,250,250,250" oya="0" hai0="0,42,84,66,59,54,134,107,110,130,88,48,25" hai1="97,128,90,47,43,113,116,31,56,7,133,121,94" hai2="77,3,92,41,89,58,95,119,55,49,63,98,93" hai3="35,70,86,96,39,18,131,9,10,79,106,125,33"/><T132/><D107/><U36/><E116/><V118/><F3/><W102/><G131/><T123/><D123/><U4/><E121/><V62/><F77/><W124/><G70/><T38/><D0/><U24/><E128/><V11/><F11/><N who="3" m="4107" /><G39/><T1/><D1/><U108/><E108/><V105/><F105/><W74/><G74/><T104/><D130/><U13/><E113/><V76/><F76/><W15/><G79/><T114/><D114/><U20/><E13/><V85/><F41/><W40/><G40/><T6/><D6/><U100/><E133/><N who="0" m="51305" /><D104/><U68/><E68/><V19/><F19/><W126/><G86/><T17/><D66/><U127/><E127/><V60/><REACH who="2" step="1"/><F98/><REACH who="2" ten="250,250,240,250" step="2"/><W34/><G18/><T115/><D115/><U52/><REACH who="1" step="1"/><E100/><REACH who="1" ten="250,240,240,250" step="2"/><V28/><F28/><W109/><G15/><T2/><D2/><U80/><E80/><AGARI ba="0,2" hai="49,55,58,60,62,63,80,85,89,92,93,95,118,119" machi="80" ten="40,1300,0" yaku="1,1,53,0" doraHai="122" doraHaiUra="64" who="2" fromWho="1" sc="250,0,240,-13,240,33,250,0" />
</Scene>
<Scene>
<INIT seed="1,0,0,4,4,2" ten="250,227,273,250" oya="1" hai0="13,14,44,20,49,35,0,85,94,45,105,33,113" hai1="51,57,19,88,1,109,73,71,135,98,41,106,48" hai2="127,70,115,18,42,104,9,82,95,114,68,23,130" hai3="93,74,43,131,26,46,60,96,17,38,77,22,5"/><U21/><E71/><V90/><F104/><W120/><G120/><T56/><D105/><U79/><E1/><V40/><F130/><W84/><G74/><T52/><D0/><U36/><E135/><V75/><F127/><W124/><G124/><T134/><D113/><N who="2" m="43018" /><F9/><W103/><G131/><T34/><D134/><U123/><E123/><V92/><F92/><W128/><G128/><T132/><D132/><U10/><E10/><V32/><F32/><W53/><G77/><T118/><D118/><U121/><E121/><V125/><F125/><W101/><G84/><T12/><REACH who="0" step="1"/><D20/><REACH who="0" ten="240,227,273,250" step="2"/><U117/><E21/><V61/><F23/><W83/><G22/><T27/><D27/><U47/><E106/><V64/><F70/><W76/><G26/><T37/><D37/><U122/><E36/><V108/><F68/><W102/><G38/><T67/><D67/><U78/><E117/><V59/><F64/><W54/><G103/><T39/><D39/><U58/><E122/><V119/><F119/><W97/><G101/><T107/><D107/><U62/><E109/><V86/><F108/><W80/><G102/><T63/><D63/><U81/><E62/><V4/><F61/><W28/><G60/><T99/><D99/><U111/><E111/><V30/><F30/><W65/><G97/><T24/><D24/><U116/><E116/><V89/><F86/><W66/><G96/><T87/><D87/><N who="1" m="50287" /><E98/><V25/><F75/><W100/><G100/><T112/><D112/><U8/><E73/><V29/><F25/><W11/><G65/><T3/><D3/><U133/><E133/><RYUUKYOKU ba="0,1" sc="240,30,227,-10,273,-10,250,-10" hai0="12,13,14,33,34,35,44,45,49,52,56,85,94" />
</Scene>
<Scene>
<INIT seed="2,1,1,4,1,26" ten="270,217,263,240" oya="2" hai0="1,3,66,18,96,11,19,17,124,116,74,71,37" hai1="5,118,121,87,68,12,45,14,72,73,57,89,34" hai2="27,131,39,91,125,40,122,41,115,64,106,33,56" hai3="133,9,48,69,85,30,94,104,49,128,92,113,54"/><V126/><F115/><W35/><G104/><T67/><D37/><U31/><E68/><V130/><F106/><W29/><G69/><T42/><D74/><U110/><E118/><V36/><F91/><W0/><G133/><T82/><D42/><N who="2" m="16490" /><F27/><W43/><G113/><T129/><D116/><U58/><E110/><V90/><F90/><W28/><G35/><T111/><D111/><U65/><E45/><V32/><F122/><W100/><G128/><N who="2" m="49193" /><F56/><N who="3" m="32839" /><G0/><T44/><D1/><U93/><E121/><V70/><F33/><W47/><G100/><T60/><D129/><U46/><E57/><V13/><F13/><W4/><G85/><T7/><D96/><U16/><E46/><V105/><F32/><W86/><G86/><T61/><D44/><U132/><E14/><V50/><F50/><W25/><G25/><T53/><D71/><U114/><E114/><V63/><F105/><W59/><G59/><T99/><D99/><U119/><E119/><V127/><AGARI ba="1,1" hai="36,39,63,64,70,125,126,127" m="49193,16490" machi="127" ten="40,12000,1" yaku="18,1,19,1,34,2" doraHai="26" who="2" fromWho="2" sc="270,-41,217,-41,263,133,240,-41" />
</Scene>
<Scene>
<INIT seed="2,2,0,5,0,54" ten="229,176,396,199" oya="2" hai0="38,41,134,34,83,36,103,76,121,28,124,1,19" hai1="96,7,16,17,47,31,130,110,4,63,123,86,129" hai2="29,92,127,102,94,33,131,109,66,40,62,21,125" hai3="88,77,93,85,50,113,68,46,73,132,119,107,81"/><V101/><F33/><W42/><G119/><T20/><D121/><U12/><E110/><V45/><F131/><N who="1" m="50185" /><E123/><V74/><F74/><W3/><G3/><T64/><D1/><U51/><E31/><V112/><F112/><W22/><G132/><T99/><D134/><U8/><E96/><V84/><F109/><W71/><G113/><T13/><D124/><N who="2" m="47690" /><F29/><W106/><REACH who="3" step="1"/><G22/><REACH who="3" ten="229,176,396,189" step="2"/><T6/><D20/><U67/><E17/><V79/><F21/><W105/><AGARI ba="2,1" hai="42,46,50,68,71,73,77,81,85,88,93,105,106,107" machi="105" ten="30,8000,1" yaku="1,1,2,1,0,1,54,1,53,1" doraHai="54" doraHaiUra="80" who="3" fromWho="3" sc="229,-22,176,-22,396,-42,189,96" />
</Scene>
<Scene>
<INIT seed="3,0,0,2,3,40" ten="207,154,354,285" oya="3" hai0="82,127,17,20,85,9,0,91,43,64,89,97,8" hai1="42,73,105,22,134,83,32,94,77,72,111,10,107" hai2="38,56,12,133,120,62,68,21,78,54,106,35,115" hai3="79,70,75,99,19,126,13,49,11,81,61,66,98"/><W87/><G126/><T28/><D127/><U67/><E32/><V39/><F106/><N who="1" m="40457" /><E22/><V110/><F35/><W128/><G128/><T34/><D64/><U108/><E10/><V69/><F78/><W4/><G75/><N who="1" m="28746" /><E42/><V25/><F12/><W51/><G51/><T119/><D119/><U60/><E60/><V41/><F21/><W44/><REACH who="3" step="1"/><G19/><REACH who="3" ten="207,154,354,275" step="2"/><T14/><D17/><U95/><E134/><V6/><F133/><W65/><G65/><T109/><D28/><U129/><E67/><V45/><F120/><W31/><G31/><T1/><D1/><U59/><E129/><V121/><F121/><W117/><G117/><T96/><D0/><U118/><E118/><V29/><F29/><W30/><G30/><T132/><D34/><U131/><E131/><V92/><F115/><W24/><G24/><T3/><D3/><U36/><E36/><V103/><F38/><W80/><G80/><T114/><D114/><U15/><E83/><V47/><F39/><W93/><G93/><T26/><D82/><U90/><E95/><V102/><F92/><W57/><G57/><T50/><D26/><U18/><E59/><V71/><F25/><W84/><G84/><T113/><D113/><U48/><E48/><V101/><F56/><W7/><G7/><T100/><D50/><U5/><E5/><V23/><F6/><W46/><G46/><T63/><D132/><U16/><E18/><V55/><F45/><W122/><G122/><T74/><D74/><U123/><E123/><V58/><F47/><W53/><AGARI ba="0,1" hai="4,11,13,44,49,53,61,66,70,79,81,87,98,99" machi="53" ten="20,7800,0" yaku="1,1,0,1,7,1,52,1,53,0" doraHai="40" doraHaiUra="124" who="3" fromWho="3" sc="207,-26,154,-26,354,-26,275,88" />
</Scene>
<Scene>
<INIT seed="3,1,0,3,1,36" ten="181,128,328,363" oya="3" hai0="20,3,130,49,129,115,50,122,56,67,108,109,124" hai1="81,79,75,72,114,73,2,84,91,63,103,30,52" hai2="90,113,27,55,131,6,123,29,60,98,5,89,134" hai3="100,106,8,10,17,48,39,107,28,65,76,62,97"/><W58/><G39/><T68/><D3/><U4/><E2/><V125/><F113/><W101/><G76/><T71/><D20/><U88/><E4/><V51/><F131/><N who="0" m="50186" /><D122/><U104/><E30/><V38/><F38/><W102/><G28/><T66/><D124/><U78/><E114/><V120/><F125/><W45/><G106/><T47/><D115/><U46/><E63/><V96/><F60/><W59/><G59/><T26/><D26/><U116/><E116/><V112/><F134/><W15/><G8/><T82/><D82/><N who="1" m="47199" /><E52/><AGARI ba="1,0" hai="10,15,17,45,48,52,58,62,65,97,100,101,102,107" machi="52" ten="30,2900,0" yaku="7,1,54,1" doraHai="36" who="3" fromWho="1" sc="181,0,128,-32,328,0,363,32" />
</Scene>
<Scene>
<INIT seed="3,2,0,1,1,96" ten="181,96,328,395" oya="3" hai0="124,67,66,87,78,115,10,110,69,59,48,84,26" hai1="52,118,91,1,107,12,72,68,35,81,120,88,109" hai2="33,95,30,126,56,49,101,98,82,13,53,57,61" hai3="23,0,31,43,21,60,100,70,14,75,45,44,127"/><W42/><G0/><T125/><D110/><U47/><E1/><V16/><F126/><N who="0" m="48746" /><D115/><U123/><E35/><V29/><F82/><W24/><G75/><T79/><D69/><U51/><E68/><V77/><F77/><N who="0" m="29194" /><D10/><U92/><E109/><V121/><F121/><W103/><G127/><T130/><D130/><U34/><E34/><V6/><F6/><W7/><G70/><T54/><D26/><U112/><E112/><V119/><F33/><W108/><G108/><T111/><D111/><U22/><E118/><V32/><F32/><W132/><G132/><T36/><D36/><U86/><E72/><V8/><REACH who="2" step="1"/><F119/><REACH who="2" ten="181,96,318,395" step="2"/><W76/><G76/><T80/><D80/><U117/><E117/><V94/><F94/><W104/><G7/><T106/><D106/><U18/><REACH who="1" step="1"/><E107/><REACH who="1" ten="181,86,318,395" step="2"/><V37/><F37/><W64/><G104/><T113/><D113/><U116/><E116/><V17/><F17/><N who="3" m="10423" /><G42/><T41/><D41/><U133/><E133/><V102/><F102/><W85/><G43/><T105/><D105/><U89/><E89/><V135/><F135/><W28/><G100/><T27/><D27/><U19/><E19/><V25/><F25/><W71/><G103/><T63/><D48/><U39/><E39/><V46/><F46/><W73/><G73/><T65/><AGARI ba="2,2" hai="54,59,63,65,66,67,84,87" m="29194,48746" machi="65" ten="40,1500,0" yaku="18,1" doraHai="96" who="0" fromWho="0" sc="181,41,86,-6,318,-6,395,-9" />
</Scene>
<Scene>
<INIT seed="4,0,0,1,5,131" ten="222,80,312,386" oya="0" hai0="39,23,90,43,82,76,71,94,69,40,112,129,66" hai1="35,51,124,15,114,38,67,111,52,80,100,110,12" hai2="72,8,59,64,125,106,10,84,42,77,130,102,22" hai3="85,117,62,91,0,21,7,60,4,41,65,37,133"/><T101/><D129/><U6/><E38/><V119/><F130/><W134/><G117/><T115/><D101/><U50/><E124/><V75/><F125/><W14/><G0/><T28/><D28/><U74/><E35/><V104/><F119/><W68/><G60/><T107/><D107/><U108/><E114/><N who="0" m="43561" /><D23/><U33/><E33/><V97/><F42/><N who="0" m="15914" /><D66/><U123/><E123/><V135/><F104/><W105/><G105/><T122/><D39/><U128/><E128/><V95/><F22/><W121/><G121/><T86/><D122/><U36/><E36/><V30/><F30/><W88/><G41/><T32/><D32/><U63/><E100/><V9/><F64/><W5/><G37/><T17/><D17/><U89/><E6/><V127/><F127/><W45/><G45/><T103/><D103/><U99/><E67/><V46/><F46/><W56/><G68/><T132/><D132/><N who="3" m="50793" /><G85/><AGARI ba="0,0" hai="69,71,76,82,85,86,90,94" m="15914,43561" machi="85" ten="30,1500,0" yaku="15,1" doraHai="131" who="0" fromWho="3" sc="222,15,80,0,312,0,386,-15" />
</Scene>
<Scene>
<INIT seed="4,1,0,0,5,83" ten="237,80,312,371" oya="0" hai0="38,88,7,14,15,62,71,104,46,108,126,47,5" hai1="59,92,26,113,99,25,31,87,70,90,28,107,52" hai2="77,74,119,66,12,64,18,121,124,23,63,85,54" hai3="75,65,36,43,125,44,106,135,45,117,13,68,42"/><T115/><D104/><U103/><E70/><V34/><F121/><W20/><G106/><T95/><D115/><U86/><E113/><V6/><F34/><W33/><G33/><T37/><D126/><U24/><REACH who="1" step="1"/><E87/><REACH who="1" ten="237,70,312,371" step="2"/><V58/><F85/><W84/><G84/><T116/><D71/><U41/><E41/><V16/><F124/><W96/><G43/><T123/><D123/><U81/><E81/><V17/><F119/><W53/><G42/><T67/><D116/><U60/><AGARI ba="1,1" hai="24,25,26,28,31,52,59,60,86,90,92,99,103,107" machi="60" ten="30,7900,0" yaku="1,1,0,1,52,1,54,1,53,0" doraHai="83" doraHaiUra="9" who="1" fromWho="1" sc="237,-40,70,92,312,-21,371,-21" />
</Scene>
<Scene>
<INIT seed="5,0,0,0,0,71" ten="197,162,291,350" oya="1" hai0="89,34,20,103,131,31,33,51,49,52,18,37,75" hai1="59,9,27,50,28,0,13,58,47,61,56,86,134" hai2="92,16,45,32,112,110,15,119,79,90,97,39,128" hai3="126,26,82,5,43,104,66,111,17,105,91,84,12"/><U129/><E129/><V62/><F110/><W30/><G111/><T68/><D68/><U41/><E134/><V117/><F128/><W72/><G5/><T85/><D75/><U123/><E0/><V73/><F32/><W22/><G72/><T74/><D74/><U24/><E123/><V101/><F112/><W63/><G43/><T8/><D131/><U70/><E86/><V11/><F62/><W3/><G3/><T100/><D37/><U130/><E130/><V94/><F79/><W1/><G1/><T25/><D33/><U121/><E121/><V88/><F73/><W2/><G2/><T40/><D40/><U76/><E76/><V36/><F101/><W44/><G44/><N who="0" m="27687" /><D51/><U125/><E125/><V96/><F45/><W120/><G126/><T95/><D34/><U38/><E28/><V54/><F54/><W53/><G53/><T135/><D135/><U42/><E42/><V48/><F48/><W64/><G64/><T19/><D31/><U46/><E46/><V69/><F69/><W35/><G120/><T77/><D77/><U65/><REACH who="1" step="1"/><E50/><REACH who="1" ten="197,152,291,350" step="2"/><V14/><F119/><W87/><G84/><T132/><D132/><U113/><E113/><V29/><F117/><W23/><G35/><T115/><D115/><U133/><E133/><V102/><F29/><W10/><G30/><T7/><D7/><AGARI ba="0,1" hai="7,9,13,24,27,38,41,47,56,58,59,61,65,70" machi="7" ten="40,3900,0" yaku="1,1,52,1,53,0" doraHai="71" doraHaiUra="108" who="1" fromWho="0" sc="197,-39,152,49,291,0,350,0" />
</Scene>
<Scene>
<INIT seed="5,1,0,0,2,50" ten="158,201,291,350" oya="1" hai0="16,17,8,30,92,121,108,134,67,98,122,43,102" hai1="64,74,61,103,129,94,110,118,130,15,60,42,13" hai2="11,119,72,105,93,32,3,7,71,81,111,40,28" hai3="35,41,62,47,76,25,49,83,57,84,125,117,33"/><U123/><E123/><N who="0" m="47113" /><D108/><U56/><E110/><V46/><F93/><W29/><G125/><T1/><D134/><U104/><E104/><V26/><F111/><W113/><G113/><T109/><D109/><U112/><E74/><V2/><F119/><W18/><G117/><T114/><D114/><U4/><E118/><V19/><F19/><N who="0" m="7242" /><D43/><U75/><E112/><V22/><F22/><W80/><G18/><T89/><D67/><U73/><E42/><V36/><F71/><W77/><G35/><T37/><D37/><U86/><E61/><V63/><F63/><W126/><G126/><T68/><D68/><U131/><E4/><V115/><F115/><W55/><G80/><T59/><D30/><U100/><E75/><V135/><F135/><W6/><G6/><N who="0" m="1103" /><D59/><U44/><E73/><V120/><F105/><W107/><G107/><T12/><D12/><N who="1" m="4683" /><E44/><V91/><F120/><W70/><G70/><T99/><D102/><U87/><E103/><V97/><F3/><W31/><G31/><T85/><AGARI ba="1,0" hai="85,89,92,98,99" m="1103,7242,47113" machi="85" ten="30,2000,0" yaku="13,1,54,1" doraHai="50" who="0" fromWho="0" sc="158,23,201,-11,291,-6,350,-6" />
</Scene>
<Scene>
<INIT seed="6,0,0,3,3,114" ten="181,190,285,344" oya="2" hai0="131,127,40,10,68,45,111,67,15,110,56,126,77" hai1="50,104,34,73,76,23,70,2,17,75,132,6,84" hai2="92,135,11,30,98,85,42,53,28,61,35,52,112" hai3="95,25,118,124,19,39,22,63,41,122,72,27,4"/><V81/><F112/><W96/><G122/><T94/><D68/><U46/><E34/><V8/><F42/><W47/><G118/><T109/><D77/><U99/><E132/><V121/><F121/><W117/><G117/><T90/><D131/><U93/><E70/><V49/><F61/><W20/><G124/><N who="0" m="47659" /><D56/><U91/><E6/><V130/><F130/><W78/><G4/><N who="0" m="3527" /><D67/><U55/><E2/><V119/><F119/><W60/><G78/><T128/><D128/><U123/><E123/><V80/><F135/><W58/><G72/><T66/><D66/><U129/><E129/><V88/><F80/><W103/><REACH who="3" step="1"/><G58/><REACH who="3" ten="181,190,285,334" step="2"/><T116/><D116/><U43/><E76/><N who="2" m="46247" /><F35/><W64/><G64/><T7/><D7/><U1/><E75/><V5/><F5/><W26/><G26/><T16/><D111/><U107/><E73/><V0/><F0/><W125/><G125/><T108/><D108/><U89/><E1/><V120/><F120/><W24/><G24/><T21/><D110/><U97/><E104/><V31/><F53/><W32/><G32/><T29/><D109/><U38/><E107/><V71/><F71/><W69/><G69/><T65/><D65/><U44/><REACH who="1" step="1"/><E91/><REACH who="1" ten="181,180,285,334" step="2"/><V83/><F88/><W113/><G113/><T13/><D90/><U36/><E36/><V86/><F83/><W62/><G62/><T101/><D94/><U115/><E115/><V14/><F92/><W57/><G57/><T48/><D101/><U82/><E82/><V133/><F133/><W51/><G51/><T134/><D134/><U59/><E59/><V74/><F49/><RYUUKYOKU ba="0,2" sc="181,10,180,10,285,-30,334,10" hai0="13,16,21,29,40,45,48" hai1="17,23,38,43,44,46,50,55,84,89,93,97,99" hai3="19,20,22,25,27,39,41,47,60,63,95,96,103" />
</Scene>
<Scene>
<INIT seed="7,1,2,0,0,89" ten="191,190,255,344" oya="3" hai0="28,30,50,64,78,11,21,129,132,22,29,119,103" hai1="95,76,33,99,81,120,130,9,26,57,25,63,44" hai2="67,15,8,86,135,77,62,60,97,2,6,117,98" hai3="87,105,124,73,116,88,113,55,32,112,42,23,83"/><W13/><G116/><T108/><D119/><U111/><E120/><V66/><F117/><W39/><G32/><T100/><D108/><U41/><E111/><V80/><F2/><W92/><G105/><T121/><D121/><U122/><E130/><V125/><F135/><W46/><G124/><T31/><D132/><U14/><E122/><V12/><F12/><W10/><G23/><N who="0" m="8715" /><D129/><U65/><E33/><V27/><F27/><W94/><G55/><T53/><D30/><U134/><E134/><V47/><F47/><W74/><G74/><T35/><D35/><U40/><E76/><V61/><F125/><W128/><G128/><T45/><D64/><AGARI ba="1,2" hai="6,8,15,60,61,62,64,66,67,77,80,86,97,98" machi="64" ten="40,1300,0" yaku="8,1" doraHai="89" who="2" fromWho="0" sc="191,-16,190,0,255,36,344,0" owari="175,-32.0,190,-21.0,291,9.0,344,44.0" />
</Scene>
</mjloggm>