<mjloggm ver="2.3"><GO type="169" lobby="0"/><UN n0="%E9%87%8E%E3%80%85%E5%AE%AE%E8%97%8D" n1="%E3%83%94%E3%82%AB%E5%90%BE%E9%83%8E" n2="%E3%82%AB%E3%83%9C%E3%83%81%E3%83%A3%E3%82%BF%E3%83%8D" n3="%E5%A4%AA%E3%81%8F%E3%81%AA%E3%81%84%E3%81%8A" dan="16,16,17,18" rate="2037.77,2118.83,2138.57,2257.84" sx="F,M,M,M"/><TAIKYOKU oya="0"/>

<Scene>
<INIT seed="0,0,0,0,0,64" ten="250,250,250,250" oya="0" hai0="84,114,115,8,72,99,96,93,26,55,34,30,132" hai1="80,83,3,35,78,122,128,0,119,107,24,22,40" hai2="39,15,65,56,14,81,20,82,11,125,126,5,90" hai3="131,123,110,76,47,121,6,89,130,73,60,36,54"/><T112/><D72/><U4/><E35/><V19/><F39/><W66/><G6/><T116/><D116/><U2/><E107/><V104/><F104/><W62/><G89/><T109/><D132/><U127/><E122/><N who="3" m="46602" /><G76/><T86/><D109/><U103/><E103/><V92/><F125/><W29/><G29/><T118/><D118/><U124/><E119/><V117/><F117/><W134/><G73/><T79/><D79/><U42/><E4/><V71/><F126/><N who="1" m="48169" /><E128/><N who="3" m="49194" /><G110/><T97/><D93/><U129/><E129/><V75/><F75/><W67/><G134/><T16/><REACH who="0" step="1"/><D55/><REACH who="0" ten="240,250,250,250" step="2"/><U32/><E78/><V23/><F92/><W52/><G36/><T31/><D31/><N who="1" m="19559" /><E83/><V135/><F135/><W102/><G102/><T77/><D77/><U41/><E80/><V106/><F106/><W12/><G54/><T7/><D7/><U68/><E42/><V21/><F82/><W57/><G47/><T91/><D91/><U38/><E38/><V108/><F90/><W25/><G52/><T18/><D18/><U94/><E41/><V49/><F81/><W87/><G87/><T85/><D85/><U51/><E94/><V58/><F108/><W69/><G25/><T45/><D45/><U33/><E40/><V9/><REACH who="2" step="1"/><F49/><REACH who="2" ten="240,250,240,250" step="2"/><W53/><G53/><T63/><D63/><AGARI ba="0,2" hai="5,9,11,14,15,19,20,21,23,56,58,63,65,71" machi="63" ten="40,5200,0" yaku="1,1,2,1,52,1,53,0" doraHai="64" doraHaiUra="100" who="2" fromWho="0" sc="240,-52,250,0,240,72,250,0" />
</Scene>
<Scene>
<INIT seed="1,0,0,3,1,78" ten="188,250,312,250" oya="1" hai0="101,32,87,90,102,22,127,120,132,64,58,41,1" hai1="96,49,52,84,46,18,48,110,105,60,69,17,81" hai2="121,76,85,59,106,72,63,3,4,92,45,93,112" hai3="44,33,36,38,26,28,126,89,34,113,29,91,134"/><U129/><E129/><V24/><F121/><W124/><G44/><T8/><D32/><U97/><E110/><V82/><F106/><W14/><G14/><T54/><D120/><U39/><E39/><V10/><F112/><W30/><G113/><T131/><D131/><U25/><E105/><V50/><F24/><W47/><G134/><T27/><D132/><U75/><E75/><V74/><F74/><W0/><G0/><T109/><D109/><U7/><E7/><V104/><F104/><W73/><G73/><T11/><D64/><U13/><E60/><V62/><F72/><W77/><G77/><T21/><D41/><N who="1" m="24655" /><E25/><V118/><F118/><W80/><G26/><T86/><D86/><U23/><E18/><V99/><F59/><W130/><G130/><T40/><D40/><U115/><E69/><V71/><F71/><W66/><G66/><T122/><D21/><U5/><E5/><V79/><F63/><W125/><G47/><T98/><D1/><U35/><E35/><N who="3" m="13322" /><G36/><T51/><D122/><U111/><E111/><V128/><F128/><W68/><G38/><T56/><D56/><N who="1" m="32783" /><E115/><V123/><F123/><W108/><G68/><T117/><D117/><U100/><E100/><V94/><F62/><W53/><G108/><T133/><D102/><U42/><E42/><V61/><F61/><W57/><G57/><T55/><D58/><U9/><E23/><V37/><F37/><W135/><G135/><T114/><D133/><U12/><E13/><V6/><F6/><W119/><G119/><T31/><D114/><U43/><E43/><V15/><F3/><RYUUKYOKU ba="0,0" sc="188,-10,250,30,312,-10,250,-10" hai1="9,12,17,81,84,96,97" />
</Scene>
<Scene>
<INIT seed="1,1,0,3,2,62" ten="178,280,302,240" oya="1" hai0="41,71,135,64,57,39,104,42,72,63,48,119,66" hai1="2,8,36,43,59,123,114,129,0,20,68,9,130" hai2="94,61,31,27,84,111,67,11,106,102,51,60,77" hai3="80,4,40,133,83,82,115,52,117,79,74,15,99"/><U37/><E68/><V91/><F111/><W78/><G115/><T96/><D72/><U88/><E114/><V10/><F60/><W32/><G32/><T50/><D104/><U76/><E76/><V7/><F77/><W73/><G83/><T47/><D96/><U107/><E107/><V21/><F51/><N who="0" m="19498" /><D119/><U26/><E59/><N who="2" m="37311" /><F106/><W19/><G4/><T70/><D135/><U46/><E37/><V105/><F105/><W87/><G87/><T28/><D28/><U44/><E44/><V58/><F58/><W86/><G86/><T1/><D1/><U110/><E123/><V100/><F7/><W49/><G99/><T90/><D90/><U127/><E88/><V33/><F33/><W85/><G85/><T14/><D14/><U101/><E101/><AGARI ba="1,0" hai="10,11,21,27,31,84,91,94,100,101,102" m="37311" machi="101" ten="30,2000,0" yaku="8,1,52,1" doraHai="62" who="2" fromWho="1" sc="178,0,280,-23,302,23,240,0" />
</Scene>
<Scene>
<INIT seed="2,0,0,4,0,123" ten="178,257,325,240" oya="2" hai0="103,119,68,110,58,115,8,37,50,73,44,69,11" hai1="33,64,130,134,70,100,5,80,104,36,77,135,78" hai2="129,59,39,102,54,101,32,55,34,92,27,105,107" hai3="25,16,14,65,63,124,40,128,17,85,90,126,35"/><V45/><F129/><W72/><G72/><T96/><D115/><U20/><E36/><V31/><F34/><W71/><G40/><T84/><D73/><U60/><E130/><V56/><F39/><W43/><G43/><T18/><D37/><U74/><E78/><V41/><F92/><W109/><G128/><T66/><D119/><U38/><E20/><V133/><F133/><W22/><G109/><T12/><D110/><U13/><E38/><V93/><F41/><W114/><G114/><T125/><D125/><U28/><E13/><V26/><F45/><W99/><G99/><T46/><D46/><U29/><E5/><V4/><F4/><W79/><G79/><T42/><D84/><U89/><E89/><V88/><F93/><W116/><G116/><T1/><D1/><U6/><E6/><V30/><F32/><W62/><G62/><T9/><D58/><U3/><E3/><V24/><REACH who="2" step="1"/><F27/><REACH who="2" ten="178,257,315,240" step="2"/><W19/><G35/><T131/><D131/><U75/><E33/><V132/><F132/><N who="1" m="50729" /><E75/><V87/><F87/><W53/><G25/><T49/><D42/><U10/><E104/><V120/><F120/><W7/><G7/><T121/><D121/><U106/><E106/><V97/><F97/><W117/><G117/><T47/><D47/><U83/><E83/><V15/><F15/><W86/><G86/><T81/><D44/><U94/><E94/><V113/><F113/><W82/><G126/><T91/><D81/><U48/><E80/><V0/><F0/><W108/><G124/><T95/><D95/><U52/><E74/><V2/><F2/><RYUUKYOKU ba="0,1" sc="178,-10,257,-10,315,30,240,-10" hai2="24,26,30,31,54,55,56,59,88,101,102,105,107" />
</Scene>
<Scene>
<INIT seed="2,1,1,4,4,40" ten="168,247,345,230" oya="2" hai0="4,28,116,62,75,124,105,108,31,25,48,86,107" hai1="100,42,0,65,22,21,79,106,26,52,70,132,3" hai2="99,30,43,61,13,36,12,121,122,67,66,80,95" hai3="77,7,133,87,135,53,24,97,33,96,83,88,103"/><V38/><F30/><W73/><G7/><T51/><D75/><U11/><E79/><V71/><F67/><W69/><G69/><T109/><D124/><U55/><E132/><N who="3" m="50762" /><G53/><T110/><D116/><U34/><E42/><V111/><F80/><N who="3" m="45103" /><G24/><T47/><D51/><U118/><E22/><V8/><F13/><W92/><G33/><T37/><D37/><U94/><E94/><V10/><F10/><W93/><G97/><T29/><D4/><N who="1" m="1415" /><E21/><V120/><F12/><W98/><G96/><T15/><D15/><U134/><E118/><V102/><F8/><W57/><G57/><T64/><D86/><U16/><E3/><V23/><F23/><W101/><G101/><T20/><D31/><N who="1" m="19831" /><E16/><V130/><F102/><W76/><G76/><T113/><D29/><U32/><E32/><V1/><F1/><W49/><G49/><T54/><REACH who="0" step="1"/><D113/><REACH who="0" ten="158,247,345,230" step="2"/><U5/><E134/><V9/><F36/><W45/><G45/><T35/><D35/><U72/><E5/><V6/><F6/><W58/><G58/><AGARI ba="1,2" hai="20,25,28,47,48,54,58,62,64,105,107,108,109,110" machi="58" ten="40,8000,1" yaku="1,1,14,1,52,1,53,1" doraHai="40" doraHaiUra="56" who="0" fromWho="3" sc="158,103,247,0,345,0,230,-83" />
</Scene>
<Scene>
<INIT seed="3,0,0,2,0,15" ten="261,247,345,147" oya="3" hai0="117,18,67,23,26,24,105,56,25,87,78,113,115" hai1="118,13,14,89,39,127,93,12,122,7,100,107,34" hai2="6,123,38,28,129,30,102,35,116,73,82,131,94" hai3="126,133,1,88,22,37,4,72,42,132,36,62,97"/><W59/><G72/><T8/><D117/><U124/><E39/><V31/><F116/><W95/><G126/><N who="1" m="48170" /><E118/><V77/><F123/><W57/><G1/><T110/><D105/><U135/><E34/><V20/><F35/><W75/><G75/><T3/><D110/><U51/><E100/><V68/><F38/><W43/><G4/><T29/><D3/><U52/><E107/><V96/><F6/><W9/><G9/><T44/><D44/><N who="1" m="27751" /><E135/><N who="3" m="51786" /><G57/><T120/><D120/><U69/><E69/><V83/><F68/><W50/><G22/><T46/><D46/><U99/><E122/><V0/><F0/><W71/><G71/><T32/><D8/><AGARI ba="0,0" hai="7,8,12,13,14,89,93,99" m="27751,48170" machi="8" ten="30,2000,0" yaku="18,1,54,1" doraHai="15" who="1" fromWho="0" sc="261,-20,247,20,345,0,147,0" />
</Scene>
<Scene>
<INIT seed="4,0,0,3,0,52" ten="241,267,345,147" oya="0" hai0="9,72,21,87,85,11,93,79,12,31,101,15,127" hai1="13,91,8,47,125,2,25,36,113,134,103,4,133" hai2="62,92,58,124,50,115,23,108,98,117,107,90,45" hai3="88,78,53,46,34,42,28,60,75,57,35,131,64"/><T0/><D127/><U71/><E71/><V102/><F124/><W114/><G114/><T129/><D129/><U82/><E125/><V63/><F115/><W30/><G131/><T77/><D0/><U70/><E70/><V104/><F108/><W119/><G119/><T126/><D72/><U29/><E103/><V16/><F117/><W55/><G78/><N who="0" m="29707" /><D126/><U69/><E69/><V116/><F116/><W76/><G76/><T48/><D48/><U112/><E2/><V39/><F63/><W7/><G75/><T89/><D101/><U43/><E91/><V100/><F104/><W3/><G3/><T122/><D85/><U66/><E82/><V110/><F39/><W99/><G7/><T38/><D38/><U26/><E66/><N who="2" m="39255" /><F110/><W24/><G99/><T19/><D31/><U32/><E26/><N who="2" m="14695" /><F107/><W123/><G123/><T105/><D105/><U54/><E112/><V132/><F132/><N who="1" m="50793" /><E113/><V130/><F130/><W41/><G88/><T6/><D122/><U14/><E13/><V49/><F49/><W17/><G35/><T68/><D68/><U94/><E94/><V74/><F74/><W37/><G37/><T135/><D135/><U96/><E96/><V40/><AGARI ba="0,0" hai="40,45,50,90,92,98,100,102" m="14695,39255" machi="40" ten="30,4000,0" yaku="8,1,52,1,54,1" doraHai="52" who="2" fromWho="2" sc="241,-20,267,-10,345,40,147,-10" />
</Scene>
<Scene>
<INIT seed="5,0,0,2,1,110" ten="221,257,385,137" oya="1" hai0="42,14,68,18,116,98,8,11,75,17,113,0,71" hai1="9,41,47,76,36,40,126,66,70,132,115,121,51" hai2="31,97,123,49,19,78,69,37,62,56,22,55,129" hai3="83,87,108,89,12,23,82,107,117,84,96,30,99"/><U35/><E35/><V86/><F123/><W26/><G108/><T4/><D116/><U15/><E121/><V25/><F37/><W28/><G117/><T24/><D75/><U32/><E32/><V80/><F129/><W44/><G107/><T57/><D42/><U27/><E27/><V10/><F97/><W91/><G30/><T59/><D113/><U127/><E115/><V34/><F34/><W3/><G3/><T60/><D57/><U104/><E104/><V6/><F19/><W21/><G21/><T100/><D24/><U124/><E76/><V53/><F69/><W102/><G102/><T79/><D18/><U43/><E132/><V29/><F29/><W118/><G118/><T20/><D8/><U72/><E72/><V88/><F78/><W103/><G103/><T92/><REACH who="0" step="1"/><D79/><REACH who="0" ten="211,257,385,137" step="2"/><U133/><E133/><V119/><F119/><W74/><G74/><T81/><D81/><U1/><E36/><V101/><F80/><W67/><G44/><T131/><D131/><U7/><E43/><V106/><F25/><W33/><G33/><T54/><AGARI ba="0,1" hai="0,4,11,14,17,20,54,59,60,68,71,92,98,100" machi="54" ten="20,2700,0" yaku="1,1,0,1,7,1,53,0" doraHai="110" doraHaiUra="134" who="0" fromWho="0" sc="211,37,257,-13,385,-7,137,-7" />
</Scene>
<Scene>
<INIT seed="6,0,0,3,5,31" ten="248,244,378,130" oya="2" hai0="117,39,121,101,25,23,12,90,95,57,36,45,62" hai1="126,53,115,32,42,52,97,26,9,74,107,5,6" hai2="71,50,2,70,94,51,16,118,102,132,103,20,99" hai3="81,120,49,10,129,7,108,17,67,83,59,28,40"/><V76/><F118/><W130/><G108/><T0/><D0/><U113/><E74/><V37/><F37/><W75/><G120/><T8/><D121/><U133/><E42/><V77/><F2/><W128/><G17/><T104/><D45/><U100/><E126/><V29/><F29/><W105/><G105/><T64/><D104/><U14/><E6/><V24/><F132/><W56/><G28/><N who="0" m="17471" /><D90/><U35/><E26/><V119/><F119/><W89/><G75/><T68/><D68/><U15/><E15/><V11/><F71/><W135/><G135/><T65/><D65/><U91/><E91/><N who="2" m="55775" /><F70/><W134/><G134/><T72/><D72/><U46/><E133/><V54/><F51/><W19/><G19/><N who="0" m="8583" /><D117/><U63/><E46/><N who="2" m="27991" /><F11/><W98/><G40/><T48/><D48/><U18/><E5/><V22/><F22/><W30/><G49/><T114/><D114/><N who="1" m="43531" /><E63/><V112/><F112/><W58/><G30/><T88/><D88/><U86/><E86/><V85/><F85/><W44/><G44/><T4/><D4/><U3/><E3/><V69/><F69/><W41/><G41/><T131/><D36/><U55/><AGARI ba="0,0" hai="9,14,18,32,35,52,53,55,97,100,107" m="43531" machi="55" ten="30,7900,0" yaku="15,1,52,2,54,1" doraHai="31" who="1" fromWho="1" sc="248,-20,244,79,378,-39,130,-20" />
</Scene>
<Scene>
<INIT seed="7,0,0,5,5,83" ten="228,323,339,110" oya="3" hai0="93,37,77,6,9,108,114,0,82,18,69,46,81" hai1="2,30,80,88,56,75,44,60,43,62,85,109,74" hai2="134,78,38,87,89,53,119,107,99,49,25,102,59" hai3="117,35,122,12,41,11,96,115,72,90,71,7,120"/><W1/><G117/><T47/><D108/><U28/><E2/><V73/><F134/><W86/><G72/><T95/><D69/><U68/><E109/><V51/><F38/><W135/><G71/><T79/><D114/><U61/><E56/><V101/><F101/><W97/><G35/><T15/><D81/><U129/><E68/><V20/><F119/><W100/><G115/><T32/><D32/><U64/><E64/><V67/><F67/><W36/><G135/><T66/><D66/><U24/><E129/><V132/><F132/><W110/><G110/><T17/><D79/><U50/><REACH who="1" step="1"/><E30/><REACH who="1" ten="228,313,339,110" step="2"/><V26/><F20/><AGARI ba="0,1" hai="20,24,28,43,44,50,60,61,62,74,75,80,85,88" machi="20" ten="40,8000,1" yaku="1,1,2,1,52,1,54,1,53,0" doraHai="83" doraHaiUra="4" who="1" fromWho="2" sc="228,0,313,90,339,-80,110,0" owari="228,-17.0,403,50.0,259,6.0,110,-39.0" />
</Scene>
</mjloggm>