<mjloggm ver="2.3"><GO type="169" lobby="0"/><UN n0="%E6%9D%8E%E7%A9%8E%E8%97%8D" n1="%6B%77%5F%67%69%66%75" n2="%79%75%6D%69%6B%69%6B%61" n3="%E5%A4%AA%E3%81%8F%E3%81%AA%E3%81%84%E3%81%8A" dan="17,16,17,19" rate="2125.88,2066.32,2127.54,2288.34" sx="M,M,M,F"/><TAIKYOKU oya="0"/>

<Scene>
<INIT seed="0,0,0,0,3,0" ten="250,250,250,250" oya="0" hai0="115,83,63,91,92,45,25,57,50,8,2,49,87" hai1="16,56,122,12,82,23,33,46,103,30,26,24,48" hai2="98,6,76,84,72,32,130,123,90,34,17,131,102" hai3="97,95,39,111,113,114,31,1,43,86,21,117,9"/><T67/><D115/><U53/><E122/><V62/><F123/><W61/><G117/><T133/><D133/><U109/><E109/><V13/><F62/><W107/><G107/><T106/><D106/><U105/><E82/><V116/><F116/><W18/><G111/><T128/><D128/><N who="2" m="49194" /><F6/><W88/><G31/><T112/><D112/><U40/><E105/><N who="2" m="63703" /><F76/><W29/><G29/><T129/><D129/><U60/><REACH who="1" step="1"/><E103/><REACH who="1" ten="250,240,250,250" step="2"/><V96/><F72/><W125/><G114/><T19/><D83/><U124/><E124/><V36/><F96/><W134/><G97/><T35/><D92/><U79/><E79/><V94/><F36/><W65/><G125/><T85/><D87/><U42/><E42/><V11/><AGARI ba="0,1" hai="11,13,17,32,34,84,90,94" m="63703,49194" machi="11" ten="30,1100,0" yaku="19,1" doraHai="0" who="2" fromWho="2" sc="250,-5,240,-3,250,21,250,-3" />
</Scene>
<Scene>
<INIT seed="1,0,0,4,2,8" ten="245,237,271,247" oya="1" hai0="93,50,80,96,28,62,30,65,94,58,104,56,102" hai1="57,135,91,54,49,32,99,52,103,124,128,35,97" hai2="36,16,88,133,87,81,83,29,116,84,122,61,47" hai3="89,64,98,17,66,117,95,10,111,55,113,85,73"/><U4/><E128/><V25/><F122/><W41/><G73/><T101/><D80/><U78/><E135/><V75/><F133/><W43/><G113/><T67/><D104/><U63/><E124/><V71/><F116/><W42/><G111/><T24/><D24/><U1/><E78/><V115/><F115/><W18/><G117/><T90/><D50/><U130/><E130/><V48/><F36/><W79/><G55/><T44/><D44/><U60/><E1/><V109/><F109/><W3/><G3/><T76/><D76/><U33/><E4/><V22/><F75/><W19/><G10/><T39/><D39/><U9/><E9/><V105/><F105/><W82/><AGARI ba="0,0" hai="17,18,19,41,42,43,64,66,79,82,85,89,95,98" machi="82" ten="40,2700,0" yaku="0,1,8,1" doraHai="8" who="3" fromWho="3" sc="245,-7,237,-13,271,-7,247,27" />
</Scene>
<Scene>
<INIT seed="2,0,0,5,4,49" ten="238,224,264,274" oya="2" hai0="68,17,89,135,98,82,8,102,22,83,64,15,73" hai1="94,55,77,30,32,131,0,70,87,110,111,10,115" hai2="6,97,56,33,36,119,28,51,120,107,26,69,116" hai3="41,12,61,108,14,54,57,7,104,11,125,85,126"/><V13/><F120/><W78/><G104/><T92/><D135/><U58/><E115/><V21/><F36/><W40/><G108/><N who="1" m="41514" /><E70/><V80/><F69/><W60/><G14/><T96/><D73/><U9/><E131/><V46/><F56/><N who="3" m="34839" /><G126/><T72/><D72/><U52/><E0/><V1/><F80/><N who="3" m="47255" /><G125/><T71/><D71/><U44/><E30/><V42/><F107/><W99/><G99/><T91/><D64/><AGARI ba="0,0" hai="7,11,12,40,41,57,61,64" m="47255,34839" machi="64" ten="30,2000,0" yaku="8,1,52,1" doraHai="49" who="3" fromWho="0" sc="238,-20,224,0,264,0,274,20" />
</Scene>
<Scene>
<INIT seed="3,0,0,4,0,64" ten="218,224,264,294" oya="3" hai0="54,106,85,33,71,111,19,25,45,93,87,34,125" hai1="15,121,107,36,11,12,97,53,41,9,32,63,17" hai2="20,120,116,1,127,133,89,66,0,90,6,56,113" hai3="46,47,48,84,88,134,86,104,74,112,60,14,55"/><W44/><G74/><T67/><D106/><U51/><E32/><V126/><F116/><W39/><G112/><T72/><D72/><U119/><E121/><V30/><F113/><W50/><G104/><T40/><D111/><U5/><E119/><V83/><F120/><W123/><G123/><T103/><D54/><U115/><E115/><V3/><F6/><W108/><G134/><T77/><D125/><N who="2" m="47626" /><F83/><W28/><G28/><T42/><D42/><U62/><E41/><V117/><F133/><W135/><G135/><T130/><D130/><U57/><REACH who="1" step="1"/><E36/><REACH who="1" ten="218,214,264,294" step="2"/><V58/><F117/><W105/><G39/><T96/><D34/><U76/><E76/><V8/><F3/><W98/><G108/><T37/><D77/><U132/><E132/><V69/><F1/><W102/><G14/><T92/><D33/><U81/><E81/><V80/><F80/><W124/><G124/><T29/><D37/><U99/><E99/><V91/><F0/><W129/><G129/><T43/><D96/><U38/><E38/><V4/><F4/><W101/><G101/><AGARI ba="0,1" hai="5,9,11,12,15,17,51,53,57,62,63,97,101,107" machi="101" ten="40,2600,0" yaku="1,1,53,1" doraHai="64" doraHaiUra="13" who="1" fromWho="3" sc="218,0,214,36,264,0,294,-26" />
</Scene>
<Scene>
<INIT seed="4,0,0,5,4,14" ten="218,250,264,268" oya="0" hai0="99,116,66,117,98,11,108,5,7,128,63,51,124" hai1="100,6,49,24,87,13,85,58,122,47,22,52,131" hai2="79,36,86,96,78,43,104,133,119,18,120,109,110" hai3="105,29,70,10,38,83,26,102,72,97,65,95,59"/><T1/><D128/><U69/><E69/><V0/><F120/><W74/><G38/><T50/><D124/><U4/><E122/><V31/><F0/><W101/><G10/><T44/><D108/><U2/><E2/><V9/><F31/><W107/><G83/><T113/><D113/><U118/><E118/><V56/><F133/><W135/><G135/><T27/><D7/><N who="1" m="2603" /><E100/><V90/><F119/><W75/><G101/><T64/><D51/><N who="1" m="31007" /><E13/><V60/><F36/><W28/><G70/><T94/><D116/><U77/><E77/><V62/><F79/><W112/><G29/><T46/><D117/><U111/><E111/><V73/><F78/><W114/><G105/><T129/><D129/><U126/><E126/><V45/><F73/><W89/><G107/><T17/><D46/><U68/><E68/><V91/><F104/><W82/><G102/><T8/><D1/><U35/><E35/><V20/><F45/><W3/><G3/><T30/><D44/><U93/><E93/><V132/><F132/><W16/><G16/><T103/><BYE who="3" /><D5/><U54/><E131/><V134/><F18/><AGARI ba="0,0" hai="18,22,24,47,49,54,85,87" m="31007,2603" machi="18" ten="30,3900,0" yaku="8,1,52,1,54,1" doraHai="14" who="1" fromWho="2" sc="218,0,250,39,264,-39,268,0" />
</Scene>
<Scene>
<INIT seed="5,0,0,4,1,130" ten="218,289,225,268" oya="1" hai0="57,132,67,86,12,82,11,61,104,49,112,101,81" hai1="8,14,80,100,28,90,117,93,113,83,9,115,134" hai2="7,125,25,98,95,56,13,124,0,109,126,37,36" hai3="42,32,73,78,105,87,89,69,119,4,2,77,135"/><U5/><E117/><V65/><F0/><W54/><G54/><T58/><D112/><N who="1" m="43083" /><E100/><UN n3="%E5%A4%AA%E3%81%8F%E3%81%AA%E3%81%84%E3%81%8A" /><V118/><F118/><W122/><G69/><T63/><D49/><U127/><E28/><V59/><F109/><W68/><G68/><T72/><D72/><U51/><E51/><V6/><F25/><W39/><G105/><T94/><D104/><U133/><E9/><N who="2" m="4279" /><F7/><W75/><G4/><T31/><D31/><U107/><E107/><V43/><F65/><W26/><G119/><T24/><D24/><U99/><E127/><N who="2" m="32515" /><V121/><DORA hai="44" /><F121/><W38/><G122/><T21/><D67/><U1/><E1/><V70/><F70/><W29/><G2/><T111/><D111/><U71/><E71/><V96/><F96/><W19/><G29/><T10/><D12/><U41/><E41/><V64/><F64/><W74/><G26/><T3/><D3/><U45/><E45/><N who="2" m="23783" /><F37/><W85/><G39/><T47/><D47/><U84/><E99/><V103/><AGARI ba="0,0" hai="56,59,95,98,103" m="23783,32515,4279" machi="103" ten="40,1500,0" yaku="18,1" doraHai="130,44" who="2" fromWho="2" sc="218,-4,289,-7,225,15,268,-4" />
</Scene>
<Scene>
<INIT seed="6,0,0,1,1,83" ten="214,282,240,264" oya="2" hai0="81,13,80,89,119,66,97,96,88,108,10,21,57" hai1="90,84,8,41,91,49,11,59,40,58,131,24,27" hai2="50,124,93,134,122,4,51,65,15,130,1,110,26" hai3="129,28,42,62,60,14,29,79,114,55,127,56,86"/><V128/><F1/><W112/><G127/><T37/><D108/><U63/><E131/><N who="2" m="50219" /><F122/><W125/><G125/><T82/><D37/><U75/><E75/><V107/><F107/><W31/><G129/><T44/><D119/><U126/><E91/><N who="0" m="34889" /><D21/><U77/><E77/><V34/><F124/><W120/><G120/><T73/><D44/><N who="1" m="25735" /><E41/><V105/><F105/><W22/><G42/><T46/><D46/><U12/><E59/><V68/><F93/><W48/><G22/><T101/><D101/><U61/><E61/><N who="2" m="39983" /><F134/><W92/><G92/><T30/><D30/><U117/><E117/><V43/><F43/><W16/><G112/><T25/><D25/><N who="1" m="9803" /><E12/><V135/><F135/><W47/><G114/><T98/><D73/><U45/><E45/><V20/><F110/><W18/><G14/><T38/><D38/><U116/><E116/><V102/><F102/><W35/><G35/><T103/><D103/><U52/><E126/><V123/><F123/><W115/><G115/><T113/><D113/><U70/><E70/><V2/><F2/><W95/><G95/><AGARI ba="0,0" hai="8,11,52,58,63,84,90,95" m="9803,25735" machi="95" ten="30,3900,0" yaku="8,1,52,1,54,1" doraHai="83" who="1" fromWho="3" sc="214,0,282,39,240,0,264,-39" />
</Scene>
<Scene>
<INIT seed="7,0,0,3,3,16" ten="214,321,240,225" oya="3" hai0="5,84,78,49,27,31,32,108,131,133,37,63,113" hai1="57,64,112,115,52,102,12,60,4,42,101,114,29" hai2="8,87,51,0,116,120,62,76,123,100,124,93,99" hai3="53,2,7,117,74,56,68,20,135,109,98,129,22"/><W91/><G117/><T9/><D108/><U92/><E42/><V104/><F116/><W3/><G68/><T70/><D37/><U10/><E29/><V15/><F0/><W26/><G74/><T34/><D133/><U103/><E92/><V128/><F62/><W125/><G135/><T58/><D131/><U38/><E38/><V28/><F28/><W95/><G129/><T44/><D70/><U130/><E130/><V13/><F128/><W11/><G109/><T23/><D113/><U71/><E101/><V40/><F124/><W72/><G72/><T50/><D34/><U110/><E110/><V6/><F15/><W127/><G2/><T89/><D78/><U106/><E106/><V69/><F69/><W81/><G81/><N who="0" m="49295" /><D32/><U134/><E134/><V47/><F104/><W97/><G97/><T43/><D50/><AGARI ba="0,0" hai="4,10,12,50,52,57,60,64,71,102,103,112,114,115" machi="50" ten="40,2600,0" yaku="15,1,54,1" doraHai="16" who="1" fromWho="0" sc="214,-26,321,26,240,0,225,0" owari="188,-31.0,347,44.0,240,4.0,225,-17.0" />
</Scene>
</mjloggm>