<mjloggm ver="2.3"><GO type="169" lobby="0"/><UN n0="%7A%65%72%6F%52%58" n1="%E9%88%B4%E4%BD%B3" n2="%E5%A4%AA%E3%81%8F%E3%81%AA%E3%81%84%E3%81%8A" n3="%E7%A2%BA%E8%AA%8D%E4%BA%8B%E9%A0%85" dan="17,17,18,16" rate="2175.71,2214.23,2290.37,2151.67" sx="M,M,M,M"/><TAIKYOKU oya="0"/>

<Scene>
<INIT seed="0,0,0,3,4,124" ten="250,250,250,250" oya="0" hai0="127,126,21,45,27,18,95,8,100,23,110,114,28" hai1="10,78,14,65,2,122,107,48,79,46,26,104,101" hai2="103,115,5,38,75,29,87,98,108,85,69,6,59" hai3="15,84,132,128,63,81,16,80,7,25,43,1,17"/><T119/><D119/><U51/><E122/><V32/><F75/><W121/><G121/><T120/><D120/><U93/><E2/><V70/><F38/><W34/><G132/><T105/><D105/><U113/><E113/><V97/><F115/><W109/><G109/><T44/><D114/><U58/><E107/><V90/><F59/><W55/><G43/><T39/><D8/><U76/><E104/><V134/><F29/><W96/><G96/><N who="0" m="59423" /><D39/><U40/><E26/><V129/><F90/><W49/><G63/><T123/><D123/><U36/><E101/><V91/><F91/><W64/><G64/><T116/><D116/><U41/><E93/><V68/><F68/><W11/><G84/><T118/><D118/><U111/><E111/><V125/><F103/><W3/><G3/><T60/><D60/><U24/><E24/><V71/><F71/><W13/><G1/><T73/><D73/><U57/><E65/><V94/><F108/><W31/><G7/><T53/><D53/><U77/><N who="1" m="19456" /><DORA hai="66" /><U72/><E72/><V12/><F5/><W0/><G0/><T52/><D52/><U67/><E67/><V37/><F6/><W82/><G55/><T61/><D61/><U106/><E106/><V50/><F70/><W86/><G49/><T135/><D135/><U33/><E33/><V88/><F50/><N who="1" m="18985" /><E41/><V92/><F69/><W74/><G74/><T62/><D110/><U20/><E10/><V42/><F134/><W56/><G56/><T54/><D62/><U133/><E133/><V83/><F42/><W30/><G34/><T19/><D54/><RYUUKYOKU ba="0,0" sc="250,-10,250,30,250,-10,250,-10" hai1="14,20,36,40,46,57,58" />
</Scene>
<Scene>
<INIT seed="1,1,0,2,1,128" ten="240,280,240,240" oya="1" hai0="93,50,47,113,86,94,7,77,59,55,22,29,41" hai1="6,1,84,17,62,121,87,51,100,45,125,91,58" hai2="104,118,37,36,129,134,106,8,53,19,4,127,13" hai3="16,112,63,42,115,111,73,98,119,15,83,92,126"/><U65/><E121/><V109/><F118/><W52/><G119/><T117/><D117/><U108/><E125/><V46/><F129/><W69/><G111/><T102/><D113/><U35/><E35/><V132/><F109/><W10/><G126/><T89/><D7/><U27/><E108/><V74/><F74/><W66/><G42/><T24/><D77/><U80/><E100/><V99/><F127/><W70/><G70/><T130/><D130/><U75/><E75/><V131/><F131/><W43/><G43/><T64/><D64/><U44/><E1/><V61/><F4/><W5/><G5/><T105/><D105/><N who="2" m="40554" /><F99/><W2/><G2/><T96/><REACH who="0" step="1"/><D59/><REACH who="0" ten="230,280,240,240" step="2"/><U54/><E6/><V123/><F123/><W90/><G115/><T9/><D9/><U31/><E87/><V82/><F8/><W26/><G112/><T32/><D32/><U28/><E45/><V120/><F46/><W12/><G66/><T71/><D71/><U122/><E122/><V60/><F120/><W14/><G69/><T23/><D23/><AGARI ba="1,1" hai="17,23,27,28,31,44,51,54,58,62,65,80,84,91" machi="23" ten="40,2000,0" yaku="8,1" doraHai="128" who="1" fromWho="0" sc="230,-23,280,33,240,0,240,0" />
</Scene>
<Scene>
<INIT seed="1,2,0,1,1,114" ten="207,313,240,240" oya="1" hai0="8,69,39,31,33,1,106,65,58,50,103,77,108" hai1="34,56,15,52,37,78,122,135,115,94,95,125,66" hai2="118,21,127,18,45,40,100,120,113,32,119,82,19" hai3="10,92,59,2,91,5,121,93,74,64,109,71,54"/><U61/><E115/><V47/><F113/><W25/><G121/><T130/><D39/><U46/><E122/><V22/><F120/><W81/><G109/><T124/><D108/><U0/><E0/><V62/><F32/><W131/><G131/><T132/><D77/><U6/><E34/><V112/><F112/><W73/><G64/><T97/><D130/><U79/><E135/><V86/><F100/><W99/><G71/><T49/><D132/><U48/><E125/><V116/><F62/><W98/><G81/><T30/><D30/><U13/><E37/><V28/><F127/><W68/><G68/><T9/><D124/><U75/><E75/><V80/><F28/><W51/><REACH who="3" step="1"/><G25/><REACH who="3" ten="207,313,240,230" step="2"/><T133/><D69/><U60/><E60/><V24/><F80/><W70/><G70/><T55/><D65/><U53/><E66/><V29/><F40/><W72/><G72/><T35/><D133/><U11/><E15/><V12/><REACH who="2" step="1"/><F29/><REACH who="2" ten="207,313,230,230" step="2"/><W26/><G26/><T111/><D31/><U123/><E123/><V85/><F85/><W117/><G117/><T126/><D126/><U7/><E7/><V129/><F129/><W4/><G4/><T17/><D111/><U102/><E102/><AGARI ba="2,2" hai="2,5,10,51,54,59,73,74,91,92,93,98,99,102" machi="102" ten="30,2000,0" yaku="1,1,7,1,53,0" doraHai="114" doraHaiUra="76" who="3" fromWho="1" sc="207,0,313,-26,230,0,230,46" />
</Scene>
<Scene>
<INIT seed="2,0,0,3,5,1" ten="207,287,230,276" oya="2" hai0="128,118,44,80,127,130,78,101,67,18,112,96,113" hai1="35,93,4,91,62,85,55,114,109,110,103,121,65" hai2="125,131,2,48,87,94,12,86,23,95,104,26,42" hai3="108,106,61,17,22,8,49,13,81,111,5,30,79"/><V68/><F104/><W56/><G106/><T33/><D33/><U99/><E114/><N who="0" m="44137" /><D44/><U41/><E35/><V90/><F2/><W75/><G49/><T129/><D67/><U71/><E121/><V6/><F68/><W88/><G30/><T58/><D58/><U34/><E34/><V7/><F125/><W122/><G122/><T50/><D50/><U73/><E73/><V24/><F131/><W9/><G88/><T54/><D54/><U83/><E41/><V70/><F70/><W57/><G9/><T20/><D20/><U63/><E63/><V116/><F116/><W59/><REACH who="3" step="1"/><G61/><REACH who="3" ten="207,287,230,266" step="2"/><T21/><D118/><U98/><E62/><V66/><F48/><W40/><G40/><T64/><D127/><U52/><E91/><N who="2" m="53623" /><F42/><W14/><AGARI ba="0,1" hai="5,8,13,14,17,22,56,57,59,75,79,81,108,111" machi="14" ten="30,4000,0" yaku="1,1,0,1,52,1,53,0" doraHai="1" doraHaiUra="92" who="3" fromWho="3" sc="207,-10,287,-10,230,-20,266,50" />
</Scene>
<Scene>
<INIT seed="3,0,0,4,5,48" ten="197,277,210,316" oya="3" hai0="83,79,21,53,69,119,132,124,41,68,65,29,22" hai1="50,106,111,105,43,75,34,110,1,49,91,26,94" hai2="11,102,115,99,135,108,2,127,37,130,10,44,0" hai3="57,71,126,84,95,123,45,56,81,35,6,64,89"/><W134/><G123/><T30/><D119/><U15/><E1/><V101/><F115/><W66/><G134/><T36/><D132/><U92/><E75/><V31/><F135/><W60/><G126/><T113/><D124/><U42/><E15/><V109/><F127/><W70/><G35/><T67/><D41/><U39/><E39/><V114/><F114/><W23/><G6/><T86/><D36/><U117/><E34/><V96/><F37/><W116/><G116/><T125/><D125/><U100/><E26/><V12/><F12/><W131/><G131/><T25/><D69/><U74/><E74/><V40/><F40/><W103/><G45/><T20/><D68/><U128/><E117/><V27/><F44/><W3/><G3/><T59/><D113/><U85/><E128/><V8/><F130/><W62/><REACH who="3" step="1"/><G23/><REACH who="3" ten="197,277,210,306" step="2"/><N who="0" m="8779" /><D30/><U4/><E4/><V54/><F31/><W73/><G73/><T18/><D29/><U33/><E33/><V19/><F10/><W9/><G9/><T77/><D79/><U47/><E47/><V107/><F0/><W112/><G112/><T7/><D7/><U16/><E16/><V32/><F2/><W55/><G55/><T118/><D118/><U13/><E43/><V28/><F54/><W93/><G93/><T104/><D104/><U122/><E42/><V129/><F129/><W17/><G17/><T38/><D38/><U97/><E122/><V98/><F107/><W14/><G14/><T24/><D25/><U121/><E13/><N who="2" m="7591" /><F11/><W76/><G76/><T90/><D77/><U46/><E121/><V5/><F5/><RYUUKYOKU ba="0,1" sc="197,10,277,-30,210,10,306,10" hai0="18,22,24,53,59,65,67,83,86,90" hai2="27,28,32,96,98,99,101,102,108,109" hai3="56,57,60,62,64,66,70,71,81,84,89,95,103" />
</Scene>
<Scene>
<INIT seed="3,1,1,4,5,55" ten="207,247,220,316" oya="3" hai0="101,56,25,38,111,3,130,81,97,133,61,95,126" hai1="18,112,26,134,33,99,12,92,8,115,75,113,119" hai2="19,73,77,64,24,86,106,52,110,20,102,72,13" hai3="65,70,31,127,67,118,11,135,14,104,80,87,43"/><W21/><G118/><T121/><D121/><U53/><E75/><V58/><F110/><W22/><G104/><T23/><D38/><U109/><E119/><V46/><F64/><N who="3" m="24651" /><G70/><T105/><D3/><U28/><E109/><V40/><F106/><W60/><G127/><T120/><D120/><U123/><E123/><V7/><F102/><W44/><G31/><T9/><D111/><U2/><E134/><V129/><F129/><W45/><G135/><T82/><D133/><U100/><E2/><V15/><F86/><W51/><G45/><T124/><D9/><U74/><E74/><V131/><F131/><W71/><G60/><T0/><D0/><U79/><E79/><V117/><F117/><W4/><G71/><T17/><D130/><U108/><E108/><V41/><F41/><W93/><G93/><T32/><D32/><U94/><E94/><V5/><F72/><W54/><G54/><N who="0" m="33943" /><D105/><U88/><REACH who="1" step="1"/><E53/><REACH who="1" ten="207,237,220,316" step="2"/><V78/><F73/><W69/><G69/><T76/><D76/><AGARI ba="1,2" hai="4,11,14,21,22,43,44,51,76,80,87" m="24651" machi="76" ten="30,2900,0" yaku="25,1,8,1" doraHai="55" who="3" fromWho="0" sc="207,-32,237,0,220,0,316,52" />
</Scene>
<Scene>
<INIT seed="3,2,0,0,2,38" ten="175,237,220,368" oya="3" hai0="61,43,4,127,19,18,100,40,3,14,95,112,42" hai1="60,57,116,13,1,107,21,129,90,22,23,87,120" hai2="62,15,99,20,74,118,56,0,126,82,32,44,39" hai3="117,66,96,25,51,93,124,76,17,70,114,115,26"/><W31/><G117/><T55/><D3/><U72/><E72/><V41/><F32/><W68/><G124/><T9/><D127/><U59/><E1/><V98/><F126/><W104/><G76/><T79/><D112/><U48/><E120/><V83/><F118/><W37/><G37/><T67/><D79/><U88/><E116/><V85/><F0/><W135/><G135/><T65/><D55/><U108/><E107/><V84/><F74/><W16/><G104/><T6/><D19/><U81/><E108/><V45/><F20/><W130/><G130/><T134/><D134/><U49/><E129/><V36/><F15/><W24/><G31/><T91/><D100/><U121/><E121/><V54/><F84/><W5/><G5/><N who="0" m="2155" /><D61/><U103/><E103/><V34/><F34/><W94/><G26/><T89/><D89/><U125/><E125/><V73/><F73/><W77/><G77/><T75/><D75/><U132/><E132/><V2/><F2/><W131/><G131/><T30/><D30/><U133/><E133/><V102/><F102/><W119/><G119/><T106/><D106/><U101/><E101/><V86/><F54/><W78/><G78/><T8/><D8/><U111/><E111/><V122/><F62/><W33/><G33/><T97/><AGARI ba="2,0" hai="9,14,18,40,42,43,65,67,91,95,97" m="2155" machi="97" ten="30,7900,0" yaku="8,1,52,3" doraHai="38" who="0" fromWho="0" sc="175,85,237,-22,220,-22,368,-41" />
</Scene>
<Scene>
<INIT seed="4,0,0,0,3,135" ten="260,215,198,327" oya="0" hai0="11,13,96,41,26,54,22,16,107,83,87,120,84" hai1="8,59,44,49,24,127,12,27,4,119,47,75,19" hai2="130,68,65,123,30,88,89,111,95,116,86,36,115" hai3="60,134,58,79,56,71,103,132,23,94,35,61,57"/><T105/><D120/><U15/><E119/><V42/><F123/><W98/><G35/><T82/><D41/><U133/><E75/><V37/><F111/><W3/><G3/><T7/><D96/><U62/><E133/><N who="3" m="51306" /><G79/><T110/><D110/><U122/><E122/><V31/><F116/><W32/><G32/><T39/><D39/><U76/><E76/><V40/><F115/><W100/><G71/><T25/><D25/><U33/><E33/><V90/><F130/><W43/><G43/><T21/><D21/><U72/><E72/><V77/><F42/><W108/><G108/><T97/><D97/><U64/><E127/><V73/><F73/><W91/><G23/><T6/><D6/><U131/><E131/><V52/><F65/><N who="3" m="39047" /><G57/><T5/><D5/><U92/><E92/><V121/><F68/><W118/><G118/><T99/><D99/><U114/><E114/><V74/><F121/><W126/><G126/><T125/><D125/><U85/><E85/><N who="0" m="32841" /><D107/><U1/><E1/><V102/><F74/><W17/><G17/><T0/><D105/><U28/><E28/><V38/><F40/><W129/><G129/><T124/><D124/><U101/><E101/><V117/><F117/><W9/><G9/><T81/><D0/><U128/><E128/><V2/><F2/><W29/><G29/><N who="2" m="10761" /><F102/><W48/><G48/><T46/><D46/><N who="1" m="17451" /><E49/><V109/><F109/><W63/><G63/><T45/><D45/><U104/><E104/><V78/><F77/><W106/><G106/><T67/><D67/><AGARI ba="0,0" hai="58,61,67,91,94,98,100,103" m="39047,51306" machi="67" ten="30,1000,0" yaku="20,1" doraHai="135" who="3" fromWho="0" sc="260,-10,215,0,198,0,327,10" />
</Scene>
<Scene>
<INIT seed="5,0,0,1,0,0" ten="250,215,198,337" oya="1" hai0="60,91,118,70,27,82,81,51,41,116,45,42,119" hai1="108,87,126,97,84,44,33,53,95,101,43,32,105" hai2="10,104,93,120,15,79,86,130,106,40,125,35,69" hai3="110,14,55,31,66,114,48,63,89,64,11,7,57"/><U74/><E74/><V38/><F120/><W1/><G110/><T54/><D27/><U96/><E126/><V68/><F35/><W122/><G122/><T90/><D70/><U12/><E108/><V83/><F125/><W78/><G114/><T61/><D54/><U109/><E109/><V121/><F121/><W111/><G111/><T56/><D56/><U72/><E72/><V71/><F130/><W3/><G78/><T9/><D9/><U19/><E53/><V58/><F58/><W128/><G128/><T77/><D41/><U8/><E33/><V17/><REACH who="2" step="1"/><F93/><REACH who="2" ten="250,215,188,337" step="2"/><W36/><G57/><T103/><D119/><U59/><E59/><V135/><F135/><W34/><G34/><T129/><D129/><U132/><E32/><V107/><F107/><W100/><G64/><T75/><D118/><U127/><E132/><V28/><F28/><W30/><G31/><T21/><D116/><U113/><E127/><V134/><F134/><W133/><G30/><T4/><D45/><AGARI ba="0,1" hai="10,15,17,38,40,45,68,69,71,79,83,86,104,106" machi="45" ten="40,1300,0" yaku="1,1,53,0" doraHai="0" doraHaiUra="115" who="2" fromWho="0" sc="250,-13,215,0,188,23,337,0" />
</Scene>
<Scene>
<INIT seed="6,0,0,4,3,16" ten="237,215,211,337" oya="2" hai0="35,58,1,135,118,28,46,34,87,132,67,60,103" hai1="79,84,31,41,22,48,101,2,27,108,38,128,125" hai2="14,69,80,113,89,51,97,71,93,17,3,114,83" hai3="5,72,126,74,110,9,8,15,119,59,96,64,98"/><V36/><F36/><W20/><G110/><T25/><D1/><U33/><E108/><V24/><F3/><W116/><G64/><T47/><D118/><U76/><E38/><V105/><F105/><W52/><G126/><T82/><D35/><U109/><E109/><V0/><F0/><W30/><G72/><T91/><REACH who="0" step="1"/><D103/><REACH who="0" ten="227,215,211,337" step="2"/><U42/><E2/><V75/><F114/><W92/><G116/><T23/><D23/><U50/><E33/><V117/><F113/><W111/><G20/><T107/><D107/><U66/><E101/><V86/><F117/><W129/><G119/><T115/><D115/><U43/><E125/><V127/><F127/><W21/><G21/><T45/><AGARI ba="0,1" hai="25,28,34,45,46,47,58,60,67,82,87,91,132,135" machi="45" ten="30,4000,0" yaku="1,1,0,1,53,1" doraHai="16" doraHaiUra="78" who="0" fromWho="0" sc="227,50,215,-10,211,-20,337,-10" />
</Scene>
<Scene>
<INIT seed="7,0,0,0,4,30" ten="277,205,191,327" oya="3" hai0="58,17,43,77,22,12,18,55,74,59,108,78,99" hai1="44,87,29,89,94,66,88,120,63,5,39,57,92" hai2="103,33,91,15,47,21,132,0,133,130,3,84,80" hai3="68,54,67,51,114,50,105,127,111,2,31,131,135"/><W45/><G105/><T90/><D108/><U76/><E120/><V27/><F130/><W98/><G2/><N who="2" m="553" /><F103/><W28/><G127/><T134/><D134/><N who="2" m="51818" /><F47/><W6/><G6/><T117/><D117/><U11/><E76/><N who="0" m="29289" /><D74/><U123/><E123/><V112/><F112/><W128/><G114/><T125/><D125/><U26/><E39/><V86/><F86/><W124/><G124/><T46/><D43/><U116/><E116/><V106/><F106/><W40/><G135/><T8/><D46/><U37/><E37/><V60/><F60/><W85/><G45/><T24/><D55/><U109/><E44/><V113/><F113/><W115/><G54/><T4/><D4/><U110/><E5/><V95/><F15/><W35/><G40/><T107/><D107/><U73/><E73/><V83/><F21/><W48/><G115/><T25/><D25/><U93/><E11/><V13/><F13/><W52/><G111/><T129/><D129/><U20/><E94/><AGARI ba="0,0" hai="8,12,17,18,22,24,58,59,90,94,99" m="29289" machi="94" ten="30,1000,0" yaku="8,1" doraHai="30" who="0" fromWho="1" sc="277,10,205,-10,191,0,327,0" owari="287,9.0,195,-20.0,191,-31.0,327,42.0" />
</Scene>
</mjloggm>