<mjloggm ver="2.3"><GO type="169" lobby="0"/><UN n0="%E3%81%B1%E3%83%BC%E3%81%9D%E3%82%93" n1="%E5%A4%AA%E3%81%8F%E3%81%AA%E3%81%84%E3%81%8A" n2="%E3%83%95%E3%83%AA%E3%83%BC%E3%82%B6%E6%A7%98" n3="%E4%B8%89%E8%89%B2%E5%90%8C%E5%88%BB%E2%98%86" dan="17,18,16,19" rate="2231.29,2256.47,2124.48,2294.57" sx="M,M,M,M"/><TAIKYOKU oya="0"/>

<Scene>
<INIT seed="0,0,0,4,5,2" ten="250,250,250,250" oya="0" hai0="133,19,107,135,59,56,93,119,51,13,125,130,110" hai1="16,75,108,8,46,103,37,41,12,28,55,34,72" hai2="128,105,18,54,117,94,40,44,131,76,53,120,70" hai3="90,80,24,49,84,83,116,95,99,4,63,31,47"/><T115/><D107/><U22/><E108/><V43/><F105/><W111/><G116/><T134/><D119/><U9/><E103/><V23/><F117/><W20/><G111/><T86/><D115/><U66/><E66/><V112/><F112/><W82/><G63/><T109/><D125/><U64/><E64/><V27/><F70/><W10/><G99/><T79/><D130/><N who="2" m="49706" /><F120/><W57/><G57/><N who="0" m="22091" /><D51/><U30/><E55/><N who="2" m="21003" /><F76/><W15/><REACH who="3" step="1"/><G82/><REACH who="3" ten="250,250,250,240" step="2"/><N who="0" m="47455" /><D93/><U52/><E75/><V35/><F94/><W77/><G77/><T132/><D132/><U102/><E72/><V122/><F122/><W60/><G60/><T101/><D101/><U61/><E102/><V39/><F43/><AGARI ba="0,1" hai="4,10,15,20,24,31,43,47,49,80,83,84,90,95" machi="43" ten="30,8000,1" yaku="1,1,7,1,8,1,52,1,53,1" doraHai="2" doraHaiUra="81" who="3" fromWho="2" sc="250,0,250,0,250,-80,240,90" />
</Scene>
<Scene>
<INIT seed="1,0,0,4,3,99" ten="250,250,170,330" oya="1" hai0="112,18,111,1,43,131,78,59,118,3,56,106,76" hai1="77,113,126,57,134,42,125,32,86,110,60,40,55" hai2="89,49,26,79,51,69,13,73,70,109,88,119,41" hai3="107,29,0,6,19,116,58,44,38,31,33,23,98"/><U2/><E2/><V127/><F119/><W36/><G116/><T52/><D118/><U123/><E32/><V50/><F41/><N who="1" m="15977" /><E77/><V71/><F109/><W16/><G44/><T7/><D106/><U91/><E86/><V122/><F122/><W20/><G58/><T37/><D111/><U72/><E91/><V117/><F117/><W114/><G114/><T67/><D112/><U103/><E72/><V47/><F47/><W75/><G75/><T120/><D120/><U14/><E14/><V82/><F127/><N who="1" m="48649" /><E113/><V62/><F26/><W115/><G115/><T63/><D3/><U24/><E24/><V21/><REACH who="2" step="1"/><F62/><REACH who="2" ten="250,250,160,330" step="2"/><W28/><G38/><T97/><D63/><U46/><E110/><V39/><F39/><W135/><G36/><T95/><D37/><U94/><E123/><V10/><F10/><W108/><G108/><T5/><D43/><U61/><E46/><V25/><F25/><W54/><G33/><T128/><D131/><U4/><E61/><V83/><F83/><W22/><G22/><T100/><D128/><U102/><E60/><V81/><F81/><W27/><G23/><T17/><D59/><U130/><E130/><V45/><F45/><W124/><G20/><T8/><D56/><U129/><E129/><V132/><F132/><W11/><G135/><T64/><D8/><U65/><E134/><V90/><F90/><W84/><G27/><T66/><D66/><U35/><E35/><V92/><F92/><W30/><G124/><T9/><D67/><U80/><E65/><V15/><F15/><W74/><G0/><T101/><D64/><RYUUKYOKU ba="0,1" sc="250,-10,250,-10,160,30,330,-10" hai2="13,21,49,50,51,69,70,71,73,79,82,88,89" />
</Scene>
<Scene>
<INIT seed="2,1,1,1,5,40" ten="240,240,190,320" oya="2" hai0="1,71,17,64,93,34,92,107,32,49,58,65,3" hai1="117,31,87,52,97,103,83,105,85,104,66,60,131" hai2="36,13,102,109,112,38,73,126,100,45,16,43,96" hai3="68,106,53,59,132,70,90,55,14,110,57,120,79"/><V23/><F112/><W61/><G120/><T7/><D107/><U48/><E117/><V76/><F126/><W108/><G106/><T72/><D72/><U2/><E2/><V80/><F109/><N who="3" m="42091" /><G79/><T69/><D49/><U86/><E131/><V9/><F38/><W21/><G90/><T67/><D58/><U114/><E31/><V95/><REACH who="2" step="1"/><F9/><REACH who="2" ten="240,240,180,320" step="2"/><W51/><G132/><T99/><D71/><U91/><E114/><V129/><F129/><W19/><AGARI ba="1,2" hai="14,19,21,51,53,55,57,59,61,68,70" m="42091" machi="19" ten="30,1100,0" yaku="14,1" doraHai="40" who="3" fromWho="3" sc="240,-4,240,-4,180,-6,320,34" />
</Scene>
<Scene>
<INIT seed="3,0,0,1,5,9" ten="236,236,174,354" oya="3" hai0="63,59,75,36,40,135,126,76,39,84,69,37,10" hai1="35,57,88,72,78,79,81,52,49,34,90,83,116" hai2="130,71,103,26,96,47,17,65,70,21,98,61,54" hai3="12,73,25,91,117,82,28,53,67,94,32,0,133"/><W19/><G117/><T92/><D126/><U124/><E124/><V6/><F130/><W45/><G0/><T3/><D135/><U125/><E125/><V24/><F6/><W100/><G67/><T74/><D69/><U18/><E116/><V62/><F26/><W80/><G100/><T13/><D3/><U60/><E18/><V5/><F5/><W104/><G104/><T48/><D92/><U120/><E120/><V114/><F114/><W118/><G118/><T11/><D11/><U33/><REACH who="1" step="1"/><E60/><REACH who="1" ten="236,226,174,354" step="2"/><V123/><F123/><W119/><G119/><T4/><D63/><U110/><E110/><V42/><F71/><W55/><G19/><T111/><D111/><U93/><E93/><V105/><F105/><W95/><G94/><T41/><D59/><U58/><E58/><V108/><F108/><W2/><G95/><T44/><REACH who="0" step="1"/><D41/><REACH who="0" ten="226,226,174,354" step="2"/><U107/><E107/><V121/><F121/><W106/><G106/><T56/><D56/><U112/><E112/><V77/><F62/><W86/><G133/><T8/><D8/><U129/><E129/><V87/><F70/><W113/><G113/><T1/><D1/><U27/><E27/><V23/><F42/><W122/><G2/><T16/><D16/><U14/><E14/><V43/><F43/><W22/><G12/><T31/><D31/><U20/><E20/><V115/><F23/><W101/><G22/><T66/><D66/><U89/><E89/><V128/><F115/><W50/><G122/><T131/><D131/><U46/><E46/><V30/><F128/><W99/><G45/><T29/><D29/><RYUUKYOKU ba="0,2" sc="226,15,226,15,174,-15,354,-15" hai0="4,10,13,36,37,39,40,44,48,74,75,76,84" hai1="33,34,35,49,52,57,72,78,79,81,83,88,90" />
</Scene>
<Scene>
<INIT seed="4,1,2,5,3,111" ten="241,241,159,339" oya="0" hai0="100,72,77,9,38,8,58,31,83,73,23,55,66" hai1="5,68,42,27,12,99,130,63,87,59,96,94,125" hai2="131,50,48,33,78,121,89,118,41,112,120,39,127" hai3="102,93,57,84,46,106,3,69,113,117,86,22,129"/><T75/><D38/><U135/><E68/><V79/><F33/><W40/><G69/><T34/><D34/><U108/><E108/><V10/><F39/><W91/><G117/><T88/><D100/><U24/><E125/><V133/><F127/><W128/><G3/><T45/><D66/><U109/><E109/><V0/><F118/><W25/><G57/><T6/><D45/><U21/><E42/><V92/><F133/><W104/><G86/><T95/><D23/><U126/><E126/><V97/><F131/><N who="3" m="50251" /><G113/><T32/><D31/><U11/><E135/><V52/><F41/><W132/><G102/><T15/><D32/><U82/><E130/><V110/><F110/><W85/><G85/><T134/><D9/><U1/><E1/><V98/><F112/><W49/><G132/><T51/><REACH who="0" step="1"/><D134/><REACH who="0" ten="231,241,159,339" step="2"/><U47/><E47/><V20/><F20/><W71/><G71/><T53/><D53/><U2/><E21/><V116/><F116/><W37/><G37/><T70/><D70/><U43/><E43/><V80/><F10/><W123/><G123/><T114/><D114/><U35/><E35/><V64/><F64/><W81/><G22/><T119/><D119/><U30/><E30/><V17/><F52/><W4/><G25/><T54/><D54/><U61/><E27/><V124/><F124/><W36/><G36/><T56/><D56/><U101/><E24/><V90/><F121/><W76/><G46/><T19/><D19/><U122/><E122/><V65/><F120/><W16/><G16/><T44/><D44/><U107/><E11/><V7/><F17/><RYUUKYOKU ba="1,3" sc="231,30,241,-10,159,-10,339,-10" hai0="6,8,15,51,55,58,72,73,75,77,83,88,95" />
</Scene>
<Scene>
<INIT seed="4,2,3,3,0,40" ten="261,231,149,329" oya="0" hai0="8,118,73,24,23,67,106,10,86,111,57,13,128" hai1="97,87,124,94,15,32,71,54,127,74,107,135,110" hai2="17,90,37,20,77,120,43,1,41,65,72,122,19" hai3="14,46,93,125,100,70,53,33,84,49,113,101,134"/><T132/><D106/><U0/><E0/><V78/><F65/><W63/><G33/><T44/><D73/><U95/><E32/><V59/><F59/><N who="3" m="35311" /><G70/><T3/><D118/><U81/><E71/><V85/><F1/><W48/><G48/><T5/><D132/><U30/><E30/><V133/><F133/><W61/><G61/><T80/><D111/><U42/><E135/><V88/><F85/><W66/><G66/><T82/><D128/><U28/><E28/><V4/><F20/><W129/><G134/><T117/><D117/><U69/><E69/><V91/><F4/><W112/><G125/><N who="1" m="48202" /><E42/><N who="2" m="15883" /><F72/><W18/><G129/><T22/><D22/><U51/><E110/><V47/><F37/><W45/><G49/><T38/><D38/><U123/><E123/><N who="2" m="47147" /><F47/><N who="3" m="17931" /><G84/><T39/><D86/><U11/><E74/><V103/><F103/><W26/><G26/><T52/><D39/><U79/><E51/><V64/><F64/><W35/><G35/><T7/><D67/><U27/><E27/><V76/><AGARI ba="2,3" hai="17,19,76,77,78,88,90,91" m="47147,15883" machi="76" ten="40,5200,0" yaku="28,2,54,1" doraHai="40" who="2" fromWho="2" sc="261,-28,231,-15,149,88,329,-15" />
</Scene>
<Scene>
<INIT seed="5,0,0,2,4,35" ten="233,216,237,314" oya="1" hai0="40,112,29,27,0,54,100,48,114,2,78,102,123" hai1="96,107,79,30,92,46,21,73,108,18,81,128,25" hai2="57,44,42,45,7,126,33,124,26,15,105,20,17" hai3="80,36,61,3,132,38,19,97,37,12,135,118,77"/><U23/><E128/><V68/><F68/><W115/><G115/><N who="0" m="44075" /><D78/><U6/><E108/><V72/><F72/><W93/><G61/><T52/><D40/><U113/><E113/><V8/><F105/><W64/><G64/><T59/><D123/><U76/><E76/><V133/><F133/><N who="3" m="51275" /><G3/><N who="0" m="1067" /><D54/><U85/><E6/><V104/><F104/><W14/><G38/><T50/><D50/><U63/><E63/><V49/><F33/><AGARI ba="0,0" hai="27,29,33,48,52,59,100,102" m="1067,44075" machi="33" ten="30,8000,1" yaku="15,1,52,3,54,1" doraHai="35" who="0" fromWho="2" sc="233,80,216,0,237,-80,314,0" />
</Scene>
<Scene>
<INIT seed="6,0,0,3,4,55" ten="313,216,157,314" oya="2" hai0="101,76,113,91,116,110,65,20,99,34,105,1,126" hai1="93,39,57,24,13,27,49,120,80,109,3,28,19" hai2="71,102,78,73,42,33,94,72,86,103,111,11,131" hai3="38,96,127,48,32,79,68,37,41,135,134,43,112"/><V87/><F33/><W54/><G32/><T47/><D34/><U115/><E39/><N who="3" m="14858" /><G79/><T29/><D1/><U23/><E115/><V104/><F11/><W63/><G96/><T35/><D76/><U5/><E109/><V61/><F42/><N who="3" m="15883" /><G112/><T121/><D113/><U46/><E120/><V90/><F71/><W74/><G74/><N who="2" m="28777" /><F61/><W129/><G129/><T100/><D99/><U85/><E3/><V114/><F114/><W124/><G63/><T98/><D98/><U62/><E5/><V66/><F66/><W59/><G68/><T56/><D20/><U0/><E0/><V53/><F53/><W12/><G12/><T67/><D29/><U18/><E28/><V21/><F21/><W92/><G92/><T26/><D35/><U7/><E7/><V89/><F131/><W16/><G16/><T125/><D26/><U84/><E18/><V128/><F128/><W15/><G15/><T4/><D4/><U122/><E24/><V81/><F111/><W130/><G130/><T2/><D110/><U97/><E27/><V133/><F133/><AGARI ba="0,0" hai="48,54,59,124,127,133,134,135" m="15883,14858" machi="133" ten="40,8000,1" yaku="20,1,34,2,52,1" doraHai="55" who="3" fromWho="2" sc="313,0,216,0,157,-80,314,80" />
</Scene>
<Scene>
<INIT seed="7,0,0,2,0,115" ten="313,216,77,394" oya="3" hai0="132,6,78,28,129,45,72,100,126,65,35,11,62" hai1="64,43,63,74,26,120,47,131,36,7,27,117,67" hai2="30,92,23,127,13,18,102,119,41,50,81,71,125" hai3="109,124,106,101,19,134,69,33,15,12,116,80,83"/><W79/><G116/><T114/><D132/><U25/><E74/><V29/><F71/><W9/><G33/><T44/><D114/><U88/><E120/><V77/><F127/><W53/><G69/><T93/><D129/><U20/><E131/><V37/><F125/><W122/><G122/><T59/><D126/><U75/><E75/><V60/><F37/><W21/><G124/><T48/><D72/><U91/><E7/><V76/><F41/><W49/><G109/><T34/><D78/><U133/><E133/><V5/><F50/><W84/><G106/><T130/><D130/><U3/><E3/><V51/><F51/><W56/><G134/><T128/><D128/><U73/><E73/><V1/><F1/><W121/><G121/><T97/><D28/><U54/><E20/><V10/><F77/><W32/><G32/><T61/><D61/><U0/><E0/><V14/><F60/><W55/><G55/><T95/><D95/><U110/><E110/><V96/><F119/><W113/><G113/><T112/><D112/><U66/><E117/><V104/><F104/><W90/><G101/><T2/><D45/><U89/><E54/><AGARI ba="0,0" hai="2,6,11,34,35,44,48,54,59,62,65,93,97,100" machi="54" ten="30,1000,0" yaku="7,1" doraHai="115" who="0" fromWho="1" sc="313,10,216,-10,77,0,394,0" owari="323,12.0,206,-19.0,77,-42.0,394,49.0" />
</Scene>
</mjloggm>