<mjloggm ver="2.3"><GO type="169" lobby="0"/><UN n0="%E7%AB%B9%E4%BA%95%E4%B9%85%EF%BC%A0%E9%83%A8%E9%95%B7" n1="%E5%A4%AA%E3%81%8F%E3%81%AA%E3%81%84%E3%81%8A" n2="%E6%B0%B7%E6%9F%B1" n3="%6D%69%74%73%75%36%31%31" dan="17,18,17,17" rate="2169.40,2303.99,2202.00,2182.62" sx="F,M,M,M"/><TAIKYOKU oya="0"/>

<Scene>
<INIT seed="0,0,0,1,0,127" ten="250,250,250,250" oya="0" hai0="124,31,87,120,135,5,118,94,39,88,12,130,126" hai1="105,100,93,128,78,96,45,95,86,68,17,122,75" hai2="52,108,103,106,63,55,71,29,32,62,81,18,83" hai3="66,89,6,104,30,7,25,33,129,61,73,107,102"/><T64/><D120/><U84/><E68/><V41/><F41/><W131/><G73/><T111/><D118/><U70/><E70/><V133/><F108/><W47/><G47/><T119/><D119/><U44/><E17/><V0/><F0/><W14/><G89/><T34/><D39/><U116/><E116/><V3/><F3/><W134/><G134/><T72/><D72/><U23/><E23/><V11/><F63/><W115/><G115/><T4/><D135/><U77/><E122/><V58/><F133/><W57/><G107/><T13/><D64/><U35/><E35/><V132/><F132/><W42/><G42/><T9/><D111/><U53/><E53/><V90/><F71/><W59/><G59/><T109/><D109/><U20/><E20/><V69/><F69/><W85/><G85/><N who="1" m="32874" /><E44/><V2/><F2/><W24/><G24/><T49/><D49/><U37/><E45/><V40/><F40/><W21/><G21/><T8/><REACH who="0" step="1"/><D130/><REACH who="0" ten="240,250,250,250" step="2"/><N who="3" m="49673" /><G14/><T113/><D113/><U123/><E128/><V110/><F110/><W16/><G16/><T76/><D76/><U101/><E123/><V74/><F74/><W46/><G46/><T79/><D79/><U43/><E77/><V117/><F117/><W48/><G48/><T80/><D80/><U50/><E50/><V91/><F83/><W114/><G114/><T65/><D65/><U19/><E19/><V10/><F81/><W98/><AGARI ba="0,1" hai="6,7,25,30,33,57,61,66,98,102,104" m="49673" machi="98" ten="30,7900,0" yaku="19,1,52,3" doraHai="127" who="3" fromWho="3" sc="240,-39,250,-20,250,-20,250,89" />
</Scene>
<Scene>
<INIT seed="1,0,0,0,3,62" ten="201,230,230,339" oya="1" hai0="19,56,24,16,96,20,13,81,66,123,17,126,120" hai1="49,97,40,112,67,14,27,48,118,74,68,75,22" hai2="55,100,34,114,26,92,10,93,108,37,71,110,77" hai3="99,64,98,11,119,35,32,47,95,90,29,105,113"/><U53/><E112/><V9/><F114/><W60/><G113/><T133/><D133/><U73/><E118/><V70/><F37/><W130/><G130/><T18/><D126/><U117/><E117/><V80/><F55/><W85/><G119/><T45/><D45/><U129/><E129/><V57/><F57/><W51/><G11/><N who="2" m="4105" /><F34/><W111/><G111/><N who="2" m="42537" /><F26/><W46/><G46/><T115/><D115/><U6/><E40/><V127/><F127/><W76/><G76/><T33/><D33/><U3/><E14/><V103/><F80/><W84/><G29/><T79/><D13/><U134/><E53/><V31/><F77/><W0/><G0/><T12/><D12/><U7/><E3/><V116/><F31/><W125/><G125/><T104/><D81/><U87/><E27/><V88/><F116/><W4/><G4/><T42/><D79/><U128/><E128/><V28/><F28/><W54/><G35/><T43/><D43/><U1/><E1/><V121/><F121/><N who="0" m="46666" /><D42/><U91/><E6/><V41/><F41/><W50/><G32/><T38/><D38/><U44/><E7/><V25/><F25/><W135/><G51/><T89/><D56/><U72/><E44/><V107/><F107/><W101/><REACH who="3" step="1"/><G135/><REACH who="3" ten="201,230,230,329" step="2"/><T83/><D20/><U2/><E22/><V8/><F8/><W82/><G82/><T58/><D24/><U52/><E134/><V132/><F132/><W86/><G86/><T5/><D5/><U61/><E2/><V109/><F109/><W106/><G106/><T122/><D122/><U23/><N who="1" m="18432" /><DORA hai="39" /><U69/><E87/><RYUUKYOKU ba="0,1" sc="201,-10,230,-10,230,-10,329,30" hai3="47,50,54,60,64,84,85,90,95,98,99,101,105" />
</Scene>
<Scene>
<INIT seed="2,1,1,5,3,78" ten="191,220,220,359" oya="2" hai0="64,47,50,116,60,51,6,36,91,80,4,114,124" hai1="16,19,89,113,62,133,105,95,83,15,24,97,90" hai2="102,14,109,118,75,85,42,92,61,11,5,122,101" hai3="56,55,93,7,39,84,131,17,46,67,128,130,54"/><V115/><F115/><W70/><G7/><T104/><D114/><U8/><E113/><V63/><F118/><W38/><G17/><T10/><D104/><U120/><E133/><V28/><F122/><W79/><G93/><T73/><D36/><N who="3" m="13865" /><G84/><T111/><D116/><U35/><E120/><V119/><F119/><W18/><G18/><T86/><D111/><U41/><E105/><V129/><F75/><W99/><G99/><T106/><D106/><U127/><E41/><V117/><F117/><W45/><G79/><T135/><D135/><U1/><E1/><V27/><F129/><W2/><G2/><T13/><D124/><U40/><E40/><V112/><F112/><W94/><G94/><T3/><D73/><U134/><E127/><V34/><F109/><W43/><G43/><T96/><D96/><U100/><E134/><V25/><F42/><W126/><G126/><T107/><D107/><U68/><E83/><V37/><F37/><W22/><G22/><T71/><D3/><U32/><E19/><V72/><F72/><W52/><G70/><T66/><D6/><U87/><E24/><N who="2" m="9291" /><F34/><W74/><G74/><T20/><D20/><U65/><E100/><N who="2" m="38507" /><F28/><W58/><G67/><T29/><D64/><U103/><E103/><V98/><F98/><W26/><G26/><T33/><D29/><U49/><E35/><V121/><F121/><W81/><G81/><T57/><D33/><U30/><E30/><V76/><F76/><W132/><G132/><T108/><D108/><U82/><E32/><V123/><F123/><W77/><G77/><T23/><D71/><RYUUKYOKU ba="1,1" sc="191,-30,220,10,220,10,359,10" hai1="8,15,16,49,62,65,68,82,87,89,90,95,97" hai2="5,11,14,61,63,85,92" hai3="45,46,52,54,55,56,58,128,130,131" />
</Scene>
<Scene>
<INIT seed="2,2,1,2,0,58" ten="161,230,230,369" oya="2" hai0="112,42,135,125,93,6,2,99,40,97,51,27,77" hai1="45,68,14,33,134,98,62,56,130,126,48,110,8" hai2="7,16,31,82,65,36,55,95,79,81,57,115,69" hai3="121,63,72,28,3,111,66,89,47,91,76,9,25"/><V96/><F36/><W22/><G121/><T19/><D112/><U1/><E33/><V4/><F31/><W75/><G111/><T117/><D125/><U78/><E110/><V15/><F69/><W20/><G47/><T106/><D135/><U120/><E134/><V94/><F65/><W102/><G102/><T5/><D117/><U49/><E1/><V114/><F79/><W30/><G3/><T84/><D106/><U39/><E68/><V26/><F26/><W128/><G128/><T17/><D2/><U88/><E126/><V129/><F129/><W35/><G35/><T107/><D107/><U41/><E78/><V74/><F74/><W24/><G9/><T73/><D73/><U124/><E120/><V105/><F105/><W18/><G18/><T92/><D27/><U12/><E130/><V118/><F118/><W46/><G46/><T83/><D77/><U127/><E124/><V108/><F108/><W13/><G13/><T116/><D116/><U67/><E127/><V11/><F115/><W59/><G75/><T61/><D51/><U34/><E34/><V123/><F123/><W52/><G66/><T113/><D113/><U43/><E43/><V0/><F0/><W37/><G37/><T71/><D71/><U53/><E67/><V109/><F109/><W44/><G44/><T101/><D101/><U70/><E70/><V23/><F114/><W104/><G104/><T21/><D40/><U103/><E103/><N who="2" m="60823" /><F4/><W38/><G38/><T60/><D6/><N who="1" m="3095" /><E14/><N who="2" m="9623" /><F95/><W10/><G10/><T100/><D92/><N who="1" m="56583" /><E39/><V122/><F122/><W80/><AGARI ba="2,1" hai="20,22,24,25,28,30,52,59,63,72,76,80,89,91" machi="80" ten="30,8000,1" yaku="5,1,0,1,9,1,52,1,54,1" doraHai="58" who="3" fromWho="3" sc="161,-22,230,-22,230,-42,369,96" />
</Scene>
<Scene>
<INIT seed="3,0,0,2,0,1" ten="139,208,188,465" oya="3" hai0="29,83,69,61,105,9,76,14,67,47,44,17,37" hai1="55,98,24,102,88,132,56,133,127,101,21,93,32" hai2="124,68,113,108,75,30,70,91,6,95,82,31,4" hai3="45,49,110,103,2,81,131,111,107,7,36,106,96"/><W86/><G36/><T23/><D105/><U94/><E32/><V50/><F113/><W39/><G39/><T128/><D128/><U78/><E78/><V40/><F108/><N who="3" m="41515" /><G131/><T79/><D37/><U5/><E127/><V64/><F70/><W51/><G107/><T20/><D76/><U62/><E5/><N who="2" m="2155" /><F68/><W121/><G121/><T65/><D65/><U100/><REACH who="1" step="1"/><E94/><REACH who="1" ten="139,198,188,465" step="2"/><V13/><F124/><W11/><G45/><T43/><D47/><U35/><E35/><V80/><F75/><W46/><G46/><T3/><D44/><U38/><E38/><V10/><F40/><W22/><G22/><T15/><D23/><U129/><E129/><V122/><F122/><W123/><G123/><T119/><D43/><U28/><AGARI ba="0,1" hai="21,24,28,55,56,62,88,93,98,100,101,102,132,133" machi="28" ten="30,7900,0" yaku="1,1,0,1,54,1,53,1" doraHai="1" doraHaiUra="16" who="1" fromWho="1" sc="139,-20,198,89,188,-20,465,-39" />
</Scene>
<Scene>
<INIT seed="4,0,0,2,4,87" ten="119,287,168,426" oya="0" hai0="81,6,110,124,20,103,135,52,74,18,89,17,130" hai1="30,125,61,111,33,14,60,16,55,3,15,32,48" hai2="116,36,96,92,72,10,121,120,13,25,71,57,99" hai3="46,88,0,94,42,84,83,27,85,34,24,106,59"/><T76/><D124/><U9/><E111/><V114/><F71/><W1/><G106/><T43/><D103/><U109/><E109/><V64/><F36/><W44/><G59/><T4/><D110/><U118/><E118/><V86/><F72/><W29/><G27/><T69/><D69/><U5/><E15/><V19/><F116/><W37/><REACH who="3" step="1"/><G44/><REACH who="3" ten="119,287,168,416" step="2"/><T91/><D135/><U127/><E125/><V12/><F121/><W95/><G95/><T82/><D130/><U100/><E127/><V38/><F120/><W53/><G53/><T105/><D105/><U129/><E129/><V7/><F25/><W104/><G104/><T133/><D133/><U97/><E33/><V131/><F131/><W80/><G80/><T8/><D43/><U113/><E32/><V23/><F57/><W65/><G65/><T108/><D108/><U115/><E115/><V102/><F64/><W26/><G26/><T93/><D81/><U56/><E113/><V90/><F114/><W78/><AGARI ba="0,1" hai="0,1,24,29,34,37,42,46,78,83,84,85,88,94" machi="78" ten="20,12000,2" yaku="1,1,0,1,7,1,52,1,54,1,53,1" doraHai="87" doraHaiUra="39" who="3" fromWho="3" sc="119,-60,287,-30,168,-30,416,130" />
</Scene>
<Scene>
<INIT seed="5,0,0,0,2,67" ten="59,257,138,546" oya="1" hai0="0,61,17,40,24,25,93,111,91,21,62,12,96" hai1="47,30,13,72,10,15,8,125,86,128,121,117,36" hai2="80,131,7,42,2,104,9,64,73,1,49,68,70" hai3="52,22,69,126,43,59,23,60,20,32,98,106,89"/><U94/><E72/><V11/><F104/><W102/><G32/><T38/><D0/><U112/><E117/><V48/><F64/><W113/><G43/><T114/><D111/><U66/><E121/><V133/><F131/><W5/><G5/><T87/><D114/><U124/><E112/><V29/><F29/><W109/><G109/><T33/><D38/><U97/><E128/><V120/><F120/><W37/><G37/><T53/><D40/><U118/><E86/><V88/><F73/><W19/><G113/><T50/><D33/><U54/><E30/><V79/><F133/><W83/><G126/><T51/><D51/><U28/><E28/><V101/><F101/><W105/><G105/><T4/><D96/><U41/><E54/><V92/><F80/><W100/><G100/><T122/><D122/><U63/><E15/><V103/><F103/><W65/><G89/><T123/><D123/><U76/><E76/><V55/><F79/><W107/><G83/><T119/><D119/><U90/><E118/><V26/><F26/><W35/><G35/><T27/><REACH who="0" step="1"/><D4/><REACH who="0" ten="49,257,138,546" step="2"/><U44/><E41/><V82/><F2/><W18/><G106/><T57/><AGARI ba="0,1" hai="12,17,21,24,25,27,50,53,57,61,62,87,91,93" machi="57" ten="30,12000,2" yaku="1,1,2,1,0,1,25,2,8,1,53,0" doraHai="67" doraHaiUra="129" who="0" fromWho="0" sc="49,130,257,-60,138,-30,546,-30" />
</Scene>
<Scene>
<INIT seed="6,0,0,4,5,118" ten="179,197,108,516" oya="2" hai0="82,58,48,13,25,114,93,84,67,100,95,65,81" hai1="32,130,107,5,62,57,70,123,47,103,66,106,97" hai2="8,21,43,127,49,26,53,89,59,78,51,60,37" hai3="94,69,99,105,63,72,24,6,79,121,44,76,1"/><V36/><F127/><W75/><G44/><T115/><D13/><U11/><E130/><V54/><F78/><W15/><G1/><T2/><D2/><U83/><E32/><V46/><F8/><W133/><G24/><T91/><D25/><U128/><E128/><V4/><F4/><W34/><G63/><N who="0" m="38135" /><D67/><U29/><E29/><V129/><F89/><W96/><G94/><T122/><D122/><U74/><E123/><V55/><F21/><W132/><G79/><T38/><D38/><N who="2" m="14954" /><F26/><W73/><G96/><N who="0" m="59423" /><D48/><N who="2" m="18506" /><F129/><W124/><G99/><T9/><D9/><U90/><E11/><V50/><AGARI ba="0,0" hai="43,46,50,53,54,55,59,60" m="18506,14954" machi="50" ten="30,12000,1" yaku="35,5" doraHai="118" who="2" fromWho="2" sc="179,-40,197,-40,108,120,516,-40" />
</Scene>
<Scene>
<INIT seed="6,1,0,4,1,101" ten="139,157,228,476" oya="2" hai0="34,93,127,128,68,133,72,84,78,125,88,87,44" hai1="59,15,120,112,92,108,64,53,119,104,66,30,103" hai2="1,102,98,7,31,89,77,79,13,95,47,109,62" hai3="91,45,33,26,36,115,42,38,11,52,56,73,97"/><V23/><F1/><W67/><G73/><T27/><D68/><U126/><E119/><V19/><F7/><W37/><G11/><T17/><D128/><U124/><E108/><V75/><F75/><W65/><G26/><T14/><D72/><U39/><E39/><N who="3" m="14922" /><G33/><T74/><D74/><U111/><E112/><V43/><F62/><N who="3" m="36103" /><G97/><T117/><D117/><U12/><E120/><V6/><F6/><W134/><G91/><T116/><D116/><U123/><E111/><V18/><F31/><W83/><G83/><T132/><D44/><U21/><E123/><V96/><F19/><W3/><G3/><T85/><D27/><N who="1" m="16751" /><E104/><V129/><F129/><W106/><G106/><T110/><D34/><U54/><E103/><V61/><F109/><W49/><G134/><N who="0" m="51819" /><D110/><U121/><E121/><V25/><F25/><W50/><G115/><T90/><D78/><U8/><E92/><V41/><F79/><W122/><G122/><T48/><D48/><AGARI ba="1,0" hai="38,42,45,48,49,50,65,67" m="36103,14922" machi="48" ten="30,12000,2" yaku="35,5,54,1" doraHai="101" who="3" fromWho="0" sc="139,-123,157,0,228,0,476,123" />
</Scene>
<Scene>
<INIT seed="7,0,0,0,4,60" ten="16,157,228,599" oya="3" hai0="27,77,13,73,57,96,35,65,76,129,81,122,108" hai1="130,126,71,97,22,0,16,100,54,134,32,94,113" hai2="75,43,133,66,2,127,88,90,104,55,3,92,39" hai3="4,62,25,9,95,51,49,86,42,70,7,135,120"/><W58/><G120/><T41/><D108/><U33/><E0/><V109/><F109/><W117/><G70/><T74/><D122/><U121/><E121/><V99/><F104/><W56/><G135/><T124/><D124/><U31/><E71/><V23/><F127/><W15/><G25/><T10/><D129/><U11/><E126/><V34/><F34/><W69/><G69/><T44/><D96/><U68/><E68/><V53/><F75/><W63/><G7/><T18/><D35/><U30/><E134/><V105/><F105/><W19/><G4/><T37/><D27/><U21/><E130/><V123/><F133/><W98/><G86/><T12/><D12/><N who="1" m="7199" /><E113/><V112/><F112/><W84/><G84/><T80/><REACH who="0" step="1"/><D57/><REACH who="0" ten="6,157,228,599" step="2"/><U119/><E32/><V128/><F128/><W72/><G72/><T131/><D131/><U115/><E33/><V125/><F125/><W103/><G117/><T29/><D29/><U85/><E119/><V111/><F3/><W28/><G28/><T5/><D5/><U93/><E30/><V48/><F2/><W40/><G40/><T59/><D59/><U132/><E31/><V20/><F111/><W107/><G107/><T26/><D26/><U8/><E132/><V6/><F123/><W1/><G1/><T52/><D52/><U78/><E54/><V67/><F55/><N who="3" m="34143" /><G42/><T89/><D89/><U64/><E97/><V87/><F99/><W110/><G110/><T118/><D118/><U83/><E115/><V102/><F6/><W17/><G17/><T106/><D106/><U61/><E85/><V47/><F87/><RYUUKYOKU ba="0,1" sc="6,15,157,-15,228,-15,599,15" hai0="10,13,18,37,41,44,65,73,74,76,77,80,81" hai3="9,15,19,49,51,56,63,95,98,103" owari="21,-48.0,142,-26.0,213,1.0,624,73.0" />
</Scene>
</mjloggm>