<mjloggm ver="2.3"><GO type="169" lobby="0"/><UN n0="%63%6F%61" n1="%E9%9B%80%E8%8D%98%E4%B8%AD%E5%B7%9D" n2="%E3%82%AB%E3%83%95%E3%82%A7%E3%83%AC%E3%82%AA" n3="%E5%A4%AA%E3%81%8F%E3%81%AA%E3%81%84%E3%81%8A" dan="16,16,16,19" rate="2122.74,2085.92,2119.73,2332.80" sx="M,F,M,F"/><TAIKYOKU oya="0"/>

<Scene>
<INIT seed="0,0,0,0,0,126" ten="250,250,250,250" oya="0" hai0="28,108,38,122,67,99,16,61,71,130,89,17,68" hai1="14,5,102,78,91,124,4,112,101,98,95,50,25" hai2="94,70,53,20,80,0,56,107,131,1,47,128,81" hai3="76,37,120,82,113,104,115,51,19,52,83,49,90"/><T109/><D122/><U97/><E124/><V86/><F107/><W127/><G37/><T45/><D28/><U87/><E112/><V11/><F70/><W41/><G104/><T92/><D71/><U22/><E78/><V129/><F47/><W23/><G127/><T106/><D106/><U55/><E97/><V110/><F110/><N who="0" m="42602" /><D130/><U39/><E39/><V33/><F33/><W105/><G105/><T42/><AGARI ba="0,0" hai="16,17,38,42,45,61,67,68,89,92,99" m="42602" machi="42" ten="30,6000,0" yaku="14,1,10,1,54,1" doraHai="126" who="0" fromWho="0" sc="250,60,250,-20,250,-20,250,-20" />
</Scene>
<Scene>
<INIT seed="0,1,0,1,2,85" ten="310,230,230,230" oya="0" hai0="30,111,95,97,16,23,93,53,115,122,55,121,133" hai1="51,4,87,124,25,19,72,27,108,107,114,123,105" hai2="70,117,69,7,48,91,31,60,0,38,65,130,37" hai3="35,62,86,109,39,34,103,71,82,92,40,36,90"/><T58/><D115/><U129/><E123/><V66/><F130/><W1/><G1/><T102/><D133/><U110/><E72/><V5/><F117/><W112/><G112/><T3/><D3/><U77/><E129/><V9/><F31/><W56/><G71/><T54/><D111/><N who="1" m="42539" /><E114/><V134/><F134/><W116/><G116/><T135/><D135/><U119/><E4/><V104/><F48/><W14/><G109/><T41/><D41/><U57/><E124/><V131/><F131/><W47/><G36/><T79/><D79/><U126/><E126/><V15/><F7/><W17/><G103/><T64/><D30/><U50/><E50/><V20/><F104/><W67/><REACH who="3" step="1"/><G82/><REACH who="3" ten="310,230,230,220" step="2"/><T113/><D113/><U68/><E68/><V106/><F38/><W21/><AGARI ba="1,1" hai="14,17,21,34,35,39,40,47,56,62,67,86,90,92" machi="21" ten="20,8000,1" yaku="1,1,2,1,0,1,7,1,52,1,53,0" doraHai="85" doraHaiUra="98" who="3" fromWho="3" sc="310,-41,230,-21,230,-21,220,93" />
</Scene>
<Scene>
<INIT seed="1,0,0,3,2,38" ten="269,209,209,313" oya="1" hai0="4,102,43,112,109,24,121,3,85,104,108,98,11" hai1="32,77,9,86,120,118,6,48,81,99,100,15,68" hai2="82,125,60,105,61,22,96,76,128,127,123,95,130" hai3="8,39,34,88,66,67,45,42,7,19,62,131,129"/><U20/><E120/><V114/><F123/><W18/><G34/><T94/><D121/><U103/><E118/><V53/><F105/><W23/><G88/><N who="0" m="53519" /><D112/><U97/><E32/><V12/><F114/><W17/><G23/><T133/><D133/><U122/><E68/><V63/><F53/><W124/><G124/><N who="2" m="47689" /><F12/><W101/><G101/><N who="1" m="38986" /><E122/><V46/><F46/><W27/><G27/><T73/><D73/><U29/><E48/><V75/><F22/><W69/><REACH who="3" step="1"/><G66/><REACH who="3" ten="269,209,209,303" step="2"/><T113/><D113/><U89/><E89/><AGARI ba="0,1" hai="60,61,63,75,76,82,89,95,96,128,130" m="47689" machi="89" ten="30,1000,0" yaku="18,1" doraHai="38" who="2" fromWho="1" sc="269,0,209,-10,209,20,303,0" />
</Scene>
<Scene>
<INIT seed="2,0,0,1,4,10" ten="269,199,229,303" oya="2" hai0="50,34,0,86,51,79,96,29,39,57,115,45,23" hai1="2,116,83,22,132,122,42,82,36,92,24,56,89" hai2="72,94,84,100,119,21,41,69,107,68,67,64,38" hai3="31,46,12,14,106,103,87,61,47,74,19,1,65"/><V110/><F119/><W105/><G1/><T37/><D0/><U8/><E116/><V27/><F72/><W130/><G74/><T26/><D115/><U66/><E132/><V77/><F107/><W118/><G118/><T44/><D57/><U131/><E122/><V62/><F110/><W5/><G31/><T114/><D114/><U11/><E131/><V17/><F38/><W32/><G32/><T33/><D96/><U128/><E128/><V9/><F41/><W112/><G130/><T80/><D39/><U15/><E42/><V30/><F100/><W98/><G106/><T99/><D37/><U81/><E36/><V95/><F77/><W59/><G112/><T127/><D127/><U52/><E66/><V35/><F9/><N who="3" m="4143" /><G105/><T108/><D108/><U58/><E2/><V111/><F84/><W123/><G123/><T101/><D34/><U125/><E58/><V63/><REACH who="2" step="1"/><F111/><REACH who="2" ten="269,199,219,303" step="2"/><W54/><G87/><T124/><D101/><U76/><E76/><V53/><F53/><W121/><G121/><T135/><D79/><U6/><E11/><V73/><F73/><W49/><G103/><T91/><D86/><U102/><E102/><V90/><F90/><W129/><G129/><T117/><D117/><U88/><E125/><V13/><AGARI ba="0,1" hai="13,17,21,27,30,35,62,63,64,67,68,69,94,95" machi="13" ten="20,12000,1" yaku="1,1,0,1,7,1,9,1,52,1,53,0" doraHai="10" doraHaiUra="134" who="2" fromWho="2" sc="269,-40,199,-40,219,130,303,-40" />
</Scene>
<Scene>
<INIT seed="2,1,0,1,0,97" ten="229,159,349,263" oya="2" hai0="58,135,68,124,134,114,92,127,7,121,49,24,44" hai1="22,72,14,85,91,75,98,78,43,27,106,86,57" hai2="79,20,30,130,83,35,99,81,63,37,50,109,133" hai3="67,88,56,107,113,69,74,128,64,82,46,2,4"/><V6/><F37/><W131/><G69/><T17/><D121/><U118/><E118/><V96/><F35/><W61/><G107/><T15/><D68/><U36/><E36/><V126/><F126/><N who="0" m="48170" /><D114/><U80/><E43/><V9/><F83/><W34/><G34/><T51/><D92/><U26/><E14/><V123/><F123/><W115/><G67/><T5/><D24/><U112/><E112/><N who="3" m="43082" /><G46/><T32/><D32/><U16/><E27/><V40/><F63/><W94/><G4/><N who="0" m="1611" /><D58/><U23/><E57/><V52/><F6/><W76/><G2/><T21/><D51/><U47/><E47/><V95/><F95/><W132/><G132/><T90/><D90/><U48/><E48/><V66/><F50/><W101/><G101/><T117/><D117/><U18/><E106/><V39/><F39/><W3/><G3/><T111/><D111/><U84/><E98/><AGARI ba="1,0" hai="56,61,64,74,76,82,88,94,98,128,131" m="43082" machi="98" ten="30,2000,0" yaku="11,1,54,1" doraHai="97" who="3" fromWho="1" sc="229,0,159,-23,349,0,263,23" />
</Scene>
<Scene>
<INIT seed="3,0,0,1,4,112" ten="229,136,349,286" oya="3" hai0="83,11,9,131,87,119,80,95,78,29,77,130,89" hai1="72,125,101,58,105,12,15,43,115,35,20,40,51" hai2="82,69,85,110,61,44,79,54,31,75,33,50,18" hai3="57,107,48,30,81,133,38,55,67,114,128,91,10"/><W59/><G114/><T102/><D29/><U32/><E115/><V16/><F110/><W123/><G38/><T13/><D119/><U65/><E72/><V104/><F104/><W28/><G107/><T134/><D134/><U74/><E74/><V37/><F37/><W19/><G123/><T41/><D41/><U25/><E125/><V26/><F69/><W97/><G128/><N who="0" m="49195" /><D102/><U63/><E105/><V22/><F61/><N who="3" m="38319" /><G133/><T56/><D56/><U42/><E101/><V66/><F66/><W39/><G39/><T1/><D1/><U24/><E35/><V88/><REACH who="2" step="1"/><F33/><REACH who="2" ten="229,136,339,286" step="2"/><W117/><G117/><T132/><D132/><U108/><E32/><V100/><F100/><W68/><G68/><T52/><D77/><U121/><E108/><V118/><F118/><W60/><G60/><T0/><D78/><U122/><E122/><V3/><F3/><W47/><G48/><T111/><D0/><U8/><E121/><V21/><F21/><W99/><G91/><T93/><D89/><U116/><E116/><V126/><F126/><W124/><G124/><T84/><D111/><U135/><E135/><V64/><F64/><W2/><G2/><T5/><D9/><U129/><E129/><V45/><F45/><W109/><G47/><T36/><D36/><U127/><E127/><V90/><F90/><W6/><G109/><T53/><D11/><U103/><E8/><V96/><F96/><W86/><G99/><T23/><D23/><U62/><E20/><V7/><F7/><W4/><G4/><T17/><D5/><U49/><E103/><V34/><F34/><RYUUKYOKU ba="0,1" sc="229,-10,136,-10,339,30,286,-10" hai2="16,18,22,26,31,44,50,54,75,79,82,85,88" />
</Scene>
<Scene>
<INIT seed="4,1,1,4,1,23" ten="219,126,369,276" oya="0" hai0="91,37,131,46,22,16,8,94,21,73,0,106,13" hai1="7,15,63,115,129,25,54,59,105,79,17,9,99" hai2="81,127,12,40,109,1,135,2,77,133,128,20,43" hai3="41,113,90,95,67,107,70,64,27,6,53,71,88"/><T61/><D106/><U66/><E129/><V98/><F109/><W72/><G72/><T85/><D131/><U51/><E115/><V123/><F127/><W42/><G107/><T82/><D61/><U120/><E120/><V49/><F123/><W108/><G6/><T125/><D125/><U124/><E124/><V3/><F128/><W112/><G95/><T75/><D0/><U14/><E79/><V96/><F12/><W18/><G53/><T101/><D75/><U60/><E105/><V103/><F20/><W87/><G87/><T126/><D126/><U93/><E66/><V11/><F11/><W116/><G18/><T26/><D73/><U31/><E31/><V104/><F96/><W44/><G44/><T83/><D22/><N who="1" m="13519" /><E15/><V74/><F49/><W62/><G62/><T69/><D69/><U34/><E34/><V80/><F80/><W50/><G50/><T47/><D37/><U48/><E51/><V134/><AGARI ba="1,1" hai="1,2,3,40,43,74,77,81,98,103,104,133,134,135" machi="134" ten="40,2700,0" yaku="0,1,20,1" doraHai="23" who="2" fromWho="2" sc="219,-14,126,-8,369,40,276,-8" />
</Scene>
<Scene>
<INIT seed="5,0,0,5,4,0" ten="205,118,409,268" oya="1" hai0="24,3,57,88,35,52,63,105,2,39,25,42,127" hai1="73,82,107,46,108,113,128,74,86,79,124,11,41" hai2="16,68,114,91,94,83,132,18,75,47,72,96,36" hai3="98,93,133,17,50,64,80,37,61,77,14,9,123"/><U26/><E107/><V109/><F109/><W13/><G37/><T27/><D35/><U12/><E108/><V43/><F68/><W44/><G133/><T135/><D135/><U118/><E118/><V85/><F132/><W121/><G13/><T7/><D105/><U95/><E113/><V19/><REACH who="2" step="1"/><F114/><REACH who="2" ten="205,118,399,268" step="2"/><W40/><G123/><T49/><D127/><U126/><E128/><V59/><F59/><W110/><G121/><T34/><D34/><U117/><E117/><V102/><AGARI ba="0,1" hai="16,18,19,36,43,47,72,75,83,85,91,94,96,102" machi="102" ten="30,4000,0" yaku="1,1,0,1,54,1,53,0" doraHai="0" doraHaiUra="53" who="2" fromWho="2" sc="205,-10,118,-20,399,50,268,-10" />
</Scene>
<Scene>
<INIT seed="6,0,0,3,4,63" ten="195,98,449,258" oya="2" hai0="4,75,94,65,51,118,125,0,82,130,85,11,25" hai1="62,87,23,113,80,107,18,126,27,132,104,73,122" hai2="34,42,134,123,52,58,81,110,68,121,47,103,59" hai3="135,79,31,131,112,45,32,101,44,74,105,92,91"/><V19/><F34/><W29/><G131/><T6/><D130/><U128/><E128/><V120/><F68/><W48/><G135/><T13/><D125/><U30/><E132/><V108/><F103/><W67/><G67/><T95/><D118/><U111/><E111/><N who="2" m="42539" /><F81/><N who="3" m="45303" /><G44/><T129/><D129/><U8/><E113/><V71/><F71/><W61/><G61/><T77/><D25/><U10/><E126/><V21/><F134/><W39/><G39/><T55/><D65/><U116/><E122/><V90/><F90/><W57/><G57/><T83/><D83/><U66/><E116/><V46/><F21/><W54/><G32/><T117/><D117/><U56/><E73/><V100/><F100/><W24/><G24/><T40/><D75/><U64/><E64/><V124/><F19/><W127/><G112/><T96/><D96/><U41/><E41/><V102/><F102/><W28/><G28/><T20/><D20/><U114/><E114/><V14/><F14/><W17/><G17/><T1/><D40/><U22/><E22/><V49/><F124/><W106/><G106/><T36/><D13/><U38/><E38/><AGARI ba="0,0" hai="38,42,46,47,49,52,58,59,120,121,123" m="42539" machi="38" ten="40,12000,1" yaku="10,1,34,2,54,1" doraHai="63" who="2" fromWho="1" sc="195,0,98,-120,449,120,258,0" owari="195,-20.0,-22,-52.0,569,66.0,258,6.0" />
</Scene>
</mjloggm>