<mjloggm ver="2.3"><GO type="169" lobby="0"/><UN n0="%E3%82%AB%E3%83%A9%E3%82%B9%E3%81%AE%E5%AD%90" n1="%E3%81%B5%E3%81%8B%E3%81%BF" n2="%77%61%77%61%33%30%33%30" n3="%E5%A4%AA%E3%81%8F%E3%81%AA%E3%81%84%E3%81%8A" dan="17,17,17,19" rate="2161.68,2171.51,2195.00,2303.82" sx="M,F,M,F"/><TAIKYOKU oya="0"/>

<Scene>
<INIT seed="0,0,0,3,0,85" ten="250,250,250,250" oya="0" hai0="26,12,59,70,3,24,62,39,42,51,108,82,25" hai1="2,20,28,15,80,4,123,60,115,84,81,11,78" hai2="132,92,129,13,36,56,22,5,110,74,99,87,131" hai3="102,48,63,89,117,88,127,23,14,111,7,1,86"/><T10/><D3/><U103/><E123/><V93/><F74/><W38/><G38/><T43/><D39/><U50/><E115/><V55/><F36/><W107/><G117/><T30/><D70/><U66/><E103/><V125/><F110/><W126/><G111/><T100/><D108/><U69/><E50/><V44/><F44/><W17/><G63/><T33/><D100/><U19/><E81/><V6/><F125/><N who="3" m="47627" /><G86/><T46/><D43/><U76/><REACH who="1" step="1"/><E28/><REACH who="1" ten="250,240,250,250" step="2"/><V128/><F131/><W37/><G37/><T57/><D82/><U68/><E68/><V91/><F129/><W41/><G102/><T96/><D59/><U52/><E52/><V73/><F128/><W64/><G64/><T118/><D118/><U121/><E121/><V116/><F116/><W113/><G113/><T130/><D130/><U105/><E105/><V72/><F55/><W112/><G107/><T109/><D109/><U98/><E98/><V67/><F99/><W77/><G112/><T18/><D96/><U0/><E0/><V106/><F106/><W34/><G48/><T58/><D58/><U9/><E9/><V94/><F56/><W16/><G41/><T135/><D135/><U21/><E21/><V79/><F132/><W35/><G1/><T65/><AGARI ba="0,1" hai="10,12,18,24,25,26,30,33,42,46,51,57,62,65" machi="65" ten="20,2100,0" yaku="0,1,7,1" doraHai="85" who="0" fromWho="0" sc="250,31,240,-7,250,-7,250,-7" />
</Scene>
<Scene>
<INIT seed="0,1,0,4,1,112" ten="281,233,243,243" oya="0" hai0="58,10,99,59,30,97,13,29,22,20,120,123,131" hai1="15,32,94,84,116,9,127,50,28,52,49,63,95" hai2="62,69,130,57,26,14,41,46,68,119,36,11,0" hai3="109,121,92,43,133,65,104,124,39,55,6,16,47"/><T132/><D10/><U76/><E127/><V40/><F130/><W129/><G104/><T34/><D34/><U81/><E116/><V128/><F128/><W12/><G129/><T1/><D131/><U126/><E126/><V75/><F0/><W118/><G124/><T44/><D13/><U21/><E32/><V64/><F75/><W2/><G109/><T31/><D31/><U19/><E63/><V117/><F26/><W74/><G74/><T70/><D44/><N who="1" m="27687" /><E50/><V25/><F25/><AGARI ba="1,0" hai="9,15,19,21,25,28,76,81,84,94,95" m="27687" machi="25" ten="30,2000,0" yaku="8,1,54,1" doraHai="112" who="1" fromWho="2" sc="281,0,233,23,243,-23,243,0" />
</Scene>
<Scene>
<INIT seed="1,0,0,4,5,32" ten="281,256,220,243" oya="1" hai0="112,62,100,22,40,124,96,94,59,84,113,134,65" hai1="73,17,20,18,0,58,13,27,115,80,33,4,98" hai2="118,16,30,37,116,60,77,135,89,74,43,57,8" hai3="99,127,6,101,68,133,24,2,34,42,55,61,5"/><U69/><E69/><V129/><F135/><W117/><G42/><T95/><D134/><U28/><E115/><V85/><F129/><W15/><G133/><T132/><D132/><U131/><E131/><V52/><F30/><N who="3" m="19783" /><G15/><T1/><D124/><U109/><E109/><V114/><F114/><W45/><G127/><T48/><D1/><U12/><E98/><V75/><F43/><W72/><G72/><T14/><D94/><U63/><E80/><V66/><F37/><W79/><G79/><T26/><D14/><U39/><E39/><V3/><F66/><N who="3" m="41039" /><G2/><T29/><REACH who="0" step="1"/><D84/><REACH who="0" ten="271,256,220,243" step="2"/><U90/><E73/><V23/><F116/><W122/><G117/><T86/><D86/><U93/><E0/><V11/><F3/><W50/><G122/><T91/><D91/><U111/><E90/><V31/><F118/><W67/><G67/><T106/><D106/><AGARI ba="0,1" hai="5,6,45,50,55,99,101,106" m="41039,19783" machi="106" ten="30,1000,0" yaku="25,1" doraHai="32" who="3" fromWho="0" sc="271,-10,256,0,220,0,243,20" />
</Scene>
<Scene>
<INIT seed="2,0,0,0,4,19" ten="261,256,220,263" oya="2" hai0="53,109,38,124,78,1,51,59,4,90,108,29,65" hai1="128,11,30,40,67,63,54,101,69,0,26,119,93" hai2="52,71,123,134,36,87,75,133,135,127,89,68,2" hai3="24,27,8,83,81,74,25,42,99,105,60,92,18"/><V17/><F123/><W31/><G105/><T43/><D124/><U56/><E119/><V130/><F75/><W33/><G42/><T98/><D78/><U76/><E128/><V82/><F36/><W79/><G81/><T103/><D90/><U45/><E45/><V72/><F72/><W115/><G115/><T57/><D43/><U12/><E76/><V120/><F120/><W107/><G107/><T122/><D38/><U77/><E77/><V96/><F127/><W91/><G60/><T88/><D122/><U111/><E0/><V6/><F130/><W16/><REACH who="3" step="1"/><G18/><REACH who="3" ten="261,256,220,253" step="2"/><T110/><D110/><U131/><E40/><V66/><F17/><W23/><G23/><T129/><D108/><U3/><E111/><V32/><F32/><W132/><G132/><T34/><D109/><U37/><E131/><V86/><F134/><W35/><G35/><T117/><D34/><U114/><E114/><V94/><F135/><W13/><AGARI ba="0,1" hai="8,13,16,24,25,27,31,33,74,79,83,91,92,99" machi="13" ten="30,4000,0" yaku="1,1,0,1,54,1,53,0" doraHai="19" doraHaiUra="39" who="3" fromWho="3" sc="261,-10,256,-10,220,-20,253,50" />
</Scene>
<Scene>
<INIT seed="3,0,0,5,0,89" ten="251,246,200,303" oya="3" hai0="110,86,30,79,25,95,29,55,14,57,17,46,102" hai1="94,116,90,34,114,49,99,127,62,113,96,50,11" hai2="98,70,135,28,122,45,0,92,107,36,5,44,23" hai3="43,39,7,37,22,24,115,16,128,112,103,101,47"/><W51/><G128/><T74/><D74/><U61/><E34/><V87/><F135/><W38/><REACH who="3" step="1"/><G7/><REACH who="3" ten="251,246,200,293" step="2"/><T67/><D110/><U83/><E114/><AGARI ba="0,1" hai="16,22,24,37,38,39,43,47,51,101,103,112,114,115" machi="114" ten="50,9600,0" yaku="1,1,2,1,54,1,53,0" doraHai="89" doraHaiUra="27" who="3" fromWho="1" sc="251,0,246,-96,200,0,293,106" />
</Scene>
<Scene>
<INIT seed="3,1,0,1,4,60" ten="251,150,200,399" oya="3" hai0="117,17,79,75,105,83,121,119,9,126,6,107,112" hai1="20,29,7,54,22,50,10,82,26,36,113,15,106" hai2="34,46,85,0,4,57,21,45,62,33,41,110,120" hai3="53,63,97,37,59,125,18,95,101,69,104,80,78"/><W32/><G125/><T135/><D126/><U129/><E113/><V91/><F110/><W68/><G37/><T109/><D121/><U114/><E114/><V81/><F120/><W16/><G32/><T116/><D109/><U44/><E129/><V23/><F45/><W3/><G3/><T115/><D135/><U127/><E127/><V90/><F23/><W11/><G104/><N who="0" m="40011" /><D17/><U49/><E36/><V94/><F21/><W30/><G30/><T118/><D118/><U8/><E106/><V43/><F43/><W47/><G47/><T31/><D31/><U35/><E82/><V87/><F4/><W93/><G93/><T100/><D100/><U133/><E133/><V73/><F0/><AGARI ba="1,0" hai="0,6,9,75,79,83,112,115,116,117,119" m="40011" machi="0" ten="40,1300,0" yaku="23,1" doraHai="60" who="0" fromWho="2" sc="251,16,150,0,200,-16,399,0" />
</Scene>
<Scene>
<INIT seed="4,0,0,4,3,3" ten="267,150,184,399" oya="0" hai0="106,59,43,32,46,19,94,16,42,25,75,57,112" hai1="77,27,2,81,73,87,4,74,116,55,48,62,117" hai2="85,60,99,47,98,50,121,88,7,123,53,71,0" hai3="49,39,36,35,101,107,90,65,12,15,118,72,63"/><T58/><D106/><U31/><E62/><V9/><F123/><W13/><G72/><T105/><D105/><U97/><E97/><V1/><F121/><W10/><G118/><T18/><D75/><U26/><E74/><V108/><F108/><W20/><G35/><T76/><D76/><U28/><E73/><V33/><F33/><W122/><G122/><T82/><D82/><U51/><E2/><V125/><F125/><W114/><G114/><T132/><D112/><U86/><E81/><V127/><F1/><W109/><G109/><T6/><D132/><U95/><E95/><V124/><F124/><W64/><G20/><T8/><D94/><U44/><E77/><V11/><F11/><W61/><G90/><T115/><D115/><U52/><E44/><V67/><REACH who="2" step="1"/><F127/><REACH who="2" ten="267,150,174,399" step="2"/><W80/><G10/><T23/><D32/><U83/><REACH who="1" step="1"/><E83/><AGARI ba="0,1" hai="0,7,9,47,50,53,60,67,71,83,85,88,98,99" machi="83" ten="30,8000,1" yaku="1,1,2,1,7,1,52,1,54,1,53,0" doraHai="3" doraHaiUra="21" who="2" fromWho="1" sc="267,0,150,-80,174,90,399,0" />
</Scene>
<Scene>
<INIT seed="5,0,0,5,0,59" ten="267,70,264,399" oya="1" hai0="112,84,44,97,119,111,64,38,83,101,7,4,48" hai1="16,102,80,86,19,92,115,36,33,77,14,35,129" hai2="53,94,47,98,130,68,42,52,60,91,17,8,76" hai3="82,20,70,58,29,10,75,131,43,5,114,93,24"/><U88/><E115/><V85/><F130/><W55/><G70/><T41/><D111/><U103/><E129/><V107/><F17/><W18/><G131/><T57/><D112/><U96/><E36/><V32/><F32/><W51/><G114/><T9/><D119/><U45/><E45/><V54/><F8/><W67/><G67/><T50/><D38/><U118/><E118/><V12/><F12/><N who="3" m="5199" /><G75/><T133/><D133/><U117/><E117/><V90/><F76/><W106/><G106/><T31/><D31/><U100/><REACH who="1" step="1"/><E19/><REACH who="1" ten="267,60,264,399" step="2"/><V104/><F47/><W23/><G18/><T120/><D44/><U69/><E69/><V122/><F42/><W95/><G43/><T81/><D41/><U127/><E127/><V62/><F68/><W49/><G58/><T135/><D57/><U1/><E1/><V22/><F122/><W87/><G29/><T71/><D71/><U109/><E109/><V25/><F104/><W37/><G37/><T40/><D40/><U128/><E128/><V123/><F107/><W61/><G49/><T134/><D50/><U116/><E116/><V113/><F113/><W65/><G51/><T13/><D48/><U34/><E34/><V125/><F125/><W79/><G23/><AGARI ba="0,1" hai="14,16,23,33,35,77,80,86,88,92,96,100,102,103" machi="23" ten="40,7700,0" yaku="1,1,54,2,53,0" doraHai="59" doraHaiUra="126" who="1" fromWho="3" sc="267,0,60,87,264,0,399,-77" />
</Scene>
<Scene>
<INIT seed="5,1,0,4,2,132" ten="267,147,264,322" oya="1" hai0="60,69,46,30,79,121,25,8,134,93,88,21,87" hai1="95,89,6,101,47,135,64,4,127,82,19,105,102" hai2="100,74,2,54,103,110,112,122,13,85,116,75,5" hai3="77,81,23,41,109,36,56,98,40,16,118,66,113"/><U24/><E135/><V11/><F110/><W76/><G109/><T61/><D134/><U34/><E105/><V15/><F116/><W92/><G118/><T42/><D121/><U107/><E107/><V90/><F122/><W71/><G71/><T37/><D69/><U78/><E64/><V55/><F112/><W52/><G66/><T115/><D115/><U111/><E111/><V86/><F90/><N who="3" m="55575" /><G36/><T31/><D31/><U128/><E47/><V83/><F83/><W123/><G113/><T67/><D67/><U131/><E34/><V119/><F119/><W72/><G123/><T28/><D28/><U125/><E24/><V68/><F11/><W120/><G120/><T117/><D117/><U133/><E19/><V63/><F63/><N who="3" m="36231" /><G76/><T53/><D79/><U49/><E49/><V96/><F5/><N who="1" m="2153" /><E133/><V44/><F68/><W70/><G70/><T48/><REACH who="0" step="1"/><D8/><REACH who="0" ten="257,147,264,322" step="2"/><U130/><E102/><V3/><F103/><W35/><G35/><T29/><D29/><U84/><E101/><V0/><F100/><W80/><G80/><T27/><D27/><AGARI ba="1,1" hai="16,23,27,40,41,72,77,81" m="36231,55575" machi="27" ten="30,3900,0" yaku="25,1,54,2" doraHai="132" who="3" fromWho="0" sc="257,-42,147,0,264,0,322,52" />
</Scene>
<Scene>
<INIT seed="6,0,0,3,2,87" ten="215,147,264,374" oya="2" hai0="10,79,70,41,88,68,53,47,7,60,131,106,16" hai1="8,26,55,28,91,3,61,31,85,73,5,48,40" hai2="126,42,119,115,128,110,50,6,82,111,24,57,4" hai3="67,94,109,62,54,15,51,74,46,121,93,133,59"/><V117/><F82/><W83/><G109/><N who="2" m="41481" /><F24/><W34/><G121/><T13/><D106/><U122/><E122/><V130/><F57/><W97/><G34/><T134/><D79/><U35/><E73/><V127/><F50/><W14/><G133/><T77/><D134/><U98/><E31/><V33/><F42/><W90/><G74/><T20/><D77/><U29/><E29/><V19/><F19/><W56/><G83/><T21/><D131/><N who="2" m="50218" /><F33/><W112/><G59/><N who="0" m="34927" /><D68/><U36/><E35/><V101/><F101/><N who="3" m="60591" /><G112/><T66/><D66/><U108/><E108/><V102/><F102/><W92/><G92/><T125/><D70/><U45/><E61/><V52/><F52/><N who="3" m="29815" /><G67/><T80/><D47/><U76/><E76/><V38/><F115/><W72/><G72/><T2/><D41/><U27/><E40/><V69/><F69/><W25/><G25/><T71/><D71/><U84/><E27/><V64/><F64/><W0/><G0/><T22/><D2/><U75/><E26/><V58/><F58/><W43/><G43/><T1/><D1/><U104/><E3/><V120/><F38/><W107/><G107/><T30/><D30/><U18/><E36/><V135/><F135/><W123/><G123/><T78/><D78/><U86/><E28/><V17/><F120/><W9/><G9/><T49/><D49/><U113/><E113/><V124/><F17/><W44/><G44/><T105/><D105/><U118/><E18/><V89/><F124/><W95/><G95/><T32/><D125/><U103/><E75/><V23/><F126/><W132/><G132/><RYUUKYOKU ba="0,0" sc="215,-10,147,-10,264,-10,374,30" hai3="14,15,54,56,62,90,94" />
</Scene>
<Scene>
<INIT seed="7,1,0,4,5,17" ten="205,137,254,404" oya="3" hai0="72,18,49,114,60,115,102,83,4,22,98,91,66" hai1="19,25,134,39,34,122,94,53,133,51,99,108,70" hai2="12,131,111,93,56,67,13,30,118,14,15,104,78" hai3="20,110,132,71,88,87,69,45,65,44,127,57,124"/><W73/><G73/><T24/><D4/><U89/><E108/><V129/><F104/><W119/><G119/><T48/><D72/><U74/><E122/><V43/><F118/><W116/><G116/><T36/><D36/><U123/><E123/><V27/><F15/><W6/><G6/><T0/><D0/><U11/><E39/><V126/><F126/><W3/><G3/><T64/><D83/><U113/><E113/><N who="0" m="43017" /><D91/><U120/><E120/><V28/><F28/><W107/><G57/><N who="0" m="36879" /><D66/><U128/><E128/><N who="2" m="49227" /><F78/><W2/><G45/><T80/><D80/><U52/><E74/><V47/><F93/><AGARI ba="1,0" hai="18,22,24,48,49,93,98,102" m="36879,43017" machi="93" ten="30,3900,0" yaku="15,1,11,1,52,1" doraHai="17" who="0" fromWho="2" sc="205,42,137,0,254,-42,404,0" owari="247,5.0,137,-36.0,212,-19.0,404,50.0" />
</Scene>
</mjloggm>