<mjloggm ver="2.3"><GO type="169" lobby="0"/><UN n0="%E3%81%91%E3%82%93%31%39%37%30" n1="%E3%82%BF%E3%82%B1%E3%82%AA%E3%81%97%E3%82%83%E3%82%93" n2="%E5%A4%A9%E7%A5%9E%E4%B9%83%E9%9B%80" n3="%E5%A4%AA%E3%81%8F%E3%81%AA%E3%81%84%E3%81%8A" dan="16,19,16,18" rate="2148.62,2267.46,2072.58,2319.76" sx="M,M,M,M"/><TAIKYOKU oya="0"/>

<Scene>
<INIT seed="0,0,0,2,4,122" ten="250,250,250,250" oya="0" hai0="14,59,97,131,44,65,109,12,125,99,86,91,52" hai1="93,57,114,80,106,25,68,69,90,46,20,64,36" hai2="19,121,135,13,119,16,116,84,133,103,1,89,60" hai3="26,33,81,38,55,6,29,11,132,126,129,113,53"/><T127/><D131/><U72/><E106/><V105/><F121/><W54/><G113/><T10/><D65/><U73/><E114/><V108/><F1/><W18/><G38/><T48/><D59/><U107/><E107/><V111/><F60/><W78/><G129/><T120/><D120/><U128/><E128/><V2/><F2/><W0/><G126/><N who="0" m="48139" /><D14/><U101/><E46/><V112/><F112/><W83/><G132/><N who="2" m="50761" /><F103/><W3/><G3/><T85/><D85/><U40/><E40/><V75/><F75/><W79/><REACH who="3" step="1"/><G18/><REACH who="3" ten="250,250,250,240" step="2"/><N who="2" m="6697" /><F105/><W37/><G37/><T94/><D109/><N who="2" m="42058" /><F13/><W47/><G47/><T39/><D12/><U118/><E72/><V27/><F27/><W104/><G104/><T62/><D62/><U61/><E73/><V34/><F34/><W88/><G88/><T49/><D91/><U70/><E90/><V41/><F41/><W63/><G63/><T51/><D44/><U22/><E25/><V43/><F43/><W28/><G28/><T8/><D39/><U30/><E36/><V110/><N who="2" m="42066" /><V17/><DORA hai="96" /><F17/><W98/><G98/><T100/><D99/><U123/><E61/><V32/><F32/><W21/><G21/><T5/><D86/><U87/><E20/><V66/><F66/><W56/><G56/><T130/><D130/><U7/><E57/><V15/><F15/><W45/><G45/><N who="0" m="27663" /><D10/><U117/><E64/><V9/><F9/><W74/><G74/><T134/><D134/><U50/><E123/><V76/><F76/><AGARI ba="0,1" hai="0,6,11,26,29,33,53,54,55,76,78,79,81,83" machi="76" ten="40,5200,0" yaku="1,1,53,2" doraHai="122,96" doraHaiUra="42,77" who="3" fromWho="2" sc="250,0,250,0,250,-52,240,62" />
</Scene>
<Scene>
<INIT seed="1,0,0,1,2,121" ten="250,250,198,302" oya="1" hai0="61,128,104,123,47,65,48,109,116,2,85,60,120" hai1="87,90,80,78,106,76,130,7,64,99,126,30,93" hai2="63,36,74,112,55,23,113,92,3,103,77,50,58" hai3="111,33,29,22,75,115,97,27,56,37,54,133,127"/><U34/><E7/><V131/><F36/><W26/><G115/><N who="2" m="44105" /><F3/><W100/><G75/><T40/><D104/><U108/><E64/><V24/><F131/><W18/><G37/><T19/><D2/><U28/><E130/><V114/><N who="2" m="44113" /><V81/><DORA hai="79" /><F92/><W118/><G127/><T102/><D128/><U73/><E126/><V17/><F103/><W91/><G133/><T69/><D102/><N who="1" m="62815" /><E76/><V13/><F13/><W98/><G118/><T129/><D129/><U6/><E6/><V96/><F96/><W0/><G0/><T117/><D19/><U49/><E108/><V44/><F44/><W135/><G135/><T46/><D85/><U15/><E15/><V94/><F94/><N who="3" m="56543" /><G98/><T10/><D10/><U105/><E105/><V122/><F122/><N who="0" m="46634" /><D109/><U124/><E124/><V52/><F50/><W125/><G100/><T4/><D4/><U72/><E72/><V11/><F11/><W67/><G125/><T110/><D110/><U39/><E39/><V9/><F9/><W107/><G111/><T38/><D61/><U89/><E89/><V95/><F95/><W16/><G107/><T41/><AGARI ba="0,0" hai="38,40,41,46,47,48,60,65,69,116,117" m="46634" machi="41" ten="30,4000,0" yaku="13,1,34,2" doraHai="121,79" who="0" fromWho="0" sc="250,40,250,-20,198,-10,302,-10" />
</Scene>
<Scene>
<INIT seed="2,0,0,3,3,129" ten="290,230,188,292" oya="2" hai0="52,12,124,86,102,67,6,14,84,110,54,95,73" hai1="58,47,94,26,119,63,27,80,42,41,85,83,70" hai2="61,9,62,33,16,101,15,21,60,120,125,134,64" hai3="123,107,126,105,49,113,3,106,20,40,111,59,91"/><V79/><F120/><W93/><G123/><T76/><D110/><U108/><E70/><V66/><F125/><W43/><G3/><T56/><D73/><U35/><E108/><V103/><F33/><W32/><G32/><T38/><D38/><U10/><E119/><V44/><F79/><W24/><G111/><T57/><D67/><U51/><E41/><V116/><F116/><W132/><G126/><T39/><D39/><U99/><E10/><V117/><F117/><W77/><G77/><T65/><D65/><U72/><E72/><V25/><F134/><W121/><G121/><T82/><D124/><U81/><E85/><V98/><F44/><W19/><G113/><T55/><D6/><U122/><E35/><V89/><F89/><W78/><G78/><T13/><D102/><N who="2" m="38922" /><F98/><W130/><G130/><T88/><AGARI ba="0,0" hai="12,13,14,52,54,55,56,57,76,82,84,86,88,95" machi="88" ten="40,8000,1" yaku="0,1,8,1,54,2" doraHai="129" who="0" fromWho="0" sc="290,80,230,-20,188,-40,292,-20" />
</Scene>
<Scene>
<INIT seed="3,0,0,0,5,106" ten="370,210,148,272" oya="3" hai0="83,123,96,11,104,50,127,7,39,30,10,24,0" hai1="1,45,48,71,84,22,120,94,121,117,13,97,79" hai2="98,27,42,25,130,32,80,126,35,90,59,74,107" hai3="102,40,28,33,69,64,100,19,124,56,9,43,81"/><W131/><G131/><T65/><D123/><U114/><E1/><V26/><F130/><W133/><G124/><T46/><D127/><U16/><E71/><V34/><F126/><W57/><G133/><T78/><D65/><U68/><E68/><V129/><F129/><W23/><G69/><T119/><D11/><U91/><E114/><V61/><F42/><N who="3" m="15915" /><G33/><T55/><D39/><U17/><E117/><V70/><F70/><W29/><G81/><T12/><D0/><U132/><E132/><V60/><F107/><W112/><G9/><T110/><D110/><U82/><REACH who="1" step="1"/><E17/><REACH who="1" ten="370,200,148,272" step="2"/><V75/><F61/><N who="3" m="37927" /><G112/><T51/><D119/><U18/><E18/><V76/><F98/><W31/><G57/><T4/><D96/><U87/><E87/><V54/><REACH who="2" step="1"/><F90/><REACH who="2" ten="370,200,138,272" step="2"/><W41/><G41/><AGARI ba="0,2" hai="13,16,22,41,45,48,79,82,84,91,94,97,120,121" machi="41" ten="30,7700,0" yaku="1,1,7,1,54,1,53,1" doraHai="106" doraHaiUra="92" who="1" fromWho="3" sc="370,0,200,97,138,0,272,-77" />
</Scene>
<Scene>
<INIT seed="4,0,0,5,3,58" ten="370,297,138,195" oya="0" hai0="84,27,44,9,67,4,108,62,0,17,129,119,80" hai1="57,120,74,121,16,130,89,1,113,13,26,23,7" hai2="2,107,96,77,111,12,50,65,28,54,106,47,102" hai3="88,133,53,93,79,38,109,43,85,100,86,33,131"/><T24/><D119/><U52/><E1/><V8/><F111/><W49/><G109/><T30/><D108/><U91/><E74/><V105/><F65/><W51/><G33/><T3/><D129/><U134/><E130/><V90/><F77/><W68/><G131/><T114/><D114/><U6/><E134/><V117/><F117/><W125/><G68/><T104/><D104/><U115/><E89/><V48/><F28/><W37/><G133/><T55/><D3/><U59/><E59/><V128/><F128/><W71/><G71/><T98/><D98/><U70/><E70/><V97/><F2/><W124/><G100/><T118/><D118/><U32/><E91/><V110/><F110/><W36/><G43/><T64/><D17/><U10/><E7/><V92/><REACH who="2" step="1"/><F50/><REACH who="2" ten="370,297,128,195" step="2"/><W60/><G60/><T29/><D29/><U34/><E120/><V87/><F87/><W99/><G49/><N who="0" m="29095" /><D62/><N who="1" m="36135" /><E121/><V78/><F78/><W11/><G79/><N who="0" m="46111" /><D0/><U40/><E40/><V69/><F69/><W103/><G85/><T15/><D30/><U94/><E34/><V31/><F31/><W135/><G135/><T82/><D67/><U63/><E32/><V73/><F73/><W76/><G76/><T35/><D64/><U66/><E63/><V75/><F75/><W41/><G41/><T112/><D35/><U14/><E66/><V127/><F127/><N who="3" m="48715" /><G51/><T5/><D112/><U101/><E115/><V83/><F83/><N who="3" m="49247" /><G53/><T18/><D82/><U46/><E113/><V42/><F42/><W95/><G37/><T45/><D45/><U20/><E46/><V19/><AGARI ba="0,1" hai="8,12,19,47,48,54,90,92,96,97,102,105,106,107" machi="19" ten="20,5200,0" yaku="1,1,5,1,0,1,7,1,53,0" doraHai="58" doraHaiUra="25" who="2" fromWho="2" sc="370,-26,297,-13,128,62,195,-13" />
</Scene>
<Scene>
<INIT seed="5,0,0,0,2,83" ten="344,284,190,182" oya="1" hai0="37,36,67,23,124,74,47,50,109,11,125,81,26" hai1="79,128,58,16,113,15,57,77,102,53,99,21,71" hai2="75,127,6,65,22,116,2,43,35,98,130,9,39" hai3="61,131,40,135,115,25,38,70,85,103,68,3,41"/><U66/><E113/><V96/><F116/><W82/><G3/><T132/><D109/><U64/><E71/><V121/><F121/><W89/><G115/><T60/><D11/><U12/><E12/><V110/><F75/><W114/><G114/><T28/><D132/><U56/><E53/><V129/><F110/><W4/><G4/><T8/><D8/><U51/><E51/><V73/><F73/><W62/><G135/><T27/><D27/><U31/><E31/><V93/><F35/><W13/><G13/><T94/><D94/><N who="1" m="58743" /><E128/><N who="2" m="49259" /><F65/><AGARI ba="0,0" hai="15,16,21,56,57,58,64,65,66,77,79" m="58743" machi="65" ten="30,2900,0" yaku="8,1,54,1" doraHai="83" who="1" fromWho="2" sc="344,0,284,29,190,-29,182,0" />
</Scene>
<Scene>
<INIT seed="5,1,0,4,0,54" ten="344,313,161,182" oya="1" hai0="118,110,97,58,8,92,60,80,18,49,1,112,121" hai1="47,132,119,116,79,93,52,122,85,73,77,22,40" hai2="17,117,83,91,27,32,64,125,53,14,115,6,30" hai3="5,106,135,98,107,10,124,35,31,120,111,34,131"/><U69/><E122/><V66/><F117/><W62/><G120/><T29/><D110/><U28/><E73/><V128/><F115/><W70/><G111/><T21/><D118/><U87/><E69/><V55/><F6/><W109/><G109/><T71/><D112/><U15/><E132/><V74/><F125/><W134/><G124/><T11/><D29/><U57/><E116/><V13/><F13/><W36/><G36/><T86/><D49/><N who="1" m="26855" /><E119/><V99/><F128/><W3/><G131/><T100/><D71/><U56/><E56/><V33/><F33/><N who="3" m="12299" /><G31/><T105/><D105/><N who="3" m="39945" /><G98/><T0/><D121/><U37/><E37/><V7/><F7/><W19/><G19/><T39/><D39/><U20/><E28/><V4/><F4/><W24/><G24/><N who="0" m="14391" /><D1/><U67/><E67/><AGARI ba="1,0" hai="3,5,10,62,67,70,134,135" m="39945,12299" machi="67" ten="40,1300,0" yaku="23,1" doraHai="54" who="3" fromWho="1" sc="344,0,313,-16,161,0,182,16" />
</Scene>
<Scene>
<INIT seed="6,0,0,1,4,11" ten="344,297,161,198" oya="2" hai0="26,79,38,52,29,45,120,68,82,108,113,67,131" hai1="128,43,9,72,28,42,24,15,115,124,98,55,119" hai2="125,57,59,100,88,5,70,85,117,129,76,80,112" hai3="3,10,2,114,58,48,127,96,91,34,132,104,19"/><V8/><F70/><W54/><G34/><T17/><D108/><U110/><E72/><V18/><F117/><W33/><G33/><T102/><D120/><U77/><E77/><V6/><F112/><W78/><G78/><T37/><D102/><U116/><E110/><V94/><F125/><W83/><G127/><T123/><D113/><U32/><E124/><V66/><F129/><W101/><G114/><T134/><D134/><U73/><E73/><V90/><F66/><W40/><G132/><T61/><D131/><U65/><E128/><V30/><F30/><W64/><G40/><T118/><D123/><U107/><E42/><V13/><F100/><W103/><G64/><T126/><D118/><U36/><E55/><V75/><REACH who="2" step="1"/><F90/><REACH who="2" ten="344,297,151,198" step="2"/><W63/><G101/><T121/><D126/><U111/><E65/><V35/><F35/><W106/><G106/><T74/><D121/><U135/><E115/><V133/><F133/><W81/><G91/><T60/><D29/><U62/><E135/><V53/><F53/><W99/><G104/><T92/><D68/><U16/><E111/><V109/><F109/><W4/><G103/><T71/><D71/><U27/><E107/><V89/><F89/><W56/><G54/><T14/><D67/><U0/><E28/><V44/><F44/><W130/><G130/><T93/><D52/><U97/><E32/><V22/><F22/><W47/><G47/><T46/><D46/><U69/><E69/><V39/><F39/><W95/><G58/><AGARI ba="0,1" hai="5,6,8,13,18,57,58,59,75,76,80,85,88,94" machi="58" ten="40,12000,1" yaku="1,1,52,1,54,1,53,1" doraHai="11" doraHaiUra="7" who="2" fromWho="3" sc="344,0,297,0,151,130,198,-120" />
</Scene>
<Scene>
<INIT seed="6,1,0,5,2,85" ten="344,297,281,78" oya="2" hai0="80,79,67,14,2,124,34,13,75,98,55,28,127" hai1="102,116,3,128,6,94,121,0,69,8,58,119,112" hai2="61,16,47,100,77,96,132,81,50,89,54,60,9" hai3="88,48,32,86,72,21,25,90,49,114,11,82,134"/><V62/><F132/><W38/><G38/><T30/><D2/><U17/><E69/><V99/><F100/><W105/><G32/><T22/><D34/><U97/><E128/><V51/><F51/><W101/><G134/><T84/><D67/><U123/><E112/><V125/><F125/><N who="0" m="48202" /><D75/><U78/><E78/><V76/><F76/><W27/><G72/><T24/><D30/><U43/><E43/><V46/><F46/><W126/><G126/><T95/><D55/><U103/><E103/><AGARI ba="1,0" hai="13,14,22,24,28,79,80,84,95,98,103" m="48202" machi="103" ten="30,1000,0" yaku="18,1" doraHai="85" who="0" fromWho="1" sc="344,13,297,-13,281,0,78,0" />
</Scene>
<Scene>
<INIT seed="7,0,0,5,2,19" ten="357,284,281,78" oya="3" hai0="77,127,58,10,130,104,51,42,69,72,106,16,114" hai1="28,78,47,32,81,93,129,26,4,8,31,64,83" hai2="66,67,20,90,18,54,82,23,40,34,37,3,121" hai3="101,124,70,110,115,39,87,128,65,111,132,131,74"/><W80/><G39/><T61/><D69/><U17/><E129/><N who="3" m="49738" /><G65/><N who="2" m="24585" /><F37/><W57/><G57/><T102/><D130/><U15/><E64/><V71/><F71/><W94/><G70/><T95/><D72/><U53/><E93/><V125/><F34/><W62/><G62/><T33/><D33/><U55/><E31/><V88/><F121/><W59/><G59/><T38/><D77/><U96/><E96/><V122/><F122/><W46/><G46/><T100/><D38/><U63/><E63/><V89/><F40/><W43/><G43/><T108/><D104/><U30/><E30/><V79/><F3/><W13/><G13/><T60/><D106/><U98/><E98/><V134/><F54/><W9/><G9/><T2/><D2/><U119/><E47/><V52/><F52/><W97/><G115/><T56/><D114/><U75/><E81/><V99/><F82/><W44/><G44/><T105/><D42/><U73/><E73/><V126/><F79/><N who="3" m="44151" /><G132/><T109/><D51/><U24/><E53/><V133/><F133/><W0/><G0/><T48/><D48/><U25/><E55/><V117/><F134/><W120/><G120/><T91/><D61/><U11/><E11/><V35/><F35/><W135/><G135/><T22/><D10/><U116/><E4/><V36/><F36/><W5/><G5/><T12/><D60/><U1/><E1/><V21/><F18/><W118/><G118/><AGARI ba="0,0" hai="8,15,17,24,25,26,28,32,75,78,83,116,118,119" machi="118" ten="40,1300,0" yaku="12,1" doraHai="19" who="1" fromWho="3" sc="357,0,284,13,281,0,78,-13" owari="357,45.0,297,10.0,281,-12.0,65,-43.0" />
</Scene>
</mjloggm>