<mjloggm ver="2.3"><GO type="169" lobby="0"/><UN n0="%E2%98%86%E5%AE%AE%E6%B0%B8%E7%85%A7%E3%81%A1%E3%82%83%E3%82%93%E2%98%86" n1="%E5%A4%AA%E3%81%8F%E3%81%AA%E3%81%84%E3%81%8A" n2="%64%61%72%74%65%72" n3="%63%68%6F%6E%6A%69" dan="16,18,18,16" rate="2136.97,2211.68,2185.85,2122.27" sx="M,F,M,M"/><TAIKYOKU oya="0"/>

<Scene>
<INIT seed="0,0,0,2,1,6" ten="250,250,250,250" oya="0" hai0="129,8,77,78,12,62,44,39,109,57,9,134,73" hai1="82,66,106,128,46,24,124,59,63,34,116,114,87" hai2="17,32,0,118,38,83,42,1,51,58,70,53,22" hai3="86,111,130,104,54,120,105,52,133,68,69,28,64"/><T21/><D129/><U123/><E116/><V30/><F118/><W84/><G130/><T60/><D134/><U20/><E128/><V47/><F83/><W11/><G133/><T88/><D73/><U36/><E123/><V91/><F32/><W92/><G28/><T126/><D39/><U98/><E34/><V55/><F30/><W23/><G23/><T135/><D135/><U72/><E72/><V25/><F70/><W90/><G111/><T76/><D126/><U14/><E124/><V29/><F91/><W40/><G40/><T81/><D44/><U117/><E117/><V95/><F95/><W79/><G79/><T99/><D62/><U112/><E36/><V115/><F115/><W26/><G26/><T127/><D109/><U7/><E46/><V35/><F55/><W16/><G120/><T80/><D80/><U61/><E106/><V43/><REACH who="2" step="1"/><F42/><REACH who="2" ten="250,250,240,250" step="2"/><W100/><G86/><N who="0" m="50255" /><D99/><U74/><E98/><V5/><F5/><W107/><G100/><T18/><D127/><U50/><E74/><V2/><F2/><W119/><G119/><T33/><D33/><U122/><E112/><V19/><F19/><W103/><G103/><T102/><D102/><U10/><E114/><V65/><F65/><AGARI ba="0,1" hai="8,9,12,18,21,57,60,65,76,77,78" m="50255" machi="65" ten="30,11600,0" yaku="8,1,52,2,54,1" doraHai="6" who="0" fromWho="2" sc="250,126,250,0,240,-116,250,0" />
</Scene>
<Scene>
<INIT seed="0,1,0,5,1,26" ten="376,250,124,250" oya="0" hai0="77,3,51,124,49,8,48,125,102,33,76,34,30" hai1="28,52,53,59,112,40,70,72,83,1,18,69,23" hai2="41,43,96,56,37,67,22,99,13,32,88,0,46" hai3="2,109,86,101,12,17,89,111,15,113,27,71,119"/><T38/><D38/><U123/><E123/><V35/><F0/><W57/><G71/><T47/><D102/><U84/><E72/><V129/><F129/><W61/><G2/><T9/><D47/><U36/><E1/><V133/><F133/><W120/><G119/><T5/><D30/><U105/><E105/><V75/><F75/><W131/><G131/><T85/><D85/><U121/><E121/><V6/><F41/><W122/><G113/><T81/><D9/><U16/><E112/><V20/><F96/><W74/><G101/><T93/><D93/><U135/><E135/><V110/><F110/><N who="3" m="41995" /><G27/><T55/><D55/><U60/><E36/><V65/><F6/><W91/><G91/><T100/><D100/><U116/><E116/><V94/><F22/><N who="3" m="11559" /><G15/><T90/><D90/><N who="1" m="51487" /><E70/><V39/><F35/><N who="0" m="13322" /><D81/><U117/><E117/><V10/><F32/><W97/><G97/><T21/><D21/><U98/><E98/><V127/><F20/><W58/><G74/><T66/><D66/><N who="1" m="39199" /><E40/><V11/><F67/><N who="3" m="39343" /><G58/><T24/><D24/><N who="1" m="16415" /><E69/><V44/><F65/><W4/><G4/><T25/><D25/><U82/><E82/><AGARI ba="1,0" hai="82,86,89,120,122" m="39343,11559,41995" machi="82" ten="30,1000,0" yaku="14,1" doraHai="26" who="3" fromWho="1" sc="376,0,250,-13,124,0,250,13" />
</Scene>
<Scene>
<INIT seed="1,0,0,1,1,41" ten="376,237,124,263" oya="1" hai0="27,36,11,81,95,122,23,59,102,94,133,16,0" hai1="65,67,5,17,96,47,79,25,114,82,75,76,38" hai2="6,13,48,68,45,57,71,10,98,60,80,3,88" hai3="101,24,1,97,20,58,15,21,54,56,62,19,109"/><U108/><E114/><V18/><F57/><W55/><G109/><T32/><D133/><U37/><E108/><V131/><F131/><W99/><G1/><T106/><D122/><U112/><E112/><V118/><F118/><W134/><G101/><T46/><D32/><U31/><E17/><V72/><F72/><W84/><G84/><T105/><D81/><U33/><E79/><V121/><F121/><W53/><G134/><T128/><D128/><U66/><E5/><V22/><F60/><W129/><G129/><T30/><D59/><U63/><E63/><V92/><REACH who="2" step="1"/><F80/><REACH who="2" ten="376,237,114,263" step="2"/><W120/><G120/><T73/><D73/><U4/><E75/><V103/><F103/><W104/><G58/><T113/><D113/><U77/><E82/><V83/><F83/><W125/><G125/><T28/><D102/><U123/><E123/><V50/><F50/><W44/><G56/><T70/><D105/><U40/><E38/><V52/><AGARI ba="0,1" hai="3,6,10,13,18,22,45,48,52,68,71,88,92,98" machi="52" ten="20,12000,2" yaku="1,1,0,1,7,1,52,1,54,2,53,1" doraHai="41" doraHaiUra="42" who="2" fromWho="2" sc="376,-30,237,-60,114,130,263,-30" />
</Scene>
<Scene>
<INIT seed="2,0,0,0,2,80" ten="346,177,244,233" oya="2" hai0="110,17,109,30,71,68,56,96,34,101,24,49,23" hai1="89,46,42,67,132,6,76,106,21,9,82,107,126" hai2="25,111,44,65,20,60,87,112,64,55,88,104,4" hai3="33,39,52,31,48,11,77,36,75,116,43,12,73"/><V133/><F112/><W97/><G116/><T105/><D49/><U122/><E132/><V35/><F133/><W102/><G43/><T103/><D56/><U134/><E134/><V120/><F120/><W99/><G75/><T127/><D103/><U74/><E122/><V32/><F104/><W47/><G99/><T90/><D90/><U62/><E21/><V135/><F135/><W50/><G50/><T85/><D85/><U66/><E89/><V59/><F111/><N who="0" m="42506" /><D127/><U22/><E22/><V129/><F129/><W37/><G77/><T95/><D105/><U10/><E10/><V63/><F4/><W8/><G73/><T131/><D131/><U13/><E126/><V53/><F35/><W41/><G41/><T128/><D128/><U15/><E15/><AGARI ba="0,0" hai="15,17,23,24,30,34,68,71,95,96,101" m="42506" machi="15" ten="30,1000,0" yaku="14,1" doraHai="80" who="0" fromWho="1" sc="346,10,177,-10,244,0,233,0" />
</Scene>
<Scene>
<INIT seed="3,0,0,3,0,42" ten="356,167,244,233" oya="3" hai0="56,73,7,71,4,116,89,53,26,126,128,32,102" hai1="13,25,17,74,80,119,81,59,12,44,52,88,66" hai2="77,113,36,28,99,64,58,97,68,35,120,133,61" hai3="24,5,47,109,122,2,33,118,48,84,67,65,19"/><W131/><G118/><T114/><D116/><U22/><E119/><V27/><F36/><W49/><G122/><T21/><D71/><U100/><E100/><V108/><F113/><W121/><G121/><T107/><D114/><U15/><E74/><V69/><F120/><W41/><G49/><T91/><D32/><U135/><E135/><V92/><F108/><W93/><G131/><T11/><D73/><U40/><E66/><V83/><F99/><W8/><G109/><T10/><D102/><U110/><E110/><V130/><F133/><W112/><G112/><T115/><D126/><U57/><E88/><N who="0" m="33865" /><D107/><U46/><E57/><V51/><F51/><W30/><G93/><T117/><D117/><U82/><E40/><V31/><F31/><W70/><G70/><T76/><D76/><U75/><E75/><V79/><F79/><W123/><G123/><T96/><D96/><U60/><AGARI ba="0,0" hai="12,13,15,17,22,25,44,46,52,59,60,80,81,82" machi="60" ten="30,8000,1" yaku="0,1,8,1,52,2,54,1" doraHai="42" who="1" fromWho="1" sc="356,-20,167,80,244,-20,233,-40" />
</Scene>
<Scene>
<INIT seed="4,0,0,3,0,117" ten="336,247,224,193" oya="0" hai0="96,95,4,109,105,15,128,130,89,54,107,45,24" hai1="1,11,10,27,104,121,115,34,134,52,48,37,60" hai2="112,70,57,66,87,63,2,36,58,97,14,102,9" hai3="83,93,101,108,69,12,123,131,125,122,132,16,5"/><T106/><D109/><U110/><E110/><V73/><F73/><W127/><G108/><T7/><D24/><U17/><E37/><V26/><F36/><W88/><G69/><T74/><D74/><U98/><E134/><V51/><F2/><W68/><G132/><T8/><D4/><U18/><E60/><V30/><F87/><N who="3" m="50303" /><G5/><T82/><D82/><U35/><E115/><V39/><F39/><W135/><G68/><T38/><REACH who="0" step="1"/><D54/><REACH who="0" ten="326,247,224,193" step="2"/><U80/><E80/><V33/><F112/><W92/><G135/><T103/><D103/><U3/><E27/><V99/><F102/><W32/><G32/><T43/><AGARI ba="0,1" hai="7,8,15,38,43,45,89,95,96,105,106,107,128,130" machi="43" ten="40,3900,0" yaku="1,1,0,1,53,0" doraHai="117" doraHaiUra="62" who="0" fromWho="0" sc="326,49,247,-13,224,-13,193,-13" />
</Scene>
<Scene>
<INIT seed="4,1,0,1,3,9" ten="375,234,211,180" oya="0" hai0="64,57,53,98,16,59,129,112,85,87,30,50,34" hai1="15,95,3,88,48,35,82,32,8,90,96,58,133" hai2="128,1,75,99,46,51,125,102,5,20,22,80,36" hai3="134,130,76,69,40,14,17,28,91,45,114,124,44"/><T0/><D112/><U19/><E133/><V84/><F125/><W77/><G124/><T54/><D129/><U73/><E3/><V119/><F128/><W65/><G130/><T31/><D0/><U4/><E4/><V93/><F119/><W92/><G114/><T116/><D116/><U70/><E70/><V74/><F36/><W131/><G134/><T105/><D64/><U66/><E48/><V63/><F63/><W12/><G131/><T27/><D31/><U61/><REACH who="1" step="1"/><E90/><REACH who="1" ten="375,224,211,180" step="2"/><V126/><F1/><W121/><G121/><T122/><D50/><U106/><E106/><V18/><F5/><W43/><G69/><T60/><D60/><U104/><E104/><V81/><F126/><W103/><G103/><T107/><D122/><U110/><E110/><V29/><F51/><W78/><G65/><T11/><D105/><U83/><E83/><V6/><F6/><W111/><G111/><T94/><D107/><U127/><E127/><V123/><F123/><W97/><G28/><T100/><D54/><U2/><E2/><V55/><F55/><W109/><G109/><T67/><D67/><U24/><E24/><N who="2" m="16535" /><F80/><W13/><REACH who="3" step="1"/><G17/><REACH who="3" ten="375,224,211,170" step="2"/><T132/><D132/><U62/><E62/><V108/><F108/><W25/><G25/><T41/><D27/><U71/><E71/><V47/><F18/><W42/><AGARI ba="1,2" hai="12,13,14,40,42,43,44,45,76,77,78,91,92,97" machi="42" ten="40,16000,3" yaku="1,1,0,1,29,2,8,1,52,3,53,0" doraHai="9" doraHaiUra="33" who="3" fromWho="3" sc="375,-81,224,-41,211,-41,170,183" />
</Scene>
<Scene>
<INIT seed="5,0,0,2,2,131" ten="294,183,170,353" oya="1" hai0="41,129,69,132,77,48,76,15,119,87,61,98,53" hai1="0,117,30,81,79,16,14,34,42,125,40,39,80" hai2="28,101,124,85,134,19,59,36,71,89,91,93,121" hai3="47,74,78,123,82,62,46,55,50,113,107,58,60"/><U102/><E117/><V7/><F71/><W118/><G113/><T38/><D119/><U130/><E0/><V133/><F36/><W83/><G123/><T3/><D3/><U109/><E130/><V37/><F37/><W32/><G107/><T84/><D129/><U75/><E125/><V111/><F121/><W2/><G32/><T95/><D132/><N who="2" m="50794" /><F124/><W66/><G2/><T9/><D61/><U1/><E1/><V64/><F111/><W51/><G62/><T94/><D94/><U96/><E109/><V128/><F128/><W70/><G118/><T90/><D41/><U4/><E4/><V106/><F7/><W8/><G51/><T11/><D11/><U6/><E6/><V114/><F114/><W68/><G8/><T45/><D38/><U86/><E39/><V10/><F28/><W67/><G70/><T97/><D97/><U52/><E30/><V49/><F91/><W115/><G115/><T65/><D69/><U57/><E34/><V110/><F110/><W103/><G67/><T27/><D65/><U105/><E80/><V31/><F31/><W127/><G127/><T24/><D76/><U88/><E79/><V44/><F64/><W21/><G83/><T120/><D77/><U33/><E33/><V5/><F5/><W26/><G68/><T135/><D120/><U12/><E75/><V23/><F10/><W63/><G66/><T20/><D9/><U72/><E72/><V29/><F29/><N who="3" m="17615" /><G78/><T43/><D135/><U100/><E100/><V35/><F35/><W18/><G103/><T104/><D90/><U108/><E88/><RYUUKYOKU ba="0,0" sc="294,0,183,0,170,0,353,0" />
</Scene>
<Scene>
<INIT seed="6,1,0,5,1,67" ten="294,183,170,353" oya="2" hai0="48,64,122,106,121,119,110,120,105,62,13,109,58" hai1="15,134,96,77,61,65,54,83,28,135,82,40,107" hai2="20,104,103,59,11,101,80,133,27,0,35,10,24" hai3="87,118,128,43,102,44,97,93,113,31,111,85,36"/><V127/><F127/><W84/><G111/><N who="0" m="42507" /><D106/><U115/><E115/><V86/><F133/><N who="1" m="50697" /><E40/><V22/><F35/><W51/><G113/><T114/><D105/><U68/><E28/><N who="2" m="17415" /><F59/><W71/><G36/><T108/><D13/><U2/><E2/><V45/><F45/><W131/><G31/><T66/><N who="0" m="42515" /><T116/><DORA hai="29" /><D114/><U1/><E1/><V18/><F104/><W88/><G102/><N who="2" m="38921" /><F0/><W21/><G21/><T123/><D123/><U12/><E107/><V5/><F5/><W32/><G32/><T69/><D48/><U37/><E37/><V98/><F98/><W6/><G6/><T75/><D75/><N who="1" m="43327" /><E96/><V33/><F33/><W129/><REACH who="3" step="1"/><G118/><REACH who="3" ten="294,183,170,343" step="2"/><T4/><D4/><U60/><E15/><V100/><N who="2" m="38929" /><V94/><DORA hai="41" /><F94/><W90/><G90/><AGARI ba="1,1" hai="10,11,18,22,27,80,86,90" m="38929,17415" machi="90" ten="30,1500,0" yaku="8,1" doraHai="67,29,41" who="2" fromWho="3" sc="294,0,183,0,170,28,343,-18" />
</Scene>
<Scene>
<INIT seed="6,2,0,0,2,128" ten="294,183,198,325" oya="2" hai0="20,104,54,129,41,4,32,118,81,69,131,105,6" hai1="98,93,50,125,111,132,108,15,59,133,73,64,107" hai2="52,100,10,60,95,70,82,45,117,63,67,26,11" hai3="76,27,103,36,58,38,49,110,121,66,83,30,25"/><V24/><F117/><W109/><G121/><T90/><D118/><U124/><E107/><N who="0" m="41033" /><D32/><U101/><E73/><V127/><F127/><N who="1" m="48713" /><E15/><V74/><F74/><W9/><G103/><T122/><D69/><U28/><E28/><V31/><F82/><W89/><G89/><T112/><D122/><U65/><E50/><V56/><F45/><W94/><G94/><T22/><D41/><U123/><E123/><V12/><F24/><W44/><G58/><T113/><D54/><U130/><E130/><N who="0" m="49673" /><D90/><U134/><E59/><V78/><F78/><W119/><G119/><T86/><D86/><U35/><E35/><V55/><F55/><W42/><G66/><AGARI ba="2,0" hai="64,65,66,93,98,101,108,111,132,133,134" m="48713" machi="66" ten="40,8000,1" yaku="20,1,18,1,52,3" doraHai="128" who="1" fromWho="3" sc="294,0,183,86,198,0,325,-86" />
</Scene>
<Scene>
<INIT seed="7,0,0,2,3,115" ten="294,269,198,239" oya="3" hai0="63,111,103,16,28,6,32,127,122,113,34,36,106" hai1="82,117,38,108,99,60,45,29,77,107,91,19,70" hai2="116,98,96,133,52,132,105,79,128,54,135,44,65" hai3="84,123,94,5,53,42,49,67,14,4,89,56,55"/><W20/><G123/><T90/><D122/><U37/><E108/><V66/><F128/><W72/><G72/><T13/><D111/><U62/><E29/><V31/><F31/><W21/><G42/><T100/><D113/><U92/><E107/><V119/><F79/><W30/><G67/><N who="2" m="25609" /><F98/><W22/><G55/><N who="2" m="21033" /><F44/><W27/><REACH who="3" step="1"/><G22/><REACH who="3" ten="294,269,198,229" step="2"/><T97/><D34/><U64/><E64/><V114/><F114/><W121/><G121/><T1/><D32/><U40/><E40/><V68/><F68/><W0/><G0/><T102/><D1/><U81/><E70/><V43/><F43/><W83/><G83/><T23/><D23/><U61/><E81/><V25/><F25/><W130/><G130/><T120/><D120/><U125/><E82/><V48/><F48/><W124/><G124/><T7/><D127/><U58/><E125/><V46/><F46/><W26/><G26/><T15/><D36/><U78/><E45/><V35/><F35/><W86/><G86/><T10/><D106/><U126/><E126/><V59/><F59/><W11/><G11/><T57/><D10/><U47/><E47/><V75/><F75/><W12/><G12/><T85/><D15/><U17/><E58/><V101/><AGARI ba="0,1" hai="96,101,105,116,119,132,133,135" m="21033,25609" machi="101" ten="40,8000,1" yaku="20,1,52,2,54,1" doraHai="115" who="2" fromWho="2" sc="294,-20,269,-20,198,90,229,-40" />
</Scene>
<Scene>
<INIT seed="8,0,0,5,1,129" ten="274,249,288,189" oya="0" hai0="135,52,122,99,34,68,45,26,124,23,101,70,133" hai1="66,83,21,121,91,119,81,57,30,36,18,48,69" hai2="120,92,95,93,12,16,33,126,8,85,110,17,71" hai3="20,105,61,10,90,125,3,131,39,53,27,56,25"/><T32/><D124/><U72/><E36/><V102/><F71/><N who="0" m="27178" /><D122/><U109/><E109/><V73/><F73/><W89/><G131/><T38/><D52/><N who="1" m="31879" /><E72/><V41/><F33/><W132/><G125/><T47/><D38/><U127/><E121/><V106/><F110/><W35/><G105/><N who="0" m="63679" /><D34/><U112/><E127/><V98/><F126/><W44/><G35/><T84/><D84/><U104/><E104/><V11/><F120/><W118/><G118/><T2/><D2/><U100/><E100/><V86/><F41/><W63/><G63/><T116/><D116/><U54/><E119/><V13/><AGARI ba="0,0" hai="8,11,12,13,16,17,85,86,92,93,95,98,102,106" machi="13" ten="30,4000,0" yaku="0,1,9,1,54,1" doraHai="129" who="2" fromWho="2" sc="274,-20,249,-10,288,40,189,-10" owari="254,5.0,239,-16.0,328,43.0,179,-32.0" />
</Scene>
</mjloggm>