<mjloggm ver="2.3"><GO type="169" lobby="0"/><UN n0="%7A%61%63%63" n1="%E3%82%AE%E3%82%AC%E3%83%9E%E3%82%A4%E3%83%B3" n2="%E5%A4%AA%E3%81%8F%E3%81%AA%E3%81%84%E3%81%8A" n3="%E3%81%AC%E3%81%8F%E3%82%82%E3%82%8A" dan="17,18,18,16" rate="2163.70,2198.29,2249.32,2114.08" sx="F,M,M,M"/><TAIKYOKU oya="0"/>

<Scene>
<INIT seed="0,0,0,4,4,88" ten="250,250,250,250" oya="0" hai0="13,99,126,22,46,57,54,58,20,10,112,64,93" hai1="45,55,0,96,70,101,26,48,44,124,62,71,132" hai2="14,122,43,56,81,129,5,3,116,49,52,87,25" hai3="33,42,23,103,121,106,35,74,37,120,83,59,73"/><T47/><D112/><U94/><E0/><V117/><F122/><N who="3" m="47211" /><G23/><N who="0" m="8747" /><D126/><U89/><E124/><V63/><F3/><W118/><G118/><N who="2" m="45673" /><F129/><W66/><G59/><N who="0" m="22539" /><D64/><U68/><E132/><V134/><F25/><W105/><G66/><T69/><D54/><U15/><E26/><V82/><F134/><W115/><G115/><T80/><D80/><N who="2" m="30826" /><F87/><W4/><G4/><N who="0" m="3271" /><D69/><U91/><E62/><V27/><F27/><W41/><G83/><T38/><D38/><U111/><E111/><V51/><F43/><N who="3" m="16395" /><G37/><T133/><D133/><U97/><E45/><V75/><F75/><N who="3" m="28683" /><G103/><AGARI ba="0,0" hai="46,47,93,99,103" m="3271,22539,8747" machi="103" ten="30,2900,0" yaku="8,1,52,1" doraHai="88" who="0" fromWho="3" sc="250,29,250,0,250,0,250,-29" />
</Scene>
<Scene>
<INIT seed="0,1,0,4,1,108" ten="279,250,250,221" oya="0" hai0="24,25,109,103,78,51,86,56,74,71,39,99,61" hai1="123,28,70,11,79,2,87,75,65,68,114,53,120" hai2="13,134,102,90,31,124,133,130,4,81,36,131,10" hai3="8,58,67,12,132,21,125,72,17,116,49,20,126"/><T43/><D71/><U94/><E75/><V112/><F36/><W113/><G116/><T82/><D39/><U1/><E28/><V18/><F102/><W54/><G72/><T95/><D109/><U88/><E79/><V5/><F90/><W96/><G132/><N who="2" m="50793" /><F81/><W50/><G67/><N who="0" m="39335" /><D74/><U98/><E114/><V111/><F111/><W34/><G34/><T110/><D110/><U128/><E128/><N who="2" m="49195" /><F112/><W84/><G113/><T7/><D7/><N who="2" m="2634" /><F31/><W3/><G84/><T40/><D51/><U115/><E115/><V73/><F73/><W55/><G96/><T119/><D119/><U16/><E53/><V45/><F45/><W64/><G64/><T83/><D82/><U76/><E76/><V135/><F135/><W42/><G54/><T15/><D43/><U93/><E65/><V92/><F92/><W6/><G42/><T37/><D37/><U122/><E70/><V121/><F121/><W60/><G49/><T105/><D40/><U44/><E68/><V30/><F30/><W48/><G50/><T22/><D105/><U91/><E44/><V38/><F38/><W23/><G48/><T52/><D52/><U118/><E118/><V85/><F85/><W117/><G117/><T97/><D99/><U35/><E123/><V62/><F62/><W107/><G107/><T80/><D83/><U9/><E122/><V59/><F59/><W29/><G29/><T63/><D63/><U101/><E120/><V19/><F19/><AGARI ba="1,0" hai="15,19,22,24,25,78,80,86,95,97,103" m="39335" machi="19" ten="30,1500,0" yaku="8,1" doraHai="108" who="0" fromWho="2" sc="279,18,250,0,250,-18,221,0" />
</Scene>
<Scene>
<INIT seed="0,2,0,4,4,46" ten="297,250,232,221" oya="0" hai0="24,6,112,125,70,66,40,30,126,61,44,52,33" hai1="91,22,92,15,37,36,27,18,84,119,65,9,79" hai2="54,13,93,64,83,131,28,90,34,111,14,106,19" hai3="49,105,123,60,50,16,100,132,55,115,87,101,129"/><T73/><D73/><U107/><E107/><V127/><F106/><W124/><G115/><T68/><D112/><U109/><E119/><V10/><F111/><W1/><G1/><T20/><D6/><U7/><E109/><V114/><F114/><W97/><G129/><T48/><D70/><U59/><E79/><V118/><F131/><W86/><G132/><T78/><D78/><U89/><E65/><V25/><F127/><N who="0" m="48650" /><D40/><U43/><E43/><V135/><F135/><W31/><G124/><T99/><D99/><U96/><REACH who="1" step="1"/><E59/><REACH who="1" ten="297,240,232,221" step="2"/><V42/><F64/><W88/><G105/><T11/><D11/><U134/><E134/><V82/><F42/><W121/><G121/><T53/><D53/><U72/><E72/><V35/><F118/><W32/><G55/><T67/><D67/><U116/><E116/><V56/><F54/><W117/><G123/><T120/><D120/><U47/><E47/><V41/><F41/><W103/><G117/><T76/><D76/><U108/><E108/><V69/><F56/><W110/><G110/><T81/><D81/><AGARI ba="2,1" hai="7,9,15,18,22,27,36,37,81,84,89,91,92,96" machi="81" ten="30,2000,0" yaku="1,1,7,1,53,0" doraHai="46" doraHaiUra="62" who="1" fromWho="0" sc="297,-26,240,36,232,0,221,0" />
</Scene>
<Scene>
<INIT seed="1,0,0,3,1,55" ten="271,276,232,221" oya="1" hai0="121,88,122,85,52,23,21,111,48,117,22,19,4" hai1="16,99,2,112,14,109,50,43,44,68,67,13,70" hai2="39,29,6,56,125,131,79,120,51,47,97,46,10" hai3="129,86,77,18,113,8,69,123,94,91,45,62,15"/><U78/><E112/><V49/><F120/><N who="0" m="46186" /><D117/><U33/><E2/><V61/><F131/><W41/><G123/><T102/><D4/><U74/><E33/><V40/><F125/><W90/><G129/><T127/><D102/><U124/><E124/><V95/><F29/><W57/><G113/><T60/><D60/><U28/><E28/><V82/><F47/><W54/><G69/><T3/><D3/><U34/><E34/><V26/><F26/><W84/><G77/><T96/><D96/><U58/><E109/><V87/><F95/><W27/><G27/><T107/><D107/><U105/><E14/><V106/><F97/><W37/><REACH who="3" step="1"/><G90/><REACH who="3" ten="271,276,232,211" step="2"/><T98/><D111/><U93/><E78/><V126/><F126/><W73/><G73/><T104/><D127/><U76/><E74/><V17/><F106/><W101/><G101/><T118/><D104/><U114/><E76/><V71/><F71/><W133/><G133/><T53/><D118/><U83/><E105/><V63/><F17/><W9/><G9/><T64/><D19/><U128/><E128/><V135/><F135/><W12/><G12/><T0/><D0/><U1/><E1/><V72/><F72/><W5/><G5/><T81/><D98/><AGARI ba="0,1" hai="8,15,18,37,41,45,54,57,62,84,86,91,94,98" machi="98" ten="30,3900,0" yaku="1,1,7,1,52,1,53,0" doraHai="55" doraHaiUra="24" who="3" fromWho="0" sc="271,-39,276,0,232,0,211,49" />
</Scene>
<Scene>
<INIT seed="2,0,0,1,0,13" ten="232,276,232,260" oya="2" hai0="103,25,44,64,129,4,119,91,105,71,67,102,45" hai1="94,61,98,88,52,124,56,120,95,77,130,79,123" hai2="76,121,43,6,78,57,100,101,116,73,63,86,89" hai3="127,113,46,99,5,69,109,68,24,93,126,36,96"/><V134/><F116/><W1/><G109/><T38/><D129/><U84/><E130/><V27/><F121/><N who="1" m="46665" /><E124/><N who="3" m="47658" /><G113/><T19/><D119/><U53/><E53/><V41/><F134/><W0/><G24/><T60/><D4/><U87/><E87/><V135/><F135/><W106/><G106/><T70/><D105/><U20/><E20/><V8/><F27/><W110/><G96/><T16/><D38/><U42/><E42/><V128/><F128/><W9/><G0/><T31/><D91/><AGARI ba="0,0" hai="52,56,61,77,79,84,88,91,94,95,98" m="46665" machi="91" ten="30,3900,0" yaku="13,1,54,2" doraHai="13" who="1" fromWho="0" sc="232,-39,276,39,232,0,260,0" />
</Scene>
<Scene>
<INIT seed="3,0,0,5,0,101" ten="193,315,232,260" oya="3" hai0="87,107,102,25,116,52,111,49,4,29,80,62,11" hai1="125,72,50,58,31,131,35,120,76,88,19,56,39" hai2="100,133,110,69,132,92,93,1,20,105,42,7,44" hai3="68,99,24,60,128,59,36,77,109,83,51,15,130"/><W38/><G109/><T67/><D116/><U17/><E39/><V12/><F69/><W23/><G68/><T10/><D111/><U124/><E120/><V6/><F110/><W119/><G51/><T45/><D107/><U0/><E0/><V21/><F1/><W126/><G15/><T96/><D96/><U37/><E37/><V78/><F78/><W114/><G114/><T73/><D73/><U16/><E131/><N who="3" m="50218" /><G99/><T127/><D102/><U81/><E50/><V26/><F100/><W82/><G126/><N who="1" m="48746" /><E88/><V84/><F12/><W40/><G119/><T41/><D127/><U5/><E5/><V123/><F123/><W33/><G33/><T46/><D4/><U48/><E48/><V74/><F6/><W13/><G82/><T113/><D113/><U106/><E56/><V61/><F7/><W115/><G115/><T112/><D112/><U94/><E58/><V3/><F3/><W55/><G13/><T97/><D97/><U135/><E135/><V98/><F133/><W91/><G91/><T108/><D108/><U2/><E2/><V71/><F132/><W129/><G40/><T8/><D45/><U34/><E34/><V27/><F42/><W63/><G63/><T18/><D41/><U121/><E121/><V103/><F61/><W75/><N who="3" m="50226" /><W86/><DORA hai="64" /><G75/><T79/><D62/><U14/><E14/><V65/><F74/><W104/><G104/><T53/><D46/><U57/><E106/><V90/><F105/><W47/><G47/><T117/><D117/><U118/><E118/><V22/><F44/><W66/><G66/><RYUUKYOKU ba="0,0" sc="193,-15,315,-15,232,15,260,15" hai2="20,21,22,26,27,65,71,84,90,92,93,98,103" hai3="23,24,36,38,55,59,60,77,83,86" />
</Scene>
<Scene>
<INIT seed="3,1,0,4,4,93" ten="178,300,247,275" oya="3" hai0="3,78,85,4,111,66,87,77,128,102,123,135,65" hai1="90,35,1,39,43,10,115,130,56,41,49,11,131" hai2="73,75,26,12,99,29,71,127,104,21,103,51,36" hai3="92,108,53,110,45,13,17,64,42,6,74,91,81"/><W46/><G64/><T7/><D111/><N who="3" m="42537" /><G6/><N who="0" m="2091" /><D128/><N who="1" m="49195" /><E35/><V0/><F0/><W106/><G106/><T133/><D102/><U62/><E39/><V67/><F36/><W57/><G81/><T129/><D123/><U132/><E115/><V120/><F120/><W23/><G74/><T8/><D129/><U52/><E132/><N who="0" m="50761" /><D8/><N who="1" m="3115" /><E1/><V86/><F127/><W32/><G32/><T125/><D3/><U60/><E90/><V76/><F73/><W28/><G28/><T112/><D125/><U134/><E134/><V105/><F75/><W38/><G38/><T101/><D101/><U15/><E15/><V18/><F103/><W25/><G13/><T68/><D68/><U124/><E124/><V58/><F71/><W116/><G116/><T20/><D20/><U95/><E95/><V19/><F12/><W2/><G2/><T31/><D31/><U79/><E79/><N who="0" m="30217" /><D112/><U63/><AGARI ba="1,0" hai="41,43,49,52,56,60,62,63" m="3115,49195" machi="63" ten="40,2700,0" yaku="19,1,54,1" doraHai="93" who="1" fromWho="1" sc="178,-8,300,30,247,-8,275,-14" />
</Scene>
<Scene>
<INIT seed="4,0,0,0,1,15" ten="170,330,239,261" oya="0" hai0="86,2,23,43,77,62,51,47,106,30,114,91,88" hai1="133,63,54,0,11,64,83,25,124,53,132,48,70" hai2="40,87,65,84,89,1,76,41,134,72,39,115,67" hai3="102,37,123,75,24,79,9,33,78,28,128,103,61"/><T4/><D106/><U29/><E124/><V122/><F122/><W60/><G37/><T129/><D114/><U69/><E69/><V74/><F1/><W50/><G123/><T8/><D129/><U130/><E130/><V113/><F89/><W3/><G128/><T73/><D73/><U126/><E126/><V121/><F39/><W49/><G3/><T135/><D135/><N who="1" m="51787" /><E83/><V31/><F134/><W95/><G9/><T110/><D110/><U96/><E96/><V26/><F26/><W66/><G75/><T107/><D107/><U13/><E48/><V38/><F38/><W5/><G5/><T46/><D62/><U6/><E0/><V116/><F31/><W118/><G61/><T127/><D127/><U104/><E104/><V97/><F97/><W18/><G95/><T85/><D47/><U108/><E108/><V119/><REACH who="2" step="1"/><F121/><REACH who="2" ten="170,330,229,261" step="2"/><W44/><G28/><T36/><D36/><U35/><AGARI ba="0,1" hai="6,11,13,25,29,35,53,54,63,64,70" m="51787" machi="35" ten="30,1100,0" yaku="20,1" doraHai="15" who="1" fromWho="1" sc="170,-5,330,21,229,-3,261,-3" />
</Scene>
<Scene>
<INIT seed="5,0,0,3,3,135" ten="165,351,226,258" oya="1" hai0="72,7,100,118,126,6,53,82,105,115,81,97,22" hai1="17,20,16,35,73,9,116,108,27,111,54,75,26" hai2="113,23,70,2,11,29,41,129,130,18,10,104,79" hai3="88,49,56,120,87,19,131,0,38,109,84,32,5"/><U112/><E116/><V57/><F70/><W51/><G38/><T90/><D118/><U36/><E36/><V15/><F104/><W33/><G109/><N who="1" m="42058" /><E112/><V134/><F41/><W125/><G120/><T102/><D115/><U80/><E80/><V71/><F71/><W62/><G84/><T12/><D72/><U1/><E54/><V89/><F79/><W64/><G131/><N who="2" m="50185" /><F57/><W59/><G19/><T95/><D53/><U63/><E63/><V83/><F113/><W30/><G59/><T48/><D48/><U99/><E99/><V114/><F114/><W25/><G33/><T43/><D43/><U117/><E117/><V47/><F47/><W68/><G56/><T110/><D110/><U93/><E93/><V128/><F128/><W121/><G121/><T124/><D22/><N who="1" m="13639" /><E35/><V24/><F83/><N who="0" m="31754" /><D12/><N who="1" m="7311" /><E1/><V107/><F107/><W61/><G61/><T122/><D122/><U92/><E92/><V103/><F103/><N who="0" m="39466" /><D105/><U123/><E123/><V14/><F2/><W77/><G0/><T50/><D50/><U106/><E106/><V52/><F52/><W4/><G51/><T101/><N who="0" m="39474" /><T74/><DORA hai="85" /><D74/><U69/><E69/><V31/><F11/><W39/><G49/><T58/><D58/><U28/><AGARI ba="0,0" hai="20,27,28,73,75" m="7311,13639,42058" machi="28" ten="30,3000,0" yaku="10,1,54,1" doraHai="135,85" who="1" fromWho="1" sc="165,-10,351,30,226,-10,258,-10" />
</Scene>
<Scene>
<INIT seed="5,1,0,1,4,12" ten="155,381,216,248" oya="1" hai0="61,92,102,125,101,117,123,130,59,3,25,100,124" hai1="91,32,99,54,22,119,85,68,107,113,115,104,86" hai2="2,39,37,23,98,19,84,109,60,0,57,50,15" hai3="36,78,103,71,111,33,69,93,129,128,63,94,72"/><U79/><E32/><V48/><F109/><W121/><G111/><T9/><D117/><U80/><E68/><N who="3" m="26186" /><G36/><T118/><D118/><U38/><E38/><V83/><F37/><W28/><G121/><T132/><D123/><U77/><E119/><V73/><F73/><W56/><G103/><T131/><D25/><U44/><E22/><V27/><F39/><W112/><G112/><N who="1" m="43082" /><E54/><V75/><F75/><W29/><G78/><T7/><D92/><N who="3" m="35433" /><G72/><T74/><D132/><U43/><E44/><V116/><F98/><W90/><G90/><T70/><D70/><U87/><E43/><V47/><F116/><W41/><G41/><T26/><D26/><U13/><E13/><V108/><F108/><W95/><G95/><T120/><D74/><U82/><E99/><V45/><F45/><W65/><G33/><T8/><D120/><U96/><E96/><V88/><F27/><W35/><G35/><T52/><REACH who="0" step="1"/><D8/><REACH who="0" ten="145,381,216,248" step="2"/><U126/><E107/><V134/><F134/><W122/><G122/><T42/><D42/><U97/><E104/><V64/><REACH who="2" step="1"/><F50/><REACH who="2" ten="145,381,206,248" step="2"/><W16/><G129/><AGARI ba="1,2" hai="3,7,9,52,59,61,100,101,102,124,125,129,130,131" machi="129" ten="40,8000,1" yaku="1,1,19,1,54,1,53,1" doraHai="12" doraHaiUra="51" who="0" fromWho="3" sc="145,103,381,0,206,0,248,-83" />
</Scene>
<Scene>
<INIT seed="6,0,0,5,0,84" ten="248,381,206,165" oya="2" hai0="60,30,131,97,99,23,68,33,75,35,132,51,31" hai1="93,67,114,111,105,47,98,78,10,11,43,107,104" hai2="50,0,72,9,5,2,115,117,39,45,89,36,58" hai3="24,44,129,7,46,79,18,52,19,64,54,29,17"/><V106/><F117/><W85/><G129/><T38/><D75/><U16/><E111/><V73/><F106/><W110/><G110/><T12/><D38/><U32/><E32/><V81/><F2/><W26/><G7/><T56/><D132/><U116/><E116/><V90/><F115/><W41/><G64/><T91/><D68/><U124/><E114/><V37/><F58/><W125/><G125/><T76/><D76/><U119/><E119/><V109/><F109/><W1/><G1/><T127/><D51/><U92/><E124/><V122/><F122/><W59/><G41/><T63/><D131/><U49/><E78/><V57/><F57/><W3/><G3/><T14/><D23/><U103/><E67/><V8/><F8/><W13/><G13/><T69/><D56/><U94/><E11/><V27/><F27/><N who="3" m="10283" /><G29/><T120/><D69/><U34/><E34/><V108/><F108/><W74/><G74/><T55/><D127/><U28/><E28/><V96/><F96/><W82/><G54/><T4/><D4/><U65/><E65/><V42/><REACH who="2" step="1"/><F72/><REACH who="2" ten="248,381,196,165" step="2"/><W121/><G121/><T6/><D120/><U134/><E10/><V135/><F135/><W118/><G118/><T21/><D99/><U66/><E134/><V87/><F87/><W101/><G101/><T71/><D97/><U126/><E126/><V113/><F113/><W70/><G70/><T48/><D71/><U61/><E98/><V95/><F95/><W53/><G59/><T102/><D33/><U83/><E103/><V62/><F62/><W20/><G20/><T40/><D35/><RYUUKYOKU ba="0,1" sc="248,-15,381,-15,196,15,165,15" hai2="0,5,9,36,37,39,42,45,50,73,81,89,90" hai3="17,18,19,44,46,52,53,79,82,85" />
</Scene>
<Scene>
<INIT seed="6,1,1,5,5,75" ten="233,366,211,180" oya="2" hai0="78,63,31,5,89,106,135,104,41,115,111,90,133" hai1="55,17,34,105,84,24,117,96,9,119,27,21,71" hai2="93,7,120,130,85,36,54,15,83,124,38,8,32" hai3="28,95,0,13,116,108,22,113,29,107,59,49,10"/><V60/><F120/><W72/><G108/><T52/><D111/><U33/><E71/><V2/><F32/><W20/><G107/><T67/><D41/><U100/><E9/><V48/><F130/><W61/><G116/><T37/><D37/><U82/><E34/><V127/><F60/><W125/><G0/><T70/><D31/><N who="3" m="11849" /><G72/><T35/><D5/><U132/><E27/><V92/><F2/><W43/><G125/><N who="2" m="48201" /><F36/><W58/><G113/><T94/><D90/><U18/><E33/><V53/><F38/><W122/><G122/><T97/><D35/><U51/><E132/><N who="0" m="50761" /><D115/><U30/><E119/><V129/><F129/><W19/><G95/><N who="2" m="36425" /><F48/><W73/><G73/><T102/><D102/><U68/><E117/><V44/><F44/><N who="3" m="25759" /><G58/><N who="0" m="35271" /><D70/><U40/><E68/><V123/><F123/><W101/><G101/><T126/><D126/><U42/><E51/><V86/><F86/><W1/><G1/><T23/><D67/><AGARI ba="1,1" hai="10,13,19,20,22,59,61,67" m="25759,11849" machi="67" ten="30,1000,0" yaku="8,1" doraHai="75" who="3" fromWho="0" sc="233,-13,366,0,211,0,180,23" />
</Scene>
<Scene>
<INIT seed="7,0,0,4,3,14" ten="220,366,211,203" oya="3" hai0="58,12,96,123,101,92,11,29,104,35,28,17,86" hai1="57,0,42,45,119,109,107,62,88,134,31,6,130" hai2="8,65,41,48,76,21,105,20,87,124,19,30,34" hai3="135,85,38,33,93,127,7,113,115,69,117,54,108"/><W133/><G117/><T73/><D73/><U52/><E107/><V40/><F105/><W89/><G127/><T32/><D123/><U102/><E109/><V79/><F124/><W128/><G128/><T15/><D35/><U111/><E102/><V13/><F65/><W68/><G33/><T110/><D110/><U5/><E111/><V122/><F122/><W67/><G108/><T26/><D28/><U77/><E130/><V120/><F120/><W24/><G38/><T91/><D15/><U47/><E77/><N who="2" m="29771" /><F34/><W43/><G43/><N who="2" m="16457" /><F30/><W61/><G68/><T55/><D55/><U16/><E52/><V75/><F75/><W64/><G64/><T66/><D58/><U131/><E57/><V51/><F87/><W72/><G72/><T27/><D27/><U100/><E6/><V94/><F94/><W18/><G7/><T23/><D66/><U53/><E131/><V44/><F44/><W46/><G46/><T90/><D90/><U4/><E42/><V129/><F129/><W59/><G54/><T1/><D1/><U84/><E84/><V106/><F106/><W36/><G36/><T126/><D126/><U50/><E5/><V70/><F70/><W121/><G121/><T9/><AGARI ba="0,0" hai="9,11,12,17,23,26,29,32,86,91,92,96,101,104" machi="9" ten="30,2000,0" yaku="0,1,52,1" doraHai="14" who="0" fromWho="0" sc="220,20,366,-5,211,-5,203,-10" owari="240,4.0,361,46.0,206,-19.0,193,-31.0" />
</Scene>
</mjloggm>