<mjloggm ver="2.3"><GO type="169" lobby="0"/><UN n0="%53%49%4C%41%53" n1="%69%63%65%6D%61%6E%32" n2="%E3%83%8F%E3%82%A4%E3%83%86%E3%83%B3%E3%83%9C%E3%83%BC" n3="%E5%A4%AA%E3%81%8F%E3%81%AA%E3%81%84%E3%81%8A" dan="17,16,16,18" rate="2160.20,2089.85,2129.94,2271.61" sx="F,M,M,M"/><TAIKYOKU oya="0"/>

<Scene>
<INIT seed="0,0,0,2,1,47" ten="250,250,250,250" oya="0" hai0="49,73,77,101,84,99,76,27,105,38,116,123,5" hai1="44,14,115,122,52,86,106,112,50,63,93,17,92" hai2="9,32,46,78,18,131,69,81,43,70,3,64,1" hai3="121,26,109,53,100,65,134,66,59,90,82,25,39"/><T126/><D38/><U87/><E106/><V28/><F131/><W19/><G39/><T41/><D123/><U16/><E122/><V6/><F1/><W2/><G2/><T133/><D116/><U114/><E63/><V20/><F64/><W118/><G118/><T95/><D133/><U110/><E110/><V13/><F28/><W132/><G100/><T98/><D126/><U7/><E7/><V120/><F32/><W45/><G121/><T29/><D5/><U88/><E14/><V135/><F135/><W97/><G109/><T30/><D84/><U74/><E74/><V34/><F34/><W104/><G104/><T57/><D30/><U124/><E124/><V129/><F129/><W0/><G0/><T37/><D37/><U83/><E93/><V35/><F35/><W130/><G45/><T31/><D31/><U72/><E72/><V111/><F111/><W54/><G130/><T61/><D73/><U21/><E21/><V75/><REACH who="2" step="1"/><F120/><REACH who="2" ten="250,250,240,250" step="2"/><W10/><G66/><T15/><D29/><U8/><REACH who="1" step="1"/><E8/><REACH who="1" ten="250,240,240,250" step="2"/><V80/><F80/><W51/><G82/><T55/><D27/><U23/><E23/><V68/><F68/><W113/><G26/><T58/><D15/><U60/><E60/><V24/><F24/><W56/><G25/><T125/><D125/><U94/><E94/><V40/><F40/><W4/><G134/><T62/><D41/><U128/><E128/><V96/><F96/><W33/><G132/><T36/><D62/><U103/><E103/><V79/><F79/><AGARI ba="0,2" hai="16,17,44,50,52,79,83,86,87,88,92,112,114,115" machi="79" ten="40,12000,2" yaku="1,1,11,1,52,1,54,3,53,0" doraHai="47" doraHaiUra="11" who="1" fromWho="2" sc="250,0,240,140,240,-120,250,0" />
</Scene>
<Scene>
<INIT seed="1,0,0,5,5,129" ten="250,380,120,250" oya="1" hai0="105,61,134,113,10,115,2,124,119,133,36,38,53" hai1="48,107,85,49,125,7,87,131,32,84,90,77,28" hai2="104,30,24,66,67,55,93,56,35,114,27,110,47" hai3="102,100,80,13,23,92,17,122,62,74,81,50,78"/><U42/><E107/><V22/><F104/><W57/><G122/><T135/><D119/><U14/><E131/><V126/><F126/><W29/><G29/><T3/><D105/><U19/><E125/><V44/><F114/><N who="0" m="43530" /><D124/><U91/><E32/><V99/><F110/><W45/><G81/><T89/><D89/><N who="1" m="33803" /><E28/><V127/><F127/><W0/><G0/><N who="0" m="43" /><D10/><N who="1" m="6615" /><E7/><V97/><F97/><W75/><G75/><T117/><D117/><U120/><E120/><V82/><F82/><W9/><G9/><T26/><D26/><U106/><E106/><V130/><F130/><W112/><G92/><T15/><D15/><U31/><E31/><V73/><F73/><W51/><G112/><T8/><D8/><U103/><E103/><V21/><F35/><W101/><REACH who="3" step="1"/><G45/><REACH who="3" ten="250,380,120,240" step="2"/><T6/><D6/><U59/><E77/><V123/><F123/><W83/><G83/><T64/><D53/><AGARI ba="0,1" hai="13,17,23,50,51,53,57,62,74,78,80,100,101,102" machi="53" ten="40,1300,0" yaku="1,1,53,0" doraHai="129" doraHaiUra="118" who="3" fromWho="0" sc="250,-13,380,0,120,0,240,23" />
</Scene>
<Scene>
<INIT seed="2,0,0,1,1,135" ten="237,380,120,263" oya="2" hai0="26,131,53,69,51,92,31,60,103,102,101,121,56" hai1="110,3,75,57,6,21,88,93,61,72,39,130,78" hai2="104,27,33,43,54,0,68,111,41,127,36,7,105" hai3="10,12,124,4,106,91,9,81,17,86,49,35,18"/><V120/><F43/><W23/><G35/><T45/><D121/><U67/><E39/><V25/><F25/><W122/><G106/><T66/><D131/><U13/><E110/><V14/><F14/><W19/><G122/><T112/><D112/><U47/><E130/><V90/><F120/><W100/><G124/><T50/><D50/><U108/><E108/><V80/><F54/><W116/><G116/><T32/><REACH who="0" step="1"/><D92/><REACH who="0" ten="227,380,120,263" step="2"/><U126/><E47/><AGARI ba="0,1" hai="26,31,32,45,47,51,53,56,60,66,69,101,102,103" machi="47" ten="40,2600,0" yaku="1,1,2,1,53,0" doraHai="135" doraHaiUra="2" who="0" fromWho="1" sc="227,36,380,-26,120,0,263,0" />
</Scene>
<Scene>
<INIT seed="3,0,0,1,5,22" ten="263,354,120,263" oya="3" hai0="77,0,87,24,105,103,29,121,39,35,5,15,112" hai1="62,11,19,129,123,66,26,50,106,126,17,122,49" hai2="56,27,98,36,2,28,68,94,92,21,82,83,116" hai3="54,102,134,91,14,34,55,109,16,30,81,79,59"/><W43/><G102/><T89/><D121/><U74/><E106/><V40/><F68/><W115/><G115/><T51/><D39/><U65/><E74/><V125/><F116/><W57/><G134/><T72/><D0/><U71/><E126/><V45/><F2/><W33/><G43/><T107/><D112/><U38/><E38/><V63/><F94/><W100/><G100/><T3/><D3/><U118/><E118/><V113/><F125/><W32/><G91/><T23/><D77/><U64/><E129/><V110/><F110/><W85/><G109/><T4/><D72/><U133/><E133/><V10/><F10/><W132/><G30/><T135/><D135/><U8/><E71/><V128/><F128/><W131/><G131/><T104/><D103/><U67/><N who="1" m="16384" /><DORA hai="48" /><U84/><E62/><V37/><F37/><W108/><G108/><T60/><D60/><U12/><E84/><V86/><F86/><W88/><G79/><T61/><D61/><U111/><E111/><V7/><F7/><W52/><REACH who="3" step="1"/><G132/><REACH who="3" ten="263,354,120,253" step="2"/><T73/><D104/><U6/><E123/><V31/><F31/><W124/><G124/><T47/><D105/><U78/><E122/><V80/><F113/><W127/><G127/><T114/><D107/><U18/><E78/><V53/><REACH who="2" step="1"/><F80/><REACH who="2" ten="263,354,110,253" step="2"/><W101/><G101/><AGARI ba="0,2" hai="21,27,28,36,40,45,53,56,63,82,83,92,98,101" machi="101" ten="30,12000,2" yaku="1,1,2,1,7,1,52,2,53,1" doraHai="22,48" doraHaiUra="75,25" who="2" fromWho="3" sc="263,0,354,0,110,140,253,-120" />
</Scene>
<Scene>
<INIT seed="4,0,0,1,2,24" ten="263,354,250,133" oya="0" hai0="4,126,60,133,0,25,93,6,10,132,77,128,7" hai1="22,119,121,47,88,46,97,98,111,27,18,41,73" hai2="30,105,95,110,80,116,43,99,127,2,40,20,53" hai3="109,56,86,28,19,11,26,12,63,38,5,75,52"/><T68/><D128/><U113/><E121/><V89/><F2/><W101/><G109/><T94/><D77/><U50/><E119/><V104/><F110/><W21/><G75/><T58/><D68/><U124/><E111/><V134/><F116/><W61/><G38/><T49/><D49/><U129/><E129/><V31/><F134/><N who="0" m="51818" /><D126/><U37/><E124/><V15/><F127/><W122/><G122/><T36/><D36/><U118/><E73/><V54/><F105/><W135/><G135/><T85/><D25/><U79/><E79/><V17/><F104/><W123/><G123/><T8/><D85/><U84/><E118/><V3/><F3/><W1/><G86/><T67/><D6/><U117/><E113/><V125/><F125/><W35/><G101/><T91/><D91/><U69/><E69/><V9/><F80/><W34/><REACH who="3" step="1"/><G63/><REACH who="3" ten="263,354,250,123" step="2"/><T44/><D44/><U62/><E62/><V130/><F130/><W78/><G78/><T13/><AGARI ba="0,1" hai="0,4,7,8,10,13,58,60,67,93,94" m="51818" machi="13" ten="30,1500,0" yaku="20,1" doraHai="24" who="0" fromWho="0" sc="263,25,354,-5,250,-5,123,-5" />
</Scene>
<Scene>
<INIT seed="4,1,0,3,4,87" ten="288,349,245,118" oya="0" hai0="9,135,73,125,39,112,30,91,132,59,11,26,49" hai1="106,28,44,45,115,121,113,105,89,21,62,70,37" hai2="78,107,1,4,122,2,13,52,14,18,111,36,95" hai3="79,3,17,65,35,33,96,84,117,40,61,130,103"/><T92/><D39/><U83/><E121/><V100/><F122/><W5/><G117/><T126/><D73/><U94/><E83/><V34/><F111/><W123/><G123/><T101/><D101/><U74/><E74/><V98/><F34/><N who="3" m="12811" /><G84/><N who="0" m="52327" /><D112/><N who="1" m="43083" /><E62/><V54/><F36/><W133/><G17/><T71/><D71/><U118/><E70/><V108/><F108/><W76/><G40/><T63/><D49/><U16/><E28/><V27/><F78/><W69/><G79/><T55/><D11/><U82/><E82/><V46/><F107/><N who="1" m="40969" /><E37/><V42/><F27/><W31/><G69/><T22/><D9/><U23/><E23/><V119/><F119/><W19/><G61/><T64/><D64/><U93/><E93/><V127/><F14/><W50/><G65/><T77/><D77/><U38/><E38/><V102/><F102/><W32/><G76/><T8/><D8/><U124/><E124/><AGARI ba="1,0" hai="22,26,30,55,59,63,124,125,126,132,135" m="52327" machi="124" ten="30,2900,0" yaku="18,1,52,1" doraHai="87" who="0" fromWho="1" sc="288,32,349,-32,245,0,118,0" />
</Scene>
<Scene>
<INIT seed="4,2,0,5,5,5" ten="320,317,245,118" oya="0" hai0="7,114,54,14,85,10,120,132,99,122,93,75,39" hai1="44,101,135,80,32,69,27,30,19,9,118,18,68" hai2="38,56,112,88,47,0,37,23,77,21,97,104,22" hai3="86,35,107,34,128,62,79,12,58,33,65,129,63"/><T15/><D75/><U36/><E118/><V70/><F70/><W98/><G79/><T66/><D114/><U133/><E101/><V4/><F112/><W55/><G86/><T50/><D39/><U8/><E80/><V59/><F77/><W2/><G2/><T111/><D132/><N who="1" m="50763" /><E36/><V48/><F38/><W73/><G73/><T109/><D85/><U82/><E82/><V84/><F37/><W61/><G107/><T130/><D66/><U113/><E44/><V103/><F4/><W64/><G98/><T83/><D83/><U43/><E43/><V57/><F0/><W127/><G127/><T16/><D130/><N who="3" m="50281" /><G12/><T76/><D76/><U116/><E116/><V121/><F121/><W106/><G106/><T108/><D99/><U41/><E41/><V1/><F1/><W126/><G126/><T20/><D93/><U100/><E100/><V125/><F125/><W24/><G24/><T11/><D20/><U26/><E26/><V87/><F87/><W67/><G58/><AGARI ba="2,0" hai="7,10,11,14,15,16,50,54,58,108,109,111,120,122" machi="58" ten="40,12000,1" yaku="10,1,52,2,54,1" doraHai="5" who="0" fromWho="3" sc="320,126,317,0,245,0,118,-126" owari="446,54.0,317,12.0,245,-15.0,-8,-51.0" />
</Scene>
</mjloggm>