<mjloggm ver="2.3"><GO type="169" lobby="0"/><UN n0="%E3%81%B1%E3%83%BC%E3%81%9D%E3%82%93" n1="%E5%A4%AA%E3%81%8F%E3%81%AA%E3%81%84%E3%81%8A" n2="%73%69%62%69%79%61" n3="%E3%81%BF%E3%81%A3%E3%81%A4%E3%81%83%EF%BD%9E" dan="17,18,16,16" rate="2180.18,2318.18,2097.76,2160.86" sx="M,M,M,F"/><TAIKYOKU oya="0"/>

<Scene>
<INIT seed="0,0,0,3,3,13" ten="250,250,250,250" oya="0" hai0="30,114,44,15,121,77,68,93,101,90,60,2,104" hai1="25,71,40,4,62,61,23,55,109,120,131,123,72" hai2="32,134,80,0,65,135,17,50,116,89,99,85,34" hai3="110,18,49,21,118,38,82,5,92,128,33,122,47"/><T113/><D2/><U59/><E72/><V132/><F116/><W36/><G118/><T1/><D121/><U39/><E109/><V112/><F112/><W11/><G33/><T12/><D1/><U106/><E106/><V6/><F65/><W130/><G110/><T98/><D12/><U35/><E35/><V14/><F50/><W29/><G122/><T96/><D30/><U100/><E100/><V111/><F111/><W19/><G82/><T51/><D77/><U54/><E4/><V127/><F127/><W58/><G92/><T79/><D79/><U103/><E103/><V24/><F24/><N who="3" m="16527" /><G58/><T94/><D104/><U91/><E131/><N who="3" m="50218" /><G38/><T9/><D60/><U69/><E123/><V42/><F42/><N who="3" m="24823" /><G36/><T75/><D68/><U43/><E120/><V107/><F107/><W87/><G87/><T8/><D75/><U119/><E119/><V22/><REACH who="2" step="1"/><F99/><REACH who="2" ten="250,250,240,250" step="2"/><W115/><G115/><T84/><D98/><U133/><E39/><V105/><F105/><W78/><G78/><T95/><D114/><U88/><E43/><V125/><F125/><W64/><G64/><T52/><D113/><U73/><E40/><V56/><F56/><W41/><G41/><T37/><D37/><U74/><E59/><V81/><F81/><W53/><G53/><T76/><D95/><U126/><E126/><V70/><F70/><W28/><G28/><T102/><D94/><U67/><E67/><V117/><F117/><W86/><G86/><T20/><D84/><U16/><E74/><V27/><F27/><W7/><G7/><T48/><D52/><U46/><E55/><RYUUKYOKU ba="0,1" sc="250,-15,250,-15,240,15,250,15" hai2="0,6,14,17,22,32,34,80,85,89,132,134,135" hai3="5,11,18,19" />
</Scene>
<Scene>
<INIT seed="1,1,1,2,2,73" ten="235,235,255,265" oya="1" hai0="70,120,56,122,113,25,123,71,126,128,110,40,41" hai1="14,27,37,2,4,121,91,80,76,106,124,72,9" hai2="48,105,74,60,102,104,82,62,129,22,28,103,84" hai3="134,13,44,52,20,114,18,3,51,43,83,29,77"/><U95/><E124/><V26/><F129/><W99/><G114/><T98/><D128/><U50/><E121/><V125/><F125/><W34/><G134/><T6/><D113/><U68/><E68/><N who="0" m="26153" /><D126/><U112/><E112/><V94/><F74/><W67/><G3/><T131/><D131/><U15/><E106/><V101/><F94/><W89/><G67/><T42/><D110/><U0/><E37/><V33/><F33/><W39/><G34/><T130/><D130/><U97/><E27/><V1/><F1/><W107/><G29/><T63/><D6/><U66/><E66/><V119/><F119/><W45/><G107/><T12/><D12/><U59/><REACH who="1" step="1"/><E0/><REACH who="1" ten="235,225,255,265" step="2"/><V5/><F105/><W118/><G118/><T127/><D127/><U86/><E86/><V135/><F104/><W46/><G39/><T53/><D25/><U24/><E24/><V87/><F135/><W100/><G43/><T32/><D98/><U75/><E75/><V23/><F84/><N who="3" m="48239" /><G100/><T8/><D32/><U132/><E132/><V88/><F26/><W111/><G111/><T30/><D30/><U81/><E81/><V116/><F28/><W69/><G69/><T61/><D8/><U79/><E79/><V55/><F116/><W49/><G99/><T57/><D41/><U133/><E133/><V31/><F31/><W11/><G89/><T35/><D35/><U108/><E108/><V36/><F88/><W16/><G52/><AGARI ba="1,2" hai="40,42,52,53,56,57,61,63,120,122,123" m="26153" machi="52" ten="40,8000,1" yaku="13,1,34,2,54,1" doraHai="73" who="0" fromWho="3" sc="235,103,225,0,255,0,265,-83" /><AGARI ba="1,0" hai="2,4,9,14,15,50,52,59,72,76,80,91,95,97" machi="52" ten="40,12000,1" yaku="1,1,52,1,54,1,53,1" doraHai="73" doraHaiUra="54" who="1" fromWho="3" sc="338,0,225,120,255,0,182,-120" />
</Scene>
<Scene>
<INIT seed="1,2,0,0,5,120" ten="338,345,255,62" oya="1" hai0="91,134,46,25,128,38,30,127,48,84,81,33,71" hai1="87,82,9,12,109,22,67,13,50,23,58,98,97" hai2="135,99,85,21,63,17,53,55,24,92,79,27,62" hai3="41,7,26,39,96,36,89,125,51,45,108,66,110"/><U72/><E109/><N who="3" m="42090" /><G125/><T75/><D127/><U113/><E72/><V90/><F135/><W95/><G66/><T5/><D71/><U19/><E113/><V31/><F53/><W117/><G117/><T61/><D38/><N who="3" m="14377" /><G26/><T80/><D61/><N who="1" m="38327" /><E50/><V102/><F79/><W119/><G119/><T0/><D134/><U76/><E23/><N who="2" m="15871" /><F55/><W129/><G7/><AGARI ba="2,0" hai="7,9,12,13,19,22,76,82,87,97,98" m="38327" machi="7" ten="30,1500,0" yaku="8,1" doraHai="120" who="1" fromWho="3" sc="338,0,345,21,255,0,62,-21" />
</Scene>
<Scene>
<INIT seed="1,3,0,2,3,14" ten="338,366,255,41" oya="1" hai0="123,20,26,62,96,134,38,77,114,79,124,41,88" hai1="27,37,80,105,91,6,112,84,46,117,131,72,29" hai2="102,40,28,90,111,71,99,93,0,33,25,74,49" hai3="16,125,19,61,98,11,97,120,100,133,53,128,34"/><U129/><E112/><V23/><F111/><W54/><G34/><T39/><D114/><U122/><E117/><V51/><F74/><W116/><G120/><T17/><D123/><U121/><E105/><V108/><F108/><W13/><G116/><T15/><D134/><U126/><E126/><V42/><F71/><W8/><G125/><T2/><D2/><U113/><E113/><V75/><F75/><W57/><G133/><T119/><D119/><U59/><E6/><V92/><F0/><W22/><G128/><N who="1" m="49226" /><E72/><V132/><F132/><W36/><G36/><T83/><D124/><U103/><E103/><V135/><F135/><W48/><G11/><N who="0" m="6399" /><D39/><U1/><E1/><V45/><F33/><W70/><G100/><T106/><D38/><U110/><E110/><V89/><REACH who="2" step="1"/><F92/><REACH who="2" ten="338,366,245,41" step="2"/><W44/><REACH who="3" step="1"/><G70/><REACH who="3" ten="338,366,245,31" step="2"/><T81/><D106/><U12/><E122/><V118/><F118/><W18/><G18/><T68/><D68/><U35/><E121/><V7/><F7/><W115/><G115/><T85/><D83/><U67/><E35/><V130/><F130/><W43/><G43/><T58/><D41/><U56/><E80/><V10/><F10/><W4/><G4/><T109/><D109/><U86/><E29/><V52/><F52/><W69/><G69/><T65/><D81/><U55/><E55/><V47/><AGARI ba="3,2" hai="23,25,28,40,42,45,47,49,51,89,90,93,99,102" machi="47" ten="30,7900,0" yaku="1,1,0,1,9,1,8,1,53,0" doraHai="14" doraHaiUra="3" who="2" fromWho="2" sc="338,-23,366,-42,245,108,31,-23" />
</Scene>
<Scene>
<INIT seed="2,0,0,1,0,78" ten="315,324,353,8" oya="2" hai0="127,82,16,77,75,89,115,134,41,10,128,116,91" hai1="101,85,97,64,67,50,129,17,55,2,90,131,29" hai2="100,4,106,92,104,14,42,34,93,87,49,40,3" hai3="110,60,63,59,27,47,125,8,65,22,38,117,95"/><V56/><F3/><W35/><G117/><T18/><D116/><U111/><E2/><V108/><F34/><W114/><G35/><T124/><D115/><U23/><E29/><V11/><F108/><W84/><G114/><T52/><D41/><U119/><E119/><V68/><F68/><W12/><G110/><T96/><D134/><U44/><E111/><V30/><F30/><N who="3" m="17783" /><G38/><T48/><D128/><N who="1" m="49227" /><E97/><N who="2" m="59439" /><F106/><W46/><G125/><N who="0" m="48203" /><D96/><U19/><E101/><V58/><F104/><W31/><G31/><T37/><D37/><U133/><E133/><V99/><F87/><W126/><G126/><T61/><D61/><U81/><E19/><N who="0" m="7209" /><D10/><U102/><E102/><N who="2" m="60775" /><F42/><W5/><G63/><T107/><D107/><U76/><E90/><AGARI ba="0,0" hai="5,8,12,46,47,59,60,65,84,90,95" m="17783" machi="90" ten="30,1000,0" yaku="8,1" doraHai="78" who="3" fromWho="1" sc="315,0,324,-10,353,0,8,10" />
</Scene>
<Scene>
<INIT seed="3,0,0,0,5,5" ten="315,314,353,18" oya="3" hai0="100,75,44,23,78,63,102,58,27,68,29,116,18" hai1="20,111,19,121,38,124,22,32,28,108,24,70,80" hai2="7,21,8,3,34,11,119,57,36,118,125,12,113" hai3="89,135,114,73,90,25,39,79,130,83,71,81,91"/><W129/><G71/><T16/><D116/><U56/><E70/><V92/><F36/><W76/><G39/><T42/><D68/><U9/><E38/><V96/><F113/><W65/><G65/><T112/><D112/><U64/><E80/><N who="3" m="30794" /><G25/><T43/><D78/><N who="3" m="29737" /><G114/><T54/><D75/><U107/><E107/><V13/><F125/><W61/><G61/><T72/><D72/><U45/><E45/><V84/><F84/><W50/><G73/><T6/><D6/><U106/><E124/><V94/><F34/><W59/><G50/><N who="0" m="26911" /><D42/><U15/><E106/><V52/><F21/><N who="1" m="8297" /><E64/><V109/><F109/><N who="1" m="42057" /><E56/><V67/><F67/><W87/><G59/><T1/><D1/><U120/><AGARI ba="0,0" hai="9,15,19,24,28,32,120,121" m="42057,8297" machi="120" ten="30,7900,0" yaku="14,1,34,2,52,1" doraHai="5" who="1" fromWho="1" sc="315,-20,314,79,353,-20,18,-39" owari="295,-10.0,393,49.0,333,13.0,-21,-52.0" />
</Scene>
</mjloggm>