<mjloggm ver="2.3"><GO type="169" lobby="0"/><UN n0="%E5%A4%AA%E3%81%8F%E3%81%AA%E3%81%84%E3%81%8A" n1="%67%61%6D%6F%33" n2="%67%61%69%61%78%78%78" n3="%E3%82%A2%E3%83%83%E3%83%97%E3%83%AB%E3%82%B0%E3%83%9F" dan="18,17,16,18" rate="2308.25,2135.98,2052.67,2242.39" sx="M,M,F,M"/><TAIKYOKU oya="0"/>

<Scene>
<INIT seed="0,0,0,5,0,25" ten="250,250,250,250" oya="0" hai0="113,47,110,126,59,63,129,22,58,3,12,31,73" hai1="64,85,60,102,124,53,115,97,36,117,33,46,54" hai2="34,56,79,94,132,135,41,88,9,130,122,27,49" hai3="116,1,57,38,11,40,77,106,28,96,107,10,80"/><T104/><D3/><U108/><E117/><V100/><F122/><W42/><G116/><T92/><D104/><U24/><E124/><V65/><F130/><W101/><G57/><T76/><D113/><U78/><E115/><V109/><F79/><W52/><G52/><T26/><D126/><U55/><E108/><V17/><F100/><W118/><G118/><T127/><D127/><U103/><E85/><V15/><F109/><W119/><G119/><T93/><D110/><U20/><E78/><V21/><F34/><W114/><G40/><T89/><D129/><U39/><E102/><V48/><F41/><W8/><G107/><T32/><D47/><U61/><E61/><N who="2" m="38055" /><F132/><W35/><G114/><T83/><D59/><U131/><E131/><V19/><F135/><W133/><G133/><T67/><REACH who="0" step="1"/><D89/><REACH who="0" ten="240,250,250,250" step="2"/><U112/><E46/><V0/><F0/><W29/><G1/><T14/><D14/><U125/><E125/><V111/><F111/><W43/><G77/><T5/><D5/><U2/><E2/><V13/><F13/><W121/><G106/><T72/><D72/><U66/><E112/><V105/><F105/><W62/><G121/><T75/><D75/><U71/><E103/><V81/><F81/><W82/><G80/><T90/><D90/><U95/><E95/><V68/><F68/><W98/><G82/><T120/><D120/><U18/><E71/><V30/><F19/><AGARI ba="0,1" hai="12,19,22,26,31,32,58,63,67,73,76,83,92,93" machi="19" ten="40,3900,0" yaku="1,1,52,1,53,0" doraHai="25" doraHaiUra="37" who="0" fromWho="2" sc="240,49,250,0,250,-39,250,0" />
</Scene>
<Scene>
<INIT seed="0,1,0,3,1,48" ten="289,250,211,250" oya="0" hai0="101,46,32,55,60,50,99,51,131,36,4,117,23" hai1="6,92,61,94,45,130,97,44,133,11,63,21,113" hai2="34,64,120,105,62,114,41,67,20,109,119,42,52" hai3="124,75,96,126,116,78,10,2,30,129,7,22,73"/><T121/><D32/><U15/><E133/><V77/><F105/><W72/><G116/><T71/><D117/><U57/><E130/><V29/><F34/><W100/><G129/><T82/><D131/><U39/><E113/><V28/><F77/><W40/><G40/><N who="2" m="15465" /><F119/><W18/><G30/><N who="2" m="11881" /><F114/><W108/><G108/><T43/><D121/><U80/><E63/><V81/><F81/><W49/><G49/><T93/><D23/><U59/><E59/><N who="2" m="35175" /><F120/><W16/><G78/><T68/><D82/><U95/><E39/><V25/><F109/><W98/><G18/><AGARI ba="1,0" hai="18,20,25,64,67" m="35175,11881,15465" machi="18" ten="30,3900,0" yaku="8,1,52,1,54,1" doraHai="48" who="2" fromWho="3" sc="289,0,250,0,211,42,250,-42" />
</Scene>
<Scene>
<INIT seed="1,0,0,5,1,69" ten="289,250,253,208" oya="1" hai0="47,38,58,40,41,50,45,80,36,129,16,39,13" hai1="83,85,111,124,29,9,81,121,132,23,107,33,59" hai2="34,21,3,96,22,118,37,98,57,67,100,26,133" hai3="10,14,52,24,42,89,95,46,84,66,31,25,99"/><U70/><E70/><V73/><F73/><W64/><G99/><T110/><D110/><U77/><E121/><V11/><F118/><W113/><G113/><T115/><D115/><U91/><E124/><V116/><F116/><W76/><G76/><T119/><D119/><U60/><E132/><V51/><F34/><W35/><G25/><T103/><D129/><U127/><E127/><V117/><F117/><W82/><G95/><T18/><D103/><U0/><E33/><V63/><F22/><W6/><REACH who="3" step="1"/><G52/><REACH who="3" ten="289,250,253,198" step="2"/><T48/><D80/><U101/><E107/><V53/><F96/><W112/><G112/><T135/><D135/><U102/><E111/><V54/><F98/><W72/><G72/><T30/><D30/><U87/><E29/><V61/><F54/><W93/><G93/><T20/><REACH who="0" step="1"/><D18/><REACH who="0" ten="279,250,253,198" step="2"/><U7/><REACH who="1" step="1"/><E23/><REACH who="1" ten="279,240,253,198" step="2"/><V90/><F21/><W2/><G2/><T123/><D123/><U104/><E104/><V105/><F3/><W15/><G15/><T75/><D75/><U56/><E56/><AGARI ba="0,3" hai="13,16,20,36,38,39,40,41,45,47,48,50,56,58" machi="56" ten="40,12000,2" yaku="1,1,9,1,52,3,54,1,53,1" doraHai="69" doraHaiUra="19" who="0" fromWho="1" sc="279,150,240,-120,253,0,198,0" />
</Scene>
<Scene>
<INIT seed="2,0,0,5,4,110" ten="429,120,253,198" oya="2" hai0="16,85,47,43,2,106,103,95,17,102,57,26,44" hai1="135,30,33,45,87,14,10,65,93,88,79,124,80" hai2="6,116,62,29,99,130,15,39,60,90,1,18,69" hai3="56,24,28,58,121,3,42,114,118,23,119,117,115"/><V61/><F39/><W92/><G3/><T48/><D2/><U109/><E109/><V31/><F116/><W75/><G75/><T84/><D106/><U34/><E124/><V40/><F40/><W52/><G121/><T94/><D57/><U12/><E135/><V125/><F125/><W123/><G123/><T89/><D26/><U107/><E65/><V19/><F69/><W67/><G42/><T41/><D89/><U38/><E107/><V68/><F68/><W54/><G92/><T36/><REACH who="0" step="1"/><D48/><REACH who="0" ten="419,120,253,198" step="2"/><U0/><E0/><V78/><F1/><W72/><G72/><T13/><D13/><U134/><E14/><V49/><F49/><W73/><G73/><T37/><AGARI ba="0,1" hai="16,17,36,37,41,43,44,47,84,85,94,95,102,103" machi="37" ten="25,8000,1" yaku="1,1,0,1,22,2,54,1,53,0" doraHai="110" doraHaiUra="108" who="0" fromWho="0" sc="419,90,120,-20,253,-40,198,-20" />
</Scene>
<Scene>
<INIT seed="3,0,0,3,4,112" ten="509,100,213,178" oya="3" hai0="103,116,55,38,36,67,25,29,34,7,22,127,11" hai1="75,88,49,89,12,48,100,73,37,108,92,61,0" hai2="47,126,122,17,85,72,93,84,68,9,109,94,30" hai3="42,69,52,113,65,86,35,41,71,128,80,120,107"/><W63/><G113/><T31/><D67/><U45/><E0/><V97/><F72/><W64/><G107/><T32/><D55/><U20/><E61/><V53/><F68/><N who="3" m="26187" /><G86/><T1/><D127/><U28/><E37/><V117/><F84/><W59/><G35/><T24/><D103/><U124/><E124/><V60/><F85/><W132/><G80/><T129/><D129/><U62/><E62/><V40/><F97/><W102/><G102/><T79/><D79/><U14/><E100/><V96/><F30/><W78/><G78/><T98/><D98/><U43/><E108/><V77/><F17/><W110/><G128/><T2/><D22/><U101/><E101/><V54/><F9/><W5/><G5/><T119/><D2/><U10/><E28/><V91/><F77/><W18/><G18/><T33/><D33/><U46/><E20/><V111/><F94/><W66/><G110/><T51/><D51/><U123/><E123/><V115/><F126/><W130/><G130/><T87/><REACH who="0" step="1"/><D87/><REACH who="0" ten="499,100,213,178" step="2"/><U3/><E3/><V81/><F96/><W50/><G120/><T16/><D16/><U118/><E48/><V82/><F122/><W8/><G8/><T133/><D133/><U74/><E10/><V19/><F19/><W99/><G99/><T56/><D56/><U105/><E49/><V15/><F109/><W57/><G132/><T44/><D44/><U23/><E46/><V95/><F111/><W106/><G106/><T58/><D58/><U76/><E76/><V131/><F131/><W6/><G6/><T70/><D70/><U4/><E4/><RYUUKYOKU ba="0,1" sc="499,15,100,-15,213,-15,178,15" hai0="1,7,11,24,25,29,31,32,34,36,38,116,119" hai3="41,42,50,52,57,59,63,64,65,66" />
</Scene>
<Scene>
<INIT seed="3,1,1,0,4,102" ten="514,85,198,193" oya="3" hai0="88,9,46,37,24,27,79,70,0,64,26,45,128" hai1="85,34,1,58,66,98,71,130,75,29,135,39,42" hai2="49,53,72,54,76,117,21,65,17,19,104,30,23" hai3="80,129,93,55,124,95,74,6,38,82,60,99,52"/><W81/><G38/><T123/><D79/><U96/><E75/><V51/><F117/><W105/><G74/><T31/><D123/><U8/><E71/><V94/><F30/><W56/><G129/><T43/><D128/><U25/><E130/><V78/><F94/><W122/><G122/><T77/><D77/><U110/><E110/><V18/><F72/><W125/><G6/><T57/><D70/><U13/><E1/><V106/><F19/><W7/><G7/><T11/><D45/><U97/><E135/><V113/><REACH who="2" step="1"/><F65/><REACH who="2" ten="514,85,188,193" step="2"/><W118/><G118/><T101/><D64/><U15/><E66/><V50/><F50/><W61/><G95/><T112/><D31/><U120/><E120/><V47/><F47/><W127/><G93/><T92/><D46/><U33/><E39/><V12/><F12/><W68/><G68/><T2/><D37/><U86/><E13/><V126/><F126/><W41/><G41/><T91/><D43/><U89/><E42/><V59/><F59/><N who="3" m="34919" /><G99/><T73/><D73/><U63/><E34/><V10/><F10/><W20/><G20/><T114/><D57/><U40/><E40/><V83/><F83/><W69/><G69/><T62/><D9/><U28/><E58/><V35/><F35/><W134/><G134/><T3/><D11/><U36/><E36/><V67/><F67/><W5/><G5/><T103/><D92/><U131/><E131/><V109/><F109/><W133/><G133/><T108/><D108/><U16/><E63/><V100/><F100/><N who="0" m="38474" /><D62/><U119/><E119/><V121/><F121/><W87/><G87/><RYUUKYOKU ba="1,2" sc="514,10,85,-30,188,10,193,10" hai0="0,2,3,24,26,27,88,91,112,114" hai2="17,18,21,23,49,51,53,54,76,78,104,106,113" hai3="55,56,61,80,81,82,105,124,125,127" />
</Scene>
<Scene>
<INIT seed="3,2,2,2,3,114" ten="524,55,198,203" oya="3" hai0="27,46,90,51,0,93,97,47,121,98,68,32,41" hai1="58,124,76,99,102,103,109,25,82,8,72,50,14" hai2="62,77,71,94,3,129,39,119,120,56,26,33,16" hai3="65,87,37,22,101,132,52,89,54,105,6,118,12"/><W30/><G37/><T116/><D116/><U20/><E109/><V69/><F3/><W60/><G118/><T83/><D68/><U29/><E124/><V53/><F39/><W28/><G132/><T19/><D0/><U108/><E108/><V17/><F119/><W81/><G105/><T40/><D121/><U107/><E102/><V49/><F120/><W23/><G101/><T45/><D83/><U9/><REACH who="1" step="1"/><E14/><REACH who="1" ten="524,45,198,203" step="2"/><V122/><F122/><W110/><G110/><T84/><D41/><U43/><E43/><V130/><F129/><W31/><G12/><T42/><D40/><U95/><E95/><V135/><F130/><W134/><G134/><T5/><D93/><U18/><E18/><V131/><F135/><W10/><G6/><T117/><D19/><U79/><E79/><V125/><F125/><W74/><G30/><T91/><D42/><U67/><E67/><V21/><F131/><W127/><G127/><T115/><D5/><U111/><E111/><V88/><F77/><W128/><G128/><T38/><D117/><U48/><E48/><V70/><F17/><W86/><G28/><T85/><D51/><U35/><E35/><V100/><F100/><W34/><G34/><T57/><D32/><U113/><E113/><V15/><F33/><W24/><G31/><T44/><D115/><U59/><E59/><V78/><F78/><W66/><G65/><T36/><D36/><U55/><AGARI ba="2,3" hai="8,9,20,25,29,50,55,58,72,76,82,99,103,107" machi="55" ten="30,4000,0" yaku="1,1,0,1,53,1" doraHai="114" doraHaiUra="92" who="1" fromWho="1" sc="524,-12,45,76,198,-12,203,-22" />
</Scene>
<Scene>
<INIT seed="4,0,0,4,4,56" ten="512,121,186,181" oya="0" hai0="18,49,39,107,108,134,105,42,9,32,65,115,10" hai1="67,16,53,87,43,75,74,44,99,21,52,5,109" hai2="35,45,50,82,97,62,96,135,3,27,14,23,63" hai3="124,122,59,22,120,117,114,81,58,66,102,25,83"/><T54/><D32/><U17/><E109/><V46/><F3/><W78/><G117/><T51/><D65/><U90/><E5/><V92/><F35/><W64/><G114/><T84/><D39/><U40/><E99/><V95/><F82/><N who="3" m="31243" /><G78/><T0/><D84/><U29/><E67/><N who="3" m="25642" /><G102/><T26/><D18/><U85/><E29/><N who="2" m="17663" /><F14/><W20/><G124/><T118/><D105/><U72/><E90/><N who="2" m="55319" /><F135/><W129/><G129/><T31/><D134/><U80/><E80/><V2/><F2/><W7/><G7/><T1/><D107/><U15/><E17/><V47/><F50/><W68/><G68/><T86/><D49/><U104/><E104/><V88/><AGARI ba="0,0" hai="45,46,47,62,63,88,95,97" m="55319,17663" machi="88" ten="30,7900,0" yaku="8,1,52,2,54,1" doraHai="56" who="2" fromWho="2" sc="512,-39,121,-20,186,79,181,-20" />
</Scene>
<Scene>
<INIT seed="5,0,0,1,2,22" ten="473,101,265,161" oya="1" hai0="13,59,11,17,87,83,86,103,30,49,102,6,9" hai1="8,105,71,88,40,28,128,44,21,101,47,110,48" hai2="35,16,121,23,90,76,50,60,73,63,112,1,81" hai3="12,91,64,106,114,108,132,34,107,53,104,116,65"/><U36/><E71/><V25/><F121/><W61/><G108/><T98/><D30/><U125/><E110/><V99/><F1/><W111/><G111/><T54/><D98/><U135/><E135/><V84/><F112/><W97/><G34/><T33/><D33/><U2/><E125/><V46/><F35/><W75/><G75/><T92/><D92/><U118/><E118/><V55/><REACH who="2" step="1"/><F99/><REACH who="2" ten="473,101,255,161" step="2"/><W15/><G97/><T18/><D103/><U67/><E101/><V27/><F27/><W14/><G114/><T52/><D102/><U115/><E115/><V77/><F77/><W57/><G116/><T58/><D11/><U117/><E117/><V100/><F100/><W70/><G132/><T120/><D120/><U126/><E126/><V69/><F69/><W0/><G0/><T123/><D123/><U41/><E105/><V130/><F130/><W56/><G91/><N who="0" m="51679" /><D87/><U79/><E79/><V94/><AGARI ba="0,1" hai="16,23,25,46,50,55,60,63,73,76,81,84,90,94" machi="94" ten="20,12000,2" yaku="1,1,0,1,7,1,52,1,54,1,53,1" doraHai="22" doraHaiUra="42" who="2" fromWho="2" sc="473,-30,101,-60,255,130,161,-30" />
</Scene>
<Scene>
<INIT seed="6,0,0,3,4,52" ten="443,41,385,131" oya="2" hai0="6,7,69,21,103,27,13,135,80,85,29,60,133" hai1="24,123,26,45,62,32,88,105,0,113,71,107,111" hai2="28,132,109,43,22,100,37,56,67,36,79,104,76" hai3="9,108,84,121,3,50,61,64,23,18,74,92,54"/><V129/><F104/><W5/><G74/><T98/><D69/><U53/><E111/><V125/><F37/><W15/><G121/><T78/><D60/><U87/><E0/><V97/><F36/><W72/><G72/><T95/><REACH who="0" step="1"/><D13/><REACH who="0" ten="433,41,385,131" step="2"/><U134/><E123/><V96/><F109/><W12/><G108/><T120/><D120/><U130/><E130/><V10/><F129/><W47/><G3/><T106/><D106/><U19/><E134/><AGARI ba="0,1" hai="6,7,21,27,29,78,80,85,95,98,103,133,134,135" machi="134" ten="40,2600,0" yaku="1,1,20,1,53,0" doraHai="52" doraHaiUra="11" who="0" fromWho="1" sc="433,36,41,-26,385,0,131,0" />
</Scene>
<Scene>
<INIT seed="7,0,0,2,2,73" ten="469,15,385,131" oya="3" hai0="33,120,14,64,66,91,81,113,125,84,62,12,3" hai1="70,107,114,50,1,65,126,16,112,130,4,51,129" hai2="57,41,82,17,20,47,124,133,36,34,111,24,119" hai3="71,42,0,128,11,110,135,55,116,88,118,27,60"/><W32/><G42/><T46/><D120/><U99/><E1/><V13/><F119/><W98/><G55/><T52/><D3/><U18/><E4/><V23/><F111/><W7/><G88/><T96/><D33/><U101/><E99/><V87/><F133/><W30/><G98/><T72/><D72/><U67/><E101/><V5/><F124/><W10/><G10/><T83/><D125/><U9/><E126/><V90/><F57/><W40/><G40/><T122/><D122/><U31/><E31/><V77/><F34/><W95/><G95/><N who="0" m="56447" /><D113/><U54/><E9/><V85/><F5/><W58/><G58/><N who="0" m="35143" /><D46/><U117/><E54/><V21/><REACH who="2" step="1"/><F13/><REACH who="2" ten="469,15,375,131" step="2"/><N who="0" m="5226" /><D83/><AGARI ba="0,1" hai="17,20,21,23,24,36,41,47,77,82,83,85,87,90" machi="83" ten="30,7700,0" yaku="1,1,7,1,52,1,53,1" doraHai="73" doraHaiUra="69" who="2" fromWho="0" sc="469,-77,15,0,375,87,131,0" owari="392,19.0,15,-48.0,462,56.0,131,-27.0" />
</Scene>
</mjloggm>