<mjloggm ver="2.3"><GO type="169" lobby="0"/><UN n0="%E5%A4%AA%E3%81%8F%E3%81%AA%E3%81%84%E3%81%8A" n1="%79%75%2D%2D%2D%2D%2D%75" n2="%E5%91%82%E5%A7%AB" n3="%E3%83%BE%28%E3%83%BB%E2%88%80%E3%83%BB%EF%BC%9B%29" dan="17,17,16,16" rate="2237.44,2137.35,2109.67,2089.33" sx="M,M,F,M"/><TAIKYOKU oya="0"/>

<Scene>
<INIT seed="0,0,0,5,5,19" ten="250,250,250,250" oya="0" hai0="132,72,112,59,0,43,106,110,117,63,29,13,130" hai1="121,83,122,39,82,133,77,107,62,25,55,98,84" hai2="24,97,78,58,41,60,125,2,85,61,126,8,48" hai3="120,93,131,46,27,40,10,88,65,71,30,11,7"/><T87/><D72/><U94/><E39/><V44/><F61/><W50/><G131/><T123/><D112/><U108/><E107/><V56/><F56/><W35/><G120/><T115/><D115/><U96/><E133/><V79/><F97/><W109/><G109/><T95/><D0/><U6/><E108/><V113/><F113/><W103/><G103/><T1/><D1/><U124/><E124/><N who="2" m="47723" /><F85/><W101/><G101/><T42/><D106/><U57/><E6/><N who="2" m="1111" /><F24/><W32/><G32/><T38/><D59/><U45/><E45/><V15/><F15/><W22/><G35/><T18/><D13/><U135/><E135/><V3/><F3/><W28/><G71/><T86/><D87/><U21/><E83/><V64/><AGARI ba="0,0" hai="41,44,48,58,60,64,78,79" m="1111,47723" machi="64" ten="30,1100,0" yaku="18,1" doraHai="19" who="2" fromWho="2" sc="250,-5,250,-3,250,11,250,-3" />
</Scene>
<Scene>
<INIT seed="1,0,0,2,1,79" ten="245,247,261,247" oya="1" hai0="94,127,87,31,45,123,85,103,2,49,125,121,57" hai1="32,134,110,53,88,98,0,48,132,96,89,12,111" hai2="130,109,75,52,43,104,29,63,118,112,62,60,107" hai3="128,91,38,21,116,84,40,76,54,99,124,46,83"/><U8/><E32/><V4/><F109/><N who="1" m="41481" /><E0/><V78/><F118/><W14/><G128/><T90/><D2/><U28/><E28/><V67/><F43/><W42/><G42/><N who="0" m="24759" /><D31/><U19/><E96/><V114/><F67/><W44/><G124/><N who="0" m="47691" /><D103/><U65/><E65/><V9/><F29/><W73/><G99/><N who="0" m="57815" /><D57/><N who="1" m="32935" /><E98/><V35/><F35/><W61/><G116/><T59/><D59/><U22/><E22/><V97/><F130/><W50/><G61/><T95/><D95/><U34/><E34/><V108/><F63/><W55/><G55/><T105/><D105/><U66/><E66/><V11/><F62/><W23/><REACH who="3" step="1"/><G14/><REACH who="3" ten="245,247,261,237" step="2"/><T133/><D133/><AGARI ba="0,1" hai="8,12,19,88,89,132,133,134" m="32935,41481" machi="133" ten="30,11600,0" yaku="20,1,14,1,10,1,54,1" doraHai="79" who="1" fromWho="0" sc="245,-116,247,126,261,0,237,0" />
</Scene>
<Scene>
<INIT seed="1,1,0,2,3,90" ten="129,373,261,237" oya="1" hai0="113,101,125,102,59,115,46,41,78,16,97,13,69" hai1="65,104,108,72,74,107,58,50,31,111,70,116,19" hai2="99,92,47,89,52,23,110,124,109,44,105,123,30" hai3="36,94,53,34,25,133,54,21,51,134,127,91,87"/><U42/><E116/><V121/><F105/><N who="1" m="40521" /><E31/><V6/><F6/><W57/><G36/><T131/><D69/><U1/><E1/><V15/><F47/><W33/><G127/><T56/><D125/><U103/><E70/><V12/><F124/><W18/><REACH who="3" step="1"/><G53/><REACH who="3" ten="129,373,261,227" step="2"/><T83/><D115/><U17/><E42/><V38/><F38/><W35/><AGARI ba="1,1" hai="18,21,25,33,34,35,51,54,57,87,91,94,133,134" machi="35" ten="40,8000,1" yaku="1,1,2,1,0,1,52,1,53,0" doraHai="90" doraHaiUra="132" who="3" fromWho="3" sc="129,-21,373,-41,261,-21,227,93" />
</Scene>
<Scene>
<INIT seed="2,0,0,4,3,111" ten="108,332,240,320" oya="2" hai0="3,82,17,133,26,21,54,10,83,31,81,79,89" hai1="57,37,61,72,73,2,90,29,118,128,11,135,123" hai2="51,42,125,28,60,124,22,16,69,98,32,103,134" hai3="20,62,67,88,23,80,34,74,116,49,121,65,39"/><V96/><F134/><W30/><G39/><T117/><D133/><U59/><E37/><V129/><F129/><W15/><G116/><T100/><D117/><U105/><E128/><V122/><F122/><W12/><G121/><T63/><D100/><U132/><E105/><V106/><F96/><W45/><G34/><T104/><D104/><U102/><E29/><V53/><F42/><W70/><G67/><T35/><D89/><U109/><E102/><V127/><F28/><W66/><G66/><T99/><D99/><U84/><E109/><V92/><F32/><W40/><G74/><T112/><D63/><U93/><E123/><V13/><F106/><W68/><G68/><T76/><D54/><N who="1" m="33975" /><E72/><V56/><REACH who="2" step="1"/><F60/><REACH who="2" ten="108,332,230,320" step="2"/><W85/><G30/><T86/><D112/><U120/><E132/><V18/><F18/><W25/><G25/><T110/><D110/><U108/><E135/><V36/><F36/><W24/><G24/><T91/><D35/><U58/><E108/><V101/><F101/><W41/><G41/><T94/><REACH who="0" step="1"/><D17/><REACH who="0" ten="98,332,230,320" step="2"/><U1/><E120/><V55/><F55/><W27/><G40/><T113/><D113/><U9/><E118/><V46/><F46/><W87/><G45/><T0/><D0/><U130/><E1/><V48/><F48/><W95/><G49/><T5/><AGARI ba="0,2" hai="3,5,10,21,26,31,76,79,81,82,83,86,91,94" machi="5" ten="30,2000,0" yaku="1,1,0,1,53,0" doraHai="111" doraHaiUra="43" who="0" fromWho="0" sc="98,40,332,-5,230,-10,320,-5" />
</Scene>
<Scene>
<INIT seed="3,0,0,0,4,7" ten="138,327,220,315" oya="3" hai0="43,74,72,0,13,71,59,63,83,90,127,29,35" hai1="118,79,120,49,44,1,8,135,129,115,73,67,57" hai2="2,39,96,77,85,119,68,84,110,41,87,113,76" hai3="114,65,78,93,101,14,81,5,58,103,61,10,92"/><W132/><G114/><T117/><D0/><U3/><E115/><V31/><F68/><W24/><G132/><T134/><D117/><U82/><E120/><V51/><F39/><W86/><REACH who="3" step="1"/><G24/><REACH who="3" ten="138,327,220,305" step="2"/><T50/><D134/><U32/><E135/><V34/><F113/><W94/><AGARI ba="0,1" hai="5,10,14,58,61,65,78,81,86,92,93,94,101,103" machi="94" ten="30,12000,1" yaku="1,1,2,1,0,1,8,1,52,1,53,0" doraHai="7" doraHaiUra="105" who="3" fromWho="3" sc="138,-40,327,-40,220,-40,305,130" />
</Scene>
<Scene>
<INIT seed="3,1,0,1,4,85" ten="98,287,180,435" oya="3" hai0="115,58,123,102,130,8,20,116,62,51,95,33,82" hai1="11,126,83,91,30,65,14,84,118,89,2,39,43" hai2="80,18,125,134,105,9,119,104,44,57,88,55,24" hai3="124,133,47,114,97,22,96,5,103,42,54,48,15"/><W90/><G114/><T67/><D116/><U21/><E2/><V25/><F119/><W81/><G133/><T60/><D33/><U113/><E113/><V75/><F75/><W29/><G124/><T108/><D115/><U120/><E126/><V100/><F100/><W16/><G5/><T61/><D123/><U112/><E120/><V98/><F134/><W34/><G42/><T40/><D108/><U132/><E132/><V38/><F38/><W12/><G12/><T6/><D130/><U127/><E65/><V76/><F76/><W99/><G34/><T86/><D20/><U23/><E39/><V64/><F64/><W69/><G29/><T78/><D102/><U87/><E43/><V28/><F28/><W4/><G69/><T31/><D31/><U7/><E118/><V106/><F125/><W49/><G4/><T0/><D95/><N who="1" m="54695" /><E127/><V71/><F71/><W32/><G32/><T135/><D135/><U128/><E128/><V46/><F98/><W59/><G47/><T45/><REACH who="0" step="1"/><D0/><REACH who="0" ten="88,287,180,435" step="2"/><U1/><E1/><V52/><F105/><W56/><G103/><T122/><D122/><U68/><E112/><V10/><F104/><W93/><G81/><T121/><D121/><U74/><E30/><V117/><F80/><W131/><G131/><T63/><D63/><U72/><E23/><V79/><F106/><W41/><G41/><T35/><D35/><U19/><E21/><V70/><F117/><W66/><G22/><T111/><D111/><U17/><E83/><V94/><F94/><W26/><G93/><T3/><AGARI ba="1,1" hai="3,6,8,40,45,51,58,60,61,62,67,78,82,86" machi="3" ten="20,5200,0" yaku="1,1,0,1,7,1,53,1" doraHai="85" doraHaiUra="77" who="0" fromWho="0" sc="88,65,287,-14,180,-14,435,-27" />
</Scene>
<Scene>
<INIT seed="4,0,0,5,0,23" ten="153,273,166,408" oya="0" hai0="97,112,60,78,11,30,77,24,135,10,31,110,125" hai1="5,75,1,79,94,56,83,57,13,35,49,8,54" hai2="98,71,25,22,43,105,65,29,6,87,20,85,67" hai3="101,134,55,51,126,12,18,4,15,42,9,53,39"/><T123/><D123/><U26/><E94/><V119/><F119/><W38/><G134/><T131/><D135/><U93/><E93/><V89/><F6/><W28/><G28/><T33/><D112/><U133/><E133/><V81/><F71/><W127/><G101/><T40/><D125/><N who="3" m="47625" /><G42/><T88/><D131/><U17/><E56/><V113/><F113/><W46/><G53/><T63/><D40/><U130/><E130/><V76/><F43/><W91/><G91/><T21/><D110/><U115/><E115/><V69/><F69/><W117/><G117/><T73/><D73/><U82/><E82/><V72/><F87/><W108/><G108/><T95/><D31/><U36/><E36/><V106/><F106/><W14/><G18/><T2/><D33/><U107/><E107/><V102/><REACH who="2" step="1"/><F22/><REACH who="2" ten="153,273,156,408" step="2"/><W116/><G116/><T129/><D129/><U122/><E122/><V41/><F41/><W37/><AGARI ba="0,1" hai="4,9,12,14,15,37,38,39,46,51,55" m="47625" machi="37" ten="40,1500,0" yaku="18,1" doraHai="23" who="3" fromWho="3" sc="153,-7,273,-4,156,-4,408,25" />
</Scene>
<Scene>
<INIT seed="5,0,0,2,0,90" ten="146,269,152,433" oya="1" hai0="12,37,36,39,63,95,106,14,118,104,57,5,134" hai1="83,93,80,21,125,67,0,130,105,43,11,65,26" hai2="75,92,94,9,52,40,55,98,4,49,22,112,116" hai3="89,79,74,23,113,54,122,117,18,131,133,87,50"/><U77/><E105/><V47/><F75/><W38/><G38/><T3/><D118/><U135/><E135/><V115/><F116/><W71/><G71/><T127/><D134/><U42/><E130/><V97/><F22/><W41/><G41/><N who="1" m="15370" /><E0/><V7/><F40/><W8/><G122/><T119/><D119/><U128/><E128/><V110/><F110/><W44/><G131/><T51/><D51/><U84/><E11/><V1/><F7/><W15/><G113/><N who="2" m="43593" /><F55/><W88/><G74/><T27/><D127/><U111/><E111/><V10/><F9/><W81/><G133/><T16/><D3/><U70/><E70/><V19/><F19/><N who="3" m="8679" /><G117/><T82/><D5/><U20/><E125/><V25/><F25/><AGARI ba="0,0" hai="18,23,25,44,50,54,79,81,87,88,89" m="8679" machi="25" ten="30,2000,0" yaku="8,1,54,1" doraHai="90" who="3" fromWho="2" sc="146,0,269,0,152,-20,433,20" />
</Scene>
<Scene>
<INIT seed="6,0,0,5,4,95" ten="146,269,132,453" oya="2" hai0="125,7,127,77,76,3,86,17,2,44,67,28,60" hai1="120,27,103,108,65,54,91,115,93,5,21,131,42" hai2="14,26,119,35,23,135,104,57,34,52,123,59,132" hai3="51,15,30,128,84,1,71,74,116,113,37,70,133"/><V69/><F104/><W83/><G37/><T47/><D28/><U75/><E108/><V41/><F69/><W105/><G1/><N who="0" m="11" /><D7/><U19/><E75/><V39/><F123/><W72/><G105/><T79/><D86/><U25/><E120/><V110/><F110/><W13/><G116/><T96/><D17/><U36/><E65/><V45/><F59/><W0/><G0/><T111/><D111/><U50/><E131/><V109/><F119/><W6/><G30/><T134/><D96/><U61/><E115/><V73/><F73/><W80/><G84/><T121/><D121/><U124/><E124/><N who="0" m="47689" /><D134/><N who="2" m="51242" /><F14/><W100/><G133/><T82/><D82/><U63/><E25/><V101/><F101/><W92/><G100/><T24/><D24/><U112/><E103/><V49/><F109/><W122/><G122/><T12/><D12/><U118/><E27/><V9/><F9/><W81/><G113/><T130/><D130/><U88/><E112/><V99/><F99/><W126/><G128/><T98/><D98/><U117/><E117/><V97/><F97/><W78/><G126/><T31/><D31/><AGARI ba="0,0" hai="23,26,31,34,35,39,41,45,49,52,57" m="51242" machi="31" ten="30,2900,0" yaku="20,1,54,1" doraHai="95" who="2" fromWho="0" sc="146,-29,269,0,132,29,453,0" />
</Scene>
<Scene>
<INIT seed="6,1,0,4,2,1" ten="117,269,161,453" oya="2" hai0="124,22,13,89,115,75,18,70,121,131,83,51,10" hai1="53,63,91,111,49,77,79,21,29,117,24,43,94" hai2="54,90,7,104,98,32,93,86,123,27,41,81,42" hai3="52,45,19,25,113,17,34,44,69,125,35,65,72"/><V96/><F123/><W11/><G72/><T101/><D121/><U59/><E111/><V4/><F104/><W102/><G102/><T133/><D70/><U28/><E28/><V105/><F105/><W31/><G125/><T80/><D115/><U122/><E117/><V8/><F8/><W5/><G35/><T66/><D124/><U0/><E0/><V116/><F96/><W46/><G113/><T112/><D112/><U50/><E122/><V110/><F116/><W130/><G130/><T97/><D131/><U48/><E43/><N who="2" m="16395" /><F32/><W30/><G30/><T58/><D133/><U14/><E14/><V47/><F27/><W61/><REACH who="3" step="1"/><G52/><REACH who="3" ten="117,269,161,443" step="2"/><N who="0" m="32031" /><D75/><U128/><E128/><V26/><F110/><W55/><G55/><T119/><D119/><U15/><REACH who="1" step="1"/><E15/><AGARI ba="1,1" hai="5,11,15,17,19,25,31,34,44,45,46,61,65,69" machi="15" ten="40,2600,0" yaku="1,1,52,1,53,0" doraHai="1" doraHaiUra="85" who="3" fromWho="1" sc="117,0,269,-29,161,0,443,39" />
</Scene>
<Scene>
<INIT seed="7,0,0,0,1,48" ten="117,240,161,482" oya="3" hai0="7,15,120,124,63,36,23,27,46,125,90,119,114" hai1="33,41,135,21,16,13,126,12,96,64,98,40,44" hai2="99,38,29,75,9,53,77,100,37,129,74,60,31" hai3="52,102,50,89,82,103,107,18,110,95,10,39,20"/><W58/><G39/><T68/><D119/><U109/><E33/><V121/><F129/><W78/><G107/><T113/><D120/><U130/><E126/><N who="0" m="48745" /><D90/><U6/><E130/><V14/><F38/><W4/><G110/><T45/><D15/><U70/><E109/><V35/><F37/><W62/><G62/><T49/><D7/><U22/><E135/><V108/><F108/><W112/><G112/><N who="0" m="43115" /><D36/><U111/><E13/><V72/><F77/><W85/><G10/><T32/><D32/><U83/><E12/><V42/><F35/><W51/><G4/><T127/><N who="0" m="48753" /><T86/><DORA hai="101" /><D86/><U80/><E6/><V47/><F121/><W106/><G106/><T3/><D3/><U2/><E2/><V67/><F75/><W0/><G0/><T116/><D116/><U104/><E111/><V24/><F74/><W54/><G78/><T1/><D1/><U71/><E96/><V57/><F72/><W66/><G82/><T30/><D49/><U61/><E83/><V79/><F79/><W19/><G66/><AGARI ba="0,0" hai="23,27,30,45,46,63,66,68" m="43115,48753" machi="66" ten="50,6400,0" yaku="18,1,15,1,11,1" doraHai="48,101" who="0" fromWho="3" sc="117,64,240,0,161,0,482,-64" owari="181,-22.0,240,4.0,161,-34.0,418,52.0" />
</Scene>
</mjloggm>