<mjloggm ver="2.3"><GO type="169" lobby="0"/><UN n0="%E5%A4%AA%E3%81%8F%E3%81%AA%E3%81%84%E3%81%8A" n1="%E3%81%93%E3%81%98%E3%81%BE%E3%82%82%E3%82%93" n2="%E3%81%BE%E3%81%93%E3%81%95%E3%81%A8%76%65%72%32" n3="%72%61%74%74%61%74%74%61" dan="18,17,17,18" rate="2262.98,2170.72,2202.85,2221.74" sx="F,M,M,M"/><TAIKYOKU oya="0"/>

<Scene>
<INIT seed="0,0,0,1,1,55" ten="250,250,250,250" oya="0" hai0="35,24,30,20,74,68,47,84,114,109,32,122,125" hai1="103,64,60,108,128,72,23,61,70,110,73,7,59" hai2="104,66,9,18,91,27,8,95,82,4,113,36,38" hai3="102,106,112,14,13,37,119,39,17,80,3,26,2"/><T1/><D74/><U93/><E128/><V116/><F104/><W33/><G112/><T67/><D114/><U127/><E127/><V134/><F82/><W10/><G106/><T22/><D122/><U117/><E117/><V63/><F134/><W78/><G102/><T132/><D1/><U28/><E7/><V87/><F116/><W97/><G97/><T81/><D125/><U53/><E103/><V34/><F113/><W77/><G77/><T126/><D126/><U45/><E93/><V49/><F49/><W111/><G119/><T123/><D123/><U54/><E45/><V96/><F9/><N who="3" m="6319" /><G80/><T89/><D132/><U19/><E28/><V62/><F96/><W124/><G78/><T51/><D109/><N who="1" m="42091" /><E53/><V101/><F101/><W135/><G39/><T42/><REACH who="0" step="1"/><D35/><REACH who="0" ten="240,250,250,250" step="2"/><U69/><E69/><V100/><F34/><W0/><G111/><T21/><D21/><U48/><E72/><V129/><F129/><W92/><G124/><T25/><D25/><N who="1" m="14591" /><E73/><V41/><F27/><W121/><G135/><T76/><D76/><U79/><E79/><V75/><F75/><W86/><G121/><T131/><D131/><U88/><E70/><V57/><F8/><W105/><G10/><T107/><D107/><U98/><E64/><V71/><F66/><W40/><G105/><T15/><D15/><U65/><E65/><V12/><F12/><W11/><G33/><T29/><D29/><U133/><E133/><V130/><F71/><W120/><G120/><T43/><D43/><U115/><E115/><V6/><F130/><W5/><G40/><T99/><D99/><RYUUKYOKU ba="0,1" sc="240,15,250,15,250,-15,250,-15" hai0="20,22,24,30,32,42,47,51,67,68,81,84,89" hai1="48,54,59,60,61,88,98" />
</Scene>
<Scene>
<INIT seed="0,1,1,0,3,1" ten="255,265,235,235" oya="0" hai0="34,96,52,28,38,37,130,4,64,81,100,61,13" hai1="86,9,72,75,91,35,85,36,11,106,67,42,78" hai2="16,118,112,58,53,62,83,21,77,94,41,50,66" hai3="131,24,113,95,129,55,135,120,110,79,134,20,10"/><T68/><D130/><N who="3" m="49673" /><G79/><T80/><D80/><U33/><E106/><V74/><F112/><W102/><G113/><T107/><D81/><U44/><E67/><V98/><F118/><W132/><G55/><T54/><D37/><U46/><E78/><V123/><F41/><W63/><G63/><T8/><D38/><U30/><E30/><V126/><F126/><W97/><G110/><T49/><D49/><U3/><E3/><V93/><F98/><W105/><G120/><T121/><D121/><U73/><E46/><V59/><REACH who="2" step="1"/><F123/><REACH who="2" ten="255,265,225,235" step="2"/><W103/><G103/><T26/><AGARI ba="1,2" hai="4,8,13,26,28,34,52,54,61,64,68,96,100,107" machi="26" ten="30,12000,1" yaku="0,1,25,2,52,1,54,1" doraHai="1" who="0" fromWho="0" sc="255,143,265,-41,225,-41,235,-41" />
</Scene>
<Scene>
<INIT seed="0,2,0,2,2,68" ten="398,224,184,194" oya="0" hai0="110,118,60,20,6,10,35,69,107,62,129,105,79" hai1="31,15,19,123,49,120,122,9,102,97,126,111,37" hai2="134,85,28,11,39,26,42,2,24,121,113,86,98" hai3="16,21,38,131,56,27,23,12,74,101,109,0,127"/><T46/><D35/><U29/><E37/><V130/><F121/><W89/><G0/><T66/><D118/><U51/><E111/><V95/><F130/><W70/><G70/><T116/><D116/><U30/><REACH who="1" step="1"/><E126/><REACH who="1" ten="398,214,184,194" step="2"/><V133/><F39/><W77/><G109/><T94/><D110/><U55/><E55/><V73/><F42/><W48/><G38/><T106/><D129/><U82/><E82/><V119/><F119/><W41/><G127/><T3/><D66/><U58/><E58/><V18/><F134/><W1/><G131/><T100/><D69/><U7/><E7/><V25/><F133/><W71/><G71/><T40/><D40/><U125/><E125/><V61/><F113/><W115/><G56/><T104/><D46/><U90/><E90/><V8/><F28/><W124/><G124/><T99/><D79/><U88/><E88/><V93/><F73/><W45/><G115/><T44/><D44/><U117/><E117/><V5/><F61/><W32/><G89/><T34/><D62/><U83/><E83/><V75/><F75/><W81/><G101/><T43/><D60/><U76/><E76/><V22/><F5/><W91/><G91/><T128/><D128/><U78/><E78/><V57/><F57/><W52/><G41/><T63/><D63/><U132/><E132/><V92/><F98/><W53/><G53/><T59/><D59/><U87/><E87/><N who="2" m="33291" /><F2/><W114/><G114/><T135/><D135/><U103/><E103/><V96/><F96/><W72/><G1/><N who="0" m="335" /><D43/><U50/><E50/><V33/><F33/><W84/><G32/><RYUUKYOKU ba="2,1" sc="398,-30,214,10,184,10,194,10" hai1="9,15,19,29,30,31,49,51,97,102,120,122,123" hai2="8,11,18,22,24,25,26,92,93,95" hai3="12,16,21,23,27,45,48,52,72,74,77,81,84" />
</Scene>
<Scene>
<INIT seed="1,3,1,1,2,61" ten="368,224,194,204" oya="1" hai0="112,103,18,12,62,70,37,72,82,48,55,10,122" hai1="66,121,67,41,120,32,73,65,109,84,19,28,2" hai2="92,101,54,6,51,89,14,59,127,80,27,31,105" hai3="8,114,98,90,22,130,69,30,71,99,128,45,119"/><U79/><E73/><V74/><F127/><W87/><G114/><T9/><D112/><U40/><E2/><V25/><F105/><W24/><G119/><T135/><D37/><U116/><E116/><V23/><F101/><W95/><G8/><T68/><D103/><U34/><E109/><V117/><F117/><W83/><G45/><T44/><D135/><U111/><E111/><V0/><F0/><W36/><G36/><T21/><D122/><N who="1" m="47211" /><E19/><V129/><F129/><N who="3" m="49771" /><G99/><T125/><D125/><U96/><E96/><V97/><F74/><W16/><G30/><T13/><D10/><U118/><E118/><V115/><F115/><W113/><G113/><T43/><D72/><U46/><E46/><V3/><F3/><W63/><G63/><T94/><D9/><U132/><E28/><V58/><F6/><W42/><G42/><N who="1" m="16490" /><E84/><V123/><F123/><W7/><G7/><T57/><D44/><U38/><E38/><V86/><F14/><W35/><G35/><N who="1" m="13354" /><E79/><AGARI ba="3,1" hai="16,22,24,69,71,79,83,87,90,95,98" m="49771" machi="79" ten="30,2000,0" yaku="19,1,54,1" doraHai="61" who="3" fromWho="1" sc="368,0,224,-29,194,0,204,39" />
</Scene>
<Scene>
<INIT seed="2,0,0,1,3,35" ten="368,195,194,243" oya="2" hai0="111,89,129,130,57,75,70,53,84,135,0,112,21" hai1="106,134,93,71,48,26,61,91,40,16,73,39,8" hai2="65,54,117,27,125,131,133,11,97,33,100,79,96" hai3="32,95,42,47,9,45,124,128,64,49,3,13,127"/><V25/><F117/><W74/><G74/><T83/><D112/><U20/><E106/><V85/><F65/><W28/><G128/><N who="0" m="49259" /><D111/><U122/><E73/><V43/><F131/><W77/><G77/><T67/><D135/><U6/><E134/><V30/><F133/><W87/><G64/><T24/><D75/><U51/><E122/><V18/><F43/><W58/><G3/><T7/><D67/><U22/><E71/><V94/><F125/><N who="3" m="48203" /><G28/><N who="0" m="17423" /><D70/><U5/><E61/><V60/><F97/><W37/><G32/><T109/><D109/><U52/><E39/><V38/><F38/><W114/><G58/><T34/><D34/><U44/><E22/><V88/><F79/><W113/><G87/><T107/><D107/><U69/><E8/><V120/><F120/><W80/><G95/><T29/><D29/><U50/><E69/><V4/><F60/><W63/><G80/><T17/><D17/><U92/><E92/><V101/><F101/><W10/><G63/><N who="0" m="36271" /><D7/><N who="1" m="2571" /><E40/><V23/><F54/><N who="3" m="29999" /><G10/><T123/><D123/><U105/><E105/><V110/><F110/><W19/><AGARI ba="0,0" hai="9,13,19,37,42,47,113,114" m="29999,48203" machi="19" ten="30,1100,0" yaku="18,1" doraHai="35" who="3" fromWho="3" sc="368,-3,195,-3,194,-5,243,11" />
</Scene>
<Scene>
<INIT seed="3,0,0,2,5,102" ten="365,192,189,254" oya="3" hai0="10,51,111,97,96,127,48,83,15,16,57,12,53" hai1="122,123,52,75,86,100,54,44,130,104,31,13,107" hai2="46,76,89,37,131,115,88,132,17,27,3,74,58" hai3="110,84,62,43,20,98,68,120,63,0,109,1,26"/><W33/><G120/><T45/><D111/><N who="3" m="42505" /><G43/><N who="0" m="24639" /><D127/><U30/><E75/><V106/><F3/><N who="3" m="1099" /><G33/><T5/><D83/><U24/><E13/><V112/><F74/><W129/><G129/><T55/><D55/><N who="1" m="21035" /><E44/><V67/><F76/><W135/><G135/><T22/><AGARI ba="0,0" hai="5,10,12,15,16,22,51,53,57,96,97" m="24639" machi="22" ten="30,2000,0" yaku="8,1,54,1" doraHai="102" who="0" fromWho="0" sc="365,20,192,-5,189,-5,254,-10" />
</Scene>
<Scene>
<INIT seed="4,0,0,1,3,93" ten="385,187,184,244" oya="0" hai0="119,76,134,64,116,16,66,71,96,67,31,36,72" hai1="54,12,35,4,2,9,28,108,117,97,87,115,48" hai2="75,100,42,0,11,128,86,98,20,37,125,110,29" hai3="6,95,85,19,81,99,25,49,132,5,56,26,65"/><T46/><D31/><U94/><E108/><V51/><F75/><W121/><G132/><T124/><D76/><U105/><E117/><V114/><F110/><W22/><G25/><T126/><D72/><U129/><E129/><V80/><F37/><W84/><G121/><T122/><D122/><U43/><E115/><V40/><F114/><W13/><G84/><T8/><D134/><U123/><E123/><V91/><F128/><W38/><G38/><T135/><D135/><U55/><E105/><V44/><F125/><N who="0" m="48234" /><D71/><U57/><E2/><V111/><F111/><W69/><G69/><T130/><D130/><U109/><E109/><V89/><F0/><W62/><G49/><T73/><D73/><U21/><E35/><V63/><F11/><W79/><REACH who="3" step="1"/><G26/><REACH who="3" ten="385,187,184,234" step="2"/><T92/><D36/><U24/><E87/><V118/><F118/><W120/><G120/><T30/><D30/><U3/><E28/><V32/><F32/><W90/><AGARI ba="0,1" hai="5,6,13,19,22,56,62,65,79,81,85,90,95,99" machi="90" ten="20,12000,2" yaku="1,1,0,1,7,1,8,1,52,1,53,1" doraHai="93" doraHaiUra="17" who="3" fromWho="3" sc="385,-60,187,-30,184,-30,234,130" />
</Scene>
<Scene>
<INIT seed="5,0,0,3,3,94" ten="325,157,154,364" oya="1" hai0="10,79,29,49,113,27,17,35,48,71,108,21,125" hai1="32,82,72,107,112,46,88,64,55,42,19,9,44" hai2="61,100,134,105,133,52,111,41,99,69,12,25,135" hai3="96,13,20,127,83,110,116,26,8,45,91,119,106"/><U2/><E32/><V39/><F111/><W36/><G110/><T15/><D108/><U30/><E107/><V87/><F12/><W85/><G127/><T73/><D71/><U57/><E64/><V22/><F87/><W11/><G45/><T56/><D125/><U54/><E30/><V75/><F75/><W114/><G36/><T23/><D113/><U74/><E112/><V128/><F128/><W47/><G47/><T1/><D23/><U81/><E44/><N who="2" m="23615" /><F61/><W104/><G114/><T16/><D56/><U122/><E122/><V4/><F4/><W14/><G11/><T77/><D17/><U53/><E57/><V130/><F69/><W129/><G129/><T67/><D67/><U95/><E72/><V33/><F130/><W78/><G106/><T0/><D0/><U102/><E102/><V89/><F89/><W123/><G123/><T58/><D73/><U132/><E132/><V90/><F90/><W84/><G104/><T118/><D118/><N who="3" m="45097" /><G96/><T101/><D101/><U18/><E74/><V5/><F5/><W62/><G62/><T68/><D68/><U115/><E115/><V43/><F43/><W86/><G91/><T121/><D121/><U97/><E2/><V126/><F126/><W98/><G85/><T31/><D1/><U60/><E60/><V28/><F33/><W37/><G86/><T6/><D35/><U76/><E76/><N who="0" m="29257" /><D58/><U50/><E9/><V24/><F24/><W93/><G8/><T66/><D66/><U120/><E120/><V70/><F70/><W3/><G3/><T131/><D131/><U65/><E65/><RYUUKYOKU ba="0,0" sc="325,10,157,10,154,10,364,-30" hai0="6,10,15,16,21,27,29,31,48,49" hai1="18,19,42,46,50,53,54,55,81,82,88,95,97" hai2="22,25,28,52,99,100,105,133,134,135" />
</Scene>
<Scene>
<INIT seed="5,1,0,4,0,17" ten="335,167,164,334" oya="1" hai0="50,105,1,12,61,75,26,134,87,34,14,122,98" hai1="32,4,135,68,129,24,102,5,10,70,21,77,66" hai2="125,18,51,33,46,62,9,115,65,25,82,47,39" hai3="97,67,132,72,59,109,85,130,40,57,20,79,49"/><U11/><E32/><V101/><F125/><W35/><G35/><T73/><D1/><U15/><E129/><V76/><F115/><W0/><G109/><T128/><D128/><U22/><E135/><V117/><F117/><W37/><G37/><T58/><D50/><U7/><E77/><V52/><F101/><W121/><G0/><T6/><D87/><U55/><E102/><V100/><F100/><W38/><G38/><T54/><D98/><U19/><E55/><V69/><F33/><W16/><G72/><T3/><D105/><U45/><E45/><V123/><F123/><W88/><G121/><T8/><D122/><U13/><E66/><V63/><F63/><W36/><G36/><T80/><D134/><U108/><E108/><V71/><F71/><W104/><G104/><T83/><D83/><U74/><E74/><V86/><F9/><N who="1" m="3081" /><E70/><V90/><F76/><W118/><G118/><T112/><D73/><U94/><E94/><V48/><F39/><W28/><G79/><T81/><D81/><U106/><E68/><V2/><F2/><W60/><G130/><T116/><D80/><U64/><E64/><V99/><F99/><W107/><G97/><T43/><D75/><U103/><E103/><V30/><F30/><W114/><G107/><T127/><D116/><U113/><E106/><V41/><F18/><W78/><G132/><T93/><D3/><U29/><E113/><V53/><F41/><W119/><G114/><T42/><D112/><U133/><E133/><V56/><F69/><N who="3" m="42215" /><G119/><T27/><D34/><U120/><E120/><V95/><F82/><RYUUKYOKU ba="1,0" sc="335,-15,167,15,164,15,334,-15" hai1="4,5,7,13,15,19,21,22,24,29" hai2="25,46,47,48,51,52,53,56,62,65,86,90,95" />
</Scene>
<Scene>
<INIT seed="5,2,0,3,2,26" ten="320,182,179,319" oya="1" hai0="93,65,38,40,59,6,28,54,81,106,135,49,75" hai1="112,131,132,113,4,5,105,42,101,118,100,98,85" hai2="46,124,9,11,8,1,52,73,21,67,111,14,128" hai3="55,97,45,39,53,116,70,69,99,35,58,133,10"/><U7/><E118/><V36/><F73/><W16/><G116/><T12/><D106/><U32/><E131/><V13/><F111/><W107/><G35/><T2/><D135/><U121/><E121/><V82/><F128/><W48/><G133/><T15/><D93/><U23/><E32/><V51/><F1/><W103/><G97/><T62/><D28/><U77/><E132/><V86/><F124/><W3/><G39/><T50/><D50/><U68/><E68/><V95/><F36/><W108/><G108/><T22/><D22/><U34/><E34/><V27/><F67/><W126/><G126/><T61/><D61/><U37/><E100/><V57/><F95/><W127/><G127/><T80/><D2/><U24/><E42/><V30/><F46/><W18/><G3/><T74/><D81/><U88/><E77/><AGARI ba="2,0" hai="8,9,11,13,14,21,27,30,51,52,57,77,82,86" machi="77" ten="40,5200,0" yaku="8,1,52,1,54,1" doraHai="26" who="2" fromWho="1" sc="320,0,182,-58,179,58,319,0" />
</Scene>
<Scene>
<INIT seed="6,0,0,3,4,6" ten="320,124,237,319" oya="2" hai0="66,112,95,73,93,89,72,0,70,16,85,52,58" hai1="77,15,57,43,125,127,84,115,81,4,56,121,23" hai2="122,34,68,110,64,103,79,62,45,106,131,99,108" hai3="104,2,41,27,21,88,134,9,126,83,128,78,98"/><V107/><F122/><W69/><G69/><T11/><D112/><U36/><E115/><V18/><F131/><W76/><G41/><T47/><D70/><U8/><E121/><V90/><F90/><W97/><G128/><T133/><D133/><U114/><E114/><V130/><F130/><W40/><G40/><T20/><D66/><U24/><E36/><V49/><F79/><W46/><G46/><T44/><D73/><U26/><E26/><V38/><F18/><W53/><G134/><T87/><D72/><U132/><E132/><V51/><F107/><W109/><G109/><N who="2" m="42089" /><F34/><W48/><G104/><T3/><D3/><U61/><E43/><AGARI ba="0,0" hai="38,43,45,49,51,62,64,68,99,103,106" m="42089" machi="43" ten="30,1500,0" yaku="10,1" doraHai="6" who="2" fromWho="1" sc="320,0,124,-15,237,15,319,0" />
</Scene>
<Scene>
<INIT seed="6,1,0,2,3,112" ten="320,109,252,319" oya="2" hai0="7,113,116,63,114,46,84,58,33,18,79,34,103" hai1="73,66,45,47,35,27,85,52,92,117,55,29,97" hai2="36,60,98,30,65,122,42,12,14,111,128,50,21" hai3="10,22,49,13,104,95,110,105,89,39,8,25,130"/><V121/><F36/><W124/><G39/><T2/><D103/><U86/><E73/><V78/><F128/><W82/><G110/><T75/><D75/><U118/><E66/><V5/><F78/><W64/><G64/><N who="0" m="39031" /><D18/><U80/><E47/><V38/><F38/><W72/><G124/><T23/><D23/><U109/><E109/><V135/><F98/><W71/><G71/><T126/><D46/><U119/><E45/><V3/><F50/><W54/><G130/><T24/><D24/><U115/><E115/><N who="0" m="44041" /><D126/><U43/><E43/><V40/><F30/><W62/><G62/><T53/><D53/><U76/><REACH who="1" step="1"/><E85/><REACH who="1" ten="320,99,252,319" step="2"/><V77/><F40/><W108/><G72/><T4/><D84/><U132/><E132/><V11/><F42/><W0/><G108/><T61/><D34/><U106/><E106/><V107/><F107/><W127/><G105/><T6/><D33/><U133/><E133/><V88/><F65/><W134/><G104/><T96/><D96/><U19/><E19/><V74/><F111/><W1/><G134/><T102/><D6/><U90/><AGARI ba="1,1" hai="27,29,35,52,55,76,80,86,90,92,97,117,118,119" machi="90" ten="30,12000,2" yaku="1,1,0,1,52,3,54,1,53,1" doraHai="112" doraHaiUra="83" who="1" fromWho="1" sc="320,-31,99,133,252,-61,319,-31" />
</Scene>
<Scene>
<INIT seed="7,0,0,4,1,8" ten="289,232,191,288" oya="3" hai0="83,0,78,28,135,65,115,82,80,52,113,73,91" hai1="70,81,92,59,109,41,122,101,94,95,97,98,26" hai2="102,108,76,40,55,36,84,35,72,132,16,90,19" hai3="61,13,66,54,34,56,133,128,43,100,30,99,10"/><W5/><G128/><T58/><D0/><U127/><E70/><V107/><F108/><W131/><G131/><T23/><D65/><U46/><E109/><V71/><F132/><W39/><G133/><T104/><D104/><U119/><E122/><V57/><F71/><W45/><G30/><T44/><D44/><U11/><E127/><V111/><F111/><W134/><G34/><T130/><D130/><U62/><E119/><V88/><F35/><W53/><REACH who="3" step="1"/><G134/><REACH who="3" ten="289,232,191,278" step="2"/><T96/><D135/><U60/><E97/><V118/><F118/><W32/><G32/><T50/><D28/><U21/><E98/><V25/><F107/><AGARI ba="0,1" hai="5,10,13,39,43,45,53,54,56,61,66,99,100,107" machi="107" ten="30,11600,0" yaku="1,1,7,1,52,1,53,1" doraHai="8" doraHaiUra="2" who="3" fromWho="2" sc="289,0,232,0,191,-116,278,126" owari="289,9.0,232,-17.0,75,-42.0,404,50.0" />
</Scene>
</mjloggm>