<mjloggm ver="2.3"><GO type="169" lobby="0"/><UN n0="%E5%A4%AA%E3%81%8F%E3%81%AA%E3%81%84%E3%81%8A" n1="%E3%82%AB%E3%83%A9%E3%82%B9%E3%81%AE%E5%AD%90" n2="%E3%81%B5%E3%81%8B%E3%81%BF" n3="%57%49%4E%E7%A5%9E" dan="19,17,17,16" rate="2298.41,2159.57,2173.47,2087.15" sx="F,M,F,M"/><TAIKYOKU oya="0"/>

<Scene>
<INIT seed="0,0,0,1,0,41" ten="250,250,250,250" oya="0" hai0="120,130,1,103,9,95,134,24,14,6,121,133,111" hai1="112,106,109,71,117,72,90,86,48,21,82,127,36" hai2="34,8,81,129,49,43,119,87,33,79,85,102,91" hai3="47,20,18,42,99,94,23,56,135,31,58,4,0"/><T110/><D103/><U27/><E117/><V73/><F119/><W25/><G135/><N who="0" m="51723" /><D95/><U83/><E109/><N who="0" m="41481" /><D130/><U30/><E106/><V115/><F129/><W116/><G0/><T55/><D55/><U66/><E112/><V11/><F115/><W118/><G4/><T57/><D57/><U22/><E71/><V124/><F102/><W75/><G75/><T69/><D69/><U125/><E72/><V123/><F73/><W70/><G70/><T92/><D92/><U74/><E74/><V97/><F97/><W17/><G118/><T28/><D14/><U113/><E113/><V126/><F87/><W131/><G131/><T7/><D7/><U77/><E83/><V16/><F81/><W37/><G116/><T104/><D104/><U63/><E86/><V19/><F85/><W60/><G23/><AGARI ba="0,0" hai="1,6,9,23,24,28,120,121" m="41481,51723" machi="23" ten="30,12000,1" yaku="20,1,14,1,10,1,34,2" doraHai="41" who="0" fromWho="3" sc="250,120,250,0,250,0,250,-120" />
</Scene>
<Scene>
<INIT seed="0,1,0,4,5,45" ten="370,250,250,130" oya="0" hai0="39,53,117,130,92,46,27,110,107,99,36,35,112" hai1="103,43,86,82,135,16,44,5,120,66,61,100,59" hai2="26,116,115,17,55,94,89,37,32,93,41,54,70" hai3="29,97,19,52,38,63,8,127,11,118,101,98,2"/><T113/><D117/><U73/><E120/><V74/><F115/><W132/><G118/><T105/><D130/><U72/><E135/><V129/><F116/><W111/><G132/><T114/><D110/><U88/><E5/><V90/><F70/><W76/><G111/><T77/><D77/><U22/><E73/><V47/><F74/><W119/><G38/><T121/><D121/><U79/><E79/><V49/><F129/><W1/><G119/><T9/><D9/><U131/><E72/><V104/><F104/><W128/><G128/><T122/><D122/><U108/><E108/><V20/><F32/><W24/><G127/><T12/><D12/><U75/><E75/><V65/><F65/><W83/><G2/><T126/><D126/><U31/><E31/><V134/><F134/><W71/><G71/><T30/><D39/><U7/><E7/><V51/><F37/><W56/><G1/><T124/><D124/><U106/><E106/><V102/><F102/><W3/><G3/><T69/><D69/><U0/><E0/><V78/><F78/><W28/><G101/><T4/><D4/><U84/><E86/><N who="2" m="52407" /><F49/><W34/><G29/><T64/><D64/><U13/><E131/><V23/><F23/><W95/><G95/><T42/><REACH who="0" step="1"/><D53/><REACH who="0" ten="360,250,250,130" step="2"/><U123/><E123/><V21/><F55/><W68/><G68/><T15/><D15/><U87/><E84/><N who="2" m="52551" /><F54/><W10/><G76/><T96/><D96/><U109/><E109/><V80/><F26/><W62/><G24/><T57/><D57/><U14/><E13/><V48/><F41/><W18/><G97/><RYUUKYOKU ba="1,1" sc="360,15,250,15,250,-15,130,-15" hai0="27,30,35,36,42,46,92,99,105,107,112,113,114" hai1="14,16,22,43,44,59,61,66,82,87,88,100,103" />
</Scene>
<Scene>
<INIT seed="0,2,1,4,5,86" ten="375,265,235,115" oya="0" hai0="57,55,75,89,33,99,127,14,83,27,37,106,16" hai1="60,134,49,80,51,12,71,82,114,125,68,104,15" hai2="8,74,133,4,129,58,105,6,102,61,126,66,135" hai3="42,31,119,103,20,73,13,64,48,1,29,26,17"/><T92/><D37/><U44/><E104/><V24/><F74/><W7/><G119/><T46/><D127/><U59/><E125/><V19/><F126/><W63/><G73/><T113/><D113/><U98/><E114/><V131/><F102/><W39/><G103/><T0/><D0/><U123/><E123/><V96/><F96/><W107/><G107/><T50/><D106/><U23/><E134/><N who="2" m="51211" /><F105/><W34/><G31/><T2/><D2/><U67/><E98/><V132/><F132/><W65/><G39/><T22/><D75/><U116/><E116/><V91/><F91/><W11/><REACH who="3" step="1"/><G63/><REACH who="3" ten="375,265,235,105" step="2"/><T118/><D118/><U43/><E60/><V53/><F131/><W25/><G25/><T21/><D33/><U100/><E100/><V124/><F24/><W28/><G28/><N who="0" m="17519" /><D83/><U45/><E80/><V85/><F129/><W115/><G115/><T88/><D89/><U41/><E82/><V79/><F124/><W56/><G56/><AGARI ba="2,2" hai="14,16,22,46,50,55,56,57,88,92,99" m="17519" machi="56" ten="30,11600,0" yaku="8,1,52,1,54,2" doraHai="86" who="0" fromWho="3" sc="375,142,265,0,235,0,105,-122" owari="517,61.0,265,7.0,235,-16.0,-17,-52.0" />
</Scene>
</mjloggm>