<mjloggm ver="2.3"><GO type="169" lobby="0"/><UN n0="%E2%80%A0%41%71%75%61%E2%80%A0" n1="%65%69%6B%31" n2="%63%68%61%72%6C%69%65%37" n3="%E5%A4%AA%E3%81%8F%E3%81%AA%E3%81%84%E3%81%8A" dan="16,17,18,17" rate="2088.14,2144.38,2191.71,2242.43" sx="M,M,M,M"/><TAIKYOKU oya="0"/>

<Scene>
<INIT seed="0,0,0,2,0,104" ten="250,250,250,250" oya="0" hai0="1,134,46,84,118,49,99,67,14,55,7,80,17" hai1="108,4,92,64,109,119,102,39,116,95,24,50,72" hai2="117,51,82,26,129,121,53,88,74,18,86,60,93" hai3="77,65,5,98,63,133,89,43,120,0,130,36,33"/><T41/><D118/><U22/><E39/><V16/><F121/><W52/><G33/><T6/><D1/><U31/><E4/><V61/><F129/><W71/><G130/><T13/><D134/><U2/><E2/><V90/><F117/><N who="1" m="45129" /><E102/><V106/><F106/><W57/><G133/><T45/><D67/><U111/><E64/><V101/><F101/><W91/><G120/><T62/><D99/><U105/><E105/><V25/><F25/><W103/><G77/><T69/><D69/><U9/><E9/><V113/><F113/><W15/><G0/><T97/><D97/><U42/><E72/><V35/><F35/><W34/><G34/><T124/><D124/><U48/><E42/><V19/><F26/><W112/><G112/><T94/><D94/><AGARI ba="0,0" hai="22,24,31,48,50,92,94,95,108,109,111" m="45129" machi="94" ten="40,1300,0" yaku="14,1" doraHai="104" who="1" fromWho="0" sc="250,-13,250,13,250,0,250,0" />
</Scene>
<Scene>
<INIT seed="1,0,0,0,5,52" ten="237,263,250,250" oya="1" hai0="12,57,66,97,135,6,101,111,132,81,47,4,50" hai1="51,104,59,72,91,43,33,78,23,39,3,63,121" hai2="131,85,61,116,54,0,19,130,24,13,127,64,46" hai3="73,38,113,26,7,48,105,74,31,65,5,68,119"/><U134/><E33/><V93/><F0/><W128/><G38/><T53/><D111/><U96/><E121/><V37/><F116/><W60/><G113/><T87/><D66/><U34/><E34/><V27/><F127/><W118/><G128/><N who="2" m="49193" /><F93/><W10/><G48/><T76/><D47/><U11/><E134/><N who="0" m="51241" /><D12/><U14/><E39/><V99/><F99/><W17/><G17/><T9/><D9/><U129/><E129/><V95/><F95/><AGARI ba="0,0" hai="4,6,50,53,57,76,81,87,95,97,101" m="51241" machi="95" ten="30,2000,0" yaku="20,1,52,1" doraHai="52" who="0" fromWho="2" sc="237,20,263,0,250,-20,250,0" />
</Scene>
<Scene>
<INIT seed="2,0,0,1,0,10" ten="257,263,230,250" oya="2" hai0="127,88,135,96,78,86,120,30,81,44,45,57,111" hai1="108,29,124,56,23,11,8,94,131,63,42,24,55" hai2="27,92,71,100,5,18,128,40,20,64,113,59,9" hai3="49,35,97,2,99,26,21,58,4,22,75,6,83"/><V62/><F128/><W130/><G35/><T104/><D120/><U70/><E131/><V46/><F113/><W118/><G118/><T15/><D111/><U93/><E108/><V32/><F32/><W61/><G130/><T116/><D116/><U16/><E124/><V129/><F129/><W54/><G75/><T84/><D127/><U43/><E70/><V39/><F71/><W53/><G83/><T60/><D30/><U66/><E55/><V98/><F5/><N who="3" m="2155" /><G2/><T103/><D135/><U74/><E74/><V73/><F9/><N who="1" m="3657" /><E29/><V76/><F76/><W123/><G123/><T31/><D31/><U109/><E109/><V80/><F80/><W48/><G61/><T0/><D0/><U79/><E79/><V33/><F33/><W126/><G126/><T77/><D15/><U117/><E117/><V122/><F73/><W114/><G114/><T91/><D78/><U25/><E25/><V14/><REACH who="2" step="1"/><F122/><REACH who="2" ten="257,263,220,250" step="2"/><W121/><G121/><T133/><D77/><U65/><E65/><V112/><F112/><W85/><G22/><T87/><D133/><U38/><E38/><V1/><F1/><W119/><G119/><T101/><D81/><U95/><AGARI ba="0,1" hai="16,23,24,42,43,56,63,66,93,94,95" m="3657" machi="95" ten="30,2000,0" yaku="8,1,54,1" doraHai="10" who="1" fromWho="1" sc="257,-5,263,30,220,-10,250,-5" />
</Scene>
<Scene>
<INIT seed="3,0,0,2,5,32" ten="252,293,210,245" oya="3" hai0="68,3,17,128,37,1,0,14,100,9,56,113,120" hai1="104,35,11,19,24,131,116,89,27,108,87,74,16" hai2="135,105,121,6,63,69,13,123,85,99,59,51,119" hai3="80,124,43,109,12,36,96,115,77,18,79,132,21"/><W10/><G115/><T117/><D68/><U83/><E104/><V75/><F75/><W70/><G70/><T93/><D120/><N who="2" m="46154" /><F119/><W91/><G124/><T97/><D117/><U133/><E116/><V125/><F85/><W33/><G33/><T95/><D113/><U34/><E108/><V41/><F69/><W60/><G132/><T66/><D37/><U38/><E38/><V28/><F28/><W88/><G109/><T23/><D128/><U98/><E131/><V84/><F84/><N who="3" m="50183" /><G36/><T55/><D66/><U111/><E111/><V50/><F135/><W40/><G60/><T82/><D82/><U64/><E133/><V129/><F125/><W102/><G102/><T2/><D95/><U110/><E110/><V45/><F129/><W73/><G73/><T114/><D114/><U126/><E74/><V29/><F29/><W86/><G96/><T134/><D134/><U122/><E126/><V54/><F99/><W48/><G21/><T57/><REACH who="0" step="1"/><D55/><REACH who="0" ten="242,293,210,245" step="2"/><U61/><E122/><V107/><F105/><W52/><G40/><T78/><D78/><U39/><E39/><N who="2" m="21695" /><F107/><W30/><G43/><T42/><D42/><U49/><E83/><V46/><F46/><N who="3" m="27671" /><G30/><T44/><D44/><U22/><E64/><V31/><F31/><W72/><G72/><T76/><D76/><U15/><E35/><V20/><F54/><W130/><G130/><T53/><D53/><U62/><E34/><V58/><F58/><W118/><G118/><T92/><D92/><AGARI ba="0,1" hai="10,12,18,77,79,86,91,92" m="27671,50183" machi="92" ten="30,11600,0" yaku="25,1,8,1,54,2" doraHai="32" who="3" fromWho="0" sc="242,-116,293,0,210,0,245,126" />
</Scene>
<Scene>
<INIT seed="3,1,0,2,2,125" ten="126,293,210,371" oya="3" hai0="103,44,104,94,119,67,16,135,57,102,110,76,58" hai1="28,39,68,120,130,85,88,108,42,9,95,23,131" hai2="101,112,86,7,35,64,60,115,47,134,80,3,6" hai3="52,53,21,14,1,32,61,77,99,116,98,96,19"/><W8/><G116/><T25/><D119/><U132/><E120/><V114/><F35/><W123/><G123/><T89/><D110/><U129/><E68/><V13/><F101/><N who="0" m="38410" /><D104/><U20/><E108/><V117/><F117/><W75/><G32/><T12/><D76/><U65/><E132/><V34/><F34/><W46/><G61/><T109/><D109/><U63/><E28/><V43/><F134/><W90/><G90/><T82/><D82/><U51/><E39/><V29/><F29/><W66/><G66/><T0/><D0/><U31/><E31/><V92/><F92/><W83/><REACH who="3" step="1"/><G46/><REACH who="3" ten="126,293,210,361" step="2"/><T78/><D67/><U37/><E63/><V126/><F112/><W81/><G81/><T87/><D135/><U5/><E65/><V40/><F115/><W105/><G105/><T18/><D44/><N who="1" m="26007" /><E37/><V2/><F47/><W49/><G49/><T15/><D78/><U122/><E122/><V10/><F114/><W79/><G79/><T74/><D89/><U56/><E56/><V54/><F60/><W91/><G91/><T27/><D58/><U22/><E22/><V70/><F64/><W59/><G59/><T33/><D57/><U97/><E97/><V36/><F36/><W73/><G73/><T113/><D74/><U93/><E93/><V128/><F80/><W133/><G133/><T100/><D33/><U4/><E9/><V121/><F10/><W11/><G11/><N who="0" m="6175" /><D113/><U127/><E127/><V48/><F126/><W38/><G38/><T62/><D62/><U84/><E84/><V55/><F121/><W72/><G72/><T26/><D87/><RYUUKYOKU ba="1,1" sc="126,-15,293,15,210,-15,361,15" hai1="4,5,20,23,85,88,95,129,130,131" hai3="1,8,14,19,21,52,53,75,77,83,96,98,99" />
</Scene>
<Scene>
<INIT seed="3,2,1,1,1,87" ten="111,308,195,376" oya="3" hai0="8,50,125,38,133,18,35,106,1,58,49,78,2" hai1="60,9,12,98,108,68,105,43,67,30,61,89,86" hai2="5,59,97,71,80,40,44,114,127,48,117,107,3" hai3="22,103,128,99,81,53,88,26,115,16,74,91,116"/><W33/><G115/><T63/><D38/><U66/><E108/><V17/><F71/><W41/><G116/><T15/><D106/><U56/><E43/><V135/><F117/><W32/><G41/><T95/><D35/><U111/><E111/><V24/><F114/><W84/><G128/><T34/><D34/><U109/><E109/><V134/><F80/><W104/><G74/><T85/><D125/><U36/><E36/><V90/><F127/><W64/><G64/><T124/><D124/><U123/><E30/><V25/><F5/><W31/><G31/><T10/><D133/><N who="2" m="50698" /><F59/><W42/><G42/><T11/><D2/><U126/><E123/><V28/><F3/><W69/><G69/><T112/><D112/><U110/><E110/><V65/><F65/><W122/><G122/><T0/><D0/><U79/><E79/><V37/><F37/><W29/><G29/><T76/><D76/><U72/><E72/><V130/><F17/><W96/><REACH who="3" step="1"/><G53/><REACH who="3" ten="111,308,195,366" step="2"/><N who="0" m="34255" /><D1/><U47/><E126/><V102/><F130/><W19/><G19/><T92/><D18/><U75/><E75/><V83/><F28/><W13/><G13/><T113/><D15/><U119/><E119/><V57/><F25/><W52/><G52/><T54/><D113/><U101/><E12/><V82/><F24/><W77/><G77/><T45/><D50/><U94/><E68/><V21/><F40/><W93/><AGARI ba="2,2" hai="16,22,26,32,33,81,84,88,91,93,96,99,103,104" machi="93" ten="30,18000,2" yaku="1,1,0,1,52,2,54,2,53,0" doraHai="87" doraHaiUra="46" who="3" fromWho="3" sc="111,-62,308,-62,195,-62,366,206" />
</Scene>
<Scene>
<INIT seed="3,3,0,1,3,23" ten="49,246,133,572" oya="3" hai0="13,56,74,29,66,105,15,57,34,111,0,17,60" hai1="11,41,128,81,35,120,55,90,82,133,46,85,53" hai2="6,44,69,16,47,31,71,118,92,108,63,116,65" hai3="89,76,18,61,48,106,43,103,64,107,72,26,88"/><W4/><G4/><T134/><D0/><U52/><E120/><V117/><F6/><W125/><G76/><T10/><D111/><U79/><E35/><V37/><F108/><W68/><G72/><T42/><D74/><U75/><E128/><V110/><F110/><W126/><G43/><T30/><D105/><N who="3" m="39945" /><G103/><T131/><D131/><U28/><E28/><V19/><F92/><W96/><G96/><T59/><D134/><U104/><E104/><V5/><F5/><W87/><G48/><T33/><D42/><U130/><E130/><V39/><F31/><W8/><G87/><T22/><D34/><U115/><E133/><V109/><F109/><W20/><G8/><T67/><D33/><U73/><E11/><V97/><F97/><W7/><G7/><T98/><D98/><U21/><E21/><V45/><F71/><W3/><G3/><T135/><D135/><U123/><E123/><V32/><REACH who="2" step="1"/><F32/><REACH who="2" ten="49,246,123,572" step="2"/><W80/><G80/><T112/><D112/><U62/><E82/><V27/><F27/><W12/><G12/><T54/><D30/><U101/><E81/><V129/><F129/><W40/><G68/><T122/><D122/><U93/><E93/><V36/><AGARI ba="3,1" hai="16,19,36,37,39,44,45,47,63,65,69,116,117,118" machi="36" ten="50,16000,3" yaku="1,1,0,1,29,2,54,1,53,3" doraHai="23" doraHaiUra="70" who="2" fromWho="2" sc="49,-43,246,-43,123,179,572,-83" />
</Scene>
<Scene>
<INIT seed="4,0,0,5,5,80" ten="6,203,302,489" oya="0" hai0="113,32,37,14,12,55,11,120,25,68,20,100,94" hai1="81,39,82,97,64,17,127,99,123,93,112,133,106" hai2="13,118,116,114,135,72,56,79,66,74,67,69,71" hai3="87,73,0,128,38,22,134,77,102,90,89,85,98"/><T52/><D120/><U124/><E39/><V1/><F1/><W126/><G0/><T6/><D37/><U63/><E17/><V18/><F114/><W119/><G38/><T88/><D68/><N who="2" m="26186" /><F135/><W122/><G22/><T36/><D36/><U47/><E47/><V29/><F29/><W60/><G60/><T62/><D113/><U132/><E63/><N who="2" m="38247" /><F67/><W5/><G126/><N who="1" m="48170" /><E64/><V33/><F33/><W117/><G128/><T43/><D43/><U75/><E112/><V84/><F84/><W27/><G85/><N who="0" m="52495" /><D32/><U70/><E70/><V7/><F7/><W86/><G5/><N who="0" m="3183" /><D100/><N who="1" m="62751" /><E123/><V21/><F79/><W104/><G77/><T58/><D6/><U28/><E28/><V8/><F21/><W46/><G122/><T59/><D14/><U83/><E75/><V24/><F24/><W129/><G73/><T4/><D4/><U115/><E115/><V49/><F74/><W34/><G27/><T57/><D62/><U61/><E61/><V51/><F72/><W2/><G2/><T23/><D23/><U19/><E19/><AGARI ba="0,0" hai="19,20,25,52,55,57,58,59" m="3183,52495" machi="19" ten="30,11600,0" yaku="8,1,52,1,54,2" doraHai="80" who="0" fromWho="1" sc="6,116,203,-116,302,0,489,0" />
</Scene>
<Scene>
<INIT seed="4,1,0,2,1,73" ten="122,87,302,489" oya="0" hai0="100,130,103,63,13,66,127,54,44,105,95,104,32" hai1="25,80,27,48,50,42,97,83,129,15,116,46,29" hai2="16,70,21,39,69,2,90,24,43,110,86,134,5" hai3="121,3,93,7,12,8,91,62,84,64,82,132,19"/><T85/><D32/><U115/><E116/><V35/><F110/><W57/><G132/><T125/><D130/><U122/><E122/><V75/><F134/><W88/><G121/><T41/><D54/><U71/><E71/><V51/><F75/><W37/><G37/><T20/><D20/><U96/><E129/><V14/><F39/><W111/><G111/><T6/><D6/><U60/><E60/><V120/><F120/><W89/><G93/><T109/><D13/><U117/><E117/><V49/><F49/><W102/><G102/><N who="0" m="38955" /><D85/><U56/><E115/><V106/><F106/><W67/><G67/><T9/><D9/><AGARI ba="1,0" hai="3,7,8,9,12,19,57,62,64,82,84,88,89,91" machi="9" ten="30,2000,0" yaku="7,1,54,1" doraHai="73" who="3" fromWho="0" sc="122,-23,87,0,302,0,489,23" />
</Scene>
<Scene>
<INIT seed="5,0,0,5,0,89" ten="99,87,302,512" oya="1" hai0="66,4,16,38,57,33,91,107,19,26,61,131,14" hai1="132,55,98,114,108,67,80,118,69,48,21,46,64" hai2="116,5,63,56,94,72,112,95,7,129,86,23,17" hai3="30,49,6,113,73,119,123,54,0,27,60,79,90"/><U78/><E118/><V126/><F116/><W127/><G119/><T75/><D75/><U101/><E114/><V43/><F112/><W117/><G60/><T20/><D107/><U76/><E132/><V77/><F72/><W125/><G123/><T81/><D38/><U74/><E108/><V85/><F129/><W41/><G41/><T102/><D131/><U31/><E69/><V109/><F109/><W53/><G90/><T13/><D102/><U84/><E78/><V44/><F126/><W96/><G96/><T59/><D33/><U133/><E133/><V1/><F1/><W124/><G113/><T40/><D40/><U88/><E31/><V37/><F85/><W135/><G135/><T87/><D4/><U11/><E21/><V104/><F104/><W28/><G117/><T12/><REACH who="0" step="1"/><D59/><REACH who="0" ten="89,87,302,512" step="2"/><U9/><E9/><AGARI ba="0,1" hai="9,12,13,14,16,19,20,26,57,61,66,81,87,91" machi="9" ten="30,8000,1" yaku="1,1,2,1,7,1,8,1,54,1,53,0" doraHai="89" doraHaiUra="128" who="0" fromWho="1" sc="89,90,87,-80,302,0,512,0" />
</Scene>
<Scene>
<INIT seed="6,0,0,0,3,15" ten="179,7,302,512" oya="2" hai0="38,47,73,75,58,93,36,46,99,108,132,35,34" hai1="14,5,22,69,134,118,87,42,116,17,76,124,133" hai2="135,122,56,103,82,10,120,68,8,89,96,101,12" hai3="85,27,33,77,67,18,91,78,79,106,81,49,0"/><V23/><F68/><W7/><G106/><T109/><D58/><U30/><E69/><V60/><F135/><N who="1" m="51721" /><E42/><V121/><F23/><N who="3" m="13815" /><G0/><T74/><D132/><U130/><E87/><V28/><F28/><W128/><G33/><N who="0" m="12299" /><D93/><U126/><E76/><V83/><F89/><W32/><G32/><T57/><D99/><U21/><E5/><V45/><F45/><N who="0" m="16906" /><D57/><U41/><E41/><V117/><F96/><W51/><G128/><T84/><D84/><U100/><E100/><N who="2" m="38475" /><F56/><W131/><G131/><T29/><D29/><U104/><E104/><V6/><F6/><W105/><G105/><T65/><D65/><U123/><E130/><V13/><F60/><W62/><G7/><T3/><D3/><U88/><E88/><V11/><F120/><W80/><G62/><T102/><D102/><U71/><E71/><V111/><F121/><W98/><G98/><T53/><D53/><U95/><E95/><V70/><F122/><W44/><G67/><T43/><D43/><U64/><E64/><V59/><F59/><W54/><G51/><T19/><D36/><U9/><E123/><V1/><F70/><W40/><G40/><T55/><D38/><U50/><E50/><V86/><F1/><W2/><G2/><T52/><D55/><U125/><E30/><V129/><F129/><W94/><AGARI ba="0,0" hai="44,49,54,77,78,79,80,81,85,91,94" m="13815" machi="94" ten="30,2000,0" yaku="8,1,52,1" doraHai="15" who="3" fromWho="3" sc="179,-5,7,-5,302,-10,512,20" />
</Scene>
<Scene>
<INIT seed="7,0,0,2,2,49" ten="174,2,292,532" oya="3" hai0="105,76,104,51,10,47,129,31,44,112,132,16,9" hai1="86,22,131,39,0,109,106,118,83,94,32,96,25" hai2="7,93,90,72,28,128,23,102,60,77,126,46,4" hai3="117,108,33,41,38,59,135,62,52,119,50,121,87"/><W98/><G33/><T19/><D31/><U64/><E64/><V5/><F128/><W80/><G121/><T133/><D51/><U15/><E15/><V82/><F126/><W111/><G38/><T127/><D76/><U8/><E8/><V123/><F102/><W40/><G98/><T115/><D127/><U18/><E0/><V55/><F123/><W26/><G26/><T73/><D73/><U113/><E39/><V67/><F55/><W97/><G97/><T63/><D63/><U88/><E32/><V130/><F46/><W122/><G135/><T125/><D125/><U12/><E12/><V110/><F110/><W75/><G75/><T65/><D65/><U37/><E37/><V120/><F130/><AGARI ba="0,0" hai="9,10,16,19,44,47,104,105,112,115,129,130,132,133" machi="130" ten="25,3200,0" yaku="22,2,54,1" doraHai="49" who="0" fromWho="2" sc="174,32,2,0,292,-32,532,0" owari="206,-19.0,2,-50.0,260,6.0,532,63.0" />
</Scene>
</mjloggm>