<mjloggm ver="2.3"><GO type="169" lobby="0"/><UN n0="%E3%83%94%E3%82%AB%E5%90%BE%E9%83%8E" n1="%E5%A4%AA%E3%81%8F%E3%81%AA%E3%81%84%E3%81%8A" n2="%67%61%6D%6F%33" n3="%E3%83%8D%E3%83%BC%E3%83%A0%E3%83%AC%E3%82%B9%EF%BC%97" dan="16,17,18,16" rate="2124.34,2253.37,2175.95,2086.41" sx="M,M,M,M"/><TAIKYOKU oya="0"/>

<Scene>
<INIT seed="0,0,0,5,2,87" ten="250,250,250,250" oya="0" hai0="45,104,47,124,79,121,129,13,60,61,7,55,19" hai1="9,120,39,93,132,4,78,115,86,28,99,68,58" hai2="17,80,113,108,59,14,22,6,123,101,25,116,85" hai3="57,70,41,71,98,107,46,77,131,67,72,133,92"/><T83/><D104/><U76/><E68/><V95/><F113/><W52/><G107/><T8/><D121/><U5/><E120/><V42/><F123/><W35/><G35/><T62/><D129/><U40/><E115/><V114/><F114/><W90/><G133/><T112/><D124/><U53/><E132/><V135/><F135/><W82/><G131/><T12/><D55/><U33/><E33/><V27/><F42/><W94/><G67/><T126/><D126/><U43/><E28/><V21/><F108/><W32/><G32/><T2/><D112/><U63/><E39/><V20/><F116/><W103/><G46/><T118/><D118/><U134/><E134/><V24/><F59/><W44/><G44/><T128/><D128/><U106/><E106/><V88/><F6/><N who="1" m="2665" /><E9/><V64/><F64/><W111/><G41/><N who="1" m="15946" /><E86/><N who="2" m="52631" /><F101/><AGARI ba="0,0" hai="53,58,63,76,78,93,99,101" m="15946,2665" machi="101" ten="30,1000,0" yaku="8,1" doraHai="87" who="1" fromWho="2" sc="250,0,250,10,250,-10,250,0" />
</Scene>
<Scene>
<INIT seed="1,0,0,1,4,58" ten="250,260,240,250" oya="1" hai0="20,33,40,29,6,125,4,78,16,36,102,7,103" hai1="17,72,76,81,88,131,116,15,80,50,46,5,74" hai2="104,132,43,105,1,59,37,52,82,108,135,112,12" hai3="65,100,32,23,119,91,127,117,83,84,0,79,51"/><U67/><E116/><V45/><F1/><W120/><G32/><T62/><D125/><U49/><E131/><V63/><F112/><W41/><G120/><T110/><D110/><U106/><E106/><V66/><F108/><W73/><G0/><T128/><D128/><U61/><E5/><V55/><F12/><W111/><G65/><T2/><D2/><U11/><E46/><V109/><F109/><W25/><G111/><T64/><D78/><U44/><E44/><V31/><F31/><W69/><G69/><T94/><D40/><U54/><E54/><N who="2" m="20523" /><F82/><W57/><G127/><T96/><D29/><U18/><E18/><V113/><F113/><W118/><G100/><T123/><D33/><U126/><E126/><V85/><F85/><W47/><G57/><N who="0" m="36943" /><D36/><U86/><REACH who="1" step="1"/><E74/><REACH who="1" ten="250,250,240,250" step="2"/><V121/><F121/><W19/><G73/><T87/><D123/><U92/><E92/><V133/><AGARI ba="0,1" hai="37,43,45,59,63,66,104,105,132,133,135" m="20523" machi="133" ten="40,5200,0" yaku="20,1,52,1,54,1" doraHai="58" who="2" fromWho="2" sc="250,-13,250,-26,240,62,250,-13" />
</Scene>
<Scene>
<INIT seed="2,0,0,1,1,75" ten="237,224,302,237" oya="2" hai0="92,69,20,24,127,85,79,45,41,135,108,61,133" hai1="97,0,42,90,68,57,3,16,50,80,66,13,44" hai2="27,120,56,82,53,96,11,126,52,87,109,119,5" hai3="40,106,28,25,58,94,63,122,60,26,113,33,73"/><V23/><F119/><W35/><G122/><T99/><D108/><U2/><E68/><V65/><F120/><W49/><G106/><T6/><D6/><U86/><E97/><V105/><F126/><W14/><G73/><T74/><D74/><U112/><E112/><V78/><F109/><W118/><G118/><T29/><D127/><U76/><E66/><V46/><F46/><W59/><G113/><T114/><D61/><U116/><E116/><V110/><F110/><W98/><G14/><T38/><D69/><U95/><E57/><V84/><F84/><W30/><G40/><T39/><D39/><U103/><E103/><V107/><F65/><W62/><REACH who="3" step="1"/><G49/><REACH who="3" ten="237,224,302,227" step="2"/><T125/><D114/><U12/><E12/><V101/><F105/><W81/><G81/><T21/><D125/><U34/><E34/><V102/><F107/><W111/><G111/><T91/><D133/><U36/><E50/><V72/><F72/><W7/><G7/><T132/><D135/><U10/><REACH who="1" step="1"/><E95/><REACH who="1" ten="237,214,302,227" step="2"/><V32/><F32/><W124/><G124/><T22/><D132/><U8/><E8/><V15/><F15/><W104/><G104/><T19/><D92/><U9/><E9/><V131/><F11/><W88/><AGARI ba="0,2" hai="25,26,28,30,33,35,58,59,60,62,63,88,94,98" machi="88" ten="30,7900,0" yaku="1,1,0,1,9,1,54,1,53,0" doraHai="75" doraHaiUra="134" who="3" fromWho="3" sc="237,-20,214,-20,302,-39,227,99" />
</Scene>
<Scene>
<INIT seed="3,0,0,1,5,82" ten="217,194,263,326" oya="3" hai0="49,119,98,4,75,46,20,126,95,35,41,22,48" hai1="88,62,108,118,122,92,30,61,40,38,65,27,125" hai2="0,83,80,69,8,42,28,51,77,102,134,90,132" hai3="2,84,123,37,53,91,44,55,19,17,79,60,1"/><W59/><G123/><T56/><D35/><U13/><E122/><V85/><F69/><W6/><G79/><T76/><D119/><U10/><E118/><V52/><F102/><W96/><G6/><T109/><D109/><U47/><E125/><V100/><F100/><W14/><G96/><T120/><D126/><U43/><E43/><V18/><F28/><W36/><G19/><T127/><D127/><U97/><E65/><V32/><F32/><W104/><G104/><T115/><D115/><U26/><E108/><V16/><F42/><W31/><G31/><T99/><D99/><U113/><E113/><V39/><F39/><W72/><G72/><T105/><D4/><U133/><E133/><N who="2" m="51307" /><F8/><W45/><G36/><T101/><D105/><U111/><E111/><V94/><F0/><W64/><G37/><T3/><D3/><U58/><E58/><N who="2" m="33055" /><F83/><W131/><G131/><T86/><D120/><U121/><E121/><V67/><F67/><W66/><G1/><T110/><D110/><U9/><E9/><V117/><F117/><W15/><G2/><T128/><D128/><U135/><E135/><V129/><F129/><W116/><G66/><T74/><D22/><U81/><E81/><V63/><F63/><W78/><G116/><T29/><D20/><U57/><E57/><V71/><F71/><W23/><G64/><T25/><D56/><U93/><E93/><V103/><F103/><W5/><G55/><T12/><D41/><U87/><E30/><V107/><F107/><W24/><G59/><T33/><D29/><U114/><E114/><V112/><F112/><RYUUKYOKU ba="0,0" sc="217,-10,194,-10,263,30,326,-10" hai2="16,18,77,80,85,90,94" />
</Scene>
<Scene>
<INIT seed="4,1,0,3,2,135" ten="207,184,293,316" oya="0" hai0="63,35,96,86,84,14,12,101,126,115,116,11,83" hai1="34,57,24,97,68,61,129,131,121,43,73,32,3" hai2="125,117,31,93,91,29,90,112,54,74,15,72,122" hai3="27,56,59,37,98,9,77,30,110,55,53,67,76"/><T123/><D35/><U45/><E121/><V95/><F122/><W1/><G110/><T69/><D123/><U7/><E73/><V120/><F120/><W70/><G37/><T102/><D116/><U41/><E68/><V62/><F117/><W71/><G67/><T48/><D69/><U42/><E45/><V58/><F15/><W80/><G98/><T107/><D63/><U66/><E97/><V8/><F8/><W111/><G111/><T88/><D102/><U92/><E92/><V5/><F5/><W52/><G70/><T19/><D115/><U16/><E7/><V65/><F112/><W28/><G71/><T39/><D39/><U108/><E3/><V51/><F74/><W118/><G118/><T2/><D2/><U20/><REACH who="1" step="1"/><E108/><REACH who="1" ten="207,174,293,316" step="2"/><V26/><F72/><W47/><G47/><T124/><D86/><U33/><AGARI ba="1,1" hai="16,20,24,32,33,34,41,42,43,57,61,66,129,131" machi="33" ten="40,8000,1" yaku="1,1,2,1,0,1,54,1,53,0" doraHai="135" doraHaiUra="134" who="1" fromWho="1" sc="207,-41,174,93,293,-21,316,-21" />
</Scene>
<Scene>
<INIT seed="5,0,0,5,0,47" ten="166,267,272,295" oya="1" hai0="125,26,9,111,6,113,104,72,110,103,90,55,70" hai1="91,37,108,2,134,120,27,43,49,64,5,112,25" hai2="78,122,13,102,89,135,11,58,66,56,35,60,34" hai3="38,19,75,28,42,52,67,54,1,18,118,101,77"/><U10/><E120/><V116/><F122/><W115/><G1/><T65/><D72/><U30/><E112/><V82/><F116/><W45/><G115/><T81/><D113/><U85/><E134/><V17/><F135/><W95/><G118/><T53/><D125/><U12/><E37/><V71/><F89/><W88/><G101/><T128/><D128/><U44/><E108/><V105/><F105/><W36/><G36/><T41/><D41/><U87/><E64/><V0/><F0/><W124/><G124/><T57/><D55/><U119/><E119/><V93/><F93/><W24/><G67/><T59/><D70/><U131/><E131/><V20/><F102/><W132/><G132/><T21/><D59/><U16/><E30/><V129/><F129/><W79/><G75/><T31/><D65/><U99/><E99/><V68/><F56/><W114/><G114/><T98/><D90/><U109/><E109/><V92/><F68/><W48/><G77/><T121/><D81/><U8/><REACH who="1" step="1"/><E85/><REACH who="1" ten="166,257,272,295" step="2"/><V3/><F71/><W50/><G28/><T100/><D121/><U83/><AGARI ba="0,1" hai="2,5,8,10,12,16,25,27,43,44,49,83,87,91" machi="83" ten="20,18000,2" yaku="1,1,2,1,0,1,7,1,52,1,54,1,53,0" doraHai="47" doraHaiUra="117" who="1" fromWho="1" sc="166,-60,257,190,272,-60,295,-60" />
</Scene>
<Scene>
<INIT seed="5,1,0,5,5,89" ten="106,447,212,235" oya="1" hai0="106,104,111,2,3,115,28,9,133,44,91,74,31" hai1="52,5,8,57,67,55,99,97,53,79,73,23,36" hai2="125,120,21,25,107,37,10,128,59,78,42,60,65" hai3="90,96,118,85,117,68,124,48,40,58,54,1,87"/><U39/><E73/><V34/><F120/><W70/><G1/><T86/><D74/><U113/><E79/><V66/><F34/><W69/><G124/><T14/><D111/><U62/><E113/><V45/><F125/><W100/><G40/><T11/><D115/><U132/><E132/><V80/><F107/><W109/><G109/><T19/><D133/><U108/><E108/><V16/><F128/><W35/><G35/><T32/><D32/><U20/><E36/><V102/><F102/><W72/><G72/><T15/><D104/><U101/><E39/><V77/><F66/><W41/><G41/><T84/><D106/><U63/><E63/><V29/><F10/><W129/><G129/><T82/><D3/><U30/><E30/><V64/><F64/><W6/><G6/><T131/><D2/><U47/><E47/><V83/><F29/><W134/><G134/><T4/><D131/><U95/><REACH who="1" step="1"/><E99/><REACH who="1" ten="106,437,212,235" step="2"/><V71/><F77/><W76/><G76/><T49/><REACH who="0" step="1"/><D86/><REACH who="0" ten="96,437,212,235" step="2"/><U92/><E92/><V18/><F80/><W93/><REACH who="3" step="1"/><G87/><REACH who="3" ten="96,437,212,225" step="2"/><T114/><D114/><U38/><E38/><V135/><F135/><W0/><G0/><AGARI ba="1,3" hai="0,5,8,20,23,52,53,55,57,62,67,95,97,101" machi="0" ten="40,7700,0" yaku="1,1,52,1,54,1,53,0" doraHai="89" doraHaiUra="22" who="1" fromWho="3" sc="96,0,437,110,212,0,225,-80" />
</Scene>
<Scene>
<INIT seed="5,2,0,5,0,128" ten="96,547,212,145" oya="1" hai0="24,50,20,48,39,78,27,1,29,85,23,40,58" hai1="35,55,106,109,42,11,2,16,32,76,107,98,75" hai2="51,6,130,47,19,36,134,93,12,17,61,22,108" hai3="121,28,124,49,99,110,56,9,44,90,94,46,30"/><U87/><E75/><V72/><F130/><W100/><G110/><T119/><D1/><U88/><E42/><V91/><F108/><W0/><G121/><T7/><D7/><U8/><E76/><V81/><F36/><W37/><G124/><T33/><D119/><U122/><E109/><V60/><F6/><W79/><G79/><T34/><D39/><U43/><E43/><V62/><F81/><W104/><G37/><T131/><D131/><U105/><E122/><V95/><F72/><W73/><G73/><T10/><D10/><U66/><E66/><V96/><F93/><W116/><G116/><T102/><D102/><U38/><E38/><V13/><F134/><W64/><G46/><T111/><D111/><U21/><E98/><V114/><F114/><W3/><G9/><T53/><D78/><U67/><E67/><V15/><REACH who="2" step="1"/><F22/><REACH who="2" ten="96,547,202,145" step="2"/><W92/><G92/><T57/><D85/><U125/><E87/><V97/><F97/><W14/><G94/><T120/><D120/><U41/><E106/><V59/><F59/><W25/><G56/><T71/><D71/><U89/><E105/><V54/><AGARI ba="2,1" hai="12,13,15,17,19,47,51,54,60,61,62,91,95,96" machi="54" ten="30,4000,0" yaku="1,1,0,1,8,1,53,0" doraHai="128" doraHaiUra="63" who="2" fromWho="2" sc="96,-12,547,-22,202,56,145,-12" /><BYE who="1" />
</Scene>
<Scene>
<INIT seed="6,0,0,3,4,11" ten="84,525,258,133" oya="2" hai0="49,131,51,85,72,45,34,90,109,135,61,78,82" hai1="112,102,7,62,110,133,129,132,96,25,52,118,44" hai2="126,42,40,69,73,18,1,6,2,26,115,114,127" hai3="16,116,120,30,60,14,88,33,95,80,57,43,5"/><V74/><F26/><W63/><G116/><T119/><D34/><U38/><E38/><V117/><F117/><W29/><G120/><T122/><D119/><U89/><E89/><V104/><F104/><W98/><G5/><T28/><D28/><U58/><E58/><V53/><F6/><W56/><G33/><T81/><D122/><U71/><E71/><V113/><F18/><W107/><G107/><T125/><D125/><N who="2" m="47626" /><F53/><N who="3" m="33807" /><G80/><T79/><D131/><U17/><E17/><V41/><F69/><W128/><G43/><T13/><D45/><U66/><E66/><V22/><F22/><N who="3" m="11543" /><G128/><T47/><D47/><U130/><E130/><V19/><F19/><W123/><G123/><T121/><D121/><U84/><E84/><V134/><F134/><W39/><G39/><T37/><D37/><U91/><E91/><V76/><F76/><W4/><G4/><T36/><D36/><U32/><E32/><V65/><F65/><AGARI ba="0,0" hai="29,30,57,63,65,88,95,98" m="11543,33807" machi="65" ten="30,7700,0" yaku="8,1,52,1,54,2" doraHai="11" who="3" fromWho="2" sc="84,0,525,0,258,-77,133,77" />
</Scene>
<Scene>
<INIT seed="7,0,0,1,1,52" ten="84,525,181,210" oya="3" hai0="11,17,79,124,98,31,105,20,14,16,63,64,66" hai1="85,102,71,24,75,3,88,1,13,15,43,95,50" hai2="116,49,126,46,92,37,103,25,83,112,39,78,72" hai3="28,54,108,93,47,26,131,84,6,19,104,121,76"/><W122/><G104/><T33/><D124/><U48/><E48/><V23/><F126/><W53/><G131/><T8/><D33/><U40/><E40/><V111/><F111/><W118/><G118/><T134/><D134/><U81/><E81/><V36/><F116/><W60/><G108/><T44/><D31/><U61/><E61/><V114/><F103/><W94/><G6/><T51/><D79/><U34/><E34/><V110/><F92/><W68/><G122/><T30/><D30/><U101/><E101/><V115/><F110/><W42/><G121/><UN n1="%E5%A4%AA%E3%81%8F%E3%81%AA%E3%81%84%E3%81%8A" /><T129/><D129/><U117/><E50/><V82/><F82/><W58/><G68/><T132/><D132/><U4/><E15/><V133/><F133/><W91/><G76/><T130/><D130/><U2/><E43/><N who="2" m="24799" /><F39/><W62/><G19/><AGARI ba="0,0" hai="19,23,25,36,37,72,78,83,112,114,115" m="24799" machi="19" ten="30,1000,0" yaku="15,1" doraHai="52" who="2" fromWho="3" sc="84,0,525,0,181,10,210,-10" owari="84,-42.0,525,63.0,191,-21.0,200,0.0" />
</Scene>
</mjloggm>