<mjloggm ver="2.3"><GO type="169" lobby="0"/><UN n0="%72%30%33%31%30" n1="%E4%BB%AE%E9%B3%B3%E5%87%B0%E6%B0%91" n2="%E5%A4%AA%E3%81%8F%E3%81%AA%E3%81%84%E3%81%8A" n3="%E7%99%BD%E9%B9%BF%E6%84%9B%E8%8E%89" dan="16,16,19,16" rate="2101.64,2065.39,2278.19,2121.55" sx="M,M,F,F"/><TAIKYOKU oya="0"/>

<Scene>
<INIT seed="0,0,0,0,0,27" ten="250,250,250,250" oya="0" hai0="121,24,25,88,63,96,82,102,18,131,47,85,122" hai1="21,74,55,66,52,94,62,69,68,93,35,38,61" hai2="100,132,105,54,98,111,37,80,20,124,133,50,39" hai3="65,129,81,36,115,4,106,91,72,14,126,64,134"/><T8/><D131/><U43/><E74/><V46/><F111/><W23/><G115/><T48/><D63/><U22/><E35/><V99/><F124/><W40/><G106/><T67/><D67/><N who="1" m="41071" /><E22/><V125/><F125/><W119/><G119/><T10/><D121/><U83/><E83/><V58/><F80/><W70/><G126/><T128/><D128/><U51/><E93/><V77/><F77/><W117/><G134/><N who="2" m="51817" /><F20/><W34/><G65/><T15/><D10/><U41/><E94/><N who="2" m="58455" /><F46/><W75/><G81/><T12/><D12/><U5/><E21/><V84/><F84/><W17/><G14/><T110/><D110/><U16/><E16/><V86/><F86/><W118/><G17/><T32/><D32/><U114/><E5/><V95/><F105/><W42/><G4/><T90/><D90/><AGARI ba="0,0" hai="37,39,50,54,58,90,95,99" m="58455,51817" machi="90" ten="30,1000,0" yaku="20,1" doraHai="27" who="2" fromWho="0" sc="250,-10,250,0,250,10,250,0" />
</Scene>
<Scene>
<INIT seed="1,0,0,5,4,79" ten="240,250,260,250" oya="1" hai0="63,62,41,105,84,102,58,112,131,48,47,78,99" hai1="21,19,93,106,76,77,85,70,10,122,54,6,1" hai2="16,118,69,2,92,33,113,110,36,133,9,68,120" hai3="7,49,130,39,51,56,135,29,45,66,18,107,132"/><U86/><E106/><V73/><F92/><W114/><G107/><T52/><D131/><U80/><E70/><V129/><F9/><W55/><G29/><T64/><D112/><U108/><E122/><V42/><F42/><N who="3" m="22751" /><G7/><T82/><REACH who="0" step="1"/><D64/><REACH who="0" ten="230,250,260,250" step="2"/><U88/><E108/><V109/><F110/><W94/><G114/><T24/><D24/><U53/><E77/><V75/><F129/><W119/><G130/><T38/><AGARI ba="0,1" hai="38,41,47,48,52,58,62,63,78,82,84,99,102,105" machi="38" ten="20,12000,2" yaku="1,1,0,1,7,1,52,1,54,1,53,1" doraHai="79" doraHaiUra="100" who="0" fromWho="0" sc="230,130,250,-60,260,-30,250,-30" />
</Scene>
<Scene>
<INIT seed="2,0,0,5,4,6" ten="360,190,230,220" oya="2" hai0="14,52,130,121,58,100,63,86,33,36,103,44,60" hai1="69,64,87,8,78,56,74,1,135,107,70,29,120" hai2="41,112,76,95,31,134,105,37,104,59,65,3,62" hai3="77,4,48,98,99,73,113,133,93,5,110,125,131"/><V71/><F112/><W23/><G113/><T9/><D33/><U38/><E107/><V30/><F3/><W67/><G133/><T92/><D121/><U109/><E109/><V54/><F134/><W55/><G110/><T127/><D130/><U35/><E135/><V116/><F116/><W27/><G131/><T66/><D127/><U75/><E87/><V26/><F76/><W16/><G125/><T101/><D36/><U53/><E53/><V117/><F117/><W34/><G67/><T11/><D44/><U90/><E90/><V85/><F85/><W40/><G40/><T111/><D111/><U81/><E56/><V15/><F95/><W115/><G115/><T126/><D126/><U97/><E97/><V13/><F13/><W45/><G34/><T22/><D22/><U132/><E64/><V89/><F89/><W72/><G99/><T82/><D14/><U28/><E28/><V79/><F79/><W124/><G124/><T24/><D24/><N who="1" m="18855" /><E120/><V96/><F96/><W12/><G12/><T118/><D92/><U19/><E19/><V7/><F31/><W84/><G84/><T123/><D123/><U2/><E132/><V47/><F30/><W25/><G25/><T32/><D32/><U83/><E38/><V0/><F26/><W21/><G21/><T51/><D118/><U128/><E2/><V17/><F0/><W94/><G94/><T129/><D129/><U80/><E128/><V91/><F7/><N who="3" m="2635" /><G77/><N who="0" m="46415" /><D66/><U49/><E78/><V68/><F91/><N who="3" m="55615" /><G73/><T42/><D42/><U102/><E75/><V108/><F108/><W122/><G72/><RYUUKYOKU ba="0,0" sc="360,15,190,-15,230,-15,220,15" hai0="9,11,51,52,58,60,63,100,101,103" hai3="16,23,27,45,48,55,122" />
</Scene>
<Scene>
<INIT seed="3,1,0,0,5,32" ten="375,175,215,235" oya="3" hai0="26,92,122,27,71,80,40,23,6,60,55,86,98" hai1="0,134,7,99,25,119,104,50,120,109,127,105,100" hai2="67,5,93,12,31,130,15,74,114,69,68,132,52" hai3="102,121,34,117,54,129,30,51,10,66,22,61,97"/><W125/><G117/><T19/><D40/><U4/><E119/><V77/><F114/><W47/><G121/><T49/><D6/><U14/><E120/><V72/><F31/><W48/><G34/><T133/><D133/><U53/><E134/><V85/><F132/><W18/><G125/><T44/><D71/><U29/><E127/><V11/><F130/><W76/><G76/><N who="0" m="46343" /><D60/><U94/><E14/><V20/><F67/><W17/><G129/><T79/><D79/><U64/><E64/><V3/><F69/><W83/><G83/><T58/><D122/><U103/><E109/><V111/><F68/><W45/><G10/><T87/><D87/><U118/><E100/><V124/><F111/><W65/><G30/><T123/><D123/><U82/><E82/><V106/><F106/><W39/><G39/><T59/><D27/><U101/><E101/><AGARI ba="1,0" hai="19,23,26,44,49,55,58,59,92,98,101" m="46343" machi="101" ten="30,1000,0" yaku="8,1" doraHai="32" who="0" fromWho="1" sc="375,13,175,-13,215,0,235,0" />
</Scene>
<Scene>
<INIT seed="4,0,0,4,4,27" ten="388,162,215,235" oya="0" hai0="17,60,99,123,52,83,117,128,4,54,76,105,24" hai1="71,30,135,1,73,59,121,21,104,26,48,78,97" hai2="111,16,94,33,72,70,36,88,85,130,50,55,115" hai3="23,91,3,13,131,116,110,40,124,66,84,15,77"/><T92/><D117/><U35/><E121/><V29/><F111/><W118/><G3/><T11/><D128/><U51/><E71/><V69/><F36/><W56/><G110/><T112/><D105/><U106/><E1/><V65/><F72/><W41/><G124/><T75/><D112/><U14/><E135/><V25/><F115/><W93/><G131/><T53/><D123/><U57/><E78/><V64/><F130/><W6/><G77/><T22/><D60/><U133/><E73/><V90/><F69/><W122/><G122/><T114/><D114/><U5/><E133/><V129/><F70/><W2/><G2/><T68/><D68/><U67/><E35/><V113/><F113/><W38/><G38/><T0/><REACH who="0" step="1"/><D54/><REACH who="0" ten="378,162,215,235" step="2"/><U108/><E108/><V63/><F63/><W20/><G118/><T89/><AGARI ba="0,1" hai="0,4,11,17,22,24,52,53,75,76,83,89,92,99" machi="89" ten="20,12000,1" yaku="1,1,2,1,0,1,7,1,54,1,53,0" doraHai="27" doraHaiUra="134" who="0" fromWho="0" sc="378,130,162,-40,215,-40,235,-40" />
</Scene>
<Scene>
<INIT seed="4,1,0,2,2,53" ten="508,122,175,195" oya="0" hai0="49,13,92,73,42,2,112,123,114,85,60,80,113" hai1="121,56,75,100,17,27,91,22,0,119,132,131,69" hai2="20,9,44,108,116,19,10,68,28,110,79,70,124" hai3="62,111,38,99,67,105,98,11,72,65,90,47,83"/><T23/><D2/><U37/><E100/><V76/><F28/><W64/><G111/><T29/><D123/><U50/><E121/><V5/><F44/><W103/><G98/><T122/><D122/><U89/><E69/><V120/><F120/><W115/><G115/><T8/><D73/><U32/><E119/><V109/><F116/><W86/><G72/><T18/><D92/><U33/><E37/><V130/><F130/><W96/><G96/><T4/><D29/><U1/><E75/><V45/><F45/><W133/><G133/><T74/><D74/><U61/><E131/><V102/><F102/><W63/><REACH who="3" step="1"/><G11/><REACH who="3" ten="508,122,175,185" step="2"/><T6/><D8/><U43/><E132/><V104/><F10/><W34/><G34/><T97/><D97/><U88/><E33/><V59/><F9/><W48/><G48/><T57/><D49/><U16/><E32/><V93/><F109/><W54/><G54/><N who="0" m="33847" /><D42/><AGARI ba="1,1" hai="38,42,47,62,63,64,65,67,83,86,90,99,103,105" machi="42" ten="40,1300,0" yaku="1,1,53,0" doraHai="53" doraHaiUra="46" who="3" fromWho="0" sc="508,-16,122,0,175,0,185,26" />
</Scene>
<Scene>
<INIT seed="5,0,0,0,4,5" ten="492,122,175,211" oya="1" hai0="64,111,61,33,62,131,16,88,94,102,17,106,86" hai1="39,6,55,101,87,48,19,105,44,51,100,47,4" hai2="103,3,59,97,130,15,63,38,58,83,35,41,20" hai3="70,26,12,24,52,28,37,91,18,104,72,49,90"/><U25/><E39/><V121/><F35/><W57/><G37/><T29/><D111/><U99/><E101/><V134/><F3/><W71/><G72/><T10/><D131/><U34/><E87/><V56/><F121/><W54/><G104/><T60/><D33/><U135/><E135/><V114/><F130/><W125/><G125/><T112/><D29/><U77/><E77/><V8/><F134/><W132/><G132/><T80/><D112/><U53/><REACH who="1" step="1"/><E19/><REACH who="1" ten="492,112,175,211" step="2"/><N who="2" m="8679" /><F38/><W127/><G127/><T122/><D122/><U45/><E45/><V89/><F114/><W81/><G18/><T11/><D17/><U108/><E108/><V76/><F76/><W21/><G91/><T113/><D113/><U9/><E9/><V32/><F103/><W82/><G90/><T96/><D64/><U115/><E115/><V43/><F89/><W13/><G28/><AGARI ba="0,1" hai="4,6,25,28,34,44,47,48,51,53,55,99,100,105" machi="28" ten="40,3900,0" yaku="1,1,9,1,53,0" doraHai="5" doraHaiUra="14" who="1" fromWho="3" sc="492,0,112,49,175,0,211,-39" />
</Scene>
<Scene>
<INIT seed="5,1,0,4,0,60" ten="492,161,175,172" oya="1" hai0="98,109,104,18,111,50,56,33,86,134,107,19,79" hai1="112,88,117,85,67,53,61,132,127,26,120,105,70" hai2="6,51,20,87,76,74,129,92,100,119,82,27,42" hai3="49,77,5,122,89,97,72,62,75,124,43,135,66"/><U57/><E120/><V116/><F129/><W8/><G122/><T54/><D33/><U115/><E117/><V90/><F6/><W83/><G135/><T81/><D134/><U15/><E132/><V36/><F36/><W128/><G128/><T71/><D71/><U4/><E105/><V24/><F24/><W106/><G124/><T13/><D19/><U41/><E41/><V32/><F32/><W9/><G72/><T40/><D40/><U63/><E127/><V29/><REACH who="2" step="1"/><F100/><REACH who="2" ten="492,161,165,172" step="2"/><W7/><G7/><T31/><D111/><U44/><E26/><V1/><F1/><W34/><G34/><T133/><D109/><U69/><E69/><V46/><AGARI ba="1,1" hai="20,27,29,42,46,51,74,76,82,87,90,92,116,119" machi="46" ten="30,4000,0" yaku="1,1,0,1,53,1" doraHai="60" doraHaiUra="25" who="2" fromWho="2" sc="492,-11,161,-21,165,53,172,-11" />
</Scene>
<Scene>
<INIT seed="6,0,0,2,3,76" ten="481,140,218,161" oya="2" hai0="38,84,27,25,19,129,47,14,6,99,23,91,41" hai1="18,73,68,98,119,63,9,118,0,64,131,88,30" hai2="125,72,74,81,53,35,11,80,95,26,31,106,3" hai3="2,100,24,71,79,33,43,110,60,112,45,89,54"/><V7/><F106/><W102/><G2/><T94/><D129/><U128/><E73/><V10/><F125/><W103/><G110/><T132/><D132/><U37/><E37/><V42/><F42/><W101/><G112/><T116/><D116/><U82/><E30/><V28/><F95/><W83/><G89/><T39/><D39/><U62/><E62/><V105/><F105/><W87/><N who="3" m="25600" /><DORA hai="97" /><W21/><G33/><T61/><D6/><U34/><E34/><V85/><F31/><N who="3" m="17807" /><G71/><T4/><D4/><N who="1" m="1159" /><E18/><V75/><F7/><W29/><G29/><T40/><D91/><U44/><E44/><V123/><F3/><W52/><G60/><T107/><D61/><U126/><E126/><V5/><F5/><W115/><G115/><T108/><D108/><U86/><E98/><V124/><F124/><W8/><G8/><T46/><D46/><U16/><E16/><V109/><F109/><W135/><G135/><T17/><D17/><U133/><E133/><V78/><F10/><W134/><G134/><T32/><D47/><U56/><E68/><V1/><F11/><W121/><G121/><T70/><D70/><U59/><E56/><V13/><F123/><W12/><G12/><T122/><D14/><U113/><E113/><V48/><F13/><W111/><G111/><T65/><D32/><U67/><E119/><V50/><F1/><W69/><G69/><T127/><D127/><U55/><E118/><V66/><F28/><W58/><G58/><T22/><D122/><U104/><E104/><V130/><F35/><W114/><G114/><T92/><D107/><RYUUKYOKU ba="0,0" sc="481,-15,140,15,218,-15,161,15" hai1="55,59,63,64,67,82,86,88,128,131" hai3="43,45,52,54,79,83,87" />
</Scene>
<Scene>
<INIT seed="7,1,0,0,4,44" ten="466,155,203,176" oya="3" hai0="68,43,10,32,115,18,91,75,36,110,82,40,33" hai1="101,64,41,23,122,105,67,58,90,6,93,26,89" hai2="65,79,21,48,111,80,0,61,117,134,52,131,9" hai3="46,66,56,126,120,121,132,11,87,98,71,94,4"/><W99/><G71/><T104/><D68/><U100/><E122/><V53/><F111/><W127/><G132/><T129/><D104/><U74/><E74/><V17/><F117/><W30/><G30/><T27/><D110/><U7/><E105/><V34/><F34/><W38/><G66/><N who="1" m="25130" /><E41/><V45/><F134/><W24/><G56/><T72/><D18/><U123/><E123/><V54/><F9/><W92/><G24/><T1/><D91/><N who="1" m="34827" /><E58/><N who="2" m="37047" /><F0/><W14/><G87/><T63/><D27/><U12/><E12/><N who="2" m="9383" /><F131/><W28/><G28/><T133/><D63/><U39/><E39/><V119/><F119/><W88/><G46/><T113/><D10/><U51/><E93/><V37/><F37/><W47/><G47/><T59/><D59/><U2/><E2/><V16/><F54/><W124/><REACH who="3" step="1"/><G38/><REACH who="3" ten="466,155,203,166" step="2"/><T107/><D133/><U60/><E60/><V19/><F53/><W77/><G77/><T102/><D36/><U20/><E51/><V130/><F130/><W73/><G73/><T135/><D129/><U35/><E35/><V62/><F62/><W118/><G118/><T69/><D135/><U50/><E50/><V81/><F79/><W55/><G55/><T84/><D69/><U15/><E26/><V78/><F78/><W22/><G22/><N who="1" m="8234" /><E15/><V85/><F85/><W31/><G31/><T103/><D84/><U97/><E97/><V86/><F86/><W114/><G114/><T3/><D75/><U96/><E96/><V25/><F25/><W29/><G29/><T8/><D72/><U76/><E76/><V83/><AGARI ba="1,1" hai="16,19,45,48,52,80,81,83" m="9383,37047" machi="83" ten="30,7900,0" yaku="8,1,52,1,54,2" doraHai="44" who="2" fromWho="2" sc="466,-21,155,-21,203,92,166,-40" owari="445,54.0,134,-27.0,295,10.0,126,-37.0" />
</Scene>
</mjloggm>