<mjloggm ver="2.3"><GO type="169" lobby="0"/><UN n0="%30%30%73%61%69" n1="%E3%81%B9%E3%81%A3%E3%81%93%E3%83%BC%E2%99%AA" n2="%67%61%6D%6F%33" n3="%E5%A4%AA%E3%81%8F%E3%81%AA%E3%81%84%E3%81%8A" dan="17,16,18,18" rate="2138.26,2069.33,2176.75,2310.42" sx="M,F,M,M"/><TAIKYOKU oya="0"/>

<Scene>
<INIT seed="0,0,0,5,3,2" ten="250,250,250,250" oya="0" hai0="23,46,119,98,103,81,70,49,17,55,36,73,20" hai1="99,134,38,83,4,127,61,40,132,121,108,62,6" hai2="58,101,33,59,135,51,106,86,8,124,24,100,89" hai3="91,48,104,63,113,97,28,35,65,130,13,129,92"/><T80/><D119/><U66/><E121/><V125/><F135/><N who="1" m="51753" /><E108/><V21/><F33/><W102/><G113/><T118/><D70/><U110/><E110/><V16/><F106/><W82/><G48/><T60/><D118/><U12/><E127/><N who="2" m="48715" /><F8/><W56/><G82/><T7/><D73/><U107/><E83/><N who="0" m="31817" /><D36/><U64/><E12/><V19/><F19/><W54/><G54/><N who="0" m="30007" /><D7/><N who="1" m="2603" /><E99/><V112/><F112/><W120/><G120/><T25/><D23/><U115/><E115/><V95/><F58/><W131/><G13/><T43/><D43/><U32/><E107/><V30/><F30/><W47/><BYE who="2" /><G104/><UN n2="%67%61%6D%6F%33" /><T93/><D55/><AGARI ba="0,0" hai="16,21,24,51,55,59,86,89,95,100,101" m="48715" machi="55" ten="30,2000,0" yaku="18,1,54,1" doraHai="2" who="2" fromWho="0" sc="250,-20,250,0,250,20,250,0" />
</Scene>
<Scene>
<INIT seed="1,0,0,0,0,15" ten="230,250,270,250" oya="1" hai0="61,55,21,100,10,52,8,2,73,71,31,133,122" hai1="16,103,85,77,78,5,68,93,102,82,97,94,24" hai2="116,120,13,4,59,11,3,72,124,80,43,115,64" hai3="65,33,118,92,0,12,126,6,56,101,107,48,63"/><U62/><E5/><V18/><F120/><W26/><G126/><T79/><D133/><U112/><E112/><V37/><F124/><W96/><G0/><T19/><D122/><U44/><E44/><V51/><F116/><W30/><G118/><T91/><D100/><U25/><E68/><V106/><F106/><W41/><G92/><T34/><D34/><U35/><E35/><V108/><F115/><W98/><G98/><T86/><D73/><U42/><E42/><V23/><F108/><W119/><G119/><T70/><D79/><U58/><E77/><V49/><F64/><W128/><G128/><T135/><D135/><U76/><E78/><N who="2" m="44103" /><F59/><W38/><G38/><T28/><D70/><U113/><E113/><V45/><AGARI ba="0,0" hai="3,4,11,13,18,23,37,43,45,49,51" m="44103" machi="45" ten="30,2000,0" yaku="25,1,52,1" doraHai="15" who="2" fromWho="2" sc="230,-5,250,-10,270,20,250,-5" />
</Scene>
<Scene>
<INIT seed="2,0,0,5,3,8" ten="225,240,290,245" oya="2" hai0="95,93,98,64,59,7,36,130,84,58,9,19,47" hai1="43,26,4,131,39,110,25,56,17,81,122,11,45" hai2="44,79,31,68,30,23,41,117,65,72,94,51,50" hai3="121,49,125,132,57,77,52,113,27,99,46,74,126"/><V82/><F117/><W112/><G121/><T32/><D32/><U35/><E122/><V13/><F68/><W119/><G119/><T135/><D130/><U2/><E131/><V18/><F65/><W92/><G132/><T28/><D135/><U21/><E110/><V78/><F78/><W16/><G77/><T12/><D28/><U80/><E56/><V33/><F33/><W88/><G74/><T55/><D84/><U111/><E111/><V29/><REACH who="2" step="1"/><F94/><REACH who="2" ten="225,240,280,245" step="2"/><W24/><G113/><T75/><D95/><U83/><E35/><V0/><F0/><W103/><G112/><T102/><D75/><U129/><E129/><V107/><F107/><W54/><G126/><T34/><D34/><U76/><REACH who="1" step="1"/><E26/><REACH who="1" ten="225,230,280,245" step="2"/><V22/><F22/><N who="3" m="13383" /><G27/><T96/><D64/><U97/><E97/><V71/><F71/><W85/><G125/><T60/><D98/><U106/><E106/><V89/><F89/><W14/><G99/><T134/><D134/><U123/><E123/><V48/><AGARI ba="0,2" hai="13,18,23,29,30,31,41,44,48,50,51,72,79,82" machi="48" ten="30,6000,0" yaku="1,1,0,1,52,1,53,0" doraHai="8" doraHaiUra="63" who="2" fromWho="2" sc="225,-20,230,-20,280,80,245,-20" />
</Scene>
<Scene>
<INIT seed="2,1,0,5,5,34" ten="205,210,360,225" oya="2" hai0="9,94,123,5,106,107,131,129,20,130,77,84,43" hai1="31,40,65,73,103,13,39,108,96,59,29,90,85" hai2="119,25,89,64,22,8,30,6,16,78,72,49,55" hai3="83,120,69,12,118,111,28,101,2,24,46,38,125"/><V51/><F119/><W98/><G118/><T126/><D123/><U122/><E73/><V44/><F64/><W37/><G120/><T79/><D126/><U87/><E122/><V4/><F89/><W135/><G69/><T93/><D43/><U7/><E108/><V14/><REACH who="2" step="1"/><F51/><REACH who="2" ten="205,210,350,225" step="2"/><W92/><G111/><T17/><D130/><U48/><E65/><V63/><F63/><W134/><G125/><T23/><D129/><U42/><E90/><V113/><F113/><W110/><G110/><T91/><D131/><U68/><E48/><V128/><F128/><W71/><G37/><T58/><D91/><U105/><E39/><V15/><F15/><W52/><G12/><T50/><D50/><U104/><E13/><V81/><AGARI ba="1,1" hai="4,6,8,14,16,22,25,30,44,49,55,72,78,81" machi="81" ten="30,6000,0" yaku="1,1,0,1,54,1,53,0" doraHai="34" doraHaiUra="33" who="2" fromWho="2" sc="205,-21,210,-21,350,73,225,-21" />
</Scene>
<Scene>
<INIT seed="2,2,0,0,3,104" ten="184,189,423,204" oya="2" hai0="7,81,34,16,128,101,70,45,112,40,84,33,53" hai1="4,65,83,12,5,51,114,91,78,61,25,30,54" hai2="14,58,125,113,68,87,134,20,35,97,92,127,47" hai3="23,111,88,41,95,105,124,42,63,99,72,38,107"/><V96/><F68/><W110/><G124/><T67/><D112/><U119/><E119/><V86/><F35/><W24/><G63/><T60/><D128/><U80/><E114/><V2/><F2/><W82/><G105/><T8/><D101/><U116/><E116/><V129/><F129/><W132/><G132/><T108/><D108/><N who="3" m="41513" /><G107/><T69/><D69/><U66/><E91/><V135/><F47/><W10/><G10/><T79/><D53/><U102/><E102/><V73/><F113/><W31/><G38/><T94/><D94/><U64/><E61/><V46/><F46/><W36/><G36/><T117/><D117/><U55/><E12/><V120/><F58/><W131/><G131/><T130/><D130/><U126/><E126/><V6/><F14/><W17/><G31/><T89/><D89/><U118/><E118/><V59/><F59/><W26/><G26/><T115/><D115/><U48/><E25/><V52/><F6/><N who="1" m="2665" /><E30/><V22/><F92/><W28/><G28/><T11/><D11/><U77/><E54/><V13/><F13/><W76/><AGARI ba="2,0" hai="17,23,24,41,42,72,76,82,88,95,99" m="41513" machi="76" ten="30,4000,0" yaku="14,1,52,1,54,1" doraHai="104" who="3" fromWho="3" sc="184,-12,189,-12,423,-22,204,46" />
</Scene>
<Scene>
<INIT seed="3,0,0,5,2,41" ten="172,177,401,250" oya="3" hai0="28,72,122,78,19,97,86,108,13,40,74,101,98" hai1="22,125,94,47,36,30,107,106,91,103,131,45,87" hai2="51,44,95,128,63,71,134,84,135,130,126,17,49" hai3="118,50,39,121,93,26,6,77,52,3,27,11,9"/><W80/><G118/><T120/><D28/><U88/><E131/><N who="2" m="50219" /><F17/><W112/><G112/><T75/><D40/><U31/><E125/><V46/><F84/><W129/><G39/><T55/><D55/><U81/><E36/><V105/><F95/><W24/><G121/><T62/><D62/><U73/><E106/><V123/><F105/><W109/><G129/><T114/><D108/><U29/><E22/><V23/><F23/><W124/><G124/><T117/><D117/><U38/><E38/><V8/><F8/><W102/><G109/><T35/><D35/><U4/><E4/><V18/><F18/><W37/><G37/><T0/><D0/><U79/><E91/><V10/><F10/><W111/><G111/><T116/><D116/><U20/><E20/><V14/><F14/><W42/><G42/><T65/><D65/><U133/><E133/><N who="2" m="50699" /><F123/><N who="0" m="47146" /><D19/><U33/><E33/><V76/><F76/><W48/><G11/><T104/><D13/><U83/><E83/><V21/><F21/><W100/><G93/><N who="0" m="58543" /><D114/><U90/><E90/><V2/><F2/><W34/><G34/><T96/><D104/><U5/><E5/><V127/><F127/><W43/><G50/><N who="2" m="18953" /><F126/><W115/><G115/><T12/><D12/><U119/><E119/><V69/><F63/><W59/><REACH who="3" step="1"/><G43/><REACH who="3" ten="172,177,401,240" step="2"/><T61/><D61/><U64/><REACH who="1" step="1"/><E64/><REACH who="1" ten="172,167,401,240" step="2"/><V32/><F32/><W82/><G82/><AGARI ba="0,2" hai="72,74,75,78,82,86,96,98" m="58543,47146" machi="82" ten="40,2600,0" yaku="34,2" doraHai="41" who="0" fromWho="3" sc="172,46,167,0,401,0,240,-26" />
</Scene>
<Scene>
<INIT seed="4,0,0,0,3,73" ten="218,167,401,214" oya="0" hai0="66,118,8,75,121,127,83,88,70,23,114,112,74" hai1="124,132,35,21,13,59,122,123,34,86,26,68,0" hai2="17,47,90,7,78,31,46,105,52,38,49,28,55" hai3="106,62,58,131,25,65,104,133,85,20,72,117,54"/><T108/><D118/><U43/><E68/><V93/><F105/><W71/><G72/><T126/><D121/><U19/><E43/><V134/><F7/><W103/><G117/><T67/><D108/><U79/><E124/><N who="0" m="47657" /><D75/><U53/><E132/><V76/><F17/><W116/><G116/><T80/><D23/><U115/><E115/><N who="0" m="44073" /><D70/><U6/><E35/><V119/><F134/><W29/><G133/><T63/><D63/><U84/><E84/><V27/><F119/><W110/><G110/><T113/><N who="0" m="44081" /><T36/><DORA hai="5" /><D36/><U92/><E0/><V24/><F38/><W51/><G131/><T50/><D74/><U99/><E34/><V48/><F93/><W18/><G103/><T60/><D60/><N who="1" m="35951" /><E123/><V4/><F4/><W11/><REACH who="3" step="1"/><G85/><REACH who="3" ten="218,167,401,204" step="2"/><N who="0" m="50215" /><D83/><N who="1" m="47487" /><E122/><V69/><F69/><W3/><G3/><T12/><D50/><U56/><E26/><V22/><REACH who="2" step="1"/><F90/><REACH who="2" ten="218,167,391,204" step="2"/><W33/><G33/><AGARI ba="0,2" hai="22,24,27,28,31,33,46,47,48,49,52,55,76,78" machi="33" ten="30,12000,2" yaku="1,1,2,1,7,1,9,1,52,2,54,1,53,0" doraHai="73,5" doraHaiUra="14,32" who="2" fromWho="3" sc="218,0,167,0,391,140,204,-120" />
</Scene>
<Scene>
<INIT seed="5,0,0,1,1,57" ten="218,167,531,84" oya="1" hai0="134,45,18,53,58,25,106,37,135,119,130,34,28" hai1="96,72,80,115,74,110,23,54,124,99,50,100,59" hai2="61,38,82,128,104,107,116,26,48,129,42,76,10" hai3="120,70,19,131,89,56,85,62,17,31,66,113,102"/><U63/><E110/><V9/><F38/><W84/><G120/><T103/><D119/><U55/><E115/><V97/><F116/><W2/><G2/><T44/><D37/><U125/><E23/><V101/><F104/><W4/><G113/><T122/><D130/><N who="2" m="50282" /><F26/><W40/><G131/><T91/><D91/><U51/><E80/><V35/><F35/><W3/><G31/><T0/><D0/><U13/><E13/><V24/><F24/><W127/><G127/><N who="1" m="48714" /><E96/><V12/><F12/><W75/><G75/><N who="1" m="28714" /><E54/><V87/><F9/><W52/><G102/><T126/><D126/><U16/><E16/><V14/><F14/><W33/><G33/><T123/><D18/><U15/><E15/><V98/><F98/><W65/><G84/><T5/><D122/><U49/><E51/><V71/><F10/><W88/><G3/><T46/><D123/><U78/><E78/><V43/><F48/><W77/><G4/><T105/><D5/><U133/><E133/><N who="0" m="50697" /><D103/><U6/><E6/><V1/><F1/><W41/><G77/><T86/><D86/><U27/><E27/><V39/><F39/><W29/><G29/><T69/><D105/><AGARI ba="0,0" hai="49,50,55,59,63,99,100,105" m="28714,48714" machi="105" ten="30,2900,0" yaku="18,1,52,1" doraHai="57" who="1" fromWho="0" sc="218,-29,167,29,531,0,84,0" />
</Scene>
<Scene>
<INIT seed="5,1,0,1,5,76" ten="189,196,531,84" oya="1" hai0="84,112,75,105,80,33,62,0,52,65,122,44,125" hai1="58,104,108,117,135,118,82,63,121,87,23,35,24" hai2="119,17,2,36,130,18,129,99,56,91,50,98,86" hai3="40,38,111,71,78,41,32,100,114,54,113,115,45"/><U106/><E121/><V29/><F36/><W92/><G111/><T15/><D0/><U48/><E35/><V47/><F56/><W83/><G71/><T90/><D105/><U123/><E123/><V53/><F29/><W11/><G32/><T126/><D33/><U61/><E108/><V134/><F2/><W37/><G54/><T20/><D112/><U107/><E135/><V10/><F134/><W49/><G41/><T69/><D75/><U109/><E48/><V85/><F85/><W25/><G25/><T30/><D122/><U110/><E110/><V66/><F66/><W101/><G11/><T6/><D6/><U68/><E68/><V93/><F119/><W94/><G94/><T128/><D128/><N who="2" m="49258" /><F17/><W27/><G27/><T133/><D133/><U73/><E61/><V131/><F131/><W51/><G51/><T8/><D30/><U3/><E73/><V60/><F60/><W102/><REACH who="3" step="1"/><G92/><REACH who="3" ten="189,196,531,74" step="2"/><T77/><D8/><U116/><E109/><V64/><F64/><W79/><G79/><T89/><D69/><U70/><E70/><V39/><F39/><W7/><G7/><T67/><D67/><U16/><E106/><V97/><F10/><W5/><G5/><T46/><D65/><U127/><E104/><V132/><F132/><W120/><G120/><T22/><D77/><U31/><E107/><V81/><F93/><W12/><G12/><T43/><D15/><U59/><E116/><V95/><F95/><W55/><G55/><T34/><D52/><U28/><E117/><V103/><F50/><W124/><G124/><T13/><D125/><RYUUKYOKU ba="1,1" sc="189,-10,196,-10,531,-10,74,30" hai3="37,38,40,45,49,78,83,100,101,102,113,114,115" />
</Scene>
<Scene>
<INIT seed="6,2,1,1,4,65" ten="179,186,521,104" oya="2" hai0="71,0,44,40,126,99,24,134,70,132,128,100,90" hai1="30,66,135,91,121,108,54,116,98,56,21,111,45" hai2="58,74,32,127,106,119,19,131,79,9,107,52,130" hai3="94,114,6,1,123,12,69,7,103,46,3,10,33"/><V41/><F32/><W83/><G123/><T96/><D128/><U13/><E121/><V97/><F119/><W77/><G33/><T2/><D126/><U86/><E116/><V88/><F41/><W61/><G114/><T23/><D90/><U112/><E112/><V4/><F127/><W115/><G115/><T73/><D73/><U20/><E135/><N who="0" m="51753" /><D99/><U85/><E30/><V63/><F19/><W5/><G103/><T81/><D81/><U39/><E98/><V133/><F133/><W27/><G94/><N who="0" m="58391" /><D23/><U113/><E85/><V102/><F74/><W8/><G27/><T122/><D24/><U105/><E20/><V51/><F79/><W93/><G93/><T129/><D129/><U64/><E105/><V82/><F106/><W37/><G6/><T95/><D95/><U50/><E111/><V57/><F82/><W76/><G12/><T59/><D59/><U72/><E72/><V42/><F88/><W53/><G83/><T87/><D87/><U34/><E34/><V89/><F89/><W125/><G125/><T11/><D122/><U110/><E110/><V101/><F101/><W117/><G117/><T62/><D62/><U29/><E108/><V48/><F130/><W15/><G15/><T75/><D75/><U22/><E13/><V68/><F131/><W84/><G84/><T17/><D17/><U14/><E29/><V124/><F124/><W80/><G80/><T16/><D16/><N who="1" m="10391" /><E22/><V31/><F31/><W38/><G61/><T18/><D18/><U43/><E113/><V104/><F104/><W47/><G69/><N who="0" m="26123" /><D11/><U35/><E35/><RYUUKYOKU ba="2,1" sc="179,10,186,10,521,-30,104,10" hai0="0,2,40,44" hai1="39,43,45,50,54,56,64,66,86,91" hai3="1,3,5,7,8,10,37,38,46,47,53,76,77" />
</Scene>
<Scene>
<INIT seed="7,3,1,5,4,82" ten="189,196,491,114" oya="3" hai0="51,57,52,117,42,105,0,64,68,23,7,78,58" hai1="19,61,114,49,133,86,38,83,28,6,36,132,135" hai2="110,113,89,107,119,88,101,106,84,69,98,71,53" hai3="124,85,87,60,123,24,92,94,97,21,121,3,134"/><W67/><G3/><T34/><D34/><U54/><E114/><V108/><F113/><W80/><G124/><T44/><D105/><U91/><E28/><V79/><F119/><W111/><G134/><T35/><D35/><U55/><E6/><V26/><F53/><W18/><G111/><T103/><D117/><U70/><E19/><V73/><F26/><W20/><G20/><T41/><D0/><U62/><E54/><V27/><F27/><W40/><G40/><N who="0" m="15467" /><D68/><U100/><E100/><V8/><F8/><W74/><G74/><T126/><D7/><U66/><E61/><V1/><F1/><W22/><G22/><T76/><D103/><U2/><E2/><V43/><F43/><W129/><G129/><T4/><D4/><U81/><E81/><N who="2" m="45295" /><F69/><W118/><G118/><T56/><D126/><U63/><E63/><V10/><F71/><W32/><G32/><T95/><D95/><U116/><E116/><V96/><F10/><W104/><G104/><T90/><D90/><N who="2" m="34922" /><F84/><N who="3" m="32331" /><G80/><T37/><D37/><U25/><E25/><V13/><F13/><W9/><G9/><T46/><D23/><U33/><E33/><V102/><AGARI ba="3,1" hai="96,98,101,102,106,107,108,110" m="34922,45295" machi="102" ten="30,4000,0" yaku="34,2,54,1" doraHai="82" who="2" fromWho="2" sc="189,-13,196,-13,491,59,114,-23" owari="176,-22.0,183,-2.0,550,65.0,91,-41.0" />
</Scene>
</mjloggm>