<mjloggm ver="2.3"><GO type="169" lobby="0"/><UN n0="%E3%81%86%E3%81%83%E3%83%BC%E3%81%A1%E3%82%83%E3%82%93" n1="%E5%BB%83%E4%BA%BA%E9%81%94%E9%9B%86%E5%90%88" n2="%E5%A4%AA%E3%81%8F%E3%81%AA%E3%81%84%E3%81%8A" n3="%E3%83%AA%E3%83%AA%E3%82%A2%E3%83%BC%E3%83%8C" dan="18,16,19,18" rate="2177.87,2117.64,2284.38,2230.31" sx="M,M,F,F"/><TAIKYOKU oya="0"/>

<Scene>
<INIT seed="0,0,0,3,4,79" ten="250,250,250,250" oya="0" hai0="34,113,95,80,115,50,38,56,55,16,24,59,2" hai1="3,98,103,91,85,129,36,125,75,123,6,64,8" hai2="67,57,15,29,107,0,127,126,130,42,128,71,106" hai3="78,97,111,63,83,116,7,105,134,45,65,108,11"/><T84/><D2/><U70/><E123/><V49/><F0/><W82/><G116/><T61/><D38/><U44/><E129/><N who="2" m="49771" /><F29/><W68/><G134/><T101/><D95/><U77/><E125/><N who="2" m="47627" /><F15/><W100/><G45/><T54/><D101/><U120/><E120/><V26/><F26/><W119/><G119/><T69/><D69/><U99/><E70/><V52/><F42/><W132/><G132/><T5/><D5/><U90/><E64/><V110/><F110/><N who="3" m="42027" /><G78/><T102/><D102/><U72/><E103/><V60/><AGARI ba="0,0" hai="49,52,57,60,67,71,106,107" m="47627,49771" machi="60" ten="40,5200,0" yaku="19,1,18,1,54,1" doraHai="79" who="2" fromWho="2" sc="250,-26,250,-13,250,52,250,-13" />
</Scene>
<Scene>
<INIT seed="1,0,0,5,3,80" ten="224,237,302,237" oya="1" hai0="32,111,53,54,73,129,16,56,55,112,37,99,85" hai1="91,126,5,65,69,38,90,44,125,1,88,84,118" hai2="119,6,113,22,2,61,40,48,107,127,123,17,132" hai3="10,20,67,116,27,98,117,26,35,25,58,41,13"/><U120/><E120/><V97/><F119/><N who="3" m="45643" /><G41/><T135/><D73/><U50/><E38/><V31/><F123/><W14/><G98/><T11/><D32/><U77/><E118/><V34/><F61/><N who="3" m="38327" /><G35/><T131/><D112/><U45/><E65/><V109/><F17/><N who="3" m="8375" /><G14/><T96/><D111/><U76/><E69/><V104/><F97/><W19/><AGARI ba="0,0" hai="19,20,25,26,27" m="8375,38327,45643" machi="19" ten="30,1100,0" yaku="12,1" doraHai="80" who="3" fromWho="3" sc="224,-3,237,-5,302,-3,237,11" />
</Scene>
<Scene>
<INIT seed="2,0,0,5,1,91" ten="221,232,299,248" oya="2" hai0="86,51,42,44,115,76,68,72,0,96,97,106,52" hai1="85,73,30,107,129,28,64,70,32,18,11,50,101" hai2="131,99,127,61,4,119,135,10,27,45,5,90,17" hai3="6,75,116,63,88,120,67,14,16,47,128,46,48"/><V3/><F119/><W20/><G116/><T55/><D68/><U8/><E73/><V93/><F127/><W31/><G120/><T77/><D0/><U112/><E112/><V114/><F114/><W133/><G75/><T71/><D71/><U105/><E129/><V56/><F131/><W81/><G128/><T66/><D72/><U78/><E50/><V9/><F135/><W21/><G133/><T121/><D121/><U100/><E70/><V54/><F45/><W2/><G2/><T37/><D66/><U22/><E64/><V98/><F98/><W35/><G6/><N who="2" m="2665" /><F3/><W24/><G35/><T103/><D115/><U87/><E22/><AGARI ba="0,0" hai="9,10,17,22,27,54,56,61,90,93,99" m="2665" machi="22" ten="30,5800,0" yaku="25,1,8,1,52,1" doraHai="91" who="2" fromWho="1" sc="221,0,232,-58,299,58,248,0" />
</Scene>
<Scene>
<INIT seed="2,1,0,2,4,15" ten="221,174,357,248" oya="2" hai0="127,7,115,4,44,33,109,38,24,86,13,98,55" hai1="122,123,104,35,126,34,125,46,39,58,132,117,30" hai2="93,10,25,36,67,42,41,75,57,72,113,18,62" hai3="64,77,11,3,130,101,2,118,37,22,88,135,12"/><V99/><F113/><W65/><G37/><T133/><D109/><U91/><E117/><V17/><F36/><W74/><G118/><T51/><D115/><U82/><E104/><V73/><F10/><W31/><G135/><T81/><D133/><U112/><E132/><V63/><F25/><W49/><G130/><T100/><D38/><U107/><E107/><V14/><F63/><W28/><G101/><T94/><D127/><U0/><E0/><V116/><F116/><W89/><G74/><T19/><D24/><U21/><E112/><V71/><F71/><W8/><G77/><T60/><D60/><U29/><E58/><V124/><F124/><W120/><G12/><T106/><D33/><U97/><E39/><V103/><REACH who="2" step="1"/><F14/><REACH who="2" ten="221,174,347,248" step="2"/><W52/><G120/><T90/><D106/><U83/><E126/><V85/><F85/><W110/><G110/><T47/><D47/><U70/><E46/><V76/><F76/><W66/><G3/><T53/><D53/><U80/><E70/><V59/><F59/><N who="3" m="33167" /><G2/><T27/><D27/><N who="1" m="16623" /><E125/><V92/><F92/><W48/><G48/><T79/><D79/><U87/><E123/><V9/><F9/><AGARI ba="1,1" hai="4,7,9,13,19,44,51,55,81,86,90,94,98,100" machi="9" ten="30,8000,1" yaku="7,1,25,2,8,1,52,1" doraHai="15" who="0" fromWho="2" sc="221,93,174,0,347,-83,248,0" />
</Scene>
<Scene>
<INIT seed="3,0,0,4,4,40" ten="314,174,264,248" oya="3" hai0="127,21,15,9,100,93,133,135,94,73,90,110,31" hai1="55,120,125,20,102,14,70,69,12,13,95,89,76" hai2="51,129,68,108,58,82,91,27,48,45,130,16,107" hai3="35,23,114,105,39,49,71,26,1,88,106,119,34"/><W131/><G39/><T92/><D73/><U38/><E120/><V61/><F107/><W64/><G1/><T115/><D115/><U109/><E109/><V4/><F68/><W8/><G114/><T123/><D123/><U22/><E125/><V60/><F4/><W6/><G119/><T84/><D127/><U83/><E38/><V44/><F108/><W18/><G131/><N who="2" m="50185" /><F82/><W37/><G37/><T36/><D36/><U59/><E102/><V121/><F91/><W46/><G64/><T7/><D100/><U56/><E70/><V32/><F121/><W41/><G71/><T19/><D31/><U53/><E69/><V66/><F60/><W63/><G63/><T104/><D104/><U30/><E95/><V97/><F97/><W128/><G128/><T124/><D124/><U77/><E89/><V132/><F132/><N who="0" m="50762" /><D110/><U67/><E67/><V81/><F81/><W80/><G106/><T28/><D28/><U65/><E65/><V2/><F2/><AGARI ba="0,0" hai="2,7,9,15,19,21,84,90,92,93,94" m="50762" machi="2" ten="30,1000,0" yaku="20,1" doraHai="40" who="0" fromWho="2" sc="314,10,174,0,264,-10,248,0" />
</Scene>
<Scene>
<INIT seed="4,0,0,2,0,33" ten="324,174,254,248" oya="0" hai0="55,86,134,13,20,52,40,43,132,94,50,131,41" hai1="3,98,76,119,78,46,7,74,56,114,6,129,77" hai2="105,21,133,88,66,67,92,84,90,73,117,99,36" hai3="26,35,18,104,9,97,125,122,87,130,113,42,82"/><T53/><D131/><U37/><E119/><V11/><F36/><W121/><G130/><T57/><D20/><U89/><E129/><V8/><F73/><W126/><G42/><T17/><D94/><U64/><E114/><V12/><F117/><W4/><G113/><T48/><D86/><U115/><E115/><V54/><F133/><N who="0" m="51306" /><D17/><U47/><E74/><V100/><F11/><W101/><G18/><T14/><D57/><U39/><E98/><V51/><F90/><N who="3" m="51575" /><G26/><T96/><D96/><U108/><E89/><V0/><F21/><W70/><G35/><T2/><D2/><U28/><E28/><V91/><F91/><W1/><G70/><T38/><D38/><U123/><E77/><V79/><F79/><W80/><G80/><T135/><N who="0" m="51314" /><T81/><DORA hai="24" /><D81/><U83/><E83/><V16/><REACH who="2" step="1"/><F0/><REACH who="2" ten="324,174,244,248" step="2"/><W103/><G103/><T32/><D32/><U5/><E3/><V15/><F15/><AGARI ba="0,1" hai="13,14,15,40,41,43,48,50,52,53,55" m="51314" machi="15" ten="50,12000,1" yaku="28,2,20,1,54,1" doraHai="33,24" who="0" fromWho="2" sc="324,130,174,0,244,-120,248,0" />
</Scene>
<Scene>
<INIT seed="4,1,0,2,0,22" ten="454,174,124,248" oya="0" hai0="121,25,112,116,18,67,50,63,89,128,60,3,13" hai1="56,102,83,71,82,134,55,65,129,34,106,20,131" hai2="40,77,31,7,132,59,57,38,30,78,23,61,104" hai3="135,91,24,9,123,68,73,75,45,53,8,70,127"/><T133/><D3/><U88/><E34/><V5/><F104/><W92/><G135/><T17/><D116/><U58/><E134/><V79/><F132/><W69/><G127/><T6/><D112/><U47/><E71/><V120/><F120/><W66/><G66/><T29/><D121/><U27/><E47/><V115/><F115/><W96/><G123/><T21/><D128/><U64/><E102/><V28/><F38/><W124/><G124/><T114/><D114/><U33/><E33/><V76/><N who="2" m="19456" /><DORA hai="46" /><V16/><F40/><W54/><G24/><T109/><D109/><U72/><E106/><V35/><F35/><W122/><G122/><T108/><D133/><U74/><E20/><V26/><REACH who="2" step="1"/><F57/><REACH who="2" ten="454,174,114,248" step="2"/><W105/><G105/><T107/><D107/><U14/><E131/><V103/><F103/><W84/><G75/><T15/><D108/><U110/><E110/><V0/><F0/><W37/><G73/><T80/><D89/><U118/><E129/><V125/><F125/><W4/><G37/><T93/><D15/><U1/><E14/><V12/><F12/><W101/><G101/><T95/><D13/><U85/><E88/><V52/><AGARI ba="1,1" hai="5,7,16,23,26,28,30,31,52,59,61" m="19456" machi="52" ten="50,12000,2" yaku="1,1,0,1,8,1,52,1,54,2,53,0" doraHai="22,46" doraHaiUra="99,100" who="2" fromWho="2" sc="454,-61,174,-31,114,133,248,-31" />
</Scene>
<Scene>
<INIT seed="5,0,0,5,1,97" ten="393,143,247,217" oya="1" hai0="109,103,33,75,42,24,62,30,111,9,121,107,32" hai1="105,74,50,83,29,120,22,27,55,34,127,14,36" hai2="4,133,118,46,71,0,117,89,20,122,64,76,53" hai3="126,51,49,134,18,90,78,95,25,11,73,52,16"/><U100/><E120/><V2/><F76/><W67/><G134/><T81/><D121/><U3/><E3/><V77/><F77/><W54/><G126/><T63/><D32/><U13/><E127/><V7/><F122/><W96/><G67/><T93/><D93/><U48/><E36/><V131/><F89/><W113/><G113/><T5/><D81/><U72/><E83/><V108/><F71/><W66/><G66/><T31/><D75/><U43/><E74/><V123/><F64/><W80/><G11/><T86/><D86/><U59/><E72/><V119/><F123/><W116/><G116/><T58/><D42/><U1/><E1/><N who="2" m="619" /><F53/><W112/><G112/><T104/><D104/><U60/><E34/><V65/><F46/><W99/><G99/><T130/><D62/><U91/><E91/><V84/><F84/><W87/><G73/><T6/><D63/><U129/><E129/><V10/><F65/><W56/><G25/><T128/><D24/><U85/><E85/><V19/><F108/><W82/><G82/><T125/><D111/><U92/><E105/><V135/><F131/><W124/><G124/><T45/><D45/><AGARI ba="0,0" hai="16,18,45,49,51,52,54,56,78,80,87,90,95,96" machi="45" ten="30,7700,0" yaku="7,1,8,1,54,2" doraHai="97" who="3" fromWho="0" sc="393,-77,143,0,247,0,217,77" />
</Scene>
<Scene>
<INIT seed="6,0,0,1,0,103" ten="316,143,247,294" oya="2" hai0="46,93,105,102,48,117,1,98,38,99,79,81,4" hai1="106,31,129,122,127,18,131,21,25,90,39,61,14" hai2="104,92,32,75,50,135,35,41,23,124,30,3,37" hai3="56,53,107,29,5,34,63,45,9,126,42,36,113"/><V33/><F75/><W60/><G126/><T43/><D117/><U119/><E39/><V24/><F124/><W11/><G113/><T58/><D58/><U64/><E127/><V111/><F3/><W69/><G107/><T74/><D48/><U68/><E119/><V0/><F0/><W115/><G115/><T22/><D22/><U27/><E90/><V54/><F135/><W112/><G112/><T57/><D57/><U91/><E91/><V2/><F2/><W72/><G72/><T17/><D17/><U86/><E86/><V16/><F111/><W67/><G5/><T100/><D1/><U120/><E27/><V10/><F92/><W13/><G13/><T88/><REACH who="0" step="1"/><D100/><REACH who="0" ten="306,143,247,294" step="2"/><U134/><E134/><V47/><F16/><W97/><G56/><T95/><D95/><U76/><E31/><V80/><F23/><W132/><G29/><T84/><D84/><U77/><E25/><V109/><F24/><W83/><G132/><T62/><D62/><U44/><E44/><V108/><F30/><W66/><G63/><T110/><D110/><U73/><E73/><V121/><F109/><W40/><G60/><T59/><D59/><U15/><E15/><V128/><F108/><W12/><G12/><T28/><D28/><U70/><E70/><V96/><F47/><W52/><G45/><T49/><D49/><U94/><E94/><V85/><F50/><W26/><G26/><T6/><AGARI ba="0,1" hai="4,6,38,43,46,74,79,81,88,93,98,99,102,105" machi="6" ten="30,7900,0" yaku="1,1,0,1,52,1,54,1,53,0" doraHai="103" doraHaiUra="114" who="0" fromWho="0" sc="306,89,143,-20,247,-39,294,-20" /><BYE who="1" />
</Scene>
<Scene>
<INIT seed="7,0,0,3,4,73" ten="395,123,208,274" oya="3" hai0="90,41,24,38,54,68,1,5,60,132,56,10,33" hai1="47,16,129,4,43,81,122,34,84,93,18,85,108" hai2="115,21,57,0,99,72,114,127,121,55,27,31,95" hai3="92,103,13,74,119,29,82,37,83,32,66,76,6"/><W125/><G119/><T44/><D132/><U130/><E130/><V2/><F72/><W50/><G37/><T117/><D117/><U69/><E69/><V62/><F127/><W113/><G125/><T9/><D68/><U105/><E105/><V89/><REACH who="2" step="1"/><F121/><REACH who="2" ten="395,123,198,274" step="2"/><W53/><G113/><AGARI ba="0,1" hai="0,2,21,27,31,55,57,62,89,95,99,113,114,115" machi="113" ten="40,5200,0" yaku="1,1,2,1,15,1,53,0" doraHai="73" doraHaiUra="102" who="2" fromWho="3" sc="395,0,123,0,198,62,274,-52" owari="395,50.0,123,-38.0,260,6.0,222,-18.0" />
</Scene>
</mjloggm>