<mjloggm ver="2.3"><GO type="169" lobby="0"/><UN n0="%6E%61%69%74%61" n1="%E3%83%AD%E3%83%B3%E3%82%88%E3%82%8A%E8%A8%BC%E6%8B%A0" n2="%E5%A4%AA%E3%81%8F%E3%81%AA%E3%81%84%E3%81%8A" n3="%E6%AD%A6%E5%89%87%E8%BC%9D%E6%B5%B7" dan="16,17,18,16" rate="2110.46,2199.00,2246.88,2113.56" sx="M,M,M,M"/><TAIKYOKU oya="0"/>

<Scene>
<INIT seed="0,0,0,2,2,93" ten="250,250,250,250" oya="0" hai0="109,130,86,104,10,53,46,124,4,48,54,91,95" hai1="66,6,33,24,19,134,13,57,36,69,62,1,65" hai2="31,15,21,88,75,107,55,49,9,7,61,34,40" hai3="23,41,32,126,27,12,71,115,94,17,74,68,119"/><T101/><D130/><U100/><E36/><V44/><F75/><W128/><G74/><T77/><D124/><U79/><E79/><V122/><F122/><W0/><G115/><T116/><D116/><U50/><E134/><V127/><F127/><W76/><G76/><T85/><D109/><U11/><E100/><V106/><F34/><W120/><G119/><T14/><D104/><U29/><E50/><V110/><F110/><W35/><G35/><T98/><D86/><U43/><E43/><V25/><F61/><W82/><G82/><T87/><D87/><U72/><E72/><V26/><F26/><W22/><G128/><T5/><D5/><U105/><E105/><V113/><F113/><W52/><G41/><T103/><D54/><U28/><E28/><V70/><F70/><W73/><G73/><T133/><D133/><U78/><E78/><V89/><F107/><W102/><G126/><T99/><D77/><U39/><E39/><V81/><F81/><W20/><G0/><T135/><D135/><U16/><E19/><V60/><REACH who="2" step="1"/><F106/><REACH who="2" ten="250,250,240,250" step="2"/><W131/><G68/><T2/><REACH who="0" step="1"/><D2/><REACH who="0" ten="240,250,240,250" step="2"/><U3/><E1/><V18/><F18/><W121/><G131/><T123/><D123/><U97/><E16/><V84/><F84/><W114/><G114/><T112/><D112/><U108/><E3/><V111/><F111/><W58/><G121/><T64/><D64/><U118/><E108/><V96/><F96/><AGARI ba="0,2" hai="4,10,14,46,48,53,85,91,95,96,98,99,101,103" machi="96" ten="40,18000,2" yaku="1,1,8,1,52,3,53,1" doraHai="93" doraHaiUra="83" who="0" fromWho="2" sc="240,200,250,0,240,-180,250,0" />
</Scene>
<Scene>
<INIT seed="0,1,0,5,2,22" ten="440,250,60,250" oya="0" hai0="31,30,56,20,65,100,95,62,99,102,130,75,121" hai1="13,131,2,105,96,55,0,42,7,117,103,83,27" hai2="11,3,36,68,128,54,127,37,25,134,41,5,132" hai3="15,21,47,109,89,87,115,19,129,26,126,35,50"/><T120/><D75/><U72/><E117/><V24/><F68/><W114/><G109/><T80/><D130/><U97/><E131/><V58/><F128/><W93/><G129/><T52/><D102/><U63/><E42/><V18/><F127/><W112/><G126/><T49/><D80/><U70/><E97/><V86/><F86/><W32/><REACH who="3" step="1"/><G15/><REACH who="3" ten="440,250,60,240" step="2"/><T84/><D84/><U53/><E13/><V43/><F36/><W48/><G48/><T116/><D116/><U23/><E2/><V91/><F37/><W113/><N who="3" m="29184" /><DORA hai="77" /><W40/><AGARI ba="1,1" hai="19,21,26,32,35,40,47,50,87,89,93" m="29184" machi="40" ten="60,8000,1" yaku="1,1,4,1,0,1,52,1,53,1" doraHai="22,77" doraHaiUra="85,61" who="3" fromWho="3" sc="440,-41,250,-21,60,-21,240,93" />
</Scene>
<Scene>
<INIT seed="1,0,0,4,2,45" ten="399,229,39,333" oya="1" hai0="60,71,105,15,99,31,6,67,58,68,62,8,3" hai1="42,100,17,110,26,109,122,74,125,16,50,101,14" hai2="123,41,117,5,128,130,108,0,134,54,106,113,119" hai3="37,12,90,61,49,56,4,87,133,52,104,127,85"/><U48/><E122/><V47/><F5/><W93/><G37/><T79/><D79/><U94/><E74/><V13/><F13/><W112/><G112/><T33/><D15/><U11/><E125/><V131/><F106/><W129/><G104/><T120/><D120/><U84/><E42/><V59/><F0/><W2/><G127/><T102/><D58/><U115/><E115/><V29/><F29/><W20/><G129/><T35/><D31/><U70/><E70/><V38/><F113/><W10/><G133/><T89/><D89/><N who="1" m="53543" /><E101/><V92/><F92/><W111/><G111/><N who="1" m="42506" /><E100/><V36/><F108/><W80/><G2/><T83/><D83/><U88/><E88/><V34/><F34/><W97/><G20/><AGARI ba="0,0" hai="11,14,16,17,20,26,48,50" m="42506,53543" machi="20" ten="30,12000,1" yaku="14,1,10,1,52,2,54,1" doraHai="45" who="1" fromWho="3" sc="399,0,229,120,39,0,333,-120" />
</Scene>
<Scene>
<INIT seed="1,1,0,3,4,110" ten="399,349,39,213" oya="1" hai0="92,118,15,64,101,28,103,6,130,2,22,1,77" hai1="76,85,75,32,73,60,50,14,123,80,29,133,68" hai2="81,16,119,25,128,129,109,51,79,44,97,53,40" hai3="24,11,43,17,9,26,70,134,48,33,111,126,52"/><U7/><E123/><V41/><F119/><W38/><G70/><T61/><D118/><U108/><E133/><V88/><F109/><W115/><G111/><T107/><D107/><U94/><E108/><V23/><F129/><W71/><G71/><T116/><D116/><U96/><E29/><V125/><F125/><W100/><G126/><T106/><D106/><U69/><E32/><V91/><F128/><W58/><G134/><T132/><D132/><U57/><E50/><V0/><F0/><W83/><G100/><T105/><D105/><U45/><E45/><V82/><F82/><W5/><G38/><T8/><D130/><U35/><E35/><V124/><F124/><W78/><G43/><T56/><D77/><U74/><E14/><V135/><F135/><W66/><G66/><T72/><D72/><U122/><E7/><V102/><F102/><W59/><G59/><T104/><D104/><U47/><E47/><V67/><F67/><W112/><G11/><T86/><D86/><U62/><E62/><V55/><F41/><W120/><G120/><T20/><D103/><U95/><E95/><V49/><F97/><W98/><G98/><N who="0" m="59591" /><D20/><U19/><E122/><V27/><F27/><AGARI ba="1,0" hai="1,2,6,8,15,22,27,28,56,61,64" m="59591" machi="27" ten="30,1000,0" yaku="25,1" doraHai="110" who="0" fromWho="2" sc="399,13,349,0,39,-13,213,0" />
</Scene>
<Scene>
<INIT seed="2,0,0,1,4,104" ten="412,349,26,213" oya="2" hai0="82,38,80,101,5,28,126,21,24,123,26,90,84" hai1="79,19,109,113,64,107,115,37,117,58,69,75,119" hai2="87,42,130,65,59,122,11,118,81,61,13,56,46" hai3="121,129,54,6,2,131,52,55,47,30,49,18,43"/><V92/><F118/><W1/><G121/><T68/><D123/><U63/><E19/><V110/><F122/><W0/><G30/><T97/><D38/><U85/><E85/><V103/><F130/><N who="3" m="49675" /><G18/><T20/><D126/><U111/><E58/><V77/><F110/><N who="1" m="41993" /><E107/><V94/><F103/><W32/><G32/><T78/><D68/><U105/><E105/><V98/><F98/><W22/><G22/><T66/><D66/><U3/><E3/><V114/><F59/><W45/><G6/><T10/><D5/><U29/><E29/><V73/><F73/><W7/><G7/><T76/><D10/><U91/><E91/><V62/><F62/><W86/><G86/><T116/><D116/><N who="1" m="44619" /><E37/><AGARI ba="0,0" hai="0,1,2,37,43,45,47,49,52,54,55" m="49675" machi="37" ten="40,2600,0" yaku="19,1,54,1" doraHai="104" who="3" fromWho="1" sc="412,0,349,-26,26,0,213,26" />
</Scene>
<Scene>
<INIT seed="3,0,0,1,2,22" ten="412,323,26,239" oya="3" hai0="34,105,108,99,81,18,107,85,38,64,91,4,33" hai1="72,1,132,65,61,104,67,45,58,13,49,20,129" hai2="0,66,16,101,5,128,29,130,113,98,69,63,92" hai3="109,52,123,134,15,106,62,17,88,57,47,115,25"/><W70/><G123/><T50/><D38/><U11/><E104/><V24/><F113/><W131/><G115/><T119/><D119/><U121/><E121/><V118/><F118/><W55/><G106/><T76/><D108/><U84/><E72/><V73/><F73/><W27/><G109/><T60/><D4/><U28/><E132/><V39/><F39/><W2/><G2/><T86/><D50/><U44/><E129/><V102/><F102/><W35/><G35/><T8/><D33/><U82/><E1/><V36/><F36/><W126/><G70/><T120/><D120/><U31/><E67/><V127/><F127/><W23/><G131/><T12/><D34/><U97/><E97/><V114/><F114/><W79/><G126/><T3/><D3/><U14/><E14/><V77/><F77/><W94/><G79/><T89/><D99/><U125/><E125/><V56/><F69/><W124/><G134/><T43/><D43/><U103/><E103/><V48/><F48/><N who="3" m="28703" /><G124/><T7/><D7/><U19/><E45/><V110/><F110/><W80/><G80/><T117/><D117/><U78/><REACH who="1" step="1"/><E11/><REACH who="1" ten="412,313,26,239" step="2"/><N who="2" m="2471" /><F130/><W87/><AGARI ba="0,1" hai="15,17,23,25,27,55,57,62,87,88,94" m="28703" machi="87" ten="30,12000,1" yaku="8,1,52,2,54,2" doraHai="22" who="3" fromWho="3" sc="412,-40,313,-40,26,-40,239,130" owari="372,47.0,273,-13.0,-14,-51.0,369,17.0" />
</Scene>
</mjloggm>