<mjloggm ver="2.3"><GO type="169" lobby="0"/><UN n0="%E5%A4%AA%E3%81%8F%E3%81%AA%E3%81%84%E3%81%8A" n1="%E3%81%84%E3%81%97%E3%82%82%E3%82%8A" n2="%68%75%6B%61" n3="%65%72%6F%67%72%65%65%6E" dan="17,16,17,17" rate="2238.45,2060.20,2193.61,2145.86" sx="M,M,M,M"/><TAIKYOKU oya="0"/>

<Scene>
<INIT seed="0,0,0,0,2,98" ten="250,250,250,250" oya="0" hai0="85,59,90,0,23,135,27,12,11,128,60,134,92" hai1="63,18,74,72,105,70,88,112,111,78,10,49,110" hai2="5,51,125,54,117,83,13,47,21,131,71,91,30" hai3="15,100,48,46,76,126,43,39,109,4,53,93,124"/><T31/><D0/><U129/><E112/><V32/><F71/><W73/><G109/><N who="1" m="41482" /><E105/><V68/><F68/><W29/><G29/><T102/><D128/><U87/><E78/><V19/><F131/><W86/><G73/><T58/><D102/><U25/><E129/><V118/><F125/><W84/><G4/><T75/><D75/><U9/><E49/><V65/><F65/><W77/><G15/><T108/><D108/><U62/><E10/><V67/><F67/><W81/><G77/><T133/><REACH who="0" step="1"/><D60/><REACH who="0" ten="240,250,250,250" step="2"/><U66/><E63/><V69/><F117/><W121/><G100/><T103/><D103/><U89/><E72/><V14/><F118/><W8/><G124/><T6/><AGARI ba="0,1" hai="6,11,12,23,27,31,58,59,85,90,92,133,134,135" machi="6" ten="30,11700,0" yaku="1,1,0,1,20,1,53,1" doraHai="98" doraHaiUra="82" who="0" fromWho="0" sc="240,127,250,-39,250,-39,250,-39" />
</Scene>
<Scene>
<INIT seed="0,1,0,1,2,41" ten="367,211,211,211" oya="0" hai0="125,39,113,79,7,17,19,114,37,75,128,67,87" hai1="5,73,66,71,3,21,34,117,110,130,89,52,51" hai2="38,94,122,26,64,0,46,95,54,93,81,133,129" hai3="53,58,101,86,103,61,123,42,104,24,9,15,56"/><T20/><D75/><U18/><E117/><V126/><F122/><W10/><G123/><T120/><D120/><U70/><E34/><V49/><F0/><W32/><G42/><T111/><D7/><U107/><E73/><V84/><F38/><W115/><G115/><T23/><D67/><U43/><E43/><V33/><F126/><W106/><G32/><T28/><D28/><U134/><E110/><V98/><F129/><W119/><G24/><T135/><D128/><U90/><E130/><V72/><F72/><W116/><G86/><T59/><D59/><U92/><E107/><V57/><F133/><W124/><G61/><T118/><D118/><U13/><E66/><V12/><F12/><W30/><G15/><T40/><D125/><U6/><E134/><V69/><F69/><W127/><REACH who="3" step="1"/><G53/><REACH who="3" ten="367,211,211,201" step="2"/><T25/><D135/><U91/><E3/><V105/><F26/><W97/><G97/><T55/><D55/><U74/><E74/><V50/><F33/><W27/><G27/><T76/><D87/><U80/><E71/><V2/><F2/><W29/><AGARI ba="1,1" hai="9,10,29,30,56,58,101,103,104,106,116,119,124,127" machi="29" ten="25,6400,0" yaku="1,1,0,1,22,2,53,0" doraHai="41" doraHaiUra="131" who="3" fromWho="3" sc="367,-33,211,-17,211,-17,201,77" />
</Scene>
<Scene>
<INIT seed="1,0,0,5,5,94" ten="334,194,194,278" oya="1" hai0="50,28,68,43,88,64,74,72,105,65,67,21,11" hai1="115,126,55,114,39,112,6,110,104,26,75,57,54" hai2="47,29,24,125,66,89,27,5,129,61,80,122,52" hai3="20,58,60,123,98,120,9,131,113,8,73,30,25"/><U102/><E39/><V48/><F122/><W12/><G113/><T22/><D68/><U4/><E75/><V34/><F125/><W35/><G73/><T97/><D72/><U49/><E126/><V135/><F135/><W13/><G131/><T116/><D74/><U42/><E42/><V2/><F129/><W100/><G35/><T101/><D116/><U19/><E110/><V71/><F27/><W132/><G132/><T1/><D28/><U81/><E81/><V130/><F130/><W127/><G127/><T32/><D32/><U91/><E91/><V23/><F34/><W128/><G128/><T56/><D1/><U118/><E118/><V87/><F2/><W7/><G9/><T10/><D11/><U45/><E104/><V70/><REACH who="2" step="1"/><F5/><REACH who="2" ten="334,194,184,278" step="2"/><W134/><G134/><T133/><D133/><U31/><E19/><V3/><F3/><W99/><G123/><T40/><D10/><U16/><E16/><V17/><F17/><W95/><G120/><T124/><D124/><U103/><E6/><V63/><F63/><W51/><G60/><T44/><D21/><U82/><E4/><V84/><F84/><W77/><G7/><T38/><D22/><U15/><E15/><V36/><F36/><W93/><G13/><T33/><D33/><U62/><REACH who="1" step="1"/><E82/><REACH who="1" ten="334,184,184,278" step="2"/><V78/><F78/><W14/><G77/><T59/><D38/><U111/><E111/><V119/><F119/><W18/><G14/><T83/><D83/><U86/><E86/><V106/><F106/><W53/><G12/><T108/><D105/><U37/><E37/><V90/><F90/><RYUUKYOKU ba="0,2" sc="334,-15,184,15,184,15,278,-15" hai1="26,31,45,49,54,55,57,62,102,103,112,114,115" hai2="23,24,29,47,48,52,61,66,70,71,80,87,89" />
</Scene>
<Scene>
<INIT seed="1,1,2,2,5,89" ten="319,199,199,263" oya="1" hai0="74,37,13,66,50,29,38,22,11,96,83,54,92" hai1="117,40,0,28,73,64,123,34,129,100,59,116,102" hai2="99,12,121,69,27,35,60,57,113,23,68,46,20" hai3="77,111,48,67,26,125,93,128,63,39,87,103,56"/><U88/><E123/><V45/><F121/><W44/><G39/><T41/><D66/><U126/><E73/><V43/><F113/><W107/><G107/><T122/><D122/><U42/><E0/><V109/><F109/><W21/><G125/><T9/><D41/><U78/><E78/><V10/><F35/><W1/><G1/><T104/><D104/><U130/><E126/><V79/><F79/><W86/><G128/><N who="1" m="49258" /><E34/><V112/><F99/><N who="3" m="59887" /><G77/><T82/><D74/><U106/><E28/><V71/><F27/><W17/><G111/><T72/><D72/><U132/><E132/><V95/><F95/><W62/><G62/><T47/><D38/><U119/><E64/><V61/><F112/><W31/><G17/><N who="0" m="10543" /><D37/><U110/><E110/><V7/><F60/><W65/><G65/><T19/><D29/><U108/><E108/><V91/><F61/><W33/><G33/><T30/><D30/><U55/><E88/><V52/><F91/><W49/><G49/><T80/><D19/><U133/><E133/><V14/><F69/><W127/><G127/><T97/><D97/><N who="1" m="61775" /><E100/><AGARI ba="1,2" hai="9,11,47,50,54,80,82,83,92,96,100" m="10543" machi="100" ten="30,2000,0" yaku="8,1,52,1" doraHai="89" who="0" fromWho="1" sc="319,43,199,-23,199,0,263,0" />
</Scene>
<Scene>
<INIT seed="2,0,0,5,0,113" ten="362,176,199,263" oya="2" hai0="104,57,68,49,116,63,74,112,87,12,43,17,24" hai1="10,30,127,61,20,77,82,70,110,53,73,50,16" hai2="118,89,131,75,14,120,40,47,60,13,134,6,105" hai3="132,130,44,56,37,35,59,7,54,11,33,18,83"/><V117/><F120/><W51/><G130/><T78/><D104/><U122/><E110/><V42/><F75/><W92/><G18/><T39/><D112/><U55/><E127/><V36/><F105/><W85/><G132/><T80/><D39/><U23/><E122/><V64/><F131/><W119/><G92/><T135/><D135/><U25/><E10/><V29/><F134/><W129/><G129/><T31/><D68/><U1/><E1/><V100/><F100/><W111/><G111/><T123/><D123/><U101/><E101/><V62/><F29/><W72/><G72/><T0/><D0/><U107/><E107/><V86/><F42/><W58/><G37/><T93/><D49/><U66/><REACH who="1" step="1"/><E50/><REACH who="1" ten="362,166,199,263" step="2"/><V46/><F36/><W90/><G11/><T108/><D108/><U34/><E34/><V96/><F60/><W102/><G102/><T128/><D63/><U94/><E94/><V9/><F62/><W4/><G35/><T38/><D93/><U103/><E103/><V22/><F9/><W98/><G33/><T124/><D124/><U106/><E106/><V19/><F22/><W71/><G51/><T48/><D48/><U88/><E88/><V95/><F89/><W81/><G90/><T114/><D128/><U79/><E79/><V21/><F21/><W26/><G83/><T115/><D80/><U52/><E52/><V91/><F91/><W15/><G54/><T84/><D115/><U8/><E8/><V5/><F95/><W41/><G81/><T126/><D114/><U65/><E65/><V45/><F64/><W109/><G109/><RYUUKYOKU ba="0,1" sc="362,-10,166,30,199,-10,263,-10" hai1="16,20,23,25,30,53,55,61,66,70,73,77,82" />
</Scene>
<Scene>
<INIT seed="3,1,1,0,5,56" ten="352,196,189,253" oya="3" hai0="43,10,74,1,53,132,83,100,8,7,25,122,87" hai1="18,12,106,80,128,40,64,73,116,44,93,20,24" hai2="66,2,5,28,0,110,86,90,88,57,45,72,55" hai3="39,118,36,111,17,77,9,94,22,115,23,131,11"/><W3/><G118/><T120/><D132/><U81/><E106/><V78/><F110/><W52/><G115/><T42/><D74/><U48/><E128/><V98/><F72/><W70/><G70/><T41/><D100/><U46/><E116/><V91/><F28/><W104/><G104/><T101/><D101/><U67/><E73/><V26/><F26/><W79/><G131/><T114/><D114/><U113/><E113/><V13/><F2/><W6/><G94/><T92/><D92/><U14/><E93/><N who="2" m="56639" /><F0/><W60/><G111/><T34/><D10/><U50/><E24/><V99/><F45/><W117/><G117/><T58/><D25/><U38/><E38/><V135/><F66/><N who="1" m="25129" /><E14/><V59/><F135/><W109/><G109/><T125/><D125/><U107/><E107/><V29/><F29/><W54/><G3/><T121/><D34/><U37/><E37/><V32/><F32/><W61/><REACH who="3" step="1"/><G17/><REACH who="3" ten="352,196,189,243" step="2"/><T62/><REACH who="0" step="1"/><D122/><REACH who="0" ten="342,196,189,243" step="2"/><U82/><E82/><N who="2" m="47447" /><F99/><W68/><G68/><T129/><D129/><U103/><E103/><V124/><F124/><W33/><G33/><T84/><D84/><U30/><E30/><V108/><F108/><W76/><G76/><AGARI ba="1,3" hai="1,7,8,41,42,43,53,58,62,76,83,87,120,121" machi="76" ten="40,2600,0" yaku="1,1,52,1,53,0" doraHai="56" doraHaiUra="63" who="0" fromWho="3" sc="342,59,196,0,189,0,243,-29" />
</Scene>
<Scene>
<INIT seed="4,0,0,3,3,132" ten="401,196,189,214" oya="0" hai0="80,85,78,43,100,54,95,89,25,94,74,109,105" hai1="77,98,51,93,75,35,65,101,66,61,125,17,82" hai2="127,120,41,67,73,31,111,81,63,130,134,9,20" hai3="114,99,52,1,38,121,26,91,27,18,79,13,30"/><T123/><D43/><U92/><E35/><V32/><F20/><W55/><G1/><T37/><D37/><U23/><E51/><V44/><F111/><W14/><G38/><T88/><D123/><U60/><E93/><V5/><F120/><W129/><G121/><T8/><D109/><U69/><E125/><V110/><F110/><W29/><G79/><T133/><D133/><U57/><E23/><V106/><F134/><W113/><G99/><N who="0" m="61599" /><D54/><U70/><REACH who="1" step="1"/><E17/><REACH who="1" ten="401,186,189,214" step="2"/><V64/><F127/><W34/><G18/><T68/><D94/><U21/><E21/><V131/><F32/><W71/><G34/><T126/><D95/><U4/><E4/><V84/><F5/><W6/><G6/><T107/><D126/><U50/><E50/><V122/><F122/><W7/><G7/><T39/><D39/><U22/><E22/><V90/><F106/><W19/><G19/><T96/><D107/><U0/><E0/><V36/><F36/><W87/><G29/><T118/><D96/><U115/><E115/><V135/><F31/><W3/><G30/><T16/><D16/><U104/><E104/><V119/><F135/><W108/><G3/><T2/><D2/><U12/><E12/><V33/><F33/><W62/><G13/><T103/><D25/><U42/><E42/><V15/><F41/><W112/><G14/><T46/><D80/><U56/><AGARI ba="0,1" hai="56,57,60,61,65,66,69,70,75,77,82,92,98,101" machi="56" ten="20,12000,2" yaku="1,1,0,1,7,1,9,1,53,2" doraHai="132" doraHaiUra="59" who="1" fromWho="1" sc="401,-60,186,130,189,-30,214,-30" />
</Scene>
<Scene>
<INIT seed="5,0,0,3,4,90" ten="341,316,159,184" oya="1" hai0="40,3,85,27,81,116,76,109,46,68,21,59,101" hai1="13,93,135,11,50,38,9,14,72,83,97,16,124" hai2="134,62,80,18,70,17,28,67,43,126,23,22,48" hai3="6,42,5,122,26,96,92,114,30,79,130,88,91"/><U86/><E38/><V35/><F126/><W112/><G122/><T133/><D68/><U36/><E36/><V75/><F134/><W110/><G110/><T69/><D69/><U57/><E124/><V12/><F28/><W19/><G42/><T108/><D116/><U52/><E135/><V125/><F35/><W10/><G79/><T111/><D133/><U119/><E72/><V63/><F63/><W120/><G120/><T1/><D59/><U102/><E119/><V123/><F123/><W4/><G130/><T77/><D77/><N who="1" m="46447" /><E14/><V87/><F75/><W64/><G64/><T55/><D55/><U113/><E113/><N who="3" m="43626" /><G19/><T78/><D78/><U24/><E24/><V54/><F43/><W53/><G53/><T15/><D40/><U65/><E65/><V121/><F125/><W104/><G104/><T98/><D76/><U45/><E9/><V8/><F18/><W115/><N who="3" m="43634" /><W39/><DORA hai="60" /><G39/><T117/><D117/><U47/><AGARI ba="0,0" hai="11,13,16,45,47,50,52,57,93,97,102" m="46447" machi="47" ten="30,11700,0" yaku="8,1,52,1,54,2" doraHai="90,60" who="1" fromWho="1" sc="341,-39,316,117,159,-39,184,-39" />
</Scene>
<Scene>
<INIT seed="5,1,0,3,3,94" ten="302,433,120,145" oya="1" hai0="70,24,30,43,63,93,52,106,113,39,34,97,44" hai1="17,69,59,26,35,76,3,88,42,104,124,27,55" hai2="29,116,128,134,127,123,22,78,38,79,16,89,47" hai3="65,50,131,112,111,23,135,58,31,114,56,126,130"/><U90/><E104/><V18/><F116/><W66/><G111/><T1/><D1/><U74/><E69/><V95/><F123/><W117/><G31/><T0/><D0/><U13/><E3/><V33/><F127/><W14/><G117/><T36/><D113/><N who="3" m="43625" /><G126/><T51/><D106/><U12/><E124/><V99/><F128/><N who="3" m="49195" /><G23/><T83/><D83/><U7/><E35/><V92/><F134/><W57/><G14/><T9/><D9/><U110/><E110/><V119/><F119/><W37/><G37/><T122/><D122/><U107/><E12/><V68/><F33/><W125/><G125/><T84/><D84/><U82/><E7/><V91/><F29/><W121/><G121/><T85/><D85/><N who="1" m="48327" /><E42/><V2/><F2/><W102/><G102/><T19/><D19/><U20/><E74/><V64/><F18/><W77/><G77/><T6/><D6/><U10/><E27/><V86/><F16/><W67/><G135/><T32/><D32/><U4/><E107/><V105/><F105/><W15/><G15/><T11/><D11/><U8/><E8/><V71/><F22/><W73/><G73/><T25/><D25/><U80/><E80/><V61/><REACH who="2" step="1"/><F71/><REACH who="2" ten="302,433,110,145" step="2"/><W101/><G101/><T60/><D70/><U28/><E28/><V72/><F72/><W40/><G67/><T108/><D30/><U98/><E17/><V96/><F96/><W62/><G66/><T41/><D97/><U75/><E98/><V48/><F48/><W132/><G132/><T120/><D120/><U129/><E75/><V118/><F118/><W100/><G100/><RYUUKYOKU ba="1,1" sc="302,-15,433,-15,110,15,145,15" hai2="38,47,61,64,68,78,79,86,89,91,92,95,99" hai3="40,50,56,57,58,62,65" />
</Scene>
<Scene>
<INIT seed="6,2,1,2,1,82" ten="287,418,125,160" oya="2" hai0="124,37,5,90,118,36,99,122,79,10,75,125,27" hai1="84,17,8,45,6,40,43,47,100,23,2,28,77" hai2="38,54,18,92,133,131,127,56,15,101,65,135,110" hai3="25,96,41,59,52,111,62,63,3,30,11,35,95"/><V106/><F106/><W55/><G111/><T46/><D122/><U80/><E100/><V83/><F110/><W26/><G41/><T103/><D118/><U60/><E60/><N who="2" m="38023" /><F38/><W105/><G105/><N who="0" m="63743" /><D90/><U53/><E28/><V107/><F107/><W117/><G117/><T98/><D98/><U0/><E0/><V129/><F54/><W113/><G25/><T91/><D91/><U126/><E126/><N who="0" m="48745" /><D27/><U102/><E102/><V132/><F127/><W104/><G104/><T24/><D24/><U29/><E29/><V7/><F7/><W22/><G35/><T120/><D120/><U97/><E97/><N who="2" m="59559" /><F83/><W21/><G3/><N who="0" m="319" /><D46/><U70/><E47/><V76/><F76/><W48/><G55/><T81/><AGARI ba="2,1" hai="36,37,75,79,81" m="319,48745,63743" machi="81" ten="30,2000,0" yaku="18,1,23,1" doraHai="82" who="0" fromWho="0" sc="287,36,418,-7,125,-12,160,-7" />
</Scene>
<Scene>
<INIT seed="7,0,0,3,1,26" ten="323,411,113,153" oya="3" hai0="57,90,93,103,135,36,69,70,68,42,72,75,134" hai1="91,115,67,30,117,44,102,3,4,55,19,32,87" hai2="124,6,89,123,37,94,92,43,83,104,78,97,12" hai3="46,106,61,71,47,22,82,54,39,35,108,15,105"/><W101/><G35/><T58/><D103/><U0/><E115/><V132/><F12/><W66/><G108/><T79/><D42/><U10/><E102/><N who="2" m="62543" /><F6/><W73/><G101/><T119/><D36/><U33/><E67/><V116/><F43/><W133/><G39/><T48/><D119/><U62/><E33/><V100/><F37/><W107/><G133/><N who="0" m="50699" /><D79/><U49/><E3/><V40/><F40/><W98/><G54/><N who="0" m="31943" /><D58/><U113/><E113/><V88/><F132/><W81/><G98/><AGARI ba="0,0" hai="68,69,70,72,75,90,93,98" m="31943,50699" machi="98" ten="40,1300,0" yaku="20,1" doraHai="26" who="0" fromWho="3" sc="323,13,411,0,113,0,153,-13" owari="336,14.0,411,51.0,113,-39.0,140,-26.0" />
</Scene>
</mjloggm>