<mjloggm ver="2.3"><GO type="169" lobby="0"/><UN n0="%E5%8D%9A%E9%BA%97%E3%82%86%E3%81%8B%E3%82%8A" n1="%E3%82%B4%E3%83%BC%E3%83%AB%E3%83%87%E3%83%B3%E3%81%B2%E3%82%88%E3%81%93" n2="%E5%A4%AA%E3%81%8F%E3%81%AA%E3%81%84%E3%81%8A" n3="%E7%84%A1%E8%8A%B1%E6%9E%9C" dan="16,16,19,16" rate="2083.68,2107.39,2324.90,2066.03" sx="M,M,F,F"/><TAIKYOKU oya="0"/>

<Scene>
<INIT seed="0,0,0,3,1,26" ten="250,250,250,250" oya="0" hai0="113,7,34,21,116,32,49,96,20,135,97,59,61" hai1="65,73,31,44,109,43,13,94,47,25,88,124,45" hai2="102,33,51,30,27,106,87,131,22,101,129,99,0" hai3="42,38,107,58,110,53,19,100,74,132,118,37,9"/><T1/><D116/><U2/><E2/><V84/><F0/><W126/><G19/><T123/><D113/><U81/><E109/><V130/><F101/><W119/><G53/><T105/><D123/><U72/><E124/><V104/><F104/><W80/><G58/><T40/><D135/><U69/><E43/><V122/><F122/><W29/><G9/><T85/><D85/><U16/><E81/><V71/><F71/><W70/><G42/><T108/><D105/><U117/><E117/><V18/><REACH who="2" step="1"/><F51/><REACH who="2" ten="250,250,240,250" step="2"/><W93/><G119/><T12/><D49/><U46/><E69/><V48/><F48/><W127/><G127/><T120/><D1/><U115/><E115/><V52/><F52/><W17/><G100/><T56/><D120/><U66/><E65/><V10/><F10/><W11/><G11/><T121/><D121/><U57/><E66/><V39/><F39/><W64/><G37/><T54/><D54/><U128/><E128/><V60/><F60/><W86/><G118/><T95/><D61/><U79/><E57/><V4/><F4/><W89/><G126/><T50/><D7/><U3/><E3/><V76/><F76/><W114/><G114/><T35/><D50/><U112/><E79/><V28/><F28/><W78/><G107/><T90/><D56/><U82/><E112/><V68/><F68/><W91/><G70/><T134/><D59/><U6/><E6/><V24/><AGARI ba="0,1" hai="18,22,24,27,30,33,84,87,99,102,106,129,130,131" machi="24" ten="40,8000,1" yaku="1,1,0,1,19,1,52,1,53,0" doraHai="26" doraHaiUra="111" who="2" fromWho="2" sc="250,-40,250,-20,240,90,250,-20" />
</Scene>
<Scene>
<INIT seed="1,0,0,4,5,87" ten="210,230,330,230" oya="1" hai0="61,97,124,17,29,45,80,119,14,88,123,34,86" hai1="115,58,91,36,22,69,42,50,68,47,103,134,1" hai2="109,96,38,107,114,102,94,120,84,77,92,93,3" hai3="90,40,85,16,51,78,122,98,41,56,49,83,135"/><U21/><E115/><V111/><F3/><W81/><G122/><T129/><D119/><U126/><E1/><V95/><F38/><W10/><G135/><T4/><D4/><U13/><E134/><V55/><F55/><W110/><G110/><N who="2" m="41993" /><F120/><W28/><G28/><T9/><D123/><U27/><E103/><N who="2" m="62951" /><F114/><W105/><G105/><T23/><D129/><U106/><E106/><V32/><F32/><W2/><G51/><T26/><D124/><U127/><E13/><V70/><F70/><N who="1" m="27241" /><E27/><V44/><F44/><W89/><G2/><T63/><D34/><U52/><E91/><N who="3" m="34826" /><G98/><T57/><D97/><U5/><E5/><V53/><F102/><W130/><G83/><T64/><D61/><U128/><E128/><V65/><F92/><W67/><G130/><T125/><D125/><AGARI ba="0,0" hai="21,22,36,42,47,50,52,58,125,126,127" m="27241" machi="125" ten="30,2900,0" yaku="18,1,54,1" doraHai="87" who="1" fromWho="0" sc="210,-29,230,29,330,0,230,0" />
</Scene>
<Scene>
<INIT seed="1,1,0,0,4,8" ten="181,259,330,230" oya="1" hai0="70,40,123,57,53,86,14,89,6,12,81,28,131" hai1="124,130,134,95,108,72,25,47,87,110,74,90,100" hai2="99,88,44,113,58,54,109,129,127,17,77,56,4" hai3="116,20,115,19,106,9,135,85,55,105,10,118,120"/><U80/><E25/><V75/><F4/><W93/><G115/><T15/><D70/><U65/><E65/><V103/><F113/><W132/><G120/><T45/><D123/><U1/><E1/><V102/><F109/><N who="1" m="42089" /><E47/><V23/><F75/><N who="1" m="28713" /><E124/><V30/><F30/><W33/><G33/><T84/><D131/><U94/><E130/><V133/><F127/><W128/><G128/><T49/><D28/><U79/><E134/><N who="3" m="51242" /><G55/><T50/><D86/><N who="1" m="48415" /><E100/><V34/><F103/><W51/><G51/><T27/><D27/><U38/><E38/><V83/><F102/><W0/><G0/><T26/><D26/><U101/><E101/><V68/><F133/><W39/><G39/><T61/><D50/><U119/><E119/><N who="3" m="45610" /><G9/><AGARI ba="1,0" hai="6,9,12,14,15,40,45,49,53,57,61,81,84,89" machi="9" ten="40,8000,1" yaku="8,1,52,3" doraHai="8" who="0" fromWho="3" sc="181,83,259,0,330,0,230,-83" />
</Scene>
<Scene>
<INIT seed="2,0,0,5,3,16" ten="264,259,330,147" oya="2" hai0="116,57,3,13,33,135,123,8,109,35,108,5,117" hai1="133,55,15,38,80,23,66,0,107,56,103,37,104" hai2="83,47,126,73,6,121,106,114,44,34,58,100,101" hai3="89,119,118,62,87,102,81,12,78,96,72,67,45"/><V39/><F34/><N who="0" m="12810" /><D57/><U90/><E0/><V75/><F6/><W95/><G45/><T59/><D59/><U63/><E133/><V30/><F58/><W25/><G12/><T14/><D123/><U9/><E38/><V98/><F83/><W115/><G25/><T130/><D130/><U19/><E37/><V61/><F61/><W64/><G115/><T50/><D50/><U120/><E120/><V29/><F98/><W113/><G113/><T88/><D88/><U32/><E32/><V18/><F106/><N who="3" m="63815" /><G64/><T97/><D97/><U17/><E103/><V10/><F114/><W11/><G11/><T127/><D127/><U71/><E71/><AGARI ba="0,0" hai="62,67,71,72,78,81,87,89,95,118,119" m="63815" machi="71" ten="30,1000,0" yaku="24,1" doraHai="16" who="3" fromWho="1" sc="264,0,259,-10,330,0,147,10" />
</Scene>
<Scene>
<INIT seed="3,0,0,2,5,44" ten="264,249,330,157" oya="3" hai0="85,60,66,118,34,128,126,112,98,45,31,76,63" hai1="42,127,64,103,26,132,55,123,43,29,135,84,88" hai2="74,39,10,9,124,33,67,19,81,12,93,134,7" hai3="14,131,80,61,35,122,99,46,4,8,11,77,25"/><W36/><G122/><T100/><D118/><U62/><E123/><V113/><F39/><W20/><G35/><T94/><D128/><U129/><E103/><V13/><F33/><W2/><G131/><T51/><D126/><U30/><E127/><V104/><F104/><W120/><G120/><T22/><D34/><N who="1" m="20791" /><E30/><V71/><F124/><W119/><G119/><T58/><D63/><U49/><E62/><V125/><F125/><W108/><G61/><T83/><D112/><U5/><E64/><V86/><F134/><N who="1" m="51241" /><E5/><V102/><F71/><W56/><G56/><T95/><D95/><N who="1" m="54663" /><E129/><V90/><F113/><W101/><G108/><T38/><D38/><U3/><E3/><V32/><F32/><W52/><G36/><T6/><D6/><U133/><N who="1" m="51249" /><U54/><DORA hai="130" /><E54/><V121/><F102/><W70/><G2/><T24/><D66/><U21/><E21/><V48/><F67/><W53/><G70/><T91/><D60/><U115/><E115/><V59/><F7/><W40/><G4/><T109/><D100/><U57/><AGARI ba="0,0" hai="42,43,49,55,57" m="54663,51249,20791" machi="57" ten="40,12000,2" yaku="20,1,52,5,54,1" doraHai="44,130" who="1" fromWho="1" sc="264,-30,249,120,330,-30,157,-60" />
</Scene>
<Scene>
<INIT seed="4,0,0,5,3,9" ten="234,369,300,97" oya="0" hai0="75,77,23,35,83,76,16,40,56,52,117,72,99" hai1="133,132,82,38,68,65,26,5,110,43,86,73,79" hai2="30,67,93,130,48,37,102,32,24,131,69,81,95" hai3="0,129,134,29,13,114,74,97,116,121,33,45,12"/><T19/><D117/><U27/><E110/><V71/><F37/><W78/><G97/><T47/><D35/><U20/><E5/><V128/><F102/><W61/><G116/><T14/><D19/><U57/><E68/><N who="2" m="26187" /><F67/><W2/><G61/><T36/><D99/><U6/><E6/><V124/><F124/><W125/><G45/><T41/><D41/><U105/><E105/><V109/><F109/><W54/><G54/><T58/><D52/><U46/><E73/><V31/><F31/><W22/><G78/><T118/><D118/><U63/><REACH who="1" step="1"/><E20/><REACH who="1" ten="234,359,300,97" step="2"/><V7/><F7/><W4/><G74/><T25/><REACH who="0" step="1"/><D25/><AGARI ba="0,1" hai="25,26,27,38,43,46,57,63,65,79,82,86,132,133" machi="25" ten="40,5200,0" yaku="1,1,2,1,53,1" doraHai="9" doraHaiUra="59" who="1" fromWho="0" sc="234,-52,359,62,300,0,97,0" />
</Scene>
<Scene>
<INIT seed="5,0,0,3,5,17" ten="182,421,300,97" oya="1" hai0="64,67,124,97,22,108,47,91,59,79,71,3,9" hai1="78,36,8,131,134,45,70,85,127,119,16,29,94" hai2="116,50,93,90,14,74,27,115,37,52,33,126,128" hai3="95,12,120,105,2,32,13,77,73,63,117,82,10"/><U62/><E119/><V89/><F37/><W6/><G120/><T7/><D108/><U23/><E127/><V46/><F74/><W75/><G117/><T30/><D124/><U111/><E131/><V81/><F126/><W21/><G105/><T15/><D79/><U68/><E134/><V34/><F116/><W135/><G135/><T31/><D71/><U24/><E111/><V100/><F128/><W65/><G32/><T56/><D47/><U48/><E36/><V76/><F115/><W35/><G35/><T103/><D91/><N who="1" m="53615" /><E68/><V18/><F100/><W110/><G110/><T80/><D80/><U11/><E70/><V61/><F61/><W130/><G130/><T0/><D31/><U69/><E69/><V25/><F34/><W4/><G75/><T86/><D3/><U20/><E62/><V38/><F38/><W122/><G122/><T106/><D0/><U102/><E102/><V96/><F33/><W40/><G95/><T113/><D113/><U28/><E78/><V92/><F76/><W55/><G65/><T43/><D67/><U121/><E121/><V129/><F129/><W101/><G101/><T98/><D64/><U51/><E29/><V1/><F1/><W112/><G112/><T49/><D103/><U39/><E39/><V54/><F54/><W5/><G2/><T114/><D106/><U88/><E88/><V123/><F123/><W84/><G73/><T109/><D114/><U107/><E107/><V133/><F133/><W58/><G40/><T125/><D109/><U72/><E72/><V41/><F41/><W60/><G60/><RYUUKYOKU ba="0,0" sc="182,-10,421,-10,300,-10,97,30" hai3="4,5,6,10,12,13,21,55,58,63,77,82,84" />
</Scene>
<Scene>
<INIT seed="6,1,0,5,2,105" ten="172,411,290,127" oya="2" hai0="43,121,127,51,0,104,62,26,10,118,119,48,58" hai1="72,7,22,27,70,112,98,55,116,18,109,135,36" hai2="4,71,23,110,49,111,101,123,15,40,13,41,19" hai3="106,73,124,120,1,33,56,103,132,31,115,129,30"/><V134/><F123/><W63/><G103/><T97/><D121/><U82/><E116/><N who="0" m="44585" /><D127/><U9/><E36/><V45/><F71/><W100/><G30/><T50/><D26/><U54/><E70/><V53/><F101/><W59/><G59/><T2/><D43/><U29/><E112/><V44/><F134/><W126/><G56/><T8/><D97/><U69/><E69/><V130/><F130/><W64/><G63/><T35/><D35/><U86/><E72/><V93/><F93/><W114/><G64/><N who="0" m="38999" /><D104/><U66/><E66/><V52/><F4/><W92/><G92/><T94/><D94/><U80/><E135/><V11/><F11/><AGARI ba="1,0" hai="0,2,8,10,11,48,50,51" m="38999,44585" machi="11" ten="30,1000,0" yaku="12,1" doraHai="105" who="0" fromWho="2" sc="172,13,411,0,290,-13,127,0" />
</Scene>
<Scene>
<INIT seed="7,0,0,2,2,126" ten="185,411,277,127" oya="3" hai0="64,114,73,89,122,71,124,90,51,34,67,117,103" hai1="115,27,125,0,21,87,85,108,81,123,30,60,109" hai2="69,96,56,50,118,10,54,35,55,104,48,26,86" hai3="39,7,9,102,18,41,45,43,131,15,4,101,74"/><W19/><G74/><T76/><D122/><U100/><E123/><V37/><F37/><W113/><G113/><T132/><D117/><U20/><E115/><V83/><F69/><W40/><G39/><T107/><D114/><U44/><E125/><V49/><F118/><W98/><G45/><T75/><D124/><U92/><E0/><V116/><F116/><W110/><G110/><T93/><D34/><U70/><E44/><V135/><F135/><W25/><G131/><T91/><D51/><U77/><E70/><V130/><F130/><W112/><G112/><T63/><D67/><U133/><E60/><N who="2" m="35863" /><F104/><W134/><G134/><T33/><D33/><U58/><E92/><V46/><F35/><W47/><G47/><T2/><D2/><U24/><E87/><V36/><F36/><W16/><G98/><N who="0" m="61943" /><D75/><U57/><E100/><N who="3" m="38506" /><G4/><T105/><D105/><U120/><E120/><V8/><F96/><W6/><G6/><T11/><D11/><N who="2" m="4138" /><F26/><AGARI ba="0,0" hai="7,9,15,16,18,19,25,26,40,41,43" m="38506" machi="26" ten="40,3900,0" yaku="8,1,54,1" doraHai="126" who="3" fromWho="2" sc="185,0,411,0,277,-39,127,39" />
</Scene>
<Scene>
<INIT seed="7,1,0,4,4,39" ten="185,411,238,166" oya="3" hai0="62,127,126,45,14,95,56,2,61,123,108,125,18" hai1="64,116,32,83,22,88,52,76,41,50,91,11,19" hai2="51,17,124,26,20,79,59,47,107,130,7,74,49" hai3="101,25,40,112,10,4,71,109,117,92,24,53,73"/><W35/><G117/><T100/><D123/><U98/><E116/><V63/><F107/><W78/><G71/><T113/><D108/><U60/><E32/><V68/><F68/><W106/><G106/><T31/><D113/><U67/><E11/><V21/><F124/><W94/><G112/><T16/><D31/><U89/><E98/><V13/><F130/><W75/><G73/><T133/><D2/><U129/><E129/><V66/><F74/><W29/><G101/><T86/><D133/><U97/><E97/><V110/><F110/><W114/><G114/><T115/><D115/><U85/><E41/><N who="2" m="24815" /><F79/><W8/><G109/><T90/><D100/><U58/><E60/><N who="0" m="23145" /><D45/><U9/><E9/><N who="2" m="4287" /><F21/><N who="3" m="15503" /><G75/><T42/><D125/><U70/><E70/><V120/><F120/><W5/><G35/><T28/><D127/><U3/><E3/><V103/><F51/><W57/><G78/><T102/><D126/><U111/><E111/><V121/><F121/><W48/><G10/><T65/><D65/><U99/><E99/><V93/><F103/><W80/><G8/><T27/><D102/><U23/><E23/><V77/><F77/><W34/><G34/><T132/><D90/><U84/><E84/><V87/><F87/><W38/><G38/><T134/><D86/><U96/><E96/><V44/><F66/><W119/><G119/><T1/><D134/><U104/><E104/><V118/><F118/><W0/><G0/><T54/><D1/><U12/><AGARI ba="1,0" hai="12,19,22,50,52,58,64,67,76,83,85,88,89,91" machi="12" ten="30,7900,0" yaku="0,1,8,1,54,2" doraHai="39" who="1" fromWho="1" sc="185,-21,411,82,238,-21,166,-40" owari="164,-24.0,493,59.0,217,2.0,126,-37.0" />
</Scene>
</mjloggm>