<mjloggm ver="2.3"><GO type="169" lobby="0"/><UN n0="%E8%A5%BF%E6%9D%91%E9%9B%84%E4%B8%80%E9%83%8E" n1="%4D%4A%5B%53%61%74%6F%5D" n2="%E5%A4%AA%E3%81%8F%E3%81%AA%E3%81%84%E3%81%8A" n3="%E9%A7%84%E5%A6%B9" dan="16,16,19,16" rate="2158.13,2141.92,2320.69,2082.93" sx="M,M,F,F"/><TAIKYOKU oya="0"/>

<Scene>
<INIT seed="0,0,0,2,2,124" ten="250,250,250,250" oya="0" hai0="115,110,122,56,6,101,59,114,34,80,117,121,93" hai1="3,58,99,5,55,50,135,49,41,70,96,79,118" hai2="125,108,40,98,52,95,43,9,65,15,47,85,102" hai3="120,128,28,46,1,64,63,123,8,106,30,91,130"/><T111/><D34/><U45/><E118/><V86/><F108/><N who="0" m="41514" /><D6/><U21/><E70/><V20/><F125/><W97/><G46/><T16/><D80/><U38/><E135/><V61/><F20/><W31/><G1/><T29/><D29/><U87/><E3/><V105/><F105/><W126/><G8/><T132/><D132/><U103/><E5/><V39/><F43/><W4/><G4/><T84/><D84/><U104/><E96/><V13/><F13/><W109/><G126/><T68/><D93/><U94/><E21/><V42/><F42/><W116/><G116/><T11/><D101/><U83/><REACH who="1" step="1"/><E94/><REACH who="1" ten="250,240,250,250" step="2"/><V77/><F95/><N who="3" m="56575" /><G109/><T127/><D127/><U26/><E26/><V17/><F98/><W92/><G92/><T14/><D68/><U0/><E0/><V134/><F134/><W51/><G106/><T18/><D117/><U119/><E119/><V10/><F102/><W88/><G123/><N who="0" m="47115" /><D18/><U100/><E100/><V62/><F17/><W60/><G120/><T78/><D78/><U66/><E66/><V7/><F77/><W74/><G64/><T33/><D33/><U89/><E89/><V113/><F7/><W22/><G88/><T2/><D2/><U19/><E19/><V54/><F65/><W35/><G35/><T57/><AGARI ba="0,1" hai="11,14,16,56,57,59,114,115" m="47115,41514" machi="57" ten="40,7800,0" yaku="14,1,10,1,54,1" doraHai="124" who="0" fromWho="0" sc="250,88,240,-26,250,-26,250,-26" />
</Scene>
<Scene>
<INIT seed="0,1,0,1,5,133" ten="338,214,224,224" oya="0" hai0="73,81,55,95,2,21,46,78,86,34,109,38,64" hai1="102,125,5,99,27,41,90,53,32,48,9,111,57" hai2="20,31,67,63,45,66,11,44,18,88,94,35,116" hai3="4,104,62,19,120,110,24,122,13,124,135,84,107"/><T30/><D34/><U25/><E111/><V105/><F105/><W75/><G75/><T128/><D128/><U60/><E90/><V112/><F112/><W58/><G110/><T7/><D64/><U89/><E89/><V93/><F116/><W43/><G135/><T87/><D95/><U106/><E32/><V130/><F130/><W54/><G43/><T83/><D109/><U15/><E125/><V17/><F35/><W85/><G24/><T36/><D55/><U76/><E76/><V8/><F31/><W10/><G4/><T96/><D96/><U69/><E69/><V119/><F119/><W68/><G68/><T37/><D46/><N who="2" m="18026" /><F94/><W1/><G1/><T118/><D118/><U129/><E41/><V65/><F63/><W3/><G3/><T29/><D21/><U82/><E129/><V59/><F59/><W114/><G114/><T28/><REACH who="0" step="1"/><D83/><REACH who="0" ten="328,214,224,224" step="2"/><U49/><E82/><V56/><F20/><W100/><G107/><T47/><D47/><U131/><E131/><V97/><F56/><W117/><G117/><T132/><D132/><U61/><E61/><V71/><F71/><W121/><G104/><T16/><D16/><AGARI ba="1,1" hai="8,11,16,17,18,65,66,67,88,93,97" m="18026" machi="16" ten="30,3900,0" yaku="8,1,54,2" doraHai="133" who="2" fromWho="0" sc="328,-42,214,0,224,52,224,0" />
</Scene>
<Scene>
<INIT seed="1,0,0,4,2,128" ten="286,214,276,224" oya="1" hai0="87,40,76,10,14,105,8,63,80,86,3,70,56" hai1="108,60,133,2,120,23,42,4,28,78,71,38,51" hai2="12,73,134,48,58,109,92,26,53,84,62,119,95" hai3="75,52,88,85,69,55,114,66,121,44,106,47,123"/><U61/><E120/><V126/><F73/><W22/><G114/><T96/><D70/><U30/><E78/><V103/><F119/><W21/><G106/><T91/><D40/><U39/><E4/><V15/><F109/><W5/><G5/><T31/><D31/><U37/><E2/><V45/><F126/><W27/><G75/><T132/><D3/><U0/><E0/><V32/><F32/><W74/><G74/><T57/><D57/><U89/><E108/><V59/><F26/><W1/><G1/><T36/><D36/><U83/><E30/><V19/><F134/><W116/><G69/><T99/><D132/><U16/><E28/><V107/><F107/><W135/><G66/><N who="0" m="39271" /><D8/><U111/><E111/><V65/><F103/><W54/><G116/><T64/><D64/><U46/><E71/><V124/><F124/><W101/><G101/><T115/><D105/><U102/><E102/><V77/><F59/><W20/><G27/><T130/><D130/><U79/><E89/><V41/><F41/><W112/><G112/><T98/><D115/><U110/><E133/><V17/><F12/><W50/><G135/><T81/><D99/><U82/><E110/><V9/><F19/><AGARI ba="0,0" hai="10,14,19,76,80,81,86,87,91,96,98" m="39271" machi="19" ten="30,1000,0" yaku="8,1" doraHai="128" who="0" fromWho="2" sc="286,10,214,0,276,-10,224,0" />
</Scene>
<Scene>
<INIT seed="2,0,0,4,5,72" ten="296,214,266,224" oya="2" hai0="38,125,123,87,97,19,31,48,69,54,53,109,101" hai1="70,95,22,67,80,59,4,24,1,130,64,114,20" hai2="96,79,111,10,102,85,77,100,71,3,68,12,104" hai3="56,132,86,135,128,133,61,108,119,65,107,11,5"/><V105/><F3/><W45/><G119/><T99/><D38/><U15/><E114/><V81/><F111/><W40/><G108/><T36/><D36/><U118/><E118/><V73/><F102/><W106/><G86/><T120/><D69/><U63/><E70/><V9/><F105/><W43/><G128/><T30/><D109/><U127/><E1/><V42/><F42/><W110/><G110/><T58/><D99/><U131/><E127/><V115/><F115/><W49/><REACH who="3" step="1"/><G40/><REACH who="3" ten="296,214,266,214" step="2"/><T134/><D87/><U29/><E131/><V126/><F126/><W121/><G121/><T113/><D125/><U57/><E130/><V32/><F73/><W50/><G50/><T35/><D48/><U84/><E95/><V27/><F79/><W33/><G33/><T93/><D35/><U60/><E4/><V66/><F32/><W88/><G88/><T17/><D93/><U16/><E80/><V46/><F81/><W0/><AGARI ba="0,1" hai="0,5,11,43,45,49,56,61,65,106,107,132,133,135" machi="0" ten="30,7900,0" yaku="1,1,0,1,20,1,53,1" doraHai="72" doraHaiUra="55" who="3" fromWho="3" sc="296,-20,214,-20,266,-39,214,89" />
</Scene>
<Scene>
<INIT seed="3,0,0,3,5,59" ten="276,194,227,303" oya="3" hai0="111,32,12,54,64,79,112,116,1,47,21,11,4" hai1="57,135,89,41,80,131,66,60,29,108,86,95,101" hai2="83,82,70,7,84,16,40,100,56,129,25,37,35" hai3="19,3,132,27,0,52,115,75,104,97,73,78,134"/><W51/><G115/><T87/><D32/><U74/><E108/><V133/><F70/><W99/><G27/><T39/><D64/><U28/><E135/><N who="3" m="51754" /><G19/><T96/><D116/><U106/><E131/><V17/><F133/><W46/><G78/><T67/><D79/><N who="1" m="44151" /><E41/><V53/><F129/><W118/><G118/><T77/><D77/><U8/><E8/><V76/><F7/><W15/><G15/><T2/><D21/><U102/><E102/><V105/><F105/><W30/><G30/><T130/><D12/><U88/><E89/><V92/><F37/><W119/><G119/><T31/><D39/><U34/><E34/><V24/><F40/><W6/><G6/><T120/><D31/><U103/><E103/><V23/><F83/><W14/><G14/><T9/><D9/><U117/><E117/><V44/><F44/><W72/><G104/><T123/><D112/><U109/><E109/><V127/><F127/><W10/><G10/><T107/><D11/><U13/><E13/><N who="2" m="9615" /><F35/><W62/><G62/><T71/><D4/><U18/><E18/><V125/><F125/><W22/><G22/><T26/><D111/><U48/><E48/><N who="2" m="30759" /><F17/><W58/><G46/><T90/><D107/><U69/><E69/><V81/><F81/><W110/><G110/><T20/><D130/><U124/><E124/><V33/><F33/><W49/><G49/><T68/><D68/><U98/><AGARI ba="0,0" hai="28,29,57,60,66,86,88,95,98,101,106" m="44151" machi="98" ten="30,4000,0" yaku="24,1,52,1,54,1" doraHai="59" who="1" fromWho="1" sc="276,-10,194,40,227,-10,303,-20" />
</Scene>
<Scene>
<INIT seed="4,0,0,4,2,115" ten="266,234,217,283" oya="0" hai0="72,60,63,131,54,97,76,0,75,44,56,85,108" hai1="64,1,31,132,41,73,26,16,91,58,15,55,52" hai2="126,62,32,111,4,59,20,105,45,49,102,119,2" hai3="69,22,100,122,38,47,36,118,77,94,130,89,123"/><T3/><D131/><U53/><E73/><V79/><F32/><W98/><G69/><T116/><D116/><U86/><E1/><V117/><F111/><W84/><G130/><T93/><D108/><U37/><E132/><V127/><F79/><W81/><G118/><N who="2" m="45065" /><F20/><W29/><G47/><T35/><D44/><U50/><E37/><V66/><F102/><W133/><G133/><T9/><D9/><N who="1" m="6255" /><E41/><N who="2" m="24751" /><F105/><W114/><G114/><T88/><D35/><U28/><E64/><V46/><F46/><W104/><G22/><T42/><D42/><U90/><E90/><V103/><F103/><W30/><G36/><T17/><D76/><U48/><E58/><V82/><F82/><W18/><G38/><T68/><D88/><U99/><E99/><V135/><F135/><W24/><G100/><T10/><D97/><U33/><E33/><V67/><F67/><W43/><G104/><T6/><D56/><U40/><E40/><V61/><F61/><W129/><G43/><T128/><D63/><U112/><E112/><V121/><F121/><W51/><G129/><T96/><D60/><U39/><E39/><V124/><F127/><W92/><G123/><T27/><D128/><U74/><E74/><V95/><F95/><W120/><G92/><T65/><D72/><U109/><E109/><V80/><F80/><W134/><G134/><T87/><D75/><U106/><E106/><V107/><F107/><W113/><G113/><T8/><D65/><U5/><E91/><V78/><F78/><W12/><G122/><T110/><D110/><U11/><E86/><V101/><F101/><RYUUKYOKU ba="0,0" sc="266,-10,234,-10,217,30,283,-10" hai2="2,4,59,62,66,124,126" />
</Scene>
<Scene>
<INIT seed="5,1,0,3,2,71" ten="256,224,247,273" oya="1" hai0="111,77,75,18,97,79,8,91,76,35,106,13,131" hai1="59,45,23,0,121,5,113,84,14,67,69,51,57" hai2="130,120,41,3,32,17,34,83,39,105,61,101,128" hai3="109,94,27,123,110,82,89,96,100,118,133,116,56"/><U48/><E121/><V21/><F120/><W107/><G123/><T73/><D35/><U124/><E0/><V78/><F3/><W43/><G56/><T20/><D111/><N who="3" m="42505" /><G43/><T66/><D131/><N who="2" m="50218" /><F61/><W31/><G27/><T16/><D66/><U135/><E69/><V52/><F52/><W62/><G31/><T15/><D106/><U40/><E124/><V30/><F30/><W60/><G60/><T132/><D132/><U134/><E113/><V90/><F90/><W129/><G62/><T102/><D91/><U38/><E84/><N who="2" m="48247" /><F101/><W53/><G53/><T58/><D58/><N who="1" m="22027" /><E67/><V19/><F105/><W44/><G129/><T47/><D47/><U28/><E28/><V85/><F85/><N who="3" m="50359" /><G44/><T103/><D103/><U119/><E119/><N who="3" m="45610" /><G133/><N who="1" m="50698" /><E5/><V37/><F19/><AGARI ba="1,0" hai="14,19,23,38,40,45,48,51" m="50698,22027" machi="19" ten="30,2900,0" yaku="20,1,52,1" doraHai="71" who="1" fromWho="2" sc="256,0,224,32,247,-32,273,0" />
</Scene>
<Scene>
<INIT seed="5,2,0,3,2,74" ten="256,256,215,273" oya="1" hai0="28,48,44,127,114,59,117,49,33,113,25,11,50" hai1="94,131,88,61,45,19,92,75,32,23,40,72,14" hai2="52,79,22,70,129,54,106,91,112,35,30,122,119" hai3="124,100,13,71,116,16,17,21,84,18,8,115,20"/><U47/><E32/><V130/><F122/><W96/><G71/><T125/><D117/><U121/><E121/><V24/><F119/><W99/><G116/><T5/><D59/><U89/><E131/><N who="2" m="50187" /><F106/><W29/><G115/><N who="0" m="44043" /><D44/><U86/><E61/><V51/><F112/><W104/><G124/><T78/><D78/><U128/><E128/><V55/><F70/><W26/><G96/><T4/><D4/><U42/><E47/><N who="2" m="27775" /><F91/><W97/><G97/><T0/><AGARI ba="2,0" hai="0,5,11,25,28,33,48,49,50,125,127" m="44043" machi="0" ten="40,1500,0" yaku="15,1" doraHai="74" who="0" fromWho="0" sc="256,21,256,-9,215,-6,273,-6" />
</Scene>
<Scene>
<INIT seed="6,0,0,1,3,124" ten="277,247,209,267" oya="2" hai0="16,129,38,64,49,125,54,55,42,53,2,22,95" hai1="31,113,103,44,83,35,36,12,68,115,89,106,98" hai2="81,118,15,86,117,66,101,127,45,58,0,74,69" hai3="11,75,72,6,51,28,57,105,131,61,29,27,93"/><V30/><F0/><W84/><G105/><T116/><D129/><U70/><E12/><V73/><F69/><W34/><G29/><T50/><D125/><U43/><E31/><V1/><F1/><W21/><G131/><T3/><D116/><U32/><E89/><V41/><F127/><W10/><G10/><T99/><D38/><U122/><E83/><V112/><F112/><N who="1" m="43081" /><E122/><V40/><F30/><W96/><G51/><T18/><D64/><U46/><E44/><V97/><F15/><N who="3" m="5623" /><G84/><T9/><D3/><U52/><E52/><V59/><F66/><N who="3" m="39215" /><G34/><AGARI ba="0,0" hai="32,34,35,36,43,46,68,70,98,103,106" m="43081" machi="34" ten="30,2000,0" yaku="15,1,23,1" doraHai="124" who="1" fromWho="3" sc="277,0,247,20,209,0,267,-20" />
</Scene>
<Scene>
<INIT seed="7,0,0,4,0,62" ten="277,267,209,247" oya="3" hai0="99,115,121,23,89,4,56,15,113,28,107,29,2" hai1="97,109,61,106,39,27,87,104,68,59,60,126,72" hai2="36,20,17,37,76,133,129,91,84,44,11,102,93" hai3="130,34,80,54,1,75,92,58,117,0,108,10,22"/><W94/><G117/><T57/><D2/><U12/><E39/><V71/><F71/><W127/><G34/><T63/><D57/><U32/><E72/><V100/><F133/><W112/><G22/><T66/><D121/><U47/><E47/><V48/><F129/><W42/><G42/><T35/><D35/><U30/><E104/><V103/><F76/><W70/><G70/><T101/><D89/><U25/><E25/><V18/><F11/><W125/><G130/><T132/><D132/><U131/><E12/><V3/><F3/><N who="3" m="1099" /><G10/><N who="0" m="4551" /><D23/><U41/><E131/><V78/><F78/><N who="3" m="44127" /><G112/><AGARI ba="0,0" hai="28,29,56,63,66,99,101,107,112,113,115" m="4551" machi="112" ten="30,3900,0" yaku="15,1,11,1,52,1" doraHai="62" who="0" fromWho="3" sc="277,39,267,0,209,0,247,-39" owari="316,41.0,267,7.0,209,-19.0,208,-29.0" />
</Scene>
</mjloggm>