<mjloggm ver="2.3"><GO type="169" lobby="0"/><UN n0="%E5%A4%AA%E3%81%8F%E3%81%AA%E3%81%84%E3%81%8A" n1="%E3%81%93%E3%81%98%E3%81%BE%E3%82%82%E3%82%93" n2="%E4%B8%83%EF%BD%80%E3%83%BB%CF%89%E3%83%BB%29%E3%83%8E%EF%BC%81" n3="%45%74%65%72%6E%61%6C%44" dan="18,16,16,16" rate="2201.61,2102.49,2157.91,2018.57" sx="F,M,M,M"/><TAIKYOKU oya="0"/>

<Scene>
<INIT seed="0,0,0,5,2,117" ten="250,250,250,250" oya="0" hai0="105,135,120,35,59,58,52,72,109,6,14,34,83" hai1="0,122,40,5,17,126,65,103,101,124,115,47,62" hai2="28,13,110,61,76,63,121,132,128,20,19,81,86" hai3="60,70,16,75,57,11,85,46,78,23,93,51,27"/><T77/><D105/><U131/><E131/><V88/><F110/><W71/><G75/><T127/><D127/><N who="1" m="48683" /><E115/><V84/><F128/><W2/><G2/><T7/><D135/><U32/><E32/><V33/><F132/><W43/><G11/><T87/><D109/><U8/><E17/><V31/><F121/><W45/><G45/><T21/><D72/><U30/><E30/><V25/><REACH who="2" step="1"/><F31/><REACH who="2" ten="250,250,240,250" step="2"/><W42/><G42/><T98/><D120/><U26/><E122/><V116/><F116/><W118/><G118/><T12/><D35/><U36/><E26/><V119/><F119/><W99/><G85/><T82/><D34/><U55/><E55/><V9/><F9/><W123/><G123/><T54/><D87/><U38/><E38/><V129/><F129/><W102/><REACH who="3" step="1"/><G78/><REACH who="3" ten="250,250,240,240" step="2"/><T44/><D77/><U3/><E3/><V68/><F68/><AGARI ba="0,2" hai="0,5,8,36,40,47,62,65,68,101,103" m="48683" machi="68" ten="30,1000,0" yaku="18,1" doraHai="117" who="1" fromWho="2" sc="250,0,250,30,240,-10,240,0" />
</Scene>
<Scene>
<INIT seed="1,0,0,3,3,106" ten="250,280,230,240" oya="1" hai0="67,24,102,30,13,127,125,109,64,40,35,99,68" hai1="72,49,111,56,19,87,42,80,16,121,71,110,47" hai2="135,65,31,53,94,70,34,8,66,29,73,59,91" hai3="18,76,79,20,33,54,3,126,112,45,124,105,133"/><U36/><E71/><V0/><F135/><W12/><G133/><T116/><D116/><U101/><E101/><V7/><F70/><W48/><G112/><T129/><D109/><N who="1" m="41483" /><E121/><V114/><F114/><W134/><G134/><T1/><D1/><U86/><E72/><V43/><F43/><W83/><G105/><N who="0" m="63711" /><D129/><U37/><E86/><V9/><F73/><W97/><G97/><T10/><D40/><U74/><E74/><V128/><F128/><W26/><G3/><T27/><D27/><U77/><E56/><V46/><F46/><W14/><G79/><T88/><D88/><U44/><E44/><V95/><F95/><W2/><G2/><T15/><D15/><U82/><E80/><V41/><F41/><W63/><G63/><N who="0" m="39967" /><D67/><U11/><E11/><V131/><F8/><W22/><G33/><T122/><D122/><U51/><E51/><V81/><F131/><W96/><G96/><T57/><D57/><U123/><E123/><V21/><F65/><W84/><REACH who="3" step="1"/><G22/><REACH who="3" ten="250,280,230,230" step="2"/><T23/><D23/><U120/><E120/><V38/><F21/><W108/><G108/><T69/><D69/><U39/><AGARI ba="0,1" hai="16,19,36,37,39,42,47,49,77,82,87" m="41483" machi="39" ten="40,7800,0" yaku="14,1,10,1,54,1" doraHai="106" who="1" fromWho="1" sc="250,-26,280,88,230,-26,230,-26" />
</Scene>
<Scene>
<INIT seed="1,1,0,2,2,35" ten="224,368,204,204" oya="1" hai0="107,50,117,114,103,39,3,59,63,33,121,75,101" hai1="91,25,55,13,51,125,2,66,52,69,108,43,44" hai2="122,109,119,99,58,37,96,93,23,7,71,82,47" hai3="42,9,34,94,38,8,116,53,132,48,28,124,88"/><U135/><E2/><V26/><F119/><W134/><G116/><T126/><RYUUKYOKU type="yao9" ba="1,0" sc="224,0,368,0,204,0,204,0" hai0="3,33,39,50,59,63,75,101,103,107,114,117,121,126" />
</Scene>
<Scene>
<INIT seed="1,2,0,2,1,126" ten="224,368,204,204" oya="1" hai0="14,5,28,20,78,54,25,22,35,86,36,66,4" hai1="76,124,101,64,47,105,71,61,51,95,52,43,94" hai2="26,62,87,117,92,50,119,55,96,113,60,42,8" hai3="75,70,111,57,73,15,118,41,39,97,90,120,40"/><U84/><E124/><V30/><F113/><W135/><G70/><T107/><D107/><U130/><E105/><V1/><F87/><W19/><G120/><T68/><D36/><U65/><E65/><V79/><F79/><W121/><G121/><T23/><D54/><U98/><E76/><V38/><F38/><W89/><G118/><T32/><D86/><U132/><E132/><V24/><F42/><W13/><G135/><T102/><D102/><U114/><E114/><V131/><F8/><W27/><G57/><T67/><D78/><U49/><E84/><V53/><F1/><W16/><G39/><T11/><D68/><U21/><E21/><N who="0" m="8297" /><D67/><U128/><REACH who="1" step="1"/><E94/><REACH who="1" ten="224,358,204,204" step="2"/><V115/><F115/><W99/><REACH who="3" step="1"/><G27/><REACH who="3" ten="224,358,204,194" step="2"/><T100/><D66/><U108/><E108/><AGARI ba="2,2" hai="13,15,16,19,40,41,73,75,89,90,97,99,108,111" machi="108" ten="25,12000,2" yaku="1,1,2,1,22,2,54,1,53,2" doraHai="126" doraHaiUra="85" who="3" fromWho="1" sc="224,0,358,-126,204,0,194,146" />
</Scene>
<Scene>
<INIT seed="2,0,0,4,0,5" ten="224,232,204,340" oya="2" hai0="107,48,131,90,81,101,61,37,129,91,33,14,87" hai1="49,36,64,67,15,8,42,22,112,43,1,114,55" hai2="121,75,130,2,56,111,97,59,51,117,38,110,34" hai3="53,120,21,57,23,26,72,103,109,25,73,71,3"/><V128/><F117/><W83/><G120/><T44/><D33/><U100/><E100/><V98/><F121/><W7/><G71/><T82/><D37/><U69/><E1/><V52/><F34/><W32/><G103/><T29/><D29/><U105/><E105/><V123/><F123/><W108/><G32/><T30/><D30/><U62/><E22/><N who="3" m="8202" /><G7/><T126/><D61/><U58/><E67/><V96/><F38/><W70/><G3/><T10/><D126/><U28/><E28/><V63/><F75/><N who="3" m="28747" /><G83/><T11/><D101/><U31/><E31/><V6/><F6/><W24/><G70/><T35/><D107/><U124/><E124/><V47/><F2/><W93/><G93/><T122/><D35/><U9/><E43/><N who="2" m="25087" /><F59/><W119/><G119/><T135/><D122/><U50/><E50/><V60/><F60/><W17/><G53/><T125/><D125/><U99/><E99/><V127/><F127/><W86/><G57/><T80/><D48/><U88/><E88/><V19/><F19/><W20/><G86/><T0/><D87/><U40/><E40/><V16/><F16/><W92/><G92/><T113/><D0/><U133/><E15/><V115/><F115/><W104/><G104/><T77/><D113/><U54/><E54/><V41/><F41/><W132/><G17/><T74/><D90/><U18/><E18/><V76/><F76/><W4/><N who="3" m="8210" /><W118/><DORA hai="68" /><G118/><T116/><D116/><U106/><E106/><V102/><F102/><W95/><G95/><T65/><D77/><U89/><E112/><V12/><F12/><RYUUKYOKU ba="0,0" sc="224,-10,232,-10,204,30,340,-10" hai2="52,56,63,96,97,98,110,111,128,130" />
</Scene>
<Scene>
<INIT seed="2,1,0,2,2,86" ten="214,222,234,330" oya="2" hai0="37,31,12,84,19,69,102,133,33,26,16,5,91" hai1="30,78,72,57,3,99,29,18,111,47,130,14,113" hai2="97,116,109,98,1,36,87,112,63,21,127,17,106" hai3="129,46,48,58,82,4,27,20,9,77,81,107,62"/><V38/><F112/><W53/><G107/><T103/><D37/><U55/><E113/><V7/><F116/><W24/><G129/><T90/><D69/><U56/><E3/><V123/><F123/><W54/><G82/><T79/><D133/><U114/><E114/><V11/><F127/><W120/><G120/><T13/><D5/><U49/><E130/><V117/><F117/><W85/><REACH who="3" step="1"/><G20/><REACH who="3" ten="214,222,234,320" step="2"/><T34/><D79/><U32/><E78/><V42/><F106/><W92/><G92/><T70/><D33/><U59/><E32/><V110/><F110/><W60/><G60/><T67/><D34/><U25/><E111/><V76/><F63/><W122/><G122/><T65/><D70/><U41/><E72/><V50/><F109/><W80/><G80/><T131/><D131/><U105/><E105/><V83/><F38/><W15/><AGARI ba="1,1" hai="4,9,15,24,27,46,48,53,54,58,62,77,81,85" machi="15" ten="20,5200,0" yaku="1,1,0,1,7,1,8,1,53,0" doraHai="86" doraHaiUra="94" who="3" fromWho="3" sc="214,-14,222,-14,234,-27,320,65" />
</Scene>
<Scene>
<INIT seed="3,0,0,0,0,57" ten="200,208,207,385" oya="3" hai0="71,77,43,18,112,115,92,101,29,75,21,5,26" hai1="6,4,61,87,15,131,117,19,70,39,78,79,98" hai2="121,124,99,84,47,44,1,46,63,119,88,2,14" hai3="48,17,129,41,49,127,107,52,80,130,65,105,53"/><W50/><G127/><T20/><D71/><U16/><E39/><V28/><F119/><W62/><G41/><T89/><D101/><U96/><E117/><V22/><F124/><W83/><G17/><T23/><D5/><U64/><E131/><N who="3" m="50186" /><G83/><N who="0" m="45503" /><D43/><U94/><E19/><V37/><F121/><W40/><G40/><T126/><D18/><U42/><E42/><V103/><F37/><W3/><G3/><T95/><D126/><U109/><E109/><V8/><F1/><W9/><G9/><T51/><D51/><U106/><E106/><N who="3" m="40458" /><G80/><T66/><D66/><U36/><E36/><V111/><F2/><W32/><G32/><N who="0" m="20535" /><D89/><N who="1" m="53567" /><E70/><AGARI ba="0,0" hai="48,49,50,52,53,62,65,70" m="40458,50186" machi="70" ten="40,7700,0" yaku="19,1,52,1,54,1" doraHai="57" who="3" fromWho="1" sc="200,0,208,-77,207,0,385,77" />
</Scene>
<Scene>
<INIT seed="3,1,0,1,0,69" ten="200,131,207,462" oya="3" hai0="127,65,124,89,9,17,71,53,96,118,81,16,37" hai1="86,117,55,56,115,28,35,108,59,14,46,85,7" hai2="84,34,82,3,36,27,10,131,20,33,102,57,111" hai3="121,2,101,110,120,78,72,112,100,130,125,24,23"/><W12/><G2/><T1/><D118/><U66/><E115/><V47/><F111/><W104/><G112/><T8/><D53/><U63/><E108/><V67/><F131/><W21/><G110/><T122/><D122/><U70/><E117/><V29/><F102/><W133/><G130/><T58/><D71/><U44/><E28/><V0/><F67/><W95/><G104/><T113/><D113/><U75/><E35/><V18/><F57/><W4/><G133/><T119/><D119/><U62/><E75/><V60/><F60/><W91/><G78/><T103/><D65/><U43/><E70/><V99/><F99/><W76/><G125/><N who="0" m="48203" /><D58/><U79/><E79/><V106/><F106/><W48/><G48/><T80/><D37/><U90/><E90/><V97/><F97/><W128/><G128/><T116/><D116/><U123/><E123/><V41/><F10/><N who="0" m="4202" /><D1/><U126/><E126/><V38/><F38/><W51/><G51/><T45/><D45/><U13/><E43/><V77/><REACH who="2" step="1"/><F34/><REACH who="2" ten="200,131,197,462" step="2"/><W50/><G121/><T107/><D107/><U6/><E66/><V92/><F92/><W83/><G95/><N who="0" m="56431" /><D103/><U93/><E93/><V105/><F105/><W88/><G101/><T54/><D81/><U26/><E63/><V87/><F87/><W31/><G100/><T134/><D80/><U52/><E62/><V11/><F11/><N who="3" m="4199" /><G120/><T25/><D134/><U114/><E114/><V94/><F94/><W22/><G50/><T129/><D129/><U15/><E85/><V42/><F42/><W98/><G98/><T49/><D49/><U109/><E109/><RYUUKYOKU ba="1,1" sc="200,-15,131,-15,197,15,462,15" hai2="0,3,18,20,27,29,33,36,41,47,77,82,84" hai3="21,22,23,24,31,72,76,83,88,91" />
</Scene>
<Scene>
<INIT seed="3,2,1,4,4,4" ten="185,116,212,477" oya="3" hai0="115,128,100,36,102,32,7,24,118,58,70,122,116" hai1="98,30,127,39,66,63,51,61,47,108,46,28,110" hai2="23,97,37,48,54,27,1,86,41,71,131,45,16" hai3="101,81,8,3,20,121,90,82,44,105,9,21,6"/><W124/><G121/><T117/><D70/><U40/><E98/><V65/><F131/><W111/><G124/><T123/><D36/><U59/><E28/><V52/><F97/><W135/><G135/><T103/><D128/><U133/><E30/><V25/><F1/><W96/><G111/><T126/><D126/><U134/><E63/><N who="2" m="40383" /><F54/><W17/><G44/><T77/><D77/><U11/><E11/><V74/><F74/><W113/><G113/><T132/><D132/><N who="1" m="50795" /><E127/><V14/><F86/><W120/><G120/><T26/><D115/><U88/><E88/><V79/><F79/><W95/><G9/><T50/><D7/><U104/><E104/><V107/><F107/><W5/><G5/><T75/><D75/><U18/><E18/><V68/><F68/><W92/><G105/><T0/><D0/><U85/><E85/><V12/><F12/><W64/><G64/><T43/><D32/><U72/><E72/><V57/><AGARI ba="2,1" hai="14,16,23,25,27,37,41,45,48,52,57" m="40383" machi="57" ten="30,4000,0" yaku="24,1,54,2" doraHai="4" who="2" fromWho="2" sc="185,-12,116,-12,212,56,477,-22" />
</Scene>
<Scene>
<INIT seed="4,0,0,1,5,2" ten="173,104,268,455" oya="0" hai0="89,44,71,135,50,13,126,31,64,67,3,99,9" hai1="30,49,16,87,1,40,98,7,65,20,78,19,130" hai2="63,18,72,113,46,22,59,85,8,93,45,108,81" hai3="25,6,62,69,91,118,42,124,57,52,68,80,58"/><T132/><D3/><U110/><E110/><V100/><F72/><W120/><G118/><T127/><D31/><U134/><E130/><V103/><F113/><W90/><G124/><N who="0" m="47659" /><D99/><U11/><E65/><N who="0" m="25161" /><D89/><U24/><E134/><N who="0" m="51241" /><D13/><N who="1" m="5375" /><E98/><V121/><F108/><W27/><G80/><T53/><D9/><U0/><E0/><V109/><F8/><W36/><G6/><T104/><D104/><U125/><E1/><V77/><F109/><W51/><G91/><T76/><D76/><U117/><E117/><V82/><F82/><W60/><G90/><T66/><D66/><U73/><E73/><V10/><F10/><W61/><G27/><T84/><D84/><U33/><E33/><V131/><F100/><W38/><G25/><T29/><D29/><U123/><E125/><V17/><F93/><W83/><G83/><T47/><D71/><U111/><E111/><V37/><F103/><W48/><G69/><T107/><D107/><U34/><E34/><V128/><F77/><W115/><G68/><T74/><D74/><U86/><E78/><V54/><F85/><N who="1" m="32265" /><E123/><V56/><F121/><W39/><G120/><T5/><D5/><U133/><E133/><V70/><F70/><W97/><G97/><T92/><D92/><U116/><E116/><V105/><F105/><W129/><G115/><T23/><D23/><U94/><E94/><V102/><F22/><W14/><G14/><T41/><D41/><U15/><E15/><V26/><F81/><W35/><G35/><T28/><D28/><U21/><E21/><V55/><F102/><W32/><G32/><T106/><D106/><RYUUKYOKU ba="0,0" sc="173,15,104,15,268,-15,455,-15" hai0="44,47,50,53" hai1="16,19,20,24,30,40,49" />
</Scene>
<Scene>
<INIT seed="4,1,0,3,3,75" ten="188,119,253,440" oya="0" hai0="108,54,28,41,61,77,68,7,23,120,82,65,45" hai1="126,63,0,40,43,19,12,29,81,25,17,123,58" hai2="93,74,46,64,35,109,11,83,111,103,94,71,38" hai3="128,125,6,134,101,70,34,121,124,96,97,66,10"/><T44/><D120/><U31/><E0/><V4/><F35/><W47/><G121/><T49/><D108/><U42/><E123/><V100/><F64/><W85/><G34/><T90/><D7/><U107/><E107/><V62/><F62/><N who="3" m="40279" /><G47/><T76/><D90/><U91/><E126/><N who="3" m="48746" /><G128/><T135/><D135/><U132/><E132/><V122/><F94/><W117/><G117/><T110/><D110/><U78/><E91/><V67/><F67/><W72/><G72/><T118/><D118/><U98/><E98/><V51/><F71/><W26/><G26/><T48/><REACH who="0" step="1"/><D82/><REACH who="0" ten="178,119,253,440" step="2"/><U18/><E12/><V30/><F122/><W115/><G134/><T133/><D133/><U60/><E25/><AGARI ba="1,1" hai="23,25,28,41,44,45,48,49,54,61,65,68,76,77" machi="25" ten="40,12000,1" yaku="1,1,52,2,53,1" doraHai="75" doraHaiUra="56" who="0" fromWho="1" sc="178,133,119,-123,253,0,440,0" owari="311,11.0,-4,-50.0,253,-15.0,440,54.0" />
</Scene>
</mjloggm>