<mjloggm ver="2.3"><GO type="169" lobby="0"/><UN n0="%E3%83%81%E3%83%A7%E3%82%B3%E3%83%AD%E3%83%9C%E3%82%AF%E3%83%B3" n1="%E5%A4%AA%E3%81%8F%E3%81%AA%E3%81%84%E3%81%8A" n2="%E7%9C%9F%E5%86%AC%E3%81%AE%E5%90%91%E6%97%A5%E8%91%B5" n3="%E3%82%A2%E3%83%95%E3%83%AA%E3%82%AB" dan="16,18,17,16" rate="2055.94,2244.63,2124.52,2087.19" sx="M,F,M,M"/><TAIKYOKU oya="0"/>

<Scene>
<INIT seed="0,0,0,5,0,104" ten="250,250,250,250" oya="0" hai0="50,69,58,41,9,90,67,102,29,109,23,63,113" hai1="134,60,46,91,52,57,83,110,5,84,7,54,3" hai2="103,75,73,27,130,74,40,89,49,28,33,13,135" hai3="132,8,64,105,14,126,25,48,26,99,66,125,115"/><T108/><D113/><U19/><E110/><N who="0" m="42601" /><D102/><U36/><E134/><V4/><F103/><N who="3" m="62719" /><G115/><T127/><D127/><N who="3" m="48649" /><G132/><T100/><D100/><U123/><E123/><V68/><F135/><W111/><G111/><T39/><D90/><U87/><E3/><V106/><F106/><W62/><G48/><T12/><D29/><U18/><E36/><V98/><F68/><N who="3" m="42007" /><G66/><T10/><D39/><U11/><E84/><V1/><F1/><W118/><G118/><T61/><D23/><U21/><E11/><V71/><F71/><W112/><G112/><T43/><D50/><N who="1" m="28759" /><E19/><AGARI ba="0,0" hai="8,14,19,25,26" m="42007,48649,62719" machi="19" ten="30,1000,0" yaku="18,1" doraHai="104" who="3" fromWho="1" sc="250,0,250,-10,250,0,250,10" />
</Scene>
<Scene>
<INIT seed="1,0,0,5,1,78" ten="250,240,250,260" oya="1" hai0="51,19,129,122,90,132,96,127,97,55,119,6,45" hai1="20,120,128,101,99,118,74,22,54,91,64,0,31" hai2="102,124,10,14,57,113,65,23,126,7,103,105,29" hai3="111,109,32,106,70,44,33,40,86,43,115,27,46"/><U37/><E118/><V13/><F113/><W58/><G115/><T66/><D119/><U25/><E120/><V60/><F105/><W9/><G106/><T79/><D127/><N who="2" m="48682" /><F29/><W112/><G112/><T56/><D129/><U131/><E0/><V75/><F75/><W88/><G70/><T63/><D132/><U36/><E74/><V94/><F94/><W12/><G58/><T41/><D6/><U39/><E64/><V67/><F67/><W121/><G121/><T85/><D79/><U135/><E135/><V104/><F104/><W123/><G123/><T68/><D19/><AGARI ba="0,0" hai="7,10,13,14,19,23,57,60,65,102,103" m="48682" machi="19" ten="30,1000,0" yaku="18,1" doraHai="78" who="2" fromWho="0" sc="250,-10,240,0,250,10,260,0" />
</Scene>
<Scene>
<INIT seed="2,0,0,0,1,67" ten="240,240,260,260" oya="2" hai0="90,54,76,68,123,102,43,48,75,27,83,126,8" hai1="15,0,101,132,22,6,5,19,77,47,82,117,128" hai2="111,98,49,57,31,131,93,41,108,78,9,45,40" hai3="30,61,110,79,70,55,17,116,42,2,50,52,74"/><V62/><F131/><W24/><G116/><T69/><D123/><U97/><E117/><V125/><F125/><W129/><G129/><T33/><D126/><U135/><E128/><V109/><F78/><W56/><G2/><T91/><D43/><U118/><E47/><V115/><F115/><W59/><G110/><T34/><D102/><U107/><E118/><V20/><F41/><W21/><G42/><T4/><D34/><U104/><E104/><V84/><F84/><W99/><G99/><T121/><D121/><U127/><E127/><V37/><F9/><W65/><G79/><T18/><D18/><U119/><E119/><V38/><F20/><W94/><G94/><T44/><D27/><U96/><E96/><V32/><F31/><W23/><G74/><T1/><REACH who="0" step="1"/><D33/><REACH who="0" ten="230,240,260,260" step="2"/><U100/><E100/><N who="2" m="60495" /><F32/><W87/><G23/><T112/><D112/><U10/><REACH who="1" step="1"/><E6/><REACH who="1" ten="230,230,260,260" step="2"/><V88/><F109/><W58/><G30/><T35/><D35/><U16/><E16/><V36/><F108/><W95/><G17/><T73/><D73/><AGARI ba="0,2" hai="0,5,10,15,19,22,73,77,82,97,101,107,132,135" machi="73" ten="40,1300,0" yaku="1,1,53,0" doraHai="67" doraHaiUra="85" who="1" fromWho="0" sc="230,-13,230,33,260,0,260,0" />
</Scene>
<Scene>
<INIT seed="3,0,0,0,3,45" ten="217,263,260,260" oya="3" hai0="9,106,21,62,83,103,20,53,56,113,79,121,114" hai1="16,131,129,124,65,80,134,112,132,118,50,104,117" hai2="42,127,55,122,30,87,13,15,102,123,40,109,116" hai3="59,85,78,4,88,99,82,101,47,71,33,34,93"/><W25/><G71/><T44/><D121/><N who="2" m="46090" /><F116/><N who="1" m="44649" /><E104/><V63/><F109/><W6/><G59/><T67/><D106/><U64/><E112/><N who="0" m="43113" /><D103/><U1/><E1/><V60/><F127/><W49/><G101/><T52/><D9/><U10/><E80/><V90/><F102/><W2/><G2/><T22/><D44/><U70/><E124/><V29/><F13/><W76/><G76/><T107/><D107/><U108/><E108/><V100/><F15/><W57/><G57/><T81/><D81/><U5/><E16/><V75/><F75/><AGARI ba="0,0" hai="20,21,22,52,53,56,62,67,75,79,83" m="43113" machi="75" ten="30,2000,0" yaku="11,1,54,1" doraHai="45" who="0" fromWho="2" sc="217,20,263,0,260,-20,260,0" />
</Scene>
<Scene>
<INIT seed="4,0,0,3,0,100" ten="237,263,240,260" oya="0" hai0="66,130,108,132,107,24,20,123,110,48,6,86,19" hai1="18,16,67,68,98,127,114,134,39,74,77,116,46" hai2="28,42,126,56,81,105,119,75,89,63,93,80,85" hai3="111,96,10,34,65,69,94,40,104,50,90,17,31"/><T120/><D66/><U52/><E116/><V70/><F70/><W12/><G111/><N who="0" m="42539" /><D130/><U37/><E127/><V125/><F119/><W13/><G69/><T22/><D86/><U84/><E74/><V118/><F118/><W15/><G65/><T115/><D6/><U64/><E134/><V106/><F42/><W101/><G34/><T82/><D82/><N who="2" m="31850" /><F28/><W4/><G31/><N who="0" m="17799" /><D132/><U25/><E84/><V117/><F75/><W32/><G32/><T21/><D48/><U87/><E87/><V60/><F117/><W122/><G122/><N who="0" m="46635" /><D107/><N who="2" m="40970" /><F56/><W129/><G129/><T78/><D78/><U8/><E77/><V58/><F58/><W44/><G4/><T103/><D103/><U30/><E68/><V79/><F79/><W53/><G40/><T2/><D2/><U99/><E64/><V124/><AGARI ba="0,0" hai="60,63,85,89,93,124,125,126" m="40970,31850" machi="124" ten="40,8000,1" yaku="18,1,52,3" doraHai="100" who="2" fromWho="2" sc="237,-40,263,-20,240,80,260,-20" />
</Scene>
<Scene>
<INIT seed="5,0,0,0,0,20" ten="197,243,320,240" oya="1" hai0="104,50,9,34,101,2,134,68,123,4,117,129,72" hai1="17,48,122,69,80,32,132,6,30,98,37,28,14" hai2="94,67,21,15,93,42,40,24,45,81,63,57,10" hai3="78,127,41,97,58,47,106,22,52,111,79,100,84"/><U65/><E37/><V1/><F1/><W35/><G35/><T131/><RYUUKYOKU type="yao9" ba="0,0" sc="197,0,243,0,320,0,240,0" hai0="2,4,9,34,50,68,72,101,104,117,123,129,131,134" />
</Scene>
<Scene>
<INIT seed="5,1,0,1,5,34" ten="197,243,320,240" oya="1" hai0="93,71,27,56,83,67,96,8,125,74,37,75,91" hai1="121,106,85,68,134,87,25,118,132,53,69,99,43" hai2="102,57,21,19,80,58,123,29,18,31,129,95,55" hai3="41,104,65,59,89,117,90,62,63,124,61,14,2"/><U11/><E118/><V92/><F123/><W135/><G104/><T28/><D37/><U44/><E121/><V13/><F129/><W17/><G117/><T131/><D131/><U81/><E53/><V127/><F127/><W82/><G124/><T101/><D125/><U120/><E120/><V111/><F111/><W3/><G41/><T128/><D128/><U73/><E73/><V46/><F46/><W105/><G105/><T5/><D71/><U48/><E25/><V114/><F114/><W60/><G135/><N who="1" m="51754" /><E11/><V20/><F80/><W4/><G4/><T30/><D30/><U119/><E119/><V1/><F1/><W49/><G49/><T64/><D64/><U36/><E36/><V16/><F13/><W42/><G42/><T39/><D39/><U103/><E87/><V112/><F112/><W100/><G100/><T116/><D116/><U72/><E72/><V7/><F7/><W9/><REACH who="3" step="1"/><G82/><REACH who="3" ten="197,243,320,230" step="2"/><T130/><D130/><U88/><AGARI ba="1,1" hai="43,44,48,68,69,81,85,88,99,103,106" m="51754" machi="88" ten="30,3000,0" yaku="20,1,54,1" doraHai="34" who="1" fromWho="1" sc="197,-11,243,43,320,-11,230,-11" />
</Scene>
<Scene>
<INIT seed="5,2,0,2,1,109" ten="186,286,309,219" oya="1" hai0="111,10,53,110,90,14,41,67,47,130,116,7,66" hai1="129,28,16,29,35,38,9,88,100,60,80,102,48" hai2="112,76,62,49,5,83,107,34,97,26,72,101,65" hai3="6,15,57,18,108,91,104,33,99,24,22,93,37"/><U131/><E38/><V127/><F49/><W117/><G108/><T21/><D116/><U58/><E48/><V63/><F63/><W1/><G37/><T125/><D125/><U68/><E68/><N who="2" m="42039" /><F5/><W19/><G117/><T42/><D130/><N who="1" m="49675" /><E35/><V8/><F8/><N who="3" m="4503" /><G104/><T79/><D79/><U95/><E80/><V25/><F25/><W12/><G1/><T0/><D0/><U20/><E9/><V46/><F46/><W13/><G33/><T120/><D120/><U64/><E29/><N who="2" m="19767" /><F127/><W134/><G134/><T77/><D110/><U32/><E28/><V85/><F85/><W103/><G57/><T3/><D111/><U55/><E32/><V31/><F31/><W124/><G124/><T113/><D3/><U123/><E64/><V114/><AGARI ba="2,0" hai="72,76,83,97,101,107,112,114" m="19767,42039" machi="114" ten="30,7900,0" yaku="25,1,23,1,52,2" doraHai="109" who="2" fromWho="2" sc="186,-22,286,-41,309,85,219,-22" />
</Scene>
<Scene>
<INIT seed="6,0,0,4,2,19" ten="164,245,394,197" oya="2" hai0="97,104,35,93,96,32,1,33,113,45,16,66,0" hai1="37,100,68,90,41,55,71,26,92,74,78,77,86" hai2="80,29,27,84,23,43,69,101,21,56,75,7,31" hai3="20,58,57,30,110,17,82,44,46,126,49,39,109"/><V73/><F69/><W79/><G126/><T13/><D113/><U6/><E55/><V12/><F43/><W134/><G30/><T121/><D121/><U59/><E59/><V65/><F101/><W98/><G134/><T85/><D66/><U15/><E26/><N who="2" m="16607" /><F73/><W107/><G46/><T64/><D64/><U9/><E100/><V62/><F75/><W128/><G39/><T40/><D104/><U76/><E74/><V8/><F84/><W52/><G128/><T87/><D87/><U130/><E130/><V108/><F108/><W115/><G115/><T47/><D85/><U28/><E28/><V112/><F112/><W122/><G122/><T25/><D25/><U133/><E133/><V106/><F106/><W125/><G125/><T3/><D47/><U117/><E41/><V72/><F72/><W95/><G107/><T81/><D81/><AGARI ba="0,0" hai="7,8,12,21,27,31,56,62,65,80,81" m="16607" machi="81" ten="30,5800,0" yaku="8,1,52,2" doraHai="19" who="2" fromWho="0" sc="164,-58,245,0,394,58,197,0" />
</Scene>
<Scene>
<INIT seed="6,1,0,3,0,123" ten="106,245,452,197" oya="2" hai0="12,134,66,15,43,52,83,76,62,85,9,90,11" hai1="34,82,104,46,133,96,24,94,107,16,81,44,71" hai2="17,61,124,86,92,64,7,21,6,105,127,122,97" hai3="128,23,25,106,120,89,41,13,3,126,47,119,113"/><V135/><F122/><W131/><G3/><T73/><D134/><U14/><E71/><N who="2" m="42383" /><F86/><W68/><G68/><T132/><D132/><U19/><E133/><V108/><F105/><W91/><G106/><T117/><D117/><U48/><E107/><V1/><F1/><W88/><G119/><T74/><D43/><U84/><E104/><V111/><F135/><W10/><G120/><T63/><D66/><U65/><E65/><V5/><F17/><W102/><G102/><T115/><D115/><U101/><E34/><V39/><F21/><W53/><G53/><T114/><D114/><U4/><E24/><V59/><F59/><W56/><G56/><T27/><D27/><U38/><E19/><V75/><F75/><W130/><G113/><T28/><D28/><U60/><E16/><V8/><F8/><W69/><G69/><T51/><D73/><U50/><E84/><V72/><F39/><W100/><G100/><T121/><D121/><U30/><E38/><V18/><F18/><N who="3" m="8503" /><G23/><T45/><D11/><N who="1" m="4455" /><E30/><V98/><F72/><W54/><G25/><T109/><D15/><U35/><E35/><V118/><F118/><W40/><G54/><T2/><D2/><U93/><E101/><N who="2" m="60583" /><F98/><W49/><G41/><T95/><D12/><U103/><E96/><V26/><F26/><W32/><G32/><T80/><D9/><U31/><E103/><V78/><F78/><W20/><G20/><T129/><D76/><U77/><E77/><V116/><F116/><W79/><G79/><T0/><D0/><U36/><E36/><V125/><AGARI ba="1,0" hai="5,6,7,108,111,124,125,127" m="60583,42383" machi="125" ten="40,7800,0" yaku="18,1,52,2" doraHai="123" who="2" fromWho="2" sc="106,-27,245,-27,452,81,197,-27" />
</Scene>
<Scene>
<INIT seed="6,2,0,1,1,88" ten="79,218,533,170" oya="2" hai0="105,69,55,65,27,108,0,54,93,83,96,17,122" hai1="4,59,74,40,125,47,91,117,115,71,82,103,29" hai2="75,36,7,89,62,95,30,132,114,73,81,127,6" hai3="129,64,31,111,2,70,46,48,78,37,12,107,61"/><V24/><F36/><W21/><G2/><T100/><D108/><U119/><E71/><V19/><F19/><W92/><G107/><T110/><D110/><U135/><E103/><V16/><F114/><W22/><G111/><T20/><D0/><U97/><E115/><V77/><F75/><W34/><G37/><T11/><D122/><U49/><E4/><V112/><F112/><W66/><G66/><T28/><D69/><U32/><E125/><V10/><F132/><W63/><G63/><T50/><D65/><U134/><E59/><V8/><F62/><W84/><G129/><T120/><D120/><U3/><E3/><V1/><F127/><W133/><G133/><N who="1" m="50698" /><E97/><V26/><F30/><W109/><G109/><T102/><D102/><U57/><E57/><V44/><F44/><W99/><G31/><T76/><D105/><U60/><E60/><V121/><F7/><W18/><G34/><T86/><REACH who="0" step="1"/><D50/><REACH who="0" ten="69,218,533,170" step="2"/><U53/><E49/><V87/><REACH who="2" step="1"/><F121/><REACH who="2" ten="69,218,523,170" step="2"/><W56/><G70/><T15/><AGARI ba="2,2" hai="11,15,17,20,27,28,54,55,76,83,86,93,96,100" machi="15" ten="30,12000,2" yaku="1,1,2,1,0,1,8,1,52,1,53,1" doraHai="88" doraHaiUra="25" who="0" fromWho="0" sc="69,146,218,-32,523,-62,170,-32" />
</Scene>
<Scene>
<INIT seed="7,0,0,0,3,10" ten="215,186,461,138" oya="3" hai0="107,42,46,81,92,13,39,93,27,24,54,98,26" hai1="82,123,88,100,48,86,47,74,32,90,44,1,70" hai2="63,50,2,36,29,16,68,15,105,75,76,9,127" hai3="57,64,3,7,14,79,17,96,6,22,129,73,77"/><W49/><G129/><T110/><D110/><U134/><E123/><V33/><F36/><W94/><G3/><T108/><D108/><U40/><E1/><V65/><F105/><W122/><G122/><T4/><D54/><U71/><E32/><V59/><F2/><W130/><G130/><T112/><D112/><U62/><E134/><V99/><F99/><W69/><G69/><T25/><D25/><U8/><E100/><V84/><F75/><W126/><G126/><T104/><D81/><U117/><E117/><V28/><F33/><W72/><G72/><T114/><D114/><U83/><E8/><V132/><F132/><W66/><G73/><T119/><D119/><U95/><E62/><V56/><F127/><W131/><G131/><T113/><D93/><U125/><E125/><V53/><F68/><W61/><G66/><T109/><D113/><U55/><E82/><AGARI ba="0,0" hai="9,15,16,28,29,50,53,56,59,63,65,76,82,84" machi="82" ten="40,5200,0" yaku="8,1,52,1,54,1" doraHai="10" who="2" fromWho="1" sc="215,0,186,-52,461,52,138,0" owari="215,2.0,134,-37.0,513,61.0,138,-26.0" />
</Scene>
</mjloggm>