<mjloggm ver="2.3"><GO type="169" lobby="0"/><UN n0="%53%63%72%61%70%74" n1="%E3%81%BE%E3%81%AA%E3%81%84%E3%81%9F%E3%82%88%E3%81%86%E3%81%98%E3%82%87" n2="%E2%91%A3%E3%82%BB%E3%83%B3%E3%83%81" n3="%E5%A4%AA%E3%81%8F%E3%81%AA%E3%81%84%E3%81%8A" dan="16,16,17,18" rate="2041.32,2140.46,2173.07,2291.66" sx="M,M,M,M"/><TAIKYOKU oya="0"/>

<Scene>
<INIT seed="0,0,0,3,4,109" ten="250,250,250,250" oya="0" hai0="93,45,33,95,75,111,1,128,64,72,70,17,74" hai1="76,135,44,5,92,60,99,115,114,101,106,120,6" hai2="96,127,100,22,81,42,58,130,10,41,124,97,82" hai3="14,62,123,122,29,86,27,49,87,65,57,11,4"/><T25/><D111/><U43/><E120/><N who="3" m="46122" /><G49/><T37/><D1/><U85/><E135/><V48/><F130/><W61/><G61/><T104/><D104/><U24/><E24/><V36/><F36/><W91/><G91/><T8/><D128/><U116/><E116/><V121/><F121/><W28/><G28/><T32/><D8/><U125/><E125/><V21/><F48/><W51/><G51/><T46/><D17/><U103/><E60/><V54/><F10/><W47/><G47/><T131/><D131/><U79/><E103/><V94/><F100/><W126/><G126/><T105/><D105/><U88/><E76/><V3/><F94/><W0/><G0/><T129/><D129/><U9/><E79/><V89/><F89/><W113/><G113/><N who="1" m="43018" /><E9/><V16/><F3/><W133/><G133/><T26/><D75/><U98/><E98/><V107/><F97/><W117/><G117/><T39/><REACH who="0" step="1"/><D64/><REACH who="0" ten="240,250,250,250" step="2"/><U19/><E19/><V83/><F16/><W110/><G110/><T134/><D134/><U80/><E106/><V15/><F107/><W55/><G65/><T73/><D73/><U52/><E52/><V69/><F54/><W112/><G112/><T63/><D63/><U68/><E68/><AGARI ba="0,1" hai="25,26,32,33,37,39,45,46,68,70,72,74,93,95" machi="68" ten="25,4800,0" yaku="1,1,22,2,53,0" doraHai="109" doraHaiUra="13" who="0" fromWho="1" sc="240,58,250,-48,250,0,250,0" />
</Scene>
<Scene>
<INIT seed="0,1,0,0,4,0" ten="298,202,250,250" oya="0" hai0="117,66,118,59,65,62,85,38,75,102,63,82,60" hai1="51,39,76,67,46,16,6,32,89,12,45,125,49" hai2="135,61,37,18,15,4,73,55,27,41,126,19,90" hai3="52,107,9,48,124,88,23,79,103,10,91,134,114"/><T127/><D75/><U110/><E110/><V34/><F73/><W56/><G114/><T21/><D127/><U50/><E125/><V14/><F126/><W97/><G124/><T120/><D120/><U133/><E133/><V74/><F74/><W57/><G134/><T54/><D38/><U42/><E32/><V98/><F135/><W29/><G79/><T123/><D123/><U11/><E76/><V116/><F116/><W69/><G69/><T81/><D102/><U31/><E31/><V93/><F37/><W70/><G70/><T95/><D95/><U104/><E104/><V105/><F41/><W101/><G101/><T22/><D62/><U83/><E67/><V129/><F129/><W99/><G57/><T44/><D44/><U17/><REACH who="1" step="1"/><E46/><REACH who="1" ten="298,192,250,250" step="2"/><V100/><F34/><W92/><REACH who="3" step="1"/><G91/><REACH who="3" ten="298,192,250,240" step="2"/><T119/><D119/><U7/><E7/><V108/><F4/><W33/><G33/><T68/><D118/><U132/><E132/><V24/><F90/><W96/><G96/><T109/><D117/><U36/><E36/><V28/><F98/><W131/><G131/><T64/><D68/><U35/><E35/><V113/><F100/><W58/><G58/><T53/><D59/><U1/><E1/><V80/><F113/><W86/><G86/><AGARI ba="1,2" hai="6,11,12,16,17,39,42,45,49,50,51,83,86,89" machi="86" ten="40,5200,0" yaku="1,1,52,1,54,1,53,0" doraHai="0" doraHaiUra="30" who="1" fromWho="3" sc="298,0,192,75,250,0,240,-55" />
</Scene>
<Scene>
<INIT seed="1,0,0,0,3,16" ten="298,267,250,185" oya="1" hai0="108,106,54,118,112,101,104,13,32,133,3,126,72" hai1="95,107,57,131,64,17,84,21,15,63,114,74,11" hai2="75,109,20,46,93,100,35,110,96,78,135,80,99" hai3="22,24,45,19,85,36,42,56,33,44,0,98,62"/><U25/><E114/><V73/><F35/><W68/><G0/><T125/><RYUUKYOKU type="yao9" ba="0,0" sc="298,0,267,0,250,0,185,0" hai0="3,13,32,54,72,101,104,106,108,112,118,125,126,133" />
</Scene>
<Scene>
<INIT seed="1,1,0,5,4,109" ten="298,267,250,185" oya="1" hai0="21,49,16,107,69,87,22,78,90,17,7,70,100" hai1="125,134,115,38,126,59,35,102,94,120,63,52,33" hai2="4,18,112,13,114,1,85,116,43,119,31,101,15" hai3="67,72,106,23,40,74,68,133,61,103,53,132,113"/><U98/><E120/><V8/><F43/><W44/><G23/><T76/><D7/><U127/><E134/><N who="3" m="51818" /><G53/><T55/><D70/><U124/><N who="1" m="32256" /><DORA hai="46" /><U104/><E38/><V41/><F41/><W6/><G6/><T79/><D69/><U34/><REACH who="1" step="1"/><E115/><REACH who="1" ten="298,257,250,185" step="2"/><V93/><F114/><W39/><G113/><T131/><D131/><U2/><E2/><V110/><F112/><W135/><G135/><T77/><D77/><U81/><E81/><V118/><F1/><W32/><G32/><T105/><D78/><U95/><AGARI ba="1,1" hai="33,34,35,52,59,63,94,95,98,102,104" m="32256" machi="95" ten="70,12000,1" yaku="1,1,0,1,18,1,54,1,53,0" doraHai="109,46" doraHaiUra="26,10" who="1" fromWho="1" sc="298,-41,257,133,250,-41,185,-41" />
</Scene>
<Scene>
<INIT seed="1,2,0,4,1,127" ten="257,390,209,144" oya="1" hai0="128,52,46,11,94,71,120,29,118,106,67,103,99" hai1="95,83,109,80,50,72,47,93,64,113,60,19,36" hai2="31,40,121,123,96,90,75,122,25,88,44,115,132" hai3="7,39,84,135,6,10,104,30,108,73,81,48,9"/><U24/><E113/><V34/><F115/><W1/><G39/><T4/><D118/><U110/><E36/><V125/><F125/><W2/><G104/><T27/><D120/><U100/><E19/><V45/><F132/><W42/><G135/><T77/><D77/><N who="1" m="44071" /><E83/><V17/><F75/><W21/><G73/><T68/><D67/><U79/><E24/><V3/><F3/><W119/><G119/><T124/><D124/><U112/><E100/><V53/><F17/><W22/><G108/><N who="1" m="41578" /><E79/><V38/><F90/><W8/><G30/><T35/><D106/><U26/><E26/><V131/><F25/><W55/><G42/><T129/><D71/><N who="1" m="42375" /><E112/><V102/><F31/><W37/><G37/><T111/><D68/><U61/><E61/><V101/><F101/><W105/><G105/><T69/><D69/><U20/><E20/><V89/><F34/><W65/><G65/><T54/><D111/><U14/><E14/><V57/><F89/><W76/><REACH who="3" step="1"/><G8/><REACH who="3" ten="257,390,209,134" step="2"/><T43/><D43/><AGARI ba="2,1" hai="43,47,50,93,95" m="42375,41578,44071" machi="43" ten="30,2900,0" yaku="14,1,10,1" doraHai="127" who="1" fromWho="0" sc="257,-35,390,45,209,0,134,0" />
</Scene>
<Scene>
<INIT seed="1,3,0,0,5,9" ten="222,435,209,134" oya="1" hai0="45,121,126,71,38,112,14,19,5,2,35,54,89" hai1="119,73,93,0,24,12,86,96,98,32,118,79,70" hai2="114,13,29,110,106,117,16,30,39,3,51,68,104" hai3="15,18,75,102,108,125,6,92,127,34,21,59,48"/><U58/><E0/><V64/><F39/><W26/><G75/><T81/><D112/><U128/><E70/><V49/><F3/><W91/><G102/><T53/><D71/><U88/><E128/><V129/><F117/><W57/><G108/><T36/><D35/><U8/><E73/><V134/><F110/><W52/><G57/><T33/><D33/><U47/><E58/><V11/><F129/><W17/><G6/><T135/><D135/><U28/><E47/><V97/><F134/><W25/><G34/><T103/><D103/><U27/><E27/><V78/><F78/><W50/><G50/><T66/><D66/><U107/><E107/><V120/><F120/><W109/><G109/><T55/><D126/><N who="3" m="48137" /><G17/><T69/><D69/><U132/><E132/><V116/><F116/><W72/><G72/><T42/><D36/><U22/><E32/><V84/><F114/><W37/><G37/><T1/><D5/><N who="1" m="3087" /><E119/><V56/><F68/><W7/><G7/><T43/><D121/><U67/><E118/><V74/><F74/><W65/><G65/><T44/><D44/><U99/><E67/><V115/><F115/><W80/><G80/><AGARI ba="3,0" hai="22,24,28,79,80,86,88,93,96,98,99" m="3087" machi="80" ten="30,5800,0" yaku="8,1,52,1,54,1" doraHai="9" who="1" fromWho="3" sc="222,0,435,67,209,0,134,-67" />
</Scene>
<Scene>
<INIT seed="1,4,0,0,4,44" ten="222,502,209,67" oya="1" hai0="1,10,111,71,12,117,26,77,36,30,68,79,121" hai1="55,106,54,32,103,126,16,123,31,9,98,88,49" hai2="61,40,113,66,4,99,43,7,50,69,35,19,38" hai3="85,95,83,2,112,120,63,37,127,67,22,75,41"/><U115/><E115/><V82/><F113/><W74/><G112/><T93/><D117/><U23/><E123/><V53/><F35/><W13/><G120/><T28/><D121/><U39/><E39/><V14/><F38/><W56/><G2/><T107/><D107/><U18/><E126/><V105/><F82/><W78/><G127/><T96/><D1/><U81/><E32/><V104/><F40/><W133/><G133/><T110/><D36/><U91/><E31/><V94/><F43/><W125/><G125/><T122/><D122/><U108/><E108/><V101/><F105/><W70/><G70/><T131/><D131/><U25/><E81/><V29/><F104/><W45/><REACH who="3" step="1"/><G95/><REACH who="3" ten="222,502,209,57" step="2"/><T42/><D71/><U5/><E106/><V84/><F29/><W48/><G48/><T130/><D68/><U134/><E49/><V119/><F119/><W8/><G8/><T52/><D10/><U129/><E9/><V97/><F97/><W47/><G47/><T46/><D96/><U80/><E98/><V128/><F128/><W124/><G124/><T109/><D46/><U114/><E134/><V100/><F100/><W0/><G0/><T59/><D30/><U64/><E103/><V57/><REACH who="2" step="1"/><F84/><REACH who="2" ten="222,502,199,57" step="2"/><W86/><G86/><T33/><D28/><N who="1" m="17471" /><E129/><V90/><F90/><W116/><G116/><T89/><D89/><U73/><E88/><V87/><F87/><W76/><G76/><N who="0" m="29259" /><D110/><U135/><E91/><V24/><F24/><W62/><G62/><T6/><D109/><U92/><E114/><V132/><F132/><W15/><G15/><T102/><D111/><RYUUKYOKU ba="4,2" sc="222,-15,502,-15,199,15,57,15" hai2="4,7,14,19,50,53,57,61,66,69,94,99,101" hai3="13,22,37,41,45,56,63,67,74,75,78,83,85" />
</Scene>
<Scene>
<INIT seed="2,5,2,1,0,87" ten="207,487,214,72" oya="2" hai0="73,22,107,71,11,51,102,133,74,15,23,9,27" hai1="67,90,82,1,21,14,69,48,129,122,84,56,61" hai2="135,55,126,80,115,5,59,78,42,112,2,40,44" hai3="20,32,60,37,17,89,93,0,118,131,16,63,52"/><V72/><F126/><W94/><G32/><T3/><D133/><U104/><E1/><V81/><F135/><W119/><G0/><T45/><D71/><U10/><E129/><V31/><F31/><W109/><G37/><T75/><D3/><U39/><E39/><V128/><F128/><W110/><G131/><T7/><D9/><U92/><E104/><V98/><F42/><W24/><G94/><T18/><D23/><U123/><E82/><V36/><F98/><N who="3" m="57647" /><G17/><T19/><D19/><N who="1" m="10487" /><E10/><N who="2" m="2359" /><F81/><W103/><G103/><T96/><REACH who="0" step="1"/><D74/><REACH who="0" ten="197,487,214,72" step="2"/><U57/><E69/><V121/><F121/><W79/><G79/><T105/><D105/><U13/><E123/><V95/><F95/><W116/><G63/><AGARI ba="5,3" hai="36,40,44,55,59,63,72,78,80,112,115" m="2359" machi="63" ten="30,1500,0" yaku="25,1" doraHai="87" who="2" fromWho="3" sc="197,0,487,0,214,60,72,-30" />
</Scene>
<Scene>
<INIT seed="2,6,0,3,1,63" ten="197,487,274,42" oya="2" hai0="120,20,104,42,118,86,92,117,41,88,121,64,90" hai1="25,89,101,19,39,125,13,21,34,110,112,113,47" hai2="57,33,102,85,130,107,67,93,37,6,18,59,109" hai3="69,40,66,83,11,99,128,72,132,119,58,65,80"/><V14/><F37/><W53/><G119/><N who="0" m="45579" /><D20/><U29/><E110/><V15/><F33/><W95/><G69/><T76/><D104/><U2/><E125/><V28/><F28/><W49/><G128/><T124/><D124/><U71/><E101/><V94/><F107/><W68/><G132/><T106/><D106/><U3/><E39/><V74/><F74/><W50/><G68/><T70/><D76/><U52/><E71/><V46/><F46/><N who="3" m="25799" /><G72/><T12/><D12/><U123/><E123/><N who="0" m="47177" /><D90/><U100/><E100/><V38/><F102/><N who="3" m="60799" /><G11/><T22/><D22/><U61/><E2/><V32/><F32/><W108/><G108/><T30/><D30/><U36/><E3/><V73/><F73/><W55/><G55/><T114/><D114/><U24/><E112/><V62/><F109/><W122/><G122/><T134/><D134/><U60/><E113/><V115/><F115/><W126/><G126/><T135/><D135/><U51/><E29/><V10/><F38/><W44/><G44/><T9/><D9/><U105/><E36/><V31/><F31/><W0/><G0/><T116/><D116/><U5/><E105/><V77/><F130/><W56/><G56/><T129/><D129/><U17/><E34/><V87/><F59/><W84/><G83/><T27/><D27/><U81/><E25/><V91/><F77/><AGARI ba="6,0" hai="50,53,58,65,66,77,80,84" m="60799,25799" machi="77" ten="30,3900,0" yaku="8,1,52,2" doraHai="63" who="3" fromWho="2" sc="197,0,487,0,274,-57,42,57" />
</Scene>
<Scene>
<INIT seed="3,0,0,3,2,15" ten="197,487,217,99" oya="3" hai0="101,30,103,116,58,134,68,123,74,52,122,51,95" hai1="12,41,59,11,86,1,91,104,132,37,128,72,22" hai2="21,79,0,115,73,57,60,135,100,96,49,113,117" hai3="80,28,70,87,55,34,9,107,13,54,120,82,89"/><W20/><G120/><T77/><D116/><U105/><E72/><V18/><F117/><W90/><G107/><T53/><D68/><U94/><E1/><V114/><F0/><W112/><G112/><T16/><D30/><U2/><E2/><V46/><F135/><W125/><G70/><T93/><D134/><U85/><E132/><V48/><F79/><W109/><G34/><T50/><D77/><U64/><E128/><V127/><F73/><W40/><G125/><T61/><D74/><U129/><E129/><V14/><F127/><W17/><G40/><T23/><D61/><U67/><E37/><V108/><F108/><W98/><G109/><T102/><D122/><U78/><E41/><V25/><F46/><W66/><G66/><T38/><D38/><U8/><E8/><V19/><F60/><W97/><G28/><T5/><D5/><U99/><E104/><V88/><F57/><W69/><G69/><T47/><D123/><U39/><E59/><V33/><F88/><W118/><G118/><T36/><D36/><U110/><E39/><V35/><F35/><W83/><G9/><T4/><D4/><U131/><E11/><V7/><F7/><W27/><G27/><AGARI ba="0,0" hai="16,23,27,47,50,51,52,53,58,93,95,101,102,103" machi="27" ten="40,8000,1" yaku="8,1,52,1,54,2" doraHai="15" who="0" fromWho="3" sc="197,80,487,0,217,0,99,-80" />
</Scene>
<Scene>
<INIT seed="4,0,0,1,2,35" ten="277,487,217,19" oya="0" hai0="6,106,132,62,129,13,85,120,128,95,99,77,45" hai1="111,2,116,61,1,124,133,36,81,92,53,25,16" hai2="131,66,50,44,42,113,73,79,59,20,135,49,26" hai3="41,103,38,80,3,39,0,71,82,89,37,108,76"/><T14/><D120/><U127/><E111/><V48/><F113/><W24/><G108/><T40/><D106/><U9/><E116/><V22/><F135/><W32/><G71/><T57/><D132/><U19/><E133/><V78/><F131/><N who="0" m="50250" /><D6/><U105/><E105/><V4/><F4/><W126/><G103/><N who="0" m="60927" /><D85/><U72/><E36/><V104/><F104/><W130/><G126/><T68/><D77/><U34/><E72/><V63/><F20/><W97/><G130/><T51/><D68/><U64/><E34/><V12/><F12/><W65/><G65/><AGARI ba="0,0" hai="13,14,40,45,51,57,62,65" m="60927,50250" machi="65" ten="30,1500,0" yaku="19,1" doraHai="35" who="0" fromWho="3" sc="277,15,487,0,217,0,19,-15" />
</Scene>
<Scene>
<INIT seed="4,1,0,2,4,119" ten="292,487,217,4" oya="0" hai0="6,110,32,33,5,20,45,88,12,10,36,57,13" hai1="8,31,105,30,133,17,91,23,70,46,61,56,64" hai2="75,99,40,50,102,21,121,54,55,100,134,44,118" hai3="103,15,51,19,132,3,80,18,59,96,107,24,85"/><T72/><D72/><U9/><E133/><V124/><F118/><W60/><G3/><T28/><D110/><U106/><E70/><V125/><F134/><W79/><G132/><T48/><D36/><U112/><E112/><V87/><F75/><W84/><G51/><T71/><D71/><U66/><E66/><V117/><F117/><W126/><G126/><T82/><D57/><U47/><E105/><V27/><F102/><W116/><G116/><T130/><D130/><U11/><E106/><V129/><F129/><W77/><G24/><T128/><D128/><U94/><E30/><V90/><F121/><W53/><G15/><T122/><D122/><U37/><E31/><V4/><F4/><W89/><G79/><T104/><D104/><U92/><E37/><V113/><F113/><W67/><G67/><T41/><D28/><U68/><E68/><V16/><F99/><W39/><G39/><T7/><D20/><U42/><E42/><V35/><F100/><W111/><G111/><T26/><D26/><N who="1" m="14703" /><E94/><AGARI ba="1,0" hai="18,19,53,59,60,77,80,84,85,89,94,96,103,107" machi="94" ten="30,1000,0" yaku="7,1" doraHai="119" who="3" fromWho="1" sc="292,0,487,-13,217,0,4,13" />
</Scene>
<Scene>
<INIT seed="5,0,0,0,4,114" ten="292,474,217,17" oya="1" hai0="87,69,125,133,85,80,59,52,22,39,103,135,44" hai1="23,105,98,111,121,75,16,122,110,63,40,76,131" hai2="58,74,107,17,127,45,35,73,10,47,81,126,86" hai3="90,33,32,92,112,12,88,26,128,118,3,78,101"/><U119/><E119/><V28/><F107/><W25/><G3/><T66/><D125/><U123/><E40/><V2/><F35/><W83/><G112/><T64/><D103/><N who="1" m="62711" /><E63/><V30/><F58/><W6/><G128/><T38/><D22/><U82/><E16/><V13/><F2/><W5/><G101/><T124/><D124/><N who="2" m="47658" /><F74/><W60/><G60/><T31/><D31/><N who="2" m="11818" /><F73/><W29/><G29/><T89/><D85/><U100/><E23/><V42/><F42/><W68/><G92/><T84/><D84/><U67/><E67/><N who="0" m="25641" /><D44/><U102/><E131/><V54/><F54/><W79/><G83/><T91/><D91/><AGARI ba="0,0" hai="10,13,17,45,47,81,86,91" m="11818,47658" machi="91" ten="30,1000,0" yaku="18,1" doraHai="114" who="2" fromWho="0" sc="292,-10,474,0,217,10,17,0" />
</Scene>
<Scene>
<INIT seed="6,0,0,2,4,64" ten="282,474,227,17" oya="2" hai0="101,58,107,82,89,90,52,69,65,106,93,4,45" hai1="27,81,54,86,103,20,120,33,24,75,25,38,126" hai2="28,85,51,79,67,2,14,7,113,26,8,88,59" hai3="111,35,29,104,96,22,83,76,135,48,74,70,43"/><V50/><F113/><W119/><G111/><T9/><D101/><U110/><E110/><V18/><F79/><W32/><G119/><T105/><D45/><U5/><E33/><V109/><F109/><W118/><G118/><T40/><D40/><U41/><E126/><V62/><F7/><W46/><G135/><T47/><D47/><U21/><E103/><V128/><F2/><W116/><G116/><T100/><D100/><U99/><E99/><V72/><F72/><W108/><G108/><T12/><D82/><U0/><E54/><V31/><F128/><W102/><REACH who="3" step="1"/><G70/><REACH who="3" ten="282,474,227,7" step="2"/><T132/><D132/><U66/><E66/><V55/><F67/><W78/><G78/><T125/><D69/><U23/><E86/><V53/><F53/><W84/><G84/><T56/><D65/><U68/><E68/><V114/><F114/><W94/><G94/><T117/><D117/><U97/><E97/><V129/><F129/><W10/><G10/><T87/><D105/><U130/><E120/><V134/><F134/><W77/><G77/><T17/><D106/><U19/><E38/><V37/><F37/><W16/><G16/><T91/><D107/><U34/><E41/><V3/><F85/><W11/><G11/><T92/><D87/><U121/><E121/><V122/><F122/><W123/><G123/><T39/><D39/><U13/><E75/><V44/><F8/><W15/><G15/><T71/><D17/><U133/><E133/><V49/><F14/><W30/><G30/><T124/><D12/><U36/><E36/><V98/><F31/><W115/><G115/><RYUUKYOKU ba="0,1" sc="282,-10,474,-10,227,-10,7,30" hai3="22,29,32,35,43,46,48,74,76,83,96,102,104" />
</Scene>
<Scene>
<INIT seed="7,1,1,5,5,83" ten="272,464,217,37" oya="3" hai0="85,30,31,7,103,27,35,101,19,6,37,75,34" hai1="38,44,100,12,78,86,76,127,119,8,18,23,46" hai2="10,26,47,91,0,129,73,106,84,21,51,2,36" hai3="5,68,132,124,120,128,52,64,14,130,105,118,42"/><W61/><G118/><T69/><D75/><U71/><E127/><V99/><F73/><W15/><G120/><T102/><D37/><U115/><E115/><V9/><F36/><W89/><G105/><T134/><D69/><U116/><E71/><V94/><F129/><N who="3" m="49771" /><G124/><T49/><D134/><U123/><E123/><V121/><F121/><W110/><G132/><T39/><D39/><U88/><E100/><N who="2" m="60535" /><F106/><W24/><G42/><T57/><D34/><U77/><E38/><V1/><F1/><W117/><G117/><N who="1" m="45130" /><E8/><V4/><F4/><W16/><G110/><T133/><D6/><U40/><E40/><N who="2" m="25063" /><F0/><W126/><G126/><T60/><D7/><U80/><AGARI ba="1,1" hai="12,18,23,44,46,76,77,78,80,86,88" m="45130" machi="80" ten="30,4000,0" yaku="12,1,52,1,54,1" doraHai="83" who="1" fromWho="1" sc="272,-11,464,53,217,-11,37,-21" owari="261,6.0,517,61.0,206,-19.0,16,-48.0" />
</Scene>
</mjloggm>