<mjloggm ver="2.3"><GO type="169" lobby="0"/><UN n0="%E3%83%BE%28%E3%83%BB%E2%88%80%E3%83%BB%EF%BC%9B%29" n1="%6E%61%6B%61%6A%75%75%6E" n2="%E5%A4%AA%E3%81%8F%E3%81%AA%E3%81%84%E3%81%8A" n3="%E6%8E%A8%E7%A9%BA%EF%BC%B0" dan="16,16,19,16" rate="2094.68,2149.57,2323.25,2123.49" sx="M,M,F,F"/><TAIKYOKU oya="0"/>

<Scene>
<INIT seed="0,0,0,2,2,73" ten="250,250,250,250" oya="0" hai0="70,6,57,24,39,40,68,91,8,90,29,135,2" hai1="14,21,118,1,9,80,60,133,104,11,134,108,31" hai2="128,19,79,122,109,67,56,131,72,34,12,78,32" hai3="27,28,93,17,81,25,52,51,13,114,38,76,112"/><T53/><D135/><N who="1" m="51723" /><E104/><V127/><F122/><W82/><G38/><T98/><D40/><U7/><E60/><N who="2" m="38279" /><F72/><W46/><G93/><T113/><D39/><U10/><E80/><V99/><F99/><W123/><G123/><T55/><D113/><U26/><E118/><V42/><F42/><W49/><G82/><T58/><D58/><U83/><E83/><V50/><F50/><W59/><G27/><T0/><D0/><U120/><E120/><V115/><F115/><W5/><G5/><T43/><D43/><U111/><E10/><N who="2" m="6551" /><F109/><N who="1" m="42057" /><E11/><V65/><F65/><W107/><G107/><T103/><D55/><U121/><E121/><V41/><F41/><W35/><G49/><T132/><D132/><U4/><E4/><V101/><F101/><W30/><G46/><T125/><D90/><U22/><E22/><V100/><F100/><W92/><G92/><T85/><D70/><U130/><E130/><N who="2" m="49707" /><F127/><W66/><G66/><T16/><D125/><U75/><E75/><V61/><F61/><W116/><G116/><T87/><D68/><U36/><E36/><V96/><F96/><W117/><G117/><T69/><D69/><U20/><E20/><V102/><F102/><W54/><G54/><T110/><D110/><U119/><E119/><V129/><N who="2" m="49715" /><V89/><DORA hai="105" /><F89/><W88/><G88/><T18/><D91/><U63/><E63/><V84/><F84/><W74/><G112/><T37/><D37/><U124/><E124/><V45/><F45/><W126/><G114/><T47/><D47/><U62/><E62/><V94/><F94/><W77/><G126/><RYUUKYOKU ba="0,0" sc="250,-15,250,15,250,15,250,-15" hai1="1,7,9,14,21,26,31" hai2="32,34,78,79" />
</Scene>
<Scene>
<INIT seed="1,1,0,1,0,93" ten="235,265,265,235" oya="1" hai0="46,9,45,83,100,81,105,103,106,76,96,133,87" hai1="86,40,28,60,5,64,84,38,119,21,2,132,58" hai2="78,127,31,10,94,135,6,39,41,1,104,54,52" hai3="80,82,20,48,118,121,114,7,30,4,90,22,26"/><U16/><E119/><V124/><F104/><N who="0" m="40042" /><D9/><U14/><E132/><V89/><F135/><W134/><G134/><T79/><D45/><U74/><E74/><V36/><F78/><W27/><G121/><T129/><D46/><U65/><E65/><V102/><F102/><N who="0" m="38954" /><D133/><U49/><E38/><N who="2" m="14379" /><F31/><W112/><G118/><T12/><D12/><U71/><E28/><V13/><F41/><W117/><G117/><T61/><D61/><U56/><E71/><V35/><F35/><W73/><G48/><T42/><D42/><U0/><E5/><V25/><F25/><W68/><G68/><T72/><D129/><U23/><E23/><V123/><F1/><W75/><G30/><T50/><D50/><U131/><E131/><V99/><F123/><W8/><G8/><T47/><D47/><N who="1" m="25831" /><E2/><V128/><F128/><W51/><G51/><T98/><AGARI ba="1,0" hai="72,76,79,81,83,87,96,98" m="38954,40042" machi="98" ten="30,12000,2" yaku="35,5,52,2" doraHai="93" who="0" fromWho="0" sc="235,123,265,-61,265,-31,235,-31" />
</Scene>
<Scene>
<INIT seed="2,0,0,5,3,116" ten="358,204,234,204" oya="2" hai0="77,90,18,91,14,41,15,42,65,115,52,36,112" hai1="104,26,9,0,54,135,88,38,82,17,94,107,10" hai2="105,72,2,49,129,130,68,39,1,124,89,12,3" hai3="70,48,103,16,131,60,106,119,97,19,113,132,51"/><V99/><F39/><W56/><G119/><T76/><D65/><U111/><E111/><V27/><F72/><W31/><G132/><T67/><D67/><U55/><E38/><V86/><F68/><W118/><G118/><T80/><D36/><U8/><E135/><V69/><F69/><W32/><G131/><N who="2" m="50185" /><F124/><W87/><G113/><T63/><D80/><U128/><E128/><V4/><F27/><W23/><G70/><T84/><D84/><U21/><E0/><V114/><F114/><W40/><G87/><T50/><D50/><U108/><E108/><V134/><F134/><W66/><G32/><T7/><D18/><U43/><E43/><V45/><F105/><W122/><G122/><T79/><D79/><U81/><E104/><V24/><F24/><W71/><G71/><T59/><D7/><U93/><E107/><V123/><F99/><W78/><G78/><T46/><D59/><U102/><E102/><V29/><F29/><W95/><G106/><T73/><D46/><U62/><E93/><N who="2" m="54455" /><F12/><W133/><G133/><T25/><D25/><U5/><E5/><V58/><F58/><W83/><G83/><N who="1" m="31754" /><E62/><V75/><F75/><W6/><G6/><T22/><D63/><U20/><E17/><N who="3" m="6730" /><G40/><T37/><D73/><U126/><E126/><V74/><F74/><W100/><G103/><T120/><D37/><U33/><E33/><V92/><F92/><W30/><G30/><T121/><D22/><N who="1" m="8811" /><E26/><AGARI ba="0,0" hai="23,26,31,48,51,56,60,66,95,97,100" m="6730" machi="26" ten="30,3900,0" yaku="25,1,8,1,54,1" doraHai="116" who="3" fromWho="1" sc="358,0,204,-39,234,0,204,39" />
</Scene>
<Scene>
<INIT seed="3,0,0,5,2,26" ten="358,165,234,243" oya="3" hai0="42,46,102,65,114,78,56,123,98,45,86,67,28" hai1="68,54,40,111,95,32,64,61,129,130,31,52,87" hai2="96,49,105,92,41,0,66,57,71,99,25,135,58" hai3="63,85,23,60,125,5,4,107,108,59,133,34,35"/><W109/><G107/><T55/><D123/><U106/><E106/><V43/><F0/><W93/><G93/><N who="0" m="58703" /><D114/><U6/><E6/><V84/><F135/><W88/><G23/><T124/><D124/><U33/><E111/><V12/><F71/><W19/><G19/><T77/><D28/><U121/><E121/><V50/><F105/><W126/><G59/><T128/><D128/><N who="1" m="49259" /><E40/><V37/><F37/><W38/><G85/><T117/><D117/><U116/><E116/><V17/><F25/><W90/><REACH who="3" step="1"/><G38/><REACH who="3" ten="358,165,234,233" step="2"/><T127/><D86/><U29/><E33/><V118/><F84/><W36/><G36/><T73/><D56/><U8/><E32/><V69/><F58/><W122/><G122/><T7/><D73/><U3/><E3/><V11/><F57/><W51/><G51/><T81/><D46/><U76/><E8/><V14/><F92/><W97/><G97/><T103/><D45/><U113/><E113/><V10/><F99/><W16/><G16/><T48/><D48/><U30/><E95/><V82/><F96/><W104/><G104/><T80/><D80/><AGARI ba="0,1" hai="29,30,31,52,54,61,64,68,76,80,87" m="49259" machi="80" ten="30,8000,1" yaku="19,1,52,3,54,1" doraHai="26" who="1" fromWho="0" sc="358,-80,165,90,234,0,233,0" />
</Scene>
<Scene>
<INIT seed="4,0,0,1,1,95" ten="278,255,234,233" oya="0" hai0="117,65,49,111,84,100,52,70,17,44,33,59,21" hai1="71,42,72,98,82,118,30,55,88,3,25,7,24" hai2="112,4,76,50,79,1,126,109,43,123,103,62,107" hai3="9,97,53,14,37,128,81,130,124,0,11,108,80"/><T104/><D33/><U28/><E118/><V102/><F123/><W127/><G37/><T120/><D117/><U125/><E71/><V46/><F109/><W39/><G39/><T67/><D120/><U134/><E134/><V40/><F112/><W116/><G116/><T135/><D70/><U26/><E125/><N who="3" m="48202" /><G108/><T83/><D135/><U94/><E42/><V58/><F126/><W2/><G53/><T105/><D111/><U48/><E3/><N who="3" m="1066" /><G14/><T57/><D105/><U74/><E7/><V45/><F1/><W13/><G13/><N who="0" m="9391" /><D100/><N who="2" m="38442" /><F107/><W35/><G97/><T110/><D104/><U47/><REACH who="1" step="1"/><E82/><REACH who="1" ten="278,245,234,233" step="2"/><N who="3" m="31850" /><G35/><T96/><D110/><U63/><E63/><V131/><F4/><W19/><G19/><T85/><D67/><U99/><E99/><V29/><F43/><W20/><G20/><T121/><D96/><U36/><E36/><V64/><F64/><W41/><G41/><T18/><D18/><U8/><E8/><AGARI ba="0,1" hai="8,9,11,128,130" m="31850,1066,48202" machi="8" ten="40,5200,0" yaku="28,2,18,1" doraHai="95" who="3" fromWho="1" sc="278,0,245,-52,234,0,233,62" />
</Scene>
<Scene>
<INIT seed="5,0,0,3,3,47" ten="278,193,234,295" oya="1" hai0="59,131,101,1,98,17,81,27,118,135,117,51,134" hai1="90,34,112,14,109,30,87,125,72,82,26,48,36" hai2="94,111,119,113,56,25,64,86,79,15,32,28,7" hai3="20,29,45,49,50,60,54,100,11,73,92,12,21"/><U121/><E121/><V63/><F111/><W19/><G73/><T126/><D1/><U133/><E112/><V6/><F119/><W103/><G60/><T102/><D131/><U78/><E109/><V74/><F113/><W84/><G29/><T35/><D81/><U62/><E36/><V97/><F74/><W9/><G21/><N who="0" m="13743" /><D35/><U38/><E38/><V67/><F67/><W130/><G130/><T8/><D8/><U108/><E108/><V104/><F15/><W106/><G106/><T31/><D31/><U83/><E133/><N who="0" m="50697" /><D126/><U77/><E125/><V114/><F114/><W75/><G75/><T44/><D59/><U16/><E62/><V116/><F116/><N who="0" m="44650" /><D98/><U39/><E39/><V53/><F97/><W22/><G22/><T70/><D70/><U71/><E71/><V57/><F79/><W89/><G9/><T128/><D128/><U95/><E48/><V37/><F37/><W55/><G11/><T13/><D13/><U132/><E132/><V10/><F10/><W127/><G127/><T0/><D0/><U41/><E41/><AGARI ba="0,0" hai="41,44,51,101,102" m="44650,50697,13743" machi="41" ten="30,2000,0" yaku="20,1,52,1" doraHai="47" who="0" fromWho="1" sc="278,20,193,-20,234,0,295,0" />
</Scene>
<Scene>
<INIT seed="6,0,0,2,1,44" ten="298,173,234,295" oya="2" hai0="107,21,37,31,117,109,129,50,82,40,6,111,134" hai1="4,135,51,87,25,97,88,63,127,118,121,119,96" hai2="77,27,41,12,65,95,113,101,30,62,5,47,35" hai3="2,54,103,45,126,105,116,98,120,33,91,72,18"/><V32/><F113/><W123/><G33/><T115/><D107/><U86/><E135/><V14/><F77/><W56/><G2/><T11/><D37/><U48/><E127/><V58/><F35/><W59/><G116/><T112/><D134/><U130/><E121/><V122/><F122/><W9/><G72/><T124/><D124/><U110/><E110/><V92/><F5/><W78/><G78/><T90/><D129/><U16/><E130/><V22/><F32/><W93/><G126/><T69/><D69/><U3/><E119/><V67/><F67/><W17/><G45/><N who="0" m="25895" /><D117/><U70/><E118/><V23/><F23/><W81/><G81/><T83/><D21/><N who="1" m="13479" /><E3/><V26/><F26/><W71/><G71/><T19/><D19/><U102/><E70/><V15/><REACH who="2" step="1"/><F101/><REACH who="2" ten="298,173,224,295" step="2"/><W43/><G123/><T84/><D109/><U61/><E4/><V0/><F0/><W53/><G120/><T34/><D111/><U13/><E13/><V73/><F73/><W46/><G103/><T74/><D74/><U68/><E68/><V79/><F79/><W106/><G9/><T128/><D128/><U55/><E102/><V100/><F100/><W36/><G106/><T114/><D34/><U42/><E97/><V64/><F64/><W28/><G105/><T99/><D99/><U8/><E96/><V38/><AGARI ba="0,1" hai="12,14,15,22,27,30,38,41,47,58,62,65,92,95" machi="38" ten="30,3000,0" yaku="1,1,0,1,53,0" doraHai="44" doraHaiUra="132" who="2" fromWho="2" sc="298,-10,173,-10,224,40,295,-10" />
</Scene>
<Scene>
<INIT seed="6,1,0,4,2,14" ten="288,163,264,285" oya="2" hai0="91,59,67,135,103,124,38,13,68,7,6,108,110" hai1="47,93,1,100,26,46,115,33,104,106,116,86,101" hai2="117,4,25,53,88,81,61,21,18,90,130,0,8" hai3="11,5,50,121,44,75,122,17,34,123,128,43,28"/><V96/><F117/><W131/><G75/><T27/><D38/><U70/><E1/><V51/><F130/><N who="3" m="49707" /><G34/><T29/><D68/><U45/><E116/><V129/><F129/><W74/><G74/><T64/><D135/><U72/><E72/><V42/><F81/><W52/><G28/><T113/><D113/><U89/><E70/><V95/><F42/><W41/><G17/><T76/><D124/><U10/><E115/><V3/><F3/><AGARI ba="1,0" hai="3,5,11,41,43,44,50,52,121,122,123" m="49707" machi="3" ten="40,2600,0" yaku="19,1,54,1" doraHai="14" who="3" fromWho="2" sc="288,0,163,0,264,-29,285,29" />
</Scene>
<Scene>
<INIT seed="7,0,0,5,0,41" ten="288,163,235,314" oya="3" hai0="107,26,134,127,52,95,12,108,24,78,25,29,132" hai1="33,111,23,101,16,91,93,31,56,109,9,8,63" hai2="38,17,66,87,71,82,130,55,113,44,20,46,5" hai3="129,84,98,100,48,83,125,7,112,94,114,90,62"/><W42/><G7/><T45/><D107/><U133/><E133/><N who="0" m="51305" /><D108/><U77/><E77/><V21/><F113/><N who="3" m="43627" /><G129/><T135/><D127/><U19/><E109/><V53/><F130/><W76/><G125/><T117/><D117/><U124/><E111/><V27/><F71/><W28/><G28/><T3/><D3/><U67/><E124/><V2/><F66/><W80/><G62/><T15/><D135/><U104/><E104/><V97/><F38/><W10/><G10/><N who="1" m="4202" /><E33/><V59/><F2/><W120/><G48/><N who="0" m="28687" /><D29/><U54/><E91/><N who="2" m="51703" /><F5/><W49/><G49/><T22/><D22/><U110/><E110/><V123/><F123/><W37/><G42/><T92/><D78/><U1/><E1/><V36/><F36/><W60/><G37/><T43/><D43/><U119/><E119/><V122/><F122/><W69/><G120/><T6/><D15/><U126/><E126/><V35/><F21/><W30/><G30/><T99/><D99/><N who="1" m="59631" /><E54/><V18/><F53/><W74/><G60/><T89/><D89/><U39/><E39/><V64/><F55/><W57/><G69/><T105/><D105/><U70/><E70/><V58/><F35/><W118/><G57/><T40/><D40/><U115/><E115/><V65/><F59/><W61/><G61/><T116/><D116/><AGARI ba="0,0" hai="74,76,80,83,84,90,94,98,100,116,118" m="43627" machi="116" ten="30,5800,0" yaku="15,1,34,2" doraHai="41" who="3" fromWho="0" sc="288,-58,163,0,235,0,314,58" owari="230,-17.0,163,-34.0,235,4.0,372,47.0" />
</Scene>
</mjloggm>