<mjloggm ver="2.3"><GO type="169" lobby="0"/><UN n0="%5A%5A%5A%5A%5A" n1="%4F%4E%41%4B%41%4E" n2="%E5%A4%AA%E3%81%8F%E3%81%AA%E3%81%84%E3%81%8A" n3="%68%6F%73%69%67%61%6D%69" dan="16,17,18,16" rate="2125.49,2221.92,2230.19,2134.23" sx="M,M,F,M"/><TAIKYOKU oya="0"/>

<Scene>
<INIT seed="0,0,0,0,3,32" ten="250,250,250,250" oya="0" hai0="112,67,57,82,74,35,50,41,105,48,135,83,132" hai1="107,122,4,100,131,101,43,3,59,65,93,79,25" hai2="18,134,0,114,62,42,121,96,28,12,26,21,61" hai3="16,128,113,15,11,91,29,19,33,66,125,89,103"/><T27/><D105/><U39/><E107/><V123/><F114/><W87/><G113/><T55/><D112/><U102/><E122/><V9/><F134/><N who="0" m="51242" /><D74/><U124/><E124/><V58/><F42/><W119/><G125/><T45/><D67/><U88/><E131/><V104/><F61/><W95/><G128/><T98/><D98/><U30/><E79/><V72/><F72/><W38/><G119/><T108/><D108/><U14/><E14/><V75/><F75/><W34/><G38/><T129/><D129/><U56/><E43/><V99/><F99/><W118/><G118/><T130/><D130/><U8/><E65/><V31/><F31/><AGARI ba="0,0" hai="27,31,35,41,45,48,50,55,57,82,83" m="51242" machi="31" ten="30,1500,0" yaku="20,1" doraHai="32" who="0" fromWho="2" sc="250,15,250,0,250,-15,250,0" />
</Scene>
<Scene>
<INIT seed="0,1,0,4,3,108" ten="265,250,235,250" oya="0" hai0="59,89,43,96,3,100,24,63,44,97,6,61,131" hai1="80,57,134,122,113,21,129,29,22,90,10,133,23" hai2="31,111,58,117,85,65,56,55,101,126,70,16,130" hai3="103,35,74,9,109,42,53,116,92,4,120,132,84"/><T95/><D131/><U68/><E68/><V71/><F31/><W107/><G116/><T60/><D24/><U94/><E122/><V47/><F101/><W127/><G35/><T104/><D6/><U99/><E129/><V38/><F111/><W86/><G109/><T1/><REACH who="0" step="1"/><D59/><REACH who="0" ten="255,250,235,250" step="2"/><U28/><E57/><V46/><F130/><W121/><G4/><T39/><AGARI ba="1,1" hai="1,3,39,43,44,60,61,63,89,95,96,97,100,104" machi="39" ten="30,6000,0" yaku="1,1,2,1,0,1,53,0" doraHai="108" doraHaiUra="64" who="0" fromWho="0" sc="255,73,250,-21,235,-21,250,-21" />
</Scene>
<Scene>
<INIT seed="0,2,0,4,1,99" ten="328,229,214,229" oya="0" hai0="74,14,131,118,26,100,68,29,112,48,119,45,60" hai1="133,126,34,134,109,103,93,98,21,61,67,127,36" hai2="47,30,8,33,97,59,115,1,121,120,96,50,35" hai3="15,130,105,18,54,25,108,11,86,32,23,40,19"/><T20/><D112/><U66/><E34/><V79/><F115/><W132/><G108/><T16/><D131/><U37/><E109/><V31/><F59/><W55/><G130/><T92/><D74/><U110/><E110/><V83/><F8/><W106/><G132/><N who="1" m="50794" /><E21/><V51/><F83/><W69/><G69/><T2/><D2/><U17/><E17/><V72/><F72/><W89/><G32/><T52/><D68/><N who="1" m="42063" /><E67/><V114/><F114/><W57/><G40/><T77/><D77/><U102/><E102/><V122/><F122/><W81/><REACH who="3" step="1"/><G54/><REACH who="3" ten="328,229,214,219" step="2"/><T49/><D119/><U6/><E6/><V43/><F43/><W5/><G5/><T82/><D118/><U104/><E93/><V0/><F79/><W73/><G73/><T42/><D82/><U7/><E7/><V117/><F117/><W28/><G28/><T128/><D128/><U111/><E111/><V10/><F30/><W129/><G129/><T75/><D75/><U85/><E85/><V3/><F31/><W101/><G101/><T94/><D100/><U116/><E116/><V91/><F33/><W88/><G88/><T13/><D60/><AGARI ba="2,1" hai="11,15,18,19,23,25,55,57,60,81,86,89,105,106" machi="60" ten="30,2000,0" yaku="1,1,7,1,53,0" doraHai="99" doraHaiUra="27" who="3" fromWho="0" sc="328,-26,229,0,214,0,219,36" />
</Scene>
<Scene>
<INIT seed="1,0,0,1,3,89" ten="302,229,214,255" oya="1" hai0="64,3,35,65,118,134,107,31,78,111,12,72,133" hai1="112,98,50,11,57,85,27,34,55,14,25,91,18" hai2="126,42,7,104,37,49,66,2,86,38,58,80,6" hai3="81,102,56,44,59,100,103,93,29,10,114,60,15"/><U95/><E112/><V87/><F104/><W124/><G114/><T99/><D3/><U13/><E34/><V0/><F66/><W73/><G124/><T43/><D43/><U22/><REACH who="1" step="1"/><E98/><REACH who="1" ten="302,219,214,255" step="2"/><V23/><F126/><W88/><G73/><T97/><D72/><U30/><E30/><V28/><F28/><W74/><G29/><T33/><D31/><U1/><E1/><V125/><F125/><W106/><G74/><T82/><D35/><U132/><E132/><V71/><F0/><W8/><G106/><T128/><D33/><U121/><E121/><V92/><F2/><W24/><G24/><T16/><D99/><U122/><E122/><V108/><F86/><W84/><G15/><T117/><D12/><U129/><E129/><V20/><F87/><W115/><G115/><T90/><D97/><U96/><E96/><V75/><F75/><W63/><G84/><T119/><D107/><U53/><E53/><V70/><F42/><W105/><G105/><T76/><D128/><U47/><E47/><V83/><F108/><W19/><G44/><T101/><D111/><U110/><E110/><V94/><F58/><W79/><G56/><T51/><D134/><U48/><E48/><AGARI ba="0,1" hai="6,7,20,23,37,38,48,49,70,71,80,83,92,94" machi="48" ten="25,6400,0" yaku="22,2,52,2" doraHai="89" who="2" fromWho="1" sc="302,0,219,-64,214,74,255,0" />
</Scene>
<Scene>
<INIT seed="2,0,0,1,4,83" ten="302,155,288,255" oya="2" hai0="91,78,44,72,84,33,27,7,117,58,67,100,115" hai1="80,116,55,111,129,23,109,65,37,0,12,102,126" hai2="20,81,135,31,85,92,32,40,47,49,18,131,86" hai3="29,70,63,124,36,77,39,98,2,34,89,9,25"/><V22/><F135/><W87/><G124/><T95/><D115/><U107/><E0/><V26/><F131/><W30/><G30/><T120/><D120/><U76/><E116/><V52/><F32/><W64/><G77/><T57/><D7/><U104/><E129/><V54/><F92/><W108/><G108/><N who="1" m="41546" /><E126/><V96/><F96/><W21/><G98/><T5/><D5/><U118/><E37/><V56/><F81/><W17/><G9/><T6/><D6/><U61/><E55/><N who="2" m="21035" /><F56/><W110/><G2/><T43/><D58/><N who="1" m="37047" /><E102/><V106/><F106/><W122/><G122/><T82/><D100/><U8/><E23/><V48/><F48/><W93/><REACH who="3" step="1"/><G110/><REACH who="3" ten="302,155,288,245" step="2"/><T90/><D117/><U94/><E118/><V114/><F114/><W134/><G134/><T46/><D78/><U15/><E8/><V28/><F28/><W112/><G112/><T53/><D33/><U71/><E104/><V99/><F99/><W97/><G97/><T35/><D35/><U69/><E107/><V75/><F75/><W19/><G19/><T105/><D105/><U45/><E76/><V130/><F130/><W123/><G123/><T41/><D72/><U119/><E119/><V4/><F4/><W42/><G42/><T121/><D43/><U24/><E69/><V14/><AGARI ba="0,1" hai="14,18,20,22,26,31,40,47,49,85,86" m="21035" machi="14" ten="30,11700,0" yaku="8,1,52,2,54,1" doraHai="83" who="2" fromWho="2" sc="302,-39,155,-39,288,127,245,-39" />
</Scene>
<Scene>
<INIT seed="2,1,0,4,5,34" ten="263,116,415,206" oya="2" hai0="12,104,102,70,129,90,37,16,35,118,80,74,83" hai1="121,73,95,113,20,5,4,38,106,1,45,62,48" hai2="109,72,134,17,77,15,68,67,36,32,97,18,65" hai3="26,61,2,9,111,101,49,57,108,115,132,7,127"/><V126/><F32/><W29/><G132/><T13/><D70/><U75/><E106/><V89/><F36/><W110/><G127/><T63/><D37/><U23/><E38/><V11/><F126/><W119/><G119/><T124/><D35/><U92/><E113/><V24/><F134/><W112/><G49/><T22/><D104/><U64/><E121/><V84/><F109/><W122/><G101/><T31/><D102/><U21/><E62/><V128/><F128/><W25/><G122/><T120/><D31/><U58/><E58/><V54/><F72/><N who="1" m="27721" /><E48/><V43/><F43/><W50/><G50/><T82/><D63/><U55/><E55/><V52/><F77/><W94/><G94/><N who="1" m="35882" /><E64/><N who="2" m="24651" /><F97/><W51/><G51/><T105/><D120/><U116/><E116/><V135/><F68/><W47/><G47/><T123/><D123/><U19/><E19/><V56/><F56/><W86/><G25/><T40/><D40/><U10/><E10/><V6/><F135/><W3/><G115/><T76/><D124/><U71/><E71/><V44/><F44/><W100/><G112/><T69/><D69/><U130/><E45/><V39/><F39/><W33/><G57/><T133/><D133/><U28/><E130/><V0/><F24/><W14/><G61/><T99/><D118/><U27/><E1/><V41/><F41/><W81/><G100/><T53/><D129/><U117/><E117/><V85/><F54/><W88/><AGARI ba="1,0" hai="2,3,7,9,14,26,29,33,81,86,88,108,110,111" machi="88" ten="30,8000,1" yaku="0,1,14,1,52,2,54,1" doraHai="34" who="3" fromWho="3" sc="263,-21,116,-21,415,-41,206,83" />
</Scene>
<Scene>
<INIT seed="3,0,0,1,1,60" ten="242,95,374,289" oya="3" hai0="69,7,109,98,52,99,40,48,24,33,4,104,42" hai1="58,10,30,29,72,3,107,102,23,131,96,38,121" hai2="111,89,8,119,65,118,117,80,26,54,77,36,127" hai3="47,129,19,14,5,22,28,113,32,112,81,12,82"/><W67/><G129/><T21/><D33/><U25/><E121/><V124/><F111/><W57/><G32/><T62/><D109/><U94/><E131/><V132/><F132/><W114/><G28/><T110/><D110/><U88/><E38/><V130/><F130/><W84/><G47/><T6/><D104/><U70/><E70/><V1/><F36/><W45/><G45/><N who="0" m="27663" /><D62/><U56/><E30/><V76/><F54/><W116/><G116/><T122/><D69/><U108/><E108/><V41/><F41/><N who="0" m="15978" /><D122/><U43/><E43/><V0/><F26/><W105/><G105/><T134/><D134/><U90/><E72/><V128/><F128/><W75/><G75/><T74/><D74/><U101/><E101/><V31/><F31/><AGARI ba="0,0" hai="4,6,7,21,24,31,98,99" m="15978,27663" machi="31" ten="30,2000,0" yaku="8,1,54,1" doraHai="60" who="0" fromWho="2" sc="242,20,95,0,374,-20,289,0" />
</Scene>
<Scene>
<INIT seed="4,0,0,2,0,76" ten="262,95,354,289" oya="0" hai0="27,118,95,90,107,62,110,35,87,84,111,47,86" hai1="7,73,102,79,78,117,29,20,13,25,70,119,19" hai2="116,57,69,0,105,97,91,8,100,121,80,124,6" hai3="34,85,131,41,89,42,48,16,114,92,123,32,108"/><T99/><D118/><U88/><E70/><V64/><F121/><W71/><G108/><N who="0" m="41515" /><D47/><U37/><E37/><V18/><F116/><W61/><G123/><T51/><D51/><U15/><E102/><V106/><F124/><W67/><G114/><T3/><D3/><U129/><E79/><V22/><F69/><W17/><G131/><T24/><D62/><U14/><E129/><V53/><F64/><W50/><G50/><T77/><D35/><U120/><E120/><V43/><F43/><W2/><G2/><T126/><D126/><U113/><E113/><V28/><F28/><W94/><G41/><T21/><D27/><U11/><E78/><V39/><F39/><W45/><REACH who="3" step="1"/><G94/><REACH who="3" ten="262,95,354,279" step="2"/><T59/><D107/><U56/><E117/><V130/><F130/><W109/><G109/><T9/><D9/><U72/><E119/><V83/><F105/><W96/><G96/><T128/><D128/><U93/><E11/><V12/><REACH who="2" step="1"/><F91/><REACH who="2" ten="262,95,344,279" step="2"/><W33/><AGARI ba="0,2" hai="16,17,32,33,34,42,45,48,61,67,71,85,89,92" machi="33" ten="30,4000,0" yaku="1,1,0,1,54,1,53,0" doraHai="76" doraHaiUra="5" who="3" fromWho="3" sc="262,-20,95,-10,344,-10,279,60" />
</Scene>
<Scene>
<INIT seed="5,0,0,5,0,27" ten="242,85,334,339" oya="1" hai0="124,72,30,45,76,18,15,35,68,0,59,84,63" hai1="111,29,40,122,66,23,103,42,14,12,131,57,113" hai2="118,109,41,34,91,17,107,133,58,55,101,130,120" hai3="38,132,108,117,61,88,75,106,39,87,69,1,100"/><U128/><E122/><V64/><F109/><W119/><G108/><T98/><D124/><U26/><E111/><V56/><F120/><W50/><G1/><T96/><D0/><U11/><E113/><V32/><F118/><N who="3" m="45067" /><G75/><T70/><D72/><U114/><E114/><V22/><F41/><W123/><G123/><T25/><D45/><U36/><E103/><V74/><F74/><W21/><G132/><T112/><D112/><U129/><E36/><V89/><F133/><W28/><G50/><T78/><D70/><U44/><E44/><V82/><F130/><W54/><G100/><T9/><D68/><U53/><E66/><V2/><F2/><W6/><G6/><T135/><D135/><U37/><E37/><V90/><F82/><N who="3" m="49271" /><G106/><T13/><D13/><N who="1" m="5227" /><E11/><V83/><F83/><W71/><G71/><T49/><D49/><AGARI ba="0,0" hai="23,26,29,40,42,49,53,57,128,129,131" m="5227" machi="49" ten="30,2900,0" yaku="19,1,52,1" doraHai="27" who="1" fromWho="0" sc="242,-29,85,29,334,0,339,0" />
</Scene>
<Scene>
<INIT seed="5,1,0,2,0,93" ten="213,114,334,339" oya="1" hai0="61,65,41,7,0,57,123,108,15,77,56,35,114" hai1="113,112,135,116,14,76,84,102,122,131,132,18,121" hai2="31,39,74,75,67,40,120,64,58,19,6,94,59" hai3="125,1,69,79,60,83,46,49,21,47,115,78,81"/><U52/><E76/><V80/><F120/><N who="1" m="46185" /><E84/><V99/><F31/><W127/><G1/><T126/><D77/><U50/><E102/><V8/><F19/><W29/><G29/><T95/><D123/><U27/><E27/><V72/><F80/><W100/><G21/><T37/><D35/><U103/><E103/><V36/><F40/><W90/><G100/><T30/><D30/><U5/><E5/><V48/><F48/><W4/><G49/><T43/><D15/><U104/><E104/><V34/><F34/><W16/><G4/><T71/><D7/><U13/><E116/><V38/><F94/><W82/><G82/><T124/><D0/><U51/><E51/><V42/><F99/><W22/><G22/><T118/><D95/><U24/><E24/><V10/><F42/><W133/><G90/><T73/><D73/><U68/><E68/><V12/><REACH who="2" step="1"/><F10/><REACH who="2" ten="213,114,324,339" step="2"/><W33/><G16/><T3/><D118/><U32/><E32/><V17/><F17/><W62/><G33/><T111/><D43/><U117/><E117/><V45/><F45/><W130/><G46/><T101/><D41/><U87/><E87/><V28/><F28/><W20/><G47/><T97/><D37/><U44/><E131/><V110/><F110/><W25/><G130/><T26/><D111/><U86/><E86/><V92/><F92/><W91/><G83/><T96/><D108/><U53/><E18/><V105/><F105/><W66/><G81/><T119/><D119/><U11/><E11/><V2/><F2/><W85/><G85/><T107/><D3/><U63/><E44/><RYUUKYOKU ba="1,1" sc="213,-10,114,-10,324,30,339,-10" hai2="6,8,12,36,38,39,58,59,64,67,72,74,75" />
</Scene>
<Scene>
<INIT seed="6,2,1,2,3,125" ten="203,104,354,329" oya="2" hai0="109,14,16,75,77,88,33,89,126,9,19,53,110" hai1="122,38,95,85,76,134,63,46,112,82,67,103,93" hai2="124,52,12,74,115,8,37,131,39,58,91,18,56" hai3="104,80,20,114,4,96,79,0,51,120,98,61,72"/><V28/><F74/><W13/><G120/><T101/><D126/><U45/><E122/><V69/><F69/><W15/><G0/><T84/><D33/><U111/><E111/><V128/><F124/><W55/><G114/><T92/><D109/><U71/><E112/><V73/><F115/><W50/><G61/><T123/><D123/><U27/><E134/><V107/><F73/><W24/><G50/><T119/><D119/><U47/><E38/><V113/><F113/><W6/><G15/><N who="0" m="7279" /><D110/><U81/><E103/><V97/><F28/><W121/><G121/><T26/><D75/><U105/><E105/><V32/><F32/><W68/><G68/><T42/><D42/><U62/><E82/><V94/><F107/><W17/><G104/><T49/><D101/><U87/><E87/><V132/><F58/><W35/><G35/><T3/><D3/><U66/><REACH who="1" step="1"/><E27/><REACH who="1" ten="203,94,354,329" step="2"/><V11/><F132/><W99/><G24/><T83/><D26/><U59/><AGARI ba="2,2" hai="45,46,47,59,62,63,66,67,71,76,81,85,93,95" machi="59" ten="30,4000,0" yaku="1,1,2,1,0,1,53,0" doraHai="125" doraHaiUra="1" who="1" fromWho="1" sc="203,-12,94,66,354,-22,329,-12" />
</Scene>
<Scene>
<INIT seed="7,0,0,1,3,110" ten="191,160,332,317" oya="3" hai0="106,40,39,33,127,34,30,78,26,64,68,89,28" hai1="41,97,92,15,57,101,113,82,118,3,32,94,36" hai2="84,67,24,119,91,21,23,14,5,128,99,131,123" hai3="46,25,109,44,126,130,103,83,125,79,6,108,65"/><W9/><G130/><N who="2" m="49705" /><F119/><W12/><G65/><T85/><D106/><U38/><E3/><V16/><F123/><W53/><G103/><T55/><D127/><N who="3" m="48649" /><G25/><T135/><D135/><U93/><E118/><V17/><F67/><W37/><G53/><T88/><D68/><U52/><E32/><V56/><F56/><W10/><G10/><T18/><D64/><U31/><E31/><V1/><F99/><W87/><G37/><T132/><D132/><U8/><E113/><V70/><F70/><W48/><G48/><T73/><D39/><U42/><E38/><V74/><F74/><W7/><G7/><T98/><D73/><U54/><E82/><N who="2" m="49559" /><F5/><W22/><G22/><T49/><D34/><U134/><E134/><V116/><F116/><W72/><G72/><T86/><D33/><U133/><E133/><V51/><F51/><W63/><G63/><T58/><D30/><U80/><E80/><V122/><F122/><W71/><G71/><T29/><D29/><U47/><E42/><V0/><AGARI ba="0,0" hai="0,1,14,16,17,21,23,24" m="49559,49705" machi="0" ten="30,2000,0" yaku="19,1,54,1" doraHai="110" who="2" fromWho="2" sc="191,-5,160,-5,332,20,317,-10" owari="186,-21.0,155,-34.0,352,44.0,307,11.0" />
</Scene>
</mjloggm>