<mjloggm ver="2.3"><GO type="169" lobby="0"/><UN n0="%E5%A4%AA%E3%81%8F%E3%81%AA%E3%81%84%E3%81%8A" n1="%4D%75%72%70%68%79" n2="%E3%81%AE%E3%81%86%E3%81%AA%E3%82%81%E3%82%8D%E3%82%93" n3="%74%61%6B%65%2D%79%6F%75" dan="18,16,17,16" rate="2225.80,2087.48,2161.28,2141.46" sx="F,M,M,F"/><TAIKYOKU oya="0"/>

<Scene>
<INIT seed="0,0,0,5,2,5" ten="250,250,250,250" oya="0" hai0="117,44,15,49,111,99,110,4,23,132,70,106,63" hai1="62,51,26,108,36,123,59,69,33,39,76,64,73" hai2="92,42,56,87,118,2,27,53,38,124,17,125,67" hai3="105,48,85,116,122,104,91,109,29,7,47,57,75"/><T78/><D117/><U134/><E123/><V6/><F118/><W120/><G116/><T28/><D132/><U83/><E134/><V133/><F133/><W41/><G75/><T93/><D106/><U13/><E108/><N who="0" m="41513" /><D78/><U90/><E90/><V72/><F67/><W127/><G109/><T74/><D74/><U79/><E79/><V119/><F72/><W12/><G127/><T18/><D28/><U131/><E131/><V40/><F119/><W30/><G57/><T52/><D4/><U114/><E114/><V8/><F87/><W113/><G113/><T55/><D70/><U102/><E102/><V24/><F92/><W81/><G104/><T97/><D93/><U0/><E59/><AGARI ba="0,0" hai="15,18,23,44,49,52,55,59,63,97,99" m="41513" machi="59" ten="30,5800,0" yaku="14,1,10,1,54,1" doraHai="5" who="0" fromWho="1" sc="250,58,250,-58,250,0,250,0" />
</Scene>
<Scene>
<INIT seed="0,1,0,4,4,84" ten="308,192,250,250" oya="0" hai0="39,8,120,102,30,132,62,64,19,29,101,78,95" hai1="38,27,75,21,15,116,35,109,41,82,40,105,50" hai2="18,24,76,73,93,92,61,129,68,69,74,59,9" hai3="60,124,81,20,53,46,23,114,42,5,57,88,33"/><T67/><D120/><U117/><E38/><V47/><F129/><W72/><G114/><T58/><D39/><U125/><E105/><V10/><F47/><W85/><G33/><T83/><D132/><U55/><E35/><V16/><F76/><W91/><G124/><T13/><D67/><U123/><E123/><V48/><F48/><N who="3" m="26711" /><G72/><T108/><D108/><U49/><E109/><V25/><F59/><W119/><G119/><T36/><D36/><U71/><E71/><V103/><F103/><W1/><G1/><T128/><D128/><U65/><E65/><V0/><REACH who="2" step="1"/><F61/><REACH who="2" ten="308,192,240,250" step="2"/><W11/><G91/><T3/><D101/><U118/><E50/><V90/><F90/><W135/><G135/><T17/><D102/><U26/><E49/><V45/><F45/><W89/><G89/><T126/><D62/><U97/><E117/><V51/><F51/><W99/><G99/><T122/><D122/><U43/><E116/><V56/><F56/><W2/><G60/><T104/><D58/><U54/><E118/><V31/><F31/><W100/><G100/><T79/><D29/><U70/><E97/><V127/><F127/><W44/><G44/><T32/><D30/><U12/><E125/><V96/><F96/><W4/><G57/><T6/><D126/><U22/><E41/><V106/><F106/><W115/><G53/><T113/><D104/><U131/><E131/><V87/><F87/><W86/><G86/><T121/><D121/><U28/><E28/><V98/><F98/><W112/><G112/><T111/><D113/><U80/><E75/><V133/><F133/><RYUUKYOKU ba="1,1" sc="308,-15,192,15,240,15,250,-15" hai1="12,15,21,22,26,27,40,43,54,55,70,80,82" hai2="0,9,10,16,18,24,25,68,69,73,74,92,93" />
</Scene>
<Scene>
<INIT seed="1,2,1,5,3,101" ten="293,207,255,235" oya="1" hai0="14,91,78,94,132,103,35,30,99,64,22,123,127" hai1="4,117,80,53,100,71,116,60,81,66,77,102,114" hai2="11,34,38,126,108,95,46,121,111,63,16,15,82" hai3="36,79,119,8,110,113,133,115,61,57,58,67,75"/><U48/><E114/><V39/><F121/><W104/><G36/><T85/><D123/><U106/><E4/><V32/><F126/><W97/><G110/><N who="2" m="42025" /><F95/><W76/><G133/><T130/><D132/><U70/><E70/><V27/><F63/><W45/><G119/><T47/><D127/><U124/><E124/><V86/><F46/><W87/><G75/><T2/><D2/><U84/><E81/><V134/><F134/><W40/><G57/><T7/><D130/><U74/><E100/><V3/><F3/><W50/><G8/><T26/><D64/><U54/><E84/><V13/><F13/><W12/><G12/><T49/><D78/><U23/><E23/><V89/><F27/><W109/><G109/><T21/><D7/><U125/><E125/><V59/><F59/><W62/><G62/><T122/><D14/><U17/><E117/><V24/><F24/><W129/><G129/><T107/><REACH who="0" step="1"/><D122/><REACH who="0" ten="283,207,255,235" step="2"/><U118/><E118/><V56/><F56/><W105/><G113/><T135/><D135/><U6/><E116/><V42/><F42/><AGARI ba="2,2" hai="21,22,26,30,35,42,47,49,85,91,94,99,103,107" machi="42" ten="30,7700,0" yaku="1,1,7,1,52,1,53,1" doraHai="101" doraHaiUra="88" who="0" fromWho="2" sc="283,103,207,0,255,-83,235,0" />
</Scene>
<Scene>
<INIT seed="2,0,0,5,0,11" ten="386,207,172,235" oya="2" hai0="36,103,63,128,88,91,68,55,96,19,74,71,86" hai1="61,12,110,76,125,6,107,28,54,37,27,66,33" hai2="116,118,10,98,113,60,13,64,75,123,112,84,83" hai3="31,105,47,133,30,45,8,16,1,120,14,73,59"/><V106/><F75/><W119/><G119/><T3/><D74/><U115/><E115/><V48/><F123/><W99/><G120/><T97/><D36/><U85/><E37/><V121/><F121/><W114/><G73/><T29/><D3/><U94/><E107/><V127/><F127/><W24/><G114/><T90/><D29/><U100/><E125/><V4/><F112/><W87/><G133/><T23/><D128/><U57/><E110/><V18/><F113/><W0/><G59/><N who="0" m="35327" /><D68/><U131/><E131/><V67/><F67/><W51/><G87/><T43/><D71/><U70/><E100/><V80/><F80/><W56/><G56/><T2/><D2/><U49/><E76/><V89/><F48/><W135/><G135/><T126/><D43/><U102/><E102/><V7/><F106/><W129/><G129/><T15/><D126/><U93/><E85/><V130/><F130/><W20/><G31/><T22/><D103/><U38/><E38/><V104/><F104/><W17/><G105/><T41/><D41/><U108/><E108/><V134/><F134/><W122/><G122/><T132/><D132/><U5/><E5/><V82/><F82/><W109/><G109/><T44/><D44/><U35/><E35/><V77/><F77/><W78/><G78/><T72/><D72/><U50/><E50/><V53/><F116/><W32/><G45/><T69/><D69/><U101/><E101/><V95/><F118/><W117/><G117/><T81/><D23/><U111/><E111/><V39/><F39/><W58/><G32/><T79/><AGARI ba="0,0" hai="15,19,22,79,81,86,88,90,91,96,97" m="35327" machi="79" ten="30,7900,0" yaku="5,1,8,1,52,1,54,1" doraHai="11" who="0" fromWho="0" sc="386,79,207,-20,172,-39,235,-20" />
</Scene>
<Scene>
<INIT seed="3,0,0,0,5,87" ten="465,187,133,215" oya="3" hai0="71,38,10,40,115,57,0,78,66,49,24,58,19" hai1="4,33,2,21,16,41,91,59,119,83,51,32,117" hai2="45,134,8,30,42,53,112,35,47,84,97,29,109" hai3="72,132,120,46,14,60,15,23,86,94,63,65,105"/><W100/><G120/><T90/><D78/><U135/><E135/><V116/><F112/><W107/><G72/><T102/><D102/><U61/><E2/><V130/><F116/><N who="1" m="44617" /><E4/><V129/><F109/><W55/><G132/><T7/><D57/><U93/><E83/><V34/><F134/><W43/><G55/><T52/><D24/><N who="1" m="14375" /><E51/><V131/><F97/><W28/><G63/><N who="0" m="40415" /><D19/><U89/><E41/><V48/><F8/><W44/><G44/><N who="0" m="23575" /><D90/><N who="1" m="34315" /><E93/><V99/><F99/><W50/><G105/><T5/><D7/><U17/><E17/><V124/><F42/><W122/><G107/><T82/><D115/><U69/><E69/><V128/><F130/><W92/><G122/><T18/><D18/><U73/><E73/><V103/><F48/><W12/><G100/><T37/><D37/><U127/><E127/><V79/><F103/><W6/><G6/><T81/><AGARI ba="0,0" hai="0,5,10,49,52,58,81,82" m="23575,40415" machi="81" ten="30,2000,0" yaku="24,1,54,1" doraHai="87" who="0" fromWho="0" sc="465,20,187,-5,133,-5,215,-10" />
</Scene>
<Scene>
<INIT seed="4,0,0,3,4,32" ten="485,182,128,205" oya="0" hai0="126,88,92,65,78,55,112,48,87,90,102,52,58" hai1="91,104,67,54,21,132,23,42,4,18,96,85,51" hai2="81,73,103,45,63,34,128,19,115,41,46,12,29" hai3="119,77,61,105,94,62,25,122,129,15,39,95,56"/><T13/><D112/><U86/><E132/><V27/><F115/><W135/><G119/><T125/><D78/><U131/><E131/><V127/><F128/><W71/><G129/><T10/><D102/><U22/><E67/><V84/><F127/><W2/><G105/><T31/><D65/><U98/><E104/><V3/><F73/><W6/><G39/><T33/><D55/><U133/><E133/><V99/><F63/><W108/><G71/><T97/><D33/><U69/><E69/><V44/><F41/><W130/><G135/><T8/><D31/><U107/><E4/><V38/><F38/><W0/><G130/><T101/><D90/><U26/><E42/><V70/><F70/><W59/><G77/><T1/><D1/><U14/><E85/><V11/><F3/><W89/><G25/><T113/><D113/><U50/><E50/><V79/><REACH who="2" step="1"/><F45/><REACH who="2" ten="485,182,118,205" step="2"/><W118/><G2/><T117/><D117/><U76/><E51/><V36/><F36/><W134/><G0/><T68/><D68/><U40/><E40/><V93/><AGARI ba="0,1" hai="11,12,19,27,29,34,44,46,79,81,84,93,99,103" machi="93" ten="20,2700,0" yaku="1,1,0,1,7,1,53,0" doraHai="32" doraHaiUra="60" who="2" fromWho="2" sc="485,-13,182,-7,118,37,205,-7" />
</Scene>
<Scene>
<INIT seed="5,0,0,3,3,89" ten="472,175,155,198" oya="1" hai0="128,110,100,111,77,65,61,25,68,105,30,6,37" hai1="125,7,91,123,27,84,11,16,19,94,109,102,127" hai2="55,117,17,134,0,54,108,73,133,43,22,129,38" hai3="51,13,74,126,40,71,46,131,24,63,81,112,118"/><U96/><E123/><V121/><F121/><W5/><G112/><T92/><D128/><U56/><E109/><V101/><F108/><W2/><G131/><T83/><D92/><N who="1" m="58631" /><E27/><V58/><F129/><W49/><G126/><N who="1" m="48138" /><E56/><V120/><F120/><W87/><G118/><T21/><D37/><U57/><E57/><V36/><F117/><W70/><G74/><T14/><D110/><U53/><E53/><V95/><F73/><W8/><G24/><T45/><D111/><U26/><E26/><V119/><F119/><W47/><G63/><T103/><D61/><U10/><E10/><V82/><F58/><W29/><G29/><T132/><D25/><U23/><E23/><V4/><F22/><W93/><G2/><AGARI ba="0,0" hai="2,7,11,16,19,84,91,94" m="48138,58631" machi="2" ten="30,11600,0" yaku="18,1,52,2,54,1" doraHai="89" who="1" fromWho="3" sc="472,0,175,116,155,0,198,-116" />
</Scene>
<Scene>
<INIT seed="5,1,0,4,3,65" ten="472,291,155,82" oya="1" hai0="117,76,90,131,132,6,86,112,71,82,54,89,61" hai1="12,53,119,104,55,130,81,95,9,37,46,72,106" hai2="11,122,19,20,105,1,26,83,51,97,42,70,47" hai3="78,67,124,62,66,73,2,40,39,111,69,10,99"/><U103/><E119/><V22/><F122/><W107/><G111/><T8/><D117/><U14/><E130/><V48/><F83/><N who="3" m="45519" /><G67/><T98/><D131/><U134/><E134/><V21/><F70/><W94/><G94/><T18/><D132/><U110/><E110/><V35/><F35/><W43/><G43/><T16/><D112/><U133/><E133/><V45/><F1/><W121/><G121/><T75/><D98/><U91/><E37/><V41/><REACH who="2" step="1"/><F11/><REACH who="2" ten="472,291,145,82" step="2"/><W30/><G124/><T126/><D71/><U56/><E81/><V113/><F113/><W101/><G30/><T50/><D8/><U125/><E9/><V135/><F135/><W64/><G64/><T4/><D126/><U115/><E125/><V114/><F114/><W27/><G27/><T79/><D82/><U7/><E115/><V36/><F36/><W127/><G127/><T84/><D75/><U74/><E72/><V102/><AGARI ba="1,1" hai="19,20,21,22,26,41,42,45,47,48,51,97,102,105" machi="102" ten="30,7900,0" yaku="1,1,0,1,9,1,53,1" doraHai="65" doraHaiUra="93" who="2" fromWho="2" sc="472,-21,291,-40,145,92,82,-21" />
</Scene>
<Scene>
<INIT seed="6,0,0,3,2,130" ten="451,251,237,61" oya="2" hai0="41,81,82,95,103,0,51,39,93,76,99,25,22" hai1="15,54,11,83,98,134,31,53,96,128,75,127,33" hai2="48,6,131,58,45,70,80,5,77,123,74,19,37" hai3="72,34,49,12,90,13,44,121,30,32,66,86,7"/><V110/><F123/><W27/><G121/><T1/><D39/><U64/><E128/><V67/><F131/><W129/><G129/><T3/><D41/><U16/><E127/><V84/><F110/><W9/><G72/><T108/><D108/><U40/><E134/><V69/><F74/><W29/><G66/><T68/><D68/><U10/><E40/><V43/><F69/><W119/><G119/><T113/><D51/><U118/><E118/><V71/><F71/><W114/><G114/><T47/><D47/><U23/><E33/><V115/><F115/><W21/><G13/><T26/><D113/><U79/><E64/><V28/><F28/><W91/><G30/><T73/><D82/><U88/><E10/><V20/><F70/><W55/><REACH who="3" step="1"/><G90/><REACH who="3" ten="451,251,237,51" step="2"/><T101/><D1/><U92/><E31/><V57/><F67/><W36/><G36/><T112/><D0/><U117/><E117/><V78/><F37/><W132/><G132/><T87/><D3/><U14/><E14/><N who="2" m="9335" /><F78/><W102/><G102/><T109/><D101/><U56/><E79/><V100/><F100/><W65/><G65/><T46/><D112/><U63/><E75/><V104/><F104/><W124/><G124/><T42/><D109/><U94/><E15/><V85/><F77/><W126/><G126/><T62/><D73/><U61/><E88/><V125/><F125/><W111/><G111/><T38/><D38/><U18/><E94/><AGARI ba="0,1" hai="7,9,12,21,27,29,32,34,44,49,55,86,91,94" machi="94" ten="30,3900,0" yaku="1,1,7,1,53,1" doraHai="130" doraHaiUra="2" who="3" fromWho="1" sc="451,0,251,-39,237,0,51,49" />
</Scene>
<Scene>
<INIT seed="7,0,0,1,3,13" ten="451,212,237,100" oya="3" hai0="85,0,53,11,107,1,18,91,55,48,114,46,125" hai1="45,75,132,84,19,131,6,78,124,76,86,4,74" hai2="133,30,111,93,36,50,23,87,110,40,117,7,67" hai3="100,68,77,28,81,80,41,134,89,26,120,24,22"/><W52/><G120/><T63/><D107/><U104/><E104/><V96/><F117/><W123/><G123/><T94/><D125/><U57/><E57/><V126/><F36/><W27/><G68/><T2/><D114/><U116/><E132/><V10/><F133/><W83/><G134/><T92/><D63/><U37/><E37/><V32/><F32/><W82/><G41/><T98/><D55/><U20/><E131/><V29/><F67/><W135/><G135/><T69/><D69/><U99/><E99/><V59/><F126/><W127/><G127/><T12/><D0/><U47/><E124/><V44/><F59/><W34/><G100/><AGARI ba="0,0" hai="1,2,11,12,18,46,48,53,85,91,92,94,98,100" machi="100" ten="30,2000,0" yaku="7,1,52,1" doraHai="13" who="0" fromWho="3" sc="451,20,212,0,237,0,100,-20" owari="471,57.0,212,-19.0,237,4.0,80,-42.0" />
</Scene>
</mjloggm>