<mjloggm ver="2.3"><GO type="169" lobby="0"/><UN n0="%73%66%73%66" n1="%33%35%2B" n2="%E5%A4%AA%E3%81%8F%E3%81%AA%E3%81%84%E3%81%8A" n3="%E3%81%AD%E3%82%80%E3%82%8A%E3%82%93" dan="16,16,17,16" rate="2128.69,2076.22,2245.91,2055.42" sx="M,M,M,F"/><TAIKYOKU oya="0"/>

<Scene>
<INIT seed="0,0,0,0,3,93" ten="250,250,250,250" oya="0" hai0="91,72,107,120,46,125,77,68,121,130,122,83,109" hai1="63,47,92,12,102,129,31,38,7,104,85,41,117" hai2="30,19,133,4,56,79,5,110,27,54,123,45,134" hai3="1,61,50,52,44,100,49,16,32,105,103,11,36"/><T14/><D68/><U128/><E117/><V74/><F123/><W20/><G32/><T116/><D116/><U37/><E31/><V113/><F113/><W127/><G36/><T87/><D125/><U119/><E119/><V96/><F110/><W57/><G127/><T17/><D109/><U15/><E38/><V43/><F19/><W60/><G1/><T78/><D107/><U98/><E63/><N who="3" m="24138" /><G11/><T67/><D67/><U101/><E101/><V33/><F56/><W90/><G90/><T10/><D130/><U64/><E64/><V6/><F54/><N who="3" m="31951" /><G105/><T35/><D35/><U73/><E73/><V59/><F59/><W21/><G21/><T51/><REACH who="0" step="1"/><D72/><REACH who="0" ten="240,250,250,250" step="2"/><U29/><E129/><V28/><F74/><W22/><G22/><T25/><D25/><AGARI ba="0,1" hai="16,20,25,44,50,52,100,103" m="31951,24138" machi="25" ten="30,3900,0" yaku="8,1,54,2" doraHai="93" who="3" fromWho="0" sc="240,-39,250,0,250,0,250,49" />
</Scene>
<Scene>
<INIT seed="1,0,0,0,2,92" ten="201,250,250,299" oya="1" hai0="66,76,37,88,67,46,97,55,93,53,48,132,114" hai1="106,82,130,68,89,49,17,11,5,119,65,51,43" hai2="56,77,61,30,107,105,112,73,125,1,63,115,101" hai3="90,122,117,45,98,70,127,10,69,104,44,129,38"/><U6/><E119/><V39/><F1/><W64/><G122/><T78/><D114/><N who="2" m="43562" /><F39/><W71/><G127/><T27/><D37/><U86/><E106/><V36/><F36/><W102/><G129/><T40/><D132/><U94/><E130/><V60/><F125/><W134/><G134/><T72/><D27/><U14/><E68/><V75/><F30/><W121/><G121/><T34/><D34/><U108/><E108/><V118/><F118/><W91/><G117/><T12/><D12/><U23/><E65/><N who="0" m="24585" /><D72/><N who="2" m="27722" /><F77/><AGARI ba="0,0" hai="40,46,48,53,55,76,77,78,88,93,97" m="24585" machi="77" ten="30,3900,0" yaku="8,1,52,1,54,1" doraHai="92" who="0" fromWho="2" sc="201,39,250,0,250,-39,299,0" />
</Scene>
<Scene>
<INIT seed="2,0,0,0,1,116" ten="240,250,211,299" oya="2" hai0="113,110,33,94,40,129,87,114,38,56,39,79,44" hai1="64,99,108,4,28,96,54,14,34,76,104,124,128" hai2="88,122,2,86,73,27,30,130,47,118,68,115,32" hai3="126,89,0,6,48,101,112,107,55,15,17,60,123"/><V85/><F118/><W50/><G126/><T103/><D33/><U102/><E124/><V100/><F115/><W10/><G112/><T20/><D38/><U67/><E76/><V93/><F73/><W57/><G123/><T22/><D129/><U58/><E128/><V62/><F130/><W69/><G69/><T24/><D110/><U29/><E108/><V127/><F2/><W132/><G132/><T37/><D37/><U91/><E34/><V52/><F127/><W111/><G111/><T83/><D22/><U84/><E99/><V25/><F100/><W134/><G134/><T98/><REACH who="0" step="1"/><D56/><REACH who="0" ten="230,250,211,299" step="2"/><U23/><E29/><AGARI ba="0,1" hai="20,24,29,39,40,44,79,83,87,94,98,103,113,114" machi="29" ten="30,7700,0" yaku="1,1,2,1,7,1,53,1" doraHai="116" doraHaiUra="42" who="0" fromWho="1" sc="230,87,250,-77,211,0,299,0" />
</Scene>
<Scene>
<INIT seed="3,0,0,4,4,29" ten="317,173,211,299" oya="3" hai0="131,114,18,92,109,98,71,80,17,24,4,86,69" hai1="53,30,75,48,25,129,115,120,41,110,55,36,108" hai2="133,31,3,82,40,63,50,2,127,117,28,96,125" hai3="16,81,90,54,8,1,97,20,91,79,33,35,14"/><W106/><G90/><T123/><D123/><U84/><E120/><V58/><F117/><W74/><G54/><T118/><D118/><U5/><E75/><V130/><F130/><W113/><G113/><T61/><D114/><U32/><E115/><V73/><F133/><W44/><G44/><T12/><D131/><U45/><E129/><V6/><F96/><W64/><G64/><T7/><D109/><U47/><E5/><V38/><F38/><W15/><G1/><T46/><D46/><U83/><REACH who="1" step="1"/><E53/><REACH who="1" ten="317,163,211,299" step="2"/><V27/><F6/><W122/><G122/><T19/><D7/><U39/><E39/><V68/><F73/><W112/><G112/><T119/><D4/><U104/><E104/><V102/><F2/><W43/><G43/><T135/><D119/><U62/><E62/><V95/><F63/><W124/><G106/><T11/><D61/><U60/><E60/><V121/><F40/><W22/><G124/><T52/><D52/><U0/><E0/><V56/><F121/><W49/><G49/><T42/><D42/><U99/><E99/><N who="2" m="59775" /><F3/><W77/><G97/><T76/><D98/><U70/><E70/><V85/><F68/><W59/><G74/><N who="0" m="43031" /><D71/><U87/><E87/><V26/><F50/><W23/><G59/><N who="2" m="22569" /><F127/><W107/><G107/><T101/><D69/><U37/><E37/><V13/><F125/><W88/><G81/><T67/><D86/><U116/><E116/><V65/><F85/><W105/><G105/><T134/><D67/><U21/><E21/><N who="2" m="15439" /><F65/><W100/><G22/><T34/><D134/><U78/><AGARI ba="0,1" hai="25,30,32,36,41,45,47,48,55,78,83,84,108,110" machi="78" ten="30,4000,0" yaku="1,1,0,1,52,1,53,0" doraHai="29" doraHaiUra="66" who="1" fromWho="1" sc="317,-10,163,50,211,-10,299,-20" />
</Scene>
<Scene>
<INIT seed="4,0,0,4,5,11" ten="307,213,201,279" oya="0" hai0="114,134,68,52,117,110,125,105,63,132,82,32,9" hai1="78,74,129,55,95,16,34,33,0,111,29,43,48" hai2="66,59,21,97,5,50,101,8,93,49,15,2,98" hai3="84,76,70,22,127,96,121,44,86,71,80,92,38"/><T106/><D32/><U72/><E111/><V37/><F37/><W25/><G127/><T1/><D125/><U115/><E0/><V69/><F69/><W116/><G116/><T126/><D126/><U90/><E43/><V23/><F2/><W124/><G121/><T39/><D39/><U60/><E29/><V46/><F97/><W94/><G38/><T3/><D117/><U30/><E30/><V99/><F99/><W133/><G133/><N who="0" m="51307" /><D110/><U73/><E78/><V102/><F102/><W89/><G44/><T45/><D114/><U87/><E60/><N who="2" m="38175" /><F50/><W35/><G35/><T51/><D82/><U41/><E41/><AGARI ba="0,0" hai="5,8,15,21,23,41,46,49,93,98,101" m="38175" machi="41" ten="30,2000,0" yaku="8,1,52,1" doraHai="11" who="2" fromWho="1" sc="307,0,213,-20,201,20,279,0" />
</Scene>
<Scene>
<INIT seed="5,0,0,1,0,98" ten="307,193,221,279" oya="1" hai0="117,61,35,59,71,46,34,67,112,37,56,52,64" hai1="49,100,90,106,54,94,36,122,107,99,39,26,62" hai2="74,3,12,105,73,95,21,51,72,132,47,125,1" hai3="115,42,119,7,86,81,104,124,89,57,0,92,66"/><U133/><E122/><V13/><F105/><W121/><G121/><T96/><D117/><U28/><E133/><V101/><F132/><W80/><G115/><T68/><D96/><U85/><E107/><V126/><F95/><W15/><G104/><T19/><D19/><U114/><E114/><V123/><F123/><W50/><G0/><N who="2" m="73" /><F21/><W20/><G124/><N who="2" m="47721" /><F101/><W22/><G22/><T14/><D112/><U45/><REACH who="1" step="1"/><E62/><REACH who="1" ten="307,183,221,279" step="2"/><V11/><F11/><N who="3" m="4607" /><G119/><T9/><D61/><U130/><E130/><V30/><F30/><W135/><G135/><T83/><D9/><U84/><E84/><V97/><F97/><W108/><G108/><T103/><D35/><AGARI ba="0,1" hai="26,28,35,36,39,45,49,54,85,90,94,99,100,106" machi="35" ten="30,5800,0" yaku="1,1,7,1,52,1,53,0" doraHai="98" doraHaiUra="116" who="1" fromWho="0" sc="307,-58,183,68,221,0,279,0" />
</Scene>
<Scene>
<INIT seed="5,1,0,5,2,11" ten="249,251,221,279" oya="1" hai0="89,27,79,86,106,14,16,24,35,128,33,100,62" hai1="20,91,104,32,48,22,69,107,26,18,53,77,66" hai2="21,12,7,129,113,80,110,130,70,15,13,87,71" hai3="1,30,43,98,133,61,73,34,99,92,114,126,74"/><U81/><E32/><V118/><F110/><W63/><G114/><T29/><D79/><U115/><E115/><V135/><F118/><W3/><G126/><T65/><D128/><N who="2" m="49258" /><F113/><W119/><G133/><T60/><D100/><U0/><E0/><V84/><F135/><W38/><G43/><T50/><D106/><U108/><E108/><V45/><F7/><W55/><G38/><T101/><D101/><U90/><E104/><V36/><F21/><W17/><G30/><T78/><D78/><U28/><E107/><V85/><F80/><W40/><G40/><AGARI ba="1,0" hai="12,13,15,36,40,45,70,71,84,85,87" m="49258" machi="40" ten="40,8000,1" yaku="19,1,52,3" doraHai="11" who="2" fromWho="3" sc="249,0,251,0,221,83,279,-83" />
</Scene>
<Scene>
<INIT seed="6,0,0,2,5,53" ten="249,251,304,196" oya="2" hai0="124,14,119,72,58,74,9,56,95,42,16,93,12" hai1="118,5,0,117,99,127,126,21,66,64,87,85,31" hai2="23,26,129,107,11,112,108,18,94,69,125,13,84" hai3="7,1,52,10,83,79,65,24,104,17,97,100,114"/><V47/><F107/><W123/><G123/><T4/><D124/><U96/><E5/><V30/><F69/><W110/><G110/><T3/><D119/><U116/><E21/><V81/><F108/><W105/><G114/><T35/><D35/><U40/><E31/><V101/><F112/><W37/><G37/><T25/><D25/><U88/><E40/><V61/><F125/><N who="1" m="47625" /><E0/><V130/><F61/><W36/><G36/><T8/><D42/><U120/><E120/><V51/><F94/><N who="0" m="35850" /><D74/><U28/><E28/><V77/><REACH who="2" step="1"/><F101/><REACH who="2" ten="249,251,294,196" step="2"/><W131/><G104/><T57/><D72/><U54/><E99/><V67/><F67/><W6/><G65/><T34/><D34/><U113/><E113/><V135/><F135/><W109/><G109/><T121/><D121/><U71/><E64/><V49/><F49/><W68/><G68/><T50/><D3/><U80/><E96/><V102/><F102/><W20/><G131/><T22/><D50/><U29/><E66/><V132/><F132/><W43/><G97/><T45/><D45/><U15/><E71/><V78/><F78/><W115/><G100/><T82/><D82/><U98/><E98/><V44/><F44/><W55/><G105/><T111/><D111/><U89/><E80/><V41/><AGARI ba="0,1" hai="11,13,18,23,26,30,41,47,51,77,81,84,129,130" machi="41" ten="30,3000,0" yaku="1,1,0,1,53,0" doraHai="53" doraHaiUra="32" who="2" fromWho="2" sc="249,-10,251,-10,294,40,196,-10" />
</Scene>
<Scene>
<INIT seed="6,1,0,0,2,16" ten="239,241,334,186" oya="2" hai0="89,125,53,135,97,131,23,36,86,68,17,32,79" hai1="6,64,81,59,82,101,114,51,19,9,117,127,109" hai2="50,18,118,35,95,55,24,132,74,119,48,12,91" hai3="98,108,67,120,56,104,38,20,115,106,103,5,37"/><V124/><F74/><W11/><G108/><T41/><D68/><U102/><E109/><V128/><F128/><W96/><G120/><T61/><D32/><U45/><E117/><V99/><F132/><W83/><G115/><T2/><D2/><U88/><E114/><V94/><F124/><W112/><G112/><T1/><D1/><U107/><E127/><V93/><F35/><W34/><G34/><T10/><D125/><U14/><E107/><V65/><F65/><W15/><G83/><T105/><D10/><U100/><E6/><V70/><F70/><W39/><G56/><N who="0" m="34959" /><D36/><U27/><E27/><V73/><F73/><W57/><G57/><T66/><D105/><U75/><E75/><V113/><F113/><W58/><G58/><T72/><D72/><U25/><E25/><V126/><F126/><W46/><G67/><T92/><D131/><U42/><E88/><V47/><F24/><W22/><G46/><T121/><D121/><U110/><E110/><V30/><F30/><W63/><G63/><AGARI ba="1,0" hai="9,14,19,42,45,51,59,63,64,81,82,100,101,102" machi="63" ten="40,1300,0" yaku="8,1" doraHai="16" who="1" fromWho="3" sc="239,0,241,16,334,0,186,-16" />
</Scene>
<Scene>
<INIT seed="7,0,0,3,1,95" ten="239,257,334,170" oya="3" hai0="41,78,103,34,126,108,84,109,31,81,26,51,30" hai1="93,61,77,124,104,74,44,85,16,88,87,96,99" hai2="117,40,76,62,58,27,13,80,79,18,65,116,49" hai3="33,129,135,36,89,21,19,45,29,37,25,8,55"/><W134/><G129/><T63/><D126/><U35/><E35/><V10/><F116/><W15/><G89/><T17/><D31/><U91/><E44/><N who="2" m="25735" /><F117/><W57/><G45/><T6/><D6/><U48/><E48/><V105/><F105/><W127/><G127/><T32/><D32/><U110/><E61/><V128/><F128/><W72/><G72/><T0/><D0/><U68/><E16/><N who="2" m="8247" /><F80/><W123/><G123/><T2/><D2/><U67/><E124/><V114/><F114/><W53/><G33/><T125/><D125/><U82/><E68/><V130/><F130/><W20/><G20/><AGARI ba="0,0" hai="18,20,27,58,62,65,76,79" m="8247,25735" machi="20" ten="30,2000,0" yaku="8,1,54,1" doraHai="95" who="2" fromWho="3" sc="239,0,257,0,334,20,170,-20" owari="239,-16.0,257,6.0,354,45.0,150,-35.0" />
</Scene>
</mjloggm>