<mjloggm ver="2.3"><GO type="169" lobby="0"/><UN n0="%E3%81%8B%E3%82%8B%E3%81%A1%E3%82%83%E3%82%93" n1="%E7%8E%A9%E5%80%8B%4A%42" n2="%E5%A4%AA%E3%81%8F%E3%81%AA%E3%81%84%E3%81%8A" n3="%E3%82%AB%E3%83%A9%E3%82%B9%E3%81%AE%E5%AD%90" dan="16,16,19,17" rate="2078.56,2116.41,2341.35,2182.01" sx="F,M,F,M"/><TAIKYOKU oya="0"/>

<Scene>
<INIT seed="0,0,0,4,0,74" ten="250,250,250,250" oya="0" hai0="110,106,79,134,52,0,36,94,108,5,133,30,3" hai1="128,125,57,15,100,101,8,33,12,6,109,84,104" hai2="31,96,7,127,86,126,118,116,26,4,67,59,76" hai3="119,13,64,114,78,61,46,107,56,81,44,39,90"/><T73/><D36/><U16/><E33/><V82/><F96/><W102/><G119/><N who="2" m="45609" /><F67/><W48/><G114/><T75/><D106/><U17/><E109/><N who="0" m="42089" /><D30/><U91/><E104/><V51/><F59/><W42/><G107/><T97/><D79/><U130/><E125/><N who="2" m="47627" /><F51/><W80/><G102/><N who="0" m="60727" /><D52/><U18/><E57/><V87/><F87/><W112/><G112/><T111/><D111/><U37/><E37/><V99/><F99/><W14/><G90/><T53/><D53/><U28/><E28/><V41/><F41/><W132/><G81/><T9/><D0/><U115/><E115/><V69/><F69/><W35/><G35/><AGARI ba="0,0" hai="4,7,26,31,35,76,82,86" m="47627,45609" machi="35" ten="30,3900,0" yaku="12,1,18,1,52,1" doraHai="74" who="2" fromWho="3" sc="250,0,250,0,250,39,250,-39" />
</Scene>
<Scene>
<INIT seed="1,0,0,3,2,135" ten="250,250,289,211" oya="1" hai0="130,116,39,52,75,10,26,33,100,120,99,105,117" hai1="104,4,129,0,63,121,27,44,79,67,78,125,2" hai2="90,43,42,115,96,54,109,72,61,18,65,11,134" hai3="30,81,82,107,73,131,46,7,88,13,80,66,60"/><U15/><E121/><V133/><F72/><W9/><G73/><T128/><D39/><U58/><E104/><V102/><F109/><W6/><G107/><T91/><D120/><U77/><E129/><N who="0" m="49769" /><D75/><U31/><E44/><V16/><F54/><W21/><G131/><T64/><D10/><U17/><E4/><V132/><F90/><W98/><G7/><T94/><D64/><U89/><E89/><V19/><F11/><W111/><G111/><T57/><D26/><U36/><E36/><V32/><F32/><W62/><G46/><T40/><D40/><U124/><E2/><V3/><F3/><W38/><G38/><T92/><D33/><U87/><E87/><V20/><F20/><W48/><G48/><N who="0" m="30855" /><D105/><U1/><E1/><V118/><F118/><W68/><G62/><T76/><D76/><U14/><E0/><V24/><F24/><W119/><G119/><T37/><D37/><U12/><REACH who="1" step="1"/><E17/><REACH who="1" ten="250,240,289,211" step="2"/><V74/><F74/><W86/><G98/><AGARI ba="0,1" hai="91,92,94,98,99,100,116,117" m="30855,49769" machi="98" ten="30,2000,0" yaku="19,1,54,1" doraHai="135" who="0" fromWho="3" sc="250,30,240,0,289,0,211,-20" />
</Scene>
<Scene>
<INIT seed="2,0,0,2,3,22" ten="280,240,289,191" oya="2" hai0="54,95,117,30,75,66,93,122,38,89,6,51,48" hai1="3,33,102,74,7,50,118,90,94,61,42,39,45" hai2="111,108,135,100,55,107,112,99,15,53,26,52,32" hai3="44,46,134,81,87,16,9,21,28,0,133,128,96"/><V11/><F112/><W17/><G96/><T47/><D122/><U56/><E118/><V49/><F135/><N who="3" m="51723" /><G128/><T104/><D104/><U37/><E74/><V113/><F113/><W132/><N who="3" m="51731" /><W119/><DORA hai="60" /><G119/><T41/><D75/><U129/><E129/><V97/><F97/><W88/><G0/><T58/><D117/><U105/><E33/><V71/><F71/><W2/><G2/><T18/><D6/><U70/><E70/><V34/><F49/><W14/><G28/><T62/><D30/><U13/><E3/><V131/><F131/><W109/><G109/><N who="2" m="42057" /><F26/><AGARI ba="0,0" hai="9,14,16,17,21,26,44,46,81,87,88" m="51731" machi="26" ten="40,8000,1" yaku="20,1,52,1,54,2" doraHai="22,60" who="3" fromWho="2" sc="280,0,240,0,289,-80,191,80" />
</Scene>
<Scene>
<INIT seed="3,0,0,5,1,95" ten="280,240,209,271" oya="3" hai0="51,5,107,118,46,12,27,117,1,91,49,105,61" hai1="24,21,111,9,108,29,18,16,125,116,19,56,109" hai2="4,62,52,3,67,114,80,2,59,58,79,54,13" hai3="30,38,50,35,110,90,34,121,81,82,86,97,32"/><W96/><G121/><T72/><D1/><U55/><E125/><V128/><F114/><W94/><G38/><T17/><D72/><U11/><REACH who="1" step="1"/><E116/><REACH who="1" ten="280,230,209,271" step="2"/><V85/><F128/><W76/><G110/><T75/><D118/><U42/><E42/><V7/><F67/><W22/><G50/><AGARI ba="0,1" hai="9,11,16,18,19,21,24,29,50,55,56,108,109,111" machi="50" ten="50,6400,0" yaku="1,1,14,1,54,1,53,0" doraHai="95" doraHaiUra="8" who="1" fromWho="3" sc="280,0,230,74,209,0,271,-64" />
</Scene>
<Scene>
<INIT seed="4,0,0,0,2,91" ten="280,304,209,207" oya="0" hai0="83,69,79,2,105,17,50,133,122,47,108,77,102" hai1="11,54,82,38,51,123,99,98,94,32,78,70,37" hai2="134,128,21,15,112,56,114,27,120,63,40,8,23" hai3="130,41,6,89,57,101,46,126,95,14,45,92,61"/><T81/><D122/><U74/><E123/><V44/><F128/><W0/><G0/><T68/><D133/><U110/><E70/><V39/><F134/><W111/><G111/><T86/><D2/><U84/><E32/><V5/><F120/><W18/><G130/><T42/><D108/><U4/><E99/><V113/><REACH who="2" step="1"/><F27/><REACH who="2" ten="280,304,199,207" step="2"/><W87/><G126/><T24/><D105/><U88/><E110/><V7/><F7/><W124/><G124/><T52/><D102/><U1/><REACH who="1" step="1"/><E74/><REACH who="1" ten="280,294,199,207" step="2"/><V97/><F97/><N who="3" m="59583" /><G6/><T117/><D117/><U119/><E119/><V73/><F73/><W59/><G41/><T103/><D103/><U10/><E10/><V16/><F16/><W121/><G121/><T100/><D100/><U31/><E31/><V25/><F25/><W35/><G35/><T33/><D33/><U29/><E29/><V93/><F93/><W118/><G118/><T12/><D24/><U48/><E48/><V71/><F71/><W107/><G107/><T131/><D131/><U19/><E19/><V13/><F13/><W76/><G18/><T9/><REACH who="0" step="1"/><D42/><REACH who="0" ten="270,294,199,207" step="2"/><U109/><E109/><V116/><F116/><W26/><G26/><T90/><D90/><U80/><E80/><V30/><F30/><W53/><G89/><T60/><D60/><U85/><E85/><AGARI ba="0,3" hai="9,12,17,47,50,52,68,69,77,79,81,83,85,86" machi="85" ten="30,18000,2" yaku="1,1,7,1,9,1,54,1,53,2" doraHai="91" doraHaiUra="72" who="0" fromWho="1" sc="270,210,294,-180,199,0,207,0" />
</Scene>
<Scene>
<INIT seed="4,1,0,2,2,83" ten="480,114,199,207" oya="0" hai0="133,23,21,134,53,8,16,32,51,101,65,56,97" hai1="107,9,12,129,132,28,105,63,108,47,58,110,29" hai2="33,99,114,135,84,95,91,106,10,111,120,119,43" hai3="2,13,57,82,122,104,19,18,79,42,36,4,85"/><T72/><D72/><U76/><E132/><N who="0" m="50793" /><D32/><U112/><E129/><V60/><F33/><W68/><G68/><T5/><D65/><U118/><E112/><V64/><F135/><W48/><G36/><T41/><D41/><U26/><E47/><V86/><F111/><W89/><G122/><T78/><D78/><U25/><E76/><V96/><F120/><W6/><G104/><N who="0" m="63535" /><D16/><N who="3" m="6185" /><G2/><AGARI ba="1,0" hai="2,5,8,21,23,51,53,56" m="63535,50793" machi="2" ten="30,1500,0" yaku="20,1" doraHai="83" who="0" fromWho="3" sc="480,18,114,0,199,0,207,-18" />
</Scene>
<Scene>
<INIT seed="4,2,0,0,5,111" ten="498,114,199,189" oya="0" hai0="48,130,0,101,88,94,117,31,18,126,34,104,83" hai1="93,124,6,36,132,58,51,96,53,47,76,49,11" hai2="56,74,128,9,50,86,60,99,38,44,109,30,68" hai3="43,106,73,107,118,98,67,13,78,41,37,8,46"/><T28/><D117/><U95/><E36/><V92/><F74/><W81/><G118/><T63/><D0/><U4/><E132/><V35/><F109/><W116/><G116/><T105/><D130/><U33/><E124/><V20/><F35/><W19/><G43/><T108/><D108/><U121/><E33/><V113/><F128/><W21/><G67/><T129/><D129/><U16/><E76/><V5/><F68/><W120/><G120/><T39/><D39/><U27/><E121/><V64/><F38/><W61/><G61/><T23/><D101/><U29/><E29/><V102/><F86/><W10/><G98/><T40/><D83/><U45/><E58/><V12/><F113/><W2/><REACH who="3" step="1"/><G10/><REACH who="3" ten="498,114,199,179" step="2"/><T17/><D63/><U90/><E11/><V112/><F64/><W80/><G80/><T7/><D40/><N who="1" m="24807" /><E93/><V69/><F92/><W85/><G85/><T125/><D125/><U87/><E87/><V97/><F9/><W15/><G15/><T131/><D126/><U65/><E65/><V66/><F12/><W54/><G54/><T57/><D131/><U72/><E72/><V91/><F66/><W115/><G115/><T114/><D114/><U55/><E53/><V62/><F112/><W127/><G127/><T52/><D105/><U135/><E135/><V24/><F62/><W71/><G71/><T123/><D104/><U82/><E82/><V134/><F60/><W70/><G70/><T14/><D123/><U42/><E55/><V110/><F69/><W103/><G103/><T59/><D52/><U22/><AGARI ba="2,1" hai="4,6,16,22,27,42,45,51,90,95,96" m="24807" machi="22" ten="30,2000,0" yaku="8,1,54,1" doraHai="111" who="1" fromWho="1" sc="498,-12,114,36,199,-7,179,-7" />
</Scene>
<Scene>
<INIT seed="5,0,0,2,1,105" ten="486,150,192,172" oya="1" hai0="115,60,130,22,59,102,11,93,86,14,61,50,122" hai1="68,8,19,10,80,12,31,125,30,100,42,90,82" hai2="133,67,83,56,70,109,75,99,37,44,52,98,40" hai3="15,127,132,121,62,118,7,135,4,97,77,53,38"/><U104/><E68/><V134/><F109/><W26/><G121/><T34/><D115/><U18/><E125/><V108/><F108/><W103/><G38/><T17/><D34/><U27/><E42/><V89/><F67/><W94/><G127/><T65/><D130/><U29/><E90/><V126/><F70/><W106/><G118/><T101/><D50/><U110/><E110/><V73/><F126/><W112/><G112/><T13/><D122/><U131/><E131/><V43/><F43/><W35/><G77/><T5/><D60/><U81/><E104/><V66/><F66/><W64/><G53/><T55/><D65/><U124/><E124/><V96/><F89/><AGARI ba="0,0" hai="5,11,13,14,17,22,55,59,61,86,89,93,101,102" machi="89" ten="40,1300,0" yaku="8,1" doraHai="105" who="0" fromWho="2" sc="486,13,150,0,192,-13,172,0" />
</Scene>
<Scene>
<INIT seed="6,0,0,2,5,119" ten="499,150,179,172" oya="2" hai0="81,86,107,131,57,125,55,103,9,29,116,66,84" hai1="33,12,76,94,61,25,42,121,54,120,36,128,89" hai2="64,129,97,39,75,4,20,6,123,115,82,37,95" hai3="106,14,31,87,59,71,63,78,51,34,35,21,110"/><V53/><F64/><W7/><G110/><T58/><D116/><U130/><E76/><V126/><F115/><W109/><G109/><T132/><D131/><N who="1" m="50219" /><E12/><V91/><F123/><N who="1" m="47177" /><E42/><V16/><F129/><W27/><G14/><T101/><D132/><U135/><E36/><V102/><F126/><W70/><G78/><T32/><D125/><U1/><E1/><V43/><F43/><W44/><G27/><T77/><D58/><N who="1" m="35031" /><E135/><V48/><F37/><W5/><G5/><T80/><D77/><U40/><E40/><V22/><F39/><W30/><G7/><T8/><D107/><U118/><E118/><V111/><F111/><W28/><G106/><T47/><D32/><U68/><E68/><V113/><F113/><W11/><G35/><T99/><D29/><U112/><E112/><V108/><F108/><W98/><G31/><T62/><D8/><U124/><E124/><V38/><F38/><W79/><G30/><T23/><D9/><U117/><E117/><V13/><F22/><W56/><G21/><T24/><D23/><U85/><E25/><V134/><F134/><W114/><G79/><T72/><D24/><U2/><E2/><V104/><F75/><W50/><G71/><T3/><D72/><U127/><E127/><V41/><F41/><W133/><G70/><T0/><D0/><U74/><E33/><V100/><F82/><W46/><G34/><T105/><D3/><U69/><E69/><V10/><F104/><W93/><G133/><T18/><D105/><U88/><E74/><V45/><F20/><W122/><G114/><T73/><D73/><RYUUKYOKU ba="0,0" sc="499,-15,150,15,179,15,172,-15" hai1="85,88,89,94" hai2="4,6,10,13,16,45,48,53,91,95,97,100,102" />
</Scene>
<Scene>
<INIT seed="6,1,0,4,5,88" ten="484,165,194,157" oya="2" hai0="89,5,84,65,108,129,57,6,8,118,16,100,77" hai1="92,124,105,107,135,21,17,134,72,123,87,68,54" hai2="131,96,19,11,63,94,115,38,7,27,76,10,9" hai3="58,56,120,41,64,15,51,125,95,121,113,59,40"/><V79/><F38/><W126/><G15/><T119/><D108/><U29/><E124/><N who="3" m="47722" /><G95/><N who="0" m="54695" /><D77/><N who="2" m="29770" /><F115/><W39/><G113/><T97/><D129/><U90/><E123/><N who="3" m="47178" /><G39/><T34/><D34/><U81/><E68/><V93/><F131/><W73/><G73/><T30/><D30/><U31/><E72/><V22/><F7/><W106/><G106/><N who="1" m="40458" /><E81/><V133/><F133/><N who="1" m="50697" /><E54/><V122/><F122/><W70/><G51/><T32/><D32/><U12/><AGARI ba="1,0" hai="12,17,21,29,31,87,90,92" m="50697,40458" machi="12" ten="30,2000,0" yaku="20,1,52,1" doraHai="88" who="1" fromWho="1" sc="484,-6,165,23,194,-11,157,-6" />
</Scene>
<Scene>
<INIT seed="7,0,0,4,2,118" ten="478,188,183,151" oya="3" hai0="119,131,30,20,112,87,61,135,76,110,133,43,33" hai1="18,14,79,98,94,38,109,3,53,117,32,127,35" hai2="24,64,80,17,26,115,44,54,71,19,55,125,58" hai3="67,8,59,12,114,70,47,105,84,34,2,65,95"/><W83/><G105/><T121/><D110/><U68/><E109/><V72/><F71/><W89/><G34/><T88/><D112/><U49/><E3/><V11/><F115/><W82/><G114/><T36/><D121/><U123/><E123/><V78/><F125/><W132/><G132/><T27/><D119/><U1/><E1/><V99/><F99/><W50/><G2/><T10/><D76/><U29/><E127/><V85/><F72/><W134/><G70/><T37/><D10/><U31/><E38/><V5/><F5/><W120/><G120/><T13/><D61/><U52/><E68/><V75/><F75/><W60/><G67/><T66/><D66/><U73/><E32/><V7/><F7/><W90/><G134/><T108/><D131/><U101/><E35/><V69/><F69/><W126/><G126/><T116/><D116/><U111/><E111/><V15/><F19/><N who="3" m="8583" /><G90/><T104/><D104/><U16/><E18/><V91/><F91/><W48/><G48/><T4/><D108/><U62/><E117/><V129/><F129/><W42/><AGARI ba="0,0" hai="42,47,50,59,60,65,82,83,84,89,95" m="8583" machi="42" ten="30,1500,0" yaku="8,1" doraHai="118" who="3" fromWho="3" sc="478,-5,188,-5,183,-5,151,15" />
</Scene>
<Scene>
<INIT seed="7,1,0,2,4,122" ten="473,183,178,166" oya="3" hai0="98,2,74,95,39,42,102,109,52,71,64,92,77" hai1="13,25,115,128,99,116,50,55,103,29,5,27,36" hai2="91,12,90,38,73,87,22,17,66,111,69,131,134" hai3="20,79,46,117,135,72,104,125,112,19,41,43,126"/><W30/><G117/><T1/><D109/><U75/><E36/><V26/><F111/><W60/><G104/><T127/><D127/><N who="3" m="48649" /><G112/><T88/><D77/><U11/><E75/><V10/><F73/><W18/><G135/><T78/><D78/><U97/><E115/><V89/><F38/><N who="3" m="21815" /><G43/><T107/><D74/><U62/><E116/><V53/><F134/><W124/><N who="3" m="48657" /><W106/><DORA hai="32" /><G106/><T83/><D83/><U133/><E133/><V23/><F131/><W113/><G113/><T34/><D34/><U33/><E128/><V47/><F69/><W59/><G79/><T28/><D107/><U51/><E33/><V86/><F66/><N who="3" m="39199" /><G72/><T118/><D118/><U120/><E120/><V45/><F22/><W82/><G82/><T61/><D28/><U110/><E29/><N who="2" m="17631" /><F47/><W84/><G84/><T9/><D42/><U121/><E121/><V81/><F87/><W119/><G119/><T35/><D39/><U44/><E44/><V76/><F76/><W130/><G130/><T58/><D35/><U57/><E110/><V6/><F17/><N who="3" m="6155" /><G20/><T80/><D80/><U24/><E99/><V54/><F54/><W93/><G30/><T37/><D37/><U14/><E97/><V40/><F40/><W21/><G21/><T101/><D101/><U68/><E103/><V0/><F0/><W65/><G65/><T105/><D105/><U129/><E129/><V8/><F8/><W96/><G96/><N who="0" m="57351" /><D9/><N who="1" m="4271" /><E68/><V132/><F132/><W108/><G108/><T85/><D85/><U15/><E11/><V70/><F70/><W16/><N who="3" m="6163" /><W7/><DORA hai="123" /><G7/><RYUUKYOKU ba="1,0" sc="473,0,183,0,178,0,166,0" hai0="1,2,52,58,61,64,71,95,98,102" hai1="14,15,24,25,27,50,51,55,57,62" hai2="6,10,12,45,53,81,86,89,90,91" hai3="93" />
</Scene>
<Scene>
<INIT seed="7,2,0,5,4,104" ten="473,183,178,166" oya="3" hai0="52,66,46,58,105,81,59,108,4,93,6,82,70" hai1="57,51,35,29,38,117,120,130,102,30,135,27,124" hai2="22,97,95,123,129,15,114,42,80,63,87,73,122" hai3="48,115,13,11,19,67,43,45,107,16,100,28,36"/><W112/><G67/><T7/><D105/><U90/><E120/><N who="2" m="46123" /><F114/><N who="3" m="43563" /><G28/><T88/><D108/><U25/><E38/><V68/><F129/><W5/><G36/><T113/><D70/><U0/><E0/><V47/><F73/><W9/><G9/><T44/><D113/><U131/><E102/><N who="2" m="60735" /><F63/><W50/><G48/><N who="0" m="30983" /><D59/><U18/><E117/><V65/><F65/><W2/><G2/><T56/><D56/><U24/><E135/><V119/><F68/><W21/><G21/><T33/><D33/><U3/><E3/><V49/><F119/><W134/><G134/><T91/><D66/><U121/><E121/><V106/><F106/><W39/><G39/><T23/><D23/><U109/><E109/><V125/><F125/><W60/><G60/><T37/><D37/><U92/><E124/><V79/><F22/><W41/><G43/><T132/><D132/><U75/><E75/><V99/><F99/><AGARI ba="2,0" hai="5,11,13,16,19,41,45,50,99,100,107" m="43563" machi="99" ten="30,2900,0" yaku="15,1,54,1" doraHai="104" who="3" fromWho="2" sc="473,0,183,0,178,-35,166,35" />
</Scene>
<Scene>
<INIT seed="7,3,0,4,3,52" ten="473,183,143,201" oya="3" hai0="24,93,132,80,126,27,38,113,19,71,56,68,36" hai1="130,44,60,1,37,103,104,25,135,96,115,74,75" hai2="16,111,70,95,131,41,121,72,63,34,62,20,123" hai3="46,28,73,76,6,48,54,9,98,43,4,88,105"/><W66/><G28/><T108/><D108/><U11/><E115/><V119/><F111/><W117/><G117/><T128/><D132/><U94/><E135/><V29/><F119/><W26/><G26/><T5/><D5/><N who="1" m="1455" /><E94/><V100/><F72/><W91/><G66/><T87/><D27/><U125/><E125/><V51/><F29/><W106/><G6/><T33/><D128/><U50/><E50/><V92/><F34/><W53/><G53/><T58/><D33/><U90/><E90/><V89/><F100/><W8/><G8/><T112/><D80/><U65/><E25/><N who="2" m="14471" /><F70/><W97/><G106/><T69/><D24/><U118/><E130/><V129/><F129/><W7/><G105/><T85/><D19/><U15/><E15/><V79/><F79/><W18/><G76/><T59/><D126/><U22/><E22/><V114/><F131/><W0/><G73/><T31/><D31/><U101/><E101/><V2/><F2/><W84/><G0/><T99/><D99/><U67/><E118/><V13/><F13/><W12/><G7/><T3/><D3/><U127/><E127/><V78/><F78/><W57/><G4/><T77/><D77/><U102/><E102/><V109/><F109/><W39/><G91/><N who="0" m="53487" /><D87/><U55/><E75/><V122/><F114/><AGARI ba="3,0" hai="36,38,56,58,59,68,69,71,112,113,114" m="53487" machi="114" ten="40,8000,1" yaku="15,1,11,1,52,3" doraHai="52" who="0" fromWho="2" sc="473,89,183,0,143,-89,201,0" owari="562,67.0,183,-22.0,54,-45.0,201,0.0" />
</Scene>
</mjloggm>