<mjloggm ver="2.3"><GO type="169" lobby="0"/><UN n0="%E3%83%AA%E3%83%81%E3%83%A3%21%21" n1="%E3%81%82%E3%81%B2%E3%82%8B%E3%81%95%E3%82%93" n2="%E3%82%AE%E3%82%AC%E3%83%9E%E3%82%A4%E3%83%B3" n3="%E5%A4%AA%E3%81%8F%E3%81%AA%E3%81%84%E3%81%8A" dan="16,16,18,18" rate="2111.03,2018.01,2182.70,2255.52" sx="M,M,M,M"/><TAIKYOKU oya="0"/>

<Scene>
<INIT seed="0,0,0,2,5,83" ten="250,250,250,250" oya="0" hai0="49,93,18,55,76,62,91,126,123,100,23,113,15" hai1="117,3,24,116,105,30,42,10,21,94,50,2,31" hai2="22,88,28,134,81,78,71,53,95,99,58,51,122" hai3="37,133,26,131,8,52,115,130,65,59,40,69,129"/><T112/><D123/><U36/><E105/><V74/><F71/><W109/><G8/><T84/><D126/><U11/><E36/><V64/><F122/><W7/><G7/><T33/><D33/><U96/><E2/><V16/><F64/><W72/><G72/><T60/><D100/><U101/><E31/><V57/><F28/><W63/><G26/><T85/><D112/><U92/><E3/><V27/><REACH who="2" step="1"/><F134/><REACH who="2" ten="250,250,240,250" step="2"/><W104/><G133/><T77/><D113/><U106/><E30/><V89/><F89/><W103/><G115/><T56/><D77/><U38/><E101/><V14/><F14/><W124/><G124/><T128/><D128/><U107/><E24/><V6/><F6/><W45/><G103/><T67/><D67/><U114/><E114/><V61/><F61/><N who="3" m="36071" /><G104/><T32/><D32/><U68/><E107/><V29/><F29/><W25/><G25/><T17/><D18/><U12/><E106/><V70/><F70/><W118/><G109/><T9/><D9/><U73/><E11/><V35/><F35/><W75/><G75/><T120/><D120/><U1/><E73/><V54/><F54/><W132/><G132/><T102/><D102/><U39/><E68/><V97/><F97/><W48/><G118/><T110/><D110/><U0/><E117/><V13/><F13/><W111/><G111/><T82/><AGARI ba="0,1" hai="15,17,23,49,55,56,60,62,76,82,84,85,91,93" machi="82" ten="30,18000,2" yaku="0,1,25,2,8,1,52,2" doraHai="83" who="0" fromWho="0" sc="250,190,250,-60,240,-60,250,-60" />
</Scene>
<Scene>
<INIT seed="0,1,0,2,4,35" ten="440,190,180,190" oya="0" hai0="100,111,6,131,90,114,123,27,61,108,26,122,113" hai1="55,38,12,133,86,64,30,83,18,78,106,124,94" hai2="41,89,11,103,2,104,37,7,132,0,44,121,95" hai3="20,15,54,82,3,22,85,84,25,1,129,75,13"/><T56/><D131/><U39/><E106/><V80/><F121/><N who="0" m="46090" /><D100/><U110/><E110/><N who="0" m="42025" /><D90/><U125/><E133/><V40/><F132/><W70/><G70/><T48/><D6/><U50/><E30/><V98/><F41/><W81/><G54/><N who="0" m="33943" /><D27/><U68/><E68/><V97/><F80/><W72/><G25/><T53/><D26/><U17/><E83/><V102/><F89/><W16/><G16/><T52/><D52/><U9/><E18/><V107/><F95/><W63/><G63/><T120/><D120/><U29/><E94/><V28/><F28/><W109/><G109/><T87/><D87/><U91/><E29/><V8/><F8/><W66/><REACH who="3" step="1"/><G129/><REACH who="3" ten="440,190,180,180" step="2"/><T42/><D42/><U21/><E55/><V36/><F40/><W14/><G14/><T112/><D112/><U99/><E12/><V69/><F2/><W60/><G60/><T105/><D105/><U101/><E17/><V96/><F107/><W71/><G71/><T76/><D76/><U74/><E78/><V134/><F104/><W127/><G127/><T49/><D49/><U4/><E50/><V77/><F77/><W93/><G93/><T73/><D73/><U130/><E74/><V57/><F0/><W43/><G43/><T126/><D126/><U5/><E130/><V58/><F69/><W46/><G46/><AGARI ba="1,1" hai="46,48,53,113,114" m="33943,42025,46090" machi="46" ten="30,11600,0" yaku="14,1,10,1,34,2" doraHai="35" who="0" fromWho="3" sc="440,129,190,0,180,0,180,-119" />
</Scene>
<Scene>
<INIT seed="0,2,0,5,0,107" ten="569,190,180,61" oya="0" hai0="63,47,1,26,51,15,70,68,117,128,106,93,65" hai1="76,71,83,123,42,49,7,77,3,129,87,124,84" hai2="37,45,31,38,97,103,29,27,17,115,40,11,127" hai3="25,121,85,19,69,135,41,62,39,96,72,21,104"/><T36/><D106/><U74/><E71/><V44/><F115/><W81/><G135/><T112/><D1/><U30/><E123/><V89/><F127/><W120/><G41/><T60/><D117/><U56/><E129/><V5/><F89/><W113/><G39/><T16/><D112/><U57/><E124/><V23/><F44/><W131/><G113/><T8/><D128/><U18/><E30/><V133/><F38/><W125/><G125/><T86/><D36/><U0/><E42/><V4/><F133/><W119/><G119/><T2/><D2/><U114/><E114/><V118/><F118/><W90/><G131/><T99/><D86/><U58/><E49/><V55/><F55/><W79/><G69/><T64/><D26/><U130/><E130/><V43/><F43/><W54/><G54/><T94/><D99/><U116/><E116/><V75/><F75/><W109/><G62/><T6/><D6/><U59/><E59/><V73/><F73/><W12/><G25/><T34/><D34/><U98/><E98/><V80/><F80/><W100/><REACH who="3" step="1"/><G109/><REACH who="3" ten="569,190,180,51" step="2"/><T88/><D68/><U105/><E57/><V108/><F108/><W50/><G50/><T67/><D70/><U82/><E58/><V46/><F37/><W52/><G52/><N who="0" m="29823" /><D94/><AGARI ba="2,1" hai="12,19,21,72,79,81,85,90,94,96,100,104,120,121" machi="94" ten="40,8000,1" yaku="1,1,24,2,52,1,53,0" doraHai="107" doraHaiUra="66" who="3" fromWho="0" sc="569,-86,190,0,180,0,51,96" />
</Scene>
<Scene>
<INIT seed="1,0,0,2,0,60" ten="483,190,180,147" oya="1" hai0="61,57,25,92,134,48,6,34,123,67,45,135,14" hai1="90,19,55,108,29,28,69,101,52,21,0,43,94" hai2="3,9,53,24,41,17,129,4,130,72,22,107,13" hai3="54,33,68,131,8,113,86,114,95,51,106,111,89"/><U88/><E0/><V82/><F107/><W44/><G106/><T62/><D123/><U76/><E101/><V98/><F41/><W117/><G33/><T112/><D112/><U40/><E76/><V75/><F98/><W116/><G68/><T47/><D92/><U104/><E104/><V20/><F53/><N who="1" m="20553" /><E69/><V97/><F97/><W27/><G27/><T74/><D74/><U26/><E108/><V7/><F7/><W36/><G36/><T23/><D61/><U2/><E2/><V73/><REACH who="2" step="1"/><F82/><REACH who="2" ten="483,190,170,147" step="2"/><W39/><G114/><T56/><D6/><U125/><E125/><V105/><F105/><W127/><G113/><T35/><D134/><U71/><E43/><V119/><F119/><W30/><G127/><T110/><D135/><U79/><E40/><V18/><AGARI ba="0,1" hai="3,4,9,13,17,18,20,22,24,72,73,75,129,130" machi="18" ten="40,2700,0" yaku="1,1,0,1,53,0" doraHai="60" doraHaiUra="38" who="2" fromWho="2" sc="483,-7,190,-13,170,37,147,-7" />
</Scene>
<Scene>
<INIT seed="2,0,0,5,2,47" ten="476,177,207,140" oya="2" hai0="26,97,106,130,88,24,70,73,48,10,132,40,46" hai1="13,11,1,99,115,112,58,49,92,63,135,54,45" hai2="83,32,77,62,127,67,71,102,95,101,59,68,85" hai3="76,5,23,18,113,98,126,105,14,55,124,74,128"/><V125/><F32/><W3/><G128/><T69/><D73/><U36/><E1/><V119/><F119/><W37/><G37/><T53/><D130/><U44/><E135/><V41/><F41/><W108/><G108/><T122/><D88/><U34/><E34/><V0/><F0/><W19/><G113/><T56/><D122/><U4/><E36/><V65/><F65/><W90/><G3/><T25/><D10/><U9/><E11/><V118/><F118/><W50/><G5/><T39/><REACH who="0" step="1"/><D132/><REACH who="0" ten="466,177,207,140" step="2"/><U134/><E134/><V2/><F102/><AGARI ba="0,1" hai="24,25,26,39,40,46,48,53,56,69,70,97,102,106" machi="102" ten="40,5200,0" yaku="1,1,2,1,52,1,53,0" doraHai="47" doraHaiUra="60" who="0" fromWho="2" sc="466,62,177,0,207,-52,140,0" />
</Scene>
<Scene>
<INIT seed="3,0,0,2,3,95" ten="528,177,155,140" oya="3" hai0="71,47,133,51,0,53,101,119,72,48,22,110,23" hai1="41,73,102,111,36,66,90,40,99,115,45,64,17" hai2="121,108,67,109,10,55,30,59,25,18,37,94,68" hai3="85,31,104,98,118,4,33,42,6,5,120,54,129"/><W112/><G112/><T124/><D71/><U58/><E73/><V123/><F37/><W97/><G118/><T9/><D9/><U19/><E115/><V107/><F107/><W13/><G120/><N who="2" m="46153" /><F67/><W77/><G129/><T39/><D0/><U7/><E111/><V2/><F68/><W89/><G77/><T78/><D124/><U62/><E66/><V84/><F84/><W34/><G42/><T113/><D133/><U20/><E7/><N who="2" m="1399" /><F94/><W3/><G3/><T35/><D22/><U27/><E41/><V65/><F65/><W74/><G74/><T16/><D23/><U134/><E134/><V93/><F93/><W46/><G13/><T28/><D35/><U32/><E32/><N who="2" m="20559" /><F18/><W117/><G104/><T24/><D16/><U75/><E75/><V92/><F92/><W105/><G105/><T69/><D24/><U60/><E27/><V61/><AGARI ba="0,0" hai="55,59,61,108,109" m="20559,1399,46153" machi="61" ten="30,1100,0" yaku="13,1" doraHai="95" who="2" fromWho="2" sc="528,-3,177,-3,155,11,140,-5" />
</Scene>
<Scene>
<INIT seed="4,0,0,0,1,58" ten="525,174,166,135" oya="0" hai0="128,100,31,123,96,124,77,115,103,57,56,78,42" hai1="71,27,68,9,0,73,13,14,60,93,69,105,95" hai2="130,45,8,81,18,53,7,72,51,24,86,129,21" hai3="106,10,98,65,44,134,92,61,49,54,37,50,109"/><T116/><D123/><U131/><E105/><V113/><F72/><W83/><G109/><T111/><D116/><U41/><E73/><V94/><F94/><W125/><G125/><T104/><D111/><U89/><E0/><V112/><F86/><W6/><G134/><T63/><D128/><N who="2" m="49258" /><F81/><W32/><G32/><T135/><D135/><U82/><E131/><V29/><F29/><W120/><G120/><T2/><D2/><AGARI ba="0,0" hai="2,7,8,18,21,24,45,51,53,112,113" m="49258" machi="2" ten="30,1000,0" yaku="19,1" doraHai="58" who="2" fromWho="0" sc="525,-10,174,0,166,10,135,0" />
</Scene>
<Scene>
<INIT seed="5,0,0,4,2,101" ten="515,174,176,135" oya="1" hai0="108,81,39,102,54,105,109,19,87,121,52,103,106" hai1="28,29,33,60,100,119,96,122,83,27,2,64,123" hai2="24,113,77,11,13,37,132,129,85,57,18,48,5" hai3="68,92,10,71,114,86,127,34,63,94,4,97,31"/><U70/><E119/><V118/><F37/><W74/><G74/><T112/><D39/><U124/><E124/><V73/><F118/><W32/><G127/><T51/><D19/><U44/><E2/><V9/><F73/><W110/><G110/><T79/><D54/><U69/><E69/><V25/><F132/><W6/><G114/><T82/><D112/><U134/><E134/><V89/><F77/><W21/><G21/><T14/><D14/><U38/><E29/><V30/><F113/><W15/><G31/><T53/><D53/><U135/><E135/><V7/><F129/><W84/><G15/><T16/><D16/><U59/><E59/><V49/><F57/><W116/><G116/><T126/><D126/><U90/><E90/><V120/><F120/><W91/><G91/><T128/><D121/><U1/><E83/><V12/><F18/><W99/><REACH who="3" step="1"/><G63/><REACH who="3" ten="515,174,176,125" step="2"/><T80/><D128/><U20/><E20/><N who="2" m="15623" /><F25/><W130/><G130/><T58/><D109/><U56/><E1/><V42/><F42/><W115/><G115/><T117/><D108/><U35/><E33/><V72/><F72/><W125/><G125/><T41/><D117/><U88/><E88/><V26/><F26/><W76/><G76/><T131/><D131/><U98/><E123/><V46/><F46/><W36/><G36/><T93/><D41/><U47/><E122/><V55/><F49/><W45/><G45/><T23/><D23/><U75/><E75/><V65/><F89/><W111/><G111/><T50/><D79/><U43/><E47/><N who="2" m="28063" /><F85/><W0/><G0/><T8/><D87/><RYUUKYOKU ba="0,1" sc="515,-15,174,-15,176,15,125,15" hai2="5,7,9,11,12,13,65" hai3="4,6,10,32,34,68,71,84,86,92,94,97,99" />
</Scene>
<Scene>
<INIT seed="6,1,1,3,2,95" ten="500,159,191,140" oya="2" hai0="60,132,134,44,62,128,46,58,67,64,80,57,25" hai1="106,135,124,47,118,123,83,79,109,111,34,84,133" hai2="92,122,29,115,53,81,75,55,42,31,17,50,3" hai3="59,63,7,2,74,87,110,9,66,19,71,102,120"/><V121/><F115/><W85/><G110/><N who="1" m="41994" /><E34/><V126/><F126/><W112/><G120/><T51/><D25/><U88/><E47/><N who="0" m="17961" /><D80/><N who="1" m="49159" /><E118/><V78/><F42/><W15/><G74/><T26/><D26/><U45/><E45/><V116/><F116/><W93/><G71/><N who="0" m="42375" /><D128/><U18/><E18/><V97/><F3/><W24/><G112/><T48/><D58/><U41/><E41/><V43/><F43/><W117/><G117/><T4/><D4/><U125/><E106/><V11/><F31/><W86/><G24/><T108/><D108/><U127/><E123/><V56/><F29/><W10/><REACH who="3" step="1"/><G85/><AGARI ba="1,1" hai="79,83,85,124,125,127,133,135" m="49159,41994" machi="85" ten="40,8000,1" yaku="18,1,34,2,54,1" doraHai="95" who="1" fromWho="3" sc="500,0,159,93,191,0,140,-83" />
</Scene>
<Scene>
<INIT seed="7,0,0,3,4,65" ten="500,252,191,57" oya="3" hai0="112,51,47,52,129,74,128,109,116,14,90,63,56" hai1="42,67,100,7,49,27,44,97,9,26,66,11,134" hai2="33,94,18,3,99,86,61,21,23,34,106,62,119" hai3="113,2,12,76,4,35,78,104,108,53,24,10,115"/><W57/><G104/><T105/><D116/><U60/><E134/><V54/><F119/><W88/><G108/><T93/><D109/><U123/><E123/><V89/><F3/><W83/><G2/><T32/><D112/><N who="3" m="43081" /><G35/><T37/><D32/><U50/><E67/><V102/><F23/><W103/><G103/><T87/><D74/><U79/><E79/><V81/><F34/><W45/><G45/><T43/><D105/><U58/><E50/><V25/><F33/><W48/><G24/><N who="1" m="9258" /><E7/><V70/><F70/><W15/><G15/><T126/><D126/><U117/><E117/><V114/><F114/><W20/><G20/><T0/><D0/><U127/><E127/><V5/><F106/><W98/><G98/><T40/><D40/><U85/><E85/><AGARI ba="0,0" hai="4,10,12,48,53,57,76,78,83,85,88" m="43081" machi="85" ten="30,2900,0" yaku="15,1,54,1" doraHai="65" who="3" fromWho="1" sc="500,0,252,-29,191,0,57,29" />
</Scene>
<Scene>
<INIT seed="7,1,0,1,4,37" ten="500,223,191,86" oya="3" hai0="48,54,133,1,18,22,35,122,123,8,93,125,94" hai1="129,44,91,102,108,127,110,86,88,135,59,128,109" hai2="63,68,106,46,41,85,69,97,62,124,118,11,39" hai3="31,72,19,87,121,57,92,114,58,51,111,17,47"/><W131/><G72/><T24/><D133/><U38/><E102/><V2/><F118/><W134/><G121/><T34/><D125/><U23/><E135/><V103/><F124/><W100/><G134/><T10/><D93/><U55/><E127/><V78/><F63/><W67/><G114/><T73/><D94/><U95/><E91/><V50/><F62/><N who="3" m="38351" /><G131/><T52/><D73/><U33/><E33/><N who="0" m="12297" /><D52/><U60/><REACH who="1" step="1"/><E23/><REACH who="1" ten="500,213,191,86" step="2"/><V53/><F106/><W104/><G104/><T43/><D48/><U36/><E36/><V113/><F69/><W130/><G130/><T89/><D54/><U6/><E6/><V83/><F68/><W117/><G117/><T120/><D18/><N who="3" m="6665" /><G111/><T77/><D24/><U45/><E45/><V20/><F2/><W28/><G58/><T132/><D77/><U21/><E21/><V12/><F39/><W13/><G13/><T40/><D132/><U56/><E56/><V105/><F12/><W16/><N who="3" m="6673" /><W84/><DORA hai="76" /><G100/><T5/><D1/><U9/><E9/><V96/><F103/><W64/><G64/><T98/><D120/><U112/><E112/><V29/><F105/><W14/><G14/><T74/><D74/><U30/><E30/><N who="3" m="11306" /><G92/><T70/><D70/><U3/><E3/><V15/><F113/><W4/><G4/><T82/><D123/><U90/><E90/><V26/><F15/><W116/><G116/><T80/><D122/><U81/><E81/><V27/><F11/><W61/><G61/><T7/><D82/><U75/><E75/><V49/><F27/><W101/><G101/><T66/><D80/><RYUUKYOKU ba="1,1" sc="500,-30,213,10,191,10,86,10" hai1="38,44,55,59,60,86,88,95,108,109,110,128,129" hai2="20,26,29,41,46,49,50,53,78,83,85,96,97" hai3="47,51,84,87" />
</Scene>
<Scene>
<INIT seed="7,2,1,5,4,102" ten="470,223,201,96" oya="3" hai0="57,100,22,60,81,80,48,40,118,92,13,117,68" hai1="91,8,71,0,94,134,89,4,55,103,119,120,84" hai2="106,30,131,98,34,56,11,115,70,105,110,46,61" hai3="82,114,10,43,64,37,17,87,78,45,96,14,12"/><W86/><G114/><T72/><D68/><U133/><E71/><V28/><F110/><W130/><G130/><T66/><D72/><U7/><E120/><V111/><F111/><W38/><G64/><T29/><D118/><U135/><E119/><V52/><F115/><W15/><G38/><T129/><D129/><U9/><E55/><V128/><F70/><W41/><G41/><T65/><D65/><U5/><E103/><V109/><F109/><W73/><G96/><T51/><D13/><U2/><E91/><V69/><F69/><W76/><REACH who="3" step="1"/><G73/><REACH who="3" ten="470,223,201,86" step="2"/><T101/><D66/><U126/><E134/><V79/><F131/><W113/><G113/><T59/><D40/><U125/><E135/><V127/><F128/><W85/><G85/><T36/><D117/><U124/><E133/><V75/><F98/><W42/><G42/><T27/><D36/><U33/><E125/><V44/><F127/><W1/><G1/><T35/><D101/><U97/><E126/><V18/><F75/><W19/><G19/><T32/><D100/><U62/><E124/><V95/><F18/><W16/><G16/><T31/><D31/><U24/><E0/><V53/><F30/><W23/><G23/><T63/><D22/><U77/><E2/><V122/><F28/><W39/><G39/><T6/><D29/><U88/><E97/><V116/><F116/><W58/><G58/><T83/><D59/><U74/><E74/><V67/><F56/><W3/><G3/><T132/><D57/><U123/><E84/><V104/><F67/><W108/><G108/><T49/><D132/><RYUUKYOKU ba="2,2" sc="470,-10,223,-10,201,-10,86,30" hai3="10,12,14,15,17,37,43,45,76,78,82,86,87" />
</Scene>
<Scene>
<INIT seed="7,3,2,2,1,46" ten="460,213,191,116" oya="3" hai0="71,120,129,37,3,17,76,83,108,52,132,61,130" hai1="81,57,100,15,72,88,68,9,11,51,12,113,30" hai2="42,0,48,103,121,35,91,41,77,78,13,32,125" hai3="84,110,107,4,112,53,58,21,69,50,36,92,101"/><W127/><G36/><T14/><D120/><U98/><E68/><V134/><F0/><W109/><G69/><T43/><D108/><N who="3" m="41577" /><G112/><T29/><D132/><U54/><E113/><V64/><F134/><W47/><G127/><T116/><D3/><U86/><E72/><V106/><F125/><W56/><G4/><T25/><D116/><U90/><E30/><V115/><F115/><W119/><G119/><T62/><D52/><U60/><E90/><V34/><F121/><W27/><G107/><T105/><D105/><U82/><E81/><V96/><F106/><W79/><G79/><T70/><D61/><U65/><E12/><V39/><F78/><W133/><G133/><T87/><D43/><U59/><E15/><V95/><F77/><W63/><G63/><T104/><D37/><U124/><E124/><V28/><F39/><W40/><G40/><T1/><D1/><U80/><E82/><V6/><F42/><W23/><G23/><N who="0" m="11703" /><D62/><U5/><E5/><V118/><F6/><W99/><G84/><T74/><D74/><U75/><E75/><V67/><F41/><W97/><G97/><T135/><D104/><AGARI ba="3,2" hai="9,11,51,54,57,59,60,65,80,86,88,98,100,104" machi="104" ten="30,3900,0" yaku="7,1,52,1,54,1" doraHai="46" who="1" fromWho="0" sc="460,-48,213,68,191,0,116,0" owari="412,51.0,281,8.0,191,-21.0,116,-38.0" />
</Scene>
</mjloggm>