<mjloggm ver="2.3"><GO type="169" lobby="0"/><UN n0="%E5%A4%AA%E3%81%8F%E3%81%AA%E3%81%84%E3%81%8A" n1="%E3%82%86%E3%83%BC%E3%81%9B%E3%83%BC" n2="%E2%80%BB%34%33%33%E2%80%BB" n3="%43%50%30%33" dan="18,17,16,17" rate="2235.93,2131.44,2037.46,2181.47" sx="F,M,M,M"/><TAIKYOKU oya="0"/>

<Scene>
<INIT seed="0,0,0,4,3,55" ten="250,250,250,250" oya="0" hai0="37,84,28,10,47,18,5,93,102,135,99,2,75" hai1="53,104,89,66,72,33,118,1,16,127,50,77,34" hai2="119,79,23,92,98,9,68,131,124,6,117,56,32" hai3="83,133,12,22,43,114,125,90,26,8,7,78,86"/><T15/><D75/><U54/><E118/><V73/><F68/><W46/><G133/><T109/><D135/><U0/><E104/><V110/><F32/><W39/><G125/><T21/><D109/><U19/><E127/><V4/><F124/><W65/><G65/><T120/><D120/><U45/><E66/><V62/><F110/><W51/><G114/><T126/><D126/><U29/><E72/><V100/><F131/><W31/><G39/><T69/><D69/><U80/><E89/><AGARI ba="0,0" hai="7,8,12,22,26,31,43,46,51,78,83,86,89,90" machi="89" ten="40,5200,0" yaku="25,2,8,1" doraHai="55" who="3" fromWho="1" sc="250,0,250,-52,250,0,250,52" />
</Scene>
<Scene>
<INIT seed="1,0,0,4,1,34" ten="250,198,250,302" oya="1" hai0="101,8,46,67,9,45,26,125,47,87,50,42,85" hai1="93,92,99,126,3,38,124,66,70,31,112,79,128" hai2="97,10,77,14,94,60,36,81,88,51,104,106,84" hai3="55,63,41,24,131,27,129,102,76,43,35,11,61"/><U58/><E112/><V65/><F51/><W52/><G35/><T134/><D125/><N who="1" m="48235" /><E38/><V91/><F36/><W105/><G11/><N who="0" m="4171" /><D134/><U5/><E128/><V19/><REACH who="2" step="1"/><F91/><REACH who="2" ten="250,198,240,302" step="2"/><W78/><G105/><T22/><D50/><U110/><E79/><V71/><AGARI ba="0,1" hai="10,14,19,60,65,71,77,81,84,88,94,97,104,106" machi="71" ten="20,12000,2" yaku="1,1,2,1,0,1,7,1,54,1,53,1" doraHai="34" doraHaiUra="56" who="2" fromWho="2" sc="250,-30,198,-60,240,130,302,-30" />
</Scene>
<Scene>
<INIT seed="2,0,0,2,3,76" ten="220,138,370,272" oya="2" hai0="64,41,97,10,130,3,24,86,65,28,115,101,36" hai1="0,124,5,63,61,92,16,96,4,108,51,29,15" hai2="120,1,39,62,82,42,69,25,98,30,110,126,66" hai3="79,106,102,54,134,68,46,14,72,11,132,12,117"/><V2/><F120/><W95/><G68/><T93/><D115/><U119/><E108/><V45/><F110/><W9/><G106/><T17/><D130/><U47/><E119/><V44/><F44/><W50/><G117/><T26/><D36/><U58/><E124/><V19/><F19/><W20/><G102/><T88/><D41/><N who="1" m="25071" /><E29/><V111/><F111/><W128/><G95/><T32/><D26/><U123/><E0/><V48/><F48/><W91/><G91/><T37/><D37/><U67/><E63/><V70/><F70/><W40/><G40/><T34/><D34/><U103/><E123/><V129/><F129/><W122/><G128/><T77/><D77/><U133/><E133/><N who="3" m="51306" /><G122/><T74/><D74/><U43/><E43/><V100/><F126/><W112/><G112/><T38/><D38/><U81/><E81/><V107/><F2/><W105/><G105/><T87/><D87/><U35/><E35/><V109/><F1/><W80/><G14/><T13/><REACH who="0" step="1"/><D3/><REACH who="0" ten="210,138,370,272" step="2"/><U55/><E67/><V116/><F66/><W114/><G114/><T49/><D49/><U6/><E6/><V113/><F39/><W23/><G12/><T135/><D135/><U7/><E5/><V21/><F113/><W60/><G60/><T85/><D85/><U27/><E27/><V71/><F25/><W125/><G125/><T75/><D75/><U127/><E127/><V78/><F109/><W18/><G72/><T104/><AGARI ba="0,1" hai="10,13,17,24,28,32,64,65,86,88,93,97,101,104" machi="104" ten="20,8000,1" yaku="1,1,0,1,7,1,54,1,53,1" doraHai="76" doraHaiUra="90" who="0" fromWho="0" sc="210,90,138,-20,370,-40,272,-20" />
</Scene>
<Scene>
<INIT seed="3,0,0,2,2,3" ten="300,118,330,252" oya="3" hai0="109,34,19,124,105,116,94,9,85,89,119,31,20" hai1="61,66,14,108,68,37,93,95,32,115,67,87,41" hai2="65,126,120,129,21,6,130,125,123,84,44,15,55" hai3="82,59,45,12,102,74,26,81,54,98,86,121,24"/><W135/><G121/><N who="2" m="46665" /><F84/><W7/><G135/><T40/><D105/><U2/><E32/><V57/><F65/><W60/><G74/><T16/><D109/><U56/><E2/><V50/><F21/><W58/><G45/><T38/><D124/><N who="2" m="47722" /><F57/><W112/><G112/><T5/><D34/><U39/><E115/><V18/><F6/><W91/><G81/><T75/><D75/><U13/><E108/><V30/><F30/><W128/><G59/><T48/><D31/><U10/><E87/><V131/><F18/><W46/><G46/><T43/><D19/><U80/><E80/><V110/><F15/><W104/><REACH who="3" step="1"/><G128/><REACH who="3" ten="300,118,330,242" step="2"/><T103/><D119/><U83/><E56/><V97/><F110/><W101/><G101/><T49/><D103/><U52/><E83/><V88/><F131/><W0/><G0/><T28/><D116/><U76/><E68/><V11/><F44/><W25/><G25/><T63/><D43/><U90/><E41/><V132/><F132/><W35/><G35/><T8/><D40/><U79/><E14/><V29/><F130/><W36/><G36/><T42/><D38/><U127/><E39/><V78/><F129/><W96/><G96/><T69/><D42/><U53/><E37/><V134/><F97/><W73/><G73/><T117/><D117/><U70/><E127/><V118/><F118/><W1/><G1/><T71/><D71/><U114/><E70/><V107/><F134/><W64/><G64/><T62/><D69/><U22/><E67/><V47/><F47/><W113/><G113/><T122/><D122/><U133/><E114/><RYUUKYOKU ba="0,1" sc="300,-10,118,-10,330,-10,242,30" hai3="7,12,24,26,54,58,60,82,86,91,98,102,104" />
</Scene>
<Scene>
<INIT seed="3,1,1,4,0,73" ten="290,108,320,272" oya="3" hai0="118,119,56,17,133,99,25,31,41,87,104,127,72" hai1="74,84,81,102,18,116,85,54,38,1,112,4,90" hai2="50,88,109,5,6,37,108,131,71,103,0,135,16" hai3="29,60,61,95,7,40,67,125,79,126,64,19,77"/><W111/><G29/><T34/><D72/><U70/><E112/><V43/><F71/><W44/><G7/><T122/><D122/><U78/><E116/><V75/><F75/><W115/><G115/><T39/><D133/><U23/><E70/><V52/><F135/><W134/><G95/><T27/><D127/><N who="3" m="48649" /><G19/><T130/><D130/><U92/><E38/><V105/><F131/><W100/><G100/><T9/><D17/><U107/><E54/><V65/><F16/><W110/><G61/><T30/><D30/><U28/><E28/><V53/><F6/><W69/><G67/><T96/><D31/><U12/><E85/><V48/><F65/><W26/><G26/><T47/><D27/><U132/><E4/><V45/><F5/><W106/><G106/><T66/><D104/><U113/><E132/><V11/><F103/><W46/><G46/><T21/><D47/><U89/><E89/><V49/><F105/><W2/><G2/><T35/><D25/><U33/><E113/><V32/><F45/><W55/><G55/><T42/><D66/><U98/><REACH who="1" step="1"/><E1/><REACH who="1" ten="290,98,320,272" step="2"/><V121/><F52/><W101/><G134/><T8/><D119/><U82/><E82/><V129/><F53/><W62/><G101/><T51/><D118/><U63/><E63/><V97/><F0/><W91/><G91/><T80/><D80/><U36/><E36/><V68/><F37/><N who="3" m="21519" /><G60/><T86/><D39/><U10/><E10/><V83/><F11/><W3/><G3/><T120/><D9/><U22/><E22/><V93/><F83/><W14/><G14/><T57/><D8/><RYUUKYOKU ba="1,2" sc="290,-15,98,15,320,-15,272,15" hai1="12,18,23,33,74,78,81,84,90,92,98,102,107" hai3="62,64,69,77,79,110,111" />
</Scene>
<Scene>
<INIT seed="3,2,2,3,3,131" ten="275,113,305,287" oya="3" hai0="65,63,68,29,55,127,92,114,115,75,5,1,64" hai1="23,96,120,82,135,35,36,39,85,46,86,74,57" hai2="134,2,104,79,125,21,30,31,116,25,111,109,90" hai3="106,59,52,117,24,118,34,53,80,43,4,60,56"/><W107/><G43/><T33/><D75/><U47/><E35/><V113/><F104/><W132/><G4/><T12/><D127/><U110/><E120/><V19/><F79/><W94/><G94/><T37/><D37/><U40/><E110/><N who="2" m="41995" /><F125/><W128/><G128/><T10/><D64/><U105/><E135/><V88/><F116/><W122/><G132/><T32/><D55/><U48/><E74/><V67/><F113/><N who="0" m="43018" /><D29/><N who="2" m="10762" /><F134/><W77/><G122/><T102/><D1/><U20/><E85/><V49/><F2/><W89/><G77/><T78/><D78/><U84/><E84/><V91/><F67/><W8/><G118/><T93/><D102/><U98/><E39/><V81/><F49/><W76/><G76/><T108/><D108/><U71/><E57/><V0/><F0/><W38/><G59/><T101/><D101/><U103/><E71/><V50/><F50/><W6/><G56/><T45/><D45/><U72/><E72/><V95/><F81/><W133/><G38/><T42/><D42/><U119/><E98/><AGARI ba="2,2" hai="19,21,25,88,90,91,95,98" m="10762,41995" machi="98" ten="30,2000,0" yaku="14,1,54,1" doraHai="131" who="2" fromWho="1" sc="275,0,113,-26,305,46,287,0" />
</Scene>
<Scene>
<INIT seed="4,0,0,1,5,42" ten="275,87,351,287" oya="0" hai0="91,73,40,52,114,116,84,131,54,16,0,109,21" hai1="38,75,134,78,89,57,1,65,77,5,71,96,121" hai2="70,48,67,88,51,28,30,123,105,99,124,98,26" hai3="72,85,43,6,129,130,17,59,100,118,108,25,18"/><T2/><D116/><U63/><E121/><V125/><F123/><W117/><G72/><T102/><D73/><U55/><E134/><V66/><F26/><W104/><G6/><T29/><D29/><U8/><E38/><V34/><F34/><W35/><G43/><T94/><D114/><U83/><E78/><V15/><F15/><W93/><G104/><T92/><D131/><N who="3" m="50185" /><G59/><T36/><D109/><U33/><E33/><V4/><F4/><W113/><G113/><T101/><D36/><U20/><E20/><V74/><F74/><W133/><G133/><T82/><D40/><U49/><E96/><V39/><F39/><W97/><G85/><N who="0" m="52335" /><D0/><U45/><REACH who="1" step="1"/><E89/><REACH who="1" ten="275,77,351,287" step="2"/><V112/><F88/><W22/><G35/><T60/><D2/><U31/><E31/><V24/><F30/><N who="3" m="17719" /><G108/><T13/><D94/><U32/><E32/><V44/><F28/><W47/><G118/><T86/><D86/><U103/><E103/><N who="0" m="39433" /><D60/><U87/><E87/><V50/><F99/><W135/><G117/><T126/><D126/><U41/><E41/><V95/><F98/><W58/><G97/><T64/><D64/><U90/><E90/><AGARI ba="0,1" hai="13,16,21,52,54,82,84,90" m="39433,52335" machi="90" ten="30,5800,0" yaku="8,1,54,2" doraHai="42" who="0" fromWho="1" sc="275,68,77,-58,351,0,287,0" />
</Scene>
<Scene>
<INIT seed="4,1,0,5,4,121" ten="343,19,351,287" oya="0" hai0="101,79,129,71,65,70,31,56,38,118,8,99,52" hai1="43,119,57,63,124,17,59,66,20,122,19,48,34" hai2="93,91,13,120,116,134,4,127,60,16,133,41,96" hai3="76,95,30,51,50,104,81,85,80,6,106,21,35"/><T125/><D118/><U132/><E34/><V75/><F116/><W58/><G35/><T72/><D38/><U47/><E119/><V78/><F120/><W115/><G115/><T15/><D129/><U55/><E122/><V62/><F127/><W88/><G6/><T94/><D125/><U1/><E1/><V26/><F41/><W22/><G106/><T39/><D39/><U112/><E124/><V32/><F4/><W14/><G104/><T89/><D31/><U107/><E107/><V84/><F75/><W82/><G76/><T54/><D65/><U61/><E132/><N who="2" m="50795" /><F26/><N who="3" m="16719" /><G58/><T111/><D101/><U105/><E105/><V28/><F28/><W2/><G2/><T11/><D54/><U109/><E112/><V68/><F32/><W103/><G103/><T29/><D29/><U114/><E114/><V53/><F68/><W18/><AGARI ba="1,0" hai="14,18,22,50,51,80,81,82,85,88,95" m="16719" machi="18" ten="30,2000,0" yaku="8,1,54,1" doraHai="121" who="3" fromWho="3" sc="343,-11,19,-6,351,-6,287,23" />
</Scene>
<Scene>
<INIT seed="5,0,0,3,2,88" ten="332,13,345,310" oya="1" hai0="78,60,65,49,120,50,90,128,58,135,118,122,24" hai1="36,43,108,56,26,15,22,116,61,104,39,112,11" hai2="13,40,48,10,130,41,54,84,105,47,67,17,51" hai3="57,73,101,68,134,87,4,82,85,19,53,71,30"/><U115/><E116/><V45/><F105/><W114/><G114/><N who="1" m="43562" /><E104/><V66/><F130/><W86/><G134/><T16/><D118/><U7/><E108/><V129/><F129/><W27/><G4/><T44/><D128/><U121/><E43/><V74/><F74/><W21/><G101/><T69/><D78/><U8/><E8/><V110/><F110/><W59/><G73/><T75/><D75/><U117/><E117/><V32/><F32/><W96/><G96/><T46/><D135/><U29/><E121/><N who="0" m="46697" /><D90/><U37/><E56/><V35/><F35/><W72/><G59/><T99/><D99/><U0/><E61/><V127/><F127/><W93/><G71/><T132/><D132/><U100/><E100/><V97/><F97/><W125/><G68/><T55/><D50/><U92/><E92/><V103/><F103/><W42/><G93/><T124/><D124/><U52/><E52/><V70/><F70/><W34/><G42/><T12/><D24/><U14/><AGARI ba="0,0" hai="0,7,11,14,15,22,26,29,36,37,39" m="43562" machi="14" ten="40,2100,0" yaku="15,1" doraHai="88" who="1" fromWho="1" sc="332,-7,13,21,345,-7,310,-7" />
</Scene>
<Scene>
<INIT seed="5,1,0,5,4,108" ten="325,34,338,303" oya="1" hai0="67,104,95,18,82,15,99,69,40,4,20,38,16" hai1="101,34,32,132,36,44,41,116,119,92,111,52,86" hai2="28,123,94,64,133,83,80,3,77,72,61,128,63" hai3="37,31,13,78,21,100,70,5,90,125,14,26,49"/><U19/><E111/><V107/><F107/><W2/><G70/><T56/><D104/><U0/><E132/><V105/><F105/><W27/><G100/><T97/><D69/><U93/><E0/><V127/><F28/><W25/><G78/><T135/><D135/><U96/><E19/><V102/><F3/><W113/><G37/><T12/><D4/><U22/><E22/><V85/><F123/><W9/><G90/><T126/><D126/><U8/><E8/><V53/><F127/><W110/><G125/><T17/><D38/><U84/><E84/><V122/><F122/><W120/><G49/><T112/><D40/><U71/><E71/><V106/><F133/><W11/><G120/><T50/><D82/><U60/><E86/><V79/><F128/><W75/><G75/><T45/><D45/><U81/><E81/><V10/><F106/><W29/><G110/><T23/><D18/><U6/><E6/><V43/><F43/><W115/><G2/><T54/><D67/><U129/><E93/><V7/><F53/><W30/><G21/><T35/><D35/><U87/><E87/><V117/><F117/><W62/><G62/><T121/><D121/><U131/><E32/><V33/><F33/><W48/><G48/><T134/><D134/><U65/><E34/><V103/><F94/><W109/><G109/><T39/><D39/><U47/><E65/><V124/><F124/><W57/><G57/><T89/><D97/><U74/><E74/><V46/><F72/><W68/><G68/><T114/><AGARI ba="1,0" hai="12,15,16,17,20,23,50,54,56,89,95,99,112,114" machi="114" ten="30,8000,1" yaku="0,1,9,1,52,2,54,1" doraHai="108" who="0" fromWho="0" sc="325,83,34,-41,338,-21,303,-21" owari="408,51.0,-7,-51.0,317,12.0,282,-12.0" />
</Scene>
</mjloggm>