<mjloggm ver="2.3"><GO type="169" lobby="0"/><UN n0="%E5%A4%AA%E3%81%8F%E3%81%AA%E3%81%84%E3%81%8A" n1="%64%61%6E%6E%63%68%69" n2="%E6%8C%AF%E8%BE%BC%E5%A4%AA%E9%99%BD" n3="%E6%97%85%E4%BA%BA%E3%81%A1%E3%82%88%E3%81%99%E3%81%91" dan="19,17,17,17" rate="2294.59,2113.83,2182.79,2220.50" sx="F,M,M,M"/><TAIKYOKU oya="0"/>

<Scene>
<INIT seed="0,0,0,1,4,8" ten="250,250,250,250" oya="0" hai0="89,83,2,74,65,50,42,53,129,20,102,33,23" hai1="132,87,127,14,18,28,96,64,81,106,21,47,10" hai2="67,7,85,72,99,104,63,101,11,78,111,124,56" hai3="109,68,46,82,73,95,79,27,3,125,39,31,13"/><T128/><D33/><U55/><E132/><V59/><F111/><W51/><G109/><T91/><D2/><U9/><E64/><V38/><F38/><W32/><G3/><T52/><D102/><U5/><E127/><V25/><F25/><W69/><G39/><T97/><D65/><U76/><E28/><V112/><F124/><W19/><G95/><T94/><D42/><U17/><E106/><V22/><F22/><W131/><G131/><N who="0" m="50251" /><D53/><U35/><E35/><V103/><F103/><W133/><G133/><T58/><D89/><U40/><E55/><V107/><F107/><W41/><REACH who="3" step="1"/><G125/><REACH who="3" ten="250,250,250,240" step="2"/><T80/><D80/><U57/><E81/><V130/><F104/><W122/><G122/><T135/><D135/><U48/><E5/><V75/><F7/><W70/><G70/><T105/><D105/><U92/><E92/><V49/><F130/><W88/><G88/><N who="0" m="55495" /><D74/><U121/><E121/><V123/><F75/><W37/><G37/><T26/><D26/><U113/><E96/><V98/><F72/><W117/><G117/><T62/><D50/><U60/><E48/><V86/><F98/><W24/><G24/><T6/><D6/><U34/><E87/><AGARI ba="0,1" hai="20,23,52,58,62,83,87,91" m="55495,50251" machi="87" ten="30,5800,0" yaku="19,1,54,2" doraHai="8" who="0" fromWho="1" sc="250,68,250,-58,250,0,240,0" />
</Scene>
<Scene>
<INIT seed="0,1,0,4,1,65" ten="318,192,250,240" oya="0" hai0="1,117,127,75,97,83,113,133,100,63,61,36,47" hai1="102,66,46,62,57,82,119,111,26,134,17,52,24" hai2="5,10,13,84,6,12,11,9,49,32,38,90,25" hai3="54,130,31,78,51,59,23,104,3,73,70,30,132"/><T89/><D113/><U37/><E119/><V53/><F38/><W95/><G104/><T28/><D117/><U103/><E111/><V124/><F124/><W44/><G3/><T34/><D1/><U112/><E112/><V135/><F135/><W60/><G132/><T105/><D133/><U101/><E134/><V0/><F0/><W92/><G130/><T58/><D127/><U15/><E82/><V19/><F32/><W88/><G70/><T122/><D122/><U116/><E116/><V74/><F74/><W7/><G7/><T79/><D58/><U64/><E37/><V76/><F76/><W109/><G109/><T72/><D72/><U21/><E46/><V20/><F11/><W106/><G106/><T40/><REACH who="0" step="1"/><D89/><REACH who="0" ten="308,192,250,240" step="2"/><U85/><E85/><V126/><F126/><W35/><G88/><T27/><AGARI ba="1,1" hai="27,28,34,36,40,47,61,63,75,79,83,97,100,105" machi="27" ten="30,11700,0" yaku="1,1,2,1,0,1,53,1" doraHai="65" doraHaiUra="41" who="0" fromWho="0" sc="308,130,192,-40,250,-40,240,-40" />
</Scene>
<Scene>
<INIT seed="0,2,0,3,2,36" ten="438,152,210,200" oya="0" hai0="128,85,34,87,81,3,56,99,60,90,5,10,97" hai1="134,58,111,89,127,32,17,109,6,73,77,88,71" hai2="13,42,35,33,4,92,59,57,18,44,98,8,74" hai3="75,72,66,29,107,49,118,52,24,70,103,26,120"/><T122/><D122/><U95/><E71/><V27/><F74/><W11/><G118/><T119/><D119/><U54/><E32/><V31/><F35/><N who="3" m="20903" /><G26/><T39/><D128/><U133/><E6/><V84/><F84/><W16/><G120/><T126/><D126/><U125/><E17/><V53/><F53/><W41/><G41/><T101/><D34/><U65/><E65/><V51/><REACH who="2" step="1"/><F18/><REACH who="2" ten="438,152,200,200" step="2"/><W19/><G16/><T9/><D87/><N who="1" m="52639" /><E125/><V121/><F121/><W80/><G19/><T129/><D85/><U106/><E127/><V28/><F28/><W40/><G52/><T86/><D86/><U67/><E67/><V62/><F62/><N who="3" m="40279" /><G80/><T21/><D81/><N who="1" m="45231" /><E54/><V113/><F113/><W76/><G76/><T102/><D60/><U130/><E130/><V46/><F46/><N who="3" m="25799" /><G11/><T23/><D10/><U78/><E78/><V20/><F20/><W25/><G25/><T79/><D79/><U96/><E58/><V12/><F12/><W0/><G0/><T82/><D56/><U110/><E89/><AGARI ba="2,1" hai="4,8,13,27,31,33,42,44,51,57,59,89,92,98" machi="89" ten="30,3900,0" yaku="1,1,7,1,52,1,53,0" doraHai="36" doraHaiUra="69" who="2" fromWho="1" sc="438,0,152,-45,200,55,200,0" />
</Scene>
<Scene>
<INIT seed="1,0,0,1,2,20" ten="438,107,255,200" oya="1" hai0="60,79,128,4,18,98,9,105,25,19,38,37,7" hai1="80,111,53,84,65,120,30,82,13,52,34,129,78" hai2="6,0,51,104,112,50,97,114,43,124,11,24,131" hai3="106,87,100,92,103,73,29,22,116,93,14,27,21"/><U71/><E120/><V86/><F131/><W55/><G73/><T33/><D79/><U69/><E129/><V5/><F5/><W109/><G109/><T107/><D128/><U28/><E111/><V49/><F124/><W81/><G116/><T77/><D77/><U99/><E99/><V2/><F2/><W102/><G106/><T15/><D60/><U23/><E34/><V134/><F134/><W123/><G123/><T88/><D88/><U62/><E71/><V44/><F86/><W85/><G55/><T130/><D130/><U90/><E13/><V95/><F24/><N who="3" m="16527" /><G14/><T70/><D70/><U35/><E35/><V3/><F3/><W101/><G101/><T16/><D7/><U64/><E64/><V91/><REACH who="2" step="1"/><F104/><REACH who="2" ten="438,107,245,200" step="2"/><W47/><G87/><T125/><D125/><U45/><E30/><V32/><F32/><W127/><G127/><T96/><D105/><U132/><E132/><V66/><F66/><W68/><G68/><T135/><D135/><U117/><E117/><V118/><F118/><W56/><G56/><T126/><D126/><U122/><E122/><V12/><F12/><W59/><G59/><T76/><D107/><U46/><E46/><V26/><F26/><W54/><G47/><T74/><D25/><N who="1" m="16447" /><E45/><V10/><F10/><W61/><G27/><T36/><D33/><U17/><E17/><V72/><F72/><W8/><G8/><T39/><N who="0" m="9216" /><DORA hai="41" /><T31/><D31/><U75/><E69/><V42/><F42/><W63/><G22/><T40/><D40/><U119/><E119/><V121/><F121/><W83/><G85/><RYUUKYOKU ba="0,1" sc="438,10,107,10,245,10,200,-30" hai0="4,9,15,16,18,19,74,76,96,98" hai1="52,53,62,65,75,78,80,82,84,90" hai2="0,6,11,43,44,49,50,51,91,95,97,112,114" />
</Scene>
<Scene>
<INIT seed="1,1,1,3,2,58" ten="448,117,255,170" oya="1" hai0="120,131,0,128,86,54,67,41,29,9,26,51,60" hai1="93,33,22,109,113,6,72,16,35,18,24,91,108" hai2="7,39,116,42,65,21,85,92,25,45,73,62,88" hai3="78,10,99,101,130,83,23,98,76,12,11,47,66"/><U38/><E72/><V5/><F73/><W17/><G130/><N who="0" m="49707" /><D41/><U68/><E38/><V104/><F104/><W27/><G11/><T1/><D86/><U107/><E107/><V4/><F116/><W102/><G66/><T90/><D90/><U123/><E68/><V95/><F95/><W114/><G114/><T119/><D9/><U96/><E113/><V118/><F118/><W75/><G47/><N who="0" m="28031" /><D120/><U44/><E123/><V97/><F85/><W63/><G78/><T94/><D94/><U13/><E44/><V71/><REACH who="2" step="1"/><F7/><REACH who="2" ten="448,117,245,170" step="2"/><W69/><G98/><T32/><D119/><U56/><E6/><V84/><F84/><W64/><REACH who="3" step="1"/><G99/><REACH who="3" ten="448,117,245,160" step="2"/><T40/><D40/><U80/><E96/><V49/><F49/><W82/><G82/><T2/><D2/><U61/><E80/><V59/><F59/><AGARI ba="1,3" hai="0,1,26,29,32,59,60,67" m="28031,49707" machi="59" ten="30,2000,0" yaku="19,1,52,1" doraHai="58" who="0" fromWho="2" sc="448,53,117,0,245,-23,160,0" />
</Scene>
<Scene>
<INIT seed="2,0,0,2,1,123" ten="501,117,222,160" oya="2" hai0="52,76,105,103,17,101,111,135,87,65,113,79,120" hai1="4,13,54,108,122,134,3,81,98,102,131,36,11" hai2="84,15,90,44,43,118,130,29,106,2,33,1,0" hai3="50,124,31,86,71,97,39,119,47,68,62,35,95"/><V63/><F118/><W110/><G119/><T22/><D120/><U19/><E122/><V83/><F106/><W42/><G124/><T107/><D113/><U128/><E36/><V78/><F130/><W91/><G35/><T5/><D65/><U59/><E134/><V85/><F63/><W74/><G74/><T104/><D5/><U114/><E81/><V53/><F53/><W115/><G31/><T121/><D121/><U66/><E66/><V94/><F15/><W40/><G115/><T61/><D135/><U112/><E112/><V16/><F16/><W96/><G40/><T55/><D87/><U41/><E41/><V48/><REACH who="2" step="1"/><F2/><REACH who="2" ten="501,117,212,160" step="2"/><W8/><G62/><T100/><D61/><U38/><E114/><V129/><F129/><W32/><G71/><T80/><D52/><U34/><E128/><V72/><F72/><W93/><G68/><T117/><D55/><U73/><E73/><V109/><F109/><W57/><G110/><T30/><D111/><U77/><E108/><V58/><F58/><W46/><G57/><T99/><D17/><U132/><E131/><V89/><F89/><W14/><G14/><T45/><D117/><U18/><E18/><V27/><AGARI ba="0,1" hai="0,1,27,29,33,43,44,48,78,83,84,85,90,94" machi="27" ten="30,3000,0" yaku="1,1,0,1,53,0" doraHai="123" doraHaiUra="12" who="2" fromWho="2" sc="501,-10,117,-10,212,40,160,-10" />
</Scene>
<Scene>
<INIT seed="2,1,0,2,0,38" ten="491,107,252,150" oya="2" hai0="54,91,81,22,42,43,47,103,10,44,31,127,15" hai1="58,74,124,92,5,78,18,56,71,87,27,33,59" hai2="76,63,85,40,89,68,66,9,126,99,24,28,48" hai3="135,80,90,129,83,13,97,93,2,29,46,55,3"/><V49/><F126/><W128/><G135/><T73/><D103/><U50/><E124/><V8/><F76/><W105/><G105/><T60/><D127/><U121/><E71/><V77/><F77/><W113/><G113/><T118/><D118/><U11/><E121/><V107/><F49/><N who="3" m="29111" /><G29/><T115/><D115/><U57/><E74/><V25/><F25/><W86/><G13/><T70/><D70/><U69/><E69/><V120/><F120/><W41/><G41/><N who="0" m="15371" /><D73/><U94/><E33/><N who="2" m="20615" /><F48/><W53/><G53/><T6/><D22/><U12/><E50/><V64/><F64/><W96/><G96/><T98/><D31/><U122/><E122/><V19/><F19/><W37/><G37/><T109/><D109/><U125/><E125/><V102/><F40/><W62/><G62/><T35/><D35/><U72/><E72/><V20/><F20/><W79/><G83/><AGARI ba="1,0" hai="8,9,63,66,68,83,85,89,99,102,107" m="20615" machi="83" ten="30,1500,0" yaku="25,1" doraHai="38" who="2" fromWho="3" sc="491,0,107,0,252,18,150,-18" />
</Scene>
<Scene>
<INIT seed="2,2,0,4,5,11" ten="491,107,270,132" oya="2" hai0="93,128,15,59,80,22,104,84,46,12,21,82,96" hai1="134,24,34,114,99,133,20,77,122,33,115,131,37" hai2="6,135,43,9,52,39,14,124,40,55,125,67,35" hai3="5,95,127,48,117,89,106,78,69,70,121,107,81"/><V119/><F119/><W1/><G117/><T130/><D104/><U118/><E37/><V26/><F67/><W91/><G121/><T79/><D46/><U45/><E77/><V109/><F135/><N who="1" m="51721" /><E45/><N who="2" m="23711" /><F43/><W60/><G1/><T30/><D59/><U47/><E47/><V87/><F109/><W113/><G48/><T129/><D82/><U66/><E66/><V86/><F26/><W88/><G95/><T76/><D76/><U23/><E99/><V123/><F35/><N who="1" m="13321" /><E122/><V98/><F98/><W112/><G60/><T27/><D22/><N who="1" m="8235" /><E118/><V25/><F25/><W19/><G107/><T53/><D53/><N who="2" m="20554" /><F123/><W63/><G106/><T100/><AGARI ba="2,0" hai="12,15,21,27,30,79,80,84,93,96,100,128,129,130" machi="100" ten="30,7900,0" yaku="0,1,19,1,52,2" doraHai="11" who="0" fromWho="0" sc="491,85,107,-22,270,-41,132,-22" />
</Scene>
<Scene>
<INIT seed="3,0,0,3,4,52" ten="576,85,229,110" oya="3" hai0="9,6,26,4,90,36,35,74,101,98,92,122,45" hai1="89,27,87,104,64,15,88,80,75,77,109,10,7" hai2="50,83,11,34,31,58,23,63,14,126,120,62,100" hai3="86,33,125,106,113,129,118,16,111,103,133,84,42"/><W96/><G118/><T112/><D122/><U134/><E109/><V1/><F34/><W56/><G113/><T38/><D74/><U94/><E134/><V24/><F1/><W8/><G33/><T108/><D108/><U61/><E27/><V132/><F132/><W78/><G133/><T93/><D112/><U79/><E104/><V65/><F126/><W135/><G135/><T69/><D69/><U91/><REACH who="1" step="1"/><E79/><REACH who="1" ten="576,75,229,110" step="2"/><V20/><F120/><W119/><G111/><T124/><D26/><U49/><E49/><V59/><F50/><W13/><G119/><T37/><D37/><U116/><E116/><V18/><F100/><W2/><G125/><T114/><D36/><U60/><E60/><V21/><F83/><W57/><G129/><T30/><D38/><U82/><E82/><V76/><F76/><W130/><G130/><T19/><D124/><U51/><E51/><V70/><F70/><AGARI ba="0,1" hai="7,10,15,61,64,70,75,77,80,87,88,89,91,94" machi="70" ten="30,3900,0" yaku="1,1,7,1,54,1,53,0" doraHai="52" doraHaiUra="123" who="1" fromWho="2" sc="576,0,75,49,229,-39,110,0" />
</Scene>
<Scene>
<INIT seed="4,0,0,0,3,59" ten="576,124,190,110" oya="0" hai0="63,60,61,48,68,100,32,118,56,40,33,71,116" hai1="23,64,128,81,99,52,55,69,39,131,74,102,96" hai2="1,114,43,90,104,65,125,113,34,54,0,21,109" hai3="4,91,76,53,22,82,5,29,3,88,17,14,13"/><T108/><D100/><U78/><E39/><V103/><F109/><W133/><G133/><T72/><D72/><U87/><E74/><V20/><F34/><W10/><G4/><T120/><D32/><U97/><E102/><V35/><F35/><W6/><G29/><T26/><D26/><U66/><E23/><N who="2" m="8779" /><F65/><N who="1" m="25193" /><E69/><N who="0" m="26697" /><D33/><U86/><E86/><V101/><F43/><W51/><G5/><T38/><D120/><U41/><E41/><V105/><F54/><W28/><G28/><T11/><D11/><U92/><E92/><V95/><F103/><W75/><REACH who="3" step="1"/><G3/><REACH who="3" ten="576,124,190,100" step="2"/><T58/><D108/><U129/><AGARI ba="0,1" hai="52,55,78,81,87,96,97,99,128,129,131" m="25193" machi="129" ten="40,2700,0" yaku="19,1,54,1" doraHai="59" who="1" fromWho="1" sc="576,-13,124,37,190,-7,100,-7" />
</Scene>
<Scene>
<INIT seed="5,0,0,3,1,24" ten="563,161,183,93" oya="1" hai0="96,106,101,69,54,49,107,116,43,88,61,39,90" hai1="60,72,4,40,32,105,44,132,37,19,62,130,41" hai2="117,35,127,8,115,18,33,86,10,121,53,110,34" hai3="125,23,52,123,82,99,135,111,100,78,131,63,11"/><U94/><E105/><V79/><F121/><W122/><G111/><T31/><D107/><U64/><E40/><V38/><F38/><W17/><G131/><T104/><D104/><U57/><E72/><V70/><F70/><W97/><G135/><T56/><D31/><U124/><E4/><V16/><F110/><W12/><G125/><T114/><D116/><U7/><E7/><V15/><F127/><W83/><G83/><T22/><D22/><U75/><E75/><V13/><F115/><W5/><G122/><T126/><D114/><U1/><E1/><V51/><F117/><W85/><G100/><T26/><D26/><U48/><E32/><V91/><F79/><W76/><G76/><T27/><D27/><U47/><E94/><V42/><F42/><W20/><G123/><T25/><D25/><U103/><E103/><V89/><REACH who="2" step="1"/><F86/><REACH who="2" ten="563,161,173,93" step="2"/><W108/><G108/><T46/><D126/><U2/><E124/><V81/><F81/><W95/><G5/><T55/><D69/><U58/><E37/><V0/><F0/><W65/><G65/><T29/><D43/><U45/><E2/><V3/><F3/><W109/><G109/><T84/><D84/><U59/><E130/><V36/><F36/><W66/><G66/><T102/><D39/><U119/><E119/><V14/><F14/><W118/><G118/><T9/><D55/><N who="1" m="31975" /><E132/><V80/><F80/><W134/><G134/><T113/><D113/><U50/><E19/><V71/><F71/><W112/><G112/><T129/><D129/><U133/><E133/><V30/><F30/><W28/><G28/><RYUUKYOKU ba="0,1" sc="563,-15,161,15,173,15,93,-15" hai1="41,44,45,47,50,58,59,60,62,64" hai2="8,10,13,15,16,18,33,34,35,51,53,89,91" />
</Scene>
<Scene>
<INIT seed="5,1,1,0,0,86" ten="548,176,188,78" oya="1" hai0="31,14,60,115,99,16,6,103,54,36,11,56,73" hai1="48,131,87,120,13,79,51,91,90,110,81,52,101" hai2="83,78,33,107,122,40,123,8,129,116,64,70,43" hai3="55,106,111,114,113,45,57,18,135,19,1,89,63"/><U34/><E120/><V102/><F116/><W47/><G111/><T104/><D36/><U5/><E34/><V27/><F129/><W58/><G106/><T71/><D73/><U82/><E131/><V10/><F64/><W28/><G1/><T44/><D115/><N who="3" m="44041" /><G28/><T93/><D71/><U38/><E38/><V26/><F102/><W74/><G74/><T25/><D44/><N who="3" m="16969" /><G135/><T29/><D104/><U105/><E101/><V124/><F107/><W59/><G63/><T0/><D25/><U134/><E105/><V95/><F33/><W88/><G55/><T65/><D54/><U68/><E134/><V108/><F108/><W4/><G4/><T30/><D0/><U15/><E110/><V42/><F42/><W128/><G128/><T76/><D76/><U37/><E5/><AGARI ba="1,1" hai="5,6,11,14,16,29,30,31,56,60,65,93,99,103" machi="5" ten="40,2600,0" yaku="8,1,54,1" doraHai="86" who="0" fromWho="1" sc="548,39,176,-29,188,0,78,0" />
</Scene>
<Scene>
<INIT seed="6,0,0,1,2,3" ten="587,147,188,78" oya="2" hai0="58,25,77,102,37,7,9,105,31,123,126,120,115" hai1="72,43,133,92,135,21,124,94,11,45,114,19,67" hai2="29,49,75,121,30,84,69,95,131,64,80,82,5" hai3="99,100,90,86,60,2,127,12,54,125,18,83,16"/><V104/><F104/><W132/><G132/><N who="1" m="50762" /><E72/><V59/><F121/><W119/><G2/><T108/><D9/><U32/><E32/><V110/><F131/><W23/><G119/><T103/><D103/><U26/><E67/><V38/><F38/><W130/><G130/><T63/><D25/><U107/><E107/><V56/><F110/><W48/><G60/><T6/><D58/><U52/><E114/><V41/><F69/><W97/><G18/><T129/><D6/><U4/><E124/><V74/><F95/><W112/><G112/><T10/><D10/><U47/><E52/><V66/><F84/><W36/><G36/><T109/><D37/><N who="1" m="21743" /><E47/><V70/><F70/><W93/><REACH who="3" step="1"/><G99/><REACH who="3" ten="587,147,188,68" step="2"/><T34/><D129/><U79/><E79/><V68/><F68/><W15/><G15/><AGARI ba="0,1" hai="4,11,15,19,21,26,92,94" m="21743,50762" machi="15" ten="30,2000,0" yaku="20,1,52,1" doraHai="3" who="1" fromWho="3" sc="587,0,147,30,188,0,68,-20" />
</Scene>
<Scene>
<INIT seed="7,0,0,0,5,20" ten="587,177,188,48" oya="3" hai0="113,56,83,72,90,74,98,99,66,18,21,49,122" hai1="119,93,82,48,11,3,57,10,77,12,65,34,123" hai2="55,97,33,59,116,2,76,69,88,19,35,45,105" hai3="112,63,14,8,87,60,42,131,46,24,134,86,40"/><W133/><G112/><T71/><D21/><U62/><E123/><V130/><F116/><W132/><G131/><T117/><D18/><U17/><E34/><V23/><F2/><W125/><G125/><T22/><D22/><N who="1" m="11559" /><E3/><V100/><F69/><W54/><G24/><T31/><D49/><U41/><E119/><V26/><F130/><W38/><G42/><T36/><D56/><U51/><E93/><V39/><F76/><W37/><G37/><T89/><D90/><U92/><E92/><V128/><F128/><W44/><G44/><T78/><D78/><U95/><E95/><V127/><F88/><W27/><G27/><T67/><D67/><U68/><E68/><V110/><F110/><W111/><G111/><T120/><D31/><U13/><E41/><V104/><F104/><W61/><REACH who="3" step="1"/><G54/><REACH who="3" ten="587,177,188,38" step="2"/><T70/><D36/><U135/><E135/><V84/><F127/><W75/><G75/><T102/><D72/><U5/><E11/><V107/><F39/><W129/><G129/><T29/><D74/><U103/><E103/><V124/><F124/><W4/><AGARI ba="0,1" hai="4,8,14,38,40,46,60,61,63,86,87,132,133,134" machi="4" ten="40,7800,0" yaku="1,1,0,1,20,1,53,0" doraHai="20" doraHaiUra="91" who="3" fromWho="3" sc="587,-26,177,-26,188,-26,38,88" />
</Scene>
<Scene>
<INIT seed="7,1,0,2,5,122" ten="561,151,162,126" oya="3" hai0="118,1,92,22,130,69,131,15,115,6,134,8,107" hai1="63,88,54,89,62,31,41,82,45,98,21,49,43" hai2="24,71,16,3,0,104,34,47,14,133,94,103,28" hai3="100,101,18,27,116,83,58,78,11,85,76,112,26"/><W119/><G112/><T97/><D118/><U108/><E108/><V77/><F71/><W59/><G11/><T5/><D69/><U80/><E31/><V127/><F127/><W93/><G93/><T86/><D107/><U124/><E21/><V36/><F133/><W87/><REACH who="3" step="1"/><G18/><REACH who="3" ten="561,151,162,116" step="2"/><T19/><D92/><N who="1" m="56583" /><E124/><V29/><F94/><W113/><G113/><T106/><D19/><U75/><E82/><AGARI ba="1,1" hai="26,27,58,59,76,78,82,83,85,87,100,101,116,119" machi="82" ten="25,12000,1" yaku="1,1,22,2,53,2" doraHai="122" doraHaiUra="81" who="3" fromWho="1" sc="561,0,151,-123,162,0,116,133" />
</Scene>
<Scene>
<INIT seed="7,2,0,3,3,42" ten="561,28,162,249" oya="3" hai0="63,33,3,57,66,71,14,58,126,1,91,24,96" hai1="125,45,82,13,121,4,72,76,77,115,56,108,31" hai2="40,113,34,51,67,12,118,105,93,130,28,8,102" hai3="41,120,135,6,25,2,50,37,98,75,132,11,110"/><W70/><G120/><T21/><D33/><U79/><E121/><V39/><F118/><W117/><G117/><T116/><D116/><U89/><E108/><V32/><F105/><W44/><G110/><T74/><D74/><U83/><E115/><V64/><F39/><W19/><G70/><T101/><D14/><U55/><E125/><V46/><F113/><W122/><G122/><T127/><D91/><U61/><E31/><V84/><F130/><W15/><G25/><T30/><D58/><U73/><E89/><V104/><F104/><W86/><G75/><T124/><D57/><U5/><E13/><V26/><F34/><W123/><G123/><T129/><D129/><U27/><E27/><V54/><F54/><W131/><G131/><T97/><D97/><U95/><E95/><AGARI ba="2,0" hai="1,3,21,24,30,63,66,71,95,96,101,124,126,127" machi="95" ten="40,1300,0" yaku="18,1" doraHai="42" who="0" fromWho="1" sc="561,19,28,-19,162,0,249,0" owari="580,68.0,9,-49.0,162,-24.0,249,5.0" />
</Scene>
</mjloggm>