<mjloggm ver="2.3"><GO type="169" lobby="0"/><UN n0="%67%6F%75%73%69" n1="%68%61%79%61%74%6F%E2%98%86" n2="%E5%A4%AA%E3%81%8F%E3%81%AA%E3%81%84%E3%81%8A" n3="%E9%81%8A%E8%B5%B0" dan="17,16,18,18" rate="2193.55,2132.03,2295.35,2255.79" sx="M,M,F,M"/><TAIKYOKU oya="0"/>

<Scene>
<INIT seed="0,0,0,4,3,64" ten="250,250,250,250" oya="0" hai0="84,100,23,127,80,14,96,67,124,110,6,89,118" hai1="35,85,27,65,134,3,123,32,42,62,83,49,73" hai2="22,128,129,130,81,13,50,0,59,114,21,24,82" hai3="116,122,12,126,106,120,20,11,26,91,46,7,107"/><T103/><D118/><U58/><E123/><N who="3" m="47146" /><G116/><T70/><D110/><U97/><E3/><V88/><F0/><W52/><G126/><N who="0" m="48171" /><D96/><U61/><E73/><V18/><F114/><W133/><G133/><T93/><D93/><U37/><E37/><V135/><F135/><W5/><G5/><T19/><D6/><U104/><E27/><V33/><F33/><W48/><G91/><T69/><D67/><U108/><E108/><V10/><F88/><W115/><G115/><T68/><AGARI ba="0,0" hai="14,19,23,68,69,70,80,84,89,100,103" m="48171" machi="68" ten="40,12000,1" yaku="18,1,52,3" doraHai="64" who="0" fromWho="0" sc="250,120,250,-40,250,-40,250,-40" />
</Scene>
<Scene>
<INIT seed="0,1,0,5,0,45" ten="370,210,210,210" oya="0" hai0="110,15,109,81,63,92,113,72,65,48,95,33,76" hai1="18,124,101,119,71,47,43,100,4,32,99,49,42" hai2="130,31,104,26,66,133,11,59,96,12,7,44,10" hai3="129,64,56,120,69,121,55,117,41,90,103,86,25"/><T84/><D33/><U58/><E71/><V23/><F133/><W114/><G117/><T111/><D113/><U8/><E32/><V79/><F130/><W0/><G114/><T16/><D72/><U134/><E119/><V62/><F79/><W135/><G129/><T123/><D123/><N who="3" m="47177" /><G135/><T98/><D48/><U97/><E124/><V77/><F77/><W93/><G0/><T125/><D98/><U94/><E58/><V29/><F104/><W132/><G132/><T126/><D126/><U116/><E18/><V28/><F96/><N who="3" m="59791" /><G69/><N who="0" m="42175" /><D125/><U22/><E22/><AGARI ba="1,0" hai="15,16,22,76,81,84,92,95,109,110,111" m="42175" machi="22" ten="30,5800,0" yaku="14,1,10,1,54,1" doraHai="45" who="0" fromWho="1" sc="370,61,210,-61,210,0,210,0" />
</Scene>
<Scene>
<INIT seed="0,2,0,3,2,23" ten="431,149,210,210" oya="0" hai0="3,135,24,97,80,65,64,101,9,91,16,66,126" hai1="45,129,121,30,54,12,99,127,85,44,82,95,21" hai2="26,4,132,51,69,56,76,100,92,34,7,86,93" hai3="42,75,58,130,109,32,31,77,68,110,102,55,88"/><T105/><D126/><U60/><E121/><V96/><F69/><W33/><G68/><T79/><D135/><U73/><E73/><V17/><F132/><W2/><G130/><T5/><D91/><U120/><E120/><V35/><F35/><W46/><G2/><T83/><REACH who="0" step="1"/><D79/><REACH who="0" ten="421,149,210,210" step="2"/><U103/><E127/><V116/><F76/><W11/><G88/><T128/><D128/><U47/><E129/><V118/><F116/><W134/><G134/><T106/><D106/><U14/><E60/><V15/><F118/><W63/><G102/><T131/><D131/><U107/><E107/><V113/><F100/><W59/><G77/><T81/><D81/><U78/><REACH who="1" step="1"/><E54/><REACH who="1" ten="421,139,210,210" step="2"/><V1/><F113/><W28/><G55/><T29/><D29/><U50/><E50/><V6/><F51/><W38/><G31/><T61/><D61/><U19/><E19/><V87/><F17/><W20/><G28/><T124/><D124/><U41/><E41/><V72/><F6/><W89/><G63/><T70/><D70/><U53/><E53/><V48/><F4/><W27/><G42/><T122/><D122/><U111/><E111/><V112/><F7/><W10/><G110/><T0/><D0/><U43/><E43/><V123/><F1/><W117/><G109/><T90/><D90/><U22/><E22/><AGARI ba="2,2" hai="3,5,9,16,22,24,64,65,66,80,83,97,101,105" machi="22" ten="40,7700,0" yaku="1,1,52,1,54,1,53,0" doraHai="23" doraHaiUra="119" who="0" fromWho="1" sc="421,103,139,-83,210,0,210,0" />
</Scene>
<Scene>
<INIT seed="0,3,0,1,2,73" ten="524,56,210,210" oya="0" hai0="35,52,27,4,39,30,91,2,76,121,28,98,117" hai1="67,14,31,11,115,43,104,109,40,22,46,129,82" hai2="131,74,58,69,23,72,84,118,5,71,97,68,126" hai3="85,50,99,78,6,63,94,66,95,105,133,8,51"/><T20/><D39/><U75/><E104/><V89/><F126/><W70/><G133/><T44/><D117/><U96/><E115/><V16/><F118/><W110/><G105/><T119/><D119/><U49/><E129/><V33/><F33/><W24/><G110/><T102/><D121/><U93/><E109/><V65/><F5/><W56/><G24/><T38/><D91/><U128/><E67/><V79/><F131/><W90/><G70/><T113/><D113/><U53/><E128/><V32/><F32/><W19/><G19/><T15/><D76/><U108/><E108/><V127/><F127/><W92/><G78/><T88/><D88/><N who="1" m="55335" /><E82/><V1/><F1/><W12/><REACH who="3" step="1"/><G94/><REACH who="3" ten="524,56,210,200" step="2"/><T42/><D30/><U36/><E75/><V61/><F79/><W123/><G123/><T125/><D125/><U17/><E36/><V122/><F122/><W101/><AGARI ba="3,1" hai="6,8,12,50,51,56,63,66,85,90,92,95,99,101" machi="101" ten="20,5200,0" yaku="1,1,0,1,7,1,8,1,53,0" doraHai="73" doraHaiUra="26" who="3" fromWho="3" sc="524,-29,56,-16,210,-16,200,71" />
</Scene>
<Scene>
<INIT seed="1,0,0,2,3,61" ten="495,40,194,271" oya="1" hai0="92,135,37,82,129,19,22,13,14,52,132,9,17" hai1="107,95,116,33,104,75,29,66,86,43,10,98,94" hai2="85,126,125,38,111,60,117,6,4,58,119,112,72" hai3="79,103,42,1,57,53,76,36,48,30,108,70,21"/><U2/><E75/><V80/><F38/><W128/><G1/><T131/><D82/><U106/><E116/><N who="2" m="44619" /><F72/><W28/><G128/><N who="0" m="49227" /><D37/><U16/><E43/><V96/><F96/><W39/><G108/><T55/><D92/><U90/><E29/><V65/><F111/><W68/><G103/><T123/><D123/><U0/><E33/><V8/><F8/><W115/><G115/><T105/><D105/><U97/><E66/><V84/><F112/><W41/><G57/><T124/><D124/><N who="2" m="47722" /><F85/><W67/><G48/><T50/><D55/><U46/><E46/><AGARI ba="0,0" hai="9,13,14,17,19,22,46,50,52,132,135" m="49227" machi="46" ten="30,2000,0" yaku="19,1,54,1" doraHai="61" who="0" fromWho="1" sc="495,20,40,-20,194,0,271,0" />
</Scene>
<Scene>
<INIT seed="2,0,0,5,2,131" ten="515,20,194,271" oya="2" hai0="93,103,6,82,53,40,88,120,65,68,90,117,23" hai1="62,118,121,1,20,35,51,102,47,101,50,67,122" hai2="84,116,91,127,130,57,46,64,75,132,38,36,83" hai3="54,107,74,104,133,69,26,111,59,110,49,109,24"/><V15/><F116/><W10/><G133/><T48/><D120/><U52/><E35/><V126/><F130/><W17/><G74/><T128/><D117/><U44/><E1/><V60/><F75/><W135/><G135/><T0/><D40/><U98/><E20/><V76/><F132/><W85/><G69/><T37/><D37/><U11/><E11/><V16/><F76/><W42/><G42/><T73/><D65/><U27/><E27/><N who="3" m="10282" /><G85/><T41/><D68/><U7/><E7/><V72/><F72/><W61/><G61/><T28/><D41/><U63/><E98/><V45/><F38/><W108/><N who="3" m="27648" /><DORA hai="55" /><W34/><G34/><T13/><D73/><U106/><E106/><V25/><F25/><W92/><G92/><T2/><D93/><U100/><E118/><V94/><F94/><W12/><AGARI ba="0,0" hai="10,12,17,49,54,59,104,107" m="27648,10282" machi="12" ten="60,4000,0" yaku="14,1,52,1" doraHai="131,55" who="3" fromWho="3" sc="515,-10,20,-10,194,-20,271,40" />
</Scene>
<Scene>
<INIT seed="3,0,0,5,2,100" ten="505,10,174,311" oya="3" hai0="76,91,58,0,116,72,10,119,42,110,109,46,78" hai1="73,54,130,5,16,20,127,64,131,129,88,103,102" hai2="43,90,99,84,22,32,14,85,3,12,24,69,47" hai3="134,62,89,63,23,112,45,29,124,115,49,82,21"/><W75/><G134/><T114/><D58/><U17/><E73/><V67/><F3/><W81/><G124/><T74/><D10/><U70/><E127/><V79/><F32/><W123/><G123/><T94/><D0/><U120/><E120/><V92/><F92/><W83/><BYE who="2" /><G75/><T133/><D46/><U35/><E35/><V59/><F59/><W51/><G89/><T132/><D42/><U40/><E40/><V113/><F113/><W41/><G115/><T4/><D4/><U95/><E5/><V107/><F107/><W33/><G112/><T9/><D9/><U37/><E37/><V104/><F104/><W36/><G33/><T111/><D114/><U2/><E2/><V52/><F52/><UN n2="%E5%A4%AA%E3%81%8F%E3%81%AA%E3%81%84%E3%81%8A" /><W50/><REACH who="3" step="1"/><G29/><REACH who="3" ten="505,10,174,301" step="2"/><T135/><D72/><U18/><E54/><V39/><F90/><W19/><G19/><T97/><D74/><U86/><E20/><AGARI ba="0,1" hai="20,21,23,36,41,45,49,50,51,62,63,81,82,83" machi="20" ten="40,2000,0" yaku="1,1,53,0" doraHai="100" doraHaiUra="96" who="3" fromWho="1" sc="505,0,10,-20,174,0,301,30" owari="505,61.0,-10,-51.0,174,-23.0,331,13.0" />
</Scene>
</mjloggm>