<mjloggm ver="2.3"><GO type="169" lobby="0"/><UN n0="%E5%A4%A7%E5%AE%AE%E5%BF%8D%76" n1="%47%D0%81%D0%99%49%55%53" n2="%E5%A4%AA%E3%81%8F%E3%81%AA%E3%81%84%E3%81%8A" n3="%65%67%69%73%68%6F%32" dan="16,16,18,17" rate="2118.48,2107.98,2238.21,2183.96" sx="M,M,F,M"/><TAIKYOKU oya="0"/>

<Scene>
<INIT seed="0,0,0,1,2,93" ten="250,250,250,250" oya="0" hai0="74,110,28,25,38,37,53,21,41,65,1,106,92" hai1="83,57,82,97,84,105,36,70,75,66,79,87,71" hai2="52,107,56,125,30,89,80,119,104,76,81,40,0" hai3="12,96,111,108,13,4,61,114,32,15,99,24,16"/><T77/><D106/><U63/><E36/><V94/><F0/><W6/><G114/><T18/><D1/><U20/><E75/><V116/><F40/><W31/><G61/><T113/><D113/><U42/><E42/><V50/><F30/><W88/><G16/><T90/><D65/><U33/><E33/><V103/><F125/><W73/><G73/><T78/><D110/><N who="3" m="42025" /><G88/><T101/><D101/><U59/><E20/><V118/><F103/><W19/><G19/><T23/><D74/><U48/><E48/><V5/><F5/><AGARI ba="0,0" hai="4,5,6,12,13,15,24,31,32,96,99" m="42025" machi="5" ten="30,3900,0" yaku="14,1,52,2" doraHai="93" who="3" fromWho="2" sc="250,0,250,0,250,-39,250,39" />
</Scene>
<Scene>
<INIT seed="1,0,0,2,2,30" ten="250,250,211,289" oya="1" hai0="110,90,82,128,62,120,85,40,118,123,34,42,104" hai1="99,14,117,74,1,31,49,41,125,4,2,63,21" hai2="50,56,126,131,87,98,59,86,103,38,77,11,124" hai3="48,100,25,23,109,28,94,52,16,91,58,19,51"/><U79/><E74/><V17/><F38/><W10/><G109/><T71/><D118/><U45/><E79/><V33/><F131/><W47/><G100/><T81/><D110/><U39/><E117/><V76/><F17/><W13/><G28/><T57/><D71/><U132/><E125/><V37/><F37/><W102/><G102/><T18/><D104/><U83/><E132/><V36/><F36/><W6/><G6/><T88/><D128/><U129/><E129/><V101/><F50/><W20/><G10/><T75/><D18/><U107/><E83/><V69/><F11/><W32/><G32/><T61/><D75/><U92/><E107/><V66/><F69/><W78/><G78/><T35/><D57/><U121/><E121/><V26/><F26/><W0/><G0/><T67/><D67/><U106/><E106/><V9/><F9/><W54/><G94/><T29/><D29/><U113/><E113/><V80/><F66/><W115/><G115/><T55/><D55/><U46/><E63/><V3/><F80/><W134/><G134/><T65/><D65/><U111/><E111/><V130/><F130/><W64/><G64/><T22/><D22/><U12/><E4/><V96/><F3/><N who="1" m="1033" /><E31/><V70/><F70/><W127/><REACH who="3" step="1"/><G91/><REACH who="3" ten="250,250,211,279" step="2"/><T15/><D15/><U89/><E21/><V119/><F119/><W135/><G135/><T108/><D108/><U72/><E72/><V105/><F105/><W93/><G93/><T60/><D60/><U53/><E12/><V68/><F68/><W73/><G73/><T122/><D122/><U97/><E14/><RYUUKYOKU ba="0,1" sc="250,0,250,0,211,0,279,0" hai0="34,35,40,42,61,62,81,82,85,88,90,120,123" hai1="39,41,45,46,49,53,89,92,97,99" hai2="33,56,59,76,77,86,87,96,98,101,103,124,126" hai3="13,16,19,20,23,25,47,48,51,52,54,58,127" />
</Scene>
<Scene>
<INIT seed="1,1,1,2,5,68" ten="250,250,211,279" oya="1" hai0="2,84,90,64,39,103,50,114,48,105,42,24,27" hai1="25,40,32,33,8,57,17,71,7,122,100,52,76" hai2="9,108,94,58,73,28,14,93,128,121,5,116,80" hai3="82,60,89,12,75,130,120,38,11,86,74,3,117"/><U115/><E122/><V6/><F121/><W51/><G3/><T70/><D114/><U26/><E115/><V77/><F116/><W97/><G117/><T132/><D2/><U87/><E71/><V85/><F108/><W109/><G109/><T69/><D69/><U31/><E100/><V98/><F128/><W54/><G130/><T47/><D132/><U23/><E40/><V126/><F126/><W41/><G120/><T119/><D119/><U67/><E67/><V44/><F28/><W124/><G124/><T56/><D103/><U46/><E46/><V125/><F125/><W135/><G60/><N who="0" m="40199" /><D50/><U13/><E76/><V36/><F58/><W4/><G135/><T104/><D104/><U61/><REACH who="1" step="1"/><E87/><REACH who="1" ten="250,240,211,279" step="2"/><V15/><F85/><W106/><G41/><T112/><D112/><U88/><E88/><V1/><F44/><W55/><G55/><N who="0" m="31847" /><D105/><U63/><E63/><V123/><F123/><W29/><G106/><T45/><D45/><U134/><E134/><V78/><F78/><W53/><G53/><T113/><D113/><U102/><E102/><V129/><F129/><W66/><G66/><T79/><D79/><U30/><E30/><V59/><F77/><W22/><G97/><T118/><D118/><U110/><E110/><V95/><F98/><W65/><G65/><T0/><D84/><U107/><E107/><V101/><F101/><W96/><G96/><T99/><D99/><U37/><E37/><V92/><F36/><W72/><G38/><T20/><D90/><U127/><E127/><V35/><F59/><N who="3" m="33247" /><G29/><T10/><D39/><U16/><E16/><RYUUKYOKU ba="1,2" sc="250,-15,240,15,211,-15,279,15" hai1="7,8,13,17,23,25,26,31,32,33,52,57,61" hai3="4,11,12,22,72,74,75,82,86,89" />
</Scene>
<Scene>
<INIT seed="1,2,2,4,2,66" ten="235,255,196,294" oya="1" hai0="29,4,22,0,97,38,54,125,102,96,21,31,8" hai1="32,80,133,17,20,105,108,120,39,104,16,87,14" hai2="45,42,81,67,1,124,68,26,6,132,5,95,64" hai3="106,72,30,58,52,23,40,76,128,83,13,119,27"/><U61/><E133/><V7/><F132/><W127/><G128/><T94/><D38/><U134/><E120/><V77/><F124/><W59/><G127/><T112/><D125/><U122/><E134/><V98/><F26/><W116/><G106/><T110/><D112/><U88/><E122/><V79/><F1/><W129/><G129/><T69/><D110/><U33/><E108/><V111/><F111/><W121/><G121/><T57/><D69/><U117/><E117/><N who="3" m="45130" /><G40/><T103/><D31/><U71/><E39/><V19/><F19/><N who="3" m="10735" /><G52/><T55/><D29/><U84/><E105/><V75/><F77/><W92/><G92/><T9/><D9/><U135/><E104/><V56/><F56/><W12/><G12/><T99/><D55/><U123/><E135/><V82/><F82/><W48/><G48/><T35/><D35/><AGARI ba="2,2" hai="27,30,35,58,59,72,76,83" m="10735,45130" machi="35" ten="30,1000,0" yaku="12,1" doraHai="66" who="3" fromWho="0" sc="235,-16,255,0,196,0,294,36" />
</Scene>
<Scene>
<INIT seed="2,0,0,3,5,108" ten="219,255,196,330" oya="2" hai0="115,113,92,29,100,23,122,91,98,129,25,110,15" hai1="36,128,81,61,26,93,39,5,65,60,69,94,49" hai2="78,63,75,85,111,119,86,31,125,135,96,124,118" hai3="132,32,55,68,16,47,58,74,77,76,64,57,116"/><V62/><F31/><W56/><G32/><T104/><D122/><U28/><E128/><V34/><F34/><W21/><G116/><N who="2" m="44585" /><F62/><W27/><G132/><T50/><D110/><U8/><E49/><V106/><F63/><N who="3" m="38007" /><G74/><T59/><D129/><U7/><E81/><N who="2" m="45279" /><F111/><W13/><G68/><T10/><D50/><U99/><E5/><V24/><F24/><W87/><G47/><T38/><D38/><U79/><E61/><V17/><F17/><N who="3" m="12719" /><G87/><N who="2" m="33289" /><F135/><W83/><G83/><T45/><D45/><U46/><E79/><N who="3" m="30282" /><G55/><T117/><D117/><U54/><E54/><V40/><F40/><W6/><G6/><T120/><D120/><U14/><E46/><V82/><F82/><W102/><G102/><AGARI ba="0,0" hai="96,102,106,124,125" m="33289,45279,44585" machi="102" ten="30,2900,0" yaku="34,2" doraHai="108" who="2" fromWho="3" sc="219,0,255,0,196,29,330,-29" />
</Scene>
<Scene>
<INIT seed="2,1,0,3,5,16" ten="219,255,225,301" oya="2" hai0="44,10,65,30,0,96,62,99,103,69,19,6,102" hai1="94,104,112,111,126,110,46,66,5,18,34,107,83" hai2="135,41,93,75,15,91,21,127,88,27,122,33,7" hai3="125,36,73,9,85,115,72,61,133,49,11,64,119"/><V80/><F122/><W124/><G36/><T37/><D30/><U8/><E112/><V117/><F117/><W70/><G119/><T45/><D19/><U31/><E126/><N who="3" m="48746" /><G115/><T43/><D45/><U92/><E66/><V116/><F116/><W63/><G133/><T26/><D26/><N who="1" m="18807" /><E83/><V130/><F127/><W53/><G63/><T77/><D77/><U56/><E56/><V17/><F135/><W128/><G128/><T101/><AGARI ba="1,0" hai="0,6,10,37,43,44,62,65,69,96,99,101,102,103" machi="101" ten="30,1100,0" yaku="0,1" doraHai="16" who="0" fromWho="0" sc="219,14,255,-4,225,-6,301,-4" />
</Scene>
<Scene>
<INIT seed="3,0,0,5,3,44" ten="233,251,219,297" oya="3" hai0="129,123,130,41,77,53,122,5,105,47,24,6,135" hai1="15,65,40,133,9,0,19,115,110,101,106,113,120" hai2="8,22,26,59,49,46,69,55,72,16,27,131,71" hai3="108,91,50,132,63,66,117,75,76,2,121,33,32"/><W31/><G2/><T128/><D105/><U51/><E120/><N who="0" m="46121" /><D77/><U30/><E110/><V70/><F131/><N who="0" m="33538" /><T20/><DORA hai="98" /><D53/><U68/><E133/><V67/><F72/><W88/><G132/><T23/><D135/><U102/><E0/><V18/><F8/><W94/><G108/><T58/><D58/><U96/><E65/><V73/><F73/><W109/><G117/><T12/><D12/><U84/><E68/><V81/><F81/><W126/><G109/><T54/><D54/><U61/><E61/><V52/><F67/><W45/><G121/><T17/><D23/><U92/><E115/><V112/><F112/><W57/><G76/><T43/><D43/><U79/><E113/><V86/><F86/><W74/><G75/><T29/><D29/><U125/><E30/><V3/><F3/><W104/><G74/><T134/><D134/><U35/><E106/><V89/><F89/><W97/><G104/><T13/><D24/><U62/><E35/><V93/><F93/><W103/><G33/><T39/><AGARI ba="0,0" hai="5,6,13,17,20,39,41,47" m="33538,46121" machi="39" ten="50,1600,0" yaku="19,1" doraHai="44,98" who="0" fromWho="0" sc="233,16,251,-4,219,-4,297,-8" />
</Scene>
<Scene>
<INIT seed="4,0,0,5,5,108" ten="249,247,215,289" oya="0" hai0="37,96,0,131,89,88,106,33,72,64,76,60,132" hai1="13,1,27,120,101,21,10,121,126,35,16,87,115" hai2="86,34,91,25,122,84,135,45,93,63,79,51,32" hai3="133,48,127,18,57,67,26,2,68,61,77,47,99"/><T59/><D37/><U9/><E101/><V69/><F122/><N who="1" m="47209" /><E87/><V114/><F135/><W11/><G133/><T92/><D0/><U66/><E66/><V117/><F117/><W28/><G127/><T49/><D132/><U39/><E39/><V134/><F134/><W104/><G77/><T129/><D33/><U105/><E105/><V24/><F69/><W19/><G2/><T118/><D118/><U74/><E74/><V56/><F32/><W119/><G11/><N who="1" m="4106" /><E1/><V65/><F34/><N who="3" m="20759" /><G57/><T113/><D106/><U71/><E71/><V70/><F70/><W12/><G12/><T73/><D49/><U85/><E85/><V4/><F86/><W109/><G119/><T125/><D125/><U98/><E98/><V62/><F79/><W29/><G109/><T50/><D50/><U116/><E126/><V30/><F63/><W14/><G99/><T8/><D8/><N who="1" m="6183" /><E116/><V90/><F51/><W123/><G48/><T23/><D89/><U46/><E46/><V112/><F90/><W3/><G104/><T107/><D107/><U52/><E52/><V5/><F45/><W6/><G47/><T124/><D124/><U128/><E128/><N who="0" m="49225" /><D76/><U103/><E103/><V81/><F93/><W36/><G36/><T41/><D41/><U7/><E35/><V54/><F91/><W102/><G102/><T38/><D38/><U75/><E75/><N who="0" m="28745" /><D23/><U82/><E82/><V97/><F81/><W80/><G80/><T94/><D94/><U100/><E100/><V55/><F97/><W17/><G3/><T95/><D95/><U43/><E21/><N who="2" m="15631" /><F84/><W111/><G123/><RYUUKYOKU ba="0,0" sc="249,30,247,-10,215,-10,289,-10" hai0="59,60,64,88,92,96,113" />
</Scene>
<Scene>
<INIT seed="4,1,0,0,2,89" ten="279,237,205,279" oya="0" hai0="31,10,9,20,32,40,133,134,107,5,38,27,124" hai1="13,39,69,108,12,83,4,98,65,94,53,75,56" hai2="14,55,57,51,35,15,26,11,126,125,103,121,78" hai3="66,58,123,117,29,86,54,131,68,109,102,44,62"/><T135/><D107/><U48/><E108/><V116/><F121/><W24/><G109/><T81/><D81/><U50/><E39/><V34/><F116/><W82/><G131/><T47/><D124/><N who="2" m="47722" /><F78/><W42/><G123/><T105/><D105/><U122/><E122/><V72/><F72/><W99/><G117/><T52/><D32/><N who="2" m="12330" /><F26/><W18/><G18/><T92/><D92/><U76/><E4/><N who="2" m="3431" /><F15/><W85/><G82/><T19/><D31/><U0/><E0/><V46/><F103/><W110/><G110/><T80/><D80/><U71/><E48/><V96/><F96/><W84/><G24/><T17/><D17/><U22/><E22/><V106/><F106/><W132/><G29/><T25/><D25/><U77/><E77/><V23/><F23/><W114/><G85/><T43/><D10/><U37/><E37/><V64/><F64/><W79/><G84/><T63/><D38/><U101/><REACH who="1" step="1"/><E65/><REACH who="1" ten="279,227,205,279" step="2"/><V104/><F104/><N who="3" m="63583" /><G66/><T111/><D111/><U6/><E6/><V88/><F46/><W3/><G44/><T95/><D47/><U120/><E120/><V73/><F73/><W30/><G79/><T59/><D133/><U129/><E129/><V97/><F51/><W33/><G132/><T87/><D134/><U60/><E60/><V8/><F8/><W49/><G49/><T74/><D135/><U28/><E28/><V16/><F16/><W93/><G30/><T90/><D74/><U130/><E130/><V45/><F45/><W100/><G62/><T21/><D21/><U127/><E127/><V113/><F55/><W2/><G54/><RYUUKYOKU ba="1,1" sc="279,15,227,15,205,-15,279,-15" hai0="5,9,19,20,27,40,43,52,59,63,87,90,95" hai1="12,13,50,53,56,69,71,75,76,83,94,98,101" />
</Scene>
<Scene>
<INIT seed="4,2,1,0,1,112" ten="294,242,190,264" oya="0" hai0="123,125,69,22,41,30,34,116,70,134,40,5,72" hai1="13,51,98,28,27,74,16,111,62,59,103,90,114" hai2="39,96,24,63,23,81,54,25,31,76,20,21,18" hai3="11,73,102,91,110,89,67,78,113,45,15,79,94"/><T131/><D123/><U52/><E111/><V4/><F39/><W130/><G110/><T33/><D72/><U71/><E74/><V60/><F4/><W14/><G113/><T10/><D134/><U101/><E114/><V19/><F96/><N who="3" m="59671" /><G73/><T128/><D22/><N who="1" m="15479" /><E71/><N who="0" m="27145" /><D30/><U68/><E68/><V9/><F9/><W82/><G130/><N who="0" m="49707" /><D125/><U1/><E1/><V104/><F104/><W3/><G3/><N who="0" m="319" /><D116/><U61/><E90/><N who="3" m="34314" /><G67/><T2/><D2/><U58/><E98/><V38/><F38/><W57/><G45/><T36/><D41/><U100/><E59/><V37/><F37/><W75/><G75/><T53/><D53/><U107/><E107/><V87/><REACH who="2" step="1"/><F54/><REACH who="2" ten="294,242,180,264" step="2"/><W119/><G11/><AGARI ba="2,2" hai="11,13,16,51,52,58,61,62,100,101,103" m="15479" machi="11" ten="30,3900,0" yaku="8,1,54,2" doraHai="112" who="1" fromWho="3" sc="294,0,242,65,180,0,264,-45" />
</Scene>
<Scene>
<INIT seed="5,0,0,1,2,4" ten="294,307,180,219" oya="1" hai0="57,41,93,45,71,99,127,107,23,119,134,20,82" hai1="124,113,17,75,54,42,74,106,47,80,39,14,43" hai2="44,94,87,100,91,84,98,55,69,16,126,26,70" hai3="62,51,89,88,85,19,60,120,28,65,67,133,0"/><U68/><E106/><V96/><F126/><W125/><G120/><T61/><D119/><U73/><E68/><V105/><F69/><W72/><G72/><T30/><D107/><U130/><E124/><V48/><REACH who="2" step="1"/><F70/><REACH who="2" ten="294,307,170,219" step="2"/><W3/><G125/><T22/><D71/><U111/><E130/><V33/><F33/><W83/><G133/><T24/><D127/><U59/><E111/><V97/><F97/><W66/><G28/><T95/><D134/><U101/><E113/><V49/><F49/><W102/><G51/><N who="0" m="27055" /><D82/><U112/><E112/><V6/><F6/><W58/><G62/><T18/><D30/><U116/><E116/><V132/><F132/><W103/><G58/><T1/><D99/><U25/><E80/><V114/><F114/><W122/><G60/><T7/><D7/><U104/><E104/><V63/><F63/><W32/><G32/><T108/><D108/><U76/><E39/><V37/><F37/><W2/><G122/><T92/><D1/><U31/><E59/><V56/><F56/><W9/><REACH who="3" step="1"/><G89/><REACH who="3" ten="294,307,170,209" step="2"/><T90/><D90/><U27/><E31/><V36/><F36/><W109/><G109/><T117/><D117/><U128/><E128/><V38/><F38/><W64/><N who="3" m="16384" /><DORA hai="15" /><W123/><G123/><T77/><D57/><U50/><E76/><V11/><F11/><W110/><G110/><T52/><D61/><U34/><E34/><V21/><AGARI ba="0,2" hai="16,21,26,44,48,55,84,87,91,94,96,98,100,105" machi="21" ten="30,12000,2" yaku="1,1,0,1,52,1,54,1,53,3" doraHai="4,15" doraHaiUra="81,13" who="2" fromWho="2" sc="294,-30,307,-60,170,140,209,-30" />
</Scene>
<Scene>
<INIT seed="6,0,0,1,0,69" ten="264,247,310,179" oya="2" hai0="21,51,55,31,113,15,135,131,76,104,26,80,121" hai1="120,110,5,13,133,74,44,42,81,50,46,99,57" hai2="90,95,41,25,125,52,59,36,83,30,49,35,24" hai3="38,134,93,129,123,88,108,14,10,1,67,70,65"/><V56/><F125/><W107/><G107/><T86/><D121/><U37/><E110/><V54/><F83/><W32/><G32/><T132/><D104/><U92/><E133/><N who="0" m="51273" /><D113/><U48/><E120/><V98/><F25/><W71/><G134/><T85/><D15/><U75/><E57/><V7/><F7/><W19/><G108/><T17/><D31/><U100/><E81/><V23/><F35/><W66/><G123/><T84/><D131/><U12/><E50/><V9/><F9/><W33/><G33/><T64/><D64/><U34/><E34/><V127/><F127/><W73/><G73/><T128/><D128/><U58/><E58/><AGARI ba="0,0" hai="17,21,26,51,55,58,76,80,84,85,86" m="51273" machi="58" ten="30,1000,0" yaku="20,1" doraHai="69" who="0" fromWho="1" sc="264,10,247,-10,310,0,179,0" />
</Scene>
<Scene>
<INIT seed="7,0,0,4,1,14" ten="274,237,310,179" oya="3" hai0="85,106,27,113,76,12,52,74,129,96,105,35,49" hai1="55,11,109,53,64,18,67,128,99,94,26,36,72" hai2="83,50,28,70,114,125,93,39,24,16,132,63,134" hai3="108,21,135,116,84,30,101,57,89,43,7,79,75"/><W47/><G116/><T100/><D106/><U90/><E109/><V59/><F39/><W119/><G119/><T107/><D107/><U40/><E128/><V46/><F70/><W92/><G108/><T22/><D74/><U120/><E120/><V20/><F114/><W25/><G135/><N who="2" m="51753" /><F125/><W41/><G101/><T110/><D110/><U3/><E72/><V112/><F112/><W9/><G75/><T17/><D113/><U133/><E133/><V130/><F83/><W45/><G79/><T54/><D129/><U19/><E3/><V44/><F93/><W66/><G43/><T81/><D35/><U34/><E40/><N who="2" m="24839" /><F46/><W68/><G68/><T8/><D49/><U86/><E34/><V103/><F103/><W37/><G47/><T97/><D97/><U73/><E73/><V115/><F115/><W0/><REACH who="3" step="1"/><G66/><REACH who="3" ten="274,237,310,169" step="2"/><T1/><D1/><U56/><E64/><N who="2" m="39039" /><F130/><W124/><G124/><T123/><D123/><U111/><E111/><V77/><F77/><W5/><G5/><AGARI ba="0,1" hai="5,8,12,17,22,27,52,54,76,81,85,96,100,105" machi="5" ten="30,3900,0" yaku="7,1,52,1,54,1" doraHai="14" who="0" fromWho="3" sc="274,49,237,0,310,0,169,-39" owari="323,42.0,237,-16.0,310,11.0,130,-37.0" />
</Scene>
</mjloggm>