<mjloggm ver="2.3"><GO type="169" lobby="0"/><UN n0="%58%63%65%6C%6C%69%6E%67" n1="%E5%A4%AA%E3%81%8F%E3%81%AA%E3%81%84%E3%81%8A" n2="%4D%4A%E3%81%AE%E6%9C%80%E9%AB%98%E5%B3%B0" n3="%E3%83%AC%E3%83%87%E3%82%B9%E3%83%9E" dan="17,19,17,17" rate="2116.79,2283.24,2199.54,2147.71" sx="M,F,M,M"/><TAIKYOKU oya="0"/>

<Scene>
<INIT seed="0,0,0,0,5,83" ten="250,250,250,250" oya="0" hai0="94,11,49,38,25,48,44,8,28,5,4,92,32" hai1="91,22,55,71,100,31,27,56,6,110,86,36,47" hai2="20,90,88,89,126,108,60,69,42,112,52,12,109" hai3="53,14,105,96,123,106,78,13,3,59,93,79,43"/><T41/><D8/><U95/><E110/><N who="2" m="42603" /><F112/><W116/><G3/><T122/><D122/><U34/><E71/><V58/><F126/><W62/><G116/><T46/><D38/><U37/><E6/><V73/><F73/><W127/><G127/><T35/><D32/><U39/><E100/><V133/><F133/><W98/><G43/><T51/><D5/><U64/><E64/><V18/><F42/><W50/><G123/><T81/><D81/><U61/><REACH who="1" step="1"/><E34/><REACH who="1" ten="250,240,250,250" step="2"/><V102/><F102/><W33/><G33/><T111/><D111/><U99/><E99/><V54/><F69/><W15/><G98/><T87/><D44/><AGARI ba="0,1" hai="22,27,31,36,37,39,44,47,55,56,61,86,91,95" machi="44" ten="40,2600,0" yaku="1,1,52,1,53,0" doraHai="83" doraHaiUra="107" who="1" fromWho="0" sc="250,-26,240,36,250,0,250,0" />
</Scene>
<Scene>
<INIT seed="1,0,0,3,4,50" ten="224,276,250,250" oya="1" hai0="88,36,132,121,31,52,38,33,34,77,39,40,51" hai1="54,107,21,113,37,80,47,86,112,84,57,12,70" hai2="66,75,32,19,78,16,67,94,82,135,7,4,45" hai3="11,30,48,3,20,27,26,128,116,42,101,8,89"/><U2/><E70/><V122/><F32/><W96/><G128/><T134/><D77/><U0/><E107/><V104/><F135/><N who="0" m="51754" /><D121/><U130/><E130/><V108/><F108/><W110/><G110/><T71/><D71/><U125/><E125/><V73/><F104/><W35/><G116/><T25/><D34/><U81/><E47/><V76/><F94/><W119/><G119/><T123/><D123/><U87/><E37/><V124/><F45/><W6/><G8/><T114/><D114/><U18/><E0/><V102/><F122/><W98/><G89/><T126/><D126/><U17/><E2/><V118/><F102/><W64/><G64/><T55/><D88/><N who="1" m="51207" /><E113/><V14/><F118/><W99/><G42/><T41/><D51/><N who="1" m="30943" /><E112/><V53/><F124/><W115/><G115/><T10/><D10/><N who="1" m="6295" /><E81/><V83/><F83/><W109/><G109/><T58/><D58/><U92/><E92/><V22/><F82/><W105/><G3/><T15/><D15/><AGARI ba="0,0" hai="15,18,21,86,87" m="6295,30943,51207" machi="15" ten="30,5800,0" yaku="8,1,52,1,54,1" doraHai="50" who="1" fromWho="0" sc="224,-58,276,58,250,0,250,0" />
</Scene>
<Scene>
<INIT seed="1,1,0,0,3,41" ten="166,334,250,250" oya="1" hai0="103,35,74,26,40,10,122,132,133,3,38,99,97" hai1="13,87,62,113,91,89,61,78,98,124,59,14,29" hai2="116,11,32,21,1,88,23,45,82,31,34,67,17" hai3="55,130,125,120,92,65,94,60,64,127,27,5,39"/><U51/><E113/><V8/><F116/><W119/><G120/><T36/><D74/><U83/><E124/><V100/><F67/><W76/><G119/><T114/><D114/><U134/><E134/><V7/><F100/><W66/><G130/><T2/><D122/><U107/><E29/><V117/><F117/><W109/><G109/><T24/><D10/><U6/><E107/><V22/><F45/><W70/><G39/><T95/><D40/><U115/><E115/><V108/><F88/><N who="1" m="33865" /><E98/><V69/><F82/><W53/><G76/><T81/><D81/><U129/><E129/><V90/><F90/><W56/><G5/><T52/><D95/><U102/><E102/><V86/><F86/><W19/><G70/><T43/><D103/><U121/><E121/><V93/><F93/><N who="3" m="35947" /><G127/><T44/><D43/><U77/><E77/><V54/><F54/><N who="3" m="20491" /><G125/><T112/><D52/><N who="1" m="32159" /><E6/><N who="2" m="1103" /><F69/><W18/><G66/><T105/><D112/><U30/><E30/><V123/><F123/><W12/><G65/><T111/><D105/><U96/><E96/><V85/><F85/><W101/><G101/><T42/><D42/><U57/><E57/><V47/><F31/><W63/><G56/><T46/><REACH who="0" step="1"/><D35/><REACH who="0" ten="156,334,250,250" step="2"/><U33/><E33/><V72/><F34/><W104/><G104/><T128/><D128/><U110/><E110/><AGARI ba="1,1" hai="2,3,24,26,36,38,44,46,97,99,110,111,132,133" machi="110" ten="25,8000,1" yaku="1,1,22,2,52,2,53,0" doraHai="41" doraHaiUra="58" who="0" fromWho="1" sc="156,93,334,-83,250,0,250,0" />
</Scene>
<Scene>
<INIT seed="2,0,0,5,3,42" ten="249,251,250,250" oya="2" hai0="78,108,43,38,123,16,12,89,57,86,98,5,10" hai1="23,114,111,35,84,116,28,29,117,105,69,54,131" hai2="0,134,9,4,132,41,6,119,102,24,18,56,45" hai3="100,44,59,39,14,106,62,110,80,74,82,11,135"/><V53/><F119/><W127/><G110/><T97/><D108/><U17/><E111/><V91/><F102/><W88/><G127/><T73/><D123/><U76/><E69/><V20/><F91/><W48/><G39/><T72/><D73/><U33/><E105/><V22/><F6/><W120/><G120/><T83/><D57/><U2/><E54/><V92/><F92/><W52/><G135/><T107/><D107/><U60/><E60/><V70/><F70/><W30/><G30/><N who="1" m="11882" /><E84/><V112/><F22/><W49/><G49/><T71/><D71/><U95/><E95/><V130/><F112/><W19/><G74/><T128/><D128/><U122/><E76/><V7/><F4/><W79/><G79/><T93/><D38/><U15/><E122/><V65/><F65/><W34/><G34/><N who="1" m="12810" /><E131/><V81/><F81/><W75/><G75/><T21/><REACH who="0" step="1"/><D43/><REACH who="0" ten="239,251,250,250" step="2"/><U121/><E121/><V26/><F130/><W103/><G106/><T99/><D99/><U13/><E114/><V58/><F58/><W63/><G63/><T55/><D55/><U8/><E2/><AGARI ba="0,1" hai="2,5,10,12,16,21,72,78,83,86,89,93,97,98" machi="2" ten="30,3900,0" yaku="1,1,7,1,54,1,53,0" doraHai="42" doraHaiUra="109" who="0" fromWho="1" sc="239,49,251,-39,250,0,250,0" />
</Scene>
<Scene>
<INIT seed="3,0,0,2,2,33" ten="288,212,250,250" oya="3" hai0="80,111,102,98,11,108,12,42,23,67,92,99,121" hai1="70,0,119,114,94,126,26,115,14,93,15,128,113" hai2="122,91,21,64,69,109,8,88,73,130,75,44,7" hai3="48,3,32,124,96,24,57,100,16,103,110,82,61"/><W49/><G124/><T79/><D121/><U27/><E70/><V78/><F109/><N who="0" m="42058" /><D67/><U35/><E126/><V116/><F116/><W77/><G110/><T6/><D42/><U129/><E119/><V22/><F130/><N who="1" m="50281" /><E35/><V133/><F133/><W36/><G36/><T2/><D98/><U134/><E134/><V37/><F64/><W10/><G103/><T13/><D23/><U95/><E0/><N who="2" m="103" /><F69/><W52/><G32/><T56/><D56/><U84/><E84/><AGARI ba="0,0" hai="2,6,11,12,13,79,80,84,92,99,102" m="42058" machi="84" ten="30,2000,0" yaku="14,1,52,1" doraHai="33" who="0" fromWho="1" sc="288,20,212,-20,250,0,250,0" />
</Scene>
<Scene>
<INIT seed="4,0,0,0,4,80" ten="308,192,250,250" oya="0" hai0="49,18,17,113,109,83,61,58,122,48,38,119,2" hai1="115,78,104,73,86,50,8,29,21,134,51,36,100" hai2="52,126,7,127,19,28,45,89,57,11,132,74,118" hai3="99,92,101,131,39,85,22,112,79,23,94,98,12"/><T107/><D122/><U20/><E36/><V0/><F74/><W66/><G39/><T124/><D38/><U82/><E134/><V77/><F77/><W128/><G112/><T105/><D113/><U3/><E115/><V56/><F28/><W135/><G135/><T130/><D119/><U42/><E73/><V35/><F35/><W114/><G114/><T37/><D37/><U54/><E42/><V62/><F45/><W97/><G66/><T84/><D124/><U41/><E41/><V70/><F70/><W34/><G34/><T117/><D117/><U75/><E75/><V123/><F123/><W10/><G79/><T33/><D130/><N who="3" m="49705" /><G85/><T26/><D2/><U46/><E50/><V90/><F118/><W9/><G9/><T68/><D68/><U125/><E125/><N who="2" m="47627" /><F132/><W65/><G65/><T32/><D32/><U129/><E129/><V116/><F116/><W120/><G120/><T102/><D33/><U4/><REACH who="1" step="1"/><E29/><REACH who="1" ten="308,182,250,250" step="2"/><V16/><F57/><W111/><G111/><T133/><D58/><U67/><E67/><V44/><F44/><W64/><G64/><T87/><D133/><U55/><E55/><V40/><F40/><W121/><G121/><T63/><D109/><U76/><E76/><V71/><F71/><W93/><G101/><T13/><D102/><U25/><E25/><V30/><F30/><W60/><G60/><T24/><D26/><U47/><E47/><V5/><F62/><W59/><G59/><T43/><D24/><U15/><E15/><V95/><F56/><W1/><G12/><T110/><D13/><U53/><E53/><RYUUKYOKU ba="0,1" sc="308,-15,182,15,250,-15,250,15" hai1="3,4,8,20,21,46,51,54,78,82,86,100,104" hai3="1,10,22,23,92,93,94,97,98,99" />
</Scene>
<Scene>
<INIT seed="5,1,1,3,1,111" ten="293,197,235,265" oya="1" hai0="21,0,37,5,95,124,50,80,70,96,86,52,87" hai1="34,54,113,73,75,55,16,47,4,100,69,82,105" hai2="117,53,58,118,66,63,13,28,78,91,7,121,103" hai3="38,29,27,127,99,36,8,119,65,77,15,44,31"/><U22/><E34/><V2/><F121/><W102/><G127/><T114/><D37/><U120/><E120/><V64/><F2/><W94/><G119/><T48/><D70/><U56/><E69/><V76/><F117/><W23/><G65/><N who="2" m="25193" /><F103/><W35/><G77/><T57/><D124/><U110/><E110/><V18/><F7/><W19/><G31/><T41/><D5/><U93/><E105/><V32/><F32/><W92/><G44/><N who="0" m="25615" /><D0/><U106/><E106/><V85/><F28/><W26/><REACH who="3" step="1"/><G94/><REACH who="3" ten="293,197,235,255" step="2"/><T6/><D95/><U1/><E47/><V104/><F104/><W123/><G123/><T84/><D80/><U122/><E82/><N who="2" m="49591" /><F118/><W51/><G51/><T116/><D50/><U74/><E122/><V97/><F78/><W20/><G20/><T68/><D21/><U108/><E108/><V46/><F76/><W107/><G107/><T39/><D116/><U67/><E93/><V90/><F46/><W33/><G33/><T83/><D83/><U98/><E22/><N who="2" m="11599" /><F90/><W101/><G101/><T24/><D68/><U135/><E100/><V115/><F97/><W112/><G112/><T59/><D96/><U72/><E98/><V109/><F115/><W134/><G134/><T79/><D114/><U132/><E113/><V128/><F109/><W61/><G61/><T12/><D79/><U9/><E72/><V130/><F63/><W43/><G43/><T89/><D86/><U62/><E135/><V126/><F126/><W131/><G131/><T133/><D87/><U88/><E132/><V81/><F81/><W125/><G125/><T3/><D133/><RYUUKYOKU ba="1,2" sc="293,-15,197,-15,235,15,255,15" hai2="53,58,128,130" hai3="8,15,19,23,26,27,29,35,36,38,92,99,102" />
</Scene>
<Scene>
<INIT seed="6,2,2,0,2,67" ten="278,182,250,270" oya="2" hai0="132,116,112,80,52,77,59,91,37,31,53,36,64" hai1="82,34,83,12,128,47,87,121,70,21,135,120,26" hai2="106,86,61,58,0,127,6,84,134,89,105,49,44" hai3="43,85,133,97,111,68,90,24,65,98,78,39,15"/><V72/><F72/><W35/><G111/><T69/><D112/><U20/><E135/><V38/><F38/><W79/><G133/><T28/><D132/><U57/><E128/><V95/><F134/><W23/><G39/><T126/><D91/><U108/><E108/><V17/><F127/><W25/><G43/><T110/><D110/><U3/><E3/><V96/><F0/><W99/><G68/><T60/><D126/><U4/><E70/><V56/><F6/><W94/><G65/><T9/><D53/><U76/><E57/><N who="2" m="22123" /><F106/><W2/><G2/><T16/><D37/><U125/><E125/><V73/><F73/><W104/><G104/><T48/><D36/><U114/><E114/><V62/><F17/><N who="3" m="10687" /><G35/><T7/><D116/><U101/><E101/><V102/><F105/><W30/><G30/><T13/><D7/><U8/><E47/><V63/><F102/><W115/><G115/><T66/><D66/><U119/><E119/><V118/><F118/><W100/><G100/><T27/><D27/><AGARI ba="2,2" hai="24,25,27,78,79,85,90,94,97,98,99" m="10687" machi="27" ten="30,1000,0" yaku="8,1" doraHai="67" who="3" fromWho="0" sc="278,-16,182,0,250,0,270,36" />
</Scene>
<Scene>
<INIT seed="7,0,0,3,2,119" ten="262,182,250,306" oya="3" hai0="125,84,42,104,33,99,39,77,86,24,9,121,69" hai1="16,34,115,47,128,12,105,63,21,43,88,95,10" hai2="92,83,78,0,62,100,68,14,40,96,102,132,126" hai3="85,114,3,109,52,30,2,13,64,81,36,91,57"/><W53/><G36/><T48/><D69/><U122/><E115/><V8/><F0/><W19/><G30/><T17/><D39/><U35/><E128/><V49/><F132/><W41/><G41/><T61/><D125/><U101/><E122/><V80/><F126/><W73/><G73/><T112/><D121/><U98/><E63/><V18/><F102/><W26/><G26/><T116/><D116/><U94/><E105/><V44/><F68/><W38/><G38/><T23/><D61/><U25/><E47/><V29/><F29/><W113/><G109/><T131/><D131/><U107/><E43/><V76/><REACH who="2" step="1"/><F62/><REACH who="2" ten="262,182,240,306" step="2"/><N who="3" m="37967" /><G3/><T58/><D112/><U129/><E129/><V89/><F89/><W66/><G2/><T28/><D28/><U56/><E56/><V72/><F72/><W133/><G133/><T45/><D58/><U5/><REACH who="1" step="1"/><E107/><REACH who="1" ten="262,172,240,306" step="2"/><V106/><F106/><W134/><G134/><T31/><D104/><U46/><E46/><V1/><F1/><W7/><G114/><T11/><D45/><U51/><E51/><V117/><F117/><W135/><G113/><T55/><D48/><U50/><E50/><V118/><F118/><W124/><G135/><T110/><D42/><U65/><E65/><V97/><F97/><AGARI ba="0,2" hai="5,10,12,16,21,25,34,35,88,94,95,97,98,101" machi="97" ten="30,7700,0" yaku="1,1,7,1,54,2,53,0" doraHai="119" doraHaiUra="71" who="1" fromWho="2" sc="262,0,172,97,240,-77,306,0" owari="262,-14.0,269,7.0,163,-34.0,306,41.0" />
</Scene>
</mjloggm>