<mjloggm ver="2.3"><GO type="169" lobby="0"/><UN n0="%E7%A5%AD%E4%BA%BA" n1="%E3%82%AD%E3%83%A9%E3%83%BC%E3%83%9E%E3%82%B8%E3%83%B3%E3%82%AC%E6%A7%98" n2="%E5%A4%AA%E3%81%8F%E3%81%AA%E3%81%84%E3%81%8A" n3="%E7%83%8F%E8%B3%8A%E5%A4%A9" dan="17,17,19,17" rate="2172.65,2106.25,2334.46,2125.39" sx="M,F,F,M"/><TAIKYOKU oya="0"/>

<Scene>
<INIT seed="0,0,0,0,0,94" ten="250,250,250,250" oya="0" hai0="32,116,51,109,20,10,127,95,44,77,85,108,106" hai1="35,23,120,79,69,41,3,29,78,16,15,63,103" hai2="67,105,22,46,76,110,52,84,49,39,75,40,5" hai3="37,114,102,48,86,97,1,12,129,124,2,92,8"/><T43/><D32/><U131/><E120/><V13/><F110/><N who="0" m="42602" /><D116/><U134/><E3/><V130/><F130/><W56/><G37/><T65/><D106/><U122/><E122/><V98/><F75/><W9/><G114/><T11/><D127/><U53/><E131/><V70/><F76/><W71/><G71/><T14/><D65/><U28/><E134/><V27/><F84/><W88/><G129/><T91/><D77/><U119/><E119/><V26/><F5/><W58/><G124/><T96/><D85/><U101/><E35/><V21/><F13/><W0/><G48/><T73/><D73/><U128/><E128/><V126/><F126/><W64/><G64/><T74/><D74/><U99/><E79/><V132/><F132/><W123/><G123/><T68/><D68/><U66/><E78/><V121/><F121/><W38/><G38/><T107/><D107/><U18/><E69/><V82/><F82/><W93/><REACH who="3" step="1"/><G8/><REACH who="3" ten="250,250,250,240" step="2"/><T47/><D47/><U89/><E66/><V61/><F39/><W133/><G133/><T81/><D81/><U117/><E117/><V25/><REACH who="2" step="1"/><F40/><REACH who="2" ten="250,250,240,240" step="2"/><W57/><G57/><T60/><D60/><U24/><E41/><V113/><F113/><W90/><G90/><T50/><D50/><U111/><E111/><V83/><F83/><W19/><AGARI ba="0,2" hai="0,1,2,9,12,19,56,58,86,88,92,93,97,102" machi="19" ten="30,8000,1" yaku="1,1,0,1,52,1,54,1,53,1" doraHai="94" doraHaiUra="87" who="3" fromWho="3" sc="250,-40,250,-20,240,-20,240,100" />
</Scene>
<Scene>
<INIT seed="1,0,0,3,2,14" ten="210,230,220,340" oya="1" hai0="74,39,107,135,5,125,1,76,27,30,121,133,89" hai1="18,31,103,43,112,46,3,115,62,120,8,80,101" hai2="44,134,69,73,119,127,71,70,20,6,81,61,9" hai3="13,83,11,72,116,109,114,79,10,100,78,132,68"/><U128/><E120/><V98/><F119/><W102/><G68/><T92/><D121/><U49/><E128/><V67/><F134/><N who="0" m="51210" /><D107/><U41/><E31/><V17/><F127/><W52/><G114/><T93/><D39/><U106/><E43/><V4/><F98/><W38/><G38/><T77/><D125/><U26/><E62/><V19/><F44/><W59/><G132/><T99/><D74/><U58/><E58/><V16/><F20/><W51/><G109/><T96/><D5/><U23/><E80/><V7/><REACH who="2" step="1"/><F9/><REACH who="2" ten="210,230,210,340" step="2"/><W94/><G10/><T21/><D1/><U15/><E3/><V111/><F111/><W29/><G11/><T129/><D129/><U53/><E106/><V91/><F91/><AGARI ba="0,1" hai="21,27,30,76,77,89,91,92,93,96,99" m="51210" machi="91" ten="30,1000,0" yaku="20,1" doraHai="14" who="0" fromWho="2" sc="210,20,230,0,210,-10,340,0" />
</Scene>
<Scene>
<INIT seed="2,0,0,0,2,20" ten="230,230,200,340" oya="2" hai0="16,90,30,120,99,125,9,28,60,15,116,2,124" hai1="36,7,69,76,49,35,3,52,131,65,108,19,67" hai2="54,75,38,115,26,78,56,13,50,119,48,101,72" hai3="96,97,86,63,100,5,32,37,68,103,111,104,31"/><V27/><F115/><W82/><G37/><T47/><D120/><U14/><E36/><V83/><F38/><W66/><G5/><T80/><D116/><U17/><E35/><V129/><F119/><W121/><G121/><T59/><D2/><U24/><E108/><V12/><F129/><W133/><G111/><T61/><D61/><U40/><E40/><V70/><F70/><W46/><G46/><T92/><D47/><U114/><E114/><V44/><F75/><W109/><G109/><T106/><D106/><U53/><E3/><V85/><F72/><W130/><G133/><T8/><D8/><N who="1" m="4383" /><E69/><V41/><F101/><W51/><G51/><T25/><D80/><U87/><E53/><V1/><F1/><W57/><G57/><T84/><D99/><U29/><E29/><V73/><REACH who="2" step="1"/><F73/><REACH who="2" ten="230,230,190,340" step="2"/><W45/><G130/><T4/><D124/><U113/><E113/><V89/><F89/><W81/><G100/><T95/><D125/><U122/><E131/><V98/><F98/><W112/><G96/><T102/><D102/><U62/><E122/><V43/><F43/><W74/><G74/><T58/><D90/><U55/><E76/><V21/><F21/><W77/><G112/><T127/><D127/><U79/><E79/><V94/><F94/><W22/><G22/><T123/><D123/><U105/><E105/><V39/><F39/><W42/><G77/><T118/><D118/><U134/><E87/><V135/><F135/><W71/><G86/><T10/><D84/><U34/><E134/><V64/><F64/><W88/><G104/><T132/><D132/><RYUUKYOKU ba="0,1" sc="230,-10,230,-10,190,30,340,-10" hai2="12,13,26,27,41,44,48,50,54,56,78,83,85" />
</Scene>
<Scene>
<INIT seed="2,1,1,3,0,126" ten="220,220,220,330" oya="2" hai0="30,60,52,56,32,111,104,24,20,64,81,13,118" hai1="2,84,23,129,79,107,58,77,134,117,82,108,40" hai2="83,122,12,110,7,17,91,26,114,88,73,21,42" hai3="47,14,78,132,76,11,67,1,31,63,22,135,3"/><V93/><F114/><W92/><G92/><T35/><D104/><U95/><E2/><V72/><F122/><W75/><G47/><T102/><D102/><U98/><E40/><V115/><F115/><W90/><G90/><T19/><D111/><U9/><E9/><V37/><F110/><W119/><G22/><T103/><D103/><U68/><E68/><V59/><F37/><W125/><G31/><T5/><D118/><U28/><E107/><V130/><F42/><W6/><G125/><T50/><D5/><U57/><E108/><V96/><F130/><W36/><G36/><T16/><D81/><U127/><E127/><V120/><F120/><W15/><G15/><T80/><D80/><U46/><E79/><N who="3" m="30250" /><G75/><T10/><REACH who="0" step="1"/><D30/><REACH who="0" ten="210,220,220,330" step="2"/><U53/><E28/><V41/><F83/><W131/><G119/><T89/><D89/><U123/><E82/><V61/><F91/><W97/><G6/><T74/><D74/><U0/><E77/><V29/><F7/><W39/><G1/><T133/><D133/><U128/><E0/><V25/><F25/><W86/><G3/><T43/><D43/><U116/><E134/><V44/><F29/><W69/><G132/><T99/><D99/><U85/><E123/><V121/><F121/><W112/><G97/><T4/><D4/><U87/><E116/><V48/><REACH who="2" step="1"/><F12/><REACH who="2" ten="210,220,210,330" step="2"/><W33/><G14/><T34/><D34/><U55/><E117/><V106/><F106/><W66/><G135/><T51/><D51/><U71/><E128/><V124/><F124/><W49/><G131/><T105/><D105/><U101/><E129/><RYUUKYOKU ba="1,3" sc="210,15,220,-15,210,15,330,-15" hai0="10,13,16,19,20,24,32,35,50,52,56,60,64" hai2="17,21,26,41,44,48,59,61,72,73,88,93,96" />
</Scene>
<Scene>
<INIT seed="2,2,3,4,1,120" ten="225,205,225,315" oya="2" hai0="84,49,68,58,93,100,76,51,115,50,105,15,72" hai1="63,26,118,0,88,34,8,17,3,135,41,62,129" hai2="19,69,85,13,117,126,96,66,82,55,104,44,18" hai3="102,47,122,127,20,61,4,79,98,45,12,75,86"/><V116/><F126/><W10/><G75/><T42/><D68/><U89/><E118/><V38/><F66/><W92/><G122/><T73/><D115/><U21/><E135/><V99/><F69/><W14/><G127/><T2/><D2/><U46/><E129/><V64/><F64/><W128/><G128/><T37/><D73/><U119/><E119/><V107/><F38/><W134/><G61/><T32/><D32/><U109/><E34/><V9/><F19/><N who="3" m="10359" /><G134/><T101/><D37/><U90/><E109/><V80/><F80/><AGARI ba="2,3" hai="4,10,12,45,47,79,80,86,92,98,102" m="10359" machi="80" ten="30,1000,0" yaku="8,1" doraHai="120" who="3" fromWho="2" sc="225,0,205,0,225,-16,315,46" />
</Scene>
<Scene>
<INIT seed="3,0,0,2,2,113" ten="225,205,209,361" oya="3" hai0="54,56,79,73,53,132,40,28,77,81,80,66,94" hai1="14,123,2,26,5,70,46,67,74,38,45,30,60" hai2="63,8,21,130,9,102,59,49,117,10,68,129,61" hai3="35,19,111,86,85,69,7,34,42,20,128,27,89"/><W82/><G69/><T110/><D110/><U43/><E123/><V37/><F37/><W62/><G62/><T33/><D132/><U122/><E122/><V47/><F102/><W104/><G104/><T50/><D40/><U75/><E14/><V29/><F68/><W95/><G128/><N who="2" m="49257" /><F59/><W64/><G64/><T115/><D115/><U17/><E17/><V22/><F117/><W32/><G111/><T105/><D105/><U109/><E46/><V23/><F29/><W131/><G131/><T78/><D66/><U44/><E44/><V100/><F100/><W125/><G125/><T119/><D119/><U84/><E84/><V93/><F93/><W118/><G118/><T15/><D94/><U92/><E92/><V83/><F83/><W72/><G72/><T12/><D78/><U52/><E109/><V97/><F97/><W120/><G120/><T6/><D6/><U0/><E5/><V90/><F90/><W58/><G7/><T107/><D107/><U114/><E114/><V101/><F101/><W3/><G58/><T25/><REACH who="0" step="1"/><D54/><AGARI ba="0,0" hai="8,9,10,21,22,23,47,49,54,61,63" m="49257" machi="54" ten="40,1300,0" yaku="19,1" doraHai="113" who="2" fromWho="0" sc="225,-13,205,0,209,13,361,0" />
</Scene>
<Scene>
<INIT seed="4,0,0,1,4,31" ten="212,205,222,361" oya="0" hai0="112,0,33,105,110,99,23,41,17,24,73,134,7" hai1="47,44,89,62,66,101,60,129,88,106,50,65,71" hai2="68,111,15,34,131,132,122,98,77,18,59,28,72" hai3="113,27,93,20,126,70,97,39,37,74,115,135,94"/><T9/><D73/><U125/><E129/><V16/><F68/><W119/><G119/><T21/><D41/><U13/><E125/><V103/><F111/><W30/><G70/><T118/><D118/><U83/><E13/><V69/><F69/><W100/><G74/><T128/><D105/><U46/><E50/><V53/><F122/><W109/><G109/><T11/><D110/><U117/><E117/><V108/><F108/><W6/><G126/><T58/><D99/><U78/><E101/><V22/><F131/><W116/><G116/><T85/><D128/><U81/><E106/><V26/><F132/><W52/><G6/><N who="0" m="1223" /><D85/><U54/><E54/><V43/><F43/><W35/><G135/><T56/><D134/><U4/><E4/><V45/><F45/><W75/><G75/><T130/><D130/><U102/><E102/><V10/><F72/><W40/><G93/><T96/><D96/><U121/><E121/><V87/><F77/><W82/><G82/><N who="1" m="31242" /><E78/><V91/><F87/><W3/><G40/><T19/><D58/><U5/><E5/><V61/><F91/><N who="1" m="34889" /><E71/><V92/><REACH who="2" step="1"/><F18/><REACH who="2" ten="212,205,212,361" step="2"/><N who="0" m="6666" /><D56/><U123/><E123/><V127/><F127/><W38/><G100/><T80/><D80/><U29/><E44/><V32/><AGARI ba="0,1" hai="10,15,16,22,26,28,32,34,53,59,61,92,98,103" machi="32" ten="30,8000,1" yaku="1,1,0,1,52,2,54,1,53,0" doraHai="31" doraHaiUra="76" who="2" fromWho="2" sc="212,-40,205,-20,212,90,361,-20" />
</Scene>
<Scene>
<INIT seed="5,0,0,3,0,21" ten="172,185,302,341" oya="1" hai0="102,34,33,36,19,28,70,55,116,119,120,129,30" hai1="78,134,71,126,106,109,1,121,24,113,103,44,97" hai2="18,61,8,85,104,57,95,64,65,62,20,46,92" hai3="99,124,100,101,114,26,69,10,128,48,94,117,74"/><U9/><E121/><V118/><F104/><W0/><G74/><T125/><D70/><U89/><E71/><V107/><F107/><W91/><G69/><T17/><D36/><U6/><E113/><V49/><F8/><W50/><G114/><T66/><D66/><U108/><E134/><V81/><F118/><N who="0" m="45098" /><D55/><U40/><E126/><V53/><F62/><W93/><G117/><T45/><D45/><U13/><E89/><V5/><F5/><W32/><G101/><T110/><D102/><U2/><E78/><V3/><F3/><W77/><G77/><T86/><D86/><U51/><REACH who="1" step="1"/><E24/><REACH who="1" ten="172,175,302,341" step="2"/><N who="2" m="14359" /><F65/><W83/><G26/><T39/><D125/><U16/><E16/><V63/><F63/><W131/><G124/><T127/><D127/><U42/><E42/><N who="2" m="24791" /><F64/><W82/><G91/><AGARI ba="0,1" hai="53,57,61,81,85,91,92,95" m="24791,14359" machi="91" ten="30,2000,0" yaku="8,1,52,1" doraHai="21" who="2" fromWho="3" sc="172,0,175,0,302,30,341,-20" />
</Scene>
<Scene>
<INIT seed="6,0,0,0,0,26" ten="172,175,332,321" oya="2" hai0="28,77,82,57,14,63,2,108,55,85,116,126,61" hai1="44,37,66,51,46,53,105,92,104,75,79,88,95" hai2="4,135,119,49,110,10,120,17,19,71,91,24,124" hai3="118,102,18,131,29,56,60,38,16,58,112,132,122"/><V109/><F71/><W42/><G118/><T76/><D2/><U35/><E35/><V62/><F62/><W68/><G122/><T90/><D108/><N who="2" m="41578" /><F119/><W12/><G68/><T73/><D116/><U89/><E66/><V43/><F120/><W103/><G42/><T129/><D129/><U33/><E33/><V40/><F124/><W27/><G38/><T123/><D123/><U31/><E31/><V115/><F115/><W134/><G112/><T11/><D126/><U111/><E111/><V47/><F135/><N who="3" m="51755" /><G58/><N who="0" m="35039" /><D28/><U69/><E69/><V30/><F91/><W50/><G50/><T45/><D45/><U125/><E125/><V21/><F43/><W101/><G12/><AGARI ba="0,0" hai="4,10,12,17,19,21,24,30,40,47,49" m="41578" machi="12" ten="30,2900,0" yaku="10,1,52,1" doraHai="26" who="2" fromWho="3" sc="172,0,175,0,332,29,321,-29" />
</Scene>
<Scene>
<INIT seed="6,1,0,3,2,45" ten="172,175,361,292" oya="2" hai0="3,74,108,27,28,6,53,130,104,60,20,8,62" hai1="48,15,46,31,14,102,132,22,11,59,10,98,58" hai2="34,66,32,77,25,91,115,69,63,19,0,4,93" hai3="110,86,118,65,121,95,99,114,64,87,107,67,88"/><V124/><F77/><W128/><G110/><T123/><D108/><U85/><E132/><V36/><F36/><W39/><BYE who="2" /><G39/><T18/><D104/><U47/><E85/><V122/><F122/><W41/><G118/><T12/><D74/><U131/><E131/><V40/><F40/><W7/><G121/><T133/><D123/><U129/><E129/><V23/><F23/><W50/><G107/><T120/><D120/><U2/><E2/><V92/><F92/><W97/><G128/><T37/><D37/><UN n2="%E5%A4%AA%E3%81%8F%E3%81%AA%E3%81%84%E3%81%8A" /><U101/><E22/><V119/><F119/><W55/><G41/><T83/><D130/><U1/><E1/><V42/><F42/><W68/><G68/><T26/><D133/><U43/><E31/><V61/><F19/><W30/><G7/><T84/><D53/><U117/><E117/><V33/><F63/><W13/><G13/><N who="1" m="4618" /><E47/><V24/><F0/><W126/><G30/><T73/><D73/><U9/><E98/><V90/><F33/><W70/><G70/><T78/><REACH who="0" step="1"/><D27/><REACH who="0" ten="162,175,361,292" step="2"/><U79/><E79/><V80/><F24/><W57/><G55/><T89/><D89/><U44/><E44/><V17/><F90/><W5/><G88/><T49/><D49/><U113/><E113/><V106/><F91/><W125/><G50/><T35/><AGARI ba="1,1" hai="3,6,8,12,18,20,26,28,35,60,62,78,83,84" machi="35" ten="20,12000,2" yaku="1,1,0,1,7,1,24,2,53,1" doraHai="45" doraHaiUra="16" who="0" fromWho="0" sc="162,133,175,-31,361,-61,292,-31" />
</Scene>
<Scene>
<INIT seed="7,0,0,5,2,31" ten="295,144,300,261" oya="3" hai0="116,12,126,86,98,1,72,115,18,2,97,63,50" hai1="49,73,33,106,15,60,123,120,108,36,119,22,51" hai2="42,48,109,54,9,67,78,69,121,65,130,13,53" hai3="6,71,88,131,56,84,14,134,95,17,135,16,32"/><W79/><G71/><T58/><D72/><U28/><E73/><V64/><F109/><W104/><G32/><T23/><D116/><U10/><E36/><V82/><F69/><W107/><G131/><T100/><D126/><U26/><E106/><V66/><F66/><W90/><G79/><T35/><D35/><U5/><E108/><V93/><F130/><W128/><G128/><T7/><D115/><U112/><E112/><V118/><F118/><W89/><G6/><T83/><D50/><U127/><E119/><V110/><F110/><W45/><G56/><T43/><D43/><U20/><E127/><V75/><F121/><W102/><G45/><T96/><D100/><U99/><E60/><V133/><F133/><N who="3" m="50699" /><G17/><T44/><D44/><U125/><E125/><V40/><F40/><W111/><G111/><T24/><D7/><U37/><E37/><V59/><F42/><W41/><G41/><T77/><REACH who="0" step="1"/><D24/><REACH who="0" ten="285,144,300,261" step="2"/><U91/><E123/><V92/><F48/><W70/><G70/><T62/><D62/><U81/><E120/><V80/><F75/><W25/><G25/><T94/><D94/><N who="1" m="56799" /><E33/><V129/><F129/><W4/><G4/><T103/><D103/><U124/><E124/><V74/><F74/><W34/><G34/><T105/><D105/><N who="3" m="40521" /><G102/><T87/><D87/><U61/><E61/><V114/><F114/><W101/><G101/><T57/><D57/><U122/><E122/><V85/><F59/><W27/><G27/><T38/><D38/><U11/><E81/><V19/><F80/><W0/><G0/><T29/><D29/><N who="1" m="17607" /><E11/><AGARI ba="0,1" hai="11,14,16,84,88,89,90,95" m="40521,50699" machi="11" ten="30,5800,0" yaku="20,1,54,2" doraHai="31" who="3" fromWho="1" sc="285,0,144,-58,300,0,261,68" owari="285,-11.0,86,-41.0,300,10.0,329,42.0" />
</Scene>
</mjloggm>