<mjloggm ver="2.3"><GO type="169" lobby="0"/><UN n0="%E9%85%94%E5%A5%B4%E4%BA%BA" n1="%E3%83%AD%E3%83%B3%E3%82%88%E3%82%8A%E8%A8%BC%E6%8B%A0" n2="%E8%B6%85%E4%BA%BA%EF%BC%AD" n3="%E5%A4%AA%E3%81%8F%E3%81%AA%E3%81%84%E3%81%8A" dan="16,17,17,18" rate="2090.79,2185.76,2190.45,2245.55" sx="M,M,M,M"/><TAIKYOKU oya="0"/>

<Scene>
<INIT seed="0,0,0,1,2,49" ten="250,250,250,250" oya="0" hai0="24,85,9,69,74,129,64,108,86,1,31,43,106" hai1="40,71,28,130,109,37,15,67,73,95,14,25,122" hai2="45,32,70,0,135,120,3,99,48,102,61,39,16" hai3="84,101,53,81,19,93,96,59,17,80,58,94,46"/><T92/><D106/><U26/><E122/><V75/><F75/><W103/><G46/><T111/><D74/><U20/><E73/><V35/><F120/><W100/><G59/><T6/><D129/><U65/><E130/><V18/><F39/><W68/><G68/><T114/><D114/><U79/><E109/><N who="0" m="42057" /><D43/><U38/><E79/><V105/><F135/><W5/><G5/><T55/><D92/><N who="3" m="35433" /><G96/><T127/><D127/><U134/><E95/><V30/><F3/><W57/><G57/><T8/><D8/><U104/><E20/><V4/><F4/><W44/><G44/><T13/><D1/><U133/><E28/><V78/><F78/><N who="3" m="46103" /><G81/><T34/><D64/><U10/><E10/><V42/><F0/><W82/><G82/><T89/><D69/><U29/><E71/><V116/><F116/><W118/><G118/><T87/><D89/><U121/><E121/><V56/><F35/><W124/><G124/><T62/><D62/><AGARI ba="0,0" hai="17,19,53,58,62,100,101,103" m="46103,35433" machi="62" ten="30,2000,0" yaku="8,1,52,1" doraHai="49" who="3" fromWho="0" sc="250,-20,250,0,250,0,250,20" />
</Scene>
<Scene>
<INIT seed="1,0,0,4,0,58" ten="230,250,250,270" oya="1" hai0="124,103,37,41,89,120,13,69,36,44,128,66,111" hai1="94,35,107,74,18,21,0,72,55,53,12,119,20" hai2="34,47,48,67,115,84,92,126,54,75,16,43,33" hai3="22,82,91,7,83,100,88,3,93,6,5,97,23"/><U63/><E107/><V101/><F75/><W133/><G3/><T118/><D118/><U116/><E35/><V130/><F115/><W90/><REACH who="3" step="1"/><G133/><REACH who="3" ten="230,250,250,260" step="2"/><T104/><D120/><U10/><E0/><V135/><F135/><W11/><G11/><T127/><D127/><U42/><E10/><V25/><F126/><W15/><G15/><T39/><D124/><U45/><E12/><V99/><F130/><W65/><G65/><T108/><D13/><U46/><E119/><V121/><F121/><W98/><G98/><T52/><D128/><U68/><E116/><V109/><F109/><W8/><G8/><T38/><D66/><U105/><E74/><V78/><F67/><W113/><G113/><T19/><D111/><U27/><E72/><V24/><F24/><W73/><G73/><T79/><D108/><U17/><E27/><V129/><F129/><W26/><G26/><T117/><D117/><U71/><E71/><V51/><F25/><W77/><G77/><T95/><D19/><U132/><E68/><V114/><F16/><W96/><G96/><T76/><D69/><U61/><E132/><V131/><F131/><W50/><G50/><T49/><D38/><U81/><E18/><V102/><F114/><W106/><G106/><T122/><D39/><U134/><E105/><V30/><F30/><W1/><G1/><T59/><D36/><U60/><E17/><V87/><F78/><W57/><G57/><T62/><D122/><U123/><E123/><V80/><F34/><W85/><G85/><N who="0" m="52655" /><D37/><U64/><E134/><V2/><F33/><W31/><G31/><RYUUKYOKU ba="0,1" sc="230,15,250,-15,250,-15,260,15" hai0="41,44,49,52,59,62,76,79,103,104" hai3="5,6,7,22,23,82,83,88,90,91,93,97,100" />
</Scene>
<Scene>
<INIT seed="2,1,1,5,4,26" ten="245,235,235,275" oya="2" hai0="97,33,77,82,106,85,88,17,11,89,8,43,127" hai1="134,94,46,13,91,84,5,22,123,98,7,54,58" hai2="67,114,79,118,76,120,111,102,64,6,135,113,68" hai3="32,132,90,4,3,60,55,131,119,56,124,14,2"/><V28/><F118/><W109/><G119/><T29/><D127/><U65/><E134/><V27/><F120/><W75/><G75/><T72/><D43/><U125/><E125/><V99/><F6/><W48/><G124/><T40/><D40/><U86/><E123/><V80/><F135/><W10/><G132/><T122/><D122/><U107/><E107/><V53/><F53/><W130/><G32/><T16/><D33/><U83/><E86/><V128/><F128/><N who="3" m="49195" /><G109/><T71/><D71/><U37/><E65/><V20/><F111/><W45/><G90/><T101/><D29/><U62/><E46/><V115/><F68/><W18/><G4/><T73/><D89/><U133/><E37/><V59/><F59/><W110/><G110/><T41/><D41/><AGARI ba="1,1" hai="2,3,10,14,18,41,45,48,55,56,60" m="49195" machi="41" ten="30,1000,0" yaku="19,1" doraHai="26" who="3" fromWho="0" sc="245,-13,235,0,235,0,275,23" />
</Scene>
<Scene>
<INIT seed="3,0,0,2,4,66" ten="232,235,235,298" oya="3" hai0="67,51,133,59,116,130,60,126,95,36,129,6,128" hai1="2,90,19,92,4,3,56,78,64,47,61,12,37" hai2="76,0,106,84,16,122,21,134,96,105,44,22,49" hai3="93,100,39,8,38,70,74,33,113,87,68,107,98"/><W73/><G87/><T72/><D72/><N who="3" m="27753" /><G93/><T121/><D121/><U109/><E109/><V91/><F0/><W111/><G113/><T40/><D116/><U94/><E78/><V110/><F110/><W114/><G114/><T46/><D6/><U25/><E94/><N who="2" m="56415" /><F105/><W89/><G89/><T58/><D95/><U83/><E83/><N who="2" m="47207" /><F106/><W54/><G54/><N who="0" m="32095" /><D126/><U112/><E112/><V123/><F134/><AGARI ba="0,0" hai="36,40,46,59,60,67,128,129,130,133,134" m="32095" machi="134" ten="40,5200,0" yaku="19,1,34,2" doraHai="66" who="0" fromWho="2" sc="232,52,235,0,235,-52,298,0" />
</Scene>
<Scene>
<INIT seed="4,0,0,5,3,5" ten="284,235,183,298" oya="0" hai0="119,125,59,81,63,68,11,47,60,22,19,18,76" hai1="109,74,23,55,131,71,50,127,25,102,90,43,34" hai2="1,135,46,42,28,13,110,39,84,24,7,66,35" hai3="3,53,89,98,121,117,8,31,97,80,101,65,134"/><T72/><D119/><U36/><E34/><V4/><F110/><W58/><G117/><T82/><D125/><U129/><E109/><V92/><F135/><W75/><G134/><T26/><D68/><U113/><E74/><V128/><F128/><W86/><G121/><T57/><D47/><U112/><E71/><V54/><F66/><W48/><G31/><T17/><D81/><U20/><E43/><V14/><F54/><W27/><G27/><T99/><D99/><U10/><E36/><V64/><F64/><W70/><G75/><T41/><D41/><U123/><E123/><V124/><F7/><W114/><G114/><N who="1" m="44138" /><E102/><V130/><F130/><N who="1" m="49673" /><E127/><V49/><F39/><W95/><G3/><T45/><D45/><U87/><E25/><V51/><F51/><W16/><G70/><T2/><D59/><N who="1" m="33271" /><E10/><V105/><F105/><W73/><G65/><T9/><D2/><U32/><E32/><V94/><F124/><W6/><G73/><T33/><D33/><U67/><E67/><V44/><F44/><W85/><G101/><T116/><D116/><U38/><E38/><V93/><REACH who="2" step="1"/><F84/><REACH who="2" ten="284,235,173,298" step="2"/><W69/><G69/><T40/><D40/><U91/><E91/><V126/><F126/><W111/><G89/><T77/><D77/><U83/><AGARI ba="0,1" hai="20,23,83,87,90" m="33271,49673,44138" machi="83" ten="30,4000,0" yaku="15,1,11,1,19,1" doraHai="5" who="1" fromWho="1" sc="284,-20,235,50,173,-10,298,-10" />
</Scene>
<Scene>
<INIT seed="5,0,0,0,1,98" ten="264,285,163,288" oya="1" hai0="10,56,11,131,4,69,77,75,104,55,108,94,41" hai1="132,102,90,9,51,59,86,43,20,39,15,0,19" hai2="106,101,120,121,82,17,7,63,114,115,127,3,79" hai3="16,80,58,96,92,37,73,95,135,123,22,5,99"/><U88/><E132/><V48/><F17/><W14/><G123/><T128/><D104/><U12/><E0/><V85/><F48/><W89/><G37/><T124/><D69/><U76/><E39/><V74/><F63/><W93/><G135/><T113/><D113/><N who="2" m="43018" /><F7/><W126/><G126/><T109/><D41/><U66/><E66/><V57/><F57/><W91/><G5/><T64/><D64/><U105/><E43/><V26/><F26/><W40/><G40/><T27/><D27/><U23/><E23/><V33/><F3/><W87/><G73/><T54/><D124/><U130/><E130/><N who="0" m="49705" /><D94/><U67/><E67/><V1/><F33/><W97/><REACH who="3" step="1"/><G58/><REACH who="3" ten="264,285,163,278" step="2"/><T8/><D4/><U72/><E59/><V122/><F1/><W45/><G45/><T6/><D6/><U18/><E72/><V35/><F35/><W29/><G29/><T103/><D56/><U134/><E134/><V30/><F30/><W50/><G50/><T84/><D55/><U129/><E51/><V133/><F133/><W49/><G49/><T119/><D54/><U28/><E28/><V110/><F127/><W44/><G44/><T112/><D75/><U125/><E125/><V117/><F74/><W83/><G83/><N who="0" m="47215" /><D112/><U38/><E38/><V70/><F70/><W25/><G25/><T62/><D62/><U2/><E129/><V34/><F34/><W52/><G52/><T65/><D65/><U24/><E24/><V78/><F122/><W111/><G111/><N who="0" m="42571" /><D119/><U118/><E118/><V31/><F110/><W71/><G71/><T81/><D81/><N who="1" m="47399" /><E2/><V116/><F117/><RYUUKYOKU ba="0,1" sc="264,10,285,10,163,-30,278,10" hai0="8,10,11,103" hai1="9,12,15,18,19,20,88,90,102,105" hai3="14,16,22,80,87,89,91,92,93,95,96,97,99" />
</Scene>
<Scene>
<INIT seed="5,1,1,4,4,47" ten="274,295,133,288" oya="1" hai0="37,12,125,32,104,35,124,66,95,130,23,51,100" hai1="122,103,105,128,91,108,102,98,57,38,133,27,79" hai2="55,11,10,58,36,131,86,90,59,1,62,123,8" hai3="40,14,63,84,18,107,81,132,64,61,118,93,19"/><U72/><E38/><V97/><F36/><W69/><G107/><T116/><D37/><U129/><E122/><V92/><F123/><W117/><G132/><T68/><D116/><N who="3" m="44649" /><G40/><T26/><D130/><U24/><E133/><V89/><F131/><N who="1" m="50249" /><E108/><V46/><F1/><W48/><G48/><T99/><D68/><U30/><E103/><V94/><F46/><W109/><G109/><T29/><D66/><U113/><E113/><V25/><F25/><W85/><G63/><T82/><D82/><N who="1" m="45415" /><E30/><V50/><REACH who="2" step="1"/><F11/><REACH who="2" ten="274,295,123,288" step="2"/><W53/><G14/><T34/><D12/><U56/><E27/><V80/><F80/><W15/><G15/><T71/><D124/><U67/><E24/><V76/><F76/><N who="3" m="46119" /><G53/><AGARI ba="1,2" hai="8,10,50,53,55,58,59,62,86,89,90,92,94,97" machi="53" ten="30,8000,1" yaku="1,1,7,1,8,1,52,1,53,1" doraHai="47" doraHaiUra="45" who="2" fromWho="3" sc="274,0,295,0,123,103,288,-83" />
</Scene>
<Scene>
<INIT seed="6,0,0,5,5,119" ten="274,295,226,205" oya="2" hai0="110,73,47,132,100,93,129,66,20,42,87,63,71" hai1="5,70,86,37,118,62,12,124,107,114,11,74,54" hai2="102,27,10,84,122,4,17,95,91,109,19,75,92" hai3="14,46,76,106,104,33,59,21,89,127,135,8,78"/><V31/><F75/><W80/><G33/><T128/><D73/><U6/><E74/><V123/><F109/><W1/><G1/><T49/><D110/><U55/><E37/><V26/><F102/><W81/><G127/><T40/><D20/><U13/><E107/><V41/><F41/><W83/><G135/><T108/><D108/><U94/><E118/><V58/><F95/><W38/><G21/><T131/><D132/><U90/><E124/><V98/><F98/><W120/><G120/><T115/><D115/><U97/><E114/><V117/><F58/><W77/><G89/><T0/><D0/><U52/><E70/><V43/><F43/><W25/><G25/><T61/><D61/><U34/><E34/><V121/><F117/><W96/><G96/><T44/><D87/><U125/><E125/><V35/><REACH who="2" step="1"/><F27/><REACH who="2" ten="274,295,216,205" step="2"/><W28/><G59/><T111/><D111/><U30/><E97/><V51/><F51/><W57/><G57/><T99/><REACH who="0" step="1"/><D131/><REACH who="0" ten="264,295,216,205" step="2"/><U116/><E116/><V3/><AGARI ba="0,2" hai="3,4,10,17,19,26,31,35,84,91,92,121,122,123" machi="3" ten="30,12000,1" yaku="1,1,0,1,52,3,53,0" doraHai="119" doraHaiUra="39" who="2" fromWho="2" sc="264,-40,295,-40,216,140,205,-40" />
</Scene>
<Scene>
<INIT seed="6,1,0,1,4,89" ten="224,255,356,165" oya="2" hai0="38,95,114,19,50,97,58,127,88,30,100,55,109" hai1="17,39,62,117,24,27,86,18,77,32,135,54,82" hai2="96,0,84,69,29,73,56,94,31,104,35,36,122" hai3="4,78,33,110,48,68,25,75,21,76,90,59,53"/><V9/><F69/><W40/><G110/><T83/><D109/><U99/><E117/><V60/><F73/><W80/><G68/><T120/><D120/><U103/><E39/><V11/><F36/><W121/><G121/><T85/><D127/><U128/><E135/><V23/><F35/><W129/><G33/><T70/><D114/><U64/><E54/><N who="2" m="33815" /><F104/><W57/><G129/><T37/><D70/><U108/><E128/><V6/><F0/><W51/><G4/><T98/><D30/><N who="2" m="11274" /><F6/><W45/><G76/><T12/><REACH who="0" step="1"/><D98/><REACH who="0" ten="214,255,356,165" step="2"/><U101/><E108/><V43/><F122/><W130/><G130/><T126/><D126/><U107/><E32/><V65/><F84/><W71/><G71/><T79/><D79/><U42/><E86/><V28/><F65/><W105/><G105/><T131/><D131/><U8/><E77/><V10/><F43/><W116/><G116/><T92/><D92/><U49/><E42/><V3/><F3/><W1/><G1/><T72/><D72/><U14/><E64/><V118/><F118/><W52/><G90/><T26/><D26/><U133/><E27/><N who="2" m="16511" /><F94/><W47/><REACH who="3" step="1"/><G40/><REACH who="3" ten="214,255,356,155" step="2"/><T106/><D106/><U125/><E107/><V91/><F91/><W87/><G87/><T115/><D115/><U124/><E124/><V81/><F96/><W20/><G20/><AGARI ba="1,2" hai="12,19,20,37,38,50,55,58,83,85,88,95,97,100" machi="20" ten="30,8000,1" yaku="1,1,7,1,52,1,54,1,53,1" doraHai="89" doraHaiUra="44" who="0" fromWho="3" sc="214,103,255,0,356,0,155,-83" />
</Scene>
<Scene>
<INIT seed="7,0,0,4,1,119" ten="317,255,356,72" oya="3" hai0="130,32,89,87,117,12,111,100,34,24,0,80,95" hai1="96,70,25,11,134,5,7,122,66,4,128,116,58" hai2="77,28,123,46,27,30,93,78,35,72,9,48,1" hai3="131,51,59,69,29,98,90,54,65,79,133,101,49"/><W22/><G133/><T15/><D117/><U115/><E70/><V8/><F30/><W71/><G131/><T97/><D111/><U108/><E96/><V129/><F129/><W99/><G79/><T68/><D130/><U57/><E128/><V114/><F123/><W42/><G65/><T76/><D0/><U103/><E103/><V43/><F114/><W84/><G29/><T56/><D68/><U36/><E36/><V47/><F72/><W112/><G112/><T74/><D56/><U40/><E40/><V63/><F63/><W50/><G22/><T81/><D24/><U14/><E115/><V37/><F9/><W92/><G99/><T2/><D2/><U45/><E45/><V21/><F35/><W121/><G121/><T61/><D61/><U6/><E108/><V17/><F93/><W10/><G10/><T62/><D62/><U82/><E134/><V3/><F3/><W26/><G26/><T83/><D15/><U67/><E116/><V126/><F126/><W75/><G75/><T105/><D12/><U39/><E39/><V38/><F38/><W53/><G42/><T127/><D127/><U18/><E82/><V125/><F125/><W41/><G41/><T20/><D20/><N who="1" m="13463" /><E122/><V33/><F8/><W120/><G120/><T132/><D132/><U60/><E58/><V85/><F1/><W73/><G73/><T52/><D52/><AGARI ba="0,0" hai="4,5,6,7,11,14,52,57,60,66,67" m="13463" machi="52" ten="30,2000,0" yaku="8,1,54,1" doraHai="119" who="1" fromWho="0" sc="317,-20,255,20,356,0,72,0" owari="297,10.0,275,-12.0,356,45.0,72,-43.0" />
</Scene>
</mjloggm>