<mjloggm ver="2.3"><GO type="169" lobby="0"/><UN n0="%50%6F%74%6F%73%68%69" n1="%E5%A4%AA%E3%81%8F%E3%81%AA%E3%81%84%E3%81%8A" n2="%47%45%59%55" n3="%E3%83%AB%E3%83%8D%E3%82%B9%E3%82%BF" dan="16,18,16,16" rate="2042.99,2239.81,2084.89,2061.68" sx="F,M,M,M"/><TAIKYOKU oya="0"/>

<Scene>
<INIT seed="0,0,0,2,5,91" ten="250,250,250,250" oya="0" hai0="84,2,83,72,125,130,9,38,56,54,89,55,39" hai1="73,124,106,88,32,79,33,31,118,70,64,99,132" hai2="45,85,76,18,29,95,57,117,93,36,52,121,44" hai3="53,111,61,14,6,48,113,4,3,7,101,78,105"/><T77/><D125/><U107/><E118/><V87/><F121/><W103/><G113/><T92/><D130/><U60/><E124/><V129/><F129/><W127/><G127/><T133/><D133/><U37/><E37/><V58/><F117/><W134/><G3/><T86/><D72/><U42/><E42/><V96/><F29/><W112/><G134/><T19/><D54/><U41/><E41/><V81/><F36/><W5/><G112/><T102/><D102/><U1/><E1/><V63/><F18/><W24/><G105/><T8/><D8/><U74/><E132/><V116/><F116/><W23/><G61/><T21/><D9/><U40/><E40/><V108/><F108/><W71/><G71/><T15/><REACH who="0" step="1"/><D2/><REACH who="0" ten="240,250,250,250" step="2"/><U43/><E74/><V100/><F58/><N who="3" m="33063" /><G101/><T46/><D46/><U10/><E10/><V128/><F128/><W34/><G103/><T104/><D104/><U66/><E107/><V20/><F20/><W16/><G111/><T67/><D67/><U47/><E66/><V114/><F114/><W135/><G135/><T51/><AGARI ba="0,1" hai="15,19,21,38,39,51,55,56,77,83,84,86,89,92" machi="51" ten="20,24000,3" yaku="1,1,0,1,7,1,25,2,52,1,53,2" doraHai="91" doraHaiUra="82" who="0" fromWho="0" sc="240,250,250,-80,250,-80,250,-80" />
</Scene>
<Scene>
<INIT seed="0,1,0,0,2,38" ten="490,170,170,170" oya="0" hai0="6,89,24,102,48,9,108,30,98,31,21,110,103" hai1="10,114,34,124,126,18,128,70,16,118,0,95,46" hai2="5,19,105,55,79,131,60,113,23,87,28,36,72" hai3="66,75,11,8,127,54,25,4,47,59,129,26,62"/><T109/><D48/><U107/><E107/><V80/><F113/><W122/><G75/><T117/><D117/><U94/><E118/><V17/><F131/><W15/><G129/><T73/><D73/><U40/><E128/><V132/><F132/><W99/><G122/><T13/><D89/><U82/><E70/><V37/><F105/><W49/><G127/><N who="1" m="48682" /><E34/><V14/><F5/><W111/><G111/><T27/><REACH who="0" step="1"/><D98/><REACH who="0" ten="480,170,170,170" step="2"/><U7/><E114/><V42/><F72/><W121/><G121/><T61/><D61/><U125/><E125/><V68/><F36/><W104/><G99/><T78/><D78/><U51/><E82/><V90/><F79/><W91/><G91/><T77/><D77/><U130/><E130/><V1/><F37/><W88/><G88/><T96/><D96/><U45/><E45/><V12/><F60/><W81/><G81/><T84/><D84/><U74/><E74/><V20/><F80/><W56/><G104/><T93/><D93/><AGARI ba="1,1" hai="0,7,10,16,18,40,46,51,93,94,95" m="48682" machi="93" ten="30,3900,0" yaku="18,1,52,1,54,1" doraHai="38" who="1" fromWho="0" sc="480,-42,170,52,170,0,170,0" />
</Scene>
<Scene>
<INIT seed="1,0,0,5,3,9" ten="438,222,170,170" oya="1" hai0="99,33,63,54,89,91,16,36,104,85,135,42,12" hai1="40,74,5,103,78,4,7,81,29,102,112,21,82" hai2="31,6,105,88,2,59,39,45,83,28,94,118,69" hai3="46,49,51,121,34,79,50,98,100,41,116,77,35"/><U71/><E112/><V17/><F118/><W97/><G121/><T18/><D33/><U15/><E71/><V119/><F69/><W44/><G116/><T23/><D135/><U65/><E65/><V90/><F105/><W25/><G25/><T72/><D72/><U120/><E120/><V58/><F119/><W95/><G41/><T14/><D36/><U93/><E40/><V107/><F107/><W10/><G10/><T101/><D42/><U122/><E122/><V68/><F68/><W38/><G38/><T57/><D85/><U60/><E60/><V73/><F39/><W56/><G56/><N who="2" m="21545" /><F2/><W67/><G67/><T1/><D1/><U124/><E124/><V48/><F6/><W61/><G61/><T113/><D113/><U19/><E29/><V96/><F73/><W111/><G111/><T106/><D106/><U123/><E123/><V125/><F125/><W20/><G20/><AGARI ba="0,0" hai="12,14,16,18,20,23,54,57,63,89,91,99,101,104" machi="20" ten="30,8000,1" yaku="7,1,9,1,52,2,54,1" doraHai="9" who="0" fromWho="3" sc="438,80,222,0,170,0,170,-80" />
</Scene>
<Scene>
<INIT seed="2,0,0,2,2,53" ten="518,222,170,90" oya="2" hai0="24,70,14,36,106,89,88,87,37,58,32,125,105" hai1="5,75,28,9,85,129,13,20,117,96,40,101,19" hai2="56,80,11,102,57,118,60,111,34,17,73,84,42" hai3="81,126,99,95,26,110,130,6,18,103,29,134,77"/><V46/><F118/><W131/><G110/><T39/><D70/><U41/><E75/><V68/><F34/><W16/><G6/><T98/><D125/><U123/><E117/><V83/><F73/><W54/><G126/><T69/><D69/><U12/><E129/><N who="3" m="49162" /><G134/><T72/><D72/><U22/><E123/><V114/><F114/><W116/><G116/><T79/><D79/><U92/><E85/><V86/><F102/><W121/><G121/><T128/><D128/><U90/><E101/><V35/><F35/><N who="3" m="20919" /><G54/><T8/><D89/><U45/><E45/><V63/><F111/><W115/><G115/><T122/><D122/><U51/><E51/><N who="2" m="27095" /><F68/><W82/><G82/><N who="2" m="31273" /><F63/><W127/><G127/><T43/><D32/><U55/><E55/><N who="2" m="33823" /><F57/><W50/><G50/><T31/><D58/><U0/><E0/><V44/><F44/><W108/><G108/><T25/><D37/><U30/><E30/><V132/><F132/><W71/><G71/><T113/><D31/><U65/><E65/><V48/><F48/><W119/><G119/><T97/><D36/><U67/><E67/><V49/><F49/><W23/><G23/><T62/><D39/><U27/><AGARI ba="0,0" hai="5,9,12,13,19,20,22,27,28,40,41,90,92,96" machi="27" ten="30,2000,0" yaku="0,1,8,1" doraHai="53" who="1" fromWho="1" sc="518,-5,222,20,170,-10,90,-5" />
</Scene>
<Scene>
<INIT seed="3,0,0,0,2,118" ten="513,242,160,85" oya="3" hai0="124,94,31,50,12,10,9,107,23,28,122,84,92" hai1="48,44,55,79,29,106,27,7,2,61,19,43,69" hai2="14,126,21,18,15,96,59,11,20,83,71,3,53" hai3="131,102,1,130,115,25,54,121,36,37,85,93,35"/><W112/><G1/><T57/><D107/><U66/><E106/><V8/><F126/><W52/><G35/><T67/><D124/><U0/><E79/><V88/><F3/><W110/><G25/><T38/><D38/><N who="3" m="14953" /><G110/><T42/><D122/><U62/><E19/><N who="2" m="8671" /><F71/><W90/><G102/><T99/><D42/><U103/><E103/><V108/><F108/><W16/><G16/><N who="0" m="10631" /><D50/><U49/><E61/><N who="2" m="36079" /><F83/><W97/><G85/><T119/><D119/><U75/><E75/><V123/><F123/><W72/><G72/><T26/><D57/><U82/><E82/><V40/><F40/><W80/><G80/><T64/><D64/><U98/><E98/><V86/><F86/><W58/><G121/><T4/><D67/><U34/><E7/><V109/><F109/><W129/><G54/><T113/><D113/><U125/><E125/><V116/><F116/><W56/><G56/><AGARI ba="0,0" hai="0,2,27,29,34,43,44,48,49,55,56,62,66,69" machi="56" ten="30,1000,0" yaku="7,1" doraHai="118" who="1" fromWho="3" sc="513,0,242,10,160,0,85,-10" />
</Scene>
<Scene>
<INIT seed="4,0,0,5,1,74" ten="513,252,160,75" oya="0" hai0="95,93,84,47,68,131,22,113,134,6,42,104,106" hai1="86,15,79,30,133,123,112,33,52,4,81,108,85" hai2="69,114,46,37,75,76,111,116,3,5,89,115,53" hai3="92,24,10,59,0,73,27,135,70,121,129,25,28"/><T117/><D117/><U60/><E108/><V63/><F111/><W41/><G70/><T110/><D68/><U29/><E123/><V109/><F109/><W80/><G121/><T61/><D110/><U51/><E133/><V11/><F116/><W97/><G135/><T36/><D134/><U58/><E112/><V31/><F89/><W77/><G129/><T124/><D131/><U103/><E103/><V91/><F91/><W94/><G59/><T50/><D61/><U38/><E38/><V83/><F31/><W32/><G41/><T105/><D113/><U48/><E86/><V45/><F45/><W57/><G57/><T20/><D124/><U118/><E118/><V14/><F14/><W65/><G65/><T78/><D6/><U100/><E100/><V96/><F96/><W102/><REACH who="3" step="1"/><G94/><REACH who="3" ten="513,252,160,65" step="2"/><T66/><D66/><U125/><E58/><N who="2" m="35279" /><F69/><W39/><G39/><T17/><D36/><U12/><E125/><V18/><F115/><W56/><G56/><T40/><D40/><U2/><E52/><V1/><F114/><W99/><G99/><T101/><D93/><U127/><E127/><V13/><F37/><W64/><G64/><T49/><D95/><U67/><E67/><V72/><F46/><W62/><G62/><T43/><D43/><U23/><E60/><V8/><F1/><W82/><G82/><T19/><D42/><U54/><E54/><V128/><F128/><W98/><G98/><T55/><D55/><U16/><E81/><V44/><F44/><W119/><G119/><T71/><D47/><U130/><E130/><V7/><F83/><RYUUKYOKU ba="0,1" sc="513,-10,252,-10,160,-10,65,30" hai3="0,10,24,25,27,28,32,73,77,80,92,97,102" />
</Scene>
<Scene>
<INIT seed="5,1,1,2,4,125" ten="503,242,150,95" oya="1" hai0="98,17,105,7,82,30,15,52,35,47,115,99,129" hai1="46,122,44,89,130,90,65,27,57,101,100,111,133" hai2="131,12,10,118,87,22,92,97,69,8,113,91,41" hai3="83,68,123,79,24,132,71,86,76,56,80,37,39"/><U126/><E122/><V18/><F118/><W13/><G123/><T121/><D121/><U1/><E1/><V85/><F69/><W96/><G96/><T20/><D115/><U66/><E126/><V128/><F113/><W0/><G0/><T112/><D112/><U95/><E133/><V93/><F41/><W114/><G132/><T58/><D47/><U51/><E111/><V11/><REACH who="2" step="1"/><F85/><REACH who="2" ten="503,242,140,95" step="2"/><W4/><G114/><T73/><D73/><U36/><E36/><V5/><F5/><W61/><G86/><T21/><D7/><U34/><E66/><V3/><F3/><W9/><G68/><T54/><D54/><U53/><E65/><V124/><F124/><W62/><G71/><T94/><D52/><U103/><E53/><V19/><F19/><W127/><G127/><T49/><D17/><U64/><E64/><V110/><F110/><W104/><G4/><T40/><D40/><U102/><E46/><V77/><F77/><W74/><G79/><T70/><D70/><U119/><E44/><V106/><F106/><W63/><G76/><T88/><D105/><U14/><E119/><V42/><F42/><W78/><G104/><T32/><D58/><U26/><E57/><V45/><F45/><W116/><G56/><T29/><D29/><U59/><E59/><V108/><F108/><W81/><G78/><T25/><D30/><U107/><E107/><V6/><F6/><N who="3" m="3255" /><G116/><T109/><D109/><U43/><E43/><V117/><F117/><W38/><G74/><T134/><D134/><U135/><E135/><V72/><F72/><W28/><G28/><RYUUKYOKU ba="1,2" sc="503,-15,242,-15,140,15,95,15" hai2="8,10,11,12,18,22,87,91,92,93,97,128,131" hai3="24,37,38,39,61,62,63,80,81,83" />
</Scene>
<Scene>
<INIT seed="6,2,2,3,4,85" ten="488,227,155,110" oya="2" hai0="43,27,112,10,131,99,81,11,57,28,41,39,71" hai1="73,3,24,31,117,95,19,83,36,65,68,23,64" hai2="105,60,67,0,97,134,5,82,18,122,45,104,94" hai3="52,120,70,78,38,55,29,17,80,135,84,72,87"/><V6/><F122/><W75/><G120/><T119/><D71/><U66/><E117/><V40/><F134/><W14/><G135/><T111/><D111/><U98/><E36/><V1/><F82/><W22/><G70/><T107/><D119/><U116/><E3/><V8/><F18/><W15/><G38/><T54/><D112/><U101/><E116/><V34/><F34/><W102/><G29/><T86/><D131/><U88/><E68/><N who="2" m="42087" /><F94/><W110/><G110/><T92/><D107/><U47/><E47/><V124/><F97/><W90/><G102/><T21/><D39/><U106/><E73/><V16/><F16/><N who="3" m="10519" /><G75/><T128/><D128/><U33/><E83/><V53/><F105/><W59/><G59/><T121/><D121/><U61/><E61/><V30/><F30/><W50/><G50/><N who="0" m="30935" /><D10/><U133/><E133/><V4/><F104/><W49/><G49/><T48/><D48/><U13/><E66/><V115/><F0/><W127/><G127/><T62/><D62/><U20/><E33/><V56/><F124/><W7/><G7/><T35/><D11/><U89/><E106/><V93/><F115/><W108/><G108/><T69/><D69/><U100/><E65/><V12/><F1/><W44/><G44/><T79/><D35/><U132/><E64/><V25/><F6/><W129/><G129/><T123/><D123/><U130/><E130/><V63/><F4/><W46/><G46/><T118/><D118/><U2/><E2/><V32/><F32/><W126/><G126/><T51/><D51/><U42/><E132/><V74/><F45/><RYUUKYOKU ba="2,2" sc="488,30,227,-10,155,-10,110,-10" hai0="21,27,28,41,43,79,81,86,92,99" />
</Scene>
<Scene>
<INIT seed="7,3,2,5,0,47" ten="518,217,145,100" oya="3" hai0="71,135,118,41,88,86,48,20,108,101,85,56,5" hai1="26,125,96,46,55,14,63,33,129,58,115,27,7" hai2="133,51,77,37,69,38,35,126,94,74,18,83,90" hai3="107,64,117,11,12,60,134,73,110,25,49,17,4"/><W70/><G117/><T120/><D71/><U93/><E115/><V15/><F35/><W53/><G73/><T87/><D118/><U21/><E125/><V109/><F109/><W123/><G110/><T100/><D108/><U3/><E3/><V75/><F69/><W19/><G123/><T78/><D120/><U30/><E129/><V61/><F61/><W82/><G107/><T28/><D135/><U121/><E121/><V32/><F32/><W24/><G134/><T112/><D5/><U84/><E84/><V9/><F75/><W10/><G82/><T40/><D112/><U105/><E105/><V66/><F66/><W106/><G106/><T99/><D78/><U91/><E46/><V1/><F1/><W131/><G131/><T122/><D122/><U44/><E44/><V52/><F126/><W34/><G34/><T59/><D99/><U95/><E95/><V128/><F133/><W119/><G119/><T92/><D101/><U114/><E114/><V65/><F65/><W102/><G102/><T111/><D100/><U8/><E33/><V13/><F13/><W22/><G19/><T130/><D130/><U103/><E27/><V31/><F128/><W89/><G89/><AGARI ba="3,2" hai="7,8,14,21,26,30,55,58,63,89,91,93,96,103" machi="89" ten="40,1300,0" yaku="8,1" doraHai="47" who="1" fromWho="3" sc="518,0,217,42,145,0,100,-22" owari="518,61.0,259,6.0,145,-25.0,78,-42.0" />
</Scene>
</mjloggm>