<mjloggm ver="2.3"><GO type="169" lobby="0"/><UN n0="%E5%A4%AA%E3%81%8F%E3%81%AA%E3%81%84%E3%81%8A" n1="%E3%81%BF%E3%81%99%E3%81%A1%E3%82%87" n2="%5A%5C%70%5A" n3="%74%61%74%73%75%37%30%32" dan="19,16,17,16" rate="2304.08,2069.09,2099.65,2123.96" sx="F,M,M,M"/><TAIKYOKU oya="0"/>

<Scene>
<INIT seed="0,0,0,0,5,78" ten="250,250,250,250" oya="0" hai0="82,33,25,34,6,113,19,125,29,61,116,111,110" hai1="54,51,91,135,49,41,76,7,105,16,123,18,32" hai2="87,47,85,9,122,21,96,88,103,64,48,132,13" hai3="58,112,45,131,40,0,81,26,118,2,14,4,133"/><T60/><D113/><U17/><E123/><V77/><F132/><W31/><G133/><T67/><D116/><U43/><E135/><V39/><F39/><W66/><G118/><T62/><D6/><U1/><E76/><V59/><F122/><W38/><G112/><T28/><D125/><U86/><E105/><V90/><F21/><W108/><G131/><T50/><D19/><U35/><E1/><V92/><F59/><W121/><G121/><T63/><D50/><U73/><E7/><N who="2" m="3263" /><F64/><W107/><G107/><T80/><D29/><U44/><E73/><V22/><F22/><W5/><G4/><T128/><D34/><U72/><E72/><V126/><F126/><W102/><G102/><T70/><REACH who="0" step="1"/><D128/><REACH who="0" ten="240,250,250,250" step="2"/><U100/><E32/><V8/><F8/><N who="3" m="4367" /><G2/><T115/><D115/><U12/><E35/><V52/><F77/><W74/><G0/><T106/><D106/><U55/><E12/><V10/><F10/><W30/><G30/><T93/><D93/><N who="1" m="54519" /><E100/><V119/><F119/><W79/><G31/><T68/><D68/><U130/><E130/><V89/><AGARI ba="0,1" hai="47,48,52,85,87,88,89,90,92,96,103" m="3263" machi="89" ten="30,4000,0" yaku="8,1,54,2" doraHai="78" who="2" fromWho="2" sc="240,-20,250,-10,250,50,250,-10" />
</Scene>
<Scene>
<INIT seed="1,0,0,4,5,28" ten="220,240,300,240" oya="1" hai0="64,21,40,114,124,15,110,77,117,84,3,128,25" hai1="27,54,125,4,102,36,81,87,0,126,112,60,86" hai2="76,11,82,96,10,19,94,52,90,14,106,63,116" hai3="31,129,70,62,26,9,5,107,6,8,68,115,118"/><U109/><E112/><V2/><F116/><W39/><G115/><T134/><D3/><U69/><E36/><V50/><F106/><W48/><G118/><T24/><D114/><U74/><E102/><V83/><F83/><W44/><G39/><T57/><D117/><U42/><E42/><V18/><F63/><W66/><G107/><T73/><D73/><U1/><E74/><V7/><F82/><W108/><G108/><T80/><D110/><U47/><E109/><V78/><REACH who="2" step="1"/><F18/><REACH who="2" ten="220,240,290,240" step="2"/><W95/><G62/><T45/><D80/><U130/><E81/><V23/><F23/><W51/><G66/><T53/><D21/><U75/><E60/><V43/><F43/><W65/><G65/><T100/><D40/><U91/><E75/><V132/><F132/><W20/><G20/><T38/><D64/><U133/><E133/><V72/><F72/><W93/><G129/><T89/><D128/><U17/><E130/><V33/><F33/><W103/><G26/><T79/><D25/><U92/><E17/><V113/><F113/><W34/><G34/><T12/><D24/><U98/><E27/><V56/><AGARI ba="0,1" hai="2,7,10,11,14,19,50,52,56,76,78,90,94,96" machi="56" ten="20,8000,1" yaku="1,1,0,1,7,1,54,1,53,1" doraHai="28" doraHaiUra="55" who="2" fromWho="2" sc="220,-20,240,-40,290,90,240,-20" />
</Scene>
<Scene>
<INIT seed="2,0,0,3,1,82" ten="200,200,380,220" oya="2" hai0="53,55,50,132,106,85,73,71,129,29,78,95,15" hai1="61,40,66,111,2,10,27,37,34,81,69,87,101" hai2="31,43,30,102,1,88,110,72,120,99,35,42,9" hai3="134,76,109,75,3,125,93,67,59,14,52,33,126"/><V22/><F120/><W54/><G3/><T128/><D106/><U4/><E111/><V26/><F110/><W32/><G109/><T127/><D71/><U12/><E101/><V36/><F72/><W89/><G75/><T113/><D113/><U17/><E37/><V25/><F36/><W70/><G76/><T107/><D107/><U105/><E105/><V64/><F64/><W7/><G67/><T98/><D73/><U118/><E40/><V44/><F44/><W115/><G70/><T21/><D127/><N who="3" m="48649" /><G115/><T80/><D132/><U16/><E2/><V84/><F99/><W56/><G134/><T6/><D29/><U94/><E94/><V11/><F102/><W63/><G7/><T116/><D116/><U68/><E69/><V74/><F74/><W24/><G14/><T100/><D21/><U90/><REACH who="1" step="1"/><E118/><REACH who="1" ten="200,190,380,220" step="2"/><V0/><F0/><W45/><G45/><T28/><D100/><U97/><E97/><V47/><F1/><W19/><G24/><T117/><D117/><U122/><E122/><V92/><REACH who="2" step="1"/><F47/><REACH who="2" ten="200,190,370,220" step="2"/><W57/><G57/><T5/><D98/><U65/><E65/><V13/><F13/><W58/><G59/><T131/><D15/><U38/><E38/><V60/><F60/><W96/><G56/><T77/><D131/><U79/><E79/><V46/><F46/><W112/><G58/><T103/><D78/><U49/><E49/><V62/><F62/><W124/><G63/><T51/><D128/><U123/><E123/><V104/><F104/><W48/><N who="3" m="48657" /><W23/><DORA hai="130" /><G112/><T108/><D129/><U20/><E20/><RYUUKYOKU ba="0,2" sc="200,-15,190,15,370,15,220,-15" hai1="4,10,12,16,17,27,34,61,66,68,81,87,90" hai2="9,11,22,25,26,30,31,35,42,43,84,88,92" />
</Scene>
<Scene>
<INIT seed="2,1,2,5,1,44" ten="185,205,385,205" oya="2" hai0="73,56,74,14,134,66,71,42,26,79,114,87,36" hai1="18,89,85,24,48,55,15,128,8,77,105,2,68" hai2="101,1,109,50,107,108,53,9,41,58,49,65,115" hai3="94,120,99,69,135,22,110,92,97,90,28,12,96"/><V46/><F115/><W35/><G120/><T122/><D122/><U47/><E105/><V63/><F107/><W95/><G69/><T11/><D114/><U119/><E119/><V51/><F101/><W19/><G110/><N who="2" m="42601" /><F9/><W78/><G78/><T23/><D71/><U17/><E68/><N who="2" m="42047" /><F1/><W123/><G135/><T33/><D134/><U102/><E102/><V0/><F0/><W13/><G13/><T7/><D14/><U127/><E127/><V103/><F103/><W121/><REACH who="3" step="1"/><G90/><REACH who="3" ten="185,205,385,195" step="2"/><T64/><D79/><U70/><E77/><V100/><F100/><W3/><G3/><T125/><D125/><U34/><E70/><V88/><F88/><W131/><G131/><T20/><D73/><U29/><E128/><V31/><F31/><W113/><G113/><T82/><D74/><U4/><REACH who="1" step="1"/><E2/><REACH who="1" ten="185,195,385,195" step="2"/><V130/><F130/><W126/><G126/><T112/><D112/><U106/><E106/><V72/><F72/><W98/><G98/><T59/><D87/><U117/><E117/><V83/><F83/><AGARI ba="1,4" hai="4,8,15,17,18,24,29,34,47,48,55,83,85,89" machi="83" ten="30,3900,0" yaku="1,1,7,1,52,1,53,0" doraHai="44" doraHaiUra="118" who="1" fromWho="2" sc="185,0,195,82,385,-42,195,0" />
</Scene>
<Scene>
<INIT seed="3,0,0,1,2,114" ten="185,277,343,195" oya="3" hai0="120,130,55,103,66,62,73,87,72,29,53,30,0" hai1="68,28,112,47,48,17,106,128,135,36,33,129,99" hai2="60,79,96,4,61,131,64,38,50,21,10,35,122" hai3="40,8,107,43,117,84,133,58,59,75,104,134,18"/><W2/><G117/><T56/><D120/><U22/><E112/><V90/><F35/><W34/><G75/><T98/><D0/><U5/><E68/><V3/><F122/><W54/><G34/><T88/><D130/><U113/><E113/><V24/><F131/><W69/><G69/><T102/><D72/><U15/><E5/><V121/><F38/><W111/><G111/><T51/><D73/><U32/><E36/><V42/><F79/><W78/><G78/><T89/><D89/><U95/><E106/><N who="3" m="40490" /><G84/><T71/><D55/><U9/><E33/><V44/><F121/><W63/><G59/><T7/><D7/><U124/><E32/><V127/><F127/><W13/><G2/><T116/><D116/><U23/><E124/><V97/><F90/><W16/><G18/><T86/><D86/><U27/><E23/><V125/><F125/><W57/><G63/><T1/><D1/><U82/><E82/><V19/><F61/><N who="3" m="36023" /><G58/><AGARI ba="0,0" hai="3,4,10,19,21,24,42,44,50,58,60,64,96,97" machi="58" ten="30,1000,0" yaku="7,1" doraHai="114" who="2" fromWho="3" sc="185,0,277,0,343,10,195,-10" />
</Scene>
<Scene>
<INIT seed="4,0,0,2,4,111" ten="185,277,353,185" oya="0" hai0="120,61,82,52,39,131,104,122,70,12,117,13,76" hai1="121,105,78,31,75,4,29,101,81,1,32,18,42" hai2="59,8,58,57,51,0,41,109,11,112,24,54,132" hai3="44,102,49,46,16,115,19,71,55,127,93,103,108"/><T99/><D117/><U92/><E121/><V72/><F109/><W90/><G108/><T126/><D39/><U94/><E105/><V129/><F72/><W28/><G71/><T110/><D110/><U88/><E42/><V6/><F129/><W53/><G28/><T33/><D33/><U47/><E47/><V3/><F132/><W62/><G127/><T36/><D36/><U118/><E118/><V130/><F130/><W48/><G62/><T50/><D131/><U135/><E135/><V87/><F41/><W35/><G35/><T21/><D126/><U40/><E40/><V123/><F123/><W23/><G115/><T106/><D61/><U10/><E32/><V25/><F87/><W7/><G7/><T80/><D70/><U60/><E18/><V2/><F112/><W124/><G19/><T84/><D21/><U63/><E101/><V34/><F34/><W65/><G65/><T89/><D106/><U38/><E94/><V98/><F6/><W14/><G124/><T27/><D27/><U74/><E74/><V97/><F24/><W20/><G23/><T66/><D66/><U83/><E38/><V77/><F25/><W64/><G64/><T17/><D104/><U79/><E60/><V67/><F67/><W43/><G43/><T69/><D69/><U37/><E63/><V91/><F54/><W100/><G103/><T30/><D30/><U73/><E37/><V133/><F51/><W45/><G46/><N who="0" m="27735" /><D99/><AGARI ba="0,0" hai="1,4,10,29,31,73,75,78,79,81,83,88,92,99" machi="99" ten="30,3900,0" yaku="7,1,9,1,54,1" doraHai="111" who="1" fromWho="0" sc="185,-39,277,39,353,0,185,0" /><AGARI ba="0,0" hai="14,16,20,44,45,48,49,53,55,90,93,99,100,102" machi="99" ten="30,7700,0" yaku="7,1,9,1,8,1,54,1" doraHai="111" who="3" fromWho="0" sc="146,-77,316,0,353,0,185,77" />
</Scene>
<Scene>
<INIT seed="5,0,0,0,3,107" ten="69,316,353,262" oya="1" hai0="19,43,61,53,86,30,126,132,55,62,15,111,10" hai1="52,8,64,63,130,48,66,116,57,69,12,6,50" hai2="25,103,18,72,104,74,36,45,17,38,68,31,29" hai3="95,46,28,73,35,117,110,9,100,109,3,82,114"/><U0/><E116/><V133/><F68/><W125/><G117/><T24/><D111/><U129/><E66/><V81/><F81/><W91/><G114/><T2/><D132/><U60/><REACH who="1" step="1"/><E0/><REACH who="1" ten="69,306,353,262" step="2"/><V20/><F133/><W123/><G3/><T87/><D2/><U42/><E42/><V92/><F38/><W34/><G109/><T67/><D43/><U128/><AGARI ba="0,1" hai="6,8,12,48,50,52,57,60,63,64,69,128,129,130" machi="128" ten="30,12000,1" yaku="1,1,0,1,19,1,54,1,53,1" doraHai="107" doraHaiUra="65" who="1" fromWho="1" sc="69,-40,306,130,353,-40,262,-40" />
</Scene>
<Scene>
<INIT seed="5,1,0,4,1,114" ten="29,436,313,222" oya="1" hai0="32,41,49,88,133,9,57,24,4,123,43,71,132" hai1="105,62,101,63,74,96,122,40,20,111,31,15,29" hai2="8,14,117,118,73,61,113,5,48,42,51,77,1" hai3="25,92,27,18,125,59,100,50,80,70,127,68,37"/><U47/><E122/><V112/><F73/><W33/><G37/><T28/><D71/><N who="3" m="27177" /><G80/><T3/><D123/><U79/><E74/><V23/><F77/><W75/><G75/><T58/><D58/><U124/><E79/><V72/><F72/><W36/><G36/><T38/><D38/><U109/><E124/><N who="3" m="47690" /><G18/><T26/><D26/><N who="3" m="9737" /><G33/><T78/><D78/><U126/><E126/><V2/><F23/><W87/><G87/><T10/><D10/><U53/><E31/><V13/><F8/><W67/><G67/><T130/><D130/><U19/><E29/><V91/><F42/><W6/><G6/><T52/><REACH who="0" step="1"/><D88/><REACH who="0" ten="19,436,313,222" step="2"/><U65/><E109/><V94/><F91/><W12/><G59/><T34/><D34/><U106/><E111/><V35/><F35/><W104/><G50/><T93/><D93/><U11/><E106/><V98/><F94/><W107/><G92/><T21/><D21/><U56/><E20/><V39/><F39/><W85/><G85/><T55/><D55/><U108/><E108/><V120/><F120/><W66/><G66/><T54/><D54/><U116/><E40/><AGARI ba="1,1" hai="3,4,9,24,28,32,40,41,43,49,52,57,132,133" machi="40" ten="40,2600,0" yaku="1,1,54,1,53,0" doraHai="114" doraHaiUra="102" who="0" fromWho="1" sc="19,39,436,-29,313,0,222,0" />
</Scene>
<Scene>
<INIT seed="6,0,0,5,0,26" ten="58,407,313,222" oya="2" hai0="4,36,86,127,111,90,128,121,32,56,11,77,125" hai1="49,65,79,0,92,71,24,55,61,100,9,13,20" hai2="18,122,35,108,57,131,69,1,135,63,104,97,88" hai3="64,118,46,48,39,17,85,70,76,54,105,109,119"/><V67/><F122/><W130/><G105/><T8/><D121/><U7/><E79/><V132/><F1/><W25/><G76/><T43/><D111/><U22/><E0/><V72/><F108/><W82/><G109/><T37/><D77/><U21/><E100/><N who="2" m="62479" /><F72/><W40/><G82/><T78/><D78/><U126/><E126/><V89/><F131/><W123/><G85/><T101/><D101/><U31/><E92/><V3/><F3/><W112/><G123/><T41/><D128/><U73/><E73/><V33/><F18/><W12/><G25/><T117/><D32/><U80/><E80/><V93/><F57/><AGARI ba="0,0" hai="7,9,13,20,21,22,24,31,49,55,57,61,65,71" machi="57" ten="30,2000,0" yaku="7,1,52,1" doraHai="26" who="1" fromWho="2" sc="58,0,407,20,313,-20,222,0" />
</Scene>
<Scene>
<INIT seed="7,0,0,4,3,98" ten="58,427,293,222" oya="3" hai0="14,35,10,109,4,18,37,65,31,94,80,92,48" hai1="106,32,0,95,86,7,21,2,103,79,53,74,96" hai2="58,81,115,38,19,69,3,130,83,33,29,125,127" hai3="135,63,1,113,100,45,116,119,68,87,82,51,17"/><W107/><G1/><T42/><D37/><U110/><E110/><V62/><F3/><W26/><G113/><T78/><D109/><U67/><E32/><V8/><F115/><W129/><G129/><T97/><D35/><U73/><E67/><V9/><F69/><W76/><G135/><T77/><D31/><U25/><E7/><V39/><F130/><W5/><G5/><T15/><D65/><U72/><E53/><V89/><F33/><W112/><G63/><T24/><D24/><U108/><E108/><V34/><F34/><W6/><G6/><T22/><D77/><U93/><E106/><V41/><F29/><W133/><G133/><T99/><D92/><U132/><E132/><V88/><F19/><W23/><G68/><T84/><REACH who="0" step="1"/><D94/><REACH who="0" ten="48,427,293,222" step="2"/><U49/><E95/><V54/><F39/><W27/><G26/><T90/><D90/><U126/><E79/><V20/><F89/><W134/><G112/><T120/><D120/><U122/><E0/><V124/><F88/><W59/><G134/><T70/><D70/><U114/><E122/><V55/><F38/><W66/><G66/><T128/><D128/><U105/><E114/><V28/><F28/><W123/><G123/><T47/><AGARI ba="0,1" hai="4,10,14,15,18,22,42,47,48,78,80,84,97,99" machi="47" ten="30,12000,2" yaku="1,1,0,1,25,2,8,1,53,1" doraHai="98" doraHaiUra="40" who="0" fromWho="0" sc="48,130,427,-30,293,-30,222,-60" owari="178,-22.0,397,50.0,263,6.0,162,-34.0" />
</Scene>
</mjloggm>