<mjloggm ver="2.3"><GO type="169" lobby="0"/><UN n0="%E5%A4%AA%E3%81%8F%E3%81%AA%E3%81%84%E3%81%8A" n1="%68%61%79%61%74%6F%E2%98%86" n2="%73%65%69%6C" n3="%67%6F%75%73%69" dan="18,17,16,17" rate="2254.35,2138.80,2143.58,2166.18" sx="M,M,M,M"/><TAIKYOKU oya="0"/>

<Scene>
<INIT seed="0,0,0,4,5,20" ten="250,250,250,250" oya="0" hai0="73,16,5,60,67,134,38,61,119,135,81,66,129" hai1="98,71,22,87,85,69,52,11,109,48,104,79,92" hai2="91,37,115,94,46,44,107,1,43,18,49,123,97" hai3="59,118,121,32,25,68,133,80,7,31,15,62,45"/><T56/><D119/><U40/><E104/><V90/><F123/><W128/><G118/><T72/><D38/><U54/><E11/><V117/><F117/><W8/><G128/><T122/><D122/><U114/><E114/><V116/><F116/><W63/><G133/><N who="0" m="50699" /><D5/><U82/><E85/><V131/><F131/><W53/><G121/><T110/><D129/><U75/><E75/><V100/><F115/><W57/><G68/><N who="0" m="42055" /><D110/><U19/><E109/><V127/><F127/><W77/><G45/><T30/><D30/><U86/><E86/><V27/><F1/><W4/><G4/><T111/><D111/><U0/><E0/><V12/><F107/><W88/><G88/><N who="2" m="33833" /><F37/><W3/><G3/><T70/><D81/><U14/><E69/><V126/><F44/><W47/><G47/><T17/><D70/><U6/><E71/><V21/><F126/><W42/><G42/><T34/><D34/><U108/><E108/><V74/><F74/><AGARI ba="0,0" hai="16,17,56,61,67,72,73,74" m="42055,50699" machi="74" ten="30,2900,0" yaku="20,1,54,1" doraHai="20" who="0" fromWho="2" sc="250,29,250,0,250,-29,250,0" />
</Scene>
<Scene>
<INIT seed="0,1,0,0,0,114" ten="279,250,221,250" oya="0" hai0="31,108,125,11,82,96,56,69,51,68,97,87,112" hai1="134,93,70,4,18,128,42,102,7,10,47,117,101" hai2="61,65,43,107,26,15,103,49,21,133,5,75,95" hai3="79,55,64,130,109,131,6,40,91,86,53,122,36"/><T30/><D112/><U121/><E121/><V99/><F133/><W71/><G79/><T120/><D120/><U57/><E70/><V59/><F75/><W54/><G122/><T100/><D125/><U41/><E57/><V67/><F107/><W48/><G6/><T16/><D69/><U44/><E93/><V127/><F127/><W89/><G36/><T19/><D68/><U34/><E10/><N who="2" m="4559" /><F43/><W39/><G39/><T3/><D3/><U124/><E124/><V77/><F49/><W20/><G109/><T129/><D129/><N who="3" m="49161" /><G20/><T35/><D35/><U28/><E128/><V123/><F123/><W78/><G64/><T22/><D108/><U104/><E34/><V84/><F67/><W25/><G25/><N who="0" m="14535" /><D19/><U58/><E18/><N who="2" m="12599" /><F84/><W32/><G32/><T1/><D11/><U94/><E104/><V106/><F106/><W81/><G71/><T135/><D135/><U17/><E134/><V13/><F13/><W90/><G40/><T88/><D1/><U12/><E42/><V2/><F2/><W118/><G48/><T74/><D74/><U24/><E41/><V105/><F105/><W72/><G72/><T37/><D37/><U66/><E28/><N who="0" m="10793" /><D100/><U132/><E101/><V62/><F62/><W27/><G27/><T8/><D8/><U119/><E24/><V29/><F29/><W46/><G46/><T9/><D9/><U126/><E126/><V23/><F23/><W80/><G80/><T111/><D111/><U52/><E102/><V92/><F92/><W14/><G14/><T115/><D115/><U76/><E12/><V73/><F73/><RYUUKYOKU ba="1,0" sc="279,10,250,-30,221,10,250,10" hai0="51,56,82,87,88,96,97" hai2="59,61,65,77,95,99,103" hai3="53,54,55,78,81,86,89,90,91,118" />
</Scene>
<Scene>
<INIT seed="0,2,0,4,0,104" ten="289,220,231,260" oya="0" hai0="119,100,37,97,71,133,25,11,51,117,102,101,120" hai1="95,8,62,50,86,135,54,82,110,48,40,3,128" hai2="103,113,80,35,65,99,105,131,5,29,69,96,56" hai3="58,84,0,126,30,134,106,75,17,91,49,98,46"/><T14/><D37/><U74/><E128/><V12/><F113/><W88/><G0/><T61/><D120/><U23/><E135/><V57/><F131/><W59/><G30/><T6/><D133/><U39/><E95/><V127/><F127/><W83/><G75/><T38/><D38/><U47/><E23/><V55/><F96/><W66/><G126/><T70/><D97/><U21/><E21/><V42/><F42/><W32/><G32/><T20/><D51/><U132/><E132/><V92/><F80/><W16/><G134/><T107/><D107/><U121/><E121/><V7/><F92/><N who="3" m="56583" /><G106/><T52/><D71/><U28/><E28/><V76/><F76/><W43/><G66/><T116/><D70/><U15/><E3/><V81/><F81/><W19/><AGARI ba="2,0" hai="16,17,19,43,46,49,58,59,83,84,91" m="56583" machi="19" ten="30,4000,0" yaku="8,1,54,2" doraHai="104" who="3" fromWho="3" sc="289,-22,220,-12,231,-12,260,46" />
</Scene>
<Scene>
<INIT seed="1,0,0,3,3,25" ten="267,208,219,306" oya="1" hai0="89,58,66,35,61,102,113,82,48,104,98,115,118" hai1="121,57,13,31,36,117,26,69,70,103,131,49,124" hai2="21,12,119,23,45,126,29,0,110,78,107,111,95" hai3="40,14,64,56,51,63,90,27,54,72,24,76,74"/><U114/><E121/><V83/><F107/><W99/><G40/><T3/><D118/><U6/><E36/><V88/><F119/><W68/><G14/><T112/><D3/><U19/><E117/><V37/><F0/><W7/><G7/><T46/><D35/><U116/><E116/><V85/><F126/><W106/><G76/><T11/><D11/><U47/><E6/><V97/><F12/><W122/><G122/><T87/><REACH who="0" step="1"/><D115/><REACH who="0" ten="257,208,219,306" step="2"/><U80/><E114/><V22/><F22/><W2/><G2/><T101/><D101/><U39/><E103/><V16/><F21/><W135/><G135/><T53/><AGARI ba="0,1" hai="46,48,53,58,61,66,82,87,89,98,102,104,112,113" machi="53" ten="20,2700,0" yaku="1,1,0,1,7,1,53,0" doraHai="25" doraHaiUra="34" who="0" fromWho="0" sc="257,37,208,-13,219,-7,306,-7" />
</Scene>
<Scene>
<INIT seed="2,0,0,2,3,83" ten="294,195,212,299" oya="2" hai0="35,40,87,55,33,60,16,80,116,102,8,95,86" hai1="113,23,15,56,133,74,131,120,48,101,111,135,28" hai2="100,115,123,58,122,0,106,14,30,36,27,52,61" hai3="117,34,78,64,18,6,13,22,90,39,92,20,89"/><V109/><F0/><W12/><G34/><T9/><D116/><U10/><E101/><V125/><F115/><W17/><G39/><T129/><D129/><U105/><E56/><V66/><F125/><W112/><G117/><T49/><D35/><U93/><E93/><V26/><F36/><W88/><G78/><N who="0" m="46359" /><D33/><U11/><E48/><V37/><F37/><W107/><G107/><T25/><D60/><U50/><E50/><V130/><F130/><W54/><G112/><T38/><D40/><U91/><E91/><V43/><F43/><W79/><G79/><T124/><D124/><U3/><E105/><V65/><F109/><W72/><G72/><T57/><D38/><U19/><E74/><V69/><F14/><W51/><G64/><T45/><D57/><U119/><E119/><V73/><F73/><W59/><REACH who="3" step="1"/><G6/><REACH who="3" ten="294,195,212,289" step="2"/><T5/><D5/><N who="1" m="1343" /><E113/><V31/><F66/><W2/><G2/><T29/><D29/><U71/><E131/><V32/><F106/><W62/><G62/><T42/><D42/><U47/><E120/><V63/><F122/><W84/><AGARI ba="0,1" hai="12,13,17,18,20,22,51,54,59,84,88,89,90,92" machi="84" ten="20,16000,3" yaku="1,1,0,1,7,1,9,1,25,2,8,1,52,1,54,1,53,0" doraHai="83" doraHaiUra="103" who="3" fromWho="3" sc="294,-40,195,-40,212,-80,289,170" />
</Scene>
<Scene>
<INIT seed="3,0,0,1,2,31" ten="254,155,132,459" oya="3" hai0="28,100,79,49,102,76,87,91,30,83,14,96,89" hai1="104,25,26,17,56,90,88,82,86,48,36,39,92" hai2="129,6,127,55,58,46,73,117,18,124,19,85,50" hai3="57,101,68,112,9,72,121,75,35,40,29,61,97"/><W60/><G121/><T118/><D118/><U42/><E104/><V24/><F73/><W23/><G40/><T11/><D30/><U7/><E7/><V106/><F117/><W8/><G23/><T69/><D69/><U111/><E111/><V133/><F106/><W67/><G112/><T115/><D28/><U98/><E17/><V38/><F6/><W16/><G9/><T135/><D115/><U71/><E71/><V33/><F133/><W131/><G131/><T12/><D12/><U114/><E114/><V93/><F129/><W44/><G44/><T32/><D32/><U116/><E116/><V43/><F33/><W62/><G62/><T4/><D135/><U99/><E98/><V130/><F130/><W120/><G120/><T119/><D119/><U37/><E42/><V64/><F64/><W95/><G16/><T109/><D109/><U94/><E82/><V80/><F93/><W2/><G8/><T132/><D132/><U3/><E3/><V15/><F24/><W84/><G84/><T53/><D79/><U47/><E47/><V52/><F55/><W59/><G2/><T51/><D51/><U0/><E0/><V20/><REACH who="2" step="1"/><F19/><REACH who="2" ten="254,155,122,459" step="2"/><W21/><G35/><T65/><D65/><U63/><REACH who="1" step="1"/><E48/><REACH who="1" ten="254,145,122,459" step="2"/><V78/><AGARI ba="0,2" hai="15,18,20,38,43,46,50,52,58,78,80,85,124,127" machi="78" ten="30,8000,1" yaku="1,1,2,1,0,1,54,1,53,1" doraHai="31" doraHaiUra="10" who="2" fromWho="2" sc="254,-20,145,-20,122,100,459,-40" />
</Scene>
<Scene>
<INIT seed="4,0,0,2,5,60" ten="234,125,222,419" oya="0" hai0="22,51,16,69,73,93,47,46,68,109,52,103,31" hai1="3,34,32,95,72,41,23,122,45,76,99,90,56" hai2="111,8,83,102,26,107,6,42,94,18,130,101,27" hai3="131,127,133,105,118,15,85,50,82,125,37,75,9"/><T117/><D117/><U20/><E122/><V57/><F111/><W70/><G37/><T39/><D73/><U121/><E121/><V14/><F130/><W49/><G75/><T88/><D31/><U87/><E3/><V108/><F108/><W115/><G105/><T110/><D103/><U126/><E126/><V63/><F107/><W80/><G118/><T21/><D21/><U96/><E34/><V98/><F42/><W78/><G70/><T91/><D110/><U35/><E32/><V120/><F120/><W106/><G106/><T43/><D109/><U19/><E35/><V65/><F83/><W119/><G119/><T104/><D104/><U129/><E129/><V13/><REACH who="2" step="1"/><F102/><REACH who="2" ten="234,125,212,419" step="2"/><W116/><G131/><T61/><D61/><U112/><E112/><V81/><F81/><W30/><G115/><T48/><D39/><U67/><E72/><V128/><F128/><W114/><G114/><T124/><D124/><U11/><E76/><V113/><F113/><W12/><G116/><T25/><REACH who="0" step="1"/><D91/><REACH who="0" ten="224,125,212,419" step="2"/><U38/><E90/><V71/><F71/><W79/><G125/><T135/><D135/><U123/><E123/><V92/><F92/><W59/><G133/><T24/><D24/><U100/><E95/><V4/><F4/><W7/><G127/><T66/><D66/><U58/><E67/><V134/><F134/><W36/><G36/><T62/><D62/><U10/><E100/><V64/><F64/><W89/><G89/><T33/><D33/><U84/><E38/><V132/><F132/><W1/><G7/><T40/><D40/><U17/><E41/><RYUUKYOKU ba="0,2" sc="224,10,125,10,212,10,419,-30" hai0="16,22,25,43,46,47,48,51,52,68,69,88,93" hai1="10,11,17,19,20,23,45,56,58,84,87,96,99" hai2="6,8,13,14,18,26,27,57,63,65,94,98,101" />
</Scene>
<Scene>
<INIT seed="4,1,2,0,2,22" ten="234,135,222,389" oya="0" hai0="98,15,116,57,134,66,108,105,42,132,17,11,112" hai1="19,3,16,73,23,60,84,110,14,12,109,4,119" hai2="101,117,54,69,26,77,115,75,45,58,55,8,25" hai3="90,121,63,131,86,50,135,34,38,31,95,48,41"/><T35/><D116/><U32/><E73/><V125/><F117/><W59/><G131/><T70/><D70/><U67/><E119/><V122/><F122/><W56/><G135/><N who="0" m="51755" /><D35/><U71/><E32/><V100/><F69/><W76/><G59/><T61/><D112/><U10/><REACH who="1" step="1"/><E84/><REACH who="1" ten="234,125,222,389" step="2"/><V28/><F75/><W72/><G72/><T51/><D108/><U68/><E68/><V83/><F115/><W96/><G86/><T44/><D105/><U47/><E47/><V49/><F45/><W0/><G34/><T93/><D93/><U9/><AGARI ba="1,3" hai="3,4,9,10,12,14,16,19,23,60,67,71,109,110" machi="9" ten="20,5200,0" yaku="1,1,0,1,7,1,54,1,53,0" doraHai="22" doraHaiUra="130" who="1" fromWho="1" sc="234,-27,125,85,222,-14,389,-14" />
</Scene>
<Scene>
<INIT seed="5,0,0,5,4,83" ten="207,210,208,375" oya="1" hai0="58,13,86,91,120,26,51,104,48,35,1,117,127" hai1="60,9,79,81,103,93,63,119,29,84,64,57,112" hai2="134,14,88,126,122,37,55,135,118,131,3,33,31" hai3="23,46,129,39,71,34,18,17,20,111,73,22,69"/><U74/><E119/><V36/><F118/><W116/><G73/><T107/><D1/><U59/><E112/><V43/><F122/><W114/><G34/><T32/><D117/><U5/><E29/><V78/><F3/><W21/><G116/><T52/><D120/><U41/><E41/><V102/><F78/><W65/><G65/><T85/><D127/><U6/><E9/><V7/><F102/><W108/><G114/><T12/><D91/><U96/><REACH who="1" step="1"/><E74/><REACH who="1" ten="207,200,208,375" step="2"/><V109/><F43/><W128/><G111/><T121/><D121/><U19/><E19/><V0/><F31/><W90/><G108/><T82/><D35/><U95/><E95/><V53/><F33/><W98/><G18/><T100/><D32/><U16/><E16/><V92/><F109/><W97/><G17/><T67/><D26/><U50/><E50/><V38/><F38/><W40/><G20/><T115/><D115/><U89/><E89/><V99/><F37/><W132/><G90/><T110/><D110/><U66/><AGARI ba="0,1" hai="5,6,57,59,60,63,64,66,79,81,84,93,96,103" machi="66" ten="20,18000,2" yaku="1,1,0,1,7,1,9,1,8,1,52,1,53,0" doraHai="83" doraHaiUra="30" who="1" fromWho="1" sc="207,-60,200,190,208,-60,375,-60" />
</Scene>
<Scene>
<INIT seed="5,1,0,2,5,66" ten="147,390,148,315" oya="1" hai0="17,76,100,54,7,111,120,126,56,8,127,112,51" hai1="62,134,29,131,6,16,42,89,67,85,13,20,109" hai2="47,10,133,91,4,101,104,46,93,77,31,25,98" hai3="30,23,26,128,58,64,38,123,72,50,18,75,87"/><U0/><E131/><V2/><F133/><W33/><G38/><T45/><D111/><U3/><E134/><V95/><F77/><W94/><G123/><T11/><D120/><U81/><E109/><V61/><F61/><W114/><G114/><T73/><D112/><U37/><E6/><V99/><REACH who="2" step="1"/><F104/><REACH who="2" ten="147,390,138,315" step="2"/><W80/><G128/><T52/><D76/><U65/><E62/><V129/><F129/><W107/><G107/><T86/><D73/><U63/><E67/><V55/><F55/><W32/><G64/><T78/><D78/><U121/><E121/><V68/><F68/><W105/><G105/><T82/><D127/><U44/><E29/><V106/><F106/><W102/><G72/><T88/><D126/><U70/><AGARI ba="1,1" hai="0,3,13,16,20,37,42,44,63,65,70,81,85,89" machi="70" ten="20,7800,0" yaku="0,1,7,1,52,1,54,1" doraHai="66" who="1" fromWho="1" sc="147,-27,390,91,138,-27,315,-27" />
</Scene>
<Scene>
<INIT seed="5,2,0,1,2,5" ten="120,481,111,288" oya="1" hai0="65,77,19,17,117,37,107,57,88,20,28,119,129" hai1="101,95,72,62,116,29,39,48,135,54,76,24,103" hai2="44,56,90,9,128,70,67,18,91,25,74,8,108" hai3="53,27,7,97,23,92,87,14,66,98,94,36,33"/><U109/><E39/><V75/><F108/><W132/><G36/><T114/><D107/><U30/><E116/><V52/><F128/><W86/><G66/><T46/><D77/><U11/><E109/><V89/><F70/><W63/><G33/><T1/><D1/><U106/><E106/><V126/><F126/><W64/><G53/><T71/><D71/><U84/><E62/><N who="2" m="38343" /><F75/><W130/><G132/><T21/><D28/><U123/><E72/><V15/><F74/><W38/><G38/><T127/><D127/><U111/><E123/><V93/><F25/><W124/><G130/><T43/><D129/><U125/><E135/><V2/><F2/><W105/><G105/><T100/><D100/><U16/><E125/><V82/><F82/><W26/><G26/><T79/><D79/><U102/><E111/><V73/><F73/><W113/><G27/><T60/><D114/><U78/><E78/><V96/><F9/><W41/><G113/><T121/><D121/><U47/><E24/><V80/><F80/><W110/><G124/><T61/><D61/><U49/><E49/><AGARI ba="2,0" hai="8,15,18,44,49,52,89,90,91,93,96" m="38343" machi="49" ten="30,3900,0" yaku="8,1,52,1,54,1" doraHai="5" who="2" fromWho="1" sc="120,0,481,-45,111,45,288,0" />
</Scene>
<Scene>
<INIT seed="6,0,0,0,5,128" ten="120,436,156,288" oya="2" hai0="31,51,97,83,40,19,71,36,23,86,106,25,99" hai1="46,27,49,104,92,72,66,100,48,62,75,28,20" hai2="60,135,82,95,0,103,2,118,7,80,39,84,130" hai3="1,44,110,4,12,14,21,63,105,108,26,89,30"/><V43/><F118/><W68/><G105/><T77/><D71/><U38/><E38/><V9/><F130/><W78/><G78/><T35/><D36/><U88/><E48/><V59/><F0/><W69/><G69/><T64/><D64/><U37/><E37/><V11/><F11/><W53/><G1/><T65/><D65/><U109/><E109/><V90/><F135/><W94/><G68/><T81/><D106/><U50/><E50/><V111/><F111/><W131/><G131/><T3/><D3/><U112/><E112/><V119/><F119/><W41/><G41/><T134/><D134/><U10/><E10/><V127/><F127/><W115/><G115/><T67/><D67/><U122/><E122/><V85/><F103/><W17/><G12/><T129/><D129/><U76/><E76/><V124/><F124/><W114/><G114/><T42/><D81/><U120/><E120/><V121/><F121/><W70/><G70/><T102/><D51/><U55/><E100/><V56/><F60/><W6/><G108/><T58/><D58/><U113/><E104/><V13/><F2/><W107/><G107/><T116/><D116/><U117/><E113/><V61/><F61/><W87/><G110/><T22/><D35/><U98/><E117/><V126/><F126/><W32/><G63/><T123/><D123/><U5/><E5/><V101/><F101/><W74/><G74/><T73/><D73/><U132/><E132/><V54/><F80/><W125/><G125/><T91/><D102/><U52/><E66/><V93/><F39/><W47/><G47/><RYUUKYOKU ba="0,0" sc="120,-15,436,15,156,-15,288,15" hai1="20,27,28,46,49,52,55,62,72,75,88,92,98" hai3="4,6,14,17,21,26,30,32,44,53,87,89,94" />
</Scene>
<Scene>
<INIT seed="7,1,0,4,5,31" ten="105,451,141,303" oya="3" hai0="43,122,38,13,87,120,73,119,96,30,45,47,82" hai1="66,46,12,20,93,71,67,106,21,80,39,2,49" hai2="131,83,64,69,124,6,81,85,134,68,94,88,18" hai3="8,26,24,109,27,129,113,86,105,102,16,34,63"/><W52/><G105/><T4/><D119/><U132/><E106/><V125/><F131/><W112/><G102/><T0/><D13/><U77/><E39/><V7/><F134/><W1/><G129/><T127/><D127/><N who="2" m="48714" /><F18/><W55/><G109/><T79/><D87/><U50/><E2/><V118/><F118/><W104/><G104/><T57/><D96/><U17/><E71/><N who="2" m="27211" /><F64/><W32/><G86/><T33/><D47/><U98/><E50/><V41/><F41/><W78/><G78/><T10/><D57/><U60/><E21/><V103/><F103/><W133/><G133/><T84/><D84/><N who="1" m="48143" /><E60/><V61/><F61/><W121/><G121/><T111/><D111/><U97/><E97/><N who="2" m="57543" /><F81/><W100/><G100/><T70/><D70/><U56/><E56/><V126/><N who="2" m="48722" /><V95/><DORA hai="37" /><F95/><W28/><G28/><T9/><D9/><U44/><E44/><V11/><F11/><W42/><G42/><T58/><D58/><U117/><E132/><V110/><F110/><W59/><G55/><T22/><D22/><U62/><E62/><V15/><F15/><N who="3" m="7271" /><G1/><T72/><D72/><U130/><E130/><V14/><F14/><W89/><G89/><AGARI ba="1,0" hai="6,7,83,85,89" m="57543,27211,48722" machi="89" ten="40,2600,0" yaku="18,1,54,1" doraHai="31,37" who="2" fromWho="3" sc="105,0,451,0,141,29,303,-29" owari="105,-39.0,451,55.0,170,-23.0,274,7.0" />
</Scene>
</mjloggm>