<mjloggm ver="2.3"><GO type="169" lobby="0"/><UN n0="%47%E9%9B%80" n1="%E5%A4%AA%E3%81%8F%E3%81%AA%E3%81%84%E3%81%8A" n2="%69%6E%66%6F%31%32%33" n3="%E3%82%82%E3%81%98%E3%82%89" dan="16,18,16,16" rate="2119.57,2270.61,2064.41,2067.42" sx="M,F,M,F"/><TAIKYOKU oya="0"/>

<Scene>
<INIT seed="0,0,0,0,1,35" ten="250,250,250,250" oya="0" hai0="119,106,39,16,77,10,20,101,76,109,87,37,55" hai1="94,53,46,86,91,73,58,56,63,111,112,52,114" hai2="97,88,68,15,74,7,78,98,2,83,89,4,110" hai3="61,31,92,116,118,127,3,25,45,0,70,64,5"/><T130/><D119/><N who="3" m="45609" /><G92/><T1/><D130/><U132/><E73/><V12/><F68/><W14/><G14/><T38/><D109/><U103/><E111/><V125/><F110/><W108/><G108/><T104/><D55/><U34/><E34/><V82/><F125/><W95/><G95/><T69/><D69/><U99/><E46/><V66/><F66/><W44/><G44/><T17/><D87/><U85/><E132/><V102/><F102/><W113/><G5/><T67/><D67/><U11/><E11/><V49/><F49/><W84/><G84/><T24/><D101/><U6/><E6/><V62/><F62/><W128/><G45/><T27/><D1/><N who="3" m="585" /><G113/><N who="1" m="43626" /><E103/><V33/><F2/><W48/><G48/><AGARI ba="0,0" hai="48,52,53,56,58,63,85,86,91,94,99" m="43626" machi="48" ten="30,2000,0" yaku="11,1,54,1" doraHai="35" who="1" fromWho="3" sc="250,0,250,20,250,0,250,-20" />
</Scene>
<Scene>
<INIT seed="1,0,0,2,2,60" ten="250,270,250,230" oya="1" hai0="110,77,100,51,84,53,106,4,57,37,89,126,92" hai1="132,122,63,82,2,28,1,129,83,26,7,87,66" hai2="9,3,123,69,35,94,109,64,88,21,20,135,41" hai3="19,29,11,102,131,124,34,75,81,48,30,16,5"/><U42/><E122/><V17/><F123/><W78/><G124/><T112/><D112/><U40/><E129/><V90/><F35/><W114/><G114/><T15/><D37/><U49/><E132/><V118/><F118/><W25/><G131/><T111/><D126/><U86/><E7/><V79/><F109/><W47/><G30/><T31/><D31/><U50/><E28/><V113/><F113/><W130/><G102/><T101/><D77/><U62/><REACH who="1" step="1"/><E26/><REACH who="1" ten="250,260,250,230" step="2"/><V0/><F135/><W107/><G130/><T39/><D110/><U27/><E27/><V104/><F17/><W73/><G16/><T52/><D111/><U45/><E45/><V68/><F0/><W38/><G19/><T22/><D4/><U76/><E76/><V8/><F79/><W119/><G25/><T97/><D15/><U98/><E98/><V46/><F46/><W59/><G29/><T99/><D22/><U103/><E103/><V108/><F20/><W105/><G34/><T91/><D101/><U24/><E24/><V54/><F21/><W55/><G119/><T95/><D100/><U56/><E56/><V133/><F3/><N who="3" m="447" /><G75/><T44/><D106/><U116/><E116/><V13/><F104/><W14/><G14/><T134/><D134/><U85/><E85/><V127/><F13/><W12/><G12/><T125/><D125/><U23/><E23/><V10/><F127/><W115/><G115/><T117/><D117/><U61/><E61/><V36/><F108/><W72/><G72/><T93/><D84/><U80/><E80/><V58/><F133/><W6/><G6/><RYUUKYOKU ba="0,1" sc="250,-15,260,15,250,-15,230,15" hai1="1,2,40,42,49,50,62,63,66,82,83,86,87" hai3="38,47,48,55,59,73,78,81,105,107" />
</Scene>
<Scene>
<INIT seed="1,1,1,1,2,68" ten="235,275,235,245" oya="1" hai0="44,104,125,108,99,64,107,124,78,28,83,66,24" hai1="58,75,8,43,12,23,92,112,51,38,113,17,94" hai2="118,35,79,65,54,109,127,32,101,47,116,49,37" hai3="55,120,59,15,102,42,67,30,97,91,40,33,81"/><U82/><E51/><V21/><F109/><W53/><G120/><T2/><D2/><U4/><E58/><V18/><F127/><W45/><G67/><T93/><D108/><U74/><E94/><V130/><F130/><W0/><G0/><T114/><D114/><U90/><E75/><V135/><F135/><W34/><G30/><T110/><D110/><U103/><E103/><V100/><F79/><W26/><G26/><T80/><D44/><U3/><E92/><V50/><F65/><W111/><G15/><T22/><D64/><U121/><E121/><V63/><F63/><W88/><G111/><T134/><D134/><U31/><E31/><V85/><F85/><W122/><G122/><T7/><D7/><U89/><E89/><V60/><F60/><W73/><G59/><T10/><D10/><U71/><E71/><V105/><F105/><W1/><G1/><T128/><D128/><U87/><REACH who="1" step="1"/><E74/><REACH who="1" ten="235,265,235,245" step="2"/><V48/><F48/><W41/><G73/><N who="0" m="43087" /><D83/><U106/><E106/><V46/><F101/><W20/><G81/><T19/><D28/><U95/><E95/><V61/><F100/><W62/><G102/><N who="0" m="60783" /><D66/><U36/><E36/><V9/><F37/><W52/><G91/><T133/><D133/><U126/><E126/><AGARI ba="1,2" hai="19,22,24,104,107,124,125,126" m="60783,43087" machi="126" ten="30,1000,0" yaku="18,1" doraHai="68" who="0" fromWho="1" sc="235,33,265,-13,235,0,245,0" />
</Scene>
<Scene>
<INIT seed="2,0,0,2,4,74" ten="268,252,235,245" oya="2" hai0="94,121,107,55,61,12,129,59,104,89,93,39,113" hai1="51,75,34,102,40,71,116,82,16,30,32,112,24" hai2="126,91,97,115,47,132,106,73,15,131,11,4,83" hai3="28,46,133,31,37,49,103,95,22,23,78,86,5"/><V65/><F115/><W128/><G37/><T21/><D39/><U25/><E112/><V58/><F126/><W77/><G5/><T62/><D113/><U96/><E116/><V88/><F131/><W118/><G118/><T68/><D121/><U56/><E71/><V60/><F132/><W27/><G133/><T8/><D94/><U66/><E40/><V14/><F47/><W76/><G128/><T9/><D9/><U99/><E102/><V80/><F14/><W17/><G22/><T90/><D90/><U63/><E51/><V41/><F41/><N who="3" m="24783" /><G86/><T120/><D120/><U135/><E135/><V134/><F134/><W84/><G84/><T29/><D129/><U44/><E44/><V20/><F20/><W111/><G111/><T114/><D114/><U18/><E99/><AGARI ba="0,0" hai="17,23,27,28,31,76,77,78,95,99,103" m="24783" machi="99" ten="30,7700,0" yaku="8,1,52,3" doraHai="74" who="3" fromWho="1" sc="268,0,252,-77,235,0,245,77" />
</Scene>
<Scene>
<INIT seed="3,0,0,2,5,18" ten="268,175,235,322" oya="3" hai0="47,101,23,81,33,63,9,25,29,91,129,94,53" hai1="135,83,50,115,119,120,41,131,97,27,66,123,108" hai2="133,121,62,51,70,114,109,73,125,16,60,99,46" hai3="71,112,75,122,52,5,102,38,104,116,110,87,93"/><W117/><G52/><T106/><D129/><U2/><E83/><V88/><F73/><W85/><G5/><T55/><D106/><U1/><E97/><V64/><F114/><W113/><G38/><T4/><D101/><U56/><E66/><V34/><F34/><W86/><G71/><T58/><D81/><U80/><E80/><V12/><F109/><W48/><G48/><T105/><D105/><U44/><E56/><V28/><F28/><W49/><G49/><T89/><D33/><U45/><E50/><V39/><F39/><W32/><G32/><T15/><D94/><U26/><E108/><V76/><F76/><W84/><G110/><T90/><REACH who="0" step="1"/><D47/><REACH who="0" ten="258,175,235,322" step="2"/><U37/><E131/><V67/><F46/><W82/><G113/><T57/><D57/><U95/><E95/><V21/><F70/><W7/><G112/><T11/><D11/><U103/><E115/><V19/><F121/><W43/><G122/><T22/><D22/><U96/><E45/><V92/><F133/><W6/><G43/><T111/><D111/><U78/><E135/><V107/><F107/><W10/><G104/><T100/><D100/><U77/><E123/><V118/><F118/><N who="3" m="45675" /><G10/><T59/><D59/><U68/><E120/><V130/><F130/><W17/><G102/><T79/><D79/><N who="1" m="30219" /><E119/><V24/><F125/><W127/><G127/><T74/><D74/><U72/><E72/><V42/><F42/><W126/><G126/><T65/><AGARI ba="0,1" hai="4,9,15,23,25,29,53,55,58,63,65,89,90,91" machi="65" ten="30,7900,0" yaku="1,1,0,1,8,1,52,1,53,0" doraHai="18" doraHaiUra="31" who="0" fromWho="0" sc="258,89,175,-20,235,-20,322,-39" />
</Scene>
<Scene>
<INIT seed="4,0,0,3,1,41" ten="347,155,215,283" oya="0" hai0="24,113,56,98,96,117,104,128,39,122,71,42,121" hai1="82,45,93,87,85,50,27,125,74,83,0,126,20" hai2="75,135,92,64,5,58,107,73,124,11,77,115,10" hai3="76,72,79,19,62,46,22,119,25,29,53,47,90"/><T33/><D56/><U1/><E74/><V123/><F107/><W17/><G119/><T118/><D71/><U97/><E97/><V57/><F123/><W54/><G72/><T68/><D68/><U59/><E59/><V78/><F92/><W16/><G90/><T67/><D67/><U60/><E93/><V130/><F5/><W94/><G94/><T52/><D52/><N who="3" m="20073" /><G62/><T110/><D110/><U34/><E34/><V35/><F35/><W26/><G26/><T44/><D113/><U101/><E60/><V66/><F115/><W40/><G40/><T38/><D128/><U131/><E131/><V30/><F130/><W13/><G13/><T91/><D39/><U8/><E27/><V112/><F112/><W109/><G109/><T69/><D69/><U7/><E0/><V105/><F105/><W63/><G63/><T43/><D43/><U132/><E83/><V116/><F116/><N who="0" m="44650" /><D91/><U100/><E1/><V37/><F37/><W88/><G88/><T15/><D15/><U89/><E89/><V70/><F70/><W6/><G6/><T2/><D2/><U134/><E7/><V86/><F86/><W65/><G65/><T133/><D98/><U111/><E111/><V48/><F64/><W28/><G29/><N who="0" m="19623" /><D122/><U81/><E81/><V14/><F66/><W49/><G49/><T12/><D12/><U31/><E82/><V108/><F14/><W21/><G21/><T55/><D55/><U120/><E50/><V114/><F48/><W23/><G22/><T9/><D121/><U3/><E120/><V80/><F108/><W99/><G99/><RYUUKYOKU ba="0,0" sc="347,-10,155,-10,215,-10,283,30" hai3="16,17,19,23,25,28,46,47,76,79" />
</Scene>
<Scene>
<INIT seed="5,1,0,4,0,88" ten="337,145,205,313" oya="1" hai0="100,110,1,46,18,22,2,87,25,41,57,24,69" hai1="129,53,84,86,98,76,85,109,68,58,106,16,17" hai2="92,117,29,103,128,60,124,55,99,135,123,63,120" hai3="20,30,6,12,3,44,115,5,10,71,13,90,91"/><U73/><E68/><V89/><F117/><W105/><G71/><T21/><D69/><U96/><E129/><V133/><F128/><W78/><G105/><T52/><D110/><U47/><E109/><V122/><F124/><W54/><G78/><T119/><D119/><U104/><E47/><V75/><F75/><W35/><G115/><T93/><D46/><U125/><E125/><V56/><F29/><W67/><G67/><T19/><D41/><U51/><E98/><V8/><F8/><N who="3" m="4119" /><G54/><T45/><D45/><U83/><REACH who="1" step="1"/><E104/><REACH who="1" ten="337,135,205,313" step="2"/><V134/><REACH who="2" step="1"/><F103/><AGARI ba="1,1" hai="16,17,51,53,58,73,76,83,84,85,86,96,103,106" machi="103" ten="40,7700,0" yaku="1,1,2,1,54,1,53,0" doraHai="88" doraHaiUra="111" who="1" fromWho="2" sc="337,0,135,90,205,-80,313,0" />
</Scene>
<Scene>
<INIT seed="5,2,0,5,0,34" ten="337,225,125,313" oya="1" hai0="44,63,68,39,52,103,13,112,21,58,14,51,131" hai1="67,134,82,38,40,74,105,83,62,48,70,56,12" hai2="124,64,47,65,35,17,6,80,8,96,75,115,120" hai3="37,15,19,122,5,20,123,54,87,126,53,69,60"/><U119/><E119/><V133/><F120/><W27/><G37/><T55/><D112/><U85/><E105/><V23/><F35/><W77/><G126/><T36/><D103/><U106/><E106/><V93/><F124/><W66/><G122/><T132/><D131/><U90/><E134/><V95/><F133/><W91/><G77/><T16/><D132/><U72/><E12/><V2/><F115/><W22/><G123/><T135/><D135/><U61/><E82/><V7/><F7/><W109/><G109/><T110/><D110/><U31/><E31/><V45/><F95/><W43/><G43/><T89/><D68/><U84/><E84/><V26/><F47/><W49/><G49/><T11/><REACH who="0" step="1"/><D89/><REACH who="0" ten="327,225,125,313" step="2"/><U30/><E70/><V28/><F45/><W125/><G125/><T92/><D92/><U4/><E90/><V9/><F80/><W88/><G91/><T108/><D108/><U76/><E72/><V32/><F75/><W41/><G88/><T99/><D99/><U114/><E74/><V24/><REACH who="2" step="1"/><F8/><REACH who="2" ten="327,225,115,313" step="2"/><W97/><G97/><T46/><D46/><U59/><E114/><V10/><F10/><W78/><G87/><T71/><D71/><U101/><E83/><V104/><F104/><W79/><G79/><T118/><D118/><U117/><E76/><V130/><F130/><W107/><G107/><T113/><D113/><U127/><E117/><V73/><F73/><W50/><G78/><T81/><D81/><U86/><E127/><V42/><F42/><W25/><G41/><T3/><D3/><U94/><E40/><V102/><AGARI ba="2,2" hai="2,6,9,17,23,24,26,28,32,64,65,93,96,102" machi="102" ten="20,12000,2" yaku="1,1,5,1,0,1,7,1,52,1,53,1" doraHai="34" doraHaiUra="1" who="2" fromWho="2" sc="327,-32,225,-62,115,146,313,-32" />
</Scene>
<Scene>
<INIT seed="6,0,0,1,0,7" ten="295,163,261,281" oya="2" hai0="65,127,59,17,2,85,51,95,97,69,83,6,120" hai1="129,80,9,37,122,131,84,26,30,67,58,75,5" hai2="112,128,102,52,35,125,49,3,56,40,45,116,53" hai3="22,32,104,130,54,48,124,93,24,16,132,71,23"/><V70/><F35/><W12/><G104/><T63/><D120/><U0/><E122/><V66/><F116/><W50/><G32/><T135/><D127/><U1/><E37/><V57/><F102/><W126/><G132/><T117/><D135/><U103/><E75/><V15/><F3/><W13/><G71/><T121/><D121/><U86/><E103/><V111/><F15/><W74/><G74/><T110/><D17/><U108/><E108/><V105/><F105/><W79/><G79/><T114/><D114/><U119/><E119/><V4/><F4/><W98/><G12/><T100/><D117/><U36/><E36/><V87/><F87/><W81/><G81/><T11/><D110/><U77/><E0/><V115/><F111/><W92/><G92/><T42/><D69/><U107/><E107/><V76/><F76/><W25/><G25/><T61/><D63/><U78/><E67/><V21/><F21/><W47/><G50/><T113/><D113/><N who="2" m="43594" /><F128/><W62/><G130/><T44/><D85/><U43/><E84/><V109/><F109/><W134/><G134/><T96/><D83/><U73/><E78/><V106/><F106/><W94/><G62/><T123/><D123/><U34/><E86/><V8/><F125/><N who="3" m="48235" /><G98/><T31/><D97/><U39/><E58/><N who="2" m="22635" /><F8/><W41/><G24/><T64/><D31/><U18/><E18/><V33/><F33/><W28/><G28/><T88/><D100/><U46/><AGARI ba="0,0" hai="1,5,9,26,30,34,39,43,46,73,77,80,129,131" machi="46" ten="30,12000,2" yaku="0,1,25,2,23,2,52,1" doraHai="7" who="1" fromWho="1" sc="295,-30,163,120,261,-60,281,-30" />
</Scene>
<Scene>
<INIT seed="7,0,0,1,5,102" ten="265,283,201,251" oya="3" hai0="69,91,95,3,64,75,53,128,10,19,66,23,14" hai1="107,77,4,111,129,121,74,55,12,79,43,85,18" hai2="20,57,56,109,29,26,62,11,42,1,99,16,97" hai3="78,17,105,117,108,58,125,50,9,61,33,100,28"/><W94/><G117/><T54/><D75/><U130/><E111/><V37/><F109/><W24/><G108/><T73/><D73/><U96/><E121/><V45/><F29/><W134/><G78/><T80/><D80/><U7/><E74/><V51/><F37/><W21/><G9/><T34/><D34/><U131/><E43/><V5/><REACH who="2" step="1"/><F57/><REACH who="2" ten="265,283,191,251" step="2"/><W15/><G134/><T106/><D69/><U59/><E59/><V47/><F47/><W27/><G125/><T39/><D39/><U2/><E130/><V6/><F6/><W122/><G122/><T38/><D128/><U112/><E4/><V104/><F104/><W87/><G105/><T133/><D106/><U90/><E7/><V118/><F118/><W114/><G114/><T13/><D38/><U31/><E31/><V123/><F123/><W119/><G119/><T63/><D133/><U22/><E112/><V88/><F88/><N who="3" m="53535" /><G100/><T8/><D3/><U135/><E2/><V84/><F84/><W49/><G28/><T48/><D91/><U76/><E135/><V67/><AGARI ba="0,1" hai="1,5,11,16,20,26,42,45,51,56,62,67,97,99" machi="67" ten="20,5200,0" yaku="1,1,0,1,7,1,54,1,53,0" doraHai="102" doraHaiUra="124" who="2" fromWho="2" sc="265,-13,283,-13,191,62,251,-26" />
</Scene>
<Scene>
<INIT seed="8,0,0,3,1,109" ten="252,270,253,225" oya="0" hai0="133,23,17,38,25,123,108,14,99,21,45,0,5" hai1="67,43,6,131,37,1,132,130,30,94,63,100,62" hai2="134,114,75,113,35,44,47,96,124,95,119,78,117" hai3="76,33,125,115,80,9,87,70,82,129,77,20,4"/><T73/><D123/><U53/><E30/><V101/><F35/><W39/><G33/><T42/><D108/><U121/><E6/><V41/><F44/><W68/><G39/><T97/><D133/><U88/><E1/><V58/><F134/><W110/><G110/><T126/><D126/><U19/><E132/><V105/><F124/><W64/><G125/><T16/><REACH who="0" step="1"/><D73/><REACH who="0" ten="242,270,253,225" step="2"/><U11/><E121/><V10/><F119/><W81/><G129/><T52/><D52/><U127/><E53/><V69/><F117/><W18/><G64/><T56/><D56/><U8/><E127/><V27/><F58/><W103/><G115/><T12/><D12/><U98/><E67/><V32/><F114/><W102/><G68/><T85/><D85/><U40/><E131/><V51/><F69/><W90/><G70/><T54/><D54/><U116/><E130/><V24/><F113/><W15/><G76/><T74/><D74/><U111/><E111/><V3/><F78/><W28/><G77/><T135/><D135/><U91/><E116/><V89/><F75/><W59/><G59/><T48/><D48/><U13/><E37/><V122/><F122/><W92/><REACH who="3" step="1"/><G28/><REACH who="3" ten="242,270,253,215" step="2"/><T72/><D72/><U22/><E62/><V66/><F66/><W31/><G31/><T79/><D79/><U86/><E63/><V49/><F49/><W93/><G93/><T84/><D84/><U36/><E36/><V34/><F95/><W50/><G50/><T120/><D120/><U46/><E86/><V26/><F51/><W83/><N who="3" m="20480" /><DORA hai="57" /><W71/><G71/><T106/><D106/><RYUUKYOKU ba="0,2" sc="242,15,270,-15,253,-15,215,15" hai0="0,5,14,16,17,21,23,25,38,42,45,97,99" hai3="4,9,15,18,20,87,90,92,102,103" />
</Scene>
<Scene>
<INIT seed="8,1,2,3,2,114" ten="257,255,238,230" oya="0" hai0="19,122,11,75,5,124,102,65,51,79,107,81,128" hai1="32,54,80,49,98,72,46,87,134,45,112,92,82" hai2="76,99,106,41,115,113,9,62,126,108,16,14,1" hai3="116,7,27,68,84,42,17,36,90,133,109,56,83"/><T111/><D122/><U25/><E112/><V44/><F108/><W71/><G109/><T40/><D111/><U35/><E134/><V15/><F1/><W53/><G133/><T0/><D65/><U94/><E72/><V22/><F126/><W60/><G7/><T4/><D4/><U77/><E80/><V52/><F76/><W21/><G42/><T28/><D19/><U13/><E13/><V129/><F129/><W120/><G36/><T101/><D128/><U69/><E69/><V86/><F86/><W135/><G135/><T125/><D28/><U47/><E94/><V119/><F119/><W103/><G120/><T96/><D101/><U91/><REACH who="1" step="1"/><E25/><REACH who="1" ten="257,245,238,230" step="2"/><V10/><F115/><W30/><G116/><T2/><D0/><U132/><E132/><V23/><F113/><W29/><G71/><T39/><D51/><U48/><E48/><V97/><F14/><W3/><G3/><T73/><D75/><U6/><E6/><V64/><F106/><W12/><G68/><T93/><D93/><U58/><AGARI ba="1,3" hai="32,35,45,46,47,49,54,58,77,82,87,91,92,98" machi="58" ten="30,4000,0" yaku="1,1,0,1,53,1" doraHai="114" doraHaiUra="78" who="1" fromWho="1" sc="257,-21,245,73,238,-11,230,-11" owari="236,4.0,318,41.0,227,-17.0,219,-28.0" />
</Scene>
</mjloggm>