<mjloggm ver="2.3"><GO type="169" lobby="0"/><UN n0="%E8%A5%BF%E5%9E%A3%E8%AA%A0%E4%B8%80" n1="%E3%83%9E%E3%83%A1%E3%83%9D%E3%82%B3" n2="%7A%65%52%6F" n3="%E5%A4%AA%E3%81%8F%E3%81%AA%E3%81%84%E3%81%8A" dan="16,16,16,19" rate="2098.31,2056.17,2081.20,2316.74" sx="M,M,M,F"/><TAIKYOKU oya="0"/>

<Scene>
<INIT seed="0,0,0,5,4,30" ten="250,250,250,250" oya="0" hai0="39,1,103,82,13,127,98,115,68,124,105,0,27" hai1="31,67,55,79,111,134,28,114,36,87,80,60,18" hai2="17,102,2,81,35,33,101,92,116,53,6,109,62" hai3="131,88,91,12,96,112,120,44,126,66,83,49,56"/><T42/><D115/><U37/><E114/><V133/><F116/><W97/><G112/><T21/><D68/><U45/><E111/><V43/><F109/><W135/><G135/><T61/><D61/><U119/><E119/><V86/><F133/><W51/><G131/><T19/><D82/><U118/><E118/><V90/><F43/><W24/><G126/><N who="0" m="48171" /><D13/><U77/><E77/><V106/><F106/><W4/><G83/><T129/><D129/><U40/><E37/><V15/><F2/><N who="0" m="1130" /><D42/><U84/><E134/><V70/><F6/><W52/><G12/><T63/><D63/><U107/><E107/><V9/><F70/><W94/><G4/><T32/><D39/><U3/><E3/><V64/><F64/><W29/><G120/><T5/><D5/><U59/><E87/><V76/><F62/><W22/><G66/><T113/><D113/><U71/><REACH who="1" step="1"/><E18/><REACH who="1" ten="250,240,250,250" step="2"/><V14/><F17/><W110/><G110/><T125/><D125/><U93/><E93/><V41/><F92/><W50/><G97/><T38/><D38/><U108/><E108/><V10/><F86/><W130/><G130/><T85/><D85/><U117/><E117/><V47/><F10/><W75/><G75/><T65/><D65/><U25/><E25/><V54/><F9/><W16/><G16/><T11/><D11/><U48/><AGARI ba="0,1" hai="28,31,36,40,45,48,55,59,60,67,71,79,80,84" machi="48" ten="20,12000,2" yaku="1,1,0,1,7,1,24,2,53,1" doraHai="30" doraHaiUra="78" who="1" fromWho="1" sc="250,-60,240,130,250,-30,250,-30" />
</Scene>
<Scene>
<INIT seed="1,0,0,3,1,126" ten="190,370,220,220" oya="1" hai0="20,55,128,117,106,54,121,19,33,91,26,75,81" hai1="30,67,5,78,51,110,70,74,18,93,90,58,43" hai2="85,31,73,23,77,14,60,16,47,1,97,57,27" hai3="86,48,39,107,69,35,135,8,111,21,61,3,10"/><U42/><E70/><V98/><F73/><W103/><G39/><T83/><D117/><U28/><E5/><V129/><F1/><W9/><G21/><T113/><D106/><U34/><E74/><V88/><F77/><W89/><G35/><T53/><D113/><U72/><E72/><V120/><F47/><W41/><G111/><T59/><D121/><U15/><E78/><V99/><F120/><W2/><G135/><T17/><D75/><U105/><E105/><V66/><F129/><W6/><G103/><T119/><D119/><U68/><E68/><V50/><F50/><W125/><G107/><T7/><D7/><U127/><E127/><V115/><F115/><W0/><G125/><T44/><D33/><U92/><E92/><V95/><REACH who="2" step="1"/><F97/><REACH who="2" ten="190,370,210,220" step="2"/><W64/><G0/><T101/><D128/><U56/><E110/><V49/><F49/><W63/><G2/><T84/><D44/><U36/><E36/><V62/><F62/><W130/><G61/><T118/><D118/><U13/><E51/><V109/><F109/><W40/><G130/><T65/><D84/><U134/><E134/><V25/><F25/><W114/><G114/><T76/><D76/><U133/><E133/><V37/><F37/><W116/><G116/><T87/><D26/><U46/><E46/><V94/><F94/><N who="3" m="54583" /><G48/><T108/><D108/><U96/><E15/><V104/><F104/><W124/><G124/><T122/><D87/><U100/><E96/><V22/><AGARI ba="0,1" hai="14,16,22,23,27,31,57,60,66,85,88,95,98,99" machi="22" ten="20,12000,2" yaku="1,1,0,1,7,1,8,1,54,2,53,0" doraHai="126" doraHaiUra="38" who="2" fromWho="2" sc="190,-30,370,-60,210,130,220,-30" />
</Scene>
<Scene>
<INIT seed="2,0,0,1,2,135" ten="160,310,340,190" oya="2" hai0="28,43,122,57,9,98,37,134,113,102,52,127,63" hai1="29,4,1,46,59,89,22,123,114,92,107,11,121" hai2="13,67,133,96,33,84,82,91,34,83,5,19,70" hai3="86,8,101,55,71,124,53,7,77,24,16,42,125"/><V112/><F112/><W3/><G71/><T100/><D122/><N who="1" m="46603" /><E107/><V116/><F116/><W74/><G101/><T117/><D113/><U50/><E114/><V21/><F133/><W110/><G74/><T31/><D134/><U97/><E59/><V94/><F5/><W27/><G42/><T78/><D117/><U39/><E39/><V61/><REACH who="2" step="1"/><F82/><REACH who="2" ten="160,310,330,190" step="2"/><N who="3" m="47439" /><G110/><T48/><D31/><U45/><E50/><V73/><F73/><W132/><G132/><T93/><D28/><U30/><E30/><V80/><F80/><W62/><G62/><T44/><D63/><U64/><E64/><V118/><F118/><W10/><G16/><T85/><D48/><U119/><E119/><V69/><F69/><W0/><G0/><T76/><D37/><U90/><E29/><V26/><F26/><W66/><G66/><T14/><D14/><U128/><E1/><V87/><F87/><W103/><G24/><T109/><D85/><U15/><E4/><V20/><F20/><W88/><G27/><T104/><D109/><U105/><E22/><V129/><F129/><W95/><G8/><T68/><D9/><U72/><E128/><V41/><F41/><W12/><G3/><T38/><D68/><U120/><E72/><V17/><F17/><W79/><G7/><T56/><D38/><U32/><E120/><V60/><F60/><W99/><G10/><T54/><D43/><U111/><E111/><V40/><F40/><W6/><G6/><T108/><D108/><U115/><E115/><V81/><F81/><W23/><G23/><T47/><D98/><U58/><E97/><RYUUKYOKU ba="0,1" sc="160,-10,310,-10,330,30,190,-10" hai2="13,19,21,33,34,61,67,70,83,84,91,94,96" />
</Scene>
<Scene>
<INIT seed="2,1,1,5,5,106" ten="150,300,360,180" oya="2" hai0="77,126,37,134,40,31,29,83,8,130,1,78,42" hai1="102,96,61,32,59,7,128,55,53,0,109,14,91" hai2="119,86,52,118,104,43,127,22,112,62,116,107,9" hai3="6,21,93,88,13,18,108,35,3,56,20,57,51"/><V129/><F112/><W67/><G35/><T17/><D126/><U75/><E32/><V41/><F127/><W82/><G108/><T98/><D78/><U15/><E109/><V74/><F74/><W36/><G36/><T34/><D134/><U133/><E75/><V92/><F129/><W25/><G82/><T89/><D130/><U47/><E128/><V27/><F9/><W132/><G132/><T30/><D34/><U79/><E79/><V73/><F73/><W103/><G103/><T121/><D37/><U45/><E133/><V5/><F5/><W38/><G38/><T23/><D121/><U120/><E91/><V65/><F52/><N who="3" m="31775" /><G3/><T95/><D8/><U49/><E120/><V76/><F104/><W114/><G114/><T105/><D1/><U123/><E123/><V117/><F107/><W125/><G125/><T66/><D66/><U4/><E47/><V72/><F72/><W90/><G6/><N who="1" m="2090" /><E0/><V58/><N who="2" m="29696" /><DORA hai="84" /><V2/><F2/><W64/><G57/><T115/><D105/><U101/><E96/><V110/><F110/><W99/><G90/><T44/><D44/><U68/><E68/><V113/><F113/><W19/><AGARI ba="1,1" hai="13,18,19,20,21,25,64,67,88,93,99" m="31775" machi="19" ten="30,7900,0" yaku="8,1,52,1,54,2" doraHai="106,84" who="3" fromWho="3" sc="150,-21,300,-21,360,-40,180,92" />
</Scene>
<Scene>
<INIT seed="3,0,0,4,1,112" ten="129,279,320,272" oya="3" hai0="26,127,9,114,120,123,73,85,52,113,91,130,96" hai1="48,41,0,131,47,45,79,116,74,21,59,35,105" hai2="101,110,126,23,56,12,39,61,29,106,10,50,28" hai3="119,94,17,80,32,4,24,13,82,16,98,14,60"/><W86/><G4/><T44/><D73/><U7/><E35/><V69/><F39/><W34/><G60/><T97/><D26/><U31/><E105/><V55/><F126/><W15/><G119/><T71/><D71/><U104/><E104/><V132/><F132/><W2/><G2/><T70/><D70/><U5/><E131/><V22/><F110/><W95/><G24/><T84/><D9/><U63/><E0/><V57/><F69/><W42/><G42/><T49/><D130/><U89/><E89/><V38/><F38/><W125/><G125/><T118/><D127/><U3/><E3/><V134/><F101/><W135/><G86/><N who="0" m="33387" /><D118/><U37/><E116/><V53/><F106/><W51/><G14/><T133/><D133/><U100/><E100/><V83/><F83/><W11/><G11/><T6/><D6/><U92/><E92/><V20/><F134/><W88/><G135/><T122/><D91/><U18/><E31/><V30/><REACH who="2" step="1"/><F28/><REACH who="2" ten="129,279,310,272" step="2"/><W87/><G88/><T62/><D62/><U8/><E63/><V121/><F121/><W72/><G82/><T46/><D114/><U27/><E37/><V66/><F66/><W107/><G80/><T19/><D113/><U33/><E74/><V68/><F68/><W76/><G72/><T99/><D120/><U90/><E90/><V36/><F36/><W67/><G107/><T75/><D75/><U43/><E79/><V109/><F109/><W54/><G76/><T103/><D103/><U93/><E93/><V129/><F129/><W65/><G94/><T128/><D128/><U64/><E64/><RYUUKYOKU ba="0,1" sc="129,-10,279,-10,310,30,272,-10" hai2="10,12,20,22,23,29,30,50,53,55,56,57,61" />
</Scene>
<Scene>
<INIT seed="4,1,1,3,1,105" ten="119,269,340,262" oya="0" hai0="11,92,20,125,58,121,17,97,130,59,128,81,33" hai1="39,69,31,41,72,110,28,57,61,67,71,108,7" hai2="106,99,98,78,113,114,12,4,34,49,134,66,126" hai3="68,124,56,26,77,79,25,50,83,54,22,133,13"/><T51/><D121/><U47/><E7/><V38/><F38/><W60/><G133/><T18/><D33/><U65/><E72/><V94/><F34/><W100/><G124/><T70/><D70/><U104/><E104/><V48/><F126/><W23/><G100/><T36/><D36/><U127/><E127/><V80/><F66/><W122/><G122/><T24/><D125/><U132/><E132/><V45/><F134/><W44/><G68/><N who="1" m="26186" /><E28/><V131/><F106/><W62/><G13/><N who="0" m="7359" /><D81/><U3/><E31/><V82/><F82/><W2/><G2/><T103/><D51/><U42/><E3/><V35/><F35/><W30/><G83/><T102/><D102/><U14/><E14/><V55/><F48/><W27/><G62/><T63/><D63/><N who="1" m="38127" /><E41/><V5/><F12/><W91/><G91/><T95/><D95/><U29/><E29/><V120/><F120/><W8/><G8/><T118/><D118/><U19/><E19/><V40/><F40/><N who="3" m="24839" /><G30/><T117/><D117/><U123/><E123/><V89/><F5/><W90/><G90/><T135/><D135/><U129/><E129/><AGARI ba="1,1" hai="18,20,24,58,59,92,97,103,128,129,130" m="7359" machi="129" ten="30,1500,0" yaku="19,1" doraHai="105" who="0" fromWho="1" sc="119,28,269,-18,340,0,262,0" />
</Scene>
<Scene>
<INIT seed="4,2,0,5,0,118" ten="147,251,340,262" oya="0" hai0="83,3,61,73,68,19,34,122,126,48,1,107,120" hai1="11,105,112,28,86,124,81,5,111,99,134,32,92" hai2="97,44,47,84,59,128,125,41,50,82,43,24,7" hai3="78,121,114,74,69,10,60,70,35,90,30,13,42"/><T15/><D107/><U51/><E105/><V88/><F125/><W127/><G42/><T27/><D126/><U80/><E124/><V36/><F128/><W116/><G116/><T21/><D48/><U89/><E111/><V26/><F7/><W39/><G39/><T38/><D38/><U131/><E131/><V56/><F97/><W135/><G127/><T16/><D34/><U100/><E134/><V55/><REACH who="2" step="1"/><F59/><REACH who="2" ten="147,251,330,262" step="2"/><W115/><G135/><T102/><D3/><U130/><E130/><V20/><F20/><W77/><G35/><T91/><D1/><U65/><E32/><V14/><F14/><W108/><G13/><T49/><D102/><U103/><E103/><V79/><F79/><W95/><G77/><T6/><D6/><U93/><E112/><V76/><F76/><W54/><G78/><T37/><D73/><U4/><E4/><V132/><F132/><W46/><G74/><T18/><D15/><U101/><E101/><V33/><F33/><W9/><G114/><T96/><D96/><U0/><E0/><V25/><F25/><W109/><G115/><T113/><D113/><U71/><E5/><V129/><F129/><W72/><G72/><T94/><D27/><U85/><E100/><V22/><F22/><W98/><G98/><N who="0" m="57695" /><D21/><U57/><E99/><V110/><F110/><W29/><G109/><T23/><D23/><U66/><E57/><V40/><F40/><W64/><G108/><T45/><D37/><AGARI ba="2,1" hai="24,26,36,37,41,43,44,47,50,55,56,82,84,88" machi="37" ten="30,8000,1" yaku="1,1,7,1,9,1,54,1,53,1" doraHai="118" doraHaiUra="52" who="2" fromWho="0" sc="147,-86,251,0,330,96,262,0" />
</Scene>
<Scene>
<INIT seed="5,0,0,5,1,27" ten="61,251,426,262" oya="1" hai0="93,49,46,34,58,28,92,103,75,41,86,84,4" hai1="7,87,61,33,69,81,2,8,65,45,68,43,85" hai2="106,98,25,21,52,113,51,119,3,94,20,38,24" hai3="54,72,121,112,96,12,91,71,90,31,26,15,124"/><U66/><E33/><V16/><F3/><W19/><G121/><T0/><D75/><U120/><E120/><V78/><F38/><W67/><G72/><T29/><D0/><U70/><E66/><V126/><F106/><W82/><G112/><T39/><D4/><U11/><E11/><V111/><F119/><W109/><G109/><T23/><D34/><U13/><E2/><V57/><F111/><W6/><G124/><T114/><D114/><U107/><E107/><V133/><F126/><W104/><G6/><T18/><D39/><U17/><E17/><V14/><F113/><W83/><G54/><T135/><D58/><U105/><E105/><V134/><F78/><W1/><G1/><T64/><D64/><U44/><E87/><N who="0" m="33321" /><D135/><N who="2" m="51722" /><F20/><W110/><G110/><T123/><D123/><U108/><E108/><V130/><F130/><W56/><G67/><T42/><D42/><U131/><E131/><V132/><N who="2" m="51730" /><V80/><DORA hai="100" /><F80/><W79/><G82/><T88/><D103/><AGARI ba="0,0" hai="14,16,21,24,25,51,52,57,94,98,103" m="51730" machi="103" ten="40,5200,0" yaku="20,1,54,2" doraHai="27,100" who="2" fromWho="0" sc="61,-52,251,0,426,52,262,0" />
</Scene>
<Scene>
<INIT seed="6,0,0,2,5,87" ten="9,251,478,262" oya="2" hai0="4,101,72,126,118,34,112,93,125,78,127,123,36" hai1="98,94,49,63,45,25,106,64,66,132,102,85,17" hai2="120,96,56,28,0,32,10,13,57,39,91,31,97" hai3="52,69,71,76,12,129,54,111,105,47,73,83,108"/><V135/><F39/><W58/><G105/><T15/><D34/><U115/><E132/><V60/><F120/><W18/><G129/><T104/><D15/><U30/><E115/><V114/><F114/><W41/><G71/><T89/><D4/><U50/><E17/><V55/><F0/><W62/><G54/><T59/><D112/><U79/><E45/><V116/><F116/><W107/><G107/><T33/><D33/><U74/><E66/><V113/><F113/><W29/><G29/><T77/><D36/><U103/><E74/><V51/><F135/><W124/><G69/><T9/><D9/><U19/><E19/><V80/><F32/><W110/><G124/><N who="0" m="31747" /><T26/><DORA hai="119" /><D26/><U8/><E8/><V24/><F97/><W53/><G53/><T121/><D59/><U130/><E130/><V81/><F81/><W21/><REACH who="3" step="1"/><G111/><REACH who="3" ten="9,251,478,252" step="2"/><T44/><D118/><U75/><E30/><V82/><F31/><W2/><G2/><T122/><D44/><U109/><E109/><V37/><F28/><W68/><G68/><T90/><D72/><U3/><E75/><V48/><F55/><W61/><G61/><T133/><D133/><U88/><E3/><V70/><F60/><W65/><G65/><T16/><D16/><U14/><E63/><V27/><F70/><W1/><G1/><T22/><D22/><U42/><E64/><V23/><F23/><W7/><G7/><T11/><D11/><U40/><E42/><V84/><F10/><W95/><G95/><T38/><D93/><U5/><E40/><V67/><F67/><W20/><G20/><RYUUKYOKU ba="0,1" sc="9,-10,251,-10,478,-10,252,30" hai3="12,18,21,41,47,52,58,62,73,76,83,108,110" owari="-1,-50.0,241,-16.0,478,58.0,282,8.0" />
</Scene>
</mjloggm>