<mjloggm ver="2.3"><GO type="169" lobby="0"/><UN n0="%E3%83%92%E3%83%AB%E3%83%99%E3%83%AB%E3%83%88" n1="%E5%A4%AA%E3%81%8F%E3%81%AA%E3%81%84%E3%81%8A" n2="%E3%83%AD%E3%83%83%E3%83%86%E9%9B%80%E7%90%83" n3="%E8%B1%86%E7%89%B9%E3%81%BD%E3%81%A3%E3%81%8F%E3%82%93" dan="17,18,18,17" rate="2130.79,2280.21,2178.77,2228.05" sx="M,F,M,M"/><TAIKYOKU oya="0"/>

<Scene>
<INIT seed="0,0,0,3,3,116" ten="250,250,250,250" oya="0" hai0="57,6,103,106,110,29,56,107,3,101,83,60,130" hai1="66,71,115,69,114,127,14,45,129,41,97,104,7" hai2="5,86,19,87,11,38,0,44,46,99,17,123,112" hai3="42,33,93,31,32,80,16,15,84,88,117,28,20"/><T13/><D3/><U111/><E111/><V98/><F112/><N who="1" m="43049" /><E129/><V35/><F35/><W37/><G117/><T82/><D130/><U40/><E127/><V34/><F34/><W63/><G33/><T4/><D13/><U58/><E104/><V53/><F38/><W27/><G31/><T23/><D60/><N who="1" m="38167" /><E97/><V122/><F53/><W132/><G132/><T50/><D50/><N who="1" m="26919" /><E41/><V113/><F113/><W62/><REACH who="3" step="1"/><G93/><REACH who="3" ten="250,250,250,240" step="2"/><T70/><D29/><U75/><E75/><V92/><F92/><W109/><G109/><T10/><D110/><U125/><E125/><V102/><F102/><W52/><G52/><T59/><D103/><U61/><E61/><V133/><F133/><W49/><G49/><T96/><D106/><U8/><AGARI ba="0,1" hai="7,8,14,69,71" m="26919,38167,43049" machi="8" ten="30,1100,0" yaku="11,1" doraHai="116" who="1" fromWho="1" sc="250,-5,250,21,250,-3,240,-3" />
</Scene>
<Scene>
<INIT seed="1,0,0,4,1,110" ten="245,271,247,237" oya="1" hai0="130,104,31,6,10,28,133,73,132,108,79,98,59" hai1="16,23,57,8,90,37,29,92,53,70,99,41,14" hai2="128,45,26,30,69,129,12,95,7,36,75,54,24" hai3="48,33,72,94,71,0,127,116,107,114,22,115,11"/><U119/><E70/><V65/><F75/><W135/><RYUUKYOKU type="yao9" ba="0,0" sc="245,0,271,0,247,0,237,0" hai3="0,11,22,33,48,71,72,94,107,114,115,116,127,135" />
</Scene>
<Scene>
<INIT seed="1,1,0,4,4,108" ten="245,271,247,237" oya="1" hai0="131,82,122,2,127,42,41,106,134,69,116,119,117" hai1="36,33,32,105,66,76,113,9,130,91,53,11,110" hai2="49,25,17,64,107,30,79,120,59,125,16,96,67" hai3="8,112,35,94,19,70,45,1,54,3,128,63,68"/><U20/><E105/><V34/><F120/><W65/><G35/><T37/><RYUUKYOKU type="yao9" ba="1,0" sc="245,0,271,0,247,0,237,0" hai0="2,37,41,42,69,82,106,116,117,119,122,127,131,134" />
</Scene>
<Scene>
<INIT seed="1,2,0,3,4,106" ten="245,271,247,237" oya="1" hai0="48,60,123,50,134,99,36,119,105,8,29,59,107" hai1="26,31,33,11,67,3,78,38,126,72,100,57,110" hai2="118,114,17,92,32,96,93,104,135,56,37,9,61" hai3="53,101,109,6,133,46,20,113,27,91,63,95,47"/><U58/><E38/><V98/><F118/><W51/><G113/><T45/><D119/><U1/><E126/><V124/><F32/><W44/><G109/><T112/><D29/><U80/><E110/><V10/><F37/><W127/><G133/><T71/><D8/><U75/><E100/><N who="2" m="60431" /><F104/><W129/><G129/><T102/><D107/><U120/><E120/><V55/><F135/><W13/><G101/><T73/><D112/><U116/><E116/><V28/><F28/><W111/><G111/><T125/><D125/><U18/><E72/><V25/><F124/><W117/><G117/><T54/><D134/><U87/><E87/><V70/><F70/><W2/><G2/><T82/><D123/><U74/><E74/><V68/><F68/><W69/><G69/><T85/><D73/><U30/><E30/><V24/><F114/><W39/><G63/><T65/><D50/><U128/><E128/><V15/><F9/><N who="3" m="4279" /><G39/><T108/><D108/><U34/><E34/><V19/><F19/><N who="3" m="12703" /><G127/><T64/><D64/><U122/><E122/><V62/><F62/><W12/><G12/><T84/><REACH who="0" step="1"/><D82/><REACH who="0" ten="235,271,247,237" step="2"/><U52/><E67/><V76/><F76/><W43/><G43/><AGARI ba="2,1" hai="36,43,45,48,54,59,60,65,71,84,85,99,102,105" machi="43" ten="40,8000,1" yaku="1,1,2,1,24,2,53,0" doraHai="106" doraHaiUra="77" who="0" fromWho="3" sc="235,96,271,0,247,0,237,-86" />
</Scene>
<Scene>
<INIT seed="2,0,0,1,2,100" ten="331,271,247,151" oya="2" hai0="42,126,80,20,43,76,121,41,112,12,40,39,70" hai1="37,92,72,51,118,32,27,90,59,31,66,58,95" hai2="106,50,1,36,105,104,3,48,22,21,117,103,49" hai3="71,26,53,68,82,87,33,131,65,47,133,14,10"/><V91/><F117/><W8/><G131/><T46/><D70/><U75/><E37/><V54/><F36/><W84/><G133/><T13/><D121/><U86/><E118/><V64/><F103/><W125/><G125/><T128/><D126/><U24/><E92/><V111/><F111/><W62/><G71/><T11/><D112/><U55/><REACH who="1" step="1"/><E27/><REACH who="1" ten="331,261,247,151" step="2"/><V135/><F135/><W88/><G26/><T98/><D128/><U5/><E5/><V17/><F106/><W77/><G33/><T132/><D132/><U96/><E96/><V69/><F105/><W74/><G14/><T119/><D98/><U101/><E101/><V78/><F104/><W61/><G74/><T122/><D119/><U23/><E23/><V9/><F22/><W52/><G53/><T57/><D20/><U29/><E29/><V134/><F21/><W85/><G85/><T79/><D13/><U15/><E15/><V93/><F54/><W56/><REACH who="3" step="1"/><G47/><REACH who="3" ten="331,261,247,141" step="2"/><T30/><D46/><U116/><E116/><V2/><F134/><W63/><G63/><AGARI ba="0,2" hai="24,31,32,51,55,58,59,63,66,72,75,86,90,95" machi="63" ten="40,1300,0" yaku="1,1,53,0" doraHai="100" doraHaiUra="16" who="1" fromWho="3" sc="331,0,261,33,247,0,141,-13" />
</Scene>
<Scene>
<INIT seed="3,0,0,3,3,79" ten="331,294,247,128" oya="3" hai0="31,6,21,127,63,35,20,17,41,83,84,52,22" hai1="58,57,128,112,71,56,124,36,55,97,106,117,130" hai2="109,96,60,98,28,119,37,86,123,132,108,113,91" hai3="4,5,89,77,54,134,15,76,9,133,80,121,30"/><W34/><G121/><T26/><D127/><U47/><E112/><V68/><F113/><W53/><G5/><T38/><D6/><U2/><E2/><V74/><F74/><W105/><G105/><T33/><D33/><U42/><E124/><V82/><F119/><W48/><G30/><T73/><D73/><U93/><E71/><V131/><F123/><W50/><G34/><T0/><D0/><U39/><E106/><V13/><F37/><W12/><G89/><T45/><D63/><N who="1" m="36255" /><E36/><V78/><F132/><N who="3" m="50795" /><G15/><T95/><D95/><U104/><E104/><V3/><F131/><N who="1" m="50217" /><E117/><V110/><F3/><W24/><G24/><T120/><D120/><U100/><AGARI ba="0,0" hai="39,42,47,57,58,93,97,100" m="50217,36255" machi="100" ten="30,1100,0" yaku="19,1" doraHai="79" who="1" fromWho="1" sc="331,-3,294,11,247,-3,128,-5" />
</Scene>
<Scene>
<INIT seed="4,0,0,2,5,133" ten="328,305,244,123" oya="0" hai0="110,8,7,129,41,10,122,65,2,25,103,13,75" hai1="89,53,48,60,120,116,29,104,72,17,88,97,36" hai2="11,115,125,27,134,45,74,99,66,128,4,78,3" hai3="80,57,108,70,91,113,6,67,84,37,1,96,131"/><T68/><D75/><U44/><E116/><V43/><F115/><W92/><G113/><T127/><D122/><U101/><E120/><V126/><F134/><W9/><G131/><T22/><D129/><U20/><E72/><V55/><F128/><W81/><G108/><T49/><D65/><U38/><E29/><V52/><F66/><W19/><G37/><T85/><D68/><U24/><E60/><V21/><F99/><W106/><G70/><T135/><D103/><U12/><E24/><V73/><F73/><W90/><G106/><T112/><D112/><U15/><E15/><V123/><F123/><W111/><G111/><T71/><D71/><U100/><E100/><V56/><F78/><W32/><G32/><T118/><D118/><U18/><E18/><V119/><F74/><W30/><G30/><T114/><D114/><U63/><E63/><V14/><F3/><W0/><G19/><T107/><D85/><U5/><E5/><V77/><F77/><W33/><G33/><T61/><D61/><U31/><E31/><N who="2" m="17903" /><F56/><W39/><G39/><T121/><D107/><U47/><REACH who="1" step="1"/><E36/><REACH who="1" ten="328,295,244,123" step="2"/><N who="2" m="21735" /><F119/><W59/><G67/><T94/><D121/><U54/><E54/><V132/><F132/><W76/><REACH who="3" step="1"/><G1/><REACH who="3" ten="328,295,244,113" step="2"/><N who="0" m="111" /><D110/><U35/><E35/><V50/><F50/><W46/><G46/><T109/><D49/><U34/><E34/><V62/><F62/><W26/><G26/><T117/><D25/><U93/><E93/><V64/><F64/><W40/><G40/><AGARI ba="0,2" hai="12,17,20,38,40,44,47,48,53,88,89,97,101,104" machi="40" ten="40,8000,1" yaku="1,1,54,1,53,2" doraHai="133" doraHaiUra="87" who="1" fromWho="3" sc="328,0,295,100,244,0,113,-80" />
</Scene>
<Scene>
<INIT seed="5,0,0,0,1,85" ten="328,395,244,33" oya="1" hai0="59,94,28,120,69,116,102,16,107,75,123,8,53" hai1="93,19,118,96,106,73,1,55,61,15,31,72,91" hai2="24,51,121,74,32,7,40,108,84,63,10,4,27" hai3="117,49,45,41,122,101,112,133,17,26,33,35,34"/><U52/><E118/><V87/><F108/><W62/><G122/><N who="0" m="46635" /><D69/><U113/><E1/><V50/><F74/><W135/><G117/><T128/><D75/><U6/><E113/><V20/><F32/><W23/><G112/><T38/><D38/><U76/><E6/><V79/><F121/><W12/><G101/><T125/><D28/><U56/><E31/><V114/><F114/><W18/><REACH who="3" step="1"/><G62/><REACH who="3" ten="328,395,244,23" step="2"/><N who="0" m="36207" /><D102/><U129/><E129/><V98/><F63/><W88/><G88/><T130/><D128/><U64/><E106/><V90/><F90/><W9/><AGARI ba="0,1" hai="9,12,17,18,23,26,33,34,35,41,45,49,133,135" machi="9" ten="40,2700,0" yaku="1,1,0,1,53,0" doraHai="85" doraHaiUra="89" who="3" fromWho="3" sc="328,-7,395,-13,244,-7,23,37" />
</Scene>
<Scene>
<INIT seed="6,0,0,2,3,88" ten="321,382,237,60" oya="2" hai0="29,61,42,31,22,58,21,54,59,51,26,80,101" hai1="53,97,46,119,114,0,36,40,18,67,76,69,124" hai2="111,68,57,45,37,3,13,100,66,23,130,128,32" hai3="38,49,52,63,134,89,117,19,78,107,94,105,50"/><V121/><F121/><W10/><G38/><T103/><D80/><U112/><E0/><V126/><F32/><W65/><G117/><T102/><D42/><U116/><E76/><V109/><F3/><W118/><G118/><N who="1" m="45098" /><E18/><V106/><F106/><W11/><G78/><T115/><D115/><N who="1" m="44075" /><E97/><V113/><F100/><W131/><G131/><N who="2" m="50217" /><F68/><W64/><G134/><T127/><D127/><U120/><E124/><V98/><F98/><W133/><G133/><T8/><D8/><U122/><E53/><V14/><F113/><W56/><G107/><T84/><D84/><U60/><AGARI ba="0,0" hai="36,40,46,60,67,69,120,122" m="44075,45098" machi="60" ten="40,8000,1" yaku="15,1,23,1,34,2" doraHai="88" who="1" fromWho="1" sc="321,-20,382,80,237,-40,60,-20" />
</Scene>
<Scene>
<INIT seed="7,0,0,2,3,57" ten="301,462,197,40" oya="3" hai0="2,49,25,3,50,101,55,23,63,0,116,62,18" hai1="68,92,91,45,126,15,99,6,134,33,86,98,7" hai2="34,59,37,11,16,87,5,122,93,36,123,65,106" hai3="67,73,54,133,104,85,90,118,117,111,79,64,28"/><W20/><G104/><T46/><D116/><U27/><E68/><V82/><F106/><W44/><G73/><T102/><D101/><U4/><E134/><V70/><F70/><W100/><G133/><T53/><REACH who="0" step="1"/><D102/><REACH who="0" ten="291,462,197,40" step="2"/><U9/><E126/><V69/><F34/><W131/><G131/><T127/><D127/><U120/><E33/><V110/><F69/><W1/><G1/><T132/><D132/><U84/><E120/><N who="2" m="46123" /><F93/><W47/><G100/><T29/><D29/><U31/><E31/><V109/><F16/><W89/><G111/><T38/><D38/><N who="2" m="14954" /><F59/><AGARI ba="0,1" hai="0,2,3,18,23,25,46,49,50,53,55,59,62,63" machi="59" ten="40,5200,0" yaku="1,1,52,2,53,0" doraHai="57" doraHaiUra="105" who="0" fromWho="2" sc="291,62,462,0,197,-52,40,0" owari="353,15.0,462,56.0,145,-25.0,40,-46.0" />
</Scene>
</mjloggm>