<mjloggm ver="2.3"><GO type="169" lobby="0"/><UN n0="%E6%9C%88%E3%83%9F%E7%85%A7%E2%98%86" n1="%52%65%6D%6D%79%36%39%31" n2="%E5%A4%AA%E3%81%8F%E3%81%AA%E3%81%84%E3%81%8A" n3="%E8%85%90%E7%94%9F%E8%B1%9A%E3%82%B3%E3%83%84%E3%83%9C%E3%83%BC" dan="17,16,18,17" rate="2217.93,2004.44,2208.22,2183.48" sx="M,M,F,M"/><TAIKYOKU oya="0"/>

<Scene>
<INIT seed="0,0,0,4,5,32" ten="250,250,250,250" oya="0" hai0="74,72,129,114,84,88,113,76,46,61,7,5,16" hai1="68,34,86,118,77,95,1,104,123,38,70,101,47" hai2="14,125,36,6,106,60,100,55,130,109,79,134,116" hai3="52,64,44,3,19,65,97,28,40,27,105,12,49"/><T119/><D119/><U0/><E118/><V90/><F116/><W92/><G105/><T22/><D129/><U43/><E123/><V23/><F36/><W17/><G3/><T63/><D76/><U56/><E34/><V15/><F79/><W30/><G40/><T50/><D74/><U25/><E25/><V89/><F130/><W132/><G132/><T121/><D72/><U98/><E56/><V99/><F134/><W4/><G4/><N who="0" m="1611" /><D121/><U78/><E78/><V115/><F115/><W21/><G30/><T126/><D126/><U75/><E95/><V107/><F107/><W135/><G135/><T103/><D103/><U2/><E86/><V91/><F125/><W94/><G94/><N who="0" m="54535" /><D114/><U111/><E111/><V54/><F109/><W81/><G81/><AGARI ba="0,0" hai="0,1,2,38,43,47,68,70,75,77,81,98,101,104" machi="81" ten="40,12000,2" yaku="33,3,52,3" doraHai="32" who="1" fromWho="3" sc="250,0,250,120,250,0,250,-120" />
</Scene>
<Scene>
<INIT seed="1,0,0,4,2,123" ten="250,370,250,130" oya="1" hai0="52,66,124,90,104,53,49,22,95,112,54,73,57" hai1="88,113,79,28,0,68,67,30,44,3,99,86,84" hai2="31,101,26,80,18,130,108,70,115,114,131,43,121" hai3="133,85,118,125,111,83,93,134,82,2,46,38,58"/><U14/><E113/><N who="2" m="43019" /><F70/><W45/><G2/><T10/><D112/><U34/><E99/><V92/><F43/><W76/><G111/><T51/><D104/><U110/><E110/><V97/><F121/><W77/><G125/><T12/><D124/><U103/><E103/><V109/><F18/><W71/><G71/><T39/><D39/><U35/><E14/><V128/><F80/><W94/><G58/><T24/><D73/><U40/><E79/><V29/><F29/><W56/><G56/><T11/><D66/><U13/><E13/><V16/><F16/><W7/><G38/><T9/><D12/><U5/><E67/><V127/><F127/><W129/><G7/><T27/><D57/><U63/><E63/><V20/><AGARI ba="0,0" hai="20,26,31,92,97,101,108,109,128,130,131" m="43019" machi="20" ten="40,8000,1" yaku="19,1,11,1,52,2" doraHai="123" who="2" fromWho="2" sc="250,-20,370,-40,250,80,130,-20" />
</Scene>
<Scene>
<INIT seed="2,0,0,0,5,2" ten="230,330,330,110" oya="2" hai0="25,69,114,8,111,121,125,29,129,72,59,90,105" hai1="30,38,41,45,97,58,66,112,95,80,42,130,70" hai2="77,62,132,27,57,131,54,39,6,48,63,93,85" hai3="32,53,96,40,24,107,74,104,118,82,109,14,92"/><V43/><F132/><W89/><G118/><T98/><D59/><U51/><E112/><V33/><F131/><W35/><G40/><T44/><D44/><U135/><E130/><V12/><F39/><W103/><G109/><T21/><D90/><U106/><E106/><V9/><F43/><W22/><G53/><T91/><D91/><U81/><E30/><V50/><F33/><W127/><G127/><T113/><D69/><U5/><E5/><V94/><F27/><W0/><G0/><T67/><D67/><U7/><E7/><V17/><F17/><W88/><G14/><T126/><D72/><U120/><E120/><V124/><F124/><W34/><G89/><T23/><D121/><U116/><E116/><V36/><F36/><W86/><REACH who="3" step="1"/><G74/><REACH who="3" ten="230,330,330,100" step="2"/><T46/><D126/><U26/><E41/><V101/><F101/><W83/><G83/><T110/><D125/><U79/><E38/><V20/><F12/><W19/><AGARI ba="0,1" hai="19,22,24,32,34,35,82,86,88,92,96,103,104,107" machi="19" ten="30,4000,0" yaku="1,1,0,1,54,1,53,0" doraHai="2" doraHaiUra="75" who="3" fromWho="3" sc="230,-10,330,-10,330,-20,100,50" />
</Scene>
<Scene>
<INIT seed="3,0,0,4,0,116" ten="220,320,310,150" oya="3" hai0="111,51,52,121,21,42,69,103,127,28,82,67,55" hai1="78,24,126,60,33,45,27,76,132,134,56,14,18" hai2="71,95,58,88,87,107,110,0,98,12,63,7,119" hai3="92,108,43,90,89,120,130,85,105,1,9,48,115"/><W20/><G115/><T46/><D111/><U61/><E45/><V81/><F119/><W99/><G108/><T79/><D127/><U94/><E94/><V100/><F110/><W84/><G130/><T34/><D34/><U83/><E126/><V23/><F71/><W31/><G105/><T72/><D103/><U36/><E36/><V16/><F0/><W4/><G120/><T122/><D28/><U2/><E2/><V104/><REACH who="2" step="1"/><F7/><REACH who="2" ten="220,320,300,150" step="2"/><W11/><G11/><T128/><D128/><U64/><E132/><V57/><F57/><W35/><G35/><T135/><D135/><U129/><E33/><V32/><F32/><W5/><G5/><T102/><D21/><U19/><E134/><V74/><F74/><W124/><G124/><T133/><D133/><U26/><E129/><V29/><F29/><W41/><G31/><T112/><D112/><U75/><E75/><V49/><F49/><W40/><G20/><T50/><D102/><U22/><E61/><V54/><AGARI ba="0,1" hai="12,16,23,54,58,63,81,87,88,95,98,100,104,107" machi="54" ten="20,8000,1" yaku="1,1,0,1,7,1,54,2,53,0" doraHai="116" doraHaiUra="38" who="2" fromWho="2" sc="220,-20,320,-20,300,90,150,-40" />
</Scene>
<Scene>
<INIT seed="4,0,0,3,4,0" ten="200,300,390,110" oya="0" hai0="57,20,9,123,88,10,118,125,14,17,116,129,120" hai1="4,135,80,79,132,43,25,27,128,58,55,70,133" hai2="94,28,90,53,93,36,52,110,96,113,19,5,31" hai3="51,87,1,114,18,6,11,37,108,68,71,82,65"/><T84/><D125/><U131/><E70/><V38/><F110/><W61/><G108/><T121/><D129/><N who="1" m="49739" /><E43/><V98/><F19/><W107/><G37/><T32/><D32/><U62/><E4/><V26/><F113/><W54/><G114/><T99/><D99/><U33/><E33/><V50/><F5/><W112/><G112/><T64/><D64/><U48/><E48/><V67/><F67/><W73/><G107/><T66/><D66/><U127/><E127/><V22/><F31/><W59/><G73/><AGARI ba="0,0" hai="25,27,55,58,62,73,79,80,132,133,135" m="49739" machi="73" ten="40,2600,0" yaku="20,1,19,1" doraHai="0" who="1" fromWho="3" sc="200,0,300,26,390,0,110,-26" />
</Scene>
<Scene>
<INIT seed="5,0,0,1,2,44" ten="200,326,390,84" oya="1" hai0="123,6,76,9,18,74,21,80,118,14,25,132,117" hai1="85,89,73,54,91,133,22,75,49,50,79,112,42" hai2="124,94,70,29,5,97,108,53,82,7,109,92,4" hai3="111,84,56,116,122,107,114,47,87,46,121,68,65"/><U120/><E120/><V86/><F70/><W34/><G34/><T100/><D123/><U93/><E133/><V105/><F105/><W130/><G107/><T115/><D132/><U52/><E112/><V64/><F64/><W11/><G114/><T12/><D115/><U57/><E42/><V2/><F2/><W125/><G68/><T27/><D100/><U45/><E79/><V58/><F124/><W59/><G125/><T48/><D27/><U41/><E22/><V1/><F1/><W77/><G111/><T106/><D106/><U66/><E66/><V131/><F131/><W30/><G65/><T37/><D37/><U40/><E40/><V32/><F29/><W43/><G43/><T102/><D102/><U13/><E13/><V99/><F32/><W63/><G30/><T135/><D135/><U72/><E41/><V95/><F109/><W35/><G35/><T126/><D126/><U90/><AGARI ba="0,0" hai="45,49,50,52,54,57,72,73,75,85,89,90,91,93" machi="90" ten="40,12000,1" yaku="0,1,52,2,54,1" doraHai="44" who="1" fromWho="1" sc="200,-40,326,120,390,-40,84,-40" />
</Scene>
<Scene>
<INIT seed="5,1,0,3,1,87" ten="160,446,350,44" oya="1" hai0="63,82,33,19,105,98,46,9,48,71,83,73,74" hai1="58,45,90,55,39,104,56,124,61,28,49,84,26" hai2="43,11,79,130,62,96,80,134,24,35,125,8,110" hai3="25,122,77,91,54,86,68,70,116,106,100,135,67"/><U120/><E120/><V101/><F110/><W42/><G122/><T102/><D33/><U97/><E124/><V37/><F125/><W85/><G42/><T94/><D71/><U112/><E112/><V47/><F130/><W76/><G135/><T16/><D63/><U22/><E39/><V3/><F134/><W5/><G116/><T103/><D74/><U10/><E10/><V69/><F35/><W44/><G5/><T2/><D2/><U114/><E114/><V133/><F133/><W108/><G108/><T53/><D73/><U99/><E104/><V41/><F41/><W21/><G106/><T6/><D105/><U34/><E34/><V113/><F24/><W129/><G100/><T32/><D32/><U66/><REACH who="1" step="1"/><E45/><REACH who="1" ten="160,436,350,44" step="2"/><V7/><F8/><W78/><G44/><T65/><D9/><U4/><E4/><V107/><F113/><W27/><G129/><T36/><D36/><U17/><E17/><V92/><F107/><W13/><G21/><T20/><D6/><U127/><E127/><V95/><F11/><W57/><G25/><T15/><D20/><U118/><E118/><V64/><F7/><W75/><G27/><T117/><D117/><U88/><E88/><V89/><F3/><W119/><G91/><T81/><D19/><U115/><E115/><V123/><F123/><W109/><G109/><T1/><D1/><U50/><E50/><V93/><F89/><W31/><G119/><T132/><D16/><U23/><E23/><V40/><F37/><W128/><G128/><T38/><D38/><U126/><E126/><V30/><F47/><RYUUKYOKU ba="1,1" sc="160,-10,436,30,350,-10,44,-10" hai1="22,26,28,49,55,56,58,61,66,84,90,97,99" />
</Scene>
<Scene>
<INIT seed="5,2,1,5,1,91" ten="150,466,340,34" oya="1" hai0="85,47,28,105,75,0,29,9,128,64,39,127,14" hai1="43,62,65,95,122,11,13,42,134,32,48,51,86" hai2="17,124,113,41,46,133,45,77,38,82,108,36,106" hai3="18,115,63,131,110,118,37,130,135,70,5,61,123"/><U97/><E122/><V93/><F106/><W109/><G5/><T55/><D75/><U94/><E32/><V44/><F108/><N who="3" m="41579" /><G37/><T31/><D0/><U3/><E3/><V111/><F111/><W49/><G18/><T60/><D127/><U83/><E134/><V125/><F133/><W53/><G135/><T40/><D128/><N who="3" m="49193" /><G123/><T71/><D105/><U98/><E62/><N who="3" m="23562" /><G115/><T7/><D85/><U132/><E65/><V103/><F113/><W15/><G15/><T107/><D107/><U52/><E132/><V88/><F103/><W69/><G118/><T30/><D30/><U74/><E74/><V116/><F116/><W89/><G89/><T66/><D66/><U104/><E104/><V27/><F17/><W67/><G67/><T84/><D84/><U120/><E120/><V78/><F27/><W100/><G100/><T72/><D72/><U50/><E13/><V6/><F6/><W99/><G99/><N who="1" m="37898" /><E11/><V1/><F1/><W20/><G20/><T24/><D55/><U54/><E42/><V80/><F41/><W112/><G112/><T87/><D87/><U35/><E43/><V2/><F2/><W114/><G114/><T22/><AGARI ba="2,1" hai="7,9,14,22,24,28,29,31,39,40,47,60,64,71" machi="22" ten="20,1500,0" yaku="0,1,7,1" doraHai="91" who="0" fromWho="0" sc="150,31,466,-9,340,-6,34,-6" />
</Scene>
<Scene>
<INIT seed="6,0,0,5,3,67" ten="181,457,334,28" oya="2" hai0="95,129,7,88,44,64,110,106,115,73,121,80,14" hai1="43,90,9,66,4,29,124,69,109,42,131,77,72" hai2="17,48,12,51,85,91,58,107,49,94,34,19,30" hai3="37,123,6,36,87,114,135,55,11,133,84,5,61"/><V99/><F34/><W65/><G123/><T79/><D110/><U78/><E109/><V111/><F111/><W86/><G55/><T25/><D121/><U3/><E131/><V125/><F125/><W113/><G37/><T127/><D106/><U76/><E72/><V128/><F128/><W53/><G53/><T57/><D129/><U59/><E124/><V126/><F126/><W40/><G40/><T116/><D127/><U82/><E29/><V97/><F30/><W1/><G6/><T47/><D115/><N who="3" m="44041" /><G36/><T130/><D116/><U120/><E120/><V18/><F107/><W32/><G32/><T104/><D104/><U24/><E24/><V39/><F39/><W74/><G74/><T35/><D130/><U26/><E26/><V20/><F58/><AGARI ba="0,0" hai="1,5,11,58,61,65,84,86,87,133,135" m="44041" machi="58" ten="30,2000,0" yaku="15,1,11,1" doraHai="67" who="3" fromWho="2" sc="181,0,457,0,334,-20,28,20" />
</Scene>
<Scene>
<INIT seed="7,0,0,1,1,54" ten="181,457,314,48" oya="3" hai0="130,41,35,14,106,18,2,6,86,127,109,95,28" hai1="4,23,101,96,100,97,103,52,0,68,50,111,42" hai2="69,73,114,76,39,78,19,99,13,123,79,25,29" hai3="48,22,10,91,81,92,60,119,12,77,107,43,129"/><W15/><G107/><T38/><D109/><U102/><E111/><V66/><F39/><W65/><G119/><T134/><D106/><U74/><E74/><V83/><F114/><W94/><G129/><T57/><D41/><U80/><E68/><V133/><F133/><W135/><G135/><T33/><D6/><U46/><E80/><V82/><F123/><W64/><G22/><T40/><D2/><U90/><E0/><V62/><F99/><W49/><G91/><T112/><D127/><U89/><E4/><V56/><F69/><W98/><G98/><N who="1" m="37994" /><E23/><V108/><F108/><W30/><G30/><T88/><D14/><N who="3" m="5161" /><G43/><T26/><D26/><U51/><E101/><V121/><F121/><W20/><G20/><T63/><D28/><U75/><E75/><V124/><F124/><W71/><G10/><T104/><D88/><U58/><AGARI ba="0,0" hai="42,46,50,51,52,58,89,90,100,102,103" m="37994" machi="58" ten="30,4000,0" yaku="8,1,52,1,54,1" doraHai="54" who="1" fromWho="1" sc="181,-10,457,40,314,-10,48,-20" owari="171,-23.0,497,60.0,304,10.0,28,-47.0" />
</Scene>
</mjloggm>