<mjloggm ver="2.3"><GO type="169" lobby="0"/><UN n0="%E3%81%AE%E3%81%82%E3%83%9E%E3%82%B9%E3%82%BF%E3%83%BC" n1="%E5%A4%AA%E3%81%8F%E3%81%AA%E3%81%84%E3%81%8A" n2="%E3%82%82%E3%81%98%E3%82%89" n3="%EF%BC%B7%EF%BD%81%EF%BD%8C%EF%BD%8C%EF%BD%99" dan="16,18,16,17" rate="2175.06,2248.78,2097.54,2214.92" sx="M,F,F,M"/><TAIKYOKU oya="0"/>

<Scene>
<INIT seed="0,0,0,4,5,102" ten="250,250,250,250" oya="0" hai0="49,104,66,21,18,51,24,54,11,16,26,77,79" hai1="108,96,5,109,82,53,118,83,90,47,95,97,73" hai2="8,75,125,56,81,38,17,37,133,126,52,57,10" hai3="130,114,2,120,117,44,15,71,69,87,132,124,34"/><T112/><D112/><U70/><E70/><V25/><F75/><W36/><G87/><T84/><D104/><U85/><E5/><V128/><F81/><N who="1" m="30729" /><E47/><V3/><F3/><W74/><G44/><N who="0" m="27943" /><D66/><U55/><E73/><V35/><F133/><W72/><G15/><N who="0" m="7295" /><D84/><U119/><E53/><V1/><F128/><W40/><G40/><T123/><D123/><U106/><E55/><V13/><F56/><W135/><G74/><T111/><D111/><N who="1" m="42571" /><E85/><V65/><F65/><W22/><G22/><N who="0" m="13399" /><D51/><U93/><E106/><V63/><F1/><W80/><G71/><T89/><D89/><AGARI ba="0,0" hai="89,90,93,95,96,97,118,119" m="42571,30729" machi="89" ten="30,3900,0" yaku="14,1,34,2" doraHai="102" who="1" fromWho="0" sc="250,-39,250,39,250,0,250,0" />
</Scene>
<Scene>
<INIT seed="1,0,0,4,0,56" ten="211,289,250,250" oya="1" hai0="66,36,104,7,60,95,90,44,29,17,55,43,41" hai1="5,101,2,70,13,0,35,48,78,15,33,75,92" hai2="25,97,31,10,3,58,79,28,63,49,39,51,23" hai3="1,61,59,108,86,30,26,129,117,37,72,68,6"/><U111/><E70/><V46/><F79/><W130/><G72/><T81/><D104/><U105/><E92/><V112/><F112/><W62/><G37/><T40/><D29/><U12/><E111/><V22/><F39/><W27/><G108/><T93/><D7/><U73/><E48/><V74/><F74/><W64/><G117/><T118/><D118/><U99/><E73/><V128/><F128/><N who="3" m="49259" /><G86/><T116/><D116/><U69/><E69/><V84/><F84/><W83/><G83/><T82/><D36/><U65/><E65/><V114/><F114/><W110/><G110/><T34/><D34/><U115/><E115/><V94/><F3/><W53/><G30/><T133/><D133/><U134/><E134/><V45/><F10/><AGARI ba="0,0" hai="1,6,10,26,27,53,59,61,62,64,68" m="49259" machi="10" ten="30,3900,0" yaku="19,1,52,2" doraHai="56" who="3" fromWho="2" sc="211,0,289,0,250,-39,250,39" />
</Scene>
<Scene>
<INIT seed="2,0,0,4,1,21" ten="211,289,211,289" oya="2" hai0="1,116,63,90,70,84,41,66,80,2,50,97,65" hai1="92,55,47,73,37,115,108,82,130,113,129,17,75" hai2="26,96,94,72,34,132,95,100,87,3,117,23,31" hai3="127,19,0,124,118,24,102,27,93,60,77,122,76"/><V107/><F72/><N who="1" m="27721" /><E17/><V33/><F117/><W4/><G122/><T8/><D116/><U25/><E37/><V46/><F3/><W119/><G19/><T109/><D109/><U134/><E47/><V98/><F132/><W101/><G60/><T57/><D66/><U49/><E49/><V88/><REACH who="2" step="1"/><F46/><REACH who="2" ten="211,289,201,289" step="2"/><W125/><G118/><T53/><D41/><U131/><E134/><V128/><F128/><W61/><G119/><T69/><D69/><U74/><E74/><V11/><F11/><W45/><G45/><T10/><D10/><U83/><E108/><V38/><F38/><W121/><G121/><T22/><D8/><U126/><E130/><V40/><F40/><W56/><G0/><T105/><D2/><U30/><E131/><V79/><F79/><N who="3" m="30283" /><G4/><T106/><D1/><U59/><E129/><V16/><F16/><W20/><G20/><T7/><D7/><U123/><E123/><V43/><F43/><W13/><G13/><T112/><D22/><U54/><E115/><V36/><F36/><W58/><G124/><T71/><D112/><U14/><E113/><V12/><F12/><W103/><G125/><T6/><D6/><U68/><E14/><V78/><F78/><W91/><G127/><T18/><D18/><U110/><E126/><V32/><F32/><W133/><G133/><T64/><D71/><U111/><E68/><V39/><F39/><W114/><G114/><T120/><D120/><U5/><E5/><V86/><F86/><N who="3" m="52471" /><G56/><N who="0" m="36967" /><D97/><U15/><E111/><V52/><F52/><AGARI ba="0,1" hai="24,27,52,58,61,101,102,103" m="52471,30283" machi="52" ten="30,7700,0" yaku="8,1,52,2,54,1" doraHai="21" who="3" fromWho="2" sc="211,0,289,0,201,-77,289,87" />
</Scene>
<Scene>
<INIT seed="3,0,0,4,5,75" ten="211,289,124,376" oya="3" hai0="118,97,50,39,44,102,80,122,28,112,2,35,9" hai1="86,51,77,38,65,92,10,131,133,0,26,78,130" hai2="58,119,99,68,56,110,15,54,34,7,43,79,25" hai3="123,127,82,4,59,120,89,128,8,67,126,94,93"/><W88/><G67/><T22/><D122/><N who="3" m="46633" /><G59/><T108/><D118/><U105/><E105/><V111/><F68/><W16/><G4/><T107/><D108/><U66/><E38/><V32/><F43/><W27/><G27/><T85/><D112/><U6/><E133/><V71/><F71/><W129/><G16/><T1/><D39/><U46/><E26/><V72/><F99/><N who="3" m="57767" /><G82/><T113/><D113/><U49/><E66/><V84/><F119/><W95/><G95/><T18/><D35/><U74/><E65/><V42/><F42/><W36/><G8/><T64/><D64/><U57/><E57/><V12/><F58/><W41/><G41/><T81/><D28/><U104/><E46/><V48/><F7/><W47/><G47/><T116/><D116/><U14/><E92/><V121/><F121/><W73/><G73/><T62/><D62/><U76/><E74/><V13/><F72/><W106/><G106/><T134/><D134/><U114/><E104/><V100/><F25/><W69/><G69/><T17/><D22/><U40/><E114/><V37/><F37/><W60/><G60/><T31/><D31/><U83/><E0/><N who="0" m="105" /><D9/><U70/><E70/><V30/><F30/><W125/><G36/><T5/><D5/><U61/><E61/><V20/><F20/><W21/><G21/><T29/><D29/><U55/><E40/><V87/><F34/><W115/><G115/><T91/><D81/><U63/><E63/><V33/><F33/><W124/><N who="3" m="31744" /><DORA hai="135" /><W90/><G90/><T109/><D91/><N who="1" m="51679" /><E55/><V101/><F32/><W24/><G24/><RYUUKYOKU ba="0,0" sc="211,-15,289,15,124,-15,376,15" hai1="6,10,14,49,51,76,77,78,130,131" hai3="89,94,128,129" />
</Scene>
<Scene>
<INIT seed="3,1,0,4,0,29" ten="196,304,109,391" oya="3" hai0="118,27,93,81,45,97,13,11,44,49,51,68,132" hai1="55,67,65,133,95,117,12,14,84,8,2,4,3" hai2="130,36,89,59,50,105,124,53,39,129,41,77,134" hai3="82,99,37,126,122,62,113,70,48,115,98,6,30"/><W63/><G6/><T19/><D118/><U120/><E120/><V80/><F105/><W22/><G37/><T25/><D132/><U106/><E106/><V66/><F134/><W38/><G38/><T57/><D68/><U100/><E133/><V107/><F107/><W83/><G48/><T52/><D81/><U10/><E117/><V72/><F124/><W61/><G70/><T123/><D123/><U15/><E55/><V85/><F66/><W69/><G69/><T64/><D64/><U94/><E84/><V26/><F26/><W112/><G122/><T58/><D58/><U42/><E14/><V131/><REACH who="2" step="1"/><F41/><REACH who="2" ten="196,304,99,391" step="2"/><W18/><G126/><T0/><D0/><U92/><E42/><V108/><F108/><W116/><G116/><T135/><D135/><U86/><E67/><V20/><F20/><W21/><G21/><T47/><REACH who="0" step="1"/><D51/><REACH who="0" ten="186,304,99,391" step="2"/><U110/><E65/><V102/><F102/><AGARI ba="1,2" hai="11,13,19,25,27,44,45,47,49,52,57,93,97,102" machi="102" ten="40,8000,1" yaku="1,1,2,1,8,1,54,1,53,0" doraHai="29" doraHaiUra="1" who="0" fromWho="2" sc="186,103,304,0,99,-83,391,0" />
</Scene>
<Scene>
<INIT seed="4,0,0,5,3,92" ten="289,304,16,391" oya="0" hai0="85,38,107,133,24,90,109,48,95,50,9,40,29" hai1="128,18,4,51,8,132,64,75,12,61,46,118,55" hai2="105,49,52,112,77,103,26,68,57,1,3,25,72" hai3="83,63,15,35,32,34,96,21,0,37,65,122,134"/><T67/><D133/><U121/><E118/><V120/><F68/><W125/><G37/><T113/><D113/><U73/><E121/><V5/><F120/><W14/><G0/><T62/><D107/><U7/><E132/><V44/><F112/><W22/><G122/><T56/><D109/><U104/><E104/><V81/><F1/><W74/><G134/><T13/><D38/><U66/><E128/><V20/><F3/><W42/><G42/><T110/><D110/><U69/><REACH who="1" step="1"/><E66/><REACH who="1" ten="289,294,16,391" step="2"/><V45/><F5/><AGARI ba="0,1" hai="4,5,7,8,12,18,46,51,55,61,64,69,73,75" machi="5" ten="40,2600,0" yaku="1,1,2,1,53,0" doraHai="92" doraHaiUra="16" who="1" fromWho="2" sc="289,0,294,36,16,-26,391,0" owari="289,-11.0,330,13.0,-10,-51.0,391,49.0" />
</Scene>
</mjloggm>