<mjloggm ver="2.3"><GO type="169" lobby="0"/><UN n0="%E3%83%80%E3%83%B3%E3%83%86" n1="%E6%B1%9A%E5%BF%8D" n2="%E5%A1%A9%E9%85%B8%E3%81%94%E3%81%8F%E3%81%94%E3%81%8F" n3="%E5%A4%AA%E3%81%8F%E3%81%AA%E3%81%84%E3%81%8A" dan="17,16,16,19" rate="2187.62,2096.95,2121.44,2316.52" sx="M,M,M,F"/><TAIKYOKU oya="0"/>

<Scene>
<INIT seed="0,0,0,5,0,75" ten="250,250,250,250" oya="0" hai0="22,26,71,110,134,84,120,32,127,37,91,130,7" hai1="57,25,74,45,42,70,8,107,39,86,21,88,100" hai2="66,98,15,38,58,20,18,83,14,115,19,89,109" hai3="111,44,132,4,23,87,79,72,112,47,81,33,5"/><T68/><D120/><U62/><E70/><V85/><F109/><W10/><G33/><T106/><D32/><U128/><E128/><V2/><F2/><W11/><G112/><T17/><D106/><U118/><E74/><V54/><F38/><W60/><G111/><T103/><D37/><U65/><E118/><V52/><F115/><W73/><G132/><T49/><D103/><U119/><E119/><V24/><F24/><W116/><G116/><T53/><D110/><U101/><E8/><V99/><F66/><W30/><G60/><T77/><D130/><U117/><E107/><V78/><F89/><W29/><G23/><T36/><D36/><U55/><E65/><V43/><F43/><W97/><G87/><T59/><D134/><U131/><E131/><V129/><F129/><W64/><G64/><T3/><D127/><U0/><E0/><V40/><F40/><W104/><G104/><T16/><D17/><U114/><E114/><V48/><F54/><W41/><G41/><T67/><D67/><U105/><E105/><V76/><F76/><W28/><G97/><T69/><D77/><U9/><E9/><AGARI ba="0,0" hai="9,14,15,18,19,20,48,52,58,78,83,85,98,99" machi="9" ten="30,7700,0" yaku="7,1,8,1,52,1,54,1" doraHai="75" who="2" fromWho="1" sc="250,0,250,-77,250,77,250,0" />
</Scene>
<Scene>
<INIT seed="1,0,0,4,2,123" ten="250,173,327,250" oya="1" hai0="86,118,56,42,131,127,44,129,98,112,94,126,36" hai1="70,100,79,4,31,41,74,78,96,115,24,84,21" hai2="128,12,28,88,40,26,125,120,51,73,37,82,108" hai3="60,52,13,72,43,69,87,54,7,133,68,0,71"/><U30/><E74/><V27/><F120/><W66/><G72/><T135/><D118/><U97/><E115/><V102/><F37/><W9/><G133/><T55/><D112/><U15/><E70/><V53/><F40/><W20/><G43/><T132/><D86/><U8/><E41/><V17/><F125/><N who="0" m="47626" /><D98/><U23/><E84/><V59/><F128/><N who="0" m="49226" /><D94/><N who="1" m="58391" /><E97/><V46/><F102/><W11/><G20/><N who="1" m="7754" /><E24/><V64/><F27/><W50/><G87/><T22/><D22/><U5/><E4/><V103/><F103/><W45/><REACH who="3" step="1"/><G54/><REACH who="3" ten="250,173,327,240" step="2"/><T89/><D89/><U83/><E83/><V47/><F88/><W91/><G91/><T105/><D105/><U81/><E81/><V62/><F82/><W39/><G39/><T134/><D56/><U32/><E32/><V109/><F59/><W95/><G95/><T38/><D36/><U16/><E79/><V10/><F73/><W111/><G111/><T93/><D93/><U119/><E78/><V77/><F109/><W75/><G75/><T121/><D55/><U34/><E34/><V116/><F108/><W76/><G76/><T113/><D113/><U92/><E92/><V90/><F77/><W117/><G117/><T48/><D38/><U67/><E119/><V49/><F116/><W114/><G114/><T61/><D121/><U1/><E67/><V2/><F90/><W122/><G122/><T63/><AGARI ba="0,1" hai="42,44,48,61,63,132,134,135" m="49226,47626" machi="63" ten="40,32000,5" yakuman="39" doraHai="123" who="0" fromWho="0" sc="250,330,173,-160,327,-80,240,-80" />
</Scene>
<Scene>
<INIT seed="2,0,0,1,4,94" ten="580,13,247,160" oya="2" hai0="99,110,26,3,37,27,114,49,83,127,24,102,1" hai1="73,74,118,40,90,124,17,131,92,123,45,71,105" hai2="7,50,36,57,95,91,96,44,76,52,133,29,108" hai3="25,68,70,129,115,0,113,63,58,87,54,46,18"/><V9/><F108/><W78/><G0/><T134/><D37/><U61/><E118/><V98/><F133/><W86/><G129/><T120/><D120/><U34/><E105/><V77/><F29/><W60/><G46/><T35/><D114/><N who="3" m="43529" /><G78/><N who="2" m="30313" /><F36/><W21/><G63/><T67/><D35/><U82/><E131/><V84/><F7/><W122/><G122/><T12/><D83/><U62/><E82/><V32/><F32/><W15/><G25/><T2/><D134/><U31/><E124/><V51/><F9/><W4/><G4/><T5/><D67/><U125/><E125/><V23/><F23/><W79/><G79/><T75/><D75/><U65/><E62/><V119/><F119/><W97/><G68/><T14/><D110/><U56/><E71/><V72/><F72/><W22/><G22/><T107/><D127/><U128/><E128/><V47/><F47/><W53/><G70/><T130/><D130/><U33/><E123/><V80/><F80/><W85/><G54/><AGARI ba="0,0" hai="44,50,51,52,54,57,84,91,95,96,98" m="30313" machi="54" ten="30,11600,0" yaku="8,1,52,2,54,1" doraHai="94" who="2" fromWho="3" sc="580,0,13,0,247,116,160,-116" />
</Scene>
<Scene>
<INIT seed="2,1,0,5,3,56" ten="580,13,363,44" oya="2" hai0="91,40,65,33,128,21,132,116,5,122,94,10,44" hai1="18,81,135,42,37,76,126,32,49,25,73,23,2" hai2="104,120,124,59,50,11,60,41,22,67,114,105,17" hai3="75,66,106,38,112,52,119,31,97,54,121,51,8"/><V82/><F114/><W72/><G119/><T130/><D33/><U53/><E135/><V118/><F118/><W4/><G38/><T78/><D122/><U7/><E126/><V100/><F120/><W102/><G121/><T86/><D132/><U47/><E32/><V69/><F124/><W70/><G112/><T1/><D116/><U27/><E2/><V57/><F11/><W85/><G31/><T3/><D21/><U98/><E7/><V58/><F100/><W108/><G108/><T123/><D123/><U19/><E98/><V45/><REACH who="2" step="1"/><F82/><REACH who="2" ten="580,13,353,44" step="2"/><W101/><G102/><T29/><D10/><U62/><E62/><V16/><F16/><W0/><G8/><T113/><D5/><U111/><E111/><V26/><AGARI ba="1,1" hai="17,22,26,41,45,50,57,58,59,60,67,69,104,105" machi="26" ten="30,6000,0" yaku="1,1,0,1,52,1,53,0" doraHai="56" doraHaiUra="115" who="2" fromWho="2" sc="580,-21,13,-21,353,73,44,-21" owari="559,66.0,-8,-51.0,426,23.0,23,-38.0" />
</Scene>
</mjloggm>