<mjloggm ver="2.3"><GO type="169" lobby="0"/><UN n0="%6B%69%79%6F%64%61%69" n1="%62%61%79%65%73" n2="%70%70%67%75%6E" n3="%E5%A4%AA%E3%81%8F%E3%81%AA%E3%81%84%E3%81%8A" dan="17,16,17,18" rate="2180.46,2056.64,2142.73,2293.39" sx="M,M,M,F"/><TAIKYOKU oya="0"/>

<Scene>
<INIT seed="0,0,0,1,0,105" ten="250,250,250,250" oya="0" hai0="70,65,49,78,50,116,127,128,37,107,19,16,58" hai1="93,82,3,129,115,108,28,5,74,95,6,11,102" hai2="10,89,54,92,36,96,0,40,67,8,113,57,103" hai3="117,41,56,101,44,90,121,53,69,75,48,21,98"/><T34/><D107/><U110/><E129/><V43/><F113/><W59/><G117/><T72/><D37/><U71/><E71/><V32/><F32/><W83/><G69/><T39/><D39/><U62/><E115/><V64/><F36/><W18/><G121/><T60/><D34/><U125/><E125/><V84/><F0/><W86/><G75/><T61/><D116/><U52/><E28/><V22/><F40/><W132/><G132/><T79/><D127/><U119/><E6/><V112/><F43/><W45/><G45/><T26/><D128/><U47/><E119/><V91/><F112/><W15/><REACH who="3" step="1"/><G41/><REACH who="3" ten="250,250,250,240" step="2"/><T14/><D72/><U99/><E95/><AGARI ba="0,1" hai="15,18,21,44,48,53,56,59,83,86,90,95,98,101" machi="95" ten="30,7700,0" yaku="1,1,2,1,7,1,8,1,53,0" doraHai="105" doraHaiUra="135" who="3" fromWho="1" sc="250,0,250,-77,250,0,240,87" />
</Scene>
<Scene>
<INIT seed="1,0,0,5,3,29" ten="250,173,250,327" oya="1" hai0="1,91,78,68,132,28,123,84,125,124,90,12,30" hai1="131,65,102,75,120,72,32,7,100,38,48,128,86" hai2="107,93,49,118,27,117,116,83,20,89,10,40,13" hai3="58,127,87,22,95,41,69,60,42,106,130,36,103"/><U11/><E38/><V97/><F107/><W33/><G69/><T6/><D1/><N who="1" m="495" /><E65/><V126/><F126/><W134/><G106/><T55/><D68/><U76/><E120/><V34/><F83/><W80/><G127/><T115/><D123/><U105/><E48/><V9/><F40/><W99/><G130/><N who="1" m="49706" /><E32/><V101/><F49/><W17/><G33/><T85/><D55/><U79/><E105/><V4/><F10/><W23/><G134/><T59/><D132/><U94/><E79/><V112/><F112/><W54/><G36/><T88/><D78/><U46/><E46/><V50/><F50/><W114/><G114/><T66/><D115/><U133/><E133/><V44/><F44/><W74/><G74/><N who="1" m="28202" /><E94/><V43/><F43/><W82/><G82/><AGARI ba="0,0" hai="76,82,86,100,102" m="28202,49706,495" machi="82" ten="30,1500,0" yaku="19,1" doraHai="29" who="1" fromWho="3" sc="250,0,173,15,250,0,327,-15" />
</Scene>
<Scene>
<INIT seed="1,1,0,5,4,83" ten="250,188,250,312" oya="1" hai0="123,39,131,105,125,58,134,16,87,82,10,96,100" hai1="117,76,60,21,65,127,20,70,92,88,44,38,132" hai2="25,29,112,14,71,28,53,34,4,0,5,62,101" hai3="45,106,32,12,133,63,61,3,95,107,109,42,15"/><U102/><E117/><V130/><F101/><W122/><G3/><T24/><D39/><U108/><E127/><V8/><F71/><W111/><G32/><T33/><D125/><U47/><E132/><V86/><F130/><W68/><G122/><T66/><D134/><U94/><E76/><V19/><F112/><W104/><G133/><T118/><D118/><U121/><E121/><V6/><F86/><W36/><G95/><T2/><D2/><U80/><E80/><V72/><F72/><W11/><G15/><T7/><D7/><N who="2" m="2634" /><F53/><W97/><G97/><T91/><D131/><U115/><E115/><V64/><F62/><W73/><G73/><T30/><D123/><U79/><E79/><V23/><F64/><W35/><G35/><T120/><D120/><U1/><E1/><V81/><F81/><W90/><G90/><T22/><D10/><U119/><E119/><V85/><F85/><W74/><G74/><T77/><D77/><U31/><E38/><V56/><F56/><W124/><G124/><T93/><D105/><U26/><E102/><V69/><F69/><W128/><G128/><T103/><D103/><U48/><E94/><V84/><F84/><W114/><G114/><T41/><D41/><U46/><E48/><V37/><F37/><W17/><REACH who="3" step="1"/><G68/><REACH who="3" ten="250,188,250,302" step="2"/><T27/><D100/><U18/><E70/><V67/><F67/><W49/><G49/><T89/><D66/><U126/><E65/><V99/><F99/><W54/><G54/><T75/><D75/><U13/><E126/><V116/><F116/><W59/><G59/><T78/><D58/><RYUUKYOKU ba="1,1" sc="250,10,188,-30,250,10,302,10" hai0="16,22,24,27,30,33,78,82,87,89,91,93,96" hai2="0,6,8,14,19,23,25,28,29,34" hai3="11,12,17,36,42,45,61,63,104,106,107,109,111" />
</Scene>
<Scene>
<INIT seed="2,2,1,4,0,56" ten="260,158,260,312" oya="2" hai0="117,7,87,1,83,80,103,49,27,25,128,71,47" hai1="98,105,40,118,37,8,82,134,54,33,5,29,21" hai2="28,72,108,61,35,31,69,130,84,133,14,19,95" hai3="34,73,20,86,114,53,18,67,38,13,89,124,106"/><V74/><F35/><W0/><G73/><T97/><D71/><U41/><E118/><V78/><F133/><W60/><G0/><T101/><D101/><U79/><E134/><V129/><F108/><W43/><G106/><T99/><D99/><U24/><E37/><V36/><F36/><W42/><G34/><T132/><D117/><U17/><E54/><V50/><F50/><W91/><G124/><T55/><D83/><U62/><E62/><V123/><F123/><W96/><G114/><T121/><D121/><U51/><E51/><V32/><F32/><W66/><G53/><T76/><D128/><N who="2" m="49258" /><F95/><N who="3" m="56447" /><G38/><T45/><D45/><U100/><E82/><N who="2" m="47191" /><F72/><W116/><G116/><T10/><REACH who="0" step="1"/><D132/><REACH who="0" ten="250,158,260,312" step="2"/><U107/><E107/><AGARI ba="2,2" hai="1,7,10,25,27,47,49,55,76,80,87,97,103,107" machi="107" ten="30,3900,0" yaku="1,1,2,1,7,1,53,0" doraHai="56" doraHaiUra="63" who="0" fromWho="1" sc="250,65,158,-45,260,0,312,0" />
</Scene>
<Scene>
<INIT seed="3,0,0,0,4,59" ten="315,113,260,312" oya="3" hai0="130,133,99,37,12,42,103,96,109,106,85,68,36" hai1="87,58,43,94,122,10,116,107,89,79,74,50,114" hai2="31,134,112,16,124,20,127,52,33,81,48,110,128" hai3="86,84,51,35,30,60,98,45,56,126,95,29,125"/><W115/><G115/><T49/><D68/><U120/><E114/><V73/><F112/><W24/><G29/><T27/><D109/><U113/><E113/><V41/><F41/><W1/><G1/><T17/><D130/><U67/><E116/><V46/><F31/><W66/><G126/><N who="2" m="48169" /><F33/><W93/><G125/><T117/><D27/><U135/><E135/><V100/><F134/><W39/><G39/><T57/><D117/><U111/><E111/><V4/><F110/><W34/><G34/><T129/><D129/><U47/><E107/><V15/><F128/><W105/><G105/><T69/><D69/><U40/><E40/><V63/><F100/><W5/><G5/><T121/><D121/><U61/><REACH who="1" step="1"/><E10/><REACH who="1" ten="315,103,260,312" step="2"/><V7/><F73/><W72/><G72/><T92/><D42/><U104/><E104/><V77/><F77/><W80/><G80/><AGARI ba="0,1" hai="43,47,50,58,61,67,74,79,80,87,89,94,120,122" machi="80" ten="40,5200,0" yaku="1,1,52,1,53,1" doraHai="59" doraHaiUra="76" who="1" fromWho="3" sc="315,0,103,62,260,0,312,-52" />
</Scene>
<Scene>
<INIT seed="4,0,0,4,4,70" ten="315,165,260,260" oya="0" hai0="15,101,66,123,88,97,33,129,119,124,9,60,108" hai1="91,77,41,84,105,3,74,49,71,90,82,47,53" hai2="56,85,86,134,61,22,87,42,67,113,75,31,96" hai3="21,18,58,81,54,27,83,37,89,127,111,79,103"/><T64/><D33/><U125/><E125/><V36/><F75/><W80/><G111/><T99/><D119/><U63/><E3/><V55/><F113/><W114/><G114/><T5/><D124/><U25/><E105/><V100/><F134/><W20/><G127/><T52/><D123/><U116/><E116/><V19/><F55/><W106/><G106/><T24/><D129/><U104/><E104/><V0/><F0/><W6/><G103/><T122/><D122/><U57/><E74/><V68/><F68/><W98/><G6/><T135/><D135/><U118/><E118/><V132/><F132/><W13/><G37/><T34/><D108/><U107/><E107/><V92/><F19/><W93/><G79/><T109/><D34/><U121/><E121/><V2/><F2/><W17/><REACH who="3" step="1"/><G81/><REACH who="3" ten="315,165,260,250" step="2"/><T69/><D101/><U51/><E71/><V130/><F130/><W76/><G76/><T35/><D69/><U48/><REACH who="1" step="1"/><E25/><REACH who="1" ten="315,155,260,250" step="2"/><V29/><F29/><W133/><G133/><T12/><D24/><U32/><E32/><V112/><F31/><W43/><G43/><T115/><D35/><U1/><E1/><V16/><F42/><W59/><G59/><T26/><D26/><U65/><E65/><V7/><F67/><W72/><G72/><T10/><D109/><U128/><E128/><V45/><F56/><W46/><G46/><T120/><D120/><U126/><E126/><V131/><F45/><W95/><G95/><N who="0" m="56551" /><D115/><U39/><AGARI ba="0,2" hai="39,41,47,48,49,51,53,57,63,77,82,84,90,91" machi="39" ten="30,4000,0" yaku="1,1,0,1,52,1,53,0" doraHai="70" doraHaiUra="94" who="1" fromWho="1" sc="315,-20,155,60,260,-10,250,-10" />
</Scene>
<Scene>
<INIT seed="5,0,0,5,0,14" ten="295,215,250,240" oya="1" hai0="48,127,26,100,81,33,19,21,46,112,50,30,1" hai1="39,56,59,45,80,51,13,54,27,107,66,44,88" hai2="120,95,58,125,89,90,72,134,131,82,71,17,20" hai3="122,113,0,73,83,55,91,115,128,102,68,10,110"/><U84/><E107/><V121/><F71/><W87/><G110/><T9/><D112/><N who="3" m="43081" /><G122/><T6/><D127/><U18/><E27/><V53/><F125/><W63/><G128/><T12/><D100/><U35/><E35/><V75/><F131/><W7/><G102/><T24/><D46/><U117/><E117/><V86/><F134/><W37/><G37/><T32/><D81/><U105/><E105/><V15/><F72/><W106/><G106/><T99/><D99/><U61/><REACH who="1" step="1"/><E39/><REACH who="1" ten="295,205,250,240" step="2"/><V2/><F120/><W132/><G132/><T69/><D69/><U96/><E96/><V108/><F121/><W135/><G135/><T101/><D101/><U62/><E62/><V94/><F108/><W3/><G68/><T70/><D70/><U123/><E123/><V85/><F2/><W40/><G0/><T28/><AGARI ba="0,1" hai="1,6,9,12,19,21,24,26,28,30,32,33,48,50" machi="28" ten="30,8000,1" yaku="0,1,9,1,24,2,52,1" doraHai="14" who="0" fromWho="0" sc="295,90,205,-40,250,-20,240,-20" />
</Scene>
<Scene>
<INIT seed="6,0,0,4,1,114" ten="385,165,230,220" oya="2" hai0="3,18,49,133,98,86,30,108,9,29,41,33,44" hai1="50,19,20,74,5,43,59,83,112,7,17,28,39" hai2="111,64,127,35,10,116,99,47,1,106,103,57,104" hai3="110,21,0,60,126,102,132,91,123,68,77,71,134"/><V51/><F35/><W80/><G110/><T87/><D108/><U56/><E112/><V84/><F111/><W78/><G123/><T109/><D133/><N who="3" m="51305" /><G0/><T79/><D3/><U38/><E74/><V34/><F34/><W85/><G126/><T15/><D109/><U8/><E83/><V11/><F127/><W52/><G102/><T69/><D69/><N who="3" m="26697" /><G21/><T46/><D33/><U66/><E66/><V2/><F116/><W27/><G27/><T58/><D58/><AGARI ba="0,0" hai="52,58,60,77,78,80,85,91" m="26697,51305" machi="58" ten="30,2000,0" yaku="20,1,54,1" doraHai="114" who="3" fromWho="0" sc="385,-20,165,0,230,0,220,20" />
</Scene>
<Scene>
<INIT seed="7,0,0,4,3,0" ten="365,165,230,240" oya="3" hai0="71,98,59,122,53,118,46,45,128,129,62,58,13" hai1="131,106,85,55,15,126,72,132,3,84,51,16,60" hai2="67,43,24,117,102,5,86,11,61,113,28,111,42" hai3="127,6,78,37,68,49,94,64,20,82,19,35,48"/><W25/><G37/><T75/><D75/><U104/><E3/><V26/><F111/><W36/><G36/><T93/><D71/><U77/><E126/><V2/><F117/><W101/><G127/><T115/><D115/><U30/><E132/><V50/><F113/><W119/><G119/><T133/><D122/><U10/><E131/><N who="0" m="50249" /><D133/><U79/><E30/><V124/><F124/><W123/><G123/><T1/><D1/><U65/><E106/><V17/><F17/><W81/><G35/><T107/><D107/><U100/><E104/><V130/><F130/><W4/><G64/><N who="0" m="38999" /><D13/><U80/><E100/><V87/><F26/><W92/><G68/><T70/><D70/><U40/><E40/><V97/><F43/><W109/><G109/><T76/><D76/><U12/><E12/><V38/><F38/><W108/><G108/><T114/><D114/><U105/><E105/><N who="2" m="63695" /><F50/><N who="3" m="19563" /><G101/><N who="0" m="60623" /><D118/><U22/><E79/><V110/><F42/><W31/><G78/><T29/><D29/><U63/><E22/><V34/><F110/><W27/><G31/><T14/><D14/><U112/><E112/><V116/><F116/><W96/><G27/><T32/><D32/><U103/><E103/><V56/><F56/><W95/><G96/><T47/><D59/><U54/><E54/><AGARI ba="0,0" hai="45,46,47,53,54" m="60623,38999,50249" machi="54" ten="30,1000,0" yaku="19,1" doraHai="0" who="0" fromWho="1" sc="365,10,165,-10,230,0,240,0" owari="375,47.0,155,-34.0,230,-17.0,240,4.0" />
</Scene>
</mjloggm>