<mjloggm ver="2.3"><GO type="169" lobby="0"/><UN n0="%E3%81%8A%E3%81%98%E3%81%95%E3%82%93" n1="%E5%A4%AA%E3%81%8F%E3%81%AA%E3%81%84%E3%81%8A" n2="%E3%83%88%E3%83%BC%E3%83%9E%E3%82%B5" n3="%6A%75%6E%6F%6E" dan="17,19,16,17" rate="2152.81,2317.88,2113.90,2152.65" sx="M,F,M,M"/><TAIKYOKU oya="0"/>

<Scene>
<INIT seed="0,0,0,0,2,58" ten="250,250,250,250" oya="0" hai0="121,131,35,39,132,50,75,63,7,81,68,97,86" hai1="11,62,111,109,79,100,8,84,46,78,114,45,107" hai2="20,120,117,124,4,70,1,42,31,41,22,49,110" hai3="3,69,106,23,53,13,54,119,126,44,89,74,87"/><T122/><D35/><U93/><E107/><V34/><F120/><W85/><G119/><T102/><D39/><U51/><E114/><V2/><F117/><W82/><G3/><T83/><D131/><U19/><E100/><V108/><F70/><W99/><G74/><T133/><D7/><U80/><E93/><V52/><F34/><W30/><G69/><T127/><D50/><U40/><E79/><V123/><F123/><W96/><G126/><T43/><D43/><N who="1" m="25023" /><E19/><V88/><F124/><W15/><G106/><N who="0" m="63823" /><D127/><U76/><E76/><V104/><F104/><W113/><G113/><T27/><D27/><U129/><E129/><V48/><F4/><W28/><G28/><T73/><D83/><U26/><E26/><V21/><F21/><W134/><G30/><T118/><D118/><U25/><E25/><V61/><F31/><W10/><G23/><T71/><D71/><U37/><E11/><V29/><F29/><W0/><G10/><T116/><D116/><U24/><E8/><V91/><F52/><W66/><G53/><T135/><D121/><U95/><E95/><V56/><F56/><W5/><G54/><T55/><D122/><U72/><E24/><V59/><F59/><W36/><G5/><T60/><D55/><U101/><E101/><V98/><F98/><W105/><G82/><T65/><D63/><AGARI ba="0,0" hai="1,2,20,22,41,42,48,49,61,63,88,91,108,110" machi="63" ten="25,8000,1" yaku="22,2,52,2,54,1" doraHai="58" who="2" fromWho="0" sc="250,-80,250,0,250,80,250,0" />
</Scene>
<Scene>
<INIT seed="1,0,0,5,1,9" ten="170,250,330,250" oya="1" hai0="0,116,105,39,118,86,80,106,52,78,119,26,46" hai1="55,98,6,7,130,63,32,8,110,45,84,30,67" hai2="62,95,135,72,15,43,37,120,99,64,18,94,12" hai3="77,57,33,90,36,10,92,132,20,93,71,117,83"/><U65/><E130/><V14/><F120/><W11/><G71/><T76/><D0/><U51/><E110/><V69/><F72/><W22/><G33/><T60/><D39/><U89/><E98/><V82/><F82/><W24/><G36/><T88/><D78/><U44/><E44/><V35/><F35/><W41/><G132/><T123/><D123/><U53/><E32/><V5/><F5/><W75/><G41/><T104/><D26/><U2/><E30/><V68/><F68/><W4/><G20/><T133/><D133/><U74/><E74/><V19/><F135/><W85/><G117/><T3/><D3/><U127/><E7/><V114/><F114/><W91/><G57/><T56/><D46/><U23/><E23/><V31/><F31/><W79/><G79/><T97/><REACH who="0" step="1"/><D76/><REACH who="0" ten="160,250,330,250" step="2"/><U112/><E112/><V40/><F37/><W54/><G77/><T59/><D59/><U121/><E121/><V58/><F69/><W115/><G115/><T96/><AGARI ba="0,1" hai="52,56,60,80,86,88,96,97,104,105,106,116,118,119" machi="96" ten="40,8000,1" yaku="1,1,0,1,54,2,53,0" doraHai="9" doraHaiUra="109" who="0" fromWho="0" sc="160,90,250,-40,330,-20,250,-20" />
</Scene>
<Scene>
<INIT seed="2,0,0,1,4,22" ten="250,210,310,230" oya="2" hai0="45,134,18,4,131,39,10,78,42,107,86,35,46" hai1="33,55,29,24,28,38,106,54,82,90,60,115,52" hai2="121,127,71,51,87,67,120,70,26,100,112,57,83" hai3="118,14,133,85,93,21,69,88,124,30,6,65,62"/><V1/><F1/><W101/><G133/><T19/><D35/><U59/><E115/><V89/><F112/><W50/><G124/><T8/><D107/><U119/><E119/><V11/><F127/><W103/><G118/><T32/><D32/><U25/><E38/><V110/><F11/><W114/><G114/><T125/><D125/><U130/><E106/><V97/><F110/><W95/><G6/><T128/><D134/><U48/><E130/><N who="0" m="49705" /><D46/><U102/><E102/><V96/><F96/><W37/><G37/><T108/><D108/><U129/><E129/><V49/><F49/><W109/><G109/><T41/><D41/><U61/><E61/><V126/><F126/><W20/><G95/><T44/><D44/><U76/><E90/><V3/><F3/><W135/><G135/><T104/><D104/><U79/><E48/><V12/><F120/><W34/><G34/><T63/><D63/><U72/><E76/><V132/><F132/><W84/><G84/><T117/><D117/><U36/><E36/><V53/><F121/><W2/><G2/><N who="0" m="23" /><D10/><U13/><E13/><V73/><F12/><W111/><G111/><T98/><D98/><U66/><REACH who="1" step="1"/><E33/><REACH who="1" ten="250,200,310,230" step="2"/><V105/><F105/><W9/><G50/><T74/><D74/><U113/><E113/><V58/><F73/><W92/><G62/><T91/><D78/><U17/><E17/><V81/><F100/><W7/><G103/><T15/><D15/><U43/><E43/><V80/><F51/><W99/><G101/><T56/><D56/><U75/><E75/><V31/><F58/><W123/><G123/><RYUUKYOKU ba="0,1" sc="250,15,200,15,310,-15,230,-15" hai0="18,19,39,42,45,86,91" hai1="24,25,28,29,52,54,55,59,60,66,72,79,82" />
</Scene>
<Scene>
<INIT seed="3,1,1,5,2,86" ten="265,215,295,215" oya="3" hai0="45,91,121,71,15,102,107,78,29,64,60,24,1" hai1="89,99,40,46,85,94,10,38,109,110,95,72,125" hai2="106,48,19,36,50,75,90,42,93,57,104,105,51" hai3="111,129,4,131,12,34,76,56,26,37,59,69,3"/><W20/><G69/><T23/><D121/><U47/><E72/><V96/><F75/><W108/><G37/><T22/><D1/><U132/><E132/><V74/><F74/><W28/><G76/><T88/><D78/><U100/><E125/><V53/><F36/><W11/><G59/><T33/><D45/><U119/><E119/><V128/><F42/><W83/><G83/><T27/><D15/><U44/><REACH who="1" step="1"/><E10/><REACH who="1" ten="265,205,295,215" step="2"/><V117/><F117/><W97/><G131/><T113/><D113/><U30/><E30/><V134/><F128/><W49/><G129/><T77/><D77/><U84/><E84/><V92/><F134/><W21/><G97/><N who="0" m="61903" /><D22/><U58/><E58/><V62/><F19/><AGARI ba="1,2" hai="19,23,24,27,29,33,60,64,71,88,91" m="61903" machi="19" ten="30,7700,0" yaku="25,1,52,2,54,1" doraHai="86" who="0" fromWho="2" sc="265,100,205,0,295,-80,215,0" />
</Scene>
<Scene>
<INIT seed="4,0,0,0,0,9" ten="365,205,215,215" oya="0" hai0="22,36,100,65,83,74,0,71,10,29,122,20,59" hai1="111,78,112,35,45,33,6,92,42,8,121,104,44" hai2="72,102,58,99,41,17,76,120,96,94,132,38,4" hai3="60,55,13,106,24,30,88,103,53,69,27,98,21"/><T16/><D122/><U119/><E104/><V128/><F120/><W40/><G40/><T117/><D117/><U115/><E111/><V116/><F116/><W133/><G133/><T49/><D36/><U80/><E92/><V70/><F132/><W101/><G101/><T135/><D135/><U28/><E121/><V3/><F70/><W56/><G69/><T82/><D71/><U39/><E44/><N who="2" m="23607" /><F17/><W61/><G27/><N who="0" m="16631" /><D74/><N who="1" m="43095" /><E119/><V75/><F75/><W50/><G55/><N who="0" m="32239" /><D0/><N who="1" m="71" /><E28/><V32/><F32/><AGARI ba="0,0" hai="32,33,35,39,42,45,112,115" m="71,43095" machi="32" ten="30,2000,0" yaku="25,1,23,1" doraHai="9" who="1" fromWho="2" sc="365,0,205,20,215,-20,215,0" />
</Scene>
<Scene>
<INIT seed="5,0,0,2,4,42" ten="365,225,195,215" oya="1" hai0="108,98,18,34,87,93,26,114,14,54,63,41,78" hai1="22,59,40,32,97,104,16,84,33,90,68,28,43" hai2="35,111,109,8,86,44,5,57,45,50,46,12,20" hai3="74,77,19,128,105,82,92,113,24,110,67,10,49"/><U17/><E68/><V56/><F35/><W52/><G105/><T135/><D108/><U53/><E28/><V89/><F109/><W124/><G110/><T37/><D114/><U55/><E104/><V73/><F73/><W11/><G113/><T127/><D127/><U29/><E97/><V120/><F120/><W70/><G124/><T48/><D135/><U69/><E69/><V122/><F122/><W66/><G128/><T51/><D37/><U125/><E125/><V116/><F116/><W47/><G92/><T133/><D34/><U9/><E29/><V80/><F111/><W61/><REACH who="3" step="1"/><G67/><REACH who="3" ten="365,225,195,205" step="2"/><T81/><D133/><U65/><E65/><V23/><F50/><W27/><G27/><T79/><D26/><N who="1" m="14663" /><E32/><V96/><F96/><W75/><G75/><T95/><D98/><U94/><E33/><V88/><F89/><W134/><G134/><T58/><D95/><U21/><E90/><V4/><F4/><W64/><G64/><T3/><D93/><U126/><E94/><V118/><F118/><W31/><G31/><T15/><D51/><U121/><E126/><V130/><F130/><W72/><G72/><T119/><D48/><U129/><E129/><V39/><F39/><W71/><G71/><T117/><D119/><U112/><E112/><V7/><F7/><W85/><G85/><T106/><D117/><U0/><E121/><V1/><F1/><W30/><G30/><T6/><D106/><U101/><E84/><V107/><F107/><W38/><G38/><T76/><D87/><U103/><E0/><V60/><F60/><W102/><G102/><RYUUKYOKU ba="0,1" sc="365,-15,225,-15,195,15,205,15" hai2="5,8,12,20,23,44,45,46,56,57,80,86,88" hai3="10,11,19,24,47,49,52,61,66,70,74,77,82" />
</Scene>
<Scene>
<INIT seed="6,1,1,0,5,37" ten="350,210,210,220" oya="2" hai0="132,56,130,100,72,30,93,44,9,80,35,85,79" hai1="116,60,4,23,102,22,8,127,71,121,18,88,98" hai2="110,126,45,25,3,133,66,109,131,129,19,28,39" hai3="108,87,81,59,83,112,82,104,86,95,17,75,68"/><V97/><F3/><W11/><G68/><T69/><D69/><U33/><E33/><V48/><F39/><W50/><G108/><N who="2" m="41577" /><F126/><W90/><G104/><T32/><D130/><N who="2" m="49674" /><F66/><W115/><G75/><T16/><D132/><U13/><E116/><V57/><F57/><W119/><G119/><T107/><D30/><U20/><E127/><V10/><F97/><N who="3" m="57591" /><G17/><T113/><D56/><U92/><E121/><V61/><F61/><W27/><G27/><T40/><D16/><U1/><REACH who="1" step="1"/><E102/><REACH who="1" ten="350,200,210,220" step="2"/><V74/><F133/><W36/><G115/><T51/><D100/><U64/><AGARI ba="1,2" hai="1,4,8,13,18,20,22,23,60,64,71,88,92,98" machi="64" ten="30,7900,0" yaku="1,1,2,1,0,1,54,1,53,0" doraHai="37" doraHaiUra="76" who="1" fromWho="1" sc="350,-21,200,102,210,-40,220,-21" />
</Scene>
<Scene>
<INIT seed="7,0,0,0,1,37" ten="329,302,170,199" oya="3" hai0="59,12,86,19,79,110,127,5,76,45,98,29,108" hai1="113,35,50,42,3,56,84,41,33,46,122,109,97" hai2="102,133,135,16,20,107,57,31,30,64,38,36,61" hai3="74,40,23,125,1,53,77,87,62,32,134,7,111"/><W55/><G32/><T34/><D127/><U128/><E109/><V48/><F102/><W17/><G125/><T73/><D73/><U2/><E122/><V124/><F107/><W90/><G40/><T10/><D45/><U28/><E113/><V82/><F82/><W14/><G111/><T43/><D43/><U99/><E128/><V71/><F124/><W104/><G104/><T65/><D76/><U67/><E84/><V83/><F83/><W112/><G112/><T78/><D78/><U63/><E42/><V8/><F8/><W95/><G134/><N who="2" m="51209" /><F48/><W96/><G74/><T103/><D34/><U69/><E35/><V47/><F71/><W52/><G1/><T89/><D79/><U80/><E80/><V24/><F47/><W68/><G77/><T25/><D110/><U85/><E85/><V118/><F118/><W106/><G7/><T60/><D108/><U115/><E115/><V13/><F31/><W92/><G106/><T93/><D29/><U0/><REACH who="1" step="1"/><E69/><REACH who="1" ten="329,292,170,199" step="2"/><V100/><F100/><N who="3" m="60423" /><G68/><T21/><D86/><U49/><E49/><V91/><F91/><AGARI ba="0,1" hai="5,10,12,19,21,25,59,60,65,89,91,93,98,103" machi="91" ten="40,1300,0" yaku="8,1" doraHai="37" who="0" fromWho="2" sc="329,23,292,0,170,-13,199,0" owari="352,45.0,292,9.0,157,-34.0,199,-20.0" />
</Scene>
</mjloggm>