<mjloggm ver="2.3"><GO type="161" lobby="0"/><UN n0="%E3%81%BD%E3%83%BC%E3%82%93%64%65%E3%83%AA%E3%83%B3%E3%82%B0" n1="%E3%82%A8%E3%83%AB%E3%82%AD%E3%83%81" n2="%E5%A4%AA%E3%81%8F%E3%81%AA%E3%81%84%E3%81%8A" n3="%E3%83%A9%E3%82%B0%E3%83%A9%E3%83%BC%E3%82%B8" dan="16,17,18,16" rate="2110.48,2243.64,2203.21,2045.87" sx="M,M,F,M"/><TAIKYOKU oya="0"/>

<Scene>
<INIT seed="0,0,0,3,0,65" ten="250,250,250,250" oya="0" hai0="135,103,9,116,22,93,5,66,13,81,75,88,123" hai1="27,117,122,72,36,104,39,76,19,113,50,115,99" hai2="107,126,111,3,130,100,127,53,124,86,11,106,14" hai3="46,25,1,45,84,92,133,44,31,62,28,121,20"/><T128/><D123/><U8/><E117/><V80/><F3/><W89/><G1/><T10/><D116/><U59/><E122/><V4/><F111/><W132/><G121/><T43/><D135/><N who="3" m="51785" /><G62/><T16/><D128/><U68/><E68/><V48/><F100/><W24/><G45/><T131/><D131/><U102/><E76/><N who="2" m="46343" /><F130/><W73/><G73/><T52/><D43/><U7/><E72/><V6/><F6/><W23/><AGARI ba="0,0" hai="20,23,24,25,28,31,44,46,84,89,92" m="51785" machi="23" ten="30,1100,0" yaku="20,1" doraHai="65" who="3" fromWho="3" sc="250,-5,250,-3,250,-3,250,11" />
</Scene>
<Scene>
<INIT seed="1,0,0,2,2,127" ten="245,247,247,261" oya="1" hai0="60,82,133,95,67,114,117,34,73,70,15,58,7" hai1="27,72,44,96,52,108,38,49,109,94,78,40,63" hai2="9,21,68,71,65,31,33,77,105,104,35,80,45" hai3="134,90,37,14,119,54,26,135,5,53,48,123,0"/><U124/><E124/><V76/><F9/><W50/><G123/><T16/><D117/><U115/><E115/><V55/><F21/><W47/><G119/><T88/><D114/><U100/><E63/><V125/><F125/><W19/><G0/><T22/><D34/><N who="2" m="12810" /><F31/><W120/><G120/><T85/><D133/><N who="3" m="50697" /><G5/><T20/><D7/><U84/><E72/><V28/><F28/><W36/><G90/><T106/><D106/><N who="2" m="41066" /><F65/><W87/><G87/><T83/><D73/><U91/><E78/><N who="2" m="30315" /><F45/><N who="3" m="27855" /><G26/><T59/><REACH who="0" step="1"/><D22/><AGARI ba="0,0" hai="14,19,22,36,37,47,48,54" m="27855,50697" machi="22" ten="30,1000,0" yaku="20,1" doraHai="127" who="3" fromWho="0" sc="245,-10,247,0,247,0,261,10" />
</Scene>
<Scene>
<INIT seed="2,0,0,5,3,77" ten="235,247,247,271" oya="2" hai0="4,65,63,11,106,133,102,88,40,47,84,110,83" hai1="22,103,32,44,128,97,73,96,94,89,70,86,134" hai2="37,34,108,71,42,24,127,2,57,107,50,78,60" hai3="111,55,66,69,10,75,82,27,53,125,67,118,131"/><V113/><F113/><W52/><G118/><T6/><D110/><U85/><E32/><V49/><F2/><W1/><G111/><T100/><D133/><U126/><E70/><V48/><F108/><W74/><G131/><T20/><D20/><U105/><E44/><N who="2" m="23631" /><F107/><W135/><G135/><T25/><D25/><U80/><E134/><V8/><F8/><W7/><G125/><T123/><D123/><U59/><E59/><V18/><F78/><W101/><G101/><T62/><D62/><U79/><E126/><V56/><F18/><W51/><G51/><N who="2" m="19529" /><F24/><W95/><G69/><T35/><D35/><U46/><E46/><V129/><F34/><W93/><G27/><T61/><D61/><U121/><E22/><V122/><F127/><W90/><G95/><T130/><D130/><U19/><E19/><V21/><F21/><W16/><G16/><T119/><D119/><U87/><E128/><V98/><F98/><W29/><G29/><T3/><D6/><U12/><E12/><V38/><F129/><W112/><G112/><T54/><D106/><U109/><E109/><V23/><F23/><W45/><G45/><T81/><D81/><N who="1" m="45295" /><E121/><V117/><F117/><W28/><G28/><T14/><D3/><U120/><E120/><V114/><F122/><W33/><G33/><T0/><D0/><U9/><E9/><V91/><F114/><W5/><G5/><T115/><D115/><U36/><E36/><V92/><F38/><W15/><G1/><T64/><D4/><U26/><E26/><V31/><N who="2" m="19537" /><V30/><DORA hai="17" /><F71/><W124/><G124/><RYUUKYOKU ba="0,0" sc="235,-10,247,30,247,-10,271,-10" hai1="80,85,86,87,89,94,96,97,103,105" />
</Scene>
<Scene>
<INIT seed="3,1,0,5,4,82" ten="225,277,237,261" oya="3" hai0="34,37,78,107,0,119,129,81,47,25,97,114,67" hai1="49,22,69,11,106,43,96,77,45,17,20,15,95" hai2="6,102,124,133,21,99,101,61,36,41,48,53,105" hai3="135,10,9,33,108,8,127,13,30,35,83,42,7"/><W64/><G64/><T54/><D0/><U121/><E106/><V63/><F102/><W91/><G42/><T90/><D119/><U23/><E69/><V93/><F105/><W113/><G91/><T80/><D129/><U85/><E121/><V126/><F133/><W70/><G83/><T117/><D117/><U5/><E77/><V51/><F6/><W104/><G70/><T76/><D114/><U110/><E110/><V40/><F36/><W52/><G104/><T94/><D67/><U12/><E85/><V125/><F21/><W84/><G84/><T38/><D38/><U55/><E43/><N who="2" m="16459" /><F48/><W3/><G113/><T50/><D37/><U87/><E87/><V29/><F29/><W123/><G123/><T57/><D107/><U56/><E45/><AGARI ba="1,0" hai="45,51,53,61,63,93,99,101,124,125,126" m="16459" machi="45" ten="30,1000,0" yaku="18,1" doraHai="82" who="2" fromWho="1" sc="225,0,277,-13,237,13,261,0" />
</Scene>
<Scene>
<INIT seed="4,0,0,3,0,25" ten="225,264,250,261" oya="0" hai0="20,88,97,48,32,50,6,124,58,99,45,103,38" hai1="131,72,30,81,17,18,70,133,47,104,22,12,73" hai2="78,29,54,57,96,13,85,107,31,36,23,93,21" hai3="51,26,28,33,49,121,40,120,10,76,112,82,16"/><T86/><D32/><U105/><E70/><V128/><F36/><W44/><G112/><T101/><D124/><U106/><E131/><V5/><F107/><W109/><G109/><T0/><D38/><U15/><E133/><V60/><F128/><W24/><G49/><N who="0" m="19051" /><D0/><U108/><E108/><V98/><F5/><W9/><G24/><T79/><D6/><U77/><E47/><V14/><F78/><W125/><G125/><T56/><D45/><U19/><E73/><V11/><F85/><W3/><G3/><T55/><D79/><U102/><E102/><N who="0" m="38921" /><D20/><N who="2" m="7754" /><F98/><N who="0" m="37386" /><D55/><U71/><E71/><V27/><F27/><W75/><REACH who="3" step="1"/><G16/><REACH who="3" ten="225,264,250,251" step="2"/><T42/><D42/><U129/><E129/><V113/><F113/><W37/><G37/><T67/><D67/><U123/><E18/><N who="2" m="8511" /><F14/><W111/><G111/><T59/><D59/><U4/><E15/><V39/><F39/><W1/><G1/><T130/><D130/><U110/><E17/><V84/><F57/><W35/><G35/><T83/><AGARI ba="0,1" hai="56,58,83,86,88" m="37386,38921,19051" machi="83" ten="30,3000,0" yaku="8,1,54,1" doraHai="25" who="0" fromWho="0" sc="225,40,264,-10,250,-10,251,-10" />
</Scene>
<Scene>
<INIT seed="4,1,0,3,2,132" ten="265,254,240,241" oya="0" hai0="95,65,40,78,25,20,66,70,92,69,8,96,31" hai1="102,74,94,45,93,91,48,124,19,86,7,71,68" hai2="51,118,63,111,112,77,115,5,9,6,119,116,0" hai3="14,36,11,125,61,72,41,84,13,58,76,131,39"/><T75/><D40/><U22/><E74/><V16/><F77/><W123/><G72/><T57/><D78/><U12/><E124/><V42/><F111/><W100/><G131/><T99/><D75/><U32/><E32/><V83/><F83/><W47/><G123/><T38/><D38/><U80/><E7/><N who="2" m="1255" /><F63/><W120/><G120/><T59/><D8/><U126/><E126/><V67/><F67/><W121/><G121/><T134/><D20/><U24/><E94/><V130/><F130/><W44/><G125/><T46/><D46/><U50/><E50/><V135/><F135/><W128/><G128/><T73/><D25/><U4/><E4/><N who="2" m="1643" /><F51/><W37/><G100/><T62/><D73/><U105/><E102/><V30/><F42/><W106/><G106/><T90/><D134/><U21/><E80/><V27/><F16/><W88/><G76/><T53/><D53/><U109/><E109/><V117/><N who="2" m="29696" /><DORA hai="18" /><V85/><F85/><W26/><G44/><T87/><D87/><U108/><E108/><V113/><F113/><W43/><G47/><T52/><D52/><U1/><E48/><V23/><AGARI ba="1,0" hai="23,27,30,112,115" m="29696,1643,1255" machi="23" ten="60,8000,1" yaku="12,1,34,2,52,1" doraHai="132,18" who="2" fromWho="2" sc="265,-41,254,-21,240,83,241,-21" owari="224,-18.0,233,3.0,323,43.0,220,-28.0" />
</Scene>
</mjloggm>