<mjloggm ver="2.3"><GO type="169" lobby="0"/><UN n0="%E6%9A%97%E3%81%84%E7%AC%A6" n1="%E5%A4%AA%E3%81%8F%E3%81%AA%E3%81%84%E3%81%8A" n2="%E3%81%8B%E3%81%8D" n3="%E3%83%94%E3%82%AB%E5%90%BE%E9%83%8E" dan="17,18,16,17" rate="2165.76,2322.33,2141.22,2189.06" sx="M,M,M,M"/><TAIKYOKU oya="0"/>

<Scene>
<INIT seed="0,0,0,3,2,39" ten="250,250,250,250" oya="0" hai0="17,55,14,129,93,10,66,26,101,116,91,87,89" hai1="96,132,33,8,88,98,27,59,128,4,50,62,135" hai2="76,29,94,13,6,60,103,45,104,28,99,9,114" hai3="80,1,34,71,37,122,112,115,77,123,65,118,20"/><T42/><D129/><U102/><E128/><V61/><F114/><W78/><G34/><T125/><D125/><U30/><E50/><V95/><F76/><W2/><G37/><T11/><D116/><U3/><E88/><V21/><F104/><W58/><G71/><T18/><D66/><U73/><E73/><V15/><F95/><W113/><G78/><T119/><D119/><U41/><E41/><V38/><F38/><W49/><G20/><T82/><D101/><U12/><E3/><V85/><F85/><W133/><G133/><N who="1" m="51274" /><E102/><V19/><REACH who="2" step="1"/><F45/><REACH who="2" ten="250,250,240,250" step="2"/><W108/><G118/><T23/><D55/><AGARI ba="0,1" hai="4,8,12,27,30,33,55,59,62,96,98" m="51274" machi="55" ten="30,1000,0" yaku="20,1" doraHai="39" who="1" fromWho="0" sc="250,-10,250,20,240,0,250,0" />
</Scene>
<Scene>
<INIT seed="1,0,0,3,0,1" ten="240,270,240,250" oya="1" hai0="85,91,58,34,103,70,77,63,93,35,47,135,12" hai1="57,133,46,75,125,92,18,13,104,95,49,32,25" hai2="5,72,33,102,65,30,82,20,86,108,36,131,118" hai3="45,117,71,126,81,55,68,105,79,130,37,124,56"/><U88/><E104/><V27/><F108/><W113/><G105/><T8/><D70/><U42/><E75/><V54/><F118/><W106/><G106/><T43/><D103/><U26/><E125/><N who="3" m="48234" /><G113/><T129/><D129/><U120/><E120/><V87/><F131/><W101/><G101/><T78/><D135/><U107/><E107/><V14/><F102/><W132/><G132/><T62/><D34/><U4/><E133/><V3/><F36/><W59/><G59/><T67/><D62/><U127/><E127/><V28/><F28/><W44/><G130/><T31/><D35/><U109/><E109/><V128/><F128/><W24/><G24/><N who="1" m="9322" /><E32/><V122/><F122/><W98/><G98/><T61/><D61/><U110/><E110/><V90/><F65/><W121/><G121/><T39/><REACH who="0" step="1"/><D31/><REACH who="0" ten="230,270,240,250" step="2"/><U60/><E60/><V29/><F29/><W2/><G71/><T66/><D66/><U19/><E57/><V89/><F33/><W100/><G56/><T23/><D23/><U123/><E123/><V11/><F30/><W0/><G68/><T52/><D52/><U7/><E95/><V114/><F54/><W111/><G55/><T69/><D69/><U83/><E83/><V22/><F82/><W73/><G111/><T116/><D116/><U96/><E19/><AGARI ba="0,1" hai="8,12,19,39,43,47,58,63,67,77,78,85,91,93" machi="19" ten="30,2000,0" yaku="1,1,7,1,53,0" doraHai="1" doraHaiUra="76" who="0" fromWho="1" sc="230,30,270,-20,240,0,250,0" />
</Scene>
<Scene>
<INIT seed="2,0,0,3,3,56" ten="260,250,240,250" oya="2" hai0="112,38,84,124,75,115,97,73,23,121,61,82,130" hai1="9,24,43,101,114,93,127,17,92,64,47,81,31" hai2="135,90,109,77,27,8,96,1,60,0,45,83,30" hai3="120,29,13,95,59,32,132,21,79,117,58,108,5"/><V122/><F122/><W69/><G69/><T107/><D38/><U99/><E114/><V72/><F135/><W111/><G32/><T102/><D23/><U28/><E127/><V116/><F116/><W80/><G117/><T37/><D37/><U119/><E119/><V53/><F109/><N who="3" m="42059" /><G95/><T22/><D121/><U91/><E81/><V86/><F96/><W14/><G120/><T71/><D124/><U52/><E64/><V18/><F18/><N who="3" m="10447" /><G29/><T110/><D110/><U74/><E74/><V36/><F8/><N who="3" m="4367" /><G132/><T25/><D115/><U11/><E17/><V51/><F36/><W40/><G40/><T67/><D112/><U20/><E31/><V7/><F7/><W63/><G63/><T44/><D44/><U113/><E113/><V55/><F55/><W10/><G10/><T87/><D130/><U100/><E43/><V133/><F133/><W16/><G16/><T123/><D123/><U62/><E101/><V50/><F50/><W39/><G39/><T33/><D33/><U126/><E126/><V76/><F60/><W98/><G98/><T105/><D105/><U15/><E15/><V125/><F125/><W54/><G54/><T4/><D4/><U34/><E34/><N who="2" m="20831" /><F72/><AGARI ba="0,0" hai="58,59,72,79,80" m="4367,10447,42059" machi="72" ten="30,1000,0" yaku="14,1" doraHai="56" who="3" fromWho="2" sc="260,0,250,0,240,-10,250,10" />
</Scene>
<Scene>
<INIT seed="3,0,0,4,0,128" ten="260,250,230,260" oya="3" hai0="6,18,71,112,37,125,96,90,58,110,32,100,113" hai1="97,35,66,86,13,126,75,54,60,40,36,101,95" hai2="131,50,133,120,33,124,8,135,41,64,65,99,73" hai3="85,103,30,93,26,107,31,19,106,44,48,57,52"/><W72/><G72/><T53/><D37/><U23/><E35/><V89/><F33/><W118/><G118/><T91/><D32/><U111/><E75/><V63/><F131/><W45/><G107/><T42/><D42/><U79/><E111/><V3/><F73/><W68/><G68/><T17/><D6/><U105/><E126/><V1/><F124/><W12/><G26/><T49/><D71/><U24/><E54/><V7/><F1/><W20/><G106/><N who="0" m="63751" /><D110/><U123/><E13/><V119/><F119/><W59/><G57/><T121/><D121/><U82/><E123/><V134/><F120/><W94/><G45/><T70/><D70/><U127/><E127/><V51/><F41/><W11/><G44/><T122/><D122/><U77/><E36/><V76/><F76/><W47/><G47/><T4/><D4/><U55/><E55/><V108/><F108/><W78/><G11/><T117/><D117/><U34/><E40/><V61/><F61/><W80/><G93/><T0/><D0/><U98/><E34/><V114/><F114/><N who="0" m="44138" /><D125/><U9/><E9/><V129/><F129/><W132/><G94/><T14/><D18/><U67/><E79/><V87/><F99/><W84/><G85/><T5/><D5/><U15/><E98/><V74/><F74/><W29/><REACH who="3" step="1"/><G103/><REACH who="3" ten="260,250,230,250" step="2"/><T27/><D27/><U81/><E24/><V130/><F130/><W83/><G83/><T109/><D109/><U92/><E82/><N who="2" m="49399" /><F64/><W10/><G10/><AGARI ba="0,1" hai="10,14,17,49,53,58,90,91" m="44138,63751" machi="10" ten="30,1000,0" yaku="11,1" doraHai="128" who="0" fromWho="3" sc="260,20,250,0,230,0,250,-10" />
</Scene>
<Scene>
<INIT seed="4,0,0,1,1,82" ten="280,250,230,240" oya="0" hai0="123,102,8,107,124,90,34,61,53,23,85,120,75" hai1="96,101,106,33,60,36,11,31,128,29,9,14,127" hai2="121,69,13,16,80,57,126,103,98,46,99,95,119" hai3="7,78,21,129,125,58,43,63,41,12,2,77,25"/><T47/><D34/><U134/><E36/><V50/><F69/><W70/><G2/><T49/><D75/><U32/><E127/><V65/><F121/><W122/><G70/><T67/><D124/><U39/><E39/><V73/><F126/><W52/><G129/><T86/><D107/><U93/><E128/><V40/><F119/><W116/><G116/><T109/><D102/><U92/><E134/><V135/><F135/><W71/><G71/><T114/><D23/><U51/><E60/><V81/><F73/><W55/><G55/><T5/><D114/><U91/><E51/><V17/><F17/><W3/><G3/><T59/><D109/><U54/><E54/><V10/><REACH who="2" step="1"/><F99/><REACH who="2" ten="280,250,220,240" step="2"/><W89/><G122/><T62/><D123/><U19/><E31/><V131/><F131/><W111/><G125/><T76/><D120/><U100/><E29/><V133/><F133/><W66/><G111/><T117/><D117/><U112/><E112/><V84/><F84/><W28/><G7/><T105/><D86/><U68/><E68/><V79/><F79/><W1/><G77/><T113/><D76/><U94/><E96/><V83/><F83/><W22/><G78/><T115/><D115/><U56/><E19/><V26/><F26/><W0/><G25/><T108/><D113/><U88/><E91/><V104/><F104/><W44/><G89/><T4/><D90/><U20/><E106/><V37/><F37/><W35/><G28/><T110/><D110/><U6/><E88/><V72/><F72/><W87/><G87/><T18/><D108/><U42/><E6/><RYUUKYOKU ba="0,1" sc="280,-10,250,-10,220,30,240,-10" hai2="10,13,16,40,46,50,57,65,80,81,95,98,103" />
</Scene>
<Scene>
<INIT seed="5,1,1,4,1,86" ten="270,240,250,230" oya="1" hai0="55,94,32,87,65,59,82,53,125,38,79,5,11" hai1="43,104,72,71,122,124,102,96,19,129,98,61,99" hai2="28,17,49,93,103,36,18,115,83,127,81,88,8" hai3="133,123,75,63,130,57,64,7,30,112,105,6,48"/><U119/><E119/><V47/><F36/><W84/><G75/><T70/><D32/><U134/><E122/><V42/><F127/><W107/><G123/><T90/><D70/><U29/><E72/><V24/><F115/><W101/><G112/><T1/><D125/><U34/><E124/><V77/><F103/><W9/><G130/><T111/><D111/><U91/><E129/><V97/><F8/><W16/><G30/><T95/><D38/><U12/><E43/><V67/><F67/><W132/><G48/><T60/><REACH who="0" step="1"/><D95/><REACH who="0" ten="260,240,250,230" step="2"/><U100/><E34/><V54/><F42/><W116/><G116/><T35/><D35/><U13/><E71/><V45/><F45/><W108/><G108/><T0/><D0/><U51/><E102/><V117/><F117/><W58/><G101/><T31/><D31/><U40/><E29/><V120/><F120/><W50/><G107/><T106/><D106/><U27/><E104/><V14/><F28/><W121/><G105/><T92/><D92/><U21/><E100/><V66/><F93/><W135/><G121/><T126/><D126/><U56/><E134/><V76/><F47/><W20/><G135/><T52/><D52/><N who="1" m="33927" /><E91/><V114/><F88/><W23/><G133/><T22/><D22/><U113/><E113/><V69/><F114/><W33/><G33/><T44/><D44/><AGARI ba="1,2" hai="12,13,19,21,27,40,44,51,96,98,99" m="33927" machi="44" ten="30,2900,0" yaku="8,1,54,1" doraHai="86" who="1" fromWho="0" sc="260,-32,240,52,250,0,230,0" />
</Scene>
<Scene>
<INIT seed="5,2,0,4,4,26" ten="228,292,250,230" oya="1" hai0="98,39,82,12,17,43,122,11,115,126,77,134,52" hai1="117,53,113,55,121,88,37,102,131,81,107,45,83" hai2="15,49,18,75,114,104,27,71,84,41,91,48,72" hai3="93,68,128,85,108,99,50,110,61,116,135,7,69"/><U56/><E117/><V13/><F104/><W47/><G128/><T21/><D134/><U101/><E121/><V5/><F71/><W54/><G135/><T74/><D122/><U97/><E131/><V67/><F67/><W111/><G116/><T32/><D32/><U92/><E113/><V20/><F114/><W8/><G61/><T35/><D35/><U3/><E3/><V123/><F123/><W31/><G85/><T66/><D66/><U79/><E83/><V105/><F105/><W96/><G31/><T59/><D115/><U62/><E107/><V1/><F1/><W86/><G86/><T124/><D43/><U95/><E95/><V89/><F89/><W24/><G24/><T106/><D39/><U94/><E94/><V23/><F13/><W16/><G16/><T34/><D34/><U129/><E129/><V132/><F132/><W78/><G78/><T73/><D73/><U30/><E30/><V120/><F120/><W10/><G10/><T80/><D80/><U119/><E119/><V63/><F63/><W4/><G4/><T28/><D106/><U133/><E133/><V2/><F2/><W25/><G25/><T44/><D98/><U100/><E37/><V19/><F5/><W87/><G87/><T46/><D11/><U109/><E109/><V65/><F65/><W103/><REACH who="3" step="1"/><G99/><REACH who="3" ten="228,292,250,220" step="2"/><T29/><D29/><U9/><E9/><V38/><F75/><W125/><G125/><N who="0" m="48235" /><D28/><U40/><E79/><V58/><F72/><W14/><AGARI ba="2,1" hai="7,8,14,47,50,54,68,69,93,96,103,108,110,111" machi="14" ten="30,2000,0" yaku="1,1,0,1,53,0" doraHai="26" doraHaiUra="36" who="3" fromWho="3" sc="228,-7,292,-12,250,-7,220,36" />
</Scene>
<Scene>
<INIT seed="6,0,0,3,4,30" ten="221,280,243,256" oya="2" hai0="77,135,62,68,101,31,90,63,72,35,19,12,6" hai1="120,127,45,1,74,70,111,103,4,114,112,133,21" hai2="60,95,128,49,71,0,89,10,69,129,122,117,44" hai3="119,98,24,79,28,9,32,39,104,34,84,64,123"/><V57/><F117/><W29/><G39/><T41/><D41/><U81/><E111/><V11/><F122/><W7/><G119/><T14/><D68/><N who="2" m="26186" /><F0/><W46/><G64/><T102/><D77/><N who="1" m="44215" /><E70/><V92/><F11/><W42/><G79/><T38/><D72/><U97/><E21/><V48/><F10/><W73/><G84/><T125/><D38/><U134/><E120/><V53/><F89/><W131/><G73/><T80/><D80/><U58/><E4/><V107/><F107/><W16/><G104/><T91/><D6/><U87/><E1/><V25/><F25/><W15/><G98/><T82/><D82/><U50/><E87/><V66/><F95/><W121/><G7/><T115/><D31/><U130/><E97/><V8/><F8/><W76/><G76/><T110/><D110/><U18/><E18/><V27/><F27/><N who="3" m="18463" /><G121/><T75/><D75/><U99/><E99/><V3/><F92/><W43/><G123/><T113/><D19/><U20/><E20/><V51/><F3/><W5/><G43/><T65/><D65/><U86/><E86/><V132/><F132/><W67/><G67/><T124/><D135/><U36/><E103/><V106/><F106/><W54/><G42/><T116/><D116/><U61/><E134/><V47/><F66/><W37/><G5/><T78/><D78/><U26/><E133/><V88/><F88/><W17/><G17/><T105/><D105/><U55/><E26/><V109/><F109/><W93/><G24/><T118/><D118/><U126/><E36/><V94/><F94/><W22/><G93/><RYUUKYOKU ba="0,0" sc="221,15,280,-15,243,15,256,-15" hai0="12,14,35,62,63,90,91,101,102,113,115,124,125" hai2="44,47,48,49,51,53,57,60,128,129" />
</Scene>
<Scene>
<INIT seed="6,1,0,0,1,34" ten="236,265,258,241" oya="2" hai0="127,72,121,50,52,88,20,32,28,25,103,112,45" hai1="96,114,69,44,92,64,0,54,35,126,67,13,21" hai2="56,83,23,130,41,102,85,1,48,97,66,74,129" hai3="58,15,109,18,36,57,89,14,49,19,118,33,27"/><V16/><F74/><W132/><G36/><T60/><D72/><U100/><E35/><V75/><F75/><W8/><G109/><T59/><D121/><U17/><E114/><V122/><F122/><W111/><G111/><T70/><D112/><U62/><E126/><V63/><F41/><W113/><G113/><T120/><D127/><U10/><E67/><V78/><F48/><W43/><G118/><T2/><D70/><U76/><E76/><V24/><REACH who="2" step="1"/><F1/><REACH who="2" ten="236,265,248,241" step="2"/><W99/><G49/><T26/><D120/><U91/><E0/><V31/><F31/><W125/><G43/><T134/><D2/><U104/><E44/><V115/><F115/><W7/><G125/><T107/><D134/><U108/><E108/><V86/><F86/><W11/><G132/><T30/><D30/><U51/><E51/><V117/><F117/><W82/><G99/><T116/><D116/><U73/><E73/><V101/><F101/><W3/><G3/><T4/><D103/><U6/><E100/><V94/><AGARI ba="1,1" hai="16,23,24,56,63,66,78,83,85,94,97,102,129,130" machi="94" ten="30,11700,0" yaku="1,1,0,1,54,1,53,1" doraHai="34" doraHaiUra="55" who="2" fromWho="2" sc="236,-40,265,-40,248,130,241,-40" />
</Scene>
<Scene>
<INIT seed="6,2,0,2,2,15" ten="196,225,378,201" oya="2" hai0="40,30,7,27,99,121,26,45,12,38,107,90,72" hai1="125,77,134,133,20,21,59,103,52,135,51,131,130" hai2="86,39,126,85,84,31,69,93,120,78,18,42,2" hai3="68,32,80,49,53,110,95,25,66,3,123,87,91"/><V36/><F69/><W23/><G32/><T64/><D72/><U43/><E77/><V57/><F2/><W94/><G3/><T83/><D121/><U62/><E103/><V54/><F120/><W19/><G110/><T81/><D27/><U8/><E8/><V60/><F126/><W118/><G118/><T124/><D124/><U116/><E116/><V96/><F31/><W76/><G123/><T6/><D64/><N who="1" m="39007" /><E43/><V104/><F104/><W111/><G111/><T50/><D38/><U44/><E125/><V98/><F78/><W132/><G132/><T88/><D107/><U16/><E20/><V109/><F109/><W128/><G128/><T117/><D117/><U11/><E11/><V41/><F39/><W46/><G68/><T55/><D40/><N who="2" m="15466" /><F36/><W33/><G66/><T70/><D70/><U5/><E5/><V105/><F105/><W35/><REACH who="3" step="1"/><G95/><REACH who="3" ten="196,225,378,191" step="2"/><N who="0" m="56807" /><D83/><U17/><E131/><V75/><F93/><W102/><G102/><T63/><D81/><U73/><E130/><V34/><F34/><W9/><G9/><T119/><D119/><U89/><E134/><V22/><F75/><AGARI ba="2,1" hai="19,23,25,33,35,46,49,53,75,76,80,87,91,94" machi="75" ten="30,3900,0" yaku="1,1,7,1,52,1,53,0" doraHai="15" doraHaiUra="0" who="3" fromWho="2" sc="196,0,225,0,378,-45,191,55" />
</Scene>
<Scene>
<INIT seed="7,0,0,5,4,123" ten="196,225,333,246" oya="3" hai0="23,83,120,78,135,35,70,95,34,67,116,54,51" hai1="14,22,44,71,3,102,122,97,49,112,89,110,31" hai2="17,125,131,53,93,42,92,5,56,47,100,32,121" hai3="12,80,61,86,0,75,55,98,101,10,62,130,41"/><W11/><G75/><T119/><D34/><U21/><E3/><V85/><F32/><W68/><G41/><T87/><D35/><U64/><E122/><V103/><F121/><W63/><G0/><T6/><D120/><U57/><E71/><V24/><F5/><W126/><G11/><T26/><D6/><U33/><E110/><V15/><F24/><W39/><G39/><T16/><D135/><U107/><E112/><V113/><F131/><W59/><G126/><T27/><D70/><U84/><E33/><V30/><F30/><W1/><G130/><T76/><D67/><U74/><E74/><V60/><F113/><W99/><G1/><T111/><D78/><U128/><E128/><V2/><F2/><W88/><G68/><T38/><D38/><U66/><E31/><V29/><F29/><W91/><G91/><T124/><D124/><U72/><E72/><V7/><F7/><N who="3" m="3167" /><G101/><T114/><D114/><U4/><E4/><V106/><F106/><W134/><G134/><T36/><D36/><U115/><E115/><V133/><F133/><W46/><G46/><T50/><D111/><U104/><E104/><V58/><F125/><W127/><G127/><T90/><D27/><U18/><E22/><V79/><F103/><W40/><G40/><T69/><D69/><U28/><E28/><V45/><F100/><W117/><G117/><T65/><D119/><U8/><E21/><V94/><F42/><W52/><G55/><T96/><D116/><U81/><E44/><V43/><F43/><W108/><G108/><T25/><D54/><N who="1" m="31951" /><E107/><V9/><F45/><RYUUKYOKU ba="0,0" sc="196,-15,225,15,333,-15,246,15" hai1="8,14,18,64,66,81,84,89,97,102" hai3="52,59,61,62,63,80,86,88,98,99" />
</Scene>
<Scene>
<INIT seed="7,1,0,0,4,131" ten="181,240,318,261" oya="3" hai0="54,117,29,112,123,6,105,8,48,91,89,45,16" hai1="5,70,42,74,103,77,93,86,69,22,78,99,44" hai2="50,87,27,62,92,79,101,121,46,23,57,21,9" hai3="37,119,12,34,51,53,111,94,98,82,43,25,135"/><W90/><G43/><T132/><D105/><U110/><E110/><V26/><F121/><W4/><G37/><T76/><D123/><U73/><E5/><V95/><F9/><W18/><G4/><T41/><D117/><U24/><E70/><V118/><F118/><W128/><G25/><T58/><D29/><U108/><E69/><V20/><F101/><W107/><G34/><T56/><D76/><U113/><E113/><V120/><F120/><W47/><G107/><T114/><D58/><U96/><E108/><V65/><F79/><W17/><G17/><T59/><D59/><U30/><E78/><V75/><F75/><W19/><G19/><T133/><D89/><U63/><E63/><V64/><F64/><W60/><G60/><N who="0" m="35863" /><D91/><U39/><REACH who="1" step="1"/><E99/><REACH who="1" ten="181,230,318,261" step="2"/><V55/><F62/><W35/><G111/><T126/><D126/><U72/><E72/><V31/><F31/><W84/><G119/><T32/><D16/><U38/><E38/><V125/><F125/><W109/><G109/><T10/><D32/><U127/><E127/><V68/><F68/><W2/><G35/><T14/><D10/><U106/><E106/><V33/><F33/><W40/><G18/><T116/><D116/><U11/><E11/><V104/><F104/><W122/><G122/><T7/><D6/><U52/><E52/><V80/><F55/><W61/><G53/><T1/><D1/><U67/><E67/><V124/><F65/><W13/><G2/><T0/><D0/><U97/><E97/><V49/><F124/><W36/><G98/><T129/><D129/><U66/><E66/><RYUUKYOKU ba="1,1" sc="181,15,230,15,318,-15,261,-15" hai0="7,8,14,41,45,48,112,114,132,133" hai1="22,24,30,39,42,44,73,74,77,86,93,96,103" owari="196,-30.0,245,-15.0,313,40.0,246,5.0" />
</Scene>
</mjloggm>