<mjloggm ver="2.3"><GO type="169" lobby="0"/><UN n0="%E3%81%AE%E3%81%82%E3%83%9E%E3%82%B9%E3%82%BF%E3%83%BC" n1="%E5%A4%AA%E3%81%8F%E3%81%AA%E3%81%84%E3%81%8A" n2="%49%61%70%65%74%75%73" n3="%E3%81%8B%E3%82%8B%E3%81%8B%E3%82%8B%E3%81%8B%E3%82%8B%E3%81%BF%E3%82%93" dan="16,18,16,17" rate="2065.90,2238.05,2047.29,2090.25" sx="M,F,M,M"/><TAIKYOKU oya="0"/>

<Scene>
<INIT seed="0,0,0,4,3,81" ten="250,250,250,250" oya="0" hai0="32,25,83,115,105,63,75,120,114,69,100,21,102" hai1="111,8,130,28,112,109,7,91,126,117,0,48,121" hai2="94,88,61,67,82,4,22,33,55,110,35,119,87" hai3="56,89,122,14,64,108,70,50,2,18,92,20,133"/><T131/><D120/><U78/><E121/><V45/><F110/><N who="1" m="41993" /><E78/><V39/><F119/><W86/><G122/><T53/><D131/><U71/><E71/><V74/><F4/><W16/><G108/><T9/><D32/><U68/><E68/><V66/><F22/><W90/><G133/><T3/><D69/><U113/><E117/><V106/><F106/><W118/><G118/><T79/><D115/><N who="1" m="44107" /><E48/><V36/><F67/><W97/><G2/><T80/><D114/><U95/><E28/><V84/><F74/><W37/><G37/><T101/><D75/><U42/><E42/><V62/><F62/><N who="3" m="37959" /><G70/><T26/><D79/><U73/><E73/><V10/><F10/><N who="3" m="6231" /><G50/><T5/><D63/><U58/><E58/><V1/><F1/><W17/><G20/><T135/><D21/><U51/><E51/><N who="2" m="29167" /><F36/><W96/><G97/><T24/><D3/><U19/><E130/><V13/><F39/><W77/><G77/><T116/><D116/><U41/><E126/><V43/><F35/><W27/><G27/><T127/><D26/><U134/><E134/><V30/><F33/><W128/><G128/><T23/><D24/><U57/><E57/><N who="2" m="37167" /><F43/><W54/><G54/><T124/><D53/><U98/><E41/><V38/><F38/><W46/><G46/><T59/><D135/><U107/><E107/><V76/><F30/><W85/><G96/><T125/><D105/><U52/><E52/><V132/><F132/><W12/><G12/><AGARI ba="0,0" hai="12,13,76,82,84,87,88,94" m="37167,29167" machi="12" ten="30,7700,0" yaku="8,1,52,2,54,1" doraHai="81" who="2" fromWho="3" sc="250,0,250,0,250,77,250,-77" />
</Scene>
<Scene>
<INIT seed="1,0,0,4,3,72" ten="250,250,327,173" oya="1" hai0="122,60,63,107,110,30,22,83,111,112,65,130,1" hai1="118,20,88,46,12,91,54,123,124,98,86,24,77" hai2="4,28,74,127,3,51,18,39,101,100,109,19,53" hai3="93,33,25,117,17,50,32,87,119,128,115,64,36"/><U29/><E118/><N who="3" m="45066" /><G36/><T57/><D112/><U82/><E123/><V59/><F109/><N who="0" m="41482" /><D122/><U66/><E124/><V6/><F127/><W131/><G115/><T26/><D130/><N who="3" m="49705" /><G64/><T75/><D63/><U68/><E68/><V55/><F39/><W35/><G50/><T135/><D135/><U41/><E66/><V23/><F74/><W62/><G62/><T69/><D107/><U99/><E54/><V0/><F28/><N who="3" m="19471" /><G93/><T58/><D1/><U81/><E12/><V106/><F51/><W21/><G87/><T92/><D92/><U90/><REACH who="1" step="1"/><E82/><REACH who="1" ten="250,240,327,173" step="2"/><V5/><F53/><W121/><G121/><T27/><D83/><U96/><E96/><V44/><F55/><W8/><G8/><T52/><D65/><U45/><E45/><V73/><F44/><W84/><G84/><T49/><D52/><U104/><E104/><V11/><F11/><W78/><G78/><T116/><D75/><U103/><E103/><V40/><F73/><W47/><G47/><T97/><D116/><U129/><E129/><V76/><F100/><W133/><G133/><T61/><D97/><U42/><E42/><V120/><F40/><W79/><G79/><T7/><D69/><U56/><E56/><V67/><F59/><W9/><G9/><T34/><D57/><U95/><E95/><V48/><F101/><W71/><G71/><T16/><D58/><U38/><AGARI ba="0,1" hai="20,24,29,38,41,46,77,81,86,88,90,91,98,99" machi="38" ten="30,11700,0" yaku="1,1,0,1,52,1,54,1,53,0" doraHai="72" doraHaiUra="13" who="1" fromWho="1" sc="250,-39,240,127,327,-39,173,-39" />
</Scene>
<Scene>
<INIT seed="1,1,0,3,4,57" ten="211,367,288,134" oya="1" hai0="126,51,107,103,15,20,75,112,114,91,93,43,26" hai1="52,21,78,1,68,127,129,34,45,116,48,108,7" hai2="4,133,94,24,60,49,115,42,62,40,25,83,96" hai3="119,61,82,92,8,32,90,23,41,85,58,86,95"/><U71/><E34/><V113/><F133/><W117/><G32/><T131/><D75/><U84/><E116/><V33/><F4/><W27/><G41/><T31/><D126/><U18/><E127/><V47/><F83/><W28/><G8/><T56/><D131/><U72/><E72/><V54/><F40/><W118/><REACH who="3" step="1"/><G86/><REACH who="3" ten="211,367,288,124" step="2"/><T99/><D114/><N who="2" m="43530" /><F42/><W70/><G70/><T29/><D112/><U80/><E129/><V135/><F135/><W73/><G73/><T22/><D43/><U10/><REACH who="1" step="1"/><E108/><REACH who="1" ten="211,357,288,124" step="2"/><V6/><F33/><W38/><G38/><T98/><D22/><U9/><E9/><V121/><F121/><W76/><G76/><T3/><D20/><U63/><E63/><N who="2" m="24107" /><F6/><W105/><G105/><T104/><D107/><U132/><E132/><V87/><F87/><W120/><G120/><T50/><D104/><U11/><E11/><V13/><F13/><AGARI ba="1,2" hai="1,7,10,13,18,21,45,48,52,68,71,78,80,84" machi="13" ten="30,12000,1" yaku="1,1,7,1,54,1,53,2" doraHai="57" doraHaiUra="64" who="1" fromWho="2" sc="211,0,357,143,288,-123,124,0" />
</Scene>
<Scene>
<INIT seed="1,2,0,0,5,75" ten="211,500,165,124" oya="1" hai0="11,125,1,64,14,26,108,113,27,45,19,91,116" hai1="110,2,25,135,118,20,104,127,56,88,71,103,128" hai2="37,84,55,29,50,4,87,65,34,99,39,13,44" hai3="63,60,47,130,46,15,106,82,79,38,43,23,107"/><U83/><E71/><V126/><F126/><W18/><G130/><T36/><D125/><U92/><E127/><V105/><F65/><W95/><G95/><T132/><D113/><U59/><E118/><V94/><F105/><W73/><REACH who="3" step="1"/><G47/><REACH who="3" ten="211,500,165,114" step="2"/><T98/><D45/><U112/><E92/><V100/><F94/><W53/><G53/><T52/><D52/><U77/><E128/><V35/><F55/><W85/><G85/><T57/><D116/><U119/><E119/><V101/><F44/><W48/><G48/><T121/><D36/><U32/><E112/><V10/><F50/><W93/><G93/><T97/><D97/><U31/><E104/><AGARI ba="2,1" hai="15,18,23,38,43,46,60,63,73,79,82,104,106,107" machi="104" ten="40,5200,0" yaku="1,1,52,1,53,1" doraHai="75" doraHaiUra="16" who="3" fromWho="1" sc="211,0,500,-58,165,0,114,68" />
</Scene>
<Scene>
<INIT seed="2,0,0,4,4,6" ten="211,442,165,182" oya="2" hai0="122,128,74,109,105,107,10,0,26,123,108,60,34" hai1="50,36,37,121,16,57,110,19,48,93,84,117,41" hai2="127,72,5,66,63,81,21,73,51,3,17,45,116" hai3="83,124,59,103,58,64,96,1,39,100,18,115,94"/><V69/><F116/><W53/><G124/><T52/><D74/><U7/><E117/><V76/><F127/><W79/><G39/><T68/><D128/><U135/><E110/><N who="0" m="42601" /><D26/><U20/><E7/><V11/><F72/><W133/><G133/><T87/><D34/><U49/><E135/><V24/><F51/><W120/><G120/><N who="0" m="46123" /><D87/><U12/><E121/><V15/><REACH who="2" step="1"/><F45/><REACH who="2" ten="211,442,155,182" step="2"/><W101/><G115/><T129/><D129/><U55/><E37/><V30/><F30/><W61/><G1/><AGARI ba="0,1" hai="1,3,5,11,15,17,21,24,63,66,69,73,76,81" machi="1" ten="40,7700,0" yaku="1,1,52,1,53,1" doraHai="6" doraHaiUra="67" who="2" fromWho="3" sc="211,0,442,0,155,87,182,-77" />
</Scene>
<Scene>
<INIT seed="2,1,0,2,1,41" ten="211,442,242,105" oya="2" hai0="8,56,111,34,10,94,66,119,97,100,127,87,32" hai1="3,125,48,63,131,106,39,113,17,115,98,78,45" hai2="50,116,85,89,84,88,18,40,14,6,2,96,59" hai3="101,122,55,91,73,62,61,77,4,27,102,86,37"/><V44/><F116/><W104/><G122/><T35/><D119/><U118/><E118/><V29/><F2/><W36/><G4/><T132/><D111/><U69/><E3/><V90/><F6/><W81/><G27/><T65/><D127/><U12/><E39/><V42/><F29/><W9/><G9/><T46/><D132/><U51/><E78/><V71/><F71/><W130/><G130/><T74/><D74/><U95/><E106/><V0/><F0/><W15/><G15/><T68/><D68/><U135/><E135/><V5/><F5/><W134/><G134/><T133/><D133/><U107/><E107/><V117/><F117/><W49/><G37/><T13/><D10/><U110/><E110/><V58/><F96/><W70/><G36/><T80/><D56/><N who="2" m="21546" /><F40/><W92/><G70/><T53/><D8/><AGARI ba="1,0" hai="8,14,18,42,44,50,84,85,88,89,90" m="21546" machi="8" ten="30,5800,0" yaku="8,1,52,1,54,1" doraHai="41" who="2" fromWho="0" sc="211,-61,442,0,242,61,105,0" />
</Scene>
<Scene>
<INIT seed="2,2,0,4,5,4" ten="150,442,303,105" oya="2" hai0="115,94,18,65,89,63,23,5,133,62,29,3,132" hai1="66,10,103,131,48,40,99,34,124,135,116,83,78" hai2="25,134,39,72,123,105,55,75,42,71,101,33,117" hai3="82,14,53,60,1,77,79,27,114,109,74,51,127"/><V81/><F123/><W6/><G109/><T93/><D115/><U85/><E116/><V47/><F117/><W54/><G127/><T91/><D29/><U110/><E34/><V17/><F134/><N who="0" m="51818" /><D5/><U86/><E135/><V68/><F55/><W49/><G114/><T106/><D3/><U26/><E110/><V125/><F125/><W13/><G1/><T80/><D80/><U45/><E124/><V8/><F8/><W104/><G104/><T113/><D106/><U43/><E131/><V70/><F81/><W126/><G126/><T44/><D44/><U9/><E26/><V57/><F57/><W108/><G108/><T67/><D113/><U102/><E66/><N who="0" m="25097" /><D18/><U128/><E128/><V32/><F17/><W59/><G77/><T95/><D23/><U84/><E43/><V92/><F92/><W0/><G27/><T118/><D118/><U35/><E35/><N who="2" m="13387" /><F25/><W112/><G112/><T87/><D87/><N who="1" m="48631" /><E99/><AGARI ba="2,0" hai="39,42,47,68,70,71,72,75,99,101,105" m="13387" machi="99" ten="40,3900,0" yaku="33,2" doraHai="4" who="2" fromWho="1" sc="150,0,442,-45,303,45,105,0" />
</Scene>
<Scene>
<INIT seed="2,3,0,1,2,102" ten="150,397,348,105" oya="2" hai0="77,22,114,130,28,81,4,36,33,45,56,38,13" hai1="35,129,59,52,18,61,120,84,67,29,97,94,115" hai2="44,106,123,117,6,72,60,78,25,88,95,57,112" hai3="122,107,51,74,132,63,7,0,3,108,41,11,42"/><V49/><F123/><W20/><G122/><T104/><D114/><U24/><E120/><V37/><F117/><W109/><G74/><T105/><D130/><U66/><E115/><V124/><F112/><W10/><G132/><T99/><D56/><U26/><E129/><V80/><F124/><W68/><G20/><T40/><D38/><U98/><E84/><V69/><F37/><W101/><G51/><T83/><D99/><U103/><E18/><V75/><F69/><W113/><G113/><T23/><D33/><U100/><REACH who="1" step="1"/><E26/><REACH who="1" ten="150,387,348,105" step="2"/><V71/><F72/><W65/><G109/><T76/><D4/><U127/><E127/><V5/><F25/><W73/><G108/><T14/><D28/><U2/><E2/><V12/><F12/><W116/><G73/><T86/><D14/><U82/><E82/><V87/><F71/><W134/><G116/><T55/><D13/><U43/><E43/><V8/><F5/><W96/><G134/><T70/><D83/><U54/><E54/><V31/><F6/><AGARI ba="3,1" hai="0,3,6,7,10,11,41,42,63,65,68,96,101,107" machi="6" ten="40,2600,0" yaku="9,1,52,1" doraHai="102" who="3" fromWho="2" sc="150,0,387,0,348,-35,105,45" />
</Scene>
<Scene>
<INIT seed="3,0,0,5,3,96" ten="150,387,313,150" oya="3" hai0="83,72,115,45,116,38,5,103,98,47,73,27,9" hai1="51,32,62,46,2,121,109,6,82,11,4,106,126" hai2="34,77,1,67,29,101,86,133,81,105,28,104,122" hai3="88,22,79,69,84,49,112,31,37,68,64,92,124"/><W127/><G112/><T110/><D115/><U120/><E32/><V14/><F133/><W41/><G37/><T48/><D116/><U12/><E106/><V16/><F1/><W63/><G79/><T40/><D110/><U119/><E109/><V87/><F122/><W35/><G22/><T23/><D47/><U111/><E111/><V36/><F36/><W53/><G41/><T70/><D48/><U95/><E119/><V0/><F0/><W123/><G123/><T128/><D70/><U100/><E126/><N who="3" m="48170" /><G63/><T91/><D128/><U59/><E82/><V85/><F67/><W39/><G64/><T113/><D113/><U30/><E30/><V107/><F101/><W26/><G39/><T99/><D91/><U3/><E121/><V57/><F57/><AGARI ba="0,0" hai="26,31,35,49,53,57,68,69,84,88,92" m="48170" machi="57" ten="30,2900,0" yaku="18,1,54,1" doraHai="96" who="3" fromWho="2" sc="150,0,387,0,313,-29,150,29" />
</Scene>
<Scene>
<INIT seed="3,1,0,2,2,29" ten="150,387,284,179" oya="3" hai0="28,132,33,83,97,81,30,72,98,45,108,101,117" hai1="47,122,54,82,113,50,7,107,42,69,38,17,56" hai2="111,27,11,18,71,0,57,90,120,66,23,9,3" hai3="95,5,16,131,70,51,94,118,78,64,34,121,2"/><W89/><G118/><T67/><D117/><U106/><E122/><V88/><F111/><W73/><G121/><T59/><D108/><U62/><E113/><V36/><F120/><W46/><G34/><T103/><D45/><U112/><E112/><V49/><F36/><W15/><G131/><T100/><D132/><U105/><E7/><V25/><F71/><W13/><G2/><T41/><D41/><U119/><E119/><V61/><F49/><W6/><G73/><T43/><D43/><U19/><REACH who="1" step="1"/><E82/><REACH who="1" ten="150,377,284,179" step="2"/><V109/><F109/><W24/><G6/><T77/><D83/><U92/><E92/><V39/><F39/><W53/><G94/><T104/><D104/><U1/><E1/><V32/><F0/><W133/><G5/><T135/><D135/><U35/><E35/><V130/><F3/><W60/><G133/><T44/><D33/><U75/><E75/><V126/><F130/><W31/><G95/><T8/><D81/><U26/><E26/><V74/><F74/><W37/><G24/><T63/><D72/><U99/><E99/><V65/><F32/><W79/><G15/><T102/><D98/><U14/><E14/><V127/><F27/><W68/><G13/><T87/><D97/><U4/><E4/><V86/><F86/><W22/><G22/><T20/><D20/><U80/><E80/><V96/><F96/><W91/><G79/><T123/><D100/><U21/><E21/><V52/><F127/><W48/><G78/><T125/><D101/><U85/><E85/><V12/><F126/><W55/><G91/><N who="2" m="34857" /><F12/><W76/><G76/><RYUUKYOKU ba="1,1" sc="150,-15,377,15,284,15,179,-15" hai1="17,19,38,42,47,50,54,56,62,69,105,106,107" hai2="9,11,18,23,25,52,57,61,65,66" />
</Scene>
<Scene>
<INIT seed="4,2,1,4,5,131" ten="135,392,299,164" oya="0" hai0="56,120,57,32,86,73,67,100,4,66,55,92,124" hai1="93,127,113,43,60,23,83,14,11,80,95,41,128" hai2="15,61,117,49,78,28,44,6,121,65,34,118,22" hai3="129,27,116,10,20,52,82,9,135,30,79,8,126"/><T87/><D120/><U105/><E105/><V88/><F121/><W110/><G116/><N who="2" m="44649" /><F34/><W84/><G110/><T98/><D73/><U94/><E128/><V19/><F78/><W74/><G129/><T114/><D32/><U111/><E111/><V115/><F115/><W134/><G126/><T63/><D114/><U112/><E127/><V89/><F6/><W108/><G108/><T59/><D124/><U101/><E113/><V130/><F28/><W16/><G74/><T90/><D4/><N who="1" m="3431" /><E112/><V46/><F130/><W68/><G68/><T24/><D24/><U1/><E1/><V102/><F102/><W35/><REACH who="3" step="1"/><G52/><REACH who="3" ten="135,392,299,154" step="2"/><N who="0" m="34183" /><D57/><U77/><E60/><V97/><F44/><W37/><G37/><T17/><D17/><U26/><E43/><V62/><F61/><W25/><AGARI ba="2,2" hai="8,9,10,16,20,25,27,30,35,79,82,84,134,135" machi="25" ten="30,8000,1" yaku="1,1,0,1,52,2,54,1,53,0" doraHai="131" doraHaiUra="54" who="3" fromWho="3" sc="135,-42,392,-22,299,-22,154,106" />
</Scene>
<Scene>
<INIT seed="5,0,0,0,3,45" ten="93,370,277,260" oya="1" hai0="70,62,7,115,101,28,82,131,86,134,103,43,76" hai1="135,10,75,109,13,78,22,88,93,16,14,44,27" hai2="29,79,59,96,17,83,12,98,3,50,52,117,127" hai3="34,77,53,57,0,116,66,106,51,87,48,65,99"/><U123/><E123/><V40/><F117/><W90/><G0/><T41/><D115/><U31/><E135/><V69/><F3/><W61/><G34/><T47/><D134/><U110/><E75/><V108/><F108/><N who="1" m="41577" /><E78/><V26/><F127/><W39/><G39/><T23/><D131/><U118/><E118/><V126/><F126/><W102/><G116/><T21/><D7/><N who="1" m="3295" /><E44/><V19/><F69/><W64/><REACH who="3" step="1"/><G77/><REACH who="3" ten="93,370,277,250" step="2"/><T111/><D111/><U85/><E14/><V73/><F12/><W132/><G132/><T38/><D43/><U58/><E58/><V49/><F59/><W81/><AGARI ba="0,1" hai="48,51,53,57,61,64,65,66,81,87,90,99,102,106" machi="81" ten="30,7900,0" yaku="1,1,0,1,52,2,53,0" doraHai="45" doraHaiUra="72" who="3" fromWho="3" sc="93,-20,370,-39,277,-20,250,89" />
</Scene>
<Scene>
<INIT seed="6,0,0,3,1,132" ten="73,331,257,339" oya="2" hai0="66,56,2,40,8,58,69,95,67,89,19,6,47" hai1="126,127,39,130,119,114,11,70,54,104,124,103,107" hai2="122,9,79,0,94,118,84,5,26,1,93,46,100" hai3="82,115,92,101,33,15,111,80,64,25,78,13,60"/><V131/><F122/><W96/><G111/><T27/><D67/><U12/><E114/><V71/><F118/><W41/><G115/><T17/><D69/><U4/><E119/><V129/><F71/><W3/><G3/><T37/><D66/><U108/><E130/><N who="2" m="49675" /><F0/><W48/><G33/><T128/><D128/><U72/><E108/><V16/><F100/><W28/><G48/><T24/><D24/><U22/><E70/><V18/><F46/><W81/><G41/><T42/><D42/><U85/><E72/><V98/><F98/><W57/><G78/><T73/><D73/><U20/><E39/><V36/><F36/><W49/><G49/><T97/><REACH who="0" step="1"/><D27/><REACH who="0" ten="63,331,257,339" step="2"/><U106/><E54/><V99/><F26/><W133/><G133/><T51/><D51/><U110/><E110/><V61/><F61/><W62/><G60/><T53/><D53/><U7/><E103/><N who="2" m="60911" /><F94/><W125/><G92/><T30/><D30/><U135/><E135/><V102/><F102/><W116/><G28/><T45/><D45/><U76/><E4/><V29/><F29/><W65/><G116/><T121/><D121/><U55/><E55/><V123/><F123/><W87/><G65/><T14/><D14/><U83/><AGARI ba="0,1" hai="7,11,12,20,22,76,83,85,104,106,107,124,126,127" machi="83" ten="40,8000,1" yaku="0,1,18,1,52,3" doraHai="132" who="1" fromWho="1" sc="63,-20,331,90,257,-40,339,-20" />
</Scene>
<Scene>
<INIT seed="7,0,0,3,4,64" ten="43,421,217,319" oya="3" hai0="118,60,75,121,40,107,113,129,31,93,35,57,38" hai1="10,52,19,100,120,61,82,15,83,51,11,0,8" hai2="7,78,36,29,46,5,53,128,80,13,6,81,87" hai3="55,72,119,12,39,2,43,65,9,134,74,106,116"/><W111/><G2/><T1/><D93/><U123/><E100/><V92/><F128/><W67/><G106/><T105/><D31/><U66/><E123/><V99/><F36/><W84/><G134/><T94/><D60/><U24/><E120/><V49/><F29/><W63/><G111/><T4/><D40/><U50/><E24/><V126/><F126/><W91/><G65/><T112/><D4/><U16/><E51/><V45/><F81/><N who="1" m="30729" /><E0/><V102/><REACH who="2" step="1"/><F45/><REACH who="2" ten="43,421,207,319" step="2"/><N who="3" m="23807" /><G119/><T21/><D57/><N who="1" m="37167" /><E19/><V26/><F26/><W127/><G116/><T58/><D58/><AGARI ba="0,1" hai="8,10,11,15,16,50,52,58" m="37167,30729" machi="58" ten="30,3900,0" yaku="8,1,54,2" doraHai="64" who="1" fromWho="0" sc="43,-39,421,49,207,0,319,0" owari="4,-50.0,470,57.0,207,-19.0,319,12.0" />
</Scene>
</mjloggm>