<mjloggm ver="2.3"><GO type="169" lobby="0"/><UN n0="%E3%82%84%E3%81%BE%E3%83%BC%E3%82%93" n1="%E3%81%97%E3%82%85%E3%81%B0%E3%82%8B%E3%81%A4" n2="%E5%A4%AA%E3%81%8F%E3%81%AA%E3%81%84%E3%81%8A" n3="%68%61%72%75%72%75%39%31" dan="16,16,18,16" rate="2115.97,2063.30,2290.48,2134.50" sx="M,M,M,M"/><TAIKYOKU oya="0"/>

<Scene>
<INIT seed="0,0,0,2,0,76" ten="250,250,250,250" oya="0" hai0="98,117,71,127,2,26,95,103,85,74,59,17,130" hai1="20,86,39,13,36,110,134,10,64,89,94,67,92" hai2="34,61,113,33,81,72,121,129,104,91,11,105,3" hai3="128,58,7,18,112,24,22,125,73,106,42,111,48"/><T37/><D117/><U124/><E110/><V82/><F121/><W4/><G112/><T16/><D71/><U6/><E124/><V27/><F113/><W49/><G125/><T43/><D127/><U47/><E134/><V66/><F129/><W97/><G128/><T84/><D130/><U57/><E39/><V35/><F27/><W52/><G111/><T55/><D74/><U87/><E57/><V77/><F91/><W29/><G73/><T51/><D2/><U109/><E109/><V30/><F30/><W126/><G126/><T114/><D114/><U41/><REACH who="1" step="1"/><E20/><REACH who="1" ten="250,240,250,250" step="2"/><V119/><F119/><W83/><G22/><N who="0" m="13639" /><D37/><U120/><E120/><V53/><F33/><W62/><G58/><T65/><D65/><U32/><E32/><V88/><F34/><W135/><G135/><T63/><D17/><U107/><E107/><V15/><F35/><W70/><G18/><T118/><D118/><U93/><E93/><V80/><F104/><W25/><G106/><T19/><D19/><U38/><E38/><V44/><F105/><W90/><G29/><T79/><D79/><U96/><E96/><V54/><F66/><W14/><G70/><T115/><D115/><U108/><E108/><V131/><F131/><W132/><G132/><T122/><D122/><U50/><E50/><V46/><F77/><W40/><G49/><T56/><D56/><U123/><E123/><V133/><F133/><W12/><G48/><T21/><D21/><U68/><E68/><V69/><F69/><W100/><G7/><T45/><AGARI ba="0,1" hai="43,45,51,55,59,63,84,85,95,98,103" m="13639" machi="45" ten="30,3000,0" yaku="8,1,54,1" doraHai="76" who="0" fromWho="0" sc="250,40,240,-10,250,-10,250,-10" />
</Scene>
<Scene>
<INIT seed="0,1,0,5,5,102" ten="290,230,240,240" oya="0" hai0="58,40,103,128,106,5,35,42,70,109,74,84,131" hai1="93,7,92,13,22,72,88,133,32,44,105,68,38" hai2="73,12,125,63,87,80,119,51,115,52,134,121,90" hai3="95,91,83,6,55,24,71,30,56,2,3,97,54"/><T81/><D70/><U23/><E32/><V101/><F121/><W61/><G6/><T126/><D35/><U94/><E133/><V0/><F0/><W76/><G71/><T77/><D126/><U123/><E123/><V108/><F115/><W46/><G46/><T50/><D109/><U26/><E68/><V45/><F134/><W120/><G55/><N who="0" m="32119" /><D5/><U127/><E72/><V16/><F108/><W65/><G65/><T11/><D11/><U135/><E135/><V99/><F125/><W57/><G57/><T25/><D25/><U9/><E127/><V4/><F119/><W33/><REACH who="3" step="1"/><G120/><REACH who="3" ten="290,230,240,230" step="2"/><T117/><D117/><U104/><E44/><V18/><F63/><W113/><G113/><T98/><D74/><AGARI ba="1,1" hai="2,3,24,30,33,54,56,61,74,76,83,91,95,97" machi="74" ten="30,2000,0" yaku="1,1,7,1,53,0" doraHai="102" doraHaiUra="41" who="3" fromWho="0" sc="290,-23,230,0,240,0,230,33" />
</Scene>
<Scene>
<INIT seed="1,0,0,4,2,83" ten="267,230,240,263" oya="1" hai0="20,57,13,77,73,100,98,49,53,8,115,99,131" hai1="25,88,125,96,15,18,10,17,4,33,91,78,113" hai2="129,51,106,118,81,14,133,89,46,86,29,82,7" hai3="97,130,67,34,45,126,48,55,105,75,58,127,117"/><U76/><E125/><V135/><F118/><W71/><G75/><T0/><D115/><U11/><E113/><V111/><F106/><W103/><G34/><T60/><D131/><U101/><E33/><V90/><F129/><W1/><G130/><T26/><D0/><U36/><E36/><V50/><F111/><W6/><G117/><T94/><D77/><U64/><E64/><V32/><F29/><W16/><G71/><T84/><D73/><U38/><E38/><V37/><F32/><W31/><G31/><T3/><D3/><U56/><E56/><V52/><F37/><W68/><G68/><T128/><D128/><U43/><E43/><V121/><F121/><W61/><G6/><T59/><D84/><U124/><E124/><V35/><F35/><W66/><G66/><T54/><D98/><U93/><E11/><N who="2" m="4479" /><F51/><W104/><G1/><T120/><D120/><U40/><E40/><V110/><F110/><W62/><G62/><T42/><D42/><U123/><E123/><V72/><F72/><W44/><G105/><T28/><D13/><U19/><REACH who="1" step="1"/><E25/><REACH who="1" ten="267,220,240,263" step="2"/><V39/><F39/><W24/><G126/><T107/><D8/><U41/><E41/><V12/><F135/><W9/><G127/><T79/><D59/><U74/><E74/><V112/><F133/><W122/><G122/><T2/><D57/><U22/><E22/><V80/><F112/><W65/><G65/><T5/><D20/><U47/><E47/><V85/><F12/><N who="3" m="7183" /><G24/><T116/><D116/><U132/><E132/><V21/><F21/><W92/><G45/><T134/><D2/><RYUUKYOKU ba="0,1" sc="267,-30,220,10,240,10,263,10" hai1="4,10,15,17,18,19,76,78,88,91,93,96,101" hai2="46,50,52,80,81,82,85,86,89,90" hai3="44,48,55,58,61,67,92,97,103,104" />
</Scene>
<Scene>
<INIT seed="1,1,1,0,3,42" ten="237,230,250,273" oya="1" hai0="78,89,32,18,108,47,6,122,110,24,23,126,29" hai1="67,39,46,22,94,15,95,36,96,132,60,64,40" hai2="103,13,50,11,102,84,101,10,25,85,131,120,76" hai3="55,107,111,72,38,1,123,17,93,19,31,100,87"/><U44/><E132/><V16/><F131/><W109/><G72/><T14/><D78/><U119/><E119/><V83/><F120/><W54/><G1/><T82/><D122/><U45/><E67/><V28/><F50/><W26/><G123/><T75/><D75/><U99/><E36/><V121/><F121/><W73/><G73/><T37/><D126/><U20/><E40/><V129/><F129/><W97/><G38/><T41/><D82/><U116/><E116/><V2/><F84/><W35/><G87/><T43/><D43/><U21/><E39/><V33/><REACH who="2" step="1"/><F2/><REACH who="2" ten="237,230,240,273" step="2"/><W113/><G113/><T7/><REACH who="0" step="1"/><D89/><REACH who="0" ten="227,230,240,273" step="2"/><N who="1" m="55375" /><E60/><V66/><F66/><W69/><G109/><AGARI ba="1,3" hai="6,7,14,18,23,24,29,32,37,41,47,108,109,110" machi="109" ten="40,5200,0" yaku="1,1,14,1,52,1,53,0" doraHai="42" doraHaiUra="61" who="0" fromWho="3" sc="227,85,230,0,240,0,273,-55" />
</Scene>
<Scene>
<INIT seed="2,0,0,2,0,4" ten="312,230,240,218" oya="2" hai0="28,69,111,49,34,129,3,120,12,46,5,0,89" hai1="32,45,7,2,99,57,14,54,25,65,92,121,35" hai2="27,26,78,122,31,29,70,50,113,125,8,87,96" hai3="63,76,21,9,116,66,109,114,68,90,86,24,95"/><V105/><F113/><W40/><G116/><T74/><D74/><U128/><E128/><V103/><F122/><W39/><G114/><T131/><D69/><U58/><E121/><V82/><F125/><W133/><G109/><T88/><D111/><U107/><E107/><V134/><F134/><W81/><G133/><T22/><D34/><U73/><E73/><V41/><F70/><W33/><G33/><T16/><D28/><U84/><E2/><N who="0" m="553" /><D5/><U85/><E25/><V75/><F8/><W38/><G40/><N who="0" m="24775" /><D120/><U117/><E117/><V112/><F112/><W100/><G100/><T94/><D94/><U48/><E35/><V10/><F10/><W110/><G9/><T93/><D93/><U11/><E32/><V18/><F27/><W52/><G52/><T108/><D108/><U15/><E15/><V106/><F106/><W79/><G110/><T126/><D126/><U60/><REACH who="1" step="1"/><E45/><REACH who="1" ten="312,220,240,218" step="2"/><V36/><F75/><W47/><G47/><T23/><D23/><U71/><E71/><V17/><F26/><W132/><G132/><T115/><D115/><U64/><E64/><V1/><F105/><W77/><REACH who="3" step="1"/><G95/><REACH who="3" ten="312,220,240,208" step="2"/><T56/><D56/><U98/><E98/><V6/><F96/><W20/><G20/><T19/><D22/><U124/><E124/><V119/><F119/><W44/><G44/><T43/><D43/><U62/><E62/><V91/><F41/><W97/><G97/><T83/><D129/><U61/><E61/><V104/><F104/><W30/><AGARI ba="0,2" hai="21,24,30,38,39,63,66,68,76,77,79,81,86,90" machi="30" ten="30,2000,0" yaku="1,1,0,1,53,0" doraHai="4" doraHaiUra="51" who="3" fromWho="3" sc="312,-5,220,-5,240,-10,208,40" />
</Scene>
<Scene>
<INIT seed="3,0,0,1,4,3" ten="307,215,230,248" oya="3" hai0="52,79,89,21,30,39,86,29,23,78,6,60,45" hai1="12,117,110,8,91,26,14,114,120,70,76,48,83" hai2="42,1,16,15,71,43,46,130,124,100,126,41,68" hai3="7,81,113,64,10,94,66,118,17,107,63,96,115"/><W33/><G118/><T87/><D39/><U40/><E114/><V9/><F130/><W77/><G107/><T34/><D6/><U99/><E117/><V37/><F100/><W116/><G33/><T109/><D109/><U20/><E110/><V69/><REACH who="2" step="1"/><F1/><REACH who="2" ten="307,215,220,248" step="2"/><W75/><G116/><T102/><D102/><U65/><E120/><V28/><F28/><W53/><G113/><T24/><D30/><U104/><E104/><V122/><F122/><W47/><G115/><T2/><D2/><U129/><E129/><V103/><F103/><W95/><G17/><T51/><D34/><U56/><E70/><V67/><F67/><W27/><G66/><T85/><D23/><U119/><E65/><V133/><F133/><W25/><G64/><T4/><D4/><U13/><E119/><V135/><F135/><W134/><G134/><T108/><D108/><U57/><E8/><V22/><F22/><W111/><G111/><T72/><D72/><U58/><E20/><V44/><F44/><W105/><G10/><T54/><D89/><U128/><E128/><V80/><F80/><W106/><G7/><T74/><D74/><U88/><E83/><V98/><F98/><W55/><G96/><T61/><D54/><U59/><E99/><V62/><F62/><AGARI ba="0,1" hai="21,24,29,45,51,52,60,61,62,78,79,85,86,87" machi="62" ten="40,2600,0" yaku="8,1,54,1" doraHai="3" who="0" fromWho="2" sc="307,36,215,0,220,-26,248,0" />
</Scene>
<Scene>
<INIT seed="4,0,0,3,4,24" ten="343,215,194,248" oya="0" hai0="83,37,68,40,94,32,104,51,35,23,54,78,48" hai1="6,130,91,135,87,56,28,18,61,22,74,60,10" hai2="107,82,4,9,41,29,120,27,76,109,34,90,95" hai3="15,127,112,62,106,80,57,8,118,72,53,21,79"/><T101/><D104/><U85/><E74/><V50/><F109/><W111/><G111/><T99/><D68/><U88/><E135/><V46/><F107/><W7/><G118/><T58/><D37/><U71/><E71/><V65/><F65/><W70/><G112/><T126/><D126/><U108/><E108/><V116/><F116/><W5/><G127/><T49/><D23/><U114/><E130/><V131/><F131/><W113/><G113/><T26/><D26/><N who="1" m="16471" /><E6/><V42/><F120/><W33/><G33/><T105/><D105/><U92/><E114/><V25/><F25/><W11/><G106/><T100/><D100/><U64/><E61/><V52/><F90/><W0/><G70/><T134/><D134/><U16/><E10/><V45/><F45/><W1/><G21/><T20/><D20/><U19/><E19/><V69/><F95/><AGARI ba="0,0" hai="16,18,56,60,64,85,87,88,91,92,95" m="16471" machi="95" ten="30,7700,0" yaku="8,1,52,1,54,2" doraHai="24" who="1" fromWho="2" sc="343,0,215,77,194,-77,248,0" />
</Scene>
<Scene>
<INIT seed="5,0,0,5,5,25" ten="343,292,117,248" oya="1" hai0="27,71,34,54,78,21,104,100,114,102,70,77,17" hai1="44,40,93,135,111,92,128,31,8,127,72,98,74" hai2="61,30,113,39,62,116,51,46,55,130,121,22,117" hai3="124,108,122,23,35,28,109,58,84,106,133,57,36"/><U129/><E135/><V85/><F121/><W103/><G36/><T75/><D114/><U16/><E127/><V118/><F130/><N who="1" m="50281" /><E111/><V82/><F39/><W96/><G23/><T89/><D70/><U38/><E31/><V9/><F113/><W123/><G133/><T126/><D71/><U48/><E38/><V26/><REACH who="2" step="1"/><F9/><REACH who="2" ten="343,292,107,248" step="2"/><W1/><G123/><T73/><D126/><U43/><E8/><V19/><F19/><W20/><G124/><T64/><D17/><U101/><E16/><V91/><AGARI ba="0,1" hai="22,26,30,46,51,55,61,62,82,85,91,116,117,118" machi="91" ten="30,7900,0" yaku="1,1,0,1,52,1,53,1" doraHai="25" doraHaiUra="49" who="2" fromWho="2" sc="343,-20,292,-39,107,89,248,-20" />
</Scene>
<Scene>
<INIT seed="6,0,0,2,4,74" ten="323,253,196,228" oya="2" hai0="112,126,98,51,57,102,16,123,0,86,100,50,44" hai1="40,128,71,110,1,30,63,130,33,60,109,12,103" hai2="96,104,17,35,99,134,67,5,9,66,55,132,34" hai3="24,25,82,11,93,8,4,72,122,117,70,94,76"/><V75/><F75/><W111/><G111/><T59/><D0/><U116/><E1/><V95/><F17/><W2/><G117/><T42/><D112/><U26/><E116/><V131/><F131/><N who="1" m="50217" /><E40/><V38/><F38/><W28/><G122/><T61/><D123/><U31/><E31/><V101/><F55/><W62/><G11/><T92/><D126/><U125/><E125/><V81/><F81/><W91/><G25/><T54/><D86/><U105/><E71/><V47/><F47/><W32/><REACH who="3" step="1"/><G91/><REACH who="3" ten="323,253,196,218" step="2"/><T135/><D135/><N who="2" m="51754" /><F9/><W65/><AGARI ba="0,1" hai="2,4,8,24,28,32,62,65,70,72,76,82,93,94" machi="65" ten="30,4000,0" yaku="1,1,0,1,52,1,53,0" doraHai="74" doraHaiUra="114" who="3" fromWho="3" sc="323,-10,253,-10,196,-20,218,50" />
</Scene>
<Scene>
<INIT seed="7,0,0,5,1,5" ten="313,243,176,268" oya="3" hai0="81,121,55,47,46,128,88,126,119,80,29,94,16" hai1="37,106,17,125,39,11,111,90,4,96,124,87,101" hai2="56,21,26,130,25,20,18,129,13,72,30,104,41" hai3="6,105,32,86,91,76,84,67,74,48,97,83,82"/><W38/><G38/><T114/><D121/><U7/><E111/><V27/><F72/><W134/><G134/><T66/><D119/><U65/><E65/><V14/><F104/><W113/><G113/><T108/><D108/><U98/><E98/><V9/><F41/><W19/><G32/><T40/><D29/><U3/><E7/><N who="2" m="3263" /><F56/><W69/><G6/><T22/><D66/><U118/><E118/><V28/><F130/><W60/><G48/><T58/><D128/><U24/><E24/><N who="2" m="16399" /><F129/><W0/><G0/><T59/><D59/><U85/><E85/><V33/><AGARI ba="0,0" hai="14,18,20,25,26,27,30,33" m="16399,3263" machi="33" ten="30,12000,2" yaku="35,5,52,1" doraHai="5" who="2" fromWho="2" sc="313,-30,243,-30,176,120,268,-60" />
</Scene>
<Scene>
<INIT seed="8,0,0,4,5,105" ten="283,213,296,208" oya="0" hai0="52,79,93,114,72,1,84,3,15,102,96,44,75" hai1="56,24,125,32,14,29,98,101,0,50,67,117,37" hai2="113,104,127,26,6,133,97,95,53,129,111,99,57" hai3="25,82,30,7,59,77,51,12,9,83,87,109,94"/><T92/><D114/><U36/><E0/><V115/><F111/><W5/><G109/><T132/><D3/><U58/><E117/><V71/><F71/><W2/><G94/><T91/><D1/><U107/><E125/><V86/><F127/><W27/><G5/><T10/><D79/><U131/><E131/><V49/><F129/><W130/><G130/><T63/><D132/><U21/><E14/><V8/><F133/><W62/><G51/><T128/><D128/><U64/><E32/><V66/><F66/><W89/><G30/><T69/><D69/><U35/><E35/><V45/><F26/><W78/><G78/><T60/><D72/><U33/><E33/><V11/><F104/><W100/><G100/><T19/><D75/><U118/><E118/><V16/><F6/><W20/><G20/><T110/><D110/><U123/><E123/><V61/><F113/><W120/><G2/><T28/><D28/><U90/><E90/><N who="2" m="53719" /><F115/><W88/><G89/><T46/><D52/><U81/><E81/><V134/><F134/><W38/><G120/><T40/><D46/><U17/><E29/><V73/><F73/><W116/><G116/><T85/><D85/><U18/><E18/><V103/><F103/><W65/><G38/><T119/><D119/><U112/><E112/><V42/><F16/><W39/><G39/><T124/><D124/><U23/><E37/><V68/><F68/><W22/><G22/><T4/><D19/><N who="1" m="12415" /><E36/><V122/><F122/><W135/><G135/><T34/><D34/><U48/><E67/><V47/><F47/><W70/><G70/><RYUUKYOKU ba="0,0" sc="283,10,213,-30,296,10,208,10" hai0="4,10,15,40,44,60,63,84,91,92,93,96,102" hai2="8,11,42,45,49,53,57,61,97,99" hai3="7,9,12,25,27,59,62,65,77,82,83,87,88" />
</Scene>
<Scene>
<INIT seed="8,1,0,3,3,76" ten="293,183,306,218" oya="0" hai0="95,123,26,93,67,6,5,85,132,87,90,52,88" hai1="122,91,114,19,121,3,64,59,57,16,1,89,29" hai2="77,44,47,30,106,54,75,49,124,94,135,63,111" hai3="108,14,69,103,53,81,125,55,113,10,72,35,118"/><T11/><D67/><U46/><E46/><V117/><F106/><W84/><G72/><T74/><D74/><U112/><REACH who="1" step="1"/><E29/><REACH who="1" ten="293,173,306,218" step="2"/><V70/><F30/><W20/><G108/><T80/><D123/><U21/><E21/><V109/><F44/><W107/><G113/><T37/><D132/><U42/><E42/><V39/><F47/><W128/><G128/><T51/><D37/><U0/><E0/><V2/><F2/><W60/><G118/><T83/><D26/><U102/><E102/><V97/><F117/><W50/><G125/><T45/><D6/><U71/><E71/><V116/><F70/><W61/><G20/><T13/><AGARI ba="1,1" hai="5,11,13,45,51,52,80,83,85,87,88,90,93,95" machi="13" ten="20,24000,3" yaku="0,1,7,1,9,1,8,1,52,2,54,2" doraHai="76" who="0" fromWho="0" sc="293,253,173,-81,306,-81,218,-81" owari="546,64.0,92,-41.0,225,3.0,137,-26.0" />
</Scene>
</mjloggm>