<mjloggm ver="2.3"><GO type="169" lobby="0"/><UN n0="%E5%A4%AA%E3%81%8F%E3%81%AA%E3%81%84%E3%81%8A" n1="%54%E3%83%BB%54%E3%83%BB%EF%BC%98" n2="%E9%81%8A%E8%B5%B0" n3="%E2%91%A3%E3%82%BB%E3%83%B3%E3%83%81" dan="18,16,17,17" rate="2253.78,2104.74,2241.87,2180.25" sx="F,M,M,M"/><TAIKYOKU oya="0"/>

<Scene>
<INIT seed="0,0,0,0,0,20" ten="250,250,250,250" oya="0" hai0="58,9,64,28,53,104,12,48,47,133,52,29,89" hai1="51,86,110,31,87,4,33,76,129,112,13,91,2" hai2="97,106,68,36,125,66,11,94,43,6,35,118,109" hai3="99,116,117,107,74,40,17,95,98,60,70,108,81"/><T5/><D133/><U63/><E2/><V80/><F109/><W90/><G40/><T37/><D104/><U122/><E122/><V127/><F118/><W23/><G108/><T18/><D64/><U111/><E112/><V26/><F80/><W85/><G70/><T55/><D37/><U103/><E103/><N who="2" m="62831" /><F94/><W25/><G98/><T126/><D126/><N who="2" m="48138" /><F43/><W69/><G69/><T15/><D89/><U92/><E111/><V134/><F36/><W65/><G65/><T114/><D114/><U24/><E110/><V0/><F134/><W115/><G60/><T16/><D5/><U30/><E30/><N who="2" m="19927" /><F66/><W123/><G123/><T41/><REACH who="0" step="1"/><D58/><REACH who="0" ten="240,250,250,250" step="2"/><U130/><E4/><V124/><F124/><W79/><G115/><T54/><N who="0" m="13312" /><DORA hai="67" /><T19/><D19/><U57/><E130/><V38/><F38/><W3/><G3/><T21/><AGARI ba="0,1" hai="9,12,15,16,18,21,28,29,41,47,48" m="13312" machi="21" ten="40,12000,1" yaku="1,1,0,1,8,1,54,2,53,0" doraHai="20,67" doraHaiUra="34,62" who="0" fromWho="0" sc="240,130,250,-40,250,-40,250,-40" />
</Scene>
<Scene>
<INIT seed="0,1,0,2,1,36" ten="370,210,210,210" oya="0" hai0="106,57,90,32,120,22,68,104,109,98,8,99,124" hai1="38,135,79,50,19,83,29,96,11,5,31,91,114" hai2="87,13,35,20,1,75,67,132,71,12,131,46,9" hai3="100,116,127,94,112,129,85,115,82,122,62,117,59"/><T69/><D32/><U15/><E38/><V42/><F75/><W6/><G6/><T56/><D120/><U7/><E114/><V123/><F123/><W58/><G122/><T26/><D8/><U34/><E135/><V130/><F132/><W93/><G62/><T21/><D90/><U63/><E34/><V33/><F20/><W43/><G85/><T86/><D86/><U81/><E5/><V39/><F1/><W45/><G82/><T119/><D26/><U74/><E63/><N who="2" m="40447" /><F13/><W111/><G45/><T105/><D105/><U4/><E4/><V101/><F87/><W18/><G100/><T66/><D66/><U84/><E96/><V3/><F101/><W128/><G18/><T40/><D124/><U72/><E72/><V103/><F103/><W107/><G111/><T25/><D25/><U80/><E80/><V76/><F76/><W47/><G47/><T97/><D97/><U2/><REACH who="1" step="1"/><E50/><REACH who="1" ten="370,200,210,210" step="2"/><V54/><F33/><W41/><REACH who="3" step="1"/><G107/><REACH who="3" ten="370,200,210,200" step="2"/><T88/><D106/><U89/><E89/><V44/><F39/><W121/><G121/><T113/><D104/><U95/><E95/><V78/><F3/><W133/><G133/><T77/><D88/><U61/><E61/><V55/><F78/><W92/><G92/><T27/><D77/><U10/><AGARI ba="1,2" hai="2,7,10,11,15,19,29,31,74,79,81,83,84,91" machi="10" ten="20,5200,0" yaku="1,1,0,1,7,1,53,1" doraHai="36" doraHaiUra="14" who="1" fromWho="1" sc="370,-27,200,75,210,-14,200,-14" />
</Scene>
<Scene>
<INIT seed="1,0,0,3,1,33" ten="343,275,196,186" oya="1" hai0="57,131,46,83,17,100,45,81,126,2,95,82,20" hai1="85,123,111,77,59,96,76,78,48,69,91,28,51" hai2="50,72,32,124,102,97,99,23,4,19,54,36,11" hai3="47,101,68,70,38,110,52,49,1,9,103,0,29"/><U75/><E69/><V120/><F120/><W31/><G38/><T92/><D131/><U60/><E123/><V121/><F121/><W88/><G110/><T119/><D119/><U30/><E111/><V58/><F32/><W35/><G35/><T117/><D117/><U43/><E75/><V127/><F72/><W62/><G70/><T133/><D133/><U22/><E96/><V3/><F36/><W8/><G8/><T108/><D108/><U40/><E51/><V104/><REACH who="2" step="1"/><F99/><REACH who="2" ten="343,275,186,186" step="2"/><W37/><G37/><T10/><D126/><U90/><E85/><V128/><F128/><W118/><G118/><T21/><D100/><U53/><E48/><V64/><F64/><W25/><G31/><T65/><D65/><U125/><E30/><V13/><AGARI ba="0,1" hai="3,4,11,13,19,23,50,54,58,97,102,104,124,127" machi="13" ten="30,7900,0" yaku="1,1,0,1,52,1,53,1" doraHai="33" doraHaiUra="12" who="2" fromWho="2" sc="343,-20,275,-39,186,89,186,-20" />
</Scene>
<Scene>
<INIT seed="2,0,0,4,3,97" ten="323,236,275,166" oya="2" hai0="112,70,5,20,130,55,123,25,45,37,31,95,29" hai1="62,99,94,6,51,88,38,78,50,105,3,8,116" hai2="124,61,119,133,23,43,49,104,93,79,65,7,76" hai3="83,66,125,71,102,68,80,39,15,14,84,27,18"/><V108/><F119/><W34/><G39/><T131/><D123/><U72/><E116/><V121/><F104/><W73/><G73/><T90/><D112/><U28/><E38/><V110/><F121/><W120/><G125/><T100/><D70/><U60/><E28/><V4/><F124/><W69/><G66/><T134/><D134/><U86/><E62/><V77/><F133/><W54/><G120/><T57/><D5/><U129/><E129/><N who="0" m="49161" /><D100/><N who="1" m="62623" /><E60/><V87/><F23/><W24/><G102/><T0/><D0/><U81/><AGARI ba="0,0" hai="3,6,8,50,51,72,78,81,86,88,94" m="62623" machi="81" ten="30,4000,0" yaku="24,1,52,1,54,1" doraHai="97" who="1" fromWho="1" sc="323,-10,236,40,275,-20,166,-10" />
</Scene>
<Scene>
<INIT seed="3,0,0,5,2,42" ten="313,276,255,156" oya="3" hai0="7,133,30,103,128,18,80,127,66,47,57,52,99" hai1="51,15,58,112,26,28,45,116,88,14,5,21,122" hai2="50,62,61,121,117,120,98,94,2,114,67,97,73" hai3="108,130,84,104,0,60,115,106,101,107,71,36,55"/><W20/><G115/><T40/><D127/><U105/><E122/><N who="2" m="47211" /><F117/><W31/><G0/><T32/><D128/><U74/><E105/><V109/><F114/><W24/><G130/><T96/><D133/><U86/><E116/><V22/><F73/><W44/><G108/><T93/><D7/><U131/><E74/><V53/><F2/><W48/><G36/><T59/><D80/><N who="1" m="49223" /><E112/><V82/><F82/><W41/><G84/><T34/><D30/><U64/><E131/><V56/><F109/><W68/><REACH who="3" step="1"/><G101/><REACH who="3" ten="313,276,255,146" step="2"/><T89/><D103/><U125/><E125/><V119/><F119/><W43/><G43/><T63/><D99/><U81/><E5/><V75/><F75/><W135/><G135/><T8/><D40/><N who="1" m="24999" /><E81/><V39/><F39/><W6/><G6/><T10/><D96/><U78/><E78/><V85/><F85/><W1/><G1/><T69/><D89/><U11/><E11/><V91/><F98/><W132/><G132/><T87/><D8/><U54/><E64/><V4/><F4/><W126/><G126/><T90/><D10/><U37/><E37/><V113/><F113/><W118/><G118/><T33/><D87/><U19/><E28/><V12/><F67/><W83/><G83/><T38/><D38/><U111/><E111/><V35/><F97/><W110/><G110/><T9/><D9/><U16/><E19/><N who="2" m="10599" /><F91/><W29/><G29/><T79/><D18/><U92/><E92/><V46/><F94/><W77/><G77/><T72/><D79/><U123/><E123/><V27/><F53/><W70/><G70/><T129/><D129/><RYUUKYOKU ba="0,1" sc="313,-15,276,15,255,-15,146,15" hai1="14,15,16,21,26,54,58" hai3="20,24,31,41,44,48,55,60,68,71,104,106,107" /><BYE who="0" />
</Scene>
<Scene>
<INIT seed="3,1,1,1,3,92" ten="298,291,240,161" oya="3" hai0="52,79,85,133,12,1,45,62,115,17,84,93,20" hai1="2,32,126,86,41,106,109,117,131,64,75,37,103" hai2="82,33,13,69,4,111,100,27,123,44,74,124,114" hai3="59,128,34,53,134,56,35,7,23,129,15,49,122"/><W95/><G122/><T81/><D81/><U68/><RYUUKYOKU type="yao9" ba="1,1" sc="298,0,291,0,240,0,161,0" hai1="2,32,37,41,64,68,75,86,103,106,109,117,126,131" />
</Scene>
<Scene>
<INIT seed="3,2,1,1,3,23" ten="298,291,240,161" oya="3" hai0="126,82,16,61,27,62,34,28,81,20,105,47,104" hai1="90,123,68,102,111,22,100,135,109,10,33,14,130" hai2="71,56,12,124,26,29,4,110,7,43,99,31,11" hai3="5,57,92,119,1,18,79,113,55,2,117,52,60"/><W120/><G113/><UN n0="%E5%A4%AA%E3%81%8F%E3%81%AA%E3%81%84%E3%81%8A" /><T30/><D126/><U91/><E68/><V54/><F124/><W75/><G120/><T3/><D3/><U35/><E123/><V15/><F71/><W21/><G75/><T103/><D47/><U108/><E22/><V131/><F110/><W63/><G79/><T129/><D129/><U78/><E78/><V36/><F131/><W133/><G133/><T24/><D30/><U48/><E48/><V84/><F36/><W6/><G92/><T107/><REACH who="0" step="1"/><D103/><REACH who="0" ten="288,291,240,161" step="2"/><N who="1" m="39467" /><E130/><V66/><F31/><W97/><G1/><T40/><D40/><U115/><E135/><V8/><F43/><W85/><G2/><T76/><D76/><U67/><E115/><V42/><F42/><W101/><G119/><T134/><D134/><U44/><E44/><V93/><F29/><W121/><G117/><T65/><D65/><U87/><E67/><V95/><F66/><W59/><G121/><T89/><D89/><U116/><E91/><V114/><F114/><W49/><G55/><T88/><D88/><U58/><E116/><V122/><F122/><W41/><G41/><T69/><D69/><U72/><E58/><V17/><F56/><W53/><G49/><T77/><D77/><U83/><E72/><V125/><F54/><W86/><G53/><T9/><D9/><U80/><E80/><AGARI ba="2,2" hai="16,20,24,27,28,34,61,62,80,81,82,104,105,107" machi="80" ten="40,8000,1" yaku="1,1,52,2,54,1,53,1" doraHai="23" doraHaiUra="25" who="0" fromWho="1" sc="288,106,291,-86,240,0,161,0" />
</Scene>
<Scene>
<INIT seed="4,0,0,1,3,108" ten="394,205,240,161" oya="0" hai0="69,29,92,128,44,102,38,125,79,8,16,17,90" hai1="53,77,83,19,12,101,59,86,97,23,47,1,55" hai2="41,15,42,67,32,18,26,103,89,120,118,95,135" hai3="14,104,28,36,51,112,82,93,124,0,127,107,109"/><T35/><D69/><U63/><E1/><V24/><F120/><W62/><G0/><T27/><D102/><U9/><E47/><V20/><F118/><W134/><G36/><T99/><D125/><U6/><E101/><V88/><F135/><W22/><G109/><T13/><D128/><U113/><E97/><N who="2" m="59839" /><F32/><W129/><G93/><T7/><REACH who="0" step="1"/><D79/><REACH who="0" ten="384,205,240,161" step="2"/><U31/><E77/><V96/><F89/><W65/><G129/><T21/><D21/><U76/><E23/><V50/><F20/><W105/><G22/><T94/><D94/><U10/><E31/><V60/><F88/><W48/><G28/><T64/><D64/><U68/><E68/><V43/><F67/><W126/><G107/><T123/><D123/><U4/><E10/><V131/><F131/><W85/><G105/><T46/><D46/><U25/><E9/><V30/><F30/><W130/><G104/><T49/><D49/><U111/><E76/><V61/><F50/><W39/><G130/><T2/><D2/><U121/><E121/><V110/><F110/><W132/><G51/><T75/><D75/><U11/><E111/><V58/><F26/><W56/><G48/><T91/><D91/><U52/><E25/><V45/><F24/><W84/><G127/><T5/><D5/><U122/><E122/><V133/><F45/><W119/><G126/><T106/><D106/><U73/><E73/><V87/><F42/><AGARI ba="0,1" hai="7,8,13,16,17,27,29,35,38,42,44,90,92,99" machi="42" ten="40,3900,0" yaku="1,1,54,1,53,0" doraHai="108" doraHaiUra="98" who="0" fromWho="2" sc="384,49,205,0,240,-39,161,0" />
</Scene>
<Scene>
<INIT seed="4,1,0,5,2,41" ten="433,205,201,161" oya="0" hai0="77,104,91,51,34,127,113,40,31,69,15,75,92" hai1="134,116,107,1,30,117,71,42,118,70,33,35,39" hai2="32,84,48,119,59,46,74,61,130,115,23,125,121" hai3="22,26,109,114,133,123,80,3,94,14,5,79,50"/><T120/><D120/><U87/><E87/><V37/><F121/><W132/><G123/><T38/><D69/><U55/><E55/><V25/><F74/><W89/><G3/><T111/><D104/><U27/><E134/><V65/><F37/><W131/><G109/><T95/><D38/><U64/><E64/><V11/><F119/><W67/><G67/><T129/><D111/><U20/><E1/><V19/><F115/><W16/><G114/><T10/><D113/><U9/><E9/><V81/><F130/><W2/><G2/><T63/><D129/><U60/><E60/><V24/><F125/><W17/><G5/><T45/><D127/><U43/><E43/><N who="2" m="24671" /><F32/><W66/><G66/><T56/><D34/><U88/><E107/><V49/><F49/><W78/><G50/><T98/><D31/><U12/><E35/><V108/><F108/><W73/><G79/><T124/><D124/><U58/><E58/><V83/><F11/><W8/><REACH who="3" step="1"/><G131/><REACH who="3" ten="433,205,201,151" step="2"/><T126/><D126/><U99/><E118/><V85/><F65/><W62/><G62/><T110/><D110/><U57/><E117/><V105/><F61/><W44/><G44/><T135/><D77/><U18/><E116/><V28/><F59/><W76/><G76/><T36/><D56/><U0/><E57/><V128/><F128/><W112/><G112/><T53/><D63/><U93/><E0/><V100/><F81/><W103/><G103/><T68/><D51/><U101/><E101/><V82/><F82/><W6/><G6/><T90/><D36/><U7/><E7/><V54/><F83/><RYUUKYOKU ba="1,1" sc="433,-15,205,15,201,-15,151,15" hai1="12,18,20,27,30,33,39,42,70,71,88,93,99" hai3="8,14,16,17,22,26,73,78,80,89,94,132,133" />
</Scene>
<Scene>
<INIT seed="5,2,1,5,1,1" ten="418,220,186,166" oya="1" hai0="91,80,128,122,65,15,28,0,6,134,100,74,71" hai1="51,11,4,64,63,127,60,123,16,135,25,20,70" hai2="13,92,78,68,41,27,121,44,47,58,32,129,43" hai3="26,115,67,62,31,96,7,73,93,108,29,113,77"/><U22/><E123/><V3/><F121/><W33/><G108/><T83/><D0/><U105/><E105/><V114/><F68/><W84/><G73/><T42/><D122/><U46/><E135/><V61/><F3/><W94/><G31/><T2/><D2/><U14/><E127/><V35/><F129/><W133/><G133/><T87/><D134/><U89/><E22/><V98/><F114/><N who="3" m="43531" /><G7/><T79/><D128/><U82/><E70/><V48/><F78/><W10/><G10/><T104/><D42/><U103/><E103/><V40/><F13/><W85/><G77/><T120/><D120/><U57/><E63/><V118/><F118/><W88/><G94/><T12/><D28/><U124/><E124/><V86/><F86/><W109/><G109/><T5/><D15/><U8/><E8/><V30/><F35/><W59/><AGARI ba="2,1" hai="26,29,33,59,62,67,84,85,88,93,96" m="43531" machi="59" ten="30,2000,0" yaku="15,1,54,1" doraHai="1" who="3" fromWho="3" sc="418,-7,220,-12,186,-7,166,36" />
</Scene>
<Scene>
<INIT seed="6,0,0,3,5,26" ten="411,208,179,202" oya="2" hai0="32,123,14,70,90,64,73,9,125,92,126,50,66" hai1="86,55,88,46,60,103,116,56,0,63,67,104,4" hai2="68,27,124,62,40,114,31,10,81,20,42,97,53" hai3="28,109,65,96,3,45,94,48,99,12,7,89,111"/><V36/><F114/><W39/><G3/><T75/><D32/><U118/><E4/><V117/><F117/><W24/><G39/><T101/><D101/><U5/><E5/><V47/><F124/><N who="0" m="47722" /><D123/><U15/><E0/><V112/><F112/><W25/><G25/><T79/><D50/><U13/><E103/><V72/><F42/><W57/><G99/><N who="0" m="57751" /><D79/><U23/><E104/><V21/><F97/><W54/><G65/><N who="0" m="25195" /><D70/><U119/><E46/><V33/><F10/><W95/><G95/><T51/><D51/><U128/><E128/><V17/><F68/><W131/><G45/><T35/><D35/><U93/><E63/><V82/><F72/><W80/><G80/><T102/><D102/><U18/><E67/><V44/><F33/><W61/><G61/><T30/><D30/><U129/><E129/><V91/><F91/><W133/><G133/><T106/><D106/><U100/><E100/><V110/><F110/><W84/><G96/><T38/><D38/><U132/><E132/><V58/><REACH who="2" step="1"/><F44/><REACH who="2" ten="411,208,169,202" step="2"/><W43/><G43/><T41/><D41/><U134/><E134/><V22/><F22/><W69/><G69/><T76/><D76/><U74/><E74/><V107/><F107/><W8/><G131/><T2/><D2/><U37/><E37/><V6/><F6/><AGARI ba="0,1" hai="6,9,14,73,75" m="25195,57751,47722" machi="6" ten="30,1000,0" yaku="18,1" doraHai="26" who="0" fromWho="2" sc="411,20,208,0,169,-10,202,0" />
</Scene>
<Scene>
<INIT seed="7,0,0,1,0,29" ten="431,208,159,202" oya="3" hai0="56,127,45,89,37,46,78,119,134,47,115,88,50" hai1="60,8,63,65,93,33,128,99,1,57,24,18,121" hai2="111,20,109,76,87,27,2,94,118,113,117,70,41" hai3="44,96,22,36,131,52,122,100,77,75,55,34,13"/><W17/><G122/><T48/><D37/><U21/><E121/><V66/><F70/><W112/><G112/><T31/><D119/><U6/><E128/><V23/><F66/><W97/><G131/><T108/><D108/><U84/><E84/><V135/><F113/><W102/><G34/><T49/><D115/><U68/><E33/><V4/><F41/><W110/><G110/><N who="2" m="41993" /><F94/><W91/><G91/><T69/><D69/><U9/><E9/><N who="2" m="2199" /><F87/><W28/><G28/><T74/><D134/><U12/><E63/><V124/><F76/><W86/><G86/><T95/><D127/><U11/><E68/><V51/><F51/><W114/><G114/><T120/><D120/><U126/><E126/><V81/><F81/><W71/><G71/><T19/><D31/><U26/><E11/><V107/><F107/><W64/><G64/><T92/><D74/><U38/><E38/><V132/><F124/><W85/><G85/><N who="0" m="52239" /><D78/><U83/><E83/><V79/><F79/><W90/><G90/><AGARI ba="0,0" hai="1,6,8,12,18,21,24,26,57,60,65,90,93,99" machi="90" ten="30,1000,0" yaku="7,1" doraHai="29" who="1" fromWho="3" sc="431,0,208,10,159,0,202,-10" owari="431,53.0,218,2.0,159,-34.0,192,-21.0" />
</Scene>
</mjloggm>