<mjloggm ver="2.3"><GO type="169" lobby="0"/><UN n0="%4A%57%49%4C%4C" n1="%67%61%6D%6F%33" n2="%E5%A4%AA%E3%81%8F%E3%81%AA%E3%81%84%E3%81%8A" n3="%79%75%6D%69%6B%69%6B%61" dan="16,18,18,16" rate="2160.04,2172.16,2261.75,2063.18" sx="M,M,M,M"/><TAIKYOKU oya="0"/>

<Scene>
<INIT seed="0,0,0,5,5,97" ten="250,250,250,250" oya="0" hai0="64,105,84,68,36,120,3,123,37,34,7,30,43" hai1="51,104,73,98,96,82,14,48,88,70,55,63,109" hai2="86,134,24,94,8,117,75,21,1,77,42,101,22" hai3="113,72,127,111,107,45,16,47,99,124,133,91,89"/><T116/><D84/><U66/><E109/><V131/><F134/><W13/><G111/><T121/><D116/><U35/><E35/><V65/><F117/><W126/><G72/><T11/><D105/><U76/><E14/><V102/><F75/><W110/><G133/><T46/><D37/><U38/><E38/><V10/><F131/><W81/><G113/><T49/><D49/><U114/><E114/><V92/><F42/><W4/><G4/><T19/><D19/><U9/><E9/><N who="2" m="3691" /><F1/><W71/><G71/><T80/><D80/><U103/><REACH who="1" step="1"/><E55/><REACH who="1" ten="250,240,250,250" step="2"/><V54/><F54/><W118/><G118/><T25/><REACH who="0" step="1"/><D121/><REACH who="0" ten="240,240,250,250" step="2"/><U0/><E0/><V59/><F24/><W67/><G110/><T128/><D128/><U83/><E83/><N who="2" m="47471" /><F92/><AGARI ba="0,2" hai="48,51,63,66,70,73,76,82,88,92,96,98,103,104" machi="92" ten="40,5200,0" yaku="1,1,52,1,54,1,53,0" doraHai="97" doraHaiUra="135" who="1" fromWho="2" sc="240,0,240,72,250,-52,250,0" />
</Scene>
<Scene>
<INIT seed="1,0,0,1,0,81" ten="240,312,198,250" oya="1" hai0="116,4,119,20,8,7,40,5,135,48,124,69,0" hai1="66,33,74,129,58,90,95,10,77,134,39,102,118" hai2="34,26,11,123,101,64,29,49,86,54,51,80,37" hai3="35,85,70,19,99,24,57,115,133,61,132,79,76"/><U17/><E118/><V128/><F123/><W32/><G70/><T84/><D69/><U67/><E129/><V60/><F37/><W87/><G99/><T9/><D135/><N who="3" m="51785" /><G115/><T93/><D124/><U88/><E134/><V2/><F128/><W125/><G125/><T122/><D20/><U18/><E33/><N who="3" m="12874" /><G24/><T121/><D40/><U98/><E39/><V91/><F101/><W94/><G94/><T89/><D48/><U103/><E103/><V83/><F83/><W46/><G46/><T44/><D44/><U47/><E47/><V12/><F2/><W14/><G79/><T23/><D23/><U15/><E77/><V68/><REACH who="2" step="1"/><F54/><REACH who="2" ten="240,312,188,250" step="2"/><N who="3" m="33975" /><G76/><T65/><D65/><U45/><E67/><V127/><F127/><W62/><G62/><T78/><D78/><U3/><E3/><V63/><F63/><W113/><G113/><T72/><D72/><U38/><E74/><V56/><F56/><W27/><G27/><T25/><D25/><U28/><E66/><V111/><F111/><W43/><G43/><T114/><D114/><U120/><E58/><V131/><F131/><W16/><G19/><AGARI ba="0,1" hai="11,12,19,26,29,34,49,51,60,64,68,80,86,91" machi="19" ten="30,3900,0" yaku="1,1,7,1,52,1,53,0" doraHai="81" doraHaiUra="105" who="2" fromWho="3" sc="240,0,312,0,188,49,250,-39" />
</Scene>
<Scene>
<INIT seed="2,0,0,5,1,125" ten="240,312,237,211" oya="2" hai0="65,60,55,126,103,27,71,3,120,40,80,19,67" hai1="47,45,105,57,0,101,49,13,39,53,110,107,36" hai2="43,95,130,90,131,116,134,72,20,12,109,24,52" hai3="76,17,85,117,94,121,118,97,7,29,30,132,75"/><V62/><F116/><W10/><G121/><T87/><D120/><U31/><E0/><V106/><F106/><W108/><G75/><T5/><D126/><U8/><E110/><V96/><F72/><W34/><G108/><T4/><D103/><U59/><E31/><V38/><F109/><W21/><G132/><T2/><D40/><U68/><E68/><V122/><F122/><W9/><G9/><T61/><D55/><U15/><E101/><V114/><F114/><W18/><G18/><T111/><D111/><U100/><E100/><V63/><F12/><W69/><G69/><T99/><D99/><U79/><E79/><V135/><F43/><W64/><G64/><T25/><D2/><U54/><E8/><V115/><F38/><W124/><G124/><T73/><D73/><U91/><E49/><V74/><F74/><W83/><G34/><T123/><D123/><U133/><E91/><V66/><F115/><W93/><G93/><T16/><D3/><U81/><E81/><V102/><F102/><N who="3" m="60727" /><G118/><T113/><D113/><U28/><E28/><N who="2" m="17415" /><F52/><W50/><G50/><T32/><D71/><U84/><E84/><V82/><F82/><W41/><G41/><T128/><D80/><U37/><E37/><V26/><F63/><W58/><G58/><T35/><D87/><U119/><E119/><V127/><F127/><W6/><G117/><T88/><D88/><U104/><E104/><V44/><F44/><W14/><G6/><T56/><D56/><U23/><E133/><N who="2" m="50699" /><F26/><AGARI ba="0,0" hai="7,10,14,17,21,26,29,30,76,83,85" m="60727" machi="26" ten="30,1000,0" yaku="8,1" doraHai="125" who="3" fromWho="2" sc="240,0,312,0,237,-10,211,10" />
</Scene>
<Scene>
<INIT seed="3,0,0,0,1,31" ten="240,312,227,221" oya="3" hai0="12,67,126,131,71,23,0,10,45,3,49,120,32" hai1="124,39,134,53,104,86,94,85,28,9,24,97,22" hai2="100,105,16,26,108,63,127,33,99,2,41,13,102" hai3="27,75,80,51,6,47,25,37,59,113,74,7,90"/><W36/><G113/><T72/><D120/><U88/><E124/><V115/><F115/><W70/><G70/><T83/><D126/><U29/><E134/><V17/><F127/><W109/><G109/><T117/><D117/><U65/><E39/><V44/><F2/><W66/><G36/><T73/><D131/><U128/><E128/><V95/><F108/><W114/><G37/><T78/><D32/><U30/><E65/><V35/><F102/><W89/><G75/><T125/><D23/><U79/><E9/><V112/><F112/><W116/><G74/><T18/><D73/><U46/><E104/><V129/><F129/><W133/><G133/><T132/><D132/><U54/><E46/><V119/><F119/><W8/><G116/><T122/><D122/><U4/><E4/><N who="3" m="1578" /><G8/><T48/><D125/><U1/><E1/><V52/><F105/><W61/><G114/><T103/><D103/><U20/><E85/><V87/><F87/><N who="3" m="50407" /><G90/><T43/><REACH who="0" step="1"/><D49/><REACH who="0" ten="230,312,227,221" step="2"/><U40/><E22/><N who="2" m="13639" /><F33/><W5/><G5/><T92/><D92/><U121/><E121/><V14/><F35/><W42/><AGARI ba="0,1" hai="25,27,42,47,51,59,61,66" m="50407,1578" machi="42" ten="30,1500,0" yaku="8,1" doraHai="31" who="3" fromWho="3" sc="230,-5,312,-5,227,-5,221,25" />
</Scene>
<Scene>
<INIT seed="3,1,0,5,1,59" ten="225,307,222,246" oya="3" hai0="69,32,67,36,52,87,51,57,121,14,34,93,81" hai1="92,115,118,91,109,29,95,20,55,45,70,117,133" hai2="110,125,63,64,83,98,58,43,54,130,27,38,24" hai3="100,23,97,21,65,77,5,62,19,35,22,94,131"/><W66/><G35/><T50/><D121/><U108/><E115/><V111/><F125/><W114/><G114/><T60/><D36/><U103/><E70/><V96/><F130/><W102/><G131/><T105/><D105/><U106/><E133/><V119/><F119/><N who="1" m="45577" /><E106/><V13/><F13/><W101/><G66/><T116/><D116/><U0/><E0/><V11/><F11/><W89/><G5/><T49/><D93/><N who="1" m="35915" /><E91/><V84/><F43/><W2/><G77/><T82/><D14/><U127/><E103/><V122/><F38/><W126/><G126/><T40/><D82/><U90/><E90/><N who="2" m="51487" /><F122/><W30/><G2/><T12/><D12/><U8/><E8/><V113/><F113/><W123/><G123/><T80/><D80/><U18/><E29/><V78/><F78/><W104/><G104/><T76/><REACH who="0" step="1"/><D40/><REACH who="0" ten="215,307,222,246" step="2"/><U48/><E127/><V128/><F128/><W37/><G37/><T53/><D53/><U33/><E33/><AGARI ba="1,1" hai="32,33,34,49,50,51,52,57,60,67,69,76,81,87" machi="33" ten="40,8000,1" yaku="1,1,52,1,54,1,53,1" doraHai="59" doraHaiUra="75" who="0" fromWho="1" sc="215,93,307,-83,222,0,246,0" />
</Scene>
<Scene>
<INIT seed="4,0,0,5,0,44" ten="308,224,222,246" oya="0" hai0="74,59,77,125,53,15,3,104,115,49,108,16,120" hai1="101,96,95,26,4,94,29,36,5,47,7,73,50" hai2="105,52,69,70,97,99,72,1,30,117,82,75,57" hai3="38,130,27,63,43,20,91,14,87,12,67,83,11"/><T116/><D116/><U98/><E73/><V13/><F1/><W109/><G109/><T126/><D120/><U86/><E86/><V17/><F117/><W107/><G107/><T134/><D3/><U80/><E80/><V42/><F42/><W35/><G35/><T61/><D104/><U40/><E36/><V64/><F30/><W90/><G130/><T111/><D115/><U124/><E124/><N who="0" m="47721" /><D134/><U54/><E54/><V89/><F64/><W24/><G38/><T19/><D77/><U128/><E128/><V131/><F131/><W23/><G90/><T56/><D74/><U113/><E113/><V81/><F105/><W119/><G43/><T0/><D0/><U79/><E79/><V28/><F28/><N who="3" m="17415" /><G11/><N who="0" m="6271" /><D19/><U9/><E9/><V135/><F135/><W45/><G27/><T65/><AGARI ba="0,0" hai="49,53,56,59,61,65,108,111" m="6271,47721" machi="65" ten="30,6000,0" yaku="18,1,52,1,54,1" doraHai="44" who="0" fromWho="0" sc="308,60,224,-20,222,-20,246,-20" />
</Scene>
<Scene>
<INIT seed="4,1,0,2,3,44" ten="368,204,202,226" oya="0" hai0="22,42,8,52,27,53,126,63,41,81,134,78,15" hai1="125,61,9,57,76,0,54,95,73,132,16,85,103" hai2="5,37,11,113,34,2,112,116,80,71,130,29,120" hai3="118,46,64,55,114,69,77,82,35,32,51,70,88"/><T45/><D134/><U94/><E132/><V24/><F37/><W93/><G118/><T100/><D100/><U56/><E73/><V101/><F71/><W18/><G114/><N who="2" m="44137" /><F101/><W104/><G104/><T109/><D126/><U40/><E125/><V66/><F66/><W23/><G32/><T84/><D109/><U129/><E129/><V99/><F99/><W86/><G35/><T38/><D42/><U110/><E40/><V92/><F92/><W17/><G17/><T106/><D63/><U90/><E76/><V121/><F80/><W25/><REACH who="3" step="1"/><G64/><REACH who="3" ten="368,204,202,216" step="2"/><T74/><D106/><U20/><E110/><V108/><F108/><W33/><G33/><T3/><D3/><U12/><E0/><V96/><F130/><W89/><G89/><T102/><D102/><U123/><E103/><V14/><F116/><W72/><AGARI ba="1,1" hai="18,23,25,46,51,55,69,70,72,77,82,86,88,93" machi="72" ten="20,8000,1" yaku="1,1,0,1,7,1,52,1,54,1,53,0" doraHai="44" doraHaiUra="98" who="3" fromWho="3" sc="368,-41,204,-21,202,-21,216,93" />
</Scene>
<Scene>
<INIT seed="5,0,0,4,5,47" ten="327,183,181,309" oya="1" hai0="80,84,46,77,74,103,105,82,34,117,112,99,89" hai1="45,51,56,48,90,42,81,17,135,124,33,21,60" hai2="24,5,122,101,13,58,43,68,115,67,73,119,92" hai3="30,50,123,38,91,111,16,12,88,102,118,18,131"/><U83/><E124/><V14/><F119/><W69/><G38/><T62/><D34/><U28/><E135/><V37/><F122/><W129/><G111/><T22/><D62/><U108/><E108/><V1/><F73/><W104/><G69/><T49/><D112/><U31/><E33/><V134/><F68/><W44/><G30/><N who="1" m="11306" /><E90/><N who="3" m="34346" /><G12/><T25/><D117/><U75/><E75/><V55/><F67/><W78/><G78/><T100/><D100/><U2/><E2/><V36/><F101/><W23/><G23/><T57/><D57/><U27/><E48/><V107/><F58/><W52/><G123/><T70/><D70/><U59/><E59/><V6/><F1/><W39/><G39/><T8/><D8/><U97/><E97/><V130/><F134/><W126/><G126/><T85/><D74/><U19/><E19/><V29/><F29/><W0/><G0/><T63/><D63/><U3/><E3/><V32/><F32/><W128/><G118/><T35/><D35/><U15/><E15/><V113/><F36/><W76/><G76/><T53/><REACH who="0" step="1"/><D25/><REACH who="0" ten="317,183,181,309" step="2"/><U116/><E116/><V72/><F24/><W20/><G20/><AGARI ba="0,1" hai="20,22,46,49,53,77,80,82,84,85,89,99,103,105" machi="20" ten="40,8000,1" yaku="1,1,2,1,52,1,53,1" doraHai="47" doraHaiUra="98" who="0" fromWho="3" sc="317,90,183,0,181,0,309,-80" />
</Scene>
<Scene>
<INIT seed="6,0,0,4,2,84" ten="407,183,181,229" oya="2" hai0="66,15,41,19,51,101,63,23,118,124,22,74,135" hai1="11,108,37,129,123,20,25,77,65,92,26,24,114" hai2="10,13,35,90,29,67,68,94,121,30,133,122,110" hai3="104,86,1,12,128,131,82,103,117,73,100,119,8"/><V47/><F133/><W71/><G71/><T54/><D135/><U27/><E108/><V31/><F35/><W56/><G1/><T6/><D124/><U98/><E37/><V89/><F110/><W62/><G73/><T46/><D74/><U88/><E114/><V16/><F47/><W106/><G103/><T2/><D118/><U42/><E129/><N who="3" m="49738" /><G100/><T38/><D101/><U59/><E123/><V14/><F14/><W102/><G102/><T55/><D22/><U18/><E42/><V50/><F50/><W87/><G87/><T120/><D120/><U126/><E126/><V83/><F83/><W32/><G32/><T113/><D113/><U130/><E130/><V134/><F134/><W17/><G106/><T125/><D38/><U112/><E112/><V21/><F21/><W9/><G9/><T99/><D99/><U5/><E77/><V3/><F3/><W70/><G70/><T69/><REACH who="0" step="1"/><D125/><REACH who="0" ten="397,183,181,229" step="2"/><U44/><E20/><V53/><F122/><W127/><G127/><T52/><D52/><U93/><E65/><V7/><F53/><N who="3" m="34063" /><G104/><T61/><D61/><U33/><E33/><V64/><F121/><W49/><G49/><T109/><D109/><U0/><E98/><V85/><F64/><W72/><G72/><T57/><D57/><U28/><E59/><V116/><F116/><W132/><G132/><T115/><D115/><U75/><E75/><V105/><F105/><W48/><G48/><T4/><D4/><U34/><E44/><V81/><F7/><W107/><G107/><T43/><D43/><U97/><E34/><V39/><F39/><RYUUKYOKU ba="0,1" sc="397,15,183,-15,181,-15,229,15" hai0="2,6,15,19,23,41,46,51,54,55,63,66,69" hai3="8,12,17,82,86,117,119" />
</Scene>
<Scene>
<INIT seed="7,1,1,5,1,76" ten="412,168,166,244" oya="3" hai0="47,96,26,14,48,21,95,71,53,77,85,16,116" hai1="130,27,3,38,75,81,128,74,105,0,112,106,124" hai2="15,133,19,126,113,28,65,24,80,67,93,20,6" hai3="79,94,125,135,98,32,57,102,110,23,121,107,72"/><W45/><G32/><T70/><D116/><U59/><E112/><V108/><F108/><W46/><G121/><T64/><D64/><U86/><E124/><V101/><F113/><W118/><G118/><T36/><D36/><U41/><E27/><V89/><F126/><W91/><G135/><T58/><D47/><N who="1" m="23991" /><E59/><V4/><F101/><W99/><G110/><T115/><D115/><U114/><E114/><V8/><F133/><W25/><G57/><T55/><D55/><U100/><E100/><V69/><F80/><W82/><REACH who="3" step="1"/><G125/><REACH who="3" ten="412,168,166,234" step="2"/><T62/><D58/><U119/><E119/><V60/><REACH who="2" step="1"/><F67/><REACH who="2" ten="412,168,156,234" step="2"/><W120/><G120/><T61/><D71/><U34/><E34/><V18/><F18/><AGARI ba="1,3" hai="18,23,25,45,46,72,79,82,91,94,98,99,102,107" machi="18" ten="30,11600,0" yaku="1,1,7,1,52,1,53,1" doraHai="76" doraHaiUra="104" who="3" fromWho="2" sc="412,0,168,0,156,-119,234,149" />
</Scene>
<Scene>
<INIT seed="7,2,0,5,1,120" ten="412,168,37,383" oya="3" hai0="94,1,101,95,75,118,125,88,115,106,112,121,43" hai1="64,11,83,23,117,73,3,62,134,135,10,77,55" hai2="61,129,132,92,4,99,2,21,105,26,46,48,47" hai3="85,19,71,87,74,78,38,31,130,100,69,59,65"/><W8/><G38/><T60/><D1/><U56/><E117/><V96/><F132/><N who="1" m="50729" /><E3/><V35/><F129/><W22/><G130/><T53/><D118/><U15/><E15/><V50/><F35/><W93/><G74/><T39/><D121/><U42/><E42/><V102/><F2/><W41/><G41/><T76/><D125/><U63/><E23/><V104/><F4/><W81/><G8/><T33/><D33/><U82/><E82/><V49/><F105/><W86/><G71/><AGARI ba="2,0" hai="10,11,55,56,62,63,64,71,73,77,83" m="50729" machi="71" ten="30,1000,0" yaku="20,1" doraHai="120" who="1" fromWho="3" sc="412,0,168,16,37,0,383,-16" owari="412,51.0,184,-22.0,37,-46.0,367,17.0" />
</Scene>
</mjloggm>