<mjloggm ver="2.3"><GO type="169" lobby="0"/><UN n0="%E5%A4%AA%E3%81%8F%E3%81%AA%E3%81%84%E3%81%8A" n1="%E5%8D%97%E3%82%A2%E7%94%B7" n2="%E3%81%AE%E3%81%B3%E3%81%97%E3%82%8D%E2%99%82" n3="%74%61%74%73%75%37%30%32" dan="19,16,16,17" rate="2318.11,2024.34,2095.70,2170.94" sx="F,M,M,M"/><TAIKYOKU oya="0"/>

<Scene>
<INIT seed="0,0,0,5,3,124" ten="250,250,250,250" oya="0" hai0="110,69,88,39,14,116,36,85,82,52,94,33,92" hai1="34,84,0,128,102,56,62,37,66,77,81,11,132" hai2="111,30,122,9,48,86,106,78,7,2,123,99,15" hai3="57,22,96,75,61,17,46,131,129,119,31,47,26"/><T107/><D107/><U87/><E128/><N who="3" m="49226" /><G119/><T58/><D69/><U59/><E37/><V95/><F48/><W71/><G71/><T5/><D33/><U3/><E132/><V43/><F95/><W27/><G75/><T20/><D116/><U76/><E34/><V19/><F15/><N who="3" m="9535" /><G96/><T135/><D135/><U68/><E102/><V4/><F99/><W101/><G101/><T23/><D39/><U35/><E35/><V114/><F106/><W117/><G117/><T126/><D36/><U120/><E120/><V50/><F122/><W51/><G31/><T24/><D126/><U70/><E70/><V12/><F30/><W67/><G47/><T115/><D115/><U60/><E11/><V97/><F9/><W79/><G79/><T53/><D110/><U118/><E118/><V18/><F97/><W28/><G28/><N who="0" m="17415" /><D23/><U90/><E68/><V8/><F78/><W104/><G104/><T100/><D100/><U109/><E109/><V10/><F114/><W127/><G127/><T25/><D25/><U32/><E32/><V103/><F103/><W55/><AGARI ba="0,0" hai="26,27,46,51,55,57,61,67" m="9535,49226" machi="55" ten="30,7900,0" yaku="19,1,52,3" doraHai="124" who="3" fromWho="3" sc="250,-39,250,-20,250,-20,250,79" />
</Scene>
<Scene>
<INIT seed="1,0,0,1,0,30" ten="211,230,230,329" oya="1" hai0="31,33,65,91,79,130,58,16,129,73,32,116,117" hai1="20,95,23,71,134,57,88,0,18,119,89,61,120" hai2="21,12,60,42,98,113,17,127,135,96,82,38,37" hai3="90,1,124,125,63,24,3,69,27,29,109,94,40"/><U83/><E120/><V111/><F135/><W54/><G109/><T92/><D31/><U53/><E119/><N who="0" m="45641" /><D79/><U62/><E134/><V121/><F127/><N who="3" m="48715" /><G40/><T76/><D76/><U72/><E0/><V87/><F111/><W52/><G69/><T104/><D104/><U5/><E5/><V102/><F96/><N who="3" m="57431" /><G27/><T22/><D73/><U74/><E83/><V50/><F113/><W13/><G13/><N who="0" m="9487" /><D58/><U103/><E103/><V106/><F102/><W133/><G133/><T66/><D66/><U55/><E23/><V80/><F21/><N who="3" m="15503" /><G54/><T107/><D65/><U132/><E132/><V75/><F42/><W99/><G99/><N who="0" m="57759" /><D107/><U115/><E115/><V114/><F106/><W44/><G63/><T97/><D97/><N who="1" m="57575" /><E89/><V85/><F98/><W28/><G28/><T47/><D47/><U51/><E71/><V112/><F114/><W46/><G44/><T70/><D70/><U105/><E105/><V78/><F112/><W43/><G43/><T86/><D86/><U126/><E126/><V48/><F87/><W131/><G3/><T8/><D8/><U118/><E118/><V81/><F85/><W10/><G1/><T39/><D39/><U7/><E74/><V93/><F38/><W64/><G64/><T45/><D45/><N who="1" m="27887" /><E72/><V128/><F75/><W2/><G46/><T11/><D11/><U34/><E34/><V41/><F37/><W68/><G68/><T122/><D122/><U15/><E62/><V56/><F60/><W4/><G52/><T84/><D84/><U36/><E36/><V123/><F121/><W19/><G19/><T67/><D67/><RYUUKYOKU ba="0,0" sc="211,10,230,10,230,-30,329,10" hai0="32,33,129,130" hai1="7,15,18,20,55,57,61" hai3="2,4,10,131" />
</Scene>
<Scene>
<INIT seed="1,1,0,4,5,19" ten="221,240,200,339" oya="1" hai0="65,130,52,11,83,135,20,6,124,89,132,15,40" hai1="100,29,14,118,93,108,67,103,27,98,126,46,72" hai2="3,92,73,69,18,101,28,104,50,129,120,22,122" hai3="44,128,76,134,1,38,66,45,64,90,110,86,30"/><U32/><E118/><V97/><F129/><W24/><G128/><T13/><D130/><U121/><E121/><V91/><F73/><W31/><G110/><T33/><D33/><U60/><E72/><V2/><F69/><W51/><G134/><N who="0" m="51243" /><D65/><N who="3" m="25193" /><G38/><T81/><D40/><U63/><E126/><V55/><F28/><N who="3" m="10795" /><G1/><T34/><D34/><U125/><E125/><V87/><F122/><W54/><G24/><T9/><D124/><U5/><E108/><V88/><F91/><W37/><G37/><T117/><D117/><U82/><E82/><V115/><F115/><W116/><G116/><T7/><D89/><U109/><E109/><V96/><F96/><W25/><G25/><T111/><D111/><U127/><E127/><V4/><F4/><W75/><G75/><T85/><D85/><U26/><E26/><V61/><F61/><W49/><G90/><T58/><D20/><U39/><E103/><V102/><F102/><W95/><G86/><T10/><D10/><U105/><E105/><V43/><F43/><N who="3" m="24735" /><G95/><T133/><N who="0" m="51251" /><T78/><DORA hai="79" /><D78/><AGARI ba="1,0" hai="45,51,54,76,78" m="24735,10795,25193" machi="78" ten="30,1000,0" yaku="8,1" doraHai="19,79" who="3" fromWho="0" sc="221,-13,240,0,200,0,339,13" />
</Scene>
<Scene>
<INIT seed="2,0,0,3,4,48" ten="208,240,200,352" oya="2" hai0="100,125,103,5,87,46,25,39,8,29,12,122,85" hai1="84,24,115,97,14,77,41,86,132,104,27,31,76" hai2="106,127,28,53,50,19,7,107,126,75,13,91,49" hai3="62,64,65,133,45,16,99,94,6,92,30,3,22"/><V95/><F75/><W134/><G30/><T60/><D122/><U47/><E115/><V113/><F50/><W89/><G6/><T61/><D125/><N who="2" m="47626" /><F7/><W116/><G3/><T18/><D39/><U117/><E132/><N who="3" m="50794" /><G45/><T20/><D46/><U121/><E117/><V52/><F28/><W68/><G94/><T73/><D73/><U98/><E121/><V108/><F113/><W26/><G65/><T4/><D4/><U109/><E109/><V57/><F108/><W44/><G44/><T66/><D61/><U81/><E14/><V32/><F32/><W37/><G37/><T34/><D103/><U15/><E15/><V58/><F58/><W110/><G110/><T70/><REACH who="0" step="1"/><D100/><REACH who="0" ten="198,240,200,352" step="2"/><U131/><E47/><V43/><F43/><W23/><G116/><T55/><D55/><N who="2" m="21066" /><F49/><W69/><G68/><T90/><D90/><U79/><E41/><V0/><F57/><W78/><G69/><T33/><D33/><U135/><E135/><V102/><F102/><W129/><G62/><T11/><D11/><U82/><E104/><V71/><F71/><W80/><G23/><T63/><D63/><U36/><E36/><V38/><F38/><W118/><G118/><T88/><D88/><U72/><E72/><V35/><F35/><W10/><G89/><T120/><D120/><U93/><E31/><V2/><F107/><W128/><G64/><T112/><D112/><U114/><E114/><V83/><F106/><W51/><G22/><T17/><D17/><U105/><E105/><V40/><F40/><W130/><G16/><T96/><D96/><U101/><E98/><RYUUKYOKU ba="0,1" sc="198,30,240,-10,200,-10,352,-10" hai0="5,8,12,18,20,25,29,34,60,66,70,85,87" />
</Scene>
<Scene>
<INIT seed="3,1,1,0,0,16" ten="228,230,190,342" oya="3" hai0="33,39,127,58,19,75,118,68,31,65,42,71,120" hai1="112,67,59,79,8,60,126,104,41,73,102,25,4" hai2="69,86,51,30,110,28,6,36,89,131,7,125,124" hai3="56,87,44,88,84,95,35,72,109,45,105,117,80"/><W114/><G35/><T115/><D75/><U32/><E112/><V133/><F36/><W64/><G114/><T134/><D115/><U29/><E126/><N who="2" m="48747" /><F69/><W77/><G117/><T26/><D127/><U0/><E41/><V97/><F97/><W135/><G135/><T81/><D118/><U61/><E61/><V12/><F51/><W43/><G105/><T13/><D120/><U101/><E101/><V49/><F49/><W55/><G109/><T94/><D81/><U113/><E113/><V63/><F63/><W99/><G64/><T123/><D123/><U103/><E102/><V38/><F38/><W53/><G55/><T37/><D134/><U132/><E132/><V14/><F133/><W48/><G45/><T90/><D58/><U78/><E73/><V91/><F131/><W22/><G22/><T116/><D116/><U122/><E122/><V5/><F110/><W1/><REACH who="3" step="1"/><G1/><REACH who="3" ten="228,230,190,332" step="2"/><T23/><D65/><U57/><E59/><V54/><F54/><W21/><G21/><T46/><REACH who="0" step="1"/><D37/><AGARI ba="1,2" hai="37,43,44,48,53,56,72,77,80,84,87,88,95,99" machi="37" ten="30,11600,0" yaku="1,1,7,1,54,1,53,1" doraHai="16" doraHaiUra="106" who="3" fromWho="0" sc="228,-119,230,0,190,0,332,139" />
</Scene>
<Scene>
<INIT seed="3,2,0,0,4,20" ten="109,230,190,471" oya="3" hai0="133,9,82,12,121,72,61,127,24,53,55,5,32" hai1="3,29,41,52,59,14,109,27,117,116,67,45,104" hai2="47,123,19,102,126,118,62,51,66,60,130,125,73" hai3="135,43,86,35,28,106,36,11,40,63,56,48,69"/><W96/><G135/><T8/><D121/><U64/><E104/><V100/><F118/><N who="1" m="45673" /><E109/><V15/><F73/><W39/><G86/><T79/><D133/><U120/><E3/><V92/><F130/><W54/><G11/><T90/><D127/><N who="2" m="48650" /><F123/><W84/><G84/><T17/><D90/><U70/><E70/><N who="2" m="42311" /><F62/><W74/><G74/><T13/><REACH who="0" step="1"/><D61/><REACH who="0" ten="99,230,190,471" step="2"/><U89/><E89/><V68/><F102/><N who="3" m="62791" /><G39/><T22/><D22/><N who="1" m="15607" /><E120/><V58/><F100/><W87/><G36/><T31/><AGARI ba="2,1" hai="5,8,9,12,13,17,24,31,32,53,55,72,79,82" machi="31" ten="30,7900,0" yaku="1,1,0,1,52,1,53,1" doraHai="20" doraHaiUra="1" who="0" fromWho="0" sc="99,95,230,-22,190,-22,471,-41" />
</Scene>
<Scene>
<INIT seed="4,0,0,1,1,94" ten="194,208,168,430" oya="0" hai0="105,55,99,72,117,11,119,48,16,22,38,40,24" hai1="71,35,28,110,46,89,112,37,134,98,96,95,8" hai2="54,19,58,41,12,127,115,10,50,133,122,123,43" hai3="29,31,85,87,25,13,52,45,26,70,132,47,120"/><T42/><D72/><U88/><E110/><V60/><F115/><W3/><G3/><T6/><D38/><U97/><E71/><V100/><F133/><W102/><G70/><T77/><D77/><U7/><E134/><V73/><F73/><W104/><G132/><T92/><D105/><U80/><E35/><V69/><F127/><W78/><G104/><T101/><D119/><U30/><E37/><V61/><F61/><W126/><G102/><T5/><D117/><U106/><E46/><V130/><F130/><W75/><G75/><T118/><D118/><U18/><E112/><V23/><F100/><W64/><G13/><T116/><D116/><U53/><E53/><V59/><F69/><W9/><G9/><T57/><REACH who="0" step="1"/><D5/><REACH who="0" ten="184,208,168,430" step="2"/><U49/><E106/><V125/><F125/><W56/><G78/><T81/><D81/><U128/><E128/><V34/><F123/><W4/><G126/><T62/><D62/><U63/><E63/><V27/><F122/><W21/><G4/><T124/><D124/><U36/><E36/><V91/><F60/><N who="3" m="35847" /><G120/><T93/><D93/><U121/><E121/><V65/><F50/><W2/><G64/><T68/><D68/><U82/><E7/><V0/><F65/><W39/><G39/><T76/><D76/><U90/><E49/><V83/><F83/><N who="1" m="31785" /><E95/><V15/><F0/><AGARI ba="0,1" hai="0,6,11,16,22,24,40,42,48,55,57,92,99,101" machi="0" ten="30,12000,1" yaku="1,1,7,1,52,1,54,1,53,1" doraHai="94" doraHaiUra="33" who="0" fromWho="2" sc="184,130,208,0,168,-120,430,0" />
</Scene>
<Scene>
<INIT seed="4,1,0,4,4,12" ten="314,208,48,430" oya="0" hai0="101,35,23,94,76,54,38,56,46,37,44,108,42" hai1="79,3,88,90,17,50,33,106,45,73,24,65,126" hai2="95,32,28,25,26,104,85,66,11,30,93,89,120" hai3="10,69,14,39,82,74,132,43,62,110,68,86,36"/><T67/><D35/><U78/><E3/><V112/><F104/><W19/><G110/><T111/><D76/><U71/><E106/><V70/><F112/><W47/><G132/><T51/><D101/><U131/><E126/><V58/><F120/><W57/><G74/><T2/><D2/><U113/><E131/><V53/><F70/><W13/><G39/><N who="0" m="21599" /><D23/><U96/><E71/><V1/><F66/><W6/><G14/><T117/><D94/><U64/><E113/><V72/><F72/><W61/><G6/><T48/><D117/><U92/><E73/><V107/><F107/><W121/><G121/><T98/><D98/><U27/><E90/><V100/><F1/><W22/><G22/><T41/><D67/><N who="1" m="25675" /><E33/><V119/><F119/><W7/><G7/><T123/><D123/><U34/><E34/><V20/><F11/><W18/><G69/><T59/><D59/><U130/><E130/><V16/><F100/><W118/><G68/><T81/><D81/><U84/><E84/><V134/><F134/><W115/><G118/><T60/><D37/><U129/><E129/><V102/><F102/><W105/><G105/><T103/><D103/><U114/><E114/><V0/><F0/><W15/><G57/><T87/><D87/><U97/><E97/><V124/><F124/><W49/><G36/><T5/><D5/><U77/><E17/><N who="3" m="6154" /><G115/><T122/><D122/><U31/><E31/><V80/><REACH who="2" step="1"/><F28/><REACH who="2" ten="314,208,38,430" step="2"/><W29/><G29/><T63/><D111/><U21/><E21/><V127/><F127/><W133/><G133/><T109/><D108/><U40/><AGARI ba="1,1" hai="24,27,40,45,50,77,78,79,88,92,96" m="25675" machi="40" ten="30,4000,0" yaku="5,1,8,1,54,1" doraHai="12" who="1" fromWho="1" sc="314,-21,208,53,38,-11,430,-11" />
</Scene>
<Scene>
<INIT seed="5,0,0,5,0,13" ten="293,261,27,419" oya="1" hai0="89,58,42,14,36,65,28,32,6,104,19,62,67" hai1="134,64,57,11,77,59,54,47,27,8,100,91,115" hai2="85,105,124,44,63,130,109,125,128,123,107,7,82" hai3="21,29,126,75,52,72,22,101,94,68,66,108,121"/><U74/><E115/><V39/><F7/><W3/><G121/><T73/><D73/><N who="3" m="28233" /><G52/><N who="0" m="34119" /><D32/><U135/><E100/><V43/><F63/><W37/><G29/><T132/><D104/><U131/><E131/><N who="2" m="50219" /><F123/><W50/><G66/><T9/><D36/><U4/><E74/><V127/><F109/><W98/><G37/><T25/><D132/><N who="1" m="50731" /><E77/><AGARI ba="0,0" hai="39,43,44,77,82,85,105,107,124,125,127" m="50219" machi="77" ten="40,2600,0" yaku="18,1,19,1" doraHai="13" who="2" fromWho="1" sc="293,0,261,-26,27,26,419,0" />
</Scene>
<Scene>
<INIT seed="6,0,0,2,5,73" ten="293,235,53,419" oya="2" hai0="37,44,106,9,70,23,80,40,82,3,51,114,59" hai1="7,116,10,101,63,33,6,8,61,104,129,29,16" hai2="85,127,120,2,58,99,47,119,60,103,75,71,67" hai3="112,1,27,113,0,110,53,12,46,118,35,107,92"/><V30/><F127/><W17/><G53/><N who="0" m="32191" /><D106/><U126/><E116/><V72/><F120/><W86/><G92/><T54/><D23/><U109/><E126/><V133/><F133/><W77/><G86/><T65/><D54/><U122/><E109/><V25/><F119/><W48/><G77/><T102/><D102/><U108/><E122/><V74/><F2/><N who="3" m="1131" /><G48/><T11/><D114/><N who="3" m="44137" /><G46/><T83/><D3/><U28/><E108/><V38/><F85/><W94/><G94/><T121/><D121/><U128/><E104/><V123/><F123/><W19/><G107/><T31/><D31/><U49/><E101/><V66/><F66/><W130/><G19/><T90/><D90/><U4/><E49/><V97/><F71/><W32/><G35/><T76/><D76/><U87/><E87/><V42/><REACH who="2" step="1"/><F103/><REACH who="2" ten="293,235,43,419" step="2"/><W39/><G118/><T21/><D65/><U125/><E125/><V20/><AGARI ba="0,1" hai="20,25,30,38,42,47,58,60,67,72,74,75,97,99" machi="20" ten="30,11700,0" yaku="1,1,2,1,0,1,53,1" doraHai="73" doraHaiUra="56" who="2" fromWho="2" sc="293,-39,235,-39,43,127,419,-39" />
</Scene>
<Scene>
<INIT seed="6,1,0,1,5,118" ten="254,196,170,380" oya="2" hai0="132,2,100,108,34,72,11,98,0,28,4,31,104" hai1="97,119,111,131,46,86,52,88,130,91,23,29,12" hai2="27,33,15,77,103,62,85,76,18,105,121,35,13" hai3="113,80,79,58,123,99,95,21,89,122,66,44,1"/><V101/><F62/><W128/><G1/><N who="0" m="399" /><D28/><U42/><E119/><V51/><F51/><W133/><G44/><T19/><D19/><U109/><E12/><V7/><F7/><W3/><G3/><N who="0" m="1067" /><D72/><U56/><E97/><V93/><F105/><W55/><G66/><T120/><D132/><U47/><E47/><V69/><F69/><W63/><G128/><N who="1" m="49194" /><E29/><V129/><F129/><W74/><G133/><T25/><D120/><U73/><E73/><V54/><F121/><W134/><G134/><T94/><D94/><N who="1" m="54551" /><E91/><V53/><F85/><W41/><G41/><T9/><D9/><U24/><E46/><V67/><F93/><W90/><G89/><T8/><D8/><U37/><E37/><V61/><F61/><W125/><G125/><T82/><D82/><U65/><E42/><V115/><F27/><W106/><G113/><T39/><D108/><U81/><E65/><V114/><REACH who="2" step="1"/><F18/><REACH who="2" ten="254,196,160,380" step="2"/><W87/><G106/><T102/><D104/><U60/><E81/><V117/><F117/><W5/><G5/><T135/><D135/><U22/><E24/><V78/><F78/><W10/><G87/><T83/><D83/><U40/><E40/><V127/><F127/><W17/><G123/><T6/><D6/><U20/><AGARI ba="1,1" hai="20,22,23,52,56,60,109,111" m="54551,49194" machi="20" ten="30,4000,0" yaku="19,1,54,2" doraHai="118" who="1" fromWho="1" sc="254,-11,196,53,160,-21,380,-11" />
</Scene>
<Scene>
<INIT seed="7,0,0,3,3,52" ten="243,249,139,369" oya="3" hai0="91,123,67,110,43,33,82,23,128,73,55,50,99" hai1="88,5,64,100,124,104,47,71,61,35,54,22,39" hai2="75,51,109,81,122,38,6,95,34,111,70,78,97" hai3="44,24,45,89,20,116,60,118,112,12,93,19,106"/><W65/><G106/><T36/><D33/><U80/><E35/><V77/><F38/><W32/><G112/><T105/><D110/><U131/><E124/><V72/><F34/><W86/><G118/><T11/><D123/><U133/><E131/><V46/><F70/><W69/><G116/><T57/><D128/><U59/><E133/><V119/><F119/><W98/><G32/><T37/><D67/><U84/><E104/><V9/><F122/><W66/><G65/><T127/><D127/><U83/><E100/><V42/><F77/><W74/><G74/><T16/><D11/><U87/><E5/><V85/><F75/><W113/><G113/><T7/><D7/><U62/><E39/><V96/><F72/><W125/><G125/><T114/><D114/><U53/><E47/><V2/><F97/><W21/><G86/><T129/><D129/><U28/><E28/><AGARI ba="0,0" hai="12,19,20,21,24,28,44,45,60,66,69,89,93,98" machi="28" ten="30,1500,0" yaku="7,1" doraHai="52" who="3" fromWho="1" sc="243,0,249,-15,139,0,369,15" owari="243,4.0,234,-17.0,139,-36.0,384,49.0" />
</Scene>
</mjloggm>