<mjloggm ver="2.3"><GO type="169" lobby="0"/><UN n0="%E5%A4%AA%E3%81%8F%E3%81%AA%E3%81%84%E3%81%8A" n1="%67%6F%75%73%69" n2="%57%6F%6D%62%61%74" n3="%E5%85%AC%E5%8B%99%E5%93%A1%E3%81%8F%E3%82%93" dan="19,18,16,17" rate="2291.00,2228.20,2065.00,2135.39" sx="F,M,M,F"/><TAIKYOKU oya="0"/>

<Scene>
<INIT seed="0,0,0,4,0,32" ten="250,250,250,250" oya="0" hai0="58,103,132,23,76,25,96,31,19,1,129,133,85" hai1="18,63,106,60,66,67,109,98,5,14,84,43,134" hai2="124,91,135,111,54,118,74,9,30,119,113,27,0" hai3="40,115,125,61,41,100,7,49,89,50,57,126,17"/><T72/><D72/><U64/><E134/><N who="0" m="51817" /><D129/><U116/><E116/><N who="2" m="44587" /><F135/><W48/><G100/><T3/><D58/><U99/><E109/><V131/><F74/><W81/><G7/><T71/><D71/><U8/><E43/><N who="3" m="16458" /><G17/><T51/><D51/><U62/><E106/><V33/><F111/><W35/><G35/><N who="0" m="20975" /><D76/><U108/><E108/><V29/><F131/><W104/><G104/><N who="0" m="63591" /><D85/><U122/><E122/><V34/><F113/><W2/><G115/><T28/><D28/><U121/><E121/><V45/><F45/><W120/><G89/><T11/><D11/><U44/><E44/><V53/><F91/><W127/><G81/><T77/><D77/><U75/><E75/><V37/><F30/><W73/><G73/><T22/><D22/><U46/><E46/><V112/><F112/><W87/><G87/><T114/><D114/><U12/><E84/><V105/><F29/><W59/><G120/><T101/><D101/><U102/><E102/><V69/><F69/><W39/><G39/><T88/><D88/><U107/><E107/><V55/><F105/><W79/><G79/><T15/><AGARI ba="0,0" hai="1,3,15,19,23" m="63591,20975,51817" machi="15" ten="30,6000,0" yaku="20,1,52,2" doraHai="32" who="0" fromWho="0" sc="250,60,250,-20,250,-20,250,-20" />
</Scene>
<Scene>
<INIT seed="0,1,0,4,1,111" ten="310,230,230,230" oya="0" hai0="37,62,45,74,31,72,119,38,100,112,53,2,121" hai1="49,16,127,11,34,32,58,134,12,57,51,0,50" hai2="24,114,128,6,33,5,9,76,103,67,84,52,7" hai3="130,110,40,135,15,46,94,63,39,48,47,101,90"/><T70/><D2/><U14/><E0/><V106/><F67/><W96/><G110/><T92/><D31/><U66/><E127/><V120/><F120/><W8/><G135/><T69/><D100/><U78/><E134/><V28/><F128/><W30/><G130/><T18/><D92/><U133/><E133/><V129/><F129/><W44/><G39/><T104/><D104/><U71/><E78/><V123/><F123/><W99/><G30/><T42/><D121/><U59/><REACH who="1" step="1"/><E14/><REACH who="1" ten="310,220,230,230" step="2"/><V13/><F76/><W54/><G40/><T86/><D42/><U73/><E73/><V77/><F77/><W29/><G63/><AGARI ba="1,1" hai="11,12,16,32,34,49,50,51,57,58,59,63,66,71" machi="63" ten="40,2600,0" yaku="1,1,54,1,53,0" doraHai="111" doraHaiUra="126" who="1" fromWho="3" sc="310,0,220,39,230,0,230,-29" />
</Scene>
<Scene>
<INIT seed="1,0,0,4,5,131" ten="310,259,230,201" oya="1" hai0="18,87,40,54,50,52,65,95,115,66,53,130,104" hai1="88,76,85,78,64,119,49,15,121,3,70,126,22" hai2="6,8,100,75,47,133,123,51,68,33,116,31,42" hai3="35,98,17,58,74,29,36,101,90,122,111,69,24"/><U113/><E3/><V84/><F68/><W45/><G122/><T10/><D104/><U46/><E119/><V109/><F75/><W125/><G125/><T127/><D115/><U43/><E121/><V132/><F123/><W86/><G111/><T20/><D130/><U4/><E113/><V71/><F71/><W99/><G69/><T72/><D72/><U112/><E112/><V80/><F109/><W83/><G74/><T61/><D10/><U81/><E126/><V91/><F116/><W92/><G36/><T60/><D127/><U48/><E70/><V124/><F124/><W106/><G45/><N who="0" m="25895" /><D95/><U105/><E105/><V12/><F100/><W114/><G114/><T67/><D87/><U55/><E64/><V128/><F128/><W5/><G5/><T56/><D20/><U32/><E32/><V27/><AGARI ba="0,0" hai="6,8,12,27,31,33,42,47,51,80,84,91,132,133" machi="27" ten="30,4000,0" yaku="0,1,52,2" doraHai="131" who="2" fromWho="2" sc="310,-10,259,-20,230,40,201,-10" />
</Scene>
<Scene>
<INIT seed="2,0,0,1,4,60" ten="300,239,270,191" oya="2" hai0="36,115,9,48,96,31,70,105,56,64,32,81,130" hai1="85,106,123,27,62,89,51,6,79,18,93,69,5" hai2="134,20,99,94,39,29,78,42,28,118,33,52,13" hai3="63,83,46,80,72,24,4,112,40,74,26,7,54"/><V22/><F118/><W111/><G111/><T25/><D115/><U100/><E123/><V65/><F134/><W71/><G112/><T125/><D36/><U91/><E79/><V87/><F42/><W77/><G54/><T95/><D130/><U82/><E106/><V2/><F2/><W23/><G26/><T127/><D81/><U104/><E100/><V133/><F39/><W50/><G83/><T53/><D9/><U66/><E104/><V55/><F133/><W45/><G45/><T126/><D105/><U12/><E51/><V131/><F33/><W86/><G72/><T120/><D120/><U0/><E27/><N who="2" m="16487" /><F131/><W15/><G74/><T129/><D129/><U84/><REACH who="1" step="1"/><E0/><REACH who="1" ten="300,229,270,191" step="2"/><V19/><F78/><W44/><G44/><T35/><D25/><U114/><E114/><V49/><F49/><W88/><G77/><T113/><D113/><U75/><E75/><V68/><F87/><W37/><G37/><T97/><D48/><U73/><E73/><V3/><F3/><W102/><G102/><T124/><D124/><U16/><E16/><N who="2" m="10511" /><F29/><W98/><G98/><T116/><D97/><U8/><AGARI ba="0,1" hai="5,6,8,12,18,62,66,69,82,84,85,89,91,93" machi="8" ten="20,8000,1" yaku="1,1,0,1,7,1,52,1,53,1" doraHai="60" doraHaiUra="90" who="1" fromWho="1" sc="300,-20,229,90,270,-40,191,-20" />
</Scene>
<Scene>
<INIT seed="3,0,0,3,3,20" ten="280,319,230,171" oya="3" hai0="67,94,108,15,76,100,37,35,45,99,89,72,93" hai1="50,71,62,60,27,56,121,109,61,118,73,74,113" hai2="24,124,103,77,33,26,82,19,49,34,117,41,25" hai3="10,115,111,132,30,90,78,85,57,39,12,21,83"/><W36/><G115/><T104/><D35/><U44/><E113/><V58/><F117/><W32/><G32/><T88/><D67/><U3/><E3/><V126/><F103/><W40/><G132/><T0/><D0/><U128/><E121/><V42/><F19/><W22/><G111/><T80/><D15/><U91/><E71/><V52/><F34/><W105/><G105/><T96/><D45/><U70/><E70/><V9/><F9/><W1/><G1/><T130/><D37/><U107/><E107/><V69/><F33/><W17/><G40/><T112/><D112/><U79/><E128/><V65/><F65/><W31/><G57/><T119/><D108/><U123/><E123/><V92/><F92/><W127/><G127/><N who="2" m="48681" /><F69/><W106/><G106/><T86/><D119/><U98/><E118/><V8/><F8/><W134/><G134/><T38/><D38/><U43/><E56/><V4/><F4/><W95/><G31/><T48/><D48/><U75/><E109/><V6/><F6/><W14/><G22/><T54/><D54/><U59/><E59/><V131/><F131/><AGARI ba="0,0" hai="72,76,80,86,88,89,93,94,96,99,100,104,130,131" machi="131" ten="40,12000,2" yaku="24,2,34,3,54,1" doraHai="20" who="0" fromWho="2" sc="280,120,319,0,230,-120,171,0" />
</Scene>
<Scene>
<INIT seed="4,0,0,4,2,110" ten="400,319,110,171" oya="0" hai0="47,2,119,36,45,134,118,133,124,53,129,3,66" hai1="33,69,55,116,9,76,58,52,12,39,44,61,107" hai2="92,34,30,120,90,8,109,20,115,32,27,135,91" hai3="29,112,28,94,82,41,132,59,70,0,60,6,121"/><T57/><D2/><U77/><E33/><V130/><F120/><W79/><G121/><T11/><D11/><U35/><E35/><V122/><F122/><W54/><G132/><N who="0" m="50795" /><D3/><U127/><E107/><V63/><F135/><W68/><G41/><N who="0" m="22695" /><D129/><U80/><E116/><N who="0" m="44585" /><D124/><U14/><E127/><V93/><F130/><W73/><G0/><T40/><D66/><U71/><E14/><V38/><F8/><W7/><G7/><T4/><D4/><U15/><E12/><V83/><F38/><W81/><G6/><T65/><D65/><U46/><E39/><V86/><F109/><W97/><G82/><T106/><D106/><U103/><E15/><V96/><F115/><W117/><G112/><T108/><D108/><U5/><E80/><V98/><REACH who="2" step="1"/><F63/><REACH who="2" ten="400,319,100,171" step="2"/><W19/><G117/><T111/><D111/><U16/><E61/><V22/><F22/><W102/><G60/><N who="0" m="35887" /><D47/><U56/><E9/><V113/><F113/><W101/><G29/><T23/><D23/><U13/><E5/><V74/><F74/><W62/><G28/><T123/><D123/><U75/><E75/><V67/><F67/><W128/><G128/><T78/><D78/><AGARI ba="0,1" hai="20,27,30,32,34,78,83,86,90,91,92,93,96,98" machi="78" ten="30,8000,1" yaku="1,1,7,1,9,1,53,2" doraHai="110" doraHaiUra="89" who="2" fromWho="0" sc="400,-80,319,0,100,90,171,0" />
</Scene>
<Scene>
<INIT seed="5,0,0,3,2,6" ten="320,319,190,171" oya="1" hai0="35,96,27,129,65,48,15,98,87,36,31,81,82" hai1="114,40,126,12,51,119,24,116,61,34,56,102,79" hai2="14,132,66,26,54,93,29,64,38,50,67,7,53" hai3="23,62,94,59,128,3,89,106,41,84,0,90,104"/><U95/><E114/><V73/><F73/><W111/><G111/><T134/><D36/><U17/><E126/><V92/><F132/><W16/><G128/><T75/><D129/><U11/><E79/><V71/><F38/><W72/><G72/><T74/><D134/><U105/><E105/><V97/><F71/><W127/><G127/><T108/><D108/><U68/><E68/><V30/><F29/><W80/><G41/><T69/><D48/><U46/><E102/><V45/><F54/><W103/><G103/><T107/><D15/><U110/><E110/><V112/><F112/><W88/><G106/><T83/><D87/><U99/><E34/><V18/><F7/><W19/><G104/><T28/><D28/><U135/><E135/><V78/><F78/><W124/><G124/><T76/><D96/><U37/><E37/><V123/><F97/><N who="3" m="57543" /><G3/><T133/><D133/><U70/><E70/><V8/><REACH who="2" step="1"/><F123/><REACH who="2" ten="320,319,180,171" step="2"/><W22/><G0/><T122/><D122/><U101/><E116/><V42/><F42/><W32/><G32/><AGARI ba="0,1" hai="8,14,18,26,30,32,45,50,53,64,66,67,92,93" machi="32" ten="40,2600,0" yaku="1,1,52,1,53,0" doraHai="6" doraHaiUra="2" who="2" fromWho="3" sc="320,0,319,0,180,36,171,-26" />
</Scene>
<Scene>
<INIT seed="6,0,0,4,5,8" ten="320,319,216,145" oya="2" hai0="14,85,59,124,80,20,131,47,76,95,68,27,30" hai1="133,87,102,106,75,62,78,10,135,83,77,65,117" hai2="71,6,114,60,52,89,26,42,91,107,94,0,113" hai3="132,72,100,119,54,84,38,3,51,23,112,22,123"/><V82/><F107/><W9/><G72/><T127/><D68/><U4/><E117/><V115/><F42/><W2/><G38/><T98/><D131/><U67/><E102/><V130/><F130/><W81/><G119/><T35/><D59/><U88/><E106/><V1/><F82/><W19/><G123/><T39/><D47/><U101/><E101/><V128/><F128/><W61/><G132/><N who="1" m="50762" /><E75/><V57/><F71/><W73/><G73/><T125/><D39/><U103/><E103/><V120/><F120/><W121/><G121/><T7/><D7/><U18/><E18/><V104/><F104/><W74/><G74/><T15/><D35/><U21/><E21/><V34/><F6/><W44/><G112/><T50/><D50/><U110/><E110/><V40/><F40/><W32/><G32/><T41/><D41/><U129/><E129/><V13/><F34/><W109/><G100/><AGARI ba="0,0" hai="14,15,20,27,30,76,80,85,95,98,100,124,125,127" machi="100" ten="40,5200,0" yaku="18,1,52,2" doraHai="8" who="0" fromWho="3" sc="320,52,319,0,216,0,145,-52" />
</Scene>
<Scene>
<INIT seed="7,0,0,5,2,52" ten="372,319,216,93" oya="3" hai0="128,103,65,39,20,38,121,101,104,70,84,117,23" hai1="88,33,18,102,85,80,27,6,13,32,90,112,30" hai2="99,134,4,54,21,116,127,107,36,95,41,123,63" hai3="130,64,132,114,108,75,3,51,110,83,57,92,59"/><W119/><G3/><T22/><D117/><U68/><E68/><V89/><F116/><W126/><G119/><T66/><D121/><U11/><E112/><V8/><F127/><W29/><G114/><T113/><D104/><U31/><E102/><N who="0" m="38921" /><D70/><U82/><E18/><V106/><F134/><W1/><G1/><T94/><D113/><U74/><E74/><V129/><F129/><W47/><G130/><T48/><D39/><U69/><E69/><V37/><F41/><N who="3" m="25071" /><G126/><T131/><D38/><U72/><E72/><V14/><F36/><W105/><G105/><T109/><D109/><N who="3" m="42089" /><G132/><T7/><D7/><U25/><REACH who="1" step="1"/><E80/><REACH who="1" ten="372,309,216,93" step="2"/><V115/><F115/><W42/><G42/><T24/><D131/><U53/><E53/><V124/><F54/><W76/><G64/><N who="0" m="24683" /><D128/><U100/><E100/><V2/><F124/><W49/><G49/><T17/><D48/><U34/><E34/><V118/><F118/><W12/><G29/><T133/><D133/><U120/><E120/><V44/><F37/><W56/><G92/><T26/><D17/><U93/><E93/><V79/><F106/><W81/><G81/><T98/><D98/><U78/><AGARI ba="0,1" hai="6,11,13,25,27,30,31,32,33,78,82,85,88,90" machi="78" ten="20,12000,2" yaku="1,1,0,1,7,1,9,1,54,1,53,1" doraHai="52" doraHaiUra="9" who="1" fromWho="1" sc="372,-30,309,130,216,-30,93,-60" owari="342,14.0,439,54.0,186,-21.0,33,-47.0" />
</Scene>
</mjloggm>