<mjloggm ver="2.3"><GO type="169" lobby="0"/><UN n0="%E6%9C%88%E3%83%9F%E7%85%A7%E2%98%86" n1="%E2%80%BB%34%33%33%E2%80%BB" n2="%62%75%74%69%74%61%6D%61" n3="%E5%A4%AA%E3%81%8F%E3%81%AA%E3%81%84%E3%81%8A" dan="16,16,18,18" rate="2175.72,2040.01,2162.41,2241.49" sx="M,M,M,F"/><TAIKYOKU oya="0"/>

<Scene>
<INIT seed="0,0,0,4,2,54" ten="250,250,250,250" oya="0" hai0="13,35,101,19,37,125,10,82,127,21,107,77,43" hai1="42,45,114,46,26,63,99,57,28,96,116,66,1" hai2="80,36,90,79,75,24,73,108,89,135,88,2,51" hai3="126,128,6,105,64,60,124,87,112,7,41,117,69"/><T70/><D70/><U123/><E116/><V38/><F2/><W130/><G105/><T81/><D35/><U119/><E119/><V76/><F108/><W12/><G117/><T86/><D37/><U68/><E123/><V98/><F135/><W133/><G112/><T121/><D121/><U120/><E120/><V20/><F98/><W74/><G74/><T32/><D32/><U50/><E114/><V129/><F129/><N who="3" m="49771" /><G41/><T58/><D43/><U5/><E45/><V111/><F111/><W103/><G103/><T115/><D115/><U0/><E68/><V92/><F92/><W39/><G39/><T91/><D101/><U55/><E66/><V33/><F33/><W97/><G97/><T109/><D109/><U118/><E118/><V16/><REACH who="2" step="1"/><F51/><REACH who="2" ten="250,250,240,250" step="2"/><W131/><G131/><T25/><D107/><U78/><E99/><V3/><F3/><W31/><G133/><T23/><D127/><U27/><E96/><V44/><F44/><W18/><G126/><T53/><D125/><U61/><E0/><V110/><F110/><W94/><G124/><T49/><REACH who="0" step="1"/><D25/><REACH who="0" ten="240,250,240,250" step="2"/><U85/><E26/><V100/><F100/><W93/><G93/><T22/><D22/><U40/><E27/><V29/><F29/><W9/><G31/><T17/><D17/><U102/><E102/><V47/><F47/><W4/><G94/><T15/><D15/><U71/><E46/><V84/><F84/><AGARI ba="0,2" hai="4,6,7,9,12,18,60,64,69,84,87" m="49771" machi="84" ten="30,1000,0" yaku="19,1" doraHai="54" who="3" fromWho="2" sc="240,0,250,0,240,-10,250,30" /><AGARI ba="0,0" hai="10,13,19,21,23,49,53,58,77,81,82,84,86,91" machi="84" ten="30,12000,1" yaku="1,1,7,1,8,1,52,1,53,1" doraHai="54" doraHaiUra="11" who="0" fromWho="2" sc="240,120,250,0,230,-120,280,0" />
</Scene>
<Scene>
<INIT seed="0,1,0,2,4,98" ten="360,250,110,280" oya="0" hai0="110,103,20,25,61,117,30,59,76,60,82,6,67" hai1="88,107,92,29,51,53,116,132,36,66,28,90,65" hai2="5,27,94,115,122,127,54,124,34,57,86,35,123" hai3="95,14,114,113,24,69,112,46,91,102,89,11,131"/><T74/><D117/><U33/><E36/><V55/><F5/><W45/><G69/><T37/><D37/><U7/><E107/><V80/><F94/><W106/><G131/><T79/><D110/><U99/><E116/><V58/><F27/><W109/><G109/><T129/><D129/><U97/><E132/><V75/><F75/><W133/><G133/><T18/><D79/><U118/><E118/><V70/><F70/><W120/><G120/><T130/><D130/><U125/><E125/><V43/><F43/><W12/><G106/><T4/><D103/><U39/><E39/><V44/><F44/><W128/><G128/><T2/><D2/><U83/><E7/><V93/><F93/><W16/><G24/><T31/><D31/><N who="1" m="11851" /><E33/><V64/><F64/><N who="1" m="24681" /><E83/><V81/><REACH who="2" step="1"/><F86/><REACH who="2" ten="360,250,100,280" step="2"/><W126/><G46/><T13/><REACH who="0" step="1"/><D61/><REACH who="0" ten="350,250,100,280" step="2"/><U78/><E78/><V49/><F49/><W50/><G50/><T3/><D3/><U32/><E51/><V96/><F96/><W38/><G38/><T121/><D121/><U73/><E99/><V22/><F22/><AGARI ba="1,2" hai="4,6,13,18,20,22,25,30,59,60,67,74,76,82" machi="22" ten="30,5800,0" yaku="1,1,7,1,53,1" doraHai="98" doraHaiUra="15" who="0" fromWho="2" sc="350,81,250,0,100,-61,280,0" />
</Scene>
<Scene>
<INIT seed="0,2,0,1,3,131" ten="431,250,39,280" oya="0" hai0="7,36,109,83,135,49,127,72,85,120,103,78,69" hai1="84,26,123,88,95,80,15,102,126,121,25,1,5" hai2="44,98,125,89,58,97,19,90,56,65,17,86,53" hai3="28,63,3,122,110,48,41,11,40,2,45,76,75"/><T128/><D120/><U116/><E116/><V118/><F118/><W107/><G107/><T33/><D36/><U73/><E1/><V115/><F115/><W37/><G28/><T43/><D69/><U55/><E126/><V68/><F68/><W13/><G122/><T92/><D33/><U20/><E26/><V100/><F125/><W9/><G110/><T21/><D7/><U16/><E55/><V96/><F100/><W106/><G106/><T133/><D127/><U6/><E123/><V87/><F44/><W30/><G30/><T105/><D128/><U104/><E121/><V14/><F65/><W42/><G63/><T114/><D114/><U54/><E54/><V99/><F99/><W34/><G34/><T60/><D60/><U132/><E25/><V24/><F24/><W29/><G29/><T51/><D21/><U70/><E70/><V67/><F67/><W38/><G38/><T101/><D109/><U50/><E50/><N who="0" m="18953" /><D43/><U108/><E108/><V117/><F117/><W93/><G37/><T130/><D130/><U4/><E104/><V71/><F71/><W77/><G42/><T119/><D119/><U22/><E22/><V57/><F53/><W39/><G39/><T113/><D113/><U18/><E18/><N who="2" m="6667" /><F14/><W0/><G40/><T46/><D46/><U124/><E124/><V47/><F47/><W79/><G13/><T23/><D23/><U111/><E111/><V27/><F27/><W129/><G129/><T82/><D105/><U10/><E20/><V12/><F12/><W66/><G41/><T64/><D64/><U59/><E15/><RYUUKYOKU ba="2,0" sc="431,-10,250,-10,39,30,280,-10" hai2="56,57,58,86,87,89,90,96,97,98" />
</Scene>
<Scene>
<INIT seed="1,3,0,3,3,32" ten="421,240,69,270" oya="1" hai0="119,116,59,120,53,37,44,124,86,102,85,46,88" hai1="58,128,15,62,38,89,30,4,114,67,106,31,33" hai2="63,107,100,132,134,90,12,56,87,28,113,80,103" hai3="93,104,16,57,7,98,20,22,135,42,66,111,69"/><U43/><E114/><V23/><F113/><W8/><G104/><T60/><D124/><U73/><E106/><V47/><F47/><W110/><G69/><T1/><D120/><U72/><E128/><V27/><F12/><W129/><G129/><T133/><D133/><N who="2" m="51306" /><F107/><W48/><G135/><T118/><D1/><U21/><E33/><V99/><F99/><W126/><G126/><T97/><D102/><U45/><E89/><V49/><F49/><W83/><G42/><T6/><D6/><U96/><E96/><V84/><F84/><W17/><G48/><T24/><D97/><U9/><REACH who="1" step="1"/><E21/><REACH who="1" ten="421,230,69,270" step="2"/><V78/><F90/><W39/><G20/><T101/><D101/><U70/><E70/><V50/><F50/><W109/><G22/><T115/><D115/><U19/><E19/><V92/><F92/><W108/><G108/><T13/><D88/><U68/><E68/><V41/><F41/><W112/><G112/><T14/><D118/><U34/><E34/><V77/><F77/><W71/><G71/><T95/><D119/><U61/><E61/><V36/><F36/><W74/><G39/><T35/><D37/><U54/><E54/><AGARI ba="3,1" hai="23,27,28,54,56,63,78,80,87,100,103" m="51306" machi="54" ten="30,1000,0" yaku="20,1" doraHai="32" who="2" fromWho="1" sc="421,0,230,-19,69,29,270,0" />
</Scene>
<Scene>
<INIT seed="2,0,0,3,2,6" ten="421,211,98,270" oya="2" hai0="131,84,68,59,130,127,116,102,71,47,50,107,52" hai1="128,53,99,78,119,0,13,82,44,26,28,83,121" hai2="57,94,1,103,21,61,90,92,63,42,72,109,91" hai3="39,18,56,77,125,100,23,5,101,45,60,134,33"/><V113/><F113/><W135/><G33/><T16/><D127/><U97/><E0/><V74/><F103/><W118/><G118/><T3/><D3/><U11/><E119/><V37/><F1/><W86/><G5/><T114/><D116/><U38/><E121/><V120/><F120/><W117/><G117/><T105/><D114/><U46/><E128/><N who="0" m="49193" /><D84/><N who="1" m="48215" /><E83/><V124/><F124/><W129/><G129/><T2/><D2/><U66/><E38/><V7/><F7/><W106/><G125/><T93/><D93/><U30/><E66/><V132/><F132/><N who="3" m="50731" /><G77/><T76/><D76/><U15/><E15/><V8/><F109/><W64/><G86/><T122/><D122/><U70/><E70/><N who="0" m="26665" /><D102/><U35/><E35/><V73/><F94/><W98/><G101/><T27/><D47/><N who="1" m="17963" /><E53/><V40/><F92/><W24/><G45/><T22/><AGARI ba="0,0" hai="16,22,27,50,52,59,105,107" m="26665,49193" machi="22" ten="40,5200,0" yaku="19,1,54,2" doraHai="6" who="0" fromWho="0" sc="421,52,211,-13,98,-26,270,-13" />
</Scene>
<Scene>
<INIT seed="3,0,0,5,5,12" ten="473,198,72,257" oya="3" hai0="41,112,57,52,133,87,117,102,11,74,109,95,134" hai1="49,110,8,108,104,15,106,88,4,121,107,97,21" hai2="90,135,27,14,68,2,93,81,24,113,63,25,0" hai3="42,132,60,129,70,116,5,125,37,71,86,127,111"/><W85/><G116/><T120/><D117/><U99/><E121/><V17/><F113/><W7/><G129/><T119/><D120/><U31/><E49/><V23/><F135/><W45/><G132/><T32/><D119/><U124/><E124/><N who="3" m="47690" /><G111/><N who="1" m="42538" /><E88/><V94/><F81/><W50/><G50/><T76/><D74/><U66/><E66/><V56/><F68/><N who="3" m="26155" /><G60/><T65/><D65/><U54/><E54/><V128/><F128/><W20/><G20/><T18/><D52/><U96/><E21/><V40/><F40/><W58/><G58/><T16/><D41/><U26/><E26/><V3/><REACH who="2" step="1"/><F90/><REACH who="2" ten="473,198,62,257" step="2"/><W61/><G42/><T34/><D112/><U98/><E98/><V123/><F123/><W126/><G126/><T118/><D109/><U62/><E99/><V92/><F92/><W80/><G80/><T115/><D115/><U6/><E97/><V47/><F47/><W73/><G45/><T103/><D118/><U10/><E96/><V9/><F9/><W46/><G46/><T69/><D11/><U19/><E8/><V36/><F36/><W22/><G37/><T84/><D69/><U13/><E10/><V82/><F82/><W39/><G39/><T28/><D95/><U79/><E106/><V35/><F35/><W89/><G89/><T100/><D100/><U122/><E104/><V67/><AGARI ba="0,1" hai="0,2,3,14,17,23,24,25,27,56,63,67,93,94" machi="67" ten="40,5200,0" yaku="1,1,0,1,52,1,53,0" doraHai="12" doraHaiUra="1" who="2" fromWho="2" sc="473,-13,198,-13,62,62,257,-26" />
</Scene>
<Scene>
<INIT seed="4,0,0,2,5,49" ten="460,185,124,231" oya="0" hai0="129,77,89,111,25,102,75,66,68,85,64,42,110" hai1="19,126,79,80,30,62,52,118,81,57,11,2,115" hai2="90,99,106,48,76,13,127,34,120,133,108,58,123" hai3="20,96,124,40,73,15,28,23,70,114,35,24,29"/><T103/><D42/><U84/><E118/><V113/><F34/><W14/><G73/><T47/><D129/><U128/><E128/><V12/><F108/><N who="0" m="41514" /><D75/><U37/><E37/><V8/><F76/><W36/><G70/><T93/><D77/><U44/><E126/><V117/><F127/><W3/><G124/><T94/><D47/><U26/><E115/><V125/><F125/><W59/><G3/><T6/><D6/><U22/><E44/><V32/><F32/><W67/><G36/><T83/><D25/><U130/><E130/><V69/><F69/><W51/><G114/><T60/><D66/><U27/><E2/><V5/><F113/><W131/><G131/><T18/><D18/><U63/><E81/><V88/><F117/><W45/><G67/><T10/><D10/><U9/><E63/><V65/><F65/><W71/><G24/><T119/><D119/><U86/><E86/><V4/><F4/><W104/><G40/><T109/><D109/><U132/><E132/><V54/><F133/><W7/><G7/><T134/><D134/><U97/><E97/><V107/><F12/><W74/><G96/><T16/><D16/><U0/><E0/><V105/><REACH who="2" step="1"/><F99/><REACH who="2" ten="460,185,114,231" step="2"/><W95/><G14/><T43/><D68/><U92/><E92/><V116/><F116/><W82/><G95/><T122/><D64/><U56/><E56/><V50/><F50/><W61/><G51/><T33/><D94/><U98/><E98/><V112/><F112/><W72/><G59/><T101/><D93/><U1/><E1/><V38/><F38/><W17/><G71/><RYUUKYOKU ba="0,1" sc="460,-15,185,15,114,15,231,-15" hai1="9,11,19,22,26,27,30,52,57,62,79,80,84" hai2="5,8,13,48,54,58,88,90,105,106,107,120,123" />
</Scene>
<Scene>
<INIT seed="5,1,1,5,0,110" ten="445,200,129,216" oya="1" hai0="75,35,107,9,25,114,90,82,73,38,135,47,127" hai1="13,125,93,0,94,34,68,32,48,132,118,56,99" hai2="124,53,95,1,85,121,8,133,55,30,12,28,128" hai3="62,26,15,126,72,57,21,41,81,65,45,105,134"/><U111/><E68/><V120/><F1/><W44/><G105/><T60/><D107/><U7/><E0/><V58/><F133/><W19/><G134/><T66/><D135/><U10/><E132/><V122/><F124/><W83/><G126/><T16/><D127/><U109/><E125/><V52/><F128/><W77/><G83/><T51/><D38/><U91/><E118/><V27/><F58/><W37/><REACH who="3" step="1"/><G45/><REACH who="3" ten="445,200,129,206" step="2"/><T108/><D47/><U71/><E111/><V76/><F76/><W23/><G23/><T116/><D108/><U87/><E109/><V33/><F28/><W31/><G31/><T130/><D116/><U74/><E93/><V61/><F61/><W106/><G106/><T20/><D82/><U69/><E94/><V79/><F79/><W86/><G86/><T40/><D130/><U103/><E87/><V88/><REACH who="2" step="1"/><F122/><REACH who="2" ten="445,200,119,206" step="2"/><W98/><G98/><T96/><D96/><U123/><E99/><V113/><F113/><W115/><G115/><T3/><D114/><U92/><E123/><V29/><F29/><W131/><G131/><T97/><D97/><U17/><E103/><V46/><F46/><W11/><G11/><T102/><D9/><U50/><E10/><V18/><AGARI ba="1,3" hai="8,12,18,27,30,33,52,53,55,85,88,95,120,121" machi="18" ten="30,8000,1" yaku="1,1,0,1,54,2,53,1" doraHai="110" doraHaiUra="4" who="2" fromWho="2" sc="445,-21,200,-41,119,113,206,-21" />
</Scene>
<Scene>
<INIT seed="6,0,0,1,2,99" ten="424,159,232,185" oya="2" hai0="85,64,107,97,76,17,90,65,100,42,115,66,95" hai1="0,25,7,50,78,71,13,18,111,1,19,104,134" hai2="105,110,121,30,120,106,41,87,11,40,27,39,132" hai3="96,108,84,14,49,93,70,37,52,58,126,47,117"/><V129/><F132/><W21/><G108/><T77/><D115/><U109/><E104/><V124/><F110/><N who="1" m="41993" /><E78/><V44/><F129/><W125/><G70/><T43/><D77/><U113/><E71/><V36/><F124/><N who="3" m="47723" /><G117/><T63/><D63/><U5/><E50/><V122/><F11/><W53/><G84/><T59/><D59/><U20/><E113/><V22/><F87/><W98/><G93/><T35/><D35/><U91/><E91/><V101/><F101/><W73/><G73/><T6/><D6/><N who="1" m="2059" /><E134/><V94/><F94/><W112/><G112/><T15/><REACH who="0" step="1"/><D76/><REACH who="0" ten="414,159,232,185" step="2"/><U4/><N who="1" m="2067" /><U3/><DORA hai="82" /><E3/><V24/><F121/><W92/><G58/><T26/><D26/><U68/><E68/><V34/><F120/><W83/><G47/><T135/><D135/><U103/><E103/><V60/><F60/><W29/><G83/><T89/><D89/><U10/><AGARI ba="0,1" hai="0,1,10,13,18,19,20,25" m="2067,41993" machi="10" ten="40,2700,0" yaku="34,2" doraHai="99,82" who="1" fromWho="1" sc="414,-7,159,37,232,-13,185,-7" />
</Scene>
<Scene>
<INIT seed="7,0,0,4,4,71" ten="407,196,219,178" oya="3" hai0="2,29,97,17,37,68,121,36,53,63,55,10,52" hai1="81,99,59,32,107,98,117,30,125,5,77,0,7" hai2="11,16,93,119,127,33,18,89,83,31,8,35,27" hai3="43,45,48,84,105,44,133,110,66,111,61,40,23"/><W113/><G105/><T78/><D121/><U46/><E0/><V42/><F119/><W69/><G84/><T72/><D29/><U90/><E125/><V13/><F35/><W58/><G23/><T75/><D97/><U51/><E117/><V70/><F70/><W65/><G113/><T130/><D130/><U88/><E32/><V135/><F135/><W74/><G74/><T109/><D109/><N who="3" m="41481" /><G133/><T128/><D128/><U22/><E107/><V95/><F127/><W101/><G101/><T38/><D78/><U100/><E59/><V120/><F120/><W79/><G79/><T131/><D131/><U80/><E100/><V64/><F64/><N who="3" m="38967" /><G69/><T9/><D9/><U102/><E77/><V122/><F122/><W106/><G106/><T24/><D24/><U54/><E102/><V49/><F83/><W6/><G6/><N who="1" m="2058" /><E81/><V34/><F34/><W15/><G15/><T50/><D2/><U62/><E80/><V76/><F76/><W41/><G41/><T12/><REACH who="0" step="1"/><D50/><AGARI ba="0,0" hai="40,43,44,45,48,50,65,66" m="38967,41481" machi="50" ten="30,5800,0" yaku="10,1,34,2" doraHai="71" who="3" fromWho="0" sc="407,-58,196,0,219,0,178,58" />
</Scene>
<Scene>
<INIT seed="7,1,0,5,5,43" ten="349,196,219,236" oya="3" hai0="127,76,17,31,97,102,72,37,1,42,116,66,83" hai1="46,132,36,10,55,104,75,117,120,63,32,27,33" hai2="64,16,5,101,71,109,0,9,69,49,15,107,118" hai3="122,134,73,79,34,131,12,30,60,80,24,22,133"/><W113/><G122/><T7/><D116/><U44/><E120/><V84/><F118/><W19/><G113/><T126/><D31/><U52/><E117/><V40/><F109/><W77/><G131/><T13/><D66/><U35/><E132/><N who="3" m="50794" /><G79/><T20/><D42/><U78/><E104/><V68/><F64/><W23/><G60/><T70/><D37/><U82/><E27/><V100/><F107/><W91/><G91/><T38/><D38/><U105/><E105/><V111/><F111/><W92/><G92/><T48/><D48/><U99/><E99/><V96/><F96/><W54/><G54/><T4/><D70/><U103/><E103/><V14/><F84/><W51/><G51/><T90/><D90/><U128/><E128/><V108/><F108/><W94/><G94/><N who="0" m="58679" /><D1/><U129/><E129/><V47/><REACH who="2" step="1"/><F0/><REACH who="2" ten="349,196,209,236" step="2"/><W21/><AGARI ba="1,1" hai="12,19,21,22,23,24,30,34,73,77,80" m="50794" machi="21" ten="30,1500,0" yaku="20,1" doraHai="43" who="3" fromWho="3" sc="349,-6,196,-6,209,-6,236,28" />
</Scene>
<Scene>
<INIT seed="7,2,0,1,5,97" ten="343,190,203,264" oya="3" hai0="3,133,127,24,51,67,117,4,109,56,110,132,62" hai1="98,43,69,126,2,55,37,88,66,112,134,79,74" hai2="33,49,50,59,135,101,40,78,8,17,21,32,41" hai3="60,22,131,106,113,104,61,118,29,13,7,111,95"/><W114/><G118/><T36/><D36/><U99/><E2/><V54/><F135/><N who="0" m="51786" /><D117/><U120/><E134/><V121/><F121/><W45/><G131/><T47/><D127/><U122/><E126/><V58/><F78/><W129/><G129/><T84/><D24/><U70/><E112/><V9/><F101/><W75/><G75/><T123/><D123/><U27/><E122/><V72/><F72/><W124/><G45/><T26/><D84/><U94/><E120/><V11/><F32/><W12/><G95/><T119/><D119/><U44/><E55/><N who="2" m="32111" /><F33/><W53/><G53/><N who="0" m="29951" /><D26/><AGARI ba="2,0" hai="8,9,11,17,21,26,40,41,50,54,59" m="32111" machi="26" ten="30,1000,0" yaku="8,1" doraHai="97" who="2" fromWho="0" sc="343,-16,190,0,203,16,264,0" owari="327,43.0,190,-31.0,219,-18.0,264,6.0" />
</Scene>
</mjloggm>