<mjloggm ver="2.3"><GO type="169" lobby="0"/><UN n0="%E5%A4%AA%E3%81%8F%E3%81%AA%E3%81%84%E3%81%8A" n1="%E3%82%AB%E3%83%96%E3%83%88" n2="%7A%61%63%63" n3="%E3%81%92%E3%81%A3%E3%81%A1" dan="18,17,17,17" rate="2306.86,2202.56,2187.20,2170.36" sx="M,M,F,M"/><TAIKYOKU oya="0"/>

<Scene>
<INIT seed="0,0,0,0,4,10" ten="250,250,250,250" oya="0" hai0="79,32,96,78,106,75,89,67,26,14,72,0,120" hai1="100,46,11,23,31,81,49,112,70,111,52,80,135" hai2="84,30,66,104,118,92,85,39,55,102,4,107,20" hai3="13,21,110,115,94,69,2,37,43,122,88,42,6"/><T3/><D120/><U123/><E123/><V125/><F39/><W98/><G69/><T27/><D67/><U8/><E70/><V57/><F125/><W83/><G110/><T86/><D96/><U91/><E111/><V16/><F4/><W24/><G2/><T93/><D106/><U63/><E135/><V126/><F126/><W7/><G115/><T58/><D58/><N who="1" m="35271" /><E100/><V29/><F66/><W128/><G128/><T48/><D32/><U82/><E91/><V59/><F118/><W15/><G37/><T61/><D61/><U38/><E38/><V105/><F59/><W64/><G64/><T54/><D72/><U56/><E56/><V87/><F92/><W44/><G44/><N who="0" m="27911" /><D75/><U127/><E112/><V45/><F45/><W60/><G60/><T101/><D101/><U108/><E127/><V71/><F102/><W33/><G33/><T53/><D53/><N who="1" m="29879" /><E108/><V133/><F71/><W97/><G97/><T9/><D0/><U35/><E35/><V50/><REACH who="2" step="1"/><F133/><REACH who="2" ten="250,250,240,250" step="2"/><W116/><G116/><T134/><D134/><U41/><E41/><N who="3" m="15370" /><G122/><T19/><D3/><U121/><E121/><V119/><F119/><W68/><G68/><T12/><D79/><U17/><E31/><V36/><F36/><W34/><G34/><T130/><D78/><U1/><E1/><V124/><F124/><W113/><G113/><T76/><D76/><U40/><E40/><V99/><F99/><W22/><G83/><T62/><D130/><U109/><E109/><V5/><F5/><W117/><G117/><T90/><D93/><U129/><E129/><V103/><F103/><RYUUKYOKU ba="0,1" sc="250,-15,250,15,240,15,250,-15" hai1="8,11,17,23,80,81,82" hai2="16,20,29,30,50,55,57,84,85,87,104,105,107" />
</Scene>
<Scene>
<INIT seed="1,1,1,5,3,124" ten="235,265,255,235" oya="1" hai0="121,47,71,26,33,11,91,35,16,76,131,5,43" hai1="48,52,111,75,18,61,50,90,1,109,27,103,69" hai2="22,31,116,6,112,29,57,77,135,79,104,49,105" hai3="82,115,55,7,92,54,99,39,101,122,120,19,66"/><U13/><E1/><V15/><F116/><W36/><G115/><T64/><D76/><U70/><E75/><V94/><F105/><W86/><G7/><T119/><D119/><U113/><E113/><V24/><F104/><W72/><G72/><T110/><D110/><N who="1" m="41995" /><E103/><V23/><F135/><W78/><G66/><T127/><D127/><U134/><E134/><V128/><F94/><W130/><G130/><T100/><D100/><U98/><E27/><N who="2" m="16631" /><F128/><W133/><G133/><T14/><D121/><U3/><E3/><V93/><F93/><W25/><G122/><T40/><D131/><U114/><E114/><V123/><F123/><W4/><G120/><T42/><D91/><U53/><E98/><V37/><F37/><W9/><G36/><T80/><D80/><U46/><E61/><V81/><F81/><W21/><REACH who="3" step="1"/><G39/><REACH who="3" ten="235,265,255,225" step="2"/><T2/><D64/><U68/><E90/><V45/><F112/><W34/><G34/><T95/><D35/><U28/><E28/><V38/><F38/><W59/><G59/><T125/><D125/><U97/><E70/><V0/><F57/><W20/><G20/><N who="0" m="11287" /><D71/><U117/><E117/><V129/><F129/><W87/><G87/><T62/><D33/><U106/><E97/><V84/><F84/><W74/><G74/><T12/><D5/><U132/><E132/><V65/><F65/><W10/><G10/><T63/><D11/><N who="1" m="6463" /><E106/><V30/><F31/><W58/><G58/><AGARI ba="1,2" hai="46,48,50,52,53,58,68,69" m="6463,41995" machi="58" ten="30,5800,0" yaku="14,1,10,1,54,1" doraHai="124" who="1" fromWho="3" sc="235,0,265,81,255,0,225,-61" />
</Scene>
<Scene>
<INIT seed="1,2,0,0,0,58" ten="235,346,255,164" oya="1" hai0="36,26,77,7,78,119,33,3,110,34,98,124,37" hai1="70,112,132,71,9,129,50,23,113,46,13,15,17" hai2="127,87,63,100,53,28,75,64,121,30,72,25,94" hai3="86,135,131,76,55,89,54,91,88,29,108,128,47"/><U19/><E132/><V130/><F121/><W51/><G108/><T82/><D119/><U66/><E129/><N who="3" m="49738" /><G135/><T102/><D110/><U122/><E122/><V4/><F127/><W116/><G116/><T21/><D124/><U118/><E118/><V8/><F30/><W69/><G29/><T57/><D77/><U79/><E79/><V67/><F130/><W40/><G69/><T126/><D126/><U41/><REACH who="1" step="1"/><E66/><REACH who="1" ten="235,336,255,164" step="2"/><V62/><F67/><W14/><G76/><T115/><D78/><U60/><E60/><V49/><F64/><W97/><G86/><T44/><D115/><AGARI ba="2,1" hai="9,13,15,17,19,23,41,46,50,70,71,112,113,115" machi="115" ten="40,2000,0" yaku="1,1,53,0" doraHai="58" doraHaiUra="52" who="1" fromWho="0" sc="235,-26,336,36,255,0,164,0" />
</Scene>
<Scene>
<INIT seed="1,3,0,0,3,113" ten="209,372,255,164" oya="1" hai0="15,115,102,76,78,3,2,34,105,58,130,65,132" hai1="30,125,38,134,12,23,55,107,114,62,31,5,60" hai2="36,26,11,93,109,45,85,117,124,72,14,112,79" hai3="41,80,46,73,81,86,59,57,22,10,18,83,42"/><U17/><E114/><V71/><F109/><W43/><G73/><T48/><D34/><U13/><E38/><V119/><F71/><W126/><G46/><T66/><D115/><U99/><E125/><V44/><F112/><W127/><G86/><T108/><D102/><U6/><E134/><V63/><F72/><W37/><G37/><T29/><D105/><U64/><E107/><V87/><F124/><W68/><G68/><T33/><D15/><U61/><E99/><V95/><F63/><W52/><G10/><T129/><D29/><U97/><E97/><V32/><F26/><W77/><G59/><T1/><D33/><U27/><E64/><N who="0" m="24681" /><D108/><U82/><E55/><V16/><F32/><W131/><G131/><N who="0" m="50187" /><D132/><U49/><E49/><V96/><F36/><W74/><G126/><T7/><D7/><N who="1" m="2571" /><E82/><V106/><F106/><W118/><G127/><T56/><D48/><U90/><E90/><V0/><F0/><W94/><G94/><T19/><D19/><N who="1" m="12799" /><E13/><V92/><F96/><W121/><G74/><T123/><D123/><U53/><E31/><V122/><F122/><W4/><G121/><T103/><D103/><U75/><E75/><V47/><F79/><AGARI ba="3,0" hai="1,2,3,56,58,76,78,79" m="50187,24681" machi="79" ten="40,5200,0" yaku="28,2,19,1" doraHai="113" who="0" fromWho="2" sc="209,61,372,0,255,-61,164,0" />
</Scene>
<Scene>
<INIT seed="2,0,0,3,2,122" ten="270,372,194,164" oya="2" hai0="107,16,106,52,24,58,95,59,10,75,30,6,88" hai1="100,54,9,23,49,4,130,81,108,109,17,36,96" hai2="41,114,124,0,115,45,74,2,57,103,68,79,91" hai3="73,28,19,7,22,120,66,70,116,40,64,26,133"/><V20/><F103/><W105/><G116/><T82/><D59/><U85/><E36/><N who="2" m="21671" /><F91/><W38/><G105/><T123/><D123/><U90/><E130/><V132/><F20/><W18/><G73/><T112/><D112/><N who="2" m="43050" /><F57/><W117/><G7/><T8/><D75/><U5/><E23/><V35/><F132/><W44/><G117/><T94/><D82/><U97/><E17/><V78/><F78/><W31/><G133/><T62/><D94/><U101/><E101/><V77/><F77/><W63/><G120/><T131/><D131/><U60/><E60/><V39/><F39/><W29/><G29/><T92/><D92/><U56/><E4/><V119/><F119/><W110/><G31/><T47/><D47/><U48/><E48/><V72/><F79/><W128/><G128/><T21/><D30/><U69/><E69/><V15/><F15/><W76/><G76/><T84/><D8/><U65/><E65/><V104/><F104/><W55/><G64/><T83/><D83/><U50/><E50/><V99/><F99/><W86/><G86/><T61/><D61/><U46/><E56/><V111/><F35/><W98/><G98/><T53/><D53/><U121/><E121/><V125/><F68/><W14/><G55/><T71/><D71/><U135/><E135/><V51/><F51/><W11/><G18/><T3/><AGARI ba="0,0" hai="3,6,10,16,21,24,52,58,62,84,88,95,106,107" machi="3" ten="20,8000,1" yaku="0,1,7,1,54,3" doraHai="122" who="0" fromWho="0" sc="270,80,372,-20,194,-40,164,-20" />
</Scene>
<Scene>
<INIT seed="3,0,0,1,1,45" ten="350,352,154,144" oya="3" hai0="69,68,12,16,98,99,117,48,32,71,18,3,101" hai1="13,0,73,5,8,93,74,72,51,95,38,55,81" hai2="96,106,47,15,2,113,50,67,120,27,114,78,83" hai3="41,131,23,54,59,62,119,57,14,1,87,77,85"/><W24/><G1/><T118/><D3/><U31/><E38/><V10/><F120/><W110/><G119/><T42/><D32/><U33/><E81/><V105/><F67/><W103/><G131/><T75/><D75/><U29/><E13/><V112/><F27/><W124/><G124/><T7/><D7/><U40/><E40/><N who="2" m="24935" /><F96/><W20/><G41/><T134/><D134/><U127/><E127/><V88/><F2/><W60/><G103/><T125/><D125/><U126/><E126/><V58/><F58/><W128/><G128/><T64/><D64/><U107/><E107/><V90/><F106/><W123/><G123/><T76/><D76/><U37/><E37/><V104/><F105/><W25/><G14/><T122/><D122/><U132/><E132/><V91/><F104/><W39/><G39/><T30/><D30/><U82/><E82/><V133/><F133/><W130/><G130/><T21/><D98/><U80/><E80/><V34/><F34/><W70/><G70/><T135/><D135/><U43/><E43/><V11/><F11/><W19/><G110/><T111/><D111/><U4/><E4/><N who="2" m="3527" /><F114/><W116/><G116/><T86/><D18/><U44/><E31/><V115/><F115/><W46/><G46/><N who="0" m="25687" /><D118/><U66/><E66/><V26/><F26/><W56/><G54/><T35/><D35/><U9/><E9/><V129/><F129/><W52/><G52/><T102/><D117/><U17/><E17/><V84/><AGARI ba="0,0" hai="78,83,84,88,90,91,112,113" m="3527,24935" machi="84" ten="30,4000,0" yaku="25,1,52,1,54,1" doraHai="45" who="2" fromWho="2" sc="350,-10,352,-10,154,40,144,-20" />
</Scene>
<Scene>
<INIT seed="4,0,0,5,5,57" ten="340,342,194,124" oya="0" hai0="55,71,50,61,116,99,47,64,31,1,76,39,40" hai1="132,113,8,91,80,117,97,53,100,4,129,51,23" hai2="59,118,107,92,110,42,30,18,35,49,25,37,101" hai3="26,104,119,41,5,7,125,83,74,13,2,6,87"/><T120/><D116/><U58/><E117/><V114/><F110/><W130/><G2/><T102/><D120/><U24/><E132/><V88/><F114/><W48/><G74/><T90/><D1/><U134/><E134/><V124/><F124/><W33/><G125/><T109/><D109/><U43/><E129/><V38/><F107/><W21/><G104/><T56/><D76/><U46/><E113/><V93/><F93/><W19/><G130/><T70/><D31/><U27/><E23/><V52/><F101/><W78/><G119/><T3/><D3/><U86/><E97/><V126/><F126/><W9/><REACH who="3" step="1"/><G33/><REACH who="3" ten="340,342,194,114" step="2"/><T103/><D71/><U36/><REACH who="1" step="1"/><E100/><REACH who="1" ten="340,332,194,114" step="2"/><V44/><F118/><W115/><G115/><T22/><D22/><U131/><E131/><V20/><F35/><W122/><G122/><T54/><D102/><U10/><E10/><V105/><F105/><W60/><G60/><T135/><D135/><U98/><E98/><N who="2" m="57607" /><F30/><W63/><G63/><AGARI ba="0,2" hai="18,20,25,37,38,42,44,49,52,59,63" m="57607" machi="63" ten="30,7700,0" yaku="25,1,52,1,54,2" doraHai="57" who="2" fromWho="3" sc="340,0,332,0,194,97,114,-77" />
</Scene>
<Scene>
<INIT seed="5,0,0,0,0,112" ten="340,332,291,37" oya="1" hai0="57,59,69,89,64,134,55,126,52,72,36,45,73" hai1="14,68,102,23,49,40,76,127,103,9,42,32,7" hai2="88,62,44,86,83,87,94,19,22,13,78,21,122" hai3="43,18,70,16,108,25,105,26,58,119,63,20,129"/><U91/><E32/><V60/><F122/><W24/><G70/><T131/><D134/><U37/><E68/><V107/><F107/><W71/><G71/><T48/><D131/><U3/><E37/><V133/><F133/><W41/><G108/><T74/><D126/><U132/><E132/><V121/><F121/><W8/><G105/><T51/><D89/><U96/><E76/><V34/><F34/><W10/><G129/><T128/><D128/><U79/><E79/><V118/><F118/><W120/><G120/><T85/><D85/><U5/><E127/><V65/><F65/><W113/><G113/><T50/><D36/><U47/><E42/><V15/><F44/><W35/><G35/><T17/><D17/><AGARI ba="0,0" hai="13,15,17,19,21,22,60,62,78,83,86,87,88,94" machi="17" ten="40,5200,0" yaku="9,1,8,1,54,1" doraHai="112" who="2" fromWho="0" sc="340,-52,332,0,291,52,37,0" />
</Scene>
<Scene>
<INIT seed="6,0,0,0,5,106" ten="288,332,343,37" oya="2" hai0="43,13,38,98,66,99,112,61,81,58,32,85,35" hai1="128,36,118,45,80,6,95,127,15,93,111,65,34" hai2="5,102,122,0,100,69,54,110,7,3,73,42,121" hai3="18,26,94,12,116,125,29,40,25,88,123,126,89"/><V59/><F69/><W91/><G116/><T50/><D112/><U108/><E118/><V131/><F42/><W109/><G109/><T30/><D38/><U76/><E34/><V63/><F110/><W53/><G123/><T107/><D107/><U74/><E127/><V9/><F131/><W67/><G67/><T83/><D32/><U64/><E128/><V113/><F113/><W92/><G40/><T77/><D35/><U47/><E65/><V8/><REACH who="2" step="1"/><F73/><REACH who="2" ten="288,332,333,37" step="2"/><W130/><G130/><T114/><D114/><U84/><E74/><V135/><F135/><W97/><G125/><T78/><D30/><U71/><E71/><V129/><F129/><W68/><G68/><T115/><D115/><U16/><E108/><V101/><AGARI ba="0,1" hai="0,3,5,7,8,9,54,59,63,100,101,102,121,122" machi="101" ten="30,6000,0" yaku="1,1,0,1,9,1,53,0" doraHai="106" doraHaiUra="19" who="2" fromWho="2" sc="288,-20,332,-20,333,70,37,-20" />
</Scene>
<Scene>
<INIT seed="6,1,0,3,1,14" ten="268,312,403,17" oya="2" hai0="32,109,83,54,61,33,58,16,21,59,133,36,48" hai1="125,47,67,22,37,129,86,95,9,94,113,107,115" hai2="51,20,46,116,34,56,18,35,1,42,114,39,15" hai3="93,44,11,71,130,134,29,126,100,123,84,41,10"/><V6/><F116/><W76/><G123/><T24/><D133/><U7/><E107/><V104/><F104/><W124/><G71/><T70/><D109/><U81/><E125/><N who="3" m="48234" /><G134/><T63/><D36/><U77/><E67/><V80/><F114/><N who="1" m="43529" /><E129/><V105/><F105/><W25/><G130/><T78/><D70/><U98/><E98/><V60/><F39/><N who="3" m="21567" /><G100/><T40/><D40/><N who="1" m="22927" /><E22/><V28/><F28/><W19/><G93/><T102/><D102/><U30/><E30/><V73/><F73/><W135/><G135/><T52/><D48/><U26/><E26/><V82/><F35/><N who="3" m="20911" /><G19/><T0/><D0/><AGARI ba="1,0" hai="0,7,9,77,81,86,94,95" m="22927,43529" machi="0" ten="30,1000,0" yaku="15,1" doraHai="14" who="1" fromWho="0" sc="268,-13,312,13,403,0,17,0" />
</Scene>
<Scene>
<INIT seed="7,0,0,4,4,65" ten="255,325,403,17" oya="3" hai0="30,42,24,115,77,44,129,13,15,38,80,106,25" hai1="110,4,75,114,111,35,57,10,8,108,14,70,21" hai2="94,69,127,22,6,125,92,96,17,104,102,99,89" hai3="132,26,72,52,61,109,58,11,50,85,120,27,134"/><W49/><G72/><T1/><D106/><U56/><E75/><V113/><F69/><W41/><G120/><T68/><D129/><U12/><E114/><V39/><F39/><W74/><G74/><T133/><D133/><N who="3" m="51305" /><G109/><T95/><D1/><U130/><E35/><V81/><F113/><W98/><G98/><T29/><D115/><U123/><E123/><V32/><F32/><W55/><G85/><T66/><D95/><U53/><E70/><V63/><F6/><W100/><G100/><T31/><D80/><U76/><E76/><V93/><F81/><W84/><G84/><T124/><D77/><U59/><E21/><V90/><F89/><W97/><G97/><T67/><D67/><U62/><REACH who="1" step="1"/><E130/><REACH who="1" ten="255,315,403,17" step="2"/><V48/><F22/><W118/><G118/><T37/><D37/><U86/><E86/><V83/><F99/><W119/><G119/><T122/><D122/><U126/><E126/><V101/><F96/><W116/><G116/><T47/><D47/><U34/><E34/><V46/><F125/><W121/><G121/><T28/><D124/><U45/><E45/><V135/><F46/><N who="3" m="25807" /><G11/><T88/><D88/><U79/><E79/><V3/><F90/><W71/><G71/><T105/><D105/><U117/><E117/><V19/><F104/><W36/><G36/><T82/><D82/><U131/><E131/><V43/><F83/><W0/><G0/><T64/><D68/><U73/><E73/><V103/><F127/><W23/><G23/><T9/><D9/><U5/><AGARI ba="0,1" hai="4,5,8,10,12,14,53,56,57,59,62,108,110,111" machi="5" ten="30,8000,1" yaku="1,1,0,1,9,1,53,2" doraHai="65" doraHaiUra="7" who="1" fromWho="1" sc="255,-20,315,90,403,-20,17,-40" owari="235,-16.0,405,50.0,383,18.0,-23,-52.0" />
</Scene>
</mjloggm>