<mjloggm ver="2.3"><GO type="169" lobby="0"/><UN n0="%E8%A6%AA%E6%8C%87%EF%BC%88%E5%A4%A7%EF%BC%89" n1="%E7%B4%94%EF%BC%93%E9%BE%8D%E9%96%80" n2="%E3%83%86%E3%83%AC%E3%83%93%E3%81%A3%E5%AD%90" n3="%E5%A4%AA%E3%81%8F%E3%81%AA%E3%81%84%E3%81%8A" dan="16,16,17,17" rate="2156.35,2135.78,2211.87,2238.99" sx="M,F,M,M"/><TAIKYOKU oya="0"/>

<Scene>
<INIT seed="0,0,0,2,2,25" ten="250,250,250,250" oya="0" hai0="22,85,62,88,70,117,71,67,119,52,59,92,16" hai1="81,26,111,74,86,56,118,51,4,91,6,9,19" hai2="28,29,82,112,18,30,21,73,115,102,96,23,36" hai3="14,33,8,133,99,15,126,98,55,38,57,131,0"/><T65/><D65/><U27/><E111/><V54/><F36/><W89/><G38/><T93/><D93/><U24/><E118/><V60/><F73/><W77/><G33/><T109/><D109/><U43/><E74/><V35/><F35/><W63/><G77/><T10/><D10/><U103/><E103/><V46/><F82/><W134/><G126/><T95/><D95/><U113/><E113/><V20/><F18/><W47/><G131/><T114/><D114/><U11/><E19/><V79/><F79/><W90/><G0/><T108/><D108/><U17/><E17/><V66/><F54/><W42/><G42/><T64/><D64/><U32/><E32/><V69/><REACH who="2" step="1"/><F46/><REACH who="2" ten="250,250,240,250" step="2"/><W44/><G55/><T135/><D135/><U94/><E81/><V53/><F53/><W127/><G44/><T39/><D39/><U50/><E43/><V107/><AGARI ba="0,1" hai="20,21,23,28,29,30,60,66,69,96,102,107,112,115" machi="107" ten="30,8000,1" yaku="1,1,0,1,52,3,53,0" doraHai="25" doraHaiUra="80" who="2" fromWho="2" sc="250,-40,250,-20,240,90,250,-20" />
</Scene>
<Scene>
<INIT seed="1,0,0,5,5,108" ten="210,230,330,230" oya="1" hai0="1,132,28,105,110,3,95,112,57,135,60,19,93" hai1="120,134,41,21,118,49,100,65,94,77,31,116,5" hai2="15,32,88,35,11,23,14,70,75,67,20,4,30" hai3="53,96,29,42,102,17,104,92,125,37,7,82,10"/><U9/><E120/><V61/><F75/><W90/><G125/><T74/><D105/><U119/><E134/><N who="0" m="51241" /><D110/><U129/><E129/><V45/><F45/><W59/><G29/><T47/><D74/><U52/><E65/><V86/><F23/><W71/><G71/><T56/><D28/><U58/><E77/><V99/><F99/><W27/><G82/><T68/><D68/><U106/><E106/><V103/><F103/><W13/><G37/><T25/><D47/><U84/><E41/><V91/><F91/><W2/><G42/><T33/><D112/><U78/><E78/><V113/><F113/><W40/><G40/><T72/><D72/><U39/><E39/><V69/><F69/><W130/><G130/><T123/><D123/><U117/><E117/><V87/><F87/><W34/><G34/><T48/><D48/><U64/><E64/><V50/><F50/><W85/><G27/><T63/><D33/><U98/><E84/><V122/><F122/><W127/><G127/><T124/><D124/><U46/><E46/><V133/><F133/><W43/><G43/><T66/><D19/><U76/><E76/><V62/><F62/><W79/><G79/><T109/><D25/><N who="1" m="16815" /><E119/><V126/><F126/><W101/><G104/><T80/><D109/><U114/><E114/><V73/><F73/><W54/><G59/><T6/><D80/><U38/><E38/><V121/><F121/><W12/><G2/><N who="0" m="523" /><D6/><U51/><E51/><V24/><F15/><W55/><G85/><T97/><D97/><U16/><E5/><V107/><F107/><W81/><G81/><AGARI ba="0,0" hai="4,11,14,20,24,30,32,35,61,67,70,81,86,88" machi="81" ten="30,3900,0" yaku="6,1,7,1,54,1" doraHai="108" who="2" fromWho="3" sc="210,0,230,0,330,39,230,-39" />
</Scene>
<Scene>
<INIT seed="2,0,0,1,5,130" ten="210,230,369,191" oya="2" hai0="77,127,73,114,15,4,131,22,71,20,1,18,46" hai1="32,23,60,133,79,51,10,3,75,36,132,68,24" hai2="78,59,86,129,70,45,112,56,113,50,41,35,81" hai3="52,100,47,66,0,34,49,117,31,14,94,2,54"/><V76/><F70/><W44/><G117/><T99/><D71/><U37/><E32/><V128/><F35/><W6/><G66/><T85/><D114/><U19/><E75/><V11/><F113/><W84/><G31/><T29/><D131/><N who="2" m="50250" /><F112/><W98/><G34/><T101/><D73/><U107/><E107/><V42/><F78/><W90/><G14/><T119/><D119/><U124/><E124/><V83/><F83/><W103/><G6/><T39/><D127/><U89/><E79/><V7/><F42/><W13/><G13/><AGARI ba="0,0" hai="7,11,13,41,45,50,56,59,76,81,86" m="50250" machi="13" ten="30,2900,0" yaku="25,1,19,1" doraHai="130" who="2" fromWho="3" sc="210,0,230,0,369,29,191,-29" />
</Scene>
<Scene>
<INIT seed="2,1,0,0,1,60" ten="210,230,398,162" oya="2" hai0="96,23,87,50,21,3,59,63,116,74,79,48,124" hai1="112,11,56,32,111,35,129,131,53,106,64,18,94" hai2="108,16,28,83,121,113,46,115,68,38,85,90,2" hai3="54,65,58,109,36,80,44,34,61,52,70,10,128"/><V45/><F2/><W33/><G109/><T51/><D3/><U98/><E111/><V104/><F108/><W92/><G128/><N who="1" m="49226" /><E106/><V19/><F121/><W66/><G80/><N who="0" m="47519" /><D74/><U25/><E112/><V110/><F110/><W114/><G114/><T49/><D124/><U88/><E64/><N who="3" m="24682" /><G33/><T41/><D116/><U12/><E25/><V75/><F75/><W57/><G34/><T133/><D133/><U118/><E118/><V123/><F123/><W76/><G76/><T125/><D125/><U42/><E42/><V47/><F68/><W101/><G36/><T135/><D135/><U5/><E5/><V119/><F104/><W103/><G70/><T6/><D6/><U40/><E40/><V97/><F38/><W127/><G127/><T31/><D96/><U107/><E107/><V55/><F119/><W62/><G44/><N who="0" m="25615" /><D31/><U15/><E15/><V67/><F115/><W9/><G92/><T1/><D1/><U122/><E122/><V89/><F113/><W7/><G7/><T22/><D63/><AGARI ba="1,0" hai="11,12,18,32,35,53,56,63,88,94,98" m="49226" machi="63" ten="30,2000,0" yaku="19,1,54,1" doraHai="60" who="1" fromWho="0" sc="210,-23,230,23,398,0,162,0" />
</Scene>
<Scene>
<INIT seed="3,0,0,2,3,69" ten="187,253,398,162" oya="3" hai0="70,24,82,23,5,36,0,98,89,91,37,15,101" hai1="34,1,20,130,18,97,72,121,33,104,35,87,95" hai2="41,48,7,21,28,119,133,47,16,57,44,40,109" hai3="51,68,99,117,62,31,102,112,32,131,61,60,92"/><W107/><G112/><T118/><D118/><U86/><E121/><V49/><F133/><W11/><G117/><T73/><D70/><U124/><E130/><V128/><F128/><W46/><G131/><T110/><D0/><U25/><E104/><V94/><F109/><W39/><G11/><T45/><D110/><U108/><E108/><V10/><F119/><W83/><G83/><T67/><D67/><U42/><E72/><V26/><F57/><W96/><G68/><T38/><D45/><U52/><E124/><V114/><F114/><W127/><G127/><T71/><D71/><U53/><E1/><V79/><F79/><W80/><G80/><T14/><D73/><U93/><E42/><V43/><F94/><W22/><G32/><T65/><D65/><U135/><E135/><V81/><F81/><W63/><G39/><T111/><D111/><U59/><E93/><V58/><F58/><W76/><G76/><T27/><D27/><U126/><E126/><V106/><F106/><W75/><G75/><T2/><D2/><U103/><REACH who="1" step="1"/><E53/><REACH who="1" ten="187,243,398,162" step="2"/><V19/><F43/><W85/><G107/><T134/><D134/><U125/><E125/><V30/><REACH who="2" step="1"/><F28/><REACH who="2" ten="187,243,388,162" step="2"/><W4/><G31/><T123/><D82/><U17/><E17/><V113/><F113/><W6/><G92/><T74/><D74/><U120/><E120/><V66/><F66/><W115/><G115/><T129/><D123/><U13/><E13/><AGARI ba="0,2" hai="7,10,13,16,19,21,26,30,40,41,44,47,48,49" machi="13" ten="30,8000,1" yaku="1,1,7,1,9,1,8,1,54,1,53,0" doraHai="69" doraHaiUra="116" who="2" fromWho="1" sc="187,0,243,-80,388,100,162,0" />
</Scene>
<Scene>
<INIT seed="4,0,0,3,4,51" ten="187,163,488,162" oya="0" hai0="53,90,4,48,85,77,106,0,56,13,11,89,84" hai1="131,7,123,71,16,112,88,55,93,107,132,61,75" hai2="21,18,12,19,58,65,29,64,130,62,42,110,52" hai3="108,73,129,33,1,117,30,8,91,125,45,94,41"/><T23/><D106/><U109/><E109/><V40/><F110/><W27/><G108/><T99/><D99/><U98/><E123/><V34/><F130/><W17/><G117/><T96/><D96/><U43/><E131/><V100/><F100/><W31/><G129/><T9/><D23/><U3/><E107/><V28/><F34/><W83/><G125/><T80/><REACH who="0" step="1"/><D85/><REACH who="0" ten="177,163,488,162" step="2"/><U101/><E98/><V68/><F28/><W128/><G31/><T133/><D133/><U124/><E132/><V36/><F29/><W38/><G128/><T87/><D87/><U121/><E121/><V69/><F36/><W39/><G39/><T24/><D24/><U67/><E124/><V70/><F42/><W22/><G30/><T122/><D122/><U92/><E43/><V134/><F40/><W10/><G33/><T103/><D103/><U119/><E101/><V50/><F134/><W113/><G38/><T126/><D126/><U44/><E119/><V72/><F72/><W15/><G73/><T116/><D116/><U111/><E75/><V78/><F78/><W102/><G102/><T35/><D35/><U97/><E111/><V49/><F65/><W60/><G41/><T82/><D82/><U118/><E118/><V74/><F74/><W115/><G83/><T5/><AGARI ba="0,1" hai="0,4,5,9,11,13,48,53,56,77,80,84,89,90" machi="5" ten="20,7800,0" yaku="1,1,0,1,7,1,52,1,53,0" doraHai="51" doraHaiUra="63" who="0" fromWho="0" sc="177,88,163,-26,488,-26,162,-26" />
</Scene>
<Scene>
<INIT seed="4,1,0,5,3,97" ten="265,137,462,136" oya="0" hai0="49,130,85,62,35,91,2,120,20,18,31,65,6" hai1="3,123,78,59,67,70,16,117,93,75,96,5,128" hai2="76,19,127,82,134,23,14,129,95,64,90,32,103" hai3="58,44,98,7,111,68,51,45,52,88,101,116,48"/><T43/><D120/><U46/><E123/><V109/><F127/><W30/><G111/><T66/><D130/><U38/><E117/><V74/><F134/><W133/><G116/><T119/><D119/><U41/><E128/><V33/><F129/><W39/><G68/><T79/><D79/><U8/><E70/><V104/><F109/><W99/><G133/><T36/><D36/><U108/><E108/><V107/><F64/><W29/><G7/><T12/><D62/><U114/><E114/><V72/><F72/><W115/><G115/><T77/><D77/><U60/><E16/><V131/><F131/><W89/><G39/><T87/><D87/><U69/><E69/><V100/><F107/><W124/><G124/><T86/><D86/><U92/><REACH who="1" step="1"/><E96/><REACH who="1" ten="265,127,462,136" step="2"/><V118/><F118/><W34/><G98/><T56/><D18/><U13/><E13/><V1/><F1/><W28/><G34/><T11/><D35/><U42/><E42/><V25/><F33/><W22/><G22/><T80/><D43/><U26/><E26/><V83/><F32/><W113/><G113/><T126/><D126/><U84/><E84/><V9/><F74/><W0/><G0/><T102/><D2/><U55/><E55/><V81/><F104/><W50/><G45/><T4/><D4/><U47/><E47/><V61/><F23/><W135/><G135/><T63/><D20/><U105/><E105/><V112/><F112/><W10/><G10/><T122/><D6/><U15/><E15/><V53/><F14/><W106/><G44/><T110/><D11/><U54/><E54/><RYUUKYOKU ba="1,1" sc="265,-15,127,15,462,-15,136,15" hai1="3,5,8,38,41,46,59,60,67,75,78,92,93" hai3="28,29,30,48,50,51,52,58,88,89,99,101,106" />
</Scene>
<Scene>
<INIT seed="5,2,1,4,0,74" ten="250,142,447,151" oya="1" hai0="6,110,20,67,80,90,88,48,5,58,31,85,98" hai1="89,73,92,109,120,104,106,93,72,77,21,56,57" hai2="133,105,12,15,117,124,111,103,78,26,1,43,132" hai3="38,35,10,91,96,100,76,69,42,49,118,3,70"/><U30/><E120/><V65/><F1/><W95/><G35/><T116/><D110/><U13/><E109/><V97/><F117/><W108/><G108/><T82/><D116/><U119/><E119/><V101/><F111/><W131/><G118/><T51/><D67/><U83/><E72/><V66/><F124/><W130/><G38/><T94/><D82/><U53/><E93/><V28/><F43/><W16/><G76/><T123/><D123/><U59/><E53/><V8/><F78/><W4/><G42/><T33/><D33/><U112/><E112/><V22/><F103/><W11/><G49/><N who="0" m="19019" /><D58/><U55/><E55/><V64/><REACH who="2" step="1"/><F12/><REACH who="2" ten="250,142,437,151" step="2"/><N who="3" m="7199" /><G100/><T68/><D90/><U115/><E115/><V17/><AGARI ba="2,2" hai="8,15,17,22,26,28,64,65,66,97,101,105,132,133" machi="17" ten="30,2000,0" yaku="1,1,0,1,53,0" doraHai="74" doraHaiUra="71" who="2" fromWho="2" sc="250,-7,142,-12,437,46,151,-7" />
</Scene>
<Scene>
<INIT seed="6,0,0,3,1,7" ten="243,130,483,144" oya="2" hai0="46,11,14,69,117,126,124,68,71,97,5,22,57" hai1="112,17,95,37,23,24,129,116,106,30,109,79,47" hai2="103,3,115,123,32,99,80,81,38,66,128,135,10" hai3="119,51,88,9,127,6,74,29,36,49,113,60,15"/><V64/><F38/><W107/><G119/><T104/><D117/><U52/><E116/><V85/><F32/><W72/><G36/><T82/><D57/><U0/><E109/><V59/><F123/><W18/><G107/><T83/><D46/><U28/><E106/><V13/><F115/><W48/><G113/><T105/><D22/><U98/><E112/><V54/><F3/><W31/><G127/><N who="0" m="48683" /><D105/><U67/><E0/><V111/><F135/><W102/><G102/><AGARI ba="0,0" hai="5,11,14,68,69,71,82,83,97,102,104" m="48683" machi="102" ten="40,2600,0" yaku="18,1,52,1" doraHai="7" who="0" fromWho="3" sc="243,26,130,0,483,0,144,-26" />
</Scene>
<Scene>
<INIT seed="7,0,0,2,2,20" ten="269,130,483,118" oya="3" hai0="16,9,60,48,110,120,24,72,65,59,73,82,6" hai1="118,112,32,67,122,41,55,0,22,40,5,27,131" hai2="49,132,8,7,29,26,57,51,121,83,63,114,53" hai3="111,102,127,92,109,15,117,52,33,30,11,78,54"/><W88/><G117/><T36/><D110/><N who="3" m="41993" /><G127/><T44/><D120/><U129/><E122/><V75/><F121/><W86/><G102/><T39/><D16/><U47/><E118/><V99/><F114/><W31/><G78/><T130/><D130/><N who="1" m="49675" /><E32/><V100/><F132/><W28/><G33/><T68/><D24/><U2/><E67/><V42/><F75/><W135/><G135/><T23/><D23/><U89/><E112/><V87/><F42/><N who="1" m="16489" /><E5/><AGARI ba="0,0" hai="5,11,15,28,30,31,52,54,86,88,92" m="41993" machi="5" ten="30,5800,0" yaku="10,1,54,2" doraHai="20" who="3" fromWho="1" sc="269,0,130,-58,483,0,118,58" />
</Scene>
<Scene>
<INIT seed="7,1,0,2,5,43" ten="269,72,483,176" oya="3" hai0="58,42,47,103,22,72,6,121,33,48,37,70,67" hai1="13,45,50,92,78,77,120,104,88,39,96,57,64" hai2="97,30,107,41,44,7,18,122,74,110,101,129,24" hai3="55,106,73,126,108,27,61,52,123,91,4,8,32"/><W71/><G123/><T59/><D33/><U17/><E120/><V75/><F122/><W14/><G73/><T76/><D121/><U81/><E104/><V83/><F110/><W12/><G106/><T105/><D6/><U124/><E124/><V102/><F129/><W9/><G126/><T119/><D119/><U29/><E29/><V11/><F18/><W35/><G108/><T68/><D22/><U93/><E39/><N who="2" m="21567" /><F101/><W46/><G91/><T40/><D76/><U80/><E93/><V127/><F83/><W112/><G112/><T98/><D72/><U3/><E3/><N who="2" m="511" /><F127/><W65/><G27/><T16/><D16/><U19/><E81/><V49/><F49/><W82/><G82/><T62/><D42/><U1/><E1/><V85/><F85/><W51/><G55/><T130/><D130/><U86/><E77/><V66/><F66/><W87/><G87/><T125/><D125/><U100/><E100/><V25/><F25/><W2/><G2/><T60/><D37/><U84/><E84/><V114/><F114/><W90/><G90/><T0/><D0/><U128/><E128/><V36/><F36/><W118/><G118/><T56/><D56/><U117/><E117/><V69/><F69/><W95/><G95/><T31/><D31/><U116/><E116/><V34/><AGARI ba="1,0" hai="24,30,34,74,75,97,102,107" m="511,21567" machi="34" ten="30,4000,0" yaku="33,2,52,1" doraHai="43" who="2" fromWho="2" sc="269,-11,72,-11,483,43,176,-21" owari="258,6.0,61,-44.0,526,62.0,155,-24.0" />
</Scene>
</mjloggm>