<mjloggm ver="2.3"><GO type="169" lobby="0"/><UN n0="%64%61%61%61%61%61%61%61" n1="%6E%69%63%6B%2E" n2="%E5%A4%AA%E3%81%8F%E3%81%AA%E3%81%84%E3%81%8A" n3="%67%69%6A%79%75%74%75" dan="16,17,18,16" rate="2132.53,2199.92,2307.75,2114.13" sx="F,M,F,M"/><TAIKYOKU oya="0"/>

<Scene>
<INIT seed="0,0,0,1,4,49" ten="250,250,250,250" oya="0" hai0="132,115,126,96,34,52,92,57,76,50,59,85,6" hai1="5,18,128,53,123,95,9,74,54,80,8,15,118" hai2="97,121,45,100,36,131,119,4,42,30,90,99,17" hai3="135,86,67,116,69,10,3,27,109,112,46,7,33"/><T25/><D115/><U26/><E118/><V58/><F121/><W38/><G112/><T107/><D107/><U56/><E123/><V66/><F119/><W14/><G116/><T84/><D126/><U51/><E128/><V134/><F131/><W88/><G135/><T68/><D68/><U114/><E114/><V64/><F4/><W71/><G67/><T32/><D132/><U111/><E111/><V40/><F134/><W117/><G117/><T19/><D6/><U125/><E125/><V104/><F30/><W110/><G14/><T55/><D32/><U93/><E54/><V94/><F58/><W103/><G103/><T48/><D76/><U16/><E26/><V82/><F17/><W75/><G75/><T24/><D19/><U29/><E29/><V62/><F62/><W35/><G35/><T101/><D34/><U133/><E133/><V60/><F60/><W2/><G2/><T130/><D130/><U98/><E9/><V89/><F42/><N who="3" m="22871" /><G27/><AGARI ba="0,0" hai="24,25,27,48,50,52,55,57,59,84,85,92,96,101" machi="27" ten="40,12000,1" yaku="9,1,8,1,52,2,54,1" doraHai="49" who="0" fromWho="3" sc="250,120,250,0,250,0,250,-120" />
</Scene>
<Scene>
<INIT seed="0,1,0,1,0,7" ten="370,250,250,130" oya="0" hai0="21,73,99,62,111,46,90,37,63,26,110,134,106" hai1="61,53,74,75,88,124,36,119,79,51,78,112,14" hai2="104,98,125,120,130,50,54,28,43,82,22,100,123" hai3="68,23,113,10,95,128,135,97,76,57,107,42,94"/><T48/><D37/><U20/><E119/><V35/><F35/><W132/><G68/><T108/><D73/><U1/><E1/><V131/><F43/><W30/><G113/><T65/><D134/><N who="3" m="51241" /><G128/><N who="2" m="49193" /><F125/><W47/><G76/><T33/><D33/><U9/><E36/><V12/><F82/><W121/><G121/><T93/><D106/><U25/><E124/><V17/><F28/><W60/><G107/><T2/><D2/><U81/><E61/><V83/><F83/><W85/><G85/><T67/><D63/><U80/><E112/><V32/><F32/><W64/><G97/><T69/><D67/><U102/><E102/><V31/><F31/><W118/><G118/><T40/><D21/><U41/><E41/><V27/><F27/><AGARI ba="1,0" hai="26,27,40,46,48,62,65,69,90,93,99,108,110,111" machi="27" ten="40,3900,0" yaku="14,1,10,1" doraHai="7" who="0" fromWho="2" sc="370,42,250,0,250,-42,130,0" />
</Scene>
<Scene>
<INIT seed="0,2,0,1,2,29" ten="412,250,208,130" oya="0" hai0="89,17,104,20,5,121,91,118,52,48,112,43,117" hai1="6,115,87,120,70,81,130,16,3,2,86,126,119" hai2="113,59,99,77,69,72,64,105,28,18,82,93,107" hai3="49,35,27,66,25,71,57,44,30,102,97,62,127"/><T111/><D112/><U135/><E86/><V83/><F69/><W95/><G127/><T68/><D121/><U61/><E61/><V133/><F113/><W103/><G25/><T26/><D68/><U106/><E87/><V65/><F133/><W108/><G108/><T33/><D111/><U129/><E81/><V134/><F134/><W12/><G12/><T80/><D104/><U60/><E60/><V125/><F125/><W74/><G74/><T13/><D43/><U132/><E6/><V34/><F82/><W51/><G51/><T42/><D42/><U90/><E90/><V23/><F59/><W128/><G128/><T96/><D89/><U8/><E8/><V78/><F78/><W9/><G9/><T55/><D55/><U101/><E101/><V32/><F107/><W19/><G19/><T50/><D50/><U110/><E16/><V73/><F73/><W54/><REACH who="3" step="1"/><G103/><REACH who="3" ten="412,250,208,120" step="2"/><T37/><D48/><U4/><E129/><V21/><F18/><W58/><AGARI ba="2,1" hai="27,30,35,44,49,54,57,58,62,66,71,95,97,102" machi="58" ten="30,7900,0" yaku="1,1,2,1,0,1,52,1,53,0" doraHai="29" doraHaiUra="76" who="3" fromWho="3" sc="412,-41,250,-22,208,-22,120,95" />
</Scene>
<Scene>
<INIT seed="1,0,0,5,5,2" ten="371,228,186,215" oya="1" hai0="129,6,120,106,17,58,113,102,88,49,3,124,119" hai1="22,5,99,74,59,13,4,60,122,109,107,101,133" hai2="12,63,80,73,54,90,47,19,26,89,116,67,18" hai3="85,35,94,41,91,104,121,75,135,84,82,65,39"/><U40/><E122/><V110/><F116/><W95/><G35/><T98/><D113/><U52/><E74/><V34/><F110/><W126/><G65/><T32/><D119/><U125/><E109/><V16/><F34/><W115/><G41/><T118/><D118/><U97/><E125/><V83/><F26/><W76/><G39/><T123/><D32/><U61/><E40/><V0/><F0/><W51/><G51/><T43/><D124/><U9/><E133/><V29/><F29/><W77/><G126/><T56/><D129/><U66/><E97/><V108/><F108/><W114/><G121/><N who="0" m="46667" /><D17/><U68/><E22/><V96/><F12/><W44/><G44/><N who="0" m="25759" /><D88/><N who="2" m="33898" /><F73/><N who="3" m="43279" /><G115/><T64/><D64/><U36/><E36/><V79/><F96/><N who="3" m="57439" /><G114/><T62/><D62/><U105/><E105/><V53/><F47/><W25/><G104/><T86/><D86/><U103/><E103/><V93/><F93/><W55/><G135/><T27/><D27/><U57/><E68/><V50/><F50/><W31/><G25/><T117/><D117/><U132/><E132/><V45/><F45/><W1/><G31/><T21/><D21/><U128/><E128/><V8/><F67/><W38/><G38/><T48/><D48/><U70/><E70/><V134/><F134/><W37/><G37/><T127/><D127/><U7/><AGARI ba="0,0" hai="4,5,7,9,13,52,57,59,60,61,66,99,101,107" machi="7" ten="20,18000,2" yaku="0,1,7,1,52,3,54,1" doraHai="2" who="1" fromWho="1" sc="371,-60,228,180,186,-60,215,-60" />
</Scene>
<Scene>
<INIT seed="1,1,0,2,2,132" ten="311,408,126,155" oya="1" hai0="126,62,125,1,52,58,64,127,78,98,131,8,35" hai1="100,96,46,0,50,84,27,59,54,7,2,34,39" hai2="75,28,29,41,116,97,133,3,122,31,51,79,56" hai3="40,17,53,70,74,13,43,60,33,102,118,108,22"/><U9/><E84/><V91/><F116/><W44/><G74/><T83/><D131/><U72/><E72/><V115/><F122/><W14/><G33/><T20/><D35/><U15/><E34/><V73/><F3/><W82/><G118/><T94/><D20/><U32/><E32/><V81/><F133/><W107/><G108/><T5/><D64/><U117/><E27/><V55/><F115/><W88/><G70/><T128/><D128/><U105/><E117/><V49/><F75/><W63/><G107/><T71/><D71/><U67/><E67/><V114/><F114/><W68/><G102/><N who="0" m="60759" /><D83/><U87/><E87/><V92/><REACH who="2" step="1"/><F41/><REACH who="2" ten="311,408,116,155" step="2"/><W101/><G40/><T112/><D112/><U104/><E2/><V85/><F85/><N who="3" m="50231" /><G43/><T66/><D66/><U19/><E0/><V121/><F121/><W4/><G68/><T109/><D109/><U26/><E39/><V123/><F123/><W120/><G120/><T103/><D103/><U21/><E100/><V23/><F23/><W90/><G101/><T93/><D93/><U30/><E96/><V10/><F10/><N who="3" m="4295" /><G90/><T36/><D36/><U135/><E135/><V89/><F89/><W48/><AGARI ba="1,1" hai="14,17,22,44,48,53,60,63" m="4295,50231" machi="48" ten="30,2000,0" yaku="8,1,54,1" doraHai="132" who="3" fromWho="3" sc="311,-6,408,-11,116,-6,155,33" />
</Scene>
<Scene>
<INIT seed="2,0,0,1,3,31" ten="305,397,110,188" oya="2" hai0="11,29,122,28,128,72,51,79,97,116,22,60,1" hai1="133,108,23,61,17,19,50,48,76,132,16,69,67" hai2="18,89,30,59,33,123,6,40,106,93,9,71,118" hai3="113,37,74,24,94,27,35,107,119,96,39,105,41"/><V8/><F71/><W101/><G94/><T0/><D122/><U82/><E108/><V64/><F123/><W66/><G107/><T87/><D72/><N who="1" m="43271" /><E23/><V115/><F115/><W114/><G24/><T2/><D11/><U38/><E38/><V134/><F118/><W127/><G119/><T77/><D97/><U92/><E92/><V99/><F134/><AGARI ba="0,0" hai="16,17,19,48,50,61,67,69,132,133,134" m="43271" machi="134" ten="30,2000,0" yaku="20,1,54,1" doraHai="31" who="1" fromWho="2" sc="305,0,397,20,110,-20,188,0" />
</Scene>
<Scene>
<INIT seed="3,0,0,2,2,107" ten="305,417,90,188" oya="3" hai0="85,66,68,24,1,13,30,100,92,113,117,17,133" hai1="38,59,21,64,131,108,97,23,127,134,73,69,93" hai2="112,101,95,86,125,119,129,44,51,88,0,80,12" hai3="118,14,39,19,57,6,11,102,28,67,9,70,81"/><W49/><G39/><T10/><D117/><U22/><E38/><V3/><F119/><W79/><G118/><T40/><D40/><U71/><E108/><V72/><F112/><W96/><G70/><T41/><D41/><U52/><E127/><V29/><F125/><W18/><G28/><T124/><D124/><U34/><E34/><V111/><F111/><W53/><G67/><T61/><D1/><U94/><E131/><V7/><F29/><W115/><G9/><T89/><D100/><U62/><E134/><V132/><F129/><W78/><G115/><T37/><D37/><U109/><E109/><V77/><F132/><W55/><G55/><T42/><D42/><U135/><E135/><V122/><F122/><W106/><REACH who="3" step="1"/><G78/><REACH who="3" ten="305,417,90,178" step="2"/><T48/><D133/><U65/><E71/><V75/><F101/><W50/><G50/><T120/><D48/><U33/><E65/><V35/><F35/><W36/><G36/><T63/><D113/><U99/><E33/><V83/><F51/><W16/><G16/><T8/><D10/><U74/><E69/><V2/><F44/><W90/><G90/><T91/><D89/><U84/><E64/><V60/><F60/><W56/><G56/><T31/><D63/><U47/><E47/><V130/><F130/><W98/><G98/><T126/><D126/><U27/><E99/><V26/><F77/><W123/><G123/><T87/><D120/><U105/><E97/><V25/><F7/><W5/><G5/><T121/><D121/><U104/><E62/><V116/><F116/><W128/><G128/><T114/><D114/><RYUUKYOKU ba="0,1" sc="305,-10,417,-10,90,-10,178,30" hai3="6,11,14,18,19,49,53,57,79,81,96,102,106" />
</Scene>
<Scene>
<INIT seed="3,1,1,0,0,19" ten="295,407,80,208" oya="3" hai0="134,95,116,15,84,4,119,93,129,83,131,57,94" hai1="107,56,90,74,1,109,118,124,18,29,111,34,30" hai2="71,59,130,9,21,105,33,67,51,114,39,40,22" hai3="78,92,62,81,48,5,44,8,66,32,53,85,36"/><W100/><G32/><T31/><D31/><U106/><E118/><V50/><F114/><W41/><G100/><T76/><D134/><U88/><E1/><V125/><F33/><W123/><G92/><T28/><D28/><N who="1" m="10859" /><E34/><V91/><F105/><N who="1" m="39945" /><E74/><V14/><F125/><W47/><G123/><T101/><D57/><U108/><E124/><V2/><F130/><N who="0" m="49674" /><D101/><U117/><E117/><N who="0" m="45129" /><D15/><U89/><E18/><V104/><F2/><W99/><G99/><T26/><D26/><U132/><E56/><V110/><F104/><W133/><G133/><AGARI ba="1,1" hai="88,89,90,108,109,111,132,133" m="39945,10859" machi="133" ten="50,8000,1" yaku="28,2,14,1,54,1" doraHai="19" who="1" fromWho="3" sc="295,0,407,93,80,0,208,-83" />
</Scene>
<Scene>
<INIT seed="4,0,0,2,1,83" ten="295,500,80,125" oya="0" hai0="100,11,85,34,57,96,6,14,71,133,44,124,119" hai1="56,51,52,16,61,115,130,117,107,87,81,65,41" hai2="72,88,93,129,122,102,98,127,86,10,59,37,77" hai3="74,91,23,106,116,110,5,111,68,40,64,30,101"/><T113/><D71/><U104/><E117/><V53/><F122/><W0/><G91/><T90/><D119/><U2/><E130/><V4/><F37/><W24/><G116/><T33/><D113/><U109/><E109/><V92/><F129/><W18/><G40/><T118/><D118/><U19/><E2/><V39/><F39/><W36/><G36/><T43/><D124/><U66/><E115/><V47/><F127/><W49/><G49/><T1/><D133/><U69/><E66/><V55/><F47/><W42/><G74/><T7/><D57/><U79/><REACH who="1" step="1"/><E41/><REACH who="1" ten="295,490,80,125" step="2"/><V95/><F55/><W48/><G64/><T112/><D1/><U58/><E58/><V84/><F53/><W63/><G42/><T97/><D112/><U105/><AGARI ba="0,1" hai="16,19,51,52,56,61,65,69,79,81,87,104,105,107" machi="105" ten="30,8000,1" yaku="1,1,0,1,52,1,54,2,53,0" doraHai="83" doraHaiUra="125" who="1" fromWho="1" sc="295,-40,490,90,80,-20,125,-20" />
</Scene>
<Scene>
<INIT seed="5,0,0,5,3,102" ten="255,580,60,105" oya="1" hai0="64,29,45,100,134,46,130,132,94,18,84,6,115" hai1="41,33,127,2,113,43,91,44,48,15,55,20,135" hai2="56,90,74,110,63,16,112,3,103,27,78,65,24" hai3="50,99,79,70,123,5,111,83,104,133,21,35,40"/><U14/><E2/><V81/><F110/><W57/><G111/><T114/><D130/><U121/><E33/><V124/><F3/><W93/><G70/><T1/><D29/><U76/><E121/><V7/><F7/><W95/><G35/><T9/><D64/><U97/><E76/><V60/><F124/><W107/><G123/><T75/><D75/><U34/><E34/><V101/><F112/><N who="0" m="43050" /><D18/><U89/><E113/><V59/><F90/><W66/><G93/><T58/><D58/><U22/><E127/><V96/><F103/><W88/><G133/><N who="0" m="51307" /><D84/><U109/><E135/><V125/><F125/><W52/><G66/><T38/><D38/><U87/><E109/><V17/><F27/><W68/><G68/><T73/><D73/><U69/><E69/><V10/><F10/><W19/><G5/><T30/><D30/><U71/><E71/><V53/><REACH who="2" step="1"/><F24/><REACH who="2" ten="255,580,50,105" step="2"/><W80/><G40/><T39/><D100/><U12/><E43/><V120/><F120/><W25/><REACH who="3" step="1"/><G83/><REACH who="3" ten="255,580,50,95" step="2"/><T119/><D6/><U26/><E41/><V82/><F82/><W49/><G49/><T116/><D39/><U61/><E48/><V106/><AGARI ba="0,2" hai="16,17,53,56,59,60,63,65,74,78,81,96,101,106" machi="106" ten="20,12000,2" yaku="1,1,0,1,7,1,52,1,54,1,53,1" doraHai="102" doraHaiUra="72" who="2" fromWho="2" sc="255,-30,580,-60,50,140,95,-30" />
</Scene>
<Scene>
<INIT seed="6,0,0,3,4,93" ten="225,520,190,65" oya="2" hai0="30,66,69,79,20,90,37,44,85,3,23,1,53" hai1="58,31,42,124,54,29,35,112,34,68,6,75,16" hai2="17,115,39,133,14,128,22,132,111,122,77,88,57" hai3="24,32,56,64,97,13,86,25,5,8,110,98,40"/><V113/><F39/><W135/><G110/><T12/><D69/><U49/><E68/><V84/><F122/><W50/><G135/><N who="2" m="51785" /><F111/><W19/><G32/><T73/><D66/><U7/><E35/><V74/><F128/><W4/><G86/><T82/><D23/><U59/><E34/><V55/><F77/><W80/><G80/><T103/><D103/><U106/><E112/><V116/><F74/><W89/><G89/><T123/><D123/><U33/><E75/><V36/><F36/><W48/><G48/><T18/><D30/><U134/><E33/><V65/><F65/><W126/><G126/><T78/><D78/><U114/><E124/><V62/><F116/><W83/><G83/><AGARI ba="0,0" hai="14,17,22,55,57,62,83,84,88,113,115" m="51785" machi="83" ten="30,2900,0" yaku="20,1,54,1" doraHai="93" who="2" fromWho="3" sc="225,0,520,0,190,29,65,-29" />
</Scene>
<Scene>
<INIT seed="6,1,0,5,5,19" ten="225,520,219,36" oya="2" hai0="73,53,88,112,0,67,90,103,55,41,8,52,121" hai1="26,97,16,35,116,78,68,6,92,33,69,40,83" hai2="119,2,128,13,31,46,117,127,27,99,130,111,118" hai3="114,45,37,77,95,30,76,18,12,102,57,25,70"/><V105/><F2/><W54/><G70/><T80/><D121/><U58/><E116/><V98/><F127/><W47/><G114/><T108/><D108/><U60/><E6/><V39/><F111/><W110/><G110/><T56/><D112/><U61/><E40/><N who="2" m="22815" /><F13/><W134/><G134/><T86/><D73/><U48/><E48/><V91/><F91/><W62/><G102/><T109/><D109/><U42/><E42/><V34/><F99/><W120/><G120/><T3/><D103/><AGARI ba="1,0" hai="27,31,34,98,103,105,117,118,119,128,130" m="22815" machi="103" ten="40,2000,0" yaku="23,1" doraHai="19" who="2" fromWho="0" sc="225,-23,520,0,219,23,36,0" />
</Scene>
<Scene>
<INIT seed="6,2,0,1,1,102" ten="202,520,242,36" oya="2" hai0="80,36,107,89,133,66,24,44,4,62,31,26,106" hai1="126,101,95,53,11,42,122,86,79,28,45,61,111" hai2="32,87,58,23,117,54,85,125,81,73,22,47,82" hai3="65,50,69,72,27,52,40,19,119,64,130,94,96"/><V83/><F32/><W38/><G119/><T13/><D133/><U17/><E111/><V123/><F117/><W67/><G72/><T113/><D113/><U93/><E28/><V120/><F73/><W3/><G3/><T21/><D26/><U128/><E128/><V10/><F125/><W39/><G69/><T135/><D135/><U20/><E126/><V134/><F134/><W59/><G130/><T14/><D36/><U49/><E11/><V6/><F47/><W70/><G70/><T100/><D44/><U1/><E1/><V57/><F10/><W9/><G40/><T129/><D129/><U115/><E115/><V74/><F74/><W109/><G109/><T8/><D100/><U132/><E132/><V104/><F6/><W43/><G43/><T46/><D46/><U16/><E122/><V33/><F83/><W56/><G56/><T112/><D112/><U68/><E68/><V18/><F18/><N who="1" m="7273" /><E20/><V5/><F5/><W108/><G108/><T88/><D14/><U121/><E101/><V29/><F29/><W41/><G41/><T35/><D35/><U98/><E98/><V51/><F33/><W37/><G27/><T60/><D60/><U116/><E116/><V114/><F114/><W48/><G9/><T90/><REACH who="0" step="1"/><D80/><REACH who="0" ten="192,520,242,36" step="2"/><N who="1" m="47391" /><E121/><V131/><F131/><W15/><G38/><T12/><D12/><U71/><E71/><AGARI ba="2,1" hai="4,8,13,21,24,31,62,66,71,88,89,90,106,107" machi="71" ten="40,8000,1" yaku="1,1,52,2,54,1,53,1" doraHai="102" doraHaiUra="63" who="0" fromWho="1" sc="192,96,520,-86,242,0,36,0" />
</Scene>
<Scene>
<INIT seed="7,0,0,5,1,76" ten="288,434,242,36" oya="3" hai0="21,108,29,94,80,22,83,82,81,11,34,106,54" hai1="128,60,25,133,134,100,96,18,107,98,71,85,30" hai2="55,2,78,47,56,115,4,8,28,129,9,44,51" hai3="123,26,91,12,1,112,17,121,86,102,68,119,92"/><W24/><G119/><T122/><D108/><U70/><E128/><V3/><F129/><W65/><G1/><T33/><D106/><U45/><E98/><V67/><F115/><W19/><G112/><T131/><D131/><U10/><E45/><V5/><F28/><W6/><G68/><T126/><D122/><U90/><E18/><N who="3" m="6666" /><G123/><T88/><D126/><U105/><E105/><V101/><F101/><W110/><G121/><T49/><D11/><U38/><E38/><V48/><F67/><W79/><G110/><T69/><D69/><U53/><E10/><V93/><F93/><W84/><G84/><BYE who="3" /><T14/><D14/><U95/><E53/><V130/><F130/><W116/><G116/><T77/><D33/><N who="1" m="20687" /><E71/><V124/><F124/><W36/><G36/><T31/><D34/><U99/><E99/><V43/><REACH who="2" step="1"/><F78/><REACH who="2" ten="288,434,232,36" step="2"/><W16/><G16/><T63/><D29/><U35/><E35/><V37/><F37/><W39/><G39/><T61/><D31/><U41/><E100/><V66/><F66/><W13/><G13/><T20/><D77/><U89/><E95/><V109/><F109/><W40/><G40/><T118/><N who="0" m="20480" /><DORA hai="75" /><T0/><D118/><U120/><E120/><V72/><F72/><W73/><G73/><T135/><D0/><U58/><E41/><V57/><AGARI ba="0,1" hai="2,3,4,5,8,9,43,44,47,48,51,55,56,57" machi="57" ten="30,4000,0" yaku="1,1,0,1,9,1,53,0" doraHai="76,75" doraHaiUra="125,23" who="2" fromWho="2" sc="288,-10,434,-10,232,50,36,-20" owari="278,-12.0,424,52.0,282,8.0,16,-48.0" />
</Scene>
</mjloggm>