<mjloggm ver="2.3"><GO type="169" lobby="0"/><UN n0="%E4%BB%B2%E5%B7%9D%E7%BF%94" n1="%6D%6F%74%69%37%32%2E%2E" n2="%68%61%79%61%74%6F%E2%98%86" n3="%E5%A4%AA%E3%81%8F%E3%81%AA%E3%81%84%E3%81%8A" dan="16,17,17,18" rate="2071.98,2094.13,2129.85,2207.12" sx="M,M,M,F"/><TAIKYOKU oya="0"/>

<Scene>
<INIT seed="0,0,0,1,1,94" ten="250,250,250,250" oya="0" hai0="88,98,23,5,115,45,62,134,34,103,128,129,74" hai1="132,101,66,69,7,55,13,60,79,109,78,67,29" hai2="1,39,116,3,32,84,114,30,75,125,31,64,33" hai3="123,12,104,96,135,71,127,80,0,72,89,35,20"/><T28/><D34/><U57/><E109/><V10/><F75/><W53/><G0/><T21/><D115/><U92/><E132/><V120/><F39/><W42/><G35/><T122/><D74/><U113/><E113/><V38/><F38/><W126/><G42/><T82/><D122/><U107/><E107/><V54/><F64/><N who="1" m="24617" /><E29/><V100/><F54/><W4/><G71/><T14/><D62/><U73/><E73/><V37/><F37/><W9/><G135/><T95/><D134/><U22/><E69/><V93/><F93/><W25/><G123/><T131/><D45/><U51/><E51/><V46/><F46/><W90/><G53/><T105/><D82/><U68/><E68/><V85/><F120/><W117/><G117/><T16/><D5/><U40/><E40/><V19/><F116/><W112/><G112/><T47/><D47/><U118/><E118/><V50/><F50/><W110/><G110/><T106/><D103/><U6/><E22/><V43/><F43/><W58/><G58/><T97/><D97/><N who="1" m="59559" /><E7/><V36/><F114/><W119/><G119/><T81/><D81/><U77/><E79/><V61/><F33/><W49/><G49/><T130/><D130/><U15/><E6/><V27/><F36/><W48/><G48/><T8/><D23/><U83/><E78/><V99/><F61/><W91/><G72/><T17/><D28/><U52/><E55/><V124/><F30/><N who="3" m="17703" /><G80/><T108/><D108/><U24/><E24/><AGARI ba="0,0" hai="8,14,16,17,21,24,88,95,98,105,106,128,129,131" machi="24" ten="40,12000,1" yaku="19,1,52,1,54,2" doraHai="94" who="0" fromWho="1" sc="250,120,250,-120,250,0,250,0" />
</Scene>
<Scene>
<INIT seed="0,1,0,3,3,78" ten="370,130,250,250" oya="0" hai0="62,53,125,40,42,135,89,44,110,19,5,29,57" hai1="60,50,77,23,14,13,105,17,76,15,113,86,96" hai2="63,94,79,108,81,85,54,16,0,46,90,6,33" hai3="93,48,51,7,121,36,104,97,47,56,103,116,55"/><T45/><D29/><U117/><E117/><V22/><F33/><W28/><G116/><T71/><D5/><U10/><E113/><V101/><F108/><W58/><G121/><T109/><D19/><U95/><E105/><V75/><F101/><W118/><G118/><T37/><D89/><U80/><E76/><V3/><F6/><W8/><G28/><T106/><D106/><U52/><E60/><V100/><F100/><W124/><G124/><T12/><D12/><U18/><E15/><V9/><F9/><W61/><G104/><T88/><D88/><N who="1" m="55399" /><E52/><V111/><F111/><N who="0" m="42506" /><D71/><U112/><E112/><V65/><F54/><W132/><G55/><T131/><D131/><U39/><E14/><V67/><F46/><W119/><G47/><T120/><D120/><U98/><E98/><V38/><F38/><W69/><G36/><N who="0" m="21511" /><D135/><U114/><E114/><V70/><F65/><W107/><G103/><T126/><AGARI ba="1,0" hai="37,42,45,53,57,62,125,126" m="21511,42506" machi="126" ten="30,11700,0" yaku="14,1,10,1,34,2" doraHai="78" who="0" fromWho="0" sc="370,120,130,-40,250,-40,250,-40" />
</Scene>
<Scene>
<INIT seed="0,2,0,2,0,50" ten="490,90,210,210" oya="0" hai0="13,12,61,16,77,105,63,122,71,20,42,111,7" hai1="93,121,27,86,83,22,98,119,23,56,4,115,84" hai2="66,76,113,100,30,82,32,43,54,99,15,69,24" hai3="14,35,117,129,85,95,26,68,2,33,53,94,1"/><T70/><D105/><U49/><E121/><V75/><F43/><W64/><G117/><T55/><D77/><U109/><E119/><V91/><F113/><W38/><G38/><T8/><D42/><U10/><E115/><V108/><F108/><W74/><G74/><T110/><D122/><U36/><E109/><N who="0" m="41481" /><D55/><U101/><E36/><V134/><F91/><W78/><G14/><T135/><D135/><U46/><E56/><V44/><F15/><W18/><G18/><T41/><D41/><U97/><E97/><V128/><F128/><W62/><G85/><T60/><AGARI ba="2,0" hai="7,8,12,13,16,20,60,61,63,70,71" m="41481" machi="60" ten="30,6000,0" yaku="14,1,10,1,54,1" doraHai="50" who="0" fromWho="0" sc="490,66,90,-22,210,-22,210,-22" />
</Scene>
<Scene>
<INIT seed="0,3,0,1,0,5" ten="556,68,188,188" oya="0" hai0="32,85,105,22,101,81,47,75,28,3,44,61,45" hai1="86,83,14,131,124,35,129,128,50,79,42,69,29" hai2="67,21,27,125,95,39,48,121,110,119,112,126,114" hai3="132,16,84,118,98,115,56,57,1,88,90,53,59"/><T97/><D32/><U113/><E69/><V104/><F39/><W24/><G115/><T109/><D3/><U120/><E120/><V30/><F104/><W37/><G118/><T7/><D7/><U15/><E113/><V103/><F119/><W94/><G1/><T36/><D36/><U64/><E64/><V6/><F121/><W10/><G37/><T117/><D117/><U33/><E124/><N who="2" m="47723" /><F110/><W9/><G132/><T11/><D75/><U0/><E0/><V65/><F6/><W78/><G78/><T134/><D134/><U60/><E60/><V80/><F80/><N who="3" m="49159" /><G53/><T77/><D61/><U130/><N who="1" m="32768" /><DORA hai="111" /><U63/><E63/><V135/><F135/><W102/><G102/><T20/><D28/><U34/><REACH who="1" step="1"/><E29/><REACH who="1" ten="556,58,188,188" step="2"/><V52/><F65/><W13/><G24/><T43/><D109/><U74/><E74/><V4/><F67/><W49/><G49/><T8/><D43/><U73/><E73/><V96/><F114/><W99/><G99/><T12/><D97/><U55/><E55/><V123/><F112/><W100/><G100/><T133/><D101/><U17/><E17/><V82/><F123/><W107/><G107/><T38/><D105/><U26/><E26/><V72/><F72/><W25/><G25/><T46/><D133/><U106/><E106/><V116/><F116/><W58/><N who="3" m="14336" /><DORA hai="2" /><W40/><G40/><T108/><D108/><U91/><E91/><V93/><F96/><W51/><G51/><T127/><D127/><U68/><E68/><V41/><F41/><W70/><G70/><T87/><D38/><U89/><E89/><RYUUKYOKU ba="3,1" sc="556,-15,58,15,188,-15,188,15" hai1="14,15,33,34,35,42,50,79,83,86" hai3="9,10,13,16,90,94,98" />
</Scene>
<Scene>
<INIT seed="1,4,1,2,2,71" ten="541,73,173,203" oya="1" hai0="42,54,83,124,13,105,90,31,26,131,117,94,68" hai1="48,12,11,56,38,125,67,7,128,87,43,102,60" hai2="58,62,39,18,74,19,22,63,100,0,25,107,73" hai3="111,1,84,14,69,23,2,24,91,64,82,16,53"/><U78/><E128/><V135/><F0/><W72/><G111/><T47/><D105/><U17/><E125/><V118/><F118/><W112/><G112/><T122/><D68/><U132/><E132/><V101/><F135/><W104/><G104/><T109/><D117/><U79/><E102/><V20/><F107/><W41/><G41/><T115/><D109/><U80/><E38/><V114/><F58/><W76/><G53/><T93/><D54/><U75/><E17/><V49/><F49/><W130/><G130/><T113/><D122/><U99/><E99/><V32/><F25/><W119/><G119/><T134/><D124/><U70/><E75/><V33/><F114/><W61/><REACH who="3" step="1"/><G24/><REACH who="3" ten="541,73,173,193" step="2"/><T86/><D131/><U5/><E70/><V66/><REACH who="2" step="1"/><F66/><REACH who="2" ten="541,73,163,193" step="2"/><W27/><G27/><T133/><D26/><U50/><E43/><V85/><F85/><W55/><G55/><T46/><D115/><U123/><E123/><V116/><F116/><W29/><G29/><T108/><D31/><U89/><E50/><V97/><F97/><W121/><G121/><T37/><D113/><U8/><REACH who="1" step="1"/><E48/><REACH who="1" ten="541,63,163,193" step="2"/><V95/><F95/><AGARI ba="4,4" hai="1,2,14,16,23,61,64,69,72,76,82,84,91,95" machi="95" ten="30,3900,0" yaku="1,1,7,1,54,1,53,0" doraHai="71" doraHaiUra="44" who="3" fromWho="2" sc="541,0,63,0,163,-51,193,91" />
</Scene>
<Scene>
<INIT seed="2,0,0,2,1,25" ten="541,63,112,284" oya="2" hai0="129,71,103,35,94,41,44,31,32,67,12,99,7" hai1="89,28,115,62,34,63,4,96,55,97,132,9,111" hai2="131,108,6,22,19,46,92,88,5,21,81,56,20" hai3="68,15,85,26,16,50,52,29,64,83,130,118,0"/><V40/><F108/><W102/><G118/><T133/><D129/><U75/><E115/><V123/><F123/><W78/><G0/><T80/><D133/><U77/><E75/><V42/><F131/><W125/><G130/><T121/><D35/><U57/><E77/><V65/><F81/><W135/><G135/><T122/><D7/><N who="2" m="2570" /><F19/><W86/><G125/><T2/><D12/><U1/><E132/><V74/><F74/><W110/><G110/><T38/><D80/><U72/><E72/><V98/><F46/><W61/><G102/><T66/><D66/><U76/><E76/><V53/><F65/><W43/><G43/><T93/><D93/><U3/><E3/><V101/><F101/><W58/><G83/><T8/><D8/><U134/><E134/><V109/><F109/><W27/><G27/><N who="0" m="18559" /><D2/><U54/><E111/><V23/><N who="2" m="5120" /><DORA hai="112" /><V116/><F116/><W114/><G78/><T113/><D113/><U90/><E90/><V47/><F47/><W33/><G114/><T82/><D82/><U107/><E89/><V91/><F91/><W59/><G68/><T128/><D128/><U117/><E117/><V73/><F73/><W45/><G45/><T105/><D94/><U95/><E95/><V11/><F11/><AGARI ba="0,0" hai="11,15,16,26,29,33,50,52,58,59,61,64,85,86" machi="11" ten="30,7700,0" yaku="7,1,52,1,54,2" doraHai="25,112" who="3" fromWho="2" sc="541,0,63,0,112,-77,284,77" />
</Scene>
<Scene>
<INIT seed="3,0,0,1,1,68" ten="541,63,35,361" oya="3" hai0="34,135,45,106,84,14,5,131,36,51,64,93,98" hai1="110,46,70,128,3,12,132,67,69,56,134,30,85" hai2="4,21,101,103,89,13,95,48,100,18,86,117,37" hai3="66,47,43,116,126,65,44,40,26,19,133,79,17"/><W122/><G116/><T118/><D34/><U109/><E3/><V119/><F119/><W75/><G122/><T115/><D131/><U72/><E72/><V120/><F117/><W54/><G133/><N who="1" m="51306" /><E30/><V99/><F120/><W31/><G126/><T38/><D98/><U91/><E12/><V83/><F37/><W57/><G75/><T62/><D45/><U0/><E0/><V1/><F1/><W104/><G104/><T71/><D38/><U35/><E35/><V97/><F4/><W28/><G79/><T29/><D62/><N who="1" m="38343" /><E128/><V78/><REACH who="2" step="1"/><F48/><REACH who="2" ten="541,63,25,361" step="2"/><W41/><G43/><T60/><D51/><U16/><E109/><V27/><F27/><W127/><G26/><T105/><D5/><U88/><E110/><V2/><F2/><W80/><G127/><T111/><D111/><U123/><E123/><V11/><F11/><W63/><G41/><T121/><D121/><U102/><E46/><V20/><F20/><W112/><G44/><T108/><D108/><U52/><E102/><V74/><AGARI ba="0,1" hai="13,18,21,74,78,83,86,89,95,97,99,100,101,103" machi="74" ten="30,2000,0" yaku="1,1,0,1,53,0" doraHai="68" doraHaiUra="49" who="2" fromWho="2" sc="541,-5,63,-5,25,30,361,-10" />
</Scene>
<Scene>
<INIT seed="4,0,0,4,5,83" ten="536,58,55,351" oya="0" hai0="102,77,44,116,4,3,42,128,0,69,98,12,66" hai1="74,111,39,93,23,50,47,80,15,58,120,129,73" hai2="38,26,9,81,89,79,49,28,16,32,106,24,119" hai3="67,76,25,1,87,75,61,135,41,85,62,10,11"/><T121/><D121/><U132/><E111/><V72/><F38/><W64/><G75/><T103/><D103/><U54/><E120/><V45/><F119/><W53/><G41/><T65/><D128/><U59/><E129/><V27/><F106/><W19/><G135/><T133/><D133/><U92/><E132/><V107/><F107/><W131/><G131/><T37/><D69/><U125/><E125/><V63/><F63/><W134/><G134/><T82/><D3/><U13/><E73/><V20/><F9/><W96/><G96/><T118/><D12/><U30/><E74/><V48/><F89/><W6/><G53/><T97/><D97/><U51/><E39/><V78/><F78/><W86/><G76/><T17/><D17/><U114/><E80/><V108/><F108/><W2/><G25/><T99/><D99/><U8/><E59/><V33/><REACH who="2" step="1"/><F45/><REACH who="2" ten="536,58,45,351" step="2"/><W94/><G10/><N who="0" m="2311" /><D118/><U88/><E8/><V29/><AGARI ba="0,1" hai="16,20,24,26,27,28,29,32,33,48,49,72,79,81" machi="29" ten="30,7900,0" yaku="1,1,0,1,9,1,54,1,53,0" doraHai="83" doraHaiUra="36" who="2" fromWho="2" sc="536,-39,58,-20,45,89,351,-20" />
</Scene>
<Scene>
<INIT seed="5,0,0,2,3,6" ten="497,38,134,331" oya="1" hai0="18,24,61,123,119,97,92,56,96,132,49,94,81" hai1="12,27,50,35,120,65,59,66,67,95,90,103,127" hai2="54,109,73,74,28,33,42,43,77,131,0,26,110" hai3="107,80,105,4,75,62,38,40,32,17,45,71,44"/><U58/><E127/><V3/><F77/><N who="3" m="44095" /><G17/><T82/><D119/><U84/><E120/><V100/><F100/><W39/><G32/><T48/><D132/><U125/><E125/><V19/><F19/><W113/><G113/><T22/><D94/><U20/><E103/><V72/><F54/><W134/><G134/><T10/><D97/><U29/><E35/><V129/><F26/><W99/><G99/><T11/><D48/><U34/><E34/><V37/><F37/><N who="3" m="21519" /><G4/><T63/><D63/><U79/><E79/><V135/><F135/><W69/><G39/><T111/><D49/><U102/><E102/><V13/><F13/><W41/><G62/><T70/><D111/><U64/><N who="1" m="16384" /><DORA hai="117" /><U57/><REACH who="1" step="1"/><E12/><REACH who="1" ten="497,28,134,331" step="2"/><V5/><F33/><W115/><G115/><T121/><D121/><U91/><E91/><V23/><F109/><W118/><G118/><T46/><D123/><U98/><E98/><V7/><F110/><W116/><G116/><T93/><D96/><U122/><E122/><V60/><F0/><W8/><G105/><T25/><D70/><U78/><E78/><V36/><F3/><W9/><G107/><T68/><D68/><U130/><E130/><V85/><F129/><W104/><G104/><T2/><D2/><U15/><E15/><V83/><F131/><W89/><G89/><T124/><D124/><U76/><E76/><V88/><F74/><W112/><G112/><T21/><D24/><U108/><E108/><V126/><F73/><W47/><G69/><T114/><D25/><U87/><E87/><V16/><F72/><W53/><G71/><RYUUKYOKU ba="0,1" sc="497,-15,28,15,134,-15,331,15" hai1="20,27,29,50,57,58,59,84,90,95" hai3="8,9,38,41,45,47,53" />
</Scene>
<Scene>
<INIT seed="5,1,1,4,0,38" ten="482,43,119,346" oya="1" hai0="74,107,81,80,14,8,48,22,56,21,44,40,25" hai1="103,33,112,63,84,123,79,77,71,105,125,49,3" hai2="118,131,37,39,98,42,59,115,13,9,64,89,62" hai3="72,19,5,92,61,100,58,75,96,83,12,43,17"/><U119/><E123/><V87/><F118/><W85/><G5/><T46/><D107/><U68/><E119/><V52/><F131/><W114/><G114/><T69/><D69/><U34/><E3/><V128/><F128/><W47/><G75/><T121/><D74/><U35/><E112/><V32/><F32/><W134/><G72/><T104/><D104/><U127/><E103/><V82/><F115/><W6/><G134/><T7/><D21/><U2/><E2/><V133/><F133/><W45/><G6/><T23/><D22/><U129/><E105/><V73/><F73/><W66/><G12/><T1/><D1/><U113/><E113/><V117/><F117/><W122/><G122/><T111/><D111/><U106/><E106/><V67/><F98/><W55/><G66/><T41/><D56/><U108/><E129/><V28/><F28/><W50/><REACH who="3" step="1"/><G47/><REACH who="3" ten="482,43,119,336" step="2"/><T116/><D121/><U11/><E108/><V24/><F64/><W65/><G65/><T126/><D116/><U110/><E110/><V99/><F67/><W86/><G86/><T109/><D109/><U97/><E97/><V15/><F99/><W88/><AGARI ba="1,2" hai="17,19,43,45,50,55,58,61,83,85,88,92,96,100" machi="88" ten="20,12000,2" yaku="1,1,0,1,7,1,8,1,52,1,54,1,53,1" doraHai="38" doraHaiUra="76" who="3" fromWho="3" sc="482,-31,43,-61,119,-31,336,143" owari="451,25.0,-18,-52.0,88,-31.0,479,58.0" />
</Scene>
</mjloggm>