<mjloggm ver="2.3"><GO type="169" lobby="0"/><UN n0="%E5%A4%AA%E3%81%8F%E3%81%AA%E3%81%84%E3%81%8A" n1="%E9%BA%A6%E3%81%A8%E3%83%9B%E3%83%83%E3%83%97" n2="%41%72%63%61%64%65" n3="%54%45%53%48%49%4D%41%4E" dan="20,16,17,17" rate="2346.44,2026.82,2095.53,2176.06" sx="F,M,M,M"/><TAIKYOKU oya="0"/>

<Scene>
<INIT seed="0,0,0,4,3,132" ten="250,250,250,250" oya="0" hai0="112,68,98,12,5,130,99,127,45,118,89,62,11" hai1="58,122,119,108,59,107,37,85,135,34,4,39,79" hai2="13,70,71,86,78,102,95,84,105,28,15,57,115" hai3="117,63,21,67,41,26,111,38,19,133,82,49,47"/><T129/><D112/><U92/><E107/><V7/><F105/><W77/><G117/><T18/><D118/><U73/><E34/><V1/><F28/><W113/><G113/><T60/><D45/><U29/><E29/><V27/><F27/><W0/><G0/><T53/><D68/><U69/><E69/><V97/><F1/><W8/><G133/><T100/><D89/><U104/><E4/><V31/><F31/><W93/><G111/><T80/><D80/><U101/><E119/><V64/><F71/><W121/><G121/><T44/><D5/><U106/><E106/><V3/><F70/><W51/><G93/><N who="0" m="58447" /><D99/><U54/><E59/><V75/><F75/><W14/><G67/><T134/><D134/><U72/><E72/><V109/><F109/><W83/><G83/><T74/><D74/><U56/><E56/><V94/><F78/><W22/><G63/><N who="0" m="24107" /><D44/><U91/><E91/><N who="2" m="53623" /><F84/><W90/><G90/><T20/><D53/><U110/><E73/><V33/><F33/><W76/><G76/><T55/><D55/><U48/><E79/><V43/><F43/><W24/><G77/><T50/><D50/><U61/><E48/><V25/><F7/><W17/><G82/><T6/><D130/><U46/><E135/><V2/><F115/><W42/><REACH who="3" step="1"/><G42/><REACH who="3" ten="250,250,250,240" step="2"/><T131/><D129/><U87/><E110/><V36/><F3/><W40/><G40/><T88/><D88/><U32/><E108/><V126/><F2/><W81/><G81/><T10/><D131/><U128/><E128/><V125/><F64/><W114/><G114/><T116/><D116/><RYUUKYOKU ba="0,1" sc="250,-10,250,-10,250,-10,240,30" hai3="8,14,17,19,21,22,24,26,38,41,47,49,51" />
</Scene>
<Scene>
<INIT seed="1,1,1,4,5,81" ten="240,240,240,270" oya="1" hai0="17,75,68,82,54,70,12,90,100,134,40,135,38" hai1="105,49,20,98,45,124,119,29,25,73,26,30,34" hai2="56,93,41,86,104,0,78,5,36,4,66,32,122" hai3="9,24,33,102,107,77,95,125,133,60,46,94,117"/><U42/><E119/><V129/><F104/><W97/><G117/><T96/><D40/><U76/><E124/><V43/><F32/><W63/><G125/><T112/><D38/><U16/><E73/><V39/><F122/><W14/><G133/><N who="0" m="50699" /><D54/><U67/><E67/><V15/><F0/><W106/><G106/><N who="0" m="63751" /><D112/><U83/><E105/><V19/><F129/><W44/><G77/><N who="0" m="44351" /><D90/><U35/><E98/><V8/><F39/><W74/><G63/><T123/><D123/><U79/><REACH who="1" step="1"/><E83/><REACH who="1" ten="240,230,240,270" step="2"/><V108/><F66/><W47/><G107/><T50/><D50/><U99/><E99/><V7/><F36/><W127/><G97/><T116/><D116/><U111/><E111/><V18/><F108/><W103/><G127/><T121/><D121/><U126/><E126/><V80/><F80/><W37/><G37/><T28/><D28/><U31/><E31/><V21/><F78/><W89/><G103/><T59/><D59/><U128/><E128/><V23/><F56/><W69/><G102/><T118/><D118/><U110/><E110/><V52/><F8/><AGARI ba="1,2" hai="8,12,17,68,70" m="44351,63751,50699" machi="8" ten="30,1000,0" yaku="20,1" doraHai="81" who="0" fromWho="2" sc="240,33,230,0,240,-13,270,0" />
</Scene>
<Scene>
<INIT seed="2,0,0,2,5,112" ten="273,230,227,270" oya="2" hai0="129,122,31,69,18,110,127,111,65,56,132,14,25" hai1="35,58,11,4,9,77,101,91,89,2,63,105,7" hai2="109,29,44,107,130,92,100,12,135,75,94,68,76" hai3="70,97,41,39,47,26,74,40,114,64,24,96,84"/><V52/><F68/><W55/><G74/><T13/><D69/><U54/><E35/><V134/><F130/><W33/><G114/><T22/><D65/><U98/><REACH who="1" step="1"/><E77/><REACH who="1" ten="273,220,227,270" step="2"/><V128/><F76/><W121/><G33/><N who="0" m="20719" /><D129/><U21/><E21/><V73/><F128/><W79/><G79/><T49/><D22/><U71/><E71/><V82/><F135/><W131/><G70/><T80/><D132/><U17/><E17/><V124/><F134/><W133/><G133/><T37/><D18/><U48/><E48/><V16/><F16/><W103/><G131/><T67/><D49/><U38/><E38/><V27/><F29/><W45/><G39/><T93/><D37/><U1/><AGARI ba="0,1" hai="1,2,4,7,9,11,54,58,63,89,91,98,101,105" machi="1" ten="20,5200,0" yaku="1,1,0,1,7,1,9,1,53,0" doraHai="112" doraHaiUra="116" who="1" fromWho="1" sc="273,-13,220,62,227,-26,270,-13" />
</Scene>
<Scene>
<INIT seed="3,0,0,5,4,67" ten="260,282,201,257" oya="3" hai0="121,125,20,0,62,65,95,40,25,98,68,18,52" hai1="57,115,53,23,38,9,72,51,29,78,61,105,12" hai2="58,100,103,37,44,5,66,93,97,70,120,119,59" hai3="108,75,104,122,54,101,48,8,55,56,73,49,87"/><W19/><G122/><T132/><D121/><U82/><E105/><V79/><F119/><W45/><G108/><T60/><D0/><U85/><E115/><V129/><F120/><W69/><G69/><T1/><D1/><U112/><E112/><V33/><F33/><W124/><G124/><T128/><D125/><U99/><E38/><V17/><F129/><W84/><G104/><T76/><D128/><U102/><E29/><V39/><F5/><W83/><G101/><T14/><D40/><U81/><E23/><V4/><F4/><W46/><G87/><T42/><D42/><U74/><E82/><V11/><F79/><W94/><G94/><T77/><D132/><U47/><E102/><V64/><F44/><W3/><G56/><N who="0" m="34823" /><D14/><U86/><E99/><V35/><F35/><W127/><G127/><T117/><D117/><U22/><E22/><V6/><F6/><W15/><REACH who="3" step="1"/><G3/><REACH who="3" ten="260,282,201,247" step="2"/><T21/><D95/><U131/><E86/><V41/><F93/><W28/><G28/><T109/><D68/><U92/><E92/><V116/><F70/><W27/><G27/><N who="0" m="14743" /><D109/><U106/><E106/><V50/><F116/><W13/><G13/><T130/><D130/><U30/><E30/><V10/><F97/><W24/><G24/><T107/><D98/><U36/><E131/><V134/><F103/><W90/><AGARI ba="0,1" hai="8,15,19,45,46,48,49,54,55,73,75,83,84,90" machi="90" ten="20,18000,2" yaku="1,1,0,1,7,1,9,1,25,2,53,0" doraHai="67" doraHaiUra="126" who="3" fromWho="3" sc="260,-60,282,-60,201,-60,247,190" />
</Scene>
<Scene>
<INIT seed="3,1,0,0,5,97" ten="200,222,141,437" oya="3" hai0="123,134,122,105,50,111,13,36,90,113,71,130,106" hai1="84,82,2,77,57,49,95,31,4,99,98,54,5" hai2="68,131,115,83,6,40,87,42,75,45,67,125,133" hai3="72,86,107,46,76,120,29,24,59,44,62,60,11"/><W110/><G120/><T56/><D13/><U70/><E70/><V132/><F115/><W25/><G72/><T112/><D90/><U48/><E31/><V129/><F75/><W74/><G107/><T80/><D80/><U63/><E2/><V10/><F68/><W28/><G74/><T92/><D92/><U127/><E127/><V26/><F67/><W126/><G126/><T119/><D50/><N who="1" m="19563" /><E99/><V66/><F66/><W96/><G96/><T34/><D56/><U0/><E0/><N who="2" m="327" /><F26/><W38/><G38/><T35/><D71/><U81/><E81/><V114/><F114/><N who="0" m="44138" /><D36/><U91/><AGARI ba="1,0" hai="4,5,54,57,63,77,82,84,91,95,98" m="19563" machi="91" ten="30,1100,0" yaku="8,1" doraHai="97" who="1" fromWho="1" sc="200,-4,222,14,141,-4,437,-6" />
</Scene>
<Scene>
<INIT seed="4,0,0,2,3,30" ten="196,236,137,431" oya="0" hai0="37,111,58,33,121,28,66,56,2,94,48,1,39" hai1="67,98,41,127,12,11,42,116,86,46,117,55,100" hai2="91,103,119,73,65,49,74,34,44,124,77,110,26" hai3="92,20,57,132,61,108,17,14,7,47,129,115,45"/><T90/><D121/><U135/><E135/><V3/><F3/><W25/><G108/><T40/><D111/><U107/><E127/><V97/><F110/><W35/><G132/><T104/><D104/><U96/><E67/><V32/><F124/><W13/><G115/><T38/><D66/><U6/><E98/><V75/><F119/><W71/><G71/><T78/><D78/><U128/><E128/><V8/><F65/><N who="3" m="39087" /><G35/><T62/><D40/><U82/><E55/><V126/><F126/><W76/><G129/><T122/><D48/><U10/><E10/><V105/><F77/><W27/><G76/><T9/><D122/><U22/><E22/><V89/><F8/><N who="3" m="4255" /><G92/><T125/><D125/><U60/><E60/><V134/><F134/><W123/><G123/><T63/><D9/><U59/><E59/><V69/><F69/><W81/><G81/><T84/><D58/><U114/><E114/><V113/><F113/><W85/><G85/><T70/><D70/><U53/><E53/><V54/><REACH who="2" step="1"/><F26/><AGARI ba="0,0" hai="14,17,20,25,26,27,45,47" m="4255,39087" machi="26" ten="30,1000,0" yaku="8,1" doraHai="30" who="3" fromWho="2" sc="196,0,236,0,137,-10,431,10" />
</Scene>
<Scene>
<INIT seed="5,0,0,4,0,20" ten="196,236,127,441" oya="1" hai0="116,19,81,37,110,11,36,127,118,60,96,15,46" hai1="42,28,117,52,45,23,67,125,76,128,7,72,64" hai2="32,82,38,8,66,59,94,113,75,77,39,33,124" hai3="99,86,126,89,100,134,3,54,6,135,47,131,10"/><U115/><E117/><V34/><F124/><W104/><G126/><T69/><D127/><U55/><E125/><V101/><F113/><W105/><G105/><T43/><D110/><U53/><E115/><V93/><F93/><W51/><REACH who="3" step="1"/><G131/><REACH who="3" ten="196,236,127,431" step="2"/><T133/><D118/><U4/><E128/><V120/><F120/><W65/><G65/><T80/><D116/><U27/><E67/><V70/><F70/><W49/><G49/><T90/><D69/><U61/><E64/><V119/><F119/><W111/><G111/><T68/><D68/><U121/><E121/><V84/><F66/><W130/><G130/><T98/><D37/><U95/><E61/><V31/><F39/><W0/><G0/><T16/><D60/><U74/><E55/><V83/><F38/><W12/><G12/><T109/><D15/><U13/><E13/><V1/><F1/><W107/><G107/><T35/><D36/><U108/><E53/><V114/><F114/><W63/><G63/><T40/><D109/><U24/><E52/><V18/><F59/><W122/><G122/><T57/><D57/><U48/><E108/><V58/><F58/><W14/><G14/><T17/><D43/><U21/><E48/><V92/><F8/><W44/><G44/><T97/><D46/><U112/><E45/><V62/><F62/><W56/><G56/><T106/><D11/><U25/><E42/><V103/><F103/><W73/><G73/><T91/><D40/><U5/><E112/><V129/><F101/><W78/><G78/><T41/><D41/><U2/><E76/><N who="2" m="46183" /><F129/><W102/><G102/><RYUUKYOKU ba="0,1" sc="196,-10,236,-10,127,-10,431,30" hai3="3,6,10,47,51,54,86,89,99,100,104,134,135" />
</Scene>
<Scene>
<INIT seed="6,1,1,0,2,85" ten="186,226,117,461" oya="2" hai0="103,26,115,91,131,125,89,94,129,128,47,42,30" hai1="135,60,41,83,32,48,77,102,37,53,17,9,20" hai2="86,99,16,24,6,93,39,57,10,79,29,44,45" hai3="110,43,126,76,38,35,132,112,33,105,111,109,3"/><V4/><F39/><W66/><G3/><T34/><D115/><U84/><E32/><V124/><F124/><W31/><G105/><T81/><D125/><U116/><E116/><V130/><F130/><W67/><G126/><T61/><D61/><U51/><E135/><V108/><F108/><W1/><G1/><T15/><D15/><U27/><E102/><V46/><F57/><W52/><G132/><T90/><D81/><U12/><E37/><V78/><F29/><W117/><G76/><N who="2" m="29225" /><F86/><W13/><G117/><T123/><D123/><U95/><E95/><V96/><F96/><W122/><G122/><T118/><D118/><U62/><E41/><V71/><F71/><W7/><G38/><N who="0" m="21975" /><D103/><U88/><E77/><V70/><F70/><W104/><G43/><T14/><D14/><U133/><E133/><V72/><F72/><W22/><G104/><T113/><D113/><U121/><E121/><V98/><F98/><AGARI ba="1,1" hai="26,30,34,89,90,91,94,98,128,129,131" m="21975" machi="98" ten="30,7700,0" yaku="19,1,52,3" doraHai="85" who="0" fromWho="2" sc="186,90,226,0,117,-80,461,0" />
</Scene>
<Scene>
<INIT seed="7,0,0,4,1,61" ten="276,226,37,461" oya="3" hai0="72,68,118,18,6,97,53,66,27,41,81,88,35" hai1="9,24,128,20,104,2,111,38,91,0,55,36,80" hai2="101,10,58,15,11,119,98,40,116,134,47,37,26" hai3="45,76,82,124,23,133,96,48,79,89,46,131,95"/><W92/><G131/><T84/><D118/><U107/><E111/><V121/><F121/><W32/><G32/><T14/><D41/><U75/><E128/><V60/><F134/><W83/><G133/><T7/><D72/><U5/><E2/><V43/><F43/><N who="3" m="24639" /><G124/><T125/><D125/><U70/><E38/><V50/><F37/><W71/><G71/><T33/><D68/><U67/><E36/><V90/><F90/><N who="3" m="55319" /><G46/><T108/><D35/><U113/><E113/><V29/><F119/><W3/><G3/><T117/><D33/><U63/><E55/><V86/><F86/><N who="3" m="52663" /><G23/><T1/><D53/><U130/><E130/><V54/><F116/><W13/><G13/><T94/><D1/><U52/><E52/><V64/><F15/><W34/><G34/><T21/><D108/><U115/><E115/><V123/><F123/><W129/><G129/><T17/><D117/><U62/><E62/><V135/><F135/><W102/><G102/><T44/><D44/><U4/><E4/><V132/><F132/><W49/><G49/><T69/><D69/><U122/><E122/><V100/><F40/><W16/><G16/><T93/><D17/><U28/><REACH who="1" step="1"/><E91/><REACH who="1" ten="276,216,37,461" step="2"/><V57/><F47/><W73/><G76/><AGARI ba="0,1" hai="0,5,9,20,24,28,63,67,70,75,76,80,104,107" machi="76" ten="40,5200,0" yaku="1,1,2,1,52,1,53,0" doraHai="61" doraHaiUra="126" who="1" fromWho="3" sc="276,0,216,62,37,0,461,-52" owari="276,-12.0,278,8.0,37,-46.0,409,50.0" />
</Scene>
</mjloggm>