<mjloggm ver="2.3"><GO type="169" lobby="0"/><UN n0="%E3%81%84%E3%81%9F%E3%83%92%E3%83%AD" n1="%E3%81%90%E3%81%9C%E3%82%93%40%4C%69%42" n2="%E3%83%89%E3%83%A9%E3%83%AD%E3%83%B3%E3%83%80%E3%82%A4%E3%83%B4" n3="%E5%A4%AA%E3%81%8F%E3%81%AA%E3%81%84%E3%81%8A" dan="16,17,16,18" rate="2137.70,2182.02,2066.88,2281.38" sx="M,F,M,M"/><TAIKYOKU oya="0"/>

<Scene>
<INIT seed="0,0,0,5,3,133" ten="250,250,250,250" oya="0" hai0="75,13,113,52,85,135,101,67,95,119,116,127,15" hai1="41,104,53,38,96,62,134,42,132,60,14,117,47" hai2="29,49,91,18,31,94,74,21,58,103,6,69,106" hai3="112,109,126,61,121,11,82,70,92,10,22,66,63"/><T55/><D75/><U83/><E117/><V35/><F69/><W0/><G112/><T23/><D113/><U110/><E110/><V93/><F106/><W4/><G109/><T43/><D67/><U64/><E83/><V12/><F35/><W87/><G121/><T40/><D101/><U115/><E115/><V89/><F74/><W65/><G22/><T111/><D111/><U114/><E114/><V123/><F123/><W98/><G11/><T51/><D135/><U19/><E42/><V32/><F32/><W36/><G36/><T20/><D85/><U71/><E104/><V54/><F103/><W76/><G92/><T81/><D51/><U77/><E96/><N who="2" m="57391" /><F6/><W8/><G8/><T56/><D95/><U57/><REACH who="1" step="1"/><E77/><REACH who="1" ten="250,240,250,250" step="2"/><V7/><F7/><W131/><G98/><AGARI ba="0,1" hai="12,18,21,29,31,49,54,58,91,94,98" m="57391" machi="98" ten="30,1000,0" yaku="8,1" doraHai="133" who="2" fromWho="3" sc="250,0,240,0,250,20,250,-10" />
</Scene>
<Scene>
<INIT seed="1,0,0,0,1,65" ten="250,240,270,240" oya="1" hai0="15,94,24,129,29,20,117,106,47,99,45,50,35" hai1="2,41,88,86,134,131,62,66,82,95,44,110,42" hai2="30,54,113,124,112,57,8,32,28,114,12,74,125" hai3="98,40,121,77,71,130,91,109,102,75,128,0,43"/><U10/><E131/><N who="3" m="50218" /><G109/><T13/><D106/><U49/><E110/><V16/><F74/><W100/><G0/><T72/><D72/><U36/><E134/><V52/><F54/><W73/><G121/><T123/><D117/><U107/><E107/><V25/><REACH who="2" step="1"/><F30/><REACH who="2" ten="250,240,260,240" step="2"/><W85/><G75/><T135/><D129/><U120/><E120/><V70/><F70/><W76/><G71/><T61/><D123/><U132/><E132/><V46/><F46/><W104/><G73/><T87/><D135/><U103/><E42/><N who="3" m="15914" /><G102/><T108/><D108/><U22/><E36/><V14/><F14/><W69/><G69/><T81/><D13/><U96/><E2/><V59/><F59/><W26/><G26/><T89/><D47/><U6/><E6/><V90/><F90/><W80/><AGARI ba="0,1" hai="76,77,80,85,91,98,100,104" m="15914,50218" machi="80" ten="30,1100,0" yaku="19,1" doraHai="65" who="3" fromWho="3" sc="250,-3,240,-5,260,-3,240,21" />
</Scene>
<Scene>
<INIT seed="2,0,0,2,1,16" ten="247,235,257,261" oya="2" hai0="102,125,19,62,43,115,9,55,133,129,82,47,69" hai1="99,131,101,95,46,124,94,65,90,118,40,30,15" hai2="84,96,67,11,59,12,64,98,80,103,60,31,33" hai3="32,108,28,122,79,10,114,104,66,119,72,83,63"/><V105/><F96/><W37/><G119/><T14/><D115/><U85/><E118/><V127/><F127/><W52/><G122/><T53/><D125/><U128/><E124/><V75/><F75/><W35/><G37/><T49/><D133/><U89/><E65/><V8/><F67/><W126/><G126/><T73/><D129/><U91/><E30/><V3/><F3/><W48/><G104/><T93/><D69/><U74/><E15/><V123/><F123/><W45/><G114/><T97/><D73/><U50/><E74/><V71/><F59/><W6/><G28/><T70/><D70/><U78/><E78/><N who="2" m="46103" /><F12/><W120/><G108/><T18/><D82/><U110/><E110/><V87/><F87/><W22/><G120/><T130/><D130/><AGARI ba="0,0" hai="40,46,50,85,89,90,91,94,95,99,101,128,130,131" machi="130" ten="40,1300,0" yaku="19,1" doraHai="16" who="1" fromWho="0" sc="247,-13,235,13,257,0,261,0" />
</Scene>
<Scene>
<INIT seed="3,0,0,5,4,52" ten="234,248,257,261" oya="3" hai0="131,115,37,111,9,66,113,114,34,30,13,86,70" hai1="74,16,130,10,100,79,83,0,82,61,117,60,62" hai2="45,64,92,35,50,31,99,7,15,134,123,107,36" hai3="133,85,108,49,72,103,84,4,2,17,127,98,46"/><W23/><G72/><T105/><D37/><U104/><E117/><V29/><F36/><W43/><G127/><T53/><D105/><U12/><E130/><V28/><F107/><W63/><G133/><T94/><D131/><U88/><E0/><V122/><F134/><W3/><G108/><T77/><D111/><U101/><REACH who="1" step="1"/><E104/><REACH who="1" ten="234,238,257,261" step="2"/><V119/><F119/><W41/><G2/><T6/><D115/><U68/><E68/><V33/><F123/><W80/><G3/><T121/><D121/><U118/><E118/><V5/><F122/><W126/><G126/><T95/><D114/><U19/><E19/><V96/><F31/><W73/><G4/><T56/><D30/><U124/><E124/><V112/><F29/><W18/><G18/><T59/><D70/><U67/><E67/><V89/><F64/><W87/><G63/><N who="0" m="38271" /><D113/><U58/><E58/><V21/><F112/><W26/><G73/><T32/><D32/><U42/><E42/><V120/><F120/><W93/><REACH who="3" step="1"/><G41/><REACH who="3" ten="234,238,257,251" step="2"/><T106/><D34/><U71/><E71/><V65/><F35/><W48/><G48/><N who="0" m="30759" /><D106/><U78/><E78/><AGARI ba="0,2" hai="17,23,26,43,46,49,78,80,84,85,87,93,98,103" machi="78" ten="30,11600,0" yaku="1,1,7,1,8,1,53,1" doraHai="52" doraHaiUra="47" who="3" fromWho="1" sc="234,0,238,-116,257,0,251,136" />
</Scene>
<Scene>
<INIT seed="3,1,0,0,5,6" ten="234,122,257,387" oya="3" hai0="31,123,1,110,86,128,54,46,57,133,72,34,81" hai1="84,122,26,35,32,51,119,96,19,67,44,27,104" hai2="29,120,118,113,89,125,97,131,21,71,87,79,59" hai3="62,94,132,49,60,127,28,135,66,76,98,83,74"/><W0/><G0/><T75/><D1/><U48/><E122/><V100/><F71/><W40/><G127/><T33/><D123/><U106/><E119/><V10/><F120/><W43/><G28/><T16/><D110/><U115/><E115/><V36/><F113/><W80/><G80/><T61/><D133/><N who="3" m="51273" /><G49/><T124/><D128/><U130/><E130/><V129/><F118/><W15/><G15/><T99/><D124/><U64/><E84/><V109/><F125/><W3/><G3/><T25/><D34/><U52/><E96/><V69/><F69/><N who="3" m="42183" /><G62/><T7/><D61/><U50/><E50/><V111/><F29/><W108/><G108/><T41/><D81/><U90/><E90/><AGARI ba="1,0" hai="40,43,74,76,83,90,94,98" m="42183,51273" machi="90" ten="30,1500,0" yaku="20,1" doraHai="6" who="3" fromWho="1" sc="234,0,122,-18,257,0,387,18" />
</Scene>
<Scene>
<INIT seed="3,2,0,0,4,49" ten="234,104,257,405" oya="3" hai0="100,37,70,74,51,92,98,97,110,41,130,13,52" hai1="54,135,64,94,104,83,80,81,5,102,2,125,17" hai2="72,42,4,107,126,19,88,113,9,134,99,1,124" hai3="48,28,112,27,120,8,114,45,85,58,25,86,129"/><W111/><G120/><T11/><D70/><U53/><E135/><V30/><F113/><W91/><G129/><T22/><D74/><U55/><E104/><V63/><F72/><W31/><G58/><T69/><D69/><U133/><E133/><V40/><F134/><W46/><G8/><T59/><D110/><U12/><E2/><V50/><F30/><W16/><G111/><T75/><D75/><U65/><E125/><N who="2" m="48235" /><F63/><W47/><G48/><T103/><D130/><U93/><E5/><V121/><F121/><W73/><G73/><T39/><D41/><U96/><REACH who="1" step="1"/><E93/><REACH who="1" ten="234,94,257,405" step="2"/><V24/><F107/><W56/><G114/><T29/><D29/><U35/><E35/><V38/><F1/><W20/><G112/><T109/><D109/><U34/><E34/><V60/><F4/><W33/><G31/><T21/><D39/><U62/><E62/><V32/><F60/><W115/><G115/><T79/><D37/><U66/><E66/><V118/><F38/><W131/><G131/><T3/><D3/><U123/><E123/><V82/><F118/><W132/><G132/><T76/><D76/><U119/><E119/><V67/><F32/><W23/><G33/><T101/><D79/><U26/><E26/><V116/><F67/><W7/><G7/><N who="0" m="3327" /><D92/><U84/><E84/><V57/><F116/><W43/><G85/><T44/><D98/><U36/><E36/><V95/><F99/><W6/><G6/><T77/><D77/><U87/><E87/><N who="2" m="50295" /><F95/><N who="3" m="54775" /><G43/><N who="0" m="24991" /><D97/><U117/><E117/><V108/><F108/><W78/><G78/><T71/><D71/><U105/><E105/><RYUUKYOKU ba="2,1" sc="234,10,94,10,257,-30,405,10" hai0="21,22,52,59,100,101,103" hai1="12,17,53,54,55,64,65,80,81,83,94,96,102" hai3="16,20,23,25,27,28,45,46,47,56" />
</Scene>
<Scene>
<INIT seed="3,3,1,1,1,113" ten="244,104,227,415" oya="3" hai0="115,121,40,71,31,124,35,24,125,14,58,3,22" hai1="17,16,39,105,6,70,20,21,34,117,9,90,100" hai2="76,5,87,123,61,102,79,12,32,80,52,75,4" hai3="56,0,108,88,27,19,44,106,116,109,133,47,33"/><W72/><G72/><T36/><D71/><U59/><E70/><V50/><F32/><W112/><G112/><T10/><D115/><U82/><E34/><V77/><F123/><W120/><G120/><T86/><D121/><U49/><E39/><V111/><F111/><N who="3" m="42571" /><G106/><T29/><D36/><U91/><E117/><V95/><F61/><W134/><G0/><T69/><D69/><U84/><E105/><V23/><F75/><W41/><G116/><T13/><D40/><U126/><E100/><V101/><F23/><N who="3" m="13823" /><G33/><T103/><D103/><N who="2" m="39434" /><F95/><W78/><G78/><N who="2" m="30313" /><F12/><W63/><G88/><T132/><D86/><U55/><E90/><V83/><F83/><W43/><G43/><T89/><D89/><U66/><E126/><V81/><F81/><W2/><G2/><T97/><D3/><U64/><E6/><V114/><F114/><W107/><G107/><T38/><D14/><U62/><E9/><V11/><F11/><W129/><G41/><T74/><D74/><U30/><E21/><V51/><F51/><W65/><G129/><T131/><D38/><U104/><E104/><V37/><F37/><W48/><G48/><T128/><D131/><U26/><REACH who="1" step="1"/><E66/><REACH who="1" ten="244,94,227,415" step="2"/><V94/><F5/><W7/><G7/><T118/><D125/><U54/><E54/><V122/><F4/><W15/><G15/><T98/><D13/><U135/><E135/><AGARI ba="3,2" hai="44,47,56,63,65,133,134,135" m="13823,42571" machi="135" ten="30,5800,0" yaku="20,1,14,1,10,1" doraHai="113" who="3" fromWho="1" sc="244,0,94,-67,227,0,415,87" />
</Scene>
<Scene>
<INIT seed="3,4,0,1,3,107" ten="244,27,227,502" oya="3" hai0="2,118,105,112,56,90,110,27,103,70,94,6,42" hai1="66,54,3,60,128,65,24,29,22,117,109,72,40" hai2="32,61,119,92,121,10,1,9,19,41,131,50,68" hai3="17,18,97,111,91,21,89,46,108,129,126,33,124"/><W55/><G33/><T86/><D70/><U122/><E122/><V45/><F119/><W30/><G30/><T123/><D123/><U79/><E117/><V99/><F121/><W73/><G73/><T39/><D118/><U26/><E128/><V134/><F32/><W93/><G129/><T64/><D112/><U4/><E109/><N who="3" m="42058" /><G91/><T77/><D110/><U38/><E24/><V115/><F131/><W71/><G71/><T69/><D69/><U20/><E20/><V16/><F115/><W132/><G132/><T8/><D77/><U49/><E38/><V62/><F134/><W11/><G11/><N who="2" m="4105" /><F68/><W34/><G34/><T82/><D105/><U76/><E40/><V0/><F0/><W102/><G89/><T85/><D103/><U116/><E116/><V127/><F127/><N who="3" m="48683" /><G21/><T25/><D86/><U95/><E72/><V51/><F1/><W7/><G7/><T37/><D82/><U28/><E3/><V31/><F31/><W113/><G113/><T98/><D85/><U81/><E4/><V87/><F87/><W23/><G23/><T43/><D90/><U83/><E28/><V67/><F51/><AGARI ba="4,0" hai="17,18,46,51,55,93,97,102" m="48683,42058" machi="51" ten="30,5800,0" yaku="14,1,10,1,18,1" doraHai="107" who="3" fromWho="2" sc="244,0,27,0,227,-70,502,70" />
</Scene>
<Scene>
<INIT seed="3,5,0,4,4,87" ten="244,27,157,572" oya="3" hai0="69,14,83,129,109,33,29,8,130,39,44,77,49" hai1="58,25,113,125,124,32,100,60,1,47,94,88,9" hai2="78,105,107,31,6,67,23,79,90,30,43,51,99" hai3="40,66,7,106,123,135,92,86,120,52,42,65,41"/><W102/><G106/><T74/><D39/><U122/><E122/><V22/><F67/><W19/><G135/><T16/><D69/><U15/><E113/><V111/><F111/><W133/><G133/><T5/><D109/><U76/><E76/><N who="2" m="29227" /><F107/><W81/><G7/><T73/><D73/><U48/><E1/><V62/><F105/><W132/><G132/><T91/><D29/><N who="2" m="10762" /><F62/><W119/><G119/><T36/><D36/><U98/><E25/><V121/><F121/><W82/><G65/><T55/><D33/><U103/><E32/><V71/><F71/><W128/><G66/><T4/><REACH who="0" step="1"/><D91/><REACH who="0" ten="234,27,157,572" step="2"/><U117/><E117/><V63/><F6/><AGARI ba="5,1" hai="4,5,6,8,14,16,44,49,55,74,77,83,129,130" machi="6" ten="40,5200,0" yaku="1,1,2,1,54,1,53,0" doraHai="87" doraHaiUra="108" who="0" fromWho="2" sc="234,77,27,0,157,-67,572,0" />
</Scene>
<Scene>
<INIT seed="4,0,0,5,1,4" ten="311,27,90,572" oya="0" hai0="66,119,17,63,74,68,83,129,32,93,52,23,95" hai1="30,7,102,20,112,101,64,27,133,24,0,134,71" hai2="26,34,117,58,43,72,47,51,70,100,2,45,19" hai3="105,90,131,6,86,77,61,53,99,123,37,122,80"/><T35/><D119/><U50/><E24/><V42/><F70/><W121/><G37/><T91/><D129/><U62/><E50/><V120/><F120/><W79/><G131/><T89/><D83/><U81/><E112/><V31/><F72/><W113/><G113/><T59/><D74/><U39/><E39/><V69/><F69/><W125/><G6/><T48/><D95/><U67/><E67/><V110/><F110/><W103/><G125/><T28/><D28/><U65/><E65/><V128/><F128/><W107/><G107/><T16/><D91/><U21/><E21/><V22/><F2/><W33/><G33/><T40/><D40/><U135/><E81/><V98/><F58/><AGARI ba="0,0" hai="53,58,61,77,79,80,86,90,99,103,105,121,122,123" machi="58" ten="40,1300,0" yaku="13,1" doraHai="4" who="3" fromWho="2" sc="311,0,27,0,90,-13,572,13" />
</Scene>
<Scene>
<INIT seed="5,0,0,2,2,100" ten="311,27,77,585" oya="1" hai0="9,124,13,76,19,18,0,10,40,56,32,59,95" hai1="83,110,26,21,24,41,8,127,63,130,6,35,129" hai2="11,34,89,58,128,91,117,64,115,121,118,29,20" hai3="61,27,113,28,97,73,31,77,103,51,104,33,96"/><U14/><E110/><V75/><F34/><W98/><G113/><T5/><D32/><U107/><E41/><V25/><F121/><W111/><G111/><T87/><D124/><U43/><E127/><V82/><F115/><W57/><G31/><T123/><D123/><U3/><E43/><V74/><F128/><N who="1" m="49257" /><E63/><V134/><F134/><W93/><G51/><T122/><D122/><U119/><E83/><V105/><F105/><W88/><G77/><T132/><D132/><U52/><E107/><V44/><F44/><W1/><G1/><T15/><D40/><U50/><E119/><V133/><F133/><W55/><G73/><T126/><D126/><U66/><E66/><V39/><F39/><W94/><G94/><T102/><D76/><U53/><E35/><V22/><F64/><W108/><G108/><T36/><D36/><U81/><E81/><V46/><F46/><W114/><G114/><T125/><D125/><U99/><E99/><AGARI ba="0,0" hai="27,28,33,55,57,61,88,93,96,97,98,99,103,104" machi="99" ten="30,3900,0" yaku="7,1,52,1,54,1" doraHai="100" who="3" fromWho="1" sc="311,0,27,-39,77,0,585,39" owari="311,11.0,-12,-51.0,77,-32.0,624,72.0" />
</Scene>
</mjloggm>