<mjloggm ver="2.3"><GO type="169" lobby="0"/><UN n0="%E5%A4%AA%E3%81%8F%E3%81%AA%E3%81%84%E3%81%8A" n1="%72%61%67%61%2D%6D" n2="%E4%BA%A4%E9%9B%80%E7%9F%A5%E6%84%9B" n3="%E5%87%9C%E7%94%B0%E8%8E%89%E5%AD%90" dan="18,16,16,16" rate="2270.98,2093.97,2001.19,2091.12" sx="M,M,M,F"/><TAIKYOKU oya="0"/>

<Scene>
<INIT seed="0,0,0,1,0,67" ten="250,250,250,250" oya="0" hai0="27,89,70,100,126,53,19,77,58,66,21,12,122" hai1="102,47,17,23,16,28,64,49,65,31,106,5,42" hai2="98,130,92,117,68,48,73,113,3,124,128,6,133" hai3="111,83,54,13,90,24,43,35,15,61,103,60,20"/><T75/><D122/><U96/><E5/><V125/><F113/><W112/><G112/><T18/><D126/><N who="2" m="48746" /><F73/><W81/><G35/><T107/><D107/><U57/><E17/><V135/><F117/><W8/><G111/><T69/><D100/><U93/><E106/><V87/><F87/><W56/><G103/><T0/><D0/><U116/><E116/><V120/><F120/><W26/><G43/><T104/><D104/><U25/><REACH who="1" step="1"/><E57/><REACH who="1" ten="250,240,250,250" step="2"/><V97/><F6/><W55/><G56/><T110/><D18/><U129/><E129/><N who="2" m="49771" /><F3/><W105/><G105/><T76/><D58/><U45/><E45/><V34/><F68/><W14/><G20/><T7/><D21/><U84/><E84/><V86/><F34/><W82/><G8/><T38/><D70/><U101/><E101/><V72/><F72/><W78/><G78/><T11/><D75/><U115/><E115/><V32/><F32/><W9/><G9/><T51/><D76/><U85/><E85/><V40/><F86/><W118/><G118/><T134/><D69/><U10/><E10/><V36/><F92/><W2/><G90/><T132/><D89/><U109/><E109/><V80/><F80/><W121/><G121/><T22/><D110/><U131/><E131/><V119/><F119/><W123/><G123/><T88/><D77/><U79/><E79/><V50/><F135/><W41/><G2/><T71/><D132/><U95/><E95/><V4/><F133/><W99/><G81/><T30/><D134/><U127/><E127/><V91/><F91/><W52/><G82/><T63/><D88/><RYUUKYOKU ba="0,1" sc="250,-10,240,30,250,-10,250,-10" hai1="16,23,25,28,31,42,47,49,64,65,93,96,102" />
</Scene>
<Scene>
<INIT seed="1,1,1,4,2,21" ten="240,270,240,240" oya="1" hai0="117,112,1,8,46,79,82,20,126,91,89,19,60" hai1="92,40,128,31,62,71,24,30,54,44,50,58,107" hai2="121,48,4,95,130,10,25,94,37,85,65,56,129" hai3="27,2,43,111,32,5,93,6,96,76,69,102,12"/><U67/><E107/><V9/><F37/><W38/><G111/><T72/><D112/><U15/><E15/><V80/><F121/><W124/><G124/><T75/><D117/><U115/><E128/><N who="2" m="49259" /><F25/><W113/><G113/><T39/><D72/><U108/><E115/><V18/><F18/><W131/><G131/><T125/><D60/><U47/><E108/><V0/><F10/><W122/><G122/><T99/><D99/><U133/><E133/><V103/><F103/><W7/><G2/><T119/><D119/><U88/><E31/><V34/><F34/><W118/><G118/><T33/><D33/><U55/><E71/><V36/><F36/><W109/><G69/><T120/><D120/><U70/><E44/><V84/><F84/><W49/><G38/><T106/><D106/><U74/><E74/><V104/><F104/><W105/><G109/><T64/><D46/><U59/><E59/><V116/><F116/><W22/><G32/><T66/><D39/><U23/><E70/><V83/><F83/><W29/><G76/><T127/><D8/><U114/><E114/><V35/><F35/><W134/><G134/><T51/><D1/><U45/><E45/><V53/><F65/><N who="0" m="25194" /><D19/><U98/><AGARI ba="1,1" hai="23,24,30,40,47,50,54,55,58,62,67,88,92,98" machi="98" ten="20,12000,1" yaku="0,1,7,1,8,1,52,1,54,1" doraHai="21" who="1" fromWho="1" sc="240,-41,270,133,240,-41,240,-41" />
</Scene>
<Scene>
<INIT seed="1,2,0,2,5,62" ten="199,403,199,199" oya="1" hai0="57,47,21,91,1,131,34,68,55,5,54,33,118" hai1="43,32,51,116,36,78,124,11,80,101,79,119,12" hai2="103,53,46,113,87,58,22,123,40,109,56,117,60" hai3="125,114,74,0,120,104,98,90,86,61,65,28,52"/><U64/><E32/><V107/><F123/><W29/><G120/><T84/><D68/><U50/><E124/><V95/><F109/><W2/><G114/><T106/><D118/><U122/><E101/><V4/><F113/><W49/><G74/><T31/><D106/><U13/><E43/><V88/><F117/><W18/><G125/><T105/><D105/><U126/><E126/><V135/><F135/><W73/><G73/><T94/><D131/><U9/><E122/><V89/><F4/><W41/><G41/><T110/><D110/><U38/><REACH who="1" step="1"/><E80/><REACH who="1" ten="199,393,199,199" step="2"/><V42/><F103/><W111/><G111/><T23/><D34/><U17/><E17/><V99/><F42/><W16/><G18/><T129/><D33/><U93/><E93/><V85/><F107/><W3/><G16/><T102/><D102/><U15/><E15/><V30/><F95/><W81/><G104/><T70/><D94/><U83/><E83/><V39/><F40/><W100/><G100/><T97/><D129/><U10/><E10/><V112/><F112/><W24/><G98/><T67/><D97/><U133/><E133/><V115/><F99/><W48/><G24/><T44/><D21/><U92/><E92/><V132/><F132/><W96/><G96/><T45/><D23/><U127/><E127/><V14/><F115/><W75/><G29/><T69/><D31/><U25/><E25/><V6/><F30/><W7/><G28/><T130/><D130/><U27/><E27/><V8/><F22/><W63/><G81/><T134/><D134/><U71/><E71/><V72/><F8/><RYUUKYOKU ba="2,1" sc="199,-10,393,30,199,-10,199,-10" hai1="9,11,12,13,36,38,50,51,64,78,79,116,119" />
</Scene>
<Scene>
<INIT seed="1,3,1,4,3,26" ten="189,423,189,189" oya="1" hai0="61,62,75,70,132,96,107,64,8,66,58,28,0" hai1="65,60,103,34,82,127,93,89,49,2,48,67,31" hai2="10,81,86,17,59,100,33,71,113,111,39,118,97" hai3="41,12,109,54,133,20,53,123,16,57,134,88,92"/><U22/><E2/><V36/><F71/><W6/><G123/><T45/><D75/><U55/><E34/><V25/><F118/><W122/><G122/><T121/><D121/><U79/><E103/><V74/><F74/><W124/><G109/><T19/><D132/><N who="3" m="50793" /><G124/><T130/><D130/><U3/><E3/><V43/><F113/><W120/><G120/><T69/><D58/><U115/><E127/><V73/><F73/><W135/><G135/><T94/><D107/><U51/><E55/><V7/><F59/><W105/><G105/><T129/><D129/><U90/><E90/><V76/><F43/><W24/><G41/><T84/><D45/><U128/><E128/><V102/><F102/><W112/><G112/><T91/><D28/><U52/><E52/><N who="3" m="20074" /><G57/><T42/><D42/><U1/><E115/><V21/><F111/><W27/><G6/><T77/><D19/><U32/><E67/><V78/><F39/><W4/><G4/><T56/><D56/><U68/><E60/><V85/><F36/><W99/><AGARI ba="3,1" hai="12,16,20,24,27,88,92,99" m="20074,50793" machi="99" ten="30,7900,0" yaku="20,1,54,3" doraHai="26" who="3" fromWho="3" sc="189,-23,423,-42,189,-23,189,98" />
</Scene>
<Scene>
<INIT seed="2,0,0,0,2,135" ten="166,381,166,287" oya="2" hai0="32,69,31,19,80,44,28,53,94,66,72,5,92" hai1="64,55,115,51,38,109,67,117,116,75,107,126,40" hai2="101,132,30,46,6,1,68,26,60,89,37,111,41" hai3="36,81,82,102,83,103,9,128,96,118,100,39,113"/><V52/><F132/><W3/><G118/><T88/><D5/><U99/><E75/><V20/><F101/><W106/><G128/><T122/><D122/><U14/><E115/><V114/><F114/><W35/><G113/><T24/><D31/><U131/><E131/><V130/><F130/><W11/><G35/><T29/><D29/><U97/><E109/><V86/><F111/><W95/><G106/><T18/><D66/><U12/><E40/><V54/><F68/><W61/><G61/><T15/><D69/><U2/><E2/><V104/><F104/><W57/><G57/><T127/><D127/><U77/><E126/><V21/><F21/><W62/><G62/><T49/><D19/><U79/><E51/><V25/><F25/><W71/><G71/><T48/><D48/><U8/><E107/><V65/><F65/><W73/><G73/><T7/><D7/><U112/><E112/><V10/><REACH who="2" step="1"/><F60/><REACH who="2" ten="166,381,156,287" step="2"/><W70/><G70/><T34/><D34/><U98/><E67/><V85/><F85/><W124/><G124/><T74/><D74/><U58/><E64/><V17/><F17/><W16/><G16/><T33/><D33/><U134/><E117/><V78/><F78/><W93/><G96/><T59/><D72/><U120/><E98/><V108/><F108/><W87/><G87/><N who="0" m="50279" /><D59/><U119/><E134/><V76/><F76/><W0/><G11/><AGARI ba="0,1" hai="11,15,18,24,28,32,44,49,53,92,94" m="50279" machi="11" ten="30,2000,0" yaku="25,1,54,1" doraHai="135" who="0" fromWho="3" sc="166,30,381,0,156,0,287,-20" />
</Scene>
<Scene>
<INIT seed="3,0,0,0,4,77" ten="196,381,156,267" oya="3" hai0="71,10,50,3,20,13,133,134,103,124,96,57,109" hai1="121,70,6,69,34,32,29,43,4,116,63,62,114" hai2="123,44,2,104,88,79,92,65,90,26,107,12,52" hai3="35,28,113,11,49,54,102,7,100,129,38,8,91"/><W37/><G113/><T41/><D71/><U66/><E114/><V112/><F2/><W84/><G129/><T15/><D109/><U53/><E121/><V101/><F123/><W94/><G37/><T5/><D124/><U132/><E132/><N who="0" m="50793" /><D20/><U74/><E43/><V33/><F65/><W73/><G38/><T39/><D39/><U36/><E36/><V105/><F101/><W126/><G73/><T59/><D41/><U108/><E108/><V67/><F67/><W118/><G118/><T23/><D50/><U64/><E53/><V14/><F79/><W56/><G126/><T131/><D131/><U18/><E18/><V17/><F90/><W51/><G51/><T47/><D47/><U119/><E29/><V97/><F112/><W117/><G117/><T82/><D82/><U127/><E74/><V46/><F52/><W95/><G95/><N who="0" m="58783" /><D23/><U78/><E78/><V58/><F58/><AGARI ba="0,0" hai="3,5,10,13,15,57,58,59" m="58783,50793" machi="58" ten="30,1000,0" yaku="20,1" doraHai="77" who="0" fromWho="2" sc="196,10,381,0,156,-10,267,0" />
</Scene>
<Scene>
<INIT seed="4,0,0,5,1,128" ten="206,381,146,267" oya="0" hai0="94,76,11,57,133,78,131,103,33,75,85,106,77" hai1="100,40,90,32,16,104,95,132,62,64,14,10,36" hai2="111,54,74,127,53,9,18,108,84,65,91,123,34" hai3="50,124,98,38,109,96,60,70,83,122,72,68,112"/><T67/><D33/><U27/><E104/><V56/><F74/><W121/><G109/><T89/><D131/><U15/><E100/><V61/><F123/><N who="3" m="47115" /><G38/><T113/><D113/><U4/><E36/><V105/><F105/><W49/><G112/><T80/><D11/><U125/><E40/><V66/><F34/><W92/><G124/><T58/><D133/><U22/><E32/><V43/><F127/><W97/><G92/><T8/><D8/><U0/><E132/><V117/><F43/><W135/><G135/><T42/><D42/><U115/><E115/><V28/><F28/><W129/><G129/><T101/><D101/><U116/><E116/><V59/><F117/><W48/><G60/><N who="0" m="38287" /><D58/><U26/><E0/><V37/><F37/><W55/><G55/><T110/><D110/><U93/><E93/><V21/><F9/><W25/><G25/><T73/><D73/><U17/><E4/><V71/><F71/><N who="3" m="27179" /><G72/><T134/><D134/><U23/><E10/><V114/><F114/><W47/><G47/><T69/><D69/><U102/><E102/><V86/><F111/><W20/><G20/><T3/><D3/><U30/><E125/><V52/><F108/><W35/><G35/><T44/><D44/><U130/><E130/><V107/><F107/><W6/><G6/><T19/><D19/><U51/><E17/><V79/><F18/><W87/><G50/><T7/><D7/><U13/><E51/><V126/><F126/><W2/><G2/><T45/><D45/><U63/><E64/><V120/><F120/><W81/><G49/><T82/><D75/><RYUUKYOKU ba="0,0" sc="206,15,381,15,146,-15,267,-15" hai0="76,77,78,80,82,85,89,94,103,106" hai1="13,14,15,16,22,23,26,27,30,62,63,90,95" />
</Scene>
<Scene>
<INIT seed="4,1,0,2,0,15" ten="221,396,131,252" oya="0" hai0="67,0,74,26,102,4,52,41,36,71,117,42,107" hai1="128,113,19,89,116,93,54,3,1,98,80,109,20" hai2="5,60,108,114,24,11,129,56,99,112,76,47,125" hai3="57,16,82,132,126,94,130,84,92,131,53,31,86"/><T12/><D117/><U69/><E116/><V70/><F108/><W103/><G132/><T87/><D74/><U9/><E69/><V91/><F76/><W63/><G126/><T25/><D0/><U104/><E109/><V97/><F125/><W133/><G31/><T134/><D134/><U6/><E128/><N who="3" m="49194" /><G133/><T30/><D36/><U44/><E104/><V32/><F129/><W111/><G111/><T10/><D26/><U123/><E123/><V34/><F70/><W46/><G46/><T51/><D87/><N who="3" m="33321" /><G82/><T40/><D107/><U62/><E80/><V65/><F47/><W101/><G16/><N who="0" m="8215" /><D71/><U55/><E1/><V85/><F34/><W77/><G77/><T39/><D39/><U14/><E44/><V33/><F33/><W8/><G8/><T45/><D4/><U13/><E3/><V115/><F32/><W22/><G22/><N who="0" m="15671" /><D102/><AGARI ba="1,0" hai="53,57,63,92,94,101,102,103" m="33321,49194" machi="102" ten="30,1000,0" yaku="19,1" doraHai="15" who="3" fromWho="0" sc="221,-13,396,0,131,0,252,13" />
</Scene>
<Scene>
<INIT seed="5,0,0,1,1,66" ten="208,396,131,265" oya="1" hai0="15,24,39,17,18,95,126,4,96,69,58,30,10" hai1="109,85,135,73,82,43,60,134,52,75,5,9,12" hai2="20,7,88,84,26,64,14,56,91,131,89,111,28" hai3="41,129,97,99,92,121,133,31,79,107,106,53,40"/><U6/><E43/><V122/><F131/><W113/><G121/><T8/><D39/><U62/><E5/><V21/><F111/><W70/><G129/><T34/><D126/><U123/><E123/><V13/><F122/><W87/><G113/><T117/><D117/><U32/><E32/><V71/><F71/><W45/><G70/><T35/><D69/><U114/><E114/><V103/><F103/><W76/><G31/><T29/><D58/><N who="1" m="34887" /><E62/><V44/><F44/><W54/><G45/><T90/><REACH who="0" step="1"/><D10/><REACH who="0" ten="198,396,131,265" step="2"/><U101/><E109/><V22/><F56/><W59/><G59/><T93/><D93/><U63/><E63/><V108/><F108/><W16/><G92/><T51/><D51/><U42/><E42/><V67/><F84/><W1/><G41/><T78/><D78/><U105/><E85/><V36/><F36/><W98/><G40/><T115/><D115/><U118/><E118/><V119/><F119/><W2/><G97/><T94/><D94/><U25/><E82/><V3/><F67/><W128/><G128/><T0/><D0/><U100/><E75/><V65/><F64/><W74/><G74/><T112/><D112/><U124/><E73/><V38/><F65/><W102/><G87/><T80/><D80/><U77/><E124/><V47/><F38/><W11/><G11/><T68/><D68/><U33/><E77/><V125/><F125/><W110/><G110/><T37/><D37/><U57/><E57/><V27/><F47/><W83/><G83/><T55/><D55/><U86/><E86/><V120/><F120/><W81/><G81/><RYUUKYOKU ba="0,1" sc="198,30,396,-10,131,-10,265,-10" hai0="4,8,15,17,18,24,29,30,34,35,90,95,96" />
</Scene>
<Scene>
<INIT seed="6,1,1,1,4,22" ten="228,386,121,255" oya="2" hai0="66,81,134,0,107,39,133,104,127,70,108,17,7" hai1="72,57,119,129,49,122,60,71,42,68,99,80,78" hai2="125,83,34,98,13,20,109,51,115,91,38,106,132" hai3="92,76,69,54,96,52,27,100,89,61,118,53,111"/><V86/><F38/><W102/><G111/><T28/><D108/><U15/><E119/><V105/><F109/><W63/><G118/><T131/><D39/><U8/><E129/><V29/><F115/><W65/><G76/><T55/><D131/><U10/><E10/><V88/><F132/><N who="0" m="50794" /><D127/><U45/><E99/><V135/><F135/><W59/><G59/><T112/><D112/><U19/><E122/><V97/><F125/><W74/><G74/><T121/><D121/><U77/><E77/><N who="2" m="46447" /><F34/><W120/><G120/><T40/><D40/><U58/><E58/><V130/><F130/><W6/><G63/><N who="0" m="40287" /><D28/><U44/><E44/><V90/><F106/><W84/><G6/><T117/><D117/><U85/><E72/><V9/><F105/><W73/><G73/><T18/><D81/><U35/><E35/><V94/><F51/><W93/><REACH who="3" step="1"/><G102/><REACH who="3" ten="228,386,121,245" step="2"/><T5/><D5/><U11/><E71/><V14/><F97/><W41/><G41/><T113/><D113/><U2/><E68/><V95/><F98/><W4/><G4/><T26/><D7/><U1/><E1/><V116/><F116/><W24/><AGARI ba="1,2" hai="24,27,52,53,54,61,65,69,84,89,92,93,96,100" machi="24" ten="30,12000,2" yaku="1,1,0,1,52,2,54,1,53,1" doraHai="22" doraHaiUra="56" who="3" fromWho="3" sc="228,-31,386,-31,121,-61,245,143" />
</Scene>
<Scene>
<INIT seed="7,0,0,1,5,45" ten="197,355,60,388" oya="3" hai0="115,135,124,74,53,63,94,79,67,93,111,89,127" hai1="116,32,109,88,100,121,82,36,38,33,68,14,130" hai2="10,73,91,62,2,48,112,46,51,134,54,90,105" hai3="131,87,5,34,125,75,65,13,84,1,133,0,47"/><W26/><G75/><T118/><D111/><U61/><E121/><V107/><F46/><W25/><G131/><T23/><D118/><U29/><E109/><V113/><F73/><W42/><G133/><T50/><D135/><U117/><E130/><V103/><F134/><W20/><G125/><N who="0" m="48203" /><D115/><U80/><E100/><V106/><F103/><W58/><G47/><N who="0" m="27871" /><D23/><U49/><E14/><V43/><F54/><W28/><G13/><T132/><D132/><U102/><E102/><V8/><F107/><W120/><G84/><T108/><D108/><U97/><E97/><V9/><F9/><W128/><G65/><T30/><D30/><U77/><E68/><V22/><F22/><W70/><G120/><T52/><D52/><U95/><E61/><V44/><F44/><W7/><G70/><N who="0" m="42367" /><D89/><U17/><E49/><V15/><F62/><W37/><G20/><T96/><D96/><U122/><E122/><V114/><F114/><W72/><G72/><T92/><D74/><U76/><E29/><V98/><F15/><W19/><G7/><T71/><D79/><U129/><E129/><V64/><F98/><W16/><G128/><T4/><D4/><U12/><E88/><V123/><F123/><W35/><G5/><T101/><D101/><U66/><E116/><V39/><F64/><W110/><G110/><T57/><D57/><U6/><E117/><V55/><F55/><W104/><G58/><T85/><D71/><U69/><E69/><V83/><F83/><W59/><G59/><T60/><D60/><U3/><E80/><V81/><F81/><W21/><G21/><RYUUKYOKU ba="0,0" sc="197,30,355,-10,60,-10,388,-10" hai0="85,92,93,94" owari="227,-17.0,345,15.0,50,-45.0,378,47.0" />
</Scene>
</mjloggm>