<mjloggm ver="2.3"><GO type="169" lobby="0"/><UN n0="%6E%62%34%39" n1="%E8%87%AA%E7%A7%B0%E6%9C%80%E5%BC%B7%E9%9B%80%E5%A3%AB%EF%BC%93" n2="%E3%81%BD%E3%81%BF%E3%82%85" n3="%E5%A4%AA%E3%81%8F%E3%81%AA%E3%81%84%E3%81%8A" dan="16,16,16,19" rate="2089.10,2072.38,2075.61,2301.47" sx="M,M,F,M"/><TAIKYOKU oya="0"/>

<Scene>
<INIT seed="0,0,0,5,4,41" ten="250,250,250,250" oya="0" hai0="5,86,111,89,52,105,88,80,20,2,75,56,112" hai1="61,3,83,55,22,50,60,42,4,64,126,124,24" hai2="134,34,71,25,66,117,82,106,63,119,73,92,51" hai3="43,59,74,30,68,87,48,57,118,14,98,110,131"/><T107/><D112/><U77/><E42/><V70/><F106/><W116/><G74/><T26/><D111/><U130/><E130/><V58/><F134/><W123/><G68/><T0/><D75/><U104/><E104/><V47/><F92/><W81/><G131/><T78/><D78/><U19/><E3/><V95/><F95/><W96/><G110/><T18/><D89/><U84/><E4/><V23/><F34/><W49/><G30/><T127/><D127/><N who="1" m="48683" /><E64/><V109/><F109/><W9/><G123/><T122/><D122/><U6/><E6/><V114/><F114/><W38/><G38/><T67/><D67/><U45/><AGARI ba="0,0" hai="19,22,24,45,50,55,60,61,77,83,84" m="48683" machi="45" ten="30,2000,0" yaku="18,1,52,1" doraHai="41" who="1" fromWho="1" sc="250,-10,250,20,250,-5,250,-5" />
</Scene>
<Scene>
<INIT seed="1,0,0,1,0,63" ten="240,270,245,245" oya="1" hai0="33,11,84,56,72,44,132,122,68,6,87,1,65" hai1="83,51,20,107,95,46,97,2,0,42,71,3,58" hai2="41,18,23,5,131,128,100,74,119,120,70,82,134" hai3="112,101,124,118,8,43,105,12,99,57,89,66,115"/><U55/><E71/><V9/><F70/><W39/><G124/><T15/><D72/><U114/><E114/><V116/><F100/><W126/><G126/><T109/><D109/><U37/><E107/><V75/><F41/><W103/><G103/><T64/><D132/><U90/><E83/><V91/><F91/><W38/><G118/><N who="2" m="45097" /><F82/><W35/><G35/><T34/><D122/><U21/><AGARI ba="0,0" hai="0,2,3,20,21,37,42,46,51,55,58,90,95,97" machi="21" ten="40,2100,0" yaku="0,1" doraHai="63" who="1" fromWho="1" sc="240,-7,270,21,245,-7,245,-7" />
</Scene>
<Scene>
<INIT seed="1,1,0,4,1,15" ten="233,291,238,238" oya="1" hai0="79,118,115,103,33,67,127,117,77,35,80,43,131" hai1="93,70,95,61,57,54,27,24,21,4,65,20,78" hai2="76,129,59,75,84,110,50,125,81,45,73,19,114" hai3="31,111,52,55,58,41,104,18,36,46,134,0,112"/><U83/><E4/><V108/><F125/><W122/><G122/><T113/><D67/><U62/><E24/><V119/><F119/><W133/><G112/><T1/><D43/><U88/><E93/><V86/><F114/><W8/><G104/><T30/><D30/><U87/><REACH who="1" step="1"/><E27/><REACH who="1" ten="233,281,238,238" step="2"/><V28/><F28/><W39/><G31/><T47/><D113/><U109/><E109/><V82/><F110/><W120/><G111/><T85/><D115/><U123/><E123/><V102/><F108/><W72/><G120/><T56/><D117/><U7/><E7/><V13/><F129/><W63/><G134/><T128/><D118/><U68/><E68/><V100/><F75/><AGARI ba="1,1" hai="20,21,54,57,61,62,65,70,75,78,83,87,88,95" machi="75" ten="30,5800,0" yaku="1,1,7,1,54,1,53,0" doraHai="15" doraHaiUra="2" who="1" fromWho="2" sc="233,0,281,71,238,-61,238,0" />
</Scene>
<Scene>
<INIT seed="1,2,0,3,3,120" ten="233,352,177,238" oya="1" hai0="77,122,114,110,50,11,72,62,97,42,65,67,83" hai1="55,39,88,84,27,33,24,26,69,107,127,12,116" hai2="20,111,103,74,4,133,2,71,66,41,86,64,6" hai3="57,25,8,99,76,94,80,48,18,28,135,9,22"/><U106/><E69/><V19/><F74/><W89/><G135/><T112/><D122/><U38/><E116/><V123/><F123/><W63/><G48/><T56/><D110/><U81/><E33/><V34/><F34/><W32/><G28/><T43/><D67/><U79/><E127/><V125/><F125/><W124/><G32/><T16/><D97/><U115/><E115/><V92/><F133/><W118/><G118/><T37/><D37/><U87/><E55/><V23/><F41/><W40/><G40/><T126/><D126/><U60/><E60/><V3/><F71/><W15/><G15/><T73/><D73/><U47/><E12/><V21/><F19/><W96/><G96/><T105/><D105/><U5/><E5/><V100/><F23/><W90/><G90/><T70/><D43/><U108/><E108/><V44/><F111/><W104/><G104/><T117/><D117/><U13/><E13/><V130/><F86/><N who="3" m="48391" /><G124/><T31/><D31/><U132/><E132/><V49/><F49/><W58/><G58/><T59/><D59/><U0/><E0/><V46/><REACH who="2" step="1"/><F92/><REACH who="2" ten="233,352,167,238" step="2"/><W102/><G18/><T95/><D95/><U131/><E106/><V36/><F36/><W119/><G22/><T91/><D42/><N who="1" m="22999" /><E107/><V134/><F134/><W101/><G119/><T29/><D70/><U85/><E39/><V53/><F53/><W52/><G52/><T68/><D68/><U14/><E85/><V113/><F113/><W35/><G35/><T78/><D112/><U128/><E87/><V51/><F51/><W121/><G121/><T82/><D114/><RYUUKYOKU ba="2,1" sc="233,-10,352,-10,167,30,238,-10" hai2="2,3,4,6,20,21,44,46,64,66,100,103,130" />
</Scene>
<Scene>
<INIT seed="2,3,1,3,3,50" ten="223,342,197,228" oya="2" hai0="34,7,39,6,113,84,43,122,127,8,94,40,81" hai1="131,41,9,32,54,103,10,3,28,68,123,118,102" hai2="133,21,80,51,93,60,120,121,119,135,67,65,2" hai3="17,25,56,22,76,109,96,73,105,92,57,97,52"/><V86/><F2/><W87/><G73/><T129/><D113/><U64/><E118/><V38/><F38/><W62/><G109/><T91/><D122/><U49/><E123/><V36/><F36/><W61/><G105/><T101/><D34/><U18/><E41/><V55/><F119/><W126/><G126/><T106/><D127/><U16/><E131/><V88/><F21/><W47/><G47/><T77/><D129/><U124/><E124/><V37/><F37/><W35/><G35/><T48/><D7/><U90/><E32/><V132/><F80/><N who="3" m="47495" /><G92/><T29/><D29/><U4/><E28/><V111/><F111/><W11/><G11/><T128/><D128/><U134/><E134/><V45/><REACH who="2" step="1"/><F67/><AGARI ba="3,1" hai="17,22,25,52,56,57,61,62,67,96,97" m="47495" machi="67" ten="30,3900,0" yaku="8,1,52,1,54,1" doraHai="50" who="3" fromWho="2" sc="223,0,342,0,197,-48,228,58" />
</Scene>
<Scene>
<INIT seed="3,0,0,2,1,77" ten="223,342,149,286" oya="3" hai0="51,24,62,66,57,109,115,53,89,78,105,83,117" hai1="11,28,64,21,22,33,13,39,92,19,4,127,95" hai2="38,10,123,46,58,98,73,111,50,93,35,42,128" hai3="47,3,48,23,76,116,65,5,60,104,15,120,71"/><W99/><G116/><T85/><D117/><U26/><E39/><V18/><F111/><W45/><G120/><T31/><D109/><U41/><E41/><V79/><F123/><W12/><G3/><T114/><D105/><U91/><E127/><V20/><F35/><W61/><G76/><T14/><D14/><U80/><E64/><V112/><F112/><W131/><G131/><T94/><D114/><U110/><E110/><V2/><F128/><W125/><G125/><T29/><D115/><U74/><E22/><V84/><F73/><W0/><G0/><T96/><REACH who="0" step="1"/><D24/><REACH who="0" ten="213,342,149,286" step="2"/><U106/><E106/><V1/><F1/><W121/><G12/><T134/><D134/><U9/><E9/><V70/><F2/><W36/><G15/><T55/><D55/><U124/><E124/><V133/><F133/><W56/><G104/><T130/><D130/><U40/><E40/><V37/><F10/><W52/><G121/><T129/><D129/><U68/><E11/><V81/><F70/><AGARI ba="0,1" hai="29,31,51,53,57,62,66,70,78,83,85,89,94,96" machi="70" ten="30,7700,0" yaku="1,1,7,1,52,1,53,1" doraHai="77" doraHaiUra="72" who="0" fromWho="2" sc="213,87,342,0,149,-77,286,0" />
</Scene>
<Scene>
<INIT seed="4,0,0,0,1,106" ten="300,342,72,286" oya="0" hai0="69,123,82,3,7,108,109,55,81,18,6,0,77" hai1="37,79,49,73,2,5,42,127,71,78,66,31,130" hai2="122,98,118,114,32,68,63,95,128,135,23,67,103" hai3="26,14,129,47,19,102,45,70,125,126,111,10,86"/><T34/><D69/><U83/><E78/><V131/><F122/><W72/><G111/><N who="0" m="42571" /><D34/><U101/><E101/><V24/><F32/><W133/><G70/><T40/><D40/><U21/><E130/><N who="2" m="49707" /><F114/><W48/><G129/><T28/><D28/><U60/><E127/><N who="3" m="48650" /><G133/><T62/><D18/><U110/><E110/><V39/><F39/><W80/><G102/><T117/><D117/><U38/><E31/><N who="2" m="17823" /><F135/><W57/><G26/><T74/><D82/><U22/><E38/><V112/><F112/><W27/><G27/><T87/><D87/><U75/><E75/><V59/><F68/><W64/><G72/><T46/><D123/><U12/><E37/><V76/><F76/><N who="3" m="46343" /><G64/><T8/><D62/><U107/><E60/><V41/><F41/><W91/><G91/><T92/><D92/><U25/><E42/><V29/><F29/><W132/><G132/><T20/><D20/><U85/><E22/><V99/><F99/><W121/><G121/><T35/><D35/><U96/><E96/><V105/><F105/><W4/><G19/><T115/><D115/><U30/><E107/><V104/><F104/><W113/><G113/><T52/><D46/><U89/><E71/><V56/><F56/><W97/><G97/><T1/><D7/><U84/><E5/><V90/><F90/><W17/><G4/><T16/><D16/><N who="1" m="10375" /><E89/><V53/><F53/><AGARI ba="0,0" hai="10,14,17,45,47,48,53,57" m="46343,48650" machi="53" ten="30,1000,0" yaku="18,1" doraHai="106" who="3" fromWho="2" sc="300,0,342,0,72,-10,286,10" /><AGARI ba="0,0" hai="0,1,3,6,8,52,53,55,74,77,81" m="42571" machi="53" ten="30,5800,0" yaku="10,1,52,1,54,1" doraHai="106" who="0" fromWho="2" sc="300,58,342,0,62,-58,296,0" />
</Scene>
<Scene>
<INIT seed="4,1,0,3,4,67" ten="358,342,4,296" oya="0" hai0="72,22,113,84,3,97,26,41,126,79,127,118,48" hai1="51,56,9,114,2,120,20,135,76,130,45,93,49" hai2="7,109,105,57,92,112,14,117,75,65,128,19,77" hai3="38,28,96,32,5,85,91,0,50,63,62,124,15"/><T119/><D3/><U103/><E120/><V46/><F46/><W88/><G38/><T100/><D113/><U11/><E114/><V121/><F57/><W78/><G0/><T24/><D72/><U64/><E135/><V68/><F92/><N who="3" m="56327" /><G32/><T29/><D41/><U18/><E130/><V80/><F14/><W16/><G124/><N who="0" m="47659" /><D48/><U89/><E103/><V4/><F19/><W111/><G111/><T52/><D52/><N who="1" m="31775" /><E64/><V44/><F65/><W94/><G28/><N who="0" m="17495" /><D84/><N who="1" m="52391" /><E76/><V122/><F44/><W81/><G5/><T55/><D55/><N who="1" m="30127" /><E2/><V21/><F80/><W99/><G50/><T115/><D115/><U69/><E69/><V43/><F77/><W133/><G133/><T134/><D134/><U70/><E70/><V25/><F43/><W61/><G61/><T47/><D47/><U33/><E33/><V34/><F121/><W10/><AGARI ba="1,0" hai="10,15,16,62,63,78,81,85,91,94,99" m="56327" machi="10" ten="30,4000,0" yaku="8,1,54,2" doraHai="67" who="3" fromWho="3" sc="358,-21,342,-11,4,-11,296,43" owari="337,14.0,331,-7.0,-7,-51.0,339,44.0" />
</Scene>
</mjloggm>