<mjloggm ver="2.3"><GO type="169" lobby="0"/><UN n0="%E3%83%80%E3%83%B3%E3%83%86" n1="%E8%A3%95%E7%BE%8E%E5%AD%90" n2="%E3%81%8F%E3%82%89%E3%81%BE%E3%82%82%E3%82%93" n3="%E5%A4%AA%E3%81%8F%E3%81%AA%E3%81%84%E3%81%8A" dan="17,17,16,19" rate="2201.34,2195.65,2067.72,2305.07" sx="M,F,M,F"/><TAIKYOKU oya="0"/>

<Scene>
<INIT seed="0,0,0,2,1,68" ten="250,250,250,250" oya="0" hai0="73,16,69,19,4,58,27,12,63,78,110,28,50" hai1="109,14,127,89,125,43,124,57,93,135,1,20,117" hai2="116,67,74,79,104,17,30,106,2,10,86,3,133" hai3="23,31,59,81,95,91,122,85,5,55,9,82,101"/><T37/><D110/><U54/><E1/><V44/><F74/><W61/><G122/><T131/><D131/><U123/><E109/><V100/><F133/><W98/><G31/><T34/><D37/><U99/><E135/><V6/><F3/><W22/><REACH who="3" step="1"/><G82/><REACH who="3" ten="250,250,250,240" step="2"/><T134/><D134/><U70/><E123/><V118/><F30/><W64/><G64/><T88/><D73/><U126/><E117/><V119/><F67/><W96/><G96/><T35/><D35/><U75/><E75/><V105/><F116/><W24/><G24/><T80/><D34/><U77/><E70/><V53/><F118/><W32/><G32/><T8/><D28/><U36/><E77/><V97/><F119/><W102/><G102/><T71/><D78/><U120/><E120/><V52/><F79/><W42/><G42/><T92/><D80/><U114/><E114/><V33/><F33/><W46/><G46/><T13/><D27/><U15/><E43/><V90/><F44/><W7/><G7/><T129/><D69/><U11/><E127/><V60/><F97/><W108/><G108/><T39/><D71/><U94/><E99/><V84/><F100/><W21/><G21/><T132/><D4/><U49/><E20/><V47/><F47/><W48/><G48/><T0/><D50/><U40/><E11/><V107/><F6/><W18/><G18/><T76/><D76/><U56/><E57/><V45/><F17/><W115/><G115/><T112/><D112/><U65/><E65/><V128/><F10/><W62/><G62/><T66/><D132/><U72/><E126/><RYUUKYOKU ba="0,1" sc="250,-10,250,-10,250,-10,240,30" hai3="5,9,22,23,55,59,61,81,85,91,95,98,101" />
</Scene>
<Scene>
<INIT seed="1,1,1,1,3,57" ten="240,240,240,270" oya="1" hai0="82,21,79,107,88,8,129,105,106,63,102,118,62" hai1="30,34,123,119,81,124,68,44,71,23,24,2,80" hai2="112,117,130,66,38,33,50,13,20,7,70,16,92" hai3="69,95,19,96,39,132,37,64,72,126,73,93,26"/><U25/><E123/><V56/><F117/><W89/><G132/><T103/><D118/><U101/><E2/><V120/><F120/><W47/><G126/><T91/><D129/><U3/><E3/><V65/><F33/><W122/><G122/><T45/><D8/><U12/><E124/><V14/><F38/><W127/><G127/><T36/><D36/><U77/><E119/><V55/><F130/><W110/><G110/><T18/><D45/><U121/><E121/><V9/><F112/><W46/><G26/><T51/><D51/><U83/><E12/><V84/><REACH who="2" step="1"/><F70/><REACH who="2" ten="240,240,230,270" step="2"/><W43/><G69/><T134/><D134/><U42/><E101/><V11/><F11/><W75/><G39/><T52/><D102/><U76/><E68/><V15/><F15/><W67/><G46/><T22/><D103/><U0/><E0/><V41/><F41/><W104/><G47/><T31/><D22/><N who="1" m="15639" /><E71/><V128/><F128/><W61/><G43/><T4/><D21/><U131/><E34/><V58/><F58/><W94/><G37/><T17/><D106/><U85/><E131/><V40/><F40/><W1/><G1/><T109/><D107/><U115/><E115/><V48/><F48/><W59/><G104/><T6/><D105/><U90/><E44/><V27/><F27/><W99/><G59/><T133/><D133/><U53/><E42/><V78/><F78/><N who="1" m="30313" /><E53/><V28/><F28/><AGARI ba="1,2" hai="23,25,28,80,81,83,85,90" m="30313,15639" machi="28" ten="30,1500,0" yaku="8,1" doraHai="57" who="1" fromWho="2" sc="240,0,240,38,230,-18,270,0" />
</Scene>
<Scene>
<INIT seed="1,2,0,1,0,32" ten="240,278,212,270" oya="1" hai0="132,26,47,63,94,70,68,113,124,104,110,46,126" hai1="134,42,107,12,18,99,90,133,53,120,22,106,17" hai2="69,0,59,75,21,92,112,91,29,125,10,66,83" hai3="40,43,95,11,7,27,8,71,74,109,54,38,80"/><U58/><E42/><V15/><F69/><W108/><G71/><T14/><D104/><U97/><E120/><V79/><F125/><N who="0" m="48234" /><D113/><U30/><E30/><V100/><F112/><W52/><G95/><T67/><D70/><U19/><E12/><V37/><F37/><W77/><G27/><T45/><D110/><N who="3" m="42601" /><G11/><T81/><D132/><N who="1" m="50795" /><E22/><V88/><F100/><W105/><G105/><N who="1" m="39946" /><E90/><V93/><F0/><N who="3" m="103" /><G43/><T78/><D14/><U127/><E127/><V123/><F123/><W84/><G84/><N who="0" m="48183" /><D94/><U121/><E121/><V115/><F115/><W131/><G131/><T57/><D68/><U114/><E114/><V85/><F92/><W13/><G13/><T118/><D26/><U23/><E23/><V122/><F122/><W87/><G87/><T62/><D62/><AGARI ba="2,0" hai="17,18,19,53,58,62,97,99" m="39946,50795" machi="62" ten="40,2000,0" yaku="20,1" doraHai="32" who="1" fromWho="0" sc="240,-26,278,26,212,0,270,0" />
</Scene>
<Scene>
<INIT seed="1,3,0,0,5,72" ten="214,304,212,270" oya="1" hai0="100,41,77,79,96,1,8,101,64,95,73,110,59" hai1="53,105,6,128,63,75,55,122,86,50,126,45,56" hai2="47,61,91,133,38,30,49,76,132,125,67,46,135" hai3="124,28,78,130,57,25,27,16,82,19,106,107,9"/><U37/><E75/><V115/><F125/><W123/><G123/><T104/><D73/><U94/><E105/><V68/><F115/><W60/><G124/><T129/><D110/><U10/><E128/><V0/><F0/><W12/><G130/><T80/><D129/><U31/><E126/><V99/><F30/><W111/><G19/><T13/><D1/><U114/><E114/><V118/><F118/><W23/><G27/><T32/><D32/><U36/><E31/><V26/><F26/><W134/><G134/><T117/><D117/><U52/><E122/><V66/><F66/><W113/><G111/><T103/><D41/><U2/><REACH who="1" step="1"/><E53/><REACH who="1" ten="214,294,212,270" step="2"/><V90/><F132/><W58/><G113/><T84/><D104/><U112/><E112/><V119/><F133/><W71/><G107/><T33/><D33/><U29/><E29/><V85/><F135/><W18/><G106/><T11/><D103/><U17/><E17/><V74/><F74/><W127/><G127/><T15/><D101/><U62/><E62/><V131/><F131/><W40/><G18/><T43/><D100/><U98/><E98/><V51/><F99/><W34/><G34/><T88/><D96/><U7/><E7/><V5/><F5/><W69/><G60/><T92/><D84/><U54/><E54/><N who="2" m="30007" /><F119/><W109/><G109/><T44/><D43/><U39/><E39/><V65/><F38/><W108/><G40/><T14/><D64/><U35/><E35/><V24/><F65/><W120/><G120/><T89/><D89/><AGARI ba="3,1" hai="2,6,10,36,37,45,50,52,55,56,63,86,89,94" machi="89" ten="40,12000,1" yaku="1,1,54,1,53,2" doraHai="72" doraHaiUra="48" who="1" fromWho="0" sc="214,-129,294,139,212,0,270,0" />
</Scene>
<Scene>
<INIT seed="1,4,0,4,0,108" ten="85,433,212,270" oya="1" hai0="116,13,90,31,40,96,84,47,105,12,6,106,95" hai1="51,113,101,127,124,54,97,10,103,122,110,89,73" hai2="34,43,131,132,20,79,21,58,57,27,41,35,60" hai3="123,68,83,81,11,111,38,118,29,115,107,98,56"/><U39/><E39/><V46/><F132/><W133/><G56/><T82/><D116/><U117/><E117/><V53/><F131/><W2/><G83/><T87/><D31/><U32/><E73/><V109/><F109/><W63/><G81/><T52/><D87/><U7/><E32/><V125/><F125/><W22/><G63/><T50/><D6/><U1/><E110/><V28/><F43/><W119/><G22/><T42/><D105/><U25/><E25/><V37/><F79/><W8/><G11/><T128/><D106/><U23/><E23/><V114/><F114/><W93/><G93/><T76/><REACH who="0" step="1"/><D128/><REACH who="0" ten="75,433,212,270" step="2"/><U65/><E7/><V85/><F85/><W15/><G29/><T17/><D17/><U100/><E124/><V99/><F35/><W92/><G107/><T4/><D4/><U26/><E127/><V86/><F86/><W18/><G18/><T75/><D75/><U64/><E1/><V104/><F104/><W134/><G2/><T70/><D70/><U16/><E16/><V9/><F99/><W3/><G98/><T69/><D69/><U59/><E97/><V88/><F34/><W14/><G119/><T36/><D36/><U130/><E130/><V78/><F37/><W66/><G38/><T94/><D94/><U102/><E102/><V71/><F71/><W77/><G68/><T49/><D49/><U24/><E100/><V112/><F28/><W135/><G135/><T62/><D62/><U30/><E101/><V33/><F60/><W80/><G134/><T19/><D19/><U126/><E30/><V67/><F33/><RYUUKYOKU ba="4,1" sc="75,30,433,-10,212,-10,270,-10" hai0="12,13,40,42,47,50,52,76,82,84,90,95,96" />
</Scene>
<Scene>
<INIT seed="2,5,1,2,1,66" ten="105,423,202,260" oya="2" hai0="79,105,56,14,45,24,108,15,13,2,61,77,89" hai1="40,113,64,33,72,55,91,74,120,131,103,99,92" hai2="114,82,112,130,126,121,34,134,9,37,59,0,30" hai3="36,48,22,93,32,68,3,86,51,109,135,1,90"/><V6/><F37/><W44/><G32/><T39/><D2/><U52/><E33/><V8/><F82/><W71/><G36/><T17/><D105/><U18/><E113/><N who="2" m="43627" /><F59/><W119/><G119/><T53/><D108/><U104/><E40/><V80/><F80/><W133/><G109/><T20/><D39/><U27/><E120/><V29/><F121/><W106/><G106/><T46/><REACH who="0" step="1"/><D89/><REACH who="0" ten="95,423,202,260" step="2"/><U107/><E104/><V49/><F134/><W110/><G110/><T84/><D84/><U54/><E91/><V60/><F130/><W62/><G1/><T35/><D35/><U11/><E107/><V101/><F34/><W111/><G3/><T128/><D128/><U117/><E131/><V5/><F126/><W4/><G111/><T26/><D26/><U70/><E117/><V25/><F25/><W57/><G135/><T63/><D63/><U21/><E74/><V115/><F60/><W132/><G62/><T42/><D42/><U76/><E72/><V129/><F115/><W78/><G133/><T127/><D127/><U31/><E27/><V122/><F129/><W81/><G132/><T96/><D96/><U10/><E99/><V19/><F122/><W118/><G118/><T94/><D94/><U124/><E92/><V100/><F0/><W16/><G93/><T58/><D58/><U12/><E124/><V41/><F41/><W7/><G90/><T116/><D116/><U85/><E85/><V98/><F98/><W28/><G86/><T38/><D38/><U23/><E103/><V65/><F100/><W102/><G102/><T97/><D97/><RYUUKYOKU ba="5,2" sc="95,30,423,-10,202,-10,260,-10" hai0="13,14,15,17,20,24,45,46,53,56,61,77,79" />
</Scene>
<Scene>
<INIT seed="3,6,2,5,2,99" ten="125,413,192,250" oya="3" hai0="77,60,0,1,73,87,88,120,49,109,2,56,42" hai1="126,84,97,47,118,58,48,100,4,19,40,67,130" hai2="89,123,22,13,79,3,70,64,122,116,112,65,74" hai3="107,124,119,135,133,29,26,35,50,110,54,101,46"/><W25/><G119/><T21/><D120/><N who="2" m="46122" /><F3/><W131/><G131/><T37/><D37/><U114/><E114/><V111/><F111/><W24/><G110/><T53/><D109/><U102/><E4/><V52/><F112/><W68/><G124/><T17/><D73/><U69/><E69/><V90/><F116/><W72/><G72/><T30/><D30/><U96/><E130/><V28/><F79/><W121/><G121/><T36/><D77/><U41/><E126/><V12/><F74/><W44/><G44/><T94/><D36/><U15/><E84/><V129/><F129/><W43/><G68/><T6/><D42/><U7/><E7/><V57/><F13/><W14/><G14/><N who="0" m="9399" /><D60/><N who="1" m="38295" /><E40/><V18/><F28/><W27/><REACH who="3" step="1"/><G43/><REACH who="3" ten="125,413,192,240" step="2"/><T83/><D83/><U33/><E118/><V55/><F70/><W117/><G117/><T59/><D59/><U61/><E15/><V16/><F57/><W23/><G23/><T75/><D75/><U5/><E47/><V98/><F22/><W132/><G132/><T85/><D85/><U31/><E41/><V34/><F12/><W128/><G128/><T71/><D71/><U38/><E33/><V81/><F34/><W82/><G82/><T32/><D6/><U106/><E5/><V66/><F81/><W76/><G76/><T80/><D80/><U103/><E38/><V91/><F98/><AGARI ba="6,3" hai="24,25,26,27,29,35,46,50,54,98,101,107,133,135" machi="98" ten="40,3900,0" yaku="1,1,52,1,53,0" doraHai="99" doraHaiUra="127" who="3" fromWho="2" sc="125,0,413,0,192,-57,240,87" />
</Scene>
<Scene>
<INIT seed="3,7,0,2,0,52" ten="125,413,135,327" oya="3" hai0="103,47,124,63,53,84,95,31,61,38,75,12,83" hai1="11,21,122,87,65,5,77,135,97,6,4,23,106" hai2="119,54,59,100,110,42,69,30,3,133,14,67,36" hai3="60,71,115,41,40,37,44,78,105,27,10,1,35"/><W0/><G115/><T112/><D112/><U118/><E122/><V22/><F3/><W127/><G127/><T56/><D124/><U25/><E135/><V98/><F119/><W28/><G41/><T66/><D75/><U17/><E118/><V51/><F110/><W74/><G10/><T85/><D31/><U9/><E65/><V109/><F109/><W19/><G19/><T125/><D125/><U126/><E126/><V20/><F133/><W81/><G105/><T39/><D12/><N who="1" m="9383" /><E97/><V130/><F130/><W50/><G50/><T57/><D47/><U13/><E106/><V96/><F30/><W121/><G121/><T113/><D113/><U99/><E99/><V93/><F14/><W82/><G82/><T62/><D62/><U86/><E77/><V46/><REACH who="2" step="1"/><F96/><REACH who="2" ten="125,413,125,327" step="2"/><W91/><G0/><T134/><D134/><U108/><E108/><V94/><F94/><W111/><G1/><T89/><REACH who="0" step="1"/><D103/><REACH who="0" ten="115,413,125,327" step="2"/><U49/><E6/><V132/><F132/><W24/><G111/><T26/><D26/><U7/><E25/><V129/><F129/><W16/><G27/><T45/><D45/><U48/><E7/><V15/><F15/><W76/><G24/><T70/><D70/><U90/><E5/><V73/><F73/><W107/><G74/><T58/><D58/><U104/><E13/><V55/><F55/><W2/><G28/><T72/><D72/><U117/><E4/><V120/><F120/><W64/><G71/><T131/><D131/><U29/><E29/><V101/><F101/><W123/><G123/><T8/><D8/><U18/><E9/><RYUUKYOKU ba="7,2" sc="115,15,413,-15,125,15,327,-15" hai0="38,39,53,56,57,61,63,66,83,84,85,89,95" hai2="20,22,36,42,46,51,54,59,67,69,93,98,100" />
</Scene>
<Scene>
<INIT seed="4,8,2,3,0,121" ten="130,398,140,312" oya="0" hai0="86,30,47,70,43,123,48,101,100,134,113,87,131" hai1="16,91,117,63,107,50,45,122,3,126,0,104,92" hai2="77,11,83,68,46,81,118,85,27,54,94,115,56" hai3="17,7,73,20,66,26,112,4,57,82,93,32,58"/><T49/><D123/><U31/><E117/><V106/><F68/><W76/><G112/><T25/><D70/><U65/><E122/><V19/><F106/><W24/><G93/><T111/><D113/><U67/><E31/><V8/><F115/><W21/><G32/><T103/><D134/><U2/><E126/><V64/><F118/><W36/><G36/><T130/><D49/><U97/><E16/><V29/><F64/><W59/><REACH who="3" step="1"/><G66/><REACH who="3" ten="130,398,140,302" step="2"/><T135/><D135/><U38/><E67/><V99/><F94/><W33/><G33/><N who="0" m="20687" /><D111/><U105/><E38/><V40/><F81/><W12/><G12/><T28/><D28/><AGARI ba="8,3" hai="4,7,17,20,21,24,26,28,57,58,59,73,76,82" machi="28" ten="40,2600,0" yaku="1,1,53,1" doraHai="121" doraHaiUra="14" who="3" fromWho="0" sc="130,-50,398,0,140,0,302,80" />
</Scene>
<Scene>
<INIT seed="5,0,0,2,0,122" ten="80,398,140,382" oya="1" hai0="64,55,41,77,116,79,51,114,9,59,73,85,36" hai1="90,94,130,78,15,8,103,87,17,92,83,107,0" hai2="45,106,28,24,69,22,32,110,30,42,126,108,19" hai3="35,43,132,76,80,31,68,57,1,121,49,124,104"/><U135/><E130/><V14/><F106/><W101/><G1/><T118/><D114/><U95/><E135/><V129/><F69/><W71/><G121/><T12/><D73/><U98/><REACH who="1" step="1"/><E0/><REACH who="1" ten="80,388,140,382" step="2"/><V99/><F129/><W125/><G132/><T47/><D118/><U96/><AGARI ba="0,1" hai="8,15,17,78,83,87,90,92,94,95,96,98,103,107" machi="96" ten="20,7800,0" yaku="1,1,2,1,0,1,7,1,53,0" doraHai="122" doraHaiUra="25" who="1" fromWho="1" sc="80,-26,388,88,140,-26,382,-26" />
</Scene>
<Scene>
<INIT seed="5,1,0,0,2,124" ten="54,476,114,356" oya="1" hai0="51,19,33,78,135,117,15,43,103,7,118,125,64" hai1="83,6,14,22,30,79,70,13,134,46,60,92,115" hai2="121,11,128,111,80,44,65,35,129,56,18,34,5" hai3="106,107,101,104,120,85,130,93,16,3,100,114,8"/><U86/><E115/><V75/><F111/><W84/><G3/><T88/><D33/><U97/><E134/><V112/><F121/><W109/><G109/><T96/><D125/><U39/><E39/><V36/><F18/><W45/><G45/><T20/><D135/><U77/><E46/><V87/><F112/><W49/><G49/><T73/><D64/><U38/><E38/><V99/><F99/><W26/><G114/><T53/><D43/><U72/><E70/><V69/><F69/><W23/><G8/><T28/><D28/><U52/><E72/><V98/><F98/><W25/><G120/><T123/><D7/><U102/><E79/><V40/><F75/><W61/><G61/><T54/><D123/><U0/><E0/><V74/><F74/><W113/><G113/><T10/><D10/><U94/><E92/><V31/><F56/><W9/><G9/><T68/><D68/><U132/><E6/><V37/><F65/><W48/><G48/><T110/><D110/><U41/><E41/><V126/><F36/><W12/><G93/><N who="0" m="56359" /><D103/><U108/><E132/><V42/><F42/><W29/><G101/><T55/><D51/><U58/><REACH who="1" step="1"/><E108/><REACH who="1" ten="54,466,114,356" step="2"/><V4/><F4/><W24/><G104/><T71/><D71/><U17/><E17/><V133/><F133/><W67/><G106/><T50/><D50/><U21/><E21/><V90/><F126/><W27/><G107/><T89/><D89/><U66/><E66/><V127/><F127/><W95/><G100/><T105/><D105/><U116/><E116/><V47/><F37/><W63/><G67/><RYUUKYOKU ba="1,1" sc="54,15,466,15,114,-15,356,-15" hai0="15,19,20,53,54,55,73,78,117,118" hai1="13,14,22,30,52,58,60,77,83,86,94,97,102" />
</Scene>
<Scene>
<INIT seed="5,2,1,5,3,102" ten="69,481,99,341" oya="1" hai0="67,14,134,85,83,92,30,3,118,17,73,65,74" hai1="58,49,123,40,32,12,129,25,36,133,21,91,16" hai2="128,48,96,117,80,44,35,79,131,106,89,42,103" hai3="46,61,51,71,56,111,125,13,19,126,75,114,1"/><U39/><E123/><V59/><F35/><W121/><G1/><T94/><D3/><U7/><E133/><V88/><F117/><W130/><G75/><T77/><D118/><U8/><E129/><N who="2" m="49739" /><F59/><W108/><G130/><T20/><D134/><U9/><E40/><V97/><F97/><W15/><G71/><T47/><D73/><AGARI ba="2,1" hai="42,44,48,73,79,80,88,89,96,103,106" m="49739" machi="73" ten="30,3900,0" yaku="19,1,52,1,54,1" doraHai="102" who="2" fromWho="0" sc="69,-45,481,0,99,55,341,0" />
</Scene>
<Scene>
<INIT seed="6,0,0,3,3,38" ten="24,481,154,341" oya="2" hai0="126,64,116,41,60,8,97,111,49,125,113,36,39" hai1="18,81,121,119,71,108,50,86,57,120,19,134,61" hai2="34,94,22,13,78,51,24,105,55,127,88,79,72" hai3="53,46,35,70,54,15,16,100,14,115,66,43,74"/><V75/><F105/><W37/><G35/><T10/><D10/><U21/><E108/><V42/><F34/><W63/><G74/><T30/><D30/><U107/><E107/><V131/><F131/><W112/><G100/><T26/><D26/><U123/><E134/><V3/><F3/><W59/><G14/><T56/><D8/><U25/><E119/><V48/><F13/><W87/><G87/><T52/><D97/><U69/><E19/><V2/><F2/><W124/><G124/><N who="0" m="47723" /><D111/><U0/><E50/><V6/><F6/><W12/><G12/><T23/><D23/><U104/><E104/><V1/><F1/><W32/><G32/><T129/><D113/><N who="3" m="43593" /><G70/><N who="0" m="42247" /><D129/><U65/><E0/><V11/><F11/><AGARI ba="0,0" hai="11,15,16,37,43,46,53,54,59,63,66" m="43593" machi="11" ten="30,7700,0" yaku="15,1,11,1,52,1,54,1" doraHai="38" who="3" fromWho="2" sc="24,0,481,0,154,-77,341,77" />
</Scene>
<Scene>
<INIT seed="7,0,0,1,2,105" ten="24,481,77,418" oya="3" hai0="127,29,69,33,39,119,70,42,122,23,62,17,22" hai1="16,104,50,134,91,117,92,135,9,68,18,0,19" hai2="51,2,26,126,133,129,85,106,20,6,125,59,54" hai3="80,75,40,110,86,87,1,81,95,132,34,8,97"/><W82/><G34/><T112/><D122/><U27/><E104/><V45/><F106/><W11/><G132/><N who="1" m="50730" /><E117/><V100/><F133/><W32/><G32/><T4/><D4/><N who="1" m="1159" /><E68/><V120/><F129/><W35/><G35/><T71/><D119/><U115/><E115/><V53/><F120/><W48/><G110/><T21/><D112/><U130/><E50/><V128/><F128/><W58/><G75/><T72/><D127/><N who="2" m="48650" /><F100/><W131/><G131/><T25/><D62/><U111/><E111/><V60/><F85/><N who="3" m="32267" /><G1/><T98/><D98/><N who="1" m="57631" /><E130/><V78/><F78/><W38/><G38/><T13/><D39/><U83/><E83/><N who="3" m="21250" /><W49/><DORA hai="114" /><G49/><T65/><D65/><U107/><E107/><V124/><F124/><W61/><G48/><T63/><D63/><U24/><AGARI ba="0,0" hai="16,18,19,24,27" m="57631,1159,50730" machi="24" ten="40,2700,0" yaku="20,1,54,1" doraHai="105,114" who="1" fromWho="1" sc="24,-7,481,27,77,-7,418,-13" owari="17,-48.0,508,60.0,70,-33.0,405,21.0" />
</Scene>
</mjloggm>