<mjloggm ver="2.3"><GO type="169" lobby="0"/><UN n0="%E3%81%86%E3%81%83%E3%83%BC%E3%81%A1%E3%82%83%E3%82%93" n1="%7A%61%63%63" n2="%E5%A4%AA%E3%81%8F%E3%81%AA%E3%81%84%E3%81%8A" n3="%E6%B0%B7%E6%9F%B1" dan="18,17,18,17" rate="2279.57,2201.36,2319.75,2174.67" sx="M,F,M,M"/><TAIKYOKU oya="0"/>

<Scene>
<INIT seed="0,0,0,2,2,29" ten="250,250,250,250" oya="0" hai0="15,53,24,132,11,84,117,123,68,69,0,111,70" hai1="87,93,110,99,30,50,4,18,79,32,2,126,71" hai2="135,59,3,107,37,76,62,96,118,45,49,13,94" hai3="35,77,103,128,78,127,40,112,63,102,86,67,83"/><T101/><D117/><U22/><E71/><V25/><F3/><W121/><G112/><T64/><D0/><U109/><E126/><V85/><F107/><W31/><G127/><T114/><D114/><U20/><E4/><V116/><F37/><W119/><G119/><T26/><D123/><U125/><E125/><V106/><F106/><W47/><G128/><T36/><D36/><U74/><E74/><V95/><F135/><W133/><G133/><T12/><D132/><U43/><E87/><V65/><F95/><W14/><G78/><T90/><D101/><U51/><E79/><V55/><F13/><W6/><G31/><T89/><D64/><U80/><E80/><V1/><F1/><W81/><G81/><T108/><D53/><U120/><E43/><V5/><F5/><W72/><G72/><T28/><D28/><U91/><E22/><V134/><F134/><W38/><G35/><T130/><D84/><U9/><E9/><V46/><F25/><N who="0" m="9834" /><D11/><U61/><E30/><V129/><F116/><W19/><G6/><T113/><D130/><U82/><E32/><V16/><F129/><W52/><G121/><T39/><D39/><U75/><E2/><V41/><F118/><W122/><G122/><T33/><D33/><U58/><E75/><V124/><F124/><W60/><G67/><T34/><D34/><U73/><E73/><V44/><F65/><W7/><G7/><T92/><D113/><U10/><E120/><V57/><F16/><W115/><G115/><T66/><D66/><U98/><E18/><V88/><F59/><N who="3" m="34919" /><G63/><T48/><D70/><RYUUKYOKU ba="0,0" sc="250,-15,250,-15,250,15,250,15" hai2="41,44,45,46,49,55,57,62,76,85,88,94,96" hai3="14,19,38,40,47,77,83,86,102,103" />
</Scene>
<Scene>
<INIT seed="1,1,0,0,2,69" ten="235,235,265,265" oya="1" hai0="34,124,12,75,111,91,3,121,9,40,5,0,30" hai1="117,96,97,95,1,19,114,107,129,112,65,7,81" hai2="24,59,70,17,110,85,83,102,130,99,38,116,94" hai3="89,47,66,21,32,68,90,52,48,14,127,58,56"/><U18/><E117/><V64/><F116/><W63/><G32/><T78/><D111/><U28/><E28/><V20/><F110/><W132/><G127/><T77/><D124/><U103/><E65/><V123/><F123/><W61/><G132/><T115/><D115/><U86/><E129/><V39/><F70/><W42/><REACH who="3" step="1"/><G68/><REACH who="3" ten="235,235,265,255" step="2"/><T10/><D34/><U87/><E114/><V53/><F130/><W26/><G26/><T119/><D119/><U73/><E112/><V22/><F64/><W27/><G27/><T51/><D121/><U67/><E67/><V100/><F22/><W36/><G36/><T46/><D30/><U72/><E1/><V92/><F39/><W135/><G135/><T6/><D3/><U104/><E7/><V60/><F38/><W122/><G122/><T84/><REACH who="0" step="1"/><D75/><REACH who="0" ten="225,235,265,255" step="2"/><U101/><E18/><AGARI ba="1,2" hai="14,18,21,42,47,48,52,56,58,61,63,66,89,90" machi="18" ten="40,5200,0" yaku="1,1,8,1,54,1,53,0" doraHai="69" doraHaiUra="76" who="3" fromWho="1" sc="225,0,235,-55,265,0,255,75" />
</Scene>
<Scene>
<INIT seed="2,0,0,0,4,47" ten="225,180,265,330" oya="2" hai0="3,78,2,92,131,119,30,59,12,114,17,82,58" hai1="7,122,111,42,115,52,130,113,126,19,110,8,81" hai2="24,97,79,66,118,36,44,65,88,25,49,121,95" hai3="29,46,90,132,87,21,77,1,86,85,55,53,37"/><V40/><F118/><W72/><G1/><T109/><D114/><U134/><E42/><V99/><F121/><W74/><G132/><T107/><D107/><U70/><E70/><V10/><F79/><W135/><G135/><T68/><D68/><U18/><E134/><V51/><F10/><W14/><G77/><T84/><D119/><U127/><E81/><V106/><F106/><W0/><G0/><T98/><D109/><N who="1" m="41483" /><E130/><V108/><F108/><W67/><G67/><N who="2" m="25609" /><F36/><W94/><G74/><T9/><D131/><U105/><E105/><V89/><F51/><N who="3" m="28919" /><G72/><T117/><D2/><N who="1" m="119" /><E52/><V16/><F16/><N who="1" m="6185" /><E122/><V104/><F104/><W62/><G37/><T15/><D117/><U76/><E76/><V133/><F133/><W41/><G41/><T43/><D43/><U96/><E96/><N who="2" m="36939" /><F89/><W69/><G69/><T101/><D78/><U31/><E31/><V124/><F124/><AGARI ba="0,0" hai="113,115,124,126,127" m="6185,119,41483" machi="124" ten="30,8000,1" yaku="18,1,14,1,34,2,54,1" doraHai="47" who="1" fromWho="2" sc="225,0,180,80,265,-80,330,0" />
</Scene>
<Scene>
<INIT seed="3,0,0,3,2,132" ten="225,260,185,330" oya="3" hai0="122,125,78,106,77,30,60,13,128,12,55,103,108" hai1="43,82,126,93,40,90,42,1,115,41,113,50,36" hai2="26,46,87,114,35,59,129,29,131,134,73,49,65" hai3="130,20,76,81,53,22,100,63,17,111,14,9,68"/><W97/><G111/><T121/><D30/><U58/><E1/><V85/><F73/><W34/><G34/><T37/><D37/><U7/><E7/><V6/><F114/><W32/><G32/><T72/><D60/><U19/><E82/><V88/><F134/><W10/><G68/><T84/><D55/><U104/><E104/><V127/><F6/><W56/><G22/><T83/><D13/><U66/><E19/><V3/><F3/><W133/><G130/><N who="2" m="49673" /><F85/><W33/><G33/><T101/><D12/><U15/><E15/><V45/><F127/><W70/><G70/><T38/><D38/><U11/><E11/><V16/><F16/><W91/><G91/><T107/><D128/><U18/><E18/><V51/><F65/><W21/><G10/><T69/><D125/><U98/><E126/><V135/><F135/><W80/><G133/><T112/><D112/><U48/><E36/><V47/><F59/><W94/><REACH who="3" step="1"/><G81/><AGARI ba="0,0" hai="26,29,35,45,46,47,49,51,81,87,88" m="49673" machi="81" ten="30,2000,0" yaku="19,1,54,1" doraHai="132" who="2" fromWho="3" sc="225,0,260,0,185,20,330,-20" />
</Scene>
<Scene>
<INIT seed="4,0,0,1,2,115" ten="225,260,205,310" oya="0" hai0="120,95,27,32,134,99,125,24,21,68,34,126,44" hai1="83,101,135,56,109,105,108,107,75,41,33,40,129" hai2="90,13,82,66,69,118,131,52,94,87,92,132,38" hai3="57,133,127,53,25,130,64,12,91,28,81,37,26"/><T112/><D68/><U0/><E33/><V116/><F38/><W96/><G37/><T11/><D120/><U50/><E0/><V23/><F132/><W102/><G133/><T104/><D104/><U46/><E135/><V20/><F131/><W111/><G111/><N who="1" m="42570" /><E101/><V19/><F20/><W76/><G91/><T98/><D112/><U70/><E75/><V49/><F66/><W36/><G36/><T54/><D134/><U84/><E84/><V60/><F60/><W8/><G64/><T55/><D21/><U3/><E3/><V103/><F69/><W72/><G127/><T4/><D11/><U71/><E83/><V78/><F103/><W62/><G28/><T117/><D95/><U31/><E31/><V7/><F7/><W22/><G22/><T121/><D4/><U35/><E105/><V77/><F92/><W100/><G130/><T30/><D30/><U86/><E86/><V122/><F122/><W39/><G39/><T74/><D74/><U65/><E107/><V123/><F123/><W45/><G102/><T67/><D121/><U114/><E35/><V124/><F124/><W59/><G26/><T93/><D93/><U119/><E40/><V80/><F80/><W1/><G25/><T17/><D34/><U43/><E129/><V106/><F106/><N who="3" m="63751" /><G1/><T73/><D32/><U10/><E41/><V89/><F89/><W110/><G110/><T97/><D126/><U58/><E114/><V79/><REACH who="2" step="1"/><F82/><REACH who="2" ten="225,260,195,310" step="2"/><W16/><G62/><T29/><D125/><U85/><E70/><V18/><F18/><W15/><G81/><T2/><D17/><RYUUKYOKU ba="0,1" sc="225,-10,260,-10,195,30,310,-10" hai2="13,19,23,49,52,77,78,79,87,90,94,116,118" />
</Scene>
<Scene>
<INIT seed="5,1,1,1,1,134" ten="215,250,225,300" oya="1" hai0="107,33,66,117,40,108,23,129,41,83,22,61,131" hai1="84,103,32,102,52,77,8,76,86,92,6,69,30" hai2="11,10,1,97,133,67,90,112,71,87,53,29,118" hai3="94,49,80,16,14,105,79,111,73,78,101,55,93"/><U114/><E69/><V96/><F118/><W34/><G111/><T56/><D107/><U64/><E32/><V60/><F133/><W95/><G34/><T18/><D33/><U121/><E64/><V120/><F120/><W46/><G79/><N who="1" m="30282" /><E30/><V51/><F29/><W19/><REACH who="3" step="1"/><G14/><REACH who="3" ten="215,250,225,290" step="2"/><T88/><D108/><U110/><E110/><V123/><F123/><W13/><G13/><T82/><D117/><U45/><E121/><V122/><F122/><W72/><G72/><T3/><D3/><U27/><E6/><V5/><F112/><W89/><G89/><T124/><D88/><N who="1" m="53255" /><E114/><V115/><F115/><W24/><G24/><T50/><D131/><U39/><E27/><V75/><F75/><W38/><G38/><T65/><D129/><U104/><E39/><V54/><F1/><W128/><G128/><T63/><D82/><U119/><E119/><V20/><F5/><W37/><G37/><T36/><D83/><U127/><E103/><V132/><F132/><W35/><G35/><T7/><D7/><U4/><E4/><V59/><F90/><W43/><G43/><T0/><D40/><U100/><E100/><V109/><F109/><W70/><G70/><T15/><D0/><U106/><E102/><V91/><F91/><W25/><G25/><T47/><D36/><U98/><E104/><V74/><F74/><W9/><G9/><N who="2" m="3081" /><F87/><W21/><G21/><T135/><D23/><U85/><E8/><V28/><F20/><W48/><G48/><T57/><D135/><U17/><E106/><V81/><F71/><W31/><G31/><T116/><D116/><RYUUKYOKU ba="1,2" sc="215,15,250,-15,225,-15,290,15" hai0="15,18,22,41,47,50,56,57,61,63,65,66,124" hai3="16,19,46,49,55,73,78,80,93,94,95,101,105" />
</Scene>
<Scene>
<INIT seed="6,2,2,0,5,85" ten="230,235,210,305" oya="2" hai0="72,114,18,22,63,102,67,99,21,131,120,6,106" hai1="3,74,82,78,64,0,135,93,95,88,39,14,62" hai2="33,10,20,112,101,133,91,48,117,129,94,84,50" hai3="8,118,77,51,23,30,128,75,90,58,69,123,79"/><V9/><F33/><W59/><G118/><T116/><D120/><U81/><E39/><V70/><F117/><W83/><G123/><T110/><D116/><U54/><E95/><V16/><F70/><W45/><G69/><T71/><D131/><U11/><E82/><V36/><F36/><W86/><G8/><N who="2" m="3177" /><F129/><W121/><G121/><T119/><D119/><U2/><E135/><V127/><F133/><W61/><G128/><T17/><D72/><U87/><E54/><V37/><F37/><W65/><G59/><T1/><D114/><U25/><E25/><N who="2" m="14471" /><F112/><W66/><G66/><T41/><D6/><U76/><E76/><V115/><F115/><W46/><G46/><T28/><D1/><U124/><E124/><V108/><F127/><W56/><G56/><T89/><D71/><U60/><REACH who="1" step="1"/><E64/><REACH who="1" ten="230,225,210,305" step="2"/><V19/><F108/><W49/><G75/><T132/><D67/><U68/><E68/><V111/><F111/><W5/><G5/><AGARI ba="2,3" hai="0,2,3,5,11,14,60,62,74,78,81,87,88,93" machi="5" ten="40,5200,0" yaku="1,1,52,1,54,1,53,0" doraHai="85" doraHaiUra="26" who="1" fromWho="3" sc="230,0,225,88,210,0,305,-58" />
</Scene>
<Scene>
<INIT seed="7,0,0,4,3,112" ten="230,313,210,247" oya="3" hai0="128,59,134,38,123,51,102,129,8,4,104,32,53" hai1="96,43,115,17,24,78,48,135,64,88,22,63,75" hai2="30,99,13,49,14,131,42,73,84,21,40,79,9" hai3="66,87,20,62,29,98,52,109,54,18,25,36,107"/><W126/><G36/><T45/><D123/><U82/><E135/><V65/><F73/><W74/><G74/><T124/><D32/><U114/><E43/><V101/><F131/><W130/><G130/><N who="0" m="50283" /><D134/><U69/><E48/><V33/><F33/><N who="3" m="20655" /><G87/><T1/><D124/><U95/><AGARI ba="0,0" hai="17,22,24,63,64,69,75,78,82,88,95,96,114,115" machi="95" ten="30,2000,0" yaku="0,1,54,1" doraHai="112" who="1" fromWho="1" sc="230,-5,313,20,210,-5,247,-10" owari="225,-17.0,333,42.0,205,-29.0,237,4.0" />
</Scene>
</mjloggm>