<mjloggm ver="2.3"><GO type="169" lobby="0"/><UN n0="%E8%B1%86%E7%89%B9%EF%BC%A0%E6%B2%B3%E6%9D%91%E8%BB%8D%E5%9B%A3" n1="%E5%A4%AA%E3%81%8F%E3%81%AA%E3%81%84%E3%81%8A" n2="%66%61%62%65%72%67%65" n3="%E3%81%86%E3%82%8B%E3%81%95%E3%81%84%E3%81%AF%E8%A4%92%E3%82%81%E8%A9%9E" dan="18,18,17,17" rate="2219.11,2262.01,2106.07,2099.72" sx="M,F,F,M"/><TAIKYOKU oya="0"/>

<Scene>
<INIT seed="0,0,0,2,2,30" ten="250,250,250,250" oya="0" hai0="63,85,50,79,110,126,34,83,32,2,60,38,76" hai1="31,115,35,5,119,108,123,47,52,44,62,49,22" hai2="26,69,122,59,105,18,20,41,58,117,130,100,101" hai3="65,24,61,43,114,93,66,91,84,16,99,127,64"/><T42/><D2/><U14/><E119/><V90/><F69/><W13/><G114/><T80/><D38/><U56/><E123/><V89/><F122/><W98/><G127/><T96/><D126/><U7/><E115/><V36/><F117/><W57/><G43/><T107/><D110/><U45/><E108/><V135/><F135/><W75/><G24/><T54/><D42/><U95/><E35/><V97/><F101/><W132/><G75/><T25/><D25/><N who="1" m="16823" /><E95/><V1/><F1/><W39/><G39/><T106/><D106/><U87/><E87/><V29/><F130/><W102/><G132/><T9/><D9/><N who="1" m="4399" /><E7/><V37/><F18/><W46/><G46/><T81/><D81/><U92/><E92/><V4/><F4/><W82/><REACH who="3" step="1"/><G99/><REACH who="3" ten="250,250,250,240" step="2"/><T10/><D96/><U134/><E134/><V129/><F37/><W11/><AGARI ba="0,1" hai="11,13,16,57,61,64,65,66,82,84,91,93,98,102" machi="11" ten="20,12000,2" yaku="1,1,2,1,0,1,7,1,8,1,54,1,53,0" doraHai="30" doraHaiUra="67" who="3" fromWho="3" sc="250,-60,250,-30,250,-30,240,130" />
</Scene>
<Scene>
<INIT seed="1,0,0,3,1,100" ten="190,220,220,370" oya="1" hai0="28,44,84,38,32,65,132,113,80,87,45,8,70" hai1="56,72,108,67,88,61,125,48,77,90,112,29,105" hai2="19,110,131,104,12,133,73,129,14,81,63,86,76" hai3="24,82,18,109,59,57,93,98,68,27,128,34,75"/><U3/><E112/><V134/><F110/><W13/><G68/><T23/><D113/><U50/><E3/><V97/><F63/><W39/><G39/><T83/><D32/><U117/><E117/><V101/><F73/><W2/><G2/><T124/><D132/><N who="2" m="50794" /><F14/><W7/><G34/><T4/><D124/><U130/><E125/><V42/><F42/><W126/><G128/><N who="2" m="49225" /><F12/><W62/><G126/><T37/><D65/><U99/><E130/><V120/><F19/><W60/><G7/><T22/><D70/><U0/><E0/><V1/><F1/><W36/><G109/><T51/><D51/><U123/><E108/><V58/><F58/><W64/><G36/><T114/><D28/><U102/><E123/><AGARI ba="0,0" hai="76,81,86,97,101,104,120,123" m="49225,50794" machi="123" ten="30,8000,1" yaku="20,1,19,1,34,2,52,1" doraHai="100" who="2" fromWho="1" sc="190,0,220,-80,220,80,370,0" />
</Scene>
<Scene>
<INIT seed="2,0,0,4,0,105" ten="190,140,300,370" oya="2" hai0="63,76,66,132,41,87,118,73,2,15,96,109,30" hai1="108,93,0,9,35,17,65,37,85,97,124,130,21" hai2="71,26,127,20,47,1,43,45,32,92,107,29,5" hai3="36,24,128,64,134,8,12,90,18,86,48,46,51"/><V54/><F107/><W133/><G64/><T78/><D2/><U57/><E37/><V27/><F71/><W99/><G99/><T94/><D109/><U42/><E35/><V100/><F127/><W111/><G128/><T16/><D132/><N who="3" m="50793" /><G111/><T125/><D125/><U69/><E124/><V19/><F54/><W115/><G115/><T131/><D131/><U50/><E108/><V102/><F92/><N who="3" m="54359" /><G24/><T6/><D118/><U61/><E130/><V31/><F31/><W116/><G116/><T122/><D30/><U60/><E85/><V91/><F91/><W89/><G89/><T52/><D41/><AGARI ba="0,0" hai="8,12,18,36,41,46,48,51" m="54359,50793" machi="41" ten="30,1000,0" yaku="20,1" doraHai="105" who="3" fromWho="0" sc="190,-10,140,0,300,0,370,10" />
</Scene>
<Scene>
<INIT seed="3,0,0,0,2,10" ten="180,140,300,380" oya="3" hai0="54,109,48,1,85,131,105,63,4,60,95,98,104" hai1="42,117,103,8,32,129,101,130,111,86,133,69,43" hai2="68,17,110,50,91,38,78,6,31,124,7,14,125" hai3="72,58,49,102,30,55,122,99,80,71,15,90,107"/><W96/><G71/><T112/><D109/><U92/><E32/><V19/><F38/><W135/><G135/><T66/><D131/><N who="1" m="50187" /><E69/><V123/><F68/><W77/><G122/><T89/><D112/><U56/><E111/><V62/><F62/><W94/><G30/><T114/><D114/><U120/><E120/><V88/><F110/><W67/><G67/><T119/><D119/><U22/><E133/><V26/><F78/><W76/><G80/><T11/><D66/><U73/><E73/><V74/><F74/><W127/><G127/><N who="2" m="48713" /><F50/><W45/><G72/><T20/><D20/><U134/><E134/><V53/><F53/><W65/><G65/><T41/><D41/><N who="1" m="15371" /><E56/><V44/><F44/><W100/><G58/><T34/><D34/><U118/><E22/><N who="2" m="11575" /><F123/><W128/><G128/><T83/><D63/><U82/><E118/><V46/><F46/><W29/><G77/><T39/><D60/><U33/><E117/><V52/><F52/><W132/><G76/><T3/><D39/><U70/><E70/><V115/><F115/><W108/><G108/><T5/><D48/><U16/><E82/><V24/><F19/><W37/><G37/><T81/><D54/><U27/><E16/><V21/><F26/><W79/><G79/><T126/><D126/><U121/><E121/><V106/><F106/><W87/><G132/><T59/><D59/><U0/><E27/><V35/><F35/><W47/><G45/><T75/><D75/><U64/><E33/><V25/><F24/><W18/><G29/><T97/><D81/><U2/><E64/><V116/><F116/><RYUUKYOKU ba="0,0" sc="180,-10,140,-10,300,30,380,-10" hai2="6,7,21,25,31,88,91" />
</Scene>
<Scene>
<INIT seed="4,1,0,1,0,72" ten="170,130,330,370" oya="0" hai0="67,68,37,123,74,51,130,6,119,64,36,9,31" hai1="125,71,86,88,106,23,133,102,47,50,122,91,45" hai2="28,54,121,0,61,21,101,135,56,3,25,127,92" hai3="29,84,115,55,69,97,62,15,120,43,60,30,110"/><T114/><D123/><U53/><E122/><V100/><F121/><W48/><G115/><T99/><D119/><U129/><E71/><V42/><F127/><W73/><G73/><T76/><D114/><U16/><E125/><V117/><F117/><W59/><G110/><T116/><D116/><U17/><E133/><V104/><F135/><W33/><G33/><T95/><D130/><U18/><E129/><V46/><F104/><W26/><G26/><T124/><D31/><N who="3" m="11785" /><G43/><T27/><D27/><U85/><E106/><V24/><F25/><W109/><G69/><T75/><D75/><U131/><E102/><V20/><F20/><W107/><G107/><T12/><D124/><U80/><E131/><V14/><F14/><W77/><G97/><T2/><D2/><U22/><REACH who="1" step="1"/><E47/><REACH who="1" ten="170,120,330,370" step="2"/><V44/><F44/><W93/><G120/><T89/><D68/><U82/><AGARI ba="1,1" hai="16,17,18,22,23,45,50,53,80,82,85,86,88,91" machi="82" ten="30,12000,2" yaku="1,1,2,1,0,1,9,1,8,1,54,2,53,0" doraHai="72" doraHaiUra="65" who="1" fromWho="1" sc="170,-61,120,133,330,-31,370,-31" />
</Scene>
<Scene>
<INIT seed="5,0,0,2,5,45" ten="109,253,299,339" oya="1" hai0="17,53,29,19,76,80,130,63,41,112,22,118,119" hai1="23,66,47,95,96,60,30,124,67,50,94,49,126" hai2="105,48,133,58,134,44,36,92,1,90,71,84,113" hai3="82,104,108,109,79,123,102,42,11,13,115,56,59"/><U97/><E23/><V28/><F71/><W70/><G70/><T34/><D130/><U32/><E30/><V2/><F105/><W15/><G42/><T37/><D112/><U99/><E32/><V16/><F113/><W24/><G24/><T111/><D111/><U20/><E20/><V88/><F28/><W101/><G115/><T18/><D34/><U39/><E39/><V122/><F122/><W25/><G25/><T114/><D114/><U74/><E74/><V106/><F106/><W129/><G129/><T4/><D4/><U55/><E50/><V93/><F58/><W8/><G123/><T26/><D41/><U0/><E0/><V51/><F16/><W64/><G104/><T40/><D40/><U6/><E6/><V52/><F36/><W54/><G108/><T21/><D37/><U107/><E107/><V10/><F51/><W33/><G33/><T43/><D43/><U117/><E117/><V35/><F35/><W14/><G109/><T77/><D22/><U125/><REACH who="1" step="1"/><E67/><REACH who="1" ten="109,243,299,339" step="2"/><V62/><F62/><W131/><G64/><T91/><D119/><U38/><E38/><V5/><REACH who="2" step="1"/><F2/><REACH who="2" ten="109,243,289,339" step="2"/><W121/><G131/><T87/><D118/><U7/><E7/><V31/><F31/><W135/><G121/><T27/><D27/><U12/><E12/><V72/><F72/><W61/><G14/><T120/><D120/><U78/><E78/><V100/><F100/><W57/><G101/><T132/><D132/><U103/><E103/><V3/><F3/><W75/><G102/><T81/><D77/><U9/><E9/><N who="3" m="3658" /><G135/><T86/><D63/><RYUUKYOKU ba="0,2" sc="109,0,243,0,289,0,339,0" hai0="17,18,19,21,26,29,53,76,80,81,86,87,91" hai1="47,49,55,60,66,94,95,96,97,99,124,125,126" hai2="1,5,10,44,48,52,84,88,90,92,93,133,134" hai3="13,15,54,56,57,59,61,75,79,82" />
</Scene>
<Scene>
<INIT seed="5,1,2,2,5,2" ten="109,243,289,339" oya="1" hai0="87,16,1,126,8,86,6,29,30,55,134,13,35" hai1="74,115,34,135,106,127,54,66,57,42,43,24,114" hai2="26,27,83,48,64,17,68,94,99,133,93,97,18" hai3="21,107,10,3,72,53,79,47,130,56,105,0,75"/><U96/><E74/><V11/><F133/><W89/><G130/><T19/><D134/><U90/><E135/><V65/><F83/><W15/><G3/><T117/><D117/><U59/><E127/><V58/><F68/><W131/><G131/><T81/><D126/><U102/><E90/><N who="2" m="55479" /><F48/><W33/><G33/><T28/><D35/><U85/><E85/><V50/><F50/><W111/><G111/><T88/><D1/><U121/><E121/><V120/><F120/><W22/><G0/><T100/><D100/><U61/><E57/><V124/><F124/><W44/><G75/><T112/><D112/><N who="1" m="43051" /><E54/><V37/><F37/><W70/><G70/><T31/><N who="0" m="7168" /><DORA hai="52" /><T40/><D40/><N who="1" m="15403" /><E34/><V110/><F110/><W91/><G79/><N who="0" m="46399" /><D55/><N who="1" m="34047" /><E24/><V63/><F65/><AGARI ba="1,2" hai="65,66,96,102,106" m="34047,15403,43051" machi="65" ten="30,2900,0" yaku="15,1,52,1" doraHai="2,52" who="1" fromWho="2" sc="109,0,243,52,289,-32,339,0" />
</Scene>
<Scene>
<INIT seed="5,2,0,5,5,120" ten="109,295,257,339" oya="1" hai0="85,39,3,116,0,31,103,1,72,76,6,15,97" hai1="74,63,22,125,118,46,123,84,21,101,34,91,11" hai2="18,107,128,38,112,27,57,47,89,17,69,126,55" hai3="104,130,133,88,26,115,117,82,96,83,93,122,49"/><U44/><E74/><V135/><F69/><W35/><G122/><T100/><D116/><U68/><E123/><V67/><F107/><W40/><G115/><T54/><D72/><U59/><E34/><V12/><F112/><W56/><G104/><T50/><D39/><U113/><E113/><V131/><F135/><W62/><G133/><T4/><D31/><U134/><E134/><V79/><F79/><W36/><G36/><T43/><D43/><U81/><E68/><V119/><F119/><W66/><G130/><N who="2" m="49705" /><F126/><W9/><G117/><T77/><D85/><U16/><E101/><V70/><F89/><W106/><G106/><T41/><D41/><U10/><E21/><V24/><F47/><N who="1" m="17961" /><E125/><V51/><F38/><W7/><G26/><N who="2" m="9769" /><F12/><N who="3" m="5183" /><G35/><T23/><D3/><U53/><E118/><V121/><F121/><W42/><G42/><T33/><D33/><U127/><E127/><V14/><F14/><AGARI ba="2,0" hai="10,11,14,16,22,53,59,63,81,84,91" m="17961" machi="14" ten="30,2900,0" yaku="8,1,54,1" doraHai="120" who="1" fromWho="2" sc="109,0,295,35,257,-35,339,0" />
</Scene>
<Scene>
<INIT seed="5,3,0,4,0,72" ten="109,330,222,339" oya="1" hai0="69,59,35,94,89,121,20,10,7,103,52,29,122" hai1="50,97,63,79,132,40,44,33,80,127,64,81,18" hai2="46,15,112,123,61,58,90,47,85,70,48,104,128" hai3="21,95,49,53,124,11,43,39,13,54,73,102,8"/><U2/><E2/><V100/><F123/><W120/><G73/><T25/><D69/><U60/><E33/><V107/><F128/><W77/><G39/><T113/><D113/><U24/><E127/><V42/><F112/><W111/><G111/><T71/><D71/><U117/><E117/><V1/><F1/><W22/><G124/><T82/><D103/><U6/><E132/><V32/><F32/><W34/><G34/><T135/><D135/><U56/><E6/><V130/><F130/><W68/><G68/><T57/><D35/><U129/><E129/><V9/><F70/><W66/><G66/><T5/><D82/><U78/><E63/><V91/><F47/><N who="3" m="25855" /><G77/><N who="1" m="29194" /><E97/><V27/><F61/><W37/><G37/><T133/><D133/><U3/><E3/><V110/><F107/><W31/><G120/><T93/><D121/><U87/><E87/><V116/><F85/><W45/><G45/><T16/><D122/><U23/><AGARI ba="3,0" hai="18,23,24,40,44,50,56,60,64,80,81" m="29194" machi="23" ten="30,11700,0" yaku="8,1,52,3" doraHai="72" who="1" fromWho="1" sc="109,-42,330,126,222,-42,339,-42" />
</Scene>
<Scene>
<INIT seed="5,4,0,1,1,124" ten="67,456,180,297" oya="1" hai0="21,43,25,35,115,22,70,7,87,90,58,93,108" hai1="9,97,72,0,60,123,34,32,100,133,101,2,109" hai2="128,79,49,37,4,59,11,98,82,105,57,110,28" hai3="12,16,47,116,20,91,122,19,55,66,81,24,10"/><U41/><E123/><V107/><F37/><W126/><G126/><T38/><D70/><U67/><E72/><V85/><F110/><W76/><G116/><T6/><D108/><U132/><E41/><V62/><F28/><W61/><G122/><T36/><D35/><N who="1" m="13355" /><E109/><V18/><F128/><W52/><G91/><T130/><D115/><U121/><E121/><V88/><F18/><W26/><G47/><T75/><D75/><U112/><E112/><V3/><F49/><W89/><G89/><T13/><D130/><U120/><E120/><V45/><F45/><W27/><G27/><T135/><D135/><N who="1" m="51787" /><E9/><V54/><REACH who="2" step="1"/><F59/><REACH who="2" ten="67,456,170,297" step="2"/><W31/><G31/><T129/><D58/><N who="1" m="37271" /><E101/><V111/><F111/><W1/><G26/><T63/><D25/><U23/><E23/><V29/><F29/><W94/><G20/><T17/><D22/><U118/><E118/><V5/><F5/><W114/><G24/><T44/><D6/><U92/><AGARI ba="4,1" hai="0,2,92,97,100" m="37271,51787,13355" machi="92" ten="30,1500,0" yaku="20,1" doraHai="124" who="1" fromWho="1" sc="67,-9,456,37,170,-9,297,-9" />
</Scene>
<Scene>
<INIT seed="5,5,0,5,1,32" ten="58,493,161,288" oya="1" hai0="127,92,106,19,122,40,38,80,78,97,24,116,6" hai1="55,14,63,109,124,27,54,70,3,98,4,25,20" hai2="66,16,13,72,76,18,11,117,10,133,77,101,1" hai3="103,89,51,112,71,2,36,73,123,39,81,33,82"/><U0/><E98/><V9/><F117/><W60/><G51/><T30/><D116/><U121/><E121/><V17/><F133/><W37/><G89/><T58/><D122/><U120/><E120/><V49/><F101/><W62/><G123/><T132/><D132/><U7/><E14/><V57/><F1/><W41/><G33/><T115/><D115/><U42/><E42/><V50/><F13/><W86/><G41/><T64/><D106/><U22/><E63/><N who="2" m="38255" /><F72/><W128/><G2/><T93/><D6/><U102/><E102/><V100/><F100/><W52/><G103/><T26/><D97/><U5/><E5/><V29/><F29/><W46/><G71/><T61/><D30/><U75/><E75/><V135/><F135/><W45/><G86/><T91/><D26/><U79/><E79/><AGARI ba="5,0" hai="9,10,11,16,17,18,49,50,76,77,79" m="38255" machi="79" ten="30,2000,0" yaku="8,1,54,1" doraHai="32" who="2" fromWho="1" sc="58,0,493,-35,161,35,288,0" />
</Scene>
<Scene>
<INIT seed="6,0,0,5,3,56" ten="58,458,196,288" oya="2" hai0="110,128,120,9,80,91,16,94,13,98,102,39,106" hai1="66,87,73,50,78,7,17,133,33,71,112,103,114" hai2="131,30,47,121,109,24,115,63,12,105,118,4,135" hai3="15,2,67,36,20,55,23,95,124,64,81,61,69"/><V82/><F118/><W132/><G2/><T52/><D110/><U57/><E33/><V127/><F105/><W22/><G36/><T41/><D128/><U19/><E73/><V27/><F121/><W26/><G132/><T43/><D120/><U76/><E133/><V14/><F135/><W54/><G124/><T134/><D134/><U130/><E130/><V92/><F131/><W18/><G81/><T108/><D108/><U60/><E7/><V75/><F109/><W68/><G95/><T46/><D80/><N who="1" m="47495" /><E78/><V117/><F117/><W126/><G126/><T62/><D39/><U116/><E103/><V32/><F127/><W100/><G100/><T104/><D104/><U48/><E116/><V93/><F115/><N who="1" m="44073" /><E71/><V70/><F75/><W85/><G85/><T88/><D106/><U59/><E59/><V21/><F47/><W40/><G40/><T107/><D107/><U8/><E8/><V53/><F4/><W44/><G44/><T34/><D34/><U0/><E0/><V83/><F83/><W58/><G58/><N who="0" m="35143" /><D46/><U86/><E86/><V25/><F82/><W125/><G125/><T77/><D77/><U35/><E35/><V11/><F70/><W79/><G79/><T1/><D1/><U10/><E10/><V99/><F11/><W89/><G68/><T51/><D51/><AGARI ba="0,0" hai="17,19,48,50,51,57,60,66" m="44073,47495" machi="51" ten="30,2000,0" yaku="15,1,52,1" doraHai="56" who="1" fromWho="0" sc="58,-20,458,20,196,0,288,0" />
</Scene>
<Scene>
<INIT seed="7,0,0,1,4,68" ten="38,478,196,288" oya="3" hai0="108,106,105,71,112,86,95,83,126,98,55,58,93" hai1="97,124,53,129,74,25,118,18,26,70,28,48,47" hai2="13,42,8,54,38,73,75,20,24,128,88,113,133" hai3="135,132,81,103,22,69,60,127,10,78,91,107,110"/><W92/><G22/><T89/><D71/><U115/><E74/><V67/><F54/><W117/><G10/><T5/><D5/><U82/><E70/><V50/><F50/><W62/><G69/><T39/><D39/><U41/><E115/><V79/><F67/><W64/><G64/><T96/><D55/><U59/><E124/><V65/><F65/><W30/><G30/><T40/><D40/><U125/><E125/><V31/><F13/><W66/><G66/><T17/><D17/><U121/><E121/><V51/><F51/><W45/><G45/><T36/><D36/><U19/><E129/><V85/><F128/><W52/><G127/><T43/><D43/><U99/><E82/><V6/><F8/><W44/><G103/><T35/><D58/><U4/><E4/><V14/><F20/><W119/><G107/><T116/><D35/><U34/><E118/><N who="3" m="45066" /><G62/><T87/><D108/><U61/><E26/><V9/><F31/><W57/><G44/><T2/><D2/><U130/><E130/><V72/><F9/><W122/><G122/><T16/><D16/><U80/><E18/><V11/><F11/><W84/><G110/><T0/><D0/><U7/><E19/><V63/><F63/><W134/><G132/><T77/><D126/><U123/><E123/><V101/><F6/><W1/><G1/><T49/><D49/><U23/><E7/><V100/><F133/><W131/><G131/><T21/><D21/><U94/><E23/><V37/><F24/><W12/><G134/><T32/><D116/><U111/><E28/><V3/><F3/><RYUUKYOKU ba="0,0" sc="38,0,478,0,196,0,288,0" owari="38,-46.0,478,57.0,196,-20.0,288,9.0" />
</Scene>
</mjloggm>