<mjloggm ver="2.3"><GO type="169" lobby="0"/><UN n0="%E3%82%82%E3%81%A3%E3%81%A1%E3%82%87" n1="%E3%81%9F%E3%83%BC%E3%81%AC" n2="%E3%83%81%E3%83%A7%E3%82%B3%E3%83%AD%E3%83%9C%E3%82%AF%E3%83%B3" n3="%E5%A4%AA%E3%81%8F%E3%81%AA%E3%81%84%E3%81%8A" dan="16,17,16,17" rate="2018.77,2147.84,2094.89,2241.87" sx="M,M,M,M"/><TAIKYOKU oya="0"/>

<Scene>
<INIT seed="0,0,0,2,3,71" ten="250,250,250,250" oya="0" hai0="113,55,102,62,125,105,45,53,114,128,90,40,72" hai1="48,86,47,83,100,51,36,41,43,89,118,79,24" hai2="115,119,1,56,58,7,104,52,19,99,97,17,112" hai3="25,98,28,84,33,111,96,120,15,64,127,18,103"/><T6/><D72/><U26/><E118/><V85/><F119/><W50/><G111/><T134/><D6/><U70/><E70/><V95/><F104/><W35/><G127/><T116/><D116/><U44/><E100/><V106/><F106/><W78/><G120/><T92/><D102/><U88/><REACH who="1" step="1"/><E36/><REACH who="1" ten="250,240,250,250" step="2"/><V68/><F68/><W69/><G103/><T61/><D114/><U4/><E4/><V81/><F112/><W27/><G69/><T42/><D113/><U131/><E131/><V109/><F115/><W75/><G35/><T5/><D5/><U14/><E14/><V8/><F109/><W126/><G15/><T38/><D128/><U121/><E121/><V12/><F12/><W34/><G33/><T129/><D129/><U130/><E130/><V132/><F7/><W74/><G34/><T54/><D125/><U46/><E46/><V77/><F1/><W82/><G126/><T59/><D105/><U73/><E73/><V94/><F58/><W124/><G75/><T135/><D42/><U122/><E122/><V0/><F0/><W63/><G74/><T87/><REACH who="0" step="1"/><D62/><REACH who="0" ten="240,240,250,250" step="2"/><U9/><E9/><V10/><F10/><W65/><G63/><T23/><D23/><U29/><E29/><V11/><F11/><W39/><G28/><T13/><D13/><U67/><E67/><AGARI ba="0,2" hai="38,40,45,53,54,55,59,61,67,87,90,92,134,135" machi="67" ten="40,3900,0" yaku="1,1,52,1,53,0" doraHai="71" doraHaiUra="20" who="0" fromWho="1" sc="240,59,240,-39,250,0,250,0" />
</Scene>
<Scene>
<INIT seed="0,1,0,3,1,106" ten="299,201,250,250" oya="0" hai0="9,2,63,61,62,122,87,102,26,119,1,53,125" hai1="47,34,120,75,44,22,58,38,19,68,118,94,45" hai2="112,16,8,116,97,133,6,15,92,50,33,107,76" hai3="12,82,64,24,42,65,89,32,100,13,78,115,114"/><T59/><D119/><U83/><E120/><V43/><F112/><W135/><G100/><T131/><D122/><U104/><E118/><V17/><F107/><W84/><G135/><T123/><D123/><U67/><E104/><V88/><F33/><W18/><G42/><T117/><D117/><U46/><E34/><V95/><F116/><W39/><G39/><T41/><D125/><U28/><E28/><V37/><F37/><W70/><G12/><T113/><D113/><U126/><E126/><V48/><F133/><W56/><G70/><T111/><D102/><U134/><E134/><V73/><F48/><W49/><G64/><T55/><D41/><U71/><N who="1" m="11264" /><DORA hai="121" /><U128/><E128/><V77/><F50/><W69/><G69/><T66/><D26/><U129/><E129/><V105/><F105/><W20/><G89/><T124/><D87/><U103/><E38/><V98/><F43/><W57/><G57/><T93/><D1/><U85/><E58/><V29/><F29/><W127/><G127/><T52/><D131/><U130/><E67/><V51/><F51/><W90/><G90/><T60/><D124/><U72/><E130/><V5/><F5/><W132/><G132/><T36/><D93/><U109/><E109/><V110/><F110/><W11/><G32/><T108/><REACH who="0" step="1"/><D36/><REACH who="0" ten="289,201,250,250" step="2"/><U35/><E103/><N who="2" m="60839" /><F73/><W74/><G74/><T4/><AGARI ba="1,1" hai="2,4,9,52,53,55,59,60,61,62,63,66,108,111" machi="4" ten="40,12000,1" yaku="1,1,0,1,52,2,54,1,53,0" doraHai="106,121" doraHaiUra="80,99" who="0" fromWho="0" sc="289,133,201,-41,250,-41,250,-41" />
</Scene>
<Scene>
<INIT seed="0,2,0,1,5,2" ten="422,160,209,209" oya="0" hai0="91,60,103,99,129,71,135,68,46,76,80,9,23" hai1="56,18,54,98,77,96,67,33,97,130,40,113,106" hai2="11,30,85,88,90,52,119,101,63,104,64,26,118" hai3="4,35,31,48,12,87,22,79,10,100,116,15,55"/><T62/><D135/><U92/><E130/><V34/><F104/><W94/><G116/><N who="2" m="44585" /><F101/><W70/><G70/><T38/><D91/><U36/><E33/><V42/><F42/><W124/><G124/><T114/><D114/><U78/><E113/><V51/><F85/><W32/><G79/><T74/><D62/><U58/><E106/><V121/><F121/><W127/><G127/><T93/><D60/><N who="1" m="38295" /><E40/><V25/><F25/><W47/><G87/><T14/><D23/><U109/><E36/><V19/><F19/><W120/><G120/><T123/><D129/><U29/><E29/><V39/><F39/><W73/><G73/><T24/><D24/><U69/><E69/><N who="2" m="42143" /><F11/><W3/><G31/><T41/><REACH who="0" step="1"/><D123/><REACH who="0" ten="412,160,209,209" step="2"/><U82/><E77/><V61/><F61/><W53/><G22/><T108/><D108/><U7/><E109/><V107/><F90/><W83/><G32/><T84/><D84/><U81/><E78/><V112/><F112/><W5/><G35/><T111/><D111/><U65/><E98/><V66/><F34/><W86/><G86/><T110/><D110/><U115/><E97/><V133/><F133/><W89/><G89/><T117/><D117/><U1/><E96/><V102/><F88/><W95/><G100/><T128/><D128/><U49/><E115/><V44/><F26/><W57/><G83/><T8/><D8/><N who="1" m="2159" /><E81/><V16/><F102/><W131/><G131/><T43/><D43/><U50/><E82/><V17/><F66/><W126/><G126/><T37/><D37/><U0/><E65/><V132/><F132/><W45/><G10/><RYUUKYOKU ba="2,1" sc="412,30,160,-10,209,-10,209,-10" hai0="9,14,38,41,46,68,71,74,76,80,93,99,103" />
</Scene>
<Scene>
<INIT seed="0,3,1,0,3,50" ten="442,150,199,199" oya="0" hai0="114,57,45,125,97,117,42,36,44,109,47,31,92" hai1="116,34,107,123,23,60,22,46,3,110,90,96,93" hai2="82,79,32,81,119,30,12,7,55,113,86,24,28" hai3="134,56,99,120,53,102,6,25,124,64,48,84,11"/><T58/><D114/><U78/><E116/><V135/><F113/><W73/><G73/><T2/><D2/><U70/><E123/><V100/><F135/><W16/><G134/><T115/><D115/><U68/><E34/><V66/><F66/><W98/><G124/><T49/><D117/><U61/><E3/><V83/><F119/><W8/><G120/><T80/><D80/><U27/><E107/><V112/><F112/><W20/><G64/><T51/><D31/><U38/><E110/><V128/><F128/><W52/><G84/><T21/><D21/><U26/><E78/><V29/><F100/><W54/><G99/><T122/><D122/><U103/><E38/><V72/><F82/><W94/><G11/><T41/><D125/><U91/><E46/><V69/><F69/><W85/><G85/><T40/><D109/><U14/><E14/><AGARI ba="3,1" hai="6,8,14,16,20,25,48,52,53,54,56,94,98,102" machi="14" ten="30,12000,2" yaku="7,1,8,1,52,3,54,2" doraHai="50" who="3" fromWho="1" sc="442,0,150,-129,199,0,199,139" />
</Scene>
<Scene>
<INIT seed="1,0,0,3,3,12" ten="442,21,199,338" oya="1" hai0="61,114,52,16,100,87,84,88,129,74,76,125,108" hai1="45,102,43,7,42,99,73,95,93,83,28,78,17" hai2="1,35,81,96,70,128,6,66,124,51,5,31,135" hai3="117,116,91,14,41,26,56,71,132,65,58,118,104"/><U110/><E110/><V47/><F124/><W54/><G104/><T24/><D114/><U49/><E28/><V97/><F128/><W21/><G132/><T15/><D125/><U48/><E7/><V19/><F135/><W82/><G41/><T72/><D129/><U27/><E93/><V85/><F70/><W39/><G39/><T30/><D100/><U11/><E43/><V32/><F66/><W90/><G14/><T126/><D126/><U79/><E79/><V29/><F1/><W0/><G0/><T86/><D108/><U123/><E123/><V20/><F35/><W94/><G82/><T109/><D109/><U40/><E40/><N who="2" m="25063" /><F32/><W9/><G9/><T122/><D122/><U25/><REACH who="1" step="1"/><E49/><REACH who="1" ten="442,11,199,338" step="2"/><V68/><F31/><N who="3" m="17871" /><G94/><T111/><D111/><U105/><E105/><V103/><F29/><W34/><G34/><T106/><D106/><U22/><E22/><V89/><F6/><W18/><G117/><T69/><D76/><U10/><E10/><V4/><F4/><W2/><G118/><T8/><D74/><U120/><E120/><V57/><F5/><W67/><G116/><T80/><D72/><U77/><E77/><V131/><F131/><W133/><G133/><T130/><D130/><U23/><E23/><V44/><F20/><W37/><G2/><T107/><D107/><U98/><E98/><V38/><F97/><W134/><G134/><T59/><D69/><U75/><E75/><V115/><F68/><W33/><G71/><T13/><D30/><U127/><E127/><V113/><F96/><W92/><G33/><T64/><D8/><RYUUKYOKU ba="0,1" sc="442,-10,11,30,199,-10,338,-10" hai1="11,17,25,27,42,45,48,73,78,83,95,99,102" />
</Scene>
<Scene>
<INIT seed="1,1,1,1,5,130" ten="432,41,189,328" oya="1" hai0="120,122,97,98,128,0,113,95,117,112,66,72,58" hai1="12,121,111,53,37,22,102,15,10,35,80,68,70" hai2="57,65,61,25,123,71,47,9,77,14,64,5,126" hai3="83,56,40,89,52,46,133,118,84,54,119,107,116"/><U50/><E121/><N who="0" m="46697" /><D117/><U31/><E37/><V114/><F123/><W24/><G107/><T82/><D0/><U13/><E102/><V60/><F126/><W91/><G24/><T81/><D128/><U28/><E35/><V3/><F114/><W23/><G23/><T90/><D98/><U125/><E125/><V6/><F77/><N who="3" m="46191" /><G133/><T59/><D66/><U100/><E100/><V96/><F96/><W20/><G20/><T30/><D30/><U78/><E111/><V26/><F47/><W48/><G54/><T88/><D58/><U16/><E68/><V27/><F3/><W1/><G1/><T41/><D59/><U110/><E70/><V69/><F57/><W74/><G74/><T109/><D41/><U45/><E110/><V79/><F79/><W55/><G55/><T8/><D8/><U2/><E2/><V34/><F34/><W4/><G4/><AGARI ba="1,1" hai="4,5,6,9,14,25,26,27,60,61,64,65,69,71" machi="4" ten="40,1300,0" yaku="9,1" doraHai="130" who="2" fromWho="3" sc="432,0,41,0,189,26,328,-16" />
</Scene>
<Scene>
<INIT seed="2,0,0,1,1,97" ten="432,41,215,312" oya="2" hai0="49,113,0,91,133,19,90,92,96,27,53,60,26" hai1="88,14,76,115,118,112,122,109,34,75,114,72,3" hai2="18,38,52,15,83,28,62,22,63,39,42,82,44" hai3="41,110,57,134,29,13,10,125,7,132,128,30,127"/><V86/><F38/><W43/><G57/><T50/><D0/><U54/><E34/><V67/><F28/><N who="3" m="10859" /><G41/><T94/><D113/><U25/><E3/><V37/><F37/><W58/><G43/><T99/><D133/><N who="3" m="51305" /><G58/><T81/><D81/><U21/><E118/><V116/><F116/><W55/><G55/><T121/><D121/><U73/><E122/><V2/><F2/><N who="3" m="375" /><G110/><T130/><D130/><U93/><E109/><V1/><F1/><W33/><G33/><T111/><D111/><U131/><E131/><V106/><F106/><W32/><G32/><T66/><D66/><U101/><E54/><V105/><F105/><W23/><G128/><T124/><D60/><U98/><E14/><V89/><F82/><W80/><G80/><T6/><D50/><U16/><REACH who="1" step="1"/><E76/><REACH who="1" ten="432,31,215,312" step="2"/><V84/><F52/><W95/><G13/><T135/><D135/><U69/><E69/><V48/><F67/><W71/><G71/><T4/><D53/><U35/><E35/><V12/><F12/><W107/><G127/><T102/><D124/><U24/><E24/><V79/><F15/><W61/><G125/><T11/><D27/><U119/><E119/><V8/><F42/><W126/><G126/><T78/><D78/><U117/><E117/><V70/><F70/><W129/><G129/><T20/><D26/><U77/><E77/><V65/><F65/><W40/><G40/><T46/><D6/><U5/><E5/><V47/><F79/><W68/><G68/><T108/><D4/><U123/><E123/><V31/><F39/><W120/><G120/><T36/><D36/><RYUUKYOKU ba="0,1" sc="432,-10,31,30,215,-10,312,-10" hai1="16,21,25,72,73,75,88,93,98,101,112,114,115" />
</Scene>
<Scene>
<INIT seed="3,1,1,3,1,82" ten="422,61,205,302" oya="3" hai0="44,80,14,128,123,85,33,87,42,77,133,16,27" hai1="76,129,17,105,7,18,69,59,19,126,26,43,97" hai2="35,103,52,121,23,124,30,92,115,71,102,0,49" hai3="110,84,40,107,108,63,36,13,12,122,41,48,20"/><W45/><G122/><T68/><D68/><U98/><E69/><V81/><F115/><W130/><G107/><T39/><D123/><U22/><E105/><V96/><F0/><W86/><G130/><T119/><D128/><U135/><E129/><V93/><F35/><W11/><G63/><T1/><D1/><U109/><E109/><N who="3" m="42090" /><G20/><T74/><D133/><U111/><E111/><V106/><F121/><W54/><G13/><T65/><D65/><U4/><E135/><V127/><F71/><W117/><G117/><T47/><D47/><U21/><E126/><V37/><F106/><W134/><G134/><T94/><D119/><U57/><E76/><V95/><F23/><N who="1" m="8713" /><E43/><N who="3" m="16458" /><G36/><T8/><REACH who="0" step="1"/><D94/><REACH who="0" ten="412,61,205,302" step="2"/><U125/><E125/><V116/><F116/><W64/><G64/><T51/><D51/><U79/><E79/><V101/><F37/><W56/><G45/><T113/><D113/><U67/><E67/><V6/><F124/><W5/><AGARI ba="1,2" hai="5,11,12,48,54,56,84,86" m="16458,42090" machi="5" ten="30,11700,0" yaku="14,1,10,1,52,2" doraHai="82" who="3" fromWho="3" sc="412,-40,61,-40,205,-40,302,140" />
</Scene>
<Scene>
<INIT seed="3,2,0,0,3,43" ten="372,21,165,442" oya="3" hai0="120,128,14,54,93,55,18,10,27,49,78,63,124" hai1="90,131,112,107,29,4,28,58,118,20,76,71,23" hai2="13,33,2,45,117,133,0,65,96,53,62,123,16" hai3="106,94,91,3,88,77,111,35,36,61,9,109,102"/><W80/><G35/><T115/><D120/><U121/><E112/><V69/><F117/><W129/><G36/><T134/><D134/><U108/><E118/><V98/><F133/><W87/><G129/><T22/><D128/><U100/><E131/><V92/><F33/><W30/><G30/><T39/><D39/><U132/><E121/><V79/><F79/><W57/><G3/><T110/><D110/><N who="3" m="41993" /><G106/><T26/><D124/><U104/><E71/><V84/><F123/><W21/><G9/><T103/><D78/><U70/><E108/><V82/><F92/><W116/><G21/><T19/><D115/><U7/><E70/><V37/><F37/><W74/><G116/><T48/><D63/><U11/><E132/><V113/><F113/><W85/><G102/><T68/><D68/><U24/><E100/><V64/><F69/><W56/><G61/><T86/><D27/><U122/><E122/><V81/><F62/><W114/><G114/><T50/><D103/><U127/><E127/><V126/><F126/><W101/><G101/><T59/><D55/><U75/><E90/><AGARI ba="2,0" hai="10,14,18,19,22,26,48,49,50,54,59,86,90,93" machi="90" ten="40,1300,0" yaku="8,1" doraHai="43" who="0" fromWho="1" sc="372,19,21,-19,165,0,442,0" />
</Scene>
<Scene>
<INIT seed="4,0,0,5,5,42" ten="391,2,165,442" oya="0" hai0="104,53,68,70,77,113,85,0,118,91,84,55,101" hai1="50,10,43,99,29,119,124,44,81,122,93,30,24" hai2="129,52,5,61,57,97,66,18,40,131,11,6,71" hai3="3,49,126,48,115,103,17,102,105,117,45,96,132"/><T106/><D0/><U72/><E122/><V79/><F79/><W100/><G117/><T13/><D13/><U15/><E119/><V109/><F109/><W125/><G3/><T34/><D34/><U32/><E124/><N who="3" m="47722" /><G115/><T114/><D77/><U90/><E30/><V86/><F40/><N who="3" m="24615" /><G132/><T35/><D35/><U92/><E92/><V21/><F97/><W127/><G127/><T128/><D118/><U31/><E31/><V1/><F86/><W33/><G33/><T54/><D54/><U2/><E2/><V87/><F87/><W20/><G49/><T111/><D101/><U98/><E72/><V75/><F75/><W94/><G105/><T59/><D59/><U74/><E74/><V88/><F71/><W78/><G78/><T112/><D112/><U89/><E81/><V107/><F107/><W82/><G82/><T9/><D111/><U116/><E116/><V123/><F1/><W73/><G73/><T36/><D36/><U37/><E37/><V22/><F123/><W27/><AGARI ba="0,0" hai="17,20,27,94,96,100,102,103" m="24615,47722" machi="27" ten="30,2000,0" yaku="18,1,52,1" doraHai="42" who="3" fromWho="3" sc="391,-10,2,-5,165,-5,442,20" owari="381,18.0,-3,-50.0,160,-24.0,462,56.0" />
</Scene>
</mjloggm>