<mjloggm ver="2.3"><GO type="169" lobby="0"/><UN n0="%E3%81%BB%E3%81%97%E3%81%AE%E3%81%99%E3%81%9A%E3%81%BF" n1="%E6%96%87%E5%9B%9B%E9%83%8E" n2="%E5%BB%83%E4%BA%BA%E9%81%94%E9%9B%86%E5%90%88" n3="%E5%A4%AA%E3%81%8F%E3%81%AA%E3%81%84%E3%81%8A" dan="17,16,16,18" rate="2117.11,2046.06,2089.62,2263.14" sx="F,M,M,M"/><TAIKYOKU oya="0"/>

<Scene>
<INIT seed="0,0,0,1,5,105" ten="250,250,250,250" oya="0" hai0="57,54,97,104,29,86,133,32,11,36,0,87,68" hai1="89,76,85,92,51,119,116,122,22,28,96,13,69" hai2="98,15,107,84,82,5,134,9,80,78,100,58,77" hai3="16,1,35,43,4,39,110,135,70,7,2,108,117"/><T45/><D68/><U106/><E122/><V31/><F31/><W109/><G70/><T6/><D133/><U72/><E69/><V52/><F134/><W34/><G135/><T129/><D129/><U40/><E40/><V90/><REACH who="2" step="1"/><F80/><REACH who="2" ten="250,250,240,250" step="2"/><W75/><G109/><T120/><D29/><U61/><E28/><V23/><F23/><W132/><G132/><T8/><D32/><U125/><E125/><V112/><F112/><W3/><G35/><T63/><D120/><U60/><E116/><V18/><F18/><W33/><G16/><T102/><D8/><U47/><E119/><V103/><F103/><W74/><G117/><T27/><REACH who="0" step="1"/><D27/><REACH who="0" ten="240,250,240,250" step="2"/><U55/><E22/><V24/><F24/><W83/><G33/><T128/><D128/><U88/><E13/><V65/><F65/><W14/><G34/><T17/><D17/><U10/><E10/><V126/><F126/><W99/><G14/><T37/><D37/><U66/><E66/><V48/><AGARI ba="0,2" hai="5,9,15,48,52,58,77,78,82,84,90,98,100,107" machi="48" ten="20,5200,0" yaku="1,1,0,1,7,1,54,1,53,0" doraHai="105" doraHaiUra="124" who="2" fromWho="2" sc="240,-26,250,-13,240,72,250,-13" />
</Scene>
<Scene>
<INIT seed="1,0,0,2,4,10" ten="214,237,312,237" oya="1" hai0="32,16,31,114,123,67,5,69,130,126,38,82,101" hai1="37,61,89,118,68,59,117,57,46,35,128,99,91" hai2="27,77,60,13,85,83,133,90,100,2,23,115,19" hai3="70,96,72,22,129,45,41,65,62,131,28,6,40"/><U88/><E35/><V75/><F2/><W34/><G72/><T3/><D114/><U11/><E128/><N who="3" m="49226" /><G34/><T7/><D38/><U20/><E68/><V15/><F115/><W9/><G96/><T73/><D130/><U134/><E134/><V21/><F133/><W44/><G28/><T135/><D135/><U122/><E122/><V0/><F0/><N who="3" m="199" /><G22/><T106/><D123/><U49/><E37/><V119/><F119/><W24/><G24/><N who="0" m="18535" /><D126/><U1/><E20/><V124/><F124/><W105/><G105/><T97/><D3/><U12/><E1/><V29/><F100/><W53/><G53/><T56/><D56/><U98/><E117/><V42/><F42/><AGARI ba="0,0" hai="40,41,42,44,45,62,65,70" m="199,49226" machi="42" ten="30,1000,0" yaku="19,1" doraHai="10" who="3" fromWho="2" sc="214,0,237,0,312,-10,237,10" />
</Scene>
<Scene>
<INIT seed="2,0,0,4,1,117" ten="214,237,302,247" oya="2" hai0="26,66,76,22,6,2,16,45,12,108,118,19,125" hai1="15,111,100,96,105,72,38,63,7,51,91,31,119" hai2="18,73,0,25,8,50,39,65,109,11,70,95,98" hai3="37,110,67,77,28,61,106,132,85,17,92,59,81"/><V75/><F39/><W60/><G106/><T133/><D76/><U10/><E119/><V82/><F70/><W122/><G37/><T87/><D87/><U55/><E38/><V13/><F65/><W54/><G110/><T56/><D45/><U86/><E72/><V94/><F109/><W64/><G132/><T24/><D66/><U34/><E111/><V128/><F128/><W124/><G124/><T21/><D56/><U4/><E63/><V53/><F25/><W35/><G35/><T69/><D69/><U52/><E4/><V1/><F95/><W97/><G28/><T57/><D57/><U30/><E34/><V131/><F131/><W130/><G130/><T79/><D79/><U9/><E10/><V5/><F82/><W78/><G122/><T99/><D99/><U49/><E49/><V74/><F1/><W123/><G123/><T36/><D36/><U88/><E91/><V102/><F75/><W121/><G121/><T27/><D108/><U83/><E55/><V104/><REACH who="2" step="1"/><F94/><REACH who="2" ten="214,237,292,247" step="2"/><W116/><G116/><T114/><D118/><U71/><E71/><V33/><F33/><W103/><G67/><T62/><D125/><U20/><REACH who="1" step="1"/><E20/><REACH who="1" ten="214,227,292,247" step="2"/><V80/><F80/><W32/><G32/><T127/><D127/><U126/><E126/><V84/><F84/><W44/><G85/><T113/><D21/><U58/><AGARI ba="0,2" hai="7,9,15,30,31,51,52,58,83,86,88,96,100,105" machi="58" ten="20,8000,1" yaku="1,1,0,1,7,1,54,2,53,0" doraHai="117" doraHaiUra="40" who="1" fromWho="1" sc="214,-20,227,100,292,-40,247,-20" />
</Scene>
<Scene>
<INIT seed="3,0,0,0,2,34" ten="194,327,252,227" oya="3" hai0="108,119,128,30,87,25,88,63,26,15,41,65,110" hai1="59,52,126,4,99,67,117,58,10,51,27,60,0" hai2="18,127,44,112,106,122,123,45,16,24,61,107,11" hai3="23,95,76,120,49,79,90,71,47,131,77,70,75"/><W46/><G120/><N who="2" m="46121" /><F112/><W12/><G75/><T78/><D119/><U125/><E117/><V84/><F84/><W8/><G131/><T43/><D128/><U22/><REACH who="1" step="1"/><E99/><REACH who="1" ten="194,317,252,227" step="2"/><V91/><F127/><W97/><G23/><T1/><D110/><U105/><E105/><V72/><F107/><W103/><G103/><T124/><D108/><U64/><E64/><V39/><F106/><W53/><REACH who="3" step="1"/><G47/><REACH who="3" ten="194,317,252,217" step="2"/><T134/><D124/><U2/><E2/><V82/><F45/><W116/><G116/><T6/><D1/><U69/><E69/><V109/><F44/><W57/><G57/><T98/><D98/><U130/><E130/><V37/><F109/><W113/><G113/><T96/><D96/><U68/><E68/><V19/><F72/><W31/><G31/><AGARI ba="0,2" hai="0,4,10,22,27,31,51,52,58,59,60,67,125,126" machi="31" ten="40,8000,1" yaku="1,1,52,1,54,1,53,1" doraHai="34" doraHaiUra="20" who="1" fromWho="3" sc="194,0,317,100,252,0,217,-80" />
</Scene>
<Scene>
<INIT seed="4,0,0,1,4,89" ten="194,417,252,137" oya="0" hai0="111,36,134,47,29,60,10,43,91,39,34,93,52" hai1="108,99,55,80,86,113,14,48,100,123,31,7,64" hai2="57,73,3,135,27,103,46,84,112,118,5,85,62" hai3="63,42,51,131,72,115,77,50,71,129,65,69,9"/><T92/><D134/><U90/><E108/><V58/><F135/><W120/><G9/><T35/><D36/><U132/><E132/><V1/><F73/><W97/><G77/><T15/><D111/><U79/><E123/><V6/><F118/><W117/><G72/><T59/><D91/><U41/><E64/><V68/><F46/><N who="3" m="25943" /><G97/><T61/><D61/><U110/><E110/><V98/><F27/><W83/><G83/><T12/><D12/><U49/><E31/><V24/><F24/><W121/><G117/><T105/><D105/><U56/><E113/><V23/><F112/><W44/><G71/><T125/><D125/><U11/><E90/><V25/><F68/><W45/><G45/><T70/><D70/><U53/><E41/><V124/><F5/><W130/><G115/><T22/><D22/><U13/><E14/><V114/><F6/><W2/><G2/><T126/><D126/><U38/><E38/><V28/><F124/><W78/><G78/><T82/><D82/><U20/><E20/><V26/><F26/><W17/><G17/><T104/><D104/><U128/><E99/><V119/><F119/><W40/><AGARI ba="0,0" hai="40,44,51,63,65,69,120,121,129,130,131" m="25943" machi="40" ten="40,5200,0" yaku="19,1,34,2" doraHai="89" who="3" fromWho="3" sc="194,-26,417,-13,252,-13,137,52" />
</Scene>
<Scene>
<INIT seed="5,0,0,1,0,77" ten="168,404,239,189" oya="1" hai0="62,105,112,21,7,130,85,73,18,90,106,113,120" hai1="41,58,16,47,52,93,123,20,118,56,57,67,115" hai2="129,30,71,104,55,76,97,4,65,84,119,45,63" hai3="38,79,23,5,78,103,25,66,98,35,94,26,46"/><U12/><E118/><V114/><F119/><W15/><G66/><T116/><D116/><U87/><E123/><V101/><F4/><W117/><G117/><T32/><D32/><U131/><E115/><N who="0" m="44105" /><D120/><U2/><E2/><V91/><F114/><W36/><G35/><T34/><D34/><U68/><E131/><V60/><F129/><W33/><G33/><T39/><D39/><U19/><E19/><V27/><F76/><N who="3" m="29227" /><G36/><T70/><D73/><U81/><E93/><V89/><F89/><W64/><G38/><T14/><D7/><U134/><E134/><V9/><F9/><N who="3" m="4527" /><G64/><N who="0" m="41239" /><D130/><U92/><E67/><V10/><F10/><W11/><G11/><T1/><D1/><U53/><E68/><V69/><F65/><W51/><G23/><T108/><D108/><U109/><E109/><V88/><F71/><W43/><AGARI ba="0,0" hai="25,26,43,46,51,94,98,103" m="4527,29227" machi="43" ten="30,1100,0" yaku="8,1" doraHai="77" who="3" fromWho="3" sc="168,-3,404,-5,239,-3,189,11" />
</Scene>
<Scene>
<INIT seed="6,0,0,4,2,42" ten="165,399,236,200" oya="2" hai0="32,85,27,103,90,109,107,52,86,97,108,121,38" hai1="41,7,24,55,110,98,4,104,83,71,133,35,128" hai2="118,66,123,95,129,31,92,119,94,3,99,26,51" hai3="126,77,73,14,1,134,12,125,37,72,115,127,84"/><V18/><F123/><W106/><G1/><T54/><D121/><U62/><E110/><V49/><F3/><W2/><G2/><T11/><D38/><U43/><E128/><V21/><F129/><W58/><G106/><T82/><D86/><U57/><E133/><V76/><F99/><W116/><G116/><T6/><D32/><U74/><E71/><V15/><F76/><W34/><G34/><T13/><REACH who="0" step="1"/><D27/><REACH who="0" ten="155,399,236,200" step="2"/><U88/><E24/><V79/><F119/><W28/><G37/><T46/><D46/><U112/><E35/><V56/><F118/><W114/><G134/><T0/><D0/><U131/><E131/><V10/><F79/><W8/><G84/><T61/><D61/><AGARI ba="0,1" hai="10,15,18,21,26,31,49,51,56,61,66,92,94,95" machi="61" ten="40,2000,0" yaku="8,1" doraHai="42" who="2" fromWho="0" sc="155,-20,399,0,236,30,200,0" />
</Scene>
<Scene>
<INIT seed="6,1,0,5,3,116" ten="135,399,266,200" oya="2" hai0="24,18,39,6,47,103,101,10,67,44,110,11,134" hai1="26,51,22,40,69,113,74,86,25,94,43,42,98" hai2="7,45,3,123,21,30,96,114,38,108,125,75,65" hai3="77,32,12,80,71,23,131,95,85,88,78,48,104"/><V53/><F75/><W68/><G32/><T117/><D110/><U133/><E74/><V16/><F108/><W129/><G104/><T34/><D117/><U132/><E69/><V4/><F65/><W120/><G120/><T119/><D119/><U90/><E113/><V100/><F123/><W83/><G48/><T81/><D134/><N who="1" m="51819" /><E51/><V107/><F30/><W14/><G23/><T93/><D81/><N who="1" m="49487" /><E22/><V0/><F114/><W109/><G109/><T105/><D105/><U57/><E57/><V128/><F125/><W135/><G135/><T49/><D39/><U92/><E92/><V55/><F128/><N who="3" m="49227" /><G14/><T64/><D34/><U122/><E122/><V58/><F38/><W66/><G12/><T63/><D49/><U79/><E79/><N who="3" m="30218" /><G71/><T121/><D121/><U19/><E19/><V31/><F31/><W115/><G115/><T41/><D18/><U82/><E82/><V5/><F45/><W28/><G28/><T1/><D47/><U72/><E72/><V2/><REACH who="2" step="1"/><F58/><REACH who="2" ten="135,399,256,200" step="2"/><W102/><G66/><T111/><D64/><U29/><E29/><V33/><F33/><W35/><G68/><T60/><D67/><U54/><E54/><V36/><F36/><W46/><G46/><T70/><D44/><U59/><E59/><V99/><F99/><N who="3" m="59775" /><G35/><T56/><D56/><U73/><E73/><V130/><F130/><W15/><G85/><T13/><D111/><U62/><E62/><V87/><F87/><W106/><G80/><T118/><D70/><U97/><E97/><V127/><F127/><W9/><G83/><T126/><D126/><U27/><E98/><RYUUKYOKU ba="1,1" sc="135,-15,399,15,256,15,200,-15" hai1="25,26,27,40,42,43,94" hai2="0,2,3,4,5,7,16,21,53,55,96,100,107" />
</Scene>
<Scene>
<INIT seed="6,2,1,0,3,96" ten="120,414,271,185" oya="2" hai0="13,16,23,61,134,87,48,100,121,114,129,9,57" hai1="2,92,17,25,63,112,70,39,11,27,46,84,76" hai2="118,49,106,117,35,12,42,4,80,78,26,131,68" hai3="103,31,72,1,34,56,47,109,55,75,101,0,115"/><V98/><F68/><W52/><G109/><T43/><D121/><U135/><E112/><V119/><F131/><W10/><G34/><T73/><D129/><U40/><E135/><V123/><F123/><W94/><G31/><T38/><D38/><U8/><E2/><V22/><F35/><W113/><G47/><N who="0" m="25727" /><D73/><U132/><E132/><V50/><F42/><W104/><G104/><T6/><D134/><U69/><E70/><V60/><F60/><W14/><G94/><T7/><D114/><N who="3" m="43529" /><G72/><T105/><D105/><U111/><E111/><V99/><F99/><W79/><G79/><T88/><D100/><N who="3" m="38473" /><G75/><T91/><D9/><U64/><E11/><V28/><F98/><W110/><G110/><T83/><D91/><U116/><E76/><V90/><F90/><W53/><G56/><T65/><AGARI ba="2,1" hai="6,7,13,16,23,57,61,65,83,87,88" m="25727" machi="65" ten="30,4000,0" yaku="8,1,54,2" doraHai="96" who="0" fromWho="0" sc="120,56,414,-12,271,-22,185,-12" />
</Scene>
<Scene>
<INIT seed="7,0,0,2,4,87" ten="176,402,249,173" oya="3" hai0="124,118,65,86,34,40,81,24,3,120,5,109,96" hai1="72,73,13,9,52,117,97,63,100,17,106,11,14" hai2="33,135,76,114,77,1,42,129,47,95,49,110,4" hai3="80,36,75,53,61,130,90,8,22,66,101,23,29"/><W31/><G36/><T41/><D109/><U68/><E117/><V32/><F110/><W99/><G130/><T28/><D120/><U83/><E83/><V122/><F122/><W78/><G53/><T111/><D124/><U10/><E10/><V25/><F129/><W62/><G8/><T19/><D96/><U2/><E2/><V133/><F1/><W44/><G44/><T26/><D65/><U104/><E106/><V71/><F71/><W88/><G22/><T18/><D111/><U64/><E52/><V123/><F4/><AGARI ba="0,0" hai="4,9,11,13,14,17,63,64,68,72,73,97,100,104" machi="4" ten="30,1000,0" yaku="7,1" doraHai="87" who="1" fromWho="2" sc="176,0,402,10,249,-10,173,0" owari="176,-22.0,412,51.0,239,4.0,173,-33.0" />
</Scene>
</mjloggm>