<mjloggm ver="2.3"><GO type="169" lobby="0"/><UN n0="%E5%A4%AA%E3%81%8F%E3%81%AA%E3%81%84%E3%81%8A" n1="%E3%82%A6%E3%83%92%E3%83%A7%E5%8A%A9" n2="%E6%AE%8B%E5%B0%BF%E6%84%9F%E3%81%AA%E3%81%84%EF%BC%9F" n3="%68%6F%73%69%67%61%6D%69" dan="18,16,17,16" rate="2233.37,2061.04,2211.85,2128.74" sx="F,M,F,M"/><TAIKYOKU oya="0"/>

<Scene>
<INIT seed="0,0,0,4,1,81" ten="250,250,250,250" oya="0" hai0="45,60,133,15,124,44,135,0,25,8,79,52,66" hai1="83,99,41,123,33,73,5,112,80,89,31,11,10" hai2="42,61,130,65,27,91,12,121,100,19,95,14,92" hai3="74,29,101,6,43,108,55,71,113,54,1,109,132"/><T102/><D0/><U64/><E123/><V111/><F111/><W96/><G113/><T93/><D79/><U48/><E112/><V16/><F121/><W125/><G71/><T26/><D124/><U106/><E64/><V17/><F42/><W22/><G74/><T120/><D120/><U87/><E106/><V105/><F105/><W104/><G43/><T126/><D126/><U62/><E62/><V67/><F130/><W88/><G125/><T70/><D102/><U97/><E33/><V68/><F67/><W122/><G122/><T32/><D93/><U128/><E31/><V103/><F27/><N who="0" m="10250" /><D32/><U63/><E63/><V13/><REACH who="2" step="1"/><F95/><REACH who="2" ten="250,250,240,250" step="2"/><W24/><G109/><T30/><D52/><U131/><E131/><V2/><F2/><W116/><G108/><T18/><D30/><U35/><E128/><V84/><AGARI ba="0,1" hai="12,13,14,16,17,19,61,65,68,84,91,92,100,103" machi="84" ten="30,7900,0" yaku="1,1,0,1,52,1,54,1,53,0" doraHai="81" doraHaiUra="119" who="2" fromWho="2" sc="250,-39,250,-20,240,89,250,-20" />
</Scene>
<Scene>
<INIT seed="1,0,0,4,2,111" ten="211,230,329,230" oya="1" hai0="133,27,41,36,85,134,93,112,84,69,96,26,82" hai1="94,131,135,92,38,23,32,89,124,22,79,18,6" hai2="43,73,107,49,87,126,65,70,103,129,1,118,16" hai3="123,128,21,101,45,35,80,121,108,3,55,40,13"/><U37/><E32/><V76/><F73/><W68/><G35/><T8/><D69/><U114/><E114/><V132/><F1/><W88/><G3/><T9/><D41/><U19/><E131/><V104/><F103/><W113/><G68/><T54/><D36/><U30/><E135/><V97/><F97/><W127/><G101/><T119/><D54/><U4/><E30/><V14/><F70/><W7/><G128/><T15/><D119/><U10/><E10/><V75/><F65/><W12/><G108/><T57/><D57/><U33/><E33/><V47/><F75/><W86/><G113/><T116/><D116/><U2/><E89/><V24/><F24/><N who="0" m="9258" /><D82/><U102/><E2/><V50/><F132/><N who="0" m="50794" /><D9/><U72/><E102/><V59/><F129/><W60/><G60/><T46/><D46/><U67/><E72/><V109/><F109/><W0/><G55/><T117/><D117/><U63/><E67/><V71/><F71/><W122/><G80/><T62/><D62/><U98/><E63/><V90/><F76/><W115/><G123/><T11/><D11/><U78/><REACH who="1" step="1"/><E98/><REACH who="1" ten="211,220,329,230" step="2"/><V91/><F118/><W120/><G120/><T77/><D112/><U83/><E83/><V39/><F91/><W53/><G88/><N who="0" m="55335" /><D77/><U61/><E61/><V31/><F31/><W105/><G115/><T95/><D85/><U130/><E130/><V74/><F74/><W28/><G86/><T25/><D84/><U42/><E42/><V51/><F87/><W34/><G122/><T100/><D100/><U106/><E106/><V56/><F104/><W5/><G105/><RYUUKYOKU ba="0,1" sc="211,-10,220,30,329,-10,230,-10" hai1="4,6,18,19,22,23,37,38,78,79,92,94,124" />
</Scene>
<Scene>
<INIT seed="1,1,1,0,1,98" ten="201,250,319,220" oya="1" hai0="28,101,57,100,54,66,45,114,20,130,89,21,108" hai1="64,110,9,112,124,40,65,13,63,96,61,116,24" hai2="104,82,55,122,11,23,109,131,83,44,67,126,132" hai3="71,79,1,88,19,52,125,118,14,3,102,128,41"/><U133/><E116/><V5/><F109/><W69/><G41/><T68/><D114/><U76/><E112/><V7/><F104/><W107/><G79/><T49/><D108/><U59/><E110/><V17/><F67/><W48/><G118/><T94/><D68/><U8/><E133/><V103/><F23/><N who="0" m="8778" /><D28/><U129/><E129/><V92/><F92/><W84/><G128/><T10/><D130/><U111/><E111/><V12/><F11/><W38/><G38/><T90/><D10/><U43/><E76/><V42/><F55/><W106/><G106/><T29/><D29/><U60/><E124/><V80/><F80/><W26/><G26/><T97/><D90/><U46/><E96/><V18/><F44/><W0/><G125/><T33/><D33/><U121/><E121/><V22/><F22/><W78/><G78/><T81/><D81/><U37/><E37/><V75/><F12/><W86/><G86/><T58/><D66/><U36/><E65/><V4/><F4/><W2/><G2/><T105/><D105/><U120/><E120/><V30/><F30/><W27/><G27/><T134/><D134/><U117/><E117/><V47/><F131/><W32/><G32/><T15/><D15/><U77/><E24/><V16/><F132/><W50/><G0/><T56/><AGARI ba="1,1" hai="45,49,54,56,57,58,89,94,97,100,101" m="8778" machi="56" ten="30,4000,0" yaku="8,1,52,2" doraHai="98" who="0" fromWho="0" sc="201,53,250,-21,319,-11,220,-11" />
</Scene>
<Scene>
<INIT seed="2,0,0,5,5,72" ten="254,229,308,209" oya="2" hai0="134,28,48,25,32,0,125,40,57,131,112,64,92" hai1="29,95,86,101,24,109,38,118,99,51,65,60,117" hai2="80,67,73,98,120,68,75,130,10,49,124,42,30" hai3="94,22,89,43,56,4,36,87,108,96,70,85,5"/><V13/><F120/><W6/><G70/><T83/><D112/><U127/><E38/><V103/><F30/><W114/><G114/><T116/><D0/><U106/><E127/><V82/><F68/><W52/><G108/><T54/><D125/><U16/><E109/><V122/><F67/><W110/><G110/><T8/><D131/><U17/><E51/><V76/><F122/><W41/><G22/><T102/><D134/><U121/><E86/><N who="3" m="32778" /><G36/><T126/><D126/><U53/><E53/><V63/><F63/><AGARI ba="0,0" hai="4,5,6,41,43,52,56,63,89,94,96" m="32778" machi="63" ten="30,2000,0" yaku="8,1,54,1" doraHai="72" who="3" fromWho="2" sc="254,0,229,0,308,-20,209,20" />
</Scene>
<Scene>
<INIT seed="3,0,0,5,0,91" ten="254,229,288,229" oya="3" hai0="43,94,101,4,56,113,41,30,10,126,3,8,36" hai1="69,74,89,38,90,1,99,105,51,29,17,26,72" hai2="128,97,55,114,109,104,121,134,75,49,47,48,86" hai3="98,103,2,63,111,6,66,125,85,116,44,27,18"/><W50/><G116/><T21/><D126/><U60/><E1/><V16/><F109/><W112/><G112/><T83/><D113/><U80/><E38/><V117/><F75/><W124/><G111/><T119/><D119/><U77/><E74/><V68/><F68/><W123/><G123/><T88/><D36/><U33/><E17/><V67/><F67/><W118/><G118/><T34/><D34/><U92/><E51/><V23/><F114/><W35/><G85/><N who="0" m="50239" /><D3/><U12/><E12/><V78/><F117/><W62/><G2/><T14/><D10/><U76/><E76/><V115/><F115/><W107/><G6/><T87/><D56/><U129/><E129/><V24/><F128/><W61/><G66/><T127/><D127/><U93/><E105/><V53/><F134/><W7/><G7/><T82/><D21/><U133/><E133/><V96/><F104/><W73/><G73/><T70/><D30/><U100/><E60/><V71/><F71/><W64/><G35/><T57/><D57/><U20/><E69/><V106/><F106/><W37/><G107/><T39/><D39/><U28/><REACH who="1" step="1"/><E93/><REACH who="1" ten="254,219,288,229" step="2"/><V79/><F121/><W52/><G37/><T25/><D70/><U95/><E95/><V45/><F79/><W108/><G125/><T5/><D5/><U40/><E40/><V122/><F122/><W120/><G124/><T0/><D0/><U84/><E84/><V110/><F110/><W15/><G120/><T13/><D13/><U19/><E19/><V42/><F42/><N who="3" m="24855" /><G18/><T59/><D4/><U65/><E65/><V131/><F131/><RYUUKYOKU ba="0,1" sc="254,-15,219,15,288,15,229,-15" hai1="20,26,28,29,33,72,77,80,89,90,92,99,100" hai2="16,23,24,45,47,48,49,53,55,78,86,96,97" />
</Scene>
<Scene>
<INIT seed="4,1,1,0,1,104" ten="239,234,303,214" oya="0" hai0="99,5,87,118,59,63,123,72,128,25,109,20,73" hai1="15,126,27,9,124,6,80,62,26,105,40,16,10" hai2="37,54,71,83,114,43,77,120,103,111,14,0,122" hai3="19,23,55,96,69,119,39,101,127,89,135,113,53"/><T79/><D118/><U84/><E105/><V48/><F111/><W2/><G119/><T97/><D123/><U21/><E40/><V31/><F31/><W108/><G108/><T82/><D109/><U132/><E62/><V61/><F103/><W95/><G39/><T74/><D5/><U67/><E67/><N who="2" m="41455" /><F14/><W91/><G69/><T35/><D35/><U76/><E132/><V11/><F11/><N who="1" m="4105" /><E6/><V121/><F0/><W75/><G2/><T57/><D128/><U117/><E117/><V131/><F131/><W112/><G135/><T66/><REACH who="0" step="1"/><D59/><REACH who="0" ten="229,234,303,214" step="2"/><U93/><E126/><V50/><F122/><W1/><G127/><T38/><D38/><U102/><E124/><V115/><F37/><W30/><G113/><T47/><D47/><U3/><E3/><V64/><F121/><W107/><G112/><T24/><D24/><U98/><AGARI ba="1,2" hai="15,16,21,26,27,76,80,84,93,98,102" m="4105" machi="98" ten="30,2000,0" yaku="8,1,54,1" doraHai="104" who="1" fromWho="1" sc="229,-11,234,43,303,-6,214,-6" />
</Scene>
<Scene>
<INIT seed="5,0,0,1,2,20" ten="218,277,297,208" oya="1" hai0="72,90,92,40,26,33,45,31,76,101,102,78,113" hai1="38,131,125,123,134,32,17,117,94,37,96,58,66" hai2="14,62,47,11,83,97,44,67,118,74,52,18,4" hai3="100,57,122,105,35,53,49,39,121,128,42,23,110"/><U111/><E123/><V64/><F118/><W107/><G35/><T36/><D113/><U73/><E117/><V116/><F116/><W115/><G110/><T61/><D61/><U84/><E73/><V108/><F108/><W119/><G119/><T15/><D15/><U85/><E111/><V27/><F74/><W28/><G115/><T46/><D46/><N who="2" m="17450" /><F83/><W69/><G69/><T21/><D33/><U55/><E125/><V106/><F97/><W98/><G107/><T103/><REACH who="0" step="1"/><D72/><REACH who="0" ten="208,277,297,208" step="2"/><U0/><E32/><V34/><F34/><W99/><G122/><T87/><AGARI ba="0,1" hai="21,26,31,36,40,45,76,78,87,90,92,101,102,103" machi="87" ten="30,7900,0" yaku="1,1,2,1,0,1,52,1,53,0" doraHai="20" doraHaiUra="93" who="0" fromWho="0" sc="208,89,277,-39,297,-20,208,-20" />
</Scene>
<Scene>
<INIT seed="6,0,0,5,4,96" ten="297,238,277,188" oya="2" hai0="99,45,56,11,75,20,48,47,29,90,103,67,69" hai1="60,114,21,66,6,65,115,64,63,7,102,24,41" hai2="73,134,112,70,128,77,8,124,32,98,40,127,12" hai3="58,120,104,51,80,68,74,92,130,111,39,30,34"/><V50/><F112/><N who="1" m="43049" /><E41/><V38/><F32/><W26/><G111/><T42/><D75/><U125/><E125/><V15/><F70/><W23/><G120/><T1/><D69/><U46/><E46/><V101/><F38/><W0/><G68/><T49/><D90/><U131/><E131/><V59/><F128/><W84/><G130/><T116/><D116/><U62/><E24/><V81/><F134/><W108/><G108/><T82/><D82/><U94/><E21/><V2/><F2/><W123/><G123/><T52/><D1/><U25/><E25/><V133/><F133/><W17/><G39/><T78/><D78/><U106/><E106/><V113/><F113/><W35/><G104/><T85/><D85/><U55/><E55/><N who="2" m="32247" /><F8/><W54/><G0/><T132/><D11/><U9/><E9/><V27/><F27/><W33/><G74/><T28/><D20/><U57/><E57/><V13/><F40/><W105/><G105/><T129/><D132/><U44/><E44/><V43/><F43/><W135/><G135/><T97/><D129/><U3/><E3/><V71/><F71/><W118/><G118/><T76/><D76/><U121/><E121/><V14/><N who="2" m="3072" /><DORA hai="37" /><V109/><F109/><W61/><G35/><T16/><D42/><U126/><E126/><N who="2" m="48171" /><F98/><AGARI ba="0,0" hai="6,7,60,62,63,64,65,66,94,98,102" m="43049" machi="98" ten="40,2600,0" yaku="15,1,52,1" doraHai="96,37" who="1" fromWho="2" sc="297,0,238,26,277,-26,188,0" />
</Scene>
<Scene>
<INIT seed="7,0,0,2,3,19" ten="297,264,251,188" oya="3" hai0="91,109,52,70,38,89,112,126,121,88,85,25,78" hai1="106,80,13,110,77,113,95,115,28,84,33,3,40" hai2="53,94,123,35,107,119,120,116,14,10,51,50,55" hai3="43,23,98,54,42,41,67,92,69,103,102,97,130"/><W9/><G130/><T76/><D38/><U0/><E106/><V128/><F35/><W17/><G9/><T117/><D70/><U27/><E110/><V7/><F107/><W56/><G69/><T31/><D109/><U105/><E105/><V1/><F94/><W127/><G127/><T22/><D117/><N who="2" m="45130" /><F1/><W32/><G32/><T21/><D121/><N who="2" m="46666" /><F128/><W60/><G98/><T68/><D68/><U79/><E95/><V96/><F96/><W29/><G29/><T46/><D112/><N who="1" m="43083" /><E13/><V108/><F108/><W74/><G74/><T87/><D126/><U12/><E12/><V30/><F30/><W47/><G67/><T131/><D131/><U58/><E77/><N who="0" m="29801" /><D22/><U15/><E15/><V90/><F90/><N who="3" m="55447" /><G47/><T111/><D111/><U44/><E58/><V125/><F125/><W71/><G71/><T101/><D101/><U134/><E134/><V100/><F100/><W133/><G133/><T37/><D37/><AGARI ba="0,0" hai="0,3,27,28,33,37,40,44,79,80,84" m="43083" machi="37" ten="30,1000,0" yaku="15,1" doraHai="19" who="1" fromWho="0" sc="297,-10,264,10,251,0,188,0" />
</Scene>
<Scene>
<INIT seed="8,0,0,3,1,106" ten="287,274,251,188" oya="0" hai0="8,109,41,53,119,86,2,129,20,133,104,72,9" hai1="47,90,77,13,83,64,76,3,122,49,40,14,123" hai2="10,70,25,61,1,30,51,96,82,121,78,32,98" hai3="54,55,107,110,63,100,89,24,5,111,95,12,115"/><T134/><D72/><U97/><E3/><V99/><F121/><W118/><G115/><T26/><D104/><U127/><E127/><V56/><F51/><W52/><G118/><T91/><D41/><U102/><E64/><V21/><F70/><W68/><G100/><T126/><D119/><U80/><E90/><V120/><F120/><W4/><G107/><T112/><D112/><U7/><E7/><V15/><F1/><W66/><G24/><T62/><D126/><U23/><E23/><V93/><F32/><W113/><G113/><T103/><D103/><U18/><E18/><V88/><F82/><N who="1" m="31273" /><E122/><V17/><REACH who="2" step="1"/><F78/><REACH who="2" ten="287,274,241,188" step="2"/><N who="1" m="30313" /><E123/><V0/><F0/><W117/><G117/><T22/><D2/><U60/><E60/><V135/><F135/><W132/><G132/><T27/><D133/><U31/><E31/><V45/><F45/><W16/><G111/><T114/><D109/><U128/><E128/><V44/><F44/><W85/><REACH who="3" step="1"/><G110/><REACH who="3" ten="287,274,241,178" step="2"/><T39/><D134/><U59/><E14/><V33/><F33/><W125/><G125/><T48/><D114/><U116/><E13/><V124/><F124/><W38/><G38/><T43/><D39/><U84/><E116/><V57/><F57/><W34/><G34/><T101/><D129/><U74/><E59/><V71/><F71/><W50/><G50/><T75/><D48/><U69/><E69/><V94/><F94/><W73/><G73/><T92/><D75/><U131/><E74/><V42/><F42/><W11/><AGARI ba="0,2" hai="4,5,11,12,16,52,54,55,63,66,68,85,89,95" machi="11" ten="30,8000,1" yaku="1,1,0,1,54,2,53,1" doraHai="106" doraHaiUra="58" who="3" fromWho="3" sc="287,-40,274,-20,241,-20,178,100" />
</Scene>
<Scene>
<INIT seed="9,0,0,3,1,101" ten="247,254,221,278" oya="1" hai0="78,1,92,61,57,33,60,114,43,67,89,131,96" hai1="51,124,10,64,97,75,26,70,4,54,52,81,27" hai2="34,110,41,11,93,84,58,6,44,30,135,133,86" hai3="39,38,127,73,31,53,47,100,62,24,85,134,23"/><U20/><E124/><V74/><F110/><W66/><G73/><T37/><D114/><U29/><E97/><V0/><F74/><W32/><G127/><T102/><D1/><U9/><E54/><V106/><F106/><W35/><G134/><N who="2" m="51209" /><F93/><W121/><G121/><T109/><D109/><U56/><E75/><V95/><F95/><W120/><G120/><T36/><D78/><U22/><E81/><V76/><F76/><W48/><G100/><T25/><D131/><U130/><E130/><V115/><F115/><W71/><REACH who="3" step="1"/><G85/><REACH who="3" ten="247,254,221,268" step="2"/><T126/><D126/><U104/><E104/><V8/><F8/><W16/><G16/><T68/><D102/><U90/><E10/><V105/><F105/><W117/><G117/><T19/><D19/><U12/><E9/><V3/><F3/><W83/><G83/><T69/><D92/><U80/><E4/><V59/><F86/><W119/><G119/><T91/><D96/><U7/><E7/><V49/><F84/><W118/><G118/><T122/><D122/><U50/><E80/><V28/><F30/><W132/><G132/><T2/><D2/><U65/><E90/><V123/><F123/><W87/><G87/><T94/><D94/><U98/><E98/><V17/><F17/><W79/><G79/><T5/><D5/><U21/><E29/><V18/><F18/><W103/><G103/><T45/><D91/><U82/><E82/><V55/><F41/><W13/><G13/><T40/><D89/><U113/><E12/><V15/><F15/><W128/><G128/><T107/><D107/><U14/><E14/><RYUUKYOKU ba="0,1" sc="247,-15,254,-15,221,15,268,15" hai2="0,6,11,28,34,44,49,55,58,59" hai3="23,24,31,32,35,38,39,47,48,53,62,66,71" />
</Scene>
<Scene>
<INIT seed="10,1,1,2,0,38" ten="232,239,236,283" oya="2" hai0="0,53,105,61,32,130,121,78,122,76,24,23,100" hai1="118,107,108,20,113,54,95,52,58,89,101,83,69" hai2="29,43,8,59,36,66,132,115,111,80,119,91,60" hai3="62,85,94,46,103,47,70,99,2,21,120,5,86"/><V117/><F115/><W14/><G120/><T127/><D0/><U129/><E113/><V71/><F29/><W57/><G70/><T50/><D32/><U42/><E108/><V17/><F132/><W114/><G114/><T128/><D127/><U126/><E126/><V87/><F111/><W19/><G5/><T93/><D105/><U92/><E69/><V1/><F71/><W123/><G2/><T12/><D61/><U98/><E107/><V44/><REACH who="2" step="1"/><F17/><REACH who="2" ten="232,239,226,283" step="2"/><W72/><G123/><T26/><D121/><U64/><E118/><V34/><F34/><W28/><G28/><T27/><D122/><U106/><E129/><V49/><F49/><W16/><G19/><N who="0" m="10727" /><D130/><U18/><E18/><V116/><F116/><W7/><G7/><AGARI ba="1,2" hai="1,7,8,36,43,44,59,60,66,80,87,91,117,119" machi="7" ten="40,7700,0" yaku="1,1,52,1,53,1" doraHai="38" doraHaiUra="35" who="2" fromWho="3" sc="232,0,239,0,226,100,283,-80" owari="232,-17.0,239,4.0,326,43.0,203,-30.0" />
</Scene>
</mjloggm>