<mjloggm ver="2.3"><GO type="169" lobby="0"/><UN n0="%E3%81%8B%E3%81%8D" n1="%E3%81%91%E3%82%93%31%39%37%30" n2="%E6%96%91%E7%9B%AE%56" n3="%E5%A4%AA%E3%81%8F%E3%81%AA%E3%81%84%E3%81%8A" dan="16,16,17,17" rate="2126.54,2157.77,2184.79,2241.64" sx="M,M,M,M"/><TAIKYOKU oya="0"/>

<Scene>
<INIT seed="0,0,0,0,3,50" ten="250,250,250,250" oya="0" hai0="24,55,129,2,119,78,7,58,102,95,70,54,27" hai1="4,125,110,115,10,120,11,81,104,64,111,6,89" hai2="48,30,41,122,92,35,68,5,85,123,132,22,42" hai3="69,127,86,14,135,67,83,0,3,16,117,75,71"/><T8/><BYE who="2" /><D119/><U72/><E104/><V82/><F82/><W36/><G117/><T66/><D78/><U100/><E100/><V60/><F60/><W114/><G114/><T133/><D133/><U108/><E120/><V124/><F124/><W77/><G36/><T109/><D129/><U38/><E38/><V18/><F18/><W101/><G135/><T43/><D70/><UN n2="%E6%96%91%E7%9B%AE%56" /><U12/><E64/><V13/><F68/><W88/><G101/><T33/><D43/><U93/><E125/><V112/><F13/><W23/><G127/><T99/><D109/><U74/><E81/><V20/><F22/><W94/><REACH who="3" step="1"/><G71/><REACH who="3" ten="250,250,250,240" step="2"/><T87/><D102/><U97/><REACH who="1" step="1"/><E115/><REACH who="1" ten="250,240,250,240" step="2"/><V28/><F112/><W31/><G31/><T49/><D66/><U130/><E130/><V19/><F28/><W105/><G105/><T121/><D121/><U53/><E53/><V98/><F30/><W52/><G52/><T51/><D55/><U65/><E65/><V21/><F122/><W40/><G40/><T118/><D54/><U128/><E128/><V90/><F123/><W113/><G113/><T103/><D103/><U56/><E56/><V59/><F59/><W47/><G47/><T62/><D58/><U96/><E96/><V91/><F41/><W57/><G57/><T32/><D99/><U29/><E29/><V17/><F42/><W76/><G76/><T116/><D116/><U79/><E79/><V63/><F98/><W80/><G80/><T84/><D118/><U61/><E61/><AGARI ba="0,2" hai="0,3,14,16,23,61,67,69,75,77,83,86,88,94" machi="61" ten="40,8000,1" yaku="1,1,54,2,53,1" doraHai="50" doraHaiUra="73" who="3" fromWho="1" sc="250,0,240,-80,250,0,240,100" />
</Scene>
<Scene>
<INIT seed="1,0,0,3,5,43" ten="250,160,250,340" oya="1" hai0="112,68,13,17,31,24,129,67,9,63,116,55,5" hai1="45,115,61,18,29,44,53,66,25,109,8,69,122" hai2="127,135,20,99,90,78,75,47,22,49,106,117,131" hai3="84,33,132,110,80,65,100,123,97,11,64,92,72"/><U86/><E115/><V114/><F114/><W56/><G123/><T46/><D112/><U59/><E122/><V111/><F135/><W12/><G33/><T48/><D116/><U108/><E86/><V28/><F127/><W36/><G36/><T7/><REACH who="0" step="1"/><D129/><REACH who="0" ten="240,160,250,340" step="2"/><U60/><E18/><V89/><F131/><W50/><G132/><T62/><D62/><U3/><E3/><V74/><F117/><W14/><G110/><N who="1" m="42602" /><E8/><V0/><F111/><W102/><G11/><T10/><D10/><U85/><E85/><V82/><F0/><W19/><G84/><T118/><D118/><U30/><E30/><V73/><F28/><W120/><G120/><T134/><D134/><U70/><E70/><V26/><F74/><W76/><G72/><T23/><AGARI ba="0,1" hai="5,7,9,13,17,23,24,31,46,48,55,63,67,68" machi="23" ten="20,8000,1" yaku="1,1,0,1,7,1,52,1,53,1" doraHai="43" doraHaiUra="41" who="0" fromWho="0" sc="240,90,160,-40,250,-20,340,-20" />
</Scene>
<Scene>
<INIT seed="2,0,0,2,4,62" ten="330,120,230,320" oya="2" hai0="95,113,19,11,16,102,34,91,38,25,37,133,92" hai1="107,21,8,106,73,122,39,101,31,78,93,0,6" hai2="85,87,109,40,77,79,41,83,97,123,112,116,47" hai3="89,111,10,127,128,58,135,48,134,1,115,63,126"/><V14/><F123/><W4/><G111/><T81/><D113/><U66/><E122/><V114/><F116/><W124/><G115/><T57/><D133/><N who="3" m="50697" /><G89/><T108/><D108/><U56/><E39/><V15/><F109/><W54/><G48/><T119/><D119/><U82/><E93/><V61/><F97/><W132/><G132/><T59/><D34/><U131/><E131/><AGARI ba="0,0" hai="1,4,10,54,58,63,124,126,127,128,131" m="50697" machi="131" ten="40,8000,1" yaku="30,2,18,1,20,1" doraHai="62" who="3" fromWho="1" sc="330,0,120,-80,230,0,320,80" />
</Scene>
<Scene>
<INIT seed="3,0,0,3,5,100" ten="330,40,230,400" oya="3" hai0="95,66,21,86,5,129,76,58,60,98,135,106,72" hai1="2,3,97,96,19,9,43,65,131,80,14,130,57" hai2="4,62,31,92,134,12,127,24,35,71,52,121,22" hai3="51,29,117,84,73,69,94,40,7,39,61,36,50"/><W93/><G73/><T67/><D135/><U109/><E109/><V49/><F127/><W115/><G115/><T79/><D129/><N who="1" m="49163" /><E43/><V105/><F121/><W55/><G117/><T23/><D72/><U81/><E65/><V101/><F134/><W120/><G120/><T112/><D112/><U114/><E57/><V83/><F83/><N who="1" m="31817" /><E114/><V10/><F22/><N who="0" m="8202" /><D106/><U75/><E75/><V111/><F111/><W70/><G40/><T88/><D5/><U15/><E15/><V133/><F133/><W34/><G7/><T108/><D108/><U124/><E124/><V113/><F113/><W126/><G126/><T25/><D25/><U63/><E63/><V107/><F62/><W87/><G61/><T118/><D118/><U122/><E122/><V125/><F71/><W54/><REACH who="3" step="1"/><G29/><REACH who="3" ten="330,40,230,390" step="2"/><T103/><D66/><U85/><E85/><V91/><F125/><W18/><G18/><T0/><D67/><U33/><E33/><AGARI ba="0,1" hai="33,34,36,39,50,51,54,55,69,70,84,87,93,94" machi="33" ten="25,4800,0" yaku="1,1,22,2,53,0" doraHai="100" doraHaiUra="119" who="3" fromWho="1" sc="330,0,40,-48,230,0,390,58" owari="330,13.0,-8,-51.0,230,-17.0,448,55.0" />
</Scene>
</mjloggm>