<mjloggm ver="2.3"><GO type="169" lobby="0"/><UN n0="%68%6F%73%69%67%61%6D%69" n1="%E6%AE%8B%E5%B0%BF%E6%84%9F%E3%81%AA%E3%81%84%EF%BC%9F" n2="%E5%A4%AA%E3%81%8F%E3%81%AA%E3%81%84%E3%81%8A" n3="%E2%80%A0%E3%81%BE%E3%83%BC%E5%9D%8A%E2%80%A0" dan="16,17,18,17" rate="2122.46,2218.04,2231.63,2140.37" sx="M,F,F,M"/><TAIKYOKU oya="0"/>

<Scene>
<INIT seed="0,0,0,3,5,110" ten="250,250,250,250" oya="0" hai0="62,92,132,85,113,11,2,38,96,69,23,134,17" hai1="75,70,77,105,129,53,101,117,114,133,81,34,24" hai2="33,26,12,59,8,130,94,88,29,28,20,122,50" hai3="35,100,128,135,78,79,127,63,3,118,0,22,125"/><T112/><D38/><U115/><E70/><V42/><F122/><W76/><G35/><T109/><D109/><U25/><E117/><V84/><F130/><W41/><G118/><T83/><D11/><U99/><E129/><V58/><F33/><W14/><G128/><T31/><D2/><U60/><E133/><N who="0" m="51305" /><D31/><U80/><E80/><V71/><F71/><W123/><G123/><T1/><D1/><U124/><E124/><N who="3" m="47690" /><G135/><T119/><D119/><U68/><E53/><V106/><F106/><W65/><G100/><N who="0" m="60423" /><D62/><U52/><E52/><N who="2" m="32023" /><F42/><W87/><G41/><T37/><D37/><U54/><E54/><V4/><F59/><N who="3" m="37119" /><G87/><T90/><D69/><U55/><E55/><V61/><F61/><W57/><G57/><T91/><D91/><U46/><E46/><V19/><AGARI ba="0,0" hai="4,8,12,19,20,26,28,29,84,88,94" m="32023" machi="19" ten="30,4000,0" yaku="8,1,54,2" doraHai="110" who="2" fromWho="2" sc="250,-20,250,-10,250,40,250,-10" />
</Scene>
<Scene>
<INIT seed="1,0,0,4,0,48" ten="230,240,290,240" oya="1" hai0="115,135,95,57,62,36,29,114,20,24,50,58,108" hai1="22,41,4,91,80,23,39,56,106,8,93,120,123" hai2="99,33,74,78,125,18,55,35,72,69,128,124,60" hai3="66,3,110,71,102,112,0,90,131,105,14,119,117"/><U25/><E106/><V84/><F128/><W132/><G112/><T68/><D36/><U34/><E34/><V126/><F99/><N who="3" m="61663" /><G131/><T52/><D68/><U64/><E39/><V116/><F116/><W10/><G90/><T98/><D108/><U97/><E41/><V96/><F96/><W70/><G110/><T45/><D135/><U61/><E80/><N who="2" m="47127" /><F18/><W77/><G77/><T101/><REACH who="0" step="1"/><D58/><REACH who="0" ten="220,240,290,240" step="2"/><U1/><REACH who="1" step="1"/><E23/><REACH who="1" ten="220,230,290,240" step="2"/><V37/><F37/><W73/><G117/><T9/><D9/><U42/><E42/><AGARI ba="0,2" hai="20,24,29,42,45,50,52,57,62,95,98,101,114,115" machi="42" ten="30,7700,0" yaku="1,1,7,1,52,1,54,1,53,0" doraHai="48" doraHaiUra="31" who="0" fromWho="1" sc="220,97,230,-77,290,0,240,0" />
</Scene>
<Scene>
<INIT seed="2,0,0,2,4,53" ten="317,153,290,240" oya="2" hai0="102,123,44,99,117,42,124,3,87,71,67,10,20" hai1="122,75,110,48,13,35,64,24,81,79,114,29,14" hai2="100,76,4,5,18,89,105,25,108,82,98,104,107" hai3="134,11,118,132,111,51,112,6,103,86,9,41,55"/><V39/><F39/><W94/><G118/><T72/><D72/><U74/><E110/><V129/><F129/><W80/><G111/><T119/><D123/><U131/><E114/><V57/><F108/><W58/><G41/><T2/><D124/><U15/><E131/><V92/><F100/><W63/><G112/><T93/><D20/><U126/><E126/><V85/><F18/><W83/><G63/><N who="0" m="40447" /><D87/><U23/><E122/><V88/><F25/><W73/><G73/><T32/><D10/><U16/><E75/><V43/><F43/><W59/><G9/><T8/><D8/><U62/><REACH who="1" step="1"/><E48/><REACH who="1" ten="317,143,290,240" step="2"/><V128/><F128/><W19/><G134/><T49/><D49/><U84/><E84/><V46/><F46/><W38/><G86/><T17/><D44/><U37/><E37/><V40/><F40/><W120/><G132/><T31/><D42/><U91/><E91/><V90/><F89/><W28/><G120/><T22/><D119/><U0/><E0/><V95/><F90/><W69/><G38/><T52/><D2/><U115/><E115/><V45/><F45/><W50/><G50/><T121/><D3/><U66/><E66/><V61/><REACH who="2" step="1"/><F95/><REACH who="2" ten="317,143,280,240" step="2"/><W78/><G94/><T96/><D93/><U130/><E130/><V1/><F1/><W70/><G103/><T33/><D102/><U34/><E34/><V26/><F26/><W106/><G80/><T54/><D33/><U68/><AGARI ba="0,2" hai="13,14,15,16,23,24,29,35,62,64,68,74,79,81" machi="68" ten="20,5200,0" yaku="1,1,0,1,7,1,54,1,53,0" doraHai="53" doraHaiUra="116" who="1" fromWho="1" sc="317,-13,143,72,280,-26,240,-13" />
</Scene>
<Scene>
<INIT seed="3,0,0,5,5,24" ten="304,215,254,227" oya="3" hai0="50,15,0,64,77,19,45,37,26,6,95,111,9" hai1="22,58,100,123,99,121,73,122,27,42,107,33,126" hai2="84,133,59,51,36,96,63,135,48,118,12,97,80" hai3="79,72,108,61,28,41,11,114,53,20,115,43,113"/><W74/><G79/><T40/><D111/><U78/><E42/><V127/><F36/><W86/><G108/><T47/><D64/><U89/><E58/><V93/><F118/><W30/><G11/><T106/><D106/><U66/><E66/><N who="2" m="39295" /><F127/><W25/><G86/><T55/><D77/><U3/><E3/><V62/><F62/><W91/><G91/><T2/><D95/><U29/><E89/><N who="2" m="51335" /><F12/><W119/><G119/><T4/><D0/><U103/><E103/><N who="2" m="60815" /><F97/><W68/><G68/><T7/><REACH who="0" step="1"/><D2/><REACH who="0" ten="294,215,254,227" step="2"/><U1/><E1/><V87/><F87/><W83/><G114/><T92/><D92/><U105/><E105/><V32/><F32/><W130/><G113/><T132/><D132/><AGARI ba="0,1" hai="48,51,132,133,135" m="60815,51335,39295" machi="132" ten="30,1000,0" yaku="20,1" doraHai="24" who="2" fromWho="0" sc="294,-10,215,0,254,20,227,0" />
</Scene>
<Scene>
<INIT seed="4,0,0,2,5,99" ten="284,215,274,227" oya="0" hai0="29,122,109,75,45,20,67,22,72,115,81,91,132" hai1="26,106,85,23,9,7,49,128,111,110,114,13,21" hai2="14,18,95,69,102,135,68,71,42,6,57,50,94" hai3="129,32,92,76,118,63,10,12,36,78,66,31,16"/><T2/><D122/><U3/><E106/><V120/><F120/><W90/><G36/><T1/><D115/><U38/><E38/><V83/><F135/><W70/><G118/><T37/><D132/><U80/><E114/><V8/><F83/><W130/><G31/><T73/><D67/><U119/><E119/><V125/><F125/><W30/><G30/><T62/><D62/><U96/><E128/><N who="3" m="49258" /><G32/><T104/><D104/><U27/><E96/><AGARI ba="0,0" hai="10,12,16,63,66,70,76,78,90,92,96" m="49258" machi="96" ten="30,2000,0" yaku="19,1,54,1" doraHai="99" who="3" fromWho="1" sc="284,0,215,-20,274,0,227,20" />
</Scene>
<Scene>
<INIT seed="5,0,0,0,5,107" ten="284,195,274,247" oya="1" hai0="79,96,115,65,7,133,10,95,84,34,97,123,94" hai1="80,129,124,113,116,93,82,54,74,32,58,8,40" hai2="45,71,3,70,60,114,27,78,13,98,43,2,85" hai3="131,51,128,56,76,31,118,122,24,28,30,6,86"/><U9/><E116/><V11/><F114/><W103/><G122/><T47/><D34/><U99/><E32/><V15/><F27/><W110/><G110/><T127/><D65/><U100/><E40/><V90/><F98/><W109/><G109/><T134/><D47/><U26/><E113/><V19/><F78/><W16/><G6/><T64/><D64/><U14/><E74/><V89/><F60/><W39/><G39/><T25/><D25/><U106/><E106/><V135/><F135/><N who="0" m="51722" /><D10/><U36/><E36/><V83/><F90/><W125/><G103/><N who="0" m="60823" /><D7/><U37/><E124/><V77/><F89/><W53/><G125/><T1/><D1/><U35/><E129/><V130/><F130/><W120/><G128/><T112/><D127/><U63/><E37/><V66/><F66/><W87/><G131/><T88/><D123/><U48/><E9/><N who="2" m="6575" /><F2/><W121/><G120/><T101/><D79/><U126/><E126/><V33/><F3/><W46/><G76/><T132/><N who="0" m="51730" /><T104/><AGARI ba="0,0" hai="84,88,95,97,101,104,112,115" m="60823,51730" machi="104" ten="40,8000,1" yaku="4,1,20,1,34,2,54,1" doraHai="107" who="0" fromWho="0" sc="284,80,195,-40,274,-20,247,-20" />
</Scene>
<Scene>
<INIT seed="6,0,0,4,0,70" ten="364,155,254,227" oya="2" hai0="19,67,6,111,31,115,7,113,12,87,38,40,83" hai1="129,30,33,90,102,81,53,43,41,98,128,105,89" hai2="16,66,95,68,28,134,91,39,131,82,24,37,8" hai3="130,97,88,94,54,110,64,22,123,79,35,132,107"/><V27/><F131/><N who="1" m="50249" /><E33/><V62/><F134/><W126/><G35/><T124/><D111/><U118/><E30/><V78/><F8/><W47/><G123/><T9/><D124/><U80/><E53/><V71/><F71/><W114/><G126/><T75/><D75/><U106/><E43/><V45/><F45/><W59/><G110/><T117/><D117/><U2/><E41/><V60/><F60/><W84/><G114/><N who="0" m="43531" /><D31/><U58/><E58/><V104/><F104/><N who="1" m="40041" /><E2/><V0/><F0/><W25/><G132/><T29/><D29/><U120/><E118/><V85/><F16/><N who="3" m="12487" /><G107/><T72/><D67/><U103/><E120/><V112/><F112/><W5/><G5/><T50/><D50/><U52/><E52/><V10/><F10/><W48/><G130/><T86/><D6/><U125/><E125/><V109/><F109/><W73/><G73/><T51/><D51/><U93/><E102/><V76/><F27/><W101/><G64/><T18/><D18/><U15/><E15/><V42/><F42/><W13/><G13/><T23/><D9/><U77/><E81/><V92/><F24/><W99/><G47/><N who="0" m="23959" /><D7/><U65/><E65/><V14/><F14/><W26/><G26/><T57/><D57/><U21/><E21/><V46/><F28/><W55/><G59/><T49/><D49/><U34/><E34/><V74/><F46/><W17/><G17/><T44/><D44/><U116/><E116/><V121/><F121/><W36/><G48/><T96/><D19/><U61/><E61/><V127/><F127/><W133/><G55/><T63/><D63/><RYUUKYOKU ba="0,0" sc="364,-10,155,30,254,-10,227,-10" hai1="77,80,89,90,93,98,103" />
</Scene>
<Scene>
<INIT seed="7,1,0,0,3,46" ten="354,185,244,217" oya="3" hai0="50,36,95,97,119,32,2,84,37,131,90,68,79" hai1="92,117,111,7,22,103,59,28,13,69,105,75,41" hai2="30,87,89,43,91,93,5,134,60,35,61,124,101" hai3="115,77,70,113,18,51,96,83,47,25,34,63,100"/><W64/><G18/><T108/><D68/><U126/><E111/><V23/><F35/><W3/><G3/><T15/><D2/><U80/><E126/><V128/><F124/><W133/><G133/><T11/><D32/><U42/><E69/><V123/><F134/><W56/><G56/><T106/><D131/><U10/><E105/><V86/><F128/><W116/><G116/><T74/><D74/><U118/><E75/><V107/><F123/><W31/><G83/><T1/><D1/><U20/><E80/><N who="2" m="49351" /><F107/><N who="3" m="63879" /><G77/><T40/><D79/><U94/><E118/><V109/><F109/><W62/><G62/><T19/><D106/><U121/><E121/><V71/><F71/><W27/><G27/><T4/><D36/><U110/><E110/><V81/><F5/><W21/><G21/><N who="1" m="8298" /><E117/><V132/><F132/><W54/><AGARI ba="1,0" hai="25,31,34,47,51,54,63,64,70,113,115" m="63879" machi="54" ten="30,3000,0" yaku="25,1,52,1" doraHai="46" who="3" fromWho="3" sc="354,-11,185,-11,244,-11,217,33" />
</Scene>
<Scene>
<INIT seed="7,2,0,4,0,125" ten="343,174,233,250" oya="3" hai0="106,40,20,69,77,95,61,45,108,80,19,134,127" hai1="18,16,100,33,82,89,74,71,37,63,66,5,4" hai2="130,88,42,120,104,84,15,2,53,81,122,12,119" hai3="94,123,121,52,22,90,102,115,10,0,46,128,99"/><W64/><G64/><T7/><D106/><U68/><E33/><V11/><F119/><W118/><G118/><T44/><D108/><U65/><E37/><V50/><F104/><W3/><G115/><T111/><D111/><U25/><E100/><V93/><F42/><W47/><G0/><T13/><D127/><U72/><E25/><V73/><F130/><W91/><G3/><T24/><D134/><U55/><E63/><V58/><F2/><W35/><G128/><T26/><D95/><U85/><E85/><V76/><F11/><W57/><G10/><T98/><D98/><U97/><E97/><V21/><F21/><W60/><G35/><T49/><D7/><U48/><E48/><V67/><F67/><W96/><G121/><AGARI ba="2,0" hai="12,15,50,53,58,73,76,81,84,88,93,120,121,122" machi="121" ten="40,2600,0" yaku="13,1,54,1" doraHai="125" who="2" fromWho="3" sc="343,0,174,0,233,32,250,-32" owari="343,44.0,174,-33.0,265,7.0,218,-18.0" />
</Scene>
</mjloggm>