<mjloggm ver="2.3"><GO type="169" lobby="0"/><UN n0="%33%35%2B" n1="%E9%A2%A8%E8%BB%8A%E3%81%AE%E7%B5%B5%E7%90%86%E5%AD%90" n2="%74%61%72%6F%33%39%30%30" n3="%E5%A4%AA%E3%81%8F%E3%81%AA%E3%81%84%E3%81%8A" dan="16,17,18,18" rate="2131.99,2192.62,2156.94,2309.64" sx="M,F,M,M"/><TAIKYOKU oya="0"/>

<Scene>
<INIT seed="0,0,0,1,5,45" ten="250,250,250,250" oya="0" hai0="42,107,57,12,90,115,38,109,40,94,64,5,23" hai1="31,47,29,116,67,130,134,108,105,114,123,59,101" hai2="113,32,2,71,118,121,117,84,120,49,76,66,51" hai3="95,61,110,28,14,83,80,106,54,75,133,13,30"/><T58/><D115/><U85/><E114/><V35/><F2/><W87/><G106/><T9/><D107/><U82/><E123/><N who="2" m="47179" /><F113/><W1/><G1/><T22/><D109/><U36/><E116/><N who="2" m="44651" /><F66/><W72/><G95/><T89/><D38/><U20/><E134/><V11/><F11/><W125/><G133/><T111/><D111/><U79/><E108/><V37/><F37/><W65/><G110/><T25/><D23/><U100/><E130/><V4/><F4/><W48/><G125/><T128/><D128/><U33/><E33/><N who="2" m="12875" /><F71/><W103/><G65/><T39/><D39/><U112/><E112/><V91/><F76/><W7/><G7/><T0/><D0/><U102/><E105/><V26/><F26/><W21/><G13/><T86/><D89/><U68/><E68/><V70/><F70/><W6/><G14/><T124/><D124/><U52/><E67/><V43/><F43/><N who="0" m="16426" /><D64/><U129/><E129/><V27/><F27/><W104/><G104/><T74/><D74/><U63/><E36/><V127/><F127/><W77/><G72/><T19/><AGARI ba="0,0" hai="5,9,12,19,22,25,57,58,86,90,94" m="16426" machi="19" ten="30,1500,0" yaku="8,1" doraHai="45" who="0" fromWho="0" sc="250,15,250,-5,250,-5,250,-5" />
</Scene>
<Scene>
<INIT seed="0,1,0,5,1,81" ten="265,245,245,245" oya="0" hai0="131,123,87,133,71,117,124,101,78,100,90,134,44" hai1="14,2,128,3,15,130,125,37,80,25,19,85,107" hai2="38,69,122,55,56,17,46,115,113,54,105,32,92" hai3="16,33,63,118,95,42,129,51,50,24,99,27,89"/><T49/><D71/><U18/><E107/><V72/><F105/><W64/><G118/><T104/><D117/><U83/><E25/><V34/><F69/><W48/><G129/><T106/><D131/><U68/><E68/><V20/><F72/><W94/><G33/><T77/><D123/><U52/><E37/><V45/><F122/><W7/><G7/><T4/><D4/><U43/><E43/><V119/><F119/><W114/><G114/><T88/><D49/><U29/><E29/><V40/><F46/><W127/><G127/><T73/><D44/><U121/><E121/><V5/><F5/><W23/><G27/><T0/><D0/><U62/><E62/><V97/><F32/><W12/><G24/><T98/><D73/><U112/><E125/><V116/><F34/><W53/><G42/><T21/><D21/><U75/><E75/><V93/><F116/><W61/><G64/><T9/><D9/><U67/><E67/><V76/><F54/><W30/><G30/><T1/><D1/><U6/><E6/><V47/><F55/><W31/><G31/><T10/><D10/><U70/><E70/><V59/><F40/><W36/><G36/><T22/><D22/><U91/><E91/><N who="0" m="34857" /><D124/><U135/><E112/><V111/><F38/><W66/><G66/><T60/><D60/><N who="3" m="23113" /><G53/><T110/><D110/><U57/><E52/><V102/><F111/><W108/><G108/><T120/><D120/><U132/><E57/><N who="2" m="22091" /><F115/><W65/><G65/><T11/><D11/><U35/><E35/><V84/><F113/><W79/><G50/><T109/><D109/><RYUUKYOKU ba="1,0" sc="265,-10,245,30,245,-10,245,-10" hai1="2,3,14,15,18,19,80,83,85,128,130,132,135" />
</Scene>
<Scene>
<INIT seed="1,2,0,2,3,131" ten="255,275,235,235" oya="1" hai0="11,36,13,60,10,33,19,34,5,105,8,38,64" hai1="126,7,14,110,9,135,66,37,32,113,16,73,42" hai2="108,75,89,79,129,111,61,15,1,70,39,40,88" hai3="18,68,72,133,83,96,121,29,41,57,43,44,94"/><U115/><E73/><V114/><F1/><W24/><G68/><T76/><D105/><U84/><E32/><V80/><F129/><W87/><G72/><T74/><D10/><U116/><E116/><V86/><F114/><W125/><G121/><T22/><D11/><U3/><E66/><N who="2" m="41295" /><F15/><W97/><G125/><T59/><D34/><U107/><E107/><V50/><F39/><W117/><G18/><T95/><D33/><U122/><E122/><V54/><F40/><W127/><G127/><T100/><D100/><U90/><E126/><V20/><F20/><W28/><G57/><T48/><D48/><U102/><E102/><V46/><F75/><W104/><G117/><T55/><D95/><U130/><E130/><V35/><F35/><W56/><G56/><T103/><D103/><U119/><E119/><V21/><F21/><W2/><G2/><T81/><REACH who="0" step="1"/><D64/><REACH who="0" ten="245,275,235,235" step="2"/><U98/><E113/><V134/><F111/><W91/><G94/><T71/><D71/><U78/><E110/><V0/><F108/><W132/><G104/><T53/><D53/><U27/><E115/><V99/><F54/><W85/><G43/><T112/><D112/><U25/><E42/><V92/><F50/><W128/><G128/><T93/><D93/><U109/><E109/><V65/><F65/><W67/><G67/><T69/><D69/><U12/><E9/><V118/><F118/><W30/><G41/><T77/><D77/><U23/><E78/><V101/><F92/><W120/><G91/><T123/><D123/><U82/><E90/><V45/><F101/><W26/><G120/><RYUUKYOKU ba="2,1" sc="245,30,275,-10,235,-10,235,-10" hai0="5,8,13,19,22,36,38,55,59,60,74,76,81" />
</Scene>
<Scene>
<INIT seed="2,3,1,1,0,123" ten="275,265,225,225" oya="2" hai0="119,79,93,29,61,18,23,121,56,102,101,73,49" hai1="109,132,131,59,14,81,52,105,15,22,44,96,130" hai2="67,108,100,92,84,78,45,50,39,106,43,129,36" hai3="26,65,62,94,55,116,107,9,30,42,97,90,89"/><V134/><F129/><W122/><G122/><T33/><D119/><U38/><E132/><V70/><F134/><W114/><G116/><T135/><D135/><U117/><E117/><V3/><F3/><W111/><G114/><T19/><D33/><U25/><E81/><V46/><F106/><W16/><G42/><T58/><D73/><U8/><E44/><V51/><F70/><W128/><G128/><T98/><D79/><U10/><E38/><V133/><F67/><W69/><G107/><T112/><D112/><U2/><E2/><V82/><F133/><W24/><G55/><N who="0" m="31855" /><D101/><U64/><E64/><V127/><F127/><W47/><G47/><T75/><D75/><U17/><E96/><V35/><F35/><W99/><G30/><T85/><D85/><U126/><E105/><V118/><F118/><W34/><G34/><T57/><D57/><U0/><E0/><V28/><F28/><W88/><G111/><T41/><D41/><U76/><E76/><V11/><F108/><W80/><G80/><T113/><D113/><U68/><E68/><V7/><F39/><W77/><G77/><T124/><D124/><U110/><E126/><V1/><REACH who="2" step="1"/><F46/><REACH who="2" ten="275,265,215,225" step="2"/><W31/><G31/><T37/><D37/><U60/><E131/><V87/><F87/><W54/><G69/><T4/><D121/><U21/><E130/><V71/><F71/><W104/><G104/><T103/><D29/><N who="1" m="17583" /><E110/><V5/><F5/><W86/><G65/><T91/><D4/><N who="1" m="3335" /><E109/><V6/><F6/><W53/><G86/><T95/><D18/><U74/><E74/><V27/><F27/><RYUUKYOKU ba="3,2" sc="275,-15,265,15,215,15,225,-15" hai1="10,15,17,22,52,59,60" hai2="1,7,11,36,43,45,50,51,78,82,84,92,100" />
</Scene>
<Scene>
<INIT seed="2,4,2,0,4,85" ten="260,280,230,210" oya="2" hai0="36,90,89,65,84,45,62,116,94,19,64,92,124" hai1="54,56,25,24,121,105,133,5,113,58,17,88,37" hai2="76,72,93,7,59,68,80,15,129,13,22,120,78" hai3="20,47,122,71,43,4,109,35,103,1,125,6,87"/><V77/><F68/><W127/><G35/><T75/><D75/><U135/><E37/><V104/><F104/><W102/><G122/><T128/><D116/><U30/><E105/><V39/><F120/><W49/><G71/><T108/><D128/><U111/><E121/><V55/><F39/><W73/><G73/><T27/><D124/><N who="3" m="47689" /><G109/><T23/><D108/><U29/><E5/><N who="3" m="2154" /><G1/><T46/><D36/><U91/><E111/><V70/><F70/><W34/><G34/><T132/><D132/><N who="1" m="50763" /><E113/><V28/><F129/><W123/><G123/><T81/><D81/><U2/><E2/><V134/><F134/><W40/><G40/><T130/><D130/><U117/><E117/><V60/><F7/><W115/><G115/><T131/><D131/><U18/><E18/><V8/><F80/><W53/><G87/><N who="0" m="52287" /><D62/><N who="1" m="36119" /><E58/><V107/><F72/><W83/><G83/><T44/><AGARI ba="4,2" hai="19,23,27,44,45,46,64,65,84,90,94" m="52287" machi="44" ten="30,4000,0" yaku="8,1,52,2" doraHai="85" who="0" fromWho="0" sc="260,72,280,-14,230,-24,210,-14" />
</Scene>
<Scene>
<INIT seed="3,0,0,3,1,127" ten="332,266,206,196" oya="3" hai0="34,30,116,112,22,97,72,42,59,4,39,95,76" hai1="58,67,75,111,91,81,71,74,40,133,135,17,90" hai2="13,57,70,51,122,48,130,106,35,52,63,45,5" hai3="110,62,1,73,68,113,11,101,69,79,32,47,105"/><W14/><G113/><T23/><D112/><U55/><E40/><V60/><F35/><W24/><G110/><T103/><D116/><U2/><E2/><V26/><F106/><W56/><G47/><T38/><D4/><U37/><E37/><V20/><F122/><W18/><G73/><T125/><D125/><U115/><E115/><V109/><F109/><W53/><G79/><T6/><D6/><U98/><E111/><V132/><F132/><W8/><G1/><T9/><D9/><U31/><E31/><V43/><F70/><W29/><REACH who="3" step="1"/><G11/><REACH who="3" ten="332,266,206,186" step="2"/><T128/><D76/><U114/><E114/><V33/><F33/><W87/><G87/><T27/><D72/><U0/><E0/><V36/><F36/><W107/><G107/><T77/><D77/><U93/><E75/><V65/><F45/><W19/><G19/><T28/><D34/><U89/><E17/><V92/><F5/><W25/><G25/><T86/><D38/><U50/><E135/><V3/><F26/><W78/><G78/><T7/><D7/><U21/><E133/><V99/><F3/><W126/><G126/><T54/><D86/><U66/><E74/><V102/><F20/><W84/><G84/><T108/><D22/><U120/><E21/><V100/><F13/><W61/><G61/><T49/><D108/><U16/><E16/><V64/><F63/><W85/><G85/><T131/><D30/><U96/><E120/><V12/><F60/><W124/><G124/><T44/><AGARI ba="0,1" hai="23,27,28,39,42,44,49,54,59,95,97,103,128,131" machi="44" ten="30,4000,0" yaku="0,1,52,2" doraHai="127" who="0" fromWho="0" sc="332,50,266,-10,206,-10,186,-20" />
</Scene>
<Scene>
<INIT seed="4,0,0,2,4,132" ten="382,256,196,166" oya="0" hai0="115,23,114,130,51,14,134,93,22,76,16,104,120" hai1="87,57,68,88,59,61,55,85,94,100,122,66,71" hai2="41,75,124,32,106,103,118,0,82,50,28,105,78" hai3="26,63,42,79,11,73,21,13,18,123,45,91,112"/><T49/><D134/><U113/><E122/><V90/><F118/><W80/><G112/><N who="0" m="43051" /><D104/><U119/><E113/><V102/><F0/><W116/><G123/><T101/><D130/><U127/><E119/><V20/><F32/><W65/><G116/><T3/><D3/><U121/><E121/><V5/><F5/><W54/><G54/><T2/><D2/><U35/><E35/><V43/><F28/><W47/><G91/><T126/><D76/><U95/><E127/><V62/><F124/><W1/><G1/><T30/><D126/><U69/><E100/><V10/><F10/><W9/><G42/><T36/><D36/><U33/><E33/><V84/><F20/><W97/><G97/><N who="0" m="59567" /><D120/><U133/><E133/><V70/><F106/><W56/><REACH who="3" step="1"/><G11/><REACH who="3" ten="382,256,196,156" step="2"/><T7/><D7/><AGARI ba="0,1" hai="7,9,13,18,21,26,45,47,56,63,65,73,79,80" machi="7" ten="30,3900,0" yaku="1,1,2,1,7,1,53,0" doraHai="132" doraHaiUra="131" who="3" fromWho="0" sc="382,-39,256,0,196,0,156,49" />
</Scene>
<Scene>
<INIT seed="5,0,0,2,0,113" ten="343,256,196,205" oya="1" hai0="66,116,114,76,134,81,43,117,110,24,59,108,47" hai1="39,19,1,90,35,119,133,122,29,105,129,27,7" hai2="51,125,70,120,23,15,3,37,5,111,56,67,128" hai3="93,118,64,16,44,30,102,130,0,52,17,127,72"/><U54/><E105/><V98/><F111/><W61/><G72/><T91/><D91/><U85/><E39/><V100/><F120/><W48/><G0/><T109/><D24/><U38/><E38/><V115/><F37/><W34/><G130/><T107/><D114/><U53/><E122/><V68/><F115/><W88/><G102/><T13/><D107/><U74/><E74/><V94/><F125/><W96/><G127/><T126/><D126/><U32/><E32/><V82/><F128/><W2/><G2/><T71/><D13/><U132/><E129/><V9/><F82/><W106/><G106/><T6/><D6/><U83/><E19/><V73/><F73/><W18/><G118/><T121/><D121/><U79/><E119/><N who="0" m="45641" /><D81/><U14/><E1/><V12/><F15/><W46/><G46/><T131/><D76/><U28/><E28/><V84/><F84/><W20/><G34/><T78/><D78/><U50/><E79/><V10/><F23/><W92/><G92/><T60/><D131/><U89/><E89/><V77/><F77/><W86/><G86/><T11/><D11/><N who="1" m="4479" /><E50/><V57/><F10/><W4/><G4/><T112/><D112/><U99/><E99/><V8/><F9/><W65/><G61/><T75/><D75/><U135/><AGARI ba="0,0" hai="27,29,35,53,54,83,85,90,132,133,135" m="4479" machi="135" ten="30,1500,0" yaku="20,1" doraHai="113" who="1" fromWho="1" sc="343,-5,256,15,196,-5,205,-5" />
</Scene>
<Scene>
<INIT seed="5,1,0,5,3,66" ten="338,271,191,200" oya="1" hai0="35,71,129,28,130,126,101,81,133,116,20,75,47" hai1="65,5,104,11,13,29,41,74,60,64,58,61,91" hai2="103,7,57,45,22,93,12,4,50,10,118,99,31" hai3="114,113,44,14,27,40,100,111,3,25,33,0,112"/><U85/><E74/><V119/><F57/><W63/><G111/><T23/><D116/><U125/><E125/><V80/><F80/><W127/><G127/><T49/><D126/><U122/><E104/><V59/><F59/><W37/><G100/><T8/><D101/><U73/><E73/><V89/><F103/><W48/><G63/><T15/><D133/><U9/><E122/><V19/><F31/><N who="3" m="19695" /><G14/><T70/><D35/><U54/><E41/><V68/><F68/><W21/><G37/><T124/><D124/><U97/><E97/><V18/><F18/><AGARI ba="1,0" hai="0,3,18,21,27,40,44,48,112,113,114" m="19695" machi="18" ten="30,1000,0" yaku="15,1" doraHai="66" who="3" fromWho="2" sc="338,0,271,0,191,-13,200,13" />
</Scene>
<Scene>
<INIT seed="6,0,0,0,3,105" ten="338,271,178,213" oya="2" hai0="30,84,22,71,5,131,21,93,16,46,47,33,65" hai1="81,4,86,2,70,125,12,120,108,130,91,92,29" hai2="134,11,55,14,66,107,19,28,10,123,37,58,73" hai3="114,97,89,96,104,59,124,121,41,53,42,51,119"/><V63/><F123/><W88/><G121/><T56/><D71/><U76/><E70/><V45/><F107/><W101/><G119/><T40/><D33/><U1/><E120/><V80/><F28/><W61/><G124/><T57/><D131/><U127/><E108/><V35/><F35/><W113/><G97/><T62/><D5/><U98/><E29/><V87/><F134/><W8/><G8/><T32/><D32/><U27/><E27/><V102/><F102/><W77/><G77/><T34/><D34/><U126/><E130/><V25/><F25/><W50/><G50/><N who="0" m="26951" /><D47/><U83/><E83/><V52/><F73/><W129/><G129/><T60/><D30/><U122/><E122/><V0/><F37/><W78/><G78/><T74/><D74/><U85/><E98/><V31/><F31/><W48/><G48/><T112/><D112/><N who="3" m="43113" /><G42/><T100/><D16/><U67/><E67/><V13/><F45/><AGARI ba="0,0" hai="41,45,51,53,59,61,88,89,96,101,104" m="43113" machi="45" ten="30,3900,0" yaku="15,1,11,1,54,1" doraHai="105" who="3" fromWho="2" sc="338,0,271,0,178,-39,213,39" />
</Scene>
<Scene>
<INIT seed="7,0,0,1,5,133" ten="338,271,139,252" oya="3" hai0="121,69,44,93,73,22,31,130,96,51,16,82,54" hai1="35,7,36,94,135,11,41,118,3,12,109,63,43" hai2="30,64,29,19,13,70,85,80,127,79,18,88,106" hai3="66,132,75,27,20,38,68,76,95,62,100,131,120"/><W90/><G120/><T14/><D130/><U9/><E109/><V108/><F108/><W23/><G38/><T114/><D114/><U55/><E35/><V61/><F106/><W46/><G132/><T0/><D69/><U37/><E135/><V128/><F128/><W81/><G131/><T8/><D121/><U97/><E118/><V113/><F113/><W2/><G2/><T21/><D0/><U105/><E105/><V1/><F1/><W50/><G100/><T48/><D31/><U77/><E77/><V124/><F79/><W129/><G27/><T107/><D107/><U56/><E37/><V58/><F70/><W119/><G119/><T116/><D116/><U99/><E99/><V40/><F40/><W87/><REACH who="3" step="1"/><G129/><REACH who="3" ten="338,271,139,242" step="2"/><T65/><D73/><U25/><E36/><V126/><REACH who="2" step="1"/><F19/><REACH who="2" ten="338,271,129,242" step="2"/><W17/><G17/><T111/><D111/><U6/><E3/><V115/><F115/><W53/><AGARI ba="0,2" hai="20,23,46,50,53,62,66,68,75,76,81,87,90,95" machi="53" ten="20,3900,0" yaku="1,1,0,1,7,1,53,0" doraHai="133" doraHaiUra="24" who="3" fromWho="3" sc="338,-13,271,-13,129,-13,242,59" />
</Scene>
<Scene>
<INIT seed="7,1,0,0,1,56" ten="325,258,116,301" oya="3" hai0="66,67,125,68,4,64,14,30,16,124,13,27,108" hai1="102,97,59,103,113,122,81,20,52,96,32,43,6" hai2="48,26,112,128,119,114,34,92,109,84,10,2,134" hai3="80,85,33,101,58,82,53,45,120,8,133,100,24"/><W83/><G120/><T7/><D108/><U95/><E32/><V40/><F92/><W88/><G133/><T19/><D68/><U49/><E122/><V1/><F84/><W36/><G33/><T105/><D105/><U54/><E113/><V111/><F48/><N who="3" m="28815" /><G36/><T87/><D87/><U28/><E6/><N who="0" m="2089" /><D30/><U29/><E43/><V118/><F40/><W63/><G8/><T117/><D117/><N who="2" m="44554" /><F10/><W41/><G24/><T93/><D27/><U90/><E81/><N who="3" m="31338" /><G41/><T35/><D35/><U39/><E39/><V77/><F77/><W79/><G79/><T110/><D110/><N who="2" m="41994" /><F26/><W75/><G75/><T51/><D51/><U22/><E90/><V47/><F47/><W129/><G129/><T0/><D0/><N who="2" m="106" /><F34/><W78/><G78/><T25/><D25/><U115/><E95/><V17/><F17/><N who="0" m="6730" /><D93/><U38/><E38/><V116/><N who="2" m="44562" /><V99/><DORA hai="46" /><F99/><W86/><G86/><T57/><D57/><U94/><E94/><V11/><F11/><W91/><G91/><T76/><D76/><U89/><E89/><V121/><F134/><W31/><G31/><T37/><D37/><U71/><E59/><V42/><F42/><W18/><G18/><T55/><D55/><AGARI ba="1,0" hai="55,58,63,83,85,88,100,101" m="31338,28815" machi="55" ten="30,11600,0" yaku="8,1,52,2,54,1" doraHai="56,46" who="3" fromWho="0" sc="325,-119,258,0,116,0,301,119" owari="206,-19.0,258,6.0,116,-38.0,420,51.0" />
</Scene>
</mjloggm>