<mjloggm ver="2.3"><GO type="169" lobby="0"/><UN n0="%47%E9%9B%80" n1="%E6%9D%A5%E9%80%B1%E3%81%AE%E7%B3%B8%E4%BA%95" n2="%E5%A4%AA%E3%81%8F%E3%81%AA%E3%81%84%E3%81%8A" n3="%E9%9D%92%E7%8C%AB" dan="17,16,18,17" rate="2169.04,2046.31,2220.79,2078.17" sx="M,M,F,M"/><TAIKYOKU oya="0"/>

<Scene>
<INIT seed="0,0,0,5,4,21" ten="250,250,250,250" oya="0" hai0="83,42,32,67,65,48,25,36,135,115,107,62,41" hai1="28,82,33,124,24,71,13,49,43,35,60,111,30" hai2="130,6,112,0,66,133,110,104,126,114,8,4,121" hai3="129,131,81,31,2,88,63,37,17,53,94,57,11"/><T84/><D36/><U87/><E124/><V109/><F104/><W38/><G81/><T12/><D115/><N who="2" m="44074" /><F66/><W52/><G53/><T92/><D107/><U64/><E111/><N who="2" m="42507" /><F121/><W102/><G102/><T96/><D67/><U68/><E68/><V122/><F122/><W26/><G2/><T75/><D12/><U116/><E116/><V61/><F61/><W23/><G11/><T47/><D75/><U134/><E134/><V34/><F133/><W74/><G31/><T14/><D14/><U93/><E13/><V103/><F103/><W46/><G74/><T15/><D15/><U79/><E93/><V77/><F77/><W76/><G76/><T97/><D135/><U101/><E101/><V98/><F98/><N who="3" m="57671" /><G46/><T95/><D42/><U3/><E3/><V9/><F34/><W120/><G120/><T118/><D118/><U73/><E73/><V54/><F54/><W113/><G113/><T123/><D123/><U39/><E39/><AGARI ba="0,0" hai="17,23,26,37,38,39,52,57,63,129,131" m="57671" machi="39" ten="30,7700,0" yaku="25,1,52,1,54,2" doraHai="21" who="3" fromWho="1" sc="250,0,250,-77,250,0,250,77" />
</Scene>
<Scene>
<INIT seed="1,0,0,0,0,18" ten="250,173,250,327" oya="1" hai0="123,57,97,99,27,19,43,69,119,91,102,55,0" hai1="89,84,56,129,93,118,83,14,28,87,32,42,131" hai2="11,2,75,81,72,67,109,31,70,9,58,20,64" hai3="15,60,48,116,100,92,125,71,90,53,12,121,74"/><U132/><E118/><V54/><F70/><W115/><G74/><T10/><D69/><U23/><E132/><V1/><F109/><W124/><G115/><T17/><D43/><U82/><E42/><V30/><F58/><W25/><G100/><T104/><D119/><U117/><E117/><V106/><F81/><W40/><G40/><T8/><D123/><U5/><E32/><V120/><F54/><W38/><G38/><T24/><D0/><U88/><E93/><V16/><F16/><W134/><G121/><T45/><D45/><U95/><E95/><V113/><F120/><W108/><G108/><T36/><D36/><U52/><E5/><V34/><F34/><W86/><G134/><T51/><D19/><U135/><E135/><V85/><F85/><W112/><G112/><T133/><D133/><U50/><E14/><V110/><F110/><W37/><G37/><T77/><D77/><U6/><E6/><V96/><F113/><W128/><G128/><T35/><D27/><AGARI ba="0,0" hai="23,27,28,50,52,56,82,83,84,87,88,89,129,131" machi="27" ten="40,12000,1" yaku="9,1,52,1,54,2" doraHai="18" who="1" fromWho="0" sc="250,-120,173,120,250,0,327,0" />
</Scene>
<Scene>
<INIT seed="1,1,0,4,4,135" ten="130,293,250,327" oya="1" hai0="35,123,121,40,22,55,108,21,15,5,88,111,12" hai1="71,81,89,27,62,32,116,18,29,1,10,33,6" hai2="86,38,48,75,117,119,46,17,122,4,60,69,94" hai3="101,128,3,64,131,8,24,78,70,45,63,109,58"/><U113/><E116/><V91/><F122/><N who="0" m="46602" /><D40/><U37/><E37/><V124/><F75/><W84/><G109/><N who="0" m="42059" /><D55/><U93/><E113/><V80/><F38/><W130/><G101/><T36/><D36/><U14/><E81/><V104/><F104/><W42/><G24/><T99/><D99/><U30/><E71/><V66/><F4/><N who="3" m="1055" /><G70/><T98/><D98/><U92/><E62/><V76/><F17/><W106/><G106/><T65/><D65/><U134/><E134/><V56/><F69/><W96/><G96/><T43/><D43/><U9/><E89/><V127/><F91/><W110/><G110/><T13/><D88/><U52/><E52/><N who="2" m="29719" /><F94/><W107/><G107/><T72/><D72/><U77/><E77/><V83/><F83/><N who="3" m="47223" /><G42/><T26/><D5/><U11/><E93/><V118/><F118/><W126/><G45/><T132/><D132/><U85/><E92/><V47/><F47/><W41/><G41/><T120/><D120/><U49/><E85/><V31/><F119/><W7/><G7/><T39/><D39/><U2/><E49/><V125/><F117/><W57/><G57/><T44/><D44/><U103/><E103/><V112/><F112/><W54/><G54/><T133/><D133/><U74/><E74/><V115/><F115/><W19/><G58/><T50/><D50/><U95/><E95/><V102/><F102/><W0/><G64/><T100/><D100/><U53/><E53/><V68/><F68/><W34/><G63/><T82/><D82/><U28/><E2/><V59/><F59/><W114/><G0/><T87/><D87/><RYUUKYOKU ba="1,0" sc="130,15,293,-15,250,15,327,-15" hai0="12,13,15,21,22,26,35" hai2="31,56,60,66,76,80,86,124,125,127" />
</Scene>
<Scene>
<INIT seed="2,2,0,1,1,63" ten="145,278,265,312" oya="2" hai0="73,41,119,94,65,122,42,113,66,60,59,88,38" hai1="95,128,132,110,56,127,47,131,107,25,129,116,19" hai2="91,75,121,70,3,37,99,76,24,112,100,52,64" hai3="108,45,135,123,124,133,87,26,34,11,54,89,125"/><V68/><F112/><W84/><G123/><T98/><D73/><U17/><E116/><V115/><F115/><W1/><G108/><T8/><D113/><U0/><E107/><V6/><F121/><W74/><G74/><T86/><D122/><U90/><E0/><V101/><F37/><W36/><G87/><T80/><D38/><U111/><E127/><N who="3" m="48714" /><G34/><T118/><D8/><U44/><E56/><V32/><F6/><N who="3" m="1487" /><G26/><T10/><D10/><U61/><E61/><V46/><F3/><W29/><G29/><T120/><D120/><U102/><E102/><V15/><F101/><W40/><G54/><N who="0" m="33911" /><D118/><U4/><E132/><V81/><F15/><W77/><G77/><N who="0" m="46351" /><D119/><U7/><E111/><V14/><F14/><W93/><AGARI ba="2,0" hai="36,40,45,84,89,93,133,135" m="1487,48714" machi="93" ten="30,1100,0" yaku="18,1" doraHai="63" who="3" fromWho="3" sc="145,-5,278,-5,265,-7,312,17" />
</Scene>
<Scene>
<INIT seed="3,0,0,2,1,116" ten="140,273,258,329" oya="3" hai0="32,130,17,47,120,55,132,110,72,81,105,25,114" hai1="1,94,27,97,79,74,63,102,6,22,69,18,38" hai2="7,93,80,85,73,12,52,131,46,87,129,111,113" hai3="90,83,56,117,104,3,51,48,84,127,11,5,91"/><W92/><G104/><T86/><D72/><U13/><E38/><V106/><F106/><W126/><G117/><T71/><D105/><U16/><E74/><V53/><F113/><W135/><G135/><T100/><D100/><U96/><E79/><V40/><F111/><W66/><G66/><T68/><D110/><U30/><E1/><V70/><F70/><W41/><G41/><T128/><D114/><U62/><E97/><V34/><F34/><W99/><REACH who="3" step="1"/><G56/><REACH who="3" ten="140,273,258,319" step="2"/><T103/><D132/><U95/><E69/><V19/><F40/><W43/><G43/><T64/><D64/><U121/><E63/><V33/><F46/><W82/><G82/><T4/><D71/><U59/><E59/><V134/><F80/><W45/><G45/><T0/><D68/><U101/><E62/><V8/><F134/><W67/><G67/><T54/><D47/><U75/><E95/><V20/><F93/><W42/><G42/><T112/><D112/><U29/><E94/><V60/><F60/><W10/><G10/><T58/><D58/><U50/><E50/><AGARI ba="0,1" hai="3,5,11,48,50,51,83,84,90,91,92,99,126,127" machi="50" ten="40,2000,0" yaku="1,1,53,0" doraHai="116" doraHaiUra="49" who="3" fromWho="1" sc="140,0,273,-20,258,0,319,30" />
</Scene>
<Scene>
<INIT seed="3,1,0,2,4,106" ten="140,253,258,349" oya="3" hai0="31,57,78,35,13,75,23,97,130,94,51,116,24" hai1="38,63,65,90,39,135,3,117,14,27,15,115,111" hai2="20,49,29,68,46,43,6,131,36,84,9,88,71" hai3="55,18,62,72,22,32,54,134,102,61,48,4,80"/><W77/><G32/><T56/><D116/><U100/><E115/><V28/><F131/><W112/><G112/><T66/><D130/><U95/><E3/><V42/><F36/><W93/><G4/><T17/><D51/><U101/><E39/><V16/><F43/><W123/><G123/><T113/><D113/><U108/><E38/><V74/><F74/><W47/><G55/><T67/><D66/><U69/><E135/><V73/><F73/><W53/><G53/><T83/><REACH who="0" step="1"/><D67/><REACH who="0" ten="130,253,258,349" step="2"/><U26/><E117/><V10/><F71/><W92/><G134/><T7/><D7/><U109/><E69/><V44/><F68/><W82/><G62/><T119/><D119/><U2/><E63/><V19/><F44/><W121/><G61/><T58/><D58/><U133/><E65/><V52/><F42/><W103/><G121/><T104/><D104/><U34/><E133/><V124/><F124/><W87/><G48/><T5/><D5/><U40/><E40/><V122/><F122/><W120/><G120/><T132/><D132/><U81/><E111/><V33/><F6/><W1/><G47/><T12/><D12/><U70/><E15/><N who="2" m="7287" /><F33/><W89/><G54/><T25/><D25/><U99/><E109/><V11/><F9/><W30/><G1/><T114/><D114/><U21/><E108/><V45/><F11/><W0/><G0/><T110/><D110/><U8/><E70/><V126/><F46/><W60/><G60/><T59/><D59/><U129/><E129/><V98/><F126/><W125/><G125/><T105/><D105/><U76/><E8/><RYUUKYOKU ba="1,1" sc="130,30,253,-10,258,-10,349,-10" hai0="13,17,23,24,31,35,56,57,75,78,83,94,97" />
</Scene>
<Scene>
<INIT seed="4,2,1,2,4,121" ten="160,243,248,339" oya="0" hai0="90,112,61,98,130,15,134,95,133,101,100,78,41" hai1="11,111,132,7,104,46,12,9,35,38,30,34,74" hai2="60,79,53,75,97,110,32,119,109,43,13,85,5" hai3="70,77,118,126,116,68,113,123,56,24,50,49,106"/><T135/><D41/><U84/><E74/><V67/><F32/><W54/><G106/><T73/><D61/><U120/><E104/><V28/><F28/><W89/><G77/><T29/><D29/><U117/><E84/><V76/><F75/><W8/><G8/><T40/><D40/><U96/><E38/><V122/><F122/><W91/><G24/><T58/><D58/><U26/><E96/><V47/><F53/><W105/><G105/><T64/><D64/><U81/><E81/><N who="2" m="47271" /><F97/><W21/><G21/><T71/><D71/><U59/><E46/><V25/><F25/><W27/><G27/><T55/><D55/><U3/><E59/><N who="2" m="37279" /><F79/><W66/><G54/><T115/><D15/><U62/><E62/><V114/><F114/><N who="0" m="43562" /><D130/><U18/><E120/><V87/><F13/><W93/><G123/><T65/><D65/><U6/><E117/><V16/><F119/><W129/><G113/><T108/><D108/><U99/><E99/><V52/><F110/><W128/><G66/><T48/><D48/><U69/><E69/><V19/><F109/><W2/><G56/><T17/><D17/><N who="1" m="8335" /><E111/><V22/><F43/><W103/><G128/><T4/><D4/><N who="1" m="1439" /><E35/><V23/><F52/><W36/><G116/><T127/><D127/><U14/><E132/><V88/><F47/><W39/><G118/><T72/><D72/><U44/><E44/><V0/><F0/><W1/><G2/><T80/><AGARI ba="2,1" hai="73,78,80,90,95,98,100,101,133,134,135" m="43562" machi="80" ten="40,12000,1" yaku="20,1,15,1,34,2" doraHai="121" who="0" fromWho="0" sc="160,136,243,-42,248,-42,339,-42" />
</Scene>
<Scene>
<INIT seed="4,3,0,0,4,99" ten="296,201,206,297" oya="0" hai0="57,76,87,67,30,32,42,0,35,14,73,121,40" hai1="70,27,112,51,19,91,22,103,84,115,124,79,74" hai2="119,66,107,2,49,78,85,59,4,101,113,15,134" hai3="25,29,77,108,39,83,132,89,109,96,90,69,54"/><T62/><D73/><U17/><E70/><V94/><F2/><W11/><G69/><T82/><D0/><U55/><E124/><V75/><F113/><N who="1" m="43593" /><E79/><V61/><F134/><W46/><G132/><T26/><D121/><U21/><E74/><V9/><F119/><W36/><G11/><T58/><D35/><U7/><E7/><V20/><F75/><W31/><G54/><T105/><D105/><U12/><E103/><V68/><F107/><W65/><G65/><T24/><D24/><U34/><E34/><V130/><F130/><W50/><G50/><T5/><REACH who="0" step="1"/><D58/><REACH who="0" ten="286,201,206,297" step="2"/><U92/><E27/><V97/><F68/><W93/><G25/><T106/><D106/><U104/><E104/><V28/><F28/><W47/><G29/><T123/><D123/><U133/><E133/><V3/><F3/><W38/><G31/><T33/><D33/><U118/><E118/><V98/><F59/><W135/><G135/><T71/><D71/><U37/><E12/><V56/><F15/><W6/><G109/><T16/><D16/><N who="1" m="6219" /><E37/><V41/><F4/><W44/><G6/><T72/><D72/><U1/><E1/><V116/><F116/><W95/><G108/><T64/><D64/><U60/><E60/><V100/><F61/><W128/><G36/><T125/><D125/><U8/><E8/><AGARI ba="3,1" hai="5,8,14,26,30,32,40,42,57,62,67,76,82,87" machi="8" ten="40,2000,0" yaku="1,1,53,0" doraHai="99" doraHaiUra="18" who="0" fromWho="1" sc="286,39,201,-29,206,0,297,0" />
</Scene>
<Scene>
<INIT seed="4,4,0,2,4,36" ten="325,172,206,297" oya="0" hai0="25,39,48,88,106,105,50,1,107,14,43,102,26" hai1="23,27,101,95,113,71,114,131,38,99,72,127,60" hai2="9,82,92,18,45,57,118,93,87,37,21,134,41" hai3="17,89,128,7,62,69,29,51,4,77,121,46,120"/><T55/><D1/><U40/><E72/><V53/><F134/><W65/><G128/><T98/><D39/><U61/><E127/><V108/><F9/><W116/><G116/><T124/><D124/><U129/><E71/><V81/><F108/><W24/><G77/><T5/><D102/><U35/><E35/><V94/><F118/><W111/><G89/><T59/><D14/><U28/><E61/><V104/><F104/><W130/><G17/><T119/><D5/><U132/><E60/><V90/><F82/><W123/><G130/><N who="1" m="49674" /><E132/><V74/><F74/><W103/><G103/><T30/><D119/><U19/><E28/><V6/><F6/><W66/><G66/><T33/><D25/><U115/><E38/><V63/><REACH who="2" step="1"/><F81/><REACH who="2" ten="325,172,196,297" step="2"/><W117/><G111/><T47/><REACH who="0" step="1"/><D107/><REACH who="0" ten="315,172,196,297" step="2"/><U22/><E115/><V110/><F110/><W3/><G117/><T15/><D15/><AGARI ba="4,2" hai="15,18,21,37,41,45,53,57,63,87,90,92,93,94" machi="15" ten="30,3900,0" yaku="1,1,7,1,52,1,53,0" doraHai="36" doraHaiUra="96" who="2" fromWho="0" sc="315,-51,172,0,196,71,297,0" />
</Scene>
<Scene>
<INIT seed="5,0,0,4,0,4" ten="264,172,267,297" oya="1" hai0="18,132,70,129,31,69,86,35,118,60,2,77,71" hai1="22,65,87,26,54,52,62,117,88,67,64,104,19" hai2="123,90,133,114,59,48,14,1,34,30,55,83,116" hai3="105,94,46,68,124,128,130,56,76,17,96,10,111"/><U24/><E117/><V84/><F116/><W74/><G68/><T13/><D2/><U119/><E119/><V5/><F123/><W98/><G111/><T134/><D118/><U7/><E104/><V40/><F133/><W100/><G124/><T120/><D120/><U78/><E78/><V3/><F40/><W61/><G46/><T36/><D36/><U106/><E106/><V80/><F114/><W44/><G44/><T49/><D49/><U37/><E37/><V110/><F110/><W29/><G29/><T32/><D129/><N who="3" m="49769" /><G74/><T9/><D60/><U11/><E26/><V109/><F109/><W0/><G76/><T16/><D18/><U25/><E25/><V113/><F113/><W6/><G17/><T103/><D103/><U57/><E54/><V27/><REACH who="2" step="1"/><F83/><REACH who="2" ten="264,172,257,297" step="2"/><W20/><G20/><T135/><D31/><U127/><E127/><V82/><F82/><AGARI ba="0,1" hai="9,13,16,32,35,69,70,71,77,82,86,132,134,135" machi="82" ten="50,6400,0" yaku="20,1,52,1,54,1" doraHai="4" who="0" fromWho="2" sc="264,74,172,0,257,-64,297,0" />
</Scene>
<Scene>
<INIT seed="6,0,0,4,0,2" ten="338,172,193,297" oya="2" hai0="44,20,52,59,119,135,107,50,33,77,49,45,90" hai1="3,109,104,78,29,63,32,132,38,101,106,83,98" hai2="114,53,39,10,102,18,54,66,126,99,124,85,123" hai3="25,61,0,81,1,14,60,43,55,62,67,64,118"/><V15/><F123/><W129/><G118/><T70/><D33/><U69/><E109/><V92/><F39/><W57/><G43/><T68/><D107/><N who="1" m="63927" /><E132/><V27/><F114/><W111/><G111/><T73/><D73/><N who="1" m="43471" /><E3/><V26/><F66/><W31/><G129/><T79/><D135/><U120/><E38/><V48/><F54/><W24/><G81/><T76/><D119/><U71/><E120/><V12/><F85/><W93/><G93/><T5/><D59/><U16/><E16/><N who="2" m="8215" /><F126/><W87/><G87/><T6/><D20/><U56/><E56/><N who="2" m="32807" /><F124/><W84/><G84/><T130/><D130/><U23/><E23/><AGARI ba="0,0" hai="15,18,23,26,27,92,99,102" m="32807,8215" machi="23" ten="30,2900,0" yaku="8,1,54,1" doraHai="2" who="2" fromWho="1" sc="338,0,172,-29,193,29,297,0" />
</Scene>
<Scene>
<INIT seed="6,1,0,0,1,1" ten="338,143,222,297" oya="2" hai0="77,55,49,62,95,19,9,118,43,59,36,127,66" hai1="47,84,81,80,113,121,85,114,104,7,6,26,41" hai2="15,73,39,52,34,67,122,133,82,71,48,68,119" hai3="111,79,128,91,33,112,86,98,10,22,35,75,102"/><V132/><F34/><W97/><G111/><T90/><D77/><N who="1" m="46095" /><E104/><V18/><F122/><W125/><G125/><T44/><D127/><U124/><E124/><V3/><F119/><W64/><G128/><T45/><D118/><U57/><E26/><V123/><F123/><W21/><G64/><T135/><D135/><N who="2" m="51786" /><F39/><W51/><G112/><N who="1" m="43114" /><E57/><N who="2" m="32903" /><F3/><W94/><G35/><T12/><D45/><U106/><E106/><V78/><F67/><W16/><G33/><T131/><D131/><U96/><E96/><V20/><AGARI ba="1,0" hai="15,18,20,68,71,73,78,82" m="32903,51786" machi="20" ten="30,3000,0" yaku="20,1,54,1" doraHai="1" who="2" fromWho="2" sc="338,-11,143,-11,222,33,297,-11" />
</Scene>
<Scene>
<INIT seed="6,2,0,0,1,34" ten="327,132,255,286" oya="2" hai0="118,8,84,11,24,58,106,66,113,104,69,75,44" hai1="7,129,101,4,90,86,119,62,79,76,124,94,57" hai2="48,21,3,126,42,60,85,32,96,22,114,123,61" hai3="50,38,37,67,49,89,25,63,68,111,71,99,64"/><V131/><F32/><W77/><G77/><T19/><D69/><U47/><E119/><V9/><F123/><W35/><G111/><T40/><D75/><U16/><E124/><V102/><F126/><W31/><G49/><T33/><D118/><U88/><E129/><V17/><F131/><W59/><G50/><T18/><D113/><U43/><E101/><V27/><F114/><W13/><G13/><T56/><D84/><U134/><E134/><V116/><F116/><W14/><G14/><T120/><D33/><U28/><E28/><V98/><F85/><W83/><G59/><T15/><D120/><U108/><E108/><V29/><F9/><W36/><G83/><T54/><D66/><U12/><E90/><V122/><F3/><W1/><G89/><T70/><D70/><U5/><E47/><N who="2" m="25719" /><F122/><W6/><G99/><N who="2" m="37929" /><F102/><W117/><G117/><T23/><D8/><U46/><E46/><V2/><F2/><W45/><G45/><T74/><D74/><U26/><E43/><V130/><F130/><W95/><G95/><T87/><D87/><U10/><REACH who="1" step="1"/><E26/><AGARI ba="2,0" hai="17,21,22,26,27,29,60,61" m="37929,25719" machi="26" ten="30,1500,0" yaku="8,1" doraHai="34" who="2" fromWho="1" sc="327,0,132,-21,255,21,286,0" />
</Scene>
<Scene>
<INIT seed="6,3,0,1,1,63" ten="327,111,276,286" oya="2" hai0="122,69,26,2,126,41,11,131,108,105,68,127,24" hai1="12,8,135,17,42,54,109,40,37,6,64,101,16" hai2="0,130,59,62,34,56,94,132,60,77,92,88,49" hai3="14,90,23,81,19,82,128,44,32,38,61,120,80"/><V95/><F0/><W4/><G32/><T93/><D105/><U86/><E109/><V5/><F34/><W103/><G120/><T13/><D108/><U121/><E121/><V97/><F132/><W33/><G33/><T107/><D107/><U18/><E135/><V113/><F113/><W117/><G117/><T21/><D2/><U53/><E101/><V15/><F77/><W3/><G103/><T48/><D122/><U43/><E37/><V110/><F130/><W20/><G128/><T27/><D21/><U52/><REACH who="1" step="1"/><E86/><REACH who="1" ten="327,101,276,286" step="2"/><V100/><F110/><W57/><G38/><T28/><D131/><U45/><E45/><V10/><F100/><W39/><G44/><T22/><D126/><U111/><E111/><V70/><F70/><W29/><G39/><T134/><D134/><U74/><E74/><V124/><F124/><W104/><G104/><T58/><D127/><U78/><E78/><V123/><F123/><W84/><G84/><T96/><D68/><U36/><E36/><V102/><F102/><W119/><G119/><T91/><D69/><U50/><E50/><V85/><F49/><W73/><G73/><T31/><D58/><N who="2" m="22058" /><F97/><W118/><G118/><T67/><D48/><U47/><E47/><V106/><F106/><W75/><G75/><T99/><D96/><U9/><E9/><V66/><F85/><W55/><G90/><T25/><D31/><U87/><E87/><V7/><F88/><W129/><G129/><T83/><D91/><U35/><E35/><V76/><F76/><W125/><G125/><T133/><D133/><U30/><E30/><RYUUKYOKU ba="3,1" sc="327,-10,101,30,276,-10,286,-10" hai1="6,8,12,16,17,18,40,42,43,52,53,54,64" />
</Scene>
<Scene>
<INIT seed="7,4,1,0,0,126" ten="317,131,266,276" oya="3" hai0="91,69,8,29,98,132,113,87,107,10,16,51,116" hai1="46,85,115,108,55,71,97,17,77,103,45,14,124" hai2="100,9,83,25,66,18,72,114,67,19,28,40,4" hai3="7,54,128,52,58,68,88,80,74,27,50,26,6"/><W49/><G68/><T135/><D29/><U23/><E71/><V104/><F40/><W92/><G128/><T62/><D116/><U5/><E108/><V90/><F104/><W36/><G36/><T57/><D51/><U65/><E124/><V96/><F114/><W112/><G112/><T11/><D69/><U129/><E115/><V41/><F41/><W127/><G127/><T61/><D113/><U2/><E65/><V42/><F42/><W120/><G120/><T13/><D98/><U106/><E2/><V60/><F72/><W117/><G117/><T64/><D62/><U15/><E5/><N who="3" m="1546" /><G80/><N who="0" m="49639" /><D107/><U130/><E14/><V30/><F100/><W34/><G34/><T89/><D89/><U43/><E55/><V59/><F67/><W102/><G102/><T47/><D47/><U32/><E32/><V133/><F96/><N who="3" m="57351" /><G74/><T76/><D76/><U131/><E43/><V119/><F119/><W38/><G38/><T53/><D64/><U35/><E35/><V48/><F90/><W94/><G94/><T86/><D86/><U73/><E73/><V123/><F83/><AGARI ba="4,1" hai="15,17,23,45,46,77,83,85,97,103,106,129,130,131" machi="83" ten="40,8000,1" yaku="19,1,52,3" doraHai="126" who="1" fromWho="2" sc="317,0,131,102,266,-92,276,0" owari="317,42.0,233,-17.0,174,-33.0,276,8.0" />
</Scene>
</mjloggm>