<mjloggm ver="2.3"><GO type="169" lobby="0"/><UN n0="%E5%A4%AA%E3%81%8F%E3%81%AA%E3%81%84%E3%81%8A" n1="%74%61%6B%61%2D%31%31%36" n2="%E3%81%99%E3%81%9A%E3%82%81%E3%82%AF%E3%83%AC%E3%82%A4%E3%82%B8%E3%83%BC" n3="%E3%82%84%E3%81%BE%E3%83%BC%E3%82%93" dan="19,16,20,16" rate="2310.83,2094.49,2261.28,2170.66" sx="F,M,M,M"/><TAIKYOKU oya="0"/>

<Scene>
<INIT seed="0,0,0,0,0,121" ten="250,250,250,250" oya="0" hai0="108,117,107,132,42,103,111,16,68,59,7,135,29" hai1="99,57,55,23,119,38,25,96,126,95,17,46,116" hai2="32,45,82,43,125,34,30,24,85,10,113,48,92" hai3="61,67,105,131,56,63,13,104,65,18,74,4,35"/><T115/><D68/><U2/><E2/><V106/><F125/><W73/><G131/><T70/><D70/><U123/><E123/><V66/><F106/><W51/><G35/><T26/><D115/><U69/><E69/><V91/><F113/><W112/><G4/><T0/><D117/><U15/><E126/><V101/><F66/><W36/><G36/><T33/><D42/><U88/><E99/><V12/><F101/><W93/><G51/><T128/><D128/><U14/><E46/><V124/><F124/><W134/><G134/><N who="0" m="51243" /><D59/><U118/><REACH who="1" step="1"/><E38/><REACH who="1" ten="250,240,250,250" step="2"/><V44/><F44/><W20/><G112/><T3/><D3/><U60/><AGARI ba="0,1" hai="14,15,17,23,25,55,57,60,88,95,96,116,118,119" machi="60" ten="30,12000,2" yaku="1,1,2,1,0,1,25,2,54,1,53,1" doraHai="121" doraHaiUra="19" who="1" fromWho="1" sc="250,-60,240,130,250,-30,250,-30" />
</Scene>
<Scene>
<INIT seed="1,0,0,5,2,130" ten="190,370,220,220" oya="1" hai0="11,97,17,91,50,126,19,133,55,129,34,65,111" hai1="7,52,110,62,27,71,93,72,122,30,43,54,20" hai2="127,102,33,0,14,32,44,61,132,10,49,39,101" hai3="40,1,85,125,64,88,84,25,16,90,94,96,53"/><U124/><E122/><V74/><F39/><W75/><G75/><T70/><D34/><U63/><E72/><V103/><F0/><W48/><G1/><T109/><D129/><U76/><E7/><V67/><F74/><W47/><G64/><T42/><D42/><U86/><E124/><V23/><F23/><W29/><G125/><T6/><D65/><U46/><E110/><V115/><F115/><W51/><G90/><T128/><D70/><U79/><E79/><V18/><F127/><W118/><G118/><T113/><D113/><U78/><E78/><V120/><F120/><W3/><G3/><T36/><D36/><U87/><E87/><V4/><F4/><W38/><G38/><T112/><D112/><U106/><E106/><V99/><F99/><W31/><G31/><T12/><D128/><U123/><E123/><V100/><F101/><W60/><G60/><T2/><D126/><U66/><E63/><V22/><F22/><N who="3" m="13511" /><G29/><T57/><D91/><U28/><E28/><V105/><F33/><W116/><G116/><T117/><D117/><U5/><E62/><V15/><F32/><W45/><AGARI ba="0,0" hai="40,45,47,48,51,53,84,85,88,94,96" m="13511" machi="45" ten="30,4000,0" yaku="8,1,54,2" doraHai="130" who="3" fromWho="3" sc="190,-10,370,-20,220,-10,220,40" />
</Scene>
<Scene>
<INIT seed="2,0,0,5,0,84" ten="180,350,210,260" oya="2" hai0="64,115,71,28,19,39,38,73,75,89,37,29,119" hai1="121,0,22,128,4,36,130,17,99,65,107,106,7" hai2="41,9,135,116,40,18,126,45,74,10,21,58,133" hai3="47,46,50,87,123,118,70,43,53,67,49,57,23"/><V62/><F116/><W125/><G23/><T42/><D115/><U86/><E36/><V127/><F74/><W14/><G14/><T3/><D42/><N who="2" m="16490" /><F10/><W48/><G87/><T120/><D120/><U69/><E107/><V96/><F9/><W98/><G98/><T55/><D119/><U34/><E106/><V95/><F45/><N who="3" m="25663" /><G123/><T122/><D122/><U24/><E69/><V114/><F114/><W60/><G118/><T94/><D55/><U88/><E121/><V103/><F18/><W61/><G125/><N who="2" m="47625" /><F21/><W85/><G85/><T81/><D19/><U113/><E113/><V111/><F111/><W109/><G109/><T134/><D73/><U82/><E34/><V16/><F16/><W26/><G26/><T124/><D124/><U104/><E0/><V132/><F133/><W80/><G80/><T6/><D134/><U13/><E13/><V129/><F129/><W72/><G72/><T33/><D81/><U20/><E20/><V78/><F78/><W30/><G30/><T112/><D75/><U77/><E128/><V1/><F1/><W91/><G91/><T68/><D112/><U56/><E130/><V100/><F103/><W63/><G47/><T5/><D3/><U93/><E104/><V101/><F101/><W12/><G12/><T52/><D28/><U105/><E105/><V8/><F8/><W76/><G76/><T92/><D29/><U66/><E77/><V97/><F97/><W2/><G2/><T32/><D38/><U11/><E17/><V59/><F132/><W110/><G110/><T79/><D39/><U51/><E99/><RYUUKYOKU ba="0,0" sc="180,-10,350,-10,210,-10,260,30" hai3="46,49,50,53,57,60,61,63,67,70" />
</Scene>
<Scene>
<INIT seed="3,1,0,0,1,88" ten="170,340,200,290" oya="3" hai0="1,95,5,108,46,27,77,85,6,80,9,112,12" hai1="28,89,31,65,70,87,53,66,20,129,69,81,71" hai2="130,86,75,32,44,63,30,4,29,103,115,120,42" hai3="61,16,127,50,94,109,56,3,52,33,92,39,117"/><W45/><G117/><T62/><D108/><U43/><E43/><V118/><F115/><W121/><G121/><T122/><D122/><U51/><E129/><V37/><F130/><W38/><G33/><T100/><D112/><U40/><E40/><V102/><F120/><W17/><G3/><T55/><D27/><U15/><E69/><V98/><F75/><W7/><G7/><T113/><D113/><U74/><E70/><V125/><F4/><W64/><G109/><T104/><D104/><U58/><E74/><V90/><F125/><W19/><REACH who="3" step="1"/><G127/><REACH who="3" ten="170,340,200,280" step="2"/><T124/><D124/><U13/><E71/><V8/><F32/><W21/><G21/><T54/><D1/><U123/><E123/><V11/><F11/><W78/><G78/><T116/><D116/><U83/><E20/><V23/><F23/><W134/><G134/><T97/><D6/><U111/><E111/><V60/><F118/><W82/><G82/><T133/><D133/><U47/><E83/><V84/><F8/><W18/><N who="3" m="4096" /><DORA hai="34" /><W49/><G49/><T106/><D5/><U101/><E15/><V99/><F29/><W35/><G35/><T79/><D79/><U135/><E13/><V57/><F30/><W72/><G72/><T132/><D132/><U48/><E135/><V2/><F2/><W76/><G76/><T128/><D12/><U36/><E31/><V107/><F37/><AGARI ba="1,1" hai="37,38,39,45,50,52,56,61,64,92,94" m="4096" machi="37" ten="50,24000,3" yaku="1,1,52,2,54,2,53,4" doraHai="88,34" doraHaiUra="96,14" who="3" fromWho="2" sc="170,0,340,0,200,-243,280,253" owari="170,-23.0,340,14.0,-43,-54.0,533,63.0" />
</Scene>
</mjloggm>