<mjloggm ver="2.3"><GO type="169" lobby="0"/><UN n0="%E5%A4%AA%E3%81%8F%E3%81%AA%E3%81%84%E3%81%8A" n1="%70%63%63%61%62%63" n2="%E7%8B%9B%E6%B1%9F%E7%A9%BA%E6%89%8B%EF%BC%91%E7%B4%9A" n3="%30%30%73%61%69" dan="19,16,17,18" rate="2333.75,2108.89,2159.46,2176.14" sx="F,M,M,M"/><TAIKYOKU oya="0"/>

<Scene>
<INIT seed="0,0,0,3,5,84" ten="250,250,250,250" oya="0" hai0="41,54,124,135,85,111,38,65,32,0,87,3,93" hai1="14,5,102,118,9,109,23,19,43,90,62,26,123" hai2="127,37,70,60,81,86,6,88,49,1,52,119,21" hai3="77,103,69,68,4,72,91,31,112,130,55,126,57"/><T71/><D32/><U50/><E118/><V115/><F37/><W33/><G112/><T79/><D124/><U92/><E109/><V18/><F115/><W64/><G126/><T78/><D135/><U83/><E123/><V12/><F127/><W47/><G130/><T125/><D125/><U99/><E62/><V116/><F1/><W63/><G4/><T66/><D54/><U58/><E83/><V94/><F6/><W24/><G103/><T22/><D22/><U76/><E76/><V61/><F81/><W53/><G77/><T74/><D111/><U34/><E34/><V46/><REACH who="2" step="1"/><F61/><REACH who="2" ten="250,250,240,250" step="2"/><W131/><G131/><T110/><D110/><U2/><E2/><V36/><F36/><W108/><G108/><T113/><D38/><U28/><E58/><V104/><F104/><W73/><G73/><T105/><D105/><U80/><E80/><V82/><F82/><W101/><G72/><T25/><D74/><U129/><E129/><V89/><F89/><W51/><G101/><T39/><D39/><U98/><E102/><V100/><F100/><W8/><G91/><T29/><D113/><U40/><E5/><V120/><F120/><W106/><G106/><T10/><D0/><U96/><REACH who="1" step="1"/><E50/><REACH who="1" ten="250,240,240,250" step="2"/><V48/><F48/><W95/><G51/><T59/><D3/><U35/><E35/><V20/><F20/><W132/><G33/><T122/><D122/><U97/><AGARI ba="0,2" hai="9,14,19,23,26,28,40,43,90,92,96,97,98,99" machi="97" ten="30,7900,0" yaku="1,1,0,1,8,1,52,1,53,0" doraHai="84" doraHaiUra="30" who="1" fromWho="1" sc="250,-39,240,99,240,-20,250,-20" />
</Scene>
<Scene>
<INIT seed="1,0,0,3,3,10" ten="211,339,220,230" oya="1" hai0="45,118,23,111,134,52,126,81,62,104,9,82,132" hai1="116,64,84,42,133,89,22,88,50,71,127,120,3" hai2="117,77,15,32,4,114,73,128,11,43,98,67,1" hai3="95,68,16,107,8,30,12,18,2,33,102,35,123"/><U109/><E120/><V54/><F117/><W115/><G68/><T96/><D118/><U92/><E116/><V38/><F128/><W112/><G107/><T113/><D113/><N who="3" m="43593" /><G102/><N who="0" m="62535" /><D111/><U37/><E3/><V83/><F114/><W34/><G95/><T25/><D126/><U49/><E133/><N who="0" m="51305" /><D9/><U90/><E127/><V57/><F32/><N who="3" m="12395" /><G123/><T36/><D36/><U7/><E109/><V130/><F67/><W61/><G61/><T21/><D21/><U59/><E22/><V91/><F130/><W66/><G66/><T72/><D72/><U93/><E90/><V28/><F91/><W110/><G2/><T65/><D45/><U26/><E37/><V86/><F1/><W14/><G110/><T58/><D65/><U80/><E64/><V41/><F38/><W85/><G85/><T51/><D62/><U103/><E71/><V125/><F125/><W29/><N who="3" m="12403" /><W17/><DORA hai="60" /><G14/><T20/><D82/><U40/><E80/><V94/><F73/><W131/><G131/><T70/><D81/><U76/><E84/><V79/><F79/><W75/><G75/><T5/><D70/><U106/><E76/><V121/><F121/><W19/><AGARI ba="0,0" hai="8,12,16,17,18,19,29,30" m="12403,43593" machi="19" ten="50,8000,1" yaku="34,2,52,1,54,1" doraHai="10,60" who="3" fromWho="3" sc="211,-20,339,-40,220,-20,230,80" />
</Scene>
<Scene>
<INIT seed="2,0,0,0,1,95" ten="191,299,200,310" oya="2" hai0="15,68,40,24,76,114,127,117,134,50,94,58,106" hai1="44,93,104,82,60,74,23,110,80,108,101,7,13" hai2="120,8,34,88,118,53,103,4,71,38,72,119,27" hai3="87,62,79,46,75,6,20,77,99,12,33,57,98"/><V121/><F72/><W16/><G33/><T54/><D114/><U61/><E104/><V47/><F71/><W1/><G75/><T21/><D106/><U129/><E129/><V100/><F100/><W35/><G35/><T63/><D127/><U49/><E61/><V115/><F103/><W10/><G46/><T65/><D134/><U29/><E60/><V30/><F115/><W130/><G130/><T116/><D76/><U31/><E74/><V43/><F53/><W132/><G132/><T96/><D15/><U97/><E7/><V90/><F90/><W64/><REACH who="3" step="1"/><G79/><REACH who="3" ten="191,299,200,300" step="2"/><T25/><D40/><N who="1" m="24711" /><E108/><V85/><F118/><N who="0" m="45674" /><D21/><U123/><E110/><V11/><F119/><W9/><G9/><T126/><D126/><U111/><E111/><V135/><F135/><W89/><G89/><AGARI ba="0,1" hai="24,25,50,54,58,63,65,68,89,94,96" m="45674" machi="89" ten="30,2000,0" yaku="12,1,52,1" doraHai="95" who="0" fromWho="3" sc="191,30,299,0,200,0,300,-20" />
</Scene>
<Scene>
<INIT seed="3,0,0,4,0,76" ten="221,299,200,280" oya="3" hai0="74,24,90,124,84,56,9,14,106,86,60,44,62" hai1="83,26,63,34,16,94,61,88,121,2,65,89,102" hai2="4,55,73,12,69,29,8,35,78,108,91,113,81" hai3="104,42,47,0,100,20,77,125,114,28,107,23,103"/><W17/><G0/><T135/><D74/><U115/><E115/><V41/><F113/><W21/><G114/><T118/><D118/><U37/><E121/><V30/><F108/><W39/><G125/><T110/><D106/><U128/><E2/><V72/><F72/><W66/><G77/><T32/><D110/><U49/><E37/><V3/><F69/><W45/><G66/><T58/><D124/><U129/><E102/><V123/><F123/><W38/><G28/><T36/><D135/><U13/><E49/><V130/><F130/><N who="1" m="50281" /><E34/><V131/><F131/><W111/><G111/><T120/><D120/><U122/><E26/><V101/><F101/><N who="3" m="38987" /><G17/><T48/><D36/><N who="3" m="13865" /><G42/><T64/><D32/><U96/><E65/><V87/><F41/><W95/><G95/><T43/><D24/><U53/><E53/><V54/><F3/><W99/><G99/><T50/><D50/><U31/><E31/><V134/><F134/><W126/><G126/><T112/><D112/><U92/><E122/><V85/><F73/><W70/><G70/><T98/><D98/><N who="1" m="57607" /><E83/><N who="2" m="49599" /><F35/><W119/><G119/><T117/><D117/><U18/><E18/><V132/><F132/><W27/><G27/><T11/><D43/><U67/><E67/><V1/><F1/><W59/><G59/><T75/><D58/><U7/><E7/><V15/><F15/><W127/><G127/><T22/><D56/><U82/><E82/><V71/><F71/><W80/><G80/><T25/><D14/><U109/><E109/><V57/><F55/><W105/><AGARI ba="0,0" hai="20,21,23,45,47,104,105,107" m="13865,38987" machi="105" ten="40,3900,0" yaku="28,2" doraHai="76" who="3" fromWho="3" sc="221,-13,299,-13,200,-13,280,39" />
</Scene>
<Scene>
<INIT seed="3,1,0,4,5,60" ten="208,286,187,319" oya="3" hai0="41,31,43,71,55,125,117,46,13,1,15,126,3" hai1="120,50,123,52,70,81,118,48,109,134,66,116,102" hai2="0,42,84,28,103,119,5,90,40,85,132,110,105" hai3="18,121,63,47,93,51,130,6,26,44,97,53,39"/><W108/><G121/><N who="1" m="46666" /><E102/><V20/><F119/><N who="1" m="45609" /><E109/><V106/><F132/><W37/><G130/><T62/><D117/><U113/><E134/><V59/><F5/><W100/><G108/><T45/><D62/><N who="1" m="40279" /><E113/><V75/><F103/><W19/><G6/><T95/><D71/><U38/><E38/><V69/><F69/><W77/><G77/><T2/><D95/><U25/><E25/><V128/><F106/><W58/><G47/><N who="0" m="17931" /><D31/><U104/><E104/><V91/><F28/><W9/><G26/><T57/><D57/><U64/><E64/><V74/><F59/><W114/><G114/><T83/><D83/><U65/><E65/><V72/><F105/><W10/><G39/><T86/><D55/><U67/><E67/><V54/><F54/><N who="3" m="30055" /><G37/><T56/><D56/><U16/><E81/><V32/><F110/><W135/><G135/><T88/><D41/><U124/><E124/><N who="0" m="47721" /><D43/><U92/><E92/><V4/><F42/><W30/><G30/><T94/><AGARI ba="1,0" hai="1,2,3,13,15,86,88,94" m="47721,17931" machi="94" ten="40,2700,0" yaku="18,1,54,1" doraHai="60" who="0" fromWho="0" sc="208,30,286,-8,187,-8,319,-14" />
</Scene>
<Scene>
<INIT seed="4,0,0,3,1,105" ten="238,278,179,305" oya="0" hai0="103,21,70,132,92,123,42,47,101,55,110,36,65" hai1="129,6,15,85,66,107,116,64,86,20,23,37,11" hai2="81,61,56,9,5,135,97,113,46,77,1,94,93" hai3="45,32,53,112,96,28,122,12,73,22,33,75,13"/><T111/><D123/><U17/><E37/><V79/><F113/><W89/><G45/><T128/><D132/><U98/><E116/><V25/><F135/><W104/><G53/><T90/><D128/><U76/><E129/><V63/><F46/><W108/><G108/><N who="0" m="41515" /><D55/><U14/><E107/><V131/><F131/><W133/><G133/><T71/><D21/><N who="1" m="11455" /><E98/><V4/><F4/><W26/><G112/><T59/><D59/><U7/><E7/><V35/><F93/><W38/><G38/><T29/><D29/><U87/><E76/><V50/><F50/><W106/><G122/><T2/><D2/><U88/><E88/><V40/><F40/><W16/><G33/><T84/><D65/><AGARI ba="0,0" hai="6,11,14,20,23,64,65,66,85,86,87" m="11455" machi="65" ten="30,1000,0" yaku="8,1" doraHai="105" who="1" fromWho="0" sc="238,-10,278,10,179,0,305,0" />
</Scene>
<Scene>
<INIT seed="5,0,0,5,1,69" ten="228,288,179,305" oya="1" hai0="32,130,48,72,24,10,88,56,86,127,13,82,95" hai1="29,45,62,65,59,68,28,100,119,50,58,40,135" hai2="51,113,55,38,19,44,132,12,53,8,79,20,25" hai3="37,96,131,23,101,129,92,125,102,108,98,64,89"/><U84/><E119/><V71/><F132/><W103/><G64/><T47/><D127/><U75/><E75/><V112/><F71/><W52/><G23/><T99/><D130/><N who="3" m="49673" /><G52/><N who="2" m="20041" /><F79/><W1/><G1/><T2/><D72/><U126/><E135/><V118/><F118/><W17/><G17/><T27/><D2/><U134/><E134/><V105/><F105/><N who="3" m="63655" /><G37/><T31/><D56/><U34/><E100/><N who="3" m="38442" /><G108/><T15/><D27/><U11/><E126/><AGARI ba="0,0" hai="89,92,98,125,126" m="38442,63655,49673" machi="126" ten="30,3900,0" yaku="19,1,34,2" doraHai="69" who="3" fromWho="1" sc="228,0,288,-39,179,0,305,39" />
</Scene>
<Scene>
<INIT seed="6,0,0,1,5,9" ten="228,249,179,344" oya="2" hai0="134,17,44,22,32,110,135,116,15,60,3,128,40" hai1="46,61,75,19,59,77,92,90,68,39,95,52,102" hai2="129,24,111,14,30,76,113,71,8,69,118,119,98" hai3="20,56,109,12,62,26,74,122,37,27,84,112,64"/><V125/><F113/><W130/><G74/><T10/><D110/><U120/><E75/><V2/><F2/><W34/><G109/><T29/><D128/><U51/><E77/><V55/><F111/><W123/><G37/><T121/><D121/><U80/><E120/><V108/><F108/><W1/><G1/><T5/><D60/><U43/><E102/><V25/><F129/><W131/><G112/><T82/><D82/><U127/><E127/><V23/><F125/><W63/><G84/><T36/><D116/><U45/><E19/><V6/><F76/><W91/><G91/><T31/><REACH who="0" step="1"/><D32/><REACH who="0" ten="218,249,179,344" step="2"/><U78/><E90/><V103/><F25/><W48/><G130/><T49/><D49/><U93/><E80/><V42/><F42/><W57/><G131/><T100/><D100/><U85/><E78/><V28/><F28/><AGARI ba="0,1" hai="3,5,10,15,17,22,28,29,31,36,40,44,134,135" machi="28" ten="40,2600,0" yaku="1,1,52,1,53,0" doraHai="9" doraHaiUra="88" who="0" fromWho="2" sc="218,36,249,0,179,-26,344,0" />
</Scene>
<Scene>
<INIT seed="7,0,0,1,0,91" ten="254,249,153,344" oya="3" hai0="11,81,62,30,99,96,41,28,84,92,19,74,67" hai1="106,46,27,54,31,37,40,23,44,110,103,69,105" hai2="111,18,26,133,71,127,36,21,9,3,113,53,43" hai3="70,129,76,94,89,93,52,64,131,116,115,4,50"/><W101/><G116/><T88/><D74/><U135/><E110/><V59/><F111/><W25/><G76/><T2/><D41/><U65/><E135/><V16/><F133/><W119/><G4/><T130/><D130/><U87/><E103/><V12/><F127/><W34/><G70/><T124/><D96/><U49/><REACH who="1" step="1"/><E87/><REACH who="1" ten="254,239,153,344" step="2"/><V17/><F71/><W126/><G101/><T56/><D124/><U7/><E7/><V104/><F104/><W15/><G126/><T83/><D2/><U120/><E120/><V79/><F113/><W117/><G115/><T14/><REACH who="0" step="1"/><D83/><REACH who="0" ten="244,239,153,344" step="2"/><U97/><E97/><V51/><F3/><W24/><G129/><T109/><D109/><U35/><E35/><V121/><F121/><W72/><G34/><T32/><D32/><U118/><E118/><V60/><F79/><AGARI ba="0,2" hai="11,14,19,28,30,56,62,67,79,81,84,88,92,99" machi="79" ten="30,8000,1" yaku="1,1,7,1,8,1,52,1,54,1,53,0" doraHai="91" doraHaiUra="122" who="0" fromWho="2" sc="244,100,239,0,153,-80,344,0" owari="344,45.0,239,-16.0,73,-43.0,344,14.0" />
</Scene>
</mjloggm>