<mjloggm ver="2.3"><GO type="169" lobby="0"/><UN n0="%E9%98%BF%E4%BF%AE%E7%BE%85%E4%BD%B3%E5%A5%88" n1="%E5%A4%AA%E3%81%8F%E3%81%AA%E3%81%84%E3%81%8A" n2="%E7%99%BD%E6%9A%97%E6%B7%B5" n3="%E3%81%AE%E3%81%B3%E3%81%97%E3%82%8D%E2%99%82" dan="16,19,16,16" rate="2168.21,2319.29,2077.66,2089.99" sx="F,F,M,M"/><TAIKYOKU oya="0"/>

<Scene>
<INIT seed="0,0,0,1,4,100" ten="250,250,250,250" oya="0" hai0="53,23,123,3,128,30,36,83,62,90,68,124,129" hai1="31,5,116,89,47,113,88,135,64,94,115,82,42" hai2="117,73,112,63,11,1,24,18,72,130,121,92,32" hai3="102,13,133,19,75,105,109,54,110,10,45,71,111"/><T0/><D123/><U127/><E116/><V91/><F121/><W118/><G118/><T106/><D36/><U104/><E135/><V49/><F117/><W50/><G133/><T16/><D30/><U56/><E127/><V131/><F112/><N who="1" m="43081" /><E5/><V55/><F63/><W51/><G75/><T21/><D21/><U48/><E31/><V12/><F1/><W61/><G50/><T57/><D124/><U87/><E64/><V67/><F67/><N who="3" m="41455" /><G102/><T95/><D68/><U37/><E56/><V8/><F8/><W22/><G10/><T99/><D83/><U93/><E37/><V134/><F24/><W35/><G35/><T79/><D79/><U41/><E41/><V65/><F65/><W122/><G122/><T7/><D7/><U69/><E69/><V108/><F32/><W33/><G33/><T59/><D59/><U40/><E40/><V119/><F119/><W103/><G103/><T96/><D3/><U20/><E20/><V76/><F134/><W25/><G25/><N who="0" m="14567" /><D0/><U28/><E28/><V78/><F73/><W27/><G27/><T26/><D26/><U60/><E60/><V14/><F14/><W98/><G98/><T66/><D66/><U114/><N who="1" m="43089" /><U52/><DORA hai="97" /><E42/><V84/><F72/><W15/><G13/><T2/><D2/><U132/><E132/><V39/><F39/><W38/><G38/><T17/><D17/><U80/><E104/><AGARI ba="0,0" hai="15,19,22,45,51,54,104,105,109,110,111" m="41455" machi="104" ten="30,3900,0" yaku="14,1,52,2" doraHai="100,97" who="3" fromWho="1" sc="250,0,250,-39,250,0,250,39" />
</Scene>
<Scene>
<INIT seed="1,0,0,3,2,14" ten="250,211,250,289" oya="1" hai0="70,120,61,127,87,119,18,80,42,15,124,111,34" hai1="106,57,65,10,109,102,123,55,60,116,97,36,47" hai2="58,114,28,84,23,0,103,112,22,29,72,74,90" hai3="73,121,25,118,88,101,19,6,1,43,92,125,79"/><U35/><E116/><V100/><F58/><W130/><G121/><T11/><D119/><U110/><E123/><V94/><F0/><W27/><G118/><T16/><D120/><U86/><E35/><V78/><F29/><W104/><G101/><T132/><D34/><U71/><E86/><V122/><F122/><W44/><G104/><T52/><D42/><U98/><E98/><V45/><F45/><W8/><G130/><T117/><D117/><U68/><E10/><V2/><F2/><W131/><G125/><N who="0" m="48203" /><D111/><N who="1" m="42507" /><E36/><V54/><F54/><W39/><G131/><T62/><D132/><U41/><E41/><V38/><F38/><W69/><G69/><N who="1" m="26698" /><E47/><V49/><F49/><W66/><G66/><AGARI ba="0,0" hai="55,57,60,65,66,97,102,106" m="26698,42507" machi="66" ten="30,2900,0" yaku="14,1,10,1" doraHai="14" who="1" fromWho="3" sc="250,0,211,29,250,0,289,-29" />
</Scene>
<Scene>
<INIT seed="1,1,0,0,5,56" ten="250,240,250,260" oya="1" hai0="75,63,14,65,122,130,61,1,69,102,51,9,121" hai1="91,95,125,46,134,119,106,128,87,41,22,0,114" hai2="44,35,83,97,54,33,5,27,99,57,50,131,8" hai3="60,23,127,90,120,81,66,110,135,113,48,29,4"/><U73/><E114/><V21/><F131/><W105/><G105/><T47/><D75/><U20/><E119/><V79/><F33/><W85/><G110/><T101/><D1/><U62/><E106/><V117/><F35/><W92/><G135/><T108/><D108/><U124/><E73/><V55/><F117/><W109/><G127/><N who="1" m="48714" /><E0/><V25/><F83/><W38/><G38/><T126/><D126/><U86/><E128/><V42/><F79/><W70/><G109/><T24/><D130/><U94/><E134/><V53/><F57/><W26/><G120/><N who="0" m="46187" /><D24/><U18/><E62/><N who="0" m="23561" /><D69/><U58/><E58/><V12/><REACH who="2" step="1"/><F27/><REACH who="2" ten="250,240,240,260" step="2"/><W6/><G26/><T43/><D65/><U59/><E59/><V96/><F96/><W123/><G66/><T40/><D40/><U111/><E111/><V104/><F104/><W80/><G123/><T34/><D34/><U118/><E118/><V67/><F67/><W88/><G70/><T16/><AGARI ba="1,1" hai="9,14,16,43,47,51,101,102" m="23561,46187" machi="16" ten="30,8000,1" yaku="13,1,52,3,54,1" doraHai="56" who="0" fromWho="0" sc="250,93,240,-41,240,-21,260,-21" />
</Scene>
<Scene>
<INIT seed="2,0,0,3,2,31" ten="343,199,219,239" oya="2" hai0="80,3,117,19,68,73,27,5,8,82,131,56,11" hai1="77,41,81,67,62,85,100,35,49,42,88,38,102" hai2="18,25,72,51,104,66,2,109,95,54,6,123,108" hai3="24,9,135,36,101,53,26,103,121,87,78,89,74"/><V119/><F104/><W96/><G135/><T99/><D68/><U86/><E38/><V118/><F72/><W48/><G36/><T59/><D131/><U43/><E35/><V33/><F66/><W130/><G130/><T60/><D56/><U44/><E102/><V29/><F123/><W106/><G103/><T83/><D99/><U91/><E100/><V128/><F95/><W32/><G121/><T14/><D117/><U126/><E126/><V4/><F128/><W20/><G78/><T92/><D92/><U30/><E30/><V122/><F122/><W107/><G74/><T132/><D132/><U61/><E77/><V116/><F18/><W93/><G9/><T110/><D110/><N who="2" m="42602" /><F2/><W10/><G10/><T94/><D94/><U112/><E112/><V34/><F33/><W46/><G26/><T76/><D27/><U39/><E39/><V120/><F120/><W28/><REACH who="3" step="1"/><G20/><REACH who="3" ten="343,199,219,229" step="2"/><T105/><D105/><AGARI ba="0,1" hai="24,28,32,46,48,53,87,89,93,96,101,105,106,107" machi="105" ten="30,7700,0" yaku="1,1,2,1,7,1,52,1,53,0" doraHai="31" doraHaiUra="13" who="3" fromWho="0" sc="343,-77,199,0,219,0,229,87" />
</Scene>
<Scene>
<INIT seed="3,0,0,4,2,93" ten="266,199,219,316" oya="3" hai0="124,73,44,111,53,62,61,64,59,108,106,55,79" hai1="17,101,33,112,69,19,92,94,26,3,36,114,56" hai2="99,9,57,22,91,60,122,107,25,43,131,125,81" hai3="13,132,68,77,12,15,47,18,63,89,88,110,35"/><W66/><G132/><T123/><D106/><U67/><E36/><V29/><F131/><W75/><G110/><N who="0" m="42027" /><D123/><U97/><E3/><V113/><F113/><W96/><G35/><T42/><D73/><U4/><E4/><V6/><F125/><W87/><G75/><T37/><D79/><U102/><E69/><V76/><F122/><W117/><G117/><T82/><D82/><U121/><E121/><V129/><F129/><W85/><G77/><T14/><D14/><U90/><E33/><V45/><F91/><W38/><G18/><T127/><D61/><N who="1" m="38311" /><E114/><V31/><F31/><W11/><G11/><T16/><D16/><N who="1" m="6219" /><E112/><V5/><F107/><W50/><G38/><T41/><D41/><U83/><E83/><V7/><F9/><W86/><REACH who="3" step="1"/><G96/><REACH who="3" ten="266,199,219,306" step="2"/><T115/><D115/><U39/><E39/><V51/><F99/><W10/><G10/><T103/><D103/><N who="1" m="60839" /><E26/><V54/><F5/><W118/><G118/><T1/><D1/><U98/><AGARI ba="0,1" hai="90,94,98,101,102" m="60839,6219,38311" machi="98" ten="30,7900,0" yaku="8,1,52,2,54,1" doraHai="93" who="1" fromWho="1" sc="266,-20,199,89,219,-20,306,-39" />
</Scene>
<Scene>
<INIT seed="4,0,0,0,1,62" ten="246,288,199,267" oya="0" hai0="127,132,93,81,9,14,35,124,45,117,49,88,48" hai1="133,98,13,10,46,27,33,76,103,110,102,22,94" hai2="59,1,109,89,37,84,60,129,113,44,16,123,82" hai3="108,111,17,131,87,119,97,79,25,73,23,101,55"/><T78/><D117/><U118/><E110/><V43/><F109/><W53/><G119/><T67/><D35/><U77/><E33/><V74/><F1/><W105/><G131/><T6/><D132/><U114/><E118/><V34/><F129/><W19/><G73/><T80/><D48/><U28/><E133/><V115/><F34/><W8/><G55/><T32/><D32/><U86/><E114/><N who="2" m="43531" /><F123/><W66/><G53/><N who="0" m="29871" /><D78/><U72/><E72/><V11/><F74/><W120/><G120/><T61/><D61/><U122/><E122/><V29/><F29/><W31/><G66/><T116/><D116/><U90/><E46/><V56/><F60/><W54/><G54/><T126/><D67/><U68/><E68/><V41/><F41/><W30/><G111/><T135/><D135/><U106/><REACH who="1" step="1"/><E103/><REACH who="1" ten="246,278,199,267" step="2"/><V21/><F11/><W125/><G8/><T50/><D50/><U15/><E15/><AGARI ba="0,1" hai="15,16,21,37,43,44,56,59,82,84,89" m="43531" machi="15" ten="30,2000,0" yaku="15,1,54,1" doraHai="62" who="2" fromWho="1" sc="246,0,278,-20,199,30,267,0" />
</Scene>
<Scene>
<INIT seed="5,0,0,4,0,66" ten="246,258,229,267" oya="1" hai0="33,36,15,17,40,112,27,132,77,85,131,38,20" hai1="28,79,81,22,16,5,116,69,41,11,104,65,75" hai2="130,96,86,88,73,67,119,12,14,101,109,44,102" hai3="89,24,3,21,133,78,94,53,37,113,13,57,1"/><U9/><E116/><V72/><F119/><W61/><G113/><T120/><D112/><U111/><E104/><V25/><F109/><W48/><G37/><T117/><D117/><U70/><E111/><V63/><F130/><W95/><G133/><T46/><D131/><U31/><E41/><V68/><F25/><W87/><G95/><T76/><D132/><U32/><E65/><V114/><F114/><W39/><G39/><T59/><D120/><U71/><E32/><V92/><F44/><W91/><G91/><T98/><D38/><U10/><REACH who="1" step="1"/><E5/><REACH who="1" ten="246,248,229,267" step="2"/><V125/><F125/><W42/><G42/><T47/><D40/><U30/><E30/><V100/><F73/><W108/><G108/><T34/><D34/><U121/><E121/><V128/><F72/><W58/><G53/><T122/><D122/><U62/><E62/><V115/><F115/><W23/><G61/><T105/><D105/><U49/><E49/><V90/><REACH who="2" step="1"/><F128/><REACH who="2" ten="246,248,219,267" step="2"/><W19/><G48/><T6/><D36/><U64/><E64/><V118/><F118/><W129/><G129/><T55/><D55/><U52/><E52/><V126/><F126/><W51/><G51/><T74/><D74/><U124/><E124/><V0/><F0/><W135/><G3/><T7/><D47/><U18/><E18/><V35/><F35/><W82/><G1/><T83/><D46/><U107/><E107/><V99/><F99/><N who="3" m="57807" /><G135/><T43/><D33/><U134/><E134/><V56/><F56/><W80/><G58/><T2/><D59/><U127/><E127/><V8/><F8/><W4/><G57/><RYUUKYOKU ba="0,2" sc="246,-15,248,15,219,15,267,-15" hai1="9,10,11,16,22,28,31,69,70,71,75,79,81" hai2="12,14,63,67,68,86,88,90,92,96,100,101,102" />
</Scene>
<Scene>
<INIT seed="5,1,2,4,0,16" ten="231,263,234,252" oya="1" hai0="24,3,126,12,102,0,128,53,61,85,130,35,9" hai1="49,78,56,94,33,72,100,42,117,106,70,73,31" hai2="50,120,89,5,7,4,86,32,64,74,132,69,23" hai3="75,18,68,115,52,15,92,84,38,63,62,103,19"/><U93/><E117/><V8/><F32/><W123/><G75/><T55/><D102/><U135/><E70/><V80/><F120/><W47/><G123/><T25/><D85/><U45/><E135/><V46/><F132/><W109/><G109/><T108/><D108/><U79/><E106/><V91/><F74/><W82/><G19/><N who="0" m="8591" /><D61/><U111/><E111/><V101/><F101/><W67/><G115/><T88/><D88/><U34/><E56/><V14/><F69/><W44/><G38/><T48/><D55/><U54/><E54/><V77/><F64/><W57/><G92/><T118/><D118/><U43/><E100/><V134/><F134/><W116/><G103/><T112/><D112/><U65/><E65/><V105/><F105/><W21/><REACH who="3" step="1"/><G116/><REACH who="3" ten="231,263,234,242" step="2"/><T76/><D130/><U6/><E73/><V87/><F4/><W97/><G97/><T119/><D128/><U51/><E6/><V30/><F5/><W125/><G125/><T11/><D119/><U131/><E72/><V60/><F86/><W83/><G83/><T98/><D98/><U121/><E131/><V81/><F80/><W110/><G110/><T124/><D124/><U104/><E121/><V26/><REACH who="2" step="1"/><F60/><REACH who="2" ten="231,263,224,242" step="2"/><W107/><G107/><T129/><D126/><U133/><E133/><V29/><F29/><W71/><G71/><T59/><D129/><U2/><E104/><V39/><F39/><W1/><G1/><T127/><D127/><U41/><E2/><V28/><F28/><W40/><G40/><AGARI ba="1,4" hai="7,8,14,23,26,30,40,46,50,77,81,87,89,91" machi="40" ten="30,12000,2" yaku="1,1,7,1,25,2,8,1,52,1,53,0" doraHai="16" doraHaiUra="66" who="2" fromWho="3" sc="231,0,263,0,224,163,242,-123" />
</Scene>
<Scene>
<INIT seed="6,0,0,4,2,72" ten="231,263,387,119" oya="2" hai0="23,115,6,3,55,63,112,134,99,38,12,81,11" hai1="122,65,5,73,25,106,15,124,33,57,86,76,1" hai2="94,29,28,40,24,117,97,30,80,102,123,43,111" hai3="48,42,19,68,20,90,64,78,125,126,61,101,89"/><V39/><F117/><W10/><G10/><T41/><D99/><U113/><E106/><V110/><F123/><W47/><G101/><T7/><D7/><U4/><E73/><V135/><F135/><W85/><G90/><T16/><D134/><U98/><E1/><V14/><F14/><W67/><G67/><T92/><D92/><U70/><E70/><V54/><F24/><W121/><G121/><T87/><D41/><U17/><E98/><V2/><F2/><W91/><G91/><T32/><D38/><U69/><E69/><V35/><F35/><W107/><G107/><T129/><D129/><U37/><E37/><V46/><F40/><W132/><G132/><T22/><D22/><U50/><E25/><V9/><F9/><W31/><G31/><T58/><REACH who="0" step="1"/><D32/><REACH who="0" ten="221,263,387,119" step="2"/><U49/><E33/><V53/><F80/><W21/><G21/><T71/><D71/><U45/><E4/><V130/><F130/><W62/><G126/><T77/><AGARI ba="0,1" hai="3,6,11,12,16,23,55,58,63,77,81,87,112,115" machi="77" ten="30,7900,0" yaku="1,1,0,1,52,1,54,1,53,0" doraHai="72" doraHaiUra="105" who="0" fromWho="0" sc="221,89,263,-20,387,-39,119,-20" />
</Scene>
<Scene>
<INIT seed="7,0,0,1,5,9" ten="310,243,348,99" oya="3" hai0="53,109,69,5,135,70,64,32,92,66,81,67,125" hai1="82,76,80,127,1,24,28,68,103,132,57,88,87" hai2="74,47,54,12,39,25,121,122,106,37,2,91,3" hai3="75,128,42,65,8,78,45,102,6,29,51,19,0"/><W50/><G128/><T17/><D32/><U41/><E68/><V62/><F106/><W15/><G29/><T96/><D109/><U85/><E1/><N who="2" m="11" /><F74/><W83/><G102/><T43/><D5/><U35/><E132/><V86/><F12/><W105/><G65/><T84/><D43/><U48/><E127/><V10/><F10/><W93/><G93/><T114/><D135/><U133/><E133/><V98/><F98/><W18/><G105/><T60/><D125/><U112/><E112/><V56/><F47/><W63/><G63/><T94/><D114/><U21/><E35/><V40/><F25/><W118/><G118/><T44/><D44/><N who="1" m="25615" /><E57/><V7/><F7/><W58/><REACH who="3" step="1"/><G0/><REACH who="3" ten="310,243,348,89" step="2"/><T22/><D94/><U111/><E111/><V23/><F62/><W123/><G123/><T38/><D69/><U27/><E103/><V126/><F126/><W33/><G33/><T113/><D113/><U117/><E117/><V55/><F121/><W46/><G46/><T72/><D70/><U79/><E27/><V90/><F122/><W130/><G130/><T131/><D131/><U59/><E59/><V119/><F56/><W95/><G95/><T115/><D115/><U13/><E28/><V100/><F100/><W99/><G99/><T77/><D96/><U129/><E24/><V104/><F104/><W89/><G89/><N who="0" m="53287" /><D66/><U34/><E34/><V20/><F90/><W36/><G36/><T30/><D38/><U61/><E61/><V97/><F97/><W101/><G101/><T124/><D124/><U71/><E129/><V11/><F119/><W107/><G107/><RYUUKYOKU ba="0,1" sc="310,-10,243,-10,348,-10,89,30" hai3="6,8,15,18,19,42,45,50,51,58,75,78,83" />
</Scene>
<Scene>
<INIT seed="7,1,1,5,0,121" ten="300,233,338,119" oya="3" hai0="70,79,60,69,40,92,74,36,51,131,7,115,20" hai1="118,55,109,103,101,84,29,4,89,33,16,47,2" hai2="59,68,132,18,129,64,135,65,83,10,3,50,120" hai3="128,91,67,27,56,73,44,127,43,82,6,30,28"/><W63/><G128/><T42/><D131/><U19/><E109/><V71/><F129/><W124/><G6/><T17/><D42/><U78/><E118/><V108/><F108/><W8/><G8/><T77/><D77/><U14/><E2/><V13/><F3/><W9/><G9/><T41/><D41/><U34/><E78/><V39/><F39/><W61/><G30/><T119/><D119/><U87/><E29/><V21/><F83/><W126/><G63/><T25/><D36/><U111/><E111/><V125/><F125/><W62/><G62/><T130/><D130/><U96/><E4/><V45/><F21/><W102/><G102/><T98/><D7/><U99/><E47/><V37/><F37/><W15/><G15/><T105/><D105/><U48/><E48/><V113/><F59/><W49/><G91/><T90/><D115/><U112/><E55/><N who="2" m="30159" /><F120/><W46/><G46/><N who="0" m="26055" /><D60/><U31/><E89/><V123/><F113/><W85/><G73/><T81/><D70/><N who="2" m="26666" /><F123/><W23/><G85/><N who="0" m="48319" /><D69/><U117/><E14/><V122/><F122/><W114/><REACH who="3" step="1"/><G82/><REACH who="3" ten="300,233,338,109" step="2"/><T107/><D74/><U0/><E31/><V134/><AGARI ba="1,2" hai="10,13,18,64,65,132,134,135" m="26666,30159" machi="134" ten="40,1500,0" yaku="20,1" doraHai="121" who="2" fromWho="2" sc="300,-5,233,-5,338,38,109,-8" owari="295,10.0,228,-17.0,376,47.0,101,-40.0" />
</Scene>
</mjloggm>