<mjloggm ver="2.3"><GO type="169" lobby="0"/><UN n0="%E3%83%88%E3%82%B5%E3%81%91%E3%82%93" n1="%E5%89%8D%E6%88%AF%33%30%E5%88%86" n2="%E6%96%91%E7%9B%AE%56" n3="%E5%A4%AA%E3%81%8F%E3%81%AA%E3%81%84%E3%81%8A" dan="18,17,17,18" rate="2205.53,2204.61,2118.74,2303.73" sx="M,M,M,M"/><TAIKYOKU oya="0"/>

<Scene>
<INIT seed="0,0,0,3,1,110" ten="250,250,250,250" oya="0" hai0="7,87,104,69,123,6,70,100,17,21,57,30,130" hai1="79,71,28,35,64,36,50,98,135,54,134,95,103" hai2="84,89,129,4,34,18,85,111,66,10,61,125,38" hai3="14,0,113,114,8,74,82,56,37,90,122,45,41"/><T118/><D118/><U72/><E36/><V24/><F38/><W20/><G122/><T53/><D123/><U47/><E79/><V23/><F111/><W12/><G56/><T133/><D133/><N who="1" m="50699" /><E72/><V55/><F125/><W33/><G33/><T121/><D121/><U83/><E83/><V63/><F129/><W48/><G48/><T42/><D42/><U77/><E77/><V43/><F43/><W49/><G49/><T96/><D30/><U32/><E28/><V65/><F34/><N who="1" m="12841" /><E64/><V78/><F78/><N who="3" m="44375" /><G90/><T101/><D87/><U13/><E13/><N who="3" m="5226" /><G20/><T27/><D130/><U31/><E31/><V62/><F66/><W99/><G99/><T105/><D101/><U93/><E71/><V67/><F55/><W108/><G108/><T80/><D80/><U3/><E3/><V109/><F109/><W88/><G88/><T44/><D44/><U39/><E39/><V127/><F127/><W132/><G132/><T124/><D124/><U46/><E46/><V19/><F65/><W1/><G1/><T107/><D70/><U15/><E15/><V92/><F67/><W68/><G68/><T76/><D69/><U91/><E91/><V5/><F84/><W22/><G22/><T75/><D75/><U128/><E128/><V26/><F10/><W115/><G115/><T2/><D76/><U29/><E29/><V126/><F126/><W25/><G25/><T52/><D2/><U94/><AGARI ba="0,0" hai="47,50,54,93,94,95,98,103" m="12841,50699" machi="94" ten="40,1500,0" yaku="20,1" doraHai="110" who="1" fromWho="1" sc="250,-7,250,15,250,-4,250,-4" />
</Scene>
<Scene>
<INIT seed="1,0,0,3,0,3" ten="243,265,246,246" oya="1" hai0="108,25,7,13,102,2,50,125,18,83,70,11,99" hai1="59,117,21,6,30,88,110,131,0,86,129,22,74" hai2="94,4,8,118,62,75,72,43,116,9,130,44,81" hai3="37,14,107,92,33,82,24,122,96,103,39,123,112"/><U23/><E74/><V105/><F105/><W55/><G112/><T19/><D70/><U32/><E117/><V90/><F130/><N who="1" m="49673" /><E110/><V27/><F27/><W121/><G55/><T28/><D83/><N who="1" m="49247" /><E32/><V53/><F8/><W104/><G14/><T65/><D65/><U76/><E76/><V133/><F133/><W51/><G51/><T45/><D108/><U54/><E30/><V113/><F113/><W15/><G92/><T5/><D125/><U126/><E126/><V106/><F106/><W61/><G104/><T93/><D2/><U115/><E115/><V56/><F81/><W34/><G15/><T134/><D19/><U47/><E47/><V98/><F118/><W100/><G100/><T12/><D12/><U132/><E132/><V95/><F116/><W60/><G82/><T35/><REACH who="0" step="1"/><D134/><REACH who="0" ten="233,265,246,246" step="2"/><U128/><E128/><V73/><F73/><W48/><G122/><T42/><AGARI ba="0,1" hai="5,7,11,13,18,25,28,35,42,45,50,93,99,102" machi="42" ten="20,12000,2" yaku="1,1,2,1,0,1,7,1,52,2,53,1" doraHai="3" doraHaiUra="41" who="0" fromWho="0" sc="233,130,265,-60,246,-30,246,-30" />
</Scene>
<Scene>
<INIT seed="2,0,0,0,3,38" ten="363,205,216,216" oya="2" hai0="115,80,33,109,106,87,76,107,128,86,62,92,34" hai1="37,96,42,112,90,79,22,63,50,40,61,21,104" hai2="81,60,31,27,14,105,0,83,108,94,75,2,53" hai3="89,133,45,117,6,77,9,119,93,49,114,65,13"/><V11/><F105/><N who="0" m="39946" /><D62/><N who="1" m="23563" /><E37/><V25/><F25/><W35/><G35/><T15/><D15/><U36/><E104/><V131/><F131/><W10/><G65/><T85/><D33/><U5/><E112/><V59/><F94/><W122/><G122/><T57/><D57/><U68/><E36/><V78/><F83/><W18/><G77/><T7/><D7/><U52/><E68/><V116/><F116/><W48/><G133/><T125/><D34/><U17/><E5/><V118/><F118/><W32/><G49/><T12/><D12/><N who="1" m="9383" /><E22/><V127/><F127/><W29/><G114/><T71/><D71/><U19/><E19/><V100/><F100/><W8/><G32/><T111/><D115/><U120/><E79/><V58/><F58/><W101/><G101/><T66/><D66/><U124/><E120/><V97/><F97/><W123/><G123/><T4/><D4/><U84/><E96/><V102/><F102/><W55/><G29/><T39/><D39/><U134/><E134/><V56/><F56/><W24/><G24/><T113/><D128/><U126/><E124/><V47/><F47/><W95/><G9/><T46/><D125/><U73/><E73/><V110/><F31/><W67/><G67/><T74/><D113/><U70/><E70/><V135/><F135/><W20/><G119/><T26/><D26/><U130/><E130/><V64/><F64/><W72/><G117/><T41/><D92/><N who="1" m="54343" /><E126/><V121/><F121/><W3/><G3/><N who="2" m="1065" /><F27/><N who="3" m="14743" /><G8/><T91/><D91/><U69/><E69/><V30/><F30/><W44/><G89/><T88/><D88/><RYUUKYOKU ba="0,0" sc="363,10,205,10,216,10,216,-30" hai0="41,46,74,76,80,85,86,87,109,111" hai1="40,42,50,52" hai2="11,14,53,59,60,75,78,81,108,110" />
</Scene>
<Scene>
<INIT seed="2,1,0,3,1,0" ten="373,215,226,186" oya="2" hai0="63,113,28,114,29,25,45,110,103,35,51,56,90" hai1="82,24,9,125,18,12,132,23,91,32,41,60,97" hai2="133,130,79,68,64,50,33,39,94,135,101,85,48" hai3="96,87,124,7,127,126,49,73,102,115,83,120,105"/><V86/><F39/><W46/><G120/><T38/><D38/><U104/><E32/><V121/><F33/><W76/><G115/><T107/><D110/><U80/><E125/><V131/><F121/><W72/><REACH who="3" step="1"/><G7/><REACH who="3" ten="373,215,226,176" step="2"/><T67/><D113/><U3/><E3/><V30/><F131/><W17/><G17/><T92/><D114/><U10/><E132/><V40/><F130/><W52/><AGARI ba="1,1" hai="46,49,52,72,73,76,83,87,96,102,105,124,126,127" machi="52" ten="30,8000,1" yaku="1,1,0,1,18,1,54,1,53,1" doraHai="0" doraHaiUra="77" who="3" fromWho="3" sc="373,-21,215,-21,226,-41,176,93" />
</Scene>
<Scene>
<INIT seed="3,0,0,5,4,94" ten="352,194,185,269" oya="3" hai0="85,84,106,114,82,11,1,112,67,26,126,44,103" hai1="55,51,52,92,70,38,50,133,116,81,3,53,4" hai2="22,19,28,18,124,57,16,91,42,88,90,56,75" hai3="33,0,29,2,24,123,117,63,68,100,95,15,83"/><W108/><G117/><T39/><D126/><U79/><E38/><V134/><F75/><W118/><G118/><T132/><D132/><U41/><E116/><V13/><F124/><W72/><G123/><T76/><D67/><U69/><E133/><V129/><F134/><W12/><G108/><T37/><D26/><U48/><E41/><V21/><F129/><W66/><G15/><T8/><D103/><U74/><E4/><V135/><F135/><W120/><G120/><T87/><D106/><U62/><E3/><V36/><F36/><N who="0" m="13898" /><D44/><U17/><E62/><V14/><F42/><W7/><G12/><N who="2" m="4713" /><F28/><W86/><G7/><N who="0" m="1135" /><D11/><U110/><E110/><V113/><F113/><AGARI ba="0,0" hai="76,82,84,85,87,112,113,114" m="1135,13898" machi="113" ten="30,1000,0" yaku="11,1" doraHai="94" who="0" fromWho="2" sc="352,10,194,0,185,-10,269,0" />
</Scene>
<Scene>
<INIT seed="4,0,0,3,5,17" ten="362,194,175,269" oya="0" hai0="107,82,120,42,28,60,12,110,91,76,23,58,94" hai1="9,47,16,35,75,116,37,4,88,113,112,29,111" hai2="61,89,49,20,81,63,130,69,115,104,87,56,10" hai3="5,127,31,0,109,45,27,39,33,133,30,129,8"/><T51/><D120/><U71/><E116/><V135/><F115/><N who="1" m="44105" /><E111/><V93/><F104/><W124/><G109/><T46/><D110/><U78/><E71/><V70/><F130/><W65/><G129/><T106/><D12/><N who="1" m="7183" /><E4/><V96/><F135/><W122/><G133/><T64/><D28/><U3/><E3/><V114/><F114/><W90/><G122/><T121/><D23/><U2/><E2/><V43/><F69/><W101/><G101/><T85/><REACH who="0" step="1"/><D121/><REACH who="0" ten="352,194,175,269" step="2"/><U119/><E29/><V21/><F10/><W18/><G31/><T22/><D22/><N who="2" m="8810" /><F70/><W62/><G18/><T73/><AGARI ba="0,1" hai="42,46,51,58,60,64,73,76,82,85,91,94,106,107" machi="73" ten="20,3900,0" yaku="1,1,0,1,7,1,53,0" doraHai="17" doraHaiUra="131" who="0" fromWho="0" sc="352,49,194,-13,175,-13,269,-13" />
</Scene>
<Scene>
<INIT seed="4,1,0,4,3,72" ten="401,181,162,256" oya="0" hai0="90,32,108,24,119,16,87,28,120,42,21,51,93" hai1="14,27,68,126,127,69,38,80,46,2,88,64,5" hai2="63,82,65,74,35,55,33,52,50,34,62,36,96" hai3="83,89,102,109,107,117,40,57,48,10,104,49,76"/><T112/><D119/><U0/><E14/><V121/><F36/><W66/><G109/><T132/><D120/><U9/><E27/><V54/><F121/><W15/><G117/><T45/><D112/><U129/><E0/><V70/><F96/><W86/><G102/><T134/><REACH who="0" step="1"/><D108/><REACH who="0" ten="391,181,162,256" step="2"/><U58/><E126/><V23/><F63/><N who="3" m="38255" /><G107/><T75/><D75/><U84/><E127/><V26/><F74/><W7/><G104/><T91/><D91/><U114/><E114/><V124/><F124/><W43/><G89/><T131/><D131/><U29/><E129/><V79/><F79/><W113/><G113/><T13/><AGARI ba="1,1" hai="13,16,21,24,28,32,42,45,51,87,90,93,132,134" machi="13" ten="30,6000,0" yaku="1,1,0,1,54,1,53,0" doraHai="72" doraHaiUra="100" who="0" fromWho="0" sc="391,73,181,-21,162,-21,256,-21" />
</Scene>
<Scene>
<INIT seed="4,2,0,2,2,59" ten="464,160,141,235" oya="0" hai0="111,26,3,82,96,126,113,121,68,61,124,98,48" hai1="11,93,36,99,122,109,86,39,44,94,127,79,128" hai2="133,5,15,23,40,19,131,29,105,108,115,2,118" hai3="90,31,104,32,10,0,12,103,135,16,33,4,125"/><T85/><D121/><U17/><E109/><V81/><F108/><W92/><G135/><T28/><D111/><U1/><E122/><V66/><F133/><W24/><G125/><N who="0" m="48235" /><D113/><U38/><E128/><V73/><F105/><W20/><G104/><T62/><D3/><U57/><E127/><V116/><F131/><W95/><G103/><T75/><D48/><U27/><E44/><V112/><F40/><W50/><G33/><N who="0" m="20631" /><D75/><U129/><E1/><V71/><F29/><W119/><G119/><N who="2" m="45609" /><F5/><W80/><REACH who="3" step="1"/><G50/><REACH who="3" ten="464,160,141,225" step="2"/><T120/><D120/><U63/><E38/><V67/><F112/><W84/><AGARI ba="2,1" hai="0,4,10,12,16,20,24,31,32,80,84,90,92,95" machi="84" ten="30,12000,2" yaku="1,1,2,1,0,1,24,2,54,1,53,1" doraHai="59" doraHaiUra="18" who="3" fromWho="3" sc="464,-62,160,-32,141,-32,225,136" />
</Scene>
<Scene>
<INIT seed="5,0,0,4,2,117" ten="402,128,109,361" oya="1" hai0="18,70,68,6,129,76,105,22,125,15,100,43,40" hai1="23,1,98,8,87,53,91,29,47,20,42,101,35" hai2="118,108,83,61,10,79,21,27,116,69,127,78,109" hai3="33,126,112,12,95,46,111,123,80,86,85,135,71"/><U90/><E35/><V17/><F127/><W48/><G111/><T107/><D129/><U124/><E124/><V31/><F78/><W37/><G126/><T96/><D125/><U81/><E90/><V65/><F118/><W62/><G33/><T88/><D105/><U131/><E131/><V97/><F116/><W92/><G37/><T13/><D76/><U30/><E53/><V115/><F115/><W52/><G112/><T11/><REACH who="0" step="1"/><D88/><REACH who="0" ten="392,128,109,361" step="2"/><U84/><E91/><V59/><F108/><W121/><G92/><T67/><D67/><U64/><E64/><V49/><F109/><W24/><G95/><T19/><D19/><U50/><E101/><V25/><F79/><W26/><G80/><T63/><D63/><U60/><E60/><V89/><F83/><W102/><G102/><T57/><D57/><U77/><E98/><V120/><F89/><W4/><G62/><T9/><D9/><U16/><E84/><V66/><F97/><W104/><G104/><T58/><D58/><U133/><E16/><V28/><F66/><W110/><G110/><T55/><D55/><U73/><E87/><V82/><F82/><W56/><G56/><T130/><D130/><U51/><E81/><V7/><F17/><W41/><G52/><T94/><D94/><U3/><E77/><V36/><F59/><W134/><G85/><T74/><D74/><U119/><E73/><V38/><F65/><W2/><G86/><T32/><D32/><U122/><E119/><V128/><F61/><W103/><G103/><T114/><D114/><U44/><E8/><V99/><F128/><RYUUKYOKU ba="0,1" sc="392,30,128,-10,109,-10,361,-10" hai0="6,11,13,15,18,22,40,43,68,70,96,100,107" />
</Scene>
<Scene>
<INIT seed="6,1,1,3,1,2" ten="422,118,99,351" oya="2" hai0="3,43,102,51,100,122,6,33,84,105,112,34,117" hai1="36,24,80,81,76,9,115,124,59,94,23,134,18" hai2="5,22,28,92,83,48,128,87,85,60,114,68,126" hai3="108,123,113,86,42,54,132,55,11,97,130,12,116"/><V125/><F114/><W106/><G108/><T111/><D117/><U56/><E36/><V21/><F128/><W63/><G116/><T77/><D122/><U37/><E37/><V4/><F48/><W8/><G123/><T15/><D100/><U20/><E115/><V109/><F109/><W27/><G113/><T50/><D50/><U16/><E124/><N who="2" m="47723" /><F92/><W40/><G130/><T61/><D15/><N who="1" m="7279" /><E134/><V47/><F47/><W49/><G132/><T90/><D90/><U75/><E75/><V52/><F87/><W39/><G39/><T53/><D84/><N who="1" m="48135" /><E81/><V0/><F0/><W119/><G86/><T127/><D43/><U131/><E131/><V13/><F13/><W133/><G12/><T70/><D3/><U91/><E23/><N who="2" m="8715" /><F28/><W25/><G133/><T17/><D112/><U38/><E38/><V32/><F32/><W29/><G29/><T103/><D33/><U98/><AGARI ba="1,1" hai="18,20,24,56,59,91,94,98" m="48135,7279" machi="98" ten="30,2000,0" yaku="8,1,54,1" doraHai="2" who="1" fromWho="1" sc="422,-6,118,33,99,-11,351,-6" />
</Scene>
<Scene>
<INIT seed="7,0,0,1,1,48" ten="416,151,88,345" oya="3" hai0="45,16,46,94,127,43,101,99,18,86,9,121,20" hai1="88,112,134,96,90,109,13,132,37,50,57,76,58" hai2="89,129,87,115,79,2,44,12,35,33,63,84,49" hai3="4,51,42,14,110,55,133,98,24,66,81,85,53"/><W11/><G133/><N who="1" m="51306" /><E37/><V28/><F115/><W71/><G110/><T59/><D59/><U126/><E109/><V82/><F129/><W3/><G3/><T69/><D69/><U5/><E126/><V111/><F111/><W125/><G125/><T41/><D86/><U67/><E76/><V72/><F2/><W25/><G98/><T73/><D73/><U52/><E96/><V77/><F28/><W75/><G75/><T95/><D95/><U17/><E5/><V36/><F36/><W78/><G66/><T1/><D9/><N who="1" m="6319" /><E112/><V60/><F72/><W70/><G70/><T27/><D121/><U39/><E39/><V118/><F118/><W15/><G71/><T120/><D120/><U83/><E83/><V103/><F103/><W21/><G15/><T64/><D64/><U116/><E116/><V135/><F135/><W91/><G91/><T124/><D1/><U119/><E119/><V104/><F104/><W23/><G23/><T29/><D127/><U106/><E106/><V30/><F12/><W56/><G56/><T62/><D124/><U128/><E128/><V0/><F0/><W31/><G25/><T22/><D22/><U8/><E8/><V114/><F114/><W74/><REACH who="3" step="1"/><G74/><REACH who="3" ten="416,151,88,335" step="2"/><T47/><D20/><U40/><E58/><V38/><F38/><W122/><G122/><T97/><D97/><U107/><E67/><V80/><F89/><W26/><G26/><T108/><D27/><U100/><E88/><V93/><F93/><W34/><G34/><N who="2" m="12809" /><F30/><W65/><G65/><T19/><D29/><U113/><E90/><V61/><F44/><AGARI ba="0,1" hai="4,11,14,21,24,31,42,44,51,53,55,78,81,85" machi="44" ten="40,24000,3" yaku="1,1,6,1,25,2,8,1,52,2,53,1" doraHai="48" doraHaiUra="7" who="3" fromWho="2" sc="416,0,151,0,88,-240,335,250" owari="416,22.0,151,-25.0,-152,-65.0,585,68.0" />
</Scene>
</mjloggm>