<mjloggm ver="2.3"><GO type="169" lobby="0"/><UN n0="%E5%AE%89%E6%9C%AC%E5%BD%A9%E8%8A%B1" n1="%E5%A4%AA%E3%81%8F%E3%81%AA%E3%81%84%E3%81%8A" n2="%E3%81%9F%E3%81%8C%E3%82%84%E3%81%99" n3="%7A%65%72%6F%52%58" dan="17,19,16,16" rate="2145.45,2324.33,2070.78,2099.19" sx="F,F,M,M"/><TAIKYOKU oya="0"/>

<Scene>
<INIT seed="0,0,0,0,0,102" ten="250,250,250,250" oya="0" hai0="94,50,18,92,30,88,86,120,35,132,54,131,97" hai1="47,80,109,93,74,64,90,135,49,117,15,8,56" hai2="72,104,51,98,3,45,41,115,85,84,111,83,69" hai3="6,12,62,11,60,106,112,82,22,57,23,107,134"/><T101/><D120/><U103/><E117/><V108/><F3/><W26/><G112/><T66/><D132/><U55/><E135/><V28/><F115/><W73/><G134/><T9/><D131/><U58/><E109/><N who="2" m="42059" /><F69/><W37/><G37/><T32/><D66/><U17/><E64/><V71/><F71/><W70/><G70/><T110/><D110/><U67/><E67/><V126/><F28/><W91/><G23/><T53/><D30/><U33/><E33/><V24/><F24/><W100/><G100/><T116/><D116/><U77/><REACH who="1" step="1"/><E103/><REACH who="1" ten="250,240,250,250" step="2"/><N who="2" m="62583" /><F126/><W128/><G128/><T133/><D133/><U127/><E127/><V42/><F42/><W39/><G39/><T123/><D32/><U25/><E25/><V87/><F72/><W14/><G73/><T63/><D35/><U13/><E13/><V61/><F61/><W105/><G14/><N who="0" m="7503" /><D123/><U1/><E1/><V79/><AGARI ba="0,1" hai="41,45,51,79,83,84,85,87" m="62583,42059" machi="79" ten="30,2000,0" yaku="14,1,52,1" doraHai="102" who="2" fromWho="2" sc="250,-10,240,-5,250,30,250,-5" />
</Scene>
<Scene>
<INIT seed="1,0,0,1,3,66" ten="240,235,280,245" oya="1" hai0="106,56,79,31,71,22,36,42,76,15,123,97,20" hai1="129,109,105,29,12,101,19,127,100,91,35,3,10" hai2="25,68,85,117,65,82,52,27,59,95,28,2,83" hai3="9,90,86,134,98,125,87,89,60,41,121,32,93"/><U74/><E74/><V84/><F2/><W103/><G32/><T13/><D123/><U18/><E127/><V122/><F117/><W47/><G121/><T62/><D42/><U67/><E129/><V24/><F122/><W14/><G125/><T113/><D36/><U16/><E109/><V53/><F95/><W51/><G134/><T114/><D97/><U107/><E3/><V104/><F104/><W133/><G133/><T128/><D106/><U70/><E91/><V39/><F39/><W111/><G111/><T26/><D128/><U131/><E131/><V30/><F65/><W96/><G60/><T88/><D56/><U69/><E105/><V48/><F68/><W73/><G73/><T120/><D120/><U130/><E130/><V63/><F82/><N who="3" m="49367" /><G103/><T55/><D71/><U21/><E100/><V8/><F8/><W5/><AGARI ba="0,0" hai="5,9,14,41,47,51,87,90,93,96,98" m="49367" machi="5" ten="30,1100,0" yaku="8,1" doraHai="66" who="3" fromWho="3" sc="240,-3,235,-5,280,-3,245,11" />
</Scene>
<Scene>
<INIT seed="2,0,0,5,4,27" ten="237,230,277,256" oya="2" hai0="57,9,56,88,119,7,121,78,51,95,25,108,126" hai1="59,77,3,52,132,34,19,85,68,115,47,43,114" hai2="39,12,67,89,37,40,22,36,72,66,105,110,76" hai3="107,96,2,81,60,120,63,99,74,70,8,91,62"/><V116/><F105/><W133/><G120/><T128/><D121/><U31/><E3/><V6/><F116/><W71/><G133/><T53/><D119/><U49/><E132/><V83/><F40/><W131/><G131/><T65/><D126/><U4/><E4/><V30/><F110/><W111/><G111/><T15/><D78/><U80/><E68/><V100/><F100/><W113/><G2/><T33/><D108/><U112/><E19/><V93/><F6/><W103/><G8/><T127/><D127/><U26/><REACH who="1" step="1"/><E115/><REACH who="1" ten="237,220,277,256" step="2"/><V58/><F58/><W13/><G113/><T41/><D128/><U17/><E17/><V24/><REACH who="2" step="1"/><F12/><REACH who="2" ten="237,220,267,256" step="2"/><W104/><G13/><T28/><D57/><U135/><E135/><V130/><F130/><W38/><G71/><T48/><D56/><U122/><E122/><V84/><AGARI ba="0,2" hai="22,24,30,36,37,39,66,67,72,76,83,84,89,93" machi="84" ten="30,6000,0" yaku="1,1,0,1,52,1,53,0" doraHai="27" doraHaiUra="44" who="2" fromWho="2" sc="237,-20,220,-20,267,80,256,-20" />
</Scene>
<Scene>
<INIT seed="2,1,0,3,2,14" ten="217,200,347,236" oya="2" hai0="95,50,66,90,45,77,31,134,74,125,128,19,115" hai1="132,12,99,107,25,41,35,110,20,69,30,129,23" hai2="87,73,98,108,106,75,3,57,96,130,10,118,15" hai3="84,101,17,117,135,113,28,43,109,27,70,89,5"/><V61/><F3/><W104/><G117/><T83/><D115/><U76/><E110/><V7/><F118/><W80/><G70/><T78/><D125/><U39/><E132/><V91/><F130/><W44/><G109/><T29/><D134/><U56/><E129/><V72/><F106/><W55/><G135/><T112/><D112/><U58/><E76/><V48/><F48/><W6/><G55/><T63/><D78/><U82/><E82/><V103/><F103/><W97/><G113/><T40/><D128/><U1/><E1/><V4/><F4/><W79/><G79/><T59/><REACH who="0" step="1"/><D19/><REACH who="0" ten="207,200,347,236" step="2"/><U53/><E30/><V94/><REACH who="2" step="1"/><F108/><REACH who="2" ten="207,200,337,236" step="2"/><W37/><G17/><T11/><D11/><U16/><E16/><V81/><F81/><W2/><G2/><T92/><D92/><U54/><E107/><V133/><F133/><W114/><G114/><T126/><D126/><U33/><E39/><V42/><F42/><W46/><G5/><T38/><D38/><U85/><E41/><V0/><F0/><W60/><G6/><T64/><D64/><AGARI ba="1,2" hai="7,10,15,57,61,64,72,73,75,87,91,94,96,98" machi="64" ten="40,2000,0" yaku="1,1,53,0" doraHai="14" doraHaiUra="119" who="2" fromWho="0" sc="207,-23,200,0,337,43,236,0" />
</Scene>
<Scene>
<INIT seed="2,2,0,2,3,19" ten="184,200,380,236" oya="2" hai0="101,109,111,132,78,116,30,98,73,77,20,45,44" hai1="121,11,100,13,12,29,52,34,54,87,102,56,66" hai2="108,4,131,24,28,47,38,35,15,36,86,129,65" hai3="57,76,81,115,46,18,64,3,80,93,5,74,135"/><V69/><F86/><W122/><G122/><T0/><D0/><U49/><E121/><V25/><F65/><W37/><G135/><T63/><D132/><U32/><E66/><V127/><F69/><W53/><G64/><T118/><D63/><U112/><E112/><V79/><F79/><N who="0" m="30218" /><D73/><U82/><E29/><N who="2" m="19879" /><F47/><N who="0" m="17994" /><D101/><U2/><E2/><V94/><F94/><W113/><G81/><T128/><D128/><N who="2" m="49226" /><F38/><W33/><G33/><T70/><D98/><U123/><E123/><V133/><F36/><W51/><G93/><T55/><D55/><U114/><E114/><V21/><F133/><W40/><REACH who="3" step="1"/><G18/><REACH who="3" ten="184,200,380,226" step="2"/><T103/><D70/><U134/><E134/><V16/><F127/><W117/><G117/><N who="0" m="45163" /><D103/><U23/><E102/><V126/><F126/><W91/><G91/><T6/><D6/><N who="1" m="3191" /><E100/><V71/><F71/><W88/><G88/><T83/><D83/><U120/><E120/><V104/><F104/><W84/><G84/><T85/><D85/><U60/><E87/><V7/><F108/><W39/><G39/><T75/><D75/><U110/><E110/><V95/><F95/><W99/><G99/><T48/><D111/><U1/><E82/><V43/><F43/><W124/><G124/><T96/><D96/><U10/><E54/><V72/><F72/><W50/><G50/><T89/><D109/><U31/><E49/><V42/><F42/><W92/><G92/><T90/><D48/><U22/><E52/><V58/><F58/><W26/><G26/><AGARI ba="2,1" hai="20,26,30,89,90" m="45163,17994,30218" machi="26" ten="30,2000,0" yaku="12,1,52,1" doraHai="19" who="0" fromWho="3" sc="184,36,200,0,380,0,226,-26" />
</Scene>
<Scene>
<INIT seed="3,0,0,5,0,34" ten="220,200,380,200" oya="3" hai0="100,94,115,60,45,111,134,92,21,79,23,99,22" hai1="113,95,129,114,130,17,126,5,70,25,51,6,75" hai2="124,46,40,106,29,58,108,81,52,85,10,72,83" hai3="68,117,9,3,61,65,18,41,37,89,28,26,31"/><W63/><G117/><T33/><D111/><U77/><E70/><V98/><F72/><W87/><G63/><T27/><D134/><U78/><E95/><V118/><F118/><W15/><G3/><T110/><D110/><U0/><E51/><V56/><F56/><W90/><G31/><T32/><D115/><N who="1" m="44043" /><E75/><V71/><F71/><W16/><G18/><T62/><D79/><N who="1" m="30219" /><E126/><V82/><F29/><W14/><G14/><T76/><D76/><U96/><E96/><V7/><F98/><W73/><G73/><T20/><D45/><U64/><E64/><V107/><F85/><W128/><G128/><N who="1" m="49258" /><E0/><V57/><F57/><W59/><G68/><T42/><D42/><U84/><E84/><V135/><F124/><W80/><G41/><T35/><REACH who="0" step="1"/><D94/><REACH who="0" ten="210,200,380,200" step="2"/><U105/><E105/><V69/><F107/><W123/><G123/><T120/><D120/><U116/><E116/><V43/><F106/><W119/><G119/><T24/><D24/><U121/><E121/><V86/><F40/><W101/><G37/><T53/><D53/><U66/><E66/><V47/><F52/><W93/><G93/><T74/><D74/><U12/><E25/><V19/><F47/><W39/><G39/><T8/><D8/><AGARI ba="0,1" hai="5,6,8,12,17" m="49258,30219,44043" machi="8" ten="30,1000,0" yaku="19,1" doraHai="34" who="1" fromWho="0" sc="210,-10,200,20,380,0,200,0" />
</Scene>
<Scene>
<INIT seed="4,0,0,4,4,13" ten="200,220,380,200" oya="0" hai0="2,7,121,70,79,107,41,135,10,11,3,92,39" hai1="123,23,29,134,127,110,98,130,35,124,36,108,87" hai2="90,63,27,51,99,15,118,114,94,57,33,59,55" hai3="44,69,26,119,65,28,76,91,46,24,1,22,6"/><T56/><D70/><U120/><E36/><V72/><F72/><W58/><G119/><T5/><D107/><U62/><E87/><V16/><F118/><W66/><G69/><T101/><D135/><U74/><E74/><V113/><F33/><W80/><G91/><T109/><D121/><N who="1" m="46667" /><E62/><V42/><F27/><W37/><G6/><T48/><D109/><N who="1" m="42091" /><E98/><V122/><F122/><W95/><G1/><T4/><D79/><U84/><E84/><V38/><F38/><W85/><G95/><T32/><D39/><U106/><E106/><V105/><F105/><W50/><G37/><T53/><D41/><U64/><E64/><N who="3" m="24682" /><G26/><T8/><REACH who="0" step="1"/><D32/><REACH who="0" ten="190,220,380,200" step="2"/><U61/><E35/><V30/><F42/><W67/><G50/><T86/><D86/><U131/><E134/><V47/><F51/><W12/><G12/><T14/><D14/><U43/><E43/><V96/><F15/><W45/><N who="3" m="24690" /><W49/><DORA hai="115" /><G49/><T129/><D129/><N who="1" m="49163" /><E61/><V88/><F63/><W102/><G58/><T78/><D78/><U71/><E71/><V60/><F59/><W52/><G52/><T19/><D19/><U83/><E83/><V97/><F16/><W126/><G45/><T125/><D125/><N who="1" m="48203" /><E29/><V128/><F30/><W75/><G126/><T116/><D116/><U133/><E133/><V81/><F128/><W54/><G85/><T103/><D103/><U77/><E77/><V111/><F111/><W31/><G102/><T18/><D18/><U17/><E17/><V112/><F112/><W93/><G31/><T117/><D117/><U21/><AGARI ba="0,1" hai="21,23" m="48203,49163,42091,46667" machi="21" ten="40,12000,2" yaku="28,2,19,1,18,1,34,2" doraHai="13,115" who="1" fromWho="1" sc="190,-60,220,130,380,-30,200,-30" />
</Scene>
<Scene>
<INIT seed="5,0,0,4,3,6" ten="130,350,350,170" oya="1" hai0="58,15,96,84,10,83,110,63,26,53,25,93,102" hai1="16,40,67,7,71,78,81,126,94,54,37,106,74" hai2="57,64,19,86,113,95,111,105,0,130,129,79,109" hai3="101,59,24,132,33,13,87,72,38,114,116,23,9"/><U122/><E106/><V60/><F105/><W69/><G69/><T123/><D110/><U104/><E104/><V131/><F113/><W85/><G72/><T100/><D100/><U88/><E122/><V21/><F0/><W11/><G38/><T45/><D45/><U61/><E126/><V32/><F32/><W90/><G33/><T70/><D70/><U134/><E134/><V107/><F107/><W46/><G114/><T17/><REACH who="0" step="1"/><D123/><REACH who="0" ten="120,350,350,170" step="2"/><U20/><E37/><V75/><F109/><W28/><G101/><T5/><D5/><U108/><E7/><V98/><F111/><W2/><G132/><T14/><D14/><U97/><E108/><V47/><F47/><W56/><G116/><T4/><D4/><U49/><E40/><V52/><F131/><W120/><G120/><T36/><D36/><U125/><E125/><V133/><F133/><W118/><G118/><T127/><D127/><U44/><E71/><V128/><F128/><W65/><G46/><T117/><D117/><U115/><E115/><V82/><F130/><W48/><G13/><T1/><D1/><U39/><E39/><V22/><F129/><W50/><G2/><T27/><D27/><U51/><E44/><V91/><F75/><W62/><G24/><T73/><D73/><U66/><E74/><V80/><F57/><W3/><G59/><T41/><D41/><U43/><E43/><V76/><F76/><AGARI ba="0,1" hai="10,15,17,25,26,53,58,63,76,83,84,93,96,102" machi="76" ten="30,7700,0" yaku="1,1,7,1,8,1,52,1,53,0" doraHai="6" doraHaiUra="29" who="0" fromWho="2" sc="120,87,350,0,350,-77,170,0" />
</Scene>
<Scene>
<INIT seed="6,0,0,3,0,20" ten="207,350,273,170" oya="2" hai0="103,125,17,122,41,117,18,92,89,131,88,93,75" hai1="94,37,107,87,7,120,49,38,9,40,36,51,96" hai2="73,60,70,13,67,15,50,2,77,58,54,25,124" hai3="30,59,119,1,56,6,74,14,84,134,115,19,104"/><V62/><F2/><W68/><G74/><T86/><D122/><U0/><E120/><V21/><F124/><W44/><G119/><T4/><D125/><U128/><E128/><V91/><F73/><W47/><G68/><T76/><D131/><U5/><E107/><V81/><F60/><W133/><G104/><T8/><D117/><U83/><E7/><V64/><F64/><W48/><G6/><T71/><D103/><U53/><E40/><V22/><F22/><W33/><G1/><T126/><D126/><U57/><E51/><V28/><F77/><W65/><G115/><T135/><D135/><N who="3" m="51721" /><G84/><T123/><D123/><U31/><E31/><V23/><F23/><N who="3" m="11767" /><G65/><T52/><D71/><U80/><REACH who="1" step="1"/><E87/><REACH who="1" ten="207,340,273,170" step="2"/><V39/><F39/><W132/><N who="3" m="51729" /><W95/><DORA hai="113" /><G48/><T79/><D75/><U129/><E129/><V34/><F50/><W43/><G43/><T106/><D41/><U90/><AGARI ba="0,1" hai="0,5,9,36,37,38,49,53,57,80,83,90,94,96" machi="90" ten="30,2000,0" yaku="1,1,0,1,53,0" doraHai="20,113" doraHaiUra="105,24" who="1" fromWho="1" sc="207,-5,340,30,273,-10,170,-5" />
</Scene>
<Scene>
<INIT seed="7,0,0,5,5,78" ten="202,370,263,165" oya="3" hai0="20,33,99,59,56,62,64,92,42,119,12,114,25" hai1="81,106,51,63,95,85,0,118,77,83,128,10,47" hai2="80,9,90,5,76,71,28,127,48,60,13,57,82" hai3="108,100,130,1,123,86,8,93,74,87,52,40,30"/><W19/><G123/><T50/><D119/><U58/><E106/><V75/><F71/><W27/><G74/><T91/><D114/><U135/><E118/><V38/><F38/><W24/><G130/><T55/><D33/><U70/><E70/><V68/><F68/><W44/><G108/><T69/><D42/><U22/><E128/><V101/><F101/><W45/><G1/><T109/><D109/><U72/><E135/><V133/><F127/><W131/><G131/><T7/><D69/><U36/><E95/><V115/><F115/><W41/><G100/><T120/><D120/><U46/><E22/><V73/><F28/><W111/><G111/><T17/><D7/><U134/><E134/><V49/><F133/><W121/><G121/><T104/><D104/><U37/><E46/><N who="3" m="18026" /><G52/><T31/><D12/><U32/><E32/><V65/><F90/><N who="3" m="53463" /><G87/><T107/><D107/><U84/><E72/><V98/><F98/><W122/><G122/><T11/><D11/><U35/><E10/><V124/><F124/><W23/><G27/><T97/><D97/><U3/><E35/><V105/><F105/><W39/><G39/><T2/><D2/><U26/><E26/><V6/><F6/><W54/><G54/><T29/><AGARI ba="0,0" hai="17,20,25,29,31,50,55,56,59,62,64,91,92,99" machi="29" ten="30,2000,0" yaku="0,1,8,1" doraHai="78" who="0" fromWho="0" sc="202,20,370,-5,263,-5,165,-10" owari="222,-18.0,365,46.0,258,6.0,155,-34.0" />
</Scene>
</mjloggm>