<mjloggm ver="2.3"><GO type="169" lobby="0"/><UN n0="%67%61%69%61%78%78%78" n1="%E3%82%82%E3%82%84%E3%81%97%E3%82%82%E3%82%93" n2="%E5%A4%AA%E3%81%8F%E3%81%AA%E3%81%84%E3%81%8A" n3="%E3%83%A2%E3%82%A4%E3%83%92%E3%83%A3%E3%83%B3" dan="16,16,18,16" rate="2071.49,2126.20,2272.62,2040.20" sx="M,F,M,F"/><TAIKYOKU oya="0"/>

<Scene>
<INIT seed="0,0,0,5,0,20" ten="250,250,250,250" oya="0" hai0="9,3,10,96,12,73,4,67,114,1,33,22,11" hai1="72,98,52,53,37,55,79,0,127,81,107,129,23" hai2="84,88,132,74,54,113,80,44,39,87,18,47,56" hai3="117,70,94,99,91,42,51,116,130,76,32,27,60"/><T83/><D114/><U69/><E127/><V124/><F113/><W103/><G130/><T49/><D67/><U78/><E129/><V95/><F124/><W111/><G111/><T17/><D73/><U119/><E119/><V36/><F74/><W100/><G76/><T15/><D83/><U61/><E79/><N who="2" m="46111" /><F39/><W101/><G70/><T28/><D96/><U57/><E37/><V31/><F36/><W35/><G60/><T133/><D49/><U123/><E123/><V21/><F31/><W89/><G89/><T50/><D50/><U45/><E0/><N who="0" m="73" /><D133/><U40/><E23/><V29/><F29/><W34/><REACH who="3" step="1"/><G27/><AGARI ba="0,0" hai="4,9,10,11,12,15,17,22,27,28,33" m="73" machi="27" ten="30,18000,2" yaku="35,5,52,1" doraHai="20" who="0" fromWho="3" sc="250,180,250,0,250,0,250,-180" />
</Scene>
<Scene>
<INIT seed="0,1,0,0,2,56" ten="430,250,250,70" oya="0" hai0="103,27,116,97,49,113,67,133,20,76,104,123,31" hai1="26,96,84,50,77,44,33,101,47,112,17,5,110" hai2="108,102,126,68,43,41,39,134,58,127,72,48,83" hai3="29,22,105,91,125,118,2,63,14,38,94,87,28"/><T54/><D113/><U12/><E110/><V52/><F108/><W23/><G118/><T100/><D116/><U95/><E112/><V15/><F134/><W135/><G105/><T85/><D133/><U64/><E64/><V51/><F68/><W62/><G135/><T8/><D123/><U81/><E5/><V124/><F39/><W61/><G2/><T24/><D67/><U7/><E7/><V89/><F102/><W11/><G38/><T120/><D120/><U30/><REACH who="1" step="1"/><E50/><REACH who="1" ten="430,240,250,70" step="2"/><V132/><F132/><W35/><G125/><T71/><D49/><U9/><AGARI ba="1,1" hai="9,12,17,26,30,33,44,47,77,81,84,95,96,101" machi="9" ten="20,5200,0" yaku="1,1,2,1,0,1,7,1,53,0" doraHai="56" doraHaiUra="114" who="1" fromWho="1" sc="430,-27,240,65,250,-14,70,-14" />
</Scene>
<Scene>
<INIT seed="1,0,0,4,4,44" ten="403,305,236,56" oya="1" hai0="62,66,16,118,69,70,86,20,46,76,57,63,89" hai1="95,85,4,128,97,122,47,104,119,100,123,133,94" hai2="73,26,72,75,65,132,12,108,88,29,68,27,83" hai3="3,0,121,5,30,18,113,28,50,91,25,87,24"/><U10/><E119/><V2/><F2/><W103/><G121/><T71/><D118/><U116/><E116/><V93/><F108/><W120/><G120/><T107/><D107/><U96/><E128/><V23/><F132/><W129/><G113/><T127/><D127/><U37/><E133/><V98/><F12/><W82/><G129/><T130/><D130/><U17/><E17/><V51/><F27/><W79/><G103/><T84/><D76/><U64/><E64/><V42/><F65/><W124/><G124/><T54/><D46/><U8/><E85/><V110/><F68/><W61/><G61/><T14/><REACH who="0" step="1"/><D84/><REACH who="0" ten="393,305,236,56" step="2"/><U101/><E104/><V40/><F110/><W117/><G117/><T55/><D55/><U59/><E59/><V77/><F42/><W22/><G79/><T131/><D131/><U52/><E52/><V67/><F40/><W39/><G39/><T38/><D38/><U21/><E37/><V125/><F125/><W92/><G87/><T41/><D41/><U115/><E47/><V45/><F45/><W80/><G3/><T111/><D111/><U13/><E115/><V53/><F53/><W99/><G0/><T1/><D1/><U112/><E112/><V33/><F77/><W58/><G58/><T60/><D60/><U78/><E78/><V19/><F73/><W36/><G36/><T31/><D31/><U106/><E106/><V134/><F72/><W74/><G30/><T43/><D43/><U34/><E122/><V126/><F75/><W9/><G74/><T81/><AGARI ba="0,1" hai="14,16,20,54,57,62,63,66,69,70,71,81,86,89" machi="81" ten="20,8000,1" yaku="1,1,0,1,7,1,54,1,53,1" doraHai="44" doraHaiUra="49" who="0" fromWho="0" sc="393,90,305,-40,236,-20,56,-20" />
</Scene>
<Scene>
<INIT seed="2,0,0,1,0,116" ten="483,265,216,36" oya="2" hai0="127,134,13,69,4,1,97,132,44,101,87,8,26" hai1="49,46,76,23,17,34,124,78,51,66,67,32,96" hai2="7,33,113,102,82,100,79,16,62,83,28,111,65" hai3="27,108,22,61,56,0,63,103,121,122,60,31,10"/><V86/><F113/><W120/><G108/><T117/><D117/><U25/><E124/><V14/><F7/><W54/><REACH who="3" step="1"/><G103/><REACH who="3" ten="483,265,216,26" step="2"/><T125/><D125/><U118/><E118/><V43/><F111/><W42/><G42/><T84/><D127/><U89/><E32/><V80/><F43/><W35/><G35/><T58/><D101/><U110/><E34/><V107/><F102/><W115/><G115/><T75/><D132/><U52/><E110/><V40/><F40/><W59/><G59/><T18/><D58/><U5/><E51/><V29/><F33/><W57/><G57/><T2/><D134/><U73/><E73/><V123/><F100/><W3/><G3/><T71/><D2/><U37/><E37/><V129/><F107/><W21/><G21/><T38/><D1/><U45/><E45/><V88/><F129/><W126/><G126/><T104/><D44/><U48/><E48/><V112/><F112/><W85/><G85/><T9/><D38/><U131/><E131/><V106/><F106/><W105/><G105/><T11/><D84/><U135/><E135/><V68/><F123/><W50/><G50/><T12/><D87/><U36/><E36/><V95/><REACH who="2" step="1"/><F79/><REACH who="2" ten="483,265,206,26" step="2"/><W47/><G47/><T30/><D104/><U93/><E76/><V53/><F53/><W39/><G39/><T94/><D4/><AGARI ba="0,2" hai="0,4,10,22,27,31,54,56,60,61,63,120,121,122" machi="4" ten="40,8000,1" yaku="1,1,52,3,53,0" doraHai="116" doraHaiUra="92" who="3" fromWho="0" sc="483,-80,265,0,206,0,26,100" />
</Scene>
<Scene>
<INIT seed="3,0,0,3,1,74" ten="403,265,206,126" oya="3" hai0="58,86,45,25,87,7,29,105,15,57,98,134,85" hai1="22,90,53,118,55,71,69,56,70,131,110,89,16" hai2="14,112,10,122,123,30,27,99,120,129,5,80,75" hai3="1,127,62,113,94,21,121,41,35,93,48,77,61"/><W12/><G35/><T33/><D134/><U28/><E110/><V59/><F129/><W128/><G1/><T24/><D24/><U52/><E131/><V132/><F132/><W44/><G121/><T76/><D76/><U103/><E118/><V54/><F112/><W20/><G113/><T51/><D7/><U125/><E125/><V107/><F107/><W63/><G127/><T135/><D135/><U43/><E28/><V34/><F99/><W18/><G128/><T40/><REACH who="0" step="1"/><D15/><REACH who="0" ten="393,265,206,126" step="2"/><U23/><E103/><AGARI ba="0,1" hai="25,29,33,40,45,51,57,58,85,86,87,98,103,105" machi="103" ten="40,8000,1" yaku="1,1,2,1,53,3" doraHai="74" doraHaiUra="82" who="0" fromWho="1" sc="393,90,265,-80,206,0,126,0" />
</Scene>
<Scene>
<INIT seed="4,0,0,5,1,118" ten="483,185,206,126" oya="0" hai0="84,58,130,75,19,83,127,133,81,46,86,62,111" hai1="79,29,13,90,96,1,131,60,4,3,41,34,98" hai2="26,53,125,56,119,25,55,108,40,54,74,97,10" hai3="8,72,49,128,16,107,51,21,88,73,112,106,14"/><T2/><D2/><U67/><E131/><V65/><F108/><W63/><G128/><T123/><D123/><U27/><E41/><V12/><F74/><W93/><G112/><T50/><D111/><U37/><E37/><V64/><F125/><W5/><G73/><T6/><D6/><U22/><E79/><V103/><F40/><W114/><G72/><T36/><D36/><U43/><E43/><V87/><F119/><W32/><G32/><T116/><D116/><U132/><E132/><V109/><F87/><N who="3" m="52383" /><G106/><T35/><D35/><U78/><E78/><V11/><F11/><W85/><G107/><T47/><D47/><U92/><E96/><V82/><F82/><W42/><G114/><T122/><D83/><U99/><E99/><V121/><F121/><W17/><G42/><T110/><D81/><U44/><E44/><V134/><F134/><W89/><G63/><T91/><D62/><U95/><E92/><N who="2" m="58791" /><F109/><W126/><G126/><T7/><D127/><U77/><E77/><V0/><F0/><W71/><G71/><T39/><D39/><U102/><E102/><V61/><F64/><W104/><G104/><T20/><D133/><U23/><E34/><V94/><F94/><N who="3" m="54575" /><G5/><AGARI ba="0,0" hai="5,10,12,25,26,53,54,55,56,61,65" m="58791" machi="5" ten="30,1000,0" yaku="8,1" doraHai="118" who="2" fromWho="3" sc="483,0,185,0,206,10,126,-10" />
</Scene>
<Scene>
<INIT seed="5,0,0,0,3,42" ten="483,185,216,116" oya="1" hai0="22,53,120,126,44,110,35,121,59,104,19,102,129" hai1="12,105,33,63,34,87,32,109,9,20,25,95,23" hai2="118,123,3,117,81,40,69,15,131,79,132,100,2" hai3="108,38,27,67,10,85,83,18,88,56,91,71,73"/><U39/><E105/><V58/><F69/><W1/><G71/><T62/><D110/><U37/><E109/><V89/><F123/><N who="0" m="47178" /><D35/><U77/><E63/><V70/><F70/><W114/><G108/><T68/><D68/><U84/><E77/><V30/><F100/><W93/><G38/><T8/><D8/><U0/><E0/><V17/><F30/><W113/><G1/><T76/><D76/><U28/><E23/><V133/><F131/><W26/><G73/><T43/><D126/><U46/><E95/><V54/><F89/><W6/><G6/><T106/><D102/><U122/><E122/><V24/><F40/><W98/><G67/><T50/><D129/><U101/><E101/><V125/><F24/><AGARI ba="0,0" hai="19,22,24,43,44,50,53,59,62,104,106" m="47178" machi="24" ten="30,2000,0" yaku="13,1,52,1" doraHai="42" who="0" fromWho="2" sc="483,20,185,0,216,-20,116,0" />
</Scene>
<Scene>
<INIT seed="6,0,0,0,3,122" ten="503,185,196,116" oya="2" hai0="87,31,74,43,115,107,121,5,89,72,52,105,56" hai1="47,77,42,13,109,93,38,67,53,36,22,68,8" hai2="18,4,103,28,27,119,61,46,108,130,80,83,123" hai3="59,19,32,86,78,29,55,57,98,66,41,124,39"/><V88/><F123/><W135/><G135/><T45/><D121/><U24/><E109/><V25/><F119/><W94/><G124/><T133/><D133/><U100/><E77/><V79/><F103/><W76/><G66/><T110/><D110/><U7/><E38/><V99/><F108/><W16/><G59/><T126/><D126/><U12/><E12/><V23/><F130/><W37/><G37/><T48/><D115/><U90/><E100/><V1/><F46/><W113/><G113/><T2/><D31/><U69/><E53/><V0/><F61/><W33/><G33/><T116/><D116/><U26/><E26/><V44/><F44/><W101/><G29/><T54/><D54/><U92/><E92/><V114/><F114/><W49/><G32/><T120/><D120/><U111/><E67/><V128/><F128/><W15/><G86/><T30/><D30/><U62/><E62/><V91/><F80/><W64/><G64/><T97/><D97/><U102/><E102/><V125/><F125/><W3/><G3/><T134/><D134/><U95/><E95/><V73/><F99/><W20/><G39/><T17/><D105/><U84/><E111/><V85/><F4/><W50/><REACH who="3" step="1"/><G19/><AGARI ba="0,0" hai="7,8,13,19,22,24,36,42,47,68,69,84,90,93" machi="19" ten="30,1000,0" yaku="7,1" doraHai="122" who="1" fromWho="3" sc="503,0,185,10,196,0,116,-10" />
</Scene>
<Scene>
<INIT seed="7,0,0,2,2,63" ten="503,195,196,106" oya="3" hai0="13,46,87,91,118,2,33,36,69,89,81,68,49" hai1="65,67,74,97,117,80,37,77,104,31,32,5,84" hai2="98,57,131,58,83,92,123,26,1,54,55,103,88" hai3="116,133,95,25,134,12,60,14,24,111,122,121,29"/><W9/><G95/><T71/><D2/><U129/><E37/><V73/><F1/><W18/><G116/><T47/><D33/><U44/><E117/><V85/><F131/><W23/><G111/><T30/><D118/><U4/><E129/><V108/><F108/><W34/><G60/><T62/><D30/><U128/><E128/><V20/><F73/><W56/><G56/><N who="2" m="21609" /><F123/><N who="3" m="47115" /><G9/><T79/><D62/><U64/><E44/><V72/><F72/><W90/><G90/><T8/><D36/><U27/><REACH who="1" step="1"/><E74/><REACH who="1" ten="503,185,196,106" step="2"/><V35/><F35/><W86/><G86/><T16/><REACH who="0" step="1"/><D47/><REACH who="0" ten="493,185,196,106" step="2"/><U135/><E135/><AGARI ba="0,2" hai="12,14,18,23,24,25,29,34,133,134,135" m="47115" machi="135" ten="30,5800,0" yaku="20,1,34,2" doraHai="63" who="3" fromWho="1" sc="493,0,185,-58,196,0,106,78" />
</Scene>
<Scene>
<INIT seed="7,1,0,4,0,66" ten="493,127,196,184" oya="3" hai0="94,125,40,112,60,44,105,99,90,23,88,120,127" hai1="128,97,101,36,43,34,78,80,62,57,26,15,124" hai2="70,110,131,104,27,133,61,12,89,81,21,74,37" hai3="84,113,1,100,30,123,48,29,106,115,122,31,54"/><W92/><G1/><T42/><D120/><U77/><E124/><N who="0" m="47689" /><D112/><N who="3" m="43081" /><G106/><T3/><D3/><U51/><E128/><V73/><F104/><W69/><G100/><N who="0" m="62623" /><D60/><U19/><E36/><V55/><F131/><W58/><G69/><T49/><D23/><U13/><E34/><V32/><F70/><W47/><G47/><N who="0" m="25847" /><D94/><U59/><E26/><V9/><F32/><W2/><G2/><T134/><D134/><U116/><E116/><V98/><F133/><W109/><G109/><T35/><D35/><U24/><E24/><V83/><F110/><W72/><G72/><T79/><D79/><U10/><E15/><V114/><F74/><W0/><G0/><T38/><AGARI ba="1,0" hai="38,40,44,88,90" m="25847,62623,47689" machi="38" ten="30,2000,0" yaku="18,1,54,1" doraHai="66" who="0" fromWho="0" sc="493,23,127,-6,196,-6,184,-11" owari="516,62.0,121,-38.0,190,-1.0,173,-23.0" />
</Scene>
</mjloggm>