<mjloggm ver="2.3"><GO type="169" lobby="0"/><UN n0="%6B%75%72%61%67%75%6D%61" n1="%E9%87%8C%E4%B8%AD%E4%BA%9C%E7%9F%A2%E5%AD%90" n2="%E3%82%82%E3%82%84%E3%81%97%E3%82%82%E3%82%93" n3="%E5%A4%AA%E3%81%8F%E3%81%AA%E3%81%84%E3%81%8A" dan="16,16,16,19" rate="2114.73,2072.03,2135.88,2269.63" sx="M,M,F,F"/><TAIKYOKU oya="0"/>

<Scene>
<INIT seed="0,0,0,4,3,74" ten="250,250,250,250" oya="0" hai0="109,114,96,20,78,87,101,79,24,97,94,103,60" hai1="7,16,29,32,46,84,73,83,61,111,77,56,26" hai2="112,40,133,108,48,135,70,98,117,33,82,59,106" hai3="99,63,53,90,128,41,71,42,27,15,51,64,132"/><T88/><D114/><U5/><E111/><V13/><F108/><W9/><G132/><N who="2" m="50761" /><F112/><W118/><G118/><T58/><D109/><U76/><E46/><N who="2" m="25671" /><F70/><W62/><G62/><T126/><D87/><U17/><E5/><V23/><F33/><W102/><G90/><T86/><D86/><U93/><E7/><V39/><F39/><W131/><G27/><T49/><D49/><U105/><E105/><V55/><F82/><W95/><G41/><T22/><D126/><U10/><E10/><V18/><F117/><W115/><G42/><T110/><D110/><U34/><E34/><V124/><F124/><W35/><G35/><T125/><D125/><U67/><REACH who="1" step="1"/><E93/><REACH who="1" ten="250,240,250,250" step="2"/><V80/><F106/><W57/><REACH who="3" step="1"/><G115/><REACH who="3" ten="250,240,250,240" step="2"/><T6/><D6/><AGARI ba="0,2" hai="6,9,15,51,53,57,63,64,71,95,99,102,128,131" machi="6" ten="40,8000,1" yaku="1,1,2,1,53,2" doraHai="74" doraHaiUra="127" who="3" fromWho="0" sc="250,-80,240,0,250,0,240,100" />
</Scene>
<Scene>
<INIT seed="1,0,0,0,4,130" ten="170,240,250,340" oya="1" hai0="40,93,129,34,44,30,0,13,67,92,64,75,133" hai1="89,96,69,24,38,62,58,101,111,53,113,126,106" hai2="14,29,71,6,80,124,107,88,112,9,122,54,48" hai3="46,42,110,105,1,43,90,59,95,115,52,68,84"/><U77/><E113/><V70/><F122/><W116/><G115/><T26/><D0/><U7/><E38/><V108/><F112/><W102/><G68/><T21/><D129/><U18/><E126/><V134/><F124/><W63/><G1/><T45/><D75/><U39/><E39/><V131/><F131/><W98/><G110/><T20/><D34/><U60/><E77/><V118/><F118/><W103/><G116/><T28/><D13/><U85/><E7/><V22/><F108/><W79/><G103/><T125/><D125/><U32/><E111/><V37/><F107/><W35/><G35/><T76/><D76/><U31/><E18/><V86/><F37/><W65/><G79/><T109/><D109/><U55/><E55/><V127/><F127/><W19/><G19/><T23/><D40/><U41/><E41/><V135/><F22/><W50/><AGARI ba="0,0" hai="42,43,46,50,52,59,63,65,84,90,95,98,102,105" machi="50" ten="30,2000,0" yaku="0,1,54,1" doraHai="130" who="3" fromWho="3" sc="170,-5,240,-10,250,-5,340,20" />
</Scene>
<Scene>
<INIT seed="2,0,0,3,5,73" ten="165,230,245,360" oya="2" hai0="132,39,30,52,90,131,84,93,77,119,127,134,91" hai1="96,69,83,50,34,20,22,99,29,100,11,111,36" hai2="110,86,35,120,58,64,41,5,118,124,51,55,16" hai3="37,45,67,128,97,65,7,59,72,89,3,43,82"/><V115/><F115/><W24/><G128/><T46/><D131/><U25/><E36/><V40/><F118/><W133/><G133/><N who="0" m="51307" /><D127/><U26/><E69/><V117/><F117/><W49/><G24/><T21/><D119/><U14/><E111/><V87/><F120/><W80/><G97/><T6/><D6/><U61/><E50/><V57/><F110/><W63/><G89/><T104/><D104/><U129/><E129/><V12/><F35/><W2/><G82/><N who="0" m="47183" /><D39/><U53/><E83/><V19/><F124/><W130/><G130/><T10/><D10/><U135/><E135/><V101/><F101/><W125/><G125/><T121/><D121/><U62/><E53/><N who="2" m="31935" /><F64/><W60/><G7/><T18/><D30/><U74/><E74/><V81/><F5/><W114/><G114/><T44/><D52/><U113/><E113/><V23/><F19/><W126/><G37/><T28/><D28/><N who="1" m="17447" /><E34/><V4/><F4/><W107/><G107/><T32/><D32/><U102/><E96/><V95/><F95/><W78/><REACH who="3" step="1"/><G126/><REACH who="3" ten="165,230,245,350" step="2"/><T106/><D106/><U66/><E99/><V70/><F86/><W47/><G47/><N who="0" m="17963" /><D93/><U85/><E85/><V92/><F92/><W17/><G17/><T13/><AGARI ba="0,1" hai="13,18,21,90,91" m="17963,47183,51307" machi="13" ten="30,2000,0" yaku="20,1,52,1" doraHai="73" who="0" fromWho="0" sc="165,30,230,-5,245,-10,350,-5" />
</Scene>
<Scene>
<INIT seed="3,0,0,1,3,87" ten="195,225,235,345" oya="3" hai0="84,74,116,70,128,9,23,103,122,118,26,88,86" hai1="48,24,130,93,95,37,66,5,135,69,91,1,60" hai2="17,28,34,110,18,119,102,54,134,10,14,31,85" hai3="73,59,3,100,72,0,80,16,104,113,12,82,111"/><W133/><G113/><T40/><D122/><U105/><E37/><V126/><F119/><W51/><G104/><T121/><D121/><U30/><E105/><V101/><F110/><W7/><G100/><N who="2" m="38505" /><F34/><W68/><G68/><T58/><D74/><U77/><E135/><V98/><F134/><W75/><G133/><T8/><D103/><U2/><E77/><V4/><F98/><W99/><G99/><T47/><D70/><U25/><E130/><V97/><F97/><W127/><G127/><T45/><D128/><U79/><E79/><V64/><F64/><W55/><G111/><T71/><D71/><U15/><E48/><V63/><F126/><W41/><G41/><T125/><D125/><U92/><E24/><V46/><F85/><W90/><G90/><T13/><D84/><U56/><E69/><V78/><F78/><W29/><G29/><N who="2" m="11337" /><F46/><W67/><G67/><T53/><D118/><U44/><E44/><N who="0" m="16969" /><D40/><U49/><E49/><V20/><F20/><W129/><G129/><T106/><D106/><U52/><E66/><V38/><F38/><W115/><G115/><T96/><D96/><N who="1" m="57375" /><E1/><V131/><F131/><W123/><G123/><T107/><D107/><U83/><E2/><V22/><F22/><N who="3" m="11527" /><G0/><T117/><D117/><U11/><E83/><N who="3" m="31786" /><G3/><T108/><D116/><U109/><E109/><V50/><F50/><W81/><G81/><N who="0" m="49231" /><D108/><U89/><E89/><V35/><F35/><W43/><G43/><T27/><D27/><U32/><E32/><V120/><F120/><W61/><G73/><T21/><D26/><U132/><E132/><V94/><F94/><RYUUKYOKU ba="0,0" sc="195,-15,225,15,235,15,345,-15" hai1="5,11,15,25,30,52,56,60,93,95" hai2="4,10,14,17,18,54,63" />
</Scene>
<Scene>
<INIT seed="4,1,0,0,2,131" ten="180,240,250,330" oya="0" hai0="81,42,73,2,8,84,108,77,121,37,14,66,112" hai1="110,80,29,52,115,122,15,129,40,96,23,50,118" hai2="51,72,103,130,4,105,127,79,123,69,16,13,93" hai3="104,135,57,45,128,64,56,31,86,70,85,1,35"/><T133/><D112/><U102/><E118/><V109/><F109/><W54/><G1/><T100/><D121/><U33/><E110/><V19/><F123/><W83/><G104/><T7/><D108/><U22/><E122/><V65/><F105/><W41/><G128/><T34/><D133/><U61/><E33/><V78/><F130/><W5/><G5/><T21/><D34/><U43/><E129/><V11/><F127/><W63/><G135/><T97/><D66/><U76/><E61/><V49/><F69/><W26/><G54/><T18/><D84/><N who="1" m="48135" /><E115/><V58/><F72/><W74/><G74/><T132/><D132/><U82/><E82/><V48/><F103/><W106/><G106/><T71/><D71/><U44/><E29/><V62/><F93/><W30/><G30/><T6/><D6/><U126/><E126/><V114/><F114/><W95/><G95/><T111/><D111/><U12/><E96/><V120/><F120/><W116/><G86/><T87/><D87/><U36/><E36/><V134/><F134/><W38/><G116/><T28/><D28/><U10/><E102/><V17/><AGARI ba="1,0" hai="4,11,13,16,17,19,48,49,51,58,62,65,78,79" machi="17" ten="30,4000,0" yaku="0,1,8,1,54,1" doraHai="131" who="2" fromWho="2" sc="180,-21,240,-11,250,43,330,-11" />
</Scene>
<Scene>
<INIT seed="5,0,0,4,3,21" ten="159,229,293,319" oya="1" hai0="81,103,62,23,46,31,43,37,8,97,114,56,1" hai1="85,66,52,25,105,77,47,68,49,96,30,36,44" hai2="61,132,63,24,126,134,71,98,9,64,75,33,73" hai3="111,101,72,11,34,38,50,16,40,104,3,116,107"/><U130/><E130/><V76/><F126/><W106/><G111/><T29/><D114/><U14/><E14/><V110/><F110/><W80/><G34/><T121/><D121/><U22/><E77/><V19/><F63/><W41/><G50/><T59/><D81/><U112/><E85/><V120/><F120/><W102/><G41/><T99/><D99/><U48/><E112/><V123/><F123/><W113/><G116/><T69/><D69/><U92/><E105/><V131/><F131/><W78/><G113/><T35/><D35/><U124/><E36/><V51/><F51/><W28/><G28/><T42/><D42/><U86/><E124/><V115/><F115/><W91/><G91/><T2/><D59/><U39/><E39/><V90/><F76/><W57/><G57/><T13/><D31/><U88/><E66/><V45/><F45/><N who="3" m="23703" /><G16/><T4/><D23/><U74/><E74/><V93/><F9/><W12/><G12/><T87/><D29/><U7/><E68/><V117/><F33/><W95/><G95/><T109/><D87/><U17/><E7/><AGARI ba="0,0" hai="3,7,11,72,78,80,101,102,104,106,107" m="23703" machi="7" ten="30,1000,0" yaku="25,1" doraHai="21" who="3" fromWho="1" sc="159,0,229,-10,293,0,319,10" />
</Scene>
<Scene>
<INIT seed="6,0,0,4,3,124" ten="159,219,293,329" oya="2" hai0="55,44,66,121,110,77,15,105,11,85,40,9,135" hai1="113,71,122,41,132,84,108,22,69,59,46,115,2" hai2="1,61,129,95,48,35,127,99,116,14,97,94,65" hai3="10,19,58,31,83,42,57,80,76,134,126,120,52"/><V106/><F116/><W78/><G120/><T131/><D110/><U29/><E108/><V96/><F1/><W87/><G126/><T74/><D121/><U23/><E122/><V30/><F127/><W125/><G125/><T70/><D135/><U79/><E2/><V21/><F106/><W49/><G134/><T16/><D105/><U43/><E132/><V36/><F36/><W111/><G111/><T47/><D74/><U50/><E59/><N who="2" m="37055" /><F35/><W12/><G42/><T90/><D77/><U34/><E34/><V7/><F129/><W64/><G31/><T62/><D55/><U45/><E84/><V73/><F73/><W0/><G0/><T81/><D131/><U104/><E104/><V18/><F30/><W130/><G130/><T51/><REACH who="0" step="1"/><D47/><REACH who="0" ten="149,219,293,329" step="2"/><U54/><E79/><V101/><F101/><W102/><G102/><T89/><D89/><U13/><E54/><V93/><F96/><W119/><G119/><T28/><D28/><U82/><E29/><V60/><F97/><W88/><G80/><T98/><D98/><U39/><E82/><V107/><F99/><W68/><G68/><T20/><AGARI ba="0,1" hai="9,11,15,16,20,40,44,51,62,66,70,81,85,90" machi="20" ten="20,5200,0" yaku="1,1,0,1,7,1,54,1,53,0" doraHai="124" doraHaiUra="72" who="0" fromWho="0" sc="149,62,219,-13,293,-26,329,-13" />
</Scene>
<Scene>
<INIT seed="7,0,0,5,0,57" ten="211,206,267,316" oya="3" hai0="23,36,3,73,96,32,118,55,49,127,24,87,117" hai1="86,5,9,63,79,102,60,62,26,70,29,0,107" hai2="114,109,56,71,46,125,93,43,77,89,119,78,130" hai3="2,95,38,39,7,94,54,58,83,129,28,80,123"/><W65/><G65/><T105/><D73/><U14/><E79/><V10/><F109/><W126/><G123/><T72/><D72/><U4/><E86/><V41/><F71/><W35/><G28/><T16/><D36/><U52/><E52/><V88/><F119/><W135/><G35/><T53/><D127/><U12/><E70/><V74/><F125/><W110/><G126/><T98/><D117/><U68/><E68/><V40/><F74/><W99/><G95/><T100/><D118/><U17/><E4/><V85/><F130/><W115/><G129/><T19/><D3/><U64/><E64/><V61/><F10/><W75/><G7/><T44/><D32/><U37/><E37/><V76/><F114/><W122/><G2/><T124/><D124/><U30/><E17/><V66/><F89/><N who="3" m="55759" /><G122/><T108/><D108/><U25/><E29/><V69/><F69/><W104/><G104/><T132/><D132/><U11/><E11/><V120/><F120/><W1/><G1/><T59/><D87/><U20/><REACH who="1" step="1"/><E26/><REACH who="1" ten="211,196,267,316" step="2"/><V82/><F82/><W103/><G83/><T106/><D19/><U134/><E134/><V97/><F85/><W121/><G135/><T133/><D133/><U31/><E31/><V33/><F97/><AGARI ba="0,1" hai="0,5,9,12,14,20,25,30,60,62,63,97,102,107" machi="97" ten="40,8000,1" yaku="1,1,52,3,53,0" doraHai="57" doraHaiUra="48" who="1" fromWho="2" sc="211,0,196,90,267,-80,316,0" owari="211,-19.0,286,9.0,187,-31.0,316,41.0" />
</Scene>
</mjloggm>