<mjloggm ver="2.3"><GO type="169" lobby="0"/><UN n0="%6A%75%6E%6F%6E" n1="%E3%81%BF%E3%81%8B%E3%82%93%EF%BC%A0%E3%82%8F%E3%81%8B%E3%82%81%E3%81%A6" n2="%E5%A4%AA%E3%81%8F%E3%81%AA%E3%81%84%E3%81%8A" n3="%E3%81%8A%E3%81%98%E3%81%95%E3%82%93" dan="17,17,19,17" rate="2166.75,2146.41,2307.06,2135.72" sx="M,M,F,M"/><TAIKYOKU oya="0"/>

<Scene>
<INIT seed="0,0,0,1,4,135" ten="250,250,250,250" oya="0" hai0="125,67,81,118,77,93,92,119,115,44,89,95,13" hai1="34,63,15,27,61,10,112,9,57,96,99,36,69" hai2="90,76,1,12,105,98,66,46,23,58,3,84,116" hai3="41,127,72,21,26,107,16,126,42,87,2,38,104"/><T114/><D67/><U102/><E36/><V7/><F76/><W49/><G72/><N who="0" m="43175" /><D44/><U54/><E112/><N who="0" m="43049" /><D13/><U64/><E99/><V130/><F46/><N who="3" m="25815" /><G2/><T123/><D123/><U111/><E111/><V31/><F23/><W110/><G110/><T4/><D4/><U85/><E85/><V52/><F58/><W68/><G68/><T25/><D25/><U47/><E47/><V97/><F12/><W37/><G41/><T122/><D122/><U50/><E61/><V48/><F31/><W18/><G18/><T80/><D125/><N who="3" m="47625" /><G87/><AGARI ba="0,0" hai="80,87,89,92,93,95,118,119" m="43049,43175" machi="87" ten="30,2900,0" yaku="34,2" doraHai="135" who="0" fromWho="3" sc="250,29,250,0,250,0,250,-29" />
</Scene>
<Scene>
<INIT seed="0,1,0,1,0,78" ten="279,250,250,221" oya="0" hai0="129,38,7,46,120,19,55,117,14,37,8,36,24" hai1="114,26,1,29,115,101,96,44,6,40,12,128,15" hai2="93,74,80,86,100,49,116,97,104,119,11,41,132" hai3="106,54,123,88,51,48,67,4,108,82,53,27,25"/><T69/><D117/><N who="2" m="45130" /><F11/><W91/><G106/><T64/><D120/><U5/><E128/><V94/><F41/><W102/><G123/><T111/><D129/><U68/><E68/><V122/><F49/><N who="3" m="19019" /><G102/><T58/><D111/><U66/><E66/><V31/><F31/><W79/><G108/><T32/><D69/><U75/><E75/><V59/><F59/><W20/><G4/><N who="1" m="1642" /><E44/><V43/><F43/><W3/><G3/><T112/><D64/><U83/><E40/><V73/><F132/><W130/><G130/><T87/><D112/><N who="1" m="43051" /><E83/><V98/><F122/><W18/><G67/><T125/><D46/><U34/><E1/><V85/><F85/><N who="3" m="48351" /><G27/><T121/><D121/><U118/><E118/><V39/><F39/><W57/><G54/><T90/><D55/><U17/><E17/><V113/><F113/><W28/><G18/><T2/><D19/><U109/><E109/><V23/><F104/><AGARI ba="1,0" hai="12,15,26,29,34,96,101,104" m="43051,1642" machi="104" ten="30,1000,0" yaku="11,1" doraHai="78" who="1" fromWho="2" sc="279,0,250,13,250,-13,221,0" />
</Scene>
<Scene>
<INIT seed="1,0,0,2,4,30" ten="279,263,237,221" oya="1" hai0="109,11,130,116,47,124,106,38,78,21,29,89,49" hai1="19,98,96,133,4,37,34,74,52,102,69,99,75" hai2="126,16,62,79,3,18,112,101,118,12,71,23,94" hai3="135,65,48,50,33,24,7,58,13,8,39,41,20"/><U108/><E133/><V120/><F118/><W51/><G135/><T84/><D109/><U91/><E69/><V15/><F3/><W129/><G129/><T64/><D130/><U55/><E108/><V44/><F120/><W10/><G39/><T59/><D124/><U100/><E37/><V77/><F126/><W63/><G10/><T107/><D78/><U132/><E132/><V81/><F112/><W86/><G86/><T14/><D38/><U1/><E19/><V83/><F44/><W92/><G92/><T70/><D70/><U27/><E91/><V25/><F62/><W53/><G41/><T123/><D116/><U115/><E115/><V105/><F105/><W119/><G119/><T76/><D76/><N who="2" m="29258" /><F71/><W68/><REACH who="3" step="1"/><G33/><REACH who="3" ten="279,263,237,211" step="2"/><T95/><D107/><U121/><E34/><V54/><F83/><W111/><G111/><T85/><D106/><U9/><E121/><V0/><F81/><W60/><G60/><T103/><D123/><U90/><E90/><V57/><F94/><W17/><AGARI ba="0,1" hai="7,8,13,17,20,24,48,50,51,53,58,63,65,68" machi="17" ten="20,2700,0" yaku="1,1,0,1,7,1,53,0" doraHai="30" doraHaiUra="127" who="3" fromWho="3" sc="279,-7,263,-13,237,-7,211,37" />
</Scene>
<Scene>
<INIT seed="2,0,0,4,3,69" ten="272,250,230,248" oya="2" hai0="8,92,100,134,46,16,115,133,39,57,67,50,84" hai1="12,98,79,74,109,106,121,30,34,68,89,45,94" hai2="20,76,71,47,108,43,77,125,52,119,65,124,9" hai3="27,3,113,105,28,51,91,18,117,22,128,118,36"/><V40/><F9/><W85/><G105/><T42/><D115/><U103/><E68/><V120/><F20/><W29/><G113/><T99/><D84/><U11/><E121/><V58/><F120/><W107/><G107/><T96/><D96/><U95/><E109/><V44/><F119/><W87/><G3/><T25/><D67/><U61/><E61/><N who="2" m="40367" /><F77/><W23/><G87/><T54/><REACH who="0" step="1"/><D25/><REACH who="0" ten="262,250,230,248" step="2"/><U37/><E106/><V135/><F108/><W86/><G86/><T33/><D33/><U101/><E34/><V19/><F76/><W114/><G114/><T56/><D56/><U2/><E79/><V62/><F135/><W81/><G117/><T53/><D53/><U6/><E74/><V116/><F116/><W122/><G118/><T17/><D17/><U14/><E101/><V112/><F19/><W102/><G122/><T1/><D1/><U123/><E123/><V132/><F132/><W80/><G18/><T78/><D78/><U59/><E30/><V127/><F112/><W35/><G35/><T83/><D83/><U24/><E24/><V126/><F126/><W15/><G80/><T104/><D104/><U38/><E59/><V93/><F93/><W129/><G29/><T32/><D32/><U82/><E82/><V111/><F111/><W7/><G28/><T26/><D26/><U70/><E70/><V72/><F72/><W75/><G75/><T131/><D131/><U31/><E31/><V48/><F125/><W90/><G129/><T55/><D55/><U4/><E2/><V64/><F64/><W60/><G128/><T21/><D21/><RYUUKYOKU ba="0,1" sc="262,15,250,-15,230,15,248,-15" hai0="8,16,39,42,46,50,54,57,92,99,100,133,134" hai2="40,43,44,47,48,52,58,62,124,127" />
</Scene>
<Scene>
<INIT seed="2,1,1,3,5,78" ten="277,235,245,233" oya="2" hai0="0,129,49,15,50,72,40,36,93,32,6,53,16" hai1="116,39,20,118,30,10,4,56,11,122,128,83,38" hai2="70,42,64,125,107,97,103,102,33,55,95,81,21" hai3="113,24,65,121,41,110,45,25,89,77,84,17,109"/><V98/><F125/><W104/><G121/><T126/><D126/><U71/><E71/><V108/><F42/><W66/><G104/><T111/><D111/><N who="3" m="42505" /><G77/><T60/><D129/><U99/><E122/><V112/><F108/><W86/><G113/><T22/><D72/><U73/><E128/><V90/><F112/><W35/><G17/><T68/><D32/><U23/><E99/><V37/><F37/><N who="3" m="21679" /><G86/><T91/><D36/><U3/><E56/><V127/><F33/><W62/><G35/><T61/><D40/><U132/><E73/><V19/><F127/><W87/><G87/><T13/><D68/><U74/><E74/><V69/><F103/><W124/><G124/><T59/><D61/><U114/><E114/><V5/><F5/><W18/><G18/><N who="0" m="10591" /><D0/><U31/><E4/><V131/><F131/><W58/><G66/><T117/><D6/><U63/><E63/><V85/><F64/><W76/><G76/><T88/><D91/><U27/><E3/><V47/><F19/><W12/><G12/><T48/><D88/><U26/><REACH who="1" step="1"/><E83/><AGARI ba="1,1" hai="24,25,58,62,65,83,84,89" m="21679,42505" machi="83" ten="30,2000,0" yaku="14,1,52,1" doraHai="78" who="3" fromWho="1" sc="277,0,235,-23,245,0,233,33" />
</Scene>
<Scene>
<INIT seed="3,0,0,2,5,90" ten="277,212,245,266" oya="3" hai0="120,43,46,128,99,133,70,29,105,59,125,104,94" hai1="54,93,4,85,37,96,53,8,55,41,110,95,18" hai2="21,132,13,22,127,2,113,17,124,3,73,1,116" hai3="47,83,115,51,123,48,32,61,86,82,129,67,108"/><W78/><G115/><T7/><D70/><U50/><E110/><V68/><F73/><W101/><G123/><T57/><D120/><U80/><E37/><V0/><F68/><W5/><G32/><T75/><D75/><U66/><E66/><V10/><F113/><W76/><G108/><T118/><D118/><U40/><E96/><V71/><F71/><W38/><G129/><T28/><D128/><U45/><E4/><N who="2" m="1311" /><F116/><W64/><G5/><T60/><D7/><U98/><E98/><V106/><F106/><W122/><G122/><T91/><D133/><U89/><REACH who="1" step="1"/><E41/><REACH who="1" ten="277,202,245,266" step="2"/><V34/><F132/><W126/><G67/><T24/><D99/><U30/><E30/><V65/><F65/><W19/><G64/><T121/><D28/><U35/><E35/><V117/><F34/><W26/><G38/><T79/><D29/><U36/><E36/><V11/><F117/><W49/><G101/><T52/><D43/><U31/><E31/><V74/><F74/><W100/><G100/><T63/><D121/><U33/><E33/><V92/><F1/><W23/><G126/><T62/><D125/><U56/><E56/><V69/><F69/><W12/><G47/><T111/><D111/><U44/><E44/><V20/><F124/><W15/><REACH who="3" step="1"/><G61/><REACH who="3" ten="277,202,245,256" step="2"/><T25/><D63/><U103/><E103/><V9/><F127/><W130/><G130/><T16/><D46/><U42/><E42/><V109/><F109/><W114/><G114/><T6/><D62/><U39/><E39/><V135/><F135/><W97/><G97/><T131/><D60/><U58/><E58/><RYUUKYOKU ba="0,2" sc="277,-15,202,15,245,-15,256,15" hai1="8,18,40,45,50,53,54,55,80,85,89,93,95" hai3="12,15,19,23,26,48,49,51,76,78,82,83,86" />
</Scene>
<Scene>
<INIT seed="3,1,2,1,1,37" ten="262,217,230,271" oya="3" hai0="40,107,89,2,88,31,99,16,1,111,46,82,109" hai1="83,20,50,77,21,75,101,134,105,95,132,34,6" hai2="13,102,106,48,133,119,125,14,72,123,57,78,114" hai3="129,67,69,49,3,92,124,58,7,120,60,23,71"/><W74/><G120/><T66/><D31/><U44/><E34/><V131/><F114/><W22/><G74/><T42/><D66/><U33/><E33/><V27/><F119/><W80/><G124/><T52/><D16/><U113/><E113/><V100/><F72/><W35/><G35/><T19/><D19/><U53/><E105/><V64/><F78/><W56/><G129/><T97/><D46/><U30/><E6/><V25/><F106/><W45/><G80/><T32/><D32/><U12/><E12/><V115/><F115/><W85/><G58/><T121/><D107/><U116/><E116/><V26/><F125/><W68/><G7/><T108/><D121/><U103/><E95/><V87/><F87/><W117/><G3/><N who="0" m="1035" /><D52/><U47/><E47/><V73/><F64/><W9/><G9/><T98/><D82/><U112/><E112/><V38/><F131/><W10/><G10/><T28/><D28/><U54/><E53/><V62/><F57/><W96/><G85/><T61/><D61/><U17/><E30/><V8/><F62/><W127/><G127/><T90/><AGARI ba="1,2" hai="40,42,88,89,90,97,98,99,108,109,111" m="1035" machi="90" ten="50,16000,3" yaku="29,2,28,2,14,1,52,2,54,1" doraHai="37" who="0" fromWho="0" sc="262,183,217,-41,230,-41,271,-81" />
</Scene>
<Scene>
<INIT seed="4,0,0,1,4,50" ten="445,176,189,190" oya="0" hai0="5,132,39,72,112,7,127,66,110,101,64,71,9" hai1="106,76,13,32,63,121,46,38,51,57,11,2,78" hai2="116,40,61,122,124,42,131,33,103,135,3,119,96" hai3="123,113,18,62,107,87,82,58,117,118,44,80,100"/><T27/><D112/><U102/><E121/><V86/><F122/><W91/><G113/><T111/><D39/><U128/><E32/><V108/><F108/><W95/><G123/><T45/><D72/><U53/><E2/><V105/><F3/><W98/><G82/><T85/><D101/><U81/><E128/><V41/><F33/><W115/><G115/><T34/><D45/><U17/><E38/><V109/><F109/><W49/><G18/><T52/><D85/><U56/><E56/><V97/><F97/><W79/><G49/><T69/><D34/><U54/><REACH who="1" step="1"/><E81/><REACH who="1" ten="445,166,189,190" step="2"/><V120/><F131/><W133/><G44/><T16/><D111/><U60/><E60/><V30/><F61/><W28/><G133/><T59/><D132/><U48/><E48/><V19/><F135/><W126/><G126/><T20/><D127/><U65/><E65/><V74/><F124/><W92/><G58/><T89/><D110/><U24/><E24/><V43/><F120/><W104/><G62/><T125/><D125/><U93/><E93/><V25/><F25/><W22/><G95/><T77/><D27/><U67/><E67/><V55/><F116/><W83/><G118/><T94/><D66/><U10/><E10/><V73/><F119/><W130/><G117/><T35/><D64/><U15/><E15/><V21/><F105/><W31/><G130/><T8/><D35/><U47/><E47/><V68/><F68/><W88/><G107/><T12/><D71/><U75/><E75/><V1/><N who="2" m="10240" /><DORA hai="37" /><V90/><F73/><N who="3" m="43119" /><G22/><T4/><D20/><U134/><E134/><RYUUKYOKU ba="0,1" sc="445,-15,166,15,189,-15,190,15" hai1="11,13,17,46,51,53,54,57,63,76,78,102,106" hai3="28,31,83,87,88,91,92,98,100,104" />
</Scene>
<Scene>
<INIT seed="5,1,1,1,2,3" ten="430,181,174,205" oya="1" hai0="7,92,28,46,76,110,121,55,80,53,134,90,26" hai1="135,2,69,27,31,88,16,43,116,107,29,30,99" hai2="44,114,52,98,81,5,87,129,97,38,119,51,117" hai3="36,125,108,73,24,123,61,94,91,33,93,21,128"/><U120/><E116/><V115/><F38/><W39/><G33/><T100/><D110/><U15/><E120/><V85/><F129/><W47/><G123/><T9/><D100/><U133/><E69/><V50/><F81/><W35/><G35/><T6/><D134/><N who="1" m="51211" /><E2/><V75/><F75/><W57/><G108/><T83/><D9/><N who="1" m="6255" /><E43/><V106/><F106/><W41/><G125/><T127/><D80/><U22/><E107/><V82/><F82/><W68/><G128/><T17/><D83/><U54/><E54/><V42/><F42/><W32/><G68/><T19/><D55/><U67/><E67/><V40/><F40/><W12/><G73/><T84/><D76/><U112/><E112/><V104/><F104/><W8/><G39/><T45/><D53/><U132/><N who="1" m="51219" /><U1/><DORA hai="105" /><E1/><V62/><F52/><W18/><G94/><AGARI ba="1,1" hai="22,27,29,30,31,88,94,99" m="6255,51219" machi="94" ten="40,7700,0" yaku="20,1,54,2" doraHai="3,105" who="1" fromWho="3" sc="430,0,181,90,174,0,205,-80" />
</Scene>
<Scene>
<INIT seed="5,2,0,0,5,117" ten="430,271,174,125" oya="1" hai0="31,53,67,40,17,70,107,120,104,62,44,3,36" hai1="29,133,94,59,84,56,5,26,106,134,1,52,80" hai2="77,78,116,32,83,132,114,22,18,118,79,20,89" hai3="92,125,49,105,122,129,0,121,57,128,15,10,82"/><U27/><E106/><V73/><F32/><W74/><G105/><T47/><D120/><U101/><E1/><V6/><F6/><W38/><G38/><T90/><D3/><U33/><E5/><V16/><F132/><N who="1" m="50793" /><E27/><V34/><F34/><W75/><G0/><T93/><D31/><U86/><E59/><V30/><F30/><W43/><G125/><T41/><D53/><U110/><E110/><V12/><F114/><W85/><G92/><T4/><D17/><U102/><E94/><V7/><F7/><N who="3" m="3551" /><G57/><T39/><D4/><U119/><E119/><V66/><F66/><W63/><G63/><T123/><D123/><N who="3" m="47113" /><G75/><T97/><AGARI ba="2,0" hai="36,39,40,41,44,47,62,67,70,90,93,97,104,107" machi="97" ten="20,2700,0" yaku="0,1,7,1,9,1" doraHai="117" who="0" fromWho="0" sc="430,33,271,-15,174,-9,125,-9" />
</Scene>
<Scene>
<INIT seed="6,0,0,5,2,3" ten="463,256,165,116" oya="2" hai0="108,101,90,23,112,96,74,28,127,116,123,22,106" hai1="11,48,29,61,67,130,21,65,98,115,40,107,76" hai2="20,135,34,93,94,120,26,102,36,39,100,89,104" hai3="2,38,6,24,62,55,10,1,57,52,131,5,8"/><V56/><F34/><W99/><G38/><T50/><D108/><U118/><E118/><V42/><F120/><W132/><G131/><T9/><D116/><U44/><E130/><V109/><F104/><W113/><G132/><T119/><D119/><U78/><E115/><V86/><F135/><W124/><G113/><T91/><D112/><U35/><E65/><V128/><F128/><W85/><G124/><T97/><D90/><U27/><E21/><V87/><F109/><W33/><G85/><T92/><D127/><U47/><E47/><V17/><F39/><W31/><G99/><T53/><D74/><U88/><E11/><V69/><F69/><W18/><G18/><T16/><D28/><U121/><E121/><V134/><F134/><W12/><G12/><T58/><D123/><U45/><E45/><V64/><F42/><W122/><G122/><T117/><D117/><U84/><E107/><V79/><F36/><W73/><G73/><T72/><D72/><U68/><E98/><V43/><F43/><W82/><G82/><AGARI ba="0,0" hai="27,29,35,40,44,48,61,67,68,76,78,82,84,88" machi="82" ten="30,2000,0" yaku="7,1,54,1" doraHai="3" who="1" fromWho="3" sc="463,0,256,20,165,0,116,-20" />
</Scene>
<Scene>
<INIT seed="7,0,0,4,3,76" ten="463,276,165,96" oya="3" hai0="67,40,123,80,6,48,26,34,135,82,127,116,15" hai1="1,16,117,47,44,114,41,132,17,70,103,4,25" hai2="12,92,61,66,3,68,2,122,27,14,31,71,78" hai3="52,109,133,28,101,33,97,30,119,0,111,128,21"/><W131/><G33/><T58/><D48/><U65/><E114/><V99/><F68/><W39/><G39/><T55/><D58/><U115/><E47/><V13/><F78/><W72/><G72/><T10/><D55/><U62/><E17/><V106/><F122/><W110/><G119/><T37/><D15/><U45/><E132/><V105/><F105/><W83/><G133/><T73/><D82/><U120/><E103/><N who="2" m="62847" /><F92/><N who="3" m="58535" /><G0/><T54/><D67/><U9/><E115/><V130/><F130/><N who="3" m="49707" /><G21/><T32/><D32/><U23/><E117/><V86/><F86/><W7/><G7/><T38/><D6/><U8/><E120/><V22/><F22/><W95/><G95/><T100/><D123/><U121/><E121/><V57/><F2/><W89/><G52/><T75/><D54/><U56/><E9/><V36/><F3/><W84/><AGARI ba="0,0" hai="28,30,83,84,89,109,110,111" m="49707,58535" machi="84" ten="40,7800,0" yaku="10,1,19,1,52,1" doraHai="76" who="3" fromWho="3" sc="463,-26,276,-26,165,-26,96,78" />
</Scene>
<Scene>
<INIT seed="7,1,0,1,5,93" ten="437,250,139,174" oya="3" hai0="59,33,68,38,102,104,118,47,2,132,110,98,34" hai1="3,107,57,122,71,39,49,87,92,24,52,25,11" hai2="79,45,6,43,73,67,77,28,65,1,128,0,97" hai3="7,126,83,58,10,50,89,134,115,119,117,61,86"/><W70/><G70/><T78/><D59/><U42/><E122/><V96/><F28/><W62/><G115/><T19/><D19/><U60/><E107/><V125/><F128/><W9/><G126/><T56/><D56/><U131/><E131/><V41/><F125/><W101/><G134/><T112/><D110/><U35/><E35/><V14/><F14/><W72/><G72/><T4/><D118/><U16/><E87/><V20/><F20/><W21/><G119/><T133/><D112/><U32/><E32/><N who="0" m="12393" /><D78/><U116/><E92/><V13/><F13/><W130/><G117/><T127/><D127/><U109/><E109/><V123/><F45/><W22/><G101/><T66/><D66/><N who="1" m="41415" /><E116/><V37/><F37/><W108/><G108/><T53/><D53/><U99/><E3/><V40/><F40/><W85/><G130/><T95/><D95/><U8/><E8/><N who="3" m="3178" /><G7/><T113/><D113/><U18/><E11/><V5/><F73/><W12/><G12/><T64/><D4/><U84/><E39/><V129/><F129/><W29/><G29/><T26/><D2/><U88/><E42/><V135/><F135/><W114/><G114/><T91/><D102/><U27/><E84/><N who="3" m="32362" /><G21/><T100/><D100/><U30/><E30/><V105/><F123/><W82/><G22/><T90/><D133/><U69/><E69/><V15/><F15/><W76/><G76/><T17/><D132/><U80/><E80/><N who="3" m="30762" /><G89/><T55/><D90/><U51/><E88/><V103/><F103/><W120/><G120/><T44/><D91/><U121/><E121/><V36/><F105/><RYUUKYOKU ba="1,0" sc="437,-15,250,-15,139,15,174,15" hai2="0,1,5,6,36,41,43,65,67,77,79,96,97" hai3="50,58,61,62" />
</Scene>
<Scene>
<INIT seed="7,2,0,0,5,47" ten="422,235,154,189" oya="3" hai0="93,60,119,102,39,81,26,16,115,66,57,0,21" hai1="4,121,79,111,132,90,22,10,2,76,48,123,120" hai2="95,78,63,46,128,20,28,85,84,134,118,125,31" hai3="40,55,19,42,67,96,103,114,62,17,112,5,6"/><W91/><G91/><T23/><D39/><U3/><E111/><V15/><F118/><W59/><G19/><T77/><D0/><U14/><E132/><V74/><F74/><W32/><G32/><T25/><D93/><U73/><E3/><V99/><F134/><W24/><G24/><T113/><D102/><U1/><E1/><V52/><F128/><W18/><G18/><T107/><D107/><U37/><E37/><V35/><F35/><W70/><G17/><T65/><D119/><U82/><E76/><V68/><F125/><W13/><G13/><N who="0" m="9359" /><D66/><U117/><E117/><V50/><F68/><W124/><G124/><T72/><D23/><U33/><E33/><V106/><F106/><W104/><G40/><T92/><D92/><U88/><E22/><V69/><F15/><W87/><G87/><N who="2" m="33353" /><F78/><W38/><G42/><T109/><D109/><U100/><E2/><V122/><F122/><W89/><G89/><N who="1" m="34410" /><E100/><N who="2" m="60543" /><F20/><W126/><G126/><T7/><D7/><N who="3" m="2569" /><G38/><T80/><D80/><U105/><E105/><V71/><F71/><W110/><G110/><T135/><D135/><U61/><E61/><V98/><F98/><W8/><G8/><T130/><D130/><U129/><E129/><V53/><F69/><W86/><G86/><T49/><D25/><U43/><E123/><V64/><F64/><W101/><G101/><T54/><D26/><U75/><E73/><V9/><F9/><W36/><G36/><T44/><D72/><U34/><E34/><V97/><F97/><W83/><G83/><T94/><D94/><U45/><E121/><V12/><F12/><RYUUKYOKU ba="2,0" sc="422,0,235,0,154,0,189,0" hai0="44,49,54,57,60,65,77,81,113,115" hai1="4,10,14,43,45,48,75,79,82,120" hai2="28,31,46,50,52,53,63" hai3="55,59,62,67,70,96,103,104,112,114" />
</Scene>
<Scene>
<INIT seed="7,3,0,4,1,80" ten="422,235,154,189" oya="3" hai0="61,66,62,77,116,32,67,36,111,75,5,87,123" hai1="98,132,84,113,18,12,112,65,51,76,46,105,135" hai2="60,28,42,117,20,109,128,78,106,54,103,44,41" hai3="63,91,114,31,73,7,79,127,30,56,126,2,96"/><W15/><G2/><T58/><D111/><U130/><E130/><V88/><F109/><W95/><G95/><T27/><D75/><U9/><E65/><V133/><F117/><W102/><G91/><T11/><D36/><U100/><E84/><V55/><F78/><W13/><G114/><N who="1" m="44138" /><E76/><V53/><F128/><W43/><G43/><AGARI ba="3,0" hai="9,12,18,43,46,51,98,100,105,132,135" m="44138" machi="43" ten="30,1000,0" yaku="15,1" doraHai="80" who="1" fromWho="3" sc="422,0,235,19,154,0,189,-19" owari="422,53.0,254,5.0,154,-35.0,170,-23.0" />
</Scene>
</mjloggm>