<mjloggm ver="2.3"><GO type="169" lobby="0"/><UN n0="%6C%67%32%31" n1="%67%61%72%75%63%69%61" n2="%E3%83%9E%E3%83%88%E3%83%AA%E3%83%83%E3%82%AF%E3%82%B9" n3="%E5%A4%AA%E3%81%8F%E3%81%AA%E3%81%84%E3%81%8A" dan="16,16,16,19" rate="2153.15,2103.17,2133.90,2340.04" sx="M,M,M,F"/><TAIKYOKU oya="0"/>

<Scene>
<INIT seed="0,0,0,0,2,85" ten="250,250,250,250" oya="0" hai0="89,128,124,125,51,83,29,24,100,54,114,74,25" hai1="16,117,33,47,116,76,79,40,71,12,17,31,99" hai2="45,121,129,13,56,18,62,58,96,26,105,64,94" hai3="126,127,75,53,80,0,32,42,49,8,134,91,72"/><T59/><D114/><U66/><E17/><V36/><F121/><W1/><G32/><T52/><D128/><U5/><E5/><V3/><F3/><W111/><G42/><T133/><D133/><U46/><E46/><V55/><F105/><W7/><G1/><T95/><D100/><U21/><E76/><V122/><F122/><W28/><G28/><T4/><D4/><U84/><E99/><V82/><F129/><W35/><G35/><T23/><D54/><U65/><E71/><V22/><F82/><W120/><G120/><T106/><D106/><U88/><E79/><V73/><F73/><W92/><G134/><T69/><D83/><N who="1" m="49183" /><E33/><V9/><F45/><W130/><G130/><T63/><D74/><U6/><E117/><V67/><F58/><W108/><G75/><T34/><D69/><U102/><E102/><V97/><F97/><N who="3" m="57503" /><G72/><T38/><D38/><U20/><E6/><V14/><F36/><W11/><G80/><T78/><D78/><U119/><E119/><V132/><F132/><W77/><G77/><T109/><D51/><N who="1" m="27111" /><E116/><V101/><REACH who="2" step="1"/><F14/><REACH who="2" ten="250,250,240,250" step="2"/><W93/><G0/><T115/><D115/><U44/><E44/><V90/><F90/><W123/><G123/><T37/><D37/><U87/><E87/><V15/><F15/><W81/><G81/><T60/><D124/><U110/><E110/><V10/><F10/><W43/><G111/><T118/><D109/><U131/><E131/><V41/><F41/><W135/><G108/><T103/><D118/><U86/><E86/><V70/><F70/><W27/><G43/><T19/><D125/><RYUUKYOKU ba="0,1" sc="250,-15,250,15,240,15,250,-15" hai1="12,16,20,21,31,65,66" hai2="9,13,18,22,26,55,56,62,64,67,94,96,101" />
</Scene>
<Scene>
<INIT seed="1,1,1,0,5,82" ten="235,265,255,235" oya="1" hai0="112,8,95,62,24,106,76,45,69,87,52,89,57" hai1="132,14,10,98,38,25,96,7,33,100,39,55,127" hai2="37,114,131,123,105,116,59,22,88,91,58,44,77" hai3="4,20,2,72,35,0,12,119,103,23,56,28,40"/><U71/><E71/><V65/><F123/><W70/><G72/><T11/><D106/><U29/><E127/><V122/><F122/><W46/><G70/><T3/><D112/><U81/><E132/><V135/><F116/><W94/><G119/><T60/><D76/><U99/><E100/><V115/><F105/><W101/><G35/><T16/><D3/><U15/><E55/><V85/><F135/><W80/><G80/><T50/><D69/><U54/><E54/><V125/><F125/><W84/><G56/><T13/><D24/><U32/><E32/><V30/><F131/><W36/><G103/><T75/><D75/><U90/><REACH who="1" step="1"/><E15/><REACH who="1" ten="235,255,255,235" step="2"/><V104/><F65/><W107/><G12/><N who="0" m="7175" /><D45/><U129/><E129/><V6/><F44/><W108/><G46/><T9/><D9/><U19/><E19/><AGARI ba="1,2" hai="11,13,19,50,52,57,60,62,87,89,95" m="7175" machi="19" ten="30,7700,0" yaku="8,1,52,1,54,2" doraHai="82" who="0" fromWho="1" sc="235,100,255,-80,255,0,235,0" />
</Scene>
<Scene>
<INIT seed="2,0,0,2,3,69" ten="335,175,255,235" oya="2" hai0="21,29,121,124,102,23,65,62,7,98,4,95,103" hai1="55,100,47,52,101,109,80,14,107,46,114,122,34" hai2="53,82,91,99,105,131,128,60,97,1,85,113,59" hai3="76,30,93,31,49,83,117,119,72,88,25,50,11"/><V130/><F113/><W94/><G11/><T13/><D121/><U63/><E114/><V37/><F1/><W20/><G94/><T73/><D73/><U43/><E34/><V64/><F105/><W56/><G31/><T5/><D124/><U33/><E33/><V110/><F110/><W57/><G57/><N who="0" m="37071" /><D29/><U48/><E109/><V12/><F37/><W27/><G27/><T87/><D87/><U9/><E122/><V135/><F135/><W28/><G28/><T106/><D106/><U35/><E35/><V104/><F104/><W2/><G2/><T71/><D71/><U118/><E118/><V75/><F75/><W19/><G30/><T17/><D103/><U38/><E107/><V74/><F74/><W16/><G19/><T42/><D42/><U92/><E80/><V8/><REACH who="2" step="1"/><F64/><REACH who="2" ten="335,175,245,235" step="2"/><W22/><G119/><T68/><D68/><U79/><E79/><V45/><F45/><W10/><G117/><T40/><D40/><U112/><E112/><V32/><F32/><W108/><G108/><T133/><D133/><U24/><E24/><V96/><F96/><W89/><G25/><T66/><D66/><U125/><E125/><V41/><F41/><W3/><G72/><T78/><D98/><U18/><E92/><V132/><F132/><W36/><G93/><T123/><D95/><U15/><E15/><V127/><F127/><W86/><G3/><T116/><D13/><U115/><E115/><V81/><F81/><W129/><G83/><T6/><D116/><U126/><E126/><V58/><F58/><W54/><G56/><T26/><D26/><RYUUKYOKU ba="0,1" sc="335,-15,175,15,245,15,235,-15" hai1="9,14,18,38,43,46,47,48,52,55,63,100,101" hai2="8,12,53,59,60,82,85,91,97,99,128,130,131" />
</Scene>
<Scene>
<INIT seed="2,1,1,4,5,119" ten="320,190,260,220" oya="2" hai0="128,72,129,80,74,64,24,125,38,135,67,32,127" hai1="30,4,113,34,10,42,21,89,78,50,36,40,65" hai2="77,87,118,25,39,91,121,97,9,107,100,95,56" hai3="59,102,120,45,29,22,14,131,35,104,58,90,84"/><V52/><F118/><W70/><G70/><T8/><D38/><U18/><E36/><V68/><F68/><W60/><G131/><N who="0" m="50251" /><D8/><U53/><E113/><V2/><F39/><W76/><G76/><N who="0" m="44039" /><D74/><U96/><E78/><V61/><F121/><W116/><G116/><T19/><D19/><U79/><E65/><N who="0" m="25161" /><D135/><U26/><E79/><V46/><F2/><W51/><G29/><AGARI ba="1,1" hai="24,29,32,125,127" m="25161,44039,50251" machi="29" ten="30,1000,0" yaku="19,1" doraHai="119" who="0" fromWho="3" sc="320,23,190,0,260,0,220,-13" />
</Scene>
<Scene>
<INIT seed="3,0,0,0,4,106" ten="343,190,260,207" oya="3" hai0="55,11,74,121,131,108,83,73,28,8,65,42,77" hai1="126,31,51,87,61,23,20,67,132,124,81,120,123" hai2="35,66,127,46,21,129,92,93,1,0,69,68,97" hai3="5,109,113,89,119,117,75,64,100,90,2,104,110"/><W99/><G64/><T94/><D108/><N who="3" m="41577" /><G5/><T88/><D131/><U54/><E132/><V91/><F35/><W62/><G2/><T25/><D65/><U78/><E31/><V47/><F66/><W24/><G62/><T15/><D74/><U72/><E23/><V56/><F56/><W125/><G24/><T16/><D121/><U84/><E20/><V79/><F21/><W102/><G113/><T4/><D42/><U70/><E87/><V85/><F129/><W49/><G49/><T37/><D37/><U33/><E33/><V76/><F127/><N who="1" m="48681" /><E84/><V30/><F30/><W103/><G125/><T19/><D55/><U71/><E71/><V22/><F22/><W14/><G14/><T128/><D8/><U45/><AGARI ba="0,0" hai="45,51,54,61,67,70,72,78,81,120,123" m="48681" machi="45" ten="30,2000,0" yaku="18,1,52,1" doraHai="106" who="1" fromWho="1" sc="343,-5,190,20,260,-5,207,-10" />
</Scene>
<Scene>
<INIT seed="4,0,0,0,4,93" ten="338,210,255,197" oya="0" hai0="13,41,31,52,21,67,10,56,87,39,17,60,47" hai1="16,34,100,133,97,98,15,96,105,117,9,40,27" hai2="38,2,20,86,110,70,123,32,83,18,63,69,75" hai3="7,14,135,29,48,84,54,59,4,129,68,85,114"/><T1/><D87/><U43/><E117/><V109/><F32/><W79/><G68/><T26/><REACH who="0" step="1"/><D1/><REACH who="0" ten="328,210,255,197" step="2"/><U25/><E133/><V128/><F2/><W121/><G84/><T12/><D12/><N who="1" m="7183" /><E105/><V58/><F86/><W101/><G85/><T89/><D89/><U45/><E34/><V131/><F110/><W132/><G14/><T8/><D8/><U134/><E134/><V103/><F109/><W3/><G3/><T53/><AGARI ba="0,1" hai="10,13,17,21,26,31,39,41,47,52,53,56,60,67" machi="53" ten="30,6000,0" yaku="1,1,0,1,54,1,53,0" doraHai="93" doraHaiUra="118" who="0" fromWho="0" sc="328,70,210,-20,255,-20,197,-20" />
</Scene>
<Scene>
<INIT seed="4,1,0,4,0,105" ten="398,190,235,177" oya="0" hai0="101,7,119,125,36,80,124,92,129,112,110,48,77" hai1="14,95,37,86,134,30,59,113,130,50,111,96,65" hai2="108,70,122,39,45,107,131,93,38,74,64,106,43" hai3="24,71,62,9,42,89,41,126,128,66,127,33,116"/><T123/><D36/><U60/><E111/><V73/><F93/><W57/><G9/><T103/><D48/><U4/><E37/><V58/><F108/><W78/><G89/><T67/><D67/><U1/><E1/><V132/><F39/><W13/><G13/><T52/><D52/><U0/><E0/><V28/><F122/><W81/><G116/><T20/><D20/><U69/><E130/><V18/><F131/><W82/><G128/><T135/><D7/><U22/><E134/><V61/><F132/><W90/><G90/><T34/><D34/><U6/><E113/><V31/><F18/><W109/><G71/><T99/><D129/><U55/><E30/><V76/><F76/><W104/><G104/><N who="2" m="39977" /><F31/><N who="3" m="19687" /><G109/><T117/><D110/><U79/><E79/><V17/><F17/><W32/><G32/><T10/><D103/><U114/><E114/><V40/><F40/><N who="3" m="15467" /><G78/><T19/><D112/><U2/><E2/><V23/><F23/><W51/><G51/><T12/><D135/><U54/><E22/><V100/><F100/><W21/><G21/><T115/><D115/><U25/><E25/><V56/><F28/><W5/><G5/><T97/><D97/><U27/><E27/><V26/><F26/><W85/><G85/><N who="0" m="48271" /><D123/><U88/><E14/><V84/><F84/><W83/><G81/><T118/><D119/><U63/><E86/><V102/><F102/><W16/><G16/><T72/><D118/><U49/><E49/><V121/><F121/><W47/><G47/><AGARI ba="1,0" hai="4,6,47,50,54,55,59,60,63,65,69,88,95,96" machi="47" ten="30,2000,0" yaku="7,1,54,1" doraHai="105" who="1" fromWho="3" sc="398,0,190,23,235,0,177,-23" />
</Scene>
<Scene>
<INIT seed="5,0,0,3,3,107" ten="398,213,235,154" oya="1" hai0="23,78,8,17,101,58,46,66,15,70,10,87,125" hai1="9,81,54,79,37,2,77,104,91,44,84,126,53" hai2="4,97,57,55,109,133,69,59,132,134,19,100,0" hai3="38,115,29,80,71,74,49,113,56,95,63,82,22"/><U128/><E126/><V68/><F0/><W118/><G38/><T90/><D70/><N who="2" m="27242" /><F4/><W93/><G71/><T36/><D101/><U103/><E128/><V73/><F109/><W16/><G29/><T110/><D110/><U67/><E67/><V39/><F19/><W13/><G49/><T12/><D78/><U47/><E104/><V7/><F7/><W120/><G120/><T96/><D96/><U18/><E103/><V119/><F119/><W35/><G35/><T112/><D112/><N who="3" m="43081" /><G118/><T94/><D125/><U34/><E34/><V11/><F11/><W14/><G14/><T99/><D99/><U1/><E1/><V62/><F39/><W106/><G106/><T76/><D76/><N who="1" m="29259" /><E2/><V41/><F41/><W83/><G74/><T50/><D36/><U124/><E124/><V86/><F86/><W130/><G130/><T61/><D15/><N who="1" m="7535" /><E37/><V65/><F73/><W28/><G28/><T122/><D122/><U43/><E43/><AGARI ba="0,0" hai="8,10,12,17,23,43,46,50,58,61,66,87,90,94" machi="43" ten="30,2000,0" yaku="7,1,8,1" doraHai="107" who="0" fromWho="1" sc="398,20,213,-20,235,0,154,0" />
</Scene>
<Scene>
<INIT seed="6,0,0,5,1,21" ten="418,193,235,154" oya="2" hai0="95,53,23,100,69,122,127,29,61,74,131,103,49" hai1="45,93,101,47,37,13,46,92,62,118,26,24,11" hai2="75,112,124,66,96,4,57,34,25,59,77,17,115" hai3="60,105,106,83,19,6,63,32,130,22,72,5,14"/><V2/><F124/><W8/><G130/><T10/><D74/><U114/><E118/><V31/><F75/><W27/><G6/><T70/><D127/><U78/><E37/><V102/><F77/><W84/><G72/><T38/><D38/><U0/><E0/><V98/><F98/><W111/><G111/><T3/><D95/><N who="1" m="36427" /><E114/><N who="2" m="43563" /><F66/><W99/><G32/><T42/><D10/><U76/><E101/><V110/><F110/><W33/><G99/><T41/><D53/><U87/><E62/><V36/><F36/><W108/><G108/><T91/><D42/><U16/><E76/><V51/><F17/><W58/><G33/><T123/><D122/><U9/><E9/><N who="2" m="2199" /><F51/><W54/><REACH who="3" step="1"/><G60/><REACH who="3" ten="418,193,235,144" step="2"/><T126/><D61/><U73/><E73/><V40/><F40/><W30/><G30/><T89/><D29/><U85/><E87/><V55/><F55/><W88/><AGARI ba="0,1" hai="5,8,14,19,22,27,54,58,63,83,84,88,105,106" machi="88" ten="20,8000,1" yaku="1,1,0,1,7,1,52,1,54,1,53,0" doraHai="21" doraHaiUra="107" who="3" fromWho="3" sc="418,-20,193,-20,235,-40,144,90" />
</Scene>
<Scene>
<INIT seed="7,0,0,4,1,25" ten="398,173,195,234" oya="3" hai0="33,42,31,95,90,126,66,10,111,14,6,7,46" hai1="60,53,32,52,40,88,62,58,24,114,68,106,43" hai2="17,30,73,37,15,107,20,128,112,0,132,38,75" hai3="21,100,92,4,97,59,93,41,70,71,55,48,96"/><W12/><G41/><T8/><D111/><U134/><E106/><V74/><F107/><W131/><G131/><T65/><D126/><U127/><E127/><V82/><F0/><W103/><G21/><T27/><D8/><AGARI ba="0,0" hai="4,8,12,48,55,59,70,71,92,93,96,97,100,103" machi="8" ten="40,2000,0" yaku="9,1" doraHai="25" who="3" fromWho="0" sc="398,-20,173,0,195,0,234,20" />
</Scene>
<Scene>
<INIT seed="7,1,0,3,4,130" ten="378,173,195,254" oya="3" hai0="39,110,37,91,20,118,52,127,115,24,15,129,56" hai1="21,64,85,17,106,62,79,108,124,132,69,63,58" hai2="72,9,28,121,3,48,67,114,26,65,101,126,45" hai3="35,100,53,97,36,122,40,19,92,41,14,0,135"/><W34/><G0/><T61/><D110/><U60/><E108/><V11/><F72/><W51/><G122/><T80/><D118/><U50/><E106/><V70/><F121/><W68/><G68/><T93/><D129/><U113/><E124/><V95/><F126/><W30/><G36/><T73/><D115/><U112/><E50/><V98/><F114/><N who="1" m="44137" /><E69/><V31/><F3/><W54/><G54/><T32/><D15/><U55/><E79/><V125/><F125/><W71/><G34/><T2/><D32/><U59/><E85/><V128/><F128/><W104/><G71/><T102/><D102/><U12/><E62/><V119/><F119/><W22/><G104/><T75/><D39/><U86/><E86/><V13/><F70/><W57/><G41/><T16/><D37/><U117/><E117/><V8/><F13/><W105/><G40/><T27/><D2/><U25/><E12/><V6/><F6/><W89/><G105/><T66/><D75/><U99/><E99/><V131/><F131/><W33/><G51/><T123/><D73/><U116/><E116/><V74/><F74/><W43/><G97/><T134/><D127/><U90/><E90/><V84/><F84/><W23/><G89/><T109/><D91/><U7/><E7/><V83/><F83/><W42/><G100/><T103/><D80/><U107/><E107/><V76/><F76/><W94/><G14/><T96/><D103/><U47/><E47/><V5/><F5/><W87/><G87/><T81/><D109/><U10/><E10/><V78/><F78/><W120/><G120/><RYUUKYOKU ba="1,0" sc="378,-10,173,30,195,-10,254,-10" hai1="17,21,25,55,58,59,60,63,64,132" owari="368,47.0,203,-20.0,185,-31.0,244,4.0" />
</Scene>
</mjloggm>