<mjloggm ver="2.3"><GO type="169" lobby="0"/><UN n0="%E4%BB%AE%E9%B3%B3%E5%87%B0%E6%B0%91" n1="%E6%A1%9C%E4%BA%95%E3%81%95%E3%82%93" n2="%E9%9D%92%E3%81%84%E7%8D%85%E5%AD%90" n3="%E5%A4%AA%E3%81%8F%E3%81%AA%E3%81%84%E3%81%8A" dan="16,17,16,19" rate="2066.97,2208.83,2047.44,2276.82" sx="M,M,M,F"/><TAIKYOKU oya="0"/>

<Scene>
<INIT seed="0,0,0,0,5,34" ten="250,250,250,250" oya="0" hai0="40,3,108,14,134,80,95,70,13,87,92,112,50" hai1="22,75,114,19,17,26,55,68,106,93,83,125,61" hai2="99,7,74,52,84,81,4,33,12,18,60,116,135" hai3="96,27,38,32,73,105,31,1,42,98,122,119,20"/><T25/><D70/><U35/><E106/><V28/><F116/><W130/><G119/><T127/><D112/><U41/><E114/><V104/><F74/><W111/><G73/><T9/><D127/><U123/><E123/><V101/><F135/><W29/><G122/><T43/><D134/><U48/><E125/><V128/><F128/><W103/><G130/><T77/><D3/><U110/><E110/><V100/><F101/><W11/><G111/><T107/><D107/><U85/><E75/><V47/><F28/><W46/><G96/><T51/><D25/><U82/><E41/><N who="0" m="15945" /><D13/><U5/><E5/><V36/><F33/><W72/><G72/><T89/><D108/><U21/><E35/><V30/><F30/><W66/><G66/><T15/><D15/><N who="1" m="9407" /><E61/><V78/><F36/><W44/><G44/><T45/><D45/><N who="1" m="28047" /><E68/><V53/><F53/><W131/><G131/><T49/><D77/><U120/><E120/><V121/><F121/><W94/><G105/><T88/><D89/><AGARI ba="0,0" hai="19,22,26,82,83,85,89,93" m="28047,9407" machi="89" ten="30,1000,0" yaku="8,1" doraHai="34" who="1" fromWho="0" sc="250,-10,250,10,250,0,250,0" />
</Scene>
<Scene>
<INIT seed="1,0,0,4,1,18" ten="240,260,250,250" oya="1" hai0="114,90,13,92,12,59,80,117,46,8,91,125,77" hai1="48,28,7,35,96,81,68,64,127,54,135,82,19" hai2="56,132,10,0,57,109,39,112,60,47,102,74,104" hai3="51,107,108,61,118,113,100,110,70,111,52,84,75"/><U83/><E135/><V71/><F112/><W97/><G75/><T94/><D114/><U21/><E127/><V26/><F57/><W86/><G113/><T27/><D125/><U116/><E116/><V89/><F89/><W9/><G118/><T69/><D69/><U129/><E129/><V49/><F74/><W101/><G101/><T122/><D122/><U95/><E7/><V123/><F123/><W88/><G9/><T63/><D117/><U33/><E28/><V53/><F132/><W72/><G72/><T32/><D32/><U1/><E1/><V24/><F104/><W43/><G43/><T25/><D46/><U22/><E64/><V14/><F102/><W41/><G41/><T105/><D105/><U131/><E68/><V30/><F0/><W62/><G70/><T45/><D45/><U126/><E131/><V76/><F76/><W67/><G67/><T31/><D80/><U2/><E2/><V66/><F109/><W23/><G23/><T50/><D50/><U11/><E126/><V20/><F39/><W4/><G4/><T134/><D77/><U42/><E42/><V78/><F78/><W34/><G34/><T65/><D31/><U128/><E128/><V124/><F124/><W17/><G17/><T15/><D8/><U6/><E6/><N who="2" m="3415" /><F71/><W115/><G115/><T85/><D134/><U133/><E133/><V119/><F119/><W121/><G121/><T79/><D79/><U93/><E33/><V55/><F66/><W38/><G38/><T5/><D5/><U73/><E35/><V40/><F40/><W103/><G110/><RYUUKYOKU ba="0,0" sc="240,15,260,-15,250,15,250,-15" hai0="12,13,15,25,27,59,63,65,85,90,91,92,94" hai2="20,24,26,30,47,49,53,55,56,60" />
</Scene>
<Scene>
<INIT seed="2,1,0,0,5,29" ten="255,245,265,235" oya="2" hai0="128,85,10,60,14,98,83,92,125,65,64,66,58" hai1="13,44,36,9,118,69,48,55,31,110,89,56,52" hai2="73,96,39,23,74,6,129,124,30,122,135,72,116" hai3="53,81,11,63,84,121,93,26,94,46,28,16,117"/><V91/><F6/><W12/><G117/><T104/><D104/><U42/><E110/><V71/><F23/><W87/><G121/><T35/><D35/><U80/><E118/><V75/><F30/><W78/><G84/><T54/><D125/><U126/><E126/><V18/><F18/><W67/><G53/><T37/><D37/><U114/><E114/><V15/><F15/><W105/><G46/><T19/><D128/><U123/><E123/><V40/><F40/><W111/><G105/><T27/><D27/><U108/><E108/><V50/><F50/><W101/><G101/><T68/><D68/><U102/><E102/><V134/><F39/><W59/><REACH who="3" step="1"/><G111/><REACH who="3" ten="255,245,265,225" step="2"/><T119/><D119/><U1/><E55/><V43/><F116/><W49/><G49/><T32/><D32/><AGARI ba="1,1" hai="11,12,16,26,28,32,59,63,67,78,81,87,93,94" machi="32" ten="30,7700,0" yaku="1,1,7,1,52,1,54,1,53,0" doraHai="29" doraHaiUra="130" who="3" fromWho="0" sc="255,-80,245,0,265,0,225,90" />
</Scene>
<Scene>
<INIT seed="3,0,0,2,1,25" ten="175,245,265,315" oya="3" hai0="58,121,55,11,131,2,100,53,8,41,65,32,60" hai1="134,78,22,26,59,4,20,18,126,16,94,105,120" hai2="64,66,77,110,117,128,72,118,108,122,42,114,70" hai3="111,135,69,56,104,0,34,93,119,36,24,50,92"/><W23/><G36/><T30/><D121/><U124/><E105/><V46/><F77/><W45/><G69/><T48/><D131/><U63/><E120/><V71/><F72/><W38/><G104/><T73/><D73/><U62/><E134/><V27/><F27/><W49/><G0/><T107/><D41/><U67/><E78/><V61/><F128/><W103/><G34/><T28/><D32/><U17/><E4/><V116/><F122/><W10/><G119/><T85/><D107/><U89/><E63/><V7/><F7/><W14/><G135/><T75/><D75/><U101/><E101/><V97/><F97/><W79/><G79/><T12/><D100/><U80/><E80/><V52/><F52/><N who="0" m="20042" /><D2/><U83/><E83/><V76/><F76/><W43/><G111/><N who="2" m="42537" /><F114/><W54/><G38/><T6/><D48/><U9/><E9/><V13/><F13/><W21/><G103/><T96/><D96/><U68/><E68/><N who="2" m="26155" /><F61/><W88/><G92/><T133/><D133/><U40/><E40/><V99/><F99/><N who="3" m="57767" /><G24/><T3/><D3/><U82/><E82/><V37/><AGARI ba="0,0" hai="37,42,46,64,66,116,117,118" m="26155,42537" machi="37" ten="40,5200,0" yaku="14,1,34,2" doraHai="25" who="2" fromWho="2" sc="175,-13,245,-13,265,52,315,-26" />
</Scene>
<Scene>
<INIT seed="4,0,0,1,1,20" ten="162,232,317,289" oya="0" hai0="68,114,44,90,32,80,16,7,108,36,100,122,103" hai1="110,65,124,123,42,112,127,115,83,131,59,38,55" hai2="22,79,3,121,35,132,61,25,78,18,9,17,62" hai3="69,31,51,134,10,6,63,73,45,41,76,21,58"/><T81/><D122/><U133/><E83/><V12/><F121/><W72/><G69/><T64/><D7/><U40/><E123/><V57/><F132/><W15/><G134/><T101/><D32/><U82/><E82/><V0/><F62/><W66/><REACH who="3" step="1"/><G76/><REACH who="3" ten="162,232,317,279" step="2"/><T117/><D68/><U126/><E133/><V125/><F79/><W102/><G102/><T75/><D101/><U129/><E110/><V1/><F78/><W104/><G104/><T116/><D100/><U106/><E106/><V37/><F125/><W98/><G98/><T47/><D103/><U14/><E65/><V130/><F130/><N who="1" m="49673" /><E14/><V119/><F119/><W89/><G89/><T135/><D108/><U13/><E13/><V54/><F37/><W8/><G8/><T24/><D36/><U30/><E30/><V33/><AGARI ba="0,1" hai="0,1,3,9,12,17,18,22,25,33,35,54,57,61" machi="33" ten="40,2700,0" yaku="0,1,52,1" doraHai="20" who="2" fromWho="2" sc="162,-13,232,-7,317,37,279,-7" />
</Scene>
<Scene>
<INIT seed="5,0,0,2,2,110" ten="149,225,354,272" oya="1" hai0="113,75,44,98,23,15,40,109,70,130,66,36,102" hai1="39,93,35,13,72,63,106,2,83,29,64,61,50" hai2="22,101,26,43,107,81,135,7,51,124,62,1,100" hai3="86,46,52,21,34,18,112,88,96,76,108,74,85"/><U59/><E2/><V17/><F124/><W27/><G112/><T90/><D109/><U57/><E106/><V8/><F135/><W11/><G108/><T80/><D130/><U20/><E39/><V33/><F107/><W79/><G34/><T115/><D66/><U69/><E35/><V118/><F118/><W87/><G74/><T84/><D70/><U32/><E32/><V91/><F62/><W129/><G11/><T89/><D89/><U127/><E127/><V45/><F33/><W126/><G129/><T97/><D75/><U103/><E50/><V123/><F123/><W19/><G19/><N who="0" m="10751" /><D102/><U122/><E122/><V125/><F125/><W134/><G134/><T71/><D71/><U9/><E69/><V10/><F10/><W78/><G126/><T49/><D49/><U111/><E111/><V3/><F1/><W82/><G96/><T117/><D117/><U4/><E72/><V116/><F116/><W73/><G73/><T30/><D30/><U132/><E132/><V47/><F47/><W24/><G24/><T60/><D60/><N who="1" m="23115" /><E83/><V133/><F133/><W31/><G31/><T121/><D121/><U94/><E64/><V16/><F17/><W53/><G46/><T0/><D0/><U120/><E120/><V95/><F81/><N who="3" m="49199" /><G86/><AGARI ba="0,0" hai="3,7,8,16,22,26,43,45,51,86,91,95,100,101" machi="86" ten="30,2000,0" yaku="7,1,54,1" doraHai="110" who="2" fromWho="3" sc="149,0,225,0,354,20,272,-20" />
</Scene>
<Scene>
<INIT seed="6,0,0,2,5,49" ten="149,225,374,252" oya="2" hai0="50,114,74,88,38,78,96,75,17,6,85,8,60" hai1="101,133,64,81,65,112,91,107,63,56,119,124,51" hai2="127,42,20,28,70,82,72,110,46,33,32,116,94" hai3="45,26,122,48,35,66,25,30,10,24,12,80,37"/><V102/><F116/><W13/><G37/><T54/><D38/><U117/><E107/><V21/><F70/><W111/><G111/><T52/><D17/><U69/><E101/><V104/><F104/><W128/><G122/><T36/><D36/><U4/><E4/><V1/><F1/><W61/><G128/><T15/><D114/><U0/><E0/><V29/><F110/><W121/><G80/><T90/><D75/><U125/><E91/><V40/><F46/><W59/><G13/><T68/><D74/><U109/><E81/><V77/><F94/><W41/><G121/><T27/><D27/><U9/><E9/><V126/><F102/><W84/><G84/><T132/><D132/><U105/><E105/><V79/><F82/><W71/><G71/><T18/><D6/><AGARI ba="0,0" hai="6,10,12,24,25,26,30,35,41,45,48,59,61,66" machi="6" ten="30,1000,0" yaku="7,1" doraHai="49" who="3" fromWho="0" sc="149,-10,225,0,374,0,252,10" />
</Scene>
<Scene>
<INIT seed="7,0,0,1,5,13" ten="139,225,374,262" oya="3" hai0="46,47,125,21,86,29,60,74,94,107,48,36,4" hai1="59,16,9,67,133,18,64,131,49,118,54,50,108" hai2="109,33,65,61,57,84,63,124,130,127,92,14,20" hai3="66,78,82,19,5,96,119,87,23,80,99,56,115"/><W117/><G115/><T38/><D107/><U15/><E108/><V0/><F0/><W51/><G5/><T98/><D74/><U81/><E131/><V105/><F33/><W55/><G119/><T95/><D125/><U110/><E110/><V39/><F39/><W114/><G114/><T10/><D36/><U28/><E118/><V41/><F105/><W113/><G117/><T26/><D38/><U68/><E133/><V121/><F41/><W73/><G66/><N who="1" m="25130" /><E28/><V7/><F130/><W83/><G113/><T17/><D60/><N who="1" m="35959" /><E68/><V128/><F128/><W58/><G58/><T122/><D122/><U71/><E71/><V101/><F63/><W104/><G104/><T76/><D29/><U123/><E123/><V11/><F121/><W52/><G55/><T69/><D69/><U44/><E81/><N who="3" m="31338" /><G73/><T134/><D134/><U24/><E44/><V22/><F109/><W35/><G35/><T30/><D30/><U37/><E37/><V103/><F127/><W43/><G43/><T85/><D76/><U106/><E106/><V62/><F62/><W79/><G79/><T2/><D46/><U25/><E25/><AGARI ba="0,0" hai="19,23,25,51,52,56,78,83,87,96,99" m="31338" machi="25" ten="30,5800,0" yaku="8,1,52,1,54,1" doraHai="13" who="3" fromWho="1" sc="139,0,225,-58,374,0,262,58" />
</Scene>
<Scene>
<INIT seed="7,1,0,4,5,79" ten="139,167,374,320" oya="3" hai0="36,90,1,87,95,109,82,29,55,119,78,51,34" hai1="23,126,10,96,130,91,107,59,33,54,6,121,72" hai2="69,100,84,92,53,47,57,65,21,83,124,111,45" hai3="123,93,26,97,44,4,60,67,128,2,14,35,114"/><W73/><G123/><T32/><D36/><U37/><E121/><V7/><F111/><W122/><G122/><T131/><D109/><U30/><E37/><V71/><F124/><W89/><G114/><T64/><D119/><U135/><E72/><V3/><F3/><W127/><G127/><T50/><D1/><U19/><E126/><V68/><F7/><W118/><G118/><T81/><D64/><U80/><E130/><V52/><F21/><W17/><G128/><T8/><D131/><U0/><E135/><V94/><F65/><W62/><G73/><T88/><D8/><U9/><E9/><V103/><F57/><W99/><G2/><T75/><D29/><U46/><E46/><N who="2" m="17419" /><F83/><W133/><G133/><T115/><D115/><U13/><E80/><V102/><F84/><N who="3" m="52391" /><G35/><T129/><D129/><U15/><E107/><V85/><F85/><W120/><G120/><T110/><D110/><U132/><E132/><V104/><F104/><W27/><G44/><T16/><D16/><U18/><E30/><V11/><F11/><N who="3" m="4455" /><G67/><T113/><D113/><U56/><E33/><V25/><F25/><N who="3" m="9227" /><G17/><T86/><D50/><N who="1" m="30807" /><E59/><AGARI ba="1,0" hai="32,34,51,55,59,75,78,81,82,86,87,88,90,95" machi="59" ten="30,7700,0" yaku="7,1,52,2,54,1" doraHai="79" who="0" fromWho="1" sc="139,80,167,-80,374,0,320,0" owari="219,-18.0,87,-41.0,374,47.0,320,12.0" />
</Scene>
</mjloggm>