<mjloggm ver="2.3"><GO type="169" lobby="0"/><UN n0="%E6%97%85%E4%BA%BA%E3%81%A1%E3%82%88%E3%81%99%E3%81%91" n1="%E3%81%86%E3%81%83%E3%83%BC%E3%81%A1%E3%82%83%E3%82%93" n2="%E5%A4%AA%E3%81%8F%E3%81%AA%E3%81%84%E3%81%8A" n3="%E3%82%AD%E3%83%9F%E3%82%BF%E3%83%9E%E3%82%B4" dan="17,18,19,16" rate="2146.46,2231.21,2312.02,2123.88" sx="M,M,F,M"/><TAIKYOKU oya="0"/>

<Scene>
<INIT seed="0,0,0,3,3,76" ten="250,250,250,250" oya="0" hai0="40,32,13,42,74,23,133,21,128,44,30,54,120" hai1="82,36,34,7,53,29,135,28,46,75,78,79,41" hai2="61,8,4,48,104,1,59,38,102,99,122,94,31" hai3="60,14,80,45,112,91,6,66,35,27,114,115,24"/><T49/><D120/><U57/><E135/><V15/><F38/><W17/><G6/><T95/><D74/><U96/><E34/><V55/><F122/><W131/><G131/><T100/><D128/><U84/><E96/><V19/><F31/><W50/><G35/><T92/><D133/><U130/><E130/><V125/><F125/><W3/><G3/><T2/><D2/><U52/><E53/><V103/><F104/><W26/><G60/><T71/><D71/><U89/><E7/><V51/><REACH who="2" step="1"/><F103/><REACH who="2" ten="250,250,240,250" step="2"/><W93/><G112/><T107/><D107/><U64/><E28/><V5/><F5/><W18/><G114/><T16/><D32/><U106/><E106/><V118/><F118/><W119/><G115/><T70/><D70/><U81/><E29/><V90/><F90/><W12/><G119/><T62/><D100/><U39/><E39/><V105/><F105/><W20/><G18/><T9/><D30/><U124/><E124/><V98/><F98/><W25/><G66/><T127/><D127/><U129/><E129/><V110/><F110/><W72/><G72/><T113/><D113/><U37/><E37/><V68/><F68/><W73/><G73/><T0/><D0/><U111/><E111/><V67/><F67/><W77/><G77/><T97/><D97/><U11/><E64/><V87/><F87/><N who="3" m="50663" /><G93/><N who="0" m="35915" /><D62/><U88/><E11/><AGARI ba="0,1" hai="1,4,8,11,15,19,48,51,55,59,61,94,99,102" machi="11" ten="30,2000,0" yaku="1,1,7,1,53,0" doraHai="76" doraHaiUra="85" who="2" fromWho="1" sc="250,0,250,-20,240,30,250,0" />
</Scene>
<Scene>
<INIT seed="1,0,0,2,1,107" ten="250,230,270,250" oya="1" hai0="4,6,31,79,33,115,134,129,46,51,80,56,48" hai1="41,96,114,17,111,109,119,81,71,106,23,88,32" hai2="9,37,66,123,72,45,108,2,101,29,52,0,68" hai3="21,125,65,102,127,43,8,26,85,27,77,57,118"/><U69/><E32/><V58/><F123/><W42/><G102/><T53/><D115/><U39/><E119/><V78/><F101/><W105/><G105/><T83/><D134/><U60/><E114/><V49/><F29/><W1/><G118/><T74/><D129/><U15/><E106/><V13/><F108/><N who="1" m="41545" /><E60/><N who="2" m="40007" /><F78/><W14/><G1/><T16/><D33/><U38/><E41/><N who="2" m="22703" /><F72/><W82/><G26/><T35/><D31/><U36/><E96/><V92/><F92/><W73/><G73/><T93/><D35/><U47/><E47/><V110/><F110/><W130/><G130/><T128/><D128/><U84/><AGARI ba="0,0" hai="15,17,23,36,38,39,69,71,81,84,88" m="41545" machi="84" ten="40,7800,0" yaku="14,1,10,1,54,1" doraHai="107" who="1" fromWho="1" sc="250,-26,230,78,270,-26,250,-26" />
</Scene>
<Scene>
<INIT seed="1,1,0,0,2,117" ten="224,308,244,224" oya="1" hai0="118,38,42,114,86,15,63,36,100,49,3,8,18" hai1="27,37,44,130,135,101,11,5,53,22,69,35,73" hai2="9,10,122,109,30,2,91,28,121,54,119,89,51" hai3="103,25,80,116,76,90,61,19,82,1,107,106,126"/><U95/><E130/><V24/><F119/><W47/><G1/><T97/><D118/><U102/><E73/><V81/><F109/><W32/><G126/><T115/><D3/><U68/><E135/><V58/><F2/><W132/><G132/><T17/><D63/><U108/><E35/><V7/><F7/><W110/><G110/><T120/><D86/><U12/><E108/><V20/><F30/><W56/><G47/><T127/><D127/><U71/><E95/><V93/><F81/><W29/><G103/><T96/><D49/><U59/><E44/><V125/><F89/><W60/><G60/><T111/><D111/><U34/><E37/><V4/><F125/><W98/><G80/><T123/><D100/><U88/><E34/><V33/><F33/><W129/><G129/><T26/><D26/><U113/><E113/><V23/><F23/><W43/><G43/><T112/><D42/><U55/><E88/><V52/><F54/><W124/><G90/><T50/><D50/><U16/><REACH who="1" step="1"/><E53/><REACH who="1" ten="224,298,244,224" step="2"/><V78/><F78/><W67/><G116/><T128/><D128/><U48/><AGARI ba="1,1" hai="5,11,12,16,22,27,48,55,59,68,69,71,101,102" machi="48" ten="30,11700,0" yaku="1,1,2,1,0,1,54,1,53,0" doraHai="117" doraHaiUra="94" who="1" fromWho="1" sc="224,-40,298,130,244,-40,224,-40" />
</Scene>
<Scene>
<INIT seed="1,2,0,5,3,30" ten="184,428,204,184" oya="1" hai0="89,65,88,112,115,19,118,108,79,24,99,94,44" hai1="27,14,64,46,62,31,22,109,111,1,32,93,126" hai2="47,82,8,50,132,16,129,9,23,37,121,43,17" hai3="3,131,0,45,97,87,34,91,101,40,83,7,11"/><U15/><E126/><V68/><F121/><W20/><G131/><T98/><D118/><U77/><E1/><V29/><F68/><W127/><G20/><T25/><D108/><N who="1" m="41547" /><E77/><V95/><F129/><W58/><G3/><T76/><D65/><U51/><E93/><V72/><F132/><W33/><G58/><T73/><D44/><U70/><E22/><V78/><F50/><W18/><G18/><T36/><D36/><U81/><E81/><V52/><F95/><W134/><G127/><T54/><D19/><U56/><E70/><V59/><F29/><W107/><REACH who="3" step="1"/><G134/><REACH who="3" ten="184,428,204,174" step="2"/><T86/><D112/><U61/><E61/><V119/><F17/><W122/><G122/><T113/><D115/><U63/><E63/><V96/><F119/><W28/><G28/><T75/><D113/><U4/><E4/><V90/><F23/><W125/><G125/><T80/><D24/><U49/><E49/><AGARI ba="2,1" hai="0,7,11,33,34,40,45,49,83,87,91,97,101,107" machi="49" ten="30,7700,0" yaku="1,1,7,1,52,2,53,0" doraHai="30" doraHaiUra="105" who="3" fromWho="1" sc="184,0,428,-83,204,0,174,93" />
</Scene>
<Scene>
<INIT seed="2,0,0,4,0,83" ten="184,345,204,267" oya="2" hai0="97,34,82,76,94,6,44,62,104,75,0,1,24" hai1="42,2,106,69,100,45,112,39,73,89,108,25,91" hai2="88,122,105,103,115,90,61,26,16,125,32,130,66" hai3="51,21,71,119,109,107,132,126,134,79,77,102,35"/><V84/><F115/><W30/><G71/><T36/><D62/><U60/><E112/><V12/><F122/><W124/><G35/><T96/><D96/><U59/><E108/><V131/><F125/><N who="3" m="48235" /><G51/><T65/><D65/><U54/><E73/><V110/><F110/><W48/><G48/><T116/><D116/><U15/><E2/><V20/><F103/><W123/><G21/><T93/><D104/><U57/><E57/><V18/><F105/><W87/><G30/><T9/><D1/><U95/><E106/><V7/><F7/><W135/><G109/><T129/><D129/><N who="2" m="49162" /><F32/><W29/><G29/><T52/><D52/><U3/><E3/><V55/><F55/><W53/><G53/><T14/><D14/><U49/><E15/><V86/><F90/><W67/><G67/><T13/><D13/><U81/><E25/><V98/><F88/><W63/><G63/><T78/><D78/><N who="3" m="29705" /><G123/><T114/><D114/><U8/><E89/><V58/><F98/><N who="3" m="61911" /><G119/><T50/><D97/><U127/><E127/><V33/><F33/><W46/><G46/><T31/><REACH who="0" step="1"/><D50/><REACH who="0" ten="174,345,204,267" step="2"/><U22/><E49/><V47/><F47/><W56/><G56/><T113/><D113/><U43/><E45/><V118/><F118/><W70/><G70/><T64/><D64/><U80/><E69/><V17/><F12/><W5/><G5/><T121/><D121/><U92/><E54/><V68/><F68/><W28/><G135/><T133/><D133/><U120/><E120/><V10/><F10/><W38/><G134/><T72/><D72/><U117/><E8/><V74/><F74/><RYUUKYOKU ba="0,1" sc="174,15,345,-15,204,15,267,-15" hai0="0,6,9,24,31,34,36,44,75,76,82,93,94" hai2="16,17,18,20,26,58,61,66,84,86" />
</Scene>
<Scene>
<INIT seed="2,1,1,5,5,75" ten="189,330,219,252" oya="2" hai0="0,35,62,131,93,79,52,15,38,46,80,49,99" hai1="6,105,68,67,95,107,120,101,19,48,116,96,124" hai2="132,102,40,32,61,60,8,55,57,65,76,128,3" hai3="11,37,130,45,56,54,47,74,104,85,83,92,110"/><V10/><F32/><W25/><G104/><T33/><D0/><U7/><E116/><V109/><F132/><W127/><G110/><T12/><D131/><U1/><E120/><V81/><F128/><W22/><G37/><T71/><D38/><U16/><E124/><V114/><F114/><W84/><G74/><T17/><D15/><U20/><E105/><V66/><F40/><W59/><G59/><T126/><D126/><U91/><E19/><V70/><F102/><W24/><G24/><T51/><D51/><U63/><E48/><V133/><F133/><W122/><G122/><T113/><D113/><U90/><E1/><V135/><F135/><W41/><G41/><T58/><D71/><U78/><E78/><V121/><F121/><W21/><G21/><T34/><D12/><U103/><E91/><V117/><F117/><W106/><G106/><T97/><D17/><U30/><E30/><V86/><F109/><W27/><G27/><T108/><D93/><U43/><E43/><V53/><REACH who="2" step="1"/><F10/><REACH who="2" ten="189,330,209,252" step="2"/><W111/><G11/><T29/><D108/><U94/><E103/><V125/><F125/><W18/><G111/><T5/><D34/><U77/><E101/><V89/><F89/><N who="3" m="53287" /><G130/><T14/><D33/><U100/><E107/><V119/><F119/><W42/><G42/><N who="0" m="24791" /><D35/><U36/><E100/><V23/><F23/><W44/><G127/><T64/><D79/><U98/><E77/><V88/><F88/><W39/><G39/><T26/><D5/><AGARI ba="1,2" hai="3,5,8,53,55,57,60,61,65,66,70,76,81,86" machi="5" ten="40,7700,0" yaku="1,1,52,1,53,1" doraHai="75" doraHaiUra="72" who="2" fromWho="0" sc="189,-80,330,0,209,100,252,0" />
</Scene>
<Scene>
<INIT seed="2,2,0,2,2,104" ten="109,330,309,252" oya="2" hai0="1,53,86,126,83,60,116,34,52,6,13,127,85" hai1="78,84,72,0,134,93,103,39,128,20,4,3,44" hai2="15,54,115,106,94,58,132,47,73,89,62,69,2" hai3="98,33,43,129,66,40,110,16,101,82,70,11,38"/><V109/><F2/><W99/><G38/><T105/><D34/><U81/><E128/><V122/><F115/><W76/><G98/><T71/><D105/><U135/><E20/><V111/><F106/><W19/><G33/><T77/><D1/><U79/><E79/><V87/><F122/><W63/><G110/><N who="2" m="41993" /><F132/><N who="1" m="50729" /><E4/><V88/><F69/><W97/><G97/><T30/><D30/><U95/><E95/><N who="2" m="54687" /><F47/><W80/><G80/><T68/><D116/><U23/><E103/><V102/><F15/><W108/><G129/><T75/><D71/><U14/><E93/><V100/><F73/><W17/><G11/><N who="0" m="4343" /><D68/><U107/><E107/><V49/><F62/><W112/><G112/><T8/><D8/><U50/><E39/><V65/><F65/><W61/><G61/><T32/><D60/><U123/><E123/><V9/><F9/><W5/><G5/><T57/><D57/><U22/><E72/><V56/><F56/><W96/><G108/><T29/><D86/><AGARI ba="2,0" hai="49,54,58,86,89,94,100,102" m="54687,41993" machi="86" ten="30,5800,0" yaku="14,1,10,1,54,1" doraHai="104" who="2" fromWho="0" sc="109,-64,330,0,309,64,252,0" />
</Scene>
<Scene>
<INIT seed="2,3,0,0,1,12" ten="45,330,373,252" oya="2" hai0="76,95,6,70,97,2,103,85,21,134,68,80,89" hai1="43,45,22,64,67,54,129,49,126,130,5,18,65" hai2="128,24,127,1,86,96,31,3,117,122,81,62,52" hai3="73,39,101,84,15,74,17,34,104,69,10,28,71"/><V92/><F117/><W20/><G39/><T135/><D2/><U123/><E123/><V13/><F122/><W87/><G34/><T58/><D6/><U33/><E33/><V35/><F127/><W124/><G73/><T60/><D21/><U27/><E126/><V61/><F128/><W98/><G74/><T77/><D70/><U30/><E5/><V125/><F125/><W115/><G115/><T47/><D68/><U59/><REACH who="1" step="1"/><E30/><REACH who="1" ten="45,320,373,252" step="2"/><V72/><F31/><W119/><G28/><T8/><D135/><U102/><E102/><V118/><F35/><W32/><G32/><T14/><D134/><U9/><E9/><V37/><F118/><W26/><G119/><T108/><D108/><U4/><E4/><V82/><F82/><W112/><BYE who="2" /><G124/><T36/><D36/><AGARI ba="3,1" hai="18,22,27,36,43,45,49,54,59,64,65,67,129,130" machi="36" ten="40,2600,0" yaku="1,1,52,1,53,0" doraHai="12" doraHaiUra="113" who="1" fromWho="0" sc="45,-35,320,45,373,0,252,0" />
</Scene>
<Scene>
<INIT seed="3,0,0,0,2,24" ten="10,365,373,252" oya="3" hai0="65,86,75,131,0,48,57,114,95,119,120,53,49" hai1="92,31,15,26,99,126,9,4,58,96,55,82,123" hai2="50,46,79,62,18,44,5,89,81,38,42,39,135" hai3="6,101,70,100,56,61,127,133,83,51,125,43,84"/><W20/><G70/><T52/><D119/><UN n2="%E5%A4%AA%E3%81%8F%E3%81%AA%E3%81%84%E3%81%8A" /><U28/><E123/><V2/><F135/><W3/><G133/><T10/><D120/><U71/><E71/><V37/><F89/><W121/><G121/><T60/><D75/><U108/><E108/><V54/><F18/><W111/><G6/><T13/><D0/><U34/><E126/><N who="3" m="48138" /><G3/><T91/><D131/><U94/><E82/><V88/><F88/><N who="3" m="51231" /><G111/><T23/><D114/><U1/><E28/><V93/><F93/><W103/><G20/><T67/><D23/><U45/><E1/><V17/><F17/><W105/><G51/><N who="0" m="19531" /><D67/><U41/><E94/><V78/><F78/><W33/><G43/><T59/><D59/><U112/><E92/><V72/><F62/><W64/><G33/><T106/><D106/><AGARI ba="0,0" hai="56,61,64,100,101,103,105,106" m="51231,48138" machi="106" ten="30,2900,0" yaku="18,1,54,1" doraHai="24" who="3" fromWho="0" sc="10,-29,365,0,373,0,252,29" owari="-19,-52.0,365,17.0,373,47.0,281,-12.0" />
</Scene>
</mjloggm>