<mjloggm ver="2.3"><GO type="169" lobby="0"/><UN n0="%E3%81%84%E3%81%9F%E3%83%92%E3%83%AD" n1="%E3%81%82%E3%81%8A%E3%81%8D%E3%82%93%E3%81%90" n2="%7A%65%72%6F%52%58" n3="%E5%A4%AA%E3%81%8F%E3%81%AA%E3%81%84%E3%81%8A" dan="16,16,16,19" rate="2168.22,2042.97,2156.40,2301.60" sx="M,M,M,F"/><TAIKYOKU oya="0"/>

<Scene>
<INIT seed="0,0,0,1,2,29" ten="250,250,250,250" oya="0" hai0="26,118,93,18,79,0,51,68,81,84,48,111,43" hai1="33,19,115,114,66,7,21,99,102,35,57,134,24" hai2="88,64,53,72,123,104,61,58,2,60,112,71,75" hai3="127,17,128,23,90,50,59,62,73,47,91,28,131"/><T45/><D68/><U13/><E134/><V108/><F123/><W78/><G28/><T80/><D118/><U32/><E66/><V135/><F112/><N who="1" m="43049" /><E57/><V4/><F108/><W30/><G30/><T133/><D133/><U83/><E83/><V8/><F104/><W113/><G113/><T12/><D0/><U124/><E124/><V36/><F36/><W105/><G105/><T10/><D111/><U44/><E44/><V107/><F107/><W42/><G127/><T96/><D81/><U109/><E109/><V94/><REACH who="2" step="1"/><F135/><REACH who="2" ten="250,250,240,250" step="2"/><W65/><G131/><T117/><D117/><U126/><E126/><V14/><F14/><W56/><G128/><T132/><D132/><U49/><E49/><V37/><F37/><W130/><G130/><T1/><D1/><U16/><E7/><V63/><F63/><W98/><G50/><N who="0" m="26943" /><D26/><U116/><E116/><V92/><F92/><W11/><G62/><T76/><D76/><U110/><E110/><V100/><F100/><AGARI ba="0,1" hai="10,12,18,48,51,79,80,84,93,96,100" m="26943" machi="100" ten="30,1500,0" yaku="8,1" doraHai="29" who="0" fromWho="2" sc="250,25,250,0,240,-15,250,0" />
</Scene>
<Scene>
<INIT seed="0,1,0,1,5,105" ten="275,250,225,250" oya="0" hai0="66,16,34,40,4,64,56,90,114,127,22,97,48" hai1="62,117,98,69,50,26,27,42,17,8,24,68,43" hai2="96,12,2,116,122,93,13,63,79,33,3,100,7" hai3="129,95,130,83,81,103,119,70,84,20,74,46,60"/><T49/><D34/><U53/><E117/><V35/><F122/><W107/><G46/><T73/><D114/><U99/><E8/><V31/><F116/><W6/><G6/><T14/><D73/><U123/><E17/><V87/><F2/><W135/><G119/><T36/><D36/><U126/><E126/><V92/><F3/><W115/><G115/><T52/><D4/><U47/><E123/><V75/><F13/><W67/><G135/><T77/><D77/><U18/><E18/><V51/><F63/><W61/><G20/><T15/><D15/><U58/><REACH who="1" step="1"/><E42/><REACH who="1" ten="275,240,225,250" step="2"/><V28/><F28/><W121/><G121/><T37/><D127/><U133/><E133/><V125/><F31/><W30/><G30/><T104/><D37/><U19/><E19/><V106/><F125/><W128/><G130/><T78/><D78/><U120/><E120/><V102/><F79/><W76/><G129/><T108/><D108/><U32/><E32/><V109/><F33/><W94/><G128/><T41/><D40/><U59/><E59/><V10/><F35/><W54/><G76/><T85/><D41/><U44/><E44/><V0/><F109/><W71/><G71/><AGARI ba="1,1" hai="24,26,27,43,47,50,53,58,62,68,69,71,98,99" machi="71" ten="40,1300,0" yaku="1,1,53,0" doraHai="105" doraHaiUra="132" who="1" fromWho="3" sc="275,0,240,26,225,0,250,-16" />
</Scene>
<Scene>
<INIT seed="1,0,0,1,2,72" ten="275,266,225,234" oya="1" hai0="59,2,103,130,115,122,126,19,117,17,9,125,77" hai1="86,112,124,70,131,127,114,0,52,42,39,106,119" hai2="8,15,25,11,66,22,129,7,81,26,34,62,79" hai3="89,48,46,101,60,118,12,135,85,134,132,93,28"/><U80/><E119/><V47/><F129/><W50/><G118/><T99/><D117/><U37/><E0/><V76/><F34/><W110/><G110/><T10/><D115/><U123/><E123/><V51/><F11/><W68/><G28/><T90/><D90/><U14/><E106/><V24/><F81/><W71/><G101/><T83/><D130/><U40/><E70/><V65/><F22/><W64/><G71/><T105/><D122/><U116/><E116/><V87/><F87/><W21/><REACH who="3" step="1"/><G46/><REACH who="3" ten="275,266,225,224" step="2"/><T56/><D126/><U20/><E124/><V54/><REACH who="2" step="1"/><F66/><REACH who="2" ten="275,266,215,224" step="2"/><W5/><G5/><T109/><D125/><U31/><E127/><V92/><F92/><W108/><G108/><T133/><D109/><U82/><E114/><V91/><F91/><W96/><G96/><T41/><D99/><U49/><E112/><V78/><F78/><W36/><G36/><T18/><D77/><U128/><E37/><V3/><F3/><W113/><G113/><T111/><D111/><U61/><E39/><V1/><F1/><W121/><G121/><T74/><D2/><U32/><E131/><V33/><F33/><W6/><G6/><T73/><D103/><U97/><E32/><V23/><F23/><W84/><G84/><T120/><D120/><U69/><E128/><V102/><F102/><W95/><G95/><T30/><D73/><U57/><E86/><V43/><F43/><W58/><G58/><AGARI ba="0,2" hai="7,8,15,24,25,26,47,51,54,58,62,65,76,79" machi="58" ten="40,12000,2" yaku="1,1,8,1,52,2,53,2" doraHai="72" doraHaiUra="75" who="2" fromWho="3" sc="275,0,266,0,215,140,224,-120" />
</Scene>
<Scene>
<INIT seed="2,0,0,0,0,24" ten="275,266,355,104" oya="2" hai0="0,93,127,38,96,34,33,48,30,121,119,47,73" hai1="8,109,6,1,105,82,81,103,21,52,70,41,94" hai2="67,53,107,65,92,55,60,84,133,58,45,125,129" hai3="68,36,79,50,63,80,134,128,25,83,130,19,9"/><V16/><F107/><W7/><G36/><T15/><D0/><U31/><E109/><V98/><F133/><W135/><G50/><T44/><D73/><U12/><E70/><V5/><F129/><N who="3" m="49771" /><G68/><T104/><D104/><U51/><E105/><V76/><F5/><W11/><G63/><T57/><D121/><U69/><E41/><V37/><F125/><W88/><G19/><T74/><D127/><U86/><E69/><V39/><F39/><W117/><G25/><T26/><D119/><U123/><E123/><V17/><F37/><W77/><G117/><T2/><D2/><U126/><E126/><V10/><F45/><W23/><G23/><T61/><D74/><U66/><E66/><N who="2" m="25099" /><F55/><W95/><G9/><T110/><D38/><U27/><E1/><V113/><F10/><W78/><G11/><T71/><D71/><U131/><E131/><V90/><F113/><W124/><G7/><T32/><D110/><U56/><E103/><V108/><F108/><W42/><G42/><T28/><D15/><U43/><E43/><V101/><F101/><W75/><G124/><T29/><D26/><U122/><E122/><V91/><F76/><N who="3" m="29291" /><G80/><AGARI ba="0,0" hai="16,17,53,58,60,80,84,90,91,92,98" m="25099" machi="80" ten="30,2900,0" yaku="8,1,54,1" doraHai="24" who="2" fromWho="3" sc="275,0,266,0,355,29,104,-29" />
</Scene>
<Scene>
<INIT seed="2,1,0,3,4,98" ten="275,266,384,75" oya="2" hai0="70,99,44,100,58,43,79,94,62,108,3,78,104" hai1="111,118,84,130,112,46,80,113,96,132,37,64,6" hai2="85,42,135,15,127,40,19,57,126,123,65,68,7" hai3="93,41,107,92,14,82,33,114,76,87,77,119,115"/><V12/><F123/><W110/><G33/><T74/><D3/><U13/><E111/><V59/><F135/><W1/><G1/><T89/><D70/><U86/><E130/><V56/><F7/><W51/><G119/><T66/><D108/><U53/><E132/><V2/><F2/><W49/><G110/><T48/><D74/><U35/><E118/><V39/><F39/><W9/><G107/><T22/><D22/><U125/><E125/><N who="2" m="47627" /><F85/><AGARI ba="1,0" hai="43,44,48,58,62,66,78,79,85,89,94,99,100,104" machi="85" ten="30,2000,0" yaku="7,1,52,1" doraHai="98" who="0" fromWho="2" sc="275,23,266,0,384,-23,75,0" />
</Scene>
<Scene>
<INIT seed="3,0,0,0,2,93" ten="298,266,361,75" oya="3" hai0="98,76,117,43,91,107,32,9,94,2,77,1,42" hai1="59,30,36,12,83,54,22,50,64,48,57,4,0" hai2="14,56,129,46,3,37,128,63,34,13,15,79,96" hai3="115,90,19,27,78,99,21,71,44,106,134,28,52"/><W35/><G115/><T89/><D32/><U49/><E36/><V125/><F3/><W10/><G71/><T38/><D117/><U132/><E132/><V110/><F110/><W87/><G134/><T58/><D107/><U66/><E0/><V135/><F135/><W72/><G10/><T45/><D43/><U119/><E119/><V16/><F34/><W131/><G131/><N who="2" m="50249" /><F79/><W121/><G121/><T74/><D74/><U40/><E40/><N who="2" m="22799" /><F125/><W41/><G72/><T85/><D1/><U75/><E75/><V7/><F7/><W26/><G78/><T130/><D130/><U108/><E108/><V120/><F96/><W23/><G35/><T20/><D58/><U95/><E83/><V33/><F33/><W60/><G106/><T65/><D65/><U105/><E105/><V80/><F80/><W92/><G87/><T101/><D101/><U112/><E66/><N who="2" m="39271" /><F120/><W81/><G81/><T111/><D111/><U29/><E4/><V104/><F104/><W68/><G68/><T124/><D124/><U84/><E64/><V123/><F123/><W127/><G127/><T18/><D89/><U100/><E84/><V31/><F31/><W82/><G82/><T88/><D91/><U47/><E30/><V126/><F126/><W97/><G97/><T133/><D85/><U118/><E29/><V6/><F6/><W67/><G67/><T11/><D133/><U24/><E95/><V69/><F69/><W70/><G70/><T113/><D2/><U73/><E73/><V17/><AGARI ba="0,0" hai="13,14,15,16,17" m="39271,22799,50249" machi="17" ten="40,2700,0" yaku="19,1,54,1" doraHai="93" who="2" fromWho="2" sc="298,-7,266,-7,361,27,75,-13" />
</Scene>
<Scene>
<INIT seed="4,0,0,2,5,84" ten="291,259,388,62" oya="0" hai0="52,15,133,116,81,19,93,10,0,77,50,83,28" hai1="124,54,91,31,110,85,46,40,43,44,33,102,120" hai2="42,123,104,80,114,29,119,126,35,75,95,79,53" hai3="13,82,131,106,90,18,121,61,38,55,88,51,58"/><T68/><D68/><U67/><E124/><V41/><F104/><W72/><G38/><T71/><D71/><U9/><E110/><V129/><F123/><W27/><G106/><T128/><D116/><U74/><E120/><V12/><F129/><W87/><G121/><T34/><D128/><U132/><E132/><V97/><F114/><W78/><G131/><T135/><D0/><U7/><E74/><V86/><F126/><W21/><G72/><T66/><D66/><U3/><E102/><V57/><F75/><W16/><G61/><T112/><D112/><U59/><E67/><V1/><F1/><W48/><G48/><T69/><D69/><U45/><E31/><V98/><F98/><W100/><G100/><T39/><D39/><U134/><E33/><V60/><F119/><W89/><G78/><T76/><D76/><U14/><E3/><V111/><F111/><W115/><G115/><T99/><D28/><U117/><E117/><V49/><F60/><W65/><G65/><T11/><D11/><AGARI ba="0,0" hai="11,13,16,18,21,27,51,55,58,82,87,88,89,90" machi="11" ten="30,12000,2" yaku="7,1,8,1,52,3,54,2" doraHai="84" who="3" fromWho="0" sc="291,-120,259,0,388,0,62,120" />
</Scene>
<Scene>
<INIT seed="5,0,0,2,4,99" ten="171,259,388,182" oya="1" hai0="62,6,79,15,8,64,74,130,123,59,16,21,55" hai1="2,65,126,96,50,94,14,133,67,97,106,49,69" hai2="42,121,109,51,23,34,132,111,19,37,117,98,1" hai3="13,120,103,48,118,83,17,73,92,104,127,54,122"/><U71/><E133/><V81/><F121/><W33/><G33/><T38/><D38/><U86/><E126/><V125/><F34/><W35/><G35/><T90/><D123/><U44/><E2/><V105/><F117/><W101/><G104/><T70/><D130/><U30/><E30/><V27/><F37/><W5/><G5/><T72/><D79/><U41/><E71/><V110/><F1/><W114/><G127/><T100/><D90/><N who="1" m="53591" /><E106/><V129/><F125/><W22/><G118/><T102/><D74/><U43/><E69/><V78/><F132/><W0/><G0/><T91/><D91/><U53/><E41/><V128/><F42/><W31/><G31/><T85/><D85/><U63/><E63/><V119/><F51/><W26/><G114/><T108/><D72/><U52/><E14/><V56/><F119/><W4/><G73/><T47/><D47/><N who="1" m="27743" /><E43/><V60/><F60/><W46/><G122/><T32/><D32/><U93/><E97/><V57/><F98/><W131/><G120/><T11/><D11/><U88/><AGARI ba="0,0" hai="44,49,53,65,67,88,93,96" m="27743,53591" machi="88" ten="30,6000,0" yaku="8,1,54,2" doraHai="99" who="1" fromWho="1" sc="171,-20,259,60,388,-20,182,-20" />
</Scene>
<Scene>
<INIT seed="5,1,0,0,5,30" ten="151,319,368,162" oya="1" hai0="13,7,51,85,4,124,16,41,113,35,135,1,101" hai1="126,123,21,75,5,24,88,22,117,92,36,89,84" hai2="40,59,134,46,90,62,47,110,42,43,52,15,118" hai3="109,50,38,20,115,27,0,81,128,65,37,31,9"/><U125/><E117/><V94/><F110/><W70/><G109/><T127/><D101/><U33/><E123/><V49/><F118/><W72/><G115/><T68/><D68/><U78/><E36/><V102/><F134/><W61/><G128/><T74/><D74/><U122/><E122/><V44/><F102/><W106/><G106/><T98/><D98/><U79/><E5/><V34/><F34/><N who="3" m="20863" /><G50/><T132/><D35/><U57/><E57/><V100/><F100/><W58/><G20/><N who="1" m="7786" /><E89/><V82/><F15/><W99/><G99/><T69/><D69/><U10/><E10/><V19/><F19/><W2/><G58/><T111/><D111/><U119/><E119/><V67/><F82/><W112/><G112/><T83/><D113/><U73/><E73/><V60/><F60/><W28/><G28/><T64/><D64/><U45/><E45/><V56/><F56/><W63/><G63/><T133/><D1/><N who="3" m="617" /><G9/><N who="0" m="6191" /><D4/><U11/><E11/><V32/><F32/><W17/><G17/><T12/><D12/><U14/><E14/><V91/><F91/><W48/><G48/><T107/><D107/><U108/><E75/><V55/><F67/><W114/><G114/><T23/><D23/><U87/><E108/><V80/><F80/><W3/><N who="3" m="625" /><W116/><DORA hai="26" /><G116/><T120/><D120/><U93/><E93/><V131/><F131/><W54/><G81/><T53/><D7/><U105/><E105/><V71/><F71/><W95/><G70/><T6/><D6/><U97/><E92/><V29/><F29/><W66/><G66/><T25/><D135/><RYUUKYOKU ba="1,0" sc="151,-10,319,-10,368,30,162,-10" hai2="40,42,43,44,46,47,49,52,55,59,62,90,94" />
</Scene>
<Scene>
<INIT seed="6,2,0,4,2,0" ten="141,309,398,152" oya="2" hai0="22,74,92,27,35,52,131,78,15,107,39,34,99" hai1="41,61,64,63,83,81,130,119,96,128,121,60,31" hai2="84,46,42,8,6,36,49,127,117,105,48,67,33" hai3="17,124,20,68,13,26,116,2,112,5,28,134,54"/><V7/><F105/><W29/><G68/><T85/><D39/><U55/><E119/><V86/><F117/><W101/><G116/><T135/><D135/><U40/><E31/><V114/><F33/><W118/><G118/><T90/><D131/><N who="1" m="50219" /><E121/><V125/><F114/><W65/><G65/><T10/><D74/><U25/><E25/><V30/><F30/><N who="3" m="11883" /><G101/><T47/><D22/><U44/><E64/><V133/><F133/><W104/><G104/><T122/><D27/><U76/><E96/><V14/><F67/><W4/><G54/><T19/><D122/><U12/><E12/><V103/><F103/><W110/><G134/><T66/><D66/><U111/><E111/><V113/><F113/><W51/><G110/><T87/><D107/><U80/><E76/><V93/><F36/><W32/><G112/><T97/><D35/><U79/><E79/><V9/><F49/><AGARI ba="2,0" hai="40,41,44,49,55,60,61,63,80,81,83" m="50219" machi="49" ten="40,1300,0" yaku="19,1" doraHai="0" who="1" fromWho="2" sc="141,0,309,19,398,-19,152,0" />
</Scene>
<Scene>
<INIT seed="7,0,0,0,0,116" ten="141,328,379,152" oya="3" hai0="33,39,104,80,106,75,46,131,57,25,66,11,52" hai1="61,128,73,51,50,79,12,67,37,59,14,129,91" hai2="135,17,16,95,97,65,124,4,32,0,56,117,77" hai3="94,71,107,112,68,8,89,36,84,133,118,123,43"/><W87/><G118/><T20/><D33/><U28/><E37/><V102/><F32/><W6/><G123/><T114/><D131/><N who="1" m="50251" /><E28/><V55/><F117/><W130/><G130/><T47/><D114/><U134/><E134/><V19/><F124/><W31/><G107/><T105/><D11/><U92/><E79/><V88/><F135/><W108/><G133/><T18/><D66/><U30/><E73/><V53/><F77/><W115/><G108/><T41/><D47/><U15/><E30/><V96/><F4/><W127/><G127/><T122/><D122/><U22/><E22/><V58/><F0/><W119/><G119/><T9/><D9/><U23/><E23/><V26/><F26/><W62/><G31/><T1/><D1/><U21/><E21/><V27/><F27/><W70/><G62/><T29/><D29/><U103/><E103/><V76/><F76/><W126/><G126/><T63/><REACH who="0" step="1"/><D80/><REACH who="0" ten="131,328,379,152" step="2"/><U40/><E40/><V54/><F65/><W74/><G43/><T109/><D109/><U83/><E83/><V35/><F35/><W49/><G36/><T111/><D111/><U42/><E42/><V2/><F2/><N who="3" m="87" /><G74/><AGARI ba="0,1" hai="18,20,25,39,41,46,52,57,63,74,75,104,105,106" machi="74" ten="40,2600,0" yaku="1,1,54,1,53,0" doraHai="116" doraHaiUra="86" who="0" fromWho="3" sc="131,36,328,0,379,0,152,-26" owari="167,-23.0,328,13.0,379,47.0,126,-37.0" />
</Scene>
</mjloggm>