<mjloggm ver="2.3"><GO type="169" lobby="0"/><UN n0="%E5%A4%AA%E3%81%8F%E3%81%AA%E3%81%84%E3%81%8A" n1="%E5%89%8D%E6%88%AF%33%30%E5%88%86" n2="%67%61%72%75%63%69%61" n3="%69%6B%65%65%74%74%69" dan="19,17,16,16" rate="2276.50,2198.11,2147.63,2117.10" sx="F,M,M,F"/><TAIKYOKU oya="0"/>

<Scene>
<INIT seed="0,0,0,5,4,51" ten="250,250,250,250" oya="0" hai0="104,106,83,98,48,14,63,19,135,49,44,102,120" hai1="47,79,110,13,24,17,46,91,76,31,23,12,100" hai2="56,29,85,1,33,129,26,84,34,38,8,74,119" hai3="35,121,89,61,126,75,4,122,6,30,99,58,5"/><T133/><D120/><N who="3" m="46185" /><G75/><T2/><D2/><U111/><E100/><V43/><F119/><W40/><G40/><T59/><D104/><U115/><E13/><V128/><F74/><W65/><G126/><T62/><D83/><U117/><E117/><V28/><F56/><W60/><G60/><T134/><D63/><U123/><E123/><V82/><F43/><W45/><G45/><T116/><D44/><U16/><E17/><V114/><F38/><W125/><G125/><T97/><D97/><U87/><E115/><V86/><F114/><W72/><G72/><T103/><D103/><U37/><E47/><V109/><F109/><N who="1" m="41481" /><E37/><V77/><F29/><W11/><G35/><T113/><D116/><U130/><E130/><N who="2" m="50283" /><F34/><W21/><G30/><T90/><D90/><U57/><E46/><V0/><F0/><N who="3" m="391" /><G21/><N who="0" m="11511" /><D113/><U3/><E3/><V64/><F64/><AGARI ba="0,0" hai="48,49,59,62,64,98,102,106,133,134,135" m="11511" machi="64" ten="30,1500,0" yaku="20,1" doraHai="51" who="0" fromWho="2" sc="250,15,250,0,250,-15,250,0" />
</Scene>
<Scene>
<INIT seed="0,1,0,5,2,109" ten="265,250,235,250" oya="0" hai0="34,54,101,114,14,10,36,78,79,131,9,4,8" hai1="81,96,92,26,66,76,6,89,27,102,99,122,130" hai2="111,97,75,85,103,57,30,118,113,65,44,47,0" hai3="120,22,86,69,37,62,115,74,50,46,25,23,24"/><T18/><D36/><U129/><E122/><V49/><F0/><W59/><G74/><T2/><D34/><U60/><E6/><V87/><F118/><W1/><G1/><T56/><D131/><U15/><E15/><V11/><F113/><W135/><G135/><T117/><D117/><U84/><E129/><V20/><F75/><W12/><G120/><T126/><D126/><U121/><E121/><V73/><F73/><W5/><G37/><T68/><D68/><U51/><E51/><V13/><F111/><W70/><G86/><T7/><D101/><U42/><E42/><V95/><F44/><W107/><G107/><T21/><D114/><U108/><E108/><V124/><F124/><W31/><G115/><T83/><D83/><U77/><E77/><N who="0" m="29193" /><D2/><U35/><E35/><V93/><F93/><W39/><G39/><T16/><D18/><U19/><E19/><V98/><F98/><W82/><G82/><T53/><D53/><U33/><E33/><V55/><F11/><N who="0" m="2818" /><T48/><AGARI ba="1,0" hai="4,7,14,16,21,48,54,56" m="2818,29193" machi="48" ten="40,7800,0" yaku="4,1,8,1,54,1" doraHai="109" who="0" fromWho="0" sc="265,81,250,-27,235,-27,250,-27" />
</Scene>
<Scene>
<INIT seed="0,2,0,0,0,98" ten="346,223,208,223" oya="0" hai0="85,60,93,30,18,29,24,0,61,105,126,125,12" hai1="5,107,3,76,80,115,11,58,4,41,36,97,73" hai2="69,35,7,123,21,71,9,51,49,20,75,96,40" hai3="27,67,104,74,81,78,135,106,63,87,82,22,127"/><T23/><D105/><U50/><E5/><V77/><F35/><W131/><G131/><T54/><D0/><U79/><E76/><V100/><F123/><W72/><G135/><T112/><D112/><U101/><E58/><V45/><F75/><W10/><G10/><T94/><D30/><U118/><E50/><V113/><F113/><W33/><G33/><T19/><D19/><U84/><E84/><V26/><F77/><W122/><G127/><N who="0" m="48651" /><D54/><U129/><E115/><V32/><F51/><W132/><G132/><T6/><D6/><U64/><E64/><V66/><F66/><W110/><G110/><T56/><D85/><U57/><E57/><V43/><F21/><W47/><G47/><T38/><D38/><U120/><E129/><V134/><F32/><W99/><G99/><T34/><D56/><U59/><E59/><V65/><F65/><W52/><G72/><T46/><D46/><N who="1" m="23847" /><E118/><V109/><F109/><W86/><G74/><T111/><D111/><U130/><E130/><V62/><F62/><AGARI ba="2,0" hai="12,18,23,24,29,34,60,61,62,93,94" m="48651" machi="62" ten="30,1500,0" yaku="18,1" doraHai="98" who="0" fromWho="2" sc="346,21,223,0,208,-21,223,0" />
</Scene>
<Scene>
<INIT seed="0,3,0,2,4,58" ten="367,223,187,223" oya="0" hai0="93,62,115,49,64,83,53,15,86,41,37,38,14" hai1="104,117,106,54,79,25,52,80,119,4,44,110,65" hai2="85,126,114,112,8,30,33,23,60,13,3,128,19" hai3="103,9,36,24,69,105,26,48,16,109,31,51,67"/><T118/><D115/><U75/><E110/><V116/><F126/><W129/><G36/><T132/><D118/><U121/><E121/><V100/><F128/><W81/><G81/><T5/><D132/><U133/><E133/><V71/><F116/><W29/><G129/><T107/><D107/><U18/><E4/><V1/><F100/><W89/><G89/><T74/><D74/><U59/><E65/><V113/><F85/><W40/><G109/><T108/><D93/><U22/><E106/><V134/><F134/><W43/><G103/><T102/><D102/><U91/><E104/><V68/><F68/><W84/><G84/><T61/><D108/><U88/><E117/><V10/><F71/><W101/><G101/><T12/><D5/><U96/><E96/><V87/><F87/><W73/><G73/><T27/><D27/><U32/><E32/><V7/><F60/><N who="0" m="23146" /><D41/><U123/><E123/><V78/><F78/><W66/><G105/><T46/><D64/><U55/><E119/><V95/><F95/><W99/><G69/><T130/><D130/><U92/><E92/><V6/><F114/><W56/><G67/><T11/><D11/><U122/><E122/><V2/><F2/><W63/><G9/><T82/><D82/><U127/><E80/><V98/><F98/><W111/><G99/><T35/><D35/><U97/><E97/><V124/><F124/><W131/><G111/><T34/><D34/><U47/><E127/><V42/><F42/><N who="3" m="15915" /><G131/><T70/><D70/><U90/><E75/><V94/><F94/><W17/><G26/><AGARI ba="3,0" hai="1,3,6,7,8,10,13,19,23,26,30,33,112,113" machi="26" ten="40,12000,2" yaku="9,1,24,2,34,3" doraHai="58" who="2" fromWho="3" sc="367,0,223,0,187,129,223,-129" />
</Scene>
<Scene>
<INIT seed="1,0,0,5,1,17" ten="367,223,316,94" oya="1" hai0="53,110,102,7,60,79,133,113,121,6,36,58,51" hai1="20,19,32,112,115,48,9,31,95,39,81,86,90" hai2="92,82,89,16,1,100,30,135,124,85,125,117,63" hai3="56,2,29,118,80,21,4,77,78,93,47,67,123"/><U14/><E39/><V57/><F117/><W98/><G123/><T59/><D113/><U23/><E32/><V84/><F1/><W8/><G118/><T97/><D36/><U116/><E116/><V132/><F30/><W5/><G5/><T107/><D121/><U22/><E31/><V3/><F3/><W74/><G78/><T38/><D38/><U75/><E75/><V71/><F71/><W88/><G47/><T54/><D110/><U52/><REACH who="1" step="1"/><E95/><REACH who="1" ten="367,213,316,94" step="2"/><V104/><F104/><W129/><G129/><T25/><D133/><U106/><E106/><V122/><F135/><W96/><G96/><T45/><D107/><U43/><E43/><V50/><F132/><W127/><G127/><T46/><D97/><U65/><E65/><V99/><F122/><W69/><G69/><T34/><D34/><U114/><E114/><V0/><F124/><W103/><G67/><T119/><D119/><U40/><E40/><V126/><F125/><W64/><G64/><T37/><D37/><U62/><E62/><V15/><F126/><W18/><G29/><T35/><D60/><U134/><E134/><V13/><F63/><W108/><G108/><T44/><D35/><U76/><E76/><V12/><F92/><W83/><G80/><T66/><D66/><U128/><E128/><V24/><F82/><W130/><G130/><T131/><D131/><U41/><E41/><V68/><F68/><W49/><G49/><T42/><D51/><U109/><E109/><V11/><F50/><W87/><G77/><T10/><D79/><U33/><E33/><V105/><F105/><RYUUKYOKU ba="0,1" sc="367,-10,213,30,316,-10,94,-10" hai1="9,14,19,20,22,23,48,52,81,86,90,112,115" />
</Scene>
<Scene>
<INIT seed="1,1,1,0,0,93" ten="357,243,306,84" oya="1" hai0="116,61,29,126,23,81,82,66,85,4,9,73,83" hai1="88,55,115,102,86,125,71,38,53,62,51,108,33" hai2="69,2,128,124,15,18,77,12,58,112,76,74,100" hai3="92,113,97,110,64,131,135,101,45,52,8,98,56"/><U22/><E115/><V129/><F69/><W132/><G113/><T67/><D116/><U94/><E38/><V48/><F112/><W32/><G32/><T130/><D73/><U41/><E33/><V30/><F2/><W117/><G117/><T19/><D130/><N who="2" m="50282" /><F30/><W96/><G131/><T10/><D126/><U11/><E125/><V1/><F1/><W91/><G110/><T47/><D29/><U80/><E108/><V34/><F34/><W21/><G8/><N who="0" m="3179" /><D47/><N who="1" m="26095" /><E71/><V114/><F114/><W75/><G75/><T25/><D4/><U107/><E107/><V84/><F74/><W50/><G21/><T60/><D85/><U7/><E62/><AGARI ba="1,1" hai="19,23,25,60,61,62,66,67,81,82,83" m="3179" machi="62" ten="30,1000,0" yaku="8,1" doraHai="93" who="0" fromWho="1" sc="357,23,243,-13,306,0,84,0" />
</Scene>
<Scene>
<INIT seed="2,0,0,2,5,38" ten="380,230,306,84" oya="2" hai0="61,90,53,120,1,51,78,105,45,16,37,42,2" hai1="54,13,113,121,20,89,117,109,134,135,24,91,49" hai2="17,84,34,21,32,62,86,57,35,67,87,81,31" hai3="40,88,41,131,3,126,106,15,133,108,75,79,127"/><V107/><F107/><W101/><G3/><T97/><D120/><U94/><E117/><V18/><F18/><W10/><G108/><T63/><D78/><U29/><E109/><V50/><F50/><W22/><G22/><T99/><D1/><U114/><E121/><V5/><F5/><W65/><G65/><T111/><D2/><U74/><E74/><V19/><REACH who="2" step="1"/><F81/><REACH who="2" ten="380,230,296,84" step="2"/><N who="3" m="45311" /><G133/><T48/><D111/><U132/><E134/><V76/><F76/><W72/><G72/><T70/><D105/><U128/><E132/><V102/><F102/><W59/><G131/><T80/><D48/><U23/><E128/><V33/><N who="2" m="8704" /><DORA hai="83" /><V26/><AGARI ba="0,1" hai="17,19,21,26,31,57,62,67,84,86,87" m="8704" machi="26" ten="60,18000,2" yaku="1,1,4,1,0,1,52,3,53,0" doraHai="38,83" doraHaiUra="123,4" who="2" fromWho="2" sc="380,-60,230,-60,296,190,84,-60" />
</Scene>
<Scene>
<INIT seed="2,1,0,1,5,28" ten="320,170,486,24" oya="2" hai0="3,15,35,67,13,78,134,105,8,106,16,79,108" hai1="25,90,40,51,27,64,89,73,116,56,94,4,33" hai2="58,23,50,12,80,122,91,18,66,109,34,20,107" hai3="131,19,59,0,112,120,88,127,71,133,129,95,37"/><V86/><F122/><W49/><G59/><T119/><D3/><U74/><E116/><V45/><F107/><W5/><G49/><T124/><D119/><U43/><E4/><V44/><F34/><W68/><G5/><T93/><D108/><U53/><E64/><V29/><F109/><W32/><G19/><T114/><D114/><U82/><E82/><V97/><F97/><W17/><G17/><T46/><D35/><U121/><E121/><V54/><F66/><W103/><G103/><T87/><D67/><U101/><E101/><V21/><F29/><W75/><G95/><T111/><D111/><U65/><E33/><V42/><REACH who="2" step="1"/><F45/><REACH who="2" ten="320,170,476,24" step="2"/><W39/><G88/><N who="0" m="53407" /><D106/><U125/><E65/><V84/><F84/><W83/><G83/><T104/><D105/><U26/><E89/><V100/><F100/><W22/><G22/><N who="0" m="11535" /><D104/><U96/><E74/><V9/><F9/><W76/><G32/><T130/><D46/><U99/><E73/><V77/><F77/><W117/><G76/><T113/><D79/><U1/><E96/><V11/><F11/><W61/><G75/><T132/><D78/><U10/><E10/><V81/><F81/><W47/><G120/><T14/><D8/><U92/><E92/><V123/><F123/><W115/><G117/><T63/><D113/><U24/><N who="1" m="6144" /><DORA hai="30" /><U128/><E94/><V38/><AGARI ba="1,1" hai="12,18,20,21,23,38,42,44,50,54,58,80,86,91" machi="38" ten="20,7800,0" yaku="1,1,0,1,7,1,53,1" doraHai="28,30" doraHaiUra="48,62" who="2" fromWho="2" sc="320,-27,170,-27,476,91,24,-27" owari="293,9.0,143,-26.0,567,67.0,-3,-50.0" />
</Scene>
</mjloggm>