<mjloggm ver="2.3"><GO type="169" lobby="0"/><UN n0="%E6%9A%97%E3%81%84%E7%AC%A6" n1="%E5%A4%AA%E3%81%8F%E3%81%AA%E3%81%84%E3%81%8A" n2="%68%61%72%75%72%75%39%31" n3="%E3%81%84%E3%81%9F%E3%83%92%E3%83%AD" dan="16,17,16,16" rate="2155.81,2248.83,2101.57,2163.87" sx="M,M,M,M"/><TAIKYOKU oya="0"/>

<Scene>
<INIT seed="0,0,0,4,4,29" ten="250,250,250,250" oya="0" hai0="101,7,71,124,93,64,48,13,109,104,60,67,0" hai1="116,28,63,82,83,87,26,15,73,98,70,8,11" hai2="43,112,135,91,22,58,36,6,4,27,51,102,54" hai3="121,95,123,68,21,72,35,55,38,113,31,2,131"/><T46/><D0/><U75/><E116/><V90/><F112/><W92/><G21/><T130/><D104/><U78/><E98/><V52/><F135/><W76/><G55/><T32/><D67/><U103/><E103/><V44/><F102/><W108/><G95/><T45/><D130/><U59/><E70/><V16/><F6/><W110/><G92/><T56/><D124/><U115/><E115/><V30/><F4/><W118/><G31/><T50/><D71/><U37/><E37/><V117/><F117/><W77/><G77/><T39/><D39/><U33/><E15/><V12/><REACH who="2" step="1"/><F54/><REACH who="2" ten="250,250,240,250" step="2"/><W25/><G113/><T47/><D109/><U9/><REACH who="1" step="1"/><E83/><REACH who="1" ten="250,240,240,250" step="2"/><V17/><F17/><W119/><G118/><T79/><D101/><U20/><E20/><AGARI ba="0,2" hai="12,16,20,22,27,30,36,43,44,51,52,58,90,91" machi="20" ten="30,7700,0" yaku="1,1,7,1,54,2,53,0" doraHai="29" doraHaiUra="96" who="2" fromWho="1" sc="250,0,240,-77,240,97,250,0" />
</Scene>
<Scene>
<INIT seed="1,0,0,5,4,5" ten="250,163,337,250" oya="1" hai0="117,129,29,97,91,63,93,16,8,27,24,52,2" hai1="102,34,126,25,18,49,106,37,111,108,43,83,134" hai2="31,42,116,10,56,123,44,77,19,112,109,17,122" hai3="58,26,64,65,9,125,69,73,23,4,115,114,3"/><U133/><E49/><V60/><F116/><W132/><G73/><T6/><D117/><U41/><E126/><V28/><F77/><W124/><G69/><T88/><D129/><U14/><E83/><V101/><F101/><W130/><G130/><T76/><D76/><U107/><E25/><V32/><F112/><W90/><G90/><T59/><D16/><U33/><E102/><V36/><F109/><N who="1" m="42057" /><E33/><V53/><F19/><W131/><G131/><T55/><D27/><U128/><E34/><V82/><F82/><W87/><G87/><T68/><D68/><U120/><E120/><V1/><F1/><W118/><G118/><T50/><D91/><U104/><E128/><V40/><F40/><N who="1" m="15433" /><E37/><V81/><F81/><W85/><G125/><T15/><D2/><U70/><E70/><V105/><F105/><N who="1" m="26881" /><U57/><DORA hai="75" /><E57/><V62/><F32/><W72/><G3/><T30/><D24/><U110/><N who="1" m="42065" /><U12/><DORA hai="38" /><E12/><N who="2" m="7319" /><F123/><W135/><G26/><T96/><D96/><U94/><E94/><V89/><F122/><W80/><G124/><T47/><AGARI ba="0,0" hai="6,8,15,29,30,47,50,52,55,59,63,88,93,97" machi="47" ten="20,12000,2" yaku="0,1,7,1,8,1,52,1,54,2" doraHai="5,75,38" who="0" fromWho="0" sc="250,120,163,-60,337,-30,250,-30" />
</Scene>
<Scene>
<INIT seed="2,0,0,2,5,135" ten="370,103,307,220" oya="2" hai0="70,11,74,63,50,53,124,43,21,34,88,109,60" hai1="2,18,127,118,130,41,129,33,44,100,26,29,1" hai2="95,49,115,117,90,92,128,120,7,106,114,54,57" hai3="52,3,35,59,65,98,84,81,110,69,86,122,85"/><V61/><F117/><W97/><G35/><T82/><D34/><U56/><E118/><V89/><F106/><W40/><G3/><N who="1" m="1034" /><E56/><V78/><F120/><W105/><G122/><T80/><D109/><U36/><E18/><V62/><F128/><N who="1" m="49257" /><E100/><V15/><F78/><W37/><G110/><T28/><D74/><U93/><E93/><N who="2" m="35915" /><F115/><W112/><G112/><T22/><D70/><U6/><E6/><V24/><F24/><W14/><G81/><T108/><D11/><U17/><E17/><V9/><F114/><W133/><G133/><T101/><D101/><U23/><E23/><V0/><F0/><W123/><G123/><T121/><D22/><U104/><E104/><V79/><F79/><W30/><G30/><T132/><D132/><U13/><E13/><V5/><F5/><W75/><G14/><T73/><D73/><U39/><E39/><V66/><F66/><W12/><G75/><T27/><D108/><U45/><E45/><V46/><F46/><W20/><G105/><T119/><D119/><U94/><E94/><V38/><F38/><W51/><G12/><T113/><D113/><U116/><E116/><V72/><F72/><W25/><G25/><T102/><D27/><U42/><E42/><V47/><F47/><N who="3" m="23951" /><G20/><T10/><D21/><U31/><E31/><V64/><F64/><W111/><G111/><T68/><D121/><U83/><E83/><V67/><F67/><W76/><G76/><T48/><D43/><U99/><E99/><V126/><F89/><W19/><G19/><T55/><D88/><U134/><E134/><V71/><F90/><RYUUKYOKU ba="0,0" sc="370,-15,103,15,307,-15,220,15" hai1="26,29,33,36,41,44,127" hai3="51,52,59,65,69,84,85,86,97,98" />
</Scene>
<Scene>
<INIT seed="3,1,0,5,5,86" ten="355,118,292,235" oya="3" hai0="40,102,56,131,82,75,5,38,17,48,53,90,127" hai1="57,122,41,62,93,125,15,21,96,46,89,28,0" hai2="77,10,42,1,85,99,116,22,3,66,44,67,135" hai3="32,129,61,25,11,108,58,6,110,113,50,100,115"/><W80/><G100/><T134/><D102/><U105/><E125/><V111/><F135/><W24/><G50/><T64/><D5/><U59/><E0/><V124/><F111/><N who="3" m="42539" /><G129/><T47/><D131/><U101/><E122/><V54/><F124/><W123/><G123/><T69/><D127/><U97/><E62/><V119/><F99/><W92/><G92/><T36/><D17/><U7/><E28/><V72/><F72/><W18/><G80/><T27/><D27/><U83/><E83/><V60/><F54/><W130/><G130/><T95/><D82/><U2/><E2/><V52/><F77/><W14/><G58/><T19/><D75/><U8/><REACH who="1" step="1"/><E21/><REACH who="1" ten="355,108,292,235" step="2"/><V4/><F1/><W13/><G61/><T68/><D134/><U34/><E34/><V120/><F3/><W133/><G133/><T128/><D128/><U49/><AGARI ba="1,1" hai="7,8,15,41,46,49,57,59,89,93,96,97,101,105" machi="49" ten="20,5200,0" yaku="1,1,0,1,7,1,52,1,53,0" doraHai="86" doraHaiUra="73" who="1" fromWho="1" sc="355,-14,108,65,292,-14,235,-27" />
</Scene>
<Scene>
<INIT seed="4,0,0,5,5,8" ten="341,173,278,208" oya="0" hai0="100,121,98,135,119,80,45,11,96,24,86,50,99" hai1="28,44,78,113,17,27,87,68,103,2,132,61,31" hai2="59,92,129,117,39,97,14,85,128,20,37,109,131" hai3="18,16,33,54,66,23,41,122,1,26,46,93,95"/><T88/><D121/><U12/><E2/><V110/><F117/><W51/><G122/><T79/><D119/><U106/><E132/><V4/><F85/><W40/><G1/><T62/><D135/><U105/><E113/><V94/><F59/><W30/><G66/><T65/><D24/><U73/><E73/><V130/><F130/><W124/><G124/><T42/><D11/><U9/><E44/><V90/><F94/><W58/><G41/><T115/><D115/><U67/><E103/><V75/><F75/><W57/><G58/><T83/><D100/><U7/><E7/><V91/><F91/><W111/><G111/><N who="2" m="42505" /><F4/><W71/><G71/><T101/><D101/><U19/><E78/><V60/><F60/><W64/><G64/><T69/><REACH who="0" step="1"/><D83/><REACH who="0" ten="331,173,278,208" step="2"/><U120/><E120/><V84/><F128/><W49/><REACH who="3" step="1"/><G18/><REACH who="3" ten="331,173,278,198" step="2"/><T48/><D48/><U72/><E19/><V116/><F129/><W22/><G22/><T3/><D3/><U77/><E17/><V82/><F131/><W81/><G81/><T55/><D55/><U25/><E67/><V6/><F116/><W127/><G127/><T74/><D74/><U34/><E72/><V56/><F82/><W134/><G134/><T104/><D104/><U112/><E106/><V29/><F6/><W123/><G123/><T70/><D70/><U0/><E105/><V38/><F38/><W126/><G126/><T35/><D35/><U102/><E34/><V21/><F39/><W133/><G133/><T5/><D5/><N who="1" m="3119" /><E68/><V89/><F37/><W107/><G107/><T53/><D53/><U52/><E52/><RYUUKYOKU ba="0,2" sc="331,15,173,-15,278,-15,198,15" hai0="42,45,50,62,65,69,79,80,86,88,96,98,99" hai3="16,23,26,30,33,40,46,49,51,54,57,93,95" />
</Scene>
<Scene>
<INIT seed="4,1,2,3,0,22" ten="346,158,263,213" oya="0" hai0="53,46,131,10,30,33,48,74,68,80,40,19,45" hai1="62,6,52,90,118,59,113,26,133,43,17,37,11" hai2="121,129,126,32,1,87,107,125,64,114,12,120,58" hai3="4,35,39,69,25,36,41,18,106,65,76,116,104"/><T101/><D68/><U16/><E118/><V27/><F107/><W134/><G18/><T92/><D131/><U55/><E133/><V89/><F1/><W117/><G4/><T84/><D74/><U122/><E122/><V105/><F105/><W66/><G76/><T108/><D33/><U128/><E128/><V78/><F78/><W28/><G134/><T14/><D30/><U38/><E113/><V2/><F2/><W8/><G8/><T77/><D108/><U109/><E109/><V132/><F132/><W135/><G135/><T0/><D0/><U67/><E37/><V56/><F12/><W91/><G91/><T112/><D112/><U57/><E38/><V110/><F110/><W31/><G69/><T23/><D101/><U99/><E43/><V123/><F114/><W130/><G41/><T20/><D92/><N who="1" m="56727" /><E67/><V102/><F64/><W47/><G47/><T88/><D77/><U98/><E98/><V82/><F102/><W83/><G83/><T50/><AGARI ba="1,2" hai="10,14,19,20,23,40,45,46,48,50,53,80,84,88" machi="50" ten="20,18000,2" yaku="0,1,7,1,25,2,8,1,54,1" doraHai="22" who="0" fromWho="0" sc="346,203,158,-61,263,-61,213,-61" />
</Scene>
<Scene>
<INIT seed="4,2,0,2,4,113" ten="549,97,202,152" oya="0" hai0="115,42,111,95,21,47,45,79,100,94,134,38,69" hai1="23,29,85,9,78,133,51,118,19,36,92,119,48" hai2="81,122,13,90,32,27,67,86,108,123,5,50,110" hai3="101,120,14,22,91,17,46,56,37,53,10,89,52"/><T55/><D69/><U34/><E36/><V87/><F67/><W116/><G116/><T0/><D100/><U103/><E34/><V70/><F70/><W65/><G120/><T20/><D0/><U60/><E29/><V102/><F102/><W76/><G76/><T54/><D79/><U130/><E9/><V74/><F74/><W126/><G126/><T12/><D115/><U93/><E60/><V33/><F50/><W64/><G101/><T98/><D134/><U124/><E124/><V58/><F58/><W105/><G105/><T109/><D98/><U73/><E73/><V129/><F129/><W25/><G65/><T31/><D12/><U57/><E133/><V114/><F114/><W99/><G64/><T135/><D135/><U24/><E130/><V121/><F87/><W66/><G66/><T6/><D6/><U125/><E125/><V49/><F49/><N who="3" m="28727" /><G37/><T88/><D38/><U2/><E2/><V72/><F72/><W106/><G106/><T18/><D31/><U71/><E71/><V3/><F3/><W4/><G99/><T97/><D97/><U77/><E103/><V104/><F104/><W16/><G4/><T62/><D62/><AGARI ba="2,0" hai="10,14,16,17,22,25,53,56,62,89,91" m="28727" machi="62" ten="30,3900,0" yaku="8,1,54,2" doraHai="113" who="3" fromWho="0" sc="549,-45,97,0,202,0,152,45" />
</Scene>
<Scene>
<INIT seed="5,0,0,5,2,10" ten="504,97,202,197" oya="1" hai0="117,68,73,91,28,31,38,11,110,108,36,67,127" hai1="24,19,86,47,109,95,52,25,97,94,105,20,90" hai2="84,82,89,81,56,30,8,96,101,27,7,92,124" hai3="57,59,53,64,134,119,66,118,130,55,1,61,74"/><U107/><E109/><V23/><F124/><W76/><G1/><T9/><D91/><U62/><E25/><V50/><F50/><W33/><G33/><T133/><D67/><U42/><E42/><V51/><F51/><W125/><G76/><T37/><D73/><U131/><E131/><V78/><F56/><W4/><G4/><T75/><D75/><U115/><E115/><V132/><F132/><W12/><G74/><T85/><D85/><U99/><E86/><V14/><REACH who="2" step="1"/><F78/><REACH who="2" ten="504,97,192,197" step="2"/><W88/><G125/><T100/><D127/><U114/><E114/><V120/><F120/><W113/><G134/><T40/><D38/><U17/><E17/><V102/><F102/><W87/><G113/><T32/><D37/><U35/><E35/><V69/><F69/><W98/><G59/><T48/><D48/><U3/><E47/><V49/><F49/><W6/><G57/><T60/><D68/><U135/><E135/><V103/><F103/><W71/><G71/><T126/><D36/><U79/><E79/><V13/><F13/><W72/><G12/><T129/><D108/><U104/><E3/><V123/><F123/><W58/><G58/><T2/><D2/><U22/><E52/><V122/><F122/><W70/><G53/><T93/><D110/><U44/><E44/><V43/><F43/><W77/><G55/><T15/><D40/><U29/><E62/><V54/><F54/><W21/><G77/><T18/><D60/><U45/><E45/><V0/><F0/><W128/><G61/><T5/><D133/><U112/><E112/><V26/><F26/><RYUUKYOKU ba="0,1" sc="504,-10,97,-10,192,30,197,-10" hai2="7,8,14,23,27,30,81,82,84,89,92,96,101" />
</Scene>
<Scene>
<INIT seed="6,1,1,1,1,134" ten="494,87,222,187" oya="2" hai0="70,110,124,118,34,16,12,47,107,77,130,117,6" hai1="24,39,103,4,23,115,113,5,93,100,108,92,135" hai2="13,2,57,0,97,40,88,106,95,58,121,133,49" hai3="19,109,68,119,15,74,98,127,60,29,46,48,75"/><V89/><F121/><W123/><G123/><T85/><D107/><U69/><E69/><V35/><F35/><W112/><G109/><T83/><D70/><U17/><E39/><V8/><F133/><W76/><G119/><N who="0" m="45579" /><D6/><U122/><E135/><V61/><F106/><W80/><G75/><T26/><D130/><U128/><E122/><V28/><F28/><W9/><G29/><T81/><D47/><U27/><E128/><V41/><F2/><W87/><G74/><T25/><D34/><U78/><E78/><V132/><F0/><W1/><G1/><T63/><D63/><U52/><E23/><V105/><F105/><W56/><G68/><T31/><D83/><U101/><E17/><N who="2" m="8359" /><F132/><W64/><G112/><N who="1" m="43082" /><E108/><V36/><F36/><W86/><G98/><T67/><D31/><U22/><E22/><V54/><F89/><W30/><G87/><T129/><D85/><U43/><E43/><V20/><F20/><W14/><G14/><T66/><D12/><U55/><E92/><V18/><F18/><W104/><G30/><T102/><D16/><U84/><E93/><V82/><F82/><W96/><G104/><T42/><D81/><U51/><E84/><V11/><F11/><W3/><G3/><T53/><D110/><U44/><E55/><AGARI ba="1,1" hai="40,41,49,54,55,57,58,61,88,95,97" m="8359" machi="55" ten="30,2900,0" yaku="8,1,54,1" doraHai="134" who="2" fromWho="1" sc="494,0,87,-32,222,42,187,0" />
</Scene>
<Scene>
<INIT seed="6,2,0,1,3,43" ten="494,55,264,187" oya="2" hai0="93,54,39,24,17,64,1,91,105,95,124,102,134" hai1="115,15,9,98,38,60,111,127,22,51,109,96,44" hai2="123,116,90,34,79,82,103,41,20,97,87,99,46" hai3="61,69,12,40,49,119,70,113,73,101,75,11,19"/><V7/><F34/><W83/><G119/><T86/><D1/><U31/><E38/><V121/><F116/><W120/><G120/><T81/><D39/><U6/><E115/><V84/><F7/><W129/><G113/><T25/><D64/><U104/><E127/><V63/><F63/><W94/><G129/><T53/><D105/><U66/><E111/><V37/><F20/><W80/><G75/><T28/><D134/><U5/><E109/><V4/><F4/><W76/><G83/><T107/><D107/><U33/><E33/><V118/><F118/><W72/><G72/><T59/><D54/><U18/><E31/><V92/><REACH who="2" step="1"/><F99/><REACH who="2" ten="494,55,254,187" step="2"/><W10/><G61/><T42/><D124/><U0/><E5/><V8/><F8/><W14/><G11/><T23/><D23/><U108/><E108/><V126/><F126/><W35/><G35/><T112/><D112/><U36/><E104/><AGARI ba="2,1" hai="37,41,46,79,82,84,87,90,92,97,103,104,121,123" machi="104" ten="30,5800,0" yaku="1,1,7,1,52,1,53,0" doraHai="43" doraHaiUra="32" who="2" fromWho="1" sc="494,0,55,-64,254,74,187,0" owari="494,59.0,-9,-51.0,328,13.0,187,-21.0" />
</Scene>
</mjloggm>