<mjloggm ver="2.3"><GO type="169" lobby="0"/><UN n0="%E5%BB%83%E4%BA%BA%E9%81%94%E9%9B%86%E5%90%88" n1="%E5%A4%AA%E3%81%8F%E3%81%AA%E3%81%84%E3%81%8A" n2="%E3%81%8F%E3%82%8B%E3%83%BC" n3="%E6%AD%A6%E8%A3%85%E5%95%86%E8%88%B9%E5%9B%A3" dan="16,19,16,17" rate="2122.44,2284.76,2024.50,2205.28" sx="M,F,M,M"/><TAIKYOKU oya="0"/>

<Scene>
<INIT seed="0,0,0,4,1,60" ten="250,250,250,250" oya="0" hai0="56,93,94,6,22,122,65,43,78,88,67,59,69" hai1="8,46,131,40,120,91,129,63,108,115,10,45,31" hai2="44,13,124,74,58,2,11,113,125,95,17,121,82" hai3="116,85,101,54,109,134,97,84,80,112,86,48,16"/><T77/><D122/><U0/><E120/><V42/><F113/><W98/><G112/><T72/><D43/><U23/><E115/><V19/><F121/><W79/><G116/><T75/><D69/><U76/><E108/><V119/><F119/><W61/><G109/><T5/><D22/><U135/><E135/><V1/><F19/><W62/><G134/><T50/><D50/><U4/><E76/><N who="2" m="44311" /><F95/><W66/><G16/><T26/><D88/><U107/><E107/><V123/><F58/><W130/><G130/><T127/><D26/><N who="1" m="16863" /><E10/><V12/><F12/><W83/><G83/><T7/><REACH who="0" step="1"/><D5/><REACH who="0" ten="240,250,250,250" step="2"/><U41/><E41/><V33/><F123/><W36/><G36/><T37/><D37/><U114/><E91/><V87/><F33/><W105/><G98/><T73/><D73/><U110/><E40/><V104/><F87/><W14/><G61/><T18/><D18/><U92/><E63/><V21/><F21/><W49/><G49/><T38/><D38/><U52/><E4/><V133/><F42/><W64/><G62/><T89/><D89/><U126/><E114/><V102/><F17/><W132/><G132/><T9/><D9/><U68/><E8/><V111/><F11/><W27/><G27/><T15/><D15/><U96/><E96/><V35/><F35/><W70/><G14/><T117/><D117/><U99/><E99/><V39/><F133/><W20/><G70/><T103/><D103/><U32/><E32/><V100/><F13/><W3/><G20/><T24/><D24/><U47/><E68/><V55/><F102/><W25/><G25/><RYUUKYOKU ba="0,1" sc="240,30,250,-10,250,-10,250,-10" hai0="6,7,56,59,65,67,72,75,77,78,93,94,127" />
</Scene>
<Scene>
<INIT seed="0,1,1,4,4,90" ten="270,240,240,240" oya="0" hai0="15,103,40,48,54,20,127,1,81,78,93,133,13" hai1="86,126,121,50,7,43,99,9,115,19,97,0,35" hai2="134,105,114,116,36,124,41,66,18,38,25,34,17" hai3="83,88,94,27,14,74,12,85,91,82,84,23,117"/><T64/><D1/><U5/><E121/><V30/><F114/><W102/><G117/><T113/><D113/><U79/><E115/><V101/><F134/><W42/><G42/><T24/><D133/><U29/><E126/><V39/><F124/><W4/><G4/><T128/><D128/><U95/><E7/><V119/><F41/><W61/><G61/><T47/><D127/><U120/><E120/><V100/><F66/><W130/><G130/><T33/><D33/><U59/><E19/><N who="2" m="7179" /><F105/><W73/><G102/><T111/><D111/><U71/><E71/><V89/><F89/><W80/><G73/><T49/><D64/><U37/><E37/><V16/><N who="2" m="7187" /><V98/><DORA hai="118" /><F98/><W26/><G74/><T2/><D2/><U110/><E110/><V87/><F87/><W63/><G63/><T55/><D40/><U77/><E86/><V72/><F72/><W60/><G60/><T51/><D51/><U22/><E99/><V132/><F132/><W69/><G69/><T65/><D65/><U70/><E70/><V76/><F76/><W6/><G14/><T106/><D106/><U125/><E125/><V122/><F122/><W32/><G32/><T52/><D15/><U11/><E35/><V135/><F135/><W108/><G108/><T46/><D13/><U44/><E0/><V67/><F67/><W56/><G56/><T58/><D54/><U68/><E43/><V131/><F131/><W62/><G62/><T8/><D58/><U53/><E53/><N who="0" m="20553" /><D48/><U10/><E50/><V28/><F28/><N who="3" m="17503" /><G27/><T3/><D3/><U92/><E68/><RYUUKYOKU ba="1,1" sc="270,-15,240,-15,240,15,240,15" hai2="25,30,34,36,38,39,100,101,116,119" hai3="6,12,80,82,83,84,85,88,91,94" />
</Scene>
<Scene>
<INIT seed="1,2,1,2,5,29" ten="255,225,255,255" oya="1" hai0="61,98,128,23,47,6,64,8,96,116,53,11,126" hai1="38,58,21,17,16,120,50,71,82,35,14,70,101" hai2="19,74,113,134,103,49,28,135,75,59,44,56,37" hai3="87,121,108,79,46,7,86,26,133,62,131,63,48"/><U31/><E38/><V22/><F113/><W90/><G121/><T110/><D116/><U92/><E120/><V0/><F0/><W42/><G131/><T95/><D128/><U10/><E82/><V73/><F103/><W127/><G127/><T30/><D126/><U18/><E101/><V43/><F28/><W122/><G122/><T97/><D110/><U34/><E92/><V57/><REACH who="2" step="1"/><F37/><REACH who="2" ten="255,225,245,255" step="2"/><W67/><G108/><T24/><D6/><U39/><E39/><V93/><F93/><W52/><G133/><T3/><D3/><U60/><E31/><V117/><F117/><W27/><G7/><T76/><D76/><U66/><E18/><V1/><F1/><W124/><G124/><T88/><D98/><U84/><E84/><V33/><F33/><W89/><G79/><T109/><D97/><U111/><E111/><V78/><F78/><W85/><G90/><T36/><D109/><U91/><E91/><V102/><F102/><W106/><G106/><T40/><REACH who="0" step="1"/><D53/><REACH who="0" ten="245,225,245,255" step="2"/><U130/><E130/><V119/><F119/><W25/><G89/><T20/><D20/><U72/><E21/><V65/><F65/><W105/><G67/><T13/><D13/><AGARI ba="2,3" hai="13,19,22,43,44,49,56,57,59,73,74,75,134,135" machi="13" ten="50,3200,0" yaku="1,1,53,1" doraHai="29" doraHaiUra="41" who="2" fromWho="0" sc="245,-38,225,0,245,68,255,0" />
</Scene>
<Scene>
<INIT seed="2,0,0,2,2,54" ten="207,225,313,255" oya="2" hai0="93,12,98,131,104,58,44,7,59,127,108,56,61" hai1="24,72,92,16,15,17,37,20,115,80,45,106,111" hai2="103,32,67,3,122,75,101,11,21,79,26,6,105" hai3="129,48,89,117,68,64,116,2,130,107,66,33,13"/><V29/><F122/><W23/><G33/><T63/><D104/><U73/><E106/><V19/><F105/><W1/><G107/><T100/><D108/><U43/><E115/><V119/><F119/><N who="3" m="45643" /><G48/><T36/><D127/><U124/><E111/><V69/><F69/><W128/><G89/><T25/><D131/><N who="3" m="33537" /><W113/><DORA hai="35" /><G113/><T95/><D25/><U14/><E124/><V120/><F120/><W76/><G76/><T46/><D95/><U4/><E92/><V109/><F109/><W123/><G123/><T55/><D36/><U42/><E42/><V90/><F90/><W125/><G125/><T99/><D99/><U27/><E4/><V60/><F79/><W34/><G34/><T118/><D118/><U22/><REACH who="1" step="1"/><E80/><REACH who="1" ten="207,215,313,255" step="2"/><V84/><F6/><W94/><G94/><T97/><D97/><U114/><E114/><V57/><F101/><W126/><G126/><T18/><D7/><U86/><E86/><V38/><F103/><W31/><G31/><T62/><REACH who="0" step="1"/><D55/><REACH who="0" ten="197,215,313,255" step="2"/><U82/><E82/><V28/><F29/><W96/><G96/><T40/><D40/><U65/><E65/><N who="3" m="25194" /><G68/><T110/><D110/><U102/><E102/><V9/><F28/><W10/><G23/><AGARI ba="0,2" hai="12,18,23,44,46,56,58,59,61,62,63,93,98,100" machi="23" ten="40,12000,2" yaku="1,1,8,1,52,3,53,2" doraHai="54,35" doraHaiUra="47,41" who="0" fromWho="3" sc="197,140,215,0,313,0,255,-120" />
</Scene>
<Scene>
<INIT seed="3,0,0,5,3,7" ten="337,215,313,135" oya="3" hai0="14,90,101,17,40,78,134,106,21,29,95,102,65" hai1="82,81,8,23,11,10,9,99,43,80,60,58,75" hai2="34,110,25,66,56,22,97,32,115,93,74,69,94" hai3="73,45,128,121,55,132,120,61,135,129,53,1,119"/><W84/><G73/><T24/><D134/><N who="3" m="51241" /><G1/><T47/><D78/><U52/><E75/><V114/><F74/><W89/><G84/><T36/><D65/><U38/><N who="1" m="2048" /><DORA hai="105" /><U0/><E0/><V31/><F69/><W13/><G13/><T83/><D83/><U15/><E99/><V72/><F94/><W20/><G20/><T4/><D4/><U76/><E76/><V124/><F124/><W111/><G89/><T67/><D106/><U26/><E15/><V113/><F110/><W131/><G119/><T33/><D67/><U70/><E70/><V98/><F72/><W18/><G18/><T16/><D17/><N who="1" m="12655" /><E38/><V41/><F98/><AGARI ba="0,0" hai="14,16,21,24,29,33,36,40,47,90,95,98,101,102" machi="98" ten="30,2000,0" yaku="7,1,54,1" doraHai="7,105" who="0" fromWho="2" sc="337,20,215,0,313,-20,135,0" />
</Scene>
<Scene>
<INIT seed="4,0,0,2,3,101" ten="357,215,293,135" oya="0" hai0="3,69,107,66,23,89,105,70,112,47,76,115,132" hai1="56,128,39,7,118,17,103,42,35,21,92,32,102" hai2="88,8,100,84,119,83,29,33,131,58,80,14,114" hai3="104,18,106,79,65,113,37,44,129,117,85,6,71"/><T67/><D132/><U99/><E118/><V77/><F114/><N who="0" m="43562" /><D3/><U1/><E128/><V126/><F131/><W130/><G113/><T110/><D110/><U123/><E123/><V0/><F0/><W93/><G117/><T12/><D47/><U97/><E39/><V34/><F119/><W94/><G6/><T2/><D2/><U51/><E1/><V25/><F126/><W30/><G30/><T120/><D120/><U134/><E7/><V64/><F100/><W28/><G28/><T50/><D50/><U27/><E134/><V5/><F64/><N who="0" m="24618" /><D89/><U86/><E86/><V108/><F108/><W81/><G130/><T74/><D12/><U98/><E98/><V90/><F58/><W95/><G129/><T75/><D23/><U48/><E48/><V53/><F34/><W116/><G116/><T52/><D52/><U57/><E57/><V111/><F111/><W135/><G135/><T96/><D96/><U38/><E38/><V73/><REACH who="2" step="1"/><F53/><REACH who="2" ten="357,215,283,135" step="2"/><W22/><G65/><T54/><D54/><U61/><E56/><V13/><F13/><W62/><G71/><N who="0" m="27147" /><D76/><AGARI ba="0,1" hai="5,8,14,25,29,33,73,76,77,80,83,84,88,90" machi="76" ten="30,3900,0" yaku="1,1,7,1,54,1,53,0" doraHai="101" doraHaiUra="49" who="2" fromWho="0" sc="357,-39,215,0,283,49,135,0" />
</Scene>
<Scene>
<INIT seed="5,0,0,4,3,10" ten="318,215,332,135" oya="1" hai0="130,107,21,4,19,14,24,129,117,48,80,18,56" hai1="120,58,45,116,81,72,90,6,126,11,77,104,127" hai2="84,3,106,41,40,35,65,17,118,128,22,2,33" hai3="123,92,110,70,135,109,64,42,73,78,71,25,27"/><U132/><E116/><V60/><F118/><W20/><G123/><T63/><D117/><U119/><E119/><V69/><F106/><W16/><G135/><T124/><D107/><U74/><E120/><V131/><F84/><W5/><G5/><T100/><D124/><N who="1" m="47659" /><E104/><V52/><F52/><W32/><G42/><N who="2" m="16489" /><F3/><W89/><G78/><T23/><D100/><U55/><E45/><V53/><F53/><W97/><G73/><T96/><D48/><N who="1" m="31079" /><E90/><V101/><F2/><W12/><G27/><T37/><D37/><U94/><E94/><V66/><F66/><W36/><G36/><T105/><D80/><U79/><E132/><V39/><F39/><W7/><G64/><T122/><D122/><U93/><E93/><V67/><F67/><W43/><G43/><T112/><D105/><U0/><E77/><V1/><F1/><W38/><G38/><T26/><D56/><U83/><E83/><V98/><F101/><W34/><G71/><T9/><D96/><U54/><E54/><V75/><F98/><W99/><G99/><T85/><D85/><AGARI ba="0,0" hai="0,6,11,72,74,79,81,85" m="31079,47659" machi="85" ten="30,1500,0" yaku="18,1" doraHai="10" who="1" fromWho="0" sc="318,-15,215,15,332,0,135,0" />
</Scene>
<Scene>
<INIT seed="5,1,0,3,2,113" ten="303,230,332,135" oya="1" hai0="29,51,129,31,53,56,15,87,110,100,47,41,68" hai1="82,44,80,83,126,88,97,33,118,66,34,16,76" hai2="60,70,119,32,45,107,28,125,36,18,5,123,98" hai3="20,17,91,64,6,122,46,26,21,92,2,94,54"/><U39/><E126/><V124/><F123/><W8/><G122/><T0/><D110/><U3/><E3/><V117/><F18/><W42/><G64/><T133/><D0/><U86/><E66/><N who="2" m="41287" /><F5/><W111/><G111/><T63/><D129/><U59/><E59/><V23/><F23/><W49/><G21/><T30/><D133/><U72/><E118/><N who="2" m="45067" /><F107/><W25/><G25/><T90/><D68/><U93/><E82/><V99/><F32/><W134/><G134/><T55/><D100/><U74/><E16/><V128/><F28/><W65/><G65/><N who="0" m="39143" /><D15/><U77/><REACH who="1" step="1"/><E97/><REACH who="1" ten="303,220,332,135" step="2"/><V79/><F99/><W71/><G71/><T104/><D30/><U116/><E116/><V58/><F98/><W120/><G120/><T27/><D31/><U10/><E10/><V40/><F58/><W35/><G35/><T67/><D67/><U69/><E69/><V9/><F9/><W22/><G22/><T37/><D29/><U112/><E112/><V103/><F128/><W115/><G115/><T78/><D27/><U1/><E1/><V131/><F131/><W52/><REACH who="3" step="1"/><G94/><REACH who="3" ten="303,220,332,125" step="2"/><T109/><D109/><U102/><E102/><V95/><F103/><W96/><AGARI ba="1,2" hai="2,6,8,17,20,26,42,46,49,52,54,91,92,96" machi="96" ten="20,8000,1" yaku="1,1,2,1,0,1,7,1,54,1,53,0" doraHai="113" doraHaiUra="127" who="3" fromWho="3" sc="303,-21,220,-41,332,-21,125,103" />
</Scene>
<Scene>
<INIT seed="6,0,0,0,2,0" ten="282,179,311,228" oya="2" hai0="76,43,85,11,3,108,60,93,81,129,29,125,48" hai1="132,133,58,116,39,73,106,91,78,41,13,5,7" hai2="14,126,61,86,20,26,18,40,121,123,109,22,49" hai3="46,79,4,51,100,37,72,52,134,66,24,107,119"/><V101/><F126/><W27/><G119/><T98/><D125/><U80/><E116/><V6/><F109/><W16/><G134/><N who="1" m="51818" /><E106/><V9/><F101/><W83/><G37/><T120/><D108/><U70/><E70/><V131/><F131/><W103/><G66/><T113/><D129/><U128/><E128/><V90/><F61/><W77/><G77/><T25/><D120/><U68/><E68/><V74/><F74/><W35/><G4/><N who="1" m="1610" /><E13/><V53/><F40/><W97/><G35/><T118/><D11/><U96/><E58/><V45/><REACH who="2" step="1"/><F22/><REACH who="2" ten="282,179,301,228" step="2"/><W114/><G114/><T55/><D113/><U95/><E39/><V115/><F115/><W10/><REACH who="3" step="1"/><G100/><REACH who="3" ten="282,179,301,218" step="2"/><T71/><D118/><U44/><E41/><V82/><AGARI ba="0,2" hai="6,9,14,18,20,26,45,49,53,82,86,90,121,123" machi="82" ten="20,7800,0" yaku="1,1,0,1,7,1,52,1,53,0" doraHai="0" doraHaiUra="122" who="2" fromWho="2" sc="282,-26,179,-26,301,98,218,-26" />
</Scene>
<Scene>
<INIT seed="6,1,0,0,0,100" ten="256,153,399,192" oya="2" hai0="72,102,97,78,67,107,109,17,1,46,55,113,12" hai1="19,105,124,44,115,11,32,61,14,15,133,34,135" hai2="95,52,16,70,27,36,117,130,114,89,127,64,121" hai3="111,80,93,54,60,73,98,68,47,48,75,85,58"/><V79/><F117/><W8/><G111/><T2/><D109/><U84/><E61/><V63/><F121/><W92/><G68/><T41/><D113/><U4/><E44/><V53/><F36/><W22/><G22/><T20/><D67/><U28/><E84/><V128/><F114/><W18/><G18/><T104/><D55/><U131/><E115/><V83/><F127/><W40/><G8/><T126/><D126/><U5/><E124/><V94/><F27/><W3/><G3/><T25/><D107/><U119/><E119/><V69/><F70/><W108/><G108/><T35/><D78/><U125/><E125/><V39/><F39/><W38/><G38/><T129/><D72/><U26/><E105/><V24/><F24/><W57/><G57/><T82/><D82/><U66/><E66/><V29/><F29/><W134/><G134/><N who="1" m="51210" /><E131/><N who="2" m="50219" /><F16/><W42/><G42/><T30/><REACH who="0" step="1"/><D129/><REACH who="0" ten="246,153,399,192" step="2"/><U118/><E118/><V50/><F53/><W62/><G54/><T76/><D76/><U6/><E32/><V23/><F79/><W49/><G40/><T65/><D65/><U71/><E71/><V81/><F83/><W120/><G80/><T110/><D110/><U21/><AGARI ba="1,1" hai="4,5,6,11,14,15,19,21,26,28,34" m="51210" machi="21" ten="30,4000,0" yaku="20,1,34,2" doraHai="100" who="1" fromWho="1" sc="246,-11,153,53,399,-21,192,-11" />
</Scene>
<Scene>
<INIT seed="7,0,0,5,0,127" ten="235,206,378,181" oya="3" hai0="63,40,49,86,20,54,59,27,50,106,14,107,6" hai1="43,128,33,62,36,7,112,115,134,64,118,119,83" hai2="42,97,133,85,76,72,108,41,77,1,81,129,16" hai3="91,69,34,11,73,26,109,99,123,82,2,102,29"/><W51/><G123/><T95/><D107/><U93/><E128/><V105/><F129/><W46/><G69/><T52/><D106/><U37/><E33/><V57/><F1/><W75/><G109/><T24/><D40/><U5/><E134/><V8/><F133/><W67/><G67/><T61/><D27/><U87/><E93/><V44/><F57/><W110/><G110/><T71/><D71/><N who="1" m="42391" /><E5/><V113/><F113/><N who="1" m="43593" /><E7/><V79/><F42/><W70/><G70/><T53/><D63/><U10/><E10/><V21/><F8/><W98/><G2/><T116/><D116/><N who="1" m="44587" /><E43/><V125/><F108/><W66/><G66/><N who="0" m="39231" /><D86/><U131/><E131/><V78/><F72/><W58/><G11/><N who="0" m="4471" /><D95/><U135/><E135/><V60/><F78/><AGARI ba="0,0" hai="36,37,78,83,87" m="44587,43593,42391" machi="78" ten="30,2000,0" yaku="15,1,12,1" doraHai="127" who="1" fromWho="2" sc="235,0,206,20,378,-20,181,0" owari="235,4.0,226,-17.0,358,45.0,181,-32.0" />
</Scene>
</mjloggm>