<mjloggm ver="2.3"><GO type="169" lobby="0"/><UN n0="%E5%A4%AA%E3%81%8F%E3%81%AA%E3%81%84%E3%81%8A" n1="%53%48%49%53%55%4B%45" n2="%57%49%4E%E7%A5%9E" n3="%E3%83%94%E3%82%AB%E5%90%BE%E9%83%8E" dan="18,16,17,17" rate="2292.74,2090.21,2107.63,2147.67" sx="M,M,M,M"/><TAIKYOKU oya="0"/>

<Scene>
<INIT seed="0,0,0,4,1,58" ten="250,250,250,250" oya="0" hai0="63,132,131,44,114,14,30,24,6,22,64,27,134" hai1="70,67,21,135,47,128,120,1,50,109,32,37,102" hai2="13,29,34,71,107,118,26,8,101,80,75,119,61" hai3="86,65,57,56,133,74,69,3,87,17,124,111,110"/><T81/><D114/><U97/><E120/><V93/><F93/><W103/><G74/><T16/><D131/><U121/><E121/><V68/><F13/><W42/><G103/><T18/><D44/><U25/><E37/><V28/><F29/><W23/><G42/><T115/><D115/><U76/><E1/><V35/><F8/><W46/><G46/><T19/><D81/><U85/><E128/><V62/><F35/><W55/><G3/><T117/><D117/><N who="2" m="44554" /><F80/><W89/><G69/><N who="2" m="26697" /><F75/><W84/><G89/><T49/><D49/><U100/><E100/><V45/><F45/><W15/><G87/><T92/><D92/><U116/><E85/><V94/><F94/><W5/><G86/><T95/><D95/><U40/><E76/><V20/><F34/><W2/><G5/><T88/><D88/><U0/><E32/><V38/><F38/><W129/><G2/><T104/><D27/><U106/><E0/><V60/><F101/><W4/><G4/><T12/><D104/><AGARI ba="0,0" hai="20,26,28,60,61,62,104,107" m="26697,44554" machi="104" ten="40,8000,1" yaku="12,1,52,3" doraHai="58" who="2" fromWho="0" sc="250,-80,250,0,250,80,250,0" />
</Scene>
<Scene>
<INIT seed="1,0,0,3,5,96" ten="170,250,330,250" oya="1" hai0="68,62,57,16,133,100,25,70,85,76,51,27,81" hai1="93,82,33,1,9,50,22,116,29,75,23,106,89" hai2="28,66,91,102,90,67,3,119,130,40,79,44,56" hai3="105,77,20,60,134,88,36,49,86,46,54,53,73"/><U135/><E116/><V47/><F119/><W63/><G105/><T111/><D111/><U101/><E135/><V107/><F130/><W74/><G77/><T2/><D2/><U24/><E50/><V15/><F3/><W92/><G134/><T132/><D51/><U52/><E52/><V6/><F28/><W12/><G36/><T72/><D133/><U48/><E48/><V58/><F79/><W121/><G121/><T45/><D45/><U124/><E124/><V98/><F15/><W35/><G35/><T10/><D132/><U87/><E1/><V129/><F6/><W43/><G74/><T71/><D72/><U0/><E0/><V114/><F114/><W122/><G73/><T120/><D120/><U61/><E9/><V64/><F129/><W41/><G122/><T97/><D10/><U123/><E123/><V127/><F127/><W118/><G118/><T83/><D83/><U65/><E82/><V11/><F11/><W80/><G80/><T26/><D16/><U30/><E75/><V39/><REACH who="2" step="1"/><F44/><REACH who="2" ten="170,250,320,250" step="2"/><W7/><G7/><T19/><D19/><U13/><E13/><V95/><F95/><W31/><G31/><T8/><D8/><U84/><E30/><V59/><AGARI ba="0,1" hai="39,40,47,56,58,59,64,66,67,90,91,98,102,107" machi="59" ten="30,7900,0" yaku="1,1,0,1,52,1,53,1" doraHai="96" doraHaiUra="103" who="2" fromWho="2" sc="170,-20,250,-39,320,89,250,-20" />
</Scene>
<Scene>
<INIT seed="2,0,0,5,0,43" ten="150,211,409,230" oya="2" hai0="7,51,78,0,35,72,63,127,98,12,84,100,77" hai1="48,108,105,114,9,44,61,32,111,104,54,67,106" hai2="31,79,50,17,46,70,42,81,135,20,8,11,112" hai3="73,13,119,123,131,128,47,21,83,74,96,56,85"/><V129/><F112/><W30/><G119/><T24/><D0/><U36/><E32/><V113/><F113/><W1/><G1/><T45/><D72/><U121/><E114/><V49/><F135/><W90/><G123/><T88/><D127/><U16/><E121/><V134/><F134/><W22/><G56/><T80/><D63/><U132/><E132/><V18/><F70/><W107/><G22/><T68/><D68/><U71/><REACH who="1" step="1"/><E36/><REACH who="1" ten="150,201,409,230" step="2"/><V19/><F129/><W3/><G131/><T97/><D35/><U15/><AGARI ba="0,1" hai="9,15,16,44,48,54,61,67,71,104,105,106,108,111" machi="15" ten="40,8000,1" yaku="1,1,2,1,0,1,52,1,54,1,53,0" doraHai="43" doraHaiUra="38" who="1" fromWho="1" sc="150,-20,201,90,409,-40,230,-20" />
</Scene>
<Scene>
<INIT seed="3,0,0,4,5,130" ten="130,291,369,210" oya="3" hai0="52,92,127,2,99,42,86,40,128,70,6,28,48" hai1="118,84,100,120,13,49,14,119,103,46,3,57,50" hai2="37,36,22,12,4,102,60,87,8,65,31,67,110" hai3="17,25,123,126,90,11,97,34,0,74,122,121,79"/><W89/><G79/><T16/><D70/><U98/><E3/><V111/><F102/><W93/><G74/><T56/><D128/><U38/><E120/><V81/><F31/><W1/><G126/><T117/><D117/><N who="1" m="44555" /><E38/><V75/><F75/><W104/><G104/><T129/><D129/><U24/><E24/><V66/><F60/><W73/><G73/><T26/><D127/><U62/><E84/><V132/><F132/><W134/><G134/><T18/><D86/><U131/><E131/><V63/><F63/><W64/><G64/><T30/><D2/><U5/><E5/><V108/><REACH who="2" step="1"/><F22/><REACH who="2" ten="130,291,359,210" step="2"/><W76/><G121/><T51/><D28/><U55/><E103/><V124/><F124/><W133/><G133/><T61/><D61/><U101/><E101/><V45/><F45/><W71/><G123/><T7/><D30/><U19/><E46/><V53/><F53/><W68/><G122/><T59/><D52/><U9/><E14/><V77/><AGARI ba="0,1" hai="4,8,12,36,37,65,66,67,77,81,87,108,110,111" machi="77" ten="40,5200,0" yaku="1,1,0,1,14,1,53,0" doraHai="130" doraHaiUra="32" who="2" fromWho="2" sc="130,-13,291,-13,359,62,210,-26" />
</Scene>
<Scene>
<INIT seed="4,0,0,0,1,54" ten="117,278,421,184" oya="0" hai0="69,6,19,108,135,31,129,33,7,76,64,112,97" hai1="109,24,59,124,85,96,130,122,12,63,118,11,98" hai2="49,13,51,16,126,120,75,128,23,2,89,25,115" hai3="27,104,35,17,117,30,42,86,5,99,82,14,20"/><T93/><D112/><U68/><E122/><V47/><F120/><W53/><G117/><T57/><D69/><U116/><E68/><V114/><F75/><W102/><G42/><T34/><D129/><U84/><E130/><V1/><F128/><W4/><REACH who="3" step="1"/><G53/><REACH who="3" ten="117,278,421,174" step="2"/><T71/><D108/><U29/><E109/><V48/><F115/><W46/><G46/><T21/><D135/><U90/><E118/><V15/><F47/><W100/><G100/><T3/><D71/><U43/><E43/><V73/><F114/><W32/><G32/><T83/><D33/><U40/><E40/><V10/><F126/><W8/><G8/><T70/><D70/><U91/><E124/><V80/><F10/><W79/><AGARI ba="0,1" hai="4,5,14,17,20,27,30,35,79,82,86,99,102,104" machi="79" ten="20,5200,0" yaku="1,1,0,1,7,1,53,1" doraHai="54" doraHaiUra="95" who="3" fromWho="3" sc="117,-26,278,-13,421,-13,174,62" />
</Scene>
<Scene>
<INIT seed="5,0,0,4,0,10" ten="91,265,408,236" oya="1" hai0="41,92,62,133,2,68,122,75,36,53,111,80,18" hai1="105,55,85,107,126,88,30,97,51,19,6,23,121" hai2="64,132,54,72,65,109,57,78,58,71,13,118,66" hai3="24,81,115,83,11,39,31,113,56,119,50,73,43"/><U77/><E121/><V35/><F109/><W20/><G39/><T14/><D111/><U117/><E117/><V3/><F118/><W87/><G119/><T93/><D2/><U27/><E126/><V8/><F132/><W16/><G73/><T86/><D75/><U59/><E6/><V5/><F35/><W70/><G70/><T127/><D133/><U45/><E77/><V82/><F71/><W42/><G83/><T60/><D127/><U7/><E7/><V110/><F110/><W96/><G96/><T25/><D122/><U74/><E74/><V90/><F90/><W98/><G98/><T91/><D25/><U40/><E97/><V17/><REACH who="2" step="1"/><F54/><REACH who="2" ten="91,265,398,236" step="2"/><N who="3" m="31831" /><G115/><T129/><D68/><U52/><E105/><V114/><F114/><W94/><G113/><T112/><D112/><U95/><E107/><V104/><F104/><W99/><G43/><T61/><D129/><U26/><REACH who="1" step="1"/><E59/><REACH who="1" ten="91,255,398,236" step="2"/><V48/><F48/><W123/><G123/><T32/><D36/><U15/><E15/><V9/><AGARI ba="0,2" hai="3,5,8,9,13,17,57,58,64,65,66,72,78,82" machi="9" ten="30,7900,0" yaku="1,1,0,1,52,1,53,1" doraHai="10" doraHaiUra="0" who="2" fromWho="2" sc="91,-20,255,-39,398,99,236,-20" />
</Scene>
<Scene>
<INIT seed="6,0,0,5,0,42" ten="71,216,497,216" oya="2" hai0="91,45,116,76,58,132,106,94,80,119,96,130,77" hai1="55,36,71,52,61,67,126,113,95,18,112,109,6" hai2="43,75,81,47,111,82,12,48,25,99,59,26,30" hai3="123,122,22,128,54,129,14,108,23,85,131,32,28"/><V125/><F125/><W0/><G0/><T56/><D130/><U70/><E6/><V21/><F111/><W27/><G108/><T51/><D132/><U103/><E109/><V66/><F75/><W20/><G85/><T118/><D106/><U39/><E18/><V24/><F99/><W17/><REACH who="3" step="1"/><G54/><REACH who="3" ten="71,216,497,206" step="2"/><N who="1" m="20522" /><E103/><V93/><F82/><W35/><G35/><T107/><D107/><U60/><E95/><V50/><F93/><W31/><G31/><T65/><D65/><N who="1" m="41255" /><E126/><V74/><F81/><W64/><G64/><T78/><REACH who="0" step="1"/><D80/><REACH who="0" ten="61,216,497,206" step="2"/><U117/><E117/><V11/><F66/><W86/><G86/><T1/><D1/><U16/><E67/><V29/><F74/><W10/><AGARI ba="0,2" hai="10,14,17,20,22,23,27,28,32,122,123,128,129,131" machi="10" ten="40,12000,2" yaku="1,1,0,1,19,1,34,3,53,0" doraHai="42" doraHaiUra="53" who="3" fromWho="3" sc="61,-30,216,-30,497,-60,206,140" />
</Scene>
<Scene>
<INIT seed="7,0,0,4,5,88" ten="31,186,437,346" oya="3" hai0="83,71,77,63,98,78,106,105,97,11,129,58,115" hai1="26,5,103,43,2,49,86,48,75,7,0,34,135" hai2="82,84,119,12,76,9,66,30,33,126,73,124,107" hai3="69,51,61,68,21,100,8,46,57,27,65,19,16"/><W121/><G121/><T36/><D58/><U54/><E75/><V67/><F119/><W45/><G100/><T127/><D63/><U80/><E103/><V25/><F107/><W40/><G46/><T6/><D11/><U96/><E96/><V22/><F73/><W132/><G132/><T99/><D6/><U92/><E2/><V133/><F33/><W13/><AGARI ba="0,0" hai="8,13,16,19,21,27,40,45,51,57,61,65,68,69" machi="13" ten="30,3000,0" yaku="0,1,54,1" doraHai="88" who="3" fromWho="3" sc="31,-10,186,-10,437,-10,346,30" />
</Scene>
<Scene>
<INIT seed="7,1,0,0,1,112" ten="21,176,427,376" oya="3" hai0="107,63,6,16,67,80,62,114,117,106,119,58,110" hai1="91,93,54,13,122,29,130,131,74,120,51,83,113" hai2="24,14,88,124,77,76,71,38,99,78,87,49,94" hai3="12,20,81,95,53,118,133,123,32,103,104,18,105"/><W98/><G123/><T11/><D110/><U37/><E37/><V31/><F38/><W129/><G32/><T25/><D114/><U69/><E69/><V132/><F132/><W57/><G133/><T44/><D44/><U35/><E35/><V101/><F124/><W17/><G118/><T28/><D80/><U41/><E41/><V48/><F71/><W75/><G129/><N who="1" m="49162" /><E29/><V125/><F14/><W0/><G0/><T42/><D42/><U43/><E43/><V126/><F126/><W50/><G75/><T55/><D28/><U46/><E13/><V64/><F64/><W97/><G81/><T5/><D25/><U47/><E47/><V4/><F4/><W3/><G3/><T79/><D79/><N who="1" m="44535" /><E113/><V10/><F125/><W108/><G108/><T135/><D135/><U111/><E111/><V59/><F10/><W21/><G98/><AGARI ba="1,0" hai="46,51,54,91,93,98,120,122" m="44535,49162" machi="98" ten="30,1000,0" yaku="19,1" doraHai="112" who="1" fromWho="3" sc="21,0,176,13,427,0,376,-13" owari="21,-48.0,189,-21.0,427,53.0,363,16.0" />
</Scene>
</mjloggm>