<mjloggm ver="2.3"><GO type="169" lobby="0"/><UN n0="%E6%9C%88%E3%83%9F%E7%85%A7%E2%98%86" n1="%E5%A4%AA%E3%81%8F%E3%81%AA%E3%81%84%E3%81%8A" n2="%E3%81%88%E3%81%B3%E3%82%8A%E3%82%93" n3="%E5%96%A7%E5%98%A9%E5%B8%AB%E2%98%86%E8%8A%B1%E5%B1%B1" dan="16,18,16,16" rate="2161.48,2227.53,2087.53,2165.11" sx="M,F,M,M"/><TAIKYOKU oya="0"/>

<Scene>
<INIT seed="0,0,0,5,4,3" ten="250,250,250,250" oya="0" hai0="28,31,127,87,122,71,78,106,64,45,51,50,117" hai1="35,38,34,10,111,95,72,13,43,114,89,79,40" hai2="110,101,47,82,131,130,92,25,16,76,24,134,91" hai3="118,128,53,58,88,67,135,93,65,115,39,46,104"/><T124/><D117/><U21/><E111/><V22/><F134/><W103/><G115/><T99/><D122/><U27/><E114/><V119/><F110/><W81/><G128/><N who="2" m="49193" /><F101/><W23/><G118/><T125/><D106/><U57/><E72/><N who="2" m="43271" /><F119/><W74/><G23/><T5/><D99/><U36/><E79/><V44/><F25/><W123/><G135/><T94/><D71/><U66/><E36/><V54/><F54/><W112/><G112/><T19/><D64/><U113/><E113/><V29/><F29/><W11/><G103/><T32/><D19/><U102/><E102/><V33/><F33/><W132/><G104/><T62/><D32/><U0/><E38/><V85/><AGARI ba="0,0" hai="16,22,24,44,47,85,91,92" m="43271,49193" machi="85" ten="30,2000,0" yaku="19,1,54,1" doraHai="3" who="2" fromWho="2" sc="250,-10,250,-5,250,20,250,-5" />
</Scene>
<Scene>
<INIT seed="1,0,0,4,1,91" ten="240,245,270,245" oya="1" hai0="56,109,45,110,51,31,19,92,115,65,57,0,133" hai1="20,121,28,90,107,85,129,131,76,82,119,34,134" hai2="40,81,8,70,44,42,80,30,124,6,103,54,10" hai3="97,41,38,72,79,25,135,96,35,73,75,14,33"/><U27/><E119/><V87/><F70/><W128/><G128/><N who="1" m="49226" /><E121/><V67/><F67/><W106/><G135/><T52/><D133/><U132/><E107/><V101/><F30/><W61/><G79/><T60/><D115/><U125/><E125/><V55/><F10/><W126/><G126/><T49/><D0/><U83/><E34/><V64/><F64/><W59/><G14/><T21/><D31/><U94/><E83/><V108/><F81/><W16/><G41/><T24/><REACH who="0" step="1"/><D92/><REACH who="0" ten="230,245,270,245" step="2"/><U48/><E48/><V11/><F124/><W66/><G106/><T113/><D113/><U120/><E120/><V50/><F80/><W118/><G118/><T99/><D99/><AGARI ba="0,1" hai="20,27,28,76,82,85,90,94,99,132,134" m="49226" machi="99" ten="30,2900,0" yaku="19,1,52,1" doraHai="91" who="1" fromWho="0" sc="230,-29,245,39,270,0,245,0" />
</Scene>
<Scene>
<INIT seed="1,1,0,3,2,110" ten="201,284,270,245" oya="1" hai0="83,1,126,128,104,107,36,94,134,11,112,54,35" hai1="71,76,49,78,45,7,100,89,80,12,50,62,52" hai2="97,8,88,86,119,91,32,58,106,113,115,47,18" hai3="108,31,95,109,10,117,82,6,4,98,3,56,73"/><U22/><E100/><V120/><F32/><W68/><G68/><T55/><D35/><U72/><E76/><V102/><F120/><W15/><G117/><T23/><D36/><U96/><E96/><V5/><F119/><W19/><G31/><T39/><D39/><U24/><E89/><V63/><F18/><W14/><G6/><T44/><D126/><U123/><E123/><V46/><F91/><W17/><G56/><T0/><D23/><U79/><E79/><V60/><F60/><W105/><G105/><T133/><D44/><U70/><E50/><V125/><F125/><W92/><G82/><T38/><D38/><U135/><E135/><V21/><F21/><W124/><G73/><T9/><D83/><U61/><E71/><V33/><F33/><W67/><G67/><T129/><D94/><U28/><REACH who="1" step="1"/><E70/><REACH who="1" ten="201,274,270,245" step="2"/><V66/><F47/><W84/><G98/><T2/><REACH who="0" step="1"/><D1/><REACH who="0" ten="191,274,270,245" step="2"/><U132/><E132/><V34/><F46/><W130/><G124/><T99/><D99/><U64/><E64/><V26/><F66/><W85/><G92/><T41/><D41/><U101/><E101/><V65/><F102/><W13/><G95/><T57/><D57/><U127/><E127/><V114/><F97/><W29/><G3/><T48/><D48/><U20/><E20/><V81/><F58/><W103/><G109/><T121/><D121/><U27/><E27/><V37/><F26/><W43/><G103/><T75/><D75/><U16/><E16/><V90/><F37/><W116/><G19/><T30/><D30/><U77/><E77/><V40/><F40/><RYUUKYOKU ba="1,2" sc="191,15,274,15,270,-15,245,-15" hai0="0,2,9,11,54,55,104,107,112,128,129,133,134" hai1="7,12,22,24,28,45,49,52,61,62,72,78,80" />
</Scene>
<Scene>
<INIT seed="1,2,2,5,5,98" ten="206,289,255,230" oya="1" hai0="90,39,25,75,2,60,57,26,41,34,10,5,87" hai1="72,126,82,53,74,70,33,102,133,105,62,40,37" hai2="48,31,121,78,68,44,108,104,63,14,118,15,19" hai3="88,111,11,116,30,46,54,42,17,83,94,56,38"/><U18/><E18/><V86/><F104/><W66/><G111/><T12/><D75/><U52/><E33/><V125/><F108/><W16/><G116/><T21/><D39/><U35/><E35/><V51/><F121/><W101/><G30/><T84/><D41/><U36/><E133/><V131/><F118/><W119/><G119/><T28/><D90/><U132/><E132/><V128/><F31/><W99/><G66/><T27/><D27/><U93/><E105/><V113/><F113/><W112/><G112/><T79/><D79/><U4/><E4/><V97/><F97/><W23/><G11/><T55/><REACH who="0" step="1"/><D26/><REACH who="0" ten="196,289,255,230" step="2"/><U24/><E24/><V3/><F131/><W69/><G69/><T127/><D127/><U110/><E126/><V0/><F128/><W85/><REACH who="3" step="1"/><G23/><REACH who="3" ten="196,289,255,220" step="2"/><T91/><D91/><U29/><E110/><V115/><F125/><W65/><G65/><T120/><D120/><U130/><E130/><V59/><F115/><W107/><G107/><T77/><D77/><U50/><E70/><V89/><F68/><W100/><G100/><T76/><D76/><U114/><E114/><V22/><F78/><W135/><G135/><T73/><D73/><U47/><E74/><V67/><F22/><W103/><G103/><T92/><D92/><U49/><E72/><V64/><F67/><W8/><G8/><T43/><D43/><U7/><E93/><V45/><F64/><W96/><G96/><T122/><D122/><U129/><E129/><V123/><F123/><W58/><G58/><T95/><D95/><U109/><E109/><V124/><F124/><RYUUKYOKU ba="2,4" sc="196,15,289,-15,255,-15,220,15" hai0="2,5,10,12,21,25,28,34,55,57,60,84,87" hai3="16,17,38,42,46,54,56,83,85,88,94,99,101" />
</Scene>
<Scene>
<INIT seed="2,3,4,1,0,74" ten="211,274,240,235" oya="2" hai0="27,99,29,126,19,58,32,52,111,53,67,120,122" hai1="134,102,127,61,81,135,118,9,103,92,83,128,75" hai2="1,117,110,79,131,95,50,11,62,121,6,109,94" hai3="57,64,119,69,100,105,43,114,76,123,91,44,87"/><V8/><F121/><W12/><G123/><T59/><D111/><N who="2" m="42506" /><F117/><W49/><G119/><T51/><D126/><U101/><E118/><V33/><F33/><W108/><G108/><T96/><D67/><U55/><E127/><V38/><F38/><W36/><G114/><T97/><REACH who="0" step="1"/><D19/><REACH who="0" ten="201,274,240,235" step="2"/><U60/><E134/><V56/><F131/><W47/><G64/><T113/><D113/><U28/><E135/><V89/><F11/><W15/><G69/><T71/><D71/><U72/><E9/><V13/><F1/><W21/><G36/><T3/><D3/><U54/><E128/><V63/><F13/><W4/><G12/><T46/><D46/><U7/><E7/><V88/><F6/><W133/><G44/><T41/><D41/><U17/><E17/><V10/><F10/><W65/><G47/><T82/><D82/><U129/><E129/><V84/><F8/><W30/><G43/><T23/><D23/><U68/><E68/><V37/><F56/><W116/><G57/><T18/><D18/><U22/><E22/><V39/><F39/><W106/><G21/><T14/><D14/><U31/><E83/><N who="2" m="47231" /><F37/><W5/><G5/><T20/><D20/><U130/><E130/><V0/><F0/><W77/><G4/><T45/><D45/><U16/><E16/><V125/><F125/><W104/><G15/><T73/><D73/><U25/><E75/><V2/><F2/><W90/><G65/><T24/><D24/><U93/><E25/><V70/><F70/><W124/><G124/><T78/><D78/><U112/><E112/><V42/><F42/><RYUUKYOKU ba="3,5" sc="201,30,274,-10,240,-10,235,-10" hai0="27,29,32,51,52,53,58,59,96,97,99,120,122" />
</Scene>
<Scene>
<INIT seed="3,4,5,2,0,96" ten="231,264,230,225" oya="3" hai0="110,100,107,17,133,18,114,50,39,115,32,73,75" hai1="118,74,86,121,42,103,13,84,29,10,93,128,71" hai2="87,33,111,3,91,83,70,109,132,72,135,124,44" hai3="12,54,66,119,24,68,99,88,51,57,15,95,9"/><W104/><G119/><T34/><D39/><U38/><E121/><V16/><F70/><W0/><G104/><T129/><D110/><N who="2" m="41994" /><F3/><W21/><G68/><T4/><D133/><N who="2" m="51274" /><F33/><N who="0" m="12906" /><D4/><U1/><E1/><V31/><F31/><W101/><G66/><T89/><D89/><U125/><E74/><N who="0" m="28169" /><D50/><U20/><E71/><V55/><F72/><W98/><G98/><N who="0" m="61847" /><D129/><U49/><E38/><V85/><F55/><W46/><G0/><T6/><D6/><U122/><E128/><V61/><F61/><N who="3" m="36023" /><G9/><T67/><D67/><U127/><E10/><V8/><F44/><W102/><G15/><T78/><D78/><U81/><E13/><N who="2" m="7207" /><F87/><W64/><G64/><T22/><D22/><U131/><E20/><V52/><F52/><N who="3" m="29815" /><G12/><T94/><D94/><U30/><E93/><V116/><F116/><W92/><G92/><T117/><D117/><U108/><E118/><V5/><F5/><W58/><G58/><T76/><D76/><U105/><E108/><V19/><F19/><AGARI ba="4,5" hai="19,21,24,88,95,99,101,102" m="29815,36023" machi="19" ten="30,18000,2" yaku="25,1,8,1,52,2,54,2" doraHai="96" who="3" fromWho="2" sc="231,0,264,0,230,-192,225,242" />
</Scene>
<Scene>
<INIT seed="3,5,0,0,0,133" ten="231,264,38,467" oya="3" hai0="66,132,3,4,96,59,16,9,20,101,104,123,87" hai1="44,79,69,92,62,97,128,15,103,90,135,84,17" hai2="119,131,99,108,72,110,120,53,122,130,111,5,52" hai3="13,28,71,58,10,7,36,115,91,54,61,80,31"/><W68/><G36/><T113/><D123/><N who="2" m="47146" /><F72/><W126/><G115/><T42/><D132/><U63/><E135/><V89/><F5/><W25/><G31/><T40/><D113/><U43/><E128/><N who="2" m="49195" /><F119/><W76/><G91/><T100/><D100/><U48/><E69/><V124/><F124/><W19/><G126/><T106/><D106/><U23/><REACH who="1" step="1"/><E79/><REACH who="1" ten="231,254,38,467" step="2"/><V51/><F51/><W114/><G114/><T83/><D66/><U112/><E112/><V77/><F77/><W12/><G71/><T105/><D105/><AGARI ba="5,1" hai="15,17,23,43,44,48,62,63,84,90,92,97,103,105" machi="105" ten="30,2000,0" yaku="1,1,7,1,53,0" doraHai="133" doraHaiUra="116" who="1" fromWho="0" sc="231,-35,254,45,38,0,467,0" />
</Scene>
<Scene>
<INIT seed="4,0,0,5,2,10" ten="196,299,38,467" oya="0" hai0="109,132,68,53,114,43,110,12,58,105,16,101,36" hai1="73,1,29,115,48,5,41,90,46,9,77,74,52" hai2="57,14,131,7,3,67,78,93,51,99,13,86,83" hai3="94,76,40,97,100,89,91,123,96,28,82,19,71"/><T72/><D72/><U95/><E29/><V75/><F131/><W70/><G40/><T56/><D68/><U121/><E121/><V0/><F75/><W21/><G28/><T45/><D114/><U31/><E31/><V24/><F24/><W8/><G8/><T60/><D132/><U23/><E23/><V84/><F84/><W122/><G71/><T102/><D58/><U11/><E115/><V26/><F7/><W116/><G70/><T55/><D55/><U111/><E111/><N who="0" m="42505" /><D105/><U22/><E22/><AGARI ba="0,0" hai="12,16,22,36,43,45,53,56,60,101,102" m="42505" machi="22" ten="30,5800,0" yaku="10,1,52,1,54,1" doraHai="10" who="0" fromWho="1" sc="196,58,299,-58,38,0,467,0" />
</Scene>
<Scene>
<INIT seed="4,1,0,4,4,111" ten="254,241,38,467" oya="0" hai0="25,12,97,56,40,96,19,125,74,76,54,63,93" hai1="102,130,9,90,29,94,123,89,86,120,5,50,103" hai2="53,133,60,112,1,58,85,43,44,72,128,127,30" hai3="67,115,0,134,46,49,84,101,91,65,15,3,105"/><T28/><D125/><U129/><E29/><V10/><F72/><W20/><G134/><T71/><D71/><U22/><E22/><V69/><F127/><W114/><G105/><T87/><D74/><U52/><E90/><V83/><F128/><N who="1" m="49257" /><E102/><V99/><F133/><W66/><G101/><T110/><D110/><U113/><E103/><V131/><F99/><W37/><G37/><T73/><D73/><U48/><E113/><N who="3" m="43018" /><G15/><T109/><D109/><U98/><E86/><V36/><F112/><W78/><G78/><T77/><D77/><U122/><E52/><V82/><F131/><W6/><G20/><N who="0" m="15399" /><D76/><U42/><E42/><V11/><F30/><W117/><G6/><T57/><D40/><U59/><E59/><V32/><F69/><W68/><G68/><T33/><D57/><U88/><E89/><V2/><F2/><AGARI ba="1,0" hai="2,5,9,48,50,88,94,98,120,122,123" m="49257" machi="2" ten="40,2600,0" yaku="19,1,54,1" doraHai="111" who="1" fromWho="2" sc="254,0,241,29,38,-29,467,0" />
</Scene>
<Scene>
<INIT seed="5,0,0,0,5,102" ten="254,270,9,467" oya="1" hai0="77,125,18,114,109,52,78,110,93,36,107,56,79" hai1="112,117,8,131,76,60,89,16,108,51,83,103,69" hai2="20,96,84,124,71,94,99,28,97,42,74,62,82" hai3="100,59,27,68,43,67,38,6,19,66,33,111,92"/><U75/><E117/><V72/><F42/><W113/><G59/><T85/><D36/><U57/><E112/><V86/><F71/><W73/><G6/><T104/><D114/><U88/><E131/><V91/><F62/><W122/><G73/><N who="2" m="28265" /><F28/><W130/><G92/><T50/><D125/><U63/><E108/><V21/><F21/><W115/><G100/><T13/><D110/><U35/><E35/><V10/><F10/><W126/><G122/><T118/><D118/><U22/><E103/><N who="2" m="60823" /><F20/><W1/><G33/><T80/><D109/><U90/><E8/><V123/><F123/><W54/><G68/><T17/><D93/><U11/><E11/><V116/><F116/><W40/><G126/><T4/><D4/><U65/><E51/><V55/><F55/><W129/><G54/><T46/><D56/><U31/><E31/><V101/><F124/><W87/><G111/><T61/><D61/><U30/><E30/><V98/><F86/><W105/><G87/><T3/><D3/><U29/><E29/><V0/><F0/><W9/><G1/><T44/><D44/><U12/><E63/><V132/><F132/><W25/><G9/><N who="0" m="6319" /><D18/><U39/><E39/><V2/><F2/><W70/><G70/><T53/><D53/><U64/><E69/><V81/><F81/><W95/><G38/><T120/><D120/><U134/><E134/><V128/><F128/><W14/><G115/><T24/><D24/><U121/><E121/><V7/><F7/><W49/><G113/><T127/><D127/><U48/><E60/><V135/><F135/><W41/><G130/><RYUUKYOKU ba="0,0" sc="254,10,270,10,9,10,467,-30" hai0="46,50,52,77,78,79,80,85,104,107" hai1="12,16,22,48,57,64,65,75,76,83,88,89,90" hai2="82,84,91,97,98,99,101" />
</Scene>
<Scene>
<INIT seed="5,1,0,2,0,35" ten="264,280,19,437" oya="1" hai0="8,100,30,23,132,85,128,111,73,95,125,43,122" hai1="123,102,22,89,0,37,2,62,120,121,93,106,96" hai2="32,61,53,133,21,48,103,82,52,68,80,131,79" hai3="33,19,28,67,119,105,69,90,14,91,113,29,51"/><U134/><E134/><V55/><F32/><W63/><G113/><T75/><D111/><U59/><E37/><V50/><F133/><W116/><G105/><T12/><D132/><U110/><E110/><V27/><F131/><W3/><G3/><T108/><D108/><U44/><E44/><V65/><F103/><W107/><G107/><T31/><D128/><U36/><E36/><V15/><F15/><W56/><G51/><T5/><D125/><U10/><E10/><V74/><REACH who="2" step="1"/><F82/><REACH who="2" ten="264,280,9,437" step="2"/><W26/><G33/><T13/><D100/><U18/><E102/><V16/><AGARI ba="1,1" hai="16,21,27,48,50,52,53,55,61,65,68,74,79,80" machi="16" ten="30,8000,1" yaku="1,1,2,1,0,1,54,2,53,0" doraHai="35" doraHaiUra="81" who="2" fromWho="2" sc="264,-21,280,-41,9,93,437,-21" />
</Scene>
<Scene>
<INIT seed="6,0,0,5,5,131" ten="243,239,102,416" oya="2" hai0="115,102,24,47,42,74,44,49,19,61,58,26,108" hai1="119,105,95,85,57,133,90,77,46,134,129,126,50" hai2="94,30,103,70,112,127,27,123,101,16,69,12,32" hai3="81,48,59,83,80,99,124,31,97,21,93,6,55"/><V76/><F123/><W62/><G124/><T114/><D108/><U52/><E119/><V67/><F127/><W116/><G116/><T128/><D74/><U98/><E126/><V118/><F118/><W109/><G109/><T35/><D128/><U54/><E129/><V2/><F2/><W121/><G6/><T78/><D78/><U36/><E36/><V66/><F112/><N who="0" m="43050" /><D35/><U22/><E22/><V91/><F76/><W89/><G121/><T3/><D3/><U23/><E23/><V65/><F70/><W73/><G73/><T117/><D117/><U18/><E18/><V40/><F40/><W130/><G130/><T10/><D102/><U72/><E72/><V64/><N who="2" m="16384" /><DORA hai="92" /><V110/><F110/><W53/><G21/><T113/><D47/><U38/><E105/><V104/><F104/><W41/><G31/><T1/><D113/><U135/><E38/><V68/><F68/><W111/><G41/><T0/><D19/><U13/><E13/><V107/><F107/><W43/><G43/><T79/><D79/><U37/><E37/><V84/><REACH who="2" step="1"/><F69/><REACH who="2" ten="243,239,92,416" step="2"/><W9/><G111/><T75/><D0/><U60/><E77/><V8/><AGARI ba="0,1" hai="8,12,16,27,30,32,84,91,94,101,103" m="16384" machi="8" ten="40,12000,1" yaku="1,1,2,1,0,1,54,1,53,1" doraHai="131,92" doraHaiUra="45,82" who="2" fromWho="2" sc="243,-40,239,-40,92,130,416,-40" />
</Scene>
<Scene>
<INIT seed="6,1,0,2,0,108" ten="203,199,222,376" oya="2" hai0="37,4,79,23,115,27,73,7,69,21,77,98,133" hai1="94,118,17,134,48,93,58,50,20,128,8,114,78" hai2="52,125,10,12,9,76,132,11,71,38,42,44,54" hai3="119,113,61,87,45,85,60,28,65,25,95,5,14"/><V47/><F71/><W33/><G119/><T102/><D37/><U36/><E118/><V83/><F125/><W110/><G113/><T80/><D115/><U13/><E114/><V135/><F12/><W41/><G110/><T92/><D69/><U49/><E36/><V70/><F70/><W127/><G95/><N who="1" m="36362" /><E134/><N who="2" m="51243" /><F47/><W46/><G127/><T86/><D133/><U99/><E128/><V81/><F81/><W51/><G61/><T68/><D68/><U53/><E99/><V105/><F105/><W35/><G35/><T104/><D79/><U19/><E78/><V34/><F34/><W40/><G60/><T66/><D66/><U64/><E64/><V100/><F100/><W62/><G62/><T26/><D23/><U24/><AGARI ba="1,0" hai="8,13,17,19,20,24,48,49,50,53,58" m="36362" machi="24" ten="30,1100,0" yaku="8,1" doraHai="108" who="1" fromWho="1" sc="203,-4,199,14,222,-6,376,-4" />
</Scene>
<Scene>
<INIT seed="7,0,0,1,0,63" ten="199,213,216,372" oya="3" hai0="52,90,94,112,44,75,100,13,20,41,68,124,84" hai1="21,6,24,48,61,42,93,10,12,50,116,117,133" hai2="130,120,62,31,32,103,122,40,15,91,39,76,96" hai3="36,129,111,17,46,82,29,77,58,70,64,27,88"/><W99/><G17/><N who="0" m="10287" /><D75/><U69/><E133/><V72/><F130/><W35/><G58/><T79/><D124/><U134/><E134/><V98/><F39/><W132/><G88/><T123/><D123/><N who="2" m="47146" /><F40/><W109/><G99/><N who="2" m="37929" /><F103/><W65/><G129/><T95/><D68/><U45/><E93/><V8/><F91/><W66/><G70/><T128/><D128/><U0/><E0/><V7/><F62/><W49/><G36/><T80/><D112/><U43/><E61/><V87/><F87/><W23/><G35/><T9/><D41/><U2/><E2/><V25/><F76/><W34/><G34/><T73/><D73/><AGARI ba="0,0" hai="7,8,15,25,31,32,72,73" m="37929,47146" machi="73" ten="30,1000,0" yaku="13,1" doraHai="63" who="2" fromWho="0" sc="199,-10,213,0,216,10,372,0" owari="189,-31.0,213,-19.0,226,3.0,372,47.0" />
</Scene>
</mjloggm>