<mjloggm ver="2.3"><GO type="169" lobby="0"/><UN n0="%E2%80%A0%58%54%45%4E%44%E2%80%A0" n1="%E5%A4%AA%E3%81%8F%E3%81%AA%E3%81%84%E3%81%8A" n2="%43%48%49%52%4F%52%55" n3="%E3%81%86%E3%81%83%E3%83%BC%E3%81%A1%E3%82%83%E3%82%93" dan="16,18,17,17" rate="2119.99,2243.26,2190.17,2224.76" sx="F,M,M,M"/><TAIKYOKU oya="0"/>

<Scene>
<INIT seed="0,0,0,5,0,52" ten="250,250,250,250" oya="0" hai0="33,113,32,123,116,0,11,114,117,73,85,84,68" hai1="132,80,78,76,110,106,69,50,125,34,134,93,128" hai2="118,40,109,45,13,75,14,49,100,59,101,58,37" hai3="62,54,74,129,60,70,51,126,20,35,48,89,94"/><T98/><D68/><U79/><E34/><N who="0" m="13417" /><D73/><U38/><E38/><V67/><F75/><W7/><G35/><T131/><D98/><U47/><E106/><V121/><F121/><W28/><G74/><T90/><D85/><U56/><E69/><V92/><F109/><W19/><G126/><T24/><D84/><U105/><E105/><V71/><F118/><N who="0" m="45674" /><D90/><U55/><E110/><V30/><F30/><W135/><G28/><T57/><D57/><N who="2" m="21514" /><F37/><W104/><G104/><T10/><D123/><U15/><E125/><V130/><F130/><W44/><G70/><T64/><D64/><U97/><E128/><V63/><F71/><W42/><G129/><T9/><D131/><U102/><E80/><V21/><F67/><W111/><G111/><T115/><D24/><U46/><E46/><V41/><F63/><W29/><G62/><T66/><D66/><U122/><E47/><V127/><F127/><W18/><G60/><T26/><D26/><U16/><REACH who="1" step="1"/><E122/><REACH who="1" ten="250,240,250,250" step="2"/><V82/><F41/><W6/><G42/><T53/><D53/><U91/><E91/><V95/><F82/><W65/><G54/><T103/><D103/><N who="2" m="39498" /><F21/><AGARI ba="0,1" hai="15,16,21,50,55,56,76,78,79,93,97,102,132,134" machi="21" ten="40,5200,0" yaku="1,1,52,1,54,1,53,0" doraHai="52" doraHaiUra="119" who="1" fromWho="2" sc="250,0,240,62,250,-52,250,0" />
</Scene>
<Scene>
<INIT seed="1,0,0,2,5,72" ten="250,302,198,250" oya="1" hai0="109,78,73,43,21,132,36,27,55,69,97,119,92" hai1="61,41,19,40,23,75,103,112,63,18,95,93,28" hai2="79,85,66,24,20,50,74,99,122,22,53,125,54" hai3="2,45,70,4,110,80,102,3,67,118,131,49,35"/><U8/><E75/><V111/><F74/><W107/><G118/><T82/><D119/><U116/><E116/><V33/><F122/><W88/><G35/><T108/><D69/><U31/><E112/><V42/><F111/><N who="0" m="42570" /><D132/><U105/><E105/><V101/><F125/><W11/><G110/><T9/><D55/><U71/><E71/><V14/><F33/><W30/><G131/><T59/><D59/><U48/><E23/><V64/><F42/><W17/><G2/><T89/><D9/><U104/><E104/><V5/><F54/><W10/><G30/><N who="0" m="17775" /><D43/><U51/><REACH who="1" step="1"/><E103/><REACH who="1" ten="250,292,198,250" step="2"/><V113/><F101/><W44/><G102/><T94/><D92/><U100/><E100/><V129/><F113/><W58/><G107/><T130/><D36/><U25/><E25/><V84/><F24/><W126/><G70/><T47/><D130/><U135/><E135/><V90/><F129/><W52/><G126/><T124/><D124/><U91/><E91/><V34/><F90/><W83/><G88/><T62/><D73/><U16/><E16/><V39/><F22/><W127/><G17/><T29/><D29/><U26/><E26/><V65/><F20/><W133/><G127/><T60/><D89/><U32/><E32/><V128/><F34/><W56/><G133/><T98/><D94/><U38/><E38/><V120/><F39/><W6/><G83/><T86/><D98/><U96/><E96/><V68/><F99/><W121/><G80/><T87/><D97/><U114/><E114/><V115/><F128/><W7/><G121/><T77/><D87/><N who="2" m="33354" /><F115/><W37/><G37/><RYUUKYOKU ba="0,1" sc="250,-10,292,30,198,-10,250,-10" hai1="8,18,19,28,31,40,41,48,51,61,63,93,95" />
</Scene>
<Scene>
<INIT seed="1,1,1,2,3,22" ten="240,322,188,240" oya="1" hai0="42,34,30,69,56,89,9,3,28,63,99,40,8" hai1="12,32,10,18,35,132,109,70,7,121,45,50,98" hai2="4,33,128,94,113,90,83,44,110,26,95,91,19" hai3="78,68,65,37,16,27,25,87,127,59,115,57,20"/><U61/><E121/><V82/><F110/><W72/><G37/><T43/><D69/><U64/><E132/><V130/><F113/><W47/><G115/><T96/><D3/><U118/><E118/><V97/><F4/><W54/><G72/><T52/><D99/><U105/><E109/><V131/><F44/><W102/><G127/><T124/><D124/><U76/><E76/><V11/><F11/><N who="0" m="4170" /><D34/><U119/><E119/><V17/><F33/><W51/><G68/><T93/><AGARI ba="1,1" hai="28,30,40,42,43,52,56,63,89,93,96" m="4170" machi="93" ten="30,2000,0" yaku="8,1,54,1" doraHai="22" who="0" fromWho="0" sc="240,33,322,-11,188,-6,240,-6" />
</Scene>
<Scene>
<INIT seed="2,0,0,3,1,68" ten="273,311,182,234" oya="2" hai0="0,2,108,9,72,8,104,127,92,35,23,28,37" hai1="116,21,45,78,107,42,123,41,56,91,66,130,126" hai2="13,111,115,27,131,119,19,61,110,18,87,70,65" hai3="59,53,6,75,50,125,80,82,129,58,47,128,54"/><V55/><F115/><W135/><G6/><T7/><D104/><U103/><E116/><V51/><F119/><W46/><G75/><T133/><D72/><U63/><E78/><V16/><F131/><W114/><G114/><T101/><D35/><U4/><E130/><N who="3" m="50282" /><G80/><T20/><D108/><N who="2" m="41514" /><F87/><W29/><G29/><T15/><D127/><U33/><E126/><V84/><F84/><W43/><G82/><T3/><D133/><U102/><E123/><V44/><F27/><W93/><G93/><T97/><D37/><U5/><E33/><V86/><F86/><W106/><G106/><T62/><D62/><U113/><E113/><V24/><F24/><W121/><G121/><T95/><D95/><U74/><E74/><V39/><F39/><N who="3" m="21887" /><G125/><T94/><D94/><U122/><E122/><V89/><F89/><W22/><G22/><AGARI ba="0,0" hai="13,16,18,19,22,44,51,55,61,65,70" m="41514" machi="22" ten="30,5800,0" yaku="14,1,10,1,54,1" doraHai="68" who="2" fromWho="3" sc="273,0,311,0,182,58,234,-58" />
</Scene>
<Scene>
<INIT seed="2,1,0,5,4,24" ten="273,311,240,176" oya="2" hai0="16,100,69,10,131,129,32,118,70,19,103,49,41" hai1="6,28,15,80,111,29,134,55,30,23,57,60,45" hai2="93,13,1,97,47,110,67,56,7,54,77,132,124" hai3="48,87,116,9,0,73,98,37,26,125,25,133,106"/><V20/><F132/><W117/><G37/><T38/><D38/><U89/><E111/><V99/><F124/><W46/><G73/><T14/><D118/><U92/><E134/><V121/><F121/><W74/><G74/><T75/><D75/><U78/><E45/><V59/><F1/><W130/><G130/><N who="0" m="49675" /><D32/><U104/><E104/><V63/><F110/><W65/><G125/><T12/><D49/><U17/><E6/><V35/><F35/><W64/><G48/><T81/><D81/><U109/><E109/><V2/><F2/><W82/><G0/><T107/><D41/><U102/><E102/><N who="0" m="38953" /><D107/><U72/><REACH who="1" step="1"/><E29/><REACH who="1" ten="273,301,240,176" step="2"/><V112/><F47/><W22/><G133/><T11/><AGARI ba="1,1" hai="10,11,12,14,16,19,69,70" m="38953,49675" machi="11" ten="30,2000,0" yaku="19,1,54,1" doraHai="24" who="0" fromWho="0" sc="273,33,301,-6,240,-11,176,-6" />
</Scene>
<Scene>
<INIT seed="3,0,0,2,4,102" ten="306,295,229,170" oya="3" hai0="93,99,80,90,21,105,42,50,57,58,23,133,116" hai1="48,41,131,74,132,63,64,10,17,19,98,69,106" hai2="4,5,89,82,53,47,68,77,15,104,92,67,79" hai3="18,111,13,59,6,2,81,124,110,134,43,94,113"/><W38/><G113/><T16/><D116/><U78/><E132/><V126/><F126/><W33/><G33/><T100/><D133/><U0/><E131/><V86/><F79/><W83/><G134/><T62/><D80/><U44/><E74/><V75/><F68/><W11/><G124/><T97/><D23/><U71/><E78/><V127/><F67/><W125/><G125/><T1/><D1/><U66/><E0/><V88/><F127/><W37/><G94/><T117/><D117/><U120/><E120/><V32/><F32/><W96/><G96/><T108/><D108/><N who="3" m="41513" /><G59/><T31/><D31/><U72/><E72/><V128/><F128/><W70/><G70/><T54/><D42/><U25/><E10/><V34/><F34/><W65/><G65/><T61/><REACH who="0" step="1"/><D58/><REACH who="0" ten="296,295,229,170" step="2"/><U76/><E41/><V109/><F109/><W26/><G43/><T3/><D3/><U135/><E135/><V103/><F47/><W107/><G83/><T118/><D118/><U49/><E44/><V35/><F35/><W7/><G81/><T39/><D39/><U122/><E69/><V84/><F82/><W36/><G2/><T60/><D60/><U115/><E63/><V22/><F22/><N who="3" m="13655" /><G7/><T123/><D123/><U24/><E122/><V20/><F4/><W40/><G40/><T91/><D91/><U112/><E71/><V87/><F5/><W45/><G45/><T73/><D73/><U129/><E76/><V55/><F77/><W114/><G114/><T51/><D51/><U9/><E129/><V29/><F75/><W95/><G36/><T101/><D101/><RYUUKYOKU ba="0,1" sc="296,30,295,-10,229,-10,170,-10" hai0="16,21,50,54,57,61,62,90,93,97,99,100,105" />
</Scene>
<Scene>
<INIT seed="4,1,1,3,0,116" ten="326,285,219,160" oya="0" hai0="39,54,66,42,44,22,7,61,21,133,126,37,32" hai1="110,79,82,13,104,60,68,75,28,27,56,25,74" hai2="10,47,70,105,43,98,106,130,65,9,2,99,115" hai3="97,108,102,48,19,88,11,118,49,52,125,30,77"/><T95/><D32/><U53/><E110/><V73/><F115/><W15/><G108/><T135/><D126/><U134/><E104/><V127/><F127/><W107/><G125/><T91/><D39/><U85/><E134/><N who="0" m="51209" /><D54/><U8/><E68/><V120/><F130/><W38/><G38/><T67/><D7/><U31/><E25/><V103/><F73/><W36/><G36/><T101/><D101/><U69/><E69/><V117/><F117/><W123/><G123/><T40/><D40/><U55/><E28/><V109/><F120/><W124/><G124/><T51/><D37/><U129/><E55/><V5/><F109/><W29/><G48/><T87/><D66/><U4/><REACH who="1" step="1"/><E129/><REACH who="1" ten="326,275,219,160" step="2"/><V0/><F106/><W17/><G118/><T57/><AGARI ba="1,2" hai="21,22,42,44,51,57,61,67,87,91,95" m="51209" machi="57" ten="30,1500,0" yaku="20,1" doraHai="116" who="0" fromWho="0" sc="326,38,275,-6,219,-6,160,-6" />
</Scene>
<Scene>
<INIT seed="4,2,0,1,0,66" ten="364,269,213,154" oya="0" hai0="59,114,109,130,69,33,31,132,96,95,17,12,49" hai1="25,90,64,0,22,118,65,15,120,99,24,93,91" hai2="103,102,100,39,52,125,79,121,3,40,71,21,123" hai3="28,134,23,35,74,68,78,46,107,54,115,44,80"/><T51/><D69/><U128/><E0/><V89/><F125/><W29/><G107/><T41/><D114/><U70/><E118/><V62/><F3/><W55/><G115/><T81/><D130/><U47/><E120/><V122/><F79/><W45/><G35/><T26/><D132/><U75/><E75/><V108/><F108/><W83/><G134/><T6/><D6/><U124/><E124/><V88/><F21/><W57/><G23/><T11/><D109/><U42/><E128/><V110/><F110/><W7/><G7/><T94/><D94/><U97/><E15/><V104/><F104/><W32/><G32/><T53/><D81/><U87/><E70/><V119/><F119/><W10/><G10/><T14/><D14/><U131/><E131/><V34/><F34/><W86/><G68/><T50/><REACH who="0" step="1"/><D41/><REACH who="0" ten="354,269,213,154" step="2"/><U38/><E25/><V43/><F71/><W58/><G83/><T60/><D60/><U112/><E112/><V9/><F62/><W63/><REACH who="3" step="1"/><G74/><REACH who="3" ten="354,269,213,144" step="2"/><T19/><D19/><U2/><E2/><V113/><F113/><W37/><G37/><T85/><D85/><U76/><E87/><V77/><F39/><W36/><G36/><T8/><D8/><U84/><E84/><V92/><F9/><W98/><G98/><T82/><D82/><U72/><E72/><V61/><F123/><W129/><G129/><T133/><D133/><U18/><E99/><N who="2" m="57735" /><F122/><W13/><G13/><T27/><D27/><U111/><E38/><V105/><F121/><W117/><G117/><T20/><D20/><U67/><E111/><V16/><F105/><RYUUKYOKU ba="2,2" sc="354,15,269,-15,213,-15,144,15" hai0="11,12,17,26,31,33,49,50,51,53,59,95,96" hai3="28,29,44,45,46,54,55,57,58,63,78,80,86" />
</Scene>
<Scene>
<INIT seed="4,3,2,3,3,114" ten="369,254,198,159" oya="0" hai0="88,35,33,80,112,75,62,129,86,72,47,115,42" hai1="82,65,8,84,121,101,104,7,70,19,94,29,23" hai2="10,134,120,131,5,11,119,77,51,126,53,97,30" hai3="91,38,83,113,32,17,46,26,2,79,133,37,58"/><T110/><D110/><U103/><E104/><V73/><F120/><W125/><G2/><T78/><D129/><U41/><E121/><V132/><F131/><W63/><G113/><N who="0" m="43595" /><D62/><U98/><E41/><V3/><F126/><W49/><G91/><T50/><D75/><U124/><E124/><V74/><F77/><W100/><G100/><T40/><D42/><U127/><E127/><V87/><F87/><W105/><G105/><T106/><D106/><U128/><E128/><V43/><F43/><W24/><G133/><N who="2" m="51305" /><F119/><W69/><G79/><T123/><D123/><U31/><E103/><V130/><F130/><W9/><G38/><T118/><D118/><U48/><E48/><V21/><F11/><W64/><G37/><T99/><D99/><U108/><E108/><V92/><F21/><W0/><G9/><T52/><D40/><U71/><E71/><V111/><F30/><W44/><G125/><T57/><D47/><U109/><E109/><V18/><F18/><W89/><G46/><T116/><D116/><U39/><E39/><V54/><F111/><W107/><G17/><T122/><D122/><U117/><E117/><V68/><F68/><W6/><G69/><T25/><D25/><N who="1" m="14591" /><E70/><V14/><F3/><W1/><G1/><T95/><AGARI ba="3,2" hai="33,35,50,52,57,72,78,80,86,88,95" m="43595" machi="95" ten="30,6000,0" yaku="15,1,54,2" doraHai="114" who="0" fromWho="0" sc="369,89,254,-23,198,-23,159,-23" />
</Scene>
<Scene>
<INIT seed="4,4,0,3,0,59" ten="458,231,175,136" oya="0" hai0="98,40,77,69,25,68,65,122,80,62,96,49,35" hai1="107,111,83,97,66,105,12,128,130,39,22,21,135" hai2="73,99,53,120,11,9,108,100,46,61,36,37,131" hai3="43,113,71,114,78,89,95,50,18,110,0,42,79"/><T132/><D69/><U5/><E111/><V85/><F108/><W86/><G71/><T24/><D122/><U33/><E33/><V47/><F73/><W90/><G110/><T67/><D67/><U48/><E39/><V129/><F120/><W134/><G0/><T6/><D6/><U125/><E125/><V28/><F85/><W7/><G7/><T15/><D15/><U75/><E135/><V26/><F37/><W30/><G30/><T94/><D35/><U84/><E75/><V93/><F36/><W38/><G38/><T64/><D64/><U133/><E133/><V16/><F46/><W8/><G8/><T52/><D98/><U119/><E119/><V121/><F121/><W116/><G18/><T82/><D82/><U1/><E1/><V51/><F61/><W44/><G42/><T81/><D81/><U126/><E66/><V45/><F45/><W13/><G13/><T55/><D55/><U123/><E123/><V124/><F124/><W2/><G2/><T60/><D40/><U4/><E126/><V17/><F9/><W109/><G109/><T29/><D65/><U88/><E48/><V112/><F112/><W103/><G134/><T23/><D24/><U70/><E70/><V41/><F41/><W91/><G116/><T87/><D68/><U34/><E34/><N who="2" m="20759" /><F11/><W101/><G114/><T14/><D14/><U56/><E4/><V32/><F32/><W54/><G113/><T127/><D132/><U57/><E5/><V74/><F74/><W72/><G72/><T19/><D127/><U104/><E12/><V27/><F27/><RYUUKYOKU ba="4,0" sc="458,-10,231,-10,175,30,136,-10" hai2="16,17,47,51,53,93,99,100,129,131" />
</Scene>
<Scene>
<INIT seed="5,5,0,4,5,87" ten="448,221,205,126" oya="1" hai0="66,34,109,48,7,91,28,22,37,88,39,90,58" hai1="106,78,86,30,15,99,50,81,119,117,100,17,95" hai2="128,16,111,67,32,9,56,19,125,29,65,75,135" hai3="116,60,55,108,74,98,42,62,103,47,52,118,71"/><U45/><E30/><V127/><F111/><W77/><G77/><T61/><D34/><U114/><E114/><V3/><F75/><W121/><G74/><T126/><D109/><U94/><E94/><V122/><F56/><W10/><G108/><T72/><D72/><U57/><E57/><V0/><F122/><W25/><G25/><T21/><D7/><U1/><E1/><N who="2" m="587" /><F67/><W104/><G10/><T97/><D126/><N who="2" m="48138" /><F65/><W113/><G113/><T69/><D97/><U38/><E38/><V84/><F84/><W93/><G121/><T112/><D112/><U82/><E82/><V102/><F102/><W133/><G71/><T20/><REACH who="0" step="1"/><D28/><REACH who="0" ten="438,221,205,126" step="2"/><U89/><E100/><V131/><F135/><W23/><G133/><T41/><D41/><U83/><E106/><V18/><F9/><W35/><G103/><T123/><D123/><U14/><E119/><V53/><F53/><AGARI ba="5,1" hai="20,21,22,37,39,48,53,58,61,66,69,88,90,91" machi="53" ten="40,8000,1" yaku="1,1,52,3,54,1,53,0" doraHai="87" doraHaiUra="4" who="0" fromWho="2" sc="438,105,221,0,205,-95,126,0" />
</Scene>
<Scene>
<INIT seed="6,0,0,0,2,63" ten="543,221,110,126" oya="2" hai0="119,14,4,91,62,3,23,85,129,50,33,74,84" hai1="28,78,58,9,2,111,18,95,57,101,27,7,124" hai2="19,21,121,37,127,40,133,29,87,128,113,98,56" hai3="110,77,102,64,116,36,80,104,99,17,108,83,103"/><V32/><F121/><W43/><G43/><T20/><D33/><U13/><E111/><V31/><F113/><W51/><G51/><T96/><D74/><U8/><E124/><V130/><F127/><W44/><G44/><T69/><D3/><U59/><E78/><V82/><F133/><W92/><G36/><T106/><D129/><N who="2" m="49770" /><F32/><W22/><G80/><T72/><D72/><U123/><E123/><V48/><F98/><W94/><G64/><T30/><D106/><U88/><E101/><V75/><F75/><W79/><G79/><T46/><D62/><U105/><E105/><V52/><F40/><W90/><G116/><T109/><D69/><U15/><E2/><V35/><F35/><W131/><G131/><T25/><D109/><U97/><E27/><N who="2" m="14783" /><F37/><W54/><G110/><T49/><D119/><U12/><E12/><V66/><F66/><W60/><G108/><T65/><D65/><U125/><E125/><V39/><F39/><W135/><G135/><T81/><D96/><U89/><E89/><AGARI ba="0,0" hai="29,31,48,52,56,82,87,89" m="14783,49770" machi="89" ten="30,2900,0" yaku="19,1,54,1" doraHai="63" who="2" fromWho="1" sc="543,0,221,-29,110,29,126,0" />
</Scene>
<Scene>
<INIT seed="6,1,0,2,1,61" ten="543,192,139,126" oya="2" hai0="42,123,96,74,124,134,109,112,38,117,7,133,45" hai1="95,66,129,10,77,59,62,8,79,76,83,41,43" hai2="107,56,81,16,25,46,36,2,37,21,93,58,30" hai3="122,86,115,121,26,54,85,82,1,126,67,9,130"/><V102/><F107/><W22/><G86/><T24/><D74/><U105/><E105/><V39/><F2/><W97/><G97/><T64/><D109/><U27/><E129/><V53/><F81/><W15/><G1/><T48/><D123/><U71/><E71/><V6/><F6/><W28/><G130/><T51/><D112/><U127/><E127/><V135/><F135/><W73/><G73/><T47/><D117/><U63/><E83/><V92/><F46/><W75/><G75/><T98/><D7/><U101/><E63/><V113/><F113/><W119/><G119/><T72/><D72/><U69/><E69/><V104/><F58/><W11/><G11/><N who="1" m="4138" /><E27/><V125/><F125/><W84/><G126/><T120/><D24/><U3/><E3/><V111/><F111/><W108/><G108/><T19/><D120/><U87/><E101/><V34/><F102/><W57/><G115/><T103/><D19/><U50/><E50/><V14/><REACH who="2" step="1"/><F104/><REACH who="2" ten="543,192,129,126" step="2"/><W91/><G122/><T118/><D47/><U18/><E59/><V90/><F90/><W70/><G121/><T29/><D124/><U99/><E77/><V128/><F128/><W65/><G70/><T52/><D45/><U31/><E79/><V4/><F4/><N who="3" m="3495" /><G84/><T78/><D103/><U89/><E76/><V116/><F116/><W23/><G23/><T106/><D118/><U60/><E87/><V80/><F80/><W49/><AGARI ba="1,1" hai="22,26,28,49,54,57,65,67,82,85,91" m="3495" machi="49" ten="30,4000,0" yaku="8,1,52,2" doraHai="61" who="3" fromWho="3" sc="543,-11,192,-11,129,-21,126,53" />
</Scene>
<Scene>
<INIT seed="7,0,0,4,4,49" ten="532,181,108,179" oya="3" hai0="109,29,17,46,74,133,64,68,80,104,33,86,35" hai1="125,54,97,52,3,126,79,28,59,23,63,106,26" hai2="15,100,51,41,88,105,6,56,94,101,71,62,18" hai3="119,0,96,7,115,103,38,123,57,128,11,10,89"/><W95/><G115/><T32/><D74/><U47/><E3/><V92/><F105/><W130/><G119/><T30/><D104/><U72/><E79/><V73/><F73/><W34/><G34/><T114/><D109/><U60/><E72/><V87/><F6/><W55/><G38/><T121/><D121/><U13/><E13/><V40/><F71/><W66/><G123/><T110/><D110/><U70/><E47/><V65/><F51/><W21/><G66/><T81/><D133/><U117/><E117/><V77/><F77/><W75/><G75/><T85/><D114/><U1/><E1/><V93/><F101/><W42/><G42/><T31/><D46/><U78/><E78/><V134/><F134/><W16/><G11/><T120/><D17/><U58/><E70/><V39/><F39/><W99/><G99/><T14/><D14/><U61/><E61/><V131/><F131/><W22/><G103/><AGARI ba="0,0" hai="23,26,28,52,54,58,59,60,63,97,103,106,125,126" machi="103" ten="40,8000,1" yaku="9,1,52,2,54,1" doraHai="49" who="1" fromWho="3" sc="532,0,181,80,108,0,179,-80" owari="532,63.0,261,6.0,108,-29.0,99,-40.0" />
</Scene>
</mjloggm>