<mjloggm ver="2.3"><GO type="169" lobby="0"/><UN n0="%E2%91%A3%E3%82%BB%E3%83%B3%E3%83%81" n1="%E5%A4%AA%E3%81%8F%E3%81%AA%E3%81%84%E3%81%8A" n2="%E6%97%85%E4%BA%BA%E3%81%A1%E3%82%88%E3%81%99%E3%81%91" n3="%E3%83%AD%E3%83%83%E3%83%86%E9%9B%80%E7%90%83" dan="17,18,17,17" rate="2141.25,2245.41,2171.02,2244.93" sx="M,F,M,M"/><TAIKYOKU oya="0"/>

<Scene>
<INIT seed="0,0,0,1,1,111" ten="250,250,250,250" oya="0" hai0="96,132,13,86,120,53,101,21,100,81,41,91,122" hai1="56,34,116,51,68,29,128,28,17,115,37,27,98" hai2="113,108,75,76,72,70,16,7,135,79,133,124,30" hai3="129,126,80,26,61,58,66,73,90,5,22,107,119"/><T105/><D132/><N who="2" m="50762" /><F108/><W38/><G107/><T123/><D41/><U48/><E37/><V0/><F70/><W47/><G119/><T88/><D53/><U131/><E68/><V93/><F30/><W112/><G5/><T2/><D2/><U106/><E116/><V39/><F39/><W64/><G64/><T1/><D1/><U40/><E28/><V49/><F124/><W85/><G129/><N who="1" m="49738" /><E17/><V14/><F7/><W50/><G38/><T31/><D13/><U102/><E40/><V8/><F0/><W46/><G73/><N who="2" m="28233" /><F113/><W6/><G112/><T42/><D42/><U71/><E71/><V4/><F4/><W67/><G6/><T134/><D134/><U44/><E44/><V33/><F33/><W65/><G126/><T19/><D19/><U92/><E115/><V36/><F36/><W95/><G80/><T99/><D21/><U10/><E10/><V77/><F49/><N who="1" m="19017" /><E56/><V114/><F114/><W25/><G25/><T74/><D31/><U54/><E54/><V89/><F79/><W60/><G50/><T9/><D9/><U35/><E35/><V57/><F57/><N who="3" m="37007" /><G66/><T125/><D125/><U110/><E110/><V18/><F18/><AGARI ba="0,0" hai="18,22,26,46,47,58,61,67,85,90,95" m="37007" machi="18" ten="30,1000,0" yaku="8,1" doraHai="111" who="3" fromWho="2" sc="250,0,250,0,250,-10,250,10" />
</Scene>
<Scene>
<INIT seed="1,0,0,3,4,118" ten="250,250,240,260" oya="1" hai0="87,116,43,49,113,27,2,122,135,1,44,57,127" hai1="97,47,109,82,101,83,30,11,62,19,103,33,18" hai2="53,115,81,68,14,41,106,42,52,114,79,132,75" hai3="39,29,34,107,63,32,126,22,108,90,54,117,110"/><U128/><E128/><V76/><F106/><W123/><G39/><T0/><D116/><U24/><E109/><N who="3" m="42090" /><G107/><T78/><D113/><N who="2" m="43018" /><F68/><W50/><G63/><T80/><D135/><U8/><E47/><V59/><F132/><W125/><G117/><T124/><D57/><U119/><E119/><V48/><F79/><W93/><G123/><T10/><D122/><U6/><E62/><N who="2" m="36199" /><F14/><W56/><G22/><T65/><D65/><U96/><E33/><N who="3" m="12906" /><G29/><T69/><D69/><U36/><E36/><V133/><F133/><W60/><G60/><T74/><D27/><U112/><E112/><V46/><AGARI ba="0,0" hai="41,42,46,48,53,75,76,81" m="36199,43018" machi="46" ten="30,2000,0" yaku="11,1,54,1" doraHai="118" who="2" fromWho="2" sc="250,-5,250,-10,240,20,260,-5" />
</Scene>
<Scene>
<INIT seed="2,0,0,3,2,75" ten="245,240,260,255" oya="2" hai0="37,122,113,4,51,121,15,104,27,99,34,124,88" hai1="63,87,14,108,114,72,135,62,42,49,2,6,94" hai2="20,79,118,120,106,110,64,3,85,39,66,117,13" hai3="67,89,84,82,23,43,97,93,25,76,80,133,86"/><V123/><F3/><W21/><G133/><T91/><D37/><U100/><E72/><V56/><F13/><W134/><G134/><T50/><D113/><U59/><E2/><V130/><F20/><W74/><G43/><T18/><D4/><U41/><E135/><V115/><F39/><W83/><G67/><T12/><D124/><U5/><E114/><V78/><F115/><W109/><G109/><T54/><D104/><U95/><E108/><V22/><F106/><W77/><REACH who="3" step="1"/><G25/><REACH who="3" ten="245,240,260,245" step="2"/><T32/><D27/><U129/><E41/><V73/><F110/><W128/><G128/><T57/><D54/><U96/><E42/><V61/><F130/><W33/><G33/><T101/><D34/><U10/><E129/><V1/><F64/><W116/><G116/><T131/><D32/><U28/><E28/><V60/><F118/><W26/><G26/><T17/><D131/><U127/><E127/><V107/><F66/><W48/><G48/><T46/><D51/><U16/><E49/><V69/><F117/><W0/><G0/><T44/><D50/><U65/><E63/><V111/><F61/><W24/><G24/><T36/><D36/><U71/><E71/><V31/><F69/><W35/><G35/><T29/><D29/><U98/><REACH who="1" step="1"/><E87/><REACH who="1" ten="245,230,260,245" step="2"/><V90/><F1/><W92/><G92/><T47/><D47/><U126/><E126/><V112/><F112/><W125/><G125/><T52/><D46/><U105/><E105/><V132/><F107/><W45/><G45/><T38/><D44/><U55/><E55/><N who="2" m="33823" /><F111/><W30/><G30/><T53/><D38/><RYUUKYOKU ba="0,2" sc="245,-15,230,15,260,-15,245,15" hai1="5,6,10,14,16,59,62,65,94,95,96,98,100" hai3="21,23,74,76,77,80,82,83,84,86,89,93,97" />
</Scene>
<Scene>
<INIT seed="3,1,2,0,5,15" ten="230,245,245,260" oya="3" hai0="57,72,10,0,114,56,63,14,117,92,120,112,109" hai1="30,96,89,13,103,100,94,86,37,129,40,113,81" hai2="25,121,45,7,65,41,128,48,87,71,43,49,55" hai3="80,24,16,133,82,26,19,127,74,42,108,93,32"/><W106/><G106/><T50/><D117/><U83/><E113/><N who="0" m="43625" /><D120/><U78/><E30/><V77/><F121/><W84/><G127/><T35/><D109/><U21/><E129/><V130/><F7/><W116/><G116/><T64/><D72/><U69/><E69/><V101/><F101/><W33/><G133/><T66/><D35/><U95/><E37/><V2/><F2/><W20/><G108/><T119/><D0/><U51/><E83/><N who="2" m="47599" /><F25/><W1/><G1/><T62/><D119/><U47/><REACH who="1" step="1"/><E95/><REACH who="1" ten="230,235,245,260" step="2"/><V4/><F71/><W99/><G82/><T36/><D36/><U17/><AGARI ba="1,3" hai="13,17,21,40,47,51,78,81,86,89,94,96,100,103" machi="17" ten="30,12000,2" yaku="1,1,2,1,0,1,8,1,52,1,53,2" doraHai="15" doraHaiUra="97" who="1" fromWho="1" sc="230,-31,235,153,245,-31,260,-61" />
</Scene>
<Scene>
<INIT seed="4,0,0,3,1,76" ten="199,388,214,199" oya="0" hai0="131,127,91,125,93,67,9,119,26,117,84,31,4" hai1="82,132,14,101,95,110,135,129,99,114,36,81,83" hai2="94,32,107,65,48,25,42,103,55,21,27,70,53" hai3="92,64,118,19,47,111,80,46,54,85,11,8,115"/><T104/><D104/><U5/><E110/><V74/><F74/><W89/><G118/><T62/><D131/><U124/><E36/><V98/><F27/><W121/><G111/><T41/><D41/><U97/><E129/><V50/><F94/><W38/><G115/><T78/><D78/><U2/><E2/><V35/><F42/><W57/><G38/><T88/><D91/><N who="1" m="55551" /><E14/><V87/><F87/><W18/><G64/><T24/><D119/><U28/><E5/><V122/><F122/><W90/><G121/><T39/><D39/><U13/><E13/><V77/><F77/><W20/><G8/><T69/><D117/><U23/><E23/><V15/><F15/><N who="3" m="9343" /><G18/><T52/><D52/><U17/><E17/><V130/><F21/><W51/><G11/><T123/><D123/><U30/><E114/><V37/><F37/><W3/><G3/><N who="0" m="159" /><D31/><U71/><E71/><V72/><F72/><W45/><G45/><T134/><D134/><N who="1" m="51243" /><E124/><AGARI ba="0,0" hai="24,26,62,67,69,84,88,93,124,125,127" m="159" machi="124" ten="30,2900,0" yaku="18,1,54,1" doraHai="76" who="0" fromWho="1" sc="199,29,388,-29,214,0,199,0" />
</Scene>
<Scene>
<INIT seed="4,1,0,5,4,106" ten="228,359,214,199" oya="0" hai0="50,21,99,47,38,28,68,114,45,57,70,123,105" hai1="116,86,91,14,71,8,73,53,9,54,72,128,60" hai2="46,90,4,11,32,119,44,49,110,130,95,126,108" hai3="74,133,120,117,35,7,16,76,125,27,109,33,100"/><T17/><D123/><U122/><E122/><V20/><F32/><W15/><G100/><T34/><D114/><U115/><E116/><V132/><F130/><W87/><G117/><T77/><D34/><U37/><E37/><V113/><F119/><W127/><G120/><T135/><D28/><U42/><E42/><V124/><F113/><W75/><G109/><T0/><D0/><U1/><E115/><V89/><F20/><N who="3" m="11295" /><G7/><T36/><D135/><U31/><E31/><V112/><F132/><W58/><G133/><T81/><D57/><U39/><E39/><V43/><F112/><W84/><G35/><T82/><D99/><U64/><E128/><V111/><F44/><W94/><G58/><T83/><D105/><U66/><E1/><V131/><F131/><W25/><G94/><T103/><D103/><U30/><E30/><V29/><F29/><N who="3" m="19631" /><G27/><T67/><D70/><U80/><E66/><V107/><F107/><W26/><G26/><T10/><D67/><U2/><E2/><V56/><F56/><W40/><G40/><T19/><D68/><U62/><E62/><V79/><F79/><W59/><G59/><T93/><D77/><U6/><REACH who="1" step="1"/><E9/><REACH who="1" ten="228,349,214,199" step="2"/><V104/><F43/><W102/><G127/><T134/><D134/><U3/><E3/><V129/><F129/><W78/><G125/><T13/><D38/><U5/><E5/><V96/><F126/><W18/><G18/><T92/><D36/><U101/><E101/><V118/><F124/><W24/><G102/><T98/><D19/><U65/><E65/><V61/><F118/><W23/><G23/><RYUUKYOKU ba="1,1" sc="228,-10,349,30,214,-10,199,-10" hai1="6,8,14,53,54,60,64,71,72,73,80,86,91" />
</Scene>
<Scene>
<INIT seed="5,2,1,4,2,71" ten="218,379,204,189" oya="1" hai0="35,124,5,94,88,39,26,62,130,96,49,9,117" hai1="75,27,55,86,0,46,24,135,63,36,100,33,48" hai2="112,125,25,127,119,54,58,122,85,52,20,47,28" hai3="41,61,38,37,51,30,56,121,134,22,107,103,113"/><U102/><E75/><V21/><F119/><W89/><G121/><T111/><D117/><U129/><E0/><V110/><F110/><W13/><G107/><T72/><D111/><U59/><E135/><V126/><F122/><W31/><G103/><T73/><D130/><U123/><E123/><V70/><F70/><W34/><G134/><T99/><D124/><U53/><E129/><V101/><F101/><N who="1" m="39017" /><E36/><V68/><F68/><W84/><G113/><T108/><D108/><U67/><E33/><V44/><F112/><W19/><G51/><T106/><D106/><U69/><E69/><V10/><F10/><W45/><G34/><T97/><D39/><U133/><E133/><V43/><F85/><W77/><G77/><T57/><D49/><U42/><E86/><V11/><F11/><W12/><G12/><T66/><D26/><AGARI ba="2,1" hai="24,26,27,42,46,48,53,55,59,63,67" m="39017" machi="26" ten="30,1500,0" yaku="8,1" doraHai="71" who="1" fromWho="0" sc="218,-21,379,31,204,0,189,0" />
</Scene>
<Scene>
<INIT seed="5,3,0,0,2,69" ten="197,410,204,189" oya="1" hai0="76,38,36,17,8,128,66,0,43,92,108,51,11" hai1="116,26,67,10,18,129,49,47,83,61,96,88,101" hai2="72,54,112,4,35,75,102,25,41,6,34,1,80" hai3="39,74,44,86,87,53,58,97,77,14,70,99,45"/><U24/><E116/><V3/><F102/><W127/><G70/><T117/><D76/><U15/><E129/><V71/><F71/><W60/><G127/><T12/><D117/><U94/><E61/><V123/><F123/><W42/><G45/><T2/><D108/><U29/><E67/><V93/><F93/><W85/><REACH who="3" step="1"/><G14/><REACH who="3" ten="197,410,204,179" step="2"/><T62/><D128/><U48/><E47/><V98/><F1/><W33/><G33/><T81/><D0/><U105/><E15/><V115/><F34/><W59/><G59/><T106/><D2/><U110/><E110/><V55/><F3/><W79/><G79/><T130/><D130/><U20/><E26/><V90/><F35/><W63/><G63/><T121/><D62/><U40/><E24/><V19/><F25/><W111/><G111/><T22/><D12/><U114/><E114/><V31/><F115/><W95/><G95/><T57/><D92/><U73/><E94/><V118/><F112/><W89/><G89/><T68/><D68/><U132/><E88/><V120/><F90/><W113/><G113/><T56/><D57/><U126/><E126/><V28/><F118/><W13/><G13/><T50/><D56/><U5/><E105/><V37/><F4/><W52/><G52/><T131/><D106/><U91/><E5/><V16/><F54/><W84/><N who="3" m="21504" /><DORA hai="119" /><W107/><G107/><T125/><D125/><U27/><E91/><V21/><F55/><W133/><G133/><T30/><D131/><U78/><E132/><V64/><F6/><W135/><G135/><T9/><D9/><U65/><E10/><RYUUKYOKU ba="3,1" sc="197,-10,410,-10,204,-10,179,30" hai3="39,42,44,53,58,60,74,77,97,99" />
</Scene>
<Scene>
<INIT seed="6,4,1,3,1,111" ten="187,400,194,209" oya="2" hai0="62,48,14,76,135,75,102,59,88,89,84,13,71" hai1="35,20,53,125,49,31,61,121,87,56,95,34,28" hai2="129,16,69,106,47,80,97,103,78,133,30,43,38" hai3="99,114,86,39,18,96,44,27,51,124,0,46,54"/><V94/><F69/><W108/><G108/><T3/><D3/><U82/><E125/><V127/><F127/><W109/><G109/><T63/><D75/><U107/><E107/><V21/><F133/><W105/><G0/><T66/><D135/><U40/><E121/><V72/><F129/><W8/><G105/><T22/><D102/><U91/><E34/><V123/><F123/><W113/><G124/><T58/><D71/><U100/><E35/><V41/><F41/><N who="3" m="22591" /><G86/><T77/><D48/><U57/><E20/><V112/><F30/><W50/><G50/><T134/><D134/><U120/><E120/><V2/><F2/><W33/><G8/><T101/><D101/><U60/><E40/><V126/><F126/><W92/><G92/><N who="0" m="54279" /><D89/><N who="1" m="51447" /><E100/><V7/><F7/><W11/><G11/><T64/><D22/><U5/><E49/><V26/><REACH who="2" step="1"/><F112/><REACH who="2" ten="187,400,184,209" step="2"/><N who="3" m="43115" /><G18/><T83/><D83/><U65/><E5/><V32/><F32/><W42/><G42/><T6/><D6/><U98/><AGARI ba="4,2" hai="28,31,53,56,57,60,61,65,91,95,98" m="51447" machi="98" ten="30,1100,0" yaku="8,1" doraHai="111" who="1" fromWho="1" sc="187,-7,400,43,184,-9,209,-7" />
</Scene>
<Scene>
<INIT seed="7,0,0,1,2,29" ten="180,443,175,202" oya="3" hai0="6,8,111,80,96,71,109,116,130,110,56,75,10" hai1="50,0,100,112,34,60,115,129,81,99,43,132,85" hai2="4,128,37,40,55,63,92,91,104,13,84,53,76" hai3="124,33,36,108,121,26,79,42,133,68,49,19,74"/><W122/><G68/><T127/><D71/><U101/><E34/><V7/><F104/><W27/><G49/><T73/><D116/><U62/><E0/><V78/><F128/><W114/><G114/><N who="1" m="43562" /><E132/><V61/><F37/><W45/><G124/><T70/><D70/><U35/><E35/><V69/><F40/><W77/><G133/><T32/><D10/><U41/><E129/><V11/><F4/><W90/><G108/><T93/><D32/><U123/><E123/><V83/><F76/><W125/><G125/><T64/><D80/><U65/><E50/><V52/><REACH who="2" step="1"/><F69/><REACH who="2" ten="180,443,165,202" step="2"/><W14/><G42/><N who="1" m="15882" /><E65/><V87/><AGARI ba="0,1" hai="7,11,13,52,53,55,61,63,78,83,84,87,91,92" machi="87" ten="30,8000,1" yaku="1,1,0,1,8,1,54,1,53,1" doraHai="29" doraHaiUra="88" who="2" fromWho="2" sc="180,-20,443,-20,165,90,202,-40" owari="160,-34.0,423,52.0,255,6.0,162,-24.0" />
</Scene>
</mjloggm>