<mjloggm ver="2.3"><GO type="169" lobby="0"/><UN n0="%E7%A5%9E%E7%94%B0%E5%85%88%E7%94%9F" n1="%E3%81%84%E3%81%84%E7%AC%91%E9%A1%94" n2="%E3%81%9F%E3%81%91%E3%81%AB%E3%81%8D" n3="%E5%A4%AA%E3%81%8F%E3%81%AA%E3%81%84%E3%81%8A" dan="16,17,16,18" rate="2071.58,2220.88,2054.30,2288.31" sx="M,F,M,F"/><TAIKYOKU oya="0"/>

<Scene>
<INIT seed="0,0,0,1,0,55" ten="250,250,250,250" oya="0" hai0="71,95,28,130,43,77,133,81,76,88,65,6,16" hai1="94,9,22,49,96,56,92,86,72,117,8,79,58" hai2="32,59,13,40,19,54,5,78,51,35,60,64,97" hai3="110,52,116,128,126,99,114,113,124,91,30,18,112"/><T20/><D130/><U125/><E117/><V135/><F135/><W21/><G116/><T26/><D133/><U66/><E72/><V106/><F5/><W36/><G36/><T123/><D123/><U84/><E125/><N who="3" m="48234" /><G128/><T82/><D6/><U93/><E96/><V57/><F78/><N who="0" m="30314" /><D71/><U27/><E66/><V120/><F120/><W15/><G110/><T1/><D1/><U24/><E49/><V14/><F40/><W63/><G30/><T132/><D132/><U31/><E27/><V121/><F121/><W48/><G63/><T129/><D129/><U118/><E118/><V111/><F111/><W89/><G99/><N who="0" m="57831" /><D43/><U74/><E74/><V39/><F39/><W45/><AGARI ba="0,0" hai="15,18,21,45,48,52,89,91,112,113,114" m="48234" machi="45" ten="40,2700,0" yaku="18,1,54,1" doraHai="55" who="3" fromWho="3" sc="250,-13,250,-7,250,-7,250,27" />
</Scene>
<Scene>
<INIT seed="1,0,0,1,0,113" ten="237,243,243,277" oya="1" hai0="9,26,46,50,39,33,11,48,108,63,86,10,36" hai1="64,65,1,32,114,14,24,129,95,135,23,69,54" hai2="77,6,132,85,5,87,20,92,98,79,101,127,116" hai3="80,119,94,35,118,123,103,56,74,109,41,52,57"/><U133/><E114/><V55/><F116/><N who="3" m="44587" /><G109/><T31/><D108/><U21/><E1/><V121/><F121/><W27/><G123/><T117/><D117/><U78/><E129/><V100/><F127/><W128/><G128/><T81/><D63/><U44/><E78/><N who="2" m="29707" /><F132/><N who="1" m="50761" /><E69/><V40/><F40/><W45/><G80/><T43/><REACH who="0" step="1"/><D39/><REACH who="0" ten="227,243,243,277" step="2"/><U30/><E64/><V3/><F3/><W68/><G68/><T90/><AGARI ba="0,1" hai="9,10,11,26,31,33,36,43,46,48,50,81,86,90" machi="90" ten="30,4000,0" yaku="1,1,2,1,0,1,53,0" doraHai="113" doraHaiUra="97" who="0" fromWho="0" sc="227,50,243,-20,243,-10,277,-10" />
</Scene>
<Scene>
<INIT seed="2,0,0,2,0,124" ten="277,223,233,267" oya="2" hai0="76,11,60,48,128,21,73,96,86,6,36,99,93" hai1="85,20,46,131,31,126,23,61,13,117,72,56,40" hai2="37,78,52,54,104,7,89,88,95,118,67,59,132" hai3="16,29,130,2,103,102,87,123,127,74,125,119,107"/><V91/><F104/><W81/><G2/><T129/><D36/><U98/><E117/><V43/><F118/><W113/><G119/><T101/><D73/><U68/><E72/><V112/><F112/><W38/><G38/><T15/><D48/><U42/><E68/><V97/><F132/><W17/><G123/><T108/><D108/><U121/><E121/><V114/><F114/><W25/><G74/><T92/><D60/><U58/><E126/><N who="3" m="48138" /><G113/><T12/><D21/><U9/><E98/><V79/><F7/><W70/><G70/><T53/><D53/><N who="2" m="20586" /><F37/><W39/><G39/><T71/><D71/><U35/><E35/><V65/><F43/><W44/><G44/><T100/><D12/><U28/><E85/><V45/><F45/><W66/><G66/><N who="2" m="25097" /><F59/><W26/><G107/><T109/><D109/><U8/><E46/><V116/><F116/><W111/><G111/><T134/><D134/><U24/><E61/><V33/><F33/><W3/><G3/><T22/><D22/><U122/><E122/><V84/><F91/><W14/><G102/><T77/><D86/><U105/><E105/><V32/><F32/><W83/><G87/><T75/><D75/><U90/><E90/><V94/><AGARI ba="0,0" hai="78,79,84,88,89,94,95,97" m="25097,20586" machi="94" ten="30,6000,0" yaku="8,1,54,2" doraHai="124" who="2" fromWho="2" sc="277,-20,223,-20,233,60,267,-20" />
</Scene>
<Scene>
<INIT seed="2,1,0,2,2,22" ten="257,203,293,247" oya="2" hai0="122,84,99,31,126,34,79,89,86,28,83,116,46" hai1="66,58,27,62,68,40,77,38,73,11,41,121,25" hai2="18,96,132,69,57,135,108,16,2,78,51,32,134" hai3="85,120,59,44,119,65,98,123,100,35,21,94,111"/><V42/><F69/><W103/><G35/><T63/><D122/><U118/><E118/><V6/><F108/><W127/><G119/><T105/><D116/><U26/><E121/><V12/><F32/><W128/><G111/><T129/><D129/><U37/><E68/><V48/><F78/><W75/><G75/><T55/><D126/><U97/><E73/><V113/><F113/><W67/><G127/><T64/><D105/><U107/><E77/><V104/><F2/><W10/><G128/><T72/><D72/><U133/><E133/><V115/><F115/><W114/><G114/><T130/><D130/><U4/><E107/><V95/><F104/><W82/><G103/><T112/><D99/><U17/><E97/><V90/><F42/><W19/><G44/><T80/><D34/><U3/><REACH who="1" step="1"/><E17/><REACH who="1" ten="257,193,293,247" step="2"/><V47/><F18/><W106/><G106/><T110/><D110/><U14/><E14/><V124/><F124/><W30/><G120/><T5/><D112/><U24/><N who="1" m="6144" /><DORA hai="53" /><U7/><E7/><V36/><F6/><W88/><G19/><T91/><D5/><U93/><E93/><V15/><F15/><W74/><G94/><T43/><D79/><U45/><E45/><V29/><F47/><W92/><G123/><T54/><D28/><U56/><E56/><V131/><F29/><W61/><G74/><T70/><REACH who="0" step="1"/><D31/><REACH who="0" ten="247,193,293,247" step="2"/><U8/><E8/><N who="2" m="6151" /><F131/><W117/><G117/><T23/><D23/><U0/><E0/><V52/><F134/><W33/><G33/><T81/><D81/><U125/><E125/><V101/><F132/><W1/><G1/><RYUUKYOKU ba="1,2" sc="247,15,193,15,293,-15,247,-15" hai0="43,46,54,55,63,64,70,80,83,84,86,89,91" hai1="3,4,11,37,38,40,41,58,62,66" />
</Scene>
<Scene>
<INIT seed="3,2,2,3,3,7" ten="262,208,278,232" oya="3" hai0="108,83,91,42,36,125,29,110,134,92,59,129,105" hai1="74,56,23,4,38,90,26,60,72,71,24,43,95" hai2="52,77,2,35,119,48,13,25,41,6,100,131,132" hai3="34,94,85,81,27,12,128,67,58,97,65,126,123"/><W28/><G123/><T70/><D70/><U15/><E71/><V135/><F119/><W20/><G128/><T89/><D105/><U109/><E109/><N who="0" m="42089" /><D125/><U33/><E33/><V133/><F2/><W37/><G37/><T79/><D134/><U64/><E38/><V82/><F131/><W61/><G126/><T87/><D29/><U51/><E74/><V32/><F41/><W106/><G106/><T120/><D120/><U16/><E4/><V9/><F100/><N who="3" m="60471" /><G34/><T115/><D115/><U17/><E72/><N who="2" m="43303" /><F25/><W130/><G130/><T5/><D5/><U112/><E112/><V118/><F118/><W53/><G12/><T10/><D10/><U57/><E17/><V21/><F21/><W39/><G39/><T75/><D129/><U40/><E40/><V22/><F22/><W78/><AGARI ba="2,2" hai="20,27,28,53,58,61,65,67,78,81,85" m="60471" machi="78" ten="30,1500,0" yaku="8,1" doraHai="7" who="3" fromWho="3" sc="262,-7,208,-7,278,-7,232,41" />
</Scene>
<Scene>
<INIT seed="3,3,0,1,0,84" ten="255,201,271,273" oya="3" hai0="108,82,111,48,113,44,63,50,96,133,102,134,0" hai1="93,56,2,69,28,131,119,23,29,43,46,116,6" hai2="79,135,36,73,123,70,45,94,61,97,53,38,42" hai3="132,101,98,34,14,59,1,68,110,81,122,18,78"/><W30/><G68/><T88/><D0/><U32/><E69/><V25/><F135/><N who="0" m="51722" /><D113/><U39/><E32/><V55/><F123/><W17/><G132/><T16/><D63/><U5/><E131/><V80/><F36/><W41/><G1/><T62/><D62/><U112/><E112/><V37/><F37/><W57/><G122/><T85/><D16/><U47/><E47/><V33/><F33/><W103/><G41/><N who="0" m="24591" /><D50/><U109/><E109/><V24/><F53/><W75/><G110/><T117/><D117/><N who="1" m="45131" /><E56/><V95/><F55/><W54/><G18/><T58/><D58/><U64/><E64/><V21/><F61/><W10/><G54/><T124/><D124/><U86/><E23/><V115/><F70/><W120/><G120/><T129/><D129/><U27/><E27/><V22/><F115/><W76/><G76/><T35/><D35/><U71/><E71/><V72/><F22/><W107/><REACH who="3" step="1"/><G103/><REACH who="3" ten="255,201,271,263" step="2"/><T89/><D89/><N who="1" m="53431" /><E2/><V40/><F79/><W60/><G60/><T92/><AGARI ba="3,1" hai="82,85,88,92,96,102,108,111" m="24591,51722" machi="92" ten="30,4000,0" yaku="20,1,52,1,54,1" doraHai="84" who="0" fromWho="0" sc="255,59,201,-13,271,-13,263,-23" />
</Scene>
<Scene>
<INIT seed="4,0,0,2,4,96" ten="314,188,258,240" oya="0" hai0="110,37,40,82,42,70,107,108,60,83,53,102,80" hai1="114,4,5,97,101,86,76,120,133,34,0,57,30" hai2="10,87,90,16,92,19,121,109,11,71,61,64,119" hai3="125,22,7,41,24,117,112,25,111,6,131,50,13"/><T72/><D72/><U47/><E120/><V123/><F109/><N who="0" m="42090" /><D37/><U3/><E133/><V1/><F119/><W38/><G111/><T14/><D14/><U128/><E128/><V56/><F1/><W55/><G117/><T94/><D107/><U124/><E124/><V89/><F71/><W28/><G125/><T88/><D102/><U135/><E135/><V69/><F69/><W68/><G68/><T134/><D134/><U2/><E30/><V29/><F29/><W26/><G131/><T59/><D70/><U103/><E34/><V106/><F106/><W9/><G112/><T21/><D21/><U67/><E114/><V62/><F62/><W77/><G77/><T18/><D18/><N who="2" m="6698" /><F121/><W15/><G38/><T66/><D66/><U118/><E118/><V51/><F123/><W23/><G41/><T36/><D36/><U43/><E97/><AGARI ba="0,0" hai="40,42,53,59,60,80,82,83,88,94,97" m="42090" machi="97" ten="30,2900,0" yaku="10,1,54,1" doraHai="96" who="0" fromWho="1" sc="314,29,188,-29,258,0,240,0" />
</Scene>
<Scene>
<INIT seed="4,1,0,5,5,128" ten="343,159,258,240" oya="0" hai0="31,73,7,52,53,26,99,122,106,59,134,91,15" hai1="88,56,44,67,37,103,74,21,97,58,68,20,83" hai2="86,70,66,79,89,82,102,3,62,47,25,24,28" hai3="92,121,123,42,95,6,64,96,119,131,72,12,80"/><T38/><D38/><U101/><E68/><V84/><F3/><W120/><G119/><T63/><D73/><U23/><E74/><V8/><F102/><N who="1" m="38921" /><E37/><V77/><F8/><N who="3" m="4119" /><G131/><T46/><D106/><U125/><E125/><V85/><F77/><N who="3" m="44071" /><G42/><T11/><D122/><U112/><E112/><V27/><F47/><W115/><G115/><T35/><D46/><U50/><E67/><V135/><F135/><W113/><G113/><T100/><D134/><U33/><E33/><V14/><F14/><W0/><G0/><T61/><D91/><U34/><E34/><V9/><F9/><W5/><G5/><T127/><D127/><U4/><E4/><V48/><F48/><W75/><G75/><T55/><D63/><U130/><E130/><V19/><F19/><W36/><G36/><T105/><AGARI ba="1,0" hai="7,11,15,26,31,35,52,53,55,59,61,99,100,105" machi="105" ten="20,3900,0" yaku="0,1,7,1,54,1" doraHai="128" who="0" fromWho="0" sc="343,42,159,-14,258,-14,240,-14" />
</Scene>
<Scene>
<INIT seed="4,2,0,3,2,124" ten="385,145,244,226" oya="0" hai0="106,98,38,70,92,107,55,99,11,113,90,39,44" hai1="103,47,86,112,5,42,68,24,125,72,114,65,91" hai2="105,29,104,100,41,89,126,82,56,83,7,79,23" hai3="93,49,8,45,15,71,97,10,46,87,74,77,3"/><T130/><D70/><U135/><E72/><V30/><F126/><W73/><G71/><T6/><D113/><N who="1" m="43627" /><E125/><V101/><F7/><W57/><G3/><T4/><D55/><U64/><E5/><V111/><F56/><W131/><G87/><T28/><D28/><U17/><E103/><N who="2" m="39499" /><F23/><W109/><G8/><T78/><D11/><U116/><E116/><V14/><F14/><W132/><G15/><T128/><D78/><U75/><E75/><N who="2" m="43391" /><F41/><W43/><G43/><T122/><D122/><U53/><E135/><V123/><F30/><W94/><G132/><T18/><D18/><U69/><E53/><V37/><F37/><W25/><G73/><T108/><D44/><U118/><E118/><V22/><F22/><W134/><G46/><T133/><D133/><U61/><E24/><V84/><F29/><W32/><G45/><T96/><D39/><N who="1" m="21983" /><E17/><V59/><F59/><W80/><G57/><T52/><D38/><U26/><E26/><V81/><F111/><W76/><G25/><T58/><D108/><U35/><E35/><V48/><F48/><W85/><G32/><T12/><D6/><U62/><E69/><V63/><F63/><N who="1" m="24073" /><E68/><V2/><F2/><W20/><G134/><T127/><D127/><U31/><E31/><V36/><F36/><W120/><G109/><T110/><D110/><U19/><E19/><V121/><F81/><AGARI ba="2,0" hai="64,65,81,86,91" m="24073,21983,43627" machi="81" ten="30,2000,0" yaku="15,1,11,1" doraHai="124" who="1" fromWho="2" sc="385,0,145,26,244,-26,226,0" />
</Scene>
<Scene>
<INIT seed="5,0,0,5,0,67" ten="385,171,218,226" oya="1" hai0="22,132,117,92,39,114,2,74,33,3,27,65,59" hai1="80,119,60,129,10,37,99,103,28,86,109,102,78" hai2="9,105,124,84,43,16,1,31,62,115,17,20,19" hai3="111,61,52,66,50,8,47,48,89,54,12,135,4"/><U56/><E119/><V110/><F105/><W38/><G135/><T45/><D33/><U121/><E121/><V112/><F43/><W113/><G113/><N who="2" m="43593" /><F110/><W101/><G111/><T70/><D74/><U106/><E109/><V53/><F124/><W98/><G38/><T46/><D39/><U123/><E37/><V29/><F84/><W13/><G89/><T91/><D91/><U125/><E123/><V30/><F53/><W71/><G13/><T134/><D2/><U25/><E125/><V57/><F57/><W83/><G83/><T128/><D3/><U21/><E129/><V49/><F49/><W95/><REACH who="3" step="1"/><G48/><REACH who="3" ten="385,171,218,216" step="2"/><T26/><D132/><U118/><E118/><V79/><F79/><W41/><AGARI ba="0,1" hai="4,8,12,41,47,50,52,54,61,66,71,95,98,101" machi="41" ten="20,12000,2" yaku="1,1,2,1,0,1,7,1,52,1,54,1,53,0" doraHai="67" doraHaiUra="82" who="3" fromWho="3" sc="385,-30,171,-60,218,-30,216,130" />
</Scene>
<Scene>
<INIT seed="6,0,0,4,3,65" ten="355,111,188,346" oya="2" hai0="100,26,81,41,129,79,59,61,27,37,13,38,115" hai1="123,87,44,97,117,73,69,106,74,89,94,71,111" hai2="11,36,46,93,21,30,107,14,109,25,3,103,45" hai3="50,112,67,127,119,131,128,99,32,85,43,90,18"/><V118/><F118/><W75/><G75/><T42/><D129/><U52/><E117/><V4/><F107/><W34/><G119/><T98/><D115/><U60/><E111/><V83/><F109/><W68/><G99/><T35/><D35/><U9/><E123/><V135/><F135/><W104/><G104/><T19/><D38/><U80/><E9/><V108/><F108/><W102/><G102/><T23/><D37/><U40/><E40/><V20/><F83/><N who="3" m="49471" /><G127/><T64/><D41/><U105/><E105/><V116/><F116/><W8/><G112/><T120/><D42/><U49/><E60/><V133/><F133/><W95/><G95/><N who="0" m="58463" /><D120/><U17/><E17/><V66/><F66/><W29/><G29/><T76/><D81/><U57/><E44/><N who="2" m="17003" /><F3/><W48/><G43/><T92/><D92/><U126/><E126/><V91/><F36/><W78/><G78/><AGARI ba="0,0" hai="13,19,23,26,27,59,61,64,76,78,79" m="58463" machi="78" ten="30,1000,0" yaku="8,1" doraHai="65" who="0" fromWho="3" sc="355,10,111,0,188,0,346,-10" />
</Scene>
<Scene>
<INIT seed="7,0,0,1,2,18" ten="365,111,188,336" oya="3" hai0="114,108,118,128,66,130,0,59,35,70,76,87,11" hai1="63,37,19,89,31,23,5,16,7,135,43,34,41" hai2="119,3,14,133,98,21,94,61,22,26,104,132,79" hai3="4,127,78,33,90,72,51,95,134,65,77,55,42"/><W110/><G33/><T56/><D108/><U69/><E37/><V83/><F3/><W120/><G120/><T105/><D105/><U30/><E69/><V24/><F104/><W116/><G116/><T71/><D35/><U25/><E63/><V112/><F112/><W129/><G110/><T106/><D106/><U73/><E43/><V1/><F1/><W52/><G127/><T99/><D99/><U84/><E41/><V20/><F14/><W13/><G134/><N who="2" m="51817" /><F61/><W6/><G129/><T48/><D114/><U44/><E44/><V46/><F46/><N who="3" m="26071" /><G72/><T122/><D122/><U102/><E135/><V131/><F119/><W9/><G6/><N who="1" m="2058" /><E102/><N who="2" m="60759" /><F131/><W10/><G10/><T29/><D11/><U117/><E89/><V80/><F80/><W8/><G8/><T93/><D118/><U115/><E84/><AGARI ba="0,0" hai="20,21,22,24,26,79,83,84" m="60759,51817" machi="84" ten="30,7700,0" yaku="20,1,52,3" doraHai="18" who="2" fromWho="1" sc="365,0,111,-77,188,77,336,0" owari="365,46.0,34,-47.0,265,-13.0,336,14.0" />
</Scene>
</mjloggm>