<mjloggm ver="2.3"><GO type="169" lobby="0"/><UN n0="%E7%99%BD%E9%B9%BF%E6%84%9B%E8%8E%89" n1="%E5%A4%AA%E3%81%8F%E3%81%AA%E3%81%84%E3%81%8A" n2="%E6%9D%8E%E7%A9%8E%E8%97%8D" n3="%E3%82%AD%E3%83%A9%E3%83%BC%E3%83%9E%E3%82%B8%E3%83%B3%E3%82%AC%E6%A7%98" dan="16,19,17,16" rate="2092.82,2295.04,2119.70,2111.39" sx="F,F,M,F"/><TAIKYOKU oya="0"/>

<Scene>
<INIT seed="0,0,0,0,0,20" ten="250,250,250,250" oya="0" hai0="97,123,51,113,7,40,42,134,14,10,73,8,90" hai1="115,118,135,124,93,29,110,37,133,13,88,60,91" hai2="3,15,30,72,53,27,24,46,48,65,62,2,102" hai3="86,98,41,16,23,68,125,17,43,112,18,128,105"/><T95/><D113/><U131/><E118/><V1/><F72/><W67/><G112/><T122/><D134/><N who="1" m="51211" /><E115/><V21/><F102/><W32/><G32/><T50/><D73/><U39/><E110/><V58/><REACH who="2" step="1"/><F30/><REACH who="2" ten="250,250,240,250" step="2"/><W54/><G125/><T87/><D123/><U49/><E29/><V52/><F52/><W69/><G54/><T75/><D75/><U82/><E124/><V4/><F4/><W117/><G117/><T78/><D122/><U22/><E131/><V56/><F56/><W111/><G128/><T44/><D10/><U108/><E108/><V92/><F92/><W66/><G111/><T116/><D116/><U35/><E93/><V9/><F9/><W81/><G69/><T107/><D107/><U70/><E70/><V74/><F74/><W101/><G68/><T83/><REACH who="0" step="1"/><D42/><REACH who="0" ten="240,250,240,250" step="2"/><U0/><E0/><V77/><F77/><W85/><G43/><T80/><D80/><U38/><E82/><V57/><F57/><W109/><G41/><T34/><D34/><U36/><E35/><V59/><F59/><W120/><G120/><T130/><D130/><U84/><E22/><V12/><F12/><N who="3" m="9607" /><G109/><T26/><D26/><U55/><E13/><V94/><F94/><W45/><G81/><T96/><D96/><U28/><E84/><V106/><F106/><W33/><G33/><T61/><D61/><U71/><E60/><V19/><AGARI ba="0,2" hai="1,2,3,15,19,21,24,27,46,48,53,58,62,65" machi="19" ten="40,8000,1" yaku="1,1,0,1,52,2,53,0" doraHai="20" doraHaiUra="64" who="2" fromWho="2" sc="240,-40,250,-20,240,100,250,-20" />
</Scene>
<Scene>
<INIT seed="1,0,0,0,2,41" ten="200,230,340,230" oya="1" hai0="119,128,56,74,37,132,85,92,55,21,58,111,34" hai1="29,93,39,71,110,17,1,105,62,6,40,13,126" hai2="133,76,101,45,47,130,95,72,90,134,8,109,75" hai3="91,35,120,94,104,25,50,52,79,24,15,4,117"/><U99/><E126/><V14/><F101/><W83/><G104/><T89/><D119/><U0/><E105/><V127/><F109/><W84/><G120/><T18/><D34/><U7/><E29/><V33/><F33/><W42/><G42/><T70/><D70/><U16/><E110/><V88/><F127/><W43/><G43/><T27/><D111/><U20/><E71/><V116/><F116/><W98/><G35/><T106/><D132/><N who="2" m="50794" /><F130/><W123/><G123/><T78/><D128/><U103/><E62/><V67/><F67/><W54/><G117/><T87/><D37/><U108/><E108/><V5/><F90/><W53/><REACH who="3" step="1"/><G50/><REACH who="3" ten="200,230,340,220" step="2"/><T32/><D106/><U131/><E131/><V122/><F122/><W68/><G68/><T9/><D32/><U19/><E40/><V107/><F107/><W86/><G86/><T44/><D74/><N who="2" m="28202" /><F76/><W57/><G57/><T129/><D129/><U2/><REACH who="1" step="1"/><E39/><REACH who="1" ten="200,220,340,220" step="2"/><V64/><F64/><W100/><G100/><T28/><D28/><U125/><E125/><V30/><F30/><W135/><G135/><T63/><D63/><U66/><E66/><V121/><F121/><W118/><G118/><T73/><D73/><U97/><E97/><AGARI ba="0,2" hai="5,8,14,45,47,88,95,97" m="28202,50794" machi="97" ten="30,7700,0" yaku="20,1,52,2,54,1" doraHai="41" who="2" fromWho="1" sc="200,0,220,-77,340,97,220,0" />
</Scene>
<Scene>
<INIT seed="2,0,0,3,3,27" ten="200,143,437,220" oya="2" hai0="91,64,95,62,12,6,135,90,121,96,128,106,97" hai1="85,129,130,47,57,19,0,73,66,25,5,125,107" hai2="109,45,127,126,76,119,112,113,36,82,75,89,55" hai3="33,114,123,11,120,108,101,77,22,51,105,111,78"/><V56/><F119/><W68/><G33/><T20/><D121/><N who="3" m="46665" /><G22/><T98/><D135/><U133/><E73/><V46/><F109/><N who="3" m="42059" /><G11/><T50/><D128/><N who="1" m="49259" /><E107/><V69/><F69/><W18/><G18/><T122/><D122/><U1/><E133/><V29/><F29/><W32/><G32/><T4/><D106/><U63/><E125/><N who="2" m="47627" /><F89/><N who="0" m="33802" /><D50/><U52/><E85/><V116/><F116/><W132/><G51/><T83/><D83/><U92/><E92/><V104/><F104/><W7/><G7/><T61/><D95/><U8/><E47/><N who="2" m="17931" /><F36/><W102/><G68/><T79/><D79/><N who="3" m="30217" /><G132/><T31/><D64/><U134/><E134/><V94/><F94/><W41/><G41/><T84/><D84/><U93/><E93/><V115/><F115/><W67/><G67/><T86/><D86/><U53/><E0/><V28/><F113/><W117/><G117/><T26/><D6/><U88/><E88/><V70/><F112/><W74/><G114/><T59/><D59/><U87/><E87/><V44/><F70/><W43/><G43/><T17/><D4/><U24/><E19/><V124/><F44/><W13/><G74/><T21/><AGARI ba="0,0" hai="12,17,20,21,26,31,61,62,96,97,98" m="33802" machi="21" ten="30,2000,0" yaku="8,1,52,1" doraHai="27" who="0" fromWho="0" sc="200,20,143,-5,437,-10,220,-5" />
</Scene>
<Scene>
<INIT seed="3,0,0,4,4,51" ten="220,138,427,215" oya="3" hai0="100,9,8,12,76,53,54,101,22,125,110,59,97" hai1="90,15,93,70,82,48,21,26,114,65,13,40,52" hai2="135,25,88,120,80,27,64,57,104,3,68,29,24" hai3="43,47,41,130,14,99,71,49,109,83,86,87,121"/><W128/><G121/><T44/><D110/><U84/><E114/><V28/><F68/><W18/><G71/><T105/><D125/><U75/><E40/><V69/><F69/><W111/><G99/><T113/><D113/><U20/><E70/><V34/><F104/><W58/><G43/><T38/><D76/><U60/><E65/><V96/><F3/><W0/><G0/><T98/><D38/><U63/><E75/><V31/><F120/><W72/><G72/><T56/><D44/><N who="1" m="27655" /><E93/><V127/><F127/><W132/><G132/><T95/><D22/><N who="1" m="8811" /><E26/><V67/><F135/><W106/><G106/><T89/><D101/><U35/><E35/><V116/><F34/><W81/><G109/><T23/><D23/><U74/><E74/><V103/><F27/><W19/><G111/><T94/><D105/><U108/><E108/><V133/><F25/><W77/><G58/><N who="0" m="22059" /><D9/><U85/><E85/><N who="2" m="50215" /><F24/><W46/><G46/><T122/><D122/><U73/><E73/><V134/><F133/><W11/><REACH who="3" step="1"/><G19/><AGARI ba="0,0" hai="8,12,19,53,54,89,94,95,97,98,100" m="22059" machi="19" ten="30,3900,0" yaku="8,1,52,2" doraHai="51" who="0" fromWho="3" sc="220,39,138,0,427,0,215,-39" />
</Scene>
<Scene>
<INIT seed="4,0,0,5,2,111" ten="259,138,427,176" oya="0" hai0="9,87,88,54,95,134,60,41,97,110,78,104,11" hai1="46,52,71,67,24,108,122,70,94,99,29,133,77" hai2="85,4,109,31,114,19,64,120,115,121,102,90,105" hai3="124,92,100,65,10,130,36,61,113,21,49,1,79"/><T131/><D131/><U86/><E108/><V98/><F109/><W66/><G36/><T51/><D110/><U118/><E118/><V23/><F31/><W106/><G106/><T125/><D125/><U59/><E122/><V123/><F4/><W30/><G79/><T8/><D134/><U43/><E133/><V81/><REACH who="2" step="1"/><F64/><REACH who="2" ten="259,138,417,176" step="2"/><W17/><G66/><T53/><D104/><U32/><E67/><V33/><F33/><W50/><G30/><T83/><D60/><U58/><E32/><V15/><AGARI ba="0,1" hai="15,19,23,81,85,90,98,102,105,114,115,120,121,123" machi="15" ten="40,8000,1" yaku="1,1,0,1,52,2,53,1" doraHai="111" doraHaiUra="82" who="2" fromWho="2" sc="259,-40,138,-20,417,90,176,-20" />
</Scene>
<Scene>
<INIT seed="5,0,0,4,1,65" ten="219,118,507,156" oya="1" hai0="134,15,133,119,55,115,19,48,7,17,101,25,116" hai1="111,98,130,6,86,97,84,10,92,109,95,13,96" hai2="79,80,16,108,21,72,123,89,78,122,20,4,124" hai3="37,18,121,66,26,39,63,77,90,102,70,3,93"/><U12/><E130/><V23/><F108/><N who="1" m="41545" /><E6/><V127/><F4/><W75/><G121/><N who="2" m="46089" /><F79/><W51/><G3/><T112/><D101/><U83/><E10/><V105/><F89/><W104/><G51/><T40/><D7/><U120/><E120/><V38/><F38/><W128/><G128/><T82/><D25/><U31/><E31/><V28/><F105/><W58/><G26/><T87/><D115/><U129/><E129/><V103/><F103/><W2/><G2/><T94/><D134/><U73/><E12/><N who="2" m="9223" /><F28/><W99/><G18/><T42/><D19/><U44/><E44/><V49/><F49/><W22/><G22/><T30/><D30/><U59/><E59/><V33/><F33/><W50/><G50/><T107/><D133/><U110/><N who="1" m="41553" /><U76/><DORA hai="125" /><E13/><V132/><F132/><W135/><G135/><T35/><D112/><U67/><E67/><V34/><F34/><W5/><G5/><T114/><D114/><U9/><E9/><V71/><F23/><W81/><REACH who="3" step="1"/><G58/><REACH who="3" ten="219,118,507,146" step="2"/><N who="0" m="33127" /><D17/><U41/><E41/><V74/><F21/><W52/><G52/><T14/><D42/><U56/><E56/><V113/><F113/><W88/><G88/><T60/><D40/><U61/><E61/><V69/><F127/><W91/><G91/><T117/><D60/><U45/><E45/><V57/><F124/><W53/><G53/><T64/><D119/><U106/><E106/><V54/><F54/><W43/><G43/><T32/><D117/><U100/><E100/><V24/><F57/><W46/><G46/><T85/><D116/><U1/><E1/><RYUUKYOKU ba="0,1" sc="219,-15,118,15,507,-15,146,15" hai1="73,76,83,84,86,92,95,96,97,98" hai3="37,39,63,66,70,75,77,81,90,93,99,102,104" />
</Scene>
<Scene>
<INIT seed="5,1,1,5,2,102" ten="204,133,492,161" oya="1" hai0="131,29,93,39,51,105,31,121,118,87,42,122,64" hai1="112,49,67,135,8,14,68,4,88,76,0,33,101" hai2="107,55,78,62,132,65,70,56,20,124,19,90,94" hai3="54,53,99,43,98,97,72,7,63,50,18,61,22"/><U59/><E33/><V13/><F132/><W15/><G72/><T34/><D39/><U80/><E135/><V16/><F124/><W133/><G133/><T47/><D118/><U106/><E112/><V95/><F107/><W109/><G109/><T73/><D73/><U10/><E68/><V30/><F78/><W91/><G91/><N who="0" m="53503" /><D131/><U126/><E126/><V115/><F115/><W111/><G111/><T134/><D34/><U37/><E37/><V125/><F125/><W117/><G117/><T96/><D64/><U71/><E71/><V28/><F95/><W110/><G110/><T58/><D58/><U120/><E120/><N who="0" m="46185" /><D134/><U6/><E88/><V85/><F19/><W60/><REACH who="3" step="1"/><G7/><REACH who="3" ten="204,133,492,151" step="2"/><T52/><D42/><U129/><E129/><V17/><F90/><W108/><G108/><T3/><D3/><U119/><E119/><V21/><F85/><W83/><G83/><T104/><D96/><U26/><E80/><V127/><F127/><W23/><G23/><T89/><D89/><U123/><E123/><V100/><F21/><W86/><G86/><T35/><D35/><U38/><E0/><V48/><F20/><W74/><G74/><T103/><D103/><U40/><E101/><V2/><F2/><W24/><G24/><T77/><D77/><U66/><E26/><V9/><F100/><W41/><G41/><T116/><D116/><U82/><E76/><V12/><F94/><W25/><G25/><T11/><D11/><U36/><E8/><V81/><F81/><W44/><AGARI ba="1,2" hai="15,18,22,43,44,50,53,54,60,61,63,97,98,99" machi="44" ten="40,5200,0" yaku="1,1,0,1,8,1,53,0" doraHai="102" doraHaiUra="69" who="3" fromWho="3" sc="204,-14,133,-27,492,-14,151,75" />
</Scene>
<Scene>
<INIT seed="6,0,0,1,1,114" ten="190,106,478,226" oya="2" hai0="108,72,84,12,26,23,18,69,17,71,110,68,0" hai1="118,35,82,6,127,53,36,62,113,33,2,19,4" hai2="52,125,115,51,111,50,49,87,77,129,70,42,66" hai3="83,54,96,55,65,94,3,100,133,128,124,64,134"/><V44/><F115/><W37/><G128/><T15/><D0/><U10/><E113/><V30/><F129/><W81/><G3/><T106/><D72/><U104/><E104/><V117/><F117/><W14/><G37/><T122/><D122/><U48/><E36/><V58/><F125/><W123/><G14/><T95/><D106/><U90/><E6/><V38/><F30/><W92/><G124/><T60/><D60/><U85/><E127/><V40/><F111/><W105/><G105/><T45/><D45/><U21/><E62/><N who="2" m="40279" /><F77/><W16/><G16/><T101/><D26/><U80/><E80/><V126/><F87/><W5/><G5/><T76/><D101/><U79/><E79/><V99/><F99/><W73/><G96/><T74/><D74/><U120/><E120/><V112/><F112/><W88/><G73/><T86/><D95/><U22/><E118/><V47/><F126/><W78/><G78/><T103/><D103/><U89/><E89/><V9/><F9/><W119/><G100/><T41/><D41/><U20/><REACH who="1" step="1"/><E19/><REACH who="1" ten="190,96,478,226" step="2"/><V56/><F38/><W109/><G123/><T57/><D76/><U131/><E131/><V24/><F24/><W31/><G119/><T28/><D110/><U116/><E116/><V61/><F61/><W25/><G109/><T63/><D108/><U91/><E91/><V98/><F98/><W97/><G97/><T13/><D18/><U75/><E75/><V7/><F7/><W27/><G88/><T32/><D17/><U29/><E29/><AGARI ba="0,1" hai="25,27,29,31,54,55,64,65,81,83,92,94,133,134" machi="29" ten="25,1600,0" yaku="22,2" doraHai="114" who="3" fromWho="1" sc="190,0,96,-16,478,0,226,26" />
</Scene>
<Scene>
<INIT seed="7,0,0,2,3,99" ten="190,80,478,252" oya="3" hai0="20,2,80,28,14,117,111,47,7,104,103,129,118" hai1="77,6,12,106,131,133,113,52,64,91,22,29,23" hai2="73,85,83,122,94,126,84,65,30,18,34,76,59" hai3="39,38,15,123,112,114,124,87,1,11,53,54,105"/><W8/><G87/><T45/><D111/><U109/><E109/><V101/><F126/><W115/><G105/><T132/><D129/><U33/><E131/><V79/><F122/><W107/><G107/><T16/><D132/><U42/><E133/><V3/><F3/><W67/><G67/><T125/><D125/><U86/><E113/><V58/><F34/><W121/><G15/><T17/><D80/><U32/><E42/><V78/><F30/><W66/><G66/><T56/><D28/><U43/><E43/><V69/><F69/><W97/><G97/><T57/><D104/><U61/><E77/><N who="2" m="29803" /><F73/><W27/><G27/><T49/><D14/><U40/><E40/><V19/><F59/><W21/><G21/><T0/><D20/><U55/><E106/><V31/><F31/><W89/><G1/><T25/><D25/><U98/><E98/><N who="2" m="59607" /><F85/><W48/><G124/><T120/><D120/><U10/><E33/><V4/><F4/><W51/><G115/><T9/><D7/><U68/><E32/><V62/><AGARI ba="0,0" hai="18,19,58,62,65,79,83,84" m="59607,29803" machi="62" ten="30,2000,0" yaku="8,1,52,1" doraHai="99" who="2" fromWho="2" sc="190,-5,80,-5,478,20,252,-10" owari="185,-21.0,75,-42.0,498,59.0,242,4.0" />
</Scene>
</mjloggm>