<mjloggm ver="2.3"><GO type="169" lobby="0"/><UN n0="%46%75%72%75%79%61" n1="%E7%AB%8B%E8%8F%AF%E5%A5%8F" n2="%E5%A4%AA%E3%81%8F%E3%81%AA%E3%81%84%E3%81%8A" n3="%7A%6F%6F%31%39%36%34" dan="16,17,19,18" rate="2133.78,2193.49,2329.80,2205.31" sx="M,F,F,M"/><TAIKYOKU oya="0"/>

<Scene>
<INIT seed="0,0,0,2,4,61" ten="250,250,250,250" oya="0" hai0="107,101,27,95,51,7,2,71,94,131,18,121,135" hai1="118,110,115,91,12,92,0,8,128,99,105,83,56" hai2="55,130,22,13,67,1,108,43,81,62,38,52,117" hai3="103,36,100,75,87,14,93,112,80,37,78,15,111"/><T85/><D131/><U17/><E110/><V73/><F1/><W53/><G111/><T10/><D121/><U45/><E128/><V90/><F130/><W129/><G112/><T102/><D135/><U109/><E109/><V21/><F108/><W4/><G129/><T35/><D71/><U30/><E115/><V76/><F117/><W42/><G37/><T125/><D125/><U11/><E118/><V119/><F119/><W97/><G103/><T86/><D51/><U50/><E105/><V24/><F90/><W106/><G4/><T74/><D74/><U57/><E30/><V120/><F120/><W28/><G28/><T123/><D123/><U96/><E96/><V124/><F124/><W64/><G53/><T68/><D68/><U34/><E34/><V25/><F13/><W114/><G114/><T116/><D116/><U79/><E8/><V23/><F43/><W63/><G42/><T89/><D107/><U29/><E29/><V134/><F38/><W20/><G20/><T49/><D35/><U113/><E0/><V16/><F134/><W33/><G33/><T44/><D94/><U9/><E9/><V47/><F47/><W46/><G46/><T41/><REACH who="0" step="1"/><D86/><REACH who="0" ten="240,250,250,250" step="2"/><N who="1" m="48511" /><E113/><V59/><REACH who="2" step="1"/><F22/><AGARI ba="0,1" hai="2,7,10,18,22,27,41,44,49,85,89,95,101,102" machi="22" ten="40,3900,0" yaku="1,1,53,1" doraHai="61" doraHaiUra="84" who="0" fromWho="2" sc="240,49,250,0,250,-39,250,0" />
</Scene>
<Scene>
<INIT seed="0,1,0,0,1,91" ten="289,250,211,250" oya="0" hai0="62,1,98,43,19,109,70,51,16,24,78,49,99" hai1="54,46,130,97,31,66,23,65,84,18,33,83,69" hai2="22,47,129,4,110,26,105,96,125,53,45,61,85" hai3="37,6,134,9,15,102,0,126,28,88,81,132,59"/><T52/><D1/><U55/><E130/><V30/><F110/><W100/><G37/><T64/><D109/><U82/><E33/><V12/><F129/><W68/><G68/><T17/><D78/><U72/><E31/><V95/><F105/><W106/><G126/><T113/><D113/><U123/><E123/><V32/><F125/><W50/><G28/><T89/><D24/><U90/><E69/><V14/><F85/><W93/><G81/><T10/><D10/><U57/><E46/><N who="2" m="17419" /><F32/><W122/><G0/><T42/><D51/><U120/><E120/><V101/><F4/><W80/><G80/><T8/><D8/><U41/><E41/><V116/><F116/><W124/><G124/><T27/><D27/><U34/><E34/><V39/><F39/><W76/><G76/><T135/><D135/><N who="3" m="51753" /><G106/><T40/><REACH who="0" step="1"/><D89/><REACH who="0" ten="279,250,211,250" step="2"/><U48/><E90/><V7/><F7/><W20/><G122/><T13/><D13/><U35/><E48/><V104/><F12/><W60/><G50/><T108/><D108/><U3/><E3/><V121/><F14/><W117/><G117/><T71/><D71/><U94/><E72/><V21/><F121/><W79/><G79/><T11/><D11/><U38/><E38/><V86/><F26/><W77/><G77/><T36/><D36/><U67/><E35/><V119/><F119/><W111/><G111/><T114/><D114/><U25/><E25/><V63/><F30/><W112/><G112/><T58/><AGARI ba="1,1" hai="16,17,19,40,42,43,49,52,58,62,64,70,98,99" machi="58" ten="30,11700,0" yaku="1,1,0,1,54,2,53,0" doraHai="91" doraHaiUra="118" who="0" fromWho="0" sc="279,130,250,-40,211,-40,250,-40" />
</Scene>
<Scene>
<INIT seed="0,2,0,4,5,85" ten="409,210,171,210" oya="0" hai0="20,87,36,55,75,78,46,99,112,51,18,15,1" hai1="12,64,84,6,53,45,115,71,0,39,89,135,62" hai2="90,35,83,17,37,66,105,63,97,113,103,9,134" hai3="41,127,76,65,59,30,56,94,4,111,2,47,92"/><T22/><D112/><U131/><E115/><V80/><F113/><W86/><G111/><T61/><D1/><U128/><E0/><V122/><F122/><W126/><G30/><T23/><D36/><U67/><E67/><V117/><F37/><W73/><G65/><T120/><D75/><U124/><E124/><V107/><F134/><W54/><G59/><T14/><D120/><U28/><E28/><V68/><F117/><W101/><G101/><T79/><D99/><U109/><E109/><V25/><F107/><W72/><G72/><T77/><D61/><U42/><E135/><V29/><REACH who="2" step="1"/><F90/><REACH who="2" ten="409,210,161,210" step="2"/><W7/><G127/><T50/><D78/><U24/><E39/><V95/><F95/><W11/><G94/><T5/><D77/><U48/><E89/><V8/><F8/><W74/><G126/><T40/><D79/><U58/><E84/><V104/><F104/><W130/><G92/><T98/><D87/><U43/><E131/><V3/><F3/><W108/><G130/><T116/><D116/><U31/><E128/><V49/><F49/><W19/><G2/><T123/><D123/><U102/><E102/><V34/><F34/><W33/><G33/><T69/><D98/><U13/><E48/><V119/><F119/><W133/><G133/><T114/><D114/><U27/><E62/><V121/><F121/><W44/><G108/><T32/><D32/><U96/><E96/><V82/><F82/><W16/><G74/><T106/><D106/><U100/><E100/><V70/><F70/><W21/><G73/><T26/><D69/><U129/><E71/><RYUUKYOKU ba="2,1" sc="409,-10,210,-10,161,30,210,-10" hai2="9,17,25,29,35,63,66,68,80,83,97,103,105" />
</Scene>
<Scene>
<INIT seed="1,3,1,5,3,120" ten="399,200,191,200" oya="1" hai0="69,128,12,18,127,67,77,110,46,9,68,41,2" hai1="48,34,118,31,101,103,100,62,17,135,24,55,70" hai2="1,133,15,74,6,122,61,13,7,87,97,40,79" hai3="76,38,105,5,27,33,20,42,115,35,30,75,36"/><U60/><E118/><V52/><F122/><W131/><G115/><T134/><D127/><U129/><E129/><V90/><F133/><W78/><G105/><T72/><D128/><U71/><E135/><V81/><F40/><W130/><G5/><T80/><D134/><U86/><E17/><V112/><F112/><W32/><G42/><T96/><D96/><U119/><E119/><V89/><F1/><W126/><G126/><T94/><D94/><U99/><E86/><V109/><F97/><W88/><G75/><T16/><D67/><U0/><E0/><V57/><F109/><W49/><G49/><T53/><D110/><U92/><E62/><V43/><F43/><W45/><G45/><T132/><D132/><U8/><E8/><N who="2" m="4247" /><F74/><W121/><G121/><T114/><D114/><U84/><E84/><V11/><AGARI ba="3,1" hai="7,11,15,52,57,61,79,81,87,89,90" m="4247" machi="11" ten="30,2000,0" yaku="8,1,54,1" doraHai="120" who="2" fromWho="2" sc="399,-8,200,-13,191,39,200,-8" />
</Scene>
<Scene>
<INIT seed="2,0,0,4,2,121" ten="391,187,230,192" oya="2" hai0="90,108,110,76,15,127,58,120,104,24,94,129,10" hai1="83,69,98,57,131,56,122,78,41,103,63,0,100" hai2="72,119,1,68,135,26,54,102,123,35,95,73,27" hai3="50,70,65,46,126,99,84,82,124,96,29,8,107"/><V45/><F123/><W37/><G37/><T49/><D120/><U5/><E122/><V34/><F119/><W6/><G29/><T9/><D104/><U13/><E131/><V44/><F1/><W106/><G65/><T97/><D76/><U32/><E32/><V59/><F68/><W60/><G60/><T22/><D127/><U112/><E0/><V130/><F130/><W30/><G30/><T25/><D129/><U33/><E33/><V87/><F135/><W109/><G70/><T16/><D24/><N who="2" m="9258" /><F73/><W31/><G31/><T39/><D39/><U48/><E112/><V7/><F72/><W40/><G107/><T125/><D125/><U62/><E69/><V85/><F7/><W114/><G106/><T101/><D101/><U12/><E5/><V21/><F34/><W38/><G38/><T20/><D20/><U118/><E118/><V67/><F35/><W23/><G23/><T128/><D128/><U51/><E83/><V79/><F21/><W4/><G4/><T133/><D133/><U74/><E74/><V92/><F67/><W105/><G105/><T28/><REACH who="0" step="1"/><D9/><REACH who="0" ten="381,187,230,192" step="2"/><U43/><E78/><V53/><F102/><W52/><G126/><T55/><AGARI ba="0,1" hai="10,15,16,22,25,28,49,55,58,90,94,97,108,110" machi="55" ten="30,12000,2" yaku="1,1,2,1,0,1,52,2,54,1,53,1" doraHai="121" doraHaiUra="88" who="0" fromWho="0" sc="381,130,187,-30,230,-60,192,-30" />
</Scene>
<Scene>
<INIT seed="3,0,0,3,3,24" ten="511,157,170,162" oya="3" hai0="29,27,80,126,1,131,82,55,52,84,134,108,15" hai1="129,109,135,111,19,93,43,61,122,22,13,74,127" hai2="70,87,99,63,95,94,34,33,60,76,89,37,62" hai3="3,125,83,48,113,114,17,112,96,36,91,6,128"/><W16/><G36/><T11/><D1/><U75/><E122/><V101/><F70/><W38/><G38/><T9/><D108/><N who="1" m="41547" /><E127/><V12/><F37/><W8/><G125/><T90/><D126/><U54/><E129/><V64/><F64/><W132/><G132/><T100/><D134/><U31/><E135/><V51/><F76/><W119/><G119/><T30/><D131/><U10/><E43/><V57/><REACH who="2" step="1"/><F12/><REACH who="2" ten="511,157,160,162" step="2"/><W103/><G128/><T14/><D15/><U47/><E93/><V25/><F25/><W104/><REACH who="3" step="1"/><G48/><REACH who="3" ten="511,157,160,152" step="2"/><T98/><D14/><U85/><E13/><V79/><F79/><W97/><G97/><T18/><D98/><U46/><E10/><V92/><F92/><W23/><G23/><T35/><D11/><U39/><E22/><V5/><F5/><W45/><G45/><T123/><D9/><U68/><E46/><V40/><F40/><W116/><G116/><T7/><D123/><U106/><E47/><V41/><F41/><W56/><G56/><T118/><D7/><U121/><E39/><V120/><F120/><W88/><G88/><T117/><D118/><U124/><E121/><V59/><F59/><W58/><G58/><T28/><D117/><U107/><E124/><V86/><F86/><AGARI ba="0,2" hai="3,6,8,16,17,83,86,91,96,103,104,112,113,114" machi="86" ten="40,3900,0" yaku="1,1,54,1,53,0" doraHai="24" doraHaiUra="133" who="3" fromWho="2" sc="511,0,157,0,160,-39,152,59" />
</Scene>
<Scene>
<INIT seed="3,1,0,5,5,48" ten="511,157,121,211" oya="3" hai0="99,42,66,78,39,89,52,40,84,126,86,51,115" hai1="119,20,87,107,74,106,110,132,65,13,127,15,44" hai2="92,133,9,93,41,23,116,61,58,80,19,120,75" hai3="64,32,134,29,88,111,7,85,121,28,91,123,83"/><W114/><G114/><T11/><D115/><U49/><E110/><V67/><F116/><W18/><G134/><T50/><D126/><U17/><E74/><V12/><F133/><W5/><G111/><T60/><D39/><U68/><E132/><V69/><F120/><W82/><G32/><T73/><D73/><U95/><E127/><V30/><F41/><W35/><G35/><T100/><D51/><U105/><E119/><V129/><F129/><W79/><G64/><T63/><D78/><U47/><E65/><V34/><F34/><W96/><G96/><T102/><D11/><U117/><E68/><V24/><F75/><W22/><G123/><T122/><D122/><U104/><E117/><V57/><F69/><W101/><G101/><T27/><D27/><U25/><N who="1" m="27136" /><DORA hai="4" /><U103/><E44/><V135/><F135/><W8/><G8/><T16/><D16/><U10/><E103/><V26/><F80/><W124/><G124/><T55/><D66/><U38/><E38/><V112/><F112/><W53/><G79/><T125/><D50/><U113/><E113/><V46/><F46/><W76/><G76/><T31/><D125/><U109/><E109/><V36/><F36/><W70/><G70/><T131/><D89/><N who="1" m="53695" /><E10/><V98/><F26/><W56/><G121/><T81/><D31/><U72/><E72/><V118/><F118/><W43/><G43/><T45/><D45/><U21/><E21/><V130/><F58/><W108/><G108/><T94/><D40/><U90/><E90/><N who="2" m="55575" /><F130/><W3/><G56/><T1/><D131/><U62/><E62/><RYUUKYOKU ba="1,0" sc="511,-15,157,15,121,15,211,-15" hai1="13,15,17,20,25,47,49" hai2="9,12,19,23,24,30,57,61,67,93" />
</Scene>
<Scene>
<INIT seed="4,2,0,3,3,38" ten="496,172,136,196" oya="0" hai0="109,35,79,33,119,18,114,120,13,90,0,117,133" hai1="82,118,86,104,96,34,7,135,48,116,131,134,64" hai2="108,89,83,127,32,23,8,29,11,132,93,92,98" hai3="97,43,62,44,10,15,45,123,130,57,65,6,77"/><T9/><D79/><U112/><E34/><N who="0" m="12809" /><D90/><U71/><E7/><V17/><F108/><W84/><G130/><T87/><D87/><U75/><E75/><V4/><F127/><W52/><G123/><T81/><D81/><U94/><E104/><V128/><F128/><W25/><G25/><T122/><D109/><U67/><E131/><V41/><F132/><N who="1" m="50729" /><E48/><V105/><F105/><W69/><G97/><T115/><D133/><U125/><E125/><V88/><F83/><W27/><G27/><T2/><D122/><U63/><E64/><V61/><F32/><W51/><G77/><T113/><D120/><U3/><E3/><AGARI ba="2,0" hai="0,2,3,9,13,18,113,114,115,117,119" m="12809" machi="3" ten="40,7700,0" yaku="15,1,34,2" doraHai="38" who="0" fromWho="1" sc="496,83,172,-83,136,0,196,0" />
</Scene>
<Scene>
<INIT seed="4,3,0,3,1,56" ten="579,89,136,196" oya="0" hai0="39,92,6,101,112,114,109,36,59,72,4,103,124" hai1="66,9,24,77,89,105,13,69,10,128,134,99,63" hai2="67,111,16,29,86,107,132,133,65,45,81,80,5" hai3="79,58,14,34,102,120,129,11,98,0,60,130,131"/><T57/><D124/><U87/><E128/><V47/><F111/><W118/><G118/><T75/><REACH who="0" step="1"/><D92/><REACH who="0" ten="569,89,136,196" step="2"/><U26/><E134/><V20/><F133/><W93/><G120/><T78/><D78/><U53/><E77/><V123/><F132/><W27/><G79/><T51/><D51/><U43/><E105/><V70/><F107/><W28/><G0/><T32/><D32/><U25/><E99/><V74/><F123/><W115/><G115/><T46/><D46/><U96/><E96/><V17/><F45/><W108/><G108/><AGARI ba="3,1" hai="4,6,36,39,57,59,72,75,101,103,108,109,112,114" machi="108" ten="25,4800,0" yaku="1,1,22,2,53,0" doraHai="56" doraHaiUra="31" who="0" fromWho="3" sc="569,67,89,0,136,0,196,-57" />
</Scene>
<Scene>
<INIT seed="4,4,0,0,5,93" ten="636,89,136,139" oya="0" hai0="12,11,49,130,57,10,58,50,102,76,8,0,135" hai1="27,61,53,19,103,25,71,29,133,91,84,62,132" hai2="92,87,74,5,126,112,2,104,81,4,64,43,101" hai3="52,45,127,94,65,42,14,34,9,109,134,68,115"/><T95/><D130/><U90/><E103/><V41/><F64/><W36/><G109/><T40/><D0/><U77/><E77/><N who="2" m="44215" /><F112/><W59/><G34/><T69/><D69/><U108/><E108/><V17/><F126/><W70/><G127/><T48/><D76/><U51/><E19/><V82/><F17/><W86/><G134/><N who="1" m="51818" /><E71/><V121/><F121/><W24/><G24/><N who="1" m="9290" /><E29/><V23/><F23/><W55/><G55/><T32/><D32/><U122/><E122/><V118/><F101/><W7/><G65/><T39/><D135/><U107/><E107/><V13/><F104/><W56/><G56/><T131/><D131/><U83/><E90/><V129/><F129/><W117/><G115/><T20/><D40/><U123/><E123/><V31/><F43/><W78/><G78/><T30/><D39/><U35/><E35/><V119/><F31/><W120/><G120/><T15/><D30/><U63/><E63/><V60/><F60/><W3/><G70/><T72/><D72/><U28/><E28/><V99/><F41/><W100/><G68/><T80/><D80/><U21/><E21/><V26/><F82/><W33/><G33/><T46/><D20/><U88/><E91/><V79/><F79/><W110/><G110/><T97/><D46/><AGARI ba="4,0" hai="46,51,53,61,62,83,84,88" m="9290,51818" machi="46" ten="30,2000,0" yaku="20,1,54,1" doraHai="93" who="1" fromWho="0" sc="636,-32,89,32,136,0,139,0" />
</Scene>
<Scene>
<INIT seed="5,0,0,5,0,83" ten="604,121,136,139" oya="1" hai0="49,52,38,8,36,103,1,111,45,37,27,46,4" hai1="84,109,113,73,102,32,131,9,72,123,12,130,31" hai2="33,0,57,68,81,125,100,21,108,122,97,71,91" hai3="82,47,114,75,119,26,39,128,55,34,30,64,92"/><U66/><E123/><V35/><F108/><W62/><G128/><N who="1" m="49194" /><E109/><V85/><F122/><W22/><G114/><T107/><D111/><U58/><E113/><V104/><F0/><W5/><G119/><T24/><D107/><U74/><E102/><V135/><F135/><W15/><G92/><T10/><D103/><U133/><E133/><V117/><F117/><W95/><G95/><T42/><D10/><U129/><N who="1" m="49202" /><U80/><DORA hai="99" /><E31/><V124/><F57/><W121/><G121/><T7/><D7/><N who="1" m="3135" /><E32/><N who="2" m="12363" /><F21/><W101/><G101/><T61/><D61/><N who="1" m="38199" /><E72/><V67/><F67/><W60/><G64/><T77/><D77/><AGARI ba="0,0" hai="73,74,77,80,84" m="38199,3135,49202" machi="77" ten="40,3900,0" yaku="19,1,52,1" doraHai="83,99" who="1" fromWho="0" sc="604,-39,121,39,136,0,139,0" />
</Scene>
<Scene>
<INIT seed="5,1,0,1,1,40" ten="565,160,136,139" oya="1" hai0="96,49,20,102,26,65,14,57,125,32,124,92,59" hai1="33,120,106,31,53,38,47,97,51,48,28,117,99" hai2="36,83,1,8,7,115,11,0,94,62,19,74,108" hai3="54,64,80,110,88,16,4,134,91,22,103,84,39"/><U132/><E117/><V87/><F108/><W82/><G39/><T5/><D32/><U55/><E38/><V131/><F36/><W130/><G110/><T75/><D75/><U3/><E3/><V42/><F42/><W15/><G134/><T30/><D49/><U43/><E132/><V90/><F131/><W52/><G130/><T119/><D119/><U100/><E120/><V67/><F115/><W41/><G41/><T133/><D133/><U46/><E33/><V76/><F19/><W27/><G103/><T71/><D71/><U45/><E43/><V72/><F72/><W24/><G64/><T86/><D86/><U118/><E118/><V121/><F121/><W21/><G4/><T93/><D93/><U63/><E63/><V25/><F25/><N who="3" m="9803" /><G22/><T35/><D35/><U128/><E128/><V127/><F127/><N who="0" m="48714" /><D65/><U107/><E45/><V95/><F95/><W77/><G82/><T23/><D20/><U18/><E18/><V79/><F79/><W56/><G54/><T78/><D78/><U10/><E10/><AGARI ba="1,0" hai="5,10,14,23,26,30,57,59,92,96,102" m="48714" machi="10" ten="30,1000,0" yaku="18,1" doraHai="40" who="0" fromWho="1" sc="565,13,160,-13,136,0,139,0" />
</Scene>
<Scene>
<INIT seed="6,0,0,0,3,56" ten="578,147,136,139" oya="2" hai0="13,50,5,57,73,55,97,59,24,45,33,104,78" hai1="75,16,115,15,80,21,38,102,52,84,19,94,111" hai2="90,93,7,96,63,89,127,72,134,108,100,117,32" hai3="110,79,128,88,91,64,135,85,53,43,49,109,2"/><V81/><F32/><W129/><G2/><T25/><D73/><U29/><E111/><N who="3" m="42506" /><G64/><T67/><D78/><U47/><E75/><V130/><F108/><W131/><G43/><T71/><D71/><U0/><E0/><V61/><F117/><W82/><G53/><T37/><D37/><U58/><E29/><V3/><F127/><W23/><G23/><T119/><D119/><U42/><E19/><V87/><F130/><W46/><G49/><T114/><D114/><U1/><E115/><V8/><F134/><W122/><G46/><T83/><D83/><U18/><E18/><V62/><REACH who="2" step="1"/><F72/><REACH who="2" ten="578,147,126,139" step="2"/><N who="3" m="43367" /><G135/><T123/><D33/><U112/><E112/><V44/><F44/><W30/><G30/><T105/><D45/><U39/><E47/><V41/><F41/><W95/><G122/><T69/><D123/><U14/><E42/><V86/><F86/><W118/><G118/><T28/><D97/><U48/><E38/><V70/><F70/><W107/><G107/><T36/><D69/><U54/><E39/><V133/><F133/><W126/><G126/><T124/><D36/><U40/><E40/><V76/><AGARI ba="0,1" hai="3,7,8,61,62,63,76,81,87,89,90,93,96,100" machi="76" ten="30,12000,1" yaku="1,1,0,1,52,3,53,0" doraHai="56" doraHaiUra="116" who="2" fromWho="2" sc="578,-40,147,-40,126,130,139,-40" />
</Scene>
<Scene>
<INIT seed="6,1,0,1,1,40" ten="538,107,256,99" oya="2" hai0="31,120,83,65,102,58,34,19,60,2,23,100,33" hai1="95,36,87,12,130,5,94,17,74,10,25,51,38" hai2="108,16,131,112,86,134,11,44,55,85,110,53,98" hai3="80,75,78,1,39,73,0,106,43,71,77,47,129"/><V84/><F112/><W105/><G129/><T14/><D120/><U66/><E74/><V109/><F131/><W69/><G78/><T67/><D2/><N who="3" m="1129" /><G75/><T13/><D67/><U91/><E130/><V50/><F134/><W103/><G103/><T52/><D14/><U41/><E66/><V30/><F30/><W21/><G21/><T54/><D83/><N who="1" m="49663" /><E36/><V27/><F98/><W6/><G6/><T116/><D116/><U122/><E38/><V7/><F7/><W68/><AGARI ba="1,0" hai="39,43,47,68,69,71,73,77,80,105,106" m="1129" machi="68" ten="40,5200,0" yaku="33,2,52,1" doraHai="40" who="3" fromWho="3" sc="538,-14,107,-14,256,-27,99,55" />
</Scene>
<Scene>
<INIT seed="7,0,0,4,4,2" ten="524,93,229,154" oya="3" hai0="8,62,115,3,94,103,127,20,87,42,68,120,77" hai1="1,124,86,25,84,113,16,126,50,70,135,26,64" hai2="66,90,97,116,107,13,93,78,27,117,44,17,9" hai3="52,22,18,81,32,101,53,75,55,34,131,76,54"/><W21/><G131/><T41/><D20/><U132/><E1/><V51/><F78/><W31/><G101/><T119/><D8/><U118/><E50/><V7/><F107/><W123/><G123/><T58/><D87/><U43/><E43/><V49/><F66/><W89/><G89/><T98/><D58/><U61/><E113/><V134/><F134/><W104/><G104/><T4/><D62/><U29/><E118/><V39/><F39/><W95/><G95/><T12/><D98/><U65/><E61/><V102/><F51/><W109/><G109/><T67/><D94/><U82/><E82/><V47/><F47/><W74/><G75/><T48/><D67/><U38/><E38/><V91/><F117/><W60/><G31/><T79/><D12/><U133/><E29/><V105/><F105/><W37/><G37/><T57/><D103/><U5/><E135/><V15/><F27/><W24/><REACH who="3" step="1"/><G22/><REACH who="3" ten="524,93,229,144" step="2"/><T100/><D100/><U40/><E70/><V23/><F116/><W56/><AGARI ba="0,1" hai="18,21,24,32,34,52,53,54,55,56,60,74,76,81" machi="56" ten="30,12000,1" yaku="1,1,2,1,0,1,54,1,53,1" doraHai="2" doraHaiUra="72" who="3" fromWho="3" sc="524,-40,93,-40,229,-40,144,130" />
</Scene>
<Scene>
<INIT seed="7,1,0,4,1,40" ten="484,53,189,274" oya="3" hai0="109,1,78,23,81,44,130,31,80,96,9,126,52" hai1="27,105,39,74,83,42,87,90,64,131,95,71,30" hai2="51,12,79,108,57,107,123,101,61,93,121,135,2" hai3="62,46,50,129,94,13,7,29,37,26,103,22,69"/><W11/><G37/><T34/><D109/><U86/><E131/><V88/><F2/><W73/><G73/><T122/><D122/><U55/><E74/><V15/><F108/><W106/><G106/><T45/><D130/><U18/><E105/><V32/><F32/><W35/><G129/><T36/><D34/><U89/><E18/><V98/><F79/><W104/><G104/><T53/><D96/><U72/><E72/><V133/><F51/><W0/><G69/><T66/><D66/><U120/><E120/><N who="2" m="46155" /><F12/><W25/><G62/><T17/><D1/><U10/><E10/><V5/><F15/><W128/><G128/><T115/><D36/><U117/><E117/><V112/><F5/><W14/><G94/><T97/><D97/><U110/><E110/><V6/><F6/><W75/><G103/><T41/><D41/><U134/><E134/><V58/><F58/><W68/><G68/><T132/><D115/><U33/><E71/><V91/><F112/><W56/><G56/><T47/><D126/><U102/><E102/><V113/><F113/><W60/><G75/><T63/><D132/><N who="2" m="50762" /><F93/><W111/><G111/><T48/><D31/><U127/><E127/><V114/><F114/><W16/><REACH who="3" step="1"/><G60/><REACH who="3" ten="484,53,189,264" step="2"/><T67/><D63/><U124/><E124/><V125/><F125/><W49/><G49/><T54/><D48/><U28/><E95/><V8/><F61/><W24/><G24/><T20/><D67/><U65/><E27/><V76/><F101/><W92/><G92/><T59/><D59/><U70/><E64/><V38/><F107/><W84/><G84/><RYUUKYOKU ba="1,1" sc="484,-10,53,-10,189,-10,264,30" hai3="0,7,11,13,14,16,22,25,26,29,35,46,50" />
</Scene>
<Scene>
<INIT seed="7,2,1,5,2,56" ten="474,43,179,294" oya="3" hai0="132,66,129,100,72,58,49,17,76,115,59,91,32" hai1="3,20,35,24,73,34,118,127,43,79,95,83,51" hai2="57,89,18,53,126,130,62,60,46,92,16,40,67" hai3="13,25,69,12,11,134,29,121,52,90,96,48,87"/><W41/><G121/><T93/><D32/><U86/><E3/><V124/><F130/><W15/><G69/><T131/><D132/><U64/><E118/><V77/><F77/><W80/><G134/><T9/><D100/><U71/><E127/><N who="2" m="48683" /><F92/><W63/><G96/><T42/><D115/><U101/><E43/><V21/><F89/><W31/><G25/><T30/><D30/><U14/><E14/><V97/><F97/><W22/><G22/><T88/><D76/><U74/><E51/><N who="2" m="27079" /><F21/><W94/><G11/><T78/><D72/><U6/><E6/><V135/><F135/><W123/><G123/><T10/><D78/><U98/><E73/><V104/><F104/><W55/><G94/><T85/><D91/><U39/><E39/><V103/><F103/><W27/><G27/><T113/><D113/><U75/><E75/><V8/><F8/><W128/><G128/><N who="0" m="49227" /><D17/><U107/><E20/><V26/><F26/><W122/><G122/><T70/><D70/><AGARI ba="2,1" hai="16,18,53,57,60,62,67,70" m="27079,48683" machi="70" ten="30,7700,0" yaku="18,1,52,2,54,1" doraHai="56" who="2" fromWho="0" sc="474,-83,43,0,179,93,294,0" owari="391,50.0,43,-46.0,272,-13.0,294,9.0" />
</Scene>
</mjloggm>