<mjloggm ver="2.3"><GO type="169" lobby="0"/><UN n0="%E3%82%B7%E3%83%A3%E3%83%BC%E3%83%AA%E3%83%97%E3%83%88%E3%83%A9" n1="%79%75%2D%2D%2D%2D%2D%75" n2="%E3%83%9E%E3%83%A1%E3%83%9D%E3%82%B3" n3="%E5%A4%AA%E3%81%8F%E3%81%AA%E3%81%84%E3%81%8A" dan="16,17,16,19" rate="2111.60,2171.60,2064.80,2309.16" sx="M,M,M,F"/><TAIKYOKU oya="0"/>

<Scene>
<INIT seed="0,0,0,1,2,80" ten="250,250,250,250" oya="0" hai0="11,123,59,68,16,116,105,132,5,39,74,92,106" hai1="94,81,53,58,3,78,83,110,31,33,6,61,51" hai2="117,127,14,108,73,35,38,93,107,21,17,70,56" hai3="15,135,102,4,22,18,63,7,119,66,55,29,49"/><T54/><D68/><U52/><E110/><V64/><F107/><W71/><G119/><T129/><D39/><U118/><E118/><V9/><F35/><W20/><G102/><T43/><D43/><U46/><E33/><V103/><F38/><W134/><G29/><T48/><D74/><U44/><E31/><V2/><F73/><W69/><G69/><T95/><D116/><U122/><E122/><V87/><F70/><W10/><G22/><T47/><D123/><U109/><E109/><V128/><F108/><W60/><G60/><T75/><D75/><U40/><E3/><V45/><F45/><W98/><G98/><T90/><D95/><U50/><E6/><V12/><F2/><W57/><REACH who="3" step="1"/><G4/><REACH who="3" ten="250,250,250,240" step="2"/><T91/><D5/><U27/><E27/><AGARI ba="0,1" hai="7,10,15,18,20,27,49,55,57,63,66,71,134,135" machi="27" ten="40,2600,0" yaku="1,1,2,1,53,0" doraHai="80" doraHaiUra="111" who="3" fromWho="1" sc="250,0,250,-26,250,0,240,36" />
</Scene>
<Scene>
<INIT seed="1,0,0,1,4,125" ten="250,224,250,276" oya="1" hai0="75,33,20,11,120,103,50,122,10,90,48,1,15" hai1="32,62,51,7,17,121,105,134,113,111,14,92,97" hai2="67,85,126,22,117,46,5,61,71,30,98,118,55" hai3="44,109,0,42,114,131,104,16,99,37,102,58,56"/><U3/><E121/><N who="0" m="46697" /><D33/><U108/><E113/><V9/><F126/><W19/><G114/><T91/><D75/><U132/><E32/><V127/><F127/><W65/><G0/><T94/><D103/><U133/><E105/><V23/><F98/><W84/><G109/><N who="1" m="42058" /><E62/><V129/><F85/><W130/><G84/><N who="0" m="52551" /><D91/><N who="1" m="55455" /><E51/><N who="0" m="19497" /><D1/><U110/><N who="1" m="42066" /><U69/><DORA hai="78" /><E69/><V38/><F71/><W112/><G112/><T6/><D10/><N who="1" m="2431" /><E134/><V28/><F61/><N who="3" m="38055" /><G58/><T124/><D124/><U93/><E93/><V107/><F107/><W63/><G63/><T82/><D82/><U115/><E115/><V45/><F67/><W119/><G119/><T2/><D2/><U106/><E106/><V76/><F117/><W41/><G41/><T12/><D12/><U25/><E25/><V57/><F118/><W8/><G8/><AGARI ba="0,0" hai="8,14,17,132,133" m="2431,55455,42066" machi="8" ten="40,3900,0" yaku="14,1,10,1" doraHai="125,78" who="1" fromWho="3" sc="250,0,224,39,250,0,276,-39" />
</Scene>
<Scene>
<INIT seed="1,1,0,1,3,117" ten="250,263,250,237" oya="1" hai0="59,90,57,91,27,95,123,42,119,10,18,44,75" hai1="39,4,67,38,20,26,43,53,36,16,46,3,21" hai2="100,69,11,128,131,19,41,103,51,64,86,14,47" hai3="6,68,9,13,56,83,105,28,61,120,30,118,101"/><U71/><E53/><V104/><F86/><W73/><G68/><T110/><D75/><U48/><E20/><V94/><F94/><W98/><G118/><T116/><D110/><U25/><E25/><V76/><F76/><W15/><G120/><T35/><D119/><U122/><E122/><V84/><F84/><W130/><G130/><N who="2" m="49705" /><F104/><W70/><G70/><T34/><D123/><U22/><E22/><V49/><F49/><W126/><G126/><T124/><D124/><U111/><E111/><V63/><AGARI ba="1,0" hai="11,14,19,41,47,51,63,64,69,100,103" m="49705" machi="63" ten="30,1100,0" yaku="19,1" doraHai="117" who="2" fromWho="2" sc="250,-4,263,-6,250,14,237,-4" />
</Scene>
<Scene>
<INIT seed="2,0,0,4,3,121" ten="246,257,264,233" oya="2" hai0="8,118,129,103,126,0,92,97,72,124,111,120,88" hai1="75,61,24,87,27,115,21,110,22,52,12,30,55" hai2="36,116,113,60,14,80,64,18,56,122,71,40,34" hai3="98,1,102,70,134,25,51,73,93,45,65,95,105"/><V9/><F122/><W23/><G1/><T69/><D120/><U57/><E75/><V91/><F116/><W20/><G73/><T39/><D69/><U44/><E115/><V63/><F34/><W59/><G70/><T7/><D39/><U74/><E74/><V132/><F113/><W82/><G134/><T133/><D133/><U31/><E110/><V6/><F132/><W83/><G105/><T11/><D129/><U108/><E108/><V28/><F28/><W49/><G93/><T90/><D111/><U35/><E87/><V76/><F91/><W117/><G117/><T62/><D118/><U104/><E104/><V3/><F36/><W41/><G20/><T78/><D62/><U94/><E94/><V119/><F40/><W81/><G51/><T127/><REACH who="0" step="1"/><D11/><REACH who="0" ten="236,257,264,233" step="2"/><U17/><E61/><V130/><F119/><W66/><REACH who="3" step="1"/><G59/><REACH who="3" ten="236,257,264,223" step="2"/><T4/><D4/><U37/><E57/><V109/><F130/><W96/><G96/><T48/><D48/><U29/><E37/><V50/><F109/><W112/><G112/><T107/><D107/><U85/><E35/><V101/><F50/><W2/><G2/><T38/><D38/><U10/><E10/><V89/><F3/><W16/><AGARI ba="0,2" hai="16,23,25,41,45,49,65,66,81,82,83,95,98,102" machi="16" ten="30,7900,0" yaku="1,1,0,1,8,1,54,1,53,0" doraHai="121" doraHaiUra="100" who="3" fromWho="3" sc="236,-20,257,-20,264,-39,223,99" />
</Scene>
<Scene>
<INIT seed="3,0,0,4,1,60" ten="216,237,225,322" oya="3" hai0="88,131,5,96,10,0,76,102,67,17,41,87,99" hai1="50,25,8,74,58,27,56,68,19,28,52,93,66" hai2="61,20,83,81,72,128,42,82,57,104,51,69,121" hai3="31,14,64,119,92,32,62,55,134,63,49,26,43"/><W3/><G3/><T24/><D131/><U48/><E74/><V115/><F115/><W111/><G119/><T105/><D41/><U112/><E112/><V4/><F104/><W22/><G134/><T29/><D76/><U78/><E78/><V90/><F128/><W114/><G114/><T16/><D99/><U116/><E116/><V34/><F34/><W91/><G43/><T9/><D9/><U106/><E106/><V47/><F121/><W73/><G73/><T122/><D67/><U123/><E123/><V75/><F69/><W33/><G111/><T97/><D97/><U95/><E68/><V126/><F126/><W36/><G36/><T40/><D40/><U132/><E132/><V127/><F127/><W117/><G117/><T30/><D30/><U89/><E93/><V85/><F4/><W77/><G77/><T18/><D18/><U7/><E19/><V80/><REACH who="2" step="1"/><F20/><REACH who="2" ten="216,237,215,322" step="2"/><W98/><G33/><T37/><D122/><U35/><E35/><V15/><F15/><W101/><G14/><T11/><D11/><U94/><E8/><V103/><F103/><W12/><G12/><T135/><D135/><U39/><E7/><V46/><F46/><N who="3" m="28087" /><G32/><T44/><D44/><U108/><E25/><V71/><F71/><N who="3" m="42391" /><G101/><T129/><D129/><U109/><E27/><V110/><F110/><W6/><G6/><T124/><D124/><U113/><E109/><V13/><F13/><W45/><G45/><T79/><D24/><U23/><E108/><V133/><F133/><W120/><G120/><T38/><D0/><U70/><E113/><V125/><F125/><RYUUKYOKU ba="0,1" sc="216,-15,237,-15,215,15,322,15" hai2="42,47,51,57,61,72,75,80,81,82,83,85,90" hai3="22,26,31,63,91,92,98" />
</Scene>
<Scene>
<INIT seed="3,1,1,4,2,98" ten="201,222,230,337" oya="3" hai0="38,7,22,71,89,15,104,84,106,73,64,119,129" hai1="101,110,14,122,52,61,23,60,112,113,13,43,50" hai2="94,34,16,18,37,33,9,83,30,47,58,85,3" hai3="72,24,26,4,81,51,66,135,92,75,20,108,62"/><W107/><G107/><T29/><D73/><U79/><E122/><V55/><F94/><W42/><G4/><T63/><D119/><U10/><E79/><V69/><F69/><W57/><G135/><T0/><D129/><U114/><E110/><V32/><F30/><W117/><G117/><T133/><D133/><U103/><E43/><V67/><F3/><W118/><G118/><T1/><D38/><U127/><E127/><V25/><F25/><W44/><G108/><T74/><D74/><U35/><E35/><V28/><F28/><W80/><G72/><T27/><D0/><U102/><E23/><V115/><F9/><W54/><G75/><T19/><D7/><U68/><E68/><V41/><F67/><W95/><G26/><T132/><D1/><U130/><E130/><V76/><REACH who="2" step="1"/><F115/><REACH who="2" ten="201,222,220,337" step="2"/><W111/><G111/><T70/><D70/><U99/><E99/><V128/><F128/><W120/><G120/><T39/><D132/><U82/><E82/><N who="3" m="31850" /><G66/><T109/><D109/><U124/><E124/><V59/><F59/><W87/><G87/><T121/><D121/><U46/><REACH who="1" step="1"/><E13/><REACH who="1" ten="201,212,220,337" step="2"/><V86/><F86/><W36/><G24/><N who="0" m="16535" /><D84/><U96/><E96/><V8/><F8/><W134/><G134/><T11/><D27/><U21/><E21/><V5/><F5/><AGARI ba="1,3" hai="5,10,14,46,50,52,60,61,101,102,103,112,113,114" machi="5" ten="50,8000,1" yaku="1,1,52,3,54,1,53,0" doraHai="98" doraHaiUra="53" who="1" fromWho="2" sc="201,0,212,113,220,-83,337,0" />
</Scene>
<Scene>
<INIT seed="4,0,0,3,3,130" ten="201,325,137,337" oya="0" hai0="4,125,57,50,47,20,8,123,72,40,83,81,114" hai1="115,128,11,6,110,82,54,25,0,95,70,65,48" hai2="120,60,13,31,101,108,12,97,19,124,74,117,44" hai3="36,39,64,56,37,116,53,118,126,93,14,84,2"/><T135/><D123/><U88/><E110/><V77/><F108/><W62/><G2/><T61/><D114/><U129/><E115/><V59/><F120/><W86/><G14/><T32/><D32/><U63/><E82/><V119/><F124/><W27/><G27/><T76/><D125/><U1/><E25/><V104/><F31/><W90/><G126/><T75/><D20/><U134/><E1/><V103/><F44/><W102/><G102/><T23/><D23/><U17/><E17/><V131/><F103/><W89/><REACH who="3" step="1"/><G64/><REACH who="3" ten="201,325,137,327" step="2"/><T42/><D4/><U35/><E128/><V26/><F131/><W85/><G85/><T55/><D8/><U96/><E129/><V29/><F12/><W58/><G58/><T132/><D40/><U51/><E35/><V30/><F26/><W43/><G43/><T105/><D105/><U10/><E0/><V16/><F13/><W49/><G49/><T91/><D91/><U3/><E48/><V98/><F98/><W100/><G100/><T99/><D99/><U79/><E10/><V68/><F68/><W45/><G45/><T133/><D76/><U5/><E79/><V52/><F77/><W127/><G127/><T24/><D24/><U7/><E11/><V73/><F30/><W94/><AGARI ba="0,1" hai="36,37,39,53,56,62,84,86,89,90,93,94,116,118" machi="94" ten="30,4000,0" yaku="1,1,0,1,9,1,53,0" doraHai="130" doraHaiUra="38" who="3" fromWho="3" sc="201,-20,325,-10,137,-10,327,50" />
</Scene>
<Scene>
<INIT seed="5,0,0,1,3,50" ten="181,315,127,377" oya="1" hai0="129,86,3,109,92,33,27,108,1,91,93,28,59" hai1="62,13,14,122,43,89,77,16,81,40,110,90,54" hai2="63,76,100,64,22,45,75,103,17,98,123,37,36" hai3="51,130,132,20,5,38,117,70,111,124,65,96,120"/><U9/><E122/><V60/><F123/><W25/><G120/><T4/><D129/><U102/><E102/><V10/><F10/><W48/><G38/><T71/><D71/><U34/><E34/><V42/><F37/><W134/><G130/><T84/><D4/><U44/><E110/><V68/><F63/><N who="3" m="40255" /><G111/><T57/><D109/><U126/><E126/><V101/><F75/><W49/><G5/><T133/><D133/><U135/><E135/><N who="3" m="51754" /><G96/><T23/><D108/><U39/><E13/><V99/><REACH who="2" step="1"/><F76/><REACH who="2" ten="181,315,117,377" step="2"/><W2/><G124/><T11/><D11/><U19/><E39/><V52/><F52/><W66/><G66/><T24/><D1/><U112/><E40/><V53/><F53/><W12/><G2/><T97/><D3/><U26/><E43/><V58/><F58/><W32/><G117/><T55/><D59/><N who="1" m="35191" /><E44/><V73/><F73/><W0/><G0/><T72/><D72/><U18/><E112/><V7/><F7/><W46/><G46/><T107/><D107/><U95/><E77/><V125/><F125/><W105/><G105/><T47/><D47/><U121/><E121/><V8/><F8/><W94/><G51/><T116/><D116/><U115/><E115/><V56/><F56/><W106/><G49/><T21/><D57/><U69/><E69/><V31/><F31/><W30/><G48/><T114/><D55/><U87/><E26/><AGARI ba="0,1" hai="17,22,26,36,42,45,60,64,68,98,99,100,101,103" machi="26" ten="40,1300,0" yaku="1,1,53,0" doraHai="50" doraHaiUra="85" who="2" fromWho="1" sc="181,0,315,-13,117,23,377,0" />
</Scene>
<Scene>
<INIT seed="6,0,0,2,2,128" ten="181,302,140,377" oya="2" hai0="9,134,18,71,100,27,68,87,36,43,64,113,29" hai1="93,52,96,77,98,31,120,101,50,106,13,39,130" hai2="92,5,117,105,53,94,90,135,125,54,17,21,123" hai3="111,129,59,24,91,44,16,65,131,0,63,55,40"/><V86/><F105/><W7/><G111/><T46/><D87/><U4/><E39/><V33/><F33/><W76/><G76/><T8/><D113/><U15/><E130/><N who="3" m="49674" /><G91/><T19/><D100/><U114/><E114/><V23/><F123/><W121/><G121/><T34/><D134/><U26/><E77/><V42/><F117/><W89/><G89/><T107/><D107/><U82/><E82/><V115/><F115/><W56/><G7/><T133/><D133/><U85/><E4/><V73/><F73/><W74/><G0/><T124/><D124/><U37/><E37/><V119/><F119/><W127/><G74/><T22/><D64/><U14/><E85/><V102/><F125/><W25/><G16/><T32/><D18/><U95/><E120/><V132/><F5/><W109/><G109/><T79/><D79/><U67/><E67/><V72/><F72/><W75/><G75/><T38/><D38/><U104/><E104/><V66/><F23/><W83/><G83/><T116/><D116/><U118/><E96/><N who="2" m="59671" /><F135/><W112/><G112/><T45/><D45/><U97/><E97/><V58/><F132/><W1/><G1/><T11/><REACH who="0" step="1"/><D34/><REACH who="0" ten="171,302,140,377" step="2"/><N who="1" m="20855" /><E118/><V47/><F47/><W49/><G127/><T20/><D20/><U12/><E106/><V28/><F17/><W84/><G84/><T60/><D60/><AGARI ba="0,1" hai="24,25,40,44,49,55,56,59,60,63,65" m="49674" machi="60" ten="30,1000,0" yaku="19,1" doraHai="128" who="3" fromWho="0" sc="171,-10,302,0,140,0,377,20" />
</Scene>
<Scene>
<INIT seed="7,0,0,3,3,89" ten="161,302,140,397" oya="3" hai0="7,13,40,116,102,108,6,46,81,107,28,79,20" hai1="77,73,129,101,114,93,133,94,48,69,84,52,63" hai2="55,99,135,16,43,41,14,127,5,98,118,131,15" hai3="27,105,31,122,11,76,66,130,106,109,115,72,86"/><W128/><G122/><T9/><D108/><U62/><E73/><V96/><F118/><W97/><G72/><T60/><D116/><U39/><E39/><V88/><F135/><W92/><G109/><T83/><D6/><U67/><E133/><V45/><F131/><N who="3" m="50219" /><G115/><T112/><D112/><U59/><E114/><V104/><F104/><W100/><G66/><T21/><D83/><N who="1" m="47215" /><E69/><V85/><F127/><W19/><G76/><T74/><D60/><N who="1" m="23083" /><E101/><V57/><F5/><W117/><G86/><T49/><D28/><U82/><E129/><V103/><F103/><W35/><G117/><T25/><D25/><U110/><E110/><V90/><F15/><AGARI ba="0,0" hai="11,15,19,27,31,35,92,97,100,105,106" m="50219" machi="15" ten="30,2900,0" yaku="19,1,52,1" doraHai="89" who="3" fromWho="2" sc="161,0,302,0,140,-29,397,29" owari="161,-24.0,302,10.0,111,-39.0,426,53.0" />
</Scene>
</mjloggm>