<mjloggm ver="2.3"><GO type="169" lobby="0"/><UN n0="%62%75%67%79%61%77%69" n1="%E3%83%88%E3%83%BC%E3%83%9E%E3%82%B5" n2="%E3%81%99%E3%81%BF%E3%82%84%E3%81%AB" n3="%E5%A4%AA%E3%81%8F%E3%81%AA%E3%81%84%E3%81%8A" dan="16,16,17,19" rate="2124.87,2101.43,2196.86,2287.50" sx="M,M,M,F"/><TAIKYOKU oya="0"/>

<Scene>
<INIT seed="0,0,0,1,0,118" ten="250,250,250,250" oya="0" hai0="113,61,13,60,38,122,115,96,5,100,107,87,26" hai1="24,116,46,3,19,83,90,27,106,34,85,76,66" hai2="88,30,82,105,91,51,6,65,16,79,17,53,1" hai3="31,133,7,71,129,73,132,112,4,54,70,62,28"/><T135/><D122/><U109/><E116/><V123/><F105/><W102/><G73/><T49/><D38/><U110/><E3/><V15/><F123/><W93/><G112/><T52/><D135/><N who="3" m="51785" /><G129/><T94/><D26/><U75/><E106/><V2/><F2/><W44/><G102/><T58/><D113/><U8/><E66/><V78/><F30/><N who="3" m="11307" /><G93/><T25/><D115/><U95/><E46/><V23/><F65/><N who="3" m="41271" /><G71/><T18/><D25/><U59/><E34/><V134/><F134/><W127/><G127/><T42/><D5/><U117/><E117/><V81/><F1/><W77/><G77/><N who="2" m="29193" /><F17/><W69/><G69/><T111/><D111/><N who="1" m="42507" /><E59/><N who="2" m="33215" /><F6/><W56/><G44/><T50/><D107/><U36/><E36/><V128/><F128/><W11/><G11/><T14/><D14/><AGARI ba="0,0" hai="8,14,19,24,27,75,76,83,85,90,95" m="42507" machi="14" ten="30,1000,0" yaku="14,1" doraHai="118" who="1" fromWho="0" sc="250,-10,250,10,250,0,250,0" />
</Scene>
<Scene>
<INIT seed="1,0,0,3,3,134" ten="240,260,250,250" oya="1" hai0="113,102,54,42,114,75,130,100,91,34,89,109,22" hai1="52,46,133,48,50,19,33,123,65,31,51,131,32" hai2="41,128,64,73,23,117,5,57,76,79,122,26,107" hai3="0,127,2,40,59,95,9,101,58,3,16,4,106"/><U78/><E123/><V93/><F107/><W118/><G106/><T38/><D34/><U99/><E133/><V86/><F122/><W14/><G118/><T135/><D75/><U61/><E78/><V92/><F73/><W66/><G40/><T62/><D135/><U120/><E120/><V6/><F117/><W129/><G129/><T53/><D38/><U111/><E131/><V30/><F41/><W115/><G115/><T25/><D42/><U96/><E19/><V45/><F45/><W83/><G83/><T94/><D130/><U80/><E80/><V18/><F30/><W17/><G127/><T104/><D104/><U119/><E119/><V85/><F85/><W74/><G74/><T11/><D11/><U112/><E112/><V49/><F93/><W35/><G35/><T55/><D109/><U90/><E111/><V68/><F68/><W126/><G126/><T24/><D62/><U116/><E116/><V103/><F103/><W20/><G17/><T72/><D72/><U67/><E33/><V124/><F124/><W84/><G66/><N who="1" m="25098" /><E46/><V97/><F64/><W108/><G108/><T12/><D113/><U98/><E31/><V121/><F121/><W69/><G69/><T28/><D114/><U56/><E32/><V13/><F79/><W77/><G77/><T1/><D1/><U27/><E27/><N who="0" m="10313" /><D28/><U21/><E21/><V60/><F23/><W29/><G29/><T110/><D110/><U10/><E10/><V15/><F128/><W82/><G20/><T47/><D47/><U70/><E70/><V125/><F125/><W87/><G9/><RYUUKYOKU ba="0,0" sc="240,-10,260,30,250,-10,250,-10" hai1="48,50,51,52,56,61,90,96,98,99" />
</Scene>
<Scene>
<INIT seed="1,1,0,5,2,91" ten="230,290,240,240" oya="1" hai0="33,48,45,6,95,76,103,69,2,135,65,62,11" hai1="90,8,41,16,55,31,38,10,14,17,21,73,44" hai2="122,61,60,23,99,74,83,22,115,107,108,113,43" hai3="101,93,126,34,56,27,59,98,42,71,9,128,66"/><U125/><E73/><V92/><F122/><W121/><G121/><T86/><D135/><U110/><E125/><V67/><F107/><W20/><G34/><T52/><D33/><U75/><E75/><V79/><F43/><W84/><G126/><T85/><REACH who="0" step="1"/><D76/><REACH who="0" ten="220,290,240,240" step="2"/><U19/><E110/><V82/><F108/><W89/><G128/><T87/><D87/><U80/><E10/><V77/><F74/><W46/><G9/><T24/><D24/><U30/><E55/><V39/><F99/><AGARI ba="1,1" hai="2,6,11,45,48,52,62,65,69,85,86,95,99,103" machi="99" ten="40,5200,0" yaku="1,1,52,1,54,1,53,0" doraHai="91" doraHaiUra="114" who="0" fromWho="2" sc="220,65,290,0,240,-55,240,0" />
</Scene>
<Scene>
<INIT seed="2,0,0,2,4,26" ten="285,290,185,240" oya="2" hai0="0,45,110,73,85,6,126,14,38,98,82,2,70" hai1="68,104,50,108,39,10,42,33,29,72,56,43,75" hai2="59,120,17,113,79,112,54,135,83,24,34,32,124" hai3="21,37,69,60,20,111,127,90,30,35,22,123,23"/><V51/><F120/><W55/><G123/><T97/><D70/><U28/><E68/><V99/><F124/><W61/><G37/><T47/><D73/><U117/><E117/><V12/><F135/><W77/><G35/><T107/><D126/><U89/><E39/><V58/><F99/><W36/><G36/><T78/><D110/><U57/><E33/><V128/><F128/><W100/><G77/><T129/><D129/><U102/><E102/><V87/><F34/><W52/><G100/><T4/><D14/><U13/><E104/><V53/><F24/><N who="3" m="16647" /><G69/><T122/><D122/><U106/><E106/><V49/><REACH who="2" step="1"/><F32/><REACH who="2" ten="285,290,175,240" step="2"/><W71/><G127/><T62/><D98/><U86/><E108/><V91/><F91/><W93/><G111/><T95/><D107/><U125/><E125/><V5/><F5/><W109/><G109/><T27/><D27/><U121/><E121/><V119/><F119/><W16/><G16/><T101/><D6/><U15/><E89/><V48/><F48/><W1/><G71/><T67/><D4/><U131/><E131/><V132/><F132/><W3/><G3/><T105/><D38/><U84/><E50/><V46/><F46/><N who="0" m="17418" /><D105/><U114/><REACH who="1" step="1"/><E10/><AGARI ba="0,1" hai="10,12,17,49,51,53,54,58,59,79,83,87,112,113" machi="10" ten="30,12000,1" yaku="1,1,7,1,9,1,53,2" doraHai="26" doraHaiUra="44" who="2" fromWho="1" sc="285,0,290,-120,175,130,240,0" />
</Scene>
<Scene>
<INIT seed="2,1,0,2,0,57" ten="285,170,305,240" oya="2" hai0="104,83,32,90,40,127,80,73,92,122,62,65,124" hai1="49,75,71,22,99,111,14,76,4,98,129,15,36" hai2="5,81,91,132,34,70,93,86,1,105,9,94,25" hai3="66,19,3,58,118,96,56,87,28,7,114,38,84"/><V77/><F132/><W46/><G118/><T2/><D122/><U120/><E36/><V78/><F105/><W53/><G28/><T23/><D32/><U121/><E71/><V24/><F70/><W52/><G114/><T126/><D104/><U10/><E111/><V106/><F106/><W102/><G3/><T27/><D40/><U110/><E110/><V68/><F68/><W13/><G7/><T108/><D2/><U101/><E129/><V30/><F25/><W26/><G26/><T60/><D65/><U8/><E22/><V47/><F47/><W100/><G66/><T59/><D59/><U41/><E76/><V74/><REACH who="2" step="1"/><F78/><REACH who="2" ten="285,170,295,240" step="2"/><W97/><G46/><T43/><D108/><U133/><E133/><V61/><F61/><N who="0" m="23658" /><D43/><U21/><E120/><V119/><F119/><W109/><G109/><T117/><D117/><U45/><E121/><V89/><F89/><W44/><G44/><T29/><D73/><U54/><E75/><V134/><F134/><W85/><G56/><T112/><D112/><U130/><E41/><V116/><F116/><W11/><G38/><T123/><D123/><U17/><E101/><N who="3" m="39018" /><G53/><T113/><D113/><U107/><E107/><V35/><F35/><W39/><G39/><T16/><D29/><U125/><E45/><V103/><F103/><W37/><G37/><T55/><D55/><U67/><E54/><V18/><F18/><W33/><G33/><T20/><D20/><U42/><E21/><V79/><F79/><W48/><AGARI ba="1,1" hai="11,13,19,48,52,58,84,85,87,96,97" m="39018" machi="48" ten="30,2000,0" yaku="8,1,54,1" doraHai="57" who="3" fromWho="3" sc="285,-6,170,-6,295,-11,240,33" />
</Scene>
<Scene>
<INIT seed="3,0,0,1,4,53" ten="279,164,284,273" oya="3" hai0="13,1,30,105,45,64,26,83,2,80,61,72,111" hai1="116,29,63,117,52,49,47,134,16,104,10,40,36" hai2="74,11,38,60,79,71,92,78,25,114,77,76,59" hai3="12,103,67,66,122,99,110,42,89,86,85,57,43"/><W135/><G122/><T101/><D111/><U8/><E104/><V18/><F114/><W73/><G73/><T97/><D13/><U62/><E29/><V0/><F38/><W32/><G32/><T109/><D45/><U131/><E131/><V34/><F71/><W93/><G135/><T68/><D109/><U56/><E134/><V35/><F74/><W4/><G110/><T112/><D112/><U44/><E10/><V7/><N who="2" m="19456" /><DORA hai="98" /><V128/><F128/><W54/><G4/><T31/><D31/><U33/><E33/><V39/><F39/><W14/><G14/><T19/><D19/><U75/><E75/><V69/><F69/><W50/><G12/><T119/><D72/><U127/><E16/><V70/><F70/><W95/><G85/><T3/><REACH who="0" step="1"/><D119/><REACH who="0" ten="269,164,284,273" step="2"/><N who="1" m="45643" /><E8/><V121/><F121/><W58/><G58/><T84/><D84/><U65/><E127/><V21/><REACH who="2" step="1"/><F92/><REACH who="2" ten="269,164,274,273" step="2"/><W17/><G17/><T96/><D96/><U51/><E65/><AGARI ba="0,2" hai="0,7,11,18,21,25,34,35,59,60,65" m="19456" machi="65" ten="50,8000,1" yaku="1,1,2,1,52,1,53,1" doraHai="53,98" doraHaiUra="123,6" who="2" fromWho="1" sc="269,0,164,-80,274,100,273,0" /><AGARI ba="0,0" hai="42,43,50,54,57,65,66,67,86,89,93,95,99,103" machi="65" ten="40,7700,0" yaku="8,1,52,2" doraHai="53,98" who="3" fromWho="1" sc="269,0,84,-77,374,0,273,77" />
</Scene>
<Scene>
<INIT seed="3,1,0,1,4,78" ten="269,7,374,350" oya="3" hai0="9,68,100,15,74,18,59,70,36,8,92,126,0" hai1="69,135,122,93,14,3,90,33,64,41,111,48,83" hai2="51,109,86,87,42,94,97,77,63,118,124,26,102" hai3="10,110,35,49,25,71,127,12,19,11,28,56,58"/><W57/><G71/><T23/><D36/><U16/><E3/><V24/><F118/><W132/><G132/><T91/><D100/><U115/><E122/><V95/><F109/><W66/><G127/><T7/><D126/><U121/><E121/><V119/><F119/><W105/><G105/><T31/><D74/><U125/><E115/><V55/><F124/><W117/><G117/><T96/><D31/><U123/><E123/><V39/><F39/><W82/><G110/><T99/><D9/><U89/><E33/><V81/><F42/><W114/><G114/><T133/><D133/><U88/><E125/><V80/><F63/><W4/><G49/><T84/><D99/><U116/><E135/><V130/><F95/><W54/><G66/><T103/><REACH who="0" step="1"/><D59/><REACH who="0" ten="259,7,374,350" step="2"/><U60/><E111/><V34/><F130/><W134/><G134/><T30/><D30/><U13/><E116/><V75/><F75/><W79/><G54/><T44/><D44/><U22/><E14/><V1/><F1/><W108/><G108/><T20/><D20/><U131/><E131/><V40/><F34/><W46/><G46/><T120/><D120/><U52/><E41/><V128/><F40/><W67/><G67/><T37/><D37/><U129/><E129/><V17/><F128/><W53/><G53/><T65/><D65/><U76/><E52/><V50/><F50/><W101/><G101/><T106/><AGARI ba="1,1" hai="0,7,8,15,18,23,68,70,84,91,92,96,103,106" machi="106" ten="20,2700,0" yaku="1,1,0,1,7,1,53,0" doraHai="78" doraHaiUra="107" who="0" fromWho="0" sc="259,40,7,-8,374,-8,350,-14" owari="299,-10.0,-1,-50.0,366,46.0,336,14.0" />
</Scene>
</mjloggm>