<mjloggm ver="2.3"><GO type="169" lobby="0"/><UN n0="%E5%A4%AA%E3%81%8F%E3%81%AA%E3%81%84%E3%81%8A" n1="%6F%6E%65%73%74%61%72" n2="%E3%83%86%E3%83%AC%E3%83%93%E3%81%A3%E5%AD%90" n3="%E3%82%BF%E3%82%B1%E3%82%AA%E3%81%97%E3%82%83%E3%82%93" dan="17,17,17,19" rate="2248.06,2209.85,2146.04,2230.15" sx="M,M,M,M"/><TAIKYOKU oya="0"/>

<Scene>
<INIT seed="0,0,0,5,3,28" ten="250,250,250,250" oya="0" hai0="3,130,39,44,90,14,17,22,77,58,47,94,84" hai1="56,41,34,119,31,82,45,8,116,10,86,114,6" hai2="115,23,21,104,16,51,97,53,50,72,73,96,67" hai3="30,101,100,117,13,83,12,54,89,110,69,75,29"/><T120/><D120/><U113/><E56/><V126/><F115/><N who="1" m="44041" /><E31/><V105/><F67/><W40/><G117/><N who="1" m="45130" /><E6/><V0/><F53/><W118/><G54/><T55/><D130/><U76/><E34/><V26/><F126/><W63/><G40/><T95/><D3/><U122/><E122/><V42/><F0/><W78/><G118/><T49/><D39/><AGARI ba="0,0" hai="8,10,39,41,45,76,82,86" m="45130,44041" machi="39" ten="30,1000,0" yaku="11,1" doraHai="28" who="1" fromWho="0" sc="250,-10,250,10,250,0,250,0" />
</Scene>
<Scene>
<INIT seed="1,0,0,2,5,7" ten="240,260,250,250" oya="1" hai0="40,86,125,0,47,100,94,95,128,89,51,20,10" hai1="43,107,36,13,87,31,104,111,74,57,4,60,88" hai2="28,69,85,124,82,99,65,17,41,131,27,120,42" hai3="50,64,62,16,115,127,116,48,71,132,63,8,67"/><U22/><E74/><V76/><F120/><W109/><G115/><T14/><D125/><U81/><E111/><V73/><F124/><W26/><G127/><T91/><D128/><U122/><E122/><V119/><F119/><W18/><G109/><T84/><D0/><U45/><E31/><V2/><F131/><W37/><G37/><T54/><D100/><U9/><REACH who="1" step="1"/><E22/><REACH who="1" ten="240,250,250,250" step="2"/><V70/><F73/><W24/><G116/><T1/><D20/><U56/><E56/><V105/><F28/><W103/><G71/><T49/><D1/><U112/><E112/><V96/><F69/><W121/><G121/><T46/><D14/><U11/><E11/><AGARI ba="0,1" hai="10,11,40,46,47,49,51,54,84,86,89,91,94,95" machi="11" ten="40,8000,1" yaku="9,1,8,1,52,2" doraHai="7" who="0" fromWho="1" sc="240,90,250,-80,250,0,250,0" />
</Scene>
<Scene>
<INIT seed="2,0,0,1,2,54" ten="330,170,250,250" oya="2" hai0="24,58,35,10,46,121,78,59,125,0,49,32,18" hai1="89,127,45,91,119,30,96,73,97,8,120,98,39" hai2="52,29,65,77,87,103,41,90,36,27,4,114,43" hai3="42,99,118,110,14,122,134,95,23,37,56,81,34"/><V92/><F114/><W85/><G34/><T61/><D121/><U16/><E119/><V9/><F65/><W64/><G118/><T17/><D78/><U6/><E127/><V68/><F68/><W19/><G122/><T38/><D38/><U108/><E108/><V5/><F77/><W53/><G110/><T102/><D102/><U31/><E120/><V25/><F103/><W126/><G134/><T107/><D107/><U67/><E73/><V60/><F36/><W7/><G64/><T100/><D100/><U12/><E67/><V105/><F105/><W128/><G128/><T20/><D125/><U63/><E63/><V2/><F4/><W104/><G104/><T131/><D131/><U84/><E6/><V26/><REACH who="2" step="1"/><F29/><REACH who="2" ten="330,170,240,250" step="2"/><W48/><G7/><T22/><D0/><U113/><E113/><V72/><F72/><W71/><G71/><T33/><D10/><U40/><REACH who="1" step="1"/><E91/><REACH who="1" ten="330,160,240,250" step="2"/><V135/><F135/><W62/><G126/><T109/><D109/><U70/><E70/><V50/><F50/><W66/><G37/><T21/><D61/><U74/><E74/><V112/><F112/><W3/><G3/><T47/><D49/><U101/><E101/><V116/><F116/><W79/><G48/><T117/><D117/><U130/><E130/><V88/><F88/><N who="3" m="55783" /><G66/><T132/><D132/><U86/><E86/><V75/><F75/><W51/><G51/><T106/><D106/><U15/><E15/><V11/><F11/><W133/><G133/><T124/><D124/><U69/><E69/><V57/><AGARI ba="0,2" hai="2,5,9,25,26,27,41,43,52,57,60,87,90,92" machi="57" ten="30,11700,0" yaku="1,1,0,1,52,1,54,1,53,0" doraHai="54" doraHaiUra="13" who="2" fromWho="2" sc="330,-39,160,-39,240,137,250,-39" />
</Scene>
<Scene>
<INIT seed="2,1,0,5,2,21" ten="291,121,377,211" oya="2" hai0="104,101,29,81,35,28,2,90,119,9,87,61,32" hai1="46,8,24,129,76,108,100,17,125,70,27,85,89" hai2="37,126,71,57,12,41,45,68,63,16,42,58,134" hai3="73,18,72,82,77,69,64,4,130,13,53,62,124"/><V133/><F41/><W120/><G120/><T103/><D119/><U96/><E108/><V116/><F116/><W112/><G124/><T111/><D111/><U135/><E125/><V92/><F126/><W79/><G130/><T127/><D127/><U123/><E129/><V5/><F5/><W98/><G112/><T91/><D61/><U25/><E135/><N who="2" m="51723" /><F92/><W55/><G4/><T113/><D113/><U48/><E70/><N who="2" m="26667" /><F63/><W110/><G110/><T67/><D67/><U80/><E123/><V106/><F106/><W122/><G122/><T6/><D104/><U51/><E76/><V102/><F102/><W31/><G98/><T15/><D90/><U54/><E51/><V93/><F93/><W38/><G77/><T60/><D60/><U11/><REACH who="1" step="1"/><E17/><REACH who="1" ten="291,111,377,211" step="2"/><V99/><F99/><W74/><G79/><T22/><D6/><U14/><E14/><V3/><F3/><W26/><G13/><T33/><D2/><U43/><E43/><V49/><F49/><W114/><G114/><T131/><D131/><U75/><E75/><V78/><F78/><W107/><G72/><T121/><D121/><U118/><E118/><V40/><F40/><W23/><G73/><T65/><D65/><U7/><BYE who="0" /><E7/><V59/><F42/><W34/><G64/><T84/><D84/><U97/><E97/><V20/><F37/><W86/><G69/><T56/><D56/><U36/><E36/><V44/><AGARI ba="1,1" hai="12,16,20,44,45,57,58,59" m="26667,51723" machi="44" ten="40,3900,0" yaku="20,1,54,1" doraHai="21" who="2" fromWho="2" sc="291,-14,111,-14,377,52,211,-14" />
</Scene>
<Scene>
<INIT seed="2,2,0,3,4,129" ten="277,97,429,197" oya="2" hai0="95,9,83,72,10,127,69,11,27,38,116,61,53" hai1="51,124,33,5,32,43,45,23,85,108,99,49,50" hai2="105,52,20,62,42,90,13,21,36,12,3,132,82" hai3="134,84,123,110,65,78,34,89,24,44,63,73,120"/><V71/><F3/><W2/><G2/><UN n0="%E5%A4%AA%E3%81%8F%E3%81%AA%E3%81%84%E3%81%8A" /><T60/><D38/><U47/><E108/><V74/><F105/><W54/><G110/><T66/><D127/><U87/><E124/><V25/><F36/><W48/><G78/><T8/><D116/><U68/><E68/><V109/><F42/><W131/><G73/><T64/><D53/><U18/><E5/><V94/><F109/><W100/><G100/><T135/><D135/><U133/><E133/><V4/><F132/><W91/><G131/><T39/><D39/><U98/><E23/><V125/><F125/><W57/><G89/><T1/><D95/><U19/><E50/><V101/><F71/><W115/><G115/><T56/><D27/><U16/><E19/><V75/><F101/><W77/><G77/><T114/><D114/><U6/><REACH who="1" step="1"/><E6/><REACH who="1" ten="277,87,429,197" step="2"/><V29/><F21/><W121/><G134/><T58/><D69/><U26/><E26/><V93/><F4/><W30/><G120/><T111/><D111/><U113/><E113/><V55/><F20/><W88/><REACH who="3" step="1"/><G91/><REACH who="3" ten="277,87,429,187" step="2"/><T79/><D1/><U104/><E104/><V15/><F90/><W14/><G14/><T96/><D79/><U117/><E117/><V103/><F12/><W122/><G122/><T118/><D118/><U67/><E67/><V46/><F15/><W28/><G28/><T92/><D66/><U107/><E107/><V112/><F13/><W81/><AGARI ba="2,2" hai="24,30,34,44,48,54,57,63,65,81,84,88,121,123" machi="81" ten="20,5200,0" yaku="1,1,0,1,7,1,54,1,53,0" doraHai="129" doraHaiUra="70" who="3" fromWho="3" sc="277,-15,87,-15,429,-28,187,78" />
</Scene>
<Scene>
<INIT seed="3,0,0,4,1,119" ten="262,72,401,265" oya="3" hai0="37,109,130,31,0,4,65,48,23,127,103,14,59" hai1="135,20,17,123,75,81,87,16,115,53,110,28,19" hai2="77,121,69,18,70,105,52,83,93,125,29,104,106" hai3="91,3,25,35,95,2,55,11,90,61,120,33,86"/><W39/><G39/><T84/><D37/><U66/><E110/><V118/><F118/><W78/><G78/><T133/><D109/><U97/><E123/><V49/><F29/><W46/><G120/><T129/><D127/><U63/><E135/><V10/><F93/><W24/><G46/><T82/><D133/><U51/><E75/><V132/><F125/><W79/><G79/><T15/><D103/><U92/><E115/><V101/><F101/><W94/><G61/><N who="0" m="38079" /><D0/><U99/><E92/><V56/><F121/><W62/><G62/><T73/><D73/><U126/><E126/><V74/><REACH who="2" step="1"/><F132/><REACH who="2" ten="262,72,391,265" step="2"/><W117/><G117/><T5/><D31/><U41/><E28/><V54/><F54/><W68/><G55/><T22/><D130/><U50/><E53/><V58/><F58/><W12/><G68/><T36/><D129/><U21/><E41/><V57/><F57/><W47/><G47/><T107/><D107/><U6/><E66/><V85/><F85/><W88/><G86/><T43/><D84/><U64/><E87/><V40/><F40/><W100/><G100/><T7/><D43/><U131/><E131/><V116/><F116/><W71/><G71/><T96/><D96/><U45/><E99/><V113/><F113/><W108/><G108/><T102/><D102/><U98/><E97/><V60/><F60/><W80/><G90/><T72/><D72/><U124/><E98/><V32/><F32/><W26/><G33/><T34/><D34/><U27/><E124/><V134/><F134/><W128/><G35/><T89/><D89/><U114/><E114/><RYUUKYOKU ba="0,1" sc="262,-10,72,-10,391,30,265,-10" hai2="10,18,49,52,56,69,70,74,77,83,104,105,106" />
</Scene>
<Scene>
<INIT seed="4,1,1,4,2,116" ten="252,62,421,255" oya="0" hai0="110,70,19,98,53,4,17,39,72,93,133,38,102" hai1="115,31,6,28,107,29,127,124,132,36,113,91,55" hai2="63,40,37,45,12,15,88,103,67,11,61,121,114" hai3="20,42,81,5,51,16,105,34,129,58,56,14,118"/><T48/><D70/><U71/><E107/><V2/><F114/><N who="1" m="43529" /><E71/><V64/><F103/><W94/><G105/><T44/><D72/><U97/><E36/><V24/><F121/><W25/><G118/><T62/><D133/><U65/><E65/><V109/><F109/><W119/><G119/><T120/><D110/><U23/><E132/><V68/><F24/><W30/><G129/><T8/><D62/><U125/><E55/><V0/><F88/><W77/><G94/><T134/><D134/><U26/><E97/><V131/><F131/><W104/><G104/><T54/><D54/><U87/><E6/><V7/><REACH who="2" step="1"/><F2/><REACH who="2" ten="252,62,411,255" step="2"/><W90/><G90/><T50/><D120/><U47/><E47/><V18/><F18/><W43/><G5/><T79/><D17/><U60/><E60/><V84/><F84/><W122/><G122/><T85/><D19/><U111/><E111/><V123/><F123/><W73/><G16/><T80/><REACH who="0" step="1"/><D50/><REACH who="0" ten="242,62,411,255" step="2"/><U9/><E9/><V41/><F41/><W135/><G42/><T83/><D83/><AGARI ba="1,3" hai="23,26,28,29,31,83,87,91,124,125,127" m="43529" machi="83" ten="40,5200,0" yaku="18,1,15,1,11,1" doraHai="116" who="1" fromWho="0" sc="242,-55,62,85,411,0,255,0" />
</Scene>
<Scene>
<INIT seed="5,0,0,3,5,13" ten="187,147,411,255" oya="1" hai0="103,41,16,76,107,57,87,66,100,124,34,97,45" hai1="75,19,1,7,61,30,68,50,102,44,120,84,96" hai2="126,32,64,73,71,111,21,4,74,114,67,109,20" hai3="12,10,29,8,55,125,80,82,106,62,54,99,38"/><U108/><E75/><V91/><F32/><W53/><G38/><T94/><D34/><U95/><E120/><V88/><F4/><W90/><G125/><T28/><D28/><U42/><E108/><V59/><F59/><W121/><G121/><T14/><D124/><U9/><E30/><V58/><F58/><W6/><G29/><T135/><D135/><U131/><E131/><V133/><F126/><W65/><G10/><N who="0" m="6231" /><D107/><U22/><E84/><V104/><F104/><W36/><G36/><T0/><D0/><U40/><E68/><V93/><F93/><N who="3" m="56759" /><G106/><T23/><D23/><U3/><E3/><V92/><F92/><W11/><G11/><T27/><D27/><U128/><E128/><V43/><F71/><W129/><G129/><T130/><D130/><U24/><REACH who="1" step="1"/><E61/><REACH who="1" ten="187,137,411,255" step="2"/><V51/><F74/><W123/><G123/><T39/><D87/><U26/><E26/><V48/><F73/><W46/><G46/><T132/><D132/><U37/><E37/><V116/><F133/><W56/><AGARI ba="0,1" hai="6,8,12,53,54,55,56,62,65,80,82" m="56759" machi="56" ten="30,1100,0" yaku="8,1" doraHai="13" who="3" fromWho="3" sc="187,-3,137,-5,411,-3,255,21" />
</Scene>
<Scene>
<INIT seed="6,0,0,0,0,84" ten="184,132,408,276" oya="2" hai0="60,66,81,8,39,134,109,34,90,74,31,14,64" hai1="100,47,20,83,41,62,6,32,126,108,21,59,82" hai2="97,16,38,76,0,107,99,7,29,67,69,113,44" hai3="65,79,116,9,53,13,37,94,15,11,77,17,63"/><V19/><F29/><W114/><G116/><T10/><D109/><U5/><E108/><V40/><F113/><W133/><G133/><T85/><D39/><U61/><E126/><V25/><F76/><W102/><G37/><T128/><D134/><U28/><E32/><V98/><F107/><W123/><G53/><T103/><D128/><U18/><E100/><V45/><F45/><W72/><G72/><T1/><D103/><U104/><E104/><V4/><F0/><W30/><G30/><T27/><D74/><U115/><E115/><V119/><F119/><W88/><G102/><T93/><D1/><U95/><E95/><V55/><F55/><W73/><G73/><T118/><D118/><U12/><E28/><V68/><F19/><W127/><G123/><T26/><D26/><U46/><E18/><V22/><REACH who="2" step="1"/><F67/><REACH who="2" ten="184,132,398,276" step="2"/><W125/><G114/><T57/><D64/><U120/><E120/><V89/><F89/><W52/><G65/><T96/><D66/><U122/><E122/><V56/><F56/><N who="3" m="35207" /><G125/><T54/><D57/><U2/><E59/><V50/><F50/><W78/><G127/><T106/><D106/><U33/><E2/><V35/><F35/><W131/><G131/><T75/><D54/><U101/><E33/><V111/><F111/><W121/><G121/><T132/><D132/><U51/><E51/><V117/><F117/><W124/><G124/><T135/><D135/><U71/><E101/><V86/><F86/><N who="3" m="52503" /><G78/><N who="0" m="46263" /><D75/><U105/><E105/><V3/><F3/><W92/><G77/><T36/><D36/><U87/><E47/><V24/><F24/><RYUUKYOKU ba="0,1" sc="184,-10,132,-10,398,30,276,-10" hai2="4,7,16,22,25,38,40,44,68,69,97,98,99" />
</Scene>
<Scene>
<INIT seed="6,1,1,3,0,5" ten="174,122,428,266" oya="2" hai0="87,18,67,94,78,120,85,106,57,93,126,74,1" hai1="42,37,7,115,69,82,132,70,6,9,92,14,40" hai2="118,10,76,50,122,73,34,88,90,21,2,83,11" hai3="128,30,80,89,71,99,109,44,22,133,39,55,130"/><V113/><F34/><W91/><G109/><T29/><D120/><U26/><E115/><V0/><F122/><W107/><G71/><T41/><D106/><U16/><E132/><V36/><F36/><W52/><G133/><T58/><D1/><U8/><E92/><N who="0" m="35433" /><D74/><U35/><E82/><V108/><F108/><W15/><G80/><N who="0" m="47255" /><D126/><U17/><E37/><V114/><F118/><W64/><G64/><T131/><D131/><U135/><E135/><V84/><F21/><W25/><G89/><N who="2" m="34409" /><F73/><W31/><G107/><T119/><D29/><U110/><E110/><V123/><F123/><W45/><G31/><T63/><D87/><U27/><E14/><V23/><F23/><W134/><G15/><T19/><D41/><U3/><REACH who="1" step="1"/><E35/><REACH who="1" ten="174,112,428,266" step="2"/><V48/><F0/><AGARI ba="1,2" hai="0,3,6,7,8,9,16,17,26,27,40,42,69,70" machi="0" ten="25,12000,2" yaku="1,1,2,1,22,2,52,2,54,1,53,0" doraHai="5" doraHaiUra="102" who="1" fromWho="2" sc="174,0,112,143,428,-123,266,0" />
</Scene>
<Scene>
<INIT seed="7,0,0,5,2,107" ten="174,255,305,266" oya="3" hai0="99,50,60,29,37,33,61,87,65,44,1,41,89" hai1="55,64,39,27,40,38,22,88,109,6,123,125,49" hai2="8,20,134,112,79,84,26,45,119,2,21,130,106" hai3="57,120,18,56,103,70,135,80,52,108,94,115,31"/><W132/><G120/><T51/><D1/><U42/><E123/><V3/><F106/><W121/><G121/><T23/><D33/><U13/><E109/><V43/><F119/><W71/><G115/><T76/><D99/><U72/><E72/><V118/><F118/><W131/><G57/><T116/><D116/><U77/><E77/><V111/><F111/><W113/><G113/><T96/><D96/><U95/><E64/><V75/><F75/><W25/><G131/><T46/><D76/><U12/><E39/><V129/><F112/><W86/><G18/><T82/><D37/><U90/><E125/><V30/><F134/><N who="3" m="51243" /><G108/><T97/><D97/><N who="1" m="57575" /><E90/><V36/><F20/><N who="3" m="15783" /><G94/><T68/><D68/><U98/><E98/><V124/><F124/><W16/><G16/><T73/><D73/><U100/><E100/><V85/><F2/><W63/><G103/><T9/><D65/><U78/><E78/><AGARI ba="0,0" hai="52,56,63,70,71,78,80,86" m="15783,51243" machi="78" ten="30,2900,0" yaku="20,1,54,1" doraHai="107" who="3" fromWho="1" sc="174,0,255,-29,305,0,266,29" />
</Scene>
<Scene>
<INIT seed="7,1,0,5,4,106" ten="174,226,305,295" oya="3" hai0="82,8,21,84,76,52,67,91,72,9,132,64,120" hai1="36,39,63,122,25,100,99,125,32,96,80,131,89" hai2="58,38,13,54,121,103,124,33,41,81,61,135,40" hai3="34,95,26,126,28,23,71,56,87,98,111,27,60"/><W110/><G126/><T90/><D120/><U133/><E131/><V115/><F33/><W134/><G134/><T97/><D132/><U75/><E125/><V47/><F124/><W17/><G87/><T114/><D114/><U44/><E122/><V18/><F135/><W117/><G71/><T108/><D108/><N who="3" m="41513" /><G117/><T48/><D21/><U16/><E63/><V69/><F121/><W29/><G27/><T49/><D49/><U14/><E44/><V83/><F115/><W10/><G10/><T129/><D129/><U128/><E128/><V127/><F127/><W66/><G34/><T0/><D97/><U37/><E133/><V43/><F69/><W15/><G26/><T70/><D90/><AGARI ba="1,0" hai="15,17,23,28,29,56,60,66,90,95,98" m="41513" machi="90" ten="30,1500,0" yaku="10,1" doraHai="106" who="3" fromWho="0" sc="174,-18,226,0,305,0,295,18" owari="156,-34.0,226,-17.0,305,11.0,313,40.0" />
</Scene>
</mjloggm>