<mjloggm ver="2.3"><GO type="169" lobby="0"/><UN n0="%E3%83%81%E3%83%A5%E3%83%AB%E3%82%B9" n1="%E5%91%82%E5%A7%AB" n2="%E5%A4%AA%E3%81%8F%E3%81%AA%E3%81%84%E3%81%8A" n3="%4D%75%72%70%68%79" dan="17,17,19,16" rate="2145.18,2200.58,2304.14,2075.32" sx="M,F,F,M"/><TAIKYOKU oya="0"/>

<Scene>
<INIT seed="0,0,0,0,2,12" ten="250,250,250,250" oya="0" hai0="60,111,97,40,58,25,15,2,44,75,66,42,126" hai1="65,109,55,14,73,78,59,36,18,47,38,99,50" hai2="125,17,121,43,68,114,64,20,34,116,24,92,56" hai3="81,0,69,41,71,120,13,70,10,32,102,107,6"/><T82/><D2/><U98/><E109/><V113/><F121/><W67/><G120/><T124/><D111/><U110/><E110/><V5/><F68/><W90/><G41/><T23/><D15/><U85/><E73/><V7/><F34/><W95/><G81/><T119/><D119/><U83/><E38/><V79/><F79/><W21/><G32/><T27/><D27/><U74/><E74/><V104/><F104/><W46/><G46/><T63/><D97/><U112/><E112/><V33/><F33/><W37/><G37/><T103/><D103/><U117/><E117/><V127/><F43/><W94/><G67/><T123/><D123/><U118/><E118/><V135/><F116/><W80/><G80/><T72/><D63/><N who="1" m="38143" /><E36/><V84/><F84/><W26/><G0/><T86/><D44/><U1/><E1/><V57/><F113/><W19/><REACH who="3" step="1"/><G90/><REACH who="3" ten="250,250,250,240" step="2"/><N who="0" m="51543" /><D42/><U77/><E77/><V48/><F114/><W28/><G28/><N who="0" m="17471" /><D40/><U88/><E78/><V93/><F64/><W76/><G76/><T122/><D122/><U91/><E91/><V128/><F125/><AGARI ba="0,1" hai="58,60,66,72,75,124,125,126" m="17471,51543" machi="125" ten="30,1500,0" yaku="18,1" doraHai="12" who="0" fromWho="2" sc="250,25,250,0,250,-15,240,0" />
</Scene>
<Scene>
<INIT seed="0,1,0,5,2,35" ten="275,250,235,240" oya="0" hai0="107,127,50,13,116,53,48,93,14,34,28,87,103" hai1="95,51,15,96,123,113,128,12,9,23,1,20,49" hai2="117,110,68,5,64,112,86,101,46,76,43,77,27" hai3="45,6,130,131,31,89,73,65,134,72,81,19,52"/><T84/><D116/><U121/><E128/><N who="3" m="49194" /><G134/><T61/><D127/><U21/><E49/><V17/><F101/><W80/><G65/><T108/><D108/><U29/><E51/><N who="0" m="19497" /><D107/><U135/><E95/><V41/><F17/><W75/><G45/><T7/><D34/><U25/><E96/><V11/><F27/><W10/><G31/><T22/><D28/><U106/><E106/><V118/><F86/><N who="0" m="32810" /><D22/><N who="1" m="8811" /><E135/><V111/><F68/><W44/><G44/><T82/><D7/><N who="1" m="1263" /><E113/><V4/><F46/><W0/><G19/><T78/><D61/><U38/><E38/><V115/><F64/><W16/><G89/><T30/><D53/><U129/><E129/><V66/><F66/><W62/><G16/><T83/><D78/><U94/><E94/><V97/><REACH who="2" step="1"/><F11/><REACH who="2" ten="275,250,225,240" step="2"/><W105/><G105/><T18/><D18/><U3/><E3/><V74/><F74/><W26/><G26/><T70/><D70/><U119/><E119/><V133/><F133/><W132/><G132/><T33/><D30/><U57/><E57/><AGARI ba="1,1" hai="0,6,10,52,57,62,72,73,75,80,81" m="49194" machi="57" ten="40,5200,0" yaku="19,1,52,1,54,1" doraHai="35" who="3" fromWho="1" sc="275,0,250,-55,225,0,240,65" />
</Scene>
<Scene>
<INIT seed="1,0,0,0,4,112" ten="275,195,225,305" oya="1" hai0="44,127,17,103,76,2,41,106,81,52,102,110,11" hai1="53,101,74,64,70,113,85,5,3,72,23,13,45" hai2="107,91,40,57,24,98,30,48,1,109,9,123,108" hai3="67,42,68,132,18,62,77,32,6,58,133,79,27"/><U90/><E113/><V121/><F1/><W126/><G126/><T25/><D110/><N who="2" m="42602" /><F9/><W96/><G6/><T61/><D106/><U120/><E3/><V116/><F40/><W19/><G42/><T34/><D127/><U22/><E120/><V71/><F71/><W134/><G68/><T4/><D34/><U26/><E23/><V37/><F37/><W84/><G96/><T69/><D25/><U46/><E13/><V59/><F48/><W111/><G111/><T35/><D17/><N who="3" m="6153" /><G84/><T31/><D31/><AGARI ba="0,0" hai="27,31,32,58,62,67,77,79,132,133,134" m="6153" machi="31" ten="40,1300,0" yaku="20,1" doraHai="112" who="3" fromWho="0" sc="275,-13,195,0,225,0,305,13" />
</Scene>
<Scene>
<INIT seed="2,0,0,2,4,52" ten="262,195,225,318" oya="2" hai0="60,108,39,73,24,74,99,134,30,112,85,6,46" hai1="45,130,89,41,132,50,107,102,21,129,28,49,8" hai2="66,125,33,47,51,61,87,65,64,42,1,14,128" hai3="80,104,77,11,5,76,82,113,68,10,12,0,44"/><V110/><F1/><W58/><G68/><T38/><D108/><U17/><E132/><V9/><F33/><W124/><G104/><T103/><D112/><U111/><E111/><V18/><F110/><W2/><G113/><T81/><D134/><U27/><E102/><V29/><F128/><N who="1" m="49257" /><E107/><V94/><F125/><W54/><G124/><T79/><D6/><U84/><E8/><V56/><REACH who="2" step="1"/><F29/><REACH who="2" ten="262,195,215,318" step="2"/><W106/><G0/><T131/><D131/><U53/><E28/><V83/><F83/><W19/><G80/><T133/><D133/><U20/><E27/><V23/><F23/><W127/><G127/><T123/><D123/><U135/><E135/><V32/><F32/><W13/><G82/><T126/><D126/><U86/><E21/><V26/><F26/><W97/><G2/><T57/><D74/><U96/><E20/><V101/><F101/><W95/><G11/><T43/><D73/><U93/><E17/><V40/><F40/><W91/><G19/><T67/><D24/><U70/><E70/><V36/><F36/><W37/><G12/><T117/><D30/><U15/><E15/><V22/><F22/><W115/><G115/><T62/><D38/><U100/><E100/><V71/><F71/><W3/><G3/><T78/><D78/><U114/><E114/><V105/><F105/><W75/><G106/><T55/><D39/><U121/><E121/><V88/><AGARI ba="0,1" hai="9,14,18,42,47,51,56,61,64,65,66,87,88,94" machi="88" ten="30,12000,1" yaku="1,1,0,1,8,1,52,1,54,1,53,0" doraHai="52" doraHaiUra="16" who="2" fromWho="2" sc="262,-40,195,-40,215,130,318,-40" />
</Scene>
<Scene>
<INIT seed="2,1,0,1,4,49" ten="222,155,345,278" oya="2" hai0="57,90,50,80,76,20,46,60,27,16,52,29,125" hai1="120,72,112,41,122,23,48,109,26,24,17,81,128" hai2="54,75,85,74,94,134,63,110,114,117,95,40,88" hai3="133,8,89,59,30,18,126,62,36,67,103,83,43"/><V132/><F114/><W91/><G126/><T31/><D125/><U96/><E112/><V34/><F34/><W14/><G133/><N who="2" m="51305" /><F117/><W7/><G30/><T58/><D58/><U35/><E128/><V11/><F40/><W12/><G103/><T77/><D90/><U42/><E109/><V93/><F11/><W9/><G36/><T44/><D44/><U10/><E10/><V68/><F110/><W21/><G43/><T123/><D123/><N who="1" m="47147" /><E96/><V119/><F119/><W69/><G69/><T73/><REACH who="0" step="1"/><D77/><REACH who="0" ten="212,155,345,278" step="2"/><U129/><E129/><V45/><F68/><W101/><G101/><T3/><D3/><U53/><E41/><AGARI ba="1,1" hai="16,20,27,29,31,41,46,50,52,57,60,73,76,80" machi="41" ten="30,8000,1" yaku="1,1,7,1,52,1,54,2,53,0" doraHai="49" doraHaiUra="33" who="0" fromWho="1" sc="212,93,155,-83,345,0,278,0" />
</Scene>
<Scene>
<INIT seed="3,0,0,0,4,38" ten="305,72,345,278" oya="3" hai0="19,71,4,96,135,84,112,51,22,82,15,101,45" hai1="78,113,8,132,123,105,58,49,130,26,46,89,67" hai2="120,134,102,94,116,66,104,133,3,91,40,27,17" hai3="11,5,61,52,108,31,20,55,129,110,42,60,73"/><W64/><G73/><T88/><D135/><U109/><E105/><V35/><F3/><W103/><G129/><T32/><D112/><U92/><E78/><V2/><F2/><W118/><G118/><T44/><D32/><U12/><E132/><N who="2" m="50795" /><F66/><W43/><G103/><T50/><D71/><U131/><E109/><N who="3" m="42090" /><G31/><T7/><D50/><U6/><E123/><V70/><F70/><N who="3" m="42247" /><G20/><T21/><D45/><U85/><E113/><V62/><F102/><W81/><G81/><T111/><D21/><U9/><E9/><V75/><F75/><W117/><G117/><T127/><D111/><U23/><E58/><V14/><F35/><W124/><G124/><T34/><D34/><U106/><E106/><V54/><F120/><W33/><G33/><T57/><D57/><U76/><E76/><V25/><F104/><W48/><G61/><T37/><D127/><U72/><E72/><V119/><F119/><W128/><G128/><T99/><D101/><U86/><E67/><V74/><F62/><W1/><G52/><N who="0" m="29799" /><D37/><U16/><REACH who="1" step="1"/><E86/><REACH who="1" ten="305,62,345,278" step="2"/><V114/><F74/><W59/><AGARI ba="0,1" hai="1,5,11,42,43,48,55,59" m="42247,42090" machi="59" ten="30,11700,0" yaku="14,1,10,1,52,2" doraHai="38" who="3" fromWho="3" sc="305,-39,62,-39,345,-39,278,127" />
</Scene>
<Scene>
<INIT seed="3,1,0,1,4,55" ten="266,23,306,405" oya="3" hai0="71,36,77,102,42,37,100,106,39,9,15,105,25" hai1="104,28,24,115,120,101,118,131,30,62,80,50,128" hai2="23,11,82,79,61,5,65,109,112,75,32,127,38" hai3="83,43,108,0,52,27,41,33,122,94,45,69,67"/><W93/><G122/><T20/><D71/><U81/><E120/><V59/><F112/><W124/><G0/><T130/><D130/><N who="1" m="49707" /><E118/><V2/><F32/><W48/><G124/><T107/><D42/><U35/><E115/><V73/><F127/><W63/><G108/><T7/><REACH who="0" step="1"/><D77/><REACH who="0" ten="256,23,306,405" step="2"/><U12/><E30/><AGARI ba="1,1" hai="7,9,15,20,25,30,36,37,39,100,102,105,106,107" machi="30" ten="50,6400,0" yaku="1,1,2,1,53,1" doraHai="55" doraHaiUra="6" who="0" fromWho="1" sc="256,77,23,-67,306,0,405,0" owari="333,13.0,-44,-54.0,306,-9.0,405,50.0" />
</Scene>
</mjloggm>