<mjloggm ver="2.3"><GO type="169" lobby="0"/><UN n0="%E5%A4%AA%E3%81%8F%E3%81%AA%E3%81%84%E3%81%8A" n1="%70%63%63%61%62%63" n2="%67%61%69%61%78%78%78" n3="%68%61%72%75%72%75%39%31" dan="18,17,16,17" rate="2300.55,2129.59,2061.10,2150.26" sx="M,M,M,M"/><TAIKYOKU oya="0"/>

<Scene>
<INIT seed="0,0,0,2,0,64" ten="250,250,250,250" oya="0" hai0="3,72,58,119,40,74,39,89,80,86,34,111,108" hai1="41,118,35,91,17,33,134,121,85,49,114,18,69" hai2="131,61,10,23,83,94,98,14,109,62,120,96,79" hai3="101,103,102,16,116,13,54,8,115,75,43,5,68"/><T67/><D119/><U93/><E121/><V37/><F37/><W63/><G115/><T107/><D3/><U122/><E122/><V1/><F120/><W113/><G113/><T60/><D34/><U24/><E114/><V44/><F1/><W105/><G116/><T82/><D107/><U92/><E118/><V46/><F23/><W55/><G75/><T28/><D28/><U6/><E6/><V88/><F98/><W56/><G43/><T2/><D2/><U110/><E110/><N who="0" m="42025" /><D80/><U97/><E134/><V22/><F22/><W50/><G105/><T106/><D106/><U66/><E41/><V123/><F131/><W57/><REACH who="3" step="1"/><G68/><REACH who="3" ten="250,250,250,240" step="2"/><T90/><D72/><U65/><E69/><V36/><F109/><W59/><G59/><T126/><D74/><U20/><E66/><V45/><F123/><W125/><G125/><T117/><D126/><U124/><E65/><V48/><F36/><W15/><G15/><T133/><D117/><U87/><E124/><V112/><F112/><W84/><G84/><T26/><D133/><U27/><E87/><N who="2" m="48639" /><F48/><W128/><G128/><T130/><D130/><U104/><E49/><V53/><F53/><W51/><G51/><T77/><D26/><U100/><E104/><V95/><F95/><W132/><G132/><T127/><D127/><U76/><E27/><V99/><F99/><W25/><G25/><T52/><D67/><U38/><E38/><V78/><F96/><W135/><G135/><T11/><D39/><U81/><E92/><V32/><F94/><W21/><G21/><T12/><D40/><U29/><E100/><RYUUKYOKU ba="0,1" sc="250,10,250,10,250,-30,240,10" hai0="11,12,52,58,60,77,82,86,89,90" hai1="17,18,20,24,29,33,35,76,81,85,91,93,97" hai3="5,8,13,16,50,54,55,56,57,63,101,102,103" />
</Scene>
<Scene>
<INIT seed="0,1,1,4,4,92" ten="260,260,220,250" oya="0" hai0="35,45,99,40,77,128,53,106,100,29,32,49,34" hai1="27,59,28,87,55,48,109,13,66,71,15,37,47" hai2="16,133,43,68,64,105,11,12,98,4,132,42,97" hai3="38,90,69,83,76,85,61,56,50,74,131,108,22"/><T39/><D128/><U84/><E109/><V94/><F105/><W96/><G38/><T21/><D77/><U117/><E117/><V18/><F68/><W23/><G131/><T120/><D120/><U25/><E25/><V107/><F107/><W104/><G108/><T19/><D29/><U63/><E87/><V75/><F75/><W17/><G69/><T78/><D78/><U111/><E111/><V9/><F64/><W126/><G126/><T130/><D130/><U8/><E84/><V124/><F94/><W125/><G125/><T102/><D102/><U119/><E8/><V113/><F124/><W33/><G33/><T73/><D73/><U70/><E70/><V57/><F57/><W134/><G134/><N who="2" m="51817" /><F113/><W44/><G74/><T51/><REACH who="0" step="1"/><D53/><REACH who="0" ten="250,260,220,250" step="2"/><U7/><E119/><V127/><F127/><W0/><G76/><T67/><D67/><U135/><E135/><V88/><F88/><W72/><G72/><T101/><D101/><U24/><E66/><V6/><F6/><W1/><G90/><T122/><D122/><U86/><E7/><V41/><F18/><W103/><G17/><T118/><D118/><U129/><E129/><V60/><F60/><W80/><G103/><T79/><D79/><U95/><E63/><V115/><F115/><W26/><G61/><T123/><D123/><U52/><E55/><V14/><AGARI ba="1,2" hai="4,9,11,12,14,16,41,42,43,97,98" m="51817" machi="14" ten="40,8000,1" yaku="20,1,52,2,54,1" doraHai="92" who="2" fromWho="2" sc="250,-41,260,-21,220,103,250,-21" />
</Scene>
<Scene>
<INIT seed="1,0,0,2,1,1" ten="209,239,323,229" oya="1" hai0="8,123,68,21,45,29,19,96,7,40,83,43,28" hai1="24,63,60,92,110,80,49,15,90,61,133,79,122" hai2="95,124,33,118,78,26,64,84,100,91,38,54,73" hai3="25,48,36,41,132,20,76,108,88,82,106,59,4"/><U97/><E122/><V12/><F118/><W77/><G108/><T74/><D68/><U42/><E133/><V99/><F124/><W52/><G132/><T111/><D111/><U87/><E110/><V9/><F38/><W66/><G106/><T117/><D117/><U32/><E32/><V39/><F39/><W86/><G36/><N who="0" m="21639" /><D96/><U101/><E24/><V103/><F64/><W107/><G107/><T129/><D43/><U30/><E30/><V35/><F26/><W3/><G41/><T58/><D58/><U71/><E71/><V44/><F44/><W65/><G4/><T46/><D46/><N who="1" m="25815" /><E15/><V128/><F54/><W47/><G3/><N who="0" m="127" /><D129/><U81/><E81/><N who="2" m="45263" /><F100/><AGARI ba="0,0" hai="60,61,63,79,80,87,90,92,97,100,101" m="25815" machi="100" ten="30,1500,0" yaku="8,1" doraHai="1" who="1" fromWho="2" sc="209,0,239,15,323,-15,229,0" />
</Scene>
<Scene>
<INIT seed="1,1,0,1,5,56" ten="209,254,308,229" oya="1" hai0="9,109,24,126,84,59,22,127,79,41,33,18,46" hai1="63,85,77,34,92,97,17,49,20,39,133,2,28" hai2="129,57,13,29,53,0,64,80,54,66,115,118,21" hai3="123,60,134,70,74,75,91,27,44,93,95,23,35"/><U125/><E39/><V114/><F0/><W76/><G35/><T48/><D109/><U30/><E2/><V38/><F118/><W1/><G1/><T112/><D112/><N who="2" m="43050" /><F38/><W69/><G123/><T122/><D122/><U110/><E34/><V31/><F129/><W58/><G134/><T50/><D33/><U106/><E133/><V32/><F32/><W42/><G95/><T96/><D96/><U100/><E125/><N who="0" m="47625" /><D9/><U120/><E120/><V37/><F37/><W19/><G76/><T130/><D130/><U82/><E49/><N who="2" m="30895" /><F54/><W45/><G45/><T6/><D6/><U104/><E110/><V51/><F80/><W135/><G135/><T3/><D3/><U117/><E117/><V81/><F81/><W113/><G113/><T4/><D4/><U119/><E119/><V99/><F51/><N who="3" m="27031" /><G75/><T16/><D50/><U36/><E36/><V14/><F99/><N who="3" m="57791" /><G74/><T116/><D116/><U10/><E104/><V102/><F102/><W40/><G40/><T131/><D131/><U62/><E106/><V83/><F83/><W15/><G15/><N who="2" m="5641" /><F21/><W26/><G26/><T43/><D43/><U71/><E10/><V25/><F25/><W128/><G128/><T11/><D79/><U78/><E77/><V103/><F103/><W111/><G111/><T90/><D11/><U86/><E82/><V98/><F98/><W55/><AGARI ba="1,0" hai="19,23,27,55,58,60,69,70" m="57791,27031" machi="55" ten="30,2000,0" yaku="25,1,52,1" doraHai="56" who="3" fromWho="3" sc="209,-6,254,-11,308,-6,229,23" />
</Scene>
<Scene>
<INIT seed="2,0,0,3,5,31" ten="203,243,302,252" oya="2" hai0="73,57,42,72,71,5,56,29,30,10,4,38,117" hai1="86,48,20,12,15,102,60,78,39,89,106,96,36" hai2="47,109,127,22,83,53,27,45,107,93,134,113,26" hai3="16,23,88,103,133,58,120,82,76,52,97,14,1"/><V123/><F113/><W11/><G120/><T87/><D71/><U135/><E135/><V69/><F107/><W112/><G133/><T90/><D42/><U62/><E78/><V6/><F69/><W130/><G112/><T92/><D38/><U104/><E48/><V132/><F123/><W98/><G130/><T111/><D111/><U126/><E126/><V34/><F6/><N who="3" m="3447" /><G1/><T77/><D117/><U110/><E110/><V122/><F122/><W21/><G21/><T79/><D10/><U7/><E20/><V49/><F127/><W105/><G105/><T118/><D118/><U121/><E121/><V35/><F109/><W116/><G116/><T100/><D100/><U61/><E106/><V67/><F67/><W55/><G103/><T125/><D125/><U101/><E102/><V19/><F93/><N who="3" m="56487" /><G98/><T65/><D65/><U115/><E115/><V37/><F83/><W0/><G0/><T8/><D8/><U51/><E7/><V44/><F37/><W108/><G108/><T85/><D90/><U66/><E66/><V70/><F70/><W59/><G59/><T54/><REACH who="0" step="1"/><D92/><REACH who="0" ten="193,243,302,252" step="2"/><N who="1" m="54327" /><E39/><V13/><F132/><W63/><G76/><T41/><D41/><U131/><E36/><V95/><F95/><W50/><G82/><T24/><D24/><U2/><E2/><V114/><F134/><W128/><G128/><T75/><D75/><U80/><E80/><V99/><F114/><W64/><G50/><T25/><D25/><AGARI ba="0,1" hai="16,23,25,52,55,58,63,64" m="56487,3447" machi="25" ten="30,7700,0" yaku="8,1,54,3" doraHai="31" who="3" fromWho="0" sc="193,-77,243,0,302,0,252,87" />
</Scene>
<Scene>
<INIT seed="3,0,0,2,3,10" ten="116,243,302,339" oya="3" hai0="134,119,2,81,34,30,98,52,121,56,90,32,108" hai1="47,88,41,62,87,70,3,84,20,114,45,36,80" hai2="63,53,126,44,9,106,18,21,123,74,67,103,16" hai3="125,11,129,107,101,43,105,94,118,55,102,75,77"/><W82/><G118/><T29/><D119/><U17/><E3/><V4/><F74/><W31/><G125/><T23/><D121/><U8/><E114/><V1/><F126/><W64/><G129/><T60/><D2/><U83/><E8/><V93/><F106/><W122/><G122/><T42/><D108/><U13/><E36/><V0/><F0/><W86/><G43/><T100/><D134/><U37/><E45/><V117/><F117/><W25/><G64/><T6/><D6/><U5/><E5/><V78/><F78/><W58/><G11/><T79/><D90/><U68/><REACH who="1" step="1"/><E62/><REACH who="1" ten="116,233,302,339" step="2"/><V69/><F44/><W99/><G75/><T111/><D111/><U92/><E92/><V12/><F63/><W65/><G94/><T135/><D135/><U110/><E110/><V51/><F9/><W40/><G107/><T49/><D60/><U130/><E130/><V124/><F4/><W22/><G105/><T133/><D133/><U116/><E116/><V15/><F1/><W61/><G61/><T27/><D42/><U104/><E104/><V131/><F131/><W46/><G40/><T72/><D30/><U132/><E132/><V38/><F38/><W76/><G46/><T128/><D128/><U95/><E95/><AGARI ba="0,1" hai="23,27,29,32,34,49,52,56,72,79,81,95,98,100" machi="95" ten="30,2000,0" yaku="7,1,54,1" doraHai="10" who="0" fromWho="1" sc="116,30,233,-20,302,0,339,0" />
</Scene>
<Scene>
<INIT seed="4,0,0,2,2,27" ten="146,213,302,339" oya="0" hai0="41,55,9,130,121,134,99,30,2,16,57,51,70" hai1="127,10,86,45,126,114,78,84,26,12,100,60,85" hai2="95,49,113,124,44,29,75,107,22,109,71,38,6" hai3="53,117,39,131,97,50,56,92,79,66,63,7,105"/><T98/><D121/><U118/><E118/><V64/><F95/><W69/><G117/><T132/><D70/><U15/><E78/><V68/><F49/><W135/><G135/><N who="0" m="51755" /><D130/><U59/><E45/><V33/><F44/><W61/><G131/><T25/><D41/><U93/><E114/><V24/><F64/><W67/><G105/><T103/><D103/><U28/><E10/><V34/><F6/><W120/><G120/><T108/><D108/><U54/><E100/><V43/><F43/><W5/><G79/><T89/><D89/><U13/><REACH who="1" step="1"/><E93/><REACH who="1" ten="146,203,302,339" step="2"/><V37/><F113/><W8/><G8/><T32/><D2/><U18/><E18/><V14/><F109/><W115/><G115/><T104/><D104/><U19/><E19/><V4/><F107/><W111/><G111/><T116/><D116/><U11/><E11/><V122/><F122/><W119/><G119/><T106/><D106/><U123/><E123/><V52/><F4/><W73/><G7/><T125/><D125/><U82/><E82/><V87/><F124/><W58/><G5/><T3/><D3/><U91/><E91/><V83/><F38/><W46/><G39/><T17/><D17/><U36/><E36/><V133/><F37/><W31/><G46/><T40/><D40/><U102/><E102/><V47/><F133/><W42/><G42/><T65/><D65/><U23/><AGARI ba="0,1" hai="12,13,15,23,26,28,54,59,60,84,85,86,126,127" machi="23" ten="40,5200,0" yaku="1,1,0,1,52,1,53,0" doraHai="27" doraHaiUra="94" who="1" fromWho="1" sc="146,-26,203,62,302,-13,339,-13" />
</Scene>
<Scene>
<INIT seed="5,0,0,4,5,130" ten="120,265,289,326" oya="1" hai0="58,126,62,56,44,69,133,17,80,134,16,129,104" hai1="36,68,79,100,108,70,73,6,85,27,113,77,4" hai2="46,10,95,1,106,86,60,29,84,117,78,11,41" hai3="33,8,64,40,48,47,35,97,3,37,83,26,128"/><U123/><E123/><V105/><F117/><W34/><G128/><T101/><D129/><U109/><E113/><V13/><F84/><W65/><G26/><T39/><D126/><U81/><E100/><V54/><F1/><W118/><G118/><T52/><D69/><N who="1" m="26731" /><E27/><V76/><F29/><W91/><G37/><T127/><D127/><U124/><E124/><V90/><F11/><W116/><G116/><T23/><D80/><U87/><E36/><V7/><F105/><W74/><G74/><T93/><D104/><U32/><E32/><V30/><F30/><W50/><G50/><T2/><D2/><U43/><E43/><V42/><F106/><W110/><G97/><N who="0" m="59567" /><D23/><U49/><E49/><N who="2" m="28983" /><F60/><W21/><G21/><T92/><D92/><U38/><E38/><V135/><F135/><N who="0" m="51722" /><D58/><U9/><E81/><V119/><F119/><W112/><G83/><T66/><D66/><U71/><E71/><V82/><F82/><W59/><G65/><T96/><D96/><U132/><E132/><V53/><F76/><N who="1" m="29257" /><E9/><V103/><F78/><W63/><G64/><T31/><D31/><U28/><E28/><V102/><F10/><W12/><G8/><T94/><D94/><U22/><E22/><V131/><F95/><W51/><G35/><T122/><D122/><U67/><E67/><V20/><F20/><W24/><G34/><T98/><D98/><U0/><E0/><V55/><F131/><W72/><G33/><T125/><D125/><U89/><E73/><V25/><F102/><W99/><G3/><T57/><D57/><U19/><E87/><V115/><F86/><RYUUKYOKU ba="0,0" sc="120,30,265,-10,289,-10,326,-10" hai0="16,17,39,44,52,56,62" />
</Scene>
<Scene>
<INIT seed="6,1,0,4,1,61" ten="150,255,279,316" oya="2" hai0="24,32,57,37,102,126,132,36,97,94,60,45,87" hai1="10,63,131,71,22,62,89,86,107,46,119,76,116" hai2="30,121,23,124,120,112,26,127,38,69,70,55,50" hai3="106,108,91,9,29,100,118,111,51,134,128,68,21"/><V90/><F38/><W78/><G118/><T117/><D117/><U2/><E107/><V15/><F90/><W12/><G78/><T83/><D132/><U20/><E86/><V58/><F112/><W13/><G68/><N who="2" m="26217" /><F15/><W125/><G100/><T130/><D126/><AGARI ba="1,0" hai="23,26,30,50,55,58,120,121,124,126,127" m="26217" machi="126" ten="30,1500,0" yaku="18,1" doraHai="61" who="2" fromWho="0" sc="150,-18,255,0,279,18,316,0" />
</Scene>
<Scene>
<INIT seed="6,2,0,3,1,7" ten="132,255,297,316" oya="2" hai0="32,106,5,94,102,92,98,79,64,9,80,118,91" hai1="83,4,43,119,73,34,29,132,51,97,39,116,48" hai2="69,26,70,22,13,72,60,37,21,61,104,41,90" hai3="101,36,75,78,89,76,88,2,81,127,63,77,122"/><V99/><F72/><W107/><G36/><T62/><D32/><U10/><E132/><V131/><F37/><W124/><G2/><T25/><D25/><N who="1" m="18735" /><E51/><V55/><F41/><W6/><G6/><T24/><D24/><U96/><E48/><V16/><F131/><W130/><G63/><T95/><D118/><U31/><E96/><V52/><F104/><W71/><G71/><T84/><D62/><N who="2" m="24170" /><F69/><W123/><G130/><T109/><D109/><U120/><E97/><V0/><F0/><W53/><G53/><N who="2" m="20553" /><F70/><W86/><G75/><T68/><D68/><U129/><E129/><V82/><F99/><N who="3" m="61887" /><G89/><T45/><D45/><U74/><E74/><V12/><F22/><W19/><G19/><T105/><D64/><U17/><E17/><V121/><F121/><AGARI ba="2,0" hai="76,77,78,81,86,88,121,122,123,124,127" m="61887" machi="121" ten="30,3900,0" yaku="34,2,54,1" doraHai="7" who="3" fromWho="2" sc="132,0,255,0,297,-45,316,45" />
</Scene>
<Scene>
<INIT seed="7,0,0,1,3,25" ten="132,255,252,361" oya="3" hai0="114,42,77,79,124,104,52,132,118,18,83,39,101" hai1="21,123,12,84,32,11,58,56,69,97,62,3,41" hai2="95,29,61,106,48,120,57,0,38,71,93,105,40" hai3="8,55,20,17,127,63,122,51,86,43,33,34,109"/><W28/><G122/><T19/><D118/><U99/><E32/><V78/><F0/><W111/><G127/><T98/><D124/><U46/><E69/><V94/><F120/><W60/><G43/><T88/><D132/><U10/><E3/><V92/><N who="2" m="23552" /><DORA hai="9" /><V74/><F74/><W15/><G86/><T4/><D114/><U133/><E133/><V65/><F78/><W126/><G126/><T37/><D4/><N who="1" m="3175" /><E123/><V45/><REACH who="2" step="1"/><F29/><REACH who="2" ten="132,255,242,361" step="2"/><W134/><G134/><T49/><D79/><U110/><E110/><V117/><F117/><W30/><G109/><T113/><D113/><U59/><E84/><V135/><F135/><W90/><G111/><T67/><D67/><N who="1" m="39391" /><E97/><V129/><F129/><W5/><G34/><T66/><D66/><U121/><E99/><V13/><F13/><W44/><G33/><T87/><D77/><U82/><E121/><V85/><F85/><W53/><G15/><T54/><D54/><AGARI ba="0,1" hai="38,40,45,48,54,57,61,65,71,105,106" m="23552" machi="54" ten="50,6400,0" yaku="1,1,24,2,53,0" doraHai="25,9" doraHaiUra="96,108" who="2" fromWho="0" sc="132,-64,255,0,242,74,361,0" owari="68,-43.0,255,-14.0,316,12.0,361,45.0" />
</Scene>
</mjloggm>