<mjloggm ver="2.3"><GO type="169" lobby="0"/><UN n0="%E2%80%A0%E3%81%BE%E3%83%BC%E5%9D%8A%E2%80%A0" n1="%E7%A7%81%E3%81%AF%E3%81%8C%E3%81%A1%E3%81%BB%E3%82%82" n2="%E3%81%92%E3%82%8A%E3%81%92%E3%82%8A%E2%98%86%E3%82%B2%E3%83%AA%E3%83%BC" n3="%E5%A4%AA%E3%81%8F%E3%81%AA%E3%81%84%E3%81%8A" dan="16,16,16,19" rate="2085.26,2074.51,2102.04,2323.59" sx="M,M,M,F"/><TAIKYOKU oya="0"/>

<Scene>
<INIT seed="0,0,0,1,2,26" ten="250,250,250,250" oya="0" hai0="68,85,62,80,17,43,83,108,105,64,44,21,125" hai1="112,40,88,19,32,100,72,129,103,3,42,10,81" hai2="1,22,53,33,37,69,52,78,114,98,117,75,122" hai3="102,107,14,0,47,31,92,38,115,132,126,84,119"/><T24/><D125/><U30/><E129/><V131/><RYUUKYOKU type="yao9" ba="0,0" sc="250,0,250,0,250,0,250,0" hai2="1,22,33,37,52,53,69,75,78,98,114,117,122,131" />
</Scene>
<Scene>
<INIT seed="0,1,0,4,1,51" ten="250,250,250,250" oya="0" hai0="77,44,28,10,17,133,49,105,67,14,123,76,125" hai1="90,99,47,9,50,23,58,53,112,3,110,35,82" hai2="75,72,92,40,55,94,124,54,127,46,91,128,0" hai3="70,27,45,73,120,26,59,85,119,15,71,19,79"/><T36/><D123/><U80/><E35/><V114/><F114/><W111/><G119/><T18/><D125/><N who="2" m="48202" /><F128/><W4/><G73/><N who="2" m="28233" /><F0/><W132/><G4/><T108/><D133/><U102/><E110/><V65/><F65/><W131/><G45/><T57/><D108/><U61/><E112/><V52/><F91/><W32/><G71/><T78/><D105/><U62/><E90/><V1/><F1/><W118/><G70/><T86/><D28/><U11/><E62/><V134/><F134/><W25/><G132/><T7/><D36/><AGARI ba="1,0" hai="36,40,46,52,54,55,92,94" m="28233,48202" machi="36" ten="40,8000,1" yaku="18,1,52,3,54,1" doraHai="51" who="2" fromWho="0" sc="250,-83,250,0,250,83,250,0" />
</Scene>
<Scene>
<INIT seed="1,0,0,4,2,61" ten="167,250,333,250" oya="1" hai0="118,18,106,24,125,77,21,115,130,108,40,104,45" hai1="97,58,124,89,46,110,25,60,11,51,117,87,112" hai2="81,116,36,20,92,114,37,55,19,134,10,86,30" hai3="56,103,82,41,12,121,27,123,78,28,33,83,85"/><U109/><E117/><V66/><F116/><W111/><G111/><N who="1" m="42506" /><E97/><V59/><F134/><W63/><G103/><T127/><D118/><U16/><E124/><V84/><F30/><W98/><G98/><T8/><D115/><U53/><E112/><V107/><F107/><W13/><G41/><T49/><D108/><U50/><E46/><V95/><F10/><W128/><G128/><T131/><D77/><U74/><E74/><V65/><F37/><W69/><G69/><T80/><D80/><N who="1" m="49383" /><E25/><N who="2" m="14495" /><F36/><W132/><G132/><T42/><D106/><U133/><E133/><V22/><F114/><W102/><G102/><T44/><D104/><U71/><E71/><V32/><F32/><W38/><G38/><T5/><D127/><U31/><E31/><V73/><F73/><W99/><G99/><T6/><D125/><U122/><E122/><V29/><F95/><W47/><G47/><T79/><D79/><U57/><E58/><V14/><F92/><W35/><G35/><T2/><REACH who="0" step="1"/><D6/><REACH who="0" ten="157,250,333,250" step="2"/><U93/><E93/><V68/><F81/><W67/><REACH who="3" step="1"/><G82/><REACH who="3" ten="157,250,333,240" step="2"/><T105/><D105/><U15/><AGARI ba="0,2" hai="11,15,16,50,51,53,57,60" m="49383,42506" machi="15" ten="30,6000,0" yaku="14,1,10,1,54,1" doraHai="61" who="1" fromWho="1" sc="157,-20,250,80,333,-20,240,-20" />
</Scene>
<Scene>
<INIT seed="1,1,0,4,0,8" ten="137,330,313,220" oya="1" hai0="85,56,79,125,62,24,31,37,118,116,102,36,57" hai1="43,101,104,87,106,20,28,39,121,58,44,49,26" hai2="18,12,27,1,98,84,78,70,66,89,107,97,19" hai3="47,134,55,83,135,38,119,73,109,30,127,76,25"/><U22/><E121/><V108/><F1/><W16/><G109/><T6/><D125/><U117/><E117/><V9/><F78/><W65/><G127/><T53/><D6/><U5/><E101/><V114/><F107/><W4/><G119/><T96/><D37/><U33/><E33/><V63/><F108/><W52/><G4/><T3/><D36/><U17/><E5/><V112/><F27/><W64/><G38/><T124/><D3/><U128/><E128/><V51/><F51/><N who="3" m="28799" /><G55/><T71/><D124/><U40/><E58/><V81/><REACH who="2" step="1"/><F19/><REACH who="2" ten="137,330,303,220" step="2"/><W68/><G16/><T120/><D116/><U32/><E32/><V80/><F80/><W45/><G25/><T35/><D118/><U94/><E39/><V115/><AGARI ba="1,1" hai="9,12,18,63,66,70,81,84,89,97,98,112,114,115" machi="115" ten="30,12000,2" yaku="1,1,0,1,11,1,52,1,53,3" doraHai="8" doraHaiUra="111" who="2" fromWho="2" sc="137,-31,330,-61,303,133,220,-31" />
</Scene>
<Scene>
<INIT seed="2,0,0,1,5,66" ten="106,269,436,189" oya="2" hai0="95,84,45,115,97,75,5,105,129,78,44,74,50" hai1="19,59,70,51,42,22,82,27,36,116,28,96,86" hai2="81,114,130,118,122,53,88,93,102,33,131,14,56" hai3="113,34,8,73,90,120,92,47,16,3,79,127,6"/><V57/><F122/><W99/><G120/><T76/><D5/><U80/><E116/><V106/><F118/><W48/><G34/><T107/><D50/><U77/><E36/><V41/><F33/><W64/><G127/><T7/><D7/><U54/><E70/><V2/><F2/><W104/><G113/><T32/><D32/><U26/><E42/><V63/><F114/><W101/><G64/><T11/><D11/><U71/><E71/><V21/><F41/><W46/><G48/><T35/><D35/><U23/><E82/><V39/><F39/><W37/><G37/><T128/><D115/><U94/><E94/><V135/><F81/><N who="3" m="45295" /><G16/><T25/><D95/><U62/><E96/><V29/><F57/><W49/><G49/><AGARI ba="0,0" hai="19,22,23,26,27,28,49,51,54,59,62,77,80,86" machi="49" ten="40,1300,0" yaku="8,1" doraHai="66" who="1" fromWho="3" sc="106,0,269,13,436,0,189,-13" />
</Scene>
<Scene>
<INIT seed="3,0,0,3,5,63" ten="106,282,436,176" oya="3" hai0="38,60,23,110,86,27,2,49,53,15,10,77,4" hai1="12,35,14,97,31,101,19,26,76,8,5,83,48" hai2="117,69,108,41,134,70,29,119,133,3,11,111,20" hai3="62,66,120,130,65,126,55,32,112,81,74,102,96"/><W25/><G112/><T7/><D38/><U9/><E48/><V91/><F91/><W100/><G120/><T95/><D110/><N who="2" m="42026" /><F41/><W57/><G126/><T18/><D60/><U47/><E47/><V39/><F39/><W61/><G130/><T22/><D77/><U113/><E113/><V73/><F20/><W106/><G102/><T24/><D7/><U132/><E132/><N who="2" m="50795" /><F29/><W135/><G135/><T87/><D2/><U84/><E97/><V56/><F73/><W98/><G98/><T54/><D95/><U107/><E101/><V37/><F37/><W21/><G32/><T118/><D118/><N who="2" m="45066" /><F56/><W122/><G122/><T109/><D109/><U46/><E46/><V104/><F104/><W125/><G125/><T85/><REACH who="0" step="1"/><D49/><REACH who="0" ten="96,282,436,176" step="2"/><U67/><REACH who="1" step="1"/><E107/><REACH who="1" ten="96,272,436,176" step="2"/><V92/><F92/><W72/><G81/><T114/><D114/><U68/><E68/><V121/><F121/><W44/><G106/><T103/><D103/><U33/><E33/><V71/><F71/><W17/><G100/><T64/><D64/><AGARI ba="0,2" hai="5,8,9,12,14,19,26,31,35,64,67,76,83,84" machi="64" ten="40,5200,0" yaku="1,1,52,2,53,0" doraHai="63" doraHaiUra="128" who="1" fromWho="0" sc="96,-52,272,72,436,0,176,0" />
</Scene>
<Scene>
<INIT seed="4,0,0,1,0,48" ten="44,344,436,176" oya="0" hai0="71,111,43,35,69,95,132,5,90,107,53,65,120" hai1="30,130,123,19,97,103,129,135,7,115,102,37,122" hai2="18,99,101,51,79,104,15,47,55,56,121,54,134" hai3="70,105,21,63,66,78,117,67,45,36,11,25,46"/><T76/><D107/><U32/><E37/><V16/><F121/><N who="1" m="46089" /><E7/><V9/><F134/><W113/><G117/><T38/><D120/><U31/><E19/><V68/><F68/><W26/><G105/><T13/><D35/><U4/><E4/><V82/><F18/><W39/><G78/><T27/><D132/><U73/><E73/><V85/><F56/><W33/><G11/><N who="0" m="4335" /><D111/><U93/><E135/><V87/><F87/><W49/><G113/><T74/><D74/><U98/><E32/><V23/><F23/><W128/><G128/><N who="1" m="49258" /><E115/><V106/><F106/><AGARI ba="0,0" hai="30,31,93,97,98,102,103,106" m="49258,46089" machi="106" ten="30,1000,0" yaku="19,1" doraHai="48" who="1" fromWho="2" sc="44,0,344,10,436,-10,176,0" />
</Scene>
<Scene>
<INIT seed="5,0,0,4,3,108" ten="44,354,426,176" oya="1" hai0="7,65,97,114,2,12,86,96,32,131,110,127,61" hai1="101,14,88,68,45,94,64,126,130,18,124,133,98" hai2="125,70,120,41,117,109,121,44,122,82,112,59,71" hai3="20,135,93,15,22,95,53,17,16,103,134,85,107"/><U84/><E64/><V42/><F82/><W29/><G29/><T77/><D110/><U102/><E68/><N who="2" m="26155" /><F109/><W75/><G75/><T81/><D32/><U92/><E45/><V5/><F5/><W99/><G53/><T113/><D2/><U43/><E43/><N who="2" m="16395" /><F117/><W30/><G30/><T0/><D0/><U13/><E133/><N who="3" m="50698" /><G85/><T60/><D131/><U33/><E130/><V54/><F125/><N who="1" m="48233" /><E33/><V106/><F106/><W118/><G118/><T38/><D38/><U8/><E14/><AGARI ba="0,0" hai="14,15,16,17,20,22,93,95,99,103,107" m="50698" machi="14" ten="30,2000,0" yaku="20,1,54,1" doraHai="108" who="3" fromWho="1" sc="44,0,354,-20,426,0,176,20" />
</Scene>
<Scene>
<INIT seed="6,0,0,5,5,32" ten="44,334,426,196" oya="2" hai0="100,104,8,9,127,20,134,42,68,118,43,59,73" hai1="63,11,114,3,75,121,34,122,115,47,88,61,128" hai2="83,76,112,50,123,21,28,98,26,74,14,13,116" hai3="22,40,65,66,84,2,97,99,41,87,108,85,103"/><V15/><F123/><N who="1" m="47113" /><E75/><V109/><F116/><W125/><G108/><T82/><D118/><U110/><E34/><V69/><F69/><W95/><G2/><T53/><D134/><U12/><E110/><V130/><F109/><W60/><G125/><T55/><D127/><U113/><E128/><V56/><F130/><W18/><G97/><T96/><D68/><U131/><E131/><V45/><F112/><W119/><G119/><T17/><D43/><N who="3" m="16457" /><G60/><T23/><D42/><U133/><E47/><V31/><F45/><W67/><G67/><T36/><D36/><U33/><E33/><V91/><F31/><W80/><G80/><T27/><D55/><U106/><E106/><V94/><F56/><W78/><G78/><T126/><D126/><U39/><E39/><V1/><F50/><W132/><G132/><T7/><D7/><N who="1" m="1535" /><E133/><V70/><F70/><W89/><G103/><T72/><D72/><U52/><E12/><AGARI ba="0,0" hai="12,18,22,65,66,84,85,87,89,95,99" m="16457" machi="12" ten="30,1000,0" yaku="8,1" doraHai="32" who="3" fromWho="1" sc="44,0,334,-10,426,0,196,10" />
</Scene>
<Scene>
<INIT seed="7,0,0,1,1,100" ten="44,324,426,206" oya="3" hai0="96,130,26,103,112,9,114,127,21,62,24,47,86" hai1="53,55,41,14,45,52,128,125,95,124,106,90,104" hai2="28,23,120,117,59,88,63,73,11,135,58,126,16" hai3="60,6,109,121,91,70,1,20,10,54,131,84,102"/><W77/><G121/><T43/><D130/><U111/><E14/><V7/><F73/><W108/><G131/><T27/><D127/><N who="1" m="48715" /><E111/><N who="3" m="42570" /><G77/><T105/><D9/><U29/><E29/><V76/><F76/><W22/><G102/><T87/><D21/><U69/><E69/><V101/><F120/><W68/><G54/><N who="1" m="13826" /><U25/><DORA hai="19" /><E25/><V2/><F101/><W12/><G12/><T50/><REACH who="0" step="1"/><D62/><REACH who="0" ten="34,324,426,206" step="2"/><U5/><E128/><V67/><F126/><W37/><G60/><T81/><D81/><U3/><E3/><V35/><F63/><W72/><G72/><T39/><D39/><N who="1" m="21695" /><E5/><V132/><F7/><W92/><G37/><T61/><D61/><U116/><E116/><V82/><F2/><W17/><G17/><T64/><D64/><U98/><AGARI ba="0,1" hai="90,95,98,104,106" m="21695,13826,48715" machi="98" ten="40,8000,1" yaku="18,1,52,2,54,1" doraHai="100,19" who="1" fromWho="1" sc="34,-20,324,90,426,-20,206,-40" owari="14,-49.0,414,51.0,406,21.0,166,-23.0" />
</Scene>
</mjloggm>