<mjloggm ver="2.3"><GO type="169" lobby="0"/><UN n0="%E5%A4%AA%E3%81%8F%E3%81%AA%E3%81%84%E3%81%8A" n1="%E3%81%AE%E3%81%82%E3%83%9E%E3%82%B9%E3%82%BF%E3%83%BC" n2="%E3%83%8D%E3%83%BC%E3%83%A0%E3%83%AC%E3%82%B9%EF%BC%97" n3="%E7%9C%9F%E5%86%AC%E3%81%AE%E5%90%91%E6%97%A5%E8%91%B5" dan="18,16,17,16" rate="2243.42,2060.13,2204.07,2086.32" sx="F,M,M,M"/><TAIKYOKU oya="0"/>

<Scene>
<INIT seed="0,0,0,5,4,111" ten="250,250,250,250" oya="0" hai0="59,44,31,129,84,30,88,94,58,77,71,13,92" hai1="39,20,95,73,21,14,87,57,126,85,89,81,48" hai2="68,134,113,37,105,80,62,7,110,47,50,112,122" hai3="61,43,27,74,3,8,46,133,76,103,26,2,114"/><T79/><D71/><U123/><E123/><V15/><F105/><W35/><G133/><T135/><D135/><U120/><E120/><V36/><F134/><W78/><G103/><T49/><D129/><U54/><E126/><V75/><F122/><W56/><G114/><N who="2" m="44137" /><F15/><W100/><G100/><T107/><D107/><U82/><E39/><N who="2" m="14923" /><F7/><W86/><G74/><T29/><D94/><U17/><E73/><V19/><F19/><W125/><G125/><T45/><D45/><U16/><E87/><V1/><F1/><W60/><G8/><T69/><D69/><U67/><E67/><N who="2" m="41079" /><F80/><W41/><G35/><T106/><D106/><U108/><E108/><V132/><F75/><W18/><G86/><T38/><D38/><U12/><AGARI ba="0,0" hai="12,14,16,17,20,21,48,54,57,81,82,85,89,95" machi="12" ten="20,12000,2" yaku="0,1,7,1,9,1,25,2,8,1,54,1" doraHai="111" who="1" fromWho="1" sc="250,-60,250,120,250,-30,250,-30" />
</Scene>
<Scene>
<INIT seed="1,0,0,2,1,30" ten="190,370,220,220" oya="1" hai0="119,16,65,123,110,77,135,53,70,63,113,114,130" hai1="58,19,101,116,12,44,111,118,80,127,49,134,43" hai2="14,86,7,82,37,66,126,25,20,48,84,60,47" hai3="98,125,105,24,6,51,57,109,5,62,40,1,132"/><U15/><E127/><V83/><F37/><W92/><G105/><T32/><D119/><U4/><E134/><V26/><F126/><W13/><G1/><T69/><D135/><U112/><E112/><V50/><F7/><W64/><G125/><T121/><D77/><U36/><E111/><V3/><F3/><W18/><G132/><T89/><D89/><U52/><E101/><V124/><F124/><W28/><G109/><T55/><D16/><U96/><E96/><V117/><F117/><W73/><G73/><T31/><D110/><U59/><E80/><V78/><F14/><W35/><G51/><T133/><D133/><U128/><E128/><V85/><F48/><W74/><G40/><T33/><D31/><U34/><E34/><N who="0" m="13417" /><D130/><U61/><E4/><V81/><F78/><W107/><G74/><T41/><D41/><U115/><E115/><N who="0" m="44041" /><D70/><U23/><REACH who="1" step="1"/><E12/><REACH who="1" ten="190,360,220,220" step="2"/><V94/><F82/><W102/><REACH who="3" step="1"/><G107/><REACH who="3" ten="190,360,220,210" step="2"/><T88/><D123/><U8/><E8/><AGARI ba="0,2" hai="5,6,8,13,18,24,28,35,57,62,64,92,98,102" machi="8" ten="30,7700,0" yaku="1,1,2,1,7,1,52,1,53,0" doraHai="30" doraHaiUra="108" who="3" fromWho="1" sc="190,0,360,-77,220,0,210,97" />
</Scene>
<Scene>
<INIT seed="2,0,0,0,4,18" ten="190,283,220,307" oya="2" hai0="116,75,99,95,80,122,101,3,52,123,121,107,1" hai1="130,112,125,16,79,96,68,56,84,118,13,102,25" hai2="53,109,48,62,22,58,133,55,41,100,49,33,42" hai3="115,8,43,128,81,20,94,86,7,65,105,110,51"/><V19/><F33/><W134/><G105/><T113/><D113/><U89/><E112/><V83/><F133/><W11/><G115/><T34/><D34/><U26/><E118/><V132/><F132/><W46/><G134/><T98/><D116/><U108/><E68/><V10/><F109/><W21/><G110/><T38/><D38/><U24/><E108/><V50/><F100/><W90/><G128/><T73/><D1/><U15/><E130/><V127/><F127/><W12/><G65/><T37/><D37/><U44/><E125/><V114/><F114/><W69/><G69/><T63/><D3/><U72/><E72/><V47/><F10/><W23/><G11/><T82/><D52/><U2/><E2/><V74/><F74/><N who="0" m="28170" /><D63/><U91/><E44/><N who="2" m="25623" /><F83/><AGARI ba="0,0" hai="7,8,12,20,21,23,43,46,51,81,83,86,90,94" machi="83" ten="40,8000,1" yaku="8,1,52,3" doraHai="18" who="3" fromWho="2" sc="190,0,283,0,220,-80,307,80" />
</Scene>
<Scene>
<INIT seed="3,0,0,4,1,46" ten="190,283,140,387" oya="3" hai0="66,67,110,58,85,0,78,98,93,50,27,87,75" hai1="97,80,99,86,6,55,91,108,25,101,96,41,16" hai2="8,73,32,77,3,31,17,11,9,42,34,104,44" hai3="52,56,59,30,18,35,10,79,90,88,107,134,116"/><W128/><G116/><T123/><D123/><U33/><E108/><V111/><F104/><W14/><G107/><T76/><D0/><U105/><E6/><V118/><F118/><W7/><G134/><T119/><D119/><U117/><E117/><V13/><F111/><W83/><G128/><T36/><D36/><U38/><E38/><V133/><F133/><W39/><G39/><T1/><D1/><U74/><E41/><V45/><F45/><W64/><G35/><T131/><D110/><U69/><E69/><V112/><F112/><W29/><G59/><T106/><D131/><U12/><E55/><V135/><F135/><W94/><G64/><N who="0" m="24619" /><D75/><U49/><E49/><V62/><F62/><W20/><G83/><T130/><D106/><U70/><E70/><V120/><F120/><W19/><G79/><N who="0" m="30251" /><D27/><U126/><E74/><V81/><F31/><N who="3" m="11787" /><G20/><T114/><D114/><U127/><E33/><V23/><REACH who="2" step="1"/><F3/><REACH who="2" ten="190,283,130,387" step="2"/><W2/><G2/><T89/><D130/><U53/><E105/><V57/><F57/><W63/><G90/><T132/><D132/><U47/><E91/><V95/><F95/><W68/><G68/><T122/><D122/><U28/><E47/><V102/><F102/><W60/><G60/><T121/><D121/><U82/><E101/><V54/><F54/><AGARI ba="0,1" hai="50,54,58,85,87,89,93,98" m="30251,24619" machi="54" ten="30,2000,0" yaku="8,1,52,1" doraHai="46" who="0" fromWho="2" sc="190,30,283,0,130,-20,387,0" />
</Scene>
<Scene>
<INIT seed="4,0,0,1,3,94" ten="220,283,110,387" oya="0" hai0="5,9,104,107,4,114,78,62,51,95,13,110,28" hai1="116,133,118,12,48,1,21,61,38,85,64,80,69" hai2="87,50,41,57,25,115,7,20,33,92,66,96,93" hai3="100,123,102,10,132,101,112,68,19,3,34,122,23"/><T97/><D114/><U105/><E38/><V126/><F33/><W82/><G112/><T113/><D113/><U2/><E105/><V76/><F115/><W98/><G34/><T36/><D36/><U40/><E133/><V75/><F126/><W77/><G68/><T32/><D110/><U86/><E118/><V125/><F125/><W67/><G67/><T103/><D78/><U0/><E116/><V135/><F135/><W52/><G132/><T11/><D51/><U108/><E108/><V128/><F128/><W70/><G70/><T46/><D46/><U81/><E40/><V42/><F75/><N who="3" m="43327" /><G10/><T35/><D62/><U99/><E48/><V134/><F134/><W8/><G8/><T88/><D28/><U54/><E54/><V130/><F130/><W43/><G43/><T84/><REACH who="0" step="1"/><D107/><REACH who="0" ten="210,283,110,387" step="2"/><U71/><E61/><N who="2" m="38191" /><F50/><W44/><G44/><T49/><D49/><U16/><E71/><V83/><F41/><W17/><G122/><T27/><D27/><U55/><E69/><V24/><F42/><W74/><G123/><T39/><D39/><U109/><E109/><V60/><F60/><W30/><G30/><T120/><D120/><U73/><E64/><V29/><F25/><W63/><G63/><T79/><D79/><U119/><E119/><V111/><F111/><W53/><G53/><T121/><D121/><U31/><E55/><V58/><F58/><W65/><G52/><T6/><D6/><U117/><E31/><V14/><F7/><W47/><G65/><T90/><D90/><U56/><E117/><V129/><F129/><W72/><G47/><RYUUKYOKU ba="0,1" sc="210,30,283,-10,110,-10,387,-10" hai0="4,5,9,11,13,32,35,84,88,95,97,103,104" />
</Scene>
<Scene>
<INIT seed="4,1,1,5,0,113" ten="240,273,100,377" oya="0" hai0="112,28,19,12,26,3,115,75,82,91,64,40,89" hai1="69,16,50,80,31,7,111,125,30,43,53,27,56" hai2="72,133,79,20,0,68,8,4,127,21,134,93,49" hai3="66,46,38,60,23,77,84,124,101,109,2,131,54"/><T32/><D64/><U132/><E111/><V29/><F68/><W76/><G109/><T97/><D40/><U34/><E69/><V108/><F108/><W121/><G2/><T122/><D122/><U15/><E125/><V114/><F114/><N who="0" m="43562" /><D3/><U65/><E132/><N who="2" m="50795" /><F127/><W14/><G124/><T110/><D110/><U90/><E65/><V104/><F104/><W120/><G131/><T71/><D71/><U11/><E43/><V86/><F72/><W35/><G38/><T1/><D1/><U92/><E80/><N who="2" m="47391" /><F29/><W47/><G66/><T39/><D39/><U116/><E116/><V107/><F107/><W87/><G120/><T78/><D97/><N who="1" m="57495" /><E34/><V55/><F93/><W74/><G35/><T129/><D129/><U118/><E118/><V41/><F41/><W62/><G121/><T70/><D70/><U94/><E94/><V61/><F61/><W52/><G74/><T9/><AGARI ba="1,1" hai="9,12,19,26,28,32,75,78,82,89,91" m="43562" machi="9" ten="30,1500,0" yaku="15,1" doraHai="113" who="0" fromWho="0" sc="240,28,273,-6,100,-6,377,-6" />
</Scene>
<Scene>
<INIT seed="4,2,0,4,1,78" ten="268,267,94,371" oya="0" hai0="98,122,41,104,56,66,40,20,125,4,59,64,94" hai1="52,110,62,23,123,8,103,43,57,34,3,107,25" hai2="119,6,32,126,101,96,24,129,81,90,21,39,72" hai3="61,10,11,132,79,77,116,69,46,113,38,37,124"/><T133/><D104/><U91/><E110/><V49/><F39/><W58/><G69/><T70/><D122/><U14/><E123/><V131/><F32/><W130/><G116/><T135/><D4/><U80/><E43/><N who="0" m="16457" /><D20/><U134/><E134/><N who="0" m="51209" /><D125/><U108/><E108/><V127/><F6/><W0/><G10/><T47/><D47/><U26/><E107/><N who="2" m="63911" /><F49/><W68/><G46/><T51/><D51/><U35/><E3/><V13/><F13/><W117/><G11/><T48/><D48/><U22/><E35/><V5/><F5/><W114/><G37/><T31/><D31/><U73/><E103/><V60/><F60/><W28/><G61/><N who="0" m="40271" /><D64/><U71/><E71/><V121/><F121/><W97/><G68/><T29/><D29/><U17/><E34/><V118/><F21/><N who="1" m="7689" /><E73/><V120/><F24/><W85/><G124/><N who="2" m="47657" /><F120/><W67/><G132/><T75/><D75/><U63/><E63/><V18/><F18/><W9/><G9/><T2/><D2/><U53/><E53/><V93/><F72/><W45/><G0/><T89/><AGARI ba="2,0" hai="56,59,89,94,98" m="40271,51209,16457" machi="89" ten="30,1500,0" yaku="20,1" doraHai="78" who="0" fromWho="0" sc="268,21,267,-7,94,-7,371,-7" />
</Scene>
<Scene>
<INIT seed="4,3,0,5,1,68" ten="289,260,87,364" oya="0" hai0="3,111,79,49,86,70,96,58,46,72,2,89,53" hai1="82,16,94,33,4,102,12,29,60,14,62,15,118" hai2="26,42,78,101,133,63,50,52,55,88,109,17,81" hai3="20,99,112,56,121,119,122,35,7,61,128,34,8"/><T87/><D70/><U124/><E118/><V75/><F109/><W97/><G119/><T6/><D111/><U84/><E124/><V125/><F125/><W114/><G20/><T69/><D69/><U67/><E33/><N who="3" m="12298" /><G128/><T113/><D113/><N who="3" m="43625" /><G99/><T10/><D2/><U66/><E29/><V77/><F133/><W47/><G97/><T19/><D19/><U37/><E37/><V91/><F101/><W5/><G47/><T116/><D116/><U95/><E4/><N who="3" m="1610" /><G8/><T106/><D46/><U9/><E102/><V51/><F77/><W126/><G126/><T76/><D76/><N who="1" m="46151" /><E62/><V21/><F63/><W110/><G110/><T90/><D90/><U11/><E11/><V40/><F40/><W135/><G135/><T131/><D131/><U27/><E9/><V36/><F42/><W74/><G74/><T57/><D72/><U100/><E100/><V103/><F103/><W134/><G134/><T54/><D79/><U117/><E117/><V25/><F36/><W30/><G30/><T65/><D96/><U132/><E132/><V24/><F51/><W64/><AGARI ba="3,0" hai="56,61,64,121,122" m="1610,43625,12298" machi="64" ten="40,1500,0" yaku="15,1" doraHai="68" who="3" fromWho="3" sc="289,-10,260,-7,87,-7,364,24" />
</Scene>
<Scene>
<INIT seed="5,0,0,2,5,58" ten="279,253,80,388" oya="1" hai0="90,92,52,134,34,45,88,29,37,102,79,35,38" hai1="75,48,122,62,113,105,119,42,101,59,114,50,51" hai2="17,55,53,84,7,26,28,3,61,118,73,117,22" hai3="32,11,120,19,82,47,0,20,80,125,133,23,104"/><U135/><E75/><V130/><F73/><W57/><G120/><T30/><D79/><U14/><E122/><V2/><F130/><W63/><G32/><T87/><D102/><U106/><E119/><V70/><F84/><W49/><G104/><N who="1" m="40042" /><E101/><V95/><F95/><W116/><G116/><T81/><D134/><U99/><E99/><V76/><F76/><W65/><G133/><T86/><D35/><U131/><E135/><V83/><F83/><W21/><G125/><T36/><REACH who="0" step="1"/><D34/><REACH who="0" ten="269,253,80,388" step="2"/><U111/><E131/><V110/><F110/><W39/><G39/><T18/><D18/><U68/><E111/><V109/><F109/><W129/><G129/><T15/><D15/><U94/><E14/><V66/><F28/><W89/><G89/><T115/><D115/><N who="1" m="44043" /><E42/><V46/><F7/><W85/><G0/><T71/><D71/><U10/><E68/><V77/><F77/><W107/><G107/><T96/><D96/><U132/><E132/><V16/><F17/><W41/><G85/><T60/><D60/><U64/><E94/><V24/><F24/><W97/><G97/><T72/><D72/><U112/><E112/><V6/><F6/><W44/><G19/><T4/><D4/><U103/><E103/><V5/><F5/><W27/><G27/><T78/><D78/><U9/><AGARI ba="0,1" hai="9,10,48,50,51,59,62,64" m="44043,40042" machi="9" ten="40,3900,0" yaku="15,1,52,1" doraHai="58" who="1" fromWho="1" sc="269,-13,253,49,80,-13,388,-13" />
</Scene>
<Scene>
<INIT seed="5,1,0,0,4,17" ten="256,302,67,375" oya="1" hai0="14,45,103,135,73,83,95,131,124,39,98,110,119" hai1="55,53,111,42,88,4,19,38,84,120,107,81,16" hai2="132,82,78,104,5,86,62,64,50,108,130,47,7" hai3="29,99,70,129,24,128,68,90,0,30,23,96,71"/><U28/><E120/><V89/><F108/><W91/><G0/><T109/><D119/><U26/><E111/><V60/><F104/><W15/><G15/><T106/><D124/><U77/><E107/><V25/><F132/><W44/><G44/><T85/><D135/><U54/><E4/><V1/><F130/><N who="3" m="50283" /><G30/><T34/><D34/><U58/><E58/><V48/><F1/><W31/><G31/><T49/><D39/><U52/><N who="1" m="13824" /><DORA hai="22" /><U2/><E2/><V46/><F78/><W114/><G114/><T74/><D74/><U51/><E38/><V43/><F62/><W75/><G75/><T33/><D33/><U93/><E42/><V11/><F11/><W41/><G41/><N who="0" m="24751" /><D14/><U35/><REACH who="1" step="1"/><E51/><REACH who="1" ten="256,292,67,375" step="2"/><V63/><F48/><W125/><G125/><T6/><D6/><U37/><E37/><V72/><F47/><W69/><G69/><T133/><D131/><U117/><E117/><V121/><F121/><W13/><G70/><T32/><D133/><U87/><AGARI ba="1,1" hai="16,19,26,28,35,77,81,84,87,88,93" m="13824" machi="87" ten="40,18000,2" yaku="1,1,0,1,52,1,54,3,53,0" doraHai="17,22" doraHaiUra="101,92" who="1" fromWho="1" sc="256,-61,292,193,67,-61,375,-61" />
</Scene>
<Scene>
<INIT seed="5,2,0,3,2,111" ten="195,485,6,314" oya="1" hai0="79,45,40,60,95,37,116,78,50,25,26,127,133" hai1="100,118,66,6,30,61,39,112,107,8,129,48,36" hai2="29,128,120,11,89,134,42,92,27,123,49,119,14" hai3="62,81,102,68,90,122,1,55,65,126,70,2,130"/><U124/><E118/><V47/><F119/><W85/><G122/><T28/><D116/><U51/><E124/><V87/><F134/><W77/><G126/><T94/><D127/><U80/><E129/><V114/><F128/><W99/><G130/><T73/><D133/><U3/><E30/><V34/><F114/><W57/><G77/><T19/><D37/><N who="1" m="14411" /><E48/><V4/><AGARI ba="2,0" hai="4,11,14,27,29,34,42,47,49,87,89,92,120,123" machi="4" ten="20,1500,0" yaku="0,1,7,1" doraHai="111" who="2" fromWho="2" sc="195,-6,485,-9,6,21,314,-6" />
</Scene>
<Scene>
<INIT seed="6,0,0,0,2,38" ten="189,476,27,308" oya="2" hai0="65,28,73,39,29,135,97,53,109,106,76,17,12" hai1="118,0,123,14,126,13,36,62,125,40,32,26,25" hai2="87,30,47,131,61,15,57,80,82,43,69,3,66" hai3="122,98,8,7,94,27,95,21,59,108,31,112,10"/><V104/><F3/><W133/><G108/><T75/><D109/><U111/><E111/><V11/><F104/><W130/><G122/><T100/><D39/><U68/><E123/><V96/><F131/><W46/><G133/><T134/><D65/><N who="1" m="41015" /><E0/><V89/><F30/><N who="0" m="11882" /><D53/><U90/><E118/><V9/><F69/><W120/><G120/><T1/><D76/><U71/><E71/><V124/><F124/><N who="1" m="47721" /><E32/><V64/><F96/><W115/><G130/><T93/><D93/><N who="3" m="35337" /><G98/><T119/><D119/><U86/><E40/><V72/><F64/><W6/><G59/><T5/><D5/><N who="3" m="1545" /><G46/><T50/><D50/><U22/><E36/><V129/><F129/><W52/><G52/><T85/><D85/><U45/><E45/><V78/><REACH who="2" step="1"/><F15/><REACH who="2" ten="189,476,17,308" step="2"/><W101/><G101/><T56/><D1/><U23/><E14/><V33/><F33/><W20/><G31/><T99/><D99/><U58/><E13/><V70/><F70/><W91/><G27/><T60/><D12/><U4/><E26/><V41/><F41/><W51/><G8/><T19/><D17/><U114/><E25/><V102/><F102/><W63/><G10/><T113/><D19/><U105/><E4/><V116/><F116/><W44/><G20/><T132/><D113/><U107/><E114/><V81/><F81/><W54/><G21/><T84/><D106/><U67/><E23/><V18/><F18/><W34/><G34/><T103/><D97/><U117/><E22/><V110/><F110/><W55/><G112/><T88/><D103/><U35/><E117/><V16/><F16/><W24/><G115/><RYUUKYOKU ba="0,1" sc="189,-10,476,-10,17,30,308,-10" hai2="9,11,43,47,57,61,66,72,78,80,82,87,89" />
</Scene>
<Scene>
<INIT seed="6,1,1,2,2,79" ten="179,466,47,298" oya="2" hai0="67,8,60,16,88,47,119,70,35,10,85,124,76" hai1="86,123,78,39,122,32,21,103,53,9,52,80,38" hai2="110,104,15,56,68,107,131,44,37,109,64,105,14" hai3="31,26,41,129,24,5,23,28,40,58,25,112,114"/><V59/><F68/><W90/><G129/><T42/><D35/><U75/><E32/><V72/><F72/><W102/><G102/><T1/><D124/><U82/><E103/><V34/><F34/><W93/><G5/><T7/><D76/><N who="1" m="46343" /><E9/><V111/><F131/><W120/><G120/><N who="1" m="46122" /><E21/><V19/><F64/><W46/><G58/><N who="2" m="22057" /><F19/><W121/><G121/><T66/><D66/><U95/><E95/><V113/><F113/><N who="3" m="43627" /><G23/><T83/><D119/><U118/><E118/><V62/><F62/><W126/><G126/><T117/><D117/><U55/><AGARI ba="1,1" hai="38,39,52,53,55,75,78,82" m="46122,46343" machi="55" ten="30,7900,0" yaku="13,1,52,2,54,1" doraHai="79" who="1" fromWho="1" sc="179,-21,466,92,47,-40,298,-21" />
</Scene>
<Scene>
<INIT seed="7,0,0,5,0,93" ten="158,558,7,277" oya="3" hai0="22,0,95,118,112,58,17,80,134,117,54,63,57" hai1="11,15,32,98,132,77,82,37,44,71,88,90,10" hai2="126,131,125,75,107,128,4,89,39,122,31,51,85" hai3="33,12,61,106,130,25,40,42,23,79,19,24,91"/><W116/><G116/><T7/><D134/><U26/><E71/><V45/><F31/><W21/><G106/><T46/><D112/><U29/><E132/><V48/><F4/><W1/><G1/><T83/><D118/><U74/><E98/><V41/><F75/><W114/><G114/><T65/><D117/><U68/><E68/><V64/><F107/><W105/><G105/><T100/><D46/><U135/><E135/><V124/><F85/><W92/><G33/><T62/><D7/><U8/><REACH who="1" step="1"/><E15/><REACH who="1" ten="158,548,7,277" step="2"/><V103/><F103/><W73/><G130/><T81/><D0/><U9/><N who="1" m="2560" /><DORA hai="67" /><U129/><E129/><N who="2" m="49739" /><F89/><W123/><G123/><T72/><D72/><U20/><E20/><V2/><F2/><W110/><G110/><T133/><D133/><U3/><E3/><V5/><F5/><W108/><G108/><T121/><D121/><U87/><E87/><V36/><F122/><W115/><G115/><T60/><D100/><U113/><E113/><V34/><F34/><W76/><G12/><T94/><D22/><U119/><E119/><V56/><F64/><W18/><G73/><T69/><D17/><U101/><E101/><V70/><F70/><W127/><G127/><N who="2" m="32513" /><V104/><DORA hai="99" /><F104/><W13/><G13/><T86/><D86/><U6/><E6/><V50/><F56/><W27/><G27/><T35/><D35/><U111/><E111/><V53/><F53/><AGARI ba="0,1" hai="53,54,57,58,60,62,63,65,69,80,81,83,94,95" machi="53" ten="40,2600,0" yaku="9,1,52,1" doraHai="93,67,99" who="0" fromWho="2" sc="158,36,548,0,7,-26,277,0" owari="194,-21.0,548,65.0,-19,-52.0,277,8.0" />
</Scene>
</mjloggm>