<mjloggm ver="2.3"><GO type="169" lobby="0"/><UN n0="%E3%83%AA%E3%83%A7%E3%82%AA" n1="%E3%82%AF%E3%83%AD%E3%83%8E%E3%82%B9%40" n2="%E5%A4%AA%E3%81%8F%E3%81%AA%E3%81%84%E3%81%8A" n3="%7A%6B%75%72%74" dan="16,16,18,16" rate="2119.90,2166.03,2297.52,2112.60" sx="M,M,F,M"/><TAIKYOKU oya="0"/>

<Scene>
<INIT seed="0,0,0,4,2,71" ten="250,250,250,250" oya="0" hai0="128,135,121,98,59,99,108,41,58,82,34,17,56" hai1="86,104,47,36,6,81,112,118,25,126,18,80,13" hai2="48,61,83,42,50,134,125,133,77,131,100,75,60" hai3="119,53,101,127,92,117,93,21,103,72,91,63,87"/><T23/><D121/><U124/><E118/><V44/><F131/><W38/><G72/><T55/><D34/><U130/><E104/><V90/><F125/><N who="1" m="48233" /><E112/><V1/><F1/><W116/><G127/><T68/><D68/><U8/><E130/><V62/><F100/><W15/><G38/><T46/><D128/><U26/><E18/><V111/><F111/><W132/><G132/><N who="2" m="50793" /><F90/><W2/><G2/><T43/><D108/><U120/><E120/><V40/><F40/><N who="0" m="15434" /><D82/><N who="1" m="31851" /><E86/><V4/><F4/><W57/><G93/><T12/><D135/><U52/><E36/><AGARI ba="0,0" hai="36,42,44,48,50,60,61,62,75,77,83" m="50793" machi="36" ten="30,2000,0" yaku="20,1,52,1" doraHai="71" who="2" fromWho="1" sc="250,0,250,-20,250,20,250,0" />
</Scene>
<Scene>
<INIT seed="1,0,0,0,3,129" ten="250,230,270,250" oya="1" hai0="69,59,113,97,22,44,117,34,92,102,78,67,91" hai1="122,105,7,32,29,53,30,49,54,80,88,126,66" hai2="39,75,124,77,128,82,24,27,86,37,120,58,130" hai3="114,107,2,28,65,17,52,51,12,61,112,110,79"/><U104/><E122/><V125/><F120/><W87/><G107/><T119/><D34/><U5/><E126/><N who="2" m="48747" /><F58/><W106/><G106/><T108/><D113/><U83/><E66/><V134/><F86/><W93/><G2/><T42/><D69/><U14/><E14/><V135/><F27/><W96/><G28/><T100/><D78/><U3/><E49/><V76/><F76/><W43/><G43/><T25/><D108/><U99/><E99/><V55/><F55/><W84/><G110/><T81/><D119/><U90/><REACH who="1" step="1"/><E32/><REACH who="1" ten="250,220,270,250" step="2"/><V46/><F24/><W70/><G114/><T31/><D117/><U4/><E4/><V121/><F121/><W71/><G112/><T118/><D118/><U11/><E11/><V13/><F13/><W15/><G15/><T63/><REACH who="0" step="1"/><D81/><REACH who="0" ten="240,220,270,250" step="2"/><U18/><E18/><V16/><F16/><W133/><G17/><T103/><D103/><U23/><E23/><V35/><F35/><W89/><G71/><T9/><D9/><U1/><AGARI ba="0,2" hai="1,3,5,7,29,30,53,54,80,83,88,90,104,105" machi="1" ten="25,12000,1" yaku="1,1,0,1,22,2,54,1,53,0" doraHai="129" doraHaiUra="45" who="1" fromWho="1" sc="240,-40,220,140,270,-40,250,-40" />
</Scene>
<Scene>
<INIT seed="1,1,0,1,4,110" ten="200,360,230,210" oya="1" hai0="48,24,1,97,52,66,108,33,44,120,121,39,102" hai1="77,25,79,103,80,134,42,96,59,114,90,51,70" hai2="89,36,49,22,45,84,19,128,13,50,31,78,86" hai3="26,12,135,113,3,2,130,62,87,0,16,111,83"/><U101/><E70/><V27/><F128/><W8/><G130/><T75/><D108/><U58/><E134/><V34/><F78/><W125/><G111/><T54/><D75/><U5/><E114/><V63/><F63/><W133/><G125/><T53/><D1/><U47/><E25/><V29/><F29/><W10/><G62/><T93/><D39/><U129/><E129/><V112/><F112/><W55/><G55/><T28/><REACH who="0" step="1"/><D66/><REACH who="0" ten="190,360,230,210" step="2"/><U7/><E59/><V85/><F36/><W74/><G74/><T67/><D67/><U61/><E58/><V57/><F57/><W14/><G113/><T88/><D88/><U56/><E90/><V18/><F89/><W100/><G100/><T104/><D104/><U127/><E103/><V119/><F119/><W64/><G64/><T73/><D73/><U68/><E127/><V95/><F95/><W32/><G83/><T38/><D38/><U132/><E132/><V99/><F45/><W76/><G76/><T82/><D82/><U30/><E80/><V126/><F126/><W6/><G87/><T124/><D124/><U72/><E72/><V107/><F107/><W131/><G131/><T69/><D69/><U15/><E68/><V122/><F85/><W105/><G105/><T60/><D60/><U109/><E109/><V37/><F86/><W9/><G9/><T11/><D11/><N who="1" m="4591" /><E77/><V71/><F71/><W123/><G123/><AGARI ba="1,1" hai="24,28,33,44,48,52,53,54,93,97,102,120,121,123" machi="123" ten="40,12000,2" yaku="1,1,13,1,54,1,53,3" doraHai="110" doraHaiUra="117" who="0" fromWho="3" sc="190,133,360,0,230,0,210,-123" />
</Scene>
<Scene>
<INIT seed="2,0,0,0,1,83" ten="323,360,230,87" oya="2" hai0="29,24,81,104,51,12,96,92,8,10,105,115,116" hai1="65,123,80,30,52,15,71,131,119,27,11,130,68" hai2="106,121,114,85,64,20,1,62,112,25,99,36,49" hai3="120,18,107,33,63,35,91,9,77,57,135,82,56"/><V102/><F36/><W134/><G120/><T31/><D115/><U7/><E119/><V103/><F121/><W133/><G107/><T28/><D116/><U38/><E38/><V78/><F1/><W58/><G63/><T95/><D24/><U5/><E123/><V3/><F3/><W4/><G91/><T14/><D81/><U70/><E80/><V47/><F102/><W109/><G18/><T19/><D51/><U21/><E65/><V89/><F78/><W128/><G128/><N who="1" m="49194" /><E52/><V34/><F47/><W54/><G54/><T74/><D74/><U39/><E39/><V129/><F49/><W45/><G45/><T113/><D113/><U79/><E79/><V48/><F48/><W0/><REACH who="3" step="1"/><G109/><REACH who="3" ten="323,360,230,77" step="2"/><T2/><D105/><U118/><E118/><V61/><F61/><W87/><AGARI ba="0,1" hai="0,4,9,33,35,56,57,58,77,82,87,133,134,135" machi="87" ten="40,8000,1" yaku="1,1,2,1,0,1,20,1,52,1,53,0" doraHai="83" doraHaiUra="46" who="3" fromWho="3" sc="323,-20,360,-20,230,-40,77,90" />
</Scene>
<Scene>
<INIT seed="3,0,0,4,0,32" ten="303,340,190,167" oya="3" hai0="33,106,36,28,115,101,77,82,78,42,68,105,48" hai1="22,19,16,60,133,14,75,103,70,10,71,13,31" hai2="126,130,25,91,121,2,8,17,134,67,109,94,54" hai3="45,111,99,61,4,24,124,83,29,9,85,12,23"/><W72/><G72/><T90/><D68/><U50/><E75/><V27/><F109/><W76/><G124/><T113/><D36/><U66/><E133/><V65/><F134/><W56/><G111/><T118/><D28/><U55/><E103/><V69/><F126/><W84/><G99/><T117/><D33/><U1/><E31/><V128/><F121/><W3/><G45/><T34/><D34/><U88/><E1/><V81/><F81/><W89/><G3/><T44/><D90/><U80/><E60/><V129/><F54/><W20/><G20/><T0/><D78/><U59/><E66/><N who="2" m="25099" /><F69/><W63/><REACH who="3" step="1"/><G56/><REACH who="3" ten="303,340,190,157" step="2"/><T120/><D0/><U15/><E71/><V64/><F2/><W52/><G52/><T132/><D132/><U18/><E70/><V57/><F57/><W30/><G30/><T79/><D44/><U21/><E10/><V127/><F64/><W35/><G35/><T39/><D120/><U53/><E55/><V100/><F127/><W97/><G97/><T26/><D42/><U51/><E50/><V62/><F62/><W40/><G40/><T122/><D122/><U5/><E5/><V135/><F135/><W86/><G86/><AGARI ba="0,1" hai="13,14,15,16,18,19,21,22,51,53,59,80,86,88" machi="86" ten="40,5200,0" yaku="8,1,54,2" doraHai="32" who="1" fromWho="3" sc="303,0,340,62,190,0,157,-52" />
</Scene>
<Scene>
<INIT seed="4,0,0,0,3,16" ten="303,402,190,105" oya="0" hai0="59,24,68,25,47,48,125,62,57,37,0,102,45" hai1="8,89,1,91,80,128,6,135,94,44,119,83,100" hai2="49,41,111,118,129,114,124,33,67,109,66,19,76" hai3="69,103,92,54,108,77,35,55,97,31,75,60,73"/><T86/><D0/><U121/><E119/><V126/><F33/><W99/><G108/><N who="2" m="41545" /><F76/><W53/><G77/><T42/><D125/><N who="2" m="48234" /><F19/><W21/><G35/><T104/><D104/><U52/><E128/><V71/><F129/><W90/><G69/><T112/><D102/><U120/><E135/><V79/><F79/><W39/><G39/><T14/><D112/><U34/><E34/><V116/><F114/><W9/><G9/><T133/><D133/><U98/><E89/><V95/><F95/><W20/><G31/><T23/><D68/><U18/><E18/><V56/><F71/><W28/><G28/><T3/><D3/><U58/><E83/><V106/><F106/><W70/><G75/><T46/><D14/><U40/><E80/><V17/><F17/><W63/><G73/><T107/><D107/><U117/><E91/><V85/><F85/><W7/><G7/><T123/><D86/><U82/><E82/><V131/><F131/><W2/><G2/><T51/><D25/><U113/><E113/><V11/><F11/><W74/><G74/><T29/><D123/><U22/><E120/><V4/><F4/><W30/><G30/><T65/><D37/><N who="1" m="21519" /><E121/><V115/><F115/><W81/><G70/><T101/><D101/><U27/><E27/><V87/><F87/><N who="3" m="50543" /><G97/><T36/><D36/><U64/><E98/><V96/><F96/><W93/><G93/><T110/><D110/><U134/><E94/><V88/><F88/><W38/><G38/><T26/><D26/><U122/><E122/><V13/><F118/><W84/><G84/><T43/><D43/><RYUUKYOKU ba="0,0" sc="303,15,402,-15,190,-15,105,15" hai0="23,24,29,42,45,46,47,48,51,57,59,62,65" hai3="20,21,53,54,55,60,63,92,99,103" />
</Scene>
<Scene>
<INIT seed="4,1,0,4,4,106" ten="318,387,175,120" oya="0" hai0="16,28,67,89,81,84,30,19,101,48,54,82,53" hai1="76,13,72,60,52,90,88,85,42,10,0,2,39" hai2="97,41,33,99,7,91,36,21,17,70,114,11,51" hai3="116,130,122,35,86,133,129,110,77,113,25,61,131"/><T98/><D67/><U40/><E2/><V121/><F121/><W104/><G110/><T123/><D123/><U92/><E0/><V63/><F33/><W29/><G122/><T6/><D6/><U71/><E39/><V93/><F36/><W127/><G104/><T107/><D82/><N who="1" m="47303" /><E72/><V58/><F70/><W8/><G116/><T96/><D96/><U5/><E71/><V108/><F108/><W119/><G119/><T32/><D54/><U103/><E103/><V34/><F34/><W47/><G113/><T45/><D32/><U38/><E38/><V62/><F114/><W22/><G47/><T14/><REACH who="0" step="1"/><D19/><REACH who="0" ten="308,387,175,120" step="2"/><U87/><E90/><V135/><F99/><W102/><G35/><T126/><D126/><U66/><E66/><V120/><F120/><W23/><G127/><T74/><D74/><U4/><E5/><V73/><F73/><W1/><G129/><T79/><D79/><U128/><E128/><V69/><F17/><W20/><G130/><T75/><D75/><U18/><E4/><V27/><F7/><W9/><G131/><T115/><D115/><U43/><E60/><V44/><F63/><W57/><G1/><T132/><D132/><U12/><E52/><N who="2" m="34119" /><F135/><W24/><G133/><T56/><D56/><U100/><E100/><V118/><F69/><W68/><G68/><T117/><D117/><U46/><E46/><V64/><F118/><W95/><G102/><T50/><D50/><U109/><E109/><V37/><F37/><W49/><G49/><T125/><D125/><U112/><E112/><V65/><F51/><W59/><G61/><RYUUKYOKU ba="1,1" sc="308,15,387,15,175,-15,120,-15" hai0="14,16,28,30,45,48,53,81,84,89,98,101,107" hai1="10,12,13,18,40,42,43,87,88,92" />
</Scene>
<Scene>
<INIT seed="4,2,1,3,3,111" ten="323,402,160,105" oya="0" hai0="112,100,126,36,97,74,76,127,81,132,59,80,11" hai1="77,2,96,69,46,61,130,56,9,62,52,18,110" hai2="51,70,106,22,105,0,89,21,45,43,86,103,32" hai3="66,24,1,98,90,47,33,115,95,8,91,49,123"/><T44/><D132/><U107/><E110/><V101/><F32/><W34/><G123/><T135/><D135/><U40/><E130/><V7/><F70/><W37/><G37/><T5/><D59/><U3/><E77/><V4/><F106/><W30/><G34/><T63/><D63/><U131/><E131/><V26/><F0/><W118/><G66/><T99/><D81/><U82/><E82/><N who="2" m="49367" /><F105/><W113/><G118/><T104/><D99/><U20/><E9/><V73/><F22/><W31/><G31/><T124/><D112/><N who="3" m="43081" /><G8/><T120/><D120/><U85/><E85/><V88/><F73/><W133/><G133/><T19/><D19/><U128/><E128/><V67/><F67/><W129/><G129/><T92/><D92/><U84/><E84/><V60/><F60/><W38/><G38/><T23/><D23/><U53/><E69/><V35/><F35/><W121/><G1/><N who="0" m="431" /><D127/><U27/><E2/><V83/><F4/><W125/><G121/><T102/><D102/><U119/><E3/><V57/><F7/><W108/><G108/><T48/><D126/><U64/><E119/><V78/><F103/><N who="3" m="60895" /><G125/><T94/><D124/><U10/><E10/><V50/><F101/><W117/><G117/><T29/><D29/><U58/><E64/><V71/><F71/><W93/><G93/><T54/><D94/><U122/><E122/><V39/><F39/><W17/><G17/><T14/><D36/><N who="1" m="21767" /><E107/><V109/><F109/><W12/><G12/><T15/><D14/><U68/><E68/><V25/><F25/><W13/><G13/><T65/><D15/><RYUUKYOKU ba="2,1" sc="323,10,402,10,160,-30,105,10" hai0="44,48,54,65,74,76,80,97,100,104" hai1="18,20,27,52,53,56,58,61,62,96" hai3="24,30,33,47,49,90,91" />
</Scene>
<Scene>
<INIT seed="4,3,1,5,5,51" ten="333,412,130,115" oya="0" hai0="13,120,49,116,41,14,85,75,5,44,38,90,64" hai1="8,58,109,89,99,77,37,102,26,10,61,121,111" hai2="16,66,30,95,45,93,124,12,78,3,94,46,79" hai3="23,104,101,65,20,81,68,17,92,1,60,9,28"/><T129/><D120/><U119/><E121/><V34/><F3/><W135/><G135/><T19/><D75/><U40/><E119/><V59/><F124/><W96/><G28/><T43/><D116/><U55/><E77/><N who="2" m="29195" /><F34/><W134/><G134/><T31/><D31/><U21/><E89/><V56/><F30/><W74/><G74/><T73/><D73/><U57/><E40/><V91/><F91/><W130/><G81/><T132/><D129/><U35/><E35/><V50/><F66/><W87/><G130/><T97/><D97/><U108/><E37/><V2/><F2/><W48/><G87/><T67/><D41/><U86/><E86/><V22/><F46/><W71/><G71/><T52/><D5/><U107/><E58/><V6/><F6/><W7/><G104/><T126/><D126/><U110/><E110/><V25/><F25/><W47/><REACH who="3" step="1"/><G17/><REACH who="3" ten="333,412,130,105" step="2"/><T115/><D132/><U123/><E123/><V62/><F62/><W39/><G39/><T36/><D36/><U84/><E84/><V15/><F15/><W53/><AGARI ba="3,2" hai="1,7,9,20,23,47,48,53,60,65,68,92,96,101" machi="53" ten="20,5200,0" yaku="1,1,0,1,7,1,52,1,53,0" doraHai="51" doraHaiUra="76" who="3" fromWho="3" sc="333,-29,412,-16,130,-16,105,81" />
</Scene>
<Scene>
<INIT seed="5,0,0,1,2,13" ten="304,396,114,186" oya="1" hai0="61,92,21,65,53,63,124,66,70,110,19,10,20" hai1="126,71,9,79,109,46,30,52,78,40,43,24,90" hai2="56,121,95,35,48,18,62,101,81,82,112,41,29" hai3="97,1,49,115,50,103,104,127,67,25,100,31,86"/><U80/><E71/><V54/><F121/><W37/><G37/><T117/><D110/><U14/><E126/><V105/><F105/><W106/><G127/><T59/><D124/><U22/><E109/><V89/><F35/><W123/><G123/><T111/><D111/><U73/><E79/><V102/><F29/><W0/><G115/><T128/><D128/><U57/><E46/><N who="2" m="25679" /><F112/><W8/><G86/><T108/><D108/><U69/><E90/><V74/><F74/><W120/><G120/><T4/><D117/><U116/><E69/><V47/><F47/><W122/><G122/><T76/><D21/><U6/><E116/><V51/><F101/><W132/><G132/><T44/><D76/><U135/><E135/><V38/><F38/><W114/><G114/><T3/><D92/><U36/><E36/><V118/><F102/><W85/><G85/><T83/><D83/><U87/><E73/><V27/><F51/><AGARI ba="0,0" hai="6,9,14,22,24,30,40,43,51,52,57,78,80,87" machi="51" ten="30,5800,0" yaku="7,1,8,1,54,1" doraHai="13" who="1" fromWho="2" sc="304,0,396,58,114,-58,186,0" />
</Scene>
<Scene>
<INIT seed="5,1,0,3,4,99" ten="304,454,56,186" oya="1" hai0="43,65,19,83,85,44,103,90,57,50,49,86,69" hai1="118,130,4,134,82,39,46,123,95,48,93,56,81" hai2="47,42,91,132,88,1,127,63,110,45,5,78,58" hai3="12,122,68,74,124,18,66,94,34,117,125,119,76"/><U84/><E118/><N who="3" m="45066" /><G34/><T15/><D69/><U115/><E115/><V128/><F110/><W73/><G122/><T60/><D86/><U100/><E134/><V9/><F132/><W102/><G66/><T97/><D44/><U107/><E39/><V77/><F128/><W36/><G36/><T55/><D65/><U72/><E56/><V53/><F127/><N who="3" m="48715" /><G68/><T120/><D43/><U40/><E130/><V29/><F29/><W16/><G76/><T116/><D116/><U0/><E0/><V32/><F32/><W37/><G37/><T87/><D87/><U114/><E4/><V129/><F129/><W67/><G67/><T89/><D89/><U80/><E84/><V101/><F101/><W62/><G62/><T59/><D59/><U52/><E46/><V10/><F10/><N who="3" m="6167" /><G18/><T104/><D120/><U21/><E123/><V135/><F135/><W8/><G8/><AGARI ba="1,0" hai="8,15,19,49,50,55,57,60,83,85,90,97,103,104" machi="8" ten="30,2000,0" yaku="7,1,52,1" doraHai="99" who="0" fromWho="3" sc="304,23,454,0,56,0,186,-23" />
</Scene>
<Scene>
<INIT seed="6,0,0,0,1,14" ten="327,454,56,163" oya="2" hai0="123,107,108,43,85,60,102,67,31,90,66,112,72" hai1="46,54,37,9,30,86,7,33,70,50,133,125,5" hai2="119,56,38,100,16,73,18,2,84,71,77,113,83" hai3="127,45,81,128,59,109,92,42,28,41,106,40,58"/><V11/><F71/><W26/><G106/><T69/><D108/><U124/><E70/><V89/><F119/><W132/><G109/><T129/><D112/><U105/><E105/><V12/><F113/><W0/><G0/><T118/><D72/><U63/><E133/><V17/><F38/><W78/><G132/><T34/><D67/><U110/><E63/><V115/><F115/><W44/><G128/><T57/><D43/><U95/><E37/><V8/><F100/><W22/><G127/><N who="1" m="48714" /><E9/><V116/><F116/><W88/><G45/><T35/><D57/><U134/><E134/><V21/><F56/><W101/><G101/><T19/><D118/><U6/><E110/><V27/><F2/><W99/><REACH who="3" step="1"/><G44/><REACH who="3" ten="327,454,56,153" step="2"/><T91/><D102/><U122/><E46/><V75/><F89/><W36/><G36/><T98/><D107/><U68/><E122/><V94/><F94/><W47/><G47/><T121/><D129/><U51/><E95/><V10/><REACH who="2" step="1"/><F12/><REACH who="2" ten="327,454,46,153" step="2"/><W1/><G1/><T135/><D91/><U93/><E93/><V61/><F61/><W82/><G82/><T96/><D90/><U23/><E68/><V49/><F49/><W20/><G20/><T29/><D60/><U80/><E23/><V25/><F25/><W53/><G53/><T130/><D69/><U117/><E117/><V103/><F103/><W120/><G120/><T74/><D123/><U65/><E54/><V104/><F104/><W39/><G39/><T97/><D121/><U76/><E65/><V126/><F126/><W52/><G52/><T32/><D135/><U64/><E64/><RYUUKYOKU ba="0,2" sc="327,-30,454,10,46,10,153,10" hai1="5,6,7,30,33,50,51,76,80,86" hai2="8,10,11,16,17,18,21,27,73,75,77,83,84" hai3="22,26,28,40,41,42,58,59,78,81,88,92,99" />
</Scene>
<Scene>
<INIT seed="6,1,2,5,4,4" ten="297,464,56,163" oya="2" hai0="59,91,130,74,8,7,53,77,39,78,34,126,22" hai1="48,38,128,89,135,98,119,111,105,19,41,26,43" hai2="23,114,20,84,104,94,75,32,46,56,76,30,44" hai3="52,28,45,1,12,92,6,50,86,131,87,67,64"/><V51/><F104/><W124/><G1/><T134/><D34/><U16/><E128/><V99/><F75/><W71/><G131/><T112/><D39/><U68/><E135/><V54/><F32/><W27/><G124/><T95/><D130/><U61/><E111/><V15/><F114/><W2/><G2/><T3/><D112/><U35/><E38/><V118/><F118/><W18/><G6/><T33/><D33/><U29/><E89/><N who="2" m="55759" /><F30/><W65/><G71/><T97/><D74/><U116/><E43/><N who="2" m="24991" /><F46/><W125/><G125/><T11/><D126/><U93/><E93/><V36/><F36/><W42/><G42/><T109/><D134/><U123/><E123/><V81/><F15/><W10/><G92/><T62/><D109/><U5/><E41/><V101/><F101/><W9/><G9/><N who="0" m="3659" /><D3/><U66/><E116/><V60/><AGARI ba="1,2" hai="20,23,54,56,60,76,81,84" m="24991,55759" machi="60" ten="30,1500,0" yaku="8,1" doraHai="4" who="2" fromWho="2" sc="297,-6,464,-6,56,38,163,-6" />
</Scene>
<Scene>
<INIT seed="6,2,0,3,3,111" ten="291,458,94,157" oya="2" hai0="123,115,14,51,108,32,79,103,12,3,89,29,33" hai1="84,93,48,61,119,57,59,132,26,56,101,109,72" hai2="36,74,126,81,113,90,96,45,120,42,114,30,37" hai3="50,125,1,73,102,60,78,28,71,86,19,8,68"/><V17/><F120/><W87/><G125/><T110/><D3/><U70/><E72/><V5/><F126/><W106/><G73/><T41/><D103/><U121/><E132/><V39/><F30/><W7/><G28/><T76/><D29/><U92/><E109/><V82/><F5/><W35/><G35/><T95/><D51/><U58/><E119/><V55/><F55/><W44/><G78/><T83/><D95/><U6/><E70/><V46/><F17/><W64/><G71/><T63/><D63/><U99/><E121/><V47/><F42/><W69/><G69/><T49/><D49/><U34/><E6/><V107/><F74/><W27/><G106/><T38/><D83/><U77/><E26/><V2/><F2/><W62/><G102/><T9/><D89/><N who="1" m="53287" /><E77/><V18/><F18/><W116/><G60/><T52/><D9/><U54/><E34/><V88/><F107/><W122/><G116/><T24/><D52/><AGARI ba="2,0" hai="48,52,54,56,57,58,59,61,93,99,101" m="53287" machi="52" ten="30,2000,0" yaku="8,1,54,1" doraHai="111" who="1" fromWho="0" sc="291,-26,458,26,94,0,157,0" />
</Scene>
<Scene>
<INIT seed="7,0,0,5,5,58" ten="265,484,94,157" oya="3" hai0="69,117,21,12,23,122,52,6,135,120,116,49,81" hai1="46,90,30,93,126,125,127,26,133,89,18,82,66" hai2="36,28,20,119,112,96,35,134,105,43,111,39,113" hai3="95,94,45,25,132,83,77,15,99,14,110,60,24"/><W124/><G132/><T3/><D69/><U56/><E133/><V114/><F134/><W62/><G124/><T84/><D135/><U97/><E18/><V101/><F111/><W1/><G1/><T76/><D3/><U103/><E46/><V2/><F119/><W31/><G110/><T32/><D32/><U61/><E82/><V44/><F20/><AGARI ba="0,0" hai="20,26,30,56,61,66,89,90,93,97,103,125,126,127" machi="20" ten="40,8000,1" yaku="25,2,18,1,52,1" doraHai="58" who="1" fromWho="2" sc="265,0,484,80,94,-80,157,0" owari="265,7.0,564,66.0,14,-49.0,157,-24.0" />
</Scene>
</mjloggm>