<mjloggm ver="2.3"><GO type="169" lobby="0"/><UN n0="%61%6D%65%64%69%6F" n1="%6B%69%79%6F%64%61%69" n2="%E5%A4%AA%E3%81%8F%E3%81%AA%E3%81%84%E3%81%8A" n3="%E3%81%AC%E3%81%8F%E3%82%82%E3%82%8A" dan="16,17,18,16" rate="2089.43,2175.12,2319.47,2124.26" sx="M,M,M,M"/><TAIKYOKU oya="0"/>

<Scene>
<INIT seed="0,0,0,3,1,66" ten="250,250,250,250" oya="0" hai0="18,40,52,44,115,31,90,134,21,98,94,100,81" hai1="135,27,130,25,4,51,2,0,50,91,84,35,78" hai2="14,116,62,107,55,58,23,28,103,108,74,97,121" hai3="70,71,102,5,105,82,33,75,59,15,96,36,41"/><T46/><D134/><U125/><E78/><V114/><F121/><W29/><G59/><T106/><D115/><U127/><E135/><V61/><F114/><W68/><G15/><T92/><D31/><U128/><E84/><V67/><F74/><W45/><G5/><T132/><D132/><U99/><E99/><V118/><F108/><W53/><G53/><T85/><D46/><U95/><E95/><V38/><F38/><W20/><G20/><T13/><REACH who="0" step="1"/><D52/><REACH who="0" ten="240,250,250,250" step="2"/><U65/><E127/><V3/><F28/><W64/><G64/><T48/><AGARI ba="0,1" hai="13,18,21,40,44,48,81,85,90,92,94,98,100,106" machi="48" ten="20,12000,1" yaku="1,1,2,1,0,1,7,1,53,1" doraHai="66" doraHaiUra="9" who="0" fromWho="0" sc="240,130,250,-40,250,-40,250,-40" />
</Scene>
<Scene>
<INIT seed="0,1,0,5,4,135" ten="370,210,210,210" oya="0" hai0="121,56,24,91,23,39,98,36,54,90,31,34,96" hai1="124,42,103,67,8,29,99,92,60,57,20,80,78" hai2="87,55,85,95,111,62,105,94,120,30,27,64,19" hai3="47,48,113,37,17,132,118,114,74,126,50,40,41"/><T14/><D121/><U112/><E112/><V83/><F120/><W70/><G74/><T110/><D39/><U69/><E42/><V53/><F105/><W117/><G17/><T18/><D36/><U119/><E119/><N who="3" m="45578" /><G132/><T107/><D110/><U46/><E46/><V66/><F19/><W6/><G6/><T79/><D79/><U122/><E122/><V49/><F111/><W129/><G129/><T58/><D58/><U9/><E69/><V75/><F75/><W108/><G108/><T38/><D38/><U61/><E61/><V33/><F85/><W22/><G22/><T13/><D13/><U86/><E124/><V109/><F109/><W44/><G126/><T12/><D12/><U130/><E130/><V84/><F84/><W93/><G93/><T102/><REACH who="0" step="1"/><D98/><REACH who="0" ten="360,210,210,210" step="2"/><U100/><E103/><V68/><F68/><W71/><G37/><T45/><D45/><U0/><E0/><V116/><F116/><W52/><G71/><T127/><D127/><U15/><E15/><V133/><F133/><W128/><G70/><T104/><D104/><U51/><E51/><AGARI ba="1,1" hai="14,18,23,24,31,34,51,54,56,90,91,96,102,107" machi="51" ten="30,5800,0" yaku="1,1,7,1,53,1" doraHai="135" doraHaiUra="101" who="0" fromWho="1" sc="360,71,210,-61,210,0,210,0" />
</Scene>
<Scene>
<INIT seed="0,2,0,1,5,122" ten="431,149,210,210" oya="0" hai0="10,120,4,16,81,84,109,118,11,103,125,123,18" hai1="24,65,54,73,19,116,34,35,21,74,44,134,37" hai2="97,105,80,128,33,60,77,56,52,76,72,71,12" hai3="93,0,110,36,104,49,91,8,101,92,135,28,68"/><T100/><D118/><U107/><E116/><V83/><F128/><W23/><G36/><T108/><D125/><U61/><E107/><V42/><F33/><W63/><G135/><T89/><D120/><U131/><E134/><V22/><F42/><W70/><G104/><T117/><D117/><U31/><E131/><V27/><F12/><W127/><G101/><N who="0" m="38987" /><D11/><U59/><E35/><V64/><F97/><W66/><G70/><T90/><D89/><U79/><E79/><V1/><F1/><W5/><G127/><T62/><D62/><U41/><REACH who="1" step="1"/><E65/><REACH who="1" ten="431,139,210,210" step="2"/><V43/><F105/><W121/><G66/><T95/><D123/><U7/><E7/><V78/><F72/><W57/><G5/><T112/><D112/><U2/><E2/><V102/><F64/><W67/><G0/><T126/><D126/><U82/><E82/><V86/><F80/><W129/><G129/><T55/><D81/><U29/><E29/><V38/><F78/><W87/><G121/><T53/><D18/><U96/><E96/><V98/><F77/><W47/><G28/><T46/><D16/><U115/><E115/><V9/><F98/><W39/><G67/><T15/><D46/><U114/><E114/><V48/><F76/><W106/><G47/><T45/><D45/><U69/><E69/><V130/><F71/><W3/><G68/><T6/><D6/><U25/><AGARI ba="2,1" hai="19,21,24,25,31,34,37,41,44,54,59,61,73,74" machi="25" ten="20,2700,0" yaku="1,1,0,1,7,1,53,0" doraHai="122" doraHaiUra="111" who="1" fromWho="1" sc="431,-15,139,43,210,-9,210,-9" />
</Scene>
<Scene>
<INIT seed="1,0,0,1,3,2" ten="416,182,201,201" oya="1" hai0="104,116,38,107,42,37,52,74,125,114,99,55,103" hai1="90,36,57,31,0,120,89,17,14,133,69,129,30" hai2="84,29,78,93,92,72,82,111,12,126,101,130,105" hai3="115,80,68,24,76,45,123,102,98,128,40,59,70"/><U15/><E0/><V75/><F29/><N who="1" m="10761" /><E69/><V51/><F51/><W18/><G115/><T132/><D116/><U56/><E36/><V100/><F12/><N who="1" m="4649" /><E120/><V20/><F20/><W46/><G123/><T22/><D114/><U54/><E129/><V9/><F9/><W86/><G128/><T49/><D74/><N who="2" m="28202" /><F130/><W110/><G110/><T85/><D38/><U13/><E133/><V50/><F50/><W32/><G32/><T48/><D37/><U95/><E95/><N who="2" m="36427" /><F111/><W122/><G122/><T109/><D109/><U35/><E35/><V83/><F126/><W131/><G131/><T97/><D125/><U121/><E121/><V58/><F58/><N who="1" m="22633" /><E54/><V21/><F21/><AGARI ba="0,0" hai="13,17,21,89,90" m="22633,4649,10761" machi="21" ten="30,1500,0" yaku="8,1" doraHai="2" who="1" fromWho="2" sc="416,0,182,15,201,-15,201,0" />
</Scene>
<Scene>
<INIT seed="1,1,0,4,5,124" ten="416,197,186,201" oya="1" hai0="22,16,43,98,135,119,120,84,30,61,56,109,76" hai1="105,82,83,118,121,37,59,125,71,6,52,134,123" hai2="50,4,17,41,55,132,104,122,130,5,12,1,64" hai3="40,38,27,58,24,20,88,44,102,13,9,131,10"/><U32/><E118/><V97/><F122/><W86/><G102/><T111/><D119/><U87/><E105/><V15/><F1/><W128/><G58/><T74/><D120/><U11/><E71/><V26/><F132/><W45/><G45/><T14/><D43/><U73/><E32/><V93/><F104/><W126/><G126/><T69/><D69/><U75/><E37/><V133/><F64/><W0/><G0/><T48/><D48/><U85/><E125/><V107/><F107/><W115/><G115/><T23/><D135/><U110/><E134/><V67/><F67/><W78/><G78/><T42/><D42/><U129/><E110/><N who="0" m="41993" /><D98/><U63/><E129/><N who="3" m="49738" /><G20/><N who="0" m="11287" /><D74/><U96/><E96/><V94/><F97/><W91/><G10/><T51/><D51/><U103/><E103/><V81/><F50/><W112/><G112/><T54/><D30/><U34/><E34/><V47/><F133/><W80/><G91/><T92/><D76/><N who="1" m="46311" /><E123/><V28/><F130/><W90/><G90/><AGARI ba="1,0" hai="22,23,54,56,61,84,90,92" m="11287,41993" machi="90" ten="30,2000,0" yaku="14,1,54,1" doraHai="124" who="0" fromWho="3" sc="416,23,197,0,186,0,201,-23" />
</Scene>
<Scene>
<INIT seed="2,0,0,2,2,12" ten="439,197,186,178" oya="2" hai0="85,69,80,57,63,116,100,4,113,5,32,88,10" hai1="66,91,13,62,107,68,33,21,115,133,17,31,22" hai2="128,84,78,27,6,114,46,11,109,52,58,82,71" hai3="2,50,28,47,56,89,44,93,108,90,1,121,26"/><V134/><F114/><W8/><G121/><T130/><D32/><U35/><E115/><V118/><F118/><W34/><G108/><T55/><D113/><U37/><E37/><V127/><F71/><W74/><G74/><T73/><D73/><U117/><E117/><V67/><F127/><W64/><G89/><T29/><D29/><U24/><E133/><V125/><F125/><W120/><G120/><T102/><D130/><U60/><E107/><V49/><F128/><W19/><G64/><T122/><D122/><U7/><E7/><V131/><F131/><W129/><G129/><T104/><D69/><U54/><REACH who="1" step="1"/><E91/><REACH who="1" ten="439,187,186,178" step="2"/><V110/><F134/><W95/><G90/><T83/><D104/><U132/><E132/><V16/><F110/><W48/><G1/><T72/><D116/><U76/><E76/><V87/><F109/><W81/><G2/><T99/><D5/><U25/><E25/><V40/><F6/><W20/><G26/><T96/><D96/><U106/><E106/><V53/><F87/><W70/><G95/><T3/><D99/><U126/><E126/><V14/><F27/><W36/><G93/><T123/><D123/><U103/><E103/><V23/><F11/><W42/><G8/><T111/><D111/><U135/><E135/><V9/><F9/><W101/><G101/><T65/><D100/><U30/><E30/><V97/><F97/><W94/><G28/><T51/><D102/><U98/><E98/><V79/><F79/><W43/><G94/><N who="0" m="54543" /><D72/><U92/><E92/><V119/><F119/><W75/><G75/><T41/><D3/><RYUUKYOKU ba="0,1" sc="439,-15,187,15,186,15,178,-15" hai1="13,17,21,22,24,31,33,35,54,60,62,66,68" hai2="14,16,23,40,46,49,52,53,58,67,78,82,84" />
</Scene>
<Scene>
<INIT seed="2,1,1,1,3,29" ten="424,202,201,163" oya="2" hai0="45,11,48,16,94,23,131,105,91,118,35,71,14" hai1="30,62,37,124,122,85,2,119,134,125,13,33,36" hai2="83,96,78,115,39,93,120,46,103,110,95,17,65" hai3="53,4,69,104,133,28,55,84,111,18,59,41,57"/><V66/><F115/><W135/><G104/><T63/><D105/><U24/><E2/><V116/><F116/><W25/><G69/><T31/><D118/><U6/><E119/><V101/><F120/><W86/><G111/><T99/><D131/><U100/><E100/><V9/><F110/><W98/><G4/><T8/><D71/><U60/><E134/><N who="3" m="51210" /><G41/><T3/><D63/><N who="1" m="24107" /><E85/><N who="3" m="32874" /><G18/><T52/><D3/><U75/><E75/><V47/><F39/><W112/><G98/><T56/><D45/><U22/><E122/><V87/><F101/><W77/><G77/><T20/><D35/><U92/><E92/><V81/><F93/><W49/><G112/><T127/><D127/><N who="1" m="48715" /><E22/><V128/><F83/><W90/><G90/><T21/><D11/><AGARI ba="1,1" hai="6,11,13,24,30,33,36,37" m="48715,24107" machi="11" ten="30,2000,0" yaku="18,1,52,1" doraHai="29" who="1" fromWho="0" sc="424,-23,202,33,201,0,163,0" />
</Scene>
<Scene>
<INIT seed="3,0,0,3,0,71" ten="401,235,201,163" oya="3" hai0="95,8,83,135,34,27,94,59,32,41,104,31,24" hai1="109,57,114,64,97,92,23,125,18,7,85,33,72" hai2="65,118,91,120,50,60,42,93,9,105,73,13,122" hai3="115,20,51,99,87,112,19,26,6,86,101,124,96"/><W22/><G124/><T4/><D104/><U55/><E72/><V103/><F73/><W66/><G6/><T123/><D123/><N who="2" m="47146" /><F118/><W110/><G110/><T1/><D135/><U108/><E33/><V49/><F103/><W75/><G75/><T39/><D59/><U46/><E7/><N who="2" m="3263" /><F42/><W61/><G51/><T119/><D83/><U5/><E5/><V111/><F105/><W25/><G112/><T0/><D119/><U106/><E114/><V10/><F10/><W88/><G115/><T98/><D1/><U74/><E74/><V80/><F80/><W52/><G101/><T69/><D69/><U132/><E106/><V79/><F79/><W81/><G86/><T67/><D67/><U30/><E85/><N who="2" m="52463" /><F111/><W56/><REACH who="3" step="1"/><G66/><REACH who="3" ten="401,235,201,153" step="2"/><T47/><D98/><U53/><E64/><V128/><F128/><W29/><AGARI ba="0,1" hai="19,20,22,25,26,29,52,56,61,81,87,88,96,99" machi="29" ten="20,18000,2" yaku="1,1,2,1,0,1,7,1,8,1,54,2,53,0" doraHai="71" doraHaiUra="100" who="3" fromWho="3" sc="401,-60,235,-60,201,-60,153,190" />
</Scene>
<Scene>
<INIT seed="3,1,0,2,5,72" ten="341,175,141,343" oya="3" hai0="105,9,81,126,97,104,31,113,79,33,24,128,52" hai1="22,13,77,61,98,39,19,27,131,6,50,133,83" hai2="37,42,58,106,28,75,87,70,127,73,84,108,16" hai3="40,90,121,5,85,20,92,119,63,124,112,2,35"/><W107/><G35/><T69/><D69/><U47/><E39/><V115/><F70/><W82/><G121/><T53/><D113/><U48/><E131/><V89/><F115/><W7/><G119/><T65/><D128/><U34/><E133/><V102/><F28/><W74/><G107/><T56/><D126/><U41/><E61/><V120/><F127/><W12/><G124/><T32/><D32/><U4/><E98/><V96/><F120/><W15/><G112/><T38/><D38/><U132/><E132/><V95/><F108/><W100/><G40/><T122/><D122/><U62/><E62/><V8/><F58/><W36/><G2/><T66/><D9/><U26/><E48/><V88/><F42/><W103/><G36/><T46/><D46/><U59/><E59/><V1/><F37/><W55/><G74/><T93/><D53/><U0/><E0/><V134/><F134/><W114/><G114/><T25/><D25/><U18/><E27/><V91/><F91/><W17/><G92/><T110/><D110/><U78/><E34/><V57/><F57/><N who="3" m="35263" /><G12/><T109/><D109/><U86/><REACH who="1" step="1"/><E78/><REACH who="1" ten="341,165,141,343" step="2"/><V54/><F1/><W51/><G51/><N who="0" m="30751" /><D66/><U3/><E3/><V118/><F118/><W10/><G10/><AGARI ba="1,1" hai="4,6,10,13,18,19,22,26,41,47,50,77,83,86" machi="10" ten="30,7700,0" yaku="1,1,7,1,8,1,52,1,53,0" doraHai="72" doraHaiUra="125" who="1" fromWho="3" sc="341,0,165,90,141,0,343,-80" />
</Scene>
<Scene>
<INIT seed="4,0,0,4,0,1" ten="341,255,141,263" oya="0" hai0="93,77,3,95,72,18,112,132,27,24,123,124,91" hai1="13,127,47,31,130,42,17,59,104,129,119,44,43" hai2="87,100,135,38,19,8,14,80,26,66,128,116,113" hai3="117,92,34,69,105,46,35,15,57,22,64,37,114"/><T51/><D123/><U2/><E2/><V10/><F38/><W60/><G105/><T120/><D3/><U23/><E104/><V28/><F113/><W50/><G117/><T134/><D120/><U106/><E106/><V70/><F116/><W67/><G114/><T56/><D112/><U58/><E119/><V9/><F135/><W63/><G37/><T81/><D124/><U52/><E127/><V107/><F128/><N who="1" m="49257" /><E31/><V122/><F122/><W98/><G22/><T131/><D131/><U97/><E97/><V118/><F118/><W90/><REACH who="3" step="1"/><G15/><REACH who="3" ten="341,255,141,253" step="2"/><T102/><D132/><U99/><E13/><V133/><F133/><W85/><G85/><T0/><D134/><U4/><E99/><V55/><F107/><W16/><G16/><T30/><D18/><U7/><E23/><V111/><F19/><W62/><G62/><T86/><D0/><U54/><E17/><V103/><F14/><W65/><G65/><T84/><D72/><U11/><E11/><V74/><F74/><W71/><G71/><T126/><D126/><U121/><E121/><V89/><F70/><W41/><AGARI ba="0,1" hai="34,35,41,46,50,57,60,63,64,67,69,90,92,98" machi="41" ten="20,5200,0" yaku="1,1,0,1,7,1,53,1" doraHai="1" doraHaiUra="53" who="3" fromWho="3" sc="341,-26,255,-13,141,-13,253,62" />
</Scene>
<Scene>
<INIT seed="5,0,0,5,1,90" ten="315,242,128,315" oya="1" hai0="40,72,100,74,12,29,46,55,26,17,54,114,79" hai1="45,9,13,44,5,128,41,103,129,70,52,108,36" hai2="94,105,62,122,67,88,131,33,73,121,28,115,116" hai3="56,14,60,132,32,80,24,134,126,66,37,92,6"/><U102/><E70/><V16/><F116/><W2/><G37/><T49/><D114/><U1/><E1/><V34/><F105/><W18/><G126/><T51/><D100/><U64/><E64/><V22/><F73/><W8/><G80/><T106/><D106/><U97/><E108/><V0/><F0/><W113/><G113/><T35/><D79/><U27/><E27/><V71/><F115/><W50/><G50/><T68/><D68/><U87/><E87/><V23/><F23/><N who="3" m="11735" /><G92/><T98/><D98/><U83/><E83/><V89/><F89/><W124/><G124/><T39/><D39/><U91/><E91/><V69/><F69/><W85/><G85/><T101/><D101/><U130/><E97/><V38/><F38/><W96/><G96/><T61/><D61/><U4/><E4/><V107/><F107/><W76/><G76/><T82/><D82/><U111/><E111/><V77/><F77/><W86/><G86/><T63/><D63/><U117/><E117/><V58/><F71/><W84/><G84/><T118/><D40/><U42/><E41/><V119/><F119/><W19/><G19/><T53/><D53/><U11/><E11/><V30/><F94/><W112/><G112/><T20/><D118/><U57/><E45/><AGARI ba="0,0" hai="12,17,20,26,29,35,45,46,49,51,54,55,72,74" machi="45" ten="30,2000,0" yaku="7,1,9,1" doraHai="90" who="0" fromWho="1" sc="315,20,242,-20,128,0,315,0" />
</Scene>
<Scene>
<INIT seed="6,0,0,0,3,8" ten="335,222,128,315" oya="2" hai0="31,83,3,66,53,28,1,51,42,64,88,38,133" hai1="90,60,29,20,24,63,14,34,76,92,52,130,33" hai2="47,71,101,102,48,75,91,2,77,131,65,27,87" hai3="112,98,79,129,114,32,21,12,107,54,56,16,17"/><V43/><F2/><W25/><G129/><T67/><D133/><U58/><E130/><V81/><F131/><W97/><G79/><T105/><D105/><U15/><E33/><V106/><F27/><W111/><G111/><T122/><D122/><U128/><E128/><V44/><F106/><W82/><G82/><T117/><D117/><U36/><E36/><V85/><F75/><W96/><G107/><T86/><D38/><U10/><E76/><V132/><F132/><W41/><G41/><T108/><D108/><U94/><E94/><V74/><F74/><W127/><G127/><T119/><D119/><U95/><E95/><V69/><F47/><W78/><G78/><T11/><D42/><U57/><E10/><V84/><F84/><W49/><REACH who="3" step="1"/><G32/><REACH who="3" ten="335,222,128,305" step="2"/><T30/><REACH who="0" step="1"/><D11/><AGARI ba="0,1" hai="11,12,16,17,21,25,49,54,56,96,97,98,112,114" machi="11" ten="40,8000,1" yaku="1,1,2,1,52,1,54,1,53,0" doraHai="8" doraHaiUra="124" who="3" fromWho="0" sc="335,-80,222,0,128,0,305,90" />
</Scene>
<Scene>
<INIT seed="7,0,0,4,5,75" ten="255,222,128,395" oya="3" hai0="98,55,101,59,92,118,19,17,61,105,133,47,28" hai1="48,45,100,60,90,94,66,70,39,126,22,16,86" hai2="87,34,67,21,42,62,9,41,33,57,108,121,23" hai3="84,36,115,63,65,106,107,112,89,93,58,69,24"/><W102/><G36/><T64/><D118/><U120/><E39/><V72/><F108/><W111/><G111/><T96/><D133/><U128/><E126/><V44/><F72/><W130/><G130/><T125/><D125/><U43/><E128/><V117/><F117/><W127/><G127/><T14/><D28/><U119/><E119/><V109/><F109/><W40/><G40/><T54/><D47/><U12/><REACH who="1" step="1"/><E100/><REACH who="1" ten="255,212,128,395" step="2"/><V97/><F121/><AGARI ba="0,1" hai="12,16,22,43,45,48,60,66,70,86,90,94,120,121" machi="121" ten="40,5200,0" yaku="1,1,2,1,54,1,53,0" doraHai="75" doraHaiUra="52" who="1" fromWho="2" sc="255,0,212,62,128,-52,395,0" owari="255,-14.0,274,7.0,76,-42.0,395,49.0" />
</Scene>
</mjloggm>