<mjloggm ver="2.3"><GO type="169" lobby="0"/><UN n0="%E3%81%8D%E3%82%83%E3%81%97%E3%82%83%E3%83%BC%E3%81%AE%EF%BC%81" n1="%E3%82%BF%E3%82%B1%E3%82%AA%E3%81%97%E3%82%83%E3%82%93" n2="%E3%81%82%E3%81%8A%E3%81%8D%E3%82%93%E3%81%90" n3="%E5%A4%AA%E3%81%8F%E3%81%AA%E3%81%84%E3%81%8A" dan="16,19,16,18" rate="2067.58,2286.41,2049.02,2234.46" sx="M,M,M,F"/><TAIKYOKU oya="0"/>

<Scene>
<INIT seed="0,0,0,0,1,104" ten="250,250,250,250" oya="0" hai0="44,66,91,112,46,131,119,16,118,33,2,94,29" hai1="42,61,125,43,69,97,63,102,22,82,88,21,73" hai2="6,7,36,70,55,130,9,109,58,124,49,90,57" hai3="53,65,32,4,17,103,39,113,14,24,13,31,11"/><T12/><D2/><U23/><E125/><V28/><F109/><W84/><G39/><T60/><D112/><U41/><E69/><V78/><F130/><W35/><G65/><T50/><D131/><U0/><E0/><V47/><F124/><W27/><G103/><T77/><D77/><U107/><REACH who="1" step="1"/><E88/><REACH who="1" ten="250,240,250,250" step="2"/><V54/><F70/><W74/><G113/><T114/><D114/><U110/><E110/><V123/><F90/><W25/><G84/><T30/><D118/><U37/><E37/><V56/><F36/><W101/><G101/><T1/><D1/><U99/><E99/><V59/><F123/><W62/><G74/><T89/><D119/><U15/><E15/><V105/><F49/><W51/><G62/><T3/><D3/><U76/><AGARI ba="0,1" hai="21,22,23,41,42,43,61,63,73,76,82,97,102,107" machi="76" ten="40,5200,0" yaku="1,1,0,1,52,1,53,0" doraHai="104" doraHaiUra="68" who="1" fromWho="1" sc="250,-26,240,62,250,-13,250,-13" />
</Scene>
<Scene>
<INIT seed="1,0,0,0,1,30" ten="224,302,237,237" oya="1" hai0="106,70,20,14,65,119,120,133,9,97,24,80,109" hai1="38,122,3,27,57,79,86,121,7,28,5,35,54" hai2="61,102,87,33,72,11,134,26,67,84,47,112,93" hai3="4,78,8,110,56,94,100,64,41,37,17,29,15"/><U107/><E38/><V12/><F134/><W34/><G110/><T115/><D115/><U1/><E107/><V89/><F72/><W91/><G78/><T46/><D119/><U68/><E68/><V130/><F130/><W39/><G100/><T48/><D109/><U21/><E86/><V18/><F112/><W83/><G83/><T116/><D116/><U19/><E54/><V69/><F102/><W31/><G31/><T77/><D106/><U0/><E57/><V63/><F47/><W104/><G104/><T85/><D97/><U74/><E79/><V16/><F63/><W101/><G101/><T52/><D133/><U118/><E74/><V49/><F49/><W60/><G41/><T6/><D120/><N who="1" m="46187" /><E118/><V58/><F69/><W76/><G76/><T113/><D113/><U125/><E125/><V92/><F33/><W25/><REACH who="3" step="1"/><G4/><REACH who="3" ten="224,302,237,227" step="2"/><T22/><D77/><U98/><E98/><AGARI ba="0,1" hai="8,15,17,25,29,34,37,39,56,60,64,91,94,98" machi="98" ten="30,7700,0" yaku="1,1,2,1,7,1,52,1,53,0" doraHai="30" doraHaiUra="114" who="3" fromWho="1" sc="224,0,302,-77,237,0,227,87" />
</Scene>
<Scene>
<INIT seed="2,0,0,5,0,28" ten="224,225,237,314" oya="2" hai0="21,106,10,68,81,23,49,52,123,131,109,39,94" hai1="86,9,79,29,59,16,22,20,104,15,102,72,127" hai2="25,126,84,124,116,110,107,55,115,35,129,47,5" hai3="66,133,89,14,80,11,37,105,100,114,12,76,91"/><V75/><F84/><W101/><G37/><T42/><D106/><U119/><E72/><V60/><F5/><W54/><G66/><T3/><D68/><U41/><E119/><V88/><F88/><W26/><G133/><T36/><D123/><U108/><E127/><V70/><F25/><W43/><G43/><T99/><D131/><U50/><E108/><V82/><F82/><W134/><G134/><T85/><D109/><U0/><E104/><V32/><F47/><W46/><G114/><T4/><D42/><U69/><E69/><V77/><F77/><W122/><G122/><T93/><D39/><U125/><E125/><V135/><F55/><W8/><G26/><T62/><D62/><U98/><E0/><V113/><F60/><W19/><G105/><T111/><D36/><U48/><E29/><V118/><F115/><W97/><G46/><T24/><D111/><U67/><E41/><V44/><F44/><W120/><G54/><T57/><D99/><U7/><E7/><V117/><F118/><W95/><G91/><T65/><D65/><U121/><E121/><V51/><F51/><W6/><REACH who="3" step="1"/><G120/><REACH who="3" ten="224,225,237,304" step="2"/><T34/><D24/><U130/><E67/><V61/><F124/><W45/><G45/><T90/><D90/><U27/><E27/><V92/><F117/><W1/><G1/><T83/><D3/><U33/><E15/><V64/><F116/><W2/><G2/><T128/><D52/><U18/><E59/><N who="2" m="36927" /><F126/><W96/><G96/><T17/><D57/><U112/><E98/><V30/><F135/><W87/><AGARI ba="0,1" hai="6,8,11,12,14,19,76,80,87,89,95,97,100,101" machi="87" ten="20,8000,1" yaku="1,1,0,1,7,1,8,1,53,1" doraHai="28" doraHaiUra="13" who="3" fromWho="3" sc="224,-20,225,-20,237,-40,304,90" />
</Scene>
<Scene>
<INIT seed="3,0,0,4,3,7" ten="204,205,197,394" oya="3" hai0="14,76,74,111,73,119,26,97,126,131,70,62,80" hai1="82,67,102,77,35,99,58,21,90,115,13,39,40" hai2="88,81,9,56,5,63,118,45,108,121,55,38,46" hai3="50,72,66,28,79,23,107,78,125,31,2,42,106"/><W124/><G2/><T65/><D119/><U18/><E35/><V47/><F108/><W94/><G66/><T134/><D111/><U33/><E33/><V130/><F130/><W133/><G133/><T4/><D134/><U96/><E115/><V8/><F118/><W16/><G42/><T129/><D126/><N who="3" m="48745" /><G50/><T93/><D74/><U128/><E128/><V27/><F121/><W91/><G28/><T43/><D43/><U86/><E39/><V113/><F113/><W61/><G61/><T41/><D41/><U37/><E37/><V85/><F38/><W64/><G64/><T103/><REACH who="0" step="1"/><D26/><REACH who="0" ten="194,205,197,394" step="2"/><U1/><E40/><V120/><F120/><W114/><G114/><T132/><D132/><U117/><E117/><V60/><F27/><N who="3" m="14823" /><G31/><T34/><D34/><U44/><E1/><V52/><F5/><W68/><G68/><T17/><D17/><U32/><E32/><V59/><AGARI ba="0,1" hai="8,9,45,46,47,52,55,56,59,60,63,81,85,88" machi="59" ten="30,12000,2" yaku="0,1,9,1,8,1,52,2,54,2" doraHai="7" who="2" fromWho="2" sc="194,-30,205,-30,197,130,394,-60" />
</Scene>
<Scene>
<INIT seed="4,0,0,0,5,126" ten="164,175,327,334" oya="0" hai0="69,13,100,19,123,128,39,6,111,57,122,77,27" hai1="124,117,101,112,4,63,94,54,67,98,35,109,40" hai2="105,22,74,0,53,21,56,99,115,81,78,2,52" hai3="1,103,92,41,85,66,29,34,134,73,90,127,46"/><T12/><D69/><U76/><E117/><V59/><F115/><W10/><G73/><T45/><D111/><U25/><E109/><V95/><F105/><W106/><G127/><T72/><D100/><U28/><E124/><V132/><F132/><W104/><G66/><T9/><D27/><U118/><E118/><V32/><F32/><W68/><G68/><T14/><D57/><U114/><E40/><V47/><F47/><W3/><G134/><T18/><D18/><U11/><E54/><V110/><F110/><W121/><G121/><T82/><D128/><U50/><E50/><V44/><F44/><W48/><G103/><T96/><D96/><U36/><E76/><V116/><F116/><W135/><G135/><T62/><D62/><U20/><E36/><V55/><F59/><W17/><G29/><T75/><D75/><U26/><E26/><V5/><F56/><W49/><G34/><T42/><REACH who="0" step="1"/><D19/><REACH who="0" ten="154,175,327,334" step="2"/><U23/><E114/><V108/><F108/><W58/><G17/><T133/><D133/><U24/><E24/><V125/><F125/><W113/><G113/><T130/><D130/><U129/><E129/><V83/><F99/><W89/><G58/><T119/><D119/><U107/><E112/><V79/><F74/><W31/><G31/><T8/><D8/><U43/><E63/><V131/><F131/><W87/><G10/><T84/><D84/><U97/><E11/><V65/><F65/><W93/><G46/><T7/><D7/><U61/><E4/><V16/><F5/><W30/><G30/><T102/><D102/><U60/><E67/><RYUUKYOKU ba="0,1" sc="154,15,175,-15,327,-15,334,15" hai0="6,9,12,13,14,39,42,45,72,77,82,122,123" hai3="1,3,41,48,49,85,87,89,90,92,93,104,106" />
</Scene>
<Scene>
<INIT seed="4,1,1,1,5,8" ten="169,160,312,349" oya="0" hai0="21,125,56,110,67,57,70,40,72,93,104,66,71" hai1="53,130,22,127,124,63,25,122,20,54,129,62,86" hai2="10,27,13,59,88,15,133,121,119,36,39,65,113" hai3="5,87,2,89,81,74,23,108,101,61,68,38,30"/><T4/><D104/><U33/><E122/><V29/><F113/><W51/><G38/><T80/><D93/><U3/><E3/><V6/><F133/><W24/><G108/><T128/><D4/><U123/><E123/><V90/><F121/><W17/><G17/><T94/><D94/><U45/><E86/><V19/><F119/><W105/><G74/><T69/><D21/><N who="1" m="8299" /><E45/><V0/><F0/><W50/><G5/><T58/><D80/><U64/><E54/><V120/><F120/><W97/><G2/><T34/><D72/><U41/><E53/><V12/><F6/><W46/><G46/><T11/><D11/><U26/><E41/><V1/><F1/><W32/><REACH who="3" step="1"/><G23/><REACH who="3" ten="169,160,312,339" step="2"/><T103/><D34/><U52/><E33/><V37/><F19/><W16/><G16/><T35/><D35/><U18/><E18/><V114/><F29/><W100/><G100/><T112/><D103/><U106/><E26/><V131/><F37/><W99/><G99/><T75/><D75/><U115/><E25/><V109/><F39/><W132/><G132/><T55/><D110/><U82/><E115/><V7/><F36/><W79/><G79/><T76/><D112/><U48/><E124/><V84/><F27/><W60/><G60/><T43/><D76/><U95/><E63/><V111/><F114/><W102/><G102/><T14/><D125/><U92/><E62/><V83/><F111/><W126/><G126/><T98/><D98/><U44/><E44/><V77/><F109/><W91/><G91/><T28/><D28/><U116/><E127/><V85/><F7/><RYUUKYOKU ba="1,2" sc="169,-10,160,-10,312,-10,339,30" hai3="24,30,32,50,51,61,68,81,87,89,97,101,105" />
</Scene>
<Scene>
<INIT seed="5,2,2,3,2,32" ten="159,150,302,369" oya="1" hai0="117,67,94,113,106,70,78,59,135,34,49,77,84" hai1="89,108,74,121,29,90,2,75,22,9,43,33,4" hai2="16,11,36,52,7,26,53,83,109,12,27,98,48" hai3="102,131,64,88,110,24,30,31,71,119,45,61,114"/><U124/><E121/><V1/><F109/><W39/><G110/><T14/><D106/><U118/><E108/><V46/><F36/><W85/><G114/><T60/><D34/><U96/><E118/><V8/><F98/><W125/><G119/><T120/><D117/><U127/><E43/><V82/><F53/><W104/><G125/><N who="1" m="48202" /><E33/><V3/><REACH who="2" step="1"/><F1/><REACH who="2" ten="159,150,292,369" step="2"/><W128/><G39/><T134/><D113/><U6/><E96/><V62/><F62/><W23/><G61/><T58/><D120/><U57/><E57/><V133/><F133/><W129/><G129/><T97/><D59/><U126/><E126/><V111/><F111/><W81/><G128/><T44/><D58/><U76/><E4/><V130/><F130/><W105/><G131/><T51/><D97/><U100/><E100/><V86/><F86/><W10/><G85/><T15/><D134/><U54/><E54/><V41/><F41/><W107/><G102/><T55/><D135/><U92/><E74/><V56/><F56/><W19/><G45/><T112/><D112/><U0/><E0/><V21/><F21/><W73/><G23/><T18/><D84/><U47/><E47/><V42/><F42/><W50/><G73/><T35/><D44/><U20/><E20/><V38/><F38/><W116/><G116/><T123/><D55/><U72/><E72/><V115/><F115/><W37/><G37/><T132/><D132/><U68/><E22/><V5/><F5/><W91/><G105/><T79/><D35/><U103/><E75/><V122/><F122/><W93/><G107/><T66/><D123/><RYUUKYOKU ba="2,3" sc="159,-10,150,-10,292,30,369,-10" hai2="3,7,8,11,12,16,26,27,46,48,52,82,83" />
</Scene>
<Scene>
<INIT seed="6,3,3,1,3,52" ten="149,140,322,359" oya="2" hai0="100,9,118,133,4,0,134,43,22,76,60,30,70" hai1="88,12,72,105,101,114,94,123,50,38,32,71,64" hai2="24,117,95,98,33,131,36,54,119,125,27,17,113" hai3="41,48,84,42,45,81,3,49,68,73,14,67,2"/><V10/><F113/><W74/><G68/><T104/><D118/><U11/><E38/><V29/><F125/><W111/><G67/><N who="0" m="41319" /><D43/><U80/><E32/><V40/><F131/><W97/><G111/><T110/><D76/><N who="1" m="44039" /><E50/><V130/><F130/><W51/><G97/><N who="0" m="61455" /><D22/><U92/><E64/><V47/><F54/><W86/><G14/><T37/><D37/><U46/><E46/><V90/><REACH who="2" step="1"/><F24/><REACH who="2" ten="149,140,312,359" step="2"/><W85/><G41/><T109/><D30/><U116/><E114/><V122/><F122/><W56/><G42/><T93/><D110/><U58/><E123/><V44/><F44/><W53/><G45/><T99/><D109/><U132/><E116/><V89/><F89/><W34/><G53/><T126/><D126/><U124/><E88/><V15/><AGARI ba="3,4" hai="10,15,17,27,29,33,36,40,47,90,95,98,117,119" machi="15" ten="30,6000,0" yaku="1,1,0,1,53,1" doraHai="52" doraHaiUra="28" who="2" fromWho="2" sc="149,-23,140,-23,312,109,359,-23" />
</Scene>
<Scene>
<INIT seed="6,4,0,1,5,52" ten="126,117,421,336" oya="2" hai0="51,95,135,130,41,79,129,107,11,84,34,57,62" hai1="80,7,23,25,48,118,3,98,101,88,6,104,61" hai2="96,81,112,43,59,133,22,54,114,123,38,105,68" hai3="42,16,55,76,37,108,92,72,125,94,12,74,58"/><V24/><F133/><W103/><G108/><T127/><D107/><U134/><E118/><V110/><F123/><W122/><G122/><T93/><D34/><U75/><E134/><V26/><F68/><W69/><G69/><T85/><D135/><U35/><E35/><V10/><F110/><W46/><G125/><T120/><D120/><U17/><E3/><V109/><F109/><W4/><G4/><T115/><D115/><U32/><E32/><V28/><F10/><W9/><G103/><T83/><D11/><U2/><E2/><V116/><F116/><W31/><G31/><T90/><D127/><U99/><E48/><V66/><F66/><W49/><REACH who="3" step="1"/><G76/><REACH who="3" ten="126,117,421,326" step="2"/><T13/><D129/><U47/><E7/><V100/><F100/><W78/><G78/><T53/><D130/><U1/><E6/><V77/><F28/><W45/><G45/><N who="0" m="26031" /><D13/><U70/><E47/><V106/><F77/><W65/><G65/><T63/><D63/><U97/><E1/><V102/><F114/><W14/><G14/><T8/><D8/><U44/><E44/><V86/><F112/><W56/><G56/><T0/><D0/><U50/><E61/><V29/><F59/><W132/><G132/><T5/><D5/><U124/><E70/><V87/><F29/><W73/><AGARI ba="4,1" hai="9,12,16,37,42,46,49,55,58,72,73,74,92,94" machi="73" ten="30,8000,1" yaku="1,1,0,1,52,1,54,1,53,1" doraHai="52" doraHaiUra="36" who="3" fromWho="3" sc="126,-24,117,-24,421,-44,326,102" />
</Scene>
<Scene>
<INIT seed="7,0,0,4,3,11" ten="102,93,377,428" oya="3" hai0="12,35,133,58,36,109,44,30,3,126,62,124,74" hai1="84,42,114,0,20,99,39,59,78,47,97,127,54" hai2="88,92,71,66,15,5,45,104,29,105,21,10,69" hai3="43,28,55,123,72,130,113,122,102,19,95,131,111"/><W132/><G72/><T16/><D3/><U93/><E0/><V134/><F134/><W18/><G132/><T49/><D36/><U79/><E114/><V81/><F81/><W100/><G113/><T17/><D74/><U101/><E127/><N who="0" m="48681" /><D109/><U77/><E20/><V116/><F116/><W9/><G111/><T14/><D133/><U7/><E7/><V85/><F45/><W52/><G43/><N who="0" m="24735" /><D16/><N who="3" m="6185" /><G9/><T125/><N who="0" m="48689" /><T33/><DORA hai="63" /><D30/><U48/><REACH who="1" step="1"/><E97/><REACH who="1" ten="102,83,377,428" step="2"/><V89/><F89/><W108/><G108/><T41/><D41/><U8/><E8/><V83/><F83/><AGARI ba="0,1" hai="39,42,47,48,54,59,77,78,79,83,84,93,99,101" machi="83" ten="40,2600,0" yaku="1,1,53,1" doraHai="11,63" doraHaiUra="80,25" who="1" fromWho="2" sc="102,0,83,36,377,-26,428,0" owari="102,-40.0,119,-28.0,351,15.0,428,53.0" />
</Scene>
</mjloggm>