<mjloggm ver="2.3"><GO type="169" lobby="0"/><UN n0="%64%61%61%61%61%61%61%61" n1="%E5%A4%AA%E3%81%8F%E3%81%AA%E3%81%84%E3%81%8A" n2="%E3%82%B5%E3%82%A6%E3%83%AA%E3%83%BC" n3="%33%37%33%61" dan="16,18,17,16" rate="2123.51,2306.93,2161.12,2089.74" sx="M,M,M,F"/><TAIKYOKU oya="0"/>

<Scene>
<INIT seed="0,0,0,2,4,127" ten="250,250,250,250" oya="0" hai0="37,109,104,80,89,14,9,48,122,65,41,118,17" hai1="50,32,94,114,45,57,39,93,133,2,62,90,108" hai2="26,95,83,3,98,72,60,43,84,92,31,51,53" hai3="103,36,76,129,71,81,105,119,61,128,42,5,82"/><T64/><D118/><U70/><E2/><V8/><F72/><W24/><G119/><T77/><D122/><U25/><E108/><V125/><F125/><W35/><G5/><T131/><D37/><U63/><E133/><V135/><F135/><W85/><G36/><T10/><D104/><U117/><E117/><V113/><F113/><W110/><G42/><T111/><D89/><U86/><E114/><V6/><F43/><W67/><G110/><N who="0" m="41995" /><D131/><N who="3" m="50249" /><G82/><T73/><D9/><U27/><E90/><V102/><F60/><W91/><G103/><T13/><D13/><U49/><E62/><V134/><F95/><W106/><G91/><T7/><D7/><U74/><E63/><V22/><F134/><W116/><G116/><T97/><D97/><U12/><E93/><V52/><F51/><W66/><G66/><T15/><D15/><U1/><E12/><V99/><F99/><W124/><G124/><T112/><D112/><U29/><E50/><V121/><F121/><W44/><G44/><AGARI ba="0,0" hai="10,14,17,41,44,48,64,65,73,77,80" m="41995" machi="44" ten="30,2900,0" yaku="14,1,10,1" doraHai="127" who="0" fromWho="3" sc="250,29,250,0,250,0,250,-29" />
</Scene>
<Scene>
<INIT seed="0,1,0,4,0,3" ten="279,250,250,221" oya="0" hai0="17,67,57,113,82,56,4,101,25,23,100,51,104" hai1="75,13,10,43,8,29,2,98,19,59,111,32,109" hai2="70,15,11,71,88,129,92,127,122,87,115,108,37" hai3="36,123,1,35,94,42,69,45,53,16,24,58,114"/><T134/><D113/><U50/><E75/><V80/><F115/><W46/><G114/><T27/><D134/><U130/><E98/><V12/><F122/><W38/><G69/><T39/><D39/><U31/><E59/><V78/><F108/><N who="1" m="41545" /><E50/><V119/><F129/><W61/><G123/><T85/><D57/><U76/><E43/><V28/><F127/><W72/><G72/><T107/><D107/><U117/><E76/><V49/><F119/><W124/><G124/><T102/><D104/><U73/><E73/><V66/><F37/><W112/><G112/><T54/><D67/><U105/><E105/><V52/><F66/><W79/><G1/><T135/><D135/><U74/><E74/><V64/><F28/><N who="1" m="10825" /><E32/><V20/><F64/><W0/><G79/><T86/><D86/><U126/><E126/><V65/><F65/><W18/><G35/><T121/><D121/><U60/><E60/><V97/><F70/><W22/><G42/><T33/><D33/><U95/><E95/><V9/><F71/><W41/><G41/><T125/><D125/><U47/><E47/><V91/><F78/><W55/><G94/><T48/><D48/><U6/><E130/><V131/><F131/><W14/><G38/><T96/><D96/><U84/><E84/><V106/><F106/><W26/><G36/><T83/><D85/><U77/><E77/><V68/><F68/><W120/><G46/><T81/><D27/><U132/><E117/><V34/><F34/><W133/><G120/><T63/><D51/><U5/><E132/><V7/><F49/><W21/><G133/><RYUUKYOKU ba="1,0" sc="279,15,250,15,250,-15,221,-15" hai0="4,17,23,25,54,56,63,81,82,83,100,101,102" hai1="2,5,6,8,10,13,19" />
</Scene>
<Scene>
<INIT seed="0,2,0,0,3,67" ten="294,265,235,206" oya="0" hai0="1,14,24,11,40,79,115,59,53,62,88,63,33" hai1="47,15,107,42,110,95,74,32,37,35,54,99,102" hai2="93,125,70,131,9,89,76,105,31,135,65,13,94" hai3="119,128,6,12,96,61,113,38,129,97,51,81,16"/><T2/><D115/><U134/><E110/><V84/><F131/><N who="3" m="50251" /><G38/><T22/><D33/><U90/><E134/><V8/><F135/><W68/><G113/><T55/><D79/><U112/><E112/><V123/><F123/><W91/><G119/><T120/><D120/><U116/><E116/><V101/><F125/><W30/><G30/><N who="0" m="17687" /><D1/><U121/><E121/><V72/><F31/><W108/><G6/><N who="0" m="3447" /><D2/><U85/><E54/><N who="0" m="20489" /><D40/><U114/><E114/><V49/><F105/><W27/><G68/><T130/><D130/><U86/><E74/><V56/><F72/><W118/><G61/><T18/><D59/><U7/><E7/><V133/><F76/><W66/><G51/><T124/><D124/><U77/><REACH who="1" step="1"/><E15/><REACH who="1" ten="294,255,235,206" step="2"/><V36/><F13/><W5/><G12/><T50/><D18/><U58/><E58/><V132/><F56/><W26/><G16/><T0/><D0/><U29/><E29/><V103/><F132/><W10/><G5/><T44/><D44/><U109/><E109/><V98/><F133/><W4/><G108/><T83/><D50/><U19/><E19/><V48/><F70/><W127/><G127/><T52/><D52/><U82/><AGARI ba="2,1" hai="32,35,37,42,47,77,82,85,86,90,95,99,102,107" machi="82" ten="30,2000,0" yaku="1,1,0,1,53,0" doraHai="67" doraHaiUra="104" who="1" fromWho="1" sc="294,-12,255,36,235,-7,206,-7" />
</Scene>
<Scene>
<INIT seed="1,0,0,4,5,12" ten="282,291,228,199" oya="1" hai0="29,13,35,123,21,109,57,46,50,11,90,95,16" hai1="64,96,101,33,25,0,4,7,87,75,66,19,120" hai2="129,92,36,43,28,27,38,73,112,68,79,61,67" hai3="134,40,55,118,114,48,45,32,9,51,26,69,85"/><U86/><E75/><V94/><F94/><W47/><G69/><T30/><D109/><U110/><E120/><V6/><F92/><W42/><G32/><T108/><D108/><U37/><E37/><V89/><F89/><W44/><G26/><N who="0" m="14631" /><D57/><U31/><E110/><V72/><F129/><W121/><G121/><T22/><D22/><U78/><E19/><V58/><F112/><W41/><G114/><T10/><D35/><U39/><E39/><V88/><F88/><W52/><G118/><T117/><D117/><U77/><E77/><V62/><F6/><W53/><G134/><T116/><D123/><U104/><E78/><V80/><F72/><W119/><G119/><T132/><D132/><U111/><E111/><V70/><F43/><N who="3" m="16459" /><G9/><N who="0" m="3083" /><D13/><U15/><E15/><V49/><F49/><N who="3" m="19019" /><G85/><N who="1" m="32266" /><E0/><V105/><F105/><W127/><N who="3" m="16467" /><W126/><AGARI ba="0,0" hai="44,45,47,52,53,55,126,127" m="19019,16467" machi="126" ten="50,12000,2" yaku="4,1,28,2,34,2,54,1" doraHai="12" who="3" fromWho="3" sc="282,-30,291,-60,228,-30,199,120" />
</Scene>
<Scene>
<INIT seed="2,0,0,2,4,24" ten="252,231,198,319" oya="2" hai0="57,130,104,71,44,48,117,114,50,34,125,0,66" hai1="14,1,51,116,128,133,65,126,94,55,127,52,74" hai2="45,30,108,96,63,105,62,7,82,61,111,92,84" hai3="115,19,27,13,64,22,89,26,11,106,10,17,6"/><V95/><F7/><W2/><G64/><T16/><D0/><U113/><E1/><V25/><F45/><W134/><G106/><T35/><D104/><U112/><E74/><V29/><F105/><W81/><G81/><T103/><D114/><N who="1" m="44139" /><E14/><V3/><F3/><W120/><G89/><T46/><D71/><U97/><E116/><V56/><F56/><W77/><G77/><T60/><D103/><U135/><E65/><V86/><F25/><W123/><G115/><T80/><D125/><N who="1" m="47627" /><E128/><V18/><F18/><W87/><G87/><N who="2" m="33321" /><F82/><W9/><G123/><T72/><D130/><U90/><E51/><V118/><F118/><W23/><G120/><T59/><D48/><U21/><E21/><V58/><F58/><W43/><G43/><T85/><D57/><U119/><E119/><V79/><F79/><W20/><G2/><T8/><D72/><U40/><E40/><V121/><F121/><W98/><G6/><T15/><D117/><U131/><E131/><V38/><F38/><W76/><G27/><T33/><REACH who="0" step="1"/><D50/><REACH who="0" ten="242,231,198,319" step="2"/><U88/><E90/><AGARI ba="0,1" hai="8,15,16,33,34,35,44,46,59,60,66,80,85,90" machi="90" ten="40,5200,0" yaku="1,1,2,1,54,1,53,0" doraHai="24" doraHaiUra="68" who="0" fromWho="1" sc="242,62,231,-52,198,0,319,0" />
</Scene>
<Scene>
<INIT seed="3,0,0,5,1,39" ten="304,179,198,319" oya="3" hai0="1,112,23,55,36,132,13,66,106,3,99,90,92" hai1="53,93,118,96,56,35,82,71,20,65,120,102,85" hai2="72,42,110,73,127,94,81,61,84,119,91,131,105" hai3="86,114,7,108,113,107,111,75,5,19,122,103,116"/><W121/><G75/><T2/><D66/><U60/><E118/><V24/><F110/><N who="3" m="42027" /><G86/><T17/><D36/><U117/><E117/><V135/><F119/><W9/><G103/><T48/><D132/><U87/><E35/><V74/><F135/><W40/><G107/><T51/><D112/><N who="3" m="43113" /><G40/><T21/><D106/><U88/><E120/><N who="3" m="46186" /><G116/><T89/><D89/><U100/><E20/><V45/><F105/><W30/><G30/><T130/><D23/><U76/><REACH who="1" step="1"/><E85/><REACH who="1" ten="304,169,198,319" step="2"/><V29/><F84/><W77/><G77/><T44/><D21/><U52/><E52/><V26/><F74/><W12/><AGARI ba="0,1" hai="5,7,9,12,19" m="46186,43113,42027" machi="12" ten="40,12000,1" yaku="14,1,10,1,34,2" doraHai="39" who="3" fromWho="3" sc="304,-40,169,-40,198,-40,319,130" />
</Scene>
<Scene>
<INIT seed="3,1,0,5,0,102" ten="264,129,158,449" oya="3" hai0="55,117,43,25,64,37,99,126,89,54,112,20,94" hai1="36,92,19,57,17,103,52,85,80,105,32,87,130" hai2="31,1,14,122,44,131,84,2,125,108,66,68,113" hai3="129,73,41,11,12,65,100,6,3,62,47,124,76"/><W27/><G124/><T135/><D117/><U79/><E36/><V10/><F108/><W4/><G129/><T134/><D126/><U53/><E32/><V26/><F125/><W38/><G100/><T8/><D64/><U50/><E130/><V82/><F113/><W106/><G6/><T86/><D112/><U56/><E105/><V78/><F131/><W107/><G12/><T24/><D43/><U69/><E69/><V127/><F127/><W88/><G88/><T7/><D37/><U0/><E0/><V90/><F122/><W42/><G27/><N who="0" m="10315" /><D20/><U67/><E67/><V28/><F68/><N who="3" m="42039" /><G41/><T18/><D18/><U109/><E109/><V72/><F66/><W118/><G118/><T58/><D86/><U49/><REACH who="1" step="1"/><E87/><REACH who="1" ten="264,119,158,449" step="2"/><V74/><F74/><W45/><G107/><T101/><D135/><U116/><E116/><V13/><F2/><W63/><G106/><T30/><D134/><U119/><E119/><V34/><F1/><W71/><G38/><T60/><D30/><U22/><E22/><V59/><F34/><W123/><G3/><T121/><D121/><U21/><E21/><V48/><F84/><W35/><G71/><T91/><D8/><U114/><E114/><V95/><F10/><W97/><G11/><T81/><D99/><AGARI ba="1,1" hai="17,19,49,50,52,53,56,57,79,80,85,92,99,103" machi="99" ten="40,8000,1" yaku="1,1,9,1,8,1,54,1,53,0" doraHai="102" doraHaiUra="40" who="1" fromWho="0" sc="264,-83,119,93,158,0,449,0" />
</Scene>
<Scene>
<INIT seed="4,0,0,5,5,11" ten="181,212,158,449" oya="0" hai0="57,2,85,135,103,100,55,129,118,107,38,123,40" hai1="3,5,101,52,46,62,99,65,121,18,44,127,53" hai2="59,110,23,94,78,64,34,20,60,96,114,14,25" hai3="93,126,113,92,1,39,61,122,29,73,9,28,134"/><T131/><D118/><U13/><E121/><V111/><F114/><W115/><G39/><T84/><D123/><U133/><E127/><V37/><F37/><W19/><G73/><T58/><D2/><U32/><E32/><V74/><F34/><W33/><G33/><T97/><D135/><U108/><E108/><V66/><F66/><W35/><G35/><T89/><D103/><U124/><E124/><V98/><F98/><W69/><G1/><T31/><D31/><U21/><E133/><V82/><F23/><W10/><G69/><T109/><D109/><U132/><E132/><V116/><F116/><W104/><G134/><T79/><D79/><U86/><E3/><V4/><F4/><W22/><G126/><T106/><D106/><U45/><E5/><V120/><F120/><W72/><G72/><T67/><D67/><U6/><E6/><V102/><REACH who="2" step="1"/><F14/><REACH who="2" ten="181,212,148,449" step="2"/><W7/><G7/><T128/><D38/><U15/><E15/><V105/><F105/><W26/><G104/><T77/><D107/><U75/><E99/><V119/><F119/><W41/><G22/><T125/><D125/><U70/><E21/><V17/><AGARI ba="0,1" hai="17,20,25,59,60,64,74,78,82,94,96,102,110,111" machi="17" ten="20,2700,0" yaku="1,1,0,1,7,1,53,0" doraHai="11" doraHaiUra="68" who="2" fromWho="2" sc="181,-13,212,-7,148,37,449,-7" />
</Scene>
<Scene>
<INIT seed="5,0,0,1,3,31" ten="168,205,185,442" oya="1" hai0="84,102,109,10,115,32,53,59,95,55,132,80,7" hai1="30,125,48,65,85,8,87,133,106,127,108,114,110" hai2="12,126,62,71,79,26,135,88,113,6,76,5,123" hai3="0,131,78,60,117,70,92,93,68,24,83,69,39"/><U58/><E106/><V112/><F123/><W134/><G39/><T128/><D109/><N who="1" m="42091" /><E114/><N who="2" m="44139" /><F135/><W116/><G0/><T19/><D115/><U94/><E133/><V104/><F104/><W105/><G131/><T57/><D132/><U51/><E30/><V2/><F126/><N who="1" m="48137" /><E8/><V3/><F26/><W17/><G105/><T41/><D41/><U52/><E65/><N who="2" m="41399" /><F88/><W29/><G17/><T20/><D19/><U119/><E119/><N who="3" m="45642" /><G60/><T43/><D10/><U107/><E107/><V4/><F12/><W97/><G97/><T81/><D128/><U13/><E13/><V16/><F16/><W61/><G61/><T98/><D7/><N who="2" m="1794" /><V122/><DORA hai="38" /><F122/><W56/><G134/><T40/><D98/><U64/><E64/><V75/><F75/><N who="3" m="43487" /><G56/><T44/><D59/><N who="1" m="33159" /><E94/><V77/><AGARI ba="0,0" hai="2,3,76,77,79" m="1794,41399,44139" machi="77" ten="40,2700,0" yaku="15,1,11,1" doraHai="31,38" who="2" fromWho="2" sc="168,-7,205,-13,185,27,442,-7" />
</Scene>
<Scene>
<INIT seed="6,0,0,5,5,55" ten="161,192,212,435" oya="2" hai0="17,88,42,135,119,126,62,92,8,97,89,20,15" hai1="29,31,63,1,61,6,129,56,43,111,95,12,80" hai2="65,47,130,30,75,48,78,40,132,124,105,106,25" hai3="9,109,26,49,118,134,117,28,74,133,86,107,110"/><V39/><F130/><W72/><G107/><T45/><D126/><U69/><E111/><N who="3" m="42506" /><G49/><T41/><D135/><N who="3" m="51721" /><G86/><T98/><D119/><N who="3" m="45577" /><G9/><T112/><D112/><U2/><E129/><V84/><F132/><W77/><G77/><T100/><D62/><U51/><E51/><V57/><F124/><W93/><G93/><N who="0" m="58415" /><D45/><U23/><E95/><V60/><F84/><W68/><G68/><T10/><D89/><U22/><E69/><V101/><F48/><W24/><G26/><N who="0" m="14607" /><D8/><U58/><E63/><V67/><F78/><W32/><AGARI ba="0,0" hai="24,28,32,72,74" m="45577,51721,42506" machi="32" ten="40,2700,0" yaku="20,1,23,1" doraHai="55" who="3" fromWho="3" sc="161,-7,192,-7,212,-13,435,27" />
</Scene>
<Scene>
<INIT seed="7,0,0,4,5,81" ten="154,185,199,462" oya="3" hai0="30,129,20,24,110,100,1,54,68,16,56,115,102" hai1="88,90,70,9,98,130,77,82,114,132,107,55,95" hai2="38,116,123,69,34,6,97,75,50,62,134,53,118" hai3="83,25,44,52,37,49,60,89,39,121,125,14,57"/><W43/><G125/><T71/><D129/><U18/><E70/><V117/><F34/><W51/><G121/><T64/><D110/><U128/><E114/><V127/><F75/><W80/><G80/><T126/><D126/><U73/><E132/><V79/><F127/><W67/><G83/><T33/><D115/><U46/><E107/><V0/><F79/><W91/><G91/><T47/><D47/><U101/><E18/><V124/><F124/><W105/><G89/><T66/><D71/><U108/><E9/><N who="2" m="2247" /><F97/><W112/><G14/><T135/><D135/><U40/><E55/><V109/><F134/><W131/><G25/><T2/><D2/><U13/><E13/><V28/><F109/><W59/><G105/><T84/><D1/><U63/><E63/><V36/><F28/><W65/><G112/><T42/><D42/><U120/><E120/><V72/><F72/><W106/><G106/><T99/><D68/><U27/><E27/><V19/><F19/><W23/><G23/><T86/><D33/><U94/><E108/><V15/><F15/><W113/><G113/><T119/><D30/><U92/><E90/><V5/><F5/><W26/><G26/><T3/><D3/><U96/><REACH who="1" step="1"/><E95/><REACH who="1" ten="154,175,199,462" step="2"/><V4/><F123/><W58/><G131/><T35/><D35/><U22/><E22/><V31/><F4/><W32/><G32/><T10/><D10/><U78/><E78/><V21/><F21/><W11/><G11/><T87/><D119/><U104/><E104/><V12/><F117/><W111/><G111/><T45/><D20/><U17/><E17/><RYUUKYOKU ba="0,1" sc="154,-15,175,15,199,-15,462,15" hai1="40,46,73,77,82,88,92,94,96,98,101,128,130" hai3="37,39,43,44,49,51,52,57,58,59,60,65,67" owari="139,-36.0,190,-1.0,184,-22.0,487,59.0" />
</Scene>
</mjloggm>