<mjloggm ver="2.3"><GO type="169" lobby="0"/><UN n0="%E5%A4%AA%E3%81%8F%E3%81%AA%E3%81%84%E3%81%8A" n1="%E3%83%AA%E3%83%81%E3%83%A3%21%21" n2="%E3%82%A2%E3%83%83%E3%83%97%E3%83%AB%E3%82%B0%E3%83%9F" n3="%E3%81%82%E3%81%B2%E3%82%8B%E3%81%95%E3%82%93" dan="18,18,18,16" rate="2285.06,2217.41,2276.10,2111.79" sx="F,M,M,M"/><TAIKYOKU oya="0"/>

<Scene>
<INIT seed="0,0,0,5,5,75" ten="250,250,250,250" oya="0" hai0="116,64,125,58,18,73,31,30,120,50,93,40,72" hai1="128,66,55,104,7,126,107,22,29,97,6,20,111" hai2="46,35,19,37,127,91,118,79,83,12,106,74,89" hai3="54,112,123,5,69,95,17,41,63,114,56,122,80"/><T36/><D116/><U0/><E111/><V98/><F118/><W70/><G5/><T65/><D120/><N who="3" m="46121" /><G95/><T27/><D125/><U132/><E126/><V9/><F127/><W102/><G102/><T129/><D129/><U90/><E66/><V103/><REACH who="2" step="1"/><F35/><REACH who="2" ten="250,250,240,250" step="2"/><W87/><G112/><T99/><D31/><U39/><E29/><V113/><F113/><W81/><G114/><T100/><D36/><U78/><E39/><V4/><F4/><W82/><G17/><T28/><D28/><U38/><E6/><V34/><F34/><W110/><G110/><T45/><D18/><U57/><E7/><V85/><F85/><W52/><G87/><T68/><D68/><U51/><E38/><V3/><F3/><W14/><G70/><T60/><REACH who="0" step="1"/><D65/><REACH who="0" ten="240,250,240,250" step="2"/><U47/><E0/><V10/><F10/><W76/><G69/><T67/><D67/><U121/><E121/><V48/><F48/><W105/><G63/><T62/><D62/><U53/><E51/><V8/><F8/><W109/><G109/><T77/><D77/><U117/><E78/><V24/><F24/><W42/><G76/><T130/><D130/><U88/><E128/><V11/><F11/><W23/><G23/><AGARI ba="0,2" hai="23,27,30,40,45,50,58,60,64,72,73,93,99,100" machi="23" ten="30,11600,0" yaku="1,1,7,1,25,2,53,0" doraHai="75" doraHaiUra="13" who="0" fromWho="3" sc="240,136,250,0,240,0,250,-116" />
</Scene>
<Scene>
<INIT seed="0,1,0,0,2,55" ten="376,250,240,134" oya="0" hai0="5,13,8,65,15,19,90,48,123,97,34,25,16" hai1="85,79,113,33,0,94,62,50,41,60,18,54,72" hai2="21,3,30,75,56,1,10,120,96,87,84,98,133" hai3="116,73,129,22,38,112,59,53,42,6,74,80,63"/><T44/><D123/><U117/><E0/><V99/><F120/><W132/><G112/><T11/><D65/><U103/><E72/><V64/><F75/><W27/><G116/><T131/><D131/><U83/><E33/><V125/><F125/><W107/><G107/><T77/><D77/><U7/><E117/><V28/><F133/><W86/><G132/><T67/><D67/><U100/><E7/><V82/><F84/><W88/><G129/><T114/><D114/><U70/><E41/><V23/><F3/><W45/><REACH who="3" step="1"/><G6/><REACH who="3" ten="376,250,240,124" step="2"/><T29/><D5/><U124/><E113/><V104/><F104/><W32/><G32/><T111/><D111/><U92/><E124/><V106/><F106/><W91/><G91/><T89/><REACH who="0" step="1"/><D97/><REACH who="0" ten="366,250,240,124" step="2"/><U126/><E126/><V43/><F98/><W81/><G81/><T66/><D66/><U31/><E83/><V121/><F96/><W17/><AGARI ba="1,2" hai="17,22,27,38,42,45,53,59,63,73,74,80,86,88" machi="17" ten="20,12000,2" yaku="1,1,0,1,7,1,52,1,54,1,53,1" doraHai="55" doraHaiUra="58" who="3" fromWho="3" sc="366,-61,250,-31,240,-31,124,143" />
</Scene>
<Scene>
<INIT seed="1,0,0,2,0,101" ten="305,219,209,267" oya="1" hai0="78,56,53,126,110,51,34,42,122,25,108,68,135" hai1="5,4,47,46,106,21,112,121,20,31,109,13,91" hai2="14,131,11,7,38,73,54,102,111,23,10,133,15" hai3="94,134,49,19,72,32,97,0,105,116,30,1,52"/><U41/><E121/><V117/><F117/><W75/><G134/><T119/><D119/><U92/><E112/><V63/><F133/><W36/><G36/><T99/><D135/><U114/><E114/><V93/><F111/><N who="0" m="42538" /><D68/><U16/><E106/><V45/><F73/><W50/><G116/><T81/><D122/><U130/><E130/><V79/><F79/><W80/><G72/><T100/><D42/><U83/><E83/><V65/><F131/><W57/><G105/><N who="0" m="63647" /><D126/><U88/><E109/><V48/><F23/><W74/><G74/><N who="0" m="43223" /><D25/><N who="1" m="16815" /><E91/><V28/><F38/><W76/><G49/><T120/><D120/><U60/><E60/><V124/><F124/><W71/><G71/><T98/><D98/><N who="1" m="57607" /><E41/><V118/><F118/><W125/><G125/><T107/><D107/><U35/><E35/><AGARI ba="0,0" hai="34,35,51,53,56" m="43223,63647,42538" machi="35" ten="30,2000,0" yaku="14,1,52,1" doraHai="101" who="0" fromWho="1" sc="305,20,219,-20,209,0,267,0" />
</Scene>
<Scene>
<INIT seed="2,0,0,1,1,44" ten="325,199,209,267" oya="2" hai0="0,3,10,104,77,75,90,47,79,97,124,18,134" hai1="15,27,123,33,74,62,129,80,86,61,5,122,128" hai2="66,115,20,108,117,41,24,127,92,31,30,131,72" hai3="49,48,67,121,21,93,126,28,84,70,8,87,78"/><V73/><F115/><W45/><G121/><N who="1" m="46090" /><E74/><V118/><F66/><W76/><G126/><T99/><D124/><U34/><E5/><V100/><F127/><W59/><G70/><T119/><D18/><U14/><E27/><V71/><F71/><W130/><G130/><N who="1" m="50282" /><E86/><V17/><F131/><W56/><G28/><T25/><D25/><U23/><E23/><V116/><F41/><W64/><G21/><T57/><D10/><U26/><E26/><V52/><F31/><W91/><G8/><T111/><D75/><U54/><E80/><V60/><F108/><W16/><G93/><T32/><D111/><U89/><E89/><V63/><F63/><N who="1" m="24073" /><E54/><V101/><F30/><W83/><G83/><T37/><D90/><U40/><E40/><V103/><F92/><W94/><G94/><T51/><D77/><U1/><E1/><V46/><REACH who="2" step="1"/><F60/><REACH who="2" ten="325,199,199,267" step="2"/><W36/><G91/><T98/><D79/><U82/><E82/><V11/><F11/><W69/><G78/><T81/><D81/><U39/><E39/><V105/><F105/><W68/><G76/><T106/><D37/><U58/><E58/><V6/><F6/><W22/><G36/><T13/><D57/><U55/><E55/><V53/><F53/><W95/><G95/><T114/><D104/><U43/><E43/><V29/><F29/><W132/><G22/><T110/><D106/><U19/><E19/><V102/><N who="2" m="25600" /><DORA hai="42" /><V109/><F109/><W7/><G16/><T12/><D110/><U38/><E38/><V85/><F85/><W125/><G7/><T35/><D98/><U113/><E113/><RYUUKYOKU ba="0,1" sc="325,-15,199,15,199,15,267,-15" hai1="14,15,33,34" hai2="17,20,24,46,52,72,73,116,117,118" />
</Scene>
<Scene>
<INIT seed="2,1,1,2,4,47" ten="310,214,214,252" oya="2" hai0="50,126,98,85,6,39,127,27,125,31,30,21,13" hai1="132,121,11,124,117,109,133,18,7,0,88,33,9" hai2="120,43,112,58,5,75,48,28,106,1,101,38,35" hai3="26,73,16,131,79,115,60,104,97,113,63,62,32"/><V87/><F112/><W41/><G131/><T84/><D39/><U12/><E117/><V90/><F120/><W55/><G41/><T17/><D98/><U67/><E121/><V118/><F118/><W123/><G123/><T94/><D94/><U86/><E33/><V134/><F75/><W46/><G32/><T81/><D50/><U105/><E105/><V71/><F71/><W68/><G68/><T102/><D102/><U24/><E24/><V10/><F38/><W103/><G79/><N who="0" m="46143" /><D85/><U52/><E67/><V80/><F134/><N who="1" m="51817" /><E109/><V51/><F43/><W78/><G78/><T53/><D53/><U2/><E124/><V25/><REACH who="2" step="1"/><F58/><REACH who="2" ten="310,214,204,252" step="2"/><W19/><G73/><T82/><D126/><U64/><E0/><V8/><F8/><W89/><G115/><T36/><D36/><U23/><E2/><V83/><F83/><W91/><G113/><T69/><D82/><U22/><E11/><V77/><F77/><W34/><G46/><T40/><D40/><U119/><E119/><V95/><F95/><W56/><G56/><T15/><D69/><U42/><E42/><V74/><F74/><W61/><G55/><T111/><D127/><U45/><E52/><V96/><AGARI ba="1,2" hai="1,5,10,25,28,35,48,51,80,87,90,96,101,106" machi="96" ten="30,12000,1" yaku="1,1,0,1,52,2,53,1" doraHai="47" doraHaiUra="4" who="2" fromWho="2" sc="310,-41,214,-41,204,143,252,-41" />
</Scene>
<Scene>
<INIT seed="2,2,0,5,4,122" ten="269,173,347,211" oya="2" hai0="103,84,71,127,41,98,19,63,75,16,80,38,111" hai1="97,131,135,62,100,78,117,91,109,58,82,133,68" hai2="33,23,44,104,50,113,76,13,10,120,22,105,119" hai3="15,60,46,101,49,56,116,31,79,51,69,39,7"/><V26/><F120/><W66/><G116/><T42/><D75/><U92/><E117/><V25/><F119/><W83/><G101/><T90/><D127/><U85/><E68/><V132/><F113/><W70/><G39/><T2/><D2/><U43/><E131/><V107/><F76/><W130/><G130/><T108/><D63/><U114/><E114/><V5/><F132/><W21/><G51/><T112/><D71/><U67/><E109/><N who="0" m="42057" /><D112/><U3/><E3/><V95/><F95/><W129/><G129/><T121/><D121/><U0/><E0/><V94/><F94/><W1/><G1/><T47/><D42/><U24/><E43/><V28/><REACH who="2" step="1"/><F26/><REACH who="2" ten="269,173,337,211" step="2"/><W86/><G79/><T35/><D35/><U59/><E24/><V134/><F134/><N who="1" m="51209" /><E78/><V88/><F88/><W81/><G81/><T61/><D61/><U20/><E62/><V125/><F125/><W29/><G83/><T87/><D87/><U4/><E85/><V34/><F34/><W77/><G86/><T45/><D45/><U40/><E82/><V8/><F8/><W18/><G77/><T93/><AGARI ba="2,1" hai="16,19,38,41,47,80,84,90,93,98,103" m="42057" machi="93" ten="30,8000,1" yaku="14,1,52,3,54,1" doraHai="122" who="0" fromWho="0" sc="269,96,173,-22,337,-42,211,-22" />
</Scene>
<Scene>
<INIT seed="3,0,0,1,1,73" ten="365,151,295,189" oya="3" hai0="48,86,126,128,2,91,105,93,110,133,88,17,6" hai1="50,63,54,103,74,131,96,124,75,51,70,60,118" hai2="7,1,26,65,31,64,11,111,13,44,9,101,39" hai3="33,108,84,3,81,80,21,37,5,79,47,89,122"/><W132/><G33/><T106/><D110/><U112/><E112/><V25/><F111/><W68/><G108/><T99/><D126/><U8/><E124/><V0/><F101/><W100/><G122/><T16/><D133/><U76/><E131/><V46/><F39/><W116/><G116/><T83/><D128/><U77/><E118/><V28/><F13/><W113/><G113/><T92/><D48/><U97/><E8/><V32/><F32/><W120/><G120/><T102/><D2/><U56/><E103/><V49/><F49/><W72/><G68/><T67/><D6/><AGARI ba="0,0" hai="0,1,6,7,9,11,25,26,28,31,44,46,64,65" machi="6" ten="25,1600,0" yaku="22,2" doraHai="73" who="2" fromWho="0" sc="365,-16,151,0,295,16,189,0" />
</Scene>
<Scene>
<INIT seed="4,0,0,2,1,0" ten="349,151,311,189" oya="0" hai0="43,88,40,117,20,108,86,115,106,76,91,35,81" hai1="37,65,42,125,33,120,31,135,56,21,97,107,61" hai2="116,24,111,121,87,10,72,109,18,30,63,22,4" hai3="53,99,62,130,114,26,3,118,133,50,36,48,5"/><T6/><D35/><U124/><E120/><V9/><F72/><W8/><G36/><T129/><D117/><U83/><E135/><V14/><F87/><W89/><G118/><T113/><D106/><U51/><E83/><V93/><F93/><W23/><G114/><N who="0" m="43531" /><D129/><U77/><E77/><V15/><F116/><W27/><G130/><T112/><D112/><U79/><E79/><V75/><F75/><W74/><G74/><T58/><D108/><N who="2" m="41546" /><F63/><W17/><G133/><T69/><D69/><U71/><E21/><V68/><F68/><W25/><G62/><T100/><D100/><U95/><E95/><V127/><F127/><W29/><G50/><T16/><D58/><U78/><E78/><V55/><F55/><W110/><G110/><T59/><D59/><U82/><E82/><V103/><F103/><W46/><G99/><T96/><D6/><U38/><E97/><V45/><F45/><W70/><G70/><T28/><D28/><U19/><E107/><V49/><F49/><W52/><G89/><N who="0" m="34379" /><D96/><U41/><E71/><V2/><F2/><W47/><G47/><T34/><D34/><U126/><E33/><V80/><F80/><W57/><G46/><T102/><D102/><U92/><E124/><V32/><F32/><W11/><G53/><T12/><AGARI ba="0,0" hai="12,16,20,40,43,76,81,86" m="34379,43531" machi="12" ten="30,6000,0" yaku="15,1,54,2" doraHai="0" who="0" fromWho="0" sc="349,60,151,-20,311,-20,189,-20" />
</Scene>
<Scene>
<INIT seed="4,1,0,4,5,61" ten="409,131,291,169" oya="0" hai0="105,5,104,32,117,93,102,51,111,135,54,44,97" hai1="12,96,10,90,7,88,2,59,50,101,86,113,130" hai2="24,34,8,38,80,76,89,55,114,79,87,84,94" hai3="28,45,68,119,69,56,126,64,120,99,85,4,77"/><T106/><D117/><U40/><E130/><V37/><F114/><W128/><G119/><T22/><D32/><U134/><E134/><V112/><F112/><W123/><G4/><T74/><D74/><U6/><E113/><V95/><F8/><W133/><G28/><T31/><D135/><U71/><E71/><V124/><F124/><W81/><G133/><T67/><D5/><U46/><E59/><V125/><F125/><W1/><G1/><T98/><D111/><U20/><E20/><V41/><F41/><W116/><G116/><T75/><D75/><U73/><E73/><V57/><F79/><W121/><G126/><T39/><D39/><U49/><E49/><V36/><F34/><W127/><G127/><T118/><D118/><U11/><REACH who="1" step="1"/><E86/><REACH who="1" ten="409,121,291,169" step="2"/><V60/><F87/><W18/><G128/><T108/><D22/><U17/><E17/><V53/><F37/><W129/><G129/><T100/><D31/><U13/><E13/><V131/><F131/><W16/><G68/><T35/><D35/><U25/><E25/><V21/><F36/><W115/><G69/><T48/><D48/><U47/><E47/><V122/><F38/><W107/><G45/><T52/><D51/><U15/><E15/><V27/><F24/><W19/><G115/><T3/><D44/><U42/><E42/><V9/><F27/><W63/><G19/><T82/><D3/><U33/><E33/><V62/><F57/><W58/><G56/><T70/><D70/><U110/><E110/><V72/><F72/><W78/><G77/><T26/><D108/><U0/><E0/><RYUUKYOKU ba="1,1" sc="409,-15,121,15,291,-15,169,15" hai1="2,6,7,10,11,12,40,46,50,88,90,96,101" hai3="16,18,58,63,64,78,81,85,99,107,120,121,123" />
</Scene>
<Scene>
<INIT seed="5,2,1,4,4,113" ten="394,136,276,184" oya="1" hai0="29,92,9,19,135,117,25,38,99,39,60,122,28" hai1="68,83,45,84,65,97,7,119,79,67,63,73,24" hai2="47,127,31,77,52,54,12,82,6,27,100,48,130" hai3="121,103,129,8,49,124,62,4,87,58,42,64,23"/><U53/><E119/><V50/><F130/><W86/><G121/><T2/><D117/><U56/><E7/><V95/><F127/><W131/><G103/><T105/><D105/><U78/><E97/><V59/><F100/><W41/><G124/><T14/><D122/><U109/><E109/><V110/><F95/><W88/><G86/><T0/><D135/><U70/><E45/><V80/><F110/><W76/><G76/><T133/><D133/><U37/><E37/><V118/><F118/><W40/><G49/><T102/><D28/><U33/><E33/><V89/><F89/><W94/><REACH who="3" step="1"/><G23/><REACH who="3" ten="394,136,276,174" step="2"/><T13/><D39/><U114/><E114/><V55/><F77/><W61/><G61/><T30/><D38/><U69/><REACH who="1" step="1"/><E24/><REACH who="1" ten="394,126,276,174" step="2"/><V35/><F27/><W104/><G104/><T107/><D107/><U96/><E96/><V18/><F35/><W116/><G116/><T43/><D25/><U36/><E36/><V108/><F108/><W123/><G123/><T3/><D99/><U128/><E128/><V57/><F47/><W125/><G125/><T17/><D102/><U75/><E75/><V90/><F50/><W93/><G93/><T46/><D92/><U71/><N who="1" m="17408" /><DORA hai="32" /><U34/><E34/><V44/><F44/><W101/><G101/><T11/><D46/><U16/><E16/><V115/><F48/><W22/><G22/><T98/><D98/><U15/><E15/><AGARI ba="2,3" hai="4,8,15,40,41,42,58,62,64,87,88,94,129,131" machi="15" ten="40,5200,0" yaku="1,1,54,1,53,1" doraHai="113,32" doraHaiUra="66,5" who="3" fromWho="1" sc="394,0,126,-58,276,0,174,88" />
</Scene>
<Scene>
<INIT seed="6,0,0,5,1,40" ten="394,68,276,262" oya="2" hai0="14,31,107,123,44,122,7,54,119,39,27,70,85" hai1="13,64,131,0,77,33,3,83,29,18,97,53,117" hai2="28,36,114,108,8,11,23,105,41,130,113,133,12" hai3="24,88,2,118,93,68,49,115,80,121,5,120,55"/><V71/><F71/><W42/><G118/><T48/><D107/><U109/><E117/><V58/><F105/><W89/><G68/><T86/><D119/><U127/><E109/><V101/><F101/><W43/><G115/><N who="2" m="44041" /><F108/><W74/><G43/><T51/><D39/><U46/><E64/><V84/><F130/><W135/><G135/><T25/><D70/><U81/><E97/><V111/><F111/><W69/><G69/><T116/><D116/><U26/><E131/><V126/><F133/><W79/><G42/><N who="0" m="24599" /><D123/><U96/><E127/><V45/><F126/><W125/><G125/><T128/><D122/><U73/><E96/><V78/><F58/><W19/><G89/><T76/><D128/><U4/><E83/><N who="2" m="47223" /><F12/><W32/><G121/><T38/><D38/><U92/><E92/><V106/><F106/><W82/><G82/><N who="0" m="47303" /><D31/><U60/><E29/><V9/><F23/><W22/><G120/><T56/><D86/><U90/><E73/><V66/><F28/><W30/><G30/><T50/><D50/><U110/><E0/><V65/><AGARI ba="0,0" hai="8,9,11,36,41,45,65,66" m="47223,44041" machi="65" ten="40,3900,0" yaku="15,1,52,1" doraHai="40" who="2" fromWho="2" sc="394,-13,68,-13,276,39,262,-13" />
</Scene>
<Scene>
<INIT seed="6,1,0,0,0,67" ten="381,55,315,249" oya="2" hai0="65,0,96,20,70,123,1,76,15,99,126,22,117" hai1="16,77,23,46,17,131,21,7,3,133,93,8,33" hai2="32,105,59,58,74,116,43,95,53,47,61,112,103" hai3="87,36,48,11,30,73,90,101,38,115,28,19,13"/><V51/><F32/><W97/><G73/><T69/><D76/><U134/><E77/><V88/><F116/><W12/><G115/><T18/><D123/><U110/><E46/><V54/><F74/><W127/><G127/><T79/><D79/><U106/><E106/><V34/><F34/><W78/><G78/><T108/><D108/><U104/><E93/><V66/><F112/><W62/><G36/><T119/><D126/><U9/><E104/><V124/><F124/><W132/><G38/><T35/><D35/><U91/><E91/><V114/><F114/><W37/><G37/><T113/><D113/><U89/><E89/><V56/><F105/><W50/><G132/><N who="1" m="50794" /><E110/><V135/><F103/><W31/><G97/><N who="0" m="37451" /><D22/><N who="1" m="8203" /><E131/><V40/><F135/><W2/><G101/><T130/><D130/><U29/><E8/><V111/><F111/><W122/><G11/><T100/><D100/><U109/><E109/><V83/><F83/><W4/><G90/><T68/><D65/><U25/><AGARI ba="1,0" hai="3,7,9,16,17,25,29,33" m="8203,50794" machi="25" ten="30,7900,0" yaku="20,1,34,2,54,1" doraHai="67" who="1" fromWho="1" sc="381,-21,55,82,315,-40,249,-21" />
</Scene>
<Scene>
<INIT seed="7,0,0,4,1,129" ten="360,137,275,228" oya="3" hai0="133,85,77,21,38,54,108,135,88,120,42,84,87" hai1="43,18,33,68,7,91,4,15,126,59,45,113,27" hai2="31,94,124,76,6,116,63,72,50,83,75,24,25" hai3="70,78,8,131,64,92,26,115,74,102,103,60,53"/><W47/><G131/><T71/><D120/><U11/><E68/><V100/><F116/><W35/><G115/><T118/><D118/><U56/><E113/><V0/><F75/><W127/><G127/><T67/><D108/><U105/><E105/><V41/><F124/><W73/><G73/><T106/><D106/><U17/><E126/><V81/><F81/><W90/><G78/><T114/><D114/><U46/><E91/><V40/><F25/><W3/><G74/><T125/><D125/><U65/><E65/><V48/><F63/><W110/><G110/><T96/><D54/><U97/><E97/><V22/><F100/><W57/><G47/><N who="0" m="24023" /><D21/><U1/><E45/><V134/><F94/><W112/><G112/><T107/><D77/><U37/><E7/><V39/><F41/><W130/><G130/><T52/><D52/><U12/><E12/><V61/><F61/><W86/><G3/><T30/><D30/><U66/><E66/><V89/><F89/><W93/><G8/><T10/><D10/><U104/><E104/><V20/><F20/><W62/><G35/><T132/><D67/><U23/><REACH who="1" step="1"/><E18/><REACH who="1" ten="360,127,275,228" step="2"/><V79/><F6/><W99/><G103/><N who="0" m="62951" /><D71/><U28/><AGARI ba="0,1" hai="1,4,11,15,17,23,27,28,33,37,43,46,56,59" machi="28" ten="30,7900,0" yaku="1,1,0,1,24,2,53,0" doraHai="129" doraHaiUra="98" who="1" fromWho="1" sc="360,-20,127,89,275,-20,228,-39" owari="340,43.0,216,-18.0,255,6.0,189,-31.0" />
</Scene>
</mjloggm>