<mjloggm ver="2.3"><GO type="169" lobby="0"/><UN n0="%E5%A4%AA%E3%81%8F%E3%81%AA%E3%81%84%E3%81%8A" n1="%E6%B4%A5%E7%94%B0%E6%B2%BC%E3%81%A3%E5%AD%90" n2="%E5%8C%97%E3%81%AE%E5%AF%BE%E5%AD%90%E8%90%BD%E3%81%A8%E3%81%97" n3="%67%61%79%75%6E%79" dan="19,16,17,16" rate="2337.83,2121.43,2151.66,2056.16" sx="F,M,M,M"/><TAIKYOKU oya="0"/>

<Scene>
<INIT seed="0,0,0,1,5,100" ten="250,250,250,250" oya="0" hai0="36,37,106,78,10,85,126,24,89,70,131,67,22" hai1="34,1,43,47,45,48,103,35,56,113,107,97,4" hai2="44,87,75,31,3,90,94,19,13,91,6,118,25" hai3="0,128,32,92,5,64,127,111,15,62,42,18,121"/><T76/><D126/><U51/><E113/><V105/><F75/><W72/><G32/><T108/><D131/><U21/><E21/><V12/><F118/><W99/><G72/><T82/><D106/><U130/><E130/><V109/><F109/><W81/><G111/><T96/><D108/><U110/><E110/><V55/><F3/><W29/><G42/><T84/><D96/><U129/><E129/><V11/><F105/><W88/><G29/><T61/><D10/><U7/><E56/><V27/><F31/><W79/><G128/><T38/><REACH who="0" step="1"/><D84/><REACH who="0" ten="240,250,250,250" step="2"/><U54/><REACH who="1" step="1"/><E1/><REACH who="1" ten="240,240,250,250" step="2"/><V104/><F11/><W102/><G0/><T39/><N who="0" m="9728" /><DORA hai="101" /><T74/><D74/><U134/><E134/><V123/><F123/><W9/><G127/><T28/><AGARI ba="0,2" hai="22,24,28,61,67,70,76,78,82,85,89" m="9728" machi="28" ten="60,11700,0" yaku="1,1,0,1,53,1" doraHai="100,101" doraHaiUra="58,93" who="0" fromWho="0" sc="240,137,240,-39,250,-39,250,-39" />
</Scene>
<Scene>
<INIT seed="0,1,0,3,3,129" ten="377,201,211,211" oya="0" hai0="56,47,113,92,118,120,100,114,58,70,79,50,5" hai1="43,102,135,71,94,26,20,97,27,6,17,73,16" hai2="8,80,90,87,30,44,3,10,39,40,76,13,2" hai3="74,4,0,37,83,57,69,46,84,124,29,122,86"/><T48/><D79/><U31/><E73/><V21/><F8/><W131/><G29/><T51/><D5/><U133/><E71/><V36/><F36/><W91/><G69/><T9/><D9/><U1/><E43/><V61/><F61/><W12/><G12/><T7/><D7/><U59/><E1/><V96/><F21/><W15/><G15/><T107/><D107/><U55/><E6/><V11/><F30/><W130/><G57/><N who="0" m="22123" /><D92/><U22/><REACH who="1" step="1"/><E31/><REACH who="1" ten="377,191,211,211" step="2"/><V134/><F2/><W98/><G4/><T18/><D70/><U65/><E65/><V25/><F40/><W81/><G0/><T111/><D114/><U63/><AGARI ba="1,1" hai="16,17,20,22,26,27,55,59,63,94,97,102,133,135" machi="63" ten="30,12000,2" yaku="1,1,0,1,9,1,52,2,54,1,53,0" doraHai="129" doraHaiUra="104" who="1" fromWho="1" sc="377,-61,191,133,211,-31,211,-31" />
</Scene>
<Scene>
<INIT seed="1,0,0,3,0,71" ten="316,324,180,180" oya="1" hai0="112,111,36,42,80,46,83,15,76,99,77,132,127" hai1="98,4,107,31,64,24,75,23,54,28,115,94,55" hai2="13,0,118,117,79,18,70,128,41,47,124,103,130" hai3="82,78,113,38,131,21,85,35,61,1,90,60,2"/><U12/><E107/><V119/><F103/><W29/><G35/><T6/><D112/><U10/><E115/><V63/><F79/><W68/><G113/><T58/><D111/><U49/><E75/><V22/><F0/><W106/><G106/><T67/><D132/><U134/><E134/><V97/><F97/><W109/><G109/><T116/><D116/><U104/><E104/><V17/><F124/><W101/><G101/><T34/><D34/><U81/><E64/><V72/><F72/><W96/><G38/><T73/><D127/><U48/><E81/><V32/><F32/><W37/><G37/><T133/><D99/><U62/><E31/><V121/><F121/><W57/><G68/><T123/><D133/><U7/><E7/><V59/><F18/><W33/><G33/><T100/><D100/><U122/><E122/><V3/><F3/><N who="3" m="1035" /><G57/><T44/><D44/><U69/><E69/><V108/><F70/><W5/><G5/><T89/><D89/><N who="1" m="55631" /><E55/><N who="2" m="34303" /><F108/><W52/><G131/><N who="2" m="50217" /><F119/><W88/><G96/><T50/><D123/><U39/><E39/><AGARI ba="0,0" hai="13,17,22,39,41,47,117,118" m="50217,34303" machi="39" ten="30,2000,0" yaku="19,1,52,1" doraHai="71" who="2" fromWho="1" sc="316,0,324,-20,180,20,180,0" />
</Scene>
<Scene>
<INIT seed="2,0,0,4,0,131" ten="316,304,200,180" oya="2" hai0="5,57,106,99,127,104,134,55,51,63,21,8,35" hai1="119,94,86,46,40,19,12,24,87,29,116,41,108" hai2="65,17,69,18,43,56,114,7,14,125,30,112,20" hai3="92,84,42,36,67,124,68,83,9,34,97,102,132"/><V23/><F69/><W129/><G34/><T85/><D35/><U82/><E108/><V79/><F125/><W31/><G129/><T39/><D39/><U96/><E87/><V101/><F43/><W44/><G31/><T59/><D127/><U72/><E72/><V88/><F7/><W58/><G124/><T113/><D113/><U111/><E111/><V10/><F30/><W60/><G132/><T115/><D115/><U121/><E121/><V33/><F33/><W75/><G75/><T6/><D21/><U73/><E73/><V15/><F10/><W1/><G68/><T95/><D85/><U3/><E3/><V37/><F37/><W117/><G117/><T47/><D134/><U62/><E62/><V25/><F25/><W2/><REACH who="3" step="1"/><G9/><REACH who="3" ten="316,304,200,170" step="2"/><T16/><D8/><U54/><E116/><V11/><F114/><W50/><G50/><T77/><D51/><U120/><E119/><V70/><F11/><W78/><AGARI ba="0,1" hai="1,2,36,42,44,58,60,67,78,83,84,92,97,102" machi="78" ten="20,5200,0" yaku="1,1,0,1,7,1,53,1" doraHai="131" doraHaiUra="74" who="3" fromWho="3" sc="316,-13,304,-13,200,-26,170,62" />
</Scene>
<Scene>
<INIT seed="3,0,0,4,1,78" ten="303,291,174,232" oya="3" hai0="130,79,115,25,28,124,101,59,66,91,93,120,51" hai1="47,131,13,5,58,36,70,35,113,88,92,123,31" hai2="40,106,135,26,128,43,133,60,7,121,23,54,39" hai3="46,86,96,42,108,85,116,50,107,68,105,0,41"/><W24/><G116/><T21/><D120/><U44/><E123/><V3/><F106/><W75/><G75/><T52/><D124/><U104/><E104/><V37/><F3/><W57/><G68/><T95/><D130/><U127/><E70/><V32/><F7/><W89/><G0/><T16/><D115/><U11/><E113/><V17/><F121/><W134/><G134/><T80/><D66/><U90/><E127/><V132/><F32/><W82/><G108/><T76/><D101/><U20/><E35/><V15/><F128/><W56/><G41/><N who="2" m="15945" /><F26/><W109/><G109/><T83/><D28/><U77/><E77/><N who="0" m="29769" /><D95/><U33/><E33/><V29/><F29/><W62/><G86/><AGARI ba="0,0" hai="16,21,25,51,52,59,80,83,86,91,93" m="29769" machi="86" ten="30,8000,1" yaku="8,1,52,2,54,2" doraHai="78" who="0" fromWho="3" sc="303,80,291,0,174,0,232,-80" />
</Scene>
<Scene>
<INIT seed="4,0,0,2,1,87" ten="383,291,174,152" oya="0" hai0="135,122,100,17,14,77,132,11,118,55,57,81,60" hai1="45,22,18,88,15,10,109,58,124,104,89,63,85" hai2="82,93,91,80,75,111,121,70,59,47,27,6,115" hai3="92,66,49,28,103,107,54,90,86,67,119,43,120"/><T98/><D118/><U134/><E104/><V21/><F70/><W112/><G119/><T79/><D122/><U8/><E109/><V127/><F111/><W94/><G120/><T108/><D108/><U41/><E124/><V16/><F115/><W51/><G107/><T126/><D126/><U36/><E134/><N who="0" m="51241" /><D81/><U34/><E34/><V78/><F121/><W74/><G74/><T20/><D11/><U7/><E85/><V12/><F127/><W113/><G28/><T96/><D96/><U30/><E30/><V19/><F6/><W40/><G86/><T42/><D42/><U110/><E110/><V99/><F47/><W38/><G38/><T117/><D117/><U73/><E73/><V5/><F5/><W106/><G54/><T31/><D31/><U25/><E10/><V32/><F59/><W129/><G106/><AGARI ba="0,0" hai="14,17,20,55,57,60,77,79,98,100,106" m="51241" machi="106" ten="30,1500,0" yaku="20,1" doraHai="87" who="0" fromWho="3" sc="383,15,291,0,174,0,152,-15" />
</Scene>
<Scene>
<INIT seed="4,1,0,5,1,93" ten="398,291,174,137" oya="0" hai0="56,84,47,87,123,83,70,55,28,69,110,9,68" hai1="109,23,85,113,82,74,46,22,106,86,92,6,127" hai2="105,96,63,117,39,14,48,60,100,10,129,62,104" hai3="102,32,130,5,59,44,34,2,73,50,18,11,118"/><T131/><D123/><U115/><E106/><V8/><F39/><W107/><G118/><T88/><D131/><U36/><E109/><V19/><F129/><W15/><G130/><T90/><D110/><U31/><E74/><V49/><F117/><W24/><G59/><T12/><D28/><U41/><E127/><V77/><F77/><W40/><G73/><T78/><D47/><U91/><E6/><V29/><F29/><W125/><G125/><T101/><D101/><U112/><REACH who="1" step="1"/><E31/><REACH who="1" ten="398,281,174,137" step="2"/><V134/><F134/><W103/><G107/><T81/><D78/><AGARI ba="1,1" hai="22,23,36,41,46,78,82,85,86,91,92,112,113,115" machi="78" ten="40,8000,1" yaku="1,1,2,1,15,1,11,1,53,1" doraHai="93" doraHaiUra="79" who="1" fromWho="0" sc="398,-83,281,93,174,0,137,0" />
</Scene>
<Scene>
<INIT seed="5,0,0,2,1,43" ten="315,374,174,137" oya="1" hai0="127,42,37,117,93,66,3,107,61,62,72,67,98" hai1="83,65,9,134,129,19,38,11,120,35,113,26,77" hai2="106,54,69,124,71,8,97,130,13,58,76,91,111" hai3="28,123,18,132,114,31,122,56,47,105,4,73,125"/><U85/><E120/><V33/><F111/><W79/><G18/><T121/><D117/><U103/><E38/><V95/><F130/><W17/><G17/><T104/><D3/><U40/><E40/><V48/><F124/><W81/><G47/><T14/><D72/><U128/><E113/><V116/><F116/><W70/><G4/><T64/><D127/><U96/><E65/><V75/><F33/><W89/><G81/><T22/><D121/><U51/><E51/><V50/><F106/><W100/><G89/><T7/><D107/><U126/><E126/><V41/><F75/><W10/><G56/><T53/><D104/><U131/><E134/><V110/><F76/><W25/><G10/><N who="0" m="4447" /><D37/><U34/><E34/><V29/><F29/><W45/><G25/><T90/><D42/><U109/><E109/><V99/><F110/><W24/><G24/><T78/><D78/><U86/><E86/><N who="2" m="52727" /><F71/><W46/><G73/><T68/><D68/><U115/><E115/><V27/><F27/><W84/><G105/><T59/><D22/><N who="1" m="13663" /><E35/><V63/><F69/><W1/><G70/><T36/><D36/><U108/><E108/><V20/><F20/><W15/><G125/><T6/><D6/><U5/><E5/><N who="2" m="3215" /><F41/><W102/><G114/><T52/><D59/><U0/><E0/><V39/><F39/><W118/><G123/><T16/><D16/><U2/><E2/><V60/><F48/><W135/><G122/><T44/><D61/><AGARI ba="0,0" hai="50,54,58,60,61,63,97,99" m="3215,52727" machi="61" ten="30,1000,0" yaku="8,1" doraHai="43" who="2" fromWho="0" sc="315,-10,374,0,174,10,137,0" />
</Scene>
<Scene>
<INIT seed="6,0,0,0,3,82" ten="305,374,184,137" oya="2" hai0="127,124,7,63,21,95,25,79,128,107,24,70,111" hai1="88,76,29,100,9,40,17,121,18,23,28,22,103" hai2="106,105,132,74,4,19,5,36,35,81,134,48,59" hai3="119,86,57,78,92,69,42,97,61,113,2,65,53"/><V12/><F36/><W62/><G119/><T87/><D107/><U118/><E118/><V31/><F31/><W8/><G113/><T68/><D111/><U135/><E135/><N who="2" m="51755" /><F35/><W84/><G42/><T30/><D7/><N who="2" m="2634" /><F59/><W72/><G2/><T102/><D128/><U115/><E115/><V44/><F81/><W51/><G8/><T20/><D79/><U0/><E76/><V80/><F80/><W10/><G10/><T26/><D63/><U50/><E9/><N who="2" m="6543" /><F74/><W89/><G78/><T94/><D30/><U14/><E0/><V54/><AGARI ba="0,0" hai="44,48,54,105,106" m="6543,2634,51755" machi="54" ten="30,1500,0" yaku="20,1" doraHai="82" who="2" fromWho="2" sc="305,-5,374,-5,184,15,137,-5" />
</Scene>
<Scene>
<INIT seed="6,1,0,2,5,12" ten="300,369,199,132" oya="2" hai0="29,104,52,102,69,97,63,61,82,44,25,54,71" hai1="55,111,134,23,13,7,36,74,6,32,76,59,124" hai2="5,3,2,50,119,135,120,24,34,67,39,28,35" hai3="79,123,117,113,90,64,118,77,132,62,105,15,21"/><V75/><F39/><W40/><G105/><T17/><D17/><U106/><E111/><V131/><F75/><W101/><G101/><T112/><D82/><U22/><E106/><V127/><F119/><W114/><G40/><T46/><D112/><N who="3" m="43113" /><G123/><T60/><D46/><U8/><E32/><V96/><F127/><W129/><G129/><T30/><D30/><U94/><E36/><V37/><F135/><W109/><G109/><T58/><D44/><U14/><E124/><V72/><F37/><W87/><G132/><T26/><D26/><U103/><E134/><V48/><F120/><W93/><G15/><T16/><D16/><N who="1" m="10519" /><E76/><N who="3" m="29258" /><G21/><T56/><REACH who="0" step="1"/><D60/><REACH who="0" ten="290,369,199,132" step="2"/><N who="1" m="35967" /><E23/><AGARI ba="1,1" hai="23,25,29,52,54,56,58,61,63,69,71,97,102,104" machi="23" ten="30,7700,0" yaku="1,1,7,1,9,1,54,1,53,0" doraHai="12" doraHaiUra="128" who="0" fromWho="1" sc="290,90,369,-80,199,0,132,0" />
</Scene>
<Scene>
<INIT seed="7,0,0,2,4,133" ten="380,289,199,132" oya="3" hai0="95,126,104,98,27,78,99,16,85,30,54,49,119" hai1="5,68,115,123,120,111,113,2,8,52,71,134,91" hai2="1,12,17,7,21,55,96,127,65,47,32,128,86" hai3="80,44,40,79,62,29,84,38,83,109,61,36,131"/><W135/><G131/><T116/><D126/><U31/><E91/><V90/><F127/><W76/><G135/><T100/><D16/><U63/><E111/><V11/><F128/><W110/><G29/><T19/><D19/><U93/><E93/><V33/><F65/><W23/><G23/><T103/><D85/><U112/><E31/><V42/><F96/><W46/><G84/><T0/><D0/><U37/><E37/><V114/><F55/><W118/><REACH who="3" step="1"/><G40/><REACH who="3" ten="380,289,199,122" step="2"/><T66/><D30/><U89/><E134/><V22/><F21/><W101/><G101/><T45/><D103/><U53/><E123/><V82/><F114/><W6/><G6/><T121/><D100/><U10/><E120/><V129/><F129/><W39/><G39/><AGARI ba="0,1" hai="1,7,11,12,17,22,32,33,39,42,47,82,86,90" machi="39" ten="30,1000,0" yaku="7,1" doraHai="133" who="2" fromWho="3" sc="380,0,289,0,199,20,122,-10" owari="380,48.0,289,9.0,219,-18.0,112,-39.0" />
</Scene>
</mjloggm>