<mjloggm ver="2.3"><GO type="169" lobby="0"/><UN n0="%6B%6F%6A%69%6D%6F%6E%39" n1="%E5%A4%AA%E3%81%8F%E3%81%AA%E3%81%84%E3%81%8A" n2="%6D%69%7A%75%79%6F%75" n3="%73%6F%75%6D%61%35%35%35" dan="16,18,16,16" rate="2111.61,2250.24,2120.98,2085.54" sx="M,F,M,M"/><TAIKYOKU oya="0"/>

<Scene>
<INIT seed="0,0,0,5,5,28" ten="250,250,250,250" oya="0" hai0="16,45,99,113,79,104,9,88,68,120,102,132,50" hai1="123,115,101,23,53,127,18,124,86,105,34,131,69" hai2="29,75,81,3,4,122,72,98,19,87,74,48,65" hai3="11,92,116,76,71,44,119,47,35,12,56,49,13"/><T55/><D120/><U90/><E123/><V24/><F122/><W111/><G71/><T39/><D113/><U109/><E69/><V20/><F65/><W6/><G76/><T58/><D68/><U46/><E115/><V130/><F130/><W126/><G56/><T41/><D79/><U15/><E131/><V38/><F38/><W108/><G92/><T0/><D132/><U121/><E121/><V134/><F134/><W30/><G30/><T78/><D78/><U2/><E2/><V21/><F98/><W25/><G25/><T59/><D0/><U85/><E109/><V129/><F129/><W37/><G37/><T125/><D125/><N who="1" m="48203" /><E34/><V83/><F83/><W33/><G126/><T93/><D59/><U106/><E101/><V32/><F48/><W94/><G94/><T27/><D104/><N who="1" m="40043" /><E90/><V110/><F110/><W60/><G49/><AGARI ba="0,0" hai="15,18,23,46,49,53,85,86" m="40043,48203" machi="49" ten="30,1000,0" yaku="18,1" doraHai="28" who="1" fromWho="3" sc="250,0,250,10,250,0,250,-10" />
</Scene>
<Scene>
<INIT seed="1,0,0,5,4,33" ten="250,260,250,240" oya="1" hai0="118,46,11,126,55,134,74,119,72,69,113,79,96" hai1="32,65,122,28,105,63,127,7,22,82,35,106,24" hai2="81,124,83,114,14,3,120,48,47,109,13,90,34" hai3="132,116,54,45,103,128,85,91,52,76,89,50,133"/><U5/><E122/><V42/><F34/><W93/><G116/><T1/><D69/><U62/><E127/><V19/><F120/><W77/><G128/><T92/><D113/><U17/><E82/><V107/><F107/><W111/><G111/><T88/><D126/><U86/><E86/><V95/><F109/><W39/><G39/><T12/><D1/><U43/><E43/><V102/><F102/><W87/><G103/><T25/><D25/><U15/><E35/><V101/><F101/><W57/><G132/><T100/><D134/><U21/><E21/><V117/><F117/><W78/><G133/><T125/><D125/><U115/><E115/><V123/><F123/><W38/><G38/><T23/><D23/><U20/><E20/><V49/><F124/><W6/><G6/><T40/><D55/><U9/><E5/><V18/><F3/><W112/><G112/><T94/><D79/><U16/><E17/><V4/><F4/><W75/><G75/><T30/><D30/><U67/><E62/><V36/><F36/><W56/><REACH who="3" step="1"/><G54/><REACH who="3" ten="250,260,250,230" step="2"/><T59/><D74/><U51/><E51/><V73/><F73/><W97/><G97/><T68/><D72/><U58/><REACH who="1" step="1"/><E67/><REACH who="1" ten="250,250,250,230" step="2"/><V129/><F49/><W29/><G29/><T110/><D119/><U41/><E41/><V71/><F48/><W10/><G10/><T8/><D118/><U98/><E98/><V61/><F42/><W26/><G26/><AGARI ba="0,2" hai="7,9,15,16,22,24,26,28,32,58,63,65,105,106" machi="26" ten="30,11600,0" yaku="1,1,7,1,54,1,53,1" doraHai="33" doraHaiUra="31" who="1" fromWho="3" sc="250,0,250,136,250,0,230,-116" />
</Scene>
<Scene>
<INIT seed="1,1,0,2,4,57" ten="250,386,250,114" oya="1" hai0="8,127,125,85,106,59,54,113,99,126,50,116,5" hai1="35,97,56,96,47,65,103,53,60,46,104,76,63" hai2="18,86,58,107,49,10,64,13,36,19,28,45,100" hai3="98,1,134,108,123,74,80,17,73,37,121,29,128"/><U3/><E3/><V132/><F36/><W0/><G17/><T87/><D116/><U101/><E35/><V83/><F132/><W69/><G29/><T82/><D113/><U115/><E76/><V72/><F72/><N who="3" m="27755" /><G98/><T31/><D31/><U25/><E25/><V114/><F114/><W55/><G80/><T27/><D27/><U94/><REACH who="1" step="1"/><E115/><REACH who="1" ten="250,376,250,114" step="2"/><V39/><F39/><W81/><G0/><N who="0" m="39" /><D82/><U91/><E91/><V23/><F100/><AGARI ba="1,1" hai="50,54,59,85,87,99,100,106,125,126,127" m="39" machi="100" ten="30,1000,0" yaku="18,1" doraHai="57" who="0" fromWho="2" sc="250,23,376,0,250,-13,114,0" />
</Scene>
<Scene>
<INIT seed="2,0,0,5,0,32" ten="273,376,237,114" oya="2" hai0="82,43,109,87,27,81,45,64,35,135,39,12,79" hai1="93,122,52,127,105,107,120,0,100,38,133,97,73" hai2="111,25,83,112,56,131,134,4,26,119,42,14,58" hai3="92,115,15,20,132,121,71,118,67,13,2,46,62"/><V9/><F112/><W44/><G118/><T74/><D109/><U130/><E38/><V101/><F119/><W102/><G121/><N who="1" m="46698" /><E73/><V21/><F134/><W49/><G132/><T95/><D64/><U16/><E133/><V29/><F131/><W91/><G102/><T37/><D95/><U3/><E130/><V36/><F101/><W18/><G115/><T106/><D106/><N who="1" m="40459" /><E127/><V108/><F83/><W61/><G62/><T34/><D39/><U69/><E69/><V76/><F76/><W53/><G13/><T77/><D135/><U110/><E110/><N who="2" m="42027" /><F42/><W99/><REACH who="3" step="1"/><G46/><REACH who="3" ten="273,376,237,104" step="2"/><T23/><D12/><U72/><E72/><V78/><F36/><W116/><G116/><T7/><D74/><U6/><E6/><V124/><F124/><W51/><G51/><T126/><D7/><U68/><E68/><V54/><F25/><W129/><G129/><T85/><D126/><U89/><E100/><V86/><F14/><W128/><G128/><T103/><D103/><U70/><E70/><V33/><F4/><W88/><G88/><T63/><D63/><U123/><E123/><V28/><F26/><W30/><G30/><AGARI ba="0,1" hai="23,27,30,34,35,37,43,45,77,79,81,82,85,87" machi="30" ten="30,2000,0" yaku="7,1,9,1" doraHai="32" who="0" fromWho="3" sc="273,30,376,0,237,0,104,-20" />
</Scene>
<Scene>
<INIT seed="3,0,0,5,1,23" ten="303,376,237,84" oya="3" hai0="48,32,83,97,5,133,2,21,112,73,63,98,123" hai1="43,69,121,115,53,4,76,18,111,74,42,61,93" hai2="72,71,70,109,68,16,38,64,22,7,35,116,80" hai3="99,37,114,41,127,45,29,47,131,92,26,82,34"/><W119/><G119/><T94/><D123/><U107/><E107/><V6/><F35/><W9/><G114/><T8/><D32/><U84/><E121/><V49/><F38/><W58/><G131/><T19/><D133/><U14/><E115/><V118/><F109/><W86/><G127/><T33/><D33/><U50/><E74/><V46/><F64/><W52/><G9/><T104/><D104/><U126/><E111/><V124/><F124/><W44/><G86/><T134/><D134/><U135/><E126/><V55/><F6/><W101/><REACH who="3" step="1"/><G82/><REACH who="3" ten="303,376,237,74" step="2"/><T28/><D83/><U103/><E84/><V90/><F7/><W1/><G1/><T27/><D112/><U129/><E129/><V57/><F72/><W102/><G102/><T0/><D73/><U56/><E135/><V132/><F132/><W108/><G108/><T87/><D2/><U96/><E103/><V3/><F3/><W128/><G128/><T11/><D87/><U20/><E96/><V78/><F80/><W65/><G65/><T62/><D98/><U40/><E76/><V85/><F78/><W24/><G24/><T125/><D11/><U79/><E79/><V113/><F113/><W13/><G13/><T91/><D125/><U39/><E14/><N who="2" m="9495" /><F118/><W15/><G15/><T75/><D75/><U30/><E4/><V105/><F116/><W110/><G110/><T51/><D19/><U120/><E18/><V106/><F85/><W31/><G31/><T36/><D28/><U89/><E30/><V54/><F90/><W77/><G77/><T81/><D91/><U130/><E89/><RYUUKYOKU ba="0,1" sc="303,-15,376,-15,237,15,74,15" hai2="46,49,54,55,57,68,70,71,105,106" hai3="26,29,34,37,41,44,45,47,52,58,92,99,101" />
</Scene>
<Scene>
<INIT seed="3,1,1,4,2,92" ten="288,361,252,89" oya="3" hai0="1,77,61,91,72,48,5,66,62,42,112,18,29" hai1="59,7,16,30,132,114,63,70,102,65,97,100,74" hai2="99,83,58,13,23,51,81,131,126,25,135,121,93" hai3="106,89,87,64,10,108,3,19,24,124,9,15,4"/><W73/><G73/><T129/><D129/><U67/><E114/><V120/><F135/><W82/><G124/><T47/><D29/><U98/><E74/><V134/><F131/><W110/><G106/><T105/><D105/><U27/><E132/><V14/><F134/><W21/><REACH who="3" step="1"/><G64/><REACH who="3" ten="288,361,252,79" step="2"/><T11/><D66/><U104/><E67/><V56/><F126/><W133/><G133/><T130/><D72/><U127/><E127/><V39/><F121/><W76/><G76/><T55/><D77/><U52/><E65/><V41/><F120/><W84/><G84/><T69/><D130/><U116/><E104/><V75/><F75/><W8/><G8/><T101/><D112/><U45/><E116/><V35/><F39/><W37/><G37/><T90/><D11/><U80/><E70/><V46/><F35/><W118/><G118/><T111/><D69/><U17/><E7/><AGARI ba="1,2" hai="3,4,7,9,10,15,19,21,24,82,87,89,108,110" machi="7" ten="40,2000,0" yaku="1,1,53,0" doraHai="92" doraHaiUra="95" who="3" fromWho="1" sc="288,0,361,-23,252,0,79,43" />
</Scene>
<Scene>
<INIT seed="3,2,0,3,1,70" ten="288,338,252,122" oya="3" hai0="10,40,28,33,110,53,37,60,61,121,55,23,83" hai1="31,17,35,63,128,84,18,86,11,124,88,132,51" hai2="43,13,19,74,133,122,58,59,67,39,5,91,92" hai3="25,57,89,73,134,93,111,97,54,116,117,8,100"/><W82/><G134/><T129/><D33/><U41/><E132/><V50/><F74/><W96/><G111/><T32/><D32/><U15/><E128/><V52/><F5/><W119/><G25/><N who="0" m="16447" /><D37/><U48/><E124/><V45/><F133/><W72/><G8/><T76/><D40/><U109/><E109/><V1/><F1/><W22/><G22/><T78/><D110/><U66/><E35/><V106/><F106/><W26/><G26/><T16/><D121/><U105/><E105/><V38/><F122/><W56/><G56/><N who="0" m="34831" /><D83/><U44/><E31/><V12/><F67/><W27/><G27/><T130/><D55/><U68/><E84/><V135/><F135/><W87/><REACH who="3" step="1"/><G97/><REACH who="3" ten="288,338,252,112" step="2"/><T107/><D10/><U95/><REACH who="1" step="1"/><E18/><REACH who="1" ten="288,328,252,112" step="2"/><V42/><F19/><W9/><G9/><T108/><D16/><U104/><E104/><V94/><F12/><W65/><G65/><T77/><D108/><U113/><E113/><V24/><F13/><W7/><G7/><T90/><D107/><U29/><E29/><V115/><F115/><W30/><G30/><T114/><D114/><U6/><E6/><V75/><F24/><W118/><N who="3" m="30208" /><DORA hai="14" /><W101/><G101/><T71/><D130/><U131/><E131/><V98/><F98/><W3/><G3/><T64/><D129/><U62/><E62/><AGARI ba="2,2" hai="54,57,62,72,73,82,87,89,93,96,100" m="30208" machi="62" ten="70,3400,0" yaku="1,1,53,0" doraHai="70,14" doraHaiUra="102,2" who="3" fromWho="1" sc="288,0,328,-40,252,0,112,60" />
</Scene>
<Scene>
<INIT seed="3,3,0,2,0,135" ten="288,288,252,172" oya="3" hai0="123,27,82,73,74,59,85,41,127,81,65,75,53" hai1="45,51,124,63,109,114,22,62,108,72,102,54,21" hai2="46,19,69,95,78,94,99,111,34,119,35,98,24" hai3="4,25,13,32,90,129,11,9,20,84,128,126,101"/><W130/><G101/><T70/><D123/><U48/><E72/><V96/><F69/><W30/><G126/><T36/><D127/><U79/><E79/><V68/><F68/><W133/><G133/><T14/><D70/><U64/><E124/><V86/><F111/><N who="1" m="42569" /><E114/><V66/><F66/><W28/><G11/><T105/><D65/><U23/><E64/><V76/><F119/><W132/><G132/><T2/><D105/><U121/><E121/><V16/><F46/><W88/><REACH who="3" step="1"/><G84/><REACH who="3" ten="288,288,252,162" step="2"/><T40/><D74/><U104/><E51/><V5/><F86/><W47/><G47/><T131/><D75/><U49/><E48/><V29/><F99/><AGARI ba="3,1" hai="21,22,23,45,49,54,62,63,99,102,104" m="42569" machi="99" ten="30,1000,0" yaku="14,1" doraHai="135" who="1" fromWho="2" sc="288,0,288,29,252,-19,162,0" />
</Scene>
<Scene>
<INIT seed="4,0,0,5,0,31" ten="288,317,233,162" oya="0" hai0="135,88,106,90,61,115,7,16,54,76,100,98,57" hai1="40,3,13,114,63,107,1,126,36,50,85,105,53" hai2="71,125,94,32,9,46,81,64,10,108,34,21,48" hai3="82,96,103,42,109,74,69,131,18,25,112,11,45"/><T26/><D115/><U29/><E13/><V23/><F108/><W35/><G69/><T92/><D7/><U70/><E29/><V20/><F125/><W62/><G112/><T5/><D5/><U0/><E126/><V52/><F94/><W67/><G109/><T68/><D68/><U39/><E114/><V134/><F134/><W117/><G117/><T124/><D124/><U19/><E19/><V78/><F64/><W55/><G55/><T121/><D121/><U122/><E122/><V118/><F71/><W14/><G131/><T86/><D135/><U91/><E39/><V22/><N who="2" m="5120" /><DORA hai="17" /><V37/><F118/><W83/><G74/><T93/><D26/><U130/><E130/><V49/><F37/><W84/><G25/><T97/><D16/><U129/><E129/><V132/><F132/><W73/><G73/><T27/><D27/><U123/><E123/><V56/><F9/><W12/><G12/><T119/><D119/><U113/><E113/><V38/><F10/><W58/><G35/><T101/><REACH who="0" step="1"/><D76/><REACH who="0" ten="278,317,233,162" step="2"/><U28/><E70/><V4/><F4/><W59/><G18/><T60/><D60/><U51/><E63/><V30/><F30/><W8/><G62/><T77/><D77/><U41/><E28/><V110/><F110/><W24/><G24/><T87/><D87/><U102/><E85/><V66/><F78/><W2/><G84/><T80/><D80/><U99/><E0/><V111/><F81/><W47/><G2/><T116/><D116/><U128/><E1/><V104/><F111/><W44/><G82/><T33/><D33/><RYUUKYOKU ba="0,1" sc="278,30,317,-10,233,-10,162,-10" hai0="54,57,61,86,88,90,92,93,97,98,100,101,106" />
</Scene>
<Scene>
<INIT seed="4,1,1,0,5,22" ten="308,307,223,152" oya="0" hai0="39,23,58,131,7,112,126,16,56,13,85,113,42" hai1="32,17,3,59,95,94,40,100,124,27,49,123,73" hai2="125,71,74,29,19,43,48,54,11,4,67,86,69" hai3="79,97,37,61,57,102,84,91,0,89,118,33,41"/><T77/><D131/><U129/><E123/><V116/><F74/><W135/><G0/><T44/><D126/><U105/><E73/><V107/><F107/><W108/><G108/><T15/><D77/><U66/><E3/><V111/><F111/><W110/><G110/><T106/><D106/><U55/><E129/><V134/><F134/><W31/><G135/><T34/><D34/><U101/><E124/><V115/><F43/><W26/><G118/><T99/><D99/><U78/><E78/><V93/><F19/><W92/><G37/><T82/><D85/><U46/><E66/><V128/><F67/><W28/><G41/><T88/><D88/><U87/><E105/><V8/><F29/><W96/><G31/><T120/><D82/><U51/><E32/><V38/><F93/><N who="1" m="35337" /><E87/><V122/><F86/><W9/><G9/><N who="0" m="4287" /><D120/><U65/><E65/><V68/><F122/><W45/><G96/><T63/><D63/><U81/><E81/><V14/><F38/><W121/><G121/><T130/><D130/><U103/><E103/><V117/><F128/><W53/><G79/><T1/><D1/><U60/><E60/><V127/><F115/><AGARI ba="1,1" hai="15,16,23,39,42,44,56,58,112,113,115" m="4287" machi="115" ten="30,2900,0" yaku="15,1,54,1" doraHai="22" who="0" fromWho="2" sc="308,42,307,0,223,-32,152,0" />
</Scene>
<Scene>
<INIT seed="4,2,0,0,4,107" ten="350,307,191,152" oya="0" hai0="82,131,105,76,122,44,130,78,120,100,0,56,45" hai1="97,77,80,20,112,13,84,36,125,73,92,1,109" hai2="49,85,14,75,63,38,59,42,29,135,33,48,123" hai3="70,26,114,81,37,61,72,21,88,83,93,50,103"/><T47/><D0/><U98/><E1/><V12/><F123/><N who="0" m="47146" /><D100/><U129/><E36/><V87/><F135/><W113/><G103/><T27/><D27/><U4/><E109/><V6/><F33/><W40/><G37/><T24/><D24/><U126/><E129/><N who="0" m="49161" /><D105/><U79/><E112/><N who="3" m="43114" /><G40/><T5/><D5/><U35/><E35/><V99/><F29/><W41/><G41/><T31/><D31/><U30/><E30/><V18/><F38/><W69/><G50/><T95/><D95/><U2/><E2/><V115/><F48/><W71/><G61/><T19/><D19/><N who="1" m="10351" /><E4/><V32/><F49/><W52/><G26/><T111/><D111/><U102/><E102/><V11/><F42/><W119/><G21/><T15/><D15/><U134/><E92/><V118/><F32/><W7/><G7/><T67/><D82/><N who="1" m="47199" /><E134/><V101/><F115/><W17/><G17/><T22/><D22/><U62/><E62/><AGARI ba="2,0" hai="44,45,47,56,62,67,76,78" m="49161,47146" machi="62" ten="40,2000,0" yaku="19,1" doraHai="107" who="0" fromWho="1" sc="350,26,307,-26,191,0,152,0" />
</Scene>
<Scene>
<INIT seed="4,3,0,4,0,74" ten="376,281,191,152" oya="0" hai0="107,29,20,99,18,73,71,76,120,104,24,65,49" hai1="130,94,11,15,81,61,14,85,63,72,91,112,55" hai2="101,134,19,77,97,4,86,0,114,37,125,83,87" hai3="39,110,93,30,121,129,40,109,16,132,133,103,131"/><T32/><D120/><U100/><E130/><N who="3" m="49674" /><G39/><T34/><D71/><U31/><E112/><V9/><F114/><W69/><G40/><T106/><D65/><U64/><E31/><V135/><F125/><W33/><G69/><T105/><D49/><U123/><E123/><V28/><F28/><W45/><G45/><T6/><D6/><U13/><E55/><V41/><F19/><W119/><G103/><T48/><D48/><U80/><E72/><V50/><F50/><W47/><G93/><T126/><D126/><U5/><E63/><V46/><REACH who="2" step="1"/><F87/><REACH who="2" ten="376,281,181,152" step="2"/><W117/><G47/><T25/><D73/><U84/><E84/><V82/><F82/><W38/><G38/><T79/><REACH who="0" step="1"/><D34/><REACH who="0" ten="366,281,181,152" step="2"/><U66/><E61/><V54/><F54/><W78/><G121/><T96/><D96/><U127/><E127/><V17/><F17/><W10/><G33/><T7/><D7/><U2/><E5/><V60/><F60/><W52/><G16/><T68/><D68/><U26/><E66/><V44/><F44/><W89/><G30/><T12/><D12/><U115/><E64/><V3/><F3/><W23/><G117/><T90/><D90/><U92/><E115/><V113/><F113/><W43/><G89/><T8/><D8/><U56/><E11/><V57/><F57/><W51/><G10/><T21/><D21/><U58/><E2/><V102/><F102/><AGARI ba="3,2" hai="18,20,24,25,29,32,76,79,99,102,104,105,106,107" machi="102" ten="40,12000,1" yaku="1,1,52,2,53,2" doraHai="74" doraHaiUra="75" who="0" fromWho="2" sc="366,149,281,0,181,-129,152,0" />
</Scene>
<Scene>
<INIT seed="4,4,0,2,2,57" ten="515,281,52,152" oya="0" hai0="98,94,83,122,95,44,51,7,32,121,10,9,6" hai1="56,104,52,111,40,109,28,71,24,115,2,93,123" hai2="105,81,46,43,59,37,108,70,84,64,39,118,134" hai3="18,35,68,27,106,60,135,26,77,86,112,22,1"/><T5/><D32/><U72/><E104/><V91/><F105/><W67/><G106/><T73/><D73/><U61/><E123/><V21/><F108/><W58/><G1/><T127/><D127/><U113/><E2/><V76/><F134/><W82/><G135/><T78/><D122/><U0/><E0/><V41/><F118/><W3/><G3/><T126/><D126/><U74/><E40/><V131/><F70/><W47/><G112/><N who="1" m="43082" /><E71/><V85/><F131/><W31/><G47/><T125/><D125/><U17/><E17/><V116/><F116/><W45/><G45/><T100/><D95/><U75/><E93/><V25/><F43/><W54/><REACH who="3" step="1"/><G68/><REACH who="3" ten="515,281,52,142" step="2"/><T132/><D132/><U16/><E16/><V50/><F39/><W49/><G49/><T79/><D121/><U63/><E63/><N who="2" m="38015" /><F37/><W87/><G87/><N who="0" m="48631" /><D79/><U15/><E15/><V133/><F133/><W129/><G129/><T89/><D89/><U13/><E13/><V66/><F85/><W8/><G8/><T117/><D117/><U23/><AGARI ba="4,1" hai="23,24,28,52,56,61,72,74,75,109,111" m="43082" machi="23" ten="40,8000,1" yaku="15,1,11,1,52,1,54,1" doraHai="57" who="1" fromWho="1" sc="515,-44,281,102,52,-24,142,-24" />
</Scene>
<Scene>
<INIT seed="5,0,0,1,2,96" ten="471,383,28,118" oya="1" hai0="63,125,113,83,72,21,7,103,66,69,37,42,107" hai1="30,57,59,91,85,2,114,87,39,41,40,28,134" hai2="53,86,95,92,62,119,45,116,26,97,29,60,130" hai3="20,74,131,118,115,135,100,101,31,81,98,129,25"/><U16/><E2/><V9/><F130/><N who="3" m="49675" /><G115/><T48/><D21/><U67/><E114/><V88/><F9/><W82/><G135/><T73/><D48/><U65/><E39/><V77/><F119/><W123/><G118/><T90/><D90/><U89/><E134/><V111/><F111/><W121/><G74/><T13/><D13/><U110/><E110/><V112/><F112/><W128/><G128/><T52/><D52/><U84/><E84/><V70/><F116/><W61/><G61/><T127/><D7/><U8/><E8/><V76/><F70/><W54/><G54/><T10/><D10/><U64/><E64/><V32/><F76/><W78/><G98/><N who="0" m="61943" /><D113/><U15/><E15/><V79/><F79/><W27/><G27/><T56/><D37/><U3/><E3/><V75/><F75/><N who="3" m="43231" /><G82/><T68/><D83/><U17/><AGARI ba="0,0" hai="16,17,28,30,40,41,57,59,65,67,85,87,89,91" machi="17" ten="25,12000,1" yaku="0,1,22,2,8,1,54,1" doraHai="96" who="1" fromWho="1" sc="471,-40,383,120,28,-40,118,-40" owari="431,23.0,503,60.0,-12,-51.0,78,-32.0" />
</Scene>
</mjloggm>