<mjloggm ver="2.3"><GO type="169" lobby="0"/><UN n0="%E5%A4%AA%E3%81%8F%E3%81%AA%E3%81%84%E3%81%8A" n1="%E2%80%A0%E3%81%BE%E3%83%BC%E5%9D%8A%E2%80%A0" n2="%67%75%73%68" n3="%E6%9D%8E%E7%A9%8E%E8%97%8D" dan="18,17,17,16" rate="2255.62,2148.96,2143.35,2104.46" sx="F,M,M,M"/><TAIKYOKU oya="0"/>

<Scene>
<INIT seed="0,0,0,5,3,55" ten="250,250,250,250" oya="0" hai0="49,44,5,26,12,50,48,56,90,32,29,61,71" hai1="77,0,124,23,10,109,4,132,40,127,103,85,24" hai2="116,19,14,25,31,63,106,58,59,94,65,111,27" hai3="8,43,105,73,37,79,129,15,91,112,72,11,100"/><T121/><D121/><U46/><E109/><V22/><F111/><W115/><G129/><T6/><D71/><U101/><E132/><V67/><F106/><W87/><G8/><T18/><D90/><U2/><E2/><V36/><F36/><W45/><G73/><T74/><D74/><U7/><E7/><V126/><F116/><W57/><G79/><T113/><D44/><U110/><E110/><V39/><F39/><W1/><G72/><T66/><REACH who="0" step="1"/><D113/><REACH who="0" ten="240,250,250,250" step="2"/><U133/><E46/><V60/><F126/><W86/><G91/><T125/><D125/><U122/><E124/><V41/><F41/><W134/><G43/><T33/><D33/><U54/><E40/><V95/><REACH who="2" step="1"/><F25/><REACH who="2" ten="240,250,240,250" step="2"/><W78/><G115/><T97/><D97/><U53/><E127/><V3/><F3/><W42/><G1/><T76/><D76/><U119/><E77/><V35/><AGARI ba="0,2" hai="14,19,22,27,31,35,58,59,60,63,65,67,94,95" machi="35" ten="20,12000,2" yaku="1,1,0,1,7,1,9,1,52,2,53,0" doraHai="55" doraHaiUra="130" who="2" fromWho="2" sc="240,-60,250,-30,240,140,250,-30" />
</Scene>
<Scene>
<INIT seed="1,0,0,4,1,115" ten="180,220,380,220" oya="1" hai0="39,76,87,84,101,10,17,19,69,12,124,52,46" hai1="45,102,90,112,54,70,134,96,3,6,60,18,126" hai2="65,129,118,127,27,97,95,132,32,98,113,43,125" hai3="122,111,48,81,73,8,2,44,28,16,131,82,1"/><U68/><E112/><V15/><F113/><W128/><G122/><T109/><D69/><U64/><E134/><V108/><F132/><W34/><G111/><T86/><D109/><U35/><E126/><V49/><F108/><W36/><G36/><T120/><D124/><U66/><E18/><V67/><F129/><N who="3" m="49739" /><G28/><T20/><D120/><U38/><E90/><V79/><F79/><N who="3" m="44271" /><G34/><T85/><D101/><U13/><E13/><V0/><F15/><N who="3" m="7271" /><G82/><N who="0" m="47175" /><D39/><U71/><E54/><AGARI ba="0,0" hai="1,2,44,48,54" m="7271,44271,49739" machi="54" ten="30,2000,0" yaku="19,1,54,1" doraHai="115" who="3" fromWho="1" sc="180,0,220,-20,380,0,220,20" />
</Scene>
<Scene>
<INIT seed="2,0,0,2,0,123" ten="180,200,380,240" oya="2" hai0="112,70,130,107,54,110,117,109,56,125,89,69,25" hai1="14,132,116,49,62,71,72,61,4,85,76,41,55" hai2="121,60,7,128,34,18,103,63,30,97,122,104,79" hai3="5,23,33,20,106,113,22,118,46,91,88,95,124"/><V8/><F128/><W131/><G118/><T32/><D107/><U24/><E116/><V73/><F18/><W51/><G106/><T99/><D117/><U17/><E72/><V114/><F114/><W127/><G33/><T13/><D112/><U133/><E71/><V15/><F63/><W27/><G113/><T65/><D65/><U111/><E41/><V0/><F15/><W68/><G68/><T53/><D53/><U58/><E24/><N who="2" m="18759" /><F60/><W81/><G131/><T126/><D130/><U38/><E38/><V36/><F36/><W11/><G27/><T21/><D32/><U3/><E3/><V92/><F92/><W66/><G66/><T52/><D13/><U2/><E2/><V90/><F90/><W16/><G81/><AGARI ba="0,0" hai="0,7,8,73,79,81,97,103,104,121,122" m="18759" machi="81" ten="30,1500,0" yaku="23,1" doraHai="123" who="2" fromWho="3" sc="180,0,200,0,380,15,240,-15" />
</Scene>
<Scene>
<INIT seed="2,1,0,3,5,128" ten="180,200,395,225" oya="2" hai0="115,55,97,108,48,135,6,66,85,30,16,101,59" hai1="98,72,126,39,69,10,64,20,36,18,21,102,133" hai2="11,52,61,92,107,106,54,89,45,75,84,74,113" hai3="49,99,43,13,114,5,121,93,25,122,7,15,87"/><V63/><F113/><W109/><G114/><T26/><D108/><U79/><E126/><V41/><F11/><W123/><G109/><T51/><D115/><U103/><E10/><V130/><F130/><W19/><G87/><T117/><D117/><U71/><E79/><V88/><F41/><W24/><G43/><T127/><D127/><U42/><E42/><V124/><F124/><W9/><G49/><T77/><D6/><N who="3" m="2057" /><G93/><T34/><D66/><U111/><E64/><V116/><F84/><W125/><G99/><T91/><D77/><U33/><E33/><V1/><F92/><W50/><G50/><T62/><D16/><U14/><E18/><V90/><F1/><W119/><G125/><T129/><D129/><U44/><E72/><N who="2" m="27691" /><F45/><W78/><G78/><T80/><D97/><U118/><E98/><V100/><F100/><W56/><G56/><T0/><D101/><U60/><E44/><V81/><F81/><W132/><G119/><T31/><D0/><U3/><E3/><V67/><F67/><W104/><G13/><T57/><D80/><U32/><E14/><V53/><F116/><W120/><G120/><T105/><D85/><U4/><E118/><V70/><F70/><W76/><G76/><T131/><D131/><U82/><E82/><V96/><F96/><W22/><G9/><T29/><D59/><U38/><E111/><V86/><F86/><W40/><G121/><T35/><D57/><U12/><E71/><V73/><N who="2" m="27699" /><V112/><DORA hai="37" /><F112/><W110/><G110/><T27/><D91/><U46/><E69/><V65/><F65/><RYUUKYOKU ba="1,0" sc="180,-10,200,-10,395,30,225,-10" hai2="52,53,54,61,63,88,89,90,106,107" />
</Scene>
<Scene>
<INIT seed="2,2,0,4,4,6" ten="170,190,425,215" oya="2" hai0="24,122,107,70,39,97,56,10,16,106,34,71,40" hai1="130,103,3,75,42,58,32,8,30,55,57,109,79" hai2="125,7,25,112,69,131,33,76,128,46,105,65,73" hai3="108,67,85,84,104,45,90,77,17,98,63,118,82"/><V62/><F112/><W60/><G118/><T61/><D122/><U78/><E109/><V53/><F125/><W119/><G119/><T96/><D40/><U22/><E130/><V101/><F7/><W41/><G108/><T95/><D39/><U43/><E32/><V48/><F76/><N who="1" m="29225" /><E103/><V44/><F44/><W49/><G17/><T52/><D34/><U29/><E3/><V31/><F73/><W81/><REACH who="3" step="1"/><G67/><REACH who="3" ten="170,190,425,205" step="2"/><T99/><D107/><U19/><E19/><V2/><F105/><W135/><G135/><T50/><D106/><U88/><E29/><V28/><F28/><W114/><G114/><T59/><D95/><U23/><E30/><V127/><F65/><W129/><G129/><T68/><D24/><U36/><E75/><V35/><F128/><W47/><G47/><T80/><D80/><U117/><E117/><V38/><F131/><W37/><G37/><T120/><D120/><U100/><E36/><V123/><F38/><W26/><G26/><T5/><D16/><U86/><E42/><V74/><F74/><W124/><G124/><T72/><D72/><U102/><E43/><V0/><F127/><W87/><G87/><T15/><REACH who="0" step="1"/><D99/><REACH who="0" ten="160,190,425,205" step="2"/><U20/><E86/><V121/><F121/><W92/><G92/><T113/><D113/><U27/><E27/><V21/><F123/><W91/><G91/><T13/><D13/><U66/><E88/><V134/><F25/><W132/><G132/><T12/><D12/><U4/><E102/><AGARI ba="2,2" hai="41,45,49,60,63,77,81,82,84,85,90,98,102,104" machi="102" ten="40,1300,0" yaku="1,1,53,0" doraHai="6" doraHaiUra="110" who="3" fromWho="1" sc="160,0,190,-19,425,0,205,39" />
</Scene>
<Scene>
<INIT seed="3,0,0,4,5,80" ten="160,171,425,244" oya="3" hai0="120,73,52,134,48,27,109,5,131,110,13,11,54" hai1="101,2,135,56,77,72,18,99,22,130,66,118,62" hai2="113,124,38,3,26,45,4,21,98,57,121,74,34" hai3="128,112,40,70,97,132,91,115,15,55,94,116,25"/><W86/><G116/><T19/><D120/><U39/><E118/><V30/><F113/><W36/><G70/><T96/><D73/><U100/><E135/><V88/><F74/><W8/><G132/><T107/><D134/><U90/><E130/><V61/><F121/><W46/><G128/><T42/><D131/><U33/><E33/><V117/><F117/><W76/><G25/><T35/><D42/><U122/><E39/><V65/><F124/><W9/><G55/><T78/><D78/><U93/><E2/><V95/><F3/><W53/><G53/><T84/><D84/><U14/><E122/><V29/><F4/><W28/><G28/><N who="0" m="19871" /><D48/><U106/><E106/><V41/><F34/><W20/><G112/><T23/><D96/><U6/><E6/><V50/><F38/><W104/><G115/><T0/><D107/><U51/><E72/><V133/><F133/><W10/><G104/><T17/><D17/><AGARI ba="0,0" hai="17,21,26,29,30,41,45,50,57,61,65,88,95,98" machi="17" ten="30,3900,0" yaku="7,1,8,1,54,1" doraHai="80" who="2" fromWho="0" sc="160,-39,171,0,425,39,244,0" />
</Scene>
<Scene>
<INIT seed="4,0,0,3,0,97" ten="121,171,464,244" oya="0" hai0="94,37,9,118,96,134,131,98,100,126,78,35,102" hai1="108,15,125,114,32,95,45,22,11,64,81,109,28" hai2="36,46,41,73,18,54,17,84,61,113,25,12,83" hai3="89,105,42,111,77,26,57,5,29,117,31,39,33"/><T112/><D35/><U122/><E122/><V55/><F113/><W104/><G111/><T3/><D118/><U66/><E114/><V7/><F73/><W40/><G117/><T76/><D112/><U92/><E32/><V70/><F7/><W43/><G39/><T132/><D37/><U67/><E125/><V48/><F25/><W72/><G29/><T21/><D126/><U107/><E107/><V74/><F74/><W101/><G5/><N who="0" m="1215" /><D21/><U120/><E120/><V115/><F115/><W44/><G44/><T68/><D68/><U24/><E109/><V128/><F128/><W129/><G129/><T86/><D86/><U93/><E108/><V123/><F123/><W91/><G105/><N who="0" m="63623" /><D131/><U135/><E45/><V116/><F116/><W51/><G57/><T71/><D71/><U79/><E79/><V80/><F18/><W38/><G38/><T13/><D13/><U8/><E15/><V59/><F84/><W103/><G51/><T75/><D75/><U88/><E81/><V127/><F127/><W133/><G104/><T0/><D0/><U10/><REACH who="1" step="1"/><E88/><REACH who="1" ten="121,161,464,244" step="2"/><V19/><F12/><W56/><G91/><T62/><D76/><U110/><E110/><V23/><F83/><W65/><G89/><T30/><D78/><U50/><E50/><V60/><F80/><W27/><G77/><T69/><D134/><AGARI ba="0,1" hai="8,10,11,22,24,28,64,66,67,92,93,95,134,135" machi="134" ten="50,12000,2" yaku="1,1,29,2,53,3" doraHai="97" doraHaiUra="90" who="1" fromWho="0" sc="121,-120,161,130,464,0,244,0" />
</Scene>
<Scene>
<INIT seed="5,0,0,5,3,91" ten="1,291,464,244" oya="1" hai0="125,47,22,127,82,95,38,27,63,72,110,70,24" hai1="122,29,102,3,64,99,43,92,85,44,74,68,34" hai2="20,8,101,1,67,39,48,49,123,106,15,116,105" hai3="109,56,41,52,35,17,6,103,135,21,69,117,130"/><U77/><E122/><V36/><F123/><W107/><G109/><T115/><D110/><U10/><E85/><V57/><F116/><W26/><G69/><T59/><D70/><U53/><E53/><V4/><F1/><W73/><G73/><T40/><D115/><U124/><E124/><N who="0" m="47689" /><D22/><U87/><E87/><V81/><F20/><W2/><G117/><T75/><D95/><U45/><E68/><V37/><F81/><W78/><G78/><N who="0" m="44359" /><D75/><U86/><E74/><V7/><F106/><W97/><G135/><T88/><D88/><U14/><E3/><V55/><F105/><W126/><G126/><T100/><D100/><U71/><E29/><V94/><F94/><W114/><G114/><T51/><D38/><U131/><E34/><V58/><F101/><W62/><G35/><T133/><D133/><U16/><E131/><V113/><F113/><W23/><G130/><T80/><D80/><N who="1" m="47375" /><E71/><V118/><F118/><W61/><G107/><T12/><D12/><U108/><E108/><V30/><F30/><W121/><G121/><T129/><D129/><U18/><E18/><V120/><F120/><W9/><G2/><T111/><D111/><U65/><E45/><V104/><F104/><W119/><G119/><T5/><D5/><U84/><E84/><V66/><F4/><W128/><G6/><T89/><D89/><U0/><E0/><V19/><F7/><W31/><G128/><T54/><D54/><AGARI ba="0,0" hai="8,15,19,36,37,39,48,49,54,55,57,58,66,67" machi="54" ten="40,1300,0" yaku="9,1" doraHai="91" who="2" fromWho="0" sc="1,-13,291,0,464,13,244,0" owari="-12,-51.0,291,9.0,477,58.0,244,-16.0" />
</Scene>
</mjloggm>