<mjloggm ver="2.3"><GO type="169" lobby="0"/><UN n0="%E5%A4%AA%E3%81%8F%E3%81%AA%E3%81%84%E3%81%8A" n1="%E6%AE%8B%E5%B0%BF%E6%84%9F%E3%81%AA%E3%81%84%EF%BC%9F" n2="%E5%B9%BE%E4%BD%95%E5%AD%A6%E5%B0%82%E6%94%BB" n3="%E5%AE%AE%E5%B4%8E%E7%9C%8C%E4%BB%A3%E8%A1%A8" dan="18,16,16,17" rate="2286.08,2198.37,2123.76,2111.11" sx="M,F,M,M"/><TAIKYOKU oya="0"/>

<Scene>
<INIT seed="0,0,0,0,0,113" ten="250,250,250,250" oya="0" hai0="122,64,68,26,72,96,1,135,27,35,107,22,110" hai1="17,23,36,56,94,66,41,37,83,31,109,125,99" hai2="130,102,134,105,133,106,98,20,119,116,100,89,85" hai3="88,3,77,33,32,93,91,53,95,45,70,5,57"/><T43/><D122/><U86/><E109/><V49/><F130/><W40/><G70/><T82/><D1/><U104/><E104/><V51/><F20/><W121/><G121/><T38/><D135/><N who="2" m="51722" /><F51/><W117/><G117/><N who="2" m="45129" /><F49/><W90/><G33/><T118/><D35/><U69/><E23/><V9/><F9/><W44/><G32/><T28/><D118/><U60/><E37/><V129/><F129/><W24/><G24/><T11/><D27/><U92/><E36/><V55/><F55/><W120/><G53/><T84/><D11/><U12/><E41/><V78/><F78/><W48/><G40/><T65/><D43/><U123/><E123/><V8/><F8/><W128/><G120/><T132/><D38/><U80/><E31/><V127/><F127/><W52/><G128/><T0/><D132/><U124/><E125/><V54/><F54/><W30/><G77/><T21/><D21/><U63/><E124/><V46/><F46/><W58/><G30/><T62/><D28/><U29/><E29/><V47/><F47/><W131/><G131/><T75/><D22/><U115/><E115/><V114/><F114/><W59/><G45/><T61/><D26/><U76/><E76/><V108/><F108/><W39/><G39/><T19/><D110/><U81/><E66/><V15/><F15/><W71/><G44/><T79/><D65/><U7/><E12/><V42/><F42/><W126/><G48/><T2/><D64/><U74/><E60/><N who="0" m="23145" /><D79/><U50/><E50/><V101/><F105/><W25/><G126/><T97/><D107/><U112/><E112/><RYUUKYOKU ba="0,0" sc="250,-10,250,-10,250,30,250,-10" hai2="85,89,98,100,101,102,106" />
</Scene>
<Scene>
<INIT seed="1,1,0,4,4,106" ten="240,240,280,240" oya="1" hai0="32,128,99,70,115,81,11,110,107,19,15,36,77" hai1="117,48,112,47,135,16,86,61,0,80,49,69,89" hai2="53,55,13,126,52,18,33,12,10,131,6,82,83" hai3="62,125,25,39,120,41,29,2,54,68,3,76,42"/><U79/><E112/><V22/><F126/><W43/><G125/><T67/><D115/><U84/><E117/><V74/><F131/><W72/><G120/><T124/><D124/><U9/><E135/><V134/><F33/><W26/><G39/><T93/><D36/><U73/><E69/><V45/><F134/><W113/><G113/><T104/><D32/><U57/><E0/><V66/><F66/><W122/><G122/><T127/><D127/><U34/><E34/><V96/><F96/><W133/><G133/><T97/><D97/><U65/><E49/><V31/><F31/><W100/><G100/><T92/><D92/><U78/><E73/><V8/><F8/><W51/><G62/><T58/><D70/><U91/><E9/><V1/><F1/><W17/><G17/><T103/><D128/><U44/><E16/><V85/><F74/><W60/><G60/><T95/><D107/><U129/><E129/><V38/><REACH who="2" step="1"/><F85/><REACH who="2" ten="240,240,270,240" step="2"/><W35/><G2/><T46/><D67/><U30/><E30/><V37/><F37/><W132/><G132/><T111/><D99/><U101/><E101/><V5/><F5/><W105/><G3/><T119/><D103/><U90/><REACH who="1" step="1"/><E48/><REACH who="1" ten="240,230,270,240" step="2"/><V40/><AGARI ba="1,2" hai="6,10,12,13,18,22,38,40,45,52,53,55,82,83" machi="40" ten="30,4000,0" yaku="1,1,0,1,54,1,53,0" doraHai="106" doraHaiUra="108" who="2" fromWho="2" sc="240,-11,230,-21,270,63,240,-11" />
</Scene>
<Scene>
<INIT seed="2,0,0,1,5,88" ten="229,209,333,229" oya="2" hai0="64,27,25,102,73,78,45,65,134,54,52,49,89" hai1="117,29,120,28,42,60,92,123,80,41,71,75,20" hai2="111,15,59,129,124,36,47,116,46,109,35,79,84" hai3="1,31,26,8,76,70,103,9,87,122,95,14,38"/><V19/><F116/><W96/><G122/><N who="1" m="46634" /><E117/><V3/><F124/><W55/><G70/><T99/><D134/><U66/><E92/><V93/><F129/><W115/><G115/><T107/><D89/><U69/><E69/><V13/><F3/><W67/><G67/><T97/><D97/><U119/><E119/><V10/><F35/><W16/><G38/><T85/><D73/><U83/><E75/><V40/><F47/><W18/><G55/><T98/><D98/><U24/><E29/><V30/><F30/><W34/><G1/><T2/><D2/><U126/><E126/><V51/><F15/><W101/><G101/><T48/><D27/><U128/><E128/><V6/><F59/><W61/><G61/><T114/><D25/><U127/><E127/><V125/><F125/><W0/><G0/><T11/><D11/><U94/><E94/><V7/><F36/><W121/><G121/><T5/><D5/><U17/><E28/><V130/><F130/><W22/><REACH who="3" step="1"/><G18/><REACH who="3" ten="229,209,333,219" step="2"/><T33/><D114/><U112/><E112/><V4/><F109/><W56/><G56/><T86/><D64/><U57/><E71/><V63/><F111/><W106/><G106/><T118/><D65/><U82/><AGARI ba="0,1" hai="17,20,24,41,42,57,60,66,80,82,83" m="46634" machi="82" ten="30,1100,0" yaku="13,1" doraHai="88" who="1" fromWho="1" sc="229,-3,209,21,333,-5,219,-3" />
</Scene>
<Scene>
<INIT seed="3,0,0,3,4,110" ten="226,230,328,216" oya="3" hai0="18,123,11,51,29,104,129,111,68,59,34,2,39" hai1="57,98,8,120,77,127,106,56,108,130,81,58,3" hai2="4,76,36,27,42,103,90,44,84,72,128,119,10" hai3="9,107,92,100,67,5,105,91,78,83,24,93,0"/><W48/><G67/><T33/><D51/><U89/><E108/><V38/><F119/><W49/><G24/><T131/><D59/><U20/><E120/><V60/><F103/><W86/><G93/><T73/><D11/><U101/><E127/><V21/><F60/><W15/><G15/><T13/><D18/><U35/><E35/><V62/><F62/><W32/><G32/><T117/><D29/><U134/><E130/><V66/><F66/><W26/><G26/><T16/><D16/><U40/><E40/><V114/><F114/><W94/><G94/><T115/><D13/><U17/><E89/><V97/><F97/><N who="3" m="61583" /><G107/><T118/><D34/><U116/><E134/><V14/><F76/><W28/><G28/><T31/><D31/><U80/><E116/><V102/><F72/><AGARI ba="0,0" hai="0,5,9,48,49,72,78,83,86,91,92" m="61583" machi="72" ten="30,1500,0" yaku="24,1" doraHai="110" who="3" fromWho="2" sc="226,0,230,0,328,-15,216,15" />
</Scene>
<Scene>
<INIT seed="3,1,0,3,4,54" ten="226,230,313,231" oya="3" hai0="131,88,59,93,10,77,100,73,31,108,84,57,71" hai1="48,40,58,36,115,94,117,96,97,107,28,110,18" hai2="21,127,64,112,35,95,123,6,42,80,39,62,91" hai3="61,134,17,106,38,2,3,105,12,26,52,90,50"/><W19/><G134/><T99/><D71/><U67/><E110/><V121/><F112/><W20/><G38/><T11/><D108/><U33/><E36/><V65/><F35/><W85/><G61/><T132/><D132/><U29/><E33/><V24/><F127/><W30/><G105/><N who="0" m="63647" /><D31/><U16/><E107/><V118/><F118/><W82/><G106/><T92/><D92/><U81/><E115/><V43/><F80/><W69/><G69/><T49/><D131/><U47/><E117/><V101/><F6/><W76/><G76/><T51/><D51/><U7/><E7/><V116/><F101/><W68/><G68/><T60/><D49/><U37/><E81/><V104/><F104/><W53/><G53/><N who="0" m="33839" /><D59/><U111/><E111/><V0/><F116/><W8/><REACH who="3" step="1"/><G19/><REACH who="3" ten="226,230,313,221" step="2"/><T109/><D109/><U32/><E18/><N who="2" m="12343" /><F62/><W130/><G130/><T124/><D124/><U128/><E128/><V135/><F135/><W45/><AGARI ba="1,1" hai="2,3,8,12,17,20,26,30,45,50,52,82,85,90" machi="45" ten="20,18000,2" yaku="1,1,0,1,7,1,25,2,54,1,53,0" doraHai="54" doraHaiUra="125" who="3" fromWho="3" sc="226,-61,230,-61,313,-61,221,193" />
</Scene>
<Scene>
<INIT seed="3,2,0,3,1,77" ten="165,169,252,414" oya="3" hai0="119,107,14,44,61,68,132,57,98,21,26,80,51" hai1="20,66,94,58,48,108,72,6,78,83,81,124,84" hai2="95,93,100,88,31,129,60,101,111,134,55,3,15" hai3="2,76,92,7,114,59,4,128,29,0,112,50,117"/><W105/><G117/><T102/><D132/><U85/><E108/><V8/><F3/><W25/><G105/><T69/><D14/><U79/><E124/><V10/><F111/><W135/><G135/><T18/><D119/><U121/><E121/><V71/><F134/><W97/><G128/><T33/><D33/><U49/><E6/><V45/><F129/><W115/><G59/><T23/><D23/><U74/><E94/><V56/><F31/><W86/><G50/><T64/><REACH who="0" step="1"/><D80/><REACH who="0" ten="155,169,252,414" step="2"/><U43/><E20/><V12/><F12/><W125/><G112/><T37/><D37/><U13/><E13/><V47/><F15/><W9/><G2/><T130/><D130/><U40/><E66/><V17/><F8/><W63/><G115/><T46/><D46/><U36/><E58/><V30/><F10/><W62/><G114/><T32/><D32/><U65/><E65/><V109/><F45/><W103/><G125/><T126/><D126/><U42/><REACH who="1" step="1"/><E36/><REACH who="1" ten="155,159,252,414" step="2"/><V67/><F56/><W34/><G7/><T82/><D82/><U91/><E91/><V35/><F88/><W52/><G4/><T123/><D123/><U11/><E11/><V99/><F109/><W24/><G9/><T53/><AGARI ba="2,2" hai="18,21,26,44,51,53,57,61,64,68,69,98,102,107" machi="53" ten="20,2700,0" yaku="1,1,0,1,7,1,53,0" doraHai="77" doraHaiUra="27" who="0" fromWho="0" sc="155,53,159,-9,252,-9,414,-15" />
</Scene>
<Scene>
<INIT seed="4,0,0,0,5,45" ten="208,150,243,399" oya="0" hai0="41,36,85,75,113,39,124,117,128,72,34,26,10" hai1="130,40,7,89,25,104,93,74,13,131,122,58,94" hai2="87,29,37,114,0,61,118,50,48,91,69,27,60" hai3="80,95,109,55,79,90,49,66,88,5,106,38,68"/><T20/><D117/><U132/><E122/><V110/><F118/><W121/><G109/><T102/><D34/><U6/><E104/><V92/><F110/><W133/><G121/><T17/><D113/><U84/><E74/><V111/><F111/><W53/><G133/><T100/><D124/><U123/><E123/><V57/><F37/><W107/><G38/><T127/><D127/><U82/><E132/><V15/><F0/><W105/><G5/><T21/><D10/><U112/><E40/><V63/><F114/><W135/><G135/><T30/><D85/><U96/><E112/><V28/><F69/><W18/><G18/><T56/><D56/><U19/><E25/><V4/><F57/><W46/><G55/><T99/><D128/><U97/><E58/><V83/><F83/><W103/><G103/><T23/><D23/><N who="1" m="11759" /><E131/><V35/><REACH who="2" step="1"/><F29/><REACH who="2" ten="208,150,233,399" step="2"/><W12/><G68/><T126/><D126/><U2/><E130/><V33/><F33/><W1/><G1/><T78/><D39/><U11/><E2/><V8/><AGARI ba="0,1" hai="4,8,15,27,28,35,48,50,60,61,63,87,91,92" machi="8" ten="30,7900,0" yaku="1,1,0,1,52,2,53,0" doraHai="45" doraHaiUra="52" who="2" fromWho="2" sc="208,-39,150,-20,233,89,399,-20" />
</Scene>
<Scene>
<INIT seed="5,0,0,1,5,101" ten="169,130,322,379" oya="1" hai0="105,126,98,71,40,86,47,111,57,94,59,45,124" hai1="113,2,11,132,130,25,21,4,26,6,35,100,53" hai2="16,65,52,27,0,55,13,18,118,29,104,79,9" hai3="107,93,82,56,42,34,54,24,43,5,1,30,67"/><U46/><E100/><V88/><F118/><W133/><G133/><T97/><D71/><U123/><E46/><V61/><F79/><W91/><G107/><T19/><D111/><U22/><E53/><V76/><F76/><W78/><G67/><T103/><D86/><U119/><E123/><V37/><F37/><W110/><G1/><T121/><D19/><N who="1" m="12511" /><E119/><V99/><F0/><W129/><G5/><T15/><D121/><U12/><E132/><V10/><F10/><W17/><G17/><T31/><D40/><U62/><E62/><V73/><F73/><W39/><G129/><T69/><D69/><U112/><E130/><V131/><F131/><W63/><G110/><T23/><D103/><U134/><E134/><V95/><F104/><W125/><G125/><T48/><D105/><U102/><E102/><V128/><F128/><W108/><G39/><T28/><D48/><U84/><E84/><V81/><F81/><W50/><G50/><T80/><D80/><U20/><E6/><V44/><F44/><W87/><G108/><T122/><D122/><U68/><E68/><V135/><F135/><W49/><G49/><T109/><D109/><U70/><E70/><V115/><F115/><N who="1" m="44105" /><E2/><V116/><F116/><W51/><G51/><T66/><D66/><U14/><E14/><V41/><F41/><W96/><AGARI ba="0,0" hai="24,30,34,42,43,54,56,63,78,82,87,91,93,96" machi="96" ten="20,1500,0" yaku="0,1,7,1" doraHai="101" who="3" fromWho="3" sc="169,-4,130,-7,322,-4,379,15" />
</Scene>
<Scene>
<INIT seed="6,0,0,4,1,76" ten="165,123,318,394" oya="2" hai0="127,1,113,123,93,94,71,9,95,56,68,73,116" hai1="118,115,50,8,30,40,38,28,101,79,91,33,82" hai2="98,102,114,119,62,42,6,2,69,20,109,90,34" hai3="72,77,21,106,5,63,10,129,27,96,67,104,111"/><V46/><F119/><W3/><G111/><T89/><D123/><U120/><E118/><V75/><F34/><W26/><G129/><T41/><D116/><U17/><E115/><V32/><F32/><W47/><G47/><T74/><D113/><U49/><E120/><V52/><F75/><W80/><G96/><T121/><D121/><U24/><E30/><V7/><F114/><W51/><G51/><T29/><D29/><U131/><E101/><V126/><F109/><W99/><G99/><T19/><D41/><U70/><E70/><V48/><F126/><W124/><G124/><T16/><D127/><U134/><E131/><V61/><F2/><W132/><G132/><T117/><D117/><U122/><E122/><V54/><F20/><W12/><G12/><T4/><D56/><U107/><E107/><V125/><F125/><W39/><G39/><T44/><D44/><U11/><E134/><V15/><F69/><W60/><G27/><T65/><D71/><U100/><E100/><V37/><F37/><W92/><G92/><T83/><D73/><U31/><E31/><V110/><F110/><W14/><G3/><T23/><D23/><U112/><E112/><V43/><F43/><W13/><G13/><T81/><D74/><U53/><E38/><V84/><F15/><W85/><G72/><T0/><D0/><U86/><E40/><V45/><F42/><W36/><G36/><T105/><D105/><N who="3" m="40553" /><G67/><T88/><D65/><U133/><E133/><V128/><F128/><W64/><G64/><T103/><D68/><U108/><E108/><V66/><F66/><RYUUKYOKU ba="0,0" sc="165,-10,123,-10,318,-10,394,30" hai3="5,10,14,21,26,60,63,77,80,85" />
</Scene>
<Scene>
<INIT seed="7,1,0,4,5,68" ten="155,113,308,424" oya="3" hai0="106,121,84,112,50,40,118,130,72,76,44,71,45" hai1="86,108,30,135,133,22,5,23,42,10,116,96,66" hai2="54,51,104,122,115,69,105,38,93,95,52,58,7" hai3="70,91,111,131,9,49,15,56,103,89,1,8,81"/><W64/><G70/><T47/><D118/><U67/><E86/><V4/><F51/><W109/><G131/><T100/><D121/><U55/><E55/><V82/><F58/><W48/><G103/><T124/><D71/><U77/><E77/><V132/><F69/><W41/><G1/><T98/><D130/><U33/><E96/><V28/><F82/><W127/><G127/><T97/><D124/><U60/><E42/><V27/><F27/><W32/><G32/><T12/><D112/><U43/><E43/><V13/><F13/><W26/><G26/><T31/><D31/><U110/><E60/><V14/><F14/><W129/><G129/><T62/><D72/><U125/><E125/><V29/><F132/><N who="1" m="50761" /><E67/><V119/><F119/><W94/><G81/><N who="0" m="47143" /><D106/><U75/><E66/><V87/><F87/><N who="3" m="52543" /><G91/><T134/><D134/><U18/><E75/><V117/><F117/><W20/><G20/><N who="1" m="7722" /><E116/><V123/><REACH who="2" step="1"/><F115/><REACH who="2" ten="155,113,298,424" step="2"/><W92/><G15/><T79/><D62/><U39/><E39/><AGARI ba="1,1" hai="4,7,28,29,38,39,52,54,93,95,104,105,122,123" machi="39" ten="25,12000,2" yaku="1,1,2,1,22,2,52,2,54,1,53,0" doraHai="68" doraHaiUra="57" who="2" fromWho="1" sc="155,0,113,-123,298,133,424,0" owari="155,-24.0,-10,-51.0,431,53.0,424,22.0" />
</Scene>
</mjloggm>