<mjloggm ver="2.3"><GO type="169" lobby="0"/><UN n0="%E5%A4%AA%E3%81%8F%E3%81%AA%E3%81%84%E3%81%8A" n1="%E3%81%84%E3%81%9F%E3%83%92%E3%83%AD" n2="%6B%6F%6A%69%6D%6F%6E%39" n3="%E3%82%82%E3%81%90%EF%BD%92%EF%BD%92%EF%BD%92%EF%BD%92%EF%BD%92" dan="19,16,16,16" rate="2276.69,2131.94,2099.85,2131.54" sx="F,M,M,M"/><TAIKYOKU oya="0"/>

<Scene>
<INIT seed="0,0,0,3,3,131" ten="250,250,250,250" oya="0" hai0="70,76,91,75,51,30,26,79,106,94,113,23,110" hai1="34,129,9,5,58,109,22,69,123,59,122,52,127" hai2="35,97,118,67,84,17,25,96,55,11,36,46,112" hai3="119,124,121,1,42,102,0,66,99,20,65,15,93"/><T87/><D113/><U105/><E34/><V135/><F112/><W19/><G121/><T71/><D106/><U115/><E69/><V114/><F114/><W63/><G124/><T47/><D110/><U100/><E115/><V40/><F67/><W133/><G119/><T117/><D117/><U41/><E41/><V50/><F118/><W77/><G77/><T16/><D75/><U43/><E43/><V37/><F37/><W104/><G66/><T61/><D71/><U120/><E59/><V14/><F135/><W7/><G7/><T95/><D70/><U89/><E89/><V90/><F25/><W4/><G4/><T44/><D61/><U3/><E127/><V132/><F132/><W101/><G133/><T88/><D30/><U49/><E129/><V38/><F35/><W107/><G42/><N who="0" m="24983" /><D47/><U98/><REACH who="1" step="1"/><E22/><REACH who="1" ten="250,240,250,250" step="2"/><V12/><F38/><W81/><G20/><T72/><D72/><U48/><E48/><V53/><F36/><W13/><G63/><T74/><D74/><U18/><E18/><V111/><F40/><W24/><G19/><T73/><D73/><U31/><E31/><V28/><F28/><W85/><G101/><T126/><D126/><U62/><E62/><V39/><F39/><W128/><G102/><T78/><D91/><U103/><E103/><V54/><F90/><W116/><G128/><T21/><D23/><U92/><E92/><AGARI ba="0,1" hai="16,21,26,76,78,79,87,88,92,94,95" m="24983" machi="92" ten="30,5800,0" yaku="8,1,54,2" doraHai="131" who="0" fromWho="1" sc="250,68,240,-58,250,0,250,0" />
</Scene>
<Scene>
<INIT seed="0,1,0,0,5,68" ten="318,182,250,250" oya="0" hai0="129,66,105,128,37,110,13,12,47,18,57,22,126" hai1="132,79,94,124,130,6,35,81,38,31,106,117,41" hai2="77,43,30,125,114,131,27,99,28,120,32,39,21" hai3="121,135,14,44,82,104,69,96,72,25,78,9,58"/><T83/><D105/><U50/><E106/><V45/><F120/><W100/><G121/><T90/><D126/><U95/><E117/><V63/><F114/><W56/><G69/><T98/><D110/><U103/><E124/><V10/><F125/><W92/><G135/><T19/><D66/><U127/><E127/><V42/><F131/><N who="0" m="50250" /><D57/><U54/><E132/><V112/><F112/><W48/><G25/><N who="0" m="14551" /><D19/><U107/><E107/><V26/><F43/><W84/><G72/><T2/><D2/><U76/><E6/><V4/><F77/><W71/><G71/><T85/><D98/><U49/><E35/><V73/><F73/><W53/><REACH who="3" step="1"/><G104/><REACH who="3" ten="318,182,250,240" step="2"/><T70/><D70/><U119/><E119/><V51/><F99/><W111/><G111/><T102/><D102/><U113/><E103/><V87/><F87/><W34/><G34/><T67/><D67/><U52/><E130/><V29/><F30/><W65/><G65/><T115/><D115/><U46/><E31/><V116/><F116/><W36/><G36/><T64/><D64/><U15/><E38/><V88/><F39/><W122/><G122/><T23/><D23/><U93/><E113/><V1/><F32/><W134/><G134/><T3/><D3/><U8/><E8/><V20/><F21/><W89/><G89/><T118/><D118/><U60/><E79/><V97/><F28/><W7/><AGARI ba="1,1" hai="7,9,14,44,48,53,56,58,78,82,84,92,96,100" machi="7" ten="20,8000,1" yaku="1,1,0,1,7,1,8,1,53,1" doraHai="68" doraHaiUra="74" who="3" fromWho="3" sc="318,-41,182,-21,250,-21,240,93" />
</Scene>
<Scene>
<INIT seed="1,0,0,5,2,116" ten="277,161,229,333" oya="1" hai0="11,32,122,108,110,29,26,8,7,97,47,79,105" hai1="134,135,84,102,50,12,103,10,117,58,61,5,40" hai2="86,65,128,73,60,126,3,62,24,131,80,114,4" hai3="38,99,127,118,54,119,96,121,30,115,70,130,15"/><U66/><E117/><N who="3" m="44554" /><G70/><T9/><D79/><U83/><E135/><V14/><F73/><W13/><G38/><T37/><D105/><U17/><E134/><V21/><F114/><W113/><G30/><T35/><D97/><N who="3" m="37449" /><G130/><N who="2" m="49705" /><F3/><W125/><G54/><T39/><D35/><U59/><E17/><N who="2" m="12335" /><F126/><N who="3" m="48139" /><G121/><T19/><D37/><U92/><E92/><V46/><F46/><W53/><G53/><T63/><D63/><U87/><E87/><V33/><F33/><W67/><G67/><T88/><D39/><U34/><E34/><V101/><F101/><W104/><G104/><T112/><D47/><N who="1" m="25959" /><E59/><V49/><F65/><W23/><G23/><T91/><D122/><U82/><E82/><V36/><F36/><W2/><G2/><T41/><D41/><U78/><AGARI ba="0,0" hai="5,10,12,58,61,66,78,83,84,102,103" m="25959" machi="78" ten="30,3000,0" yaku="25,1,8,1" doraHai="116" who="1" fromWho="1" sc="277,-10,161,30,229,-10,333,-10" />
</Scene>
<Scene>
<INIT seed="1,1,0,0,5,32" ten="267,191,219,323" oya="1" hai0="1,96,116,72,68,61,115,20,15,75,30,41,132" hai1="36,95,106,105,49,93,40,108,119,76,86,45,69" hai2="64,99,123,121,67,127,44,89,65,35,120,97,11" hai3="87,98,38,110,48,107,135,53,56,5,57,73,21"/><U77/><E69/><V133/><F35/><W62/><G73/><T17/><D115/><U63/><E119/><V31/><F31/><W34/><G34/><T51/><D116/><U18/><E108/><V129/><F129/><W70/><G70/><T10/><D132/><U50/><E63/><V71/><F71/><W111/><G38/><T101/><D41/><U47/><E36/><V109/><F109/><N who="3" m="41483" /><G135/><T33/><D51/><U131/><E18/><V81/><F133/><W122/><G122/><T4/><D61/><U80/><E131/><V82/><F127/><W59/><G5/><T66/><D66/><U8/><E8/><V26/><F26/><W113/><G113/><T112/><D112/><U125/><E125/><V74/><F74/><W39/><G39/><T79/><D79/><U88/><E93/><V118/><F118/><W28/><G87/><T29/><D29/><U102/><E102/><V13/><F44/><N who="3" m="27783" /><G98/><T27/><REACH who="0" step="1"/><D68/><REACH who="0" ten="257,191,219,323" step="2"/><U60/><E60/><V84/><REACH who="2" step="1"/><F82/><REACH who="2" ten="257,191,209,323" step="2"/><W23/><G28/><T19/><D19/><AGARI ba="1,2" hai="11,13,19,64,65,67,81,84,89,97,99,120,121,123" machi="19" ten="50,3200,0" yaku="1,1,2,1,53,0" doraHai="32" doraHaiUra="58" who="2" fromWho="0" sc="257,-35,191,0,209,55,323,0" />
</Scene>
<Scene>
<INIT seed="2,0,0,1,3,95" ten="222,191,264,323" oya="2" hai0="87,65,92,9,10,126,60,12,66,61,99,103,41" hai1="135,42,84,22,115,50,128,36,54,69,1,31,32" hai2="79,14,123,43,29,113,120,28,20,71,52,74,107" hai3="59,97,119,114,111,83,46,33,25,134,124,76,24"/><V91/><F71/><W86/><G119/><T0/><D126/><U38/><E69/><V39/><F107/><W4/><G124/><T68/><D41/><U5/><E115/><V30/><F113/><W55/><G114/><T17/><D87/><U85/><E32/><V80/><F91/><W106/><G33/><T88/><D103/><U96/><E135/><V62/><F43/><W72/><G134/><T101/><D101/><U100/><E128/><V19/><REACH who="2" step="1"/><F39/><REACH who="2" ten="222,191,254,323" step="2"/><W118/><G106/><T131/><D131/><U21/><E42/><V44/><F44/><W130/><G46/><T47/><D47/><U129/><E129/><V34/><F34/><W53/><G130/><T27/><D68/><U89/><E38/><V37/><F37/><W77/><G118/><T104/><D104/><U112/><E36/><V40/><F40/><W102/><G102/><T63/><REACH who="0" step="1"/><D27/><REACH who="0" ten="212,191,254,323" step="2"/><U122/><E112/><V11/><F11/><W7/><G24/><T67/><D67/><U133/><E100/><V48/><F48/><W132/><G25/><T105/><D105/><U57/><E50/><V64/><F64/><W94/><G132/><T98/><D98/><U93/><E96/><V109/><F109/><W78/><G111/><T6/><AGARI ba="0,2" hai="0,6,9,10,12,17,60,61,63,65,66,88,92,99" machi="6" ten="30,7900,0" yaku="1,1,0,1,52,1,54,1,53,0" doraHai="95" doraHaiUra="127" who="0" fromWho="0" sc="212,99,191,-20,254,-39,323,-20" />
</Scene>
<Scene>
<INIT seed="3,0,0,5,5,91" ten="311,171,215,303" oya="3" hai0="50,129,0,52,8,11,123,103,73,68,96,107,7" hai1="29,113,65,125,108,64,34,59,79,4,31,92,21" hai2="105,35,17,77,62,85,53,43,82,40,71,47,80" hai3="3,6,130,22,25,33,132,36,102,56,5,51,72"/><W109/><G36/><T55/><D123/><U58/><E34/><V101/><F35/><W69/><G69/><T18/><D68/><U89/><E113/><V111/><F111/><W70/><G70/><T12/><D73/><U19/><E4/><V83/><F101/><W54/><G72/><T60/><D60/><U97/><E79/><V20/><F105/><W57/><G109/><T46/><REACH who="0" step="1"/><D129/><REACH who="0" ten="301,171,215,303" step="2"/><U87/><E108/><V66/><F43/><AGARI ba="0,1" hai="0,7,8,11,12,18,43,46,50,52,55,96,103,107" machi="43" ten="30,7700,0" yaku="1,1,2,1,7,1,54,1,53,0" doraHai="91" doraHaiUra="117" who="0" fromWho="2" sc="301,87,171,0,215,-77,303,0" />
</Scene>
<Scene>
<INIT seed="4,0,0,5,1,93" ten="388,171,138,303" oya="0" hai0="50,6,89,51,48,15,60,35,131,18,70,77,84" hai1="32,69,87,28,82,55,134,39,26,95,19,125,57" hai2="10,74,124,100,42,117,22,56,119,45,92,108,112" hai3="96,99,38,37,109,101,21,46,121,40,81,44,14"/><T62/><D35/><U105/><E105/><V86/><F74/><W24/><G109/><T130/><D77/><U116/><E69/><V80/><F112/><W107/><G121/><T115/><D6/><U53/><E116/><V102/><F108/><W72/><G14/><T8/><D115/><U114/><E114/><V133/><F133/><W25/><G72/><T78/><D78/><U120/><E39/><V29/><F56/><W104/><G81/><N who="0" m="49295" /><D70/><U13/><E125/><V31/><F10/><W63/><G63/><T132/><D132/><U41/><E41/><V33/><F33/><W49/><G21/><T76/><D76/><U17/><E120/><V0/><F0/><W5/><G5/><T66/><D66/><U73/><E73/><V58/><F124/><W36/><G44/><T103/><D103/><AGARI ba="0,0" hai="24,25,36,37,38,40,46,49,96,99,101,103,104,107" machi="103" ten="40,5200,0" yaku="9,1,52,2" doraHai="93" who="3" fromWho="0" sc="388,-52,171,0,138,0,303,52" />
</Scene>
<Scene>
<INIT seed="5,0,0,1,0,54" ten="336,171,138,355" oya="1" hai0="98,99,68,38,7,135,61,101,8,66,130,92,71" hai1="9,49,131,87,59,122,90,2,111,81,5,120,14" hai2="69,104,56,35,31,39,123,91,67,82,6,62,86" hai3="127,17,75,102,76,44,34,57,133,112,26,48,47"/><U88/><E111/><V74/><F123/><W84/><G75/><T134/><D38/><U89/><E2/><V110/><F110/><W13/><G112/><T77/><D130/><U46/><E131/><V51/><F104/><W0/><G0/><T96/><D71/><U10/><E10/><V30/><F74/><W40/><G127/><T125/><D77/><U78/><REACH who="1" step="1"/><E59/><REACH who="1" ten="336,161,138,355" step="2"/><V23/><F35/><W79/><G57/><T45/><D125/><U72/><E72/><V64/><F67/><W20/><G34/><T105/><D8/><U70/><E70/><V80/><F69/><W3/><G3/><T93/><D66/><U29/><E29/><V43/><F31/><W58/><G58/><T103/><D68/><U85/><E85/><V41/><F30/><W115/><G84/><T21/><D135/><U83/><E83/><V107/><F82/><W108/><G133/><T22/><D134/><U118/><E118/><V12/><F107/><W53/><G108/><T50/><D105/><U28/><E28/><V36/><F80/><W119/><G119/><T37/><D93/><U114/><E114/><V11/><F86/><W126/><G115/><T73/><D92/><U33/><E33/><V121/><F11/><W19/><G126/><T100/><D73/><U117/><E117/><V113/><F113/><W60/><G19/><T18/><D18/><U24/><E24/><V128/><F128/><W25/><G25/><T106/><D106/><U42/><AGARI ba="0,1" hai="5,9,14,42,46,49,78,81,87,88,89,90,120,122" machi="42" ten="30,12000,1" yaku="1,1,0,1,25,2,54,1,53,0" doraHai="54" doraHaiUra="55" who="1" fromWho="1" sc="336,-40,161,130,138,-40,355,-40" />
</Scene>
<Scene>
<INIT seed="5,1,0,2,4,134" ten="296,291,98,315" oya="1" hai0="80,79,61,57,20,35,11,84,62,4,121,135,99" hai1="52,22,133,93,112,19,110,109,82,89,3,41,55" hai2="118,58,76,123,106,72,39,68,27,81,83,115,117" hai3="12,125,94,46,113,24,71,8,32,116,2,66,42"/><U43/><E3/><V45/><F58/><W129/><G2/><T31/><D135/><U16/><E133/><V96/><F123/><W0/><G0/><T60/><D35/><U10/><E82/><V29/><F115/><W120/><G120/><T53/><D121/><U95/><E10/><V56/><F56/><W88/><G66/><T124/><D124/><U67/><E67/><V74/><F68/><W33/><G71/><T97/><D31/><U54/><E112/><V37/><F96/><N who="0" m="36938" /><D20/><U86/><E95/><V14/><F14/><AGARI ba="1,0" hai="4,11,14,53,57,60,61,62,79,80,84" m="36938" machi="14" ten="30,1000,0" yaku="8,1" doraHai="134" who="0" fromWho="2" sc="296,13,291,0,98,-13,315,0" />
</Scene>
<Scene>
<INIT seed="6,0,0,4,3,0" ten="309,291,85,315" oya="2" hai0="15,39,33,71,32,50,89,126,127,91,20,13,132" hai1="35,29,5,75,128,104,36,107,78,93,119,87,84" hai2="16,97,18,49,58,56,134,45,7,17,44,6,72" hai3="80,37,59,92,121,82,11,73,2,21,9,74,116"/><V40/><F72/><W117/><G37/><T42/><D39/><U115/><E36/><V77/><F77/><W52/><G121/><T43/><D71/><U85/><E35/><V129/><F129/><W133/><G92/><T114/><D114/><U65/><E65/><V3/><F3/><W48/><G21/><T12/><D20/><U95/><E29/><V86/><F86/><N who="1" m="33385" /><E5/><V26/><F134/><W108/><G108/><T53/><D132/><U10/><E10/><V81/><F81/><W131/><G133/><T57/><D32/><U94/><E119/><V102/><F45/><W8/><G131/><T88/><D33/><U63/><E63/><V62/><F26/><W64/><G2/><T106/><D106/><N who="1" m="40491" /><E115/><V118/><F118/><W24/><G24/><T22/><D22/><U67/><E67/><N who="2" m="39367" /><F58/><W135/><G135/><T83/><REACH who="0" step="1"/><D83/><REACH who="0" ten="299,291,85,315" step="2"/><N who="1" m="45535" /><E128/><V123/><F123/><W25/><G116/><T110/><D110/><U70/><E70/><V100/><F100/><W98/><G117/><T30/><D30/><U130/><E130/><V28/><F28/><W103/><G73/><T90/><N who="0" m="23040" /><DORA hai="38" /><T76/><D76/><U19/><E87/><V41/><F41/><AGARI ba="0,1" hai="12,13,15,41,42,43,50,53,57,126,127" m="23040" machi="41" ten="60,8000,1" yaku="1,1,52,3,54,1,53,0" doraHai="0,38" doraHaiUra="61,79" who="0" fromWho="2" sc="299,90,291,0,85,-80,315,0" />
</Scene>
<Scene>
<INIT seed="7,0,0,1,4,77" ten="389,291,5,315" oya="3" hai0="18,60,65,89,51,120,87,21,79,135,100,2,112" hai1="53,8,32,134,5,105,118,71,12,121,35,47,45" hai2="95,20,46,104,25,54,30,114,107,85,10,56,6" hai3="101,86,128,93,80,91,99,109,116,33,62,102,108"/><W3/><G3/><T23/><D120/><U98/><E71/><V43/><F114/><W34/><G62/><T83/><D2/><U117/><E121/><V133/><F133/><W48/><G48/><T96/><D135/><U67/><E67/><V74/><F74/><W42/><G42/><T92/><D112/><U110/><E110/><N who="3" m="42602" /><G116/><T111/><D111/><U13/><E134/><V82/><F107/><N who="3" m="63935" /><G128/><T59/><D51/><U113/><E113/><V38/><F104/><W69/><G69/><T76/><D23/><U41/><E105/><V130/><F130/><W29/><G29/><T11/><D11/><U131/><E98/><AGARI ba="0,0" hai="33,34,80,86,91,93,98,102" m="63935,42602" machi="98" ten="30,2900,0" yaku="10,1,52,1" doraHai="77" who="3" fromWho="1" sc="389,0,291,-29,5,0,315,29" />
</Scene>
<Scene>
<INIT seed="7,1,0,1,4,94" ten="389,262,5,344" oya="3" hai0="81,36,130,25,71,90,9,23,116,26,14,106,100" hai1="126,50,47,61,0,32,24,42,91,103,12,34,28" hai2="70,53,1,11,18,10,120,21,87,108,31,62,15" hai3="74,127,82,93,3,85,56,22,67,115,86,57,135"/><W59/><G3/><T64/><D116/><U122/><E0/><V35/><F87/><W2/><G2/><T113/><D36/><U112/><E122/><V38/><F53/><W55/><G74/><T80/><D130/><U7/><E126/><V92/><F92/><W76/><G127/><T96/><D113/><U54/><E112/><V117/><F62/><W20/><G115/><T41/><D41/><U52/><E34/><V107/><F31/><W133/><G67/><T37/><D37/><U48/><E61/><V68/><F21/><W13/><G55/><T46/><D46/><U63/><E63/><V104/><F18/><W30/><G30/><T16/><D71/><U123/><E123/><V51/><F51/><W128/><G128/><T33/><D64/><U125/><E125/><V49/><F49/><W66/><G66/><T5/><D90/><U109/><E109/><V19/><F15/><W4/><G135/><T98/><D98/><U45/><E42/><V77/><F77/><W124/><G124/><T27/><REACH who="0" step="1"/><D33/><REACH who="0" ten="379,262,5,344" step="2"/><U73/><E73/><V95/><F35/><W58/><N who="3" m="14336" /><DORA hai="72" /><W17/><G133/><T43/><D43/><U89/><REACH who="1" step="1"/><E103/><REACH who="1" ten="379,252,5,344" step="2"/><V118/><F117/><W65/><G65/><T102/><D102/><U78/><E78/><V111/><F118/><W6/><G22/><T88/><D88/><AGARI ba="1,2" hai="4,6,13,17,20,76,82,85,86,88,93" m="14336" machi="88" ten="50,9600,0" yaku="8,1,52,1,54,1" doraHai="94,72" who="3" fromWho="0" sc="379,-99,252,0,5,0,344,119" owari="280,8.0,252,-15.0,5,-49.0,463,56.0" />
</Scene>
</mjloggm>