<mjloggm ver="2.3"><GO type="169" lobby="0"/><UN n0="%E3%82%AB%E3%83%95%E3%82%A7%E3%83%AC%E3%82%AA" n1="%6F%6E%65%73%74%61%72" n2="%74%6E%66%73%68%32%30%34" n3="%E5%A4%AA%E3%81%8F%E3%81%AA%E3%81%84%E3%81%8A" dan="16,17,17,18" rate="2113.45,2161.72,2229.29,2248.54" sx="F,M,M,F"/><TAIKYOKU oya="0"/>

<Scene>
<INIT seed="0,0,0,4,2,31" ten="250,250,250,250" oya="0" hai0="41,11,109,51,55,77,12,46,37,80,14,63,53" hai1="94,121,103,16,33,58,125,120,73,70,15,40,21" hai2="130,78,69,101,116,10,18,86,119,34,9,126,1" hai3="71,97,100,84,49,113,95,134,104,52,112,48,81"/><T111/><D63/><U44/><E70/><V19/><F69/><W5/><G71/><T29/><D29/><U87/><E73/><V38/><F38/><W62/><G134/><T123/><D123/><U13/><E125/><V60/><F126/><W8/><G104/><T32/><D32/><U7/><E58/><V82/><F34/><W4/><G62/><T42/><D42/><U39/><E33/><V45/><F130/><W89/><G49/><T102/><D102/><U105/><E105/><V64/><F45/><W93/><G93/><T25/><D25/><U26/><E87/><V2/><F101/><W76/><G100/><T24/><D24/><U83/><E83/><V59/><F2/><W96/><G96/><T72/><D37/><U92/><E92/><V114/><F114/><W135/><G135/><T108/><REACH who="0" step="1"/><D14/><REACH who="0" ten="240,250,250,250" step="2"/><U65/><E13/><V47/><F60/><W27/><G27/><T110/><N who="0" m="27648" /><DORA hai="90" /><T56/><D56/><U75/><E15/><V28/><F59/><W36/><G36/><T88/><D88/><U54/><E39/><V106/><F28/><W3/><REACH who="3" step="1"/><G5/><AGARI ba="0,1" hai="5,11,12,41,46,51,53,55,72,77,80" m="27648" machi="5" ten="70,12000,1" yaku="1,1,14,1,10,1,53,0" doraHai="31,90" doraHaiUra="85,66" who="0" fromWho="3" sc="240,130,250,0,250,0,250,-120" />
</Scene>
<Scene>
<INIT seed="0,1,0,4,3,44" ten="370,250,250,130" oya="0" hai0="51,120,104,72,75,69,66,18,47,83,55,97,13" hai1="76,30,48,82,102,53,90,54,6,99,62,108,35" hai2="58,114,49,60,70,4,24,105,84,26,19,3,59" hai3="131,123,64,130,80,95,116,16,52,107,121,100,128"/><T71/><D120/><N who="3" m="46153" /><G116/><T14/><D104/><U98/><E108/><V81/><F114/><W10/><G107/><T135/><D135/><U39/><E39/><V34/><F105/><W15/><G64/><T25/><D97/><U0/><E30/><V110/><F34/><W113/><G113/><T31/><D83/><U9/><E35/><V129/><F110/><W133/><G133/><T67/><D75/><U124/><E124/><V77/><F70/><W2/><G80/><T87/><D87/><U7/><E7/><V23/><F3/><W12/><G2/><T5/><D72/><U112/><E90/><V63/><F4/><N who="3" m="3143" /><G95/><T96/><D71/><U46/><E102/><V86/><F81/><W22/><G100/><T37/><D37/><U78/><E112/><V50/><F77/><W91/><G91/><T89/><D69/><U85/><REACH who="1" step="1"/><E78/><REACH who="1" ten="370,240,250,130" step="2"/><V125/><F125/><W68/><G68/><T132/><D89/><U111/><E111/><V88/><F88/><W32/><G32/><T109/><D109/><U38/><E38/><V119/><F119/><W42/><G42/><T40/><D40/><U11/><E11/><V134/><F134/><W61/><G131/><T115/><D115/><U41/><E41/><V126/><F126/><W45/><G61/><T92/><D132/><U1/><E1/><V43/><F129/><W21/><G21/><T29/><D96/><U122/><E122/><V20/><F43/><W33/><G33/><T36/><D36/><U93/><E93/><V103/><F103/><W73/><G130/><T74/><D92/><U17/><E17/><AGARI ba="1,1" hai="17,19,20,23,24,26,49,50,58,59,60,63,84,86" machi="17" ten="25,12000,2" yaku="6,1,22,2,8,1,52,2" doraHai="44" who="2" fromWho="1" sc="370,0,240,-123,250,133,130,0" />
</Scene>
<Scene>
<INIT seed="1,0,0,3,0,67" ten="370,117,383,130" oya="1" hai0="131,82,117,129,15,124,97,69,78,71,84,61,40" hai1="132,73,112,46,94,83,96,90,107,121,21,66,22" hai2="120,108,54,53,65,0,62,18,135,48,43,32,27" hai3="3,103,33,99,56,88,72,126,49,28,51,87,42"/><U6/><E112/><V127/><F120/><W110/><G72/><T19/><D117/><U2/><E132/><V60/><F135/><W133/><G133/><T11/><D124/><U44/><E121/><V7/><F127/><W91/><G126/><T125/><D125/><U79/><E66/><V102/><F102/><W100/><G3/><T59/><D97/><U63/><E63/><V128/><F128/><N who="0" m="49226" /><D40/><U13/><E107/><V123/><F123/><W26/><G110/><T93/><D93/><U115/><E115/><V23/><F62/><W36/><G36/><T24/><D24/><U85/><E73/><V58/><F108/><W122/><G122/><T81/><D82/><U20/><REACH who="1" step="1"/><E2/><REACH who="1" ten="370,107,383,130" step="2"/><V116/><F0/><W68/><G68/><T39/><D61/><U5/><E5/><V47/><F7/><W74/><G74/><T105/><D105/><U80/><E80/><V70/><F60/><W50/><G56/><T106/><D59/><U37/><E37/><V64/><F58/><W35/><G51/><T118/><D39/><U57/><E57/><N who="2" m="32935" /><F65/><W30/><G50/><T8/><D106/><U95/><E95/><V9/><F64/><W31/><G49/><T134/><D134/><U86/><E86/><V114/><F114/><W14/><G87/><T1/><D118/><U41/><E41/><V76/><F43/><W89/><G42/><T17/><D1/><U55/><E55/><V34/><F54/><W113/><G113/><T77/><D69/><U52/><E52/><V104/><F70/><W109/><G109/><T38/><D71/><U10/><AGARI ba="0,1" hai="6,10,13,20,21,22,44,46,79,83,85,90,94,96" machi="10" ten="30,12000,1" yaku="1,1,5,1,0,1,8,1,53,1" doraHai="67" doraHaiUra="92" who="1" fromWho="1" sc="370,-40,107,130,383,-40,130,-40" />
</Scene>
<Scene>
<INIT seed="1,1,0,3,3,86" ten="330,237,343,90" oya="1" hai0="53,95,113,2,20,118,104,36,71,84,94,33,75" hai1="73,99,58,12,57,103,38,43,19,125,48,23,64" hai2="8,61,92,32,121,67,68,106,100,93,18,98,6" hai3="111,78,108,91,3,79,120,126,54,124,76,85,51"/><U123/><E125/><N who="3" m="48234" /><G3/><T83/><D20/><U40/><E123/><V16/><F121/><W133/><G120/><T0/><D53/><U55/><E73/><V65/><F65/><W29/><G29/><T46/><D46/><U42/><E38/><V70/><F70/><W128/><G128/><T26/><D26/><U62/><REACH who="1" step="1"/><E40/><REACH who="1" ten="330,227,343,90" step="2"/><V102/><F32/><W89/><G133/><T49/><D36/><U7/><E7/><V45/><F6/><W112/><G112/><T82/><D75/><U37/><E37/><V96/><F106/><AGARI ba="1,1" hai="12,19,23,42,43,48,55,57,58,62,64,99,103,106" machi="106" ten="30,5800,0" yaku="1,1,7,1,53,1" doraHai="86" doraHaiUra="97" who="1" fromWho="2" sc="330,0,227,71,343,-61,90,0" />
</Scene>
<Scene>
<INIT seed="1,2,0,2,1,43" ten="330,298,282,90" oya="1" hai0="45,59,110,71,75,27,52,133,128,32,30,108,93" hai1="14,103,73,81,61,46,6,41,26,88,24,124,38" hai2="106,84,131,5,13,31,3,65,101,25,17,115,99" hai3="63,53,130,91,12,64,7,37,107,49,122,36,118"/><U23/><E124/><V119/><F119/><W55/><G107/><T97/><D128/><U95/><E103/><V62/><F131/><W58/><G130/><T132/><D71/><U10/><E61/><V18/><F115/><W70/><G122/><T135/><D75/><U33/><E33/><V39/><F3/><W87/><G118/><T16/><D16/><U114/><E114/><V60/><F62/><W109/><G109/><T44/><D108/><U83/><E73/><V66/><F39/><W40/><G55/><T50/><D110/><U76/><E76/><V8/><F84/><W82/><G7/><T102/><AGARI ba="2,0" hai="27,30,32,44,45,50,52,59,93,97,102,132,133,135" machi="102" ten="30,8000,1" yaku="0,1,20,1,52,2,54,1" doraHai="43" who="0" fromWho="0" sc="330,86,298,-42,282,-22,90,-22" />
</Scene>
<Scene>
<INIT seed="2,0,0,1,3,69" ten="416,256,260,68" oya="2" hai0="22,91,78,1,82,67,59,27,129,19,2,42,47" hai1="55,86,66,8,119,13,133,9,89,110,122,100,17" hai2="77,125,90,118,130,112,14,4,70,49,63,37,23" hai3="74,56,39,65,132,62,12,30,116,61,29,32,68"/><V28/><F118/><W84/><G74/><T134/><D129/><U120/><E110/><V101/><F112/><W85/><G116/><T135/><D91/><U102/><E133/><N who="0" m="50697" /><D59/><U50/><E66/><V113/><F113/><W106/><G132/><T11/><D11/><U52/><E9/><V31/><F90/><W60/><G106/><T131/><D67/><U48/><E48/><V115/><F49/><W128/><G128/><T111/><D111/><U16/><E17/><V107/><F115/><W21/><G32/><T43/><D43/><U26/><E26/><V41/><F130/><W95/><G68/><T114/><D114/><U109/><E109/><V33/><F70/><W24/><G30/><T6/><D6/><U5/><E5/><V92/><F31/><W20/><G61/><T96/><D96/><U87/><E55/><V81/><F63/><W97/><G60/><T58/><D58/><N who="1" m="33047" /><E119/><V15/><F4/><W18/><REACH who="3" step="1"/><G39/><REACH who="3" ten="416,256,260,58" step="2"/><N who="0" m="21983" /><D131/><U36/><E36/><V73/><F37/><W117/><G117/><T40/><D40/><U98/><E122/><V57/><F41/><W88/><AGARI ba="0,1" hai="12,18,20,21,24,29,56,62,65,84,85,88,95,97" machi="88" ten="20,8000,1" yaku="1,1,0,1,7,1,8,1,54,1,53,0" doraHai="69" doraHaiUra="126" who="3" fromWho="3" sc="416,-20,256,-20,260,-40,58,90" />
</Scene>
<Scene>
<INIT seed="3,0,0,5,0,52" ten="396,236,220,148" oya="3" hai0="12,34,2,66,119,14,95,133,5,130,15,35,105" hai1="114,27,74,78,6,60,106,109,77,88,45,41,50" hai2="61,85,125,135,124,84,107,4,76,100,10,129,36" hai3="18,128,79,123,98,43,1,48,20,93,54,101,75"/><W111/><G123/><T57/><D105/><U103/><E114/><V55/><F36/><W42/><G1/><T113/><D119/><U116/><E116/><V46/><F129/><W72/><G128/><T24/><D130/><U47/><E109/><V59/><F135/><W9/><G111/><T22/><D133/><U3/><E27/><V87/><F46/><W56/><G9/><T91/><D113/><U16/><E60/><V117/><F117/><W23/><G23/><T26/><D5/><U7/><E74/><V17/><F17/><W40/><REACH who="3" step="1"/><G79/><REACH who="3" ten="396,236,220,138" step="2"/><T62/><D2/><U94/><E78/><V73/><F76/><W120/><G120/><T83/><D22/><U37/><E77/><V68/><F73/><W90/><G90/><T108/><D91/><U97/><E3/><V53/><F10/><W28/><G28/><T104/><D108/><U110/><E110/><V19/><F4/><W82/><G82/><T44/><D83/><U102/><E16/><V31/><F19/><W127/><G127/><T30/><D30/><U67/><E6/><V126/><F31/><W71/><G71/><T122/><D122/><U65/><E7/><V80/><F68/><W25/><AGARI ba="0,1" hai="18,20,25,40,42,43,48,54,56,72,75,93,98,101" machi="25" ten="30,11700,0" yaku="1,1,0,1,52,1,53,1" doraHai="52" doraHaiUra="89" who="3" fromWho="3" sc="396,-39,236,-39,220,-39,138,127" />
</Scene>
<Scene>
<INIT seed="3,1,0,1,5,6" ten="357,197,181,265" oya="3" hai0="0,109,95,27,80,89,82,125,10,44,11,97,116" hai1="133,59,42,34,50,108,102,120,32,122,117,43,54" hai2="35,22,65,99,94,52,79,101,134,71,56,121,78" hai3="17,106,100,55,41,15,73,13,127,70,51,90,1"/><W132/><G1/><T115/><D116/><U45/><E117/><V38/><F35/><W84/><G70/><T68/><D68/><U24/><E108/><V75/><F38/><W83/><G132/><T126/><D109/><U40/><E133/><V130/><F134/><W111/><G111/><T77/><D115/><U9/><E102/><V14/><F121/><W61/><G127/><N who="0" m="48651" /><D27/><U63/><E34/><V62/><F130/><W30/><G30/><T36/><D0/><U74/><E74/><V3/><F3/><W48/><G73/><N who="0" m="43055" /><D82/><U46/><E32/><V103/><F75/><W76/><G76/><T110/><D110/><U2/><E24/><V58/><F71/><W33/><G33/><T57/><D57/><U85/><E85/><V39/><F39/><W21/><G41/><AGARI ba="1,0" hai="10,11,36,41,44,89,95,97" m="43055,48651" machi="41" ten="30,3900,0" yaku="18,1,52,2" doraHai="6" who="0" fromWho="3" sc="357,42,197,0,181,0,265,-42" />
</Scene>
<Scene>
<INIT seed="4,0,0,1,0,122" ten="399,197,181,223" oya="0" hai0="26,131,7,45,123,82,102,86,135,129,33,112,62" hai1="59,103,13,32,92,63,28,73,104,53,49,88,12" hai2="75,29,70,114,30,58,84,100,101,61,54,119,108" hai3="91,80,97,41,87,16,40,65,66,43,50,14,106"/><T5/><D123/><U118/><E73/><V17/><F75/><W69/><G69/><T44/><D112/><U39/><E118/><V109/><F114/><W20/><G106/><T71/><D102/><U72/><E72/><V1/><F119/><W27/><G97/><T95/><D95/><U48/><E39/><V98/><F1/><W94/><G80/><T51/><D33/><U0/><E0/><V111/><F70/><W4/><G50/><N who="1" m="19562" /><E32/><V8/><F84/><W116/><G116/><T3/><D26/><U81/><E104/><V107/><REACH who="2" step="1"/><F101/><REACH who="2" ten="399,197,171,223" step="2"/><W96/><G87/><T23/><D86/><N who="1" m="52247" /><E103/><V60/><F60/><W120/><G120/><T18/><D62/><U11/><E81/><V25/><F25/><W36/><G36/><T125/><D82/><U126/><E126/><V78/><F78/><W52/><G27/><T55/><D125/><U67/><E13/><AGARI ba="0,1" hai="8,13,17,29,30,54,58,61,98,100,107,108,109,111" machi="13" ten="40,8000,1" yaku="1,1,52,3,53,0" doraHai="122" doraHaiUra="133" who="2" fromWho="1" sc="399,0,197,-80,171,90,223,0" />
</Scene>
<Scene>
<INIT seed="5,0,0,3,4,126" ten="399,117,261,223" oya="1" hai0="25,118,75,98,40,26,60,61,119,84,121,133,120" hai1="85,125,65,48,108,93,82,9,78,135,39,19,18" hai2="23,88,38,110,94,90,91,12,20,124,130,68,104" hai3="5,123,47,45,129,35,33,43,111,54,114,76,74"/><U44/><E125/><V2/><F124/><W109/><G123/><N who="0" m="47179" /><D75/><U117/><E135/><V51/><F110/><W106/><G106/><T50/><D133/><U63/><E117/><V3/><F38/><W17/><G17/><T49/><D98/><U95/><E39/><V71/><F104/><W21/><G21/><T16/><D84/><U132/><E132/><V69/><F94/><W134/><G134/><T14/><D61/><U64/><E108/><V11/><F51/><N who="0" m="19466" /><D40/><U128/><E128/><V89/><F130/><W66/><G5/><T87/><D87/><U0/><E65/><V6/><N who="2" m="22528" /><DORA hai="105" /><V80/><REACH who="2" step="1"/><F80/><REACH who="2" ten="399,117,251,223" step="2"/><W131/><G109/><T36/><D36/><U22/><E95/><V59/><F59/><W56/><G56/><T42/><D119/><U62/><E93/><V28/><F28/><W81/><G111/><T86/><D118/><U112/><E62/><V99/><F99/><W46/><G131/><T4/><D60/><U79/><E82/><V107/><F107/><W27/><G129/><T32/><D42/><U72/><E63/><V57/><F57/><W116/><G116/><T15/><D32/><U83/><E83/><V77/><F77/><W10/><G35/><T1/><D1/><AGARI ba="0,1" hai="1,2,3,6,11,12,20,23,68,69,71" m="22528" machi="1" ten="60,3900,0" yaku="1,1,54,1,53,0" doraHai="126,105" doraHaiUra="122,29" who="2" fromWho="0" sc="399,-39,117,0,251,49,223,0" />
</Scene>
<Scene>
<INIT seed="6,0,0,4,5,128" ten="360,117,300,223" oya="2" hai0="10,91,130,121,44,93,7,55,134,25,5,73,89" hai1="60,86,81,127,129,49,28,77,76,38,114,94,41" hai2="3,56,19,75,24,16,72,118,27,40,15,99,98" hai3="106,90,107,126,97,6,84,104,67,34,57,64,131"/><V39/><F3/><W70/><G34/><T66/><D121/><U9/><E114/><V68/><F118/><W108/><G108/><T42/><D73/><U35/><E127/><V61/><F68/><W100/><G70/><T109/><D109/><U20/><E129/><V47/><F72/><W79/><G131/><T17/><D66/><U26/><E38/><V1/><F1/><W18/><G126/><T58/><D130/><U12/><E35/><V112/><F75/><W117/><G117/><T43/><D43/><U111/><E111/><V92/><F112/><W23/><G79/><T13/><D25/><U31/><E60/><V96/><F92/><W133/><G6/><T132/><D58/><U30/><E94/><V33/><F19/><W63/><G67/><T37/><D55/><U14/><E77/><V59/><F56/><W85/><G85/><N who="0" m="52399" /><D91/><U53/><E14/><V120/><F33/><W80/><G133/><AGARI ba="0,0" hai="5,7,10,13,17,37,42,44,132,133,134" m="52399" machi="133" ten="30,7700,0" yaku="20,1,52,3" doraHai="128" who="0" fromWho="3" sc="360,77,117,0,300,0,223,-77" />
</Scene>
<Scene>
<INIT seed="7,0,0,2,1,125" ten="437,117,300,146" oya="3" hai0="59,55,53,21,48,56,80,37,20,89,101,0,85" hai1="131,118,58,64,46,22,109,47,15,86,130,127,82" hai2="17,14,119,81,57,103,111,11,1,44,2,26,92" hai3="128,105,110,90,71,45,49,40,115,100,73,117,51"/><W87/><G117/><T6/><D37/><U42/><E127/><V112/><F119/><W116/><G116/><T27/><D101/><U3/><E109/><V106/><F111/><W43/><G110/><T54/><D6/><U9/><E3/><V93/><F112/><W77/><G71/><T39/><D39/><U72/><E72/><V29/><F44/><W67/><G67/><T66/><D66/><U104/><E22/><V122/><F122/><W135/><G115/><T132/><D0/><U126/><E104/><V69/><F69/><W36/><G135/><T18/><D21/><U35/><E35/><V88/><F106/><W12/><G43/><T33/><D33/><U98/><E98/><V63/><F103/><W107/><G12/><T75/><D75/><U32/><E32/><V30/><F2/><W99/><G128/><N who="1" m="49194" /><E126/><V24/><F1/><W95/><REACH who="3" step="1"/><G107/><REACH who="3" ten="437,117,300,136" step="2"/><T5/><D132/><U10/><E118/><V41/><F41/><W70/><G70/><T52/><D54/><U113/><E113/><V96/><F14/><W68/><G68/><T28/><D53/><U114/><E114/><V78/><F26/><W8/><G8/><N who="1" m="3178" /><E15/><V7/><F11/><W83/><AGARI ba="0,1" hai="36,40,45,49,51,73,77,83,87,90,95,99,100,105" machi="83" ten="30,12000,1" yaku="1,1,0,1,24,2,53,1" doraHai="125" doraHaiUra="91" who="3" fromWho="3" sc="437,-40,117,-40,300,-40,136,130" />
</Scene>
<Scene>
<INIT seed="7,1,0,5,1,4" ten="397,77,260,266" oya="3" hai0="36,96,91,83,117,80,115,41,76,118,85,47,6" hai1="100,68,23,53,46,52,33,54,10,130,133,89,16" hai2="104,106,18,13,32,11,15,72,8,48,111,22,49" hai3="62,131,125,65,124,21,87,95,17,58,94,61,1"/><W123/><G123/><T119/><D115/><U134/><E33/><V67/><F111/><W99/><G1/><T39/><D6/><U38/><E100/><V82/><F32/><W126/><G131/><T93/><REACH who="0" step="1"/><D83/><REACH who="0" ten="387,77,260,266" step="2"/><U35/><E35/><V109/><F109/><W25/><G87/><T44/><D44/><U60/><E130/><V71/><F82/><W7/><G7/><T12/><D12/><U19/><E89/><V28/><F72/><W128/><G128/><T27/><D27/><U114/><E114/><V107/><F15/><W24/><G24/><T31/><D31/><U43/><E68/><V69/><F28/><W108/><G108/><T135/><D135/><U122/><E122/><V116/><F116/><W9/><G99/><T129/><D129/><U29/><E60/><V66/><F71/><N who="3" m="42415" /><G9/><T64/><D64/><AGARI ba="1,1" hai="17,21,25,58,62,64,94,95,124,125,126" m="42415" machi="64" ten="30,1500,0" yaku="18,1" doraHai="4" who="3" fromWho="0" sc="387,-18,77,0,260,0,266,28" />
</Scene>
<Scene>
<INIT seed="7,2,0,5,2,101" ten="369,77,260,294" oya="3" hai0="13,46,51,89,58,74,1,39,59,30,116,125,117" hai1="56,82,111,24,44,64,7,120,122,41,33,118,32" hai2="75,14,10,99,77,42,100,81,91,94,67,25,126" hai3="53,123,133,21,93,95,57,63,73,129,127,103,18"/><W27/><G123/><T70/><D1/><U106/><E111/><V62/><F126/><W55/><G73/><T66/><D74/><U72/><E56/><V34/><F42/><W115/><G127/><T97/><D125/><U6/><E64/><V79/><F34/><W8/><G115/><T28/><D70/><U3/><E118/><V12/><F25/><W88/><G129/><T29/><D39/><U49/><E49/><V60/><F77/><W85/><G133/><T131/><D131/><U47/><E72/><V105/><F67/><N who="3" m="39407" /><G8/><T98/><D66/><U4/><E4/><V92/><F92/><W38/><G38/><T86/><D59/><U48/><E48/><V35/><F35/><W110/><G110/><T107/><D58/><U130/><E130/><V119/><F119/><W15/><G15/><T19/><D116/><U83/><E24/><V36/><F36/><W78/><G78/><T16/><D107/><U40/><E3/><V0/><F0/><W50/><G50/><T54/><D117/><U102/><E102/><V45/><F45/><W65/><G65/><T121/><D121/><U112/><E112/><V43/><F43/><W71/><G71/><T61/><D61/><U113/><E113/><V80/><F80/><W124/><G124/><T90/><D13/><N who="2" m="5226" /><F10/><W76/><G76/><T9/><D9/><U134/><E134/><V22/><F22/><W31/><G18/><T128/><D128/><U37/><E37/><V5/><F5/><W11/><G11/><T26/><D19/><U104/><E120/><V96/><F60/><W108/><G108/><RYUUKYOKU ba="2,0" sc="369,-30,77,10,260,10,294,10" hai1="6,7,32,33,40,41,44,47,82,83,104,106,122" hai2="62,75,79,81,91,94,96,99,100,105" hai3="21,27,31,53,55,85,88,93,95,103" />
</Scene>
<Scene>
<INIT seed="7,3,0,4,0,59" ten="339,87,270,304" oya="3" hai0="115,7,29,114,130,5,132,124,90,57,64,107,80" hai1="96,20,120,42,19,106,55,10,11,48,67,45,84" hai2="4,86,3,72,104,41,81,16,98,126,46,44,102" hai3="79,78,117,109,125,54,51,65,113,119,17,111,26"/><W133/><G113/><N who="0" m="43019" /><D132/><U123/><E123/><V22/><F126/><W77/><G133/><T93/><D107/><U112/><E112/><V87/><F3/><W105/><G105/><T24/><D130/><U63/><E120/><V28/><F28/><W128/><G128/><T50/><D80/><U122/><E122/><V85/><F4/><W129/><G129/><T30/><D30/><U101/><E84/><V131/><F131/><W108/><G125/><T69/><D69/><U110/><E110/><N who="3" m="28162" /><W43/><DORA hai="75" /><G43/><T53/><D64/><U12/><REACH who="1" step="1"/><E42/><REACH who="1" ten="339,77,270,304" step="2"/><V118/><F41/><W34/><G119/><T33/><D124/><U100/><E100/><V8/><F118/><W134/><G117/><T76/><D76/><U37/><E37/><V0/><F85/><AGARI ba="3,1" hai="5,7,24,29,33,50,53,57,85,90,93" m="43019" machi="85" ten="30,2000,0" yaku="15,1,11,1" doraHai="59,75" who="0" fromWho="2" sc="339,39,77,0,270,-29,304,0" owari="378,48.0,77,-42.0,241,-16.0,304,10.0" />
</Scene>
</mjloggm>