<mjloggm ver="2.3"><GO type="169" lobby="0"/><UN n0="%4A%61%6E%2D%4D%61%63%68" n1="%6B%77%5F%67%69%66%75" n2="%74%61%6B%65%2D%79%6F%75" n3="%E5%A4%AA%E3%81%8F%E3%81%AA%E3%81%84%E3%81%8A" dan="16,16,16,19" rate="2104.33,2055.41,2155.05,2317.85" sx="M,M,F,F"/><TAIKYOKU oya="0"/>

<Scene>
<INIT seed="0,0,0,4,2,73" ten="250,250,250,250" oya="0" hai0="15,66,121,68,6,69,115,108,123,78,47,32,70" hai1="26,63,112,0,120,31,16,49,62,36,127,25,18" hai2="54,124,96,38,110,67,122,101,135,99,24,91,4" hai3="95,92,1,103,41,46,39,119,100,61,40,33,111"/><T79/><D32/><U35/><E36/><V29/><F122/><W37/><G119/><T52/><D66/><U102/><E120/><V76/><F38/><W107/><G33/><T131/><D115/><U83/><E0/><V9/><F110/><W22/><G1/><T17/><D6/><U106/><E127/><V19/><F124/><W80/><G107/><T56/><D47/><U94/><E106/><V28/><F135/><W21/><G80/><T126/><D126/><U3/><E3/><V84/><F67/><W93/><G61/><T23/><D123/><U58/><E112/><V130/><F130/><W60/><G60/><T114/><D114/><U87/><E49/><V5/><F76/><W71/><G93/><T90/><D121/><U77/><E62/><V20/><F54/><W59/><G46/><T74/><D74/><U125/><E125/><V128/><F128/><W11/><G11/><T34/><D34/><U113/><E113/><V86/><F86/><W89/><G89/><T134/><D131/><U72/><E26/><V57/><F57/><W109/><REACH who="3" step="1"/><G59/><REACH who="3" ten="250,250,250,240" step="2"/><T8/><D8/><U12/><E72/><V43/><F9/><W98/><G98/><T117/><D117/><U14/><E94/><V55/><F96/><W65/><G65/><T118/><D118/><U132/><E102/><V116/><F99/><W104/><G104/><T44/><D44/><U133/><E58/><V10/><F101/><W45/><G45/><T88/><D134/><N who="1" m="51819" /><E63/><V75/><F116/><W82/><G82/><T30/><D70/><AGARI ba="0,1" hai="21,22,37,39,40,41,70,71,92,95,100,103,109,111" machi="70" ten="25,3200,0" yaku="1,1,22,2,53,0" doraHai="73" doraHaiUra="105" who="3" fromWho="0" sc="250,-32,250,0,250,0,240,42" />
</Scene>
<Scene>
<INIT seed="1,0,0,3,0,23" ten="218,250,250,282" oya="1" hai0="113,71,104,68,11,7,69,93,105,123,10,41,1" hai1="4,74,12,82,120,79,114,21,50,44,48,54,78" hai2="111,70,33,100,83,55,46,52,63,20,45,25,16" hai3="29,64,122,34,31,81,131,121,85,19,94,15,99"/><U75/><E114/><V109/><F100/><W127/><G127/><T40/><D113/><U5/><E120/><V14/><F83/><W119/><G131/><T103/><D123/><U116/><E116/><V18/><F70/><W38/><G38/><T84/><D84/><U51/><E5/><V98/><F98/><W73/><G73/><T13/><D93/><U97/><E97/><V17/><F33/><W92/><G64/><T6/><D103/><U115/><E115/><V30/><F14/><W59/><G59/><T42/><D13/><U72/><E21/><V49/><F63/><W27/><G31/><T110/><D110/><N who="2" m="41994" /><F46/><W62/><G62/><T56/><D56/><U58/><E78/><V0/><F0/><W95/><G119/><T108/><D108/><U2/><E2/><V118/><F118/><W36/><G99/><T77/><D77/><U101/><E101/><V102/><F102/><W112/><G112/><T9/><REACH who="0" step="1"/><D1/><REACH who="0" ten="208,250,250,282" step="2"/><U28/><E75/><V88/><F88/><W90/><G122/><T117/><D117/><U87/><E74/><V133/><F133/><W66/><G121/><T91/><D91/><U132/><E132/><V106/><F106/><AGARI ba="0,1" hai="6,7,9,10,11,40,41,42,68,69,71,104,105,106" machi="106" ten="50,8000,1" yaku="1,1,29,2,28,2,53,0" doraHai="23" doraHaiUra="89" who="0" fromWho="2" sc="208,90,250,0,250,-80,282,0" />
</Scene>
<Scene>
<INIT seed="2,0,0,3,2,62" ten="298,250,170,282" oya="2" hai0="39,109,92,9,108,118,3,32,124,31,85,99,110" hai1="34,131,58,44,50,60,89,46,117,113,22,40,42" hai2="78,101,29,115,88,86,11,52,87,21,27,97,20" hai3="18,35,64,57,56,75,127,129,111,36,23,82,6"/><V5/><F115/><W30/><G36/><T91/><D39/><U2/><E34/><V119/><F119/><W114/><G111/><T77/><D32/><U94/><E113/><V38/><F38/><W72/><G114/><T61/><D31/><U133/><E117/><V33/><F78/><W122/><G122/><T103/><D118/><U90/><E2/><V116/><F116/><W123/><G123/><T41/><D41/><U17/><E131/><V70/><F70/><W98/><G6/><N who="0" m="1247" /><D61/><U49/><E133/><V93/><F52/><W95/><G127/><T16/><D77/><U14/><REACH who="1" step="1"/><E94/><REACH who="1" ten="298,240,170,282" step="2"/><V54/><F54/><AGARI ba="0,1" hai="14,17,22,40,42,44,46,49,50,54,58,60,89,90" machi="54" ten="30,8000,1" yaku="1,1,2,1,7,1,9,1,8,1,53,0" doraHai="62" doraHaiUra="67" who="1" fromWho="2" sc="298,0,240,90,170,-80,282,0" />
</Scene>
<Scene>
<INIT seed="3,0,0,5,3,131" ten="298,330,90,282" oya="3" hai0="69,109,132,35,79,30,2,97,104,3,21,11,74" hai1="100,8,123,77,105,14,116,52,33,4,12,78,32" hai2="65,38,66,46,51,57,95,86,127,122,60,133,45" hai3="7,83,108,112,58,9,36,29,55,6,124,24,17"/><W25/><G36/><T114/><D21/><U118/><E123/><V44/><F86/><W107/><G107/><T125/><D11/><U134/><E134/><V26/><F95/><W39/><G39/><T76/><D30/><U90/><E14/><V87/><F87/><W120/><G120/><T54/><D54/><U50/><E90/><V111/><F26/><W110/><G112/><T0/><D0/><U80/><E100/><V117/><F122/><W47/><G47/><N who="2" m="17993" /><F117/><N who="1" m="45161" /><E105/><V129/><F133/><W75/><G75/><T42/><D104/><U62/><E33/><V71/><F129/><W135/><G83/><T19/><D35/><U43/><E32/><V126/><F111/><N who="3" m="42539" /><G135/><T67/><D109/><U70/><E80/><V27/><F27/><N who="3" m="10315" /><G29/><T82/><D132/><U16/><E78/><V64/><F127/><W96/><G96/><T5/><D125/><U81/><E81/><V128/><F128/><W106/><G106/><T113/><D82/><U40/><E77/><V119/><F119/><W94/><G94/><T10/><D79/><U85/><E85/><V73/><F73/><W103/><G103/><T63/><D74/><U101/><E101/><V91/><F91/><W18/><G124/><T72/><D76/><U20/><E4/><N who="3" m="1578" /><G9/><T37/><D72/><U22/><E8/><V28/><F28/><W99/><G99/><T93/><D10/><U84/><E84/><V49/><F126/><W48/><AGARI ba="0,0" hai="17,18,48,55,58" m="1578,10315,42539" machi="48" ten="30,3000,0" yaku="14,1,10,1" doraHai="131" who="3" fromWho="3" sc="298,-10,330,-10,90,-10,282,30" />
</Scene>
<Scene>
<INIT seed="3,1,0,4,2,6" ten="288,320,80,312" oya="3" hai0="105,61,100,88,112,2,64,26,94,36,29,71,46" hai1="107,21,114,11,104,87,55,62,32,96,1,38,128" hai2="51,22,12,20,43,53,50,121,72,109,85,0,49" hai3="117,132,110,5,34,70,30,82,120,17,101,119,78"/><W27/><G120/><T125/><D2/><U67/><E32/><V69/><F72/><W47/><G70/><T98/><D112/><U68/><E114/><V23/><F0/><W127/><G127/><T76/><D76/><U103/><E38/><V14/><F69/><W7/><G132/><T19/><D19/><U10/><E128/><V102/><F121/><W93/><G110/><T13/><D13/><N who="2" m="5226" /><F109/><W116/><G17/><T63/><D63/><U9/><E107/><V126/><F126/><W89/><G101/><T42/><D125/><U108/><E108/><V60/><F102/><W39/><G47/><T122/><D122/><U16/><E55/><V28/><F85/><W99/><REACH who="3" step="1"/><G39/><REACH who="3" ten="288,320,80,302" step="2"/><T56/><D71/><U37/><E37/><V31/><F43/><W118/><N who="3" m="29696" /><DORA hai="3" /><W106/><G106/><T18/><D18/><U97/><E1/><V86/><F31/><W40/><G40/><T135/><D135/><U65/><E104/><V79/><F28/><W95/><G95/><T59/><D59/><U54/><E103/><V84/><F79/><W8/><G8/><T113/><D113/><U15/><E68/><V123/><F123/><W44/><G44/><T24/><D29/><U83/><E16/><V124/><F124/><W134/><G134/><T52/><D105/><U25/><E11/><V57/><AGARI ba="1,1" hai="20,22,23,49,50,51,53,57,60,84,86" m="5226" machi="57" ten="40,1500,0" yaku="8,1" doraHai="6,3" who="2" fromWho="2" sc="288,-5,320,-5,80,28,302,-8" />
</Scene>
<Scene>
<INIT seed="4,0,0,5,4,12" ten="283,315,108,294" oya="0" hai0="60,126,108,49,19,28,103,119,0,18,35,24,81" hai1="68,134,74,83,127,37,132,66,31,9,40,16,3" hai2="112,77,10,11,115,29,89,20,98,42,78,54,33" hai3="73,79,114,85,27,116,76,67,96,99,72,120,125"/><T102/><D0/><U71/><E127/><V30/><F33/><W101/><G67/><T36/><D36/><U32/><E31/><N who="2" m="11787" /><F42/><W38/><G27/><T94/><D119/><U84/><E32/><V109/><F109/><W46/><G46/><T7/><D7/><U62/><E74/><V106/><F54/><W39/><G85/><T56/><D81/><U63/><E40/><V58/><F58/><W65/><G101/><T69/><D126/><U52/><E37/><V43/><F43/><W131/><G65/><T55/><D108/><U107/><E107/><V104/><F20/><W13/><G125/><T64/><D103/><U90/><E3/><V92/><F10/><W93/><G116/><T118/><D118/><U82/><E82/><V97/><F11/><W121/><G72/><T1/><D1/><U86/><E86/><V5/><F5/><W87/><G73/><T105/><D94/><U123/><E123/><V91/><F104/><W8/><G93/><T122/><D122/><U26/><E68/><V111/><F111/><W80/><G121/><T130/><D130/><U48/><E63/><V95/><F106/><W59/><G131/><T70/><D69/><U15/><REACH who="1" step="1"/><E26/><REACH who="1" ten="283,305,108,294" step="2"/><V61/><F61/><W4/><G120/><T22/><REACH who="0" step="1"/><D35/><REACH who="0" ten="273,305,108,294" step="2"/><U17/><E17/><V57/><F95/><W110/><G110/><T6/><D6/><U25/><E25/><V41/><F92/><W14/><G39/><T117/><D117/><U44/><AGARI ba="0,2" hai="9,15,16,44,48,52,62,66,71,83,84,90,132,134" machi="44" ten="30,12000,2" yaku="1,1,0,1,25,2,52,1,54,2,53,0" doraHai="12" doraHaiUra="133" who="1" fromWho="1" sc="273,-60,305,140,108,-30,294,-30" />
</Scene>
<Scene>
<INIT seed="5,0,0,3,0,109" ten="213,445,78,264" oya="1" hai0="6,31,53,4,107,121,14,54,81,68,131,96,116" hai1="15,106,18,65,135,112,52,49,37,88,5,10,115" hai2="26,20,110,126,24,83,42,16,120,59,71,12,50" hai3="28,98,117,100,36,105,92,74,80,2,99,27,75"/><U103/><E37/><V30/><F110/><W67/><G2/><T1/><D116/><U35/><E35/><V9/><F120/><W72/><G36/><T128/><D68/><U102/><E135/><V114/><F71/><W29/><G117/><T76/><D31/><U63/><E88/><V77/><F126/><W130/><G130/><N who="0" m="49707" /><D14/><U111/><E111/><V64/><F114/><N who="1" m="43561" /><E106/><V82/><F26/><W108/><G27/><T119/><D119/><U22/><E49/><V39/><F39/><W56/><G105/><T73/><D121/><U78/><E78/><V132/><F132/><W25/><G92/><T3/><D3/><N who="1" m="319" /><E52/><N who="0" m="20073" /><D1/><U125/><E125/><V85/><F82/><W62/><G80/><T61/><D61/><U32/><E32/><V94/><F94/><W46/><G62/><T122/><D122/><U55/><E55/><V17/><F42/><W90/><G108/><T118/><D118/><U84/><E84/><V0/><F0/><W89/><G74/><T69/><D107/><U113/><E113/><V45/><F45/><W134/><G75/><T79/><D79/><U123/><E123/><V57/><F50/><W60/><G72/><T70/><D96/><U44/><E44/><V23/><F77/><W11/><G98/><T47/><D47/><U51/><E51/><V66/><F85/><W133/><G46/><T93/><D93/><U95/><E95/><V87/><F87/><W7/><G134/><T91/><D91/><N who="3" m="34825" /><G133/><T86/><D73/><U101/><E101/><V127/><F127/><W58/><G100/><T104/><D104/><U48/><E48/><RYUUKYOKU ba="0,0" sc="213,15,445,15,78,-15,264,-15" hai0="4,6,69,70,76,81,86" hai1="15,18,22,63,65,102,103" />
</Scene>
<Scene>
<INIT seed="5,1,0,4,1,5" ten="228,460,63,249" oya="1" hai0="35,72,85,8,4,84,40,13,121,86,74,87,53" hai1="51,134,33,102,27,30,26,135,24,25,38,99,133" hai2="12,77,105,41,118,0,127,131,45,104,97,20,117" hai3="14,114,55,43,90,22,62,59,113,82,42,37,64"/><U128/><E38/><V120/><F120/><W129/><G129/><T17/><D35/><U126/><E51/><V70/><F0/><W57/><G82/><T61/><D40/><U52/><E52/><V7/><F70/><W89/><G22/><T103/><D103/><U60/><E60/><V78/><F131/><W6/><G14/><T31/><D31/><U29/><E128/><V1/><F1/><W101/><G6/><T39/><D39/><U98/><E102/><V116/><F127/><W79/><G79/><T130/><D121/><U19/><E99/><V115/><F115/><N who="3" m="44043" /><G101/><T122/><D122/><U46/><E98/><V67/><F67/><W65/><G65/><T69/><D69/><U54/><E126/><V47/><F97/><W18/><G18/><T96/><D96/><U49/><E30/><V44/><F41/><N who="3" m="15371" /><G37/><T28/><D28/><U75/><E75/><V66/><F66/><W132/><G132/><T9/><D130/><U80/><E80/><V111/><F105/><W81/><G81/><T56/><N who="0" m="21504" /><DORA hai="108" /><T91/><REACH who="0" step="1"/><D91/><REACH who="0" ten="218,460,63,249" step="2"/><U106/><E106/><V95/><F104/><W32/><G32/><T48/><D48/><AGARI ba="1,1" hai="48,55,57,59,62,64,89,90" m="15371,44043" machi="48" ten="30,7700,0" yaku="15,1,52,3" doraHai="5,108" who="3" fromWho="0" sc="218,-80,460,0,63,0,249,90" />
</Scene>
<Scene>
<INIT seed="6,0,0,1,3,119" ten="138,460,63,339" oya="2" hai0="28,111,40,42,124,92,78,130,102,3,90,48,71" hai1="2,98,99,13,88,100,46,52,70,16,12,74,49" hai2="25,23,1,55,34,5,6,59,104,114,10,4,9" hai3="85,105,103,96,126,97,107,67,101,125,47,65,81"/><V75/><F104/><W61/><G47/><T93/><D71/><U27/><E2/><V26/><F75/><W24/><G24/><T60/><D3/><U22/><E70/><V122/><F114/><W45/><G45/><T77/><D28/><U44/><E74/><V39/><F39/><W14/><G14/><N who="1" m="5738" /><E100/><V110/><F110/><W36/><G36/><T80/><D111/><U123/><E123/><V18/><F122/><W11/><G11/><N who="2" m="4105" /><F55/><W29/><G29/><T0/><D0/><U127/><E127/><N who="3" m="48650" /><G61/><T37/><D37/><U87/><E46/><V69/><F59/><W73/><G73/><T56/><D48/><U19/><E19/><N who="2" m="12543" /><F69/><W91/><AGARI ba="0,0" hai="65,67,81,85,91,96,97,101,103,105,107" m="48650" machi="91" ten="30,1100,0" yaku="18,1" doraHai="119" who="3" fromWho="3" sc="138,-3,460,-3,63,-5,339,11" />
</Scene>
<Scene>
<INIT seed="7,0,0,0,0,63" ten="135,457,58,350" oya="3" hai0="52,20,67,75,134,105,133,57,124,126,84,25,10" hai1="62,5,88,47,59,9,1,31,112,4,6,81,73" hai2="99,83,70,66,96,80,103,2,28,45,71,113,48" hai3="27,58,125,40,22,123,108,115,55,78,11,17,93"/><W50/><G123/><T74/><D105/><U37/><E31/><V19/><F2/><W61/><G115/><T7/><D84/><U39/><E112/><V12/><F113/><W86/><G125/><N who="0" m="48235" /><D20/><U36/><E47/><V107/><F28/><W30/><G108/><T65/><D25/><U72/><E72/><N who="0" m="27689" /><D134/><U89/><E89/><V111/><F111/><W121/><G121/><T32/><D32/><U29/><E29/><V120/><F120/><W104/><G104/><T130/><D130/><U79/><E88/><V51/><F96/><W68/><G68/><T114/><D133/><U100/><E100/><V13/><F71/><W56/><G40/><T98/><D98/><U16/><E16/><V24/><F24/><W122/><G122/><T110/><D110/><U34/><E34/><V46/><F13/><N who="3" m="7359" /><G93/><T82/><D82/><U129/><E129/><V69/><F46/><N who="3" m="28119" /><G61/><N who="0" m="36007" /><D114/><U135/><E135/><V92/><F107/><W54/><G54/><T3/><AGARI ba="0,0" hai="3,7,10,65,67" m="36007,27689,48235" machi="3" ten="30,7900,0" yaku="18,1,52,2,54,1" doraHai="63" who="0" fromWho="0" sc="135,79,457,-20,58,-20,350,-39" owari="214,-19.0,437,54.0,38,-46.0,311,11.0" />
</Scene>
</mjloggm>