<mjloggm ver="2.3"><GO type="169" lobby="0"/><UN n0="%E6%8E%A8%E7%A9%BA%EF%BC%B0" n1="%6D%69%74%73%75%36%31%31" n2="%E9%87%98%E5%AE%AE%E7%97%85%E6%82%A3%E8%80%85" n3="%E5%A4%AA%E3%81%8F%E3%81%AA%E3%81%84%E3%81%8A" dan="16,16,17,18" rate="2124.54,2140.26,2197.70,2228.31" sx="F,M,F,M"/><TAIKYOKU oya="0"/>

<Scene>
<INIT seed="0,0,0,5,3,57" ten="250,250,250,250" oya="0" hai0="111,116,3,90,19,6,2,75,18,73,80,118,74" hai1="53,71,110,117,96,7,56,14,83,128,84,23,123" hai2="61,112,100,130,5,1,15,0,135,103,109,27,47" hai3="51,32,106,20,72,113,126,120,45,64,43,41,122"/><T133/><D6/><U94/><E123/><N who="3" m="47146" /><G32/><T38/><D133/><U33/><E33/><V92/><F112/><W124/><G72/><T114/><D114/><U49/><E71/><V39/><F135/><W67/><G106/><T89/><D80/><U42/><E117/><N who="0" m="45161" /><D38/><U36/><E36/><V13/><F130/><W26/><G113/><T95/><D95/><U25/><E42/><N who="3" m="15882" /><G20/><T121/><D121/><U99/><E128/><V93/><F39/><W59/><G26/><T35/><D35/><U62/><E14/><V66/><F27/><W55/><G45/><T9/><D9/><U16/><E7/><V86/><F47/><W134/><G134/><T48/><D48/><U17/><E49/><V22/><F22/><W65/><AGARI ba="0,0" hai="51,55,59,64,65,67,124,126" m="15882,47146" machi="65" ten="40,5200,0" yaku="13,1,34,2" doraHai="57" who="3" fromWho="3" sc="250,-26,250,-13,250,-13,250,52" />
</Scene>
<Scene>
<INIT seed="1,0,0,3,1,77" ten="224,237,237,302" oya="1" hai0="12,15,18,23,100,24,91,10,85,78,14,3,125" hai1="119,118,49,135,75,2,22,105,88,121,46,130,86" hai2="13,115,103,48,28,62,90,47,69,44,8,39,71" hai3="96,120,60,129,57,53,97,36,123,67,134,59,89"/><U41/><E2/><V19/><F115/><W50/><G36/><T32/><D125/><U79/><E121/><V66/><F103/><W20/><G134/><T108/><D108/><U6/><E6/><V110/><F110/><W104/><G129/><T84/><D100/><U16/><E105/><V87/><F28/><W0/><G0/><T35/><D78/><U43/><E135/><V29/><F29/><W64/><G104/><T113/><D85/><U107/><E107/><V131/><F131/><W9/><G9/><T128/><D128/><U126/><E130/><V98/><F39/><W33/><G33/><N who="0" m="12875" /><D91/><U31/><E31/><V124/><F124/><W1/><G1/><T95/><D84/><U127/><E127/><V74/><F74/><W112/><G112/><T38/><D95/><U40/><E126/><V30/><F30/><W54/><G89/><T25/><D38/><U132/><E132/><V45/><F98/><W92/><G92/><T94/><D94/><U76/><E75/><V72/><F72/><W4/><G50/><T102/><D102/><U7/><E76/><V83/><REACH who="2" step="1"/><F71/><REACH who="2" ten="224,237,227,302" step="2"/><W37/><G37/><T81/><D113/><U101/><E101/><V133/><F133/><W52/><G96/><T63/><D63/><U116/><E79/><V106/><F106/><W70/><G97/><T34/><N who="0" m="12883" /><T27/><DORA hai="93" /><D81/><U82/><REACH who="1" step="1"/><E7/><AGARI ba="0,1" hai="3,7,10,12,14,15,18,23,24,25,27" m="12883" machi="7" ten="50,8000,1" yaku="35,5" doraHai="77,93" who="0" fromWho="1" sc="224,90,237,-80,227,0,302,0" />
</Scene>
<Scene>
<INIT seed="2,0,0,0,3,52" ten="314,157,227,302" oya="2" hai0="63,131,72,133,93,115,21,87,125,62,18,54,5" hai1="123,102,126,86,85,112,107,75,78,6,83,111,30" hai2="46,25,134,40,24,56,80,44,36,122,91,74,113" hai3="38,14,39,128,99,132,124,121,70,8,82,19,98"/><V26/><F122/><W9/><G121/><T127/><D72/><U34/><E112/><V65/><F113/><W48/><G70/><T109/><D115/><U0/><E123/><V135/><F44/><W129/><G124/><N who="0" m="47691" /><D109/><U88/><E126/><V2/><F2/><W29/><G132/><N who="2" m="50729" /><F74/><W32/><G82/><T7/><D131/><N who="3" m="50249" /><G48/><T116/><D133/><U57/><E111/><V45/><F45/><W47/><G9/><T95/><D116/><U33/><E85/><N who="2" m="50599" /><F65/><W67/><G67/><T22/><D87/><U51/><E0/><V73/><F73/><W84/><G84/><T100/><D100/><U76/><E76/><V96/><F96/><N who="3" m="36907" /><G47/><T106/><D106/><U119/><E119/><V94/><F94/><N who="0" m="35850" /><D54/><U59/><E102/><V13/><F13/><W27/><AGARI ba="0,0" hai="8,14,19,27,29,32,38,39" m="36907,50249" machi="27" ten="30,1100,0" yaku="19,1" doraHai="52" who="3" fromWho="3" sc="314,-3,157,-3,227,-5,302,11" />
</Scene>
<Scene>
<INIT seed="3,0,0,0,1,120" ten="311,154,222,313" oya="3" hai0="19,82,16,117,80,18,135,65,84,1,31,72,2" hai1="106,28,54,59,107,89,39,32,3,96,20,92,13" hai2="26,9,74,87,42,73,62,116,47,27,0,48,30" hai3="37,49,99,52,40,124,127,129,69,44,64,24,75"/><W77/><G99/><T58/><D117/><U63/><E39/><V70/><F116/><W43/><G24/><T109/><D31/><U71/><E3/><V45/><F87/><W132/><G77/><T4/><D4/><U78/><E78/><V5/><F45/><N who="3" m="23695" /><G75/><T133/><D72/><U23/><E32/><V101/><F101/><W128/><G132/><N who="0" m="50763" /><D109/><U113/><E113/><V83/><F83/><N who="0" m="31786" /><D84/><U41/><E41/><V97/><F97/><W29/><G29/><T7/><D7/><U91/><E71/><V123/><F123/><W22/><G22/><T10/><D10/><U50/><E107/><V35/><F26/><W102/><G102/><T6/><D6/><U33/><E106/><V119/><F119/><W125/><G43/><T38/><D38/><U60/><E33/><V53/><F42/><W57/><G69/><T17/><N who="0" m="4096" /><DORA hai="114" /><T131/><D131/><U56/><E13/><V110/><F110/><W46/><G64/><T21/><D21/><U115/><E115/><V111/><F111/><W104/><G104/><T94/><D94/><U79/><E28/><V34/><F34/><W36/><G36/><T25/><D25/><U86/><E79/><V85/><F85/><W81/><G81/><T14/><D14/><U8/><E8/><V98/><F98/><W118/><G118/><T90/><D90/><U51/><E20/><V12/><F12/><W122/><G122/><T134/><N who="0" m="50771" /><T130/><DORA hai="100" /><D130/><AGARI ba="0,0" hai="44,46,49,52,57,124,125,127,128,129,130" m="23695" machi="130" ten="40,12000,1" yaku="18,1,19,1,34,2,54,1" doraHai="120,114,100" who="3" fromWho="0" sc="311,-120,154,0,222,0,313,120" />
</Scene>
<Scene>
<INIT seed="3,1,0,0,2,131" ten="191,154,222,433" oya="3" hai0="78,14,112,22,52,91,120,94,128,107,101,60,55" hai1="44,77,98,48,70,118,63,6,95,16,3,125,65" hai2="31,12,92,1,90,135,37,7,79,18,126,8,116" hai3="103,114,75,117,71,26,21,23,34,121,74,64,38"/><W100/><G114/><T113/><D120/><U119/><E77/><V97/><F116/><W41/><G117/><N who="1" m="44554" /><E125/><V133/><F37/><W11/><G121/><T51/><D78/><U72/><E72/><V13/><F126/><W9/><G34/><T39/><D39/><U29/><E29/><V10/><F31/><W83/><G38/><T32/><D32/><U57/><E6/><V106/><F106/><W87/><G41/><T76/><D76/><U40/><E3/><V54/><F79/><W66/><G87/><T105/><D60/><U85/><E85/><V130/><F130/><W61/><G61/><T89/><D128/><U62/><E62/><V108/><F108/><W33/><G33/><T134/><D134/><N who="2" m="51210" /><F54/><N who="0" m="20522" /><D51/><U35/><E35/><V36/><F36/><W2/><G2/><AGARI ba="1,0" hai="1,2,7,8,10,12,13,18,90,92,97" m="51210" machi="2" ten="30,7700,0" yaku="20,1,52,3" doraHai="131" who="2" fromWho="3" sc="191,0,154,0,222,80,433,-80" />
</Scene>
<Scene>
<INIT seed="4,0,0,3,5,127" ten="191,154,302,353" oya="0" hai0="17,3,95,44,132,14,84,122,82,16,75,37,93" hai1="35,83,23,59,41,66,27,47,8,76,130,51,91" hai2="133,81,45,116,102,32,73,38,115,109,104,74,120" hai3="97,12,128,70,55,9,77,57,119,42,123,46,129"/><T106/><D122/><U58/><E35/><V25/><F25/><W63/><G119/><T134/><D3/><U67/><E8/><V113/><F45/><W36/><G123/><T65/><D106/><U39/><E91/><V105/><F81/><W15/><G77/><T29/><D29/><U4/><E4/><V28/><F28/><W100/><G70/><T13/><D65/><U30/><E39/><V126/><F102/><W89/><G89/><T69/><D69/><U62/><E59/><V6/><F6/><W111/><G111/><T90/><D37/><U40/><E130/><N who="3" m="50282" /><G9/><T85/><D44/><U2/><E2/><V99/><F74/><W98/><G98/><T117/><D117/><U80/><E80/><V0/><F99/><W50/><G36/><T19/><D75/><U64/><REACH who="1" step="1"/><E40/><REACH who="1" ten="191,144,302,353" step="2"/><V26/><F38/><W43/><G42/><T118/><D118/><U71/><E71/><V125/><F116/><W11/><G11/><T7/><D7/><U5/><E5/><V22/><F125/><W52/><G43/><T101/><D82/><U24/><E24/><V124/><F126/><W121/><G121/><T53/><D90/><U34/><E34/><V20/><F124/><W94/><AGARI ba="0,1" hai="12,15,46,50,52,55,57,63,94,97,100" m="50282" machi="94" ten="30,8000,1" yaku="19,1,52,3,54,1" doraHai="127" who="3" fromWho="3" sc="191,-40,144,-20,302,-20,353,90" />
</Scene>
<Scene>
<INIT seed="5,0,0,1,1,2" ten="151,124,282,443" oya="1" hai0="86,131,71,101,97,134,98,88,135,64,40,42,36" hai1="12,126,96,123,26,43,69,82,23,100,37,72,127" hai2="103,60,121,29,62,59,48,95,99,35,5,110,78" hai3="67,15,116,118,84,25,122,107,87,85,93,120,47"/><U133/><E69/><V16/><F121/><N who="3" m="46699" /><G107/><T66/><D36/><U132/><E123/><V70/><F110/><W92/><G67/><N who="0" m="25643" /><D71/><U129/><E12/><V73/><F35/><W104/><G104/><T18/><D18/><U7/><E7/><V89/><F29/><W53/><G25/><T52/><D101/><U28/><E43/><N who="0" m="16425" /><D131/><U22/><E37/><V9/><F70/><W102/><G102/><T124/><D124/><N who="1" m="47659" /><E22/><V105/><F103/><W112/><G112/><T130/><D130/><U77/><E129/><V56/><F105/><AGARI ba="0,0" hai="23,26,28,72,77,82,96,100,105,132,133" m="47659" machi="105" ten="30,1500,0" yaku="18,1" doraHai="2" who="1" fromWho="2" sc="151,0,124,15,282,-15,443,0" />
</Scene>
<Scene>
<INIT seed="5,1,0,3,2,11" ten="151,139,267,443" oya="1" hai0="26,8,84,58,82,6,21,69,95,88,127,72,50" hai1="61,121,104,132,46,89,94,3,33,116,37,134,12" hai2="1,81,31,96,66,73,107,86,119,118,4,133,32" hai3="71,60,5,105,49,78,93,17,56,28,124,77,91"/><U2/><E104/><V20/><F20/><W42/><G105/><T129/><D69/><U40/><E33/><V123/><F86/><W125/><G71/><T47/><D129/><U92/><E121/><V23/><F23/><W38/><G38/><T14/><D127/><N who="3" m="48713" /><G28/><N who="0" m="17487" /><D72/><U106/><E106/><V99/><F99/><N who="3" m="57791" /><G5/><T43/><D58/><U54/><E116/><V25/><F123/><W112/><G17/><T97/><D97/><U90/><E61/><V102/><F66/><N who="3" m="39175" /><G112/><T65/><D65/><U70/><E70/><V62/><F62/><W36/><G36/><T45/><D45/><AGARI ba="1,0" hai="42,45,49,77,78" m="39175,57791,48713" machi="45" ten="30,1000,0" yaku="18,1" doraHai="11" who="3" fromWho="0" sc="151,-13,139,0,267,0,443,13" />
</Scene>
<Scene>
<INIT seed="6,0,0,4,1,121" ten="138,139,267,456" oya="2" hai0="22,70,85,92,77,130,129,74,63,98,133,72,13" hai1="31,123,50,9,27,101,114,93,97,75,108,58,89" hai2="73,60,62,2,24,39,42,43,14,64,82,66,94" hai3="21,96,122,28,112,104,84,48,125,119,110,117,111"/><V118/><F14/><W47/><G28/><T30/><D70/><U59/><E75/><N who="0" m="28713" /><D63/><U65/><E123/><V54/><F94/><W10/><G10/><T35/><D35/><U69/><E9/><V16/><F24/><W51/><G21/><T100/><D30/><U4/><E4/><V68/><F82/><W5/><G5/><T52/><D22/><U126/><E69/><V25/><F2/><W7/><G84/><T36/><D36/><U18/><E18/><V29/><F29/><W79/><G96/><T17/><D13/><U76/><E76/><V44/><F73/><W0/><G79/><T90/><D17/><U91/><E59/><N who="2" m="34935" /><F16/><W57/><G104/><N who="0" m="63511" /><D52/><U46/><E65/><N who="2" m="41015" /><F25/><W102/><G7/><T71/><D71/><U1/><E1/><V20/><F20/><W26/><G26/><T15/><D15/><U45/><E31/><V131/><F131/><N who="0" m="50186" /><D77/><U6/><E6/><V19/><F19/><W107/><G0/><T86/><D133/><U109/><E27/><V124/><F43/><W80/><G122/><T128/><N who="0" m="50194" /><T127/><DORA hai="56" /><D127/><U23/><E23/><V38/><F124/><W95/><G125/><T120/><D120/><U12/><E12/><V61/><F38/><W83/><G119/><T103/><D103/><U87/><E126/><V55/><F118/><W34/><G117/><T3/><D3/><U33/><E33/><V106/><F106/><W132/><G107/><T134/><D134/><U8/><E8/><V53/><F64/><W116/><G132/><T78/><D78/><U11/><E11/><V41/><F41/><RYUUKYOKU ba="0,0" sc="138,15,139,-15,267,15,456,-15" hai0="85,86,90,92" hai2="39,42,44,53,55,61,66" />
</Scene>
<Scene>
<INIT seed="6,1,0,2,0,84" ten="153,124,282,441" oya="2" hai0="75,92,59,122,52,102,121,105,33,123,28,17,90" hai1="96,1,67,112,134,40,130,8,57,82,79,116,117" hai2="7,37,103,12,107,2,131,13,74,43,71,133,55" hai3="11,125,19,23,100,94,110,20,47,63,93,56,118"/><V77/><F55/><W97/><G110/><T109/><D109/><U124/><E40/><V15/><F15/><N who="3" m="7679" /><G118/><T101/><D75/><U44/><E112/><V31/><F31/><W68/><G68/><T26/><D17/><U78/><E44/><N who="2" m="23663" /><F12/><W111/><G125/><T24/><D24/><U89/><E134/><V61/><F13/><W49/><G94/><T80/><D80/><U70/><E130/><V6/><F6/><W45/><G111/><T86/><REACH who="0" step="1"/><D105/><REACH who="0" ten="143,124,282,441" step="2"/><U5/><E124/><V127/><F107/><W46/><G49/><AGARI ba="1,1" hai="26,28,33,49,52,59,86,90,92,101,102,121,122,123" machi="49" ten="40,8000,1" yaku="1,1,2,1,52,1,54,1,53,0" doraHai="84" doraHaiUra="35" who="0" fromWho="3" sc="143,93,124,0,282,0,441,-83" />
</Scene>
<Scene>
<INIT seed="7,0,0,2,2,99" ten="236,124,282,358" oya="3" hai0="41,57,104,100,83,20,30,101,47,51,44,33,134" hai1="54,35,56,34,96,3,127,64,43,91,22,125,126" hai2="110,121,66,109,17,63,71,81,69,119,132,7,31" hai3="129,79,23,98,108,89,18,112,90,0,40,8,11"/><W105/><G79/><T114/><D33/><U6/><E43/><V92/><F7/><W107/><G40/><T55/><D104/><U72/><E72/><V60/><F92/><W75/><G75/><T13/><D134/><U84/><E64/><N who="2" m="41095" /><F17/><W103/><G107/><T70/><D70/><U68/><E68/><V16/><F16/><W93/><G112/><T14/><D114/><U59/><E59/><V45/><F31/><W12/><G129/><T80/><D30/><U135/><E135/><V46/><F81/><N who="0" m="31306" /><D41/><U65/><E65/><V21/><F21/><W86/><G108/><N who="2" m="41577" /><F132/><W124/><G0/><T130/><D130/><U95/><E6/><V50/><F119/><W61/><G90/><T87/><D87/><U9/><E9/><V128/><F128/><W19/><G8/><T2/><D2/><U38/><E38/><V133/><F133/><W74/><G11/><T118/><D118/><U131/><E131/><V42/><F45/><N who="0" m="17482" /><D20/><U52/><E3/><V36/><F50/><W4/><G23/><T15/><AGARI ba="0,0" hai="13,14,15,51,55,57,100,101" m="17482,31306" machi="15" ten="30,4000,0" yaku="8,1,52,2" doraHai="99" who="0" fromWho="0" sc="236,40,124,-10,282,-10,358,-20" owari="276,8.0,114,-39.0,272,-13.0,338,44.0" />
</Scene>
</mjloggm>