<mjloggm ver="2.3"><GO type="169" lobby="0"/><UN n0="%33%37%33%61" n1="%E3%83%8D%E3%83%BC%E3%83%A0%E3%83%AC%E3%82%B9%EF%BC%97" n2="%E5%A4%AA%E3%81%8F%E3%81%AA%E3%81%84%E3%81%8A" n3="%E2%80%A0%41%71%75%61%E2%80%A0" dan="16,17,18,16" rate="2112.99,2159.89,2269.18,2133.11" sx="F,M,F,M"/><TAIKYOKU oya="0"/>

<Scene>
<INIT seed="0,0,0,0,2,108" ten="250,250,250,250" oya="0" hai0="121,58,98,45,105,129,111,87,104,117,130,62,6" hai1="51,5,41,100,112,102,78,96,9,19,15,42,68" hai2="8,12,39,43,74,132,35,94,123,29,23,80,79" hai3="50,24,30,27,97,52,103,47,77,127,1,89,126"/><T61/><D121/><U92/><E68/><V10/><F123/><W32/><G1/><T85/><D117/><U93/><E112/><V54/><F132/><W125/><G77/><T55/><D6/><U76/><E51/><V28/><F35/><W20/><G89/><T57/><D45/><U40/><REACH who="1" step="1"/><E5/><REACH who="1" ten="250,240,250,250" step="2"/><V33/><F39/><W63/><G63/><T7/><D7/><U118/><E118/><V88/><F43/><W83/><G83/><T13/><D62/><U116/><E116/><V99/><F80/><W86/><G86/><T0/><D61/><U81/><E81/><V106/><F74/><W37/><G37/><T134/><D87/><U34/><E34/><V56/><F33/><W49/><G50/><T70/><D85/><U46/><E46/><V128/><F56/><W25/><REACH who="3" step="1"/><G32/><REACH who="3" ten="250,240,250,240" step="2"/><T59/><D70/><U66/><E66/><V14/><F79/><W119/><G119/><T65/><D65/><U3/><E3/><V113/><F99/><AGARI ba="0,2" hai="9,15,19,40,41,42,76,78,92,93,96,99,100,102" machi="99" ten="40,5200,0" yaku="1,1,9,1,8,1,53,0" doraHai="108" doraHaiUra="21" who="1" fromWho="2" sc="250,0,240,72,250,-52,240,0" />
</Scene>
<Scene>
<INIT seed="1,0,0,4,5,30" ten="250,312,198,240" oya="1" hai0="23,84,80,128,108,112,24,38,25,0,109,90,28" hai1="125,16,129,13,81,45,21,65,73,37,4,51,76" hai2="7,118,60,14,120,88,104,49,59,53,117,55,93" hai3="57,41,69,79,134,82,46,39,3,1,115,99,58"/><U86/><E129/><V34/><F104/><W11/><G115/><T31/><D112/><U91/><E125/><V19/><F120/><W17/><G69/><T133/><D128/><U12/><E37/><V62/><F7/><W5/><G1/><T18/><D38/><U131/><E131/><V2/><F2/><W106/><G134/><T94/><D133/><U77/><E65/><V75/><F75/><N who="3" m="43391" /><G17/><T32/><D0/><U33/><E33/><V116/><F34/><W105/><G105/><T96/><REACH who="0" step="1"/><D31/><REACH who="0" ten="240,312,198,240" step="2"/><U15/><E4/><V87/><REACH who="2" step="1"/><F55/><REACH who="2" ten="240,312,188,240" step="2"/><W89/><G106/><T83/><D83/><U47/><E73/><V10/><AGARI ba="0,2" hai="10,14,19,49,53,59,60,62,87,88,93,116,117,118" machi="10" ten="30,8000,1" yaku="1,1,2,1,0,1,54,1,53,1" doraHai="30" doraHaiUra="48" who="2" fromWho="2" sc="240,-20,312,-40,188,100,240,-20" />
</Scene>
<Scene>
<INIT seed="2,0,0,1,0,33" ten="220,272,288,220" oya="2" hai0="78,55,97,111,122,42,28,108,75,58,8,50,100" hai1="81,61,71,40,68,120,80,34,127,128,96,110,94" hai2="131,24,133,116,21,1,72,36,41,60,31,16,46" hai3="30,9,20,52,19,114,39,65,83,22,99,43,44"/><V23/><F116/><W134/><G134/><T109/><D122/><U124/><E34/><V18/><F72/><W57/><G114/><T4/><D28/><U112/><E112/><V0/><F133/><W88/><G65/><T85/><D42/><U115/><E115/><V77/><F77/><W132/><G132/><T26/><D26/><U5/><E5/><V11/><F131/><W15/><G30/><T82/><D75/><U123/><E40/><V56/><F11/><W12/><G12/><T64/><D64/><N who="1" m="40975" /><E71/><V63/><F31/><W67/><G67/><T130/><D130/><U84/><E110/><V37/><F37/><W38/><G38/><T32/><D32/><U125/><E128/><V79/><F79/><W49/><REACH who="3" step="1"/><G99/><REACH who="3" ten="220,272,288,210" step="2"/><T104/><REACH who="0" step="1"/><D108/><REACH who="0" ten="210,272,288,210" step="2"/><U118/><E123/><V13/><REACH who="2" step="1"/><F63/><REACH who="2" ten="210,272,278,210" step="2"/><W103/><G103/><T129/><D129/><U45/><E120/><V25/><F25/><W119/><G119/><T62/><D62/><U7/><E118/><V86/><F86/><AGARI ba="0,3" hai="9,15,19,20,22,39,43,44,49,52,57,83,86,88" machi="86" ten="40,8000,1" yaku="1,1,54,2,53,1" doraHai="33" doraHaiUra="70" who="3" fromWho="2" sc="210,0,272,0,278,-80,210,110" />
</Scene>
<Scene>
<INIT seed="3,0,0,4,4,43" ten="210,272,198,320" oya="3" hai0="80,100,123,66,34,86,91,54,56,102,130,129,20" hai1="95,58,61,118,9,12,90,124,26,55,18,107,99" hai2="122,132,103,70,33,60,5,14,131,72,46,125,87" hai3="28,68,109,17,115,81,67,31,96,27,133,51,0"/><W79/><G115/><T8/><D123/><U64/><E124/><V116/><F72/><W127/><G0/><T7/><D34/><U114/><E114/><V82/><F116/><W88/><G127/><T42/><D42/><U128/><E128/><N who="0" m="49257" /><D20/><U135/><E135/><V25/><F125/><W1/><G1/><N who="0" m="111" /><D66/><U59/><E118/><V44/><F131/><W52/><G133/><T111/><D111/><U77/><E107/><V40/><F132/><W92/><G67/><T117/><D117/><U110/><E110/><V75/><F75/><W36/><G36/><T19/><D19/><U57/><E77/><V84/><F122/><W126/><G68/><T120/><D120/><U53/><REACH who="1" step="1"/><E26/><REACH who="1" ten="210,262,198,320" step="2"/><V65/><F25/><W4/><G126/><T16/><D102/><U71/><AGARI ba="0,1" hai="9,12,18,53,55,57,58,59,61,64,71,90,95,99" machi="71" ten="30,7900,0" yaku="1,1,2,1,0,1,53,1" doraHai="43" doraHaiUra="11" who="1" fromWho="1" sc="210,-20,262,89,198,-20,320,-39" />
</Scene>
<Scene>
<INIT seed="4,0,0,5,5,123" ten="190,351,178,281" oya="0" hai0="93,111,131,53,56,84,126,51,28,113,74,104,13" hai1="18,98,75,7,50,134,67,25,48,31,62,97,72" hai2="60,124,73,102,14,58,127,87,79,49,90,117,19" hai3="118,115,30,26,68,15,119,32,11,91,1,44,120"/><T106/><D74/><U16/><E134/><V21/><F117/><N who="3" m="44555" /><G44/><T46/><D113/><U69/><E7/><V76/><F102/><W70/><G91/><T10/><D131/><U65/><E31/><V92/><F73/><W63/><G63/><T8/><D126/><N who="2" m="48170" /><F49/><W27/><G70/><T24/><D8/><U135/><E25/><V20/><F20/><W89/><G89/><N who="0" m="53415" /><D106/><U45/><E135/><V109/><F109/><W42/><G42/><T121/><D104/><U82/><E82/><V40/><F40/><W100/><G68/><T66/><D111/><U41/><E69/><V101/><F101/><W105/><G100/><T94/><D121/><U55/><E41/><V52/><AGARI ba="0,0" hai="14,19,21,52,58,60,76,79,87,90,92" m="48170" machi="52" ten="30,2000,0" yaku="18,1,54,1" doraHai="123" who="2" fromWho="2" sc="190,-10,351,-5,178,20,281,-5" />
</Scene>
<Scene>
<INIT seed="5,0,0,1,4,23" ten="180,346,198,276" oya="1" hai0="113,60,98,91,86,57,47,114,46,43,19,28,116" hai1="6,94,127,99,77,14,55,129,10,35,1,79,97" hai2="135,134,119,88,54,11,87,70,110,9,63,17,41" hai3="33,123,111,44,100,92,66,2,27,12,80,107,58"/><U4/><E129/><V67/><F110/><W0/><G111/><T130/><D116/><U34/><E127/><V93/><F119/><W29/><G123/><T48/><D130/><U25/><E1/><V65/><F41/><W82/><G107/><T36/><D98/><U69/><E69/><V37/><F37/><W62/><G44/><T42/><D28/><U45/><E6/><V40/><F40/><W128/><G128/><T39/><D19/><U105/><E105/><V7/><F67/><W83/><REACH who="3" step="1"/><G12/><REACH who="3" ten="180,346,198,266" step="2"/><T15/><D15/><U84/><E45/><V101/><F135/><W51/><G51/><T131/><D48/><U126/><E14/><V96/><F134/><W90/><G90/><T104/><D104/><U59/><E126/><V103/><F88/><W18/><G18/><T81/><REACH who="0" step="1"/><D131/><REACH who="0" ten="170,346,198,266" step="2"/><U5/><E5/><V52/><F17/><W24/><G24/><T121/><D121/><U30/><E25/><V56/><F7/><W16/><G16/><T22/><D22/><U8/><E4/><V106/><F106/><W38/><G38/><T68/><D68/><U95/><E34/><V115/><F70/><W75/><G75/><T20/><D20/><U108/><E35/><V109/><F109/><W31/><G31/><T64/><AGARI ba="0,2" hai="36,39,42,43,46,47,57,60,64,81,86,91,113,114" machi="64" ten="30,4000,0" yaku="1,1,0,1,9,1,53,0" doraHai="23" doraHaiUra="74" who="0" fromWho="0" sc="170,60,346,-20,198,-10,266,-10" />
</Scene>
<Scene>
<INIT seed="6,0,0,2,2,44" ten="230,326,188,256" oya="2" hai0="60,33,102,105,21,67,81,18,106,15,95,108,14" hai1="100,34,82,73,58,75,10,117,83,35,31,56,52" hai2="116,59,107,78,42,99,57,27,0,114,7,25,71" hai3="115,109,26,19,131,120,65,123,125,86,110,87,11"/><V55/><F116/><W80/><G65/><T5/><D108/><N who="3" m="41577" /><G11/><T92/><D33/><U24/><E117/><V51/><F71/><W54/><G54/><T132/><D132/><U84/><E100/><V13/><F0/><W63/><G63/><T97/><D106/><U126/><E126/><V72/><F42/><W118/><G19/><T30/><D30/><U128/><E128/><V111/><F111/><W101/><G26/><T88/><D81/><U36/><E36/><V74/><F114/><W96/><G118/><T17/><D5/><U62/><E35/><V124/><F124/><W1/><G1/><T103/><D105/><U69/><E69/><V50/><F7/><W48/><G48/><T28/><D95/><U37/><E37/><V66/><F13/><W76/><G125/><T61/><D28/><U41/><E41/><V16/><F78/><N who="3" m="46359" /><G131/><T70/><REACH who="0" step="1"/><D61/><REACH who="0" ten="220,326,188,256" step="2"/><U2/><E82/><V119/><F119/><W112/><G112/><T85/><D85/><U23/><E84/><V113/><F113/><W98/><G115/><T94/><D94/><U38/><E83/><V77/><F77/><W135/><G135/><T22/><AGARI ba="0,1" hai="14,15,17,18,21,22,60,67,70,88,92,97,102,103" machi="22" ten="20,12000,2" yaku="1,1,0,1,7,1,9,1,54,1,53,1" doraHai="44" doraHaiUra="89" who="0" fromWho="0" sc="220,130,326,-30,188,-60,256,-30" />
</Scene>
<Scene>
<INIT seed="7,0,0,5,4,69" ten="350,296,128,226" oya="3" hai0="108,99,105,96,61,41,120,70,51,48,102,54,27" hai1="84,47,42,40,97,73,33,62,15,133,85,132,113" hai2="76,59,57,111,118,91,23,31,52,93,127,79,14" hai3="87,22,86,20,35,90,29,78,107,36,46,88,98"/><W128/><G35/><T19/><D120/><U37/><E73/><V129/><F127/><W58/><G128/><T24/><D108/><U119/><E33/><V8/><F129/><W43/><G78/><T71/><D96/><U77/><E113/><V80/><F118/><W122/><G122/><T6/><D6/><U60/><E119/><V45/><F111/><W34/><G34/><T130/><D130/><U117/><E117/><V92/><F31/><W95/><G58/><T49/><D41/><U72/><E72/><V55/><F23/><W32/><G32/><T74/><D74/><U50/><E97/><V13/><F45/><W123/><G123/><T65/><D71/><U3/><E3/><V103/><F80/><W124/><G124/><T21/><REACH who="0" step="1"/><D27/><REACH who="0" ten="340,296,128,226" step="2"/><U115/><E115/><V125/><F125/><W114/><G29/><T9/><D9/><U38/><E15/><V1/><F1/><W12/><G46/><AGARI ba="0,1" hai="19,21,24,46,48,49,51,54,61,65,70,99,102,105" machi="46" ten="30,2000,0" yaku="1,1,7,1,53,0" doraHai="69" doraHaiUra="11" who="0" fromWho="3" sc="340,30,296,0,128,0,226,-20" owari="370,46.0,296,10.0,128,-37.0,206,-19.0" />
</Scene>
</mjloggm>