<mjloggm ver="2.3"><GO type="169" lobby="0"/><UN n0="%E3%82%AB%E3%83%B3%E3%83%80%E3%82%BF" n1="%E5%8D%9A%E9%BA%97%E3%82%86%E3%81%8B%E3%82%8A" n2="%E5%BB%83%E4%BA%BA%E9%81%94%E9%9B%86%E5%90%88" n3="%E5%A4%AA%E3%81%8F%E3%81%AA%E3%81%84%E3%81%8A" dan="16,16,16,19" rate="2024.75,2102.09,2130.39,2329.70" sx="M,M,M,F"/><TAIKYOKU oya="0"/>

<Scene>
<INIT seed="0,0,0,0,0,31" ten="250,250,250,250" oya="0" hai0="118,15,133,4,40,44,19,51,87,41,0,102,16" hai1="18,130,108,7,53,38,17,83,54,59,23,109,81" hai2="12,86,76,92,96,28,117,52,90,37,99,34,88" hai3="125,121,14,113,75,80,58,1,57,46,74,42,73"/><T60/><D118/><U78/><E38/><V107/><F117/><W116/><G116/><T50/><D133/><U123/><E123/><V25/><F37/><W115/><G1/><T66/><D0/><U22/><E59/><V112/><F112/><W9/><G121/><T79/><D102/><U127/><E7/><V104/><F12/><W49/><G125/><T55/><D4/><U105/><E105/><V95/><REACH who="2" step="1"/><F52/><REACH who="2" ten="250,250,240,250" step="2"/><W24/><G115/><T39/><D39/><U89/><E127/><V97/><F97/><W67/><G113/><T48/><D41/><U84/><E54/><V94/><F94/><W131/><G14/><T135/><D135/><U114/><E53/><V122/><F122/><W10/><G42/><T30/><D55/><U93/><E114/><V11/><F11/><W111/><G9/><T82/><D15/><U124/><E93/><V72/><F72/><W13/><G74/><T33/><D40/><U3/><E124/><V26/><F26/><W2/><G73/><T32/><D44/><U98/><E98/><V110/><F110/><W85/><G111/><T5/><D50/><U128/><E3/><V106/><F106/><W62/><G2/><T132/><D48/><U100/><E108/><V21/><F21/><W61/><G49/><T36/><D51/><U6/><E109/><V29/><F29/><W101/><G46/><T129/><D36/><U119/><E119/><V65/><F65/><W134/><G134/><T47/><D47/><U70/><E23/><V45/><F45/><W8/><G67/><T68/><D66/><U43/><E22/><RYUUKYOKU ba="0,1" sc="250,-10,250,-10,240,30,250,-10" hai2="25,28,34,76,86,88,90,92,95,96,99,104,107" />
</Scene>
<Scene>
<INIT seed="1,1,1,2,0,25" ten="240,240,270,240" oya="1" hai0="78,15,9,106,28,81,120,58,71,6,117,103,114" hai1="77,72,26,51,123,56,30,135,131,99,74,70,48" hai2="11,22,121,93,133,31,125,14,54,101,33,35,27" hai3="127,110,126,100,96,102,86,132,39,98,83,88,2"/><U37/><E123/><V40/><F121/><W32/><G2/><T87/><D71/><U73/><E37/><V29/><F40/><W52/><G32/><T89/><D120/><U108/><E135/><V84/><F133/><W24/><G39/><T44/><D117/><U34/><E70/><V4/><F125/><N who="3" m="47627" /><G24/><T109/><D114/><U62/><E108/><V105/><F105/><N who="3" m="63623" /><G52/><T0/><D109/><U18/><E131/><V113/><F113/><W67/><G67/><T129/><D129/><U5/><E5/><V3/><F3/><W23/><G23/><T65/><D106/><U118/><E118/><V111/><F111/><W130/><G130/><T76/><D44/><U8/><E77/><V17/><F35/><W13/><G13/><T1/><D1/><U75/><E75/><V90/><F33/><W49/><G49/><T112/><D112/><U119/><E119/><V55/><F101/><W38/><G38/><T68/><D103/><U60/><E60/><V12/><F27/><W53/><G53/><AGARI ba="1,1" hai="4,11,12,14,17,22,29,31,53,54,55,84,90,93" machi="53" ten="40,5200,0" yaku="8,1,52,2" doraHai="25" who="2" fromWho="3" sc="240,0,240,0,270,65,240,-55" />
</Scene>
<Scene>
<INIT seed="2,0,0,2,3,69" ten="240,240,335,185" oya="2" hai0="57,46,27,120,8,21,40,30,7,135,48,54,60" hai1="114,53,108,36,126,84,100,106,13,81,102,25,127" hai2="67,22,85,43,64,37,113,26,104,61,52,94,77" hai3="62,92,68,134,109,41,122,10,3,44,0,66,6"/><V129/><F113/><W35/><G122/><T118/><D135/><U95/><E25/><V59/><F104/><W38/><G134/><T71/><D118/><U93/><E53/><V79/><F129/><W87/><G109/><T28/><D120/><U24/><E24/><V23/><F23/><W131/><G131/><T101/><D71/><U107/><E13/><V33/><F33/><W115/><G35/><T121/><D121/><U90/><E36/><V5/><F5/><W103/><G115/><T16/><REACH who="0" step="1"/><D101/><REACH who="0" ten="230,240,335,185" step="2"/><N who="1" m="39019" /><E114/><V29/><F67/><W110/><G110/><T98/><D98/><U128/><E108/><V75/><F64/><W86/><REACH who="3" step="1"/><G0/><AGARI ba="0,1" hai="0,7,8,16,21,27,28,30,40,46,48,54,57,60" machi="0" ten="30,7700,0" yaku="1,1,7,1,54,1,53,1" doraHai="69" doraHaiUra="14" who="0" fromWho="3" sc="230,87,240,0,335,0,185,-77" />
</Scene>
<Scene>
<INIT seed="3,0,0,5,0,105" ten="317,240,335,108" oya="3" hai0="4,78,34,94,112,67,75,25,63,17,99,68,31" hai1="133,43,95,91,85,26,79,81,121,128,134,44,96" hai2="54,53,48,11,84,64,21,74,92,39,122,129,101" hai3="66,15,40,33,41,72,118,47,23,135,113,69,19"/><W32/><G113/><T80/><D112/><U124/><E26/><V42/><F122/><W61/><G118/><T88/><REACH who="0" step="1"/><D17/><REACH who="0" ten="307,240,335,108" step="2"/><U57/><E121/><V70/><F129/><W18/><G135/><T131/><D131/><U116/><E128/><V12/><F39/><W60/><G72/><T58/><D58/><U45/><E57/><V108/><F74/><W114/><G114/><T90/><D90/><U0/><E91/><V30/><F70/><W115/><G115/><T8/><D8/><U49/><E133/><V29/><F29/><W125/><G125/><T82/><D82/><U13/><E81/><V9/><F9/><W5/><G5/><AGARI ba="0,1" hai="4,5,25,31,34,63,67,68,75,78,80,88,94,99" machi="5" ten="40,5200,0" yaku="1,1,52,1,54,1,53,0" doraHai="105" doraHaiUra="103" who="0" fromWho="3" sc="307,62,240,0,335,0,108,-52" />
</Scene>
<Scene>
<INIT seed="4,0,0,4,1,107" ten="369,240,335,56" oya="0" hai0="68,81,45,14,104,84,48,88,15,13,50,20,23" hai1="89,49,78,71,39,75,62,80,129,12,133,79,25" hai2="85,108,31,17,10,95,51,126,96,110,2,116,55" hai3="44,40,111,72,109,69,57,52,120,128,127,16,91"/><T66/><D104/><U132/><E39/><V114/><F114/><W4/><G4/><T100/><D100/><U98/><E129/><V131/><F126/><W77/><G69/><T113/><D113/><U86/><E49/><V135/><F135/><N who="1" m="51785" /><E25/><V32/><F131/><W74/><G128/><T18/><D23/><U130/><E130/><V30/><F116/><W87/><G127/><T56/><D68/><U38/><E38/><V9/><F85/><W105/><G105/><T5/><D5/><U37/><E37/><V97/><F17/><W7/><G7/><T134/><D134/><U99/><E12/><N who="0" m="4713" /><D45/><U119/><E119/><V36/><F36/><W122/><G16/><T64/><D50/><U26/><E26/><V29/><F32/><W6/><G6/><T11/><D11/><U118/><E118/><V106/><F2/><W33/><G33/><T53/><AGARI ba="0,0" hai="15,18,20,48,53,56,64,66,81,84,88" m="4713" machi="53" ten="30,3000,0" yaku="8,1,54,1" doraHai="107" who="0" fromWho="0" sc="369,30,240,-10,335,-10,56,-10" />
</Scene>
<Scene>
<INIT seed="4,1,0,3,1,46" ten="399,230,325,46" oya="0" hai0="135,9,127,42,86,10,126,74,14,17,100,49,53" hai1="12,118,21,70,116,72,32,109,20,55,7,107,59" hai2="79,130,99,40,56,132,92,43,41,23,19,37,57" hai3="134,101,73,110,28,133,106,96,80,6,82,60,4"/><T123/><D74/><U113/><E72/><V95/><F132/><N who="3" m="50795" /><G28/><T87/><D123/><U35/><E107/><V15/><F130/><W34/><G34/><T90/><D135/><U120/><E70/><V26/><F37/><W119/><G110/><T103/><D42/><U98/><E98/><V52/><F79/><N who="3" m="44143" /><G119/><T85/><D90/><U114/><E109/><V54/><F26/><W88/><G60/><T122/><D10/><N who="1" m="4191" /><E120/><V0/><F0/><W117/><G117/><T50/><D122/><U62/><E32/><V16/><F19/><W30/><G30/><T69/><D69/><U61/><E35/><V11/><F11/><W129/><G129/><T112/><D112/><N who="1" m="43115" /><E61/><N who="2" m="35975" /><F99/><W81/><G4/><T31/><D31/><U93/><E21/><V64/><F64/><W38/><G38/><T68/><D68/><U36/><E20/><V97/><F97/><N who="3" m="61743" /><G6/><T25/><D25/><U71/><E36/><V111/><F111/><W39/><G39/><T67/><D67/><U115/><E71/><V8/><F8/><W29/><G29/><T76/><D76/><U77/><E77/><V105/><F105/><W78/><G78/><T45/><D9/><U84/><E115/><V44/><F23/><W131/><G131/><T2/><D2/><U83/><E116/><V125/><F15/><W63/><G63/><T75/><D14/><U108/><E118/><V65/><F65/><W66/><G66/><T128/><D128/><U1/><E108/><V47/><F16/><W102/><G102/><N who="0" m="38955" /><D17/><U58/><E1/><V24/><F24/><W27/><G27/><T124/><D75/><RYUUKYOKU ba="1,0" sc="399,15,230,-15,325,-15,46,15" hai0="45,49,50,53,85,86,87,124,126,127" hai3="81,82,88,96" />
</Scene>
<Scene>
<INIT seed="4,2,0,3,4,0" ten="414,215,310,61" oya="0" hai0="82,31,98,127,113,81,59,85,16,94,24,123,51" hai1="84,132,86,27,91,107,63,47,78,48,67,62,108" hai2="90,60,30,118,129,83,45,17,119,58,39,12,36" hai3="15,61,131,74,35,72,65,49,33,69,56,99,11"/><T20/><D123/><U23/><E107/><V121/><F129/><W110/><G110/><T103/><D127/><U120/><E108/><V40/><F121/><W89/><G131/><T126/><D113/><U106/><E106/><V9/><F39/><W80/><G69/><T73/><D126/><U64/><E132/><V38/><F38/><W14/><G14/><T97/><D73/><U43/><E120/><V125/><F30/><W95/><G49/><T134/><D134/><U133/><E133/><V10/><F125/><W105/><G105/><T8/><D98/><U32/><E32/><V41/><F41/><W5/><REACH who="3" step="1"/><G74/><REACH who="3" ten="414,215,310,51" step="2"/><T100/><D51/><U111/><E111/><V128/><F128/><W34/><G34/><T55/><D24/><U70/><E70/><V77/><F119/><W28/><G28/><T19/><D31/><U3/><E3/><V57/><F118/><W53/><G53/><T22/><D55/><U4/><E27/><V1/><F60/><W104/><G104/><T25/><D25/><U115/><E63/><V44/><F1/><W109/><G109/><T71/><D71/><U54/><E62/><V18/><F12/><W112/><G112/><T96/><D19/><U75/><E115/><V130/><F130/><W6/><G6/><T102/><D16/><U124/><E4/><V88/><F36/><W101/><G101/><T92/><D102/><U79/><E54/><V29/><F29/><W114/><G114/><T87/><D8/><U26/><E48/><V117/><F117/><W7/><G7/><T135/><D135/><U76/><E124/><RYUUKYOKU ba="2,1" sc="414,15,215,-15,310,-15,51,15" hai0="20,22,59,81,82,85,87,92,94,96,97,100,103" hai3="5,11,15,33,35,56,61,65,72,80,89,95,99" />
</Scene>
<Scene>
<INIT seed="4,3,1,2,3,46" ten="429,200,295,66" oya="0" hai0="80,32,125,16,97,67,84,26,41,13,111,28,2" hai1="101,113,51,107,118,53,50,134,96,129,68,104,71" hai2="128,93,36,85,64,37,20,88,63,79,12,127,108" hai3="106,44,87,7,23,11,110,69,83,70,52,43,114"/><T35/><D125/><U78/><E118/><V105/><F108/><W103/><G110/><T34/><D111/><U119/><E119/><V4/><F127/><W54/><G114/><T135/><D135/><U38/><E38/><V76/><F105/><W55/><G23/><T126/><D126/><U100/><E134/><V21/><F128/><W62/><G103/><T98/><D2/><U47/><E78/><V89/><F37/><W1/><G106/><T133/><D133/><U132/><E129/><V29/><F36/><W109/><G109/><T8/><D67/><U81/><E81/><V73/><F89/><W66/><G69/><T10/><D10/><U91/><E91/><V130/><F130/><W57/><G43/><T99/><REACH who="0" step="1"/><D41/><REACH who="0" ten="419,200,295,66" step="2"/><U123/><E132/><V30/><F64/><W121/><G121/><T6/><D6/><U74/><E123/><V131/><F4/><W9/><G9/><T49/><D49/><U24/><E51/><V86/><F131/><W39/><G39/><T42/><D42/><U82/><E50/><V112/><F112/><W94/><G44/><T56/><D56/><U31/><E47/><V102/><F63/><W120/><G120/><T72/><D72/><U5/><E74/><V19/><F73/><W59/><REACH who="3" step="1"/><G94/><REACH who="3" ten="419,200,295,56" step="2"/><T58/><D58/><U115/><E113/><V61/><F93/><W22/><G22/><T124/><D124/><U33/><E115/><V90/><F21/><W60/><G60/><T92/><D92/><U14/><E107/><V48/><F61/><W65/><G65/><T75/><D75/><U18/><E104/><RYUUKYOKU ba="3,3" sc="419,15,200,-15,295,-15,56,15" hai0="8,13,16,26,28,32,34,35,80,84,97,98,99" hai3="1,7,11,52,54,55,57,59,62,66,70,83,87" />
</Scene>
<Scene>
<INIT seed="4,4,3,5,3,13" ten="434,185,280,71" oya="0" hai0="91,37,79,53,86,14,30,114,65,12,105,20,22" hai1="112,63,2,55,28,59,113,16,87,101,11,27,69" hai2="9,83,60,61,39,47,5,129,3,108,111,85,96" hai3="33,133,82,89,64,95,70,99,48,80,90,93,94"/><T135/><D105/><U132/><E69/><V104/><F129/><W92/><G33/><T44/><D135/><U36/><E36/><V125/><F125/><W58/><G70/><T31/><D79/><U131/><E131/><V78/><F61/><W116/><G116/><T57/><D65/><U115/><E132/><V88/><F60/><W84/><G133/><T40/><D114/><U128/><E128/><V52/><F52/><N who="3" m="32007" /><G64/><T42/><D42/><U46/><E101/><V100/><REACH who="2" step="1"/><F78/><REACH who="2" ten="434,185,270,71" step="2"/><N who="3" m="46103" /><G82/><T15/><D53/><U72/><E112/><V67/><F67/><W45/><G45/><T103/><D44/><U17/><E46/><V6/><F6/><W0/><G0/><T134/><D134/><U62/><E2/><V121/><F121/><W130/><G130/><T126/><D126/><U49/><E113/><V21/><F21/><W109/><G109/><T76/><D22/><U119/><E115/><V110/><F110/><W18/><G18/><T43/><D20/><N who="1" m="15463" /><E119/><V35/><F35/><W29/><G29/><T120/><D31/><U107/><E63/><V56/><F56/><W1/><G1/><T68/><D30/><U4/><E62/><V122/><F122/><W32/><G32/><T10/><D57/><U51/><E59/><V7/><F7/><W98/><AGARI ba="4,4" hai="89,90,92,93,94,95,98,99" m="46103,32007" machi="98" ten="30,2000,0" yaku="8,1,54,1" doraHai="13" who="3" fromWho="3" sc="434,-14,185,-9,270,-9,71,72" />
</Scene>
<Scene>
<INIT seed="5,0,0,0,1,66" ten="420,176,261,143" oya="1" hai0="19,1,49,102,122,125,36,135,16,8,97,5,128" hai1="35,23,104,94,123,68,27,89,37,9,50,14,39" hai2="95,82,80,56,134,74,72,93,119,116,70,43,127" hai3="13,54,2,110,112,38,132,51,107,53,96,60,73"/><U111/><E104/><V58/><F127/><W90/><G2/><T120/><D125/><U6/><E123/><N who="0" m="47145" /><D128/><U113/><E35/><V62/><F62/><W47/><G73/><T86/><D36/><U106/><E106/><V26/><F26/><W121/><G121/><T85/><D135/><U91/><E113/><V118/><F43/><W17/><G110/><T124/><D124/><U52/><E68/><V32/><F32/><W130/><G38/><T108/><D108/><U75/><E75/><V131/><F119/><W7/><G112/><T44/><D86/><U115/><E115/><V78/><F78/><W31/><G132/><T3/><D85/><U98/><E91/><V22/><F22/><W67/><G130/><T18/><D3/><U34/><E34/><V0/><F0/><W88/><G7/><T64/><D64/><U92/><E92/><V21/><F21/><W87/><G31/><T28/><D28/><U129/><E129/><V77/><F77/><W4/><G4/><T83/><D83/><U29/><REACH who="1" step="1"/><E111/><REACH who="1" ten="420,166,261,143" step="2"/><V42/><F131/><W100/><G87/><T126/><D126/><U114/><E114/><V55/><F74/><W24/><G90/><T65/><D97/><U76/><E76/><V99/><F72/><W15/><G88/><T105/><D105/><U63/><E63/><V48/><F99/><W81/><G96/><T30/><D102/><U79/><E79/><V11/><F134/><W20/><G100/><T61/><D61/><U117/><E117/><V45/><F118/><W101/><G101/><T84/><D84/><U109/><E109/><RYUUKYOKU ba="0,1" sc="420,-10,166,30,261,-10,143,-10" hai1="6,9,14,23,27,29,37,39,50,52,89,94,98" />
</Scene>
<Scene>
<INIT seed="5,1,1,4,0,5" ten="410,196,251,133" oya="1" hai0="49,88,20,41,69,93,106,122,104,70,99,37,129" hai1="126,80,38,112,120,73,113,92,19,10,52,54,71" hai2="79,109,39,6,35,4,7,16,9,81,44,75,30" hai3="50,83,128,2,57,15,36,77,42,31,8,65,78"/><U29/><E120/><V114/><F109/><W117/><G128/><T103/><D129/><U24/><E71/><V76/><F114/><N who="1" m="44137" /><E38/><V72/><F30/><W64/><G117/><T108/><D108/><U53/><E126/><V68/><F68/><W67/><G2/><T85/><D37/><U130/><E130/><V33/><F39/><W58/><G36/><T21/><D106/><U84/><E92/><V102/><F102/><W23/><G23/><T28/><D122/><U124/><E73/><V27/><F44/><N who="3" m="25879" /><G31/><T118/><D118/><U0/><E124/><V105/><F105/><W61/><G58/><T96/><D85/><U134/><E134/><V22/><F9/><W12/><G12/><T46/><REACH who="0" step="1"/><D20/><REACH who="0" ten="400,196,251,133" step="2"/><N who="1" m="15495" /><E84/><V121/><F121/><W62/><G83/><AGARI ba="1,2" hai="4,6,7,16,22,27,33,35,72,75,76,79,81,83" machi="83" ten="40,2600,0" yaku="9,1,54,1" doraHai="5" who="2" fromWho="3" sc="400,0,196,0,251,49,133,-29" />
</Scene>
<Scene>
<INIT seed="6,0,0,5,5,31" ten="400,196,300,104" oya="2" hai0="36,42,13,135,1,111,32,52,114,33,21,53,107" hai1="129,54,15,20,41,110,75,118,116,68,24,44,87" hai2="48,34,99,112,83,73,63,117,11,96,98,90,77" hai3="74,121,26,39,50,93,23,123,119,51,47,100,88"/><V49/><F117/><W8/><G119/><T27/><D107/><U128/><E68/><V82/><F112/><W62/><G74/><T64/><D111/><U97/><E75/><V46/><F34/><W127/><G127/><T67/><D1/><U29/><E110/><V92/><F83/><W108/><G108/><T131/><D13/><U85/><E54/><V103/><F63/><W65/><G39/><T2/><D2/><U40/><E15/><V55/><F11/><W14/><G100/><T37/><D27/><U102/><E41/><V4/><F4/><W25/><G123/><T12/><D12/><U35/><E20/><V0/><F0/><W79/><G79/><T22/><D42/><U60/><E60/><V133/><F133/><W6/><G121/><T59/><D59/><U5/><E5/><V58/><F103/><W126/><G126/><T38/><D38/><N who="1" m="21527" /><E116/><V80/><F82/><W18/><G26/><T61/><D61/><U30/><E30/><V101/><F101/><W76/><G76/><T45/><D135/><U19/><E19/><V69/><F69/><W91/><G47/><T120/><D45/><U94/><E118/><V7/><F7/><W84/><REACH who="3" step="1"/><G91/><REACH who="3" ten="400,196,300,94" step="2"/><T72/><D72/><U81/><E24/><V16/><F73/><W17/><G17/><T95/><D120/><U9/><E102/><V10/><F77/><W105/><G105/><T78/><D78/><U130/><E130/><V57/><F46/><W104/><G104/><T134/><D37/><U113/><E129/><V3/><F16/><W86/><G86/><T70/><D131/><RYUUKYOKU ba="0,1" sc="400,-10,196,-10,300,-10,94,30" hai3="6,8,14,18,23,25,50,51,62,65,84,88,93" />
</Scene>
<Scene>
<INIT seed="7,1,1,0,1,10" ten="390,186,290,124" oya="3" hai0="91,73,44,134,17,119,16,118,128,61,112,131,105" hai1="74,46,19,97,89,94,40,18,96,82,42,81,2" hai2="34,60,31,23,123,48,30,22,33,64,20,88,79" hai3="106,71,39,132,129,68,101,21,124,45,59,99,135"/><W43/><G129/><N who="0" m="49739" /><D112/><U55/><E2/><V84/><F123/><W11/><G124/><T37/><D134/><N who="3" m="51241" /><G21/><T27/><D105/><U6/><E6/><V50/><F79/><W56/><G11/><T49/><D37/><U26/><E96/><V9/><F9/><W93/><G106/><T47/><D73/><U104/><E104/><V120/><F120/><W113/><G113/><T67/><D91/><U58/><E74/><V1/><F1/><W85/><G85/><T77/><D77/><U53/><E46/><N who="0" m="17449" /><D49/><N who="1" m="31023" /><E55/><V78/><F78/><W3/><G3/><T7/><D7/><U86/><E82/><V29/><F34/><W62/><G59/><N who="0" m="37311" /><D27/><U116/><E26/><V51/><F33/><W63/><G63/><T15/><D17/><N who="1" m="6155" /><E116/><V52/><F31/><W76/><G76/><AGARI ba="1,1" hai="40,42,76,81,86,89,94,97" m="6155,31023" machi="76" ten="30,1000,0" yaku="8,1" doraHai="10" who="1" fromWho="3" sc="390,0,186,23,290,0,124,-13" owari="390,49.0,209,-19.0,290,9.0,111,-39.0" />
</Scene>
</mjloggm>