<mjloggm ver="2.3"><GO type="169" lobby="0"/><UN n0="%E5%A4%A9%E7%A5%9E%E4%B9%83%E9%9B%80" n1="%E7%9C%9F%E3%81%A3%E5%90%91%E5%8B%9D%E8%B2%A0" n2="%E5%A4%AA%E3%81%8F%E3%81%AA%E3%81%84%E3%81%8A" n3="%64%61%61%61%61%61%61%61" dan="16,16,18,16" rate="2071.87,2101.78,2309.26,2088.27" sx="M,F,M,M"/><TAIKYOKU oya="0"/>

<Scene>
<INIT seed="0,0,0,1,4,64" ten="250,250,250,250" oya="0" hai0="77,27,40,126,25,85,76,2,53,120,20,89,72" hai1="30,83,71,78,100,99,96,107,65,115,15,88,10" hai2="80,116,32,106,110,12,55,21,119,81,63,130,125" hai3="5,56,45,128,35,117,39,97,28,47,131,23,17"/><T48/><D120/><U121/><E121/><V62/><F32/><W108/><G117/><N who="2" m="45129" /><F106/><W69/><G108/><T87/><D2/><U102/><E30/><V14/><F110/><W135/><G135/><T129/><D126/><U113/><E88/><V1/><F1/><W94/><G5/><T90/><D129/><N who="3" m="49737" /><G39/><T75/><D40/><U91/><E91/><V26/><F130/><W134/><G134/><T50/><D20/><U46/><E46/><V103/><F103/><W95/><G56/><T60/><REACH who="0" step="1"/><D60/><REACH who="0" ten="240,250,250,250" step="2"/><U61/><E10/><V22/><F22/><W105/><G23/><T93/><D93/><U82/><E82/><N who="2" m="31851" /><F63/><W16/><G95/><T29/><D29/><U24/><E61/><V31/><F125/><W42/><G94/><T122/><D122/><U51/><E83/><V132/><F132/><W114/><G28/><T36/><D36/><U58/><E107/><V4/><F62/><W123/><G105/><T11/><D11/><U7/><E102/><V9/><F14/><W86/><G123/><T0/><D0/><U19/><E15/><V33/><F21/><W133/><G42/><T3/><D3/><U44/><E100/><V124/><F124/><W74/><G133/><T84/><D84/><U127/><E127/><V98/><F98/><W57/><G97/><T13/><D13/><U66/><E99/><V111/><F111/><W59/><G86/><T67/><D67/><U79/><E66/><V54/><AGARI ba="0,1" hai="4,9,12,26,31,33,54,55" m="31851,45129" machi="54" ten="30,1100,0" yaku="12,1" doraHai="64" who="2" fromWho="2" sc="240,-5,250,-3,250,21,250,-3" />
</Scene>
<Scene>
<INIT seed="1,0,0,3,0,132" ten="235,247,271,247" oya="1" hai0="108,56,55,9,39,106,109,120,34,50,21,124,47" hai1="16,20,60,84,97,11,19,68,70,36,61,18,107" hai2="99,119,79,111,110,51,131,8,71,128,22,90,41" hai3="52,17,76,103,57,24,74,82,65,69,44,121,0"/><U75/><E75/><V134/><F119/><W28/><G121/><T115/><D106/><U63/><E36/><V101/><F71/><W135/><G135/><T117/><D34/><U89/><E11/><V73/><F134/><W98/><G0/><T67/><D9/><U88/><E20/><V66/><F66/><W32/><G44/><T14/><D14/><U59/><E59/><V33/><F33/><W31/><G31/><T23/><D117/><U48/><E48/><V49/><F90/><W105/><G17/><T13/><D13/><U26/><E26/><V3/><F22/><W112/><G112/><T6/><D6/><U96/><E107/><N who="2" m="63935" /><F79/><W27/><G27/><T5/><D5/><U1/><E1/><V130/><F73/><W93/><G93/><T35/><D35/><U64/><E64/><V37/><F37/><W81/><G81/><T122/><D39/><U104/><E104/><V25/><F25/><W118/><G118/><T30/><D30/><U4/><E4/><N who="2" m="1055" /><F51/><W15/><G15/><T42/><D115/><U83/><REACH who="1" step="1"/><E89/><REACH who="1" ten="235,237,271,247" step="2"/><V46/><AGARI ba="0,1" hai="41,46,49,110,111,128,130,131" m="1055,63935" machi="46" ten="40,1500,0" yaku="19,1" doraHai="132" who="2" fromWho="2" sc="235,-4,237,-7,271,25,247,-4" />
</Scene>
<Scene>
<INIT seed="2,0,0,4,2,126" ten="231,230,296,243" oya="2" hai0="68,135,116,21,15,14,86,13,4,43,37,92,115" hai1="133,127,117,70,87,69,26,65,2,77,105,18,60" hai2="84,106,51,28,111,48,38,131,108,83,25,40,96" hai3="5,3,55,56,9,121,7,128,130,10,112,95,109"/><V80/><F38/><W89/><G121/><T79/><D68/><U47/><E2/><V113/><F113/><W110/><G112/><T125/><D115/><U120/><E105/><V122/><F122/><W20/><G20/><T67/><D125/><U34/><E117/><V8/><F8/><W119/><G119/><T88/><D116/><U101/><E101/><N who="2" m="62759" /><F40/><W33/><G33/><T19/><D135/><U129/><E133/><V107/><F107/><W57/><G95/><T0/><D67/><U44/><E18/><V97/><F97/><W66/><G89/><T94/><D79/><U49/><E49/><V73/><F73/><W30/><G30/><T93/><D4/><U59/><E77/><N who="2" m="46095" /><F83/><W46/><G46/><T27/><REACH who="0" step="1"/><D0/><REACH who="0" ten="221,230,296,243" step="2"/><U12/><E127/><V61/><F111/><N who="3" m="42507" /><G66/><T24/><D24/><U50/><E26/><V53/><F108/><W118/><G118/><T16/><D16/><U64/><E65/><V71/><F71/><W81/><G7/><T99/><D99/><U36/><E69/><V75/><F25/><W102/><G5/><T76/><D76/><U62/><E70/><V54/><F28/><W52/><G3/><T72/><D72/><U45/><E64/><V29/><F75/><W104/><G104/><T41/><D41/><U91/><E120/><V22/><F29/><W132/><G132/><T35/><D35/><U78/><E78/><V103/><F53/><W39/><G52/><T85/><D85/><U74/><E87/><V17/><F54/><W32/><G55/><T1/><D1/><U114/><E114/><V6/><F6/><RYUUKYOKU ba="0,1" sc="221,30,230,-10,296,-10,243,-10" hai0="13,14,15,19,21,27,37,43,86,88,92,93,94" />
</Scene>
<Scene>
<INIT seed="3,1,1,2,5,59" ten="251,220,286,233" oya="3" hai0="129,7,90,42,74,26,86,84,8,106,35,100,88" hai1="134,67,61,20,83,127,80,28,126,29,120,18,92" hai2="117,87,96,1,43,89,114,39,72,5,55,95,107" hai3="133,116,24,99,123,14,10,113,13,19,62,23,9"/><W51/><G113/><T93/><D74/><U54/><E134/><V119/><F114/><W110/><G116/><T37/><D129/><U32/><E120/><V3/><F72/><W132/><G123/><T0/><D100/><U56/><E92/><V70/><F70/><W53/><G99/><T46/><D106/><U36/><E36/><V57/><F43/><W63/><G110/><T108/><D108/><U111/><E111/><V45/><F45/><N who="3" m="27887" /><G133/><T33/><REACH who="0" step="1"/><D26/><REACH who="0" ten="241,220,286,233" step="2"/><U58/><E127/><V41/><F107/><W121/><G121/><T38/><D38/><U79/><E126/><V31/><F39/><W105/><G105/><T44/><D44/><U103/><E103/><V34/><F119/><W76/><G132/><T130/><D130/><U6/><E32/><V77/><F117/><W68/><G76/><T66/><D66/><U4/><E79/><V97/><F77/><W104/><G104/><T11/><D11/><N who="3" m="4105" /><G68/><T102/><D102/><U2/><E2/><V60/><F1/><W82/><G82/><AGARI ba="1,2" hai="0,7,8,33,35,37,42,46,82,84,86,88,90,93" machi="82" ten="30,3900,0" yaku="1,1,7,1,54,1,53,0" doraHai="59" doraHaiUra="49" who="0" fromWho="3" sc="241,62,220,0,286,0,233,-42" />
</Scene>
<Scene>
<INIT seed="4,0,0,0,3,125" ten="303,220,286,191" oya="0" hai0="133,102,30,7,90,58,50,16,71,33,61,117,12" hai1="27,82,124,134,39,4,130,78,114,120,74,35,51" hai2="20,84,112,126,37,128,86,70,129,101,108,2,66" hai3="24,10,115,119,106,104,80,65,23,69,54,5,46"/><T57/><D117/><U68/><RYUUKYOKU type="yao9" ba="0,0" sc="303,0,220,0,286,0,191,0" hai1="4,27,35,39,51,68,74,78,82,114,120,124,130,134" />
</Scene>
<Scene>
<INIT seed="4,1,0,2,3,15" ten="303,220,286,191" oya="0" hai0="2,86,66,0,115,17,126,24,62,4,92,128,52" hai1="42,49,64,56,119,81,131,118,113,28,108,14,98" hai2="117,95,110,90,85,116,3,18,53,50,88,106,26" hai3="109,25,51,77,60,96,99,34,125,38,33,120,20"/><T123/><D123/><U97/><E108/><V12/><F3/><W23/><G38/><T134/><D2/><U59/><E28/><V37/><F37/><W89/><G109/><T121/><D121/><U41/><E14/><V101/><F110/><W124/><G77/><T78/><D115/><U70/><E81/><V39/><F39/><W71/><G51/><T10/><D134/><U65/><E49/><V84/><F26/><W43/><G43/><T102/><D128/><U13/><E13/><V69/><F69/><W114/><G120/><T91/><D102/><U130/><REACH who="1" step="1"/><E70/><REACH who="1" ten="303,210,286,191" step="2"/><V122/><F122/><W135/><G71/><T72/><D0/><U75/><E75/><V104/><F117/><W47/><G125/><T6/><D126/><U112/><AGARI ba="1,1" hai="41,42,56,59,64,65,97,98,112,113,118,119,130,131" machi="112" ten="25,6400,0" yaku="1,1,0,1,22,2,53,0" doraHai="15" doraHaiUra="7" who="1" fromWho="1" sc="303,-33,210,77,286,-17,191,-17" />
</Scene>
<Scene>
<INIT seed="5,0,0,5,3,122" ten="270,287,269,174" oya="1" hai0="101,69,14,45,3,96,27,52,11,130,104,114,127" hai1="38,79,85,66,75,9,61,118,72,128,105,59,109" hai2="30,32,89,48,95,56,55,129,115,132,17,58,41" hai3="62,99,94,81,53,117,18,121,1,63,125,103,134"/><U8/><E105/><V91/><F129/><W87/><G121/><T112/><D69/><U21/><E38/><V34/><F132/><W113/><G134/><T120/><D130/><U74/><E118/><V47/><F115/><N who="0" m="44074" /><D120/><U71/><E79/><V67/><F30/><W73/><G113/><T135/><D3/><U26/><E85/><V42/><F42/><W83/><G117/><T78/><D78/><U107/><E107/><V65/><F32/><W37/><G73/><T93/><D27/><U24/><E24/><V64/><F34/><W88/><G1/><T98/><D135/><U28/><E71/><V123/><F123/><W23/><G37/><T25/><D25/><U2/><E128/><V20/><F95/><N who="3" m="58879" /><G125/><T16/><D127/><U46/><E46/><V126/><F126/><W76/><G53/><T108/><D108/><U6/><REACH who="1" step="1"/><E9/><REACH who="1" ten="270,277,269,174" step="2"/><V49/><F58/><W86/><G94/><T102/><D45/><U4/><E4/><V97/><F97/><W13/><AGARI ba="0,1" hai="13,18,23,62,63,76,81,83,86,87,88" m="58879" machi="13" ten="30,2000,0" yaku="8,1,54,1" doraHai="122" who="3" fromWho="3" sc="270,-5,277,-10,269,-5,174,30" />
</Scene>
<Scene>
<INIT seed="6,0,0,5,4,35" ten="265,267,264,204" oya="2" hai0="128,112,127,36,74,103,5,50,15,88,70,97,78" hai1="57,93,111,129,133,12,53,55,38,61,24,44,13" hai2="99,42,8,104,64,102,29,134,66,67,11,45,31" hai3="22,43,106,34,17,68,81,79,23,108,62,83,40"/><V110/><F134/><W130/><G108/><T107/><D70/><U2/><E111/><V18/><F110/><W60/><G34/><T54/><D36/><U7/><E2/><V28/><REACH who="2" step="1"/><F18/><REACH who="2" ten="265,267,254,204" step="2"/><W1/><G17/><T85/><D128/><U135/><E129/><V59/><F59/><W26/><G130/><T82/><D127/><U126/><E126/><V105/><F105/><W96/><G106/><T6/><D112/><U117/><E57/><V120/><F120/><W92/><G68/><T84/><D74/><U86/><E135/><V100/><F100/><W87/><G81/><T69/><D69/><U65/><E133/><V27/><F27/><W94/><G26/><T51/><D107/><U124/><E24/><V47/><F47/><W95/><G83/><T132/><D82/><U115/><E44/><V113/><F113/><W109/><G109/><T32/><D103/><U122/><E115/><V77/><F77/><W90/><G79/><T63/><D78/><U16/><E16/><V98/><F98/><W123/><G96/><T48/><D97/><U116/><E124/><V75/><F75/><W9/><G123/><T73/><D73/><U21/><E122/><V20/><F20/><W30/><G22/><T37/><D32/><U19/><E21/><V76/><F76/><W49/><G23/><T3/><D132/><U131/><E19/><V41/><F41/><W25/><G40/><T10/><D10/><U91/><E131/><V33/><F33/><N who="3" m="20687" /><G43/><T118/><D88/><U80/><E91/><V58/><F58/><W14/><G90/><T46/><D46/><RYUUKYOKU ba="0,1" sc="265,-10,267,-10,254,30,204,-10" hai2="8,11,28,29,31,42,45,64,66,67,99,102,104" />
</Scene>
<Scene>
<INIT seed="6,1,1,3,3,120" ten="255,257,284,194" oya="2" hai0="112,18,100,21,10,90,29,135,134,115,104,12,36" hai1="1,95,51,17,43,53,129,114,4,123,86,117,87" hai2="25,35,110,107,84,124,67,33,118,60,34,48,38" hai3="82,70,13,24,73,97,74,89,80,99,14,42,131"/><V62/><F38/><W44/><G70/><T127/><D36/><U37/><E117/><V113/><F118/><W83/><G131/><T6/><D90/><U57/><E1/><V45/><F107/><W9/><G73/><T78/><D78/><U55/><E4/><V121/><F121/><W22/><G74/><T23/><D100/><U5/><E5/><V7/><F7/><N who="3" m="3263" /><G14/><N who="0" m="5463" /><D104/><U75/><E43/><V106/><F106/><W63/><G63/><T39/><D39/><U105/><E75/><V126/><F113/><N who="0" m="43594" /><D127/><N who="2" m="48682" /><F84/><W133/><G89/><T103/><D103/><U49/><E87/><V96/><F96/><W46/><G133/><N who="0" m="50699" /><D29/><U71/><E105/><V111/><F62/><W68/><G68/><T58/><D58/><U77/><E57/><N who="2" m="37263" /><F25/><W0/><G0/><T101/><D101/><U27/><E27/><V119/><F119/><W19/><G46/><T69/><D69/><U56/><E71/><V41/><AGARI ba="1,1" hai="33,34,35,41,45,48,110,111" m="37263,48682" machi="41" ten="40,7800,0" yaku="18,1,52,2" doraHai="120" who="2" fromWho="2" sc="255,-27,257,-27,284,91,194,-27" />
</Scene>
<Scene>
<INIT seed="6,2,0,2,2,52" ten="228,230,375,167" oya="2" hai0="76,4,105,57,8,16,108,102,91,22,9,128,94" hai1="122,66,56,112,6,98,78,51,27,118,30,124,83" hai2="54,125,117,63,14,111,21,115,42,127,35,17,131" hai3="71,26,13,53,15,132,58,84,90,104,110,12,7"/><V1/><F117/><W126/><G110/><T40/><D108/><U85/><E118/><V70/><F111/><W49/><G126/><T3/><D128/><U119/><E124/><V2/><F42/><W123/><G123/><T121/><D76/><U109/><E109/><V120/><F120/><W48/><G132/><T135/><D135/><U11/><E112/><V0/><F35/><W36/><G36/><T129/><D40/><U65/><E98/><V103/><F103/><W92/><G71/><T116/><D121/><U59/><E51/><V39/><F39/><W97/><G104/><T33/><D33/><U64/><E119/><V31/><F31/><W19/><G7/><T106/><D106/><U107/><E107/><V10/><F115/><W38/><G38/><T37/><D37/><U95/><E95/><V72/><F72/><W60/><G84/><T24/><D116/><U50/><E50/><V101/><F101/><W100/><G100/><T62/><D102/><U5/><E122/><V41/><F41/><W47/><G47/><T69/><D69/><U134/><E134/><V130/><F70/><W114/><G114/><T80/><D105/><U34/><REACH who="1" step="1"/><E6/><REACH who="1" ten="228,220,375,167" step="2"/><V96/><F96/><W25/><G25/><T74/><D24/><U20/><E20/><AGARI ba="2,1" hai="12,13,15,19,20,26,48,49,53,58,60,90,92,97" machi="20" ten="40,8000,1" yaku="25,2,8,1,52,1" doraHai="52" who="3" fromWho="1" sc="228,0,220,-86,375,0,167,96" />
</Scene>
<Scene>
<INIT seed="7,0,0,0,2,26" ten="228,134,375,263" oya="3" hai0="74,37,48,40,11,129,110,105,119,61,64,47,45" hai1="117,124,46,81,120,44,85,53,0,7,39,107,112" hai2="86,135,34,104,54,118,43,133,91,93,55,106,20" hai3="84,76,98,78,125,83,56,58,19,109,127,115,72"/><W82/><G115/><T95/><D105/><N who="2" m="40554" /><F34/><W33/><G33/><T126/><D74/><U12/><E12/><V114/><F118/><W60/><G98/><T80/><D119/><U32/><E53/><V28/><F43/><W27/><G109/><T62/><D80/><U96/><E46/><V103/><F103/><W71/><G71/><T70/><D11/><U41/><E44/><V36/><F36/><W99/><G99/><T29/><D110/><U130/><E41/><V68/><F68/><W16/><G58/><T2/><D2/><U30/><E85/><V123/><F114/><W8/><G27/><T100/><D47/><U17/><E39/><V65/><F65/><N who="3" m="39047" /><G8/><T14/><D37/><U121/><E32/><V66/><F66/><W77/><G78/><T88/><D64/><U87/><E112/><V131/><F123/><W57/><G57/><T1/><D70/><U51/><E120/><V111/><F111/><W6/><G6/><T89/><D1/><U108/><E108/><V75/><F75/><W113/><G113/><T42/><D42/><U18/><E121/><V24/><F131/><W25/><G25/><T128/><D129/><U9/><E130/><V3/><F3/><W4/><G4/><T90/><D128/><U79/><E117/><V52/><F24/><W73/><G73/><T50/><D40/><U67/><E0/><V132/><F20/><W94/><G76/><T21/><D45/><U122/><E67/><V101/><F101/><W116/><G116/><T35/><D100/><U63/><E122/><V13/><F13/><W134/><G72/><RYUUKYOKU ba="0,0" sc="228,-10,134,-10,375,30,263,-10" hai2="28,52,54,55,86,91,93,132,133,135" owari="218,-18.0,124,-38.0,405,51.0,253,5.0" />
</Scene>
</mjloggm>