<mjloggm ver="2.3"><GO type="169" lobby="0"/><UN n0="%E5%A4%AA%E3%81%8F%E3%81%AA%E3%81%84%E3%81%8A" n1="%E3%83%AB%E3%83%8D%E3%82%B9%E3%82%BF" n2="%E3%82%B7%E3%83%B3%E3%83%87%E3%83%AB%E3%83%A9" n3="%E3%82%A8%E3%83%83%E3%83%95%E3%82%A7%E3%83%AB%E5%A1%94" dan="18,16,17,17" rate="2267.56,2141.41,2150.50,2131.15" sx="F,M,F,M"/><TAIKYOKU oya="0"/>

<Scene>
<INIT seed="0,0,0,5,4,83" ten="250,250,250,250" oya="0" hai0="78,6,82,127,2,43,86,4,18,5,47,24,112" hai1="68,53,13,97,130,26,92,28,9,104,105,134,124" hai2="12,88,17,57,42,16,56,93,107,66,85,51,7" hai3="21,121,20,126,62,1,63,58,15,10,118,109,23"/><T81/><D112/><U99/><E68/><V59/><F107/><W72/><G72/><T60/><D127/><U91/><E124/><V35/><F35/><W64/><G126/><T70/><D2/><U131/><E53/><V11/><REACH who="2" step="1"/><F66/><REACH who="2" ten="250,250,240,250" step="2"/><W75/><G64/><T38/><D70/><U113/><E104/><V128/><F128/><W31/><G31/><T84/><D60/><U0/><E105/><V33/><F33/><W129/><G63/><T77/><D24/><U25/><E26/><V110/><F110/><W29/><G29/><T76/><REACH who="0" step="1"/><D18/><REACH who="0" ten="240,250,240,250" step="2"/><N who="1" m="8495" /><E25/><V135/><F135/><W54/><G62/><T106/><D106/><U125/><E134/><V61/><F61/><W79/><G129/><T103/><D103/><U120/><E125/><V114/><F114/><W69/><G69/><T52/><D52/><U116/><E113/><V108/><F108/><W34/><G54/><T71/><D71/><U3/><E131/><V96/><F96/><W46/><G109/><T73/><D73/><U55/><E99/><V80/><F80/><AGARI ba="0,2" hai="4,5,6,38,43,47,76,77,78,80,81,82,84,86" machi="80" ten="40,7700,0" yaku="1,1,52,2,53,0" doraHai="83" doraHaiUra="101" who="0" fromWho="2" sc="240,97,250,0,240,-77,250,0" />
</Scene>
<Scene>
<INIT seed="0,1,0,5,0,111" ten="337,250,163,250" oya="0" hai0="31,10,96,87,9,98,83,57,21,78,119,20,62" hai1="97,18,94,42,122,112,35,16,128,120,66,75,51" hai2="28,49,84,100,56,103,117,118,105,23,108,125,7" hai3="30,91,126,74,44,50,89,33,109,61,36,82,110"/><T5/><D119/><N who="2" m="45578" /><F108/><N who="3" m="41579" /><G36/><T67/><D10/><U29/><E75/><V73/><F73/><W124/><G61/><T106/><D106/><U65/><E128/><V22/><F125/><N who="3" m="48235" /><G30/><T130/><D130/><U48/><E94/><V85/><F7/><W69/><G69/><T25/><REACH who="0" step="1"/><D21/><REACH who="0" ten="327,250,163,250" step="2"/><U17/><E120/><V59/><F22/><W41/><G33/><T133/><D133/><U6/><E35/><V99/><F23/><W47/><G44/><T115/><D115/><U86/><E112/><V27/><F105/><W54/><G41/><T14/><AGARI ba="1,1" hai="5,9,14,20,25,31,57,62,67,78,83,87,96,98" machi="14" ten="20,12000,1" yaku="1,1,0,1,7,1,8,1,53,1" doraHai="111" doraHaiUra="19" who="0" fromWho="0" sc="327,133,250,-41,163,-41,250,-41" />
</Scene>
<Scene>
<INIT seed="0,2,0,0,2,133" ten="460,209,122,209" oya="0" hai0="29,38,25,80,96,109,18,9,108,91,8,33,36" hai1="87,123,7,45,132,82,78,61,59,72,55,54,134" hai2="114,20,117,34,66,28,23,83,32,88,127,27,128" hai3="75,5,41,115,85,125,15,86,56,53,76,94,121"/><T14/><D8/><U130/><E123/><V92/><F114/><W16/><G115/><T11/><D11/><U68/><E68/><V35/><F128/><W95/><G5/><T26/><D26/><U90/><E130/><V6/><F117/><W84/><G121/><T40/><D40/><U106/><E7/><V22/><F6/><W135/><G135/><N who="1" m="51754" /><E106/><V79/><F127/><W48/><G125/><T50/><D50/><N who="1" m="29007" /><E90/><V2/><F66/><W13/><G13/><T77/><D91/><U69/><E69/><V119/><F2/><W89/><G41/><T126/><D96/><U101/><E101/><V19/><F119/><W52/><G95/><T131/><D131/><U21/><E21/><V37/><F37/><W99/><G75/><AGARI ba="2,0" hai="55,59,61,72,75,78,82,87" m="29007,51754" machi="75" ten="30,1000,0" yaku="20,1" doraHai="133" who="1" fromWho="3" sc="460,0,209,16,122,0,209,-16" />
</Scene>
<Scene>
<INIT seed="1,0,0,3,4,71" ten="460,225,122,193" oya="1" hai0="119,127,76,37,28,107,56,66,45,73,47,92,98" hai1="101,135,52,20,13,7,94,40,29,80,63,34,4" hai2="22,5,114,81,8,87,100,96,74,86,46,60,33" hai3="120,0,133,123,117,118,62,64,59,113,78,83,27"/><U79/><E34/><V1/><F33/><W36/><G0/><T128/><D119/><N who="3" m="45577" /><G27/><T67/><D107/><U61/><E40/><V97/><F114/><W23/><G23/><T116/><D116/><U126/><E135/><V115/><F115/><W84/><G113/><T31/><D73/><U3/><E3/><V130/><F130/><W30/><G30/><T25/><D76/><U58/><E126/><V88/><F60/><W51/><G133/><T11/><D11/><U57/><E94/><V131/><F131/><W124/><G124/><T109/><D128/><U112/><E101/><V32/><F32/><W90/><G51/><T77/><D77/><U72/><E112/><V111/><F111/><W18/><G18/><T17/><D17/><U105/><E105/><V54/><F22/><W70/><G70/><T26/><D109/><U16/><E29/><V6/><F6/><W38/><G78/><T50/><D50/><U125/><E125/><V39/><F54/><AGARI ba="0,0" hai="4,7,13,16,20,52,54,57,58,61,63,72,79,80" machi="54" ten="30,11600,0" yaku="7,1,9,1,54,2" doraHai="71" who="1" fromWho="2" sc="460,0,225,116,122,-116,193,0" />
</Scene>
<Scene>
<INIT seed="1,1,0,5,2,86" ten="460,341,6,193" oya="1" hai0="27,61,60,102,51,11,98,8,1,119,41,2,28" hai1="43,53,77,6,120,111,68,124,30,93,88,78,38" hai2="56,3,85,94,66,63,129,67,89,118,97,80,40" hai3="45,14,47,46,15,22,116,134,117,70,112,24,31"/><U126/><E120/><V52/><F118/><N who="3" m="45675" /><G70/><T105/><D119/><U29/><E111/><V115/><F3/><W74/><G74/><T110/><D110/><U83/><E68/><V25/><F129/><W33/><G112/><T107/><D41/><U123/><E123/><V79/><F115/><W75/><G75/><T92/><D51/><U32/><E6/><V133/><F133/><W72/><G72/><T103/><D92/><U87/><E53/><V62/><F40/><W131/><G131/><T21/><D8/><U36/><E78/><V58/><F25/><N who="3" m="18671" /><G134/><T104/><D104/><U0/><E0/><V39/><F39/><N who="1" m="14889" /><E43/><V82/><F82/><W108/><G108/><T99/><REACH who="0" step="1"/><D1/><REACH who="0" ten="450,341,6,193" step="2"/><U35/><E32/><V90/><F66/><W7/><G7/><AGARI ba="1,1" hai="2,7,11,21,27,28,60,61,98,99,102,103,105,107" machi="7" ten="40,5200,0" yaku="1,1,2,1,9,1,53,0" doraHai="86" doraHaiUra="13" who="0" fromWho="3" sc="450,65,341,0,6,0,193,-55" />
</Scene>
<Scene>
<INIT seed="2,0,0,3,1,35" ten="515,341,6,138" oya="2" hai0="64,133,24,134,84,67,72,114,79,128,110,4,56" hai1="86,23,98,10,53,27,95,123,29,2,73,21,102" hai2="116,94,42,121,18,51,41,124,87,100,19,109,126" hai3="8,120,68,129,43,54,85,32,40,83,69,104,44"/><V33/><F116/><W15/><G104/><T106/><D72/><U127/><E123/><V39/><F121/><W74/><G74/><T97/><D114/><U107/><E127/><N who="2" m="48683" /><F33/><W48/><G32/><T49/><D110/><U59/><E73/><V5/><F109/><W17/><G129/><T105/><D128/><U38/><E38/><V118/><F118/><W60/><G120/><T131/><D131/><U96/><E86/><V16/><F39/><W92/><G92/><T46/><D4/><U93/><E96/><N who="2" m="59415" /><F5/><W88/><G68/><T99/><D24/><U70/><E70/><V13/><F87/><W7/><G7/><T30/><D30/><U132/><E23/><N who="2" m="11663" /><F42/><W78/><G78/><T89/><D79/><U20/><E21/><V14/><F14/><W77/><G77/><T80/><D97/><U0/><E98/><V108/><F108/><W91/><G91/><T26/><D99/><U122/><E20/><V3/><F3/><W117/><G117/><T37/><D106/><U81/><E2/><V6/><F6/><W115/><G115/><T55/><D105/><U101/><E0/><V12/><F12/><W50/><G50/><N who="0" m="30839" /><D37/><U61/><E107/><V66/><F66/><AGARI ba="0,0" hai="8,15,17,40,43,44,48,54,60,66,69,83,85,88" machi="66" ten="40,5200,0" yaku="25,2,54,1" doraHai="35" who="3" fromWho="2" sc="515,0,341,0,6,-52,138,52" owari="515,62.0,341,14.0,-46,-55.0,190,-21.0" />
</Scene>
</mjloggm>