<mjloggm ver="2.3"><GO type="169" lobby="0"/><UN n0="%E3%82%82%E3%81%98%E3%82%89" n1="%E6%97%A5%E6%9B%9C%E6%97%A5%E3%82%88%E3%82%8A%E3%81%AE%E4%BD%BF%E8%80%85" n2="%E6%AD%A6%E5%89%87%E8%BC%9D%E6%B5%B7" n3="%E5%A4%AA%E3%81%8F%E3%81%AA%E3%81%84%E3%81%8A" dan="16,18,16,18" rate="2050.37,2258.81,2113.50,2261.43" sx="F,M,M,F"/><TAIKYOKU oya="0"/>

<Scene>
<INIT seed="0,0,0,1,4,32" ten="250,250,250,250" oya="0" hai0="73,43,127,5,128,70,114,103,11,116,24,26,15" hai1="67,126,118,125,132,46,36,44,47,131,82,48,51" hai2="9,63,98,102,16,91,121,78,20,19,49,28,50" hai3="97,53,10,117,72,38,84,8,64,40,2,68,133"/><T129/><D73/><U52/><E82/><V3/><F121/><W120/><G72/><T6/><D70/><U35/><E35/><V83/><F91/><W13/><G117/><T99/><D116/><U57/><E118/><V4/><F28/><W104/><G120/><T79/><D79/><U93/><E93/><V94/><F63/><W119/><G119/><T58/><D114/><U30/><E30/><V37/><F37/><W92/><G104/><T95/><D127/><N who="1" m="48651" /><E131/><N who="0" m="50249" /><D43/><N who="1" m="22631" /><E132/><V71/><F71/><W41/><G92/><T27/><D58/><N who="1" m="33031" /><E51/><V111/><F19/><AGARI ba="0,0" hai="5,6,11,15,19,24,26,27,95,99,103" m="50249" machi="19" ten="30,1500,0" yaku="19,1" doraHai="32" who="0" fromWho="2" sc="250,15,250,0,250,-15,250,0" />
</Scene>
<Scene>
<INIT seed="0,1,0,4,0,135" ten="265,250,235,250" oya="0" hai0="0,116,102,48,59,78,57,33,55,81,44,19,42" hai1="69,40,58,111,32,112,45,96,54,51,94,24,46" hai2="66,117,100,22,123,106,35,26,38,11,79,9,12" hai3="67,92,130,131,64,7,110,20,127,84,65,104,18"/><T120/><D120/><U71/><E111/><V70/><F38/><W63/><G104/><T75/><D33/><U98/><E112/><V128/><F79/><W134/><G110/><T30/><D30/><U107/><E107/><V121/><F66/><W76/><G134/><T108/><D116/><U72/><E72/><V132/><F70/><W129/><G7/><T41/><D0/><U27/><E45/><V118/><F100/><W52/><G92/><T82/><D82/><U21/><E32/><V115/><F106/><W91/><G76/><T34/><D34/><U8/><E8/><N who="2" m="3147" /><F132/><W90/><G84/><T77/><D77/><U49/><E96/><V29/><F115/><W37/><G37/><T60/><D108/><U13/><E13/><V101/><F101/><W126/><G63/><T43/><D102/><U25/><REACH who="1" step="1"/><E21/><REACH who="1" ten="265,240,235,250" step="2"/><V89/><F123/><W15/><REACH who="3" step="1"/><G52/><REACH who="3" ten="265,240,235,240" step="2"/><T4/><D4/><U95/><E95/><V50/><F121/><W125/><AGARI ba="1,2" hai="15,18,20,64,65,67,90,91,125,126,127,129,130,131" machi="125" ten="50,16000,3" yaku="1,1,2,1,0,1,29,2,18,1,19,1,52,3,53,0" doraHai="135" doraHaiUra="97" who="3" fromWho="3" sc="265,-81,240,-41,235,-41,240,183" />
</Scene>
<Scene>
<INIT seed="1,0,0,3,2,130" ten="184,199,194,423" oya="1" hai0="9,56,105,102,126,135,40,108,35,114,1,100,111" hai1="134,121,5,86,85,74,117,80,4,124,133,75,109" hai2="54,119,127,0,48,3,94,32,79,37,120,25,61" hai3="97,93,83,47,23,103,43,17,131,73,12,26,90"/><U52/><E117/><V76/><F37/><W46/><G131/><T82/><D35/><U71/><E121/><V81/><F120/><W50/><G73/><N who="1" m="27658" /><E71/><V34/><F119/><W29/><G47/><T16/><D114/><U129/><E129/><V22/><F61/><W8/><REACH who="3" step="1"/><G83/><REACH who="3" ten="184,199,194,413" step="2"/><T98/><D135/><N who="1" m="51723" /><E124/><V123/><F127/><W125/><G125/><T72/><D126/><U87/><E109/><V112/><F123/><W7/><G7/><N who="1" m="2634" /><E52/><V27/><F54/><W55/><G55/><T88/><D108/><U107/><E107/><V14/><F112/><W44/><G44/><T59/><D105/><U115/><E115/><V95/><F3/><W69/><G69/><T67/><D1/><U51/><E51/><V92/><F0/><W31/><G31/><T2/><D2/><U30/><E30/><V11/><F48/><W28/><G28/><T116/><D111/><U6/><E6/><V53/><F53/><W39/><G39/><T18/><D116/><U65/><E65/><V104/><F104/><W84/><G84/><T62/><D67/><U58/><E58/><V128/><F128/><W10/><G10/><T15/><D59/><U24/><E24/><V91/><F11/><W21/><G21/><T19/><D56/><U78/><AGARI ba="0,1" hai="78,80,85,86,87" m="2634,51723,27658" machi="78" ten="40,12000,1" yaku="20,1,52,3" doraHai="130" who="1" fromWho="1" sc="184,-40,199,130,194,-40,413,-40" />
</Scene>
<Scene>
<INIT seed="1,1,0,5,4,30" ten="144,329,154,373" oya="1" hai0="39,51,94,46,67,84,10,20,95,112,81,6,119" hai1="93,100,40,3,45,113,133,69,83,57,77,38,65" hai2="31,23,131,106,80,1,76,102,49,4,124,97,117" hai3="15,107,129,24,74,64,0,104,63,12,16,116,25"/><U19/><E113/><V43/><F117/><W13/><G0/><T53/><D119/><U127/><E127/><V71/><F71/><W54/><G116/><T58/><D112/><U120/><E120/><V135/><F124/><W114/><G114/><T8/><D39/><U91/><E133/><V115/><F115/><W27/><G74/><T21/><D94/><U22/><E3/><V123/><F135/><W42/><G42/><T109/><D95/><U72/><E69/><V61/><F61/><W86/><G129/><T50/><D109/><U70/><E70/><V33/><F23/><W79/><G54/><T68/><D68/><U9/><E9/><N who="0" m="3689" /><D6/><U34/><E34/><V110/><F110/><W66/><G16/><T60/><D50/><U87/><E100/><V103/><F103/><W52/><G79/><AGARI ba="1,0" hai="20,21,46,51,53,58,60,67,79,81,84" m="3689" machi="79" ten="30,1000,0" yaku="8,1" doraHai="30" who="0" fromWho="3" sc="144,13,329,0,154,0,373,-13" />
</Scene>
<Scene>
<INIT seed="2,0,0,5,2,49" ten="157,329,154,360" oya="2" hai0="100,133,37,14,102,58,53,43,70,45,125,8,86" hai1="122,67,107,7,83,60,36,120,91,118,134,1,34" hai2="95,119,71,93,39,123,105,89,97,108,5,117,88" hai3="128,82,132,4,61,62,75,129,114,19,18,126,59"/><V44/><F71/><W111/><G111/><T50/><D125/><U87/><E118/><V12/><F123/><N who="1" m="47145" /><E134/><V110/><F5/><W64/><G132/><T94/><D70/><N who="1" m="42343" /><E34/><V130/><F12/><W106/><G106/><T74/><D74/><U109/><E109/><N who="2" m="42091" /><F130/><N who="3" m="50283" /><G126/><T98/><D86/><U33/><E33/><V2/><F2/><W28/><G28/><T131/><D131/><U10/><E107/><V135/><F135/><W9/><G62/><T47/><D133/><U24/><E24/><V104/><F104/><W11/><G114/><T20/><D20/><U81/><E36/><V103/><F44/><W35/><G35/><T51/><D37/><U31/><E31/><V78/><F39/><W112/><G112/><T0/><D0/><U22/><E22/><V90/><F78/><N who="3" m="44383" /><G9/><T73/><D73/><U29/><E29/><V77/><F77/><W3/><AGARI ba="0,0" hai="3,4,11,18,19,59,61,64" m="44383,50283" machi="3" ten="30,1100,0" yaku="19,1" doraHai="49" who="3" fromWho="3" sc="157,-3,329,-3,154,-5,360,11" />
</Scene>
<Scene>
<INIT seed="3,0,0,4,1,109" ten="154,326,149,371" oya="3" hai0="118,32,45,26,82,108,60,24,134,125,23,75,22" hai1="131,106,95,40,93,59,58,53,98,84,68,48,79" hai2="87,72,117,91,64,89,104,105,90,2,12,41,124" hai3="35,37,71,132,112,85,62,43,129,76,110,38,27"/><W96/><G110/><T47/><D32/><U130/><E68/><V15/><F2/><W36/><G129/><N who="1" m="49162" /><E40/><V14/><F72/><W54/><G132/><T115/><D108/><U8/><E8/><V51/><F117/><W65/><G54/><T78/><D134/><U9/><E9/><V63/><F124/><W31/><G85/><T19/><D118/><U29/><E29/><V39/><F39/><W127/><G127/><T52/><D125/><U128/><N who="1" m="49170" /><U0/><DORA hai="103" /><E0/><V99/><F99/><W46/><G76/><T6/><D6/><U33/><E33/><V113/><F87/><W69/><G69/><T25/><D115/><U83/><E58/><V100/><F100/><AGARI ba="0,0" hai="48,53,59,79,83,84,93,95,98,100,106" m="49170" machi="100" ten="40,2600,0" yaku="19,1,52,1" doraHai="109,103" who="1" fromWho="2" sc="154,0,326,26,149,-26,371,0" />
</Scene>
<Scene>
<INIT seed="4,0,0,1,0,79" ten="154,352,123,371" oya="0" hai0="66,76,94,41,63,45,114,111,11,73,108,25,29" hai1="43,7,38,49,8,13,52,16,34,32,78,60,91" hai2="30,57,22,44,80,126,105,109,116,61,86,107,55" hai3="93,39,0,132,26,58,31,81,123,96,69,74,15"/><T115/><D94/><U122/><E122/><V106/><F109/><N who="0" m="42058" /><D11/><U119/><E119/><V21/><F126/><W51/><G93/><T118/><D118/><U4/><E78/><V10/><F116/><W113/><G123/><T20/><D76/><U75/><E75/><V3/><F30/><W36/><G74/><T28/><D28/><U37/><E37/><V128/><F44/><W90/><G31/><T77/><D77/><U97/><E38/><V47/><F47/><W131/><G90/><T53/><D53/><U121/><E121/><V133/><F128/><W88/><G88/><T2/><D2/><U6/><E43/><V102/><F102/><W46/><G0/><T120/><D120/><U48/><E60/><V33/><F33/><W18/><G131/><T84/><D84/><U67/><E67/><V1/><F133/><W40/><G132/><T87/><D87/><U65/><E65/><V92/><F92/><W103/><G40/><T23/><D23/><U135/><E135/><V82/><F86/><W117/><G117/><T59/><D73/><U50/><E52/><V14/><F1/><W125/><G103/><T129/><D129/><U83/><E97/><V27/><F3/><W17/><G96/><T9/><D9/><U35/><E91/><V112/><F112/><W56/><G113/><T124/><D124/><U100/><E100/><V42/><F42/><W68/><G125/><T64/><D66/><U71/><E71/><V5/><REACH who="2" step="1"/><F27/><REACH who="2" ten="154,352,113,371" step="2"/><W72/><G72/><T127/><D127/><U12/><E12/><V95/><F95/><W89/><G15/><RYUUKYOKU ba="0,1" sc="154,10,352,10,113,10,371,-30" hai0="20,25,29,41,45,59,63,64,114,115" hai1="4,6,7,8,13,16,32,34,35,48,49,50,83" hai2="5,10,14,21,22,55,57,61,80,82,105,106,107" />
</Scene>
<Scene>
<INIT seed="4,1,1,1,3,49" ten="164,362,123,341" oya="0" hai0="128,44,17,90,7,43,115,25,74,100,54,114,82" hai1="77,35,86,45,41,91,130,104,93,42,8,107,56" hai2="106,113,40,87,65,98,69,71,70,66,80,62,120" hai3="110,6,133,48,123,117,38,58,85,63,81,132,27"/><T9/><D100/><U2/><E35/><V34/><F120/><W125/><G110/><T92/><D128/><U0/><E130/><V53/><F34/><W102/><G38/><T37/><D25/><U95/><E77/><V33/><F33/><W68/><G117/><T131/><D131/><U50/><E42/><V4/><F113/><W52/><G123/><T108/><D17/><U16/><E0/><V83/><F40/><W18/><G125/><T57/><D108/><U99/><E56/><V124/><F124/><W46/><G68/><T134/><D134/><N who="3" m="51817" /><G6/><T39/><D39/><U135/><E135/><V94/><F4/><W73/><G73/><T76/><D90/><U64/><E64/><V72/><F106/><W51/><G102/><T101/><D101/><U109/><E109/><V118/><F72/><W79/><G46/><T13/><REACH who="0" step="1"/><D92/><REACH who="0" ten="154,362,123,341" step="2"/><N who="1" m="56735" /><E107/><V30/><F118/><W121/><G121/><T61/><AGARI ba="1,2" hai="7,9,13,37,43,44,54,57,61,74,76,82,114,115" machi="61" ten="30,6000,0" yaku="1,1,0,1,52,1,53,0" doraHai="49" doraHaiUra="47" who="0" fromWho="0" sc="154,83,362,-21,123,-21,341,-21" />
</Scene>
<Scene>
<INIT seed="4,2,0,4,2,70" ten="237,341,102,320" oya="0" hai0="43,60,116,59,32,50,16,4,5,125,40,135,12" hai1="132,95,18,0,98,127,56,47,128,15,118,123,131" hai2="29,79,2,119,24,87,22,63,104,89,107,51,121" hai3="14,11,44,61,45,102,37,62,122,90,8,110,126"/><T35/><D116/><U108/><E108/><V52/><F121/><W120/><G110/><T69/><D125/><U6/><E123/><N who="3" m="47146" /><G126/><T54/><D135/><U103/><E118/><V84/><F2/><W115/><G115/><T57/><D69/><U93/><E127/><V88/><F119/><W134/><G134/><T101/><D101/><U133/><E56/><V55/><F79/><W25/><G102/><T97/><D97/><U92/><E6/><N who="0" m="2665" /><D35/><U68/><E0/><V82/><F63/><N who="3" m="24075" /><G25/><T77/><D77/><U33/><E33/><V39/><F39/><W64/><G64/><N who="0" m="38927" /><D32/><U100/><E68/><V34/><F34/><W73/><G73/><T74/><D74/><U10/><E103/><V67/><F67/><W36/><G90/><T94/><D94/><U21/><E131/><V48/><F107/><W85/><G85/><T66/><D66/><U31/><E128/><V72/><F104/><W99/><G99/><T23/><AGARI ba="2,0" hai="12,16,23,40,43,50,54,59" m="38927,2665" machi="23" ten="30,3000,0" yaku="8,1,54,1" doraHai="70" who="0" fromWho="0" sc="237,36,341,-12,102,-12,320,-12" />
</Scene>
<Scene>
<INIT seed="4,3,0,3,0,66" ten="273,329,90,308" oya="0" hai0="119,48,103,87,63,115,75,10,106,25,5,116,134" hai1="60,133,42,79,23,59,121,104,91,80,72,30,51" hai2="43,39,74,93,31,46,117,21,1,112,27,20,22" hai3="40,77,17,86,88,47,37,4,57,36,135,12,6"/><T83/><D75/><U62/><E121/><V41/><F112/><W125/><G36/><T70/><D115/><U45/><E104/><V85/><F117/><W126/><G77/><T130/><D48/><U67/><E133/><V114/><F114/><W33/><G33/><T68/><D63/><N who="1" m="38399" /><E79/><V58/><F1/><W109/><G109/><T92/><D106/><U120/><E72/><V84/><F74/><W13/><G57/><T90/><D134/><U132/><E120/><V35/><F58/><W44/><G135/><T118/><D130/><U16/><E30/><V55/><F55/><W98/><G98/><T50/><D25/><N who="1" m="14567" /><E132/><V32/><F32/><W110/><G44/><T96/><REACH who="0" step="1"/><D50/><REACH who="0" ten="263,329,90,308" step="2"/><U82/><E62/><V38/><F38/><W0/><G37/><T124/><D124/><U111/><E60/><V3/><F39/><W76/><G126/><T15/><AGARI ba="3,1" hai="5,10,15,68,70,83,87,90,92,96,103,116,118,119" machi="15" ten="30,11700,0" yaku="1,1,0,1,52,2,53,0" doraHai="66" doraHaiUra="107" who="0" fromWho="0" sc="263,136,329,-42,90,-42,308,-42" />
</Scene>
<Scene>
<INIT seed="4,4,0,5,1,101" ten="399,287,48,266" oya="0" hai0="103,41,122,62,31,42,39,129,56,84,1,26,4" hai1="92,63,133,121,110,58,48,86,93,108,7,75,59" hai2="85,49,61,2,124,74,111,102,68,10,71,8,20" hai3="18,24,94,114,12,135,65,70,99,100,128,51,69"/><T28/><D122/><U53/><E75/><V37/><F49/><W106/><G114/><T23/><D129/><U40/><E121/><V64/><F85/><W33/><G128/><T60/><D39/><U112/><E133/><V88/><F20/><W38/><G38/><T47/><D47/><N who="1" m="25703" /><E108/><V117/><F88/><W19/><G135/><T127/><D31/><U5/><E110/><V17/><F17/><W113/><G113/><T87/><D127/><U32/><E32/><V116/><F111/><W13/><G51/><T54/><D62/><N who="1" m="36175" /><E112/><V50/><F50/><W107/><G94/><N who="1" m="36458" /><E86/><V57/><F37/><W109/><G109/><T29/><D29/><U105/><E105/><V76/><F124/><W80/><G80/><T78/><D103/><U95/><N who="1" m="36466" /><U55/><AGARI ba="4,0" hai="5,7,55,59,63" m="36466,36175,25703" machi="55" ten="30,2000,0" yaku="4,1,8,1" doraHai="101" who="1" fromWho="1" sc="399,-14,287,32,48,-9,266,-9" />
</Scene>
<Scene>
<INIT seed="5,0,0,3,2,19" ten="385,319,39,257" oya="1" hai0="38,70,106,7,6,10,115,111,25,26,91,128,81" hai1="45,39,58,51,11,66,30,71,9,117,120,17,135" hai2="24,55,123,80,109,33,35,75,43,108,133,77,22" hai3="113,126,119,16,20,63,46,21,49,132,3,50,102"/><U104/><E117/><V14/><F43/><W52/><G3/><T73/><D106/><U4/><E120/><V61/><F123/><W99/><G119/><T86/><D38/><U2/><E104/><V84/><F133/><W65/><G132/><T72/><D70/><U31/><E71/><V54/><F35/><W116/><G116/><T23/><D111/><U5/><E135/><V100/><F33/><W127/><G113/><T94/><D128/><U83/><E39/><V74/><F100/><W92/><G49/><T40/><D40/><U118/><E118/><V76/><F14/><W82/><G82/><T64/><D64/><U48/><E17/><V69/><F84/><W56/><REACH who="3" step="1"/><G21/><REACH who="3" ten="385,319,39,247" step="2"/><T60/><D23/><U122/><E122/><V130/><F130/><W8/><G8/><T107/><D81/><U105/><E83/><V129/><F129/><W32/><G32/><T124/><D10/><U110/><E110/><V90/><F80/><W95/><G95/><T15/><D94/><U27/><E51/><V12/><F22/><W114/><G114/><T28/><D115/><U85/><E105/><V131/><F131/><W47/><G47/><T18/><D107/><U62/><E48/><V57/><F108/><W53/><G53/><T59/><D73/><U98/><E45/><V78/><F55/><W112/><G112/><T37/><D72/><U29/><E2/><V121/><F109/><W44/><G44/><T34/><D37/><U68/><E9/><V125/><F75/><W1/><G1/><T89/><D34/><U101/><E11/><V103/><F74/><RYUUKYOKU ba="0,1" sc="385,-10,319,-10,39,-10,247,30" hai3="16,20,46,50,52,56,63,65,92,99,102,126,127" />
</Scene>
<Scene>
<INIT seed="6,1,1,3,2,1" ten="375,309,29,277" oya="2" hai0="129,37,48,69,26,64,34,96,133,97,24,61,7" hai1="87,84,6,31,98,73,13,95,93,23,76,126,20" hai2="56,128,78,59,101,57,118,105,65,92,132,85,112" hai3="52,86,91,108,130,115,70,122,58,22,82,109,71"/><V119/><F112/><W135/><G122/><T72/><D37/><U33/><E126/><V81/><F128/><W100/><G130/><T116/><D72/><U134/><E134/><V9/><F132/><W125/><G135/><T2/><D133/><U54/><E73/><V63/><F105/><W111/><G125/><T114/><D114/><U127/><E127/><V88/><F101/><W44/><G115/><T3/><D3/><U29/><E54/><V123/><F123/><W41/><G100/><T89/><D129/><U21/><E33/><V36/><F36/><W62/><REACH who="3" step="1"/><G22/><REACH who="3" ten="375,309,29,267" step="2"/><T94/><D34/><U11/><E23/><V110/><F110/><W30/><G30/><T68/><D116/><U32/><E32/><V67/><F119/><W45/><G45/><T39/><D69/><U83/><E21/><V17/><F118/><W47/><G47/><T60/><D68/><U106/><E20/><V43/><F43/><W28/><G28/><T117/><D117/><U124/><E124/><V49/><F49/><AGARI ba="1,2" hai="41,44,49,52,58,62,70,71,82,86,91,108,109,111" machi="49" ten="40,2600,0" yaku="1,1,54,1,53,0" doraHai="1" doraHaiUra="19" who="3" fromWho="2" sc="375,0,309,0,29,-29,267,49" />
</Scene>
<Scene>
<INIT seed="7,0,0,5,0,129" ten="375,309,0,316" oya="3" hai0="87,82,115,21,8,104,91,133,61,39,81,26,36" hai1="63,6,134,70,118,22,105,2,94,25,43,1,100" hai2="125,50,34,4,96,88,74,107,122,15,27,75,102" hai3="98,16,5,40,101,54,124,68,97,67,7,24,57"/><W80/><G124/><T112/><D133/><U95/><E105/><V126/><F50/><N who="3" m="30935" /><G68/><T64/><D8/><U84/><E118/><V69/><F15/><W12/><G67/><T109/><D104/><U9/><E1/><V14/><F14/><W121/><G121/><T130/><D130/><U29/><E43/><V0/><F27/><W89/><G40/><T128/><D109/><U33/><E134/><V18/><F18/><W23/><G101/><T86/><D128/><U56/><E70/><V53/><F53/><W41/><G41/><T83/><D39/><U19/><E84/><V17/><F17/><N who="3" m="12399" /><G80/><T37/><D37/><U31/><E100/><V76/><F102/><W77/><G77/><T3/><D36/><U123/><E123/><V46/><F76/><W11/><G89/><T116/><D3/><U103/><E103/><V66/><F88/><W110/><G110/><T49/><D116/><U38/><E38/><V78/><F78/><W58/><G58/><N who="0" m="36919" /><D87/><U51/><E51/><V44/><F69/><W127/><G127/><T48/><D81/><U113/><E113/><N who="0" m="43593" /><D83/><U55/><REACH who="1" step="1"/><E31/><AGARI ba="0,0" hai="21,26,31,48,49,82,86,91" m="43593,36919" machi="31" ten="30,2000,0" yaku="15,1,11,1" doraHai="129" who="0" fromWho="1" sc="375,20,309,-20,0,0,316,0" owari="395,49.0,289,-11.0,0,-50.0,316,12.0" />
</Scene>
</mjloggm>