<mjloggm ver="2.3"><GO type="169" lobby="0"/><UN n0="%65%72%6F%67%72%65%65%6E" n1="%E5%A4%AA%E3%81%8F%E3%81%AA%E3%81%84%E3%81%8A" n2="%E6%9D%8E%E7%A9%8E%E8%97%8D" n3="%E6%B4%A5%E7%94%B0%E6%B2%BC%E3%81%A3%E5%AD%90" dan="17,18,17,16" rate="2178.75,2251.25,2151.88,2136.59" sx="M,M,M,M"/><TAIKYOKU oya="0"/>

<Scene>
<INIT seed="0,0,0,1,0,115" ten="250,250,250,250" oya="0" hai0="23,45,42,66,82,0,92,102,7,44,128,26,120" hai1="112,1,60,98,83,35,119,50,70,36,12,19,30" hai2="72,101,74,110,43,17,32,8,54,22,106,80,95" hai3="133,131,37,81,85,15,6,121,76,27,118,116,55"/><T71/><D120/><U3/><E36/><V89/><F32/><W46/><G121/><T28/><D128/><U129/><E129/><V126/><F110/><W113/><G113/><T75/><D0/><U134/><E112/><V10/><F43/><W21/><G131/><T127/><D7/><U79/><E134/><V25/><F126/><W84/><G133/><T86/><D127/><U69/><E50/><V29/><F29/><W111/><G111/><T117/><D117/><U14/><E98/><V135/><F135/><W73/><G73/><T4/><D4/><U56/><E30/><V59/><F106/><W34/><G34/><T13/><D13/><U39/><E39/><V33/><F33/><W16/><G85/><T132/><D132/><U5/><E35/><V52/><F74/><W123/><G123/><T94/><D75/><U11/><E12/><V48/><F54/><W38/><G38/><T18/><D18/><U9/><E1/><V68/><F68/><W90/><G76/><N who="0" m="46407" /><D42/><U65/><E119/><V96/><REACH who="2" step="1"/><F89/><REACH who="2" ten="250,250,240,250" step="2"/><W51/><REACH who="3" step="1"/><G37/><REACH who="3" ten="250,250,240,240" step="2"/><T78/><D78/><AGARI ba="0,2" hai="8,10,17,22,25,48,52,59,72,78,80,95,96,101" machi="78" ten="40,5200,0" yaku="1,1,2,1,54,1,53,0" doraHai="115" doraHaiUra="24" who="2" fromWho="0" sc="250,-52,250,0,240,72,240,0" />
</Scene>
<Scene>
<INIT seed="1,0,0,2,1,69" ten="198,250,312,240" oya="1" hai0="134,121,46,65,74,44,102,117,128,124,85,86,126" hai1="111,2,103,19,91,79,97,125,96,63,99,115,27" hai2="60,87,110,122,83,29,61,3,76,14,32,36,77" hai3="114,80,112,89,88,37,55,49,25,21,71,123,24"/><U52/><E115/><V54/><F122/><W90/><G71/><T64/><D117/><U12/><E2/><V35/><F3/><W17/><G123/><T40/><D121/><U20/><E125/><V6/><F36/><W68/><G68/><T131/><D74/><U42/><E79/><V34/><F110/><W43/><G80/><T98/><D98/><U130/><E130/><N who="0" m="49705" /><D102/><U107/><E111/><V132/><F132/><W104/><G104/><T82/><D82/><U45/><E91/><V135/><F135/><W41/><G25/><T120/><D120/><U16/><E63/><V56/><F76/><W31/><G31/><T22/><D22/><U33/><E52/><V7/><F29/><W118/><G118/><T113/><D113/><U109/><E109/><V73/><F73/><W70/><G70/><T51/><D134/><U66/><E66/><N who="0" m="25705" /><D46/><U4/><E4/><V58/><F7/><W75/><G75/><T78/><D78/><U15/><E33/><V39/><F6/><W116/><G116/><T101/><D101/><U8/><REACH who="1" step="1"/><E27/><REACH who="1" ten="198,240,312,240" step="2"/><V119/><F119/><W28/><G114/><T129/><D129/><U95/><E95/><V23/><F35/><W106/><G112/><T108/><D108/><U1/><E1/><V9/><F34/><W26/><G106/><T38/><D126/><U18/><E18/><N who="2" m="8527" /><F32/><W59/><G26/><T133/><D124/><U10/><E10/><V94/><F94/><W11/><G11/><T30/><D133/><U13/><E13/><V67/><F23/><W50/><G17/><T57/><D30/><U81/><E81/><RYUUKYOKU ba="0,1" sc="198,10,240,10,312,10,240,-30" hai0="38,40,44,51,57,85,86" hai1="8,12,15,16,19,20,42,45,96,97,99,103,107" hai2="39,54,56,58,60,61,67,77,83,87" />
</Scene>
<Scene>
<INIT seed="1,1,1,0,0,97" ten="208,250,322,210" oya="1" hai0="19,22,130,83,15,124,49,31,94,10,118,41,57" hai1="44,27,34,92,112,109,76,85,43,33,2,73,68" hai2="55,46,71,70,28,62,50,24,48,78,60,0,32" hai3="133,88,38,7,79,54,119,121,96,30,51,45,47"/><U63/><E112/><V18/><F0/><W117/><G121/><T120/><D118/><U66/><E2/><V56/><F78/><W52/><G79/><T110/><D120/><U9/><E9/><V67/><F18/><W59/><G7/><T86/><D130/><U101/><E109/><V58/><REACH who="2" step="1"/><F50/><REACH who="2" ten="208,250,312,210" step="2"/><W40/><G30/><T126/><D31/><U111/><E111/><V81/><F81/><W16/><G16/><T123/><D83/><U39/><E73/><V21/><F21/><W100/><G133/><T53/><D110/><U17/><E76/><V113/><F113/><W5/><G5/><T65/><D22/><U91/><E17/><V95/><F95/><W114/><G114/><T36/><D123/><U125/><E34/><V90/><F90/><W64/><G88/><T82/><D94/><U102/><REACH who="1" step="1"/><E125/><REACH who="1" ten="208,240,312,210" step="2"/><V4/><F4/><W128/><G128/><T6/><D126/><U103/><E103/><V122/><F122/><W69/><G100/><T12/><D124/><U35/><E35/><V25/><F25/><W132/><G132/><T37/><D19/><U115/><E115/><V129/><F129/><W72/><G72/><T98/><D6/><U23/><E23/><V134/><F134/><W77/><G77/><T93/><D10/><U127/><E127/><V105/><F105/><W11/><G11/><T13/><D13/><U99/><E99/><V14/><F14/><W107/><G96/><T108/><D12/><U8/><E8/><V3/><F3/><W42/><G107/><T29/><D15/><U106/><E106/><V20/><F20/><RYUUKYOKU ba="1,3" sc="208,-15,240,15,312,15,210,-15" hai1="27,33,39,43,44,63,66,68,85,91,92,101,102" hai2="24,28,32,46,48,55,56,58,60,62,67,70,71" />
</Scene>
<Scene>
<INIT seed="1,2,3,1,5,38" ten="193,255,327,195" oya="1" hai0="3,114,127,41,14,9,45,134,84,46,24,33,133" hai1="11,121,91,124,113,44,6,132,0,59,25,58,128" hai2="73,57,89,52,81,69,120,63,20,17,32,99,76" hai3="37,4,93,51,39,15,94,48,56,7,23,112,83"/><U28/><E113/><V22/><F120/><W87/><G112/><T68/><D114/><U88/><E121/><V131/><F32/><W10/><G7/><T118/><D68/><U29/><E124/><V50/><F131/><W103/><G39/><T116/><D3/><U119/><E119/><V8/><F8/><W109/><G37/><T60/><D60/><U85/><E128/><V129/><F129/><W47/><G109/><T16/><D84/><U100/><E132/><N who="0" m="50793" /><D127/><U42/><E100/><V96/><F89/><W107/><G107/><T111/><D111/><U95/><E91/><V75/><F75/><W106/><G106/><T123/><D123/><U126/><E126/><V79/><F79/><W70/><G70/><T54/><D54/><U1/><E1/><V110/><F110/><W19/><G56/><T82/><D82/><U61/><E25/><V102/><F102/><W101/><G101/><T66/><D66/><U125/><E125/><V53/><F69/><W98/><G94/><T65/><D65/><U122/><E122/><V13/><F22/><W12/><REACH who="3" step="1"/><G47/><AGARI ba="2,3" hai="13,17,20,47,50,52,53,57,63,73,76,81,96,99" machi="47" ten="30,2000,0" yaku="7,1,54,1" doraHai="38" who="2" fromWho="3" sc="193,0,255,0,327,56,195,-26" />
</Scene>
<Scene>
<INIT seed="2,0,0,1,4,4" ten="193,255,383,169" oya="2" hai0="79,127,13,11,10,28,73,25,29,83,86,128,21" hai1="88,124,34,96,101,55,82,41,23,37,38,47,22" hai2="63,129,116,132,20,114,46,68,130,36,48,31,103" hai3="77,115,66,75,44,102,17,27,84,6,125,0,42"/><V16/><F114/><W70/><G115/><T123/><D123/><U39/><E34/><V57/><F116/><W108/><G108/><T12/><D127/><U105/><E124/><V90/><F68/><W91/><G125/><T64/><D128/><N who="2" m="49258" /><F36/><W97/><G66/><T87/><D64/><U30/><E55/><V95/><F103/><W52/><G70/><T118/><D118/><U45/><E30/><V61/><F31/><W100/><G75/><T131/><D131/><U69/><E69/><V133/><F48/><W121/><G77/><T92/><D29/><U80/><E39/><V26/><F46/><W74/><G74/><T71/><D71/><U32/><E32/><V120/><F120/><W72/><G72/><T113/><D113/><U24/><E47/><V9/><F9/><N who="0" m="3082" /><D73/><U117/><E38/><V3/><F3/><W107/><G121/><T122/><D122/><U85/><E117/><V60/><F57/><W50/><G42/><T14/><D87/><AGARI ba="0,0" hai="16,20,26,60,61,63,87,90,95,132,133" m="49258" machi="87" ten="30,2900,0" yaku="19,1,54,1" doraHai="4" who="2" fromWho="0" sc="193,-29,255,0,383,29,169,0" />
</Scene>
<Scene>
<INIT seed="2,1,0,0,4,44" ten="164,255,412,169" oya="2" hai0="77,38,84,81,10,115,53,133,114,89,42,16,4" hai1="76,87,75,109,1,132,66,118,134,57,13,107,93" hai2="129,69,34,20,128,55,94,62,98,27,9,31,88" hai3="49,91,110,8,119,121,113,21,28,56,102,37,101"/><V131/><F9/><W0/><G37/><T5/><D133/><U117/><E1/><V92/><F92/><W65/><G119/><T15/><D38/><U59/><E107/><V32/><REACH who="2" step="1"/><F55/><REACH who="2" ten="164,255,402,169" step="2"/><W45/><G121/><T111/><D115/><U58/><E93/><V82/><F82/><W6/><G113/><T30/><D114/><U83/><E83/><V23/><F23/><W80/><G110/><T41/><D111/><U105/><E132/><V68/><F68/><W2/><G2/><T14/><D53/><U46/><E134/><V103/><F103/><W86/><G21/><T48/><D81/><U97/><E109/><V3/><F3/><W25/><G102/><T12/><D10/><U47/><E118/><V71/><F71/><W125/><G101/><T85/><D4/><U11/><E117/><V126/><F126/><W72/><G125/><T19/><D5/><U123/><E123/><V35/><F35/><W26/><G8/><T61/><D41/><U22/><E22/><V96/><F96/><W127/><G6/><T24/><D42/><U135/><E97/><V64/><AGARI ba="1,1" hai="20,27,31,32,34,62,64,69,88,94,98,128,129,131" machi="64" ten="40,12000,1" yaku="1,1,0,1,19,1,54,1,53,0" doraHai="44" doraHaiUra="36" who="2" fromWho="2" sc="164,-41,255,-41,402,133,169,-41" />
</Scene>
<Scene>
<INIT seed="2,2,0,0,5,13" ten="123,214,535,128" oya="2" hai0="93,32,43,23,45,83,25,30,54,114,87,9,118" hai1="99,89,48,19,101,127,67,2,96,73,8,61,39" hai2="44,55,94,103,4,122,46,132,63,124,81,113,78" hai3="131,80,112,120,18,57,47,64,34,52,0,135,74"/><V68/><F122/><W90/><G120/><T42/><D114/><U117/><E39/><V26/><F113/><W75/><G34/><T29/><D118/><U33/><E117/><V20/><F4/><W49/><G0/><T16/><D93/><U59/><E73/><V97/><F124/><W77/><G112/><T109/><D109/><U91/><E33/><V119/><F119/><W70/><G70/><T130/><D130/><U126/><E48/><V28/><F132/><W10/><G135/><T98/><D98/><U116/><E116/><V21/><F20/><W128/><G90/><T92/><D92/><U50/><E50/><V35/><F35/><W5/><G5/><T31/><D54/><U60/><E2/><V62/><F68/><W88/><G75/><T14/><D32/><U115/><E115/><V40/><F40/><N who="0" m="15402" /><D45/><N who="2" m="17514" /><F55/><W7/><G7/><T38/><D38/><U107/><E127/><V12/><F94/><W56/><G64/><T37/><D37/><U121/><E126/><V58/><F97/><W1/><G1/><T86/><D83/><U6/><E121/><V82/><F82/><W11/><G11/><T65/><D65/><N who="1" m="39071" /><E99/><V100/><F81/><W36/><G36/><T17/><AGARI ba="2,0" hai="9,14,16,17,23,25,29,30,31,86,87" m="15402" machi="17" ten="30,7900,0" yaku="8,1,52,2,54,1" doraHai="13" who="0" fromWho="0" sc="123,85,214,-22,535,-41,128,-22" />
</Scene>
<Scene>
<INIT seed="3,0,0,4,0,71" ten="208,192,494,106" oya="3" hai0="2,41,120,34,56,57,48,67,11,45,30,117,9" hai1="37,104,13,102,96,112,76,19,131,93,91,61,110" hai2="60,77,40,97,5,21,109,33,103,113,16,95,99" hai3="129,83,81,23,0,14,64,128,59,26,15,79,24"/><W8/><G0/><T118/><D120/><U82/><E110/><V115/><F33/><W49/><G83/><T18/><D34/><U22/><E131/><V35/><F35/><W66/><G26/><T123/><D123/><U85/><E112/><V58/><F5/><W119/><G119/><T32/><D32/><U114/><E114/><V25/><F109/><W54/><G64/><T126/><D30/><U7/><E7/><V55/><F77/><W105/><G105/><T28/><D28/><U4/><E4/><V94/><F40/><W3/><G3/><T42/><D2/><U127/><E127/><V121/><F121/><W68/><G68/><T52/><D126/><U78/><E37/><V125/><F125/><W51/><G51/><T135/><D135/><U27/><E61/><V65/><F65/><W39/><G66/><T73/><D73/><U88/><REACH who="1" step="1"/><E27/><REACH who="1" ten="208,182,494,106" step="2"/><V29/><F113/><W44/><G129/><T101/><D118/><U98/><AGARI ba="0,1" hai="13,19,22,76,78,82,85,88,91,93,96,98,102,104" machi="98" ten="20,8000,1" yaku="1,1,2,1,0,1,7,1,54,1,53,0" doraHai="71" doraHaiUra="134" who="1" fromWho="1" sc="208,-20,182,90,494,-20,106,-40" />
</Scene>
<Scene>
<INIT seed="4,0,0,2,5,18" ten="188,272,474,66" oya="0" hai0="13,105,113,104,43,89,35,115,81,39,56,64,90" hai1="26,37,131,76,31,130,40,75,103,36,133,124,20" hai2="58,25,0,5,54,33,85,46,83,102,132,19,63" hai3="42,29,123,22,47,16,73,21,78,32,95,121,129"/><T93/><D35/><U92/><E124/><V79/><F132/><W118/><G118/><T134/><D39/><U107/><E107/><V112/><F112/><N who="0" m="43082" /><D43/><U15/><E133/><V1/><F102/><W84/><G129/><N who="1" m="49162" /><E40/><V106/><F106/><W62/><G62/><N who="0" m="37959" /><D134/><U91/><E103/><V34/><F34/><W72/><G32/><T53/><D53/><U100/><E100/><V108/><F108/><W23/><G29/><T4/><D81/><N who="1" m="45215" /><E15/><V98/><F33/><W41/><G16/><T45/><D45/><U120/><E120/><N who="3" m="46154" /><G42/><T82/><D82/><U2/><E2/><V109/><F0/><W116/><G116/><T97/><D89/><U52/><E52/><V50/><F54/><W48/><G78/><T6/><D6/><U74/><E74/><V61/><F5/><W119/><G119/><T126/><D126/><U49/><E49/><V30/><F50/><W67/><G67/><T111/><D111/><U57/><E57/><V127/><F58/><W117/><G117/><T101/><D4/><U11/><E37/><V51/><F109/><W59/><G59/><T60/><D60/><U70/><E36/><V8/><F63/><W65/><G65/><T94/><D13/><U24/><E91/><AGARI ba="0,0" hai="21,22,23,41,47,48,72,73,84,91,95" m="46154" machi="91" ten="30,7700,0" yaku="13,1,52,3" doraHai="18" who="3" fromWho="1" sc="188,0,272,-77,474,0,66,77" />
</Scene>
<Scene>
<INIT seed="5,0,0,4,0,96" ten="188,195,474,143" oya="1" hai0="38,2,58,129,125,9,16,28,17,52,53,86,93" hai1="24,91,113,48,10,114,108,115,29,34,56,78,25" hai2="74,73,97,45,85,55,35,4,118,15,131,104,69" hai3="11,39,41,95,84,88,106,102,111,77,117,54,57"/><U90/><E108/><V109/><F109/><W50/><G111/><T89/><D38/><U103/><E78/><V101/><F118/><W80/><G117/><T13/><D2/><U66/><E10/><V71/><F35/><W37/><G41/><T44/><D125/><U6/><E6/><V92/><F131/><W7/><G106/><T33/><D129/><U120/><E120/><V20/><F71/><W21/><G21/><T27/><D44/><U60/><E25/><V51/><F69/><W83/><G83/><T18/><REACH who="0" step="1"/><D53/><REACH who="0" ten="178,195,474,143" step="2"/><N who="1" m="31783" /><E103/><V68/><F101/><W59/><G59/><AGARI ba="0,1" hai="24,29,34,59,60,66,90,91,113,114,115" m="31783" machi="59" ten="30,1500,0" yaku="15,1" doraHai="96" who="1" fromWho="3" sc="178,0,195,25,474,0,143,-15" />
</Scene>
<Scene>
<INIT seed="5,1,0,0,3,47" ten="178,220,474,128" oya="1" hai0="65,22,35,89,93,20,6,30,118,79,50,106,3" hai1="129,77,100,5,105,68,130,60,102,86,80,124,59" hai2="70,117,12,113,0,85,132,126,10,121,72,73,24" hai3="48,49,76,37,97,61,11,95,127,64,46,111,115"/><U40/><E68/><V92/><F117/><W123/><G111/><T116/><D106/><U63/><E124/><V66/><F121/><W29/><G123/><T51/><D79/><U62/><E40/><V122/><F122/><W131/><G115/><T31/><D35/><U18/><E5/><V81/><F0/><W54/><G127/><T4/><D65/><U25/><E59/><V34/><F126/><W78/><G37/><T82/><D82/><U84/><E105/><V74/><F132/><W67/><G131/><N who="1" m="50186" /><E86/><V88/><F113/><W26/><G11/><T109/><D109/><U14/><E25/><V8/><F66/><W45/><G67/><T120/><D120/><U112/><E112/><V69/><F69/><W58/><G26/><T38/><D38/><U128/><E128/><V13/><F70/><W42/><G29/><N who="0" m="10763" /><D3/><U57/><E57/><V19/><F34/><W90/><AGARI ba="1,0" hai="42,45,46,48,49,54,58,61,64,76,78,90,95,97" machi="90" ten="20,8000,1" yaku="0,1,7,1,8,1,52,2" doraHai="47" who="3" fromWho="3" sc="178,-21,220,-41,474,-21,128,83" />
</Scene>
<Scene>
<INIT seed="6,0,0,3,5,79" ten="157,179,453,211" oya="2" hai0="2,46,115,22,49,62,119,105,98,67,32,104,42" hai1="127,112,7,25,53,116,83,114,14,126,36,103,8" hai2="27,111,5,66,44,38,85,107,117,11,55,99,120" hai3="80,134,10,60,77,82,65,96,71,26,76,63,59"/><V95/><F120/><W33/><G134/><T131/><D32/><U89/><E116/><V0/><F117/><W35/><G96/><T70/><D119/><U94/><E36/><V20/><F66/><W86/><G10/><T4/><D115/><N who="1" m="44075" /><E103/><V69/><F69/><W81/><G26/><T19/><D131/><U73/><E53/><V102/><F111/><W18/><G18/><T57/><D2/><U15/><E25/><V101/><F101/><W125/><G82/><T110/><D4/><U109/><E109/><V128/><F128/><W51/><G51/><T41/><D110/><U100/><E100/><V93/><F85/><W17/><G17/><T39/><D98/><N who="1" m="57679" /><E15/><V54/><F54/><W21/><G21/><T75/><D75/><U130/><E130/><V84/><F84/><W133/><G133/><T1/><D1/><U97/><E97/><V129/><F129/><W31/><G31/><T34/><D34/><U37/><E37/><V23/><F23/><W106/><G106/><T118/><D118/><U13/><E13/><V90/><F55/><W43/><G43/><T50/><D42/><U52/><E52/><V72/><F72/><W132/><G132/><T88/><D39/><U122/><E122/><V74/><F74/><W108/><G108/><T9/><D104/><U87/><E73/><V124/><F107/><W91/><G71/><T64/><D105/><U47/><E47/><V40/><F102/><W58/><G35/><T3/><D70/><U6/><E6/><V61/><F5/><W16/><G33/><T113/><D113/><U123/><E123/><RYUUKYOKU ba="0,0" sc="157,-10,179,30,453,-10,211,-10" hai1="7,8,14,83,87,126,127" />
</Scene>
<Scene>
<INIT seed="7,1,0,0,2,103" ten="147,209,443,201" oya="3" hai0="129,64,71,52,5,29,50,14,4,121,125,131,32" hai1="55,105,30,8,94,6,11,47,128,58,72,77,96" hai2="34,117,12,41,9,3,21,120,38,17,132,2,108" hai3="37,106,99,75,60,44,54,86,73,118,101,22,90"/><W123/><G123/><T51/><D121/><U31/><E105/><V102/><F120/><W61/><G118/><T39/><D39/><U25/><E128/><V62/><F108/><W95/><G22/><T127/><D32/><U82/><E47/><V36/><F34/><W119/><G119/><T130/><D29/><U76/><E76/><V16/><F117/><W83/><G75/><T126/><D14/><U18/><E18/><V116/><F116/><W70/><G70/><T113/><D113/><U48/><E25/><V100/><F132/><W13/><G13/><T66/><D71/><U49/><E49/><N who="0" m="18441" /><D52/><U111/><E111/><V33/><F33/><W88/><G54/><T65/><AGARI ba="1,0" hai="4,5,64,65,66,125,126,127,129,130,131" m="18441" machi="65" ten="50,12000,2" yaku="29,2,28,2,18,1,19,1" doraHai="103" who="0" fromWho="0" sc="147,123,209,-31,443,-31,201,-61" owari="270,7.0,178,-22.0,412,51.0,140,-36.0" />
</Scene>
</mjloggm>