<mjloggm ver="2.3"><GO type="169" lobby="0"/><UN n0="%67%61%69%61%78%78%78" n1="%E3%83%A1%E3%83%AB%E3%82%AF" n2="%E3%83%90%E3%83%90%E3%82%A2%E3%81%AE%E6%97%A5%E5%82%98" n3="%E5%A4%AA%E3%81%8F%E3%81%AA%E3%81%84%E3%81%8A" dan="16,16,16,17" rate="2076.22,2052.67,2135.19,2265.13" sx="M,M,F,M"/><TAIKYOKU oya="0"/>

<Scene>
<INIT seed="0,0,0,0,4,125" ten="250,250,250,250" oya="0" hai0="66,87,54,96,130,0,11,93,101,91,110,99,58" hai1="31,106,74,124,129,94,24,90,77,84,135,68,120" hai2="29,115,98,52,34,107,132,70,14,56,10,57,26" hai3="5,134,116,131,50,48,15,73,100,20,1,44,103"/><T16/><D66/><U23/><E120/><V128/><F115/><W119/><G73/><T88/><D110/><U71/><E124/><V118/><F132/><W43/><G1/><T3/><D3/><U42/><E135/><V69/><F128/><W61/><G134/><T22/><D0/><U37/><E106/><V111/><F111/><W89/><G61/><T97/><D130/><U45/><E129/><V104/><F57/><W4/><G131/><T133/><D11/><U38/><E38/><V80/><F118/><W2/><G2/><T62/><D133/><U6/><E6/><V25/><F25/><W102/><G119/><T55/><D55/><U85/><E74/><V126/><F126/><W82/><G50/><T67/><D67/><U79/><REACH who="1" step="1"/><E85/><REACH who="1" ten="250,240,250,250" step="2"/><V83/><F107/><W113/><G116/><T51/><D62/><U76/><AGARI ba="0,1" hai="23,24,31,37,42,45,68,71,76,77,79,84,90,94" machi="76" ten="30,12000,2" yaku="1,1,2,1,0,1,53,3" doraHai="125" doraHaiUra="75" who="1" fromWho="1" sc="250,-60,240,130,250,-30,250,-30" />
</Scene>
<Scene>
<INIT seed="1,0,0,5,1,52" ten="190,370,220,220" oya="1" hai0="74,79,98,48,118,116,71,91,37,114,90,26,96" hai1="95,130,76,34,35,128,77,73,21,104,126,22,113" hai2="7,23,120,123,16,5,0,6,19,30,81,83,67" hai3="25,125,111,119,122,59,89,70,24,42,78,72,85"/><U132/><E113/><V50/><F67/><W14/><G70/><T54/><D37/><U20/><E104/><V80/><F0/><W61/><G122/><T86/><D71/><U58/><E132/><V106/><F106/><W31/><G111/><T69/><D69/><U65/><E126/><V127/><F127/><W56/><G125/><T75/><D26/><U87/><E73/><N who="0" m="27657" /><D48/><U36/><E36/><V28/><F50/><W108/><G108/><T109/><D54/><U99/><E34/><V124/><F124/><W46/><G119/><N who="0" m="45611" /><D109/><U62/><E35/><V1/><F1/><W63/><G14/><T110/><D110/><U10/><E10/><V57/><F57/><N who="3" m="22091" /><G72/><T18/><D18/><N who="2" m="6698" /><F23/><N who="3" m="15775" /><G78/><T129/><D114/><U94/><E76/><V53/><F123/><W60/><G25/><T92/><D129/><U101/><REACH who="1" step="1"/><E77/><REACH who="1" ten="190,360,220,220" step="2"/><V45/><F120/><W32/><G32/><T117/><D79/><U41/><E41/><V12/><F28/><W64/><G64/><T2/><D117/><U66/><E66/><V40/><F30/><W100/><G100/><T39/><D39/><U55/><E55/><V29/><F53/><W17/><G17/><T134/><D134/><U13/><E13/><V49/><F29/><W4/><G4/><T121/><D121/><U135/><E135/><V11/><AGARI ba="0,1" hai="5,6,7,11,12,40,45,49,80,81,83" m="6698" machi="11" ten="30,2000,0" yaku="8,1,54,1" doraHai="52" who="2" fromWho="2" sc="190,-5,360,-10,220,30,220,-5" />
</Scene>
<Scene>
<INIT seed="2,0,0,4,3,115" ten="185,350,250,215" oya="2" hai0="16,80,53,108,91,77,74,4,92,85,128,10,106" hai1="101,96,13,95,73,94,72,135,51,48,11,88,102" hai2="17,47,107,134,109,49,69,56,65,20,46,112,120" hai3="35,83,40,78,32,114,18,79,131,12,55,61,41"/><V15/><F112/><W25/><G114/><T14/><D128/><U29/><E29/><V103/><F120/><W19/><G131/><T64/><D108/><U58/><E135/><V45/><F134/><W100/><G100/><T24/><D106/><U104/><E104/><V121/><F121/><W90/><G90/><T8/><D64/><U116/><E116/><V63/><F109/><W122/><G122/><T89/><D53/><U23/><E23/><V86/><F86/><W111/><G111/><T113/><D113/><U30/><E30/><V117/><F117/><W82/><G12/><T54/><D54/><U99/><E88/><V66/><F66/><W71/><G55/><T7/><D24/><U126/><E126/><V118/><F118/><W0/><G61/><T60/><D60/><U93/><E93/><V70/><REACH who="2" step="1"/><F49/><REACH who="2" ten="185,350,240,215" step="2"/><W129/><G129/><T43/><D74/><U75/><E51/><V26/><F26/><W28/><G25/><T68/><D68/><U98/><E48/><V132/><F132/><W125/><G71/><T39/><D39/><U9/><E73/><V130/><F130/><W33/><G125/><T22/><D43/><U67/><E72/><V81/><F81/><W52/><G52/><T59/><D59/><U3/><E75/><V57/><F57/><W44/><G40/><T76/><D76/><U34/><E58/><V87/><F87/><W36/><G79/><T37/><D77/><U42/><E67/><V119/><F119/><W27/><G78/><T50/><D50/><U105/><E42/><V127/><F127/><W123/><G41/><RYUUKYOKU ba="0,1" sc="185,-10,350,-10,240,30,215,-10" hai2="15,17,20,45,46,47,56,63,65,69,70,103,107" />
</Scene>
<Scene>
<INIT seed="2,1,1,4,2,10" ten="175,340,270,205" oya="2" hai0="65,18,47,81,7,124,42,122,24,31,118,4,73" hai1="86,2,39,130,9,59,83,107,48,71,127,108,116" hai2="50,36,60,64,100,134,72,92,103,46,37,62,95" hai3="115,57,6,94,45,55,133,77,5,123,1,99,114"/><V96/><F134/><W23/><G123/><T68/><D122/><U11/><E108/><V29/><F72/><W111/><G111/><T128/><D118/><U53/><E107/><V117/><F117/><W19/><G45/><T38/><D18/><U85/><E71/><V102/><F29/><W125/><G77/><T30/><D30/><U49/><E39/><V14/><F60/><N who="3" m="35903" /><G125/><T3/><D7/><U113/><E116/><V93/><F96/><W32/><G32/><T82/><D82/><U135/><E127/><V91/><F91/><N who="3" m="55775" /><G133/><T54/><D54/><U87/><E135/><V79/><F79/><W56/><G56/><T90/><D73/><U26/><E2/><V121/><F121/><W52/><G52/><T126/><D3/><U44/><E130/><V25/><F25/><N who="3" m="14591" /><G1/><T74/><D128/><U112/><E83/><V129/><F129/><W76/><G76/><T75/><D75/><U35/><E113/><AGARI ba="1,1" hai="5,6,113,114,115" m="14591,55775,35903" machi="113" ten="30,2000,0" yaku="25,1,11,1" doraHai="10" who="3" fromWho="1" sc="175,0,340,-23,270,0,205,33" />
</Scene>
<Scene>
<INIT seed="3,0,0,5,5,73" ten="175,317,270,238" oya="3" hai0="107,83,13,45,29,46,108,134,64,85,61,43,126" hai1="132,100,111,24,123,65,63,8,30,59,41,57,0" hai2="36,32,69,120,15,44,118,6,51,20,82,28,98" hai3="89,87,52,55,119,121,67,62,71,92,22,117,91"/><W26/><G121/><T21/><D107/><U90/><E41/><V127/><F118/><W33/><G33/><T54/><D54/><U49/><E132/><V101/><F36/><W19/><REACH who="3" step="1"/><G91/><REACH who="3" ten="175,317,270,228" step="2"/><T109/><D134/><U74/><E90/><V114/><F120/><W23/><G23/><T10/><D21/><U78/><E123/><V39/><F20/><W60/><G60/><T103/><D61/><U77/><E63/><V131/><F32/><W133/><G133/><T102/><D109/><U40/><E100/><V37/><F101/><W79/><G79/><T50/><D108/><U80/><E78/><V12/><F114/><W47/><G47/><T130/><D46/><U113/><E77/><V84/><F44/><W95/><G95/><T125/><D45/><U76/><E76/><V56/><F37/><W81/><G81/><T115/><D83/><U70/><E80/><V68/><F39/><W86/><G86/><T135/><D102/><U66/><E74/><V105/><F84/><W93/><G93/><T58/><D85/><U94/><E94/><V25/><F82/><W17/><G17/><T34/><D103/><U122/><E122/><V97/><F105/><W38/><G38/><T42/><D115/><U96/><E113/><V48/><F98/><W18/><G18/><T9/><D135/><U116/><E111/><V104/><F97/><W110/><G110/><T5/><D43/><U16/><E96/><V128/><F104/><W88/><G88/><T129/><D42/><U27/><E16/><V99/><F99/><W72/><G72/><T3/><D34/><RYUUKYOKU ba="0,1" sc="175,-10,317,-10,270,-10,228,30" hai3="19,22,26,52,55,62,67,71,87,89,92,117,119" />
</Scene>
<Scene>
<INIT seed="3,1,1,4,5,93" ten="165,307,260,258" oya="3" hai0="112,122,8,40,115,46,130,64,47,80,105,75,86" hai1="132,76,106,5,87,61,58,31,52,24,72,125,82" hai2="127,10,42,111,73,96,45,90,16,74,95,63,113" hai3="135,123,134,60,101,131,77,116,7,85,128,6,37"/><W84/><G37/><T1/><D105/><U41/><E132/><N who="3" m="50730" /><G116/><T34/><D34/><U4/><E125/><V30/><F113/><N who="0" m="43594" /><D75/><U59/><E106/><V94/><F127/><W22/><G123/><T129/><D64/><U18/><E41/><V66/><F111/><W62/><G101/><T110/><D110/><U120/><E120/><V48/><F30/><W78/><G22/><T26/><D26/><U92/><E18/><V0/><F0/><W25/><G25/><T117/><D117/><U3/><E3/><V79/><F79/><N who="3" m="30219" /><G84/><T107/><D107/><U119/><E119/><V70/><REACH who="2" step="1"/><F95/><REACH who="2" ten="165,307,250,258" step="2"/><W67/><G85/><T32/><D122/><U9/><E87/><V65/><F65/><W102/><G67/><T124/><D86/><U69/><E31/><V13/><AGARI ba="1,2" hai="10,13,16,42,45,48,63,66,70,73,74,90,94,96" machi="13" ten="30,7900,0" yaku="1,1,0,1,52,1,54,1,53,0" doraHai="93" doraHaiUra="29" who="2" fromWho="2" sc="165,-21,307,-21,250,102,258,-40" />
</Scene>
<Scene>
<INIT seed="4,0,0,1,5,26" ten="144,286,352,218" oya="0" hai0="20,110,129,70,24,57,6,123,56,27,43,92,62" hai1="37,10,121,101,98,113,93,105,69,77,32,50,90" hai2="115,135,106,81,94,119,15,31,86,65,16,51,54" hai3="130,28,84,25,68,7,95,85,96,75,59,49,40"/><T125/><D123/><U74/><E69/><V73/><F106/><W87/><G68/><T107/><D107/><U104/><E37/><V66/><F115/><W80/><G130/><T126/><D129/><U29/><E121/><V1/><F1/><W67/><G7/><T102/><D43/><U83/><E113/><V8/><F135/><W61/><G75/><T46/><D46/><U23/><E10/><V58/><F119/><W64/><G40/><T109/><D6/><U63/><E63/><V132/><F132/><W33/><G49/><T44/><D44/><U47/><E32/><V120/><F120/><W112/><G112/><T111/><D70/><U34/><E34/><V118/><F73/><W122/><G122/><T0/><D0/><U79/><E79/><N who="2" m="46399" /><F118/><W131/><G131/><T133/><D27/><U97/><E104/><V52/><F31/><W100/><REACH who="3" step="1"/><G67/><REACH who="3" ten="144,286,352,208" step="2"/><T116/><D116/><U13/><E74/><V12/><F54/><W41/><G41/><T19/><D133/><U21/><E50/><V2/><F2/><W30/><G30/><T39/><D39/><U108/><E29/><V38/><F38/><W9/><G9/><T53/><REACH who="0" step="1"/><D57/><REACH who="0" ten="134,286,352,208" step="2"/><U35/><E47/><V48/><F12/><W55/><G55/><T78/><D78/><AGARI ba="0,2" hai="25,28,33,59,61,64,78,80,84,85,87,95,96,100" machi="78" ten="30,3900,0" yaku="1,1,7,1,52,1,53,0" doraHai="26" doraHaiUra="114" who="3" fromWho="0" sc="134,-39,286,0,352,0,208,59" />
</Scene>
<Scene>
<INIT seed="5,0,0,3,3,62" ten="95,286,352,267" oya="1" hai0="119,28,61,128,21,133,1,14,112,82,129,114,44" hai1="42,74,55,67,131,118,7,90,94,64,15,46,105" hai2="5,41,132,124,19,85,96,36,59,66,26,127,2" hai3="108,81,79,109,76,68,43,103,117,16,53,63,104"/><U100/><E74/><V89/><F132/><W113/><G43/><T116/><D82/><U3/><E3/><V20/><F96/><W33/><G79/><T34/><D44/><U17/><E118/><N who="0" m="45097" /><D61/><U56/><E131/><N who="0" m="50249" /><D1/><U4/><E105/><V130/><F130/><W106/><G63/><T87/><D87/><N who="1" m="52575" /><E100/><V97/><F97/><W57/><G103/><T111/><D111/><U65/><E42/><V23/><F41/><W107/><G117/><T99/><D99/><U24/><E46/><V37/><F36/><W27/><G108/><T35/><D133/><U73/><E24/><V78/><F37/><W0/><G0/><T58/><D58/><U80/><E80/><V134/><F78/><W40/><G76/><T122/><D122/><U95/><E95/><V126/><F134/><W135/><G135/><T60/><D60/><N who="1" m="35871" /><E73/><V52/><F85/><W47/><G109/><T10/><D21/><AGARI ba="0,0" hai="4,7,15,17,21,64,65,67" m="35871,52575" machi="21" ten="30,11600,0" yaku="8,1,52,3" doraHai="62" who="1" fromWho="0" sc="95,-116,286,116,352,0,267,0" owari="-21,-52.0,402,50.0,352,15.0,267,-13.0" />
</Scene>
</mjloggm>