<mjloggm ver="2.3"><GO type="169" lobby="0"/><UN n0="%73%68%61%70%65%6C%65%72" n1="%E5%A4%AA%E3%81%8F%E3%81%AA%E3%81%84%E3%81%8A" n2="%68%61%79%61%74%6F%E2%98%86" n3="%66%65%65%73" dan="18,19,16,17" rate="2254.23,2331.04,2193.89,2171.06" sx="M,F,M,M"/><TAIKYOKU oya="0"/>

<Scene>
<INIT seed="0,0,0,5,2,26" ten="250,250,250,250" oya="0" hai0="42,85,91,49,92,34,32,14,65,135,47,6,86" hai1="13,109,77,130,79,75,61,30,121,112,29,64,11" hai2="68,118,122,44,0,98,76,111,104,110,96,117,2" hai3="123,114,50,57,82,132,90,15,80,37,52,46,4"/><T99/><D135/><U106/><E121/><V16/><F68/><W67/><G114/><T72/><D72/><U97/><E112/><V54/><F76/><N who="1" m="29257" /><E106/><V8/><F122/><W129/><G123/><T71/><D71/><U119/><E75/><V33/><F33/><W69/><G132/><T23/><D65/><U35/><E35/><V51/><F104/><W94/><G129/><T126/><D126/><U60/><E119/><N who="2" m="45579" /><F2/><W89/><G89/><T124/><D124/><U9/><E130/><V43/><F43/><N who="3" m="24927" /><G67/><T63/><D63/><N who="1" m="24139" /><E64/><V36/><F36/><W127/><G37/><T108/><D108/><N who="2" m="41514" /><F0/><W88/><G69/><T83/><D86/><U70/><E70/><V5/><F5/><W17/><G4/><T56/><D56/><U59/><E109/><V53/><F54/><W62/><G127/><T40/><D40/><U38/><E38/><V103/><F103/><W24/><G90/><T107/><D107/><U41/><E41/><V131/><F131/><W95/><G24/><T18/><REACH who="0" step="1"/><D6/><REACH who="0" ten="240,250,250,250" step="2"/><U27/><E59/><V125/><F125/><W115/><G115/><T48/><D48/><U12/><E97/><V28/><F98/><N who="3" m="57671" /><G95/><T133/><D133/><U66/><E66/><V100/><F96/><W134/><G134/><T19/><D19/><N who="1" m="8591" /><E27/><V120/><F120/><W74/><G74/><T31/><D31/><U21/><E30/><V73/><F28/><W20/><AGARI ba="0,1" hai="15,17,20,52,57,62,80,82" m="57671,24927" machi="20" ten="30,4000,0" yaku="8,1,54,2" doraHai="26" who="3" fromWho="3" sc="240,-20,250,-10,250,-10,250,50" />
</Scene>
<Scene>
<INIT seed="1,0,0,2,0,35" ten="220,240,240,300" oya="1" hai0="132,81,87,61,104,123,4,7,118,66,56,129,33" hai1="36,110,102,114,11,109,82,57,26,98,43,71,59" hai2="0,20,92,67,131,69,65,2,22,63,73,41,124" hai3="19,30,83,58,78,6,97,34,44,95,29,107,15"/><U79/><E71/><V103/><F73/><W64/><G107/><T106/><D118/><U115/><E26/><V24/><F41/><W74/><G6/><T9/><D33/><U72/><E43/><V16/><F124/><W38/><G34/><T70/><D4/><U112/><E36/><V18/><F131/><W99/><G99/><T13/><D132/><U37/><E37/><V27/><F67/><W12/><G12/><T32/><D32/><U47/><E47/><V113/><F113/><W55/><G64/><T86/><D129/><U48/><E11/><V50/><F50/><W122/><G44/><T90/><D123/><U120/><E120/><V25/><F27/><W116/><G38/><T75/><D75/><U85/><E72/><V117/><F117/><W105/><G105/><T96/><D96/><AGARI ba="0,0" hai="0,2,16,18,20,22,24,25,63,65,69,92,96,103" machi="96" ten="40,8000,1" yaku="9,1,52,2,54,1" doraHai="35" who="2" fromWho="0" sc="220,-80,240,0,240,80,300,0" />
</Scene>
<Scene>
<INIT seed="2,0,0,1,2,88" ten="140,240,320,300" oya="2" hai0="61,10,131,128,20,2,28,65,110,52,81,4,62" hai1="25,9,77,101,47,36,125,130,15,17,117,3,72" hai2="50,116,108,104,118,100,87,35,129,113,55,22,76" hai3="58,7,56,134,16,71,97,32,19,31,111,0,40"/><V115/><F35/><W135/><G71/><T68/><D110/><U69/><E117/><V27/><F129/><W78/><G111/><T74/><D28/><U43/><E69/><V92/><F108/><W85/><G40/><T37/><D20/><U99/><E130/><V59/><F104/><W120/><G120/><T5/><D5/><U39/><E125/><V84/><F84/><W123/><G123/><T80/><D80/><U53/><E53/><V112/><F76/><W49/><G78/><T75/><D75/><U34/><E39/><V60/><F60/><W127/><G85/><T103/><D103/><U48/><E36/><V105/><F105/><W122/><G122/><T6/><D6/><U14/><E3/><V96/><REACH who="2" step="1"/><F87/><REACH who="2" ten="140,240,310,300" step="2"/><W94/><G127/><T33/><D33/><U12/><E77/><V121/><F121/><W54/><G32/><T66/><D131/><U70/><E72/><V73/><F73/><W86/><G86/><T119/><D128/><U124/><E124/><V102/><F102/><W114/><G114/><T26/><D74/><U133/><E34/><V29/><AGARI ba="0,1" hai="22,27,29,50,55,59,92,96,100,112,113,115,116,118" machi="29" ten="30,6000,0" yaku="1,1,0,1,52,1,53,0" doraHai="88" doraHaiUra="82" who="2" fromWho="2" sc="140,-20,240,-20,310,70,300,-20" />
</Scene>
<Scene>
<INIT seed="2,1,0,1,2,27" ten="120,220,380,280" oya="2" hai0="13,7,6,5,24,88,1,119,89,118,94,107,54" hai1="102,35,121,123,4,111,53,80,17,96,76,101,124" hai2="42,33,9,44,79,74,131,50,28,22,92,99,2" hai3="78,97,40,70,39,47,23,108,93,36,62,125,84"/><V126/><F126/><W67/><G125/><T128/><D107/><U10/><E124/><V65/><F33/><W69/><G108/><T12/><D1/><U110/><E35/><V59/><F79/><W130/><G130/><T75/><D75/><N who="1" m="43039" /><E17/><V49/><F74/><W34/><G34/><T116/><D128/><U45/><E53/><V72/><F72/><W14/><G14/><T64/><D64/><U8/><E45/><V112/><F112/><W132/><G132/><T51/><D24/><U95/><E10/><V114/><F131/><W120/><G120/><N who="1" m="46154" /><E102/><N who="2" m="60775" /><F114/><W115/><G115/><T58/><REACH who="0" step="1"/><D89/><REACH who="0" ten="110,220,380,280" step="2"/><U134/><E134/><V11/><F2/><AGARI ba="1,1" hai="2,4,8,95,96,101,110,111" m="46154,43039" machi="2" ten="30,1000,0" yaku="13,1" doraHai="27" who="1" fromWho="2" sc="110,0,220,23,380,-13,280,0" />
</Scene>
<Scene>
<INIT seed="3,0,0,4,4,92" ten="110,243,367,280" oya="3" hai0="36,84,120,30,132,5,55,115,10,29,123,83,129" hai1="130,102,77,18,25,134,73,3,113,12,121,133,7" hai2="54,20,126,57,96,94,81,34,95,79,76,8,75" hai3="125,87,103,13,93,19,61,1,86,21,41,49,9"/><W97/><G125/><T127/><D127/><U16/><E121/><V128/><F34/><W43/><G1/><T23/><D36/><U22/><E73/><V2/><F126/><W37/><G37/><T124/><D124/><U88/><E77/><V58/><F128/><W60/><G9/><T53/><D129/><U42/><E42/><N who="3" m="15882" /><G49/><T51/><D132/><N who="1" m="50795" /><E130/><V119/><F79/><W46/><G46/><T68/><D68/><U71/><E71/><V111/><F111/><W14/><G14/><T110/><D110/><U31/><E102/><V101/><F119/><W70/><G70/><T135/><D135/><U39/><E39/><V100/><F20/><W0/><G0/><T72/><D72/><U47/><E47/><V50/><F57/><W6/><G6/><T56/><D115/><U45/><E45/><V40/><F40/><W82/><G87/><T104/><D104/><U118/><E113/><V15/><F2/><W114/><G114/><T48/><D120/><U26/><E118/><V32/><F32/><W109/><G109/><T99/><D123/><U105/><E105/><V112/><F112/><W116/><G116/><T35/><D35/><N who="1" m="20975" /><E3/><V52/><F58/><W38/><G38/><T62/><D56/><U98/><E7/><V44/><F44/><W89/><AGARI ba="0,0" hai="13,19,21,60,61,82,86,89,93,97,103" m="15882" machi="89" ten="30,3000,0" yaku="8,1,52,1" doraHai="92" who="3" fromWho="3" sc="110,-10,243,-10,367,-10,280,30" />
</Scene>
<Scene>
<INIT seed="3,1,0,4,4,90" ten="100,233,357,310" oya="3" hai0="123,100,21,69,126,120,70,134,19,86,79,117,104" hai1="103,122,94,32,41,52,17,43,30,9,57,39,125" hai2="11,31,51,84,8,112,89,7,35,44,27,12,110" hai3="33,62,64,132,119,61,50,77,66,98,16,58,10"/><W59/><G119/><T130/><D117/><U13/><E122/><V75/><F75/><W56/><G33/><T118/><D118/><U101/><E125/><V38/><F38/><W23/><G10/><T124/><D21/><U28/><E39/><V97/><F112/><W67/><G132/><T72/><D19/><U127/><E127/><N who="0" m="48681" /><D69/><U3/><E3/><V91/><F110/><W87/><G50/><T133/><D86/><U53/><E53/><V24/><F24/><W68/><G68/><T93/><D104/><U108/><E108/><V85/><F89/><W54/><G54/><T65/><D65/><U18/><E18/><V78/><F78/><W14/><REACH who="3" step="1"/><G98/><REACH who="3" ten="100,233,357,300" step="2"/><N who="0" m="59471" /><D70/><U129/><E32/><V42/><F11/><W114/><G114/><T105/><D130/><U63/><E129/><V95/><AGARI ba="1,1" hai="7,8,12,27,31,35,42,44,51,84,85,91,95,97" machi="95" ten="30,2000,0" yaku="0,1,52,1" doraHai="90" who="2" fromWho="2" sc="100,-6,233,-6,357,33,300,-11" />
</Scene>
<Scene>
<INIT seed="4,0,0,0,2,26" ten="94,227,390,289" oya="0" hai0="113,48,22,40,81,47,96,131,72,42,45,68,13" hai1="65,67,104,18,9,134,50,115,30,36,102,5,69" hai2="16,0,99,71,53,10,58,89,123,94,43,121,82" hai3="60,61,70,37,55,79,116,27,103,105,120,93,106"/><T87/><D113/><U54/><E36/><V92/><F71/><W7/><G37/><T64/><D131/><U15/><E134/><V41/><F82/><W112/><G116/><T129/><D129/><U8/><E115/><V88/><F121/><W91/><G112/><T39/><D72/><U95/><E104/><V80/><F80/><W122/><G79/><T23/><D68/><U29/><E102/><V111/><F111/><W62/><G70/><T38/><D64/><N who="1" m="24651" /><E69/><V21/><F10/><N who="1" m="4201" /><E5/><V59/><F0/><W14/><G7/><T108/><D108/><U24/><E24/><N who="2" m="14375" /><F59/><W35/><G14/><T130/><D130/><U90/><E18/><V44/><F44/><W133/><G103/><T128/><D128/><U32/><E32/><V132/><F132/><W76/><G76/><T109/><D109/><U4/><E15/><V52/><F53/><W78/><G55/><T83/><D13/><U98/><E4/><V33/><F33/><W28/><G78/><T20/><D87/><U17/><E17/><V34/><F34/><W119/><G133/><T25/><D25/><U118/><E118/><V100/><F100/><W73/><G73/><T117/><D117/><U84/><E84/><N who="2" m="52231" /><F123/><N who="3" m="47147" /><G119/><T1/><D1/><U2/><E2/><V12/><F12/><W127/><G106/><T86/><D86/><U49/><E54/><V135/><F135/><W56/><G105/><T85/><D85/><U97/><E97/><V74/><F74/><W63/><G35/><T11/><D96/><U19/><E19/><V110/><F110/><W125/><N who="3" m="15360" /><DORA hai="66" /><W114/><G114/><RYUUKYOKU ba="0,0" sc="94,-15,227,15,390,15,289,-15" hai1="29,30,49,50,90,95,98" hai2="41,43,52,58,89,94,99" />
</Scene>
<Scene>
<INIT seed="5,1,0,3,4,19" ten="79,242,405,274" oya="1" hai0="87,46,119,116,47,16,37,45,131,12,40,112,44" hai1="3,6,21,94,111,31,98,83,22,41,91,126,71" hai2="107,36,53,75,32,105,8,2,59,48,92,23,52" hai3="29,0,99,120,70,90,88,82,106,18,1,28,74"/><U67/><E126/><V17/><F32/><W104/><G70/><T79/><D112/><U85/><E111/><V84/><F75/><W43/><G43/><T5/><D5/><U20/><E41/><V10/><F36/><W7/><G18/><T78/><D131/><U122/><E122/><V127/><F127/><W117/><G120/><T103/><D103/><U61/><E31/><V125/><F125/><W64/><G64/><T132/><D132/><U68/><E68/><V54/><F107/><W49/><G49/><T133/><D133/><U110/><E110/><V124/><F105/><W27/><G117/><T57/><D57/><U11/><REACH who="1" step="1"/><E21/><REACH who="1" ten="79,232,405,274" step="2"/><V4/><F124/><W13/><G29/><T93/><D119/><U102/><AGARI ba="1,1" hai="3,6,11,20,22,61,67,71,83,85,91,94,98,102" machi="102" ten="20,18000,2" yaku="1,1,2,1,0,1,7,1,52,2,53,1" doraHai="19" doraHaiUra="35" who="1" fromWho="1" sc="79,-61,232,193,405,-61,274,-61" />
</Scene>
<Scene>
<INIT seed="5,2,0,0,0,51" ten="18,425,344,213" oya="1" hai0="42,59,78,27,76,123,114,130,30,6,1,94,110" hai1="86,9,22,45,20,107,121,117,57,74,135,72,54" hai2="70,101,28,128,67,119,104,7,26,3,32,60,66" hai3="103,113,13,11,29,108,18,58,53,81,38,133,75"/><U99/><E117/><V77/><F119/><W24/><G108/><T109/><D123/><U127/><E121/><V62/><F77/><W40/><G103/><T37/><D114/><U106/><E45/><V12/><F12/><W111/><G111/><T39/><D130/><U102/><E107/><V125/><F125/><W31/><G113/><T56/><D94/><U8/><E127/><V68/><F128/><W93/><G133/><T25/><D6/><U41/><E41/><V134/><F134/><W64/><G64/><T0/><D42/><U44/><E44/><V73/><F73/><W96/><G38/><T98/><REACH who="0" step="1"/><D30/><REACH who="0" ten="8,425,344,213" step="2"/><U17/><E135/><V16/><F7/><W83/><G40/><T71/><D71/><U48/><E106/><V52/><F3/><W43/><G43/><T89/><D89/><U14/><E102/><V126/><F126/><W46/><G31/><T50/><D50/><U88/><E88/><V63/><F101/><W131/><G131/><T95/><D95/><U92/><E92/><V34/><F104/><W23/><G29/><T124/><D124/><U105/><E105/><V100/><F100/><W118/><G93/><T132/><D132/><U80/><E99/><AGARI ba="2,1" hai="0,1,25,27,37,39,56,59,76,78,98,99,109,110" machi="99" ten="25,8000,1" yaku="1,1,22,2,53,2" doraHai="51" doraHaiUra="35" who="0" fromWho="1" sc="8,96,425,-86,344,0,213,0" />
</Scene>
<Scene>
<INIT seed="6,0,0,0,4,29" ten="104,339,344,213" oya="2" hai0="108,68,38,61,9,45,32,111,42,112,104,79,123" hai1="97,66,73,75,98,7,83,125,129,46,71,118,120" hai2="26,44,22,99,74,48,4,12,30,103,126,14,49" hai3="78,135,90,36,67,69,24,124,37,96,1,70,25"/><V93/><F74/><N who="1" m="28169" /><E7/><V3/><F126/><W47/><G1/><T23/><D123/><U109/><E46/><V53/><F3/><W105/><G78/><T64/><D23/><U17/><E17/><V34/><F4/><W18/><G18/><T101/><D9/><U54/><E54/><V65/><F65/><W76/><G76/><T62/><D79/><U19/><E19/><V10/><F10/><W91/><G47/><T130/><D62/><N who="1" m="40407" /><E83/><V80/><F80/><W116/><G67/><T95/><D95/><U86/><E86/><V16/><F48/><W114/><G105/><T131/><D112/><U119/><E109/><V58/><F44/><W82/><G82/><T85/><D85/><U89/><E89/><V94/><F93/><W110/><G96/><N who="1" m="36970" /><E125/><V100/><F103/><W21/><G124/><T107/><D101/><U56/><E56/><V31/><F31/><W11/><G110/><T63/><D63/><U59/><E59/><V5/><F5/><W102/><G102/><T43/><D43/><U35/><E120/><V52/><F53/><W92/><G92/><T127/><D127/><U77/><E77/><V113/><F113/><W72/><G114/><T87/><D87/><U88/><E88/><V0/><F0/><W20/><G72/><T60/><D60/><U6/><E6/><V106/><F106/><N who="0" m="40490" /><D32/><U122/><E122/><V134/><F12/><W81/><G81/><T27/><D27/><U55/><E55/><V2/><F2/><W57/><G11/><T121/><D121/><U28/><E28/><V15/><F14/><W115/><G115/><RYUUKYOKU ba="0,0" sc="104,15,339,-15,344,15,213,-15" hai0="38,42,45,61,64,68,108,111,130,131" hai2="15,16,22,26,30,34,49,52,58,94,99,100,134" />
</Scene>
<Scene>
<INIT seed="6,1,0,3,5,54" ten="119,324,359,198" oya="2" hai0="6,15,1,69,66,20,45,44,70,57,39,50,110" hai1="18,113,116,134,62,125,25,11,36,37,14,17,123" hai2="28,76,64,2,106,65,120,58,40,75,12,87,94" hai3="43,117,8,128,68,83,67,93,103,98,34,121,4"/><V42/><F2/><W101/><G34/><T84/><D110/><U95/><E113/><V81/><F106/><W99/><G121/><T35/><D35/><U100/><E116/><V55/><F120/><W19/><G43/><N who="2" m="16425" /><F75/><W31/><G31/><T89/><D39/><U82/><E123/><V86/><F28/><W85/><G19/><T91/><D1/><U102/><E134/><V52/><F12/><W32/><G32/><T61/><D91/><U56/><E125/><V3/><F55/><W47/><G47/><T27/><D15/><N who="1" m="7423" /><E36/><V33/><F3/><W74/><G74/><T114/><D6/><U0/><E37/><V22/><F22/><W30/><G30/><T127/><D114/><U51/><E0/><V105/><F105/><W5/><G117/><T107/><D107/><U119/><E51/><N who="2" m="31007" /><F33/><W59/><G8/><T88/><D127/><U24/><E119/><V130/><F130/><W111/><G128/><T133/><D133/><U16/><E18/><V90/><AGARI ba="1,0" hai="64,65,76,81,86,87,90,94" m="31007,16425" machi="90" ten="30,6000,0" yaku="8,1,52,1,54,1" doraHai="54" who="2" fromWho="2" sc="119,-21,324,-21,359,63,198,-21" />
</Scene>
<Scene>
<INIT seed="6,2,0,4,4,47" ten="98,303,422,177" oya="2" hai0="21,118,39,8,82,111,89,38,83,3,51,22,125" hai1="95,106,77,120,127,48,17,1,115,67,58,124,108" hai2="5,56,26,86,19,76,119,112,131,64,42,93,57" hai3="32,104,99,40,44,62,103,116,63,129,11,29,121"/><V34/><F119/><W25/><G121/><T113/><D118/><U107/><E108/><V97/><F5/><W100/><G116/><T55/><D111/><U117/><E117/><V71/><F71/><W70/><G103/><T13/><D113/><U73/><E1/><V54/><F42/><W101/><G101/><T81/><D3/><U105/><E115/><V133/><F112/><W41/><G41/><T61/><D61/><U59/><E120/><V33/><F131/><W28/><G28/><T20/><D125/><N who="1" m="48203" /><E67/><V15/><F26/><W65/><G63/><T7/><REACH who="0" step="1"/><D89/><REACH who="0" ten="88,303,422,177" step="2"/><U24/><E106/><V128/><F128/><W27/><G129/><T69/><D69/><U134/><E107/><V92/><F133/><W123/><G123/><T78/><D78/><U91/><E105/><V46/><F76/><W74/><G62/><T130/><D130/><U66/><E134/><V36/><F64/><W35/><G65/><T0/><D0/><U50/><E66/><V96/><F36/><N who="3" m="21511" /><G70/><T9/><D9/><U18/><E77/><V12/><F34/><W84/><G11/><T31/><D31/><U122/><E122/><V102/><F33/><W52/><G35/><T98/><D98/><U14/><E91/><V94/><F97/><W4/><G29/><T79/><D79/><U6/><E73/><V43/><F96/><W110/><G74/><T16/><D16/><U90/><E18/><V126/><F19/><W2/><G32/><T80/><N who="0" m="20992" /><DORA hai="85" /><T75/><D75/><U45/><E17/><V114/><F126/><W10/><G110/><T68/><D68/><RYUUKYOKU ba="2,1" sc="88,30,303,-10,422,-10,177,-10" hai0="7,8,13,20,21,22,38,39,51,55" />
</Scene>
<Scene>
<INIT seed="7,3,1,0,4,102" ten="118,293,412,167" oya="3" hai0="74,100,72,79,58,33,94,57,8,22,80,65,63" hai1="17,83,59,77,4,37,71,34,29,120,130,19,103" hai2="10,46,131,64,31,48,78,56,122,6,44,117,118" hai3="53,113,12,104,105,42,108,128,93,36,75,135,110"/><W62/><G113/><T115/><D115/><U88/><E71/><V28/><F78/><W14/><G128/><T129/><D129/><U51/><E37/><V60/><F131/><W92/><G135/><T81/><D33/><U21/><E130/><V123/><F44/><N who="3" m="23623" /><G75/><T90/><D100/><U55/><E120/><N who="2" m="46123" /><F31/><W111/><G53/><T109/><D109/><U99/><E34/><V2/><F28/><W91/><G62/><T24/><D8/><U134/><E4/><V86/><F86/><N who="3" m="52343" /><G93/><T43/><D43/><AGARI ba="3,1" hai="2,6,10,43,46,48,56,60,64,117,118" m="46123" machi="43" ten="30,1000,0" yaku="13,1" doraHai="102" who="2" fromWho="0" sc="118,-19,293,0,412,29,167,0" owari="99,-40.0,293,9.0,441,54.0,167,-23.0" />
</Scene>
</mjloggm>