<mjloggm ver="2.3"><GO type="169" lobby="0"/><UN n0="%E3%83%A9%E3%83%A0%E3%83%80%E3%81%95%E3%82%93" n1="%44%6F%72%61%6B%6F" n2="%E5%A4%AA%E3%81%8F%E3%81%AA%E3%81%84%E3%81%8A" n3="%74%61%74%73%75%37%30%32" dan="16,17,18,16" rate="2152.04,2195.23,2238.49,2194.71" sx="M,F,F,M"/><TAIKYOKU oya="0"/>

<Scene>
<INIT seed="0,0,0,4,1,116" ten="250,250,250,250" oya="0" hai0="21,115,56,102,74,133,110,78,31,123,57,35,32" hai1="89,11,112,82,1,63,134,96,37,59,113,45,117" hai2="17,16,69,126,84,58,15,9,106,41,14,43,131" hai3="122,124,62,23,53,93,91,68,127,125,120,104,81"/><T111/><D115/><U86/><E117/><V80/><F69/><W98/><G104/><T20/><D133/><U24/><E134/><V101/><F131/><W25/><G81/><N who="0" m="45271" /><D102/><U75/><E24/><V109/><F109/><N who="0" m="41482" /><D123/><N who="3" m="47145" /><G53/><T42/><D42/><U129/><E129/><V66/><F126/><N who="3" m="32259" /><W77/><DORA hai="67" /><G77/><T40/><D40/><U5/><E112/><V44/><F101/><W30/><G62/><T36/><D36/><U85/><E37/><V28/><F106/><W100/><G100/><T65/><D65/><U18/><E113/><V79/><F44/><W73/><G68/><T118/><D118/><U50/><E63/><N who="2" m="38263" /><F28/><W51/><G51/><T128/><D128/><U97/><E50/><V95/><F95/><W29/><G30/><T8/><D56/><U94/><E59/><V38/><F38/><W119/><G119/><T130/><D130/><U0/><E45/><V61/><F61/><W60/><G60/><T107/><D107/><U49/><E49/><V7/><F43/><W64/><G64/><T83/><D57/><U26/><E82/><V90/><F41/><W105/><G105/><T4/><D83/><U76/><E94/><V48/><F48/><W135/><G135/><T2/><D31/><U54/><E54/><V47/><F47/><W3/><G3/><T52/><D52/><U34/><E0/><N who="2" m="231" /><F79/><W87/><G73/><T46/><D46/><U33/><E75/><V55/><F55/><W114/><G114/><T103/><D103/><U10/><E76/><V19/><F80/><W92/><G92/><T22/><AGARI ba="0,0" hai="2,4,8,20,21,22,32,35" m="41482,45271" machi="22" ten="30,3000,0" yaku="14,1,10,1" doraHai="116,67" who="0" fromWho="0" sc="250,30,250,-10,250,-10,250,-10" />
</Scene>
<Scene>
<INIT seed="0,1,0,3,2,59" ten="280,240,240,240" oya="0" hai0="31,14,110,33,10,82,53,79,12,93,72,89,35" hai1="8,87,104,48,54,5,99,58,13,133,37,0,66" hai2="128,120,68,52,107,127,88,30,116,15,47,19,81" hai3="24,105,56,9,36,98,97,115,21,22,75,51,108"/><T73/><D73/><U23/><E133/><V77/><F120/><W135/><G36/><T119/><D119/><U29/><E37/><V63/><F107/><W6/><G75/><T102/><D110/><U96/><E104/><V26/><F128/><W84/><G108/><T80/><D80/><U94/><E66/><V90/><F116/><W69/><G115/><T129/><D129/><U123/><E123/><V34/><F127/><W44/><G135/><T45/><D102/><U60/><E48/><V20/><F68/><W130/><G69/><T55/><D14/><U111/><E111/><V113/><F113/><W76/><G22/><T92/><D92/><U41/><E41/><V109/><F109/><W71/><G71/><T134/><D134/><U114/><E114/><V124/><F124/><W125/><G125/><T74/><D74/><U43/><E43/><V85/><REACH who="2" step="1"/><F47/><REACH who="2" ten="280,240,230,240" step="2"/><W18/><G44/><T16/><D45/><U103/><E0/><V61/><F61/><W122/><G105/><T121/><D121/><U32/><E32/><V126/><F126/><W3/><G130/><T25/><REACH who="0" step="1"/><D35/><REACH who="0" ten="270,240,230,240" step="2"/><U39/><E39/><V11/><F11/><W83/><G122/><T132/><D132/><U106/><E106/><V78/><F78/><W62/><REACH who="3" step="1"/><G51/><REACH who="3" ten="270,240,230,230" step="2"/><T40/><D40/><U95/><E8/><V1/><F1/><W27/><G27/><T118/><D118/><U100/><E23/><V7/><F7/><W2/><G2/><T112/><D112/><U70/><E5/><V101/><F101/><W49/><G49/><T86/><AGARI ba="1,3" hai="10,12,16,25,31,33,53,55,72,79,82,86,89,93" machi="86" ten="20,7800,0" yaku="1,1,0,1,7,1,54,1,53,0" doraHai="59" doraHaiUra="117" who="0" fromWho="0" sc="270,111,240,-27,230,-27,230,-27" />
</Scene>
<Scene>
<INIT seed="0,2,0,3,1,79" ten="381,213,203,203" oya="0" hai0="55,52,11,40,27,30,38,131,103,57,109,21,80" hai1="110,130,0,18,100,108,74,84,13,32,86,73,49" hai2="126,39,106,19,3,85,78,120,43,95,22,71,75" hai3="101,14,33,113,62,24,121,129,127,41,94,15,67"/><T116/><D116/><U122/><E122/><V114/><F120/><W16/><G113/><T65/><D131/><U58/><E130/><V20/><F114/><W111/><G127/><T68/><D109/><N who="1" m="42091" /><E32/><V96/><F71/><W56/><G111/><T92/><D68/><U61/><E49/><V72/><F3/><W69/><G121/><T10/><D38/><U51/><E51/><V23/><F126/><W17/><G129/><T91/><D40/><U112/><E100/><V28/><F106/><W50/><G33/><T34/><D34/><U132/><E0/><V59/><F28/><W1/><G1/><T42/><D42/><U53/><E132/><V5/><F5/><W81/><G81/><T25/><D25/><U128/><E112/><V6/><F6/><W93/><G24/><T104/><D104/><U48/><E61/><V125/><F125/><W66/><G66/><T133/><D133/><U88/><E86/><V87/><F87/><W117/><G101/><T8/><D103/><U90/><E128/><V31/><F85/><W82/><G82/><T46/><D46/><U89/><E84/><V134/><F134/><W7/><G7/><T77/><D77/><U26/><E26/><V45/><F78/><W135/><G117/><T4/><D4/><U54/><E54/><V64/><F31/><W37/><G37/><T102/><D80/><U70/><E70/><V119/><F119/><W115/><G115/><T47/><D102/><U63/><E63/><N who="2" m="38015" /><F19/><N who="3" m="7243" /><G135/><T107/><D107/><U76/><E76/><V105/><F105/><W12/><G69/><T44/><D30/><RYUUKYOKU ba="2,0" sc="381,-30,213,10,203,10,203,10" hai1="13,18,48,53,58,73,74,88,89,90" hai2="20,22,23,39,43,45,72,75,95,96" hai3="12,14,15,41,50,56,62,67,93,94" />
</Scene>
<Scene>
<INIT seed="1,3,0,4,4,128" ten="351,223,213,213" oya="1" hai0="84,113,129,27,17,69,123,60,97,130,86,100,58" hai1="20,74,37,38,55,43,133,41,126,22,92,99,3" hai2="107,66,88,108,12,131,105,120,91,44,23,62,94" hai3="16,65,35,127,26,64,106,25,0,85,78,42,18"/><U121/><E3/><V9/><F120/><W83/><G0/><T11/><D113/><U34/><E34/><V111/><F131/><N who="0" m="50186" /><D69/><U76/><E121/><V124/><F124/><W57/><G127/><T67/><D123/><U48/><E126/><V98/><F23/><N who="3" m="13543" /><G106/><N who="0" m="63759" /><D27/><U117/><E117/><V90/><F44/><W125/><G35/><T87/><D17/><U32/><E32/><V73/><F73/><W70/><G70/><T4/><D86/><U15/><E74/><V75/><F75/><W72/><G72/><T89/><D89/><U50/><E76/><V119/><F119/><W135/><G135/><T114/><D114/><U80/><E133/><V112/><F112/><W45/><G125/><T52/><D67/><N who="3" m="25673" /><G57/><T103/><D103/><U21/><E38/><V134/><F134/><W46/><G42/><T54/><D54/><U93/><E37/><V24/><F24/><W109/><G109/><N who="2" m="42057" /><F107/><W79/><G79/><T101/><D101/><U1/><E41/><V47/><F105/><W49/><G49/><T63/><D63/><U31/><E48/><V118/><F118/><W81/><G81/><T104/><D104/><U77/><E43/><V2/><F62/><W29/><G29/><T82/><D82/><U53/><E31/><V71/><F71/><W115/><G115/><T40/><D40/><U7/><E50/><V8/><F66/><W51/><G51/><T59/><D59/><U95/><E80/><V33/><F33/><W36/><G36/><T116/><D116/><U56/><E56/><V122/><F122/><W61/><G61/><T5/><D5/><RYUUKYOKU ba="3,0" sc="351,15,223,-15,213,-15,213,15" hai0="4,11,52,58,60,84,87" hai3="18,26,45,46,78,83,85" />
</Scene>
<Scene>
<INIT seed="2,4,0,2,1,24" ten="366,208,198,228" oya="2" hai0="2,42,110,45,33,99,124,19,121,29,1,46,66" hai1="92,117,114,122,71,58,103,20,129,47,73,120,127" hai2="82,87,85,39,4,125,132,14,69,123,34,17,62" hai3="28,109,57,53,119,5,98,30,22,10,81,89,113"/><V60/><F123/><W91/><G119/><T90/><D121/><N who="1" m="46699" /><E117/><V84/><F39/><W0/><G109/><T59/><D110/><U75/><E114/><V40/><F34/><W31/><G113/><T100/><D124/><U106/><E71/><V111/><F111/><W51/><G22/><T35/><D35/><U68/><E68/><V134/><F40/><W27/><G27/><T131/><D131/><U86/><E129/><V55/><F4/><W26/><G26/><T76/><D76/><U77/><E127/><V23/><F125/><W105/><REACH who="3" step="1"/><G81/><REACH who="3" ten="366,208,198,218" step="2"/><T96/><D33/><U50/><E20/><V118/><F118/><W6/><G6/><T56/><D1/><U128/><E128/><V36/><F82/><W38/><G38/><T102/><D2/><U101/><E73/><V80/><F36/><W116/><G116/><T83/><D83/><U16/><E75/><V107/><F80/><W25/><G25/><T112/><D112/><U133/><E133/><V11/><F23/><W18/><G18/><T74/><D19/><U54/><E16/><V9/><F134/><W61/><G61/><T15/><D74/><U13/><E77/><V78/><F132/><W88/><G88/><T12/><D90/><U41/><E103/><AGARI ba="4,1" hai="0,5,10,28,30,31,51,53,57,89,91,98,103,105" machi="103" ten="40,8000,1" yaku="1,1,52,3,53,1" doraHai="24" doraHaiUra="49" who="3" fromWho="1" sc="366,0,208,-92,198,0,218,102" />
</Scene>
<Scene>
<INIT seed="3,0,0,1,5,41" ten="366,116,198,320" oya="3" hai0="81,61,33,68,113,86,91,64,52,29,101,119,9" hai1="127,103,34,50,131,60,130,69,21,115,83,106,25" hai2="14,70,87,17,79,120,133,7,26,28,77,114,2" hai3="121,48,30,39,0,78,80,6,117,8,49,23,105"/><W89/><G117/><T4/><D119/><U37/><E37/><V47/><F114/><W73/><G121/><T93/><D113/><U125/><E106/><V65/><F120/><W72/><G72/><T54/><D29/><U55/><E115/><V97/><F133/><W99/><G39/><T112/><D33/><U5/><E5/><V92/><F70/><W111/><G111/><T123/><D123/><U51/><E103/><V84/><F65/><W104/><G104/><T32/><D32/><U102/><E83/><V36/><F7/><W71/><G71/><T82/><D112/><U42/><E102/><V40/><F2/><W126/><G126/><N who="1" m="48138" /><E21/><V16/><F84/><W94/><REACH who="3" step="1"/><G105/><REACH who="3" ten="366,116,198,310" step="2"/><T132/><D132/><U100/><E69/><V57/><F57/><W128/><G128/><T135/><D135/><U24/><E130/><V59/><F59/><W62/><G62/><T44/><D68/><U1/><E60/><V85/><F77/><W109/><G109/><T43/><D61/><U27/><E131/><V56/><F56/><W90/><G90/><T75/><D75/><U110/><E110/><V74/><F74/><W31/><G31/><T20/><D91/><U19/><E100/><N who="2" m="60455" /><F79/><W46/><G46/><T45/><D45/><N who="1" m="25911" /><E34/><V66/><F36/><W134/><G134/><T88/><D101/><U108/><E108/><V15/><F28/><W12/><G12/><T107/><D107/><U11/><E1/><V76/><F15/><W58/><G58/><T53/><D88/><U118/><E118/><V63/><F14/><W95/><G95/><T122/><D93/><RYUUKYOKU ba="0,1" sc="366,-10,116,-10,198,-10,310,30" hai3="0,6,8,23,30,48,49,73,78,80,89,94,99" />
</Scene>
<Scene>
<INIT seed="3,1,1,0,2,86" ten="356,106,188,340" oya="3" hai0="122,98,91,108,49,57,89,14,96,51,110,3,1" hai1="73,127,121,135,13,92,69,101,77,5,87,37,126" hai2="117,134,30,107,70,129,18,26,29,31,123,100,71" hai3="34,39,48,132,21,32,0,84,114,56,131,81,52"/><W83/><G114/><T116/><D116/><U62/><E37/><V12/><F117/><W95/><G39/><T61/><D14/><U35/><E35/><V10/><F129/><W88/><G131/><T109/><D122/><U54/><E121/><V2/><F123/><W25/><G0/><N who="0" m="75" /><D61/><U63/><E135/><V23/><F134/><W113/><G113/><T47/><D57/><U4/><E54/><V58/><F2/><W118/><G132/><T43/><D49/><U36/><E36/><V45/><F45/><W133/><G133/><T68/><D68/><U16/><E73/><V65/><F107/><W7/><G7/><T59/><D59/><U44/><E44/><V9/><F100/><W130/><G130/><T102/><D98/><U103/><E69/><V79/><F79/><W17/><G118/><T115/><D115/><U66/><E66/><V93/><F10/><W33/><AGARI ba="1,1" hai="17,21,25,32,33,34,48,52,56,81,83,84,88,95" machi="33" ten="30,11700,0" yaku="0,1,52,1,54,2" doraHai="86" who="3" fromWho="3" sc="356,-40,106,-40,188,-40,340,130" />
</Scene>
<Scene>
<INIT seed="3,2,0,2,4,49" ten="316,66,148,470" oya="3" hai0="23,39,117,55,108,25,129,21,127,58,124,116,10" hai1="29,61,38,17,98,22,102,11,84,111,36,75,18" hai2="26,47,123,69,16,27,56,66,114,86,71,128,59" hai3="19,5,132,105,118,14,90,43,103,77,40,85,81"/><W109/><G118/><T99/><D39/><U83/><E75/><V104/><F114/><W44/><G132/><T93/><D108/><U60/><E111/><V131/><F104/><W33/><G109/><T120/><D120/><U94/><E36/><V8/><F123/><W35/><G5/><T42/><D42/><U100/><E38/><V70/><F47/><W130/><G130/><N who="2" m="49705" /><F86/><W63/><G43/><T80/><D129/><U112/><E102/><V134/><F134/><W106/><G106/><T79/><D10/><U64/><E112/><V15/><F66/><W78/><G63/><T74/><D117/><U72/><E72/><V65/><F65/><W48/><G103/><T133/><D116/><U32/><E32/><V87/><F87/><W101/><G35/><T3/><D3/><U89/><E11/><V126/><F126/><N who="0" m="48170" /><D25/><AGARI ba="2,0" hai="8,15,16,25,26,27,56,59,69,70,71" m="49705" machi="25" ten="40,2600,0" yaku="19,1,54,1" doraHai="49" who="2" fromWho="0" sc="316,-32,66,0,148,32,470,0" />
</Scene>
<Scene>
<INIT seed="4,0,0,4,3,125" ten="284,66,180,470" oya="0" hai0="134,78,2,28,71,15,3,109,101,21,37,38,13" hai1="61,104,43,59,93,26,76,119,31,12,4,120,107" hai2="127,95,132,74,80,121,60,131,75,47,67,124,55" hai3="22,34,8,51,106,17,16,90,105,23,70,25,126"/><T82/><D109/><U129/><E119/><V118/><F121/><W52/><G126/><N who="2" m="48169" /><F132/><W128/><G128/><T81/><D71/><U9/><E120/><V86/><F118/><W133/><G133/><T42/><D134/><U65/><E76/><N who="2" m="46343" /><F95/><W92/><G34/><T57/><D101/><U35/><E43/><V94/><F94/><W113/><G8/><T14/><D57/><U111/><E111/><V66/><F131/><W48/><G70/><T83/><D78/><U27/><E27/><V99/><F99/><W84/><G51/><T5/><D42/><U44/><E44/><V18/><F18/><W0/><G0/><T68/><D68/><U110/><E110/><V20/><F20/><W97/><G113/><T123/><D123/><U91/><REACH who="1" step="1"/><E129/><REACH who="1" ten="284,56,180,470" step="2"/><V45/><F45/><W54/><G97/><AGARI ba="0,1" hai="4,9,12,26,31,35,59,61,65,91,93,97,104,107" machi="97" ten="30,3900,0" yaku="1,1,2,1,7,1,53,0" doraHai="125" doraHaiUra="112" who="1" fromWho="3" sc="284,0,56,49,180,0,470,-39" />
</Scene>
<Scene>
<INIT seed="5,0,0,0,2,80" ten="284,105,180,431" oya="1" hai0="108,78,76,71,47,6,35,121,101,130,61,91,58" hai1="15,127,24,102,42,9,53,44,39,41,126,59,100" hai2="57,77,40,69,103,30,88,128,49,79,132,131,87" hai3="0,95,90,31,5,2,117,34,86,92,109,23,50"/><U16/><E42/><V97/><F69/><W21/><G109/><T32/><D108/><U10/><E24/><V46/><F30/><W37/><G37/><T12/><D71/><U75/><E75/><V36/><F132/><W122/><G122/><T134/><D134/><U118/><E118/><V1/><F1/><W84/><G117/><T29/><D130/><N who="2" m="49706" /><F57/><W72/><G72/><T135/><D135/><U7/><E9/><V120/><F36/><W28/><G50/><T123/><D101/><U17/><E102/><V93/><F120/><W96/><G90/><T89/><D58/><U64/><E64/><V104/><AGARI ba="0,0" hai="40,46,49,77,79,87,88,93,97,103,104" m="49706" machi="104" ten="30,4000,0" yaku="19,1,52,1,54,1" doraHai="80" who="2" fromWho="2" sc="284,-10,105,-20,180,40,431,-10" />
</Scene>
<Scene>
<INIT seed="6,0,0,2,4,1" ten="274,85,220,421" oya="2" hai0="98,62,33,15,55,14,85,99,4,58,113,3,123" hai1="56,95,101,127,111,124,122,130,89,73,81,114,65" hai2="12,2,93,64,27,94,16,47,118,79,19,86,80" hai3="92,90,36,120,107,45,108,59,78,10,133,69,26"/><V31/><F118/><W6/><G108/><T125/><D123/><U68/><E68/><V103/><F2/><W88/><G69/><T11/><D33/><U23/><E65/><V109/><F109/><W24/><G120/><T132/><D113/><U76/><E23/><N who="2" m="15871" /><F64/><W60/><G107/><T20/><D132/><U126/><E56/><V57/><F57/><W0/><G133/><T50/><D125/><U116/><E111/><V128/><F128/><W34/><G78/><T9/><D3/><U35/><E35/><V100/><F47/><W105/><G105/><T134/><D134/><U46/><E46/><V117/><F19/><W71/><G90/><T82/><D20/><U44/><E44/><V77/><F79/><W61/><G61/><T75/><D75/><U97/><E122/><V7/><F7/><W129/><G71/><T5/><D62/><U17/><E17/><V53/><F53/><W106/><G106/><T84/><D84/><N who="1" m="52647" /><E114/><V121/><F117/><W110/><G129/><T48/><D48/><U54/><E54/><V74/><F74/><W29/><G110/><T102/><D102/><N who="2" m="38954" /><F121/><W131/><G131/><T87/><D87/><U104/><E130/><V49/><F49/><W51/><G36/><T22/><D22/><AGARI ba="0,0" hai="12,16,22,77,80,86,93,94" m="38954,15871" machi="22" ten="30,2900,0" yaku="8,1,54,1" doraHai="1" who="2" fromWho="0" sc="274,-29,85,0,220,29,421,0" />
</Scene>
<Scene>
<INIT seed="6,1,0,5,4,12" ten="245,85,249,421" oya="2" hai0="34,116,76,28,126,36,43,64,108,15,104,17,39" hai1="77,94,81,112,75,3,118,29,95,114,55,16,26" hai2="69,71,124,24,7,33,31,83,60,13,101,30,42" hai3="67,57,63,65,130,44,25,103,11,53,84,2,79"/><V88/><F124/><W102/><G130/><T93/><D108/><U20/><E118/><V62/><F42/><W49/><G2/><T100/><D104/><U129/><E129/><V23/><F101/><W70/><G70/><T1/><D1/><U0/><E0/><V4/><F33/><W128/><G128/><T18/><D76/><U111/><E111/><V87/><F31/><W125/><G125/><T123/><D126/><U6/><E55/><V115/><F115/><N who="1" m="44073" /><E6/><V9/><F7/><W117/><G117/><T59/><D123/><U73/><E73/><V22/><F22/><W72/><G72/><T74/><D74/><U35/><E3/><V131/><F131/><W21/><G67/><T68/><D116/><U135/><E135/><V58/><REACH who="2" step="1"/><F62/><REACH who="2" ten="245,85,239,421" step="2"/><W92/><G11/><T120/><D43/><U96/><E96/><V14/><F14/><AGARI ba="1,1" hai="14,16,20,26,29,35,75,77,81,94,95" m="44073" machi="14" ten="30,3900,0" yaku="15,1,52,1,54,1" doraHai="12" who="1" fromWho="2" sc="245,0,85,52,239,-42,421,0" />
</Scene>
<Scene>
<INIT seed="7,0,0,3,5,4" ten="245,137,197,421" oya="3" hai0="55,26,53,84,119,65,63,30,87,95,75,110,59" hai1="102,44,82,105,46,81,117,96,133,40,120,41,8" hai2="14,132,90,73,45,27,125,88,10,101,49,31,28" hai3="68,116,72,32,121,104,70,19,131,25,108,77,43"/><W115/><RYUUKYOKU type="yao9" ba="0,0" sc="245,0,137,0,197,0,421,0" hai3="19,25,32,43,68,70,72,77,104,108,115,116,121,131" />
</Scene>
<Scene>
<INIT seed="7,1,0,5,0,6" ten="245,137,197,421" oya="3" hai0="61,108,74,122,93,23,63,25,36,65,70,79,19" hai1="58,96,109,94,35,133,26,131,49,103,18,116,69" hai2="75,2,16,88,7,34,82,56,30,121,45,73,47" hai3="48,129,24,98,80,40,15,3,112,117,87,66,95"/><W14/><G3/><T106/><D106/><U11/><E109/><V52/><F121/><W111/><G24/><T119/><D108/><U32/><E116/><V33/><F7/><W132/><G66/><T115/><D119/><U55/><E131/><V76/><F2/><W90/><G132/><T110/><D110/><U130/><E130/><V54/><F75/><W12/><G112/><T125/><D36/><U77/><E133/><V60/><F30/><W81/><G111/><T107/><D107/><U135/><E135/><V37/><F37/><W83/><G129/><T84/><D122/><U118/><E118/><V17/><F34/><W101/><G117/><T127/><D74/><U9/><E69/><V128/><F33/><W113/><G113/><T100/><D115/><U85/><E32/><V78/><F128/><W44/><AGARI ba="1,0" hai="12,14,15,40,44,48,80,81,83,87,90,95,98,101" machi="44" ten="30,3000,0" yaku="0,1,8,1" doraHai="6" who="3" fromWho="3" sc="245,-11,137,-11,197,-11,421,33" owari="234,3.0,126,-37.0,186,-21.0,454,55.0" />
</Scene>
</mjloggm>