<mjloggm ver="2.3"><GO type="169" lobby="0"/><UN n0="%E9%88%B4%E4%BD%B3" n1="%E5%A4%AA%E3%81%8F%E3%81%AA%E3%81%84%E3%81%8A" n2="%3A%44%75%63%61%3A" n3="%E3%81%8D%E3%81%97%E3%82%8A%E3%81%A3%E3%81%97%E3%82%85" dan="17,18,16,17" rate="2216.03,2270.43,2105.03,2100.45" sx="M,M,M,M"/><TAIKYOKU oya="0"/>

<Scene>
<INIT seed="0,0,0,3,0,54" ten="250,250,250,250" oya="0" hai0="66,107,14,114,124,23,81,106,47,38,59,0,13" hai1="68,109,20,132,88,93,125,46,5,70,92,78,52" hai2="131,6,80,120,129,2,41,21,91,104,101,56,32" hai3="128,103,100,8,86,110,74,69,60,39,117,127,85"/><T113/><D0/><U15/><E78/><V53/><F120/><W40/><G74/><T26/><D124/><U115/><E125/><V17/><F32/><W51/><G39/><T112/><D81/><U31/><E93/><V4/><F41/><W73/><G73/><T16/><D38/><U45/><E109/><V87/><F104/><W108/><G117/><T121/><D47/><U58/><E132/><V62/><F101/><W42/><G51/><T64/><D121/><U111/><E111/><V126/><F126/><W25/><G8/><T63/><REACH who="0" step="1"/><D66/><REACH who="0" ten="240,250,250,250" step="2"/><U95/><E45/><V94/><F80/><W119/><G127/><T1/><D1/><U11/><E46/><V102/><F2/><W35/><G110/><T83/><D83/><U33/><E115/><V130/><REACH who="2" step="1"/><F102/><REACH who="2" ten="240,250,240,250" step="2"/><W55/><G103/><T61/><D61/><U28/><E95/><V71/><F71/><W135/><G69/><T9/><D9/><U34/><E70/><V65/><F65/><W72/><G100/><T96/><D96/><U133/><E68/><V97/><F97/><W50/><G108/><T43/><D43/><U67/><E67/><V89/><F89/><W76/><G42/><T12/><AGARI ba="0,2" hai="12,13,14,16,23,26,59,63,64,106,107,112,113,114" machi="12" ten="40,12000,1" yaku="1,1,0,1,52,1,54,1,53,0" doraHai="54" doraHaiUra="49" who="0" fromWho="0" sc="240,140,250,-40,240,-40,250,-40" />
</Scene>
<Scene>
<INIT seed="0,1,0,1,4,38" ten="380,210,200,210" oya="0" hai0="117,135,46,115,4,86,119,92,6,45,61,116,84" hai1="102,35,134,12,100,67,40,107,48,13,99,23,133" hai2="120,131,127,47,5,132,20,54,42,80,72,28,104" hai3="60,78,30,93,55,34,62,44,68,129,58,110,91"/><T73/><D73/><U87/><E35/><V121/><F104/><W70/><G78/><T49/><D115/><U108/><E108/><V10/><F132/><N who="1" m="50793" /><E102/><V90/><F131/><W96/><G30/><T18/><D135/><U77/><E67/><V16/><F127/><W14/><G34/><T112/><D112/><U66/><E66/><V21/><F54/><W101/><G62/><T125/><D125/><U53/><E23/><V71/><F71/><W56/><G56/><T1/><D61/><U50/><E40/><V89/><F28/><W64/><G129/><T85/><D1/><U114/><E114/><V103/><F103/><W41/><G64/><T124/><D124/><U0/><E0/><V2/><F21/><W94/><G14/><N who="1" m="5738" /><E53/><V7/><F7/><W69/><G110/><T106/><D106/><U25/><E25/><N who="2" m="14471" /><F121/><W123/><G123/><T9/><D18/><U130/><E130/><V37/><F120/><W88/><REACH who="3" step="1"/><G94/><REACH who="3" ten="380,210,200,200" step="2"/><T24/><D92/><U128/><E128/><V83/><F83/><AGARI ba="1,1" hai="48,50,77,83,87,99,100,107" m="5738,50793" machi="83" ten="30,1000,0" yaku="20,1" doraHai="38" who="1" fromWho="2" sc="380,0,210,23,200,-13,200,0" />
</Scene>
<Scene>
<INIT seed="1,0,0,1,1,14" ten="380,233,187,200" oya="1" hai0="93,48,105,17,33,19,57,9,27,77,130,47,118" hai1="101,86,26,42,5,1,43,91,85,39,71,90,132" hai2="4,73,135,40,53,38,24,128,112,69,119,74,83" hai3="36,111,97,80,102,103,51,44,92,134,64,129,126"/><U55/><E71/><V117/><F69/><W121/><G36/><T84/><D105/><U60/><E132/><V79/><F135/><W12/><G121/><T99/><D118/><U123/><E123/><V7/><F74/><W124/><G64/><T125/><D130/><U75/><E75/><V32/><F128/><W68/><G68/><T8/><D125/><U45/><E101/><V65/><F65/><W81/><G103/><T15/><D57/><U106/><E106/><V131/><F131/><W67/><G67/><T56/><D56/><N who="1" m="34847" /><E1/><V107/><F107/><W62/><G62/><T87/><D77/><U13/><E39/><V11/><F112/><W35/><G35/><T113/><D33/><U78/><E26/><V76/><F76/><W116/><G116/><T30/><D30/><U31/><E31/><N who="2" m="19559" /><F53/><W109/><G129/><T0/><D0/><U120/><E120/><V98/><F98/><W114/><G114/><T88/><D113/><U28/><E28/><V115/><F7/><W3/><G3/><T72/><D72/><U22/><E78/><V58/><F115/><W61/><G134/><T66/><D66/><U10/><E22/><V108/><F119/><W16/><G126/><T95/><D95/><N who="1" m="54735" /><E45/><N who="2" m="23703" /><F117/><W59/><G124/><T34/><D34/><U2/><E2/><N who="2" m="407" /><F58/><W50/><G44/><T21/><D8/><U100/><E100/><V96/><F96/><W110/><G50/><T70/><D70/><U127/><E127/><V6/><F6/><W52/><G51/><T133/><D133/><U54/><E54/><AGARI ba="0,0" hai="9,15,17,19,21,27,47,48,54,84,87,88,93,99" machi="54" ten="30,8000,1" yaku="7,1,8,1,52,2,54,1" doraHai="14" who="0" fromWho="1" sc="380,80,233,-80,187,0,200,0" />
</Scene>
<Scene>
<INIT seed="2,0,0,1,1,34" ten="460,153,187,200" oya="2" hai0="109,33,79,82,127,70,77,38,81,92,24,66,128" hai1="49,60,126,110,101,28,23,4,85,108,72,105,43" hai2="76,32,61,124,89,3,35,44,14,7,125,62,29" hai3="107,87,133,12,8,2,98,119,111,78,68,117,75"/><V47/><F76/><W123/><G68/><T73/><D38/><U88/><E72/><V71/><F89/><W69/><G69/><T103/><D109/><N who="1" m="42091" /><E126/><N who="2" m="48747" /><F14/><W134/><G87/><T58/><D127/><U90/><E60/><N who="2" m="23147" /><F71/><W106/><G98/><T91/><D70/><U97/><E85/><V56/><F56/><W131/><G78/><T19/><D103/><U37/><E4/><V5/><F3/><W64/><G75/><T129/><D66/><U40/><E37/><V10/><F10/><W20/><G64/><T26/><D58/><U100/><E100/><V21/><F21/><W25/><G111/><T99/><D33/><N who="2" m="12874" /><F29/><W9/><G12/><T86/><REACH who="0" step="1"/><D19/><REACH who="0" ten="450,153,187,200" step="2"/><U116/><E101/><V45/><AGARI ba="0,1" hai="5,7,44,45,47" m="12874,23147,48747" machi="45" ten="40,7800,0" yaku="28,2,18,1" doraHai="34" who="2" fromWho="2" sc="450,-26,153,-26,187,88,200,-26" />
</Scene>
<Scene>
<INIT seed="2,1,0,2,3,27" ten="424,127,275,174" oya="2" hai0="67,9,111,87,110,86,40,36,70,73,77,108,60" hai1="54,32,62,24,65,63,30,95,25,55,76,26,35" hai2="46,118,56,68,126,1,34,116,64,51,120,43,101" hai3="29,45,99,96,37,98,47,94,12,0,132,103,121"/><V88/><F1/><W8/><G132/><T125/><D125/><U74/><E95/><V52/><F120/><W122/><G0/><T93/><D73/><U72/><E76/><V59/><F34/><W13/><G37/><T66/><D66/><U16/><E25/><V100/><F126/><W61/><G61/><T33/><D33/><U79/><E79/><V127/><F127/><W4/><G98/><T11/><D40/><U107/><E65/><V42/><F101/><W80/><G80/><N who="0" m="47375" /><D36/><U7/><E7/><V84/><F100/><W28/><G103/><T129/><D129/><U20/><E107/><V104/><F104/><W75/><G8/><T82/><D93/><U18/><REACH who="1" step="1"/><E20/><REACH who="1" ten="424,117,275,174" step="2"/><V83/><F68/><W22/><G94/><T134/><D134/><U106/><E106/><V78/><F78/><AGARI ba="1,1" hai="9,11,60,67,70,78,82,87,108,110,111" m="47375" machi="78" ten="30,1000,0" yaku="14,1" doraHai="27" who="0" fromWho="2" sc="424,23,117,0,275,-13,174,0" />
</Scene>
<Scene>
<INIT seed="3,0,0,5,3,17" ten="447,117,262,174" oya="3" hai0="97,39,28,94,23,118,73,49,67,6,40,35,120" hai1="108,128,37,27,112,102,70,43,45,123,74,59,114" hai2="86,7,4,79,82,11,113,68,109,84,30,3,32" hai3="64,51,130,92,81,72,133,21,116,46,77,1,98"/><W76/><G116/><T119/><D120/><U100/><E123/><V93/><F109/><W78/><G1/><T96/><D73/><U36/><E70/><V63/><F113/><W57/><G130/><T20/><D39/><U22/><E74/><V125/><F125/><W44/><G133/><T26/><D6/><U0/><E0/><V41/><F4/><W13/><G81/><T38/><D38/><U66/><E128/><V134/><F134/><W99/><G72/><T42/><D67/><U127/><E127/><V25/><F41/><W110/><G110/><T56/><D119/><U61/><E37/><V15/><F3/><W47/><G92/><T75/><D75/><U18/><REACH who="1" step="1"/><E108/><REACH who="1" ten="447,107,262,174" step="2"/><V104/><F68/><W69/><G69/><T90/><D118/><U83/><E83/><V12/><F82/><W101/><G101/><AGARI ba="0,1" hai="18,22,27,36,43,45,59,61,66,100,101,102,112,114" machi="101" ten="40,2600,0" yaku="1,1,52,1,53,0" doraHai="17" doraHaiUra="107" who="1" fromWho="3" sc="447,0,107,36,262,0,174,-26" />
</Scene>
<Scene>
<INIT seed="4,0,0,1,4,5" ten="447,143,262,148" oya="0" hai0="75,28,114,18,109,37,46,70,63,99,13,118,38" hai1="132,89,121,120,4,35,80,98,30,130,135,122,61" hai2="101,68,108,62,69,10,50,55,16,110,100,33,11" hai3="94,27,93,85,22,117,2,24,81,91,105,49,76"/><T60/><D118/><U36/><E36/><V43/><F33/><W56/><G105/><T131/><D75/><U45/><E45/><V3/><F43/><W90/><G2/><T86/><D114/><U21/><E35/><V104/><F3/><W19/><G117/><T32/><D131/><U83/><E130/><V64/><F69/><W119/><G119/><T26/><D109/><U124/><E4/><V71/><F71/><W116/><G116/><T107/><D86/><U95/><E61/><V41/><F41/><W54/><G93/><T125/><D125/><U78/><E124/><V9/><F16/><W133/><G133/><N who="1" m="51274" /><E21/><V97/><REACH who="2" step="1"/><F100/><REACH who="2" ten="447,143,252,148" step="2"/><W87/><REACH who="3" step="1"/><G76/><REACH who="3" ten="447,143,252,138" step="2"/><T40/><D38/><U14/><E78/><V103/><F103/><W42/><G42/><T7/><D40/><U72/><E121/><V1/><F1/><W66/><G66/><T134/><D37/><U84/><E120/><V12/><F12/><AGARI ba="0,2" hai="12,19,22,24,27,49,54,56,81,85,87,90,91,94" machi="12" ten="30,8000,1" yaku="1,1,7,1,25,2,8,1,53,0" doraHai="5" doraHaiUra="0" who="3" fromWho="2" sc="447,0,143,0,252,-80,138,100" />
</Scene>
<Scene>
<INIT seed="5,0,0,2,1,5" ten="447,143,172,238" oya="1" hai0="37,126,76,101,35,114,22,41,97,57,70,29,14" hai1="51,9,91,49,72,104,16,121,125,11,17,60,53" hai2="95,6,0,112,69,43,117,86,10,23,48,52,134" hai3="28,73,68,24,108,50,135,122,54,88,84,20,127"/><U100/><E121/><V105/><F117/><W74/><G68/><T8/><D70/><U71/><E72/><V25/><F134/><W61/><G108/><T33/><D114/><U82/><E104/><V109/><F105/><W89/><G61/><T110/><D110/><U39/><E39/><V13/><F109/><W92/><G127/><T62/><D126/><U66/><E125/><V129/><F112/><W18/><G135/><T64/><D76/><U46/><E100/><V30/><F129/><W56/><G122/><T67/><D67/><U36/><E36/><V128/><F128/><W44/><G44/><T131/><D41/><U81/><E49/><V79/><F69/><W1/><G1/><T78/><D78/><U32/><E32/><V90/><F79/><W42/><G42/><T80/><D80/><U124/><E124/><V116/><F116/><W118/><G118/><T120/><D37/><U38/><E38/><V96/><F0/><W45/><G45/><T59/><D59/><U47/><E47/><N who="2" m="27679" /><F43/><W133/><G133/><T115/><D115/><U4/><E11/><V93/><F96/><W75/><G75/><T19/><D131/><U58/><E71/><V40/><F40/><W12/><G89/><T55/><D120/><U21/><E91/><V87/><F87/><W31/><G31/><T102/><D55/><U2/><REACH who="1" step="1"/><E17/><REACH who="1" ten="447,133,172,238" step="2"/><V123/><F123/><W77/><G77/><T26/><D102/><U3/><E3/><V119/><F119/><W27/><G74/><T65/><D35/><U106/><E106/><V99/><F86/><W83/><G28/><RYUUKYOKU ba="0,1" sc="447,-30,133,10,172,10,238,10" hai1="2,4,9,16,21,46,51,53,58,60,66,81,82" hai2="6,10,13,23,25,30,90,93,95,99" hai3="12,18,20,24,27,50,54,56,73,83,84,88,92" />
</Scene>
<Scene>
<INIT seed="5,1,1,1,5,94" ten="417,143,182,248" oya="1" hai0="42,30,104,32,26,78,63,10,54,73,112,36,77" hai1="14,60,111,74,118,41,18,56,44,101,48,67,91" hai2="97,3,109,55,119,126,46,53,85,51,124,27,135" hai3="100,29,34,99,43,47,6,40,122,16,68,130,50"/><U102/><E118/><V83/><F109/><W117/><G68/><T82/><D104/><U8/><E74/><V70/><F119/><W7/><G122/><T80/><D112/><U95/><REACH who="1" step="1"/><E111/><REACH who="1" ten="417,133,182,248" step="2"/><V125/><F135/><W22/><G117/><T61/><D36/><U79/><E79/><V127/><F125/><W39/><G39/><T28/><D73/><U17/><E17/><V98/><F3/><W59/><G16/><T24/><D78/><U114/><E114/><V131/><F131/><W90/><G130/><T107/><D77/><U23/><E23/><V108/><F108/><W106/><G22/><T96/><D32/><U12/><E12/><V123/><F123/><W103/><G34/><T62/><D26/><U75/><E75/><V37/><F27/><W72/><G72/><T84/><D24/><U64/><E64/><V1/><F1/><W58/><G6/><T116/><D116/><U88/><E88/><N who="2" m="51263" /><F37/><W35/><G90/><T69/><D10/><U76/><E76/><V115/><F115/><W31/><G7/><T0/><D0/><U2/><E2/><V93/><F124/><W9/><G9/><T129/><D129/><U5/><E5/><V15/><F15/><W38/><G35/><T71/><D30/><U49/><E49/><V45/><F126/><W13/><G13/><T81/><D28/><U33/><E33/><V132/><F127/><W65/><G65/><T113/><D113/><U4/><E4/><V21/><F51/><W110/><G50/><T133/><D133/><U105/><E105/><V92/><F21/><W121/><G110/><RYUUKYOKU ba="1,2" sc="417,-10,133,30,182,-10,248,-10" hai1="8,14,18,41,44,48,56,60,67,91,95,101,102" />
</Scene>
<Scene>
<INIT seed="5,2,2,5,0,108" ten="407,163,172,238" oya="1" hai0="33,66,121,25,30,90,74,1,46,0,105,16,12" hai1="127,101,88,52,31,82,69,36,83,24,64,50,67" hai2="115,19,55,28,65,78,126,11,35,21,77,59,95" hai3="111,107,17,58,106,49,53,43,76,61,81,48,42"/><U85/><E36/><V80/><F115/><W114/><G111/><T60/><D105/><U86/><E101/><V3/><F65/><W44/><G114/><T134/><D74/><U34/><E127/><V87/><F126/><W118/><G118/><T93/><D46/><U119/><E69/><V32/><F78/><W9/><G9/><T63/><D63/><U102/><E102/><V129/><F129/><W116/><G116/><T29/><D29/><U94/><E119/><V122/><F122/><W71/><G17/><T135/><D121/><U41/><E41/><V97/><F28/><W45/><G71/><T6/><D6/><U26/><E26/><V5/><F59/><W117/><G117/><T100/><D100/><U103/><E103/><V18/><F55/><W47/><G47/><T23/><D135/><U38/><E38/><V37/><F37/><W104/><G104/><T73/><D73/><AGARI ba="2,2" hai="42,43,44,45,48,49,53,58,61,73,76,81,106,107" machi="73" ten="30,2000,0" yaku="7,1,9,1" doraHai="108" who="3" fromWho="0" sc="407,-26,163,0,172,0,238,46" />
</Scene>
<Scene>
<INIT seed="6,0,0,3,1,25" ten="381,163,172,284" oya="2" hai0="59,63,118,119,5,51,27,97,124,115,11,67,24" hai1="18,91,84,65,129,38,75,133,49,9,100,10,82" hai2="34,44,120,135,0,21,1,98,48,108,106,89,30" hai3="111,15,131,132,99,39,20,125,113,7,83,6,3"/><V74/><F120/><W95/><G39/><T86/><D115/><U43/><E38/><V72/><F34/><W28/><G83/><T56/><D124/><U114/><E114/><V77/><F135/><W64/><G111/><T128/><D128/><U12/><E133/><V26/><F108/><W90/><G64/><T54/><D86/><U71/><E129/><V105/><F105/><W101/><G3/><T92/><D119/><U121/><E121/><V40/><F77/><W93/><G125/><T60/><D51/><U134/><E134/><V52/><F40/><W61/><G61/><T37/><D37/><U116/><E116/><V8/><F1/><W46/><G46/><T109/><D109/><U55/><E100/><V42/><F42/><W117/><G117/><T102/><D118/><U130/><E130/><V23/><F23/><W50/><G50/><T70/><D70/><U107/><E107/><V85/><F106/><W81/><G81/><T127/><D127/><U32/><E32/><V110/><F110/><W33/><G113/><T78/><D78/><U123/><E123/><V13/><F98/><N who="3" m="57655" /><G131/><T17/><D17/><U87/><E43/><V29/><F0/><AGARI ba="0,0" hai="0,5,11,24,27,54,56,59,60,63,67,92,97,102" machi="0" ten="30,1000,0" yaku="7,1" doraHai="25" who="0" fromWho="2" sc="381,10,163,0,172,-10,284,0" />
</Scene>
<Scene>
<INIT seed="7,0,0,3,2,42" ten="391,163,162,284" oya="3" hai0="116,103,82,88,7,67,36,107,6,94,41,77,127" hai1="96,11,133,0,15,118,38,114,39,106,126,119,71" hai2="90,135,48,44,68,1,84,63,31,16,28,59,128" hai3="104,92,43,98,115,64,130,56,10,109,123,54,121"/><W78/><G104/><T58/><D116/><N who="1" m="44587" /><E114/><V19/><F68/><W105/><G105/><T75/><D127/><U125/><E0/><V129/><F1/><W79/><G130/><N who="2" m="50281" /><F135/><W111/><G64/><T30/><D30/><N who="2" m="11306" /><F48/><N who="3" m="30791" /><G10/><T72/><D72/><U12/><E71/><V117/><F44/><W13/><G13/><N who="1" m="5194" /><E11/><V89/><F117/><W86/><G43/><T62/><D41/><U76/><E133/><V85/><F85/><W97/><G97/><N who="0" m="61935" /><D36/><N who="1" m="13867" /><E76/><N who="3" m="29226" /><G86/><AGARI ba="0,0" hai="6,7,58,62,67,75,77,82,86,88,94" m="61935" machi="86" ten="30,2000,0" yaku="24,1,54,1" doraHai="42" who="0" fromWho="3" sc="391,20,163,0,162,0,284,-20" owari="411,52.0,163,-24.0,162,-34.0,264,6.0" />
</Scene>
</mjloggm>