<mjloggm ver="2.3"><GO type="169" lobby="0"/><UN n0="%E3%83%90%E3%82%A4%E3%82%A2%E3%83%A9%E3%83%B3" n1="%E3%81%86%E3%81%A0%E3%81%A3%E3%81%B7" n2="%E3%82%82%E3%81%98%E3%82%89" n3="%E5%A4%AA%E3%81%8F%E3%81%AA%E3%81%84%E3%81%8A" dan="18,16,16,18" rate="2195.53,2121.68,2101.18,2239.90" sx="M,M,F,F"/><TAIKYOKU oya="0"/>

<Scene>
<INIT seed="0,0,0,0,4,31" ten="250,250,250,250" oya="0" hai0="38,15,100,32,17,25,41,64,97,57,131,107,11" hai1="114,9,44,72,49,60,111,130,76,121,99,42,0" hai2="19,77,105,12,92,87,68,10,110,113,71,67,126" hai3="112,116,80,16,6,43,134,69,36,129,109,74,120"/><T65/><D131/><U51/><E121/><V108/><F105/><W22/><RYUUKYOKU type="yao9" ba="0,0" sc="250,0,250,0,250,0,250,0" hai3="6,16,22,36,43,69,74,80,109,112,116,120,129,134" />
</Scene>
<Scene>
<INIT seed="0,1,0,4,4,129" ten="250,250,250,250" oya="0" hai0="81,51,40,93,75,103,50,133,112,22,105,17,13" hai1="25,92,109,73,35,21,117,67,104,58,78,24,2" hai2="55,16,90,121,62,79,115,88,132,128,102,52,124" hai3="106,127,98,26,122,135,59,114,6,8,116,5,91"/><T74/><D112/><U4/><E117/><V126/><F121/><W36/><G116/><T57/><D105/><U18/><E104/><V69/><F128/><W119/><G119/><T44/><D133/><U61/><E109/><V48/><F102/><W37/><G114/><T10/><D81/><U15/><E73/><V23/><F79/><W43/><G122/><T70/><D70/><U3/><E78/><V77/><F77/><W134/><G127/><N who="2" m="48681" /><F132/><N who="3" m="50731" /><G59/><T65/><D65/><U0/><E92/><V72/><F72/><W45/><G26/><T46/><D57/><U83/><E83/><V34/><F34/><W39/><G91/><T47/><D47/><U130/><E130/><V53/><F115/><W32/><G32/><T85/><D75/><U20/><E25/><N who="2" m="14567" /><F48/><N who="3" m="26687" /><G8/><T111/><D10/><U118/><E118/><V80/><F80/><W120/><G120/><T76/><D74/><U82/><E82/><V86/><F86/><W113/><G113/><T1/><D85/><U49/><E35/><V94/><F94/><W60/><G60/><T99/><D93/><U7/><E61/><V71/><F62/><W27/><G27/><T84/><D84/><U12/><E24/><V63/><F63/><W107/><G107/><T95/><D95/><U38/><E58/><V11/><F11/><W87/><G87/><T108/><D76/><U131/><E131/><V54/><N who="2" m="13312" /><DORA hai="100" /><V42/><F42/><W110/><G110/><T64/><D40/><U29/><E21/><V101/><F101/><AGARI ba="1,0" hai="5,6,36,37,39,98,101,106" m="26687,50731" machi="101" ten="40,8000,1" yaku="20,1,52,4" doraHai="129,100" who="3" fromWho="2" sc="250,0,250,0,250,-83,250,83" />
</Scene>
<Scene>
<INIT seed="1,0,0,3,1,101" ten="250,250,167,333" oya="1" hai0="23,115,126,59,76,116,119,14,73,128,32,40,4" hai1="98,95,28,35,41,62,46,22,66,47,15,57,97" hai2="21,106,107,9,93,87,130,90,131,92,11,113,19" hai3="43,63,129,55,99,31,88,6,56,132,127,117,123"/><U52/><E35/><V38/><F38/><W34/><G123/><T37/><D32/><U48/><E28/><V68/><F68/><W91/><G127/><T105/><D128/><N who="2" m="49194" /><F93/><W8/><G129/><T122/><D126/><U118/><E118/><V80/><F80/><W86/><G117/><T3/><D59/><U26/><E15/><N who="2" m="9471" /><F113/><W12/><G132/><T110/><D115/><U82/><E82/><V135/><F135/><W53/><G43/><T77/><D40/><U61/><E61/><V2/><F2/><W51/><G99/><T42/><D42/><U71/><E47/><V109/><F109/><W39/><G39/><T104/><D110/><U7/><E95/><V102/><F102/><W120/><G120/><T69/><D23/><U83/><E83/><V78/><F78/><W25/><REACH who="3" step="1"/><G86/><REACH who="3" ten="250,250,167,323" step="2"/><T49/><D37/><U89/><E98/><V16/><F16/><W125/><G125/><T17/><D122/><U64/><E97/><V44/><F44/><AGARI ba="0,1" hai="6,8,12,25,31,34,44,51,53,55,56,63,88,91" machi="44" ten="30,3900,0" yaku="1,1,7,1,54,1,53,0" doraHai="101" doraHaiUra="79" who="3" fromWho="2" sc="250,0,250,0,167,-39,323,49" />
</Scene>
<Scene>
<INIT seed="2,0,0,4,4,91" ten="250,250,128,372" oya="2" hai0="15,53,126,120,51,52,26,130,100,19,75,55,76" hai1="82,57,116,58,59,111,90,95,77,44,115,41,42" hai2="0,23,39,13,61,87,34,98,36,9,135,10,107" hai3="133,45,12,84,106,46,105,67,117,128,1,6,102"/><V127/><F34/><W11/><G117/><T134/><D120/><U28/><E111/><V118/><F118/><W72/><G72/><T30/><D134/><U24/><E116/><V70/><F135/><W7/><G133/><T4/><D130/><U99/><E115/><V93/><F127/><W47/><G128/><T108/><D108/><U27/><E28/><V3/><F107/><W8/><G102/><T54/><D4/><U125/><E125/><V89/><F23/><W124/><G124/><T5/><D5/><U63/><E63/><V56/><F70/><W110/><G110/><T83/><D100/><U123/><E123/><V79/><F9/><W22/><G67/><T73/><D126/><U101/><E90/><V32/><F32/><W132/><G132/><T109/><D75/><U16/><E16/><V43/><F98/><W114/><G114/><T103/><D103/><U69/><E69/><V49/><F79/><W50/><G50/><T40/><D40/><N who="1" m="15467" /><E44/><V71/><F71/><W17/><REACH who="3" step="1"/><G84/><AGARI ba="0,0" hai="24,27,57,58,59,77,82,84,95,99,101" m="15467" machi="84" ten="30,2000,0" yaku="8,1,52,1" doraHai="91" who="1" fromWho="3" sc="250,0,250,20,128,0,372,-20" />
</Scene>
<Scene>
<INIT seed="3,0,0,0,4,119" ten="250,270,128,352" oya="3" hai0="50,65,120,4,10,21,78,80,122,8,27,43,118" hai1="46,83,121,67,28,105,12,31,76,91,81,24,69" hai2="86,36,19,53,90,22,109,92,48,88,66,96,63" hai3="127,35,57,62,61,108,49,34,37,51,87,23,56"/><W123/><G37/><T114/><D118/><U32/><E31/><V130/><F109/><W70/><G70/><T89/><D65/><U116/><E116/><V133/><F130/><W42/><G23/><T101/><D101/><U107/><E91/><V58/><F133/><W135/><G135/><T124/><D89/><U82/><E76/><V103/><F36/><W104/><G87/><T72/><D124/><U13/><E46/><V93/><F66/><W5/><G5/><T38/><D114/><U126/><E126/><V77/><F77/><W117/><G117/><T0/><D50/><U97/><E107/><V15/><F63/><W6/><G6/><T132/><D10/><U18/><E18/><V98/><F103/><W131/><G127/><T99/><D99/><AGARI ba="0,0" hai="15,19,22,48,53,58,86,88,90,92,93,96,98,99" machi="99" ten="30,8000,1" yaku="7,1,25,2,8,1,54,1" doraHai="119" who="2" fromWho="0" sc="250,-80,270,0,128,80,352,0" />
</Scene>
<Scene>
<INIT seed="4,0,0,3,5,3" ten="170,270,208,352" oya="0" hai0="97,84,67,105,75,66,41,68,111,104,43,39,107" hai1="110,14,133,15,125,60,92,1,82,21,25,103,10" hai2="121,117,76,27,119,81,131,79,94,31,57,129,61" hai3="86,28,90,115,56,132,16,42,38,12,112,7,33"/><T58/><D75/><U74/><E110/><V13/><F94/><W134/><G56/><T106/><D111/><U69/><E125/><V83/><F121/><W93/><G28/><T95/><D68/><U62/><E133/><N who="3" m="51306" /><G33/><T73/><D73/><U44/><E1/><V113/><F57/><W85/><G7/><T35/><D35/><U78/><E44/><V109/><F61/><W4/><G4/><T128/><D128/><N who="2" m="49226" /><F109/><W48/><G48/><T114/><D114/><N who="3" m="43561" /><G42/><T11/><D39/><U5/><E15/><V70/><F70/><W30/><G30/><T9/><D84/><N who="1" m="48215" /><E69/><V37/><F37/><W46/><G46/><T49/><N who="0" m="26624" /><DORA hai="100" /><T130/><D130/><U126/><E74/><N who="2" m="43159" /><F83/><W17/><G38/><T18/><D49/><U123/><E123/><V51/><F79/><W24/><G24/><T32/><D32/><U120/><E120/><V22/><F113/><W36/><G36/><T20/><D58/><U101/><E62/><V122/><F122/><W89/><G12/><T34/><D34/><U96/><E25/><V108/><F108/><W6/><G6/><T63/><D41/><U71/><E5/><V118/><F13/><W72/><G72/><T98/><D43/><U29/><E14/><V0/><F51/><W87/><G93/><T88/><D63/><U50/><E92/><V64/><F0/><W55/><G55/><T52/><D52/><U26/><E60/><V80/><F80/><W47/><G47/><T102/><D66/><AGARI ba="0,0" hai="22,27,31,64,66,117,118,119" m="43159,49226" machi="66" ten="40,2600,0" yaku="12,1,19,1" doraHai="3,100" who="2" fromWho="0" sc="170,-26,270,0,208,26,352,0" />
</Scene>
<Scene>
<INIT seed="5,0,0,3,2,66" ten="144,270,234,352" oya="1" hai0="92,102,117,41,44,115,135,131,91,99,50,15,133" hai1="83,106,39,30,128,76,38,96,75,37,101,24,62" hai2="40,121,77,7,69,65,45,17,26,109,125,22,78" hai3="13,52,54,119,59,35,20,0,32,21,108,47,73"/><U87/><E128/><V116/><F121/><W23/><G0/><T79/><D131/><U127/><E127/><V53/><F116/><W4/><G108/><T90/><D117/><U48/><E48/><V107/><F107/><W68/><G73/><T1/><D1/><U60/><REACH who="1" step="1"/><E75/><REACH who="1" ten="144,260,234,352" step="2"/><V16/><F125/><W36/><G119/><T72/><D135/><U43/><E43/><V29/><F40/><W19/><G36/><T132/><D133/><U104/><E104/><V42/><F42/><W67/><G47/><T103/><D132/><U118/><E118/><V61/><F109/><W8/><G4/><T126/><D72/><U82/><E82/><V55/><F7/><W123/><G123/><T88/><D126/><U10/><E10/><V85/><F45/><W98/><G98/><T130/><D130/><U34/><AGARI ba="0,1" hai="24,30,34,37,38,39,60,62,76,83,87,96,101,106" machi="34" ten="30,3000,0" yaku="1,1,0,1,53,0" doraHai="66" doraHaiUra="12" who="1" fromWho="1" sc="144,-10,260,40,234,-10,352,-10" />
</Scene>
<Scene>
<INIT seed="5,1,0,3,3,73" ten="134,300,224,342" oya="1" hai0="111,102,31,72,44,35,99,112,43,30,53,74,17" hai1="127,75,82,10,87,33,117,131,6,120,84,71,42" hai2="48,89,79,130,116,11,8,88,110,66,0,95,129" hai3="78,94,37,81,115,20,83,96,41,67,21,121,57"/><U25/><E120/><V77/><F110/><W93/><G121/><T22/><D111/><U98/><E117/><V47/><F66/><W80/><G115/><T59/><D112/><U52/><E71/><V92/><F0/><W14/><G37/><T18/><D74/><U65/><E65/><V2/><F2/><W86/><G41/><T23/><D72/><U58/><E42/><V62/><F62/><N who="3" m="38351" /><G93/><N who="2" m="35913" /><F116/><W40/><G40/><T128/><D128/><N who="2" m="49258" /><F48/><W34/><G34/><T101/><D99/><U60/><E98/><V108/><F108/><W119/><G119/><T26/><D35/><U12/><E127/><V76/><F47/><W123/><G123/><T1/><D1/><U51/><E51/><V97/><F97/><W103/><G20/><T54/><D43/><U16/><E131/><V5/><F5/><W70/><G70/><T100/><D44/><U3/><E75/><V107/><F107/><W126/><G126/><T105/><D105/><U68/><E68/><V109/><F109/><W46/><G46/><T134/><D134/><U135/><E135/><V28/><F28/><W9/><G21/><T118/><D118/><U64/><E64/><V104/><F104/><W19/><AGARI ba="1,0" hai="9,14,19,78,80,81,83,86,94,96,103" m="38351" machi="19" ten="30,2000,0" yaku="8,1,52,1" doraHai="73" who="3" fromWho="3" sc="134,-6,300,-11,224,-6,342,23" />
</Scene>
<Scene>
<INIT seed="6,0,0,3,4,119" ten="128,289,218,365" oya="2" hai0="83,3,133,30,47,62,102,128,49,106,24,32,59" hai1="13,111,88,72,114,64,21,135,112,118,131,27,122" hai2="127,115,123,75,67,1,31,108,11,38,86,71,73" hai3="105,109,43,46,98,116,12,2,44,36,80,35,97"/><V17/><F38/><W65/><G2/><T77/><D133/><U45/><E111/><V57/><F71/><W93/><G109/><T134/><D134/><U18/><E72/><V51/><F108/><W126/><G35/><T89/><D128/><U60/><E118/><V58/><F31/><W78/><G116/><T39/><D39/><U55/><E135/><V103/><F115/><W54/><G65/><T37/><D37/><U120/><E131/><V91/><F103/><W82/><G126/><T56/><D3/><U28/><E88/><V15/><F1/><W132/><G132/><T117/><D89/><U90/><E90/><V9/><F123/><N who="1" m="47145" /><E55/><N who="2" m="31999" /><F75/><W63/><G54/><T23/><D117/><U92/><E92/><N who="2" m="54391" /><F73/><W113/><G93/><T96/><D83/><U41/><E41/><V121/><F127/><W5/><G80/><T100/><D77/><U10/><E45/><V42/><F42/><W7/><G44/><T85/><D85/><U66/><E66/><V87/><F87/><W25/><G78/><T70/><D100/><U125/><E125/><V48/><F121/><W130/><G130/><T6/><D47/><U16/><E28/><V26/><F67/><W33/><G43/><T84/><D84/><U14/><E27/><V0/><F26/><W19/><G25/><T53/><D102/><U99/><E99/><V124/><F124/><W76/><G97/><T68/><D96/><U20/><E10/><V94/><F94/><W4/><G98/><T129/><D129/><U50/><E50/><V29/><F29/><W81/><G36/><T110/><D110/><RYUUKYOKU ba="0,0" sc="128,-10,289,30,218,-10,365,-10" hai1="13,14,16,18,20,21,60,64,112,114" />
</Scene>
<Scene>
<INIT seed="7,1,0,0,3,100" ten="118,319,208,355" oya="3" hai0="132,130,121,104,20,12,97,110,114,67,94,25,39" hai1="10,50,17,89,37,129,47,87,84,66,86,5,42" hai2="109,58,68,123,93,124,38,64,69,53,34,108,60" hai3="80,52,48,115,26,29,126,24,36,92,95,18,105"/><W76/><G105/><T79/><D121/><U51/><E129/><V4/><F34/><W0/><G36/><T127/><D130/><U131/><E131/><V73/><F73/><W41/><G0/><T117/><D110/><U45/><E66/><V56/><F38/><W46/><G115/><T82/><D117/><U133/><E37/><V107/><F107/><W31/><G126/><T101/><D127/><U106/><E106/><V118/><F4/><W102/><G41/><T49/><D39/><U27/><E27/><N who="3" m="10282" /><G18/><T91/><D132/><U120/><E133/><V15/><F93/><N who="3" m="35915" /><G102/><T16/><D114/><U116/><E120/><V99/><F15/><W65/><G65/><T9/><D67/><U81/><E116/><V28/><F99/><W19/><G19/><T119/><D119/><U54/><REACH who="1" step="1"/><E17/><REACH who="1" ten="118,309,208,355" step="2"/><V55/><F118/><W6/><G6/><T85/><D49/><U22/><E22/><V113/><F123/><W128/><G128/><T83/><REACH who="0" step="1"/><D79/><REACH who="0" ten="108,309,208,355" step="2"/><U23/><E23/><V59/><F124/><W122/><G122/><T44/><D44/><U2/><AGARI ba="1,2" hai="2,5,10,42,45,47,50,51,54,81,84,86,87,89" machi="2" ten="20,2700,0" yaku="1,1,0,1,7,1,53,0" doraHai="100" doraHaiUra="134" who="1" fromWho="1" sc="108,-8,309,50,208,-8,355,-14" owari="100,-40.0,359,46.0,200,-20.0,341,14.0" />
</Scene>
</mjloggm>