<mjloggm ver="2.3"><GO type="169" lobby="0"/><UN n0="%6E%61%69%74%61" n1="%E3%81%8D%E3%81%97%E3%82%8A%E3%81%A3%E3%81%97%E3%82%85" n2="%E5%8D%97%E6%98%9F%E6%98%8E%E6%97%A5%E6%AD%A9" n3="%E5%A4%AA%E3%81%8F%E3%81%AA%E3%81%84%E3%81%8A" dan="16,17,18,18" rate="2114.83,2159.46,2212.31,2245.96" sx="M,M,M,M"/><TAIKYOKU oya="0"/>

<Scene>
<INIT seed="0,0,0,3,3,76" ten="250,250,250,250" oya="0" hai0="3,64,75,92,95,58,45,112,50,25,47,34,21" hai1="60,67,23,30,77,41,53,73,22,106,49,44,116" hai2="86,12,33,4,55,71,99,97,96,87,11,36,133" hai3="79,115,31,108,48,28,78,117,66,81,113,26,110"/><T15/><D75/><U40/><E106/><V9/><F33/><W8/><G117/><T27/><D112/><N who="3" m="43081" /><G66/><T35/><D3/><U82/><E116/><V83/><F71/><W105/><G105/><T127/><D127/><U98/><E23/><V7/><F36/><W132/><G132/><T1/><D1/><U135/><E135/><V59/><F133/><W54/><G8/><T122/><D122/><U19/><E98/><V68/><F68/><W16/><G79/><T6/><D6/><U126/><E30/><V57/><F55/><W130/><G130/><T124/><D124/><U18/><E18/><V74/><F74/><N who="3" m="43223" /><G26/><T84/><D15/><U52/><E53/><V114/><F114/><W134/><G16/><T14/><D14/><U111/><E111/><N who="3" m="42538" /><G134/><T38/><D21/><U5/><E5/><V65/><F65/><W109/><N who="3" m="42546" /><W91/><DORA hai="102" /><G91/><T107/><D64/><U10/><E10/><V70/><F12/><W24/><G24/><T17/><D17/><U32/><E32/><V120/><F70/><W125/><G125/><T61/><D107/><U46/><E46/><AGARI ba="0,0" hai="28,31,46,48,54" m="42546,43223,43081" machi="46" ten="40,2600,0" yaku="14,1,52,1" doraHai="76,102" who="3" fromWho="1" sc="250,0,250,-26,250,0,250,26" />
</Scene>
<Scene>
<INIT seed="1,0,0,3,0,36" ten="250,224,250,276" oya="1" hai0="37,107,64,75,72,126,124,67,92,30,109,90,62" hai1="46,82,29,85,34,27,6,16,116,133,12,71,5" hai2="53,105,119,61,121,49,101,11,95,1,104,106,89" hai3="86,14,45,7,57,100,132,26,112,38,10,114,70"/><U99/><E116/><V8/><F119/><W52/><G70/><T25/><D37/><U118/><E71/><V103/><F121/><W91/><G132/><T56/><D107/><U94/><E133/><V22/><F61/><W134/><G134/><T115/><D115/><U32/><E32/><V102/><F22/><W120/><G120/><T42/><D67/><U19/><E118/><V58/><REACH who="2" step="1"/><F1/><REACH who="2" ten="250,224,240,276" step="2"/><W88/><G114/><T69/><D109/><U55/><E34/><V73/><F73/><W77/><G112/><T17/><D75/><U43/><E29/><V84/><AGARI ba="0,1" hai="8,11,49,53,58,84,89,95,101,102,103,104,105,106" machi="84" ten="40,2700,0" yaku="1,1,0,1,53,0" doraHai="36" doraHaiUra="110" who="2" fromWho="2" sc="250,-7,224,-13,240,37,276,-7" />
</Scene>
<Scene>
<INIT seed="2,0,0,0,3,104" ten="243,211,277,269" oya="2" hai0="107,69,22,29,99,82,39,90,78,97,129,34,109" hai1="63,11,31,117,91,64,58,68,70,65,37,66,26" hai2="120,56,14,106,118,19,110,43,47,96,21,53,49" hai3="126,45,4,67,125,36,101,42,114,73,115,84,80"/><V134/><F118/><W48/><G101/><T127/><D69/><U85/><E117/><V30/><F120/><W135/><G135/><T15/><D39/><U24/><E37/><V5/><F134/><W124/><G67/><T87/><D129/><U72/><E70/><V44/><F110/><W57/><G4/><T121/><D121/><U77/><E68/><V0/><F30/><W130/><G130/><T10/><D127/><U94/><E11/><V40/><F0/><W20/><G20/><T6/><D109/><U102/><E102/><V9/><F106/><W61/><G36/><T93/><D107/><U116/><E116/><V8/><F96/><W25/><G25/><T86/><D34/><U33/><REACH who="1" step="1"/><E26/><AGARI ba="0,0" hai="6,10,15,22,26,29,78,82,86,87,90,93,97,99" machi="26" ten="40,1300,0" yaku="8,1" doraHai="104" who="0" fromWho="1" sc="243,13,211,-13,277,0,269,0" />
</Scene>
<Scene>
<INIT seed="3,0,0,2,3,105" ten="256,198,277,269" oya="3" hai0="118,20,32,48,71,124,11,53,97,120,86,87,109" hai1="107,122,64,70,96,82,106,55,3,112,50,8,26" hai2="65,68,42,127,45,90,129,93,34,49,10,63,77" hai3="57,121,115,134,102,30,135,28,4,6,12,67,33"/><W95/><G115/><T128/><D120/><U123/><E112/><V18/><F34/><W126/><G121/><T38/><D38/><U117/><E117/><V125/><F77/><W113/><G113/><T80/><D118/><U110/><E64/><V92/><F129/><W130/><G130/><T58/><D71/><U62/><E62/><V31/><F31/><W21/><G33/><T41/><D128/><U37/><E37/><V27/><F93/><W40/><G40/><T94/><D32/><U131/><E70/><V9/><F27/><N who="3" m="16495" /><G30/><T114/><D114/><U78/><E107/><V88/><F90/><W119/><G119/><T44/><D124/><N who="2" m="47690" /><F18/><W66/><G126/><T111/><D11/><U73/><E110/><N who="0" m="41993" /><D20/><U103/><E26/><V25/><F25/><W75/><G102/><N who="0" m="60727" /><D80/><U133/><E133/><V17/><F17/><W108/><G108/><T46/><D41/><U35/><E35/><V29/><F29/><W72/><G95/><T83/><D87/><AGARI ba="0,0" hai="9,10,42,45,49,63,65,68,87,88,92" m="47690" machi="87" ten="30,2000,0" yaku="18,1,54,1" doraHai="105" who="2" fromWho="0" sc="256,-20,198,0,277,20,269,0" />
</Scene>
<Scene>
<INIT seed="4,0,0,0,5,53" ten="236,198,297,269" oya="0" hai0="46,33,34,29,100,0,92,101,16,125,124,116,20" hai1="67,104,36,15,135,70,72,19,88,89,66,79,118" hai2="35,91,56,99,49,6,96,108,77,17,5,111,11" hai3="28,131,22,90,40,59,114,119,18,42,85,23,86"/><T39/><D116/><U61/><E135/><V57/><F35/><W48/><G119/><T38/><D0/><U113/><E118/><V8/><F49/><W102/><G114/><T80/><D80/><U134/><E104/><V78/><F17/><W112/><G112/><T110/><D110/><U73/><E36/><N who="0" m="13865" /><D46/><U69/><E134/><V32/><F32/><N who="0" m="12394" /><D29/><U13/><E113/><V9/><F9/><W130/><G102/><N who="0" m="39531" /><D92/><U123/><E19/><V127/><REACH who="2" step="1"/><F91/><REACH who="2" ten="236,198,287,269" step="2"/><W121/><G90/><T43/><D16/><U24/><E24/><V117/><F117/><W45/><G18/><T4/><D4/><U76/><REACH who="1" step="1"/><E61/><REACH who="1" ten="236,188,287,269" step="2"/><V27/><F27/><W71/><G28/><T128/><D128/><U95/><E95/><V126/><AGARI ba="0,2" hai="5,6,8,11,56,57,77,78,96,99,108,111,126,127" machi="126" ten="25,12000,2" yaku="1,1,0,1,22,2,52,2,53,0" doraHai="53" doraHaiUra="47" who="2" fromWho="2" sc="236,-60,188,-30,287,140,269,-30" />
</Scene>
<Scene>
<INIT seed="5,0,0,0,0,129" ten="176,158,427,239" oya="1" hai0="113,22,38,57,58,122,73,20,62,8,91,46,32" hai1="65,92,51,127,3,37,125,14,135,123,75,26,132" hai2="99,28,98,36,54,59,76,84,78,115,77,85,18" hai3="97,128,21,55,66,17,100,47,71,70,120,23,12"/><U4/><E37/><V105/><F36/><W61/><G120/><T44/><D73/><U130/><E123/><V81/><F105/><W96/><G128/><T134/><D32/><U112/><E130/><V52/><F28/><W69/><G96/><T107/><D107/><U90/><E75/><V108/><F108/><W114/><G114/><T50/><D122/><U27/><E112/><V106/><F106/><W60/><G21/><T10/><D113/><U110/><E110/><V34/><F34/><W42/><G55/><T56/><D38/><U88/><E14/><V79/><F54/><W74/><G61/><T19/><D62/><U48/><E65/><V68/><F68/><W15/><G15/><T7/><D7/><U63/><E63/><V16/><F85/><W94/><G74/><T80/><D134/><N who="1" m="51243" /><E88/><V1/><F115/><W31/><G60/><T101/><D101/><U87/><E51/><N who="2" m="31135" /><F1/><W35/><G66/><T104/><D104/><U11/><E48/><V103/><F103/><W0/><G0/><T131/><D131/><U13/><E13/><V95/><F95/><W41/><G70/><T2/><D50/><U111/><E111/><V25/><F79/><W102/><G102/><T40/><D2/><U67/><E67/><V43/><F78/><W82/><G69/><T45/><D40/><U117/><E117/><V49/><F77/><W124/><G71/><T121/><D121/><U33/><E33/><V5/><F76/><W118/><G118/><T6/><D91/><U72/><E72/><V9/><F49/><W86/><G41/><T39/><D39/><RYUUKYOKU ba="0,0" sc="176,-10,158,30,427,-10,239,-10" hai1="3,4,11,26,27,87,90,92,125,127" />
</Scene>
<Scene>
<INIT seed="5,1,0,3,5,1" ten="166,188,417,229" oya="1" hai0="103,80,116,118,46,79,29,2,14,97,70,123,63" hai1="40,93,120,98,9,72,35,25,112,92,110,7,20" hai2="54,67,100,62,59,16,32,64,82,10,87,109,43" hai3="24,12,101,108,53,8,77,34,36,125,86,5,117"/><U42/><E120/><V17/><F32/><W33/><G108/><T15/><D123/><U113/><E110/><V48/><F109/><W76/><G36/><T111/><D111/><U119/><E72/><V127/><F100/><W96/><G125/><T84/><D2/><U83/><E83/><V19/><F10/><W61/><G117/><T90/><D29/><U3/><E35/><V21/><F127/><W31/><G34/><T44/><D118/><U122/><E122/><V69/><F43/><N who="1" m="16425" /><E98/><V66/><F69/><W78/><G61/><T4/><D116/><U38/><E38/><V23/><F48/><W102/><G53/><T30/><D30/><U104/><E104/><V130/><F130/><W134/><G134/><T135/><D135/><U13/><E13/><V57/><F57/><W55/><G55/><T45/><D79/><AGARI ba="1,0" hai="16,17,19,21,23,54,59,62,64,66,67,79,82,87" machi="79" ten="40,2600,0" yaku="8,1,54,1" doraHai="1" who="2" fromWho="0" sc="166,-29,188,0,417,29,229,0" />
</Scene>
<Scene>
<INIT seed="6,0,0,5,4,83" ten="137,188,446,229" oya="2" hai0="129,79,60,81,98,39,52,13,112,115,53,103,130" hai1="55,47,45,29,8,95,4,58,116,2,48,77,42" hai2="121,107,11,68,97,122,36,26,132,92,89,17,7" hai3="70,38,27,123,125,75,12,99,9,40,135,113,44"/><V111/><F68/><W35/><G123/><T31/><D31/><U64/><E29/><V102/><F36/><W91/><G75/><T32/><D32/><U71/><E71/><V33/><F132/><W49/><G70/><T84/><D39/><U23/><E23/><V63/><F63/><W10/><G135/><T6/><D6/><U30/><E30/><V67/><F33/><W87/><G125/><T74/><D74/><U126/><E116/><V76/><F67/><W88/><G113/><N who="0" m="43595" /><D13/><U114/><E126/><V59/><F59/><W1/><G1/><T57/><D53/><U101/><E77/><V20/><F76/><W117/><G117/><T54/><D54/><U124/><E124/><V104/><F111/><W93/><G38/><T133/><D133/><U15/><E2/><V86/><F107/><AGARI ba="0,0" hai="52,57,60,79,81,84,98,103,107,129,130" m="43595" machi="107" ten="30,3900,0" yaku="15,1,52,1,54,1" doraHai="83" who="0" fromWho="2" sc="137,39,188,0,446,-39,229,0" />
</Scene>
<Scene>
<INIT seed="7,0,0,1,3,107" ten="176,188,407,229" oya="3" hai0="66,5,32,128,80,85,9,94,95,131,60,92,97" hai1="77,106,27,49,0,127,2,132,31,19,63,23,25" hai2="76,134,96,104,3,58,26,54,118,82,69,81,103" hai3="22,123,14,88,74,83,20,10,133,15,16,100,125"/><W55/><G123/><T18/><D32/><U33/><E106/><V42/><F118/><W130/><G130/><N who="0" m="49707" /><D18/><U65/><E132/><V36/><F69/><W50/><G133/><T48/><D48/><U91/><E127/><V37/><F3/><W35/><G35/><T111/><D111/><U64/><E64/><V124/><F134/><W87/><G125/><T84/><D97/><U99/><E77/><V56/><F82/><W115/><G115/><T7/><D80/><U70/><E49/><V121/><F58/><W122/><G122/><T75/><D75/><U71/><E71/><V101/><F124/><W29/><G74/><T62/><D7/><U4/><E4/><V89/><F89/><W114/><G114/><T52/><D52/><U72/><E72/><V67/><F121/><W119/><G119/><T135/><D135/><U43/><E43/><V102/><F36/><W57/><G100/><T46/><D46/><U61/><E61/><N who="0" m="23657" /><D66/><U24/><E24/><V12/><F37/><W93/><G83/><T98/><D98/><U39/><E39/><V117/><F117/><W8/><G29/><T129/><N who="0" m="49715" /><T1/><AGARI ba="0,0" hai="1,5,9,84,85,92,94,95" m="23657,49715" machi="1" ten="50,3200,0" yaku="4,1,19,1" doraHai="107" who="0" fromWho="0" sc="176,32,188,-8,407,-8,229,-16" owari="208,-19.0,180,-32.0,399,50.0,213,1.0" />
</Scene>
</mjloggm>