<mjloggm ver="2.3"><GO type="169" lobby="0"/><UN n0="%70%6F%6E%5F%6B%61%73%75" n1="%E3%82%AB%E3%83%9C%E3%83%81%E3%83%A3%E3%82%BF%E3%83%8D" n2="%E5%A4%AA%E3%81%8F%E3%81%AA%E3%81%84%E3%81%8A" n3="%4B%55%5A%55" dan="16,17,19,16" rate="2074.75,2136.94,2313.77,2079.02" sx="M,M,F,M"/><TAIKYOKU oya="0"/>

<Scene>
<INIT seed="0,0,0,3,5,120" ten="250,250,250,250" oya="0" hai0="62,42,97,82,63,94,34,52,59,17,1,130,36" hai1="100,132,38,72,67,115,8,99,133,27,93,109,92" hai2="41,118,117,78,10,2,45,3,88,14,29,6,110" hai3="11,15,25,13,76,84,20,90,113,129,114,58,119"/><T50/><D130/><U57/><E38/><V48/><F78/><W32/><G32/><T81/><D34/><U51/><E72/><V26/><F110/><W106/><G119/><N who="2" m="45577" /><F88/><W125/><G106/><T37/><D1/><U21/><E115/><V96/><F96/><W7/><G76/><T77/><D81/><U135/><E8/><V28/><F28/><W128/><G58/><T22/><D37/><U40/><E109/><V44/><F44/><W95/><G15/><T70/><D70/><U103/><E40/><V71/><F71/><W79/><G79/><T122/><D122/><U30/><E51/><V112/><F112/><W102/><G102/><N who="1" m="38954" /><E99/><V69/><F69/><W124/><G114/><T134/><D134/><U80/><E80/><V104/><F104/><W60/><G60/><AGARI ba="0,0" hai="21,27,30,57,60,67,92,93,132,133,135" m="38954" machi="60" ten="40,1300,0" yaku="20,1" doraHai="120" who="1" fromWho="3" sc="250,0,250,13,250,0,250,-13" />
</Scene>
<Scene>
<INIT seed="1,0,0,1,5,37" ten="250,263,250,237" oya="1" hai0="31,51,32,87,22,115,25,85,24,70,17,64,112" hai1="76,94,82,101,42,118,131,92,74,54,33,19,65" hai2="68,119,121,98,1,126,35,55,49,60,105,80,45" hai3="109,104,7,56,106,102,8,50,110,30,91,127,21"/><U69/><E33/><V75/><F119/><W63/><G127/><T125/><D125/><U130/><E118/><V128/><F126/><W86/><G50/><T89/><D85/><U28/><E28/><V48/><F121/><W97/><G104/><T40/><D70/><U93/><E54/><V26/><F1/><W5/><G21/><T61/><D61/><N who="1" m="40111" /><E19/><V79/><F128/><N who="1" m="49193" /><E101/><V114/><F35/><W129/><G30/><T78/><D78/><U77/><E77/><V4/><F55/><N who="3" m="34207" /><G129/><T66/><D115/><U103/><E103/><V88/><F79/><W84/><G91/><T58/><D112/><U2/><E2/><V34/><F88/><W72/><G72/><T95/><D58/><U39/><E39/><V53/><F75/><W62/><G62/><T23/><REACH who="0" step="1"/><D32/><REACH who="0" ten="240,263,250,237" step="2"/><U52/><E52/><V14/><F114/><W67/><G67/><T83/><D83/><U73/><E73/><V134/><F80/><W122/><G122/><T71/><D71/><U59/><E59/><V44/><F68/><W120/><G120/><T46/><AGARI ba="0,1" hai="17,22,23,24,25,31,40,46,51,64,66,87,89,95" machi="46" ten="30,8000,1" yaku="1,1,0,1,8,1,52,1,53,1" doraHai="37" doraHaiUra="43" who="0" fromWho="0" sc="240,90,263,-40,250,-20,237,-20" />
</Scene>
<Scene>
<INIT seed="2,0,0,2,0,16" ten="330,223,230,217" oya="2" hai0="33,95,115,56,46,98,57,53,65,3,58,80,45" hai1="4,101,121,68,63,131,99,78,89,26,84,36,122" hai2="31,70,50,81,83,34,85,22,119,93,28,133,87" hai3="2,129,97,48,32,128,20,21,71,100,102,62,134"/><V18/><F119/><W66/><G2/><T52/><D115/><U125/><E131/><N who="3" m="50250" /><G134/><T7/><D33/><U77/><E36/><V29/><F70/><W1/><G1/><T55/><D65/><N who="1" m="41023" /><E4/><V27/><F133/><W79/><G79/><T38/><D38/><U132/><E132/><V39/><F39/><W11/><G11/><T40/><D40/><U44/><E44/><N who="0" m="17001" /><D3/><U120/><E125/><V104/><F104/><N who="3" m="63503" /><G102/><N who="0" m="60767" /><D80/><N who="2" m="30794" /><F34/><W126/><G126/><T41/><D41/><U118/><E118/><V113/><F113/><W109/><G109/><T90/><D7/><U112/><E112/><V123/><F123/><W106/><G106/><T72/><D72/><U74/><E74/><V37/><F37/><W69/><G69/><T51/><D90/><U61/><E78/><V127/><F127/><W75/><G75/><T23/><D51/><U13/><E77/><V0/><F0/><W82/><G82/><T15/><D55/><U91/><E61/><V135/><F135/><W107/><G107/><T54/><D53/><U24/><E91/><N who="2" m="53487" /><F50/><W30/><G48/><T49/><D49/><U96/><E89/><V94/><F94/><W108/><G108/><T14/><D57/><U92/><E84/><AGARI ba="0,0" hai="18,22,27,28,29,31,84,87" m="53487,30794" machi="84" ten="30,2900,0" yaku="8,1,52,1" doraHai="16" who="2" fromWho="1" sc="330,0,223,-29,230,29,217,0" />
</Scene>
<Scene>
<INIT seed="2,1,0,1,5,89" ten="330,194,259,217" oya="2" hai0="10,45,53,13,69,111,76,56,38,119,90,21,15" hai1="68,25,118,65,122,112,110,60,79,51,35,43,48" hai2="55,86,123,77,71,4,24,20,23,102,96,61,133" hai3="116,6,3,87,106,7,120,124,107,57,84,113,129"/><V117/><F117/><W18/><G116/><T93/><D111/><U49/><E118/><V134/><F123/><W1/><G120/><T46/><D119/><U66/><E122/><V130/><F130/><W99/><G129/><T16/><D76/><U97/><E112/><V22/><F4/><W0/><G113/><T73/><D69/><U98/><E79/><V50/><F71/><W83/><G124/><T131/><D38/><U115/><E115/><V34/><F61/><W40/><G40/><T39/><D39/><U101/><E98/><V91/><F77/><W80/><G57/><T29/><D73/><U28/><E66/><V121/><F121/><W27/><G27/><N who="0" m="16623" /><D13/><U17/><E17/><V105/><F34/><W135/><G18/><T44/><D44/><U109/><REACH who="1" step="1"/><E43/><REACH who="1" ten="330,184,259,217" step="2"/><V82/><REACH who="2" step="1"/><F24/><REACH who="2" ten="330,184,249,217" step="2"/><W104/><G135/><T2/><D131/><U9/><E9/><V132/><F132/><W58/><G99/><N who="0" m="57783" /><D2/><U114/><E114/><V33/><F33/><W85/><REACH who="3" step="1"/><G58/><AGARI ba="1,2" hai="20,22,23,50,55,58,82,86,91,96,102,105,133,134" machi="58" ten="40,2000,0" yaku="1,1,53,0" doraHai="89" doraHaiUra="12" who="2" fromWho="3" sc="330,0,184,0,249,43,217,-23" />
</Scene>
<Scene>
<INIT seed="2,2,0,3,5,86" ten="330,184,292,194" oya="2" hai0="107,80,81,77,61,25,69,26,99,40,23,91,64" hai1="7,10,53,120,31,110,128,78,28,63,88,22,65" hai2="56,5,75,101,42,46,21,49,129,115,36,113,124" hai3="37,108,18,100,66,19,94,127,17,4,60,48,126"/><V105/><F75/><W97/><G37/><T118/><D118/><U2/><E110/><V24/><F5/><W29/><G108/><T104/><D40/><U74/><E128/><V117/><F117/><W39/><G39/><T32/><D32/><U67/><E120/><V122/><F122/><W16/><G4/><T6/><D6/><U85/><E78/><V87/><F129/><W35/><N who="3" m="4096" /><DORA hai="92" /><W0/><G0/><T50/><D50/><U45/><E74/><V54/><F124/><W58/><REACH who="3" step="1"/><G48/><REACH who="3" ten="330,184,292,184" step="2"/><T116/><D116/><U112/><E112/><V73/><F115/><W134/><G134/><T82/><D77/><U103/><E31/><V132/><F113/><W8/><G8/><T70/><D25/><AGARI ba="2,1" hai="25,29,35,58,60,66,94,97,100,126,127" m="4096" machi="25" ten="50,8000,1" yaku="1,1,52,1,54,1,53,1" doraHai="86,92" doraHaiUra="131,96" who="3" fromWho="0" sc="330,-86,184,0,292,0,184,96" />
</Scene>
<Scene>
<INIT seed="3,0,0,3,4,45" ten="244,184,292,280" oya="3" hai0="21,125,110,106,97,28,67,24,96,118,109,46,117" hai1="73,31,126,57,62,7,0,34,29,22,127,54,2" hai2="90,102,66,40,89,27,77,58,108,124,16,113,43" hai3="135,133,15,52,68,33,134,1,69,120,101,79,59"/><W75/><G1/><T86/><D125/><U123/><E73/><V64/><F113/><W74/><G120/><T36/><D67/><U63/><E123/><V37/><F37/><W14/><G33/><T61/><D61/><U70/><E34/><V85/><F102/><W65/><G101/><T44/><D86/><U18/><E2/><V103/><F103/><W56/><G65/><T11/><D11/><N who="1" m="2535" /><E63/><V129/><F108/><N who="0" m="41578" /><D44/><U81/><E81/><V20/><F129/><W19/><G79/><T9/><D9/><U114/><E70/><N who="3" m="27242" /><G56/><T116/><D106/><U23/><E114/><V111/><F124/><N who="1" m="47657" /><E23/><V87/><F111/><W71/><N who="3" m="27250" /><W132/><DORA hai="60" /><G133/><T100/><D100/><U122/><E122/><V3/><F3/><W50/><G15/><AGARI ba="0,0" hai="15,18,22,29,31,54,57,62" m="47657,2535" machi="15" ten="30,1000,0" yaku="18,1" doraHai="45,60" who="1" fromWho="3" sc="244,0,184,10,292,0,280,-10" />
</Scene>
<Scene>
<INIT seed="4,0,0,3,2,10" ten="244,194,292,270" oya="0" hai0="127,111,117,18,66,109,40,35,105,100,13,79,130" hai1="64,94,132,134,29,33,102,98,122,107,39,61,26" hai2="124,0,46,133,112,108,57,58,47,60,123,30,17" hai3="96,121,11,74,88,54,43,14,32,101,97,83,93"/><T115/><D117/><U125/><E122/><V9/><F108/><N who="0" m="41546" /><D35/><U38/><E94/><V50/><F123/><W99/><G121/><T65/><D115/><U119/><E119/><V77/><F30/><W110/><G110/><T86/><D127/><U51/><E51/><V20/><F77/><W31/><G43/><T63/><D130/><U27/><E27/><V113/><F124/><W104/><G32/><T87/><D40/><U75/><E125/><V71/><F71/><W114/><G31/><T53/><D53/><U118/><E75/><V1/><F133/><N who="1" m="51305" /><E118/><V62/><F50/><W72/><G114/><T68/><D66/><U84/><E84/><V106/><F106/><W120/><G120/><T5/><D79/><U28/><E28/><V67/><F67/><W45/><G97/><N who="0" m="61583" /><D5/><U59/><AGARI ba="0,0" hai="26,29,33,38,39,59,61,64,98,102,107" m="51305" machi="59" ten="30,1100,0" yaku="20,1" doraHai="10" who="1" fromWho="1" sc="244,-5,194,11,292,-3,270,-3" />
</Scene>
<Scene>
<INIT seed="5,0,0,5,0,0" ten="239,205,289,267" oya="1" hai0="50,12,48,16,19,34,5,92,98,66,31,32,93" hai1="67,128,77,71,124,90,45,4,52,131,99,106,86" hai2="23,61,58,82,53,13,78,64,41,26,36,37,127" hai3="10,59,73,134,69,115,17,11,108,111,6,85,51"/><U132/><E132/><V40/><F127/><W125/><G134/><T3/><D19/><U72/><E124/><V27/><F37/><W81/><G125/><T121/><D121/><U63/><E77/><V100/><F100/><W94/><G69/><T56/><D66/><U114/><E72/><V22/><F64/><W33/><G33/><T96/><D32/><U104/><E114/><V55/><F13/><W39/><G39/><T47/><D56/><U110/><E110/><V76/><F36/><W95/><G73/><T70/><D70/><U24/><E24/><V130/><F130/><N who="1" m="49705" /><E99/><V68/><F68/><W119/><G115/><T135/><D135/><U97/><E97/><V79/><F82/><W20/><G119/><T18/><D18/><U113/><E113/><V7/><F7/><W103/><G108/><T29/><D29/><U89/><E4/><V83/><F83/><W109/><G81/><T46/><D98/><U30/><E30/><N who="2" m="17751" /><F55/><N who="3" m="32255" /><G6/><T118/><D96/><U57/><E45/><V44/><F44/><W21/><G109/><T15/><D118/><U75/><E75/><V129/><F129/><W60/><G111/><T123/><D123/><U8/><E8/><V126/><F126/><W35/><G10/><N who="0" m="4175" /><D34/><U38/><E38/><V133/><F133/><W120/><G11/><N who="0" m="6271" /><D31/><AGARI ba="0,0" hai="23,27,31,40,41,53,58,61,76,78,79" m="17751" machi="31" ten="30,1000,0" yaku="8,1" doraHai="0" who="2" fromWho="0" sc="239,-10,205,0,289,10,267,0" />
</Scene>
<Scene>
<INIT seed="6,0,0,1,4,115" ten="229,205,299,267" oya="2" hai0="74,55,90,99,70,21,96,105,40,50,129,133,114" hai1="86,41,131,17,59,72,93,68,113,0,35,14,4" hai2="76,57,102,31,78,20,36,62,126,3,11,106,119" hai3="88,39,6,120,100,47,66,65,34,123,85,42,89"/><V124/><F36/><W15/><G34/><T25/><D114/><U64/><E113/><V10/><F102/><W122/><G100/><T18/><D129/><U95/><E72/><V60/><F106/><W97/><G97/><T103/><D133/><U22/><E131/><V111/><F31/><W45/><G47/><T121/><D121/><U52/><E41/><V67/><F20/><W24/><G24/><T108/><D108/><U53/><E68/><V87/><F111/><W1/><G1/><T56/><D74/><U29/><E64/><V48/><F48/><W112/><G112/><T118/><D70/><U82/><E53/><V38/><F38/><W116/><G116/><T37/><D118/><U91/><E29/><V71/><F119/><W33/><G33/><T23/><D21/><U134/><E35/><V127/><F87/><W84/><G85/><T58/><D58/><U51/><REACH who="1" step="1"/><E134/><REACH who="1" ten="229,195,299,267" step="2"/><V98/><F71/><W79/><G65/><T12/><D40/><U7/><E7/><V9/><F67/><W81/><G66/><T19/><D37/><U16/><E16/><V73/><F73/><W132/><G132/><T130/><D130/><U61/><E61/><V26/><F62/><W110/><G110/><T54/><D55/><U83/><E83/><V109/><F109/><W8/><AGARI ba="0,1" hai="6,8,15,39,42,45,79,81,84,88,89,120,122,123" machi="8" ten="40,2700,0" yaku="0,1,54,1" doraHai="115" who="3" fromWho="3" sc="229,-7,195,-7,299,-13,267,37" />
</Scene>
<Scene>
<INIT seed="7,0,0,0,4,123" ten="222,188,286,304" oya="3" hai0="41,112,119,38,46,102,114,83,105,17,54,125,71" hai1="129,22,118,26,84,29,92,85,132,0,99,86,20" hai2="61,55,128,62,36,45,3,97,57,78,124,98,14" hai3="82,106,9,11,30,95,47,60,49,117,80,33,50"/><W4/><G106/><T27/><D119/><U10/><E118/><V121/><F3/><W72/><G117/><T74/><D125/><U75/><E75/><V44/><F124/><W6/><G33/><T15/><D27/><U2/><E132/><V65/><F121/><W113/><G30/><T16/><D71/><U19/><E129/><V51/><F128/><W107/><G107/><T131/><D131/><U63/><E0/><V25/><F78/><W5/><G113/><N who="0" m="43627" /><D54/><U42/><E2/><V87/><F87/><W18/><G72/><T91/><D15/><U79/><E42/><V24/><F36/><W116/><G116/><T81/><D91/><U53/><E10/><N who="3" m="3594" /><G18/><N who="0" m="7275" /><D74/><U34/><E34/><V58/><F14/><W68/><G68/><T66/><D66/><U48/><E63/><V126/><F126/><W28/><G28/><T103/><D103/><U13/><E79/><V23/><F25/><W94/><G60/><T130/><D130/><U96/><REACH who="1" step="1"/><E92/><REACH who="1" ten="222,178,286,304" step="2"/><N who="3" m="35370" /><G49/><T111/><D111/><U67/><E67/><V108/><F108/><W127/><G127/><T89/><D89/><U109/><E109/><V88/><F88/><W122/><G122/><T101/><D101/><U21/><E21/><V100/><F100/><W43/><AGARI ba="0,1" hai="4,5,6,43,47,50,80,82" m="35370,3594" machi="43" ten="30,1500,0" yaku="8,1" doraHai="123" who="3" fromWho="3" sc="222,-5,178,-5,286,-5,304,25" owari="217,-18.0,173,-33.0,281,8.0,329,43.0" />
</Scene>
</mjloggm>