<mjloggm ver="2.3"><GO type="169" lobby="0"/><UN n0="%E5%A4%AA%E3%81%8F%E3%81%AA%E3%81%84%E3%81%8A" n1="%E3%81%BF%E3%82%8A%E3%81%95%E3%82%93%E3%82%84%E3%81%A7" n2="%59%6F%70%70%59" n3="%E9%9D%92%E7%8C%AB" dan="18,16,16,16" rate="2250.56,2028.19,2082.68,2062.97" sx="M,F,F,M"/><TAIKYOKU oya="0"/>

<Scene>
<INIT seed="0,0,0,3,0,52" ten="250,250,250,250" oya="0" hai0="55,94,88,122,9,36,90,35,8,43,108,80,57" hai1="58,128,125,10,17,123,1,37,101,92,83,102,40" hai2="85,100,77,51,15,69,95,104,106,115,42,121,28" hai3="44,96,12,79,87,25,59,99,91,2,66,60,119"/><T62/><D122/><U130/><E123/><V27/><F69/><W86/><G2/><T4/><D35/><U70/><E70/><V20/><F121/><W89/><G119/><T39/><D108/><U45/><E125/><V11/><F115/><W112/><G79/><T135/><D135/><U97/><E83/><V5/><F100/><W134/><G134/><T23/><D43/><U73/><E73/><V56/><F95/><W63/><G112/><T26/><D80/><U126/><E126/><V61/><F85/><W120/><G120/><T124/><D124/><U111/><E111/><V98/><F98/><W129/><G129/><N who="1" m="49770" /><E58/><V81/><F81/><W116/><G116/><T117/><D117/><U103/><E17/><V133/><F77/><W33/><G44/><T68/><D68/><U16/><E16/><V31/><F31/><W67/><G12/><T34/><D34/><U13/><E13/><V118/><F118/><W48/><G33/><T82/><D82/><U18/><E18/><V53/><REACH who="2" step="1"/><F133/><REACH who="2" ten="250,250,240,250" step="2"/><W47/><G87/><T32/><D90/><U64/><E103/><V21/><F21/><W71/><G91/><T24/><D32/><U127/><E102/><V22/><F22/><W131/><G131/><T76/><D76/><U19/><E127/><V0/><F0/><W93/><REACH who="3" step="1"/><G25/><REACH who="3" ten="250,250,240,240" step="2"/><T109/><D26/><U84/><E84/><V29/><F29/><W132/><G132/><T41/><D24/><U74/><E1/><V49/><F49/><W107/><G107/><T46/><D88/><U72/><E72/><V65/><F65/><W113/><G113/><RYUUKYOKU ba="0,2" sc="250,-15,250,-15,240,15,240,15" hai2="5,11,15,20,27,28,42,51,53,56,61,104,106" hai3="47,48,59,60,63,66,67,71,86,89,93,96,99" />
</Scene>
<Scene>
<INIT seed="1,1,2,0,5,13" ten="235,235,255,255" oya="1" hai0="62,63,35,128,10,7,59,99,103,124,102,73,55" hai1="49,132,19,118,127,64,0,79,93,11,109,36,39" hai2="67,17,5,76,94,113,91,70,114,87,57,77,84" hai3="89,47,119,81,53,30,54,129,101,90,108,23,111"/><U88/><E118/><V22/><F70/><W120/><G120/><T46/><D73/><U38/><E79/><V1/><F1/><W78/><G101/><T96/><D35/><U28/><E127/><V43/><F43/><W66/><G66/><T56/><D124/><U40/><E132/><V74/><F5/><W26/><G129/><T131/><D46/><U16/><E28/><V68/><F68/><W65/><G65/><T45/><D45/><U6/><E64/><V133/><F133/><W12/><G12/><T27/><D27/><U14/><E109/><N who="3" m="42058" /><G119/><T8/><D55/><N who="3" m="21001" /><G47/><T110/><D110/><U134/><E134/><V61/><F87/><AGARI ba="1,2" hai="23,26,30,78,81,87,89,90" m="21001,42058" machi="87" ten="30,1000,0" yaku="14,1" doraHai="13" who="3" fromWho="2" sc="235,0,235,0,255,-13,255,33" />
</Scene>
<Scene>
<INIT seed="2,0,0,1,0,22" ten="235,235,242,288" oya="2" hai0="109,48,52,58,82,43,4,32,92,134,123,95,41" hai1="97,115,1,135,27,124,113,105,90,73,67,34,128" hai2="130,121,23,31,14,55,12,116,8,30,120,11,125" hai3="49,36,44,79,19,114,106,129,110,112,64,16,126"/><V99/><F116/><W66/><G36/><T46/><D123/><U47/><E124/><V33/><F55/><W118/><G106/><T101/><D32/><U26/><E128/><V0/><F99/><W2/><G2/><T93/><D109/><U100/><E135/><V84/><F84/><W18/><G118/><T70/><D70/><U28/><E1/><V51/><F51/><W80/><G110/><T17/><D134/><U59/><E73/><V132/><F0/><W15/><G15/><T96/><D4/><U13/><E13/><V102/><F102/><W86/><G129/><T76/><D17/><U62/><E90/><V107/><F107/><W111/><G126/><T50/><REACH who="0" step="1"/><D43/><REACH who="0" ten="225,235,242,288" step="2"/><U85/><E85/><AGARI ba="0,1" hai="41,46,48,50,52,58,76,82,85,92,93,95,96,101" machi="85" ten="30,8000,1" yaku="1,1,2,1,7,1,8,1,54,1,53,0" doraHai="22" doraHaiUra="57" who="0" fromWho="1" sc="225,90,235,-80,242,0,288,0" />
</Scene>
<Scene>
<INIT seed="3,0,0,2,4,87" ten="315,155,242,288" oya="3" hai0="56,69,70,34,125,51,64,31,8,109,5,10,135" hai1="78,90,37,35,29,75,42,2,133,44,93,104,117" hai2="108,83,47,122,102,16,118,43,24,15,95,96,7" hai3="134,59,30,128,105,132,100,130,68,38,20,101,66"/><W55/><G38/><T36/><D36/><U91/><E104/><V46/><F108/><W41/><G41/><T107/><D107/><U4/><E133/><N who="3" m="51306" /><G66/><T25/><D135/><U99/><E117/><V79/><F122/><W85/><G68/><T81/><D109/><U3/><E3/><V26/><F7/><W123/><G123/><T23/><D125/><U60/><E60/><V98/><F98/><N who="3" m="61591" /><G101/><T120/><D120/><U111/><E111/><V97/><F97/><W58/><G85/><T74/><D64/><U129/><E129/><N who="3" m="49770" /><G55/><T77/><D69/><U13/><E75/><V53/><F53/><W40/><G40/><T0/><D70/><U131/><E131/><V71/><F71/><W54/><G54/><T76/><D74/><U67/><E67/><V126/><F43/><W65/><G65/><T106/><D106/><U63/><E63/><V72/><F72/><W103/><G103/><T12/><D51/><U82/><E37/><V62/><F102/><W50/><G50/><T113/><D76/><U17/><E78/><V39/><F79/><W14/><G30/><T22/><D77/><U112/><E42/><V18/><F39/><W84/><G84/><T21/><D81/><U57/><E82/><V89/><F83/><W52/><G52/><T11/><D56/><U33/><E57/><V114/><F62/><W48/><G48/><T124/><D31/><U121/><E29/><V73/><F73/><W80/><G80/><T28/><D28/><U32/><E121/><V127/><F47/><W45/><G45/><T61/><D61/><U115/><E44/><RYUUKYOKU ba="0,0" sc="315,-10,155,-10,242,-10,288,30" hai3="14,20,58,59" />
</Scene>
<Scene>
<INIT seed="3,1,0,2,0,76" ten="305,145,232,318" oya="3" hai0="106,122,28,100,24,19,113,135,43,59,23,95,101" hai1="65,49,89,35,82,70,124,129,64,92,42,21,69" hai2="126,14,16,74,93,127,25,52,44,41,8,134,30" hai3="50,71,61,46,45,36,87,12,4,130,105,109,108"/><W38/><G105/><T132/><D122/><U117/><E35/><V5/><F74/><W112/><G112/><T91/><D113/><U131/><E117/><V40/><F93/><W26/><G26/><T77/><D77/><U62/><E124/><N who="2" m="47659" /><F134/><N who="0" m="51242" /><D106/><U22/><E92/><V7/><F52/><N who="3" m="29775" /><G46/><T53/><D28/><U37/><E37/><N who="2" m="21519" /><F41/><W56/><G71/><T97/><D43/><U115/><E115/><V54/><F54/><W110/><G130/><N who="1" m="49674" /><E42/><V33/><AGARI ba="1,0" hai="5,7,8,14,16,25,30,33" m="21519,47659" machi="33" ten="30,2000,0" yaku="18,1,54,1" doraHai="76" who="2" fromWho="2" sc="305,-6,145,-6,232,23,318,-11" />
</Scene>
<Scene>
<INIT seed="4,0,0,4,1,122" ten="299,139,255,307" oya="0" hai0="103,108,114,39,116,84,38,23,134,89,91,16,33" hai1="37,32,2,111,12,49,120,119,110,10,117,78,17" hai2="62,27,94,11,82,63,6,130,5,127,96,73,51" hai3="21,93,41,30,66,22,20,35,52,118,113,69,55"/><T54/><D116/><N who="1" m="44619" /><E37/><V88/><F27/><W24/><G118/><T53/><D33/><U43/><E43/><V126/><F51/><W15/><G41/><T8/><D103/><U87/><E87/><V67/><F130/><W128/><G128/><T42/><D89/><U107/><E78/><N who="2" m="44367" /><F11/><W80/><G15/><T61/><D91/><U40/><E107/><V1/><F1/><W101/><G80/><T85/><D84/><U99/><E99/><V57/><F63/><W77/><G77/><T92/><D85/><U47/><E120/><V44/><F44/><W48/><G48/><T90/><D61/><U72/><E72/><V18/><F18/><W129/><G129/><T79/><D42/><U28/><E2/><V68/><F68/><W81/><G81/><T123/><D123/><U70/><E70/><V29/><F29/><W95/><G95/><T125/><D92/><U36/><E49/><V121/><F121/><W25/><G25/><T102/><D39/><U56/><E56/><V75/><F75/><W97/><REACH who="3" step="1"/><G113/><REACH who="3" ten="299,139,255,297" step="2"/><T45/><D114/><U133/><E133/><V104/><F104/><W83/><G83/><T124/><D134/><U60/><E60/><AGARI ba="0,1" hai="20,21,22,24,30,35,52,55,60,66,69,93,97,101" machi="60" ten="40,5200,0" yaku="1,1,54,1,53,1" doraHai="122" doraHaiUra="64" who="3" fromWho="1" sc="299,0,139,-52,255,0,297,62" />
</Scene>
<Scene>
<INIT seed="5,0,0,3,3,91" ten="299,87,255,359" oya="1" hai0="24,49,30,21,80,47,13,23,79,113,54,59,37" hai1="35,26,135,51,106,61,17,117,58,110,72,20,11" hai2="9,84,43,52,104,114,118,76,125,16,55,116,89" hai3="107,64,92,6,90,75,83,111,127,10,69,103,85"/><U73/><E117/><V19/><F104/><W82/><G111/><T28/><D113/><U99/><E110/><V29/><F125/><W120/><G120/><T31/><D37/><U98/><E135/><V74/><F43/><W25/><G127/><T66/><D66/><U128/><E128/><V36/><F36/><W130/><G130/><T109/><D109/><U12/><E35/><V68/><F68/><W27/><G64/><T42/><D13/><U67/><E51/><V22/><F29/><W44/><G69/><T62/><D23/><U3/><E3/><V39/><F39/><W46/><G83/><T41/><D41/><U38/><E38/><V50/><F55/><W14/><G75/><AGARI ba="0,0" hai="21,24,28,30,31,42,47,49,54,59,62,75,79,80" machi="75" ten="30,1000,0" yaku="7,1" doraHai="91" who="0" fromWho="3" sc="299,10,87,0,255,0,359,-10" />
</Scene>
<Scene>
<INIT seed="6,0,0,1,5,46" ten="309,87,255,349" oya="2" hai0="73,79,121,133,110,52,94,88,49,42,96,24,53" hai1="134,98,129,70,80,101,109,28,67,21,7,130,116" hai2="125,51,66,41,108,115,61,63,62,36,4,99,107" hai3="122,35,22,12,25,119,77,124,126,131,113,47,50"/><V102/><F115/><W27/><G119/><T123/><D110/><U29/><E109/><V93/><F108/><W31/><G122/><T34/><D133/><U105/><E116/><V104/><F125/><N who="3" m="48235" /><G131/><T72/><D42/><U43/><E134/><V106/><F36/><W60/><G77/><T11/><D53/><U91/><E7/><V37/><F37/><W55/><G12/><T71/><D71/><U87/><E43/><V15/><F15/><W10/><G10/><T23/><D34/><U117/><E117/><V44/><REACH who="2" step="1"/><F4/><REACH who="2" ten="309,87,245,349" step="2"/><W78/><G113/><T65/><D11/><U59/><E130/><V1/><F1/><W64/><G27/><T103/><D123/><U89/><E129/><V32/><F32/><W3/><G3/><T33/><D121/><U57/><E70/><AGARI ba="0,1" hai="41,44,51,61,62,63,66,70,93,99,102,104,106,107" machi="70" ten="40,3900,0" yaku="1,1,52,1,53,0" doraHai="46" doraHaiUra="17" who="2" fromWho="1" sc="309,0,87,-39,245,49,349,0" />
</Scene>
<Scene>
<INIT seed="6,1,0,5,5,0" ten="309,48,294,349" oya="2" hai0="23,95,51,31,17,120,118,112,55,107,117,97,127" hai1="29,110,46,22,57,93,134,103,66,4,99,116,131" hai2="102,72,6,47,104,49,10,129,7,128,115,77,81" hai3="16,63,54,42,73,62,18,30,96,65,58,122,36"/><V64/><F115/><W24/><G73/><T108/><D108/><U25/><E116/><N who="0" m="44649" /><D120/><U11/><E110/><V59/><F10/><W45/><G122/><T34/><D107/><U69/><E69/><V39/><F39/><W121/><G96/><T13/><D112/><U76/><E131/><N who="2" m="50251" /><F102/><W86/><G86/><T60/><D60/><U133/><E76/><V92/><F92/><W109/><G109/><T88/><D127/><U3/><REACH who="1" step="1"/><E46/><REACH who="1" ten="309,38,294,349" step="2"/><V33/><F104/><W130/><G130/><T53/><D51/><U87/><E87/><V89/><F33/><W135/><G121/><T79/><D79/><U70/><E70/><V94/><F47/><W28/><G135/><T101/><D101/><U126/><E126/><V67/><F67/><W1/><G65/><T8/><D34/><U9/><E9/><V12/><F64/><W83/><G45/><T2/><D31/><U44/><E44/><V82/><F49/><W105/><G30/><T40/><D40/><U52/><E52/><V68/><F68/><W80/><G28/><T26/><D55/><U32/><E32/><V14/><F59/><W20/><G58/><T38/><D53/><U98/><E98/><N who="2" m="57679" /><F82/><W48/><G83/><T124/><D124/><U41/><E41/><V56/><F56/><W37/><G42/><T71/><D71/><U50/><E50/><V91/><F91/><W85/><G48/><T78/><D78/><U114/><E114/><V119/><F119/><W113/><G113/><T84/><D97/><U106/><E106/><V21/><F21/><W132/><G105/><T19/><D38/><RYUUKYOKU ba="1,1" sc="309,10,38,10,294,10,349,-30" hai0="2,8,13,17,19,23,26,84,88,95" hai1="3,4,11,22,25,29,57,66,93,99,103,133,134" hai2="6,7,12,14,72,77,81" />
</Scene>
<Scene>
<INIT seed="6,2,1,1,3,122" ten="319,48,304,319" oya="2" hai0="12,69,4,7,119,112,102,73,41,83,27,54,39" hai1="55,49,87,75,15,72,16,105,50,58,114,53,22" hai2="71,110,30,51,91,104,124,113,89,33,10,117,25" hai3="100,31,74,66,64,6,123,38,67,52,120,19,1"/><V126/><F104/><W132/><G38/><T116/><D69/><U17/><E105/><V92/><F71/><W8/><G74/><T21/><D102/><U118/><E114/><V96/><F117/><N who="0" m="45130" /><D112/><U129/><E129/><V109/><F113/><W127/><G100/><T86/><D73/><U88/><E118/><V43/><F10/><W128/><G128/><T81/><D54/><U47/><REACH who="1" step="1"/><E17/><REACH who="1" ten="319,38,304,319" step="2"/><V60/><F91/><W82/><G19/><N who="0" m="10471" /><D27/><U63/><E63/><V121/><F60/><W98/><G120/><T11/><D11/><U84/><E84/><V9/><F9/><W108/><G8/><T26/><D26/><U85/><E85/><V77/><F121/><W95/><G123/><T97/><D97/><U56/><E56/><V44/><REACH who="2" step="1"/><F77/><REACH who="2" ten="319,38,294,319" step="2"/><W40/><G1/><T115/><D115/><U14/><E14/><V2/><F2/><W135/><G6/><T28/><D4/><U0/><E0/><V29/><F29/><W76/><G31/><T68/><D7/><U80/><AGARI ba="2,3" hai="15,16,22,47,49,50,53,55,58,72,75,80,87,88" machi="80" ten="20,8000,1" yaku="1,1,0,1,7,1,54,2,53,0" doraHai="122" doraHaiUra="35" who="1" fromWho="1" sc="319,-22,38,116,294,-42,319,-22" />
</Scene>
<Scene>
<INIT seed="7,0,0,1,1,19" ten="297,154,252,297" oya="3" hai0="110,23,11,44,45,59,74,101,51,14,9,108,42" hai1="84,1,53,133,26,56,78,25,135,33,75,43,17" hai2="66,71,38,40,52,46,62,116,18,134,61,4,10" hai3="36,39,41,103,106,57,30,132,50,54,29,98,81"/><W65/><G132/><N who="1" m="50762" /><E1/><V85/><F134/><W68/><G81/><T90/><D74/><U91/><E43/><V114/><F116/><W93/><G93/><T55/><D101/><U34/><E78/><V6/><F85/><W102/><G102/><T99/><D44/><U100/><E75/><V5/><F114/><W13/><G13/><T20/><D110/><U7/><E7/><V86/><F86/><W109/><G109/><T96/><D108/><U70/><E70/><V48/><F61/><N who="3" m="39983" /><G36/><T127/><D127/><U94/><E100/><V92/><F18/><W15/><G15/><T69/><D69/><U89/><E89/><V82/><F92/><W8/><G8/><N who="0" m="3147" /><D14/><U63/><E17/><V95/><F95/><W129/><G129/><T60/><D90/><U126/><E126/><V113/><F82/><W21/><G21/><AGARI ba="0,0" hai="20,21,23,42,45,51,55,59,60,96,99" m="3147" machi="21" ten="30,7700,0" yaku="8,1,52,3" doraHai="19" who="0" fromWho="3" sc="297,77,154,0,252,0,297,-77" owari="374,48.0,154,-35.0,252,5.0,220,-18.0" />
</Scene>
</mjloggm>