<mjloggm ver="2.3"><GO type="169" lobby="0"/><UN n0="%6A%69%6E%6B%61%69" n1="%67%61%6D%6F%33" n2="%E2%80%A0%E3%81%BE%E3%83%BC%E5%9D%8A%E2%80%A0" n3="%E5%A4%AA%E3%81%8F%E3%81%AA%E3%81%84%E3%81%8A" dan="17,17,17,19" rate="2110.29,2147.97,2085.01,2296.63" sx="M,M,M,F"/><TAIKYOKU oya="0"/>

<Scene>
<INIT seed="0,0,0,0,2,43" ten="250,250,250,250" oya="0" hai0="74,102,20,37,123,35,17,42,44,11,71,30,120" hai1="101,40,26,111,112,8,66,28,0,85,77,70,67" hai2="95,100,76,56,23,49,18,45,29,130,121,109,103" hai3="57,25,81,65,110,129,6,92,93,58,12,51,78"/><T91/><D71/><U16/><E111/><V52/><F121/><W53/><G110/><T34/><D74/><U94/><E112/><V60/><F109/><W69/><G69/><T84/><D102/><U82/><E70/><V104/><F104/><W33/><G129/><T86/><D11/><U114/><E114/><V1/><F1/><W89/><G33/><T119/><D119/><U22/><E40/><V117/><F130/><W113/><G25/><T46/><D86/><U116/><E116/><V75/><F29/><W87/><G113/><T64/><D64/><U118/><E118/><V68/><F68/><W3/><G3/><T36/><D30/><U128/><E128/><V50/><F117/><W135/><G135/><T127/><D127/><U105/><E105/><V134/><F134/><W125/><G125/><T48/><D36/><U14/><REACH who="1" step="1"/><E0/><REACH who="1" ten="250,240,250,250" step="2"/><V15/><F50/><W90/><G6/><T5/><D5/><U2/><E2/><V19/><F95/><W32/><G92/><T27/><D120/><U80/><E80/><V108/><F108/><W88/><G93/><T133/><D123/><U63/><E63/><V131/><F131/><W61/><G81/><T72/><D133/><U126/><E126/><V132/><F132/><W31/><G51/><T54/><D72/><U62/><E62/><V41/><REACH who="2" step="1"/><F18/><REACH who="2" ten="250,240,240,250" step="2"/><W9/><G61/><T55/><D55/><U38/><E38/><V97/><F97/><AGARI ba="0,2" hai="8,14,16,22,26,28,66,67,77,82,85,94,97,101" machi="97" ten="40,8000,1" yaku="1,1,8,1,54,1,53,1" doraHai="43" doraHaiUra="21" who="1" fromWho="2" sc="250,0,240,100,240,-80,250,0" />
</Scene>
<Scene>
<INIT seed="1,0,0,4,1,121" ten="250,340,160,250" oya="1" hai0="1,63,38,4,27,99,32,37,25,3,112,22,53" hai1="124,67,119,103,81,64,133,15,135,19,62,104,30" hai2="102,16,120,115,18,101,88,95,69,46,108,6,86" hai3="34,91,17,97,78,107,51,52,33,49,20,114,68"/><U100/><E119/><V2/><F120/><W14/><G114/><T111/><D111/><U0/><E0/><V24/><F115/><W73/><G68/><T43/><D112/><U55/><E30/><V125/><F69/><W26/><G73/><T75/><D75/><U35/><E35/><V116/><F116/><W117/><G78/><T54/><D63/><U10/><E124/><V48/><F125/><W126/><G126/><T50/><D99/><U39/><E39/><V93/><F108/><W8/><G51/><T130/><D50/><U76/><E55/><V40/><F6/><W12/><G12/><T60/><D60/><U71/><E64/><V29/><F2/><W85/><G97/><T72/><D4/><U9/><E9/><V96/><REACH who="2" step="1"/><F102/><REACH who="2" ten="250,340,150,250" step="2"/><W5/><G117/><T122/><D3/><U28/><E103/><V82/><F82/><W57/><G107/><T77/><D1/><U74/><E104/><V58/><F58/><W84/><REACH who="3" step="1"/><G85/><REACH who="3" ten="250,340,150,240" step="2"/><T21/><D122/><U42/><E71/><V65/><F65/><W118/><G118/><T44/><D72/><U23/><E67/><V94/><F94/><AGARI ba="0,2" hai="5,8,14,17,20,26,33,34,49,52,57,84,91,94" machi="94" ten="30,3900,0" yaku="1,1,7,1,54,1,53,0" doraHai="121" doraHaiUra="128" who="3" fromWho="2" sc="250,0,340,0,150,-39,240,59" />
</Scene>
<Scene>
<INIT seed="2,0,0,5,5,44" ten="250,340,111,299" oya="2" hai0="66,135,129,85,105,112,6,61,69,116,28,106,71" hai1="80,22,83,72,47,118,98,73,46,42,97,24,60" hai2="96,18,2,54,50,76,14,52,124,108,109,38,100" hai3="114,99,45,78,19,29,94,68,16,104,37,127,134"/><V125/><F2/><W123/><G68/><T34/><D85/><U4/><E4/><V10/><F38/><W70/><G70/><T20/><D6/><U74/><E118/><V36/><F76/><W13/><G104/><T91/><D91/><U25/><E60/><V62/><F62/><W131/><G123/><T59/><D20/><U63/><E63/><V35/><F36/><W79/><G29/><T48/><D48/><U49/><E46/><N who="2" m="27735" /><F54/><W87/><G79/><T7/><D66/><U130/><E130/><V128/><F35/><W126/><G131/><T31/><D61/><U30/><REACH who="1" step="1"/><E25/><REACH who="1" ten="250,330,111,299" step="2"/><V39/><F128/><W84/><G45/><T26/><D129/><U55/><E55/><V133/><F133/><W33/><G134/><T77/><D26/><U67/><E67/><V64/><F64/><W120/><G120/><T51/><D71/><U9/><E9/><V82/><F39/><W3/><G37/><T92/><D69/><U113/><E113/><V75/><F125/><W65/><G114/><T101/><D135/><U90/><E90/><V111/><F124/><W15/><G65/><T119/><D112/><U115/><E115/><V95/><F75/><W11/><G126/><T0/><D116/><U32/><E32/><V1/><F1/><W89/><G3/><T102/><D119/><U41/><E41/><V8/><F10/><N who="3" m="6199" /><G127/><T103/><D34/><U23/><E23/><V132/><F132/><W122/><G122/><T21/><D21/><U121/><E121/><V57/><F57/><W88/><G33/><T110/><D0/><U5/><E5/><RYUUKYOKU ba="0,1" sc="250,-15,330,15,111,15,299,-15" hai1="22,24,30,42,47,49,72,73,74,80,83,97,98" hai2="8,14,18,82,95,96,100,108,109,111" />
</Scene>
<Scene>
<INIT seed="2,1,1,4,2,132" ten="235,345,126,284" oya="2" hai0="67,71,68,70,47,93,134,107,103,27,94,36,0" hai1="13,35,38,5,29,115,41,128,30,106,9,44,81" hai2="16,124,49,85,96,59,86,113,15,119,26,18,109" hai3="114,122,10,64,108,7,58,33,54,46,53,2,28"/><V111/><F119/><W66/><G122/><T23/><D0/><U12/><E115/><V75/><F113/><W130/><G114/><T11/><D134/><U72/><E106/><V83/><F75/><W101/><G101/><T65/><D11/><U135/><E135/><V127/><F96/><W14/><G108/><N who="2" m="41545" /><F86/><W82/><G2/><T45/><D107/><U104/><E104/><V117/><F117/><W92/><G33/><T50/><D36/><U131/><E13/><V40/><F26/><W97/><G28/><T95/><D103/><U87/><E72/><V60/><F49/><N who="3" m="28855" /><G82/><T1/><D1/><U4/><E35/><V42/><F42/><W62/><G130/><N who="1" m="49706" /><E4/><V39/><F40/><W52/><G97/><T22/><D50/><U73/><E73/><V88/><F39/><W100/><G100/><T8/><D27/><U112/><E112/><V80/><F80/><W78/><G92/><T89/><D89/><AGARI ba="1,1" hai="5,9,12,29,30,38,41,44,81,87,89" m="49706" machi="89" ten="30,1000,0" yaku="19,1" doraHai="132" who="1" fromWho="0" sc="235,-13,345,23,126,0,284,0" />
</Scene>
<Scene>
<INIT seed="3,0,0,0,0,40" ten="222,368,126,284" oya="3" hai0="84,101,14,133,94,21,4,23,120,22,85,78,135" hai1="38,105,83,5,11,86,100,46,29,80,75,35,65" hai2="87,107,33,15,19,20,13,70,67,108,98,26,41" hai3="7,114,134,106,122,63,102,95,74,54,12,42,69"/><W111/><G74/><T96/><D120/><U93/><E105/><V66/><F108/><W124/><G106/><T76/><D4/><U125/><E65/><V115/><F115/><W36/><G122/><T32/><D14/><U44/><E38/><V64/><F70/><W132/><G114/><T73/><D32/><U58/><E75/><V79/><F33/><W48/><G124/><T2/><D2/><U45/><E125/><V60/><F60/><W9/><G111/><T99/><D73/><U113/><E113/><V55/><F55/><W52/><G102/><T28/><D28/><U49/><E29/><V59/><F59/><N who="3" m="33159" /><G95/><T3/><D3/><U109/><E35/><V51/><F98/><N who="0" m="37418" /><D94/><U91/><E100/><V92/><F107/><W50/><G50/><T8/><D8/><U39/><E39/><V77/><F92/><W110/><G54/><T130/><D101/><U104/><E104/><V72/><F72/><W68/><G110/><T117/><D117/><U10/><E109/><V34/><F34/><W97/><G97/><T1/><D1/><U24/><E49/><V17/><F87/><N who="0" m="33354" /><D130/><U90/><E93/><V112/><F112/><W89/><G89/><T18/><D18/><U30/><E90/><V0/><F0/><W62/><G69/><T6/><D6/><U57/><E5/><V103/><F103/><W53/><G68/><T129/><D129/><U116/><E116/><V47/><REACH who="2" step="1"/><F13/><REACH who="2" ten="222,368,116,284" step="2"/><W56/><G63/><T25/><D25/><U126/><E24/><V121/><F121/><W82/><G62/><T123/><D123/><U128/><E128/><RYUUKYOKU ba="0,1" sc="222,15,368,-15,116,15,284,-15" hai0="21,22,23,76,78,133,135" hai2="15,17,19,20,26,41,47,51,64,66,67,77,79" />
</Scene>
<Scene>
<INIT seed="4,1,1,5,2,101" ten="237,353,131,269" oya="0" hai0="38,8,85,60,103,12,109,27,22,45,117,74,134" hai1="31,59,99,19,39,11,14,0,82,89,6,94,96" hai2="50,30,126,17,80,52,48,83,129,124,68,49,55" hai3="72,41,104,123,5,21,34,53,62,35,97,42,79"/><T47/><D74/><U114/><E39/><V63/><F30/><W73/><G5/><T13/><D117/><U116/><E116/><V93/><F93/><W90/><G21/><T33/><D33/><U51/><E31/><V10/><F129/><W16/><G16/><N who="0" m="12743" /><D38/><U7/><E82/><N who="2" m="31275" /><F10/><W32/><G73/><T65/><D85/><U70/><E70/><V58/><F68/><W113/><G72/><T23/><D109/><U88/><E114/><V78/><F78/><W111/><G113/><T84/><D84/><U75/><E75/><V76/><F76/><W95/><G79/><T131/><D103/><U25/><E0/><V112/><F17/><W119/><G111/><T57/><D131/><U108/><E108/><V110/><F110/><W56/><G119/><T18/><D134/><U81/><E81/><V67/><F112/><W66/><G123/><T127/><D127/><AGARI ba="1,1" hai="48,49,50,52,55,58,63,67,124,126,127" m="31275" machi="127" ten="30,2000,0" yaku="18,1,54,1" doraHai="101" who="2" fromWho="0" sc="237,-23,353,0,131,33,269,0" />
</Scene>
<Scene>
<INIT seed="5,0,0,3,5,21" ten="214,353,164,269" oya="1" hai0="34,27,102,99,63,53,133,135,129,81,80,85,13" hai1="95,46,119,18,11,33,71,4,31,64,35,55,58" hai2="108,1,62,9,109,89,40,75,16,118,116,22,8" hai3="84,2,114,77,3,94,130,49,101,106,90,54,78"/><U65/><E119/><N who="2" m="45611" /><F89/><W121/><G114/><T98/><D129/><U73/><E73/><V32/><F75/><W56/><G121/><T12/><D53/><U79/><E79/><V51/><F62/><W97/><G130/><T104/><D63/><U127/><E71/><V105/><F51/><W83/><REACH who="3" step="1"/><G78/><REACH who="3" ten="214,353,164,259" step="2"/><T72/><D133/><U87/><E64/><V69/><F109/><W86/><AGARI ba="0,1" hai="2,3,49,54,56,77,83,84,86,90,94,97,101,106" machi="86" ten="20,5200,0" yaku="1,1,2,1,0,1,7,1,53,0" doraHai="21" doraHaiUra="15" who="3" fromWho="3" sc="214,-13,353,-26,164,-13,259,62" />
</Scene>
<Scene>
<INIT seed="6,0,0,3,2,45" ten="201,327,151,321" oya="2" hai0="28,95,39,124,112,117,7,105,120,54,110,94,76" hai1="66,21,116,77,133,99,96,62,90,46,9,35,70" hai2="118,131,65,67,72,43,83,89,41,34,19,6,61" hai3="31,80,56,130,3,16,87,104,5,18,42,11,79"/><V75/><F34/><W37/><G104/><T55/><D7/><U93/><E35/><V121/><F121/><W47/><G130/><T100/><D28/><U101/><E116/><V74/><F118/><W68/><G68/><T97/><D117/><U86/><E133/><V132/><F132/><W109/><G109/><T36/><D120/><U2/><E21/><V49/><F131/><W78/><G31/><T119/><D112/><U27/><E27/><V82/><F6/><W57/><G78/><T24/><D119/><U25/><E25/><V51/><F89/><W10/><G10/><T52/><D24/><U50/><E77/><V4/><F4/><W108/><G108/><T81/><D110/><U38/><E38/><V23/><F61/><W64/><G64/><N who="2" m="24649" /><F19/><W1/><G1/><T0/><D124/><U129/><E129/><V106/><F106/><W33/><G33/><T126/><D0/><U8/><E2/><V91/><F91/><W14/><G18/><T114/><D114/><U71/><E71/><V84/><F23/><W20/><AGARI ba="0,0" hai="3,5,11,14,16,20,37,42,47,56,57,79,80,87" machi="20" ten="20,2700,0" yaku="0,1,7,1,54,1" doraHai="45" who="3" fromWho="3" sc="201,-7,327,-7,151,-13,321,27" />
</Scene>
<Scene>
<INIT seed="7,0,0,2,2,132" ten="194,320,138,348" oya="3" hai0="83,46,79,116,30,65,115,100,34,77,110,67,102" hai1="0,117,47,131,92,29,122,93,84,63,66,108,124" hai2="103,5,16,41,58,20,88,126,3,114,18,56,19" hai3="17,6,104,78,28,32,22,118,94,9,81,109,53"/><W123/><G104/><T31/><D110/><U72/><E0/><V91/><F114/><W76/><G118/><T35/><D46/><U105/><E72/><V38/><F103/><W48/><G123/><T13/><D13/><U99/><E108/><V25/><F38/><W42/><G42/><T95/><D95/><U86/><E122/><V121/><F41/><W127/><G109/><T112/><D83/><U44/><E117/><AGARI ba="0,0" hai="30,31,34,35,65,67,77,79,100,102,112,115,116,117" machi="117" ten="25,1600,0" yaku="22,2" doraHai="132" who="0" fromWho="1" sc="194,16,320,-16,138,0,348,0" owari="210,-19.0,304,10.0,138,-36.0,348,45.0" />
</Scene>
</mjloggm>