<mjloggm ver="2.3"><GO type="169" lobby="0"/><UN n0="%E8%A1%80%E5%A1%97%E3%82%89%E3%82%8C%E3%81%9F%E8%81%96%E5%A4%A9%E4%BD%BF" n1="%6A%61%73%6D%69%6E%65%33" n2="%E5%A4%AA%E3%81%8F%E3%81%AA%E3%81%84%E3%81%8A" n3="%E3%81%84%E3%81%91%E3%81%9F%E3%82%93" dan="16,16,18,17" rate="2093.92,2138.70,2215.66,2162.92" sx="M,M,F,M"/><TAIKYOKU oya="0"/>

<Scene>
<INIT seed="0,0,0,4,5,26" ten="250,250,250,250" oya="0" hai0="79,61,75,63,25,0,71,10,133,52,16,95,88" hai1="57,3,6,87,42,39,135,85,12,80,58,121,45" hai2="93,130,44,62,35,31,128,100,23,92,24,94,82" hai3="117,134,40,111,72,46,129,9,126,5,51,70,86"/><T59/><D133/><U78/><E121/><V20/><F100/><W33/><G117/><T67/><D75/><U21/><E135/><V7/><F7/><W19/><G134/><T84/><D79/><U96/><E96/><V66/><F82/><W11/><G70/><T91/><D91/><U38/><E38/><V116/><F116/><W98/><G111/><T105/><D105/><U14/><E87/><V89/><F89/><W123/><G123/><T36/><D36/><U13/><E21/><V110/><F110/><W64/><G64/><T109/><D109/><U132/><E132/><V27/><F44/><W73/><G126/><T28/><D0/><U103/><E103/><V49/><F49/><W97/><G129/><N who="2" m="49769" /><F27/><W2/><G86/><T41/><D41/><U90/><E90/><V29/><F29/><W119/><G119/><T131/><D131/><U48/><E48/><V83/><F83/><W113/><G113/><T4/><D4/><U115/><E115/><V8/><F8/><W77/><G33/><T120/><D120/><U127/><E127/><V69/><AGARI ba="0,0" hai="20,23,24,31,35,62,66,69,92,93,94" m="49769" machi="69" ten="30,2000,0" yaku="19,1,52,1" doraHai="26" who="2" fromWho="2" sc="250,-10,250,-5,250,20,250,-5" />
</Scene>
<Scene>
<INIT seed="1,0,0,3,4,119" ten="240,245,270,245" oya="1" hai0="80,46,51,76,54,127,32,63,37,98,23,41,53" hai1="55,17,126,16,45,104,95,89,83,43,50,8,79" hai2="38,118,47,131,82,134,61,52,19,116,115,81,90" hai3="21,84,20,65,77,125,122,22,14,97,130,48,49"/><U62/><E104/><V33/><F33/><W57/><G130/><T112/><D127/><U59/><E126/><V40/><F131/><W114/><G114/><T108/><D108/><U28/><E28/><V11/><F115/><W29/><G125/><T72/><D112/><U107/><E107/><V27/><F134/><W78/><G97/><T129/><D129/><U96/><REACH who="1" step="1"/><E8/><REACH who="1" ten="240,235,270,245" step="2"/><V10/><F11/><W100/><G29/><T1/><D32/><U42/><E42/><V132/><F10/><W18/><G22/><T64/><D23/><U106/><E106/><V12/><F132/><W117/><G21/><T110/><D41/><U101/><E101/><V67/><F118/><W5/><G100/><T75/><D1/><U87/><AGARI ba="0,1" hai="16,17,43,45,50,55,59,62,79,83,87,89,95,96" machi="87" ten="20,12000,1" yaku="1,1,0,1,7,1,8,1,54,1,53,0" doraHai="119" doraHaiUra="24" who="1" fromWho="1" sc="240,-40,235,130,270,-40,245,-40" />
</Scene>
<Scene>
<INIT seed="1,1,0,4,5,135" ten="200,365,230,205" oya="1" hai0="11,90,76,43,84,81,59,94,129,21,22,50,95" hai1="32,124,119,123,54,121,131,130,115,128,6,133,14" hai2="12,23,38,102,26,127,39,1,89,120,78,103,98" hai3="44,97,9,72,82,87,10,29,34,60,105,56,132"/><U53/><E32/><V67/><F1/><W24/><G132/><T69/><D69/><U104/><E104/><V126/><F120/><N who="1" m="46153" /><E133/><V125/><F78/><W55/><G72/><T111/><D111/><U100/><E100/><N who="2" m="38443" /><F12/><W91/><G105/><T31/><D129/><U83/><E83/><V40/><F67/><W110/><G110/><T93/><D11/><N who="1" m="4471" /><E119/><V19/><F40/><W92/><REACH who="3" step="1"/><G44/><REACH who="3" ten="200,365,230,195" step="2"/><T27/><D31/><U99/><E115/><V35/><F35/><W96/><G96/><T63/><D27/><U74/><E99/><V118/><F118/><W68/><G68/><T101/><D101/><AGARI ba="1,1" hai="9,10,24,29,34,55,56,60,82,87,91,92,97,101" machi="101" ten="30,2000,0" yaku="1,1,7,1,53,0" doraHai="135" doraHaiUra="41" who="3" fromWho="0" sc="200,-23,365,0,230,0,195,33" />
</Scene>
<Scene>
<INIT seed="2,0,0,0,5,10" ten="177,365,230,228" oya="2" hai0="24,27,18,133,46,120,98,130,33,6,49,4,117" hai1="108,119,58,72,30,39,67,50,86,81,77,54,94" hai2="109,99,43,97,68,38,88,84,111,70,32,82,66" hai3="132,56,128,100,123,74,37,125,64,102,73,23,19"/><V96/><F32/><W48/><G37/><T122/><D130/><U21/><E119/><V78/><F43/><W69/><G123/><T0/><D98/><U104/><E104/><V76/><F38/><W15/><G128/><T53/><D117/><U55/><E39/><V57/><F57/><W85/><G125/><T31/><D133/><U11/><E67/><V61/><REACH who="2" step="1"/><F70/><REACH who="2" ten="177,365,220,228" step="2"/><W129/><G69/><T25/><D33/><U103/><E58/><V36/><F36/><W41/><G129/><T3/><D31/><U101/><E50/><V75/><F75/><W13/><G73/><T79/><D49/><U29/><E72/><V17/><F17/><N who="3" m="10671" /><G74/><T47/><D18/><U135/><E30/><V118/><F118/><W134/><G132/><T8/><D53/><U90/><E29/><V7/><F7/><W116/><G116/><T1/><D79/><AGARI ba="0,1" hai="61,66,68,76,78,79,82,84,88,96,97,99,109,111" machi="79" ten="40,3900,0" yaku="1,1,54,1,53,0" doraHai="10" doraHaiUra="14" who="2" fromWho="0" sc="177,-39,365,0,220,49,228,0" />
</Scene>
<Scene>
<INIT seed="2,1,0,3,3,45" ten="138,365,269,228" oya="2" hai0="135,94,125,73,76,9,37,16,95,34,66,36,38" hai1="93,78,97,26,51,46,27,118,131,70,22,89,61" hai2="14,28,84,42,103,121,18,4,130,106,112,126,33" hai3="110,20,5,24,62,105,35,96,31,17,133,58,82"/><V114/><F121/><W47/><G110/><T87/><D34/><U119/><E118/><V30/><F42/><W54/><G133/><T50/><D135/><U0/><E0/><V55/><F126/><W68/><G5/><T21/><D125/><U102/><E119/><V6/><F84/><W15/><G68/><T98/><D73/><U100/><E78/><V80/><F80/><W10/><G82/><T49/><D66/><U101/><E131/><V113/><F103/><W29/><G29/><N who="2" m="11369" /><F55/><W124/><G124/><T74/><D9/><U3/><E3/><V71/><F106/><W79/><G79/><T72/><D72/><U91/><E91/><V11/><F71/><W2/><G47/><T99/><D74/><U7/><E70/><V23/><F33/><W43/><G43/><T44/><D76/><U69/><E69/><V86/><F86/><W120/><G120/><T107/><D107/><U59/><E61/><V129/><F6/><N who="3" m="1367" /><G105/><T64/><D64/><U111/><E7/><V88/><F88/><W132/><G132/><T8/><D8/><U117/><E100/><V40/><F40/><W65/><G96/><T134/><D134/><U85/><E101/><V41/><F41/><W90/><G90/><T122/><D122/><U67/><E89/><V53/><F53/><AGARI ba="1,0" hai="15,17,20,24,31,35,53,54,58,62,65" m="1367" machi="53" ten="30,1000,0" yaku="24,1" doraHai="45" who="3" fromWho="2" sc="138,0,365,0,269,-13,228,13" />
</Scene>
<Scene>
<INIT seed="3,0,0,1,3,93" ten="138,365,256,241" oya="3" hai0="104,49,122,56,99,54,17,13,98,44,67,39,90" hai1="58,0,10,64,72,1,75,7,103,37,57,121,84" hai2="96,100,110,73,123,74,89,87,125,109,88,77,43" hai3="55,78,12,132,81,47,108,130,3,107,51,65,97"/><W2/><G130/><T69/><D122/><U115/><E121/><V9/><F43/><W16/><G132/><T94/><D104/><U129/><E115/><V68/><F68/><W102/><G65/><T124/><D124/><U18/><E0/><V24/><F24/><W5/><G5/><T45/><D69/><U79/><E103/><V126/><F9/><W30/><G30/><T111/><D111/><N who="2" m="42506" /><F123/><W36/><G36/><T131/><D131/><U62/><E129/><V101/><F101/><W66/><G66/><T86/><D39/><U59/><E37/><V11/><F11/><W114/><G114/><T63/><D45/><U119/><E119/><V92/><F89/><W70/><G70/><T35/><D35/><U33/><E33/><V112/><F112/><W135/><G135/><T27/><D27/><U95/><E18/><V14/><F14/><W25/><G25/><T80/><D94/><U31/><E31/><V117/><F117/><W127/><G127/><N who="2" m="48649" /><F77/><W34/><G34/><T26/><D26/><U83/><E79/><V120/><F120/><W6/><G6/><T113/><D113/><U23/><E7/><V29/><F29/><W128/><G128/><T52/><D67/><U15/><E64/><V105/><AGARI ba="0,0" hai="73,74,87,88,92,96,100,105" m="48649,42506" machi="105" ten="30,12000,2" yaku="14,1,18,1,34,2,52,1,54,1" doraHai="93" who="2" fromWho="2" sc="138,-30,365,-30,256,120,241,-60" />
</Scene>
<Scene>
<INIT seed="4,0,0,3,1,127" ten="108,335,376,181" oya="0" hai0="48,6,44,72,1,71,59,52,128,118,67,61,84" hai1="51,35,56,95,89,103,98,81,73,130,0,55,120" hai2="54,64,88,13,7,129,96,63,29,17,16,85,38" hai3="33,110,82,9,105,15,131,36,83,124,2,10,31"/><T90/><D72/><U28/><E120/><V60/><F38/><W65/><G110/><T47/><D118/><U26/><E0/><V78/><F129/><W100/><G131/><T30/><D128/><U74/><E130/><V24/><F78/><W99/><G124/><T21/><D1/><U14/><E14/><V49/><F96/><W107/><G107/><T12/><D6/><U76/><E103/><V34/><F7/><W122/><G36/><T108/><D108/><U4/><E4/><V18/><F13/><W79/><G122/><T58/><D71/><U25/><E25/><V119/><F64/><W101/><G101/><T62/><D62/><U77/><E77/><V111/><F119/><W41/><G41/><T92/><REACH who="0" step="1"/><D30/><REACH who="0" ten="98,335,376,181" step="2"/><U112/><E112/><V45/><REACH who="2" step="1"/><F111/><REACH who="2" ten="98,335,366,181" step="2"/><W134/><G2/><T121/><D121/><U66/><E74/><V94/><AGARI ba="0,2" hai="16,17,18,24,29,34,45,49,54,60,63,85,88,94" machi="94" ten="30,8000,1" yaku="1,1,2,1,0,1,54,2,53,0" doraHai="127" doraHaiUra="39" who="2" fromWho="2" sc="98,-40,335,-20,366,100,181,-20" />
</Scene>
<Scene>
<INIT seed="5,0,0,2,5,21" ten="58,315,466,161" oya="1" hai0="75,82,113,97,79,118,58,135,34,59,35,42,17" hai1="115,110,62,54,40,70,46,101,11,102,53,22,43" hai2="16,69,122,111,105,26,31,77,65,114,0,36,71" hai3="107,81,9,94,55,128,19,108,8,120,25,64,57"/><U116/><E116/><V50/><F36/><W1/><G107/><T37/><D118/><U89/><E115/><V112/><F111/><W10/><G108/><T126/><D113/><N who="2" m="43626" /><F122/><W14/><G120/><T45/><D126/><U131/><E110/><V129/><F0/><W84/><G128/><T15/><D135/><U66/><E131/><V68/><F129/><W72/><G1/><T6/><D6/><U96/><E11/><V18/><F105/><W91/><G64/><T7/><D7/><U20/><E89/><V83/><F50/><W60/><G72/><T47/><D97/><U109/><E109/><V80/><F65/><W90/><REACH who="3" step="1"/><G25/><REACH who="3" ten="58,315,466,151" step="2"/><T73/><D73/><U117/><E117/><V51/><F26/><W63/><G63/><T134/><D134/><U61/><E66/><V133/><F133/><W28/><G28/><T5/><D75/><U3/><E3/><V24/><F24/><W41/><G41/><T100/><D42/><U121/><E121/><V12/><F31/><W76/><G76/><T52/><D79/><U86/><E70/><V124/><F77/><W23/><G23/><T127/><D35/><U130/><E130/><V103/><F69/><W44/><G44/><T4/><D45/><U30/><E46/><V78/><F71/><W119/><G119/><T87/><D47/><U48/><E30/><V39/><F68/><W88/><G88/><T132/><D34/><U56/><E56/><V32/><F78/><W49/><G49/><T123/><D59/><U106/><E106/><V38/><F51/><W33/><G33/><T29/><D58/><RYUUKYOKU ba="0,1" sc="58,-10,315,-10,466,-10,151,30" hai3="8,9,10,14,19,55,57,60,81,84,90,91,94" />
</Scene>
<Scene>
<INIT seed="6,1,1,4,3,1" ten="48,305,456,181" oya="2" hai0="120,46,59,25,4,130,6,51,56,72,64,2,8" hai1="105,94,21,125,36,132,107,9,117,65,40,39,114" hai2="77,62,73,45,35,97,53,76,122,28,10,49,23" hai3="112,118,32,41,74,38,3,48,113,133,69,15,20"/><V34/><F122/><W30/><G118/><T70/><D120/><U135/><E65/><V127/><F127/><W109/><G109/><T27/><D72/><U100/><E9/><V115/><F115/><N who="3" m="44107" /><G133/><T88/><D130/><U110/><E21/><V55/><F73/><W75/><G69/><T84/><D70/><U116/><E40/><V71/><F34/><W108/><G108/><T129/><D129/><U31/><E31/><V63/><F35/><W134/><G134/><T47/><D47/><U33/><E33/><V131/><F131/><W101/><G3/><T61/><D56/><U89/><E114/><V91/><F71/><W43/><G101/><T54/><REACH who="0" step="1"/><D6/><REACH who="0" ten="38,305,456,181" step="2"/><U128/><E110/><V111/><F45/><N who="3" m="25663" /><G74/><T85/><D85/><U13/><E128/><V95/><F111/><W7/><G7/><T44/><D44/><U104/><E132/><V60/><F97/><W121/><G75/><T19/><D19/><U52/><E135/><V81/><F28/><W26/><G121/><T80/><AGARI ba="1,2" hai="2,4,8,25,27,46,51,54,59,61,64,80,84,88" machi="80" ten="20,8000,1" yaku="1,1,0,1,7,1,52,1,54,1,53,0" doraHai="1" doraHaiUra="99" who="0" fromWho="0" sc="38,103,305,-21,456,-41,181,-21" />
</Scene>
<Scene>
<INIT seed="7,0,0,0,4,54" ten="141,284,415,160" oya="3" hai0="114,129,12,50,38,90,93,85,76,101,91,97,71" hai1="4,33,43,66,31,96,107,121,78,62,102,122,72" hai2="86,29,82,9,52,111,94,41,22,81,49,79,36" hai3="48,112,98,68,103,2,73,84,17,92,46,20,55"/><W125/><G112/><T11/><D38/><U30/><E30/><V21/><F111/><W3/><G73/><T60/><D114/><U99/><E99/><V16/><F36/><W42/><G68/><T123/><D129/><U40/><E4/><V59/><F41/><W34/><G34/><T64/><D123/><U39/><E78/><V45/><F29/><W67/><G67/><T23/><D23/><N who="2" m="8714" /><F45/><W18/><G18/><T65/><D65/><U53/><E53/><V77/><F94/><W15/><G125/><T24/><D24/><N who="1" m="18663" /><E72/><V47/><F47/><W25/><G84/><T133/><D133/><U83/><E83/><N who="2" m="31755" /><F86/><W13/><G2/><T1/><D1/><U61/><E61/><V32/><F32/><W26/><G3/><T120/><D120/><U57/><E57/><V131/><F131/><W105/><G105/><T124/><D124/><U7/><E7/><V104/><F104/><W19/><G42/><T135/><D135/><U88/><E40/><V95/><F95/><W132/><G132/><T128/><D128/><U119/><E43/><V109/><F109/><W127/><G127/><T126/><D126/><U89/><E39/><V69/><F69/><W130/><G130/><T80/><REACH who="0" step="1"/><D50/><REACH who="0" ten="131,284,415,160" step="2"/><U0/><E0/><V37/><F37/><W106/><G106/><T35/><D35/><U100/><E121/><V5/><F49/><W108/><G108/><T117/><D117/><U51/><E119/><V118/><F118/><W44/><G48/><T10/><D10/><U110/><E110/><V14/><F9/><N who="3" m="6319" /><G55/><T75/><D75/><U74/><E74/><RYUUKYOKU ba="0,1" sc="131,15,284,-15,415,-15,160,15" hai0="11,12,60,64,71,76,80,85,90,91,93,97,101" hai3="15,19,20,25,26,44,46,92,98,103" />
</Scene>
<Scene>
<INIT seed="7,1,1,4,4,108" ten="146,269,400,175" oya="3" hai0="115,12,105,49,35,85,32,9,28,78,70,84,40" hai1="64,10,111,60,6,122,129,86,131,19,20,97,23" hai2="83,46,93,90,15,3,121,124,0,68,102,127,67" hai3="4,89,117,104,24,41,109,54,31,113,1,55,101"/><W59/><G109/><T50/><D105/><U118/><E122/><V80/><F121/><W5/><G117/><T98/><D70/><U27/><E118/><V116/><F116/><W11/><G5/><T56/><D35/><U126/><E126/><N who="2" m="48171" /><F102/><W106/><G41/><T58/><D32/><U34/><E34/><V135/><F135/><W18/><G18/><T26/><D98/><U96/><E86/><N who="2" m="52439" /><F15/><W69/><G69/><T30/><D115/><U63/><E23/><V8/><F46/><W133/><G113/><T79/><D12/><N who="1" m="5207" /><E63/><N who="2" m="40063" /><F8/><W112/><G112/><T37/><D37/><U123/><E123/><V100/><F100/><W38/><G31/><T87/><D9/><U14/><E27/><V128/><F128/><N who="1" m="49225" /><E111/><V82/><AGARI ba="1,1" hai="0,3,80,82,83" m="40063,52439,48171" machi="82" ten="30,1100,0" yaku="18,1" doraHai="108" who="2" fromWho="2" sc="146,-4,269,-4,400,24,175,-6" owari="142,-36.0,265,7.0,424,52.0,169,-23.0" />
</Scene>
</mjloggm>