<mjloggm ver="2.3"><GO type="169" lobby="0"/><UN n0="%E5%A4%AA%E3%81%8F%E3%81%AA%E3%81%84%E3%81%8A" n1="%E6%B0%B7%E6%9F%B1" n2="%E6%98%8E%E9%8F%A1%E6%AD%A2%E6%B0%B4" n3="%E2%98%86%EF%BC%B2%EF%BC%8E%EF%BC%A4%EF%BC%8E%E2%98%85" dan="19,17,16,17" rate="2302.47,2128.78,2114.12,2128.48" sx="F,M,M,M"/><TAIKYOKU oya="0"/>

<Scene>
<INIT seed="0,0,0,1,3,69" ten="250,250,250,250" oya="0" hai0="87,78,73,119,126,98,99,79,27,56,2,127,26" hai1="13,32,42,74,20,6,44,52,114,48,123,43,57" hai2="82,109,77,46,117,33,19,28,104,38,55,1,100" hai3="81,40,75,97,59,39,35,91,49,130,17,53,112"/><T4/><D119/><U21/><E123/><V83/><F109/><W92/><G112/><T129/><D73/><U51/><E74/><V36/><F117/><W80/><G130/><T103/><D129/><U54/><E32/><V47/><F1/><W128/><G128/><T121/><D121/><U101/><E114/><V70/><F70/><W23/><G35/><T62/><D4/><U90/><E101/><V14/><F82/><W60/><G39/><T64/><D2/><U5/><E90/><V132/><F132/><W106/><G106/><T86/><D103/><U111/><E111/><V58/><F47/><N who="3" m="25831" /><G75/><T30/><D56/><U107/><E107/><V125/><F46/><W88/><G91/><T18/><D18/><U108/><E108/><V76/><F125/><W31/><G31/><T118/><D118/><U9/><E6/><V34/><F34/><W11/><G11/><T115/><D115/><U15/><E15/><AGARI ba="0,0" hai="15,17,23,53,59,60,80,81,88,92,97" m="25831" machi="15" ten="30,2000,0" yaku="8,1,54,1" doraHai="69" who="3" fromWho="1" sc="250,0,250,-20,250,0,250,20" />
</Scene>
<Scene>
<INIT seed="1,0,0,0,3,62" ten="250,230,250,270" oya="1" hai0="16,98,66,79,31,82,80,77,63,28,109,34,132" hai1="123,38,108,100,97,70,65,135,107,29,4,95,116" hai2="5,118,54,11,83,6,52,44,124,37,22,21,99" hai3="122,26,50,119,39,43,56,90,67,51,61,45,13"/><U75/><E116/><V120/><F120/><W32/><G119/><T72/><D109/><U92/><E123/><V73/><F118/><W0/><G0/><T76/><D132/><U48/><E135/><V71/><F71/><W36/><G122/><T85/><D77/><U68/><E38/><V128/><F6/><W58/><G13/><T93/><D34/><U131/><E108/><V35/><F35/><W3/><G3/><T46/><D46/><U60/><E131/><V96/><F124/><W41/><G90/><T102/><REACH who="0" step="1"/><D16/><REACH who="0" ten="240,230,250,270" step="2"/><U17/><E17/><V87/><F44/><N who="3" m="23615" /><G32/><T115/><D115/><U101/><E75/><V59/><F73/><W12/><G26/><T125/><D125/><U106/><E4/><V57/><F5/><W69/><G12/><T91/><D91/><U78/><E78/><V81/><F128/><W94/><G94/><T24/><D24/><U2/><E2/><V113/><F113/><W7/><G7/><T23/><D23/><U1/><E1/><V114/><F114/><W89/><G89/><T121/><D121/><U84/><E29/><V42/><F11/><W127/><G127/><T30/><D30/><U40/><E107/><V110/><F110/><W130/><G130/><T49/><D49/><AGARI ba="0,1" hai="36,43,45,49,50,51,56,58,61,67,69" m="23615" machi="49" ten="30,12000,2" yaku="35,5,52,1" doraHai="62" who="3" fromWho="0" sc="240,-120,230,0,250,0,270,130" />
</Scene>
<Scene>
<INIT seed="2,0,0,3,3,94" ten="120,230,250,400" oya="2" hai0="74,131,65,113,51,66,43,84,20,41,59,115,119" hai1="45,64,54,124,128,25,48,36,8,75,108,7,70" hai2="98,132,67,30,69,133,107,52,71,62,106,27,103" hai3="130,2,104,134,22,123,78,99,118,79,126,29,73"/><V3/><F3/><W31/><G2/><T49/><D74/><U12/><E75/><V85/><F107/><W33/><G33/><T121/><D84/><U18/><E108/><V9/><F9/><W88/><G22/><T40/><D20/><U109/><E109/><V35/><F71/><W21/><G21/><T6/><D6/><U90/><E128/><V96/><F96/><W13/><G13/><T135/><D121/><U97/><E124/><V72/><F85/><W37/><G37/><T19/><D19/><U91/><E36/><V129/><F129/><W0/><G0/><T46/><D131/><U55/><E25/><V28/><F28/><W101/><G134/><T5/><D5/><U83/><E7/><V47/><F72/><W120/><G118/><T68/><D135/><U63/><E55/><V86/><F86/><W127/><G130/><T50/><D119/><U14/><E14/><V89/><F89/><W32/><G32/><T117/><D117/><U4/><E4/><V77/><F77/><N who="3" m="29195" /><G73/><T44/><D68/><U38/><E83/><V61/><F61/><W42/><G42/><T81/><D81/><U114/><E38/><V58/><F58/><W53/><G53/><N who="0" m="32191" /><D115/><U24/><E114/><V105/><F105/><W93/><G29/><T92/><D92/><N who="1" m="56471" /><E24/><V122/><F122/><N who="3" m="46635" /><G31/><T56/><D113/><U34/><E34/><V15/><F15/><W26/><G26/><T125/><D125/><U82/><E82/><V57/><F57/><W112/><G112/><T76/><D56/><U11/><E11/><V16/><F16/><W60/><G60/><RYUUKYOKU ba="0,0" sc="120,-30,230,10,250,10,400,10" hai1="8,12,18,45,48,54,63,64,70,91" hai2="27,30,35,47,52,62,67,69,98,103,106,132,133" hai3="88,93,99,101,104,126,127" />
</Scene>
<Scene>
<INIT seed="2,1,0,2,2,75" ten="90,240,260,410" oya="2" hai0="115,69,114,78,9,74,127,131,129,126,76,67,133" hai1="81,15,65,46,96,93,57,102,37,32,99,103,41" hai2="104,123,89,117,108,4,33,86,63,61,107,28,7" hai3="73,1,94,130,5,44,38,83,70,134,34,135,101"/><V45/><F117/><W64/><G130/><N who="0" m="49675" /><D74/><U88/><E32/><V11/><F123/><W12/><G12/><T48/><D48/><U111/><E111/><V128/><F4/><W47/><G47/><T49/><D49/><U124/><E124/><N who="0" m="47657" /><D9/><U68/><E68/><V43/><F108/><W6/><G6/><T10/><D10/><U95/><E15/><V27/><F128/><W62/><G34/><T116/><D116/><U105/><E81/><V120/><F120/><W71/><G83/><T118/><D118/><U82/><E82/><V54/><F54/><W16/><G71/><T53/><D53/><U60/><REACH who="1" step="1"/><E105/><REACH who="1" ten="90,230,260,410" step="2"/><V98/><F107/><W91/><G1/><T58/><D69/><U110/><E110/><V13/><F104/><W55/><G70/><T84/><D84/><U29/><E29/><V23/><F86/><W8/><G73/><T87/><D87/><U3/><E3/><V20/><F28/><W56/><G94/><T122/><D122/><U92/><E92/><V35/><F7/><W113/><G5/><T109/><D109/><U36/><E36/><V21/><F11/><W66/><G8/><T24/><D24/><U80/><E80/><V121/><F27/><W30/><G38/><T125/><N who="0" m="47665" /><T22/><DORA hai="51" /><D22/><U106/><E106/><V19/><F23/><W90/><G30/><T52/><D78/><U59/><E59/><V119/><F21/><W2/><G56/><T79/><D76/><U132/><E132/><V112/><F119/><W17/><G2/><T26/><D133/><U39/><E39/><V50/><F13/><RYUUKYOKU ba="1,1" sc="90,-10,230,30,260,-10,410,-10" hai1="37,41,46,57,60,65,88,93,95,96,99,102,103" />
</Scene>
<Scene>
<INIT seed="3,2,1,5,0,11" ten="80,260,250,400" oya="3" hai0="121,34,106,14,88,101,111,27,52,4,54,36,3" hai1="7,48,83,86,108,71,65,58,5,89,33,90,100" hai2="24,128,122,0,110,20,25,119,118,75,74,41,53" hai3="117,77,47,96,127,81,39,99,62,55,115,49,57"/><W26/><G117/><T44/><D121/><U16/><E33/><V63/><F0/><W35/><G115/><T103/><D3/><U61/><E108/><V38/><F25/><W80/><G39/><T85/><D111/><U105/><E90/><V59/><F110/><W18/><G127/><T78/><D78/><U30/><E30/><V2/><F2/><W92/><G77/><T12/><D106/><U56/><E71/><V104/><F104/><W91/><G99/><T123/><D123/><U135/><E135/><V132/><F122/><W84/><G84/><T126/><D126/><U64/><E100/><N who="0" m="38473" /><D36/><U113/><E105/><V79/><F132/><W130/><G130/><T51/><D34/><U43/><E113/><V82/><F74/><W32/><G32/><T37/><D37/><U66/><E16/><V21/><F128/><W72/><G72/><T70/><D70/><U15/><E58/><V17/><F21/><N who="3" m="13623" /><G35/><T50/><D4/><U125/><E125/><V114/><F114/><W29/><G29/><T94/><D27/><U45/><REACH who="1" step="1"/><E5/><REACH who="1" ten="80,250,250,400" step="2"/><V116/><F118/><W8/><G8/><AGARI ba="2,2" hai="7,8,15,43,45,48,56,61,64,65,66,83,86,89" machi="8" ten="40,8000,1" yaku="1,1,2,1,8,1,52,1,53,0" doraHai="11" doraHaiUra="68" who="1" fromWho="3" sc="80,0,250,106,250,0,400,-86" />
</Scene>
<Scene>
<INIT seed="4,0,0,0,5,12" ten="80,356,250,314" oya="0" hai0="69,46,68,60,53,113,23,17,131,31,90,126,62" hai1="121,35,75,74,78,134,22,106,105,15,135,66,118" hai2="41,71,94,85,44,98,3,33,51,97,91,0,88" hai3="9,25,133,130,56,49,47,36,127,81,65,95,114"/><T107/><D107/><U72/><E35/><V8/><F33/><W30/><G114/><T89/><D113/><U108/><E66/><V116/><F71/><W99/><G127/><T76/><D126/><U132/><E108/><V37/><F116/><W123/><G133/><T70/><D131/><U40/><E40/><V52/><F8/><W16/><G130/><T63/><D31/><U67/><E67/><V13/><F13/><N who="3" m="7215" /><G36/><T79/><D46/><U55/><E118/><V129/><F129/><W93/><G81/><T103/><D103/><U80/><E55/><V57/><F98/><W43/><G99/><T42/><D42/><U104/><E121/><V2/><F2/><W84/><G84/><T6/><D6/><U64/><E64/><V4/><F4/><W39/><G39/><T59/><D79/><U112/><E112/><V117/><F117/><W21/><G123/><T86/><D76/><U32/><E32/><V38/><F37/><W124/><G124/><T20/><D20/><U102/><E102/><V5/><F5/><W28/><G28/><T14/><REACH who="0" step="1"/><D86/><REACH who="0" ten="70,356,250,314" step="2"/><N who="1" m="48407" /><E22/><V61/><F38/><W73/><G73/><T92/><D92/><AGARI ba="0,1" hai="0,3,41,44,51,52,57,61,85,88,91,92,94,97" machi="92" ten="30,3900,0" yaku="7,1,54,2" doraHai="12" who="2" fromWho="0" sc="70,-39,356,0,250,49,314,0" />
</Scene>
<Scene>
<INIT seed="5,0,0,1,2,11" ten="31,356,299,314" oya="1" hai0="83,93,95,81,46,113,69,60,10,31,87,5,59" hai1="117,47,43,67,124,17,20,57,38,12,126,0,2" hai2="72,27,61,34,68,85,79,73,130,70,22,16,97" hai3="52,13,122,54,91,7,74,1,35,9,8,123,115"/><U103/><E117/><V14/><F130/><W107/><G107/><T109/><D109/><U50/><E103/><V127/><F127/><N who="1" m="48681" /><E50/><V119/><F119/><W51/><G74/><T121/><D69/><U33/><E33/><V110/><F110/><W36/><G36/><T21/><D113/><U134/><E134/><V25/><F97/><W53/><G35/><T28/><D121/><U32/><E32/><V75/><F61/><AGARI ba="0,0" hai="0,2,12,17,20,38,43,47,57,61,67" m="48681" machi="61" ten="30,2900,0" yaku="18,1,52,1" doraHai="11" who="1" fromWho="2" sc="31,0,356,29,299,-29,314,0" />
</Scene>
<Scene>
<INIT seed="5,1,0,5,2,117" ten="31,385,270,314" oya="1" hai0="7,89,29,62,112,55,56,5,100,67,108,105,15" hai1="102,101,131,132,90,127,4,111,64,113,119,59,122" hai2="50,82,54,47,25,6,22,2,79,41,128,77,94" hai3="84,11,120,104,87,66,0,71,65,57,20,98,109"/><U27/><E4/><V107/><F107/><W126/><G109/><T63/><D108/><U61/><E111/><V39/><F128/><W46/><G71/><T133/><D112/><U96/><E119/><V110/><F110/><W28/><G46/><T33/><D133/><U26/><E131/><V103/><F2/><W74/><G74/><T81/><D15/><U36/><E132/><V18/><F6/><W31/><G31/><T116/><D116/><U83/><E36/><V34/><F34/><W73/><G73/><T97/><D81/><U121/><E113/><V16/><F18/><W42/><G42/><T106/><D89/><U114/><E114/><V70/><F70/><W13/><G126/><T129/><D106/><U76/><E127/><V32/><F32/><W75/><G75/><T86/><D86/><U17/><E90/><V123/><F123/><W85/><G120/><T78/><D78/><U24/><E17/><V115/><F115/><W19/><G57/><T93/><D93/><U92/><REACH who="1" step="1"/><E102/><REACH who="1" ten="31,375,270,314" step="2"/><V53/><F39/><W30/><G0/><T118/><D118/><U49/><E49/><V91/><F103/><W134/><G134/><T12/><D129/><U10/><E10/><V60/><F60/><W14/><G28/><T43/><D29/><U95/><E95/><V40/><F50/><W58/><G30/><T68/><D5/><U80/><E80/><V69/><F82/><W45/><G19/><T38/><D38/><U99/><E99/><V1/><F94/><W52/><G98/><T8/><D33/><U124/><E124/><V72/><F91/><RYUUKYOKU ba="1,1" sc="31,15,375,15,270,-15,314,-15" hai0="7,8,12,43,55,56,62,63,67,68,97,100,105" hai1="24,26,27,59,61,64,76,83,92,96,101,121,122" />
</Scene>
<Scene>
<INIT seed="5,2,1,4,0,75" ten="46,390,255,299" oya="1" hai0="6,114,60,14,53,44,55,25,120,74,123,66,72" hai1="116,52,48,64,83,22,46,62,99,54,108,34,23" hai2="88,63,20,43,4,76,69,119,103,19,94,40,21" hai3="79,81,124,0,45,131,67,47,12,98,27,128,86"/><U32/><E116/><V70/><F119/><W127/><G0/><T61/><D25/><U135/><E135/><V92/><F4/><W3/><G3/><T11/><D114/><U111/><E99/><V28/><F76/><W42/><G67/><T38/><D38/><U13/><E54/><V129/><F129/><N who="3" m="49739" /><G12/><T95/><D95/><U101/><E101/><V106/><F94/><W93/><G27/><T39/><D39/><U1/><E1/><V15/><F103/><N who="3" m="60879" /><G45/><T97/><D97/><U84/><E34/><V18/><F106/><W57/><G57/><T17/><D6/><U133/><E133/><V121/><F121/><W134/><G134/><T118/><D118/><U73/><E32/><V96/><F28/><W109/><G109/><N who="1" m="42058" /><E13/><V26/><F63/><W56/><G56/><T78/><D44/><U130/><E62/><V37/><F37/><AGARI ba="2,1" hai="37,42,47,79,81,86,124,127" m="60879,49739" machi="37" ten="30,2000,0" yaku="19,1,52,1" doraHai="75" who="3" fromWho="2" sc="46,0,390,0,255,-26,299,36" />
</Scene>
<Scene>
<INIT seed="6,0,0,3,0,63" ten="46,390,229,335" oya="2" hai0="25,126,135,62,66,115,121,20,99,113,88,23,13" hai1="41,26,131,112,12,68,98,94,100,97,84,75,95" hai2="49,9,130,127,4,37,56,51,123,67,134,40,79" hai3="22,57,45,60,58,6,69,46,73,7,118,132,71"/><V93/><F123/><W125/><G73/><T122/><D126/><U91/><E68/><V87/><F134/><W2/><G22/><T81/><D135/><U108/><E26/><V74/><F130/><W92/><G92/><T78/><D13/><U59/><E108/><V29/><F29/><W10/><G132/><T27/><D78/><U38/><E75/><V39/><F39/><W86/><G86/><T17/><D115/><U70/><E70/><V30/><F30/><W53/><G118/><T0/><D0/><U31/><E31/><V85/><F85/><W65/><G6/><T76/><D113/><U133/><E133/><V16/><F87/><W61/><G125/><T14/><D14/><U8/><E131/><V77/><F93/><W107/><G107/><T47/><D47/><U116/><E38/><V124/><F37/><W35/><G35/><T114/><D114/><U1/><E1/><V11/><F74/><W129/><G129/><T54/><D54/><U89/><E41/><V117/><F40/><W18/><G18/><T36/><D36/><U80/><E116/><V64/><F16/><W109/><G109/><T83/><D76/><U101/><E59/><V15/><F56/><W96/><G96/><T32/><D32/><U34/><E34/><V111/><F15/><W33/><G33/><T104/><D122/><U52/><E112/><V82/><F117/><W103/><G103/><N who="0" m="62591" /><D121/><U19/><E52/><V50/><F124/><W90/><G90/><AGARI ba="0,0" hai="8,12,19,80,84,89,90,91,94,95,97,98,100,101" machi="90" ten="30,3900,0" yaku="7,1,9,1,8,1" doraHai="63" who="1" fromWho="3" sc="46,0,390,39,229,0,335,-39" />
</Scene>
<Scene>
<INIT seed="7,0,0,3,4,35" ten="46,429,229,296" oya="3" hai0="40,112,120,101,135,7,79,110,20,18,41,91,63" hai1="24,92,31,115,45,33,14,85,58,86,102,111,51" hai2="0,36,133,88,71,30,114,119,109,13,130,99,69" hai3="127,74,128,61,23,129,72,67,1,87,68,17,43"/><W22/><G22/><T90/><D101/><U10/><E111/><V66/><F88/><W52/><G43/><T2/><D79/><U65/><E65/><V122/><F99/><W8/><G87/><T3/><D110/><U38/><E38/><V97/><F13/><W5/><G127/><T49/><D120/><U106/><E106/><V93/><F30/><W131/><REACH who="3" step="1"/><G52/><REACH who="3" ten="46,429,229,286" step="2"/><T134/><D20/><N who="1" m="15751" /><E86/><V95/><F122/><W123/><G123/><T117/><D49/><U32/><E33/><V54/><F54/><W11/><G11/><T37/><D37/><U103/><E32/><V50/><F50/><W132/><G132/><T44/><D44/><U57/><E115/><V70/><F114/><W42/><G42/><T107/><D112/><U105/><E85/><V27/><F133/><W28/><G28/><T59/><D117/><U124/><E124/><V83/><F119/><W75/><G75/><T34/><D34/><U89/><E10/><V78/><F36/><W64/><G64/><T29/><D29/><U9/><E9/><V81/><F66/><W77/><G77/><T125/><D125/><U12/><E45/><V121/><F78/><W25/><AGARI ba="0,1" hai="1,5,8,17,23,25,61,67,68,72,74,128,129,131" machi="25" ten="30,11700,0" yaku="1,1,0,1,19,1,52,1,53,0" doraHai="35" doraHaiUra="53" who="3" fromWho="3" sc="46,-39,429,-39,229,-39,286,127" owari="7,-49.0,390,19.0,190,-21.0,413,51.0" />
</Scene>
</mjloggm>