<mjloggm ver="2.3"><GO type="169" lobby="0"/><UN n0="%E3%82%AC%E3%83%9F%E3%82%B4%E3%83%B3" n1="%E5%A4%AA%E3%81%8F%E3%81%AA%E3%81%84%E3%81%8A" n2="%E3%81%92%E3%82%8A%E3%81%92%E3%82%8A%E2%98%86%E3%82%B2%E3%83%AA%E3%83%BC" n3="%E7%A5%9E%E7%94%B0%E5%85%88%E7%94%9F" dan="17,19,16,16" rate="2182.88,2296.82,2091.85,2067.43" sx="M,F,M,M"/><TAIKYOKU oya="0"/>

<Scene>
<INIT seed="0,0,0,2,5,95" ten="250,250,250,250" oya="0" hai0="115,105,121,29,71,132,30,133,112,21,12,84,32" hai1="93,79,36,63,14,72,96,42,102,9,25,41,3" hai2="49,106,109,18,44,17,118,127,57,123,66,4,103" hai3="5,11,76,120,81,1,31,53,7,117,65,124,33"/><T116/><D71/><U82/><E3/><V99/><F123/><W58/><G117/><T28/><D105/><U83/><E36/><V113/><F113/><W6/><G124/><T23/><D84/><U39/><E39/><V73/><F73/><W54/><G120/><T107/><D107/><U22/><E82/><V129/><F127/><W2/><G65/><T15/><D121/><U19/><REACH who="1" step="1"/><E63/><REACH who="1" ten="250,240,250,250" step="2"/><V98/><F118/><W134/><G2/><T35/><D30/><AGARI ba="0,1" hai="9,14,19,22,25,30,41,42,72,79,83,93,96,102" machi="30" ten="30,7700,0" yaku="1,1,2,1,7,1,52,1,53,0" doraHai="95" doraHaiUra="110" who="1" fromWho="0" sc="250,-77,240,87,250,0,250,0" />
</Scene>
<Scene>
<INIT seed="1,0,0,2,1,33" ten="173,327,250,250" oya="1" hai0="14,18,40,17,48,24,119,69,77,107,108,16,58" hai1="65,96,126,78,2,19,59,67,25,83,61,11,121" hai2="21,51,36,92,131,101,87,6,30,1,82,99,56" hai3="110,72,12,132,115,8,109,39,7,122,10,114,91"/><U0/><E121/><V75/><F36/><W35/><G72/><T68/><D119/><U62/><E126/><V66/><F131/><W135/><G39/><T81/><D107/><U117/><E117/><V43/><F75/><W94/><G94/><T64/><D108/><N who="3" m="41577" /><G91/><T57/><D14/><U46/><E46/><V130/><F43/><W50/><G50/><T80/><D24/><U41/><E41/><V113/><F113/><N who="3" m="43019" /><G35/><T42/><D18/><U53/><E96/><V5/><F130/><W70/><G70/><T93/><D93/><U123/><E123/><V49/><F66/><W84/><G84/><T4/><D48/><U71/><E53/><V88/><F56/><W22/><G122/><T104/><D104/><U124/><E124/><V100/><F100/><W98/><G98/><T34/><D34/><U127/><E127/><V118/><F118/><W129/><G129/><T55/><D55/><U86/><REACH who="1" step="1"/><E11/><REACH who="1" ten="173,317,250,250" step="2"/><V106/><F106/><W23/><G8/><T120/><D120/><U13/><E13/><V102/><F102/><W112/><G112/><T90/><D42/><U76/><E76/><V60/><F101/><W32/><G32/><T20/><D40/><U38/><E38/><V134/><F99/><W95/><G95/><T3/><D77/><U111/><E111/><V27/><F92/><W29/><G22/><AGARI ba="0,1" hai="0,2,19,22,25,59,61,62,65,67,71,78,83,86" machi="22" ten="40,7700,0" yaku="1,1,52,2,53,0" doraHai="33" doraHaiUra="26" who="1" fromWho="3" sc="173,0,317,87,250,0,250,-77" />
</Scene>
<Scene>
<INIT seed="1,1,0,2,0,54" ten="173,404,250,173" oya="1" hai0="47,1,13,21,99,89,91,77,122,30,40,102,114" hai1="126,133,74,63,31,24,106,8,90,118,57,72,110" hai2="65,12,97,29,83,22,60,85,87,75,42,134,127" hai3="48,18,3,128,36,32,96,52,113,55,95,68,7"/><U50/><E118/><V15/><F127/><W11/><G36/><T45/><D1/><U44/><E106/><V132/><F42/><W37/><G37/><T46/><D114/><U116/><E116/><V67/><F97/><W111/><G68/><T62/><D122/><U39/><E39/><V123/><F75/><W34/><G111/><T6/><D77/><U49/><E49/><V119/><F123/><W5/><G113/><T23/><D40/><U104/><E104/><V100/><F100/><W135/><G135/><T115/><D115/><U28/><E28/><V27/><F119/><W17/><G128/><T70/><D91/><U20/><E126/><V109/><F65/><W58/><G5/><T125/><D89/><U84/><E8/><V131/><F131/><W82/><G82/><T14/><D125/><U4/><E4/><V120/><F120/><W10/><G10/><T61/><D70/><U103/><E103/><V19/><F12/><N who="0" m="4714" /><D6/><U38/><E38/><V117/><F109/><W130/><G130/><T51/><D51/><U9/><E9/><V129/><F129/><W78/><G78/><T94/><D30/><U93/><E133/><N who="2" m="51307" /><F83/><W33/><REACH who="3" step="1"/><G55/><REACH who="3" ten="173,404,250,163" step="2"/><T121/><D121/><U69/><E69/><N who="2" m="42215" /><F117/><W108/><G108/><T88/><D102/><AGARI ba="1,1" hai="3,7,11,17,18,32,33,34,48,52,58,95,96,102" machi="102" ten="40,5200,0" yaku="1,1,52,1,54,1,53,0" doraHai="54" doraHaiUra="56" who="3" fromWho="0" sc="173,-55,404,0,250,0,163,65" />
</Scene>
<Scene>
<INIT seed="2,0,0,5,5,48" ten="118,404,250,228" oya="2" hai0="42,34,135,129,118,11,57,106,30,127,77,54,98" hai1="124,115,62,84,111,59,5,90,94,97,6,47,68" hai2="46,40,102,74,112,121,20,69,50,81,133,117,78" hai3="60,21,82,79,53,66,96,24,12,27,26,83,32"/><V3/><F121/><W122/><G122/><T39/><D135/><U70/><E115/><V126/><F117/><W18/><G32/><T110/><D118/><U88/><E111/><V0/><F112/><W33/><G33/><T119/><D119/><U64/><E124/><V55/><F69/><W73/><G83/><T45/><D127/><U114/><E114/><V80/><F126/><W99/><REACH who="3" step="1"/><G53/><REACH who="3" ten="118,404,250,218" step="2"/><T41/><D54/><U103/><E64/><V104/><F80/><W75/><G75/><T92/><D34/><U8/><E70/><AGARI ba="0,1" hai="12,18,21,24,26,27,60,66,70,73,79,82,96,99" machi="70" ten="40,1300,0" yaku="1,1,53,0" doraHai="48" doraHaiUra="1" who="3" fromWho="1" sc="118,0,404,-13,250,0,218,23" />
</Scene>
<Scene>
<INIT seed="3,0,0,1,3,34" ten="118,391,250,241" oya="3" hai0="129,92,73,22,85,47,27,134,45,86,5,90,80" hai1="70,33,41,135,52,12,15,116,132,16,119,75,97" hai2="56,94,104,128,4,1,123,126,79,25,0,38,110" hai3="64,62,39,35,77,95,43,21,50,37,17,14,88"/><W120/><G120/><T121/><D134/><N who="1" m="51243" /><E70/><V28/><F104/><W105/><G35/><T125/><D121/><U103/><E75/><V18/><F38/><W40/><G105/><T68/><D129/><U60/><E33/><V124/><F123/><W93/><G77/><T20/><D125/><N who="2" m="48234" /><F128/><W19/><G93/><T51/><D68/><U74/><E74/><V96/><F4/><W53/><G39/><T30/><D73/><U106/><E41/><V23/><F79/><W118/><G37/><T91/><D5/><U46/><E12/><N who="2" m="9671" /><F56/><W48/><G17/><T115/><D115/><U7/><E7/><V71/><F71/><W55/><G118/><T117/><D117/><U122/><E122/><V113/><F110/><W112/><G112/><T114/><D114/><U42/><E42/><N who="3" m="15914" /><G64/><T29/><REACH who="0" step="1"/><D51/><REACH who="0" ten="108,391,250,241" step="2"/><N who="3" m="19497" /><G62/><T99/><D99/><AGARI ba="0,1" hai="14,19,21,53,55,88,95,99" m="19497,15914" machi="99" ten="30,2900,0" yaku="8,1,54,1" doraHai="34" who="3" fromWho="0" sc="108,-29,391,0,250,0,241,39" />
</Scene>
<Scene>
<INIT seed="3,1,0,0,3,32" ten="79,391,250,280" oya="3" hai0="61,118,11,68,23,78,20,21,97,54,56,82,93" hai1="25,34,55,126,103,12,120,2,28,75,6,79,26" hai2="99,110,46,14,81,42,70,96,53,49,39,60,125" hai3="5,40,112,104,80,27,88,64,3,37,123,121,94"/><W107/><G112/><T111/><D118/><U115/><E115/><V19/><F110/><W15/><G15/><T51/><D111/><U0/><E103/><V22/><F125/><W24/><G64/><T59/><D68/><U130/><E120/><V7/><F7/><W92/><G80/><T63/><D11/><N who="1" m="4215" /><E55/><V1/><F1/><N who="1" m="617" /><E79/><V4/><F4/><W95/><G88/><T57/><D51/><U84/><E84/><V98/><F81/><W89/><G89/><T132/><D132/><U50/><E50/><V101/><F60/><W109/><G37/><T52/><D59/><U38/><E38/><V102/><F70/><W77/><G77/><T76/><REACH who="0" step="1"/><D82/><REACH who="0" ten="69,391,250,280" step="2"/><U35/><E126/><V133/><F133/><W58/><G58/><T91/><AGARI ba="1,1" hai="20,21,23,52,54,56,57,61,63,76,78,91,93,97" machi="91" ten="30,12000,2" yaku="1,1,2,1,0,1,9,1,8,1,54,1,53,0" doraHai="32" doraHaiUra="83" who="0" fromWho="0" sc="69,133,391,-31,250,-31,280,-61" />
</Scene>
<Scene>
<INIT seed="4,0,0,1,3,79" ten="202,360,219,219" oya="0" hai0="12,131,68,30,58,65,62,95,28,53,10,4,117" hai1="42,103,73,23,123,89,24,129,44,90,88,37,72" hai2="78,17,39,29,71,56,25,134,85,57,31,26,67" hai3="106,77,119,14,74,8,40,96,27,80,11,87,46"/><T100/><D131/><U84/><E123/><V124/><F39/><W114/><G119/><T94/><D117/><U70/><E70/><V125/><F134/><W60/><G114/><T2/><D2/><U115/><E129/><V1/><F1/><W111/><G111/><T33/><D33/><U64/><E64/><V91/><F71/><W99/><G27/><N who="2" m="10249" /><F78/><W9/><G60/><T82/><D95/><U59/><E59/><N who="2" m="22603" /><F67/><W76/><G106/><T61/><D82/><U93/><E115/><V86/><F17/><W116/><G116/><T83/><D83/><U16/><REACH who="1" step="1"/><E84/><REACH who="1" ten="202,350,219,219" step="2"/><N who="2" m="32363" /><F91/><W101/><G74/><T108/><D108/><U92/><E92/><V48/><F48/><W127/><G76/><T38/><D38/><U35/><E35/><V15/><F15/><W43/><G14/><T50/><D50/><U21/><E21/><V52/><F52/><W5/><G77/><T118/><D118/><U20/><E20/><V13/><F13/><W66/><G66/><T36/><D36/><U130/><E130/><V113/><F113/><W75/><G9/><T32/><D32/><U126/><E126/><AGARI ba="0,1" hai="29,31,124,125,126" m="32363,22603,10249" machi="126" ten="30,3900,0" yaku="28,2,18,1" doraHai="79" who="2" fromWho="1" sc="202,0,350,-39,219,49,219,0" />
</Scene>
<Scene>
<INIT seed="5,0,0,2,0,105" ten="202,311,268,219" oya="1" hai0="31,56,64,16,76,57,32,89,103,35,134,68,33" hai1="11,28,41,86,75,24,51,39,78,97,59,108,113" hai2="5,104,47,66,21,37,90,125,19,65,117,88,118" hai3="132,135,85,45,133,106,15,84,121,38,93,14,44"/><U50/><E113/><V20/><F104/><W58/><G106/><T8/><D134/><U107/><E86/><N who="3" m="33386" /><G93/><T99/><D89/><U128/><E11/><V81/><F5/><W25/><G25/><T63/><D76/><U82/><E128/><V62/><F37/><W83/><G83/><T42/><D42/><U49/><E108/><V40/><F40/><W102/><G102/><T3/><D31/><U0/><E0/><V67/><F47/><N who="3" m="17995" /><G38/><T131/><D131/><U10/><E39/><V23/><F62/><W111/><G111/><T46/><D46/><U98/><E41/><V13/><F81/><W127/><G121/><T100/><D100/><U73/><E107/><V119/><F125/><W126/><G58/><T94/><REACH who="0" step="1"/><D3/><REACH who="0" ten="192,311,268,219" step="2"/><U96/><E78/><V61/><F90/><W17/><G17/><T53/><D53/><U101/><E101/><V71/><F88/><W26/><G26/><T54/><D54/><U129/><E129/><V36/><F36/><W34/><G34/><T69/><D69/><U123/><E24/><V6/><F71/><W115/><G115/><T130/><D130/><U120/><E28/><V124/><F124/><AGARI ba="0,1" hai="14,15,124,126,127,132,133,135" m="17995,33386" machi="124" ten="40,8000,1" yaku="28,2,18,1,20,1" doraHai="105" who="3" fromWho="2" sc="192,0,311,0,268,-80,219,90" />
</Scene>
<Scene>
<INIT seed="6,0,0,5,1,37" ten="192,311,188,309" oya="2" hai0="82,71,93,7,33,52,129,42,92,8,103,57,56" hai1="31,75,133,126,90,5,46,109,26,94,63,130,65" hai2="12,4,81,99,77,6,41,128,24,53,66,124,59" hai3="122,68,51,73,25,85,19,38,20,2,61,118,32"/><V11/><F124/><W40/><G38/><T106/><D71/><U83/><E109/><V117/><F117/><W115/><G73/><T49/><D33/><U112/><E126/><V123/><F123/><W60/><G118/><T74/><D129/><U30/><E5/><V45/><F128/><W17/><G2/><T80/><D106/><U54/><E130/><V0/><F66/><W44/><G122/><T84/><D74/><U87/><E112/><V91/><F24/><W48/><G32/><T15/><D57/><N who="1" m="37103" /><E75/><V119/><F119/><W132/><G132/><T21/><D21/><U78/><E133/><V104/><F0/><W125/><G68/><T72/><D72/><U127/><E26/><V36/><F4/><W107/><G107/><T47/><D103/><U88/><E78/><V16/><F6/><W100/><G100/><T135/><D135/><U86/><E127/><V96/><F91/><W58/><G125/><T131/><D131/><U79/><E90/><V27/><F27/><W22/><G85/><T55/><D55/><U67/><E67/><V43/><F104/><W110/><G110/><T23/><D23/><U39/><E39/><V114/><F41/><W76/><G76/><T1/><D1/><U121/><E121/><V13/><F13/><N who="3" m="9263" /><G115/><T62/><D82/><U14/><E14/><V116/><F114/><W120/><G120/><T29/><D29/><U50/><AGARI ba="0,0" hai="30,31,46,50,54,79,83,86,87,88,94" m="37103" machi="50" ten="30,2000,0" yaku="8,1,54,1" doraHai="37" who="1" fromWho="1" sc="192,-5,311,20,188,-10,309,-5" />
</Scene>
<Scene>
<INIT seed="7,0,0,1,0,63" ten="187,331,178,304" oya="3" hai0="101,91,131,125,105,123,113,92,40,117,51,96,109" hai1="39,16,15,3,103,11,77,68,17,86,48,124,94" hai2="7,42,76,102,62,24,57,134,121,60,106,18,47" hai3="100,116,66,41,46,9,0,52,104,8,53,115,87"/><W110/><G116/><T99/><D117/><U58/><E68/><V90/><F134/><W37/><G115/><T10/><D109/><U73/><E39/><V78/><F121/><W19/><G66/><T33/><D123/><U84/><E3/><V97/><F7/><W59/><G110/><T22/><D33/><U70/><E70/><V118/><F118/><W74/><G74/><T27/><D113/><U108/><E108/><V83/><F90/><W28/><G28/><T36/><D36/><U111/><E111/><V72/><F78/><W82/><G100/><T135/><D135/><U29/><E29/><V61/><F24/><W88/><G104/><T95/><D125/><U133/><E73/><V13/><F47/><W119/><G119/><T112/><D112/><U80/><E124/><V129/><F42/><W55/><G8/><T6/><D131/><U49/><E133/><V65/><F129/><W107/><G107/><T127/><D127/><U31/><E31/><V89/><F89/><W50/><REACH who="3" step="1"/><G19/><REACH who="3" ten="187,331,178,294" step="2"/><T14/><D105/><U122/><E122/><V114/><F114/><W98/><G98/><T130/><D130/><U43/><E17/><V85/><F72/><W21/><G21/><AGARI ba="0,1" hai="13,18,21,57,60,61,62,65,76,83,85,97,102,106" machi="21" ten="30,2000,0" yaku="7,1,52,1" doraHai="63" who="2" fromWho="3" sc="187,0,331,0,178,30,294,-20" owari="187,-31.0,331,43.0,208,-19.0,274,7.0" />
</Scene>
</mjloggm>