<mjloggm ver="2.3"><GO type="169" lobby="0"/><UN n0="%E5%A4%95%E5%87%AA" n1="%E5%A4%AA%E3%81%8F%E3%81%AA%E3%81%84%E3%81%8A" n2="%62%75%74%69%74%61%6D%61" n3="%6D%6F%74%69%37%32%2E%2E" dan="17,18,18,17" rate="2159.04,2237.52,2203.92,2085.30" sx="M,F,M,M"/><TAIKYOKU oya="0"/>

<Scene>
<INIT seed="0,0,0,5,3,35" ten="250,250,250,250" oya="0" hai0="88,132,77,12,92,39,23,86,124,20,54,101,91" hai1="90,36,113,40,30,130,53,68,125,9,34,16,99" hai2="18,63,73,59,25,46,115,19,75,127,56,64,67" hai3="5,129,97,94,69,43,96,11,108,38,33,112,31"/><T84/><D124/><U121/><E121/><V14/><F115/><W105/><G112/><T122/><D122/><U66/><E113/><V24/><F127/><W131/><G69/><T55/><D39/><U100/><E125/><V0/><F46/><W117/><G117/><T65/><D132/><U1/><E90/><V52/><F0/><W61/><G61/><T72/><D65/><U21/><E130/><V48/><F64/><W42/><G105/><T2/><D2/><U85/><E85/><V26/><REACH who="2" step="1"/><F19/><REACH who="2" ten="250,250,240,250" step="2"/><W76/><G129/><T74/><D74/><U45/><E66/><V71/><F71/><W126/><G131/><T50/><D72/><U13/><E68/><V78/><F78/><W58/><G76/><T118/><D77/><U128/><E128/><V8/><AGARI ba="0,1" hai="8,14,18,24,25,26,48,52,56,59,63,67,73,75" machi="8" ten="30,7900,0" yaku="1,1,0,1,54,1,53,1" doraHai="35" doraHaiUra="6" who="2" fromWho="2" sc="250,-39,250,-20,240,89,250,-20" />
</Scene>
<Scene>
<INIT seed="1,0,0,3,5,95" ten="211,230,329,230" oya="1" hai0="18,92,109,130,60,31,90,126,13,135,59,8,55" hai1="25,97,41,91,127,11,54,120,128,88,40,100,107" hai2="75,104,38,67,96,134,123,47,53,69,86,122,15" hai3="99,14,22,121,35,84,105,80,9,56,131,42,34"/><U77/><E120/><V133/><F75/><W27/><G121/><T83/><D109/><U63/><E127/><V132/><F86/><W48/><G131/><T20/><D130/><U26/><E128/><V57/><F15/><W89/><G42/><T125/><D135/><U103/><E77/><V17/><F17/><W30/><G48/><T73/><D73/><U45/><E11/><V46/><F104/><W23/><G56/><T81/><D126/><U112/><E112/><V85/><F85/><W119/><G35/><T50/><D125/><U70/><E70/><V10/><F96/><W102/><REACH who="3" step="1"/><G119/><REACH who="3" ten="211,230,329,220" step="2"/><T110/><D50/><U108/><E41/><N who="2" m="22839" /><F47/><W21/><G21/><T94/><D20/><U19/><E45/><V115/><F10/><W1/><G1/><T78/><D59/><U39/><E40/><V12/><F115/><W7/><AGARI ba="0,1" hai="7,9,14,22,23,27,30,34,80,84,89,99,102,105" machi="7" ten="20,8000,1" yaku="1,1,0,1,7,1,52,1,53,1" doraHai="95" doraHaiUra="101" who="3" fromWho="3" sc="211,-20,230,-40,329,-20,220,90" />
</Scene>
<Scene>
<INIT seed="2,0,0,4,1,121" ten="191,190,309,310" oya="2" hai0="13,1,26,72,99,67,35,81,132,49,114,2,23" hai1="95,118,66,28,134,53,58,17,7,63,96,31,54" hai2="122,61,6,116,73,36,50,135,64,125,80,102,126" hai3="107,8,74,32,78,37,90,94,4,91,10,62,12"/><V69/><F36/><W47/><G107/><T117/><D114/><U110/><E118/><V92/><F122/><W104/><G104/><T82/><D117/><U119/><E119/><V111/><F116/><W39/><G32/><T129/><D35/><U21/><E134/><V113/><F113/><W103/><G103/><T0/><D13/><U41/><E41/><V85/><F73/><W9/><G62/><T33/><D33/><U84/><E7/><V56/><F6/><W51/><G9/><T52/><D67/><U100/><E110/><V112/><F112/><W27/><G27/><T70/><D70/><U123/><E123/><V68/><F135/><W109/><G109/><T38/><D38/><U24/><E84/><V20/><F20/><W16/><G78/><T93/><D129/><U19/><E31/><V25/><F25/><W127/><G127/><N who="2" m="48649" /><F50/><W97/><G74/><T60/><D49/><U76/><E76/><N who="2" m="46215" /><F111/><W14/><REACH who="3" step="1"/><G91/><REACH who="3" ten="191,190,309,300" step="2"/><N who="0" m="55743" /><D72/><U11/><E11/><V108/><F108/><W88/><G88/><T34/><D34/><U42/><REACH who="1" step="1"/><E42/><AGARI ba="0,1" hai="4,8,10,12,14,16,37,39,42,47,51,90,94,97" machi="42" ten="30,7700,0" yaku="1,1,7,1,54,1,53,1" doraHai="121" doraHaiUra="45" who="3" fromWho="1" sc="191,0,190,-77,309,0,300,87" />
</Scene>
<Scene>
<INIT seed="3,0,0,1,2,99" ten="191,113,309,387" oya="3" hai0="122,0,52,109,76,75,120,62,125,134,107,98,59" hai1="1,100,55,132,86,81,64,114,131,126,124,29,3" hai2="113,92,118,84,68,49,30,15,25,106,54,57,80" hai3="33,87,31,10,71,48,105,5,6,111,115,56,43"/><W26/><G71/><T128/><D0/><U23/><E114/><V66/><F106/><W119/><G115/><T110/><D134/><U35/><E35/><V24/><F113/><W72/><G72/><T60/><D128/><U44/><E131/><V96/><F118/><W20/><G119/><T69/><D125/><N who="1" m="48235" /><E132/><V18/><F68/><W89/><G105/><T95/><D107/><U135/><E135/><V108/><F66/><W116/><G116/><T11/><D11/><U22/><E64/><V130/><F108/><N who="0" m="41578" /><D62/><U101/><E44/><V61/><F61/><W16/><G111/><T19/><D69/><U37/><E55/><V70/><F30/><W117/><G117/><T129/><D19/><U97/><E37/><V8/><F70/><W7/><G10/><T91/><D129/><U93/><E100/><N who="2" m="60423" /><F130/><W74/><G43/><T112/><D112/><U47/><E47/><V79/><AGARI ba="0,0" hai="8,15,18,24,25,49,54,57,79,80,84" m="60423" machi="79" ten="30,2000,0" yaku="8,1,52,1" doraHai="99" who="2" fromWho="2" sc="191,-5,113,-5,309,20,387,-10" />
</Scene>
<Scene>
<INIT seed="4,0,0,0,5,16" ten="186,108,329,377" oya="0" hai0="73,119,40,48,91,103,115,5,60,41,21,82,126" hai1="102,78,9,47,93,15,112,118,44,131,113,62,98" hai2="34,14,134,32,76,108,116,123,3,135,1,83,39" hai3="50,104,130,4,18,101,68,7,96,31,54,28,53"/><T52/><D119/><U111/><E118/><V23/><F39/><W33/><G68/><T55/><D126/><U95/><E111/><V8/><F83/><W12/><G130/><T75/><D5/><U92/><E131/><V77/><F77/><W132/><G132/><N who="2" m="50729" /><F76/><W24/><G31/><T90/><D103/><U64/><E78/><V66/><F66/><W2/><G2/><N who="2" m="521" /><F116/><W110/><G110/><T133/><D133/><U6/><E47/><V25/><F123/><W57/><REACH who="3" step="1"/><G54/><REACH who="3" ten="186,108,329,367" step="2"/><T100/><D55/><U20/><E112/><V42/><F108/><W19/><G19/><T120/><D52/><U99/><E113/><V69/><F69/><W121/><G121/><T35/><D120/><U72/><E64/><V46/><F42/><W127/><G127/><T17/><D115/><U63/><E6/><N who="2" m="3351" /><F46/><W79/><G79/><T65/><D40/><U59/><E44/><V49/><F49/><W87/><G87/><T81/><D48/><U61/><E63/><V125/><F125/><W88/><G88/><T106/><D41/><U51/><E61/><V129/><F129/><W10/><AGARI ba="0,1" hai="4,7,10,12,18,24,28,33,50,53,57,96,101,104" machi="10" ten="20,2700,0" yaku="1,1,0,1,7,1,53,0" doraHai="16" doraHaiUra="36" who="3" fromWho="3" sc="186,-13,108,-7,329,-7,367,37" />
</Scene>
<Scene>
<INIT seed="5,0,0,0,5,39" ten="173,101,322,404" oya="1" hai0="3,42,100,21,126,61,60,6,22,89,99,68,131" hai1="54,109,25,73,84,108,129,102,71,82,51,98,28" hai2="2,116,17,35,92,34,74,105,31,53,49,19,76" hai3="18,57,111,41,13,4,62,87,94,112,70,118,5"/><U12/><E71/><V23/><F105/><W1/><G111/><T67/><D131/><U88/><E129/><V8/><F116/><W66/><G118/><T48/><D126/><U135/><E135/><V83/><F31/><W81/><G112/><T96/><D6/><U117/><E117/><V107/><F107/><W122/><G122/><T33/><D3/><U24/><E73/><V69/><F69/><W63/><G94/><T77/><D77/><U36/><E36/><V64/><F64/><W29/><G29/><T44/><D60/><U55/><E12/><V26/><F92/><W27/><G27/><T130/><D130/><U30/><E30/><V97/><F97/><W50/><G1/><T125/><D33/><U9/><E9/><V85/><F74/><W47/><G63/><T56/><D68/><U46/><E55/><V124/><F124/><W38/><G38/><T37/><D37/><U119/><E119/><V80/><F80/><W40/><G40/><T15/><D125/><U11/><E11/><V127/><F127/><W106/><G106/><T45/><D15/><U78/><E78/><V103/><F2/><W52/><G70/><T120/><D120/><U7/><E7/><V72/><F72/><W43/><G5/><T10/><D10/><U65/><E65/><V91/><F76/><N who="3" m="46503" /><G4/><T132/><D132/><U14/><E14/><N who="2" m="7367" /><F103/><W59/><G47/><AGARI ba="0,0" hai="19,23,26,34,35,47,49,53,83,85,91" m="7367" machi="47" ten="30,1000,0" yaku="25,1" doraHai="39" who="2" fromWho="3" sc="173,0,101,0,322,10,404,-10" />
</Scene>
<Scene>
<INIT seed="6,0,0,5,2,47" ten="173,101,332,394" oya="2" hai0="22,103,69,61,113,76,16,104,134,95,128,82,37" hai1="56,18,84,32,6,0,126,100,28,25,63,13,86" hai2="66,14,80,96,41,101,46,73,21,91,29,40,74" hai3="51,121,87,109,97,102,98,124,1,85,49,54,57"/><V48/><F66/><W44/><G109/><T89/><D134/><U64/><E100/><V120/><F120/><W135/><G1/><T60/><D37/><U119/><E126/><V105/><F41/><W117/><G117/><T130/><D103/><U33/><E33/><V90/><F29/><W50/><G121/><T36/><D36/><U94/><E94/><V24/><F24/><W39/><G39/><T83/><D104/><U8/><REACH who="1" step="1"/><E119/><REACH who="1" ten="173,91,332,394" step="2"/><V70/><F70/><W127/><G127/><T26/><D69/><U79/><E79/><V10/><F91/><W111/><G124/><T4/><D76/><U55/><E55/><V132/><F132/><W78/><G135/><T67/><D67/><U52/><E52/><V92/><F80/><W3/><G102/><T23/><D83/><U2/><E2/><V77/><F77/><W58/><G78/><T30/><D82/><U93/><E93/><V81/><F81/><W34/><G54/><T20/><D95/><U125/><E125/><V68/><F68/><W123/><G34/><T133/><D89/><U118/><E118/><V35/><F35/><W129/><G123/><T131/><D133/><U71/><E71/><V88/><F90/><W75/><G75/><T112/><D131/><U45/><E45/><V11/><F74/><W108/><G129/><T110/><D130/><U106/><E106/><V17/><REACH who="2" step="1"/><F73/><REACH who="2" ten="173,91,322,394" step="2"/><W62/><G108/><T107/><D128/><U15/><E15/><V59/><F59/><W53/><G58/><T72/><D110/><U65/><E65/><V27/><F27/><W114/><G111/><RYUUKYOKU ba="0,2" sc="173,-15,91,15,322,15,394,-15" hai1="0,6,8,13,18,25,28,32,56,63,64,84,86" hai2="10,11,14,17,21,40,46,48,88,92,96,101,105" />
</Scene>
<Scene>
<INIT seed="6,1,2,3,5,80" ten="158,106,337,379" oya="2" hai0="89,55,20,91,120,99,97,38,22,124,105,87,1" hai1="17,50,76,112,29,19,69,74,83,5,94,18,95" hai2="32,42,103,92,13,37,130,79,6,31,119,7,47" hai3="61,56,122,39,117,44,86,106,108,49,132,81,23"/><V54/><F119/><W25/><G108/><T45/><D120/><U114/><E69/><V33/><F130/><W109/><G109/><T34/><D34/><U36/><E36/><V71/><F71/><W113/><G39/><T58/><D1/><U57/><E29/><V64/><F64/><W90/><G106/><T16/><D124/><U60/><E50/><V46/><F79/><W126/><G122/><T101/><D99/><U48/><E48/><V43/><F54/><W0/><G0/><T59/><D22/><U78/><E5/><V8/><F7/><W72/><G117/><T3/><D3/><U40/><E40/><V77/><F77/><W128/><G72/><T133/><D91/><U11/><E11/><V82/><F82/><W102/><G126/><T116/><D116/><U123/><E78/><V10/><F10/><W53/><G128/><T63/><D59/><U26/><E26/><V28/><F33/><W14/><G14/><T12/><D38/><U41/><E41/><N who="2" m="15371" /><F32/><W121/><G121/><T21/><D45/><N who="2" m="16906" /><F37/><W135/><G23/><T62/><D21/><U24/><E123/><V115/><F115/><N who="1" m="44073" /><E24/><V4/><F4/><W35/><G113/><T125/><D125/><U75/><E75/><V70/><F70/><W27/><G35/><T107/><D63/><U98/><E98/><AGARI ba="1,2" hai="6,8,13,28,31,92,98,103" m="16906,15371" machi="98" ten="30,1500,0" yaku="8,1" doraHai="80" who="2" fromWho="1" sc="158,0,106,-18,337,38,379,0" />
</Scene>
<Scene>
<INIT seed="6,2,0,2,3,67" ten="158,88,375,379" oya="2" hai0="100,44,24,52,133,70,73,122,27,120,13,83,49" hai1="37,38,119,117,123,35,33,127,128,12,39,82,25" hai2="11,29,99,17,26,124,114,131,46,108,55,1,134" hai3="4,30,113,75,60,50,88,36,86,109,110,84,51"/><V28/><F114/><W97/><G75/><T98/><D133/><U77/><E128/><V126/><F134/><W22/><G36/><T53/><D27/><U8/><E127/><N who="2" m="48683" /><F131/><W102/><G113/><T89/><D53/><U3/><E123/><V96/><F108/><W68/><G4/><T64/><D24/><U132/><E132/><V94/><F1/><W0/><G0/><T10/><D73/><U78/><E3/><V72/><F72/><W130/><G130/><T116/><D116/><U105/><E105/><V58/><F46/><W40/><G109/><T87/><D64/><U45/><E45/><V16/><F99/><W31/><G110/><T62/><D62/><U15/><E25/><V63/><F11/><W74/><G74/><T54/><D54/><U79/><E82/><V85/><F85/><W48/><G40/><T103/><D103/><U112/><E112/><V93/><F93/><W107/><G86/><T101/><D101/><U34/><REACH who="1" step="1"/><E15/><REACH who="1" ten="158,78,375,379" step="2"/><V106/><F106/><W18/><G107/><N who="0" m="63895" /><D122/><U32/><N who="1" m="8192" /><DORA hai="91" /><U41/><E41/><V21/><F28/><W104/><G31/><T92/><D120/><U118/><E118/><V61/><F61/><W43/><G30/><T135/><D135/><U2/><E2/><V121/><F121/><W111/><G111/><T20/><D83/><U47/><E47/><V71/><F29/><W42/><G60/><T14/><D44/><U66/><E66/><V57/><F26/><N who="3" m="14679" /><G43/><T59/><D13/><U125/><E125/><V19/><F63/><W90/><G42/><T23/><D14/><U65/><E65/><RYUUKYOKU ba="2,1" sc="158,-10,78,30,375,-10,379,-10" hai1="8,12,37,38,39,77,78,79,117,119" />
</Scene>
<Scene>
<INIT seed="7,3,1,2,2,110" ten="148,108,365,369" oya="3" hai0="42,116,105,59,70,32,64,46,93,125,38,101,114" hai1="17,50,11,117,0,21,95,19,49,126,111,121,33" hai2="57,69,60,78,54,76,2,53,119,115,29,31,24" hai3="94,88,34,66,1,6,36,9,91,82,135,27,40"/><W20/><G34/><T73/><D93/><U72/><E111/><V62/><F2/><W92/><G135/><T51/><D73/><U16/><E121/><V45/><F119/><W123/><G123/><T98/><D125/><U122/><E122/><V39/><F115/><W120/><G120/><T5/><D5/><U44/><E33/><V56/><F69/><W14/><G1/><T96/><D96/><U26/><E72/><V4/><F4/><W12/><G12/><T83/><D83/><U30/><E126/><V108/><F108/><W35/><G35/><T23/><D23/><U104/><E104/><V77/><F24/><W118/><G118/><T130/><D116/><U112/><E117/><V84/><F84/><N who="3" m="50199" /><G36/><T99/><D130/><U87/><E112/><V127/><F127/><W22/><G40/><AGARI ba="3,1" hai="29,31,39,40,45,53,54,56,57,60,62,76,77,78" machi="40" ten="40,1300,0" yaku="9,1" doraHai="110" who="2" fromWho="3" sc="148,0,108,0,365,32,369,-22" owari="148,-25.0,108,-39.0,397,49.0,347,15.0" />
</Scene>
</mjloggm>