<mjloggm ver="2.3"><GO type="169" lobby="0"/><UN n0="%E3%83%AA%E3%83%81%E3%83%A3%21%21" n1="%E5%A4%AA%E3%81%8F%E3%81%AA%E3%81%84%E3%81%8A" n2="%E3%81%AE%E3%81%B3%E3%81%97%E3%82%8D%E2%99%82" n3="%E3%80%90%E7%BD%AA%E6%AD%8C%E3%80%91" dan="16,18,16,19" rate="2115.71,2294.96,2077.22,2383.44" sx="M,M,M,F"/><TAIKYOKU oya="0"/>

<Scene>
<INIT seed="0,0,0,2,3,76" ten="250,250,250,250" oya="0" hai0="99,20,12,95,98,30,65,55,44,74,25,81,97" hai1="62,2,21,32,90,1,128,84,42,77,48,101,124" hai2="16,18,112,75,92,91,34,123,113,130,118,126,10" hai3="73,115,87,122,107,114,104,8,45,57,33,120,3"/><T52/><D65/><U31/><E32/><V103/><F123/><N who="3" m="47147" /><G57/><T67/><D67/><U37/><E37/><V109/><F109/><W125/><G45/><T50/><D12/><U131/><E77/><V61/><F130/><N who="1" m="49705" /><E101/><V134/><F134/><W63/><G63/><T17/><D74/><U59/><E124/><V86/><F126/><W53/><G53/><T127/><D127/><U135/><E135/><V35/><F118/><W111/><G8/><T51/><D81/><N who="1" m="49423" /><E48/><V26/><F75/><W78/><G33/><T108/><D108/><U129/><E42/><V60/><F103/><W38/><G38/><T88/><D30/><U14/><E129/><V96/><F60/><W47/><G47/><AGARI ba="0,0" hai="17,20,25,44,47,50,51,52,55,88,95,97,98,99" machi="47" ten="30,12000,1" yaku="7,1,9,1,8,1,54,2" doraHai="76" who="0" fromWho="3" sc="250,120,250,0,250,0,250,-120" />
</Scene>
<Scene>
<INIT seed="0,1,0,4,0,77" ten="370,250,250,130" oya="0" hai0="18,72,56,93,109,6,133,111,41,104,55,105,30" hai1="88,97,95,10,126,125,128,47,21,29,33,54,117" hai2="51,43,100,78,84,64,110,113,70,82,28,58,20" hai3="63,71,68,74,25,135,13,53,50,16,31,112,94"/><T17/><D133/><U65/><E117/><V61/><F110/><N who="0" m="41994" /><D6/><U34/><E65/><V42/><F113/><W44/><G74/><T35/><D72/><U118/><E118/><V38/><F38/><W91/><G135/><T5/><D41/><U124/><E128/><V69/><F100/><W127/><G127/><T23/><D35/><N who="1" m="13323" /><E10/><V22/><F22/><W106/><G106/><N who="0" m="41067" /><D5/><U85/><E29/><V83/><F70/><W81/><G112/><T103/><D103/><U66/><E21/><V130/><F130/><W4/><G4/><T57/><D93/><U79/><E66/><V8/><F8/><W76/><G94/><T36/><D57/><U40/><E54/><V132/><F132/><W101/><G101/><T87/><D87/><U24/><E40/><V129/><F129/><W39/><G39/><T86/><D86/><U67/><E67/><V19/><F69/><W49/><G71/><T119/><D36/><U60/><E47/><V90/><F51/><W27/><G50/><N who="0" m="30839" /><D119/><U0/><E60/><V46/><F46/><W1/><G1/><T62/><D62/><U108/><E108/><V123/><F43/><W7/><G7/><T37/><D37/><U114/><E0/><V9/><F42/><W134/><G134/><T75/><D75/><U32/><E114/><V121/><F61/><W102/><G102/><T80/><D80/><N who="1" m="47263" /><E32/><V26/><F58/><W48/><G63/><T11/><D11/><U92/><E92/><V73/><F64/><W15/><G68/><T52/><D52/><U3/><E3/><V12/><AGARI ba="1,0" hai="9,12,19,20,26,28,73,78,82,83,84,90,121,123" machi="12" ten="30,4000,0" yaku="0,1,52,2" doraHai="77" who="2" fromWho="2" sc="370,-21,250,-11,250,43,130,-11" />
</Scene>
<Scene>
<INIT seed="1,0,0,3,1,121" ten="349,239,293,119" oya="1" hai0="16,71,62,72,122,89,20,120,69,14,130,98,6" hai1="118,61,75,73,86,32,17,44,56,3,83,0,111" hai2="65,31,85,97,39,29,60,51,96,93,109,66,11" hai3="42,36,38,78,117,1,37,57,10,68,28,4,116"/><U49/><E32/><V7/><F39/><W128/><G68/><T131/><D72/><U112/><E112/><V58/><F109/><W55/><G128/><N who="0" m="49195" /><D6/><U126/><E118/><N who="3" m="45674" /><G28/><T106/><D89/><U127/><E17/><V107/><F66/><W46/><G78/><T30/><D30/><U21/><E21/><V125/><F125/><N who="1" m="47625" /><E111/><V40/><F85/><W90/><G90/><T104/><BYE who="3" /><D69/><U135/><E135/><V102/><F51/><W67/><G67/><N who="0" m="41463" /><D98/><U74/><E56/><V45/><F45/><W34/><G34/><T88/><D88/><N who="1" m="51295" /><E61/><UN n3="%E3%80%90%E7%BD%AA%E6%AD%8C%E3%80%91" /><V80/><F80/><W25/><G25/><T13/><D13/><U76/><E76/><V9/><F40/><AGARI ba="0,0" hai="0,3,40,44,49,73,74,75" m="51295,47625" machi="40" ten="40,3900,0" yaku="18,1,54,1" doraHai="121" who="1" fromWho="2" sc="349,0,239,39,293,-39,119,0" />
</Scene>
<Scene>
<INIT seed="1,1,0,3,0,34" ten="349,278,254,119" oya="1" hai0="20,52,57,121,96,27,35,88,125,6,107,75,43" hai1="115,69,29,55,8,40,117,81,108,23,110,26,77" hai2="59,102,101,45,25,61,103,58,100,11,31,106,99" hai3="85,71,105,21,60,2,124,18,104,10,47,98,12"/><U93/><E115/><V37/><F59/><W126/><G85/><T32/><D107/><U56/><E69/><V87/><F11/><W80/><G80/><T78/><D125/><U1/><E117/><V113/><F113/><W54/><G98/><T135/><D135/><U44/><E93/><V64/><F87/><W48/><G71/><T73/><D6/><N who="1" m="1103" /><E55/><V72/><F72/><W0/><G60/><T74/><D43/><U83/><E56/><V92/><F106/><N who="3" m="41067" /><G10/><T22/><D78/><U91/><E91/><V134/><F134/><W24/><G24/><T3/><D3/><U53/><E53/><V41/><REACH who="2" step="1"/><F103/><REACH who="2" ten="349,278,244,119" step="2"/><W42/><G2/><T131/><D74/><N who="1" m="43191" /><E83/><V46/><F46/><W17/><G0/><T36/><D73/><U120/><E120/><V66/><F66/><W97/><G97/><T132/><D96/><U13/><E13/><V123/><F123/><W129/><G12/><T65/><D75/><U28/><E28/><V5/><F5/><W15/><G15/><T130/><D132/><U38/><AGARI ba="1,1" hai="23,26,29,38,40,44,108,110" m="43191,1103" machi="38" ten="30,3000,0" yaku="25,1,52,1" doraHai="34" who="1" fromWho="1" sc="349,-11,278,43,244,-11,119,-11" />
</Scene>
<Scene>
<INIT seed="1,2,0,5,0,42" ten="338,321,233,108" oya="1" hai0="44,79,10,73,2,8,119,69,117,70,106,46,43" hai1="121,114,87,23,125,65,14,109,104,39,41,74,86" hai2="7,72,123,99,32,133,126,5,93,108,110,76,12" hai3="102,3,118,26,27,31,11,98,90,80,38,19,68"/><U81/><E114/><V116/><F32/><W124/><G124/><T113/><D113/><U15/><E121/><V37/><F37/><W82/><G68/><N who="0" m="26219" /><D106/><U127/><E104/><V4/><F116/><W95/><G118/><T134/><D134/><U83/><E65/><V85/><F72/><W120/><G120/><T128/><D44/><N who="1" m="23615" /><E74/><V0/><F0/><W33/><G38/><N who="0" m="21879" /><D10/><U16/><E14/><V88/><F126/><N who="1" m="48137" /><E109/><N who="2" m="42091" /><F133/><W51/><G51/><T92/><D92/><U77/><E77/><V47/><F123/><W21/><REACH who="3" step="1"/><G90/><REACH who="3" ten="338,321,233,98" step="2"/><T115/><D115/><U29/><E29/><V20/><F88/><W9/><G9/><T6/><D128/><U58/><E58/><V78/><F78/><W45/><G45/><T18/><D79/><U52/><E52/><V111/><F47/><W34/><G34/><T97/><D119/><U107/><E107/><V101/><F111/><W63/><G63/><T62/><D62/><U96/><E96/><V35/><F35/><W17/><G17/><T56/><D97/><U13/><E87/><V100/><F85/><W66/><G66/><T64/><D117/><U71/><E71/><V54/><F54/><W112/><G112/><T40/><D64/><U130/><E130/><V122/><F122/><W91/><G91/><T50/><D73/><U75/><E75/><V22/><F76/><W89/><G89/><T131/><D131/><U55/><E55/><V59/><F59/><W30/><G30/><T94/><D56/><U67/><E67/><V129/><F129/><W132/><G132/><T105/><D105/><U57/><E57/><RYUUKYOKU ba="2,1" sc="338,-10,321,-10,233,-10,98,30" hai3="3,11,19,21,26,27,31,33,80,82,95,98,102" />
</Scene>
<Scene>
<INIT seed="2,3,1,1,2,19" ten="328,311,223,128" oya="2" hai0="123,40,104,29,0,86,81,43,57,16,59,134,72" hai1="13,67,87,119,56,112,3,14,88,110,71,101,8" hai2="117,107,68,2,92,85,53,131,122,96,48,27,58" hai3="89,39,33,32,22,25,20,63,124,99,90,31,111"/><V100/><F131/><W35/><G39/><T44/><D123/><U118/><E112/><V83/><F117/><W126/><G111/><T80/><D0/><U77/><E71/><V64/><F2/><W55/><G99/><T23/><D104/><U36/><E36/><V52/><F122/><W102/><G102/><T54/><D134/><U98/><E77/><V129/><F129/><W37/><G37/><T26/><D72/><U47/><E3/><V21/><F107/><W121/><G121/><T7/><D7/><U62/><E47/><V103/><F103/><W6/><G6/><T51/><D80/><U105/><E110/><V60/><F48/><W49/><G63/><T128/><D128/><U113/><E113/><V46/><F46/><W12/><G12/><T130/><D29/><U109/><E14/><V97/><F97/><W41/><G41/><N who="0" m="15947" /><D130/><U116/><E109/><V75/><F75/><W28/><G49/><T114/><D114/><U42/><E42/><V66/><F66/><W76/><G55/><T84/><D84/><U24/><E24/><V127/><F127/><N who="3" m="48683" /><G76/><AGARI ba="3,1" hai="16,23,26,44,51,54,57,59,76,81,86" m="15947" machi="76" ten="30,3900,0" yaku="8,1,52,1,54,1" doraHai="19" who="0" fromWho="3" sc="328,58,311,0,223,0,128,-48" />
</Scene>
<Scene>
<INIT seed="3,0,0,1,4,104" ten="386,311,223,80" oya="3" hai0="122,28,86,64,96,60,80,84,21,18,116,71,41" hai1="40,91,45,14,39,58,33,13,99,27,108,113,35" hai2="24,124,98,100,51,95,10,133,82,119,9,20,66" hai3="77,42,87,26,25,44,129,2,11,131,134,72,56"/><W111/><G87/><T90/><D116/><U110/><E113/><V49/><F133/><W83/><G56/><T120/><D28/><N who="1" m="19615" /><E35/><V102/><F124/><W109/><G134/><T36/><D96/><U7/><E7/><V73/><F102/><W32/><G26/><T5/><D5/><U61/><E91/><V85/><F73/><W43/><G43/><T31/><D31/><U15/><E99/><V16/><F66/><W1/><G25/><T130/><D130/><N who="3" m="49673" /><G32/><T93/><D36/><U78/><E78/><V114/><F114/><W74/><G74/><T37/><D37/><U0/><E0/><N who="3" m="106" /><G11/><N who="2" m="4105" /><F119/><W117/><G117/><T17/><D41/><U121/><E58/><V106/><F106/><W126/><G126/><T92/><D84/><U79/><E79/><AGARI ba="0,0" hai="16,20,24,49,51,79,82,85,95,98,100" m="4105" machi="79" ten="30,2000,0" yaku="8,1,54,1" doraHai="104" who="2" fromWho="1" sc="386,0,311,-20,223,20,80,0" />
</Scene>
<Scene>
<INIT seed="4,0,0,1,5,40" ten="386,291,243,80" oya="0" hai0="21,99,5,62,113,124,71,133,72,13,105,15,44" hai1="51,79,14,49,31,83,126,70,112,25,17,67,16" hai2="132,110,68,52,2,50,24,119,10,11,125,18,96" hai3="12,91,98,104,86,57,30,53,127,19,111,23,37"/><T106/><D113/><U77/><E126/><V100/><F132/><W97/><G111/><T89/><D72/><U90/><E112/><V55/><F125/><W73/><G73/><T36/><D133/><U48/><E70/><V41/><F110/><W82/><G37/><T54/><D13/><U28/><E67/><V61/><F41/><W107/><G127/><T134/><D134/><U6/><E6/><V88/><F2/><W80/><G107/><T102/><D124/><U1/><E1/><V118/><F61/><W29/><G82/><T43/><D89/><U76/><E25/><V114/><F68/><W38/><G38/><T135/><D135/><U22/><REACH who="1" step="1"/><E17/><REACH who="1" ten="386,281,243,80" step="2"/><V123/><F18/><W34/><G34/><T42/><D71/><U65/><E65/><V92/><F24/><W131/><G131/><T81/><D5/><U26/><E26/><V93/><F114/><W58/><G58/><T64/><D15/><U122/><E122/><V20/><F123/><W4/><G4/><T45/><D64/><U66/><E66/><V78/><F119/><W116/><G116/><T109/><D109/><U74/><E74/><V101/><F118/><W84/><G30/><T95/><D21/><U7/><E7/><V32/><F20/><W56/><G56/><T75/><D75/><U60/><E60/><V128/><F32/><W0/><G29/><T3/><D62/><U117/><E117/><V63/><F63/><W39/><G0/><T35/><D3/><U8/><E8/><V69/><F69/><W108/><G108/><T115/><D115/><U85/><AGARI ba="0,1" hai="14,16,22,28,31,48,49,51,76,77,79,83,85,90" machi="85" ten="40,8000,1" yaku="1,1,5,1,0,1,8,1,54,1,53,0" doraHai="40" doraHaiUra="59" who="1" fromWho="1" sc="386,-40,281,90,243,-20,80,-20" />
</Scene>
<Scene>
<INIT seed="5,0,0,0,0,41" ten="346,371,223,60" oya="1" hai0="102,42,79,17,6,92,99,61,104,19,118,85,25" hai1="34,35,32,94,1,72,77,49,116,15,66,40,39" hai2="27,46,88,28,75,133,96,37,29,18,7,53,87" hai3="10,21,129,112,93,120,38,134,47,31,98,82,13"/><U90/><E116/><V0/><F133/><W80/><G120/><T126/><D118/><U45/><E1/><V11/><F75/><W117/><G117/><T86/><D126/><U91/><E66/><V23/><F96/><W105/><G105/><T5/><D104/><U109/><E109/><V67/><F67/><W73/><G112/><T119/><D119/><U89/><E15/><V14/><F0/><W83/><G73/><T59/><D42/><U20/><E20/><V74/><F74/><W97/><G134/><T52/><D25/><U63/><E63/><V12/><F27/><W122/><G122/><T57/><D85/><U4/><E4/><N who="0" m="1641" /><D59/><U128/><E128/><V81/><REACH who="2" step="1"/><F53/><REACH who="2" ten="346,371,213,60" step="2"/><W16/><G129/><T100/><D100/><U121/><E121/><V54/><F54/><W9/><G98/><T58/><D58/><U107/><E107/><V65/><F65/><W64/><G64/><T71/><D71/><U132/><E132/><V30/><F30/><W68/><G68/><T50/><D61/><U76/><E72/><V3/><F3/><W103/><G31/><T108/><D108/><U127/><E127/><V131/><F131/><W48/><G38/><T22/><D57/><U44/><REACH who="1" step="1"/><E94/><REACH who="1" ten="346,361,213,60" step="2"/><V36/><F36/><W114/><REACH who="3" step="1"/><G114/><REACH who="3" ten="346,361,213,50" step="2"/><T130/><D130/><U33/><N who="1" m="8192" /><DORA hai="124" /><U62/><E62/><V106/><F106/><W70/><G70/><T43/><D92/><U56/><E56/><V69/><F69/><W8/><G8/><T51/><D51/><U60/><E60/><V55/><F55/><AGARI ba="0,3" hai="9,10,13,16,21,47,48,55,80,82,83,93,97,103" machi="55" ten="40,8000,1" yaku="1,1,8,1,52,1,54,1,53,0" doraHai="41,124" doraHaiUra="113,101" who="3" fromWho="2" sc="346,0,361,0,213,-80,50,110" /><AGARI ba="0,0" hai="39,40,44,45,49,55,76,77,89,90,91" m="8192" machi="55" ten="70,12000,1" yaku="1,1,52,2,53,0" doraHai="41,124" doraHaiUra="113,101" who="1" fromWho="2" sc="346,0,361,120,133,-120,160,0" />
</Scene>
<Scene>
<INIT seed="5,1,0,5,5,48" ten="346,481,13,160" oya="1" hai0="133,112,21,124,0,45,89,88,94,108,13,8,127" hai1="4,85,78,36,27,81,93,100,3,96,107,92,43" hai2="20,91,69,25,55,120,38,105,57,125,30,135,87" hai3="64,102,122,79,19,39,128,1,76,113,130,10,106"/><U70/><E70/><V29/><F69/><W18/><G122/><T111/><D112/><U34/><E34/><V117/><F135/><W41/><G64/><T65/><D133/><U101/><E27/><V132/><F132/><W56/><G56/><T99/><D0/><U58/><E101/><V119/><F125/><N who="0" m="48202" /><D21/><U62/><E36/><V22/><F120/><W49/><G39/><T32/><D32/><U31/><E31/><V84/><F105/><W129/><G113/><T60/><D45/><U109/><E43/><V67/><F67/><W71/><G71/><N who="0" m="42407" /><D89/><U115/><E115/><V40/><F87/><W86/><G86/><T59/><D59/><U74/><E109/><V83/><F40/><W66/><G41/><T50/><D50/><U121/><E121/><V9/><F9/><W37/><G49/><T90/><D90/><U61/><E85/><V77/><F91/><W53/><G37/><T80/><D80/><U12/><E3/><V28/><F38/><W46/><G1/><T11/><D11/><U103/><E58/><V123/><F123/><W110/><G10/><T42/><D42/><U72/><E81/><V33/><F33/><W118/><G110/><T5/><AGARI ba="1,0" hai="5,8,13,88,94,99,108,111" m="42407,48202" machi="5" ten="30,2000,0" yaku="18,1,54,1" doraHai="48" who="0" fromWho="0" sc="346,23,481,-11,13,-6,160,-6" />
</Scene>
<Scene>
<INIT seed="6,0,0,1,1,69" ten="369,470,7,154" oya="2" hai0="63,112,45,102,115,88,93,130,114,23,80,75,19" hai1="101,33,78,0,24,109,58,9,133,96,68,44,82" hai2="81,65,106,105,3,51,35,66,113,52,135,90,73" hai3="131,10,42,20,2,70,74,16,49,126,116,27,56"/><V111/><F3/><W76/><G70/><T34/><D130/><U7/><E68/><V46/><F35/><W72/><G116/><T100/><D34/><U18/><E109/><V61/><F111/><W118/><G118/><T5/><D5/><U92/><E133/><V1/><F1/><W83/><G131/><T25/><D63/><U89/><E58/><V122/><F122/><W124/><G74/><T13/><D45/><U87/><E44/><V15/><F135/><W98/><G98/><N who="0" m="57639" /><D25/><U67/><E67/><N who="2" m="25611" /><F113/><W41/><G56/><T4/><D4/><U32/><E24/><V79/><F61/><W125/><G49/><T71/><D71/><U38/><E38/><V119/><F119/><W64/><G64/><T128/><D128/><U123/><E123/><V8/><F90/><W60/><G60/><T94/><D94/><U77/><E32/><V59/><F59/><W22/><G22/><T95/><D95/><U26/><E33/><V85/><F73/><W57/><G57/><T55/><D55/><U6/><E89/><V48/><F51/><W84/><G72/><T120/><D120/><U50/><E50/><V17/><F106/><W62/><G62/><T117/><D117/><U132/><E0/><V31/><F105/><W99/><G99/><T21/><D21/><U14/><E132/><V104/><F104/><W47/><G47/><T121/><D121/><U43/><E96/><V129/><F129/><W54/><G54/><T86/><D75/><U28/><E92/><V37/><F37/><W29/><G2/><T134/><D134/><U107/><E107/><RYUUKYOKU ba="0,0" sc="369,10,470,-30,7,10,154,10" hai0="13,19,23,80,86,100,102,112,114,115" hai2="8,15,17,31,46,48,52,79,81,85" hai3="10,16,20,27,29,41,42,76,83,84,124,125,126" />
</Scene>
<Scene>
<INIT seed="6,1,0,3,3,23" ten="379,440,17,164" oya="2" hai0="95,22,102,104,16,51,129,26,46,6,94,114,96" hai1="65,89,20,85,75,9,63,122,48,100,68,67,61" hai2="56,59,47,128,106,37,39,112,92,60,126,111,98" hai3="83,66,40,79,91,103,41,110,71,31,19,133,97"/><V35/><F106/><W130/><G110/><T64/><D114/><U135/><E75/><V121/><F121/><W78/><G133/><T81/><D129/><U1/><E135/><V3/><F3/><W123/><G123/><T29/><D64/><U50/><E122/><V116/><F116/><W62/><G130/><T57/><D57/><U113/><E113/><V117/><F117/><W42/><G19/><T10/><D81/><U84/><E100/><V80/><F35/><W4/><G4/><T132/><D29/><U90/><E20/><V108/><F37/><W115/><G115/><T131/><D131/><U55/><E9/><V124/><F39/><W38/><G31/><T43/><REACH who="0" step="1"/><D132/><REACH who="0" ten="369,440,17,164" step="2"/><U11/><E67/><V49/><F128/><W14/><G66/><T53/><D53/><U2/><E55/><V76/><F112/><W13/><G83/><T134/><D134/><U74/><E65/><V88/><F111/><W58/><G58/><T107/><D107/><U34/><E68/><V77/><F108/><W73/><G71/><T99/><D99/><U70/><E70/><V33/><F33/><W44/><G73/><T17/><D17/><U25/><E74/><V32/><F32/><W8/><G41/><T109/><D109/><U24/><E34/><V18/><F126/><W27/><G42/><T45/><D45/><U125/><E125/><V120/><F120/><W72/><G72/><T28/><D28/><U105/><E105/><V86/><F124/><W21/><G21/><T30/><D30/><U54/><E54/><V7/><F47/><W87/><G44/><RYUUKYOKU ba="1,1" sc="369,15,440,15,17,-15,164,-15" hai0="6,10,16,22,26,43,46,51,94,95,96,102,104" hai1="1,2,11,24,25,48,50,61,63,84,85,89,90" />
</Scene>
<Scene>
<INIT seed="7,2,1,4,5,111" ten="384,455,2,149" oya="3" hai0="41,92,46,35,133,2,83,124,89,110,25,8,7" hai1="128,49,14,79,65,27,55,76,85,0,98,108,51" hai2="135,36,93,86,15,77,120,22,91,125,30,4,38" hai3="45,54,119,113,28,81,59,57,6,107,118,122,106"/><W37/><G122/><T32/><D110/><U72/><E0/><V5/><F120/><W29/><G6/><T115/><D124/><U18/><E72/><V44/><F125/><W43/><G81/><T60/><D133/><U75/><E75/><V17/><F135/><W112/><G54/><T114/><D83/><U130/><E108/><V105/><F105/><W69/><G69/><T74/><D74/><U126/><E126/><V117/><F117/><W24/><G24/><T11/><D11/><N who="1" m="6495" /><E65/><V129/><F129/><N who="1" m="49769" /><E85/><V1/><F1/><W66/><G66/><T63/><D32/><U84/><E84/><V104/><F104/><W131/><G131/><T21/><D35/><U61/><E98/><V101/><F101/><W10/><G10/><T121/><D121/><U132/><E132/><V134/><F134/><W26/><G26/><T123/><D123/><U31/><E61/><V67/><F67/><W109/><G109/><T96/><D63/><U12/><E12/><V64/><F64/><W23/><G23/><T80/><D60/><U39/><E39/><N who="2" m="14891" /><F44/><W47/><G37/><T68/><D80/><U87/><E87/><N who="2" m="52479" /><F30/><W78/><G43/><T20/><D68/><U40/><E40/><V9/><F22/><W71/><G71/><T100/><BYE who="3" /><D100/><U62/><E62/><V16/><F4/><W95/><G95/><T103/><D103/><U48/><E55/><V56/><F56/><UN n3="%E3%80%90%E7%BD%AA%E6%AD%8C%E3%80%91" /><W73/><G73/><T33/><D33/><AGARI ba="2,1" hai="27,31,33,48,49,51,76,79" m="49769,6495" machi="33" ten="30,1000,0" yaku="19,1" doraHai="111" who="1" fromWho="0" sc="384,-16,455,26,2,0,149,0" owari="368,17.0,481,58.0,2,-50.0,149,-25.0" />
</Scene>
</mjloggm>