<mjloggm ver="2.3"><GO type="169" lobby="0"/><UN n0="%E5%A4%AA%E3%81%8F%E3%81%AA%E3%81%84%E3%81%8A" n1="%68%61%79%61%74%6F%E2%98%86" n2="%74%61%6B%75%61%6B%61" n3="%E3%80%90%E7%BD%AA%E6%AD%8C%E3%80%91" dan="18,16,18,19" rate="2292.97,2126.47,2164.76,2299.87" sx="F,M,M,F"/><TAIKYOKU oya="0"/>

<Scene>
<INIT seed="0,0,0,2,2,89" ten="250,250,250,250" oya="0" hai0="84,34,17,95,77,116,105,118,30,5,123,35,114" hai1="103,71,112,13,4,0,42,66,50,120,106,31,111" hai2="109,62,6,63,78,61,8,32,73,54,131,67,124" hai3="126,55,129,127,88,110,22,80,108,79,9,49,100"/><T57/><D105/><U82/><E120/><V96/><F109/><N who="3" m="42091" /><G100/><T107/><D107/><U29/><E0/><V41/><F32/><W86/><G129/><T132/><D123/><U122/><E122/><V2/><F54/><W60/><G60/><T130/><D114/><U3/><E3/><V56/><F124/><N who="3" m="47659" /><G22/><T76/><D130/><U59/><E103/><V69/><F69/><W18/><G18/><T15/><D17/><U68/><E68/><V125/><F131/><W25/><G25/><T52/><D34/><U65/><E71/><V93/><F41/><W58/><G9/><T101/><D101/><U19/><E19/><V33/><F33/><W72/><G72/><T70/><D70/><U90/><E106/><V20/><F20/><W39/><G39/><T23/><D35/><U119/><E112/><V36/><F36/><W92/><G79/><T24/><D77/><U91/><E111/><V83/><REACH who="2" step="1"/><F125/><REACH who="2" ten="250,250,240,250" step="2"/><W117/><G117/><T44/><D118/><U99/><E119/><V45/><F45/><W113/><G113/><T81/><D44/><U97/><E42/><V21/><F21/><W53/><G53/><T40/><D116/><U1/><E66/><V7/><F7/><W94/><AGARI ba="0,1" hai="49,55,58,80,86,88,92,94" m="47659,42091" machi="94" ten="40,8000,1" yaku="14,1,18,1,52,2,54,1" doraHai="89" who="3" fromWho="3" sc="250,-40,250,-20,240,-20,250,90" />
</Scene>
<Scene>
<INIT seed="1,0,0,4,4,0" ten="210,230,220,340" oya="1" hai0="120,32,85,96,49,101,13,79,88,123,62,12,70" hai1="24,90,18,110,103,31,39,66,119,59,84,47,93" hai2="50,7,105,127,98,36,48,106,56,69,58,16,17" hai3="20,42,61,53,100,134,133,68,87,65,28,116,19"/><U30/><E110/><V113/><F36/><W67/><G28/><T81/><D32/><U4/><E119/><V107/><F69/><W125/><G125/><T124/><D124/><U14/><E103/><V27/><F127/><W118/><G100/><T64/><D49/><U130/><E130/><V55/><F113/><W29/><G29/><T97/><D79/><U23/><E47/><V109/><F109/><W26/><G42/><T108/><D108/><U38/><E38/><V92/><F7/><W41/><G41/><T37/><D37/><U80/><E80/><V35/><F35/><W52/><G67/><T131/><D96/><U71/><E71/><V44/><F27/><W57/><G87/><T46/><D46/><U8/><REACH who="1" step="1"/><E39/><REACH who="1" ten="210,220,220,340" step="2"/><V83/><F83/><W72/><G68/><T121/><REACH who="0" step="1"/><D131/><REACH who="0" ten="200,220,220,340" step="2"/><U1/><E1/><V76/><F44/><W51/><G118/><T94/><AGARI ba="0,2" hai="12,13,62,64,70,81,85,88,94,97,101,120,121,123" machi="94" ten="30,8000,1" yaku="1,1,2,1,0,1,13,1,54,1,53,0" doraHai="0" doraHaiUra="114" who="0" fromWho="0" sc="200,100,220,-40,220,-20,340,-20" />
</Scene>
<Scene>
<INIT seed="2,0,0,2,2,26" ten="300,180,200,320" oya="2" hai0="41,79,48,32,86,125,88,83,1,103,63,130,105" hai1="78,11,7,131,12,111,8,3,58,67,27,81,43" hai2="74,108,73,114,15,31,82,99,55,33,71,80,28" hai3="113,93,61,121,53,97,115,46,77,16,4,39,10"/><V75/><F114/><W69/><G121/><T36/><D1/><U45/><E131/><V65/><F33/><W9/><G77/><T127/><D32/><U35/><E111/><V44/><F108/><W135/><G135/><T132/><D36/><U0/><E67/><V92/><F71/><W118/><G118/><T123/><D123/><U18/><E58/><V68/><F68/><W109/><G109/><T84/><D63/><U102/><E102/><V49/><F65/><W13/><G39/><T101/><D132/><U37/><E3/><V112/><F112/><N who="3" m="43083" /><G46/><N who="0" m="25679" /><D105/><U24/><REACH who="1" step="1"/><E35/><REACH who="1" ten="300,170,200,320" step="2"/><V2/><F2/><N who="3" m="151" /><G69/><T85/><D130/><U100/><E100/><V62/><F62/><W126/><G126/><T52/><D101/><U57/><E57/><V21/><F44/><W59/><G59/><T20/><D103/><U95/><E95/><V94/><F94/><W91/><G61/><T76/><D127/><U120/><E120/><V51/><F92/><W54/><AGARI ba="0,1" hai="10,13,16,53,54,91,93,97" m="151,43083" machi="54" ten="30,2000,0" yaku="11,1,54,1" doraHai="26" who="3" fromWho="3" sc="300,-5,170,-5,200,-10,320,30" />
</Scene>
<Scene>
<INIT seed="3,0,0,0,5,25" ten="295,165,190,350" oya="3" hai0="123,94,13,42,21,45,36,110,103,111,4,65,101" hai1="78,40,93,57,23,37,125,48,38,71,129,98,99" hai2="16,102,24,55,53,90,60,18,73,51,32,14,17" hai3="20,64,134,69,62,113,96,8,72,6,70,89,81"/><W39/><G113/><T118/><D118/><U15/><E71/><V52/><F73/><W61/><G134/><T7/><D123/><U117/><E117/><V1/><F1/><W92/><G39/><T29/><D65/><U124/><E78/><V83/><F102/><N who="0" m="38922" /><D94/><U22/><E57/><V88/><F60/><W122/><G122/><T10/><D21/><U80/><E15/><V63/><F63/><W74/><G20/><T121/><D121/><U44/><E93/><V100/><F100/><W131/><G131/><T2/><D2/><U82/><E48/><V58/><F14/><W126/><G126/><T114/><D114/><U50/><E50/><V95/><F83/><W104/><G104/><T49/><D36/><U132/><E44/><V128/><F128/><W67/><REACH who="3" step="1"/><G81/><REACH who="3" ten="295,165,190,340" step="2"/><T108/><D110/><U19/><E129/><V75/><F95/><W105/><G105/><T46/><D108/><U12/><E132/><V34/><F34/><W47/><G47/><T56/><D46/><U112/><E112/><V133/><F133/><W3/><AGARI ba="0,1" hai="3,6,8,61,62,64,67,69,70,72,74,89,92,96" machi="3" ten="20,12000,1" yaku="1,1,0,1,7,1,9,1,53,1" doraHai="25" doraHaiUra="5" who="3" fromWho="3" sc="295,-40,165,-40,190,-40,340,130" />
</Scene>
<Scene>
<INIT seed="3,1,0,5,4,119" ten="255,125,150,470" oya="3" hai0="75,91,11,48,109,85,74,92,13,67,29,49,69" hai1="12,45,26,90,101,71,18,35,52,105,124,107,37" hai2="104,16,46,57,121,60,42,1,38,54,2,56,51" hai3="62,131,20,34,100,79,76,113,40,127,66,120,31"/><W0/><G34/><T111/><D29/><U32/><E71/><V108/><F104/><W88/><G0/><T36/><D36/><U93/><E101/><V112/><F108/><N who="0" m="41546" /><D67/><U125/><E35/><V86/><F112/><W94/><G113/><T17/><D69/><U64/><E64/><V25/><F86/><W21/><G40/><T117/><D117/><U33/><E33/><V30/><F121/><W102/><G120/><T129/><D129/><U80/><E80/><V19/><F1/><W126/><G131/><T10/><D10/><U61/><E37/><V110/><F2/><W14/><G102/><T106/><D106/><U132/><E132/><V53/><REACH who="2" step="1"/><F110/><REACH who="2" ten="255,125,140,470" step="2"/><W122/><G122/><T9/><D75/><U97/><E107/><V77/><F77/><W22/><G79/><T50/><D74/><U39/><E105/><V23/><AGARI ba="1,1" hai="16,19,23,25,30,38,42,46,51,53,54,56,57,60" machi="23" ten="20,8000,1" yaku="1,1,0,1,7,1,54,1,53,1" doraHai="119" doraHaiUra="44" who="2" fromWho="2" sc="255,-21,125,-21,140,93,470,-41" />
</Scene>
<Scene>
<INIT seed="4,0,0,4,1,2" ten="234,104,233,429" oya="0" hai0="133,113,105,73,38,81,37,127,135,21,120,55,4" hai1="119,104,34,65,99,66,124,111,67,107,71,118,93" hai2="44,64,97,25,84,22,128,31,76,132,57,41,96" hai3="80,87,36,19,28,17,108,14,110,18,3,11,114"/><T27/><D120/><U59/><E34/><V13/><F128/><W98/><G3/><T75/><D105/><U7/><E111/><V102/><F132/><N who="0" m="50762" /><D113/><U89/><E71/><V49/><F13/><W29/><G36/><N who="0" m="13931" /><D127/><U15/><E124/><V9/><F9/><W30/><G114/><T68/><D68/><U23/><E23/><V62/><F102/><W43/><G43/><T16/><D55/><U88/><E59/><V72/><F72/><N who="0" m="27722" /><D81/><AGARI ba="0,0" hai="22,25,31,41,44,49,57,62,64,76,81,84,96,97" machi="81" ten="40,1300,0" yaku="8,1" doraHai="2" who="2" fromWho="0" sc="234,-13,104,0,233,13,429,0" />
</Scene>
<Scene>
<INIT seed="5,0,0,5,3,14" ten="221,104,246,429" oya="1" hai0="36,112,25,50,12,52,59,97,93,124,94,40,49" hai1="129,125,126,67,88,98,30,16,47,39,128,13,99" hai2="114,76,69,113,35,127,121,79,117,22,105,116,107" hai3="33,1,20,7,70,101,71,18,31,3,130,103,82"/><U37/><E30/><V120/><F22/><W106/><G130/><N who="1" m="50282" /><E67/><V72/><F69/><W90/><G7/><T131/><D131/><U80/><E47/><V118/><F35/><W77/><G90/><T134/><D112/><N who="2" m="43114" /><F127/><N who="1" m="48649" /><E80/><N who="2" m="45063" /><F79/><W26/><G31/><T95/><D124/><U58/><E58/><V23/><F23/><W53/><G20/><T54/><D36/><N who="1" m="13899" /><E88/><V29/><F29/><W132/><G33/><T123/><D59/><U65/><E65/><V38/><F38/><W6/><G71/><T46/><D46/><U24/><E24/><V102/><F102/><W135/><G26/><T108/><D25/><U21/><AGARI ba="0,0" hai="13,16,21,98,99" m="13899,48649,50282" machi="21" ten="40,12000,1" yaku="19,1,18,1,52,1,54,1" doraHai="14" who="1" fromWho="1" sc="221,-40,104,120,246,-40,429,-40" />
</Scene>
<Scene>
<INIT seed="5,1,0,5,2,29" ten="181,224,206,389" oya="1" hai0="90,64,70,57,54,17,125,114,61,121,78,75,79" hai1="66,13,58,96,36,115,43,101,103,16,89,85,111" hai2="52,73,42,5,112,82,110,100,3,53,4,33,21" hai3="39,0,94,11,10,56,51,28,124,71,22,25,129"/><U131/><E111/><V132/><F110/><W92/><G71/><T12/><D114/><U128/><E115/><V76/><F132/><W113/><G39/><T127/><D121/><U18/><E43/><V135/><F135/><W74/><G74/><T19/><D90/><U30/><E30/><V118/><F118/><W86/><G113/><T72/><D79/><U133/><E18/><V59/><F33/><W116/><G0/><T50/><D17/><U83/><E36/><V87/><F73/><W35/><G35/><T134/><D134/><U67/><E58/><V95/><F3/><W37/><G124/><N who="0" m="47691" /><D78/><U45/><E45/><V68/><F68/><W24/><G37/><T65/><D65/><N who="1" m="24587" /><E96/><N who="2" m="59423" /><F42/><W123/><G123/><T91/><D91/><U84/><E85/><V23/><F112/><W27/><G86/><T47/><D70/><U93/><E83/><V109/><F109/><W15/><G28/><T41/><D41/><U107/><E107/><V99/><F99/><W102/><G102/><T81/><D81/><U62/><E62/><N who="2" m="36199" /><F53/><W2/><G94/><T60/><D60/><U126/><E126/><V14/><F4/><W9/><G92/><T117/><D117/><U108/><E108/><V7/><F7/><W20/><G116/><T122/><D122/><U6/><E6/><V105/><F105/><W26/><G56/><T38/><D38/><U31/><E133/><V48/><F48/><W104/><G104/><T69/><D69/><U34/><E103/><V55/><F55/><W106/><G106/><T32/><D32/><U44/><E101/><V1/><F1/><RYUUKYOKU ba="1,0" sc="181,15,224,-15,206,15,389,-15" hai0="12,19,47,50,54,57,61,64,72,75" hai2="5,14,21,23,76,82,87" />
</Scene>
<Scene>
<INIT seed="6,2,0,0,4,73" ten="196,209,221,374" oya="2" hai0="46,124,9,76,122,81,55,86,133,101,83,131,65" hai1="130,41,47,38,97,16,74,26,88,32,1,59,127" hai2="45,19,3,94,134,0,67,106,27,33,103,56,123" hai3="117,30,69,115,36,77,111,43,135,113,126,78,58"/><V18/><F106/><W95/><G69/><T93/><D122/><U100/><E1/><V35/><F45/><N who="3" m="23783" /><G111/><T92/><D124/><U98/><E74/><V118/><F134/><W63/><G117/><T108/><D108/><U104/><E127/><V90/><F103/><W12/><G30/><T37/><D65/><U99/><E59/><V82/><F56/><W25/><G25/><T84/><D133/><U71/><E71/><V120/><F82/><W132/><G126/><T109/><D109/><U50/><E38/><V91/><F94/><W75/><G75/><T107/><D131/><U121/><E130/><V66/><REACH who="2" step="1"/><F27/><REACH who="2" ten="196,209,211,374" step="2"/><W42/><G135/><T23/><D107/><U29/><E121/><V7/><F7/><W68/><G95/><T60/><D101/><U51/><E100/><V21/><F21/><W102/><G102/><T31/><D93/><U62/><E104/><V129/><F129/><W5/><G132/><T114/><D92/><U70/><E70/><V15/><F15/><W72/><G12/><T22/><D22/><U128/><E128/><V116/><AGARI ba="2,1" hai="0,3,18,19,33,35,66,67,90,91,116,118,120,123" machi="116" ten="25,9600,0" yaku="1,1,0,1,22,2,53,0" doraHai="73" doraHaiUra="39" who="2" fromWho="2" sc="196,-34,209,-34,211,112,374,-34" />
</Scene>
<Scene>
<INIT seed="6,3,0,0,2,105" ten="162,175,323,340" oya="2" hai0="88,57,120,39,51,84,123,28,45,104,44,89,128" hai1="102,13,8,33,41,7,107,12,86,5,24,69,61" hai2="20,43,35,42,111,17,101,78,4,16,85,122,15" hai3="134,21,114,91,31,58,92,23,36,98,131,133,90"/><V63/><F122/><W99/><G36/><T117/><D104/><U132/><E41/><V118/><F35/><W40/><G40/><T59/><D39/><U3/><E132/><N who="3" m="50794" /><G131/><T2/><D2/><U110/><E86/><V37/><F4/><W32/><G114/><T50/><D84/><U27/><E27/><V65/><F118/><W95/><G58/><T80/><D80/><U53/><E53/><V62/><F37/><W113/><G113/><T76/><D76/><U52/><E5/><V56/><F111/><W71/><G71/><T93/><D93/><U34/><E34/><V124/><F101/><W97/><G97/><T108/><D28/><U26/><E26/><AGARI ba="3,0" hai="21,23,26,31,32,90,91,92,95,98,99" m="50794" machi="26" ten="30,1000,0" yaku="20,1" doraHai="105" who="3" fromWho="1" sc="162,0,175,-19,323,0,340,19" />
</Scene>
<Scene>
<INIT seed="7,0,0,1,1,129" ten="162,156,323,359" oya="3" hai0="43,18,114,65,130,119,30,67,72,135,24,63,47" hai1="19,37,27,3,88,89,102,134,75,99,110,45,32" hai2="22,111,90,36,46,126,106,55,50,96,16,133,48" hai3="35,0,51,40,101,42,77,2,66,4,71,85,23"/><W79/><G35/><T100/><D119/><U5/><E75/><V93/><F111/><W11/><G2/><T20/><D72/><U125/><E110/><V76/><F133/><W121/><G121/><T26/><D135/><U112/><E134/><V54/><F126/><W61/><G101/><T84/><D130/><U86/><E125/><V64/><F106/><W59/><G23/><N who="0" m="15711" /><D114/><U13/><E112/><V12/><F36/><W44/><G42/><T105/><D105/><U123/><E123/><V52/><F76/><W124/><G124/><T97/><D63/><U31/><E45/><N who="2" m="27663" /><F64/><N who="0" m="24650" /><D84/><U73/><E73/><V9/><F55/><N who="3" m="32255" /><G85/><T108/><D108/><U38/><E38/><AGARI ba="0,0" hai="0,4,11,38,40,44,61,66,71,77,79" m="32255" machi="38" ten="30,1500,0" yaku="24,1" doraHai="129" who="3" fromWho="1" sc="162,0,156,-15,323,0,359,15" owari="162,-24.0,141,-36.0,323,12.0,374,48.0" />
</Scene>
</mjloggm>