<mjloggm ver="2.3"><GO type="169" lobby="0"/><UN n0="%E3%82%AF%E3%83%AC" n1="%E5%A4%AA%E3%81%8F%E3%81%AA%E3%81%84%E3%81%8A" n2="%E3%83%AA%E3%83%81%E3%83%A3%21%21" n3="%E3%83%AD%E3%83%83%E3%83%86%E9%9B%80%E7%90%83" dan="16,18,18,17" rate="2071.78,2290.91,2198.51,2147.55" sx="M,F,M,M"/><TAIKYOKU oya="0"/>

<Scene>
<INIT seed="0,0,0,1,3,46" ten="250,250,250,250" oya="0" hai0="104,88,2,51,80,8,23,18,91,102,39,24,89" hai1="115,113,9,16,26,117,93,120,128,28,30,110,55" hai2="129,73,43,75,62,92,63,85,70,105,86,14,20" hai3="78,31,48,1,19,53,32,122,109,21,103,130,13"/><T5/><D39/><U81/><E117/><V57/><F105/><W76/><G109/><T98/><REACH who="0" step="1"/><D51/><REACH who="0" ten="240,250,250,250" step="2"/><U6/><E110/><V135/><F135/><W36/><G48/><T66/><D66/><U101/><E115/><V59/><F129/><W44/><G36/><T116/><D116/><U97/><E113/><V90/><F62/><W134/><G134/><T72/><D72/><U112/><E112/><V45/><F73/><W71/><G130/><T35/><D35/><U42/><E128/><V64/><F75/><W99/><G32/><T77/><D77/><U12/><E120/><V41/><F64/><W95/><G78/><T33/><D33/><U84/><E42/><V118/><F41/><W124/><G76/><T96/><D96/><U67/><E67/><V123/><F63/><W65/><G65/><T82/><AGARI ba="0,1" hai="2,5,8,18,23,24,80,82,88,89,91,98,102,104" machi="82" ten="30,11700,0" yaku="1,1,0,1,54,1,53,1" doraHai="46" doraHaiUra="0" who="0" fromWho="0" sc="240,127,250,-39,250,-39,250,-39" />
</Scene>
<Scene>
<INIT seed="0,1,0,3,1,130" ten="367,211,211,211" oya="0" hai0="80,48,119,54,49,45,18,94,13,33,133,135,117" hai1="107,7,10,77,65,111,25,20,60,44,95,90,37" hai2="28,3,131,71,102,69,51,23,75,79,24,128,126" hai3="38,27,129,66,41,73,59,122,100,81,36,124,6"/><T32/><D94/><U78/><E107/><V63/><F3/><W34/><G100/><T87/><D49/><U39/><E111/><V110/><F110/><W22/><G34/><T112/><D112/><U40/><E39/><V35/><F126/><W19/><G129/><N who="2" m="49737" /><F102/><W31/><G6/><T108/><D108/><U11/><E11/><V123/><F123/><W0/><G0/><T93/><D93/><U114/><E114/><V56/><F51/><W106/><G106/><T2/><D2/><U5/><E5/><V61/><F61/><W113/><G124/><T29/><D117/><U55/><E55/><N who="2" m="34207" /><F23/><W26/><G22/><T105/><D105/><U99/><E10/><V88/><F88/><W120/><G38/><T4/><D4/><U64/><E7/><V74/><F79/><W82/><G36/><T104/><D104/><U125/><E125/><V46/><F46/><W85/><G113/><T109/><D119/><U83/><E83/><V50/><F50/><W132/><G82/><T62/><D62/><U98/><E98/><V101/><F101/><W52/><G81/><T1/><D1/><U16/><REACH who="1" step="1"/><E64/><REACH who="1" ten="367,201,211,211" step="2"/><V72/><AGARI ba="1,1" hai="24,28,35,69,71,72,74,75" m="34207,49737" machi="72" ten="40,1500,0" yaku="19,1" doraHai="130" who="2" fromWho="2" sc="367,-8,201,-5,211,28,211,-5" />
</Scene>
<Scene>
<INIT seed="1,0,0,4,4,105" ten="359,196,239,206" oya="1" hai0="116,4,62,58,51,27,131,37,114,101,79,133,129" hai1="87,0,9,30,7,109,72,12,63,28,13,47,73" hai2="39,97,26,80,54,15,107,44,78,125,14,29,85" hai3="22,82,10,76,67,103,8,21,49,132,48,98,115"/><U11/><E109/><V88/><F125/><W33/><G33/><T16/><D114/><U111/><E111/><V83/><F107/><W96/><G132/><T134/><D116/><U56/><E47/><V34/><F97/><W24/><G67/><T1/><D37/><U53/><E87/><V102/><F102/><W120/><G120/><T81/><D101/><U64/><E64/><V70/><F70/><W113/><G103/><T46/><D4/><U20/><E0/><V122/><F122/><W69/><G82/><T38/><D38/><U50/><E63/><V127/><F127/><W89/><G89/><T18/><D1/><U74/><REACH who="1" step="1"/><E20/><REACH who="1" ten="359,186,239,206" step="2"/><V60/><F60/><W57/><G22/><N who="0" m="13767" /><D46/><U128/><E128/><V121/><F121/><W6/><G21/><T77/><D62/><U130/><E130/><V112/><F112/><W32/><G115/><T3/><D3/><U90/><E90/><V95/><F83/><W75/><G113/><T91/><D81/><U19/><AGARI ba="0,1" hai="7,9,11,12,13,19,28,30,50,53,56,72,73,74" machi="19" ten="30,24000,3" yaku="1,1,0,1,52,3,53,3" doraHai="105" doraHaiUra="104" who="1" fromWho="1" sc="359,-80,186,250,239,-80,206,-80" />
</Scene>
<Scene>
<INIT seed="1,1,0,2,4,35" ten="279,436,159,126" oya="1" hai0="69,24,66,41,73,108,47,86,120,119,74,123,61" hai1="91,21,128,75,113,25,118,9,88,56,125,46,100" hai2="82,134,3,19,71,114,97,2,20,84,102,78,83" hai3="50,103,32,6,7,122,55,121,29,135,0,106,95"/><U17/><E113/><V23/><F134/><W48/><G106/><T43/><D119/><U10/><E118/><V132/><F132/><W60/><G60/><T37/><D108/><U63/><E75/><V54/><F114/><W52/><G135/><T59/><D41/><U30/><E128/><V90/><F71/><W124/><G124/><T77/><D59/><U126/><E100/><V49/><F23/><W64/><G64/><T22/><D86/><U117/><E117/><V98/><F98/><W70/><G32/><T76/><D74/><U107/><E107/><V87/><F20/><W130/><G29/><N who="0" m="17559" /><D73/><U1/><E46/><V110/><F19/><W34/><G34/><T89/><D89/><U8/><E30/><V45/><REACH who="2" step="1"/><F110/><REACH who="2" ten="279,436,149,126" step="2"/><W80/><G70/><T11/><D69/><U93/><E125/><V57/><F57/><W16/><G16/><T26/><D123/><U18/><E126/><V51/><F51/><W53/><G50/><T44/><D120/><U81/><E18/><V104/><AGARI ba="1,1" hai="2,3,45,49,54,78,82,83,84,87,90,97,102,104" machi="104" ten="20,8000,1" yaku="1,1,0,1,7,1,52,2,53,0" doraHai="35" doraHaiUra="28" who="2" fromWho="2" sc="279,-21,436,-41,149,93,126,-21" />
</Scene>
<Scene>
<INIT seed="2,0,0,4,4,133" ten="258,395,242,105" oya="2" hai0="6,19,50,78,16,84,86,61,63,53,43,47,27" hai1="31,57,89,112,11,36,91,54,75,49,76,29,22" hai2="20,71,5,93,88,12,134,24,8,14,82,72,9" hai3="26,35,18,73,60,34,108,115,121,68,87,56,109"/><V44/><F134/><W58/><G73/><T48/><D6/><U124/><E112/><V107/><F107/><W32/><G121/><T62/><D27/><U94/><E36/><V113/><F113/><W123/><G123/><T128/><D128/><U117/><E117/><V77/><F71/><W105/><G105/><T2/><D2/><U114/><E114/><V130/><F130/><W131/><G115/><T0/><D0/><U96/><E11/><V101/><F101/><W66/><G131/><T125/><D125/><U102/><E124/><V30/><F44/><W15/><G26/><T74/><D74/><U100/><E75/><V126/><F126/><W116/><G87/><N who="0" m="33323" /><D78/><U135/><E76/><V3/><REACH who="2" step="1"/><F9/><REACH who="2" ten="258,395,232,105" step="2"/><W65/><G116/><T119/><D119/><U42/><E135/><V69/><F69/><W46/><G46/><AGARI ba="0,1" hai="16,19,43,46,47,48,50,53,61,62,63" m="33323" machi="46" ten="30,2000,0" yaku="8,1,54,1" doraHai="133" who="0" fromWho="3" sc="258,30,395,0,232,0,105,-20" />
</Scene>
<Scene>
<INIT seed="3,0,0,1,3,42" ten="288,395,232,85" oya="3" hai0="43,99,80,61,12,111,33,65,49,46,54,135,86" hai1="56,118,32,66,95,7,5,76,102,75,9,81,23" hai2="84,28,112,37,26,25,57,20,133,44,126,19,74" hai3="106,11,14,92,53,15,22,88,10,98,91,47,48"/><W24/><G106/><T109/><D33/><U104/><E32/><V101/><F74/><W127/><G127/><T2/><D2/><U45/><E118/><V73/><F73/><W51/><G91/><T27/><D135/><U63/><E104/><V6/><F112/><W93/><G93/><T62/><D27/><U13/><E23/><V94/><F133/><W60/><G60/><T70/><D99/><U59/><E102/><V72/><F72/><W50/><G14/><T1/><D1/><U116/><E95/><V3/><F57/><W129/><G129/><T108/><D12/><U122/><E122/><V68/><F68/><W29/><REACH who="3" step="1"/><G10/><REACH who="3" ten="288,395,232,75" step="2"/><T123/><D123/><U4/><E63/><V100/><F94/><W21/><G21/><T79/><D62/><U0/><E13/><V87/><F20/><W52/><G52/><AGARI ba="0,1" hai="43,46,49,52,54,61,65,70,79,80,86,108,109,111" machi="52" ten="40,5200,0" yaku="14,1,52,1,54,1" doraHai="42" who="0" fromWho="3" sc="288,62,395,0,232,0,75,-52" />
</Scene>
<Scene>
<INIT seed="4,0,0,0,0,30" ten="350,395,232,23" oya="0" hai0="83,37,67,110,84,54,63,26,80,76,127,35,27" hai1="69,116,17,102,117,60,36,41,53,118,68,32,65" hai2="3,73,125,130,72,122,16,56,47,75,64,129,4" hai3="46,97,132,9,94,44,21,88,111,7,29,105,20"/><T10/><D37/><U124/><E17/><V38/><F122/><W113/><G111/><T126/><D110/><U123/><E102/><V55/><F125/><W78/><G132/><T0/><D54/><U99/><E99/><V34/><F64/><W49/><G113/><T91/><D0/><U57/><E124/><N who="0" m="47657" /><D10/><U93/><E93/><V52/><F4/><W22/><G105/><T103/><D103/><U107/><E107/><V86/><F3/><W85/><G29/><N who="0" m="19895" /><D27/><U115/><E32/><V131/><F34/><W101/><G78/><T18/><D18/><U48/><E123/><V23/><F86/><W13/><REACH who="3" step="1"/><G49/><REACH who="3" ten="350,395,232,13" step="2"/><T61/><D67/><U133/><E133/><V114/><F114/><W58/><G58/><T92/><D80/><U24/><E115/><V1/><F56/><W77/><G77/><T112/><D112/><U39/><E39/><V8/><F38/><W108/><G108/><T14/><D76/><U104/><E104/><V15/><F47/><W98/><G98/><T109/><D109/><U45/><E24/><V135/><F135/><W70/><G70/><AGARI ba="0,1" hai="36,41,45,48,53,57,60,65,68,69,70,116,117,118" machi="70" ten="40,8000,1" yaku="24,2,34,3" doraHai="30" who="1" fromWho="3" sc="350,0,395,90,232,0,13,-80" owari="350,15.0,485,59.0,232,-17.0,-67,-57.0" />
</Scene>
</mjloggm>