<mjloggm ver="2.3"><GO type="169" lobby="0"/><UN n0="%28%C2%B4%E2%80%95%CF%89%E2%80%95%60%29" n1="%E5%A4%AA%E3%81%8F%E3%81%AA%E3%81%84%E3%81%8A" n2="%E7%A8%B2%E4%BD%9C%E3%83%B4%E3%82%A9%E3%83%AB%E3%82%B1%E3%82%A4%E3%83%8E" n3="%43%52%41%5A%59%42%45%45" dan="16,18,19,17" rate="2080.57,2290.75,2275.88,2158.86" sx="M,F,M,M"/><TAIKYOKU oya="0"/>

<Scene>
<INIT seed="0,0,0,3,4,85" ten="250,250,250,250" oya="0" hai0="27,36,110,42,90,121,117,58,52,30,133,100,128" hai1="77,25,26,5,8,22,57,116,3,84,69,18,113" hai2="49,101,20,62,67,71,79,9,50,35,28,51,46" hai3="60,24,63,61,55,14,43,83,119,109,48,120,73"/><T95/><D117/><U124/><E69/><V11/><F79/><W81/><G119/><T92/><D121/><U66/><E116/><V98/><F20/><W0/><G0/><T72/><D72/><U1/><E124/><V111/><F111/><W118/><G118/><T114/><D114/><U54/><E66/><V91/><F46/><W13/><G109/><T31/><D110/><U104/><E104/><N who="2" m="63543" /><F91/><W40/><G120/><T102/><D133/><U80/><E113/><V21/><F21/><W41/><G24/><AGARI ba="0,0" hai="9,11,24,28,35,49,50,51,62,67,71" m="63543" machi="24" ten="30,1000,0" yaku="25,1" doraHai="85" who="2" fromWho="3" sc="250,0,250,0,250,10,250,-10" />
</Scene>
<Scene>
<INIT seed="1,0,0,3,0,48" ten="250,250,260,240" oya="1" hai0="5,74,16,8,65,14,99,123,18,23,19,115,82" hai1="110,37,86,70,119,31,114,104,61,129,100,26,64" hai2="131,80,78,59,113,98,50,41,77,76,55,46,7" hai3="89,21,57,17,45,87,68,43,35,34,73,111,106"/><U79/><E114/><V122/><F131/><W12/><G68/><T51/><D115/><U116/><E37/><V60/><F113/><W95/><G106/><T22/><D123/><U62/><E129/><V118/><F122/><W83/><G111/><T102/><D65/><U134/><E134/><V36/><F118/><W108/><G108/><T96/><D51/><U30/><E110/><V15/><F98/><W121/><G121/><T66/><D66/><U72/><E86/><N who="2" m="48407" /><F36/><W126/><G126/><T11/><D11/><AGARI ba="0,0" hai="7,11,15,41,46,50,55,59,60,76,77" m="48407" machi="11" ten="30,3900,0" yaku="25,1,8,1,52,1" doraHai="48" who="2" fromWho="0" sc="250,-39,250,0,260,39,240,0" />
</Scene>
<Scene>
<INIT seed="2,0,0,0,4,110" ten="211,250,299,240" oya="2" hai0="103,133,75,62,38,94,87,63,4,17,68,48,99" hai1="11,46,130,42,61,79,50,66,45,127,100,26,14" hai2="80,114,23,76,12,124,106,28,1,31,121,118,36" hai3="49,9,89,25,29,30,18,52,41,82,70,86,69"/><V19/><F118/><W35/><G41/><T132/><D75/><U43/><E130/><V32/><F121/><W131/><G29/><T115/><D38/><U101/><E127/><V55/><F106/><W5/><G131/><T44/><D4/><U117/><E26/><V51/><F36/><W20/><G35/><T96/><D87/><U22/><E22/><V97/><F1/><W13/><REACH who="3" step="1"/><G5/><REACH who="3" ten="211,250,299,230" step="2"/><T128/><D128/><U33/><E33/><V56/><F32/><W3/><G3/><T72/><D133/><U123/><E117/><V73/><F124/><W78/><G78/><T15/><D132/><U108/><E79/><V95/><REACH who="2" step="1"/><F114/><REACH who="2" ten="211,250,289,230" step="2"/><W10/><G10/><T57/><D115/><U59/><E123/><V53/><F53/><W116/><G116/><T2/><D2/><U122/><E122/><V98/><F98/><W134/><G134/><T111/><D99/><U21/><E108/><V6/><F6/><W81/><G81/><T34/><D96/><U88/><E11/><V84/><F84/><W85/><G85/><T112/><D112/><U126/><E126/><V107/><F107/><W91/><G91/><AGARI ba="0,2" hai="12,19,23,28,31,51,55,56,73,76,80,91,95,97" machi="91" ten="30,5800,0" yaku="1,1,7,1,53,1" doraHai="110" doraHaiUra="92" who="2" fromWho="3" sc="211,0,250,0,289,78,230,-58" />
</Scene>
<Scene>
<INIT seed="2,1,0,3,3,84" ten="211,250,367,172" oya="2" hai0="125,124,106,65,49,51,24,6,118,21,79,76,63" hai1="77,25,87,80,31,69,89,100,99,133,123,92,7" hai2="40,30,5,81,50,66,43,72,32,0,46,111,134" hai3="135,102,130,58,110,56,47,78,126,48,96,91,93"/><V1/><F66/><W127/><G110/><T68/><D106/><U117/><E117/><V70/><F70/><W71/><G71/><T82/><D118/><U16/><E69/><V19/><F111/><W26/><G78/><T75/><D76/><U90/><E133/><V105/><F105/><W53/><G135/><T108/><D6/><U107/><E123/><V67/><F67/><W20/><G130/><T61/><D108/><U114/><E114/><V88/><F72/><W2/><G2/><T97/><D63/><U38/><E38/><V41/><F134/><W45/><G102/><T17/><REACH who="0" step="1"/><D97/><REACH who="0" ten="201,250,367,172" step="2"/><U10/><E107/><V54/><F5/><W22/><G126/><AGARI ba="1,1" hai="17,21,24,49,51,61,65,68,75,79,82,124,125,126" machi="126" ten="40,5200,0" yaku="1,1,2,1,18,1,53,0" doraHai="84" doraHaiUra="36" who="0" fromWho="3" sc="201,65,250,0,367,0,172,-55" />
</Scene>
<Scene>
<INIT seed="3,0,0,0,1,3" ten="266,250,367,117" oya="3" hai0="95,112,1,53,10,96,122,78,39,70,41,29,131" hai1="47,134,37,38,126,71,66,7,54,93,107,25,79" hai2="30,83,51,101,64,113,44,26,87,120,121,21,27" hai3="82,110,76,128,130,0,100,68,105,69,98,127,67"/><W135/><G135/><T89/><D122/><N who="2" m="47210" /><F113/><W97/><G127/><T57/><D112/><U14/><E107/><V16/><F64/><W4/><G98/><T111/><D111/><U6/><E25/><N who="2" m="14503" /><F101/><W17/><G17/><T55/><D131/><N who="3" m="50217" /><G67/><T52/><D70/><U88/><E79/><N who="2" m="46591" /><F30/><W63/><G63/><T34/><D78/><U40/><E126/><V24/><F24/><W48/><G48/><T91/><D29/><U56/><E134/><V35/><F35/><W109/><G69/><T72/><D34/><U60/><E38/><V33/><F33/><W94/><G68/><T18/><D72/><U116/><E116/><V58/><F58/><W36/><G36/><T8/><D57/><U11/><E71/><V117/><F117/><W104/><G104/><T80/><D39/><U46/><E66/><V22/><F22/><W31/><G31/><T124/><D124/><U9/><E37/><V118/><F118/><W132/><G132/><T65/><D65/><U106/><E106/><V49/><F49/><W23/><G23/><T90/><D90/><U133/><E133/><V92/><F26/><W32/><G32/><T19/><D91/><U62/><E62/><V114/><F114/><W74/><G105/><T81/><D89/><U75/><E75/><V61/><F61/><W119/><G119/><T42/><D96/><N who="1" m="57383" /><E40/><N who="2" m="24967" /><F27/><W28/><G28/><T103/><D42/><U77/><E77/><V5/><F92/><W84/><G74/><T102/><D41/><U108/><E108/><V50/><F50/><W129/><N who="3" m="50225" /><W13/><DORA hai="15" /><G0/><T123/><D1/><RYUUKYOKU ba="0,0" sc="266,-30,250,10,367,10,117,10" hai1="6,7,9,11,14,46,47,54,56,60" hai2="5" hai3="4,13,76,82,84,94,97,100,109,110" />
</Scene>
<Scene>
<INIT seed="3,1,0,2,2,82" ten="236,260,377,127" oya="3" hai0="8,15,117,42,103,81,119,130,109,95,61,31,45" hai1="0,111,34,99,129,16,91,107,134,9,98,94,116" hai2="105,76,120,20,40,108,69,36,57,1,110,101,49" hai3="118,63,77,127,56,12,68,79,115,73,2,114,104"/><W112/><G118/><T24/><D109/><U18/><E34/><V86/><F1/><W25/><G2/><T65/><D130/><U4/><E111/><V87/><F69/><W50/><G104/><T92/><D81/><U106/><E129/><V124/><F76/><W32/><G68/><T51/><D95/><U135/><E116/><V28/><F36/><W84/><G73/><T53/><D42/><U100/><REACH who="1" step="1"/><E107/><REACH who="1" ten="236,250,377,127" step="2"/><V43/><F105/><W38/><G32/><T41/><D117/><U74/><E74/><V33/><F33/><W17/><G114/><T125/><D119/><U80/><E80/><V7/><F110/><W11/><G112/><T54/><D92/><U123/><E123/><V35/><F120/><W113/><G113/><T30/><D125/><U88/><E88/><V52/><F35/><W66/><G127/><T58/><D103/><U22/><E22/><V67/><F101/><W102/><G115/><T62/><D24/><U131/><E131/><V26/><F108/><W10/><G102/><T6/><REACH who="0" step="1"/><D41/><REACH who="0" ten="226,250,377,127" step="2"/><U59/><E59/><AGARI ba="1,2" hai="6,8,15,30,31,45,51,53,54,58,59,61,62,65" machi="59" ten="30,7700,0" yaku="1,1,2,1,7,1,8,1,53,0" doraHai="82" doraHaiUra="64" who="0" fromWho="1" sc="226,100,250,-80,377,0,127,0" />
</Scene>
<Scene>
<INIT seed="4,0,0,4,1,90" ten="326,170,377,127" oya="0" hai0="91,106,17,65,74,81,1,121,89,60,59,7,50" hai1="27,88,5,31,55,64,85,71,67,117,10,43,132" hai2="32,114,4,49,48,57,34,131,115,25,95,21,42" hai3="41,30,87,83,110,125,122,98,118,108,129,44,80"/><T37/><D37/><U134/><E43/><V14/><F131/><W8/><G118/><T127/><D106/><U126/><E117/><V113/><F95/><W11/><G129/><T62/><D121/><U102/><E102/><V47/><F4/><W78/><G122/><T75/><D127/><U39/><E39/><N who="2" m="21983" /><F14/><W68/><G68/><T35/><D35/><N who="2" m="13354" /><F57/><W76/><G125/><T63/><D1/><N who="1" m="303" /><E55/><V3/><F3/><W28/><G41/><T128/><D7/><U135/><E71/><V58/><F58/><W123/><G123/><T86/><D128/><U84/><E126/><V13/><F13/><W100/><G44/><T33/><D33/><N who="1" m="20735" /><E85/><V82/><F82/><AGARI ba="0,0" hai="64,67,82,84,88,132,134,135" m="20735,303" machi="82" ten="30,2000,0" yaku="20,1,54,1" doraHai="90" who="1" fromWho="2" sc="326,0,170,20,377,-20,127,0" />
</Scene>
<Scene>
<INIT seed="5,0,0,5,2,88" ten="326,190,357,127" oya="1" hai0="134,90,46,67,98,70,10,73,63,108,48,125,38" hai1="120,50,36,72,96,76,130,126,44,103,59,115,58" hai2="87,2,43,55,22,53,45,37,109,119,80,26,16" hai3="13,81,25,19,106,6,117,64,85,113,93,132,40"/><U110/><E120/><V107/><F109/><W49/><G106/><T52/><D73/><U54/><E110/><V61/><F119/><W28/><G117/><T68/><D108/><U78/><E115/><V95/><F107/><W31/><G113/><T100/><D134/><U12/><E130/><V7/><F61/><W123/><G123/><T0/><D125/><U9/><E126/><V35/><F35/><W57/><G6/><T27/><D27/><U3/><E3/><V42/><F42/><W101/><G132/><T34/><D34/><U69/><E69/><V33/><F33/><W62/><G25/><T74/><D74/><U15/><E15/><V60/><F60/><W51/><G51/><T118/><D118/><U94/><E72/><V84/><F7/><W91/><G49/><T17/><D90/><U102/><E102/><V71/><F71/><W86/><G40/><T122/><D122/><U97/><E97/><V56/><F2/><W39/><G39/><T121/><D121/><U75/><E36/><V127/><F56/><N who="1" m="21545" /><E75/><V79/><F127/><W111/><G111/><T21/><D38/><U77/><E77/><V47/><F47/><W18/><G101/><T135/><D70/><U1/><E1/><V24/><F26/><W65/><G65/><T82/><D135/><U129/><E129/><V14/><F24/><W8/><REACH who="3" step="1"/><G19/><AGARI ba="0,0" hai="9,12,19,44,50,54,76,78,94,96,103" m="21545" machi="19" ten="30,2900,0" yaku="8,1,52,1" doraHai="88" who="1" fromWho="3" sc="326,0,190,29,357,0,127,-29" />
</Scene>
<Scene>
<INIT seed="5,1,0,3,3,25" ten="326,219,357,98" oya="1" hai0="113,131,37,14,72,108,82,0,89,12,75,73,48" hai1="91,110,41,102,134,129,40,38,62,126,20,95,59" hai2="119,29,52,111,103,92,101,43,19,3,53,5,49" hai3="109,123,21,9,10,31,15,94,87,96,117,35,76"/><U112/><E112/><V130/><F111/><W132/><G109/><T67/><D37/><U61/><E110/><V13/><F119/><W78/><G123/><T44/><D0/><U45/><E126/><V70/><F70/><W50/><G35/><T8/><D108/><U11/><E129/><V135/><F130/><W46/><G117/><T7/><D131/><U57/><E134/><V32/><F3/><W64/><G64/><T80/><D113/><U99/><E41/><V77/><F77/><W88/><G132/><T90/><D67/><U47/><E47/><V116/><F5/><W22/><G22/><T121/><D121/><U98/><E11/><V124/><F124/><W28/><G10/><T33/><D33/><U58/><REACH who="1" step="1"/><E20/><REACH who="1" ten="326,209,357,98" step="2"/><V71/><F43/><N who="3" m="24927" /><G21/><T66/><D44/><U42/><E42/><V27/><F135/><W114/><G114/><T1/><D8/><U125/><E125/><V122/><F116/><W127/><G127/><T81/><D73/><U17/><E17/><V63/><F19/><N who="3" m="8687" /><G78/><T55/><D75/><U120/><E120/><V104/><F122/><W56/><G56/><T85/><D72/><U128/><E128/><V86/><F32/><W30/><G76/><T107/><D7/><U133/><E133/><V65/><F71/><W36/><G36/><T68/><D68/><U69/><E69/><V2/><F2/><W93/><G31/><T39/><D1/><U24/><E24/><V6/><F27/><W60/><G60/><T34/><D34/><U105/><AGARI ba="1,1" hai="38,40,45,57,58,59,61,62,91,95,98,99,102,105" machi="105" ten="30,3000,0" yaku="1,1,0,1,53,0" doraHai="25" doraHaiUra="74" who="1" fromWho="1" sc="326,-11,209,43,357,-11,98,-11" />
</Scene>
<Scene>
<INIT seed="5,2,0,1,3,90" ten="315,252,346,87" oya="1" hai0="49,71,15,11,135,66,10,28,53,82,54,99,105" hai1="21,14,13,67,58,85,3,45,92,122,18,8,97" hai2="4,2,81,113,24,77,109,94,102,117,35,93,120" hai3="89,110,31,75,118,17,76,30,133,91,62,46,87"/><U38/><E122/><V130/><F109/><W65/><G110/><T26/><D135/><U64/><E3/><V60/><F120/><W69/><G133/><T63/><D82/><U55/><E85/><V134/><F117/><W108/><G108/><T22/><D10/><U119/><E119/><V50/><F102/><W6/><G118/><T44/><D105/><U9/><E45/><V103/><F103/><W123/><G123/><T1/><D1/><U100/><E38/><V61/><F4/><W78/><G6/><T40/><REACH who="0" step="1"/><D99/><REACH who="0" ten="305,252,346,87" step="2"/><U74/><E74/><V19/><F81/><W104/><G104/><T101/><D101/><U42/><E42/><V132/><F2/><W25/><G75/><T56/><D56/><U121/><E121/><V59/><F59/><W39/><G78/><T129/><D129/><U127/><E127/><V52/><F77/><W29/><G76/><T41/><D41/><U33/><E33/><V116/><F35/><W111/><G111/><T124/><D124/><U47/><E47/><V84/><F130/><W79/><G46/><T114/><D114/><U98/><E98/><V126/><F113/><W125/><G125/><T7/><AGARI ba="2,1" hai="7,11,15,22,26,28,40,44,49,53,54,63,66,71" machi="7" ten="20,5200,0" yaku="1,1,0,1,7,1,53,1" doraHai="90" doraHaiUra="23" who="0" fromWho="0" sc="305,68,252,-28,346,-15,87,-15" />
</Scene>
<Scene>
<INIT seed="6,0,0,0,2,117" ten="373,224,331,72" oya="2" hai0="5,68,33,39,88,81,19,32,104,94,79,134,30" hai1="57,95,123,80,51,61,56,67,2,119,74,132,18" hai2="47,122,21,129,64,116,22,125,63,108,77,43,37" hai3="29,75,120,93,87,23,20,8,86,1,40,15,34"/><V26/><F116/><W127/><G75/><T98/><D68/><U45/><E119/><V4/><F129/><W6/><G127/><T130/><D39/><U102/><E2/><V115/><F125/><W92/><G40/><T106/><D134/><U118/><E118/><V44/><F115/><W109/><G109/><T31/><D130/><U82/><E132/><V41/><F108/><W17/><G120/><T55/><D5/><U78/><E123/><V12/><F122/><W7/><G92/><T54/><D19/><U48/><E80/><V113/><F113/><W60/><G60/><T126/><D126/><U14/><E57/><V99/><F77/><W91/><G7/><T25/><D106/><U13/><E51/><V66/><F99/><W124/><G124/><T100/><D31/><U135/><E135/><V35/><F35/><W97/><REACH who="3" step="1"/><G20/><REACH who="3" ten="373,224,331,62" step="2"/><T72/><D33/><U76/><E95/><V71/><F21/><W73/><G73/><T24/><D32/><U111/><E111/><V110/><F110/><W112/><G112/><T52/><D72/><U89/><E74/><V121/><F121/><W27/><AGARI ba="0,1" hai="1,6,8,15,17,23,27,29,34,86,87,91,93,97" machi="27" ten="30,8000,1" yaku="1,1,0,1,24,2,53,1" doraHai="117" doraHaiUra="9" who="3" fromWho="3" sc="373,-20,224,-20,331,-40,62,90" />
</Scene>
<Scene>
<INIT seed="7,0,0,5,4,35" ten="353,204,291,152" oya="3" hai0="32,90,108,62,7,42,87,28,109,19,80,23,27" hai1="64,119,38,49,66,57,100,54,84,116,120,50,22" hai2="123,113,47,43,81,111,40,30,68,83,61,41,52" hai3="16,8,125,86,21,70,72,128,74,89,135,63,67"/><W14/><G135/><T106/><D106/><U129/><E38/><V97/><F111/><W124/><G128/><T6/><D42/><U99/><E120/><V71/><F30/><W34/><G34/><T29/><D29/><U117/><E129/><V94/><F113/><W33/><G33/><T51/><D51/><U131/><E131/><V93/><F123/><W121/><G121/><T15/><REACH who="0" step="1"/><D62/><REACH who="0" ten="343,204,291,152" step="2"/><U82/><E50/><V46/><F40/><W65/><G65/><T37/><D37/><U4/><E66/><V76/><F94/><N who="3" m="54583" /><G8/><T39/><D39/><U104/><E64/><V105/><F68/><W3/><G3/><T13/><D13/><U85/><E104/><V45/><F76/><W127/><AGARI ba="0,1" hai="14,16,21,63,67,70,72,74,124,125,127" m="54583" machi="127" ten="30,3000,0" yaku="18,1,54,1" doraHai="35" who="3" fromWho="3" sc="343,-10,204,-10,291,-10,152,40" />
</Scene>
<Scene>
<INIT seed="7,1,0,2,2,61" ten="333,194,281,192" oya="3" hai0="86,57,35,3,120,118,31,54,101,119,52,82,1" hai1="103,21,27,130,89,125,115,45,10,50,106,64,117" hai2="132,75,116,97,92,71,126,133,32,24,28,8,129" hai3="49,43,6,100,36,9,58,53,51,121,81,109,60"/><W47/><G121/><T131/><D120/><U135/><E115/><V63/><F116/><W90/><G100/><T12/><D131/><U96/><E130/><V44/><F129/><W128/><G128/><T33/><D101/><U69/><E117/><V30/><F75/><W29/><G29/><T113/><D113/><U104/><E125/><V98/><F126/><W93/><G81/><T83/><D12/><U37/><E37/><V46/><F28/><W41/><G109/><T84/><D57/><U11/><E106/><V7/><F63/><W65/><G36/><T114/><D31/><U99/><E135/><N who="2" m="51787" /><F71/><W122/><G51/><T18/><D114/><U74/><E74/><V85/><F85/><W4/><G122/><T123/><D123/><U102/><E69/><V107/><F107/><W70/><G70/><T124/><D124/><U94/><E50/><V62/><F62/><W79/><G79/><T105/><D105/><U127/><E127/><V42/><F92/><W59/><G59/><T22/><D22/><U77/><E21/><V14/><F44/><W15/><REACH who="3" step="1"/><G6/><REACH who="3" ten="333,194,281,182" step="2"/><T48/><D48/><AGARI ba="1,1" hai="7,8,14,24,30,32,42,46,48,97,98" m="51787" machi="48" ten="30,1000,0" yaku="20,1" doraHai="61" who="2" fromWho="0" sc="333,-13,194,0,281,23,182,0" owari="320,43.0,194,-21.0,304,10.0,182,-32.0" />
</Scene>
</mjloggm>