<mjloggm ver="2.3"><GO type="169" lobby="0"/><UN n0="%E7%99%BD%E9%B9%BF%E6%84%9B%E8%8E%89" n1="%64%61%6E%6E%63%68%69" n2="%E5%A4%AA%E3%81%8F%E3%81%AA%E3%81%84%E3%81%8A" n3="%E3%81%86%E3%81%8D%E3%81%A7%E3%82%93" dan="17,17,18,17" rate="2152.10,2131.20,2202.48,2116.17" sx="F,M,F,M"/><TAIKYOKU oya="0"/>

<Scene>
<INIT seed="0,0,0,4,4,21" ten="250,250,250,250" oya="0" hai0="0,83,132,73,68,128,61,75,101,39,27,24,100" hai1="81,93,91,59,105,89,87,46,79,13,60,44,110" hai2="11,26,45,17,97,123,23,134,51,77,5,124,116" hai3="120,112,95,52,76,66,122,28,71,67,14,107,99"/><T37/><D0/><U69/><E69/><V40/><F124/><W49/><G107/><T127/><D61/><U56/><E105/><V80/><F134/><W29/><G76/><T6/><D6/><U12/><E110/><V10/><F116/><W104/><G104/><T34/><D83/><U78/><E78/><V30/><F123/><N who="3" m="47147" /><G14/><T65/><D65/><N who="3" m="24585" /><G71/><T114/><D34/><U96/><E79/><V48/><F97/><W4/><G4/><T108/><D68/><U113/><E113/><V3/><F11/><W115/><G29/><T53/><D53/><N who="1" m="33807" /><E59/><V94/><F94/><W62/><G28/><T118/><D128/><U58/><E58/><V36/><REACH who="2" step="1"/><F30/><REACH who="2" ten="250,250,240,250" step="2"/><W55/><G95/><T72/><D132/><U35/><E96/><V117/><F117/><W82/><G99/><T54/><D118/><U106/><E93/><V74/><AGARI ba="0,1" hai="3,5,10,17,23,26,36,40,45,48,51,74,77,80" machi="74" ten="20,12000,2" yaku="1,1,0,1,7,1,25,2,52,1,53,0" doraHai="21" doraHaiUra="64" who="2" fromWho="2" sc="250,-60,250,-30,240,130,250,-30" />
</Scene>
<Scene>
<INIT seed="1,0,0,3,0,124" ten="190,220,370,220" oya="1" hai0="27,30,29,13,135,131,132,24,91,105,100,133,134" hai1="67,87,90,50,51,60,106,40,22,25,86,78,8" hai2="42,58,57,107,112,101,122,96,97,7,4,119,80" hai3="63,45,70,46,114,54,125,37,12,93,130,55,43"/><U3/><E106/><V82/><F107/><W111/><G12/><T32/><N who="0" m="34304" /><DORA hai="34" /><T88/><D131/><U65/><E78/><V44/><F44/><N who="3" m="23663" /><G93/><T53/><D13/><U56/><E67/><V52/><F42/><W84/><G84/><T92/><D105/><U72/><E72/><V99/><F119/><W64/><G114/><T103/><D53/><N who="3" m="19977" /><G125/><T11/><D11/><U113/><E113/><V104/><F112/><W62/><G111/><T79/><D79/><U49/><E40/><V74/><F74/><W129/><G63/><T109/><D109/><U39/><E39/><V66/><F101/><N who="0" m="38986" /><D92/><U69/><E90/><V26/><F104/><W89/><G89/><T61/><D61/><U16/><REACH who="1" step="1"/><E69/><REACH who="1" ten="190,210,370,220" step="2"/><V18/><F66/><W76/><G76/><T41/><D41/><U102/><E102/><V77/><F52/><W73/><G73/><T108/><D108/><U94/><E94/><V126/><F77/><W81/><G81/><T28/><D28/><U19/><E19/><V6/><F80/><W36/><G36/><T21/><AGARI ba="0,1" hai="21,24,27,29,30,32,88,91" m="38986,34304" machi="21" ten="60,4000,0" yaku="20,1,54,1" doraHai="124,34" who="0" fromWho="0" sc="190,50,210,-20,370,-10,220,-10" />
</Scene>
<Scene>
<INIT seed="2,0,0,0,2,8" ten="240,190,360,210" oya="2" hai0="4,9,33,90,6,99,73,122,128,63,97,11,105" hai1="66,103,39,16,26,78,84,52,135,44,70,94,35" hai2="75,2,46,104,72,0,53,111,57,65,15,50,129" hai3="49,114,13,80,47,106,117,83,51,10,37,132,55"/><V93/><F104/><W69/><G117/><T28/><D73/><U115/><E115/><V29/><F29/><W12/><G114/><T61/><D122/><U110/><E110/><V30/><F30/><W86/><G37/><T54/><D128/><U48/><E135/><V67/><F129/><W14/><G106/><T18/><D18/><U79/><E39/><V82/><F111/><W32/><G69/><T113/><D113/><U92/><E70/><V19/><F93/><W118/><G32/><T31/><D105/><U127/><E66/><V134/><F134/><W71/><G71/><T20/><D20/><N who="1" m="13575" /><E35/><V56/><F67/><W24/><G24/><T36/><D36/><U74/><E74/><V5/><F5/><N who="3" m="3151" /><G80/><T68/><D68/><U121/><E121/><V96/><F96/><W98/><G98/><T125/><D125/><U1/><E1/><V17/><F17/><W77/><G118/><T89/><REACH who="0" step="1"/><D54/><REACH who="0" ten="230,190,360,210" step="2"/><U120/><E127/><V43/><F72/><W38/><G38/><T91/><D91/><N who="1" m="53351" /><E120/><V42/><F75/><W27/><G132/><T40/><D40/><U100/><E100/><V85/><F43/><N who="3" m="24831" /><G27/><T109/><D109/><U25/><E25/><V45/><F42/><W21/><G21/><T64/><D64/><U107/><E107/><V123/><F123/><W3/><G3/><T34/><AGARI ba="0,1" hai="4,6,9,11,28,31,33,34,61,63,89,90,97,99" machi="34" ten="25,6400,0" yaku="1,1,0,1,22,2,53,0" doraHai="8" doraHaiUra="62" who="0" fromWho="0" sc="230,74,190,-16,360,-32,210,-16" />
</Scene>
<Scene>
<INIT seed="3,0,0,0,3,93" ten="304,174,328,194" oya="3" hai0="101,53,56,72,16,63,5,61,28,116,106,87,70" hai1="9,115,18,81,129,131,50,80,100,39,58,107,130" hai2="88,78,22,55,112,45,65,99,108,10,2,117,47" hai3="77,95,128,69,94,37,27,126,41,89,19,60,133"/><W120/><G77/><T105/><D72/><U102/><E39/><V121/><F112/><W97/><G120/><T135/><D116/><U17/><E115/><V14/><F117/><W68/><G128/><T76/><D5/><U71/><E71/><V132/><F121/><W49/><G37/><T124/><D124/><U54/><E9/><V75/><F65/><W104/><G104/><T32/><D101/><N who="1" m="39019" /><E107/><V35/><F35/><W43/><G133/><T109/><D135/><U23/><E18/><V114/><F114/><W92/><G43/><T6/><D6/><U46/><E46/><V125/><F132/><W12/><G27/><AGARI ba="0,0" hai="17,23,27,50,54,58,80,81,129,130,131" m="39019" machi="27" ten="30,1000,0" yaku="19,1" doraHai="93" who="1" fromWho="3" sc="304,0,174,10,328,0,194,-10" />
</Scene>
<Scene>
<INIT seed="4,0,0,5,2,65" ten="304,184,328,184" oya="0" hai0="10,28,67,117,45,12,27,122,6,129,66,24,121" hai1="108,1,77,75,133,92,8,71,19,97,64,118,99" hai2="42,62,83,126,41,84,25,32,74,116,96,35,57" hai3="103,107,18,73,131,120,56,130,63,4,123,13,94"/><T69/><D117/><U95/><E118/><V89/><F116/><W85/><G4/><T47/><D129/><N who="3" m="49161" /><G73/><T110/><D110/><U46/><E108/><V36/><F126/><W2/><G2/><T5/><D5/><U43/><E133/><V102/><F74/><W70/><G107/><T76/><D76/><U101/><E77/><V80/><F80/><W34/><G34/><T40/><D27/><U127/><E75/><V38/><F42/><W111/><G111/><T79/><D79/><U109/><E109/><V106/><F41/><W20/><G70/><T15/><D15/><U134/><E127/><V14/><F14/><W90/><G103/><T17/><D17/><U125/><E134/><V3/><F3/><W29/><G29/><T0/><D0/><U105/><E125/><V78/><F78/><W11/><G11/><T7/><D7/><U30/><E30/><V93/><F106/><W48/><G48/><N who="0" m="26663" /><D47/><U61/><E19/><V54/><REACH who="2" step="1"/><F25/><REACH who="2" ten="304,184,318,184" step="2"/><W81/><G81/><T26/><D24/><U112/><E105/><V87/><F87/><W91/><G90/><T21/><D122/><U104/><E104/><V113/><F113/><W55/><AGARI ba="0,1" hai="13,18,20,55,56,63,85,91,94,120,123" m="49161" machi="55" ten="30,1100,0" yaku="19,1" doraHai="65" who="3" fromWho="3" sc="304,-5,184,-3,318,-3,184,21" />
</Scene>
<Scene>
<INIT seed="5,0,0,5,3,30" ten="299,181,315,205" oya="1" hai0="17,99,89,106,135,47,85,61,50,65,59,33,110" hai1="96,52,129,123,27,131,5,18,126,91,79,62,42" hai2="6,4,28,127,111,107,86,124,35,57,60,32,20" hai3="114,97,74,72,101,84,102,69,63,116,109,81,25"/><U130/><E123/><V45/><F107/><N who="3" m="63919" /><G25/><T117/><D117/><U115/><E115/><V34/><F111/><W44/><G44/><T3/><D3/><U8/><E126/><N who="2" m="48171" /><F45/><W19/><G19/><T40/><D110/><U54/><E79/><V43/><F43/><W29/><G29/><T134/><D33/><U14/><E42/><V1/><F1/><W23/><G23/><T77/><D77/><U21/><REACH who="1" step="1"/><E62/><REACH who="1" ten="299,171,315,205" step="2"/><V71/><F71/><W48/><G63/><T15/><D61/><U11/><E11/><V12/><F86/><W95/><G69/><T75/><D85/><U56/><E56/><V121/><F121/><W70/><G70/><T125/><D59/><U10/><E10/><V108/><F108/><W67/><G109/><T100/><D40/><U51/><E51/><V49/><F49/><W46/><G114/><T41/><D50/><U58/><E58/><V64/><F28/><W7/><G48/><T87/><D41/><U78/><E78/><V92/><F57/><W68/><G68/><T80/><D87/><U76/><E76/><V98/><F60/><W37/><G116/><T39/><D47/><U66/><E66/><V16/><F64/><W132/><G67/><T118/><D65/><U0/><E0/><V53/><F53/><W83/><G46/><T88/><D125/><U36/><E36/><V105/><F105/><W112/><G37/><T90/><D39/><U120/><E120/><V9/><F9/><W31/><G112/><T94/><D106/><U73/><E73/><V26/><F26/><W128/><G84/><T119/><D75/><RYUUKYOKU ba="0,1" sc="299,-15,171,15,315,15,205,-15" hai1="5,8,14,18,21,27,52,54,91,96,129,130,131" hai2="4,6,12,16,20,32,34,35,92,98" />
</Scene>
<Scene>
<INIT seed="5,1,1,1,4,119" ten="284,186,330,190" oya="1" hai0="135,87,69,55,90,82,43,57,20,125,28,32,24" hai1="104,124,18,9,44,16,81,120,7,110,66,36,39" hai2="13,106,75,80,30,21,133,68,118,126,114,111,52" hai3="70,127,45,134,96,35,83,14,10,61,65,26,107"/><U103/><E120/><V5/><F118/><W113/><G113/><T129/><D69/><U47/><E124/><V48/><F111/><W74/><G45/><T54/><D135/><U8/><E66/><V89/><F68/><W51/><G51/><T64/><D129/><U60/><E60/><V132/><F106/><W105/><G134/><N who="2" m="51817" /><F126/><W37/><G37/><T84/><D43/><U92/><E104/><V40/><F40/><W31/><G127/><T71/><D71/><U41/><E110/><V6/><F114/><W23/><G23/><T19/><D125/><U4/><E81/><V49/><F49/><W33/><G35/><T11/><D87/><U17/><E103/><V53/><F53/><W108/><G108/><T50/><D11/><N who="1" m="4171" /><E41/><V112/><F112/><W1/><G96/><T131/><D131/><U121/><E121/><V76/><F89/><W130/><G130/><T72/><D72/><U128/><E128/><V56/><F13/><W122/><G122/><T102/><D102/><U88/><E39/><V97/><F97/><W100/><G100/><T38/><D38/><U27/><E27/><AGARI ba="1,1" hai="5,6,21,27,30,48,52,56,75,76,80" m="51817" machi="27" ten="30,2000,0" yaku="20,1,54,1" doraHai="119" who="2" fromWho="1" sc="284,0,186,-23,330,33,190,0" />
</Scene>
<Scene>
<INIT seed="6,0,0,3,4,85" ten="284,163,363,190" oya="2" hai0="78,131,16,46,83,129,96,122,35,27,84,12,47" hai1="75,6,130,76,59,42,127,112,98,49,13,110,119" hai2="126,21,15,104,94,58,79,11,25,33,5,114,87" hai3="105,66,134,99,125,9,20,73,88,10,48,8,69"/><V39/><F104/><W135/><G73/><T65/><D122/><U115/><E110/><V116/><F116/><W68/><G105/><T4/><D65/><U133/><E119/><V97/><F39/><W3/><G3/><T118/><D118/><U67/><E127/><V91/><F126/><W111/><G111/><T124/><D124/><U32/><E32/><V108/><F108/><W81/><G48/><T77/><D4/><U38/><E38/><V71/><F71/><W74/><G20/><N who="0" m="11271" /><D96/><U63/><E130/><N who="0" m="49673" /><D78/><U18/><E6/><V101/><F114/><W43/><G43/><T106/><D106/><U82/><E133/><N who="3" m="50698" /><G66/><T121/><D121/><U95/><E49/><V55/><F33/><W117/><G125/><T128/><D128/><U36/><E42/><V28/><F79/><N who="3" m="44279" /><G117/><T19/><D19/><U7/><E7/><V62/><F87/><W102/><G102/><AGARI ba="0,0" hai="5,11,15,21,25,28,55,58,62,91,94,97,101,102" machi="102" ten="40,3900,0" yaku="8,1,52,1" doraHai="85" who="2" fromWho="3" sc="284,0,163,0,363,39,190,-39" />
</Scene>
<Scene>
<INIT seed="6,1,0,3,1,9" ten="284,163,402,151" oya="2" hai0="86,34,121,61,92,102,68,93,26,35,65,115,11" hai1="62,120,118,123,45,52,22,117,108,2,74,39,50" hai2="125,58,17,71,38,12,3,24,122,56,18,6,42" hai3="19,57,69,0,32,29,70,25,33,37,131,79,48"/><V78/><F71/><W104/><G37/><T44/><D121/><N who="1" m="46667" /><E74/><V98/><F122/><W96/><G0/><T116/><D116/><N who="1" m="44651" /><E2/><V72/><F125/><W10/><G33/><T21/><D115/><U67/><E22/><V88/><F24/><W20/><G79/><T41/><D11/><U94/><E94/><V85/><F98/><W63/><G48/><T13/><D13/><U134/><E39/><V66/><F72/><W73/><G10/><T51/><D93/><U91/><E91/><V103/><F38/><W100/><G73/><T101/><D102/><U129/><E129/><V114/><F3/><W15/><REACH who="3" step="1"/><G131/><REACH who="3" ten="284,163,402,141" step="2"/><T95/><D35/><U23/><E23/><V126/><F78/><W4/><G4/><T127/><D34/><U133/><E108/><V110/><F110/><W40/><G40/><T112/><D41/><U111/><E111/><V124/><F42/><W28/><G28/><T60/><D51/><U14/><E14/><V77/><F12/><W64/><AGARI ba="1,1" hai="15,19,20,25,29,32,57,63,64,69,70,96,100,104" machi="64" ten="20,5200,0" yaku="1,1,0,1,7,1,52,1,53,0" doraHai="9" doraHaiUra="80" who="3" fromWho="3" sc="284,-14,163,-14,402,-27,141,65" />
</Scene>
<Scene>
<INIT seed="7,0,0,2,1,88" ten="270,149,375,206" oya="3" hai0="56,99,30,47,75,127,90,59,61,66,116,78,109" hai1="15,122,22,52,0,12,55,111,112,57,98,7,51" hai2="4,120,48,19,83,106,39,103,3,49,11,28,43" hai3="124,126,23,101,81,33,115,94,91,107,50,9,92"/><W95/><G33/><T62/><D109/><U20/><E111/><V118/><F118/><W132/><G9/><T46/><D75/><U36/><E36/><V123/><F28/><W6/><G6/><T69/><D78/><U17/><E122/><N who="2" m="46635" /><F19/><W72/><G23/><T65/><D69/><U100/><E112/><V14/><F3/><W129/><G115/><T54/><D127/><N who="3" m="48681" /><G50/><N who="2" m="19561" /><F83/><W89/><G132/><T131/><D131/><U63/><E0/><V73/><F73/><W121/><G129/><T117/><D30/><U97/><E100/><V8/><F8/><W26/><G26/><T21/><D21/><U76/><E76/><V134/><F134/><W10/><G10/><T77/><D77/><U84/><E7/><V105/><F103/><W125/><G121/><T24/><D24/><U104/><E104/><V25/><F25/><W13/><G13/><T133/><D133/><U16/><E84/><V119/><F119/><W42/><G42/><T34/><D34/><U114/><E114/><V41/><F41/><W86/><G72/><T40/><D40/><U67/><E55/><V110/><F110/><W108/><G125/><T1/><D1/><U85/><E85/><V29/><F29/><W60/><G60/><T102/><D61/><U128/><E128/><V130/><F130/><W2/><G2/><T58/><D62/><U96/><E96/><V64/><F64/><W32/><G32/><T44/><D66/><U70/><AGARI ba="0,0" hai="12,15,16,17,20,22,51,52,57,63,67,70,97,98" machi="70" ten="20,8000,1" yaku="0,1,7,1,9,1,54,2" doraHai="88" who="1" fromWho="1" sc="270,-20,149,80,375,-20,206,-40" owari="250,5.0,229,-17.0,355,45.0,166,-33.0" />
</Scene>
</mjloggm>