<mjloggm ver="2.3"><GO type="169" lobby="0"/><UN n0="%E3%82%B3%E3%83%BC%E3%83%A9%E4%B8%8B%E3%81%95%E3%81%84" n1="%E3%82%AF%E3%83%AA%E3%82%B9%E3%82%AB" n2="%E5%A4%AA%E3%81%8F%E3%81%AA%E3%81%84%E3%81%8A" n3="%62%6F%6E%6F%73%2E%2E" dan="17,16,19,17" rate="2213.48,2086.52,2337.19,2169.54" sx="M,M,F,M"/><TAIKYOKU oya="0"/>

<Scene>
<INIT seed="0,0,0,3,2,49" ten="250,250,250,250" oya="0" hai0="134,16,105,130,82,132,110,75,96,41,120,108,78" hai1="73,131,86,33,113,112,98,92,29,66,61,31,39" hai2="54,123,50,69,85,77,23,133,63,38,36,128,3" hai3="119,83,20,32,95,115,24,135,122,51,58,89,114"/><T37/><D120/><U100/><E73/><V67/><F3/><W111/><G119/><T68/><D68/><U13/><E39/><V127/><F123/><W93/><G122/><T12/><D130/><U52/><E33/><V2/><F2/><W17/><G111/><N who="0" m="42539" /><D41/><U65/><E131/><V48/><F128/><W8/><G32/><T53/><D37/><U60/><E13/><V40/><F23/><W80/><G135/><T59/><D105/><U46/><E86/><V102/><F102/><W6/><G115/><N who="1" m="44106" /><E60/><V94/><F85/><W1/><G114/><T126/><D96/><U44/><E44/><N who="2" m="25607" /><F94/><W74/><G95/><T72/><D72/><U4/><E4/><V104/><F104/><W117/><G58/><T25/><D25/><U106/><E106/><V42/><F133/><N who="0" m="51306" /><D126/><U7/><E7/><V21/><F127/><W56/><G74/><T71/><D71/><N who="1" m="42415" /><E66/><V11/><F36/><W81/><G117/><T35/><D35/><U103/><E103/><V30/><F67/><W88/><G93/><T70/><D70/><U18/><E18/><V15/><F38/><W79/><G83/><T5/><D5/><U101/><E100/><V34/><F34/><W27/><G81/><T118/><D118/><U28/><E28/><V125/><F69/><W10/><G80/><T14/><D16/><U97/><E98/><V99/><F99/><W57/><G17/><T91/><D91/><U22/><E22/><V87/><F21/><W64/><G89/><T129/><D129/><U121/><E121/><V62/><F125/><W76/><G88/><T116/><D116/><RYUUKYOKU ba="0,0" sc="250,15,250,15,250,-15,250,-15" hai0="12,14,53,59,75,78,82" hai1="29,31,46,52,92,97,101" />
</Scene>
<Scene>
<INIT seed="0,1,0,1,4,35" ten="265,265,235,235" oya="0" hai0="102,68,133,3,56,66,134,20,109,6,61,98,127" hai1="95,46,132,42,52,86,104,53,43,15,41,51,73" hai2="18,113,1,9,131,62,59,119,108,96,47,23,92" hai3="58,49,126,30,55,91,111,70,22,135,44,5,12"/><T78/><D127/><U80/><E104/><V14/><F113/><W24/><G70/><T26/><D78/><U105/><E105/><V106/><F106/><W7/><G111/><T72/><D72/><U31/><E132/><N who="0" m="50793" /><D109/><U88/><E31/><V17/><F108/><W64/><G126/><T67/><D6/><U50/><E15/><V121/><F119/><W84/><G135/><T32/><D66/><U79/><REACH who="1" step="1"/><E41/><REACH who="1" ten="265,255,235,235" step="2"/><V37/><F14/><W82/><G12/><T25/><D32/><U83/><E83/><V36/><F121/><W74/><G74/><T71/><D26/><U110/><E110/><V89/><F92/><W115/><G115/><T2/><D25/><U4/><E4/><V33/><F33/><W103/><G7/><T28/><D28/><U130/><E130/><V107/><F107/><W120/><G5/><T19/><D19/><U85/><E85/><V81/><F18/><W21/><G120/><T11/><D20/><U129/><E129/><V122/><F23/><W38/><G22/><T116/><D116/><U99/><E99/><V97/><F97/><W34/><G34/><T13/><D13/><U128/><E128/><V93/><F131/><W45/><G21/><T90/><D11/><U100/><E100/><V10/><F122/><W87/><G103/><T16/><D16/><U54/><E54/><N who="2" m="34167" /><F81/><W114/><G24/><T48/><D102/><U60/><E60/><V29/><F29/><W65/><G30/><T124/><D124/><U123/><E123/><V75/><F17/><W0/><G114/><T27/><D98/><U117/><E117/><RYUUKYOKU ba="1,1" sc="265,-10,255,30,235,-10,235,-10" hai1="42,43,46,50,51,52,53,73,79,80,86,88,95" />
</Scene>
<Scene>
<INIT seed="1,2,1,1,5,36" ten="255,285,225,225" oya="1" hai0="133,65,101,113,99,61,17,16,70,34,20,71,112" hai1="33,12,102,40,84,72,109,60,76,86,19,64,55" hai2="130,21,108,32,39,48,44,116,134,125,14,98,9" hai3="47,89,80,93,123,11,111,41,115,78,3,126,75"/><U106/><E33/><V87/><F32/><W22/><G123/><T107/><D133/><U10/><E109/><V29/><F116/><W7/><G115/><T69/><D34/><U74/><E55/><V77/><F39/><W28/><G111/><T18/><REACH who="0" step="1"/><D20/><REACH who="0" ten="245,285,225,225" step="2"/><U119/><E119/><V94/><F134/><W49/><G126/><T67/><D67/><U24/><E64/><V81/><F125/><W114/><G114/><AGARI ba="2,2" hai="16,17,18,61,65,69,70,71,99,101,107,112,113,114" machi="114" ten="40,2600,0" yaku="1,1,54,1,53,0" doraHai="36" doraHaiUra="30" who="0" fromWho="3" sc="245,52,285,0,225,0,225,-32" />
</Scene>
<Scene>
<INIT seed="2,0,0,4,1,108" ten="297,285,225,193" oya="2" hai0="28,124,5,51,70,19,21,86,1,55,22,25,40" hai1="69,77,20,2,72,87,79,46,134,100,91,111,118" hai2="80,67,31,45,14,9,130,126,24,103,123,133,4" hai3="47,52,35,97,48,82,131,94,104,38,60,26,0"/><V119/><F119/><W114/><G131/><T73/><D73/><U84/><E2/><V27/><F123/><W59/><G0/><T7/><D70/><U113/><E69/><V13/><F130/><W43/><G104/><T39/><D124/><U6/><E6/><V62/><F126/><W75/><G114/><T18/><D39/><U85/><E46/><V102/><F133/><W36/><G35/><T109/><D109/><U29/><E29/><V95/><F80/><W116/><G116/><T120/><D40/><U135/><E20/><V74/><F74/><W112/><G112/><T88/><D120/><U76/><E118/><V32/><F45/><W12/><G26/><N who="0" m="14655" /><D28/><U53/><E53/><V98/><F27/><W122/><G122/><T125/><D1/><U99/><E111/><V101/><REACH who="2" step="1"/><F14/><REACH who="2" ten="297,285,215,193" step="2"/><W65/><G12/><T105/><D125/><U83/><E113/><V96/><F96/><W16/><G75/><T132/><D132/><N who="1" m="50731" /><E72/><V33/><F33/><W81/><G36/><T37/><D37/><U92/><AGARI ba="0,1" hai="76,77,79,83,84,85,87,91,92,99,100" m="50731" machi="92" ten="30,4000,0" yaku="20,1,34,2" doraHai="108" who="1" fromWho="1" sc="297,-10,285,50,215,-20,193,-10" />
</Scene>
<Scene>
<INIT seed="3,0,0,5,1,110" ten="287,335,195,183" oya="3" hai0="76,56,21,4,48,41,73,43,109,6,131,36,120" hai1="74,54,107,45,102,77,59,30,119,121,5,22,71" hai2="53,89,68,91,10,37,85,115,35,51,72,113,58" hai3="52,96,108,39,112,49,134,103,104,29,106,87,33"/><W83/><G134/><T67/><D120/><U88/><E71/><V79/><F35/><W12/><G108/><T23/><D109/><U62/><E121/><V90/><F37/><W78/><G39/><T70/><D131/><U132/><E132/><V27/><F68/><W42/><G42/><T63/><D73/><U123/><E77/><V34/><F72/><W84/><G112/><T122/><D76/><U80/><E74/><V92/><F10/><W100/><G87/><T128/><D128/><U126/><E107/><V47/><F47/><W97/><G12/><T17/><D122/><U60/><E102/><V46/><F46/><W40/><G40/><T94/><D23/><U32/><E32/><V65/><F65/><W82/><G82/><T3/><D3/><U135/><E135/><V13/><F13/><W69/><G69/><T95/><D41/><U98/><E123/><V114/><REACH who="2" step="1"/><F79/><REACH who="2" ten="287,335,185,183" step="2"/><W125/><G125/><T86/><D36/><U11/><E126/><V75/><F75/><W117/><G117/><T19/><D70/><U55/><E119/><V116/><F116/><W81/><G78/><T28/><D67/><U118/><E45/><V105/><F105/><W99/><G104/><T61/><D56/><U1/><E59/><V0/><F0/><W124/><G106/><T129/><D129/><U26/><E118/><V25/><F25/><W130/><G124/><T18/><D21/><U111/><E111/><V133/><F133/><W57/><G130/><T31/><D43/><U101/><E22/><V38/><F38/><W127/><G127/><T44/><D44/><RYUUKYOKU ba="0,1" sc="287,-10,335,-10,185,30,183,-10" hai2="27,34,51,53,58,85,89,90,91,92,113,114,115" />
</Scene>
<Scene>
<INIT seed="4,1,1,4,2,41" ten="277,325,215,173" oya="0" hai0="118,7,129,42,106,34,46,93,69,88,68,108,37" hai1="83,90,110,98,39,74,130,38,4,22,10,18,28" hai2="52,0,78,11,44,49,19,58,112,99,128,48,119" hai3="6,36,3,15,115,120,123,134,47,125,9,89,8"/><T61/><D118/><U32/><E110/><V12/><F119/><W29/><G115/><T2/><D106/><U73/><E130/><V59/><F112/><W126/><G134/><T63/><D34/><U14/><E28/><V53/><F128/><W122/><G89/><T111/><D129/><U65/><E32/><V71/><F71/><N who="0" m="27210" /><D7/><U72/><E65/><V87/><F0/><W62/><G62/><N who="0" m="23563" /><D2/><U16/><E18/><V17/><F99/><W51/><G36/><N who="0" m="21831" /><D88/><U127/><E83/><N who="2" m="47607" /><F59/><W77/><G29/><T82/><D93/><U1/><REACH who="1" step="1"/><E127/><REACH who="1" ten="277,315,215,173" step="2"/><V43/><F53/><N who="3" m="29951" /><G77/><T75/><D82/><U64/><E64/><V117/><F117/><W80/><G80/><T107/><D75/><U79/><E79/><V54/><F54/><W95/><G95/><AGARI ba="1,2" hai="1,4,10,14,16,22,38,39,72,73,74,90,95,98" machi="95" ten="40,2600,0" yaku="1,1,54,1,53,0" doraHai="41" doraHaiUra="101" who="1" fromWho="3" sc="277,0,315,49,215,0,173,-29" />
</Scene>
<Scene>
<INIT seed="5,0,0,5,5,53" ten="277,364,215,144" oya="1" hai0="90,7,86,14,98,59,0,40,79,67,132,36,78" hai1="62,20,108,23,106,107,130,123,8,71,27,126,91" hai2="32,64,13,9,97,102,65,82,3,29,69,92,11" hai3="60,83,124,49,133,1,129,72,111,104,47,101,37"/><U21/><E123/><V77/><F3/><W26/><G26/><T110/><D110/><U73/><E108/><V99/><F69/><W28/><G28/><T48/><D0/><U135/><E73/><V70/><F70/><W6/><G49/><T17/><D7/><U55/><E130/><V89/><F29/><W15/><G60/><N who="0" m="38303" /><D36/><U121/><E121/><V41/><F41/><W45/><G45/><N who="0" m="25639" /><D98/><U113/><E71/><V22/><F22/><W19/><G47/><T44/><D44/><U50/><E62/><V117/><F11/><W42/><G42/><T112/><D112/><U63/><E63/><V119/><F32/><W4/><G37/><T114/><D132/><U80/><E113/><V115/><F115/><W16/><G1/><T94/><D114/><U51/><E135/><V33/><F33/><W74/><G111/><T34/><D34/><U76/><E27/><V68/><F68/><W38/><G38/><T131/><D131/><U81/><E8/><AGARI ba="0,0" hai="8,14,17,78,79,86,90,94" m="25639,38303" machi="8" ten="30,2000,0" yaku="8,1,52,1" doraHai="53" who="0" fromWho="1" sc="277,20,364,-20,215,0,144,0" />
</Scene>
<Scene>
<INIT seed="6,0,0,1,5,104" ten="297,344,215,144" oya="2" hai0="6,4,8,125,53,56,34,19,130,76,11,132,12" hai1="3,128,112,120,122,100,52,17,46,22,9,75,109" hai2="98,42,51,63,30,61,126,117,62,44,25,64,83" hai3="54,55,79,70,92,97,77,32,111,48,29,127,13"/><V7/><F117/><W84/><G111/><T23/><D130/><U102/><E109/><V99/><F126/><W124/><G70/><T123/><D123/><N who="1" m="47147" /><E112/><V81/><F7/><W36/><G36/><T82/><D34/><U94/><E128/><V103/><F64/><W115/><G115/><T39/><D39/><U65/><E65/><V31/><F98/><W134/><G134/><T86/><D132/><U20/><E75/><V14/><F14/><W15/><G29/><T73/><D125/><N who="3" m="48201" /><G32/><T131/><D131/><U2/><E22/><V105/><REACH who="2" step="1"/><F31/><REACH who="2" ten="297,344,205,144" step="2"/><W57/><G15/><T33/><D6/><U119/><E119/><V133/><F133/><W28/><G13/><T78/><D4/><U87/><E3/><V58/><F58/><W49/><G28/><T59/><D59/><U93/><E2/><V21/><AGARI ba="0,1" hai="21,25,30,42,44,51,61,62,63,81,83,99,103,105" machi="21" ten="30,3000,0" yaku="1,1,0,1,53,0" doraHai="104" doraHaiUra="66" who="2" fromWho="2" sc="297,-10,344,-10,205,40,144,-10" />
</Scene>
<Scene>
<INIT seed="6,1,0,4,3,119" ten="287,334,245,134" oya="2" hai0="120,126,60,6,8,105,22,33,26,127,87,74,130" hai1="109,66,39,70,69,108,88,17,103,132,116,46,84" hai2="77,16,125,90,18,123,68,35,54,72,100,65,53" hai3="40,45,62,11,118,47,50,94,55,48,133,4,95"/><V121/><F35/><W1/><G118/><T80/><D105/><U82/><E116/><V32/><F32/><W58/><REACH who="3" step="1"/><G133/><REACH who="3" ten="287,334,245,124" step="2"/><T107/><D126/><U111/><E132/><V27/><F125/><W51/><G51/><T10/><D127/><U67/><E108/><V19/><F27/><W115/><G115/><T89/><D26/><U92/><E109/><V91/><F100/><W124/><G124/><T135/><D135/><U52/><E39/><V56/><F68/><W30/><G30/><T20/><D60/><U5/><E69/><V102/><F102/><W93/><G93/><T64/><D107/><U59/><E70/><V106/><F106/><W129/><G129/><T9/><D130/><U79/><E103/><V2/><F2/><W49/><G49/><T114/><D114/><U12/><E111/><V96/><F65/><AGARI ba="1,1" hai="1,4,11,40,45,47,48,50,55,58,62,65,94,95" machi="65" ten="30,2000,0" yaku="1,1,7,1,53,0" doraHai="119" doraHaiUra="117" who="3" fromWho="2" sc="287,0,334,0,245,-23,124,33" />
</Scene>
<Scene>
<INIT seed="7,0,0,4,2,45" ten="287,334,222,157" oya="3" hai0="75,130,92,76,49,43,57,84,128,106,37,103,10" hai1="25,12,34,16,50,61,60,89,81,132,64,11,78" hai2="69,117,127,9,21,58,107,77,35,44,46,121,109" hai3="134,122,3,87,48,39,0,120,7,86,20,95,30"/><W93/><G39/><T8/><D37/><U23/><E132/><V42/><F35/><W52/><G134/><T131/><D75/><U5/><E34/><V80/><F109/><W119/><G119/><T53/><D43/><U115/><E115/><V123/><F69/><W133/><G133/><T99/><REACH who="0" step="1"/><D92/><REACH who="0" ten="277,334,222,157" step="2"/><U40/><E64/><V100/><F42/><W41/><G41/><T114/><D114/><U13/><E25/><V70/><F117/><W94/><G120/><T108/><D108/><U73/><REACH who="1" step="1"/><E89/><REACH who="1" ten="277,324,222,157" step="2"/><V31/><F121/><W33/><G122/><T22/><D22/><U74/><E74/><V59/><F21/><W14/><G33/><T125/><D125/><U104/><E104/><V26/><F107/><W97/><G97/><T18/><D18/><U105/><E105/><V6/><F26/><N who="3" m="16711" /><G0/><T1/><D1/><U82/><E82/><AGARI ba="0,2" hai="8,10,49,53,57,76,82,84,99,103,106,128,130,131" machi="82" ten="40,5200,0" yaku="1,1,19,1,52,1,53,0" doraHai="45" doraHaiUra="116" who="0" fromWho="1" sc="277,72,324,-52,222,0,157,0" owari="349,45.0,272,7.0,222,-18.0,157,-34.0" />
</Scene>
</mjloggm>