<mjloggm ver="2.3"><GO type="169" lobby="0"/><UN n0="%E5%A4%AA%E3%81%8F%E3%81%AA%E3%81%84%E3%81%8A" n1="%E3%83%A1%E3%82%AB%E3%82%BC%E3%83%83%E3%83%88%E3%83%B3" n2="%6D%61%65%2D%30%31%32%37" n3="%6E%61%63%6F%6D%61%69%69" dan="18,18,16,16" rate="2219.10,2298.79,2055.22,2084.96" sx="M,M,M,F"/><TAIKYOKU oya="0"/>

<Scene>
<INIT seed="0,0,0,4,5,104" ten="250,250,250,250" oya="0" hai0="58,130,73,59,122,126,121,20,110,49,75,29,41" hai1="80,88,115,100,67,124,46,131,74,57,45,79,38" hai2="17,40,28,113,76,94,42,16,87,118,101,39,84" hai3="55,112,24,69,54,22,78,99,64,108,12,116,68"/><T37/><D37/><U56/><E115/><V6/><F113/><W98/><G116/><T123/><D126/><U97/><E124/><V26/><F39/><W128/><G128/><T119/><D119/><U106/><E131/><V3/><F118/><W0/><G0/><T117/><D117/><U125/><E125/><V11/><F42/><W109/><G78/><T91/><D130/><U21/><E38/><V35/><F40/><W111/><G12/><T53/><D41/><U90/><E21/><V132/><F132/><W9/><G112/><T15/><D110/><U81/><E81/><V127/><F127/><W13/><G64/><T93/><D59/><U70/><E70/><V82/><REACH who="2" step="1"/><F87/><REACH who="2" ten="250,250,240,250" step="2"/><W77/><G99/><AGARI ba="0,1" hai="3,6,11,16,17,26,28,35,76,82,84,94,99,101" machi="99" ten="40,5200,0" yaku="1,1,2,1,54,1,53,0" doraHai="104" doraHaiUra="60" who="2" fromWho="3" sc="250,0,250,0,240,62,250,-52" />
</Scene>
<Scene>
<INIT seed="1,0,0,5,0,70" ten="250,250,302,198" oya="1" hai0="105,49,30,40,108,128,8,133,34,54,101,38,42" hai1="1,18,32,135,33,25,100,48,85,115,111,65,120" hai2="74,106,131,124,57,129,82,13,51,29,107,50,83" hai3="44,52,10,117,88,0,86,76,17,112,45,77,118"/><U9/><E120/><V62/><F29/><W4/><G112/><T91/><D108/><U26/><E115/><V21/><F124/><W68/><G68/><T114/><D114/><U78/><E100/><V46/><F13/><W41/><G17/><T2/><D128/><N who="2" m="49226" /><F21/><W63/><G45/><T69/><D69/><U55/><E65/><N who="2" m="39119" /><F50/><W93/><G63/><T53/><D133/><U109/><E135/><V6/><F6/><W113/><G52/><T24/><D53/><U56/><E1/><V95/><F95/><W121/><G121/><T61/><D61/><U43/><E43/><N who="2" m="25055" /><F74/><W102/><G113/><T39/><D42/><U23/><E9/><V5/><F5/><W130/><G102/><T116/><D40/><U110/><REACH who="1" step="1"/><E26/><REACH who="1" ten="250,240,302,198" step="2"/><V90/><F107/><W84/><G130/><T125/><D101/><U3/><E3/><V97/><F106/><W123/><G123/><T19/><D105/><U126/><E126/><V20/><F83/><AGARI ba="0,1" hai="18,23,25,32,33,48,55,56,78,83,85,109,110,111" machi="83" ten="40,12000,1" yaku="1,1,14,1,10,1,53,1" doraHai="70" doraHaiUra="81" who="1" fromWho="2" sc="250,0,240,130,302,-120,198,0" />
</Scene>
<Scene>
<INIT seed="1,1,0,2,4,19" ten="250,370,182,198" oya="1" hai0="93,112,109,89,128,122,68,44,75,96,39,60,15" hai1="124,28,118,62,102,18,25,27,90,72,97,9,80" hai2="98,50,5,85,81,134,14,86,115,74,58,33,37" hai3="104,46,88,22,48,42,54,119,3,132,83,79,120"/><U107/><E118/><V70/><F33/><W26/><G120/><T59/><D112/><U52/><E124/><V121/><F37/><W8/><G104/><T21/><D75/><U4/><E18/><V101/><F70/><W30/><G132/><T125/><D125/><U32/><E27/><V31/><F121/><W129/><G129/><T47/><D122/><U11/><E4/><V131/><F134/><W127/><G119/><T69/><D128/><U61/><E61/><V73/><F31/><W40/><G127/><T57/><D109/><U63/><E63/><V1/><F1/><W110/><G110/><T6/><D59/><U24/><E24/><V87/><F81/><W45/><G45/><T111/><D111/><U130/><E130/><V77/><F77/><W92/><G8/><N who="0" m="4503" /><D39/><U123/><E123/><V103/><F103/><W55/><G40/><T71/><D71/><U64/><E64/><V51/><F74/><W16/><G30/><T100/><D100/><U13/><E13/><V20/><F73/><W126/><G126/><T135/><D69/><U10/><E90/><V38/><F38/><W29/><G29/><T67/><D68/><U7/><E7/><V65/><F5/><W94/><G94/><T49/><D135/><U23/><E32/><V116/><F116/><W133/><G133/><T66/><D66/><U2/><E2/><V0/><F0/><W12/><G3/><T99/><D99/><U17/><E72/><V76/><F131/><W78/><G26/><T105/><D105/><U84/><E107/><V114/><F115/><W36/><G36/><RYUUKYOKU ba="1,0" sc="250,0,370,0,182,0,198,0" />
</Scene>
<Scene>
<INIT seed="2,2,0,5,2,36" ten="250,370,182,198" oya="2" hai0="58,125,129,133,90,70,31,54,81,6,40,92,74" hai1="94,132,19,117,93,51,56,37,41,131,110,49,87" hai2="1,34,50,16,9,64,68,33,48,130,76,11,77" hai3="44,112,46,39,118,119,67,72,96,75,101,14,17"/><V78/><F130/><W109/><G112/><T91/><D70/><U13/><E37/><V66/><F1/><W32/><G32/><T111/><D129/><U2/><E2/><V61/><F66/><W84/><G109/><T12/><D111/><U26/><E110/><V114/><F114/><W97/><G96/><T22/><D125/><U38/><E38/><V135/><F135/><W69/><G84/><T73/><D133/><U43/><E26/><V107/><F107/><W98/><G98/><T21/><D31/><U23/><E132/><V89/><F89/><W126/><G126/><T62/><D74/><U28/><E28/><V108/><F108/><W57/><G69/><T100/><D73/><U59/><E117/><V71/><F71/><W24/><G24/><T122/><D122/><U20/><E20/><N who="0" m="7785" /><D81/><U79/><E131/><V123/><F123/><W10/><G75/><T86/><D91/><N who="1" m="53503" /><E94/><V116/><F116/><W80/><G39/><T15/><D100/><U88/><E88/><V115/><F115/><W53/><G72/><T35/><D35/><U60/><E79/><V103/><F103/><W102/><G80/><T106/><D106/><U7/><E7/><V127/><F127/><W120/><G120/><T0/><D0/><U85/><E85/><V65/><F33/><W45/><G101/><T99/><D99/><U47/><E60/><N who="2" m="39943" /><F34/><W113/><G113/><T4/><D4/><U128/><E128/><V27/><F61/><N who="3" m="38319" /><G119/><T95/><D95/><U104/><E104/><V8/><F65/><W121/><G121/><T124/><D124/><U30/><E30/><RYUUKYOKU ba="2,0" sc="250,-15,370,15,182,15,198,-15" hai1="13,19,23,41,43,47,49,51,56,59" hai2="8,9,11,16,27,48,50,76,77,78" />
</Scene>
<Scene>
<INIT seed="2,3,0,4,5,68" ten="235,385,197,183" oya="2" hai0="58,131,87,21,0,5,36,105,12,76,106,90,110" hai1="102,101,47,53,89,82,2,22,26,74,34,10,114" hai2="91,128,86,81,35,135,96,4,49,61,11,98,43" hai3="46,32,40,108,97,50,60,24,100,121,124,88,33"/><V18/><F35/><W63/><G121/><T15/><D76/><U70/><E70/><V122/><F122/><W77/><G124/><T113/><D113/><U112/><E34/><V129/><F135/><W78/><G108/><T57/><D110/><U38/><E53/><V65/><F18/><W56/><G60/><T31/><D0/><U54/><E54/><V109/><F109/><W119/><G119/><T29/><D131/><N who="2" m="50250" /><F49/><W94/><G33/><T134/><D134/><U130/><E130/><V125/><F43/><W3/><G3/><T9/><D36/><U104/><E2/><N who="2" m="407" /><F125/><W64/><G32/><T84/><D9/><U83/><E10/><V85/><F85/><W117/><G117/><T55/><D55/><U20/><E74/><V133/><F133/><W1/><G1/><T16/><D5/><U14/><E112/><V23/><F23/><W8/><G8/><T48/><D48/><U27/><E20/><V44/><F44/><W103/><G24/><T17/><REACH who="0" step="1"/><D21/><REACH who="0" ten="225,385,197,183" step="2"/><U93/><E22/><V71/><AGARI ba="3,1" hai="61,65,71,81,86,91,96,98" m="407,50250" machi="71" ten="30,1500,0" yaku="19,1" doraHai="68" who="2" fromWho="2" sc="225,-8,385,-8,197,34,183,-8" />
</Scene>
<Scene>
<INIT seed="2,4,0,2,2,17" ten="217,377,231,175" oya="2" hai0="129,47,80,118,130,67,96,16,57,108,3,32,128" hai1="79,115,88,105,8,23,41,39,40,29,86,135,72" hai2="4,7,71,132,99,111,66,43,119,62,69,101,10" hai3="76,20,100,113,133,117,19,54,121,95,63,61,18"/><V56/><F119/><W114/><G121/><T37/><D3/><U51/><E115/><N who="3" m="44042" /><G133/><T44/><D32/><U49/><E39/><V21/><F132/><W75/><G117/><T13/><D118/><U14/><E105/><V50/><F111/><W103/><G18/><T93/><D108/><U59/><E79/><V123/><F123/><W110/><G110/><T120/><D120/><U134/><E72/><V98/><F4/><W60/><G95/><T34/><D34/><U11/><E134/><V94/><F21/><W45/><G45/><T91/><D37/><U109/><E109/><V107/><F43/><N who="1" m="16457" /><E59/><V116/><F50/><N who="1" m="18953" /><E135/><V26/><F26/><N who="3" m="14623" /><G54/><T38/><D38/><U87/><E87/><V27/><F27/><W73/><G73/><T0/><D0/><U31/><E23/><V82/><F116/><W90/><G90/><T22/><REACH who="0" step="1"/><D80/><AGARI ba="4,0" hai="60,61,63,75,76,80,100,103" m="14623,44042" machi="80" ten="30,2000,0" yaku="11,1,52,1" doraHai="17" who="3" fromWho="0" sc="217,-32,377,0,231,0,175,32" />
</Scene>
<Scene>
<INIT seed="3,0,0,4,5,130" ten="185,377,231,207" oya="3" hai0="77,119,95,58,78,16,117,134,3,12,23,114,39" hai1="85,1,97,111,45,0,73,128,31,132,109,35,101" hai2="112,10,55,14,44,18,124,4,83,56,69,28,38" hai3="64,100,91,79,98,135,50,11,99,106,21,116,86"/><W76/><G116/><T131/><D3/><U24/><E73/><V22/><F69/><W61/><G99/><T66/><D39/><U46/><E128/><V84/><F112/><W20/><G11/><T42/><D131/><U81/><E132/><V88/><F124/><W19/><G21/><T26/><D42/><U96/><E0/><V115/><F115/><W5/><G5/><T87/><D114/><U57/><E1/><V49/><F28/><W8/><G50/><T40/><D40/><U80/><E57/><V68/><F68/><W120/><G8/><T110/><D110/><N who="1" m="41995" /><E97/><V32/><F32/><W52/><G120/><T104/><D104/><N who="1" m="63527" /><E80/><V6/><F38/><W70/><G135/><T82/><D134/><U30/><E31/><V108/><F108/><W89/><G89/><AGARI ba="0,0" hai="24,30,35,45,46,81,85,89" m="63527,41995" machi="89" ten="30,1000,0" yaku="14,1" doraHai="130" who="1" fromWho="3" sc="185,0,377,10,231,0,207,-10" />
</Scene>
<Scene>
<INIT seed="4,0,0,0,5,86" ten="185,387,231,197" oya="0" hai0="102,93,16,61,18,8,25,35,9,127,108,114,70" hai1="73,95,74,134,98,109,106,94,89,79,126,21,27" hai2="46,48,119,57,63,42,117,68,99,87,7,39,4" hai3="112,111,71,75,58,78,37,84,10,135,72,38,33"/><T115/><D127/><U50/><E106/><V56/><F99/><W77/><G111/><T125/><D125/><U92/><E126/><V52/><F87/><W66/><G33/><T30/><D108/><U45/><E109/><V6/><REACH who="2" step="1"/><F68/><REACH who="2" ten="185,387,221,197" step="2"/><W53/><G71/><T132/><D70/><U131/><E98/><V51/><F51/><W101/><G84/><T118/><D61/><U43/><E50/><V80/><F80/><W124/><G124/><T107/><D107/><U49/><E49/><V41/><F41/><W54/><G37/><T23/><D93/><U130/><E43/><V11/><F11/><W90/><G10/><T105/><D105/><U2/><E95/><V120/><F120/><W29/><G38/><T96/><D96/><U110/><E94/><V104/><F104/><W20/><G75/><T122/><D122/><U83/><E92/><V121/><F121/><W17/><G72/><T69/><D69/><U14/><E74/><V15/><F15/><W32/><G101/><T133/><D102/><U31/><E14/><V19/><F19/><W129/><G17/><T34/><D118/><U85/><E73/><V103/><F103/><W47/><G77/><T62/><D62/><U82/><E79/><V123/><F123/><W44/><G78/><T65/><D9/><U24/><E82/><V12/><F12/><W40/><G40/><T3/><D18/><U60/><E83/><V116/><F116/><W113/><G90/><T13/><D8/><U128/><E89/><V88/><F88/><W81/><G81/><T26/><D13/><U97/><E97/><RYUUKYOKU ba="0,1" sc="185,-10,387,-10,221,30,197,-10" hai2="4,6,7,39,42,46,48,52,56,57,63,117,119" />
</Scene>
<Scene>
<INIT seed="5,1,1,5,0,33" ten="175,377,251,187" oya="1" hai0="102,79,123,65,41,16,0,9,47,61,51,43,119" hai1="64,49,23,69,115,72,95,3,85,29,67,91,127" hai2="31,111,90,59,15,80,10,63,131,50,30,93,62" hai3="88,11,36,134,126,106,8,52,84,4,38,83,19"/><U2/><E72/><V98/><F131/><W34/><G106/><T105/><D119/><U46/><E115/><V35/><F35/><W74/><G134/><T37/><D123/><U132/><E132/><V70/><F70/><W96/><G74/><T71/><D79/><U68/><E127/><V12/><F12/><W100/><G34/><T101/><D105/><U13/><E69/><V57/><F111/><W113/><G126/><T82/><D82/><U40/><E68/><V44/><F80/><W56/><G19/><T27/><D41/><U109/><E109/><V42/><F57/><W133/><G113/><T73/><D73/><U103/><E103/><V39/><F63/><W97/><G11/><T58/><D27/><U77/><E77/><V110/><F39/><W66/><G66/><T125/><D125/><U24/><REACH who="1" step="1"/><E13/><REACH who="1" ten="175,367,251,187" step="2"/><V76/><F76/><W25/><G133/><T53/><D0/><AGARI ba="1,2" hai="0,2,3,23,24,29,40,46,49,64,67,85,91,95" machi="0" ten="40,12000,1" yaku="1,1,2,1,52,3,53,0" doraHai="33" doraHaiUra="94" who="1" fromWho="0" sc="175,-123,367,143,251,0,187,0" />
</Scene>
<Scene>
<INIT seed="5,2,0,5,5,78" ten="52,510,251,187" oya="1" hai0="99,57,49,72,3,11,132,80,28,89,110,44,58" hai1="113,109,81,39,4,82,104,16,55,90,42,41,13" hai2="116,34,93,25,35,67,15,101,94,30,1,36,33" hai3="70,131,6,129,119,103,128,76,29,23,118,45,61"/><U120/><E104/><V108/><F36/><W134/><G6/><T88/><D110/><U105/><E105/><V98/><F1/><W66/><G103/><T0/><D132/><U63/><E4/><V22/><F108/><W50/><G134/><T117/><D117/><N who="3" m="44553" /><G76/><T54/><D28/><U52/><E113/><V121/><F121/><W8/><G8/><T2/><D11/><U51/><E39/><V114/><F114/><W7/><G23/><T97/><D72/><U26/><E26/><V56/><F116/><W17/><G17/><T71/><D71/><U95/><E63/><V65/><F15/><W86/><G86/><T124/><D124/><U74/><E74/><V14/><F14/><W43/><G29/><T75/><D75/><U60/><E60/><N who="2" m="38023" /><F93/><W47/><G45/><T100/><D89/><U96/><E109/><V10/><F67/><W32/><G32/><T77/><D77/><U53/><E120/><V125/><F125/><W19/><G19/><T59/><REACH who="0" step="1"/><D100/><REACH who="0" ten="42,510,251,187" step="2"/><U27/><E90/><V38/><F10/><W12/><G7/><T48/><D48/><U122/><E51/><V126/><F38/><W112/><G112/><T9/><D9/><U37/><E37/><V133/><F126/><W64/><G70/><T91/><D91/><U130/><E122/><V5/><F5/><W92/><G61/><T102/><D102/><U123/><E123/><V111/><F133/><W68/><G68/><T62/><D62/><U83/><E130/><V107/><F111/><W18/><G129/><T24/><D24/><U79/><E27/><V135/><F135/><RYUUKYOKU ba="2,1" sc="42,15,510,-15,251,15,187,-15" hai0="0,2,3,44,49,54,57,58,59,80,88,97,99" hai2="22,25,30,33,34,35,94,98,101,107" />
</Scene>
<Scene>
<INIT seed="6,3,1,4,0,83" ten="57,495,266,172" oya="2" hai0="94,0,72,69,77,1,48,117,126,33,98,124,79" hai1="99,78,111,19,42,20,11,15,53,8,32,59,40" hai2="3,7,122,21,116,68,115,84,61,51,133,119,58" hai3="52,109,41,12,64,96,26,106,24,65,107,31,120"/><V10/><F68/><W23/><G120/><T85/><D69/><U9/><E32/><V38/><F38/><W80/><G109/><T13/><D33/><U93/><E78/><V88/><F122/><W87/><G41/><N who="1" m="15978" /><E111/><V27/><F115/><W125/><G125/><T5/><D72/><U82/><E82/><V14/><F133/><W110/><G110/><T76/><D117/><U81/><E81/><V25/><F51/><W123/><G12/><T132/><D132/><U129/><E129/><V47/><F47/><W29/><G96/><T75/><D75/><U39/><E39/><V49/><F49/><W101/><G101/><T56/><D13/><U97/><E93/><V108/><F108/><W112/><G123/><T46/><D56/><U127/><E127/><N who="0" m="48681" /><D5/><U103/><E103/><V92/><F3/><N who="0" m="1098" /><D98/><U73/><E73/><V66/><F27/><W4/><G4/><T50/><D46/><U95/><E95/><V43/><F43/><W86/><G80/><T60/><D60/><AGARI ba="3,1" hai="8,9,11,15,19,20,53,59,60,97,99" m="15978" machi="60" ten="30,1000,0" yaku="8,1" doraHai="83" who="1" fromWho="0" sc="57,-19,495,29,266,0,172,0" />
</Scene>
<Scene>
<INIT seed="7,0,0,3,5,16" ten="38,524,266,172" oya="3" hai0="126,81,72,54,43,107,17,102,41,51,135,61,56" hai1="121,15,127,117,39,1,48,0,12,37,90,113,24" hai2="20,3,114,92,6,115,19,53,96,65,124,27,29" hai3="7,95,59,38,82,79,128,98,131,74,31,100,10"/><W134/><G38/><T69/><D107/><U58/><E117/><V60/><F124/><W42/><G42/><T36/><D102/><U40/><E127/><V68/><F53/><W88/><G134/><T110/><D72/><U4/><E121/><V44/><F44/><W119/><G119/><T18/><D126/><U70/><E70/><V13/><F6/><W35/><G31/><T30/><D81/><U87/><E113/><V64/><F64/><W76/><G35/><T78/><D78/><U26/><E58/><V111/><F3/><W105/><G76/><T11/><D110/><U94/><E48/><V91/><REACH who="2" step="1"/><F111/><REACH who="2" ten="38,524,256,172" step="2"/><W123/><G59/><T21/><D135/><U75/><E26/><V116/><F116/><W89/><G123/><T55/><D36/><U104/><E94/><V52/><F52/><W47/><G47/><T120/><D120/><U28/><E87/><V80/><F80/><W77/><G77/><T108/><D108/><U83/><E90/><V101/><F101/><W129/><REACH who="3" step="1"/><G95/><REACH who="3" ten="38,524,256,162" step="2"/><T132/><D132/><U73/><E28/><V109/><F109/><W62/><G62/><T33/><D69/><U63/><E40/><V71/><F71/><W66/><G66/><T86/><D43/><U103/><E63/><V32/><AGARI ba="0,2" hai="13,19,20,27,29,32,60,65,68,91,92,96,114,115" machi="32" ten="30,7900,0" yaku="1,1,0,1,52,1,53,1" doraHai="16" doraHaiUra="9" who="2" fromWho="2" sc="38,-20,524,-20,256,99,162,-39" owari="18,-48.0,504,60.0,355,16.0,123,-28.0" />
</Scene>
</mjloggm>