<mjloggm ver="2.3"><GO type="169" lobby="0"/><UN n0="%E3%81%82%E3%82%89%E3%81%BE%E3%82%8A" n1="%E6%AD%A6%E5%89%87%E8%BC%9D%E6%B5%B7" n2="%E5%A4%AA%E3%81%8F%E3%81%AA%E3%81%84%E3%81%8A" n3="%41%2D%2D%42%2D%2D%43%32" dan="16,16,18,16" rate="2059.12,2113.42,2258.83,2046.38" sx="M,M,F,M"/><TAIKYOKU oya="0"/>

<Scene>
<INIT seed="0,0,0,4,2,44" ten="250,250,250,250" oya="0" hai0="43,84,107,91,22,7,47,126,131,80,38,69,99" hai1="19,104,96,4,23,116,125,76,89,13,74,30,133" hai2="31,2,11,73,118,82,55,56,102,40,0,29,101" hai3="68,120,94,35,78,128,3,34,110,90,33,25,21"/><T132/><D126/><U42/><E116/><V121/><F121/><W111/><G68/><T105/><D131/><U9/><E125/><V61/><F118/><W117/><G117/><T45/><D132/><U122/><E122/><V103/><F40/><W14/><G120/><T97/><D69/><U108/><E74/><V60/><F60/><W93/><G78/><T63/><D63/><U113/><E76/><V106/><F106/><W109/><G128/><T10/><D22/><U62/><E62/><V72/><F82/><W66/><G3/><T50/><D105/><U36/><E42/><V37/><F37/><W52/><G66/><T100/><D97/><U8/><E36/><V27/><F31/><W85/><G14/><T86/><D86/><U58/><E96/><V6/><REACH who="2" step="1"/><F2/><REACH who="2" ten="250,250,240,250" step="2"/><W54/><REACH who="3" step="1"/><G93/><REACH who="3" ten="250,250,240,240" step="2"/><T28/><D107/><U114/><E104/><V112/><F112/><W129/><G129/><T98/><D80/><U130/><E114/><V124/><F124/><W20/><G20/><AGARI ba="0,2" hai="0,6,11,20,27,29,55,56,61,72,73,101,102,103" machi="20" ten="40,2600,0" yaku="1,1,53,1" doraHai="44" doraHaiUra="17" who="2" fromWho="3" sc="250,0,250,0,240,46,240,-26" />
</Scene>
<Scene>
<INIT seed="1,0,0,0,4,9" ten="250,250,286,214" oya="1" hai0="67,30,45,96,116,89,6,2,130,134,59,118,88" hai1="76,25,81,39,17,108,87,82,61,103,69,80,129" hai2="32,3,37,114,73,100,124,11,16,91,131,106,117" hai3="13,111,44,79,74,34,121,64,122,29,135,42,38"/><U63/><E39/><V125/><RYUUKYOKU type="yao9" ba="0,0" sc="250,0,250,0,286,0,214,0" hai2="3,11,16,32,37,73,91,100,106,114,117,124,125,131" />
</Scene>
<Scene>
<INIT seed="1,1,0,3,0,131" ten="250,250,286,214" oya="1" hai0="18,120,125,14,95,53,39,79,45,129,114,86,73" hai1="101,23,6,8,123,61,93,75,10,38,52,84,111" hai2="21,55,64,33,50,96,74,98,57,7,134,97,124" hai3="72,133,37,92,106,2,19,76,91,110,104,27,59"/><U81/><E38/><V29/><F74/><W62/><G37/><T25/><D129/><U78/><E123/><V112/><F33/><W56/><G2/><T122/><D125/><U121/><E121/><N who="0" m="46697" /><D114/><U82/><E111/><V47/><F124/><W90/><G110/><T113/><D113/><U109/><E109/><V103/><F112/><W20/><G76/><T100/><D25/><U43/><E43/><V85/><F7/><W51/><G72/><T9/><D73/><U44/><E23/><V41/><F85/><W67/><G91/><N who="0" m="53751" /><D79/><U26/><E26/><V36/><F21/><W128/><G128/><T83/><D83/><U102/><E10/><V54/><F29/><W1/><G1/><T42/><D53/><U22/><E22/><V0/><F54/><W48/><G59/><T58/><D58/><U66/><E82/><V24/><F24/><W60/><G60/><T13/><D13/><N who="1" m="5271" /><E75/><V11/><F0/><W107/><REACH who="3" step="1"/><G133/><REACH who="3" ten="250,250,286,204" step="2"/><T49/><D39/><U16/><E61/><V80/><F134/><W68/><G68/><T32/><D32/><U87/><E78/><V105/><F36/><W89/><G89/><T71/><D71/><U117/><E81/><V126/><F80/><W63/><G63/><T94/><D94/><U12/><E93/><V119/><F126/><W118/><G118/><T108/><D108/><U132/><E117/><V88/><F119/><W46/><G46/><T17/><D45/><U15/><E132/><V65/><F47/><W28/><G28/><T34/><D34/><U77/><E44/><N who="2" m="25871" /><F57/><W5/><G5/><T127/><D127/><RYUUKYOKU ba="1,1" sc="250,-10,250,-10,286,-10,204,30" hai3="19,20,27,48,51,56,62,67,90,92,104,106,107" />
</Scene>
<Scene>
<INIT seed="2,2,1,4,4,121" ten="240,240,276,234" oya="2" hai0="50,18,47,94,102,38,62,76,91,116,43,63,4" hai1="36,42,85,46,107,80,48,98,28,100,16,12,83" hai2="93,60,23,5,27,120,133,66,108,77,39,0,56" hai3="29,19,105,97,92,88,104,112,109,30,70,79,37"/><V114/><F120/><W95/><G37/><T86/><D116/><U35/><E35/><V34/><F114/><W122/><G70/><T106/><D4/><U58/><E28/><V125/><F39/><W82/><G122/><T69/><D76/><U127/><E127/><V21/><F125/><W118/><G118/><T15/><D69/><U59/><E36/><V22/><F133/><W54/><G112/><T128/><D128/><U31/><E31/><V73/><F34/><W41/><G41/><T84/><D84/><U53/><E42/><V3/><F27/><W131/><G131/><T99/><REACH who="0" step="1"/><D38/><REACH who="0" ten="230,240,276,234" step="2"/><U110/><E85/><V1/><F5/><W130/><G130/><T103/><D103/><U8/><E100/><V126/><F126/><W74/><G79/><T72/><D72/><U40/><E98/><V10/><F77/><W14/><G74/><T55/><D55/><U44/><E53/><V45/><F73/><W32/><G54/><T123/><D123/><U6/><E40/><V7/><F7/><W71/><G71/><T90/><D90/><U17/><E6/><V68/><F68/><W51/><G88/><T75/><D75/><U9/><E48/><V96/><F0/><W26/><G97/><T13/><D13/><U65/><E12/><V129/><F129/><W67/><G14/><T134/><D134/><U2/><E2/><V87/><F87/><W11/><G26/><T81/><D81/><U101/><E101/><V78/><F1/><W49/><G82/><T135/><D135/><U61/><E83/><V24/><F3/><W33/><G67/><RYUUKYOKU ba="2,2" sc="230,30,240,-10,276,-10,234,-10" hai0="15,18,43,47,50,62,63,86,91,94,99,102,106" />
</Scene>
<Scene>
<INIT seed="3,3,2,4,1,19" ten="260,230,266,224" oya="3" hai0="90,12,130,79,106,77,27,111,83,114,43,84,64" hai1="51,29,26,47,24,119,98,66,125,31,73,11,86" hai2="68,120,14,49,133,36,99,131,41,20,89,100,50" hai3="102,54,2,34,122,95,62,42,38,65,97,1,0"/><W4/><G34/><T23/><D111/><U57/><E73/><V10/><F68/><W108/><G108/><T128/><D106/><U60/><E119/><V101/><F36/><W115/><G115/><T59/><D114/><U112/><E125/><V22/><F131/><N who="0" m="50218" /><D12/><U129/><E112/><V48/><F133/><W81/><G122/><T91/><D43/><U71/><E129/><V69/><F69/><W63/><G4/><T88/><D77/><U44/><E11/><V124/><F124/><W132/><G132/><T126/><D126/><U110/><E110/><V40/><F89/><W94/><G81/><T70/><D70/><U104/><E86/><V53/><F53/><W107/><G42/><N who="2" m="16489" /><F120/><W117/><G38/><T17/><D79/><U37/><E37/><V118/><F118/><W6/><G6/><T8/><D8/><U30/><E71/><V85/><F85/><W9/><G9/><T55/><D64/><U109/><E109/><V7/><F99/><W13/><G13/><T78/><D78/><U121/><E121/><V3/><F3/><W28/><G117/><T46/><D46/><U35/><E35/><V16/><F7/><W92/><G65/><T25/><D25/><U127/><E127/><V116/><F116/><W96/><G96/><T87/><D84/><U58/><E98/><V105/><F105/><W45/><G45/><N who="1" m="17482" /><E104/><V39/><F39/><W93/><G107/><T134/><D134/><U76/><E76/><V72/><F72/><W74/><G74/><T52/><D55/><AGARI ba="3,2" hai="24,26,29,30,31,51,55,57,58,60,66" m="17482" machi="55" ten="30,1000,0" yaku="8,1" doraHai="19" who="1" fromWho="0" sc="260,-19,230,39,266,0,224,0" />
</Scene>
<Scene>
<INIT seed="4,0,0,3,1,14" ten="241,269,266,224" oya="0" hai0="77,66,22,44,41,130,58,4,21,61,28,48,118" hai1="69,12,30,47,36,84,52,120,23,104,26,92,115" hai2="25,131,82,33,129,119,102,79,93,67,64,5,10" hai3="43,3,109,103,80,18,70,24,90,15,38,126,76"/><T9/><D130/><N who="2" m="49674" /><F119/><W42/><G70/><T13/><D118/><U53/><E104/><V68/><F68/><W112/><G109/><T6/><D77/><U29/><E120/><V128/><F128/><W98/><G112/><T27/><REACH who="0" step="1"/><D21/><REACH who="0" ten="231,269,266,224" step="2"/><U46/><E23/><V40/><F79/><W88/><G76/><T71/><D71/><U49/><E69/><V65/><F33/><W132/><G126/><T55/><D55/><U31/><E52/><V121/><F121/><W114/><G114/><T59/><D59/><U96/><E115/><V108/><F108/><W99/><G132/><T75/><D75/><U7/><E53/><V111/><F111/><W0/><G43/><T127/><D127/><U78/><E78/><V63/><F65/><W51/><G42/><T89/><D89/><U91/><E91/><V100/><F40/><W56/><G88/><T94/><D94/><U87/><E92/><V116/><F67/><W123/><G90/><T133/><D133/><U105/><E87/><V50/><F116/><W125/><G56/><T19/><AGARI ba="0,1" hai="4,6,9,13,19,22,27,28,41,44,48,58,61,66" machi="19" ten="20,12000,1" yaku="1,1,0,1,7,1,8,1,52,1,53,0" doraHai="14" doraHaiUra="101" who="0" fromWho="0" sc="231,130,269,-40,266,-40,224,-40" />
</Scene>
<Scene>
<INIT seed="4,1,0,2,2,26" ten="361,229,226,184" oya="0" hai0="52,116,36,81,64,6,100,93,90,53,32,79,17" hai1="30,131,1,107,45,38,11,129,111,31,48,121,133" hai2="89,119,58,19,14,46,108,84,44,132,54,60,109" hai3="22,15,61,25,70,42,55,97,33,94,43,68,67"/><T112/><D112/><U47/><E107/><V10/><F132/><W41/><G55/><T0/><D116/><U12/><E121/><V86/><F119/><W28/><G68/><T69/><D36/><U51/><E1/><V135/><F135/><W20/><REACH who="3" step="1"/><G15/><REACH who="3" ten="361,229,226,174" step="2"/><T16/><D69/><U9/><E12/><V88/><F109/><W118/><G118/><T101/><D53/><U4/><E133/><V110/><F108/><W83/><G83/><T27/><D52/><U7/><E111/><V39/><F110/><W5/><G5/><T115/><D6/><U2/><E2/><V96/><F54/><W80/><G80/><T74/><D0/><U59/><E38/><V102/><F39/><W29/><G29/><T87/><D81/><U50/><E50/><V117/><F117/><W78/><G78/><T95/><D79/><U85/><E85/><V77/><F77/><W24/><G24/><T130/><D87/><U127/><E127/><V40/><F84/><W75/><G75/><T66/><D74/><U113/><REACH who="1" step="1"/><E59/><REACH who="1" ten="361,219,226,174" step="2"/><V8/><F86/><W3/><G3/><T34/><D27/><U99/><E99/><V23/><F58/><W122/><G122/><T18/><D101/><AGARI ba="1,2" hai="20,22,25,28,33,41,42,43,61,67,70,94,97,101" machi="101" ten="40,2600,0" yaku="1,1,52,1,53,0" doraHai="26" doraHaiUra="71" who="3" fromWho="0" sc="361,-29,219,0,226,0,174,49" />
</Scene>
<Scene>
<INIT seed="5,0,0,3,3,62" ten="332,219,226,223" oya="1" hai0="105,101,12,31,100,123,41,0,11,36,26,6,103" hai1="43,68,96,112,135,120,110,42,60,80,49,44,117" hai2="73,99,125,30,111,130,104,107,118,7,1,50,66" hai3="33,92,59,75,102,70,20,115,16,129,2,122,132"/><U89/><E117/><V94/><F111/><W71/><G122/><T9/><D123/><U67/><E120/><V37/><F37/><W81/><G2/><T39/><D41/><U8/><E112/><V35/><F118/><W127/><G33/><T24/><D105/><U72/><E135/><V64/><F73/><W53/><G132/><T25/><REACH who="0" step="1"/><D31/><REACH who="0" ten="322,219,226,223" step="2"/><U14/><E43/><V18/><F107/><W78/><G115/><T45/><D45/><U4/><E110/><V63/><F104/><W77/><G129/><T93/><D93/><U106/><E106/><V47/><F94/><W55/><G92/><T5/><AGARI ba="0,1" hai="0,5,6,9,11,12,24,25,26,36,39,100,101,103" machi="5" ten="40,2700,0" yaku="1,1,0,1,53,0" doraHai="62" doraHaiUra="88" who="0" fromWho="0" sc="322,37,219,-13,226,-7,223,-7" />
</Scene>
<Scene>
<INIT seed="6,0,0,1,1,14" ten="359,206,219,216" oya="2" hai0="79,16,61,129,25,120,123,109,33,49,40,112,41" hai1="64,83,38,86,72,2,108,20,36,85,127,50,58" hai2="75,24,19,63,70,66,67,73,18,12,51,59,115" hai3="8,96,87,62,92,56,43,134,113,21,126,13,114"/><V71/><F115/><N who="3" m="44043" /><G134/><T5/><D109/><U94/><E2/><V90/><F90/><W133/><G133/><T116/><D129/><U55/><E72/><V42/><F24/><W27/><G126/><T135/><D135/><U47/><E108/><V6/><F6/><W65/><G43/><T80/><D5/><U0/><E0/><V48/><F42/><W89/><G87/><T17/><D112/><U101/><E127/><V7/><F7/><W102/><G8/><T78/><D116/><U125/><E125/><V45/><F12/><W128/><G13/><T22/><D120/><U26/><E38/><V104/><F59/><W111/><G111/><T117/><D33/><U68/><E68/><V118/><F63/><W37/><G37/><T34/><D34/><U131/><E131/><V97/><F97/><W106/><G128/><T52/><D117/><U95/><E36/><V31/><F118/><W29/><G106/><T60/><D60/><N who="1" m="37911" /><E101/><AGARI ba="0,0" hai="21,27,29,56,62,65,89,92,96,101,102" m="44043" machi="101" ten="30,2000,0" yaku="15,1,11,1" doraHai="14" who="3" fromWho="1" sc="359,0,206,-20,219,0,216,20" />
</Scene>
<Scene>
<INIT seed="7,0,0,5,2,20" ten="359,186,219,236" oya="3" hai0="68,86,10,47,64,25,65,7,15,27,76,26,100" hai1="1,57,85,90,0,42,127,135,49,80,36,79,6" hai2="115,109,61,92,39,94,21,63,23,132,24,122,106" hai3="70,95,66,4,34,37,112,31,118,18,54,60,82"/><W133/><G118/><T130/><D68/><U89/><E127/><V22/><F109/><W105/><G105/><T5/><D130/><U96/><E135/><V107/><F39/><W13/><G95/><N who="2" m="36393" /><F132/><W77/><G54/><T56/><D100/><U43/><E1/><V123/><F24/><W129/><G37/><T91/><D76/><U19/><E36/><V28/><F28/><W110/><G4/><N who="0" m="3527" /><D47/><U103/><E6/><N who="0" m="2057" /><D56/><U117/><E0/><V44/><F115/><W12/><G77/><T126/><D126/><U53/><E117/><V35/><F35/><W99/><G34/><T93/><AGARI ba="0,0" hai="25,26,27,64,65,86,91,93" m="2057,3527" machi="93" ten="30,7900,0" yaku="8,1,52,3" doraHai="20" who="0" fromWho="0" sc="359,79,186,-20,219,-20,236,-39" owari="438,53.0,166,-33.0,199,0.0,197,-20.0" />
</Scene>
</mjloggm>