<mjloggm ver="2.3"><GO type="169" lobby="0"/><UN n0="%E3%81%84%E3%81%9F%E3%83%92%E3%83%AD" n1="%E5%A4%AA%E3%81%8F%E3%81%AA%E3%81%84%E3%81%8A" n2="%4A%57%49%4C%4C" n3="%E3%83%89%E3%83%A9%E3%83%AD%E3%83%B3%E3%83%80%E3%82%A4%E3%83%B4" dan="16,18,16,16" rate="2139.52,2284.98,2152.93,2067.62" sx="M,M,M,M"/><TAIKYOKU oya="0"/>

<Scene>
<INIT seed="0,0,0,0,5,127" ten="250,250,250,250" oya="0" hai0="122,7,116,19,111,51,29,103,57,52,13,125,97" hai1="4,96,101,86,84,102,46,45,11,1,118,62,74" hai2="48,99,91,8,3,55,40,38,80,61,85,114,79" hai3="24,66,128,90,115,92,16,26,15,27,131,110,54"/><T23/><D122/><U129/><E74/><V108/><F114/><W71/><G115/><T77/><D116/><U72/><E72/><V0/><F108/><W73/><G73/><T58/><D111/><U63/><E118/><V135/><F135/><W32/><G110/><T88/><D77/><U75/><E75/><V124/><F124/><W60/><G54/><T93/><D125/><U18/><E18/><V106/><F61/><W2/><G2/><T134/><D134/><U121/><E121/><V9/><F40/><W83/><G83/><T37/><D37/><U43/><E96/><V123/><F38/><W132/><G32/><T65/><D29/><U112/><E112/><V5/><F123/><W59/><G71/><T56/><D7/><U34/><E34/><V89/><F8/><W98/><REACH who="3" step="1"/><G132/><REACH who="3" ten="250,250,250,240" step="2"/><T113/><D113/><U69/><E69/><V10/><F0/><W109/><G109/><T39/><D39/><U67/><E1/><V133/><F133/><W22/><AGARI ba="0,1" hai="15,16,22,24,26,27,59,60,66,90,92,98,128,131" machi="22" ten="30,12000,2" yaku="1,1,0,1,52,2,54,1,53,1" doraHai="127" doraHaiUra="12" who="3" fromWho="3" sc="250,-60,250,-30,250,-30,240,130" />
</Scene>
<Scene>
<INIT seed="1,0,0,5,1,79" ten="190,220,220,370" oya="1" hai0="96,123,29,39,84,87,76,12,43,42,20,120,130" hai1="60,19,90,14,63,134,37,11,8,104,16,48,1" hai2="61,101,64,10,133,49,85,95,36,78,105,116,66" hai3="93,117,69,62,30,110,91,0,98,51,31,59,57"/><U55/><E37/><V9/><F116/><W56/><G0/><T115/><D115/><U38/><E38/><V53/><F36/><W18/><G117/><T3/><D3/><U88/><E104/><V5/><F133/><W131/><G110/><T122/><D130/><U119/><E119/><V125/><F125/><W102/><G131/><T114/><D114/><U24/><E134/><V34/><F34/><W106/><G51/><T128/><D128/><U82/><E1/><V127/><F127/><W32/><G32/><T67/><D67/><U52/><E24/><V99/><F5/><W72/><G72/><T4/><D29/><U111/><E111/><V80/><F105/><W113/><G113/><T47/><D43/><U129/><E129/><V22/><F22/><W108/><G108/><T2/><D2/><U27/><E27/><V132/><F132/><W50/><G50/><T75/><D75/><U6/><E6/><V46/><REACH who="2" step="1"/><F66/><REACH who="2" ten="190,220,210,370" step="2"/><W107/><G107/><T89/><D20/><U28/><E28/><V77/><F77/><W40/><G106/><T21/><D76/><U70/><E70/><AGARI ba="0,1" hai="9,10,46,49,53,61,64,70,78,80,85,95,99,101" machi="70" ten="30,3900,0" yaku="1,1,7,1,52,1,53,0" doraHai="79" doraHaiUra="17" who="2" fromWho="1" sc="190,0,220,-39,210,49,370,0" />
</Scene>
<Scene>
<INIT seed="2,0,0,1,4,123" ten="190,181,259,370" oya="2" hai0="32,23,59,53,81,121,127,80,109,94,42,56,7" hai1="106,34,25,124,6,76,43,20,107,33,90,15,111" hai2="4,134,97,75,31,135,118,117,21,130,13,87,114" hai3="19,108,44,129,116,40,96,77,105,66,35,104,126"/><V60/><F75/><W64/><G116/><T93/><D32/><U74/><E43/><V0/><F97/><W58/><G35/><T62/><D121/><U54/><E34/><V72/><F72/><W128/><G126/><T113/><D113/><U91/><E33/><V11/><F60/><W86/><G108/><T95/><D127/><U120/><E124/><V99/><F99/><W78/><G19/><T65/><D109/><U47/><E120/><V73/><F73/><W79/><G86/><T18/><D42/><U92/><E90/><V131/><F87/><W85/><G85/><T2/><D2/><U14/><E111/><V71/><F71/><W3/><G3/><T115/><D7/><U22/><E22/><V125/><F114/><W98/><G98/><T101/><D101/><U41/><E54/><V122/><F122/><W50/><G58/><T48/><REACH who="0" step="1"/><D115/><REACH who="0" ten="180,181,259,370" step="2"/><U46/><E41/><V51/><F125/><W24/><G40/><T8/><D8/><U5/><E6/><V88/><F118/><W132/><G105/><T9/><D9/><U17/><E5/><V38/><F117/><W100/><G100/><T12/><AGARI ba="0,1" hai="12,18,23,48,53,56,59,62,65,80,81,93,94,95" machi="12" ten="30,4000,0" yaku="1,1,0,1,8,1,53,0" doraHai="123" doraHaiUra="70" who="0" fromWho="0" sc="180,50,181,-10,259,-20,370,-10" />
</Scene>
<Scene>
<INIT seed="3,0,0,4,4,135" ten="230,171,239,360" oya="3" hai0="94,51,13,43,78,79,119,60,41,93,113,44,9" hai1="56,22,95,62,20,101,83,69,63,40,27,64,129" hai2="57,121,65,127,133,50,24,21,68,100,84,19,25" hai3="58,91,37,30,46,12,31,6,33,11,134,103,2"/><W105/><G134/><T61/><D119/><U47/><E129/><V96/><F133/><W10/><G33/><T130/><D130/><U55/><E83/><V48/><F121/><W73/><G73/><T49/><D113/><U42/><E47/><V97/><F68/><W32/><G32/><T132/><D132/><U126/><E126/><V39/><F39/><W99/><G91/><T109/><D109/><U54/><E54/><V111/><F111/><W77/><G77/><T3/><D3/><U125/><E125/><V123/><F123/><W59/><G59/><T89/><D93/><U110/><E110/><V115/><F115/><W118/><G118/><T85/><D61/><U17/><REACH who="1" step="1"/><E22/><REACH who="1" ten="230,161,239,360" step="2"/><V16/><F127/><W35/><G35/><T80/><D80/><U117/><E117/><V29/><F65/><W67/><G67/><T104/><D44/><U74/><E74/><V71/><F21/><W36/><G46/><T122/><D122/><U114/><E114/><V1/><F50/><W87/><G36/><T26/><D51/><U98/><AGARI ba="0,1" hai="17,20,27,40,42,55,56,62,63,64,69,95,98,101" machi="98" ten="30,4000,0" yaku="1,1,0,1,53,1" doraHai="135" doraHaiUra="18" who="1" fromWho="1" sc="230,-10,161,50,239,-10,360,-20" />
</Scene>
<Scene>
<INIT seed="4,0,0,0,0,61" ten="220,211,229,340" oya="0" hai0="21,111,109,129,59,87,45,119,73,49,75,123,20" hai1="133,102,65,10,24,16,122,82,25,114,3,94,80" hai2="92,40,88,7,125,56,67,30,5,63,103,22,98" hai3="62,27,34,52,131,13,76,1,117,55,91,48,84"/><T86/><D59/><U47/><E122/><V64/><F40/><W106/><G1/><T120/><D49/><U89/><E133/><V85/><F125/><W101/><G117/><T128/><REACH who="0" step="1"/><D45/><REACH who="0" ten="210,211,229,340" step="2"/><U32/><E47/><V132/><F132/><W126/><G48/><T105/><D105/><U74/><E114/><V4/><F30/><W121/><G106/><T72/><D72/><U100/><E74/><V11/><F22/><W42/><G121/><T2/><D2/><U41/><E3/><V96/><F11/><W18/><G34/><T19/><D19/><U90/><E16/><V124/><F124/><W118/><G18/><T9/><D9/><U57/><E32/><V93/><REACH who="2" step="1"/><F85/><REACH who="2" ten="210,211,219,340" step="2"/><W14/><G84/><T23/><D23/><U71/><E10/><V58/><F58/><W6/><G126/><T46/><D46/><U83/><E57/><V31/><F31/><W51/><G118/><AGARI ba="0,2" hai="20,21,73,75,86,87,109,111,118,119,120,123,128,129" machi="118" ten="25,12000,1" yaku="1,1,22,2,53,2" doraHai="61" doraHaiUra="81" who="0" fromWho="3" sc="210,140,211,0,219,0,340,-120" />
</Scene>
<Scene>
<INIT seed="4,1,0,2,3,66" ten="350,211,219,220" oya="0" hai0="90,73,35,120,67,81,22,108,77,126,16,105,27" hai1="54,10,61,98,92,33,7,109,69,124,115,104,19" hai2="49,64,40,37,88,31,39,93,111,44,25,91,11" hai3="1,26,131,29,43,134,34,119,113,36,13,129,28"/><T89/><D120/><U65/><E109/><V63/><F111/><W110/><G110/><T107/><D108/><U74/><E74/><V55/><F11/><W76/><G1/><T86/><D126/><U21/><E33/><V2/><F2/><W132/><G119/><T60/><D35/><U15/><E124/><V82/><F82/><W79/><G113/><T83/><REACH who="0" step="1"/><D90/><REACH who="0" ten="340,211,219,220" step="2"/><U87/><E115/><V52/><F91/><W50/><G34/><T32/><D32/><U56/><E104/><V51/><F31/><W112/><G29/><T117/><D117/><U58/><E87/><V5/><F5/><W0/><G112/><T48/><D48/><U96/><E96/><V62/><F25/><W97/><G28/><T6/><D6/><U125/><E125/><V42/><F37/><W106/><G36/><T122/><D122/><U84/><E84/><V53/><F42/><W85/><G26/><T99/><D99/><U78/><E98/><V30/><F30/><W102/><G85/><T3/><D3/><U114/><E114/><V8/><F39/><W130/><G0/><T95/><D95/><U133/><E92/><V71/><F51/><W72/><G72/><T47/><D47/><U18/><E7/><V101/><F88/><W68/><G50/><T9/><D9/><U116/><E10/><V14/><F93/><W94/><G43/><T46/><D46/><U135/><E116/><V12/><F101/><W75/><G75/><T80/><D80/><U57/><E19/><N who="2" m="8583" /><F14/><W59/><G13/><T123/><D123/><U4/><E4/><V103/><F103/><RYUUKYOKU ba="1,1" sc="340,15,211,-15,219,15,220,-15" hai0="16,22,27,60,67,73,77,81,83,86,89,105,107" hai2="40,44,49,52,53,55,62,63,64,71" />
</Scene>
<Scene>
<INIT seed="4,2,1,4,0,105" ten="355,196,234,205" oya="0" hai0="69,17,117,72,38,44,99,1,49,84,131,51,134" hai1="106,93,25,96,16,70,42,124,127,18,92,2,68" hai2="22,12,35,27,60,125,56,29,88,13,119,9,89" hai3="126,33,107,129,110,62,63,32,54,76,59,82,120"/><T41/><D1/><U50/><E2/><V66/><F125/><N who="1" m="48201" /><E106/><V95/><F119/><W113/><G126/><T81/><D69/><N who="1" m="26731" /><E25/><V128/><F128/><W4/><G110/><T24/><D117/><U30/><E30/><V79/><F79/><W115/><G107/><T98/><D131/><U19/><E96/><V108/><F108/><W23/><G129/><T80/><D72/><U11/><E11/><V64/><F64/><W48/><G120/><T52/><D38/><U116/><E116/><V7/><F89/><W15/><G23/><N who="0" m="13423" /><D134/><U5/><E5/><V53/><F66/><W43/><G15/><T121/><D121/><U94/><E50/><V74/><F74/><N who="3" m="43287" /><G4/><T130/><D130/><U71/><N who="1" m="26739" /><U97/><DORA hai="122" /><E97/><N who="0" m="36873" /><D84/><U114/><E42/><V37/><F37/><W6/><G6/><T77/><D77/><U0/><E0/><V101/><F101/><W45/><G63/><T34/><D34/><U21/><E21/><V111/><F111/><W132/><G132/><T57/><AGARI ba="2,1" hai="41,44,49,51,52,57,80,81" m="36873,13423" machi="57" ten="30,3000,0" yaku="8,1,54,1" doraHai="105,122" who="0" fromWho="0" sc="355,46,196,-12,234,-12,205,-12" />
</Scene>
<Scene>
<INIT seed="4,3,0,3,2,15" ten="401,184,222,193" oya="0" hai0="125,113,70,12,92,126,9,30,62,6,114,115,110" hai1="49,36,41,2,75,56,58,43,123,105,54,89,72" hai2="60,13,130,67,133,53,28,90,24,42,116,71,52" hai3="69,64,33,51,23,124,117,26,91,20,118,112,109"/><T97/><D30/><U7/><E123/><V61/><F130/><W32/><G109/><T37/><D37/><U100/><E89/><V134/><F116/><W35/><G112/><T25/><D25/><U102/><E105/><V27/><F42/><W21/><G124/><T10/><D110/><U80/><E56/><V121/><F121/><W8/><G26/><T47/><D47/><N who="1" m="23975" /><E75/><V63/><F90/><W95/><G51/><T81/><D81/><U3/><E3/><V119/><F119/><W44/><G44/><T77/><D77/><N who="1" m="44071" /><E43/><V14/><F67/><W17/><G64/><N who="0" m="41239" /><D10/><AGARI ba="3,0" hai="2,7,10,49,54,58,100,102" m="44071,23975" machi="10" ten="30,1000,0" yaku="25,1" doraHai="15" who="1" fromWho="0" sc="401,-19,184,19,222,0,193,0" />
</Scene>
<Scene>
<INIT seed="5,0,0,0,3,43" ten="382,203,222,193" oya="1" hai0="31,45,3,48,28,105,95,129,106,68,63,113,6" hai1="16,67,125,32,7,61,72,110,82,99,54,92,79" hai2="123,4,30,21,51,96,88,23,14,85,56,121,127" hai3="70,126,90,18,50,41,60,107,111,89,44,62,57"/><U1/><E32/><V115/><F127/><W58/><G111/><T2/><D95/><U77/><E125/><V11/><F96/><W10/><G70/><T65/><D113/><U13/><E110/><V75/><F75/><W39/><G39/><T116/><D116/><U81/><E54/><V17/><F115/><W36/><G36/><T94/><D129/><U12/><E1/><V134/><F134/><W101/><G126/><T33/><D94/><U132/><E132/><V76/><F76/><W124/><G124/><T5/><D5/><U133/><E133/><V27/><F56/><W29/><G29/><T46/><D46/><U69/><E7/><V83/><REACH who="2" step="1"/><F51/><REACH who="2" ten="382,203,212,193" step="2"/><W59/><G59/><T71/><D71/><U87/><REACH who="1" step="1"/><E16/><REACH who="1" ten="382,193,212,193" step="2"/><V122/><F122/><W130/><G18/><T104/><D6/><U102/><AGARI ba="0,2" hai="12,13,61,67,69,72,77,79,81,82,87,92,99,102" machi="102" ten="20,7800,0" yaku="1,1,2,1,0,1,7,1,53,0" doraHai="43" doraHaiUra="103" who="1" fromWho="1" sc="382,-26,193,98,212,-26,193,-26" />
</Scene>
<Scene>
<INIT seed="5,1,0,5,3,47" ten="356,291,186,167" oya="1" hai0="13,69,134,114,120,92,43,81,9,10,52,53,128" hai1="6,4,89,27,94,108,125,66,84,68,100,32,59" hai2="97,57,103,58,18,60,55,70,30,64,2,7,50" hai3="109,126,130,80,95,121,34,129,56,102,131,25,132"/><U62/><E125/><V12/><F2/><W39/><G121/><T36/><D69/><U23/><E32/><V51/><F7/><W127/><G109/><T105/><D105/><U26/><E108/><V91/><F30/><N who="3" m="19791" /><G39/><T87/><D114/><U90/><E100/><V54/><F91/><W46/><G46/><T110/><D134/><U79/><E79/><V106/><F12/><W1/><G1/><T3/><D128/><U49/><E27/><V88/><F88/><W119/><G119/><T40/><D3/><U28/><REACH who="1" step="1"/><E90/><REACH who="1" ten="356,281,186,167" step="2"/><V117/><REACH who="2" step="1"/><F18/><REACH who="2" ten="356,281,176,167" step="2"/><W65/><G130/><T78/><D110/><U99/><E99/><V31/><F31/><W135/><G131/><T118/><D118/><AGARI ba="1,2" hai="50,51,54,55,57,58,60,64,70,97,103,106,117,118" machi="118" ten="40,8000,1" yaku="1,1,9,1,52,2,53,0" doraHai="47" doraHaiUra="19" who="2" fromWho="0" sc="356,-83,281,0,176,103,167,0" />
</Scene>
<Scene>
<INIT seed="6,0,0,3,3,110" ten="273,281,279,167" oya="2" hai0="32,17,131,33,62,4,15,92,130,120,98,107,81" hai1="69,73,16,14,5,65,24,63,105,109,21,57,115" hai2="7,61,77,52,59,26,28,125,108,124,40,79,97" hai3="58,30,47,117,12,29,66,80,102,49,51,128,122"/><V1/><F40/><W89/><G117/><T37/><D120/><U3/><E115/><V46/><F46/><W70/><G70/><T68/><D107/><U86/><E73/><V71/><F71/><W94/><G122/><T25/><D37/><U45/><E109/><V35/><F108/><W39/><G39/><T38/><D38/><U48/><E105/><V67/><F67/><W34/><G34/><T101/><D4/><U93/><E3/><V55/><F55/><W56/><G128/><N who="0" m="49195" /><D25/><U76/><E69/><V42/><F42/><W22/><G102/><T53/><D81/><N who="1" m="47399" /><E93/><V6/><F97/><W118/><G118/><T135/><D135/><U100/><E100/><V119/><F119/><W111/><G111/><T11/><D53/><N who="1" m="29839" /><E5/><N who="2" m="1547" /><F1/><W10/><G80/><T104/><D104/><U31/><E14/><V127/><AGARI ba="0,0" hai="26,28,35,52,59,61,77,79,124,125,127" m="1547" machi="127" ten="40,3900,0" yaku="18,1,54,1" doraHai="110" who="2" fromWho="2" sc="273,-13,281,-13,279,39,167,-13" />
</Scene>
<Scene>
<INIT seed="6,1,0,2,4,83" ten="260,268,318,154" oya="2" hai0="123,133,48,14,70,101,30,68,47,60,127,41,84" hai1="102,28,79,55,27,36,105,1,16,24,97,31,81" hai2="115,77,114,86,124,33,17,121,91,53,39,32,92" hai3="131,99,18,34,0,117,120,118,65,106,100,93,85"/><V51/><F39/><W19/><G120/><T3/><D3/><U74/><E1/><V6/><F121/><W46/><G0/><T96/><D123/><U128/><E36/><V80/><F6/><W71/><G34/><T89/><D133/><U95/><E128/><V62/><F62/><W61/><G131/><T21/><D127/><U103/><E103/><V42/><F42/><W5/><G5/><T25/><D60/><U49/><E105/><V45/><F17/><W78/><G46/><T57/><D57/><U66/><E66/><V134/><F134/><W26/><G26/><T44/><D44/><U69/><E69/><V111/><F124/><W122/><G122/><T56/><D56/><U54/><E16/><V113/><REACH who="2" step="1"/><F111/><REACH who="2" ten="260,268,308,154" step="2"/><W63/><G61/><T43/><D43/><U11/><E49/><V12/><F12/><W108/><G108/><T107/><D14/><U13/><E13/><V20/><F20/><W98/><G19/><T109/><D109/><U129/><E11/><V23/><F23/><W72/><G18/><T64/><D64/><U22/><E129/><V9/><F9/><W8/><G8/><T76/><D70/><U29/><E29/><V82/><F82/><W135/><G135/><T88/><D68/><U132/><E132/><V116/><F116/><W40/><G40/><T52/><D41/><U10/><E10/><V125/><F125/><W130/><G130/><T2/><D2/><U35/><AGARI ba="1,1" hai="22,24,27,28,31,35,54,55,74,79,81,95,97,102" machi="35" ten="20,1500,0" yaku="0,1,7,1" doraHai="83" who="1" fromWho="1" sc="260,-5,268,28,308,-8,154,-5" />
</Scene>
<Scene>
<INIT seed="7,0,0,4,3,33" ten="255,296,300,149" oya="3" hai0="3,133,106,74,31,23,117,90,29,108,114,95,43" hai1="84,111,93,65,69,78,94,118,97,62,98,49,77" hai2="72,8,9,14,6,120,4,5,71,42,30,88,35" hai3="51,102,34,22,68,11,0,28,112,83,32,61,104"/><W46/><G112/><T25/><D106/><U113/><E111/><V27/><F72/><W67/><G83/><T131/><D74/><U56/><E113/><V134/><F71/><W92/><G92/><N who="1" m="35434" /><E69/><V127/><F127/><W121/><G121/><T85/><D108/><U15/><E118/><V82/><F120/><W99/><G22/><T40/><D117/><U128/><E128/><V105/><F105/><W17/><G28/><T59/><D131/><U109/><E109/><V96/><F134/><W57/><G68/><T75/><D75/><U126/><E126/><V10/><F42/><W41/><REACH who="3" step="1"/><G17/><REACH who="3" ten="255,296,300,139" step="2"/><T37/><D114/><U48/><E78/><V55/><F82/><W52/><G52/><T2/><D31/><U135/><E77/><V101/><F55/><W13/><G13/><T44/><D133/><U125/><E135/><V58/><F14/><W80/><G80/><T81/><D43/><U122/><E122/><V89/><F35/><W21/><G21/><T66/><D95/><U91/><E15/><V16/><F30/><W60/><G60/><T54/><D66/><U12/><E12/><V116/><F116/><W130/><G130/><T123/><D123/><U132/><E132/><V103/><F27/><W110/><G110/><T7/><D7/><AGARI ba="0,1" hai="0,7,11,32,34,41,46,51,57,61,67,99,102,104" machi="7" ten="40,3900,0" yaku="1,1,52,1,53,0" doraHai="33" doraHaiUra="115" who="3" fromWho="0" sc="255,-39,296,0,300,0,139,49" />
</Scene>
<Scene>
<INIT seed="7,1,0,4,5,27" ten="216,296,300,188" oya="3" hai0="14,120,74,7,23,104,130,21,61,102,93,119,131" hai1="9,11,32,101,65,4,41,2,0,12,75,28,99" hai2="30,25,129,38,44,80,67,87,114,3,1,127,10" hai3="51,113,103,39,50,107,83,121,15,24,35,92,89"/><W70/><G39/><T133/><D74/><U37/><E75/><V118/><F118/><W8/><G121/><T66/><D119/><U29/><E65/><V69/><F114/><W85/><G70/><T5/><D104/><U100/><E32/><V77/><F129/><N who="0" m="49162" /><D120/><U109/><E109/><V36/><F127/><W132/><G107/><T6/><D133/><U57/><E57/><V108/><F108/><W110/><G110/><T64/><D14/><U84/><E84/><V96/><F96/><W33/><G113/><T73/><D73/><U94/><E101/><V81/><F81/><W79/><G103/><T128/><N who="0" m="49170" /><T86/><DORA hai="48" /><D66/><U54/><E54/><V112/><F112/><W68/><G68/><N who="0" m="41999" /><D86/><U116/><E116/><V18/><F67/><W106/><G106/><T82/><D82/><U55/><E55/><V47/><F69/><W78/><G132/><T62/><D62/><U117/><E117/><V71/><F71/><W135/><G135/><T46/><D46/><U59/><E59/><V40/><F47/><W19/><G79/><T97/><AGARI ba="1,0" hai="5,6,7,21,23,93,97,102" m="41999,49170" machi="97" ten="50,1600,0" yaku="19,1" doraHai="27,48" who="0" fromWho="0" sc="216,19,296,-5,300,-5,188,-9" />
</Scene>
<Scene>
<INIT seed="8,0,0,3,2,45" ten="235,291,295,179" oya="0" hai0="86,34,130,25,83,73,38,109,14,21,135,42,90" hai1="105,61,68,91,96,95,125,103,128,10,131,63,133" hai2="66,16,6,56,84,28,32,59,20,82,29,12,112" hai3="108,46,127,78,47,44,51,113,87,22,4,77,23"/><T31/><D109/><U115/><E125/><V104/><F104/><W5/><G108/><T70/><D70/><U71/><E133/><V76/><F112/><W58/><G113/><T123/><D123/><U60/><E10/><N who="2" m="4183" /><F32/><W41/><G127/><T8/><D135/><U36/><E36/><V114/><F114/><W33/><G33/><T107/><D107/><U9/><E9/><V52/><F66/><W75/><G75/><T18/><D130/><N who="1" m="49707" /><E115/><V80/><F80/><N who="3" m="47503" /><G78/><T106/><D106/><U57/><E57/><N who="2" m="22091" /><F52/><N who="3" m="32031" /><G41/><T64/><D64/><U17/><E17/><V35/><F35/><W98/><G98/><AGARI ba="0,0" hai="60,61,63,68,71,91,95,96,98,103,105" m="49707" machi="98" ten="30,1000,0" yaku="19,1" doraHai="45" who="1" fromWho="3" sc="235,0,291,10,295,0,179,-10" owari="235,-16.0,301,39.0,295,10.0,169,-33.0" />
</Scene>
</mjloggm>