<mjloggm ver="2.3"><GO type="169" lobby="0"/><UN n0="%65%72%6F%67%72%65%65%6E" n1="%E5%A4%AA%E3%81%8F%E3%81%AA%E3%81%84%E3%81%8A" n2="%65%67%69%73%68%6F%32" n3="%E3%81%A8%E3%81%86%E3%81%8D%E3%82%82%E3%82%93" dan="17,17,17,16" rate="2157.42,2238.85,2205.28,2191.80" sx="M,M,M,M"/><TAIKYOKU oya="0"/>

<Scene>
<INIT seed="0,0,0,4,0,53" ten="250,250,250,250" oya="0" hai0="107,32,7,37,126,67,59,96,122,40,95,79,17" hai1="121,30,100,51,119,80,60,24,45,105,62,97,9" hai2="128,135,129,88,33,106,130,103,43,44,114,34,102" hai3="22,19,42,89,73,81,110,4,10,31,16,18,6"/><T50/><D122/><U29/><E119/><V85/><F114/><W118/><G118/><T41/><D107/><U82/><E121/><V12/><F12/><W76/><G110/><T28/><D37/><U2/><E30/><V54/><F54/><W78/><G42/><T1/><D79/><U84/><E2/><V27/><F135/><W69/><G69/><T112/><D112/><U125/><E9/><V72/><F72/><W134/><G134/><T36/><D36/><U70/><E125/><V14/><F14/><W55/><G78/><T23/><D28/><U116/><E116/><V115/><F115/><W48/><G89/><T35/><D126/><U65/><E62/><V124/><F124/><W21/><G31/><T77/><D77/><U39/><E84/><V52/><F27/><W83/><G83/><T64/><D7/><U109/><E39/><V74/><F74/><W8/><G4/><T111/><D1/><U108/><E108/><V38/><F52/><W99/><G99/><T56/><D32/><N who="2" m="12394" /><F106/><W92/><G92/><AGARI ba="0,0" hai="38,43,44,85,88,92,102,103,128,129,130" m="12394" machi="92" ten="40,2600,0" yaku="19,1,54,1" doraHai="53" who="2" fromWho="3" sc="250,0,250,0,250,26,250,-26" />
</Scene>
<Scene>
<INIT seed="1,0,0,5,0,56" ten="250,250,276,224" oya="1" hai0="97,9,63,81,12,23,82,14,105,117,116,19,59" hai1="96,100,6,22,107,40,66,30,41,74,115,31,71" hai2="76,26,98,4,18,135,122,87,106,8,32,15,95" hai3="48,129,102,101,90,24,109,112,34,70,86,58,57"/><U127/><E115/><V65/><F122/><W78/><G112/><T55/><D105/><U50/><E74/><V88/><F135/><W49/><G70/><T29/><D97/><U67/><E127/><V120/><F120/><W103/><G109/><T36/><D36/><U35/><E6/><V92/><F106/><W2/><G2/><T111/><D111/><U110/><E110/><V125/><F125/><W20/><G34/><T1/><D1/><U104/><E22/><V10/><F65/><W60/><G78/><T89/><D29/><U99/><E50/><V27/><F32/><W83/><G58/><T72/><D72/><U43/><E35/><V21/><F10/><W44/><G44/><T130/><D130/><U38/><E38/><V13/><REACH who="2" step="1"/><F76/><REACH who="2" ten="250,250,266,224" step="2"/><W113/><G113/><T134/><D134/><U91/><E67/><V54/><F54/><N who="3" m="33847" /><G129/><T42/><D42/><U123/><E123/><V53/><F53/><W77/><G77/><T114/><D114/><U108/><E108/><V94/><F94/><W64/><G64/><T80/><REACH who="0" step="1"/><D89/><AGARI ba="0,1" hai="4,8,13,15,18,21,26,27,87,88,89,92,95,98" machi="89" ten="30,8000,1" yaku="1,1,7,1,8,1,54,1,53,1" doraHai="56" doraHaiUra="17" who="2" fromWho="0" sc="250,-80,250,0,266,90,224,0" />
</Scene>
<Scene>
<INIT seed="2,0,0,1,2,68" ten="170,250,356,224" oya="2" hai0="74,25,97,102,124,29,94,14,111,118,12,26,57" hai1="5,21,133,116,43,135,129,90,88,122,42,28,107" hai2="105,55,119,72,58,131,120,123,92,6,104,61,3" hai3="100,16,71,126,117,69,48,36,9,38,15,112,91"/><V31/><F72/><W114/><G117/><T33/><D74/><U87/><E116/><V63/><F119/><W80/><G100/><T66/><D118/><U128/><E107/><V4/><F31/><W52/><G126/><T39/><D39/><U64/><E122/><V67/><F131/><N who="1" m="50249" /><E5/><V95/><F58/><N who="3" m="33031" /><G71/><T115/><D115/><N who="3" m="44073" /><G69/><T54/><D124/><U113/><E64/><V70/><F70/><W32/><G32/><T17/><D66/><U34/><E34/><V10/><F67/><W83/><G91/><N who="1" m="34858" /><E87/><V76/><F55/><W51/><G51/><T8/><D111/><U125/><E113/><V53/><F53/><W134/><G134/><N who="1" m="51210" /><E125/><V103/><F3/><W75/><G75/><T20/><REACH who="0" step="1"/><D8/><REACH who="0" ten="160,250,356,224" step="2"/><U78/><E78/><V40/><F10/><W45/><G45/><T106/><D106/><U23/><E28/><V50/><F76/><W18/><G18/><T82/><D82/><AGARI ba="0,1" hai="9,15,16,36,38,80,82,83" m="44073,33031" machi="82" ten="30,8000,1" yaku="11,1,52,2,54,2" doraHai="68" who="3" fromWho="0" sc="160,-80,250,0,356,0,224,90" />
</Scene>
<Scene>
<INIT seed="3,0,0,5,1,28" ten="80,250,356,314" oya="3" hai0="95,74,122,12,83,106,87,10,91,77,18,24,15" hai1="123,1,13,20,124,41,101,65,89,52,56,14,114" hai2="96,125,29,73,61,116,129,17,7,130,47,81,37" hai3="8,4,97,36,43,117,75,104,82,66,40,46,109"/><W6/><G117/><T51/><D122/><U33/><E123/><V21/><F116/><W135/><G135/><T131/><D131/><U26/><E114/><V80/><F7/><W2/><G109/><T107/><D24/><U111/><E1/><V19/><F29/><W42/><G66/><T0/><D0/><U35/><E101/><V60/><F96/><W59/><G6/><T50/><D50/><U69/><E41/><V70/><F125/><W48/><G59/><T11/><REACH who="0" step="1"/><D51/><REACH who="0" ten="70,250,356,314" step="2"/><U34/><E124/><V112/><F129/><W64/><G48/><T126/><D126/><U90/><E111/><V127/><F130/><W102/><REACH who="3" step="1"/><G64/><REACH who="3" ten="70,250,356,304" step="2"/><T121/><D121/><U27/><E65/><V32/><F127/><W133/><G133/><T92/><D92/><U58/><E27/><V54/><F112/><W100/><G100/><T120/><D120/><U23/><E26/><V45/><F47/><W86/><G86/><T108/><D108/><U128/><E128/><V88/><F45/><W79/><AGARI ba="0,2" hai="2,4,8,36,40,42,43,46,75,79,82,97,102,104" machi="79" ten="30,12000,1" yaku="1,1,0,1,25,2,53,1" doraHai="28" doraHaiUra="5" who="3" fromWho="3" sc="70,-40,250,-40,356,-40,304,140" />
</Scene>
<Scene>
<INIT seed="3,1,0,5,0,51" ten="30,210,316,444" oya="3" hai0="29,100,113,68,69,80,32,54,96,7,15,90,95" hai1="11,40,27,70,77,23,3,52,130,72,104,133,9" hai2="103,26,18,135,93,12,6,114,22,85,43,31,110" hai3="112,132,84,20,99,17,24,65,56,89,81,41,45"/><W108/><G112/><T2/><D113/><U30/><E70/><V10/><F114/><W122/><G122/><T134/><D134/><U73/><E104/><V118/><F118/><W111/><G132/><T115/><D115/><U120/><E133/><V16/><F135/><W102/><G65/><T129/><D2/><U83/><E120/><V42/><F110/><N who="3" m="42027" /><G56/><T76/><D32/><U36/><E130/><V62/><F62/><W35/><G35/><T107/><D29/><U88/><E72/><V38/><F38/><W98/><G102/><T101/><D129/><U58/><E3/><V123/><F123/><W4/><G4/><T126/><D126/><U61/><E40/><V59/><F59/><W1/><G1/><T116/><D116/><U14/><E36/><AGARI ba="1,0" hai="17,20,24,36,41,45,81,84,89,98,99" m="42027" machi="36" ten="30,2900,0" yaku="14,1,10,1" doraHai="51" who="3" fromWho="1" sc="30,0,210,-32,316,0,444,32" />
</Scene>
<Scene>
<INIT seed="3,2,0,1,0,37" ten="30,178,316,476" oya="3" hai0="13,123,54,113,65,23,71,112,116,24,78,92,104" hai1="126,106,74,134,33,128,22,70,17,50,64,120,27" hai2="29,42,86,132,135,122,85,15,4,107,125,115,96" hai3="56,124,63,62,30,41,130,94,36,6,109,101,67"/><W98/><G130/><T14/><D104/><U87/><E74/><V133/><F115/><N who="0" m="44106" /><D123/><U66/><E120/><V76/><F122/><W79/><G124/><T69/><D78/><U103/><E128/><V110/><F125/><W102/><G79/><T75/><D75/><U45/><E126/><V89/><F29/><W72/><G72/><T80/><D80/><U40/><E134/><V117/><F117/><W51/><G36/><T48/><D92/><U19/><E33/><V93/><F110/><W77/><G77/><T57/><D116/><U97/><E70/><N who="0" m="26633" /><D65/><U99/><E87/><V46/><F107/><W52/><G30/><AGARI ba="2,0" hai="13,14,23,24,30,48,54,57" m="26633,44106" machi="30" ten="30,1000,0" yaku="11,1" doraHai="37" who="0" fromWho="3" sc="30,16,178,0,316,0,476,-16" />
</Scene>
<Scene>
<INIT seed="4,0,0,0,3,44" ten="46,178,316,460" oya="0" hai0="55,38,18,41,37,26,129,101,33,98,6,32,75" hai1="11,46,28,20,128,5,19,29,35,92,113,119,117" hai2="106,39,31,100,76,114,9,43,104,10,118,16,49" hai3="90,40,130,71,95,103,112,131,70,84,107,122,64"/><T97/><D75/><U65/><E65/><V81/><F39/><W89/><G112/><T57/><D6/><U74/><E74/><V4/><F31/><N who="1" m="11849" /><E46/><V23/><F118/><N who="1" m="45065" /><E92/><V15/><F10/><W67/><G40/><T85/><D129/><U88/><E88/><V83/><F114/><W60/><G90/><T51/><D85/><U102/><E102/><V13/><F100/><W124/><G103/><T52/><D97/><U54/><E54/><V109/><F109/><W66/><G107/><T61/><D41/><U36/><E36/><V56/><F83/><W135/><G67/><T45/><D38/><U24/><E113/><V105/><F104/><W96/><G66/><T125/><D37/><U126/><E128/><V134/><F134/><W116/><G135/><T91/><D125/><U8/><E35/><V111/><F111/><W47/><G130/><T27/><D91/><U77/><E77/><V50/><F50/><W34/><G89/><T73/><D73/><U59/><E59/><V2/><F56/><W133/><G131/><T121/><D121/><U25/><E126/><V68/><F68/><W82/><G71/><T42/><D42/><U1/><E11/><V72/><F106/><W63/><G124/><T93/><REACH who="0" step="1"/><D27/><AGARI ba="0,0" hai="1,5,8,19,20,24,25,27" m="45065,11849" machi="27" ten="30,2000,0" yaku="34,2" doraHai="44" who="1" fromWho="0" sc="46,-20,178,20,316,0,460,0" />
</Scene>
<Scene>
<INIT seed="5,0,0,0,1,60" ten="26,198,316,460" oya="1" hai0="16,45,21,104,59,66,85,116,58,28,11,37,92" hai1="1,125,88,124,15,32,90,18,80,20,68,115,35" hai2="27,74,61,108,56,106,127,114,7,2,65,126,4" hai3="17,133,131,24,63,42,112,8,33,43,41,49,134"/><U83/><E1/><V46/><F74/><W69/><G112/><T71/><D104/><U128/><E68/><V72/><F72/><W89/><G131/><T54/><D116/><U62/><E115/><V121/><F121/><W26/><G33/><N who="1" m="12874" /><E62/><V10/><F7/><W96/><G49/><T73/><D73/><U38/><E38/><V118/><F114/><W57/><G69/><T55/><D71/><U98/><E128/><V40/><F118/><W25/><G89/><N who="1" m="34410" /><E98/><V130/><F130/><W103/><G8/><T14/><D85/><U13/><E13/><V81/><F81/><W78/><G78/><T70/><D92/><U52/><E52/><V109/><F27/><W67/><REACH who="3" step="1"/><G17/><REACH who="3" ten="26,198,316,450" step="2"/><T5/><D70/><U107/><E18/><V110/><REACH who="2" step="1"/><F106/><AGARI ba="0,1" hai="24,25,26,41,42,43,57,63,67,96,103,106,133,134" machi="106" ten="40,5200,0" yaku="1,1,2,1,52,1,53,0" doraHai="60" doraHaiUra="30" who="3" fromWho="2" sc="26,0,198,0,316,-52,450,62" />
</Scene>
<Scene>
<INIT seed="6,0,0,5,3,83" ten="26,198,264,512" oya="2" hai0="100,35,90,91,124,46,6,17,38,31,60,16,131" hai1="34,86,18,75,59,95,33,104,21,132,92,48,30" hai2="105,54,7,115,111,15,79,22,8,4,96,9,28" hai3="71,116,117,84,110,120,134,76,26,122,113,24,119"/><V103/><F111/><W135/><G71/><T87/><D6/><U93/><E104/><V106/><F115/><W45/><G45/><T125/><D100/><U57/><E75/><V99/><F79/><W80/><G110/><T20/><D131/><U98/><E132/><N who="3" m="50730" /><G113/><T65/><D31/><U74/><E74/><V82/><F82/><W85/><G85/><T94/><D35/><U129/><E129/><V69/><F69/><W102/><G102/><T56/><D91/><N who="1" m="53367" /><E30/><V25/><F99/><W112/><G112/><T29/><D29/><U40/><E33/><V11/><F106/><W118/><G118/><T97/><D97/><U77/><E77/><V14/><REACH who="2" step="1"/><F54/><REACH who="2" ten="26,198,254,512" step="2"/><W63/><G117/><T2/><D2/><U51/><E98/><V72/><F72/><W27/><G119/><T37/><D17/><U68/><E68/><V1/><F1/><W73/><G116/><T42/><REACH who="0" step="1"/><D38/><REACH who="0" ten="16,198,254,512" step="2"/><U101/><E18/><V50/><F50/><W61/><G73/><T126/><D126/><U39/><E48/><V107/><F107/><W58/><G63/><T133/><D133/><U78/><E39/><V47/><F47/><W66/><AGARI ba="0,2" hai="24,26,27,58,61,66,76,80,84,120,122" m="50730" machi="66" ten="30,2000,0" yaku="20,1,52,1" doraHai="83" who="3" fromWho="3" sc="16,-5,198,-5,254,-10,512,40" />
</Scene>
<Scene>
<INIT seed="7,0,0,3,3,3" ten="11,193,244,552" oya="3" hai0="98,6,78,93,128,112,50,59,87,62,76,114,89" hai1="22,104,32,64,120,8,2,86,125,5,1,0,46" hai2="135,127,131,80,16,81,63,102,117,94,124,101,56" hai3="27,49,29,61,24,121,74,58,11,13,123,97,82"/><W105/><G49/><T99/><D128/><U115/><E120/><V36/><F36/><W106/><G82/><T84/><D50/><U57/><E32/><V68/><F68/><W108/><G74/><T35/><D35/><U65/><E104/><V12/><F117/><W47/><G47/><T23/><D23/><U53/><E115/><V95/><F131/><W111/><G97/><T17/><D17/><U21/><E125/><N who="2" m="48203" /><F135/><W10/><G29/><T75/><D59/><U25/><E46/><V132/><F95/><W100/><G100/><N who="2" m="38505" /><F94/><W43/><G43/><T130/><D62/><U72/><E72/><V42/><F42/><W15/><G58/><T41/><D41/><U126/><E86/><V109/><F109/><W116/><G61/><T69/><D130/><U67/><E126/><V91/><F132/><W70/><G116/><T4/><D93/><U73/><E73/><V38/><F91/><W52/><G70/><T34/><D75/><U7/><E8/><N who="2" m="6151" /><F38/><W122/><G122/><T83/><D69/><U26/><E22/><V79/><F79/><W55/><AGARI ba="0,0" hai="10,11,13,15,24,27,52,55,105,106,108,111,121,123" machi="55" ten="25,9600,0" yaku="0,1,22,2,54,1" doraHai="3" who="3" fromWho="3" sc="11,-32,193,-32,244,-32,552,96" owari="-21,-52.0,161,-24.0,212,1.0,648,75.0" />
</Scene>
</mjloggm>