<mjloggm ver="2.3"><GO type="169" lobby="0"/><UN n0="%E3%82%B5%E3%82%A6%E3%83%AA%E3%83%BC" n1="%E3%82%A2%E3%82%B9%E3%82%BF%E3%83%8A" n2="%33%35%2B" n3="%E5%A4%AA%E3%81%8F%E3%81%AA%E3%81%84%E3%81%8A" dan="17,18,17,18" rate="2168.99,2194.24,2155.99,2295.96" sx="M,M,M,M"/><TAIKYOKU oya="0"/>

<Scene>
<INIT seed="0,0,0,1,1,100" ten="250,250,250,250" oya="0" hai0="108,55,11,39,85,51,80,70,126,88,129,123,4" hai1="7,120,115,112,31,81,95,130,46,73,97,96,118" hai2="45,32,38,103,89,75,13,101,15,52,2,111,128" hai3="14,132,69,34,50,83,114,68,5,71,48,6,3"/><T110/><D123/><U49/><E120/><V9/><F32/><W66/><G114/><N who="1" m="43562" /><E118/><V116/><F75/><W131/><G34/><T21/><D39/><U93/><E31/><V104/><F116/><W59/><G3/><T125/><D70/><U33/><E33/><V58/><F103/><W57/><G131/><T23/><D129/><U35/><E35/><V40/><F128/><W72/><G132/><T8/><D21/><U63/><E130/><V28/><F28/><W29/><G29/><T62/><D62/><U87/><E73/><V61/><F89/><W1/><G1/><T127/><D23/><U102/><E7/><V36/><F36/><W42/><G14/><T17/><D17/><U30/><E30/><V56/><F111/><N who="0" m="42538" /><D4/><U47/><E63/><V27/><F27/><W74/><G69/><T105/><D105/><N who="1" m="63687" /><E97/><V86/><F86/><W79/><G5/><T134/><D134/><U25/><E25/><V109/><F109/><W107/><G6/><T76/><D76/><N who="1" m="46503" /><E46/><AGARI ba="0,0" hai="8,11,46,51,55,80,85,88,125,126,127" m="42538" machi="46" ten="40,12000,1" yaku="18,1,14,1,10,1,54,1" doraHai="100" who="0" fromWho="1" sc="250,120,250,-120,250,0,250,0" />
</Scene>
<Scene>
<INIT seed="0,1,0,1,0,86" ten="370,130,250,250" oya="0" hai0="52,14,77,95,45,61,98,73,7,35,3,130,33" hai1="100,91,125,135,109,29,92,26,96,27,40,72,78" hai2="108,17,116,20,46,114,56,99,121,16,66,13,111" hai3="50,36,63,0,107,8,34,120,12,87,132,88,104"/><T47/><D130/><U67/><E109/><V2/><F114/><W113/><G36/><T25/><D3/><U115/><E125/><V128/><F128/><W69/><G113/><T28/><D35/><U42/><E115/><V41/><F2/><W122/><G34/><T39/><D39/><U97/><E135/><V124/><F124/><W127/><G0/><T80/><D7/><U11/><E67/><V81/><F121/><N who="3" m="46699" /><G127/><T90/><REACH who="0" step="1"/><D14/><REACH who="0" ten="360,130,250,250" step="2"/><U51/><E27/><V93/><F111/><W18/><G132/><T123/><D123/><U133/><E133/><V102/><F108/><W82/><G50/><T103/><D103/><U53/><E100/><V30/><F102/><W62/><G69/><T10/><D10/><U74/><E11/><V79/><F13/><W44/><G44/><T70/><D70/><U126/><E51/><V19/><F46/><W85/><G62/><T60/><D60/><U119/><E126/><V64/><F20/><W71/><G63/><T105/><D105/><U37/><E37/><V94/><F56/><AGARI ba="1,1" hai="25,28,33,45,47,52,56,61,73,77,80,90,95,98" machi="56" ten="40,12000,1" yaku="1,1,52,1,54,1,53,2" doraHai="86" doraHaiUra="43" who="0" fromWho="2" sc="360,133,130,0,250,-123,250,0" />
</Scene>
<Scene>
<INIT seed="0,2,0,1,0,65" ten="493,130,127,250" oya="0" hai0="87,103,18,68,121,85,5,58,114,100,11,76,99" hai1="31,44,38,120,126,72,127,55,101,53,22,9,48" hai2="77,50,36,75,10,73,40,110,33,39,41,90,0" hai3="24,81,63,67,21,15,74,115,86,104,119,17,37"/><T64/><D114/><U97/><E120/><V92/><F110/><W88/><G115/><T78/><D121/><U7/><E72/><V27/><F41/><W128/><G119/><T43/><D68/><U61/><E38/><V124/><F124/><W56/><G128/><T106/><D103/><U14/><E61/><V117/><F117/><W29/><G37/><T71/><D43/><U79/><E79/><V91/><F39/><W19/><G104/><T130/><D130/><U89/><E89/><V4/><F50/><W123/><G123/><T25/><D58/><U60/><E31/><V133/><F75/><W35/><G74/><T125/><D125/><N who="1" m="47627" /><E22/><V82/><F133/><W134/><REACH who="3" step="1"/><G19/><REACH who="3" ten="493,130,127,240" step="2"/><T46/><D18/><U107/><E60/><V118/><F118/><W62/><G62/><T42/><D106/><U111/><E111/><V84/><F90/><W57/><G57/><T69/><D69/><U1/><E1/><V30/><F36/><W131/><G131/><T112/><D71/><U94/><E107/><V70/><F70/><W16/><G16/><T132/><D132/><AGARI ba="2,1" hai="15,17,21,24,29,35,56,63,67,81,86,88,132,134" machi="132" ten="40,5200,0" yaku="1,1,54,1,53,1" doraHai="65" doraHaiUra="20" who="3" fromWho="0" sc="493,-58,130,0,127,0,240,68" />
</Scene>
<Scene>
<INIT seed="1,0,0,3,4,72" ten="435,130,127,308" oya="1" hai0="6,82,115,35,38,24,43,36,125,25,98,10,67" hai1="30,13,12,92,41,134,97,93,119,9,21,47,3" hai2="112,131,52,8,132,17,75,1,107,20,37,55,60" hai3="23,34,33,54,16,80,15,104,101,111,88,28,90"/><U79/><E119/><V31/><F107/><W51/><G111/><T70/><D115/><U108/><E3/><V56/><F37/><W81/><G104/><T22/><D125/><U113/><E113/><V84/><F75/><W73/><G101/><T85/><D35/><U102/><E134/><V4/><F132/><W118/><G118/><T103/><D70/><U133/><E133/><V14/><F131/><W121/><G121/><T7/><D67/><U78/><E108/><V129/><F129/><W96/><G96/><T94/><D7/><U116/><E116/><V58/><F112/><W66/><G66/><T83/><D83/><U86/><E13/><V126/><F126/><W62/><G62/><T46/><D36/><U69/><E69/><V0/><F31/><W26/><G34/><T64/><D64/><U2/><E2/><V53/><F0/><W59/><REACH who="3" step="1"/><G81/><REACH who="3" ten="435,130,127,298" step="2"/><T45/><D103/><U49/><E92/><V114/><F114/><W19/><G19/><T68/><D98/><U63/><E63/><V57/><REACH who="2" step="1"/><F84/><REACH who="2" ten="435,130,117,298" step="2"/><W74/><G74/><T89/><D85/><U48/><E86/><V109/><F109/><W50/><G50/><T87/><D87/><U11/><E49/><V27/><F27/><W130/><G130/><T120/><D38/><U128/><E128/><V95/><F95/><W76/><AGARI ba="0,2" hai="15,16,23,26,28,33,51,54,59,73,76,80,88,90" machi="76" ten="30,8000,1" yaku="1,1,0,1,52,1,54,2,53,0" doraHai="72" doraHaiUra="127" who="3" fromWho="3" sc="435,-20,130,-40,117,-20,298,100" />
</Scene>
<Scene>
<INIT seed="2,0,0,3,3,31" ten="415,90,97,398" oya="2" hai0="49,99,11,53,20,21,59,7,86,104,5,22,8" hai1="130,129,29,108,13,88,48,97,89,133,98,40,109" hai2="66,32,101,128,19,47,54,82,61,117,58,106,57" hai3="23,72,73,77,1,69,30,79,63,92,36,127,12"/><V43/><F117/><W94/><G1/><T62/><D104/><U9/><E29/><V39/><F82/><W55/><G36/><T81/><D99/><N who="1" m="37899" /><E48/><V17/><F101/><W15/><G127/><T67/><D7/><U124/><E40/><V10/><F106/><W126/><G126/><T46/><REACH who="0" step="1"/><D5/><REACH who="0" ten="405,90,97,398" step="2"/><N who="1" m="3247" /><E124/><V52/><F128/><N who="1" m="49257" /><E133/><V103/><F103/><W80/><G72/><T42/><D42/><U27/><E27/><V116/><F116/><W90/><G73/><T110/><D110/><AGARI ba="0,1" hai="88,89,108,109,110" m="49257,3247,37899" machi="110" ten="30,3900,0" yaku="14,1,19,1,54,1" doraHai="31" who="1" fromWho="0" sc="405,-39,90,49,97,0,398,0" />
</Scene>
<Scene>
<INIT seed="3,0,0,5,2,5" ten="366,139,97,398" oya="3" hai0="29,11,82,74,125,3,109,8,131,129,44,26,106" hai1="55,91,51,81,49,88,111,80,65,108,102,93,16" hai2="32,124,97,58,116,23,2,54,104,75,21,83,134" hai3="92,112,135,79,15,103,1,10,46,85,84,100,120"/><W34/><G112/><T76/><D3/><U90/><E65/><V73/><F116/><W14/><G120/><T110/><D106/><U126/><E126/><V118/><F118/><W89/><G34/><T30/><D125/><U20/><E102/><V43/><F97/><W9/><G1/><T53/><D44/><U19/><E93/><V61/><F2/><W52/><G135/><T71/><D71/><U22/><E91/><V130/><F32/><W107/><G107/><T57/><D30/><U94/><E94/><V27/><F104/><W45/><G79/><T4/><D4/><U67/><E67/><V114/><F124/><W12/><G84/><T56/><D56/><U48/><E48/><V41/><F21/><W24/><G24/><T70/><D70/><U115/><REACH who="1" step="1"/><E55/><REACH who="1" ten="366,129,97,398" step="2"/><V37/><F54/><W0/><G52/><T119/><D53/><U95/><E95/><V98/><F134/><W72/><G100/><T63/><D57/><U69/><E69/><V127/><F58/><W105/><G103/><T78/><D63/><U13/><E13/><V25/><F61/><W64/><G0/><T66/><D66/><U99/><E99/><V35/><F98/><W50/><G105/><T133/><D78/><U18/><E18/><V59/><F59/><W121/><G64/><T36/><D76/><U101/><E101/><V7/><F127/><W128/><G50/><T42/><D133/><U40/><E40/><V31/><F43/><W86/><G89/><T47/><D42/><U28/><E28/><V33/><F31/><W132/><G132/><T113/><D29/><RYUUKYOKU ba="0,1" sc="366,-10,129,30,97,-10,398,-10" hai1="16,19,20,22,49,51,80,81,88,90,108,111,115" />
</Scene>
<Scene>
<INIT seed="4,1,1,5,2,25" ten="356,159,87,388" oya="0" hai0="117,15,82,109,135,111,55,77,96,29,65,21,118" hai1="59,72,46,71,31,93,127,101,108,114,98,57,81" hai2="88,132,20,116,78,90,52,40,134,89,4,7,34" hai3="41,0,80,66,76,48,51,104,33,94,45,18,92"/><T119/><D65/><U42/><E108/><N who="0" m="41545" /><D96/><U120/><E71/><V28/><F34/><W16/><G33/><T95/><D95/><U8/><E120/><V125/><F40/><W19/><G104/><T113/><D113/><U112/><E127/><V110/><F110/><W14/><G0/><T47/><D135/><N who="2" m="51754" /><F125/><W17/><G66/><T73/><D15/><U105/><E105/><V43/><F43/><W2/><G2/><T128/><D128/><U13/><E31/><V62/><F78/><W56/><G56/><T130/><D130/><U12/><E81/><V37/><F37/><W60/><G60/><T100/><D100/><U61/><E72/><V23/><F116/><W10/><REACH who="3" step="1"/><G51/><REACH who="3" ten="356,159,87,378" step="2"/><N who="0" m="29183" /><D118/><U103/><E112/><V53/><F62/><W129/><G129/><T124/><D124/><U67/><E114/><V126/><F126/><W86/><AGARI ba="1,2" hai="10,14,16,17,18,19,41,45,48,76,80,86,92,94" machi="86" ten="30,8000,1" yaku="1,1,0,1,8,1,54,1,53,1" doraHai="25" doraHaiUra="75" who="3" fromWho="3" sc="356,-41,159,-21,87,-21,378,103" />
</Scene>
<Scene>
<INIT seed="5,0,0,5,4,75" ten="315,138,66,481" oya="1" hai0="57,123,58,98,29,66,44,91,111,48,40,69,83" hai1="0,110,73,103,90,64,19,96,16,114,28,82,68" hai2="20,53,32,88,41,52,105,112,128,85,24,134,55" hai3="37,99,74,25,38,70,129,108,27,106,46,81,49"/><U34/><E0/><V22/><F105/><W61/><G108/><T124/><D111/><U87/><E110/><V133/><F41/><W121/><G121/><T130/><D123/><U1/><E1/><V9/><F128/><W71/><G129/><T43/><D130/><U26/><E73/><V8/><F32/><W113/><G113/><T51/><D124/><U63/><REACH who="1" step="1"/><E114/><REACH who="1" ten="315,128,66,481" step="2"/><V11/><F112/><W77/><G74/><T47/><D98/><U12/><E12/><V122/><F122/><W36/><G99/><T10/><D29/><U104/><AGARI ba="0,1" hai="16,19,26,28,34,63,64,68,82,87,90,96,103,104" machi="104" ten="20,18000,2" yaku="1,1,0,1,7,1,25,2,54,1,53,1" doraHai="75" doraHaiUra="95" who="1" fromWho="1" sc="315,-60,128,190,66,-60,481,-60" />
</Scene>
<Scene>
<INIT seed="5,1,0,2,3,35" ten="255,318,6,421" oya="1" hai0="71,101,39,16,17,78,76,134,128,95,46,125,44" hai1="29,75,2,97,65,49,15,9,98,119,108,131,114" hai2="54,53,47,12,30,89,129,40,133,92,109,13,31" hai3="118,36,21,83,130,88,6,33,60,69,52,84,67"/><U100/><E119/><V11/><F109/><W42/><G33/><T14/><D71/><U107/><E75/><V28/><F133/><W86/><G118/><T117/><D117/><U68/><E108/><V27/><F129/><W22/><G130/><T105/><D105/><U72/><E72/><V112/><F112/><W102/><G102/><T23/><D128/><U26/><E131/><V73/><F73/><W8/><G52/><N who="2" m="20073" /><F27/><W57/><G69/><T41/><D134/><U24/><E114/><V56/><F11/><W81/><G42/><T61/><D125/><U122/><E122/><V90/><F56/><W70/><G36/><T48/><D61/><U96/><E49/><N who="2" m="26855" /><F89/><W51/><G51/><T38/><D38/><U106/><E106/><V32/><F32/><W34/><G34/><T25/><D46/><U113/><E113/><V50/><F50/><W123/><G70/><T1/><D1/><U135/><E135/><V79/><F79/><N who="3" m="46143" /><G123/><T99/><REACH who="0" step="1"/><D39/><REACH who="0" ten="245,318,6,421" step="2"/><U77/><E2/><V0/><F0/><W103/><G60/><T93/><D93/><U20/><E68/><V62/><F62/><W63/><G63/><T43/><D43/><U85/><E65/><V110/><F110/><W45/><G67/><T80/><D80/><U127/><E127/><V59/><F59/><W104/><G57/><T18/><D18/><U5/><REACH who="1" step="1"/><E26/><REACH who="1" ten="245,308,6,421" step="2"/><V120/><F120/><W87/><G104/><T55/><D55/><U58/><E58/><V74/><F74/><W115/><G115/><T132/><D132/><U111/><E111/><V82/><F82/><AGARI ba="1,2" hai="5,9,15,20,24,29,77,82,85,96,97,98,100,107" machi="82" ten="40,2000,0" yaku="1,1,53,0" doraHai="35" doraHaiUra="37" who="1" fromWho="2" sc="245,0,308,43,6,-23,421,0" owari="245,-15.0,351,15.0,-17,-52.0,421,52.0" />
</Scene>
</mjloggm>