<mjloggm ver="2.3"><GO type="169" lobby="0"/><UN n0="%6B%6F%72%6F%74%61%6E%6E" n1="%E2%91%A3%E3%82%BB%E3%83%B3%E3%83%81" n2="%E5%A4%AA%E3%81%8F%E3%81%AA%E3%81%84%E3%81%8A" n3="%E2%98%86%E2%98%85%E5%A4%A9%E6%B1%9F%E8%A1%A3%E2%98%85%E2%98%86" dan="16,18,19,16" rate="2042.84,2242.84,2292.85,2152.60" sx="M,M,F,M"/><TAIKYOKU oya="0"/>

<Scene>
<INIT seed="0,0,0,5,3,125" ten="250,250,250,250" oya="0" hai0="113,116,105,3,49,34,2,75,112,132,50,123,115" hai1="33,38,119,111,124,26,73,58,30,43,23,78,61" hai2="12,31,22,122,97,109,68,131,66,82,4,52,98" hai3="79,8,27,60,94,15,65,10,107,46,121,47,130"/><T93/><D105/><U17/><E119/><V95/><F122/><W102/><G121/><T59/><D123/><U80/><E124/><V1/><F1/><W25/><G107/><T91/><D75/><U114/><E111/><V126/><F126/><W53/><G79/><T77/><D77/><U36/><E114/><V11/><F109/><W135/><G135/><T5/><D34/><U88/><E43/><V118/><F118/><W87/><G10/><T9/><D2/><U62/><E62/><V20/><F68/><W18/><G130/><T7/><D7/><U45/><E45/><V40/><F66/><W101/><G101/><T29/><D29/><U71/><E71/><V35/><F40/><W90/><G102/><T96/><D116/><U32/><E32/><V74/><F74/><W44/><REACH who="3" step="1"/><G53/><REACH who="3" ten="250,250,250,240" step="2"/><T83/><D132/><U127/><E127/><V92/><F52/><W133/><G133/><T81/><D113/><U13/><E88/><V19/><F11/><W67/><G67/><AGARI ba="0,1" hai="13,17,23,26,30,33,36,38,58,61,67,73,78,80" machi="67" ten="30,1000,0" yaku="7,1" doraHai="125" who="1" fromWho="3" sc="250,0,250,20,250,0,240,-10" />
</Scene>
<Scene>
<INIT seed="1,0,0,0,4,29" ten="250,270,250,230" oya="1" hai0="85,112,41,99,93,7,62,114,97,63,19,129,88" hai1="12,25,57,45,28,31,90,35,124,117,133,79,77" hai2="75,39,3,17,68,125,118,37,71,81,67,53,51" hai3="66,1,115,55,122,27,131,103,105,49,120,60,14"/><U83/><E117/><V113/><F3/><W92/><G1/><T46/><D129/><U9/><E124/><V30/><F118/><W38/><G38/><T98/><D7/><U32/><E133/><V110/><F125/><W5/><G105/><T119/><D119/><U84/><E57/><V33/><F110/><W22/><G115/><T24/><D114/><U21/><E45/><V101/><F113/><W106/><G106/><T58/><D58/><U43/><E43/><V44/><F101/><W56/><G131/><T127/><D127/><U13/><E13/><V50/><F17/><W82/><G82/><T132/><D132/><U121/><E121/><V104/><F104/><W70/><G14/><T16/><D112/><U11/><E11/><V52/><F81/><W94/><G5/><T6/><D6/><U0/><E0/><V10/><F75/><W18/><REACH who="3" step="1"/><G103/><REACH who="3" ten="250,270,250,220" step="2"/><T61/><REACH who="0" step="1"/><D24/><REACH who="0" ten="240,270,250,220" step="2"/><U42/><E25/><V40/><F39/><AGARI ba="0,2" hai="16,19,39,41,46,61,62,63,85,88,93,97,98,99" machi="39" ten="40,8000,1" yaku="1,1,2,1,54,2,53,0" doraHai="29" doraHaiUra="128" who="0" fromWho="2" sc="240,100,270,0,250,-80,220,0" />
</Scene>
<Scene>
<INIT seed="2,0,0,0,0,105" ten="340,270,170,220" oya="2" hai0="6,59,13,61,42,81,49,46,5,51,70,29,71" hai1="50,128,67,78,8,108,38,3,28,86,25,39,14" hai2="120,82,63,113,123,87,74,30,37,126,97,55,36" hai3="89,118,135,35,40,130,93,11,69,84,85,45,10"/><V15/><F113/><W18/><G118/><T99/><D49/><U117/><E3/><V102/><F126/><W0/><G130/><T72/><D29/><U111/><E117/><V56/><F30/><W73/><G135/><T125/><D125/><U75/><E67/><V27/><F27/><W23/><G69/><T88/><D5/><U53/><E86/><V92/><F15/><W54/><G35/><T32/><D32/><U112/><E112/><V52/><F55/><W80/><G0/><T60/><D60/><U76/><E76/><V100/><F100/><W48/><G40/><T95/><D6/><U12/><E12/><V116/><F116/><W98/><G73/><T109/><D13/><U83/><E128/><V132/><F132/><W22/><G85/><T62/><D62/><U114/><E114/><V115/><F115/><W107/><G107/><T65/><REACH who="0" step="1"/><D109/><REACH who="0" ten="330,270,170,220" step="2"/><N who="1" m="42059" /><E28/><V19/><F19/><W31/><G31/><T94/><D94/><U103/><E25/><V68/><F68/><W110/><G110/><T121/><D121/><U7/><E103/><V122/><REACH who="2" step="1"/><F74/><REACH who="2" ten="330,270,160,220" step="2"/><W44/><G18/><T104/><D104/><U20/><E8/><N who="3" m="3114" /><G45/><T96/><D96/><U133/><E133/><V90/><AGARI ba="0,2" hai="36,37,52,56,63,82,87,90,92,97,102,120,122,123" machi="90" ten="30,6000,0" yaku="1,1,0,1,54,1,53,0" doraHai="105" doraHaiUra="66" who="2" fromWho="2" sc="330,-20,270,-20,160,80,220,-20" />
</Scene>
<Scene>
<INIT seed="2,1,0,3,1,28" ten="310,250,240,200" oya="2" hai0="111,89,82,16,72,59,47,81,125,22,50,116,18" hai1="103,20,135,128,79,43,91,51,14,2,61,124,118" hai2="112,92,66,55,96,100,19,122,97,123,34,83,4" hai3="7,45,113,56,32,12,133,78,114,117,108,3,37"/><V25/><F112/><N who="3" m="43115" /><G117/><T29/><D116/><U5/><E118/><V8/><F66/><W77/><G108/><T49/><D111/><U30/><E2/><V93/><F83/><W15/><G133/><T95/><D72/><U86/><E135/><V42/><F42/><N who="3" m="22735" /><G32/><T130/><D130/><U35/><E79/><N who="3" m="30218" /><G56/><T121/><D121/><U73/><E73/><V131/><F131/><W36/><G36/><T134/><D134/><U129/><E35/><V87/><F87/><W132/><G132/><T31/><D59/><U33/><E33/><V105/><F55/><W38/><G38/><T106/><D106/><U84/><E84/><V60/><F60/><W90/><G90/><T9/><D9/><AGARI ba="1,0" hai="3,7,9,12,15" m="30218,22735,43115" machi="9" ten="30,1000,0" yaku="11,1" doraHai="28" who="3" fromWho="0" sc="310,-13,250,0,240,0,200,13" />
</Scene>
<Scene>
<INIT seed="3,0,0,4,2,91" ten="297,250,240,213" oya="3" hai0="126,36,51,45,49,43,118,123,10,85,54,77,23" hai1="64,132,113,28,29,44,6,116,63,114,129,66,61" hai2="125,87,122,120,53,17,112,46,11,32,81,101,20" hai3="102,110,26,37,39,7,124,18,31,135,72,92,59"/><W3/><G72/><T106/><D106/><U35/><E6/><V52/><F112/><W12/><G124/><T41/><D126/><U19/><E35/><V1/><F32/><W97/><G135/><T105/><D105/><U83/><E83/><V2/><F125/><W80/><G80/><N who="0" m="47247" /><D36/><U65/><E19/><V99/><F11/><W33/><G110/><T34/><D34/><U94/><E44/><V88/><F1/><W57/><G57/><N who="0" m="32975" /><D10/><U62/><E132/><V69/><F69/><W127/><G127/><T108/><D108/><U74/><E74/><V22/><F2/><W131/><G131/><T79/><D79/><U109/><E109/><V21/><F17/><W38/><G59/><T104/><D104/><U42/><E42/><V48/><REACH who="2" step="1"/><F53/><REACH who="2" ten="297,250,230,213" step="2"/><W75/><G3/><T55/><D118/><U40/><E116/><V111/><F111/><W9/><G75/><T24/><D123/><U60/><E129/><V68/><F68/><W71/><G71/><T103/><D103/><U100/><E114/><V0/><F0/><W93/><REACH who="3" step="1"/><G18/><AGARI ba="0,1" hai="18,23,24,41,43,45,51,55" m="32975,47247" machi="18" ten="30,1000,0" yaku="8,1" doraHai="91" who="0" fromWho="3" sc="297,20,250,0,230,0,213,-10" />
</Scene>
<Scene>
<INIT seed="4,0,0,0,5,33" ten="317,250,230,203" oya="0" hai0="79,132,65,30,18,37,116,3,130,9,114,121,20" hai1="70,13,41,26,56,83,115,55,82,46,58,36,1" hai2="118,134,16,120,60,74,62,78,133,110,45,73,23" hai3="15,66,31,64,2,61,90,88,87,127,72,117,40"/><T80/><D37/><U12/><E70/><V4/><F110/><W11/><G117/><T42/><D42/><U69/><E69/><V17/><F120/><W129/><G72/><T109/><D65/><U93/><E1/><V76/><F23/><W57/><G127/><T75/><D121/><U86/><E115/><V85/><F85/><W111/><G111/><T96/><D109/><U98/><E26/><V49/><F49/><W59/><G129/><T21/><D116/><U91/><E83/><V94/><F118/><W124/><G124/><T95/><D130/><U128/><E128/><V0/><F94/><W102/><G102/><T123/><D114/><U77/><REACH who="1" step="1"/><E58/><REACH who="1" ten="317,240,230,203" step="2"/><V6/><F45/><W81/><G2/><AGARI ba="0,1" hai="0,2,4,6,16,17,60,62,73,74,76,78,133,134" machi="2" ten="25,8000,1" yaku="22,2,52,2,54,1" doraHai="33" who="2" fromWho="3" sc="317,0,240,0,230,90,203,-80" />
</Scene>
<Scene>
<INIT seed="5,0,0,1,3,106" ten="317,240,320,123" oya="1" hai0="89,7,72,43,2,64,56,41,94,102,100,86,49" hai1="18,121,127,58,75,27,19,1,103,97,104,57,21" hai2="30,122,74,45,83,132,93,59,120,90,123,73,36" hai3="130,54,129,128,63,4,47,117,109,108,61,38,91"/><U11/><E121/><V96/><F132/><W22/><G4/><T118/><D72/><U133/><E133/><V15/><F30/><W28/><G91/><T34/><D34/><U110/><E127/><V112/><F112/><W82/><G82/><T77/><D77/><U114/><E114/><V13/><F59/><W25/><G117/><T5/><D2/><U105/><E110/><V33/><F33/><W88/><G88/><T35/><D35/><U65/><E75/><V124/><F124/><W44/><G47/><N who="0" m="25839" /><D43/><U99/><E65/><V20/><F83/><W26/><G26/><T32/><D32/><U0/><E0/><V92/><F13/><W42/><REACH who="3" step="1"/><G54/><REACH who="3" ten="317,240,320,113" step="2"/><T24/><D24/><U115/><E115/><V101/><F45/><W60/><AGARI ba="0,1" hai="22,25,28,38,42,44,60,61,63,108,109,128,129,130" machi="60" ten="40,8000,1" yaku="1,1,2,1,0,1,19,1,53,0" doraHai="106" doraHaiUra="66" who="3" fromWho="3" sc="317,-20,240,-40,320,-20,113,90" />
</Scene>
<Scene>
<INIT seed="6,0,0,0,3,5" ten="297,200,300,203" oya="2" hai0="107,34,36,88,4,31,64,79,44,28,12,15,87" hai1="69,95,83,123,16,52,128,96,103,84,82,1,111" hai2="92,104,2,89,117,119,122,112,100,71,29,7,70" hai3="66,32,65,43,81,99,46,25,102,108,48,90,73"/><V53/><F122/><W118/><G118/><T116/><D107/><U18/><E111/><V120/><F120/><W54/><G108/><T115/><D79/><U41/><E123/><V20/><F112/><W3/><G3/><T127/><D115/><U78/><E69/><V76/><F76/><W94/><G43/><T8/><D64/><U113/><E113/><V93/><F104/><W38/><G38/><T56/><D34/><U11/><E128/><V9/><F100/><W23/><G32/><T51/><D116/><U57/><E41/><V13/><F71/><W80/><G73/><T40/><D127/><U6/><E83/><N who="3" m="31818" /><G102/><T24/><D24/><U62/><AGARI ba="0,0" hai="1,6,11,16,18,52,57,62,78,82,84,95,96,103" machi="62" ten="20,8000,1" yaku="0,1,7,1,52,1,54,2" doraHai="5" who="1" fromWho="1" sc="297,-20,200,80,300,-40,203,-20" />
</Scene>
<Scene>
<INIT seed="7,0,0,5,2,123" ten="277,280,260,183" oya="3" hai0="19,124,59,74,16,5,21,108,105,128,90,127,55" hai1="24,7,100,80,52,110,111,15,96,98,120,45,85" hai2="107,14,58,70,11,99,27,125,22,101,43,109,6" hai3="40,88,133,20,51,65,129,35,103,50,84,60,75"/><W9/><G35/><T87/><D74/><U112/><E120/><V82/><F70/><W114/><G75/><T18/><D105/><U95/><E112/><V102/><F125/><N who="0" m="48202" /><D108/><U47/><E24/><V126/><F126/><W77/><G114/><T66/><D66/><U30/><E30/><V89/><F109/><W119/><G119/><T38/><D38/><U32/><E32/><V104/><F43/><W63/><G77/><T53/><D5/><U57/><E111/><V42/><F42/><W131/><G133/><T106/><D106/><U86/><E110/><V23/><F58/><W122/><G103/><T76/><D76/><N who="1" m="46215" /><E96/><V118/><F118/><W130/><G122/><T31/><D128/><U17/><E86/><V117/><F117/><W92/><G40/><T56/><D56/><U134/><E7/><V54/><F54/><W41/><G41/><T68/><D68/><U49/><E134/><V72/><F27/><W3/><G63/><T1/><D1/><U36/><E36/><V10/><F10/><AGARI ba="0,0" hai="10,15,17,45,47,49,52,57,95,98,100" m="46215" machi="10" ten="30,2000,0" yaku="8,1,54,1" doraHai="123" who="1" fromWho="2" sc="277,0,280,20,260,-20,183,0" owari="277,8.0,300,40.0,240,-16.0,183,-32.0" />
</Scene>
</mjloggm>