<mjloggm ver="2.3"><GO type="169" lobby="0"/><UN n0="%E5%A4%AA%E3%81%8F%E3%81%AA%E3%81%84%E3%81%8A" n1="%6E%62%34%39" n2="%E9%9B%80%E8%8D%98%E4%B8%AD%E5%B7%9D" n3="%E5%A4%96%E9%81%93" dan="19,16,16,17" rate="2331.16,2096.04,2074.78,2137.38" sx="F,M,F,M"/><TAIKYOKU oya="0"/>

<Scene>
<INIT seed="0,0,0,2,5,25" ten="250,250,250,250" oya="0" hai0="90,127,72,104,88,30,36,80,101,69,27,34,109" hai1="76,18,121,63,29,102,56,135,8,91,117,68,5" hai2="32,130,37,45,2,105,132,84,106,12,116,20,13" hai3="6,110,4,92,42,16,122,123,19,86,108,107,78"/><T10/><D36/><U38/><E117/><V79/><F32/><W87/><G42/><T89/><D69/><U33/><E68/><V64/><F2/><W114/><G92/><T35/><D127/><U15/><E121/><N who="3" m="46090" /><G107/><T125/><D125/><U97/><E135/><V82/><F64/><W54/><G54/><T55/><D109/><N who="3" m="42089" /><G114/><T103/><D35/><U59/><E59/><V51/><F132/><W14/><G19/><T66/><D66/><U99/><E18/><V24/><F37/><W93/><G93/><T100/><D55/><U128/><E102/><V119/><F106/><W67/><G67/><T118/><D104/><U129/><E97/><V41/><F105/><W65/><G65/><T52/><D52/><U134/><E99/><V58/><F119/><W11/><G78/><T44/><D44/><U7/><E76/><V31/><F116/><W124/><G124/><T96/><D118/><U3/><E134/><V46/><F58/><W49/><G49/><T85/><D96/><U21/><E56/><V77/><F79/><W22/><G4/><T112/><D112/><U133/><E7/><V120/><F120/><W47/><G47/><T83/><D83/><U39/><E133/><V28/><F46/><W53/><G53/><T111/><D111/><U73/><E38/><V40/><F41/><W43/><G43/><T115/><D115/><U75/><E39/><V9/><F40/><W131/><G131/><T126/><D126/><U61/><E128/><V71/><F130/><W23/><G23/><T113/><D113/><U62/><E129/><V70/><F20/><RYUUKYOKU ba="0,0" sc="250,-10,250,-10,250,-10,250,30" hai3="6,11,14,16,22,86,87" />
</Scene>
<Scene>
<INIT seed="1,1,0,0,1,18" ten="240,240,240,280" oya="1" hai0="30,123,74,23,36,33,82,8,13,32,28,47,132" hai1="49,125,133,79,37,113,101,110,73,59,93,92,21" hai2="53,115,56,102,14,111,43,63,78,112,85,64,135" hai3="127,120,12,89,25,130,27,4,122,41,42,44,40"/><U131/><E37/><V75/><F111/><W70/><G70/><T45/><D132/><U48/><E113/><N who="2" m="43595" /><F135/><W5/><G44/><T96/><D123/><U67/><E133/><V20/><F75/><W62/><G62/><T55/><D96/><U98/><E131/><V9/><F102/><W16/><G130/><T100/><D100/><U19/><E125/><V39/><F43/><W7/><G127/><T50/><D74/><U94/><E110/><V77/><F39/><W103/><G103/><T51/><D82/><U60/><E79/><N who="2" m="30219" /><F85/><W114/><G114/><T99/><D99/><U107/><REACH who="1" step="1"/><E73/><REACH who="1" ten="240,230,240,280" step="2"/><V15/><F9/><W108/><G108/><T10/><D36/><U121/><E121/><V91/><F91/><W97/><G122/><T69/><D8/><U129/><E129/><V24/><F64/><W104/><G120/><T31/><D10/><U29/><E29/><AGARI ba="1,1" hai="14,15,20,24,29,53,56,63" m="30219,43595" machi="29" ten="30,2000,0" yaku="11,1,52,1" doraHai="18" who="2" fromWho="1" sc="240,0,230,-23,240,33,280,0" />
</Scene>
<Scene>
<INIT seed="2,0,0,5,1,121" ten="240,207,273,280" oya="2" hai0="92,109,107,45,89,67,77,6,95,97,14,96,79" hai1="133,12,4,48,60,47,82,10,106,132,5,73,26" hai2="17,57,36,50,75,63,23,1,125,88,116,76,30" hai3="19,22,39,46,87,49,127,37,54,11,70,65,102"/><V84/><F116/><W111/><G127/><T43/><D67/><U118/><E118/><V108/><F125/><W18/><G102/><T117/><D107/><U85/><E73/><V58/><F36/><W7/><G18/><T94/><D94/><U74/><E74/><V91/><F108/><W21/><G21/><T0/><D0/><U8/><E60/><V15/><F1/><W114/><G114/><T59/><D59/><U2/><E26/><V130/><F130/><W32/><G32/><T126/><D109/><U20/><E20/><V56/><F63/><W44/><G65/><T35/><D35/><U128/><E106/><V64/><F64/><W24/><G70/><T9/><D117/><U98/><E98/><V90/><F30/><W120/><G120/><T99/><D126/><U129/><E129/><V134/><F134/><W104/><G104/><T68/><D68/><U38/><E38/><V28/><F28/><W29/><G19/><T27/><D27/><U78/><REACH who="1" step="1"/><E128/><REACH who="1" ten="240,197,273,280" step="2"/><V100/><F75/><W61/><G61/><T66/><D97/><U3/><E3/><V86/><F100/><W42/><G39/><T81/><D66/><U113/><E113/><V53/><REACH who="2" step="1"/><F76/><REACH who="2" ten="240,197,263,280" step="2"/><W93/><G37/><N who="0" m="21743" /><D77/><U135/><E135/><V131/><F131/><W103/><G103/><N who="0" m="60807" /><D79/><U16/><E16/><V83/><F83/><W101/><G101/><T119/><D81/><U25/><E25/><V80/><F80/><W69/><G24/><T13/><D119/><U51/><E51/><V52/><F52/><AGARI ba="0,2" hai="2,4,5,8,10,12,47,48,52,78,82,85,132,133" machi="52" ten="40,2600,0" yaku="1,1,54,1,53,0" doraHai="121" doraHaiUra="123" who="1" fromWho="2" sc="240,0,197,46,263,-26,280,0" />
</Scene>
<Scene>
<INIT seed="3,0,0,4,0,18" ten="240,243,237,280" oya="3" hai0="6,86,75,116,112,115,99,10,20,12,101,66,103" hai1="38,48,24,77,81,88,120,65,61,30,11,5,22" hai2="47,56,64,102,79,0,105,114,113,32,14,15,83" hai3="128,110,73,130,36,131,4,27,119,68,80,29,135"/><W90/><G119/><T133/><D75/><U126/><E38/><V63/><F32/><W59/><G68/><T95/><D116/><U54/><E126/><V111/><F0/><W125/><G125/><T85/><D133/><U49/><E120/><V106/><F111/><W71/><G71/><T60/><D101/><U129/><E54/><V3/><F3/><W8/><G135/><T134/><D134/><U74/><E129/><V17/><F15/><N who="3" m="5511" /><G36/><T44/><D44/><U33/><E33/><V57/><F47/><W122/><G122/><T117/><D117/><U78/><E78/><V9/><F57/><W13/><G13/><T67/><D67/><U62/><E62/><V91/><F91/><W26/><G110/><T96/><D96/><U2/><REACH who="1" step="1"/><E88/><REACH who="1" ten="240,233,237,280" step="2"/><V92/><F79/><N who="3" m="44143" /><G90/><T50/><D60/><U55/><E55/><V41/><F63/><W37/><G37/><T35/><D35/><U52/><E52/><V19/><F114/><W94/><G59/><AGARI ba="0,1" hai="2,5,11,22,24,30,48,49,59,61,65,74,77,81" machi="59" ten="30,7700,0" yaku="1,1,7,1,52,1,53,1" doraHai="18" doraHaiUra="72" who="1" fromWho="3" sc="240,0,233,87,237,0,280,-77" />
</Scene>
<Scene>
<INIT seed="4,0,0,4,4,17" ten="240,320,237,203" oya="0" hai0="119,66,52,135,39,7,5,99,11,49,109,18,110" hai1="77,59,123,133,85,90,82,36,4,79,56,94,8" hai2="14,108,19,68,129,47,38,27,13,15,76,124,102" hai3="93,30,48,118,70,37,95,98,72,84,34,1,2"/><T54/><D39/><U75/><E123/><V126/><F108/><N who="0" m="41578" /><D119/><U61/><E133/><V55/><F68/><W29/><G118/><T71/><D135/><U105/><E105/><V78/><F129/><W23/><G37/><T62/><D99/><U83/><E36/><V100/><F38/><W104/><G72/><T117/><D117/><U112/><E61/><V64/><F64/><W87/><G98/><T131/><D131/><U114/><E4/><N who="0" m="1609" /><D49/><U125/><E8/><V132/><F132/><W46/><G48/><T0/><D0/><U69/><E69/><V127/><F102/><W63/><G63/><T120/><D120/><U96/><E125/><V134/><F100/><W28/><G70/><T22/><D11/><U25/><E59/><V35/><F134/><W53/><G2/><T73/><D73/><U67/><E56/><V106/><F106/><W44/><G104/><T10/><D10/><U32/><E67/><V40/><F127/><W31/><G1/><T45/><D45/><U130/><E130/><V42/><F126/><W111/><G46/><T92/><D92/><N who="3" m="35401" /><G111/><T65/><D65/><U21/><E96/><V33/><F47/><W41/><G41/><T80/><D80/><U51/><E51/><V122/><F122/><W88/><G44/><T20/><D18/><N who="1" m="12471" /><E82/><V12/><F124/><W9/><G9/><T115/><D115/><N who="1" m="44075" /><E79/><V60/><F78/><W6/><G6/><T50/><D50/><U43/><E43/><N who="2" m="16427" /><F76/><W97/><G53/><AGARI ba="0,0" hai="20,22,52,53,54,62,66,71" m="1609,41578" machi="53" ten="30,11600,0" yaku="10,1,52,2,54,1" doraHai="17" who="0" fromWho="3" sc="240,116,320,0,237,0,203,-116" />
</Scene>
<Scene>
<INIT seed="4,1,0,0,4,20" ten="356,320,237,87" oya="0" hai0="117,85,0,7,50,39,83,92,43,46,16,12,76" hai1="108,14,11,55,70,79,101,61,65,4,1,96,8" hai2="99,3,77,115,47,68,69,106,131,48,116,91,74" hai3="134,103,37,13,57,38,2,110,51,40,34,126,56"/><T88/><D117/><U129/><E108/><V21/><F115/><W66/><G13/><T111/><D111/><U67/><E129/><V63/><F3/><W113/><G110/><T127/><D127/><U31/><E79/><V18/><F131/><W59/><G2/><T41/><D39/><N who="3" m="14857" /><G103/><T27/><D0/><U128/><E128/><V135/><F135/><W24/><G24/><T19/><D43/><U33/><E65/><V64/><F116/><W112/><G34/><T72/><REACH who="0" step="1"/><D27/><REACH who="0" ten="346,320,237,87" step="2"/><U29/><E1/><V52/><F69/><W130/><G126/><T105/><D105/><U123/><E123/><V94/><F106/><W54/><G130/><T81/><D81/><U121/><E121/><V100/><F68/><W71/><G40/><T107/><D107/><U15/><E70/><V97/><F97/><W89/><G134/><T118/><D118/><U120/><E96/><V104/><F99/><W42/><G42/><T132/><D132/><U114/><E120/><V26/><F104/><W80/><G80/><T84/><D84/><U53/><E114/><N who="3" m="44138" /><G89/><T17/><D17/><U9/><E101/><V122/><F100/><W87/><G87/><T25/><D25/><U5/><E29/><V78/><F26/><W36/><N who="3" m="14865" /><W6/><DORA hai="75" /><G6/><T95/><D95/><U49/><E31/><V62/><F94/><W90/><G90/><T28/><D28/><U58/><E5/><V45/><F91/><W93/><G93/><T73/><D73/><U98/><E4/><V124/><F74/><W23/><G71/><T119/><D119/><U32/><E98/><RYUUKYOKU ba="1,1" sc="346,30,320,-10,237,-10,87,-10" hai0="7,12,16,19,41,46,50,72,76,83,85,88,92" />
</Scene>
<Scene>
<INIT seed="4,2,1,4,5,62" ten="376,310,227,77" oya="0" hai0="16,14,119,115,47,35,105,41,20,70,90,86,5" hai1="83,49,111,74,48,109,77,60,61,27,124,18,4" hai2="112,101,28,131,69,21,51,125,65,32,38,104,33" hai3="7,92,43,15,57,106,58,76,29,55,68,91,1"/><T94/><D119/><U103/><E124/><V93/><F38/><W128/><G106/><T85/><D35/><U39/><E39/><V81/><F112/><W88/><G68/><T36/><D105/><U0/><E103/><V56/><F104/><W63/><G128/><T114/><D70/><U89/><E89/><V2/><F2/><W132/><G132/><T44/><D44/><U80/><E4/><V66/><F69/><W34/><G43/><T72/><D72/><U71/><E0/><V102/><F33/><W37/><G37/><T11/><REACH who="0" step="1"/><D85/><REACH who="0" ten="366,310,227,77" step="2"/><U52/><E71/><V9/><F32/><W26/><G57/><T96/><D96/><U59/><E59/><V122/><F56/><W64/><G34/><T79/><D79/><U53/><E77/><V127/><F125/><W54/><G76/><T22/><D22/><U19/><E74/><V98/><F21/><W46/><G46/><T50/><D50/><U31/><E49/><V10/><F51/><W110/><G58/><T84/><D84/><U135/><E48/><V24/><F98/><W108/><G110/><T73/><D73/><U12/><E109/><V67/><F127/><W17/><G108/><T25/><AGARI ba="2,2" hai="5,11,14,16,20,25,36,41,47,86,90,94,114,115" machi="25" ten="30,6000,0" yaku="1,1,0,1,54,1,53,0" doraHai="62" doraHaiUra="45" who="0" fromWho="0" sc="366,86,310,-22,227,-22,77,-22" />
</Scene>
<Scene>
<INIT seed="4,3,0,0,3,126" ten="452,288,205,55" oya="0" hai0="122,132,9,34,117,30,79,47,104,40,68,133,13" hai1="75,80,97,49,57,25,134,96,53,16,28,39,36" hai2="35,20,5,99,119,81,73,125,107,95,66,59,78" hai3="116,90,7,98,18,101,3,19,82,38,62,12,11"/><T91/><D104/><U128/><E128/><V14/><F125/><W23/><G116/><T89/><D68/><U100/><E134/><N who="0" m="51817" /><D122/><U87/><E75/><V17/><F119/><W103/><G38/><N who="0" m="21911" /><D79/><U42/><E16/><V31/><F107/><W60/><G101/><T27/><D117/><U77/><E42/><V6/><F35/><W135/><G135/><T120/><D120/><U85/><E85/><V123/><F31/><W41/><G41/><T33/><D33/><U56/><E96/><V24/><F24/><W8/><G90/><T54/><D54/><U4/><E4/><AGARI ba="3,0" hai="4,9,13,27,30,34,89,91" m="21911,51817" machi="4" ten="30,1500,0" yaku="20,1" doraHai="126" who="0" fromWho="1" sc="452,24,288,-24,205,0,55,0" />
</Scene>
<Scene>
<INIT seed="4,4,0,0,1,37" ten="476,264,205,55" oya="0" hai0="20,128,91,9,13,78,1,39,29,50,7,131,32" hai1="108,103,48,126,30,41,87,73,70,129,86,52,101" hai2="55,117,89,109,25,38,81,134,112,43,75,110,42" hai3="88,93,12,31,118,22,90,71,102,120,62,115,24"/><T35/><D39/><U124/><E73/><V5/><F38/><W69/><G118/><T49/><D78/><U63/><E108/><V77/><F5/><W97/><G115/><T44/><D91/><U80/><E129/><N who="0" m="49737" /><D50/><U16/><E30/><V2/><F2/><W84/><G120/><T21/><D1/><U59/><E16/><V54/><F112/><W6/><G90/><T99/><D99/><U114/><E86/><V72/><F134/><W104/><REACH who="3" step="1"/><G62/><REACH who="3" ten="476,264,205,45" step="2"/><T123/><D123/><U56/><E114/><V53/><F117/><W106/><G106/><T98/><D98/><U36/><E63/><V66/><F89/><W23/><G23/><N who="0" m="8779" /><D29/><U107/><E107/><V0/><F110/><W83/><G83/><T116/><D116/><U61/><E80/><V76/><F109/><W45/><G45/><T79/><D79/><U26/><E61/><V19/><F81/><W85/><G85/><T65/><D65/><U8/><E87/><V40/><F66/><W10/><AGARI ba="4,1" hai="6,10,12,22,24,31,69,71,84,88,93,97,102,104" machi="10" ten="30,7900,0" yaku="1,1,0,1,54,1,53,1" doraHai="37" doraHaiUra="92" who="3" fromWho="3" sc="476,-43,264,-24,205,-24,45,101" />
</Scene>
<Scene>
<INIT seed="5,0,0,2,3,34" ten="433,240,181,146" oya="1" hai0="133,105,110,57,125,52,2,55,14,129,11,13,89" hai1="8,31,64,38,92,73,28,41,91,20,71,53,58" hai2="40,22,126,65,30,69,0,117,67,90,72,60,9" hai3="32,27,4,6,49,45,116,7,95,124,10,54,56"/><U86/><E73/><V82/><F117/><W122/><G122/><T43/><D110/><U107/><E107/><V46/><F126/><W83/><G124/><T115/><D105/><U48/><E8/><V109/><F109/><W97/><G116/><T121/><D43/><U35/><E35/><V25/><F90/><W76/><G32/><T33/><D33/><U50/><E50/><V15/><F0/><W62/><G27/><T78/><D78/><U108/><E20/><V127/><F127/><W17/><G17/><T42/><D55/><U99/><E99/><V114/><F114/><W84/><G10/><T96/><D42/><U21/><E21/><V134/><F134/><W26/><G26/><T81/><D14/><U1/><E1/><V100/><F100/><W75/><G75/><T36/><D36/><U3/><E3/><V131/><F131/><W80/><G80/><T106/><D2/><U18/><E18/><V63/><F82/><W68/><G68/><T29/><D129/><U19/><E19/><V5/><F72/><W87/><G87/><N who="0" m="50415" /><D133/><U12/><E12/><V23/><F22/><W113/><G113/><T51/><D121/><U59/><E108/><V39/><F69/><W85/><G85/><T103/><D125/><U130/><E130/><V112/><F112/><W44/><REACH who="3" step="1"/><G49/><REACH who="3" ten="433,240,181,136" step="2"/><T79/><D115/><U120/><E120/><V66/><AGARI ba="0,1" hai="5,9,15,23,25,30,39,40,46,60,63,65,66,67" machi="66" ten="30,1100,0" yaku="0,1" doraHai="34" who="2" fromWho="2" sc="433,-3,240,-5,181,21,136,-3" />
</Scene>
<Scene>
<INIT seed="6,0,0,0,5,81" ten="430,235,202,133" oya="2" hai0="2,62,32,34,102,55,56,100,133,85,122,45,30" hai1="35,22,42,48,67,99,50,60,90,10,86,44,28" hai2="113,104,130,3,53,64,20,124,13,77,135,125,120" hai3="79,29,111,16,19,76,127,75,87,72,121,6,5"/><V118/><F104/><W11/><G121/><T95/><D2/><U46/><E10/><V8/><F120/><W54/><G29/><T110/><D110/><U134/><E99/><V91/><F118/><W58/><G111/><T66/><D122/><U82/><E134/><V18/><F113/><W80/><G127/><N who="2" m="48713" /><F64/><W83/><G75/><T14/><D133/><U78/><E35/><V1/><F77/><W17/><REACH who="3" step="1"/><G11/><REACH who="3" ten="430,235,202,123" step="2"/><T61/><D30/><U96/><E28/><V89/><F135/><W15/><G15/><T49/><D14/><U41/><E22/><V98/><F20/><W112/><G112/><T65/><D32/><U0/><E0/><V132/><F132/><W36/><G36/><T70/><D34/><U27/><E27/><V39/><F39/><W25/><G25/><T103/><D103/><U93/><E67/><V74/><F74/><W128/><G128/><T107/><D102/><U119/><E119/><V52/><F130/><W114/><G114/><T131/><D131/><U12/><E12/><V73/><F73/><W63/><AGARI ba="0,1" hai="5,6,16,17,19,54,58,63,72,76,79,80,83,87" machi="63" ten="30,8000,1" yaku="1,1,0,1,52,1,54,1,53,1" doraHai="81" doraHaiUra="106" who="3" fromWho="3" sc="430,-20,235,-20,202,-40,123,90" />
</Scene>
<Scene>
<INIT seed="7,0,0,5,4,96" ten="410,215,162,213" oya="3" hai0="86,30,127,43,79,95,52,106,59,80,129,83,119" hai1="90,114,32,88,4,124,89,123,13,102,67,51,35" hai2="6,84,56,103,3,109,2,105,76,94,116,92,19" hai3="64,31,117,120,33,65,29,20,18,63,61,25,99"/><W128/><G117/><T112/><D106/><U42/><E123/><V70/><F116/><W98/><G120/><T39/><D119/><U8/><E114/><V131/><F109/><W24/><G128/><T111/><D111/><U121/><E121/><V5/><F131/><W15/><G63/><T71/><D71/><U130/><E124/><V53/><F70/><W108/><G108/><T74/><D129/><U38/><E38/><V110/><F110/><W40/><G40/><T125/><D30/><U62/><E102/><V87/><F105/><W41/><G41/><T11/><D95/><U126/><E126/><N who="0" m="48137" /><D11/><U23/><E130/><V16/><F53/><W113/><G113/><T118/><D118/><U54/><E23/><V133/><F56/><W14/><G14/><T104/><D104/><U55/><E42/><V58/><F58/><W22/><G65/><T44/><D112/><U135/><E135/><V78/><REACH who="2" step="1"/><F103/><REACH who="2" ten="410,215,152,213" step="2"/><W1/><G1/><T122/><D122/><U107/><E107/><V115/><F115/><W9/><G33/><T17/><D59/><AGARI ba="0,1" hai="9,15,18,20,22,24,25,29,31,59,61,64,98,99" machi="59" ten="30,5800,0" yaku="7,1,9,1,8,1" doraHai="96" who="3" fromWho="0" sc="410,-58,215,0,152,0,213,68" />
</Scene>
<Scene>
<INIT seed="7,1,0,3,3,129" ten="352,215,152,281" oya="3" hai0="124,59,115,49,84,16,7,108,26,99,13,94,8" hai1="72,69,62,51,91,5,54,107,47,131,123,113,100" hai2="3,133,68,74,30,75,55,42,118,111,103,56,135" hai3="78,29,110,2,57,85,66,102,38,86,11,117,95"/><W121/><G121/><T32/><D108/><U73/><E123/><V119/><F3/><W114/><G117/><N who="2" m="44553" /><F30/><W52/><G110/><T76/><D124/><U83/><E113/><V63/><F103/><W53/><G38/><T122/><D122/><U20/><E131/><V22/><F111/><W109/><G109/><T41/><D115/><U88/><E5/><V61/><F22/><W81/><G114/><T71/><D71/><U12/><E100/><V132/><F42/><W34/><G34/><T64/><D32/><U89/><E107/><V92/><F92/><W39/><G39/><T125/><D125/><U104/><E104/><V27/><F27/><W93/><G29/><T130/><D130/><U0/><E0/><V15/><F15/><W112/><G112/><T23/><D64/><AGARI ba="1,0" hai="55,56,61,63,64,68,74,75,132,133,135" m="44553" machi="64" ten="40,8000,1" yaku="20,1,52,3" doraHai="129" who="2" fromWho="0" sc="352,-83,215,0,152,83,281,0" />
</Scene>
<Scene>
<INIT seed="8,0,0,5,3,84" ten="269,215,235,281" oya="0" hai0="49,12,130,97,2,1,16,59,5,9,63,69,102" hai1="129,22,43,39,23,88,103,66,85,13,101,64,18" hai2="76,10,125,15,17,94,32,35,99,56,91,0,115" hai3="116,3,8,24,80,67,52,37,82,114,98,134,4"/><T105/><D130/><U132/><E129/><V6/><F115/><W65/><G37/><T89/><D69/><U121/><E121/><V93/><F125/><W33/><G114/><T87/><D49/><U48/><E39/><V118/><F118/><W72/><G134/><T19/><D1/><U51/><E132/><V68/><F68/><W92/><G72/><T83/><D2/><U45/><E23/><V95/><F76/><W135/><G135/><T96/><D96/><U117/><E117/><V28/><F56/><W122/><G116/><T31/><D31/><U123/><E123/><V111/><F111/><W112/><G112/><T73/><D73/><U108/><E51/><V120/><F120/><W44/><G65/><AGARI ba="0,0" hai="5,9,12,16,19,59,63,65,83,87,89,97,102,105" machi="65" ten="30,5800,0" yaku="7,1,52,1,54,1" doraHai="84" who="0" fromWho="3" sc="269,58,215,0,235,0,281,-58" owari="327,42.0,215,-28.0,235,4.0,223,-18.0" />
</Scene>
</mjloggm>