<mjloggm ver="2.3"><GO type="169" lobby="0"/><UN n0="%E6%8C%AF%E8%BE%BC%E5%A4%AA%E9%99%BD" n1="%E9%88%B4%E4%BD%B3" n2="%E5%A4%AA%E3%81%8F%E3%81%AA%E3%81%84%E3%81%8A" n3="%63%6F%61" dan="17,16,19,16" rate="2162.47,2118.92,2335.55,2120.42" sx="M,M,F,M"/><TAIKYOKU oya="0"/>

<Scene>
<INIT seed="0,0,0,2,5,38" ten="250,250,250,250" oya="0" hai0="34,14,44,5,72,73,60,118,74,100,129,70,131" hai1="8,111,32,62,78,13,114,89,64,1,94,31,86" hai2="112,50,92,54,107,115,90,47,108,84,88,127,53" hai3="33,51,135,37,59,23,61,20,125,68,18,106,130"/><T56/><D118/><U81/><E1/><V113/><F108/><W22/><G33/><T103/><D34/><U109/><E32/><V35/><F127/><W104/><G125/><T11/><D70/><U71/><E31/><V79/><F107/><W85/><G37/><T49/><D56/><U122/><E122/><V40/><F79/><W75/><G75/><T25/><D25/><U126/><E126/><V10/><F35/><W66/><G135/><T69/><D60/><U93/><E114/><V17/><REACH who="2" step="1"/><F90/><REACH who="2" ten="250,250,240,250" step="2"/><W133/><G104/><T52/><REACH who="0" step="1"/><D69/><REACH who="0" ten="240,250,240,250" step="2"/><U65/><E111/><V26/><F26/><W3/><G106/><T123/><D123/><U63/><E109/><V97/><F97/><W98/><G98/><T19/><D19/><U15/><E71/><V2/><F2/><W43/><G3/><T117/><D117/><U102/><E65/><V55/><F55/><W6/><G18/><T83/><D83/><U48/><E64/><V27/><F27/><W57/><G66/><T91/><D91/><U58/><E89/><V28/><F28/><W29/><G29/><T30/><D30/><U9/><E81/><V42/><F42/><W46/><G43/><T39/><D39/><U76/><E102/><AGARI ba="0,2" hai="5,11,14,44,49,52,72,73,74,100,102,103,129,131" machi="102" ten="50,12000,1" yaku="1,1,54,1,53,3" doraHai="38" doraHaiUra="99" who="0" fromWho="1" sc="240,140,250,-120,240,0,250,0" />
</Scene>
<Scene>
<INIT seed="0,1,0,0,3,21" ten="380,130,240,250" oya="0" hai0="110,125,80,84,48,47,73,95,29,117,18,11,83" hai1="72,92,133,69,108,49,111,3,121,118,56,35,103" hai2="34,17,39,94,134,2,113,59,112,37,70,14,79" hai3="62,60,116,119,0,89,67,100,107,19,51,120,10"/><T38/><D117/><U9/><E118/><V104/><F104/><W76/><G120/><T65/><D38/><U13/><E121/><V55/><F2/><W24/><G76/><T41/><D125/><U25/><E69/><V82/><F70/><W88/><G116/><T66/><D110/><U28/><E3/><V15/><F34/><W31/><G119/><T8/><D29/><U44/><E72/><V98/><F134/><W97/><G51/><T27/><D73/><U71/><E71/><V22/><F15/><W20/><G60/><T40/><D40/><U106/><E106/><V54/><F54/><W101/><G101/><T123/><D123/><U105/><E105/><V74/><F39/><W6/><REACH who="3" step="1"/><G31/><REACH who="3" ten="380,130,240,240" step="2"/><T96/><D48/><U90/><E133/><V30/><F30/><W91/><G91/><T135/><D135/><U36/><E103/><V12/><F37/><W93/><G93/><T16/><D95/><U128/><E36/><V114/><F114/><W43/><G43/><T102/><D41/><U4/><E128/><V58/><F113/><W77/><G77/><T109/><D102/><U75/><E75/><V127/><F112/><W46/><G46/><T86/><D47/><U124/><E124/><V63/><F127/><W126/><G126/><T32/><D83/><U45/><E45/><V122/><F122/><W130/><G130/><T131/><D80/><U23/><E44/><V68/><F82/><W64/><G64/><T132/><D66/><U33/><E33/><V87/><F74/><W85/><G85/><T7/><D131/><U52/><E35/><RYUUKYOKU ba="1,1" sc="380,-15,130,15,240,-15,240,15" hai1="4,9,13,23,25,28,49,52,56,90,92,108,111" hai3="0,6,10,19,20,24,62,67,88,89,97,100,107" />
</Scene>
<Scene>
<INIT seed="1,2,1,0,1,113" ten="365,145,225,255" oya="1" hai0="106,35,38,56,116,81,65,0,105,2,84,10,127" hai1="128,5,44,47,99,7,130,121,51,97,54,96,131" hai2="124,90,120,76,36,87,53,92,43,48,40,6,83" hai3="55,9,69,50,19,27,100,13,21,42,12,4,86"/><U111/><E121/><V134/><F120/><W102/><G69/><T60/><D38/><U41/><REACH who="1" step="1"/><E111/><REACH who="1" ten="365,135,225,255" step="2"/><V85/><F124/><W64/><G64/><T78/><D127/><U72/><E72/><V66/><F134/><W101/><G86/><T89/><D84/><U67/><E67/><V119/><F66/><W59/><REACH who="3" step="1"/><G42/><REACH who="3" ten="365,135,225,245" step="2"/><T74/><D65/><U95/><E95/><V11/><F40/><W93/><G93/><T70/><D74/><U46/><E46/><V132/><F43/><W28/><G28/><T15/><D70/><U20/><E20/><V118/><F132/><W14/><AGARI ba="2,3" hai="4,9,12,13,14,19,21,27,50,55,59,100,101,102" machi="14" ten="30,4000,0" yaku="1,1,0,1,8,1,53,0" doraHai="113" doraHaiUra="62" who="3" fromWho="3" sc="365,-12,135,-22,225,-12,245,76" />
</Scene>
<Scene>
<INIT seed="2,0,0,2,4,121" ten="353,113,213,321" oya="2" hai0="45,123,21,1,127,108,56,81,129,22,91,77,33" hai1="73,44,109,120,102,17,110,131,53,132,65,43,88" hai2="8,13,23,49,9,37,42,39,40,24,79,125,117" hai3="122,27,48,51,72,106,126,59,96,94,29,113,67"/><V66/><F117/><W128/><G122/><T111/><D123/><U52/><E120/><V74/><F66/><W70/><G72/><T63/><D33/><U97/><E73/><V95/><F125/><W62/><G126/><T71/><D127/><U4/><E132/><V31/><F74/><W15/><G128/><T16/><D1/><U93/><E131/><V114/><F114/><W41/><G113/><T5/><D5/><U90/><E4/><V57/><F79/><W25/><G25/><T107/><D71/><U12/><E65/><V7/><F9/><W134/><G134/><T3/><D3/><U86/><E90/><V84/><F39/><W38/><G15/><T58/><D107/><U100/><E100/><V64/><F37/><W10/><G10/><T36/><D91/><U75/><E75/><V47/><F84/><W112/><G112/><T11/><D129/><U119/><E119/><V19/><F95/><W61/><G41/><N who="0" m="22695" /><D63/><U54/><E43/><N who="2" m="24831" /><F7/><W85/><G38/><T105/><D105/><U98/><E44/><V82/><F82/><W34/><G85/><N who="0" m="48303" /><D22/><U76/><E76/><V26/><F26/><W69/><G69/><T80/><D11/><U28/><E28/><V87/><F87/><W115/><G115/><T130/><D80/><U20/><REACH who="1" step="1"/><E98/><REACH who="1" ten="353,103,213,321" step="2"/><V35/><F64/><N who="3" m="38975" /><G106/><AGARI ba="0,1" hai="12,17,20,52,53,54,86,88,93,97,102,106,109,110" machi="106" ten="40,8000,1" yaku="1,1,52,2,54,2,53,0" doraHai="121" doraHaiUra="116" who="1" fromWho="3" sc="353,0,103,90,213,0,321,-80" />
</Scene>
<Scene>
<INIT seed="3,0,0,2,4,13" ten="353,193,213,241" oya="3" hai0="123,23,96,27,25,132,125,38,51,52,133,100,15" hai1="87,76,134,89,93,36,80,112,24,46,91,97,106" hai2="98,14,72,115,50,73,0,104,20,85,102,28,103" hai3="113,60,3,129,33,34,116,94,99,90,59,88,12"/><W64/><G3/><T37/><D123/><U111/><E112/><V74/><F0/><W22/><G113/><T26/><D125/><U120/><E120/><V45/><F115/><W118/><G129/><T9/><D23/><U61/><E134/><N who="0" m="51817" /><D15/><U101/><E111/><V11/><F102/><W47/><G47/><N who="0" m="27775" /><D9/><U107/><E61/><V19/><F85/><W135/><G135/><T114/><D114/><U54/><E24/><V58/><F58/><W95/><G116/><T71/><D71/><U77/><E54/><V108/><F108/><W81/><G81/><T65/><D65/><U68/><E68/><V82/><F28/><W31/><G118/><T35/><D35/><U128/><E46/><V17/><F82/><W66/><G66/><T67/><D67/><U32/><E32/><V86/><F86/><W48/><G48/><T131/><D131/><U78/><E36/><V83/><F83/><W44/><G44/><T75/><D75/><N who="1" m="43039" /><E128/><V79/><F79/><N who="1" m="30217" /><E91/><V126/><F126/><W110/><G110/><T1/><D1/><U121/><E121/><V40/><REACH who="2" step="1"/><F20/><REACH who="2" ten="353,193,203,241" step="2"/><W41/><G31/><T70/><D70/><U21/><E21/><V57/><F57/><W119/><G119/><T130/><D130/><U53/><E53/><V43/><F43/><W4/><G41/><T127/><D127/><U8/><E8/><V42/><F42/><W10/><G22/><T105/><AGARI ba="0,1" hai="25,26,27,37,38,96,100,105" m="27775,51817" machi="105" ten="30,2000,0" yaku="20,1,54,1" doraHai="13" who="0" fromWho="0" sc="353,30,193,-5,203,-5,241,-10" />
</Scene>
<Scene>
<INIT seed="4,0,0,4,3,59" ten="383,188,198,231" oya="0" hai0="95,110,58,87,53,99,64,81,120,114,32,98,31" hai1="18,5,93,133,0,49,8,65,107,112,132,12,119" hai2="67,76,57,109,96,68,75,73,100,36,89,44,21" hai3="51,115,25,27,85,20,22,40,104,78,23,63,74"/><T82/><D120/><U103/><E107/><V50/><F109/><W17/><G104/><T52/><D114/><U42/><E119/><V90/><F68/><W80/><G115/><T123/><D123/><U2/><E112/><V122/><F122/><W116/><G116/><T7/><D7/><U4/><E65/><V39/><F39/><W72/><G22/><T16/><D32/><U108/><E108/><V61/><F36/><W79/><G79/><T24/><D31/><U26/><E26/><V88/><F21/><W97/><G97/><T48/><D64/><U47/><E5/><V125/><F125/><W70/><G70/><T83/><D110/><U84/><E4/><V127/><F76/><W30/><G63/><N who="0" m="36295" /><D98/><N who="1" m="59855" /><E84/><V38/><F38/><W54/><G40/><T86/><D24/><U91/><E91/><V92/><REACH who="2" step="1"/><F127/><REACH who="2" ten="383,188,188,231" step="2"/><W11/><G11/><T66/><D81/><U101/><E101/><V13/><F13/><W15/><G15/><T117/><D82/><U34/><E34/><V55/><AGARI ba="0,1" hai="44,50,55,57,61,67,73,75,88,89,90,92,96,100" machi="55" ten="30,7900,0" yaku="1,1,0,1,52,1,54,1,53,0" doraHai="59" doraHaiUra="128" who="2" fromWho="2" sc="383,-39,188,-20,188,89,231,-20" />
</Scene>
<Scene>
<INIT seed="5,0,0,5,3,20" ten="344,168,277,211" oya="1" hai0="42,83,44,132,26,134,84,63,45,52,46,69,110" hai1="68,78,59,70,94,43,19,8,5,102,129,76,120" hai2="108,9,92,1,17,72,14,91,106,90,109,97,24" hai3="75,125,116,38,27,127,111,55,25,6,41,122,31"/><U131/><E120/><V104/><F72/><W121/><G75/><T49/><D110/><U47/><E59/><V51/><F1/><W126/><G111/><T66/><D26/><N who="3" m="9737" /><G116/><T77/><REACH who="0" step="1"/><D46/><REACH who="0" ten="334,168,277,211" step="2"/><U113/><E113/><V16/><F109/><W87/><G122/><T64/><D64/><U105/><E105/><V21/><F108/><W80/><G121/><T58/><D58/><U99/><E70/><V60/><F106/><W28/><G55/><T101/><D101/><U22/><E68/><V56/><F104/><W54/><G54/><T34/><D34/><U100/><E100/><N who="2" m="60455" /><F51/><AGARI ba="0,1" hai="42,44,45,49,51,52,63,66,69,77,83,84,132,134" machi="51" ten="40,8000,1" yaku="1,1,54,1,53,2" doraHai="20" doraHaiUra="40" who="0" fromWho="2" sc="334,90,168,0,277,-80,211,0" />
</Scene>
<Scene>
<INIT seed="6,0,0,2,3,121" ten="424,168,197,211" oya="2" hai0="87,103,118,29,94,110,3,4,2,32,117,119,134" hai1="124,51,21,115,47,57,65,101,85,50,112,105,8" hai2="24,79,133,67,56,18,70,52,77,43,53,38,127" hai3="111,49,33,66,114,125,35,13,25,30,40,22,97"/><V12/><F127/><W5/><G125/><T99/><D110/><U60/><E124/><V46/><F133/><W91/><G111/><T78/><D134/><U58/><E8/><V100/><F24/><W83/><G114/><T122/><D122/><U113/><E85/><V92/><F100/><W135/><G135/><T54/><D4/><U90/><E90/><V37/><F37/><W108/><G108/><T102/><D102/><U88/><E21/><V75/><F92/><N who="3" m="56479" /><G35/><T89/><D78/><U44/><E88/><V81/><F77/><W15/><G33/><T7/><D7/><U132/><E132/><V73/><F73/><W36/><G36/><T0/><D54/><U11/><E11/><V104/><F104/><W19/><G66/><T17/><D17/><U62/><E101/><V69/><F67/><W23/><G83/><T71/><D71/><U95/><E95/><V39/><F39/><W86/><G86/><T55/><D55/><N who="1" m="34143" /><E105/><V41/><F41/><W26/><G5/><T64/><D64/><U129/><E129/><V93/><F53/><W82/><G82/><N who="0" m="49399" /><D3/><U84/><E84/><V27/><F93/><W96/><G96/><T31/><D31/><U68/><E68/><V6/><F6/><W34/><G34/><T131/><D131/><U106/><E106/><V72/><F72/><W116/><G116/><T130/><D130/><U42/><E47/><AGARI ba="0,0" hai="13,15,19,22,23,25,26,30,40,47,49" m="56479" machi="47" ten="30,1000,0" yaku="8,1" doraHai="121" who="3" fromWho="1" sc="424,0,168,-10,197,0,211,10" />
</Scene>
<Scene>
<INIT seed="7,0,0,4,5,48" ten="424,158,197,221" oya="3" hai0="132,60,52,133,66,63,81,97,65,129,124,71,40" hai1="98,120,82,92,111,72,30,27,33,9,44,85,49" hai2="38,93,128,39,19,15,56,87,67,116,50,22,36" hai3="51,102,46,31,41,125,69,121,105,134,68,5,113"/><W74/><G121/><T32/><D32/><U43/><E120/><V25/><F116/><W29/><G74/><T117/><D117/><U80/><E111/><V18/><F128/><W122/><G122/><T2/><D2/><U99/><E72/><V84/><F93/><W95/><G105/><T24/><D129/><U86/><E92/><V45/><F56/><W6/><G113/><T34/><D40/><U8/><E8/><V11/><REACH who="2" step="1"/><F67/><REACH who="2" ten="424,158,187,221" step="2"/><W58/><G58/><N who="0" m="34887" /><D65/><U83/><E83/><V90/><F90/><W114/><G95/><T109/><D109/><U23/><E33/><V16/><F16/><W12/><G114/><T78/><D81/><U131/><E131/><V64/><F64/><W35/><G35/><T17/><D17/><U104/><E104/><V37/><N who="2" m="9728" /><DORA hai="42" /><V119/><F119/><W118/><G118/><T61/><D66/><U96/><E82/><V14/><F14/><W103/><G12/><T115/><D115/><U26/><E26/><V1/><F1/><W79/><G31/><T54/><D24/><U91/><E9/><V7/><F7/><W59/><G29/><T89/><D89/><U3/><E3/><V75/><F75/><W130/><G6/><T77/><D78/><U28/><E28/><V108/><F108/><W62/><G79/><T4/><D77/><U126/><E126/><V0/><F0/><W94/><G125/><T47/><D124/><U55/><E86/><V76/><F76/><W123/><G123/><T73/><D73/><U101/><E101/><V13/><F13/><W110/><G103/><T88/><D4/><RYUUKYOKU ba="0,1" sc="424,-15,158,15,187,15,221,-15" hai1="23,27,30,43,44,49,55,80,85,91,96,98,99" hai2="11,15,18,19,22,25,45,50,84,87" owari="419,52.0,173,-33.0,202,-20.0,206,1.0" />
</Scene>
</mjloggm>