<mjloggm ver="2.3"><GO type="169" lobby="0"/><UN n0="%6E%61%69%74%61" n1="%E3%83%90%E3%83%90%E3%82%A2%E3%81%AE%E6%97%A5%E5%82%98" n2="%E5%A4%AA%E3%81%8F%E3%81%AA%E3%81%84%E3%81%8A" n3="%E9%8A%80%E3%81%B0%E3%81%95%E3%81%BF" dan="16,17,18,18" rate="2116.11,2139.02,2241.15,2245.48" sx="M,F,M,M"/><TAIKYOKU oya="0"/>

<Scene>
<INIT seed="0,0,0,3,0,14" ten="250,250,250,250" oya="0" hai0="51,11,84,54,25,18,105,80,79,95,132,127,133" hai1="24,28,110,77,26,70,101,45,100,76,56,94,29" hai2="46,53,40,98,2,15,62,31,129,66,4,73,0" hai3="6,67,118,34,74,68,16,123,113,108,115,102,21"/><T50/><D105/><U57/><E110/><V131/><F73/><W104/><G118/><T44/><D127/><U47/><E70/><V12/><F31/><W85/><G74/><T116/><D116/><U13/><E13/><N who="2" m="5195" /><F53/><W17/><G34/><T10/><D95/><AGARI ba="0,0" hai="24,26,28,29,45,47,56,57,76,77,94,95,100,101" machi="95" ten="25,3200,0" yaku="22,2,8,1" doraHai="14" who="1" fromWho="0" sc="250,-32,250,32,250,0,250,0" />
</Scene>
<Scene>
<INIT seed="1,0,0,5,3,104" ten="218,282,250,250" oya="1" hai0="34,126,125,92,59,50,39,29,43,20,70,103,21" hai1="55,12,46,48,41,107,40,123,118,82,6,133,101" hai2="61,90,69,96,115,36,17,112,14,33,77,45,75" hai3="117,99,35,24,80,53,120,106,65,22,95,87,23"/><U86/><E118/><V94/><F33/><W30/><G120/><T135/><D70/><U121/><E133/><V51/><F36/><W10/><G106/><T122/><D122/><U116/><E116/><V127/><F127/><W47/><G65/><T78/><D39/><U89/><E107/><V15/><F69/><W58/><G47/><T67/><D34/><U13/><E101/><V18/><F61/><W66/><G66/><T84/><D67/><U76/><E76/><V100/><F100/><W44/><G44/><T7/><D135/><U105/><E105/><V91/><F91/><W42/><G42/><T79/><D103/><U5/><E121/><V19/><F77/><W62/><G117/><T1/><D43/><N who="1" m="16459" /><E123/><V60/><F60/><W71/><G71/><T37/><D37/><U130/><E130/><V54/><REACH who="2" step="1"/><F75/><REACH who="2" ten="218,282,240,250" step="2"/><W38/><G38/><T56/><D79/><U97/><E97/><V73/><F73/><W129/><G35/><T0/><D78/><U26/><E5/><V83/><F83/><W16/><G80/><T114/><D7/><U52/><E6/><V64/><F64/><W111/><G99/><T8/><D114/><AGARI ba="0,1" hai="14,15,17,18,19,45,51,54,90,94,96,112,114,115" machi="114" ten="40,2600,0" yaku="1,1,11,1,53,0" doraHai="104" doraHaiUra="124" who="2" fromWho="0" sc="218,-26,282,0,240,36,250,0" />
</Scene>
<Scene>
<INIT seed="2,0,0,4,2,3" ten="192,282,276,250" oya="2" hai0="104,73,109,119,22,93,123,11,54,100,67,2,19" hai1="91,83,6,35,87,106,28,76,68,63,12,46,70" hai2="134,15,40,16,20,126,71,102,82,125,107,75,108" hai3="62,53,127,131,94,31,85,37,88,69,74,33,130"/><V111/><F71/><W1/><G74/><T79/><D123/><U23/><E106/><V89/><F40/><W7/><G37/><T29/><D109/><N who="2" m="42058" /><F134/><W61/><G127/><N who="2" m="48649" /><F89/><W26/><G53/><T50/><D119/><U8/><E91/><V17/><F17/><W30/><G30/><T116/><D116/><U34/><E28/><V115/><F115/><W72/><G72/><T59/><D29/><U122/><E68/><V92/><F92/><W14/><G1/><T52/><D93/><U80/><E122/><V5/><F5/><W47/><G47/><T41/><D41/><U56/><E6/><V38/><F38/><W49/><G69/><T128/><D128/><N who="3" m="49193" /><G49/><T95/><D95/><U60/><E70/><V132/><F132/><W90/><G90/><T36/><D36/><U86/><E63/><V64/><F64/><W101/><G101/><T121/><D67/><U18/><E60/><V24/><F24/><W103/><G103/><T0/><D121/><U129/><E18/><V118/><F118/><W21/><G7/><T58/><D100/><U112/><E129/><V13/><F13/><W57/><G62/><T27/><D104/><U78/><E12/><V48/><F48/><W114/><G114/><T113/><D113/><U32/><E112/><V98/><F75/><W120/><G120/><T9/><D73/><U81/><E87/><V117/><F117/><W42/><G42/><T4/><D79/><U84/><E86/><V124/><N who="2" m="48657" /><V99/><DORA hai="39" /><F99/><W105/><G14/><T97/><D4/><U77/><E84/><V55/><F55/><RYUUKYOKU ba="0,0" sc="192,-10,282,-10,276,30,250,-10" hai2="15,16,20,82,98,102,107" />
</Scene>
<Scene>
<INIT seed="2,1,0,4,0,132" ten="182,272,306,240" oya="2" hai0="73,7,32,109,5,85,34,48,100,40,128,102,44" hai1="52,88,97,99,133,108,134,17,131,58,69,101,96" hai2="57,9,54,24,80,89,43,36,10,55,90,93,53" hai3="19,42,104,121,23,74,71,78,26,120,46,39,14"/><V92/><F36/><W107/><G71/><T18/><D73/><U65/><E108/><V21/><F43/><W33/><G78/><T15/><D109/><U114/><E114/><V113/><F113/><W70/><G70/><T2/><D128/><U111/><E111/><V3/><F57/><W75/><G75/><T11/><D85/><U51/><E131/><V82/><F3/><W123/><REACH who="3" step="1"/><G74/><REACH who="3" ten="182,272,306,230" step="2"/><T37/><D5/><U6/><E6/><V77/><F77/><W106/><G106/><T87/><D87/><U66/><E69/><V4/><F4/><W27/><G27/><T68/><D68/><U79/><E79/><V29/><F82/><W95/><G95/><N who="2" m="36425" /><F80/><W103/><G103/><T30/><D37/><U117/><E101/><V130/><F130/><W22/><G22/><T94/><D94/><U72/><E72/><V125/><F21/><W135/><G135/><N who="1" m="51722" /><E117/><V64/><F24/><W20/><G20/><N who="0" m="11359" /><D34/><U118/><E118/><V116/><F116/><W98/><G98/><T41/><D32/><U62/><E88/><V59/><F89/><W12/><G12/><T115/><D115/><U8/><E62/><V38/><F90/><W47/><G47/><N who="0" m="25703" /><D102/><U28/><E28/><AGARI ba="1,1" hai="14,19,23,26,28,33,39,42,46,104,107,120,121,123" machi="28" ten="40,1300,0" yaku="1,1,53,0" doraHai="132" doraHaiUra="1" who="3" fromWho="1" sc="182,0,272,-16,306,0,230,26" />
</Scene>
<Scene>
<INIT seed="3,0,0,2,4,54" ten="182,256,306,256" oya="3" hai0="31,0,83,45,8,6,18,53,110,87,7,65,73" hai1="120,107,24,11,19,69,38,12,103,27,59,116,123" hai2="109,62,67,91,14,135,40,80,85,72,112,9,106" hai3="79,77,29,84,115,63,124,96,20,37,15,125,98"/><W22/><G37/><T89/><D110/><U93/><E69/><V43/><F112/><W122/><G122/><T13/><D65/><U90/><E107/><V127/><F106/><W48/><G115/><T50/><D73/><U4/><E103/><V51/><F109/><W26/><G48/><T34/><D0/><U47/><E116/><V130/><F130/><W42/><G42/><T76/><REACH who="0" step="1"/><D76/><REACH who="0" ten="172,256,306,256" step="2"/><U100/><E120/><V108/><F108/><W57/><G79/><T86/><D86/><U32/><E123/><V60/><F72/><W46/><G77/><T3/><D3/><U94/><E32/><V104/><F85/><W30/><G84/><T16/><D16/><U23/><E19/><V49/><F67/><W36/><G124/><T41/><D41/><U39/><E4/><V68/><F43/><W111/><G125/><T61/><D61/><U55/><E38/><V134/><F60/><W2/><G63/><T132/><D132/><U81/><E39/><V64/><F40/><W21/><G36/><T133/><D133/><U44/><E55/><V126/><F127/><W128/><G111/><T75/><D75/><U58/><E100/><V1/><F126/><W82/><G2/><T25/><AGARI ba="0,1" hai="6,7,8,13,18,25,31,34,45,50,53,83,87,89" machi="25" ten="30,7900,0" yaku="1,1,0,1,25,2,53,0" doraHai="54" doraHaiUra="97" who="0" fromWho="0" sc="172,89,256,-20,306,-20,256,-39" />
</Scene>
<Scene>
<INIT seed="4,0,0,4,0,58" ten="261,236,286,217" oya="0" hai0="104,99,38,72,62,133,21,66,17,112,36,52,110" hai1="69,65,73,117,24,87,33,53,86,49,14,127,113" hai2="75,20,4,40,103,106,46,59,118,35,90,68,1" hai3="115,70,126,7,67,134,135,10,92,54,13,79,18"/><T64/><D72/><U55/><E73/><V34/><F90/><W114/><G126/><T44/><D133/><N who="3" m="50697" /><G79/><T121/><D121/><U122/><E117/><V63/><F20/><W88/><G54/><T41/><D38/><U71/><E122/><V23/><F23/><W131/><G131/><T84/><D112/><N who="3" m="43049" /><G67/><T76/><D110/><U30/><E55/><V16/><F75/><W130/><G70/><T27/><D76/><U51/><E51/><V57/><F57/><W6/><G130/><T109/><D109/><U78/><E127/><V119/><F59/><W42/><G42/><T85/><D66/><U82/><E113/><V19/><F40/><W81/><G81/><T77/><D77/><U132/><E132/><V97/><F46/><W108/><G108/><T2/><D2/><U95/><E65/><V91/><F1/><W31/><G31/><T60/><D52/><U11/><E49/><V25/><F68/><W50/><G50/><T96/><D96/><AGARI ba="0,0" hai="6,7,10,13,18,88,92,96" m="43049,50697" machi="96" ten="30,3900,0" yaku="20,1,15,1,54,1" doraHai="58" who="3" fromWho="0" sc="261,-39,236,0,286,0,217,39" />
</Scene>
<Scene>
<INIT seed="5,0,0,2,0,67" ten="222,236,286,256" oya="1" hai0="62,6,40,80,121,36,91,129,55,45,22,2,53" hai1="118,112,68,126,59,82,61,3,35,131,43,41,85" hai2="87,19,135,74,114,11,27,100,96,119,124,56,24" hai3="88,29,23,108,9,0,83,33,127,109,92,89,16"/><U60/><E118/><V32/><F74/><W113/><G113/><T42/><D129/><U72/><E72/><V21/><F119/><W71/><G71/><T70/><D42/><U5/><E35/><V94/><F124/><W120/><G120/><T34/><D34/><U14/><E3/><V98/><F135/><W75/><G127/><T30/><D121/><U134/><E126/><V81/><F114/><W110/><G33/><T99/><D2/><U122/><E122/><V8/><F32/><W39/><G39/><T105/><D6/><U25/><E112/><V79/><F27/><W10/><G29/><T54/><D105/><U48/><E25/><V4/><F4/><W37/><G37/><T76/><D30/><U115/><E115/><V117/><F117/><W97/><G0/><T128/><D128/><U111/><E111/><V93/><REACH who="2" step="1"/><F56/><REACH who="2" ten="222,236,276,256" step="2"/><W52/><G75/><T84/><D22/><U86/><E134/><V107/><F107/><W104/><G104/><T95/><REACH who="0" step="1"/><D70/><REACH who="0" ten="212,236,276,256" step="2"/><U130/><E68/><V102/><AGARI ba="0,2" hai="8,11,19,21,24,79,81,87,93,94,96,98,100,102" machi="102" ten="20,8000,1" yaku="1,1,0,1,7,1,9,1,8,1,53,0" doraHai="67" doraHaiUra="123" who="2" fromWho="2" sc="212,-20,236,-40,276,100,256,-20" />
</Scene>
<Scene>
<INIT seed="6,0,0,0,3,45" ten="192,196,376,236" oya="2" hai0="59,57,52,125,44,54,65,92,24,80,8,118,41" hai1="39,32,129,127,4,116,53,90,102,135,14,99,63" hai2="20,9,89,17,68,49,133,77,6,82,67,120,26" hai3="3,60,78,35,69,22,107,10,5,70,36,37,28"/><V87/><F120/><W113/><G22/><T83/><D125/><U84/><E116/><V85/><F133/><W131/><G131/><T132/><D132/><U71/><E39/><N who="3" m="14922" /><G78/><T1/><D118/><U46/><E135/><V81/><F68/><N who="3" m="26219" /><G60/><T47/><D24/><U11/><E127/><V25/><F25/><N who="3" m="18831" /><G113/><T55/><D92/><N who="1" m="58727" /><E32/><V124/><F124/><W103/><G103/><T21/><D21/><U15/><E71/><V119/><F119/><W0/><G0/><T109/><D109/><U13/><E129/><V42/><F67/><W72/><G72/><T98/><D98/><U106/><E106/><AGARI ba="0,0" hai="3,5,10,106,107" m="18831,26219,14922" machi="106" ten="30,2000,0" yaku="33,2" doraHai="45" who="3" fromWho="1" sc="192,0,196,-20,376,0,236,20" />
</Scene>
<Scene>
<INIT seed="7,0,0,1,4,84" ten="192,176,376,256" oya="3" hai0="38,68,80,44,62,123,69,134,53,74,24,17,45" hai1="110,70,32,64,60,65,41,116,8,67,19,87,25" hai2="15,91,82,35,126,88,108,4,52,101,75,21,111" hai3="58,117,95,28,14,54,40,11,76,128,37,30,135"/><W118/><G128/><T131/><D131/><U104/><E110/><V100/><F35/><W130/><G130/><T59/><D134/><U46/><E116/><V29/><F75/><W129/><G129/><T106/><D106/><U102/><E104/><V97/><F126/><W9/><G135/><T86/><D74/><U57/><E102/><V103/><F82/><W33/><G76/><T56/><D123/><U93/><E70/><V2/><F2/><W78/><G78/><T6/><D6/><U18/><E32/><V34/><F34/><W85/><G37/><T73/><D73/><U39/><E8/><N who="2" m="4487" /><F97/><W107/><G107/><T16/><D38/><U114/><E114/><V55/><F111/><W23/><G33/><T90/><D59/><U48/><E39/><V120/><F120/><W61/><G58/><T1/><D1/><U71/><E71/><V81/><F81/><W43/><G118/><T66/><D68/><U27/><E27/><N who="2" m="16623" /><F108/><W36/><G117/><T96/><D96/><U121/><E121/><V92/><F92/><W105/><G95/><T98/><D98/><U133/><E133/><V79/><F79/><W132/><G105/><T26/><D26/><U22/><E18/><V51/><F55/><W7/><G54/><T124/><D124/><U89/><AGARI ba="0,0" hai="19,22,25,41,46,48,57,60,64,65,67,87,89,93" machi="89" ten="30,4000,0" yaku="0,1,8,1,52,1" doraHai="84" who="1" fromWho="1" sc="192,-10,176,40,376,-10,256,-20" owari="182,-32.0,216,-18.0,366,46.0,236,4.0" />
</Scene>
</mjloggm>