<mjloggm ver="2.3"><GO type="169" lobby="0"/><UN n0="%E7%9C%9F%E3%81%A3%E5%90%91%E5%8B%9D%E8%B2%A0" n1="%E3%83%A2%E3%82%A4%E3%83%92%E3%83%A3%E3%83%B3" n2="%E5%A4%AA%E3%81%8F%E3%81%AA%E3%81%84%E3%81%8A" n3="%57%49%4E%E7%A5%9E" dan="16,16,18,17" rate="2069.99,2038.64,2273.90,2113.22" sx="F,F,M,M"/><TAIKYOKU oya="0"/>

<Scene>
<INIT seed="0,0,0,5,2,37" ten="250,250,250,250" oya="0" hai0="105,54,101,29,88,33,10,71,87,115,26,56,93" hai1="27,97,7,132,90,39,85,61,43,128,64,95,2" hai2="55,0,89,50,102,134,120,113,114,69,81,32,72" hai3="13,76,116,79,49,52,131,107,28,96,17,46,16"/><T119/><D115/><U77/><E132/><V8/><F120/><W98/><G116/><T62/><D119/><U36/><E128/><V111/><F69/><W18/><G131/><T30/><D105/><U48/><E27/><V78/><F32/><W125/><G125/><T44/><D101/><U127/><E127/><V92/><F134/><W42/><G28/><T19/><D30/><U40/><E7/><V124/><F124/><W108/><G108/><T70/><REACH who="0" step="1"/><D44/><REACH who="0" ten="240,250,250,250" step="2"/><U21/><E2/><V60/><F102/><W117/><G107/><T84/><D84/><U66/><E85/><V1/><F1/><W59/><G117/><T80/><D80/><U9/><E97/><N who="3" m="37482" /><G13/><AGARI ba="0,1" hai="10,13,19,26,29,33,54,56,62,70,71,87,88,93" machi="13" ten="40,7700,0" yaku="1,1,54,1,53,1" doraHai="37" doraHaiUra="82" who="0" fromWho="3" sc="240,87,250,0,250,0,250,-77" />
</Scene>
<Scene>
<INIT seed="0,1,0,0,5,19" ten="327,250,250,173" oya="0" hai0="39,17,26,88,107,38,116,121,118,120,3,32,98" hai1="115,34,85,133,61,119,66,117,53,44,128,131,51" hai2="30,62,41,55,76,114,91,0,79,20,73,94,83" hai3="56,72,33,75,1,11,27,36,68,18,108,28,58"/><T8/><D88/><U16/><E34/><V65/><F0/><W132/><G68/><T15/><D98/><U125/><E125/><V42/><F114/><W64/><G36/><T14/><D107/><U82/><E115/><V7/><F7/><W87/><G108/><T112/><D112/><U52/><E133/><V89/><F55/><W31/><G132/><T103/><D103/><U110/><E110/><V43/><F79/><W40/><G40/><T4/><D38/><U95/><E95/><V129/><F129/><N who="1" m="49737" /><E53/><V47/><F47/><W5/><G87/><T23/><D39/><U80/><E80/><V25/><REACH who="2" step="1"/><F94/><REACH who="2" ten="327,250,240,173" step="2"/><W135/><G135/><T97/><D97/><U77/><E16/><V71/><AGARI ba="1,1" hai="20,25,30,41,42,43,62,65,71,73,76,83,89,91" machi="71" ten="30,7900,0" yaku="1,1,2,1,0,1,52,1,53,0" doraHai="19" doraHaiUra="69" who="2" fromWho="2" sc="327,-40,250,-21,240,92,173,-21" />
</Scene>
<Scene>
<INIT seed="1,0,0,4,1,71" ten="287,229,332,152" oya="1" hai0="68,101,112,41,113,52,127,14,36,9,67,24,90" hai1="81,64,12,61,114,63,23,10,116,93,42,103,21" hai2="66,51,2,88,133,54,62,107,11,121,129,13,47" hai3="72,65,83,96,6,34,89,109,78,100,30,53,43"/><U37/><E116/><V46/><F121/><W32/><G109/><T70/><D101/><U111/><E114/><V117/><F117/><W105/><G6/><T132/><D24/><U3/><E111/><V60/><F107/><W94/><G65/><T40/><D90/><U0/><E63/><V119/><F2/><W44/><G53/><T38/><D14/><U134/><E134/><V115/><F119/><W135/><G30/><T108/><D9/><U28/><E81/><V128/><F133/><W4/><G4/><T8/><D8/><U25/><E23/><V59/><F115/><W29/><G29/><T122/><D108/><U124/><E124/><V1/><F1/><W84/><REACH who="3" step="1"/><G135/><REACH who="3" ten="287,229,332,142" step="2"/><T7/><D7/><U87/><E28/><V57/><F66/><W79/><G79/><T39/><D132/><U69/><E3/><V73/><F54/><W17/><G17/><T5/><D5/><U20/><E0/><V91/><F128/><W118/><G118/><T125/><D67/><U48/><E64/><V82/><F129/><W120/><G120/><T102/><D52/><U27/><E69/><V86/><F60/><W33/><G33/><T31/><D31/><U56/><E61/><V18/><F62/><W45/><G45/><T75/><D122/><U110/><E110/><V35/><F47/><W50/><AGARI ba="0,1" hai="32,34,43,44,50,72,78,83,84,89,94,96,100,105" machi="50" ten="20,12000,2" yaku="1,1,0,1,7,1,24,2,53,1" doraHai="71" doraHaiUra="92" who="3" fromWho="3" sc="287,-30,229,-60,332,-30,142,130" />
</Scene>
<Scene>
<INIT seed="2,0,0,3,5,38" ten="257,169,302,272" oya="2" hai0="120,122,10,24,2,0,112,37,124,18,26,49,14" hai1="95,70,1,88,51,77,91,61,30,100,52,128,31" hai2="25,7,29,104,43,108,102,63,16,81,66,84,11" hai3="72,69,134,28,33,9,96,23,73,71,13,12,32"/><V76/><F108/><W85/><G134/><T46/><D37/><U110/><E1/><V74/><F84/><W125/><G125/><T20/><D124/><U5/><E110/><V116/><F116/><W114/><G85/><T22/><D112/><U135/><E5/><V41/><F102/><W93/><G114/><T47/><D49/><U78/><E135/><V126/><F104/><W35/><G23/><N who="0" m="8747" /><D47/><U27/><E128/><V62/><F126/><W111/><G28/><N who="1" m="10794" /><E70/><V121/><F121/><N who="0" m="46698" /><D46/><N who="1" m="27767" /><E61/><V15/><F7/><W106/><G106/><T98/><D98/><N who="1" m="59487" /><E27/><AGARI ba="0,0" hai="0,2,10,14,18,24,26,27" m="46698,8747" machi="27" ten="30,2000,0" yaku="34,2" doraHai="38" who="0" fromWho="1" sc="257,20,169,-20,302,0,272,0" />
</Scene>
<Scene>
<INIT seed="3,0,0,5,1,61" ten="277,149,302,272" oya="3" hai0="51,121,65,99,45,40,77,1,125,83,29,23,120" hai1="25,93,85,84,95,3,26,100,86,9,122,32,128" hai2="56,28,50,97,88,109,49,116,101,132,66,2,64" hai3="30,127,72,8,37,94,80,11,31,67,33,48,76"/><W38/><G127/><T22/><D1/><U70/><E70/><V63/><F116/><W123/><G123/><T7/><D125/><U36/><E36/><V21/><F2/><W34/><G48/><N who="2" m="18537" /><F109/><W27/><G94/><T113/><D113/><U59/><E122/><V78/><F132/><W103/><G103/><T58/><D7/><U90/><E128/><V105/><F105/><W55/><G55/><T39/><D22/><U19/><E59/><V107/><F107/><W57/><G11/><T24/><D99/><N who="1" m="59519" /><E32/><V10/><F78/><W4/><G67/><N who="2" m="25641" /><F101/><W35/><G57/><T18/><D39/><U115/><E3/><V126/><F126/><W119/><G119/><T104/><D104/><U41/><E115/><V110/><F110/><W92/><G92/><T79/><D79/><U98/><E41/><V69/><F69/><W16/><G35/><T133/><D133/><U44/><E93/><N who="2" m="56487" /><F10/><W68/><G68/><T102/><D102/><U112/><E9/><V81/><F81/><W124/><G124/><T60/><REACH who="0" step="1"/><D29/><REACH who="0" ten="267,149,302,272" step="2"/><U6/><E112/><V5/><F5/><W82/><G4/><T135/><D135/><U46/><E6/><V43/><F21/><W89/><G38/><T20/><D20/><U14/><E98/><V71/><F28/><W91/><G37/><T42/><D42/><U74/><E90/><V47/><F43/><W12/><G91/><T106/><D106/><U117/><E117/><V134/><F134/><W108/><G89/><T15/><D15/><U87/><E14/><V130/><F130/><W54/><G31/><T131/><D131/><RYUUKYOKU ba="0,1" sc="267,30,149,-10,302,-10,272,-10" hai0="18,23,24,40,45,51,58,60,65,77,83,120,121" />
</Scene>
<Scene>
<INIT seed="4,1,1,2,4,4" ten="297,139,292,262" oya="0" hai0="60,10,112,27,72,113,121,28,132,89,19,43,0" hai1="99,120,54,48,29,25,119,14,67,69,8,58,61" hai2="57,15,117,3,62,26,103,73,86,23,114,127,7" hai3="135,44,104,116,77,40,52,70,50,59,130,122,78"/><T101/><D72/><U92/><E119/><V129/><F73/><W106/><G116/><T81/><D101/><U128/><E128/><V88/><F117/><W42/><G130/><T107/><D107/><U66/><E120/><V24/><F129/><W30/><G70/><T79/><D43/><U32/><E67/><V108/><F108/><W13/><G122/><T76/><D60/><U20/><E32/><V85/><F114/><N who="0" m="44138" /><D132/><U2/><E2/><V95/><F3/><W41/><G135/><T91/><D76/><U109/><E109/><V83/><F127/><W80/><G30/><T47/><D47/><U98/><REACH who="1" step="1"/><E92/><REACH who="1" ten="297,129,292,262" step="2"/><V71/><F71/><W93/><G93/><T131/><D131/><U100/><E100/><V65/><F103/><W12/><G106/><T38/><D0/><U110/><E110/><V105/><F105/><W115/><G104/><T111/><D111/><U55/><E55/><V1/><F1/><W17/><G115/><T51/><D121/><U84/><E84/><V33/><F33/><W49/><G52/><T31/><D81/><U56/><E56/><V96/><F83/><W16/><G59/><T74/><D74/><U125/><E125/><V34/><F34/><W39/><G80/><T5/><D79/><U97/><E97/><V6/><F96/><W133/><G78/><T126/><D126/><U75/><E75/><V68/><F68/><W37/><G77/><T53/><D53/><U63/><E63/><V134/><F134/><W64/><G133/><T123/><D123/><U18/><AGARI ba="1,2" hai="8,14,18,20,25,29,48,54,58,61,66,69,98,99" machi="18" ten="20,5200,0" yaku="1,1,0,1,7,1,52,1,53,0" doraHai="4" doraHaiUra="36" who="1" fromWho="1" sc="297,-27,129,75,292,-14,262,-14" />
</Scene>
<Scene>
<INIT seed="5,0,0,0,3,6" ten="270,204,278,248" oya="1" hai0="89,100,1,74,122,19,2,111,66,50,13,90,99" hai1="63,57,79,123,98,60,33,37,28,134,47,59,103" hai2="9,113,114,55,81,34,70,117,93,39,92,87,62" hai3="0,106,76,86,23,116,31,110,61,82,54,25,109"/><U94/><E123/><V130/><F117/><W48/><G116/><T45/><D111/><U30/><E134/><V118/><F118/><W75/><G106/><T26/><D74/><U22/><E33/><V7/><F39/><W120/><G120/><T119/><D26/><U72/><E22/><V32/><F130/><W51/><G0/><T131/><D131/><U14/><E14/><N who="2" m="5439" /><F92/><W58/><G51/><T18/><D66/><U104/><E104/><V46/><F93/><W68/><G68/><T95/><D18/><U91/><E103/><V83/><F46/><W126/><G126/><T36/><D36/><U73/><E73/><V56/><F70/><W124/><G124/><T52/><D122/><U27/><E27/><V16/><F16/><W43/><G75/><T125/><D125/><U15/><E15/><V64/><F64/><W41/><G110/><T135/><D135/><U71/><E71/><V77/><F83/><W112/><G112/><AGARI ba="0,0" hai="32,34,55,56,62,77,81,87,112,113,114" m="5439" machi="112" ten="30,3900,0" yaku="15,1,11,1,52,1" doraHai="6" who="2" fromWho="3" sc="270,0,204,0,278,39,248,-39" />
</Scene>
<Scene>
<INIT seed="6,0,0,1,2,127" ten="270,204,317,209" oya="2" hai0="52,7,34,83,120,24,26,17,70,9,8,30,2" hai1="15,22,69,74,109,128,88,116,46,100,1,36,94" hai2="37,4,130,98,131,86,38,71,102,67,27,92,129" hai3="35,101,64,89,87,113,122,47,45,43,59,23,90"/><V115/><F115/><W99/><G113/><T49/><D70/><U77/><E1/><V108/><F108/><W75/><G122/><T32/><D83/><U72/><E109/><V80/><F4/><W20/><G75/><T96/><D96/><U18/><E69/><V12/><F12/><W65/><G35/><T95/><D95/><U126/><E116/><V16/><F16/><W134/><G134/><T3/><D52/><U111/><E111/><V62/><F27/><W29/><G29/><N who="0" m="19495" /><D49/><U5/><E5/><V93/><F93/><N who="3" m="56751" /><G101/><T125/><D125/><U39/><E100/><V54/><F54/><W106/><G106/><T123/><D2/><U51/><E126/><V66/><F66/><N who="3" m="25707" /><G59/><T56/><D56/><U21/><E74/><V81/><F81/><N who="3" m="49519" /><G43/><T0/><D0/><U84/><E72/><V28/><F28/><W118/><G118/><T58/><D58/><U40/><E77/><AGARI ba="0,0" hai="37,38,62,67,71,77,80,86,92,98,102,129,130,131" machi="77" ten="40,12000,1" yaku="19,1,52,3" doraHai="127" who="2" fromWho="1" sc="270,0,204,-120,317,120,209,0" />
</Scene>
<Scene>
<INIT seed="6,1,0,1,0,21" ten="270,84,437,209" oya="2" hai0="126,78,118,127,63,123,113,114,109,104,95,44,40" hai1="119,12,87,132,38,14,28,70,112,66,11,19,135" hai2="84,30,98,134,60,128,13,133,115,45,120,29,122" hai3="96,86,82,79,20,16,39,34,53,52,101,89,24"/><V71/><F115/><W7/><G39/><T117/><D95/><U69/><E38/><V26/><F128/><W31/><G7/><T125/><D78/><U88/><E112/><N who="0" m="43113" /><D104/><U2/><E119/><N who="0" m="45577" /><D63/><U81/><E2/><V124/><F60/><W59/><G59/><T33/><D33/><U80/><E66/><V50/><F98/><W99/><G79/><T74/><D74/><U106/><E106/><V76/><F76/><W93/><G99/><T62/><D62/><U15/><E28/><V67/><F30/><W91/><REACH who="3" step="1"/><G101/><REACH who="3" ten="270,84,437,199" step="2"/><T68/><D68/><N who="1" m="26219" /><E80/><V56/><F71/><W92/><G92/><T46/><D123/><U73/><E73/><V107/><F120/><W105/><G105/><T8/><D44/><U43/><E43/><V35/><F45/><W5/><G5/><T116/><D116/><U61/><E61/><V23/><F122/><W55/><G55/><T27/><D40/><U85/><E85/><V54/><F84/><W121/><G121/><T77/><D46/><U36/><E36/><V18/><F107/><W3/><G3/><T47/><D47/><U41/><E41/><V110/><F54/><W65/><G65/><T0/><D77/><U1/><E1/><V58/><F67/><W97/><G97/><T75/><D75/><U83/><E81/><V90/><F58/><W49/><G49/><T64/><D64/><U57/><E57/><V111/><F56/><W17/><G17/><T103/><D103/><U108/><E108/><V25/><F111/><W37/><G37/><T51/><D109/><U131/><E131/><V4/><F110/><RYUUKYOKU ba="1,1" sc="270,-15,84,15,437,-15,199,15" hai1="11,12,14,15,19,83,87,88,132,135" hai3="16,20,24,31,34,52,53,82,86,89,91,93,96" />
</Scene>
<Scene>
<INIT seed="7,2,1,5,2,91" ten="255,99,422,214" oya="3" hai0="64,43,116,104,22,66,48,41,83,95,88,57,18" hai1="75,67,30,90,87,82,123,63,78,39,65,60,112" hai2="40,20,79,25,120,103,132,124,113,128,130,35,68" hai3="38,45,77,94,9,110,121,2,89,32,31,8,26"/><W73/><G121/><T27/><D104/><U70/><E123/><V72/><F120/><W101/><G110/><T13/><D116/><U29/><E39/><V16/><F68/><W115/><G115/><T14/><D83/><U111/><E112/><V74/><F113/><W133/><G133/><T17/><D27/><U62/><E111/><V1/><F1/><W23/><G101/><T96/><D48/><U93/><REACH who="1" step="1"/><E63/><REACH who="1" ten="255,89,422,214" step="2"/><V19/><F19/><N who="3" m="12671" /><G38/><T131/><D17/><U7/><E7/><V81/><F132/><W36/><G36/><T52/><D18/><U46/><E46/><V28/><F130/><W118/><G45/><T4/><D4/><U109/><E109/><V126/><F128/><W34/><G118/><T92/><D131/><U33/><E33/><V102/><F74/><W80/><G34/><T56/><D22/><U55/><E55/><V99/><F40/><W58/><G32/><T119/><D52/><U0/><E0/><V122/><F122/><W15/><G2/><T117/><D41/><U100/><E100/><V59/><F103/><W53/><G53/><T114/><D43/><U84/><E84/><V129/><F129/><W11/><G73/><T85/><D85/><U107/><E107/><V69/><F35/><W24/><G31/><T97/><D114/><U127/><E127/><V42/><F28/><W21/><G77/><T47/><D47/><U12/><E12/><V105/><F42/><W108/><G15/><T61/><D61/><U135/><E135/><V44/><F126/><W51/><G108/><T86/><D86/><U49/><E49/><RYUUKYOKU ba="2,2" sc="255,15,89,15,422,-15,214,-15" hai0="13,14,56,57,64,66,88,92,95,96,97,117,119" hai1="29,30,60,62,65,67,70,75,78,82,87,90,93" owari="270,7.0,104,-40.0,427,53.0,199,-20.0" />
</Scene>
</mjloggm>