<mjloggm ver="2.3"><GO type="169" lobby="0"/><UN n0="%E3%81%B6%E3%81%A3%E3%81%A8%E3%81%B3%E3%82%AB%E3%83%BC%E3%83%89" n1="%E2%99%AA%E7%B5%90%E6%9C%88%E3%82%86%E3%81%8B%E3%82%8A%E2%99%AA" n2="%E5%A4%AA%E3%81%8F%E3%81%AA%E3%81%84%E3%81%8A" n3="%E3%83%A9%E3%82%B0%E3%83%A9%E3%83%BC%E3%82%B8" dan="17,16,19,16" rate="2201.67,2099.23,2332.87,2093.50" sx="M,F,F,F"/><TAIKYOKU oya="0"/>

<Scene>
<INIT seed="0,0,0,3,2,75" ten="250,250,250,250" oya="0" hai0="81,131,30,43,128,50,91,31,114,116,37,97,130" hai1="8,92,132,38,10,124,115,84,32,7,90,108,56" hai2="5,47,105,40,17,63,107,122,102,59,98,58,135" hai3="101,86,44,121,87,65,2,25,95,112,19,26,134"/><T24/><D114/><U109/><E115/><V45/><F122/><W28/><G112/><T18/><D116/><U117/><E117/><V4/><F135/><W0/><G134/><T55/><D43/><U71/><E71/><V60/><F17/><W57/><G121/><T83/><D37/><U1/><E132/><V13/><F13/><W68/><G68/><T49/><D18/><U111/><E32/><V33/><F33/><W46/><G19/><T61/><D61/><U93/><E38/><V80/><F80/><N who="0" m="30794" /><D55/><U67/><E124/><V74/><F74/><W51/><G95/><N who="0" m="56575" /><D31/><U89/><E8/><V77/><F98/><W29/><G51/><T23/><AGARI ba="0,0" hai="23,24,30,49,50,128,130,131" m="56575,30794" machi="23" ten="40,2100,0" yaku="19,1" doraHai="75" who="0" fromWho="0" sc="250,21,250,-7,250,-7,250,-7" />
</Scene>
<Scene>
<INIT seed="0,1,0,2,5,112" ten="271,243,243,243" oya="0" hai0="16,97,69,79,45,47,101,74,59,83,1,68,39" hai1="96,54,119,82,87,131,42,116,80,128,25,100,66" hai2="10,134,133,60,84,26,34,86,11,18,61,30,81" hai3="111,33,105,71,78,12,120,118,14,23,50,110,8"/><T70/><D1/><U109/><E109/><V127/><F127/><W57/><G71/><T46/><D59/><U43/><E66/><V53/><F86/><W2/><G33/><T121/><D121/><U35/><E54/><V5/><F18/><W36/><G36/><T115/><D115/><U17/><E35/><V51/><F61/><W40/><G105/><T62/><D16/><U126/><E126/><V0/><F60/><W99/><G120/><T75/><D75/><U103/><E17/><V122/><F11/><W32/><G32/><T22/><D22/><U9/><E25/><V77/><REACH who="2" step="1"/><F122/><REACH who="2" ten="271,243,233,243" step="2"/><W67/><G8/><T7/><D7/><U65/><E9/><V94/><F94/><W123/><G123/><T114/><D114/><U104/><E65/><V93/><F93/><W108/><G67/><T88/><D62/><U52/><E87/><V37/><F37/><W107/><G107/><T28/><D39/><U49/><E104/><V102/><F102/><W130/><G12/><T56/><D101/><U29/><E103/><V58/><AGARI ba="1,1" hai="0,5,10,26,30,34,51,53,58,77,81,84,133,134" machi="58" ten="30,2000,0" yaku="1,1,0,1,53,0" doraHai="112" doraHaiUra="90" who="2" fromWho="2" sc="271,-11,243,-6,233,33,243,-6" />
</Scene>
<Scene>
<INIT seed="1,0,0,0,3,129" ten="260,237,266,237" oya="1" hai0="64,125,99,101,124,87,107,134,123,30,117,135,108" hai1="77,21,121,118,89,82,128,133,48,113,94,33,50" hai2="53,105,85,70,103,59,19,69,119,97,32,36,67" hai3="116,68,10,115,52,22,16,78,54,20,43,46,29"/><U91/><E118/><V130/><F119/><W11/><G115/><T37/><D117/><U72/><E121/><V120/><F120/><W17/><G68/><T60/><D123/><U92/><E113/><V79/><F36/><W56/><G116/><T111/><D37/><U39/><E33/><V31/><F130/><W58/><G29/><T112/><D30/><U28/><E39/><V131/><F131/><W86/><G46/><T84/><D112/><U110/><E128/><V0/><F0/><W27/><G43/><T45/><D45/><U12/><E110/><N who="0" m="42025" /><D87/><U51/><E133/><N who="0" m="50697" /><D84/><U57/><E28/><V24/><F85/><W40/><G40/><T80/><D80/><U42/><E42/><V9/><F31/><W5/><G5/><T62/><D62/><U96/><E82/><V6/><F6/><W65/><G65/><T88/><D88/><U132/><E91/><V25/><F67/><W8/><G86/><T15/><D15/><U49/><E132/><V83/><F83/><W73/><G73/><T74/><D74/><U2/><E12/><V75/><F75/><W14/><G78/><T127/><D125/><U7/><E77/><V76/><F76/><W63/><G8/><T104/><D104/><U35/><E72/><V26/><F79/><W90/><G90/><T23/><D23/><U98/><E21/><V4/><F105/><W114/><G114/><T38/><D38/><U93/><E89/><V66/><F9/><W1/><G1/><T3/><D3/><U47/><E2/><V126/><F126/><W109/><G109/><T122/><D122/><RYUUKYOKU ba="0,0" sc="260,15,237,-15,266,-15,237,15" hai0="60,64,99,101,107,124,127" hai3="10,11,14,16,17,20,22,27,52,54,56,58,63" />
</Scene>
<Scene>
<INIT seed="2,1,0,1,1,56" ten="275,222,251,252" oya="2" hai0="13,38,19,65,83,18,111,34,99,58,94,16,49" hai1="17,97,61,52,110,100,1,47,41,101,51,40,44" hai2="124,70,75,7,33,20,0,43,102,6,116,112,50" hai3="4,22,121,24,122,31,14,119,27,45,77,67,62"/><V106/><F33/><W107/><G119/><T128/><D38/><U12/><E1/><V5/><F116/><W60/><G107/><T11/><D111/><U126/><E110/><V57/><F70/><W108/><G108/><T71/><D128/><U109/><E109/><V39/><F112/><W79/><G45/><T42/><D34/><U114/><E114/><V55/><F75/><W98/><G98/><T129/><D129/><U73/><E73/><V54/><F124/><W30/><G14/><T74/><D71/><U93/><E126/><V46/><F20/><W134/><G22/><T118/><D118/><U96/><E61/><V115/><F115/><W117/><G117/><T86/><D74/><U2/><E2/><V48/><F0/><W103/><G103/><N who="0" m="60919" /><D65/><U35/><E35/><V133/><F133/><W9/><G9/><T125/><D125/><U92/><REACH who="1" step="1"/><E47/><REACH who="1" ten="275,212,251,252" step="2"/><V53/><F57/><W15/><G134/><T135/><D135/><U3/><E3/><V123/><F123/><W82/><G121/><T127/><D127/><U29/><E29/><V84/><F46/><W76/><G122/><T63/><D63/><U132/><E132/><V85/><F39/><W87/><G30/><T72/><D72/><U113/><E113/><V37/><F37/><W68/><G60/><T64/><D58/><U89/><E89/><V90/><F90/><N who="3" m="51575" /><G31/><T66/><D66/><U21/><AGARI ba="1,1" hai="12,17,21,40,41,44,51,52,92,93,96,97,100,101" machi="21" ten="20,12000,2" yaku="1,1,0,1,7,1,9,1,8,1,54,1,53,0" doraHai="56" doraHaiUra="104" who="1" fromWho="1" sc="275,-31,212,133,251,-61,252,-31" />
</Scene>
<Scene>
<INIT seed="3,0,0,2,2,95" ten="244,345,190,221" oya="3" hai0="37,130,19,40,118,6,65,74,43,53,50,3,64" hai1="20,31,60,98,9,24,2,59,54,134,5,111,108" hai2="42,123,109,14,51,131,71,102,128,21,92,67,133" hai3="76,105,8,38,96,27,48,1,4,63,104,97,56"/><W112/><G112/><T68/><D74/><U49/><E134/><V0/><F0/><W55/><G38/><T41/><D6/><U46/><REACH who="1" step="1"/><E98/><REACH who="1" ten="244,335,190,221" step="2"/><N who="2" m="59719" /><F133/><W106/><G76/><T11/><D37/><U12/><E12/><V120/><F14/><W70/><REACH who="3" step="1"/><G27/><REACH who="3" ten="244,335,190,211" step="2"/><T17/><D3/><U77/><E77/><V15/><F123/><W86/><G86/><T84/><D84/><U122/><E122/><V13/><F120/><W88/><G88/><T89/><D89/><U39/><E39/><V90/><F90/><W100/><G100/><T16/><D118/><U110/><E110/><V29/><F109/><W87/><G87/><T34/><D130/><U126/><E126/><V119/><F119/><W73/><G73/><T62/><D19/><U47/><E47/><N who="2" m="26103" /><F131/><W99/><G99/><T58/><D17/><U23/><E23/><V7/><F128/><W26/><G26/><T93/><D16/><U115/><E115/><V113/><F113/><W94/><G94/><T116/><D93/><U101/><E101/><V66/><F21/><W75/><G75/><T127/><D127/><U80/><E80/><V114/><F114/><W135/><G135/><T57/><D116/><U124/><E124/><V85/><F85/><W81/><G81/><T82/><D82/><U45/><E45/><V28/><F7/><W117/><G117/><T103/><D103/><U83/><E83/><V18/><F18/><W125/><G125/><T33/><D33/><U52/><AGARI ba="0,2" hai="2,5,9,20,24,31,46,49,52,54,59,60,108,111" machi="52" ten="30,4000,0" yaku="1,1,0,1,54,1,53,0" doraHai="95" doraHaiUra="36" who="1" fromWho="1" sc="244,-10,335,60,190,-10,211,-20" />
</Scene>
<Scene>
<INIT seed="4,0,0,2,3,86" ten="234,395,180,191" oya="0" hai0="134,20,92,83,122,119,71,42,100,48,45,62,115" hai1="28,49,129,8,12,27,33,98,135,106,6,126,26" hai2="93,54,70,105,111,16,5,19,57,60,35,67,32" hai3="130,14,133,109,65,127,108,73,64,84,85,125,10"/><T39/><D119/><U0/><E126/><N who="3" m="48138" /><G73/><T11/><D122/><U61/><E135/><V66/><F105/><W30/><G30/><T112/><D134/><U128/><E49/><V132/><F132/><W24/><G133/><T38/><D83/><U18/><E61/><V29/><F111/><N who="3" m="42571" /><G24/><T23/><D11/><U68/><E68/><V118/><F118/><W51/><G130/><N who="1" m="50282" /><E98/><V3/><F29/><W58/><G51/><T87/><D39/><U55/><E27/><V131/><F131/><W94/><G58/><T88/><D100/><U90/><E106/><V72/><F72/><W22/><G22/><T123/><D123/><U124/><E124/><V110/><F110/><W46/><G46/><T15/><D38/><U31/><E31/><V120/><F120/><W69/><G69/><T113/><D15/><U25/><E25/><V74/><F70/><W107/><G107/><T9/><D9/><U4/><E0/><V89/><F35/><W114/><G114/><T82/><D71/><U117/><E26/><V13/><F32/><W17/><G84/><N who="0" m="52231" /><D62/><U104/><E12/><V81/><F13/><W102/><G102/><T34/><D34/><U99/><E8/><V76/><F3/><W52/><G10/><T63/><D63/><U103/><E33/><V121/><F121/><W41/><G14/><T78/><AGARI ba="0,0" hai="20,23,42,45,48,78,82,87,112,113,115" m="52231" machi="78" ten="30,6000,0" yaku="15,1,52,1,54,1" doraHai="86" who="0" fromWho="0" sc="234,60,395,-20,180,-20,191,-20" />
</Scene>
<Scene>
<INIT seed="4,1,0,5,5,76" ten="294,375,160,171" oya="0" hai0="9,39,18,16,125,135,84,91,127,65,29,15,112" hai1="6,14,134,70,121,102,131,58,122,82,107,109,74" hai2="38,46,123,13,34,98,24,66,103,105,55,108,118" hai3="69,2,100,56,35,43,81,52,10,126,77,94,61"/><T64/><D39/><U92/><E70/><V78/><F108/><W44/><G35/><T73/><D73/><U17/><E109/><V42/><F123/><W54/><G126/><N who="0" m="48139" /><D112/><U7/><E107/><V41/><F118/><W88/><G69/><T5/><D29/><U11/><E6/><V47/><F55/><W85/><G100/><T33/><D33/><U45/><E7/><V19/><F66/><N who="0" m="25706" /><D135/><U72/><E134/><V75/><F24/><W0/><G54/><T30/><D30/><U87/><E74/><V57/><F57/><W48/><G10/><T36/><D36/><U106/><E58/><V37/><F34/><W99/><AGARI ba="1,0" hai="0,2,43,44,48,52,56,61,77,81,85,88,94,99" machi="99" ten="20,8000,1" yaku="0,1,7,1,52,1,54,2" doraHai="76" who="3" fromWho="3" sc="294,-41,375,-21,160,-21,171,83" />
</Scene>
<Scene>
<INIT seed="5,0,0,0,5,95" ten="253,354,139,254" oya="1" hai0="55,91,82,134,65,9,53,57,14,92,23,46,118" hai1="81,109,58,63,34,127,117,84,52,121,54,80,113" hai2="40,111,124,18,49,119,38,131,32,106,45,21,103" hai3="86,3,135,70,89,26,10,4,7,100,60,83,50"/><U96/><E117/><V102/><F111/><W43/><G135/><T130/><D118/><U79/><E121/><V108/><F108/><W71/><G4/><T6/><D130/><U94/><E109/><V37/><F119/><W133/><G133/><T1/><D134/><U33/><E113/><V93/><F32/><W85/><G26/><T74/><D74/><U64/><E127/><V62/><F124/><W126/><G126/><T8/><D82/><U88/><E54/><V30/><F30/><W97/><G60/><N who="0" m="38031" /><D1/><U76/><E64/><V128/><F106/><W56/><G85/><AGARI ba="0,0" hai="33,34,52,58,63,76,79,80,81,84,85,88,94,96" machi="85" ten="30,12000,1" yaku="7,1,9,1,52,1,54,2" doraHai="95" who="1" fromWho="3" sc="253,0,354,120,139,0,254,-120" />
</Scene>
<Scene>
<INIT seed="5,1,0,1,2,135" ten="253,474,139,134" oya="1" hai0="112,69,9,61,95,19,34,111,88,102,13,57,78" hai1="72,104,99,133,41,4,22,46,122,114,68,123,37" hai2="119,25,31,10,15,79,125,91,42,24,100,126,86" hai3="118,29,33,77,23,97,65,73,110,18,27,93,117"/><U103/><E133/><V67/><F119/><N who="3" m="45579" /><G110/><T48/><D111/><U90/><E114/><V40/><F79/><W54/><G65/><T21/><D34/><U20/><E68/><V30/><F100/><W75/><G54/><T28/><D69/><U92/><E4/><V8/><F67/><W50/><G50/><T55/><D78/><U59/><E72/><N who="3" m="27722" /><G77/><T12/><D102/><U62/><E22/><V43/><F86/><W44/><G44/><T81/><D81/><U26/><E103/><V63/><F91/><N who="3" m="55487" /><G18/><T71/><D71/><U113/><E104/><V3/><F63/><W66/><G66/><T85/><D112/><U36/><E113/><V64/><F64/><W131/><G131/><T1/><D1/><U84/><E37/><V106/><F106/><W132/><G132/><T14/><D61/><U98/><E84/><V83/><F83/><W17/><G17/><T96/><D96/><U0/><E99/><V94/><F94/><W53/><G53/><T56/><D56/><U101/><E0/><V121/><F3/><W74/><N who="3" m="27730" /><W80/><DORA hai="39" /><G80/><T124/><D85/><U52/><E101/><V7/><F42/><W2/><G2/><T127/><D95/><U108/><E108/><V38/><F38/><W115/><G115/><T5/><D88/><U32/><E32/><AGARI ba="1,0" hai="23,27,29,32,33" m="55487,27730,45579" machi="32" ten="50,1600,0" yaku="12,1" doraHai="135,39" who="3" fromWho="1" sc="253,0,474,-19,139,0,134,19" />
</Scene>
<Scene>
<INIT seed="6,0,0,0,2,62" ten="253,455,139,153" oya="2" hai0="1,29,50,132,34,88,122,68,81,20,57,85,43" hai1="64,79,7,63,101,93,9,47,8,120,106,51,5" hai2="4,117,125,114,72,82,19,14,108,97,124,78,100" hai3="45,46,36,65,80,110,61,89,54,33,73,130,24"/><V118/><F4/><W112/><G110/><T104/><D68/><U60/><E106/><N who="2" m="63759" /><F14/><W13/><G130/><T38/><D122/><U16/><E79/><V96/><F19/><W123/><G123/><T10/><D104/><U128/><E128/><V58/><F58/><W56/><G112/><T135/><D34/><U98/><E120/><V111/><F114/><W40/><G13/><T126/><D38/><U53/><E63/><V109/><F96/><W3/><G3/><T134/><D57/><N who="1" m="36879" /><E8/><V25/><F25/><W69/><G46/><N who="0" m="25951" /><D29/><U23/><E9/><V15/><F15/><AGARI ba="0,0" hai="5,7,15,16,23,47,51,53,93,98,101" m="36879" machi="15" ten="30,3900,0" yaku="8,1,52,1,54,1" doraHai="62" who="1" fromWho="2" sc="253,0,455,39,139,-39,153,0" />
</Scene>
<Scene>
<INIT seed="7,0,0,1,1,132" ten="253,494,100,153" oya="3" hai0="114,46,61,75,10,8,42,93,32,1,116,14,41" hai1="131,113,25,58,56,29,21,22,87,110,133,96,104" hai2="125,55,35,26,129,49,76,40,107,13,53,20,11" hai3="37,118,6,60,47,74,101,115,36,59,103,5,67"/><W33/><G118/><T79/><D32/><U122/><E110/><V64/><F107/><W91/><G33/><T97/><D116/><U69/><E69/><V123/><F35/><W4/><G74/><T90/><D1/><U27/><E133/><V84/><F129/><W119/><G119/><T18/><D114/><U17/><E131/><V128/><F128/><W77/><G77/><T112/><D112/><U105/><E113/><V0/><F0/><W38/><G115/><T63/><D10/><U85/><E122/><V52/><F123/><W102/><G91/><T23/><D8/><U39/><E39/><V117/><F117/><W92/><G92/><T31/><D31/><U80/><E87/><V109/><F109/><W94/><G94/><T95/><D95/><U120/><E120/><V65/><F125/><W51/><G51/><T62/><D46/><AGARI ba="0,0" hai="4,5,6,36,37,38,46,47,59,60,67,101,102,103" machi="46" ten="50,4800,0" yaku="29,2" doraHai="132" who="3" fromWho="0" sc="253,-48,494,0,100,0,153,48" />
</Scene>
<Scene>
<INIT seed="7,1,0,2,1,114" ten="205,494,100,201" oya="3" hai0="73,126,59,125,96,20,78,19,3,112,97,1,18" hai1="0,17,14,123,39,108,41,128,118,61,88,103,109" hai2="8,130,101,60,42,26,22,74,55,117,106,30,121" hai3="21,40,2,31,89,6,52,127,49,91,95,13,94"/><W102/><G127/><N who="0" m="48651" /><D112/><U77/><E0/><N who="0" m="73" /><D59/><U7/><E118/><V34/><F74/><W116/><G116/><T35/><D35/><U45/><E7/><V93/><F130/><W11/><G40/><T16/><D20/><U29/><E29/><V4/><F121/><W9/><G102/><T107/><D107/><U32/><E77/><V53/><F42/><W100/><G100/><T25/><D25/><U24/><E61/><V56/><F106/><W92/><G9/><T71/><D71/><U124/><E17/><V134/><F134/><W58/><G2/><T135/><D135/><U85/><E85/><V104/><F104/><W84/><G84/><T131/><D131/><U129/><E41/><V67/><F34/><W51/><G51/><T46/><D46/><U86/><E39/><V43/><F43/><W65/><G65/><T110/><D110/><U54/><E54/><V81/><F81/><AGARI ba="1,0" hai="16,18,19,73,78,81,96,97" m="73,48651" machi="81" ten="40,2600,0" yaku="18,1,54,1" doraHai="114" who="0" fromWho="2" sc="205,29,494,0,100,-29,201,0" owari="234,3.0,494,60.0,71,-43.0,201,-20.0" />
</Scene>
</mjloggm>