<mjloggm ver="2.3"><GO type="169" lobby="0"/><UN n0="%67%61%72%75%63%69%61" n1="%E4%BD%95%E3%81%A7%EF%BC%9F" n2="%74%6F%74%6F%74%61%72%6F" n3="%E5%A4%AA%E3%81%8F%E3%81%AA%E3%81%84%E3%81%8A" dan="16,16,16,17" rate="2183.46,2119.13,2032.74,2248.10" sx="M,M,M,M"/><TAIKYOKU oya="0"/>

<Scene>
<INIT seed="0,0,0,3,3,53" ten="250,250,250,250" oya="0" hai0="95,115,121,119,77,130,34,107,26,108,61,72,74" hai1="97,64,116,22,132,27,81,80,1,133,79,89,129" hai2="131,33,11,92,76,87,18,10,16,102,55,44,69" hai3="91,127,58,125,46,110,63,68,128,71,60,37,14"/><T9/><D9/><U47/><E116/><V25/><F131/><W31/><G31/><T35/><D61/><U106/><E1/><V38/><F69/><N who="3" m="26699" /><G91/><T20/><D20/><U21/><E64/><V104/><F104/><W41/><G14/><T114/><D26/><U62/><E62/><N who="3" m="23594" /><G128/><T30/><D30/><U75/><E129/><V19/><F33/><W59/><G110/><T57/><D57/><AGARI ba="0,0" hai="37,41,46,57,58,59,125,127" m="23594,26699" machi="57" ten="30,8000,1" yaku="34,2,52,3" doraHai="53" who="3" fromWho="0" sc="250,-80,250,0,250,0,250,80" />
</Scene>
<Scene>
<INIT seed="1,0,0,4,4,7" ten="170,250,250,330" oya="1" hai0="57,106,34,129,103,61,83,105,130,22,33,31,117" hai1="18,119,13,79,43,71,132,94,126,133,54,114,21" hai2="96,123,65,9,78,52,85,75,60,14,36,116,109" hai3="50,35,53,46,8,58,0,107,104,40,6,10,125"/><U51/><E119/><V38/><F123/><W108/><G35/><T74/><D117/><U27/><E71/><V12/><F75/><W72/><G108/><T55/><D22/><U28/><E43/><V98/><F109/><W80/><G125/><T17/><D17/><U122/><E122/><V115/><F115/><W24/><G24/><T1/><D1/><U41/><E41/><V19/><F116/><W86/><G10/><T118/><D118/><U44/><E114/><V93/><F98/><W91/><REACH who="3" step="1"/><G72/><REACH who="3" ten="170,250,250,320" step="2"/><T11/><D11/><U89/><E126/><V68/><F52/><W29/><G29/><T77/><D34/><U81/><E28/><V110/><F110/><W49/><AGARI ba="0,1" hai="0,6,8,40,46,49,50,53,58,80,86,91,104,107" machi="49" ten="20,8000,1" yaku="1,1,0,1,7,1,52,1,53,1" doraHai="7" doraHaiUra="84" who="3" fromWho="3" sc="170,-20,250,-40,250,-20,320,90" />
</Scene>
<Scene>
<INIT seed="2,0,0,2,0,59" ten="150,210,230,410" oya="2" hai0="100,67,69,18,16,113,128,120,87,116,32,23,66" hai1="97,0,127,1,88,2,126,15,111,75,13,9,76" hai2="20,114,81,38,65,86,42,104,79,17,22,96,46" hai3="135,50,30,130,26,40,63,91,131,71,31,58,115"/><V48/><F114/><W98/><G115/><T72/><D113/><U90/><E76/><V134/><F134/><W4/><G135/><T112/><D72/><U21/><E75/><V60/><F38/><W83/><G71/><T93/><D32/><U122/><E21/><V6/><F6/><W68/><G68/><T36/><D36/><U101/><E122/><V37/><F37/><W49/><G4/><T74/><D74/><U56/><E56/><V125/><F125/><N who="1" m="47625" /><E111/><V102/><REACH who="2" step="1"/><F17/><REACH who="2" ten="150,210,220,410" step="2"/><W29/><G131/><T10/><D128/><U55/><E2/><V105/><F105/><W47/><G130/><T103/><D112/><U57/><E1/><V28/><F28/><W123/><G30/><T25/><D120/><U107/><E0/><V121/><F121/><W109/><G31/><T3/><D116/><U99/><E99/><V44/><F44/><W5/><G5/><T92/><D3/><U78/><E9/><V106/><F106/><W34/><G123/><T95/><D69/><AGARI ba="0,1" hai="20,22,42,46,48,60,65,69,79,81,86,96,102,104" machi="69" ten="30,11600,0" yaku="1,1,7,1,52,1,53,1" doraHai="59" doraHaiUra="41" who="2" fromWho="0" sc="150,-116,210,0,220,126,410,0" />
</Scene>
<Scene>
<INIT seed="2,1,0,3,1,36" ten="34,210,346,410" oya="2" hai0="47,108,48,63,41,3,122,34,28,45,76,99,81" hai1="134,125,57,33,113,98,24,37,110,58,21,68,66" hai2="124,43,27,100,73,11,133,46,23,53,118,65,4" hai3="79,29,31,121,128,49,89,105,106,126,104,70,64"/><V54/><F118/><W16/><G121/><T5/><D122/><U114/><E37/><V130/><F124/><W107/><G126/><T51/><D108/><U127/><E33/><V90/><F130/><W59/><G128/><T94/><D63/><U0/><E0/><V56/><F133/><W55/><G79/><T42/><D28/><U117/><E98/><V88/><F100/><W1/><G1/><T115/><D34/><U8/><E8/><V83/><F65/><W87/><N who="3" m="26624" /><DORA hai="93" /><W10/><G70/><T18/><D115/><U30/><E21/><V7/><F73/><W85/><G64/><T131/><D131/><U132/><E24/><V14/><F4/><W97/><G97/><T95/><D95/><U111/><E30/><V12/><F12/><W77/><G77/><T9/><D18/><U120/><E66/><V17/><F83/><W101/><G101/><T20/><D20/><U103/><E103/><V119/><F119/><W26/><G87/><T74/><D94/><U61/><E61/><N who="2" m="35983" /><F54/><W80/><REACH who="3" step="1"/><G26/><REACH who="3" ten="34,210,346,400" step="2"/><T75/><D99/><U102/><E102/><V22/><F90/><W69/><G69/><T92/><D92/><U35/><E68/><V91/><F88/><W129/><G129/><T60/><D60/><U112/><E112/><V52/><F91/><W71/><G71/><T50/><D75/><U38/><E120/><V6/><F27/><W67/><G67/><T109/><D109/><U86/><E86/><V123/><F123/><W82/><G82/><T84/><D74/><U15/><E117/><V2/><F2/><W135/><G135/><RYUUKYOKU ba="1,1" sc="34,15,210,-15,346,-15,400,15" hai0="3,5,9,41,42,45,47,48,50,51,76,81,84" hai3="10,16,29,31,49,55,59,80,85,89" />
</Scene>
<Scene>
<INIT seed="3,2,1,4,3,112" ten="49,195,331,415" oya="3" hai0="35,89,5,72,1,30,50,90,126,48,63,95,113" hai1="97,67,47,124,27,123,55,71,46,104,73,101,14" hai2="42,98,88,106,3,84,120,129,132,8,7,83,103" hai3="61,15,115,99,65,17,33,9,81,11,127,80,121"/><W38/><G115/><T100/><D72/><U6/><E123/><V34/><F120/><W62/><G121/><T54/><D113/><U43/><E73/><V93/><F129/><W24/><G38/><T125/><D100/><U52/><E124/><N who="0" m="47721" /><D89/><U111/><E111/><V92/><F132/><W64/><G127/><T107/><D107/><U118/><E47/><V16/><F34/><W44/><G44/><T20/><D35/><U0/><E0/><V109/><F109/><W130/><G130/><T23/><D63/><U51/><E67/><V128/><F42/><W131/><G131/><T87/><D30/><U53/><E71/><V91/><F128/><W66/><G99/><T134/><D134/><U57/><E27/><V116/><F16/><N who="3" m="8303" /><G33/><T18/><D50/><U19/><E6/><V13/><F106/><W77/><G77/><T96/><D96/><U85/><E85/><V4/><F4/><W110/><G110/><T2/><D5/><U22/><REACH who="1" step="1"/><E118/><REACH who="1" ten="49,185,331,415" step="2"/><V31/><F116/><W26/><G26/><N who="0" m="14615" /><D23/><U32/><E32/><V82/><F3/><W45/><G24/><T133/><D133/><U10/><E10/><V122/><F122/><W74/><G74/><T58/><AGARI ba="2,2" hai="1,2,48,54,58,87,90,95" m="14615,47721" machi="58" ten="30,1100,0" yaku="18,1" doraHai="112" who="0" fromWho="0" sc="49,37,185,-5,331,-5,415,-7" />
</Scene>
<Scene>
<INIT seed="4,0,0,3,0,65" ten="86,180,326,408" oya="0" hai0="48,110,61,42,3,103,58,62,90,32,127,1,40" hai1="60,56,85,98,17,68,74,7,30,21,99,29,24" hai2="73,108,101,16,49,31,91,114,123,124,10,67,128" hai3="35,23,119,89,117,46,53,87,28,36,15,134,92"/><T11/><D32/><U133/><E74/><V4/><F123/><W51/><G134/><T43/><D127/><U126/><E126/><V71/><F73/><W63/><G36/><T115/><D115/><U54/><E68/><V116/><F114/><W78/><G78/><T57/><D103/><U97/><E133/><V52/><F124/><W109/><G109/><T0/><D110/><U94/><E7/><V104/><F31/><W75/><G75/><T96/><D11/><U37/><E37/><V39/><F39/><W22/><G35/><T27/><D27/><U111/><E111/><V106/><F101/><W13/><G117/><T14/><D48/><U112/><E112/><V69/><F116/><W20/><G119/><T135/><D135/><U95/><E95/><V79/><F79/><W6/><G28/><T130/><D14/><N who="3" m="5129" /><G63/><T105/><D130/><U47/><E47/><V77/><F77/><W82/><G6/><T33/><D33/><U88/><AGARI ba="0,0" hai="17,21,24,29,30,54,56,60,85,88,94,97,98,99" machi="88" ten="30,4000,0" yaku="0,1,8,1,54,1" doraHai="65" who="1" fromWho="1" sc="86,-20,180,40,326,-10,408,-10" />
</Scene>
<Scene>
<INIT seed="5,0,0,5,1,122" ten="66,220,316,398" oya="1" hai0="73,94,4,15,129,97,60,93,128,47,121,75,115" hai1="78,61,125,27,90,80,45,106,41,55,105,110,100" hai2="32,116,120,34,8,1,99,36,39,57,74,135,86" hai3="72,87,28,33,118,83,108,81,96,117,52,103,37"/><U46/><E100/><V66/><F120/><W48/><G108/><T131/><D121/><U9/><E110/><V0/><F86/><W107/><G37/><N who="2" m="14409" /><F57/><N who="3" m="32903" /><G72/><N who="0" m="27723" /><D47/><U113/><E55/><V104/><F66/><W126/><G126/><T65/><D15/><U51/><E80/><V82/><F116/><N who="3" m="44651" /><G87/><T12/><D12/><U14/><E14/><V92/><F92/><N who="0" m="35434" /><D4/><U38/><E38/><V58/><F58/><W20/><G20/><T111/><D60/><U7/><E61/><V50/><F50/><W22/><G22/><T85/><D65/><U35/><E51/><V64/><F64/><W89/><G89/><T30/><D30/><U63/><E90/><V10/><F10/><W98/><G98/><T134/><D85/><U26/><E63/><V91/><F8/><W102/><G102/><T19/><D19/><U88/><E88/><V49/><F91/><W17/><G17/><T18/><D18/><U71/><E9/><V23/><F23/><W3/><G3/><T70/><D97/><U24/><E24/><AGARI ba="0,0" hai="24,28,33,81,83,96,103,107" m="44651,32903" machi="24" ten="30,2000,0" yaku="12,1,54,1" doraHai="122" who="3" fromWho="1" sc="66,0,220,-20,316,0,398,20" />
</Scene>
<Scene>
<INIT seed="6,0,0,1,0,118" ten="66,200,316,418" oya="2" hai0="51,58,74,34,16,90,3,54,66,14,98,11,116" hai1="83,105,23,134,132,44,120,100,81,104,65,125,43" hai2="70,39,53,111,123,128,101,52,36,10,30,46,31" hai3="41,0,56,85,67,121,40,69,64,108,77,68,28"/><V32/><F128/><W61/><G0/><T79/><D34/><U48/><E65/><V86/><F70/><N who="3" m="27243" /><G85/><T131/><D3/><U2/><E2/><V1/><F111/><W29/><G77/><T133/><D131/><U55/><E125/><V25/><F31/><W71/><G28/><T24/><D133/><N who="1" m="51307" /><E23/><V73/><F73/><W124/><G29/><T93/><D116/><U109/><E109/><V26/><F26/><W12/><G12/><T37/><D37/><U119/><E119/><V17/><F17/><W33/><G33/><T21/><D74/><U115/><E115/><V27/><F27/><W15/><G15/><T76/><REACH who="0" step="1"/><D66/><REACH who="0" ten="56,200,316,418" step="2"/><U4/><E4/><AGARI ba="0,1" hai="4,11,14,16,21,24,51,54,58,76,79,90,93,98" machi="4" ten="30,8000,1" yaku="1,1,2,1,7,1,8,1,54,1,53,0" doraHai="118" doraHaiUra="110" who="0" fromWho="1" sc="56,90,200,-80,316,0,418,0" />
</Scene>
<Scene>
<INIT seed="7,0,0,4,1,133" ten="146,120,316,418" oya="3" hai0="93,10,110,117,31,38,53,116,64,34,124,58,135" hai1="81,60,43,84,91,95,77,1,118,30,46,8,126" hai2="111,6,123,49,97,0,102,100,125,69,44,113,85" hai3="17,68,134,14,76,52,15,5,70,88,36,12,42"/><W23/><G76/><T45/><D110/><U32/><E118/><V40/><F113/><W119/><G119/><T28/><D117/><U83/><E60/><V61/><F111/><W105/><G105/><T50/><D116/><U56/><E56/><V90/><F123/><W107/><G107/><T87/><D135/><U18/><E32/><V16/><F0/><W62/><G134/><T131/><D131/><U27/><E126/><V120/><F6/><W24/><G5/><T21/><D34/><U3/><E3/><V66/><F120/><W130/><G130/><T106/><D106/><U72/><E1/><V33/><F33/><W89/><G52/><N who="0" m="29775" /><D38/><U82/><E30/><V121/><F121/><W19/><G19/><T11/><D124/><U59/><E59/><V39/><F125/><W20/><G89/><N who="0" m="53439" /><D64/><U98/><E27/><V41/><F41/><W35/><G88/><T104/><D104/><U25/><E25/><V132/><F132/><W96/><G24/><N who="0" m="16399" /><D31/><U63/><E63/><AGARI ba="0,0" hai="10,11,53,58,63" m="16399,53439,29775" machi="63" ten="30,2000,0" yaku="8,1,54,1" doraHai="133" who="0" fromWho="1" sc="146,20,120,-20,316,0,418,0" owari="166,-23.0,100,-40.0,316,12.0,418,51.0" />
</Scene>
</mjloggm>