<mjloggm ver="2.3"><GO type="169" lobby="0"/><UN n0="%68%61%79%61%74%6F%E2%98%86" n1="%43%52%41%5A%59%42%45%45" n2="%73%61%63%68%69%6F" n3="%E5%A4%AA%E3%81%8F%E3%81%AA%E3%81%84%E3%81%8A" dan="17,17,16,17" rate="2148.09,2136.01,2128.28,2246.34" sx="M,M,M,M"/><TAIKYOKU oya="0"/>

<Scene>
<INIT seed="0,0,0,4,0,126" ten="250,250,250,250" oya="0" hai0="31,95,0,79,42,18,6,115,21,63,11,81,29" hai1="84,112,73,80,87,48,64,108,130,1,72,49,56" hai2="66,129,17,86,135,71,3,114,40,131,4,75,28" hai3="33,102,111,45,77,122,91,2,68,125,94,100,101"/><T24/><D115/><U117/><E117/><V104/><F75/><W25/><G2/><T36/><D63/><U22/><E1/><V5/><F114/><W23/><G68/><T118/><D118/><U55/><E112/><V83/><F104/><W120/><G33/><T69/><D69/><U123/><E123/><N who="3" m="47146" /><G125/><T19/><D19/><U85/><E108/><V9/><F28/><N who="3" m="17471" /><G77/><T35/><D95/><U98/><E80/><V13/><F135/><W16/><G45/><N who="0" m="23751" /><D35/><U88/><E64/><V10/><F40/><W97/><G16/><T103/><D103/><U51/><E22/><V127/><F127/><W105/><G111/><T37/><D37/><U76/><E76/><V15/><F71/><W59/><G59/><T54/><D54/><U121/><E121/><V106/><F66/><W14/><G14/><T41/><D41/><U110/><E110/><V90/><REACH who="2" step="1"/><F106/><AGARI ba="0,0" hai="91,94,97,100,101,102,105,106" m="17471,47146" machi="106" ten="30,1000,0" yaku="13,1" doraHai="126" who="3" fromWho="2" sc="250,0,250,0,250,-10,250,10" />
</Scene>
<Scene>
<INIT seed="1,0,0,1,2,116" ten="250,250,240,260" oya="1" hai0="118,119,107,77,25,73,135,58,11,45,95,93,24" hai1="38,54,53,35,75,86,62,108,104,39,19,27,103" hai2="66,117,50,98,22,9,18,114,12,121,17,106,112" hai3="124,72,47,0,97,76,2,14,91,65,15,7,34"/><U128/><E75/><V85/><F121/><W30/><G65/><T5/><D107/><U132/><E132/><V74/><F74/><W82/><G124/><T31/><D58/><U78/><E128/><V89/><F66/><W44/><G34/><T120/><D135/><U16/><E35/><V55/><F117/><W42/><G30/><T87/><D87/><U81/><E19/><V29/><F29/><W129/><G47/><T83/><D25/><U67/><E108/><V48/><F48/><W8/><G2/><T68/><D68/><U32/><E38/><V57/><F106/><W134/><G129/><T123/><D45/><U23/><E23/><BYE who="1" /><V94/><REACH who="2" step="1"/><F98/><REACH who="2" ten="250,250,230,260" step="2"/><W46/><G134/><T26/><D118/><U21/><E21/><V100/><F100/><W1/><G97/><T37/><D119/><U3/><E3/><V130/><F130/><W20/><G0/><N who="0" m="423" /><D37/><U102/><E102/><V105/><F105/><UN n1="%43%52%41%5A%59%42%45%45" /><W69/><G1/><T88/><D31/><U13/><E39/><V51/><F51/><W109/><G72/><T84/><D95/><U99/><E104/><V80/><F80/><W43/><G82/><T122/><AGARI ba="0,1" hai="24,26,73,77,83,84,88,93,120,122,123" m="423" machi="122" ten="30,8000,1" yaku="13,1,52,3,54,1" doraHai="116" who="0" fromWho="0" sc="250,90,250,-40,230,-20,260,-20" />
</Scene>
<Scene>
<INIT seed="2,0,0,4,2,64" ten="340,210,210,240" oya="2" hai0="117,119,32,17,0,46,118,98,16,132,131,78,90" hai1="56,101,9,121,18,45,26,66,86,5,113,127,50" hai2="102,62,10,128,61,92,130,104,120,126,33,124,23" hai3="81,52,109,85,34,88,1,95,29,94,134,36,73"/><V48/><F33/><W123/><G36/><T2/><D32/><U11/><E113/><V13/><F104/><W107/><G123/><T40/><D78/><U28/><E121/><V106/><F106/><W114/><G107/><T31/><D31/><U55/><E127/><N who="2" m="48683" /><F23/><W75/><G1/><N who="0" m="619" /><D132/><U54/><E66/><V105/><F105/><W63/><G109/><T19/><D131/><N who="2" m="50218" /><F48/><W89/><G134/><T27/><D90/><U42/><E101/><V38/><F38/><W7/><G114/><T4/><D98/><U79/><E50/><V47/><F47/><W51/><G7/><T24/><D4/><U22/><E45/><V8/><F120/><W69/><G29/><T65/><D65/><U99/><E28/><V91/><F102/><W135/><G34/><T37/><AGARI ba="0,0" hai="16,17,19,24,27,37,40,46,117,118,119" m="619" machi="37" ten="40,2700,0" yaku="12,1,54,1" doraHai="64" who="0" fromWho="0" sc="340,27,210,-7,210,-13,240,-7" />
</Scene>
<Scene>
<INIT seed="3,0,0,5,1,22" ten="367,203,197,233" oya="3" hai0="29,2,95,86,57,71,124,83,16,54,35,117,121" hai1="23,128,94,3,32,34,18,102,91,21,8,130,48" hai2="65,62,101,53,73,135,76,68,96,109,72,44,25" hai3="38,116,39,60,0,17,45,31,77,104,106,64,5"/><W27/><G116/><T59/><D71/><U26/><E102/><V120/><F109/><W126/><G17/><T118/><D2/><U81/><E81/><V13/><F135/><W4/><G126/><T42/><D121/><U107/><E107/><V82/><F120/><W61/><G77/><T24/><D42/><U87/><E48/><V108/><F108/><W110/><G110/><T47/><D124/><U46/><E46/><V58/><F13/><W49/><G49/><T111/><D95/><U70/><E70/><V19/><F44/><W40/><G39/><T98/><D98/><U10/><E23/><V80/><F80/><W74/><G74/><T1/><D1/><U127/><E127/><V100/><F100/><W112/><G112/><T51/><D111/><U30/><E34/><V41/><F41/><W134/><G134/><T93/><D93/><U99/><E99/><V129/><F129/><N who="1" m="49769" /><E3/><V63/><F73/><W56/><G60/><T97/><D97/><U122/><E122/><V125/><F125/><W14/><G0/><T131/><D131/><U78/><E78/><V6/><F6/><W9/><REACH who="3" step="1"/><G5/><REACH who="3" ten="367,203,197,223" step="2"/><T132/><D132/><U43/><E43/><V90/><F19/><W113/><G113/><T33/><D16/><U114/><E114/><V85/><F72/><W50/><G50/><T20/><D117/><U69/><E69/><V75/><F75/><W52/><G52/><T7/><D118/><U123/><E123/><V84/><F76/><W15/><G15/><AGARI ba="0,1" hai="8,10,15,18,21,26,30,32,87,91,94" m="49769" machi="15" ten="30,2000,0" yaku="19,1,52,1" doraHai="22" who="1" fromWho="3" sc="367,0,203,30,197,0,223,-20" />
</Scene>
<Scene>
<INIT seed="4,0,0,3,3,83" ten="367,233,197,203" oya="0" hai0="31,118,51,9,66,49,27,69,67,76,71,73,19" hai1="35,13,130,14,63,72,42,10,38,104,4,23,26" hai2="37,52,117,47,33,55,86,75,78,93,87,102,107" hai3="6,32,45,25,7,39,24,120,88,0,115,61,46"/><T94/><D118/><U12/><E104/><V128/><F33/><W124/><G115/><T106/><D106/><U97/><E72/><V108/><F108/><W59/><G124/><T135/><D135/><U123/><E123/><V48/><F37/><W84/><G120/><T8/><D94/><U127/><E35/><V15/><F117/><W125/><G125/><T44/><D76/><U129/><E127/><V79/><F107/><W111/><G111/><T77/><D77/><N who="2" m="29194" /><F75/><W121/><G121/><T92/><D92/><U105/><E63/><V29/><F128/><N who="1" m="49257" /><E42/><V81/><F81/><N who="3" m="49167" /><G0/><T22/><D73/><U122/><E38/><V116/><F116/><W98/><G98/><T34/><D69/><U134/><E134/><V18/><F29/><W82/><G82/><T68/><D71/><U133/><E133/><V28/><F28/><W85/><G85/><T5/><D68/><U43/><E122/><V89/><F102/><W96/><G96/><T60/><D34/><U3/><E97/><N who="2" m="57519" /><F55/><N who="3" m="34047" /><G39/><T95/><D95/><U119/><E105/><V114/><F114/><W21/><G32/><T112/><D112/><U70/><E119/><V54/><F54/><W11/><G25/><T99/><D27/><U126/><E126/><V1/><F1/><W36/><G36/><T20/><D99/><U91/><E70/><V74/><F74/><W50/><G11/><AGARI ba="0,0" hai="11,15,18,47,48,52,86,87" m="57519,29194" machi="11" ten="30,7700,0" yaku="8,1,52,2,54,1" doraHai="83" who="2" fromWho="3" sc="367,0,233,0,197,77,203,-77" />
</Scene>
<Scene>
<INIT seed="5,0,0,3,1,3" ten="367,233,274,126" oya="1" hai0="119,101,122,15,35,102,18,134,32,71,51,100,49" hai1="28,43,58,110,68,118,62,130,53,52,93,2,78" hai2="7,86,59,12,36,40,99,34,8,84,39,108,37" hai3="24,10,29,75,117,94,38,64,19,47,105,54,129"/><U21/><E118/><V44/><F108/><W135/><G105/><T30/><D119/><U104/><E104/><V50/><F34/><W17/><G117/><T27/><D35/><U23/><E2/><V13/><F99/><W61/><G75/><T126/><D71/><U125/><E110/><V45/><F45/><W124/><G124/><T95/><D134/><U20/><E68/><V22/><F59/><W66/><G135/><T113/><D113/><U0/><E0/><V132/><F132/><W74/><G74/><T131/><D131/><U67/><E130/><V55/><F55/><W11/><G129/><T120/><D95/><U77/><E28/><V5/><F22/><W73/><G73/><T109/><D126/><U123/><E123/><N who="0" m="47145" /><D109/><U72/><E125/><V115/><F115/><W79/><G79/><N who="1" m="30218" /><E72/><V60/><F60/><W87/><G38/><T14/><D14/><U76/><E76/><V70/><REACH who="2" step="1"/><F70/><REACH who="2" ten="367,233,264,126" step="2"/><W6/><G61/><T92/><D32/><U97/><E43/><V114/><F114/><W82/><G54/><T63/><D63/><U46/><E46/><V133/><F133/><W89/><G47/><T56/><D56/><U41/><E41/><V31/><F31/><W4/><G29/><T69/><D30/><U98/><E97/><V127/><F127/><W81/><G87/><T91/><D69/><U9/><E9/><AGARI ba="0,1" hai="5,7,8,9,12,13,36,37,39,40,44,50,84,86" machi="9" ten="40,8000,1" yaku="1,1,9,1,52,2,53,0" doraHai="3" doraHaiUra="33" who="2" fromWho="1" sc="367,0,233,-80,264,90,126,0" />
</Scene>
<Scene>
<INIT seed="6,0,0,1,0,43" ten="367,153,354,126" oya="2" hai0="41,66,12,125,114,29,130,84,58,111,32,87,98" hai1="60,18,10,67,57,85,112,11,51,132,133,42,86" hai2="100,62,128,80,123,118,69,102,19,78,71,82,4" hai3="5,107,110,90,56,115,35,77,59,131,8,109,79"/><V0/><F118/><W47/><G35/><T20/><D111/><U16/><E112/><V106/><F123/><W31/><G107/><T33/><D114/><U88/><E85/><V2/><F128/><W72/><G115/><T75/><D75/><U120/><E120/><V121/><F121/><W6/><G31/><T53/><D66/><U124/><E124/><V135/><F135/><N who="1" m="51785" /><E11/><V97/><F19/><W113/><G113/><T44/><D125/><U54/><E42/><V27/><F102/><W63/><G131/><T7/><D98/><U40/><E40/><V103/><F103/><W70/><G70/><T22/><D32/><U73/><E10/><V38/><F82/><W76/><G72/><T28/><D33/><U48/><E73/><V37/><F27/><W65/><G47/><T17/><D22/><U91/><E51/><V94/><F94/><W64/><G90/><N who="1" m="34346" /><E86/><V26/><F26/><W23/><G23/><T93/><D84/><U104/><E104/><V36/><F4/><N who="3" m="1643" /><G8/><T15/><D130/><U24/><E24/><V95/><F95/><W13/><G13/><T129/><D15/><U21/><E21/><V81/><F81/><W126/><G126/><T46/><D129/><U52/><E54/><V74/><F71/><AGARI ba="0,0" hai="16,18,48,52,57,60,67,71" m="34346,51785" machi="71" ten="30,7700,0" yaku="20,1,54,3" doraHai="43" who="1" fromWho="2" sc="367,0,153,77,354,-77,126,0" />
</Scene>
<Scene>
<INIT seed="7,0,0,1,4,34" ten="367,230,277,126" oya="3" hai0="80,30,95,31,58,123,115,59,24,87,9,53,88" hai1="60,52,72,107,13,112,46,56,131,111,83,96,50" hai2="78,32,62,81,99,118,63,101,27,85,65,21,6" hai3="54,82,93,76,11,10,135,3,18,103,66,70,35"/><W26/><G135/><T17/><D123/><U114/><E111/><V38/><F118/><W22/><G35/><T134/><D134/><U106/><E131/><V41/><F63/><W121/><G121/><T23/><D115/><N who="1" m="44075" /><E96/><V68/><F41/><W110/><G110/><T125/><D125/><U67/><E13/><V4/><F38/><W117/><G117/><T40/><D40/><U14/><E14/><V105/><REACH who="2" step="1"/><F21/><REACH who="2" ten="367,230,267,126" step="2"/><W86/><G54/><T120/><D120/><U75/><E75/><V89/><F89/><W109/><G109/><T0/><D23/><U71/><E71/><V7/><F7/><W47/><G47/><T43/><D88/><U12/><E12/><V29/><AGARI ba="0,1" hai="4,6,27,29,32,62,65,68,78,81,85,99,101,105" machi="29" ten="30,8000,1" yaku="1,1,0,1,25,2,53,1" doraHai="34" doraHaiUra="102" who="2" fromWho="2" sc="367,-20,230,-20,267,90,126,-40" owari="347,15.0,210,-19.0,357,45.0,86,-41.0" />
</Scene>
</mjloggm>