<mjloggm ver="2.3"><GO type="169" lobby="0"/><UN n0="%E5%A4%AA%E3%81%8F%E3%81%AA%E3%81%84%E3%81%8A" n1="%E3%80%93%E3%81%84%E3%81%A1%E3%81%AF%E3%82%89%E3%80%93" n2="%73%68%61%70%65%6C%65%72" n3="%E3%83%A1%E3%83%AB%E3%82%AB%E3%83%88%E3%83%AB%E3%81%8F%E3%82%93" dan="18,18,17,18" rate="2245.09,2217.67,2217.27,2228.96" sx="M,M,M,M"/><TAIKYOKU oya="0"/>

<Scene>
<INIT seed="0,0,0,1,2,131" ten="250,250,250,250" oya="0" hai0="82,0,77,97,128,118,28,37,93,64,29,110,36" hai1="53,122,116,98,4,18,80,95,65,21,32,25,99" hai2="61,1,94,56,133,73,39,107,89,130,105,106,90" hai3="83,132,60,54,134,19,103,84,46,58,69,40,30"/><T78/><D118/><U20/><E32/><V6/><F130/><W38/><G30/><T91/><D128/><U24/><E122/><V15/><F39/><W100/><G69/><T57/><D0/><U121/><E121/><V10/><F73/><W125/><G125/><T35/><D78/><U86/><E116/><V8/><F133/><N who="3" m="51307" /><G19/><T12/><D110/><U34/><E65/><V108/><F108/><W52/><G54/><T68/><D68/><U27/><E34/><V55/><REACH who="2" step="1"/><F94/><REACH who="2" ten="250,250,240,250" step="2"/><W79/><AGARI ba="0,1" hai="38,40,46,52,58,60,79,83,84,100,103" m="51307" machi="79" ten="30,8000,1" yaku="20,1,52,3,54,1" doraHai="131" who="3" fromWho="3" sc="250,-40,250,-20,240,-20,250,90" />
</Scene>
<Scene>
<INIT seed="1,0,0,5,1,78" ten="210,230,220,340" oya="1" hai0="134,24,27,124,79,54,100,60,50,13,118,2,48" hai1="108,14,97,83,123,51,76,44,82,11,84,114,7" hai2="120,0,75,18,9,80,128,113,73,126,88,131,38" hai3="106,35,34,21,67,45,47,72,36,28,135,71,53"/><U1/><E123/><V57/><F120/><W22/><G135/><T62/><D2/><U122/><E122/><V90/><F126/><W133/><G133/><T32/><D134/><U96/><E114/><V6/><F113/><W132/><G132/><T86/><D118/><U91/><E1/><V129/><F38/><W66/><G36/><T59/><D124/><U4/><E4/><V25/><F57/><W119/><G106/><T99/><D13/><U30/><E30/><V26/><F26/><W130/><G28/><T105/><D32/><U70/><E70/><V98/><F98/><W23/><G72/><N who="2" m="27721" /><F80/><W17/><G71/><T81/><REACH who="0" step="1"/><D50/><REACH who="0" ten="200,230,220,340" step="2"/><U85/><E108/><V19/><F25/><AGARI ba="0,1" hai="24,25,27,48,54,59,60,62,79,81,86,99,100,105" machi="25" ten="40,5200,0" yaku="1,1,2,1,52,1,53,0" doraHai="78" doraHaiUra="61" who="0" fromWho="2" sc="200,62,230,0,220,-52,340,0" />
</Scene>
<Scene>
<INIT seed="2,0,0,3,4,48" ten="262,230,168,340" oya="2" hai0="84,101,39,131,33,72,105,71,95,35,80,13,76" hai1="65,34,21,31,108,6,15,115,17,70,1,47,99" hai2="37,119,120,127,104,86,0,2,62,22,75,121,25" hai3="118,40,94,36,133,97,50,102,78,9,45,57,19"/><V106/><F75/><W58/><G118/><T38/><D71/><U129/><E70/><V85/><F119/><W79/><G133/><T61/><D61/><U113/><E65/><V8/><F37/><W55/><REACH who="3" step="1"/><G58/><REACH who="3" ten="262,230,168,330" step="2"/><T132/><D132/><U130/><E108/><V96/><F121/><W73/><G73/><T3/><D72/><U43/><E115/><V14/><F120/><W134/><G134/><T125/><D125/><U135/><E113/><V103/><F127/><W54/><G54/><T107/><D131/><U10/><E135/><V114/><F114/><W88/><G88/><T11/><D76/><U64/><E64/><V42/><F42/><W20/><G20/><T18/><D35/><U81/><E130/><V59/><F106/><W87/><G87/><T30/><D84/><U44/><E129/><V90/><F86/><W66/><G66/><T74/><D33/><U16/><E43/><V5/><F90/><W83/><G83/><T60/><D80/><U112/><E112/><V51/><F85/><W126/><G126/><T41/><D74/><U110/><E110/><V91/><F91/><W69/><G69/><T49/><D107/><U92/><E81/><V56/><F56/><W63/><G63/><T123/><D105/><U122/><E122/><V24/><F62/><W117/><G117/><T82/><D82/><U23/><E92/><V111/><F111/><W124/><G124/><T26/><D95/><U68/><E68/><V100/><F100/><W128/><G128/><T93/><D123/><U12/><E99/><V53/><F22/><W29/><G29/><RYUUKYOKU ba="0,1" sc="262,-30,230,10,168,10,330,10" hai1="1,6,10,12,15,16,17,21,23,31,34,44,47" hai2="0,2,5,8,14,24,25,51,53,59,96,103,104" hai3="9,19,36,40,45,50,55,57,78,79,94,97,102" />
</Scene>
<Scene>
<INIT seed="2,1,1,1,3,62" ten="232,240,178,340" oya="2" hai0="102,26,34,123,8,81,130,80,5,29,37,129,38" hai1="72,16,67,84,119,39,125,91,32,58,122,41,118" hai2="52,22,107,63,17,97,44,4,79,28,134,90,88" hai3="114,121,57,128,60,100,47,99,40,31,132,18,69"/><V94/><F134/><W75/><G121/><T11/><D123/><U78/><E32/><V54/><F107/><W50/><G75/><T2/><D102/><U77/><E122/><V36/><F79/><W98/><G132/><T65/><D11/><U53/><E72/><V93/><F4/><W109/><G109/><T96/><D96/><U49/><E119/><V56/><F28/><W71/><G128/><N who="0" m="49259" /><D65/><U103/><E103/><V120/><F120/><W21/><G114/><T131/><D131/><U104/><E104/><V110/><F110/><W6/><G6/><T51/><D51/><U15/><E118/><V133/><F133/><W59/><G99/><T116/><D116/><U45/><E67/><N who="2" m="39399" /><F36/><AGARI ba="1,1" hai="2,5,8,26,29,34,36,37,38,80,81" m="49259" machi="36" ten="30,1000,0" yaku="19,1" doraHai="62" who="0" fromWho="2" sc="232,23,240,0,178,-13,340,0" />
</Scene>
<Scene>
<INIT seed="3,0,0,4,5,126" ten="255,240,165,340" oya="3" hai0="78,53,59,118,120,32,19,43,119,105,72,125,134" hai1="49,86,1,135,54,67,41,5,69,112,22,51,2" hai2="127,75,99,31,93,128,94,92,42,62,55,83,109" hai3="107,38,71,26,30,58,37,65,13,96,20,12,123"/><W25/><G123/><T117/><D120/><U60/><E112/><V33/><F127/><W103/><G71/><T21/><D125/><U56/><E135/><V39/><F109/><W87/><G87/><T98/><D32/><U121/><E121/><V50/><F128/><W15/><REACH who="3" step="1"/><G26/><REACH who="3" ten="255,240,165,330" step="2"/><T10/><D118/><U68/><E68/><V70/><F70/><W88/><G88/><T11/><D117/><U101/><E86/><V110/><F110/><W114/><G114/><T61/><D119/><U18/><E101/><V48/><F75/><W45/><G45/><T111/><D111/><U108/><E108/><V3/><F99/><W4/><G4/><T44/><D72/><U133/><E5/><V77/><F77/><W73/><G73/><T27/><D78/><U80/><E133/><V81/><F81/><W46/><G46/><T34/><D134/><U115/><E80/><V36/><F83/><W79/><G79/><T52/><D98/><U130/><E115/><V104/><F3/><W35/><G35/><T82/><D34/><U91/><E91/><V63/><F33/><W14/><N who="3" m="3072" /><DORA hai="23" /><W102/><G102/><T97/><D82/><U29/><E2/><V76/><F76/><W47/><G47/><T24/><D24/><N who="1" m="16535" /><E1/><V85/><F85/><W89/><G89/><T132/><D132/><U113/><E113/><V6/><F6/><W28/><G28/><T106/><D97/><U0/><E0/><V116/><F31/><W122/><G122/><T64/><D44/><N who="1" m="25743" /><E18/><V74/><F74/><W17/><G17/><T7/><D7/><U84/><E84/><RYUUKYOKU ba="0,1" sc="255,-15,240,15,165,-15,330,15" hai1="51,54,56,60,67,69,130" hai3="20,25,30,37,38,58,65,96,103,107" />
</Scene>
<Scene>
<INIT seed="3,1,1,1,2,133" ten="240,255,150,345" oya="3" hai0="23,53,28,50,58,83,19,34,30,55,22,111,113" hai1="60,76,92,86,61,47,10,123,101,7,16,122,59" hai2="20,37,71,91,49,45,44,99,79,11,107,80,88" hai3="18,118,29,95,70,105,27,126,33,17,106,2,40"/><W0/><G70/><T36/><D34/><U35/><E35/><V135/><F135/><W56/><G118/><T100/><D36/><U114/><E114/><V73/><F71/><W12/><G40/><T42/><D111/><U124/><E124/><V9/><F37/><W115/><G115/><T6/><D113/><U39/><E61/><V97/><F20/><W89/><G126/><T8/><D42/><U119/><E119/><V127/><F127/><W78/><G78/><T77/><D100/><U102/><E47/><V121/><F121/><W74/><G74/><T69/><D69/><U131/><E39/><V54/><F45/><W68/><G68/><T13/><D55/><U46/><E46/><V75/><F75/><W5/><G56/><T85/><REACH who="0" step="1"/><D23/><REACH who="0" ten="230,255,150,345" step="2"/><U14/><E123/><V128/><F128/><W63/><G33/><T65/><D65/><U26/><E131/><V81/><F107/><W62/><G106/><T66/><D66/><U103/><E122/><V25/><F11/><W51/><G105/><T98/><D98/><U134/><E134/><V21/><F9/><W32/><G32/><T15/><AGARI ba="1,2" hai="6,8,13,15,19,22,28,30,50,53,58,77,83,85" machi="15" ten="20,5200,0" yaku="1,1,0,1,7,1,8,1,53,0" doraHai="133" doraHaiUra="87" who="0" fromWho="0" sc="230,75,255,-14,150,-14,345,-27" />
</Scene>
<Scene>
<INIT seed="4,0,0,3,2,90" ten="305,241,136,318" oya="0" hai0="29,114,58,61,37,74,50,108,42,27,62,23,11" hai1="25,135,18,41,31,79,17,86,24,109,16,70,82" hai2="69,104,92,115,43,85,134,67,5,121,87,64,15" hai3="122,54,33,118,131,71,30,35,65,73,20,57,107"/><T8/><D74/><U133/><E70/><V89/><F104/><W38/><G118/><T47/><D114/><U128/><E109/><V46/><F121/><W77/><G38/><T80/><D108/><U0/><E0/><V103/><F115/><W59/><G71/><T119/><D119/><U97/><E128/><V91/><F103/><W39/><G39/><T19/><D80/><U56/><E41/><V130/><F130/><W112/><G107/><T55/><D62/><U40/><E40/><V124/><F134/><W32/><G77/><T3/><D3/><U123/><E123/><V94/><F124/><W98/><G73/><T12/><REACH who="0" step="1"/><D37/><REACH who="0" ten="295,241,136,318" step="2"/><U4/><E135/><V132/><F132/><W52/><G112/><T48/><D48/><U111/><E111/><V84/><F69/><W126/><G131/><T45/><D45/><U106/><E133/><V36/><F85/><W95/><G122/><T72/><D72/><U99/><E56/><V81/><F81/><W78/><G59/><T60/><D60/><U96/><E106/><V101/><F101/><W28/><G57/><T7/><D7/><U66/><E4/><V68/><F68/><W21/><G126/><T49/><D49/><U120/><E120/><V93/><F93/><W75/><G95/><T10/><AGARI ba="0,1" hai="8,10,11,12,19,23,27,29,42,47,50,55,58,61" machi="10" ten="20,7800,0" yaku="1,1,0,1,7,1,8,1,53,0" doraHai="90" doraHaiUra="105" who="0" fromWho="0" sc="295,88,241,-26,136,-26,318,-26" />
</Scene>
<Scene>
<INIT seed="4,1,0,3,5,113" ten="383,215,110,292" oya="0" hai0="118,33,135,78,9,92,35,29,68,11,82,40,59" hai1="36,1,102,98,115,125,132,49,91,99,70,110,119" hai2="45,39,43,76,52,26,106,114,30,107,55,42,54" hai3="130,129,6,75,53,31,88,105,56,61,23,50,58"/><T121/><D68/><U133/><E36/><V15/><F114/><W41/><G75/><T104/><D104/><U96/><E1/><V3/><F3/><W93/><G105/><T123/><D40/><U126/><E70/><V79/><F43/><W47/><G6/><T44/><D44/><U67/><E67/><V72/><F15/><W87/><G31/><T18/><D92/><U24/><E24/><V100/><F72/><W128/><G23/><T127/><D59/><AGARI ba="1,0" hai="41,47,50,53,56,58,59,61,87,88,93,128,129,130" machi="59" ten="40,2600,0" yaku="19,1,54,1" doraHai="113" who="3" fromWho="0" sc="383,-29,215,0,110,0,292,29" />
</Scene>
<Scene>
<INIT seed="5,0,0,2,0,27" ten="354,215,110,321" oya="1" hai0="74,77,90,8,49,25,75,105,3,101,98,6,55" hai1="53,106,1,65,82,21,135,20,10,29,59,117,36" hai2="66,85,54,16,79,52,104,7,111,2,39,99,58" hai3="67,35,133,131,63,118,122,83,93,43,70,112,37"/><U97/><E117/><V89/><F111/><W128/><G122/><T12/><D77/><U13/><E36/><V108/><F108/><W44/><G118/><T113/><D113/><U28/><E1/><V30/><F39/><W57/><G35/><T23/><D90/><U22/><E135/><V84/><F79/><W116/><G116/><T120/><D3/><U107/><E65/><V41/><F41/><W34/><G34/><T88/><D120/><U100/><E106/><V80/><F85/><W31/><G83/><T17/><D88/><U14/><E82/><V46/><F46/><AGARI ba="0,0" hai="6,8,12,17,23,25,46,49,55,74,75,98,101,105" machi="46" ten="30,1000,0" yaku="7,1" doraHai="27" who="0" fromWho="2" sc="354,10,215,0,110,-10,321,0" />
</Scene>
<Scene>
<INIT seed="6,0,0,4,2,120" ten="364,215,100,321" oya="2" hai0="39,63,44,83,107,26,61,7,82,22,55,99,133" hai1="57,8,30,16,41,71,112,3,76,126,38,116,62" hai2="118,92,129,1,105,109,56,114,124,19,46,59,34" hai3="24,128,5,88,121,68,108,113,17,98,31,33,21"/><V91/><F105/><W122/><G68/><T43/><D7/><U134/><E71/><V42/><F118/><W135/><G128/><T6/><D6/><U102/><E112/><V12/><F1/><W36/><G36/><T73/><D133/><U125/><E116/><V10/><F129/><W37/><G37/><T119/><D119/><U50/><E38/><V29/><F114/><W70/><G70/><T79/><D55/><U64/><E134/><V78/><F124/><W94/><G135/><T25/><D25/><U111/><E30/><V45/><F78/><W72/><G72/><T74/><D107/><U104/><E76/><V127/><F127/><N who="1" m="48649" /><E102/><V53/><F109/><W95/><G5/><T89/><D74/><U18/><E104/><V110/><F110/><W27/><G108/><T87/><D99/><U2/><E111/><V48/><F34/><W9/><G9/><T106/><D106/><U131/><E131/><V130/><F130/><W90/><G113/><T96/><D96/><AGARI ba="0,0" hai="17,21,24,27,31,33,88,90,94,95,96,98,121,122" machi="96" ten="30,3900,0" yaku="7,1,9,1,54,1" doraHai="120" who="3" fromWho="0" sc="364,-39,215,0,100,0,321,39" />
</Scene>
<Scene>
<INIT seed="7,0,0,2,4,104" ten="325,215,100,360" oya="3" hai0="119,17,123,21,27,19,52,23,128,25,109,7,131" hai1="18,12,125,91,32,77,14,135,54,24,43,130,3" hai2="134,121,44,76,112,28,79,5,100,29,120,8,55" hai3="57,39,15,96,42,111,97,59,118,95,56,116,108"/><W48/><G39/><T11/><D109/><N who="3" m="42057" /><G15/><N who="0" m="5631" /><D52/><U103/><E3/><V26/><F112/><W31/><G31/><N who="0" m="17839" /><D119/><N who="3" m="45609" /><G95/><T63/><D63/><U34/><E43/><V87/><F134/><W58/><G58/><T127/><D123/><U107/><E135/><V66/><F55/><W67/><G67/><T126/><D19/><U99/><E54/><V46/><F66/><W81/><G81/><T50/><D50/><U110/><E110/><V69/><F69/><W16/><G16/><T72/><D72/><U83/><E14/><V68/><F68/><W61/><G61/><T10/><D10/><U93/><E24/><V88/><F8/><W13/><G13/><T106/><D106/><U49/><E49/><V4/><F26/><W82/><G82/><T105/><D105/><U132/><E132/><V114/><F114/><W92/><G92/><T101/><D101/><U2/><E2/><V73/><F100/><W85/><G85/><T94/><D94/><U90/><E12/><V89/><REACH who="2" step="1"/><F87/><REACH who="2" ten="325,215,90,360" step="2"/><W6/><G6/><T65/><D65/><U33/><E103/><V38/><F38/><W133/><G133/><T75/><D27/><U37/><E37/><V30/><F30/><W124/><G124/><T113/><D113/><U122/><E125/><V1/><F1/><W115/><G115/><T86/><D86/><U51/><E34/><V9/><F9/><W74/><G74/><AGARI ba="0,1" hai="4,5,28,29,44,46,73,74,76,79,88,89,120,121" machi="74" ten="25,12000,2" yaku="1,1,22,2,52,2,54,1,53,0" doraHai="104" doraHaiUra="22" who="2" fromWho="3" sc="325,0,215,0,90,130,360,-120" owari="325,42.0,215,-28.0,220,-18.0,240,4.0" />
</Scene>
</mjloggm>