<mjloggm ver="2.3"><GO type="169" lobby="0"/><UN n0="%E5%A4%AA%E3%81%8F%E3%81%AA%E3%81%84%E3%81%8A" n1="%E3%83%AC%E3%83%87%E3%82%B9%E3%83%9E" n2="%7A%65%72%6F%52%58" n3="%E6%A1%9C%E4%BA%95%E3%81%95%E3%82%93" dan="19,17,16,16" rate="2303.50,2158.53,2156.00,2162.21" sx="F,M,M,M"/><TAIKYOKU oya="0"/>

<Scene>
<INIT seed="0,0,0,5,2,120" ten="250,250,250,250" oya="0" hai0="97,16,30,29,118,55,127,104,126,82,76,42,83" hai1="134,85,62,106,121,14,56,92,10,1,96,23,102" hai2="78,108,28,129,9,100,98,91,131,86,61,21,5" hai3="27,50,0,58,12,60,6,65,69,37,79,43,19"/><T74/><D118/><U112/><E121/><V4/><F108/><W107/><G107/><T53/><D42/><U116/><E116/><V2/><F78/><W111/><G111/><T24/><D83/><U31/><E134/><V80/><F5/><W7/><G0/><T46/><D30/><U119/><E119/><V125/><F125/><N who="0" m="47626" /><D46/><U36/><E36/><V132/><F132/><W63/><G79/><T110/><D110/><U51/><E1/><V75/><F75/><W34/><G37/><T32/><D16/><U18/><E112/><V115/><F115/><W54/><G27/><T15/><D15/><U45/><E31/><V113/><F113/><W20/><G34/><T87/><D74/><U68/><E68/><V128/><F61/><W13/><G13/><T89/><D89/><U8/><E106/><V117/><F117/><W39/><REACH who="3" step="1"/><G63/><REACH who="3" ten="250,250,250,240" step="2"/><T40/><D104/><U47/><E14/><V135/><F135/><W22/><G22/><T81/><D76/><U35/><E23/><V52/><F21/><W105/><G105/><T122/><D32/><U67/><E35/><V17/><F129/><W77/><G77/><T114/><D114/><U66/><E62/><V88/><F131/><W133/><G133/><T103/><D24/><U57/><E10/><V101/><F128/><W41/><G41/><T38/><D40/><U99/><E8/><V130/><F130/><W90/><G90/><T73/><D38/><U25/><E25/><V124/><F124/><W84/><G84/><T49/><D87/><U33/><E85/><V70/><F86/><W93/><G93/><RYUUKYOKU ba="0,1" sc="250,-10,250,-10,250,-10,240,30" hai3="6,7,12,19,20,39,43,50,54,58,60,65,69" />
</Scene>
<Scene>
<INIT seed="1,1,1,5,2,57" ten="240,240,240,270" oya="1" hai0="44,120,100,91,123,65,99,77,62,110,42,70,126" hai1="79,74,117,67,43,85,19,54,108,128,29,22,17" hai2="119,6,4,39,32,9,35,34,103,127,90,122,14" hai3="112,59,36,47,68,101,0,63,72,87,1,13,111"/><U48/><E117/><V69/><F39/><W5/><G112/><T105/><D110/><U8/><E74/><V40/><F40/><W80/><G72/><T38/><D126/><U45/><E108/><V132/><F69/><W20/><G111/><T102/><D91/><U56/><E128/><V118/><F103/><W88/><G68/><T53/><D77/><U30/><E67/><V135/><F90/><W93/><G36/><T116/><D116/><N who="2" m="44586" /><F122/><W55/><G47/><T98/><REACH who="0" step="1"/><D53/><REACH who="0" ten="230,240,240,270" step="2"/><U52/><E54/><V11/><F127/><W134/><G101/><T61/><D61/><N who="1" m="35975" /><E79/><V95/><F95/><AGARI ba="1,2" hai="38,42,44,62,65,70,95,98,99,100,102,105,120,123" machi="95" ten="40,2600,0" yaku="1,1,52,1,53,0" doraHai="57" doraHaiUra="115" who="0" fromWho="2" sc="230,49,240,0,240,-29,270,0" />
</Scene>
<Scene>
<INIT seed="2,0,0,3,2,84" ten="279,240,211,270" oya="2" hai0="74,5,129,126,111,122,94,56,106,13,98,73,91" hai1="99,133,61,88,3,53,24,112,71,20,19,40,0" hai2="51,119,131,82,44,43,57,124,64,123,69,114,125" hai3="16,8,121,25,31,110,28,29,85,36,79,12,60"/><V105/><F105/><W9/><G121/><T18/><D122/><U115/><E133/><V87/><F123/><W35/><G36/><T14/><D111/><U65/><E40/><V72/><F119/><W62/><G110/><T45/><D126/><N who="2" m="48746" /><F72/><W77/><G35/><T68/><D68/><U63/><E63/><N who="3" m="24106" /><G25/><T135/><D56/><U33/><E33/><V75/><F75/><W47/><G47/><T55/><D135/><U41/><E41/><V11/><F131/><W4/><G4/><T46/><D106/><U30/><E30/><V23/><F69/><W103/><G103/><T83/><D129/><U109/><E109/><V15/><F23/><N who="3" m="11655" /><G85/><T132/><D73/><U81/><E53/><V7/><F114/><W37/><G37/><T104/><D55/><U134/><E134/><V117/><F117/><W101/><G101/><T42/><D104/><U86/><REACH who="1" step="1"/><E99/><REACH who="1" ten="279,230,211,270" step="2"/><V90/><F64/><W66/><G66/><T27/><D132/><U67/><E67/><V102/><F102/><W52/><G52/><T59/><D42/><U118/><E118/><V21/><F57/><W76/><AGARI ba="0,1" hai="8,9,28,29,31,76,77,79" m="11655,24106" machi="76" ten="40,2700,0" yaku="8,1,54,1" doraHai="84" who="3" fromWho="3" sc="279,-7,230,-7,211,-13,270,37" />
</Scene>
<Scene>
<INIT seed="3,0,0,2,1,33" ten="272,223,198,307" oya="3" hai0="54,92,75,71,56,61,24,65,35,44,81,57,51" hai1="30,97,47,84,113,63,15,106,112,17,102,126,130" hai2="32,62,83,118,68,103,11,85,10,82,93,73,41" hai3="95,13,0,18,114,78,45,37,4,119,91,77,66"/><W14/><G114/><T94/><D75/><U125/><E130/><V1/><F32/><W27/><G119/><T76/><D35/><U90/><E30/><V19/><F118/><W80/><G66/><T34/><D34/><U127/><E63/><V115/><F115/><W53/><G77/><T7/><D24/><U12/><E47/><V111/><F41/><W135/><G135/><T21/><D21/><U9/><REACH who="1" step="1"/><E15/><REACH who="1" ten="272,213,198,307" step="2"/><V110/><F62/><W98/><G14/><T46/><D46/><U79/><E79/><V131/><F131/><W87/><G13/><T64/><D44/><U129/><E129/><V23/><F111/><W100/><G37/><T124/><D76/><U101/><E101/><V69/><F103/><W74/><G45/><T42/><D61/><U116/><E116/><V123/><F110/><W55/><G27/><T5/><D42/><U107/><E107/><V58/><F123/><W121/><G121/><T132/><D132/><U38/><E38/><V40/><F40/><W89/><G100/><T3/><D51/><U128/><E128/><V52/><F69/><W39/><G39/><T134/><D134/><U43/><E43/><V104/><F68/><W67/><G78/><T108/><D71/><U25/><E25/><V28/><F28/><W133/><G133/><T96/><D108/><U60/><E60/><V48/><F104/><W120/><G120/><T31/><D31/><U117/><E117/><V88/><F48/><W109/><G109/><T16/><D65/><U20/><E20/><V26/><F23/><W49/><G67/><T6/><D64/><RYUUKYOKU ba="0,1" sc="272,-10,213,30,198,-10,307,-10" hai1="9,12,17,84,90,97,102,106,112,113,125,126,127" />
</Scene>
<Scene>
<INIT seed="4,1,1,1,4,133" ten="262,243,188,297" oya="0" hai0="83,44,76,81,96,56,8,15,109,43,46,51,67" hai1="7,84,45,5,131,64,78,116,26,128,61,36,20" hai2="80,106,49,40,134,6,0,118,3,85,71,16,60" hai3="92,62,27,104,99,102,74,10,23,77,14,105,94"/><T29/><D109/><U39/><E116/><V32/><F106/><W101/><G74/><T53/><D29/><U108/><E108/><V9/><F32/><W24/><G77/><T1/><D1/><U65/><E84/><V91/><F134/><W55/><G27/><T135/><D135/><U37/><E45/><V110/><F110/><W25/><G24/><T90/><D67/><U97/><E97/><V119/><F0/><W33/><G33/><T69/><D69/><U107/><E78/><V48/><F40/><W117/><G117/><N who="2" m="44553" /><F16/><W68/><G68/><T93/><D76/><U2/><E107/><V75/><F75/><W115/><G115/><T4/><REACH who="0" step="1"/><D46/><REACH who="0" ten="252,243,188,297" step="2"/><U21/><E2/><V89/><F91/><W87/><G102/><T112/><D112/><U54/><E65/><AGARI ba="1,2" hai="3,6,9,48,49,60,65,71,80,85,89" m="44553" machi="65" ten="30,1000,0" yaku="12,1" doraHai="133" who="2" fromWho="1" sc="252,0,243,-13,188,33,297,0" />
</Scene>
<Scene>
<INIT seed="5,0,0,0,1,105" ten="252,230,221,297" oya="1" hai0="85,113,3,34,118,122,91,44,60,135,21,77,86" hai1="80,116,13,10,37,125,72,45,76,100,67,27,32" hai2="0,68,127,103,46,47,26,17,82,23,79,1,66" hai3="61,63,2,8,33,57,25,97,5,9,43,51,39"/><U74/><E116/><V121/><F121/><W134/><G134/><T62/><D34/><U52/><E100/><V94/><F127/><W41/><G39/><T70/><D118/><U29/><E125/><V16/><F66/><W14/><G51/><T71/><D3/><U132/><E132/><V126/><F68/><W88/><G33/><T81/><D135/><U92/><E92/><V131/><F126/><W12/><G25/><T96/><D122/><U120/><E67/><V133/><F131/><W111/><G111/><T54/><D113/><U119/><E120/><V109/><F109/><W95/><G2/><T87/><D71/><U129/><E119/><V90/><F103/><W22/><G22/><T35/><D35/><U55/><E129/><V24/><F133/><W101/><G101/><T53/><D70/><U19/><REACH who="1" step="1"/><E74/><REACH who="1" ten="252,220,221,297" step="2"/><V28/><F94/><W98/><G98/><T15/><D96/><U115/><E115/><V108/><F108/><W104/><G104/><T18/><D86/><U56/><E56/><V38/><F47/><W107/><G107/><T42/><D85/><U102/><E102/><V11/><F46/><W110/><G110/><T130/><D130/><U6/><E6/><V36/><F82/><W7/><G63/><T99/><D60/><U93/><E93/><V117/><F117/><W78/><G78/><T106/><D62/><U20/><E20/><V89/><F23/><W64/><AGARI ba="0,1" hai="5,7,8,9,12,14,41,43,57,61,64,88,95,97" machi="64" ten="20,8000,1" yaku="0,1,7,1,9,1,8,1,54,1" doraHai="105" who="3" fromWho="3" sc="252,-20,220,-40,221,-20,297,90" />
</Scene>
<Scene>
<INIT seed="6,0,0,2,3,14" ten="232,180,201,387" oya="2" hai0="34,129,135,36,13,59,1,70,103,122,29,38,104" hai1="12,52,99,18,106,23,108,90,87,55,114,126,117" hai2="2,30,27,51,127,40,22,35,41,130,131,64,109" hai3="96,45,47,66,105,25,84,16,120,15,134,110,74"/><V31/><F2/><W80/><G110/><T112/><RYUUKYOKU type="yao9" ba="0,0" sc="232,0,180,0,201,0,387,0" hai0="1,13,29,34,36,38,59,70,103,104,112,122,129,135" />
</Scene>
<Scene>
<INIT seed="6,1,0,1,0,30" ten="232,180,201,387" oya="2" hai0="52,34,102,66,113,125,15,39,131,25,11,53,89" hai1="37,56,83,29,28,84,92,33,38,96,120,2,110" hai2="69,86,132,87,36,97,90,100,47,19,77,1,124" hai3="70,64,18,67,42,43,119,94,104,16,107,130,71"/><V117/><F117/><W20/><G20/><T126/><D39/><U98/><E110/><V57/><F69/><W50/><G94/><T93/><D113/><U127/><E2/><V122/><F122/><W105/><G50/><T21/><D102/><U3/><E3/><V109/><F1/><W129/><G104/><T78/><D78/><U85/><E120/><V108/><F132/><W88/><G88/><T74/><D74/><U4/><E4/><V135/><F135/><W24/><G24/><T72/><D72/><U9/><E9/><V63/><F124/><N who="0" m="47722" /><D66/><U65/><E127/><V22/><F77/><W45/><G45/><T62/><D62/><U12/><E12/><N who="2" m="9575" /><F90/><W91/><G91/><T81/><D81/><U116/><E116/><AGARI ba="1,0" hai="16,18,42,43,64,67,70,71,105,107,116,119,129,130" machi="116" ten="25,3200,0" yaku="22,2,54,1" doraHai="30" who="3" fromWho="1" sc="232,0,180,-35,201,0,387,35" />
</Scene>
<Scene>
<INIT seed="7,0,0,4,2,32" ten="232,145,201,422" oya="3" hai0="49,88,113,37,74,3,44,97,68,41,2,29,101" hai1="8,22,5,31,80,33,107,82,64,61,48,20,40" hai2="127,52,36,128,135,81,115,46,78,13,94,24,60" hai3="91,14,23,55,96,59,21,111,51,75,125,85,7"/><W108/><G75/><T11/><D68/><U19/><E107/><V130/><F115/><W120/><G120/><T18/><D74/><U1/><E33/><V133/><F127/><W83/><G125/><T93/><D29/><U30/><E22/><V17/><F24/><W87/><G96/><T10/><D113/><U63/><E31/><V116/><F116/><W15/><G87/><T118/><D118/><U70/><E30/><V25/><F25/><W73/><G73/><T53/><D10/><U38/><E38/><V109/><F109/><N who="3" m="42059" /><G7/><T131/><D131/><N who="2" m="50218" /><F94/><W129/><G129/><T65/><D65/><U6/><E6/><V86/><F36/><W117/><G117/><T56/><D11/><U43/><E63/><V16/><F60/><W90/><G90/><T4/><D4/><U110/><E110/><V123/><F123/><W106/><G106/><T35/><D35/><U71/><E71/><V79/><F79/><W58/><G58/><T45/><D56/><U26/><REACH who="1" step="1"/><E48/><REACH who="1" ten="232,135,201,422" step="2"/><N who="2" m="28695" /><F17/><W50/><G50/><T39/><D18/><U57/><E57/><V69/><F69/><W100/><G51/><T124/><D39/><U98/><E98/><V132/><F135/><W76/><G21/><AGARI ba="0,1" hai="13,16,21,78,81,86,132,133" m="28695,50218" machi="21" ten="30,3900,0" yaku="19,1,54,2" doraHai="32" who="2" fromWho="3" sc="232,0,135,0,201,49,422,-39" owari="232,-17.0,135,-36.0,250,5.0,383,48.0" />
</Scene>
</mjloggm>