<mjloggm ver="2.3"><GO type="169" lobby="0"/><UN n0="%E3%82%B3%E3%83%AA%E3%83%A9%E3%83%83%E3%82%AF%E3%83%9E" n1="%E5%BA%83%E5%B3%B6%E3%81%AE%E7%A8%AE%E9%A6%AC" n2="%79%75%6D%69%6B%69%6B%61" n3="%E5%A4%AA%E3%81%8F%E3%81%AA%E3%81%84%E3%81%8A" dan="16,16,16,17" rate="2033.43,2058.02,2097.33,2243.09" sx="M,M,M,M"/><TAIKYOKU oya="0"/>

<Scene>
<INIT seed="0,0,0,1,1,119" ten="250,250,250,250" oya="0" hai0="79,68,18,132,29,8,86,66,2,33,129,4,34" hai1="48,124,87,16,82,123,125,64,45,103,122,46,104" hai2="134,114,44,109,133,78,75,131,88,56,120,27,112" hai3="42,13,5,67,40,17,130,61,76,89,99,36,12"/><T63/><D129/><U11/><E64/><V10/><F131/><W50/><G36/><T55/><D132/><N who="2" m="50794" /><F109/><W118/><G118/><T117/><D117/><U70/><E70/><V113/><F44/><W126/><G126/><N who="1" m="48746" /><E103/><V93/><F10/><N who="3" m="4175" /><G76/><T111/><D111/><U26/><E104/><V58/><F120/><N who="1" m="46121" /><E48/><V32/><F32/><W57/><G50/><T95/><D34/><U43/><E43/><V65/><F27/><W121/><G130/><T54/><D33/><U22/><E11/><V20/><F20/><N who="3" m="11311" /><G121/><T135/><D68/><U101/><E101/><V127/><F65/><W21/><G21/><T31/><D66/><U105/><E105/><V72/><F127/><W115/><G115/><T30/><D135/><U128/><E128/><V96/><F78/><AGARI ba="0,0" hai="16,22,26,45,46,78,82,87" m="46121,48746" machi="78" ten="30,8000,1" yaku="18,1,52,3,54,1" doraHai="119" who="1" fromWho="2" sc="250,0,250,80,250,-80,250,0" />
</Scene>
<Scene>
<INIT seed="1,0,0,5,1,93" ten="250,330,170,250" oya="1" hai0="88,39,19,34,115,126,109,29,107,71,86,104,90" hai1="101,97,102,66,41,15,110,42,26,118,57,21,80" hai2="91,53,35,103,45,4,5,111,127,98,108,106,63" hai3="50,31,28,74,9,99,96,60,69,116,48,33,36"/><U32/><E118/><V132/><F35/><W83/><G36/><T112/><D39/><U14/><E32/><V131/><F131/><W20/><G33/><T85/><D71/><U79/><E102/><V120/><F120/><W49/><G116/><T72/><D34/><U17/><E110/><N who="2" m="42027" /><F132/><W2/><G2/><T123/><D29/><N who="3" m="11337" /><G74/><T27/><D19/><U89/><E89/><V18/><F127/><W7/><G69/><T10/><D27/><U119/><E119/><V73/><F73/><W122/><G122/><T65/><D10/><U105/><E42/><V133/><F133/><W78/><G60/><T0/><D65/><U25/><E41/><V92/><F18/><W37/><G37/><T51/><D0/><U1/><E1/><V13/><F13/><N who="3" m="5311" /><G20/><T43/><D51/><U121/><E121/><V76/><F76/><W55/><G55/><T130/><D109/><U117/><E117/><V64/><F53/><W129/><G129/><T61/><D123/><U8/><E15/><V16/><F16/><W56/><G56/><T3/><D130/><U22/><E22/><V135/><F45/><W113/><G113/><T38/><D72/><U81/><E21/><V23/><F23/><W134/><G134/><T100/><D112/><U128/><E128/><V46/><F46/><W84/><AGARI ba="0,0" hai="48,49,50,78,83,84,96,99" m="5311,11337" machi="84" ten="30,4000,0" yaku="8,1,52,2" doraHai="93" who="3" fromWho="3" sc="250,-10,330,-20,170,-10,250,40" />
</Scene>
<Scene>
<INIT seed="2,0,0,1,0,92" ten="240,310,160,290" oya="2" hai0="59,72,101,26,22,77,115,33,51,52,3,0,21" hai1="113,7,90,120,37,110,17,73,35,131,20,116,4" hai2="58,81,128,50,6,12,47,129,9,40,25,70,2" hai3="88,10,123,98,13,76,55,67,56,16,96,27,68"/><V46/><F70/><W36/><G123/><T57/><D115/><U119/><E90/><V103/><F58/><W133/><G36/><T97/><D72/><U18/><E73/><V130/><F81/><W63/><G76/><T23/><D77/><U112/><E37/><V45/><F2/><W104/><G133/><T95/><REACH who="0" step="1"/><D59/><REACH who="0" ten="230,310,160,290" step="2"/><U71/><E113/><V132/><F132/><W111/><G111/><T117/><D117/><U24/><E112/><V86/><F86/><W127/><G127/><T42/><D42/><U66/><E110/><V38/><F38/><W41/><G41/><T87/><D87/><U106/><E116/><V32/><REACH who="2" step="1"/><F103/><REACH who="2" ten="230,310,150,290" step="2"/><W80/><G68/><T105/><D105/><U84/><E106/><V19/><F19/><W79/><G104/><T1/><D1/><U15/><E17/><V31/><AGARI ba="0,2" hai="6,9,12,25,31,32,40,45,46,47,50,128,129,130" machi="31" ten="40,18000,2" yaku="1,1,0,1,19,1,53,3" doraHai="92" doraHaiUra="43" who="2" fromWho="2" sc="230,-60,310,-60,150,200,290,-60" />
</Scene>
<Scene>
<INIT seed="2,1,0,1,3,125" ten="170,250,350,230" oya="2" hai0="90,1,89,73,49,57,87,117,19,24,61,108,103" hai1="83,8,105,40,121,21,128,126,38,5,0,95,45" hai2="64,14,124,109,54,135,55,39,129,116,80,127,15" hai3="62,106,134,107,91,102,46,65,52,119,4,84,132"/><V97/><F116/><W27/><G119/><T82/><D73/><U6/><E105/><V56/><F39/><W81/><G4/><T41/><D1/><U120/><E126/><N who="2" m="48171" /><F135/><N who="3" m="51755" /><G102/><T74/><D117/><U34/><E34/><V94/><F80/><W71/><G27/><T43/><D108/><U77/><E6/><V12/><F109/><W92/><G81/><T67/><D74/><U60/><E60/><N who="2" m="37895" /><F129/><W42/><G52/><T76/><D103/><AGARI ba="1,0" hai="12,14,15,54,55,94,97,103" m="37895,48171" machi="103" ten="30,1500,0" yaku="18,1" doraHai="125" who="2" fromWho="0" sc="170,-18,250,0,350,18,230,0" />
</Scene>
<Scene>
<INIT seed="2,2,0,4,0,127" ten="152,250,368,230" oya="2" hai0="109,121,76,78,112,81,14,11,56,90,105,131,67" hai1="6,20,53,79,19,7,114,42,60,66,83,77,134" hai2="123,28,39,128,80,40,47,94,59,72,73,54,65" hai3="91,26,96,82,33,93,87,36,135,38,69,125,37"/><V50/><F123/><W41/><G69/><T130/><D105/><U46/><E53/><V25/><F128/><N who="0" m="49194" /><D112/><U24/><E79/><V10/><F65/><W63/><G125/><T8/><D121/><U21/><E21/><V102/><F80/><W9/><G135/><T49/><D109/><U48/><E134/><V106/><F106/><W119/><G119/><T129/><N who="0" m="49202" /><T92/><DORA hai="51" /><D81/><U61/><E61/><V22/><REACH who="2" step="1"/><F10/><REACH who="2" ten="152,250,358,230" step="2"/><N who="0" m="3626" /><D14/><U29/><E83/><V118/><F118/><W16/><G82/><T95/><D95/><U68/><E114/><V86/><F86/><W104/><G87/><N who="0" m="52319" /><D49/><U99/><E48/><V45/><F45/><W117/><G104/><T52/><D52/><U103/><E46/><V27/><F27/><W15/><G117/><T1/><D1/><U17/><E24/><V111/><F111/><W108/><G108/><T124/><D124/><U100/><E77/><V44/><F44/><W23/><G26/><T57/><D67/><U0/><E66/><V32/><F32/><W5/><G33/><T116/><D116/><U107/><E107/><V122/><F122/><W101/><G15/><T13/><D13/><U120/><E120/><V12/><F12/><W89/><G93/><T74/><D74/><U88/><E0/><V55/><F55/><W64/><G64/><T43/><D43/><U34/><E34/><V70/><F70/><W97/><G41/><T3/><D3/><U110/><E68/><V62/><F62/><W75/><G63/><T126/><D126/><U85/><E42/><V2/><F2/><W115/><G75/><RYUUKYOKU ba="2,1" sc="152,15,250,-15,358,15,230,-15" hai0="56,57,76,78" hai2="22,25,28,39,40,47,50,54,59,72,73,94,102" />
</Scene>
<Scene>
<INIT seed="2,3,1,3,4,102" ten="167,235,373,215" oya="2" hai0="60,79,118,37,121,105,75,62,17,51,129,125,4" hai1="134,128,50,120,68,23,54,43,98,5,3,119,126" hai2="71,90,63,53,34,94,25,91,30,19,0,89,42" hai3="115,64,57,124,31,130,46,27,99,135,1,26,52"/><V123/><F123/><W100/><G1/><T55/><D37/><U96/><E68/><V32/><F32/><W39/><G124/><T21/><D125/><U49/><E119/><V111/><F0/><W113/><G135/><T41/><D129/><U28/><E134/><V36/><F111/><W101/><G130/><T86/><D121/><U66/><E66/><V40/><F36/><W132/><G132/><T108/><D75/><U61/><E61/><V97/><F19/><W10/><G10/><T20/><D105/><U38/><E38/><V33/><F33/><W117/><G64/><T73/><D108/><U18/><E28/><V35/><F35/><W11/><G11/><T93/><D73/><U78/><E78/><V107/><F107/><N who="3" m="63903" /><G31/><T87/><D41/><U72/><E72/><V76/><F76/><W114/><G101/><T103/><D4/><U122/><E5/><V109/><F109/><W110/><G117/><T24/><D20/><U84/><E3/><V44/><F71/><W127/><G127/><T131/><D131/><U13/><E126/><V48/><REACH who="2" step="1"/><F63/><REACH who="2" ten="167,235,363,215" step="2"/><N who="3" m="36263" /><G110/><T2/><D118/><U29/><E128/><V95/><F95/><W59/><G59/><N who="0" m="33279" /><D2/><U8/><E122/><V106/><F106/><W85/><G39/><T104/><D104/><U88/><E120/><V58/><F58/><W12/><G114/><T47/><D47/><U69/><E69/><V7/><F7/><W83/><G46/><T112/><D112/><N who="3" m="43081" /><G12/><T45/><D45/><U16/><E13/><V80/><F80/><W67/><G67/><T81/><D103/><AGARI ba="3,2" hai="25,30,34,40,42,44,48,53,89,90,91,94,97,103" machi="103" ten="40,2000,0" yaku="1,1,53,0" doraHai="102" doraHaiUra="9" who="2" fromWho="0" sc="167,-29,235,0,363,49,215,0" />
</Scene>
<Scene>
<INIT seed="2,4,0,2,2,105" ten="138,235,412,215" oya="2" hai0="61,24,64,97,17,15,42,55,44,133,108,56,67" hai1="101,20,129,82,26,9,121,37,92,30,84,10,124" hai2="70,13,130,85,96,35,103,128,78,89,113,46,18" hai3="8,81,72,90,23,3,135,91,76,51,118,52,7"/><V2/><F2/><W123/><G118/><T53/><D108/><U68/><E37/><V36/><F70/><W122/><G135/><T43/><D133/><U100/><E68/><V22/><F35/><W34/><G34/><T0/><D0/><U120/><E124/><V59/><F113/><W94/><G23/><T131/><D131/><U74/><E74/><V5/><F78/><W87/><REACH who="3" step="1"/><G91/><REACH who="3" ten="138,235,412,205" step="2"/><T60/><D24/><U93/><E129/><V86/><F89/><W134/><G134/><T126/><D126/><U104/><E121/><V66/><F22/><W12/><G12/><T40/><D15/><U80/><E20/><V111/><F13/><W57/><AGARI ba="4,1" hai="3,7,8,51,52,57,72,76,81,87,90,94,122,123" machi="57" ten="20,8000,1" yaku="1,1,0,1,7,1,52,1,54,1,53,0" doraHai="105" doraHaiUra="14" who="3" fromWho="3" sc="138,-24,235,-24,412,-44,205,102" />
</Scene>
<Scene>
<INIT seed="3,0,0,5,2,120" ten="114,211,368,307" oya="3" hai0="57,117,95,15,9,97,110,29,124,8,63,2,27" hai1="6,55,52,36,107,78,112,135,60,28,73,102,59" hai2="86,125,1,66,41,87,126,90,51,43,88,21,104" hai3="42,40,49,30,47,114,93,82,4,75,54,106,68"/><W53/><G106/><T101/><D110/><U34/><E112/><V24/><F1/><W81/><G114/><T19/><D124/><N who="2" m="47722" /><F66/><W56/><G68/><T127/><D117/><U23/><E34/><V105/><F87/><W64/><G64/><T118/><D127/><U115/><E36/><V130/><F130/><W111/><G30/><T71/><D118/><U14/><E6/><V76/><F76/><W17/><G4/><T129/><D71/><U65/><E135/><V22/><F22/><W50/><G75/><T84/><D129/><U98/><E115/><V61/><F61/><W94/><G17/><T7/><D84/><U96/><E96/><V25/><F25/><W72/><G72/><T134/><D134/><U92/><E107/><N who="2" m="41035" /><F90/><W67/><G67/><T11/><D7/><U122/><E122/><V0/><F51/><W18/><G18/><T70/><D2/><U119/><E119/><V33/><F33/><W31/><G31/><T128/><D70/><U133/><E133/><V100/><F100/><W85/><G85/><T20/><REACH who="0" step="1"/><D128/><REACH who="0" ten="104,211,368,307" step="2"/><U32/><E73/><V109/><F109/><W80/><G111/><T108/><D108/><U123/><E123/><V69/><F69/><W16/><REACH who="3" step="1"/><G16/><REACH who="3" ten="104,211,368,297" step="2"/><T77/><D77/><U62/><E78/><V10/><F86/><W83/><N who="3" m="20480" /><DORA hai="48" /><W99/><G99/><T116/><D116/><U91/><E98/><V3/><F0/><W131/><G131/><T39/><D39/><U46/><E28/><V121/><F3/><W12/><G12/><T37/><D37/><U113/><E14/><V13/><F13/><RYUUKYOKU ba="0,2" sc="104,15,211,-15,368,-15,297,15" hai0="8,9,11,15,19,20,27,29,57,63,95,97,101" hai3="40,42,47,49,50,53,54,56,93,94" />
</Scene>
<Scene>
<INIT seed="3,1,2,4,0,99" ten="119,196,353,312" oya="3" hai0="91,78,15,7,115,50,9,28,71,128,102,56,26" hai1="39,94,70,51,129,24,106,11,75,69,87,135,53" hai2="90,59,122,64,0,36,60,47,41,46,84,45,96" hai3="52,8,73,62,19,92,1,132,42,12,58,55,44"/><W5/><G132/><T79/><D71/><U89/><E39/><V105/><F0/><W101/><G73/><T63/><D115/><U107/><E75/><V103/><REACH who="2" step="1"/><F122/><REACH who="2" ten="119,196,343,312" step="2"/><W18/><G1/><T109/><D128/><U48/><E129/><V121/><F121/><W86/><G55/><N who="0" m="34207" /><D109/><U124/><E53/><V31/><F31/><W133/><G133/><T118/><D118/><U127/><E135/><V16/><F16/><W130/><G130/><T54/><D91/><U40/><E89/><V13/><F13/><W83/><G19/><T66/><D102/><U97/><E127/><V116/><F116/><W61/><G18/><T33/><D33/><U17/><E17/><V32/><F32/><W111/><G111/><T88/><D88/><U108/><E124/><V20/><F20/><W126/><G126/><T4/><D4/><U43/><E108/><V131/><F131/><W112/><G112/><T85/><D28/><U110/><E110/><V23/><F23/><W74/><G101/><T125/><D26/><U21/><E24/><V98/><F98/><W27/><G27/><T100/><D125/><U25/><E97/><V49/><F49/><W29/><G29/><T93/><D100/><U81/><E48/><V65/><F65/><W6/><G6/><T113/><D66/><U3/><E51/><V114/><F114/><W68/><G5/><T30/><D30/><U120/><E3/><V22/><F22/><W119/><G119/><T10/><D113/><U67/><E120/><V57/><F57/><W35/><G35/><T14/><D15/><U38/><E25/><RYUUKYOKU ba="1,3" sc="119,-10,196,-10,343,30,312,-10" hai2="36,41,45,46,47,59,60,64,84,90,96,103,105" />
</Scene>
<Scene>
<INIT seed="4,2,3,4,3,12" ten="109,186,373,302" oya="0" hai0="17,107,7,71,115,55,2,16,22,58,133,43,45" hai1="122,54,13,128,48,77,57,66,101,52,117,34,21" hai2="50,11,32,121,134,3,125,25,38,106,33,104,120" hai3="46,108,8,1,35,129,4,105,102,10,119,99,88"/><T110/><D107/><N who="2" m="41002" /><F50/><W0/><G119/><T56/><D71/><U90/><E34/><N who="2" m="13419" /><F25/><W86/><G129/><T42/><D110/><U15/><E122/><V47/><F125/><W123/><G123/><T130/><D115/><U27/><E128/><V127/><F127/><W39/><G35/><T30/><D133/><U81/><E117/><V20/><F20/><W37/><G108/><T96/><D130/><U5/><E101/><V116/><F134/><W65/><G65/><T67/><D2/><U36/><E36/><V91/><F91/><W41/><G37/><T44/><D7/><U92/><E5/><N who="2" m="1471" /><F116/><W28/><G28/><T94/><D67/><U72/><E54/><V126/><F126/><W124/><G124/><T109/><D109/><U68/><E66/><V59/><F59/><N who="0" m="22570" /><D55/><U74/><E68/><V132/><F132/><W19/><G1/><T135/><D135/><U73/><E73/><V9/><F9/><W49/><G39/><T103/><D30/><U79/><E74/><V100/><F100/><W78/><G0/><T18/><D22/><U26/><E21/><V83/><F83/><W114/><G4/><T97/><D97/><N who="1" m="57495" /><E81/><V63/><F63/><W40/><G105/><T84/><D84/><U64/><E64/><V51/><F51/><W111/><G86/><T118/><D118/><U61/><E61/><V31/><F31/><W69/><G111/><T29/><D29/><U70/><E70/><V14/><F121/><W24/><G69/><T89/><D103/><U131/><E131/><V60/><F120/><W75/><G102/><T80/><D80/><RYUUKYOKU ba="2,3" sc="109,30,186,-10,373,-10,302,-10" hai0="16,17,18,42,43,44,45,89,94,96" />
</Scene>
<Scene>
<INIT seed="4,3,3,2,2,83" ten="139,176,363,292" oya="0" hai0="106,3,132,23,39,89,67,128,13,48,96,9,97" hai1="32,50,127,98,72,114,116,66,11,95,1,90,94" hai2="85,6,77,4,18,69,120,25,133,41,30,56,105" hai3="74,93,20,84,100,43,91,82,55,65,134,131,33"/><T51/><D39/><U75/><E32/><V40/><F69/><W135/><G33/><T101/><D128/><U16/><E116/><V8/><F120/><W113/><G43/><T76/><D132/><N who="3" m="50729" /><G65/><T71/><D76/><U12/><E127/><V36/><F105/><W119/><G119/><T124/><D124/><U54/><E114/><V14/><F36/><W61/><G113/><T87/><D3/><U19/><E1/><V2/><F56/><N who="3" m="34975" /><G131/><T73/><D23/><U80/><E80/><N who="2" m="47247" /><F133/><W123/><G123/><T47/><D73/><U107/><E107/><V53/><F53/><W24/><G74/><T34/><D96/><U78/><E66/><V63/><F63/><W10/><G10/><T102/><D34/><U115/><E115/><V92/><F40/><W130/><G130/><T0/><D102/><U111/><E72/><V17/><F41/><W68/><G68/><T99/><D0/><U122/><E75/><V28/><F6/><W21/><G24/><T64/><D99/><AGARI ba="3,3" hai="20,21,82,84,91,93,99,100" m="34975,50729" machi="99" ten="30,2000,0" yaku="20,1,52,1" doraHai="83" who="3" fromWho="0" sc="139,-29,176,0,363,0,292,59" />
</Scene>
<Scene>
<INIT seed="5,0,0,2,3,115" ten="110,176,363,351" oya="1" hai0="105,14,75,64,19,3,85,82,30,71,57,7,127" hai1="72,53,63,66,108,68,104,13,130,88,46,106,70" hai2="34,77,86,42,4,9,94,22,74,55,12,20,52" hai3="95,81,100,65,1,33,134,5,43,98,92,125,40"/><U6/><E72/><V129/><F34/><W39/><G33/><T76/><D105/><U123/><E123/><V133/><F74/><W96/><G125/><T97/><D71/><U78/><E78/><V10/><F42/><W73/><G134/><T61/><D127/><U28/><E70/><V18/><F129/><W21/><G65/><T90/><D30/><U83/><E130/><V107/><F107/><W112/><G112/><T51/><D3/><U32/><E108/><V126/><F133/><W23/><G1/><T36/><D7/><U35/><E35/><V16/><F126/><W50/><G39/><T113/><D36/><U135/><E135/><V48/><F55/><W31/><G5/><T8/><D113/><U111/><E28/><V80/><F94/><W121/><G121/><T120/><D120/><U15/><E32/><V124/><F124/><W26/><G23/><T49/><REACH who="0" step="1"/><D97/><REACH who="0" ten="100,176,363,351" step="2"/><U128/><E6/><V62/><F4/><W117/><G98/><T103/><D103/><U37/><E128/><V109/><F109/><W2/><G96/><T60/><D60/><U0/><E0/><V116/><F62/><W27/><G100/><T131/><D131/><U122/><E111/><V58/><F116/><W119/><G119/><T44/><D44/><U41/><E122/><V67/><F67/><W25/><G117/><T99/><D99/><U89/><E106/><V118/><F118/><W114/><G114/><T45/><D45/><U101/><E101/><V17/><F18/><N who="3" m="12471" /><G2/><T69/><D69/><U47/><E104/><V79/><F17/><W93/><G31/><RYUUKYOKU ba="0,1" sc="100,30,176,-10,363,-10,351,-10" hai0="8,14,19,49,51,57,61,64,75,76,82,85,90" />
</Scene>
<Scene>
<INIT seed="6,1,1,4,4,95" ten="130,166,353,341" oya="2" hai0="82,107,85,89,126,102,43,23,80,50,20,54,115" hai1="106,73,2,128,134,103,41,113,49,13,22,72,26" hai2="52,60,127,68,12,17,77,7,76,37,3,93,34" hai3="14,15,79,1,133,51,63,108,81,124,99,8,11"/><V39/><F34/><W120/><G108/><T66/><D115/><U31/><E2/><V86/><F68/><W90/><G120/><T32/><D126/><U91/><E113/><V25/><F127/><W35/><G124/><T46/><D32/><U105/><E134/><V53/><F25/><W74/><G35/><T118/><D118/><U121/><E128/><V112/><F112/><W71/><G133/><T40/><D66/><U61/><E61/><V122/><F122/><W29/><G29/><T0/><D0/><U24/><E24/><V4/><F3/><W19/><G1/><T92/><D107/><U18/><E121/><V84/><F93/><W123/><G123/><T30/><D82/><U94/><E103/><V104/><F104/><W69/><G63/><T132/><D132/><U64/><E64/><V129/><F60/><W5/><G51/><T44/><D54/><U58/><E106/><V6/><F6/><W78/><G78/><T62/><D62/><U111/><E111/><V131/><F12/><W100/><G90/><T27/><D102/><U38/><E38/><V83/><F83/><W135/><G135/><T21/><REACH who="0" step="1"/><D80/><REACH who="0" ten="120,166,353,341" step="2"/><U119/><E105/><AGARI ba="1,2" hai="5,8,11,14,15,19,69,71,74,79,81,99,100,105" machi="105" ten="30,2000,0" yaku="7,1,52,1" doraHai="95" who="3" fromWho="1" sc="120,0,166,-23,353,0,341,43" />
</Scene>
<Scene>
<INIT seed="7,0,0,4,1,97" ten="120,143,353,384" oya="3" hai0="14,85,53,135,55,89,37,24,57,49,100,94,84" hai1="15,19,80,61,123,78,132,23,9,127,115,91,59" hai2="32,87,129,28,44,36,76,0,38,93,75,130,31" hai3="51,103,121,54,66,56,113,1,45,12,131,18,77"/><W8/><G121/><T41/><D37/><N who="2" m="14442" /><F32/><W33/><G33/><T13/><D135/><U68/><E123/><V99/><F75/><W10/><G113/><T133/><D133/><U50/><E127/><V124/><F0/><W126/><G126/><T17/><D41/><U4/><E68/><V86/><F44/><W47/><G131/><N who="2" m="50185" /><F124/><W83/><G103/><T108/><D108/><U101/><E101/><N who="2" m="60655" /><F76/><W73/><REACH who="3" step="1"/><G66/><REACH who="3" ten="120,143,353,374" step="2"/><T64/><D100/><U11/><E132/><V21/><F21/><W95/><G95/><T60/><D84/><AGARI ba="0,1" hai="28,31,84,86,87" m="60655,50185,14442" machi="84" ten="30,2000,0" yaku="19,1,52,1" doraHai="97" who="2" fromWho="0" sc="120,-20,143,0,353,30,374,0" owari="100,-40.0,143,-26.0,383,49.0,374,17.0" />
</Scene>
</mjloggm>