<mjloggm ver="2.3"><GO type="169" lobby="0"/><UN n0="%E3%81%AC%E3%82%8B%E3%82%8A%2B%2B" n1="%E3%83%90%E3%82%A4%E3%82%A2%E3%83%A9%E3%83%B3" n2="%E3%81%A8%E3%82%82%E3%81%8D%E3%82%85%E3%82%93%E2%99%AA" n3="%E5%A4%AA%E3%81%8F%E3%81%AA%E3%81%84%E3%81%8A" dan="16,17,16,18" rate="2084.65,2156.15,2072.34,2216.47" sx="F,M,F,F"/><TAIKYOKU oya="0"/>

<Scene>
<INIT seed="0,0,0,1,2,22" ten="250,250,250,250" oya="0" hai0="89,7,61,111,37,128,75,107,93,129,131,13,39" hai1="85,130,53,92,62,30,25,10,69,26,24,17,65" hai2="110,125,114,54,50,12,33,43,72,15,57,96,27" hai3="132,106,44,81,70,135,91,102,23,36,8,42,49"/><T82/><D107/><U64/><E130/><V9/><F114/><W35/><G35/><T63/><D7/><U127/><E127/><V78/><F110/><W80/><G70/><T95/><D13/><N who="1" m="7351" /><E69/><V1/><F125/><W73/><G8/><T67/><D95/><U19/><E30/><V112/><F1/><W32/><G32/><T113/><D113/><U16/><E53/><V34/><F43/><W86/><G36/><N who="0" m="13899" /><D67/><N who="1" m="25675" /><E62/><V97/><F15/><W46/><G46/><T38/><N who="0" m="13907" /><T134/><DORA hai="48" /><D134/><N who="3" m="51241" /><G23/><T0/><D0/><U83/><E92/><V29/><F34/><W120/><G73/><T115/><D115/><U45/><E45/><V18/><REACH who="2" step="1"/><F112/><REACH who="2" ten="250,250,240,250" step="2"/><W88/><G120/><T77/><D111/><U6/><E6/><V84/><F84/><AGARI ba="0,1" hai="61,63,75,77,82,84,89,93,128,129,131" m="13907" machi="84" ten="50,2400,0" yaku="19,1" doraHai="22,48" who="0" fromWho="2" sc="250,34,250,0,240,-24,250,0" />
</Scene>
<Scene>
<INIT seed="0,1,0,4,2,95" ten="284,250,216,250" oya="0" hai0="17,123,100,43,20,35,84,97,3,56,29,109,62" hai1="10,14,45,18,112,49,75,16,102,63,73,21,87" hai2="124,53,92,116,2,90,85,99,69,122,47,135,101" hai3="105,110,131,98,106,5,133,83,22,26,19,15,41"/><T39/><D123/><U120/><E112/><V66/><F122/><W33/><G110/><T24/><D3/><U7/><E120/><V60/><F124/><W27/><G133/><T74/><D74/><U108/><E108/><V59/><F135/><W126/><G126/><T36/><D109/><U44/><E44/><V107/><F2/><W82/><G131/><T134/><D84/><U127/><E127/><V88/><F116/><W30/><G41/><T25/><D43/><U89/><E63/><V13/><F13/><W51/><G51/><T104/><REACH who="0" step="1"/><D134/><REACH who="0" ten="274,250,216,250" step="2"/><U77/><E73/><V58/><F90/><W34/><G83/><T96/><D96/><U11/><E75/><V23/><REACH who="2" step="1"/><F23/><REACH who="2" ten="274,250,206,250" step="2"/><W71/><G22/><T117/><D117/><U103/><E89/><V46/><F46/><W9/><G82/><T132/><D132/><U72/><E21/><V128/><F128/><W79/><G34/><T40/><D40/><N who="1" m="24743" /><E72/><V70/><F70/><W67/><G71/><T52/><AGARI ba="1,2" hai="17,20,24,25,29,35,36,39,52,56,62,97,100,104" machi="52" ten="20,18000,2" yaku="1,1,0,1,7,1,52,1,54,1,53,1" doraHai="95" doraHaiUra="28" who="0" fromWho="0" sc="274,203,250,-61,206,-61,250,-61" />
</Scene>
<Scene>
<INIT seed="0,2,0,5,4,99" ten="477,189,145,189" oya="0" hai0="128,90,48,92,88,85,63,118,46,76,45,95,22" hai1="36,122,89,87,110,38,133,104,52,94,120,72,51" hai2="21,61,65,83,125,43,105,37,107,15,84,103,117" hai3="30,6,41,50,78,59,127,102,18,66,32,113,12"/><T44/><D118/><U23/><E104/><V129/><F117/><W33/><G113/><T1/><D1/><U75/><E110/><V91/><F125/><W111/><G111/><T98/><D128/><U60/><E133/><V2/><F2/><W79/><G127/><T28/><D76/><U62/><E36/><V20/><F129/><W130/><G130/><T4/><D4/><U64/><E38/><V132/><F132/><W131/><G131/><T123/><D123/><U8/><E8/><V126/><F126/><W31/><G6/><T16/><D28/><U54/><E54/><V67/><F37/><W116/><G116/><T42/><D63/><U56/><E62/><V109/><F43/><W11/><G33/><T69/><D69/><U26/><E122/><V114/><F114/><W124/><G32/><T101/><D90/><U14/><E14/><AGARI ba="2,0" hai="14,16,22,42,44,45,46,48,85,88,92,95,98,101" machi="14" ten="30,12000,1" yaku="7,1,8,1,52,1,54,2" doraHai="99" who="0" fromWho="1" sc="477,126,189,-126,145,0,189,0" />
</Scene>
<Scene>
<INIT seed="0,3,0,0,0,13" ten="603,63,145,189" oya="0" hai0="2,43,1,105,113,91,36,57,101,53,11,67,63" hai1="127,126,45,110,118,99,77,17,8,128,109,74,15" hai2="47,68,78,35,19,117,114,61,51,34,52,33,125" hai3="46,38,123,58,70,60,130,21,93,62,23,81,107"/><T94/><D113/><U31/><E118/><V40/><F114/><W0/><G107/><T89/><D105/><U135/><E77/><V24/><F125/><N who="1" m="47625" /><E74/><V86/><F117/><W14/><G0/><T129/><D101/><U131/><E99/><V20/><F78/><W80/><G130/><N who="1" m="49706" /><E45/><V69/><REACH who="2" step="1"/><F86/><REACH who="2" ten="603,63,135,189" step="2"/><W88/><G123/><T133/><D129/><U122/><E122/><V84/><F84/><W5/><G80/><T90/><D94/><U29/><E135/><V75/><F75/><W26/><G81/><T65/><D133/><U64/><E64/><V28/><F28/><AGARI ba="3,1" hai="8,15,17,28,29,31,109,110" m="49706,47625" machi="28" ten="40,8000,1" yaku="18,1,19,1,34,2,52,1" doraHai="13" who="1" fromWho="2" sc="603,0,63,99,135,-89,189,0" />
</Scene>
<Scene>
<INIT seed="1,0,0,3,4,11" ten="603,162,46,189" oya="1" hai0="84,19,16,96,24,117,15,102,14,78,54,92,81" hai1="129,115,52,134,67,27,70,119,95,6,30,103,22" hai2="86,82,2,26,124,34,46,36,104,25,62,51,111" hai3="44,112,130,109,122,66,29,85,101,105,87,107,40"/><U50/><E119/><V20/><F111/><W106/><G122/><T100/><D117/><U75/><E75/><V128/><F124/><W23/><G112/><T74/><D102/><U7/><E115/><V48/><F2/><W83/><G109/><T58/><D74/><U41/><E134/><V73/><F73/><W123/><G123/><T68/><D68/><U53/><E129/><V89/><F104/><W35/><G35/><T116/><D116/><U59/><E41/><V63/><F36/><W71/><G130/><T57/><D24/><U72/><E72/><V38/><F38/><W132/><G132/><T76/><D78/><U39/><E39/><V69/><F128/><W61/><G101/><T33/><D33/><U108/><E108/><V88/><F69/><W113/><G113/><T9/><D54/><U4/><E70/><V28/><F89/><W10/><G29/><T91/><D100/><U21/><E21/><AGARI ba="0,0" hai="9,14,15,16,19,21,57,58,76,81,84,91,92,96" machi="21" ten="30,8000,1" yaku="7,1,8,1,52,2,54,1" doraHai="11" who="0" fromWho="1" sc="603,80,162,-80,46,0,189,0" />
</Scene>
<Scene>
<INIT seed="2,0,0,5,0,56" ten="683,82,46,189" oya="2" hai0="29,66,114,5,41,93,16,92,63,127,88,126,90" hai1="58,87,8,102,24,91,51,130,44,1,57,105,124" hai2="32,135,106,11,117,73,17,53,9,101,37,31,85" hai3="59,95,22,47,26,3,116,39,28,60,18,76,64"/><V35/><F73/><W71/><G116/><T65/><D114/><U128/><E124/><N who="0" m="47657" /><D5/><N who="1" m="1071" /><E24/><V55/><F37/><W123/><G123/><T83/><D29/><U33/><E33/><V14/><F85/><W21/><G3/><T27/><D41/><N who="1" m="24975" /><E102/><V89/><F101/><W13/><G76/><T48/><D48/><U30/><E30/><V52/><F106/><W23/><G95/><N who="0" m="36427" /><D83/><N who="1" m="49663" /><E105/><V81/><F31/><W120/><G120/><T109/><D109/><U111/><E111/><V75/><F117/><W40/><REACH who="3" step="1"/><G71/><REACH who="3" ten="683,82,46,179" step="2"/><N who="0" m="42431" /><D66/><U122/><E122/><V113/><F35/><AGARI ba="0,1" hai="13,18,21,22,23,26,28,35,39,40,47,59,60,64" machi="35" ten="30,3900,0" yaku="1,1,7,1,52,1,53,0" doraHai="56" doraHaiUra="131" who="3" fromWho="2" sc="683,0,82,0,46,-39,179,49" />
</Scene>
<Scene>
<INIT seed="3,0,0,0,2,37" ten="683,82,7,228" oya="3" hai0="119,99,30,106,60,0,21,93,68,133,83,69,134" hai1="63,4,90,86,121,11,107,78,116,58,135,54,125" hai2="52,43,34,59,51,84,115,18,22,108,118,88,9" hai3="128,67,16,47,41,19,31,49,10,123,33,32,97"/><W12/><G123/><T129/><D119/><U117/><E107/><V24/><F108/><W130/><G67/><T109/><D0/><U132/><E78/><V114/><F118/><N who="1" m="45673" /><E125/><V40/><F34/><W113/><G113/><N who="2" m="43017" /><F9/><W131/><G31/><T100/><D109/><U17/><E17/><N who="3" m="6730" /><G97/><T53/><D83/><N who="1" m="49503" /><E121/><V56/><F56/><W95/><G95/><T42/><D106/><U48/><E63/><V26/><F26/><W112/><G112/><T70/><D129/><U3/><AGARI ba="0,0" hai="3,4,11,48,54,58,132,135" m="49503,45673" machi="3" ten="30,1100,0" yaku="12,1" doraHai="37" who="1" fromWho="1" sc="683,-3,82,11,7,-3,228,-5" />
</Scene>
<Scene>
<INIT seed="4,0,0,3,3,113" ten="680,93,4,223" oya="0" hai0="107,7,132,17,72,34,119,116,3,48,49,21,23" hai1="80,5,25,93,111,22,71,8,122,56,78,43,38" hai2="97,64,79,44,67,75,104,52,109,19,11,82,103" hai3="14,121,33,105,29,85,28,55,101,41,2,131,65"/><T114/><D34/><U40/><E71/><V24/><F109/><W84/><G2/><T77/><D107/><U27/><E122/><V32/><F32/><W6/><G41/><T115/><D132/><U110/><E27/><V118/><F118/><N who="0" m="45098" /><D77/><U31/><E38/><V30/><F30/><W73/><G131/><T10/><D72/><U53/><E93/><V89/><F11/><W69/><G29/><T9/><D49/><U127/><E110/><V61/><F19/><W45/><G28/><T92/><D48/><U57/><E43/><V124/><F24/><W99/><G73/><T87/><D87/><N who="1" m="48535" /><E40/><V62/><F124/><W59/><G33/><T20/><D92/><U70/><E127/><V36/><F36/><W54/><G85/><T35/><D35/><U39/><E39/><V90/><F90/><W88/><G88/><T135/><D135/><U42/><E42/><V126/><F126/><W50/><G84/><T37/><D37/><U66/><E111/><V130/><F130/><W106/><G106/><T108/><D108/><U86/><E86/><V60/><F89/><W128/><G128/><T112/><D9/><U100/><E8/><V96/><F96/><W18/><G99/><T95/><D95/><U13/><E100/><V74/><F74/><W51/><G101/><T123/><D123/><U81/><E81/><V125/><F125/><W83/><G83/><T133/><D133/><U98/><E98/><V63/><N who="2" m="15360" /><DORA hai="134" /><V102/><F102/><W46/><G105/><T26/><AGARI ba="0,0" hai="3,7,10,17,20,21,23,26,112,114,115" m="45098" machi="26" ten="40,18000,2" yaku="15,1,34,2,52,3" doraHai="113,134" who="0" fromWho="0" sc="680,180,93,-60,4,-60,223,-60" owari="860,97.0,33,-37.0,-56,-56.0,163,-4.0" />
</Scene>
</mjloggm>