<mjloggm ver="2.3"><GO type="169" lobby="0"/><UN n0="%E5%A4%AA%E3%81%8F%E3%81%AA%E3%81%84%E3%81%8A" n1="%E3%81%86%E3%81%83%E3%83%BC%E3%81%A1%E3%82%83%E3%82%93" n2="%E5%B8%82%E5%B7%9D%E8%BF%B7%E7%A0%82" n3="%E6%96%91%E7%9B%AE%56" dan="18,18,16,17" rate="2280.24,2280.99,2178.99,2129.79" sx="M,M,F,M"/><TAIKYOKU oya="0"/>

<Scene>
<INIT seed="0,0,0,0,1,3" ten="250,250,250,250" oya="0" hai0="131,103,14,45,98,130,5,70,48,63,44,71,51" hai1="107,81,76,6,24,119,108,96,97,82,40,58,33" hai2="109,10,37,94,112,95,47,61,80,129,43,20,65" hai3="134,66,73,124,8,99,32,126,19,106,38,41,9"/><T69/><D63/><U86/><E119/><V118/><F112/><W102/><G73/><T57/><D57/><U128/><E128/><N who="0" m="49193" /><D51/><U22/><E33/><V4/><F129/><W117/><G32/><T92/><D48/><U104/><E40/><V113/><F113/><W49/><G117/><T7/><D14/><U28/><E108/><V64/><F118/><W29/><G29/><T75/><D75/><U67/><E107/><V0/><F109/><W78/><G38/><T122/><D122/><U127/><E104/><V121/><F121/><W18/><G66/><T83/><D83/><U110/><E110/><V17/><F80/><W12/><G49/><T125/><D125/><U79/><E127/><V114/><F114/><W60/><G60/><T39/><D39/><U13/><E58/><V50/><F37/><W133/><G41/><T100/><D103/><U31/><E67/><V132/><F132/><W93/><G124/><T77/><D77/><U25/><E81/><V1/><F1/><W36/><G126/><T15/><D15/><U68/><E68/><N who="0" m="17409" /><T42/><DORA hai="91" /><D42/><U52/><E79/><V34/><F64/><W11/><G36/><T21/><D21/><N who="1" m="15375" /><E52/><V115/><F115/><W89/><G78/><T53/><D53/><U62/><E62/><V74/><F74/><W88/><G12/><T46/><AGARI ba="0,0" hai="5,7,44,45,46,92,98,100" m="17409,49193" machi="46" ten="50,12000,1" yaku="19,1,52,3" doraHai="3,91" who="0" fromWho="0" sc="250,120,250,-40,250,-40,250,-40" />
</Scene>
<Scene>
<INIT seed="0,1,0,2,0,124" ten="370,210,210,210" oya="0" hai0="17,5,99,92,24,90,119,69,107,117,104,88,127" hai1="109,12,84,55,89,39,125,129,46,72,96,44,47" hai2="50,110,81,135,52,4,56,95,60,14,7,118,91" hai3="133,1,73,8,61,33,41,76,64,94,67,54,105"/><T108/><D69/><U63/><E72/><V82/><F118/><W65/><G105/><N who="0" m="40523" /><D5/><N who="2" m="2122" /><F110/><W115/><G33/><T62/><D62/><U114/><E125/><V121/><F121/><W38/><G115/><T93/><D17/><U43/><E109/><V3/><F3/><W22/><G22/><T103/><D24/><U45/><E114/><V29/><F29/><W34/><G34/><T80/><D127/><U128/><E96/><N who="2" m="57471" /><F135/><W49/><G1/><T75/><D108/><U32/><E12/><V106/><F106/><W116/><G8/><T102/><D119/><U97/><E97/><V26/><F26/><W131/><G116/><T40/><D40/><U59/><REACH who="1" step="1"/><E32/><REACH who="1" ten="370,200,210,210" step="2"/><V35/><F35/><W16/><G73/><T58/><D117/><U9/><E9/><V100/><F14/><W25/><G133/><T20/><D20/><U120/><E120/><V112/><F112/><W19/><G25/><T113/><D113/><U132/><E132/><V0/><F0/><W18/><G18/><T126/><D126/><U134/><E134/><V70/><F100/><W83/><G16/><T111/><D111/><U10/><E10/><V85/><F85/><W42/><G19/><T130/><D102/><U31/><E31/><V122/><F122/><W79/><G38/><T66/><D103/><U123/><E123/><V27/><F27/><W6/><G6/><T51/><D75/><U15/><E15/><V11/><F11/><W77/><G94/><AGARI ba="1,1" hai="39,43,44,45,46,47,55,59,63,84,89,94,128,129" machi="94" ten="40,8000,1" yaku="1,1,52,2,53,1" doraHai="124" doraHaiUra="86" who="1" fromWho="3" sc="370,0,200,93,210,0,210,-83" />
</Scene>
<Scene>
<INIT seed="1,0,0,5,3,105" ten="370,293,210,127" oya="1" hai0="121,128,30,103,71,68,97,66,61,102,67,10,59" hai1="127,91,75,11,87,83,123,133,34,24,119,28,8" hai2="19,1,45,84,2,46,107,32,49,50,89,131,16" hai3="88,114,5,7,120,135,37,6,86,58,111,78,115"/><U118/><E123/><V56/><F107/><W21/><G37/><T132/><D121/><U99/><E127/><V12/><F32/><W95/><G120/><T62/><D132/><U38/><E38/><V124/><F124/><W33/><G33/><T43/><D128/><U90/><E11/><V55/><F131/><W60/><G135/><T96/><D59/><U27/><E133/><V63/><F46/><W14/><G111/><T64/><D30/><U108/><E108/><V36/><F36/><W122/><G122/><T73/><D10/><U101/><E27/><V23/><F19/><W65/><REACH who="3" step="1"/><G78/><REACH who="3" ten="370,293,210,117" step="2"/><T4/><D68/><U54/><E34/><V26/><F26/><W80/><G80/><T22/><D71/><U39/><E24/><V94/><REACH who="2" step="1"/><F49/><REACH who="2" ten="370,293,200,117" step="2"/><W85/><G85/><T57/><D62/><U110/><E87/><V72/><F72/><W93/><G93/><T35/><D61/><U79/><E39/><V125/><F125/><W44/><G44/><T69/><D73/><U100/><E110/><V81/><F81/><W9/><G9/><T40/><D69/><U129/><E8/><V76/><F76/><W104/><G104/><T112/><D57/><U92/><E129/><V13/><F13/><W17/><AGARI ba="0,2" hai="5,6,7,14,17,21,58,60,65,86,88,95,114,115" machi="17" ten="30,4000,0" yaku="1,1,0,1,54,1,53,0" doraHai="105" doraHaiUra="48" who="3" fromWho="3" sc="370,-10,293,-20,200,-10,117,60" />
</Scene>
<Scene>
<INIT seed="2,0,0,5,5,134" ten="360,273,190,177" oya="2" hai0="114,126,29,13,5,3,24,105,28,18,34,86,59" hai1="54,67,110,98,74,35,47,17,87,100,61,111,79" hai2="83,113,66,21,69,10,101,84,63,108,53,46,90" hai3="109,89,104,42,15,125,115,16,95,33,56,55,130"/><V19/><F113/><W122/><G104/><T31/><D105/><U71/><E35/><V68/><F108/><W45/><G33/><T131/><D114/><U48/><E87/><V80/><F101/><W14/><G115/><T58/><D86/><U25/><E25/><V49/><F10/><W65/><G122/><T76/><D76/><U6/><E6/><V119/><F119/><W41/><G109/><T62/><D58/><U128/><E128/><V39/><F39/><W36/><G130/><T12/><D12/><U103/><E103/><V7/><F7/><W120/><G120/><T60/><D60/><U0/><E17/><V121/><F121/><W22/><G65/><T43/><D43/><U72/><E0/><V117/><F117/><W50/><G41/><T118/><D131/><U9/><E9/><V91/><F68/><W116/><G116/><T75/><D75/><U26/><E72/><V51/><F51/><W129/><G129/><T124/><D118/><U2/><E2/><V85/><F19/><W37/><G125/><N who="0" m="48235" /><D5/><U44/><E111/><V77/><REACH who="2" step="1"/><F21/><REACH who="2" ten="360,273,180,177" step="2"/><W123/><G123/><T70/><D70/><U102/><E71/><V92/><F92/><W133/><G133/><T107/><D107/><U135/><E135/><V132/><F132/><W8/><G8/><N who="0" m="6439" /><D3/><U99/><E110/><V81/><F81/><W52/><G14/><T73/><D73/><U40/><E74/><V57/><F57/><W112/><G112/><T4/><D4/><U30/><E61/><V64/><F64/><AGARI ba="0,1" hai="24,28,29,31,34,59,62,64" m="6439,48235" machi="64" ten="30,7700,0" yaku="18,1,52,3" doraHai="134" who="0" fromWho="2" sc="360,87,273,0,180,-77,177,0" />
</Scene>
<Scene>
<INIT seed="3,0,0,3,2,41" ten="447,273,103,177" oya="3" hai0="28,66,24,58,7,98,48,116,74,110,135,36,129" hai1="44,47,105,27,75,68,131,123,39,118,124,70,34" hai2="120,17,18,42,101,23,127,100,33,77,9,122,117" hai3="0,119,106,64,86,92,91,62,20,19,115,132,112"/><W60/><G119/><T16/><D36/><U3/><E27/><V5/><F5/><W125/><G106/><T88/><D74/><U83/><E83/><V53/><F53/><W65/><G0/><T71/><D116/><U31/><E31/><V121/><F121/><W128/><G128/><T51/><D71/><U12/><E12/><V82/><F82/><W29/><G29/><T84/><D7/><U2/><E47/><V133/><F133/><W8/><G8/><T85/><D110/><U26/><E44/><V43/><F43/><W111/><G125/><T54/><D135/><U45/><E45/><V49/><F49/><W113/><G111/><T80/><D129/><U30/><E26/><V103/><F103/><W76/><G76/><N who="0" m="46087" /><D98/><U15/><E68/><V114/><F114/><W52/><G132/><T21/><D66/><U38/><E38/><V78/><F78/><W6/><G6/><T55/><D28/><U96/><E2/><V130/><F130/><W37/><G37/><T90/><D85/><U14/><E3/><V1/><F1/><W59/><REACH who="3" step="1"/><G60/><REACH who="3" ten="447,273,103,167" step="2"/><T93/><D16/><U35/><E118/><V109/><F109/><W134/><G134/><T99/><D51/><U72/><E39/><V79/><F79/><W50/><G50/><T108/><D108/><U95/><E131/><V69/><F69/><W32/><G32/><T4/><D4/><U25/><E70/><V10/><F10/><W81/><G81/><T104/><D104/><U46/><E105/><V94/><F94/><W89/><G89/><T40/><D90/><U87/><E95/><RYUUKYOKU ba="0,1" sc="447,-10,273,-10,103,-10,167,30" hai3="19,20,52,59,62,64,65,86,91,92,112,113,115" />
</Scene>
<Scene>
<INIT seed="3,1,1,2,2,10" ten="437,263,93,197" oya="3" hai0="50,85,23,75,81,84,74,4,101,123,135,40,108" hai1="124,7,25,72,131,62,126,68,19,16,130,69,119" hai2="60,46,110,67,103,0,41,54,134,91,38,105,55" hai3="78,88,77,104,5,111,29,43,53,31,39,26,128"/><W34/><G104/><T6/><D123/><U8/><E72/><V71/><F71/><W58/><G128/><N who="1" m="49194" /><E119/><V83/><F83/><W95/><G111/><T82/><D101/><U45/><E45/><V129/><F129/><W65/><G65/><T98/><D98/><U42/><E42/><V52/><F110/><W49/><G29/><T20/><D40/><U118/><E118/><V27/><F27/><W102/><G102/><T133/><D50/><U28/><E62/><V17/><F17/><N who="1" m="6729" /><E68/><V36/><F36/><W64/><G64/><T73/><D73/><U15/><E69/><V59/><F59/><W114/><G114/><T70/><D70/><U90/><E90/><V87/><F87/><W63/><G39/><T47/><D47/><U127/><E127/><V79/><F79/><W113/><G113/><T9/><D9/><U116/><E116/><V57/><F57/><W35/><G35/><AGARI ba="1,1" hai="7,8,15,25,28,35,124,126" m="6729,49194" machi="35" ten="30,8000,1" yaku="19,1,34,2,52,1,54,1" doraHai="10" who="1" fromWho="3" sc="437,0,263,93,93,0,197,-83" />
</Scene>
<Scene>
<INIT seed="4,0,0,1,0,77" ten="437,356,93,114" oya="0" hai0="64,79,0,26,30,22,5,63,117,92,130,24,124" hai1="48,60,114,53,51,106,6,11,8,38,134,108,3" hai2="2,115,35,112,70,76,118,50,132,59,72,20,100" hai3="37,46,122,34,129,40,54,116,41,14,10,42,23"/><T111/><D117/><U1/><E134/><V68/><F68/><W39/><G116/><T19/><D124/><U78/><E106/><V107/><F107/><W36/><G34/><T127/><D127/><U125/><E38/><V123/><F123/><W113/><G113/><T81/><D130/><U47/><E125/><V102/><F102/><W131/><G122/><T120/><D120/><U25/><E114/><V12/><F12/><W121/><G23/><T4/><D92/><U66/><E78/><V13/><F13/><W101/><G101/><T104/><D104/><U83/><E83/><V16/><F118/><W49/><REACH who="3" step="1"/><G121/><REACH who="3" ten="437,356,93,104" step="2"/><T99/><D22/><U91/><E108/><V33/><F33/><W93/><G93/><T27/><D111/><U15/><E8/><V56/><F35/><W74/><G74/><T55/><D30/><U90/><E25/><V29/><F20/><W87/><G87/><T61/><D26/><U119/><E119/><V88/><F72/><W80/><G80/><T73/><D24/><U105/><E105/><V21/><F21/><W128/><G128/><T18/><D27/><U98/><E98/><V95/><F95/><W32/><G32/><T17/><D99/><U103/><E11/><V97/><F97/><W82/><G82/><T86/><D73/><U28/><E28/><V71/><F115/><W62/><G62/><T31/><D31/><U45/><E60/><V133/><F112/><W126/><G126/><T94/><D94/><U7/><E3/><V84/><F84/><W135/><G135/><T57/><D0/><U52/><E1/><RYUUKYOKU ba="0,1" sc="437,15,356,-15,93,-15,104,15" hai0="4,5,17,18,19,55,57,61,63,64,79,81,86" hai3="10,14,36,37,39,40,41,42,46,49,54,129,131" />
</Scene>
<Scene>
<INIT seed="4,1,1,3,0,90" ten="452,341,78,119" oya="0" hai0="0,26,113,119,129,71,58,49,24,54,103,86,60" hai1="134,53,46,25,21,61,56,31,127,91,27,75,70" hai2="112,51,12,34,14,84,92,83,15,95,47,13,16" hai3="108,10,128,8,45,2,132,111,80,116,114,115,126"/><T66/><D119/><U48/><E127/><V110/><F110/><W81/><G45/><T133/><D0/><U11/><E134/><V7/><F7/><W96/><G96/><T43/><D133/><U130/><E130/><V105/><F105/><W38/><G132/><T20/><D129/><U89/><E75/><V102/><F102/><W76/><G128/><T88/><D113/><N who="3" m="43017" /><G38/><T99/><D20/><U30/><E11/><N who="3" m="4138" /><G2/><T36/><D43/><U77/><E77/><N who="2" m="46191" /><F112/><W107/><G107/><T74/><D36/><U35/><REACH who="1" step="1"/><E70/><REACH who="1" ten="452,331,78,119" step="2"/><V6/><F6/><W118/><G126/><T44/><D74/><U23/><E23/><N who="2" m="11655" /><F34/><W32/><G32/><T1/><D71/><U9/><E9/><V62/><F62/><W93/><G76/><T85/><D1/><U17/><E17/><V73/><F73/><W22/><G22/><T42/><D60/><U125/><E125/><V37/><F37/><W3/><G3/><T68/><D68/><U135/><E135/><V106/><F106/><W50/><G116/><T57/><D49/><U72/><E72/><V4/><F4/><W55/><G118/><T39/><D39/><U69/><E69/><V104/><F104/><W100/><G108/><T29/><D29/><U121/><E121/><V117/><F117/><W101/><G111/><T5/><D5/><U40/><AGARI ba="1,2" hai="21,25,27,30,31,35,40,46,48,53,56,61,89,91" machi="40" ten="20,2700,0" yaku="1,1,0,1,7,1,53,0" doraHai="90" doraHaiUra="63" who="1" fromWho="1" sc="452,-14,331,50,78,-8,119,-8" />
</Scene>
<Scene>
<INIT seed="5,0,0,1,4,118" ten="438,381,70,111" oya="1" hai0="120,126,22,9,132,97,117,69,4,77,67,8,122" hai1="90,74,68,92,119,63,104,5,86,135,41,39,52" hai2="3,0,64,84,20,54,25,91,19,26,33,100,73" hai3="134,11,81,70,94,125,13,2,65,102,35,127,47"/><U48/><E119/><V42/><F73/><W49/><G35/><T28/><D117/><U115/><E135/><V21/><F33/><W71/><G2/><T93/><D132/><U24/><E104/><V106/><F42/><N who="3" m="24823" /><G65/><T75/><D126/><N who="3" m="48137" /><G81/><N who="0" m="45247" /><D67/><U46/><E115/><V112/><F112/><W59/><G59/><T128/><D69/><U60/><E74/><V116/><F116/><W62/><G62/><T98/><D128/><U27/><E5/><V34/><F34/><W105/><G105/><T78/><D78/><U12/><E12/><V129/><F64/><W83/><G83/><T101/><D4/><U72/><E72/><V79/><F129/><W113/><G113/><T45/><D45/><U15/><E15/><V37/><F37/><W89/><G102/><N who="0" m="60719" /><D22/><U133/><E133/><V6/><F6/><W121/><G134/><T108/><D28/><U111/><E68/><V43/><F43/><W95/><G95/><N who="0" m="58591" /><D108/><U87/><E111/><V50/><F79/><W58/><G58/><T110/><D110/><U109/><E109/><V36/><F36/><W7/><G70/><T32/><D32/><U1/><E1/><V23/><F23/><W131/><G131/><T99/><D99/><N who="1" m="57751" /><E39/><V114/><F114/><W29/><G29/><T85/><D85/><N who="1" m="32267" /><E41/><V10/><F54/><W51/><G51/><T53/><D53/><U31/><E31/><V76/><F0/><W30/><G30/><T130/><D130/><U124/><E124/><V80/><F3/><W82/><G71/><T107/><D107/><U103/><E60/><V18/><F106/><W66/><G7/><RYUUKYOKU ba="0,0" sc="438,30,381,-10,70,-10,111,-10" hai0="8,9,120,122" />
</Scene>
<Scene>
<INIT seed="6,1,0,4,3,11" ten="468,371,60,101" oya="2" hai0="78,95,32,44,119,102,53,38,110,29,101,88,47" hai1="60,85,91,90,107,118,45,76,9,46,8,71,2" hai2="132,89,65,111,25,68,62,36,122,40,97,24,70" hai3="93,1,106,84,57,61,63,42,128,49,41,21,37"/><V73/><F122/><W116/><G116/><T31/><D110/><U59/><E107/><V86/><F111/><W83/><G106/><T123/><D123/><U133/><E71/><V20/><F73/><W7/><G37/><T39/><D78/><U75/><E75/><V72/><F72/><W131/><G93/><T120/><D120/><U135/><E118/><V15/><F132/><W80/><G80/><T77/><D77/><U124/><E76/><V105/><F36/><W69/><G69/><T99/><D119/><U26/><E26/><V18/><F40/><N who="3" m="15467" /><G49/><T33/><D53/><U17/><E17/><V100/><REACH who="2" step="1"/><F68/><REACH who="2" ten="468,371,50,101" step="2"/><W50/><G131/><T87/><D39/><U19/><E135/><V54/><F54/><N who="3" m="31959" /><G128/><T126/><D38/><U94/><E133/><V55/><F55/><W48/><G48/><T112/><D126/><U109/><E124/><V115/><F115/><W96/><G61/><T35/><D112/><U129/><E60/><V113/><F113/><W125/><G125/><T12/><D47/><U13/><E109/><V28/><F28/><W98/><G63/><T3/><D44/><U114/><E114/><V66/><F66/><W117/><G117/><T108/><D108/><U134/><E134/><V130/><F130/><W43/><G43/><T127/><D127/><U81/><E129/><V22/><F22/><W23/><G23/><T104/><D31/><U64/><E46/><V10/><F10/><N who="3" m="2415" /><G21/><T79/><D29/><U27/><E45/><V121/><F121/><W56/><G56/><T74/><D74/><U92/><E59/><V16/><F16/><RYUUKYOKU ba="1,1" sc="468,-15,371,-15,50,15,101,15" hai2="15,18,20,24,25,62,65,70,86,89,97,100,105" hai3="83,84,96,98" />
</Scene>
<Scene>
<INIT seed="6,2,1,5,3,23" ten="453,356,65,116" oya="2" hai0="9,46,90,44,87,79,56,60,66,77,51,41,99" hai1="18,47,33,12,89,125,19,85,34,11,121,15,17" hai2="32,52,95,31,78,69,22,53,25,64,118,55,38" hai3="30,131,116,13,70,83,1,63,59,8,62,74,7"/><V35/><F118/><W127/><G116/><T5/><D99/><U20/><E125/><V29/><F38/><W119/><G119/><T21/><D46/><U0/><E121/><V98/><F78/><W132/><G127/><T88/><D21/><U126/><E126/><V49/><F49/><W108/><G108/><T91/><REACH who="0" step="1"/><D87/><REACH who="0" ten="443,356,65,116" step="2"/><U106/><E106/><V50/><F50/><W72/><G72/><T112/><D112/><U120/><E120/><V130/><F130/><W45/><G45/><T61/><D61/><U133/><E47/><V109/><F109/><W101/><G131/><T104/><D104/><U48/><E48/><V40/><F40/><W42/><G42/><T107/><D107/><U100/><E100/><V26/><F22/><W96/><G96/><T75/><D75/><U115/><E115/><V27/><F27/><W135/><G101/><T81/><D81/><U117/><E117/><V3/><F3/><AGARI ba="2,2" hai="3,5,9,41,44,51,56,60,66,77,79,88,90,91" machi="3" ten="40,5200,0" yaku="1,1,54,1,53,1" doraHai="23" doraHaiUra="58" who="0" fromWho="2" sc="443,78,356,0,65,-58,116,0" />
</Scene>
<Scene>
<INIT seed="7,0,0,0,4,34" ten="521,356,7,116" oya="3" hai0="21,24,127,38,134,71,114,67,62,53,42,19,39" hai1="65,113,13,131,47,18,20,111,92,116,84,125,100" hai2="59,98,32,64,122,11,75,48,107,90,6,103,33" hai3="76,121,105,77,58,63,30,119,2,9,72,5,60"/><W46/><G105/><T104/><D53/><U89/><E113/><V10/><F10/><W74/><G121/><T41/><D19/><U56/><E116/><V132/><F132/><W15/><G119/><T44/><D21/><U86/><E125/><V99/><F99/><W61/><G58/><T73/><D24/><U12/><E131/><V14/><F14/><W124/><G124/><T94/><D42/><U7/><E111/><V25/><F25/><W110/><G110/><T128/><D94/><U78/><E47/><V106/><F106/><W81/><G46/><T126/><D62/><U45/><E45/><V115/><F115/><W109/><G30/><T17/><D17/><U55/><E65/><V93/><F93/><W69/><G109/><T133/><D104/><U96/><E78/><V87/><F87/><W29/><G29/><T37/><D114/><U95/><E84/><V16/><F122/><W23/><G23/><T22/><D22/><U68/><E68/><V52/><F107/><W129/><G129/><T117/><D128/><U108/><E108/><V26/><F26/><W118/><G118/><T35/><D117/><U54/><E56/><V28/><F28/><W36/><G36/><T43/><D38/><U88/><E100/><V97/><F97/><W40/><G40/><T135/><D43/><U49/><E49/><V8/><F8/><AGARI ba="0,0" hai="7,8,12,13,18,20,54,55,86,88,89,92,95,96" machi="8" ten="40,2600,0" yaku="8,1,54,1" doraHai="34" who="1" fromWho="2" sc="521,0,356,26,7,-26,116,0" owari="521,62.0,382,18.0,-19,-52.0,116,-28.0" />
</Scene>
</mjloggm>