<mjloggm ver="2.3"><GO type="169" lobby="0"/><UN n0="%67%6F%75%73%69" n1="%E3%82%A2%E3%83%95%E3%83%AA%E3%82%AB" n2="%E5%A4%AA%E3%81%8F%E3%81%AA%E3%81%84%E3%81%8A" n3="%E9%87%98%E5%AE%AE%E7%97%85%E6%82%A3%E8%80%85" dan="17,16,18,17" rate="2153.44,2112.62,2260.09,2199.60" sx="M,M,M,F"/><TAIKYOKU oya="0"/>

<Scene>
<INIT seed="0,0,0,3,1,103" ten="250,250,250,250" oya="0" hai0="65,69,86,81,28,53,88,117,70,113,74,75,46" hai1="56,14,77,96,3,1,107,32,52,29,27,31,2" hai2="17,100,15,87,92,110,112,49,30,76,121,114,95" hai3="47,97,104,42,123,109,60,134,73,125,37,43,90"/><T79/><D117/><U18/><E77/><V63/><F121/><W115/><G90/><T111/><D113/><U108/><E31/><V10/><F110/><W83/><G43/><T34/><D34/><U127/><E108/><V45/><F30/><W120/><G60/><T131/><D28/><U91/><E127/><V55/><F112/><W116/><G83/><T33/><D33/><U9/><E91/><V102/><F114/><W126/><G97/><T23/><D131/><U128/><E128/><V129/><F129/><W26/><G26/><T66/><D23/><U20/><E96/><V62/><F100/><W44/><G44/><T25/><D25/><U85/><E85/><V24/><F24/><W22/><G22/><T135/><D135/><U80/><E80/><N who="2" m="47495" /><F102/><W8/><G8/><T7/><D111/><U4/><E107/><V84/><F92/><W130/><G47/><T36/><D7/><U51/><AGARI ba="0,0" hai="1,2,3,4,9,14,18,20,27,29,32,51,52,56" machi="51" ten="20,8000,1" yaku="0,1,7,1,24,2,54,1" doraHai="103" who="1" fromWho="1" sc="250,-40,250,80,250,-20,250,-20" />
</Scene>
<Scene>
<INIT seed="1,0,0,2,5,70" ten="210,330,230,230" oya="1" hai0="6,120,124,5,10,134,52,31,86,24,130,41,62" hai1="18,34,133,78,129,112,132,122,89,23,14,8,67" hai2="22,68,91,1,76,65,48,39,80,21,44,29,104" hai3="66,56,111,109,51,113,43,73,92,128,126,53,59"/><U94/><E78/><V106/><F1/><W75/><G92/><T61/><D120/><U117/><E122/><V63/><F91/><W87/><G87/><T11/><D41/><U47/><E34/><V37/><F106/><W108/><G113/><T9/><D130/><U54/><E112/><V115/><F104/><W40/><G128/><T74/><D74/><N who="3" m="28169" /><G126/><T118/><D124/><U20/><E67/><V127/><F127/><W15/><G15/><T95/><D134/><N who="1" m="51819" /><E117/><V4/><F4/><W110/><N who="3" m="27648" /><DORA hai="17" /><W25/><G25/><T90/><D118/><U58/><E47/><V85/><F115/><W81/><G81/><T3/><D3/><U123/><E123/><V114/><F114/><W50/><G66/><T27/><D27/><U107/><E107/><V101/><F101/><W64/><G64/><T131/><D131/><U49/><E129/><V0/><F0/><W30/><G30/><T105/><D105/><U88/><E89/><V7/><F7/><W121/><G121/><T82/><D5/><U57/><E57/><N who="3" m="22090" /><G53/><T2/><D2/><U72/><E72/><V19/><F29/><W93/><G93/><T125/><D6/><U60/><E49/><AGARI ba="0,0" hai="40,43,49,50,51" m="22090,27648,28169" machi="49" ten="60,7700,0" yaku="28,2,14,1" doraHai="70,17" who="3" fromWho="1" sc="210,0,330,-77,230,0,230,77" />
</Scene>
<Scene>
<INIT seed="2,0,0,3,0,9" ten="210,253,230,307" oya="2" hai0="47,115,59,63,64,56,107,14,13,119,24,104,129" hai1="120,75,69,83,85,65,61,126,108,5,18,101,21" hai2="0,42,28,80,70,58,38,114,131,22,10,134,95" hai3="39,111,98,97,57,117,79,76,81,73,4,35,3"/><V92/><F70/><W68/><G57/><T23/><D115/><U112/><E112/><V87/><F114/><W16/><G117/><T49/><D119/><U123/><E75/><V15/><F0/><W124/><G68/><T121/><D121/><U1/><E101/><V78/><F134/><W128/><G35/><T11/><D129/><U71/><E71/><V52/><F131/><W54/><G128/><T84/><D104/><U26/><E126/><V67/><F67/><W8/><G124/><T17/><D107/><U102/><E102/><V51/><F38/><W132/><G132/><T116/><D116/><U12/><E1/><V125/><F125/><W29/><G29/><T66/><D84/><U62/><E62/><V82/><F42/><W40/><G54/><N who="0" m="30015" /><D11/><U50/><E50/><V34/><F34/><W100/><G79/><T48/><D64/><U43/><E43/><V103/><F103/><W90/><G90/><T20/><D23/><U118/><E118/><V94/><F80/><W91/><G91/><T55/><AGARI ba="0,0" hai="13,14,17,20,24,48,55,56,59,63,66" m="30015" machi="55" ten="30,4000,0" yaku="8,1,52,2" doraHai="9" who="0" fromWho="0" sc="210,40,253,-10,230,-20,307,-10" />
</Scene>
<Scene>
<INIT seed="3,0,0,1,5,35" ten="250,243,210,297" oya="3" hai0="27,73,113,115,31,99,128,117,54,43,60,1,96" hai1="102,9,49,131,41,91,8,83,0,129,106,53,79" hai2="11,92,98,71,20,111,32,22,100,74,17,78,132" hai3="7,77,40,120,124,12,38,133,76,101,130,24,42"/><W84/><G120/><T70/><D73/><U105/><E41/><V37/><F32/><W94/><G130/><N who="1" m="49674" /><E91/><V65/><F37/><W23/><G133/><T58/><D128/><U39/><E39/><V57/><F71/><W134/><G134/><T28/><D117/><U16/><E102/><V118/><F132/><W46/><G124/><T62/><D43/><U56/><E9/><V119/><F111/><W64/><G64/><T80/><D80/><U63/><E63/><V107/><F11/><W61/><G61/><T30/><D27/><U14/><E0/><V5/><F100/><W112/><G112/><N who="0" m="43083" /><D1/><U13/><E13/><V69/><F118/><W4/><G40/><T126/><D126/><U67/><E67/><AGARI ba="0,0" hai="28,30,31,54,58,60,62,67,70,96,99" m="43083" machi="67" ten="30,1000,0" yaku="11,1" doraHai="35" who="0" fromWho="1" sc="250,10,243,-10,210,0,297,0" />
</Scene>
<Scene>
<INIT seed="4,0,0,2,2,66" ten="260,233,210,297" oya="0" hai0="57,109,85,26,76,94,52,111,39,10,60,21,106" hai1="17,75,135,18,58,127,45,11,93,38,130,81,33" hai2="108,86,2,14,77,62,53,47,119,28,101,37,22" hai3="99,12,63,79,121,3,34,131,112,92,20,51,15"/><T74/><D106/><U97/><E33/><V1/><F108/><W107/><G107/><T42/><D74/><U87/><E75/><V8/><F101/><W43/><G34/><T30/><D10/><U132/><E130/><V114/><F114/><W126/><G3/><T98/><D39/><U124/><E58/><V5/><F119/><W89/><G121/><T103/><REACH who="0" step="1"/><D42/><REACH who="0" ten="250,233,210,297" step="2"/><N who="1" m="22743" /><E11/><V44/><F37/><W13/><G131/><T123/><D123/><U36/><E36/><V83/><F1/><W78/><G112/><T117/><D117/><U41/><E41/><V69/><F2/><W88/><G43/><T116/><D116/><U110/><E110/><V49/><F8/><W80/><G126/><N who="1" m="48170" /><E135/><V16/><F5/><W56/><G51/><T100/><D100/><N who="1" m="60463" /><E132/><V102/><F102/><W35/><G35/><T31/><D31/><U90/><AGARI ba="0,1" hai="17,18,81,87,90" m="60463,48170,22743" machi="90" ten="30,1100,0" yaku="18,1" doraHai="66" who="1" fromWho="1" sc="250,-5,233,21,210,-3,297,-3" />
</Scene>
<Scene>
<INIT seed="5,0,0,1,2,4" ten="245,254,207,294" oya="1" hai0="112,134,16,102,25,66,45,125,10,93,26,34,83" hai1="37,53,74,13,49,76,111,21,133,96,39,6,52" hai2="5,114,113,126,18,118,82,72,106,109,54,104,11" hai3="120,23,85,7,17,48,77,12,87,0,127,116,33"/><U2/><E111/><V50/><F118/><W24/><G120/><T92/><D34/><U117/><E117/><V100/><F109/><W91/><G116/><T90/><D112/><N who="2" m="43114" /><F126/><W79/><G127/><T80/><D125/><U40/><E2/><N who="2" m="439" /><F100/><W62/><G62/><T115/><D66/><U75/><E133/><V3/><F3/><W43/><G43/><T65/><D65/><U73/><E76/><N who="2" m="44295" /><F18/><W86/><G91/><T28/><D134/><U97/><E21/><V46/><AGARI ba="0,0" hai="46,50,54,104,106" m="44295,439,43114" machi="46" ten="30,4000,0" yaku="15,1,11,1,52,1" doraHai="4" who="2" fromWho="2" sc="245,-10,254,-20,207,40,294,-10" />
</Scene>
<Scene>
<INIT seed="6,0,0,0,5,128" ten="235,234,247,284" oya="2" hai0="53,101,113,24,74,85,2,96,105,12,129,31,50" hai1="111,59,38,72,103,51,120,46,82,88,20,106,75" hai2="64,100,127,41,122,83,81,23,39,55,121,92,87" hai3="8,90,93,49,35,0,66,107,110,22,134,61,33"/><V11/><F64/><W58/><G107/><T56/><D2/><U13/><E38/><V102/><F39/><W54/><G110/><T78/><D113/><U45/><E111/><V14/><F41/><W91/><G134/><T32/><D129/><U4/><E120/><V30/><F127/><W132/><G132/><T130/><D130/><U80/><E103/><N who="2" m="39467" /><F122/><W131/><G131/><T26/><D74/><U95/><E106/><V37/><F37/><W48/><G22/><T116/><D116/><U123/><E123/><V109/><F109/><W94/><G0/><T42/><D42/><U17/><E4/><N who="2" m="3431" /><F121/><W18/><G35/><T1/><D1/><U70/><E70/><V15/><F55/><W124/><G33/><T57/><D32/><U99/><E75/><V67/><F67/><W125/><G125/><T76/><D31/><U97/><E97/><V3/><F3/><W117/><G117/><T16/><D105/><U9/><E72/><V115/><F115/><W10/><G124/><T28/><D28/><U68/><E68/><V25/><F15/><W34/><G34/><T86/><D96/><U118/><E118/><V7/><F7/><W27/><G66/><T114/><D114/><U44/><E9/><V19/><F30/><W126/><G126/><T60/><D101/><U63/><E51/><V77/><F92/><W29/><G29/><T43/><D43/><U21/><E21/><V133/><F133/><W71/><G71/><T135/><D135/><U47/><N who="1" m="11264" /><DORA hai="36" /><U65/><AGARI ba="0,0" hai="13,17,20,59,63,65,80,82,88,95,99" m="11264" machi="65" ten="40,8000,1" yaku="4,1,0,1,8,1,54,1" doraHai="128,36" who="1" fromWho="1" sc="235,-20,234,80,247,-40,284,-20" />
</Scene>
<Scene>
<INIT seed="7,0,0,2,2,135" ten="215,314,207,264" oya="3" hai0="129,116,64,7,103,91,30,49,109,93,82,117,122" hai1="13,83,32,29,56,22,24,75,84,19,38,50,104" hai2="97,132,113,51,128,21,86,63,33,73,15,90,67" hai3="52,94,80,35,102,47,119,134,58,78,9,62,107"/><W6/><G107/><T131/><D122/><U69/><E104/><V10/><F33/><W72/><G35/><T25/><D109/><U74/><E38/><V14/><F73/><W2/><G119/><T0/><D103/><U70/><E74/><V26/><F132/><W5/><G5/><T87/><D64/><U96/><E96/><V99/><F113/><W68/><G134/><T81/><D49/><U126/><E75/><V112/><F128/><N who="0" m="49226" /><D7/><U37/><E37/><V8/><F112/><W28/><G28/><T4/><D4/><U46/><E56/><N who="2" m="37351" /><F51/><W48/><G68/><T130/><N who="0" m="49234" /><T98/><DORA hai="55" /><D0/><U59/><E59/><V65/><F65/><W18/><G102/><N who="0" m="60751" /><D82/><U111/><E111/><V53/><F53/><W120/><G120/><T44/><D44/><U105/><E105/><V71/><F71/><W123/><G123/><T57/><D57/><U115/><E115/><V121/><F121/><W40/><G94/><T11/><D11/><N who="2" m="4138" /><F99/><W127/><G18/><T45/><D45/><U61/><E61/><V41/><F97/><W114/><G114/><T77/><D91/><N who="1" m="51615" /><E70/><V54/><F41/><W110/><G110/><T34/><AGARI ba="0,0" hai="25,30,34,77,81,87,116,117" m="60751,49234" machi="34" ten="40,1500,0" yaku="19,1" doraHai="135,55" who="0" fromWho="0" sc="215,15,314,-4,207,-4,264,-7" owari="230,-17.0,310,41.0,203,-30.0,257,6.0" />
</Scene>
</mjloggm>