<mjloggm ver="2.3"><GO type="169" lobby="0"/><UN n0="%E5%BB%83%E4%BA%BA%E9%81%94%E9%9B%86%E5%90%88" n1="%4D%4A%5B%53%61%74%6F%5D" n2="%E3%83%AD%E3%83%83%E3%83%86%E9%9B%80%E7%90%83" n3="%E5%A4%AA%E3%81%8F%E3%81%AA%E3%81%84%E3%81%8A" dan="16,17,18,19" rate="2099.27,2164.70,2207.06,2308.33" sx="M,M,M,F"/><TAIKYOKU oya="0"/>

<Scene>
<INIT seed="0,0,0,4,0,60" ten="250,250,250,250" oya="0" hai0="126,95,98,77,103,41,58,78,124,64,91,14,74" hai1="76,97,34,11,15,131,49,63,56,35,109,2,31" hai2="30,100,111,117,68,20,110,6,104,61,54,28,115" hai3="94,42,39,24,22,27,80,52,10,62,121,70,116"/><T133/><D41/><U32/><E131/><V92/><F104/><W102/><G116/><T96/><D14/><U71/><E2/><V45/><F117/><W57/><G121/><T72/><D64/><U46/><E76/><N who="0" m="29289" /><D58/><U47/><E71/><V82/><F82/><W101/><G80/><T123/><D123/><U48/><E97/><V37/><F6/><W5/><G70/><T99/><D133/><U21/><E21/><V19/><F37/><W7/><G27/><T65/><D65/><U93/><E93/><V4/><F45/><W132/><G132/><T12/><D12/><U53/><E31/><V113/><F4/><W130/><G130/><T120/><D120/><U88/><E32/><V89/><F30/><W90/><G42/><T38/><D38/><U105/><E105/><V135/><F28/><W67/><G39/><T73/><D99/><U25/><E34/><V50/><F135/><W128/><G128/><T87/><D98/><U23/><E35/><V129/><F129/><W118/><G118/><T40/><D40/><U85/><E25/><V9/><F68/><W36/><G36/><T0/><D0/><U44/><E23/><V127/><F20/><W75/><G22/><T51/><D51/><U69/><E69/><V81/><F50/><N who="1" m="19561" /><E15/><V13/><F13/><W1/><G24/><T17/><D17/><U59/><E59/><V112/><F19/><W79/><G7/><T86/><D86/><U66/><E66/><V84/><F113/><W33/><G1/><T43/><D43/><U134/><E134/><V106/><F115/><W18/><G5/><RYUUKYOKU ba="0,0" sc="250,30,250,-10,250,-10,250,-10" hai0="72,73,74,87,91,95,96,103,124,126" />
</Scene>
<Scene>
<INIT seed="0,1,0,4,3,68" ten="280,240,240,240" oya="0" hai0="114,16,46,21,87,105,81,65,41,113,54,117,66" hai1="32,62,74,40,92,53,13,2,6,30,76,91,80" hai2="22,0,119,82,100,37,34,70,67,129,31,57,23" hai3="130,134,38,20,127,135,133,51,55,125,12,25,95"/><T102/><D117/><U99/><E2/><V86/><F57/><N who="3" m="33023" /><G12/><T3/><D3/><U35/><E30/><V85/><F85/><W90/><G38/><T120/><D54/><U126/><E126/><N who="3" m="48138" /><G95/><T77/><D120/><U7/><E7/><V29/><F37/><W33/><G90/><T1/><D1/><U121/><E121/><V52/><F100/><W39/><G39/><T43/><D66/><U73/><E73/><V88/><F119/><W72/><G33/><T84/><D65/><U42/><E32/><V11/><F34/><W83/><G83/><T63/><D63/><U97/><E35/><V104/><F104/><W56/><G56/><T61/><D61/><U115/><E115/><V107/><F107/><W19/><G72/><T132/><D43/><U71/><E97/><V94/><F94/><W96/><G96/><T131/><D105/><U10/><REACH who="1" step="1"/><E53/><REACH who="1" ten="280,230,240,240" step="2"/><V103/><F52/><W24/><G24/><T69/><D114/><U110/><E110/><V116/><F0/><W15/><G25/><T123/><D123/><U78/><E78/><V118/><F118/><W111/><G111/><T8/><D77/><U60/><E60/><V128/><F29/><W106/><G106/><T101/><D113/><U124/><E124/><V26/><F31/><W27/><G27/><T17/><D87/><U5/><E5/><V98/><F26/><W45/><G45/><T112/><D84/><U28/><E28/><V44/><F44/><W89/><G89/><T93/><D46/><U108/><E108/><V49/><F88/><W18/><G18/><T9/><D112/><RYUUKYOKU ba="1,1" sc="280,-15,230,15,240,-15,240,15" hai1="6,10,13,40,42,62,71,74,76,80,91,92,99" hai3="15,19,20,130,133,134,135" />
</Scene>
<Scene>
<INIT seed="1,2,1,2,1,82" ten="265,245,225,255" oya="1" hai0="59,95,109,130,34,112,96,66,69,87,35,68,78" hai1="90,33,18,20,39,100,58,9,12,91,30,125,71" hai2="61,129,94,15,107,122,49,16,74,1,99,41,28" hai3="37,113,115,6,14,70,84,81,114,88,57,45,36"/><U121/><E121/><V120/><F1/><W103/><G70/><T132/><D112/><U8/><E71/><V4/><F4/><W10/><G103/><T93/><D78/><U111/><E39/><V133/><F74/><W26/><G45/><T116/><D59/><U80/><E125/><V55/><F107/><W119/><G119/><T5/><D5/><U108/><E100/><V117/><F117/><W7/><G7/><T23/><D23/><U51/><E51/><V97/><F133/><W118/><G118/><T76/><D76/><U24/><E58/><N who="2" m="35039" /><F129/><W127/><G127/><T65/><D116/><U124/><E124/><V126/><F126/><W38/><G26/><T53/><D53/><U72/><E91/><V40/><F28/><W32/><REACH who="3" step="1"/><G57/><REACH who="3" ten="265,245,225,245" step="2"/><T98/><D130/><U101/><E101/><V89/><F122/><W131/><G131/><T63/><D69/><U22/><E72/><V31/><F120/><W25/><G25/><T135/><D68/><U85/><REACH who="1" step="1"/><E33/><AGARI ba="2,2" hai="6,10,14,32,33,36,37,38,81,84,88,113,114,115" machi="33" ten="50,6400,0" yaku="1,1,52,1,54,1,53,0" doraHai="82" doraHaiUra="43" who="3" fromWho="1" sc="265,0,245,-70,225,0,245,90" />
</Scene>
<Scene>
<INIT seed="2,0,0,1,5,27" ten="265,175,225,335" oya="2" hai0="118,17,64,56,75,82,91,80,63,33,30,96,130" hai1="19,55,120,131,26,76,40,87,5,73,111,59,8" hai2="29,100,47,69,107,124,1,61,95,126,46,6,0" hai3="23,2,3,62,132,44,92,121,108,22,21,7,36"/><V113/><F107/><W102/><G121/><T77/><D130/><U15/><E131/><V52/><F113/><W25/><G108/><T93/><D118/><U72/><E111/><V43/><F29/><W58/><G132/><T83/><REACH who="0" step="1"/><D17/><REACH who="0" ten="255,175,225,335" step="2"/><U16/><E120/><V110/><F110/><W14/><G2/><T11/><D11/><U37/><E72/><V68/><F0/><W101/><G3/><T88/><D88/><U10/><E73/><V89/><F89/><W119/><G119/><T135/><D135/><U99/><E19/><V97/><F1/><W85/><G101/><T125/><D125/><U41/><E37/><V71/><F6/><W45/><G36/><T49/><D49/><U123/><E123/><V98/><F126/><W86/><G102/><T112/><D112/><U18/><E18/><V60/><F124/><W81/><G7/><T42/><D42/><U104/><E40/><V116/><F116/><W127/><G127/><T114/><D114/><U9/><E41/><V129/><F129/><W74/><G74/><T78/><D78/><U35/><E76/><V20/><F43/><W94/><G62/><T90/><D90/><U39/><E39/><V117/><F117/><W13/><G85/><T79/><D79/><U105/><E87/><V128/><F128/><W51/><G86/><T70/><D70/><U66/><E9/><V38/><F38/><W84/><G84/><T67/><D67/><U48/><E66/><V106/><F61/><W57/><G51/><T103/><D103/><U31/><E99/><V54/><F60/><W12/><G81/><RYUUKYOKU ba="0,1" sc="255,15,175,15,225,-15,335,-15" hai0="30,33,56,63,64,75,77,80,82,83,91,93,96" hai1="5,8,10,15,16,26,31,35,48,55,59,104,105" />
</Scene>
<Scene>
<INIT seed="3,1,1,4,4,16" ten="270,190,210,320" oya="3" hai0="81,14,91,26,125,111,31,28,69,121,39,73,8" hai1="134,57,62,123,32,135,77,12,96,100,84,33,126" hai2="128,117,47,75,116,34,23,112,108,54,95,76,119" hai3="79,103,83,101,104,13,98,37,9,18,53,21,80"/><W2/><G37/><T35/><D121/><U64/><E123/><V107/><F34/><W24/><G2/><T72/><D125/><U60/><E126/><V74/><F107/><W110/><G110/><T58/><D69/><U50/><E50/><V5/><F112/><W93/><G104/><T51/><D39/><U15/><E77/><V86/><F108/><W27/><G101/><T42/><D31/><U68/><E84/><V70/><F70/><W49/><G79/><T102/><D102/><U41/><E41/><V20/><F5/><W43/><G43/><T10/><D10/><U85/><E85/><V130/><F47/><W94/><G94/><T11/><D11/><U19/><E12/><V30/><F54/><W36/><G36/><T97/><D42/><U55/><E32/><V122/><F30/><N who="3" m="17679" /><G27/><T7/><D111/><U63/><E33/><V124/><F124/><W82/><G82/><T3/><D3/><U114/><E114/><V88/><F122/><W90/><G103/><T129/><D81/><U113/><E113/><V115/><F115/><W106/><G106/><T127/><D127/><U25/><E25/><V22/><REACH who="2" step="1"/><F76/><REACH who="2" ten="270,190,200,320" step="2"/><W71/><G71/><T59/><D35/><U46/><E46/><AGARI ba="1,2" hai="9,13,18,46,49,53,80,83,90,93,98" m="17679" machi="46" ten="30,2900,0" yaku="8,1,52,1" doraHai="16" who="3" fromWho="1" sc="270,0,190,-32,200,0,320,52" />
</Scene>
<Scene>
<INIT seed="3,2,0,1,0,66" ten="270,158,200,372" oya="3" hai0="110,106,109,111,128,6,108,87,135,23,131,81,36" hai1="10,82,16,86,113,41,47,59,65,107,37,60,26" hai2="25,72,76,19,51,12,7,70,99,103,89,97,84" hai3="11,100,63,43,27,79,0,56,18,83,55,122,9"/><W17/><G122/><T28/><D36/><U8/><E113/><V46/><F70/><W95/><G43/><T134/><D106/><U61/><E107/><V30/><F7/><W80/><G0/><T133/><N who="0" m="27648" /><DORA hai="52" /><T68/><D68/><U44/><E44/><V115/><F76/><W90/><G100/><T121/><D6/><U62/><E8/><N who="3" m="3146" /><G79/><T117/><D121/><U130/><E130/><N who="0" m="49705" /><D23/><U120/><E120/><V125/><F125/><W114/><G114/><T34/><D117/><U13/><REACH who="1" step="1"/><E26/><REACH who="1" ten="270,148,200,372" step="2"/><V35/><F25/><W22/><G17/><T119/><D119/><U112/><E112/><V31/><F19/><W67/><G67/><T32/><D28/><U39/><E39/><V53/><F30/><W45/><G45/><T116/><D116/><U2/><E2/><V77/><F31/><W42/><G42/><T101/><D101/><U5/><E5/><V33/><F103/><W98/><AGARI ba="2,1" hai="18,22,27,55,56,63,80,83,90,95,98" m="3146" machi="98" ten="30,6000,0" yaku="25,1,8,1,52,1" doraHai="66,52" who="3" fromWho="3" sc="270,-22,148,-22,200,-22,372,76" />
</Scene>
<Scene>
<INIT seed="3,3,0,3,3,132" ten="248,126,178,448" oya="3" hai0="113,115,111,69,72,23,92,73,97,45,131,7,126" hai1="133,44,71,13,63,66,14,122,43,15,36,116,76" hai2="87,102,4,119,18,29,19,21,26,42,121,108,95" hai3="110,135,40,52,34,106,78,70,104,58,31,127,83"/><W17/><G70/><T32/><D32/><U74/><E122/><V30/><F119/><W10/><G40/><T38/><D69/><U1/><E1/><V109/><F121/><W124/><G135/><T56/><D111/><N who="2" m="42570" /><F4/><W25/><G110/><T107/><D107/><U54/><E133/><V81/><F42/><W128/><G128/><T96/><D131/><U130/><E130/><V3/><F3/><W123/><G123/><T61/><D97/><U89/><E116/><V57/><F57/><W59/><G17/><T118/><D23/><U105/><E105/><V48/><F48/><N who="3" m="30983" /><G59/><T0/><D45/><U117/><E117/><V93/><F18/><W129/><G10/><T8/><D38/><U86/><E54/><V134/><F102/><W82/><G82/><T60/><D60/><U33/><E33/><V16/><F19/><W103/><G103/><T51/><D51/><U77/><REACH who="1" step="1"/><E74/><REACH who="1" ten="248,116,178,448" step="2"/><V88/><F134/><W85/><G129/><T62/><D73/><U99/><E99/><N who="2" m="57767" /><F95/><AGARI ba="3,1" hai="13,14,15,36,43,44,63,66,71,76,77,86,89,95" machi="95" ten="40,2600,0" yaku="1,1,53,1" doraHai="132" doraHaiUra="67" who="1" fromWho="2" sc="248,0,116,45,178,-35,448,0" />
</Scene>
<Scene>
<INIT seed="4,0,0,3,5,6" ten="248,161,143,448" oya="0" hai0="62,34,25,2,134,67,44,72,132,82,87,109,3" hai1="56,75,85,128,28,54,31,1,65,47,112,126,18" hai2="30,98,80,127,111,91,26,88,22,39,124,79,55" hai3="99,68,61,32,119,78,105,95,69,108,135,43,13"/><T16/><D109/><U23/><E75/><V114/><F111/><W71/><G108/><T122/><D122/><U53/><E128/><V103/><F114/><W125/><G119/><T14/><D72/><U38/><E112/><V115/><F115/><W15/><G105/><T46/><D46/><U94/><E126/><N who="2" m="48171" /><F55/><W20/><G32/><T11/><D44/><U118/><E118/><V113/><F39/><W86/><G43/><T129/><D129/><U19/><E65/><V29/><F29/><W133/><G125/><T40/><D40/><U104/><E104/><N who="2" m="63607" /><F113/><W21/><G61/><T131/><D131/><U10/><E38/><V92/><F92/><W35/><G35/><T63/><D63/><U24/><E47/><V9/><F9/><W5/><G95/><T58/><D34/><U8/><E1/><V27/><F26/><W90/><G20/><T93/><D93/><U59/><E94/><V106/><F106/><W74/><G21/><T41/><D25/><U84/><E23/><V48/><F48/><W89/><G99/><T107/><D41/><U77/><E24/><V7/><F7/><W81/><G5/><T102/><D102/><U100/><E100/><V101/><F101/><W60/><G60/><T121/><D121/><U66/><E66/><V12/><F12/><N who="3" m="4683" /><G74/><AGARI ba="0,0" hai="22,27,30,74,79,80,88,91" m="63607,48171" machi="74" ten="30,2000,0" yaku="18,1,54,1" doraHai="6" who="2" fromWho="3" sc="248,0,161,0,143,20,448,-20" />
</Scene>
<Scene>
<INIT seed="5,0,0,3,1,100" ten="248,161,163,428" oya="1" hai0="71,0,29,9,12,34,99,37,95,120,10,61,96" hai1="67,53,90,107,35,40,83,121,36,52,7,69,76" hai2="66,49,105,47,15,106,68,46,33,85,27,28,32" hai3="13,55,31,5,58,123,89,70,133,3,104,43,63"/><U135/><E121/><V39/><F33/><W92/><G123/><T24/><D120/><U134/><E35/><V4/><F39/><W72/><G72/><T110/><D37/><U93/><E7/><V98/><F85/><W87/><G133/><N who="1" m="50698" /><E67/><V94/><F68/><W129/><G129/><T65/><D110/><U77/><E69/><V126/><F66/><W73/><G73/><T23/><D95/><U75/><E76/><V79/><F79/><W91/><G3/><T108/><D108/><U59/><E59/><V60/><F60/><W114/><G70/><T118/><D118/><U115/><E115/><V84/><F84/><W64/><G43/><T16/><D10/><U86/><E107/><V30/><F30/><W18/><G104/><T48/><D48/><U57/><E57/><V111/><F47/><AGARI ba="0,0" hai="36,40,47,52,53,75,77,83,86,90,93" m="50698" machi="47" ten="30,2900,0" yaku="20,1,54,1" doraHai="100" who="1" fromWho="2" sc="248,0,161,29,163,-29,428,0" />
</Scene>
<Scene>
<INIT seed="5,1,0,1,0,0" ten="248,190,134,428" oya="1" hai0="89,19,120,35,84,123,28,22,3,26,30,63,129" hai1="48,54,75,91,16,59,5,79,76,133,78,115,110" hai2="10,52,49,24,104,72,86,32,96,40,7,50,45" hai3="88,125,31,127,122,94,67,2,47,83,12,71,8"/><U105/><E105/><V4/><F72/><W126/><G122/><N who="0" m="46635" /><D3/><U14/><E110/><V51/><F86/><W102/><G2/><T21/><D129/><U77/><E133/><V90/><F10/><W65/><G31/><N who="0" m="17871" /><D63/><U56/><E115/><V109/><F109/><W15/><G102/><T117/><D35/><U1/><E91/><V97/><F104/><W36/><G83/><N who="0" m="49311" /><D117/><U18/><E1/><V85/><F32/><W57/><G71/><T25/><AGARI ba="1,0" hai="19,22,25,28,30" m="49311,17871,46635" machi="25" ten="30,1100,0" yaku="13,1" doraHai="0" who="0" fromWho="0" sc="248,14,190,-6,134,-4,428,-4" />
</Scene>
<Scene>
<INIT seed="6,0,0,3,4,29" ten="262,184,130,424" oya="2" hai0="14,103,39,130,117,97,106,64,112,124,135,109,51" hai1="40,76,21,110,57,88,102,85,12,43,134,118,1" hai2="125,67,99,84,95,47,20,58,92,87,37,132,25" hai3="121,116,104,19,113,11,82,7,70,93,72,80,90"/><V42/><F125/><W36/><G36/><T33/><D51/><U49/><E118/><V78/><F132/><W123/><G70/><T52/><D52/><N who="1" m="31887" /><E134/><V6/><F6/><W18/><G104/><T17/><D135/><U115/><E1/><V108/><F108/><W63/><G63/><T69/><D109/><U79/><E110/><V101/><F95/><W4/><G116/><T2/><D2/><U77/><E102/><V55/><F78/><W133/><G133/><T38/><D130/><U46/><E46/><V89/><F67/><W98/><G113/><T114/><D124/><U100/><E100/><V129/><F101/><W9/><G72/><T126/><D126/><U24/><E115/><N who="0" m="44073" /><D33/><U23/><E23/><V65/><F65/><W119/><G119/><T0/><D0/><U5/><E5/><N who="3" m="2122" /><G123/><T34/><D34/><U15/><E24/><V128/><F128/><W56/><G56/><T44/><D44/><U16/><E12/><V22/><F22/><W8/><G121/><T32/><D32/><U107/><E107/><V30/><REACH who="2" step="1"/><F129/><REACH who="2" ten="262,184,120,424" step="2"/><W26/><G8/><N who="0" m="6343" /><D117/><U3/><E3/><V10/><F10/><W71/><G9/><T61/><AGARI ba="0,1" hai="38,39,61,64,69,97,103,106" m="6343,44073" machi="61" ten="30,1100,0" yaku="15,1" doraHai="29" who="0" fromWho="0" sc="262,21,184,-3,120,-5,424,-3" />
</Scene>
<Scene>
<INIT seed="7,0,0,5,3,91" ten="283,181,115,421" oya="3" hai0="80,94,55,45,65,133,124,13,40,5,51,129,84" hai1="7,56,18,110,93,78,102,57,64,101,118,62,121" hai2="77,58,26,82,116,53,125,112,76,85,74,49,92" hai3="39,113,68,44,34,108,15,31,3,99,24,123,98"/><W37/><G3/><T90/><D133/><U27/><E110/><V32/><F112/><W83/><G123/><T60/><D124/><U36/><E121/><V117/><F125/><W43/><G68/><T128/><D5/><U134/><E36/><V120/><F120/><W0/><G0/><T70/><D13/><U66/><E118/><V25/><F77/><W14/><G39/><T33/><D33/><U96/><E78/><V89/><REACH who="2" step="1"/><F25/><REACH who="2" ten="283,181,105,421" step="2"/><W48/><G113/><T4/><D129/><U16/><E134/><V52/><F52/><W135/><G135/><T72/><D55/><U71/><E27/><V131/><F131/><W127/><G127/><T105/><D128/><U8/><E66/><V21/><F21/><W109/><G37/><T63/><D40/><U1/><E101/><V95/><F95/><W20/><G83/><T38/><D94/><U132/><E132/><V100/><F100/><W61/><G34/><T88/><D65/><U122/><E122/><V47/><F47/><W81/><G81/><T9/><D80/><U46/><E46/><V107/><F107/><W79/><G79/><T29/><D105/><U115/><E115/><V2/><F2/><W111/><G61/><T69/><D63/><U97/><E97/><AGARI ba="0,1" hai="14,15,20,24,31,43,44,48,97,98,99,108,109,111" machi="97" ten="40,2000,0" yaku="10,1" doraHai="91" who="3" fromWho="1" sc="283,0,181,-20,105,0,421,30" owari="283,8.0,161,-24.0,105,-39.0,451,55.0" />
</Scene>
</mjloggm>