<mjloggm ver="2.3"><GO type="169" lobby="0"/><UN n0="%6E%65%70%65%72%6F" n1="%E5%A4%AA%E3%81%8F%E3%81%AA%E3%81%84%E3%81%8A" n2="%E3%81%84%E3%81%AC%E3%81%98%E3%82%83%E3%82%89%EF%BC%94" n3="%6D%61%73%61%31%32%30%32" dan="16,19,19,16" rate="2116.52,2326.24,2214.10,2123.34" sx="M,F,M,M"/><TAIKYOKU oya="0"/>

<Scene>
<INIT seed="0,0,0,4,2,114" ten="250,250,250,250" oya="0" hai0="39,115,40,69,66,98,111,95,63,6,104,45,127" hai1="118,7,129,75,86,28,79,88,62,14,89,65,27" hai2="99,33,24,101,131,58,36,92,51,97,16,23,9" hai3="53,132,100,55,61,4,93,128,67,13,125,121,116"/><T3/><D104/><U0/><E0/><V37/><F131/><W48/><G128/><T57/><D115/><U90/><E129/><V76/><F33/><W122/><G4/><T46/><D46/><U110/><E110/><V113/><F113/><W109/><G13/><T80/><D111/><U41/><E41/><V68/><F68/><W78/><G78/><T120/><D120/><U17/><E7/><V117/><F117/><W34/><G34/><T124/><D80/><U43/><E43/><V50/><F76/><W11/><G11/><T103/><D6/><U59/><E75/><V44/><F9/><W102/><G93/><T107/><D3/><U20/><E118/><V91/><F58/><W83/><G83/><T49/><REACH who="0" step="1"/><D107/><REACH who="0" ten="240,250,250,250" step="2"/><U60/><E79/><V112/><F112/><W81/><G81/><T35/><D35/><U32/><REACH who="1" step="1"/><E60/><REACH who="1" ten="240,240,250,250" step="2"/><V12/><F37/><W85/><G61/><T71/><D71/><U77/><E77/><V47/><F36/><W108/><G121/><T56/><D56/><U74/><E74/><V31/><F47/><W25/><G122/><T52/><AGARI ba="0,2" hai="39,40,45,49,52,57,63,66,69,95,98,103,124,127" machi="52" ten="30,12000,1" yaku="1,1,0,1,24,2,54,1,53,0" doraHai="114" doraHaiUra="130" who="0" fromWho="0" sc="240,140,240,-40,250,-40,250,-40" />
</Scene>
<Scene>
<INIT seed="0,1,0,4,3,112" ten="380,200,210,210" oya="0" hai0="33,34,119,121,37,84,111,83,70,31,21,100,85" hai1="97,56,13,127,5,122,61,39,15,44,43,66,67" hai2="28,2,109,0,57,118,50,126,38,87,82,65,41" hai3="12,35,54,128,89,75,129,9,99,73,46,76,124"/><T117/><D121/><U94/><E122/><V90/><F109/><W48/><G35/><T26/><D111/><U123/><E123/><V113/><F113/><W132/><G124/><T20/><D70/><U105/><E105/><V135/><F126/><W45/><G132/><T98/><D37/><U32/><E32/><V59/><F135/><W14/><G76/><T23/><D34/><U115/><E115/><V29/><F38/><W40/><G99/><T42/><D42/><U106/><E106/><V78/><F118/><W24/><G89/><T72/><D72/><U130/><E127/><V3/><F78/><W102/><G24/><T110/><D110/><U22/><E130/><N who="3" m="50282" /><G102/><T49/><D49/><U1/><E67/><V108/><F108/><W10/><G14/><T17/><D17/><U116/><E1/><V133/><F133/><W64/><G64/><T63/><D63/><U30/><E5/><V77/><F77/><W120/><G120/><T80/><D85/><U47/><E47/><N who="2" m="25967" /><F65/><W103/><G103/><T101/><D101/><N who="1" m="60599" /><E116/><V6/><F6/><N who="3" m="3127" /><G10/><T125/><D125/><U11/><E11/><V60/><F0/><W8/><G8/><T58/><D117/><U27/><AGARI ba="1,0" hai="13,15,22,27,30,39,43,44,56,61,66" m="60599" machi="27" ten="30,1100,0" yaku="25,1" doraHai="112" who="1" fromWho="1" sc="380,-6,200,14,210,-4,210,-4" />
</Scene>
<Scene>
<INIT seed="1,0,0,0,4,45" ten="374,214,206,206" oya="1" hai0="53,51,123,18,48,78,10,107,23,125,76,4,98" hai1="8,104,46,83,43,114,60,82,106,132,14,40,129" hai2="90,64,111,95,85,20,2,80,103,96,65,71,100" hai3="36,50,54,11,126,91,27,118,37,124,131,38,110"/><U93/><E114/><V9/><F111/><W62/><G110/><T33/><D33/><U57/><E132/><V68/><F68/><W17/><G131/><T22/><D125/><U28/><E129/><V24/><F71/><W121/><G121/><T55/><D107/><U30/><E106/><V120/><F120/><W72/><G72/><T127/><D98/><U133/><E104/><V66/><F2/><W92/><G62/><T44/><D127/><N who="3" m="48681" /><G118/><T63/><D63/><U7/><E133/><V29/><REACH who="2" step="1"/><F103/><REACH who="2" ten="374,214,196,206" step="2"/><W94/><G38/><T108/><D123/><U101/><E101/><V70/><F70/><W134/><G37/><T32/><D108/><U49/><E40/><V128/><F128/><W19/><G36/><T81/><D32/><U67/><REACH who="1" step="1"/><E93/><REACH who="1" ten="374,204,196,206" step="2"/><V16/><F16/><W39/><G19/><T112/><D18/><U1/><E1/><V21/><F21/><W87/><G92/><T58/><D22/><U0/><E0/><V115/><F115/><W25/><G134/><T61/><D23/><U130/><E130/><V5/><F5/><W74/><G94/><T119/><D4/><U84/><E84/><V35/><F35/><W41/><G41/><T15/><D112/><U135/><E135/><V13/><F13/><W34/><G34/><T105/><D15/><U6/><E6/><V79/><F79/><W31/><G17/><T109/><D78/><U117/><E117/><V116/><F116/><W77/><G77/><T122/><D76/><U89/><E89/><V69/><F69/><W113/><G113/><T12/><D119/><U56/><E56/><RYUUKYOKU ba="0,2" sc="374,-15,204,15,196,15,206,-15" hai1="7,8,14,28,30,43,46,49,57,60,67,82,83" hai2="9,20,24,29,64,65,66,80,85,90,95,96,100" />
</Scene>
<Scene>
<INIT seed="1,1,2,2,1,46" ten="359,219,211,191" oya="1" hai0="1,3,102,113,123,89,58,10,70,130,54,64,92" hai1="51,56,98,95,40,93,33,118,22,4,125,116,23" hai2="100,41,99,105,129,121,8,47,48,119,61,114,37" hai3="81,9,20,0,29,73,103,68,34,62,87,127,24"/><U45/><E33/><V84/><F119/><W11/><G127/><T83/><D113/><U86/><E125/><V109/><F121/><W104/><G73/><T108/><D123/><U43/><E4/><V111/><F114/><W12/><G0/><T124/><D108/><N who="2" m="41546" /><F129/><W80/><G20/><T120/><D120/><U96/><E56/><V18/><F61/><W101/><G104/><T131/><D64/><U14/><E86/><V77/><F37/><W26/><G26/><T44/><D70/><U7/><E7/><V69/><F69/><W75/><G75/><T66/><D66/><U115/><E115/><V135/><F135/><W106/><G106/><T128/><D44/><U28/><E14/><N who="2" m="7495" /><F84/><W76/><G62/><T21/><D124/><U13/><E13/><V72/><F72/><W17/><G68/><T32/><D32/><U67/><E67/><V50/><F50/><W31/><G31/><T122/><D122/><U39/><E39/><V85/><F85/><W52/><G11/><T60/><D10/><U74/><E74/><V42/><F77/><W5/><G81/><T36/><D21/><U53/><E118/><V132/><F132/><W133/><G133/><T134/><D36/><U88/><E116/><V90/><F90/><W57/><REACH who="3" step="1"/><G5/><REACH who="3" ten="359,219,211,181" step="2"/><T30/><D134/><U79/><E22/><V49/><F49/><W6/><G6/><T107/><D30/><U110/><E110/><V19/><F19/><W65/><G65/><T59/><D128/><U117/><E117/><V63/><F63/><W38/><G38/><T15/><D130/><U112/><E112/><RYUUKYOKU ba="1,3" sc="359,-15,219,-15,211,15,181,15" hai2="41,42,47,48,99,100,105" hai3="9,12,17,24,29,34,52,57,76,80,87,101,103" />
</Scene>
<Scene>
<INIT seed="2,2,3,4,5,67" ten="344,204,226,196" oya="2" hai0="22,115,10,42,112,52,59,27,118,88,98,41,75" hai1="78,40,29,15,9,87,130,72,74,37,45,66,122" hai2="24,91,17,19,43,65,105,113,54,116,30,94,71" hai3="13,68,117,6,28,80,97,33,60,63,131,73,70"/><V34/><F113/><W49/><G117/><T32/><D75/><U125/><E125/><V93/><F116/><W47/><G33/><T102/><D32/><U82/><E130/><V36/><F105/><W26/><G131/><T57/><D57/><U85/><E122/><V18/><F54/><W106/><G63/><N who="0" m="36327" /><D118/><U38/><E29/><V135/><F135/><W111/><G60/><T90/><D10/><U77/><E66/><V25/><F25/><W99/><G111/><T127/><D127/><U1/><E38/><V20/><F34/><W64/><G64/><T123/><D123/><U134/><E134/><V110/><F110/><W124/><G124/><T133/><D133/><U8/><E8/><V44/><REACH who="2" step="1"/><F91/><REACH who="2" ten="344,204,216,196" step="2"/><N who="0" m="34858" /><D115/><U109/><E109/><V58/><F58/><W86/><G106/><T12/><D112/><U53/><E53/><V5/><F5/><W21/><G6/><T132/><D132/><U55/><E55/><V3/><F3/><W39/><G47/><T126/><D126/><U48/><E1/><V50/><F50/><W114/><G49/><T61/><D12/><U81/><REACH who="1" step="1"/><E37/><REACH who="1" ten="344,194,216,196" step="2"/><V16/><N who="2" m="4096" /><DORA hai="100" /><V11/><F11/><W79/><G39/><T35/><D35/><U104/><E104/><V121/><F121/><W56/><G114/><T95/><D61/><AGARI ba="2,5" hai="20,24,30,36,43,44,61,65,71,93,94" m="4096" machi="61" ten="50,9600,0" yaku="1,1,52,1,54,1,53,0" doraHai="67,100" doraHaiUra="31,103" who="2" fromWho="0" sc="344,-102,194,0,216,152,196,0" />
</Scene>
<Scene>
<INIT seed="2,3,0,1,2,67" ten="242,194,368,196" oya="2" hai0="93,127,86,16,53,30,6,117,5,49,76,23,122" hai1="121,78,21,89,97,107,64,45,84,69,39,77,60" hai2="108,40,118,59,94,120,126,37,24,51,7,90,129" hai3="50,112,73,65,99,35,57,124,95,61,32,110,20"/><V47/><F118/><W123/><G123/><T131/><D122/><U9/><E121/><V82/><F120/><W58/><G73/><T113/><D117/><U52/><E9/><V109/><F126/><W19/><G110/><N who="2" m="42601" /><F129/><W11/><G124/><T111/><D113/><U125/><E125/><V48/><F7/><N who="0" m="2570" /><D111/><U29/><E29/><V22/><F82/><W68/><G11/><T105/><D105/><U83/><E21/><V56/><F51/><W132/><G132/><T15/><D131/><U88/><E39/><V26/><F37/><W133/><G133/><T4/><D127/><U13/><E13/><V31/><F26/><W25/><G112/><T12/><D30/><U128/><E128/><V43/><F43/><W18/><G18/><T114/><D114/><U38/><E38/><V14/><F14/><W101/><REACH who="3" step="1"/><G50/><REACH who="3" ten="242,194,368,186" step="2"/><T130/><D130/><U80/><E45/><V63/><F63/><W96/><G96/><AGARI ba="3,1" hai="22,24,31,40,47,48,56,59,90,94,96" m="42601" machi="96" ten="30,2900,0" yaku="14,1,10,1" doraHai="67" who="2" fromWho="3" sc="242,0,194,0,368,48,186,-38" />
</Scene>
<Scene>
<INIT seed="2,4,0,0,4,133" ten="242,194,416,148" oya="2" hai0="67,30,135,35,125,51,92,127,117,41,69,13,62" hai1="81,38,87,115,17,78,40,8,109,3,46,98,114" hai2="85,83,37,132,7,36,5,90,24,89,12,31,33" hai3="86,47,97,112,111,50,93,19,26,2,84,56,63"/><V73/><F132/><W120/><G111/><T6/><D135/><U4/><E109/><V48/><F73/><W101/><G2/><T102/><D30/><U15/><REACH who="1" step="1"/><E98/><REACH who="1" ten="242,184,416,148" step="2"/><V100/><F100/><W75/><G112/><T58/><D102/><U121/><E121/><V59/><F37/><W123/><G123/><T122/><D122/><U129/><E129/><V34/><F36/><W44/><G120/><T22/><D117/><U66/><E66/><V68/><F34/><W74/><G74/><T18/><D35/><U16/><E16/><V119/><F119/><W106/><G75/><T39/><D6/><U1/><E1/><V110/><F5/><W80/><G106/><T76/><D18/><U82/><E82/><V113/><F110/><W11/><G80/><T105/><D67/><U77/><E77/><V60/><F7/><W124/><G97/><T52/><D76/><U10/><AGARI ba="4,1" hai="3,4,8,10,15,17,38,40,46,78,81,87,114,115" machi="10" ten="20,2700,0" yaku="1,1,0,1,7,1,53,0" doraHai="133" doraHaiUra="25" who="1" fromWho="1" sc="242,-11,184,49,416,-17,148,-11" />
</Scene>
<Scene>
<INIT seed="3,0,0,4,2,20" ten="231,233,399,137" oya="3" hai0="119,13,133,51,127,3,52,11,6,83,98,99,85" hai1="10,25,123,19,57,110,23,22,27,132,116,87,58" hai2="59,35,93,95,2,63,38,130,16,96,53,36,128" hai3="40,89,70,107,60,62,73,55,124,48,118,120,56"/><W15/><G120/><T49/><D119/><U34/><E123/><V86/><F2/><W8/><G118/><T31/><D127/><U68/><E116/><V91/><F35/><W112/><G112/><T14/><D133/><U80/><E68/><V94/><F16/><W71/><G107/><T21/><D49/><U125/><E34/><V76/><F76/><W33/><G73/><T50/><D50/><U12/><E132/><V81/><REACH who="2" step="1"/><F96/><REACH who="2" ten="231,233,389,137" step="2"/><W114/><G33/><T102/><D99/><U126/><E125/><V18/><F18/><W17/><G124/><T54/><D3/><U117/><E126/><V67/><F67/><W135/><G135/><T42/><D98/><U41/><E117/><V129/><AGARI ba="0,1" hai="36,38,53,59,63,81,86,91,93,94,95,128,129,130" machi="129" ten="40,5200,0" yaku="1,1,0,1,19,1,53,0" doraHai="20" doraHaiUra="37" who="2" fromWho="2" sc="231,-13,233,-13,389,62,137,-26" />
</Scene>
<Scene>
<INIT seed="4,0,0,3,4,67" ten="218,220,451,111" oya="0" hai0="6,76,26,64,38,66,114,62,90,48,129,75,116" hai1="100,95,134,73,17,15,28,56,52,9,78,131,112" hai2="93,11,117,24,45,83,5,16,74,29,41,80,88" hai3="121,96,42,70,69,65,115,47,20,102,35,8,68"/><T94/><D116/><U2/><E131/><V101/><F101/><W51/><G35/><T71/><D38/><U123/><E123/><V91/><F117/><W55/><G121/><T127/><D129/><U58/><E134/><V13/><F5/><W125/><G115/><T108/><D114/><U87/><E112/><V30/><F74/><W119/><G119/><T104/><D104/><U77/><E73/><V31/><F24/><W39/><G20/><T1/><D108/><U61/><E2/><V4/><F4/><W118/><G118/><T133/><D127/><U111/><E111/><V92/><F92/><W7/><G125/><T18/><D64/><N who="1" m="38951" /><E28/><V79/><F79/><W25/><G25/><T103/><D103/><U14/><E14/><V122/><F122/><W98/><G65/><T33/><D76/><U57/><E57/><V106/><F106/><W19/><G19/><T0/><D75/><U126/><E126/><V59/><F59/><W3/><REACH who="3" step="1"/><G102/><REACH who="3" ten="218,220,451,101" step="2"/><T27/><D27/><U37/><E100/><V49/><F16/><W21/><G21/><T54/><D33/><U109/><E109/><V46/><F29/><W124/><G124/><T36/><D26/><U84/><E17/><V128/><F30/><W32/><G32/><T63/><D18/><U135/><E135/><V60/><F31/><W132/><G132/><T23/><D133/><U50/><E9/><V81/><F11/><W22/><G22/><T82/><D23/><U105/><E105/><V40/><F128/><W12/><G12/><T53/><D6/><U113/><E113/><V130/><F130/><RYUUKYOKU ba="0,1" sc="218,-10,220,-10,451,-10,101,30" hai3="3,7,8,39,42,47,51,55,68,69,70,96,98" />
</Scene>
<Scene>
<INIT seed="5,1,1,1,4,30" ten="208,210,441,131" oya="1" hai0="28,43,56,40,135,75,54,89,8,25,99,134,37" hai1="128,68,110,105,127,21,115,10,58,94,96,62,106" hai2="57,80,101,88,73,98,51,12,34,13,24,116,119" hai3="27,117,46,41,84,19,55,5,85,72,120,74,124"/><U91/><E68/><V47/><F57/><W114/><G120/><T61/><D75/><U48/><E115/><V3/><F3/><W107/><G114/><T83/><D8/><U130/><E127/><V63/><F63/><W18/><G124/><T14/><D14/><U11/><E110/><V131/><F131/><N who="1" m="50217" /><E48/><V16/><F34/><W112/><G107/><N who="1" m="40970" /><E21/><V44/><F13/><W33/><G112/><T39/><D39/><U65/><AGARI ba="1,1" hai="10,11,58,62,65,91,94,96" m="40970,50217" machi="65" ten="30,1500,0" yaku="19,1" doraHai="30" who="1" fromWho="1" sc="208,-6,210,28,441,-6,131,-6" />
</Scene>
<Scene>
<INIT seed="5,2,0,0,1,38" ten="202,238,435,125" oya="1" hai0="133,129,6,126,98,13,80,122,40,50,30,26,57" hai1="19,5,43,99,82,134,55,116,45,4,112,118,119" hai2="0,64,67,60,15,131,97,130,76,73,14,109,113" hai3="105,8,123,20,117,70,75,9,54,65,115,114,111"/><U42/><E112/><V77/><F113/><N who="3" m="43019" /><G105/><T35/><D126/><U41/><E134/><V7/><F0/><W18/><G75/><T128/><D129/><U74/><E19/><V132/><F109/><W29/><G65/><T34/><D128/><U83/><E99/><V27/><F27/><N who="3" m="16615" /><G54/><T107/><D133/><U106/><E106/><V66/><F97/><W124/><G70/><T121/><D80/><N who="1" m="30763" /><E45/><V31/><F15/><N who="3" m="7527" /><G111/><T100/><D40/><U22/><E22/><V94/><F73/><W71/><G71/><T81/><D57/><U28/><E74/><V104/><F104/><W93/><G93/><T16/><D81/><U61/><E55/><V84/><F94/><W62/><G62/><T25/><D50/><U17/><E61/><V12/><F60/><W56/><G56/><T108/><D108/><U52/><E52/><V120/><F66/><W39/><G39/><T85/><D85/><U103/><E103/><V46/><F84/><W96/><G96/><T86/><D86/><U37/><E37/><V3/><F67/><W11/><G123/><T48/><D121/><U110/><E110/><V125/><F64/><W135/><G135/><T53/><D122/><U23/><E43/><V24/><F120/><W78/><G78/><T59/><D107/><U88/><E42/><V51/><F132/><W89/><G89/><T72/><D98/><U87/><E41/><V92/><F131/><W2/><G117/><T10/><D72/><U32/><E118/><V102/><F130/><W91/><G91/><T95/><D100/><U21/><E119/><V127/><F102/><RYUUKYOKU ba="2,0" sc="202,0,238,0,435,0,125,0" />
</Scene>
<Scene>
<INIT seed="6,3,0,0,0,75" ten="202,238,435,125" oya="2" hai0="61,46,101,134,62,67,91,72,74,47,24,85,4" hai1="65,129,93,39,82,88,3,6,32,102,123,35,38" hai2="68,29,9,125,56,77,5,130,37,112,114,57,97" hai3="126,48,119,118,84,69,94,18,70,107,128,12,71"/><V76/><F68/><W83/><G107/><T99/><D134/><U19/><E65/><V100/><F37/><W20/><G126/><T14/><D24/><U66/><E66/><V49/><F29/><W105/><G105/><T117/><D117/><U133/><E102/><V23/><F23/><W124/><G124/><T116/><D116/><U11/><E82/><V53/><F57/><W63/><G128/><T26/><D26/><U42/><E19/><V90/><F90/><W135/><G135/><T30/><D30/><U22/><E22/><V98/><F130/><W81/><G63/><T40/><D62/><U73/><E133/><V10/><F10/><W17/><G83/><T111/><D111/><U59/><E38/><V104/><F98/><W1/><G1/><T44/><D40/><U0/><E42/><V54/><F54/><W92/><G92/><N who="0" m="58599" /><D14/><U36/><E0/><N who="2" m="167" /><F125/><W131/><G131/><T28/><D4/><U31/><E39/><V51/><F51/><W115/><G94/><N who="0" m="54639" /><D28/><U15/><E31/><V50/><F50/><W55/><G115/><AGARI ba="3,0" hai="49,53,56,76,77,97,100,104,112,114,115" m="167" machi="115" ten="30,5800,0" yaku="15,1,52,2" doraHai="75" who="2" fromWho="3" sc="202,0,238,0,435,67,125,-67" />
</Scene>
<Scene>
<INIT seed="6,4,0,5,0,6" ten="202,238,502,58" oya="2" hai0="111,54,5,12,8,27,18,2,77,84,82,9,95" hai1="124,118,62,126,109,87,24,46,72,102,105,19,117" hai2="90,96,119,31,76,39,50,17,53,125,45,30,40" hai3="52,115,56,70,92,25,33,0,75,108,29,15,64"/><V98/><F119/><W101/><G0/><T49/><D111/><U104/><E72/><V121/><F121/><W120/><G108/><T4/><D27/><U60/><E109/><V79/><F125/><N who="1" m="48233" /><E87/><V88/><F17/><W71/><G120/><T68/><D68/><U57/><E46/><V42/><F39/><W112/><G75/><T94/><D5/><U81/><E81/><V20/><F20/><W74/><G74/><T1/><D1/><U61/><E57/><AGARI ba="4,0" hai="2,4,8,9,12,18,49,54,57,77,82,84,94,95" machi="57" ten="30,3900,0" yaku="7,1,52,2" doraHai="6" who="0" fromWho="1" sc="202,51,238,-51,502,0,58,0" />
</Scene>
<Scene>
<INIT seed="7,0,0,4,4,27" ten="253,187,502,58" oya="3" hai0="25,82,62,89,113,67,56,130,108,86,120,66,68" hai1="134,41,50,117,118,15,47,37,76,115,121,55,8" hai2="5,101,119,133,17,33,116,31,122,70,7,16,78" hai3="14,127,53,58,106,51,61,10,20,11,135,111,91"/><W131/><G106/><T49/><D108/><U0/><E121/><V22/><F78/><W42/><G111/><T34/><D120/><U92/><E115/><V29/><F101/><W105/><G105/><T109/><D109/><U64/><E134/><V12/><F70/><W60/><G135/><T126/><D113/><U40/><E0/><V110/><F133/><W65/><G127/><T90/><D130/><U23/><E23/><V19/><F110/><W9/><G131/><T24/><D34/><U6/><E76/><V107/><F107/><W81/><G42/><T85/><D68/><U13/><E64/><V80/><F80/><W2/><G2/><T46/><D67/><U71/><E71/><V112/><F112/><W1/><G1/><T94/><D126/><U84/><E15/><V103/><F103/><W102/><G102/><T129/><D129/><U99/><E84/><V104/><F104/><W128/><G128/><T95/><D82/><U54/><E41/><AGARI ba="0,0" hai="24,25,41,46,49,56,62,66,85,86,89,90,94,95" machi="41" ten="30,3900,0" yaku="7,1,9,1,8,1" doraHai="27" who="0" fromWho="1" sc="253,39,187,-39,502,0,58,0" owari="292,9.0,148,-25.0,502,60.0,58,-44.0" />
</Scene>
</mjloggm>