<mjloggm ver="2.3"><GO type="169" lobby="0"/><UN n0="%4A%55%4E%4B%45%52%53" n1="%57%49%4E%E7%A5%9E" n2="%E9%AE%AB%E5%B3%B6%E5%AE%8F%E6%98%8C%CE%B1" n3="%E5%A4%AA%E3%81%8F%E3%81%AA%E3%81%84%E3%81%8A" dan="18,16,16,18" rate="2199.58,2070.77,2113.20,2292.44" sx="M,M,M,F"/><TAIKYOKU oya="0"/>

<Scene>
<INIT seed="0,0,0,0,3,134" ten="250,250,250,250" oya="0" hai0="52,69,111,120,87,103,89,53,7,99,92,96,115" hai1="61,11,57,13,90,97,83,113,24,109,73,105,45" hai2="119,1,128,63,34,25,65,40,16,106,59,100,27" hai3="15,78,0,41,114,12,33,76,126,14,64,4,56"/><T28/><D69/><U17/><E109/><V104/><F119/><W10/><G114/><T32/><D115/><U54/><E113/><V37/><F128/><W93/><G33/><T30/><D120/><U117/><E117/><V29/><F1/><W95/><G41/><T71/><D71/><U62/><E105/><V60/><F100/><W98/><G126/><T116/><D116/><U121/><E121/><V81/><F81/><W20/><G20/><T49/><D111/><U55/><E73/><V74/><F74/><W43/><G43/><T47/><D7/><U82/><E24/><V66/><F40/><W51/><G93/><T91/><D32/><U48/><E62/><V124/><F37/><W125/><G125/><T132/><D132/><U3/><E3/><V102/><F102/><W2/><G2/><T112/><D112/><U122/><E122/><V67/><F124/><W110/><G110/><T75/><D75/><U50/><E61/><V36/><F36/><W21/><G21/><T39/><D39/><U131/><E131/><V86/><F86/><W79/><G64/><T44/><D91/><U5/><E5/><V130/><F130/><W129/><G129/><T118/><D118/><U58/><E45/><V31/><F16/><W19/><G19/><T77/><D77/><U123/><E123/><V42/><F42/><W6/><G6/><T22/><D22/><U68/><E68/><N who="2" m="42023" /><F66/><W46/><G46/><T23/><D23/><U70/><E70/><V72/><F72/><W26/><G0/><T135/><D135/><U9/><E11/><V101/><F101/><RYUUKYOKU ba="0,0" sc="250,-15,250,15,250,15,250,-15" hai1="9,13,17,48,50,54,55,57,58,82,83,90,97" hai2="25,27,29,31,34,59,63,67,104,106" />
</Scene>
<Scene>
<INIT seed="1,1,0,0,0,32" ten="235,265,265,235" oya="1" hai0="60,13,57,12,94,21,31,79,0,129,65,71,108" hai1="116,84,23,112,59,66,20,103,74,49,15,62,87" hai2="117,10,54,83,130,47,34,100,18,5,86,88,33" hai3="124,99,8,73,114,134,55,82,69,39,97,51,46"/><U61/><E116/><V95/><F117/><W118/><G118/><T63/><D108/><U105/><E74/><V58/><F130/><W110/><G114/><T41/><D129/><U72/><E72/><V123/><F123/><W90/><G69/><T26/><D79/><U93/><E112/><V40/><F18/><W36/><G110/><T77/><D77/><U53/><E105/><V135/><F135/><W30/><G30/><T6/><D41/><U68/><E62/><V125/><F125/><W115/><G115/><T127/><D127/><U11/><E87/><V64/><F64/><W29/><G124/><T119/><D119/><U43/><E43/><V128/><F128/><W4/><G29/><T19/><D94/><U91/><REACH who="1" step="1"/><E103/><REACH who="1" ten="235,255,265,235" step="2"/><V22/><F100/><W9/><G73/><T27/><D63/><U38/><E38/><V120/><F120/><W50/><G39/><T7/><D71/><U24/><E24/><V113/><F113/><W131/><G36/><T48/><D48/><U14/><E14/><V76/><F40/><W56/><G131/><T98/><D98/><U16/><AGARI ba="1,1" hai="11,15,16,20,23,49,53,59,61,66,68,84,91,93" machi="16" ten="20,12000,1" yaku="1,1,0,1,7,1,54,1,53,1" doraHai="32" doraHaiUra="80" who="1" fromWho="1" sc="235,-41,255,133,265,-41,235,-41" />
</Scene>
<Scene>
<INIT seed="1,2,0,1,3,54" ten="194,388,224,194" oya="1" hai0="108,116,122,103,3,57,115,107,10,50,41,36,112" hai1="21,18,129,132,22,125,91,34,99,44,89,48,79" hai2="25,65,13,133,75,14,106,5,96,100,52,71,128" hai3="134,53,123,98,131,6,8,111,63,24,58,120,31"/><U68/><E34/><V67/><F75/><W72/><G72/><T69/><D107/><U87/><E132/><V76/><F133/><W23/><G134/><T78/><D78/><U42/><E68/><V0/><F128/><W45/><G131/><T84/><D84/><U40/><E129/><V51/><F76/><W11/><G111/><T20/><D103/><U73/><E73/><V62/><F67/><W7/><G98/><T61/><D20/><U135/><E135/><V30/><F5/><W118/><G118/><T47/><D116/><U88/><E125/><V1/><F1/><W83/><G83/><T109/><D10/><U93/><E42/><V92/><F92/><W66/><G45/><T49/><D3/><U39/><E39/><V90/><F90/><N who="1" m="34921" /><E18/><V121/><F0/><W28/><G28/><T17/><D17/><U86/><E86/><V56/><REACH who="2" step="1"/><F121/><REACH who="2" ten="194,388,214,194" step="2"/><W64/><G123/><T2/><D2/><U104/><E104/><V95/><F95/><W74/><G120/><T4/><D4/><U82/><AGARI ba="2,1" hai="21,22,40,44,48,79,82,87,91,93,99" m="34921" machi="82" ten="30,3000,0" yaku="8,1,54,1" doraHai="54" who="1" fromWho="1" sc="194,-12,388,46,214,-12,194,-12" />
</Scene>
<Scene>
<INIT seed="1,3,0,1,0,124" ten="182,434,202,182" oya="1" hai0="80,56,123,8,59,93,102,120,58,49,110,40,33" hai1="116,54,44,1,96,85,99,47,11,16,119,77,21" hai2="100,28,94,107,36,25,72,92,10,90,61,114,122" hai3="38,108,67,127,63,79,32,103,95,105,78,2,35"/><U0/><E0/><V6/><F36/><W7/><G38/><T73/><D33/><U60/><E119/><V15/><F72/><W131/><G95/><T5/><D110/><U125/><E125/><V117/><F117/><W101/><G127/><T134/><D134/><U75/><E75/><V19/><F122/><N who="0" m="46634" /><D102/><U88/><E77/><V41/><F41/><W24/><G108/><T4/><D93/><N who="1" m="54415" /><E11/><V31/><F114/><W126/><G126/><T29/><D29/><U70/><E70/><V83/><F61/><W132/><G132/><T64/><D64/><U46/><E1/><V82/><F107/><W30/><G35/><T62/><D62/><U76/><E76/><V53/><F53/><W68/><G101/><T112/><D112/><U20/><E20/><N who="2" m="13471" /><F100/><W34/><G34/><T84/><D73/><U118/><E118/><V98/><F94/><W135/><G135/><T12/><D4/><U86/><E86/><V113/><F113/><W48/><G103/><T43/><D49/><U52/><E116/><V45/><F45/><W69/><G105/><T50/><D50/><U37/><E37/><V129/><F28/><W51/><G48/><T97/><D97/><N who="1" m="37451" /><E60/><V13/><F31/><W17/><G63/><T130/><D43/><U128/><E47/><V121/><F121/><W9/><G68/><T14/><D84/><U91/><E46/><V71/><F71/><W65/><G69/><T66/><D58/><U55/><E44/><V87/><F87/><W111/><G32/><T39/><D39/><U27/><E91/><V57/><F57/><W22/><G65/><RYUUKYOKU ba="3,0" sc="182,-10,434,30,202,-10,182,-10" hai1="16,21,27,52,54,55,128" />
</Scene>
<Scene>
<INIT seed="1,4,0,4,4,52" ten="172,464,192,172" oya="1" hai0="4,1,104,0,106,115,87,83,64,14,44,96,40" hai1="27,33,89,53,62,51,112,41,37,71,92,105,17" hai2="127,131,121,82,47,94,28,77,58,114,39,132,15" hai3="36,57,18,80,113,81,69,97,111,48,29,6,43"/><U84/><E112/><V109/><F121/><W5/><G69/><T63/><D115/><U125/><E125/><V3/><F3/><W117/><G113/><T54/><D54/><U102/><E37/><V135/><F114/><W12/><G36/><T25/><D0/><U76/><E41/><N who="2" m="22975" /><F127/><W66/><G111/><T45/><D1/><U75/><E75/><N who="2" m="43327" /><F109/><W16/><G29/><T93/><D25/><U26/><E76/><V20/><F131/><W70/><G70/><T73/><D73/><U8/><E102/><V7/><F94/><W130/><G130/><T86/><D45/><U107/><E107/><V61/><F28/><W100/><G117/><T128/><D128/><U101/><E101/><V91/><F91/><W34/><G34/><T124/><D124/><U78/><E105/><V85/><F85/><W30/><G30/><T74/><D74/><U60/><E78/><V79/><F79/><W68/><G68/><T110/><D110/><U49/><E71/><V90/><F90/><W32/><G32/><T99/><D106/><U122/><E33/><V9/><F20/><N who="3" m="11271" /><G18/><T46/><D104/><U59/><E122/><V55/><F135/><W95/><G43/><T2/><D40/><U42/><E42/><V35/><F132/><W88/><G48/><T10/><D2/><U103/><E103/><V11/><F35/><W134/><G134/><T24/><D24/><N who="1" m="9259" /><E51/><V108/><F108/><W133/><G133/><T22/><D44/><U50/><E49/><V38/><F38/><W23/><G100/><T116/><D46/><U129/><E129/><V126/><F126/><RYUUKYOKU ba="4,0" sc="172,-15,464,15,192,15,172,-15" hai1="8,17,50,53,59,60,62,84,89,92" hai2="7,9,11,15,55,58,61" />
</Scene>
<Scene>
<INIT seed="1,5,0,2,0,80" ten="157,479,207,157" oya="1" hai0="23,107,5,16,111,61,91,110,40,99,57,2,52" hai1="62,133,134,95,59,50,115,66,63,56,60,126,9" hai2="38,92,106,73,22,130,132,10,13,121,104,27,39" hai3="55,53,75,112,35,11,17,88,1,65,26,37,71"/><U70/><E95/><V42/><F121/><W44/><G75/><T82/><D40/><U64/><E9/><V93/><F73/><W85/><G112/><T119/><D119/><U96/><E96/><V58/><F132/><N who="1" m="50793" /><E115/><V34/><F130/><W83/><G71/><T33/><D33/><U4/><E4/><V51/><F34/><W74/><G65/><T120/><D120/><U90/><E90/><V69/><F69/><W20/><G74/><T131/><D131/><U31/><E31/><V122/><F122/><W105/><G105/><T77/><D5/><U68/><E126/><V67/><F106/><W6/><REACH who="3" step="1"/><G35/><REACH who="3" ten="157,479,207,147" step="2"/><T36/><D107/><U87/><E70/><V25/><F104/><W98/><G98/><T41/><D99/><U101/><E68/><V45/><F67/><W47/><G47/><T28/><D111/><U29/><E66/><V116/><F116/><W49/><G49/><T125/><D110/><U14/><E50/><V102/><F39/><W79/><G79/><T46/><D125/><U127/><E64/><V54/><F102/><W3/><G3/><T97/><D77/><U103/><E101/><V86/><F86/><W117/><G117/><T7/><D97/><U15/><E103/><V94/><F38/><W81/><G81/><T18/><D82/><U19/><E87/><V89/><F89/><W118/><G118/><T8/><REACH who="0" step="1"/><D91/><REACH who="0" ten="147,479,207,147" step="2"/><U21/><E127/><V0/><F42/><AGARI ba="5,2" hai="1,6,11,17,20,26,37,42,44,53,55,83,85,88" machi="42" ten="40,5200,0" yaku="1,1,52,1,54,1,53,0" doraHai="80" doraHaiUra="135" who="3" fromWho="2" sc="147,0,479,0,207,-67,147,87" />
</Scene>
<Scene>
<INIT seed="2,0,0,2,4,100" ten="147,479,140,234" oya="2" hai0="27,77,15,119,45,63,50,74,130,34,35,48,0" hai1="51,42,114,135,24,69,134,19,64,17,3,49,30" hai2="82,80,68,37,55,108,18,96,10,41,73,94,12" hai3="46,91,92,83,132,11,65,62,87,36,72,89,99"/><V121/><F68/><W32/><G32/><T90/><D0/><U133/><E114/><V70/><F121/><W78/><G132/><T117/><D130/><U106/><E3/><V54/><F70/><W28/><G28/><T128/><D128/><U116/><E116/><N who="0" m="44617" /><D90/><U6/><E106/><V124/><F124/><W56/><G11/><T129/><D129/><U33/><E6/><V60/><F108/><W118/><G118/><T7/><D63/><N who="1" m="40095" /><E42/><V5/><F60/><W107/><G46/><T4/><D77/><U38/><E38/><V81/><F73/><W40/><G40/><T53/><D74/><U97/><E97/><V125/><F125/><W1/><G1/><T71/><D71/><U101/><E101/><V76/><F76/><W22/><G22/><T57/><D15/><U98/><E98/><V43/><F37/><W8/><G8/><T126/><D126/><U127/><E127/><V93/><F5/><N who="0" m="2122" /><D27/><U31/><E31/><V110/><F110/><W39/><G89/><T102/><D102/><AGARI ba="0,0" hai="36,39,56,62,65,72,78,83,87,91,92,99,102,107" machi="102" ten="40,5200,0" yaku="24,2,52,1" doraHai="100" who="3" fromWho="0" sc="147,-52,479,0,140,0,234,52" />
</Scene>
<Scene>
<INIT seed="3,0,0,5,4,46" ten="95,479,140,286" oya="3" hai0="60,131,102,119,116,107,37,10,72,52,101,50,99" hai1="23,42,62,15,81,84,7,30,63,86,54,17,126" hai2="19,123,130,70,105,113,27,121,115,135,26,97,111" hai3="95,75,34,77,68,35,74,120,64,53,103,124,118"/><W14/><G118/><T32/><D32/><U87/><E126/><V132/><F70/><W21/><G120/><N who="2" m="46153" /><F105/><W38/><G38/><T8/><D72/><U85/><E42/><V13/><F97/><W40/><G40/><T76/><D76/><N who="1" m="46119" /><E7/><V45/><F45/><W88/><G103/><T51/><D37/><U49/><E30/><V129/><F111/><W134/><G124/><T73/><D73/><U28/><E28/><V82/><F82/><W67/><G134/><N who="2" m="51241" /><F13/><W29/><G14/><T25/><D25/><N who="2" m="9226" /><F19/><W18/><G18/><T33/><D102/><U56/><AGARI ba="0,0" hai="15,17,23,49,54,56,62,63,85,86,87" m="46119" machi="56" ten="30,2000,0" yaku="8,1,52,1" doraHai="46" who="1" fromWho="1" sc="95,-5,479,20,140,-5,286,-10" />
</Scene>
<Scene>
<INIT seed="4,0,0,5,2,80" ten="90,499,135,276" oya="0" hai0="53,37,98,2,121,16,73,122,75,15,7,23,12" hai1="103,41,44,106,40,57,24,36,17,72,108,14,33" hai2="130,50,45,42,19,114,65,54,68,52,89,100,88" hai3="83,18,4,48,56,87,105,74,51,135,115,61,94"/><T107/><D37/><U47/><E108/><V59/><F130/><W38/><G38/><T9/><D75/><U93/><E72/><V11/><F114/><W28/><G105/><T95/><D73/><U104/><E57/><V21/><F100/><W10/><G74/><T111/><D107/><U26/><E93/><V92/><F11/><W86/><G28/><T124/><D111/><U84/><E84/><N who="2" m="52231" /><F68/><W123/><G135/><T79/><D79/><U22/><E33/><V90/><F65/><W82/><G18/><T63/><D124/><U81/><E81/><V58/><F58/><W127/><G115/><T3/><D122/><U133/><E133/><V119/><F119/><W62/><G94/><T20/><D121/><U131/><E131/><V77/><F77/><N who="3" m="46415" /><G127/><T43/><D43/><U116/><E116/><V39/><F39/><W120/><G120/><T91/><REACH who="0" step="1"/><D23/><REACH who="0" ten="80,499,135,276" step="2"/><U30/><E106/><V110/><F110/><W99/><G123/><T109/><D109/><U76/><E76/><V5/><F5/><W6/><G6/><T70/><D70/><U49/><E104/><V67/><F67/><W97/><G4/><T129/><D129/><U85/><E36/><V1/><F1/><W126/><G126/><T101/><D101/><U25/><E103/><V66/><F66/><W112/><G112/><T69/><D69/><U55/><E22/><V31/><F31/><W27/><G10/><T96/><D96/><U35/><E30/><V46/><F54/><W125/><G125/><T118/><D118/><U0/><E55/><V60/><F46/><W117/><G117/><RYUUKYOKU ba="0,1" sc="80,15,499,-15,135,15,276,-15" hai0="2,3,7,9,12,15,16,20,53,63,91,95,98" hai2="19,21,42,45,50,52,59,60,89,90" />
</Scene>
<Scene>
<INIT seed="4,1,1,4,3,131" ten="95,484,150,261" oya="0" hai0="135,110,48,67,80,28,129,55,69,7,107,39,112" hai1="3,86,65,95,122,27,31,114,32,127,125,64,101" hai2="106,12,115,66,26,30,133,113,62,108,92,116,83" hai3="9,89,120,74,46,132,15,91,63,2,68,18,123"/><T49/><D107/><U88/><E122/><N who="3" m="46634" /><G132/><T0/><D28/><U42/><E3/><V73/><F108/><W79/><G2/><T98/><D98/><U45/><E101/><V36/><F36/><W109/><G109/><T53/><D110/><U20/><E32/><N who="2" m="20567" /><F116/><W37/><G79/><T93/><D93/><U10/><E10/><V56/><F106/><W103/><G74/><T90/><D90/><U102/><E102/><V52/><F133/><W50/><G37/><T104/><D80/><U8/><E8/><V29/><F29/><W25/><G25/><T19/><D104/><U71/><E71/><V40/><F40/><N who="3" m="24903" /><G103/><T84/><D135/><U5/><E5/><V96/><F12/><W117/><G117/><T82/><D39/><U58/><E31/><V61/><F83/><W77/><G77/><T111/><D111/><U81/><E27/><V59/><F73/><W100/><G100/><T134/><D134/><U130/><E81/><V97/><F92/><W35/><G35/><T4/><D0/><U118/><E95/><V14/><F14/><W6/><G6/><T33/><D33/><U124/><E118/><V11/><F11/><W23/><G9/><T54/><D4/><U105/><E105/><V24/><F24/><W51/><G51/><T1/><D49/><U60/><E127/><V17/><F17/><W99/><G99/><T121/><D48/><U70/><E125/><V75/><F75/><W85/><G85/><T57/><D84/><U44/><E86/><V76/><F76/><W126/><G126/><T94/><D121/><U34/><E124/><RYUUKYOKU ba="1,1" sc="95,-15,484,-15,150,15,261,15" hai2="52,56,59,61,62,66,96,97,113,115" hai3="15,18,23,63,68,89,91" />
</Scene>
<Scene>
<INIT seed="5,2,1,5,1,92" ten="80,469,165,276" oya="1" hai0="105,34,96,69,120,15,20,41,75,22,123,21,134" hai1="80,61,101,97,128,4,13,42,116,106,55,31,56" hai2="118,82,94,115,114,66,122,125,25,49,3,73,30" hai3="84,108,131,65,133,124,52,83,70,132,87,44,89"/><U67/><E116/><V63/><F122/><N who="0" m="46634" /><D69/><U98/><E128/><V91/><F118/><W99/><G108/><T2/><D75/><U81/><E42/><V85/><F3/><W88/><G131/><T45/><D2/><U51/><E31/><V64/><F125/><W23/><G124/><T59/><D34/><U90/><E90/><N who="2" m="51511" /><F73/><W117/><G117/><T16/><D59/><N who="1" m="37311" /><E101/><V12/><F12/><W130/><G130/><T48/><D134/><N who="3" m="51817" /><G23/><T127/><D127/><U38/><E106/><V72/><F72/><W35/><G35/><T26/><D26/><U78/><E38/><V19/><F19/><W33/><G33/><T102/><AGARI ba="2,1" hai="15,16,20,21,22,41,45,48,96,102,105" m="46634" machi="102" ten="30,4000,0" yaku="13,1,52,1,54,1" doraHai="92" who="0" fromWho="0" sc="80,56,469,-22,165,-12,276,-12" />
</Scene>
<Scene>
<INIT seed="6,0,0,3,5,93" ten="136,447,153,264" oya="2" hai0="7,25,57,134,68,47,128,21,108,106,103,67,105" hai1="59,109,118,71,38,98,89,120,17,66,125,119,24" hai2="49,54,31,70,87,104,11,94,13,77,27,124,115" hai3="82,122,52,2,12,64,36,23,45,55,135,110,61"/><V6/><F70/><W40/><G2/><T50/><D108/><U90/><E109/><V33/><F104/><W131/><G110/><T51/><D68/><U101/><E38/><V76/><F124/><W4/><G122/><T86/><D134/><U3/><E125/><V117/><F117/><W129/><G135/><T130/><D7/><U26/><E3/><V63/><F63/><W46/><G82/><T42/><D86/><U14/><E71/><V112/><F94/><W126/><G126/><T127/><D127/><U91/><E120/><V81/><REACH who="2" step="1"/><F77/><REACH who="2" ten="136,447,143,264" step="2"/><W95/><G95/><T43/><D106/><U132/><E132/><V123/><F123/><W32/><G61/><T85/><D105/><U20/><E119/><V80/><F80/><W84/><G131/><T121/><D121/><U29/><E118/><V8/><F8/><W10/><G129/><T73/><D130/><U0/><E66/><V35/><F35/><W62/><G32/><T53/><D128/><U99/><E101/><V16/><F16/><W1/><G62/><T78/><D67/><U30/><E17/><V92/><F92/><W113/><G10/><T111/><D103/><U37/><E30/><V96/><F96/><W9/><G9/><T116/><D116/><U65/><E98/><V88/><F88/><W60/><G60/><T102/><D102/><U41/><E99/><V56/><AGARI ba="0,1" hai="6,11,13,27,31,33,49,54,56,76,81,87,112,115" machi="56" ten="30,6000,0" yaku="1,1,0,1,53,1" doraHai="93" doraHaiUra="72" who="2" fromWho="2" sc="136,-20,447,-20,143,70,264,-20" />
</Scene>
<Scene>
<INIT seed="6,1,0,3,1,50" ten="116,427,213,244" oya="2" hai0="66,97,72,113,79,111,95,55,70,132,17,104,73" hai1="91,124,62,49,126,82,87,21,69,86,32,107,53" hai2="23,114,25,89,65,100,84,122,99,56,101,14,117" hai3="130,52,27,37,33,121,98,103,20,81,128,45,106"/><V36/><F122/><W7/><G121/><T1/><D1/><U43/><E32/><V75/><F36/><W24/><G7/><T60/><D111/><U6/><E107/><V58/><F75/><W42/><G81/><T123/><D123/><U80/><E6/><V61/><F117/><W5/><G5/><T131/><D104/><U93/><E43/><V116/><F116/><W119/><G119/><T11/><D113/><U129/><E129/><N who="3" m="49770" /><G33/><T41/><D41/><U46/><E21/><V48/><F114/><W0/><G0/><T115/><D115/><U54/><E69/><V94/><F99/><W127/><G127/><N who="1" m="48682" /><E87/><V64/><F14/><W18/><G52/><T71/><D132/><U78/><E78/><V44/><F58/><AGARI ba="1,0" hai="46,49,53,54,58,62,80,82,86,91,93" m="48682" machi="58" ten="30,3900,0" yaku="18,1,52,2" doraHai="50" who="1" fromWho="2" sc="116,0,427,42,213,-42,244,0" />
</Scene>
<Scene>
<INIT seed="7,0,0,0,3,93" ten="116,469,171,244" oya="3" hai0="1,35,38,54,103,81,69,29,48,28,20,8,128" hai1="87,126,53,58,116,89,41,36,100,90,22,60,12" hai2="4,37,43,27,117,82,124,123,45,129,51,18,111" hai3="115,127,94,121,7,118,44,11,63,9,46,114,84"/><W50/><G118/><T131/><D38/><U78/><E116/><V80/><F117/><W133/><G121/><T33/><D69/><U101/><E126/><V74/><F123/><W47/><G127/><T55/><D81/><N who="1" m="47543" /><E41/><V75/><F111/><W67/><G133/><T64/><D64/><U99/><E36/><V14/><F124/><W25/><G25/><T40/><D103/><N who="1" m="39499" /><E99/><V125/><F129/><N who="0" m="49738" /><D40/><U122/><E122/><V106/><F106/><W16/><G84/><T92/><D92/><U88/><E12/><V10/><F37/><W68/><G94/><T61/><D61/><U97/><E97/><V72/><F125/><W76/><G76/><T120/><D48/><U32/><E32/><N who="0" m="12361" /><D120/><U91/><E22/><V104/><F104/><W105/><G105/><T132/><D55/><U135/><E135/><V49/><F51/><W17/><G50/><T109/><D54/><U95/><E91/><V13/><F74/><W66/><G66/><T21/><D132/><U52/><E95/><V2/><F75/><W15/><G67/><AGARI ba="0,0" hai="52,53,58,60,67,88,89,90" m="39499,47543" machi="67" ten="30,3900,0" yaku="8,1,54,2" doraHai="93" who="1" fromWho="3" sc="116,0,469,39,171,0,244,-39" owari="116,-38.0,508,60.0,171,-23.0,205,1.0" />
</Scene>
</mjloggm>