<mjloggm ver="2.3"><GO type="169" lobby="0"/><UN n0="%E5%A4%AA%E3%81%8F%E3%81%AA%E3%81%84%E3%81%8A" n1="%E5%94%AF%E4%B8%80%E7%B5%B6%E5%AF%BE%E7%A5%9E%E7%9C%8C%E5%8D%97" n2="%E3%83%AA%E3%83%88%E3%83%AB%E3%82%A4%E3%83%B3%E3%83%91%E3%82%AF%E3%83%88" n3="%E9%8C%AF%E4%B9%B1%E3%82%AB%E3%83%AB%E3%83%94%E3%82%B9" dan="19,16,16,17" rate="2317.76,2092.50,2058.32,2129.97" sx="F,M,M,F"/><TAIKYOKU oya="0"/>

<Scene>
<INIT seed="0,0,0,0,4,95" ten="250,250,250,250" oya="0" hai0="66,52,110,10,108,45,101,65,78,135,46,125,14" hai1="127,1,68,6,63,126,109,26,96,59,102,93,81" hai2="11,123,103,131,29,134,130,7,42,13,117,94,32" hai3="75,119,0,104,57,120,27,5,79,114,53,30,21"/><T99/><D125/><U70/><E109/><N who="0" m="42089" /><D78/><U98/><E81/><V118/><F42/><W16/><G119/><N who="2" m="45577" /><F94/><W35/><G114/><T58/><D135/><U80/><E80/><V28/><F103/><W89/><G79/><T88/><D88/><U87/><E87/><V64/><F64/><N who="0" m="24682" /><D14/><U97/><E26/><N who="2" m="18455" /><F123/><W124/><G75/><T67/><D10/><U73/><E73/><V71/><F71/><N who="1" m="27177" /><E6/><V39/><F39/><W77/><G124/><N who="1" m="47658" /><E1/><V115/><F115/><W40/><G77/><T82/><D82/><U47/><E47/><V44/><F44/><W54/><G0/><T107/><N who="0" m="24690" /><AGARI ba="0,0" hai="59,63,67,93,96,97,98,102" m="47658,27177" machi="67" ten="30,8000,1" yaku="3,1,18,1,52,3" doraHai="95" who="1" fromWho="0" sc="250,-80,250,80,250,0,250,0" />
</Scene>
<Scene>
<INIT seed="1,0,0,5,4,63" ten="170,330,250,250" oya="1" hai0="70,58,88,3,50,53,17,15,71,39,42,109,127" hai1="111,121,90,14,115,32,40,118,82,102,120,113,22" hai2="18,99,60,43,59,122,84,47,0,96,77,8,44" hai3="134,81,69,80,76,36,7,129,31,104,103,56,33"/><U66/><E32/><V68/><F68/><W16/><G69/><T2/><D70/><U132/><E132/><V74/><F74/><W11/><G134/><T119/><D119/><U83/><E40/><V9/><F122/><W93/><G104/><T28/><D28/><U87/><E22/><V26/><F0/><W65/><G36/><T52/><D71/><U48/><E48/><N who="2" m="26655" /><F47/><W117/><G129/><T41/><D41/><U62/><E118/><V125/><F125/><W20/><G33/><T23/><D127/><U4/><E102/><V24/><F84/><W98/><G31/><T34/><D34/><U27/><E27/><N who="2" m="10283" /><F77/><W37/><G37/><T126/><D126/><U130/><E120/><V91/><F91/><W75/><G80/><T49/><D109/><U133/><E121/><V123/><F123/><W124/><G124/><T114/><D114/><U108/><E111/><V110/><F110/><W131/><G131/><T5/><D5/><U10/><E108/><V64/><F18/><W51/><G7/><T135/><D135/><U61/><E130/><V1/><F1/><W35/><G35/><T21/><D42/><U67/><E133/><V6/><F6/><W106/><G106/><T78/><D39/><U38/><E38/><V112/><F112/><W25/><G117/><T89/><D78/><U85/><E115/><V128/><F128/><W55/><REACH who="3" step="1"/><G11/><AGARI ba="0,0" hai="8,9,11,59,60,64,96,99" m="10283,26655" machi="11" ten="30,2000,0" yaku="8,1,52,1" doraHai="63" who="2" fromWho="3" sc="170,0,330,0,250,20,250,-20" />
</Scene>
<Scene>
<INIT seed="2,0,0,5,0,35" ten="170,330,270,230" oya="2" hai0="78,126,132,89,28,47,51,103,10,71,124,99,93" hai1="58,57,73,88,91,110,15,95,122,86,45,34,14" hai2="64,39,90,67,123,84,111,80,59,83,33,43,68" hai3="16,79,76,81,26,127,53,121,56,5,23,107,19"/><V92/><F33/><W60/><G121/><T31/><D71/><U101/><E34/><V65/><F123/><W116/><G116/><T40/><D132/><U30/><E122/><V66/><F111/><W94/><G107/><T100/><D78/><U29/><E110/><V131/><F39/><W50/><G127/><N who="0" m="48683" /><D10/><U118/><E73/><V46/><F131/><W36/><G36/><T25/><D25/><U22/><E118/><V41/><F68/><W135/><G135/><T55/><D40/><N who="2" m="15434" /><F46/><W74/><G79/><T106/><D103/><U133/><E133/><V18/><F18/><W9/><G94/><T38/><D38/><U120/><E120/><V97/><F97/><AGARI ba="0,0" hai="28,31,47,51,55,89,93,97,99,100,106" m="48683" machi="97" ten="30,1000,0" yaku="18,1" doraHai="35" who="0" fromWho="2" sc="170,10,330,0,270,-10,230,0" />
</Scene>
<Scene>
<INIT seed="3,0,0,3,5,54" ten="180,330,260,230" oya="3" hai0="61,90,18,126,85,63,55,105,0,37,4,79,26" hai1="30,87,48,31,93,134,73,68,121,78,20,88,84" hai2="42,132,123,113,110,51,98,60,89,1,2,46,122" hai3="101,103,64,82,14,41,69,124,29,112,94,106,130"/><W67/><G112/><T119/><D119/><U21/><E121/><N who="2" m="46091" /><F113/><W74/><G106/><T7/><D37/><U36/><E36/><V44/><F132/><W62/><G41/><T104/><D79/><U49/><E68/><V11/><F110/><W125/><G130/><T17/><D126/><N who="3" m="48745" /><G29/><N who="1" m="10762" /><E73/><V35/><F46/><W115/><G115/><T77/><D77/><U131/><E134/><V118/><F35/><W33/><G33/><T50/><D0/><U13/><E131/><V45/><F45/><W10/><G67/><T80/><D105/><U53/><E13/><V92/><F118/><W114/><G94/><T99/><D99/><U27/><E27/><V66/><F11/><W16/><G114/><T19/><D26/><U133/><E133/><V97/><F97/><W43/><G43/><T28/><D28/><U75/><E75/><V129/><F129/><W15/><G15/><T72/><D72/><U120/><E120/><V58/><AGARI ba="0,0" hai="1,2,42,44,51,58,60,66,89,92,98" m="46091" machi="58" ten="30,2000,0" yaku="13,1,52,1" doraHai="54" who="2" fromWho="2" sc="180,-5,330,-5,260,20,230,-10" />
</Scene>
<Scene>
<INIT seed="4,0,0,1,1,21" ten="175,325,280,220" oya="0" hai0="32,71,54,91,63,55,99,65,100,107,64,78,7" hai1="127,131,122,111,108,45,43,6,47,23,113,67,22" hai2="126,5,53,15,13,8,17,37,12,85,112,38,105" hai3="39,42,34,121,77,76,59,2,130,10,68,89,56"/><T70/><D78/><N who="3" m="30313" /><G34/><T88/><D7/><U92/><E122/><V84/><F105/><W44/><G2/><T33/><D33/><U3/><E111/><V51/><F126/><W86/><G68/><T118/><D118/><U119/><E108/><V28/><F28/><W57/><G10/><T114/><D114/><U110/><E110/><V50/><F50/><W133/><G133/><T69/><D32/><U95/><E119/><V66/><F15/><W25/><G130/><T117/><D117/><U72/><E72/><V26/><F66/><W128/><G128/><T35/><D35/><U27/><E131/><V132/><F38/><W79/><G39/><T82/><D82/><U134/><E127/><V19/><F37/><W106/><G106/><T124/><D124/><U94/><E134/><V93/><F132/><W46/><G42/><T36/><D36/><U18/><E113/><V14/><F14/><W58/><G58/><T0/><D0/><U109/><E109/><V52/><F53/><W75/><G79/><T74/><D74/><U41/><E3/><V81/><F112/><W103/><G103/><T62/><REACH who="0" step="1"/><D69/><REACH who="0" ten="165,325,280,220" step="2"/><U129/><E129/><V98/><F5/><W16/><G75/><T60/><D60/><U83/><E83/><V4/><F4/><W61/><G61/><T87/><D87/><U97/><E6/><V20/><F85/><W24/><G121/><T116/><D116/><U9/><E97/><V96/><F96/><W29/><G86/><T123/><D123/><U11/><E67/><V30/><F84/><W101/><G101/><T104/><D104/><RYUUKYOKU ba="0,1" sc="165,30,325,-10,280,-10,220,-10" hai0="54,55,62,63,64,65,70,71,88,91,99,100,107" />
</Scene>
<Scene>
<INIT seed="4,1,1,1,2,32" ten="195,315,270,210" oya="0" hai0="71,104,49,1,73,27,20,16,63,90,81,0,9" hai1="35,59,22,47,100,65,17,11,101,86,126,54,5" hai2="109,110,108,61,83,132,57,10,75,72,87,70,69" hai3="48,125,46,25,53,39,114,64,60,91,130,121,34"/><T113/><D104/><U97/><E35/><V37/><F37/><W123/><G114/><T44/><D113/><U29/><E126/><V85/><F132/><W124/><G130/><T79/><D90/><U15/><E29/><V77/><F10/><W89/><G34/><T2/><D9/><U119/><E119/><V18/><F18/><W55/><G25/><T26/><D26/><U23/><E23/><V96/><F96/><W98/><G39/><T51/><REACH who="0" step="1"/><D44/><REACH who="0" ten="185,315,270,210" step="2"/><U92/><E47/><V33/><F33/><W67/><G91/><T111/><D111/><U134/><E134/><V14/><F110/><W42/><G89/><T56/><D56/><U115/><E115/><V133/><F133/><W80/><G80/><T82/><D82/><U30/><E59/><V135/><F135/><W88/><G88/><T117/><D117/><U6/><E11/><V41/><F109/><W122/><G98/><T40/><D40/><U7/><E97/><V127/><F41/><W45/><G45/><T21/><D21/><U78/><E22/><V31/><F108/><W103/><G103/><T120/><D120/><U68/><E100/><V19/><F83/><W106/><G106/><T38/><D38/><U3/><E101/><V84/><F70/><W4/><G4/><T62/><D62/><U107/><E7/><V94/><F61/><W93/><G93/><T66/><AGARI ba="1,2" hai="0,1,2,16,20,27,49,51,63,66,71,73,79,81" machi="66" ten="40,18000,2" yaku="1,1,0,1,52,3,54,1,53,0" doraHai="32" doraHaiUra="112" who="0" fromWho="0" sc="185,203,315,-61,270,-61,210,-61" />
</Scene>
<Scene>
<INIT seed="4,2,0,4,0,89" ten="388,254,209,149" oya="0" hai0="55,29,63,51,117,37,53,39,124,2,128,21,3" hai1="67,127,35,38,6,106,90,47,33,88,123,18,50" hai2="4,13,7,84,30,82,26,95,0,109,76,81,10" hai3="97,99,65,14,62,12,125,5,71,111,69,48,16"/><T93/><D117/><U120/><E106/><V116/><F116/><W112/><G111/><T85/><D124/><U104/><E104/><V58/><F109/><W121/><G121/><T34/><D34/><U132/><E38/><V79/><F0/><W15/><G125/><T40/><D128/><U22/><E127/><V36/><F58/><W68/><G112/><T91/><D40/><U8/><E132/><V80/><F36/><W135/><G135/><T98/><D2/><U64/><E35/><V32/><REACH who="2" step="1"/><F4/><REACH who="2" ten="388,254,199,149" step="2"/><W87/><G5/><T129/><D3/><U52/><E120/><V134/><F134/><W61/><G65/><T100/><D129/><U83/><E123/><V1/><F1/><W57/><G57/><T74/><D39/><U92/><E33/><V27/><F27/><W107/><G48/><T118/><D37/><U86/><E6/><V73/><F73/><W115/><G115/><T103/><D74/><U66/><E8/><V131/><F131/><W114/><G114/><T28/><D118/><U54/><E50/><V101/><F101/><W70/><G70/><T25/><D103/><U110/><E110/><V108/><F108/><W45/><G69/><T41/><D100/><U56/><E56/><V11/><F11/><W72/><G72/><T19/><D51/><U49/><E49/><V23/><F23/><W126/><G68/><T9/><D9/><U102/><E102/><V59/><F59/><W105/><G71/><T42/><D21/><U94/><E47/><V113/><F113/><W31/><G126/><T96/><D25/><N who="1" m="14551" /><E83/><V46/><F46/><RYUUKYOKU ba="2,1" sc="388,-15,254,15,199,15,149,-15" hai1="52,54,64,66,67,86,88,90,92,94" hai2="7,10,13,26,30,32,76,79,80,81,82,84,95" />
</Scene>
<Scene>
<INIT seed="5,3,1,1,0,75" ten="373,269,214,134" oya="1" hai0="1,30,116,31,33,81,117,126,106,93,131,34,62" hai1="54,120,113,0,53,7,57,90,63,71,6,27,65" hai2="89,35,119,11,105,96,15,67,14,69,118,85,132" hai3="76,29,48,55,92,66,50,5,124,58,123,79,115"/><U95/><E120/><V130/><F35/><W8/><G123/><T22/><D106/><U18/><E113/><V133/><F67/><W77/><G115/><T41/><D41/><U127/><E127/><V64/><F64/><W44/><G124/><T99/><D126/><U38/><E38/><V59/><F59/><W104/><G104/><T88/><D1/><U37/><E37/><V52/><F69/><W102/><G29/><T82/><D131/><U10/><E7/><V98/><F52/><N who="3" m="29703" /><G66/><T60/><D22/><U91/><E54/><V78/><F15/><N who="3" m="5519" /><G92/><T73/><D73/><U36/><E36/><V28/><F14/><W122/><G122/><T61/><D30/><U3/><E3/><V107/><F11/><W121/><G121/><T103/><D31/><U128/><E95/><N who="2" m="54703" /><F28/><W42/><G102/><T49/><D103/><U9/><E10/><V97/><F130/><W87/><G42/><T13/><D33/><U108/><E128/><V2/><F2/><W94/><G94/><T129/><D34/><U86/><E108/><V110/><F110/><W46/><G46/><T56/><D129/><U20/><REACH who="1" step="1"/><E86/><AGARI ba="3,1" hai="50,55,58,76,77,79,86,87" m="5519,29703" machi="86" ten="30,8000,1" yaku="8,1,52,3,54,1" doraHai="75" who="3" fromWho="1" sc="373,0,269,-89,214,0,134,99" />
</Scene>
<Scene>
<INIT seed="6,0,0,3,1,113" ten="373,180,214,233" oya="2" hai0="45,110,102,3,54,30,129,104,38,86,68,5,101" hai1="25,0,17,23,124,21,98,134,1,26,29,115,27" hai2="37,93,4,87,36,57,62,60,92,123,34,105,15" hai3="52,47,14,130,13,89,88,7,73,109,117,61,131"/><V43/><F34/><W85/><G109/><T56/><D68/><U77/><E77/><V127/><F105/><W79/><G73/><T99/><D110/><U91/><E98/><V11/><F127/><W10/><G14/><T119/><D101/><U46/><E91/><V74/><F74/><W103/><G103/><T32/><D129/><N who="3" m="49161" /><G117/><T94/><D32/><N who="1" m="20527" /><E46/><V49/><F62/><W81/><G61/><T58/><D30/><N who="1" m="17743" /><E115/><V125/><F123/><W108/><G108/><T120/><D86/><U8/><E124/><V42/><F125/><W9/><G9/><T95/><D95/><U111/><E111/><V118/><F93/><W116/><G116/><T121/><D119/><U82/><E82/><V18/><F118/><W71/><G71/><T90/><D102/><U84/><E84/><V83/><F92/><W106/><G106/><T55/><D104/><U69/><E69/><V48/><F87/><W35/><G35/><T128/><D128/><U135/><E8/><V76/><F83/><W114/><G114/><T107/><D107/><U39/><E39/><V66/><F76/><W41/><G41/><N who="0" m="22711" /><D121/><U22/><E22/><V19/><F37/><W132/><G132/><AGARI ba="0,0" hai="0,1,17,23,27,132,134,135" m="17743,20527" machi="132" ten="30,3900,0" yaku="20,1,34,2" doraHai="113" who="1" fromWho="3" sc="373,0,180,39,214,0,233,-39" />
</Scene>
<Scene>
<INIT seed="7,0,0,1,3,30" ten="373,219,214,194" oya="3" hai0="26,105,36,8,91,92,48,81,3,116,52,107,90" hai1="134,74,18,45,24,131,20,0,19,38,23,82,97" hai2="112,7,66,104,27,96,63,85,76,25,108,65,29" hai3="54,72,106,77,125,55,94,2,39,130,128,89,53"/><W11/><G106/><T121/><D36/><U9/><E131/><N who="3" m="50218" /><G125/><T75/><D116/><U118/><E118/><V40/><F40/><W44/><G39/><T69/><D69/><U98/><E134/><V22/><F7/><N who="3" m="1527" /><G77/><T78/><D121/><U87/><E74/><V64/><F112/><W17/><G72/><T99/><D26/><U16/><E0/><V61/><F27/><W59/><G44/><T122/><D122/><U93/><E38/><V133/><F108/><W80/><G17/><T120/><D120/><U68/><E45/><V124/><F133/><W47/><G47/><T5/><D91/><U15/><E68/><V135/><F124/><W28/><G28/><T132/><D132/><U37/><E37/><V129/><F129/><W117/><G117/><T127/><D127/><U95/><E97/><V62/><F135/><W42/><G42/><T33/><D105/><U35/><E98/><V50/><F96/><N who="3" m="57423" /><G80/><T41/><D107/><U73/><E73/><V13/><F104/><W10/><G10/><T49/><D41/><U126/><E126/><V6/><F85/><W79/><G79/><T86/><D75/><U32/><E32/><V110/><F76/><W109/><G109/><T71/><D78/><N who="1" m="46551" /><E35/><V4/><F110/><W100/><G100/><T58/><D8/><U83/><E83/><V34/><F34/><W31/><G31/><T14/><D81/><U103/><E103/><V12/><F29/><W101/><G101/><T21/><D3/><U1/><E1/><V123/><F123/><W111/><G111/><T114/><D92/><U70/><E70/><RYUUKYOKU ba="0,0" sc="373,-15,219,15,214,-15,194,15" hai1="9,15,16,18,19,20,23,24,93,95" hai3="53,54,55,59" />
</Scene>
<Scene>
<INIT seed="7,1,0,5,3,104" ten="358,234,199,209" oya="3" hai0="111,62,14,95,0,84,107,121,26,112,49,45,109" hai1="108,4,39,43,105,27,123,57,32,18,69,102,116" hai2="106,13,115,129,67,101,7,34,9,35,21,125,52" hai3="82,50,124,79,133,38,120,93,134,68,83,33,75"/><W65/><G120/><T46/><D0/><U55/><E123/><V66/><F106/><W118/><G118/><T89/><D121/><U78/><E69/><V60/><F101/><W59/><G38/><T113/><D107/><U17/><E108/><V88/><F125/><W11/><G124/><T77/><D77/><U23/><E116/><V132/><F129/><W94/><G33/><T41/><D62/><U135/><E32/><V31/><F132/><N who="3" m="50795" /><G68/><T48/><D14/><U42/><E135/><V85/><F35/><W122/><G122/><T100/><D100/><U30/><E39/><V128/><F34/><W28/><G28/><T36/><D26/><U73/><E4/><V90/><F90/><W117/><G117/><T51/><D45/><U91/><E102/><V24/><F115/><AGARI ba="1,0" hai="36,41,46,48,49,51,84,89,95,109,111,112,113,115" machi="115" ten="40,2600,0" yaku="15,1,11,1" doraHai="104" who="0" fromWho="2" sc="358,29,234,0,199,-29,209,0" owari="387,49.0,234,3.0,170,-33.0,209,-19.0" />
</Scene>
</mjloggm>