<mjloggm ver="2.3"><GO type="169" lobby="0"/><UN n0="%6D%75%6B%69%74%74%69" n1="%E5%9B%BD%E8%A6%8B%E6%AF%94%E5%91%82" n2="%E5%A4%AA%E3%81%8F%E3%81%AA%E3%81%84%E3%81%8A" n3="%77%65%69%73%6D%65%6C" dan="16,17,18,16" rate="2068.13,2226.52,2233.88,2056.68" sx="M,M,F,M"/><TAIKYOKU oya="0"/>

<Scene>
<INIT seed="0,0,0,2,3,50" ten="250,250,250,250" oya="0" hai0="117,38,72,36,49,118,43,76,128,75,130,18,123" hai1="25,9,30,104,127,92,27,63,8,98,88,90,19" hai2="51,53,115,71,94,1,66,70,15,125,84,21,133" hai3="29,61,64,69,31,12,3,7,4,108,67,58,89"/><T131/><D123/><U24/><E127/><V119/><F1/><W112/><G3/><T129/><D18/><U81/><E104/><V116/><F115/><W121/><G112/><T41/><D131/><U107/><E107/><V93/><F125/><W16/><G108/><T56/><D76/><U124/><E124/><V74/><F74/><N who="0" m="28202" /><D56/><U65/><E30/><V82/><F133/><W45/><G45/><N who="0" m="23719" /><D49/><U40/><E40/><V17/><F94/><W120/><G58/><T20/><D20/><U57/><E19/><V37/><F37/><W87/><G120/><T109/><D109/><U23/><E23/><V48/><F93/><W132/><G121/><T28/><D28/><U5/><E5/><V126/><F51/><W135/><G7/><T78/><D78/><U100/><REACH who="1" step="1"/><E81/><REACH who="1" ten="250,240,250,250" step="2"/><V73/><F126/><W44/><G4/><T101/><D43/><U13/><E13/><V11/><F21/><W39/><G12/><T86/><D130/><U103/><E103/><V35/><F17/><W105/><G31/><T79/><D101/><U80/><E80/><V99/><F82/><W122/><G29/><T96/><D129/><U106/><E106/><V46/><F15/><W111/><G105/><T34/><D128/><U113/><E113/><V6/><F6/><W2/><G111/><T0/><D0/><U97/><E97/><V68/><F99/><W62/><G2/><T55/><D96/><U134/><E134/><V42/><F42/><W102/><G102/><T114/><D114/><U110/><E110/><V91/><F11/><AGARI ba="0,1" hai="8,9,11,24,25,27,57,63,65,88,90,92,98,100" machi="11" ten="40,5200,0" yaku="1,1,8,1,54,1,53,0" doraHai="50" doraHaiUra="26" who="1" fromWho="2" sc="250,0,240,62,250,-52,250,0" />
</Scene>
<Scene>
<INIT seed="1,0,0,5,3,11" ten="250,302,198,250" oya="1" hai0="24,87,110,59,106,69,29,46,50,119,51,92,112" hai1="67,95,79,54,61,25,13,7,98,38,42,32,129" hai2="3,108,1,102,113,68,4,62,82,127,2,131,76" hai3="8,86,101,20,15,6,65,39,64,12,60,135,72"/><U71/><E129/><V97/><F131/><W123/><G72/><T44/><D69/><U55/><E79/><V18/><F108/><W56/><G39/><T14/><D106/><U121/><E121/><V116/><F116/><W49/><G123/><T37/><D119/><U104/><E38/><V77/><F127/><W17/><G135/><T128/><D128/><U80/><E80/><V21/><F113/><W19/><G49/><T133/><D112/><U89/><E42/><V94/><F4/><W34/><G34/><T5/><D37/><U36/><E36/><V73/><F77/><W118/><G118/><T125/><D125/><U134/><E134/><V96/><F96/><W81/><G101/><T31/><D133/><U57/><E104/><V90/><F102/><W22/><G56/><T63/><D110/><U91/><E91/><V120/><F120/><W74/><G60/><T28/><D24/><U10/><REACH who="1" step="1"/><E71/><REACH who="1" ten="250,292,198,250" step="2"/><V35/><F68/><W83/><G74/><T122/><D122/><U88/><E88/><V26/><F82/><N who="3" m="31243" /><G86/><T109/><D109/><U45/><E45/><V126/><F126/><W115/><G115/><T0/><D46/><U23/><E23/><V100/><F76/><W107/><G107/><T47/><D44/><U70/><E70/><V105/><F73/><W40/><G40/><T78/><D47/><U130/><E130/><V66/><F35/><W124/><G124/><T117/><D117/><U111/><E111/><V48/><F105/><W58/><G58/><T99/><D59/><U93/><E93/><V41/><F94/><W16/><G22/><RYUUKYOKU ba="0,1" sc="250,-15,292,15,198,-15,250,15" hai1="7,10,13,25,32,54,55,57,61,67,89,95,98" hai3="6,8,12,15,16,17,19,20,64,65" />
</Scene>
<Scene>
<INIT seed="1,1,1,2,2,31" ten="235,307,183,265" oya="1" hai0="23,57,64,93,82,104,45,65,123,38,85,92,130" hai1="41,8,58,26,121,48,55,131,126,22,51,49,73" hai2="83,70,27,61,5,32,110,125,30,84,100,42,44" hai3="36,112,97,19,72,119,129,71,88,90,127,3,124"/><U68/><E121/><V99/><F110/><W15/><G3/><T74/><D104/><U109/><E68/><V78/><F125/><N who="3" m="48203" /><G72/><T12/><D74/><U103/><E126/><V2/><F5/><W79/><G79/><T94/><D130/><U54/><E73/><V89/><F2/><W96/><G36/><T53/><D123/><U33/><E33/><V102/><F70/><W6/><G6/><T7/><D45/><U87/><E131/><V60/><F78/><W18/><G71/><T75/><D38/><U20/><E109/><V107/><REACH who="2" step="1"/><F102/><REACH who="2" ten="235,307,173,265" step="2"/><W1/><G1/><T24/><D7/><U122/><E103/><V35/><F35/><W95/><G129/><T120/><D120/><U108/><E108/><V52/><F52/><W116/><G119/><T117/><D117/><U76/><E122/><V59/><F59/><W113/><G116/><T40/><D53/><U81/><E54/><V43/><F43/><W77/><G77/><T69/><D40/><U37/><E55/><V56/><F56/><W86/><G113/><T34/><D57/><U46/><E58/><V114/><F114/><W80/><G112/><T16/><D69/><U91/><E76/><V101/><F101/><W66/><G66/><T133/><D75/><U4/><REACH who="1" step="1"/><E26/><REACH who="1" ten="235,297,173,265" step="2"/><V132/><F132/><W98/><G90/><T39/><D133/><U135/><E135/><V50/><AGARI ba="1,3" hai="27,30,32,42,44,50,60,61,83,84,89,99,100,107" machi="50" ten="20,5200,0" yaku="1,1,0,1,7,1,52,1,53,0" doraHai="31" doraHaiUra="63" who="2" fromWho="2" sc="235,-14,297,-27,173,85,265,-14" />
</Scene>
<Scene>
<INIT seed="2,0,0,2,4,13" ten="221,270,258,251" oya="2" hai0="34,26,9,47,63,97,131,133,54,8,40,98,107" hai1="20,79,45,36,30,78,22,52,132,74,121,66,113" hai2="114,91,32,4,129,124,35,71,16,83,105,72,82" hai3="39,110,99,103,62,37,125,60,96,69,23,11,65"/><V75/><F114/><W24/><G110/><T102/><D131/><U117/><E113/><V80/><F71/><W127/><G11/><T55/><D133/><U14/><E117/><V70/><F70/><W108/><G108/><T86/><D97/><U56/><E74/><V123/><F123/><W17/><G62/><T50/><D86/><U19/><E132/><V84/><F105/><W120/><G120/><T41/><D63/><N who="1" m="38247" /><E36/><V135/><F135/><W119/><G119/><T46/><D34/><U76/><E121/><V28/><F4/><W59/><G69/><T58/><D26/><N who="1" m="16727" /><E45/><V126/><F129/><W118/><G118/><T112/><D112/><U101/><E101/><V31/><F84/><W68/><G68/><T92/><D107/><U12/><E52/><N who="0" m="20009" /><D58/><U89/><E89/><V94/><F91/><W3/><G3/><T48/><AGARI ba="0,0" hai="8,9,40,41,46,47,48,50,92,98,102" m="20009" machi="48" ten="30,2000,0" yaku="8,1,54,1" doraHai="13" who="0" fromWho="0" sc="221,20,270,-5,258,-10,251,-5" />
</Scene>
<Scene>
<INIT seed="3,0,0,5,3,124" ten="241,265,248,246" oya="3" hai0="10,12,38,0,58,111,18,132,110,66,105,82,103" hai1="37,40,93,123,118,120,3,19,117,84,56,106,36" hai2="42,113,53,30,95,48,134,52,126,63,96,81,70" hai3="59,43,46,44,61,28,26,45,85,20,60,112,121"/><W39/><G112/><T76/><D38/><N who="1" m="14955" /><E3/><V91/><F126/><W13/><G121/><T115/><D132/><U27/><E106/><V7/><F113/><W80/><G61/><N who="0" m="38199" /><D0/><U100/><E40/><V133/><F7/><W127/><G127/><T23/><D115/><U57/><E19/><V101/><F30/><W50/><G39/><T135/><D135/><N who="2" m="51722" /><F70/><W15/><G15/><T109/><D103/><U83/><E27/><V34/><F34/><W49/><G13/><T69/><D69/><U73/><E73/><V16/><F63/><W14/><G14/><T89/><D105/><U74/><E74/><V87/><F16/><W90/><REACH who="3" step="1"/><G43/><REACH who="3" ten="241,265,248,236" step="2"/><T104/><D12/><U5/><E123/><V98/><F42/><W33/><G33/><T51/><D111/><U128/><E120/><V65/><F65/><AGARI ba="0,1" hai="20,26,28,44,45,46,49,50,59,60,65,80,85,90" machi="65" ten="40,3900,0" yaku="1,1,8,1,53,0" doraHai="124" doraHaiUra="92" who="3" fromWho="2" sc="241,0,265,0,248,-39,236,49" />
</Scene>
<Scene>
<INIT seed="3,1,0,3,2,117" ten="241,265,209,285" oya="3" hai0="46,81,33,19,39,92,51,74,53,69,102,7,32" hai1="5,15,91,23,87,107,105,30,128,38,76,52,26" hai2="59,44,88,21,124,1,80,126,27,131,83,14,93" hai3="100,112,47,86,2,20,9,96,25,118,77,56,60"/><W84/><G112/><T115/><D69/><U108/><E108/><V101/><F1/><W97/><G118/><T43/><D115/><U85/><E38/><V18/><F131/><W10/><G2/><T40/><D7/><U125/><E125/><N who="2" m="48235" /><F101/><W95/><G47/><T55/><D19/><U63/><E76/><V70/><F70/><W42/><G42/><T66/><D66/><U75/><E75/><V22/><F44/><W58/><G58/><T98/><D43/><U120/><E85/><N who="3" m="32874" /><G96/><T3/><D3/><U133/><E128/><V28/><F59/><W8/><G77/><T45/><D74/><U90/><E107/><V121/><F121/><W114/><G114/><T82/><REACH who="0" step="1"/><D55/><REACH who="0" ten="231,265,209,285" step="2"/><U110/><E52/><V34/><F34/><AGARI ba="1,1" hai="32,33,34,39,40,45,46,51,53,81,82,92,98,102" machi="34" ten="40,8000,1" yaku="1,1,2,1,53,3" doraHai="117" doraHaiUra="31" who="0" fromWho="2" sc="231,93,265,0,209,-83,285,0" />
</Scene>
<Scene>
<INIT seed="4,0,0,1,5,51" ten="324,265,126,285" oya="0" hai0="23,89,10,99,63,112,5,47,11,44,64,37,38" hai1="114,113,127,125,80,95,59,79,74,132,25,56,123" hai2="45,121,12,119,39,31,93,2,58,78,130,40,106" hai3="68,124,8,92,18,83,91,26,19,54,96,133,66"/><T1/><D112/><N who="1" m="43115" /><E123/><V122/><F106/><W7/><G133/><T36/><D23/><U116/><E116/><V128/><F2/><W107/><G124/><N who="1" m="47690" /><E132/><V28/><F78/><W4/><G107/><T34/><D34/><U115/><N who="1" m="43123" /><U41/><DORA hai="30" /><E41/><V0/><F0/><W88/><G68/><T21/><D11/><U29/><E95/><V32/><F119/><W129/><G66/><T42/><D21/><AGARI ba="0,0" hai="21,25,29,56,59,74,79,80" m="47690,43123" machi="21" ten="40,5200,0" yaku="15,1,11,1,18,1" doraHai="51,30" who="1" fromWho="0" sc="324,-52,265,52,126,0,285,0" />
</Scene>
<Scene>
<INIT seed="5,0,0,0,1,59" ten="272,317,126,285" oya="1" hai0="11,78,101,123,95,2,66,48,105,30,4,68,39" hai1="110,75,113,100,109,87,119,52,135,106,81,28,103" hai2="63,74,79,20,8,122,55,34,67,26,98,19,70" hai3="25,47,108,27,54,56,62,40,32,43,16,44,121"/><U77/><E28/><V116/><F116/><W102/><G108/><N who="1" m="41578" /><E119/><V91/><F122/><W41/><G121/><T90/><D123/><U118/><E118/><V21/><F34/><W80/><G102/><T96/><D39/><U0/><E0/><V17/><F8/><W72/><G32/><T128/><D128/><U129/><E129/><V36/><F36/><W126/><G126/><T86/><D30/><U42/><E42/><V104/><F55/><W89/><G72/><T18/><D78/><U31/><E31/><V24/><F91/><W127/><G127/><T37/><D37/><U131/><E131/><V115/><F115/><W50/><G89/><T60/><D48/><U13/><E135/><V112/><F112/><W61/><G80/><T46/><D46/><N who="3" m="17449" /><G27/><T53/><D53/><U71/><E71/><V97/><REACH who="2" step="1"/><F104/><REACH who="2" ten="272,317,116,285" step="2"/><W22/><AGARI ba="0,1" hai="16,22,25,40,41,43,50,54,56,61,62" m="17449" machi="22" ten="30,7900,0" yaku="8,1,52,2,54,1" doraHai="59" who="3" fromWho="3" sc="272,-20,317,-39,116,-20,285,89" />
</Scene>
<Scene>
<INIT seed="6,0,0,5,5,95" ten="252,278,96,374" oya="2" hai0="88,122,3,55,120,133,106,100,121,53,54,86,47" hai1="102,34,28,107,24,19,37,0,46,58,31,6,87" hai2="2,116,73,125,60,111,77,127,14,78,33,119,32" hai3="132,44,112,130,97,11,29,117,59,23,30,65,25"/><V114/><F2/><W62/><G117/><N who="2" m="45129" /><F114/><W52/><G112/><T126/><D3/><U103/><E19/><V10/><F60/><W20/><G132/><T41/><D133/><U56/><E28/><V79/><F73/><W50/><G130/><T15/><D126/><N who="2" m="48138" /><F111/><W94/><G11/><T75/><D75/><U80/><E0/><V76/><N who="2" m="19456" /><DORA hai="90" /><V35/><F10/><W101/><G29/><T4/><D4/><U22/><E31/><V40/><F40/><W13/><G13/><AGARI ba="0,0" hai="13,14,32,33,35" m="19456,48138,45129" machi="13" ten="60,11600,0" yaku="28,2,18,1" doraHai="95,90" who="2" fromWho="3" sc="252,0,278,0,96,116,374,-116" />
</Scene>
<Scene>
<INIT seed="6,1,0,5,4,133" ten="252,278,212,258" oya="2" hai0="7,58,120,124,5,107,83,74,50,25,62,97,35" hai1="22,89,49,20,19,90,110,125,86,93,91,68,67" hai2="66,56,8,45,4,53,3,98,122,87,13,77,100" hai3="29,38,9,80,132,61,111,84,27,117,51,12,121"/><V70/><F122/><W64/><G38/><T41/><D120/><U28/><E110/><V48/><F70/><W113/><G111/><T0/><D0/><U96/><E125/><V57/><F3/><W26/><G121/><T131/><D131/><U11/><E68/><V24/><F66/><W118/><G132/><T76/><D124/><U126/><E126/><V73/><F73/><W43/><G117/><T17/><D50/><U130/><E130/><V10/><F10/><W47/><G29/><T46/><D107/><U37/><E37/><V39/><F39/><W69/><G113/><T102/><D41/><U85/><E67/><V59/><F24/><W106/><G106/><T32/><D46/><U44/><E28/><V95/><F77/><W112/><G112/><T99/><D35/><U1/><E1/><V105/><F105/><W18/><REACH who="3" step="1"/><G118/><REACH who="3" ten="252,278,212,248" step="2"/><T119/><D119/><U65/><E96/><V82/><F87/><W63/><G63/><T55/><D99/><U36/><E85/><V42/><REACH who="2" step="1"/><F82/><REACH who="2" ten="252,278,202,248" step="2"/><W14/><G14/><T60/><D83/><U16/><E36/><V134/><F134/><W75/><G75/><T21/><D74/><U31/><E86/><V15/><F15/><W88/><AGARI ba="1,2" hai="9,12,18,26,27,43,47,51,61,64,69,80,84,88" machi="88" ten="20,5200,0" yaku="1,1,0,1,7,1,54,1,53,0" doraHai="133" doraHaiUra="123" who="3" fromWho="3" sc="252,-14,278,-14,202,-27,248,75" />
</Scene>
<Scene>
<INIT seed="7,0,0,5,5,134" ten="238,264,175,323" oya="3" hai0="86,52,50,119,46,27,118,19,107,93,95,41,77" hai1="2,71,63,79,94,126,82,124,70,54,112,89,21" hai2="6,39,4,84,83,97,30,85,45,68,66,17,132" hai3="23,135,48,78,120,108,29,44,67,53,81,14,40"/><W15/><G120/><T90/><D107/><U26/><E2/><V7/><F132/><W24/><G135/><T100/><D77/><U76/><E112/><V110/><F110/><W64/><G108/><T65/><D65/><U13/><E13/><N who="3" m="4618" /><G40/><T0/><D0/><U102/><E102/><V133/><F133/><W72/><G72/><T16/><D41/><U80/><E54/><V43/><F17/><W75/><G75/><T12/><D27/><U73/><E63/><V88/><F30/><W128/><G128/><T49/><D50/><U62/><E62/><V47/><F47/><W125/><G125/><N who="1" m="48234" /><E80/><V36/><F66/><N who="3" m="25131" /><G81/><T35/><D35/><U96/><E79/><AGARI ba="0,0" hai="23,24,29,44,48,53,78,79" m="25131,4618" machi="79" ten="30,1500,0" yaku="8,1" doraHai="134" who="3" fromWho="1" sc="238,0,264,-15,175,0,323,15" owari="238,-16.0,249,5.0,175,-32.0,338,43.0" />
</Scene>
</mjloggm>