<mjloggm ver="2.3"><GO type="169" lobby="0"/><UN n0="%E3%83%94%E3%82%AB%E5%90%BE%E9%83%8E" n1="%57%6F%6D%62%61%74" n2="%E5%A4%AA%E3%81%8F%E3%81%AA%E3%81%84%E3%81%8A" n3="%E5%91%82%E5%A7%AB" dan="16,16,18,16" rate="2105.05,2063.63,2256.37,2113.09" sx="M,M,M,F"/><TAIKYOKU oya="0"/>

<Scene>
<INIT seed="0,0,0,2,0,108" ten="250,250,250,250" oya="0" hai0="82,68,42,62,67,0,102,11,116,101,114,69,112" hai1="14,72,38,10,73,43,98,103,47,93,80,104,2" hai2="129,29,7,54,125,16,119,87,127,49,57,113,3" hai3="28,115,30,19,99,52,128,134,27,9,77,84,66"/><T123/><D123/><U86/><E2/><V78/><F29/><W90/><G66/><T110/><D116/><U48/><E38/><V64/><F119/><W37/><G37/><T13/><D0/><U71/><E71/><V130/><F7/><W96/><G77/><T50/><D69/><U105/><E105/><V53/><F3/><W25/><G115/><T63/><D63/><U118/><E104/><V56/><F87/><W22/><G134/><T59/><D110/><U100/><E103/><V95/><F95/><W55/><G128/><N who="2" m="49257" /><F78/><W83/><G9/><T21/><D21/><U4/><REACH who="1" step="1"/><E118/><REACH who="1" ten="250,240,250,250" step="2"/><V124/><F113/><W36/><G36/><T32/><D68/><U41/><E41/><V94/><F125/><W65/><G65/><T79/><D114/><U45/><E45/><V135/><F64/><W70/><G70/><T33/><D112/><U23/><E23/><V26/><F135/><W76/><G55/><T133/><D133/><U31/><E31/><V131/><F131/><W24/><G52/><T61/><D67/><U121/><E121/><V117/><F117/><W91/><G30/><T51/><D101/><U20/><E20/><N who="2" m="13575" /><F54/><W75/><G28/><T1/><D1/><U34/><E34/><V46/><F127/><W97/><REACH who="3" step="1"/><G75/><REACH who="3" ten="250,240,250,240" step="2"/><T39/><D33/><U85/><E85/><V74/><F74/><W5/><G5/><T120/><D32/><U88/><AGARI ba="0,2" hai="4,10,14,43,47,48,72,73,80,86,88,93,98,100" machi="88" ten="20,5200,0" yaku="1,1,0,1,7,1,54,1,53,0" doraHai="108" doraHaiUra="109" who="1" fromWho="1" sc="250,-26,240,72,250,-13,240,-13" />
</Scene>
<Scene>
<INIT seed="1,0,0,1,4,44" ten="224,312,237,227" oya="1" hai0="46,114,21,123,35,24,90,112,16,57,5,89,99" hai1="42,102,78,126,111,53,50,32,52,33,65,56,86" hai2="91,130,37,45,83,95,122,70,131,31,82,135,13" hai3="40,71,134,55,2,3,106,17,69,28,68,48,25"/><U101/><E126/><V119/><F70/><W23/><G106/><T128/><D123/><U4/><E111/><V7/><F122/><W100/><G100/><N who="1" m="38506" /><E33/><V81/><F119/><W107/><G107/><T6/><D35/><U104/><E104/><V26/><F7/><W96/><G96/><T92/><D128/><N who="2" m="49194" /><F13/><W47/><G134/><T115/><D90/><U94/><E32/><N who="2" m="20599" /><F135/><W12/><REACH who="3" step="1"/><G40/><REACH who="3" ten="224,312,237,217" step="2"/><T118/><D118/><U41/><E41/><N who="2" m="22703" /><F82/><W63/><G63/><T64/><D115/><U113/><E113/><V36/><F36/><W8/><AGARI ba="0,1" hai="2,3,8,12,17,23,25,28,47,48,55,68,69,71" machi="8" ten="30,4000,0" yaku="1,1,0,1,52,1,53,0" doraHai="44" doraHaiUra="80" who="3" fromWho="3" sc="224,-10,312,-20,237,-10,217,50" />
</Scene>
<Scene>
<INIT seed="2,0,0,4,1,114" ten="214,292,227,267" oya="2" hai0="41,22,101,76,66,43,11,122,104,100,16,36,42" hai1="111,3,32,28,4,90,102,23,61,46,31,1,123" hai2="63,130,25,75,120,105,133,10,134,109,54,131,82" hai3="125,62,67,69,119,12,135,91,7,94,51,30,38"/><V9/><F105/><W95/><G38/><T44/><D122/><U87/><E111/><V34/><F75/><W74/><G74/><T117/><D76/><U60/><E123/><V45/><F120/><W99/><G119/><T26/><D117/><U86/><E32/><V80/><F34/><W40/><G135/><N who="2" m="51721" /><F25/><W124/><G30/><T6/><D66/><U37/><E102/><V39/><F109/><W58/><G94/><T5/><D5/><U64/><E37/><V33/><F33/><W77/><G77/><T78/><D78/><U88/><E46/><V83/><F63/><W2/><G2/><T79/><D79/><U132/><E132/><V50/><F39/><W118/><G118/><T103/><REACH who="0" step="1"/><D104/><REACH who="0" ten="204,292,227,267" step="2"/><U20/><E4/><V59/><F45/><W107/><G107/><T0/><AGARI ba="0,1" hai="0,6,11,16,22,26,36,41,42,43,44,100,101,103" machi="0" ten="30,7900,0" yaku="1,1,2,1,0,1,54,1,53,0" doraHai="114" doraHaiUra="81" who="0" fromWho="0" sc="204,89,292,-20,227,-39,267,-20" />
</Scene>
<Scene>
<INIT seed="3,0,0,3,0,118" ten="293,272,188,247" oya="3" hai0="81,89,26,39,74,62,109,25,133,9,49,32,83" hai1="52,94,65,99,53,119,55,61,100,57,108,37,29" hai2="70,60,103,72,77,95,116,4,33,90,64,104,131" hai3="44,114,13,67,11,46,5,51,50,19,130,12,66"/><W69/><G114/><T105/><D39/><U23/><E108/><V98/><F131/><W76/><G130/><T7/><D105/><U6/><E119/><V82/><F116/><W59/><G69/><T40/><D109/><U123/><E37/><V110/><F110/><W91/><G76/><T120/><D62/><U14/><E123/><V21/><F21/><W18/><G91/><T54/><D40/><U132/><E132/><V117/><F117/><W122/><G59/><T24/><D120/><U15/><E6/><V135/><F4/><W107/><G107/><T115/><D133/><U92/><E94/><V112/><F135/><W45/><G5/><T30/><D83/><U129/><E129/><V36/><F36/><W1/><G1/><T80/><D80/><U134/><E134/><V48/><F48/><N who="3" m="18475" /><G122/><T42/><D42/><U71/><E71/><V20/><F20/><AGARI ba="0,0" hai="11,12,13,18,19,20,44,45,46,66,67" m="18475" machi="20" ten="30,1500,0" yaku="8,1" doraHai="118" who="3" fromWho="2" sc="293,0,272,0,188,-15,247,15" />
</Scene>
<Scene>
<INIT seed="3,1,0,1,2,98" ten="293,272,173,262" oya="3" hai0="125,81,97,72,77,113,123,59,90,22,2,53,112" hai1="60,88,51,104,48,1,44,45,111,64,49,6,99" hai2="41,114,109,94,16,14,61,108,110,39,75,50,93" hai3="115,34,119,124,36,24,106,82,66,4,5,96,28"/><W57/><G115/><N who="0" m="44107" /><D2/><U74/><E74/><V80/><F39/><W134/><G119/><T129/><D123/><U56/><E111/><N who="2" m="28419" /><V67/><DORA hai="35" /><F114/><W92/><G36/><T100/><D90/><U42/><E42/><V89/><F41/><W55/><G134/><T118/><D118/><U76/><E76/><N who="2" m="44063" /><F50/><W130/><G66/><T13/><D13/><U121/><E121/><V58/><F89/><W87/><G106/><N who="0" m="63759" /><D22/><AGARI ba="1,0" hai="14,16,22,58,61,67,93,94" m="44063,28419" machi="22" ten="40,2600,0" yaku="14,1,54,1" doraHai="98,35" who="2" fromWho="0" sc="293,-29,272,0,173,29,262,0" />
</Scene>
<Scene>
<INIT seed="4,0,0,5,3,1" ten="264,272,202,262" oya="0" hai0="14,126,31,70,62,120,106,24,128,113,69,43,132" hai1="102,121,90,133,135,19,72,42,34,60,114,94,37" hai2="119,30,41,35,83,10,27,44,23,11,61,116,107" hai3="51,17,99,40,73,76,25,9,117,97,124,28,54"/><T67/><D120/><U85/><E121/><V15/><F107/><W20/><G117/><N who="2" m="45129" /><F61/><W87/><G124/><T48/><D126/><U98/><E34/><V65/><F65/><W57/><G73/><T26/><D70/><U16/><E72/><V13/><F83/><N who="3" m="47591" /><G40/><T130/><D106/><U32/><E32/><V81/><F81/><W93/><G93/><T115/><D14/><AGARI ba="0,0" hai="9,14,17,20,25,28,51,54,57,97,99" m="47591" machi="14" ten="30,1000,0" yaku="8,1" doraHai="1" who="3" fromWho="0" sc="264,-10,272,0,202,0,262,10" />
</Scene>
<Scene>
<INIT seed="5,0,0,2,4,24" ten="254,272,202,272" oya="1" hai0="78,126,115,83,53,124,101,48,33,35,102,30,69" hai1="135,8,100,0,81,11,37,96,93,49,39,44,92" hai2="15,94,134,27,21,67,26,85,13,87,4,71,127" hai3="82,63,43,106,84,47,108,117,72,31,45,118,123"/><U131/><E135/><V42/><F134/><W16/><G108/><T2/><D69/><U76/><E131/><V107/><F107/><W132/><G106/><T56/><D2/><U113/><E113/><V38/><F127/><N who="0" m="48682" /><D115/><U50/><E0/><V130/><F130/><W97/><G72/><N who="0" m="43463" /><D30/><U25/><E25/><V98/><F38/><W129/><G97/><T111/><D111/><U20/><E20/><V79/><F42/><W29/><G123/><T73/><D73/><U80/><E76/><V17/><F67/><W89/><G129/><T121/><D121/><U54/><E92/><V99/><F71/><W51/><G132/><T70/><D70/><U109/><E109/><V3/><F3/><W34/><G34/><AGARI ba="0,0" hai="33,34,35,48,53,56,101,102" m="43463,48682" machi="34" ten="30,1000,0" yaku="18,1" doraHai="24" who="0" fromWho="3" sc="254,10,272,0,202,0,272,-10" />
</Scene>
<Scene>
<INIT seed="6,0,0,3,4,92" ten="264,272,202,262" oya="2" hai0="116,107,10,117,17,104,83,14,115,55,38,24,27" hai1="66,3,95,25,110,98,60,53,31,11,78,113,6" hai2="62,1,18,90,45,26,44,126,48,7,32,128,69" hai3="122,106,28,41,121,34,134,30,109,67,59,80,101"/><V119/><F119/><N who="0" m="45642" /><D38/><U135/><E113/><V131/><F126/><W127/><G109/><T114/><D55/><U94/><E110/><V16/><F7/><W130/><G41/><T91/><D27/><U124/><E124/><V49/><F1/><W64/><G80/><T63/><D63/><U35/><E135/><V12/><F69/><W65/><G101/><T86/><D24/><U57/><E78/><V68/><F68/><W54/><G106/><AGARI ba="0,0" hai="10,14,17,83,86,91,104,106,107,114,115" m="45642" machi="106" ten="30,1000,0" yaku="12,1" doraHai="92" who="0" fromWho="3" sc="264,10,272,0,202,0,262,-10" />
</Scene>
<Scene>
<INIT seed="7,0,0,0,0,40" ten="274,272,202,252" oya="3" hai0="98,61,25,21,41,11,112,70,28,114,53,17,38" hai1="23,103,43,35,107,100,115,117,87,96,67,76,66" hai2="124,56,27,62,20,122,24,10,134,73,59,15,0" hai3="113,42,2,128,133,75,94,71,105,78,79,13,4"/><W110/><G105/><T8/><D98/><U90/><E35/><V54/><F73/><W36/><G71/><T127/><D127/><U77/><E115/><N who="0" m="44073" /><D70/><U120/><E120/><V84/><F124/><W116/><G113/><T47/><D28/><U92/><E117/><V83/><F122/><W46/><G79/><T132/><D132/><U118/><E118/><V34/><F134/><W31/><G13/><T108/><D108/><U6/><E103/><V52/><F0/><W26/><G116/><T49/><D61/><U93/><E107/><V32/><F32/><W12/><G12/><T16/><D17/><U60/><E43/><V130/><F34/><W86/><G42/><T44/><AGARI ba="0,0" hai="8,11,16,21,25,38,41,44,47,49,53" m="44073" machi="44" ten="30,8000,1" yaku="15,1,11,1,52,2,54,1" doraHai="40" who="0" fromWho="0" sc="274,80,272,-20,202,-20,252,-40" owari="354,46.0,252,5.0,182,-32.0,212,-19.0" />
</Scene>
</mjloggm>