<mjloggm ver="2.3"><GO type="169" lobby="0"/><UN n0="%74%61%6B%65%2D%79%6F%75" n1="%E6%A1%9C%E4%BA%95%E3%81%95%E3%82%93" n2="%E3%81%BE%E3%81%93%E3%81%95%E3%81%A8%76%65%72%32" n3="%E5%A4%AA%E3%81%8F%E3%81%AA%E3%81%84%E3%81%8A" dan="16,17,17,18" rate="2158.87,2118.10,2208.45,2288.62" sx="F,M,M,F"/><TAIKYOKU oya="0"/>

<Scene>
<INIT seed="0,0,0,0,2,79" ten="250,250,250,250" oya="0" hai0="16,115,86,71,50,132,107,52,130,127,55,17,117" hai1="28,95,100,41,113,57,42,109,83,2,96,65,133" hai2="53,99,15,111,0,51,103,36,31,122,8,59,9" hai3="112,92,97,123,56,21,5,75,18,46,22,27,73"/><T47/><D115/><U64/><E2/><V34/><F111/><W119/><G112/><T135/><D117/><U90/><E113/><V106/><F36/><W126/><G119/><T121/><D121/><U84/><E109/><V88/><F122/><W118/><G118/><T20/><D107/><U89/><E133/><N who="0" m="51273" /><D71/><U102/><E28/><V124/><F124/><W33/><G123/><T44/><D127/><U67/><REACH who="1" step="1"/><E57/><REACH who="1" ten="250,240,250,250" step="2"/><V134/><F134/><W39/><G126/><T78/><D130/><U87/><E87/><V131/><F0/><W72/><G56/><T91/><D78/><U1/><E1/><V93/><F131/><W80/><G73/><T68/><D68/><U6/><E6/><V94/><F31/><W129/><G5/><T105/><D17/><U81/><E81/><V32/><F106/><W62/><G129/><T35/><D105/><U12/><E12/><V23/><F15/><W43/><G72/><T25/><D35/><U45/><E45/><N who="0" m="17481" /><D50/><U82/><E82/><AGARI ba="0,1" hai="16,20,25,52,55,82,86,91" m="17481,51273" machi="82" ten="30,11600,0" yaku="20,1,52,1,54,2" doraHai="79" who="0" fromWho="1" sc="250,126,240,-116,250,0,250,0" />
</Scene>
<Scene>
<INIT seed="0,1,0,3,0,57" ten="376,124,250,250" oya="0" hai0="70,92,42,14,85,7,16,74,72,8,60,121,1" hai1="17,54,124,59,20,40,106,114,53,122,18,48,9" hai2="51,64,130,3,65,50,112,12,99,82,78,125,118" hai3="133,43,95,84,52,67,101,113,37,120,90,110,29"/><T76/><D121/><U41/><E122/><V103/><F3/><W98/><G120/><T93/><D42/><U123/><E123/><V33/><F33/><W39/><G113/><T134/><D134/><U80/><E106/><V0/><F0/><W116/><G116/><T107/><D107/><U135/><E124/><V100/><F112/><W129/><G133/><T87/><D87/><U94/><E135/><V56/><F130/><W44/><G129/><T5/><D5/><U126/><E126/><V66/><F125/><W10/><G110/><T22/><D92/><U117/><E117/><V79/><F118/><W109/><G109/><T38/><D38/><U96/><E114/><V88/><F12/><W97/><G67/><T68/><D68/><U127/><E80/><V28/><F28/><W73/><G73/><T25/><D1/><U77/><E77/><N who="2" m="29195" /><F56/><W104/><G29/><T69/><D69/><U91/><E127/><V102/><F82/><W23/><G37/><T36/><D36/><U115/><E115/><V4/><F4/><W131/><G131/><T11/><D76/><U45/><E9/><V81/><F81/><W49/><G10/><T108/><D11/><U46/><E46/><V111/><F111/><W35/><G35/><T119/><D108/><U2/><E2/><V24/><F24/><W83/><G23/><T61/><D119/><U132/><E132/><V89/><F99/><N who="3" m="59647" /><G104/><T105/><D105/><U31/><E31/><V32/><F32/><W30/><G30/><T71/><D71/><U75/><E75/><N who="0" m="28713" /><D70/><U15/><E18/><V13/><F13/><RYUUKYOKU ba="1,0" sc="376,0,124,0,250,0,250,0" hai0="7,8,14,16,22,25,60,61,85,93" hai1="15,17,20,40,41,45,48,53,54,59,91,94,96" hai2="50,51,64,65,66,88,89,100,102,103" hai3="39,43,44,49,52,83,84,90,97,98" />
</Scene>
<Scene>
<INIT seed="0,2,0,3,1,20" ten="376,124,250,250" oya="0" hai0="133,117,127,67,88,34,7,38,63,98,118,44,108" hai1="103,96,12,90,29,24,116,126,26,19,109,6,85" hai2="86,83,11,47,68,15,10,54,105,79,23,61,73" hai3="113,120,59,35,57,58,48,125,3,13,72,41,43"/><T131/><D34/><U0/><E116/><V30/><F105/><W94/><G3/><T56/><D7/><U132/><E109/><V21/><F73/><W17/><G113/><T74/><D74/><U50/><E132/><V45/><F68/><W16/><G72/><T5/><D5/><U49/><E6/><V69/><F69/><W2/><G2/><T55/><D133/><U114/><E0/><V39/><F39/><W71/><G71/><N who="0" m="42495" /><D98/><U77/><E77/><V70/><F70/><W123/><G35/><T31/><D88/><U135/><E126/><V14/><F61/><W51/><G94/><T42/><D31/><U107/><E114/><V60/><F60/><W76/><G76/><T28/><D28/><U32/><E24/><N who="2" m="16655" /><F23/><W40/><G125/><T25/><D25/><U99/><E99/><V92/><F92/><W111/><G111/><T93/><D93/><U124/><E124/><V91/><BYE who="1" /><F79/><W52/><G13/><N who="2" m="4617" /><F45/><W104/><G104/><T89/><D127/><U22/><E22/><V65/><F65/><W121/><G51/><AGARI ba="2,0" hai="10,11,47,51,54,83,86,91" m="4617,16655" machi="51" ten="30,2000,0" yaku="8,1,52,1" doraHai="20" who="2" fromWho="3" sc="376,0,124,0,250,26,250,-26" />
</Scene>
<Scene>
<INIT seed="1,0,0,5,3,72" ten="376,124,276,224" oya="1" hai0="5,134,77,93,30,116,27,57,15,37,60,105,25" hai1="18,29,85,71,31,35,49,32,42,33,36,19,119" hai2="9,0,86,132,17,75,98,10,121,52,78,130,80" hai3="12,103,91,102,115,126,133,22,53,94,21,99,39"/><U118/><E118/><V97/><F121/><W23/><G115/><T79/><D105/><U13/><E13/><V3/><F130/><W83/><G39/><T70/><D116/><U7/><E7/><V96/><F132/><W135/><G126/><T113/><D113/><U95/><E95/><V73/><F17/><W59/><G12/><T125/><D70/><U28/><E28/><V68/><F68/><W87/><REACH who="3" step="1"/><G103/><REACH who="3" ten="376,124,276,214" step="2"/><T76/><D37/><U112/><E112/><V117/><F117/><W114/><G114/><T111/><D125/><U67/><E67/><V64/><F64/><W55/><G55/><T101/><D134/><U88/><E88/><V6/><F52/><W84/><G84/><T63/><D111/><U2/><E2/><V1/><F1/><W16/><G16/><T20/><D27/><U38/><E38/><V104/><F104/><W122/><G122/><T40/><D40/><U69/><E69/><V123/><F123/><W48/><AGARI ba="0,1" hai="21,22,23,48,53,59,83,87,91,94,99,102,133,135" machi="48" ten="30,2000,0" yaku="1,1,0,1,53,0" doraHai="72" doraHaiUra="124" who="3" fromWho="3" sc="376,-5,124,-10,276,-5,214,30" />
</Scene>
<Scene>
<INIT seed="2,0,0,0,1,87" ten="371,114,271,244" oya="2" hai0="66,17,126,84,22,45,53,79,77,121,72,98,111" hai1="105,112,55,69,99,57,124,101,70,90,80,4,68" hai2="65,33,127,74,92,129,39,125,130,54,35,120,128" hai3="50,133,106,9,49,48,108,42,96,81,110,94,76"/><V18/><F74/><W44/><G106/><T46/><D121/><U30/><E30/><V29/><F120/><W64/><G64/><T88/><D111/><N who="3" m="42537" /><G9/><T82/><D126/><N who="2" m="48138" /><F65/><W86/><G133/><T102/><D66/><U107/><E107/><V1/><F39/><W15/><G15/><T14/><D53/><U25/><E25/><N who="2" m="18607" /><F54/><W97/><G97/><T2/><D2/><U135/><E135/><V117/><F117/><W40/><G40/><T31/><D31/><U21/><E21/><V58/><F58/><W61/><G61/><T115/><D115/><U104/><E104/><V24/><F1/><W85/><G85/><T28/><D28/><U6/><E6/><V123/><F123/><W23/><G23/><T62/><D62/><U52/><E52/><V27/><F35/><W32/><G32/><T118/><D118/><U8/><E8/><V113/><F113/><W10/><G10/><T73/><D73/><U12/><E12/><V132/><F132/><W43/><G43/><T109/><D109/><U91/><E91/><AGARI ba="0,0" hai="42,44,48,49,50,76,81,86,91,94,96" m="42537" machi="91" ten="30,2000,0" yaku="14,1,52,1" doraHai="87" who="3" fromWho="1" sc="371,0,114,-20,271,0,244,20" />
</Scene>
<Scene>
<INIT seed="3,0,0,2,0,39" ten="371,94,271,264" oya="3" hai0="63,30,25,119,33,43,46,58,76,57,72,49,92" hai1="10,24,84,135,74,82,98,6,3,112,37,20,66" hai2="131,17,123,27,8,88,120,90,68,89,59,73,81" hai3="87,40,34,62,70,9,105,42,45,21,16,28,0"/><W36/><G105/><T26/><D119/><U5/><E5/><V2/><F68/><W23/><G87/><T65/><D72/><U64/><E64/><V117/><F117/><W22/><G40/><T97/><D76/><U52/><E52/><V69/><F69/><W115/><G115/><T95/><D26/><U130/><E130/><V101/><F131/><W113/><G113/><T125/><D125/><U133/><E133/><V93/><F59/><W47/><G47/><T132/><D132/><U124/><E124/><V13/><F2/><W1/><G34/><T51/><D97/><U19/><E19/><V78/><REACH who="2" step="1"/><F27/><REACH who="2" ten="371,94,261,264" step="2"/><W127/><G127/><T48/><D58/><U121/><E121/><V107/><F107/><W83/><G0/><T32/><D57/><U134/><E134/><V7/><F7/><W67/><G1/><T56/><D56/><U71/><E71/><V41/><F41/><W31/><REACH who="3" step="1"/><G83/><REACH who="3" ten="371,94,261,254" step="2"/><T18/><D63/><U118/><E118/><V91/><N who="2" m="22528" /><DORA hai="60" /><V103/><F103/><W35/><G35/><T14/><D33/><U109/><E109/><V11/><F11/><W75/><G75/><T29/><D32/><U122/><E122/><V102/><F102/><W61/><G61/><T104/><D104/><U129/><E129/><V100/><F100/><W86/><G86/><T85/><D85/><U108/><E108/><V126/><F126/><W96/><G96/><AGARI ba="0,2" hai="8,13,17,73,78,81,93,96,101,120,123" m="22528" machi="96" ten="50,6400,0" yaku="1,1,54,1,53,1" doraHai="39,60" doraHaiUra="77,110" who="2" fromWho="3" sc="371,0,94,0,261,84,254,-64" />
</Scene>
<Scene>
<INIT seed="4,0,0,4,2,33" ten="371,94,345,190" oya="0" hai0="104,103,27,75,35,110,29,86,16,41,117,107,87" hai1="37,106,126,82,38,119,4,76,96,26,53,57,15" hai2="89,8,132,67,74,66,120,23,14,24,1,13,18" hai3="6,112,113,12,78,108,90,3,99,61,46,59,109"/><T116/><D75/><U32/><E32/><V49/><F74/><W80/><G12/><T36/><D110/><U39/><E39/><V21/><F120/><W133/><G133/><T115/><D115/><N who="3" m="44105" /><G46/><T121/><D121/><U19/><E19/><N who="2" m="12415" /><F89/><W70/><G70/><T101/><D36/><U105/><E105/><V114/><F49/><W111/><G90/><T58/><D41/><U5/><E5/><N who="2" m="1071" /><F67/><N who="3" m="39359" /><G99/><T81/><D58/><U84/><E84/><V73/><F66/><W30/><G30/><T56/><D56/><U92/><E92/><V94/><F94/><W31/><G31/><T42/><D29/><U128/><E128/><V124/><F73/><N who="3" m="43087" /><G6/><T50/><D50/><U62/><E62/><V77/><F77/><W71/><G71/><T85/><D81/><U130/><E130/><V63/><F63/><W72/><G72/><T118/><D42/><U69/><E69/><V47/><F47/><W134/><G134/><T122/><D122/><U11/><E11/><N who="2" m="6463" /><F132/><W44/><G44/><T40/><D40/><U0/><E0/><AGARI ba="0,0" hai="0,3,108,109,111" m="43087,39359,44105" machi="0" ten="40,5200,0" yaku="15,1,52,2" doraHai="33" who="3" fromWho="1" sc="371,0,94,-52,345,0,190,52" />
</Scene>
<Scene>
<INIT seed="5,0,0,0,2,67" ten="371,42,345,242" oya="1" hai0="59,24,15,120,96,6,50,20,130,85,35,46,7" hai1="57,14,87,92,68,38,53,56,94,25,28,100,114" hai2="117,125,61,71,3,11,12,127,69,60,81,84,93" hai3="134,75,99,106,22,104,30,42,2,101,126,95,118"/><U16/><E16/><N who="2" m="8223" /><F3/><W88/><G2/><T41/><D130/><U119/><E119/><V34/><F34/><W131/><G75/><T97/><D120/><U124/><E124/><N who="2" m="47691" /><F93/><W112/><G126/><T31/><D85/><U17/><E17/><V80/><F117/><W10/><G118/><T72/><D72/><U47/><E47/><V40/><F40/><W32/><G32/><T52/><D35/><U79/><E79/><N who="2" m="46111" /><F81/><W37/><G10/><T36/><REACH who="0" step="1"/><D15/><REACH who="0" ten="361,42,345,242" step="2"/><U29/><E29/><V55/><F60/><W108/><G131/><T121/><D121/><U19/><E19/><V90/><F90/><W133/><G88/><T91/><D91/><U77/><E77/><V64/><F55/><W111/><G111/><T129/><D129/><U66/><E66/><V27/><F27/><W44/><G108/><T107/><D107/><U65/><E65/><V89/><F89/><W13/><G106/><T123/><D123/><U109/><E109/><V116/><F116/><W58/><G104/><T105/><D105/><U110/><E110/><V18/><F18/><W98/><G13/><T115/><D115/><U103/><E103/><V1/><F1/><W132/><G112/><T0/><D0/><U63/><E63/><V26/><F26/><N who="3" m="16727" /><G99/><AGARI ba="0,1" hai="6,7,20,24,31,36,41,46,50,52,59,96,97,99" machi="99" ten="40,5200,0" yaku="1,1,54,1,53,1" doraHai="67" doraHaiUra="51" who="0" fromWho="3" sc="361,62,42,0,345,0,242,-52" />
</Scene>
<Scene>
<INIT seed="6,0,0,3,3,118" ten="423,42,345,190" oya="2" hai0="122,110,12,65,11,114,59,94,102,54,6,99,127" hai1="125,39,119,87,21,90,60,20,71,9,105,113,68" hai2="84,44,24,131,86,62,47,73,78,66,48,23,63" hai3="32,69,135,75,0,15,19,72,10,3,42,27,79"/><V111/><F111/><W133/><G69/><T109/><D122/><U82/><E82/><V7/><F131/><W92/><G42/><T33/><D33/><U29/><E29/><V123/><F123/><W101/><G101/><T57/><D114/><U22/><E22/><V50/><F7/><W107/><G107/><T76/><D127/><U51/><E51/><V40/><F73/><N who="3" m="28235" /><G92/><T53/><D76/><U95/><E95/><V103/><F103/><W37/><G37/><T30/><D30/><U16/><E16/><N who="2" m="12391" /><F78/><W106/><G106/><T17/><D65/><U120/><E120/><V91/><F66/><W41/><G41/><T132/><D132/><N who="3" m="50761" /><G79/><T70/><D70/><U81/><E81/><N who="2" m="49551" /><F86/><W2/><G27/><T36/><D36/><U80/><E80/><V55/><AGARI ba="0,0" hai="40,44,47,48,50,55,62,63" m="49551,12391" machi="55" ten="30,3000,0" yaku="8,1,54,1" doraHai="118" who="2" fromWho="2" sc="423,-10,42,-10,345,30,190,-10" />
</Scene>
<Scene>
<INIT seed="6,1,0,3,5,78" ten="413,32,375,180" oya="2" hai0="14,70,101,84,48,110,60,115,83,72,119,57,120" hai1="88,118,81,133,30,129,114,95,66,89,29,63,0" hai2="65,106,7,55,11,10,124,92,26,18,15,104,24" hai3="90,79,134,74,68,112,1,100,58,38,35,20,94"/><V16/><F124/><W21/><G68/><T97/><D110/><U9/><E9/><V77/><F65/><W3/><G35/><T113/><D120/><U31/><E31/><V116/><F116/><W6/><G38/><T49/><D72/><U39/><E39/><V75/><F92/><W28/><G100/><T13/><D119/><U117/><E117/><V19/><F55/><W132/><G112/><N who="0" m="43083" /><D70/><U73/><E73/><V43/><F43/><W59/><G79/><N who="0" m="46207" /><D49/><U69/><E69/><V52/><F52/><W61/><G74/><T131/><D48/><U86/><E86/><V56/><F56/><W80/><G6/><T76/><D76/><U47/><E47/><V126/><F126/><UN n1="%E6%A1%9C%E4%BA%95%E3%81%95%E3%82%93" /><W107/><G107/><N who="2" m="41001" /><F77/><W96/><G59/><T34/><D34/><U46/><E118/><V91/><F91/><W4/><G90/><T44/><D44/><U71/><E129/><V125/><F75/><W50/><G58/><T122/><D131/><U87/><E133/><V5/><F125/><W12/><G134/><T111/><D122/><U2/><E114/><V99/><F99/><W17/><G132/><T108/><D97/><N who="1" m="57575" /><E46/><V8/><F15/><N who="0" m="5642" /><D101/><U36/><E36/><V42/><F42/><W127/><G127/><T27/><D27/><AGARI ba="1,0" hai="5,7,8,10,11,16,18,19,24,26,27" m="41001" machi="27" ten="40,7700,0" yaku="28,2,54,1" doraHai="78" who="2" fromWho="0" sc="413,-80,32,0,375,80,180,0" />
</Scene>
<Scene>
<INIT seed="6,2,0,0,4,18" ten="333,32,455,180" oya="2" hai0="99,13,39,70,121,127,34,60,29,37,98,81,104" hai1="46,43,3,125,16,66,69,19,57,93,58,72,50" hai2="22,54,2,109,51,32,103,65,89,26,42,85,90" hai3="110,61,132,122,130,25,7,92,12,55,108,82,120"/><V78/><F2/><W48/><G61/><T116/><D121/><N who="3" m="46697" /><G82/><T88/><D116/><U133/><E125/><V41/><F32/><W124/><G92/><T31/><D127/><U11/><E133/><V71/><F103/><W107/><G107/><T30/><D34/><U114/><E114/><V96/><F109/><W83/><G83/><T23/><D104/><U45/><E72/><V106/><F71/><W105/><G105/><T126/><D126/><U53/><E3/><V0/><F65/><W5/><G124/><T94/><D81/><U15/><E19/><V10/><F78/><W111/><G48/><T28/><N who="0" m="7168" /><DORA hai="75" /><T21/><D13/><U20/><E11/><V35/><F35/><W52/><G12/><T8/><D8/><U56/><E93/><V95/><F106/><W79/><G25/><T24/><D24/><U44/><REACH who="1" step="1"/><E43/><REACH who="1" ten="333,22,455,180" step="2"/><V76/><F41/><W118/><G132/><T135/><D135/><U80/><E80/><V115/><F42/><W6/><G118/><T101/><D101/><U14/><E14/><V49/><F0/><W131/><G79/><T67/><REACH who="0" step="1"/><D99/><REACH who="0" ten="323,22,455,180" step="2"/><U128/><E128/><AGARI ba="2,2" hai="5,6,7,52,55,108,110,111,128,130,131" m="46697" machi="128" ten="40,8000,1" yaku="28,2,19,1,54,1" doraHai="18,75" who="3" fromWho="1" sc="323,0,22,-86,455,0,180,106" owari="323,12.0,-64,-56.0,455,55.0,286,-11.0" />
</Scene>
</mjloggm>