<mjloggm ver="2.3"><GO type="169" lobby="0"/><UN n0="%E6%9C%88%E3%83%9F%E7%85%A7%E2%98%86" n1="%E3%81%94%E3%82%93%E3%81%96%E3%81%B6%E3%82%8D%E3%83%BC" n2="%E5%A4%AA%E3%81%8F%E3%81%AA%E3%81%84%E3%81%8A" n3="%E3%83%97%E3%83%A9%E3%83%81%E3%83%8A%E3%83%A0" dan="18,17,18,16" rate="2214.95,2170.11,2305.49,2130.63" sx="M,M,M,M"/><TAIKYOKU oya="0"/>

<Scene>
<INIT seed="0,0,0,5,3,35" ten="250,250,250,250" oya="0" hai0="127,69,9,134,61,32,117,38,23,46,96,51,125" hai1="101,58,89,8,37,47,87,135,48,120,68,98,60" hai2="64,65,106,67,55,13,112,11,102,108,75,104,77" hai3="54,25,95,49,40,91,76,42,73,97,123,45,4"/><T116/><D32/><U133/><E120/><V81/><F112/><W100/><G123/><T121/><D121/><U62/><E37/><V109/><F55/><W44/><G4/><T31/><D96/><U18/><E68/><V12/><F12/><W20/><G76/><T1/><D31/><U93/><E58/><V131/><F131/><W0/><G73/><T5/><D38/><U43/><E135/><V129/><F129/><W86/><G0/><T17/><D134/><U128/><E128/><V16/><REACH who="2" step="1"/><F102/><REACH who="2" ten="250,250,240,250" step="2"/><W15/><G15/><T56/><D117/><U83/><E133/><V124/><F124/><W82/><REACH who="3" step="1"/><G45/><REACH who="3" ten="250,250,240,240" step="2"/><T7/><D125/><U34/><E34/><V52/><F52/><W90/><G90/><T85/><D127/><U72/><E72/><V10/><F10/><W88/><G88/><T41/><D9/><U79/><E101/><V111/><AGARI ba="0,2" hai="11,13,16,64,65,67,75,77,81,104,106,108,109,111" machi="111" ten="40,12000,2" yaku="1,1,0,1,14,1,54,1,53,2" doraHai="35" doraHaiUra="103" who="2" fromWho="2" sc="250,-60,250,-30,240,140,240,-30" />
</Scene>
<Scene>
<INIT seed="1,0,0,0,5,108" ten="190,220,380,210" oya="1" hai0="0,77,131,86,67,121,54,106,44,35,1,71,134" hai1="74,3,70,6,91,55,117,60,97,62,75,85,42" hai2="84,7,39,128,120,119,22,104,23,30,15,78,81" hai3="10,4,96,12,50,24,102,21,123,90,26,127,46"/><U73/><E117/><V18/><F120/><W92/><G123/><T68/><D121/><U72/><N who="1" m="18944" /><DORA hai="25" /><U58/><E42/><V5/><F119/><W111/><G111/><T43/><D106/><U110/><E110/><V14/><F104/><W19/><G127/><T129/><D35/><U63/><E97/><V2/><F2/><W135/><G135/><T52/><D134/><U28/><E70/><V82/><F39/><W64/><G64/><T9/><D77/><U130/><E130/><V88/><F128/><W87/><G50/><T126/><D86/><U49/><E3/><V37/><F37/><W100/><G46/><T29/><D44/><U8/><E8/><V57/><F81/><W107/><REACH who="3" step="1"/><G102/><REACH who="3" ten="190,220,380,200" step="2"/><T17/><D126/><U20/><E49/><V76/><F57/><W45/><G45/><T38/><D131/><U59/><E59/><V66/><F66/><W56/><G56/><T124/><D67/><U94/><REACH who="1" step="1"/><E6/><REACH who="1" ten="190,210,380,200" step="2"/><V53/><F7/><W89/><G89/><T99/><D129/><U114/><E114/><V34/><F5/><W65/><G65/><T41/><D124/><U95/><E95/><V33/><F88/><W115/><G115/><T47/><D38/><U51/><E51/><V122/><F122/><W79/><G79/><T132/><D132/><U113/><E113/><V80/><F78/><W27/><AGARI ba="0,2" hai="4,10,12,19,21,24,26,27,87,90,92,96,100,107" machi="27" ten="20,5200,0" yaku="1,1,0,1,7,1,53,1" doraHai="108,25" doraHaiUra="11,61" who="3" fromWho="3" sc="190,-13,210,-26,380,-13,200,72" />
</Scene>
<Scene>
<INIT seed="2,0,0,4,3,19" ten="177,184,367,272" oya="2" hai0="55,62,130,86,96,76,12,48,22,134,4,7,94" hai1="87,98,107,59,127,125,28,133,11,70,47,56,52" hai2="37,0,32,29,15,112,106,75,129,31,64,90,21" hai3="69,126,1,65,99,18,78,5,128,101,111,46,83"/><V115/><F75/><W67/><G111/><T124/><D124/><N who="1" m="47691" /><E70/><V121/><F106/><W2/><G126/><T33/><D33/><U66/><E133/><V113/><F37/><W49/><G128/><T104/><D134/><U9/><E47/><V23/><F64/><W71/><G67/><T84/><D104/><U61/><E87/><N who="0" m="33321" /><D130/><U43/><E43/><V51/><F51/><W114/><G114/><T91/><D62/><N who="1" m="38215" /><E28/><N who="2" m="10827" /><F90/><W120/><G120/><T13/><D76/><U24/><E24/><V131/><F121/><W79/><G79/><T27/><D7/><U92/><E107/><V63/><F63/><W82/><G5/><T40/><D4/><U20/><E20/><N who="2" m="7755" /><F32/><W73/><G65/><T26/><D40/><U58/><E58/><V132/><F132/><W44/><G73/><T60/><D60/><U117/><E117/><V39/><F39/><W123/><G123/><T81/><D48/><U54/><E54/><V109/><F109/><W53/><G49/><T45/><D55/><U122/><E122/><V25/><F25/><W35/><G53/><T8/><D27/><U16/><E52/><V17/><F0/><W50/><G2/><T108/><D45/><U93/><E61/><V14/><F14/><W135/><G46/><T77/><D26/><U34/><E34/><V103/><F103/><W6/><G44/><T68/><D13/><N who="1" m="7215" /><E59/><V105/><F105/><W42/><G35/><T116/><D108/><U3/><E98/><V89/><F89/><W102/><G99/><T41/><D96/><U110/><E110/><V119/><F119/><W118/><G118/><RYUUKYOKU ba="0,0" sc="177,-15,184,15,367,15,272,-15" hai1="3,11,92,93" hai2="15,17,112,113,115,129,131" />
</Scene>
<Scene>
<INIT seed="2,1,0,2,5,67" ten="162,199,382,257" oya="2" hai0="73,91,2,62,41,57,51,106,107,84,127,90,88" hai1="75,128,129,116,87,43,13,74,22,19,108,7,101" hai2="102,110,72,25,34,4,89,81,30,8,96,39,28" hai3="26,120,68,52,50,95,5,134,14,80,94,115,99"/><V24/><F39/><W40/><G120/><T20/><D73/><U121/><E116/><V37/><F37/><W49/><G134/><T21/><D2/><U17/><E121/><V58/><F58/><W118/><G118/><T69/><D127/><U36/><E7/><V23/><F110/><W78/><G115/><T86/><D107/><U123/><E123/><V38/><F38/><W112/><G68/><T44/><D106/><U31/><E31/><V122/><F122/><W125/><G125/><T55/><D69/><U126/><E126/><V29/><F29/><W6/><G95/><T12/><D12/><U109/><E87/><AGARI ba="1,0" hai="20,21,41,44,51,55,57,62,84,86,87,88,90,91" machi="87" ten="40,2600,0" yaku="8,1,54,1" doraHai="67" who="0" fromWho="1" sc="162,29,199,-29,382,0,257,0" />
</Scene>
<Scene>
<INIT seed="3,0,0,4,4,69" ten="191,170,382,257" oya="3" hai0="106,52,96,31,34,119,50,22,51,43,40,103,33" hai1="26,63,12,127,84,88,0,112,58,100,85,27,115" hai2="83,37,81,121,86,3,44,107,36,108,56,129,118" hai3="126,80,48,57,53,15,74,1,9,23,117,59,7"/><W66/><G117/><T24/><D119/><U110/><E0/><V89/><F118/><W128/><G128/><T123/><D123/><U114/><E127/><V14/><F3/><W60/><G126/><T16/><D51/><U54/><E110/><V35/><F35/><W71/><G74/><T55/><D55/><U65/><E100/><V17/><F107/><W72/><G72/><T102/><D102/><U111/><E111/><V125/><F108/><W28/><G80/><T76/><D76/><U32/><E12/><V77/><F125/><W87/><G87/><T132/><D132/><U130/><E130/><V38/><F129/><W90/><G90/><T19/><D19/><U113/><N who="1" m="29184" /><DORA hai="134" /><U47/><E32/><V105/><F105/><W11/><G23/><T124/><D124/><U5/><E5/><V62/><F44/><W39/><G28/><T68/><D68/><U46/><E85/><V92/><F121/><W99/><G99/><T70/><D70/><U116/><E116/><V94/><F94/><W2/><G2/><T122/><D122/><U21/><E54/><V13/><F17/><W42/><G59/><T30/><D34/><U61/><E61/><V79/><F83/><W133/><G133/><T4/><D4/><U6/><E6/><V75/><REACH who="2" step="1"/><F79/><REACH who="2" ten="191,170,372,257" step="2"/><W109/><G109/><T73/><D31/><U25/><REACH who="1" step="1"/><E21/><REACH who="1" ten="191,160,372,257" step="2"/><V82/><F82/><AGARI ba="0,2" hai="25,26,27,46,47,58,63,65,82,84,88" m="29184" machi="82" ten="70,8000,1" yaku="1,1,2,1,54,1,53,0" doraHai="69,134" doraHaiUra="67,8" who="1" fromWho="2" sc="191,0,160,100,372,-80,257,0" />
</Scene>
<Scene>
<INIT seed="4,0,0,0,3,62" ten="191,260,292,257" oya="0" hai0="49,111,53,45,24,78,67,66,112,57,127,40,96" hai1="43,58,80,9,98,132,91,121,22,75,70,39,83" hai2="42,41,69,116,105,31,114,11,110,28,60,54,18" hai3="82,129,124,8,61,52,81,19,50,30,51,128,73"/><T135/><D112/><U14/><E70/><V95/><F105/><W47/><G124/><T133/><D127/><U56/><E121/><V84/><F110/><W4/><G30/><N who="2" m="11305" /><F69/><W32/><G32/><T71/><D78/><U13/><E132/><N who="0" m="50761" /><D111/><U26/><E43/><V102/><F116/><W15/><G73/><T38/><D24/><U64/><E39/><V94/><F94/><W107/><G107/><T97/><D71/><U109/><E56/><N who="2" m="34839" /><F114/><W120/><G120/><T119/><D119/><U48/><E109/><V37/><F37/><W93/><G93/><T21/><D21/><U5/><E14/><N who="2" m="7519" /><F84/><W55/><G4/><T7/><D7/><U117/><E75/><V33/><F33/><W123/><G123/><T34/><D34/><U17/><E117/><V130/><F130/><W125/><G125/><T65/><AGARI ba="0,0" hai="38,40,45,49,53,57,65,66,67,96,97" m="50761" machi="65" ten="30,11700,0" yaku="20,1,52,3" doraHai="62" who="0" fromWho="0" sc="191,117,260,-39,292,-39,257,-39" />
</Scene>
<Scene>
<INIT seed="4,1,0,1,0,126" ten="308,221,253,218" oya="0" hai0="67,16,9,51,115,62,78,133,7,83,45,128,15" hai1="71,0,52,5,57,113,28,10,64,50,119,132,74" hai2="49,12,125,53,3,97,14,135,58,66,116,65,88" hai3="112,73,124,94,36,93,77,120,24,99,118,56,90"/><T76/><D115/><U40/><E119/><V106/><F3/><W32/><G118/><T55/><D133/><U114/><E74/><V107/><F116/><W70/><G70/><T108/><D108/><U43/><E132/><V82/><F135/><W131/><G36/><T81/><D128/><U19/><E28/><V122/><F122/><W22/><G124/><T109/><D109/><U68/><E68/><V98/><F125/><W103/><G32/><T69/><D83/><U38/><E19/><V34/><F34/><W105/><G120/><T20/><REACH who="0" step="1"/><D81/><REACH who="0" ten="298,221,253,218" step="2"/><U129/><E129/><V91/><F82/><W101/><G131/><T33/><D33/><U30/><E114/><V29/><F106/><W46/><G105/><T2/><AGARI ba="1,1" hai="2,7,9,15,16,20,45,51,55,62,67,69,76,78" machi="2" ten="20,7800,0" yaku="1,1,0,1,7,1,54,1,53,0" doraHai="126" doraHaiUra="84" who="0" fromWho="0" sc="298,91,221,-27,253,-27,218,-27" />
</Scene>
<Scene>
<INIT seed="4,2,0,3,3,132" ten="389,194,226,191" oya="0" hai0="5,28,66,128,72,37,58,115,89,24,51,15,63" hai1="60,96,38,78,43,83,26,13,53,54,6,95,30" hai2="49,3,17,129,41,94,33,135,25,19,18,50,12" hai3="71,29,97,119,69,81,74,21,4,123,117,125,113"/><T82/><D37/><U108/><E108/><V114/><F3/><W16/><G113/><T59/><D115/><U92/><E38/><V77/><F114/><W88/><G123/><T45/><D128/><U57/><E43/><V47/><F135/><W67/><G29/><T0/><D0/><U100/><E6/><V52/><F129/><W121/><G121/><T1/><D1/><U11/><E11/><V9/><F77/><W131/><G4/><T55/><D72/><U70/><E70/><V133/><F133/><W101/><G131/><T76/><D76/><U44/><E13/><V103/><F33/><W98/><G71/><T20/><D82/><U134/><E134/><V27/><F103/><W79/><G98/><T104/><D104/><U120/><E95/><V39/><F94/><W126/><G67/><T36/><D89/><U122/><E53/><V46/><REACH who="2" step="1"/><F39/><REACH who="2" ten="389,194,216,191" step="2"/><W107/><G119/><T42/><D5/><AGARI ba="2,1" hai="5,9,12,17,18,19,25,27,41,46,47,49,50,52" machi="5" ten="40,8000,1" yaku="1,1,2,1,8,1,54,1,53,0" doraHai="132" doraHaiUra="75" who="2" fromWho="0" sc="389,-86,194,0,216,96,191,0" />
</Scene>
<Scene>
<INIT seed="5,0,0,4,1,42" ten="303,194,312,191" oya="1" hai0="32,24,14,86,117,127,121,111,109,34,50,41,23" hai1="98,49,4,74,38,25,114,43,112,116,30,115,123" hai2="103,81,101,110,76,5,91,100,47,7,124,133,88" hai3="77,61,80,62,107,13,26,95,58,31,87,120,70"/><U65/><E123/><V57/><F110/><W20/><G107/><T53/><D117/><U63/><E116/><V106/><F106/><W128/><G120/><T35/><D121/><U27/><E74/><V68/><F68/><W51/><G128/><T97/><D127/><U96/><E4/><N who="2" m="1611" /><F124/><W40/><G70/><T130/><D130/><U22/><E38/><V132/><F57/><W84/><G13/><T78/><D41/><U113/><N who="1" m="29184" /><DORA hai="44" /><U0/><E0/><V19/><F19/><W129/><G129/><T17/><D97/><U12/><E12/><V16/><F16/><W102/><G102/><T94/><D14/><U125/><E27/><V134/><F47/><W122/><G122/><T135/><D135/><U59/><E125/><V6/><F6/><W71/><G71/><T89/><REACH who="0" step="1"/><D78/><REACH who="0" ten="293,194,312,191" step="2"/><U52/><REACH who="1" step="1"/><E43/><REACH who="1" ten="293,184,312,191" step="2"/><V28/><F133/><W92/><G40/><T1/><D1/><U45/><AGARI ba="0,2" hai="22,25,30,45,49,52,59,63,65,96,98" m="29184" machi="45" ten="60,24000,3" yaku="1,1,2,1,0,1,15,1,52,2,54,1,53,1" doraHai="42,44" doraHaiUra="82,54" who="1" fromWho="1" sc="293,-80,184,260,312,-80,191,-80" />
</Scene>
<Scene>
<INIT seed="5,1,0,5,3,87" ten="213,444,232,111" oya="1" hai0="130,115,98,27,54,6,86,56,1,22,62,77,67" hai1="119,59,52,89,47,127,75,107,24,76,28,18,7" hai2="12,42,60,132,122,96,120,21,123,48,94,40,61" hai3="70,57,14,69,32,31,44,34,88,38,23,53,4"/><U95/><E119/><V55/><F21/><W51/><G34/><T73/><D73/><U131/><E107/><V26/><F26/><W20/><G32/><T116/><D116/><U5/><E131/><V68/><F12/><W65/><G69/><T13/><D1/><U99/><E127/><V79/><F79/><W45/><G31/><T72/><D72/><U43/><E18/><V121/><F132/><W126/><G126/><T111/><D111/><U113/><E75/><V110/><F110/><W19/><G4/><T108/><D108/><U10/><E76/><V90/><N who="2" m="30720" /><DORA hai="2" /><V39/><F39/><W85/><G38/><T81/><D115/><U37/><E10/><V100/><F100/><W84/><G84/><T103/><D130/><U106/><E106/><V33/><F33/><W29/><G65/><T125/><D125/><U64/><E64/><V82/><F82/><W58/><G70/><T17/><D67/><U134/><E113/><V135/><F135/><W36/><G58/><T50/><D62/><U41/><E41/><V83/><F83/><W91/><G36/><T92/><REACH who="0" step="1"/><D6/><REACH who="0" ten="203,444,232,111" step="2"/><U49/><E134/><V25/><F61/><W124/><G124/><T117/><D117/><U74/><E74/><V66/><REACH who="2" step="1"/><F25/><AGARI ba="1,1" hai="13,17,22,25,27,50,54,56,77,81,86,92,98,103" machi="25" ten="40,8000,1" yaku="1,1,8,1,53,2" doraHai="87,2" doraHaiUra="78,15" who="0" fromWho="2" sc="203,93,444,0,232,-83,111,0" />
</Scene>
<Scene>
<INIT seed="6,0,0,4,3,96" ten="296,444,149,111" oya="2" hai0="90,72,60,1,87,118,56,88,65,95,30,99,2" hai1="86,114,93,27,131,46,120,128,58,107,25,71,52" hai2="59,74,92,73,106,28,91,105,110,49,103,63,57" hai3="108,123,0,133,134,13,97,40,11,127,41,26,64"/><V83/><F110/><W78/><G123/><T34/><D72/><U89/><E120/><V75/><F28/><W19/><G108/><T42/><D118/><U104/><E71/><V94/><F49/><W45/><G127/><T12/><D42/><U66/><E66/><V135/><F135/><N who="3" m="51723" /><G0/><T55/><D12/><U16/><E46/><V31/><F31/><W38/><G41/><T18/><D18/><U33/><E33/><V44/><F44/><W47/><G47/><T23/><D34/><U119/><E114/><V101/><F63/><W109/><G109/><T70/><D23/><N who="1" m="13543" /><E27/><V82/><F75/><W43/><G43/><T77/><D77/><U54/><E119/><V6/><F91/><W121/><G78/><T79/><D79/><U51/><E54/><V5/><AGARI ba="0,0" hai="5,6,57,59,73,74,82,83,92,94,101,103,105,106" machi="5" ten="25,12000,1" yaku="0,1,22,2,52,2" doraHai="96" who="2" fromWho="2" sc="296,-40,444,-40,149,120,111,-40" />
</Scene>
<Scene>
<INIT seed="6,1,0,0,2,49" ten="256,404,269,71" oya="2" hai0="113,4,90,67,91,121,77,62,115,117,73,52,43" hai1="100,6,98,8,54,124,33,42,109,116,15,39,57" hai2="130,107,128,75,110,59,34,88,86,71,0,84,45" hai3="70,3,51,9,12,127,134,61,87,120,7,111,129"/><V19/><F71/><W79/><G111/><T126/><D121/><U22/><E33/><V40/><F75/><W32/><G32/><T69/><D43/><U17/><E109/><V102/><F34/><W80/><G120/><T95/><D126/><U30/><E124/><V118/><F110/><W35/><G35/><T50/><D4/><U28/><E42/><V122/><F122/><W85/><G134/><T31/><D31/><U131/><E39/><V105/><F0/><W83/><G129/><N who="2" m="49769" /><F102/><W106/><G106/><T96/><D117/><U48/><E116/><V63/><F19/><W23/><G127/><T94/><D77/><U13/><E131/><V99/><F99/><W25/><G3/><T21/><D21/><U44/><E44/><V93/><F86/><W16/><G51/><T92/><D73/><U27/><E27/><V11/><F11/><W82/><G70/><T24/><D24/><U18/><E18/><V56/><F56/><W60/><REACH who="3" step="1"/><G83/><REACH who="3" ten="256,404,269,61" step="2"/><T20/><D69/><U5/><E5/><V66/><F118/><W114/><G114/><T125/><D125/><U1/><E1/><V97/><F97/><W2/><G2/><T74/><D115/><U89/><E98/><V81/><F81/><W72/><G72/><T135/><D74/><U112/><E112/><V41/><F41/><W46/><G46/><N who="0" m="27735" /><D113/><U76/><E100/><V65/><F105/><W53/><G53/><T123/><D123/><U58/><E6/><V132/><F132/><W78/><AGARI ba="1,1" hai="7,9,12,16,23,25,60,61,78,79,80,82,85,87" machi="78" ten="20,12000,2" yaku="1,1,0,1,7,1,9,1,8,1,54,1,53,0" doraHai="49" doraHaiUra="101" who="3" fromWho="3" sc="256,-31,404,-31,269,-61,61,133" />
</Scene>
<Scene>
<INIT seed="7,0,0,4,3,70" ten="225,373,208,194" oya="3" hai0="74,116,77,32,25,101,96,71,46,66,41,83,54" hai1="7,39,5,78,103,35,63,90,110,1,18,123,97" hai2="57,56,36,127,112,115,135,3,50,91,72,119,8" hai3="79,133,37,42,86,80,24,104,17,125,31,126,2"/><W58/><G104/><T19/><D116/><U76/><E18/><V53/><F119/><W67/><G133/><T108/><D108/><U65/><E90/><V27/><F135/><W13/><G2/><T20/><D54/><U64/><E123/><V75/><F127/><N who="3" m="48651" /><G67/><T23/><D32/><U81/><E35/><V33/><F36/><W12/><G17/><T62/><D25/><U34/><E34/><V118/><F118/><W117/><G117/><T92/><D19/><U28/><E28/><N who="2" m="19615" /><F57/><W52/><G42/><T40/><D40/><U114/><E65/><V55/><F55/><W85/><G37/><AGARI ba="0,0" hai="20,23,37,41,46,62,66,71,74,77,83,92,96,101" machi="37" ten="30,2000,0" yaku="7,1,52,1" doraHai="70" who="0" fromWho="3" sc="225,20,373,0,208,0,194,-20" owari="245,5.0,373,47.0,208,-19.0,174,-33.0" />
</Scene>
</mjloggm>