<mjloggm ver="2.3"><GO type="169" lobby="0"/><UN n0="%E6%A4%8D%E9%87%8E" n1="%6D%73%69%67%65%72%75" n2="%E5%A4%AA%E3%81%8F%E3%81%AA%E3%81%84%E3%81%8A" n3="%E2%91%A3%E3%82%BB%E3%83%B3%E3%83%81" dan="18,16,19,17" rate="2237.86,2014.03,2319.06,2153.10" sx="M,M,F,M"/><TAIKYOKU oya="0"/>

<Scene>
<INIT seed="0,0,0,1,2,6" ten="250,250,250,250" oya="0" hai0="16,66,19,115,42,93,84,74,32,44,110,12,112" hai1="101,17,35,109,133,13,69,43,121,70,87,95,27" hai2="125,0,135,127,89,83,3,106,15,78,120,38,10" hai3="80,67,9,45,54,31,40,28,60,88,124,86,114"/><T134/><D74/><U96/><E121/><V65/><F120/><W118/><G114/><T73/><D73/><U131/><E109/><V98/><F38/><W56/><G118/><T4/><D32/><U111/><E111/><V25/><F135/><W79/><G124/><N who="2" m="47689" /><F65/><W58/><G79/><T55/><D110/><U48/><E133/><V47/><F25/><W61/><REACH who="3" step="1"/><G9/><REACH who="3" ten="250,250,250,240" step="2"/><N who="0" m="4135" /><D134/><U22/><E131/><V53/><F10/><W90/><G90/><N who="0" m="53447" /><D115/><U51/><E101/><V76/><F89/><W68/><G68/><T30/><D112/><U41/><E70/><V107/><F78/><W34/><G34/><T100/><D100/><U94/><E69/><V105/><F76/><W103/><G103/><T37/><D37/><AGARI ba="0,1" hai="28,31,37,40,45,54,56,58,60,61,67,80,86,88" machi="37" ten="30,3900,0" yaku="1,1,7,1,54,1,53,0" doraHai="6" doraHaiUra="104" who="3" fromWho="0" sc="250,-39,250,0,250,0,240,49" />
</Scene>
<Scene>
<INIT seed="1,0,0,3,3,60" ten="211,250,250,289" oya="1" hai0="64,116,126,22,128,108,107,38,97,49,81,135,29" hai1="28,86,109,88,84,129,83,111,58,59,73,66,82" hai2="79,99,53,14,33,67,6,85,44,54,31,20,91" hai3="106,30,76,37,43,15,119,63,110,114,117,23,3"/><U41/><E129/><V2/><F2/><W77/><G37/><T80/><D38/><U9/><E73/><V130/><F33/><W71/><G43/><T105/><D116/><N who="3" m="44617" /><G106/><T112/><D112/><U132/><E41/><V35/><F35/><W120/><G63/><T98/><D128/><U39/><E39/><V32/><F32/><W10/><G71/><T47/><D108/><N who="1" m="41547" /><E28/><V74/><F14/><W19/><G76/><T70/><D126/><U12/><E132/><V46/><F20/><W48/><G48/><T55/><D135/><U78/><E66/><V4/><F74/><W69/><G69/><T121/><D70/><U68/><E68/><V50/><F31/><W61/><G61/><T122/><D64/><U17/><AGARI ba="0,0" hai="9,12,17,58,59,78,82,83,84,86,88" m="41547" machi="17" ten="30,6000,0" yaku="14,1,10,1,54,1" doraHai="60" who="1" fromWho="1" sc="211,-20,250,60,250,-20,289,-20" />
</Scene>
<Scene>
<INIT seed="1,1,0,1,1,34" ten="191,310,230,269" oya="1" hai0="90,5,33,110,42,122,7,88,63,4,134,112,46" hai1="19,62,43,123,92,119,69,133,80,121,38,48,93" hai2="21,32,103,64,95,10,75,107,27,53,0,130,51" hai3="114,99,70,29,117,72,24,78,25,89,96,83,61"/><U18/><E38/><V68/><F75/><W1/><G114/><T50/><D112/><U71/><E119/><V118/><F118/><W77/><G117/><T55/><D33/><U87/><E133/><V82/><F82/><W58/><G70/><T14/><D110/><U26/><E43/><V102/><F32/><W47/><G78/><T39/><D134/><U106/><E106/><V49/><F107/><W120/><G120/><T98/><D122/><U113/><E113/><V36/><F36/><W28/><G47/><T52/><D14/><U16/><E26/><V124/><F124/><W101/><G89/><T79/><D79/><U65/><E69/><V41/><F130/><W9/><G25/><T125/><D125/><U86/><E48/><V20/><F41/><W44/><G44/><T11/><D11/><U31/><E31/><V22/><F27/><W73/><G73/><T94/><D63/><U111/><E111/><V108/><F108/><W126/><G126/><T85/><REACH who="0" step="1"/><D39/><REACH who="0" ten="181,310,230,269" step="2"/><U45/><E123/><V127/><F127/><W3/><G9/><T37/><D37/><U30/><E121/><V81/><F10/><W2/><G24/><T84/><D84/><U91/><E30/><V128/><F128/><W57/><G61/><T131/><D131/><U100/><E87/><V76/><F76/><W67/><G29/><T15/><D15/><U59/><E62/><V12/><F12/><W23/><G28/><T104/><D104/><U35/><E35/><V8/><F8/><W74/><G77/><T40/><D40/><U129/><E86/><V135/><F21/><RYUUKYOKU ba="1,1" sc="181,30,310,-10,230,-10,269,-10" hai0="4,5,7,42,46,50,52,55,85,88,90,94,98" />
</Scene>
<Scene>
<INIT seed="2,2,1,4,3,48" ten="211,300,220,259" oya="2" hai0="25,41,18,91,111,75,86,43,59,125,54,98,115" hai1="50,47,120,90,13,114,28,105,2,110,133,67,124" hai2="19,51,83,72,109,95,35,30,17,80,53,0,63" hai3="64,94,42,132,121,9,101,70,6,3,99,21,104"/><V123/><F123/><W66/><G121/><T38/><D75/><U4/><E120/><V49/><F0/><W46/><G132/><T44/><D115/><U73/><E73/><V89/><F109/><W97/><G21/><N who="0" m="13495" /><D38/><U68/><E105/><V129/><F129/><W112/><G112/><T5/><D125/><U108/><E2/><V84/><F35/><W8/><G8/><T102/><D111/><U55/><E114/><V39/><F30/><W7/><G7/><T88/><D5/><U16/><E28/><V34/><F39/><W37/><REACH who="3" step="1"/><G70/><REACH who="3" ten="211,300,220,249" step="2"/><T78/><D78/><U23/><E4/><V79/><F34/><W56/><G56/><T119/><D119/><U62/><E133/><V60/><F80/><W128/><G128/><T82/><D44/><U117/><E117/><V93/><F79/><W52/><G52/><T76/><D76/><U29/><E124/><V31/><F83/><W135/><G135/><T103/><D43/><U127/><E127/><V81/><F81/><W61/><G61/><N who="0" m="36087" /><D41/><U77/><E77/><V1/><F63/><W92/><G92/><AGARI ba="2,2" hai="82,86,88,91,92,98,102,103" m="36087,13495" machi="92" ten="30,7700,0" yaku="25,1,8,1,52,1,54,1" doraHai="48" who="0" fromWho="3" sc="211,103,300,0,220,0,249,-83" />
</Scene>
<Scene>
<INIT seed="3,0,0,4,0,71" ten="314,300,220,166" oya="3" hai0="7,11,31,72,70,106,80,97,99,128,109,19,42" hai1="104,37,76,6,22,54,60,81,20,44,53,115,95" hai2="46,121,62,25,34,2,49,126,9,5,32,38,132" hai3="36,116,58,56,86,55,47,82,26,134,111,8,77"/><W122/><G116/><T118/><D70/><U66/><E104/><V68/><F126/><W28/><G122/><T103/><D31/><U17/><E115/><V57/><F121/><W83/><G134/><T43/><D19/><U110/><E110/><V64/><F132/><W133/><G133/><T61/><D118/><U125/><E125/><V100/><F100/><W117/><G117/><T24/><D24/><U120/><E120/><V114/><F114/><W18/><G111/><T14/><D128/><U129/><E129/><V119/><F119/><W21/><G83/><T101/><D109/><U3/><E95/><V12/><F2/><W124/><G124/><T90/><D61/><U93/><E93/><V107/><F107/><W59/><G36/><T91/><D72/><N who="1" m="43143" /><E54/><N who="2" m="31951" /><F25/><W39/><G39/><T35/><D35/><U4/><E17/><V13/><F13/><N who="3" m="7463" /><G47/><T40/><REACH who="0" step="1"/><D80/><REACH who="0" ten="304,300,220,166" step="2"/><U63/><E63/><AGARI ba="0,1" hai="21,26,28,55,56,58,59,63,77,82,86" m="7463" machi="63" ten="30,1500,0" yaku="8,1" doraHai="71" who="3" fromWho="1" sc="304,0,300,-15,220,0,166,25" />
</Scene>
<Scene>
<INIT seed="3,1,0,0,1,92" ten="304,285,220,191" oya="3" hai0="100,94,118,124,99,25,116,42,89,114,88,30,111" hai1="6,12,126,103,132,20,4,83,101,52,76,97,57" hai2="38,79,33,84,27,102,46,122,1,110,55,9,75" hai3="41,16,2,26,135,74,115,47,96,134,86,3,63"/><W43/><G74/><T91/><D111/><U106/><E126/><V19/><F110/><W108/><G108/><T131/><D124/><U90/><E132/><N who="3" m="50730" /><G115/><T31/><D131/><U67/><E67/><V5/><F122/><W66/><G86/><T61/><D114/><U0/><E0/><N who="3" m="42" /><G47/><T58/><D42/><U72/><E103/><V40/><F84/><W112/><G112/><T85/><D85/><U44/><E90/><V35/><F55/><W78/><G78/><T127/><D127/><U82/><E82/><N who="2" m="45439" /><F102/><W70/><G96/><T77/><D77/><U56/><E56/><V59/><F59/><W107/><G107/><T68/><D68/><U24/><E12/><V15/><F27/><W7/><G7/><T119/><REACH who="0" step="1"/><D25/><REACH who="0" ten="294,285,220,191" step="2"/><U51/><REACH who="1" step="1"/><E44/><REACH who="1" ten="294,275,220,191" step="2"/><V49/><F46/><W10/><G26/><T65/><AGARI ba="1,2" hai="30,31,58,61,65,88,89,91,94,99,100,116,118,119" machi="65" ten="40,8000,1" yaku="1,1,2,1,0,1,52,1,54,1,53,0" doraHai="92" doraHaiUra="36" who="0" fromWho="0" sc="294,103,275,-21,220,-21,191,-41" />
</Scene>
<Scene>
<INIT seed="4,0,0,1,5,19" ten="397,254,199,150" oya="0" hai0="112,105,128,13,64,113,18,62,102,35,78,71,126" hai1="89,72,28,117,39,125,67,81,86,57,83,53,68" hai2="99,50,33,93,47,88,101,131,23,31,115,15,110" hai3="55,85,127,65,116,92,58,46,20,6,1,36,129"/><T130/><D113/><U82/><E39/><V25/><F110/><W16/><G116/><T98/><D112/><U120/><E120/><V119/><F115/><W132/><G65/><T17/><D126/><U100/><E125/><V26/><F119/><W124/><G6/><T29/><D78/><U109/><E117/><V133/><F131/><N who="0" m="50218" /><D13/><U4/><E109/><V44/><F133/><W70/><G70/><T123/><D123/><U106/><E28/><V75/><F75/><W51/><G1/><T42/><D42/><U45/><E4/><V122/><F122/><W63/><G129/><T30/><D30/><U21/><E45/><V22/><F15/><N who="3" m="9247" /><G63/><T91/><D91/><U76/><E67/><V56/><F33/><W108/><G108/><T49/><D49/><U118/><E118/><V80/><F56/><W12/><G12/><T84/><D35/><U87/><E68/><V111/><F111/><W43/><G132/><T0/><D0/><U40/><E106/><V94/><F80/><W11/><G11/><T9/><D9/><U38/><E81/><V121/><F121/><W69/><G69/><T24/><D71/><U8/><E38/><V134/><F134/><W5/><G5/><T96/><D64/><U2/><E8/><V3/><F3/><W48/><G36/><T107/><D62/><U103/><E2/><V61/><F61/><W14/><G14/><T34/><D84/><U97/><E86/><N who="2" m="52375" /><F50/><W114/><G114/><T59/><D107/><U7/><E87/><V66/><F66/><W90/><AGARI ba="0,0" hai="43,46,48,51,55,58,85,90,92,124,127" m="9247" machi="90" ten="30,4000,0" yaku="25,1,52,1,54,1" doraHai="19" who="3" fromWho="3" sc="397,-20,254,-10,199,-10,150,40" />
</Scene>
<Scene>
<INIT seed="5,0,0,1,0,87" ten="377,244,189,190" oya="1" hai0="99,45,128,22,65,120,116,73,129,11,67,28,33" hai1="122,96,2,89,78,17,119,49,135,94,69,114,18" hai2="121,76,29,79,57,118,133,85,58,103,42,36,93" hai3="125,13,95,101,9,50,106,88,64,131,19,109,61"/><U75/><E2/><V8/><F118/><W90/><G109/><T10/><D73/><U84/><E69/><V26/><F121/><W59/><G106/><T0/><D116/><U117/><E122/><V47/><F133/><W51/><G131/><T68/><D33/><U46/><E75/><V27/><F8/><N who="0" m="3114" /><D0/><U130/><E130/><N who="0" m="50281" /><D120/><U15/><E114/><V113/><F113/><W105/><G125/><T83/><D45/><U35/><E35/><V74/><F74/><W7/><G105/><T102/><D83/><U100/><E78/><V25/><F29/><W111/><G111/><T40/><D40/><U115/><E115/><V41/><F41/><W81/><G7/><T31/><D22/><U54/><E135/><V24/><N who="2" m="6144" /><DORA hai="38" /><V80/><REACH who="2" step="1"/><F79/><REACH who="2" ten="377,244,179,190" step="2"/><W70/><G70/><T34/><D68/><U37/><E119/><V66/><F66/><N who="0" m="25098" /><D34/><U43/><E117/><V112/><F112/><W91/><G81/><T48/><D48/><N who="3" m="18473" /><G101/><T62/><D62/><U6/><E37/><V44/><F44/><W72/><G72/><T60/><D60/><U123/><E123/><V132/><F132/><W134/><G134/><T124/><D124/><U32/><E32/><V107/><F107/><AGARI ba="0,1" hai="28,31,99,102,107" m="25098,50281,3114" machi="107" ten="30,1000,0" yaku="19,1" doraHai="87,38" who="0" fromWho="2" sc="377,20,244,0,179,-10,190,0" />
</Scene>
<Scene>
<INIT seed="6,0,0,2,2,116" ten="397,244,169,190" oya="2" hai0="66,55,69,102,38,49,47,15,115,26,65,51,21" hai1="10,90,42,45,61,48,72,73,70,98,3,120,50" hai2="40,46,83,103,132,29,92,8,59,23,118,39,87" hai3="7,31,122,0,67,121,33,101,18,95,127,35,126"/><V11/><F118/><W114/><G67/><T28/><D38/><U52/><E120/><N who="3" m="46186" /><G101/><T119/><D69/><U93/><E3/><V133/><F59/><W131/><G95/><T22/><D115/><U44/><E10/><V89/><F29/><W104/><G104/><T53/><D102/><U62/><E62/><V19/><F103/><W110/><G114/><T27/><D15/><U85/><E70/><V77/><F132/><W124/><G131/><T57/><D119/><U109/><E109/><V2/><F133/><W107/><G107/><T30/><AGARI ba="0,0" hai="21,22,26,27,28,30,47,49,51,53,55,57,65,66" machi="30" ten="20,5200,0" yaku="0,1,7,1,9,1,8,1" doraHai="116" who="0" fromWho="0" sc="397,52,244,-13,169,-26,190,-13" />
</Scene>
<Scene>
<INIT seed="7,0,0,4,3,134" ten="449,231,143,177" oya="3" hai0="61,46,86,68,94,82,22,64,66,119,28,76,33" hai1="126,2,57,12,43,93,123,107,21,77,62,1,17" hai2="105,14,100,41,85,48,96,30,0,54,3,129,104" hai3="103,69,40,31,58,125,121,118,35,112,10,39,114"/><W89/><G69/><T55/><D33/><U9/><E126/><V72/><F72/><W101/><G118/><T49/><D119/><U44/><E107/><V60/><F129/><W110/><G121/><T70/><D70/><U50/><E123/><V27/><F105/><W25/><G110/><T99/><D68/><U130/><E130/><V116/><F116/><W78/><G78/><T79/><D79/><U131/><E131/><V19/><F60/><W59/><G89/><N who="0" m="55759" /><D61/><U111/><E111/><V81/><F41/><W128/><G10/><T127/><D127/><U124/><E124/><V56/><F19/><W24/><G24/><AGARI ba="0,0" hai="22,24,28,46,49,55,64,66,76,82,86" m="55759" machi="24" ten="30,1000,0" yaku="8,1" doraHai="134" who="0" fromWho="3" sc="449,10,231,0,143,0,177,-10" owari="459,56.0,231,3.0,143,-36.0,167,-23.0" />
</Scene>
</mjloggm>