<mjloggm ver="2.3"><GO type="169" lobby="0"/><UN n0="%E9%81%8A%E8%B5%B0" n1="%E5%A4%AA%E3%81%8F%E3%81%AA%E3%81%84%E3%81%8A" n2="%7A%65%72%6F%52%58" n3="%74%6F%74%6F%74%61%72%6F" dan="17,18,17,16" rate="2175.70,2286.13,2174.04,2046.25" sx="M,M,M,M"/><TAIKYOKU oya="0"/>

<Scene>
<INIT seed="0,0,0,0,5,127" ten="250,250,250,250" oya="0" hai0="60,37,71,135,42,18,111,70,74,65,6,41,101" hai1="11,105,33,20,97,110,1,121,117,133,128,56,88" hai2="134,100,25,13,24,48,8,76,31,54,14,126,9" hai3="114,7,59,46,5,63,104,90,82,124,77,130,49"/><T62/><D74/><U72/><RYUUKYOKU type="yao9" ba="0,0" sc="250,0,250,0,250,0,250,0" hai1="1,11,20,33,56,72,88,97,105,110,117,121,128,133" />
</Scene>
<Scene>
<INIT seed="0,1,0,0,2,126" ten="250,250,250,250" oya="0" hai0="135,83,5,113,40,26,56,9,17,88,130,20,108" hai1="114,122,85,86,29,6,1,43,68,75,22,79,91" hai2="129,115,44,64,41,82,74,48,19,15,53,59,23" hai3="94,70,66,128,97,120,77,132,78,121,102,119,98"/><T28/><D113/><U76/><E122/><N who="3" m="47210" /><G70/><T37/><D108/><U109/><E68/><V50/><F115/><W46/><G46/><T24/><D135/><U62/><E114/><V89/><F64/><W33/><G33/><T72/><D130/><U93/><E75/><V11/><F74/><W103/><G66/><T51/><D37/><U131/><E43/><V16/><F129/><W117/><G132/><T63/><D40/><U123/><E131/><V34/><F34/><W52/><G52/><N who="0" m="34183" /><D72/><U110/><E123/><V112/><F112/><W73/><G128/><T90/><D83/><U12/><E1/><V10/><REACH who="2" step="1"/><F19/><REACH who="2" ten="250,250,240,250" step="2"/><W99/><G73/><T116/><D116/><N who="3" m="44617" /><G94/><T47/><D5/><U49/><E6/><V71/><F71/><W25/><G25/><T87/><D26/><U55/><E110/><V67/><F67/><W58/><G58/><T125/><D125/><U14/><E109/><V127/><F127/><W81/><G81/><T57/><D57/><U69/><E69/><V95/><F95/><W42/><G42/><T111/><D111/><U8/><E93/><V30/><F30/><W101/><AGARI ba="1,1" hai="77,78,97,98,99,101,102,103" m="44617,47210" machi="101" ten="40,8000,1" yaku="28,2,13,1,34,2" doraHai="126" who="3" fromWho="3" sc="250,-41,250,-21,240,-21,250,93" />
</Scene>
<Scene>
<INIT seed="1,0,0,1,4,52" ten="209,229,219,343" oya="1" hai0="46,38,32,6,69,58,68,129,62,2,128,131,91" hai1="98,51,37,130,100,5,103,111,56,47,106,92,63" hai2="105,135,72,101,44,77,53,57,31,73,113,45,25" hai3="75,0,114,70,118,49,12,125,21,110,22,24,40"/><U55/><E130/><V87/><F135/><W86/><G75/><T94/><D32/><U81/><E5/><V104/><F73/><W124/><G0/><T41/><D6/><U88/><E111/><V50/><F72/><W132/><G70/><T134/><D2/><U89/><E37/><V78/><F113/><W93/><G114/><T102/><D102/><U8/><E8/><V34/><F101/><W16/><G132/><T97/><REACH who="0" step="1"/><D134/><REACH who="0" ten="199,229,219,343" step="2"/><U115/><E115/><V13/><F105/><W36/><G110/><T120/><D120/><U74/><E106/><V43/><F104/><W79/><G125/><T96/><D96/><U26/><E26/><V109/><F109/><W107/><G107/><T9/><D9/><U7/><E7/><V84/><F34/><W20/><G124/><T3/><D3/><U14/><E14/><V119/><F119/><W133/><G118/><T11/><D11/><U117/><E117/><V60/><F13/><W10/><G133/><T85/><D85/><N who="1" m="50223" /><E74/><V71/><F87/><W17/><G24/><T33/><D33/><U82/><E82/><V112/><F84/><W65/><G86/><T15/><D15/><U76/><E76/><V35/><F112/><W99/><G79/><T127/><D127/><U108/><E108/><V116/><F116/><W121/><G121/><T90/><D90/><U83/><E83/><V66/><F78/><W126/><G126/><T19/><D19/><U23/><E23/><V42/><F77/><W59/><G17/><T1/><D1/><U4/><E4/><V95/><F95/><W48/><G22/><RYUUKYOKU ba="0,1" sc="199,10,229,10,219,10,343,-30" hai0="38,41,46,58,62,68,69,91,94,97,128,129,131" hai1="47,51,55,56,63,89,92,98,100,103" hai2="25,31,35,42,43,44,45,50,53,57,60,66,71" />
</Scene>
<Scene>
<INIT seed="1,1,1,2,5,1" ten="209,239,229,313" oya="1" hai0="17,134,13,64,24,132,48,103,95,107,92,94,34" hai1="110,124,114,71,15,43,81,4,119,58,3,59,61" hai2="91,35,33,97,86,36,27,100,30,2,88,28,129" hai3="128,23,104,54,10,62,67,32,87,122,47,82,78"/><U113/><E3/><V25/><F36/><W84/><G32/><T11/><D64/><N who="1" m="41359" /><E81/><V70/><F70/><W20/><G104/><T57/><D57/><N who="1" m="21515" /><E4/><V90/><F129/><W22/><G128/><T102/><D48/><U37/><E15/><V79/><F79/><W7/><G122/><T51/><D51/><U14/><E14/><V41/><F41/><W31/><G47/><T106/><D106/><U45/><E119/><V98/><F2/><W118/><G54/><T131/><D131/><U126/><E110/><V125/><F125/><AGARI ba="1,1" hai="37,43,45,113,114,124,125,126" m="21515,41359" machi="125" ten="30,5800,0" yaku="18,1,34,2" doraHai="1" who="1" fromWho="2" sc="209,0,239,71,229,-61,313,0" />
</Scene>
<Scene>
<INIT seed="1,2,0,3,1,44" ten="209,310,168,313" oya="1" hai0="27,48,128,21,69,76,22,79,31,86,28,51,34" hai1="4,104,117,84,124,54,133,132,135,50,121,111,88" hai2="68,77,72,17,103,110,67,19,57,41,81,96,113" hai3="63,89,75,95,100,65,97,126,99,118,23,62,114"/><U131/><E117/><V129/><F110/><W109/><G75/><T33/><D86/><U106/><E121/><V70/><F129/><W55/><G109/><T74/><D69/><U38/><E38/><V108/><F108/><W11/><G118/><T112/><D128/><U42/><E111/><V123/><F123/><W26/><G114/><T2/><D2/><U43/><E131/><V0/><F0/><W3/><G126/><T45/><D45/><N who="1" m="27983" /><E4/><V53/><F41/><N who="1" m="15369" /><E124/><V39/><F39/><W58/><G11/><T120/><D120/><U56/><E56/><V78/><F78/><W52/><G63/><T92/><D92/><AGARI ba="2,0" hai="84,88,92,104,106,132,133,135" m="15369,27983" machi="92" ten="30,5800,0" yaku="20,1,52,1,54,1" doraHai="44" who="1" fromWho="0" sc="209,-64,310,64,168,0,313,0" />
</Scene>
<Scene>
<INIT seed="1,3,0,2,2,67" ten="145,374,168,313" oya="1" hai0="76,120,118,102,52,0,20,22,33,4,98,103,80" hai1="7,86,31,69,106,57,123,81,110,49,113,72,30" hai2="90,94,44,19,83,77,60,6,53,112,12,128,21" hai3="107,32,105,51,91,25,134,125,66,133,41,84,45"/><U54/><E113/><V27/><F128/><W34/><G125/><T116/><D33/><N who="3" m="12905" /><G66/><T117/><D120/><U79/><E123/><V29/><F112/><W63/><G63/><T95/><D102/><U26/><E106/><V2/><F44/><W59/><G59/><T93/><D93/><U97/><E7/><V108/><F108/><W18/><G25/><T111/><D111/><U35/><E30/><V42/><F42/><W24/><G24/><T73/><D4/><U43/><E110/><V39/><F39/><W23/><G23/><T61/><REACH who="0" step="1"/><D0/><REACH who="0" ten="135,374,168,313" step="2"/><U9/><E35/><V70/><F6/><W127/><G127/><T99/><D99/><U71/><E97/><V3/><F3/><W104/><G104/><T78/><D78/><U8/><E79/><V132/><F2/><W58/><G107/><T55/><D55/><U13/><E54/><V115/><F53/><W64/><G105/><T36/><D36/><U96/><E96/><V109/><F109/><W135/><G134/><T129/><D129/><U130/><E130/><V101/><F101/><W46/><G135/><T82/><D82/><U15/><E81/><V40/><F132/><W11/><G133/><T48/><D48/><U65/><E49/><V87/><F115/><W85/><G51/><T122/><D122/><U16/><E43/><V119/><F77/><W126/><G41/><T17/><D17/><U75/><E16/><V10/><F40/><W1/><G126/><T114/><D114/><U28/><E28/><V37/><F37/><W89/><G18/><T92/><D92/><U38/><E38/><RYUUKYOKU ba="3,1" sc="135,30,374,-10,168,-10,313,-10" hai0="20,22,52,61,73,76,80,95,98,103,116,117,118" />
</Scene>
<Scene>
<INIT seed="2,4,1,2,3,60" ten="165,364,158,303" oya="2" hai0="96,50,52,39,99,125,1,115,64,113,66,80,76" hai1="120,20,43,12,44,2,24,105,26,3,107,135,22" hai2="57,95,0,37,122,127,114,134,25,65,116,48,61" hai3="41,14,98,58,8,33,31,70,35,108,104,40,111"/><V81/><F0/><W133/><G70/><T47/><D1/><U78/><E78/><V86/><F122/><W69/><G69/><T102/><D125/><U67/><E12/><V54/><F116/><W16/><G133/><T126/><D126/><U28/><E135/><V21/><F127/><W94/><G104/><T29/><D39/><U73/><E44/><V10/><F134/><W63/><G40/><T87/><D29/><U9/><E28/><V72/><F37/><W55/><G41/><T100/><D115/><U11/><E43/><V131/><F131/><W17/><G17/><T4/><D113/><U62/><E62/><V118/><F118/><W19/><G19/><T74/><D4/><U129/><E73/><V93/><F10/><W68/><G68/><T45/><D45/><U89/><E89/><N who="2" m="51407" /><F72/><W15/><G15/><T82/><D99/><U132/><E132/><V77/><F77/><W101/><REACH who="3" step="1"/><G31/><REACH who="3" ten="165,364,158,293" step="2"/><T97/><D102/><U103/><E103/><V13/><F114/><W36/><G36/><T6/><D6/><U30/><E30/><N who="2" m="17711" /><F13/><W18/><G18/><T117/><D117/><U32/><E2/><V38/><F38/><W121/><G121/><T59/><D100/><U92/><E120/><V79/><F79/><W106/><G106/><T85/><D74/><U110/><E3/><V83/><F83/><W27/><G27/><T130/><D82/><U5/><E107/><V51/><F95/><W53/><G53/><N who="0" m="29919" /><D76/><U71/><E105/><V49/><F93/><W84/><G84/><N who="0" m="32331" /><D80/><U23/><E26/><V112/><F112/><W42/><G42/><RYUUKYOKU ba="4,2" sc="165,-15,364,-15,158,15,293,15" hai2="48,49,51,54,57,61,65" hai3="8,14,16,33,35,55,58,63,94,98,101,108,111" />
</Scene>
<Scene>
<INIT seed="2,5,2,4,0,59" ten="150,349,173,308" oya="2" hai0="75,133,21,23,132,39,7,105,2,15,62,130,54" hai1="41,43,78,42,118,72,94,126,91,76,16,13,110" hai2="127,128,19,5,102,99,6,81,98,11,113,112,108" hai3="68,34,65,56,44,37,83,73,106,107,103,33,26"/><V64/><F127/><W122/><G56/><N who="0" m="35095" /><D105/><U12/><E118/><V125/><F125/><W63/><G122/><T104/><D104/><N who="3" m="39977" /><G26/><T124/><D124/><U77/><E110/><V58/><F108/><W24/><G24/><T3/><D39/><U95/><E126/><V115/><F128/><W32/><G103/><T1/><D75/><U60/><E72/><V20/><F81/><W116/><G116/><T40/><D40/><U18/><E60/><V109/><F109/><W120/><G120/><T14/><D130/><U52/><E52/><V82/><F82/><W51/><G51/><T117/><D117/><U22/><REACH who="1" step="1"/><E91/><REACH who="1" ten="150,339,173,308" step="2"/><V86/><F115/><W30/><G30/><T119/><D119/><U121/><E121/><V28/><F113/><W0/><G44/><T38/><D133/><U55/><E55/><V100/><F28/><W80/><G73/><T50/><D132/><U57/><E57/><V10/><F58/><W70/><G70/><T49/><D38/><U129/><E129/><V85/><F112/><W31/><G31/><T8/><D50/><U97/><E97/><V101/><F99/><W69/><G37/><T27/><D49/><U134/><E134/><V84/><F98/><W48/><G48/><T71/><D71/><U25/><E25/><N who="2" m="14495" /><F64/><W46/><G69/><T45/><D27/><U61/><E61/><V79/><F79/><W89/><G46/><T88/><D45/><U123/><E123/><V9/><AGARI ba="5,3" hai="5,6,9,10,11,84,85,86,100,101,102" m="14495" machi="9" ten="40,7800,0" yaku="29,2,8,1" doraHai="59" who="2" fromWho="2" sc="150,-31,339,-31,173,123,308,-31" />
</Scene>
<Scene>
<INIT seed="2,6,0,4,4,59" ten="119,308,296,277" oya="2" hai0="100,88,104,69,4,18,23,34,93,120,63,33,19" hai1="7,82,123,2,134,122,66,97,129,74,50,41,72" hai2="53,56,91,36,73,115,48,49,121,86,101,65,35" hai3="109,96,103,128,55,132,54,98,32,8,58,89,15"/><V25/><F121/><N who="1" m="46089" /><E134/><V81/><F115/><W21/><G32/><T13/><D120/><U37/><E37/><V79/><F36/><W46/><G132/><T87/><D4/><U133/><E133/><V44/><F101/><W126/><G109/><T29/><D29/><U5/><E129/><V117/><F117/><W26/><G128/><T135/><D135/><U22/><E66/><V83/><F65/><W67/><G126/><T71/><D19/><U9/><E7/><V64/><F64/><W131/><G131/><T47/><D47/><N who="1" m="25967" /><E82/><V16/><F35/><W1/><G1/><T90/><D90/><U92/><E22/><V6/><F6/><W68/><G89/><AGARI ba="6,0" hai="2,5,9,72,74,89,92,97" m="25967,46089" machi="89" ten="30,1000,0" yaku="13,1" doraHai="59" who="1" fromWho="3" sc="119,0,308,28,296,0,277,-28" />
</Scene>
<Scene>
<INIT seed="3,0,0,1,1,2" ten="119,336,296,249" oya="3" hai0="88,48,63,42,12,40,120,26,98,123,21,11,131" hai1="32,127,60,126,20,82,101,5,91,115,104,79,135" hai2="86,106,7,83,18,102,99,41,66,43,93,6,49" hai3="132,51,113,62,38,25,80,36,47,112,71,27,110"/><W75/><G25/><T94/><D131/><U118/><E32/><V122/><F106/><W105/><G105/><T121/><D48/><U111/><E115/><V19/><F66/><N who="3" m="41431" /><G27/><T8/><D63/><U22/><E60/><V97/><F97/><W55/><G80/><T92/><D92/><U119/><E91/><N who="2" m="51679" /><F122/><W64/><G75/><T95/><D95/><U14/><E101/><V29/><F29/><W130/><G64/><T129/><D129/><U67/><E67/><V78/><F78/><W23/><G23/><T31/><REACH who="0" step="1"/><D8/><REACH who="0" ten="109,336,296,249" step="2"/><N who="1" m="4367" /><E104/><V116/><F49/><N who="3" m="29119" /><G130/><T84/><D84/><U76/><E82/><V100/><F93/><W58/><G132/><T28/><D28/><U9/><E9/><V0/><F99/><W3/><G113/><T128/><D128/><U56/><E135/><V81/><F81/><W57/><G112/><T61/><D61/><U85/><E85/><V77/><F102/><W53/><G36/><T59/><D59/><U34/><E56/><V33/><F100/><W4/><G38/><T39/><D39/><U52/><E79/><V10/><F77/><W70/><G58/><T68/><D68/><U13/><E76/><V107/><F107/><W96/><G70/><T17/><AGARI ba="0,1" hai="11,12,17,21,26,31,40,42,88,94,98,120,121,123" machi="17" ten="30,7900,0" yaku="1,1,0,1,54,1,53,1" doraHai="2" doraHaiUra="15" who="0" fromWho="0" sc="109,89,336,-20,296,-20,249,-39" />
</Scene>
<Scene>
<INIT seed="4,0,0,0,0,105" ten="198,316,276,210" oya="0" hai0="43,130,114,95,51,117,17,13,60,32,56,102,129" hai1="82,85,99,91,75,116,16,31,79,84,34,0,106" hai2="77,4,49,58,135,39,63,9,18,53,62,7,127" hai3="11,15,48,72,35,28,80,97,61,111,98,123,37"/><T103/><D117/><U40/><E0/><V19/><F39/><W38/><G111/><T65/><D32/><U50/><E116/><V1/><F135/><W68/><G123/><T94/><D114/><U104/><E31/><V124/><F7/><W92/><G98/><T27/><D27/><U110/><E34/><V78/><F78/><W45/><G80/><T108/><D108/><U59/><E110/><V46/><F77/><W70/><G72/><T36/><D36/><U21/><E99/><V112/><F63/><W47/><G47/><N who="0" m="26111" /><D130/><U107/><E91/><V119/><F112/><W122/><G122/><T83/><D83/><U121/><E121/><V66/><REACH who="2" step="1"/><F119/><REACH who="2" ten="198,316,266,210" step="2"/><W71/><G61/><T26/><D129/><U64/><E64/><V41/><F41/><W120/><G120/><T14/><D103/><U86/><E40/><V118/><F118/><W133/><G38/><T2/><D102/><U131/><E131/><V57/><F57/><W54/><G37/><T6/><D6/><U115/><E115/><V5/><F5/><N who="3" m="3567" /><G133/><T42/><D42/><U74/><E79/><V24/><F24/><N who="3" m="18823" /><G70/><T30/><D2/><U3/><E3/><V87/><F87/><W23/><G68/><T8/><D13/><U25/><REACH who="1" step="1"/><E82/><REACH who="1" ten="198,306,266,210" step="2"/><V52/><F52/><AGARI ba="0,2" hai="16,21,25,50,52,59,74,75,84,85,86,104,106,107" machi="52" ten="50,16000,3" yaku="1,1,2,1,52,2,54,2,53,3" doraHai="105" doraHaiUra="100" who="1" fromWho="2" sc="198,0,306,180,266,-160,210,0" />
</Scene>
<Scene>
<INIT seed="5,0,0,1,4,119" ten="198,486,106,210" oya="1" hai0="127,112,36,92,103,1,51,122,59,28,79,98,41" hai1="16,101,129,85,37,56,45,64,34,55,100,29,58" hai2="33,83,57,5,21,69,26,40,80,132,94,133,38" hai3="125,30,117,12,9,102,78,63,90,73,75,17,104"/><U53/><E34/><V39/><F69/><W116/><G125/><T10/><D127/><U96/><E29/><V25/><F5/><W65/><G90/><T110/><D110/><U47/><E64/><V109/><F109/><W66/><G66/><T118/><D118/><N who="3" m="45673" /><G78/><T67/><D112/><U95/><E129/><V76/><F94/><W15/><G15/><T99/><D122/><U48/><E85/><V43/><F21/><W82/><G82/><T123/><D123/><U35/><E35/><V86/><F57/><N who="3" m="37103" /><G30/><T61/><D36/><U108/><E108/><V70/><F86/><W32/><G32/><T13/><D1/><U11/><E101/><V93/><F93/><W20/><G9/><T31/><D79/><U72/><E72/><V134/><F70/><W8/><G8/><T124/><D99/><AGARI ba="0,0" hai="12,17,20,73,75,99,102,104" m="37103,45673" machi="99" ten="30,1000,0" yaku="12,1" doraHai="119" who="3" fromWho="0" sc="198,-10,486,0,106,0,210,10" />
</Scene>
<Scene>
<INIT seed="6,0,0,1,0,54" ten="188,486,106,220" oya="2" hai0="17,59,79,112,11,29,67,2,85,130,87,1,69" hai1="60,135,31,102,21,76,3,64,13,38,88,95,134" hai2="63,86,45,73,33,53,43,83,37,46,71,118,15" hai3="7,22,34,107,114,80,100,125,66,110,26,19,51"/><V18/><F118/><W41/><G110/><T89/><D69/><U14/><E3/><V108/><F33/><W9/><G125/><T58/><D130/><U98/><E38/><V115/><F108/><W48/><G34/><T47/><D112/><U124/><E76/><V96/><F115/><W12/><G41/><T122/><D122/><U126/><E102/><V129/><F129/><W40/><G40/><T132/><D132/><N who="1" m="50731" /><E31/><V57/><F73/><W32/><G32/><T127/><D127/><N who="1" m="48683" /><E21/><V104/><F46/><W82/><G66/><T44/><D67/><U121/><E121/><V55/><F71/><AGARI ba="0,0" hai="13,14,60,64,71,88,95,98" m="48683,50731" machi="71" ten="30,3900,0" yaku="20,1,18,1,54,1" doraHai="54" who="1" fromWho="2" sc="188,0,486,39,106,-39,220,0" />
</Scene>
<Scene>
<INIT seed="7,0,0,4,1,10" ten="188,525,67,220" oya="3" hai0="31,77,93,100,103,30,94,38,95,24,7,81,120" hai1="121,59,58,12,89,17,91,37,104,40,1,28,88" hai2="2,72,4,63,19,112,70,45,126,33,119,9,122" hai3="97,124,32,109,60,98,125,5,101,44,13,56,11"/><W48/><G32/><T129/><D38/><U34/><E1/><V131/><F45/><W26/><G26/><T105/><D120/><U8/><E104/><V135/><F63/><W79/><G109/><T3/><D3/><U22/><E34/><V132/><F19/><W71/><G71/><T43/><D129/><U107/><E107/><V50/><F50/><W96/><G79/><T74/><D7/><U113/><E121/><V14/><F14/><W6/><G6/><T54/><D43/><U133/><E113/><V29/><F9/><W64/><REACH who="3" step="1"/><G101/><REACH who="3" ten="188,525,67,210" step="2"/><T102/><D24/><U127/><E89/><V51/><F4/><W55/><AGARI ba="0,1" hai="5,11,13,44,48,55,56,60,64,96,97,98,124,125" machi="55" ten="30,12000,1" yaku="1,1,2,1,0,1,52,1,53,1" doraHai="10" doraHaiUra="41" who="3" fromWho="3" sc="188,-40,525,-40,67,-40,210,130" />
</Scene>
<Scene>
<INIT seed="7,1,0,4,1,93" ten="148,485,27,340" oya="3" hai0="37,45,126,80,117,67,78,97,104,81,30,69,129" hai1="5,66,68,89,62,50,102,107,44,48,77,26,86" hai2="74,58,90,82,83,110,54,41,40,134,29,120,71" hai3="79,15,130,98,32,1,47,127,14,51,111,64,55"/><W135/><G1/><T31/><D117/><U57/><E77/><V85/><F110/><W70/><G111/><T133/><D133/><U56/><E5/><V84/><F134/><W105/><G135/><T35/><D129/><U20/><E102/><V116/><F116/><W75/><G130/><T21/><D126/><U122/><E107/><V61/><F120/><W27/><G127/><T8/><D21/><U121/><E68/><V92/><F71/><W76/><G14/><T0/><D45/><U131/><E57/><V124/><F124/><W101/><G15/><T7/><D37/><U2/><E2/><V22/><F74/><W65/><G65/><T19/><D19/><U91/><E50/><V106/><F106/><W60/><REACH who="3" step="1"/><G75/><REACH who="3" ten="148,485,27,330" step="2"/><T17/><D67/><U63/><E131/><V3/><F3/><W25/><G25/><T53/><D0/><U109/><E109/><V96/><F84/><W132/><G132/><T100/><D7/><U119/><E119/><V10/><F10/><W28/><AGARI ba="1,1" hai="27,28,32,47,51,55,60,64,70,76,79,98,101,105" machi="28" ten="30,18000,2" yaku="1,1,0,1,25,2,52,1,53,1" doraHai="93" doraHaiUra="99" who="3" fromWho="3" sc="148,-61,485,-61,27,-61,330,193" owari="87,-31.0,424,22.0,-34,-53.0,523,62.0" />
</Scene>
</mjloggm>