<mjloggm ver="2.3"><GO type="169" lobby="0"/><UN n0="%E3%82%A2%E3%82%AB%E3%82%AE%EF%BC%A0%E5%B7%9D%E6%9D%91%E8%BB%8D%E5%9B%A3" n1="%E5%A4%AA%E3%81%8F%E3%81%AA%E3%81%84%E3%81%8A" n2="%E8%B1%86%E7%89%B9%EF%BC%A0%E6%B2%B3%E6%9D%91%E8%BB%8D%E5%9B%A3" n3="%E6%8E%A8%E7%A9%BA%EF%BC%B0" dan="16,19,18,16" rate="2116.50,2299.95,2171.05,2107.48" sx="M,F,M,F"/><TAIKYOKU oya="0"/>

<Scene>
<INIT seed="0,0,0,0,2,112" ten="250,250,250,250" oya="0" hai0="60,42,25,85,36,45,66,106,32,27,108,134,119" hai1="57,75,87,61,116,50,44,77,4,98,110,82,16" hai2="1,101,7,35,92,114,31,17,52,109,113,124,64" hai3="62,24,117,132,23,14,54,95,93,102,8,43,21"/><T47/><D134/><U94/><E110/><V103/><F109/><W34/><G132/><T107/><D108/><U111/><E111/><V83/><F64/><W37/><G34/><T120/><D120/><U11/><E75/><V80/><F124/><W53/><G37/><T79/><D47/><U81/><E81/><V72/><F17/><W49/><G43/><T26/><D32/><U13/><E116/><V97/><F101/><W100/><G62/><T46/><D119/><U51/><E4/><V133/><F133/><W70/><G70/><T2/><D2/><U30/><E30/><V12/><F12/><W5/><G117/><T10/><D10/><U121/><E44/><V38/><F38/><W29/><G21/><T122/><D122/><U3/><E3/><V84/><F7/><W69/><G69/><T67/><D46/><U123/><E123/><V86/><F1/><W71/><G71/><T55/><D55/><N who="3" m="21001" /><G49/><T56/><REACH who="0" step="1"/><D67/><REACH who="0" ten="240,250,250,250" step="2"/><N who="1" m="39343" /><E121/><V118/><F118/><W15/><G8/><T9/><D9/><U41/><E41/><V89/><F113/><W73/><G5/><T48/><D48/><U76/><E76/><V22/><F114/><W63/><G63/><T19/><D19/><U68/><E68/><V129/><F35/><W96/><G73/><T0/><D0/><U58/><E58/><V88/><F72/><W99/><AGARI ba="0,1" hai="14,15,23,24,29,93,95,96,99,100,102" m="21001" machi="99" ten="30,1100,0" yaku="8,1" doraHai="112" who="3" fromWho="3" sc="240,-5,250,-3,250,-3,250,21" />
</Scene>
<Scene>
<INIT seed="1,0,0,2,0,86" ten="235,247,247,271" oya="1" hai0="72,113,52,81,114,22,34,54,37,5,0,126,36" hai1="49,64,92,63,16,128,3,77,76,50,132,62,131" hai2="124,8,18,67,75,95,39,47,87,48,101,19,121" hai3="11,20,26,119,43,88,89,59,104,78,40,25,38"/><U1/><E92/><V21/><F121/><W109/><G104/><T17/><D34/><U91/><E64/><V28/><F75/><W4/><G78/><T105/><D105/><U68/><E68/><V111/><F39/><W129/><G38/><T94/><D126/><U2/><E132/><V12/><F124/><W84/><G109/><T110/><D110/><U108/><E108/><V70/><F111/><W60/><G129/><N who="1" m="49738" /><E16/><V13/><F28/><N who="3" m="17447" /><G119/><T56/><D114/><U135/><E135/><V82/><F67/><N who="3" m="39327" /><G26/><T44/><D113/><U90/><E63/><V65/><F65/><W96/><G96/><T93/><D36/><U45/><E62/><V58/><F58/><W30/><G84/><T99/><D37/><U79/><E50/><V85/><F70/><W120/><G30/><T53/><D56/><U115/><E115/><V98/><REACH who="2" step="1"/><F82/><REACH who="2" ten="235,247,237,271" step="2"/><W102/><G120/><T46/><D81/><U97/><E97/><V31/><F31/><W123/><G123/><T106/><D99/><U80/><E80/><V118/><F118/><W32/><G32/><T51/><D46/><U14/><E14/><V69/><F69/><W9/><G102/><T117/><D117/><U71/><E71/><V6/><F6/><W100/><G100/><T29/><D5/><U10/><E10/><N who="3" m="3594" /><G4/><T66/><D29/><U24/><E24/><V15/><F15/><W57/><G57/><T23/><D66/><U112/><E112/><V35/><F35/><W42/><AGARI ba="0,1" hai="40,42,43,88,89" m="3594,39327,17447" machi="42" ten="30,7900,0" yaku="8,1,52,2,54,1" doraHai="86" who="3" fromWho="3" sc="235,-20,247,-39,237,-20,271,89" />
</Scene>
<Scene>
<INIT seed="2,0,0,0,0,71" ten="215,208,217,360" oya="2" hai0="117,3,82,126,55,95,18,69,10,86,35,64,31" hai1="88,37,39,62,108,121,85,98,27,76,56,67,109" hai2="4,115,19,14,124,101,125,112,133,25,84,1,102" hai3="106,116,99,58,50,17,24,23,104,127,78,6,33"/><V53/><F133/><W75/><G116/><T28/><D117/><U22/><E76/><V26/><F84/><W20/><G33/><T103/><D126/><N who="2" m="48746" /><F53/><W107/><G127/><T119/><D119/><U73/><E98/><V41/><F41/><W111/><G6/><T12/><D3/><U48/><E73/><V130/><F130/><W13/><G111/><N who="1" m="42570" /><E48/><V120/><F120/><W45/><G58/><T21/><D35/><U79/><E79/><V8/><F102/><W87/><G75/><T134/><D134/><U32/><E32/><V7/><F101/><W47/><G99/><T113/><D103/><U97/><E97/><V15/><F15/><W131/><G131/><T68/><D12/><U91/><E121/><V63/><F63/><W43/><G47/><T89/><D86/><U129/><E129/><V16/><F19/><W72/><G72/><T70/><D18/><N who="1" m="12759" /><E91/><V135/><F135/><W100/><G100/><T42/><D89/><U34/><E34/><V36/><F36/><W92/><G78/><T44/><D42/><U81/><AGARI ba="0,0" hai="37,39,56,62,67,81,85,88" m="12759,42570" machi="81" ten="30,7900,0" yaku="14,1,52,2,54,1" doraHai="71" who="1" fromWho="1" sc="215,-20,208,79,217,-39,360,-20" />
</Scene>
<Scene>
<INIT seed="3,0,0,4,5,24" ten="195,287,178,340" oya="3" hai0="8,116,133,104,15,3,117,124,54,68,17,96,102" hai1="74,51,0,9,89,44,131,5,75,64,100,14,50" hai2="1,4,123,67,80,22,103,45,114,112,77,73,36" hai3="16,39,38,98,128,42,13,93,43,10,46,33,29"/><W25/><G128/><T87/><D133/><U20/><E100/><V107/><F22/><W113/><G113/><T12/><D3/><U31/><E131/><V94/><F94/><W120/><G120/><T97/><D124/><U66/><E75/><V59/><F59/><W35/><G35/><T41/><D68/><U127/><E74/><V118/><F67/><W79/><G79/><T60/><D41/><U86/><E127/><V82/><F82/><W28/><G28/><T48/><D60/><U47/><E0/><V7/><F7/><W88/><G43/><T23/><D97/><U56/><E20/><V99/><F123/><W65/><G65/><N who="1" m="25194" /><E31/><V52/><F52/><W81/><G81/><T108/><D108/><U135/><E135/><V58/><F58/><W126/><G126/><T55/><D55/><N who="1" m="31871" /><E50/><AGARI ba="0,0" hai="10,13,16,25,29,33,38,39,42,46,50,88,93,98" machi="50" ten="30,11600,0" yaku="7,1,52,1,54,2" doraHai="24" who="3" fromWho="1" sc="195,0,287,-116,178,0,340,116" />
</Scene>
<Scene>
<INIT seed="3,1,0,1,2,121" ten="195,171,178,456" oya="3" hai0="93,100,45,109,104,23,55,14,83,20,0,31,13" hai1="63,41,9,25,134,71,99,70,94,130,106,116,50" hai2="86,96,43,6,56,37,57,103,24,84,32,1,110" hai3="88,61,16,102,125,2,108,78,7,133,28,126,118"/><W80/><G118/><T36/><D104/><U5/><E106/><V72/><F72/><W60/><G102/><T33/><D0/><U11/><E116/><V35/><F1/><W66/><G28/><T69/><D69/><U132/><E130/><V51/><F6/><W127/><G133/><N who="1" m="51306" /><E25/><V17/><F37/><W90/><G7/><T42/><D33/><U111/><E111/><V29/><F35/><W81/><G2/><T30/><D109/><U21/><E21/><V91/><F17/><W27/><G108/><T15/><D83/><N who="3" m="31817" /><G78/><T58/><D23/><U3/><E11/><V67/><F110/><W98/><G98/><T97/><REACH who="0" step="1"/><D20/><REACH who="0" ten="185,171,178,456" step="2"/><U68/><E68/><V48/><F32/><W115/><G115/><T47/><D47/><N who="1" m="25967" /><E63/><AGARI ba="1,1" hai="13,14,15,30,31,36,42,45,55,58,63,93,97,100" machi="63" ten="40,1300,0" yaku="1,1,53,0" doraHai="121" doraHaiUra="73" who="0" fromWho="1" sc="185,26,171,-16,178,0,456,0" />
</Scene>
<Scene>
<INIT seed="4,0,0,4,1,57" ten="211,155,178,456" oya="0" hai0="18,13,34,36,128,39,100,135,30,91,80,85,104" hai1="62,81,95,50,61,126,72,22,28,65,55,8,70" hai2="16,79,131,15,133,66,118,134,59,84,98,76,10" hai3="20,102,58,24,17,60,82,23,71,5,110,47,132"/><T101/><D128/><U120/><E120/><V122/><F122/><W83/><G110/><T78/><D135/><N who="2" m="51722" /><F131/><W96/><G71/><T40/><D34/><U67/><E126/><V49/><F118/><W9/><G132/><T32/><D32/><U97/><E8/><V25/><F98/><W46/><G23/><T107/><D30/><U35/><E35/><V19/><F84/><W73/><G73/><T64/><D64/><U6/><E6/><V112/><F112/><W54/><G47/><T45/><D39/><U88/><E72/><V94/><F94/><W113/><G113/><T4/><D91/><U109/><E109/><V43/><F43/><W0/><G46/><T87/><D87/><U42/><E42/><V52/><F66/><N who="1" m="25097" /><E81/><V105/><F105/><AGARI ba="0,0" hai="0,5,9,17,20,24,54,58,60,82,83,96,102,105" machi="105" ten="30,2000,0" yaku="7,1,52,1" doraHai="57" who="3" fromWho="2" sc="211,0,155,0,178,-20,456,20" />
</Scene>
<Scene>
<INIT seed="5,0,0,0,3,13" ten="211,155,158,476" oya="1" hai0="38,90,68,93,125,10,32,65,62,2,99,89,47" hai1="135,21,35,17,71,4,31,79,74,44,94,117,24" hai2="111,61,49,14,27,115,0,78,75,16,52,55,67" hai3="91,56,58,48,84,112,63,73,120,64,34,102,69"/><U80/><E135/><V18/><F111/><W20/><G73/><T37/><D32/><U19/><E117/><V42/><F0/><W82/><G120/><T22/><D125/><U81/><E71/><V25/><F115/><W103/><G34/><T105/><D105/><U110/><E110/><V113/><F113/><W39/><G39/><T119/><D119/><U12/><E81/><V85/><F75/><W76/><G112/><T9/><D90/><U53/><E94/><V5/><F78/><W127/><G127/><T118/><D118/><U7/><E53/><N who="2" m="20555" /><F85/><W133/><G133/><T126/><D126/><U6/><E44/><N who="2" m="25751" /><F61/><W54/><G69/><T72/><D72/><U51/><E51/><V23/><F67/><W60/><G60/><T50/><D2/><U106/><E106/><V97/><F97/><W114/><G114/><T77/><D77/><U36/><E36/><V30/><F5/><W107/><G107/><T1/><D1/><U104/><E104/><V15/><F30/><W132/><G132/><T46/><D38/><U128/><E128/><V131/><F131/><W70/><G70/><T45/><D37/><U101/><REACH who="1" step="1"/><E17/><REACH who="1" ten="211,145,158,476" step="2"/><V109/><F109/><W8/><G48/><T41/><D47/><U87/><E87/><V29/><F29/><W98/><G84/><T83/><D46/><U59/><E59/><V116/><F116/><W134/><G58/><T124/><D124/><U92/><E92/><V28/><F28/><W96/><G56/><T3/><D83/><U100/><AGARI ba="0,1" hai="4,6,7,12,19,21,24,31,35,74,79,80,100,101" machi="100" ten="30,6000,0" yaku="1,1,0,1,52,1,53,0" doraHai="13" doraHaiUra="130" who="1" fromWho="1" sc="211,-20,145,70,158,-20,476,-20" />
</Scene>
<Scene>
<INIT seed="5,1,0,3,4,53" ten="191,215,138,456" oya="1" hai0="73,77,112,55,35,80,84,72,5,62,129,133,57" hai1="78,97,90,74,110,65,51,134,48,9,111,3,59" hai2="109,107,93,128,96,46,79,61,50,123,104,118,70" hai3="45,49,41,13,44,23,105,24,15,58,14,47,64"/><U81/><E134/><V69/><F123/><W114/><G105/><T39/><D133/><U40/><E90/><V67/><F118/><W63/><REACH who="3" step="1"/><G114/><REACH who="3" ten="191,215,138,446" step="2"/><T38/><D112/><U94/><E111/><V124/><F107/><W52/><G52/><T92/><D55/><U89/><E110/><V121/><F104/><W91/><G91/><T31/><D129/><U87/><E89/><V98/><F109/><W42/><G42/><T60/><D77/><U27/><E40/><V83/><F128/><W12/><N who="3" m="3072" /><DORA hai="115" /><W0/><G0/><T26/><D26/><U21/><E3/><V10/><F79/><W71/><G71/><T108/><D108/><U106/><E106/><V7/><F69/><W126/><G126/><T33/><D5/><U34/><E27/><V101/><F124/><W43/><G43/><T119/><D119/><U103/><E78/><V4/><F7/><W113/><G113/><T2/><D2/><U37/><E103/><V100/><F4/><W68/><G68/><T130/><D130/><U56/><E65/><V36/><F100/><W132/><G132/><T20/><D39/><U30/><E37/><V99/><F36/><W8/><G8/><T88/><D38/><U102/><E9/><V6/><F10/><W85/><G85/><T117/><D117/><U22/><E87/><V127/><F6/><W54/><G54/><T25/><D92/><U82/><E94/><V11/><F127/><W86/><G86/><T135/><D135/><U32/><E102/><V131/><F131/><W116/><G116/><T17/><D84/><U16/><E51/><RYUUKYOKU ba="1,1" sc="191,-10,215,-10,138,-10,446,30" hai3="23,24,41,44,45,47,49,58,63,64" />
</Scene>
<Scene>
<INIT seed="6,2,1,3,5,134" ten="181,205,128,476" oya="2" hai0="51,71,100,85,66,97,45,63,109,59,70,126,77" hai1="31,52,15,35,23,10,60,25,57,122,112,135,105" hai2="125,26,124,5,114,7,92,36,113,74,68,108,62" hai3="116,11,117,6,13,120,49,56,72,32,75,54,88"/><V127/><F36/><W29/><G120/><T129/><D109/><U33/><E105/><V39/><F39/><W19/><G32/><T53/><D129/><U12/><E135/><V2/><F74/><W84/><G29/><T55/><D126/><U17/><E122/><V48/><F108/><W14/><G72/><T73/><D73/><U79/><E112/><N who="2" m="43115" /><F2/><W80/><G75/><T4/><D4/><N who="2" m="1610" /><F26/><W104/><G104/><T44/><D85/><U107/><E107/><V128/><F128/><W91/><G91/><T76/><D97/><U131/><E131/><V119/><F119/><W61/><G61/><T110/><D100/><U21/><E79/><V27/><F27/><W96/><G96/><T65/><D110/><U98/><E98/><V123/><F123/><W42/><G42/><T20/><D77/><U93/><E93/><V101/><F48/><W47/><G56/><T106/><D76/><U90/><E90/><V1/><F1/><W133/><G133/><T46/><D106/><U69/><E69/><N who="0" m="26121" /><D20/><AGARI ba="2,1" hai="6,11,13,14,19,20,47,49,54,80,84,88,116,117" machi="20" ten="30,2000,0" yaku="7,1,54,1" doraHai="134" who="3" fromWho="0" sc="181,-26,205,0,128,0,476,36" />
</Scene>
<Scene>
<INIT seed="7,0,0,1,0,61" ten="155,205,128,512" oya="3" hai0="88,132,114,46,108,23,81,112,87,101,72,1,77" hai1="93,98,64,55,36,65,45,32,15,52,133,82,37" hai2="35,67,113,33,131,100,116,70,92,127,106,59,56" hai3="7,38,121,90,66,68,125,24,104,58,124,102,91"/><W48/><G38/><T42/><D108/><U73/><E32/><V134/><F116/><W135/><G121/><T41/><D1/><U14/><E82/><V2/><F2/><W4/><G24/><T105/><D132/><U3/><E73/><V99/><F134/><W60/><G135/><T69/><D69/><U26/><E26/><V103/><F131/><W43/><G104/><T94/><D23/><U50/><E3/><V20/><F127/><N who="3" m="48715" /><G102/><T129/><D129/><U83/><E83/><V128/><F128/><W51/><G43/><T126/><D126/><U30/><E30/><V31/><F113/><N who="0" m="43626" /><D46/><U39/><E55/><V13/><F35/><W57/><G68/><T122/><D122/><U62/><E133/><V74/><F74/><W28/><G28/><T111/><D111/><U12/><E62/><N who="2" m="40311" /><F100/><W96/><G58/><T49/><D49/><N who="3" m="19017" /><G96/><AGARI ba="0,0" hai="41,42,72,77,81,87,88,94,96,101,105" m="43626" machi="96" ten="30,7700,0" yaku="24,1,15,1,11,1,54,1" doraHai="61" who="0" fromWho="3" sc="155,77,205,0,128,0,512,-77" owari="232,3.0,205,-19.0,128,-37.0,435,53.0" />
</Scene>
</mjloggm>