<mjloggm ver="2.3"><GO type="169" lobby="0"/><UN n0="%E9%88%B4%E4%BE%8D" n1="%E5%A4%AA%E3%81%8F%E3%81%AA%E3%81%84%E3%81%8A" n2="%7A%61%63%63" n3="%E3%83%AB%E3%82%BF%E3%82%B9%E3%82%B1" dan="16,18,17,16" rate="2068.23,2246.05,2177.65,2021.85" sx="M,M,F,M"/><TAIKYOKU oya="0"/>

<Scene>
<INIT seed="0,0,0,1,1,52" ten="250,250,250,250" oya="0" hai0="59,66,135,86,121,109,79,31,92,37,46,132,44" hai1="15,116,122,48,67,50,6,63,105,134,19,49,104" hai2="25,94,55,130,64,113,30,4,77,35,68,0,107" hai3="23,110,89,131,5,106,22,102,85,53,75,20,73"/><T17/><D121/><U108/><E122/><V10/><F113/><W16/><G131/><T87/><D31/><U56/><E116/><V98/><F130/><W1/><G110/><T126/><D109/><U21/><E108/><V128/><F77/><W61/><G102/><T41/><D126/><U133/><REACH who="1" step="1"/><E6/><REACH who="1" ten="250,240,250,250" step="2"/><V120/><F120/><W71/><G5/><T12/><D132/><AGARI ba="0,1" hai="15,19,21,48,49,50,56,63,67,104,105,132,133,134" machi="132" ten="40,8000,1" yaku="1,1,2,1,20,1,52,1,53,0" doraHai="52" doraHaiUra="111" who="1" fromWho="0" sc="250,-80,240,90,250,0,250,0" />
</Scene>
<Scene>
<INIT seed="1,0,0,5,5,18" ten="170,330,250,250" oya="1" hai0="42,39,61,103,110,0,98,85,108,112,93,8,105" hai1="43,78,65,132,84,6,57,14,80,94,124,53,13" hai2="10,1,56,68,37,71,82,66,48,27,96,88,32" hai3="4,97,29,126,87,125,70,127,89,34,73,114,49"/><U74/><E132/><V51/><F37/><W25/><G73/><T121/><D112/><U26/><E124/><V64/><F1/><W115/><G70/><T23/><D121/><U95/><E65/><V35/><F10/><W128/><G128/><T100/><D61/><U122/><E122/><V130/><F130/><W135/><G135/><T21/><D42/><U7/><E43/><V62/><F35/><W33/><G4/><N who="1" m="1578" /><E74/><V90/><F32/><W123/><G123/><T99/><D39/><U133/><E133/><V75/><F96/><W9/><G9/><T104/><D0/><U44/><E44/><V50/><F66/><W63/><G97/><T40/><D40/><U129/><E26/><V55/><F71/><W47/><G63/><T2/><D8/><U16/><E129/><V31/><F75/><W30/><G30/><T86/><D2/><U119/><E119/><V81/><F68/><W41/><REACH who="3" step="1"/><G33/><REACH who="3" ten="170,330,250,240" step="2"/><T109/><REACH who="0" step="1"/><D105/><REACH who="0" ten="160,330,250,240" step="2"/><U52/><E53/><V117/><F55/><W45/><G45/><T77/><D77/><U102/><E52/><V36/><F36/><W3/><G3/><T58/><D58/><U92/><E57/><V54/><F54/><W67/><G67/><T69/><D69/><U106/><E106/><V17/><F56/><W113/><G113/><T118/><D118/><U12/><E102/><V116/><F64/><W11/><G11/><AGARI ba="0,2" hai="11,12,13,14,16,78,80,84,92,94,95" m="1578" machi="11" ten="30,2900,0" yaku="8,1,54,1" doraHai="18" who="1" fromWho="3" sc="160,0,330,49,250,0,240,-29" />
</Scene>
<Scene>
<INIT seed="1,1,0,2,5,83" ten="160,379,250,211" oya="1" hai0="73,36,100,57,85,97,9,52,28,135,71,82,80" hai1="86,118,77,131,94,98,63,105,127,109,72,56,130" hai2="31,78,119,93,114,62,19,4,65,124,95,84,90" hai3="66,0,117,29,106,111,45,15,34,134,46,126,74"/><U5/><E5/><V20/><F119/><W13/><G74/><T11/><D71/><U110/><E118/><V104/><F104/><W108/><G106/><T7/><D36/><U128/><E72/><V50/><F124/><W49/><G117/><T103/><D135/><U87/><E105/><V47/><F78/><W6/><G66/><T69/><D69/><U55/><E127/><V70/><F31/><W112/><G126/><T41/><D41/><U27/><E27/><V88/><F4/><W48/><G112/><T42/><D42/><U91/><REACH who="1" step="1"/><E77/><REACH who="1" ten="160,369,250,211" step="2"/><V120/><F114/><W53/><G6/><T81/><D73/><U67/><E67/><V33/><F120/><W59/><G0/><T122/><D122/><U61/><E61/><V44/><F62/><W75/><G75/><T102/><D28/><U92/><E92/><V129/><F93/><W24/><G134/><T32/><D32/><U1/><E1/><V35/><F65/><W3/><G3/><T12/><D9/><U79/><E79/><V54/><F70/><W115/><G115/><T30/><D30/><U113/><E113/><V16/><F95/><W107/><G107/><T14/><D14/><U64/><E64/><V51/><F35/><W21/><G34/><T132/><D132/><U133/><E133/><V18/><F33/><W121/><G121/><T76/><D97/><U25/><E25/><V26/><F129/><W22/><G29/><T116/><D116/><U60/><E60/><AGARI ba="1,1" hai="7,11,12,52,57,60,76,80,81,82,85,100,102,103" machi="60" ten="40,5200,0" yaku="8,1,52,1,54,1" doraHai="83" who="0" fromWho="1" sc="160,65,369,-55,250,0,211,0" />
</Scene>
<Scene>
<INIT seed="2,0,0,2,5,48" ten="225,314,250,211" oya="2" hai0="6,55,14,45,38,24,33,59,18,66,43,80,107" hai1="26,12,85,11,68,30,110,90,130,22,71,119,131" hai2="84,54,20,16,47,83,99,65,17,53,117,5,10" hai3="94,127,36,79,128,122,52,67,13,44,103,74,29"/><V106/><F117/><W75/><G122/><T57/><D107/><U49/><E110/><V92/><F106/><W35/><G67/><T86/><D66/><U89/><E119/><V96/><F47/><W9/><G36/><T116/><D116/><U108/><E108/><V60/><F5/><W115/><G115/><T104/><D104/><U133/><E133/><V63/><F10/><W77/><G29/><T32/><D6/><N who="1" m="3191" /><E49/><V39/><F39/><W0/><G0/><T42/><D42/><U56/><E56/><N who="2" m="37095" /><F60/><W125/><G35/><T123/><D123/><U62/><E62/><V15/><F17/><N who="3" m="8367" /><G128/><N who="1" m="49194" /><E90/><N who="2" m="51487" /><F99/><N who="3" m="59895" /><G75/><T7/><D7/><U3/><E3/><V2/><F2/><W113/><G74/><T109/><D109/><U78/><E78/><V61/><F61/><W112/><G112/><T134/><D134/><U93/><AGARI ba="0,0" hai="22,26,30,68,71,85,89,93" m="49194,3191" machi="93" ten="30,1100,0" yaku="19,1" doraHai="48" who="1" fromWho="1" sc="225,-3,314,11,250,-5,211,-3" />
</Scene>
<Scene>
<INIT seed="3,0,0,1,3,51" ten="222,325,245,208" oya="3" hai0="65,50,22,60,36,6,19,29,80,53,54,72,119" hai1="73,95,32,61,94,108,41,57,52,21,111,7,34" hai2="107,31,110,131,97,115,20,12,91,99,74,63,16" hai3="37,28,62,66,92,1,39,10,46,44,55,123,27"/><W116/><G123/><T81/><D36/><U75/><E7/><V38/><F115/><W42/><G116/><T0/><D119/><U67/><E41/><V124/><F74/><N who="1" m="28169" /><E21/><V24/><F131/><W85/><G10/><T88/><D72/><U71/><E94/><V35/><F124/><W77/><G1/><T102/><D102/><U48/><E95/><V69/><F110/><AGARI ba="0,0" hai="32,34,48,52,57,61,67,71,108,110,111" m="28169" machi="110" ten="30,3900,0" yaku="14,1,52,1,54,1" doraHai="51" who="1" fromWho="2" sc="222,0,325,39,245,-39,208,0" />
</Scene>
<Scene>
<INIT seed="4,0,0,1,0,89" ten="222,364,206,208" oya="0" hai0="58,90,69,68,23,42,73,108,54,88,86,27,97" hai1="126,6,82,128,78,121,60,64,2,65,102,12,116" hai2="10,32,48,124,115,94,83,55,135,26,39,4,43" hai3="16,76,125,91,8,96,101,47,59,0,120,133,87"/><T38/><D73/><U75/><E116/><V34/><F115/><W3/><G120/><T14/><D108/><U66/><E121/><V63/><F135/><W45/><G133/><T80/><D14/><U46/><E128/><V30/><F124/><W114/><G114/><T18/><D38/><U103/><E126/><V31/><F83/><W77/><G125/><T72/><D72/><U99/><E12/><V19/><F63/><W81/><G0/><T35/><D35/><U11/><E102/><V107/><F107/><W44/><G59/><T104/><D42/><U71/><REACH who="1" step="1"/><E46/><REACH who="1" ten="222,354,206,208" step="2"/><V17/><F26/><W70/><G3/><T57/><D57/><U33/><E33/><V79/><F32/><W122/><G70/><T5/><D5/><U52/><E52/><V13/><F55/><W24/><G122/><T51/><REACH who="0" step="1"/><D104/><AGARI ba="0,1" hai="2,6,11,60,64,65,66,71,75,78,82,99,103,104" machi="104" ten="30,3900,0" yaku="1,1,7,1,53,1" doraHai="89" doraHaiUra="93" who="1" fromWho="0" sc="222,-39,354,49,206,0,208,0" />
</Scene>
<Scene>
<INIT seed="5,0,0,0,1,51" ten="183,403,206,208" oya="1" hai0="91,132,60,58,134,67,86,48,28,41,10,84,65" hai1="39,22,100,33,24,126,5,18,106,62,38,128,112" hai2="94,119,116,11,92,110,7,115,66,114,57,90,63" hai3="121,82,123,2,36,87,49,30,85,97,42,96,129"/><U93/><E106/><V81/><F81/><W83/><G49/><T4/><D28/><U113/><E128/><V111/><F92/><W56/><G56/><T61/><D41/><U31/><E126/><V19/><F19/><W32/><G32/><T117/><D48/><U37/><E5/><V45/><F94/><W46/><G30/><T80/><D117/><N who="2" m="45130" /><F90/><W131/><G2/><T73/><D73/><U8/><E8/><V130/><F11/><W104/><G104/><T25/><D25/><U75/><E75/><V55/><F7/><W13/><G13/><T64/><D86/><U69/><E100/><V20/><F20/><W101/><G101/><T108/><D108/><N who="2" m="41514" /><F130/><W122/><G122/><T120/><D120/><U9/><E93/><V52/><F45/><W78/><G46/><T12/><REACH who="0" step="1"/><D61/><REACH who="0" ten="173,403,206,208" step="2"/><U118/><E118/><V1/><F1/><W27/><G27/><T102/><D102/><U133/><E62/><V68/><F68/><W95/><G78/><T77/><D77/><U135/><E69/><V53/><AGARI ba="0,1" hai="52,53,55,57,63,66,114,115" m="41514,45130" machi="53" ten="40,12000,2" yaku="34,2,52,3,54,1" doraHai="51" who="2" fromWho="2" sc="173,-30,403,-60,206,130,208,-30" />
</Scene>
<Scene>
<INIT seed="6,0,0,2,1,73" ten="143,343,336,178" oya="2" hai0="41,61,37,110,44,24,128,33,130,104,86,1,23" hai1="98,42,96,34,90,120,100,69,53,31,77,13,11" hai2="38,57,109,92,16,47,80,30,71,124,112,135,131" hai3="118,95,60,70,56,82,79,26,35,76,48,108,8"/><V93/><F71/><W91/><G118/><T132/><D110/><U126/><E69/><V18/><F109/><W134/><G108/><T125/><D104/><U65/><E65/><V67/><F135/><W12/><G70/><T3/><D33/><U21/><E34/><V103/><F131/><N who="0" m="50218" /><D132/><U102/><E42/><V78/><F124/><W45/><G134/><T32/><D32/><U129/><E129/><V88/><F30/><W0/><G0/><T27/><D125/><U25/><E126/><V15/><F112/><W89/><G26/><N who="0" m="9771" /><D23/><U66/><E66/><V2/><F2/><N who="0" m="522" /><D61/><U97/><E120/><V117/><F117/><W87/><G35/><T40/><D86/><U39/><E21/><V111/><F111/><W55/><G60/><T22/><D22/><U28/><E28/><V68/><F15/><W85/><G56/><T84/><D84/><U107/><E107/><V105/><F57/><W64/><G64/><T121/><D121/><U115/><E31/><V49/><F67/><W106/><G106/><T6/><D6/><AGARI ba="0,0" hai="6,8,12,45,48,55,76,79,82,85,87,89,91,95" machi="6" ten="30,7700,0" yaku="7,1,8,1,52,2" doraHai="73" who="3" fromWho="0" sc="143,-77,343,0,336,0,178,77" />
</Scene>
<Scene>
<INIT seed="7,0,0,2,4,50" ten="66,343,336,255" oya="3" hai0="127,37,19,112,123,45,22,99,11,33,49,135,54" hai1="128,27,31,38,9,69,34,46,95,28,115,48,43" hai2="65,5,41,109,73,52,1,104,134,88,60,103,113" hai3="16,133,105,74,121,94,72,126,101,87,110,132,25"/><W107/><G121/><T36/><D123/><U131/><E69/><V2/><F109/><W116/><G25/><T66/><D112/><U4/><E115/><V86/><F41/><W119/><G16/><T67/><D127/><U62/><E28/><V26/><F134/><N who="3" m="51819" /><G126/><T56/><D33/><U12/><E62/><V76/><F5/><W79/><G110/><T89/><D135/><U14/><E95/><N who="2" m="54679" /><F65/><W125/><G125/><T98/><D36/><U91/><E91/><V122/><F26/><W0/><G0/><T75/><D75/><N who="3" m="28713" /><G79/><T21/><D37/><U84/><E84/><V18/><F18/><W24/><G24/><T100/><D100/><U92/><E92/><V111/><F111/><W51/><G51/><T23/><D11/><U55/><REACH who="1" step="1"/><E14/><REACH who="1" ten="66,333,336,255" step="2"/><V15/><F15/><W63/><G63/><T118/><D118/><N who="3" m="45097" /><G87/><T7/><D7/><U39/><E39/><V64/><F122/><W35/><G35/><T93/><D19/><U83/><E83/><N who="2" m="45455" /><F2/><W59/><G59/><AGARI ba="0,1" hai="4,9,12,27,31,34,38,43,46,48,55,59,128,131" machi="59" ten="40,8000,1" yaku="1,1,52,1,53,2" doraHai="50" doraHaiUra="124" who="1" fromWho="3" sc="66,0,333,90,336,0,255,-80" owari="66,-43.0,423,51.0,336,14.0,175,-22.0" />
</Scene>
</mjloggm>