<mjloggm ver="2.3"><GO type="169" lobby="0"/><UN n0="%E3%81%84%E3%81%97%E3%82%82%E3%82%8A" n1="%E6%B0%B4%E5%B8%8C%E2%99%AA" n2="%E3%81%9F%E3%82%93%E3%82%86%E3%81%86" n3="%E5%A4%AA%E3%81%8F%E3%81%AA%E3%81%84%E3%81%8A" dan="16,18,16,18" rate="2076.51,2237.10,2142.82,2309.15" sx="M,M,F,M"/><TAIKYOKU oya="0"/>

<Scene>
<INIT seed="0,0,0,0,1,87" ten="250,250,250,250" oya="0" hai0="52,69,33,108,125,49,13,24,99,31,56,3,0" hai1="131,110,133,65,78,35,15,23,55,43,34,29,101" hai2="14,16,19,57,88,124,126,70,66,22,98,91,73" hai3="107,11,40,2,9,36,8,122,48,75,58,118,90"/><T27/><D69/><U64/><E43/><V103/><F70/><W86/><G118/><T85/><D125/><N who="2" m="48234" /><F73/><W4/><G107/><T41/><D41/><U25/><E78/><V20/><F66/><W6/><G75/><T97/><D108/><U106/><E101/><V71/><F71/><W135/><G135/><T127/><D127/><U94/><E106/><N who="2" m="63863" /><F57/><W17/><G122/><T62/><D3/><U119/><E65/><V95/><F95/><W1/><G36/><T61/><D0/><U46/><E94/><V130/><F130/><W123/><G123/><T30/><D62/><U109/><E131/><V104/><F104/><W44/><G58/><T74/><D74/><U68/><E68/><V102/><F102/><W112/><G112/><T84/><D13/><AGARI ba="0,0" hai="13,14,16,19,20,22,88,91" m="63863,48234" machi="13" ten="30,8000,1" yaku="18,1,52,2,54,2" doraHai="87" who="2" fromWho="0" sc="250,-80,250,0,250,80,250,0" />
</Scene>
<Scene>
<INIT seed="1,0,0,2,2,91" ten="170,250,330,250" oya="1" hai0="80,13,64,132,104,105,49,0,12,108,107,93,29" hai1="98,62,111,53,47,58,89,52,55,59,61,45,35" hai2="4,106,25,97,76,72,100,18,26,71,130,109,68" hai3="82,131,94,135,43,30,114,102,117,92,120,17,42"/><U16/><E35/><V54/><F130/><W134/><G120/><T126/><D0/><U44/><E111/><V95/><F109/><W32/><G114/><T118/><D108/><U20/><E55/><V79/><F4/><W81/><G131/><T121/><D118/><U70/><E70/><V86/><F76/><W128/><G128/><T74/><D126/><U37/><E37/><V119/><F119/><W75/><G117/><T27/><D132/><N who="3" m="50729" /><G102/><T46/><D64/><U5/><E5/><V127/><F54/><W23/><G30/><T63/><D63/><U116/><E116/><V124/><F71/><W8/><G8/><T6/><D121/><U69/><E69/><V66/><F68/><W38/><G32/><T85/><D74/><U19/><E20/><V40/><F66/><W28/><G28/><T101/><D6/><U90/><E90/><N who="2" m="53719" /><F40/><N who="3" m="15403" /><G38/><T31/><D31/><U84/><E98/><V67/><F67/><W10/><G10/><T41/><D101/><U78/><E78/><V113/><F113/><W7/><G7/><T14/><D29/><U39/><E39/><V129/><F129/><W125/><G125/><N who="2" m="48201" /><F18/><W51/><G51/><T122/><D122/><U103/><E103/><V21/><F21/><W56/><G56/><T83/><D49/><U34/><E34/><V123/><F123/><W115/><G115/><T60/><D41/><U3/><E3/><V15/><F15/><N who="3" m="9663" /><G75/><T99/><D12/><U2/><E2/><V73/><F73/><W50/><G50/><T22/><D13/><U1/><E1/><V88/><F100/><W133/><G133/><RYUUKYOKU ba="0,0" sc="170,-15,250,15,330,-15,250,15" hai1="16,19,44,45,47,52,53,58,59,61,62,84,89" hai3="81,82,92,94" />
</Scene>
<Scene>
<INIT seed="1,1,0,5,4,104" ten="155,265,315,265" oya="1" hai0="106,130,9,15,72,51,95,25,90,6,126,118,111" hai1="112,89,10,42,129,102,115,17,47,58,81,13,116" hai2="91,74,101,16,96,40,120,97,77,71,44,99,48" hai3="5,20,43,80,93,28,114,85,39,123,109,88,35"/><U27/><E116/><V69/><F120/><W92/><G123/><T66/><D111/><U50/><E129/><V134/><F134/><W86/><G114/><T37/><D37/><U108/><E102/><V1/><F1/><W62/><G35/><T38/><D38/><U57/><E108/><V133/><F133/><W75/><G109/><T59/><D106/><U83/><E115/><V103/><F91/><W105/><G105/><T29/><D118/><U49/><E112/><V87/><F87/><W94/><G5/><T54/><D126/><U8/><E8/><V117/><F117/><W132/><G132/><T78/><D130/><U122/><E122/><V36/><F36/><W41/><G62/><T3/><D66/><U125/><E125/><V14/><F71/><W26/><G75/><T60/><D60/><U34/><E34/><V84/><F74/><W79/><REACH who="3" step="1"/><G39/><REACH who="3" ten="155,265,315,255" step="2"/><T45/><D72/><U0/><E50/><V23/><F69/><W67/><G67/><T65/><D3/><U31/><E0/><V24/><F24/><W4/><G4/><T107/><D107/><U55/><E27/><V2/><F2/><W12/><G12/><T98/><D65/><U63/><E13/><V70/><F70/><W82/><AGARI ba="1,1" hai="20,26,28,41,43,79,80,82,85,86,88,92,93,94" machi="82" ten="30,7900,0" yaku="1,1,0,1,8,1,54,1,53,0" doraHai="104" doraHaiUra="7" who="3" fromWho="3" sc="155,-21,265,-40,315,-21,255,92" />
</Scene>
<Scene>
<INIT seed="2,0,0,4,3,87" ten="134,225,294,347" oya="2" hai0="47,35,80,37,110,51,85,121,46,106,26,115,108" hai1="22,13,89,52,7,123,81,77,111,71,100,9,86" hai2="79,56,49,134,88,69,12,58,135,25,76,99,83" hai3="8,59,95,30,61,70,5,1,92,41,104,117,114"/><V107/><F69/><W133/><G117/><T31/><D106/><U132/><E71/><V57/><F107/><W2/><G104/><T60/><D121/><U39/><E39/><V82/><F25/><W127/><G70/><T4/><D115/><U118/><E118/><V53/><F12/><W40/><G114/><T122/><D122/><U125/><E123/><V128/><F128/><W0/><G30/><T97/><D97/><U84/><E111/><V105/><F105/><W101/><G127/><T93/><D93/><U63/><E125/><V72/><F49/><W98/><G95/><T42/><D60/><U74/><E132/><N who="2" m="50731" /><F53/><W19/><G19/><T65/><D65/><U131/><E131/><V126/><F126/><W102/><G102/><T75/><D75/><U91/><E100/><V116/><F116/><W68/><G68/><T20/><D4/><U18/><E74/><N who="2" m="43287" /><F99/><W96/><G96/><T78/><REACH who="0" step="1"/><D35/><REACH who="0" ten="124,225,294,347" step="2"/><U50/><E63/><V14/><F14/><W29/><G133/><T6/><D6/><U36/><E86/><V10/><F10/><W62/><G62/><T113/><D113/><U17/><E7/><V109/><F109/><W67/><G2/><T94/><D94/><U11/><E11/><V28/><F28/><W119/><G119/><T15/><D15/><N who="1" m="9567" /><E36/><V124/><F124/><W45/><G0/><T120/><D120/><U21/><E9/><V34/><F34/><W103/><G29/><T48/><D48/><U55/><E50/><V3/><F3/><W64/><G1/><T23/><D23/><U54/><AGARI ba="0,1" hai="13,17,21,52,54,55,77,81,84,89,91" m="9567" machi="54" ten="30,7900,0" yaku="8,1,52,2,54,1" doraHai="87" who="1" fromWho="1" sc="124,-20,225,89,294,-39,347,-20" />
</Scene>
<Scene>
<INIT seed="3,0,0,2,1,61" ten="104,314,255,327" oya="3" hai0="97,118,6,53,121,75,31,38,83,28,110,92,27" hai1="55,65,98,21,58,24,71,57,112,56,36,34,72" hai2="14,103,11,59,130,54,66,13,64,91,134,120,101" hai3="8,1,9,12,2,74,68,60,4,125,133,50,5"/><W102/><G74/><T108/><D118/><U95/><E112/><V124/><F120/><W93/><G125/><T26/><D121/><U43/><E34/><V84/><F124/><W94/><G133/><T39/><D6/><U33/><E33/><V49/><F134/><W70/><G12/><N who="2" m="4713" /><F11/><W15/><G15/><T79/><D53/><U116/><E72/><V18/><F18/><W113/><G113/><T111/><D27/><U105/><E105/><V63/><F63/><W37/><G37/><T131/><D131/><U109/><E71/><V122/><F130/><W135/><G135/><T19/><D19/><U88/><E116/><V0/><F0/><W106/><G50/><T82/><D82/><U20/><E20/><V114/><F114/><W119/><G119/><T7/><D7/><U32/><E32/><V22/><F22/><W100/><REACH who="3" step="1"/><G60/><REACH who="3" ten="104,314,255,317" step="2"/><T78/><D38/><U77/><E36/><V127/><F127/><W29/><G29/><T16/><D39/><U126/><E126/><V45/><F122/><W51/><G51/><T96/><D31/><U81/><E24/><V73/><F73/><W41/><G41/><T99/><D28/><U132/><E43/><V115/><F115/><W67/><G67/><N who="2" m="25641" /><F45/><W85/><G85/><N who="0" m="48375" /><D16/><U3/><E132/><V69/><F69/><W42/><G42/><T35/><D26/><U107/><E65/><V48/><F48/><W47/><G47/><T46/><D46/><U44/><E44/><V129/><F129/><W23/><G23/><T128/><D128/><U104/><E21/><V89/><F84/><W86/><G86/><RYUUKYOKU ba="0,1" sc="104,-15,314,-15,255,15,317,15" hai2="49,54,59,89,91,101,103" hai3="1,2,4,5,8,9,68,70,93,94,100,102,106" />
</Scene>
<Scene>
<INIT seed="3,1,1,1,0,55" ten="89,299,270,332" oya="3" hai0="82,60,38,17,11,28,80,64,44,63,71,74,76" hai1="42,88,56,118,40,20,103,4,16,97,47,131,116" hai2="54,110,6,109,37,93,32,133,122,89,81,12,108" hai3="62,105,33,70,53,102,45,39,98,117,78,49,3"/><W84/><G117/><N who="1" m="45162" /><E131/><V18/><F32/><W23/><G33/><T129/><D129/><U73/><E73/><V104/><F104/><W87/><G3/><T35/><D82/><U112/><E112/><V101/><F37/><W61/><G78/><T9/><D17/><U91/><E4/><V100/><F6/><W48/><G39/><T27/><REACH who="0" step="1"/><D63/><REACH who="0" ten="79,299,270,332" step="2"/><U86/><E16/><V7/><F81/><W99/><G62/><T120/><D120/><U30/><E30/><V68/><F122/><W19/><G61/><T15/><D15/><U95/><E42/><AGARI ba="1,2" hai="9,11,27,28,35,38,42,44,60,64,71,74,76,80" machi="42" ten="40,1300,0" yaku="1,1,53,0" doraHai="55" doraHaiUra="134" who="0" fromWho="1" sc="79,36,299,-16,270,0,332,0" />
</Scene>
<Scene>
<INIT seed="4,0,0,3,0,95" ten="115,283,270,332" oya="0" hai0="56,46,83,135,4,87,105,32,104,94,117,55,70" hai1="113,33,65,79,127,13,84,103,14,115,34,93,31" hai2="35,125,98,89,30,111,101,44,119,108,42,49,0" hai3="12,97,47,132,53,29,131,40,123,80,126,17,122"/><T74/><D117/><U18/><E65/><V112/><F0/><W78/><G126/><T118/><D118/><U36/><E36/><V124/><F119/><W109/><G109/><T134/><D70/><U15/><E127/><N who="2" m="48715" /><F112/><N who="1" m="43081" /><E18/><V75/><F75/><W25/><G132/><N who="0" m="50731" /><D32/><U22/><E79/><V1/><F1/><W99/><G53/><T76/><D4/><U73/><E73/><V39/><F89/><W121/><G131/><T52/><D46/><U100/><E22/><V58/><F58/><W21/><G47/><T71/><D71/><U102/><E31/><V59/><F59/><W61/><G40/><T68/><D68/><U7/><E7/><V43/><F42/><W51/><G51/><N who="0" m="30751" /><D55/><U72/><E72/><V92/><F39/><W86/><REACH who="3" step="1"/><G61/><REACH who="3" ten="115,283,270,322" step="2"/><T90/><AGARI ba="0,1" hai="74,76,83,87,90,94,104,105" m="30751,50731" machi="90" ten="30,3000,0" yaku="20,1,54,1" doraHai="95" who="0" fromWho="0" sc="115,40,283,-10,270,-10,322,-10" />
</Scene>
<Scene>
<INIT seed="4,1,0,0,4,124" ten="155,273,260,312" oya="0" hai0="51,122,84,17,94,114,39,11,61,20,48,133,41" hai1="32,105,21,1,96,13,89,121,106,40,46,119,79" hai2="2,12,14,90,88,9,57,69,8,111,115,91,56" hai3="101,22,44,23,128,86,81,35,131,74,53,4,112"/><T75/><D75/><U110/><E110/><V0/><F69/><W99/><G35/><T6/><D122/><U38/><E32/><V63/><F111/><W3/><G74/><T19/><D114/><U123/><E1/><V7/><F115/><W92/><G112/><T71/><D133/><U54/><E119/><V129/><F57/><W59/><G44/><T125/><D125/><U55/><E79/><V72/><F72/><W42/><G42/><T113/><D113/><U18/><E106/><V100/><F100/><W5/><G23/><T118/><D118/><U108/><E108/><V120/><F120/><W95/><G22/><T26/><D39/><U127/><E127/><V25/><F25/><W76/><G92/><T65/><D41/><U104/><E104/><V62/><F62/><W103/><G103/><T49/><D94/><N who="1" m="56399" /><E105/><V36/><F36/><W28/><G28/><T31/><REACH who="0" step="1"/><D84/><REACH who="0" ten="145,273,260,312" step="2"/><U52/><E123/><V58/><F63/><W73/><G73/><T97/><D97/><U45/><E121/><V93/><F93/><W77/><G86/><T117/><D117/><U67/><E40/><V78/><F2/><AGARI ba="1,1" hai="2,6,11,17,19,20,26,31,48,49,51,61,65,71" machi="2" ten="40,2000,0" yaku="1,1,53,0" doraHai="124" doraHaiUra="132" who="0" fromWho="2" sc="145,33,273,0,260,-23,312,0" />
</Scene>
<Scene>
<INIT seed="4,2,0,0,3,66" ten="178,273,237,312" oya="0" hai0="129,15,26,122,45,31,69,1,13,48,98,21,92" hai1="114,16,18,118,87,5,7,60,47,38,4,51,64" hai2="35,88,65,42,27,93,75,6,131,126,3,29,63" hai3="90,49,25,109,2,104,101,95,123,79,53,52,115"/><T130/><D1/><U121/><E118/><V84/><F75/><W62/><G109/><T127/><D122/><U72/><E72/><V57/><F126/><W96/><G2/><T81/><D81/><U119/><E119/><V107/><F107/><W17/><G123/><T46/><D127/><U120/><E38/><V55/><F42/><W30/><G115/><T70/><D13/><U24/><E114/><V124/><F124/><W76/><G17/><T59/><D59/><N who="1" m="36895" /><E121/><V128/><REACH who="2" step="1"/><F65/><REACH who="2" ten="178,273,227,312" step="2"/><W108/><G108/><T54/><D15/><U97/><E120/><V58/><F58/><W111/><G111/><T105/><D105/><U135/><E47/><V91/><F91/><W89/><G90/><N who="0" m="55575" /><D46/><U61/><E24/><V110/><F110/><W10/><G104/><T36/><D36/><U19/><E51/><V37/><F37/><W78/><G49/><T82/><D82/><U80/><E80/><V34/><F34/><W33/><G33/><T40/><D40/><U73/><E73/><V71/><F71/><W99/><G25/><T50/><D50/><U22/><E61/><V86/><F86/><W83/><G62/><T113/><D113/><U116/><E87/><V112/><F112/><W106/><G83/><T77/><D77/><U100/><E116/><V39/><F39/><W117/><G117/><T56/><D56/><U28/><E100/><V67/><F67/><W23/><G78/><T9/><D9/><AGARI ba="2,1" hai="3,6,9,27,29,35,55,57,63,84,88,93,128,131" machi="9" ten="40,5200,0" yaku="1,1,54,1,53,1" doraHai="66" doraHaiUra="20" who="2" fromWho="0" sc="178,-58,273,0,227,68,312,0" />
</Scene>
<Scene>
<INIT seed="5,0,0,4,2,94" ten="120,273,295,312" oya="1" hai0="77,97,126,42,83,99,74,28,133,129,67,53,54" hai1="22,106,121,116,61,59,84,73,71,112,58,81,96" hai2="123,40,26,102,82,48,72,21,13,57,6,132,64" hai3="107,34,16,79,8,38,25,115,124,14,36,51,45"/><U69/><E116/><V63/><F123/><W30/><G107/><T3/><D3/><U108/><E121/><V29/><F132/><W50/><G115/><T66/><D133/><U24/><E73/><V39/><F39/><W44/><G124/><T31/><D126/><U85/><E112/><V120/><F120/><W4/><G79/><T52/><D42/><U131/><E131/><V35/><F72/><W125/><G125/><T0/><D0/><U23/><E108/><V109/><F82/><W111/><G111/><T70/><D70/><U15/><E15/><V78/><F78/><W37/><REACH who="3" step="1"/><G4/><REACH who="3" ten="120,273,295,302" step="2"/><T101/><D129/><U60/><E106/><V92/><F109/><W130/><G130/><T114/><D114/><U103/><E81/><V93/><F6/><W89/><G89/><T95/><REACH who="0" step="1"/><D99/><REACH who="0" ten="110,273,295,302" step="2"/><U2/><E96/><N who="2" m="59655" /><F93/><W118/><G118/><T17/><D17/><U20/><E2/><V87/><F87/><W105/><G105/><T12/><D12/><U128/><E128/><V86/><F86/><W27/><G27/><T41/><D41/><U91/><E24/><V113/><F113/><W90/><G90/><T127/><D127/><U122/><E122/><V80/><F80/><W5/><G5/><T46/><D46/><AGARI ba="0,2" hai="8,14,16,25,30,34,36,37,38,44,45,46,50,51" machi="46" ten="40,2600,0" yaku="1,1,54,1,53,0" doraHai="94" doraHaiUra="119" who="3" fromWho="0" sc="110,-26,273,0,295,0,302,46" />
</Scene>
<Scene>
<INIT seed="6,0,0,0,5,39" ten="84,273,295,348" oya="2" hai0="52,123,49,48,108,46,73,53,7,35,34,37,81" hai1="86,42,122,84,61,21,116,135,85,118,70,113,93" hai2="12,78,56,114,126,33,20,30,36,91,103,29,64" hai3="99,8,0,109,17,38,98,110,45,57,13,40,25"/><V41/><F33/><W100/><G0/><T62/><D108/><U71/><E93/><V68/><F68/><W51/><G98/><T107/><D107/><U124/><E21/><V94/><F103/><W50/><G25/><T119/><D123/><U87/><E87/><V5/><F78/><W111/><REACH who="3" step="1"/><G57/><REACH who="3" ten="84,273,295,338" step="2"/><N who="0" m="35119" /><D35/><U101/><E71/><V102/><F56/><W131/><G131/><T4/><D34/><U112/><E70/><V89/><F126/><W32/><G32/><T132/><D7/><U23/><E124/><V31/><F5/><W83/><G83/><T129/><D4/><U24/><E24/><V92/><F102/><W65/><G65/><T77/><D81/><U125/><E101/><V104/><F64/><W128/><G128/><T28/><D28/><U76/><E125/><V80/><F80/><W60/><G60/><T127/><D77/><U3/><E76/><V115/><F104/><AGARI ba="0,1" hai="8,13,17,38,40,45,50,51,99,100,104,109,110,111" machi="104" ten="40,2600,0" yaku="1,1,52,1,53,0" doraHai="39" doraHaiUra="66" who="3" fromWho="2" sc="84,0,273,0,295,-26,338,36" />
</Scene>
<Scene>
<INIT seed="7,0,0,2,3,115" ten="84,273,269,374" oya="3" hai0="101,34,46,83,9,11,5,120,104,62,14,77,125" hai1="50,67,94,29,98,123,26,61,63,116,119,20,71" hai2="87,81,76,105,64,33,80,74,109,24,68,96,112" hai3="89,38,36,23,47,12,49,84,0,37,25,58,122"/><W42/><G0/><T91/><D91/><U132/><E123/><V21/><F109/><W19/><G122/><T100/><D62/><U43/><E132/><V40/><F40/><W2/><G2/><T44/><D83/><U95/><E63/><N who="2" m="39967" /><F21/><W73/><G73/><T6/><D120/><U70/><E70/><V114/><F81/><W97/><G97/><T28/><D77/><U90/><REACH who="1" step="1"/><E95/><REACH who="1" ten="84,263,269,374" step="2"/><V16/><F74/><W41/><G58/><T60/><D60/><U53/><E53/><V111/><F111/><W22/><G42/><T66/><D14/><U10/><E10/><V93/><F93/><W3/><G3/><T113/><D113/><N who="2" m="43626" /><F105/><W75/><G75/><T133/><D28/><U130/><E130/><V7/><F7/><W107/><G107/><T55/><D104/><U118/><E118/><V27/><F96/><W124/><G124/><T30/><D30/><U102/><E102/><V108/><F108/><W35/><G12/><T15/><D15/><U135/><E135/><V121/><F121/><W13/><G13/><T128/><D133/><U131/><E131/><V56/><F33/><W8/><G35/><T134/><D128/><U69/><E69/><V82/><F82/><W110/><G110/><T18/><D134/><U65/><E65/><V31/><F31/><W59/><G8/><T85/><D66/><U106/><E106/><V129/><F129/><W57/><G41/><T1/><D55/><U117/><E117/><V54/><F16/><W92/><G19/><T99/><D18/><U45/><AGARI ba="0,1" hai="20,26,29,43,45,50,61,67,71,90,94,98,116,119" machi="45" ten="30,7900,0" yaku="1,1,0,1,52,2,53,0" doraHai="115" doraHaiUra="48" who="1" fromWho="1" sc="84,-20,263,89,269,-20,374,-39" owari="64,-44.0,352,45.0,249,-15.0,335,14.0" />
</Scene>
</mjloggm>