<mjloggm ver="2.3"><GO type="41" lobby="0"/><UN n0="%E9%BA%BB%E9%9B%80%E3%82%93" n1="%E5%A4%AA%E3%81%8F%E3%81%AA%E3%81%84%E3%81%8A" n2="%4E%34%31%30%32" n3="%73%6D%61%73%61%79%75%6B" dan="13,18,13,13" rate="1839.42,2299.74,1894.89,1834.61" sx="M,F,M,M"/><TAIKYOKU oya="0"/>

<Scene>
<INIT seed="0,0,0,5,1,16" ten="250,250,250,250" oya="0" hai0="4,43,6,88,65,10,124,99,130,103,8,61,118" hai1="110,41,44,123,113,128,90,76,119,53,27,57,70" hai2="69,35,129,40,21,121,133,94,29,31,111,132,15" hai3="36,109,52,74,1,3,12,127,114,26,82,79,131"/><T101/><D118/><U60/><E119/><V67/><F121/><W33/><G114/><T11/><D43/><U9/><E123/><V66/><F40/><W80/><G131/><T22/><D130/><U18/><E128/><V49/><F129/><W42/><G127/><T68/><D124/><U73/><E113/><V30/><F67/><W71/><G71/><T112/><D112/><U34/><E110/><V13/><F49/><W122/><G109/><T87/><D22/><U104/><E104/><V0/><F111/><W102/><G122/><T56/><D68/><U17/><E73/><V59/><F59/><W47/><G82/><T117/><D117/><U14/><E76/><V25/><F94/><W38/><G38/><T39/><D39/><U78/><E78/><V20/><F66/><W83/><G83/><T86/><D86/><U92/><E70/><V116/><F69/><W106/><G12/><N who="2" m="4681" /><F0/><W120/><G52/><T2/><D2/><U63/><E63/><V37/><F37/><W45/><G45/><T93/><REACH who="0" step="1"/><D103/><REACH who="0" ten="240,250,250,250" step="2"/><U89/><E41/><V134/><F116/><W100/><G120/><T126/><D126/><U81/><E34/><V77/><F35/><W50/><G102/><T23/><D23/><N who="2" m="8778" /><F25/><W135/><G36/><T5/><D5/><U7/><E7/><V85/><F77/><W107/><G26/><T125/><D125/><U115/><E27/><V95/><F85/><W105/><G33/><T46/><D46/><U58/><E44/><V91/><F91/><W19/><G100/><T28/><D28/><U24/><E24/><V75/><F75/><RYUUKYOKU ba="0,1" sc="240,15,250,-15,250,15,250,-15" hai0="4,6,8,10,11,56,61,65,87,88,93,99,101" hai2="29,30,31,95,132,133,134" />
</Scene>
<Scene>
<INIT seed="0,1,1,2,3,118" ten="255,235,265,235" oya="0" hai0="11,21,52,117,17,72,7,62,25,116,44,39,109" hai1="84,103,81,59,74,28,14,51,64,123,86,110,80" hai2="120,63,10,75,112,108,71,12,23,1,0,18,96" hai3="135,9,89,99,38,91,95,56,24,55,94,92,131"/><T107/><D72/><U34/><E103/><V43/><F112/><W125/><G38/><T79/><D107/><U77/><E110/><V82/><F108/><W126/><G24/><T67/><D79/><U100/><E100/><V2/><F96/><N who="3" m="57359" /><G9/><T46/><D109/><U6/><E34/><V22/><F43/><W50/><G135/><T15/><D46/><U115/><E28/><V53/><F71/><W66/><G131/><T68/><REACH who="0" step="1"/><D39/><REACH who="0" ten="245,235,265,235" step="2"/><U26/><E77/><V101/><F75/><W70/><G126/><T73/><D73/><U4/><E74/><V41/><F41/><W102/><G125/><T60/><D60/><U30/><E51/><AGARI ba="1,2" hai="7,11,15,17,21,25,44,51,52,62,67,68,116,117" machi="51" ten="40,3900,0" yaku="1,1,54,1,53,0" doraHai="118" doraHaiUra="54" who="0" fromWho="1" sc="245,62,235,-42,265,0,235,0" />
</Scene>
<Scene>
<INIT seed="0,2,0,4,0,109" ten="307,193,265,235" oya="0" hai0="38,16,83,29,122,32,65,107,20,1,123,79,14" hai1="80,22,120,85,10,67,52,71,0,8,28,40,3" hai2="125,121,127,34,17,30,124,98,37,105,100,75,26" hai3="73,59,39,82,111,53,116,23,5,90,130,95,78"/><T33/><D107/><U118/><E118/><V57/><F57/><W61/><G116/><T88/><D38/><U44/><E120/><V49/><F49/><W15/><G111/><T36/><D36/><U117/><E117/><V89/><F89/><W42/><G130/><T84/><D1/><U27/><E0/><V77/><F17/><W110/><G110/><T64/><D29/><U43/><E71/><V46/><F121/><W69/><G69/><T113/><D113/><U129/><E67/><V102/><F102/><W66/><G39/><T31/><D123/><U13/><E3/><V101/><F101/><W131/><G42/><T9/><D122/><U94/><E94/><V103/><F103/><W87/><G131/><T12/><D32/><U99/><E99/><V2/><F2/><W81/><G81/><T55/><D55/><U106/><E106/><V119/><F119/><W91/><G91/><T70/><D70/><U11/><E13/><V135/><F77/><W96/><G73/><T41/><D41/><U35/><E35/><V7/><F7/><W97/><G97/><T134/><D134/><U108/><E129/><V47/><F135/><W93/><G93/><T60/><D60/><U115/><E115/><V45/><F37/><W132/><G132/><T18/><REACH who="0" step="1"/><D79/><REACH who="0" ten="297,193,265,235" step="2"/><N who="1" m="46239" /><E108/><V68/><F68/><W19/><G5/><T24/><AGARI ba="2,1" hai="9,12,14,16,18,20,24,31,33,64,65,83,84,88" machi="24" ten="30,18000,2" yaku="1,1,0,1,54,2,53,2" doraHai="109" doraHaiUra="62" who="0" fromWho="0" sc="297,196,193,-62,265,-62,235,-62" />
</Scene>
<Scene>
<INIT seed="0,3,0,0,4,0" ten="493,131,203,173" oya="0" hai0="27,9,115,119,68,45,107,130,124,79,108,39,99" hai1="73,112,93,77,89,14,56,37,24,40,123,1,23" hai2="131,95,60,117,46,92,75,126,7,80,15,8,44" hai3="35,120,121,90,17,49,5,10,54,84,97,21,114"/><T94/><D68/><U81/><E123/><N who="3" m="47178" /><G35/><T116/><D79/><U48/><E1/><V58/><F117/><W22/><G114/><T13/><D115/><U70/><E70/><V64/><F131/><W104/><G104/><T52/><D107/><U55/><E112/><V129/><F129/><W106/><G106/><T74/><D74/><U71/><E71/><V85/><F126/><W31/><G97/><T53/><D130/><U125/><E125/><V12/><F75/><W3/><G31/><T128/><D128/><U83/><E83/><V101/><F15/><W29/><G29/><T103/><D124/><U87/><E24/><V30/><F30/><W109/><G17/><T63/><D27/><U66/><E66/><V122/><F122/><W28/><G28/><T134/><D134/><U67/><E67/><V33/><F33/><W82/><G109/><T113/><D113/><U110/><E110/><V127/><F127/><W11/><G11/><T4/><D108/><U132/><E132/><V76/><F101/><W133/><G133/><T61/><D39/><U50/><E37/><V6/><REACH who="2" step="1"/><F7/><REACH who="2" ten="493,131,193,173" step="2"/><W2/><G2/><T32/><D32/><U118/><E118/><V51/><F51/><W16/><G16/><T36/><D119/><U34/><E34/><V38/><F38/><W98/><G98/><T65/><D116/><U57/><E14/><V19/><F19/><W86/><G86/><T41/><D63/><U18/><E73/><V102/><F102/><W78/><G78/><T26/><D26/><U91/><E77/><V25/><F25/><W43/><G43/><RYUUKYOKU ba="3,1" sc="493,10,131,-30,193,10,173,10" hai0="4,9,13,36,41,45,52,53,61,65,94,99,103" hai2="6,8,12,44,46,58,60,64,76,80,85,92,95" hai3="3,5,10,21,22,49,54,82,84,90" />
</Scene>
<Scene>
<INIT seed="0,4,1,0,0,114" ten="503,101,203,183" oya="0" hai0="61,83,84,41,125,2,82,49,27,124,46,88,133" hai1="7,97,92,57,127,17,19,25,132,21,112,31,20" hai2="11,70,68,126,93,26,69,51,130,15,66,99,91" hai3="129,115,22,12,53,109,78,24,80,40,28,62,74"/><T38/><D2/><U45/><E112/><V117/><F130/><W131/><G115/><T123/><D123/><U23/><E132/><V73/><F126/><W58/><G109/><T16/><D133/><U120/><E120/><V94/><F73/><W39/><G12/><T0/><D0/><U89/><E127/><V108/><F108/><W30/><G39/><T37/><D124/><U50/><E7/><V95/><F26/><W36/><REACH who="3" step="1"/><G30/><REACH who="3" ten="503,101,203,173" step="2"/><T106/><D125/><U111/><E111/><V110/><F110/><W72/><G72/><T14/><D27/><U135/><E135/><V122/><F122/><W67/><G67/><T107/><D38/><U32/><REACH who="1" step="1"/><E57/><REACH who="1" ten="503,91,203,173" step="2"/><V87/><F66/><W8/><G8/><T63/><D37/><U71/><E71/><V77/><F69/><W29/><G29/><T102/><D102/><U18/><E18/><V42/><F70/><W81/><G81/><T75/><D83/><U100/><E100/><V52/><F68/><W121/><G121/><T118/><D75/><U33/><E33/><V65/><F11/><W5/><G5/><T134/><D134/><U47/><E47/><AGARI ba="4,3" hai="22,24,28,36,40,47,53,58,62,74,78,80,129,131" machi="47" ten="40,1300,0" yaku="1,1,53,0" doraHai="114" doraHaiUra="128" who="3" fromWho="1" sc="503,0,91,-25,203,0,173,55" />
</Scene>
<Scene>
<INIT seed="1,0,0,4,0,64" ten="503,66,203,228" oya="1" hai0="128,4,122,63,82,77,100,114,103,50,6,110,120" hai1="18,93,69,43,65,9,3,36,32,35,5,117,68" hai2="75,30,134,44,14,66,85,116,125,102,15,101,39" hai3="112,123,119,28,94,31,104,121,1,60,26,20,24"/><U71/><E117/><V54/><F116/><W74/><G119/><T133/><D114/><U118/><E118/><V99/><F75/><W21/><G74/><T11/><D133/><U22/><E65/><V62/><F134/><W96/><G104/><T92/><D128/><U98/><E43/><V56/><F125/><W45/><G112/><T51/><D110/><U80/><E80/><V47/><F102/><W107/><G107/><T25/><D25/><U57/><E57/><V58/><F85/><W135/><G135/><T27/><D27/><U83/><E36/><V10/><F30/><W130/><G1/><T129/><D63/><U8/><E8/><V95/><F39/><W23/><G130/><T29/><D29/><U87/><E22/><V13/><REACH who="2" step="1"/><F10/><REACH who="2" ten="503,66,193,228" step="2"/><W46/><G20/><T55/><D129/><U81/><E18/><V41/><F41/><W113/><G113/><T115/><D103/><U89/><REACH who="1" step="1"/><E81/><REACH who="1" ten="503,56,193,228" step="2"/><V19/><F19/><W106/><G123/><T42/><D11/><U2/><E2/><V91/><F91/><AGARI ba="0,2" hai="3,5,9,32,35,68,69,71,83,87,89,91,93,98" machi="91" ten="40,12000,1" yaku="1,1,52,3,53,0" doraHai="64" doraHaiUra="40" who="1" fromWho="2" sc="503,0,56,140,193,-120,228,0" />
</Scene>
<Scene>
<INIT seed="1,1,0,1,5,19" ten="503,196,73,228" oya="1" hai0="87,128,116,62,85,58,20,43,79,107,9,84,98" hai1="57,64,66,74,125,130,56,117,93,76,111,45,108" hai2="6,104,102,77,123,122,99,63,132,82,70,86,115" hai3="27,44,61,31,83,119,36,35,120,30,114,47,133"/><U106/><E106/><V28/><F132/><W67/><G133/><T26/><D116/><U13/><E117/><V48/><F6/><W134/><G114/><T15/><D128/><U92/><E130/><V12/><F115/><W95/><G134/><T0/><D0/><U97/><E125/><V94/><F48/><W110/><G120/><T71/><D71/><U41/><E76/><V10/><F28/><W68/><G119/><T96/><D43/><U103/><E74/><V121/><F63/><W25/><G110/><N who="1" m="42026" /><E93/><V46/><F70/><W39/><G83/><T109/><D107/><U29/><E29/><V32/><F46/><W129/><G129/><T23/><D79/><U37/><E13/><V17/><REACH who="2" step="1"/><F104/><REACH who="2" ten="503,196,63,228" step="2"/><W14/><G44/><T88/><D109/><U65/><AGARI ba="1,1" hai="37,41,45,56,57,64,65,66,92,97,103" m="42026" machi="65" ten="30,3000,0" yaku="14,1,10,1" doraHai="19" who="1" fromWho="1" sc="503,-11,196,43,63,-11,228,-11" />
</Scene>
<Scene>
<INIT seed="1,2,0,3,4,53" ten="492,239,52,217" oya="1" hai0="105,43,97,4,41,59,91,96,39,128,99,55,124" hai1="19,93,102,28,50,49,11,56,112,107,2,23,88" hai2="46,45,20,30,31,62,90,104,65,18,118,72,6" hai3="58,133,10,106,123,82,38,33,129,32,22,131,1"/><U40/><E112/><V98/><F118/><W116/><G123/><T89/><D105/><U64/><E107/><V110/><F72/><W47/><G116/><T67/><D39/><U115/><E102/><V29/><F6/><W17/><G106/><T0/><D124/><U78/><E78/><V13/><F110/><W25/><G82/><T103/><D103/><U126/><E115/><V3/><F3/><W35/><G38/><T134/><D67/><U111/><E126/><V66/><F104/><W70/><G70/><T7/><D0/><U132/><E132/><V120/><F120/><W16/><G58/><T122/><D128/><N who="3" m="49225" /><G47/><T36/><D36/><U48/><E111/><V34/><F34/><W77/><G77/><T51/><D134/><U57/><E40/><N who="0" m="15433" /><D122/><U63/><E28/><V81/><F66/><W127/><G127/><T15/><D4/><U71/><E11/><AGARI ba="2,0" hai="7,11,15,51,55,59,89,91,96,97,99" m="15433" machi="11" ten="30,2000,0" yaku="8,1,52,1" doraHai="53" who="0" fromWho="1" sc="492,26,239,-26,52,0,217,0" />
</Scene>
<Scene>
<INIT seed="2,0,0,2,4,66" ten="518,213,52,217" oya="2" hai0="12,55,100,60,31,42,95,64,53,36,115,130,24" hai1="98,30,20,96,0,35,131,74,3,103,135,7,79" hai2="23,72,88,107,13,34,32,65,10,61,1,119,58" hai3="113,29,117,39,71,125,5,59,109,48,15,8,85"/><V77/><F119/><W126/><G117/><T26/><D130/><U2/><E131/><V78/><F107/><W40/><G39/><T97/><D115/><U92/><E135/><V81/><F1/><W68/><G113/><T49/><D36/><U105/><E20/><V22/><F77/><W99/><G109/><T89/><D12/><U90/><E7/><V82/><F22/><W4/><G4/><T9/><D9/><U76/><REACH who="1" step="1"/><E74/><REACH who="1" ten="518,203,52,217" step="2"/><V94/><F23/><W54/><G29/><T106/><D31/><U84/><E84/><V44/><F32/><W91/><G99/><T21/><D21/><U87/><E87/><V6/><F34/><W102/><G102/><T50/><D24/><AGARI ba="0,1" hai="0,2,3,24,30,35,76,79,90,92,96,98,103,105" machi="24" ten="40,2600,0" yaku="1,1,53,1" doraHai="66" doraHaiUra="28" who="1" fromWho="0" sc="518,-26,203,36,52,0,217,0" />
</Scene>
<Scene>
<INIT seed="3,0,0,3,2,44" ten="492,239,52,217" oya="3" hai0="54,79,0,77,7,70,93,123,20,100,16,40,95" hai1="18,106,58,78,114,8,76,80,116,74,53,134,96" hai2="46,82,17,19,64,14,33,52,57,51,23,21,39" hai3="65,83,22,41,25,75,10,128,67,108,11,127,107"/><W63/><G107/><T38/><D123/><U97/><E114/><V2/><F2/><W30/><G128/><T121/><D121/><U113/><E113/><V12/><F33/><W84/><G127/><T111/><D70/><U98/><E134/><V4/><F4/><W47/><G75/><T68/><D68/><U26/><E116/><V1/><F1/><W112/><G112/><T60/><D111/><U61/><E78/><V110/><F39/><W86/><G108/><T29/><D29/><U117/><E117/><V15/><F110/><W62/><G86/><T89/><D7/><U45/><E45/><V27/><F82/><W133/><G133/><T72/><D0/><U6/><E6/><V48/><F64/><W122/><G122/><T131/><D40/><AGARI ba="0,0" hai="12,14,15,17,19,21,23,27,40,46,48,51,52,57" machi="40" ten="30,8000,1" yaku="7,1,8,1,52,2,54,1" doraHai="44" who="2" fromWho="0" sc="492,-80,239,0,52,80,217,0" />
</Scene>
<Scene>
<INIT seed="4,0,0,4,2,57" ten="412,239,132,217" oya="0" hai0="77,51,23,2,72,1,42,124,19,29,116,128,31" hai1="130,24,13,48,14,28,96,65,62,119,87,64,84" hai2="123,117,52,101,46,75,91,129,100,104,67,74,81" hai3="105,80,32,108,125,106,93,83,133,5,71,121,69"/><T122/><D122/><U10/><E119/><V109/><F123/><W78/><G108/><T17/><D77/><U111/><E111/><V50/><F109/><W21/><G32/><T18/><D72/><U27/><E130/><V126/><F129/><W38/><G38/><T73/><D73/><U9/><E48/><V34/><F34/><W22/><G121/><T55/><D42/><U3/><E96/><V90/><F126/><W20/><G125/><T66/><D66/><U61/><E3/><V94/><F117/><W68/><G5/><T43/><D43/><U102/><E102/><V7/><F104/><W89/><G133/><T15/><D116/><U120/><E120/><V8/><F74/><W12/><G12/><T40/><D40/><U36/><REACH who="1" step="1"/><E28/><REACH who="1" ten="412,229,132,217" step="2"/><V115/><F100/><W56/><G56/><T110/><D110/><U53/><E53/><V131/><F101/><W76/><G89/><T45/><D1/><U88/><E88/><V58/><F131/><W86/><G93/><T70/><D2/><U92/><E92/><V39/><F91/><W49/><G49/><T97/><D97/><U4/><E4/><V26/><F94/><W118/><G118/><T103/><D103/><U33/><E33/><V60/><F90/><W63/><G63/><T37/><D128/><U6/><E6/><V113/><F39/><AGARI ba="0,1" hai="9,10,13,14,24,27,36,39,61,62,64,65,84,87" machi="39" ten="25,8000,1" yaku="1,1,22,2,52,2,53,0" doraHai="57" doraHaiUra="107" who="1" fromWho="2" sc="412,0,229,90,132,-80,217,0" />
</Scene>
<Scene>
<INIT seed="5,0,0,3,2,120" ten="412,319,52,217" oya="1" hai0="95,90,103,116,5,32,19,53,15,8,106,10,44" hai1="107,21,22,70,82,88,33,50,75,18,41,6,64" hai2="105,98,101,127,124,84,121,66,92,13,94,14,71" hai3="117,110,113,55,109,108,7,61,76,54,91,72,131"/><U126/><E33/><V115/><F66/><W52/><G7/><T60/><D32/><U28/><E107/><V1/><F71/><W39/><G91/><T56/><D116/><U81/><E6/><V4/><F1/><W100/><G100/><T99/><D44/><N who="1" m="25871" /><E75/><V78/><F13/><W128/><G76/><T0/><D106/><U57/><E70/><V36/><F36/><W38/><G72/><T2/><D103/><U80/><E126/><N who="2" m="48171" /><F14/><AGARI ba="0,0" hai="0,2,5,8,10,14,15,19,53,56,60,90,95,99" machi="14" ten="30,1000,0" yaku="7,1" doraHai="120" who="0" fromWho="2" sc="412,10,319,0,52,-10,217,0" />
</Scene>
<Scene>
<INIT seed="6,0,0,2,5,32" ten="422,319,42,217" oya="2" hai0="7,92,85,61,20,24,43,60,63,57,52,77,113" hai1="90,15,117,114,86,59,0,1,78,124,38,120,14" hai2="25,28,3,50,4,44,109,67,51,72,56,101,41" hai3="93,34,88,49,39,81,17,35,91,30,5,115,84"/><V19/><F72/><W83/><G39/><T16/><D113/><U108/><E108/><V95/><F19/><W121/><G121/><T96/><D43/><U18/><E117/><V112/><F112/><W70/><G70/><T97/><D7/><U6/><E38/><V54/><F67/><W134/><G115/><T66/><D66/><U48/><E78/><V128/><F128/><W55/><G134/><T2/><D2/><U26/><E26/><V82/><F82/><W29/><G35/><T74/><D74/><U40/><E114/><V99/><F109/><W130/><G130/><T73/><D73/><U36/><E36/><V127/><F127/><W10/><G17/><T98/><D77/><U11/><E124/><V47/><F47/><W89/><G34/><T116/><D116/><U53/><E40/><V21/><F4/><W42/><G42/><T12/><D12/><U133/><E133/><V103/><REACH who="2" step="1"/><F3/><REACH who="2" ten="422,319,32,217" step="2"/><W135/><G135/><T80/><D80/><N who="3" m="30793" /><G5/><T132/><D132/><U131/><E131/><V68/><F68/><W45/><G10/><T58/><D58/><U62/><E0/><V126/><F126/><W8/><G8/><T107/><D107/><U123/><E1/><V76/><F76/><W13/><G13/><T125/><D125/><U122/><E15/><V27/><F27/><W75/><G75/><T46/><D46/><N who="1" m="27799" /><E6/><V37/><F37/><W106/><G106/><T119/><D119/><U79/><E79/><V110/><F110/><W118/><G118/><T9/><D9/><U31/><E122/><V71/><F71/><W64/><G64/><RYUUKYOKU ba="0,1" sc="422,10,319,-30,32,10,217,10" hai0="16,20,24,52,57,60,61,63,85,92,96,97,98" hai2="21,25,28,41,44,50,51,54,56,95,99,101,103" hai3="29,30,45,49,55,84,88,89,91,93" />
</Scene>
<Scene>
<INIT seed="6,1,1,2,3,16" ten="432,289,42,227" oya="2" hai0="53,11,117,124,112,134,106,79,51,14,48,46,12" hai1="20,68,21,62,84,36,88,70,105,100,97,65,111" hai2="60,91,109,102,130,122,49,64,24,98,82,80,96" hai3="63,113,83,10,94,23,54,44,110,127,108,31,42"/><V8/><F122/><W57/><G127/><T47/><D124/><U37/><E111/><V86/><F109/><W39/><G113/><T75/><D106/><U59/><E37/><V33/><F130/><W71/><G10/><T3/><D112/><U131/><E36/><V13/><F80/><W132/><G83/><T103/><D103/><U81/><REACH who="1" step="1"/><E131/><REACH who="1" ten="432,279,42,227" step="2"/><V15/><F15/><W73/><G110/><T95/><D14/><U19/><E19/><V123/><F123/><W92/><G108/><T129/><D12/><U0/><E0/><V17/><F49/><W115/><G115/><T2/><D3/><U126/><E126/><V74/><F102/><W93/><G132/><T133/><D2/><U69/><AGARI ba="1,2" hai="20,21,59,62,65,68,69,70,81,84,88,97,100,105" machi="69" ten="30,8000,1" yaku="1,1,0,1,52,2,54,1,53,0" doraHai="16" doraHaiUra="41" who="1" fromWho="1" sc="432,-21,279,103,42,-41,227,-21" />
</Scene>
<Scene>
<INIT seed="7,0,0,0,1,119" ten="411,382,1,206" oya="3" hai0="59,39,78,93,46,87,108,103,50,125,133,120,109" hai1="84,130,2,135,36,38,57,34,95,10,12,18,33" hai2="4,66,54,61,74,6,67,58,112,88,105,55,77" hai3="127,62,8,92,42,97,14,99,76,129,23,94,79"/><W35/><G35/><T104/><D104/><U21/><E130/><V22/><F105/><W128/><G127/><T44/><D120/><U26/><E135/><V113/><F74/><W11/><G42/><T1/><D1/><U86/><E34/><V13/><F77/><N who="3" m="29771" /><G62/><T90/><D133/><U41/><E57/><V83/><F4/><W73/><G23/><T40/><D125/><U28/><E95/><N who="3" m="36394" /><G14/><T131/><D131/><N who="3" m="50249" /><G73/><T68/><D68/><U60/><E60/><V75/><F75/><W126/><G126/><T110/><D59/><U37/><E41/><V17/><F6/><AGARI ba="0,0" hai="2,6,10,12,18,21,26,28,33,36,37,38,84,86" machi="6" ten="40,2600,0" yaku="24,2" doraHai="119" who="1" fromWho="2" sc="411,0,382,26,1,-26,206,0" owari="411,51.0,408,21.0,-25,-53.0,206,-19.0" />
</Scene>
</mjloggm>