<mjloggm ver="2.3"><GO type="41" lobby="0"/><UN n0="%E5%A4%AA%E3%81%8F%E3%81%AA%E3%81%84%E3%81%8A" n1="%E8%99%8E%E7%8B%BC%E4%B8%B8" n2="%E5%A7%AB%E3%81%AE%E4%BD%BF%E3%81%84%E5%8F%A4%E3%81%97%E3%81%9F%E8%B1%86" n3="%33%6C%61%62%35" dan="18,13,13,14" rate="2303.01,1906.23,2018.57,1970.90" sx="F,M,F,M"/><TAIKYOKU oya="0"/>

<Scene>
<INIT seed="0,0,0,1,2,29" ten="250,250,250,250" oya="0" hai0="38,126,9,93,65,81,82,43,75,121,103,14,46" hai1="118,52,91,101,120,30,42,77,11,135,25,113,23" hai2="109,62,71,16,48,74,20,88,44,10,119,104,5" hai3="122,96,131,112,123,19,64,124,83,63,41,56,90"/><T108/><D121/><N who="3" m="46089" /><G112/><T32/><D126/><U28/><E118/><V54/><F119/><W69/><G124/><T94/><D65/><U15/><E120/><V111/><F104/><W116/><G116/><T114/><D114/><U50/><E113/><V87/><F74/><W57/><G131/><T17/><D108/><N who="2" m="41546" /><F71/><W134/><G134/><T27/><D103/><U26/><E135/><V106/><F62/><W89/><G41/><T60/><D60/><U115/><E115/><V78/><F78/><W37/><G37/><T6/><D17/><N who="1" m="8447" /><E42/><V53/><F106/><W133/><G133/><T66/><D66/><U2/><E2/><N who="2" m="311" /><F48/><W80/><G19/><T97/><D75/><U35/><E35/><V67/><F67/><W73/><G73/><T92/><REACH who="0" step="1"/><D97/><REACH who="0" ten="240,250,250,250" step="2"/><U127/><E127/><V7/><F44/><W86/><G96/><T79/><D79/><U13/><E101/><V76/><F76/><W40/><G40/><T95/><N who="0" m="23552" /><DORA hai="130" /><T24/><D24/><N who="1" m="9323" /><E77/><V132/><F132/><W1/><G86/><T110/><D110/><U84/><E91/><V4/><F54/><W100/><G100/><T0/><D0/><U98/><E98/><V107/><F53/><W68/><G90/><T58/><D58/><N who="1" m="33047" /><E84/><V117/><F117/><W22/><G89/><T39/><D39/><U99/><E99/><V125/><F125/><W49/><G1/><T102/><D102/><U12/><E12/><N who="2" m="9223" /><F107/><W51/><G64/><T34/><D34/><U21/><E13/><V18/><F18/><W45/><G68/><T47/><D47/><U61/><E61/><V31/><F31/><AGARI ba="0,1" hai="6,9,14,27,31,32,38,43,46,81,82" m="23552" machi="31" ten="50,12000,1" yaku="1,1,6,1,52,1,53,1" doraHai="29,130" doraHaiUra="3,72" who="0" fromWho="2" sc="240,130,250,0,250,-120,250,0" /><AGARI ba="0,0" hai="21,23,28,30,31" m="33047,9323,8447" machi="31" ten="30,3900,0" yaku="6,1,8,1,54,1" doraHai="29,130" who="1" fromWho="2" sc="370,0,250,39,130,-39,250,0" />
</Scene>
<Scene>
<INIT seed="0,1,0,1,3,19" ten="370,289,91,250" oya="0" hai0="97,111,67,125,71,50,37,0,69,113,90,27,5" hai1="118,9,85,105,26,110,45,35,121,17,116,102,14" hai2="109,112,133,95,56,10,86,83,41,135,65,21,119" hai3="98,84,47,131,3,54,39,20,96,76,28,34,53"/><T108/><D37/><U24/><E105/><V22/><F112/><W93/><G3/><T120/><D113/><U31/><E102/><V49/><F119/><W99/><G34/><T12/><D0/><U78/><E78/><V88/><F10/><W64/><G131/><T7/><D120/><U82/><E82/><V80/><F41/><W13/><G64/><T52/><D125/><U16/><E85/><V130/><F130/><W63/><G39/><T60/><D69/><U25/><E45/><V43/><F43/><W33/><G33/><T55/><D27/><N who="1" m="10315" /><E121/><V122/><F122/><W11/><G63/><T100/><D90/><U104/><E104/><V59/><F65/><W6/><G47/><N who="0" m="27743" /><D55/><U77/><E77/><V8/><F8/><W115/><G115/><T132/><D12/><N who="1" m="7311" /><E110/><N who="0" m="42025" /><D132/><N who="2" m="50762" /><F109/><W40/><G40/><T18/><D18/><U79/><E79/><V2/><F2/><W74/><G74/><T134/><D134/><U1/><E1/><V87/><F95/><AGARI ba="1,0" hai="5,7,60,67,71,95,97,100" m="42025,27743" machi="95" ten="30,5800,0" yaku="14,1,10,1,54,1" doraHai="19" who="0" fromWho="2" sc="370,61,289,0,91,-61,250,0" />
</Scene>
<Scene>
<INIT seed="0,2,0,5,2,58" ten="431,289,30,250" oya="0" hai0="32,119,74,100,97,111,96,125,64,123,37,78,56" hai1="7,114,53,120,18,124,48,2,129,16,109,84,128" hai2="134,75,42,26,46,85,108,79,127,126,91,39,83" hai3="82,71,1,110,54,90,15,20,116,12,107,89,11"/><T55/><D119/><U77/><E120/><V3/><F134/><W131/><G107/><T68/><D123/><U19/><E124/><V60/><F108/><W122/><G71/><T47/><D32/><U93/><E109/><V35/><F35/><W76/><G116/><T61/><D111/><U45/><E114/><V130/><F26/><W115/><G115/><T13/><D125/><U40/><E7/><V10/><F130/><N who="1" m="50281" /><E2/><V72/><F72/><W22/><G131/><T52/><D13/><U98/><E84/><V105/><F105/><W94/><G110/><T36/><D55/><U21/><E77/><V135/><F135/><W50/><G122/><T41/><D36/><U4/><E4/><V25/><F25/><W43/><G1/><T28/><D28/><U0/><E0/><V73/><F73/><W133/><G133/><T118/><D118/><U31/><E31/><V34/><F34/><W63/><G63/><T65/><D100/><N who="1" m="60495" /><E53/><V38/><F38/><W17/><G43/><T106/><D106/><U69/><E69/><V80/><REACH who="2" step="1"/><F60/><REACH who="2" ten="431,289,20,250" step="2"/><W104/><G104/><T99/><REACH who="0" step="1"/><D68/><REACH who="0" ten="421,289,20,250" step="2"/><U57/><E57/><V81/><F81/><AGARI ba="2,2" hai="37,41,47,52,56,61,64,65,74,78,81,96,97,99" machi="81" ten="40,12000,1" yaku="1,1,2,1,52,1,54,1,53,0" doraHai="58" doraHaiUra="27" who="0" fromWho="2" sc="421,146,289,0,20,-126,250,0" owari="567,67.0,289,9.0,-106,-61.0,250,-15.0" />
</Scene>
</mjloggm>