<mjloggm ver="2.3"><GO type="169" lobby="0"/><UN n0="%E2%80%A0%41%71%75%61%E2%80%A0" n1="%E5%A4%AA%E3%81%8F%E3%81%AA%E3%81%84%E3%81%8A" n2="%6D%69%74%73%75%36%31%31" n3="%79%75%6D%69%6B%69%6B%61" dan="16,18,17,16" rate="2077.49,2302.90,2165.30,2094.64" sx="M,M,M,M"/><TAIKYOKU oya="0"/>

<Scene>
<INIT seed="0,0,0,3,5,71" ten="250,250,250,250" oya="0" hai0="44,23,80,99,122,76,32,72,94,57,77,81,64" hai1="61,100,52,9,132,131,129,90,126,3,127,42,130" hai2="103,25,109,58,104,13,8,86,133,12,110,14,29" hai3="102,124,101,50,112,2,125,41,97,82,118,45,128"/><T47/><D32/><U11/><E100/><V1/><F103/><W117/><G112/><T108/><D122/><U113/><E113/><V28/><F104/><W68/><G68/><T24/><D108/><N who="2" m="41578" /><F86/><W4/><G128/><T134/><D134/><U70/><E3/><V18/><F133/><W27/><G102/><T19/><D57/><N who="1" m="34983" /><E132/><V34/><F58/><W93/><G27/><T21/><D64/><U135/><E135/><V53/><F53/><W16/><G82/><T91/><REACH who="0" step="1"/><D23/><REACH who="0" ten="240,250,250,250" step="2"/><U74/><E70/><V63/><F63/><W114/><G114/><T56/><D56/><U120/><E120/><V40/><F29/><W83/><G118/><T105/><D105/><U73/><E127/><V115/><F115/><W84/><G117/><T38/><D38/><U10/><E126/><V85/><F34/><W65/><G65/><T87/><AGARI ba="0,1" hai="19,21,24,44,47,72,76,77,80,81,87,91,94,99" machi="87" ten="20,3900,0" yaku="1,1,0,1,7,1,53,0" doraHai="71" doraHaiUra="96" who="0" fromWho="0" sc="240,49,250,-13,250,-13,250,-13" />
</Scene>
<Scene>
<INIT seed="0,1,0,0,3,114" ten="289,237,237,237" oya="0" hai0="0,19,23,119,85,88,115,29,65,113,128,16,107" hai1="17,53,55,92,77,8,95,120,134,10,127,48,76" hai2="105,31,93,25,56,104,2,6,78,4,15,126,101" hai3="133,81,12,103,131,97,109,125,64,46,112,49,13"/><T51/><D107/><U18/><E127/><V38/><F38/><W59/><G112/><T28/><D0/><U96/><E134/><V89/><F2/><W83/><G125/><T50/><D65/><U80/><E120/><V108/><F126/><W110/><G133/><T61/><D61/><U14/><E80/><N who="3" m="30794" /><G59/><T60/><D60/><U82/><E82/><V71/><F71/><W116/><G64/><T87/><D23/><U58/><E55/><V32/><F78/><W91/><G91/><T34/><D128/><U74/><E74/><V24/><F24/><W22/><G22/><T41/><D41/><U43/><E43/><V72/><F72/><W132/><G131/><T117/><REACH who="0" step="1"/><D88/><REACH who="0" ten="279,237,237,237" step="2"/><N who="1" m="55303" /><E95/><V21/><F104/><W99/><G132/><T122/><D122/><U35/><E35/><AGARI ba="1,1" hai="16,19,28,29,34,35,50,51,85,87,113,115,117,119" machi="35" ten="25,18000,2" yaku="1,1,22,2,52,2,54,1,53,0" doraHai="114" doraHaiUra="75" who="0" fromWho="1" sc="279,193,237,-183,237,0,237,0" />
</Scene>
<Scene>
<INIT seed="0,2,0,0,5,79" ten="472,54,237,237" oya="0" hai0="112,69,3,54,130,109,14,128,96,108,19,77,58" hai1="21,98,93,45,38,7,43,127,25,8,135,15,110" hai2="30,46,56,2,73,17,55,40,62,87,114,27,89" hai3="88,71,63,39,26,121,67,35,12,70,29,111,61"/><T74/><D69/><U105/><E110/><N who="0" m="42601" /><D3/><U57/><E127/><V48/><F114/><W122/><G111/><T118/><D118/><U124/><E124/><V24/><F73/><W91/><G39/><T9/><D96/><U115/><E115/><V126/><F2/><W95/><G12/><T1/><D1/><U85/><E135/><V37/><F126/><W107/><G107/><T16/><D112/><U42/><E42/><V86/><F86/><W97/><REACH who="3" step="1"/><G91/><REACH who="3" ten="472,54,237,227" step="2"/><T131/><D131/><U4/><E105/><V80/><F30/><W0/><G0/><T116/><D116/><U47/><E38/><V133/><F133/><W23/><G23/><T84/><D130/><U13/><E13/><V117/><F117/><W51/><G51/><T125/><D128/><U81/><E15/><V99/><F17/><W36/><G36/><T100/><D19/><U32/><E21/><V132/><F132/><W6/><G6/><T90/><D125/><U103/><E7/><V119/><F119/><W66/><AGARI ba="2,1" hai="26,29,35,61,63,66,67,70,71,88,95,97,121,122" machi="66" ten="30,7900,0" yaku="1,1,0,1,9,1,54,1,53,0" doraHai="79" doraHaiUra="52" who="3" fromWho="3" sc="472,-41,54,-22,237,-22,227,95" />
</Scene>
<Scene>
<INIT seed="1,0,0,4,5,94" ten="431,32,215,322" oya="1" hai0="66,14,120,116,44,73,96,26,122,105,108,132,107" hai1="46,33,30,1,4,89,47,34,54,50,76,23,5" hai2="77,97,91,20,28,86,48,6,37,123,45,10,111" hai3="7,83,118,106,11,88,9,41,95,68,75,131,12"/><U109/><E76/><V104/><F123/><N who="0" m="47146" /><D116/><U134/><E134/><V19/><F37/><W25/><G106/><T117/><D117/><U2/><E23/><V135/><F135/><W100/><G100/><T3/><D3/><U51/><E89/><V115/><F115/><W129/><G68/><T31/><D73/><U69/><E69/><V70/><F70/><W81/><G41/><T35/><D108/><U126/><E109/><V36/><F36/><W99/><G75/><T18/><D66/><U39/><E39/><V74/><F28/><W24/><G11/><T62/><D62/><U79/><E79/><V40/><F111/><W125/><G125/><T71/><D71/><U53/><REACH who="1" step="1"/><E30/><REACH who="1" ten="431,22,215,322" step="2"/><V85/><F77/><W32/><G118/><T127/><D132/><U72/><E72/><V133/><F74/><W90/><G90/><T21/><D127/><AGARI ba="0,1" hai="1,2,4,5,33,34,46,47,50,51,53,54,126,127" machi="127" ten="25,4800,0" yaku="1,1,22,2,53,0" doraHai="94" doraHaiUra="16" who="1" fromWho="0" sc="431,-48,22,58,215,0,322,0" />
</Scene>
<Scene>
<INIT seed="1,1,0,4,2,71" ten="383,80,215,322" oya="1" hai0="131,54,48,125,14,95,19,40,74,51,39,100,115" hai1="76,44,99,11,87,24,16,132,130,61,31,128,21" hai2="79,117,129,134,50,66,83,9,36,28,6,103,63" hai3="93,68,97,121,32,37,91,41,53,72,123,75,45"/><U29/><E132/><V20/><F117/><W46/><G68/><T73/><D115/><U85/><E99/><V55/><F134/><W42/><G53/><T17/><D131/><N who="1" m="50219" /><E61/><V3/><F103/><W92/><G32/><T59/><D125/><U105/><E105/><V18/><F28/><N who="1" m="10825" /><E76/><V70/><F129/><W25/><G25/><T69/><D69/><U27/><E27/><V135/><F135/><W0/><G0/><T8/><D48/><U5/><E44/><V98/><F98/><W49/><REACH who="3" step="1"/><G92/><REACH who="3" ten="383,80,215,312" step="2"/><T88/><D95/><U118/><E118/><V106/><F106/><W90/><G90/><T67/><D88/><U60/><E60/><V120/><F55/><W62/><G62/><T80/><D54/><U81/><E81/><V47/><F83/><W30/><G30/><T26/><D80/><U64/><E64/><V116/><F116/><W122/><AGARI ba="1,1" hai="37,41,42,45,46,49,72,75,91,93,97,121,122,123" machi="122" ten="30,4000,0" yaku="1,1,0,1,52,1,53,0" doraHai="71" doraHaiUra="4" who="3" fromWho="3" sc="383,-11,80,-21,215,-11,312,53" />
</Scene>
<Scene>
<INIT seed="2,0,0,2,3,45" ten="372,59,204,365" oya="2" hai0="25,63,61,124,133,6,50,92,134,2,75,95,7" hai1="87,106,51,77,24,78,101,94,81,4,107,103,96" hai2="104,11,122,73,32,127,13,66,99,97,31,116,58" hai3="59,110,118,79,90,135,86,84,28,26,82,52,37"/><V55/><F122/><W33/><G118/><T131/><D75/><U21/><E4/><N who="0" m="1577" /><D2/><U3/><E3/><V71/><F73/><W114/><G37/><T119/><D119/><U47/><E78/><V38/><F116/><W8/><G114/><T39/><D39/><U70/><E70/><V27/><F127/><W128/><G110/><T105/><D105/><U100/><E107/><V22/><F38/><W115/><G115/><T89/><D124/><U129/><E106/><V43/><F43/><W93/><G8/><T40/><D25/><U60/><E60/><N who="0" m="23113" /><D89/><U57/><E57/><V85/><F66/><W72/><G128/><T1/><D1/><U53/><REACH who="1" step="1"/><E129/><REACH who="1" ten="372,49,204,365" step="2"/><V109/><F71/><W69/><G69/><T23/><D131/><U91/><E91/><V108/><F104/><W17/><G90/><T19/><D134/><U126/><E126/><V41/><F108/><W123/><G135/><T98/><D133/><U121/><E121/><V49/><F109/><W83/><G79/><T18/><D95/><U16/><AGARI ba="0,1" hai="16,21,24,47,51,53,77,81,87,94,96,100,101,103" machi="16" ten="20,12000,2" yaku="1,1,0,1,7,1,8,1,52,1,54,1,53,0" doraHai="45" doraHaiUra="102" who="1" fromWho="1" sc="372,-30,49,130,204,-60,365,-30" />
</Scene>
<Scene>
<INIT seed="3,0,0,1,3,93" ten="342,179,144,335" oya="3" hai0="28,62,33,88,108,43,65,89,134,25,29,119,74" hai1="109,79,95,8,72,85,73,48,36,124,107,35,130" hai2="100,87,75,133,131,94,92,101,123,78,129,37,20" hai3="115,77,39,27,47,69,135,52,113,9,12,96,60"/><W44/><G135/><T61/><D119/><U5/><E36/><V55/><F37/><W26/><G77/><T40/><D134/><U22/><E35/><V50/><F133/><W90/><G115/><T102/><D74/><U31/><E107/><V121/><F20/><W104/><G113/><T80/><D108/><U127/><E109/><V14/><F14/><W51/><G104/><T17/><D29/><U70/><E70/><V132/><F132/><W15/><G15/><T71/><D102/><N who="2" m="39530" /><F50/><W81/><G81/><T67/><D17/><U16/><E31/><V84/><F75/><W112/><G69/><T128/><D128/><N who="2" m="49226" /><F55/><W111/><G111/><T19/><D19/><U122/><E48/><V42/><F42/><W83/><G60/><T82/><D82/><N who="1" m="47327" /><E130/><V116/><F116/><W106/><G39/><T91/><REACH who="0" step="1"/><D80/><REACH who="0" ten="332,179,144,335" step="2"/><U4/><E72/><V1/><F1/><W6/><G83/><T49/><D49/><U120/><E73/><V7/><F7/><W57/><G112/><T53/><D53/><U66/><E4/><V97/><F78/><W59/><G6/><T125/><D125/><U99/><E127/><V18/><F18/><W64/><G51/><T23/><D23/><U41/><E124/><V24/><F24/><W11/><G26/><T117/><D117/><U10/><E5/><V126/><F126/><W13/><G27/><T56/><AGARI ba="0,1" hai="25,28,33,40,43,56,61,62,65,67,71,88,89,91" machi="56" ten="30,4000,0" yaku="1,1,0,1,54,1,53,0" doraHai="93" doraHaiUra="76" who="0" fromWho="0" sc="332,50,179,-10,144,-10,335,-20" />
</Scene>
<Scene>
<INIT seed="4,0,0,2,0,65" ten="382,169,134,315" oya="0" hai0="131,1,93,102,47,85,124,51,111,63,6,132,70" hai1="22,95,20,113,8,114,55,107,106,66,43,129,96" hai2="120,13,0,99,18,11,21,79,54,135,127,48,31" hai3="118,109,100,24,67,103,89,59,64,98,40,32,74"/><T134/><D124/><U116/><E116/><V10/><F120/><W14/><G109/><T35/><D35/><U122/><E122/><V5/><F127/><W12/><G74/><T34/><D34/><U86/><E129/><V81/><F135/><N who="0" m="51754" /><D131/><U69/><E43/><V121/><F121/><W78/><G78/><T88/><D102/><N who="1" m="60703" /><E8/><V77/><F99/><W101/><G40/><T133/><D111/><U84/><E55/><V37/><F37/><W46/><G46/><T49/><D133/><U33/><E33/><V28/><F10/><W17/><G59/><T97/><D47/><U82/><E20/><V125/><F125/><W57/><G57/><T108/><D108/><U56/><E22/><V9/><F9/><W80/><G32/><T73/><D73/><U44/><E56/><V52/><F54/><W87/><G24/><T117/><D117/><U45/><E45/><V130/><F130/><W76/><G12/><T23/><D23/><U2/><E2/><V75/><REACH who="2" step="1"/><F77/><REACH who="2" ten="382,169,124,315" step="2"/><W94/><G118/><T112/><D97/><U110/><E110/><V128/><F128/><W123/><G123/><T30/><D1/><U39/><E39/><V68/><F68/><W29/><G29/><T16/><D70/><U53/><E53/><V104/><F104/><W105/><G105/><T62/><D30/><U7/><E106/><V26/><F26/><W115/><G98/><T27/><D27/><U90/><E107/><V25/><F25/><W126/><G126/><T41/><D41/><U3/><E69/><V19/><F19/><W15/><G17/><T50/><D16/><RYUUKYOKU ba="0,1" sc="382,-10,169,-10,124,30,315,-10" hai2="0,5,11,13,18,21,28,31,48,52,75,79,81" />
</Scene>
<Scene>
<INIT seed="5,1,1,3,0,38" ten="372,159,154,305" oya="1" hai0="81,95,69,74,4,117,42,36,116,40,11,104,28" hai1="76,80,94,114,39,101,121,85,108,97,127,57,47" hai2="1,129,8,44,29,35,115,13,68,62,110,83,131" hai3="130,109,7,103,99,10,56,90,51,107,22,58,82"/><U112/><E121/><V24/><F110/><W15/><G109/><T0/><D95/><U122/><E122/><V46/><F68/><W64/><G130/><N who="2" m="49673" /><F62/><W119/><G119/><T128/><D128/><U71/><E71/><V126/><F83/><W41/><G64/><T27/><D104/><U23/><E108/><V17/><F46/><W20/><G58/><T3/><D3/><U100/><E127/><V93/><F44/><W52/><G90/><T87/><D69/><U125/><E125/><V92/><F92/><W75/><REACH who="3" step="1"/><G41/><REACH who="3" ten="372,159,154,295" step="2"/><T124/><D124/><U118/><E118/><V123/><F126/><W21/><G21/><T84/><D116/><U61/><E23/><N who="2" m="11695" /><F123/><W60/><G60/><T96/><D117/><U55/><REACH who="1" step="1"/><E101/><REACH who="1" ten="372,149,154,295" step="2"/><V14/><F115/><W19/><G19/><T53/><D28/><U33/><E33/><V26/><F29/><W50/><G50/><T132/><D36/><U63/><E63/><V67/><F35/><W34/><G34/><T73/><D4/><U102/><E102/><V70/><F70/><W86/><G86/><T72/><D87/><U106/><E106/><V91/><F67/><W43/><G43/><AGARI ba="1,3" hai="39,43,47,55,57,61,76,80,85,94,97,100,112,114" machi="43" ten="40,7700,0" yaku="1,1,52,1,53,1" doraHai="38" doraHaiUra="54" who="1" fromWho="3" sc="372,0,149,110,154,0,295,-80" />
</Scene>
<Scene>
<INIT seed="5,2,0,5,0,83" ten="372,259,154,215" oya="1" hai0="15,106,105,50,8,122,31,22,85,121,29,74,117" hai1="43,30,28,33,18,111,21,45,49,102,70,39,27" hai2="86,57,51,109,7,17,81,91,127,1,64,25,52" hai3="11,41,14,120,94,62,112,16,107,54,87,67,114"/><U101/><E70/><V77/><F109/><W123/><G107/><N who="0" m="40971" /><D74/><U68/><E68/><V58/><F127/><W6/><G41/><T56/><D117/><U47/><E111/><V5/><F1/><W3/><G54/><N who="0" m="31831" /><D22/><U97/><E97/><V89/><F64/><W34/><G34/><T63/><D63/><U82/><E82/><V75/><F58/><W55/><G55/><T13/><D85/><U23/><E33/><V10/><F89/><N who="3" m="53567" /><G62/><T60/><D60/><U129/><E129/><V40/><F40/><W134/><G67/><T96/><D96/><U131/><E131/><V42/><F42/><W44/><G44/><T132/><D132/><U69/><E69/><V76/><F76/><W110/><G134/><T99/><D99/><U103/><E45/><V4/><F4/><W100/><G100/><T95/><D95/><U71/><E71/><V53/><F53/><W73/><G73/><T0/><D0/><U128/><E128/><V126/><F126/><W36/><G36/><T130/><D130/><U104/><E104/><V119/><F119/><W35/><G35/><T32/><D32/><U125/><E125/><V92/><REACH who="2" step="1"/><F25/><REACH who="2" ten="372,259,144,215" step="2"/><W46/><G46/><T108/><D108/><U48/><E39/><V118/><F118/><W115/><G110/><T20/><D122/><U88/><E43/><V79/><F79/><W133/><G133/><T9/><D121/><U65/><E65/><V24/><F24/><W113/><G114/><T38/><D38/><U124/><E124/><V90/><F90/><W12/><G3/><T26/><D26/><U72/><E27/><RYUUKYOKU ba="2,1" sc="372,-15,259,-15,144,15,215,15" hai2="5,7,10,17,51,52,57,75,77,81,86,91,92" hai3="6,11,12,14,16,112,113,115,120,123" />
</Scene>
<Scene>
<INIT seed="6,3,1,5,2,38" ten="357,244,159,230" oya="2" hai0="73,103,78,3,117,8,108,105,6,31,45,82,27" hai1="76,36,62,109,39,96,24,79,104,1,107,5,69" hai2="91,68,113,102,64,70,127,134,35,42,124,2,120" hai3="18,84,37,59,116,89,90,112,4,133,111,118,94"/><V25/><F120/><W0/><G111/><T132/><D108/><U29/><E79/><V13/><F102/><W41/><G133/><T77/><D132/><U16/><E16/><V130/><F2/><W119/><G112/><T51/><D117/><U101/><E76/><V49/><F134/><W93/><G59/><T83/><D105/><U121/><E107/><V99/><F113/><W66/><G66/><T14/><D103/><U52/><E109/><V67/><F130/><W34/><G34/><T12/><D31/><U85/><E85/><V106/><F106/><W46/><G18/><T72/><D27/><U122/><E5/><V50/><F13/><W115/><G115/><T81/><D81/><U126/><E1/><V10/><F10/><W56/><G56/><T98/><D98/><U7/><E7/><V114/><F114/><W44/><G44/><T88/><D88/><U21/><E126/><N who="2" m="48171" /><F35/><W23/><G23/><T15/><D3/><U58/><E69/><N who="2" m="26731" /><F25/><W19/><G19/><T110/><D110/><U74/><E74/><V30/><F30/><W129/><G129/><T20/><D20/><U28/><E29/><V86/><F99/><W47/><G4/><T40/><AGARI ba="3,1" hai="6,8,12,14,15,40,45,51,72,73,77,78,82,83" machi="40" ten="20,5200,0" yaku="0,1,7,1,9,1,52,1" doraHai="38" who="0" fromWho="0" sc="357,71,244,-16,159,-29,230,-16" />
</Scene>
<Scene>
<INIT seed="7,0,0,3,5,41" ten="428,228,130,214" oya="3" hai0="3,66,49,68,61,17,131,69,57,34,120,29,83" hai1="89,25,78,19,36,76,109,82,20,8,97,44,27" hai2="132,53,127,102,30,14,56,85,112,26,65,59,79" hai3="64,105,116,12,117,126,75,92,58,62,130,10,86"/><W1/><G75/><T77/><D17/><U35/><E109/><V73/><F132/><W22/><G105/><T101/><D49/><U46/><E36/><V124/><F112/><W71/><G126/><T104/><D83/><U11/><E35/><V123/><F73/><W24/><G1/><T45/><D57/><U107/><E27/><V128/><F128/><W113/><G113/><T47/><D66/><U13/><E107/><V91/><F102/><W51/><G130/><T67/><D101/><U118/><E118/><V31/><F79/><N who="1" m="30249" /><E8/><V90/><F14/><W72/><G72/><T81/><D61/><U39/><E39/><V18/><F18/><W7/><G71/><T133/><D81/><U119/><E119/><V6/><F6/><W50/><G117/><T96/><D96/><U60/><E60/><V125/><F123/><W5/><G5/><T110/><D67/><U84/><E97/><V2/><F2/><W40/><G40/><T95/><D95/><U9/><E9/><V74/><F74/><W70/><G70/><T33/><D29/><AGARI ba="0,0" hai="11,13,19,20,25,29,44,46,82,84,89" m="30249" machi="29" ten="30,3900,0" yaku="8,1,52,2" doraHai="41" who="1" fromWho="0" sc="428,-39,228,39,130,0,214,0" owari="389,49.0,267,7.0,130,-37.0,214,-19.0" />
</Scene>
</mjloggm>