<mjloggm ver="2.3"><GO type="169" lobby="0"/><UN n0="%E3%82%AD%E3%83%A9%E3%83%BC%E3%83%9E%E3%82%B8%E3%83%B3%E3%82%AC%E6%A7%98" n1="%E3%81%84%E3%81%9F%E3%83%92%E3%83%AD" n2="%E5%A4%AA%E3%81%8F%E3%81%AA%E3%81%84%E3%81%8A" n3="%6D%65%61%6C%72" dan="17,16,18,16" rate="2159.23,2085.95,2234.97,2033.91" sx="F,M,F,M"/><TAIKYOKU oya="0"/>

<Scene>
<INIT seed="0,0,0,2,1,97" ten="250,250,250,250" oya="0" hai0="107,57,36,8,65,56,70,23,129,80,132,47,78" hai1="37,60,41,29,88,94,1,113,84,101,73,111,108" hai2="127,104,13,12,110,100,116,17,19,51,9,24,93" hai3="11,45,105,122,6,81,26,69,40,31,134,43,86"/><T48/><D132/><U76/><E1/><V42/><F110/><W50/><G134/><T98/><D129/><U38/><E29/><V34/><F127/><W92/><G105/><T91/><D36/><U59/><E113/><V7/><F116/><W58/><G69/><T114/><D114/><U90/><E41/><V99/><F104/><W121/><G43/><T103/><D8/><U18/><E101/><V89/><F34/><W64/><G92/><T96/><D23/><U15/><E90/><V83/><F24/><W95/><G95/><T39/><D39/><U32/><E32/><V62/><F62/><W126/><G126/><T115/><D115/><U67/><E76/><V61/><F61/><W2/><G58/><T66/><D91/><U79/><E73/><V27/><F27/><W0/><G64/><T77/><D98/><U82/><E111/><V135/><F135/><W106/><G106/><T55/><D78/><U128/><E128/><V46/><REACH who="2" step="1"/><F13/><REACH who="2" ten="250,250,240,250" step="2"/><W125/><G125/><T33/><D33/><U28/><E108/><V130/><F130/><W102/><G26/><T68/><D68/><U16/><E28/><V131/><F131/><W72/><G2/><T112/><D112/><U30/><E30/><V49/><F49/><W53/><G31/><T52/><D70/><U85/><REACH who="1" step="1"/><E18/><REACH who="1" ten="250,240,240,250" step="2"/><V119/><F119/><W71/><G0/><T87/><REACH who="0" step="1"/><D47/><REACH who="0" ten="240,240,240,250" step="2"/><U35/><E35/><V123/><F123/><W109/><G121/><T22/><D22/><AGARI ba="0,3" hai="15,16,22,37,38,59,60,67,79,82,84,85,88,94" machi="22" ten="30,8000,1" yaku="1,1,7,1,54,2,53,1" doraHai="97" doraHaiUra="74" who="1" fromWho="0" sc="240,-80,240,110,240,0,250,0" />
</Scene>
<Scene>
<INIT seed="1,0,0,0,2,84" ten="160,350,240,250" oya="1" hai0="58,134,99,1,10,38,59,130,90,132,3,20,56" hai1="89,108,67,127,121,98,0,14,31,65,8,78,42" hai2="5,114,19,18,25,113,15,103,118,86,22,71,105" hai3="29,95,64,88,133,40,36,72,77,33,80,69,26"/><U32/><E121/><V135/><F71/><W60/><G133/><N who="0" m="51307" /><D38/><U131/><E0/><V9/><F135/><W74/><G74/><T30/><D10/><U51/><E131/><V115/><F118/><W100/><G100/><T85/><D99/><U61/><E127/><V81/><F103/><W17/><G17/><T111/><D111/><U24/><E78/><N who="2" m="46391" /><F105/><W63/><G63/><T107/><D107/><U39/><E39/><V68/><F68/><W83/><G83/><N who="0" m="49471" /><D130/><U109/><E42/><V94/><F94/><W55/><G55/><T128/><D128/><U48/><E67/><V97/><F97/><W27/><G27/><AGARI ba="0,0" hai="1,3,20,27,30,56,58,59" m="49471,51307" machi="27" ten="30,2000,0" yaku="20,1,52,1" doraHai="84" who="0" fromWho="3" sc="160,20,350,0,240,0,250,-20" />
</Scene>
<Scene>
<INIT seed="2,0,0,2,2,124" ten="180,350,240,230" oya="2" hai0="110,120,83,79,122,36,133,92,40,3,31,69,22" hai1="27,58,96,15,105,84,104,2,53,25,55,93,89" hai2="117,8,52,128,127,43,33,24,29,82,17,41,87" hai3="68,1,47,5,88,48,112,26,80,0,16,116,99"/><V103/><F117/><W74/><G68/><T65/><D110/><U18/><E2/><V115/><F115/><W34/><G116/><T126/><D126/><U118/><E118/><V38/><F127/><W20/><G112/><T6/><D133/><U45/><E105/><V35/><F103/><W81/><G34/><T67/><D92/><U98/><E45/><V7/><F35/><W59/><G59/><T77/><D22/><U100/><E96/><V21/><F38/><W51/><G51/><T30/><D83/><U46/><E46/><V28/><F52/><W56/><G56/><T129/><D6/><U70/><E70/><V132/><F132/><W32/><G32/><T42/><D69/><U11/><E55/><V44/><F44/><W131/><G5/><T102/><D3/><U72/><E72/><V123/><F123/><W62/><G62/><AGARI ba="0,0" hai="11,15,18,25,27,53,58,62,84,89,93,98,100,104" machi="62" ten="30,1000,0" yaku="7,1" doraHai="124" who="1" fromWho="3" sc="180,0,350,10,240,0,230,-10" />
</Scene>
<Scene>
<INIT seed="3,0,0,2,4,25" ten="180,360,240,220" oya="3" hai0="87,33,32,69,90,78,92,107,50,21,125,113,44" hai1="129,12,70,27,47,59,63,19,65,66,105,39,7" hai2="57,9,89,116,18,5,67,14,98,11,23,101,120" hai3="68,6,36,48,13,109,131,26,29,61,104,102,84"/><W42/><G36/><T46/><D125/><U60/><E105/><V88/><F116/><W41/><G131/><T35/><D113/><U76/><E129/><V43/><F120/><W3/><G3/><T34/><D107/><U72/><E72/><V123/><F123/><W4/><G104/><T118/><D118/><U15/><E76/><V54/><F43/><W22/><G102/><T112/><D112/><U121/><E121/><V108/><F67/><W103/><G103/><T64/><D78/><U114/><E114/><V1/><F11/><W115/><G115/><T38/><D38/><U51/><E39/><V82/><F82/><W2/><G2/><T49/><D21/><U28/><E7/><V99/><F108/><W40/><G48/><T17/><D17/><U75/><E75/><V8/><F8/><W71/><G109/><T30/><D50/><U74/><E74/><V37/><F37/><W111/><G111/><T79/><D79/><U100/><E100/><V0/><F0/><W133/><G133/><T132/><D132/><U97/><E97/><V16/><F18/><N who="3" m="10575" /><G84/><T124/><D124/><U10/><E12/><V45/><F45/><W85/><G85/><T94/><D46/><U134/><E134/><V62/><REACH who="2" step="1"/><F98/><REACH who="2" ten="180,360,230,220" step="2"/><W127/><G127/><T81/><D64/><U130/><E130/><V91/><F91/><W122/><G122/><T135/><D135/><U119/><E119/><V24/><F24/><W53/><G71/><T128/><D69/><U93/><E47/><V86/><F86/><W52/><G68/><T106/><D128/><U20/><E70/><RYUUKYOKU ba="0,1" sc="180,-10,360,-10,230,30,220,-10" hai2="1,5,9,14,16,23,54,57,62,88,89,99,101" />
</Scene>
<Scene>
<INIT seed="4,1,1,3,3,36" ten="170,350,260,210" oya="0" hai0="117,98,72,66,43,113,55,4,123,9,20,39,12" hai1="25,17,7,60,127,52,116,107,46,15,57,93,130" hai2="49,22,5,71,75,88,21,50,34,133,86,95,131" hai3="69,18,92,77,82,33,108,89,10,64,102,105,51"/><T26/><D117/><U129/><E107/><V63/><F34/><W79/><G108/><T19/><D123/><U87/><E116/><V90/><F75/><W16/><G33/><T111/><D111/><U35/><E127/><V61/><F133/><W48/><G69/><T29/><D72/><U27/><E7/><V3/><F131/><N who="1" m="50185" /><E35/><V8/><F63/><W115/><G64/><T32/><D113/><U96/><E87/><V94/><F71/><W122/><G122/><T14/><D66/><U76/><E76/><N who="3" m="29258" /><G105/><T97/><REACH who="0" step="1"/><D55/><REACH who="0" ten="160,350,260,210" step="2"/><U6/><E6/><V85/><F61/><W1/><G115/><T135/><D135/><U132/><E132/><V125/><F125/><W41/><G1/><T80/><D80/><U73/><E73/><V70/><F70/><W78/><G78/><T121/><D121/><U38/><E38/><V91/><F91/><W53/><G82/><T128/><D128/><U24/><E46/><AGARI ba="1,2" hai="4,9,12,14,19,20,26,29,32,39,43,46,97,98" machi="46" ten="40,3900,0" yaku="1,1,52,1,53,0" doraHai="36" doraHaiUra="124" who="0" fromWho="1" sc="160,62,350,-42,260,0,210,0" />
</Scene>
<Scene>
<INIT seed="4,2,0,4,1,15" ten="222,308,260,210" oya="0" hai0="45,47,76,30,48,86,110,2,113,12,85,91,33" hai1="40,115,58,100,59,57,50,65,95,38,5,8,121" hai2="49,129,70,102,29,16,105,31,108,84,103,101,60" hai3="82,87,112,92,62,54,125,22,55,111,98,122,25"/><T109/><D2/><U123/><E38/><V133/><F108/><N who="0" m="41578" /><D113/><U89/><E115/><V19/><F105/><W0/><G125/><T39/><D39/><U99/><E65/><V66/><F133/><W61/><G0/><T1/><D1/><U107/><E5/><V128/><F49/><W81/><G122/><T71/><D71/><U93/><E8/><V72/><F72/><W124/><G124/><T10/><D76/><U75/><E75/><V74/><F74/><W21/><G21/><T42/><D47/><U13/><E13/><V135/><F135/><W69/><G69/><T23/><D33/><U126/><E126/><V116/><F116/><W7/><G7/><N who="0" m="3167" /><D91/><U77/><E77/><V44/><F44/><W17/><G112/><T43/><D43/><U83/><E123/><V4/><F4/><W67/><G111/><T106/><D106/><U63/><E121/><V96/><F96/><W80/><G87/><N who="0" m="33291" /><D23/><U73/><E73/><V104/><F104/><W20/><G20/><T24/><D24/><U114/><E83/><V46/><F46/><W11/><G11/><T32/><D32/><U36/><E36/><V119/><F84/><W120/><G120/><T28/><AGARI ba="2,0" hai="28,30,42,45,48" m="33291,3167,41578" machi="28" ten="30,1500,0" yaku="10,1" doraHai="15" who="0" fromWho="0" sc="222,21,308,-7,260,-7,210,-7" />
</Scene>
<Scene>
<INIT seed="4,3,0,2,4,128" ten="243,301,253,203" oya="0" hai0="129,111,33,105,97,35,44,52,20,43,26,57,3" hai1="101,103,71,0,85,45,110,1,59,89,47,37,79" hai2="32,19,95,22,118,131,124,88,55,46,14,120,12" hai3="83,134,127,36,78,6,62,96,68,93,66,86,34"/><T100/><D3/><U42/><E71/><V63/><F120/><W65/><G36/><T69/><D69/><U30/><E110/><V130/><F32/><W16/><G34/><T102/><D102/><U64/><E30/><V53/><F124/><W70/><G127/><T92/><D105/><U17/><E79/><V112/><F112/><W72/><G6/><T81/><D81/><U25/><E0/><V24/><F118/><W40/><G40/><T48/><D129/><N who="2" m="49162" /><F46/><W58/><G72/><T13/><D13/><N who="2" m="5226" /><F63/><W49/><G16/><T82/><D82/><U54/><E64/><V18/><F18/><W7/><G7/><T84/><D84/><AGARI ba="3,0" hai="19,22,24,53,55,84,88,95" m="5226,49162" machi="84" ten="30,2000,0" yaku="19,1,54,1" doraHai="128" who="2" fromWho="0" sc="243,-29,301,0,253,29,203,0" />
</Scene>
<Scene>
<INIT seed="5,0,0,2,0,17" ten="214,301,282,203" oya="1" hai0="111,61,43,59,105,14,67,36,80,131,20,97,50" hai1="130,122,87,125,99,57,24,123,72,66,92,119,3" hai2="102,77,39,40,114,53,33,0,64,82,29,23,44" hai3="37,109,6,41,54,120,46,124,58,107,11,78,56"/><U113/><E72/><V48/><F0/><W126/><G109/><T15/><D111/><U94/><E3/><V132/><F132/><W62/><G120/><T83/><D36/><U12/><E119/><V27/><F114/><W22/><G107/><T28/><D131/><U75/><E75/><V19/><F102/><W16/><G78/><T55/><D43/><U70/><E70/><V100/><F100/><W2/><REACH who="3" step="1"/><G58/><REACH who="3" ten="214,301,282,193" step="2"/><T38/><D105/><U86/><E57/><V116/><F116/><W101/><G101/><T96/><D59/><U26/><E123/><V90/><F90/><W49/><G49/><T60/><D50/><U89/><E122/><V128/><F128/><W79/><G79/><T5/><D38/><U74/><E130/><V127/><F39/><W52/><G52/><T81/><D55/><U1/><E89/><V9/><F53/><W88/><G88/><T117/><D117/><U134/><E113/><V30/><F48/><W13/><AGARI ba="0,1" hai="2,6,11,13,16,22,37,41,46,54,56,62,124,126" machi="13" ten="30,8000,1" yaku="1,1,0,1,52,1,54,1,53,1" doraHai="17" doraHaiUra="4" who="3" fromWho="3" sc="214,-20,301,-40,282,-20,193,90" />
</Scene>
<Scene>
<INIT seed="6,0,0,2,4,65" ten="194,261,262,283" oya="2" hai0="121,56,46,83,66,75,69,111,92,91,42,73,40" hai1="127,51,13,14,2,50,52,63,109,48,39,47,96" hai2="134,115,130,28,35,29,108,129,6,7,77,0,20" hai3="32,26,80,68,59,12,87,88,22,49,135,126,31"/><V90/><F77/><W98/><G68/><T5/><D111/><U84/><E2/><V30/><F90/><W106/><G135/><T132/><D121/><U58/><E109/><V120/><F108/><W53/><G126/><T24/><D132/><U107/><E127/><V99/><F99/><W71/><G71/><T33/><D5/><N who="2" m="1546" /><F134/><W34/><G106/><T113/><D113/><U25/><E39/><V100/><F100/><W124/><G124/><T18/><D42/><U62/><E62/><V112/><F0/><W57/><G12/><N who="1" m="4714" /><E107/><V9/><F120/><W93/><REACH who="3" step="1"/><G59/><REACH who="3" ten="194,261,262,273" step="2"/><T16/><D56/><U36/><E36/><V21/><F115/><W19/><G19/><T97/><D18/><U17/><E17/><V67/><F112/><W4/><G4/><T64/><D69/><U102/><E25/><V114/><F114/><W89/><AGARI ba="0,1" hai="22,26,31,32,34,49,53,57,80,87,88,89,93,98" machi="89" ten="20,5200,0" yaku="1,1,0,1,7,1,54,1,53,0" doraHai="65" doraHaiUra="125" who="3" fromWho="3" sc="194,-13,261,-13,262,-26,273,62" />
</Scene>
<Scene>
<INIT seed="7,0,0,2,4,12" ten="181,248,236,335" oya="3" hai0="88,43,75,25,99,82,49,116,70,105,84,73,108" hai1="55,81,66,67,5,11,96,20,57,112,13,4,126" hai2="124,46,7,17,125,51,78,133,30,44,90,128,85" hai3="134,32,127,52,114,92,35,110,19,109,61,79,123"/><W120/><G114/><T9/><D108/><N who="3" m="41577" /><G134/><T76/><D116/><U14/><E112/><V65/><F133/><W102/><G127/><N who="2" m="48713" /><F128/><W68/><G79/><T0/><D70/><U83/><E96/><V1/><F30/><W21/><G68/><T22/><D9/><N who="1" m="4263" /><E20/><V113/><F113/><W135/><G135/><T77/><D0/><U131/><E131/><V31/><F31/><W47/><G92/><T34/><D34/><N who="3" m="12841" /><G102/><T48/><D43/><U89/><E126/><V27/><F65/><N who="1" m="24585" /><E89/><V106/><F78/><W23/><G23/><T69/><D69/><U118/><E118/><V132/><F90/><W107/><G107/><T60/><D60/><AGARI ba="0,0" hai="5,11,14,55,57,60,81,83" m="24585,4263" machi="60" ten="30,1000,0" yaku="8,1" doraHai="12" who="1" fromWho="0" sc="181,-10,248,10,236,0,335,0" owari="171,-33.0,258,6.0,236,-16.0,335,43.0" />
</Scene>
</mjloggm>