<mjloggm ver="2.3"><GO type="169" lobby="0"/><UN n0="%E5%A4%AA%E3%81%8F%E3%81%AA%E3%81%84%E3%81%8A" n1="%6B%69%79%6F%6E%61%72%69" n2="%E3%83%9E%E3%83%88%E3%83%AA%E3%83%83%E3%82%AF%E3%82%B9" n3="%64%61%72%74%65%72" dan="18,16,16,18" rate="2218.05,2099.36,2074.82,2180.03" sx="F,M,M,M"/><TAIKYOKU oya="0"/>

<Scene>
<INIT seed="0,0,0,2,5,90" ten="250,250,250,250" oya="0" hai0="24,109,65,19,120,31,0,103,88,113,11,15,12" hai1="128,48,51,77,45,130,129,96,49,111,61,7,5" hai2="22,102,132,35,131,94,116,135,54,38,37,106,2" hai3="50,10,60,82,3,118,119,6,92,29,73,67,112"/><T133/><D113/><U17/><E111/><V18/><F35/><W100/><G112/><T33/><D120/><U64/><E77/><V101/><F106/><W68/><G29/><T47/><D133/><N who="2" m="51274" /><F2/><W122/><G122/><T39/><D103/><U63/><E17/><V123/><F123/><W83/><G50/><N who="1" m="19562" /><E96/><N who="2" m="59543" /><F131/><W95/><G100/><T25/><D65/><U9/><E9/><V13/><F102/><W43/><G43/><T99/><D109/><U89/><E89/><V70/><F70/><W104/><G104/><T124/><D0/><U75/><E75/><V98/><F98/><W114/><G114/><T134/><D134/><U76/><E76/><V115/><F115/><W71/><G71/><T36/><D124/><U41/><E63/><V66/><F66/><W62/><G62/><T86/><D99/><U52/><E41/><V58/><F116/><W78/><REACH who="3" step="1"/><G83/><REACH who="3" ten="250,250,250,240" step="2"/><T108/><D108/><U8/><E8/><V107/><F107/><W74/><G74/><T110/><D110/><U26/><E26/><V4/><F38/><W55/><G55/><T1/><D25/><U97/><E97/><V69/><F37/><W93/><AGARI ba="0,1" hai="3,6,10,60,67,68,73,78,82,92,93,95,118,119" machi="93" ten="30,8000,1" yaku="1,1,0,1,52,3,53,0" doraHai="90" doraHaiUra="121" who="3" fromWho="3" sc="250,-40,250,-20,250,-20,240,90" />
</Scene>
<Scene>
<INIT seed="1,0,0,4,5,17" ten="210,230,230,330" oya="1" hai0="79,87,108,38,118,99,104,93,90,121,123,92,23" hai1="72,113,55,71,6,68,103,75,89,116,34,0,88" hai2="100,8,97,46,3,47,65,12,43,81,63,109,115" hai3="94,25,54,96,45,102,106,16,128,33,76,86,62"/><U77/><E113/><V130/><F3/><W74/><G128/><T28/><D38/><U133/><E116/><V44/><F115/><W4/><G4/><T1/><D1/><U22/><E34/><V69/><F130/><W59/><G74/><T51/><D118/><U82/><E103/><V85/><F109/><W101/><G45/><T57/><D104/><U37/><E55/><V9/><F43/><W122/><G122/><N who="0" m="46603" /><D108/><U2/><E6/><V84/><F12/><W70/><G70/><T11/><D11/><U119/><E119/><V112/><F112/><W134/><G134/><T110/><D110/><U127/><E82/><V107/><REACH who="2" step="1"/><F85/><REACH who="2" ten="210,230,220,330" step="2"/><W13/><G86/><T19/><D87/><U91/><E2/><V126/><F126/><W64/><G13/><T105/><D79/><AGARI ba="0,1" hai="8,9,44,46,47,63,65,69,79,81,84,97,100,107" machi="79" ten="40,1300,0" yaku="1,1,53,0" doraHai="17" doraHaiUra="30" who="2" fromWho="0" sc="210,-13,230,0,220,23,330,0" />
</Scene>
<Scene>
<INIT seed="2,0,0,5,4,86" ten="197,230,243,330" oya="2" hai0="125,62,87,103,96,113,118,58,30,89,102,107,9" hai1="105,59,109,34,130,57,28,68,78,46,61,25,40" hai2="110,27,82,65,36,35,124,47,79,134,106,67,99" hai3="95,39,14,21,55,33,41,74,10,3,53,126,31"/><V11/><F124/><W64/><G64/><T1/><D113/><U108/><E105/><V56/><F134/><W0/><G74/><T135/><D135/><U123/><E130/><V120/><F120/><W93/><G33/><T121/><D121/><U45/><E123/><V48/><F36/><W80/><G0/><T69/><D125/><U26/><E78/><V72/><F56/><W115/><G115/><T16/><D30/><U15/><E15/><V81/><F110/><N who="1" m="42601" /><E26/><V20/><F35/><W37/><G3/><T4/><D103/><U44/><E40/><V100/><F82/><W54/><G41/><T7/><D69/><U85/><E85/><V76/><F79/><W92/><G80/><T75/><D75/><U97/><E97/><V132/><F11/><W91/><G39/><T13/><D118/><U38/><E38/><V88/><F132/><W63/><G37/><T129/><D1/><U104/><E104/><V6/><F6/><N who="3" m="3415" /><G126/><T70/><D70/><U49/><E49/><V8/><F8/><W128/><G63/><T84/><D84/><U12/><E12/><V111/><F111/><W114/><G128/><T77/><D129/><U2/><E2/><V29/><F67/><AGARI ba="0,0" hai="25,28,34,44,45,46,57,59,61,67,68" m="42601" machi="67" ten="30,1000,0" yaku="14,1" doraHai="86" who="1" fromWho="2" sc="197,0,230,10,243,-10,330,0" />
</Scene>
<Scene>
<INIT seed="3,0,0,5,3,83" ten="197,240,233,330" oya="3" hai0="134,96,135,60,7,65,89,112,92,132,81,59,115" hai1="111,78,72,125,9,42,19,44,64,14,103,129,38" hai2="95,34,79,49,52,25,54,110,3,94,109,121,124" hai3="53,88,45,75,100,114,4,93,76,2,35,127,98"/><W107/><G35/><T116/><D116/><U26/><E111/><N who="2" m="42507" /><F3/><W56/><G114/><T23/><D7/><U17/><E129/><V20/><F34/><W126/><G45/><T13/><D13/><U113/><E113/><V6/><F6/><W15/><G2/><T12/><D12/><U117/><E125/><V29/><F124/><W108/><G108/><T28/><REACH who="0" step="1"/><D81/><REACH who="0" ten="187,240,233,330" step="2"/><U5/><E14/><V82/><F121/><W73/><G4/><T77/><D77/><U66/><E78/><V55/><F49/><N who="3" m="30767" /><G15/><T120/><D120/><U18/><E117/><V39/><F39/><W50/><G50/><T43/><D43/><U24/><E42/><V40/><F40/><W22/><G127/><T31/><D31/><U99/><E38/><V32/><F32/><W128/><G76/><T131/><D131/><U84/><E5/><V80/><F80/><W102/><G128/><T41/><D41/><U46/><E26/><AGARI ba="0,1" hai="23,26,28,59,60,65,89,92,96,112,115,132,134,135" machi="26" ten="50,3200,0" yaku="1,1,20,1,53,0" doraHai="83" doraHaiUra="10" who="0" fromWho="1" sc="187,42,240,-32,233,0,330,0" />
</Scene>
<Scene>
<INIT seed="4,0,0,5,4,36" ten="229,208,233,330" oya="0" hai0="59,10,105,50,93,28,4,81,39,70,53,102,80" hai1="22,106,73,88,51,32,83,26,31,99,62,61,0" hai2="64,90,55,127,9,57,1,101,35,131,98,30,37" hai3="108,49,18,6,17,7,58,77,130,85,78,45,107"/><T97/><D70/><U122/><E122/><V116/><F37/><W48/><G107/><T29/><D39/><U74/><E0/><V47/><F127/><W125/><G108/><T38/><D38/><U117/><E117/><V94/><F116/><W20/><G130/><T120/><D120/><U111/><E111/><V133/><F131/><W54/><G125/><T71/><D71/><U86/><E32/><V95/><F133/><W27/><G18/><T67/><D67/><U103/><REACH who="1" step="1"/><E51/><REACH who="1" ten="229,198,233,330" step="2"/><V100/><F35/><W135/><G135/><T75/><D105/><U33/><E33/><V91/><F1/><W92/><G49/><T114/><D114/><U84/><E84/><V69/><F98/><W11/><G85/><T12/><REACH who="0" step="1"/><D75/><AGARI ba="0,1" hai="22,26,31,61,62,73,74,75,83,86,88,99,103,106" machi="75" ten="40,2600,0" yaku="1,1,54,1,53,0" doraHai="36" doraHaiUra="60" who="1" fromWho="0" sc="229,-26,198,36,233,0,330,0" />
</Scene>
<Scene>
<INIT seed="5,0,0,0,4,74" ten="203,234,233,330" oya="1" hai0="9,89,97,46,115,68,28,26,104,86,105,27,102" hai1="44,111,134,3,45,67,127,91,51,82,8,100,114" hai2="87,53,95,57,36,4,47,17,52,123,80,11,130" hai3="75,33,90,99,56,16,24,71,43,72,98,117,93"/><U20/><E114/><V32/><F123/><W132/><G71/><T121/><D115/><U65/><E134/><V19/><F32/><W30/><G132/><T59/><D68/><U58/><E127/><V10/><F130/><W125/><G117/><T15/><D121/><U94/><E111/><V64/><F64/><N who="1" m="24649" /><E3/><V35/><F35/><W61/><G43/><T116/><D116/><U81/><E8/><V96/><F36/><W38/><G38/><T135/><D135/><U48/><E20/><V112/><F47/><N who="1" m="17993" /><E100/><N who="2" m="60447" /><F112/><W70/><G70/><T78/><D46/><U40/><E40/><V14/><F11/><W128/><G128/><T79/><D105/><U42/><E42/><V54/><F57/><W108/><G108/><T76/><D59/><U124/><E124/><V113/><F113/><W92/><G125/><T63/><D63/><U50/><E58/><V39/><F39/><W41/><G41/><T23/><D27/><U120/><E120/><V83/><F83/><N who="1" m="31753" /><E94/><V103/><F103/><W55/><G72/><T84/><REACH who="0" step="1"/><D89/><AGARI ba="0,0" hai="48,50,51,89,91" m="31753,17993,24649" machi="89" ten="40,7700,0" yaku="28,2,8,1" doraHai="74" who="1" fromWho="0" sc="203,-77,234,77,233,0,330,0" /><AGARI ba="0,0" hai="4,10,14,17,19,52,53,54,80,87,89" m="60447" machi="89" ten="30,2000,0" yaku="8,1,54,1" doraHai="74" who="2" fromWho="0" sc="126,-20,311,0,233,20,330,0" />
</Scene>
<Scene>
<INIT seed="5,1,0,5,0,13" ten="106,311,253,330" oya="1" hai0="94,28,11,26,93,88,78,76,37,48,105,79,56" hai1="8,77,123,0,61,120,74,134,126,54,47,20,89" hai2="42,21,9,112,31,97,19,25,52,109,122,29,87" hai3="132,67,4,64,34,108,33,44,104,81,16,117,124"/><U103/><E103/><V51/><F122/><W73/><G104/><T127/><D37/><U96/><E134/><V41/><F109/><W135/><G108/><T58/><D105/><U133/><E133/><V15/><F112/><W53/><G4/><T129/><D129/><U128/><E128/><V43/><F97/><W71/><G81/><T92/><D127/><U80/><E126/><V36/><F36/><W118/><G44/><T114/><D114/><U38/><E61/><V84/><F29/><W7/><G7/><T119/><D119/><U23/><E23/><V115/><F115/><W66/><G124/><T99/><D11/><U83/><E20/><V98/><F98/><W35/><G73/><T113/><D113/><U130/><E130/><V101/><F101/><W62/><G71/><T85/><D48/><U1/><E54/><V10/><F10/><W14/><G53/><T91/><REACH who="0" step="1"/><D94/><REACH who="0" ten="96,311,253,330" step="2"/><N who="1" m="56399" /><E8/><V131/><REACH who="2" step="1"/><F131/><REACH who="2" ten="96,311,243,330" step="2"/><W111/><G132/><T75/><D75/><U86/><E74/><V63/><F63/><W125/><G135/><T106/><D106/><U110/><E38/><V12/><F12/><W50/><G125/><T68/><D68/><U100/><E123/><V90/><F90/><W116/><G111/><T59/><D59/><AGARI ba="1,2" hai="9,15,19,21,25,31,41,42,43,51,52,59,84,87" machi="59" ten="40,8000,1" yaku="1,1,8,1,52,1,54,1,53,0" doraHai="13" doraHaiUra="65" who="2" fromWho="0" sc="96,-83,311,0,243,103,330,0" />
</Scene>
<Scene>
<INIT seed="6,0,0,5,3,128" ten="13,311,346,330" oya="2" hai0="28,106,27,120,123,42,3,35,60,55,126,19,76" hai1="80,39,58,122,87,43,32,45,67,16,66,107,129" hai2="92,24,100,62,41,75,102,78,25,23,46,108,18" hai3="40,59,90,5,98,49,38,57,65,119,117,81,96"/><V1/><F1/><W114/><G38/><T53/><D106/><U133/><E107/><V79/><F108/><W91/><G114/><T11/><D42/><U44/><E32/><V116/><F116/><W68/><G68/><T82/><D126/><U70/><E129/><V12/><F75/><W47/><G5/><T13/><D55/><U33/><E70/><V14/><F62/><N who="3" m="38095" /><G119/><T101/><D101/><N who="2" m="39018" /><F92/><W86/><G117/><T84/><D53/><U30/><E122/><V130/><F130/><W72/><G72/><T4/><REACH who="0" step="1"/><D60/><REACH who="0" ten="3,311,346,330" step="2"/><U54/><E54/><V56/><F41/><W97/><G40/><T109/><D109/><U52/><E52/><V63/><F46/><W61/><G47/><T94/><D94/><U110/><E45/><V99/><F63/><W88/><G49/><T64/><D64/><AGARI ba="0,1" hai="59,61,64,81,86,88,90,91,96,97,98" m="38095" machi="64" ten="30,2000,0" yaku="8,1,54,1" doraHai="128" who="3" fromWho="0" sc="3,-20,311,0,346,0,330,30" owari="-17,-52.0,311,-9.0,346,15.0,360,46.0" />
</Scene>
</mjloggm>