<mjloggm ver="2.3"><GO type="169" lobby="0"/><UN n0="%E5%A4%AA%E3%81%8F%E3%81%AA%E3%81%84%E3%81%8A" n1="%E5%B5%AF%E5%B3%A8%E6%94%BF%E5%AE%97" n2="%E5%A8%98%E3%80%82" n3="%E3%83%94%E3%82%AB%E5%90%BE%E9%83%8E" dan="17,16,16,17" rate="2234.62,2050.22,2114.37,2151.78" sx="M,F,M,M"/><TAIKYOKU oya="0"/>

<Scene>
<INIT seed="0,0,0,1,5,2" ten="250,250,250,250" oya="0" hai0="31,121,27,99,21,37,3,71,88,16,129,84,19" hai1="51,109,32,15,22,61,14,39,60,70,76,87,9" hai2="75,67,50,120,43,45,17,0,54,28,94,130,122" hai3="116,133,80,112,79,36,34,96,57,118,97,78,48"/><T114/><D114/><U93/><E32/><V134/><F134/><W69/><G36/><T90/><D121/><U135/><E39/><V12/><F130/><W29/><G69/><T100/><D71/><U26/><E109/><V86/><F75/><W35/><G29/><T125/><D37/><U110/><E110/><V56/><F28/><W38/><G38/><T117/><D117/><U6/><E135/><V18/><F67/><W25/><G133/><T30/><D3/><U105/><E105/><V77/><F0/><W13/><G25/><T119/><D119/><U7/><E70/><V89/><F77/><W44/><G57/><T102/><D129/><U41/><E93/><V126/><F126/><W59/><G59/><T33/><D125/><U72/><E72/><V63/><REACH who="2" step="1"/><F17/><REACH who="2" ten="250,250,240,250" step="2"/><N who="0" m="6730" /><D31/><N who="1" m="17879" /><E76/><V103/><F103/><W10/><G79/><T111/><D111/><U98/><E98/><V108/><F108/><W23/><G97/><T115/><D33/><U113/><E87/><V66/><F66/><W55/><G96/><T131/><D131/><U40/><E113/><V107/><F107/><W104/><G104/><T85/><D115/><U53/><E40/><V91/><F91/><N who="0" m="34858" /><D99/><U82/><E41/><V11/><AGARI ba="0,1" hai="11,12,18,43,45,50,54,56,63,86,89,94,120,122" machi="11" ten="20,2700,0" yaku="1,1,0,1,7,1,53,0" doraHai="2" doraHaiUra="92" who="2" fromWho="2" sc="250,-13,250,-7,240,37,250,-7" />
</Scene>
<Scene>
<INIT seed="1,0,0,2,0,71" ten="237,243,277,243" oya="1" hai0="92,55,29,108,9,100,24,2,17,61,104,78,21" hai1="44,84,115,129,37,77,7,67,32,90,75,94,51" hai2="63,95,76,74,130,102,4,114,110,89,106,35,11" hai3="69,50,33,19,26,39,117,43,59,27,49,18,111"/><U56/><E32/><V119/><F119/><W132/><G69/><T40/><D108/><U3/><E115/><V73/><F110/><W121/><G111/><T5/><D78/><U15/><E129/><V86/><F35/><W38/><G33/><T62/><D104/><U85/><E3/><V34/><F34/><W131/><G59/><T109/><D109/><U6/><E75/><V16/><F130/><W20/><G131/><T97/><D55/><U28/><E28/><V105/><F114/><W41/><G132/><T23/><REACH who="0" step="1"/><D40/><REACH who="0" ten="227,243,277,243" step="2"/><U120/><E120/><V60/><F76/><W14/><G121/><T53/><D53/><U82/><E15/><AGARI ba="0,1" hai="2,5,9,15,17,21,23,24,29,61,62,92,97,100" machi="15" ten="30,3900,0" yaku="1,1,7,1,53,1" doraHai="71" doraHaiUra="93" who="0" fromWho="1" sc="227,49,243,-39,277,0,243,0" />
</Scene>
<Scene>
<INIT seed="2,0,0,5,5,128" ten="276,204,277,243" oya="2" hai0="37,54,4,2,40,122,84,52,59,114,15,87,73" hai1="81,18,110,95,21,107,11,42,60,3,30,93,118" hai2="78,47,83,121,98,72,35,112,1,133,105,129,106" hai3="71,108,123,24,90,102,88,25,74,26,62,34,53"/><V79/><F121/><W51/><G74/><T99/><D122/><U116/><E107/><V13/><F112/><W92/><G123/><T56/><D73/><U103/><E42/><V75/><F129/><W96/><G34/><T65/><D2/><U120/><E120/><V117/><F117/><W32/><G32/><T86/><D114/><U109/><E60/><V94/><F35/><W82/><G108/><N who="1" m="41578" /><E81/><V80/><F1/><W50/><G71/><T101/><D37/><U31/><E103/><V8/><F47/><W127/><G127/><T55/><D40/><U61/><E61/><V130/><F130/><W69/><G82/><T132/><D132/><U49/><E49/><N who="3" m="18442" /><G69/><T20/><D65/><U17/><E95/><V91/><REACH who="2" step="1"/><F133/><REACH who="2" ten="276,204,267,243" step="2"/><W113/><G113/><T58/><D20/><U45/><E93/><V19/><AGARI ba="0,1" hai="8,13,19,72,75,78,79,80,83,91,94,98,105,106" machi="19" ten="20,12000,1" yaku="1,1,2,1,0,1,7,1,9,1,53,0" doraHai="128" doraHaiUra="27" who="2" fromWho="2" sc="276,-40,204,-40,267,130,243,-40" />
</Scene>
<Scene>
<INIT seed="2,1,0,2,3,102" ten="236,164,397,203" oya="2" hai0="52,54,22,96,34,43,82,120,89,88,94,95,111" hai1="107,19,59,60,37,58,24,27,2,113,103,32,124" hai2="62,40,38,31,61,101,121,110,6,41,118,125,92" hai3="76,47,77,128,55,65,75,9,50,3,127,14,56"/><V51/><F121/><W130/><G3/><T1/><D34/><U69/><E37/><V4/><F118/><W116/><G116/><T98/><D111/><U131/><E2/><V74/><F38/><W33/><G33/><T108/><D108/><U105/><E113/><V8/><F110/><W84/><G84/><T114/><D120/><U81/><E124/><V78/><F31/><W63/><G127/><T104/><D114/><U57/><E131/><N who="3" m="50218" /><G75/><T23/><D1/><U106/><E81/><V17/><F125/><W30/><G30/><T133/><D133/><U123/><E123/><V66/><F78/><W119/><G119/><T117/><D117/><U73/><E73/><V20/><F74/><W83/><G83/><T49/><D82/><U45/><E45/><N who="2" m="26031" /><F40/><W42/><G42/><T87/><D43/><U132/><E132/><V68/><F68/><W135/><G135/><T44/><REACH who="0" step="1"/><D54/><REACH who="0" ten="226,164,397,203" step="2"/><U97/><E19/><AGARI ba="1,1" hai="9,14,19,47,50,55,56,63,65,76,77" m="50218" machi="19" ten="30,1000,0" yaku="19,1" doraHai="102" who="3" fromWho="1" sc="226,0,164,-13,397,0,203,23" />
</Scene>
<Scene>
<INIT seed="3,0,0,1,2,112" ten="226,151,397,226" oya="3" hai0="25,92,91,5,133,85,41,128,86,84,1,57,33" hai1="47,2,96,70,19,27,11,126,77,82,69,3,58" hai2="50,121,78,18,59,125,64,75,4,60,22,37,32" hai3="113,100,8,89,51,15,13,127,56,46,29,104,101"/><W54/><G113/><T53/><D133/><U109/><E109/><V108/><F37/><W94/><G104/><T38/><D128/><U115/><E115/><V7/><F108/><W9/><G29/><T99/><D38/><U44/><E126/><V83/><F32/><W72/><G72/><T117/><D41/><U88/><E58/><V16/><F125/><W116/><G116/><T42/><D42/><U97/><E77/><V107/><F121/><W74/><G74/><T62/><D1/><U120/><E120/><V43/><F107/><W102/><G127/><T122/><D122/><U31/><E31/><V90/><F18/><W93/><G56/><T80/><D5/><U0/><E27/><V36/><F36/><W135/><G135/><T10/><D10/><N who="3" m="4201" /><G93/><T61/><D33/><U48/><E19/><V14/><REACH who="2" step="1"/><F90/><REACH who="2" ten="226,151,387,226" step="2"/><W103/><G100/><T26/><D117/><U123/><E123/><V20/><F20/><W73/><G73/><T124/><D124/><U119/><E119/><V65/><F65/><W130/><G130/><T131/><D131/><U17/><E17/><V66/><F66/><W111/><G111/><T71/><D71/><U30/><E70/><V34/><F34/><W24/><G24/><N who="0" m="9323" /><D62/><U55/><E69/><V21/><F21/><W6/><G6/><T68/><D68/><U132/><E132/><V52/><F52/><W39/><G39/><T98/><D53/><U95/><E30/><V12/><F12/><W118/><G118/><T23/><D23/><U45/><E11/><V76/><F76/><W134/><G134/><T63/><D91/><RYUUKYOKU ba="0,1" sc="226,-15,151,-15,387,15,226,15" hai2="4,7,14,16,22,43,50,59,60,64,75,78,83" hai3="13,15,46,51,54,89,94,101,102,103" />
</Scene>
<Scene>
<INIT seed="3,1,1,1,0,109" ten="211,136,402,241" oya="3" hai0="33,113,17,99,118,44,71,91,37,92,11,30,135" hai1="13,70,97,65,47,101,117,129,114,75,27,21,90" hai2="126,93,31,52,15,131,56,73,10,22,6,96,5" hai3="36,42,64,34,83,116,95,110,115,111,88,105,89"/><W53/><G105/><T32/><D118/><U130/><E75/><V124/><F73/><W85/><G34/><T69/><D135/><U39/><E117/><V55/><F131/><N who="1" m="50185" /><E90/><V16/><F31/><W132/><G116/><T28/><D33/><U107/><E13/><N who="2" m="9487" /><F5/><W108/><G132/><T0/><D0/><U63/><E21/><V133/><F56/><W94/><G53/><T40/><D11/><U120/><E120/><V41/><F41/><W80/><G64/><T8/><D8/><U78/><E78/><V26/><F26/><W60/><G60/><T29/><D17/><U77/><E77/><V23/><F23/><W62/><G62/><T123/><D123/><U9/><E9/><V125/><F133/><W58/><G58/><T20/><D20/><U103/><E103/><AGARI ba="1,1" hai="6,10,15,52,55,93,96,103,124,125,126" m="9487" machi="103" ten="30,3900,0" yaku="18,1,54,2" doraHai="109" who="2" fromWho="1" sc="211,0,136,-42,402,52,241,0" />
</Scene>
<Scene>
<INIT seed="4,0,0,0,0,126" ten="211,94,454,241" oya="0" hai0="82,91,26,93,11,35,55,94,43,117,6,133,103" hai1="97,61,47,98,104,56,85,39,123,48,132,70,60" hai2="125,24,90,46,88,116,124,19,42,18,73,84,38" hai3="49,36,130,89,131,1,99,44,62,77,78,50,3"/><T106/><D117/><U37/><E123/><V121/><F121/><W100/><G89/><T58/><D133/><U114/><E132/><V74/><F90/><W68/><G36/><T110/><D43/><U118/><E118/><V23/><F19/><W41/><G50/><T28/><D110/><U9/><E9/><V10/><F10/><W71/><G77/><T76/><D106/><U31/><E31/><V111/><F111/><W8/><G78/><T5/><D103/><U2/><E2/><V29/><F29/><W63/><G63/><T15/><D5/><U119/><E119/><V34/><F34/><W83/><G83/><T101/><D101/><U0/><E114/><V79/><F79/><W30/><G30/><T67/><D67/><U4/><E85/><V54/><F54/><W87/><G87/><T127/><D91/><U21/><E21/><V72/><REACH who="2" step="1"/><F116/><REACH who="2" ten="211,94,444,241" step="2"/><W66/><G8/><T14/><D76/><U108/><E4/><V95/><AGARI ba="0,1" hai="18,23,24,38,42,46,72,73,74,84,88,95,124,125" machi="95" ten="40,8000,1" yaku="1,1,2,1,0,1,54,1,53,0" doraHai="126" doraHaiUra="52" who="2" fromWho="2" sc="211,-40,94,-20,444,90,241,-20" />
</Scene>
<Scene>
<INIT seed="5,0,0,0,4,74" ten="171,74,534,221" oya="1" hai0="77,73,14,100,23,81,38,85,50,70,109,5,111" hai1="58,82,31,20,124,86,17,105,79,3,96,135,103" hai2="21,98,108,52,110,6,76,16,121,45,49,104,56" hai3="4,30,24,106,116,99,48,37,134,11,95,97,28"/><U127/><E3/><V101/><F121/><W18/><G37/><T125/><D38/><U67/><E135/><V61/><F6/><W75/><G75/><T122/><D70/><U130/><E31/><V54/><F76/><W63/><G134/><T133/><D133/><U64/><E130/><V92/><F104/><W78/><G78/><T112/><D122/><U69/><E69/><V1/><F1/><W65/><G48/><T115/><D125/><N who="1" m="48203" /><E58/><V83/><F83/><W12/><G99/><T0/><D0/><U84/><E84/><V39/><F39/><W57/><G106/><T89/><D73/><U66/><E64/><V55/><F54/><W51/><G51/><T47/><D111/><U35/><E35/><V71/><F71/><W129/><G129/><T15/><D109/><U8/><E8/><V128/><F128/><W22/><G116/><T41/><D89/><AGARI ba="0,0" hai="4,11,12,18,22,24,28,30,57,63,65,89,95,97" machi="89" ten="30,2000,0" yaku="7,1,8,1" doraHai="74" who="3" fromWho="0" sc="171,-20,74,0,534,0,221,20" />
</Scene>
<Scene>
<INIT seed="6,0,0,0,0,6" ten="151,74,534,241" oya="2" hai0="16,63,41,68,73,102,85,45,92,94,108,91,46" hai1="80,104,9,7,76,56,47,50,75,93,69,112,128" hai2="118,20,72,26,124,67,133,29,1,27,30,86,53" hai3="70,66,13,3,101,5,106,78,113,127,74,36,38"/><V130/><F72/><W134/><G13/><T132/><D108/><U23/><E104/><V82/><F118/><W48/><G48/><T131/><D73/><U61/><E69/><V51/><F1/><W109/><G127/><T71/><D131/><U97/><E112/><V25/><F124/><W52/><G52/><T120/><D120/><U12/><E128/><V8/><F133/><W18/><G18/><T116/><D132/><U54/><E23/><V126/><F126/><W119/><G134/><T55/><D116/><U39/><E39/><V31/><F67/><W110/><G119/><T58/><D46/><U114/><E114/><V22/><F8/><N who="3" m="2111" /><G113/><T14/><D102/><U49/><REACH who="1" step="1"/><E47/><REACH who="1" ten="151,64,534,241" step="2"/><N who="2" m="27903" /><F130/><W87/><G38/><T64/><D71/><U59/><E59/><V121/><F121/><W95/><G36/><T24/><D68/><U19/><E19/><V123/><F123/><W42/><G106/><T34/><D16/><U4/><E4/><V0/><F20/><W35/><G110/><T15/><D45/><U115/><E115/><V100/><F22/><W37/><G109/><T84/><D58/><U11/><E11/><V77/><F31/><W57/><G70/><T10/><D10/><U98/><E98/><V89/><F30/><W111/><G111/><T117/><D117/><U79/><E79/><V62/><F29/><W44/><G57/><T28/><D28/><U43/><E43/><V60/><F77/><W135/><G135/><T129/><D41/><U105/><E105/><V103/><F27/><W21/><G42/><T17/><D129/><U99/><E99/><RYUUKYOKU ba="0,1" sc="151,-10,64,30,534,-10,241,-10" hai1="7,9,12,49,50,54,56,61,75,76,80,93,97" />
</Scene>
<Scene>
<INIT seed="7,1,1,1,4,49" ten="141,94,524,231" oya="3" hai0="97,34,58,132,71,85,21,100,98,122,121,89,109" hai1="67,19,36,45,129,54,61,10,31,74,128,53,88" hai2="22,75,130,52,64,39,91,60,110,8,37,9,82" hai3="27,104,72,28,126,18,66,84,134,13,41,59,94"/><W87/><G104/><T112/><D34/><U17/><E74/><V38/><F110/><W7/><G72/><T11/><D71/><N who="1" m="42479" /><E31/><V33/><F33/><W113/><G7/><T73/><D109/><U23/><E10/><V3/><F130/><N who="1" m="50281" /><E19/><V14/><F3/><W83/><G94/><T57/><D73/><U118/><E118/><V20/><F9/><W127/><G87/><T32/><D11/><U124/><E124/><V106/><F106/><W96/><G96/><T26/><D32/><U24/><E36/><V95/><F75/><W47/><G18/><T78/><D21/><U35/><E45/><V77/><F77/><W116/><G116/><T42/><D78/><U103/><E35/><V105/><F105/><W43/><G47/><T81/><D42/><U25/><E25/><V90/><F82/><W102/><G83/><T1/><D26/><U111/><E103/><V5/><F91/><W46/><G102/><T76/><D100/><U131/><N who="1" m="50289" /><U123/><DORA hai="79" /><E123/><V70/><F22/><W65/><G27/><T120/><D122/><U29/><E111/><V30/><F30/><W48/><G28/><T119/><D121/><U2/><E2/><V107/><F107/><W4/><G127/><T51/><D119/><U92/><E29/><V125/><F125/><W93/><G126/><T40/><D120/><U80/><E80/><V12/><F20/><W62/><G4/><T133/><D76/><U68/><E68/><V115/><F39/><W114/><G13/><T16/><D1/><U108/><E108/><V56/><F14/><W44/><G44/><RYUUKYOKU ba="1,1" sc="141,-10,94,30,524,-10,231,-10" hai1="17,23,24,53,54,88,92" owari="131,-27.0,124,-38.0,524,63.0,221,2.0" />
</Scene>
</mjloggm>