<mjloggm ver="2.3"><GO type="171" lobby="0"/><UN n0="%E5%B0%8F%E9%98%AA%E3%81%A1%E3%81%B2%E3%82%8D" n1="%E3%82%89%E3%81%84%E3%81%B5%E3%81%8C%E3%83%BC%E3%81%A9%E3%81%99%E3%81%8D" n2="%E5%A4%AA%E3%81%8F%E3%81%AA%E3%81%84%E3%81%8A" n3="%E3%81%8A%E3%83%BC%E3%81%84%E3%81%8A%E8%8C%B6" dan="16,18,19,17" rate="2073.29,2164.34,2306.63,2210.73" sx="F,M,F,M"/><TAIKYOKU oya="0"/>

<Scene>
<INIT seed="0,0,0,3,1,30" ten="250,250,250,250" oya="0" hai0="9,65,57,58,130,35,31,22,83,4,114,89,71" hai1="69,33,94,53,5,112,11,75,99,129,93,42,125" hai2="60,79,61,12,52,66,24,103,124,72,0,107,87" hai3="41,134,39,96,19,40,100,47,49,25,77,104,14"/><T110/><D114/><U16/><E69/><V70/><F0/><W38/><G134/><T55/><D130/><U48/><E75/><V118/><F72/><W119/><G119/><T86/><D22/><U21/><E33/><V13/><F118/><W32/><G77/><T84/><D110/><U81/><E42/><V56/><F124/><W128/><G128/><T17/><D17/><U88/><E125/><V36/><F36/><W44/><G25/><T54/><D71/><U7/><E81/><V111/><F111/><W113/><G113/><T120/><D120/><U95/><E11/><V116/><F116/><W46/><G32/><T98/><D65/><U127/><E112/><V78/><F87/><W51/><REACH who="3" step="1"/><G46/><REACH who="3" ten="250,250,250,240" step="2"/><T64/><D35/><U50/><E129/><V73/><F24/><W91/><G91/><T80/><D31/><U23/><E88/><V45/><F45/><W101/><G101/><T63/><D98/><U10/><E99/><V37/><F78/><W67/><G67/><T122/><D122/><U27/><E127/><V135/><F79/><W115/><G115/><T126/><D126/><U108/><E27/><V29/><F29/><W20/><AGARI ba="0,1" hai="14,19,20,38,39,40,41,44,47,49,51,96,100,104" machi="20" ten="20,8000,1" yaku="1,1,0,1,7,1,9,1,53,1" doraHai="30" doraHaiUra="8" who="3" fromWho="3" sc="250,-40,250,-20,250,-20,240,90" />
</Scene>
<Scene>
<INIT seed="1,0,0,1,3,25" ten="210,230,230,330" oya="1" hai0="95,111,126,38,50,29,106,80,10,62,53,36,12" hai1="103,116,45,57,1,3,4,63,123,99,7,44,16" hai2="115,71,21,132,24,26,120,118,108,15,43,88,110" hai3="90,9,134,91,100,52,83,5,124,79,49,64,46"/><U28/><E116/><V40/><F71/><W94/><G124/><T39/><D106/><U109/><E123/><V129/><F118/><W78/><G134/><T54/><D111/><N who="2" m="42538" /><F120/><W92/><G64/><T58/><D126/><U59/><E109/><V97/><F132/><W65/><G65/><T69/><D80/><U48/><E16/><N who="2" m="10399" /><F129/><W2/><G100/><T82/><D82/><U98/><E103/><V41/><F115/><W130/><G130/><T68/><D95/><AGARI ba="0,0" hai="24,26,40,41,43,88,95,97" m="10399,42538" machi="95" ten="30,1000,0" yaku="14,1" doraHai="25" who="2" fromWho="0" sc="210,-10,230,0,230,10,330,0" />
</Scene>
<Scene>
<INIT seed="2,0,0,5,5,129" ten="200,230,240,330" oya="2" hai0="109,115,75,1,116,128,15,121,28,100,69,131,84" hai1="79,93,53,46,102,114,99,123,11,77,6,30,132" hai2="73,127,80,50,43,70,22,105,104,95,94,54,85" hai3="58,66,65,4,25,8,117,12,16,2,38,47,7"/><V5/><F70/><W113/><G117/><T63/><D84/><U108/><E114/><V101/><F43/><W40/><G113/><T130/><D15/><U52/><E108/><V21/><F5/><W51/><G25/><T72/><D100/><U23/><E123/><V39/><F39/><W20/><G4/><T126/><D28/><U83/><E46/><V17/><F73/><W125/><G125/><T122/><D63/><U60/><E60/><V42/><BYE who="1" /><F42/><W3/><G3/><T34/><D128/><U107/><E107/><V68/><F68/><W37/><REACH who="3" step="1"/><G58/><REACH who="3" ten="200,230,240,320" step="2"/><T97/><D130/><U29/><E29/><V59/><F127/><W124/><G124/><T32/><D122/><U78/><E78/><V10/><F59/><W64/><AGARI ba="0,1" hai="2,7,8,12,16,20,37,38,40,47,51,64,65,66" machi="64" ten="30,2000,0" yaku="1,1,0,1,53,0" doraHai="129" doraHaiUra="27" who="3" fromWho="3" sc="200,-5,230,-5,240,-10,320,30" />
</Scene>
<Scene>
<INIT seed="3,0,0,3,3,25" ten="195,225,230,350" oya="3" hai0="67,36,99,66,124,43,9,107,83,127,51,11,45" hai1="63,84,108,39,117,134,112,23,34,125,59,93,60" hai2="96,42,24,64,115,65,113,109,120,48,102,14,22" hai3="18,33,98,104,47,46,54,1,132,16,62,7,27"/><W88/><G1/><UN n1="%E3%82%89%E3%81%84%E3%81%B5%E3%81%8C%E3%83%BC%E3%81%A9%E3%81%99%E3%81%8D" /><T38/><D83/><U12/><E34/><V19/><F109/><W86/><G7/><T133/><D133/><U85/><E39/><N who="0" m="14889" /><D99/><U135/><E108/><V68/><F120/><W77/><G132/><T130/><D107/><U79/><E117/><V28/><F42/><W57/><G104/><T13/><D130/><U121/><E79/><V110/><F48/><W3/><G3/><T40/><D40/><U32/><E32/><V6/><F6/><W128/><G128/><T31/><D31/><U131/><E131/><V35/><F110/><W15/><G33/><T55/><D43/><U41/><E41/><V78/><F78/><W95/><G27/><T100/><D100/><U114/><E135/><V103/><F103/><W81/><REACH who="3" step="1"/><G18/><REACH who="3" ten="195,225,230,340" step="2"/><T44/><D124/><U10/><E125/><V5/><F5/><W0/><G0/><T80/><D127/><U30/><E134/><V123/><F123/><W101/><G101/><T72/><D13/><U106/><E121/><V69/><F115/><W105/><G105/><T61/><D9/><AGARI ba="0,1" hai="9,15,16,46,47,54,57,62,77,81,86,88,95,98" machi="9" ten="30,11600,0" yaku="1,1,7,1,8,1,53,1" doraHai="25" doraHaiUra="82" who="3" fromWho="0" sc="195,-116,225,0,230,0,340,126" />
</Scene>
<Scene>
<INIT seed="3,1,0,4,5,84" ten="79,225,230,466" oya="3" hai0="108,38,115,63,5,87,9,23,128,98,134,107,14" hai1="26,22,95,83,106,114,10,36,35,78,81,82,37" hai2="24,25,133,42,17,132,21,19,41,45,110,103,109" hai3="12,90,48,79,113,122,46,124,30,29,3,111,6"/><W13/><G113/><T125/><D38/><U118/><E106/><V16/><F103/><W28/><G122/><T117/><D117/><U62/><E35/><V120/><F120/><W39/><G39/><T53/><D115/><U93/><E78/><V70/><F70/><W32/><G32/><T116/><D108/><N who="2" m="41578" /><F45/><W74/><G111/><T47/><D116/><U89/><E95/><V15/><F42/><W68/><G68/><T57/><D128/><U112/><E118/><V56/><F41/><W1/><G124/><T7/><D125/><U55/><E37/><V34/><F56/><W59/><G59/><T67/><D134/><N who="2" m="51818" /><F25/><W27/><G27/><T92/><D107/><U94/><E26/><V50/><F50/><W131/><G48/><T85/><D23/><U43/><E22/><V77/><F77/><W121/><G46/><T58/><D5/><U135/><E36/><V11/><F34/><W65/><G79/><T126/><D126/><U8/><E135/><V130/><F130/><W119/><G131/><T97/><D47/><U2/><E114/><V20/><F20/><W101/><G121/><T102/><REACH who="0" step="1"/><D98/><REACH who="0" ten="69,225,230,466" step="2"/><U80/><E112/><V96/><F96/><W75/><G119/><T100/><D100/><U71/><E10/><V86/><F86/><W127/><G127/><T33/><D33/><U0/><E8/><V52/><F52/><W72/><G101/><T40/><D40/><U61/><E43/><V66/><F66/><W73/><G65/><T4/><D4/><AGARI ba="1,1" hai="4,11,15,16,17,19,21,24" m="51818,41578" machi="4" ten="30,7700,0" yaku="14,1,20,1,34,2" doraHai="84" who="2" fromWho="0" sc="69,-80,225,0,230,90,466,0" owari="-11,-51.0,225,-17.0,320,12.0,466,56.0" />
</Scene>
</mjloggm>