<mjloggm ver="2.3"><GO type="169" lobby="0"/><UN n0="%E3%81%99%E3%81%9A%E3%82%81%E3%82%AF%E3%83%AC%E3%82%A4%E3%82%B8%E3%83%BC" n1="%E5%A4%AA%E3%81%8F%E3%81%AA%E3%81%84%E3%81%8A" n2="%4D%46%E9%A6%99%E5%B7%9D%E7%9C%9F%E5%8F%B8" n3="%4B%E3%80%82" dan="20,18,16,17" rate="2231.69,2291.53,2096.98,2163.47" sx="M,F,M,M"/><TAIKYOKU oya="0"/>

<Scene>
<INIT seed="0,0,0,3,2,95" ten="250,250,250,250" oya="0" hai0="41,99,32,55,79,83,133,130,113,126,18,43,89" hai1="20,2,120,134,54,71,47,26,132,34,17,78,76" hai2="96,5,92,128,38,123,97,135,82,81,70,114,125" hai3="44,117,90,93,87,124,21,61,75,37,42,108,39"/><T88/><D113/><U104/><E120/><V98/><F38/><W35/><G117/><T86/><D32/><U52/><E71/><V127/><F70/><W80/><G35/><T29/><D29/><U27/><E2/><V59/><F123/><W105/><G108/><T24/><D130/><U53/><E104/><V49/><F114/><W23/><G124/><N who="2" m="47689" /><F128/><W103/><G39/><T116/><D116/><U118/><E118/><V66/><F5/><W57/><G57/><T7/><D7/><U58/><E47/><V15/><F135/><N who="1" m="51753" /><E58/><V1/><F1/><W122/><G61/><T33/><D33/><U51/><E51/><V19/><F49/><W67/><G67/><T121/><D121/><U25/><E34/><V6/><F6/><W129/><G122/><T110/><D110/><U112/><E112/><V40/><F40/><N who="0" m="15434" /><D55/><U64/><E64/><V4/><F4/><W56/><G56/><T100/><D133/><U119/><E119/><V48/><F48/><W0/><G0/><T111/><D111/><U60/><E60/><N who="2" m="38175" /><F81/><W69/><G69/><T28/><D126/><U62/><E62/><V45/><F82/><W74/><G129/><T131/><D131/><U68/><E68/><V10/><F45/><W84/><G44/><T73/><D73/><U30/><E30/><V3/><F3/><W109/><G109/><T63/><D63/><U91/><E54/><V22/><F10/><W85/><G42/><T102/><D28/><U13/><E53/><V11/><F11/><W101/><G37/><T36/><D36/><U115/><E115/><V14/><F22/><RYUUKYOKU ba="0,0" sc="250,0,250,0,250,0,250,0" />
</Scene>
<Scene>
<INIT seed="1,1,0,2,0,88" ten="250,250,250,250" oya="1" hai0="42,87,40,120,100,114,135,123,6,30,133,93,65" hai1="112,117,72,108,74,69,37,41,52,83,61,121,35" hai2="18,115,29,92,7,132,59,81,25,67,79,75,50" hai3="2,109,23,43,27,22,4,56,104,10,63,78,1"/><U51/><E35/><V36/><F36/><W5/><G104/><T17/><D114/><U82/><E112/><V128/><F115/><W106/><G106/><T124/><D30/><U122/><E117/><V94/><F7/><W113/><G113/><T97/><D124/><U68/><E37/><V111/><F18/><W8/><G109/><T84/><D65/><U9/><E9/><V125/><F125/><W38/><G78/><T105/><D17/><U96/><E96/><V86/><F111/><W80/><G80/><T102/><D6/><U107/><E107/><V32/><F128/><W53/><REACH who="3" step="1"/><G27/><REACH who="3" ten="250,250,250,240" step="2"/><T14/><D105/><U134/><E108/><V131/><F131/><W16/><G16/><T20/><D123/><U33/><E83/><V103/><F132/><W48/><G48/><T71/><D120/><U98/><E82/><V34/><F75/><W54/><G54/><T15/><D135/><U119/><E51/><V116/><F116/><W49/><G49/><T101/><D133/><U126/><E134/><V31/><F50/><W26/><G26/><T110/><D110/><U62/><E119/><V46/><F46/><AGARI ba="1,1" hai="1,2,4,5,8,10,22,23,38,43,46,53,56,63" machi="46" ten="40,5200,0" yaku="1,1,9,1,53,1" doraHai="88" doraHaiUra="70" who="3" fromWho="2" sc="250,0,250,0,250,-55,240,65" />
</Scene>
<Scene>
<INIT seed="2,0,0,5,5,130" ten="250,250,195,305" oya="2" hai0="27,52,13,103,100,91,99,36,108,47,107,88,17" hai1="66,120,26,20,70,31,6,104,43,116,75,33,124" hai2="109,135,101,76,28,49,59,45,115,90,58,96,131" hai3="97,12,35,71,22,72,5,73,65,87,24,50,30"/><V134/><F115/><W121/><G121/><T0/><D108/><U61/><E116/><V111/><F131/><W16/><G50/><T39/><D0/><U81/><E120/><V92/><F28/><W113/><G113/><T18/><D100/><U82/><E124/><V21/><F21/><W37/><G37/><T114/><D114/><U86/><E43/><N who="2" m="24767" /><F76/><W8/><G87/><T62/><D27/><U25/><E6/><V56/><F101/><W122/><G122/><T2/><D18/><U77/><E104/><V93/><F93/><W9/><G9/><T133/><D2/><U1/><E1/><V4/><F4/><W119/><G119/><T84/><D91/><U89/><REACH who="1" step="1"/><E26/><REACH who="1" ten="250,240,195,305" step="2"/><V14/><F14/><W125/><G125/><T29/><D107/><U128/><E128/><V132/><AGARI ba="0,1" hai="56,58,59,90,92,96,109,111,132,134,135" m="24767" machi="132" ten="40,12000,1" yaku="20,1,52,3" doraHai="130" who="2" fromWho="2" sc="250,-40,240,-40,195,130,305,-40" />
</Scene>
<Scene>
<INIT seed="2,1,0,3,5,37" ten="210,200,325,265" oya="2" hai0="76,79,83,110,71,84,116,8,48,134,89,112,69" hai1="91,28,92,36,106,16,56,58,85,120,13,126,62" hai2="125,19,82,44,87,35,54,119,34,94,117,124,21" hai3="107,99,43,10,77,2,73,7,46,122,97,5,130"/><V123/><F123/><W74/><G130/><T108/><D112/><U25/><E106/><V57/><F94/><W33/><G122/><T75/><D134/><U115/><E120/><V133/><F133/><W128/><G128/><T42/><D116/><U11/><E126/><N who="2" m="48747" /><F44/><W98/><G33/><N who="2" m="12297" /><F54/><W132/><G7/><T3/><D3/><U1/><E115/><V49/><F49/><W63/><G132/><T17/><D8/><U24/><E1/><V23/><F57/><W78/><G63/><T101/><D17/><U6/><E36/><V114/><F114/><W80/><G77/><T67/><D101/><U41/><E41/><V111/><F111/><N who="0" m="42538" /><D67/><U65/><E6/><V0/><F0/><W29/><G29/><T50/><D50/><U32/><REACH who="1" step="1"/><E25/><REACH who="1" ten="210,190,325,265" step="2"/><N who="2" m="14527" /><F23/><W15/><G15/><T27/><D27/><U109/><E109/><V51/><F51/><W22/><G22/><T61/><D61/><U4/><E4/><V131/><F131/><W39/><REACH who="3" step="1"/><G74/><REACH who="3" ten="210,190,325,255" step="2"/><T60/><D60/><U18/><E18/><V47/><F119/><W129/><G129/><T121/><D121/><U26/><E26/><V135/><F135/><W52/><G52/><T86/><D75/><U100/><E100/><AGARI ba="1,2" hai="2,5,10,39,43,46,73,78,80,97,98,99,100,107" machi="100" ten="40,8000,1" yaku="1,1,25,2,52,1,53,1" doraHai="37" doraHaiUra="72" who="3" fromWho="1" sc="210,0,190,-83,325,0,255,103" />
</Scene>
<Scene>
<INIT seed="3,0,0,1,4,130" ten="210,107,325,358" oya="3" hai0="71,110,109,40,51,82,57,70,30,91,18,32,16" hai1="54,15,52,129,114,47,37,14,42,38,39,68,8" hai2="84,85,94,112,2,4,103,131,35,132,33,118,111" hai3="43,61,5,25,59,56,9,27,22,64,28,98,10"/><W93/><G43/><T81/><D30/><U126/><E114/><V44/><F118/><W26/><G59/><T113/><D113/><U95/><E129/><V83/><F112/><W55/><G55/><T135/><D40/><U72/><E126/><V48/><F131/><W45/><G45/><T20/><D20/><U53/><E72/><V105/><F105/><W107/><G107/><T49/><D57/><U74/><E74/><V122/><F122/><W34/><G34/><T63/><D91/><U102/><E68/><V101/><F94/><W108/><G108/><T77/><D77/><U104/><E104/><V80/><F4/><W116/><G116/><T41/><D41/><U123/><E123/><V66/><F2/><W3/><REACH who="3" step="1"/><G10/><REACH who="3" ten="210,107,325,348" step="2"/><T36/><D32/><U11/><E47/><V12/><F44/><W17/><G17/><T76/><D63/><U97/><REACH who="1" step="1"/><E42/><REACH who="1" ten="210,97,325,348" step="2"/><V69/><F69/><W90/><AGARI ba="0,2" hai="3,5,9,22,25,26,27,28,56,61,64,90,93,98" machi="90" ten="20,7800,0" yaku="1,1,0,1,7,1,53,1" doraHai="130" doraHaiUra="88" who="3" fromWho="3" sc="210,-26,97,-26,325,-26,348,98" />
</Scene>
<Scene>
<INIT seed="3,1,0,5,3,25" ten="184,71,299,446" oya="3" hai0="6,51,70,121,135,99,50,35,120,32,96,119,127" hai1="100,41,42,133,132,98,21,97,49,33,114,111,102" hai2="117,9,58,63,106,59,40,26,57,64,23,78,92" hai3="15,28,116,73,84,108,11,124,72,91,65,68,20"/><W112/><G116/><T85/><D135/><N who="1" m="51787" /><E33/><V17/><F106/><W107/><G107/><T48/><D70/><U61/><E114/><V3/><F117/><W66/><G112/><T74/><D119/><U131/><E111/><V88/><F78/><W54/><G73/><T125/><D74/><U94/><E131/><V46/><F3/><W123/><G72/><T37/><D6/><U22/><E61/><V1/><F1/><W43/><G43/><N who="1" m="16394" /><E49/><V52/><F9/><W80/><G68/><T81/><D85/><U86/><E86/><V39/><F64/><W27/><G123/><T53/><D53/><U82/><E82/><V14/><F14/><W47/><G124/><N who="0" m="47691" /><D81/><U13/><E13/><V2/><F2/><W55/><G108/><T29/><D35/><U60/><E60/><V56/><F59/><W126/><G126/><T109/><D37/><U90/><E90/><V8/><F8/><W89/><G91/><T18/><D109/><U34/><E34/><V129/><F129/><W7/><G55/><T83/><D83/><U67/><E67/><V103/><F103/><N who="1" m="39465" /><E94/><V128/><F128/><W75/><G75/><T12/><D120/><U62/><E62/><V36/><F39/><W19/><G7/><T0/><D0/><U87/><E87/><AGARI ba="1,0" hai="17,23,26,36,40,46,52,56,57,58,63,87,88,92" machi="87" ten="30,3900,0" yaku="7,1,54,2" doraHai="25" who="2" fromWho="1" sc="184,0,71,-42,299,42,446,0" />
</Scene>
<Scene>
<INIT seed="4,0,0,2,5,109" ten="184,29,341,446" oya="0" hai0="15,68,50,99,131,49,29,41,11,72,28,55,42" hai1="130,47,133,122,1,35,118,25,96,98,78,31,30" hai2="100,38,3,120,104,94,74,46,8,6,59,115,57" hai3="93,121,67,117,97,70,110,13,23,77,45,63,83"/><T119/><D72/><U62/><E122/><V2/><F94/><W87/><G117/><T66/><D119/><U108/><E118/><V16/><F120/><W65/><G110/><T82/><D131/><U95/><E108/><V12/><F74/><W14/><G121/><T27/><D68/><U84/><E1/><V76/><F76/><W21/><G45/><T113/><D66/><N who="3" m="25097" /><G63/><T135/><D82/><U91/><E130/><V85/><F46/><W114/><G114/><T26/><D113/><U20/><E133/><V40/><F115/><W17/><G70/><T80/><D80/><N who="1" m="47127" /><E35/><V132/><F40/><N who="0" m="15466" /><D99/><N who="1" m="57855" /><E47/><V101/><F38/><W112/><G112/><T111/><D111/><U24/><E62/><V39/><F39/><W53/><G53/><T102/><D102/><U19/><E25/><N who="0" m="9225" /><D135/><U103/><E103/><V86/><F101/><N who="3" m="60591" /><G14/><T58/><D50/><U75/><E75/><V4/><F132/><W71/><G71/><T52/><D55/><U92/><E92/><V61/><F61/><W79/><G79/><T54/><D54/><U33/><E33/><V43/><F43/><W89/><G77/><T129/><D129/><U34/><E34/><V126/><F3/><W124/><G83/><T116/><D116/><U128/><E128/><V36/><F2/><W123/><G123/><T48/><D48/><U44/><E44/><V125/><F36/><W64/><G64/><T9/><D15/><U69/><E69/><V37/><F37/><W0/><G0/><T105/><D105/><U73/><E73/><V5/><F104/><W106/><G106/><T127/><D127/><RYUUKYOKU ba="0,0" sc="184,15,29,15,341,-15,446,-15" hai0="9,11,28,29,49,52,58" hai1="19,20,24,30,31,96,98" />
</Scene>
<Scene>
<INIT seed="4,1,0,1,1,26" ten="199,44,326,431" oya="0" hai0="115,121,11,71,14,6,66,118,43,134,2,132,130" hai1="46,21,8,61,64,38,105,127,123,27,12,107,0" hai2="69,113,4,92,95,29,55,47,20,120,60,37,96" hai3="65,109,31,51,57,128,53,24,104,99,135,63,75"/><T22/><D121/><U34/><E123/><V44/><F120/><W5/><G75/><T49/><D118/><U56/><E127/><V16/><F4/><W15/><G109/><T88/><D115/><U32/><E0/><V48/><F113/><W89/><G128/><T101/><D101/><U40/><E34/><V93/><F37/><W122/><G135/><N who="0" m="51755" /><D130/><U30/><REACH who="1" step="1"/><E32/><REACH who="1" ten="199,34,326,431" step="2"/><V62/><F96/><W119/><G99/><T9/><D2/><U106/><E106/><V41/><F92/><W111/><G104/><T50/><D43/><U131/><E131/><V90/><F93/><W23/><G122/><T116/><D116/><U28/><E28/><V10/><F41/><W19/><G31/><T83/><D22/><U91/><E91/><V68/><F90/><W84/><G89/><T52/><D11/><U70/><E70/><V100/><F10/><W17/><G23/><T133/><D133/><U97/><E97/><V54/><F95/><W76/><G119/><T126/><D126/><U125/><E125/><V1/><F100/><W18/><G111/><T78/><D88/><U103/><E103/><V87/><F1/><W82/><G76/><T74/><D71/><U98/><E98/><V73/><F68/><W79/><G79/><T108/><D108/><U94/><E94/><V86/><F69/><W124/><G124/><T7/><D78/><U80/><E80/><V42/><F42/><W67/><G82/><T58/><D83/><U77/><E77/><V35/><F35/><W33/><G33/><T13/><D9/><U85/><E85/><V3/><F20/><RYUUKYOKU ba="1,1" sc="199,-10,34,30,326,-10,431,-10" hai1="8,12,21,27,30,38,40,46,56,61,64,105,107" />
</Scene>
<Scene>
<INIT seed="5,2,1,3,5,26" ten="189,64,316,421" oya="1" hai0="40,93,81,84,133,79,128,99,89,9,30,59,95" hai1="44,113,72,107,35,66,104,91,33,114,21,125,65" hai2="134,42,62,122,123,131,18,50,28,127,53,90,132" hai3="121,25,82,32,29,52,41,116,58,111,77,71,34"/><U55/><E72/><V13/><F42/><W92/><G71/><T105/><D105/><N who="1" m="40523" /><E125/><V100/><F100/><W103/><G121/><T115/><D40/><U1/><E1/><V130/><F62/><W109/><G116/><T57/><D115/><N who="1" m="44043" /><E21/><V11/><F28/><W75/><G34/><N who="1" m="12810" /><E91/><V102/><F90/><W68/><G41/><T22/><D9/><U126/><E126/><V27/><F127/><W47/><G32/><T101/><D128/><U87/><E87/><V124/><F124/><W17/><G75/><T4/><D4/><U135/><E135/><V88/><F88/><W69/><G68/><T14/><D133/><U5/><E5/><V24/><F134/><W61/><G69/><T16/><D30/><U67/><E55/><V6/><F6/><W38/><G52/><T49/><D49/><U94/><E94/><V76/><F132/><W37/><G92/><T15/><D14/><U119/><E44/><V80/><F53/><W20/><G47/><T2/><D2/><U96/><E119/><V97/><F122/><W117/><G20/><T51/><D51/><U78/><E78/><V23/><F50/><W106/><G77/><T98/><AGARI ba="2,1" hai="15,16,22,57,59,79,81,84,89,93,95,98,99,101" machi="98" ten="20,5200,0" yaku="0,1,7,1,8,1,54,1" doraHai="26" who="0" fromWho="0" sc="189,68,64,-28,316,-15,421,-15" />
</Scene>
<Scene>
<INIT seed="6,0,0,2,5,103" ten="257,36,301,406" oya="2" hai0="32,42,92,34,50,121,132,51,108,67,3,22,24" hai1="37,57,28,35,134,68,36,106,86,0,49,93,107" hai2="65,123,43,62,11,82,30,46,133,126,105,102,128" hai3="84,97,75,55,40,38,83,116,26,2,52,129,130"/><V94/><F123/><W70/><G75/><T59/><D108/><U81/><E28/><V63/><F63/><W127/><G127/><T8/><D132/><U88/><E68/><V17/><F126/><W72/><G72/><T91/><D121/><U95/><E35/><V10/><F133/><W117/><G70/><T76/><D76/><U12/><E0/><V87/><F94/><W54/><G2/><T23/><D23/><U78/><E12/><V110/><F110/><W114/><G114/><T39/><D39/><U111/><E134/><V19/><F30/><W4/><G4/><T7/><D51/><U98/><E111/><V135/><F135/><W73/><G73/><T20/><D20/><U66/><E36/><V100/><F102/><W79/><G97/><T44/><D59/><U96/><E37/><V71/><F17/><W119/><G26/><T1/><D1/><U124/><E66/><V56/><F71/><W125/><G125/><T15/><D3/><U74/><E124/><V131/><F19/><W53/><G53/><T16/><D67/><U21/><E21/><V18/><F18/><W33/><G33/><T115/><D115/><U45/><E57/><V120/><F120/><W80/><G80/><T29/><D7/><U58/><E58/><V41/><F56/><W99/><G99/><AGARI ba="0,0" hai="8,15,16,22,24,29,32,34,42,44,50,91,92,99" machi="99" ten="30,2000,0" yaku="7,1,54,1" doraHai="103" who="0" fromWho="3" sc="257,20,36,0,301,0,406,-20" />
</Scene>
<Scene>
<INIT seed="7,0,0,5,4,44" ten="277,36,301,386" oya="3" hai0="7,79,54,129,63,134,103,18,60,72,46,6,50" hai1="45,62,28,27,61,80,39,130,42,31,29,74,53" hai2="95,121,92,84,52,69,51,0,5,15,34,115,37" hai3="100,102,97,22,110,114,8,71,120,4,32,67,25"/><W104/><G120/><T86/><D129/><U17/><E17/><V119/><F119/><W30/><G100/><T19/><D72/><U35/><E27/><V88/><F37/><W128/><G22/><T109/><D109/><U101/><E101/><V70/><F34/><W108/><G114/><T77/><D103/><U41/><E74/><V57/><F0/><N who="3" m="7" /><G128/><T1/><D134/><U122/><E130/><V98/><F115/><W117/><G117/><T106/><D106/><U26/><E26/><V16/><F5/><N who="0" m="1546" /><D1/><U49/><E35/><V21/><F121/><W107/><G107/><T56/><D63/><AGARI ba="0,0" hai="25,30,32,63,67,71,97,102,104,108,110" m="7" machi="63" ten="30,2900,0" yaku="25,1,23,1" doraHai="44" who="3" fromWho="0" sc="277,-29,36,0,301,0,386,29" owari="248,-15.0,36,-46.0,301,10.0,415,51.0" />
</Scene>
</mjloggm>