<mjloggm ver="2.3"><GO type="169" lobby="0"/><UN n0="%E9%9B%80%E5%A3%AB%E3%81%AC%E3%82%8B%E3%82%8A%E3%82%93" n1="%E9%87%8F%E5%AD%90%28%E3%82%8A%E3%82%87%E3%81%86%E3%81%97%29" n2="%E3%81%92%E3%81%A3%E3%81%A1" n3="%E5%A4%AA%E3%81%8F%E3%81%AA%E3%81%84%E3%81%8A" dan="16,16,17,18" rate="2152.18,2092.16,2161.92,2301.35" sx="M,M,M,M"/><TAIKYOKU oya="0"/>

<Scene>
<INIT seed="0,0,0,2,1,54" ten="250,250,250,250" oya="0" hai0="45,3,99,39,110,69,56,93,104,92,131,96,105" hai1="53,74,116,28,35,84,73,55,19,21,52,80,14" hai2="109,135,122,10,23,40,59,133,112,64,86,118,7" hai3="57,30,5,87,72,17,61,26,130,49,75,44,126"/><T2/><D69/><U117/><E35/><V13/><F109/><W60/><G5/><T90/><D131/><U62/><E28/><V101/><F122/><W4/><G4/><T85/><D85/><U11/><E11/><V66/><F40/><W34/><G130/><T70/><D70/><U38/><E38/><V121/><F121/><W29/><G29/><T124/><D124/><U89/><REACH who="1" step="1"/><E62/><REACH who="1" ten="250,240,250,250" step="2"/><V79/><F10/><W33/><G61/><T76/><D110/><U46/><E46/><V22/><F22/><W83/><G34/><T71/><D2/><U25/><E25/><V12/><F23/><W37/><G37/><T100/><D3/><U47/><E47/><V81/><F118/><AGARI ba="0,1" hai="14,19,21,52,53,55,73,74,80,84,89,116,117,118" machi="118" ten="40,8000,1" yaku="1,1,54,1,53,2" doraHai="54" doraHaiUra="106" who="1" fromWho="2" sc="250,0,240,90,250,-80,250,0" />
</Scene>
<Scene>
<INIT seed="1,0,0,2,1,105" ten="250,330,170,250" oya="1" hai0="8,91,69,48,58,23,3,20,76,93,63,24,38" hai1="45,54,41,82,135,97,132,104,124,17,126,81,86" hai2="25,99,22,87,102,73,74,16,6,37,40,50,114" hai3="118,12,53,32,119,72,21,123,26,51,64,116,28"/><U47/><E17/><V61/><F37/><W5/><G123/><T134/><D38/><U66/><E66/><V107/><F6/><W98/><G64/><T55/><D134/><N who="1" m="51243" /><E54/><V125/><F125/><N who="1" m="48233" /><E41/><V4/><F4/><W92/><G5/><T89/><D8/><U71/><E71/><V18/><F61/><W127/><G127/><T59/><D3/><U77/><E104/><V52/><F40/><W2/><G2/><T68/><D68/><U33/><E33/><V120/><F120/><W42/><G42/><T109/><D69/><U43/><E97/><V80/><F18/><N who="3" m="10439" /><G53/><T117/><D55/><U84/><E43/><V110/><F114/><W14/><G14/><T65/><D65/><U57/><E57/><V95/><F107/><W96/><G96/><T115/><D115/><U34/><E34/><V13/><F25/><W62/><G62/><T131/><D63/><U36/><E36/><V100/><F52/><W56/><G56/><T129/><D24/><U108/><E108/><V85/><F50/><W79/><G51/><T94/><D48/><U112/><E112/><V29/><F110/><W9/><G9/><T27/><D27/><U31/><E31/><V130/><F29/><W88/><G118/><T10/><D109/><U15/><E15/><V1/><F13/><W60/><G60/><T35/><D35/><U78/><AGARI ba="0,0" hai="45,47,77,78,81,82,84,86" m="48233,51243" machi="78" ten="30,3000,0" yaku="20,1,18,1" doraHai="105" who="1" fromWho="1" sc="250,-10,330,30,170,-10,250,-10" />
</Scene>
<Scene>
<INIT seed="1,1,0,2,0,8" ten="240,360,160,240" oya="1" hai0="4,105,31,74,124,120,68,22,49,73,104,130,119" hai1="51,89,126,133,80,52,17,99,35,29,53,27,75" hai2="128,85,70,15,54,69,97,106,66,101,123,2,1" hai3="11,12,114,109,0,132,10,45,7,32,33,108,90"/><U25/><E126/><V46/><F128/><W26/><G90/><T13/><D119/><U83/><E133/><V110/><F110/><N who="3" m="42603" /><G45/><T14/><D68/><U63/><E75/><V111/><F111/><W72/><G72/><T116/><D116/><U55/><E63/><V129/><F123/><W125/><G125/><T5/><D124/><U56/><E56/><V3/><F66/><W48/><G48/><T122/><D22/><U23/><E51/><V94/><F54/><W91/><G91/><T44/><D49/><U6/><E6/><V42/><F85/><W118/><G118/><T30/><REACH who="0" step="1"/><D44/><REACH who="0" ten="230,360,160,240" step="2"/><U21/><E35/><N who="3" m="13386" /><G132/><T64/><D64/><U37/><E37/><V40/><F46/><W38/><G38/><T82/><D82/><U58/><E58/><V59/><F59/><W93/><G114/><T100/><D100/><U65/><E65/><V113/><F113/><W81/><G81/><T92/><D92/><AGARI ba="1,1" hai="17,21,23,25,27,29,52,53,55,80,83,89,92,99" machi="92" ten="40,3900,0" yaku="8,1,54,1" doraHai="8" who="1" fromWho="0" sc="230,-42,360,52,160,0,240,0" />
</Scene>
<Scene>
<INIT seed="1,2,0,4,0,21" ten="188,412,160,240" oya="1" hai0="66,46,51,23,95,101,52,84,7,131,118,19,100" hai1="62,37,10,36,73,90,69,74,13,12,120,108,83" hai2="117,67,135,65,68,39,60,81,28,106,5,61,110" hai3="22,59,48,112,75,8,105,97,111,132,45,121,0"/><U58/><E69/><V18/><F110/><W70/><G70/><T115/><D118/><U107/><E107/><V89/><F106/><W55/><G112/><T1/><D115/><U56/><E120/><V47/><F135/><W26/><G121/><T14/><D131/><U87/><E108/><V44/><F5/><W71/><G71/><T25/><D1/><U11/><E73/><V86/><F39/><W103/><G111/><T96/><D84/><U32/><E32/><V91/><F65/><W57/><G75/><T9/><D66/><U6/><E74/><V40/><F60/><W29/><REACH who="3" step="1"/><G132/><REACH who="3" ten="188,412,160,230" step="2"/><T130/><D130/><U64/><E58/><V119/><F68/><W79/><G79/><T50/><D50/><U113/><E113/><V49/><F49/><W38/><G38/><T124/><D124/><U125/><E125/><V134/><F134/><W54/><G54/><T88/><AGARI ba="2,1" hai="7,9,14,19,23,25,46,51,52,88,95,96,100,101" machi="88" ten="20,12000,2" yaku="0,1,7,1,8,1,52,1,54,2" doraHai="21" who="0" fromWho="0" sc="188,136,412,-62,160,-32,230,-32" />
</Scene>
<Scene>
<INIT seed="2,0,0,3,5,105" ten="324,350,128,198" oya="2" hai0="28,27,76,54,38,100,103,74,15,50,85,62,134" hai1="70,21,64,106,110,120,132,98,18,48,36,97,88" hai2="20,58,135,119,86,116,126,35,90,124,78,63,1" hai3="25,19,44,26,69,104,66,83,91,42,23,17,77"/><V3/><F35/><W68/><G104/><T10/><D38/><U113/><E36/><V5/><F135/><W16/><G91/><T22/><D134/><U31/><E31/><V129/><F129/><W0/><G0/><N who="2" m="73" /><F78/><W46/><G66/><T95/><D62/><U59/><E113/><V30/><F5/><W37/><G44/><T80/><D95/><U8/><E8/><V131/><F20/><W111/><G111/><T73/><D100/><U49/><E110/><V43/><F43/><W101/><G101/><T112/><D103/><U32/><E106/><V56/><F30/><W4/><G4/><T60/><D60/><U11/><E11/><V33/><F33/><W61/><G61/><T84/><D84/><U39/><E32/><V6/><F6/><W29/><REACH who="3" step="1"/><G26/><REACH who="3" ten="324,350,128,188" step="2"/><T122/><D122/><U65/><E120/><V41/><F131/><W108/><G108/><T99/><D112/><U67/><E132/><V13/><F63/><W12/><G12/><T7/><REACH who="0" step="1"/><D99/><REACH who="0" ten="314,350,128,188" step="2"/><U75/><E98/><V127/><F116/><W55/><G55/><T9/><D9/><U51/><E97/><V89/><F119/><W115/><G115/><T128/><D128/><U79/><E64/><V40/><F40/><W123/><G123/><T24/><D24/><U87/><E65/><V114/><F41/><W71/><G71/><T109/><D109/><U117/><E67/><V45/><F114/><W47/><G47/><AGARI ba="0,2" hai="7,10,15,22,27,28,47,50,54,73,74,76,80,85" machi="47" ten="30,7700,0" yaku="1,1,7,1,52,2,53,0" doraHai="105" doraHaiUra="94" who="0" fromWho="3" sc="314,97,350,0,128,0,188,-77" />
</Scene>
<Scene>
<INIT seed="3,0,0,5,0,81" ten="411,350,128,111" oya="3" hai0="127,78,5,106,32,15,109,119,116,24,129,44,16" hai1="135,43,59,34,86,66,7,22,126,53,71,50,69" hai2="115,40,110,68,61,52,13,82,77,51,62,100,131" hai3="105,55,48,28,111,57,9,83,41,58,17,1,97"/><W79/><G28/><T96/><D78/><U37/><E34/><V42/><F100/><W112/><G112/><T12/><D116/><U87/><E7/><V38/><F13/><W29/><G29/><T49/><D119/><U27/><E71/><V14/><F14/><W73/><G41/><N who="2" m="15977" /><F82/><W130/><G130/><T84/><D129/><U123/><E123/><V47/><F77/><W94/><G105/><T18/><D5/><U89/><E89/><V19/><F19/><W3/><G111/><T39/><D39/><U54/><E54/><V75/><F75/><W118/><G118/><T26/><D127/><U36/><E36/><V31/><F31/><W90/><G9/><T98/><D109/><U65/><E65/><N who="2" m="41015" /><F131/><W93/><G17/><T76/><D32/><U132/><E22/><V128/><F128/><W99/><REACH who="3" step="1"/><G58/><REACH who="3" ten="411,350,128,101" step="2"/><T104/><D104/><U6/><E6/><V45/><F110/><W107/><G107/><T56/><D56/><U91/><E59/><N who="2" m="35047" /><F115/><W64/><G64/><T134/><D106/><U114/><E66/><V11/><F11/><W121/><G121/><T33/><D18/><U63/><E114/><V102/><F38/><W23/><G23/><T67/><D16/><U46/><E37/><V21/><F21/><W85/><G85/><T88/><D33/><U103/><E87/><V70/><F70/><W74/><G74/><T8/><D8/><U101/><E86/><V122/><F122/><W125/><G125/><T117/><D84/><U60/><E69/><V120/><F120/><W25/><G25/><T95/><D117/><U113/><E126/><RYUUKYOKU ba="0,1" sc="411,-10,350,-10,128,-10,101,30" hai3="1,3,48,55,57,73,79,83,90,93,94,97,99" />
</Scene>
<Scene>
<INIT seed="3,1,1,4,2,118" ten="401,340,118,131" oya="3" hai0="12,10,28,11,128,112,7,104,58,27,125,66,57" hai1="120,48,55,31,92,84,87,78,6,8,96,109,116" hai2="52,3,111,50,5,127,19,64,59,41,22,37,83" hai3="72,79,39,49,106,60,0,73,117,99,134,53,51"/><W98/><G117/><T14/><D104/><U95/><E120/><V75/><F111/><W42/><G0/><T54/><D128/><U101/><E109/><V24/><F127/><W103/><G134/><T70/><D125/><U81/><E31/><V131/><F64/><W93/><G39/><T17/><D112/><U4/><E116/><V13/><F131/><W9/><G9/><T71/><D66/><U30/><E30/><V80/><F75/><W20/><G20/><T34/><D58/><U77/><E95/><V43/><F3/><W119/><G119/><T113/><D113/><U90/><E84/><V62/><F37/><W68/><G42/><N who="2" m="15881" /><F62/><AGARI ba="1,1" hai="7,10,11,12,14,17,27,28,34,54,57,62,70,71" machi="62" ten="30,1000,0" yaku="7,1" doraHai="118" who="0" fromWho="2" sc="401,23,340,0,118,-13,131,0" />
</Scene>
<Scene>
<INIT seed="4,0,0,1,3,99" ten="424,340,105,131" oya="0" hai0="37,82,123,39,14,1,2,65,50,87,33,24,97" hai1="132,125,124,68,120,76,77,53,90,71,44,48,9" hai2="98,52,25,46,118,70,93,121,31,88,133,23,69" hai3="111,6,13,36,20,7,129,131,27,18,72,19,3"/><T11/><D1/><U54/><E120/><V100/><F121/><W12/><G72/><T40/><D65/><U55/><E9/><V49/><F133/><W105/><G36/><T38/><D2/><U22/><E22/><V21/><F118/><W64/><G105/><T110/><D110/><U102/><E90/><V26/><REACH who="2" step="1"/><F100/><REACH who="2" ten="424,340,95,131" step="2"/><W119/><G119/><T5/><D123/><U92/><E132/><V43/><F43/><W127/><G111/><T17/><D40/><U79/><E102/><V8/><F8/><N who="3" m="2143" /><G127/><N who="1" m="48714" /><E92/><V62/><F62/><W45/><G129/><T67/><D11/><U104/><E104/><V113/><F113/><W10/><G131/><T91/><D5/><U66/><E66/><V112/><F112/><W42/><G64/><T74/><D67/><U0/><E0/><V117/><F117/><W122/><G122/><T108/><D108/><U78/><N who="1" m="19456" /><DORA hai="109" /><U73/><E73/><V94/><F94/><W15/><G42/><AGARI ba="0,1" hai="42,44,48,53,54,55,68,71" m="19456,48714" machi="42" ten="50,1600,0" yaku="18,1" doraHai="99,109" who="1" fromWho="3" sc="424,0,340,26,95,0,131,-16" />
</Scene>
<Scene>
<INIT seed="5,0,0,4,4,24" ten="424,366,95,115" oya="1" hai0="15,80,42,95,94,104,23,59,41,63,127,19,53" hai1="40,9,39,107,52,112,30,114,31,3,27,91,48" hai2="109,21,135,12,0,96,44,73,92,61,124,67,28" hai3="118,76,16,97,90,126,111,84,116,115,7,87,98"/><U46/><E107/><V57/><F109/><W17/><G111/><T129/><D104/><U47/><E91/><V119/><F0/><W110/><G110/><T88/><D129/><U106/><E106/><V29/><F73/><W6/><G76/><T128/><D127/><U83/><E83/><V58/><F124/><W50/><G126/><T72/><D128/><U13/><E27/><V125/><F119/><N who="3" m="45611" /><G115/><N who="1" m="44074" /><E3/><V14/><F135/><W10/><G50/><T122/><D122/><U74/><E74/><V51/><F57/><W38/><G38/><T82/><D95/><U85/><E85/><N who="3" m="32842" /><G90/><T4/><D4/><AGARI ba="0,0" hai="4,9,13,30,31,39,40,46,47,48,52" m="44074" machi="4" ten="30,11600,0" yaku="15,1,52,2,54,1" doraHai="24" who="1" fromWho="0" sc="424,-116,366,116,95,0,115,0" />
</Scene>
<Scene>
<INIT seed="5,1,0,2,2,118" ten="308,482,95,115" oya="1" hai0="71,87,112,19,36,117,75,58,49,69,116,131,85" hai1="39,40,12,70,128,125,122,17,38,129,24,48,120" hai2="94,106,91,14,27,89,42,73,119,95,45,88,92" hai3="115,22,81,134,99,23,123,29,5,124,110,59,47"/><U33/><E70/><V66/><F106/><W113/><G110/><T109/><D36/><U56/><E125/><V15/><F73/><W44/><G124/><T105/><D75/><U0/><E0/><V107/><F107/><W43/><G134/><T90/><D105/><U25/><E56/><V132/><F132/><W104/><G5/><T96/><D109/><U65/><E65/><V63/><F27/><N who="1" m="10313" /><E48/><V60/><F119/><W84/><G29/><T103/><D131/><N who="1" m="50251" /><E33/><V10/><F66/><W35/><G35/><T2/><D2/><U7/><E7/><V76/><F76/><W61/><G59/><T68/><D58/><U62/><E62/><V114/><F114/><W46/><G61/><T34/><D112/><U11/><E38/><V13/><REACH who="2" step="1"/><F10/><REACH who="2" ten="308,482,85,115" step="2"/><W83/><G115/><T121/><D116/><U74/><E74/><V57/><F57/><W31/><G113/><T28/><D117/><U4/><E39/><AGARI ba="1,1" hai="13,14,15,39,42,45,60,63,88,89,91,92,94,95" machi="39" ten="50,8000,1" yaku="1,1,29,2,54,1,53,0" doraHai="118" doraHaiUra="26" who="2" fromWho="1" sc="308,0,482,-83,85,93,115,0" />
</Scene>
<Scene>
<INIT seed="6,0,0,4,3,27" ten="308,399,178,115" oya="2" hai0="2,108,14,24,80,99,21,17,49,105,65,95,94" hai1="39,22,46,23,126,61,16,15,104,54,9,110,86" hai2="124,96,131,40,114,30,8,55,129,64,4,58,97" hai3="69,33,1,10,37,63,74,102,123,7,109,111,47"/><V36/><F114/><W121/><G102/><T81/><D2/><U60/><E104/><V68/><F124/><W100/><G100/><T90/><D105/><U118/><E118/><V48/><F30/><W76/><G33/><T75/><D108/><U6/><E110/><V35/><F35/><W70/><G111/><T13/><D65/><U82/><E23/><V79/><F79/><W18/><G18/><T72/><D72/><U43/><E54/><V78/><F78/><W59/><G109/><T103/><D49/><U87/><E87/><V77/><F77/><W31/><G31/><T135/><D135/><U117/><E117/><V67/><F36/><W29/><G29/><N who="0" m="17551" /><D75/><U66/><E66/><N who="2" m="25131" /><F68/><W11/><G11/><N who="0" m="6335" /><D14/><U106/><E106/><V28/><F28/><W25/><G25/><T41/><D41/><U91/><E126/><V98/><F40/><N who="3" m="22927" /><G63/><T3/><D3/><AGARI ba="0,0" hai="3,6,9,15,16,22,39,43,46,60,61,82,86,91" machi="3" ten="30,2000,0" yaku="7,1,54,1" doraHai="27" who="1" fromWho="0" sc="308,-20,399,20,178,0,115,0" />
</Scene>
<Scene>
<INIT seed="7,0,0,0,2,119" ten="288,419,178,115" oya="3" hai0="4,29,67,94,18,68,71,0,120,88,22,86,38" hai1="115,103,107,101,125,112,31,90,85,57,32,81,83" hai2="95,77,79,8,52,34,73,63,62,27,58,123,33" hai3="9,118,7,116,49,36,14,40,92,70,28,44,102"/><W122/><G70/><T91/><D38/><U131/><E125/><V76/><F73/><W2/><G122/><T30/><D120/><U106/><E57/><V78/><F123/><W87/><G28/><T109/><D109/><U98/><E31/><V75/><F75/><W60/><G60/><T128/><D128/><U23/><E23/><V64/><F76/><W89/><G102/><T50/><D68/><U80/><E32/><V113/><F113/><N who="1" m="43593" /><E131/><V61/><F61/><W51/><REACH who="3" step="1"/><G2/><REACH who="3" ten="288,419,178,105" step="2"/><T56/><D71/><U121/><E121/><V53/><F63/><W100/><G100/><T43/><D30/><U26/><E103/><V126/><F126/><W69/><G69/><T96/><D29/><U13/><E101/><V11/><F34/><W72/><G72/><T117/><D0/><U135/><E106/><V20/><F33/><W5/><G5/><T132/><D4/><U54/><E107/><V110/><F110/><W82/><G82/><T99/><D117/><AGARI ba="0,1" hai="7,9,14,36,40,44,49,51,87,89,92,116,117,118" machi="117" ten="40,2000,0" yaku="1,1,53,0" doraHai="119" doraHaiUra="93" who="3" fromWho="0" sc="288,-20,419,0,178,0,105,30" />
</Scene>
<Scene>
<INIT seed="7,1,0,5,5,132" ten="268,419,178,135" oya="3" hai0="37,135,45,21,102,32,34,36,131,38,106,6,42" hai1="22,97,73,74,120,123,25,62,89,88,86,82,14" hai2="5,109,85,60,115,87,71,20,49,99,28,90,119" hai3="107,27,3,17,133,56,104,35,26,67,114,9,13"/><W66/><G133/><T101/><D135/><U112/><E14/><V122/><F109/><W18/><G114/><T79/><D21/><U129/><E62/><V53/><F115/><W125/><G3/><T47/><D131/><U52/><E52/><V63/><F71/><W12/><G35/><T92/><D92/><N who="1" m="56463" /><E22/><V128/><F128/><W124/><G56/><T57/><D57/><U59/><E25/><N who="2" m="16423" /><F119/><W23/><G23/><T1/><D79/><U46/><E46/><N who="2" m="27831" /><F122/><W4/><REACH who="3" step="1"/><G4/><REACH who="3" ten="268,419,178,125" step="2"/><T108/><D34/><U83/><E59/><V95/><F5/><W29/><G29/><T134/><D32/><U16/><E112/><V65/><F65/><W11/><AGARI ba="1,1" hai="9,11,12,13,17,18,26,27,66,67,104,107,124,125" machi="11" ten="25,18000,2" yaku="1,1,0,1,22,2,52,2,53,0" doraHai="132" doraHaiUra="41" who="3" fromWho="3" sc="268,-61,419,-61,178,-61,125,193" />
</Scene>
<Scene>
<INIT seed="7,2,0,1,4,35" ten="207,358,117,318" oya="3" hai0="117,108,55,132,81,73,94,49,25,105,99,83,104" hai1="111,57,4,125,47,48,46,98,60,12,87,19,102" hai2="26,1,51,20,116,85,62,112,52,54,41,131,40" hai3="107,84,24,11,44,10,8,37,110,79,134,89,103"/><W96/><G134/><T72/><D25/><U33/><E33/><V43/><F116/><W97/><G110/><T30/><D30/><U130/><E125/><V74/><F74/><N who="0" m="28778" /><D49/><U21/><E130/><V88/><F131/><W119/><G119/><T58/><D55/><U53/><E111/><V0/><F112/><W31/><G79/><T82/><D58/><U66/><E87/><V124/><F124/><W15/><G96/><T39/><D39/><U5/><E46/><V92/><F62/><W76/><G76/><T27/><D27/><U129/><E129/><V59/><REACH who="2" step="1"/><F54/><REACH who="2" ten="207,358,107,318" step="2"/><W86/><G37/><T3/><D117/><U68/><E60/><V65/><F65/><W118/><G118/><T36/><D36/><U93/><E66/><V95/><F95/><W9/><G44/><T113/><D108/><U133/><E47/><V17/><AGARI ba="2,1" hai="0,1,17,20,26,40,41,43,51,52,59,85,88,92" machi="17" ten="30,12000,2" yaku="1,1,0,1,52,2,54,2,53,0" doraHai="35" doraHaiUra="64" who="2" fromWho="2" sc="207,-32,358,-32,107,136,318,-62" owari="175,-32.0,326,42.0,243,-16.0,256,6.0" />
</Scene>
</mjloggm>