<mjloggm ver="2.3"><GO type="169" lobby="0"/><UN n0="%6B%75%72%69%6B%75%6E%6E" n1="%70%69%6E%70%69%6E%36" n2="%6D%61%73%61%73%69%6F" n3="%E5%A4%AA%E3%81%8F%E3%81%AA%E3%81%84%E3%81%8A" dan="16,16,16,19" rate="2023.87,2059.11,2152.73,2336.31" sx="M,M,M,F"/><TAIKYOKU oya="0"/>

<Scene>
<INIT seed="0,0,0,5,2,74" ten="250,250,250,250" oya="0" hai0="46,42,78,22,59,123,11,110,17,62,109,133,24" hai1="88,43,122,5,89,107,98,93,108,60,128,81,34" hai2="53,48,135,101,64,83,10,134,115,50,92,19,58" hai3="30,56,100,105,103,49,70,52,28,127,99,6,63"/><T45/><D123/><U13/><E108/><N who="0" m="41577" /><D133/><N who="2" m="50698" /><F115/><W113/><G113/><T129/><D129/><U120/><E128/><V71/><F83/><W61/><G127/><T15/><D42/><U82/><E34/><V29/><F29/><W37/><G37/><T25/><D25/><U72/><E43/><V65/><F71/><W39/><G39/><T32/><D32/><U67/><E107/><V126/><F50/><W77/><G6/><N who="0" m="3575" /><D78/><U51/><E72/><V91/><F101/><W97/><G77/><T84/><D84/><U41/><E41/><V121/><F126/><W114/><G114/><T55/><AGARI ba="0,0" hai="17,22,24,45,46,55,59,62" m="3575,41577" machi="55" ten="30,3000,0" yaku="14,1,10,1" doraHai="74" who="0" fromWho="0" sc="250,30,250,-10,250,-10,250,-10" />
</Scene>
<Scene>
<INIT seed="0,1,0,5,5,0" ten="280,240,240,240" oya="0" hai0="84,113,47,106,54,32,74,60,121,67,72,25,129" hai1="55,71,11,128,116,40,6,83,134,5,94,20,95" hai2="7,13,69,58,117,110,122,130,18,98,125,118,9" hai3="10,102,107,77,65,38,80,126,124,61,26,16,19"/><T109/><D121/><U57/><E116/><N who="2" m="44651" /><F69/><W75/><G38/><T12/><D113/><U66/><E128/><V28/><F58/><W104/><G26/><T3/><D3/><U103/><E134/><V49/><F49/><W44/><G44/><T48/><D129/><U53/><E40/><V51/><F51/><W123/><G123/><T93/><D106/><N who="3" m="40489" /><G10/><T89/><D109/><U37/><E37/><V27/><F98/><W34/><G34/><T131/><D131/><U114/><E114/><V99/><F99/><W111/><G102/><T1/><D1/><U68/><E83/><V64/><F64/><W76/><G76/><T127/><D127/><N who="3" m="48681" /><G111/><T79/><D79/><U133/><E103/><V42/><F42/><W90/><G90/><T52/><D54/><U14/><E53/><V43/><F43/><W31/><G31/><T91/><D91/><U4/><E55/><V8/><F130/><W21/><G21/><T24/><D24/><U50/><E20/><N who="2" m="15463" /><F125/><W73/><G73/><T96/><D96/><U63/><E68/><AGARI ba="1,0" hai="16,19,61,65,68,75,77,80" m="48681,40489" machi="68" ten="30,2000,0" yaku="18,1,54,1" doraHai="0" who="3" fromWho="1" sc="280,0,240,-23,240,0,240,23" />
</Scene>
<Scene>
<INIT seed="1,0,0,1,4,134" ten="280,217,240,263" oya="1" hai0="27,133,19,62,41,23,89,75,94,60,99,54,11" hai1="79,135,43,30,93,35,22,13,16,6,71,12,130" hai2="74,69,115,5,17,38,127,7,131,82,2,36,90" hai3="49,110,9,73,101,121,61,26,123,39,116,108,50"/><U52/><E135/><V88/><F82/><W0/><G73/><T109/><D109/><N who="3" m="42089" /><G39/><T114/><D114/><U107/><E107/><V8/><F8/><W70/><G101/><T58/><D133/><U28/><E130/><V40/><F40/><W126/><G26/><T53/><D75/><U80/><E71/><V31/><F31/><W96/><G96/><T77/><D77/><U10/><E43/><V1/><F74/><W76/><G76/><T56/><D41/><U24/><E93/><V46/><F115/><W42/><G9/><AGARI ba="0,0" hai="9,11,19,23,27,53,54,56,58,60,62,89,94,99" machi="9" ten="40,8000,1" yaku="9,1,25,2,8,1" doraHai="134" who="0" fromWho="3" sc="280,80,217,0,240,0,263,-80" />
</Scene>
<Scene>
<INIT seed="2,0,0,4,0,102" ten="360,217,240,183" oya="2" hai0="18,119,72,32,92,73,27,53,4,71,89,36,120" hai1="7,30,77,131,44,91,38,1,11,87,125,84,3" hai2="80,79,46,66,69,37,90,0,68,95,55,59,57" hai3="39,35,20,115,40,106,51,8,76,16,60,24,81"/><V41/><F0/><W105/><G39/><T52/><D120/><U28/><E125/><V116/><F59/><W47/><G115/><T67/><D36/><U10/><E131/><V130/><F66/><W132/><G132/><T86/><D119/><U45/><E77/><V122/><F130/><W26/><G60/><T121/><D121/><U62/><E62/><V135/><F135/><W23/><G8/><T75/><D4/><U96/><E96/><V29/><F29/><W19/><G35/><T108/><D108/><U103/><E103/><V113/><F113/><W99/><G99/><T78/><D78/><U123/><E123/><V5/><F5/><W133/><G133/><T34/><D71/><U49/><E38/><V83/><F116/><W43/><G43/><T97/><D67/><U82/><E7/><V63/><F122/><W107/><G107/><T112/><D112/><U22/><E22/><V2/><F80/><W93/><G93/><T64/><D64/><U85/><E85/><AGARI ba="0,0" hai="16,19,20,23,24,26,40,47,51,76,81,85,105,106" machi="85" ten="30,8000,1" yaku="7,1,9,1,52,2,54,1" doraHai="102" who="3" fromWho="1" sc="360,0,217,-80,240,0,183,80" />
</Scene>
<Scene>
<INIT seed="3,0,0,2,5,41" ten="360,137,240,263" oya="3" hai0="130,110,128,38,97,8,20,39,27,15,98,12,102" hai1="55,121,126,60,47,108,7,113,68,58,135,21,43" hai2="54,53,46,81,45,59,49,18,119,106,85,109,77" hai3="56,34,132,114,2,91,67,51,64,57,72,40,36"/><W31/><G2/><T103/><D110/><U92/><E108/><V44/><F119/><W134/><G72/><T115/><D20/><U93/><E113/><V33/><F109/><W129/><G91/><T125/><D27/><U90/><E121/><V83/><F106/><W118/><G31/><T17/><D17/><U131/><E126/><V23/><F33/><W104/><G104/><T116/><D8/><U13/><E131/><V133/><F133/><N who="3" m="51307" /><G34/><T99/><D116/><U66/><E135/><V89/><F54/><N who="3" m="31839" /><G118/><T62/><D62/><U76/><E76/><V11/><F11/><W50/><G114/><T24/><D24/><U74/><E74/><V124/><F124/><W48/><G129/><N who="0" m="49771" /><D125/><U10/><E21/><V87/><F59/><W65/><G57/><T127/><D115/><U78/><E78/><V29/><F29/><W52/><G52/><T79/><D79/><U26/><E26/><AGARI ba="0,0" hai="18,23,26,44,45,46,49,53,77,81,83,85,87,89" machi="26" ten="30,8000,1" yaku="7,1,8,1,52,3" doraHai="41" who="2" fromWho="1" sc="360,0,137,-80,240,80,263,0" />
</Scene>
<Scene>
<INIT seed="4,0,0,0,4,83" ten="360,57,320,263" oya="0" hai0="87,120,86,49,116,33,98,105,101,8,92,25,66" hai1="123,0,94,117,89,48,40,35,130,64,52,96,65" hai2="127,41,128,129,22,56,47,118,71,36,125,91,82" hai3="106,46,109,55,51,72,70,60,119,10,14,78,17"/><T81/><D116/><U44/><E117/><V19/><F71/><W37/><G119/><T122/><D8/><U39/><E123/><V113/><F113/><W68/><G106/><T27/><D27/><U4/><E130/><N who="2" m="50283" /><F56/><W15/><G109/><T108/><D108/><U74/><E74/><V23/><F23/><W115/><G37/><T61/><D49/><U121/><E121/><N who="0" m="46697" /><D92/><U75/><E75/><V42/><F42/><W63/><G115/><T104/><D81/><U135/><E35/><V88/><F118/><W84/><G72/><T54/><D54/><U103/><E135/><V85/><F91/><W93/><G68/><N who="0" m="42063" /><D105/><U100/><E0/><V58/><F58/><W34/><G70/><T2/><D2/><U102/><REACH who="1" step="1"/><E4/><REACH who="1" ten="360,47,320,263" step="2"/><V1/><F1/><W79/><G34/><T126/><D126/><U9/><E9/><V90/><F90/><N who="3" m="53447" /><G79/><T132/><D132/><U97/><E97/><V77/><F77/><W107/><G78/><T12/><D12/><AGARI ba="0,1" hai="12,19,22,36,41,47,82,85,88,125,127" m="50283" machi="12" ten="30,3900,0" yaku="19,1,52,1,54,1" doraHai="83" who="2" fromWho="0" sc="360,-39,47,0,320,49,263,0" />
</Scene>
<Scene>
<INIT seed="5,0,0,0,5,67" ten="321,47,369,263" oya="1" hai0="39,99,17,33,57,98,4,127,24,123,90,93,86" hai1="72,54,133,6,32,94,13,56,121,59,89,0,117" hai2="30,83,92,74,42,38,105,9,131,78,104,50,118" hai3="73,41,18,110,63,68,84,25,2,107,111,62,16"/><U15/><E117/><V129/><F50/><W58/><G73/><T36/><D127/><U51/><E121/><V65/><F92/><W7/><G107/><T44/><D123/><U115/><E115/><V69/><F9/><W3/><G41/><T96/><D4/><U21/><E32/><V128/><F30/><W91/><G7/><T113/><D113/><U23/><E133/><V119/><F104/><W77/><G77/><T81/><D33/><U43/><E72/><V85/><F85/><W112/><G112/><T135/><D135/><U82/><E82/><V75/><F105/><W27/><G58/><T22/><D44/><N who="1" m="26015" /><E0/><V64/><F75/><W70/><G84/><T29/><D29/><U97/><E56/><V55/><F83/><W102/><REACH who="3" step="1"/><G91/><REACH who="3" ten="321,47,369,253" step="2"/><T61/><REACH who="0" step="1"/><D81/><REACH who="0" ten="311,47,369,253" step="2"/><U49/><E6/><V10/><F119/><W80/><G80/><T106/><D106/><U120/><E120/><V132/><F118/><W8/><G8/><T71/><D71/><U103/><E103/><AGARI ba="0,2" hai="2,3,16,18,25,27,62,63,68,70,102,103,110,111" machi="103" ten="25,12000,2" yaku="1,1,22,2,52,2,54,1,53,0" doraHai="67" doraHaiUra="109" who="3" fromWho="1" sc="311,0,47,-120,369,0,253,140" owari="311,-9.0,-73,-57.0,369,17.0,393,49.0" />
</Scene>
</mjloggm>