<mjloggm ver="2.3"><GO type="169" lobby="0"/><UN n0="%E5%A4%AA%E3%81%8F%E3%81%AA%E3%81%84%E3%81%8A" n1="%7A%61%63%63" n2="%E5%85%A8%E5%B1%80%E5%8F%82%E5%8A%A0%E5%9E%8B%E9%9B%80%E5%9C%9F" n3="%E2%91%A3%E3%82%BB%E3%83%B3%E3%83%81" dan="17,17,16,17" rate="2243.37,2148.55,2024.99,2100.18" sx="M,F,M,M"/><TAIKYOKU oya="0"/>

<Scene>
<INIT seed="0,0,0,5,1,126" ten="250,250,250,250" oya="0" hai0="78,5,6,93,112,95,103,0,82,7,125,47,28" hai1="133,63,118,79,46,99,29,85,18,77,22,4,83" hai2="90,135,20,96,21,38,59,54,64,10,119,62,110" hai3="72,94,70,23,57,13,30,127,9,58,14,42,15"/><T97/><D112/><U124/><E118/><V121/><F121/><W11/><G70/><T81/><D125/><U40/><E124/><V129/><F110/><W35/><G72/><T55/><D0/><U69/><E133/><V26/><F119/><W53/><G35/><T101/><D28/><U66/><E4/><V84/><F135/><W33/><G33/><T123/><D123/><U41/><E29/><V45/><F96/><W3/><G42/><T89/><D78/><U31/><E31/><V67/><F10/><N who="3" m="3595" /><G3/><T8/><D8/><U36/><E99/><V51/><F38/><W43/><G43/><T68/><D68/><U132/><E40/><V44/><F44/><W108/><G108/><T111/><D111/><U88/><REACH who="1" step="1"/><E132/><REACH who="1" ten="250,240,250,250" step="2"/><V131/><F67/><W65/><G127/><T100/><REACH who="0" step="1"/><D95/><REACH who="0" ten="240,240,250,250" step="2"/><U114/><E114/><V120/><F120/><W2/><G2/><T98/><D98/><U61/><E61/><V134/><F134/><W52/><G94/><T104/><D104/><U60/><E60/><V37/><F62/><W105/><G105/><T91/><D91/><U130/><E130/><V74/><F129/><W117/><G117/><T48/><AGARI ba="0,2" hai="5,6,7,47,48,55,81,82,89,93,97,100,101,103" machi="48" ten="40,7800,0" yaku="1,1,0,1,8,1,53,0" doraHai="126" doraHaiUra="73" who="0" fromWho="0" sc="240,98,240,-26,250,-26,250,-26" />
</Scene>
<Scene>
<INIT seed="0,1,0,4,1,61" ten="338,214,224,224" oya="0" hai0="135,86,2,30,68,102,54,87,133,79,41,109,134" hai1="9,5,101,28,65,12,114,63,111,46,57,121,128" hai2="24,131,112,84,25,69,82,125,39,89,52,130,105" hai3="55,0,132,59,21,58,85,126,40,96,31,20,81"/><T129/><D2/><U35/><E121/><V97/><F112/><W43/><G0/><T50/><D68/><U120/><E120/><V77/><F125/><W53/><G132/><T64/><D129/><N who="2" m="49162" /><F39/><W106/><G126/><T115/><D115/><U92/><E128/><V80/><F69/><W49/><G106/><T91/><D102/><U32/><E111/><V18/><F18/><W122/><G122/><T42/><D30/><U100/><E114/><V37/><F37/><W76/><G96/><T13/><D109/><U44/><E28/><V73/><F52/><W8/><G8/><T98/><D13/><U22/><E22/><N who="3" m="8810" /><G31/><T56/><D98/><U94/><E35/><V127/><F127/><W103/><G103/><AGARI ba="1,0" hai="24,25,73,77,80,82,84,89,97,103,105" m="49162" machi="103" ten="30,1000,0" yaku="19,1" doraHai="61" who="2" fromWho="3" sc="338,0,214,0,224,13,224,-13" />
</Scene>
<Scene>
<INIT seed="1,0,0,2,0,80" ten="338,214,237,211" oya="1" hai0="114,63,31,3,120,18,86,90,17,95,73,30,130" hai1="127,126,108,75,15,12,14,66,19,21,22,2,50" hai2="92,97,124,68,41,105,46,65,13,103,104,64,135" hai3="128,117,125,54,7,47,74,129,70,11,42,134,102"/><U0/><E75/><V5/><F124/><N who="1" m="47657" /><E66/><V16/><F5/><W111/><G74/><T55/><D114/><U27/><E50/><V24/><F24/><W118/><G125/><T59/><D73/><U113/><E113/><V28/><F28/><N who="0" m="10794" /><D3/><N who="1" m="1067" /><E108/><V48/><F135/><W43/><G102/><T131/><D120/><U79/><E79/><V72/><F72/><W119/><G70/><T61/><D61/><U34/><E34/><V36/><F36/><W1/><G134/><T45/><D45/><U112/><E112/><V93/><F93/><W53/><G111/><T91/><D91/><U109/><E109/><V81/><F81/><W84/><G42/><T51/><D63/><U44/><E44/><V107/><REACH who="2" step="1"/><F68/><REACH who="2" ten="338,214,227,211" step="2"/><W78/><G129/><AGARI ba="0,1" hai="17,18,51,55,59,86,90,95,129,130,131" m="10794" machi="129" ten="30,2000,0" yaku="19,1,52,1" doraHai="80" who="0" fromWho="3" sc="338,30,214,0,227,0,211,-20" />
</Scene>
<Scene>
<INIT seed="2,0,0,1,0,88" ten="368,214,227,191" oya="2" hai0="22,32,33,132,109,99,55,29,113,11,80,42,72" hai1="47,67,5,59,60,94,121,103,37,131,112,96,43" hai2="98,66,6,56,123,50,117,92,84,41,130,9,21" hai3="54,62,129,75,90,86,35,16,23,104,79,71,3"/><V95/><F117/><W46/><G35/><T81/><D113/><U108/><E108/><V122/><F130/><W133/><G3/><T102/><D42/><U83/><E131/><V111/><F111/><W135/><G129/><T127/><D109/><U10/><E112/><V61/><F21/><W68/><G104/><T70/><D70/><U2/><REACH who="1" step="1"/><E83/><REACH who="1" ten="368,204,227,191" step="2"/><V7/><F123/><AGARI ba="0,1" hai="2,5,10,37,43,47,59,60,67,94,96,103,121,123" machi="123" ten="40,5200,0" yaku="1,1,2,1,52,1,53,0" doraHai="88" doraHaiUra="31" who="1" fromWho="2" sc="368,0,204,62,227,-52,191,0" />
</Scene>
<Scene>
<INIT seed="3,0,0,1,3,126" ten="368,266,175,191" oya="3" hai0="135,110,134,106,115,57,13,73,1,66,52,74,90" hai1="17,101,102,87,18,5,8,124,96,20,37,119,11" hai2="43,14,105,55,44,62,23,58,21,69,63,2,61" hai3="47,122,53,84,36,108,77,72,82,7,67,30,46"/><W70/><G122/><T97/><D1/><U89/><E37/><V99/><F2/><W25/><G108/><T98/><D66/><U120/><E124/><V100/><F14/><W104/><G104/><T127/><D127/><U38/><E38/><V81/><F81/><W26/><G7/><T130/><D110/><U60/><E119/><V31/><F69/><W107/><G107/><T34/><D34/><U132/><E132/><N who="0" m="50729" /><D115/><U27/><E96/><N who="0" m="36969" /><D106/><U125/><E120/><V117/><F117/><W48/><G70/><T79/><D79/><U39/><E39/><V75/><F75/><W88/><G67/><T95/><D13/><N who="1" m="5263" /><E60/><V83/><F83/><W6/><G6/><T129/><D90/><U49/><E49/><V40/><F40/><W16/><G30/><T80/><D95/><N who="1" m="54719" /><E125/><V42/><F42/><W24/><G36/><T56/><D56/><U116/><E116/><V29/><F43/><W68/><G68/><T51/><D80/><U22/><E11/><V86/><F44/><W9/><G47/><T109/><D109/><U111/><E111/><V133/><F133/><W54/><G54/><T118/><D118/><U121/><E121/><V76/><F31/><W85/><G72/><AGARI ba="0,0" hai="51,52,57,72,73,74,129,130" m="36969,50729" machi="72" ten="40,8000,1" yaku="20,1,52,2,54,1" doraHai="126" who="0" fromWho="3" sc="368,80,266,0,175,0,191,-80" />
</Scene>
<Scene>
<INIT seed="4,0,0,0,4,115" ten="448,266,175,111" oya="0" hai0="125,99,6,65,67,28,118,43,114,84,37,19,62" hai1="21,101,129,18,116,63,47,42,77,22,79,134,58" hai2="2,40,38,52,7,119,98,102,75,59,32,91,31" hai3="26,97,16,74,81,36,83,4,111,105,123,126,55"/><T72/><D72/><U94/><E116/><V87/><F75/><W73/><G36/><T23/><D114/><U51/><E129/><V117/><F40/><W3/><G3/><T44/><D125/><U15/><E134/><V103/><F38/><W69/><G69/><T5/><D28/><U78/><E101/><V80/><F7/><W54/><G4/><T34/><D34/><U11/><REACH who="1" step="1"/><E94/><REACH who="1" ten="448,256,175,111" step="2"/><V106/><F102/><W107/><G126/><T120/><D118/><U24/><E24/><V60/><REACH who="2" step="1"/><F2/><REACH who="2" ten="448,256,165,111" step="2"/><W1/><G1/><T130/><D130/><U112/><E112/><V25/><AGARI ba="0,2" hai="25,31,32,52,59,60,80,87,91,98,103,106,117,119" machi="25" ten="30,12000,2" yaku="1,1,2,1,0,1,52,2,54,1,53,1" doraHai="115" doraHaiUra="30" who="2" fromWho="2" sc="448,-60,256,-30,165,140,111,-30" />
</Scene>
<Scene>
<INIT seed="5,0,0,5,3,92" ten="388,226,305,81" oya="1" hai0="21,45,36,120,124,73,123,117,11,133,95,84,35" hai1="6,38,1,65,78,27,26,42,82,119,125,135,104" hai2="103,43,86,62,55,108,58,52,105,122,47,17,109" hai3="74,28,99,107,5,111,100,7,51,16,61,15,33"/><U3/><E119/><V70/><F122/><W0/><G111/><T101/><D35/><U12/><E104/><V130/><F70/><W81/><G0/><T64/><D73/><U20/><E65/><V53/><F130/><W24/><G51/><T63/><D117/><U112/><E112/><V115/><F115/><W77/><REACH who="3" step="1"/><G61/><REACH who="3" ten="388,226,305,71" step="2"/><T102/><D63/><U113/><E1/><V131/><F62/><W10/><AGARI ba="0,1" hai="5,7,10,15,16,24,28,33,74,77,81,99,100,107" machi="10" ten="20,12000,2" yaku="1,1,2,1,0,1,7,1,52,1,54,1,53,0" doraHai="92" doraHaiUra="80" who="3" fromWho="3" sc="388,-30,226,-60,305,-30,71,130" />
</Scene>
<Scene>
<INIT seed="6,0,0,5,3,129" ten="358,166,275,201" oya="2" hai0="16,104,38,68,71,69,102,55,9,81,106,84,35" hai1="5,133,124,101,30,2,65,12,127,14,40,128,59" hai2="77,76,53,67,88,18,75,113,110,28,116,33,29" hai3="89,63,85,73,3,87,90,19,91,1,94,8,61"/><V108/><F116/><W120/><G73/><T11/><D35/><U42/><E128/><V125/><F113/><W80/><G120/><T82/><D38/><U66/><E30/><N who="2" m="11883" /><F33/><W26/><G1/><T24/><D55/><U22/><E2/><V34/><F34/><W132/><G132/><T130/><D130/><U114/><E101/><V43/><F75/><W131/><G131/><T4/><D102/><U123/><E114/><V6/><F67/><W105/><G105/><T25/><D4/><U60/><E123/><V99/><F43/><W93/><G3/><T27/><D16/><N who="1" m="10503" /><E66/><V15/><F6/><W72/><G72/><T118/><D118/><U13/><E5/><V119/><F53/><W97/><G8/><N who="0" m="3147" /><D84/><U100/><E100/><V95/><F125/><N who="1" m="48201" /><E133/><V0/><F0/><W32/><G32/><T103/><D103/><U20/><E13/><V58/><F119/><W126/><G126/><T10/><D10/><U54/><E54/><V62/><F110/><W41/><G41/><T37/><D37/><U57/><E57/><V96/><F108/><W98/><G87/><T31/><D31/><U70/><E70/><V56/><F99/><W47/><G47/><T64/><D64/><U50/><E50/><V74/><F74/><W78/><G78/><N who="2" m="30313" /><F62/><W7/><G7/><T52/><D52/><U117/><E117/><V45/><F45/><W109/><G109/><T21/><D21/><AGARI ba="0,0" hai="15,18,21,56,58,88,95,96" m="30313,11883" machi="21" ten="30,2900,0" yaku="8,1,54,1" doraHai="129" who="2" fromWho="0" sc="358,-29,166,0,275,29,201,0" /><AGARI ba="0,0" hai="19,21,26,61,63,80,85,89,90,91,93,94,97,98" machi="21" ten="40,2600,0" yaku="9,1,8,1" doraHai="129" who="3" fromWho="0" sc="329,-26,166,0,304,0,201,26" />
</Scene>
<Scene>
<INIT seed="6,1,0,5,4,35" ten="303,166,304,227" oya="2" hai0="21,74,25,66,105,70,27,130,98,84,34,5,19" hai1="20,2,83,36,39,12,103,129,109,108,37,111,43" hai2="24,4,56,28,71,77,45,131,64,53,9,14,99" hai3="116,126,58,89,61,23,135,134,62,93,79,87,10"/><V31/><F131/><W17/><G116/><T11/><D74/><U54/><E129/><V117/><F117/><W81/><G126/><T75/><D75/><U46/><E103/><V128/><F128/><W94/><G10/><T52/><D130/><U102/><E102/><V101/><F77/><W8/><G8/><T40/><D40/><U16/><E2/><V29/><F71/><W59/><G59/><T6/><D84/><U69/><E69/><V47/><F64/><W127/><G127/><T41/><D41/><U85/><REACH who="1" step="1"/><E54/><REACH who="1" ten="303,156,304,227" step="2"/><V97/><F101/><W78/><G135/><T132/><D52/><U32/><E32/><V3/><F3/><W92/><G134/><T73/><D132/><U82/><E82/><V118/><F118/><W7/><G7/><T91/><D5/><U72/><E72/><V133/><F133/><W44/><G44/><N who="2" m="16969" /><F24/><N who="3" m="14447" /><G62/><AGARI ba="1,1" hai="4,9,14,28,29,31,53,56,62,97,99" m="16969" machi="62" ten="30,1500,0" yaku="8,1" doraHai="35" who="2" fromWho="3" sc="303,0,156,0,304,28,227,-18" />
</Scene>
<Scene>
<INIT seed="6,2,0,1,4,45" ten="303,156,332,209" oya="2" hai0="115,82,11,27,110,58,77,86,112,63,96,81,24" hai1="41,9,30,64,113,128,37,8,118,85,44,13,50" hai2="123,16,67,32,60,106,71,26,120,122,83,124,104" hai3="133,74,109,75,119,93,40,114,108,91,42,49,100"/><V69/><F124/><W55/><G100/><T107/><D110/><U92/><E118/><V84/><F71/><W90/><G119/><T130/><D130/><U117/><E128/><V48/><F32/><W59/><G133/><T0/><D107/><U22/><E117/><V88/><REACH who="2" step="1"/><F48/><REACH who="2" ten="303,156,322,209" step="2"/><W10/><G109/><T54/><D115/><U68/><E113/><V36/><F36/><W125/><G125/><T73/><D112/><U76/><E37/><V35/><F35/><W131/><G131/><T38/><D38/><U61/><E30/><V53/><F53/><W70/><G70/><T39/><D39/><U134/><E134/><V111/><F111/><W17/><G108/><T3/><D54/><U52/><E41/><V7/><F7/><W43/><G114/><T79/><D63/><U135/><E135/><V20/><AGARI ba="2,1" hai="16,20,26,60,67,69,83,84,88,104,106,120,122,123" machi="20" ten="40,12000,1" yaku="1,1,0,1,54,2,53,0" doraHai="45" doraHaiUra="132" who="2" fromWho="2" sc="303,-42,156,-42,322,136,209,-42" />
</Scene>
<Scene>
<INIT seed="6,3,0,1,4,122" ten="261,114,458,167" oya="2" hai0="52,8,98,14,115,127,85,90,34,74,76,92,134" hai1="67,111,89,112,5,28,48,113,61,125,65,29,27" hai2="118,93,129,43,128,32,6,105,36,106,64,116,13" hai3="94,26,51,130,70,45,23,80,123,42,82,62,38"/><V103/><F32/><W97/><G123/><T88/><D34/><U81/><E5/><V31/><F31/><W95/><G130/><N who="2" m="50281" /><F64/><N who="1" m="24649" /><E61/><V4/><F43/><W15/><G70/><T107/><D115/><N who="1" m="44107" /><E125/><V37/><F13/><W0/><G0/><T83/><D134/><U126/><E126/><V110/><F93/><W69/><G69/><T68/><D68/><U119/><E48/><V35/><F35/><W91/><G62/><T72/><D127/><U44/><E44/><V30/><F30/><N who="1" m="11881" /><E27/><V56/><F56/><W24/><G38/><T77/><D92/><U108/><E119/><V121/><F121/><W124/><G124/><T17/><D14/><U41/><E41/><V59/><F59/><W75/><G15/><T87/><D52/><U53/><E53/><V86/><F6/><W66/><G66/><T25/><D25/><U104/><E104/><V1/><F4/><W133/><G26/><T99/><D107/><U7/><E7/><V84/><F105/><W49/><G49/><T79/><D8/><U135/><E135/><V100/><F106/><W131/><G133/><T117/><D117/><U55/><E55/><V132/><F132/><W40/><G40/><T57/><D57/><U109/><E89/><V21/><F116/><W22/><G131/><T120/><D120/><U58/><E58/><V50/><F118/><W73/><G95/><T19/><D79/><U63/><E63/><V10/><F37/><W2/><G2/><T16/><D19/><U78/><E78/><V102/><F1/><W12/><G12/><T101/><D77/><U46/><E46/><RYUUKYOKU ba="3,0" sc="261,-10,114,30,458,-10,167,-10" hai1="81,108,109,111" />
</Scene>
<Scene>
<INIT seed="7,4,0,2,3,111" ten="251,144,448,157" oya="3" hai0="81,2,73,98,59,45,80,129,114,20,4,43,100" hai1="1,19,134,35,71,82,61,52,90,86,17,97,84" hai2="121,124,46,74,106,40,105,118,44,78,3,133,125" hai3="57,38,99,60,23,116,7,112,53,25,77,31,67"/><W32/><G116/><T70/><D70/><U72/><E35/><V8/><F118/><W62/><G38/><T95/><D129/><U102/><E1/><V113/><F121/><W11/><G77/><T58/><D114/><U87/><E134/><V37/><F113/><W123/><G123/><T94/><D20/><U107/><E71/><V48/><F133/><W14/><G112/><T93/><D4/><U49/><E61/><V15/><F3/><W96/><REACH who="3" step="1"/><G32/><REACH who="3" ten="251,144,448,147" step="2"/><T24/><D73/><U22/><E72/><V126/><F78/><W83/><G83/><T69/><D81/><U131/><E131/><V54/><F74/><W27/><G27/><T89/><D80/><U68/><E68/><AGARI ba="4,1" hai="7,11,14,23,25,31,53,57,60,62,67,68,96,99" machi="68" ten="30,5800,0" yaku="1,1,7,1,53,1" doraHai="111" doraHaiUra="50" who="3" fromWho="1" sc="251,0,144,-70,448,0,147,80" />
</Scene>
<Scene>
<INIT seed="7,5,0,3,5,103" ten="251,74,448,227" oya="3" hai0="68,25,61,70,60,108,24,1,91,102,26,95,129" hai1="12,89,116,133,100,29,5,33,71,30,92,110,107" hai2="84,101,53,37,58,87,57,115,0,67,27,134,20" hai3="6,63,79,96,56,44,18,59,52,2,8,73,97"/><W77/><G18/><T13/><D1/><U120/><E71/><V117/><F117/><W121/><G121/><T66/><D108/><U131/><E5/><V36/><F0/><W105/><G73/><T64/><D129/><U48/><E12/><V90/><F101/><W69/><G69/><T22/><D102/><U50/><E110/><V135/><F115/><W126/><G126/><T35/><D35/><U74/><E100/><V7/><F7/><W83/><G105/><T132/><D132/><N who="2" m="50730" /><F67/><W125/><G125/><T86/><D13/><U111/><E133/><V112/><F112/><W46/><G79/><T98/><D86/><N who="2" m="32810" /><F90/><W62/><G83/><T34/><D34/><U99/><E89/><V41/><F41/><W55/><REACH who="3" step="1"/><G77/><REACH who="3" ten="251,74,448,217" step="2"/><T113/><D113/><U3/><E120/><V38/><F53/><W23/><G23/><AGARI ba="5,1" hai="22,23,24,25,26,60,61,64,66,68,70,91,95,98" machi="23" ten="40,1300,0" yaku="9,1" doraHai="103" who="0" fromWho="3" sc="251,38,74,0,448,0,217,-28" owari="289,9.0,74,-43.0,448,55.0,189,-21.0" />
</Scene>
</mjloggm>