<mjloggm ver="2.3"><GO type="169" lobby="0"/><UN n0="%E9%81%8A%E8%B5%B0" n1="%54%53%55%42%41%53%41" n2="%E2%91%A3%E3%82%BB%E3%83%B3%E3%83%81" n3="%E5%A4%AA%E3%81%8F%E3%81%AA%E3%81%84%E3%81%8A" dan="18,16,18,19" rate="2239.31,2096.54,2181.90,2326.45" sx="M,M,M,F"/><TAIKYOKU oya="0"/>

<Scene>
<INIT seed="0,0,0,3,2,115" ten="250,250,250,250" oya="0" hai0="38,89,133,0,28,119,33,18,24,43,102,39,92" hai1="81,91,9,90,41,96,69,58,31,100,79,50,106" hai2="103,44,56,1,126,84,120,134,93,71,62,97,116" hai3="63,10,98,131,46,22,76,25,5,78,104,20,118"/><T21/><D119/><U15/><E69/><V42/><F120/><W13/><G131/><T114/><D114/><U53/><E31/><V4/><F126/><W74/><G74/><T47/><D133/><U3/><E41/><V16/><F134/><W121/><G121/><T2/><D102/><U17/><REACH who="1" step="1"/><E3/><REACH who="1" ten="250,240,250,250" step="2"/><V66/><F116/><W99/><G118/><T109/><D38/><U117/><E117/><V107/><F71/><W123/><G123/><T77/><D109/><U122/><E122/><V12/><F1/><W70/><G70/><T8/><D2/><U59/><E59/><V124/><F124/><W88/><G46/><T14/><D77/><U26/><E26/><V37/><F4/><W73/><G5/><T112/><D112/><U72/><AGARI ba="0,1" hai="9,15,17,50,53,58,72,79,81,90,91,96,100,106" machi="72" ten="20,2700,0" yaku="1,1,0,1,7,1,53,0" doraHai="115" doraHaiUra="83" who="1" fromWho="1" sc="250,-13,240,37,250,-7,250,-7" />
</Scene>
<Scene>
<INIT seed="1,0,0,1,4,35" ten="237,277,243,243" oya="1" hai0="93,116,101,48,133,58,51,106,107,117,122,126,100" hai1="19,63,60,119,11,21,68,9,8,87,109,7,14" hai2="59,12,27,23,37,104,46,77,70,25,20,65,105" hai3="84,57,76,123,52,17,56,110,124,108,129,131,114"/><U115/><E119/><V92/><F70/><W18/><G123/><T88/><D58/><U39/><E115/><V28/><F77/><W64/><G114/><T41/><D41/><U102/><E39/><V90/><F12/><W71/><G71/><T73/><D122/><U128/><E128/><N who="3" m="49226" /><G124/><T62/><D62/><U132/><E132/><V78/><F78/><W99/><G99/><N who="0" m="57767" /><D48/><U66/><E109/><N who="3" m="42090" /><G64/><T36/><D51/><U1/><E102/><N who="0" m="39529" /><D36/><U29/><E87/><V89/><F89/><W85/><G57/><T97/><D133/><U86/><E86/><N who="3" m="33386" /><G76/><T96/><D126/><U54/><REACH who="1" step="1"/><E29/><REACH who="1" ten="237,267,243,243" step="2"/><V4/><F37/><W15/><G15/><T81/><D116/><U45/><E45/><V47/><F47/><W135/><G135/><T40/><D117/><U6/><E6/><V113/><F4/><W91/><G91/><T2/><D2/><U130/><E130/><V98/><F113/><W22/><G22/><T67/><D97/><U38/><E38/><V79/><F79/><W127/><G127/><T82/><D96/><U33/><E33/><V94/><F46/><W53/><G56/><AGARI ba="0,1" hai="1,7,8,9,11,14,19,21,54,56,60,63,66,68" machi="56" ten="40,7700,0" yaku="1,1,52,1,53,1" doraHai="35" doraHaiUra="0" who="1" fromWho="3" sc="237,0,267,87,243,0,243,-77" />
</Scene>
<Scene>
<INIT seed="1,1,0,4,1,56" ten="237,354,243,166" oya="1" hai0="39,53,69,70,120,67,15,118,9,93,62,104,18" hai1="68,36,65,14,27,64,35,90,21,100,129,74,19" hai2="52,16,126,81,30,135,110,84,112,79,99,111,117" hai3="106,108,26,132,24,45,59,10,44,109,122,47,75"/><U51/><E36/><V61/><F117/><W124/><G75/><T11/><D118/><U7/><E129/><V34/><F135/><W115/><G115/><T85/><D104/><U89/><E74/><V55/><F112/><W41/><G106/><T22/><D120/><U32/><E100/><V37/><F37/><W40/><G122/><T102/><D39/><U72/><E72/><V31/><F126/><W48/><G124/><T130/><D70/><U66/><E68/><V105/><F34/><W17/><G132/><T87/><D130/><U82/><E35/><V77/><F77/><W76/><G76/><T103/><D53/><U29/><E82/><V94/><F105/><W128/><G128/><T133/><D133/><U1/><REACH who="1" step="1"/><E51/><REACH who="1" ten="237,344,243,166" step="2"/><V98/><F111/><W119/><G119/><T12/><D103/><U63/><E63/><V13/><F110/><W28/><G109/><T0/><D102/><U8/><AGARI ba="1,1" hai="1,7,8,14,19,21,27,29,32,64,65,66,89,90" machi="8" ten="30,12000,1" yaku="1,1,0,1,24,2,53,1" doraHai="56" doraHaiUra="33" who="1" fromWho="1" sc="237,-41,344,133,243,-41,166,-41" />
</Scene>
<Scene>
<INIT seed="1,2,0,2,0,97" ten="196,477,202,125" oya="1" hai0="114,57,103,30,41,99,27,80,101,105,11,36,104" hai1="56,107,71,81,35,89,109,67,46,133,88,50,0" hai2="5,43,134,45,61,82,85,73,102,118,77,34,127" hai3="108,87,111,53,63,42,79,110,75,113,121,126,16"/><U112/><E112/><V38/><F118/><W31/><G113/><T2/><D114/><U76/><E107/><V51/><F34/><W4/><G121/><T120/><D120/><U130/><E130/><V24/><F127/><W28/><G126/><T48/><D80/><U60/><E133/><V64/><F134/><W33/><G75/><T12/><D2/><U131/><E131/><V122/><F122/><W8/><G42/><T95/><D36/><U65/><E35/><V135/><F135/><W123/><G123/><T129/><D129/><U18/><E0/><V116/><F116/><W3/><G33/><T6/><D103/><U39/><E109/><V90/><F24/><W94/><G16/><T66/><D41/><U125/><E125/><V19/><F19/><W106/><G106/><T21/><REACH who="0" step="1"/><D48/><REACH who="0" ten="186,477,202,125" step="2"/><U40/><E39/><V98/><F38/><W7/><G3/><T52/><D52/><U117/><E67/><V29/><F64/><W72/><G53/><T119/><D119/><U47/><E117/><V96/><F102/><W59/><G110/><T86/><D86/><U1/><E1/><V17/><F98/><W44/><G87/><T83/><D83/><U128/><E128/><V132/><F96/><W15/><G111/><T84/><D84/><N who="1" m="48167" /><E47/><V14/><F132/><W74/><G44/><T58/><D58/><U100/><E100/><V115/><F115/><W26/><G108/><T68/><D68/><U78/><E78/><V37/><F37/><W9/><G79/><T92/><D92/><U124/><E124/><V20/><F77/><W70/><G94/><RYUUKYOKU ba="2,1" sc="186,30,477,-10,202,-10,125,-10" hai0="6,11,12,21,27,30,57,66,95,99,101,104,105" />
</Scene>
<Scene>
<INIT seed="2,3,1,5,5,9" ten="216,467,192,115" oya="2" hai0="123,68,132,124,54,23,41,71,114,134,8,84,66" hai1="3,52,91,17,90,31,125,6,118,53,113,16,103" hai2="24,74,83,98,120,55,56,63,88,33,130,15,34" hai3="64,25,58,104,29,116,19,96,27,59,79,99,11"/><V14/><F120/><W62/><G116/><T7/><D123/><U87/><E118/><V94/><F130/><W81/><G104/><T102/><D114/><U4/><E113/><V5/><F5/><W105/><G105/><T101/><D124/><U109/><E87/><V107/><F107/><W10/><G59/><T37/><D54/><N who="1" m="21099" /><E31/><V119/><F119/><W128/><G128/><T1/><D84/><U32/><E32/><V2/><F2/><W39/><G39/><T121/><D121/><U61/><E61/><V51/><F63/><W129/><G129/><T131/><D131/><U72/><E72/><V46/><F46/><W73/><G11/><T122/><D122/><U21/><E21/><V22/><F34/><W70/><G70/><N who="0" m="26667" /><D23/><U48/><E48/><V92/><F33/><W67/><G67/><T115/><D115/><U108/><E103/><N who="2" m="60871" /><F83/><W50/><G50/><T35/><D66/><U43/><E43/><V89/><F74/><W82/><G82/><T78/><D35/><U110/><E125/><V126/><F126/><W65/><G65/><T57/><D57/><U80/><E80/><V12/><F94/><W28/><G81/><T47/><D78/><U69/><E69/><V42/><F42/><W85/><G79/><T26/><D26/><N who="3" m="9737" /><G73/><T30/><D30/><AGARI ba="3,1" hai="12,14,15,22,24,30,51,55,56,88,89" m="60871" machi="30" ten="30,12000,1" yaku="8,1,52,3,54,1" doraHai="9" who="2" fromWho="0" sc="216,-129,467,0,192,139,115,0" />
</Scene>
<Scene>
<INIT seed="2,4,0,1,4,21" ten="87,467,331,115" oya="2" hai0="6,123,14,76,128,104,89,47,114,130,91,134,0" hai1="65,120,49,34,39,15,131,90,69,45,84,3,75" hai2="132,98,86,100,2,13,103,129,73,19,62,88,133" hai3="11,70,71,121,107,93,10,85,29,28,33,99,68"/><V79/><F2/><W82/><G107/><T24/><D123/><U94/><E75/><V61/><F73/><W18/><G121/><T50/><D114/><U127/><E3/><V30/><F79/><W5/><G18/><T42/><D104/><U110/><E120/><V72/><F72/><W80/><G33/><T37/><D0/><U27/><E127/><V40/><F40/><W126/><G126/><T74/><D134/><N who="2" m="51818" /><F30/><W38/><G38/><T102/><D102/><N who="2" m="38954" /><F98/><W56/><G99/><T63/><D37/><U1/><E39/><V116/><F116/><W4/><G93/><T46/><D46/><U122/><E1/><V106/><F106/><W67/><G85/><T66/><D76/><U60/><E122/><V95/><F129/><N who="0" m="49770" /><D74/><U83/><E131/><V16/><F19/><W8/><G29/><T87/><BYE who="2" /><D87/><U111/><E15/><V54/><F54/><W117/><G28/><UN n2="%E2%91%A3%E3%82%BB%E3%83%B3%E3%83%81" /><T97/><D97/><U108/><E83/><V78/><F78/><W17/><G17/><T41/><D41/><N who="1" m="24751" /><E34/><V113/><F113/><W52/><G117/><T119/><D119/><U77/><E77/><V118/><F118/><W25/><G82/><T48/><D14/><U112/><E112/><V7/><F7/><W96/><G80/><T53/><D6/><U124/><E124/><V92/><F92/><W36/><G4/><T115/><D115/><U59/><E69/><V51/><F51/><N who="3" m="30751" /><G36/><T20/><D48/><U31/><E31/><V125/><F125/><W35/><G5/><T55/><D42/><U32/><E32/><V105/><F105/><W109/><G35/><RYUUKYOKU ba="4,0" sc="87,-15,467,15,331,15,115,-15" hai1="27,59,60,65,84,90,94,108,110,111" hai2="13,16,61,62,86,88,95" />
</Scene>
<Scene>
<INIT seed="2,5,0,2,0,82" ten="72,482,346,100" oya="2" hai0="86,31,60,5,57,12,91,69,26,58,44,92,111" hai1="21,48,94,22,130,79,3,64,74,7,0,34,66" hai2="56,2,6,120,108,47,95,42,75,96,28,77,53" hai3="99,38,131,11,93,76,132,112,85,55,122,125,70"/><V49/><F120/><W89/><G38/><T123/><D123/><U16/><E79/><V102/><F108/><W62/><G122/><T107/><D107/><U88/><E74/><V45/><F28/><W17/><G125/><T135/><D111/><U9/><E34/><V41/><F75/><W27/><G131/><T121/><D121/><U33/><E33/><V46/><REACH who="2" step="1"/><F77/><REACH who="2" ten="72,482,336,100" step="2"/><W116/><G76/><T104/><D135/><U100/><E130/><V13/><F13/><W68/><G132/><T106/><D106/><U20/><E0/><V126/><F126/><W84/><G27/><T19/><D104/><U133/><E133/><V109/><F109/><W72/><G72/><T52/><D31/><U32/><E32/><V1/><F1/><W37/><G116/><T10/><D26/><U134/><E134/><V4/><F4/><W67/><G112/><T39/><D5/><U101/><E3/><V115/><F115/><W63/><G17/><T124/><D124/><U110/><E7/><V35/><F35/><W81/><G70/><T80/><D69/><U114/><E110/><V65/><F65/><W50/><G67/><T128/><D128/><U97/><E114/><V73/><F73/><W30/><G68/><T113/><D113/><U61/><E66/><V98/><F98/><W129/><G30/><T23/><D23/><U43/><E21/><V83/><F83/><W90/><G129/><T78/><D78/><U14/><E22/><V40/><F40/><W25/><G25/><T127/><D127/><U15/><E20/><V8/><AGARI ba="5,1" hai="2,6,8,41,42,45,46,47,49,53,56,95,96,102" machi="8" ten="30,6000,0" yaku="1,1,0,1,53,1" doraHai="82" doraHaiUra="54" who="2" fromWho="2" sc="72,-25,482,-25,336,85,100,-25" />
</Scene>
<Scene>
<INIT seed="2,6,0,1,1,92" ten="47,457,421,75" oya="2" hai0="98,121,69,119,50,45,13,68,111,18,14,115,103" hai1="133,6,110,109,39,53,84,8,83,0,22,97,132" hai2="124,31,23,1,54,85,74,38,25,120,95,33,87" hai3="36,24,75,3,47,16,61,72,15,52,122,126,80"/><V123/><F74/><W105/><G122/><T51/><D121/><U11/><E39/><V86/><F38/><W19/><G3/><T40/><D115/><U56/><E22/><V113/><F113/><W114/><G105/><T9/><D111/><N who="1" m="42507" /><E8/><V129/><F1/><W100/><G100/><T70/><D119/><U2/><E2/><V131/><F124/><W112/><G126/><T64/><D14/><U58/><E97/><V71/><F71/><W21/><G36/><T104/><REACH who="0" step="1"/><D51/><REACH who="0" ten="37,457,421,75" step="2"/><N who="1" m="30783" /><E58/><V4/><F123/><W93/><G114/><T96/><D96/><U7/><E7/><V79/><F120/><W101/><G112/><T55/><D55/><U44/><E44/><V62/><F4/><W73/><G47/><T127/><D127/><U88/><AGARI ba="6,1" hai="0,6,11,83,84,88,132,133" m="30783,42507" machi="88" ten="30,2000,0" yaku="14,1,54,1" doraHai="92" who="1" fromWho="1" sc="37,-11,457,48,421,-16,75,-11" />
</Scene>
<Scene>
<INIT seed="3,0,0,3,1,100" ten="26,505,405,64" oya="3" hai0="6,75,29,79,110,18,98,99,12,132,85,38,27" hai1="120,70,51,0,87,121,125,5,9,10,8,116,26" hai2="15,107,30,37,105,11,104,97,28,96,23,69,74" hai3="63,41,76,123,40,22,50,44,91,34,81,86,77"/><W43/><G34/><T117/><D75/><U61/><E51/><V112/><F112/><W94/><G123/><T14/><D117/><U4/><E61/><V133/><F69/><W47/><G63/><T67/><D38/><U122/><E87/><V62/><F37/><W72/><G76/><T1/><D110/><U118/><E70/><V129/><F74/><W65/><G65/><T42/><D132/><U52/><E52/><V119/><F119/><N who="1" m="45609" /><E125/><V49/><F133/><W108/><G108/><T127/><D127/><U103/><E103/><V95/><F129/><W84/><G72/><T106/><D1/><U48/><E48/><V73/><F73/><W130/><G130/><T126/><D6/><N who="1" m="2667" /><E26/><V57/><F49/><W45/><G50/><T17/><D126/><U13/><E13/><V80/><F80/><W54/><G54/><T93/><D67/><U124/><E124/><V109/><F109/><W113/><G43/><T53/><D42/><U135/><E135/><V21/><F96/><W101/><G101/><N who="0" m="62783" /><D12/><U111/><E111/><V7/><F30/><W89/><G41/><T78/><D53/><U19/><E19/><N who="0" m="7177" /><D14/><U66/><E66/><V16/><F28/><W90/><G40/><T33/><D85/><U55/><E55/><V114/><F16/><W3/><G86/><T68/><D68/><U92/><E92/><V25/><F25/><W64/><G84/><T102/><D79/><U46/><E46/><V82/><F82/><W88/><G81/><T24/><D24/><U32/><E32/><V83/><F83/><W128/><N who="3" m="23040" /><DORA hai="59" /><W131/><G131/><RYUUKYOKU ba="0,0" sc="26,15,505,15,405,-15,64,-15" hai0="27,29,33,78,93,98,102" hai1="0,8,9,10,120,121,122" />
</Scene>
<Scene>
<INIT seed="4,1,0,3,2,135" ten="41,520,390,49" oya="0" hai0="98,45,104,108,30,91,94,5,44,119,48,133,32" hai1="28,58,21,131,17,97,20,14,73,4,112,72,68" hai2="53,43,66,10,15,78,76,31,25,33,83,59,128" hai3="0,120,77,90,99,109,47,124,75,19,2,111,13"/><T52/><D119/><U42/><E68/><V24/><F128/><W74/><G47/><T127/><D133/><U84/><E131/><V89/><F66/><W92/><G120/><T50/><D127/><U130/><E130/><V60/><F43/><W7/><G124/><T38/><D108/><U85/><E112/><V129/><F129/><W39/><G39/><T55/><D38/><U41/><E97/><V134/><F134/><W80/><G75/><T36/><D36/><U102/><E102/><V95/><F83/><W56/><G7/><T126/><D126/><U64/><E4/><V71/><F71/><W11/><REACH who="3" step="1"/><G56/><REACH who="3" ten="41,520,390,39" step="2"/><T122/><D122/><U69/><E72/><V62/><F62/><W114/><G114/><T118/><D118/><U125/><E73/><V29/><F29/><W82/><G82/><T103/><D5/><U105/><E69/><V79/><F31/><W70/><G70/><T81/><D81/><U40/><E125/><V88/><F33/><W23/><G23/><T65/><D30/><U37/><E37/><V22/><F22/><W26/><G26/><T1/><D32/><U9/><E21/><V101/><F25/><W96/><G96/><T87/><REACH who="0" step="1"/><D1/><AGARI ba="1,1" hai="0,1,2,11,13,19,74,77,80,90,92,99,109,111" machi="1" ten="40,1300,0" yaku="1,1,53,0" doraHai="135" doraHaiUra="132" who="3" fromWho="0" sc="41,-16,520,0,390,0,39,26" />
</Scene>
<Scene>
<INIT seed="5,0,0,5,5,78" ten="25,520,390,65" oya="1" hai0="96,66,60,103,12,129,73,11,68,20,106,34,41" hai1="120,122,74,63,111,123,71,79,121,32,88,8,39" hai2="100,22,65,30,36,135,13,99,38,85,5,134,19" hai3="86,48,75,14,87,4,72,1,54,59,89,50,80"/><U23/><E32/><V51/><F65/><W118/><G1/><T93/><D129/><U33/><E33/><V42/><F30/><W49/><G118/><T2/><D73/><U81/><E39/><V10/><F51/><W92/><G72/><T40/><D34/><U52/><E71/><V16/><F85/><W128/><G75/><T114/><D114/><U37/><E37/><V91/><F91/><N who="3" m="51655" /><G128/><T107/><D2/><U57/><E111/><V110/><F110/><W35/><G35/><T70/><D70/><U27/><E8/><AGARI ba="0,0" hai="4,8,14,48,49,50,54,59,87,89,92" m="51655" machi="8" ten="30,2000,0" yaku="8,1,52,1" doraHai="78" who="3" fromWho="1" sc="25,0,520,-20,390,0,65,20" />
</Scene>
<Scene>
<INIT seed="6,0,0,1,5,42" ten="25,500,390,85" oya="2" hai0="29,17,50,116,27,128,56,0,32,72,104,49,34" hai1="87,1,73,80,81,58,54,78,46,40,94,108,35" hai2="84,125,92,18,115,57,14,98,124,12,33,86,101" hai3="65,129,67,25,52,43,16,69,123,2,131,85,15"/><V119/><F33/><W9/><G123/><T105/><D72/><U38/><E108/><V55/><F119/><W90/><G43/><T97/><D116/><U111/><E111/><V4/><F115/><W130/><G69/><T30/><D0/><U100/><E1/><V13/><F4/><N who="3" m="1175" /><G25/><T71/><D71/><U45/><E35/><V61/><REACH who="2" step="1"/><F18/><REACH who="2" ten="25,500,380,85" step="2"/><W7/><G7/><T44/><D128/><U68/><E68/><V26/><F26/><W41/><G16/><T39/><D17/><U95/><E38/><V126/><AGARI ba="0,1" hai="12,13,14,55,57,61,84,86,92,98,101,124,125,126" machi="126" ten="40,12000,1" yaku="1,1,0,1,18,1,53,2" doraHai="42" doraHaiUra="82" who="2" fromWho="2" sc="25,-40,500,-40,380,130,85,-40" owari="-15,-52.0,460,26.0,510,61.0,45,-35.0" />
</Scene>
</mjloggm>