<mjloggm ver="2.3"><GO type="169" lobby="0"/><UN n0="%E3%82%B7%E3%83%A3%E3%83%BC%E3%83%AA%E3%83%97%E3%83%88%E3%83%A9" n1="%6B%6F%6A%69%6D%6F%6E%39" n2="%E5%A4%AA%E3%81%8F%E3%81%AA%E3%81%84%E3%81%8A" n3="%70%63%67%65%6E%6A%69%6E" dan="16,16,19,16" rate="2115.80,2127.67,2337.17,2195.35" sx="M,M,F,M"/><TAIKYOKU oya="0"/>

<Scene>
<INIT seed="0,0,0,1,0,81" ten="250,250,250,250" oya="0" hai0="82,116,92,26,119,133,17,64,68,70,23,125,47" hai1="25,13,77,62,43,84,113,94,1,78,87,80,95" hai2="11,58,18,98,12,106,42,99,36,96,37,112,85" hai3="123,3,15,52,9,20,127,129,31,51,93,16,32"/><T101/><D133/><U74/><E1/><V124/><F112/><W63/><G129/><T49/><D125/><U34/><E43/><V90/><F124/><W55/><G127/><T130/><D130/><U7/><E113/><V134/><F134/><W59/><G123/><T69/><D64/><U44/><E44/><V54/><F106/><W109/><G109/><T61/><D61/><U48/><E48/><V6/><F6/><W33/><G3/><T8/><D8/><N who="1" m="4255" /><E34/><V107/><F107/><W97/><G31/><T135/><D135/><U10/><E25/><V35/><F35/><W114/><G9/><T65/><D65/><U126/><E126/><V108/><F42/><W79/><G79/><N who="1" m="30218" /><E74/><V57/><F108/><W28/><G28/><T30/><D30/><U41/><E41/><V2/><F2/><W128/><G128/><T60/><D60/><U53/><E10/><V72/><F72/><W67/><G114/><T110/><D110/><U4/><E4/><V89/><F89/><W120/><G120/><T50/><D50/><U132/><E132/><V46/><F46/><W76/><G76/><T71/><D49/><U27/><E27/><V117/><F117/><W73/><G73/><T102/><D47/><U22/><E22/><V29/><F29/><W115/><G115/><T38/><D119/><U39/><E39/><V103/><F37/><W118/><G118/><T40/><D38/><U66/><E66/><V56/><F36/><W105/><G105/><T5/><D40/><U19/><E62/><N who="2" m="36119" /><F103/><N who="3" m="60847" /><G67/><T122/><D116/><U21/><E53/><V104/><F104/><RYUUKYOKU ba="0,0" sc="250,-15,250,-15,250,15,250,15" hai2="11,12,18,57,58,85,90,96,98,99" hai3="15,16,20,32,33,51,52,55,59,63" />
</Scene>
<Scene>
<INIT seed="1,1,0,0,3,14" ten="235,235,265,265" oya="1" hai0="45,2,120,55,3,36,90,80,26,77,94,86,67" hai1="20,44,46,129,135,0,127,97,79,99,131,87,133" hai2="126,42,41,132,61,74,7,75,15,85,96,10,58" hai3="18,116,89,53,93,33,24,66,47,118,51,71,73"/><U91/><E0/><V38/><F126/><W112/><G73/><T31/><D120/><U40/><E20/><V1/><F132/><N who="1" m="50761" /><E46/><V16/><F85/><W54/><G112/><T27/><D27/><U76/><E44/><V69/><F69/><W5/><G5/><T19/><D67/><U65/><E65/><V29/><F29/><W49/><G66/><T22/><D31/><U60/><E60/><V35/><F35/><W117/><G71/><T83/><D55/><U4/><E4/><V21/><F96/><N who="1" m="36937" /><E40/><V81/><F38/><W102/><G102/><T84/><REACH who="0" step="1"/><D94/><REACH who="0" ten="225,235,265,265" step="2"/><N who="1" m="54655" /><E127/><V28/><F28/><W13/><G24/><T72/><D72/><U128/><AGARI ba="1,1" hai="76,79,128,129,131" m="54655,36937,50761" machi="128" ten="40,12000,1" yaku="19,1,20,1,34,2" doraHai="14" who="1" fromWho="1" sc="225,-41,235,133,265,-41,265,-41" />
</Scene>
<Scene>
<INIT seed="1,2,0,3,2,13" ten="184,368,224,224" oya="1" hai0="54,110,3,7,51,20,132,88,75,71,41,18,5" hai1="1,86,39,17,129,96,121,80,102,37,22,101,10" hai2="123,117,29,23,26,34,82,0,11,59,91,21,70" hai3="58,127,19,43,103,8,105,32,53,40,100,107,14"/><U66/><E121/><V78/><F70/><W6/><G32/><T49/><D71/><U130/><E66/><V55/><F123/><W119/><G119/><T93/><D75/><U74/><E74/><V24/><F117/><W57/><G127/><T69/><D69/><U125/><E125/><V33/><F91/><W27/><G58/><N who="0" m="33103" /><D3/><U15/><E1/><V68/><F68/><W4/><G107/><T124/><D124/><U46/><E10/><V134/><F134/><W94/><G105/><T114/><D114/><U83/><E46/><V109/><F109/><W120/><G120/><T30/><D30/><U111/><E111/><V25/><F11/><W63/><G94/><T98/><D132/><U81/><E86/><V60/><F0/><W42/><REACH who="3" step="1"/><G27/><REACH who="3" ten="184,368,224,214" step="2"/><N who="0" m="14743" /><D110/><U135/><E135/><V118/><F118/><W28/><G28/><T35/><D35/><U85/><E130/><V76/><F33/><W44/><G44/><AGARI ba="2,1" hai="5,7,41,44,51,88,93,98" m="14743,33103" machi="44" ten="30,3900,0" yaku="8,1,52,1,54,1" doraHai="13" who="0" fromWho="3" sc="184,55,368,0,224,0,214,-45" />
</Scene>
<Scene>
<INIT seed="2,0,0,5,1,20" ten="239,368,224,169" oya="2" hai0="1,61,79,120,11,7,80,45,76,84,38,14,39" hai1="49,22,122,126,15,105,6,25,83,21,95,10,115" hai2="13,104,42,91,51,74,29,117,113,127,116,32,119" hai3="54,47,17,4,65,94,135,46,131,70,123,98,78"/><V30/><F113/><W71/><G123/><T59/><D120/><U8/><E105/><V125/><F104/><W58/><G135/><T16/><D76/><U24/><E95/><V35/><F74/><W69/><G131/><T44/><D38/><U18/><E122/><V27/><F91/><W130/><G4/><T60/><D39/><U9/><E83/><V108/><F108/><W0/><G0/><T97/><D97/><U129/><E49/><V90/><F90/><W87/><G130/><T53/><REACH who="0" step="1"/><D61/><REACH who="0" ten="229,368,224,169" step="2"/><U121/><E121/><V85/><F85/><W114/><G87/><T48/><D48/><U73/><E73/><V23/><F51/><W64/><G78/><T31/><D31/><N who="1" m="17807" /><E129/><V110/><F110/><W112/><G112/><T50/><D50/><U101/><E115/><V109/><F109/><W102/><G114/><T68/><D68/><U34/><E126/><N who="2" m="48139" /><F42/><W41/><G41/><T92/><D92/><U57/><E101/><V88/><F88/><W106/><G94/><T37/><D37/><U28/><E57/><V36/><F36/><W107/><G107/><T89/><D89/><U12/><AGARI ba="0,1" hai="6,8,9,10,12,15,18,22,25,28,34" m="17807" machi="12" ten="30,12000,2" yaku="35,5,52,2" doraHai="20" who="1" fromWho="1" sc="229,-30,368,130,224,-60,169,-30" />
</Scene>
<Scene>
<INIT seed="3,0,0,5,1,38" ten="199,498,164,139" oya="3" hai0="12,8,45,120,69,95,110,44,64,97,93,62,55" hai1="1,131,39,16,63,74,134,24,6,29,49,126,83" hai2="53,56,105,121,91,3,66,54,99,42,88,30,70" hai3="57,51,31,130,5,89,35,116,18,109,48,96,124"/><W40/><G116/><T106/><D110/><U79/><E39/><V41/><F3/><W58/><G130/><T128/><D120/><U104/><E104/><V75/><F75/><W7/><G124/><T101/><D128/><U84/><E131/><V15/><F121/><W81/><G31/><T17/><D55/><N who="2" m="21002" /><F70/><W60/><G35/><T123/><D123/><U98/><E126/><V135/><F105/><W92/><G109/><T119/><D119/><U67/><E98/><V23/><F135/><W82/><G51/><T90/><REACH who="0" step="1"/><D106/><REACH who="0" ten="189,498,164,139" step="2"/><U107/><E107/><V14/><F66/><W80/><G18/><T28/><D28/><U43/><E16/><N who="2" m="10647" /><F30/><W129/><G129/><T108/><D108/><U132/><E134/><V32/><F32/><W117/><G117/><T102/><D102/><U127/><E132/><V46/><F42/><W0/><G0/><T33/><D33/><U113/><E43/><V21/><F41/><W76/><G76/><T72/><D72/><U100/><E74/><V50/><F91/><W27/><G27/><T47/><D47/><U20/><E24/><V65/><F88/><W122/><G122/><T118/><D118/><U2/><E29/><V61/><F46/><N who="3" m="25671" /><G60/><T103/><D103/><U59/><E127/><V86/><F61/><W52/><G52/><T94/><D94/><U77/><E100/><V9/><F65/><W37/><G37/><T4/><D4/><AGARI ba="0,1" hai="4,5,7,57,58,80,81,82,89,92,96" m="25671" machi="4" ten="30,2900,0" yaku="8,1,52,1" doraHai="38" who="3" fromWho="0" sc="189,-29,498,0,164,0,139,39" />
</Scene>
<Scene>
<INIT seed="3,1,0,2,0,13" ten="160,498,164,178" oya="3" hai0="42,91,7,111,72,14,116,103,114,8,71,19,118" hai1="6,79,38,15,87,77,57,31,34,113,97,37,134" hai2="106,21,56,80,49,75,68,58,73,112,98,89,51" hai3="124,82,92,130,32,53,54,5,3,30,123,55,46"/><W94/><G123/><T65/><D72/><U27/><E113/><V132/><F68/><W108/><G130/><T104/><D104/><U127/><E134/><V105/><F112/><W109/><G124/><T9/><D103/><U122/><E122/><V70/><F70/><W10/><G82/><T41/><D114/><U115/><E115/><V24/><F132/><W88/><G46/><T18/><D71/><U121/><E121/><V101/><F106/><W84/><G94/><T52/><D65/><U16/><E6/><V64/><F89/><W35/><REACH who="3" step="1"/><G30/><REACH who="3" ten="160,498,164,168" step="2"/><T86/><D118/><U43/><E127/><V11/><F80/><W67/><G67/><T95/><D116/><U126/><E126/><V25/><F64/><W2/><G2/><T66/><D66/><U50/><E31/><V125/><F125/><W110/><AGARI ba="1,1" hai="3,5,10,32,35,53,54,55,84,88,92,108,109,110" machi="110" ten="40,12000,1" yaku="1,1,0,1,14,1,10,1,54,1,53,0" doraHai="13" doraHaiUra="129" who="3" fromWho="3" sc="160,-41,498,-41,164,-41,168,133" />
</Scene>
<Scene>
<INIT seed="3,2,0,0,4,62" ten="119,457,123,301" oya="3" hai0="96,42,101,14,119,46,81,58,77,12,38,4,13" hai1="121,55,15,1,87,124,92,125,73,35,71,49,32" hai2="75,128,8,20,94,21,63,39,26,102,30,50,84" hai3="97,130,68,7,78,37,45,28,131,29,100,72,99"/><W22/><G7/><T74/><D119/><U117/><E121/><V123/><F75/><W60/><G72/><T98/><D58/><U19/><E1/><V9/><F39/><W34/><G22/><T3/><REACH who="0" step="1"/><D101/><REACH who="0" ten="109,457,123,301" step="2"/><U11/><E117/><V17/><F102/><W64/><G100/><T135/><D135/><U66/><E71/><V31/><F123/><W113/><G113/><T59/><D59/><U18/><E125/><V44/><F128/><W56/><G56/><T79/><D79/><U36/><E124/><V23/><F63/><W115/><G78/><T24/><D24/><U111/><E111/><V126/><F126/><W27/><G115/><T40/><D40/><U16/><E35/><V132/><F132/><W118/><G118/><T47/><D47/><U76/><E32/><V103/><F103/><W108/><G27/><T122/><D122/><U134/><E134/><V25/><F30/><N who="3" m="11883" /><G34/><T85/><D85/><U5/><E73/><V57/><F57/><W110/><G130/><T107/><D107/><U83/><E76/><V104/><F104/><W10/><G131/><T33/><D33/><U43/><E43/><N who="2" m="24863" /><F26/><W129/><G129/><T69/><D69/><U41/><E41/><V48/><F31/><W53/><G110/><T133/><D133/><U93/><E36/><V127/><F127/><W120/><G120/><T95/><D95/><U105/><E105/><V91/><F48/><N who="3" m="28815" /><G108/><T54/><D54/><U61/><E93/><V86/><F86/><W51/><G37/><T90/><D90/><N who="1" m="51583" /><E92/><V116/><F116/><W89/><G51/><T88/><D88/><RYUUKYOKU ba="2,1" sc="109,15,457,-15,123,15,301,-15" hai0="3,4,12,13,14,38,42,46,74,77,81,96,98" hai2="8,9,17,20,21,23,25,84,91,94" />
</Scene>
<Scene>
<INIT seed="4,3,1,0,1,99" ten="124,442,138,286" oya="0" hai0="67,6,104,41,8,70,89,102,92,76,28,133,46" hai1="52,120,121,61,4,101,95,47,0,100,59,17,124" hai2="91,44,3,24,25,5,12,96,130,107,103,81,77" hai3="63,68,94,34,131,119,135,123,49,88,32,74,56"/><T134/><D28/><U118/><E118/><V90/><F130/><W125/><G119/><T115/><D115/><U64/><E124/><V72/><F12/><W50/><G74/><T39/><D76/><U22/><E4/><V127/><F127/><W69/><G125/><T93/><D93/><U132/><E0/><V62/><F62/><W73/><G73/><T112/><D112/><U97/><E132/><V84/><F44/><W18/><G135/><T33/><D33/><U57/><E47/><V109/><F109/><W35/><G123/><T82/><D82/><U2/><E2/><V78/><F78/><W128/><G18/><T116/><D92/><U48/><E120/><V10/><REACH who="2" step="1"/><F91/><REACH who="2" ten="124,442,128,286" step="2"/><W30/><G63/><N who="0" m="40319" /><D89/><N who="1" m="55535" /><E121/><V26/><F26/><AGARI ba="3,2" hai="17,22,26,48,52,57,59,61,64,100,101" m="55535" machi="26" ten="30,7700,0" yaku="8,1,52,2,54,1" doraHai="99" who="1" fromWho="2" sc="124,0,442,106,128,-86,286,0" />
</Scene>
<Scene>
<INIT seed="5,0,0,2,0,40" ten="124,548,42,286" oya="1" hai0="50,126,87,24,17,120,1,32,12,6,132,37,4" hai1="110,67,117,28,91,83,106,63,31,39,55,100,45" hai2="86,114,111,97,27,22,47,96,62,98,68,109,60" hai3="125,34,104,123,130,42,8,64,14,53,7,82,89"/><U13/><E117/><V103/><F103/><W36/><G123/><T71/><D37/><U115/><E115/><V48/><F114/><W129/><G34/><T85/><D71/><U90/><E106/><V11/><F11/><W49/><G64/><T134/><D87/><U25/><E100/><V56/><F68/><W65/><G65/><T124/><D50/><N who="1" m="29135" /><E39/><V78/><F111/><W107/><G42/><T119/><D85/><U94/><E25/><V41/><F109/><W88/><G36/><T75/><D75/><U2/><E2/><V0/><F0/><W18/><G7/><N who="0" m="2603" /><D1/><U26/><E83/><N who="2" m="47479" /><F56/><W92/><G82/><T127/><D119/><U113/><E113/><V51/><F51/><W133/><G104/><T102/><D102/><U84/><E91/><V99/><N who="2" m="24576" /><DORA hai="93" /><V79/><F79/><W43/><G89/><T101/><D101/><U77/><E77/><V30/><AGARI ba="0,0" hai="22,27,30,41,47,48,60,62" m="24576,47479" machi="30" ten="40,12000,2" yaku="8,1,52,5" doraHai="40,93" who="2" fromWho="2" sc="124,-30,548,-60,42,120,286,-30" />
</Scene>
<Scene>
<INIT seed="6,0,0,3,0,53" ten="94,488,162,256" oya="2" hai0="108,123,50,112,5,88,104,6,63,18,128,82,126" hai1="28,102,122,119,30,71,131,22,14,130,45,99,90" hai2="79,117,4,121,100,110,97,66,60,92,111,3,74" hai3="70,127,15,34,73,86,72,26,129,19,0,134,41"/><V17/><F117/><W105/><G0/><T95/><D104/><U31/><E71/><V25/><F121/><W113/><G70/><T42/><D108/><N who="2" m="41514" /><F74/><W35/><G105/><T16/><D123/><U32/><E122/><V84/><F4/><N who="0" m="1642" /><D112/><U124/><E119/><V94/><F3/><W75/><G113/><T65/><D82/><U132/><E124/><V47/><F47/><W55/><G127/><T106/><D106/><U96/><E132/><V44/><F44/><W77/><G41/><T24/><D126/><U115/><E115/><V1/><F1/><W38/><G38/><T29/><D50/><U13/><E32/><V43/><F43/><W21/><G134/><T133/><D42/><U48/><E130/><V125/><F125/><W87/><G35/><T81/><D81/><U23/><E131/><V67/><F79/><W69/><G77/><T11/><D11/><U78/><E78/><V27/><F17/><W57/><G129/><T58/><D128/><U46/><E31/><V12/><F12/><W61/><G69/><T37/><D37/><U107/><E28/><V33/><F33/><W49/><G34/><T76/><D76/><U135/><E30/><V89/><F67/><W52/><REACH who="3" step="1"/><G15/><REACH who="3" ten="94,488,162,246" step="2"/><T85/><D133/><U120/><E135/><V68/><AGARI ba="0,1" hai="25,27,60,66,68,84,89,92,94,97,100" m="41514" machi="68" ten="30,1500,0" yaku="10,1" doraHai="53" who="2" fromWho="2" sc="94,-5,488,-5,162,25,246,-5" />
</Scene>
<Scene>
<INIT seed="6,1,0,4,2,112" ten="89,483,187,241" oya="2" hai0="119,133,135,120,6,9,5,59,124,42,131,29,22" hai1="100,53,39,32,77,16,65,35,91,49,126,23,24" hai2="33,92,90,57,7,98,88,66,128,110,79,97,117" hai3="83,36,2,40,26,94,85,89,101,71,127,45,81"/><V46/><F33/><W12/><G2/><T63/><D42/><U13/><E39/><V54/><F128/><W107/><G71/><T72/><D72/><U130/><E77/><V105/><F110/><W76/><G127/><T121/><D63/><U118/><E118/><V73/><F117/><W74/><G81/><T111/><D59/><U41/><E41/><V25/><F25/><W30/><G12/><T129/><D111/><U10/><E65/><V62/><F7/><N who="0" m="2570" /><D9/><U14/><E14/><V82/><F105/><W28/><G26/><N who="0" m="16599" /><D119/><U69/><E69/><V31/><F31/><W123/><G123/><N who="0" m="47179" /><D124/><U116/><E116/><V20/><F20/><W125/><G125/><T122/><N who="0" m="47187" /><T55/><DORA hai="67" /><D55/><U11/><E11/><V86/><REACH who="2" step="1"/><F90/><REACH who="2" ten="89,483,177,241" step="2"/><W18/><G18/><T61/><D61/><U134/><E91/><V37/><F37/><W15/><G15/><T84/><D84/><U115/><E130/><AGARI ba="1,1" hai="129,130,131,133,135" m="47187,16599,2570" machi="130" ten="50,6400,0" yaku="19,1,34,2" doraHai="112,67" who="0" fromWho="1" sc="89,77,483,-67,177,0,241,0" />
</Scene>
<Scene>
<INIT seed="7,0,0,3,1,105" ten="166,416,177,241" oya="3" hai0="15,121,111,69,4,32,122,5,124,134,104,130,99" hai1="49,68,33,64,63,20,18,55,60,16,74,26,34" hai2="118,53,7,120,37,106,126,10,94,108,47,56,135" hai3="58,115,132,54,19,21,83,44,117,100,98,1,62"/><W116/><G115/><T31/><D111/><U46/><E74/><V29/><F106/><W8/><G132/><T81/><D15/><U78/><E78/><V28/><F108/><W70/><G70/><T66/><D4/><U89/><E89/><V125/><F118/><W80/><G80/><T25/><D5/><U9/><E63/><N who="2" m="36239" /><F135/><W50/><G83/><T30/><D30/><U109/><E109/><V93/><F120/><W24/><G8/><T11/><D11/><U84/><E84/><V42/><F28/><W57/><G57/><T23/><D23/><U127/><E127/><N who="2" m="48651" /><F29/><W38/><G38/><T65/><D124/><U79/><E79/><V40/><F40/><W52/><G1/><AGARI ba="0,0" hai="1,7,10,37,42,47,93,94" m="48651,36239" machi="1" ten="30,1000,0" yaku="18,1" doraHai="105" who="2" fromWho="3" sc="166,0,416,0,177,10,241,-10" owari="166,-33.0,416,51.0,187,-21.0,231,3.0" />
</Scene>
</mjloggm>