<mjloggm ver="2.3"><GO type="169" lobby="0"/><UN n0="%E9%9B%80%E5%A3%AB%E3%81%AC%E3%82%8B%E3%82%8A%E3%82%93" n1="%33%35%2B" n2="%E3%81%91%E3%82%93%31%39%37%30" n3="%E5%A4%AA%E3%81%8F%E3%81%AA%E3%81%84%E3%81%8A" dan="16,17,16,18" rate="2140.36,2150.23,2152.23,2301.50" sx="M,M,M,M"/><TAIKYOKU oya="0"/>

<Scene>
<INIT seed="0,0,0,2,0,80" ten="250,250,250,250" oya="0" hai0="133,114,60,57,130,66,28,117,132,90,11,129,94" hai1="6,23,29,33,5,75,109,118,2,50,62,64,87" hai2="103,127,113,106,30,74,105,73,35,115,18,59,128" hai3="43,71,102,101,96,89,20,49,125,26,47,19,100"/><T10/><D28/><U65/><E75/><V81/><F18/><W27/><G71/><T52/><D114/><U135/><E118/><V98/><F59/><W55/><G125/><T44/><D117/><U45/><E33/><V78/><F30/><W31/><G89/><T93/><D93/><U77/><E109/><V126/><F35/><W17/><G96/><T70/><D44/><U53/><E135/><N who="0" m="51785" /><D10/><U134/><E134/><V104/><F74/><W108/><G108/><T13/><D66/><U0/><E0/><V14/><F14/><W48/><REACH who="3" step="1"/><G27/><REACH who="3" ten="250,250,250,240" step="2"/><T88/><D70/><U79/><E65/><V111/><F111/><W41/><G41/><T122/><D122/><U34/><E34/><V40/><F40/><W112/><G112/><N who="2" m="43081" /><F128/><N who="0" m="49258" /><D94/><AGARI ba="0,1" hai="73,78,81,94,98,103,104,105,106,126,127" m="43081" machi="94" ten="40,2600,0" yaku="34,2" doraHai="80" who="2" fromWho="0" sc="250,-26,250,0,250,36,240,0" />
</Scene>
<Scene>
<INIT seed="1,0,0,1,2,22" ten="224,250,286,240" oya="1" hai0="58,57,7,16,54,105,40,78,131,132,37,106,111" hai1="119,134,73,75,124,96,81,55,38,61,26,1,77" hai2="87,104,5,125,93,91,102,94,82,70,34,120,21" hai3="4,98,18,45,35,24,123,117,23,42,32,20,83"/><U6/><E119/><V118/><F34/><W52/><G123/><T103/><D7/><U71/><E134/><V27/><F70/><W99/><G117/><T66/><D132/><U88/><E124/><V44/><F120/><W56/><G4/><T80/><D111/><U89/><E75/><V79/><F125/><W107/><G83/><T135/><D131/><U30/><E38/><V128/><F128/><W11/><G11/><T41/><D135/><U17/><E17/><V33/><F33/><W92/><G107/><T8/><D66/><U97/><E97/><V25/><F104/><W101/><G98/><T90/><D90/><U116/><E116/><V130/><F102/><W36/><REACH who="3" step="1"/><G23/><REACH who="3" ten="224,250,286,230" step="2"/><T29/><D105/><U31/><E96/><V72/><F118/><W74/><G74/><T15/><D106/><U112/><E112/><V60/><F5/><W64/><G64/><T133/><D133/><U86/><E73/><V110/><F130/><W63/><AGARI ba="0,1" hai="18,20,24,32,35,36,42,45,52,56,63,92,99,101" machi="63" ten="20,8000,1" yaku="1,1,0,1,7,1,52,1,54,1,53,0" doraHai="22" doraHaiUra="127" who="3" fromWho="3" sc="224,-20,250,-40,286,-20,230,90" />
</Scene>
<Scene>
<INIT seed="2,0,0,3,5,44" ten="204,210,266,320" oya="2" hai0="130,92,20,94,55,41,61,106,123,72,76,42,17" hai1="120,112,52,124,59,125,107,36,67,109,126,22,98" hai2="103,30,66,87,49,122,102,129,38,128,43,68,57" hai3="111,65,25,105,132,12,93,28,101,62,8,86,116"/><V119/><F119/><W95/><G116/><T58/><D106/><U47/><E112/><V80/><F30/><W75/><G75/><T5/><D123/><U14/><E120/><V13/><F122/><W89/><G111/><T96/><D130/><N who="2" m="50282" /><F38/><W34/><G132/><T110/><D110/><U90/><E109/><V79/><F68/><W31/><G31/><T64/><D5/><U88/><E67/><V54/><F43/><W26/><G26/><T56/><D76/><U78/><E78/><V117/><F117/><W6/><G89/><T27/><D72/><U11/><E22/><V70/><F13/><W33/><G86/><T63/><REACH who="0" step="1"/><D94/><REACH who="0" ten="194,210,266,320" step="2"/><U23/><E107/><V121/><F121/><W45/><G93/><T97/><D97/><U7/><E98/><V108/><F108/><W133/><G95/><T60/><D60/><AGARI ba="0,1" hai="49,54,57,60,66,70,79,80,87,102,103" m="50282" machi="60" ten="30,2900,0" yaku="19,1,52,1" doraHai="44" who="2" fromWho="0" sc="194,-29,210,0,266,39,320,0" />
</Scene>
<Scene>
<INIT seed="2,1,0,2,4,55" ten="165,210,305,320" oya="2" hai0="121,28,104,53,127,5,77,134,51,86,82,18,25" hai1="3,34,54,14,79,88,37,19,43,125,8,50,128" hai2="9,98,85,109,36,42,16,123,63,13,74,23,99" hai3="49,31,91,114,10,118,112,71,32,21,45,20,61"/><V94/><F74/><W106/><G118/><T65/><D121/><U89/><E34/><V80/><F123/><W130/><G106/><T133/><D104/><U44/><E125/><V68/><F109/><W60/><G130/><T33/><D127/><U135/><E128/><V126/><F126/><W132/><G132/><T56/><D5/><U12/><E135/><V15/><F36/><W107/><G107/><T111/><D111/><U122/><E122/><V97/><F42/><W100/><G100/><T58/><REACH who="0" step="1"/><D18/><REACH who="0" ten="155,210,305,320" step="2"/><U78/><E3/><V7/><F68/><W124/><G71/><T92/><D92/><U40/><E37/><V72/><F72/><W48/><G124/><T4/><D4/><N who="1" m="3079" /><E78/><N who="2" m="46231" /><F63/><AGARI ba="1,1" hai="25,28,33,51,53,56,58,63,65,77,82,86,133,134" machi="63" ten="40,5200,0" yaku="1,1,52,2,53,0" doraHai="55" doraHaiUra="2" who="0" fromWho="2" sc="155,65,210,0,305,-55,320,0" />
</Scene>
<Scene>
<INIT seed="3,0,0,3,2,33" ten="220,210,250,320" oya="3" hai0="3,134,102,93,9,21,86,66,81,35,46,71,129" hai1="123,42,91,101,32,122,98,115,84,50,7,111,49" hai2="23,19,104,103,14,82,17,61,20,47,36,22,105" hai3="39,0,34,5,79,58,11,116,1,83,2,74,54"/><W56/><G116/><T4/><D35/><U18/><E32/><V43/><F103/><W95/><G34/><T92/><D134/><U99/><E115/><V12/><F23/><W119/><G119/><T135/><D135/><U70/><E70/><V28/><F28/><W45/><G95/><T13/><D129/><U41/><E7/><V69/><F82/><W107/><G107/><T78/><D46/><U31/><E31/><V63/><F63/><N who="3" m="36247" /><G58/><T125/><D125/><U73/><E73/><V121/><F121/><W87/><G87/><T124/><D124/><U108/><E84/><V90/><F90/><W57/><G57/><T60/><D102/><U68/><E68/><V40/><REACH who="2" step="1"/><F43/><AGARI ba="0,0" hai="0,1,2,5,11,39,43,45,74,79,83" m="36247" machi="43" ten="30,11600,0" yaku="25,1,52,3" doraHai="33" who="3" fromWho="2" sc="220,0,210,0,250,-116,320,116" />
</Scene>
<Scene>
<INIT seed="3,1,0,2,5,81" ten="220,210,134,436" oya="3" hai0="4,61,11,1,87,56,79,70,82,121,38,41,66" hai1="134,6,47,127,5,105,46,16,128,125,3,120,76" hai2="86,107,111,39,73,115,101,108,95,19,90,71,21" hai3="29,135,116,59,99,114,132,97,50,74,119,122,110"/><W31/><G114/><T106/><D106/><U26/><E120/><V44/><F71/><W48/><G74/><T20/><D121/><U22/><E105/><V88/><F73/><W42/><G122/><T130/><D130/><U91/><E76/><V13/><F115/><W126/><G126/><N who="1" m="48138" /><E128/><V24/><F107/><W96/><G110/><N who="2" m="42025" /><F101/><W112/><G112/><T55/><D20/><U54/><E134/><N who="3" m="51242" /><G59/><T100/><D100/><U40/><E3/><V53/><F90/><W109/><G109/><T51/><D41/><U60/><E91/><V89/><F89/><W49/><G42/><T83/><D83/><U37/><E60/><V129/><F129/><W124/><G124/><T25/><D25/><U65/><E65/><V58/><F44/><W23/><G23/><T17/><D17/><U68/><E68/><V113/><F113/><W85/><G85/><T64/><D64/><U102/><E102/><V98/><F39/><W63/><G63/><T43/><REACH who="0" step="1"/><D43/><REACH who="0" ten="210,210,134,436" step="2"/><N who="1" m="22895" /><E54/><V18/><F18/><W75/><G75/><T57/><D57/><U30/><E30/><AGARI ba="1,1" hai="29,30,31,48,49,50,96,97,99,116,119" m="51242" machi="30" ten="40,7700,0" yaku="28,2,20,1" doraHai="81" who="3" fromWho="1" sc="210,0,210,-80,134,0,436,90" />
</Scene>
<Scene>
<INIT seed="3,2,0,4,4,67" ten="210,130,134,526" oya="3" hai0="117,94,46,1,114,121,71,16,32,43,6,89,20" hai1="55,66,51,99,91,19,84,68,17,54,83,135,30" hai2="106,3,10,37,50,111,129,15,42,33,120,131,24" hai3="34,133,28,112,124,64,53,81,11,125,97,96,87"/><W115/><G53/><T52/><D32/><U9/><E135/><V93/><F106/><W127/><G11/><T73/><D73/><U82/><E30/><V48/><F3/><W74/><G64/><T26/><D117/><U123/><E123/><V57/><F111/><W86/><G28/><T62/><D121/><U108/><E108/><V110/><F110/><W88/><G34/><T119/><D119/><U72/><E54/><V8/><F93/><N who="3" m="54431" /><G74/><T90/><D114/><N who="3" m="43561" /><G133/><T77/><D6/><U4/><E99/><V78/><F33/><W79/><AGARI ba="2,0" hai="79,81,86,96,97,124,125,127" m="43561,54431" machi="79" ten="40,12000,1" yaku="18,1,34,2,54,1" doraHai="67" who="3" fromWho="3" sc="210,-42,130,-42,134,-42,526,126" />
</Scene>
<Scene>
<INIT seed="3,3,0,5,1,57" ten="168,88,92,652" oya="3" hai0="115,79,20,86,73,121,62,131,112,12,123,34,103" hai1="33,38,67,23,128,81,71,91,125,69,54,26,2" hai2="28,116,59,32,118,74,97,6,117,10,63,45,30" hai3="89,17,3,99,106,66,56,36,92,40,90,4,100"/><W82/><G3/><T85/><D34/><U39/><E2/><V29/><F74/><W101/><G4/><T16/><D131/><U96/><E33/><V113/><F113/><N who="0" m="43594" /><D103/><U35/><E35/><V84/><F45/><W119/><G119/><T122/><D73/><U132/><E54/><V7/><F32/><W65/><G36/><T124/><D124/><U75/><E125/><V94/><F84/><N who="0" m="32362" /><D79/><U42/><E128/><V51/><F51/><W58/><G40/><T105/><D105/><U114/><E114/><V107/><F10/><W22/><G82/><T134/><D134/><U111/><E132/><V50/><F50/><W126/><G126/><T72/><D72/><U19/><E39/><V110/><F107/><W76/><G76/><T46/><D46/><U78/><E111/><V15/><F15/><W21/><G106/><T77/><D77/><U0/><E0/><V49/><F49/><W52/><G100/><T5/><D5/><U109/><E109/><V88/><REACH who="2" step="1"/><F110/><REACH who="2" ten="168,88,82,652" step="2"/><W80/><G21/><T27/><D12/><U43/><E38/><V47/><F47/><W61/><G80/><T1/><D1/><U25/><E42/><V14/><F14/><N who="3" m="9527" /><G66/><AGARI ba="3,1" hai="6,7,28,29,30,59,63,66,88,94,97,116,117,118" machi="66" ten="50,6400,0" yaku="1,1,52,1,54,1,53,0" doraHai="57" doraHaiUra="83" who="2" fromWho="3" sc="168,0,88,0,82,83,652,-73" />
</Scene>
<Scene>
<INIT seed="4,0,0,3,3,85" ten="168,88,165,579" oya="0" hai0="73,68,87,80,42,114,64,76,52,35,71,17,48" hai1="110,67,9,102,120,91,128,25,62,88,63,117,55" hai2="108,92,94,106,3,5,15,97,41,78,49,75,12" hai3="40,124,23,56,60,61,16,122,29,30,36,131,101"/><T66/><D114/><U58/><E120/><V39/><F108/><W116/><G116/><T65/><D35/><U26/><E117/><V81/><F106/><W72/><G72/><T6/><D42/><U46/><E110/><V34/><F49/><W82/><G122/><T132/><D132/><U1/><E128/><V121/><F34/><W10/><G131/><T109/><D109/><U50/><E102/><V96/><F94/><W18/><G124/><T38/><D38/><U111/><E111/><V77/><F77/><W57/><G101/><T95/><D6/><U8/><E62/><V44/><F97/><W4/><G82/><T118/><D118/><U130/><E130/><V70/><F70/><W84/><G84/><T90/><REACH who="0" step="1"/><D17/><REACH who="0" ten="158,88,165,579" step="2"/><U54/><E67/><V83/><F121/><W31/><G40/><T47/><AGARI ba="0,1" hai="47,48,52,64,65,66,68,71,73,76,80,87,90,95" machi="47" ten="30,18000,2" yaku="1,1,2,1,0,1,52,1,54,1,53,1" doraHai="85" doraHaiUra="107" who="0" fromWho="0" sc="158,190,88,-60,165,-60,579,-60" />
</Scene>
<Scene>
<INIT seed="4,1,0,3,3,5" ten="348,28,105,519" oya="0" hai0="117,128,70,47,82,99,127,100,133,61,26,135,46" hai1="40,96,116,33,125,104,97,35,7,15,14,18,86" hai2="55,29,53,103,41,74,84,130,19,114,11,106,2" hai3="72,94,110,37,4,6,62,112,21,76,57,75,65"/><T111/><D82/><U81/><E116/><V69/><F74/><W85/><G110/><T64/><D117/><U115/><E125/><V80/><F69/><W126/><G37/><T95/><D111/><U124/><E124/><V45/><F29/><W73/><G126/><T105/><D127/><U12/><E115/><V98/><F130/><W83/><G112/><T120/><D120/><U49/><E7/><V54/><F114/><W32/><G32/><T8/><D128/><U68/><E68/><V23/><F2/><W13/><G94/><T101/><D26/><U10/><E35/><V87/><F11/><W34/><G34/><T1/><D1/><U39/><E39/><V30/><F30/><W93/><G93/><T24/><D8/><N who="1" m="6407" /><E104/><V44/><F80/><W52/><G65/><T109/><D109/><U71/><E71/><V9/><F9/><W121/><G121/><T107/><D24/><U50/><E33/><V91/><F91/><W77/><G77/><T122/><D122/><U17/><E15/><V129/><F129/><W25/><G13/><T36/><D95/><U134/><E134/><N who="0" m="51209" /><D36/><U79/><E50/><N who="2" m="26895" /><F45/><AGARI ba="1,0" hai="10,14,17,40,45,49,79,81,86,96,97" m="6407" machi="45" ten="30,3900,0" yaku="8,1,52,2" doraHai="5" who="1" fromWho="2" sc="348,0,28,42,105,-42,519,0" />
</Scene>
<Scene>
<INIT seed="5,0,0,1,2,118" ten="348,70,63,519" oya="1" hai0="19,108,113,62,99,27,22,29,90,132,95,97,114" hai1="80,59,109,24,123,133,125,121,130,91,64,8,117" hai2="47,40,0,45,75,73,36,68,2,16,6,71,52" hai3="82,41,98,17,87,134,56,78,92,35,105,124,74"/><U86/><E117/><V9/><F2/><W31/><G41/><T34/><D108/><U13/><E109/><V55/><F55/><W39/><G39/><T51/><D132/><U69/><E69/><V96/><F96/><W81/><G17/><T122/><D122/><U131/><E133/><V101/><F101/><W14/><G14/><T84/><D62/><N who="1" m="37983" /><E24/><V67/><F71/><W15/><G15/><T128/><D128/><N who="1" m="49195" /><E125/><V89/><F68/><W54/><G124/><T112/><D51/><U104/><E104/><V77/><F67/><W66/><G66/><T46/><D46/><U20/><E20/><V57/><F47/><W115/><G105/><T110/><D110/><U111/><E111/><V50/><F89/><W42/><G35/><T116/><D116/><U3/><E3/><V28/><F28/><W26/><G31/><T37/><D37/><U93/><E93/><V83/><REACH who="2" step="1"/><F16/><AGARI ba="0,0" hai="8,13,16,80,86,91,121,123" m="49195,37983" machi="16" ten="30,11600,0" yaku="19,1,52,2,54,1" doraHai="118" who="1" fromWho="2" sc="348,0,70,116,63,-116,519,0" owari="348,15.0,186,-21.0,-53,-55.0,519,61.0" />
</Scene>
</mjloggm>