<mjloggm ver="2.3"><GO type="169" lobby="0"/><UN n0="%E3%81%BF%E3%81%A3%E3%81%A4%E3%81%9A%E3%81%A4" n1="%E5%A4%AA%E3%81%8F%E3%81%AA%E3%81%84%E3%81%8A" n2="%E9%87%8C%E4%B8%AD%E4%BA%9C%E7%9F%A2%E5%AD%90" n3="%E3%81%AE%E3%81%86%E3%81%AA%E3%82%81%E3%82%8D%E3%82%93" dan="16,19,16,16" rate="2069.05,2293.75,2096.10,2115.85" sx="M,F,F,M"/><TAIKYOKU oya="0"/>

<Scene>
<INIT seed="0,0,0,2,1,68" ten="250,250,250,250" oya="0" hai0="108,74,36,121,25,122,72,30,62,135,70,123,82" hai1="61,29,113,15,134,50,69,120,124,10,128,22,118" hai2="4,20,32,85,79,91,67,104,66,86,16,26,106" hai3="3,37,55,77,19,114,13,83,117,92,115,18,7"/><T57/><D135/><U51/><E118/><V88/><F4/><W11/><G117/><T35/><D57/><U94/><E120/><V2/><F2/><W64/><G64/><T130/><D130/><U93/><E128/><V49/><F79/><W105/><G105/><T96/><D108/><U110/><E134/><V33/><F49/><W131/><G131/><T100/><D82/><U78/><E78/><V84/><F106/><W41/><G55/><T102/><D102/><U129/><E129/><V8/><F104/><W6/><G92/><T39/><D96/><U58/><E69/><V1/><F1/><W132/><G7/><T59/><D100/><U63/><E110/><V27/><F8/><W125/><G125/><T103/><D103/><U42/><E63/><V12/><F33/><W111/><G111/><T21/><D21/><U73/><E73/><N who="0" m="28265" /><D59/><U0/><E22/><V23/><F32/><W116/><G132/><T38/><D122/><U24/><E58/><V80/><F84/><W14/><G116/><T40/><D40/><U133/><E42/><V65/><REACH who="2" step="1"/><F20/><REACH who="2" ten="250,250,240,250" step="2"/><W87/><G3/><T119/><D119/><U90/><E0/><V34/><F34/><W53/><G87/><T75/><D75/><U56/><E133/><V44/><F44/><W5/><G77/><T28/><D28/><U107/><E29/><V98/><F98/><W97/><G97/><T9/><D9/><U126/><E10/><V112/><F112/><W60/><G114/><T95/><D95/><AGARI ba="0,1" hai="12,16,23,26,27,65,66,67,80,85,86,88,91,95" machi="95" ten="40,8000,1" yaku="1,1,8,1,54,2,53,0" doraHai="68" doraHaiUra="43" who="2" fromWho="0" sc="250,-80,250,0,240,90,250,0" />
</Scene>
<Scene>
<INIT seed="1,0,0,1,4,23" ten="170,250,330,250" oya="1" hai0="59,0,61,32,41,73,19,105,55,69,66,58,113" hai1="80,107,97,4,49,89,43,65,38,20,129,39,98" hai2="68,8,22,106,74,51,121,54,122,63,53,95,115" hai3="86,34,87,127,1,85,50,82,110,2,134,60,103"/><U46/><E129/><V62/><F106/><W132/><G110/><T36/><D113/><U111/><E4/><V71/><F74/><W123/><G123/><N who="2" m="47113" /><F95/><W26/><G127/><T25/><D73/><U94/><E111/><V13/><F22/><W79/><G103/><T93/><D105/><U47/><E65/><V64/><F13/><W117/><G117/><T10/><D59/><U21/><E80/><V124/><F8/><W3/><G50/><T15/><D0/><U48/><E107/><V56/><F124/><W44/><G44/><T76/><D76/><U12/><E97/><V109/><F109/><W99/><G60/><T112/><D93/><U84/><E98/><V14/><F14/><W88/><G99/><T108/><D108/><U120/><E120/><V40/><F115/><W92/><REACH who="3" step="1"/><G86/><REACH who="3" ten="170,250,330,240" step="2"/><T33/><D112/><U81/><E48/><V125/><F125/><W116/><G116/><T30/><D36/><U102/><E39/><V131/><F131/><W96/><G96/><T18/><D61/><U72/><E102/><V67/><F53/><W101/><G101/><T5/><D55/><U77/><E38/><V104/><F104/><W78/><G78/><T37/><D37/><U90/><E72/><V45/><F40/><W9/><G9/><T75/><D41/><U17/><E77/><V133/><F45/><W31/><AGARI ba="0,1" hai="1,2,3,26,31,34,79,82,85,87,88,92,132,134" machi="31" ten="40,8000,1" yaku="1,1,0,1,52,1,54,1,53,0" doraHai="23" doraHaiUra="100" who="3" fromWho="3" sc="170,-20,250,-40,330,-20,240,90" />
</Scene>
<Scene>
<INIT seed="2,0,0,2,1,85" ten="150,210,310,330" oya="2" hai0="43,62,37,125,20,75,102,22,104,87,33,9,70" hai1="108,90,46,86,135,29,132,126,114,23,17,38,49" hai2="13,65,76,66,52,24,130,124,91,73,69,11,15" hai3="67,89,95,5,131,94,81,8,110,121,93,30,60"/><V50/><F124/><W99/><G121/><T82/><D33/><U41/><E114/><V74/><F130/><W14/><G110/><T61/><D75/><U106/><E106/><V19/><F73/><W10/><G131/><T18/><D125/><U103/><E126/><V133/><F133/><N who="1" m="51273" /><E103/><V88/><F76/><W1/><G30/><T64/><D37/><U71/><E71/><V53/><F74/><W56/><REACH who="3" step="1"/><G81/><REACH who="3" ten="150,210,310,320" step="2"/><T2/><D82/><N who="1" m="49495" /><E108/><V83/><F83/><W27/><G27/><T21/><D104/><U122/><E122/><V128/><F128/><W113/><G113/><T42/><D102/><U129/><E129/><V68/><F24/><W123/><G123/><T100/><D100/><U127/><E127/><V112/><F112/><W98/><G98/><T36/><D36/><U107/><E29/><V54/><F69/><W120/><G120/><T78/><D78/><U25/><E107/><V72/><F68/><W58/><G58/><T63/><D70/><U84/><E84/><V31/><F31/><W35/><G35/><T32/><D32/><U80/><E80/><V119/><F72/><W115/><G115/><T55/><D87/><U117/><E38/><V45/><F119/><AGARI ba="0,1" hai="17,23,25,41,46,49,117,119" m="49495,51273" machi="119" ten="30,2000,0" yaku="20,1,52,1" doraHai="85" who="1" fromWho="2" sc="150,0,210,30,310,-20,320,0" />
</Scene>
<Scene>
<INIT seed="3,0,0,0,1,129" ten="150,240,290,320" oya="3" hai0="127,64,26,32,126,43,125,73,41,133,110,86,97" hai1="107,16,46,40,83,4,68,8,108,22,122,71,72" hai2="25,128,85,92,104,112,100,15,42,44,69,120,2" hai3="53,18,17,75,111,101,54,77,98,84,10,19,33"/><W50/><G33/><T6/><D73/><U80/><E107/><V29/><F2/><W116/><G116/><T20/><D32/><U23/><E122/><V89/><F69/><W109/><G75/><T9/><D110/><N who="3" m="41993" /><G10/><T34/><D34/><U93/><E93/><V13/><F112/><W45/><G77/><T118/><D118/><U52/><E52/><N who="3" m="20074" /><G84/><T102/><D64/><U114/><E8/><V47/><F128/><W78/><G78/><T119/><D119/><U30/><E72/><V14/><F120/><W81/><G81/><T134/><D86/><U11/><E11/><V88/><F104/><N who="3" m="63543" /><G18/><N who="0" m="12567" /><D97/><U70/><E108/><V121/><F121/><W95/><G95/><T27/><D27/><U103/><E80/><V113/><F85/><W56/><G56/><T48/><D102/><U66/><E103/><V65/><F100/><W82/><G82/><T31/><D31/><U123/><E83/><V1/><F29/><W24/><G24/><T55/><D9/><U99/><E123/><V105/><F25/><W124/><G124/><T67/><D6/><U90/><E4/><V12/><F92/><W79/><G79/><T62/><D41/><AGARI ba="0,0" hai="17,19,41,45,50" m="63543,20074,41993" machi="41" ten="30,5800,0" yaku="14,1,10,1,54,1" doraHai="129" who="3" fromWho="0" sc="150,-58,240,0,290,0,320,58" />
</Scene>
<Scene>
<INIT seed="3,1,0,0,4,47" ten="92,240,290,378" oya="3" hai0="28,1,11,100,58,87,104,33,10,43,26,13,79" hai1="112,20,78,110,57,121,92,36,99,68,65,66,34" hai2="132,54,23,86,95,105,93,134,74,133,72,25,3" hai3="16,98,56,6,82,94,19,48,49,27,91,109,90"/><W97/><G109/><T122/><D122/><U50/><E34/><V62/><F105/><W135/><G135/><T63/><D43/><U120/><E36/><V84/><F3/><W119/><G119/><T5/><D104/><U67/><E112/><V30/><F62/><W12/><G56/><T37/><D37/><U124/><E68/><V71/><F71/><W111/><G111/><T14/><D100/><U51/><E110/><V114/><F54/><W0/><G0/><T89/><D79/><U46/><E78/><V125/><F114/><W128/><G128/><T4/><D1/><U85/><E85/><N who="2" m="32875" /><F125/><W38/><G38/><T77/><D77/><U129/><E124/><V118/><F118/><W52/><G82/><T2/><D2/><U35/><E35/><V115/><F115/><W32/><G32/><T117/><D117/><U17/><E129/><V70/><F70/><W130/><G130/><T123/><D123/><U7/><E7/><V106/><F106/><W45/><G27/><T75/><D75/><AGARI ba="1,0" hai="23,25,30,72,74,75,93,95,132,133,134" m="32875" machi="75" ten="40,1300,0" yaku="20,1" doraHai="47" who="2" fromWho="0" sc="92,-16,240,0,290,16,378,0" />
</Scene>
<Scene>
<INIT seed="4,0,0,3,5,86" ten="76,240,306,378" oya="0" hai0="5,64,62,58,9,75,129,68,66,0,94,116,82" hai1="46,80,78,43,119,17,134,100,84,12,76,30,87" hai2="104,41,59,73,92,40,60,69,122,20,45,112,3" hai3="105,115,27,106,23,34,35,98,13,91,8,128,65"/><T99/><D116/><U31/><E134/><V97/><F104/><W54/><G115/><T53/><D129/><U29/><E119/><V125/><F69/><W127/><G65/><T118/><D118/><U70/><E70/><V120/><F73/><W102/><G106/><T103/><REACH who="0" step="1"/><D68/><REACH who="0" ten="66,240,306,378" step="2"/><U71/><E71/><V36/><F122/><W95/><G128/><T77/><AGARI ba="0,1" hai="0,5,9,53,58,62,64,66,75,77,82,94,99,103" machi="77" ten="30,11700,0" yaku="1,1,2,1,0,1,53,1" doraHai="86" doraHaiUra="88" who="0" fromWho="0" sc="66,127,240,-39,306,-39,378,-39" />
</Scene>
<Scene>
<INIT seed="4,1,0,3,4,133" ten="193,201,267,339" oya="0" hai0="11,30,12,42,36,10,96,95,110,68,58,62,13" hai1="97,35,8,3,103,107,43,28,2,91,26,77,73" hai2="44,59,93,0,122,112,7,37,15,83,24,70,61" hai3="85,39,80,125,90,88,127,48,113,76,21,55,56"/><T20/><D68/><U19/><E19/><V121/><F0/><W45/><G113/><T16/><D110/><U128/><E128/><V71/><F112/><W99/><G21/><T75/><D75/><U104/><E91/><V63/><F93/><W120/><G120/><T14/><D30/><U135/><E135/><V84/><F24/><W109/><G109/><T25/><D42/><U57/><E57/><V29/><F29/><W53/><G39/><T124/><D124/><N who="3" m="47689" /><G99/><T119/><D119/><U123/><E123/><V130/><F130/><W115/><G115/><T50/><D50/><AGARI ba="1,0" hai="45,48,50,53,55,56,76,80,85,88,90" m="47689" machi="50" ten="30,8000,1" yaku="18,1,52,3,54,1" doraHai="133" who="3" fromWho="0" sc="193,-83,201,0,267,0,339,83" />
</Scene>
<Scene>
<INIT seed="5,0,0,4,4,12" ten="110,201,267,422" oya="1" hai0="30,9,16,110,57,38,63,80,52,93,119,135,17" hai1="88,46,96,98,37,62,7,125,60,32,44,77,82" hai2="76,134,0,49,128,113,81,5,26,111,65,100,59" hai3="35,109,33,95,117,126,127,129,89,11,97,90,55"/><U133/><E32/><V8/><F111/><W6/><G109/><T75/><D110/><U112/><E7/><V3/><F134/><W67/><G129/><T121/><D119/><U41/><E133/><V78/><F128/><W74/><G74/><T45/><D135/><U122/><E122/><V103/><F76/><W36/><G36/><T25/><D121/><U108/><E108/><V73/><F0/><W123/><G123/><T58/><D93/><U99/><E112/><V85/><F73/><W40/><G40/><T91/><D9/><U18/><E125/><V51/><F113/><W14/><G67/><T23/><D91/><U47/><E37/><V94/><F26/><W43/><G43/><T116/><D116/><U31/><E31/><V29/><F29/><W64/><G64/><T70/><D70/><U102/><E41/><V27/><F27/><W53/><G90/><T79/><D38/><U19/><E102/><V54/><F65/><W2/><G2/><T118/><D118/><U92/><E82/><V21/><F21/><W87/><G117/><T50/><D58/><U69/><E77/><V4/><F4/><W105/><G35/><T115/><D115/><U107/><E69/><V66/><F66/><AGARI ba="0,0" hai="16,17,23,25,30,45,50,52,57,63,66,75,79,80" machi="66" ten="30,8000,1" yaku="7,1,52,2,54,2" doraHai="12" who="0" fromWho="2" sc="110,80,201,0,267,-80,422,0" />
</Scene>
<Scene>
<INIT seed="6,0,0,0,0,97" ten="190,201,187,422" oya="2" hai0="13,128,83,78,80,92,22,60,64,130,23,127,52" hai1="122,21,113,70,38,86,62,4,104,20,57,5,49" hai2="71,19,47,103,135,3,96,134,124,61,101,81,54" hai3="34,30,102,91,15,28,121,18,40,31,109,75,44"/><V51/><F124/><W67/><G109/><T55/><D127/><U29/><E104/><V45/><F3/><W89/><G121/><T73/><D83/><U133/><E38/><V11/><F81/><W65/><G75/><T114/><D114/><U9/><E70/><V126/><F126/><W88/><G102/><N who="2" m="38921" /><F96/><W66/><G34/><T17/><D23/><U79/><E86/><V36/><F71/><W43/><G44/><T129/><D92/><U90/><E90/><V0/><F61/><W32/><G32/><T87/><D73/><U58/><E62/><V27/><F27/><W53/><G89/><T25/><D25/><U116/><E113/><V26/><F26/><W24/><G88/><T100/><D100/><U12/><E122/><V119/><F119/><W68/><G91/><T48/><D60/><U125/><E116/><V94/><F94/><W110/><G24/><T41/><D129/><U50/><E125/><V108/><F108/><W14/><G68/><T120/><D120/><U8/><E29/><V16/><F0/><W107/><G110/><T69/><D130/><U85/><E85/><V98/><F98/><W76/><G30/><T46/><D128/><U2/><E2/><V10/><F10/><W6/><G31/><T37/><D69/><U77/><E12/><N who="2" m="7199" /><F19/><W72/><G18/><T33/><D33/><U131/><E131/><V117/><F117/><W1/><G1/><T63/><D37/><U84/><E84/><V118/><F118/><W115/><G28/><T99/><D99/><U123/><E123/><V95/><F95/><W111/><G111/><RYUUKYOKU ba="0,0" sc="190,10,201,10,187,10,422,-30" hai0="13,17,22,41,46,48,52,55,63,64,78,80,87" hai1="4,5,8,9,20,21,49,50,57,58,77,79,133" hai2="36,45,47,51,54,134,135" />
</Scene>
<Scene>
<INIT seed="6,1,0,5,1,131" ten="200,211,197,392" oya="2" hai0="31,48,11,105,71,88,125,109,103,43,113,118,57" hai1="25,76,53,1,66,90,133,46,29,110,23,24,18" hai2="123,87,5,89,129,17,38,115,101,6,22,120,27" hai3="8,54,15,34,99,94,70,37,122,111,130,51,33"/><V95/><F38/><W0/><G111/><T80/><D71/><U20/><E110/><V102/><F129/><W19/><G70/><T100/><D109/><U10/><E76/><V124/><F124/><W82/><G37/><T13/><D125/><U7/><E66/><V50/><F115/><W81/><G122/><T69/><D69/><U128/><E128/><V119/><F119/><W108/><G82/><T72/><D105/><U56/><E46/><V49/><F123/><W47/><G108/><T121/><D121/><U2/><E90/><V61/><F61/><W64/><G64/><T77/><D31/><U96/><E96/><V45/><F120/><W55/><G0/><T116/><D88/><U92/><E92/><V59/><F59/><W97/><G97/><T28/><D28/><U60/><E133/><V30/><F30/><W21/><G81/><T127/><D127/><U39/><E39/><V26/><F26/><W52/><G8/><T83/><D83/><U135/><E135/><V73/><F73/><W58/><G130/><T86/><D72/><U67/><E67/><V14/><F50/><W78/><G78/><T93/><D113/><U16/><E29/><V9/><REACH who="2" step="1"/><F5/><REACH who="2" ten="200,211,187,392" step="2"/><W12/><G58/><T68/><D68/><U107/><E7/><V40/><AGARI ba="1,1" hai="6,9,14,17,22,27,40,45,49,87,89,95,101,102" machi="40" ten="20,12000,1" yaku="1,1,2,1,0,1,7,1,8,1,53,0" doraHai="131" doraHaiUra="114" who="2" fromWho="2" sc="200,-41,211,-41,187,133,392,-41" />
</Scene>
<Scene>
<INIT seed="6,2,0,5,5,116" ten="159,170,320,351" oya="2" hai0="114,120,130,24,1,23,51,101,105,91,102,25,128" hai1="81,64,79,57,10,50,40,12,17,98,6,121,93" hai2="47,110,100,36,35,126,48,41,109,122,70,61,49" hai3="42,88,34,32,21,46,117,113,53,30,80,9,20"/><V90/><F35/><W60/><G117/><T73/><D1/><U52/><E121/><V11/><F11/><W76/><G113/><T111/><D73/><U58/><E40/><V67/><F90/><W115/><G115/><T45/><D114/><U54/><E64/><V0/><F100/><W104/><G104/><T55/><D111/><N who="2" m="42506" /><F0/><W118/><G118/><T33/><D120/><U108/><E108/><V78/><F78/><W66/><G53/><T82/><D33/><U38/><E38/><V74/><F74/><W68/><G88/><T8/><D8/><U125/><E125/><V71/><F122/><W129/><G9/><T127/><D127/><U94/><E6/><V29/><F29/><W103/><G103/><N who="0" m="39435" /><D23/><U19/><E19/><V15/><F15/><W13/><G30/><T95/><D82/><U26/><E26/><V92/><F92/><W97/><G76/><T77/><D77/><U56/><E98/><V119/><F119/><W31/><G97/><N who="0" m="57599" /><D105/><U131/><E131/><AGARI ba="2,0" hai="24,25,45,51,55,128,130,131" m="57599,39435" machi="131" ten="30,1000,0" yaku="19,1" doraHai="116" who="0" fromWho="1" sc="159,16,170,-16,320,0,351,0" />
</Scene>
<Scene>
<INIT seed="7,0,0,3,3,77" ten="175,154,320,351" oya="3" hai0="113,109,68,13,119,44,84,79,5,56,67,17,62" hai1="39,1,93,32,15,14,55,54,102,12,31,117,20" hai2="120,8,86,35,132,16,73,82,108,91,75,49,30" hai3="81,28,90,23,89,74,29,64,59,6,45,116,58"/><W115/><G116/><T97/><D109/><U78/><E39/><V110/><F132/><W18/><G6/><T87/><D119/><U100/><E117/><V103/><F103/><N who="1" m="39465" /><E32/><V43/><F120/><W10/><G115/><T34/><D34/><U99/><E1/><V2/><F75/><W7/><G45/><T118/><D118/><U69/><E69/><V122/><F73/><W50/><G74/><T42/><D113/><U51/><E51/><V9/><F122/><W107/><G107/><T47/><D68/><U88/><E78/><V134/><F134/><W80/><G64/><T83/><D5/><U26/><AGARI ba="0,0" hai="12,14,15,20,26,31,54,55,88,93,99" m="39465" machi="26" ten="30,2000,0" yaku="8,1,54,1" doraHai="77" who="1" fromWho="1" sc="175,-5,154,20,320,-5,351,-10" owari="170,-33.0,174,-23.0,315,12.0,341,44.0" />
</Scene>
</mjloggm>