<mjloggm ver="2.3"><GO type="169" lobby="0"/><UN n0="%E5%A4%AA%E3%81%8F%E3%81%AA%E3%81%84%E3%81%8A" n1="%E6%9C%88%E8%A9%A0%E3%81%95%E3%82%93" n2="%E3%83%87%E3%83%87%E3%82%AD%E3%83%B3%E3%83%88" n3="%E3%81%A4%E3%81%8D%E3%81%AE%E3%81%AD%E3%81%93" dan="18,16,17,16" rate="2232.77,2125.70,2224.46,2099.42" sx="F,F,M,M"/><TAIKYOKU oya="0"/>

<Scene>
<INIT seed="0,0,0,2,4,81" ten="250,250,250,250" oya="0" hai0="0,128,51,57,55,34,133,131,50,40,85,63,43" hai1="127,110,23,17,130,70,15,134,111,97,74,89,64" hai2="69,62,129,48,73,44,83,61,66,68,4,119,6" hai3="35,87,103,118,52,84,100,109,45,32,9,117,2"/><T41/><D0/><U20/><E74/><V124/><F124/><W37/><G109/><T1/><D1/><U67/><E127/><V116/><F129/><N who="0" m="49738" /><D34/><U92/><E130/><V54/><F73/><W105/><G118/><N who="2" m="45097" /><F83/><W114/><G114/><T46/><D85/><U106/><E134/><V58/><F6/><W53/><G105/><T18/><D18/><U115/><E115/><V126/><F4/><W102/><G117/><T65/><D133/><U96/><E70/><AGARI ba="0,0" hai="40,41,43,46,50,51,55,57,63,65,70" m="49738" machi="70" ten="30,5800,0" yaku="19,1,34,2" doraHai="81" who="0" fromWho="1" sc="250,58,250,-58,250,0,250,0" />
</Scene>
<Scene>
<INIT seed="0,1,0,1,2,74" ten="308,192,250,250" oya="0" hai0="12,11,126,128,20,42,59,24,133,76,78,117,9" hai1="115,49,36,130,6,116,14,92,86,104,32,85,67" hai2="72,1,54,113,4,60,98,127,2,45,58,69,70" hai3="33,55,31,0,95,46,21,124,47,114,35,125,68"/><T50/><D117/><U87/><E104/><V109/><F72/><W16/><G0/><T7/><D126/><N who="3" m="48745" /><G68/><T135/><D128/><U52/><E36/><V93/><F113/><W38/><G114/><T106/><D106/><U120/><E115/><V81/><F109/><W97/><G55/><N who="0" m="32247" /><D42/><U103/><E120/><V62/><F127/><W134/><G31/><N who="0" m="17799" /><D9/><N who="1" m="4407" /><E32/><N who="3" m="12362" /><G38/><T34/><D34/><U22/><E130/><V39/><F70/><W112/><G134/><AGARI ba="1,0" hai="7,11,12,76,78,133,134,135" m="17799,32247" machi="134" ten="30,5800,0" yaku="20,1,52,2" doraHai="74" who="0" fromWho="3" sc="308,61,192,0,250,0,250,-61" />
</Scene>
<Scene>
<INIT seed="0,2,0,2,2,33" ten="369,192,250,189" oya="0" hai0="60,6,71,8,132,31,26,14,69,68,75,23,113" hai1="7,37,52,89,48,101,0,116,90,120,50,51,95" hai2="21,63,66,110,76,128,86,135,16,11,44,57,47" hai3="39,53,82,105,72,130,43,133,4,94,87,40,127"/><T58/><D75/><U83/><E120/><V32/><F110/><W15/><G105/><T61/><D132/><U112/><E116/><V100/><F32/><W29/><G133/><T38/><D113/><U73/><E37/><V98/><F135/><W108/><G108/><T88/><D38/><U42/><E112/><V49/><F128/><W111/><G111/><T84/><REACH who="0" step="1"/><D58/><REACH who="0" ten="359,192,250,189" step="2"/><U10/><E73/><V65/><F57/><W85/><G39/><T3/><D3/><U114/><E0/><V41/><F47/><W119/><G72/><T36/><D36/><U9/><E114/><V13/><F44/><W118/><G118/><T106/><D106/><U131/><E131/><V91/><F66/><W67/><G130/><T81/><AGARI ba="2,1" hai="6,8,14,23,26,31,60,61,68,69,71,81,84,88" machi="81" ten="30,6000,0" yaku="1,1,0,1,54,1,53,0" doraHai="33" doraHaiUra="28" who="0" fromWho="0" sc="359,76,192,-22,250,-22,189,-22" />
</Scene>
<Scene>
<INIT seed="0,3,0,2,3,59" ten="435,170,228,167" oya="0" hai0="129,69,85,10,57,66,58,52,22,41,50,93,101" hai1="64,62,132,2,109,118,74,126,9,11,48,24,99" hai2="107,113,36,75,121,7,12,87,133,82,47,128,115" hai3="18,90,108,95,84,102,103,78,45,94,125,68,23"/><T123/><D123/><U0/><E118/><V61/><F107/><W77/><G68/><T51/><D129/><U16/><E74/><V27/><F75/><W106/><G106/><T122/><D122/><U72/><E72/><V130/><F121/><W55/><G125/><T37/><D10/><U63/><E126/><V83/><F27/><W71/><G71/><T98/><D22/><N who="1" m="13383" /><E2/><V43/><F133/><W88/><G55/><T8/><D8/><U92/><E0/><V26/><F26/><N who="3" m="14711" /><G45/><N who="0" m="25903" /><D37/><U39/><E39/><V76/><F12/><W79/><G108/><T91/><D69/><U20/><E64/><V13/><F13/><W117/><G117/><T67/><D58/><U89/><E109/><V73/><F7/><W120/><G120/><T42/><D42/><U4/><E48/><V100/><F128/><W105/><G105/><T104/><D104/><U32/><E32/><V56/><F130/><W33/><G33/><T38/><D38/><U35/><E35/><V110/><F110/><W6/><G6/><T44/><D44/><U14/><E11/><V60/><F56/><W17/><G17/><T81/><AGARI ba="3,0" hai="51,52,57,66,67,81,85,91,93,98,101" m="25903" machi="81" ten="30,3000,0" yaku="8,1,54,1" doraHai="59" who="0" fromWho="0" sc="435,39,170,-13,228,-13,167,-13" />
</Scene>
<Scene>
<INIT seed="0,4,0,0,4,29" ten="474,157,215,154" oya="0" hai0="10,15,99,72,53,66,119,116,50,112,0,37,95" hai1="19,69,26,128,44,39,107,64,2,75,56,55,24" hai2="120,81,5,17,71,113,93,22,103,46,115,129,78" hai3="51,121,60,18,73,102,70,92,89,134,16,101,34"/><T48/><D37/><U31/><E2/><V94/><F71/><W100/><G73/><T68/><D0/><U42/><E75/><V84/><F120/><W117/><G117/><T118/><D72/><U61/><E107/><V35/><F35/><W47/><G34/><T11/><D112/><U98/><E128/><V86/><F129/><W27/><G134/><T8/><D15/><U1/><E1/><V59/><F5/><W32/><G121/><T109/><D109/><U88/><E19/><V21/><F113/><W87/><G60/><T54/><D68/><U97/><E26/><V12/><F115/><W125/><G70/><T96/><D66/><U3/><E3/><V45/><F59/><W91/><G91/><T90/><REACH who="0" step="1"/><D99/><REACH who="0" ten="464,157,215,154" step="2"/><U23/><REACH who="1" step="1"/><E88/><REACH who="1" ten="464,147,215,154" step="2"/><N who="2" m="53399" /><F103/><W110/><G110/><T135/><D135/><U79/><E79/><V108/><F108/><W131/><G131/><T52/><AGARI ba="4,2" hai="8,10,11,48,50,52,53,54,90,95,96,116,118,119" machi="52" ten="40,12000,1" yaku="1,1,0,1,29,2,54,1,53,0" doraHai="29" doraHaiUra="77" who="0" fromWho="0" sc="464,152,147,-44,215,-44,154,-44" />
</Scene>
<Scene>
<INIT seed="0,5,0,3,0,84" ten="616,103,171,110" oya="0" hai0="135,116,20,127,19,48,25,130,104,74,98,89,112" hai1="27,6,9,60,61,72,111,29,126,41,28,51,82" hai2="108,102,13,124,11,10,37,110,101,2,85,49,122" hai3="121,97,118,5,3,133,62,22,40,71,31,131,53"/><T45/><D112/><U105/><E105/><V57/><F37/><W103/><G118/><T52/><D116/><U65/><E111/><N who="2" m="42539" /><F122/><W32/><G40/><T83/><D127/><U67/><E126/><V16/><F124/><W114/><G114/><T47/><D130/><U106/><E106/><V4/><F85/><W76/><G76/><T64/><D135/><U88/><E72/><V125/><F125/><W33/><G133/><T95/><D104/><U75/><E75/><V43/><F57/><W35/><G131/><T36/><D64/><U86/><E51/><V55/><F55/><W96/><G96/><T63/><D63/><N who="1" m="24139" /><E41/><V34/><F34/><W68/><G68/><T0/><D0/><U58/><E58/><V44/><AGARI ba="5,0" hai="2,4,10,11,13,16,43,44,49,101,102" m="42539" machi="44" ten="30,2000,0" yaku="14,1,54,1" doraHai="84" who="2" fromWho="2" sc="616,-15,103,-10,171,35,110,-10" />
</Scene>
<Scene>
<INIT seed="1,0,0,5,4,133" ten="601,93,206,100" oya="1" hai0="15,25,76,135,3,81,49,72,13,99,27,51,47" hai1="43,32,95,79,127,110,64,75,70,44,92,5,60" hai2="132,21,20,45,19,119,106,11,109,63,108,4,74" hai3="102,37,97,67,96,130,134,7,12,93,120,61,107"/><U30/><E5/><V9/><F106/><W58/><G37/><T17/><D3/><U126/><E110/><N who="2" m="42603" /><F74/><W41/><G41/><T118/><D118/><U8/><E8/><V116/><F63/><W0/><G134/><T101/><D135/><U35/><E95/><V65/><F65/><W112/><G112/><T57/><D57/><U80/><E92/><V89/><F45/><W123/><G0/><T46/><D46/><U85/><E85/><V98/><F89/><W91/><G7/><T42/><D51/><U103/><E103/><V55/><F55/><W59/><G12/><T128/><D15/><U33/><REACH who="1" step="1"/><E30/><REACH who="1" ten="601,83,206,100" step="2"/><V113/><F132/><W86/><G86/><T52/><D101/><U71/><E71/><V94/><F94/><W83/><G102/><T23/><D72/><U48/><AGARI ba="0,1" hai="32,33,35,43,44,48,60,64,70,75,79,80,126,127" machi="48" ten="40,12000,1" yaku="1,1,0,1,52,2,53,0" doraHai="133" doraHaiUra="50" who="1" fromWho="1" sc="601,-40,83,130,206,-40,100,-40" />
</Scene>
<Scene>
<INIT seed="1,1,0,2,1,61" ten="561,213,166,60" oya="1" hai0="42,54,62,128,8,2,6,67,121,81,79,104,10" hai1="27,66,127,14,112,71,25,77,0,134,34,120,99" hai2="68,129,92,75,5,78,58,4,29,28,111,60,51" hai3="97,115,20,44,80,40,89,131,87,24,113,117,132"/><U18/><E120/><V110/><F129/><W100/><G131/><T133/><D128/><U135/><E112/><V122/><F122/><W19/><G132/><N who="1" m="50730" /><E0/><V76/><F68/><W107/><REACH who="3" step="1"/><G117/><REACH who="3" ten="561,213,166,50" step="2"/><T37/><D133/><U12/><E127/><V55/><F110/><W26/><G26/><T23/><D121/><U105/><E25/><V116/><F116/><W22/><G22/><T1/><D23/><U95/><E27/><V83/><F111/><W69/><G69/><T91/><D8/><U33/><E33/><V56/><F29/><W39/><AGARI ba="1,1" hai="19,20,24,39,40,44,80,87,89,97,100,107,113,115" machi="39" ten="20,2700,0" yaku="1,1,0,1,7,1,53,0" doraHai="61" doraHaiUra="90" who="3" fromWho="3" sc="561,-8,213,-14,166,-8,50,40" />
</Scene>
<Scene>
<INIT seed="2,0,0,0,0,105" ten="553,199,158,90" oya="2" hai0="69,43,131,22,15,126,44,68,90,113,13,95,101" hai1="48,28,89,59,80,63,25,119,87,108,84,75,135" hai2="98,16,82,45,123,60,65,26,62,29,116,4,88" hai3="8,30,118,134,81,72,35,67,32,66,42,3,18"/><V55/><F116/><W128/><G118/><T37/><D113/><U24/><E119/><V19/><F123/><W58/><G42/><T112/><D112/><U127/><E108/><V73/><F4/><W86/><G72/><T74/><D74/><U122/><E127/><V130/><F130/><W50/><G134/><T132/><D101/><U115/><E115/><V104/><F45/><W40/><G32/><T61/><D132/><U70/><E135/><V106/><F106/><W109/><G109/><T133/><D133/><U31/><E70/><V7/><F7/><W64/><G35/><T71/><D126/><U93/><E48/><V2/><F2/><W20/><G30/><N who="1" m="11306" /><E75/><V91/><F55/><W39/><G39/><T117/><D117/><U102/><E102/><N who="2" m="62551" /><F60/><W114/><G3/><T1/><D1/><U107/><E107/><V38/><F38/><W33/><G33/><T51/><D131/><U53/><E122/><V125/><F125/><W124/><G124/><T23/><D51/><U11/><E11/><V10/><F10/><W5/><G5/><T14/><REACH who="0" step="1"/><D61/><REACH who="0" ten="543,199,158,90" step="2"/><U96/><E96/><AGARI ba="0,1" hai="13,14,15,22,23,37,43,44,68,69,71,90,95,96" machi="96" ten="50,3200,0" yaku="1,1,2,1,53,0" doraHai="105" doraHaiUra="46" who="0" fromWho="1" sc="543,42,199,-32,158,0,90,0" />
</Scene>
<Scene>
<INIT seed="3,0,0,1,5,60" ten="585,167,158,90" oya="3" hai0="15,59,79,81,70,25,80,120,12,129,107,100,31" hai1="65,134,9,47,0,67,55,132,11,49,90,35,91" hai2="115,43,21,5,63,24,37,77,101,36,27,17,75" hai3="41,102,69,96,130,118,16,45,114,117,19,8,74"/><W30/><G74/><T50/><D70/><U105/><E35/><V119/><F115/><W13/><G114/><T46/><D120/><U82/><E105/><V34/><F119/><W68/><G130/><T110/><D129/><U85/><E91/><V95/><F5/><W73/><G73/><T78/><D110/><U89/><E89/><V106/><F106/><W39/><G68/><T86/><D59/><U76/><E76/><V44/><F37/><W99/><G69/><T94/><D107/><U103/><E103/><V128/><F128/><W40/><G30/><T51/><D100/><U126/><E126/><V57/><F77/><W23/><G41/><T127/><D94/><U4/><REACH who="1" step="1"/><E11/><REACH who="1" ten="585,157,158,90" step="2"/><V116/><F116/><W61/><G102/><T108/><D127/><U121/><E121/><V93/><F101/><W2/><G118/><T33/><D78/><U20/><E20/><V133/><F34/><W10/><G117/><T62/><D79/><U124/><E124/><V88/><F88/><W18/><G10/><T1/><D33/><U53/><E53/><V66/><F75/><W29/><G99/><T135/><D108/><U84/><E84/><V6/><F21/><W92/><G96/><T58/><D86/><U83/><E83/><V97/><F97/><W32/><G92/><T112/><D80/><U7/><E7/><V54/><F6/><W125/><G125/><T22/><D81/><U14/><E14/><V38/><F93/><W71/><G8/><T131/><D12/><U109/><E109/><V123/><F95/><W111/><G111/><T113/><D113/><RYUUKYOKU ba="0,1" sc="585,-10,157,30,158,-10,90,-10" hai1="0,4,9,47,49,55,65,67,82,85,90,132,134" />
</Scene>
<Scene>
<INIT seed="4,1,1,0,1,131" ten="575,187,148,80" oya="0" hai0="44,11,123,125,62,40,34,83,52,67,59,45,49" hai1="29,113,43,20,122,104,84,36,127,12,87,115,28" hai2="107,128,126,96,13,18,8,77,93,22,4,106,35" hai3="50,97,63,37,66,72,89,101,56,46,124,27,69"/><T25/><D123/><U58/><E122/><V14/><F128/><W75/><G124/><T57/><D125/><U129/><E127/><V99/><F126/><W48/><G89/><T60/><D11/><U103/><E129/><V55/><F35/><W111/><G111/><T71/><D83/><U0/><E0/><V68/><F68/><W109/><G109/><T135/><D135/><U65/><E43/><V5/><F77/><W117/><G117/><T121/><D121/><U17/><E36/><V133/><F133/><W112/><G112/><N who="1" m="43082" /><E65/><V31/><F107/><W54/><G27/><T30/><REACH who="0" step="1"/><D62/><REACH who="0" ten="565,187,148,80" step="2"/><U90/><E58/><V92/><F8/><W64/><G64/><T24/><D24/><U81/><E87/><V26/><F26/><W53/><G37/><AGARI ba="1,2" hai="25,30,34,37,40,44,45,49,52,57,59,60,67,71" machi="37" ten="30,5800,0" yaku="1,1,7,1,54,1,53,0" doraHai="131" doraHaiUra="78" who="0" fromWho="3" sc="565,81,187,0,148,0,80,-61" />
</Scene>
<Scene>
<INIT seed="4,2,0,5,2,58" ten="646,187,148,19" oya="0" hai0="52,4,22,13,46,39,71,19,97,106,72,57,109" hai1="124,134,29,69,73,62,86,123,114,66,7,76,85" hai2="88,111,3,30,115,105,11,41,83,44,20,108,68" hai3="2,28,125,6,135,80,33,23,126,21,59,61,8"/><T74/><D71/><U110/><E123/><V84/><F105/><W51/><G135/><T79/><D109/><U121/><E110/><V122/><F122/><W82/><G33/><T92/><D106/><U0/><E121/><V36/><F68/><W55/><G51/><T54/><D4/><U113/><E29/><V64/><F115/><N who="1" m="44041" /><E124/><N who="3" m="47722" /><G28/><T37/><D79/><U47/><E47/><V40/><F40/><W119/><G119/><T16/><D39/><U17/><E17/><V63/><F3/><W24/><G24/><T53/><D37/><U38/><E38/><V26/><REACH who="2" step="1"/><F11/><REACH who="2" ten="646,187,138,19" step="2"/><W31/><G31/><T1/><D1/><U87/><E134/><V89/><F89/><W77/><G77/><T67/><D46/><U49/><E76/><V112/><F112/><W133/><G133/><T81/><D74/><U102/><E73/><V128/><F128/><W130/><G130/><T35/><D72/><U60/><E102/><V42/><F42/><W100/><G100/><T12/><D57/><U117/><E117/><V18/><F18/><W75/><G75/><T43/><D43/><U45/><E69/><V94/><F94/><W96/><G21/><T95/><D19/><U32/><E32/><V25/><F25/><W93/><G23/><T120/><D35/><U56/><E56/><V65/><F65/><W78/><G78/><T34/><D34/><U116/><E66/><V15/><F15/><W14/><G2/><T9/><D120/><U127/><E127/><V5/><F5/><W48/><G48/><T107/><D22/><U101/><E116/><V103/><F103/><RYUUKYOKU ba="2,1" sc="646,-15,187,-15,138,15,19,15" hai2="20,26,30,36,41,44,63,64,83,84,88,108,111" hai3="6,8,14,55,59,61,80,82,93,96" />
</Scene>
<Scene>
<INIT seed="5,3,1,0,1,13" ten="631,172,153,34" oya="1" hai0="103,23,71,28,132,26,53,73,97,4,111,17,9" hai1="75,43,57,14,33,69,12,124,68,105,101,108,131" hai2="85,31,99,88,15,82,74,83,116,115,47,8,110" hai3="96,112,90,122,38,18,78,70,24,56,55,49,67"/><U36/><E75/><V42/><F110/><W98/><G38/><T64/><D111/><U16/><E33/><V121/><F121/><W92/><G122/><T48/><D73/><U65/><E108/><V66/><F116/><W123/><G123/><T32/><D132/><U100/><E14/><V51/><F115/><W125/><G125/><T126/><D126/><U120/><E124/><V1/><F1/><W79/><G112/><T80/><D80/><U60/><E120/><V81/><F74/><W77/><G70/><T35/><D64/><U25/><E25/><V0/><F0/><W52/><G98/><T40/><D40/><U119/><E119/><V128/><F128/><W54/><G67/><T11/><D71/><U102/><E105/><V20/><F99/><W59/><G59/><T94/><D28/><U10/><REACH who="1" step="1"/><E131/><REACH who="1" ten="631,162,153,34" step="2"/><V45/><F15/><W63/><G49/><T41/><D32/><U114/><E114/><V34/><F34/><W21/><AGARI ba="3,2" hai="18,21,24,52,54,55,56,63,77,78,79,90,92,96" machi="21" ten="30,12000,2" yaku="0,1,25,2,8,1,52,1,54,1" doraHai="13" who="3" fromWho="3" sc="631,-33,162,-63,153,-33,34,149" />
</Scene>
<Scene>
<INIT seed="6,0,0,3,4,98" ten="598,99,120,183" oya="2" hai0="39,89,20,2,115,43,86,29,70,4,40,121,6" hai1="8,23,102,16,0,61,134,112,84,67,80,46,75" hai2="36,41,56,42,19,119,110,94,101,132,96,81,64" hai3="130,103,32,111,114,1,30,129,117,27,99,90,95"/><V38/><F119/><W25/><G117/><T133/><D121/><U17/><E75/><V60/><F110/><W91/><G111/><T9/><D70/><U113/><E134/><V52/><F132/><W49/><G1/><T24/><D133/><U10/><E46/><V135/><F135/><W44/><G25/><T50/><D39/><U77/><E17/><V68/><F81/><W106/><G106/><T21/><D115/><N who="1" m="44107" /><E0/><V131/><F131/><N who="3" m="50187" /><G114/><T7/><D21/><U124/><E124/><V66/><F68/><W127/><G127/><T125/><D125/><U28/><E28/><V51/><F38/><W47/><G47/><T62/><D62/><U35/><E35/><V92/><F36/><W18/><G18/><T73/><D73/><U88/><E77/><V57/><F66/><W53/><AGARI ba="0,0" hai="27,30,32,44,49,53,90,91,95,99,103" m="50187" machi="53" ten="30,2000,0" yaku="19,1,52,1" doraHai="98" who="3" fromWho="3" sc="598,-5,99,-5,120,-10,183,20" />
</Scene>
<Scene>
<INIT seed="7,0,0,1,1,40" ten="593,94,110,203" oya="3" hai0="22,41,11,132,82,64,48,62,46,68,133,35,55" hai1="130,128,38,12,99,84,78,127,94,36,102,135,37" hai2="2,61,69,34,131,77,108,43,118,42,31,110,16" hai3="91,56,111,28,66,5,89,9,17,49,112,4,58"/><W70/><G70/><T86/><D35/><U29/><E29/><V27/><F118/><W1/><G17/><T19/><D41/><U74/><E74/><V14/><F131/><W79/><G9/><T105/><D105/><U63/><E127/><V123/><F123/><W8/><G49/><T13/><D22/><U30/><E30/><V0/><F77/><W104/><G8/><T122/><D122/><U53/><E135/><V98/><F98/><W113/><G66/><T101/><D101/><U100/><E100/><V25/><F25/><W20/><G20/><T124/><D124/><U93/><E12/><V23/><F43/><W109/><G1/><T80/><D80/><U76/><E94/><V57/><F42/><W18/><G28/><T24/><D24/><U51/><E63/><V6/><F69/><W97/><G18/><T10/><D10/><U59/><REACH who="1" step="1"/><E84/><REACH who="1" ten="593,84,110,203" step="2"/><V103/><F103/><W106/><G97/><T92/><D92/><U65/><E65/><N who="2" m="39087" /><F2/><W33/><G33/><T95/><D95/><U75/><E75/><V39/><F39/><W60/><G60/><T73/><D73/><U67/><E67/><V32/><F32/><W83/><G83/><T45/><D19/><U21/><E21/><V81/><F81/><W15/><G15/><T52/><D13/><U54/><E54/><V96/><F96/><W119/><G119/><T114/><D11/><AGARI ba="0,1" hai="0,6,11,14,16,23,27,31,34,108,110" m="39087" machi="11" ten="30,2000,0" yaku="24,1,54,1" doraHai="40" who="2" fromWho="0" sc="593,-20,84,0,110,30,203,0" owari="573,68.0,84,-42.0,140,-26.0,203,0.0" />
</Scene>
</mjloggm>