<mjloggm ver="2.3"><GO type="169" lobby="0"/><UN n0="%E9%BE%8D%E9%96%80%E6%B8%95%E9%80%8F%E8%8F%AF" n1="%E5%A4%AA%E3%81%8F%E3%81%AA%E3%81%84%E3%81%8A" n2="%37%66%75%6B%75%6A%69%6E" n3="%3D%4A%61%6D" dan="16,19,16,16" rate="2073.41,2336.15,2056.33,2091.18" sx="F,F,M,M"/><TAIKYOKU oya="0"/>

<Scene>
<INIT seed="0,0,0,4,1,124" ten="250,250,250,250" oya="0" hai0="19,95,107,34,84,10,18,5,52,113,50,35,105" hai1="120,22,115,85,57,114,78,69,91,53,108,103,77" hai2="44,33,59,81,122,7,127,116,94,31,89,99,75" hai3="97,79,13,133,93,87,106,16,26,38,25,104,92"/><T118/><D118/><U21/><E69/><V64/><F122/><W117/><G38/><T125/><D113/><N who="1" m="43019" /><E108/><V83/><F127/><W73/><G117/><T101/><D125/><U30/><E103/><V49/><F75/><W100/><G92/><T1/><D107/><U20/><E30/><V70/><F70/><W60/><G133/><T11/><D105/><U74/><E74/><V86/><F116/><W47/><G47/><T110/><D110/><U8/><E8/><V14/><F31/><W66/><G106/><T17/><D11/><U55/><E120/><V82/><F33/><W54/><G54/><N who="1" m="20490" /><E57/><V56/><F64/><W41/><G41/><T39/><D39/><U111/><E111/><V71/><F71/><W123/><G123/><T0/><D0/><U112/><N who="1" m="43027" /><U36/><DORA hai="119" /><E36/><V27/><F27/><W76/><G73/><T88/><REACH who="0" step="1"/><D101/><REACH who="0" ten="240,250,250,250" step="2"/><U32/><E32/><V61/><F61/><W109/><G109/><T45/><AGARI ba="0,1" hai="1,5,10,17,18,19,34,35,45,50,52,84,88,95" machi="45" ten="30,12000,1" yaku="1,1,2,1,0,1,54,2,53,0" doraHai="124,119" doraHaiUra="9,134" who="0" fromWho="0" sc="240,130,250,-40,250,-40,250,-40" />
</Scene>
<Scene>
<INIT seed="0,1,0,1,2,101" ten="370,210,210,210" oya="0" hai0="26,2,1,50,0,73,16,123,21,98,14,110,135" hai1="79,84,22,37,102,33,23,119,62,55,34,90,75" hai2="61,100,25,116,129,59,39,74,4,130,41,31,120" hai3="46,97,127,115,51,80,43,131,47,65,126,32,81"/><T93/><D123/><U15/><E37/><V99/><F74/><W29/><G115/><T78/><D110/><U5/><E119/><V77/><F77/><W70/><G131/><N who="2" m="50185" /><F120/><W19/><G19/><T42/><D135/><U117/><E117/><V57/><F116/><W58/><G70/><T64/><D64/><U35/><E79/><V8/><F41/><W109/><G109/><T105/><D105/><U28/><E75/><V53/><F59/><W54/><G65/><T134/><D134/><U85/><E102/><V94/><F39/><W67/><G67/><T11/><D73/><U38/><E38/><V71/><F71/><W106/><G46/><T103/><D78/><U122/><E122/><V66/><F53/><W18/><G18/><T82/><D82/><U68/><E68/><V7/><F8/><W133/><G133/><T10/><D42/><U88/><E62/><V112/><F112/><W87/><G87/><T121/><D50/><U83/><E55/><V49/><F49/><N who="3" m="31055" /><G29/><T95/><D121/><U91/><E28/><V108/><F108/><W107/><G97/><T40/><D40/><U9/><REACH who="1" step="1"/><E91/><REACH who="1" ten="370,200,210,210" step="2"/><V96/><F96/><W89/><G89/><T72/><D98/><U6/><E6/><V76/><F76/><W113/><G113/><T20/><D103/><U56/><E56/><V92/><F92/><AGARI ba="1,1" hai="5,9,15,22,23,33,34,35,83,84,85,88,90,92" machi="92" ten="40,2600,0" yaku="1,1,54,1,53,0" doraHai="101" doraHaiUra="111" who="1" fromWho="2" sc="370,0,200,39,210,-29,210,0" />
</Scene>
<Scene>
<INIT seed="1,0,0,1,5,86" ten="370,239,181,210" oya="1" hai0="67,68,37,51,80,129,123,130,0,104,134,71,127" hai1="78,13,63,106,55,89,118,27,46,12,61,47,74" hai2="107,43,73,22,100,64,5,131,84,4,6,79,44" hai3="34,19,60,2,53,40,23,75,8,28,124,62,94"/><U111/><E118/><V59/><F131/><W48/><G75/><T7/><D37/><U35/><E106/><V15/><F73/><W17/><G40/><T87/><D104/><U125/><E74/><V82/><F107/><W81/><G124/><T102/><D123/><U50/><E78/><V115/><F100/><W18/><G81/><T119/><D119/><U10/><E125/><V58/><F64/><W30/><G34/><T31/><D102/><U32/><E111/><V114/><F22/><W126/><G126/><T83/><D31/><N who="3" m="11817" /><G2/><T132/><D51/><U54/><E27/><V88/><F15/><W128/><G8/><T97/><D127/><U99/><E50/><N who="2" m="26911" /><F79/><W65/><G65/><T16/><D0/><U3/><E10/><V41/><F41/><W70/><G70/><T76/><D7/><U39/><E3/><V72/><F72/><W57/><G128/><T29/><D68/><U92/><E39/><V108/><F108/><W96/><G23/><T1/><D67/><U9/><E9/><V116/><F116/><W112/><G112/><AGARI ba="0,0" hai="4,5,6,58,59,82,84,88,112,114,115" m="26911" machi="112" ten="30,3900,0" yaku="11,1,52,1,54,1" doraHai="86" who="2" fromWho="3" sc="370,0,239,0,181,39,210,-39" />
</Scene>
<Scene>
<INIT seed="2,0,0,0,0,99" ten="370,239,220,171" oya="2" hai0="41,59,42,75,10,53,71,133,90,74,64,23,72" hai1="105,24,32,95,104,134,120,60,47,30,84,33,69" hai2="40,34,79,77,93,49,44,97,65,101,6,63,123" hai3="86,124,108,76,107,16,20,8,5,37,109,61,15"/><V127/><F123/><W118/><G37/><T36/><D133/><U85/><E134/><V13/><F127/><W92/><G107/><T128/><D128/><U17/><E120/><V35/><F35/><W68/><G118/><T122/><D122/><U82/><E33/><V19/><F6/><W114/><G124/><T106/><D36/><U113/><E113/><V119/><F34/><W25/><G114/><T4/><D106/><U2/><E2/><V116/><F116/><W18/><G18/><T132/><D132/><U27/><E47/><V22/><REACH who="2" step="1"/><F119/><REACH who="2" ten="370,239,210,171" step="2"/><W89/><G76/><T102/><D23/><U3/><E32/><V96/><F96/><W91/><REACH who="3" step="1"/><G89/><REACH who="3" ten="370,239,210,161" step="2"/><T110/><D90/><U83/><E17/><V56/><AGARI ba="0,2" hai="13,19,22,40,44,49,56,63,65,77,79,93,97,101" machi="56" ten="20,18000,2" yaku="1,1,0,1,7,1,8,1,52,1,53,1" doraHai="99" doraHaiUra="12" who="2" fromWho="2" sc="370,-60,239,-60,210,200,161,-60" />
</Scene>
<Scene>
<INIT seed="2,1,0,2,3,105" ten="310,179,410,101" oya="2" hai0="81,43,55,86,99,34,97,120,5,78,35,9,48" hai1="113,54,77,56,71,32,94,19,102,29,6,90,58" hai2="39,93,88,84,115,131,121,38,13,69,49,73,20" hai3="116,114,82,79,61,85,91,3,109,41,104,28,122"/><V95/><F121/><W0/><G28/><T112/><D43/><U1/><E71/><V117/><F115/><W15/><G122/><T123/><D112/><U111/><E113/><V24/><F69/><W64/><G114/><T103/><D99/><U126/><E102/><V67/><F67/><W110/><G116/><T89/><D89/><U40/><E40/><V7/><F117/><W31/><G104/><T101/><D101/><U128/><E77/><V119/><F119/><W14/><G31/><T125/><D125/><U100/><E100/><V66/><F66/><W16/><G15/><T27/><D27/><U62/><E111/><N who="3" m="42506" /><G41/><T2/><D123/><U10/><E126/><V17/><F73/><N who="3" m="43375" /><G91/><T45/><D120/><U21/><E128/><V132/><F131/><W70/><G85/><T63/><D63/><U68/><E68/><V75/><F75/><W53/><G53/><T80/><D80/><U106/><E106/><AGARI ba="1,0" hai="2,5,9,34,35,45,48,55,78,81,86,97,103,106" machi="106" ten="30,1000,0" yaku="7,1" doraHai="105" who="0" fromWho="1" sc="310,13,179,-13,410,0,101,0" />
</Scene>
<Scene>
<INIT seed="3,0,0,4,2,89" ten="323,166,410,101" oya="3" hai0="131,121,113,62,97,6,53,84,123,128,16,107,126" hai1="91,64,58,106,111,110,95,34,40,108,109,105,101" hai2="24,26,55,31,37,23,71,77,38,133,8,93,68" hai3="82,88,134,74,99,120,17,67,48,69,41,94,104"/><W115/><G120/><T80/><D6/><U4/><N who="1" m="28160" /><DORA hai="25" /><U60/><E34/><V3/><F77/><W118/><G118/><T32/><D32/><U76/><E76/><V1/><F133/><W70/><G134/><T11/><D126/><U66/><E40/><V2/><F8/><W56/><G115/><T46/><D113/><U117/><E117/><V112/><F112/><W98/><G74/><T135/><D135/><U79/><E79/><V100/><F55/><W7/><G82/><T130/><D97/><N who="1" m="59583" /><E4/><V30/><F100/><W86/><G7/><T116/><D107/><N who="1" m="40971" /><E91/><V114/><F114/><W122/><G122/><T45/><D116/><U43/><E43/><V63/><F93/><W20/><G104/><T73/><D123/><U127/><E127/><V5/><F5/><W51/><G70/><T22/><D121/><U132/><E132/><V36/><REACH who="2" step="1"/><F63/><REACH who="2" ten="323,166,400,101" step="2"/><N who="3" m="38375" /><G69/><T44/><D62/><U124/><E124/><V72/><F72/><W65/><G65/><AGARI ba="0,1" hai="58,60,64,65,66" m="40971,59583,28160" machi="65" ten="60,3900,0" yaku="14,1,52,1" doraHai="89,25" who="1" fromWho="3" sc="323,0,166,49,400,0,101,-39" />
</Scene>
<Scene>
<INIT seed="4,0,0,4,1,7" ten="323,215,400,62" oya="0" hai0="0,1,29,21,78,2,121,99,100,57,49,85,39" hai1="113,14,64,17,10,69,103,105,56,89,65,80,35" hai2="88,128,70,18,43,54,97,120,11,30,52,82,9" hai3="111,47,26,116,76,12,33,36,60,59,119,74,117"/><T19/><D39/><U41/><E35/><V104/><F120/><W135/><G111/><T46/><D29/><U62/><E41/><V75/><F70/><W55/><G135/><T102/><D121/><U20/><E113/><V118/><F118/><W129/><G76/><T101/><D57/><U106/><E103/><V123/><F123/><W109/><G74/><T90/><D78/><U83/><E69/><V86/><F43/><W37/><G109/><T25/><D85/><N who="1" m="50343" /><E106/><V42/><F42/><W50/><G129/><T94/><REACH who="0" step="1"/><D101/><REACH who="0" ten="313,215,400,62" step="2"/><U63/><E56/><V115/><F128/><W71/><G71/><T110/><D110/><U79/><E79/><V53/><F75/><W133/><G133/><T124/><D124/><U4/><E83/><V27/><F115/><W92/><G37/><T125/><D125/><U38/><E38/><V32/><REACH who="2" step="1"/><F18/><REACH who="2" ten="313,215,390,62" step="2"/><W31/><G36/><T114/><D114/><U98/><E17/><V67/><F67/><W126/><G126/><T122/><D122/><U108/><E65/><V45/><F45/><W23/><G119/><T77/><D77/><U66/><E64/><V16/><F16/><N who="3" m="10631" /><G117/><T34/><D34/><U51/><E66/><V40/><F40/><AGARI ba="0,2" hai="0,1,2,19,21,25,40,46,49,90,94,99,100,102" machi="40" ten="40,2000,0" yaku="1,1,53,0" doraHai="7" doraHaiUra="5" who="0" fromWho="2" sc="313,40,215,0,390,-20,62,0" />
</Scene>
<Scene>
<INIT seed="4,1,0,3,4,126" ten="353,215,370,62" oya="0" hai0="96,100,125,97,84,60,133,30,23,77,107,63,48" hai1="17,58,13,76,111,101,51,52,21,49,25,119,132" hai2="14,124,7,38,130,55,72,116,61,4,35,98,85" hai3="69,39,67,129,0,99,73,26,62,135,70,128,22"/><T90/><D125/><U43/><E111/><V110/><F85/><W123/><G73/><T66/><D133/><U104/><E119/><V56/><F124/><W19/><G135/><T9/><D77/><U20/><E132/><V127/><F127/><W28/><G123/><T117/><D117/><U103/><E76/><V131/><F116/><W33/><G39/><T59/><D63/><U24/><E104/><V12/><F35/><W18/><G0/><T42/><D97/><U115/><E115/><V89/><F72/><W102/><G70/><T32/><D9/><U68/><E68/><V79/><F79/><W106/><G19/><T74/><D32/><U47/><REACH who="1" step="1"/><E13/><AGARI ba="1,0" hai="13,18,22,26,28,33,62,67,69,99,102,106,128,129" machi="13" ten="40,8000,1" yaku="25,2,52,2" doraHai="126" who="3" fromWho="1" sc="353,0,215,-83,370,0,62,83" />
</Scene>
<Scene>
<INIT seed="5,0,0,0,3,129" ten="353,132,370,145" oya="1" hai0="1,40,29,112,90,4,53,113,15,48,73,134,118" hai1="88,18,102,100,8,7,35,103,19,131,38,39,17" hai2="127,36,76,78,67,33,58,2,65,116,30,120,94" hai3="22,98,31,128,32,74,93,41,66,117,110,72,52"/><U104/><E104/><V111/><F120/><W105/><G105/><T45/><D118/><U46/><E35/><V79/><F36/><W96/><G32/><T95/><D73/><U89/><E131/><V27/><F2/><W64/><G128/><T57/><D134/><U77/><E77/><V92/><F111/><W119/><G41/><T37/><D1/><U59/><E59/><V54/><F116/><W69/><G22/><T44/><D29/><U10/><E46/><V61/><F127/><W51/><G51/><T42/><D15/><U56/><E56/><V83/><F83/><W122/><G93/><T84/><REACH who="0" step="1"/><D4/><REACH who="0" ten="343,132,370,145" step="2"/><U121/><E121/><V3/><F3/><W43/><G31/><T101/><D101/><U82/><E7/><V130/><F130/><W114/><G74/><T63/><AGARI ba="0,1" hai="37,40,42,44,45,48,53,57,63,84,90,95,112,113" machi="63" ten="30,2000,0" yaku="1,1,0,1,53,0" doraHai="129" doraHaiUra="75" who="0" fromWho="0" sc="343,30,132,-10,370,-5,145,-5" />
</Scene>
<Scene>
<INIT seed="6,0,0,2,2,15" ten="373,122,365,140" oya="2" hai0="4,7,129,58,109,134,14,90,20,108,85,116,72" hai1="11,32,83,133,51,91,55,89,98,97,69,35,111" hai2="103,96,52,117,105,124,102,135,119,5,121,76,115" hai3="56,113,34,41,127,131,31,48,68,70,59,132,8"/><V95/><F121/><W74/><G74/><T87/><D116/><U122/><E111/><V61/><F115/><W120/><G31/><T112/><D72/><U45/><E69/><N who="3" m="26730" /><G8/><T17/><D129/><U82/><E122/><V25/><F124/><W75/><G34/><T86/><D112/><U42/><E133/><V47/><F135/><W66/><G75/><T123/><D134/><U18/><E42/><V50/><F5/><W21/><G21/><T3/><D123/><U101/><E32/><V125/><F125/><W12/><G12/><T53/><D3/><U26/><E35/><V77/><F25/><W79/><G79/><T33/><D33/><U22/><E11/><V23/><F23/><W110/><G120/><T118/><D118/><U24/><E24/><V0/><F0/><W46/><G127/><T27/><D108/><U29/><E29/><V13/><F13/><W104/><G104/><T57/><D109/><U81/><REACH who="1" step="1"/><E98/><REACH who="1" ten="373,112,365,140" step="2"/><V60/><F119/><W2/><G132/><T64/><D27/><U92/><AGARI ba="0,1" hai="18,22,26,45,51,55,81,82,83,89,91,92,97,101" machi="92" ten="30,8000,1" yaku="1,1,2,1,0,1,8,1,52,1,53,0" doraHai="15" doraHaiUra="114" who="1" fromWho="1" sc="373,-20,112,90,365,-40,140,-20" />
</Scene>
<Scene>
<INIT seed="7,0,0,3,1,23" ten="353,202,325,120" oya="3" hai0="57,81,101,124,46,117,88,80,73,9,34,38,13" hai1="59,62,103,49,92,31,18,22,15,58,90,120,91" hai2="41,16,119,11,33,77,118,84,20,89,52,135,68" hai3="106,7,130,115,78,1,0,72,132,26,116,50,102"/><W24/><G116/><T126/><D101/><U70/><E120/><V60/><F135/><W12/><G12/><T79/><D117/><U5/><E70/><V63/><F33/><W8/><G0/><T67/><D34/><U75/><E75/><V99/><F41/><W83/><G132/><T56/><D67/><N who="1" m="39383" /><E31/><V97/><F77/><W55/><G130/><T82/><D80/><U65/><E5/><V43/><F43/><W127/><G127/><T87/><D38/><U105/><E105/><V37/><F37/><W107/><G115/><T14/><D46/><U19/><E19/><V21/><F119/><W51/><G51/><T71/><D71/><U47/><E103/><V35/><F35/><W54/><G54/><T98/><D98/><N who="2" m="37386" /><F68/><W129/><G129/><T4/><D13/><U93/><E59/><N who="2" m="34919" /><F63/><W112/><G112/><T39/><D39/><U104/><E18/><V10/><F21/><W32/><G32/><T17/><D17/><U109/><E92/><N who="2" m="54311" /><F118/><W128/><G128/><T133/><D133/><U113/><E93/><V122/><F122/><W111/><G111/><T69/><D69/><U27/><E15/><AGARI ba="0,0" hai="10,11,15,16,20" m="54311,34919,37386" machi="15" ten="30,3900,0" yaku="8,1,54,2" doraHai="23" who="2" fromWho="1" sc="353,0,202,-39,325,39,120,0" owari="353,15.0,163,-24.0,364,47.0,120,-38.0" />
</Scene>
</mjloggm>