<mjloggm ver="2.3"><GO type="169" lobby="0"/><UN n0="%E3%83%A1%E3%82%AB%E3%82%BC%E3%83%83%E3%83%88%E3%83%B3" n1="%E5%A4%AA%E3%81%8F%E3%81%AA%E3%81%84%E3%81%8A" n2="%7A%6F%6F%31%39%36%34" n3="%E7%88%BD%E6%B5%B7" dan="17,18,16,16" rate="2186.19,2239.83,2102.04,2094.04" sx="M,F,M,F"/><TAIKYOKU oya="0"/>

<Scene>
<INIT seed="0,0,0,4,5,57" ten="250,250,250,250" oya="0" hai0="29,73,27,60,131,133,132,98,117,99,96,8,0" hai1="34,44,110,97,53,125,46,70,90,111,47,115,86" hai2="64,89,113,38,88,82,25,126,3,106,104,91,7" hai3="72,120,24,4,58,119,20,105,116,124,14,93,39"/><T130/><D73/><U63/><E34/><V48/><F38/><W54/><G105/><T22/><D117/><U15/><E125/><V109/><F126/><W10/><G72/><T5/><REACH who="0" step="1"/><D60/><REACH who="0" ten="240,250,250,250" step="2"/><U49/><E63/><V6/><F113/><W11/><G119/><T21/><D21/><U35/><E115/><V26/><F64/><W81/><G116/><T85/><D85/><U103/><E86/><V59/><F82/><W1/><G20/><T87/><D87/><U69/><E35/><V37/><F37/><W52/><G39/><T75/><D75/><U18/><E111/><V92/><F109/><W108/><G81/><T127/><D127/><U2/><E110/><V31/><F106/><W122/><G124/><T83/><D83/><U77/><E49/><V61/><F104/><W12/><G108/><T80/><D80/><U33/><E33/><V107/><F48/><W68/><G122/><T36/><D36/><U56/><E77/><V76/><F76/><W71/><G120/><T62/><D62/><U74/><E74/><V9/><F107/><W101/><G93/><T32/><D32/><U112/><E112/><V128/><F61/><W28/><G71/><T42/><D42/><U78/><E70/><V121/><F121/><W79/><G68/><T114/><D114/><U84/><E69/><V19/><F92/><W94/><G94/><T40/><D40/><U66/><E78/><V23/><F23/><W13/><G79/><T95/><D95/><U51/><E51/><V45/><F91/><W123/><G123/><T134/><AGARI ba="0,1" hai="0,5,8,22,27,29,96,98,99,130,131,132,133,134" machi="134" ten="40,7800,0" yaku="1,1,0,1,20,1,53,0" doraHai="57" doraHaiUra="41" who="0" fromWho="0" sc="240,88,250,-26,250,-26,250,-26" />
</Scene>
<Scene>
<INIT seed="0,1,0,5,4,19" ten="328,224,224,224" oya="0" hai0="76,48,125,116,43,14,79,106,56,93,67,59,112" hai1="52,132,37,7,54,63,60,94,84,42,70,21,113" hai2="128,22,32,114,120,13,38,2,46,126,87,0,28" hai3="83,69,47,134,9,107,124,127,12,88,55,90,10"/><T24/><D106/><U35/><E35/><V133/><F120/><W3/><G107/><T81/><D112/><U23/><E113/><V20/><F114/><W104/><G104/><T65/><D125/><U27/><E132/><V26/><F133/><W1/><G69/><T78/><D116/><U82/><E7/><V11/><F126/><N who="3" m="48171" /><G10/><T53/><D43/><U86/><E37/><V91/><F128/><W96/><G134/><T8/><D81/><U61/><E42/><V29/><F0/><N who="3" m="75" /><G96/><T135/><D135/><U4/><E4/><V39/><F2/><W62/><G83/><T101/><D24/><U103/><E70/><V58/><F32/><W75/><G75/><T73/><D73/><U109/><E109/><V40/><F39/><W71/><G47/><T6/><REACH who="0" step="1"/><D59/><REACH who="0" ten="318,224,224,224" step="2"/><U33/><E27/><V34/><F58/><N who="3" m="35167" /><G71/><T98/><AGARI ba="1,1" hai="6,8,14,48,53,56,65,67,76,78,79,93,98,101" machi="98" ten="30,6000,0" yaku="1,1,0,1,8,1,53,0" doraHai="19" doraHaiUra="25" who="0" fromWho="0" sc="318,73,224,-21,224,-21,224,-21" />
</Scene>
<Scene>
<INIT seed="0,2,0,2,2,18" ten="391,203,203,203" oya="0" hai0="21,48,75,2,52,10,40,13,4,22,122,64,67" hai1="30,9,59,45,84,55,115,70,106,104,42,51,36" hai2="88,110,87,108,129,62,25,43,56,114,19,125,60" hai3="86,12,82,85,16,126,26,3,95,99,7,68,65"/><T102/><D75/><U91/><E115/><V11/><F114/><W105/><G105/><T29/><D122/><U120/><E120/><V66/><F129/><W32/><G126/><T50/><D102/><U61/><E9/><V113/><F113/><W49/><G49/><T133/><D133/><U72/><E72/><V23/><F125/><W118/><G118/><T73/><D73/><U46/><E30/><V38/><F38/><W130/><G130/><T78/><D78/><U63/><E63/><V111/><F43/><W8/><G65/><N who="0" m="25163" /><D2/><U54/><REACH who="1" step="1"/><E70/><REACH who="1" ten="391,193,203,203" step="2"/><V93/><F62/><W33/><G68/><T89/><D29/><U90/><E90/><V116/><REACH who="2" step="1"/><F11/><REACH who="2" ten="391,193,193,203" step="2"/><W98/><G8/><T123/><D123/><U92/><AGARI ba="2,2" hai="36,42,45,46,51,54,55,59,61,84,91,92,104,106" machi="92" ten="20,2700,0" yaku="1,1,0,1,7,1,53,0" doraHai="18" doraHaiUra="79" who="1" fromWho="1" sc="391,-15,193,53,193,-9,203,-9" />
</Scene>
<Scene>
<INIT seed="1,0,0,4,2,88" ten="376,246,184,194" oya="1" hai0="132,122,85,8,130,5,93,58,115,61,75,109,96" hai1="51,82,3,111,41,40,19,86,103,94,116,105,49" hai2="55,12,106,64,69,32,47,78,46,70,37,91,117" hai3="36,99,113,108,77,28,10,92,120,24,53,15,31"/><U72/><E116/><V67/><F117/><W98/><G113/><T89/><D75/><U35/><E35/><V11/><F106/><W118/><G120/><T79/><D122/><U97/><E3/><V6/><F32/><W23/><G36/><T125/><D109/><U48/><E111/><V45/><F78/><W13/><G118/><T16/><D115/><U112/><E112/><V17/><F37/><W80/><G99/><T114/><D114/><U29/><E29/><V33/><F33/><W66/><G53/><T50/><D132/><U101/><E101/><V76/><F76/><W73/><G66/><T123/><D123/><U44/><E72/><V52/><F70/><W30/><G15/><N who="0" m="7271" /><D5/><U60/><E105/><V57/><F69/><W9/><G9/><T7/><D7/><U128/><E128/><V39/><F39/><W100/><REACH who="3" step="1"/><G108/><REACH who="3" ten="376,246,184,184" step="2"/><T38/><D38/><U25/><E40/><V1/><F55/><W131/><G131/><T107/><D96/><U2/><E2/><V4/><F1/><W129/><G129/><T27/><D130/><U104/><E104/><V87/><F67/><W62/><G62/><T54/><D61/><U42/><E60/><N who="2" m="35879" /><F64/><W14/><G14/><T81/><D107/><U21/><REACH who="1" step="1"/><E41/><REACH who="1" ten="376,236,184,184" step="2"/><V90/><F90/><AGARI ba="0,2" hai="19,21,25,42,44,48,49,51,82,86,90,94,97,103" machi="90" ten="30,12000,1" yaku="1,1,2,1,7,1,8,1,52,1,53,0" doraHai="88" doraHaiUra="0" who="1" fromWho="2" sc="376,0,236,140,184,-120,184,0" />
</Scene>
<Scene>
<INIT seed="1,1,0,0,0,131" ten="376,376,64,184" oya="1" hai0="21,0,18,29,109,48,10,45,93,23,13,30,83" hai1="2,63,115,24,76,17,116,69,15,70,110,112,8" hai2="96,46,108,49,5,19,71,101,123,128,106,44,95" hai3="120,43,87,7,41,33,4,104,26,78,62,98,36"/><U34/><E76/><V111/><F71/><W40/><G120/><T81/><D109/><N who="2" m="42058" /><F123/><W129/><G36/><T135/><D135/><U86/><E110/><V103/><F128/><W37/><G37/><T66/><D66/><U61/><E86/><V91/><F5/><W55/><G129/><T130/><D130/><U118/><E63/><V73/><F73/><W122/><G122/><T65/><D65/><U58/><E69/><V124/><F124/><W31/><G104/><T42/><D93/><U35/><E70/><V126/><F126/><W14/><G14/><T82/><REACH who="0" step="1"/><D0/><REACH who="0" ten="366,376,64,184" step="2"/><U16/><E2/><V102/><F106/><W90/><G98/><T27/><D27/><U88/><E24/><V94/><F95/><W51/><G26/><T28/><AGARI ba="1,1" hai="10,13,18,21,23,28,29,30,42,45,48,81,82,83" machi="28" ten="30,7900,0" yaku="1,1,0,1,8,1,53,1" doraHai="131" doraHaiUra="38" who="0" fromWho="0" sc="366,92,376,-40,64,-21,184,-21" />
</Scene>
<Scene>
<INIT seed="2,0,0,3,2,54" ten="458,336,43,163" oya="2" hai0="103,108,76,125,81,83,127,94,25,46,88,115,87" hai1="6,14,99,124,93,66,60,50,70,13,20,133,17" hai2="8,57,72,97,67,134,78,65,69,122,11,135,84" hai3="47,21,80,75,95,33,19,55,98,110,15,44,52"/><V129/><F122/><W61/><G33/><T100/><D25/><U71/><E133/><N who="2" m="50699" /><F72/><W34/><G34/><T64/><D64/><N who="2" m="24650" /><F69/><W130/><G55/><T31/><D31/><U0/><E124/><N who="0" m="47689" /><D46/><U12/><E71/><V106/><F129/><W3/><G110/><T73/><D108/><U18/><E50/><V79/><F84/><W85/><G3/><T24/><D24/><U42/><E42/><V30/><F30/><W41/><G41/><T117/><D117/><U120/><E120/><V102/><F57/><N who="3" m="34983" /><G75/><N who="0" m="43167" /><D115/><U1/><E70/><V45/><F45/><W5/><G5/><T43/><D43/><U32/><E6/><V51/><F51/><W38/><G38/><T118/><D118/><U77/><E60/><V107/><F107/><W82/><G82/><T40/><D40/><U68/><E68/><V132/><N who="2" m="50707" /><V96/><DORA hai="53" /><F96/><W26/><G26/><T4/><D4/><U128/><E99/><V105/><F105/><W22/><G130/><T104/><D104/><U35/><E128/><V23/><F23/><W116/><G21/><T37/><D37/><U62/><E20/><V92/><F106/><W86/><G116/><T48/><D48/><U9/><E62/><V63/><F63/><W121/><G121/><T56/><D56/><U74/><E66/><V90/><F102/><N who="3" m="60767" /><G80/><T109/><D109/><U113/><E74/><V49/><F49/><W91/><G47/><T111/><D111/><U59/><E32/><V39/><F39/><W131/><G44/><T7/><D7/><U58/><E35/><V29/><F29/><W36/><G131/><RYUUKYOKU ba="0,0" sc="458,15,336,-15,43,15,163,-15" hai0="73,83,87,88,94,100,103" hai2="8,11,78,79,90,92,97" />
</Scene>
<Scene>
<INIT seed="2,1,0,2,2,20" ten="473,321,58,148" oya="2" hai0="15,103,45,70,59,57,89,65,31,125,90,33,134" hai1="120,113,96,11,119,121,109,12,67,126,128,135,52" hai2="131,14,29,112,3,84,60,66,74,35,73,34,46" hai3="114,4,105,36,58,25,100,75,118,122,2,8,49"/><V51/><F3/><W87/><G75/><T111/><D111/><U17/><E67/><V107/><F112/><W19/><G36/><T28/><D103/><U27/><E96/><V18/><F131/><W77/><G118/><T39/><D15/><U81/><E81/><V133/><F107/><W71/><G71/><T26/><D31/><U132/><E113/><V30/><F133/><N who="1" m="51273" /><E119/><V5/><F5/><W82/><G122/><N who="1" m="47210" /><E109/><V23/><F74/><W104/><G100/><T32/><D32/><U78/><E78/><V9/><F73/><W55/><REACH who="3" step="1"/><G114/><REACH who="3" ten="473,321,58,138" step="2"/><T92/><D134/><U129/><E126/><V56/><F35/><W0/><G0/><T108/><D33/><U123/><E123/><V94/><F34/><W10/><G10/><T97/><D125/><U79/><E11/><V16/><F84/><W21/><AGARI ba="1,1" hai="2,4,8,19,21,25,49,55,58,77,82,87,104,105" machi="21" ten="30,4000,0" yaku="1,1,0,1,52,1,53,0" doraHai="20" doraHaiUra="124" who="3" fromWho="3" sc="473,-11,321,-11,58,-21,138,53" />
</Scene>
<Scene>
<INIT seed="3,0,0,2,3,74" ten="462,310,37,191" oya="3" hai0="26,85,111,66,99,107,58,41,0,6,95,76,46" hai1="80,22,92,109,72,81,4,24,83,11,54,53,19" hai2="125,9,117,10,1,42,96,21,123,5,124,51,50" hai3="118,70,135,7,28,57,56,115,67,91,68,25,34"/><W132/><G115/><T119/><D111/><U15/><E109/><V3/><F117/><W36/><G36/><T18/><D107/><U65/><E72/><V2/><F96/><W27/><G118/><T120/><D120/><U49/><E65/><V87/><F42/><W29/><G7/><T104/><D104/><U100/><E49/><N who="2" m="18443" /><F21/><N who="3" m="15407" /><G91/><T30/><D46/><U75/><E75/><V43/><F43/><W102/><G102/><T35/><D41/><U31/><E4/><V12/><F123/><W33/><G33/><T14/><D119/><U98/><AGARI ba="0,0" hai="11,15,19,22,24,31,53,54,80,81,83,92,98,100" machi="98" ten="30,2000,0" yaku="0,1,8,1" doraHai="74" who="1" fromWho="1" sc="462,-5,310,20,37,-5,191,-10" />
</Scene>
<Scene>
<INIT seed="4,0,0,0,0,35" ten="457,330,32,181" oya="0" hai0="8,20,4,78,90,16,134,31,98,58,130,93,106" hai1="57,112,44,1,118,55,108,124,63,117,59,81,9" hai2="61,26,105,95,38,3,13,11,87,74,29,77,121" hai3="120,25,56,104,34,46,28,18,135,5,96,62,91"/><T103/><D31/><U129/><E108/><V88/><F121/><W126/><G5/><T111/><D111/><U14/><E124/><V30/><F38/><W68/><G68/><T69/><D69/><U84/><E129/><V133/><F133/><W85/><G126/><T32/><D32/><U42/><E112/><V114/><F105/><W89/><G135/><T2/><D134/><U79/><E59/><V94/><F114/><W115/><G115/><T37/><D37/><U49/><REACH who="1" step="1"/><E1/><REACH who="1" ten="457,320,32,181" step="2"/><V6/><F74/><W92/><G56/><T60/><D130/><U7/><AGARI ba="0,1" hai="7,9,14,42,44,49,55,57,63,79,81,84,117,118" machi="7" ten="20,12000,2" yaku="1,1,2,1,0,1,7,1,25,2,53,1" doraHai="35" doraHaiUra="73" who="1" fromWho="1" sc="457,-60,320,130,32,-30,181,-30" />
</Scene>
<Scene>
<INIT seed="5,0,0,2,3,77" ten="397,450,2,151" oya="1" hai0="45,97,11,88,52,124,63,61,100,82,134,76,31" hai1="80,53,93,59,50,132,64,107,127,67,6,34,101" hai2="12,135,117,130,133,105,54,126,7,65,121,109,5" hai3="122,39,47,83,118,128,62,49,57,26,81,73,14"/><U55/><E34/><V102/><F121/><W96/><G122/><T27/><D11/><U110/><E107/><V4/><F117/><W79/><G39/><T40/><D124/><U48/><E127/><V2/><F126/><W68/><G68/><T3/><D3/><U66/><E132/><N who="2" m="50763" /><F109/><W22/><G14/><T10/><D10/><U60/><E110/><V103/><F2/><W120/><G120/><T56/><D134/><U29/><E29/><V84/><F130/><W8/><G8/><T25/><D63/><U13/><E6/><V35/><F35/><W20/><G96/><T113/><D113/><U94/><E13/><V43/><F43/><N who="3" m="24831" /><G79/><T114/><D114/><U91/><E101/><N who="2" m="38411" /><F105/><W1/><G73/><T21/><D27/><U98/><E98/><V41/><F41/><W44/><G1/><T17/><D31/><U23/><E23/><V30/><F30/><N who="3" m="17735" /><G128/><T32/><D32/><U42/><E42/><V18/><F65/><N who="3" m="39119" /><G118/><T112/><D112/><U33/><E33/><V0/><F0/><W99/><G99/><T92/><D100/><U36/><E36/><V131/><F131/><W9/><G9/><T58/><D58/><N who="1" m="33079" /><E60/><V70/><F70/><W104/><G104/><T72/><D40/><U123/><E123/><V125/><F125/><W74/><G74/><T87/><D45/><U119/><E119/><V86/><F54/><W78/><G22/><AGARI ba="0,0" hai="4,5,7,12,18,22,84,86" m="38411,50763" machi="22" ten="30,1000,0" yaku="20,1" doraHai="77" who="2" fromWho="3" sc="397,0,450,0,2,10,151,-10" />
</Scene>
<Scene>
<INIT seed="6,0,0,4,2,57" ten="397,450,12,141" oya="2" hai0="23,109,52,5,78,87,129,82,95,42,14,65,111" hai1="126,125,53,110,117,44,73,68,76,63,72,12,104" hai2="27,69,47,7,86,40,26,79,17,93,114,96,89" hai3="102,49,28,128,123,46,108,67,66,20,64,100,122"/><V32/><F114/><W75/><G108/><T116/><D129/><U24/><E117/><V8/><F69/><W124/><G75/><T15/><D116/><U39/><E104/><V19/><F27/><N who="3" m="16487" /><G123/><T43/><D65/><N who="1" m="41023" /><E110/><V107/><F32/><W34/><G122/><T131/><D131/><U9/><E24/><V84/><F107/><W101/><G34/><T71/><D71/><U77/><E53/><V99/><F26/><W59/><G124/><N who="1" m="47722" /><E44/><V134/><F134/><W50/><G50/><T120/><D120/><U33/><E39/><V3/><F19/><W41/><G128/><T4/><D52/><U48/><E48/><V10/><F17/><W22/><G22/><T58/><D23/><U118/><E118/><V133/><F10/><W119/><G119/><T88/><D5/><N who="1" m="3119" /><E33/><V56/><F133/><W130/><G130/><T74/><D4/><U51/><E51/><V80/><REACH who="2" step="1"/><F56/><AGARI ba="0,0" hai="41,46,49,56,59,64,66,67,100,101,102" m="16487" machi="56" ten="30,1000,0" yaku="8,1" doraHai="57" who="3" fromWho="2" sc="397,0,450,0,12,-10,141,10" />
</Scene>
<Scene>
<INIT seed="7,0,0,0,4,47" ten="397,450,2,151" oya="3" hai0="85,75,88,95,101,38,113,77,82,57,50,135,74" hai1="102,2,61,91,26,97,19,10,6,73,112,37,98" hai2="117,51,134,46,3,9,122,41,119,13,64,104,7" hai3="69,0,80,67,14,115,96,127,79,20,78,11,99"/><W24/><G0/><T17/><D38/><U28/><E37/><V62/><F122/><W111/><G69/><T105/><D135/><U106/><E73/><V81/><F134/><W56/><G79/><T36/><D36/><U129/><E112/><V93/><F104/><W100/><G115/><T68/><D68/><U54/><E129/><V12/><F93/><W29/><G127/><T114/><D17/><U52/><E19/><V48/><F3/><W18/><G111/><T108/><D75/><U30/><E61/><V35/><F35/><W44/><G44/><T32/><D32/><U45/><E45/><V63/><F119/><W125/><G125/><T39/><D39/><U43/><E43/><V130/><F117/><W110/><G110/><T40/><D108/><U118/><E118/><V84/><F130/><W27/><G27/><T132/><D132/><U87/><E97/><V76/><F64/><W49/><G100/><T107/><D107/><U103/><E103/><V1/><F1/><W34/><G34/><T22/><D22/><U16/><E16/><V58/><F13/><W31/><G67/><T60/><D60/><U109/><E109/><V23/><F23/><W21/><G21/><T70/><D70/><U116/><E116/><V71/><F71/><W121/><G121/><T8/><D8/><U53/><REACH who="1" step="1"/><E26/><REACH who="1" ten="397,440,2,151" step="2"/><V86/><F86/><N who="3" m="48407" /><G11/><T25/><D25/><U124/><E124/><V15/><F15/><W131/><G14/><T128/><D128/><U5/><E5/><V65/><F63/><W33/><G131/><T59/><D113/><U55/><E55/><RYUUKYOKU ba="0,1" sc="397,-15,440,15,2,15,151,-15" hai1="2,6,10,28,30,52,53,54,87,91,98,102,106" hai2="7,9,12,41,46,48,51,58,62,65,76,81,84" owari="382,18.0,465,56.0,17,-48.0,136,-26.0" />
</Scene>
</mjloggm>