<mjloggm ver="2.3"><GO type="169" lobby="0"/><UN n0="%E3%82%AC%E3%83%9F%E3%82%B4%E3%83%B3" n1="%E3%81%9C%E3%82%8D%E3%82%81%E3%81%90" n2="%E3%81%8D%E3%82%89%E3%82%81%E3%81%8F%E3%83%91%E3%83%B3%E3%82%B8%E3%83%BC" n3="%E5%A4%AA%E3%81%8F%E3%81%AA%E3%81%84%E3%81%8A" dan="17,16,17,19" rate="2179.19,2126.22,2185.11,2280.79" sx="M,F,M,M"/><TAIKYOKU oya="0"/>

<Scene>
<INIT seed="0,0,0,2,2,97" ten="250,250,250,250" oya="0" hai0="117,9,50,17,20,101,94,46,128,6,23,112,91" hai1="81,83,32,5,13,35,33,55,69,77,103,80,131" hai2="78,121,52,96,98,100,120,116,59,3,51,123,47" hai3="71,133,11,58,53,67,119,89,85,113,27,104,118"/><T66/><D112/><U22/><E131/><V31/><F3/><W42/><G113/><T70/><D128/><U111/><E111/><V2/><F2/><W36/><G104/><T126/><D117/><U7/><E69/><V15/><F78/><W109/><G109/><T134/><D126/><U49/><E77/><V99/><F116/><W8/><G27/><T129/><D134/><U62/><E62/><V122/><N who="2" m="31232" /><DORA hai="82" /><V115/><F115/><W29/><G29/><T37/><D37/><U56/><REACH who="1" step="1"/><E103/><REACH who="1" ten="250,240,250,250" step="2"/><V0/><F100/><W124/><G71/><T79/><D79/><U92/><E92/><V87/><F99/><W41/><G119/><T74/><D101/><U76/><E76/><V12/><F98/><W106/><G118/><T72/><D129/><U127/><E127/><V68/><F96/><W73/><G124/><T38/><D70/><U114/><E114/><V64/><F68/><W24/><G133/><T43/><D94/><U125/><E125/><V10/><F0/><W130/><G130/><T93/><D93/><U1/><E1/><V132/><F132/><W26/><G106/><T57/><D74/><U63/><E63/><V75/><F75/><W40/><G73/><T54/><D72/><U21/><E21/><V105/><F105/><W25/><G89/><T44/><D91/><U34/><N who="1" m="8192" /><DORA hai="28" /><U86/><E86/><V18/><F87/><W135/><G85/><T61/><D23/><U110/><E110/><V30/><F10/><W88/><G135/><T19/><D20/><U60/><E60/><V45/><F31/><W95/><G95/><RYUUKYOKU ba="0,1" sc="250,15,240,15,250,-15,250,-15" hai0="6,9,17,19,38,43,44,46,50,54,57,61,66" hai1="5,7,13,22,49,55,56,80,81,83" />
</Scene>
<Scene>
<INIT seed="0,1,1,0,4,103" ten="265,255,235,235" oya="0" hai0="50,28,34,23,64,106,54,8,65,108,49,57,104" hai1="107,0,18,117,85,31,60,73,3,48,7,98,88" hai2="111,78,120,112,72,128,124,36,100,37,61,53,82" hai3="9,46,87,2,25,40,10,97,21,133,39,30,62"/><T131/><D34/><U51/><E73/><V84/><F61/><W129/><G133/><T101/><D101/><U126/><E117/><V38/><F53/><W29/><G129/><T58/><D131/><U110/><E110/><V24/><F128/><W67/><G2/><T74/><D74/><U102/><E126/><V81/><F24/><W11/><G87/><T1/><D108/><U5/><E31/><V6/><F6/><W14/><G30/><T95/><D95/><U4/><E60/><V17/><F17/><W71/><REACH who="3" step="1"/><G97/><REACH who="3" ten="265,255,235,225" step="2"/><T109/><D109/><U125/><E125/><V15/><F84/><W41/><G41/><T26/><D1/><U122/><E122/><V63/><F120/><W91/><G91/><T76/><D76/><U116/><E116/><V66/><F78/><W113/><G113/><T127/><D127/><U118/><E118/><V27/><F112/><W69/><G69/><T59/><D8/><U114/><E114/><V132/><F124/><W13/><AGARI ba="1,2" hai="9,10,11,13,14,21,25,29,39,40,46,62,67,71" machi="13" ten="30,4000,0" yaku="1,1,0,1,53,1" doraHai="103" doraHaiUra="22" who="3" fromWho="3" sc="265,-21,255,-11,235,-11,225,63" />
</Scene>
<Scene>
<INIT seed="1,0,0,0,5,29" ten="244,244,224,288" oya="1" hai0="15,36,11,69,99,51,106,112,90,84,1,116,94" hai1="5,104,59,134,66,10,133,117,101,118,103,126,24" hai2="113,98,52,14,56,83,49,76,95,132,75,110,67" hai3="19,89,12,72,121,102,44,20,45,7,81,127,57"/><U115/><E115/><V105/><F113/><W130/><G121/><T46/><D112/><U124/><E24/><V53/><F110/><W70/><G70/><T114/><D114/><U18/><E18/><V119/><F119/><N who="1" m="45577" /><E66/><V34/><F132/><N who="1" m="50793" /><E59/><V63/><F105/><W131/><G57/><T78/><D116/><U50/><E50/><V97/><F34/><W135/><G135/><T39/><D1/><N who="1" m="303" /><E104/><V108/><F67/><W88/><G7/><T4/><D69/><U3/><E3/><V125/><F49/><W64/><G64/><T93/><D106/><U91/><E91/><V100/><F56/><W111/><G88/><T25/><D25/><U96/><E96/><V38/><F97/><W16/><G19/><T74/><D74/><U13/><E13/><V27/><F14/><W79/><G89/><T122/><D122/><U85/><E85/><V6/><F98/><W26/><G26/><T55/><D78/><U82/><E82/><V48/><F83/><W41/><G81/><T42/><D55/><U43/><E43/><V61/><F53/><W33/><G41/><T40/><D40/><U58/><E58/><V120/><F52/><W0/><G79/><T32/><D39/><U21/><E21/><V68/><F76/><W86/><G20/><T17/><D36/><U80/><E80/><V8/><F38/><W30/><G72/><T87/><D17/><U71/><E71/><V123/><F68/><W129/><G16/><T23/><D23/><U60/><E60/><V92/><F120/><W2/><G2/><T73/><D73/><U35/><E35/><RYUUKYOKU ba="0,0" sc="244,-10,244,30,224,-10,288,-10" hai1="101,103,124,126" />
</Scene>
<Scene>
<INIT seed="1,1,0,1,3,11" ten="234,274,214,278" oya="1" hai0="101,76,67,40,0,112,7,89,63,117,97,66,72" hai1="47,4,54,46,23,94,74,70,27,62,1,2,16" hai2="12,129,13,17,82,125,78,28,3,96,77,118,50" hai3="111,34,20,31,64,126,124,81,38,5,132,56,123"/><U9/><E1/><V121/><F118/><W85/><G123/><T61/><D117/><U119/><E119/><V8/><F121/><W14/><G38/><T107/><D112/><U29/><E74/><V122/><F122/><W36/><G36/><T110/><D110/><U19/><E94/><V102/><F129/><W37/><G37/><T90/><D40/><U133/><E133/><V26/><F125/><N who="3" m="48235" /><G111/><T59/><D0/><U65/><REACH who="1" step="1"/><E54/><REACH who="1" ten="234,264,214,278" step="2"/><V41/><F3/><W39/><G132/><T45/><D72/><U58/><E58/><V55/><F55/><W43/><G56/><T88/><D45/><AGARI ba="1,1" hai="2,4,9,16,19,23,27,29,45,46,47,62,65,70" machi="45" ten="40,7700,0" yaku="1,1,54,1,53,1" doraHai="11" doraHaiUra="35" who="1" fromWho="0" sc="234,-80,264,90,214,0,278,0" />
</Scene>
<Scene>
<INIT seed="1,2,0,0,4,70" ten="154,354,214,278" oya="1" hai0="105,95,111,86,58,18,129,101,41,88,33,31,110" hai1="54,8,20,122,120,48,73,92,99,79,103,9,2" hai2="12,118,117,77,4,69,21,98,44,52,25,23,49" hai3="121,35,7,67,26,133,81,40,71,11,32,51,55"/><U134/><E134/><V94/><F69/><W22/><G121/><T50/><D129/><U60/><E60/><V124/><F124/><W47/><G133/><T89/><D33/><U126/><E126/><V104/><F104/><W68/><G68/><T116/><D116/><U85/><E73/><V29/><F77/><W0/><G67/><T90/><D31/><U16/><E2/><V28/><F4/><W34/><G71/><T74/><D74/><U17/><E122/><V36/><F36/><W130/><G130/><T57/><D105/><U76/><E120/><V46/><F46/><W66/><G66/><T127/><D127/><U113/><E113/><V75/><F75/><W61/><G81/><T114/><D114/><U107/><E17/><V56/><F44/><W100/><G100/><T80/><D18/><U78/><E85/><V119/><F12/><W24/><G22/><T109/><D41/><U37/><E37/><V106/><F106/><W62/><G62/><T39/><D39/><U87/><E87/><V84/><F84/><W102/><G102/><T19/><D19/><U96/><E96/><V53/><F53/><W64/><G64/><T3/><D3/><U82/><E82/><V42/><F42/><W93/><G93/><T115/><D115/><U43/><E43/><V59/><F59/><N who="0" m="22538" /><D50/><U91/><E103/><N who="2" m="60887" /><F119/><W97/><G40/><T125/><D125/><U45/><REACH who="1" step="1"/><E107/><REACH who="1" ten="154,344,214,278" step="2"/><V15/><F29/><W108/><G61/><T5/><D5/><U13/><AGARI ba="2,1" hai="8,9,13,16,20,45,48,54,76,78,79,91,92,99" machi="13" ten="30,18000,2" yaku="1,1,2,1,0,1,8,1,54,1,53,1" doraHai="70" doraHaiUra="10" who="1" fromWho="1" sc="154,-62,344,196,214,-62,278,-62" />
</Scene>
<Scene>
<INIT seed="1,3,0,1,4,103" ten="92,540,152,216" oya="1" hai0="55,36,91,102,6,88,107,94,126,51,131,113,67" hai1="86,25,4,119,75,117,0,22,100,41,72,47,116" hai2="85,8,2,10,17,44,130,109,80,34,46,11,93" hai3="28,9,87,81,26,31,68,65,19,78,123,45,84"/><U27/><E100/><V114/><F114/><W96/><G123/><T110/><D113/><U128/><E128/><V15/><F109/><W35/><G31/><T133/><D36/><U118/><E118/><V115/><F115/><W13/><G45/><T111/><D131/><U52/><E86/><V21/><F130/><W56/><G68/><T53/><D133/><U129/><E129/><V101/><F34/><W83/><G96/><N who="0" m="61895" /><D67/><U127/><E41/><V50/><F2/><W77/><G65/><T90/><D6/><U60/><E4/><V71/><F71/><W39/><G56/><T69/><D69/><U98/><E0/><V20/><F20/><W70/><G70/><T82/><D82/><U104/><E22/><V3/><F3/><W14/><G14/><T5/><D5/><U30/><E30/><V134/><F134/><W37/><AGARI ba="3,0" hai="9,13,19,26,28,35,37,39,77,78,81,83,84,87" machi="37" ten="30,2000,0" yaku="0,1,9,1" doraHai="103" who="3" fromWho="3" sc="92,-8,540,-13,152,-8,216,29" />
</Scene>
<Scene>
<INIT seed="2,0,0,4,5,55" ten="84,527,144,245" oya="2" hai0="115,28,105,44,67,47,16,111,5,31,20,39,108" hai1="57,94,112,50,7,83,97,10,106,56,69,84,34" hai2="68,64,134,36,78,92,8,100,71,45,81,41,127" hai3="54,102,87,51,60,2,38,107,65,101,132,131,135"/><V15/><F134/><N who="3" m="51243" /><G38/><T129/><D105/><U98/><E69/><V128/><F128/><W0/><G131/><T125/><D129/><U85/><E34/><V66/><F127/><W48/><G87/><T4/><D115/><U114/><E106/><V35/><F35/><W99/><G102/><T26/><D67/><U86/><E83/><V124/><F124/><W1/><G54/><T89/><D125/><U27/><E27/><V61/><F66/><W119/><G119/><T33/><D89/><U88/><E98/><V11/><F71/><AGARI ba="0,0" hai="0,1,2,48,51,60,65,71,99,101,107" m="51243" machi="71" ten="40,1300,0" yaku="20,1" doraHai="55" who="3" fromWho="2" sc="84,0,527,0,144,-13,245,13" />
</Scene>
<Scene>
<INIT seed="3,0,0,1,1,64" ten="84,527,131,258" oya="3" hai0="56,54,24,21,61,77,124,132,123,108,121,41,29" hai1="16,11,125,101,8,96,38,78,117,20,89,135,63" hai2="133,98,13,129,12,74,58,128,17,82,120,35,116" hai3="107,52,51,30,105,3,102,45,59,36,112,75,4"/><W80/><G112/><T85/><D108/><U71/><E125/><V109/><F109/><W53/><G30/><T90/><D124/><U34/><E34/><V39/><F116/><W6/><G102/><T19/><D132/><U47/><E89/><V67/><F133/><W1/><G6/><T25/><D41/><U31/><E31/><V84/><F120/><W43/><G53/><T104/><D104/><U9/><E78/><V118/><F118/><W113/><G113/><T28/><D77/><U48/><E38/><V66/><F39/><W15/><G15/><T87/><D87/><U83/><E83/><V72/><F35/><W115/><G115/><T91/><D19/><U68/><E63/><V111/><F111/><W55/><G55/><T22/><REACH who="0" step="1"/><D91/><REACH who="0" ten="74,527,131,258" step="2"/><U86/><E135/><V94/><F74/><W23/><G107/><T10/><D10/><U110/><E86/><V103/><F72/><W5/><G105/><T27/><D27/><U106/><E110/><V42/><F84/><W26/><G4/><T60/><D60/><U70/><E117/><V0/><F42/><W7/><G5/><T57/><D57/><U69/><E69/><V37/><F17/><N who="3" m="12655" /><G7/><T49/><D49/><U2/><E71/><V88/><F58/><W40/><G40/><T50/><D50/><U97/><E68/><V33/><F37/><W76/><G36/><T65/><D65/><U119/><E70/><V95/><F66/><W32/><G43/><T92/><AGARI ba="0,1" hai="21,22,24,25,28,29,54,56,61,85,90,92,121,123" machi="92" ten="20,5200,0" yaku="1,1,0,1,7,1,9,1,53,0" doraHai="64" doraHaiUra="134" who="0" fromWho="0" sc="74,62,527,-13,131,-13,258,-26" />
</Scene>
<Scene>
<INIT seed="4,0,0,4,2,26" ten="136,514,118,232" oya="0" hai0="125,33,57,16,87,99,6,1,45,110,40,77,53" hai1="131,44,35,81,4,119,50,5,122,96,25,66,22" hai2="76,113,0,104,19,55,74,72,123,135,49,64,100" hai3="48,62,3,70,63,133,93,42,46,15,36,34,111"/><T103/><D33/><U88/><E35/><V98/><F123/><W12/><G3/><T51/><D125/><U116/><E122/><V67/><F113/><W37/><G34/><T56/><D110/><U54/><E131/><V84/><F0/><W21/><G111/><T117/><D117/><U89/><E66/><V29/><F135/><W13/><G133/><T108/><D108/><U59/><E119/><V95/><F19/><W94/><G70/><T38/><D1/><U114/><E114/><V10/><F10/><W118/><G118/><T102/><D6/><U97/><E44/><V71/><F71/><W105/><G105/><T126/><D126/><U109/><E109/><V68/><F68/><W129/><G129/><T7/><D7/><U58/><E58/><V14/><F14/><N who="3" m="5739" /><G36/><T106/><D103/><U11/><E116/><V20/><F74/><W24/><G37/><T31/><D16/><U18/><E5/><V124/><F124/><W8/><G15/><T75/><D57/><U69/><E69/><V43/><F43/><W120/><G120/><T79/><D75/><U28/><E18/><V32/><F32/><W52/><G8/><T85/><REACH who="0" step="1"/><D31/><REACH who="0" ten="126,514,118,232" step="2"/><U27/><E4/><V39/><F29/><W115/><G115/><T107/><D107/><U41/><E11/><V78/><F72/><W9/><G9/><T92/><D92/><U121/><E121/><V112/><F95/><W65/><G94/><T80/><D80/><U82/><E82/><V47/><F104/><W60/><G93/><T90/><D90/><U101/><E81/><V91/><F91/><RYUUKYOKU ba="0,1" sc="126,30,514,-10,118,-10,232,-10" hai0="38,40,45,51,53,56,77,79,85,87,99,102,106" />
</Scene>
<Scene>
<INIT seed="4,1,1,3,5,104" ten="156,504,108,222" oya="0" hai0="51,17,68,27,133,12,11,0,77,55,102,132,32" hai1="53,21,93,15,50,47,109,103,58,79,59,75,82" hai2="96,29,117,101,19,123,89,97,66,33,20,71,28" hai3="57,61,115,135,99,49,18,90,98,31,41,7,84"/><T48/><D68/><U106/><E109/><V67/><F123/><W116/><G116/><T88/><D102/><U110/><E110/><V113/><F113/><W118/><G118/><T126/><D126/><U26/><E106/><V100/><F117/><W43/><G135/><N who="0" m="51787" /><D0/><U13/><E103/><V22/><F33/><W10/><G31/><N who="0" m="19583" /><D55/><U114/><E114/><V112/><F112/><W63/><G18/><T45/><D45/><U39/><E39/><V73/><F71/><W125/><G125/><T87/><D77/><U34/><E34/><V119/><F119/><W56/><G115/><T74/><D74/><U78/><E78/><V76/><F76/><W5/><G90/><T37/><D37/><U62/><E93/><AGARI ba="1,1" hai="11,12,17,48,51,87,88,93" m="19583,51787" machi="93" ten="30,2900,0" yaku="20,1,54,1" doraHai="104" who="0" fromWho="1" sc="156,42,504,-32,108,0,222,0" />
</Scene>
<Scene>
<INIT seed="4,2,0,5,2,87" ten="198,472,108,222" oya="0" hai0="92,110,59,25,2,126,38,99,23,61,42,101,17" hai1="122,98,70,96,127,84,9,36,3,81,34,64,129" hai2="29,16,67,44,117,19,8,97,58,53,77,12,115" hai3="35,55,15,131,13,63,14,26,18,89,30,47,51"/><T134/><D126/><U114/><E36/><V33/><F115/><W76/><G131/><T57/><D134/><U49/><E49/><V22/><F117/><W80/><G63/><T11/><D110/><U27/><E84/><V103/><F77/><W54/><G89/><T124/><D124/><U118/><E81/><V28/><F33/><W135/><G135/><T40/><D38/><U10/><E10/><V132/><F132/><W94/><G94/><T72/><D72/><U31/><E31/><V60/><F44/><W50/><G18/><T56/><D61/><U68/><E64/><V48/><F48/><W78/><REACH who="3" step="1"/><G80/><REACH who="3" ten="198,472,108,212" step="2"/><T120/><D120/><U86/><E122/><V6/><F19/><W7/><G7/><T113/><D113/><U71/><E114/><V66/><F29/><W90/><G90/><T21/><D17/><U83/><E83/><V45/><F28/><W82/><G82/><T24/><D92/><U128/><E128/><V75/><F75/><W79/><G79/><T123/><D123/><U65/><E129/><V93/><REACH who="2" step="1"/><F45/><AGARI ba="2,1" hai="13,14,15,26,30,35,45,47,50,51,54,55,76,78" machi="45" ten="40,2600,0" yaku="1,1,9,1,53,0" doraHai="87" doraHaiUra="105" who="3" fromWho="2" sc="198,0,472,0,108,-32,212,42" />
</Scene>
<Scene>
<INIT seed="5,0,0,4,5,80" ten="198,472,76,254" oya="1" hai0="40,17,110,39,56,53,116,61,48,123,62,69,133" hai1="121,71,103,6,59,95,74,135,33,49,100,86,84" hai2="55,90,97,127,83,122,54,7,58,130,28,36,96" hai3="29,13,43,38,75,42,27,134,88,81,118,15,124"/><U79/><E71/><V10/><F122/><W129/><G129/><T37/><D17/><U25/><E74/><V34/><F36/><N who="0" m="13898" /><D110/><U65/><E79/><V20/><F130/><W68/><G68/><T102/><D102/><U9/><E135/><V51/><F127/><W73/><G124/><T128/><D128/><U78/><E78/><V120/><F120/><W115/><G115/><T82/><D82/><U32/><E32/><V107/><F107/><W105/><G105/><T77/><D77/><U132/><E132/><V22/><F34/><W125/><G125/><T26/><D26/><U117/><E103/><V114/><F114/><W18/><G134/><T64/><D133/><U99/><E25/><V72/><F72/><W31/><G118/><T131/><D131/><U52/><E100/><V0/><F55/><W87/><G13/><T45/><D123/><U112/><E112/><V89/><F89/><W60/><G29/><T93/><D93/><U98/><E95/><V92/><F97/><W57/><G73/><T108/><D108/><U109/><E99/><V76/><REACH who="2" step="1"/><F28/><REACH who="2" ten="198,472,66,254" step="2"/><W113/><G75/><T23/><D116/><U44/><E117/><V63/><F63/><W94/><G113/><T91/><D91/><U5/><E98/><V101/><F101/><W41/><G31/><T19/><D62/><U3/><E33/><V47/><F47/><W50/><G60/><T111/><D111/><U24/><E109/><V119/><F119/><W106/><G106/><T104/><D104/><U21/><E121/><V66/><F66/><W4/><G88/><T67/><D69/><RYUUKYOKU ba="0,1" sc="198,15,472,-15,66,15,254,-15" hai0="19,23,40,45,48,53,56,61,64,67" hai2="0,7,10,20,22,51,54,58,76,83,90,92,96" />
</Scene>
<Scene>
<INIT seed="6,1,1,1,3,90" ten="213,457,81,239" oya="2" hai0="86,65,70,64,125,32,110,12,14,8,7,82,15" hai1="113,89,112,93,10,18,85,81,43,76,109,87,135" hai2="127,52,107,20,2,58,44,55,45,51,11,105,71" hai3="121,84,67,73,115,74,116,98,97,75,62,103,46"/><V131/><F107/><W36/><G116/><T47/><D110/><U37/><E109/><V40/><F105/><W91/><G121/><T23/><D32/><U88/><E135/><V24/><F2/><W106/><G98/><T94/><D70/><U59/><E59/><V50/><F11/><W21/><G115/><N who="1" m="44106" /><E89/><V124/><F20/><W100/><G100/><T117/><D125/><N who="2" m="48202" /><F24/><W57/><G21/><T56/><D117/><U132/><E132/><V30/><F30/><W68/><G68/><T79/><D47/><N who="1" m="24047" /><E18/><V133/><F71/><W102/><G102/><T54/><D94/><U33/><E10/><V42/><F131/><W27/><G27/><T123/><D123/><U3/><E3/><V66/><F133/><W28/><G28/><T39/><D39/><U5/><E5/><V101/><F101/><W95/><G36/><T134/><D134/><U13/><E13/><N who="0" m="5225" /><D23/><U104/><E104/><V129/><F129/><W99/><G46/><T16/><D7/><U69/><E69/><V4/><F4/><W48/><G106/><T118/><D118/><U122/><E33/><V41/><F66/><W119/><G119/><T31/><D31/><U83/><E122/><V1/><F1/><W111/><G111/><T38/><D38/><AGARI ba="1,1" hai="38,40,41,42,44,45,50,51,52,55,58" m="48202" machi="38" ten="30,11600,0" yaku="18,1,34,2,54,1" doraHai="90" who="2" fromWho="0" sc="213,-119,457,0,81,129,239,0" />
</Scene>
<Scene>
<INIT seed="6,2,0,3,1,36" ten="94,457,210,239" oya="2" hai0="109,101,75,15,132,20,111,31,117,133,63,52,93" hai1="74,112,110,1,87,84,56,107,72,18,98,65,22" hai2="16,29,108,86,70,71,79,28,76,41,90,130,69" hai3="47,119,45,13,37,30,5,17,43,80,35,34,23"/><V85/><F130/><W14/><G119/><T125/><D75/><U62/><E110/><V97/><F108/><W127/><G127/><T33/><D125/><U113/><E1/><V21/><F97/><W11/><G30/><T91/><D101/><N who="1" m="62903" /><E74/><V3/><F3/><W55/><G80/><T103/><D103/><U135/><E72/><V38/><F38/><W99/><G99/><T12/><D117/><U32/><E32/><V123/><F123/><W95/><G95/><T4/><D33/><U6/><E6/><V8/><F8/><W40/><G55/><T53/><D111/><U102/><E102/><V92/><F41/><W104/><G104/><T60/><D109/><U77/><E77/><V114/><F114/><N who="1" m="44137" /><E135/><N who="0" m="51785" /><D4/><U89/><E89/><V59/><F59/><W94/><G94/><T120/><D120/><U9/><E9/><V42/><F42/><W118/><G118/><T67/><D31/><U128/><E128/><V129/><F129/><W134/><G134/><T25/><D25/><AGARI ba="2,0" hai="18,22,25,56,62,65,84,87" m="44137,62903" machi="25" ten="30,1000,0" yaku="15,1" doraHai="36" who="1" fromWho="0" sc="94,-16,457,16,210,0,239,0" />
</Scene>
<Scene>
<INIT seed="7,0,0,0,3,23" ten="78,473,210,239" oya="3" hai0="55,93,130,102,133,34,125,78,3,30,113,26,36" hai1="61,122,88,13,52,16,132,44,71,49,56,114,19" hai2="104,38,29,86,98,87,67,80,21,105,96,95,66" hai3="129,99,91,27,28,62,31,11,24,121,106,1,116"/><W115/><G116/><T53/><D36/><U100/><E122/><V39/><F21/><W2/><G121/><T14/><D125/><U20/><E114/><V134/><F95/><N who="3" m="56831" /><G106/><T0/><D113/><U77/><E71/><V18/><F18/><W8/><G1/><T4/><D130/><U131/><E131/><V59/><F29/><N who="3" m="11339" /><G2/><T17/><D133/><U48/><E132/><V74/><F134/><W135/><G115/><T41/><D41/><U84/><E77/><V97/><F74/><W57/><G129/><T92/><D78/><U50/><E100/><V63/><F67/><N who="3" m="39375" /><G135/><T90/><D102/><U33/><E33/><V111/><F111/><W123/><G123/><T124/><D124/><U60/><E19/><V43/><F105/><W127/><G127/><T40/><D40/><N who="1" m="24583" /><E61/><V82/><F104/><W69/><G69/><T32/><D32/><U70/><E70/><V117/><F43/><W6/><G6/><T72/><D72/><U119/><E119/><V51/><F117/><W110/><G110/><T101/><D101/><U118/><E118/><V76/><F38/><W126/><G126/><T120/><D120/><U37/><E37/><V94/><F39/><W73/><G73/><T85/><D3/><U65/><E65/><V46/><F94/><AGARI ba="0,0" hai="13,16,20,49,50,52,56,60,84,88,94" m="24583" machi="94" ten="30,7700,0" yaku="8,1,54,3" doraHai="23" who="1" fromWho="2" sc="78,0,473,77,210,-77,239,0" owari="78,-42.0,550,65.0,133,-27.0,239,4.0" />
</Scene>
</mjloggm>