<mjloggm ver="2.3"><GO type="169" lobby="0"/><UN n0="%E7%84%9A%E3%81%8D%E7%81%AB" n1="%67%61%72%75%63%69%61" n2="%E5%A4%AA%E3%81%8F%E3%81%AA%E3%81%84%E3%81%8A" n3="%E3%81%82%E3%81%B2%E3%82%8B%E3%81%95%E3%82%93" dan="17,16,19,16" rate="2167.52,2153.17,2339.98,2043.36" sx="M,M,F,M"/><TAIKYOKU oya="0"/>

<Scene>
<INIT seed="0,0,0,1,1,63" ten="250,250,250,250" oya="0" hai0="103,10,130,112,90,54,77,22,127,95,31,121,106" hai1="26,57,24,133,23,36,27,56,129,8,20,45,61" hai2="40,65,131,70,102,122,89,4,85,113,68,58,79" hai3="87,42,92,80,81,47,76,39,134,104,15,105,83"/><T73/><D121/><U48/><E36/><V25/><F122/><W126/><G126/><T82/><D127/><U11/><E129/><V135/><F113/><W1/><G1/><T32/><D130/><U84/><E133/><V120/><F120/><W43/><G134/><T29/><D32/><U0/><E0/><V21/><F131/><W115/><G115/><T7/><D112/><U101/><E101/><V62/><F135/><W88/><G76/><T118/><D118/><U14/><E84/><V17/><F79/><W37/><REACH who="3" step="1"/><G15/><REACH who="3" ten="250,250,250,240" step="2"/><T98/><D22/><U119/><E119/><V71/><F102/><W123/><G123/><T72/><D73/><U38/><E8/><V18/><F4/><W6/><G6/><T78/><D77/><U19/><E38/><V2/><F2/><W53/><G53/><T109/><D54/><N who="1" m="31815" /><E45/><AGARI ba="0,1" hai="37,39,42,43,45,47,80,81,83,87,88,92,104,105" machi="45" ten="40,5200,0" yaku="1,1,9,1,54,1,53,0" doraHai="63" doraHaiUra="107" who="3" fromWho="1" sc="250,0,250,-52,250,0,240,62" />
</Scene>
<Scene>
<INIT seed="1,0,0,2,4,110" ten="250,198,250,302" oya="1" hai0="60,109,27,83,96,22,116,115,26,14,111,125,38" hai1="71,29,69,10,7,15,31,135,81,55,97,48,104" hai2="84,17,30,36,61,106,65,107,67,113,37,5,33" hai3="118,126,46,24,68,50,34,90,54,41,133,44,28"/><U98/><E135/><V77/><F17/><W20/><G68/><T8/><D38/><U62/><E71/><N who="2" m="42415" /><F84/><W102/><G126/><T58/><D116/><U82/><E104/><V123/><F67/><W91/><G133/><T99/><D125/><U16/><E69/><V85/><F85/><W47/><G118/><T93/><D83/><N who="1" m="31755" /><E62/><V86/><F86/><W56/><G41/><T59/><D60/><U128/><E128/><V75/><F5/><W117/><G117/><T120/><D120/><U101/><E7/><V92/><F92/><W105/><G105/><T1/><D93/><N who="1" m="58543" /><E98/><V32/><F123/><W53/><G102/><T131/><D1/><U73/><E73/><V4/><F4/><W70/><G70/><T12/><D131/><U132/><E132/><V49/><F36/><W11/><G34/><T45/><D8/><U42/><E42/><V23/><F37/><W64/><G64/><T78/><D78/><U39/><E39/><V122/><F77/><W112/><G11/><T74/><D74/><U79/><E79/><V130/><F75/><W88/><REACH who="3" step="1"/><G54/><REACH who="3" ten="250,198,250,292" step="2"/><T76/><D109/><U9/><E9/><V21/><F33/><W134/><G134/><T19/><D111/><U108/><E108/><V89/><F107/><W63/><G63/><T3/><D76/><U2/><E2/><V124/><F106/><W35/><G35/><T0/><D0/><U80/><E80/><V51/><F32/><W66/><G66/><T87/><D3/><U127/><E127/><V72/><F124/><W6/><G6/><T95/><D95/><U103/><E103/><RYUUKYOKU ba="0,1" sc="250,-15,198,15,250,-15,292,15" hai1="10,15,16,29,31,48,55" hai3="20,24,28,44,46,47,50,53,56,88,90,91,112" />
</Scene>
<Scene>
<INIT seed="1,1,1,0,3,5" ten="235,213,235,307" oya="1" hai0="79,26,6,103,93,37,25,10,57,124,16,120,22" hai1="12,102,128,35,50,104,121,101,54,46,13,133,11" hai2="23,42,116,63,45,99,43,105,40,109,119,96,115" hai3="88,29,68,122,55,51,85,94,15,130,82,127,2"/><U24/><E121/><V131/><F109/><W134/><G2/><T75/><D124/><U64/><E128/><V21/><F131/><W44/><G130/><T100/><D120/><U9/><E104/><V84/><F115/><W62/><G122/><T83/><D37/><U77/><E77/><V78/><F45/><W41/><G134/><T81/><D26/><U129/><E129/><V59/><F105/><W112/><G112/><T70/><D70/><U56/><E133/><V87/><F78/><W36/><G127/><T117/><D117/><U27/><E35/><V65/><F116/><W66/><G29/><T20/><D83/><U86/><E86/><N who="2" m="32811" /><F119/><W80/><REACH who="3" step="1"/><G15/><REACH who="3" ten="235,213,235,297" step="2"/><T123/><D123/><U60/><E27/><V107/><F107/><W17/><G17/><T72/><D16/><N who="1" m="8207" /><E24/><V98/><AGARI ba="1,2" hai="21,23,40,42,43,59,63,65,96,98,99" m="32811" machi="98" ten="40,1500,0" yaku="8,1" doraHai="5" who="2" fromWho="2" sc="235,-5,213,-8,235,38,297,-5" />
</Scene>
<Scene>
<INIT seed="2,0,0,5,2,9" ten="230,205,273,292" oya="2" hai0="21,20,12,14,100,56,18,72,94,124,60,89,61" hai1="111,116,36,121,0,74,120,109,132,26,131,113,68" hai2="6,104,99,58,129,126,33,130,85,55,47,39,50" hai3="41,133,66,135,34,90,117,87,49,105,75,10,1"/><V37/><F33/><W79/><G117/><T88/><D72/><U42/><E26/><V107/><F126/><W54/><G105/><N who="2" m="40521" /><F99/><W30/><G66/><T93/><D124/><U118/><E42/><V83/><F6/><W57/><G41/><T91/><D100/><U65/><E65/><V73/><F47/><W15/><G1/><T101/><D101/><U125/><E116/><V71/><F73/><W17/><G79/><T35/><D35/><U102/><E102/><V67/><F67/><W44/><G75/><T84/><D56/><U4/><E4/><V95/><F95/><N who="0" m="36362" /><D84/><U97/><E97/><V82/><F71/><W31/><G57/><T78/><D78/><U128/><E111/><V108/><F108/><W122/><G122/><T24/><D21/><U81/><E81/><N who="2" m="30731" /><F85/><W16/><G34/><T103/><D103/><U80/><E80/><V52/><F58/><W27/><G87/><T2/><D2/><U22/><E22/><V64/><F64/><W43/><G43/><T86/><D86/><U46/><E46/><V11/><F37/><W45/><G44/><T25/><D25/><U28/><E121/><V19/><F39/><W69/><G69/><T96/><D96/><U76/><E76/><V123/><F123/><W13/><G90/><T114/><D114/><U106/><E28/><V134/><F55/><W5/><G5/><T38/><D38/><U8/><E8/><V40/><F40/><W48/><G48/><T53/><D53/><U62/><E62/><AGARI ba="0,0" hai="12,14,18,20,24,60,61,62,88,89,91" m="36362" machi="62" ten="30,7700,0" yaku="8,1,52,2,54,1" doraHai="9" who="0" fromWho="1" sc="230,77,205,-77,273,0,292,0" />
</Scene>
<Scene>
<INIT seed="3,0,0,3,5,111" ten="307,128,273,292" oya="3" hai0="94,129,102,61,99,27,75,21,122,103,30,114,49" hai1="87,80,45,96,31,79,53,19,126,44,63,90,71" hai2="10,68,40,130,106,125,76,18,26,29,105,35,51" hai3="39,6,121,123,73,93,124,95,109,100,86,54,110"/><W69/><G69/><T1/><D122/><N who="3" m="46601" /><G39/><T64/><D129/><U104/><E126/><V25/><F68/><W131/><G6/><T34/><D75/><U65/><E19/><V20/><F125/><W7/><G7/><T37/><D37/><U116/><E116/><V23/><F130/><W56/><G124/><T4/><D103/><U98/><E98/><V62/><F62/><W46/><G46/><T55/><D34/><U134/><E134/><V66/><F66/><W112/><G131/><T107/><D107/><U133/><E133/><V120/><F120/><W91/><G73/><T85/><D85/><U132/><E132/><V58/><F10/><W8/><G8/><T41/><D41/><U108/><E108/><N who="3" m="41578" /><G56/><T52/><D4/><U88/><E31/><V17/><F76/><W127/><G127/><T70/><D1/><U22/><E22/><V48/><F58/><W83/><G54/><T12/><D55/><U77/><E77/><V5/><F5/><W13/><G13/><T47/><REACH who="0" step="1"/><D12/><REACH who="0" ten="297,128,273,292" step="2"/><U89/><REACH who="1" step="1"/><E53/><REACH who="1" ten="297,118,273,292" step="2"/><V32/><F32/><W50/><G100/><AGARI ba="0,2" hai="44,45,63,65,71,79,80,87,88,89,90,96,100,104" machi="100" ten="40,8000,1" yaku="1,1,2,1,54,1,53,2" doraHai="111" doraHaiUra="42" who="1" fromWho="3" sc="297,0,118,100,273,0,292,-80" />
</Scene>
<Scene>
<INIT seed="4,0,0,3,5,51" ten="297,218,273,212" oya="0" hai0="120,74,55,58,62,114,73,36,83,75,60,123,113" hai1="24,64,76,2,68,101,89,131,18,52,95,1,14" hai2="72,48,8,25,61,56,50,121,81,21,109,93,30" hai3="127,7,35,116,105,3,69,130,0,128,132,100,5"/><T38/><D83/><U32/><E131/><N who="3" m="50218" /><G116/><T112/><REACH who="0" step="1"/><D62/><REACH who="0" ten="287,218,273,212" step="2"/><U99/><E76/><V27/><F61/><W66/><G132/><T108/><D108/><U117/><E117/><V22/><F81/><W104/><G127/><T107/><D107/><U23/><E68/><V90/><F109/><W33/><G105/><T97/><D97/><U87/><E64/><V31/><F121/><AGARI ba="0,1" hai="36,38,55,58,60,73,74,75,112,113,114,120,121,123" machi="121" ten="50,9600,0" yaku="1,1,15,1,52,1,53,0" doraHai="51" doraHaiUra="63" who="0" fromWho="2" sc="287,106,218,0,273,-96,212,0" />
</Scene>
<Scene>
<INIT seed="4,1,0,1,4,49" ten="393,218,177,212" oya="0" hai0="111,123,127,25,54,39,7,80,57,62,101,53,113" hai1="51,72,37,71,44,110,42,119,63,65,35,84,21" hai2="13,40,97,32,33,1,41,107,11,34,16,87,129" hai3="8,6,81,89,58,23,120,109,55,27,103,79,45"/><T59/><D123/><U30/><E72/><V130/><F1/><W46/><G109/><T75/><D111/><U83/><E110/><V104/><F87/><W12/><G103/><T124/><D39/><U0/><E0/><V91/><F91/><W121/><G89/><T96/><D113/><U15/><E35/><V50/><F97/><W66/><G66/><T76/><D25/><U26/><E119/><V64/><F64/><W52/><G121/><T131/><D7/><U93/><E93/><V17/><F17/><W102/><G102/><T105/><REACH who="0" step="1"/><D131/><REACH who="0" ten="383,218,177,212" step="2"/><U61/><E37/><V125/><F129/><W135/><G120/><T31/><D31/><U14/><REACH who="1" step="1"/><E63/><AGARI ba="1,1" hai="53,54,57,59,62,63,75,76,80,96,101,105,124,127" machi="63" ten="40,12000,1" yaku="1,1,9,1,52,2,53,0" doraHai="49" doraHaiUra="2" who="0" fromWho="1" sc="383,133,218,-123,177,0,212,0" />
</Scene>
<Scene>
<INIT seed="4,2,0,4,2,90" ten="516,95,177,212" oya="0" hai0="79,81,51,77,115,55,26,128,75,47,50,111,73" hai1="85,31,84,97,120,16,10,119,61,71,132,35,127" hai2="130,28,20,33,39,92,110,106,64,36,65,45,114" hai3="112,60,6,15,14,9,68,89,107,126,133,117,17"/><T23/><D115/><U99/><E120/><V42/><F106/><W59/><G117/><T118/><D118/><U94/><E119/><V93/><F110/><W125/><G107/><T83/><D128/><U8/><E127/><N who="3" m="48650" /><G68/><T22/><D111/><U11/><E132/><V44/><F33/><W131/><G133/><T21/><REACH who="0" step="1"/><D51/><REACH who="0" ten="506,95,177,212" step="2"/><U116/><E116/><V70/><F114/><W41/><G131/><T5/><D5/><U100/><E99/><V52/><F130/><W134/><G6/><T37/><D37/><U66/><E35/><V48/><F36/><W74/><G134/><T29/><AGARI ba="2,1" hai="21,22,23,26,29,47,50,55,73,75,77,79,81,83" machi="29" ten="20,7800,0" yaku="1,1,0,1,7,1,9,1,53,0" doraHai="90" doraHaiUra="69" who="0" fromWho="0" sc="506,94,95,-28,177,-28,212,-28" />
</Scene>
<Scene>
<INIT seed="4,3,0,5,3,34" ten="600,67,149,184" oya="0" hai0="116,10,106,24,23,131,40,30,75,25,8,94,123" hai1="118,51,110,107,108,19,102,92,71,100,134,46,101" hai2="7,133,26,78,53,95,68,70,48,76,28,63,52" hai3="13,129,109,21,127,80,50,104,55,72,11,43,3"/><T111/><D106/><U88/><E71/><V99/><F133/><W119/><G119/><T98/><D116/><U124/><E118/><V73/><F7/><W83/><G109/><T59/><D123/><U113/><E107/><V115/><F115/><W47/><G104/><T85/><D75/><U0/><E134/><V121/><F121/><W62/><G127/><T16/><D111/><U66/><E124/><V45/><F73/><W18/><G129/><T39/><D131/><U86/><E113/><V89/><F68/><W41/><G72/><T135/><D135/><U97/><E66/><V132/><F132/><W105/><G105/><T57/><D39/><U61/><E61/><V69/><F69/><W122/><G122/><T126/><D40/><U15/><E0/><V112/><F112/><W20/><G3/><T91/><D126/><U9/><REACH who="1" step="1"/><E97/><REACH who="1" ten="600,57,149,184" step="2"/><V125/><F125/><W90/><G62/><T128/><D128/><U67/><E67/><V60/><F60/><W1/><G1/><T103/><D98/><U2/><E2/><V77/><F70/><W79/><G79/><T44/><D103/><U17/><E17/><V27/><F28/><W35/><G18/><T12/><D30/><U22/><E22/><V64/><F64/><W32/><G32/><T81/><D23/><U5/><E5/><V96/><F96/><W87/><G35/><T29/><D16/><U117/><E117/><V42/><F63/><W84/><G21/><T114/><D29/><U82/><E82/><V58/><F99/><W120/><G120/><T31/><D114/><U74/><E74/><RYUUKYOKU ba="3,1" sc="600,-10,57,30,149,-10,184,-10" hai1="9,15,19,46,51,86,88,92,100,101,102,108,110" />
</Scene>
<Scene>
<INIT seed="5,4,1,0,1,57" ten="590,87,139,174" oya="1" hai0="132,29,44,1,112,79,88,3,105,49,33,41,87" hai1="113,38,10,99,56,0,82,75,103,52,123,95,34" hai2="102,67,68,31,127,74,22,124,48,78,83,54,125" hai3="7,14,58,70,118,53,134,81,92,135,26,63,11"/><U8/><E123/><V100/><F31/><W97/><G118/><T110/><D110/><U62/><E34/><V114/><F22/><W69/><G81/><T47/><D105/><U59/><E38/><V16/><F16/><W93/><G93/><T6/><D79/><U28/><E113/><V126/><N who="2" m="31744" /><DORA hai="42" /><V119/><F119/><W107/><G107/><T86/><D6/><U30/><E0/><V96/><F114/><W122/><G122/><T37/><D87/><U2/><E2/><V20/><F20/><W77/><G77/><T50/><D37/><U131/><E131/><V98/><F67/><W85/><G85/><T101/><D101/><N who="2" m="39018" /><F68/><W117/><G117/><T129/><D129/><U43/><E43/><V35/><F35/><W9/><G26/><T51/><D112/><U61/><E75/><V4/><F4/><W94/><G94/><T55/><D51/><U106/><E82/><V71/><F71/><W24/><G24/><T130/><D130/><U12/><E106/><V89/><F89/><N who="3" m="55439" /><G11/><N who="1" m="4138" /><E12/><V13/><F13/><W133/><AGARI ba="4,1" hai="7,9,14,53,58,63,69,70,133,134,135" m="55439" machi="133" ten="30,2000,0" yaku="20,1,52,1" doraHai="57,42" who="3" fromWho="3" sc="590,-9,87,-14,139,-9,174,42" />
</Scene>
<Scene>
<INIT seed="6,0,0,3,5,5" ten="581,73,130,216" oya="2" hai0="21,35,58,113,28,55,34,122,29,44,74,51,19" hai1="105,11,10,82,26,84,25,65,88,6,115,37,135" hai2="86,17,56,0,118,127,83,41,117,108,101,60,98" hai3="8,123,38,80,119,63,20,66,39,130,53,24,126"/><V61/><F0/><W90/><G119/><T7/><D122/><U111/><E111/><V52/><F108/><W91/><G123/><T47/><D74/><U33/><E37/><V112/><F112/><W16/><G130/><T43/><D35/><U109/><E109/><V42/><F127/><W13/><G126/><T48/><D34/><U12/><E105/><V92/><F118/><W14/><G53/><N who="0" m="29855" /><D7/><U89/><E115/><V121/><F117/><W129/><G129/><T131/><D113/><U9/><E135/><V102/><F121/><W85/><G91/><N who="1" m="34890" /><E33/><V99/><F60/><W94/><G80/><T15/><D131/><U54/><E65/><V18/><F18/><W40/><G40/><T57/><D57/><U32/><E32/><V95/><F17/><W100/><G100/><T120/><D120/><U76/><E54/><V81/><F81/><W125/><G125/><T67/><D67/><U93/><E93/><V110/><F110/><W62/><G62/><AGARI ba="0,0" hai="15,19,21,28,29,43,44,51,55,58,62" m="29855" machi="62" ten="30,1000,0" yaku="8,1" doraHai="5" who="0" fromWho="3" sc="581,10,73,0,130,0,216,-10" />
</Scene>
<Scene>
<INIT seed="7,0,0,0,1,54" ten="591,73,130,206" oya="3" hai0="91,127,112,128,72,84,64,20,123,132,8,13,23" hai1="58,14,107,117,65,36,81,98,108,76,17,3,125" hai2="133,126,74,22,105,19,12,11,49,41,104,32,26" hai3="129,60,86,24,118,44,113,97,70,75,52,63,135"/><W71/><G86/><T35/><D123/><U106/><E3/><V50/><F74/><W94/><G94/><T5/><D35/><U83/><E108/><V25/><F126/><W88/><G88/><T33/><D33/><U57/><E36/><V0/><F133/><W31/><G97/><T40/><D127/><U4/><E125/><V62/><F62/><N who="3" m="23595" /><G24/><T18/><D64/><U87/><E65/><V48/><F41/><W51/><G31/><T9/><D72/><U90/><E117/><V69/><F69/><N who="3" m="26123" /><G75/><T42/><D132/><U79/><E4/><N who="2" m="1415" /><F26/><W56/><G135/><T110/><D110/><U73/><E107/><V46/><F46/><W82/><G82/><T116/><D116/><U2/><E2/><V30/><AGARI ba="0,0" hai="12,19,22,25,30,32,48,49,50,104,105" m="1415" machi="30" ten="30,1100,0" yaku="24,1" doraHai="54" who="2" fromWho="2" sc="591,-3,73,-3,130,11,206,-5" owari="588,69.0,70,-43.0,141,-26.0,201,0.0" />
</Scene>
</mjloggm>