<mjloggm ver="2.3"><GO type="169" lobby="0"/><UN n0="%E3%81%BE%E3%82%8B%E3%81%9F%E3%82%8D%E3%81%86" n1="%E5%BB%83%E4%BA%BA%E9%81%94%E9%9B%86%E5%90%88" n2="%E5%A4%AA%E3%81%8F%E3%81%AA%E3%81%84%E3%81%8A" n3="%67%75%73%68" dan="17,16,19,16" rate="2168.19,2105.99,2308.19,2142.64" sx="F,M,F,M"/><TAIKYOKU oya="0"/>

<Scene>
<INIT seed="0,0,0,3,0,107" ten="250,250,250,250" oya="0" hai0="16,49,70,91,73,7,113,126,24,132,87,101,121" hai1="44,1,52,71,112,33,114,56,90,66,74,18,135" hai2="106,103,61,85,0,48,57,134,62,10,20,130,65" hai3="64,110,125,2,96,68,81,109,88,45,94,55,111"/><T9/><D113/><U95/><E33/><V83/><F134/><W120/><G2/><T105/><D121/><U116/><E116/><V35/><F35/><W80/><G120/><T115/><D115/><N who="1" m="44075" /><E1/><V84/><F130/><W76/><G125/><T11/><D132/><U34/><E34/><V108/><F108/><W59/><G45/><T28/><D70/><U31/><E44/><V119/><F119/><W53/><G68/><T124/><D28/><U29/><E18/><V127/><F127/><N who="0" m="48682" /><D105/><U89/><E89/><V67/><F48/><W58/><G64/><T98/><D101/><U60/><E135/><V26/><F106/><W102/><G102/><T4/><D98/><U129/><E129/><V39/><F39/><W131/><G131/><T122/><D122/><U104/><E104/><V22/><F103/><W41/><G41/><T78/><D49/><U92/><E92/><V13/><F0/><W15/><G15/><N who="0" m="7295" /><D24/><U32/><E32/><V23/><F26/><W19/><G96/><T100/><D100/><U117/><E117/><V12/><F10/><W50/><G110/><T93/><D9/><U128/><E128/><V133/><F133/><W6/><G111/><T51/><D51/><N who="1" m="30751" /><E31/><V86/><F13/><W54/><G50/><T14/><D14/><U46/><E29/><V37/><F12/><W5/><G109/><T40/><D40/><U69/><E69/><N who="2" m="42159" /><F37/><W21/><G21/><T75/><D78/><U97/><E46/><V8/><F8/><W72/><G76/><T63/><D63/><U99/><E99/><V17/><F17/><W36/><G19/><RYUUKYOKU ba="0,0" sc="250,10,250,10,250,10,250,-30" hai0="4,7,73,75,87,91,93" hai1="60,66,71,74,90,95,97" hai2="20,22,23,57,62,67,83,84,85,86" />
</Scene>
<Scene>
<INIT seed="0,1,0,5,5,42" ten="260,260,260,220" oya="0" hai0="27,86,32,53,41,63,20,9,72,1,49,134,19" hai1="132,39,98,127,13,22,34,64,117,18,96,103,88" hai2="101,3,47,99,81,70,87,79,104,60,55,118,4" hai3="133,16,15,83,91,80,17,76,89,75,78,29,26"/><T43/><D72/><U61/><E117/><V21/><F118/><W58/><G58/><T6/><D134/><U2/><E132/><V65/><F21/><W73/><G133/><T57/><D86/><U31/><E2/><V44/><REACH who="2" step="1"/><F55/><REACH who="2" ten="260,260,250,220" step="2"/><W59/><G59/><T10/><D10/><AGARI ba="1,1" hai="3,4,10,44,47,60,65,70,79,81,87,99,101,104" machi="10" ten="40,8000,1" yaku="1,1,2,1,52,2,53,1" doraHai="42" doraHaiUra="95" who="2" fromWho="0" sc="260,-83,260,0,250,93,220,0" />
</Scene>
<Scene>
<INIT seed="1,0,0,2,4,130" ten="177,260,343,220" oya="1" hai0="15,57,7,4,65,31,72,25,60,68,114,19,112" hai1="80,74,5,123,43,10,53,24,46,119,54,90,115" hai2="3,28,100,45,91,48,95,0,113,9,26,132,133" hai3="20,121,126,12,56,58,85,2,21,87,30,79,49"/><U17/><E119/><V77/><F100/><W22/><G2/><T120/><D72/><U34/><E115/><V111/><F77/><W99/><G121/><T110/><D120/><U107/><E107/><V16/><F113/><W61/><G126/><T97/><D110/><U128/><E128/><V42/><F111/><W88/><G30/><T71/><D112/><U82/><E82/><V101/><F101/><W78/><G99/><T1/><D114/><U40/><E40/><V105/><F105/><W94/><G49/><T122/><D122/><U50/><E123/><V36/><F36/><W75/><G75/><T67/><D97/><U127/><E127/><V55/><F42/><W83/><G78/><T38/><D38/><U76/><E90/><V96/><F16/><N who="3" m="10247" /><G58/><T116/><D116/><U6/><E6/><V86/><F96/><W106/><G106/><T18/><D18/><U118/><E118/><V14/><F14/><W32/><G32/><T13/><D13/><U37/><E50/><V92/><F92/><W124/><G124/><T81/><D81/><U35/><E35/><V11/><F0/><W44/><G44/><T29/><D29/><N who="1" m="19751" /><E17/><V51/><F51/><W70/><G70/><T41/><D41/><U134/><E54/><AGARI ba="0,0" hai="21,22,54,56,61,79,83,85,87,88,94" m="10247" machi="54" ten="30,3900,0" yaku="8,1,54,2" doraHai="130" who="3" fromWho="1" sc="177,0,260,-39,343,0,220,39" />
</Scene>
<Scene>
<INIT seed="2,0,0,5,1,24" ten="177,221,343,259" oya="2" hai0="101,125,46,120,4,20,9,84,23,45,117,89,75" hai1="131,56,119,64,12,61,74,50,2,97,57,85,99" hai2="58,135,65,83,108,0,114,105,28,82,53,62,15" hai3="63,87,122,8,79,19,27,32,129,43,33,52,69"/><V78/><F0/><W112/><G122/><T109/><D120/><U128/><E2/><V95/><F105/><W81/><G112/><T123/><D123/><U14/><E74/><V127/><F114/><W113/><G113/><T126/><D75/><U3/><E3/><V25/><F127/><N who="0" m="48650" /><D101/><U94/><E119/><V42/><F135/><W91/><G129/><T93/><D109/><U103/><E97/><V55/><F42/><W1/><G43/><T21/><D117/><U31/><E85/><V39/><F39/><W118/><G118/><T100/><D100/><U72/><E72/><V17/><F95/><W51/><G1/><AGARI ba="0,0" hai="1,4,9,20,21,23,45,46,84,89,93" m="48650" machi="1" ten="30,1000,0" yaku="18,1" doraHai="24" who="0" fromWho="3" sc="177,10,221,0,343,0,259,-10" />
</Scene>
<Scene>
<INIT seed="3,0,0,1,3,104" ten="187,221,343,249" oya="3" hai0="99,75,8,11,76,4,84,93,3,30,65,126,50" hai1="130,133,19,41,111,96,31,115,128,116,49,58,110" hai2="108,36,37,132,12,40,74,98,61,119,69,39,23" hai3="29,85,78,79,26,45,67,87,24,71,1,6,38"/><W95/><G6/><T127/><D84/><U2/><E2/><V35/><F35/><W62/><G1/><T73/><D30/><U106/><E115/><V134/><F119/><W14/><G14/><T46/><D65/><U109/><E116/><V66/><F108/><W32/><G87/><T51/><D11/><U72/><E31/><V131/><F131/><W44/><G78/><T64/><D64/><U83/><E58/><V57/><F98/><W25/><G45/><T70/><D70/><U90/><E19/><N who="2" m="10727" /><F57/><W86/><G86/><T122/><D122/><U117/><E117/><V5/><F5/><W77/><G77/><T68/><D68/><U56/><E133/><N who="2" m="51307" /><F40/><W52/><G32/><T88/><D51/><U59/><E59/><V107/><F107/><W123/><G123/><T102/><D102/><N who="1" m="62791" /><E56/><V101/><F101/><W92/><G38/><T125/><D76/><N who="1" m="44423" /><E90/><V42/><F42/><AGARI ba="0,0" hai="3,4,8,42,46,50,73,75,88,93,99,125,126,127" machi="42" ten="40,8000,1" yaku="18,1,52,2,54,1" doraHai="104" who="0" fromWho="2" sc="187,80,221,0,343,-80,249,0" />
</Scene>
<Scene>
<INIT seed="4,0,0,2,3,64" ten="267,221,263,249" oya="0" hai0="19,82,98,94,40,67,15,92,32,61,5,18,105" hai1="102,125,14,115,97,12,110,24,47,49,2,28,118" hai2="71,96,6,46,111,91,54,55,109,43,31,81,37" hai3="135,76,127,103,42,48,1,33,73,90,88,123,16"/><T56/><D32/><U29/><E110/><V63/><F31/><W132/><G33/><T119/><D119/><U101/><E118/><V84/><F6/><W89/><G1/><T62/><D40/><U25/><E2/><V75/><F75/><W7/><G7/><T72/><D105/><U124/><E47/><V50/><F96/><W100/><G123/><T27/><D92/><U21/><E49/><V57/><REACH who="2" step="1"/><F55/><REACH who="2" ten="267,221,253,249" step="2"/><W41/><G127/><T13/><D5/><U44/><E97/><V26/><F26/><W65/><G73/><T80/><D72/><U112/><E125/><V11/><F11/><W77/><G135/><T35/><D27/><U107/><E124/><V128/><F128/><W17/><G132/><T104/><D98/><U86/><E86/><V20/><F20/><W83/><G17/><T58/><D35/><U36/><E21/><V52/><F52/><W60/><G16/><T126/><D126/><U4/><E4/><V93/><F93/><W130/><G130/><T70/><D94/><U39/><E107/><V117/><F117/><W45/><G41/><T79/><D104/><U68/><REACH who="1" step="1"/><E44/><REACH who="1" ten="267,211,253,249" step="2"/><V30/><F30/><W108/><G45/><T129/><D129/><U59/><E59/><V3/><F3/><W131/><G131/><T9/><D58/><U0/><E0/><V113/><F113/><W74/><G74/><T38/><D56/><U95/><E95/><V23/><F23/><W34/><G34/><T87/><D87/><U122/><E122/><V121/><F121/><W8/><G8/><T69/><D9/><U134/><E134/><RYUUKYOKU ba="0,2" sc="267,-15,211,15,253,15,249,-15" hai1="12,14,24,25,28,29,36,39,68,101,102,112,115" hai2="37,43,46,50,54,57,63,71,81,84,91,109,111" />
</Scene>
<Scene>
<INIT seed="5,1,2,5,5,15" ten="252,226,268,234" oya="1" hai0="53,82,132,5,81,120,41,134,92,98,114,9,14" hai1="65,89,4,7,128,61,30,49,117,12,57,36,17" hai2="13,22,59,127,121,38,112,28,75,56,70,67,8" hai3="11,29,64,103,21,88,93,68,40,3,118,62,135"/><U25/><E36/><V6/><F121/><W133/><G118/><T100/><D120/><U60/><E117/><V23/><F75/><W108/><G103/><T34/><D34/><U113/><E128/><V76/><F38/><W77/><G77/><T71/><D71/><U125/><E125/><V90/><F76/><W51/><G108/><T83/><D114/><U20/><E113/><V43/><F112/><W45/><G11/><T124/><D124/><U55/><E89/><V105/><F105/><W54/><G3/><T111/><D111/><U130/><E130/><V27/><F127/><W91/><G40/><T66/><D66/><U85/><E85/><V126/><F126/><W106/><G106/><T18/><D41/><U87/><E87/><V80/><F43/><W73/><G73/><T33/><D33/><U16/><E61/><V129/><F129/><W104/><G104/><T72/><D53/><U0/><E0/><V94/><F80/><W102/><G102/><T52/><D72/><U31/><E31/><V37/><F37/><W10/><G10/><T58/><REACH who="0" step="1"/><D5/><REACH who="0" ten="242,226,268,234" step="2"/><N who="1" m="2123" /><E12/><V35/><F70/><W19/><G29/><T131/><D131/><U42/><E42/><V78/><F28/><W26/><REACH who="3" step="1"/><G91/><REACH who="3" ten="242,226,268,224" step="2"/><T109/><D109/><U47/><AGARI ba="1,4" hai="16,17,20,25,30,47,49,55,57,60,65" m="2123" machi="47" ten="30,11700,0" yaku="8,1,52,2,54,1" doraHai="15" who="1" fromWho="1" sc="242,-40,226,160,268,-40,224,-40" />
</Scene>
<Scene>
<INIT seed="5,2,0,1,3,9" ten="202,386,228,184" oya="1" hai0="123,43,56,4,19,58,53,39,134,7,75,5,77" hai1="119,11,98,83,91,71,31,107,90,80,16,62,63" hai2="6,27,22,37,112,0,47,59,15,12,57,48,111" hai3="2,29,89,84,82,127,86,64,85,46,97,126,44"/><U100/><E119/><V18/><F111/><W26/><G2/><T135/><D123/><U113/><E113/><V108/><F108/><W20/><G64/><T32/><D32/><U35/><E63/><V17/><F37/><W14/><G97/><T131/><D131/><U103/><E103/><V78/><F0/><W30/><G30/><T65/><D65/><N who="1" m="41399" /><E91/><V73/><F112/><W92/><G85/><T28/><D28/><U68/><E90/><V66/><F66/><W109/><G109/><T41/><D56/><N who="2" m="21578" /><F73/><W45/><REACH who="3" step="1"/><G14/><REACH who="3" ten="202,386,228,174" step="2"/><N who="2" m="5161" /><F6/><W74/><G74/><T60/><D4/><U49/><E68/><V72/><F72/><W129/><G129/><T79/><D5/><U40/><E35/><V81/><F18/><W115/><G115/><T94/><D7/><U51/><E31/><V133/><F133/><W122/><G122/><T124/><D19/><U76/><E16/><V50/><F17/><W110/><G110/><T36/><D75/><U69/><E69/><V99/><F99/><W38/><G38/><T52/><D39/><U24/><E98/><V67/><F67/><W116/><G116/><T95/><D36/><U132/><E132/><V93/><F27/><W8/><G8/><T102/><D134/><U23/><E11/><V105/><F105/><W25/><G25/><T120/><D135/><U70/><E24/><V34/><F34/><W106/><G106/><T114/><D114/><U88/><E70/><V130/><F130/><W3/><G3/><T117/><D117/><U104/><E104/><V118/><F118/><W61/><G61/><T1/><D60/><RYUUKYOKU ba="2,1" sc="202,-10,386,-10,228,-10,174,30" hai3="20,26,29,44,45,46,82,84,86,89,92,126,127" />
</Scene>
<Scene>
<INIT seed="6,3,1,0,0,59" ten="192,376,218,204" oya="2" hai0="36,17,64,20,41,129,135,81,2,83,68,132,40" hai1="24,67,72,113,127,98,49,90,44,42,35,108,78" hai2="18,43,96,82,101,125,116,51,26,114,66,37,76" hai3="5,57,102,112,109,70,32,80,53,130,100,99,71"/><V133/><F116/><W14/><G32/><T89/><D2/><U60/><E108/><V84/><F114/><W93/><G109/><T126/><D126/><U45/><E113/><V0/><F0/><W86/><G112/><T33/><D33/><U11/><E127/><V121/><F125/><W15/><G102/><T30/><D30/><U120/><E120/><V124/><F124/><W122/><G122/><T111/><D111/><U55/><E11/><V27/><F37/><W117/><G117/><T61/><D129/><U21/><E72/><V118/><F118/><W52/><G53/><T16/><D17/><U62/><E78/><V58/><F121/><W29/><G29/><T91/><D81/><U1/><E35/><V92/><F133/><N who="0" m="51274" /><D83/><U75/><E67/><V123/><F123/><W23/><G14/><N who="0" m="9239" /><D36/><U128/><E75/><V88/><F18/><W50/><G130/><T77/><D77/><U48/><E128/><V25/><F76/><W38/><G38/><T107/><D107/><U9/><E9/><V74/><F74/><W8/><G23/><T13/><D13/><U94/><E1/><V115/><F115/><W54/><G54/><T110/><D110/><U47/><E47/><N who="2" m="26111" /><F26/><W104/><G104/><T46/><D46/><U6/><E6/><V10/><F10/><W73/><G73/><T119/><D119/><U56/><E45/><V12/><F12/><W19/><G5/><T105/><D105/><U63/><E21/><V134/><F134/><W34/><G34/><T87/><D87/><U28/><E28/><V97/><F97/><W7/><G7/><RYUUKYOKU ba="3,1" sc="192,0,376,0,218,0,204,0" hai0="40,41,61,64,68,89,91" hai1="24,42,44,48,49,55,56,60,62,63,90,94,98" hai2="25,27,58,66,82,84,88,92,96,101" hai3="8,15,19,50,52,57,70,71,80,86,93,99,100" />
</Scene>
<Scene>
<INIT seed="6,4,1,3,5,71" ten="192,376,218,204" oya="2" hai0="121,57,30,119,29,80,74,38,15,21,81,18,14" hai1="64,33,3,118,123,135,39,5,96,124,107,63,12" hai2="1,78,126,66,58,44,82,25,134,54,87,59,109" hai3="106,46,111,79,133,131,6,62,94,65,22,103,28"/><V83/><F1/><W113/><G111/><T73/><D121/><U97/><E123/><V53/><F109/><W130/><G106/><T9/><D119/><U105/><E118/><V24/><F126/><W26/><G133/><T47/><D57/><U76/><E124/><V19/><F134/><W69/><G79/><T52/><D73/><U35/><E12/><V68/><F68/><W40/><G6/><N who="0" m="3383" /><D38/><U8/><E76/><V108/><F108/><W127/><G127/><T100/><D100/><N who="1" m="62599" /><E135/><V85/><F66/><W102/><G113/><T70/><D74/><U51/><E51/><N who="2" m="28903" /><F19/><W27/><G27/><N who="2" m="10313" /><F54/><W13/><G13/><T41/><D41/><U99/><E39/><V45/><F45/><W120/><G120/><T98/><D70/><N who="1" m="42271" /><E99/><V112/><F112/><W90/><G131/><T122/><D98/><U92/><E33/><V77/><AGARI ba="4,1" hai="58,59,77,78,82,83,85,87" m="10313,28903" machi="77" ten="30,1500,0" yaku="8,1" doraHai="71" who="2" fromWho="2" sc="192,-9,376,-9,218,37,204,-9" />
</Scene>
<Scene>
<INIT seed="6,5,0,0,3,1" ten="183,367,255,195" oya="2" hai0="108,129,79,122,21,97,4,71,93,88,70,131,19" hai1="104,106,95,121,96,119,56,94,9,28,101,89,40" hai2="102,33,134,41,42,63,81,77,43,16,51,124,105" hai3="18,99,55,82,80,11,34,3,38,53,107,111,75"/><V118/><F118/><W74/><G34/><T29/><D122/><U5/><E119/><V125/><F33/><W120/><G38/><T133/><D108/><U69/><E121/><V127/><F134/><W110/><G120/><T87/><D29/><U116/><E116/><V32/><F32/><W73/><G107/><T65/><D133/><U113/><E113/><V72/><F63/><W130/><G99/><T0/><D0/><U20/><E69/><V114/><F114/><W6/><G130/><N who="0" m="49675" /><D4/><U128/><E128/><V112/><F112/><W39/><G39/><T78/><D65/><U36/><E56/><V17/><F51/><W26/><G111/><T86/><D86/><U135/><E135/><V103/><F105/><W12/><G26/><N who="0" m="14655" /><D97/><U8/><E8/><V126/><F126/><W76/><G110/><T117/><D117/><U27/><E40/><V2/><F2/><W100/><G100/><AGARI ba="5,0" hai="16,17,41,42,43,72,77,81,100,102,103,124,125,127" machi="100" ten="50,4800,0" yaku="18,1,54,1" doraHai="1" who="2" fromWho="3" sc="183,0,367,0,255,63,195,-63" />
</Scene>
<Scene>
<INIT seed="6,6,0,1,5,129" ten="183,367,318,132" oya="2" hai0="131,115,20,134,1,36,117,123,87,31,22,79,8" hai1="112,75,95,105,24,4,15,19,120,54,91,45,108" hai2="76,10,100,127,28,29,81,51,13,101,53,116,9" hai3="14,88,104,57,74,109,47,113,128,72,62,86,114"/><V64/><F116/><W82/><G109/><T26/><D36/><U11/><E108/><V59/><F127/><W102/><G128/><T84/><D131/><U71/><E120/><V63/><F28/><W126/><G126/><T73/><D73/><U49/><E75/><V56/><F29/><W85/><G47/><T37/><D37/><U52/><E105/><V83/><F10/><W12/><G85/><T7/><D123/><U132/><E71/><V25/><F25/><W42/><G42/><T68/><D68/><U21/><E112/><N who="3" m="43114" /><G72/><T30/><D115/><U121/><E121/><V34/><F34/><W92/><G104/><T23/><D84/><N who="1" m="52711" /><E132/><V60/><F51/><W43/><G43/><AGARI ba="6,0" hai="4,11,15,19,21,24,43,45,49,52,54" m="52711" machi="43" ten="30,2000,0" yaku="8,1,54,1" doraHai="129" who="1" fromWho="3" sc="183,0,367,38,318,0,132,-38" />
</Scene>
<Scene>
<INIT seed="7,0,0,5,4,19" ten="183,405,318,94" oya="3" hai0="97,45,57,114,85,12,87,80,47,84,79,39,99" hai1="129,56,27,48,71,86,9,82,65,68,118,83,102" hai2="6,59,64,42,58,28,130,25,125,18,43,14,106" hai3="62,2,112,7,134,24,23,115,126,75,1,50,73"/><W22/><G134/><T96/><D114/><N who="3" m="43561" /><G126/><T70/><D70/><U40/><E129/><V110/><F106/><W92/><G50/><T95/><D39/><U63/><E118/><V122/><F110/><W38/><G38/><T109/><D109/><U124/><E124/><V10/><F125/><W89/><G62/><T135/><D135/><U107/><E83/><V81/><F130/><W128/><G128/><T11/><D57/><U16/><E102/><V15/><F122/><W119/><G119/><T90/><D85/><U21/><E107/><V44/><F64/><W111/><G111/><T120/><D120/><U60/><E9/><V4/><F43/><W52/><G52/><T66/><D66/><U61/><E71/><V121/><F121/><W5/><G24/><T108/><D108/><U26/><E27/><V67/><F67/><W37/><G37/><T93/><D93/><U17/><E68/><V69/><F69/><W36/><G36/><T91/><D79/><N who="1" m="46431" /><E17/><AGARI ba="0,0" hai="11,12,17,45,47,80,84,87,90,91,95,96,97,99" machi="17" ten="40,1300,0" yaku="8,1" doraHai="19" who="0" fromWho="1" sc="183,13,405,-13,318,0,94,0" owari="196,-20.0,392,49.0,318,12.0,94,-41.0" />
</Scene>
</mjloggm>