<mjloggm ver="2.3"><GO type="169" lobby="0"/><UN n0="%43%52%41%5A%59%42%45%45" n1="%E6%94%AF%E5%80%89%E7%AB%9C" n2="%48%6F%67%65%4E%75%6C%6C" n3="%E5%A4%AA%E3%81%8F%E3%81%AA%E3%81%84%E3%81%8A" dan="17,16,16,18" rate="2157.62,2085.33,2059.64,2260.81" sx="M,M,M,F"/><TAIKYOKU oya="0"/>

<Scene>
<INIT seed="0,0,0,0,4,60" ten="250,250,250,250" oya="0" hai0="109,7,126,53,35,20,12,31,45,52,33,110,39" hai1="15,98,66,115,28,49,70,5,118,72,58,127,135" hai2="94,131,63,132,23,89,113,36,16,112,102,11,21" hai3="125,83,104,111,64,101,26,22,99,79,80,96,123"/><T74/><D74/><U88/><E118/><V54/><F131/><W50/><G111/><N who="0" m="42507" /><D126/><U77/><E127/><V27/><F132/><W87/><G125/><T122/><D122/><U9/><E135/><V117/><F36/><W40/><G123/><T24/><D39/><U129/><E129/><V108/><F108/><W82/><G99/><T55/><D45/><U57/><E115/><V0/><F117/><W43/><G50/><T68/><D68/><U124/><E124/><V17/><F102/><W103/><G103/><T67/><D67/><U106/><E28/><V86/><F11/><AGARI ba="0,0" hai="7,11,12,20,24,31,33,35,52,53,55" m="42507" machi="11" ten="30,5800,0" yaku="14,1,10,1,54,1" doraHai="60" who="0" fromWho="2" sc="250,58,250,0,250,-58,250,0" />
</Scene>
<Scene>
<INIT seed="0,1,0,0,4,116" ten="308,250,192,250" oya="0" hai0="19,45,8,67,16,98,84,107,43,3,35,23,53" hai1="65,55,100,11,133,22,0,126,40,33,90,85,78" hai2="104,13,77,75,14,88,119,102,1,83,103,109,42" hai3="130,132,89,46,58,26,64,135,95,120,129,87,9"/><T73/><D73/><U44/><E33/><V7/><F109/><W123/><G46/><T37/><D35/><U128/><E126/><V131/><F131/><N who="3" m="50187" /><G26/><T112/><D112/><U124/><E128/><V111/><F111/><W74/><G74/><T15/><D67/><U79/><E124/><V60/><F119/><W134/><G9/><T127/><D127/><U31/><E100/><V27/><F102/><W72/><G72/><T110/><D110/><U36/><E133/><V76/><F76/><W20/><G20/><T118/><D118/><U59/><E65/><V2/><F2/><W5/><G5/><T122/><D122/><N who="3" m="46633" /><G64/><T69/><D23/><U28/><E22/><V34/><F34/><W49/><G49/><T51/><D51/><U108/><E108/><V21/><F1/><W41/><G58/><T96/><D8/><U82/><E59/><V62/><F7/><W114/><G41/><T24/><D43/><U48/><E11/><V117/><F42/><W17/><G17/><T32/><D16/><U68/><E40/><V54/><F117/><W99/><G114/><T6/><D19/><U101/><E48/><V91/><F21/><W81/><G81/><T125/><D6/><U12/><E82/><V30/><F27/><W113/><G113/><T61/><D24/><U86/><E31/><V80/><F30/><W18/><G18/><T92/><D125/><U106/><E28/><V105/><F75/><W71/><G71/><T93/><D69/><U63/><E68/><V57/><F57/><W52/><G52/><T97/><D53/><U39/><E55/><RYUUKYOKU ba="1,0" sc="308,-10,250,-10,192,-10,250,30" hai3="87,89,95,99,132,134,135" />
</Scene>
<Scene>
<INIT seed="1,2,0,2,5,68" ten="298,240,182,280" oya="1" hai0="47,38,105,19,39,57,49,65,67,119,90,30,77" hai1="63,6,22,25,80,78,3,96,112,93,69,94,76" hai2="58,8,55,61,131,45,83,104,11,35,122,87,29" hai3="115,21,116,7,101,28,99,72,51,26,52,79,107"/><U33/><E112/><V91/><F131/><W130/><G115/><T54/><D119/><U108/><E33/><V44/><F122/><W43/><G130/><T127/><D105/><U12/><E108/><V24/><F104/><W14/><G116/><T98/><D30/><U56/><E69/><V82/><F45/><W32/><G43/><T113/><D77/><U124/><E124/><V5/><F5/><W89/><G89/><T120/><D113/><U97/><E3/><V46/><F46/><W70/><G70/><T103/><D103/><N who="1" m="60815" /><E80/><V60/><F60/><W1/><G79/><T17/><D127/><U73/><E73/><V27/><F27/><W95/><G72/><T86/><D120/><U2/><E2/><V62/><F62/><W92/><G1/><T23/><D98/><U118/><E118/><V111/><F111/><W64/><G64/><T121/><D65/><N who="1" m="39143" /><E12/><V74/><F74/><W135/><G135/><T34/><D34/><U129/><E6/><V50/><REACH who="2" step="1"/><F82/><REACH who="2" ten="298,240,172,280" step="2"/><W18/><REACH who="3" step="1"/><G7/><REACH who="3" ten="298,240,172,270" step="2"/><T114/><D114/><U133/><E129/><V10/><F10/><W102/><G102/><T48/><D121/><U31/><E133/><V110/><F110/><W85/><G85/><T53/><D86/><U134/><E134/><V41/><AGARI ba="2,2" hai="8,11,24,29,35,41,44,50,55,58,61,83,87,91" machi="41" ten="20,2700,0" yaku="1,1,0,1,7,1,53,0" doraHai="68" doraHaiUra="126" who="2" fromWho="2" sc="298,-9,240,-15,172,53,270,-9" />
</Scene>
<Scene>
<INIT seed="2,0,0,4,4,62" ten="289,225,225,261" oya="2" hai0="30,117,86,92,83,49,21,106,135,82,5,131,128" hai1="47,112,35,134,50,60,115,120,105,66,65,53,48" hai2="14,13,68,107,44,22,84,77,93,64,38,18,25" hai3="23,70,85,54,36,125,123,29,40,73,63,15,102"/><V79/><F107/><W1/><G1/><T24/><D106/><U58/><E35/><V34/><F38/><W4/><G73/><T104/><D104/><U99/><E105/><V37/><F34/><W61/><G123/><T46/><D135/><U43/><E99/><V17/><F13/><W75/><G75/><T87/><D117/><U39/><E134/><V69/><F69/><W45/><G125/><T33/><D5/><U113/><E120/><V98/><F84/><N who="0" m="32298" /><D33/><U101/><E101/><V52/><F37/><W74/><G74/><T127/><D92/><U27/><E27/><V90/><F68/><W80/><G102/><T103/><D103/><U8/><E8/><V9/><REACH who="2" step="1"/><F64/><AGARI ba="0,0" hai="39,43,47,48,50,53,58,60,64,65,66,112,113,115" machi="64" ten="40,12000,2" yaku="34,3,52,3" doraHai="62" who="1" fromWho="2" sc="289,0,225,120,225,-120,261,0" />
</Scene>
<Scene>
<INIT seed="3,0,0,4,0,110" ten="289,345,105,261" oya="3" hai0="64,80,3,89,128,30,103,54,37,120,113,77,22" hai1="70,26,129,36,60,127,100,47,21,94,23,7,59" hai2="87,108,97,98,84,135,122,133,41,123,107,31,39" hai3="46,57,131,102,119,126,79,76,88,111,118,28,101"/><W19/><G28/><T17/><D120/><N who="2" m="46122" /><F41/><W99/><G46/><T27/><D3/><U104/><E104/><V1/><F39/><W20/><G111/><T58/><D37/><U91/><E127/><V56/><F1/><W32/><G32/><T52/><D103/><N who="3" m="39433" /><G126/><T51/><D128/><U38/><E129/><V116/><F31/><W106/><G131/><T72/><D113/><U15/><E100/><N who="2" m="62863" /><F56/><W25/><G106/><T82/><D64/><U85/><E70/><V83/><F108/><W95/><G119/><T67/><D67/><U62/><E62/><V115/><F116/><W114/><G114/><T92/><D30/><U69/><E69/><V4/><F4/><W121/><G118/><T81/><REACH who="0" step="1"/><D54/><REACH who="0" ten="279,345,105,261" step="2"/><U34/><E38/><V66/><F66/><W49/><G121/><T13/><D13/><U35/><E36/><V44/><F115/><W130/><G130/><T90/><D90/><U14/><E91/><V65/><F65/><W112/><G112/><T43/><D43/><U134/><E15/><V75/><F133/><W12/><G12/><T9/><D9/><U16/><E14/><V0/><F0/><W24/><G25/><T48/><D48/><U68/><E26/><V40/><F40/><W78/><G49/><T8/><D8/><U42/><E134/><V74/><F135/><W5/><G5/><T33/><D33/><U63/><E35/><V86/><F83/><W124/><G124/><T11/><D11/><U45/><E42/><V73/><F98/><AGARI ba="0,1" hai="17,22,27,51,52,58,72,77,80,81,82,89,92,98" machi="98" ten="30,3900,0" yaku="1,1,7,1,54,1,53,0" doraHai="110" doraHaiUra="29" who="0" fromWho="2" sc="279,49,345,0,105,-39,261,0" />
</Scene>
<Scene>
<INIT seed="4,0,0,3,5,1" ten="328,345,66,261" oya="0" hai0="48,130,118,78,7,71,97,50,20,100,51,9,88" hai1="5,70,122,38,95,87,46,45,86,53,108,74,102" hai2="69,101,59,47,111,89,92,114,121,18,80,4,115" hai3="14,6,29,37,65,31,0,52,123,10,15,76,2"/><T82/><D118/><U94/><E122/><V112/><F121/><W99/><G123/><T34/><D34/><U24/><E74/><V11/><F111/><W13/><G37/><T55/><D71/><U12/><E70/><V116/><F69/><W58/><G65/><T28/><D130/><U79/><E108/><V8/><F116/><W63/><G0/><T16/><D28/><U25/><E38/><V104/><F80/><W107/><REACH who="3" step="1"/><G76/><REACH who="3" ten="328,345,66,251" step="2"/><T75/><D78/><U106/><E79/><V133/><F114/><W66/><G66/><T132/><D132/><U41/><E53/><V98/><F133/><W33/><G33/><T127/><D55/><U54/><E54/><V93/><F115/><W72/><G72/><T77/><D77/><U67/><E67/><V36/><F36/><W81/><G81/><T110/><D75/><U129/><E129/><V42/><F112/><W26/><G26/><T27/><D110/><U105/><E25/><V126/><F42/><W73/><G73/><T113/><D113/><U40/><E24/><V60/><F126/><W96/><G96/><T103/><D127/><U124/><E124/><V117/><F98/><W23/><G23/><T120/><D120/><U62/><E41/><V43/><F43/><W85/><G85/><N who="0" m="50231" /><D97/><U39/><E40/><V19/><F117/><W3/><G3/><T32/><D32/><U134/><E134/><V49/><F101/><AGARI ba="0,1" hai="2,6,10,13,14,15,29,31,52,58,63,99,101,107" machi="101" ten="40,5200,0" yaku="1,1,52,1,54,1,53,0" doraHai="1" doraHaiUra="90" who="3" fromWho="2" sc="328,0,345,0,66,-52,251,62" />
</Scene>
<Scene>
<INIT seed="5,0,0,0,1,7" ten="328,345,14,313" oya="1" hai0="21,107,2,89,98,131,45,83,58,24,128,110,77" hai1="4,41,87,90,11,122,115,135,82,102,8,79,48" hai2="66,69,52,9,29,73,36,121,129,81,62,114,85" hai3="20,120,104,118,71,27,76,51,105,10,54,94,37"/><U123/><E115/><V43/><F129/><N who="0" m="49738" /><D110/><U60/><E135/><V13/><F121/><W28/><G120/><T130/><N who="0" m="49746" /><T57/><DORA hai="17" /><D2/><U18/><E102/><V61/><F114/><W38/><G71/><T95/><D107/><U68/><E18/><V125/><F125/><W23/><G118/><T46/><D46/><U26/><E26/><V88/><F73/><W106/><G76/><T40/><D83/><U116/><E116/><V49/><F29/><W63/><G63/><T33/><D77/><U133/><E133/><V14/><F62/><W134/><G134/><T19/><D33/><U64/><E90/><V78/><F78/><W72/><G72/><T44/><D44/><N who="1" m="25615" /><E11/><V108/><F108/><W55/><G10/><T91/><D91/><U119/><E119/><V117/><F117/><W124/><G124/><T74/><D74/><U34/><E34/><V109/><F109/><W93/><G20/><T47/><D47/><U5/><E5/><V0/><F36/><AGARI ba="0,0" hai="19,21,24,36,40,45,57,58,89,95,98" m="49746" machi="36" ten="40,2600,0" yaku="19,1,52,1" doraHai="7,17" who="0" fromWho="2" sc="328,26,345,0,14,-26,313,0" owari="354,45.0,345,15.0,-12,-51.0,313,-9.0" />
</Scene>
</mjloggm>