<mjloggm ver="2.3"><GO type="169" lobby="0"/><UN n0="%73%65%69%6C" n1="%E3%83%8B%E3%83%A3%E3%83%83%E3%83%94%E3%83%BC%E5%A4%8F%E7%9B%AE" n2="%E3%82%84%E3%82%88%E3%81%84%E3%81%A3%E3%81%8F%E3%81%BE" n3="%E5%A4%AA%E3%81%8F%E3%81%AA%E3%81%84%E3%81%8A" dan="16,18,16,18" rate="2148.85,2251.45,2077.69,2218.22" sx="M,M,M,F"/><TAIKYOKU oya="0"/>

<Scene>
<INIT seed="0,0,0,0,1,77" ten="250,250,250,250" oya="0" hai0="93,13,117,88,55,118,66,124,119,92,67,97,27" hai1="15,4,100,105,73,48,111,102,18,114,1,56,120" hai2="115,22,116,19,94,14,63,2,10,39,106,127,17" hai3="87,33,35,91,5,42,82,32,112,60,89,95,34"/><T123/><D123/><U125/><E73/><V61/><F106/><W64/><G112/><T7/><D124/><U132/><E4/><V83/><F39/><W90/><N who="3" m="8192" /><DORA hai="128" /><W24/><G24/><T29/><D55/><U129/><E1/><V47/><F116/><W25/><G25/><T133/><D133/><U46/><E105/><V113/><F47/><W37/><G5/><T51/><D51/><U98/><E132/><V23/><F94/><W54/><G54/><T41/><D41/><U9/><E98/><V107/><F107/><W81/><G42/><T71/><D71/><U58/><E129/><V135/><F10/><W70/><G37/><T134/><D134/><U68/><E68/><V110/><F135/><W8/><G8/><T78/><D78/><U84/><E125/><V21/><F21/><W11/><G11/><T49/><D49/><U101/><E120/><V0/><F14/><W12/><G12/><T44/><D44/><U28/><E28/><V6/><F6/><W104/><G104/><T3/><D3/><U20/><E20/><V65/><F65/><W53/><G53/><T130/><D130/><U52/><E114/><V59/><F59/><N who="1" m="22569" /><E111/><V38/><F38/><W16/><G16/><T50/><D50/><U79/><E102/><V122/><F110/><W131/><G131/><T85/><D13/><U62/><E62/><V40/><F127/><W31/><G31/><T69/><D7/><U26/><E26/><V108/><F108/><W80/><AGARI ba="0,0" hai="60,64,70,80,81,82,87,89,90,91,95" m="8192" machi="80" ten="60,8000,1" yaku="0,1,52,3" doraHai="77,128" who="3" fromWho="3" sc="250,-40,250,-20,250,-20,250,80" />
</Scene>
<Scene>
<INIT seed="1,0,0,1,3,122" ten="210,230,230,330" oya="1" hai0="27,22,121,16,49,5,95,135,26,59,52,120,115" hai1="46,71,67,72,133,10,65,76,132,15,62,82,77" hai2="112,129,4,88,14,97,92,103,57,126,104,134,78" hai3="18,75,25,73,28,101,102,107,43,53,44,7,128"/><U21/><E67/><V130/><F126/><W9/><G53/><T74/><D74/><U56/><E77/><V108/><F4/><W119/><G18/><T36/><D36/><U68/><E21/><V81/><F14/><W124/><G124/><T17/><D135/><N who="1" m="51787" /><E46/><V30/><F57/><W42/><G119/><T99/><D115/><U55/><E55/><V48/><F48/><W131/><G73/><T125/><D5/><AGARI ba="0,0" hai="5,10,15,56,62,65,68,71,72,76,82" m="51787" machi="5" ten="30,1500,0" yaku="20,1" doraHai="122" who="1" fromWho="0" sc="210,-15,230,15,230,0,330,0" />
</Scene>
<Scene>
<INIT seed="1,1,0,2,1,134" ten="195,245,230,330" oya="1" hai0="81,48,91,63,121,71,68,89,118,16,87,112,52" hai1="60,56,24,50,127,69,114,116,133,7,12,122,28" hai2="34,111,17,65,6,135,41,106,129,61,25,15,82" hai3="78,2,1,58,108,125,120,104,98,74,97,20,45"/><U22/><E114/><V79/><F106/><W86/><G74/><T10/><D118/><U105/><E116/><V88/><F135/><W64/><G120/><T49/><D112/><U35/><E133/><V101/><F101/><W11/><G104/><T76/><D121/><U55/><E122/><V33/><F129/><W26/><G45/><T109/><D109/><U19/><E105/><V115/><F115/><W31/><G1/><T117/><D117/><U96/><E96/><V42/><F111/><W70/><G70/><T46/><D71/><U21/><E7/><V90/><F6/><W119/><G108/><T130/><D130/><U44/><E69/><V57/><F34/><W131/><G131/><T37/><D37/><U83/><E83/><V66/><F66/><W13/><G2/><T128/><D128/><U67/><REACH who="1" step="1"/><E127/><REACH who="1" ten="195,235,230,330" step="2"/><V23/><F33/><AGARI ba="1,1" hai="12,19,21,22,24,28,33,35,44,50,55,56,60,67" machi="33" ten="40,3900,0" yaku="1,1,2,1,53,0" doraHai="134" doraHaiUra="75" who="1" fromWho="2" sc="195,0,235,52,230,-42,330,0" />
</Scene>
<Scene>
<INIT seed="1,2,0,1,0,31" ten="195,287,188,330" oya="1" hai0="117,9,2,27,133,36,134,115,86,47,45,78,104" hai1="38,0,15,65,76,43,12,126,37,75,97,40,59" hai2="71,127,113,135,83,46,103,118,101,69,110,66,96" hai3="28,81,22,105,19,77,20,79,89,94,92,73,11"/><U93/><E0/><V55/><F118/><W132/><G105/><T124/><D117/><U57/><E126/><V119/><F119/><W56/><G132/><N who="0" m="50795" /><D115/><U51/><E76/><V82/><F127/><W18/><G28/><T122/><D124/><U99/><E75/><V116/><F116/><W125/><G125/><T7/><D122/><U1/><E1/><V106/><F135/><W111/><G111/><T41/><D104/><U8/><E51/><V26/><F110/><W62/><G11/><T88/><D47/><U95/><E8/><V42/><F113/><W123/><G123/><T67/><D67/><AGARI ba="2,0" hai="12,15,37,38,40,43,57,59,65,67,93,95,97,99" machi="67" ten="25,2400,0" yaku="22,2" doraHai="31" who="1" fromWho="0" sc="195,-30,287,30,188,0,330,0" />
</Scene>
<Scene>
<INIT seed="1,3,0,2,3,47" ten="165,317,188,330" oya="1" hai0="50,83,116,113,24,78,52,16,61,21,6,104,99" hai1="33,117,130,87,36,62,55,5,79,129,112,121,27" hai2="105,108,9,102,128,30,0,57,73,1,60,48,81" hai3="20,109,134,80,4,119,131,125,59,46,35,23,25"/><U34/><E36/><V115/><F108/><W56/><G109/><T42/><D116/><U120/><E117/><V96/><F115/><W13/><G119/><T49/><D113/><U54/><E5/><V118/><F118/><W88/><G35/><N who="1" m="13322" /><E112/><V74/><F30/><W98/><G46/><N who="0" m="25943" /><D104/><U2/><E27/><V38/><F128/><N who="1" m="49257" /><E62/><V76/><F38/><W107/><G107/><T72/><D72/><U66/><E66/><V91/><F74/><W28/><G131/><T86/><D6/><U114/><E114/><V110/><F110/><W135/><G4/><T64/><D99/><U14/><E14/><V75/><F9/><W126/><G13/><T37/><D37/><U84/><E79/><V18/><F18/><W26/><G98/><T22/><D22/><U11/><E11/><V65/><F75/><W100/><G26/><T97/><D97/><U69/><E69/><V132/><F65/><W89/><G23/><T58/><D64/><U51/><E2/><V92/><F0/><W90/><G25/><T67/><D67/><U93/><E84/><N who="2" m="52327" /><F1/><W3/><G3/><T12/><D24/><U44/><E55/><N who="2" m="31975" /><F60/><AGARI ba="3,0" hai="12,16,21,49,52,58,60,61,78,83,86" m="25943" machi="60" ten="30,8000,1" yaku="8,1,52,2,54,2" doraHai="47" who="0" fromWho="2" sc="165,89,317,0,188,-89,330,0" />
</Scene>
<Scene>
<INIT seed="2,0,0,4,4,5" ten="254,317,99,330" oya="2" hai0="29,101,73,68,115,71,79,34,90,45,28,10,100" hai1="98,107,48,104,82,32,1,91,61,131,133,41,31" hai2="95,7,97,54,13,103,109,38,88,78,49,23,80" hai3="64,3,53,20,57,117,74,0,21,99,92,77,96"/><V114/><F38/><W33/><G33/><T121/><D121/><U65/><E1/><V128/><F114/><W67/><G117/><T66/><D115/><U51/><E133/><V127/><F127/><W111/><G111/><T42/><D79/><U110/><E110/><V106/><F109/><W6/><G77/><T19/><D73/><U81/><E131/><V24/><F128/><W44/><G74/><T39/><D90/><U89/><E41/><V75/><F7/><W55/><G6/><T120/><D120/><U25/><E104/><V94/><F13/><W11/><G57/><T122/><D122/><U16/><E16/><V18/><REACH who="2" step="1"/><F88/><REACH who="2" ten="254,317,89,330" step="2"/><W59/><G0/><T129/><D129/><U102/><E89/><V46/><AGARI ba="0,1" hai="18,23,24,46,49,54,75,78,80,94,95,97,103,106" machi="46" ten="20,7800,0" yaku="1,1,2,1,0,1,7,1,53,0" doraHai="5" doraHaiUra="116" who="2" fromWho="2" sc="254,-26,317,-26,89,88,330,-26" />
</Scene>
<Scene>
<INIT seed="2,1,0,4,3,26" ten="228,291,177,304" oya="2" hai0="79,6,89,108,21,116,123,69,107,121,23,17,11" hai1="7,25,72,67,24,104,57,134,63,58,27,91,0" hai2="95,16,48,77,56,75,129,97,111,50,93,2,31" hai3="18,32,70,15,68,92,42,122,51,66,29,38,102"/><V1/><F129/><W62/><G38/><T41/><D69/><U87/><E72/><V35/><F111/><W117/><G117/><T128/><D107/><U118/><E118/><V10/><F93/><W33/><G122/><T64/><D64/><U36/><E36/><V90/><F75/><W14/><G68/><T61/><D61/><U54/><E104/><V94/><F77/><W40/><G14/><T133/><D89/><U28/><E134/><V47/><F56/><W78/><G78/><T30/><D41/><U39/><E39/><V109/><F109/><W22/><G51/><T49/><D49/><N who="1" m="30927" /><E0/><V96/><F48/><W65/><G65/><T20/><D116/><U135/><E7/><V106/><F106/><W100/><G33/><T37/><D6/><U84/><E135/><V99/><F99/><W83/><G83/><T82/><D82/><N who="1" m="49559" /><E87/><V44/><F44/><W73/><G73/><T114/><D37/><U52/><E67/><V105/><F105/><W12/><G92/><T125/><D108/><U43/><E43/><V8/><F1/><W53/><G53/><T13/><D133/><U5/><E5/><V131/><F131/><W59/><G70/><T86/><D128/><U55/><E55/><N who="2" m="30175" /><F2/><W34/><G42/><T132/><D132/><U130/><E130/><V113/><F113/><W115/><G40/><T103/><D114/><U76/><E76/><V46/><F46/><W126/><G115/><T88/><D79/><U81/><E81/><V110/><F110/><W127/><G66/><T80/><D80/><U3/><E3/><V124/><F95/><RYUUKYOKU ba="1,0" sc="228,-10,291,30,177,-10,304,-10" hai1="24,25,27,28,52,58,63" />
</Scene>
<Scene>
<INIT seed="3,2,0,2,2,90" ten="218,321,167,294" oya="3" hai0="111,3,13,126,24,135,2,45,44,134,68,89,29" hai1="77,105,41,6,52,11,27,36,103,7,12,42,128" hai2="58,61,48,85,34,56,50,76,72,97,43,83,65" hai3="66,18,17,91,117,19,35,9,30,78,15,32,63"/><W115/><G115/><T95/><D68/><U84/><E36/><V67/><F34/><W133/><G117/><T28/><D111/><U47/><E128/><V127/><F127/><W54/><G133/><N who="0" m="50699" /><D126/><U102/><E6/><V57/><F72/><W106/><G78/><T46/><D13/><U39/><E105/><V81/><F43/><N who="1" m="16393" /><E27/><V33/><F33/><W49/><G106/><T79/><D79/><U25/><E25/><V80/><F76/><W104/><G104/><T114/><D114/><U119/><E39/><V22/><F85/><W107/><G107/><T125/><D125/><U129/><E129/><V120/><F120/><W10/><G30/><N who="0" m="11883" /><D24/><U98/><E119/><V70/><F22/><W26/><G26/><T101/><D101/><U71/><E71/><V73/><F73/><W20/><G35/><T131/><D131/><U74/><E74/><V87/><F70/><W23/><G32/><T38/><D38/><U60/><E103/><V118/><F118/><W113/><G113/><T122/><D122/><U96/><E102/><V40/><F40/><W110/><G110/><T88/><D89/><U121/><E121/><V109/><F109/><W53/><G91/><T82/><D82/><N who="1" m="47183" /><E60/><V130/><F61/><W75/><G75/><T132/><N who="0" m="50707" /><T99/><AGARI ba="2,0" hai="2,3,44,45,46,88,95,99" m="11883,50707" machi="99" ten="50,8000,1" yaku="4,1,20,1,52,1,54,1" doraHai="90" who="0" fromWho="0" sc="218,86,321,-22,167,-22,294,-42" />
</Scene>
<Scene>
<INIT seed="4,0,0,0,4,123" ten="304,299,145,252" oya="0" hai0="122,113,16,84,112,2,61,59,132,19,102,107,130" hai1="30,111,86,118,115,63,3,41,64,40,62,5,0" hai2="87,134,42,34,73,70,25,39,98,57,65,4,106" hai3="88,1,100,28,12,44,129,38,27,13,45,97,89"/><T58/><D122/><U80/><E111/><V75/><F87/><W114/><G1/><T74/><D74/><U95/><E118/><V33/><F57/><W125/><G114/><N who="0" m="44139" /><D2/><U117/><E117/><V48/><F48/><W81/><G81/><T92/><BYE who="3" /><D130/><U133/><E115/><V124/><F4/><W128/><G128/><T21/><D132/><U8/><E133/><V105/><F134/><W29/><G29/><T31/><D31/><U53/><E0/><V54/><F54/><W91/><G91/><N who="0" m="53351" /><D21/><UN n3="%E5%A4%AA%E3%81%8F%E3%81%AA%E3%81%84%E3%81%8A" /><U23/><E23/><V47/><F124/><W83/><G125/><T103/><D59/><U120/><E30/><N who="2" m="19663" /><F34/><W68/><G129/><T127/><D127/><U131/><E120/><V7/><F7/><W26/><G83/><T9/><D9/><U78/><E131/><V110/><F110/><W85/><G85/><T51/><D51/><U22/><E22/><V116/><F116/><W82/><G82/><T15/><D107/><U60/><E95/><V94/><F94/><W93/><G93/><T126/><D126/><U36/><E80/><V101/><F106/><W37/><G28/><T24/><D24/><U32/><E32/><V76/><F76/><W56/><G56/><T55/><D15/><U35/><E35/><V99/><F98/><W43/><G97/><T6/><D6/><U50/><E78/><V79/><F79/><W72/><G72/><T46/><D46/><N who="1" m="27863" /><E86/><V119/><F119/><W20/><G20/><T121/><D121/><U17/><E5/><V11/><F11/><W109/><G12/><T52/><D55/><U135/><E135/><RYUUKYOKU ba="0,0" sc="304,15,299,-15,145,15,252,-15" hai0="16,19,52,58,61,102,103" hai2="39,42,47,65,70,73,75,99,101,105" />
</Scene>
<Scene>
<INIT seed="4,1,0,2,5,113" ten="319,284,160,237" oya="0" hai0="64,123,80,79,93,44,73,46,131,13,124,120,38" hai1="121,97,36,9,10,76,57,54,105,134,127,83,91" hai2="133,25,100,23,82,115,65,3,6,70,53,63,118" hai3="102,22,119,71,47,132,89,43,0,81,37,19,61"/><T14/><D131/><U2/><E36/><V39/><F39/><W18/><G0/><T56/><D124/><U8/><E121/><V40/><F115/><W1/><G1/><T84/><D123/><U20/><E127/><V90/><F40/><W48/><G102/><T42/><D120/><U15/><E134/><V26/><F133/><W94/><G132/><T96/><D73/><U117/><E117/><V31/><F100/><W33/><G33/><T50/><D44/><U60/><E2/><V125/><F125/><W49/><G81/><T21/><D21/><U114/><E114/><V11/><F53/><W75/><G75/><T101/><REACH who="0" step="1"/><D38/><REACH who="0" ten="309,284,160,237" step="2"/><U27/><E9/><V103/><F23/><W111/><G22/><T66/><D66/><U130/><E8/><V67/><F65/><W109/><G37/><T116/><D116/><U7/><E130/><V77/><F67/><W95/><G119/><T5/><D5/><U58/><E7/><V78/><F11/><W62/><G47/><T51/><D51/><U98/><E10/><V85/><F6/><W122/><G122/><T110/><D110/><U128/><E128/><V12/><F118/><W16/><G111/><T86/><D86/><U55/><E20/><V32/><F3/><W17/><G109/><T88/><D88/><U107/><E91/><V24/><F12/><W4/><G4/><T69/><D69/><U28/><E15/><V92/><F70/><W99/><G71/><T41/><D41/><U52/><E55/><V129/><F129/><W45/><N who="3" m="4096" /><DORA hai="74" /><W104/><G43/><T34/><D34/><RYUUKYOKU ba="1,1" sc="309,30,284,-10,160,-10,237,-10" hai0="13,14,42,46,50,56,64,79,80,84,93,96,101" />
</Scene>
<Scene>
<INIT seed="4,2,1,3,1,36" ten="339,274,150,227" oya="0" hai0="98,113,34,114,68,14,31,20,104,23,116,92,51" hai1="85,16,80,75,40,5,12,21,48,93,52,82,33" hai2="61,27,65,50,112,84,87,107,30,6,62,100,101" hai3="128,29,120,7,134,126,73,55,28,130,39,59,103"/><T131/><D116/><U89/><E33/><V46/><F112/><N who="0" m="43114" /><D104/><U17/><E5/><V41/><F6/><W44/><G73/><T78/><D68/><U3/><E3/><V105/><F62/><W2/><G126/><T119/><D78/><U110/><E110/><V37/><F107/><W97/><G134/><T1/><D1/><U96/><E75/><V90/><F37/><W26/><G120/><T24/><D119/><U121/><E121/><V91/><F87/><W115/><G115/><T57/><D14/><N who="1" m="9367" /><E40/><V8/><F8/><W42/><G7/><T76/><D76/><U124/><E96/><V83/><F91/><W86/><G86/><T74/><D74/><U25/><E25/><V102/><F105/><W0/><G2/><T79/><D79/><U38/><E38/><V117/><F117/><W127/><G0/><T118/><D118/><U123/><E124/><V11/><F11/><W125/><G127/><T72/><D131/><N who="3" m="50217" /><G26/><T122/><D72/><U129/><E123/><V108/><F108/><W49/><G125/><T13/><D13/><U99/><E99/><V70/><REACH who="2" step="1"/><F102/><REACH who="2" ten="339,274,140,227" step="2"/><W132/><G132/><T66/><D122/><U43/><E129/><V54/><F54/><W63/><G39/><T64/><D66/><U69/><E52/><V32/><AGARI ba="2,2" hai="27,30,32,41,46,50,61,65,70,83,84,90,100,101" machi="32" ten="20,5200,0" yaku="1,1,0,1,7,1,52,1,53,0" doraHai="36" doraHaiUra="88" who="2" fromWho="2" sc="339,-28,274,-15,140,78,227,-15" />
</Scene>
<Scene>
<INIT seed="5,0,0,5,2,59" ten="311,259,218,212" oya="1" hai0="127,57,2,18,131,128,115,87,106,50,96,36,52" hai1="110,95,129,13,98,91,44,26,3,7,100,39,122" hai2="120,20,67,21,15,55,62,43,93,54,14,25,102" hai3="101,47,109,66,53,23,28,34,46,35,58,84,5"/><U42/><E122/><V22/><F120/><W121/><G121/><T125/><D115/><U61/><E129/><N who="0" m="49737" /><D36/><U64/><E110/><V37/><F37/><W56/><G109/><T65/><D2/><U10/><E26/><V92/><F43/><W80/><G5/><T83/><D18/><U81/><E81/><V41/><F41/><W17/><G101/><N who="0" m="62759" /><D65/><U1/><REACH who="1" step="1"/><E100/><REACH who="1" ten="311,249,218,212" step="2"/><V117/><F102/><W97/><G80/><T63/><D83/><U27/><E27/><V108/><F25/><W99/><G35/><T9/><D125/><U134/><E134/><V116/><F108/><W16/><G34/><T30/><D127/><U8/><E8/><V94/><F116/><W29/><G23/><T124/><D124/><U24/><E24/><V118/><F117/><W40/><G29/><T103/><D103/><U113/><E113/><V132/><F118/><W123/><G28/><T32/><D9/><U105/><E105/><V60/><F132/><W85/><G123/><T77/><D30/><U79/><E79/><V74/><F74/><W86/><G86/><T4/><D32/><U89/><E89/><V75/><F75/><W45/><G84/><T126/><D126/><U0/><E0/><V88/><F88/><W51/><G85/><T135/><D135/><U70/><AGARI ba="0,1" hai="1,3,7,10,13,39,42,44,61,64,70,91,95,98" machi="70" ten="20,18000,2" yaku="1,1,0,1,7,1,52,1,53,2" doraHai="59" doraHaiUra="33" who="1" fromWho="1" sc="311,-60,249,190,218,-60,212,-60" />
</Scene>
<Scene>
<INIT seed="5,1,0,4,3,127" ten="251,439,158,152" oya="1" hai0="76,93,126,91,89,133,49,111,94,114,73,78,29" hai1="113,36,45,22,119,35,37,2,99,43,13,21,54" hai2="51,124,44,121,92,125,100,6,42,4,46,117,23" hai3="64,16,1,115,59,71,30,112,84,102,17,98,81"/><U8/><E2/><V82/><F117/><W18/><G71/><T96/><D29/><U40/><E119/><V74/><F121/><W19/><G1/><T7/><D7/><U32/><E113/><N who="3" m="43594" /><G30/><T107/><D114/><U24/><E54/><V132/><F132/><W105/><N who="3" m="4096" /><DORA hai="9" /><W116/><G116/><T65/><D111/><U52/><E22/><V86/><F23/><W118/><G118/><T56/><D126/><N who="2" m="48746" /><F74/><W72/><G72/><T109/><D73/><U123/><E123/><V3/><F3/><W68/><G68/><T60/><D109/><U27/><E35/><V34/><F34/><W128/><G59/><T11/><D133/><U57/><E32/><V33/><F33/><W48/><G48/><T25/><D49/><U130/><E21/><V47/><F47/><W131/><G64/><T66/><D65/><U87/><E57/><V106/><F106/><W39/><G39/><T135/><D107/><U20/><E37/><V14/><F46/><W26/><G26/><T70/><D135/><U122/><E45/><V50/><F51/><W58/><G58/><T53/><D25/><U110/><E27/><V79/><F14/><W28/><G28/><T95/><D70/><U104/><E24/><V129/><F4/><W67/><G67/><T31/><D66/><U80/><E36/><V41/><F6/><W62/><G62/><T134/><D134/><U69/><E69/><V83/><F42/><W103/><G103/><N who="0" m="60815" /><D31/><U75/><E75/><V77/><F50/><W15/><G15/><T120/><D60/><U88/><E13/><V0/><F0/><RYUUKYOKU ba="1,0" sc="251,-10,439,-10,158,-10,152,30" hai3="81,84,98,102,105,128,131" />
</Scene>
<Scene>
<INIT seed="6,2,0,5,4,33" ten="241,429,148,182" oya="2" hai0="43,59,32,24,84,126,62,112,42,121,94,57,117" hai1="111,19,76,40,20,65,93,38,118,79,5,37,30" hai2="15,69,51,122,86,105,97,125,72,18,64,56,2" hai3="35,83,0,131,28,25,75,12,89,132,133,90,96"/><V34/><F122/><W9/><G131/><T48/><D121/><U41/><E111/><V60/><F72/><W39/><G39/><T110/><D110/><U134/><E30/><V68/><F34/><W80/><G0/><T14/><D126/><U78/><E65/><V8/><F125/><W95/><G75/><T17/><D112/><U11/><E134/><N who="3" m="51818" /><G89/><N who="0" m="53543" /><D32/><U23/><E37/><V119/><F119/><W44/><G44/><T102/><D24/><U31/><E38/><V54/><F86/><W55/><G55/><N who="0" m="31975" /><D102/><U135/><E118/><V52/><F2/><W100/><G100/><T123/><D123/><U101/><E31/><V115/><F115/><W58/><G58/><T49/><D49/><U113/><E113/><V106/><F69/><W77/><G77/><T36/><D36/><U114/><E114/><V92/><REACH who="2" step="1"/><F54/><REACH who="2" ten="241,429,138,182" step="2"/><W104/><G104/><T87/><D87/><U67/><E135/><V103/><AGARI ba="2,1" hai="8,15,18,51,52,56,60,64,68,92,97,103,105,106" machi="103" ten="20,18000,2" yaku="1,1,2,1,0,1,7,1,54,1,53,1" doraHai="33" doraHaiUra="91" who="2" fromWho="2" sc="241,-62,429,-62,138,196,182,-62" />
</Scene>
<Scene>
<INIT seed="6,3,0,4,0,120" ten="179,367,334,120" oya="2" hai0="2,115,112,13,44,119,55,7,28,122,88,40,93" hai1="74,68,87,110,6,102,19,95,76,21,90,114,65" hai2="8,62,42,49,105,75,37,30,107,94,92,67,125" hai3="16,36,77,53,45,51,52,29,56,39,11,134,98"/><V109/><F75/><W132/><G29/><T97/><D122/><U61/><E6/><V113/><F37/><W79/><G98/><T124/><D2/><U54/><E54/><V64/><F30/><W82/><G36/><T41/><D124/><U126/><E126/><V81/><F125/><W25/><G77/><T33/><D119/><U135/><E135/><V43/><F81/><W130/><G130/><T123/><D123/><U17/><E114/><N who="0" m="43561" /><D55/><U18/><E110/><V3/><F113/><W4/><G4/><T22/><D33/><U69/><E69/><V91/><F109/><W0/><G0/><T23/><D28/><U9/><E9/><V59/><F67/><W46/><G46/><T85/><D97/><U38/><E38/><V73/><F73/><W108/><G108/><T20/><D44/><U57/><E68/><V101/><F43/><N who="0" m="16458" /><D7/><U5/><E5/><V127/><F127/><W83/><G39/><T15/><AGARI ba="3,0" hai="13,15,20,22,23,85,88,93" m="16458,43561" machi="15" ten="40,2700,0" yaku="15,1,54,1" doraHai="120" who="0" fromWho="0" sc="179,36,367,-10,334,-16,120,-10" />
</Scene>
<Scene>
<INIT seed="7,0,0,3,3,125" ten="215,357,318,110" oya="3" hai0="54,74,95,113,106,102,77,129,75,103,10,82,128" hai1="119,108,44,126,55,2,0,92,32,127,42,17,53" hai2="41,39,87,20,110,24,124,73,100,59,97,49,80" hai3="86,132,27,94,37,62,130,46,69,34,30,6,28"/><W67/><G132/><T36/><D36/><U107/><E107/><V76/><F124/><N who="1" m="47657" /><E108/><V105/><F110/><W26/><G6/><T40/><D54/><N who="1" m="20491" /><E119/><V50/><F59/><W101/><G130/><T114/><D10/><U71/><E71/><V98/><F98/><W88/><G101/><N who="0" m="38411" /><D40/><U3/><E92/><V116/><F116/><W89/><G89/><T56/><D56/><U83/><E83/><V21/><F21/><W47/><REACH who="3" step="1"/><G37/><REACH who="3" ten="215,357,318,100" step="2"/><T66/><D128/><U122/><E122/><V19/><F39/><W31/><G31/><T48/><D129/><U38/><E17/><V68/><F19/><W25/><G25/><T18/><D18/><U29/><E29/><V65/><F24/><W63/><G63/><T5/><D5/><U61/><E61/><V13/><F100/><W9/><G9/><T11/><D11/><U7/><E7/><V72/><F105/><W117/><G117/><T52/><D106/><U112/><E112/><V121/><F121/><W99/><G99/><T60/><D113/><U4/><E4/><V85/><F97/><W111/><G111/><T43/><D114/><U131/><E131/><V104/><F104/><W91/><G91/><T79/><D60/><U15/><E15/><V22/><F13/><W90/><G90/><T14/><D14/><U123/><E123/><V8/><F8/><W115/><G115/><T35/><D48/><U33/><AGARI ba="0,1" hai="0,2,3,32,33,38,42,44" m="20491,47657" machi="33" ten="40,1500,0" yaku="18,1" doraHai="125" who="1" fromWho="1" sc="215,-4,357,25,318,-4,100,-7" owari="211,-19.0,382,49.0,314,11.0,93,-41.0" />
</Scene>
</mjloggm>