<mjloggm ver="2.3"><GO type="169" lobby="0"/><UN n0="%E3%81%8D%E3%82%83%E3%81%97%E3%82%83%E3%83%BC%E3%81%AE%EF%BC%81" n1="%74%61%63%6F%73" n2="%77%61%77%61%33%30%33%30" n3="%E5%A4%AA%E3%81%8F%E3%81%AA%E3%81%84%E3%81%8A" dan="16,16,17,19" rate="2145.51,2110.43,2195.06,2279.85" sx="M,M,M,F"/><TAIKYOKU oya="0"/>

<Scene>
<INIT seed="0,0,0,4,0,114" ten="250,250,250,250" oya="0" hai0="83,37,125,97,117,112,132,135,74,68,92,121,126" hai1="66,1,131,87,9,122,72,133,80,63,98,51,77" hai2="29,22,23,86,76,73,104,124,116,40,32,41,111" hai3="33,99,105,28,46,52,78,12,107,100,75,60,45"/><T91/><D68/><U103/><E122/><V4/><F73/><W96/><G12/><T61/><D37/><U8/><E131/><V120/><F120/><W93/><G78/><N who="0" m="44503" /><D61/><U64/><E133/><N who="0" m="51273" /><D121/><U48/><E72/><V7/><F86/><W118/><G75/><T34/><D34/><U24/><E24/><V30/><F76/><W134/><G134/><T27/><D27/><U2/><E2/><V65/><F65/><W10/><G33/><T11/><D11/><U59/><E64/><V81/><F81/><W20/><G10/><N who="1" m="4202" /><E1/><V85/><F85/><W5/><G5/><T53/><D53/><U13/><E13/><V26/><F26/><W82/><G52/><T39/><D39/><U94/><AGARI ba="0,0" hai="48,51,59,63,66,77,80,87,94,98,103" m="4202" machi="94" ten="30,1100,0" yaku="8,1" doraHai="114" who="1" fromWho="1" sc="250,-5,250,11,250,-3,250,-3" />
</Scene>
<Scene>
<INIT seed="1,0,0,5,2,91" ten="245,261,247,247" oya="1" hai0="73,115,23,13,57,90,21,3,6,12,84,109,103" hai1="124,53,133,2,81,98,17,60,49,112,111,95,41" hai2="117,32,18,43,76,107,118,1,94,56,126,20,71" hai3="58,88,74,54,55,5,120,67,86,127,114,121,102"/><U45/><E112/><V92/><F107/><W27/><G114/><T37/><D73/><U93/><E2/><V50/><F71/><W10/><G74/><T108/><D37/><U19/><E124/><V82/><F32/><W61/><G127/><T110/><D115/><U8/><E133/><V101/><F1/><W34/><G102/><T11/><D103/><U99/><E111/><V51/><F101/><W106/><G106/><T46/><D46/><U135/><E81/><V38/><F38/><W31/><G121/><T25/><D57/><N who="1" m="34863" /><E135/><V72/><F126/><W9/><G120/><T0/><D84/><U128/><E128/><V119/><F51/><W130/><G130/><T132/><D132/><U129/><E129/><V24/><REACH who="2" step="1"/><F56/><REACH who="2" ten="245,261,237,247" step="2"/><W16/><G34/><T35/><D35/><U22/><E8/><V28/><F28/><W36/><G31/><N who="0" m="17839" /><D90/><N who="1" m="55607" /><E22/><V68/><F68/><W89/><G36/><T52/><D3/><U83/><E83/><V33/><F33/><W80/><G9/><N who="0" m="4151" /><D0/><U65/><E65/><V15/><F15/><N who="3" m="5583" /><G89/><AGARI ba="0,1" hai="17,19,41,45,49,89,95,99" m="55607,34863" machi="89" ten="30,5800,0" yaku="8,1,52,2" doraHai="91" who="1" fromWho="3" sc="245,0,261,68,237,0,247,-58" />
</Scene>
<Scene>
<INIT seed="1,1,0,5,2,57" ten="245,329,237,189" oya="1" hai0="134,55,122,2,105,35,107,125,131,80,108,25,78" hai1="52,13,70,97,47,82,29,42,128,1,126,113,28" hai2="72,18,103,40,43,87,49,120,5,76,17,6,11" hai3="15,0,129,36,98,93,30,37,124,114,4,130,63"/><U53/><E1/><V60/><F72/><W9/><G114/><T7/><D55/><U31/><E113/><V117/><F117/><W90/><G124/><T109/><D125/><U116/><E116/><V38/><F38/><W51/><G30/><N who="0" m="19919" /><D134/><U89/><E70/><V133/><F133/><W71/><G51/><T73/><D131/><N who="3" m="50185" /><G0/><T96/><D122/><U88/><E126/><V86/><F103/><W67/><AGARI ba="1,0" hai="4,9,15,36,37,63,67,71,90,93,98" m="50185" machi="67" ten="30,2000,0" yaku="19,1,52,1" doraHai="57" who="3" fromWho="3" sc="245,-6,329,-11,237,-6,189,23" />
</Scene>
<Scene>
<INIT seed="2,0,0,3,1,26" ten="239,318,231,212" oya="2" hai0="40,117,114,37,28,126,14,96,42,119,105,19,29" hai1="30,97,54,87,92,91,77,39,69,115,72,68,16" hai2="125,6,38,118,106,1,55,107,135,34,35,112,58" hai3="52,20,31,124,60,27,24,86,56,51,7,46,47"/><V50/><F112/><W103/><G124/><T17/><D114/><U122/><E39/><V41/><F118/><N who="0" m="45066" /><D126/><U113/><E72/><V4/><F125/><W121/><G121/><T66/><D66/><U49/><E122/><V15/><F1/><W78/><G7/><T94/><D105/><U65/><E30/><N who="0" m="11881" /><D37/><U84/><E65/><V104/><F135/><W21/><G103/><N who="0" m="60823" /><D19/><U45/><E16/><V120/><F120/><W12/><G27/><T127/><D127/><U3/><E113/><V48/><F38/><W74/><G24/><T2/><D2/><U93/><E3/><V18/><F6/><W102/><G31/><T70/><D70/><U64/><E64/><V71/><F4/><W76/><G102/><T100/><D100/><U59/><E69/><V80/><F71/><W0/><G0/><T44/><D44/><U22/><E68/><V81/><F35/><W134/><G46/><T133/><D133/><U13/><E115/><V73/><F34/><W63/><G134/><T89/><D89/><U10/><E45/><V129/><F18/><W57/><G47/><T90/><D90/><U11/><E91/><V23/><F107/><W83/><G12/><T8/><AGARI ba="0,0" hai="8,14,17,40,42" m="60823,11881,45066" machi="8" ten="30,7900,0" yaku="12,1,52,3" doraHai="26" who="0" fromWho="0" sc="239,79,318,-20,231,-39,212,-20" />
</Scene>
<Scene>
<INIT seed="3,0,0,0,4,45" ten="318,298,192,192" oya="3" hai0="0,114,28,65,55,4,68,57,76,102,3,58,135" hai1="125,69,60,84,22,116,126,133,134,15,111,44,109" hai2="10,7,67,118,70,35,80,92,17,14,87,99,120" hai3="1,24,53,129,104,79,108,33,112,122,86,64,81"/><W119/><G112/><T89/><D68/><U47/><E84/><V77/><F120/><W12/><G122/><T95/><D102/><U23/><E15/><V82/><F35/><W52/><G1/><T42/><D42/><U20/><E116/><V40/><F118/><W132/><G119/><T36/><D36/><U128/><E60/><V130/><F130/><W124/><G104/><T9/><D76/><U78/><E78/><V50/><F67/><W90/><G129/><T46/><D28/><U21/><E69/><V59/><F70/><W94/><G64/><T72/><D72/><U110/><N who="1" m="5120" /><DORA hai="121" /><U27/><E27/><V26/><F82/><W32/><G124/><N who="1" m="47722" /><E128/><V18/><F26/><W56/><G12/><T29/><D3/><U107/><E107/><V85/><F85/><W91/><G24/><T117/><D29/><U2/><E2/><V66/><F66/><W16/><G79/><T63/><D117/><U61/><E61/><V54/><REACH who="2" step="1"/><F40/><REACH who="2" ten="318,298,182,192" step="2"/><W127/><G127/><T51/><D114/><U96/><E96/><V43/><F43/><W8/><G33/><T103/><D65/><U30/><E30/><V106/><F106/><W41/><G41/><T131/><D131/><U31/><E31/><V48/><F48/><W5/><G32/><T83/><D51/><U49/><E49/><V98/><F98/><W34/><G34/><T93/><D83/><U71/><E71/><V105/><F105/><W123/><G81/><T62/><D62/><U100/><E110/><V73/><F73/><W74/><G74/><T38/><D63/><U97/><E109/><RYUUKYOKU ba="0,1" sc="318,-10,298,-10,182,30,192,-10" hai2="7,10,14,17,18,50,54,59,77,80,87,92,99" />
</Scene>
<Scene>
<INIT seed="4,1,1,1,3,80" ten="308,288,212,182" oya="0" hai0="17,107,10,49,69,113,112,67,4,20,95,73,16" hai1="55,126,120,0,117,1,96,19,134,36,72,29,94" hai2="130,91,79,41,123,52,31,82,131,68,56,103,50" hai3="43,81,83,9,62,132,24,37,74,92,54,84,77"/><T89/><D107/><U18/><E120/><V64/><F103/><W111/><G111/><T114/><D73/><U66/><E36/><V122/><F31/><W87/><G132/><T86/><D49/><U27/><E72/><V70/><F91/><W127/><G127/><T93/><D93/><U8/><E117/><V2/><F2/><W115/><G115/><T85/><D20/><U7/><E66/><V15/><F15/><W3/><G24/><T97/><D67/><U42/><E42/><V128/><F64/><W25/><G25/><T116/><D69/><N who="2" m="26730" /><F41/><W100/><G100/><T57/><D57/><U71/><E0/><V46/><F56/><N who="3" m="35095" /><G83/><T40/><D40/><U99/><E71/><V21/><F21/><W108/><G92/><T51/><D51/><U124/><E94/><V23/><F23/><W35/><G35/><T105/><D116/><U60/><E124/><V88/><F88/><W78/><G78/><T110/><D110/><U22/><E126/><V47/><F47/><N who="3" m="24047" /><G108/><T44/><D44/><U65/><E96/><V118/><F118/><W34/><G34/><T39/><D39/><U106/><E99/><V125/><F125/><W104/><G104/><T58/><D58/><U28/><E106/><V45/><F45/><W75/><G75/><AGARI ba="1,1" hai="46,50,52,75,79,82,122,123,128,130,131" m="26730" machi="75" ten="40,2600,0" yaku="19,1,54,1" doraHai="80" who="2" fromWho="3" sc="308,0,288,0,212,39,182,-29" />
</Scene>
<Scene>
<INIT seed="5,0,0,0,5,61" ten="308,288,251,153" oya="1" hai0="67,114,44,81,79,74,24,10,3,56,42,70,34" hai1="32,12,92,54,83,49,106,55,15,29,33,30,80" hai2="105,65,94,48,116,131,125,97,124,68,71,62,50" hai3="122,87,89,108,76,23,75,103,111,45,53,57,1"/><U127/><E92/><V93/><F116/><W4/><G122/><T107/><D56/><U16/><E49/><V123/><F123/><W113/><G113/><T9/><D9/><U47/><E47/><V13/><F13/><W18/><G103/><T39/><D107/><U51/><E51/><N who="2" m="19499" /><F131/><W129/><G45/><T119/><D114/><U126/><REACH who="1" step="1"/><E16/><REACH who="1" ten="308,278,251,153" step="2"/><V40/><F40/><W128/><G18/><T115/><D115/><U66/><E66/><N who="2" m="41047" /><F105/><AGARI ba="0,1" hai="12,15,29,30,32,33,54,55,80,83,105,106,126,127" machi="105" ten="25,4800,0" yaku="1,1,22,2,53,0" doraHai="61" doraHaiUra="72" who="1" fromWho="2" sc="308,0,278,58,251,-48,153,0" />
</Scene>
<Scene>
<INIT seed="5,1,0,3,3,103" ten="308,336,203,153" oya="1" hai0="120,124,18,15,111,46,23,29,132,24,52,93,85" hai1="64,104,39,102,96,8,83,20,88,86,119,122,35" hai2="76,7,109,117,42,78,89,81,9,21,48,105,130" hai3="26,84,2,128,14,106,45,38,75,133,36,66,25"/><U63/><E35/><V79/><F130/><W5/><G75/><T127/><D111/><U135/><E119/><V82/><F109/><W92/><G2/><T19/><D132/><U22/><E39/><V13/><F117/><W11/><G133/><T16/><D120/><U70/><E135/><V60/><F60/><W94/><G128/><T44/><D15/><U131/><E131/><V129/><F129/><W4/><G66/><T126/><REACH who="0" step="1"/><D52/><REACH who="0" ten="298,336,203,153" step="2"/><U17/><REACH who="1" step="1"/><E122/><REACH who="1" ten="298,326,203,153" step="2"/><V115/><F115/><W74/><G36/><T51/><D51/><U121/><E121/><V31/><F48/><W43/><G38/><T59/><D59/><U91/><E91/><AGARI ba="1,2" hai="16,18,19,23,24,29,44,46,85,91,93,124,126,127" machi="91" ten="50,6400,0" yaku="1,1,18,1,54,1,53,0" doraHai="103" doraHaiUra="62" who="0" fromWho="1" sc="298,87,326,-67,203,0,153,0" />
</Scene>
<Scene>
<INIT seed="6,0,0,3,1,47" ten="385,259,203,153" oya="2" hai0="103,71,85,11,24,80,76,36,131,12,98,121,8" hai1="129,75,127,111,78,113,45,37,64,23,22,126,123" hai2="101,53,112,43,30,44,89,108,102,48,128,39,51" hai3="68,119,26,79,116,125,133,46,107,28,66,109,87"/><V9/><F112/><W92/><G109/><T97/><D36/><U61/><E111/><V38/><F108/><W18/><G107/><T130/><D71/><U59/><E113/><V124/><F128/><N who="0" m="49194" /><D121/><U14/><E129/><V63/><F124/><N who="1" m="47657" /><E123/><V6/><F63/><W135/><G125/><T83/><D24/><U134/><E134/><N who="3" m="51210" /><G18/><N who="0" m="8455" /><D11/><U34/><E34/><V95/><F30/><W57/><G68/><T117/><D117/><U0/><E0/><V16/><F38/><W4/><G4/><T88/><D103/><U60/><E14/><N who="2" m="7247" /><F39/><W10/><G10/><T54/><D54/><U32/><E32/><V99/><F6/><W20/><G26/><T115/><D115/><U35/><E35/><V62/><F62/><N who="3" m="38223" /><G28/><T5/><D5/><U90/><E60/><V86/><F99/><W42/><G20/><T2/><D2/><U73/><E22/><V93/><F93/><W114/><G114/><T132/><D132/><U49/><E23/><V84/><F84/><AGARI ba="0,0" hai="76,80,83,84,85,88,97,98" m="8455,49194" machi="84" ten="30,2000,0" yaku="19,1,54,1" doraHai="47" who="0" fromWho="2" sc="385,20,259,0,203,-20,153,0" />
</Scene>
<Scene>
<INIT seed="7,0,0,1,2,55" ten="405,259,183,153" oya="3" hai0="54,24,76,132,66,41,105,103,47,115,130,9,16" hai1="5,102,37,90,20,6,3,74,85,106,119,30,109" hai2="133,88,82,104,112,14,80,53,114,73,49,4,39" hai3="113,7,50,58,96,36,135,25,31,12,120,43,65"/><W121/><G113/><N who="2" m="43625" /><F39/><W101/><G135/><T99/><D76/><U129/><E85/><N who="2" m="50215" /><F104/><W28/><G36/><T19/><D66/><U123/><E20/><V126/><F133/><W71/><G71/><T21/><D130/><U111/><E5/><V84/><F73/><W79/><G79/><T117/><D117/><U35/><E90/><N who="2" m="51479" /><F126/><W51/><G121/><T11/><D115/><U72/><E72/><V124/><F124/><W69/><G120/><T32/><D54/><U86/><E74/><V46/><F14/><W78/><G78/><T107/><D32/><U27/><E6/><AGARI ba="0,0" hai="4,6,46,49,53" m="51479,50215,43625" machi="6" ten="30,2000,0" yaku="15,1,54,1" doraHai="55" who="2" fromWho="1" sc="405,0,259,-20,183,20,153,0" owari="405,51.0,239,4.0,203,-20.0,153,-35.0" />
</Scene>
</mjloggm>