<mjloggm ver="2.3"><GO type="169" lobby="0"/><UN n0="%E6%B0%91%E8%8A%B8" n1="%E3%81%B5%E3%81%86%E3%81%8C%E2%99%AA" n2="%E5%A4%AA%E3%81%8F%E3%81%AA%E3%81%84%E3%81%8A" n3="%73%66%73%66" dan="17,17,17,16" rate="2195.50,2200.39,2251.32,2126.68" sx="M,M,M,M"/><TAIKYOKU oya="0"/>

<Scene>
<INIT seed="0,0,0,4,3,112" ten="250,250,250,250" oya="0" hai0="21,34,47,122,86,28,114,37,85,108,93,96,106" hai1="30,134,3,131,115,9,113,90,70,119,72,117,132" hai2="83,73,104,7,10,110,2,127,24,125,0,129,25" hai3="61,91,46,107,14,26,44,16,31,60,49,121,12"/><T88/><D114/><N who="1" m="43531" /><E70/><V13/><F104/><W77/><G107/><T79/><D122/><U33/><E72/><V102/><F102/><W6/><G77/><T118/><D34/><U95/><E131/><V92/><F92/><W63/><G121/><T81/><D108/><U126/><E126/><N who="2" m="48139" /><F129/><W69/><G69/><T133/><D133/><N who="1" m="51307" /><E33/><V109/><F83/><W66/><G66/><T5/><D5/><N who="1" m="1215" /><E30/><V98/><F98/><AGARI ba="0,0" hai="90,95,98,117,119" m="1215,51307,43531" machi="98" ten="30,7700,0" yaku="11,1,20,1,52,2" doraHai="112" who="1" fromWho="2" sc="250,0,250,77,250,-77,250,0" />
</Scene>
<Scene>
<INIT seed="1,0,0,2,2,47" ten="250,327,173,250" oya="1" hai0="22,95,39,106,52,53,73,96,54,41,13,36,7" hai1="105,114,128,131,116,17,78,34,80,33,115,63,98" hai2="91,135,10,60,40,102,50,94,89,68,113,4,5" hai3="37,16,44,74,121,79,112,133,97,38,83,19,6"/><U71/><E116/><V58/><F135/><W75/><G133/><T11/><D106/><U101/><E17/><V107/><F113/><N who="1" m="43017" /><E63/><V59/><F107/><W49/><G112/><T48/><D73/><N who="1" m="43087" /><E71/><V0/><F4/><W99/><G75/><T1/><D1/><U123/><E123/><V109/><F109/><W132/><G132/><T92/><D22/><U8/><E8/><V29/><F29/><W77/><G77/><T127/><D127/><U82/><E82/><V24/><F24/><W93/><G6/><T61/><D61/><U70/><E70/><V134/><F134/><W119/><G121/><T9/><D9/><U28/><E28/><V51/><F68/><W126/><G126/><T23/><D23/><U42/><E42/><V64/><F40/><W122/><G119/><T20/><D20/><U43/><E43/><V108/><F108/><W88/><G122/><T129/><D13/><U104/><E104/><V81/><F59/><W57/><G57/><T130/><D11/><U85/><E85/><V14/><F0/><W25/><G25/><T103/><D7/><U46/><E46/><V35/><F35/><AGARI ba="0,0" hai="33,34,35,98,101,105,128,131" m="43087,43017" machi="35" ten="30,1500,0" yaku="23,1" doraHai="47" who="1" fromWho="2" sc="250,0,327,15,173,-15,250,0" />
</Scene>
<Scene>
<INIT seed="1,1,0,5,0,75" ten="250,342,158,250" oya="1" hai0="49,24,2,12,109,94,130,20,81,119,48,9,13" hai1="65,26,96,121,107,47,18,7,30,74,79,102,14" hai2="129,113,112,5,92,34,77,114,101,124,35,131,62" hai3="72,91,21,6,87,71,23,32,127,100,45,104,58"/><U28/><E121/><V54/><F124/><W69/><G32/><N who="2" m="12329" /><F5/><W27/><G72/><T97/><D119/><U83/><E65/><V38/><F38/><W15/><G127/><T126/><D126/><U61/><E61/><V1/><F1/><W31/><G45/><T42/><D2/><U128/><E128/><N who="2" m="49227" /><F101/><W3/><G3/><T116/><D109/><U52/><E7/><V67/><F92/><W53/><G104/><T59/><D12/><U108/><E26/><V115/><N who="2" m="28672" /><DORA hai="73" /><V80/><F54/><W19/><G100/><T29/><D130/><U134/><E52/><V55/><F55/><W56/><G6/><T85/><D116/><U11/><E102/><V68/><F80/><W105/><G105/><T93/><D81/><U82/><E82/><V89/><F89/><W0/><G0/><T86/><D42/><U10/><E83/><V17/><F17/><W25/><G53/><T50/><D94/><U76/><E18/><V98/><F98/><W123/><G91/><N who="0" m="53495" /><D85/><U135/><E96/><V125/><F125/><W64/><G87/><T132/><D97/><U117/><E74/><V63/><F62/><W39/><G19/><N who="0" m="8623" /><D49/><U90/><E90/><V106/><F106/><W57/><G39/><T78/><D48/><U122/><E117/><V60/><F60/><W110/><G27/><T120/><D50/><U36/><E107/><V51/><F51/><W41/><G25/><T111/><D24/><U8/><E36/><V4/><F4/><W95/><G95/><T118/><D118/><U84/><E84/><V37/><F37/><W103/><G103/><RYUUKYOKU ba="1,0" sc="250,-10,342,-10,158,30,250,-10" hai2="63,67,68,77" />
</Scene>
<Scene>
<INIT seed="2,2,0,1,2,126" ten="240,332,188,240" oya="2" hai0="9,26,49,0,133,63,101,18,75,11,13,7,123" hai1="78,82,80,46,64,91,62,92,37,68,122,45,125" hai2="77,81,69,56,50,98,99,61,94,19,8,79,35" hai3="44,73,43,66,70,6,88,36,58,10,51,76,113"/><V57/><F35/><W30/><G30/><T127/><D75/><U86/><E125/><V41/><F69/><W90/><G113/><T109/><D123/><U22/><E122/><V129/><F129/><W28/><G28/><T52/><D127/><U67/><E67/><N who="2" m="39335" /><F81/><N who="3" m="45199" /><G70/><T96/><D109/><U87/><E37/><V124/><F124/><W134/><G134/><T97/><D133/><U17/><E82/><V24/><F98/><W34/><G34/><T55/><D26/><AGARI ba="2,0" hai="17,22,26,45,46,62,64,68,78,80,86,87,91,92" machi="26" ten="30,1000,0" yaku="7,1" doraHai="126" who="1" fromWho="0" sc="240,-16,332,16,188,0,240,0" />
</Scene>
<Scene>
<INIT seed="3,0,0,4,2,113" ten="224,348,188,240" oya="3" hai0="51,131,87,112,66,53,41,114,91,59,8,98,58" hai1="48,72,24,70,107,109,12,5,86,16,96,110,123" hai2="15,54,116,92,57,10,103,34,11,18,4,83,49" hai3="125,119,71,35,132,105,100,134,13,95,7,94,55"/><W115/><G35/><T23/><D41/><U78/><E70/><V33/><F116/><W17/><G115/><N who="0" m="44075" /><D131/><U73/><E5/><V60/><F83/><W69/><G7/><T61/><D23/><U102/><E123/><V117/><F117/><W124/><G119/><T36/><D36/><U121/><E121/><V75/><F75/><W108/><G55/><N who="0" m="32127" /><D98/><U64/><E48/><V31/><F31/><W126/><G108/><T47/><D8/><N who="1" m="6151" /><E64/><V122/><F122/><W88/><G105/><T21/><D21/><U65/><E65/><V118/><F118/><W0/><G0/><T93/><D47/><U52/><E52/><AGARI ba="0,0" hai="52,53,59,61,66,87,91,93" m="32127,44075" machi="52" ten="30,2000,0" yaku="11,1,54,1" doraHai="113" who="0" fromWho="1" sc="224,20,348,-20,188,0,240,0" />
</Scene>
<Scene>
<INIT seed="4,0,0,3,3,26" ten="244,328,188,240" oya="0" hai0="68,56,84,109,63,66,20,89,44,70,15,106,39" hai1="59,96,9,30,132,52,13,60,97,41,33,93,90" hai2="29,16,50,49,91,116,45,24,79,128,113,42,17" hai3="43,129,8,3,73,25,99,34,123,51,11,117,40"/><T35/><D106/><U6/><E132/><V76/><F113/><W130/><G73/><T46/><D35/><U94/><E41/><V32/><F128/><N who="3" m="49259" /><G117/><T7/><D109/><U36/><E36/><V124/><F116/><W22/><G34/><T38/><D38/><U57/><E57/><V120/><F120/><W85/><G123/><T1/><D1/><U71/><E71/><V37/><F124/><W67/><G67/><T58/><D68/><U53/><E30/><V82/><F91/><W115/><G99/><T119/><D119/><U100/><REACH who="1" step="1"/><E33/><REACH who="1" ten="244,318,188,240" step="2"/><V61/><F61/><W81/><G43/><T31/><D56/><U72/><E72/><V19/><REACH who="2" step="1"/><F76/><REACH who="2" ten="244,318,178,240" step="2"/><N who="3" m="46247" /><G115/><T110/><D63/><U77/><E77/><V54/><F54/><AGARI ba="0,2" hai="6,9,13,52,53,54,59,60,90,93,94,96,97,100" machi="54" ten="30,7700,0" yaku="1,1,7,1,8,1,54,1,53,0" doraHai="26" doraHaiUra="135" who="1" fromWho="2" sc="244,0,318,97,178,-77,240,0" />
</Scene>
<Scene>
<INIT seed="5,0,0,3,5,10" ten="244,415,101,240" oya="1" hai0="123,80,39,105,7,128,109,126,55,124,46,98,2" hai1="33,68,116,69,37,59,13,34,0,113,56,26,53" hai2="86,117,52,9,40,24,102,31,114,103,122,12,41" hai3="71,70,43,76,8,64,36,66,77,87,90,111,23"/><U45/><E0/><V89/><F117/><W1/><G111/><T85/><D109/><U91/><E91/><V63/><F122/><W65/><G23/><T94/><D105/><U42/><E13/><V110/><F110/><W121/><G121/><T54/><D123/><U16/><E16/><N who="2" m="8207" /><F114/><W29/><G29/><T18/><D128/><U78/><E78/><V61/><F61/><W75/><G76/><N who="0" m="46215" /><D7/><U73/><E26/><V96/><F96/><W133/><G77/><T129/><D2/><U30/><E30/><V50/><F63/><W44/><G75/><T127/><D129/><U79/><E79/><V28/><F41/><W27/><G27/><T51/><D18/><U35/><E73/><V38/><F40/><W108/><G108/><T3/><D3/><U6/><E6/><V5/><F38/><W60/><G71/><N who="1" m="27210" /><E34/><V120/><F5/><W67/><G1/><T88/><D39/><U134/><E33/><V62/><F62/><W17/><G17/><T100/><D54/><U119/><E35/><V107/><F120/><W82/><REACH who="3" step="1"/><G8/><REACH who="3" ten="244,415,101,230" step="2"/><T11/><D11/><U92/><E119/><V32/><F31/><W104/><G104/><T135/><D135/><AGARI ba="0,1" hai="36,43,44,60,64,65,66,67,70,82,87,90,133,135" machi="135" ten="40,1300,0" yaku="1,1,53,0" doraHai="10" doraHaiUra="15" who="3" fromWho="0" sc="244,-13,415,0,101,0,230,23" />
</Scene>
<Scene>
<INIT seed="6,0,0,2,5,57" ten="231,415,101,253" oya="2" hai0="25,40,37,49,45,8,109,68,12,65,126,23,75" hai1="64,3,85,96,102,122,125,80,6,123,59,114,36" hai2="11,131,81,76,127,28,90,21,9,33,5,104,41" hai3="15,86,118,34,95,2,61,51,124,94,1,101,79"/><V62/><F104/><W32/><G118/><T31/><D109/><U43/><E114/><V108/><F108/><W100/><G51/><T71/><D75/><U116/><E116/><V26/><F131/><W24/><G86/><T44/><D126/><U7/><E36/><V27/><F127/><W121/><G124/><T134/><D134/><U4/><E43/><V14/><F41/><W99/><G79/><T63/><D45/><U133/><E133/><V48/><F48/><W77/><G77/><T91/><D91/><N who="1" m="51623" /><E125/><V10/><F90/><W83/><G15/><T113/><D113/><U72/><E72/><V70/><F81/><W111/><G83/><T135/><D135/><U20/><E20/><V107/><F107/><W73/><G73/><T103/><D103/><U84/><E84/><V0/><F76/><W58/><G121/><N who="1" m="46090" /><E59/><V87/><F87/><W19/><G111/><T117/><D117/><U38/><E64/><N who="2" m="41239" /><F27/><W74/><G74/><T39/><D68/><U22/><E22/><V128/><F128/><W82/><G82/><T105/><D105/><N who="1" m="63687" /><E38/><V120/><F120/><W55/><G32/><T98/><D98/><U13/><E13/><V17/><AGARI ba="0,0" hai="0,5,9,10,11,14,17,21,26,28,33" m="41239" machi="17" ten="30,3000,0" yaku="24,1,52,1" doraHai="57" who="2" fromWho="2" sc="231,-10,415,-10,101,30,253,-10" />
</Scene>
<Scene>
<INIT seed="6,1,0,1,3,45" ten="221,405,131,243" oya="2" hai0="2,21,49,111,118,105,104,54,100,65,40,73,74" hai1="116,58,110,125,131,114,119,10,83,88,108,101,15" hai2="30,78,13,5,117,87,44,19,85,18,61,55,98" hai3="9,130,66,99,126,94,43,103,6,122,84,16,70"/><V57/><F117/><W62/><G122/><T46/><D111/><U24/><E114/><V17/><F30/><W89/><G126/><T31/><D2/><U8/><E101/><V64/><F98/><W0/><G130/><T107/><D65/><U86/><E131/><V60/><F78/><W11/><G43/><T76/><D118/><U72/><E125/><V42/><F5/><W50/><G11/><T38/><D100/><U3/><E108/><V123/><F13/><W68/><G16/><T37/><D76/><U135/><E110/><V23/><F23/><W39/><G39/><T93/><D93/><U33/><E72/><V91/><F123/><W52/><G70/><T53/><D38/><U95/><E83/><V41/><F85/><W32/><G32/><T120/><D120/><U4/><E135/><V67/><F60/><W14/><G0/><T97/><D97/><U51/><E24/><V35/><F35/><W26/><G26/><T22/><D22/><U129/><E33/><V92/><REACH who="2" step="1"/><F41/><REACH who="2" ten="221,405,121,243" step="2"/><W112/><G112/><T59/><REACH who="0" step="1"/><D54/><REACH who="0" ten="211,405,121,243" step="2"/><N who="1" m="32095" /><E129/><V127/><F127/><W7/><G99/><T34/><D34/><U128/><E128/><V90/><F90/><W1/><G1/><T81/><D81/><U75/><E119/><V20/><F20/><W63/><G103/><T28/><D28/><U82/><E116/><V113/><F113/><W77/><G77/><T12/><D12/><U109/><E109/><V124/><F124/><W134/><G14/><T80/><D80/><U121/><E82/><V106/><F106/><W96/><G89/><T25/><AGARI ba="1,2" hai="21,25,31,37,40,46,49,53,59,73,74,104,105,107" machi="25" ten="40,8000,1" yaku="1,1,5,1,0,1,52,1,53,1" doraHai="45" doraHaiUra="69" who="0" fromWho="0" sc="211,103,405,-21,121,-41,243,-21" />
</Scene>
<Scene>
<INIT seed="7,0,0,4,5,120" ten="314,384,80,222" oya="3" hai0="8,85,131,74,14,71,119,118,11,112,64,22,81" hai1="116,80,21,58,84,101,68,19,87,48,38,73,115" hai2="33,109,53,110,117,4,13,50,1,41,91,43,135" hai3="30,20,96,134,123,92,23,76,113,77,32,70,60"/><W55/><G123/><T0/><D74/><U111/><E111/><V69/><F33/><W100/><G32/><T94/><D94/><U95/><E38/><V122/><F122/><W54/><G134/><T127/><D127/><U5/><E68/><V37/><F1/><W128/><G113/><T72/><D72/><U57/><E73/><V56/><F117/><W121/><G121/><T51/><D131/><U89/><E115/><V6/><F135/><W126/><G126/><T12/><D112/><U63/><E5/><V35/><F35/><W7/><G7/><T36/><D36/><U133/><E133/><V61/><F91/><W62/><G70/><T79/><D0/><U86/><E48/><V15/><F4/><W125/><G128/><T78/><D51/><U124/><E58/><V75/><F75/><W27/><G20/><T49/><D49/><U105/><E105/><V130/><F130/><W107/><G107/><T39/><D39/><U46/><E46/><V45/><F43/><W28/><G28/><T31/><D64/><N who="1" m="39023" /><E116/><N who="0" m="44585" /><D79/><N who="3" m="30281" /><G125/><T106/><D106/><U2/><E2/><V44/><F44/><W104/><G104/><T98/><D98/><N who="1" m="59615" /><E124/><V114/><F114/><W97/><G97/><T42/><D42/><U59/><E59/><V47/><F47/><W83/><G83/><T66/><D22/><U40/><E40/><V129/><F129/><W26/><G26/><AGARI ba="0,0" hai="19,21,26,80,84,86,87,89" m="59615,39023" machi="26" ten="30,1000,0" yaku="8,1" doraHai="120" who="1" fromWho="3" sc="314,0,384,10,80,0,222,-10" owari="314,11.0,394,50.0,80,-42.0,212,-19.0" />
</Scene>
</mjloggm>