<mjloggm ver="2.3"><GO type="169" lobby="0"/><UN n0="%E6%8E%A8%E7%A9%BA%EF%BC%B0" n1="%E3%81%86%E3%81%A0%E3%81%A3%E3%81%B7" n2="%E2%99%AA%E7%B5%90%E6%9C%88%E3%82%86%E3%81%8B%E3%82%8A%E2%99%AA" n3="%E5%A4%AA%E3%81%8F%E3%81%AA%E3%81%84%E3%81%8A" dan="16,17,16,19" rate="2119.92,2152.51,2081.70,2325.12" sx="F,M,F,F"/><TAIKYOKU oya="0"/>

<Scene>
<INIT seed="0,0,0,3,0,58" ten="250,250,250,250" oya="0" hai0="3,113,40,10,29,60,33,135,80,121,106,107,69" hai1="57,83,114,112,116,6,125,51,14,22,81,59,56" hai2="11,0,101,35,98,24,90,65,91,64,117,16,54" hai3="87,32,132,46,43,61,127,19,7,15,42,20,47"/><T66/><D121/><U89/><E116/><V37/><F37/><W123/><G32/><T96/><D113/><N who="1" m="43627" /><E125/><V97/><F117/><W122/><G127/><T120/><D120/><N who="3" m="46121" /><G132/><T133/><D80/><N who="1" m="30795" /><E89/><V39/><F39/><W68/><G87/><T129/><D40/><N who="3" m="15401" /><G7/><N who="0" m="1407" /><D129/><U2/><E2/><V105/><F0/><W102/><G102/><N who="0" m="62791" /><D107/><U86/><E86/><V63/><F91/><W78/><G78/><T41/><D41/><U45/><E45/><V111/><F35/><W124/><G124/><T75/><D75/><U85/><E85/><V26/><F105/><W30/><G30/><T21/><D21/><U49/><E6/><V36/><F90/><W1/><G1/><T103/><D103/><U27/><E14/><V38/><F101/><W88/><G88/><T104/><D104/><U115/><N who="1" m="43635" /><U99/><DORA hai="71" /><E99/><V110/><F98/><W72/><G72/><T13/><D13/><U12/><E12/><V118/><F97/><W73/><G73/><T128/><D128/><U82/><N who="1" m="30803" /><U52/><DORA hai="25" /><E49/><V95/><F118/><W55/><G46/><T4/><D4/><U109/><E22/><V23/><F23/><W134/><G47/><T17/><D17/><U74/><E74/><V28/><F16/><W131/><G131/><T50/><D50/><U34/><E51/><V48/><F48/><W84/><G84/><T70/><D70/><U119/><E119/><V9/><F38/><W62/><G68/><T100/><D100/><U5/><E5/><V44/><F36/><W77/><G20/><T108/><D69/><U31/><E52/><RYUUKYOKU ba="0,0" sc="250,-10,250,30,250,-10,250,-10" hai1="27,31,34,56,57,59,109" />
</Scene>
<Scene>
<INIT seed="1,1,0,4,4,7" ten="240,280,240,240" oya="1" hai0="63,33,108,3,109,81,74,40,35,47,1,133,135" hai1="119,45,38,20,123,129,9,31,16,10,50,46,88" hai2="110,49,68,65,64,124,56,67,26,52,91,44,58" hai3="120,104,132,99,4,11,128,51,107,76,95,102,130"/><U122/><E119/><V96/><F110/><N who="0" m="42602" /><D63/><U101/><E101/><V42/><F124/><W32/><G120/><T13/><D13/><N who="1" m="9231" /><E38/><V72/><F72/><W83/><G32/><N who="0" m="12363" /><D81/><U22/><E129/><N who="3" m="49770" /><G51/><T29/><D74/><U59/><E123/><V131/><F131/><W23/><G23/><T36/><D29/><U34/><E34/><V6/><F68/><W41/><G41/><T90/><D90/><U62/><E88/><V94/><F26/><W78/><G132/><AGARI ba="1,0" hai="1,3,36,40,47,132,133,135" m="12363,42602" machi="132" ten="40,5200,0" yaku="20,1,14,1,23,1" doraHai="7" who="0" fromWho="3" sc="240,55,280,0,240,0,240,-55" />
</Scene>
<Scene>
<INIT seed="2,0,0,4,1,106" ten="295,280,240,185" oya="2" hai0="9,67,134,3,4,24,23,34,119,104,113,122,40" hai1="27,132,20,124,77,109,135,1,73,16,114,79,85" hai2="15,110,69,39,97,130,54,105,115,58,86,35,8" hai3="60,75,62,98,133,82,42,41,22,33,7,116,11"/><V65/><F115/><W102/><G33/><T131/><D104/><U2/><E114/><V26/><F39/><W91/><G116/><T121/><D40/><U87/><E109/><V120/><F110/><W32/><G32/><T83/><D67/><U100/><E100/><V94/><F120/><W36/><G133/><N who="1" m="51274" /><E79/><V43/><F43/><W31/><G31/><T19/><D83/><N who="1" m="45487" /><E124/><V127/><F130/><W101/><G22/><T118/><D134/><U57/><E57/><V29/><F127/><W53/><G53/><T63/><D63/><U30/><E30/><V48/><F105/><W90/><G36/><T95/><D95/><U25/><E25/><V88/><F65/><W72/><G82/><T80/><D80/><U55/><E55/><V52/><F69/><W14/><G14/><N who="0" m="9719" /><D113/><U81/><E81/><V64/><F64/><W117/><G117/><N who="0" m="44555" /><D131/><U126/><E126/><V68/><F68/><W99/><G11/><T6/><D4/><AGARI ba="0,0" hai="4,7,41,42,60,62,72,75,90,91,98,99,101,102" machi="4" ten="25,6400,0" yaku="22,2,52,2" doraHai="106" who="3" fromWho="0" sc="295,-64,280,0,240,0,185,64" />
</Scene>
<Scene>
<INIT seed="3,0,0,5,3,94" ten="231,280,240,249" oya="3" hai0="2,131,52,38,88,128,114,73,26,57,1,109,134" hai1="80,96,126,110,108,120,117,22,102,5,83,18,124" hai2="106,19,48,47,130,8,55,76,129,85,135,81,16" hai3="44,68,87,79,35,90,42,72,0,82,40,93,12"/><W119/><G119/><T28/><D73/><U115/><E5/><V103/><F135/><W46/><G0/><T84/><D38/><U125/><E120/><V7/><F106/><W78/><G35/><T41/><D41/><U91/><E115/><V66/><F66/><W59/><G68/><T27/><D109/><N who="1" m="42091" /><E91/><V60/><F60/><W51/><G78/><T112/><D134/><U101/><E101/><V15/><REACH who="2" step="1"/><F103/><REACH who="2" ten="231,280,230,249" step="2"/><W24/><G59/><T113/><D1/><U11/><E117/><V31/><F31/><W98/><G24/><N who="0" m="9259" /><D2/><U127/><E127/><V74/><F74/><W62/><G62/><N who="0" m="36135" /><D28/><U132/><E132/><V61/><F61/><W105/><G12/><T56/><D56/><U50/><E125/><V49/><F49/><W32/><G32/><T6/><D6/><U104/><E50/><V77/><F77/><W13/><G13/><T53/><D53/><U95/><E124/><V122/><F122/><W86/><REACH who="3" step="1"/><G105/><REACH who="3" ten="231,280,230,239" step="2"/><T20/><D113/><U99/><E104/><V70/><F70/><W23/><G23/><T121/><D20/><U30/><E22/><V4/><F4/><W54/><G54/><T71/><D121/><U123/><E126/><V25/><F25/><W67/><G67/><T111/><D71/><U69/><E69/><V107/><F107/><W21/><G21/><T34/><D111/><U10/><E123/><V58/><F58/><W89/><G89/><T9/><D34/><U116/><E116/><V92/><F92/><W97/><G97/><T133/><D133/><U14/><E99/><V29/><F29/><W39/><AGARI ba="0,2" hai="39,40,42,44,46,51,72,79,82,86,87,90,93,98" machi="39" ten="20,12000,1" yaku="1,1,5,1,0,1,7,1,52,1,53,0" doraHai="94" doraHaiUra="17" who="3" fromWho="3" sc="231,-40,280,-40,230,-40,239,140" />
</Scene>
<Scene>
<INIT seed="3,1,0,4,2,40" ten="191,240,190,379" oya="3" hai0="54,28,104,108,128,69,87,76,129,86,1,79,20" hai1="25,14,44,83,63,82,130,67,29,23,15,84,51" hai2="49,74,10,134,106,8,81,85,41,112,17,89,110" hai3="36,100,46,119,114,80,94,52,56,6,95,5,35"/><W96/><G114/><T65/><D1/><U68/><E130/><N who="0" m="50281" /><D104/><U2/><E2/><V78/><F110/><W50/><G119/><T33/><D33/><U72/><E72/><V27/><F134/><W42/><G35/><T98/><D98/><U71/><E71/><V107/><F112/><W18/><G94/><T39/><D39/><U123/><E123/><V92/><F10/><W48/><G36/><T55/><D108/><U11/><E84/><N who="0" m="32297" /><D65/><U133/><E133/><V117/><F117/><W102/><G102/><T24/><D69/><U12/><REACH who="1" step="1"/><E11/><REACH who="1" ten="191,230,190,379" step="2"/><V16/><F8/><W38/><G80/><T19/><D76/><U99/><E99/><V111/><F111/><W4/><G18/><T60/><D79/><U73/><E73/><V57/><F17/><W31/><G31/><T101/><D28/><U43/><AGARI ba="1,1" hai="12,14,15,23,25,29,43,44,51,63,67,68,82,83" machi="43" ten="30,7900,0" yaku="1,1,0,1,52,1,53,1" doraHai="40" doraHaiUra="58" who="1" fromWho="1" sc="191,-21,230,92,190,-21,379,-40" />
</Scene>
<Scene>
<INIT seed="4,0,0,2,4,15" ten="170,322,169,339" oya="0" hai0="122,27,117,124,3,44,63,41,0,48,61,84,26" hai1="53,90,8,76,31,85,129,75,131,20,82,98,128" hai2="116,33,121,87,51,103,88,9,52,102,5,22,99" hai3="39,56,19,55,37,58,24,125,112,108,77,79,17"/><T57/><D122/><U72/><E8/><V92/><F33/><W94/><G108/><T110/><D117/><U97/><E53/><V104/><F121/><W42/><G112/><T113/><D113/><U120/><E20/><V89/><F116/><W135/><G94/><T60/><D110/><U91/><E31/><V69/><F69/><W64/><G64/><T47/><D124/><U7/><E7/><V107/><F22/><W40/><G55/><T106/><D106/><U127/><E127/><V119/><F119/><W132/><G125/><T83/><D57/><U36/><E36/><V28/><F28/><W25/><AGARI ba="0,0" hai="17,19,24,25,37,39,40,42,56,58,77,79,132,135" machi="25" ten="25,8000,1" yaku="0,1,22,2,52,2" doraHai="15" who="3" fromWho="3" sc="170,-40,322,-20,169,-20,339,80" />
</Scene>
<Scene>
<INIT seed="5,0,0,2,2,3" ten="130,302,149,419" oya="1" hai0="130,105,113,124,93,55,127,98,114,0,36,10,12" hai1="64,28,9,85,24,8,29,118,72,132,89,43,14" hai2="44,88,39,2,82,106,49,131,78,18,51,110,80" hai3="120,102,76,32,97,58,16,109,25,27,6,95,15"/><U111/><E72/><V20/><F110/><W68/><G68/><T70/><D36/><U61/><E118/><V22/><F106/><W30/><G109/><T59/><D70/><U37/><E111/><V108/><F108/><W101/><G120/><T123/><D0/><U67/><E29/><V100/><F100/><W125/><G125/><N who="0" m="48203" /><D105/><U46/><E132/><V71/><F2/><W60/><G76/><T35/><D35/><U73/><E73/><V117/><F71/><W63/><G102/><N who="0" m="60751" /><D130/><U13/><E61/><V42/><F131/><W31/><G6/><N who="0" m="3159" /><D123/><U79/><E79/><V91/><F117/><W92/><G92/><T133/><D133/><U5/><E9/><V103/><F103/><W17/><G15/><T4/><D4/><U119/><E14/><V81/><F78/><W33/><REACH who="3" step="1"/><G60/><AGARI ba="0,0" hai="55,59,60,113,114" m="3159,60751,48203" machi="60" ten="30,2000,0" yaku="18,1,52,1" doraHai="3" who="0" fromWho="3" sc="130,20,302,0,149,0,419,-20" />
</Scene>
<Scene>
<INIT seed="6,0,0,3,1,24" ten="150,302,149,399" oya="2" hai0="92,0,95,108,132,91,41,22,11,9,5,56,127" hai1="37,31,83,55,7,39,78,38,110,21,87,125,86" hai2="118,114,81,116,101,79,93,84,90,100,71,52,19" hai3="59,82,4,126,51,111,109,80,96,1,42,115,130"/><V2/><F71/><W54/><G42/><T68/><D108/><U117/><E110/><V35/><F2/><W106/><G82/><T94/><D68/><U124/><E117/><V88/><F35/><W30/><G30/><T89/><D132/><U113/><E113/><V32/><F32/><W76/><G4/><T75/><D75/><U121/><E121/><V43/><F43/><W26/><G26/><T28/><D41/><U49/><E7/><V57/><F114/><W47/><G1/><T67/><D127/><N who="1" m="48715" /><E31/><V58/><F58/><W123/><G123/><T102/><D102/><N who="2" m="39530" /><F118/><W45/><G59/><T36/><D36/><U33/><E33/><V112/><F116/><W20/><G45/><T48/><D9/><U134/><E21/><V8/><F112/><W60/><G20/><T73/><D73/><N who="1" m="43471" /><E134/><V104/><F104/><W119/><G106/><T13/><D0/><U64/><E64/><V16/><F8/><W105/><G119/><T135/><D135/><U29/><E39/><V3/><F3/><W10/><G126/><T27/><REACH who="0" step="1"/><D48/><REACH who="0" ten="140,302,149,399" step="2"/><U62/><E49/><N who="2" m="30863" /><F79/><W107/><G76/><T85/><D85/><AGARI ba="0,1" hai="16,19,81,84,85,88,90,93" m="30863,39530" machi="85" ten="30,11600,0" yaku="8,1,54,3" doraHai="24" who="2" fromWho="0" sc="140,-116,302,0,149,126,399,0" />
</Scene>
<Scene>
<INIT seed="6,1,0,5,0,124" ten="24,302,275,399" oya="2" hai0="91,4,130,22,107,47,88,108,116,9,97,79,114" hai1="49,89,129,90,31,126,0,99,5,58,127,35,96" hai2="54,34,1,122,110,17,128,13,24,113,39,6,100" hai3="26,121,135,118,44,103,125,69,82,70,28,43,57"/><V11/><F39/><W77/><G118/><T53/><D108/><U71/><E71/><V72/><F72/><W7/><G121/><T94/><D107/><U95/><E5/><V115/><F122/><W45/><G103/><T33/><D33/><U23/><E35/><V10/><F100/><W86/><G125/><T29/><D114/><N who="2" m="43530" /><F54/><W60/><G7/><T68/><D68/><U8/><E0/><V120/><F120/><W21/><G45/><T131/><D79/><U83/><E8/><V2/><F110/><W18/><G28/><T67/><D67/><U42/><E42/><V93/><F93/><W59/><G59/><T101/><D116/><U15/><E58/><V62/><F62/><W25/><G25/><N who="0" m="16567" /><D47/><U3/><E126/><V16/><F128/><N who="0" m="49194" /><D53/><U75/><E129/><V19/><F1/><AGARI ba="1,0" hai="1,4,9,88,91,94,97,101" m="49194,16567" machi="1" ten="30,8000,1" yaku="19,1,52,3,54,1" doraHai="124" who="0" fromWho="2" sc="24,83,302,0,275,-83,399,0" />
</Scene>
<Scene>
<INIT seed="7,0,0,3,4,34" ten="107,302,192,399" oya="3" hai0="63,107,36,60,116,90,39,81,3,26,11,23,31" hai1="119,10,95,21,67,77,127,98,115,44,46,83,38" hai2="25,104,109,99,82,12,2,117,27,128,64,110,47" hai3="102,74,131,65,14,8,88,70,53,122,35,4,80"/><W57/><G122/><T86/><D107/><U45/><E115/><V52/><F2/><W40/><G35/><T58/><D116/><U66/><E38/><V78/><F64/><W101/><G40/><T91/><D90/><U94/><E127/><V48/><F117/><W43/><G43/><T134/><D134/><U6/><E21/><V118/><F118/><W132/><G132/><T22/><D22/><U9/><E119/><V30/><F12/><W96/><G131/><T106/><D106/><U62/><E62/><V42/><F52/><W29/><G29/><T1/><D11/><U114/><E114/><V68/><F68/><W59/><G70/><T112/><D112/><U125/><E125/><V76/><F76/><W28/><G28/><T100/><D100/><U5/><E10/><V111/><F128/><W84/><G74/><T85/><D63/><U133/><E5/><V129/><F129/><W87/><G96/><T71/><D71/><U16/><E133/><V18/><F99/><W73/><G73/><T93/><D36/><U135/><E135/><V13/><F104/><W24/><G24/><T89/><REACH who="0" step="1"/><D39/><REACH who="0" ten="97,302,192,399" step="2"/><U41/><E9/><N who="2" m="6447" /><F110/><W51/><G101/><T20/><D20/><U61/><E61/><V19/><F111/><W105/><G102/><T92/><D92/><U130/><E95/><V108/><F109/><W37/><G105/><T15/><D15/><U17/><E94/><V54/><F108/><W124/><G37/><T50/><D50/><U126/><E130/><V121/><F48/><W55/><G51/><T120/><D120/><U97/><E126/><RYUUKYOKU ba="0,1" sc="97,30,302,-10,192,-10,399,-10" hai0="1,3,23,26,31,58,60,81,85,86,89,91,93" owari="127,-37.0,292,9.0,182,-22.0,399,50.0" />
</Scene>
</mjloggm>