<mjloggm ver="2.3"><GO type="169" lobby="0"/><UN n0="%E5%A4%AA%E3%81%8F%E3%81%AA%E3%81%84%E3%81%8A" n1="%E3%81%92%E3%81%A3%E3%81%A1" n2="%E3%81%A6%E3%81%91%E3%81%A8%E3%83%BC%E3%81%BF%E3%82%93%E2%98%86%E5%BD%A1" n3="%E6%89%8B%E5%BD%B9%E3%82%A2%E3%83%BC%E3%83%86%E3%82%A3%E3%82%B9%E3%83%88" dan="17,16,16,16" rate="2234.85,2041.89,2012.91,2051.56" sx="M,M,F,M"/><TAIKYOKU oya="0"/>

<Scene>
<INIT seed="0,0,0,2,3,103" ten="250,250,250,250" oya="0" hai0="81,80,105,17,91,75,69,55,0,117,28,67,77" hai1="93,104,22,111,121,41,133,108,118,131,19,42,90" hai2="68,25,44,106,87,31,72,58,12,101,115,4,97" hai3="89,54,46,26,82,30,74,15,100,3,37,50,20"/><T70/><D117/><U127/><E118/><V114/><F72/><W66/><G3/><T32/><D0/><U65/><E121/><V130/><F130/><W60/><G37/><T45/><D67/><U6/><E131/><V14/><F68/><W96/><G15/><T98/><D17/><U107/><E133/><V10/><F44/><W110/><G110/><N who="1" m="42026" /><E65/><V13/><F58/><W7/><G7/><T95/><D81/><U23/><E127/><V61/><F61/><W43/><G74/><T2/><D2/><U94/><E6/><V64/><F64/><W29/><G29/><T56/><D45/><U126/><E126/><V8/><F87/><W24/><G24/><T27/><REACH who="0" step="1"/><D105/><REACH who="0" ten="240,250,250,250" step="2"/><N who="1" m="40523" /><E19/><V5/><REACH who="2" step="1"/><F14/><REACH who="2" ten="240,250,240,250" step="2"/><W113/><G66/><T116/><D116/><U62/><E62/><AGARI ba="0,2" hai="27,28,32,55,56,62,69,70,75,77,80,91,95,98" machi="62" ten="30,2900,0" yaku="1,1,7,1,53,0" doraHai="103" doraHaiUra="39" who="0" fromWho="1" sc="240,49,250,-29,240,0,250,0" />
</Scene>
<Scene>
<INIT seed="0,1,0,4,5,8" ten="289,221,240,250" oya="0" hai0="60,4,113,56,86,74,75,77,122,124,55,32,31" hai1="53,68,123,19,16,5,79,104,128,91,90,66,116" hai2="35,46,59,13,84,69,25,1,39,103,0,101,44" hai3="37,61,111,12,131,67,54,119,23,83,107,126,41"/><T57/><D113/><U132/><E116/><V134/><F69/><W130/><G119/><T52/><D122/><U112/><E123/><V115/><F115/><W24/><G111/><T97/><D124/><U110/><E110/><V87/><F134/><W62/><G107/><T81/><D4/><U7/><E132/><V6/><F59/><W47/><G126/><T109/><D109/><U120/><E120/><V114/><F114/><W88/><G54/><T93/><D32/><U18/><E128/><V72/><F72/><W43/><G43/><T135/><D31/><U92/><E104/><V34/><F6/><W100/><G100/><T121/><D121/><U27/><E27/><V102/><F102/><W82/><G62/><T17/><D135/><U2/><E79/><V98/><F25/><W71/><G12/><T105/><D105/><U76/><E76/><V89/><F89/><W70/><G70/><T45/><D45/><U127/><E127/><V9/><F9/><W20/><G20/><T133/><D17/><U99/><E112/><V94/><F39/><W117/><G117/><T63/><REACH who="0" step="1"/><D133/><REACH who="0" ten="279,221,240,250" step="2"/><U14/><E5/><V22/><F35/><W21/><G131/><T118/><D118/><U129/><E7/><V48/><F34/><W50/><G130/><T49/><D49/><U10/><E129/><V65/><F48/><W64/><G50/><T38/><D38/><U29/><E18/><V108/><F108/><W51/><G51/><T11/><D11/><U26/><E19/><V28/><F46/><W58/><G37/><T15/><D15/><U95/><E14/><RYUUKYOKU ba="1,1" sc="279,30,221,-10,240,-10,250,-10" hai0="52,55,56,57,60,63,74,75,77,81,86,93,97" />
</Scene>
<Scene>
<INIT seed="0,2,1,1,4,128" ten="309,211,230,240" oya="0" hai0="107,92,5,135,114,132,4,72,56,68,105,70,29" hai1="10,85,36,120,40,98,63,59,75,77,102,45,62" hai2="78,55,89,99,124,32,1,16,38,43,91,76,30" hai3="53,39,109,2,19,41,28,60,42,22,122,13,118"/><T115/><D72/><U130/><E130/><V54/><F1/><W33/><G118/><T131/><D131/><U64/><E120/><V111/><F111/><W74/><G74/><T80/><D80/><U86/><E62/><V134/><F124/><W14/><G2/><T88/><D29/><U8/><E85/><V31/><F38/><W6/><G109/><T101/><D56/><U57/><E86/><V104/><F43/><W47/><G122/><T44/><D44/><U52/><E57/><V18/><F104/><W116/><G116/><T73/><D73/><U125/><E64/><V113/><F99/><W50/><G60/><T81/><D81/><U15/><E15/><V25/><F25/><W24/><G42/><T26/><D26/><U71/><E71/><V87/><F87/><W96/><G96/><T94/><REACH who="0" step="1"/><D101/><REACH who="0" ten="299,211,230,240" step="2"/><U93/><REACH who="1" step="1"/><E125/><REACH who="1" ten="299,201,230,240" step="2"/><V119/><F119/><W61/><G61/><T90/><AGARI ba="2,3" hai="4,5,68,70,88,90,92,94,105,107,114,115,132,135" machi="90" ten="25,24000,3" yaku="1,1,2,1,0,1,22,2,52,2,54,1,53,0" doraHai="128" doraHaiUra="133" who="0" fromWho="0" sc="299,276,201,-82,230,-82,240,-82" />
</Scene>
<Scene>
<INIT seed="0,3,0,0,2,77" ten="575,119,148,158" oya="0" hai0="113,10,36,38,58,49,52,66,56,35,47,65,8" hai1="44,21,59,64,104,45,20,42,61,88,78,9,85" hai2="71,51,102,107,115,106,73,33,131,6,19,134,25" hai3="94,53,79,54,27,60,12,40,11,55,97,123,7"/><T28/><D28/><U30/><E104/><V133/><F115/><W62/><G123/><T101/><D35/><U116/><E116/><V29/><F131/><W80/><G40/><N who="0" m="24807" /><D101/><U2/><E78/><V95/><F71/><W69/><G69/><T31/><D31/><U14/><E2/><V109/><F109/><W32/><G27/><T34/><D8/><U130/><E130/><V57/><F73/><W86/><REACH who="3" step="1"/><G32/><REACH who="3" ten="575,119,148,148" step="2"/><T103/><D34/><U117/><E117/><V68/><F68/><W82/><G82/><T81/><D81/><N who="1" m="49199" /><E30/><V23/><F29/><W72/><G72/><T39/><D113/><U63/><E42/><V112/><F33/><W50/><G50/><T91/><D38/><U87/><E63/><V16/><F112/><W120/><G120/><T93/><D39/><U22/><E87/><V1/><F51/><W15/><G15/><T5/><D36/><U99/><E99/><V89/><F25/><W92/><G92/><T118/><D93/><U98/><E98/><V17/><F95/><W48/><G48/><T90/><D118/><U70/><E70/><V125/><F106/><W83/><G83/><T96/><D96/><U105/><E105/><V43/><F107/><W127/><G127/><T122/><D122/><U119/><E119/><V26/><F125/><W121/><G121/><T41/><D41/><U13/><E13/><V76/><F43/><W3/><G3/><T132/><D132/><U46/><E14/><V124/><F133/><W126/><G126/><T110/><D110/><U108/><E108/><V0/><F134/><W128/><G128/><RYUUKYOKU ba="3,1" sc="575,-15,119,15,148,-15,148,15" hai1="9,20,21,22,44,45,46,59,61,64" hai3="7,11,12,53,54,55,60,62,79,80,86,94,97" />
</Scene>
<Scene>
<INIT seed="1,4,1,0,3,92" ten="560,134,133,163" oya="1" hai0="0,106,9,121,58,19,33,103,90,39,1,79,2" hai1="95,12,11,118,23,107,10,42,66,119,88,93,49" hai2="32,52,91,26,133,28,27,61,128,122,59,30,110" hai3="25,131,22,83,114,13,8,40,55,80,17,126,60"/><U70/><E107/><V69/><F110/><W101/><G114/><T132/><D39/><U34/><E34/><V45/><F122/><W116/><G131/><T46/><D33/><U14/><E70/><V21/><F128/><W100/><G40/><T86/><D121/><U108/><E66/><V98/><F133/><W63/><G126/><T20/><D132/><U16/><E108/><V51/><F69/><W82/><G116/><T36/><D79/><U56/><E95/><V44/><F44/><W35/><G35/><T105/><D9/><N who="1" m="3083" /><E42/><V77/><F77/><W47/><G47/><T89/><D106/><U78/><E78/><V125/><F125/><W71/><G71/><T43/><D105/><U15/><E118/><V115/><F115/><W76/><G76/><T102/><D89/><U112/><E112/><V6/><F6/><W72/><G72/><T117/><D117/><U4/><E4/><V134/><F134/><W67/><G67/><T74/><D74/><U84/><E119/><V65/><REACH who="2" step="1"/><F91/><REACH who="2" ten="560,134,123,163" step="2"/><W111/><G111/><T41/><D90/><U73/><E73/><V109/><F109/><W97/><G100/><T62/><D102/><U135/><E135/><V99/><AGARI ba="4,2" hai="21,26,27,28,30,32,45,51,52,59,61,65,98,99" machi="99" ten="30,8000,1" yaku="1,1,0,1,52,2,54,1,53,0" doraHai="92" doraHaiUra="104" who="2" fromWho="2" sc="560,-24,134,-44,123,112,163,-24" />
</Scene>
<Scene>
<INIT seed="2,0,0,2,5,115" ten="536,90,235,139" oya="2" hai0="18,128,88,51,52,33,56,82,44,102,90,121,71" hai1="122,63,77,124,7,37,35,39,53,114,38,57,15" hai2="42,84,62,92,19,5,32,4,59,27,6,93,125" hai3="10,70,0,34,103,17,2,1,96,12,120,104,113"/><V79/><F125/><W78/><G120/><T111/><D71/><U45/><E35/><V64/><F42/><W87/><G113/><T109/><D121/><U31/><E31/><V91/><F79/><W16/><G34/><T89/><D33/><U98/><E114/><V133/><F133/><W83/><REACH who="3" step="1"/><G70/><REACH who="3" ten="536,90,235,129" step="2"/><T67/><D111/><U68/><E122/><V75/><F32/><W54/><G54/><T22/><D109/><U97/><E68/><V116/><F75/><W85/><G85/><T132/><D132/><U107/><E124/><V60/><F84/><W94/><G94/><T30/><D52/><U106/><E106/><V3/><F92/><W25/><G25/><T14/><D67/><U66/><E107/><V101/><F27/><W49/><G49/><T23/><D51/><U43/><E53/><V28/><F93/><W119/><G119/><T46/><D128/><U55/><E55/><V134/><F116/><W47/><G47/><T61/><D44/><U110/><E110/><V40/><F64/><W130/><G130/><T108/><D46/><U74/><E38/><V72/><F72/><W13/><G13/><T129/><D108/><U99/><E37/><V118/><F118/><W8/><G8/><T11/><D129/><U112/><E112/><V65/><F65/><W86/><G86/><T48/><D48/><U26/><E26/><V41/><F134/><W21/><G21/><T131/><D23/><U127/><E127/><V36/><F36/><W9/><G9/><T123/><D123/><U20/><E39/><V80/><F59/><W58/><G58/><RYUUKYOKU ba="0,1" sc="536,-10,90,-10,235,-10,129,30" hai3="0,1,2,10,12,16,17,78,83,87,96,103,104" />
</Scene>
<Scene>
<INIT seed="3,1,1,2,0,50" ten="526,80,225,159" oya="3" hai0="34,12,91,74,113,130,36,22,99,44,13,19,108" hai1="41,23,29,64,7,52,92,115,46,30,128,37,14" hai2="47,42,63,62,66,31,109,56,39,111,107,5,80" hai3="98,9,28,95,124,60,112,35,102,55,33,58,104"/><W18/><G112/><T51/><D34/><U53/><E115/><V21/><F107/><W90/><G124/><T68/><D68/><U70/><E128/><V72/><F5/><W87/><REACH who="3" step="1"/><G28/><REACH who="3" ten="526,80,225,149" step="2"/><T129/><D113/><U119/><E119/><V57/><F31/><W127/><G127/><T6/><D129/><U131/><E131/><V10/><F109/><W83/><G83/><T38/><D108/><U27/><E30/><V79/><F111/><W59/><G59/><T40/><D130/><U86/><E70/><V25/><F57/><W32/><G32/><T110/><D110/><U17/><E64/><V65/><F65/><W88/><G88/><T49/><D91/><U16/><E29/><V82/><F82/><W116/><G116/><T75/><D44/><U105/><E7/><V48/><F56/><W114/><G114/><T84/><D6/><U121/><E121/><V89/><F89/><W4/><G4/><T106/><D19/><U100/><E100/><V61/><F66/><W0/><G0/><T96/><D74/><U85/><E105/><V43/><F72/><W122/><G122/><T73/><D106/><U11/><REACH who="1" step="1"/><E92/><REACH who="1" ten="526,70,225,149" step="2"/><V101/><F101/><W20/><G20/><T45/><D22/><U118/><E118/><V76/><F21/><W97/><G97/><T81/><D99/><U26/><E26/><V134/><F25/><W77/><G77/><T3/><D96/><U125/><E125/><V132/><F76/><W94/><G94/><T78/><D78/><U135/><E135/><V2/><F79/><W117/><G117/><T8/><D81/><RYUUKYOKU ba="1,3" sc="526,-15,70,15,225,-15,149,15" hai1="11,14,16,17,23,27,37,41,46,52,53,85,86" hai3="9,18,33,35,55,58,60,87,90,95,98,102,104" />
</Scene>
<Scene>
<INIT seed="3,2,3,3,0,2" ten="511,85,210,164" oya="3" hai0="132,27,37,11,126,120,14,125,68,111,48,66,9" hai1="98,40,101,114,38,18,58,117,110,23,5,105,94" hai2="55,133,115,59,104,67,62,13,16,0,42,35,74" hai3="44,7,69,50,1,4,124,22,118,130,83,31,106"/><W107/><G118/><T73/><D37/><U10/><E117/><V19/><F115/><W17/><G69/><T6/><D120/><U29/><E114/><V41/><F0/><W108/><G130/><T70/><D73/><U129/><E129/><V63/><F133/><W75/><G124/><N who="0" m="47723" /><D132/><U128/><E128/><V20/><F104/><W86/><G75/><T85/><D111/><U72/><E72/><V78/><F35/><W122/><G122/><T36/><D36/><U24/><E110/><V123/><F123/><W32/><G32/><T76/><D66/><U61/><E38/><V43/><F74/><W80/><G31/><T33/><D48/><U88/><E40/><V81/><F78/><W112/><G112/><T93/><D11/><U71/><E71/><V12/><F81/><W54/><G108/><T89/><D76/><U60/><E29/><AGARI ba="2,3" hai="6,9,14,27,29,33,68,70,85,89,93" m="47723" machi="29" ten="30,2000,0" yaku="18,1,52,1" doraHai="2" who="0" fromWho="1" sc="511,56,85,-26,210,0,164,0" />
</Scene>
<Scene>
<INIT seed="4,0,0,3,5,26" ten="567,59,210,164" oya="0" hai0="62,129,44,51,95,125,41,15,48,118,103,102,135" hai1="37,12,3,134,50,22,89,38,29,66,6,77,109" hai2="91,69,52,53,11,72,59,107,35,124,19,18,87" hai3="40,31,43,65,101,90,98,121,128,23,88,123,60"/><T117/><D125/><U99/><E109/><V74/><F124/><W108/><G108/><T49/><D135/><U114/><E134/><V116/><F69/><W64/><G128/><T71/><D129/><U58/><E3/><V127/><F127/><W45/><G23/><T130/><D130/><U1/><E1/><V67/><F107/><W68/><G64/><T83/><D83/><U7/><E77/><V81/><F35/><W100/><G31/><T73/><D73/><U97/><E114/><V78/><F116/><W106/><G101/><T75/><D75/><U92/><E38/><V131/><F131/><W4/><G4/><N who="1" m="1578" /><E37/><V39/><F39/><N who="3" m="21663" /><G43/><T14/><D71/><U27/><E12/><V126/><F126/><W17/><G17/><T133/><D62/><N who="1" m="38231" /><E50/><V33/><F33/><W24/><G24/><T61/><D61/><U112/><E112/><V25/><F72/><W113/><G113/><T96/><D133/><U70/><E70/><V36/><F36/><W13/><G13/><T10/><D15/><U30/><E99/><V9/><F25/><W16/><G16/><AGARI ba="0,0" hai="16,22,27,29,30,89,92,97" m="38231,1578" machi="16" ten="30,7700,0" yaku="8,1,52,2,54,1" doraHai="26" who="1" fromWho="3" sc="567,0,59,77,210,0,164,-77" />
</Scene>
<Scene>
<INIT seed="5,0,0,5,0,97" ten="567,136,210,87" oya="1" hai0="8,5,95,98,29,135,105,117,10,18,78,79,104" hai1="13,110,32,25,9,48,40,92,27,89,100,49,126" hai2="1,88,123,55,64,128,33,69,83,132,101,20,80" hai3="28,134,23,84,6,74,121,118,62,109,87,38,43"/><U90/><E126/><V122/><F33/><W94/><G121/><T34/><D117/><U70/><E70/><V130/><F132/><W113/><G109/><T125/><D125/><U93/><E110/><V47/><F1/><W12/><G74/><T127/><D127/><U24/><E32/><V85/><F101/><W44/><G113/><T114/><D114/><U119/><E119/><V16/><F80/><W116/><G134/><T36/><D36/><U120/><E120/><V86/><F86/><W107/><G107/><T124/><D124/><U35/><E35/><V54/><F64/><W11/><G87/><T52/><D78/><U61/><E61/><V76/><F69/><W2/><G62/><T56/><D79/><U39/><E39/><V50/><F55/><W45/><G44/><T30/><D18/><N who="1" m="8495" /><E40/><V67/><F67/><W72/><G72/><T19/><D34/><U73/><E73/><V102/><F76/><W53/><G53/><T4/><D104/><U115/><E115/><V82/><F82/><W31/><G31/><T81/><D105/><U42/><E42/><V111/><F111/><W17/><REACH who="3" step="1"/><G28/><REACH who="3" ten="567,136,210,77" step="2"/><T7/><D30/><U66/><E66/><V65/><F65/><W68/><G68/><T21/><D29/><U129/><E129/><V46/><F123/><W96/><G96/><T71/><D71/><U63/><E63/><V75/><F122/><W60/><G60/><T133/><D135/><U15/><E49/><V57/><F75/><W14/><G14/><T77/><D133/><U91/><E15/><V108/><F108/><W22/><G22/><RYUUKYOKU ba="0,1" sc="567,-10,136,-10,210,-10,77,30" hai3="2,6,11,12,17,23,38,43,45,84,94,116,118" />
</Scene>
<Scene>
<INIT seed="6,1,1,0,4,127" ten="557,126,200,107" oya="2" hai0="6,103,31,111,51,61,58,19,27,33,9,118,80" hai1="116,77,104,15,7,131,14,23,45,78,43,128,115" hai2="106,89,114,0,18,121,119,37,64,92,21,124,85" hai3="117,88,105,72,100,126,54,98,71,86,49,41,97"/><V57/><F119/><W40/><G117/><T79/><D118/><U96/><E115/><V3/><F121/><W10/><G126/><T55/><D103/><N who="1" m="62567" /><E116/><V1/><F124/><W32/><G71/><T8/><D111/><U135/><E135/><V48/><F37/><W50/><G32/><T132/><D132/><U93/><E93/><V34/><F34/><W123/><G72/><T68/><D19/><N who="1" m="10743" /><E15/><V12/><F106/><W133/><G133/><T16/><D16/><U83/><E83/><V47/><F114/><W36/><G36/><T46/><D6/><U39/><E7/><V95/><F95/><W70/><G70/><T42/><D68/><U67/><E67/><V4/><F4/><W11/><G98/><T62/><D62/><U35/><E35/><V99/><F99/><W69/><G69/><T110/><D110/><U44/><E44/><V26/><F12/><W101/><G101/><T73/><AGARI ba="1,1" hai="8,9,27,31,33,42,46,51,55,58,61,73,79,80" machi="73" ten="20,1500,0" yaku="0,1,7,1" doraHai="127" who="0" fromWho="0" sc="557,28,126,-5,200,-8,107,-5" />
</Scene>
<Scene>
<INIT seed="7,0,0,3,1,10" ten="585,121,192,102" oya="3" hai0="7,82,93,21,110,129,6,131,97,98,95,30,78" hai1="22,5,13,77,14,47,52,83,61,40,3,91,49" hai2="54,28,88,59,99,57,67,0,120,87,112,107,32" hai3="27,44,48,25,63,34,29,85,43,134,42,9,124"/><W64/><G134/><T45/><D110/><U90/><E3/><V46/><F0/><W2/><G124/><T103/><D45/><U118/><E118/><V53/><F112/><W68/><G27/><N who="0" m="16751" /><D93/><U102/><E102/><V114/><F120/><W66/><G66/><T56/><D56/><N who="1" m="34951" /><E5/><V35/><F46/><W86/><REACH who="3" step="1"/><G43/><REACH who="3" ten="585,121,192,92" step="2"/><T36/><D131/><U41/><E41/><V89/><F67/><W72/><G72/><T75/><D129/><U111/><E111/><V100/><F114/><W65/><G65/><T125/><D125/><U79/><E22/><V84/><F35/><W26/><G26/><T18/><D75/><U33/><E33/><V11/><F32/><W23/><G23/><T12/><D36/><U15/><E83/><V16/><F54/><W39/><G39/><T94/><D82/><U37/><E37/><V104/><F53/><W128/><G128/><T80/><D80/><U73/><E73/><V60/><F11/><W17/><G17/><T38/><D38/><U122/><E122/><V126/><F126/><W121/><G121/><T69/><D18/><U133/><E133/><V119/><F16/><W51/><G51/><T123/><D123/><U81/><E81/><V55/><F55/><W70/><G70/><T108/><D69/><U130/><E130/><V113/><F113/><W4/><AGARI ba="0,1" hai="2,4,9,25,29,34,42,44,48,63,64,68,85,86" machi="4" ten="30,3000,0" yaku="1,1,0,1,53,0" doraHai="10" doraHaiUra="76" who="3" fromWho="3" sc="585,-10,121,-10,192,-10,92,40" />
</Scene>
<Scene>
<INIT seed="7,1,0,1,3,127" ten="575,111,182,132" oya="3" hai0="38,29,34,74,83,85,84,14,92,36,98,73,99" hai1="12,134,101,21,94,2,26,33,51,77,1,87,32" hai2="90,102,10,7,76,65,128,61,62,121,30,117,123" hai3="17,113,97,103,88,129,116,75,49,106,68,5,86"/><W43/><G116/><T93/><D14/><U15/><E77/><V133/><F128/><W100/><G100/><T44/><D29/><N who="1" m="17615" /><E51/><V109/><F117/><W112/><G75/><T132/><D83/><U135/><E87/><V3/><F133/><N who="1" m="50697" /><E94/><V25/><F109/><W115/><G129/><T105/><D34/><N who="1" m="13419" /><E101/><V11/><F76/><W96/><G68/><T131/><D132/><U60/><E60/><V31/><F102/><N who="3" m="62791" /><G5/><T119/><D131/><U64/><E64/><V57/><F62/><W66/><G66/><T70/><D119/><U42/><E42/><V52/><F65/><W71/><G71/><T125/><D125/><U80/><E80/><V45/><F90/><W9/><G43/><T89/><D70/><U4/><E4/><V8/><F45/><W81/><G49/><T107/><D89/><U82/><E82/><V39/><F39/><W111/><G111/><T104/><D104/><U120/><E120/><V18/><F121/><W91/><G91/><T110/><D110/><U16/><E15/><V13/><F123/><W0/><G0/><T24/><D44/><U130/><E130/><V114/><F3/><W41/><G41/><T20/><D20/><AGARI ba="1,0" hai="1,2,12,16,20" m="13419,50697,17615" machi="20" ten="30,7700,0" yaku="20,1,34,2,54,1" doraHai="127" who="1" fromWho="0" sc="575,-80,111,80,182,0,132,0" owari="495,60.0,191,-1.0,182,-22.0,132,-37.0" />
</Scene>
</mjloggm>