<mjloggm ver="2.3"><GO type="169" lobby="0"/><UN n0="%E4%B8%87%E8%83%BD%E3%81%AD%E3%81%8E" n1="%E3%81%8D%E3%81%97%E3%82%8A%E3%81%A3%E3%81%97%E3%82%85" n2="%4D%49%40%34%32%38" n3="%E5%A4%AA%E3%81%8F%E3%81%AA%E3%81%84%E3%81%8A" dan="16,17,17,18" rate="2039.47,2137.61,2324.42,2214.33" sx="M,M,M,F"/><TAIKYOKU oya="0"/>

<Scene>
<INIT seed="0,0,0,2,2,117" ten="250,250,250,250" oya="0" hai0="12,130,89,16,25,132,42,60,133,99,0,5,114" hai1="1,77,106,71,44,107,93,10,75,104,86,122,127" hai2="17,123,96,111,134,56,76,53,115,32,21,18,29" hai3="79,110,73,46,8,95,100,52,49,112,67,108,116"/><T97/><D114/><U70/><E44/><V113/><F111/><N who="3" m="42539" /><G116/><T3/><D42/><U7/><E127/><V66/><F134/><N who="0" m="51818" /><D130/><U119/><E119/><V80/><F66/><W109/><G112/><T14/><D60/><U19/><E86/><V62/><F17/><W83/><N who="3" m="42547" /><W27/><DORA hai="94" /><G67/><T34/><D89/><U35/><E93/><V15/><F123/><W11/><G27/><T63/><D63/><U131/><E19/><V55/><F55/><W23/><G23/><N who="0" m="13543" /><D34/><U45/><E35/><V6/><F6/><W54/><G54/><T24/><D24/><U87/><E131/><V84/><F32/><W124/><G124/><T51/><D51/><U4/><E4/><V129/><F129/><W28/><G28/><T43/><D43/><U38/><E10/><V72/><F29/><W48/><G48/><T68/><D68/><U39/><E7/><V36/><F36/><W13/><G13/><N who="0" m="5227" /><D5/><U126/><E71/><V65/><F65/><W64/><G64/><T118/><D118/><U135/><E70/><V61/><F61/><W74/><G8/><T31/><D31/><U88/><E39/><V58/><F115/><W22/><G11/><T47/><D47/><U105/><E45/><V30/><F113/><W120/><G22/><T26/><D26/><U78/><E38/><V82/><F30/><W57/><G46/><T37/><D37/><U91/><E135/><V81/><F58/><W121/><G73/><T69/><D69/><U128/><E75/><V41/><F41/><W103/><G103/><T125/><D125/><U101/><E126/><RYUUKYOKU ba="0,0" sc="250,15,250,-15,250,-15,250,15" hai0="0,3,97,99" hai3="49,52,57,74,79,83,95,100,120,121" />
</Scene>
<Scene>
<INIT seed="0,1,0,0,5,28" ten="265,235,235,265" oya="0" hai0="135,55,96,3,71,20,7,78,80,129,52,74,58" hai1="76,37,6,119,125,61,62,60,100,73,53,46,42" hai2="34,15,72,132,50,67,110,43,70,85,18,126,2" hai3="108,12,14,65,130,48,94,92,36,99,91,77,86"/><T102/><D71/><U1/><E119/><V0/><F72/><W40/><G36/><T75/><D135/><U87/><E100/><V57/><F132/><W117/><G117/><T45/><D129/><U116/><E87/><V49/><F110/><W83/><G108/><T64/><D64/><U88/><E116/><V21/><F126/><W98/><G130/><T33/><D33/><U103/><E103/><V105/><F105/><W38/><G38/><T22/><D75/><U13/><E13/><V8/><F70/><W127/><G127/><T118/><D118/><U30/><E30/><V44/><F34/><W123/><G123/><T112/><D112/><U39/><E39/><V89/><F8/><W104/><G104/><T5/><D5/><U66/><E53/><V4/><F4/><W111/><G65/><T93/><D45/><U31/><E31/><V113/><F113/><W90/><REACH who="3" step="1"/><G111/><REACH who="3" ten="265,235,235,255" step="2"/><T54/><REACH who="0" step="1"/><D58/><REACH who="0" ten="255,235,235,255" step="2"/><U106/><E66/><V131/><F131/><W97/><G97/><T101/><D101/><U121/><E125/><V122/><F67/><W41/><G41/><T69/><D69/><U10/><E121/><V16/><F57/><W32/><G32/><T120/><D120/><U63/><N who="1" m="15360" /><DORA hai="9" /><U51/><E106/><V115/><F122/><W23/><G23/><T68/><D68/><U47/><E47/><AGARI ba="1,2" hai="12,14,40,47,48,77,83,86,90,91,92,94,98,99" machi="47" ten="40,12000,2" yaku="1,1,9,1,8,1,52,2,53,1" doraHai="28,9" doraHaiUra="134,82" who="3" fromWho="1" sc="255,0,235,-123,235,0,255,143" />
</Scene>
<Scene>
<INIT seed="1,0,0,3,0,11" ten="255,112,235,398" oya="1" hai0="99,49,79,23,18,116,47,93,77,26,48,108,119" hai1="51,2,38,89,124,128,6,20,52,125,45,21,75" hai2="28,105,44,86,84,107,14,114,40,123,97,76,113" hai3="64,127,87,134,71,37,36,74,43,73,92,33,96"/><U50/><E75/><V0/><F0/><W120/><G120/><T117/><D108/><U112/><E38/><V35/><F123/><W62/><G33/><T95/><D95/><U132/><E112/><V94/><F28/><W61/><G127/><N who="1" m="48714" /><E132/><V17/><F35/><W69/><G134/><T66/><D49/><U22/><E128/><V59/><F59/><W111/><G111/><T15/><D66/><U55/><E89/><V126/><F126/><W90/><G61/><T29/><D93/><U103/><E103/><V19/><F44/><W10/><G71/><T110/><D99/><U41/><E51/><V46/><F46/><W109/><G109/><T12/><D110/><U82/><E82/><N who="2" m="47175" /><F19/><W130/><G130/><T56/><D56/><U13/><E2/><V102/><F40/><W133/><G133/><T25/><D79/><U83/><E83/><V65/><F86/><W31/><G87/><T58/><D58/><U7/><E7/><V101/><F101/><W80/><G80/><T135/><D77/><U39/><E39/><V106/><F17/><W1/><G37/><T131/><D131/><U85/><E85/><V5/><F5/><N who="3" m="1327" /><G36/><T122/><D122/><U88/><E88/><N who="2" m="55495" /><F65/><W63/><G74/><T98/><D135/><U78/><E78/><V72/><F72/><W118/><G73/><T104/><D104/><N who="2" m="40042" /><F14/><W91/><G64/><T27/><D117/><U42/><E42/><V16/><F16/><W60/><G118/><T54/><D119/><U30/><E30/><V4/><F4/><W115/><G31/><T81/><D116/><U100/><E100/><RYUUKYOKU ba="0,0" sc="255,-15,112,15,235,15,398,-15" hai1="6,13,20,21,22,41,45,50,52,55" hai2="102,107,113,114" />
</Scene>
<Scene>
<INIT seed="1,1,0,0,1,11" ten="240,127,250,383" oya="1" hai0="83,56,98,50,12,32,33,20,107,6,8,25,120" hai1="31,115,104,44,113,13,132,10,108,64,52,79,59" hai2="75,90,51,133,118,45,41,2,84,129,103,114,49" hai3="30,134,4,96,126,1,18,99,76,58,36,95,81"/><U63/><E104/><V37/><F118/><W110/><G36/><T92/><D107/><U89/><E31/><V88/><F75/><W34/><G110/><T5/><D5/><U72/><E108/><V40/><F2/><W94/><G126/><T27/><D83/><U16/><E132/><V57/><F133/><W128/><G134/><T62/><D50/><U119/><E119/><V100/><F129/><W82/><G128/><T91/><D120/><U48/><REACH who="1" step="1"/><E89/><REACH who="1" ten="240,117,250,383" step="2"/><V80/><F90/><W9/><G30/><T28/><REACH who="0" step="1"/><D27/><REACH who="0" ten="230,117,250,383" step="2"/><U21/><E21/><V26/><F26/><W123/><G123/><T101/><D101/><U3/><E3/><V112/><F103/><W97/><G1/><T87/><D87/><U66/><E66/><AGARI ba="1,2" hai="6,8,12,20,25,28,32,33,56,62,66,91,92,98" machi="66" ten="30,3900,0" yaku="1,1,7,1,52,1,53,0" doraHai="11" doraHaiUra="67" who="0" fromWho="1" sc="230,62,117,-42,250,0,383,0" />
</Scene>
<Scene>
<INIT seed="2,0,0,2,3,23" ten="292,75,250,383" oya="2" hai0="80,63,72,111,96,118,114,27,0,104,33,77,108" hai1="20,130,61,41,40,135,39,87,28,12,10,64,50" hai2="2,57,103,79,95,124,44,35,107,38,88,25,26" hai3="112,102,21,106,59,11,19,109,75,98,81,94,70"/><V78/><F2/><W5/><G70/><T52/><D118/><U92/><E39/><V55/><F124/><W13/><G109/><N who="0" m="42059" /><D114/><U14/><E130/><V120/><F120/><W99/><G112/><T84/><D0/><U122/><E135/><V6/><F6/><W4/><G59/><N who="0" m="35303" /><D96/><U65/><E65/><V115/><F115/><W133/><G133/><T121/><D121/><U110/><E110/><V7/><F7/><W62/><G62/><T43/><D43/><U3/><E3/><V129/><F129/><W91/><REACH who="3" step="1"/><G11/><REACH who="3" ten="292,75,250,373" step="2"/><T97/><D104/><U119/><E10/><V71/><F71/><W15/><G15/><T127/><D127/><U125/><E14/><V53/><F107/><W105/><G105/><T32/><D27/><N who="2" m="10250" /><F35/><N who="0" m="13386" /><D97/><U66/><E125/><V85/><F103/><W74/><G74/><AGARI ba="0,1" hai="72,74,77,80,84" m="13386,35303,42059" machi="74" ten="30,2000,0" yaku="14,1,54,1" doraHai="23" who="0" fromWho="3" sc="292,30,75,0,250,0,373,-20" />
</Scene>
<Scene>
<INIT seed="3,0,0,1,1,113" ten="322,75,250,353" oya="3" hai0="11,40,73,81,52,31,58,62,55,60,66,98,87" hai1="93,85,39,96,78,90,44,104,115,0,20,130,22" hai2="80,103,111,72,53,14,5,131,94,102,64,48,6" hai3="118,43,125,42,88,13,37,91,134,97,95,74,8"/><W106/><G74/><T128/><D73/><U92/><E0/><V3/><F3/><W121/><G121/><T12/><D128/><U27/><E130/><V114/><F131/><W76/><G76/><T10/><D40/><U1/><E1/><V120/><F114/><W57/><G125/><T23/><D98/><U67/><E115/><V32/><F32/><W116/><G134/><T107/><D107/><U69/><E104/><V100/><F120/><W126/><G126/><T56/><D31/><U47/><E69/><V127/><F127/><W19/><G106/><T2/><D66/><U28/><E39/><V135/><F135/><W99/><G57/><T18/><REACH who="0" step="1"/><D2/><REACH who="0" ten="312,75,250,353" step="2"/><U124/><E124/><V59/><F64/><W36/><G43/><T110/><D110/><U132/><E67/><V68/><F111/><W105/><G105/><T65/><D65/><U7/><E132/><V25/><F68/><W30/><G30/><T122/><D122/><U82/><E96/><V108/><F108/><W51/><G36/><T26/><D26/><U9/><E27/><V123/><F123/><W38/><G37/><T112/><D112/><U16/><E28/><V15/><F25/><W133/><G38/><T49/><D49/><U41/><E41/><V61/><F48/><W75/><G75/><T86/><D86/><U46/><E85/><V33/><F72/><W54/><G42/><T34/><D34/><U17/><E46/><V89/><F33/><W117/><G133/><T109/><D109/><U71/><E47/><V29/><F29/><W83/><G51/><T101/><D101/><RYUUKYOKU ba="0,1" sc="312,30,75,-10,250,-10,353,-10" hai0="10,11,12,18,23,52,55,56,58,60,62,81,87" />
</Scene>
<Scene>
<INIT seed="4,1,1,0,3,46" ten="342,65,240,343" oya="0" hai0="84,48,68,128,102,60,108,112,51,8,119,93,118" hai1="70,58,111,66,98,4,56,6,89,65,104,49,37" hai2="11,123,30,133,121,52,85,14,83,126,113,35,25" hai3="77,95,64,36,34,59,0,72,117,103,110,39,54"/><T73/><D73/><U63/><E111/><V69/><F69/><W12/><G0/><T32/><D32/><U43/><E89/><V23/><F113/><W53/><G110/><T96/><D108/><U55/><E98/><V44/><F133/><W106/><G106/><T50/><D112/><U101/><E101/><V100/><F126/><W71/><G34/><T116/><D128/><U20/><E104/><V57/><F100/><W19/><G117/><T76/><D8/><U78/><E78/><V90/><F35/><W127/><G127/><T62/><REACH who="0" step="1"/><D68/><REACH who="0" ten="332,65,240,343" step="2"/><U115/><E115/><V74/><F74/><W33/><G33/><T135/><D135/><U27/><E70/><V61/><REACH who="2" step="1"/><F44/><REACH who="2" ten="332,65,230,343" step="2"/><W13/><G71/><T7/><D7/><AGARI ba="1,3" hai="7,11,14,23,25,30,52,57,61,83,85,90,121,123" machi="7" ten="30,7700,0" yaku="1,1,2,1,7,1,54,1,53,0" doraHai="46" doraHaiUra="134" who="2" fromWho="0" sc="332,-80,65,0,230,110,343,0" />
</Scene>
<Scene>
<INIT seed="5,0,0,4,3,104" ten="252,65,340,343" oya="1" hai0="1,72,20,133,22,21,115,112,29,131,53,92,10" hai1="3,94,31,118,41,79,130,81,19,57,87,93,50" hai2="36,52,38,90,44,86,16,113,120,51,32,100,4" hai3="125,46,56,5,12,42,83,65,96,111,106,61,74"/><U99/><E118/><V15/><F120/><W13/><G111/><T64/><D64/><U97/><E3/><V8/><F32/><W134/><G134/><T11/><D92/><U68/><E68/><V102/><F113/><N who="0" m="43594" /><D53/><U60/><E31/><V126/><F126/><W54/><G125/><T40/><D40/><U37/><E19/><V117/><F117/><W27/><G106/><T95/><D95/><N who="1" m="36363" /><E130/><V70/><F70/><W109/><G96/><T103/><D103/><N who="2" m="39466" /><F4/><W116/><G116/><T71/><D71/><U17/><E17/><V7/><F7/><W26/><G109/><T66/><D66/><N who="1" m="39183" /><E37/><V85/><F85/><W122/><G65/><T108/><D72/><U110/><E110/><V98/><F98/><W124/><G122/><T58/><D58/><U24/><E24/><V43/><F43/><W14/><G124/><T18/><D108/><U9/><E9/><N who="0" m="3081" /><D131/><U114/><E114/><V128/><F128/><W132/><G5/><T62/><D62/><U129/><E129/><V39/><F39/><W73/><G132/><T88/><D1/><U28/><E28/><V67/><F67/><W78/><REACH who="3" step="1"/><G74/><REACH who="3" ten="252,65,340,333" step="2"/><T35/><D133/><U127/><E127/><V135/><F135/><W91/><G91/><T101/><D88/><U30/><E30/><V59/><F59/><W6/><G6/><T75/><D75/><U119/><E119/><V2/><F2/><W69/><G69/><T23/><D101/><U84/><E84/><V63/><F90/><W77/><G77/><T105/><D105/><U48/><E41/><N who="2" m="24975" /><F86/><W80/><G80/><T82/><D82/><RYUUKYOKU ba="0,1" sc="252,-30,65,10,340,10,333,10" hai1="48,50,79,81,87,97,99" hai2="8,15,16,36,38,52,63" hai3="12,13,14,26,27,42,46,54,56,61,73,78,83" />
</Scene>
<Scene>
<INIT seed="5,1,1,1,4,123" ten="222,75,350,343" oya="1" hai0="76,43,5,23,36,2,58,0,100,111,64,51,89" hai1="98,77,131,41,68,49,108,8,25,13,62,81,12" hai2="18,101,133,88,93,27,106,21,1,60,102,59,113" hai3="118,67,72,7,39,122,79,11,63,125,134,37,96"/><U10/><E131/><V97/><F1/><N who="3" m="495" /><G96/><T109/><D36/><U95/><E25/><V85/><F133/><W75/><G122/><T52/><D64/><U135/><E135/><V34/><F113/><W54/><G54/><T6/><D43/><U53/><E41/><V48/><F34/><W121/><G121/><T46/><D100/><U103/><E68/><V105/><F48/><W112/><G134/><T47/><D76/><U126/><E62/><V9/><F9/><W128/><G112/><T129/><D129/><U117/><E117/><V83/><REACH who="2" step="1"/><F102/><REACH who="2" ten="222,75,340,343" step="2"/><W86/><G128/><T29/><D2/><U94/><E10/><V20/><F20/><W3/><G3/><T55/><D0/><U56/><E126/><V127/><F127/><W44/><G125/><T24/><D51/><U91/><E8/><V110/><F110/><W32/><G32/><T30/><D109/><U78/><E108/><V71/><F71/><W69/><G37/><T38/><D38/><U61/><E49/><V33/><F33/><W90/><G39/><T70/><D70/><U92/><E77/><V73/><F73/><W17/><G79/><T107/><D23/><U65/><E78/><V114/><F114/><W15/><G118/><T104/><D111/><U57/><E103/><V87/><F87/><W84/><G84/><T132/><D132/><U99/><E99/><V14/><F14/><N who="1" m="5737" /><E81/><V66/><AGARI ba="1,2" hai="18,21,27,59,60,66,83,85,88,93,97,101,105,106" machi="66" ten="20,5200,0" yaku="1,1,0,1,7,1,54,1,53,0" doraHai="123" doraHaiUra="45" who="2" fromWho="2" sc="222,-14,75,-27,340,75,343,-14" />
</Scene>
<Scene>
<INIT seed="6,0,0,4,5,89" ten="208,48,415,329" oya="2" hai0="66,5,2,113,79,4,16,14,11,32,17,92,36" hai1="129,35,125,126,31,120,123,114,1,53,21,68,87" hai2="96,82,6,33,100,12,133,19,55,34,47,27,122" hai3="116,117,58,135,43,76,69,7,80,8,67,57,10"/><V24/><F122/><N who="1" m="46633" /><E68/><V70/><F70/><W74/><G135/><T22/><D66/><U106/><E53/><V97/><F133/><W111/><G111/><T9/><D36/><U73/><E73/><V81/><F6/><W75/><G75/><T39/><D39/><U60/><E87/><V90/><F47/><W95/><G8/><T13/><D92/><U61/><E106/><V25/><F55/><W29/><G29/><T38/><D79/><U20/><E1/><V77/><F90/><W112/><G43/><T115/><D38/><U65/><E65/><V84/><F82/><W124/><G69/><T131/><D131/><U59/><E59/><V3/><F3/><W121/><G121/><T93/><D93/><U101/><E101/><V72/><F72/><W42/><G42/><T26/><D32/><U51/><E51/><V132/><F132/><W110/><G67/><T30/><D30/><U134/><E134/><V130/><F130/><W0/><G76/><T15/><D2/><U78/><E78/><V85/><F85/><W119/><G74/><T28/><D28/><U118/><E129/><V98/><REACH who="2" step="1"/><F100/><REACH who="2" ten="208,48,405,329" step="2"/><W103/><G103/><T104/><D104/><U23/><E118/><V54/><F54/><W71/><G117/><T105/><D105/><U40/><E40/><V41/><F41/><W109/><G116/><T48/><D48/><U50/><E50/><V91/><F91/><W56/><G119/><T64/><D64/><U46/><E46/><V86/><F86/><W49/><G0/><T37/><D37/><U45/><E45/><V52/><F52/><RYUUKYOKU ba="0,1" sc="208,15,48,-15,405,15,329,-15" hai0="4,5,9,11,13,14,15,16,17,22,26,113,115" hai2="12,19,24,25,27,33,34,77,81,84,96,97,98" />
</Scene>
<Scene>
<INIT seed="6,1,1,4,1,3" ten="223,33,420,314" oya="2" hai0="132,50,85,128,95,135,13,34,104,0,125,33,1" hai1="30,47,57,112,90,42,101,120,119,71,75,100,102" hai2="74,24,56,118,11,51,82,44,88,19,8,55,78" hai3="113,25,17,97,28,39,5,40,96,114,52,130,41"/><V116/><F8/><W36/><G17/><T107/><D85/><U89/><E71/><V133/><F133/><N who="0" m="51274" /><D50/><U46/><E30/><V29/><F44/><W26/><G28/><T84/><D84/><U81/><E119/><V22/><F11/><W70/><G70/><T131/><D95/><U16/><E112/><V15/><F29/><W2/><G2/><N who="0" m="1131" /><D13/><U35/><E35/><N who="0" m="13321" /><D125/><U20/><E120/><V94/><REACH who="2" step="1"/><F15/><REACH who="2" ten="223,33,410,314" step="2"/><W115/><G115/><T64/><D64/><U65/><E46/><V63/><F63/><W67/><G67/><T6/><D6/><U18/><E47/><V126/><F126/><W106/><G5/><T43/><D43/><U123/><E42/><V122/><F122/><W87/><G40/><T9/><D9/><U83/><E123/><V103/><F103/><W91/><G41/><T93/><D93/><U4/><E4/><V79/><F79/><W72/><G114/><T92/><D92/><U23/><E101/><V61/><F61/><W86/><G113/><T111/><D111/><U53/><E65/><V38/><F38/><W12/><G12/><T59/><D59/><U48/><E57/><V58/><F58/><W37/><G37/><T69/><D69/><U21/><E100/><V127/><F127/><W32/><G36/><T7/><D7/><U124/><E102/><V105/><F105/><AGARI ba="1,2" hai="104,105,107,128,131" m="13321,1131,51274" machi="105" ten="40,8000,1" yaku="28,2,20,1,31,2" doraHai="3" who="0" fromWho="2" sc="223,103,33,0,410,-83,314,0" />
</Scene>
<Scene>
<INIT seed="7,0,0,3,5,9" ten="326,33,327,314" oya="3" hai0="109,124,40,74,85,2,8,118,11,28,114,51,83" hai1="12,59,78,128,21,26,73,54,127,36,15,31,107" hai2="34,116,69,100,132,71,135,87,3,65,64,32,20" hai3="97,86,39,47,55,88,14,37,45,113,43,70,112"/><W63/><G97/><T68/><D74/><U44/><E107/><V56/><F3/><W62/><G14/><T57/><D68/><N who="2" m="26186" /><F116/><W22/><G22/><T101/><D109/><U42/><E127/><V17/><F87/><W80/><G70/><T6/><D124/><U46/><E128/><V96/><F56/><W66/><G66/><N who="2" m="25705" /><F17/><W119/><G119/><T7/><D118/><U81/><REACH who="1" step="1"/><E46/><REACH who="1" ten="326,23,327,314" step="2"/><V98/><F132/><W129/><G129/><T19/><D114/><N who="3" m="44137" /><G55/><T61/><D28/><U76/><E76/><V123/><F135/><W105/><G105/><T133/><D133/><U67/><E67/><V82/><F98/><W10/><G10/><T99/><D11/><U30/><E30/><V106/><F20/><W4/><G4/><T92/><D7/><U48/><AGARI ba="0,1" hai="12,15,21,26,31,36,42,44,48,54,59,73,78,81" machi="48" ten="20,8000,1" yaku="1,1,0,1,7,1,52,2,53,0" doraHai="9" doraHaiUra="91" who="1" fromWho="1" sc="326,-20,23,90,327,-20,314,-40" owari="306,11.0,113,-39.0,307,41.0,274,-13.0" />
</Scene>
</mjloggm>