<mjloggm ver="2.3"><GO type="169" lobby="0"/><UN n0="%7A%61%63%63" n1="%E3%83%92%E3%83%AB%E3%83%99%E3%83%AB%E3%83%88" n2="%E3%83%8D%E3%83%BC%E3%83%A0%E3%83%AC%E3%82%B9%EF%BC%97" n3="%E5%A4%AA%E3%81%8F%E3%81%AA%E3%81%84%E3%81%8A" dan="17,18,16,17" rate="2177.01,2243.14,2087.65,2257.46" sx="F,M,M,M"/><TAIKYOKU oya="0"/>

<Scene>
<INIT seed="0,0,0,1,3,6" ten="250,250,250,250" oya="0" hai0="82,73,125,62,84,67,53,132,89,105,44,117,131" hai1="38,130,99,79,59,49,30,108,36,8,41,40,58" hai2="32,43,103,72,66,48,11,26,77,120,121,124,76" hai3="88,22,92,35,45,63,97,80,70,64,106,87,46"/><T114/><D117/><U56/><E30/><V118/><F118/><W33/><G106/><T126/><D114/><U9/><E79/><V94/><F124/><N who="0" m="47722" /><D105/><U123/><E123/><V110/><F110/><W47/><REACH who="3" step="1"/><G22/><REACH who="3" ten="250,250,250,240" step="2"/><T31/><D132/><U98/><E108/><V54/><F121/><W0/><G0/><T119/><D119/><U85/><E130/><V42/><F120/><W113/><G113/><T25/><D131/><U83/><E38/><V24/><F32/><W112/><G112/><T1/><D1/><U69/><E36/><V15/><F72/><W91/><AGARI ba="0,1" hai="33,35,45,46,47,63,64,70,80,87,88,91,92,97" machi="91" ten="30,4000,0" yaku="1,1,0,1,54,1,53,0" doraHai="6" doraHaiUra="122" who="3" fromWho="3" sc="250,-20,250,-10,250,-10,240,50" />
</Scene>
<Scene>
<INIT seed="1,0,0,2,2,23" ten="230,240,240,290" oya="1" hai0="30,110,64,120,73,76,15,109,111,63,31,75,38" hai1="108,39,84,40,70,123,8,127,115,103,49,104,58" hai2="132,125,95,24,20,122,78,80,19,116,47,97,118" hai3="4,82,89,56,3,62,72,131,0,71,96,51,55"/><U94/><E104/><V117/><F122/><W69/><G131/><T6/><D38/><U119/><E115/><V2/><F132/><W26/><G72/><T61/><D120/><U27/><E119/><V121/><F121/><W28/><G4/><T44/><D44/><N who="1" m="25735" /><E70/><V5/><F125/><W86/><G96/><T22/><D76/><U87/><E39/><V124/><F124/><W133/><G133/><T9/><D63/><U128/><E127/><V88/><F47/><W34/><REACH who="3" step="1"/><G62/><REACH who="3" ten="230,240,240,280" step="2"/><T16/><D73/><U135/><E128/><V66/><F5/><W12/><G12/><N who="0" m="5175" /><D75/><U36/><E135/><V1/><REACH who="2" step="1"/><F66/><REACH who="2" ten="230,240,230,280" step="2"/><W43/><G43/><T134/><D134/><U37/><E123/><V18/><F18/><W98/><G98/><T45/><D45/><U53/><E36/><V57/><F57/><AGARI ba="0,2" hai="15,16,22,30,31,57,61,64,109,110,111" m="5175" machi="57" ten="30,2000,0" yaku="14,1,54,1" doraHai="23" who="0" fromWho="2" sc="230,40,240,0,230,-20,280,0" />
</Scene>
<Scene>
<INIT seed="2,0,0,5,5,100" ten="270,240,210,280" oya="2" hai0="14,41,43,53,105,69,95,126,97,26,125,11,54" hai1="24,34,132,30,62,88,58,2,77,130,114,93,6" hai2="103,122,10,9,134,61,5,72,23,106,78,96,102" hai3="74,82,49,60,79,59,46,111,71,44,25,92,116"/><V1/><F122/><W75/><G116/><T121/><D69/><U40/><E114/><V57/><F134/><W28/><G111/><T99/><D121/><U55/><E132/><V120/><F120/><W50/><G74/><T29/><D99/><U80/><E130/><V4/><F103/><W91/><G71/><T90/><D105/><U15/><E2/><V133/><F133/><W47/><G92/><T70/><D70/><U108/><E108/><V87/><F72/><W73/><G91/><T48/><D54/><U37/><E40/><V35/><F35/><W135/><G75/><T8/><D8/><U17/><E6/><V19/><F87/><W36/><G36/><T128/><D128/><U51/><E37/><V124/><F78/><W127/><G127/><N who="0" m="48651" /><D53/><U45/><E80/><V31/><F31/><W42/><G49/><T113/><D48/><U101/><E101/><V104/><F124/><W18/><G135/><T64/><D64/><U52/><E77/><V117/><F117/><W98/><G98/><T85/><D97/><U66/><E66/><V16/><F16/><W131/><G18/><N who="0" m="8543" /><D113/><U107/><E107/><V7/><F106/><W118/><G118/><T32/><AGARI ba="0,0" hai="26,29,32,41,43,85,90,95" m="8543,48651" machi="32" ten="30,1100,0" yaku="18,1" doraHai="100" who="0" fromWho="0" sc="270,11,240,-3,210,-5,280,-3" />
</Scene>
<Scene>
<INIT seed="3,0,0,2,5,91" ten="281,237,205,277" oya="3" hai0="74,123,47,81,119,60,122,51,113,64,82,102,19" hai1="79,95,62,32,36,4,117,70,66,27,128,57,11" hai2="61,5,88,103,6,93,111,97,76,92,132,71,44" hai3="8,45,73,13,124,21,58,63,96,52,55,129,16"/><W20/><G73/><T40/><D119/><U116/><E36/><V108/><F132/><W135/><G135/><T0/><D0/><U69/><E79/><V85/><F76/><W37/><G129/><T90/><D113/><U115/><E115/><V131/><F131/><W41/><G124/><T15/><D102/><U26/><E128/><V28/><F28/><W134/><G134/><T59/><D74/><U53/><E32/><V22/><F22/><W12/><G96/><T30/><D30/><U84/><E69/><V101/><F101/><W126/><G126/><T75/><D75/><U112/><E112/><V104/><F104/><W43/><G43/><T80/><REACH who="0" step="1"/><D90/><REACH who="0" ten="271,237,205,277" step="2"/><U127/><E127/><V78/><F78/><W18/><REACH who="3" step="1"/><G8/><AGARI ba="0,1" hai="8,15,19,40,47,51,59,60,64,80,81,82,122,123" machi="8" ten="40,2600,0" yaku="1,1,2,1,53,0" doraHai="91" doraHaiUra="67" who="0" fromWho="3" sc="271,36,237,0,205,0,277,-26" />
</Scene>
<Scene>
<INIT seed="4,0,0,4,5,81" ten="307,237,205,251" oya="0" hai0="54,80,107,40,101,75,8,63,102,93,47,100,90" hai1="66,108,88,32,2,96,69,71,41,85,67,120,68" hai2="22,55,99,5,11,135,97,74,110,111,113,94,4" hai3="109,105,92,37,78,30,132,18,116,104,6,25,38"/><T112/><D112/><U10/><E108/><V65/><F113/><W84/><G109/><T23/><D107/><U42/><E32/><V24/><F74/><W33/><G116/><T34/><D34/><U58/><E96/><V56/><F135/><W115/><G115/><T16/><D8/><U13/><E2/><V89/><F65/><W57/><G6/><T130/><D130/><U70/><E120/><V117/><F117/><W61/><G132/><T19/><D80/><U17/><N who="1" m="17408" /><DORA hai="77" /><U79/><E79/><V124/><F99/><W14/><G38/><T121/><D75/><U51/><E67/><V1/><F124/><W49/><G37/><T46/><D121/><U73/><E73/><V64/><F64/><W87/><G49/><N who="0" m="26823" /><D23/><U29/><E29/><V72/><F5/><W103/><G78/><T95/><D95/><U122/><E122/><V126/><F126/><W119/><G119/><T106/><D106/><U48/><E48/><V129/><F129/><W52/><G92/><T53/><D47/><U125/><E125/><V31/><REACH who="2" step="1"/><F72/><REACH who="2" ten="307,237,195,251" step="2"/><W123/><G123/><T20/><D102/><U76/><E66/><V9/><F9/><W91/><G103/><T83/><D101/><U127/><E127/><V43/><F43/><W50/><G105/><T7/><D7/><U15/><E41/><V26/><F26/><W45/><G104/><T114/><D100/><U3/><E42/><V60/><AGARI ba="0,1" hai="1,4,11,22,24,31,55,56,60,89,94,97,110,111" machi="60" ten="20,5200,0" yaku="1,1,0,1,7,1,53,1" doraHai="81,77" doraHaiUra="35,98" who="2" fromWho="2" sc="307,-26,237,-13,195,62,251,-13" />
</Scene>
<Scene>
<INIT seed="5,0,0,2,2,46" ten="281,224,257,238" oya="1" hai0="41,107,38,35,97,17,116,11,72,103,126,40,118" hai1="27,59,132,44,133,60,25,92,100,77,89,82,30" hai2="78,90,1,102,75,20,120,96,26,8,88,135,53" hai3="87,123,121,98,94,50,19,65,16,29,80,7,113"/><U58/><E100/><V81/><F81/><W114/><G29/><T119/><D35/><U39/><E39/><V127/><F120/><N who="3" m="46155" /><G7/><T22/><D72/><U66/><E44/><V76/><F127/><W111/><G111/><T12/><D126/><U95/><E59/><V117/><F117/><W42/><G65/><T31/><D38/><U130/><E130/><V13/><F135/><N who="1" m="51785" /><E89/><V86/><F75/><W45/><G94/><N who="1" m="35882" /><E30/><V49/><F1/><W24/><G98/><T36/><D36/><U124/><E124/><V112/><F112/><N who="3" m="43115" /><G24/><T5/><REACH who="0" step="1"/><D31/><REACH who="0" ten="271,224,257,238" step="2"/><U79/><E79/><AGARI ba="0,1" hai="16,19,42,45,50,79,80,87" m="43115,46155" machi="79" ten="30,3900,0" yaku="15,1,52,1,54,1" doraHai="46" who="3" fromWho="1" sc="271,0,224,-39,257,0,238,49" />
</Scene>
<Scene>
<INIT seed="6,0,0,0,4,13" ten="271,185,257,287" oya="2" hai0="94,79,26,31,83,82,134,75,16,8,60,121,85" hai1="17,115,64,97,10,50,126,98,89,68,127,21,74" hai2="59,86,111,71,46,91,116,49,4,62,128,125,80" hai3="66,39,15,56,18,118,24,42,45,105,20,129,90"/><V73/><F116/><W37/><G118/><T61/><D121/><U120/><E74/><V52/><F128/><W109/><G109/><T47/><D134/><U48/><E120/><V76/><F111/><W44/><G105/><T133/><D94/><U34/><E34/><V70/><F125/><N who="1" m="47625" /><E115/><V57/><F4/><W110/><G110/><T124/><D133/><U7/><E64/><V96/><F96/><N who="1" m="36969" /><E89/><V40/><REACH who="2" step="1"/><F59/><REACH who="2" ten="271,185,247,287" step="2"/><W92/><G129/><T9/><D124/><U87/><E68/><V27/><F27/><W67/><G56/><T72/><D61/><U6/><E6/><V103/><F103/><W122/><G24/><T53/><D60/><U132/><E132/><V2/><F2/><W77/><G122/><T11/><D26/><N who="1" m="14639" /><E87/><V81/><AGARI ba="0,1" hai="40,46,49,52,57,62,70,71,73,76,80,81,86,91" machi="81" ten="20,7800,0" yaku="1,1,0,1,7,1,54,1,53,0" doraHai="13" doraHaiUra="33" who="2" fromWho="2" sc="271,-26,185,-26,247,88,287,-26" />
</Scene>
<Scene>
<INIT seed="6,1,0,3,3,40" ten="245,159,335,261" oya="2" hai0="109,129,49,32,134,69,38,30,4,5,70,7,79" hai1="2,89,115,59,99,120,84,8,27,85,65,110,76" hai2="26,44,128,82,73,122,103,52,45,125,86,29,95" hai3="81,94,61,19,88,107,41,9,62,117,105,57,35"/><V58/><F122/><W55/><G35/><T124/><D38/><U17/><E110/><V31/><F128/><W34/><G34/><T20/><D109/><U3/><E120/><V43/><F125/><W47/><G117/><T71/><D32/><U135/><E135/><V23/><F73/><W97/><G81/><T111/><D111/><U127/><E127/><V100/><F31/><W108/><G108/><T77/><D134/><U92/><E115/><V102/><F95/><W0/><G62/><T60/><D60/><U80/><E65/><V13/><F13/><W6/><REACH who="3" step="1"/><G19/><REACH who="3" ten="245,159,335,251" step="2"/><T116/><D116/><U101/><E59/><V126/><F126/><W18/><G18/><T21/><D124/><U113/><E113/><V74/><F74/><W42/><G42/><T33/><D33/><U130/><E130/><V87/><F43/><W28/><G28/><T48/><D30/><U10/><E2/><V56/><F56/><W14/><G14/><T50/><REACH who="0" step="1"/><D129/><REACH who="0" ten="235,159,335,251" step="2"/><U67/><E3/><V112/><F112/><W72/><G72/><T132/><D132/><U66/><E8/><V93/><F29/><W90/><G90/><T25/><D25/><U133/><E133/><V22/><F26/><W114/><G114/><T24/><D24/><U131/><E131/><V104/><F103/><W68/><G68/><T12/><D12/><N who="1" m="7319" /><E27/><V96/><F100/><W64/><G64/><T53/><D53/><U16/><E16/><V78/><F102/><W54/><G54/><T51/><N who="0" m="12288" /><DORA hai="91" /><T37/><D37/><AGARI ba="1,2" hai="0,6,9,37,41,47,55,57,61,88,94,97,105,107" machi="37" ten="30,8000,1" yaku="1,1,7,1,52,2,54,1,53,0" doraHai="40,91" doraHaiUra="123,119" who="3" fromWho="0" sc="235,-83,159,0,335,0,251,103" />
</Scene>
<Scene>
<INIT seed="7,0,0,3,5,71" ten="152,159,335,354" oya="3" hai0="0,125,42,58,38,87,112,105,135,76,18,59,24" hai1="111,61,120,81,108,2,88,109,12,50,70,91,79" hai2="78,41,29,126,26,45,118,4,102,60,89,122,98" hai3="22,46,77,101,114,44,37,95,1,110,34,62,17"/><W28/><G1/><T75/><D105/><U107/><E2/><V65/><F118/><W33/><G77/><T51/><D135/><U52/><E107/><V63/><F126/><W104/><G104/><T96/><D0/><U36/><E36/><V47/><F122/><W23/><G114/><T20/><D125/><U119/><E119/><V121/><F121/><W106/><G106/><T25/><D75/><U74/><E120/><V67/><F78/><W84/><G110/><T133/><D38/><U90/><E12/><V30/><F4/><W86/><G37/><T48/><D112/><U5/><E5/><V43/><F89/><W21/><G28/><T16/><D96/><U66/><REACH who="1" step="1"/><E108/><REACH who="1" ten="152,149,335,354" step="2"/><V64/><F26/><W80/><G17/><T116/><D116/><U10/><E10/><V27/><F27/><W93/><G33/><T7/><D7/><U14/><E14/><V132/><F132/><W9/><G9/><T39/><D39/><U94/><E94/><N who="2" m="58711" /><F29/><W72/><G34/><T113/><D113/><U99/><E99/><V15/><F30/><W19/><G19/><T49/><D133/><U115/><E115/><V3/><F3/><W73/><G22/><N who="0" m="13383" /><D42/><N who="2" m="15882" /><F15/><W8/><G8/><T128/><D128/><U100/><E100/><V97/><F97/><W56/><G101/><T134/><D134/><U32/><E32/><V40/><F40/><W130/><G130/><T6/><D6/><U123/><E123/><V129/><F129/><W92/><G21/><T103/><D103/><U83/><E83/><AGARI ba="0,1" hai="18,20,25,48,49,51,58,59,76,83,87" m="13383" machi="83" ten="30,2000,0" yaku="8,1,54,1" doraHai="71" who="0" fromWho="1" sc="152,30,149,-20,335,0,354,0" owari="182,-22.0,129,-37.0,335,14.0,354,45.0" />
</Scene>
</mjloggm>