<mjloggm ver="2.3"><GO type="169" lobby="0"/><UN n0="%E5%A4%AA%E3%81%8F%E3%81%AA%E3%81%84%E3%81%8A" n1="%4D%46%E9%A6%99%E5%B7%9D%E7%9C%9F%E5%8F%B8" n2="%E3%81%86%E3%82%8B%E3%81%95%E3%81%84%E3%81%AF%E8%A4%92%E3%82%81%E8%A9%9E" n3="%E5%BB%83%E4%BA%BA%E9%81%94%E9%9B%86%E5%90%88" dan="18,17,17,16" rate="2300.58,2140.28,2189.39,2096.40" sx="M,M,M,M"/><TAIKYOKU oya="0"/>

<Scene>
<INIT seed="0,0,0,1,4,89" ten="250,250,250,250" oya="0" hai0="113,46,67,52,108,73,64,9,17,78,66,122,121" hai1="95,68,72,134,54,26,1,84,55,14,56,36,18" hai2="30,60,12,132,109,129,19,77,57,11,110,128,37" hai3="38,115,28,49,75,107,123,10,25,114,51,80,43"/><T118/><D113/><U96/><E68/><V59/><F37/><W50/><G123/><T127/><D118/><U70/><E70/><V48/><F77/><W21/><G107/><T103/><D127/><U94/><E1/><V88/><F30/><W100/><G100/><T62/><D103/><U102/><E72/><V41/><F132/><W112/><G10/><T42/><D78/><U8/><E36/><V135/><F135/><W90/><G75/><T22/><D9/><U101/><E134/><V124/><F124/><W3/><G3/><T74/><D74/><U13/><E26/><V5/><F19/><W97/><G38/><N who="0" m="21847" /><D22/><U40/><E40/><V130/><F88/><W32/><G43/><T23/><D23/><U47/><E47/><N who="2" m="25711" /><F59/><W119/><G119/><T99/><D17/><U117/><E56/><V91/><F91/><W44/><G44/><T87/><D99/><N who="1" m="59639" /><E84/><V34/><F34/><W45/><G45/><T98/><D87/><U85/><E85/><V27/><F27/><W126/><G126/><T33/><D98/><U4/><E117/><V2/><F2/><W71/><G32/><T105/><D33/><U116/><E116/><V58/><F58/><W81/><REACH who="3" step="1"/><G71/><REACH who="3" ten="250,250,250,240" step="2"/><T61/><D73/><U93/><E102/><V83/><F57/><W63/><G63/><N who="0" m="24075" /><D105/><U65/><E96/><V120/><F11/><W125/><G125/><T92/><D122/><U24/><E8/><V39/><F120/><W15/><G15/><T7/><D121/><U82/><E14/><V111/><F12/><W0/><G0/><T76/><D66/><U6/><E65/><RYUUKYOKU ba="0,1" sc="250,-10,250,-10,250,-10,240,30" hai3="21,25,28,49,50,51,80,81,90,97,112,114,115" />
</Scene>
<Scene>
<INIT seed="1,1,1,1,1,111" ten="240,240,240,270" oya="1" hai0="59,43,89,49,28,75,99,97,21,37,90,66,41" hai1="113,134,57,10,70,129,50,105,12,86,45,73,6" hai2="124,40,31,132,52,74,32,94,120,104,53,67,34" hai3="85,68,125,24,103,130,60,44,7,112,126,88,114"/><U64/><E73/><V46/><F104/><W116/><G116/><T81/><D37/><U11/><E105/><V38/><F120/><W26/><G103/><T35/><D35/><U92/><E70/><V95/><F74/><W58/><G68/><T117/><D117/><U4/><E129/><V110/><F34/><W61/><G7/><T36/><D36/><U20/><E20/><V71/><F132/><W29/><G44/><T108/><D75/><U93/><E134/><V62/><F124/><N who="3" m="47723" /><G130/><T9/><D9/><U5/><E5/><V16/><F110/><W55/><G61/><N who="0" m="38207" /><D108/><U42/><E86/><V63/><F63/><W3/><G3/><T80/><D90/><U56/><E113/><N who="3" m="43626" /><G29/><T115/><D28/><U17/><E64/><V54/><REACH who="2" step="1"/><F16/><REACH who="2" ten="240,240,230,270" step="2"/><W13/><G13/><T22/><D115/><U77/><E17/><V91/><F91/><W119/><G119/><T1/><D89/><U121/><E121/><V2/><F2/><W123/><G123/><T127/><D1/><U79/><E12/><V84/><F84/><W98/><G98/><T48/><D99/><U18/><E18/><V23/><F23/><W8/><G8/><T78/><D97/><U65/><E11/><V51/><F51/><W30/><G30/><T27/><D21/><U101/><E10/><V131/><F131/><W100/><G100/><T128/><D128/><U133/><E101/><V76/><F76/><N who="1" m="29257" /><E133/><V122/><F122/><W109/><G109/><T87/><D127/><U96/><E96/><V39/><F39/><W47/><G85/><T82/><D87/><U102/><E102/><RYUUKYOKU ba="1,2" sc="240,-10,240,-10,230,30,270,-10" hai2="31,32,38,40,46,52,53,54,62,67,71,94,95" />
</Scene>
<Scene>
<INIT seed="2,2,2,3,1,98" ten="230,230,260,260" oya="2" hai0="86,105,20,17,3,14,117,39,21,103,127,106,99" hai1="128,114,0,19,47,59,83,18,33,15,12,61,118" hai2="58,10,24,113,80,120,76,55,134,87,100,104,126" hai3="49,116,75,22,68,38,92,121,91,4,46,44,97"/><V27/><F120/><W41/><G121/><T125/><D3/><U72/><E0/><V2/><F113/><W71/><G116/><T51/><D39/><U40/><E33/><V8/><F134/><W77/><G4/><T66/><D117/><U32/><E32/><V36/><F36/><W89/><G22/><T13/><D66/><U70/><E70/><V119/><F119/><W96/><G77/><T42/><D105/><U16/><E114/><V107/><F107/><W111/><G75/><T54/><D42/><U31/><E31/><V53/><F53/><W50/><G38/><T82/><D13/><U88/><E128/><V67/><F67/><W135/><G111/><T23/><D51/><N who="1" m="27111" /><E72/><V9/><F2/><W122/><G122/><T101/><D54/><N who="1" m="34039" /><E118/><V6/><F6/><W7/><G7/><T110/><D101/><U102/><E102/><V5/><F5/><W130/><G130/><T48/><D48/><U79/><E79/><V29/><F100/><W11/><G135/><T45/><D45/><U57/><E57/><V123/><F104/><W69/><G69/><T95/><D106/><U94/><E83/><V112/><F123/><W30/><G30/><T108/><D110/><U132/><E132/><V52/><F29/><W133/><G133/><T63/><D63/><U56/><E56/><V74/><F58/><W62/><G41/><T81/><D81/><U26/><E26/><N who="2" m="9771" /><F112/><W37/><G37/><T1/><D1/><U131/><E131/><V85/><F126/><N who="0" m="48138" /><D108/><U64/><E64/><V124/><F124/><W43/><G43/><T115/><D115/><RYUUKYOKU ba="2,2" sc="230,10,230,10,260,10,260,-30" hai0="14,17,20,21,23,82,86,95,99,103" hai1="12,15,16,18,19,88,94" hai2="8,9,10,52,55,74,76,80,85,87" />
</Scene>
<Scene>
<INIT seed="2,3,2,1,2,62" ten="240,240,270,230" oya="2" hai0="119,2,87,0,96,128,58,121,118,5,117,27,48" hai1="43,116,50,83,69,78,38,101,52,54,6,82,127" hai2="46,114,25,16,126,13,33,10,84,8,23,107,125" hai3="12,15,106,123,102,110,98,74,109,92,64,73,9"/><V59/><F107/><W18/><G123/><T3/><D121/><U103/><E116/><V97/><F97/><W47/><G64/><T24/><D128/><U31/><E69/><V120/><F120/><W32/><G32/><T70/><D70/><U60/><E38/><V45/><F114/><W85/><G47/><T130/><D130/><U76/><E6/><V88/><F59/><W135/><G135/><T35/><D35/><U112/><E31/><V105/><F105/><W4/><G106/><T80/><D5/><U72/><E60/><V90/><F90/><W37/><G37/><T86/><D96/><U55/><E127/><N who="2" m="48651" /><F33/><W131/><G131/><T17/><D17/><U1/><E1/><V79/><F79/><N who="1" m="30249" /><E72/><V40/><F40/><W77/><G74/><T91/><D86/><U129/><E112/><V113/><F113/><W93/><G73/><T115/><D115/><U57/><E129/><V94/><F8/><W14/><G77/><T99/><D99/><U132/><E57/><V95/><F95/><W71/><G71/><T28/><D28/><AGARI ba="3,2" hai="10,13,16,23,25,28,45,46,84,88,94" m="48651" machi="28" ten="30,5800,0" yaku="18,1,54,2" doraHai="62" who="2" fromWho="0" sc="240,-67,240,0,270,87,230,0" />
</Scene>
<Scene>
<INIT seed="2,4,0,5,0,85" ten="173,240,357,230" oya="2" hai0="30,111,123,3,35,23,78,0,59,39,21,73,13" hai1="104,53,38,82,126,100,31,131,76,79,130,5,56" hai2="44,62,7,64,109,26,128,114,103,22,49,20,120" hai3="19,116,52,91,32,98,83,8,34,74,99,125,46"/><V40/><F114/><W86/><G116/><T72/><D123/><U69/><E69/><V42/><F120/><W41/><G74/><T33/><D39/><U67/><E67/><V9/><F128/><W58/><G34/><T1/><D111/><U115/><E38/><V94/><F109/><W106/><G32/><T61/><D33/><U27/><E5/><V47/><F62/><W43/><G125/><T63/><D35/><U57/><E100/><V134/><F64/><W112/><G112/><T93/><D78/><U12/><E12/><V4/><F134/><W11/><G46/><T113/><D113/><U37/><E37/><V6/><F9/><N who="3" m="3659" /><G106/><T133/><D61/><U107/><E126/><V60/><F60/><N who="3" m="35911" /><G19/><T29/><D29/><U122/><BYE who="0" /><E122/><V36/><REACH who="2" step="1"/><F26/><REACH who="2" ten="173,240,347,230" step="2"/><W124/><G124/><T28/><D28/><U127/><E31/><V18/><F18/><W2/><G2/><T117/><D117/><U77/><E27/><V75/><F75/><W16/><G16/><T17/><D17/><U102/><E115/><V71/><F71/><W87/><G87/><T24/><D24/><U89/><E131/><V14/><F14/><W25/><G25/><T135/><D135/><U68/><E68/><V10/><F10/><W132/><G132/><UN n0="%E5%A4%AA%E3%81%8F%E3%81%AA%E3%81%84%E3%81%8A" /><T119/><D133/><U80/><E130/><V50/><F50/><W84/><G84/><T101/><D119/><U108/><E108/><V96/><AGARI ba="4,1" hai="4,6,7,20,22,36,40,42,44,47,49,94,96,103" machi="96" ten="30,3000,0" yaku="1,1,0,1,53,0" doraHai="85" doraHaiUra="118" who="2" fromWho="2" sc="173,-14,240,-14,347,52,230,-14" />
</Scene>
<Scene>
<INIT seed="2,5,0,3,2,121" ten="159,226,399,216" oya="2" hai0="66,69,76,91,118,106,97,42,107,48,35,32,56" hai1="45,47,67,53,122,0,34,54,119,79,26,120,115" hai2="9,46,102,21,17,65,61,90,77,114,49,60,113" hai3="125,73,6,129,16,134,92,131,82,40,101,72,8"/><V10/><F113/><W105/><G73/><T89/><D76/><U98/><E79/><V22/><F114/><W7/><G72/><T128/><D69/><U36/><E98/><V63/><F77/><W88/><G82/><T41/><D66/><U23/><E34/><V38/><F38/><W52/><G40/><T94/><D56/><U62/><E0/><V112/><F112/><W44/><G101/><T27/><D48/><U20/><E115/><V57/><F102/><W126/><G105/><T124/><D27/><U4/><E4/><V84/><F22/><W3/><G7/><T43/><D128/><N who="3" m="49225" /><G16/><T58/><D42/><U11/><E36/><V1/><F1/><W93/><G93/><T135/><D94/><U55/><E26/><V39/><F39/><W104/><G104/><T108/><D41/><U68/><E11/><V83/><F10/><W25/><G25/><T78/><D43/><U15/><E15/><N who="2" m="9407" /><F9/><W37/><G37/><T111/><D106/><U28/><E23/><V132/><F132/><W13/><G3/><T80/><D135/><U33/><E20/><V51/><F46/><N who="1" m="17417" /><E33/><V18/><F18/><W109/><G134/><T31/><D107/><U123/><E28/><V64/><F57/><W87/><G126/><T130/><D124/><U70/><E70/><V127/><F127/><W81/><G125/><T116/><D130/><U29/><E29/><V86/><F84/><W100/><G100/><T75/><D31/><U103/><E103/><V85/><F86/><W95/><G6/><T2/><D75/><U30/><E30/><V5/><F5/><RYUUKYOKU ba="5,0" sc="159,-15,226,15,399,15,216,-15" hai1="53,54,55,62,67,68,119,120,122,123" hai2="49,51,60,61,63,64,65,83,85,90" />
</Scene>
<Scene>
<INIT seed="2,6,0,1,3,87" ten="144,241,414,201" oya="2" hai0="79,56,108,111,29,74,6,61,91,37,54,105,51" hai1="47,112,15,110,3,68,13,94,49,69,57,53,25" hai2="104,45,106,2,1,50,115,67,18,36,34,0,109" hai3="132,89,42,114,44,85,88,16,86,22,65,99,123"/><V20/><F115/><W125/><G123/><T62/><D105/><U82/><E3/><V52/><F34/><W127/><G114/><T103/><D103/><U73/><E112/><V19/><F36/><W116/><G116/><T113/><D113/><U124/><E124/><N who="3" m="47690" /><G132/><T58/><D37/><U100/><E110/><N who="0" m="42025" /><D6/><U126/><E126/><V121/><F121/><W23/><G99/><T107/><D107/><U75/><E25/><V72/><F72/><W26/><G65/><N who="0" m="39079" /><D29/><U10/><E73/><V33/><F109/><W7/><G7/><T9/><D9/><U133/><E100/><V27/><F19/><W55/><G55/><N who="0" m="34143" /><D79/><U8/><E8/><V122/><F122/><W4/><G4/><T14/><D14/><U134/><E10/><V120/><F120/><W66/><G66/><T39/><D74/><U128/><E13/><V93/><F67/><W78/><G23/><T32/><D39/><U31/><E15/><V35/><F35/><W46/><G86/><T90/><D32/><U48/><E31/><V96/><REACH who="2" step="1"/><F33/><REACH who="2" ten="144,241,404,201" step="2"/><W64/><G64/><T24/><D24/><U131/><E75/><V71/><F71/><W83/><G42/><T97/><D97/><U98/><E68/><V76/><F76/><W41/><G41/><T77/><D77/><U40/><E69/><V130/><F130/><W95/><G78/><T30/><D30/><U119/><E131/><V12/><F12/><W63/><G63/><T81/><D54/><U117/><E98/><V84/><F84/><W59/><G85/><N who="0" m="50479" /><D51/><U92/><E53/><V11/><F11/><W129/><G129/><RYUUKYOKU ba="6,1" sc="144,15,241,-15,404,15,201,-15" hai0="91" hai2="0,1,2,18,20,27,45,50,52,93,96,104,106" />
</Scene>
<Scene>
<INIT seed="2,7,1,1,4,73" ten="159,226,419,186" oya="2" hai0="69,84,94,76,101,43,33,105,122,64,92,129,20" hai1="77,52,123,6,45,10,49,14,12,106,51,116,16" hai2="135,34,55,39,80,63,103,79,67,87,27,134,102" hai3="70,91,7,22,133,25,13,83,46,100,32,50,1"/><V112/><F39/><W44/><G70/><T85/><D33/><U98/><E116/><V130/><F55/><W30/><G100/><T29/><D122/><U97/><E123/><V89/><F112/><W90/><G133/><N who="2" m="50697" /><F130/><W110/><G110/><T71/><D43/><N who="1" m="24767" /><E77/><V65/><F89/><W2/><G46/><T117/><D129/><U93/><E106/><V131/><F131/><W54/><G2/><T56/><D105/><U5/><E98/><V57/><F67/><W96/><G96/><T120/><D120/><U95/><E95/><V58/><F58/><W88/><G1/><T113/><D113/><U119/><E119/><V17/><F17/><W3/><G3/><T74/><D94/><U48/><E48/><V107/><F107/><W114/><G114/><T61/><D117/><U9/><E16/><V41/><F41/><W38/><G38/><T127/><D69/><U59/><E93/><V75/><F75/><W15/><G7/><T82/><D71/><U28/><E97/><V36/><F36/><W26/><REACH who="3" step="1"/><G83/><REACH who="3" ten="159,226,419,176" step="2"/><T68/><D68/><U104/><E104/><V62/><F103/><W42/><G42/><T118/><D118/><U124/><E6/><V21/><F102/><W86/><G86/><N who="0" m="33387" /><D101/><U81/><E81/><V11/><F80/><W40/><G40/><T37/><D37/><U31/><E5/><V109/><F109/><W4/><G4/><T132/><D132/><U24/><E59/><V60/><F57/><W115/><G115/><T53/><D92/><U47/><E47/><V35/><F87/><W8/><G8/><T66/><D127/><RYUUKYOKU ba="7,2" sc="159,15,226,-15,419,-15,176,15" hai0="20,29,53,56,61,64,66,74,76,82" hai3="13,15,22,25,26,30,32,44,50,54,88,90,91" />
</Scene>
<Scene>
<INIT seed="3,8,2,4,2,59" ten="174,211,404,191" oya="3" hai0="82,23,1,5,19,87,103,119,118,93,28,7,55" hai1="74,88,27,110,133,66,116,81,6,77,121,76,52" hai2="106,107,85,111,124,47,54,79,58,115,33,38,34" hai3="70,30,61,62,128,31,45,75,99,63,132,10,91"/><W98/><G70/><T108/><D108/><U73/><E121/><V29/><F115/><W39/><G75/><T71/><D71/><U42/><E42/><V69/><F69/><W40/><G132/><T25/><D119/><U8/><E66/><V97/><F111/><W68/><G68/><T49/><D118/><U20/><E110/><V83/><F124/><W41/><G128/><T117/><D117/><U37/><E37/><V109/><F109/><W64/><G64/><T15/><D1/><U127/><E116/><V26/><F97/><W65/><G65/><T32/><D103/><U46/><E127/><V134/><F134/><W3/><G41/><T60/><D93/><U131/><E131/><V78/><F78/><W72/><G72/><T101/><D101/><U113/><E113/><V84/><F84/><W35/><G91/><T95/><D95/><U123/><E123/><V11/><F107/><W112/><G112/><T17/><D17/><U89/><E133/><V96/><F96/><W16/><G3/><T125/><D60/><U22/><E20/><V126/><F106/><W36/><G36/><T86/><D86/><N who="1" m="50255" /><E89/><V135/><F135/><W129/><G129/><T57/><D125/><U48/><E74/><V9/><F33/><W24/><REACH who="3" step="1"/><G31/><REACH who="3" ten="174,211,404,181" step="2"/><T14/><D14/><AGARI ba="8,3" hai="10,14,16,24,30,35,39,40,45,61,62,63,98,99" machi="14" ten="40,18000,2" yaku="1,1,2,1,52,3,54,1,53,1" doraHai="59" doraHaiUra="43" who="3" fromWho="0" sc="174,-204,211,0,404,0,181,234" owari="-30,-53.0,211,-19.0,404,20.0,415,52.0" />
</Scene>
</mjloggm>