<mjloggm ver="2.3"><GO type="169" lobby="0"/><UN n0="%4B%55%5A%55" n1="%E5%A4%AA%E3%81%8F%E3%81%AA%E3%81%84%E3%81%8A" n2="%E9%9B%80%E8%8D%98%E4%B8%AD%E5%B7%9D" n3="%E3%82%89%E3%81%8F%E3%81%A0%EF%BC%90%EF%BC%91%EF%BC%90%EF%BC%99" dan="16,19,16,17" rate="2097.47,2297.98,2056.35,2197.06" sx="M,F,F,M"/><TAIKYOKU oya="0"/>

<Scene>
<INIT seed="0,0,0,2,0,131" ten="250,250,250,250" oya="0" hai0="54,7,78,48,27,85,95,89,109,46,35,24,3" hai1="49,33,9,82,23,117,58,107,16,68,125,98,92" hai2="110,101,1,86,13,76,83,18,114,8,60,38,62" hai3="124,135,37,21,128,41,102,116,59,122,71,34,74"/><T44/><D109/><U88/><E117/><V73/><F114/><W20/><RYUUKYOKU type="yao9" ba="0,0" sc="250,0,250,0,250,0,250,0" hai3="20,21,34,37,41,59,71,74,102,116,122,124,128,135" />
</Scene>
<Scene>
<INIT seed="0,1,0,0,1,21" ten="250,250,250,250" oya="0" hai0="47,104,39,54,105,18,67,95,124,43,61,19,9" hai1="33,0,56,125,129,132,75,50,126,71,52,76,8" hai2="68,122,94,90,108,13,77,1,109,32,79,25,84" hai3="42,72,113,27,70,114,73,37,48,66,123,101,14"/><T38/><D124/><N who="1" m="47723" /><E71/><V98/><F1/><W20/><G123/><T31/><D39/><U49/><E33/><V29/><F122/><W44/><G14/><T120/><D120/><U4/><E132/><V118/><F118/><W92/><G37/><T103/><D31/><U15/><E129/><V40/><F68/><W115/><G70/><T128/><D128/><U62/><E0/><V83/><F40/><W55/><G66/><T88/><D54/><U82/><AGARI ba="1,0" hai="4,8,15,49,50,52,56,62,75,76,82" m="47723" machi="82" ten="30,2000,0" yaku="18,1,54,1" doraHai="21" who="1" fromWho="1" sc="250,-11,250,23,250,-6,250,-6" />
</Scene>
<Scene>
<INIT seed="1,0,0,5,4,25" ten="239,273,244,244" oya="1" hai0="0,94,71,116,5,48,112,46,91,87,12,36,134" hai1="64,132,89,102,81,43,99,33,97,26,60,14,27" hai2="6,128,121,13,40,73,54,80,129,86,19,50,76" hai3="16,83,37,56,108,39,131,95,126,61,29,8,93"/><U75/><E132/><V30/><F121/><W20/><G108/><T127/><D116/><U107/><E43/><V17/><F40/><W101/><G131/><N who="2" m="50249" /><F73/><W10/><G126/><T35/><D36/><U77/><E14/><V135/><F135/><W18/><G83/><T72/><D72/><U69/><REACH who="1" step="1"/><E33/><REACH who="1" ten="239,263,244,244" step="2"/><V62/><F13/><W74/><G39/><T113/><D12/><U1/><E1/><V47/><F6/><W65/><G37/><T28/><D134/><U58/><E58/><N who="2" m="35159" /><F30/><W98/><G74/><T49/><D35/><U38/><E38/><V44/><F50/><W103/><G8/><T7/><D49/><U110/><E110/><V11/><F11/><W59/><G59/><T120/><D48/><U67/><E67/><V57/><F57/><W31/><G10/><T78/><D0/><U53/><E53/><V79/><F47/><W45/><G45/><T114/><D46/><U115/><E115/><V52/><F52/><W24/><G29/><T15/><D28/><U42/><E42/><V3/><F44/><W106/><G106/><T105/><D105/><U4/><E4/><V70/><F3/><W96/><AGARI ba="0,1" hai="16,18,20,24,31,56,61,65,93,95,96,98,101,103" machi="96" ten="30,12000,2" yaku="0,1,9,1,25,2,8,1,52,1,54,1" doraHai="25" who="3" fromWho="3" sc="239,-30,263,-60,244,-30,244,130" />
</Scene>
<Scene>
<INIT seed="2,0,0,0,1,49" ten="209,203,214,374" oya="2" hai0="14,35,56,37,119,17,33,76,2,77,102,83,94" hai1="44,38,19,59,74,51,106,70,41,90,131,91,23" hai2="93,30,22,134,99,72,65,117,55,6,108,107,92" hai3="68,81,27,95,135,29,46,53,122,13,67,100,18"/><V104/><F117/><W127/><G122/><T88/><D2/><U64/><E74/><V10/><F72/><W105/><G105/><T112/><D119/><U128/><E106/><V25/><F134/><W125/><G135/><T75/><D112/><U40/><E40/><V31/><F65/><W11/><G81/><T3/><D3/><U34/><E34/><V50/><F31/><W132/><G132/><T4/><D4/><U48/><E70/><V96/><F108/><W98/><G67/><T9/><D37/><U61/><E38/><V84/><F84/><W16/><G68/><T28/><D76/><U110/><E51/><V20/><F20/><W24/><G18/><T47/><D47/><U130/><REACH who="1" step="1"/><E110/><REACH who="1" ten="209,193,214,374" step="2"/><V69/><F69/><W101/><G127/><T129/><D33/><U82/><E82/><V58/><F107/><W32/><G125/><T85/><D129/><U52/><E52/><V114/><F104/><W62/><G62/><T60/><D35/><U118/><E118/><V109/><F109/><W116/><G116/><T86/><D102/><U71/><E71/><V80/><F80/><W121/><G101/><T42/><D42/><U57/><E57/><V1/><REACH who="2" step="1"/><F114/><REACH who="2" ten="209,193,204,374" step="2"/><W79/><G121/><T97/><D28/><U66/><E66/><AGARI ba="0,2" hai="9,14,17,56,60,66,75,77,83,85,86,88,94,97" machi="66" ten="30,2000,0" yaku="7,1,54,1" doraHai="49" who="0" fromWho="1" sc="209,40,193,-20,204,0,374,0" />
</Scene>
<Scene>
<INIT seed="3,0,0,2,1,11" ten="249,173,204,374" oya="3" hai0="13,28,66,52,53,69,124,72,86,44,117,32,122" hai1="22,30,121,8,91,60,116,37,70,101,46,57,71" hai2="18,3,24,39,90,127,135,43,58,78,40,113,14" hai3="17,50,42,108,102,75,38,68,74,6,82,47,31"/><W64/><G108/><T25/><D122/><U85/><E121/><V123/><F3/><W61/><G31/><T15/><D72/><U55/><E116/><V49/><F39/><W106/><G6/><T119/><D124/><U99/><E30/><V118/><F78/><W9/><G82/><T20/><D53/><U51/><E37/><V23/><F135/><W114/><G114/><T16/><D86/><U81/><E22/><V103/><F103/><W7/><G17/><T36/><D13/><U5/><E99/><V73/><F73/><W111/><G111/><T94/><D94/><U59/><E101/><V130/><F130/><W2/><G50/><T88/><D88/><U41/><REACH who="1" step="1"/><E57/><REACH who="1" ten="249,163,204,374" step="2"/><V89/><F123/><W120/><G120/><T92/><D117/><U33/><E33/><V100/><F100/><W76/><G76/><T132/><D119/><U133/><E133/><V87/><F118/><W21/><G21/><N who="0" m="15407" /><D36/><U105/><E105/><V97/><F97/><AGARI ba="0,1" hai="2,7,9,38,42,47,61,64,68,74,75,97,102,106" machi="97" ten="40,7700,0" yaku="33,3" doraHai="11" who="3" fromWho="2" sc="249,0,163,0,204,-77,374,87" />
</Scene>
<Scene>
<INIT seed="3,1,0,2,5,20" ten="249,163,127,461" oya="3" hai0="31,8,46,60,90,32,6,19,76,59,101,94,83" hai1="48,113,131,99,44,106,109,63,73,81,50,74,25" hai2="41,103,88,100,37,16,17,95,62,124,14,34,65" hai3="126,33,23,135,96,39,18,2,125,9,116,51,40"/><W110/><G116/><T38/><D101/><U117/><E113/><V13/><F124/><W130/><G39/><T128/><D128/><U91/><E131/><V98/><F34/><W24/><G130/><T27/><D19/><N who="2" m="7242" /><F41/><W114/><G114/><T108/><D108/><U11/><E109/><V30/><F30/><W107/><G110/><T54/><D38/><U1/><E117/><V61/><F37/><W86/><G135/><T133/><D133/><U129/><E129/><V111/><F111/><W3/><G86/><T15/><D46/><U75/><E106/><V52/><F65/><W119/><G119/><T53/><D53/><U47/><E63/><N who="2" m="24075" /><F52/><W66/><G66/><T112/><D112/><U77/><E47/><V0/><F0/><W82/><G33/><T55/><D54/><U122/><E122/><V43/><F43/><W120/><G120/><T87/><REACH who="0" step="1"/><D94/><REACH who="0" ten="239,163,127,461" step="2"/><U123/><E44/><V80/><F103/><W49/><G125/><T7/><D7/><U127/><E127/><V28/><F28/><W22/><G126/><T5/><D5/><U29/><E29/><V102/><F102/><W97/><G107/><T84/><D84/><AGARI ba="1,1" hai="13,14,80,84,88,95,98,100" m="24075,7242" machi="84" ten="30,3900,0" yaku="8,1,54,2" doraHai="20" who="2" fromWho="0" sc="239,-42,163,0,127,52,461,0" />
</Scene>
<Scene>
<INIT seed="4,0,0,2,5,132" ten="197,163,179,461" oya="0" hai0="131,93,44,116,82,53,109,110,57,127,92,49,88" hai1="122,130,19,65,43,80,24,50,60,112,48,23,39" hai2="34,91,58,67,10,124,14,128,90,4,0,85,33" hai3="69,61,120,135,30,125,77,107,95,29,45,16,36"/><T71/><D116/><U123/><E130/><V11/><F128/><W83/><G107/><T113/><D131/><U28/><E39/><V97/><F124/><W79/><G79/><T41/><D71/><U3/><E3/><V62/><F97/><W27/><G125/><T55/><D127/><U26/><E112/><V18/><REACH who="2" step="1"/><F91/><REACH who="2" ten="197,163,169,461" step="2"/><W76/><G135/><T101/><D113/><U100/><E123/><V99/><F99/><W86/><G120/><T98/><D82/><AGARI ba="0,1" hai="0,4,10,11,14,18,33,34,58,62,67,82,85,90" machi="82" ten="30,2000,0" yaku="1,1,7,1,53,0" doraHai="132" doraHaiUra="121" who="2" fromWho="0" sc="197,-20,163,0,169,30,461,0" />
</Scene>
<Scene>
<INIT seed="5,0,0,0,2,86" ten="177,163,199,461" oya="1" hai0="81,10,80,96,103,127,56,117,128,64,135,0,15" hai1="121,39,17,13,98,77,6,50,71,68,99,119,35" hai2="63,24,116,91,66,9,18,105,106,54,16,118,53" hai3="112,129,69,76,126,38,32,49,2,20,40,83,125"/><U73/><E39/><V130/><F130/><W34/><G2/><T36/><D128/><U48/><E119/><V60/><F24/><W82/><G38/><T107/><D0/><U131/><E131/><V11/><REACH who="2" step="1"/><F66/><REACH who="2" ten="177,163,189,461" step="2"/><W59/><G129/><T93/><D117/><U114/><E121/><V124/><F124/><W72/><G125/><T120/><D127/><U51/><E114/><V85/><F85/><W62/><G112/><T44/><D120/><U95/><E35/><V89/><AGARI ba="0,1" hai="9,11,16,18,53,54,60,63,89,91,105,106,116,118" machi="89" ten="25,12000,2" yaku="1,1,0,1,22,2,52,2,54,1,53,0" doraHai="86" doraHaiUra="94" who="2" fromWho="2" sc="177,-30,163,-60,189,130,461,-30" />
</Scene>
<Scene>
<INIT seed="6,0,0,3,4,57" ten="147,103,319,431" oya="2" hai0="101,106,24,77,126,20,32,127,5,0,63,36,116" hai1="43,92,94,66,51,104,41,1,132,78,67,74,2" hai2="129,114,15,34,122,88,60,64,86,79,83,8,16" hai3="19,7,33,50,11,102,119,133,55,25,35,65,30"/><V82/><F122/><W98/><G119/><T108/><D32/><U52/><E104/><V131/><F114/><W39/><G39/><T105/><D116/><U26/><E132/><V59/><REACH who="2" step="1"/><F34/><REACH who="2" ten="147,103,309,431" step="2"/><W81/><G133/><T110/><D110/><U99/><E1/><V70/><F70/><W125/><G33/><T13/><D108/><U103/><E2/><V12/><F12/><W44/><G125/><T134/><D126/><U18/><E26/><V71/><F71/><W128/><G128/><T68/><D134/><U107/><E41/><V14/><F14/><W75/><G35/><T112/><D68/><U62/><E43/><V49/><F49/><W42/><G42/><T123/><D123/><U84/><E51/><V72/><AGARI ba="0,1" hai="8,15,16,59,60,64,72,79,82,83,86,88,129,131" machi="72" ten="30,12000,1" yaku="1,1,0,1,52,1,54,2,53,0" doraHai="57" doraHaiUra="45" who="2" fromWho="2" sc="147,-40,103,-40,309,130,431,-40" />
</Scene>
<Scene>
<INIT seed="6,1,0,1,1,112" ten="107,63,439,391" oya="2" hai0="124,58,67,75,39,122,23,131,7,51,129,74,11" hai1="95,16,128,123,44,34,102,91,54,33,108,47,100" hai2="9,49,6,86,120,1,46,85,26,62,70,134,38" hai3="105,53,118,117,119,15,40,84,55,103,45,94,61"/><V135/><F120/><W64/><G105/><T92/><D39/><U115/><E108/><V114/><F38/><N who="3" m="21655" /><G15/><T88/><D122/><U41/><E123/><V63/><F114/><W3/><G3/><T2/><D124/><U59/><E115/><V14/><F26/><W101/><G84/><N who="2" m="32361" /><F70/><N who="3" m="42255" /><G119/><T30/><D30/><U78/><E128/><N who="0" m="49225" /><D23/><U28/><E78/><V73/><F73/><W18/><G18/><T66/><D51/><N who="1" m="27023" /><E33/><V133/><F1/><W43/><G94/><T106/><D106/><U22/><E34/><V96/><F96/><W12/><G12/><T56/><D67/><U126/><E126/><V127/><F127/><W32/><G32/><T0/><D66/><U50/><E47/><V21/><F21/><W99/><G99/><N who="0" m="57735" /><D0/><U68/><E68/><V20/><F20/><W36/><G103/><T48/><D48/><U13/><E28/><V80/><F80/><W132/><G101/><T65/><D65/><U97/><AGARI ba="1,0" hai="13,16,22,50,54,59,91,95,97,100,102" m="27023" machi="97" ten="30,2000,0" yaku="8,1,54,1" doraHai="112" who="1" fromWho="1" sc="107,-6,63,23,439,-11,391,-6" />
</Scene>
<Scene>
<INIT seed="7,0,0,1,4,120" ten="101,86,428,385" oya="3" hai0="134,98,12,86,46,53,14,26,116,29,115,17,85" hai1="10,27,83,6,71,101,40,30,93,16,35,96,97" hai2="95,117,18,58,51,99,105,63,103,82,87,7,114" hai3="74,60,121,52,45,41,68,107,31,38,111,77,22"/><W94/><G121/><T100/><D116/><U112/><E71/><V104/><F117/><W59/><G107/><T20/><D134/><U55/><E112/><V8/><F114/><W69/><G111/><T56/><D46/><U50/><E40/><V11/><F18/><W106/><G106/><T130/><D130/><U80/><E96/><V0/><F51/><W92/><G74/><T131/><D131/><U67/><E67/><V118/><F11/><W73/><G73/><T39/><D39/><U49/><E49/><V1/><F1/><W133/><G77/><T32/><D12/><U127/><E127/><V78/><F118/><W119/><G119/><T65/><D65/><AGARI ba="0,0" hai="0,7,8,58,63,65,78,82,87,95,99,103,104,105" machi="65" ten="30,1000,0" yaku="7,1" doraHai="120" who="2" fromWho="0" sc="101,-10,86,0,428,10,385,0" owari="91,-31.0,86,-41.0,438,53.0,385,19.0" />
</Scene>
</mjloggm>