<mjloggm ver="2.3"><GO type="169" lobby="0"/><UN n0="%E5%A4%AA%E3%81%8F%E3%81%AA%E3%81%84%E3%81%8A" n1="%E6%99%82%E3%81%AE%E6%BC%82%E6%B3%8A" n2="%E3%83%86%E3%83%AC%E3%83%93%E3%81%A3%E5%AD%90" n3="%E3%82%89%E3%81%8F%E3%81%A0%EF%BC%90%EF%BC%91%EF%BC%90%EF%BC%99" dan="19,17,17,17" rate="2314.85,2193.45,2118.43,2210.88" sx="F,F,M,M"/><TAIKYOKU oya="0"/>

<Scene>
<INIT seed="0,0,0,3,1,90" ten="250,250,250,250" oya="0" hai0="16,81,39,20,12,87,97,116,121,106,115,24,71" hai1="95,34,50,135,68,117,26,131,15,40,58,110,80" hai2="54,7,83,67,114,19,101,56,55,119,99,30,61" hai3="44,18,78,43,1,41,126,6,28,72,82,32,4"/><T124/><D115/><U92/><E68/><V65/><F114/><W23/><G126/><T75/><D116/><U77/><E117/><V66/><F119/><W10/><G6/><T79/><D121/><U51/><E110/><V96/><F7/><W122/><G122/><T33/><D39/><U52/><E135/><V132/><F132/><W35/><G28/><T118/><D118/><U134/><E134/><V0/><F0/><W74/><G74/><T100/><D71/><U62/><E131/><V128/><F128/><W103/><G103/><T108/><D124/><U98/><E98/><V25/><F19/><W112/><G43/><T5/><D108/><U63/><E15/><V3/><F3/><W89/><G89/><T59/><D59/><U93/><E26/><V45/><F83/><W130/><G130/><T129/><D129/><U57/><E34/><V111/><F111/><W107/><G107/><T127/><D127/><U37/><E37/><V49/><REACH who="2" step="1"/><F101/><REACH who="2" ten="250,250,240,250" step="2"/><W14/><REACH who="3" step="1"/><G112/><REACH who="3" ten="250,250,240,240" step="2"/><T109/><D109/><U76/><E40/><V17/><F17/><W105/><G105/><T102/><D102/><U88/><E88/><V133/><F133/><W11/><G11/><T70/><D5/><U84/><REACH who="1" step="1"/><E77/><REACH who="1" ten="250,240,240,240" step="2"/><V69/><F69/><W31/><G31/><N who="0" m="19687" /><D70/><U29/><E29/><V48/><F48/><AGARI ba="0,3" hai="1,4,10,14,18,23,32,35,41,44,48,72,78,82" machi="48" ten="30,2000,0" yaku="1,1,7,1,53,0" doraHai="90" doraHaiUra="85" who="3" fromWho="2" sc="250,0,240,0,240,-20,240,50" />
</Scene>
<Scene>
<INIT seed="1,0,0,2,4,6" ten="250,240,220,290" oya="1" hai0="14,57,58,109,28,108,23,73,46,21,128,33,45" hai1="104,48,10,120,92,93,77,36,30,43,97,117,27" hai2="95,84,88,106,41,110,2,101,68,76,44,37,131" hai3="11,127,69,40,94,12,130,7,116,82,50,1,118"/><U113/><E117/><N who="3" m="45162" /><G69/><T15/><D28/><U111/><E113/><V67/><F110/><W61/><G130/><T35/><REACH who="0" step="1"/><D73/><REACH who="0" ten="240,240,220,290" step="2"/><U119/><E120/><V85/><F131/><AGARI ba="0,1" hai="14,15,21,23,33,35,45,46,57,58,108,109,128,131" machi="131" ten="25,6400,0" yaku="1,1,2,1,22,2,53,0" doraHai="6" doraHaiUra="60" who="0" fromWho="2" sc="240,74,240,0,220,-64,290,0" />
</Scene>
<Scene>
<INIT seed="2,0,0,1,2,98" ten="314,240,156,290" oya="2" hai0="100,122,61,49,129,10,17,37,58,22,72,41,99" hai1="132,21,120,63,14,13,123,0,54,93,108,119,124" hai2="4,134,59,15,34,27,9,81,97,25,6,133,115" hai3="91,88,55,8,36,80,109,16,106,46,30,51,92"/><V101/><F115/><W71/><G71/><T77/><D122/><N who="1" m="46635" /><E0/><V94/><F4/><W84/><G106/><T95/><D37/><U85/><E119/><V78/><F59/><W68/><G68/><T128/><D10/><U66/><E108/><V103/><F34/><W42/><G109/><T48/><D77/><U29/><E132/><N who="2" m="50795" /><F103/><W74/><G30/><T23/><D72/><AGARI ba="0,0" hai="6,9,15,25,27,72,78,81,94,97,101" m="50795" machi="72" ten="30,2900,0" yaku="20,1,52,1" doraHai="98" who="2" fromWho="0" sc="314,-29,240,0,156,29,290,0" />
</Scene>
<Scene>
<INIT seed="2,1,0,2,5,7" ten="285,240,185,290" oya="2" hai0="135,133,98,91,123,113,62,63,126,46,30,85,3" hai1="34,33,41,75,103,84,112,80,87,107,71,13,124" hai2="9,2,108,47,130,27,106,59,55,83,92,101,65" hai3="66,16,64,95,38,102,1,37,17,35,115,90,50"/><V42/><F130/><W0/><G102/><T82/><D123/><U100/><E112/><V116/><F116/><W78/><G78/><T49/><D113/><U72/><E41/><V28/><F83/><W88/><G50/><T20/><D3/><U18/><E18/><V60/><F106/><W15/><G115/><T121/><D121/><U132/><E80/><V77/><F77/><W26/><G95/><N who="0" m="56703" /><D126/><U58/><E58/><V54/><F108/><W68/><G26/><N who="0" m="16711" /><D135/><U74/><E75/><V73/><F73/><W39/><G39/><T93/><D93/><U6/><E71/><V122/><F122/><W43/><G15/><T120/><D133/><U94/><E94/><V117/><F117/><W79/><G35/><T69/><D69/><U81/><E81/><V131/><F131/><W70/><G43/><N who="0" m="24799" /><D120/><U86/><E86/><V118/><F118/><W127/><G79/><AGARI ba="1,0" hai="62,63,79,82,85" m="24799,16711,56703" machi="79" ten="30,1000,0" yaku="8,1" doraHai="7" who="0" fromWho="3" sc="285,13,240,0,185,0,290,-13" />
</Scene>
<Scene>
<INIT seed="3,0,0,4,1,131" ten="298,240,185,277" oya="3" hai0="29,122,8,118,16,31,101,87,53,40,58,80,70" hai1="36,102,108,89,37,103,54,15,98,59,130,46,63" hai2="94,32,13,119,24,105,9,115,64,44,11,4,61" hai3="125,104,20,116,84,113,50,110,117,6,75,97,107"/><W66/><G113/><T52/><D70/><U93/><E108/><V39/><F115/><W48/><G75/><T1/><D118/><U85/><E130/><V91/><F119/><W109/><G6/><T42/><D122/><U112/><E112/><V43/><F105/><W132/><G66/><T100/><D1/><U127/><E127/><V41/><F41/><N who="0" m="15978" /><D8/><U19/><E46/><V121/><F121/><W90/><G97/><T3/><D3/><U38/><REACH who="1" step="1"/><E98/><REACH who="1" ten="298,230,185,277" step="2"/><V62/><F9/><AGARI ba="0,1" hai="9,15,19,36,37,38,54,59,63,85,89,93,102,103" machi="9" ten="40,2600,0" yaku="1,1,2,1,53,0" doraHai="131" doraHaiUra="95" who="1" fromWho="2" sc="298,0,230,36,185,-26,277,0" />
</Scene>
<Scene>
<INIT seed="4,0,0,2,0,128" ten="298,266,159,277" oya="0" hai0="16,41,101,112,124,59,126,120,86,43,63,135,131" hai1="52,62,102,40,21,122,97,75,117,67,50,78,87" hai2="79,90,0,70,109,32,58,130,98,100,27,24,46" hai3="26,133,115,10,99,105,17,81,116,51,12,36,29"/><T20/><D120/><U125/><E122/><V55/><F109/><W33/><G36/><T49/><D131/><U45/><E117/><V123/><F130/><W4/><G116/><T11/><D112/><U91/><E125/><N who="0" m="48233" /><D101/><U95/><E21/><V39/><F123/><W121/><G121/><T132/><D11/><U47/><E75/><V42/><F70/><W73/><G115/><T8/><D86/><U30/><E30/><V89/><F79/><W6/><G73/><T71/><D8/><U31/><E31/><V68/><F0/><W119/><G119/><T76/><D76/><U66/><E78/><V34/><F68/><W93/><G105/><T7/><D7/><U94/><REACH who="1" step="1"/><E62/><REACH who="1" ten="298,256,159,277" step="2"/><V18/><F32/><W84/><G29/><T110/><D110/><U106/><E106/><V83/><F34/><W103/><G33/><T72/><D72/><U22/><E22/><V3/><F24/><W15/><G26/><N who="0" m="14599" /><D71/><U114/><E114/><V108/><F108/><W5/><G12/><T1/><D1/><U64/><E64/><V96/><F3/><W113/><G15/><T111/><D111/><U92/><E92/><V107/><F27/><W53/><G93/><T69/><D69/><U56/><E56/><V28/><F28/><W48/><G10/><T127/><D127/><U118/><E118/><V37/><F83/><W23/><G81/><T54/><D63/><U14/><E14/><V19/><F107/><W104/><G104/><T9/><D9/><U65/><E65/><V35/><F35/><W134/><G113/><T77/><D77/><U57/><E57/><RYUUKYOKU ba="0,1" sc="298,15,256,15,159,-15,277,-15" hai0="41,43,49,54,59,132,135" hai1="40,45,47,50,52,66,67,87,91,94,95,97,102" />
</Scene>
<Scene>
<INIT seed="4,1,1,1,3,38" ten="313,271,144,262" oya="0" hai0="60,14,36,99,23,132,13,35,43,96,130,104,49" hai1="29,25,119,91,69,88,82,58,93,128,26,11,72" hai2="109,51,15,86,27,78,108,112,22,8,124,122,113" hai3="95,7,123,66,40,5,56,80,6,52,90,102,1"/><T117/><D35/><U39/><E69/><V74/><F74/><W125/><G123/><T47/><D117/><U46/><E119/><V54/><F86/><W129/><G129/><T118/><D118/><U127/><E128/><V97/><F97/><W85/><G125/><T133/><D130/><U16/><E127/><V31/><F78/><W107/><G107/><T114/><D114/><N who="2" m="44138" /><F124/><W10/><G66/><T98/><D104/><U75/><E58/><N who="2" m="33119" /><F122/><W55/><G55/><T18/><D36/><U76/><E75/><V92/><F92/><W67/><G67/><T110/><D60/><U111/><E111/><V4/><AGARI ba="1,1" hai="4,8,15,22,27,31,108,109" m="33119,44138" machi="4" ten="30,1100,0" yaku="15,1" doraHai="38" who="2" fromWho="2" sc="313,-6,271,-4,144,24,262,-4" />
</Scene>
<Scene>
<INIT seed="5,0,0,3,0,86" ten="307,267,168,258" oya="1" hai0="89,0,1,108,58,123,111,76,79,41,82,18,131" hai1="121,100,38,87,30,53,94,95,114,59,71,35,102" hai2="16,12,65,23,4,130,14,55,13,5,134,66,6" hai3="113,62,127,124,34,88,47,2,83,44,22,70,9"/><U117/><E117/><V63/><F134/><W78/><G34/><T91/><D41/><U80/><E121/><V90/><F130/><W25/><G113/><T129/><D58/><U75/><E71/><V49/><F63/><W133/><G133/><T125/><D18/><U11/><E75/><V54/><F54/><W39/><G39/><T116/><D116/><U135/><E38/><V103/><F103/><N who="1" m="39465" /><E35/><V77/><F77/><N who="0" m="29770" /><D82/><U61/><E114/><V115/><F115/><W132/><G132/><T26/><D26/><U85/><E135/><V118/><F118/><W101/><G101/><T51/><D51/><U19/><E30/><V60/><F90/><N who="0" m="34314" /><D123/><U93/><E80/><V36/><F36/><W37/><G37/><T72/><D72/><U84/><E11/><V107/><F107/><W40/><G40/><T15/><D15/><U52/><E19/><V92/><F92/><N who="1" m="23553" /><U128/><DORA hai="112" /><E128/><N who="0" m="49225" /><D125/><U20/><E20/><V43/><F43/><W10/><G127/><T64/><D64/><AGARI ba="0,0" hai="52,53,59,61,64,84,85,87" m="23553,39465" machi="64" ten="40,3900,0" yaku="8,1,54,1" doraHai="86,112" who="1" fromWho="0" sc="307,-39,267,39,168,0,258,0" />
</Scene>
<Scene>
<INIT seed="5,1,0,5,4,113" ten="268,306,168,258" oya="1" hai0="65,50,97,49,108,129,19,69,124,126,64,91,104" hai1="33,7,63,79,82,96,61,51,125,62,26,0,73" hai2="47,75,133,2,56,134,93,86,106,92,53,41,117" hai3="60,127,42,74,83,3,24,71,70,16,131,9,98"/><U48/><E125/><N who="0" m="48233" /><D108/><U46/><E96/><V102/><F75/><W31/><G131/><T135/><D129/><U22/><E33/><V81/><F2/><W11/><G127/><T29/><D29/><U66/><E66/><N who="0" m="25705" /><D69/><U111/><E111/><V44/><F106/><W132/><G132/><N who="2" m="50793" /><F102/><W55/><G42/><T100/><D135/><U121/><E121/><V45/><F41/><W58/><G9/><T5/><D5/><U10/><REACH who="1" step="1"/><E46/><REACH who="1" ten="268,296,168,258" step="2"/><V43/><F43/><W68/><G98/><T72/><D97/><U1/><E1/><V28/><F28/><AGARI ba="1,1" hai="0,7,10,22,26,28,48,51,61,62,63,73,79,82" machi="28" ten="40,12000,1" yaku="1,1,53,3" doraHai="113" doraHaiUra="59" who="1" fromWho="2" sc="268,0,296,133,168,-123,258,0" />
</Scene>
<Scene>
<INIT seed="5,2,0,1,2,27" ten="268,429,45,258" oya="1" hai0="82,61,45,7,21,125,135,87,90,92,32,79,24" hai1="66,91,0,5,104,76,73,96,103,43,31,16,64" hai2="4,25,18,62,114,81,60,22,17,41,1,33,69" hai3="28,49,10,132,110,123,54,51,133,29,50,109,106"/><U129/><E129/><V111/><F111/><N who="3" m="42507" /><G106/><T94/><D32/><U115/><E115/><V13/><F114/><W74/><G74/><T14/><D135/><N who="3" m="51785" /><G123/><T80/><D125/><U39/><E91/><V19/><F41/><W83/><G83/><T119/><D119/><U99/><E96/><V105/><F105/><W12/><G54/><T97/><D45/><N who="1" m="23807" /><E16/><AGARI ba="2,0" hai="10,12,16,28,29,49,50,51" m="51785,42507" machi="16" ten="40,8000,1" yaku="20,1,52,2,54,1" doraHai="27" who="3" fromWho="1" sc="268,0,429,-86,45,0,258,86" />
</Scene>
<Scene>
<INIT seed="6,0,0,5,5,31" ten="268,343,45,344" oya="2" hai0="110,87,39,112,27,131,52,42,49,20,64,28,90" hai1="109,113,0,51,48,80,135,15,21,32,69,132,91" hai2="98,54,46,101,125,118,82,45,66,67,44,71,13" hai3="8,78,77,103,126,61,123,6,1,119,127,73,100"/><V4/><F118/><W36/><G36/><T94/><D110/><U37/><E0/><V86/><F125/><N who="3" m="47627" /><G123/><T115/><D64/><U81/><E37/><V70/><F70/><W22/><G119/><T65/><D65/><U55/><E69/><V133/><F133/><N who="1" m="51273" /><E109/><V60/><F67/><W130/><G130/><T85/><D131/><U29/><E113/><N who="0" m="43593" /><D39/><U97/><E97/><V2/><F2/><W17/><G61/><T9/><D9/><U75/><E91/><V7/><F54/><W18/><G18/><T41/><D87/><U40/><E40/><V47/><N who="2" m="11264" /><DORA hai="3" /><V11/><F98/><W34/><G34/><T99/><D85/><U117/><E75/><V114/><F114/><W121/><G121/><T56/><AGARI ba="0,0" hai="20,27,28,41,42,49,52,56,90,94,99" m="43593" machi="56" ten="30,2000,0" yaku="15,1,54,1" doraHai="31,3" who="0" fromWho="0" sc="268,20,343,-5,45,-10,344,-5" />
</Scene>
<Scene>
<INIT seed="7,0,0,1,4,48" ten="288,338,35,339" oya="3" hai0="126,119,46,35,89,92,30,26,51,65,43,18,76" hai1="57,73,95,67,45,15,39,135,79,38,27,52,134" hai2="88,106,24,69,42,91,120,78,49,87,16,13,108" hai3="23,96,56,47,8,99,28,53,34,133,66,102,75"/><W84/><G75/><T100/><D126/><U130/><E130/><V33/><F108/><W94/><G34/><T4/><D119/><U54/><E27/><V105/><F120/><W3/><G133/><N who="1" m="50698" /><E95/><V131/><F131/><W71/><G71/><T31/><D4/><U125/><E125/><V9/><F69/><W61/><G3/><T112/><D112/><U74/><E15/><V5/><F106/><W19/><G8/><T59/><D100/><U118/><E118/><V101/><F105/><W50/><G28/><T40/><D76/><U97/><E97/><V32/><F101/><W2/><G2/><T98/><D18/><U14/><E14/><V129/><F129/><W103/><G84/><T41/><D31/><U72/><E79/><V70/><F70/><W115/><G115/><T17/><D17/><U62/><E45/><V37/><F37/><AGARI ba="0,0" hai="37,38,39,52,54,57,62,67,72,73,74" m="50698" machi="37" ten="40,8000,1" yaku="20,1,52,2,54,1" doraHai="48" who="1" fromWho="2" sc="288,0,338,80,35,-80,339,0" owari="288,-11.0,418,52.0,-45,-55.0,339,14.0" />
</Scene>
</mjloggm>