<mjloggm ver="2.3"><GO type="169" lobby="0"/><UN n0="%E5%A4%AA%E3%81%8F%E3%81%AA%E3%81%84%E3%81%8A" n1="%3A%44%75%63%61%3A" n2="%E3%81%8A%E7%9F%A5%E3%82%89%E3%81%9B" n3="%E3%83%AB%E3%83%8D%E3%82%B9%E3%82%BF" dan="18,16,17,16" rate="2264.98,2102.77,2166.75,2079.02" sx="M,M,M,M"/><TAIKYOKU oya="0"/>

<Scene>
<INIT seed="0,0,0,4,0,123" ten="250,250,250,250" oya="0" hai0="84,122,45,99,107,81,24,50,21,80,64,44,41" hai1="131,73,22,2,120,31,106,23,101,11,109,46,103" hai2="67,68,100,70,76,115,111,129,28,4,12,112,71" hai3="27,42,63,9,119,15,6,10,127,78,113,66,40"/><T54/><D122/><U91/><E120/><V72/><F67/><W134/><G113/><T35/><D35/><U52/><E73/><V117/><F100/><W95/><G119/><T26/><D64/><U53/><E131/><V20/><F76/><W74/><G134/><T19/><D107/><U87/><E2/><V114/><F72/><W14/><G127/><T38/><D99/><U121/><E121/><V82/><F82/><W126/><G126/><T29/><D29/><U43/><E11/><V34/><F117/><W96/><G27/><T128/><D128/><U17/><E31/><V92/><F92/><W135/><G78/><T3/><D3/><U94/><E23/><V56/><F129/><W65/><G74/><T49/><D38/><U93/><E106/><V0/><F34/><W88/><G135/><T18/><D84/><U47/><E103/><V97/><F97/><W116/><G116/><T79/><D79/><U85/><E85/><V13/><F0/><W39/><G39/><T60/><D60/><U69/><E69/><V25/><F4/><W86/><G96/><T132/><D132/><U48/><E48/><V1/><F1/><W90/><G90/><T75/><D75/><U36/><E101/><V5/><F5/><N who="3" m="3375" /><G63/><T102/><REACH who="0" step="1"/><D102/><REACH who="0" ten="240,250,250,250" step="2"/><U62/><E62/><V58/><F114/><W125/><G125/><T130/><D130/><U8/><E87/><V57/><F115/><W61/><G61/><T32/><D32/><U7/><E36/><V124/><F112/><W133/><G133/><T37/><D37/><U98/><E98/><V33/><F124/><RYUUKYOKU ba="0,1" sc="240,15,250,-15,250,-15,250,15" hai0="18,19,21,24,26,41,44,45,49,50,54,80,81" hai3="6,10,15,40,42,65,66,86,88,95" />
</Scene>
<Scene>
<INIT seed="0,1,1,3,0,73" ten="255,235,235,265" oya="0" hai0="125,29,46,111,124,76,100,25,40,92,49,63,84" hai1="98,74,105,131,59,7,91,57,132,94,87,77,21" hai2="19,42,127,15,97,18,123,2,80,43,108,64,106" hai3="114,90,79,14,51,120,112,121,72,5,44,126,24"/><T99/><D111/><U39/><E39/><V36/><F123/><N who="3" m="47179" /><G126/><T135/><D135/><U34/><E34/><V118/><F2/><W27/><G90/><T56/><D84/><U102/><E132/><V62/><F108/><W22/><G5/><T23/><REACH who="0" step="1"/><D76/><REACH who="0" ten="245,235,235,265" step="2"/><U134/><E134/><V82/><F127/><W20/><G79/><T93/><D93/><U54/><E131/><V11/><F82/><W9/><G72/><T83/><D83/><U86/><E74/><V6/><F80/><W12/><G114/><T109/><D109/><U33/><E77/><V78/><F78/><W53/><G112/><T130/><D130/><U16/><E105/><V45/><F106/><W41/><G41/><T26/><D26/><U55/><E94/><V69/><F43/><W96/><G24/><T4/><D4/><U101/><E7/><V30/><F6/><W65/><G27/><T71/><D71/><U52/><E98/><V17/><F97/><W113/><G96/><T28/><D28/><U60/><E87/><V38/><F30/><W117/><G113/><T88/><D88/><U0/><E86/><V68/><F68/><W32/><G12/><T95/><D95/><U8/><E91/><V50/><F42/><W110/><G14/><T66/><AGARI ba="1,2" hai="23,25,29,40,46,49,56,63,66,92,99,100,124,125" machi="66" ten="30,11700,0" yaku="1,1,0,1,25,2,53,0" doraHai="73" doraHaiUra="1" who="0" fromWho="0" sc="245,140,235,-40,235,-40,265,-40" />
</Scene>
<Scene>
<INIT seed="0,2,0,5,3,46" ten="385,195,195,225" oya="0" hai0="42,49,25,48,112,71,69,85,53,34,8,78,89" hai1="91,45,122,64,62,84,103,40,102,36,14,18,59" hai2="124,24,47,119,7,109,72,107,21,20,26,116,108" hai3="1,101,27,134,87,28,120,128,75,86,60,11,63"/><T31/><D112/><U29/><E29/><V111/><F107/><W41/><G120/><T12/><D78/><U30/><E30/><V99/><F72/><W113/><G75/><T56/><D42/><U100/><E122/><V129/><F99/><W65/><G113/><T23/><D34/><U6/><E6/><V117/><F47/><W106/><G128/><T96/><D96/><U52/><E64/><V51/><F51/><W118/><G118/><T74/><D74/><U54/><E54/><V55/><F55/><W104/><G41/><T88/><D49/><U98/><E98/><V32/><F129/><W38/><G38/><T57/><D57/><U123/><E123/><V9/><F124/><W82/><G87/><T61/><D61/><U130/><E130/><V127/><F127/><W16/><G101/><T33/><D33/><U105/><E105/><V125/><F125/><W5/><G63/><T80/><REACH who="0" step="1"/><D89/><REACH who="0" ten="375,195,195,225" step="2"/><U73/><E73/><V35/><F35/><N who="3" m="20895" /><G60/><T126/><D126/><U19/><REACH who="1" step="1"/><E14/><REACH who="1" ten="375,185,195,225" step="2"/><N who="2" m="5439" /><F32/><W10/><G1/><T4/><AGARI ba="2,2" hai="4,8,12,23,25,31,48,53,56,69,71,80,85,88" machi="4" ten="20,12000,1" yaku="1,1,0,1,7,1,52,1,54,1,53,0" doraHai="46" doraHaiUra="92" who="0" fromWho="0" sc="375,146,185,-42,195,-42,225,-42" />
</Scene>
<Scene>
<INIT seed="0,3,0,1,1,79" ten="521,143,153,183" oya="0" hai0="10,25,68,100,8,22,73,28,21,94,20,75,46" hai1="45,55,41,9,27,125,60,70,124,12,115,129,92" hai2="1,6,113,4,47,114,54,33,111,49,26,122,53" hai3="107,112,66,61,58,98,36,130,35,104,99,62,24"/><T14/><D68/><U116/><E116/><V82/><F122/><W76/><G36/><T32/><D46/><U101/><E129/><V133/><F133/><W7/><G112/><T80/><D8/><U37/><E27/><V120/><F120/><W2/><G76/><T34/><D34/><U56/><E115/><V40/><F111/><W71/><G130/><T42/><D42/><U86/><E70/><V106/><F106/><W19/><G2/><T103/><D94/><U51/><E37/><V43/><F33/><W63/><G7/><T85/><D73/><U95/><E101/><V13/><F1/><W11/><G11/><T84/><D84/><U29/><E29/><V48/><F26/><W90/><G104/><T5/><REACH who="0" step="1"/><D75/><REACH who="0" ten="511,143,153,183" step="2"/><U65/><E41/><V134/><F40/><W123/><G35/><T121/><D121/><U59/><E45/><V67/><F43/><W127/><G71/><T97/><D97/><U89/><E92/><V119/><F47/><W17/><G123/><T0/><D0/><U39/><E39/><V57/><F114/><W15/><G107/><T105/><D105/><U117/><E117/><V72/><F119/><W31/><G99/><T77/><AGARI ba="3,1" hai="5,10,14,20,21,22,25,28,32,77,80,85,100,103" machi="77" ten="30,6000,0" yaku="1,1,0,1,52,1,53,0" doraHai="79" doraHaiUra="102" who="0" fromWho="0" sc="511,79,143,-23,153,-23,183,-23" />
</Scene>
<Scene>
<INIT seed="0,4,0,5,0,24" ten="590,120,130,160" oya="0" hai0="16,2,119,64,131,90,105,107,22,5,21,1,133" hai1="36,87,55,125,122,77,29,43,35,66,31,25,56" hai2="99,123,128,18,69,111,65,51,6,13,52,14,49" hai3="17,93,79,26,12,94,10,76,41,117,83,71,62"/><T38/><D119/><U130/><E122/><V95/><F123/><W54/><G117/><T78/><D38/><U80/><E130/><V134/><F128/><W27/><G41/><T91/><D131/><U33/><E125/><V103/><F111/><W104/><G104/><T19/><D78/><U73/><E73/><V53/><F134/><W72/><G79/><T82/><D82/><U39/><E66/><V46/><F6/><W124/><G124/><T37/><D37/><U28/><E36/><V47/><REACH who="2" step="1"/><F18/><REACH who="2" ten="590,120,120,160" step="2"/><W121/><G121/><T63/><D5/><U40/><E35/><V88/><F88/><W106/><G17/><T0/><D133/><U44/><REACH who="1" step="1"/><E43/><REACH who="1" ten="590,110,120,160" step="2"/><V32/><F32/><W34/><G34/><T23/><D23/><U96/><E96/><V30/><F30/><W92/><G10/><T118/><D118/><U109/><E109/><V70/><F70/><W11/><G71/><T102/><D22/><U108/><E108/><V135/><F135/><W116/><G11/><T132/><D132/><U58/><E58/><V67/><F67/><W86/><G72/><T101/><D21/><U81/><E81/><V112/><F112/><W126/><G83/><T113/><D113/><U8/><E8/><V84/><F84/><W89/><G116/><T59/><D59/><U7/><E7/><V129/><F129/><W114/><G86/><T127/><D64/><U50/><AGARI ba="4,2" hai="25,28,29,31,33,39,40,44,50,55,56,77,80,87" machi="50" ten="20,12000,2" yaku="1,1,0,1,7,1,52,3,53,0" doraHai="24" doraHaiUra="60" who="1" fromWho="1" sc="590,-64,110,152,120,-34,160,-34" />
</Scene>
<Scene>
<INIT seed="1,0,0,5,4,30" ten="526,262,86,126" oya="1" hai0="77,45,108,65,39,29,64,8,58,24,104,105,2" hai1="55,43,11,135,83,109,57,92,1,123,94,17,100" hai2="76,44,34,59,99,31,103,122,112,119,68,118,95" hai3="93,106,69,42,37,131,74,90,96,110,27,126,35"/><U33/><E123/><V13/><F68/><W60/><G74/><T121/><D77/><U84/><E135/><V15/><F122/><W4/><G4/><T127/><D58/><U18/><E43/><V78/><F112/><W10/><G10/><T0/><D65/><U62/><E109/><V23/><F78/><W125/><G110/><T28/><D28/><U36/><E36/><V7/><F76/><W134/><G134/><T52/><D64/><U102/><E33/><V50/><F59/><W61/><G131/><T32/><D121/><U63/><E63/><V89/><F103/><N who="1" m="39465" /><E1/><V54/><F15/><W87/><G42/><T132/><D108/><U6/><E6/><V79/><F79/><W70/><G37/><T91/><D132/><U47/><E47/><V73/><F73/><W71/><G106/><T3/><D39/><U120/><E120/><V25/><REACH who="2" step="1"/><F23/><REACH who="2" ten="526,262,76,126" step="2"/><W101/><G101/><T88/><D2/><U72/><E72/><V12/><F12/><W38/><G70/><T133/><D133/><U117/><E117/><V115/><F115/><W81/><G71/><T97/><D0/><U107/><E107/><V26/><F26/><W98/><G69/><T49/><D105/><U128/><E128/><V53/><F53/><W66/><G27/><T116/><D116/><U46/><E11/><AGARI ba="0,1" hai="7,11,13,25,31,34,44,50,54,89,95,99,118,119" machi="11" ten="40,5200,0" yaku="1,1,52,1,53,1" doraHai="30" doraHaiUra="9" who="2" fromWho="1" sc="526,0,262,-52,76,62,126,0" />
</Scene>
<Scene>
<INIT seed="2,0,0,4,0,51" ten="526,210,138,126" oya="2" hai0="72,120,41,25,13,99,6,74,127,22,33,40,75" hai1="57,83,48,95,73,1,111,68,31,59,86,96,18" hai2="71,26,29,84,8,5,37,123,121,78,80,65,17" hai3="34,69,132,7,104,52,39,115,3,108,53,30,97"/><V107/><F107/><W118/><RYUUKYOKU type="yao9" ba="0,0" sc="526,0,210,0,138,0,126,0" hai3="3,7,30,34,39,52,53,69,97,104,108,115,118,132" />
</Scene>
<Scene>
<INIT seed="2,1,0,2,4,133" ten="526,210,138,126" oya="2" hai0="106,75,129,83,69,3,121,122,1,41,74,105,107" hai1="20,61,117,9,64,35,36,82,101,39,53,62,26" hai2="123,2,7,76,8,90,0,23,119,88,113,85,15" hai3="38,78,109,11,132,73,79,42,116,70,96,31,65"/><V28/><F123/><N who="0" m="47114" /><D41/><U19/><E117/><V94/><F113/><W130/><G116/><T77/><D129/><U86/><E101/><V127/><F119/><W6/><G130/><T99/><D99/><U102/><E102/><V50/><F76/><W22/><G132/><T60/><D75/><U92/><E92/><V16/><F127/><W134/><G109/><T66/><AGARI ba="1,0" hai="1,3,60,66,69,74,77,83,105,106,107" m="47114" machi="66" ten="40,1500,0" yaku="23,1" doraHai="133" who="0" fromWho="0" sc="526,18,210,-5,138,-8,126,-5" />
</Scene>
<Scene>
<INIT seed="3,0,0,2,4,73" ten="544,205,130,121" oya="3" hai0="28,106,59,37,127,100,23,91,71,21,121,52,12" hai1="60,3,44,64,87,51,19,79,126,34,74,99,81" hai2="14,53,15,96,26,18,75,122,129,48,94,124,57" hai3="67,43,120,25,16,35,105,95,27,11,0,13,130"/><W86/><G105/><T29/><D71/><U119/><E126/><V17/><F124/><W109/><G120/><T62/><D37/><U89/><E119/><V38/><F38/><W55/><G43/><T102/><D121/><U47/><E3/><V32/><F122/><W118/><G118/><T101/><D106/><U92/><E34/><V125/><F125/><W113/><G113/><T56/><D127/><U82/><E19/><V72/><F129/><W7/><G130/><T93/><D59/><U131/><E131/><V70/><F70/><W84/><G109/><T50/><D62/><U5/><E5/><V24/><F75/><W10/><G67/><T133/><D133/><U42/><E47/><V49/><F72/><W68/><G68/><T8/><D23/><U30/><E30/><V36/><F36/><W98/><G55/><T31/><D21/><U108/><E108/><V65/><F65/><W20/><G10/><T45/><D45/><U97/><REACH who="1" step="1"/><E82/><REACH who="1" ten="544,195,130,121" step="2"/><V134/><F32/><W135/><G135/><T61/><D29/><U54/><E54/><V66/><F134/><W2/><G2/><T46/><D31/><U107/><E107/><V9/><F53/><W77/><G35/><T69/><D28/><U88/><E88/><V80/><F80/><N who="3" m="47119" /><G98/><T83/><D46/><U78/><E78/><V40/><F96/><W41/><G41/><T85/><D52/><U33/><E33/><V132/><F132/><W76/><G76/><T123/><D123/><U115/><E115/><V117/><F40/><W112/><G112/><T1/><D1/><U22/><E22/><RYUUKYOKU ba="0,1" sc="544,-15,195,15,130,-15,121,15" hai1="42,44,51,60,64,74,79,81,87,89,92,97,99" hai3="0,7,11,13,16,20,25,27,86,95" />
</Scene>
<Scene>
<INIT seed="3,1,1,2,4,3" ten="529,210,115,136" oya="3" hai0="100,96,56,9,88,45,73,72,29,24,108,19,74" hai1="33,55,20,43,44,25,105,126,11,127,110,79,114" hai2="46,76,40,102,62,59,23,10,13,15,83,14,7" hai3="64,37,133,93,51,119,135,113,68,75,69,122,12"/><W58/><G75/><T92/><D108/><U116/><E110/><V117/><F102/><W54/><G119/><T48/><D56/><U80/><E105/><V28/><F117/><W109/><G109/><T98/><D19/><U31/><E114/><V16/><F28/><W129/><G113/><T22/><D9/><U90/><E116/><V124/><F124/><N who="1" m="47657" /><E11/><V84/><F14/><W26/><G122/><T34/><D34/><U85/><E55/><V6/><F46/><W49/><G37/><T103/><REACH who="0" step="1"/><D98/><REACH who="0" ten="519,210,115,136" step="2"/><U115/><E115/><V5/><REACH who="2" step="1"/><F40/><AGARI ba="1,2" hai="22,24,29,40,45,48,72,73,74,88,92,96,100,103" machi="40" ten="40,8000,1" yaku="1,1,2,1,54,1,53,1" doraHai="3" doraHaiUra="18" who="0" fromWho="2" sc="519,103,210,0,115,-83,136,0" />
</Scene>
<Scene>
<INIT seed="4,0,0,0,4,134" ten="622,210,32,136" oya="0" hai0="8,126,54,120,70,24,23,110,93,85,68,20,112" hai1="115,117,75,34,52,9,129,56,6,19,57,53,25" hai2="3,76,132,7,63,27,58,55,114,119,18,80,48" hai3="127,12,111,38,71,130,108,30,124,22,29,0,39"/><T41/><D54/><U36/><E117/><V66/><F119/><W40/><G0/><T15/><D93/><U78/><E36/><V62/><F132/><W49/><G71/><T83/><D85/><U131/><E115/><V94/><F114/><W79/><G79/><T1/><D15/><U10/><E75/><V73/><F3/><W5/><G130/><N who="1" m="49674" /><E78/><V64/><F7/><W102/><G102/><T121/><D24/><U90/><E90/><V92/><F18/><N who="3" m="10567" /><G5/><T106/><D20/><N who="1" m="13471" /><E34/><V33/><F33/><W128/><G128/><T35/><D35/><U77/><E77/><V113/><F113/><W107/><G107/><T50/><D106/><U61/><E6/><V46/><REACH who="2" step="1"/><F27/><REACH who="2" ten="622,210,22,136" step="2"/><W37/><G111/><T51/><D110/><U98/><E10/><V103/><F103/><W74/><G108/><T87/><D112/><U89/><E9/><V105/><F105/><W17/><G17/><T59/><D1/><U11/><E11/><V4/><F4/><W82/><G29/><T125/><D8/><U133/><E133/><V65/><F65/><W60/><G30/><T123/><D120/><U81/><E61/><V100/><F100/><W44/><G60/><T96/><D121/><U118/><E118/><V69/><AGARI ba="0,1" hai="46,48,55,58,62,63,64,66,69,73,76,80,92,94" machi="69" ten="20,5200,0" yaku="1,1,0,1,7,1,53,1" doraHai="134" doraHaiUra="104" who="2" fromWho="2" sc="622,-26,210,-13,22,62,136,-13" />
</Scene>
<Scene>
<INIT seed="5,0,0,0,2,98" ten="596,197,84,123" oya="1" hai0="63,85,19,7,80,49,43,88,4,21,40,16,124" hai1="1,108,71,109,86,30,10,65,56,62,73,92,11" hai2="59,5,39,64,0,42,74,9,116,105,18,36,89" hai3="29,55,8,6,101,22,107,75,35,128,28,97,37"/><U44/><E73/><V123/><F123/><W61/><G35/><T13/><D124/><U34/><E71/><V2/><F116/><W104/><G75/><T54/><D63/><U48/><E34/><V57/><F74/><W20/><G37/><T46/><D19/><U132/><E132/><V26/><F0/><W113/><G113/><T66/><D66/><U76/><E30/><V17/><F42/><AGARI ba="0,0" hai="4,7,13,16,21,40,42,43,46,49,54,80,85,88" machi="42" ten="40,5200,0" yaku="8,1,54,2" doraHai="98" who="0" fromWho="2" sc="596,52,197,0,84,-52,123,0" />
</Scene>
<Scene>
<INIT seed="6,0,0,4,5,97" ten="648,197,32,123" oya="2" hai0="73,8,38,47,128,49,126,89,17,79,115,77,103" hai1="132,54,42,72,131,55,6,106,114,94,37,18,130" hai2="118,16,57,95,104,52,62,80,93,34,3,99,58" hai3="70,124,61,24,81,41,65,11,60,96,10,92,40"/><V100/><F118/><W46/><G124/><T109/><D89/><U108/><E106/><V101/><F34/><W9/><G81/><T31/><D49/><U85/><E72/><V30/><F30/><W105/><G105/><T90/><D47/><N who="1" m="24015" /><E108/><V22/><F3/><W71/><G24/><T82/><D82/><U48/><E6/><V129/><F129/><N who="1" m="49161" /><E114/><V69/><F69/><W50/><G61/><T14/><D31/><U125/><E125/><V102/><F80/><W39/><G70/><T15/><D15/><U86/><E132/><V44/><F44/><W112/><G112/><T20/><D20/><U127/><E127/><V29/><F29/><W36/><REACH who="3" step="1"/><G41/><REACH who="3" ten="648,197,32,113" step="2"/><T133/><D128/><U56/><E55/><N who="2" m="34111" /><F104/><W25/><G25/><T13/><D126/><U32/><E32/><V64/><F95/><W23/><G23/><T53/><D115/><U123/><E123/><V119/><F119/><W76/><G76/><T35/><D79/><U88/><E18/><V122/><F122/><W75/><G75/><T117/><D17/><U12/><E12/><N who="2" m="9479" /><F64/><W91/><AGARI ba="0,1" hai="9,10,11,36,39,40,46,50,60,65,71,91,92,96" machi="91" ten="30,2000,0" yaku="1,1,0,1,53,0" doraHai="97" doraHaiUra="51" who="3" fromWho="3" sc="648,-5,197,-5,32,-10,113,30" />
</Scene>
<Scene>
<INIT seed="7,0,0,4,4,113" ten="643,192,22,143" oya="3" hai0="135,84,114,50,86,87,30,58,10,70,45,3,76" hai1="103,41,28,75,44,110,112,66,117,25,21,17,106" hai2="1,43,19,122,116,40,124,14,64,126,33,2,20" hai3="52,13,35,5,81,49,109,68,133,95,98,91,72"/><W121/><G68/><T92/><D86/><U96/><E110/><V53/><F64/><W69/><G69/><T115/><D84/><U118/><E112/><V134/><F53/><W8/><G35/><T80/><D58/><U12/><E66/><V31/><F43/><W9/><G109/><T4/><D30/><U55/><E55/><V83/><F83/><W71/><G71/><T24/><D24/><U102/><E75/><V105/><F40/><W22/><G133/><T101/><D70/><U32/><REACH who="1" step="1"/><E103/><REACH who="1" ten="643,182,22,143" step="2"/><V57/><F57/><N who="3" m="32911" /><G121/><T111/><D10/><U67/><E67/><V63/><F63/><W26/><G72/><T56/><D92/><U38/><AGARI ba="0,1" hai="12,17,21,25,28,32,38,41,44,96,102,106,117,118" machi="38" ten="30,8000,1" yaku="1,1,0,1,52,2,53,1" doraHai="113" doraHaiUra="94" who="1" fromWho="1" sc="643,-20,182,90,22,-20,143,-40" owari="623,73.0,272,7.0,2,-50.0,103,-30.0" />
</Scene>
</mjloggm>