<mjloggm ver="2.3"><GO type="169" lobby="0"/><UN n0="%4D%4A%E3%81%AE%E6%9C%80%E9%AB%98%E5%B3%B0" n1="%4E%6E%31%33%34" n2="%E3%81%82%E3%81%B2%E3%82%8B%E3%81%95%E3%82%93" n3="%E5%A4%AA%E3%81%8F%E3%81%AA%E3%81%84%E3%81%8A" dan="16,16,16,18" rate="2130.98,2137.61,2081.96,2279.37" sx="M,M,M,M"/><TAIKYOKU oya="0"/>

<Scene>
<INIT seed="0,0,0,3,5,118" ten="250,250,250,250" oya="0" hai0="112,102,67,103,0,114,89,73,121,97,77,54,71" hai1="6,135,109,78,106,33,50,61,131,128,30,40,48" hai2="38,93,79,42,29,24,23,52,74,122,62,15,123" hai3="68,113,28,129,69,75,41,94,101,83,11,21,32"/><T119/><D0/><U104/><E6/><V130/><F130/><N who="1" m="49705" /><E61/><V95/><F15/><W72/><G32/><T126/><D54/><U35/><E30/><V98/><F95/><W53/><G41/><T76/><D67/><U87/><E87/><V60/><F60/><W43/><G43/><T110/><D71/><U81/><E81/><V31/><F31/><W37/><G83/><T57/><D57/><U39/><E40/><V16/><F29/><W36/><G28/><T3/><D3/><U51/><E78/><V111/><F111/><W56/><G129/><T116/><D110/><U25/><E25/><V27/><F27/><W26/><G26/><T80/><D126/><U99/><E99/><V84/><F74/><W8/><G75/><T55/><D55/><U107/><E109/><V13/><F13/><W90/><G72/><T96/><D73/><U124/><E39/><V120/><F84/><W59/><G37/><T115/><D114/><U125/><E135/><V17/><F79/><W2/><G113/><T34/><D34/><AGARI ba="0,0" hai="33,34,35,48,50,51,104,106,107,124,125" m="49705" machi="34" ten="50,6400,0" yaku="28,2,19,1" doraHai="118" who="1" fromWho="0" sc="250,-64,250,64,250,0,250,0" />
</Scene>
<Scene>
<INIT seed="1,0,0,3,3,115" ten="186,314,250,250" oya="1" hai0="113,106,129,16,22,50,41,53,100,86,27,96,48" hai1="82,7,109,122,12,126,75,92,51,28,29,31,102" hai2="13,57,37,14,61,10,121,77,52,128,84,0,111" hai3="98,15,39,6,99,118,32,70,88,3,30,68,76"/><U17/><E122/><V93/><F37/><W2/><G39/><T11/><D113/><U4/><E126/><V97/><F121/><W73/><G73/><T35/><D129/><U46/><E75/><V117/><F111/><W26/><G76/><T81/><D35/><U34/><E82/><V116/><F0/><W107/><G15/><T20/><D41/><U8/><E34/><V78/><F14/><W36/><G36/><T63/><D11/><U91/><E102/><V95/><F128/><W135/><G135/><T94/><D106/><U104/><E104/><V74/><F74/><W1/><G1/><T40/><BYE who="3" /><D40/><U105/><E105/><V65/><F95/><W71/><G71/><T125/><D125/><U55/><REACH who="1" step="1"/><E109/><REACH who="1" ten="186,304,250,250" step="2"/><V131/><F131/><W108/><G108/><T83/><D83/><U19/><E19/><V24/><F93/><W9/><G9/><T103/><D100/><U67/><E67/><V60/><F65/><W90/><G90/><T62/><D22/><U130/><E130/><V112/><F10/><W80/><G80/><T43/><D81/><UN n3="%E5%A4%AA%E3%81%8F%E3%81%AA%E3%81%84%E3%81%8A" /><U120/><E120/><V58/><F112/><W54/><G107/><T133/><D133/><U69/><E69/><V42/><F77/><W59/><G68/><T44/><REACH who="0" step="1"/><D86/><AGARI ba="0,1" hai="4,7,8,12,17,28,29,31,46,51,55,86,91,92" machi="86" ten="40,3900,0" yaku="1,1,8,1,53,0" doraHai="115" doraHaiUra="127" who="1" fromWho="0" sc="186,-39,304,49,250,0,250,0" />
</Scene>
<Scene>
<INIT seed="1,1,0,4,4,9" ten="147,353,250,250" oya="1" hai0="65,74,104,41,57,55,87,19,68,80,34,116,31" hai1="83,110,130,134,28,86,7,32,8,112,50,96,46" hai2="35,58,45,129,89,51,27,78,13,122,124,93,100" hai3="47,61,20,108,53,0,113,71,128,101,120,54,125"/><U24/><E112/><V38/><F122/><W48/><G0/><T73/><D116/><U21/><E134/><V85/><F38/><W105/><G120/><T22/><D104/><U131/><E96/><V118/><F118/><W109/><G113/><T62/><D41/><U40/><E32/><V99/><F129/><W79/><G128/><T102/><D31/><U92/><E92/><V49/><F124/><W64/><G79/><T126/><D102/><U4/><E4/><V56/><F78/><W70/><G101/><T1/><D1/><U69/><E69/><V66/><F35/><W90/><G105/><T106/><D106/><U111/><E131/><V81/><F27/><W29/><G90/><T37/><D37/><U133/><E133/><V115/><F115/><W30/><G125/><T119/><D34/><U127/><E127/><V33/><F33/><W39/><G70/><T42/><D42/><U16/><E28/><V17/><F66/><W15/><G39/><T114/><D114/><U88/><REACH who="1" step="1"/><E130/><REACH who="1" ten="147,343,250,250" step="2"/><V6/><F6/><W3/><G29/><T43/><D126/><U117/><E117/><V36/><F99/><W132/><G132/><T72/><D68/><U84/><E84/><V77/><F85/><W2/><G30/><T95/><D95/><U5/><E5/><V107/><F93/><W121/><G121/><T76/><D119/><U63/><E63/><V59/><F107/><W11/><G61/><T14/><REACH who="0" step="1"/><D43/><REACH who="0" ten="137,343,250,250" step="2"/><U98/><E98/><V26/><F100/><W25/><G71/><T75/><N who="0" m="18432" /><DORA hai="10" /><T91/><D91/><U82/><E82/><RYUUKYOKU ba="1,2" sc="137,15,343,15,250,-15,250,-15" hai0="14,19,22,55,57,62,65,76,80,87" hai1="7,8,16,21,24,40,46,50,83,86,88,110,111" />
</Scene>
<Scene>
<INIT seed="1,2,2,1,1,39" ten="152,358,235,235" oya="1" hai0="125,29,35,19,132,17,3,11,53,114,86,104,95" hai1="30,52,102,69,73,34,41,54,96,18,37,112,131" hai2="56,59,38,81,61,84,99,15,20,43,36,23,67" hai3="66,27,62,6,128,50,107,25,90,16,8,103,74"/><U57/><E112/><V7/><F38/><W124/><G74/><T10/><D104/><U93/><E73/><V71/><F99/><W85/><G128/><T22/><D114/><U100/><E69/><V28/><F28/><W47/><G124/><T78/><D35/><U1/><E1/><V106/><F106/><W129/><G129/><T94/><D3/><U70/><E70/><V13/><F71/><W33/><G103/><T51/><D29/><U109/><E109/><V135/><F135/><W111/><G107/><T58/><D132/><U75/><E75/><V134/><F134/><W32/><G111/><T82/><D125/><U91/><E54/><V55/><F43/><N who="3" m="24959" /><G6/><T116/><D116/><U98/><E98/><V108/><F36/><W110/><G33/><T42/><D42/><U5/><E5/><V119/><F119/><W127/><G32/><T49/><D49/><U122/><E122/><V118/><F118/><W117/><G127/><T4/><D4/><U80/><E80/><V2/><F2/><W105/><G105/><T113/><D113/><U64/><E64/><V97/><F97/><W0/><G110/><T83/><D83/><U44/><E131/><V77/><F108/><W12/><G117/><T14/><REACH who="0" step="1"/><D11/><REACH who="0" ten="142,358,235,235" step="2"/><U72/><E34/><V101/><F7/><W46/><G0/><T121/><D121/><U87/><E30/><V120/><F120/><W130/><G130/><T89/><D89/><U123/><E123/><V40/><F40/><W60/><G90/><T68/><D68/><U45/><E41/><V76/><F101/><W63/><G8/><RYUUKYOKU ba="2,3" sc="142,30,358,-10,235,-10,235,-10" hai0="10,14,17,19,22,51,53,58,78,82,86,94,95" />
</Scene>
<Scene>
<INIT seed="2,3,3,2,3,29" ten="172,348,225,225" oya="2" hai0="108,39,15,70,79,54,42,103,69,41,127,77,125" hai1="94,64,87,33,21,75,43,91,102,132,9,129,58" hai2="62,50,96,118,34,112,36,111,115,45,24,12,114" hai3="98,14,32,81,40,71,19,121,46,23,119,63,66"/><V2/><F2/><W74/><G119/><T30/><D103/><U133/><E75/><V126/><F118/><W101/><G121/><T93/><D30/><U47/><E33/><V84/><F36/><W113/><G113/><T51/><D93/><U72/><E72/><V20/><F126/><N who="0" m="48138" /><D15/><U68/><E68/><N who="0" m="26217" /><D108/><U76/><E76/><N who="0" m="29257" /><D39/><U124/><E102/><V52/><F111/><W13/><G74/><T8/><D8/><U55/><E9/><V48/><F12/><W31/><G14/><T16/><D16/><U49/><E124/><V86/><F34/><W4/><G31/><T97/><D97/><U60/><E21/><V95/><F50/><W61/><G32/><T25/><D25/><U135/><REACH who="1" step="1"/><E129/><REACH who="1" ten="172,338,225,225" step="2"/><V26/><F20/><W5/><G101/><T130/><D130/><U7/><E7/><V10/><F10/><W107/><G4/><T116/><D116/><U65/><AGARI ba="3,4" hai="43,47,49,55,58,60,64,65,87,91,94,132,133,135" machi="65" ten="40,8000,1" yaku="1,1,0,1,20,1,53,1" doraHai="29" doraHaiUra="59" who="1" fromWho="1" sc="172,-23,338,129,225,-43,225,-23" />
</Scene>
<Scene>
<INIT seed="3,0,0,1,4,82" ten="149,467,182,202" oya="3" hai0="90,21,94,59,56,41,103,13,39,2,89,18,52" hai1="68,35,6,127,135,7,11,67,121,88,64,25,50" hai2="33,104,93,73,107,38,81,46,23,134,108,10,115" hai3="86,112,78,131,4,91,132,55,27,110,97,47,118"/><W75/><G112/><T48/><D2/><U26/><E121/><V124/><F23/><W44/><G118/><T49/><D39/><U99/><E6/><V12/><F93/><N who="3" m="56511" /><G75/><T113/><D113/><U53/><E68/><V54/><F54/><W42/><G131/><T69/><D69/><U76/><E76/><V15/><F15/><W65/><G65/><T128/><D128/><U130/><E135/><V125/><F12/><W29/><G132/><T60/><D41/><U101/><E127/><V95/><F95/><W87/><G4/><T126/><D126/><U85/><E35/><V72/><F81/><N who="3" m="47415" /><G42/><T17/><D18/><U43/><E130/><V1/><F73/><W100/><G100/><T16/><D17/><U8/><E43/><V114/><F72/><W19/><G29/><T96/><D49/><U62/><E67/><AGARI ba="0,0" hai="13,16,21,48,52,56,59,60,67,89,90,94,96,103" machi="67" ten="30,7700,0" yaku="7,1,8,1,54,2" doraHai="82" who="0" fromWho="1" sc="149,77,467,-77,182,0,202,0" />
</Scene>
<Scene>
<INIT seed="4,0,0,1,2,76" ten="226,390,182,202" oya="0" hai0="65,85,33,62,96,15,124,99,10,125,110,5,23" hai1="108,115,22,61,74,29,120,75,117,17,80,32,25" hai2="98,131,58,91,13,7,30,68,118,31,24,27,46" hai3="82,69,109,0,45,19,116,70,132,26,34,106,72"/><T6/><D33/><U2/><E120/><V129/><F68/><W16/><G109/><T128/><D128/><N who="2" m="49226" /><F46/><W114/><G116/><T60/><D110/><U64/><E108/><V135/><F58/><W44/><G106/><T119/><D119/><U79/><E117/><V123/><F118/><W71/><G0/><T89/><D6/><U100/><E100/><V57/><F57/><W66/><G66/><T130/><D23/><U12/><E115/><V122/><F98/><W14/><G114/><T40/><D40/><U21/><E2/><V102/><F102/><W53/><G132/><T126/><D130/><U3/><E3/><V9/><F91/><W63/><G63/><N who="0" m="24107" /><D65/><U51/><E51/><V113/><F113/><W127/><G53/><T112/><D112/><U52/><E52/><V84/><F84/><W38/><G38/><T92/><AGARI ba="0,0" hai="5,10,15,85,89,92,96,99,124,125,126" m="24107" machi="92" ten="40,2100,0" yaku="18,1" doraHai="76" who="0" fromWho="0" sc="226,21,390,-7,182,-7,202,-7" />
</Scene>
<Scene>
<INIT seed="4,1,0,3,1,36" ten="247,383,175,195" oya="0" hai0="115,7,89,63,108,44,59,24,102,16,91,68,107" hai1="87,60,31,19,70,12,10,5,125,76,4,129,55" hai2="103,39,30,122,101,83,33,25,90,121,11,124,112" hai3="14,23,43,86,66,97,71,6,28,78,27,2,106"/><T98/><D68/><U94/><E31/><V93/><F112/><W79/><G2/><T8/><D115/><U132/><E132/><V126/><F11/><N who="3" m="4471" /><G106/><T38/><D108/><U117/><E117/><V113/><F113/><W69/><G69/><T26/><D44/><U84/><E125/><N who="2" m="48235" /><F83/><W47/><G71/><T64/><D38/><U116/><E87/><N who="2" m="52447" /><F39/><W37/><G37/><T42/><D42/><U111/><E55/><V51/><F51/><N who="3" m="27135" /><G66/><T127/><D127/><U80/><E116/><V123/><AGARI ba="1,0" hai="25,30,33,101,103,121,122,123" m="52447,48235" machi="123" ten="40,1500,0" yaku="18,1" doraHai="36" who="2" fromWho="2" sc="247,-8,383,-5,175,18,195,-5" />
</Scene>
<Scene>
<INIT seed="5,0,0,0,0,120" ten="239,378,193,190" oya="1" hai0="32,84,91,65,97,36,34,133,113,54,107,117,28" hai1="88,109,114,86,123,66,48,29,4,134,64,121,39" hai2="116,102,56,95,51,17,13,126,103,62,47,37,26" hai3="98,33,111,108,43,89,58,135,94,53,46,0,78"/><U5/><E39/><V7/><F116/><W119/><G0/><T83/><D36/><U41/><E114/><V129/><F37/><W73/><G33/><T71/><D117/><U77/><E77/><V118/><F118/><W93/><G119/><T52/><D133/><U125/><E125/><V10/><F129/><W1/><G1/><T44/><D44/><N who="1" m="25615" /><E134/><V130/><F130/><W22/><G135/><T105/><D34/><U106/><E106/><V67/><F126/><W11/><G11/><T74/><D74/><U18/><E29/><V69/><F69/><W30/><G73/><T92/><D107/><U25/><E123/><V124/><F124/><W49/><G78/><T60/><D113/><U99/><E99/><V81/><F81/><W128/><G128/><T85/><D85/><U16/><E109/><V14/><F26/><W8/><G8/><T19/><D19/><N who="1" m="7211" /><E25/><V9/><REACH who="2" step="1"/><F95/><REACH who="2" ten="239,378,183,190" step="2"/><W31/><G94/><T132/><D132/><U80/><E121/><V15/><F15/><W45/><G111/><T76/><D105/><U110/><E110/><V40/><AGARI ba="0,1" hai="7,9,10,13,14,17,40,47,51,56,62,67,102,103" machi="40" ten="20,5200,0" yaku="1,1,0,1,7,1,8,1,53,0" doraHai="120" doraHaiUra="21" who="2" fromWho="2" sc="239,-13,378,-26,183,62,190,-13" />
</Scene>
<Scene>
<INIT seed="6,0,0,1,2,117" ten="226,352,245,177" oya="2" hai0="102,35,52,82,113,85,126,48,97,96,46,18,112" hai1="132,131,93,26,103,67,95,23,7,58,47,72,11" hai2="129,109,2,128,38,16,81,106,44,30,59,105,6" hai3="25,115,19,94,69,100,20,79,29,87,118,70,27"/><V66/><F30/><W91/><G118/><T134/><D35/><U0/><E72/><V14/><F6/><W43/><G43/><T39/><D134/><U37/><E132/><V111/><F2/><W4/><G4/><T123/><D126/><U63/><E131/><N who="2" m="50251" /><F81/><W89/><G115/><N who="0" m="44107" /><D39/><U53/><E103/><V99/><F38/><W22/><G79/><N who="0" m="46303" /><D123/><U31/><E37/><V133/><F133/><W119/><G119/><T98/><D18/><U36/><E36/><V45/><F106/><AGARI ba="0,0" hai="46,48,52,96,97,98,102,106" m="46303,44107" machi="106" ten="30,2000,0" yaku="15,1,54,1" doraHai="117" who="0" fromWho="2" sc="226,20,352,0,245,-20,177,0" />
</Scene>
<Scene>
<INIT seed="7,0,0,4,4,71" ten="246,352,225,177" oya="3" hai0="0,105,66,113,9,68,67,2,49,85,81,33,56" hai1="88,29,111,36,90,57,42,79,89,72,45,77,47" hai2="8,60,129,100,131,50,135,97,134,121,95,16,28" hai3="17,74,11,92,63,133,69,32,54,80,124,38,4"/><W91/><G32/><T118/><D105/><U52/><E111/><V115/><F28/><W99/><G124/><T43/><D33/><U31/><E72/><V44/><F60/><W39/><G17/><T104/><D104/><U58/><E58/><V87/><F87/><W76/><G133/><N who="2" m="50697" /><F115/><W37/><G54/><T59/><D68/><U110/><E47/><V84/><F84/><W70/><REACH who="3" step="1"/><G63/><REACH who="3" ten="246,352,225,167" step="2"/><T34/><D34/><U86/><E52/><N who="2" m="29767" /><F121/><W83/><G83/><T12/><D81/><U120/><E120/><V21/><F8/><W10/><G10/><T41/><D9/><U62/><E62/><V13/><AGARI ba="0,1" hai="13,16,21,95,97,100,129,131" m="29767,50697" machi="13" ten="30,4000,0" yaku="20,1,54,2" doraHai="71" who="2" fromWho="2" sc="246,-10,352,-10,225,50,167,-20" owari="236,-16.0,342,43.0,275,8.0,147,-35.0" />
</Scene>
</mjloggm>