<mjloggm ver="2.3"><GO type="169" lobby="0"/><UN n0="%E3%82%82%E3%81%A3%E3%81%A1%E3%82%87" n1="%E9%81%8A%E8%B5%B0" n2="%E5%A4%AA%E3%81%8F%E3%81%AA%E3%81%84%E3%81%8A" n3="%E3%83%AA%E3%83%A7%E3%82%AA" dan="16,17,17,16" rate="2029.35,2165.22,2260.59,2057.06" sx="M,M,M,M"/><TAIKYOKU oya="0"/>

<Scene>
<INIT seed="0,0,0,3,3,63" ten="250,250,250,250" oya="0" hai0="19,2,99,32,94,128,29,107,110,5,36,49,10" hai1="75,27,43,97,11,37,84,60,90,59,1,0,83" hai2="3,20,47,95,4,96,98,118,35,24,89,56,127" hai3="116,113,81,132,22,68,134,38,9,109,52,23,106"/><T48/><D36/><U26/><E75/><V120/><F120/><W16/><G113/><T135/><D107/><U93/><E37/><V108/><F35/><W40/><G116/><T25/><D135/><N who="3" m="51753" /><G109/><T7/><D128/><U117/><E43/><V111/><F118/><W133/><G106/><T76/><D7/><U85/><E117/><V31/><F127/><W123/><G123/><T12/><D76/><U51/><E51/><V80/><F80/><W114/><G114/><T21/><REACH who="0" step="1"/><D110/><REACH who="0" ten="240,250,250,250" step="2"/><U86/><E1/><V102/><F4/><W8/><G133/><T67/><D67/><U115/><E115/><V82/><F3/><W122/><G122/><T126/><D126/><U124/><E124/><V78/><F78/><W74/><G38/><T6/><D6/><U61/><E0/><V44/><F111/><W15/><G40/><T79/><D79/><U91/><E83/><V69/><F82/><W41/><G41/><T125/><D125/><U33/><E33/><V17/><F108/><W88/><G74/><T112/><D112/><U70/><E91/><AGARI ba="0,1" hai="2,5,10,12,19,21,25,29,32,48,49,91,94,99" machi="91" ten="30,12000,1" yaku="1,1,7,1,24,2,53,1" doraHai="63" doraHaiUra="92" who="0" fromWho="1" sc="240,130,250,-120,250,0,250,0" />
</Scene>
<Scene>
<INIT seed="0,1,0,2,5,83" ten="370,130,250,250" oya="0" hai0="64,56,35,38,110,15,0,6,53,21,67,10,39" hai1="4,104,43,26,22,33,94,85,105,37,86,89,125" hai2="98,97,60,111,49,123,46,96,72,100,76,107,18" hai3="112,59,31,109,78,90,57,14,19,25,81,2,20"/><T91/><D35/><U47/><E33/><V70/><F123/><W8/><G109/><T44/><D110/><U113/><E125/><V82/><F111/><W36/><G90/><T128/><D128/><U130/><E130/><V84/><F18/><W131/><G131/><T93/><D39/><U134/><E134/><V12/><F12/><W115/><G36/><T127/><D127/><U13/><E113/><V30/><F30/><W119/><G119/><T120/><D120/><U106/><E13/><V114/><F114/><W66/><G59/><T27/><D0/><U108/><E108/><V122/><F122/><W40/><G40/><T69/><D69/><U41/><E41/><V77/><F77/><W54/><G66/><T75/><D75/><U16/><REACH who="1" step="1"/><E4/><REACH who="1" ten="370,120,250,250" step="2"/><V79/><F72/><W92/><G2/><T103/><D6/><U124/><E124/><V71/><F79/><W28/><G115/><T51/><D15/><U42/><E42/><V55/><REACH who="2" step="1"/><F71/><REACH who="2" ten="370,120,240,250" step="2"/><W17/><G112/><T29/><D29/><U88/><E88/><V118/><F118/><W73/><G31/><T121/><D91/><U132/><E132/><V52/><F52/><W74/><G28/><T65/><D53/><U101/><E101/><V99/><F99/><AGARI ba="1,2" hai="16,22,26,37,43,47,85,86,89,94,99,104,105,106" machi="99" ten="40,8000,1" yaku="1,1,52,2,54,1,53,0" doraHai="83" doraHaiUra="50" who="1" fromWho="2" sc="370,0,120,103,240,-83,250,0" />
</Scene>
<Scene>
<INIT seed="1,0,0,2,1,94" ten="370,223,157,250" oya="1" hai0="17,0,34,33,123,61,90,135,128,19,122,29,8" hai1="60,27,7,126,30,127,66,28,12,99,15,37,103" hai2="110,121,14,45,113,4,70,102,115,107,22,120,5" hai3="84,56,52,73,36,133,130,67,89,63,39,109,83"/><U98/><E37/><V71/><F45/><W96/><G109/><T124/><D90/><U18/><E7/><N who="2" m="2635" /><F110/><W85/><G130/><T77/><D77/><U106/><E28/><V91/><F91/><W125/><G133/><T81/><D81/><U10/><E15/><V114/><F14/><W59/><G125/><N who="1" m="47626" /><E106/><V40/><F40/><W108/><G108/><T3/><D29/><U112/><E103/><V51/><F51/><W21/><G73/><T104/><D104/><U65/><E112/><N who="2" m="28675" /><V64/><DORA hai="100" /><F22/><W55/><G21/><T116/><D135/><U129/><E129/><V20/><F20/><W47/><G47/><T57/><D128/><U88/><E88/><V48/><F48/><W41/><G41/><T134/><D134/><U78/><E78/><V68/><F64/><N who="1" m="24681" /><E60/><V31/><F31/><W23/><G67/><T35/><D61/><U2/><E2/><V72/><F72/><W95/><G23/><AGARI ba="0,0" hai="10,12,18,23,27,30,98,99" m="24681,47626" machi="23" ten="30,5800,0" yaku="18,1,52,2" doraHai="94,100" who="1" fromWho="3" sc="370,0,223,58,157,0,250,-58" />
</Scene>
<Scene>
<INIT seed="1,1,0,3,5,27" ten="370,281,157,192" oya="1" hai0="20,23,56,83,92,44,120,115,107,96,90,57,21" hai1="4,113,91,3,108,88,24,30,38,37,69,129,55" hai2="43,125,28,58,84,89,106,54,135,60,18,95,127" hai3="53,47,97,105,85,14,52,15,51,49,130,111,9"/><U2/><E113/><V29/><F106/><W133/><G111/><T134/><D115/><U124/><E69/><V79/><F135/><W10/><G133/><T98/><D120/><U78/><E108/><V70/><F43/><W5/><G130/><T75/><D75/><U72/><E129/><V34/><F34/><W100/><G85/><T26/><D83/><U126/><E55/><V36/><F36/><W114/><G114/><T112/><D112/><U64/><E64/><V63/><F79/><W35/><G35/><T93/><D44/><U22/><E78/><V6/><F6/><W50/><REACH who="3" step="1"/><G53/><REACH who="3" ten="370,281,157,182" step="2"/><T32/><D32/><U1/><E72/><V19/><F127/><N who="1" m="48681" /><E4/><AGARI ba="1,1" hai="4,5,9,10,14,15,47,49,50,51,52,97,100,105" machi="4" ten="30,7700,0" yaku="1,1,7,1,9,1,54,1,53,0" doraHai="27" doraHaiUra="25" who="3" fromWho="1" sc="370,0,281,-80,157,0,182,90" />
</Scene>
<Scene>
<INIT seed="2,0,0,3,4,131" ten="370,201,157,272" oya="2" hai0="116,124,6,62,130,88,32,100,91,95,1,16,108" hai1="12,57,109,106,113,75,121,98,73,8,122,87,66" hai2="92,36,110,20,11,125,19,0,30,21,33,93,86" hai3="56,94,82,27,103,112,77,45,65,46,29,135,72"/><V17/><F36/><W40/><G112/><T133/><D32/><U132/><E113/><V134/><F125/><W23/><G40/><T41/><D41/><U25/><E109/><V127/><F127/><W61/><REACH who="3" step="1"/><G135/><REACH who="3" ten="370,201,157,262" step="2"/><T55/><D133/><U105/><E132/><V9/><F134/><W70/><G70/><T43/><D43/><U28/><E122/><V59/><F110/><W118/><G118/><T2/><D116/><U31/><E121/><V89/><F33/><W78/><G78/><T97/><D108/><U68/><E68/><V119/><F119/><W69/><G69/><T14/><D124/><U128/><E128/><V123/><F123/><W37/><G37/><T22/><D130/><U51/><E75/><V5/><F30/><W67/><G67/><T111/><D111/><U76/><E73/><V85/><F59/><W79/><G79/><T117/><D117/><U44/><E66/><V18/><REACH who="2" step="1"/><F11/><REACH who="2" ten="370,201,147,262" step="2"/><W54/><G54/><T52/><D55/><U90/><E57/><V96/><F96/><AGARI ba="0,2" hai="23,27,29,45,46,56,61,65,72,77,82,94,96,103" machi="96" ten="40,8000,1" yaku="1,1,25,2,53,1" doraHai="131" doraHaiUra="104" who="3" fromWho="2" sc="370,0,201,0,147,-80,262,100" />
</Scene>
<Scene>
<INIT seed="3,0,0,2,3,31" ten="370,201,67,362" oya="3" hai0="97,108,86,112,21,55,98,0,38,84,37,117,27" hai1="70,11,122,129,46,48,94,95,74,121,101,44,85" hai2="35,54,66,110,58,2,126,78,103,113,124,13,91" hai3="56,39,8,115,12,81,18,125,49,41,93,132,107"/><W57/><G107/><T62/><D0/><U6/><E74/><V4/><F113/><W96/><G115/><T68/><D68/><U3/><E70/><V22/><F110/><W72/><G39/><T102/><D98/><U73/><E73/><V67/><F2/><W87/><G72/><T76/><D117/><U111/><E111/><V104/><F78/><N who="3" m="46519" /><G132/><T10/><D10/><U119/><E119/><V65/><F91/><N who="3" m="55359" /><G125/><N who="2" m="48233" /><F103/><W63/><G63/><T51/><D102/><U135/><E135/><V9/><F22/><W90/><G90/><T36/><D62/><U30/><E101/><V14/><F104/><W53/><G41/><T69/><D21/><U1/><E95/><V116/><F116/><W40/><G40/><T88/><D37/><U106/><E106/><V99/><F99/><W16/><G57/><T60/><D38/><U77/><E94/><V28/><F14/><W26/><G26/><T20/><D27/><U89/><E77/><V130/><F130/><W123/><G123/><T45/><D76/><U42/><E129/><V23/><F23/><W32/><G32/><T43/><D20/><U5/><E122/><V15/><F15/><W100/><G100/><T133/><D112/><U127/><E121/><V118/><F118/><W34/><G34/><T75/><D133/><U128/><E127/><V29/><F35/><W83/><G83/><T52/><D108/><U50/><E128/><V131/><F131/><W19/><AGARI ba="0,0" hai="8,12,16,18,19,49,53,56" m="55359,46519" machi="19" ten="30,3000,0" yaku="8,1,54,1" doraHai="31" who="3" fromWho="3" sc="370,-10,201,-10,67,-10,362,30" />
</Scene>
<Scene>
<INIT seed="3,1,0,4,1,74" ten="360,191,57,392" oya="3" hai0="8,113,93,24,46,34,47,132,88,116,54,91,67" hai1="23,104,55,96,42,48,95,17,102,76,92,79,135" hai2="35,22,101,49,100,85,45,80,53,7,114,128,11" hai3="82,87,62,75,29,57,10,121,59,43,63,41,97"/><W83/><G121/><T81/><D116/><U133/><E42/><V58/><F35/><W124/><G124/><T89/><D132/><N who="1" m="50763" /><E104/><V90/><F128/><W111/><G29/><T99/><D67/><U30/><E30/><V38/><F114/><W0/><G75/><T78/><D34/><U105/><E105/><V4/><F38/><W86/><G97/><T32/><D32/><U12/><E95/><V50/><F22/><W51/><G10/><T61/><D24/><U15/><E12/><V13/><REACH who="2" step="1"/><F7/><REACH who="2" ten="360,191,47,392" step="2"/><W52/><G111/><T123/><D113/><U71/><E71/><V72/><F72/><W33/><G33/><T40/><D123/><U5/><E5/><V37/><F37/><W31/><G31/><T117/><D117/><U18/><E18/><V73/><F73/><W77/><G0/><T98/><D8/><U26/><E26/><V39/><F39/><W9/><G9/><T60/><D40/><AGARI ba="1,1" hai="4,11,13,40,45,49,50,53,58,80,85,90,100,101" machi="40" ten="30,3900,0" yaku="1,1,7,1,8,1,53,0" doraHai="74" doraHaiUra="103" who="2" fromWho="0" sc="360,-42,191,0,47,52,392,0" />
</Scene>
<Scene>
<INIT seed="4,0,0,0,5,1" ten="318,191,99,392" oya="0" hai0="5,131,26,99,31,4,117,30,39,48,78,110,119" hai1="51,27,122,73,111,57,32,123,3,2,132,79,21" hai2="42,12,47,107,130,69,37,127,86,128,112,94,29" hai3="18,103,34,28,17,13,43,58,74,19,0,23,62"/><T118/><D39/><U71/><E32/><V7/><F107/><W61/><G74/><T56/><D78/><U114/><E71/><V60/><F112/><W100/><G0/><T101/><D131/><N who="2" m="50218" /><F29/><W126/><G34/><T75/><D75/><U134/><E111/><V55/><F127/><W25/><G43/><T124/><D124/><U85/><E73/><V54/><F94/><W65/><G126/><T11/><D11/><U44/><E114/><V115/><F86/><W72/><G72/><T33/><D31/><U82/><E2/><V83/><F83/><W104/><G104/><T121/><D121/><U64/><E3/><V113/><F55/><W9/><G62/><T10/><D10/><U20/><E123/><V92/><F92/><W125/><G125/><T133/><D133/><N who="1" m="51307" /><E122/><V24/><F24/><W14/><REACH who="3" step="1"/><G28/><REACH who="3" ten="318,191,99,382" step="2"/><T16/><D110/><U66/><E51/><V96/><F113/><W38/><G38/><T40/><D119/><U88/><E66/><N who="2" m="41159" /><F115/><W46/><G46/><T93/><D118/><U89/><E44/><V70/><F54/><W35/><G35/><T76/><D33/><U84/><E64/><V41/><F41/><W36/><G36/><T135/><D40/><U80/><E57/><V8/><F70/><W68/><G68/><T90/><D117/><U120/><E120/><V81/><F37/><W116/><G116/><T53/><D135/><U105/><E105/><V22/><F42/><W50/><G50/><T77/><D48/><U97/><E27/><V59/><F47/><W95/><G95/><AGARI ba="0,1" hai="20,21,79,80,82,84,85,88,89,95,97" m="51307" machi="95" ten="30,2000,0" yaku="20,1,54,1" doraHai="1" who="1" fromWho="3" sc="318,0,191,30,99,0,382,-20" />
</Scene>
<Scene>
<INIT seed="5,0,0,4,4,58" ten="318,221,99,362" oya="1" hai0="24,122,85,125,53,65,79,109,100,81,11,70,92" hai1="68,19,46,77,97,75,43,16,27,37,12,8,60" hai2="6,135,103,111,40,17,62,130,121,98,91,52,104" hai3="39,30,116,78,13,119,128,55,45,107,110,86,28"/><U115/><E115/><V101/><F111/><W117/><G107/><T95/><D109/><U50/><E75/><V118/><F118/><W54/><G110/><T72/><D125/><U47/><E77/><V113/><F121/><W48/><G128/><T80/><D100/><U22/><E97/><V131/><F103/><W99/><G99/><T93/><D53/><U49/><REACH who="1" step="1"/><E46/><REACH who="1" ten="318,211,99,362" step="2"/><V3/><F113/><W25/><G45/><T1/><D79/><U34/><E34/><V64/><F131/><W126/><G78/><T41/><D72/><U88/><E88/><V69/><F130/><W9/><G117/><T36/><D122/><U23/><E23/><V31/><F91/><W129/><G119/><T35/><D35/><U15/><E15/><V120/><F120/><W114/><G13/><T82/><D85/><U10/><E10/><V63/><F98/><W2/><G9/><T90/><D11/><U108/><E108/><V71/><F101/><W14/><G86/><T18/><D90/><U38/><E38/><V21/><F21/><W102/><G14/><T29/><D36/><U4/><E4/><V20/><F20/><W133/><G39/><T89/><D89/><U112/><E112/><V106/><F6/><W105/><G116/><T67/><D81/><U84/><E84/><V132/><F132/><W33/><G133/><T56/><D82/><U0/><E0/><V61/><F135/><W44/><G2/><T66/><D80/><U42/><E42/><V5/><F40/><W32/><G114/><T87/><D41/><U7/><E7/><V124/><F5/><RYUUKYOKU ba="0,1" sc="318,-10,211,30,99,-10,362,-10" hai1="8,12,16,19,22,27,37,43,47,49,50,60,68" />
</Scene>
<Scene>
<INIT seed="5,1,1,4,5,135" ten="308,241,89,352" oya="1" hai0="81,54,66,65,89,55,63,9,92,36,120,117,121" hai1="67,75,60,44,10,12,73,61,91,4,109,104,80" hai2="122,103,53,6,125,38,124,45,133,7,51,134,20" hai3="48,46,13,32,96,37,97,22,29,119,11,41,0"/><U90/><E104/><V39/><F103/><W101/><G0/><T114/><D36/><N who="2" m="13866" /><F20/><W111/><G32/><T1/><D117/><U76/><E75/><V112/><F122/><N who="0" m="47210" /><D81/><U87/><E109/><V2/><F112/><W21/><G111/><T128/><D114/><U24/><E24/><V127/><F2/><W27/><G37/><T88/><D89/><U115/><E115/><V52/><F53/><N who="0" m="19978" /><D63/><U18/><E61/><V72/><F72/><W31/><G119/><T49/><D49/><U35/><E35/><V15/><F15/><W50/><G50/><T84/><D128/><U83/><E91/><V16/><F16/><N who="3" m="8255" /><G101/><T110/><D110/><U23/><E60/><V86/><F86/><W105/><G105/><T42/><D42/><U100/><E100/><V79/><F79/><W30/><G21/><T58/><D58/><U59/><E59/><V78/><F78/><W94/><G94/><T98/><D84/><U102/><E102/><V132/><AGARI ba="1,1" hai="6,7,45,51,52,124,125,127,132,133,134" m="13866" machi="132" ten="50,12000,2" yaku="18,1,20,1,52,3,54,1" doraHai="135" who="2" fromWho="2" sc="308,-31,241,-61,89,133,352,-31" />
</Scene>
<Scene>
<INIT seed="6,0,0,3,3,45" ten="277,180,222,321" oya="2" hai0="13,116,127,16,36,43,105,10,38,115,110,100,25" hai1="49,119,19,61,21,37,17,73,93,67,113,111,68" hai2="20,112,56,55,4,29,72,78,129,63,94,34,0" hai3="64,65,27,33,40,66,133,103,60,41,62,6,12"/><V8/><F112/><W2/><G2/><T80/><D110/><U18/><E111/><V108/><F108/><W48/><G133/><T131/><D131/><U50/><E119/><V30/><F34/><W91/><G103/><T70/><D70/><U134/><E113/><V122/><F122/><W52/><G33/><T95/><D105/><U89/><E134/><V44/><F129/><W117/><G27/><T84/><D43/><N who="3" m="16457" /><G91/><T96/><D127/><U31/><E37/><V109/><F109/><W126/><G126/><T86/><D86/><U26/><REACH who="1" step="1"/><E73/><REACH who="1" ten="277,170,222,321" step="2"/><V123/><F123/><W114/><G114/><T3/><D116/><U59/><E59/><V87/><F44/><N who="3" m="27655" /><G117/><T81/><D38/><U23/><E23/><V11/><F20/><W128/><G128/><T35/><D36/><U130/><E130/><V74/><F74/><W71/><G71/><T1/><D115/><U135/><E135/><V24/><F72/><W120/><G120/><T14/><D35/><U125/><E125/><V57/><F57/><W124/><G124/><T39/><D39/><U106/><E106/><V99/><F11/><AGARI ba="0,1" hai="6,11,12,60,62,64,65,66" m="27655,16457" machi="11" ten="30,3900,0" yaku="8,1,52,1,54,1" doraHai="45" who="3" fromWho="2" sc="277,0,170,0,222,-39,321,49" />
</Scene>
<Scene>
<INIT seed="7,0,0,1,3,131" ten="277,170,183,370" oya="3" hai0="132,133,59,11,68,114,83,94,41,39,8,65,124" hai1="42,29,35,49,82,48,55,63,108,31,74,134,130" hai2="14,30,123,105,58,17,22,79,104,88,101,117,78" hai3="86,69,67,16,44,115,46,102,92,13,9,129,127"/><W113/><G129/><T106/><D106/><U80/><E108/><V100/><F117/><W73/><G73/><T47/><D114/><N who="3" m="43529" /><G127/><T36/><D36/><U90/><E130/><V37/><F37/><W109/><G109/><T54/><D83/><N who="1" m="31787" /><E74/><V33/><F123/><W87/><G102/><N who="2" m="39529" /><F33/><W38/><G92/><T116/><D94/><U85/><E35/><V71/><F71/><W75/><G75/><T107/><D107/><U103/><E103/><V21/><F104/><W118/><G118/><T5/><D124/><U125/><E125/><V52/><F88/><W97/><G97/><T81/><D81/><N who="1" m="49455" /><E134/><N who="0" m="51817" /><D5/><U25/><E25/><N who="2" m="16695" /><F105/><W93/><G93/><T72/><D72/><U12/><E12/><V119/><F119/><W6/><G6/><T112/><D112/><U50/><E42/><V53/><F53/><W89/><G38/><T62/><D116/><U27/><E27/><V32/><F32/><W111/><G111/><T10/><D68/><U0/><E0/><V98/><F98/><W19/><G69/><T4/><D4/><U43/><E43/><V51/><AGARI ba="0,0" hai="14,17,21,51,52,58,78,79" m="16695,39529" machi="51" ten="30,2000,0" yaku="8,1,54,1" doraHai="131" who="2" fromWho="2" sc="277,-5,170,-5,183,20,370,-10" owari="272,7.0,165,-33.0,203,-20.0,360,46.0" />
</Scene>
</mjloggm>