<mjloggm ver="2.3"><GO type="169" lobby="0"/><UN n0="%E3%83%92%E3%83%AB%E3%83%99%E3%83%AB%E3%83%88" n1="%E6%96%91%E7%9B%AE%56" n2="%E5%A4%AA%E3%81%8F%E3%81%AA%E3%81%84%E3%81%8A" n3="%65%69%6B%31" dan="18,17,18,17" rate="2276.20,2149.82,2281.70,2167.77" sx="M,M,M,M"/><TAIKYOKU oya="0"/>

<Scene>
<INIT seed="0,0,0,0,1,105" ten="250,250,250,250" oya="0" hai0="134,121,115,19,7,63,125,102,120,131,66,126,57" hai1="44,38,50,60,20,124,135,88,2,113,10,87,90" hai2="112,83,35,117,73,18,103,29,118,82,12,127,15" hai3="52,58,81,128,16,59,25,116,32,30,111,68,49"/><T92/><D7/><U130/><E38/><V80/><F112/><W123/><G116/><N who="2" m="44649" /><F127/><N who="0" m="48650" /><D102/><U8/><E124/><V34/><F103/><W106/><G68/><T89/><D115/><U13/><E135/><V77/><F15/><W56/><G128/><T85/><D134/><U70/><E130/><V51/><F51/><W36/><G106/><T62/><D131/><U55/><E2/><V100/><F100/><W71/><G71/><N who="0" m="42455" /><D19/><U93/><E90/><V27/><F35/><W31/><G111/><T104/><D104/><U97/><E113/><V69/><F69/><W39/><G123/><T72/><D72/><U74/><E74/><V45/><F45/><W107/><G107/><T99/><D85/><U23/><E87/><V43/><F43/><W109/><G31/><T75/><D75/><U28/><E28/><V22/><AGARI ba="0,0" hai="12,18,22,27,29,34,73,77,80,82,83" m="44649" machi="22" ten="30,2000,0" yaku="12,1,52,1" doraHai="105" who="2" fromWho="2" sc="250,-10,250,-5,250,20,250,-5" />
</Scene>
<Scene>
<INIT seed="1,0,0,3,4,80" ten="240,245,270,245" oya="1" hai0="108,50,124,81,56,125,62,53,37,36,94,40,102" hai1="25,91,109,118,4,41,92,101,134,11,112,14,85" hai2="79,17,68,7,99,20,131,59,113,87,46,43,86" hai3="12,121,15,67,93,55,83,61,123,5,70,127,111"/><U75/><E75/><V69/><F7/><W35/><G111/><T104/><D94/><U90/><E109/><V110/><F110/><W130/><G35/><T97/><D108/><U6/><E112/><V116/><F116/><W115/><G115/><T129/><D129/><U114/><E134/><V23/><F113/><W84/><G130/><T132/><D132/><U18/><E101/><V106/><F131/><W135/><G135/><T49/><D40/><U100/><E100/><V21/><F106/><W34/><G34/><T33/><D33/><U72/><E72/><V58/><F99/><W54/><G127/><N who="0" m="48715" /><D81/><U47/><E118/><V38/><F79/><W26/><G26/><T120/><D120/><U1/><E25/><V2/><F2/><W19/><G93/><T39/><AGARI ba="0,0" hai="36,37,39,49,50,53,56,62,97,102,104" m="48715" machi="39" ten="40,1500,0" yaku="18,1" doraHai="80" who="0" fromWho="0" sc="240,15,245,-7,270,-4,245,-4" />
</Scene>
<Scene>
<INIT seed="2,0,0,3,0,27" ten="255,238,266,241" oya="2" hai0="34,129,110,13,122,72,3,121,131,124,69,46,49" hai1="106,123,113,66,126,10,51,73,4,30,133,119,102" hai2="104,11,93,116,36,1,37,99,23,59,95,96,48" hai3="24,52,26,85,82,109,81,38,75,88,134,125,25"/><V2/><F104/><W31/><G38/><T16/><D69/><U64/><E73/><V79/><F116/><W0/><G0/><T47/><D72/><U56/><E133/><V83/><F23/><W118/><G118/><T101/><D3/><U42/><E126/><V87/><F48/><W62/><G125/><T35/><D101/><U44/><E123/><N who="0" m="47113" /><D124/><U130/><E113/><V132/><F59/><N who="3" m="35175" /><G75/><T76/><D76/><U78/><E78/><V127/><F127/><W86/><G109/><T70/><D70/><U58/><E102/><V94/><F132/><W19/><G19/><T40/><D47/><U22/><E106/><V63/><F63/><W112/><G112/><T14/><D14/><U5/><E5/><V65/><F65/><W114/><G114/><T61/><D61/><U105/><E105/><V117/><F117/><W12/><G12/><T50/><D50/><U80/><E119/><V103/><F2/><W8/><G8/><N who="0" m="6183" /><D110/><U100/><E100/><V115/><F115/><W60/><G60/><T107/><D107/><U120/><E120/><V92/><REACH who="2" step="1"/><F99/><REACH who="2" ten="255,238,256,241" step="2"/><W68/><G134/><T57/><D57/><N who="1" m="22123" /><E51/><V18/><F18/><W28/><G68/><T111/><D111/><U71/><E71/><V135/><F135/><W128/><G128/><AGARI ba="0,1" hai="34,35,40,46,49,128,129,131" m="6183,47113" machi="128" ten="30,2000,0" yaku="19,1,54,1" doraHai="27" who="0" fromWho="3" sc="255,30,238,0,256,0,241,-20" />
</Scene>
<Scene>
<INIT seed="3,0,0,4,4,0" ten="285,238,256,221" oya="3" hai0="128,106,93,100,73,12,42,55,58,77,85,129,86" hai1="75,66,79,24,62,25,91,54,116,10,95,108,8" hai2="109,124,41,51,78,30,57,47,23,105,16,36,61" hai3="50,26,32,92,107,21,84,11,40,120,82,17,65"/><W34/><G107/><T71/><D71/><U123/><E116/><V69/><F109/><W1/><G120/><T39/><D39/><U27/><E108/><V98/><F124/><W134/><G134/><T19/><D42/><U72/><E54/><V37/><F30/><W104/><G104/><T56/><D106/><U49/><E49/><V111/><F111/><W103/><G65/><T63/><D73/><U96/><E123/><V132/><F132/><W3/><G103/><T101/><D77/><U89/><E89/><V18/><F78/><W38/><G92/><T52/><D93/><U76/><E76/><V118/><F118/><W68/><G68/><T114/><D12/><U135/><E135/><V110/><F110/><W35/><G38/><T127/><D19/><U88/><E91/><V13/><F69/><W94/><G94/><T59/><D114/><U87/><E87/><N who="0" m="33289" /><D63/><U53/><E53/><N who="0" m="20553" /><D127/><U9/><REACH who="1" step="1"/><E79/><REACH who="1" ten="285,228,256,221" step="2"/><V122/><F122/><W31/><G50/><T14/><D14/><U6/><E6/><V131/><F36/><W22/><G1/><T7/><D7/><U29/><E29/><V125/><F37/><W115/><G3/><T20/><D20/><U4/><E4/><V99/><F125/><W112/><G22/><T15/><D15/><U83/><E83/><V60/><F13/><N who="3" m="7359" /><G40/><T126/><D126/><U97/><E97/><V119/><F23/><W117/><G117/><T2/><D2/><U133/><E133/><V90/><F119/><W113/><G21/><T33/><D33/><N who="3" m="12905" /><G82/><T121/><D121/><U44/><E44/><N who="2" m="25999" /><F99/><W67/><G84/><RYUUKYOKU ba="0,1" sc="285,10,228,10,256,-30,221,10" hai0="56,58,59,100,101,128,129" hai1="8,9,10,24,25,27,62,66,72,75,88,95,96" hai3="26,31,35,67,112,113,115" />
</Scene>
<Scene>
<INIT seed="3,1,1,3,3,1" ten="295,238,226,231" oya="3" hai0="40,32,54,131,69,44,125,49,91,22,80,102,110" hai1="77,118,100,97,58,123,42,52,120,18,73,5,51" hai2="36,20,92,117,101,27,59,95,121,43,33,68,67" hai3="126,135,62,39,61,88,109,65,98,55,45,74,17"/><W64/><G74/><T129/><D32/><U82/><E118/><V0/><F117/><W119/><G119/><T12/><D69/><U130/><E130/><N who="0" m="49673" /><D110/><U21/><E42/><V72/><F33/><W46/><G109/><T132/><D102/><U79/><E79/><V71/><F72/><W111/><G111/><T83/><D125/><U93/><REACH who="1" step="1"/><E5/><REACH who="1" ten="295,228,226,231" step="2"/><V14/><F43/><W108/><G108/><T89/><D40/><U112/><E112/><V24/><F121/><W10/><G126/><T70/><D132/><U76/><E76/><V34/><F36/><W63/><G135/><T85/><D70/><U127/><E127/><V103/><F68/><W66/><G39/><T25/><D12/><AGARI ba="1,2" hai="12,18,21,51,52,58,73,77,82,93,97,100,120,123" machi="12" ten="30,3900,0" yaku="1,1,7,1,54,1,53,0" doraHai="1" doraHaiUra="37" who="1" fromWho="0" sc="295,-42,228,62,226,0,231,0" />
</Scene>
<Scene>
<INIT seed="4,0,0,5,2,61" ten="253,290,226,231" oya="0" hai0="95,111,0,114,81,105,73,59,16,72,12,92,110" hai1="75,50,76,6,71,120,31,126,131,116,5,113,51" hai2="109,45,96,37,118,9,30,41,87,127,47,119,14" hai3="135,25,70,24,112,56,91,26,7,44,78,11,129"/><T64/><D105/><U104/><E76/><V121/><F109/><N who="0" m="41482" /><D0/><U48/><E31/><V38/><F121/><W39/><G70/><T68/><D68/><U46/><E46/><V60/><F127/><W49/><G112/><T55/><D64/><U17/><E75/><N who="0" m="28745" /><D81/><U8/><E71/><V58/><F30/><W10/><G129/><T101/><D101/><U77/><E104/><V128/><F96/><W107/><G107/><T66/><D66/><U108/><E113/><V84/><F128/><W115/><G115/><T99/><D99/><U90/><E126/><V88/><F47/><W67/><G44/><T122/><D122/><U74/><E120/><V21/><F21/><W82/><G67/><T15/><D15/><U57/><E131/><V23/><F23/><W106/><G82/><T65/><D65/><U98/><E74/><V13/><F38/><W94/><G39/><T35/><D35/><U86/><E98/><V83/><F84/><W36/><G36/><T97/><D97/><U42/><E86/><V54/><REACH who="2" step="1"/><F14/><REACH who="2" ten="253,290,216,231" step="2"/><W4/><G106/><T132/><D114/><U133/><E108/><V29/><F29/><W43/><G24/><T93/><D132/><U27/><E133/><V80/><F80/><W62/><G26/><T22/><D92/><U53/><E27/><V130/><F130/><W34/><G25/><T134/><D134/><U124/><E124/><V32/><F32/><W33/><G135/><T89/><D89/><U102/><E90/><V117/><F117/><W18/><G34/><T1/><D1/><N who="1" m="47" /><E116/><V63/><F63/><AGARI ba="0,1" hai="12,16,22,55,59,63,93,95" m="28745,41482" machi="63" ten="30,2900,0" yaku="10,1,54,1" doraHai="61" who="0" fromWho="2" sc="253,39,290,0,216,-29,231,0" />
</Scene>
<Scene>
<INIT seed="4,1,0,3,5,65" ten="292,290,187,231" oya="0" hai0="108,38,87,11,59,18,133,105,101,7,104,103,36" hai1="123,132,69,60,62,113,119,31,37,30,73,109,68" hai2="124,4,110,50,45,5,55,0,54,33,25,106,121" hai3="43,122,28,48,64,9,47,100,53,74,13,56,80"/><T95/><D133/><U88/><E73/><V2/><F110/><W107/><G122/><T134/><D134/><U71/><E132/><V102/><F121/><W84/><G74/><T40/><D18/><U17/><E37/><V97/><F124/><W86/><G64/><T8/><D59/><U130/><E109/><V90/><F90/><W20/><G107/><T41/><D95/><U75/><E75/><V61/><F54/><W89/><G100/><T32/><D87/><U78/><E78/><V15/><F61/><W118/><G118/><T126/><D108/><U112/><E123/><V85/><F85/><W3/><G3/><T111/><D111/><U92/><E130/><V1/><REACH who="2" step="1"/><F15/><REACH who="2" ten="292,290,177,231" step="2"/><W44/><G86/><T24/><D126/><U91/><E119/><V52/><F52/><W10/><G13/><T94/><D40/><U82/><E82/><V39/><F39/><W12/><G12/><T76/><D41/><U66/><E66/><V96/><F96/><W116/><G116/><T23/><D38/><U120/><E120/><V83/><F83/><W128/><G128/><T16/><D36/><U22/><E60/><V21/><F21/><W115/><G43/><T114/><D23/><U58/><E91/><V79/><F79/><W99/><G99/><T51/><D76/><U98/><E112/><V26/><F26/><N who="3" m="16455" /><G115/><T14/><D24/><N who="1" m="14415" /><E113/><V49/><F49/><W125/><G125/><T135/><D51/><U127/><E127/><V34/><F34/><W6/><G9/><T29/><D114/><U77/><E77/><V46/><F46/><N who="3" m="17451" /><G10/><N who="0" m="3627" /><D135/><U129/><E129/><RYUUKYOKU ba="1,1" sc="292,-30,290,10,177,10,231,10" hai1="30,31,58,62,68,69,71,88,92,98" hai2="0,1,2,4,5,25,33,45,50,55,97,102,106" hai3="6,48,53,56,80,84,89" />
</Scene>
<Scene>
<INIT seed="5,2,1,5,2,77" ten="262,300,187,241" oya="1" hai0="97,49,91,36,35,134,123,21,84,105,81,14,37" hai1="107,108,70,1,15,99,50,83,135,121,29,8,132" hai2="59,45,12,17,78,33,19,126,128,13,31,117,60" hai3="46,40,100,67,109,80,92,82,115,112,9,53,90"/><U55/><E70/><V4/><F117/><W24/><G109/><T87/><D35/><U122/><E108/><V71/><F71/><W64/><G100/><T114/><D134/><N who="1" m="51243" /><E29/><V106/><F106/><W58/><G9/><T129/><D114/><N who="3" m="43561" /><G24/><T6/><D129/><U44/><E1/><V20/><F128/><W94/><G67/><T11/><D123/><U18/><E83/><N who="3" m="31786" /><G90/><T57/><D87/><U98/><E98/><V61/><F78/><W23/><G23/><T104/><D21/><U76/><E76/><V63/><F33/><W68/><G64/><T86/><D86/><U25/><E25/><V39/><F4/><W22/><G22/><T88/><D91/><U56/><E99/><V120/><F120/><N who="1" m="46185" /><E107/><V16/><F31/><W10/><G68/><T133/><D133/><U119/><E119/><V74/><F20/><W85/><G85/><T69/><D69/><U131/><E131/><V66/><F12/><W38/><G10/><T51/><D97/><U95/><E95/><V32/><F32/><W3/><G3/><T118/><D118/><U0/><E0/><V28/><F28/><W30/><G30/><T43/><D105/><U5/><E5/><V27/><F27/><W62/><AGARI ba="2,1" hai="38,40,46,53,58,62,92,94" m="31786,43561" machi="62" ten="30,7900,0" yaku="15,1,52,3" doraHai="77" who="3" fromWho="3" sc="262,-22,300,-41,187,-22,241,95" />
</Scene>
<Scene>
<INIT seed="6,0,0,5,1,116" ten="240,259,165,336" oya="2" hai0="44,71,65,42,129,126,58,38,114,99,103,108,9" hai1="35,54,90,118,49,96,22,109,68,7,81,98,123" hai2="66,119,13,34,74,59,16,45,6,37,36,88,124" hai3="55,53,26,12,19,18,130,41,27,83,79,80,29"/><V110/><F119/><W131/><G41/><T33/><D33/><U63/><E35/><V97/><F74/><W122/><G122/><T32/><D32/><U1/><E123/><V61/><F34/><W135/><G12/><T84/><D108/><U47/><E7/><V89/><F110/><W25/><G29/><T2/><D84/><U125/><E1/><V24/><F124/><W60/><G60/><T75/><D75/><U23/><E125/><V62/><F24/><W30/><G30/><T86/><D86/><U105/><E118/><V50/><F6/><W10/><G10/><T70/><D114/><U106/><E106/><V95/><F62/><W5/><G5/><T117/><D117/><U82/><E82/><N who="3" m="31274" /><G79/><T48/><D129/><N who="3" m="49161" /><G135/><T20/><D20/><U101/><E109/><V113/><F113/><W93/><G93/><T115/><D115/><U8/><E8/><N who="2" m="6183" /><F37/><W111/><G111/><T127/><D9/><U107/><E107/><V72/><F36/><W4/><G4/><T40/><D2/><U112/><E112/><V57/><F72/><W17/><AGARI ba="0,0" hai="17,18,19,25,26,27,53,55" m="49161,31274" machi="17" ten="40,5200,0" yaku="28,2,19,1" doraHai="116" who="3" fromWho="3" sc="240,-13,259,-13,165,-26,336,52" />
</Scene>
<Scene>
<INIT seed="7,0,0,0,4,33" ten="227,246,139,388" oya="3" hai0="13,4,60,24,18,63,57,26,121,124,61,66,20" hai1="116,68,52,81,71,29,35,49,103,101,87,119,78" hai2="89,97,134,28,118,130,133,59,5,56,117,9,126" hai3="22,55,48,85,62,11,69,38,58,74,17,37,94"/><W40/><G74/><T104/><D104/><U105/><E35/><V36/><F36/><W82/><G11/><T95/><D121/><U1/><E1/><N who="2" m="175" /><F97/><W23/><G23/><T10/><D124/><U21/><E21/><V107/><F107/><W32/><G32/><T90/><D24/><U6/><E6/><V109/><F89/><W79/><G94/><T99/><AGARI ba="0,0" hai="4,10,13,18,20,26,57,60,61,63,66,90,95,99" machi="99" ten="20,2700,0" yaku="0,1,7,1,8,1" doraHai="33" who="0" fromWho="0" sc="227,27,246,-7,139,-7,388,-13" owari="254,5.0,239,-16.0,132,-37.0,375,48.0" />
</Scene>
</mjloggm>