<mjloggm ver="2.3"><GO type="169" lobby="0"/><UN n0="%E3%82%82%E3%82%81%E3%82%93%E3%81%AA%E3%81%A1%E3%82%83%E3%81%84" n1="%72%79%75%6D%69%74%69" n2="%E3%82%82%E3%82%84%E3%81%97%E3%82%82%E3%82%93" n3="%E5%A4%AA%E3%81%8F%E3%81%AA%E3%81%84%E3%81%8A" dan="17,16,16,18" rate="2111.62,2108.08,2118.14,2231.64" sx="M,M,F,F"/><TAIKYOKU oya="0"/>

<Scene>
<INIT seed="0,0,0,1,2,85" ten="250,250,250,250" oya="0" hai0="48,77,2,95,75,5,103,60,97,111,127,7,55" hai1="36,61,53,25,93,42,102,82,54,98,20,88,73" hai2="18,1,131,120,59,67,30,117,46,99,15,29,94" hai3="8,58,104,84,24,76,72,124,71,118,80,39,10"/><T134/><D134/><U32/><E32/><V62/><F120/><W9/><G71/><T34/><D34/><U41/><E61/><V92/><F131/><W3/><G118/><T56/><D127/><U133/><E133/><V101/><F117/><W112/><G112/><T22/><D111/><U110/><E110/><V19/><F1/><W68/><G68/><T74/><D2/><U123/><E123/><V65/><F65/><W17/><G104/><T51/><D74/><U108/><E108/><V4/><F46/><W129/><G39/><T11/><D11/><U113/><E113/><V57/><F57/><W28/><G129/><T23/><D75/><U86/><E73/><V125/><F125/><W40/><G40/><N who="1" m="15466" /><E36/><V69/><F69/><W126/><G58/><T35/><D77/><U89/><E102/><V66/><F66/><W132/><G132/><T14/><D35/><U100/><E100/><V130/><F130/><W90/><G17/><AGARI ba="0,0" hai="17,20,25,53,54,82,86,88,89,93,98" m="15466" machi="17" ten="30,7700,0" yaku="8,1,52,2,54,1" doraHai="85" who="1" fromWho="3" sc="250,0,250,77,250,0,250,-77" />
</Scene>
<Scene>
<INIT seed="1,0,0,5,1,91" ten="250,327,250,173" oya="1" hai0="115,30,96,76,123,44,59,52,127,88,56,55,14" hai1="74,101,117,38,54,20,40,113,15,83,11,28,111" hai2="58,32,134,119,94,93,112,23,9,79,128,57,107" hai3="13,104,87,42,8,75,86,12,43,21,65,103,19"/><U66/><E113/><V67/><F112/><W130/><G75/><T60/><D115/><U53/><E117/><V46/><F119/><W27/><G130/><T131/><D131/><U90/><E66/><V48/><F128/><W126/><G126/><T24/><D127/><U118/><E118/><V105/><F32/><W135/><G135/><T99/><D123/><U26/><E101/><V47/><F134/><W71/><G71/><T129/><D129/><U102/><E102/><V109/><F79/><W95/><G65/><T36/><D76/><U35/><E35/><V92/><F109/><W63/><G63/><T84/><D14/><U16/><E111/><V82/><F82/><W125/><G125/><T22/><D44/><U122/><E122/><V62/><F9/><W81/><G104/><T70/><D36/><U108/><E108/><V3/><F3/><W6/><G13/><T132/><D70/><U45/><REACH who="1" step="1"/><E74/><REACH who="1" ten="250,317,250,173" step="2"/><V25/><F105/><W124/><G124/><T2/><D132/><U18/><E18/><N who="2" m="12535" /><F107/><W51/><G103/><T77/><D2/><U17/><E17/><V73/><F73/><W121/><G121/><T69/><D69/><U61/><E61/><V68/><F68/><W100/><G100/><T114/><D114/><U116/><E116/><V50/><F58/><W133/><G133/><T4/><D59/><U37/><E37/><V98/><F98/><W89/><REACH who="3" step="1"/><G51/><AGARI ba="0,1" hai="46,47,48,50,51,57,62,67,92,93,94" m="12535" machi="51" ten="30,7700,0" yaku="8,1,52,3" doraHai="91" who="2" fromWho="3" sc="250,0,317,0,250,87,173,-77" />
</Scene>
<Scene>
<INIT seed="2,0,0,2,3,28" ten="250,317,337,96" oya="2" hai0="73,66,19,98,124,110,42,27,94,26,57,126,93" hai1="74,69,30,18,25,134,95,40,130,56,10,48,52" hai2="47,78,97,11,121,32,86,101,55,91,103,135,108" hai3="49,1,117,72,77,76,111,81,132,119,39,6,13"/><V58/><F121/><W85/><G111/><T70/><D70/><U35/><E74/><V99/><F108/><W129/><G132/><T112/><D110/><U17/><E134/><V128/><F135/><W106/><G106/><T43/><D112/><U29/><E29/><V41/><F128/><W21/><G129/><T63/><D73/><U64/><E130/><V109/><F109/><W53/><G39/><T3/><D3/><U14/><E95/><V5/><F32/><W88/><G1/><T122/><D122/><U131/><E131/><V50/><F78/><W33/><G33/><T120/><D94/><U31/><E31/><V12/><F101/><W83/><G77/><T51/><D120/><U16/><REACH who="1" step="1"/><E40/><REACH who="1" ten="250,307,337,96" step="2"/><V15/><F103/><W45/><REACH who="3" step="1"/><G21/><REACH who="3" ten="250,307,337,86" step="2"/><T75/><D126/><U62/><AGARI ba="0,2" hai="10,14,16,17,18,25,30,35,48,52,56,62,64,69" machi="62" ten="30,12000,2" yaku="1,1,2,1,0,1,52,1,54,2,53,0" doraHai="28" doraHaiUra="116" who="1" fromWho="1" sc="250,-30,307,140,337,-60,86,-30" />
</Scene>
<Scene>
<INIT seed="3,0,0,5,2,25" ten="220,447,277,56" oya="3" hai0="11,47,35,30,108,65,50,48,8,28,103,5,99" hai1="55,52,72,112,22,31,33,82,38,3,81,135,67" hai2="88,120,86,95,83,78,49,68,46,40,24,104,4" hai3="53,29,69,106,101,43,34,100,41,1,66,54,45"/><W121/><G1/><T19/><D108/><U133/><E33/><V98/><F120/><W36/><G121/><T16/><D35/><U6/><E38/><V77/><F68/><W39/><G69/><T115/><D115/><U44/><E112/><V51/><F104/><W71/><G71/><T97/><D47/><U73/><E67/><V60/><F60/><W75/><G66/><T87/><D65/><U26/><E6/><V85/><F4/><W102/><G75/><N who="1" m="28746" /><E3/><V23/><F51/><N who="0" m="19498" /><D87/><N who="2" m="33290" /><F83/><N who="1" m="31753" /><E44/><V62/><F62/><W20/><G106/><T42/><D42/><U18/><E18/><AGARI ba="0,0" hai="18,23,24,40,46,49,77,78,88,95,98" m="33290" machi="18" ten="30,2000,0" yaku="8,1,54,1" doraHai="25" who="2" fromWho="1" sc="220,0,447,-20,277,20,56,0" />
</Scene>
<Scene>
<INIT seed="4,0,0,2,1,67" ten="220,427,297,56" oya="0" hai0="10,20,77,9,53,23,135,49,121,95,68,14,48" hai1="18,28,35,27,79,114,101,55,30,78,123,41,82" hai2="59,29,37,12,64,127,51,93,91,21,116,100,119" hai3="76,17,8,90,85,33,36,15,102,106,31,70,63"/><T58/><D121/><U32/><E123/><V108/><F108/><W134/><G134/><T47/><D135/><U60/><E41/><V117/><F37/><W11/><G36/><T4/><D68/><U122/><E122/><V16/><F127/><W97/><G76/><T38/><D38/><U96/><E114/><V42/><F100/><W22/><G85/><T104/><D104/><U71/><E18/><V94/><F29/><W56/><G90/><T105/><D105/><N who="1" m="63655" /><E55/><V46/><REACH who="2" step="1"/><F91/><REACH who="2" ten="220,427,287,56" step="2"/><W6/><G31/><T7/><D77/><U118/><E79/><V43/><F43/><W120/><G120/><T40/><REACH who="0" step="1"/><D95/><REACH who="0" ten="210,427,287,56" step="2"/><U125/><E78/><V2/><F2/><AGARI ba="0,2" hai="2,4,7,9,10,14,20,23,40,47,48,49,53,58" machi="2" ten="30,5800,0" yaku="1,1,2,1,7,1,53,0" doraHai="67" doraHaiUra="126" who="0" fromWho="2" sc="210,78,427,0,287,-58,56,0" />
</Scene>
<Scene>
<INIT seed="4,1,0,0,5,32" ten="288,427,229,56" oya="0" hai0="89,27,9,104,23,35,47,93,0,110,126,58,24" hai1="19,95,111,59,56,64,5,60,130,17,78,100,49" hai2="20,2,114,62,122,75,88,84,72,103,116,131,61" hai3="63,132,108,57,1,45,41,91,74,26,69,96,22"/><T80/><D104/><U42/><E130/><V3/><F122/><W120/><G108/><T54/><D110/><U76/><E111/><V21/><F131/><W79/><G120/><T39/><D126/><U10/><E100/><V11/><F103/><W36/><G132/><T127/><D127/><U125/><E125/><V16/><F114/><W68/><G79/><T14/><D80/><U40/><E95/><V124/><F124/><W87/><G74/><T128/><D35/><U51/><E10/><V71/><F116/><W34/><G34/><T117/><D117/><U135/><E135/><V37/><F37/><W109/><G109/><T43/><D128/><U66/><E5/><V13/><F21/><W86/><G1/><T7/><D23/><U123/><E123/><V44/><F44/><W92/><G68/><T12/><D24/><U106/><E106/><V118/><F118/><W73/><G69/><T25/><D25/><U97/><E97/><V101/><F101/><W105/><G73/><T102/><D27/><U4/><E4/><V113/><F113/><W38/><G38/><T81/><D81/><U28/><E60/><N who="2" m="23147" /><F71/><W50/><G36/><T70/><D102/><U18/><REACH who="1" step="1"/><E19/><REACH who="1" ten="288,417,229,56" step="2"/><V121/><F121/><W46/><G105/><T85/><REACH who="0" step="1"/><D70/><REACH who="0" ten="278,417,229,56" step="2"/><U112/><E112/><V6/><F11/><W48/><G92/><T33/><D33/><U77/><E77/><V65/><F88/><W90/><G90/><T55/><D55/><U119/><E119/><V29/><F29/><AGARI ba="1,2" hai="17,18,28,29,40,42,49,51,56,59,64,66,76,78" machi="29" ten="25,12000,2" yaku="1,1,22,2,8,1,53,2" doraHai="32" doraHaiUra="53" who="1" fromWho="2" sc="278,0,417,143,229,-123,56,0" />
</Scene>
<Scene>
<INIT seed="5,0,0,2,3,80" ten="278,560,106,56" oya="1" hai0="45,51,41,85,90,115,109,78,96,5,72,74,0" hai1="68,33,40,56,81,43,101,36,82,65,114,127,125" hai2="66,7,30,46,134,69,12,104,4,135,92,132,116" hai3="29,54,23,120,18,13,16,49,24,118,38,87,35"/><U108/><E68/><V61/><F104/><W47/><G118/><T83/><D109/><U62/><E108/><V26/><F116/><W88/><G38/><T6/><D115/><U103/><E33/><V121/><F121/><W59/><G120/><T99/><D74/><U124/><E114/><V91/><F46/><W111/><G111/><T95/><D0/><U67/><E36/><V8/><F7/><W21/><G59/><T44/><D44/><U20/><E20/><V113/><F113/><W9/><G18/><T64/><D64/><U34/><E34/><V1/><F12/><W11/><G11/><T117/><D117/><U22/><E22/><V119/><F119/><W25/><G25/><T48/><D48/><U75/><E65/><V105/><F105/><W17/><G17/><T53/><D41/><N who="1" m="15947" /><E75/><V52/><F52/><W89/><G89/><T27/><D27/><U130/><E130/><V10/><F10/><W76/><G76/><T28/><D28/><U133/><E133/><V100/><F100/><AGARI ba="0,0" hai="56,62,67,81,82,100,101,103,124,125,127" m="15947" machi="100" ten="40,2000,0" yaku="18,1" doraHai="80" who="1" fromWho="2" sc="278,0,560,20,106,-20,56,0" />
</Scene>
<Scene>
<INIT seed="5,1,0,5,1,41" ten="278,580,86,56" oya="1" hai0="93,131,13,55,111,38,98,64,121,40,4,115,100" hai1="83,135,102,84,70,122,88,21,34,82,2,6,110" hai2="57,99,67,3,12,22,74,19,130,11,42,75,23" hai3="103,63,69,81,51,35,80,132,8,33,128,117,15"/><U31/><E122/><V86/><F130/><W54/><G128/><T59/><D121/><U18/><E70/><V60/><F42/><W25/><G132/><T124/><D111/><U106/><E135/><V56/><F99/><W126/><G126/><T85/><D124/><U120/><E120/><V9/><F86/><W76/><G103/><T16/><D64/><U52/><E110/><V97/><F97/><W78/><G117/><T101/><D115/><U119/><E119/><V5/><REACH who="2" step="1"/><F57/><REACH who="2" ten="278,580,76,56" step="2"/><W39/><G69/><T77/><D131/><U89/><E84/><V50/><F50/><W133/><G133/><T107/><D85/><U1/><E106/><V108/><F108/><W30/><G39/><T127/><D127/><U125/><E125/><V113/><F113/><W116/><G116/><T87/><D40/><U114/><E114/><V105/><F105/><W7/><G63/><T62/><D38/><U37/><E37/><V94/><F94/><W134/><G134/><T29/><D107/><U95/><E95/><V24/><F24/><W14/><G80/><T44/><D87/><U26/><E83/><V129/><F129/><W73/><G78/><T49/><D77/><U79/><E79/><V71/><F71/><W61/><G61/><T109/><D109/><U123/><E82/><V46/><F46/><W48/><G48/><T53/><D100/><U47/><E102/><V32/><F32/><W28/><G25/><T91/><D101/><U0/><E26/><V96/><F96/><W27/><G27/><T112/><D112/><U36/><E36/><V118/><F118/><RYUUKYOKU ba="1,1" sc="278,-10,580,-10,76,30,56,-10" hai2="3,5,9,11,12,19,22,23,56,60,67,74,75" />
</Scene>
<Scene>
<INIT seed="6,2,1,1,3,119" ten="268,570,106,46" oya="2" hai0="72,21,54,51,126,107,115,55,46,135,2,92,57" hai1="132,23,65,100,120,83,122,69,29,80,134,61,67" hai2="0,129,43,39,128,20,127,86,124,31,19,112,68" hai3="64,131,14,18,125,13,105,15,78,28,117,40,16"/><V113/><F68/><W88/><G117/><T41/><D107/><U94/><E67/><V116/><F116/><W114/><G105/><T90/><D72/><U30/><E100/><V34/><F0/><W49/><G78/><T24/><D2/><U62/><E94/><V110/><F86/><W8/><G131/><N who="2" m="50249" /><F43/><W44/><G125/><N who="2" m="48201" /><F110/><W104/><G104/><T84/><D126/><U96/><E96/><V10/><F10/><W35/><G114/><N who="2" m="44137" /><F39/><W76/><G76/><T52/><D115/><U101/><E69/><V121/><F31/><W12/><G64/><T42/><D42/><U99/><E65/><V38/><F38/><W6/><REACH who="3" step="1"/><G88/><REACH who="3" ten="268,570,106,36" step="2"/><T87/><D90/><U77/><E77/><V123/><F34/><W109/><G109/><T4/><D87/><U33/><E33/><V53/><F53/><W97/><G97/><T50/><D84/><U89/><E99/><V70/><F70/><W7/><G7/><T103/><D4/><U37/><E89/><V108/><F108/><W27/><AGARI ba="2,2" hai="6,8,12,13,14,15,16,18,27,28,35,40,44,49" machi="27" ten="30,7900,0" yaku="1,1,0,1,54,1,53,1" doraHai="119" doraHaiUra="5" who="3" fromWho="3" sc="268,-22,570,-22,106,-41,36,105" />
</Scene>
<Scene>
<INIT seed="7,0,0,0,3,28" ten="246,548,65,141" oya="3" hai0="32,70,57,35,7,121,68,37,42,124,9,97,127" hai1="71,13,117,73,77,16,118,128,125,95,100,5,134" hai2="89,123,54,55,58,6,130,86,69,15,18,50,82" hai3="38,51,56,105,49,88,14,112,114,101,48,21,11"/><W64/><G38/><T110/><D121/><U115/><E71/><N who="0" m="27177" /><D110/><U27/><E115/><N who="3" m="44074" /><G21/><T17/><D57/><U23/><E125/><N who="0" m="48201" /><D17/><U83/><E128/><V45/><F130/><W60/><G101/><T65/><D65/><U0/><E134/><V120/><F69/><W3/><G105/><T59/><D59/><U81/><E0/><V119/><F119/><N who="1" m="45577" /><E83/><V26/><F6/><N who="3" m="3447" /><G3/><N who="0" m="255" /><D97/><N who="1" m="59455" /><E5/><V62/><REACH who="2" step="1"/><F26/><AGARI ba="0,0" hai="13,16,23,26,27,73,77,81" m="59455,45577" machi="26" ten="30,2000,0" yaku="12,1,54,1" doraHai="28" who="1" fromWho="2" sc="246,0,548,20,65,-20,141,0" owari="246,5.0,568,66.0,45,-45.0,141,-26.0" />
</Scene>
</mjloggm>