<mjloggm ver="2.3"><GO type="169" lobby="0"/><UN n0="%E5%A4%AA%E3%81%8F%E3%81%AA%E3%81%84%E3%81%8A" n1="%E6%97%85%E4%BA%BA%E3%81%A1%E3%82%88%E3%81%99%E3%81%91" n2="%68%65%74" n3="%E8%A3%95%E7%BE%8E%E5%AD%90" dan="18,17,16,17" rate="2232.25,2198.51,2105.79,2177.16" sx="F,M,M,F"/><TAIKYOKU oya="0"/>

<Scene>
<INIT seed="0,0,0,1,1,3" ten="250,250,250,250" oya="0" hai0="92,84,99,122,29,95,17,80,52,40,34,28,91" hai1="19,36,120,48,49,129,26,14,97,32,128,57,118" hai2="68,4,130,109,66,39,125,55,100,96,77,74,85" hai3="37,62,13,58,113,115,102,73,75,134,16,63,112"/><T10/><D122/><U0/><E118/><V65/><F39/><W31/><G37/><T72/><D40/><U106/><E36/><V104/><F74/><W25/><G134/><T81/><D34/><U46/><E0/><V15/><F109/><W56/><G102/><T20/><D10/><U35/><E120/><V12/><F130/><W42/><G42/><T43/><D43/><U90/><E46/><V8/><F55/><W93/><G93/><T1/><D1/><U23/><E106/><V103/><F103/><W114/><N who="3" m="28672" /><DORA hai="21" /><W22/><G58/><T69/><D69/><U79/><E79/><V86/><F125/><W98/><G98/><T71/><D71/><U51/><E97/><V38/><F38/><W101/><G101/><N who="0" m="60647" /><D72/><U132/><E132/><V76/><F68/><W50/><G50/><T123/><D52/><N who="1" m="31879" /><E35/><V78/><REACH who="2" step="1"/><F15/><REACH who="2" ten="250,250,240,250" step="2"/><W54/><REACH who="3" step="1"/><G62/><REACH who="3" ten="250,250,240,240" step="2"/><T61/><D61/><U33/><E129/><V5/><F5/><W70/><G70/><T47/><D123/><U133/><E128/><V45/><F45/><W94/><G94/><T135/><D47/><U121/><E121/><V88/><F88/><W60/><G60/><T7/><D7/><U126/><E90/><V124/><F124/><W9/><AGARI ba="0,2" hai="9,13,16,22,25,31,54,56,63,73,75" m="28672" machi="9" ten="60,8000,1" yaku="1,1,0,1,52,1,54,1,53,0" doraHai="3,21" doraHaiUra="117,2" who="3" fromWho="3" sc="250,-40,250,-20,240,-20,240,100" />
</Scene>
<Scene>
<INIT seed="1,0,0,1,1,110" ten="210,230,220,340" oya="1" hai0="61,14,66,40,46,101,81,88,84,78,114,129,102" hai1="67,119,8,60,74,23,106,113,131,13,1,33,50" hai2="121,94,93,80,83,75,6,25,55,115,109,49,133" hai3="11,77,69,100,17,76,134,30,35,104,62,132,123"/><U28/><E119/><V79/><F121/><W117/><G123/><T32/><D32/><U86/><E74/><V70/><F70/><W16/><G77/><T126/><D129/><U57/><E106/><V97/><F109/><W85/><G117/><T39/><D126/><U54/><E33/><V71/><F71/><W99/><G85/><T105/><D114/><U0/><E113/><V135/><F115/><W5/><G76/><T128/><D128/><U21/><E131/><V124/><F124/><W120/><G120/><T92/><D14/><U59/><E86/><V3/><F83/><W47/><G47/><T37/><D37/><U118/><E118/><V56/><F25/><N who="3" m="18895" /><G5/><T63/><D105/><U34/><E34/><V22/><F22/><W20/><G11/><T89/><D89/><U130/><E130/><V52/><F55/><W53/><G53/><T19/><D19/><N who="3" m="7241" /><G20/><T112/><D112/><U87/><E87/><V9/><REACH who="2" step="1"/><F94/><REACH who="2" ten="210,230,210,340" step="2"/><W42/><G42/><T2/><D92/><U82/><E82/><V68/><F68/><W43/><G43/><T10/><D40/><U122/><E122/><V96/><F96/><W24/><G24/><T36/><D81/><U18/><E23/><V111/><F111/><W125/><G125/><T73/><D73/><U15/><E28/><V65/><F65/><AGARI ba="0,1" hai="62,65,69,99,100,104,132,134" m="7241,18895" machi="65" ten="30,2000,0" yaku="25,1,54,1" doraHai="110" who="3" fromWho="2" sc="210,0,230,0,210,-20,340,30" />
</Scene>
<Scene>
<INIT seed="2,0,0,2,5,44" ten="210,230,190,370" oya="2" hai0="1,102,26,77,4,3,6,8,127,38,91,25,42" hai1="35,7,113,11,2,24,57,106,134,99,52,53,63" hai2="14,87,128,83,55,50,110,47,28,12,20,71,64" hai3="66,19,101,122,115,80,67,105,118,94,43,75,39"/><V117/><F117/><W56/><G122/><T17/><D102/><U0/><E113/><V119/><F119/><W103/><G115/><T27/><D91/><U120/><E134/><V82/><F128/><W21/><G105/><T100/><D100/><U51/><E120/><V108/><F64/><W18/><G39/><T46/><D127/><U54/><E106/><V74/><F71/><W125/><G43/><T68/><D68/><U135/><E135/><V73/><F83/><W93/><G125/><T59/><D77/><U85/><E99/><V121/><F121/><W23/><G80/><T76/><D76/><U15/><E85/><V22/><F28/><W131/><G56/><T97/><D97/><U31/><E53/><V49/><F55/><W129/><REACH who="3" step="1"/><G118/><REACH who="3" ten="210,230,190,360" step="2"/><T90/><D59/><AGARI ba="0,1" hai="0,2,7,11,15,24,31,35,51,52,54,57,59,63" machi="59" ten="30,3900,0" yaku="7,1,52,1,54,1" doraHai="44" who="1" fromWho="0" sc="210,-39,230,49,190,0,360,0" />
</Scene>
<Scene>
<INIT seed="3,0,0,2,5,100" ten="171,279,190,360" oya="3" hai0="112,23,135,126,105,120,72,47,56,93,41,58,15" hai1="18,48,78,0,64,69,127,2,1,28,132,54,27" hai2="17,34,76,79,57,102,7,60,87,111,92,101,130" hai3="98,62,12,63,9,66,59,29,31,36,40,109,71"/><W123/><G123/><T134/><D120/><U38/><E38/><V99/><F111/><W46/><G109/><T125/><D72/><U3/><E127/><N who="0" m="48649" /><D93/><U35/><E132/><N who="0" m="50729" /><D112/><U110/><E110/><V86/><F34/><W8/><G8/><T104/><D15/><U124/><E124/><V81/><F7/><W94/><G9/><T52/><D23/><U73/><E18/><V74/><F17/><W43/><G12/><T114/><D114/><U129/><E3/><V118/><F74/><W77/><G77/><T42/><D58/><U107/><E78/><V67/><F79/><W103/><G43/><N who="0" m="16395" /><D47/><U20/><E20/><V11/><F92/><W39/><G39/><T96/><D96/><U84/><E73/><V25/><F99/><W24/><G24/><T80/><D80/><U5/><E27/><V65/><F25/><W75/><G75/><T22/><D22/><U50/><E1/><V88/><F81/><W108/><G108/><T90/><D90/><U45/><E45/><V53/><F88/><W106/><G94/><T97/><D97/><U91/><E91/><V19/><F57/><W14/><G14/><T68/><D68/><U33/><E69/><V89/><F89/><W10/><G10/><T128/><D128/><U131/><E2/><V82/><F130/><W117/><G71/><T85/><D85/><U61/><E0/><V95/><F86/><W32/><G98/><T21/><D21/><U116/><E131/><V44/><F95/><W16/><G46/><T119/><D119/><U26/><E129/><V51/><F118/><W37/><G117/><RYUUKYOKU ba="0,0" sc="171,30,279,-10,190,-10,360,-10" hai0="52,56,104,105" />
</Scene>
<Scene>
<INIT seed="4,1,0,5,5,0" ten="201,269,180,350" oya="0" hai0="17,12,63,4,89,37,60,112,79,62,129,117,25" hai1="92,82,128,64,103,28,43,120,111,106,80,50,2" hai2="48,68,3,127,99,40,35,78,124,132,104,75,108" hai3="7,20,134,69,100,83,110,87,73,52,133,66,109"/><T26/><D117/><U57/><E120/><V29/><F48/><W135/><G73/><T72/><D37/><U58/><E111/><V95/><F95/><W8/><G100/><T42/><D112/><U122/><E122/><V32/><F40/><W123/><G20/><T22/><D129/><U67/><E106/><V102/><F108/><W70/><G123/><T126/><D126/><U115/><E2/><V21/><F21/><W13/><G66/><T93/><D42/><U53/><E128/><V84/><F84/><W71/><G52/><T10/><D72/><U47/><E115/><V65/><F132/><W98/><G98/><T41/><D79/><AGARI ba="1,0" hai="7,8,13,69,70,71,79,83,87,109,110,133,134,135" machi="79" ten="50,3200,0" yaku="20,1,52,1" doraHai="0" who="3" fromWho="0" sc="201,-35,269,0,180,0,350,35" />
</Scene>
<Scene>
<INIT seed="5,0,0,3,2,11" ten="166,269,180,385" oya="1" hai0="89,30,116,57,106,86,17,63,99,9,10,90,50" hai1="21,41,97,84,39,49,22,52,1,27,2,107,14" hai2="42,48,81,0,74,24,66,13,7,95,20,125,126" hai3="46,18,109,129,58,114,128,67,47,45,88,73,77"/><U34/><E34/><V112/><F0/><W82/><G109/><T121/><D116/><U19/><E39/><V68/><F112/><W103/><G103/><T118/><D118/><U56/><E41/><V104/><F104/><W69/><G69/><T72/><D72/><U78/><E107/><V31/><F95/><W105/><G105/><T87/><D121/><U115/><E115/><V127/><F66/><W102/><G102/><T40/><D30/><U3/><E97/><V5/><F68/><W70/><G70/><T12/><D106/><U43/><E43/><V83/><F74/><W35/><G35/><T28/><D28/><U53/><E53/><V60/><F60/><W8/><G88/><N who="0" m="33899" /><D10/><U96/><E96/><V85/><F13/><W120/><G114/><T123/><D99/><U25/><REACH who="1" step="1"/><E22/><REACH who="1" ten="166,259,180,385" step="2"/><V32/><F32/><W15/><G120/><T91/><D123/><U135/><E135/><V92/><F42/><W16/><G128/><T119/><D119/><U113/><E113/><V6/><F127/><W111/><G129/><T117/><D117/><U51/><E51/><V94/><F48/><W38/><G38/><T23/><D23/><U36/><E36/><V76/><F126/><W110/><G67/><N who="0" m="39407" /><D91/><U133/><E133/><V37/><F37/><W122/><G122/><T64/><D64/><U44/><E44/><AGARI ba="0,1" hai="9,12,17,40,44,50,86,87" m="39407,33899" machi="44" ten="30,3900,0" yaku="8,1,52,1,54,1" doraHai="11" who="0" fromWho="1" sc="166,49,259,-39,180,0,385,0" />
</Scene>
<Scene>
<INIT seed="6,0,0,1,0,104" ten="215,220,180,385" oya="2" hai0="85,77,117,97,99,23,25,121,132,110,100,61,72" hai1="101,135,75,11,71,69,17,13,4,10,111,51,52" hai2="44,129,47,64,131,42,83,30,113,26,18,114,29" hai3="0,82,27,112,5,134,34,76,108,35,19,67,62"/><V118/><F64/><W124/><G108/><T74/><D110/><U63/><E111/><V15/><F83/><W2/><G2/><T116/><D121/><U73/><E101/><V127/><F118/><N who="0" m="45674" /><D132/><U96/><E96/><N who="0" m="36937" /><D100/><U45/><E135/><V60/><F60/><W55/><G19/><N who="0" m="12543" /><D61/><U7/><E7/><V68/><F68/><W3/><G67/><T78/><D85/><U133/><E133/><V9/><F127/><W109/><G55/><T106/><D106/><U28/><E28/><N who="2" m="10859" /><F26/><W38/><G82/><T98/><N who="0" m="36945" /><T80/><DORA hai="66" /><D80/><U48/><E63/><V65/><F65/><W6/><G62/><T41/><D41/><U128/><E128/><N who="2" m="49227" /><F42/><W8/><G27/><T21/><D21/><BYE who="0" /><U58/><E69/><V16/><F18/><W24/><G24/><T37/><D37/><U81/><E71/><V90/><F90/><W33/><G38/><T86/><D86/><U43/><REACH who="1" step="1"/><E81/><REACH who="1" ten="215,210,180,385" step="2"/><V79/><F79/><W46/><G134/><T119/><D119/><U105/><E105/><V20/><F114/><W122/><G112/><T54/><D54/><U115/><E115/><V39/><F113/><W123/><G109/><UN n0="%E5%A4%AA%E3%81%8F%E3%81%AA%E3%81%84%E3%81%8A" /><T22/><D78/><U126/><E126/><V93/><F93/><W14/><G124/><T12/><D77/><U53/><E53/><V40/><F47/><W107/><G46/><T87/><D87/><U125/><E125/><V56/><F56/><W102/><G76/><T31/><D31/><U91/><E91/><V92/><F92/><W95/><G95/><T49/><D49/><U32/><E32/><V59/><F59/><RYUUKYOKU ba="0,1" sc="215,10,210,10,180,10,385,-30" hai0="12,22,72,74" hai1="4,10,11,13,17,43,45,48,51,52,58,73,75" hai2="9,15,16,20,39,40,44" />
</Scene>
<Scene>
<INIT seed="6,1,1,0,4,107" ten="225,220,190,355" oya="2" hai0="71,85,104,43,84,123,113,87,108,3,124,70,68" hai1="119,109,0,86,115,12,92,98,24,28,36,7,14" hai2="15,111,23,106,62,48,90,16,105,127,60,76,80" hai3="82,53,6,118,61,116,39,38,81,25,97,33,74"/><V112/><F112/><W100/><G6/><T11/><D108/><U10/><E109/><V2/><F111/><W54/><G33/><T52/><D123/><U44/><E119/><V17/><F2/><W91/><G25/><T117/><D104/><U57/><E86/><V93/><F127/><W45/><G61/><T18/><D43/><U96/><E96/><V35/><F35/><W120/><G97/><T130/><D113/><U46/><E57/><V22/><F105/><W5/><G5/><T49/><D124/><U83/><E83/><V13/><F106/><W41/><G100/><T27/><D117/><U8/><E115/><V125/><F125/><W66/><G41/><T122/><D122/><U102/><E36/><V34/><F34/><W103/><G103/><T26/><D130/><U20/><REACH who="1" step="1"/><E0/><REACH who="1" ten="225,210,190,355" step="2"/><V79/><F48/><N who="3" m="28815" /><G38/><T131/><D3/><U69/><E69/><V40/><F40/><W55/><G39/><T133/><D70/><U89/><E89/><V132/><F132/><W37/><G91/><T30/><D71/><U9/><E9/><V77/><F80/><W128/><G82/><T50/><D50/><U42/><E42/><V64/><F64/><W32/><G81/><T75/><D133/><U95/><E95/><V94/><F93/><W65/><G66/><T21/><D68/><U129/><E129/><V63/><F62/><W114/><G65/><T29/><D131/><U72/><E72/><V73/><F73/><W31/><G74/><T51/><D75/><U19/><AGARI ba="1,2" hai="7,8,10,12,14,19,20,24,28,44,46,92,98,102" machi="19" ten="20,12000,2" yaku="1,1,0,1,7,1,8,1,53,2" doraHai="107" doraHaiUra="4" who="1" fromWho="1" sc="225,-31,210,143,190,-61,355,-31" />
</Scene>
<Scene>
<INIT seed="7,0,0,3,4,27" ten="194,353,129,324" oya="3" hai0="121,132,29,11,53,4,87,49,43,75,83,76,25" hai1="65,92,17,20,64,22,115,46,101,47,54,51,59" hai2="100,2,8,62,48,133,56,21,124,9,1,7,109" hai3="72,10,81,108,39,58,57,130,19,106,113,3,70"/><W77/><G70/><T15/><D132/><U78/><E115/><V119/><F109/><W63/><G113/><T38/><D121/><U102/><E78/><V123/><F119/><W42/><G108/><T110/><D110/><U134/><E134/><V69/><F133/><W116/><G106/><T31/><D75/><U35/><E35/><V52/><F123/><W91/><G130/><T125/><D125/><U5/><E5/><V97/><F124/><W37/><G37/><T105/><D105/><U107/><E107/><V99/><F21/><N who="1" m="8297" /><E17/><V104/><F97/><W67/><G116/><T34/><D31/><U40/><E92/><V114/><F114/><W0/><G91/><T94/><D94/><U74/><E74/><V93/><F104/><W111/><G111/><T86/><D86/><U16/><E16/><V85/><F85/><W122/><G122/><T12/><D53/><U55/><E55/><V88/><F100/><N who="1" m="38505" /><E40/><V90/><F90/><W50/><G39/><T89/><D38/><U23/><E23/><V129/><F129/><W118/><G118/><T126/><D126/><U135/><E135/><V44/><F69/><W36/><G36/><T82/><D82/><U73/><E73/><V28/><F28/><W128/><G128/><T96/><D89/><U112/><E112/><V131/><F131/><W61/><G19/><T14/><D96/><U18/><E18/><V41/><REACH who="2" step="1"/><F9/><REACH who="2" ten="194,353,119,324" step="2"/><W26/><G10/><T24/><D29/><U127/><E127/><V33/><F33/><W79/><G72/><N who="0" m="43399" /><D34/><U45/><AGARI ba="0,1" hai="45,46,47,51,54,59,64,65" m="38505,8297" machi="45" ten="30,1100,0" yaku="8,1" doraHai="27" who="1" fromWho="1" sc="194,-3,353,21,119,-3,324,-5" owari="191,-21.0,374,47.0,116,-38.0,319,12.0" />
</Scene>
</mjloggm>