<mjloggm ver="2.3"><GO type="169" lobby="0"/><UN n0="%E5%A4%AA%E3%81%8F%E3%81%AA%E3%81%84%E3%81%8A" n1="%E5%87%9C%E7%94%B0%E8%8E%89%E5%AD%90" n2="%E9%BA%BB%E9%9B%80%E7%89%87%E6%83%B3%E3%81%84" n3="%E5%AD%90%E4%BE%9B%E4%BC%9A%E5%93%A1" dan="17,16,16,17" rate="2239.47,2098.50,2101.77,2154.51" sx="M,F,M,M"/><TAIKYOKU oya="0"/>

<Scene>
<INIT seed="0,0,0,4,3,31" ten="250,250,250,250" oya="0" hai0="27,76,92,106,122,109,73,48,33,11,125,62,43" hai1="3,98,41,64,117,114,110,20,4,23,102,100,30" hai2="128,107,121,105,123,44,95,74,40,5,52,7,113" hai3="77,96,127,69,28,112,93,21,97,99,16,133,104"/><T78/><D106/><U0/><E117/><V82/><F95/><W67/><G112/><T12/><D122/><U42/><E114/><V129/><F40/><W13/><G127/><T75/><D125/><U108/><E30/><V59/><F44/><W29/><G133/><T68/><D109/><U35/><E98/><V46/><F46/><W130/><G130/><T56/><D68/><U2/><E2/><V1/><F59/><W60/><G104/><T85/><D48/><U120/><E64/><V57/><F57/><W134/><G134/><T81/><D43/><U124/><E124/><V26/><F26/><W83/><REACH who="3" step="1"/><G93/><REACH who="3" ten="250,250,250,240" step="2"/><T6/><D92/><U65/><E120/><V37/><F113/><W103/><G103/><T47/><D78/><U63/><E102/><V116/><F123/><W53/><G53/><T88/><D76/><U84/><E100/><V126/><F52/><W55/><G55/><T50/><D88/><U36/><E42/><V70/><F126/><W115/><G115/><T119/><D119/><U19/><E41/><V61/><F116/><W72/><AGARI ba="0,1" hai="13,16,21,28,29,60,67,69,72,77,83,96,97,99" machi="72" ten="30,7900,0" yaku="1,1,0,1,54,1,53,1" doraHai="31" doraHaiUra="18" who="3" fromWho="3" sc="250,-39,250,-20,250,-20,240,89" />
</Scene>
<Scene>
<INIT seed="1,0,0,5,1,29" ten="211,230,230,329" oya="1" hai0="66,11,28,57,87,130,38,17,44,48,7,74,36" hai1="2,106,91,21,24,73,3,116,23,5,120,71,105" hai2="125,75,98,47,95,101,90,72,49,89,81,121,65" hai3="67,88,6,19,111,56,132,43,40,55,79,110,119"/><U117/><E120/><V8/><F125/><W58/><G132/><T68/><D74/><U84/><E73/><V16/><F65/><W124/><G124/><T20/><D68/><U78/><E78/><V69/><F69/><W109/><G119/><T52/><D130/><U37/><E71/><V46/><F121/><W18/><G79/><T41/><D28/><U9/><E37/><V39/><F46/><W114/><G114/><T96/><D66/><U33/><E3/><V35/><F35/><W51/><G6/><T94/><D87/><U108/><E108/><V135/><F89/><W25/><G88/><T26/><D94/><U60/><E116/><V59/><F59/><W133/><G133/><T61/><REACH who="0" step="1"/><D96/><REACH who="0" ten="201,230,230,329" step="2"/><U1/><E84/><N who="2" m="50447" /><F135/><W14/><G67/><T54/><D54/><U30/><E30/><V50/><F72/><W128/><G128/><T83/><D83/><U92/><E117/><V102/><F75/><W15/><G111/><T42/><D42/><U100/><E105/><V45/><F95/><W70/><G70/><T107/><D107/><U85/><E106/><V10/><F98/><W113/><G55/><T32/><D32/><U134/><E33/><V77/><F77/><W0/><G110/><T118/><D118/><U93/><E93/><V99/><F99/><W127/><G109/><T97/><D97/><U131/><E92/><V76/><F76/><W63/><G127/><T82/><D82/><U104/><E104/><V64/><F64/><W126/><G126/><T4/><D4/><U112/><E134/><V22/><F102/><W53/><G43/><RYUUKYOKU ba="0,1" sc="201,30,230,-10,230,-10,329,-10" hai0="7,11,17,20,26,36,38,41,44,48,52,57,61" />
</Scene>
<Scene>
<INIT seed="2,1,1,1,4,82" ten="231,220,220,319" oya="2" hai0="105,78,20,77,133,134,45,117,108,68,81,19,8" hai1="0,73,43,83,101,55,41,16,36,104,9,103,18" hai2="54,124,112,60,26,87,10,72,106,33,79,1,69" hai3="113,125,2,71,92,110,70,28,6,38,25,42,53"/><V74/><F112/><W94/><G113/><T29/><D105/><U52/><E104/><V129/><F124/><W11/><G125/><T86/><D68/><U7/><E43/><V127/><F127/><W37/><G110/><T115/><D115/><U17/><E101/><V93/><F106/><W62/><G71/><T99/><D99/><U48/><E103/><V58/><F69/><W61/><G61/><T35/><D108/><U51/><E51/><V57/><F129/><W121/><G121/><T95/><D95/><U135/><E48/><V132/><F132/><N who="0" m="50794" /><D8/><U80/><E135/><V27/><F58/><W109/><G109/><T5/><D5/><U111/><E111/><V39/><F39/><W96/><G42/><T122/><D45/><N who="1" m="23719" /><E83/><V130/><F130/><W66/><G53/><T32/><D122/><U50/><E50/><V119/><F119/><W75/><G75/><T123/><D123/><U22/><E22/><V120/><F120/><W65/><G65/><T3/><D32/><U40/><E40/><V14/><F33/><W89/><REACH who="3" step="1"/><G94/><REACH who="3" ten="231,220,220,309" step="2"/><T97/><D117/><U13/><E55/><V15/><F93/><W12/><G12/><T49/><D3/><U118/><E118/><V31/><F1/><W34/><AGARI ba="1,2" hai="2,6,11,25,28,34,37,38,62,66,70,89,92,96" machi="34" ten="20,5200,0" yaku="1,1,0,1,7,1,53,1" doraHai="82" doraHaiUra="90" who="3" fromWho="3" sc="231,-14,220,-14,220,-27,309,75" />
</Scene>
<Scene>
<INIT seed="3,0,0,4,0,64" ten="217,206,193,384" oya="3" hai0="7,41,32,76,69,120,75,94,33,4,77,86,23" hai1="38,112,96,5,80,121,44,20,71,57,18,36,16" hai2="56,0,135,99,54,17,6,78,100,59,39,117,49" hai3="67,83,129,107,122,79,47,101,29,46,109,43,126"/><W134/><G122/><T35/><D120/><U19/><E121/><V50/><F39/><W62/><G129/><T92/><D75/><U95/><E112/><V98/><F117/><W110/><G134/><T8/><D41/><U125/><E125/><V12/><F135/><W34/><G126/><T106/><D106/><U11/><E71/><V52/><F78/><W111/><G101/><T82/><D76/><U70/><E70/><V30/><F30/><W89/><G89/><T128/><D128/><U66/><E80/><V123/><F123/><W72/><G107/><T81/><D81/><U48/><E20/><V45/><F0/><W42/><G29/><T116/><D116/><U88/><E57/><V61/><F6/><W60/><G34/><T130/><D130/><U119/><E66/><V84/><F84/><W13/><G13/><T113/><D69/><U65/><E65/><N who="2" m="39079" /><F100/><W133/><G133/><T131/><D4/><U9/><E119/><V22/><AGARI ba="0,0" hai="12,17,22,45,49,50,52,54,59,98,99" m="39079" machi="22" ten="30,2000,0" yaku="8,1,54,1" doraHai="64" who="2" fromWho="2" sc="217,-5,206,-5,193,20,384,-10" />
</Scene>
<Scene>
<INIT seed="4,0,0,0,2,35" ten="212,201,213,374" oya="0" hai0="65,111,132,24,80,49,26,58,2,121,31,57,63" hai1="21,103,1,130,85,71,16,96,97,75,13,45,94" hai2="47,7,32,56,92,125,127,81,90,39,122,29,48" hai3="88,129,87,69,28,42,73,64,43,3,25,83,78"/><T68/><D121/><U0/><E75/><V11/><F122/><W14/><G3/><T118/><D118/><U112/><E71/><V72/><F32/><W38/><G38/><T116/><D116/><U113/><E130/><V124/><F29/><W86/><G129/><T40/><D132/><U76/><E45/><V19/><F19/><W102/><G102/><T51/><D111/><U17/><E17/><V128/><F128/><W22/><G73/><T123/><D123/><U95/><E76/><V77/><F56/><W106/><G106/><T100/><D2/><U37/><E85/><V67/><F67/><W60/><REACH who="3" step="1"/><G14/><REACH who="3" ten="212,201,213,364" step="2"/><T119/><D119/><U55/><E37/><V108/><F39/><W126/><G126/><T135/><D100/><N who="1" m="60439" /><E55/><V66/><F108/><W101/><G101/><T27/><D135/><U52/><E52/><N who="2" m="29727" /><F66/><W46/><G46/><T134/><D134/><U23/><E23/><V74/><F74/><W99/><G99/><T115/><D65/><U4/><E4/><V109/><F109/><W6/><G6/><T5/><D5/><U34/><E34/><V33/><F33/><W93/><AGARI ba="0,1" hai="22,25,28,42,43,60,64,69,78,83,86,87,88,93" machi="93" ten="20,5200,0" yaku="1,1,0,1,7,1,54,1,53,0" doraHai="35" doraHaiUra="41" who="3" fromWho="3" sc="212,-26,201,-13,213,-13,364,62" />
</Scene>
<Scene>
<INIT seed="5,0,0,2,3,16" ten="186,188,200,426" oya="1" hai0="96,35,83,90,9,48,125,117,54,120,130,41,107" hai1="65,20,50,43,11,57,119,0,53,15,122,60,25" hai2="22,13,74,36,71,39,134,92,66,81,98,55,1" hai3="118,24,113,4,89,61,88,87,112,26,99,97,135"/><U19/><E122/><V133/><F1/><W101/><G135/><N who="2" m="51721" /><F55/><W46/><G118/><T131/><D117/><U84/><E119/><V109/><F109/><W79/><G4/><T110/><D110/><U77/><E0/><V86/><F74/><W104/><G46/><T102/><D35/><U72/><E72/><V103/><F66/><W85/><G61/><T5/><D41/><U111/><E111/><V8/><F71/><W129/><G129/><N who="0" m="49163" /><D120/><U124/><E124/><V32/><F32/><W69/><G69/><T40/><D40/><U82/><E43/><V132/><F22/><W123/><G123/><T52/><D125/><U18/><REACH who="1" step="1"/><E65/><REACH who="1" ten="186,178,200,426" step="2"/><V78/><F132/><W100/><G113/><T70/><D54/><U93/><E93/><V58/><F39/><W126/><G112/><T64/><D64/><U3/><E3/><V47/><F36/><W49/><G126/><T38/><D38/><U7/><E7/><V68/><F92/><W63/><G104/><T116/><D116/><U2/><E2/><V30/><F103/><W75/><G75/><T14/><D52/><U51/><AGARI ba="0,1" hai="11,15,18,19,20,25,50,51,53,57,60,77,82,84" machi="51" ten="30,11700,0" yaku="1,1,0,1,8,1,52,1,53,0" doraHai="16" doraHaiUra="108" who="1" fromWho="1" sc="186,-39,178,127,200,-39,426,-39" />
</Scene>
<Scene>
<INIT seed="5,1,0,3,2,58" ten="147,305,161,387" oya="1" hai0="89,82,1,30,112,17,120,57,91,83,81,31,42" hai1="71,38,45,121,85,55,60,78,106,61,130,107,111" hai2="13,69,34,40,7,4,79,53,101,103,44,134,11" hai3="77,54,2,8,49,18,27,25,96,73,0,36,114"/><U5/><E121/><V39/><F134/><W118/><G114/><T135/><D1/><U84/><E71/><V131/><F131/><W116/><G36/><T90/><D112/><U64/><E64/><V117/><F34/><W12/><G96/><T74/><D74/><U63/><E130/><V46/><F117/><N who="3" m="45163" /><G77/><T52/><D135/><U80/><E111/><V67/><F4/><N who="3" m="1047" /><G73/><T59/><D120/><U50/><E38/><V110/><F79/><W24/><G0/><T22/><D42/><U28/><E5/><V37/><F110/><W65/><G65/><T93/><D93/><U98/><E28/><V113/><F113/><W132/><G132/><T125/><D57/><U95/><REACH who="1" step="1"/><E85/><REACH who="1" ten="147,295,161,387" step="2"/><V119/><F119/><W32/><G32/><T88/><N who="0" m="22528" /><DORA hai="26" /><T92/><D125/><U128/><E128/><V75/><F75/><W56/><G27/><N who="0" m="14799" /><D92/><U16/><E16/><V123/><F123/><W6/><G6/><T47/><D47/><U19/><E19/><V10/><F44/><W9/><AGARI ba="1,1" hai="9,12,18,24,25,49,54,56" m="1047,45163" machi="9" ten="30,1100,0" yaku="12,1" doraHai="58,26" who="3" fromWho="3" sc="147,-4,295,-6,161,-4,387,24" />
</Scene>
<Scene>
<INIT seed="6,0,0,5,3,71" ten="143,289,157,411" oya="2" hai0="43,54,131,1,2,17,36,52,96,97,26,37,82" hai1="42,41,70,62,118,8,7,68,79,126,21,120,133" hai2="98,108,132,38,61,4,58,13,134,14,78,16,116" hai3="64,113,5,112,83,91,122,34,106,100,93,115,85"/><V30/><F116/><W57/><G122/><T44/><D131/><U72/><E118/><V130/><F130/><W119/><G119/><T18/><D82/><U102/><E120/><V32/><F108/><W110/><G110/><T24/><D44/><U89/><E102/><V6/><F78/><W12/><G34/><T80/><D80/><U127/><E79/><V101/><F32/><W28/><G28/><T20/><D20/><U92/><E72/><V33/><F30/><W9/><G106/><T88/><D43/><U125/><E133/><N who="2" m="51307" /><F13/><W77/><G100/><T105/><D88/><U95/><E21/><N who="2" m="11415" /><F33/><W90/><G93/><T99/><D99/><N who="1" m="57743" /><E95/><N who="2" m="58591" /><F38/><W65/><G91/><T63/><D63/><U29/><E29/><V69/><F69/><N who="1" m="26729" /><E62/><V124/><F124/><W50/><G77/><T27/><D27/><U22/><E22/><V135/><N who="2" m="51315" /><V67/><AGARI ba="0,0" hai="4,6,58,61,67" m="58591,11415,51315" machi="67" ten="40,7800,0" yaku="4,1,20,1,54,1" doraHai="71" who="2" fromWho="2" sc="143,-26,289,-26,157,78,411,-26" />
</Scene>
<Scene>
<INIT seed="6,1,0,2,5,24" ten="117,263,235,385" oya="2" hai0="77,117,72,19,124,60,119,36,12,88,41,84,26" hai1="37,20,17,2,45,95,108,62,50,127,115,97,87" hai2="106,129,120,91,39,134,126,80,14,40,35,3,4" hai3="53,48,47,63,42,107,104,86,31,66,125,79,68"/><V89/><F120/><W5/><G31/><T85/><D124/><U114/><E108/><V59/><F106/><W33/><G33/><T65/><D72/><U49/><E2/><V105/><F105/><W1/><G1/><T112/><D112/><N who="1" m="43051" /><E127/><V90/><F35/><W74/><G74/><T96/><D41/><N who="1" m="22703" /><E62/><V29/><F3/><W22/><G22/><T83/><D36/><U111/><E87/><V101/><F40/><W55/><G5/><T128/><D128/><U71/><E71/><V8/><F39/><N who="3" m="21983" /><G55/><T38/><D38/><U34/><E34/><V122/><F134/><W94/><G125/><T64/><D96/><U135/><E135/><V110/><F110/><W15/><G15/><T132/><D132/><U25/><E111/><V102/><F122/><W56/><G94/><T78/><D26/><U58/><E58/><V10/><F59/><W13/><G13/><T27/><D27/><U28/><E17/><V57/><F57/><W46/><G46/><T11/><D78/><U133/><E133/><V30/><F126/><W82/><AGARI ba="1,0" hai="48,53,56,63,66,68,79,82,86,104,107" m="21983" machi="82" ten="30,1100,0" yaku="24,1" doraHai="24" who="3" fromWho="3" sc="117,-4,263,-4,235,-6,385,14" />
</Scene>
<Scene>
<INIT seed="7,0,0,5,4,101" ten="113,259,229,399" oya="3" hai0="17,27,82,84,107,110,128,14,125,130,124,91,78" hai1="20,42,68,4,19,64,100,26,56,113,119,123,37" hai2="53,45,61,3,92,102,131,87,50,109,134,62,69" hai3="25,73,75,23,34,1,94,32,41,103,9,46,89"/><W54/><G103/><T76/><D27/><U66/><E123/><V6/><F109/><W38/><G54/><T63/><D63/><U0/><E68/><V72/><F72/><W18/><G75/><T129/><D14/><U39/><E113/><V10/><F131/><W90/><G73/><T115/><D17/><U127/><E127/><N who="0" m="48713" /><D110/><U47/><E37/><V99/><F134/><W96/><G90/><T43/><D43/><U81/><E4/><V21/><F69/><W65/><G65/><T132/><D115/><U122/><E0/><V77/><F77/><N who="0" m="29802" /><D107/><U30/><E19/><V71/><F71/><W126/><G126/><T120/><D120/><U118/><E122/><V44/><F44/><W83/><G18/><T22/><D22/><U31/><E31/><V79/><F21/><W2/><G23/><T36/><D36/><U88/><E64/><V106/><F106/><W93/><G25/><T135/><AGARI ba="0,0" hai="82,84,91,128,129,130,132,135" m="29802,48713" machi="135" ten="40,12000,2" yaku="30,2,19,1,18,1,34,2" doraHai="101" who="0" fromWho="0" sc="113,120,259,-30,229,-30,399,-60" owari="233,3.0,229,-17.0,199,-30.0,339,44.0" />
</Scene>
</mjloggm>