<mjloggm ver="2.3"><GO type="169" lobby="0"/><UN n0="%E6%B0%B7%E6%9F%B1" n1="%E5%A4%AA%E3%81%8F%E3%81%AA%E3%81%84%E3%81%8A" n2="%72%61%74%74%61%74%74%61" n3="%E7%B7%92%E6%96%B9%E6%99%BA%E7%B5%B5%E9%87%8C%2B" dan="17,19,17,18" rate="2178.86,2307.93,2135.90,2213.79" sx="M,F,M,M"/><TAIKYOKU oya="0"/>

<Scene>
<INIT seed="0,0,0,2,4,74" ten="250,250,250,250" oya="0" hai0="12,77,32,78,114,86,110,128,111,7,81,134,123" hai1="64,72,0,29,26,115,14,28,102,65,120,20,45" hai2="88,87,93,118,18,125,69,113,3,75,62,92,101" hai3="135,96,122,94,42,107,100,68,73,24,27,33,54"/><T126/><D114/><U89/><E0/><V30/><F113/><W2/><G2/><T97/><D123/><U16/><E115/><V57/><F69/><W41/><G135/><T60/><D134/><U17/><E120/><V63/><F3/><W131/><G131/><T23/><D128/><U22/><E72/><V104/><F125/><W121/><G27/><T34/><D126/><U51/><E102/><V116/><F75/><W8/><G8/><N who="0" m="4127" /><D23/><U56/><E89/><V61/><F30/><N who="1" m="11881" /><E56/><V59/><F104/><W11/><G33/><N who="0" m="12907" /><D97/><U44/><E44/><V129/><F129/><W40/><G96/><T52/><D60/><U109/><E109/><N who="0" m="41481" /><D52/><AGARI ba="0,0" hai="14,16,17,20,22,26,45,51,52,64,65" m="11881" machi="52" ten="30,3900,0" yaku="8,1,54,2" doraHai="74" who="1" fromWho="0" sc="250,-39,250,39,250,0,250,0" />
</Scene>
<Scene>
<INIT seed="1,0,0,1,4,133" ten="211,289,250,250" oya="1" hai0="116,65,41,59,95,70,6,51,126,117,118,121,124" hai1="34,131,12,69,63,120,67,80,66,43,17,27,42" hai2="64,24,113,123,122,15,125,0,99,49,115,46,40" hai3="129,44,110,107,18,86,4,91,73,38,98,88,82"/><U71/><E120/><V23/><F0/><W33/><G129/><T3/><D121/><U56/><E131/><V100/><F15/><W90/><G110/><T89/><D70/><U53/><E80/><V74/><F74/><W50/><G33/><T81/><D81/><U35/><E27/><V22/><F22/><W87/><G38/><T83/><D83/><U26/><E26/><V92/><F125/><N who="0" m="48234" /><D41/><U75/><E75/><V52/><F64/><W37/><G37/><T32/><D32/><U10/><E42/><V130/><F130/><W93/><G4/><T111/><D111/><U103/><E43/><V78/><F78/><W127/><G127/><T105/><D105/><U5/><E5/><V60/><F122/><W54/><G107/><T61/><D51/><U55/><E35/><V7/><F123/><W108/><G108/><T76/><D76/><U14/><E69/><V47/><F60/><W112/><G112/><T19/><D19/><U16/><E71/><V28/><REACH who="2" step="1"/><F7/><REACH who="2" ten="211,289,240,250" step="2"/><W25/><G73/><T77/><D77/><U29/><E63/><V8/><F8/><W9/><G9/><N who="0" m="2271" /><D118/><U132/><E34/><V119/><F119/><W62/><G62/><T13/><D13/><U39/><E12/><V45/><F45/><W1/><G1/><T57/><D57/><U58/><E14/><V20/><F20/><N who="3" m="13463" /><G82/><T85/><AGARI ba="0,1" hai="59,61,65,85,89,95,116,117" m="2271,48234" machi="85" ten="30,7900,0" yaku="18,1,52,3" doraHai="133" who="0" fromWho="0" sc="211,89,289,-39,240,-20,250,-20" />
</Scene>
<Scene>
<INIT seed="2,0,0,4,0,1" ten="300,250,220,230" oya="2" hai0="47,70,19,42,128,38,41,21,100,122,77,66,109" hai1="123,36,134,58,99,116,102,124,56,80,10,85,69" hai2="54,133,64,82,18,86,27,30,11,50,23,65,71" hai3="96,115,110,117,44,84,0,107,98,89,101,118,73"/><V59/><F133/><W35/><G35/><T60/><D122/><U114/><E114/><V94/><F94/><W95/><G0/><T53/><D109/><U126/><E116/><V34/><F71/><W20/><G115/><T120/><D120/><U78/><E123/><V12/><REACH who="2" step="1"/><F34/><REACH who="2" ten="300,250,210,230" step="2"/><W93/><G110/><T90/><D70/><U131/><E69/><V127/><F127/><W111/><G111/><T68/><D68/><U4/><E134/><V33/><F33/><W130/><G95/><T8/><D128/><U22/><E131/><V31/><F31/><W40/><G130/><T67/><D100/><U2/><E126/><V106/><F106/><W91/><G107/><T132/><D132/><U48/><E124/><V46/><F46/><W43/><G44/><T13/><D47/><U105/><E102/><V61/><F61/><W62/><G62/><T113/><D60/><U81/><E105/><V29/><F29/><W135/><G101/><T52/><D113/><U24/><E58/><V92/><F92/><W76/><G93/><T104/><D104/><U119/><E99/><V17/><F17/><W125/><G125/><T121/><D121/><U51/><E56/><V37/><F37/><W25/><G135/><T39/><D19/><N who="1" m="12383" /><E36/><V72/><F72/><W26/><G73/><T112/><D112/><U15/><E119/><V16/><F16/><W14/><G98/><T32/><D38/><U83/><E83/><V49/><F49/><N who="1" m="19017" /><E81/><V129/><F129/><W87/><G96/><T6/><D39/><U45/><E45/><V88/><AGARI ba="0,1" hai="11,12,18,23,27,30,50,54,59,64,65,82,86,88" machi="88" ten="20,18000,2" yaku="1,1,0,1,7,1,8,1,54,1,53,1" doraHai="1" doraHaiUra="7" who="2" fromWho="2" sc="300,-60,250,-60,210,190,230,-60" />
</Scene>
<Scene>
<INIT seed="2,1,0,5,0,38" ten="240,190,400,170" oya="2" hai0="102,14,70,61,83,82,124,17,50,11,117,81,13" hai1="45,130,46,99,80,31,109,24,5,126,71,85,92" hai2="97,116,21,122,2,54,26,33,98,90,9,34,1" hai3="58,87,37,57,63,0,106,56,41,55,77,100,36"/><V42/><F116/><W107/><G0/><N who="2" m="105" /><F54/><W76/><G58/><T105/><D117/><U93/><E71/><V88/><F90/><W64/><G36/><T68/><D124/><U79/><E109/><V3/><F88/><W30/><G30/><T121/><D121/><U120/><E130/><V53/><F53/><W132/><G107/><T18/><D50/><U4/><E126/><V20/><F42/><W23/><G132/><T67/><D70/><U75/><E120/><V51/><F51/><W114/><G114/><T104/><REACH who="0" step="1"/><D102/><REACH who="0" ten="230,190,400,170" step="2"/><U59/><E59/><V123/><F123/><W113/><G100/><T125/><D125/><U28/><E46/><V135/><F122/><W69/><G57/><T22/><AGARI ba="1,1" hai="11,13,14,17,18,22,61,67,68,81,82,83,104,105" machi="22" ten="30,2000,0" yaku="1,1,0,1,53,0" doraHai="38" doraHaiUra="94" who="0" fromWho="0" sc="230,33,190,-6,400,-11,170,-6" />
</Scene>
<Scene>
<INIT seed="3,0,0,5,4,101" ten="263,184,389,164" oya="3" hai0="79,19,14,34,42,71,97,1,123,105,33,7,3" hai1="58,118,83,127,5,44,24,51,128,50,80,116,117" hai2="73,114,78,129,40,49,46,74,72,133,57,103,109" hai3="55,41,25,66,68,37,93,29,107,10,38,60,4"/><W135/><G135/><T16/><D71/><U48/><E127/><V121/><F114/><W6/><G6/><T119/><D79/><U108/><E108/><V54/><F133/><W85/><G55/><T61/><D61/><U111/><E111/><V67/><F109/><W75/><G75/><T47/><D119/><U56/><E128/><V30/><F129/><W59/><G68/><T8/><D123/><U69/><E69/><V104/><F30/><W13/><G41/><T31/><D19/><U113/><E113/><V87/><F67/><W132/><G132/><T90/><D90/><U110/><E110/><V94/><F121/><W95/><G107/><T98/><D98/><U65/><E5/><V23/><F23/><W70/><G70/><T27/><D34/><U126/><E126/><V28/><F28/><W106/><G106/><T43/><D47/><U9/><E9/><V64/><F64/><W2/><G2/><T62/><D62/><N who="1" m="38087" /><E58/><V52/><F104/><W20/><REACH who="3" step="1"/><G85/><REACH who="3" ten="263,184,389,154" step="2"/><T89/><D3/><U22/><E44/><V120/><F54/><W39/><AGARI ba="0,1" hai="4,10,13,20,25,29,37,38,39,59,60,66,93,95" machi="39" ten="30,12000,1" yaku="1,1,2,1,0,1,53,2" doraHai="101" doraHaiUra="91" who="3" fromWho="3" sc="263,-40,184,-40,389,-40,154,130" />
</Scene>
<Scene>
<INIT seed="3,1,0,5,0,49" ten="223,144,349,284" oya="3" hai0="98,93,31,115,108,129,70,52,15,109,26,55,100" hai1="36,74,89,101,128,16,78,20,65,95,13,110,133" hai2="58,114,46,84,44,5,123,82,53,11,1,38,97" hai3="73,127,121,33,94,64,134,69,50,105,132,48,81"/><W8/><G121/><T79/><D129/><U22/><E36/><V76/><F114/><W71/><G105/><T72/><D115/><U88/><E128/><V21/><F123/><W10/><G33/><N who="0" m="20727" /><D70/><N who="3" m="26633" /><G94/><T25/><D25/><U96/><E110/><N who="0" m="42601" /><D15/><U117/><E133/><N who="3" m="51306" /><G64/><T32/><D32/><U23/><E117/><V56/><F21/><W112/><G112/><T67/><D67/><U0/><E0/><V60/><F38/><W83/><G127/><T107/><D93/><U47/><E47/><V17/><F17/><W130/><G130/><T12/><D12/><U43/><E43/><V6/><F6/><W131/><G131/><T28/><D28/><U85/><E65/><V51/><REACH who="2" step="1"/><F97/><REACH who="2" ten="223,144,339,284" step="2"/><W9/><G73/><T66/><D66/><AGARI ba="1,1" hai="1,5,11,44,46,51,53,56,58,60,66,76,82,84" machi="66" ten="30,8000,1" yaku="1,1,2,1,7,1,52,1,53,1" doraHai="49" doraHaiUra="35" who="2" fromWho="0" sc="223,-83,144,0,339,93,284,0" />
</Scene>
<Scene>
<INIT seed="4,0,0,3,3,36" ten="140,144,432,284" oya="0" hai0="82,35,17,105,113,7,107,128,13,77,80,106,49" hai1="124,125,54,98,85,75,12,84,132,116,69,55,81" hai2="109,59,67,24,46,100,5,60,18,50,23,117,133" hai3="20,21,3,103,83,76,4,47,119,79,120,102,30"/><T1/><D35/><U70/><E116/><V16/><F109/><W9/><G119/><T51/><D113/><U127/><E132/><V134/><F117/><W71/><G71/><N who="1" m="27146" /><E98/><V101/><F5/><W52/><G120/><T48/><D128/><U27/><E12/><V88/><F18/><W104/><G79/><T65/><D65/><U58/><E27/><V94/><F134/><W68/><G68/><T86/><D1/><U96/><E96/><N who="2" m="57415" /><F133/><W118/><G118/><T99/><D7/><U121/><E121/><V15/><F15/><W66/><G66/><T31/><D31/><U10/><E10/><V91/><F91/><W87/><G104/><T74/><D99/><U43/><E75/><V34/><F34/><W111/><G111/><T57/><D57/><U6/><E58/><V123/><F123/><W8/><G8/><T95/><D95/><U42/><E6/><V89/><F89/><W53/><G21/><T26/><D26/><U112/><E112/><V14/><F24/><W130/><G20/><T25/><D25/><U135/><E135/><V92/><F92/><W97/><G97/><T63/><D74/><U32/><E32/><V40/><AGARI ba="0,0" hai="14,16,23,40,46,50,59,60,67,100,101" m="57415" machi="40" ten="30,7900,0" yaku="8,1,52,1,54,2" doraHai="36" who="2" fromWho="2" sc="140,-39,144,-20,432,79,284,-20" />
</Scene>
<Scene>
<INIT seed="5,0,0,4,1,97" ten="101,124,511,264" oya="1" hai0="73,17,71,18,132,0,107,29,90,52,133,77,67" hai1="15,69,31,127,124,134,76,106,119,108,75,80,47" hai2="111,60,14,36,13,19,83,38,8,104,109,79,2" hai3="130,21,100,23,62,102,87,16,68,88,66,105,99"/><U46/><E119/><V49/><F2/><W92/><G130/><T121/><D121/><U26/><E69/><V81/><F104/><W72/><G72/><T56/><D0/><U41/><E106/><V101/><F101/><W12/><G102/><T39/><D39/><U115/><E115/><V33/><F33/><W89/><G89/><T30/><D107/><U91/><E134/><N who="0" m="51817" /><D67/><U11/><E91/><V74/><F49/><W5/><G5/><T45/><D45/><U54/><E54/><V78/><F60/><W126/><G126/><N who="1" m="48170" /><E41/><V20/><F109/><W131/><G131/><T117/><D71/><U114/><E114/><V116/><F111/><W42/><G42/><T1/><D117/><U50/><E50/><V43/><F43/><W112/><G112/><T95/><D77/><U4/><E108/><V55/><F55/><W93/><G105/><T61/><D73/><U118/><E118/><V10/><F116/><W65/><G65/><T70/><D70/><U110/><E110/><V57/><F57/><W51/><G51/><T98/><D1/><U48/><E48/><V25/><F38/><W59/><G68/><T96/><D96/><U85/><E75/><N who="2" m="43231" /><F36/><W9/><AGARI ba="0,0" hai="9,12,16,21,23,59,62,66,87,88,92,93,99,100" machi="9" ten="20,12000,2" yaku="0,1,7,1,8,1,52,1,54,2" doraHai="97" who="3" fromWho="3" sc="101,-30,124,-60,511,-30,264,120" />
</Scene>
<Scene>
<INIT seed="6,0,0,1,1,75" ten="71,64,481,384" oya="2" hai0="5,84,65,7,102,79,106,61,1,30,35,78,90" hai1="41,22,57,99,32,9,58,93,76,17,132,34,133" hai2="125,53,11,104,24,18,36,119,45,92,131,73,51" hai3="126,115,27,13,16,130,109,48,26,47,101,56,64"/><V85/><F104/><W55/><G109/><T88/><D1/><U69/><E69/><V108/><F73/><W44/><G130/><T91/><D106/><U98/><E41/><V8/><F119/><W121/><G121/><T96/><D35/><N who="1" m="13355" /><E9/><V111/><F131/><W87/><G126/><T42/><D42/><U29/><E29/><V68/><F68/><W71/><G71/><T31/><D96/><N who="1" m="36907" /><E93/><V114/><F125/><W80/><G115/><T33/><D102/><U103/><E103/><V23/><F114/><W25/><G64/><T43/><D43/><U128/><E128/><V135/><F36/><W100/><G100/><T0/><D0/><U89/><E89/><N who="0" m="34409" /><D33/><U46/><E46/><V72/><F45/><W124/><G101/><T105/><D105/><U63/><E63/><V77/><F108/><W86/><G124/><T19/><D19/><U50/><E50/><V15/><F51/><W10/><G87/><T52/><D65/><U117/><E117/><V59/><F111/><W39/><G39/><T134/><D134/><N who="1" m="51819" /><E76/><AGARI ba="0,0" hai="10,13,16,25,26,27,44,47,48,55,56,76,80,86" machi="76" ten="40,5200,0" yaku="8,1,52,1,54,1" doraHai="75" who="3" fromWho="1" sc="71,0,64,-52,481,0,384,52" />
</Scene>
<Scene>
<INIT seed="7,0,0,4,4,39" ten="71,12,481,436" oya="3" hai0="74,105,44,72,14,2,102,112,118,15,132,30,7" hai1="99,128,106,84,11,63,76,109,86,78,130,45,83" hai2="24,81,129,3,55,125,19,133,108,66,92,50,73" hai3="48,12,71,13,38,1,82,116,22,33,62,79,123"/><W121/><G38/><T37/><D118/><U111/><E63/><V117/><F3/><W58/><G33/><T119/><D119/><U70/><E70/><V46/><F117/><W35/><G35/><T29/><D15/><U75/><E45/><V87/><F108/><W89/><G1/><T77/><D14/><U122/><E11/><V10/><F73/><W34/><G34/><T124/><D74/><U113/><E122/><V54/><F129/><N who="1" m="49769" /><E113/><V43/><F125/><W110/><G116/><T131/><D131/><U94/><E94/><V101/><BYE who="1" /><F66/><W96/><G110/><T0/><D112/><U120/><E120/><V53/><F133/><UN n1="%E5%A4%AA%E3%81%8F%E3%81%AA%E3%81%84%E3%81%8A" /><W59/><G71/><T32/><D124/><U23/><E23/><N who="2" m="13439" /><F10/><W20/><G79/><N who="1" m="30250" /><E75/><V41/><F46/><W47/><G121/><T27/><D132/><U127/><E127/><V135/><F50/><W126/><G126/><T4/><D2/><U68/><E68/><V6/><F6/><W42/><G123/><T17/><D0/><U65/><E65/><V57/><F57/><N who="3" m="21515" /><G62/><T107/><D107/><U114/><E114/><V56/><F56/><W49/><G49/><T100/><D105/><U51/><E51/><V40/><F135/><W80/><G20/><N who="0" m="13711" /><D32/><U61/><E61/><V69/><F69/><W98/><G22/><T8/><D37/><U115/><E115/><V36/><F36/><W85/><G82/><N who="0" m="45351" /><D8/><U95/><E106/><V90/><F81/><W26/><G26/><T18/><D44/><U91/><E83/><V104/><F104/><W21/><G21/><T31/><D4/><U88/><E91/><RYUUKYOKU ba="0,0" sc="71,-30,12,10,481,10,436,10" hai1="84,86,88,95,99,109,111" hai2="40,41,43,53,54,55,87,90,92,101" hai3="12,13,42,47,48,80,85,89,96,98" />
</Scene>
<Scene>
<INIT seed="7,1,0,2,1,29" ten="41,22,491,446" oya="3" hai0="87,95,50,40,59,24,15,21,120,52,25,12,1" hai1="97,110,38,111,131,108,26,19,122,115,104,28,79" hai2="102,109,53,128,14,10,76,46,3,47,88,55,33" hai3="2,91,80,135,77,39,68,118,13,127,83,17,32"/><W18/><G118/><T106/><D120/><U73/><E19/><V42/><F33/><W69/><G2/><T116/><D106/><U101/><E122/><V119/><F109/><W6/><G39/><T113/><D113/><U7/><E7/><V72/><F119/><W20/><G6/><T35/><D35/><N who="1" m="20887" /><E115/><V63/><F128/><W0/><G0/><T117/><D1/><U86/><E86/><V129/><F102/><W66/><G32/><T114/><D114/><U84/><E84/><V44/><F3/><W98/><G135/><T107/><D107/><U65/><E65/><V124/><F124/><W16/><G127/><T23/><D117/><U41/><E131/><V49/><F129/><W58/><G69/><T34/><D34/><U43/><E43/><V31/><F31/><W89/><G68/><T48/><D116/><U133/><E133/><V30/><F30/><W4/><G98/><T11/><D25/><U125/><E125/><V96/><F76/><W56/><G20/><N who="0" m="7755" /><D24/><U37/><E41/><V60/><F72/><W57/><G66/><T51/><D40/><U99/><E99/><V71/><F71/><W121/><G121/><T90/><D15/><U5/><E5/><AGARI ba="1,0" hai="5,11,12,48,50,51,52,59,87,90,95" m="7755" machi="5" ten="30,2000,0" yaku="8,1,54,1" doraHai="29" who="0" fromWho="1" sc="41,23,22,-23,491,0,446,0" owari="64,-34.0,-1,-50.0,491,59.0,446,25.0" />
</Scene>
</mjloggm>