<mjloggm ver="2.3"><GO type="169" lobby="0"/><UN n0="%79%75%6D%69%6B%69%6B%61" n1="%57%49%4E%E7%A5%9E" n2="%E3%82%A4%E3%82%AB%E5%A8%98" n3="%E5%A4%AA%E3%81%8F%E3%81%AA%E3%81%84%E3%81%8A" dan="16,16,16,18" rate="2065.69,2134.42,2082.04,2255.27" sx="M,M,F,M"/><TAIKYOKU oya="0"/>

<Scene>
<INIT seed="0,0,0,1,1,50" ten="250,250,250,250" oya="0" hai0="108,28,32,43,118,134,55,97,99,59,13,65,120" hai1="95,89,77,127,115,30,40,63,92,90,34,129,67" hai2="104,78,53,98,44,26,46,39,8,119,91,2,64" hai3="105,88,18,68,135,116,62,60,61,74,37,31,36"/><T12/><D120/><U49/><E129/><V47/><F119/><W45/><G116/><T52/><D118/><U113/><E127/><V33/><F64/><W38/><G74/><T96/><D32/><U112/><E77/><V94/><F78/><W22/><G105/><T73/><D73/><U83/><E83/><V24/><F104/><W14/><G135/><T25/><D43/><U133/><E133/><V81/><F81/><W56/><BYE who="2" /><G68/><T6/><D134/><U131/><E131/><V5/><F5/><W71/><G71/><T23/><D108/><U87/><E30/><V103/><F103/><W100/><G100/><T15/><D6/><U69/><E34/><V16/><F16/><W125/><G125/><T109/><D109/><U121/><E121/><V76/><F76/><W21/><G45/><UN n2="%E3%82%A4%E3%82%AB%E5%A8%98" /><T126/><D126/><U117/><E117/><V11/><F39/><W114/><G114/><T72/><D72/><U19/><E19/><V20/><F33/><W110/><G110/><T101/><D101/><U85/><E49/><V10/><F2/><W3/><G3/><T57/><D57/><U54/><E40/><V107/><F107/><W17/><G31/><T70/><D70/><U42/><E42/><V79/><F44/><W7/><G7/><T122/><D122/><U58/><E69/><V86/><F46/><W66/><REACH who="3" step="1"/><G88/><REACH who="3" ten="250,250,250,240" step="2"/><T29/><D28/><U111/><E111/><V1/><F91/><W82/><G82/><T123/><D123/><U27/><E115/><V106/><F106/><W128/><G128/><T84/><D84/><U80/><E113/><RYUUKYOKU ba="0,1" sc="250,15,250,-15,250,-15,240,15" hai0="12,13,15,23,25,29,52,55,59,65,96,97,99" hai3="14,17,18,21,22,36,37,38,56,60,61,62,66" />
</Scene>
<Scene>
<INIT seed="0,1,1,4,1,76" ten="265,235,235,255" oya="0" hai0="58,91,20,3,107,16,134,127,52,89,135,98,17" hai1="25,21,78,54,65,88,75,46,132,2,85,10,72" hai2="57,128,73,39,47,95,28,1,34,118,40,115,53" hai3="36,109,62,81,126,119,9,121,70,99,87,27,24"/><T67/><D3/><U116/><E116/><V68/><F115/><W94/><G119/><T59/><D127/><U43/><E132/><N who="0" m="50729" /><D17/><U50/><E65/><V130/><F118/><W103/><G36/><T31/><D31/><U92/><E78/><V124/><F124/><W35/><G126/><T60/><D107/><U48/><E10/><V64/><F73/><W26/><G109/><T106/><D106/><U71/><E71/><V101/><F1/><W33/><G121/><T22/><D22/><U69/><E69/><V0/><F0/><W102/><G102/><T42/><D98/><U15/><E15/><V19/><F19/><W120/><G120/><T14/><D42/><U44/><REACH who="1" step="1"/><E2/><REACH who="1" ten="265,225,235,255" step="2"/><V74/><F128/><W133/><G133/><T123/><D123/><U66/><E66/><V114/><F64/><W18/><G9/><T45/><D45/><U11/><E11/><V41/><F47/><W86/><G70/><T100/><D100/><U32/><E32/><V56/><F68/><W23/><G33/><T55/><D67/><U29/><AGARI ba="1,2" hai="21,25,29,43,44,46,48,50,54,72,75,85,88,92" machi="29" ten="20,5200,0" yaku="1,1,0,1,7,1,54,1,53,0" doraHai="76" doraHaiUra="77" who="1" fromWho="1" sc="265,-27,225,75,235,-14,255,-14" />
</Scene>
<Scene>
<INIT seed="1,0,0,3,5,110" ten="238,300,221,241" oya="1" hai0="96,33,54,55,31,15,49,1,71,131,57,130,5" hai1="61,70,18,119,100,89,20,80,97,46,30,125,10" hai2="86,21,65,122,112,64,120,43,41,116,82,91,36" hai3="121,68,13,6,123,27,0,17,133,104,66,109,12"/><U114/><E119/><V99/><F116/><W101/><G104/><T98/><D71/><U78/><E114/><V92/><F112/><W126/><G101/><T127/><D1/><U95/><E125/><V115/><F115/><W75/><G75/><T63/><D127/><U88/><E30/><V90/><F36/><W76/><G76/><T124/><D124/><U93/><E10/><V106/><F106/><W87/><G126/><T107/><D107/><U111/><E46/><V52/><F21/><N who="3" m="13743" /><G87/><T50/><D63/><U11/><E11/><V25/><F25/><W72/><G72/><T67/><D67/><N who="2" m="25674" /><F122/><W105/><G66/><T44/><D15/><N who="3" m="5705" /><G105/><T38/><D5/><U7/><E7/><V16/><F120/><W79/><G79/><T132/><D38/><U51/><E70/><V69/><F69/><W94/><G94/><T62/><D62/><U8/><E61/><V26/><F52/><W3/><G68/><T74/><D74/><U128/><E95/><V118/><F118/><W32/><G32/><T4/><D33/><U39/><E93/><V56/><F56/><W40/><G6/><T53/><D4/><U135/><E39/><V59/><F59/><W45/><G121/><T84/><D57/><U103/><E100/><V42/><F42/><W14/><G123/><T83/><D44/><U23/><E103/><V108/><F108/><W81/><G109/><T85/><D55/><U77/><E111/><V29/><F43/><W73/><G40/><T60/><D60/><U117/><E117/><V134/><F41/><W19/><G0/><T9/><D54/><RYUUKYOKU ba="0,0" sc="238,0,300,0,221,0,241,0" />
</Scene>
<Scene>
<INIT seed="2,1,0,4,0,71" ten="238,300,221,241" oya="2" hai0="48,51,102,124,129,67,2,69,5,72,53,35,41" hai1="27,133,47,82,88,116,33,107,17,11,76,81,77" hai2="80,75,40,119,130,131,99,106,83,92,6,91,121" hai3="74,55,21,125,7,9,101,20,89,95,19,4,98"/><V10/><F40/><W42/><G74/><T64/><D35/><U104/><E116/><V114/><F6/><W126/><G42/><T90/><D72/><U23/><E133/><V120/><F10/><W22/><G55/><T39/><D102/><U44/><E33/><V87/><F114/><W12/><REACH who="3" step="1"/><G101/><REACH who="3" ten="238,300,221,231" step="2"/><T15/><D53/><U100/><E100/><N who="2" m="62751" /><F119/><W31/><G31/><T28/><D28/><U65/><E107/><V86/><F75/><W1/><G1/><T16/><D41/><U128/><E104/><V84/><F120/><W122/><G122/><T43/><D43/><U113/><E113/><V115/><F121/><W36/><G36/><T135/><D39/><U26/><E65/><V117/><F115/><W66/><G66/><T30/><D67/><U25/><E47/><V24/><F117/><W63/><G63/><T127/><D64/><U45/><E44/><V49/><F49/><W58/><G58/><T85/><D51/><U93/><E45/><V18/><F130/><W123/><G123/><T13/><D48/><U108/><E128/><V8/><F131/><W3/><G3/><T59/><D2/><U110/><E110/><V32/><F83/><W38/><G38/><T0/><D0/><U97/><E108/><V94/><F80/><W132/><G132/><T56/><D135/><U37/><E82/><V54/><F54/><W134/><G134/><T118/><D118/><U109/><E81/><V96/><F92/><W70/><G70/><T103/><D69/><U60/><E109/><V29/><F18/><W57/><G57/><N who="0" m="22091" /><D129/><U112/><E112/><RYUUKYOKU ba="1,1" sc="238,-15,300,-15,221,15,231,15" hai2="8,24,29,32,84,86,87,91,94,96" hai3="4,7,9,12,19,20,21,22,89,95,98,125,126" />
</Scene>
<Scene>
<INIT seed="2,2,1,2,1,77" ten="223,285,236,246" oya="2" hai0="82,38,56,33,48,70,7,131,68,49,37,101,64" hai1="79,109,12,21,31,42,99,58,25,129,4,125,66" hai2="107,117,61,63,120,62,115,17,16,81,100,54,134" hai3="47,0,44,133,92,105,73,9,110,65,51,71,128"/><V5/><F115/><W119/><G105/><T27/><D131/><U90/><E129/><V22/><F117/><W114/><G128/><T85/><D101/><U6/><E109/><V43/><F120/><W34/><G34/><T113/><D7/><U89/><E125/><V127/><F134/><W78/><G119/><T50/><D113/><U86/><E42/><V111/><F5/><N who="1" m="2153" /><E12/><V29/><F43/><W1/><G114/><T55/><D33/><U45/><E45/><V80/><F107/><W95/><G47/><T59/><D27/><U36/><E36/><V96/><F127/><W8/><G110/><T123/><D123/><U67/><E58/><V41/><F41/><W30/><G44/><T124/><D124/><U40/><E40/><V121/><F121/><W19/><G71/><T53/><D48/><U2/><E2/><V75/><F75/><W24/><G73/><T52/><D55/><U130/><E130/><V60/><F111/><W112/><G51/><T122/><D122/><U97/><E79/><V94/><F29/><W28/><G78/><T108/><D108/><U126/><E126/><V69/><F69/><W116/><G116/><T102/><D102/><U76/><E76/><V39/><F39/><W106/><G112/><T132/><D132/><U98/><E90/><V118/><F118/><W23/><G133/><T18/><D70/><U13/><E13/><N who="2" m="9487" /><F17/><W32/><G32/><T83/><D18/><U91/><E91/><V103/><F103/><W87/><G0/><T135/><D135/><U104/><E104/><V35/><F35/><N who="3" m="20871" /><G1/><T14/><D68/><RYUUKYOKU ba="2,1" sc="223,-15,285,15,236,15,246,-15" hai1="21,25,31,66,67,86,89,97,98,99" hai2="54,60,61,62,63,80,81,94,96,100" />
</Scene>
<Scene>
<INIT seed="2,3,1,5,1,105" ten="208,300,251,231" oya="2" hai0="20,9,33,133,64,124,61,27,0,31,80,97,29" hai1="83,107,51,10,91,3,13,17,113,42,126,87,44" hai2="121,129,90,19,98,16,85,108,73,39,75,106,4" hai3="40,65,127,55,70,130,25,38,34,62,84,112,58"/><V49/><F121/><W63/><G84/><T23/><D124/><U50/><E126/><V78/><F39/><W110/><G127/><T96/><D133/><U60/><E113/><V52/><F4/><W47/><G112/><T103/><D97/><U118/><E118/><V6/><F6/><W116/><G116/><T114/><D114/><U21/><E107/><V135/><F129/><W7/><G7/><T53/><D9/><U104/><E104/><V128/><F128/><W134/><G130/><T46/><D31/><U100/><E100/><N who="2" m="62743" /><F75/><W14/><G14/><T35/><D20/><U77/><E3/><V74/><F74/><W99/><G99/><T45/><D80/><U92/><E60/><V79/><F79/><W95/><G95/><T76/><D76/><U56/><E56/><N who="2" m="32783" /><F108/><W81/><G81/><T32/><D53/><U109/><E109/><V54/><F54/><W119/><G119/><T12/><D12/><U11/><E51/><V28/><F28/><W59/><G110/><T72/><D72/><AGARI ba="3,1" hai="10,11,13,17,21,42,44,50,72,77,83,87,91,92" machi="72" ten="30,2000,0" yaku="7,1,52,1" doraHai="105" who="1" fromWho="0" sc="208,-29,300,39,251,0,231,0" />
</Scene>
<Scene>
<INIT seed="3,0,0,2,1,8" ten="179,339,251,231" oya="3" hai0="86,20,51,126,129,125,130,57,113,127,123,45,0" hai1="59,83,90,114,103,38,9,18,98,35,42,89,39" hai2="15,53,100,116,28,34,122,40,88,71,23,30,5" hai3="81,36,105,64,17,102,24,117,93,97,131,110,107"/><W31/><G117/><T77/><D0/><U29/><E114/><V118/><F71/><W12/><G36/><T37/><D77/><U25/><E59/><V68/><F68/><W44/><G131/><N who="0" m="50187" /><D86/><U91/><E42/><V58/><F34/><W84/><G44/><T132/><D20/><U121/><E121/><V85/><F100/><W120/><G64/><T62/><D123/><U101/><E83/><V2/><F40/><W41/><G41/><N who="0" m="25007" /><D37/><U22/><E9/><N who="2" m="4527" /><F2/><W99/><G120/><T111/><D113/><U19/><E103/><V11/><F11/><W33/><G99/><T55/><D111/><U16/><REACH who="1" step="1"/><E35/><REACH who="1" ten="179,329,251,231" step="2"/><V32/><F32/><W56/><G56/><T61/><D132/><U96/><E96/><V104/><F122/><W66/><G110/><T128/><D128/><U115/><E115/><V79/><F116/><W50/><G66/><T1/><D1/><U124/><E124/><V47/><F118/><W76/><REACH who="3" step="1"/><G50/><AGARI ba="0,1" hai="50,55,57,61,62,125,126,127" m="25007,50187" machi="50" ten="40,8000,1" yaku="18,1,19,1,34,2" doraHai="8" who="0" fromWho="3" sc="179,90,329,0,251,0,231,-80" />
</Scene>
<Scene>
<INIT seed="4,0,0,5,4,84" ten="269,329,251,151" oya="0" hai0="96,5,27,1,18,57,89,16,75,63,14,87,135" hai1="94,130,95,97,23,106,30,39,134,107,82,81,85" hai2="40,64,90,32,122,4,38,36,69,119,102,68,61" hai3="80,71,109,6,128,92,73,3,59,12,22,33,49"/><T83/><D135/><U21/><E39/><V47/><F122/><W66/><G109/><T7/><D1/><U34/><E134/><V76/><F119/><W46/><G33/><T17/><D75/><U41/><E41/><V78/><F32/><W104/><G104/><T113/><D113/><U11/><E11/><V52/><F102/><W55/><G128/><T110/><D110/><U20/><E130/><V72/><F38/><W28/><G3/><T132/><D132/><U19/><E19/><N who="0" m="7241" /><D96/><U0/><E0/><V58/><F72/><W98/><G71/><T43/><D43/><U24/><E82/><V117/><F117/><W86/><G73/><T15/><D27/><U31/><E30/><V79/><F4/><N who="0" m="1610" /><D18/><U51/><E97/><V2/><F2/><W114/><G114/><T126/><D126/><U13/><E13/><V105/><F105/><W133/><G133/><T123/><D123/><U29/><E29/><V77/><F77/><N who="3" m="46351" /><G28/><T65/><AGARI ba="0,0" hai="14,15,57,63,65,83,87,89" m="1610,7241" machi="65" ten="30,6000,0" yaku="8,1,52,1,54,1" doraHai="84" who="0" fromWho="0" sc="269,60,329,-20,251,-20,151,-20" />
</Scene>
<Scene>
<INIT seed="4,1,0,0,2,15" ten="329,309,231,131" oya="0" hai0="13,14,51,36,82,129,96,63,124,95,46,28,80" hai1="61,10,59,119,45,17,44,67,118,121,19,73,114" hai2="21,87,12,55,31,39,66,56,37,97,27,79,104" hai3="30,135,113,23,110,26,128,127,92,78,84,101,9"/><T109/><D36/><U60/><E121/><V65/><F104/><W20/><G110/><T0/><D0/><U54/><E73/><V43/><F97/><W40/><G113/><T6/><D129/><U122/><E122/><V8/><F39/><W35/><G128/><T24/><D124/><U102/><E114/><V18/><F43/><W134/><G127/><T88/><D63/><U33/><E33/><V77/><F37/><W116/><G116/><T120/><D109/><U107/><E10/><V115/><F115/><W41/><G9/><N who="0" m="4279" /><D14/><U83/><E83/><N who="2" m="47599" /><F79/><W53/><G53/><N who="0" m="29943" /><D120/><U42/><E119/><V112/><F112/><W105/><G105/><T62/><D62/><AGARI ba="1,0" hai="8,12,18,21,27,31,55,56,62,65,66" m="47599" machi="62" ten="30,2000,0" yaku="8,1,52,1" doraHai="15" who="2" fromWho="0" sc="329,-23,309,0,231,23,131,0" />
</Scene>
<Scene>
<INIT seed="5,0,0,3,3,128" ten="306,309,254,131" oya="1" hai0="112,69,88,132,41,81,27,127,30,1,116,84,117" hai1="33,86,21,108,131,48,3,96,80,67,83,34,47" hai2="24,119,76,11,35,77,92,0,63,6,50,104,14" hai3="36,40,115,28,60,118,66,65,42,64,74,90,121"/><U75/><E131/><V46/><F104/><W114/><G74/><T59/><D69/><U10/><E108/><V18/><F119/><W122/><G28/><T78/><D1/><U123/><E123/><N who="3" m="47114" /><G90/><T56/><D41/><N who="3" m="15977" /><G36/><T13/><D13/><U109/><E67/><V101/><F35/><W58/><G118/><T39/><D39/><U113/><E109/><V68/><F24/><W73/><G73/><T51/><D27/><U55/><E96/><V99/><F0/><W8/><G8/><T32/><D30/><U110/><E110/><V54/><F6/><W130/><G130/><T5/><D5/><U19/><E75/><V107/><F107/><W25/><G25/><T52/><D78/><N who="2" m="30314" /><F68/><W49/><G49/><T7/><D51/><U17/><E10/><V106/><F106/><W103/><G103/><T61/><D7/><U134/><E3/><V98/><F99/><W94/><G94/><T129/><D32/><U79/><E34/><V45/><F63/><W97/><G97/><T20/><D61/><U95/><E33/><V85/><F85/><W22/><G22/><T23/><D23/><U62/><E86/><V2/><F2/><W105/><G105/><T4/><D20/><U124/><E21/><V125/><F98/><W120/><N who="3" m="47122" /><W16/><DORA hai="26" /><G16/><T126/><D4/><U102/><E17/><V89/><F18/><W70/><G70/><T111/><D111/><U93/><E19/><V31/><F31/><W100/><G100/><T91/><D129/><U57/><E102/><V44/><F101/><W9/><G9/><T43/><D117/><RYUUKYOKU ba="0,0" sc="306,-10,309,-10,254,-10,131,30" hai3="58,60,64,65,66,114,115" />
</Scene>
<Scene>
<INIT seed="6,1,0,4,4,23" ten="296,299,244,161" oya="2" hai0="21,133,37,25,117,10,132,3,83,59,112,128,57" hai1="82,121,115,127,18,81,84,113,69,12,70,103,98" hai2="16,38,131,26,74,106,79,32,126,55,24,58,97" hai3="86,9,4,130,50,36,122,20,39,99,62,19,129"/><V13/><F38/><W77/><G122/><T0/><D37/><U111/><E121/><V110/><F131/><N who="3" m="50187" /><G50/><T31/><D128/><U100/><E111/><V120/><F120/><W28/><G28/><T1/><D112/><N who="1" m="43083" /><E127/><V73/><F126/><W8/><G99/><T66/><D66/><U67/><E67/><V88/><F106/><W41/><G62/><T51/><D117/><U94/><E103/><V95/><F110/><W102/><G102/><T89/><D10/><N who="3" m="4201" /><G4/><T123/><D51/><U7/><E7/><V17/><F17/><W54/><G54/><T29/><D29/><U93/><E98/><V35/><F35/><W104/><G104/><T119/><D119/><U135/><E100/><V96/><F97/><W14/><G41/><T33/><D33/><U5/><E5/><V87/><F32/><W43/><G43/><T118/><D118/><U11/><E70/><V44/><F44/><W22/><G22/><T2/><D2/><U92/><E69/><V85/><F74/><W72/><G72/><T30/><D30/><U45/><E45/><V27/><F73/><W46/><G46/><T65/><D65/><U125/><E125/><V109/><F109/><W134/><G134/><N who="0" m="51819" /><D123/><U108/><E135/><V124/><F124/><W6/><G6/><T68/><D68/><U90/><E108/><V52/><F79/><W56/><G56/><T15/><D15/><U64/><E64/><V101/><F101/><W34/><G34/><T107/><D107/><U91/><E84/><AGARI ba="1,0" hai="0,1,3,21,25,31,57,59,83,84,89" m="51819" machi="84" ten="40,2600,0" yaku="20,1,52,1" doraHai="23" who="0" fromWho="1" sc="296,29,299,-29,244,0,161,0" />
</Scene>
<Scene>
<INIT seed="7,0,0,2,2,67" ten="325,270,244,161" oya="3" hai0="132,21,113,112,56,48,81,69,102,35,100,63,15" hai1="31,116,104,79,55,50,16,122,51,107,124,62,66" hai2="88,41,125,59,84,9,128,123,130,25,95,57,114" hai3="77,54,105,26,75,58,133,17,38,108,131,97,34"/><W106/><G38/><T85/><D35/><U115/><E122/><V33/><F114/><N who="0" m="44138" /><D132/><U121/><E115/><V3/><F125/><W5/><G133/><T28/><D69/><U87/><E121/><V98/><F41/><W118/><G118/><T18/><D48/><U30/><E124/><V129/><F123/><W36/><G36/><T7/><D28/><U42/><E116/><V46/><F46/><W96/><G131/><T101/><D7/><U0/><E0/><V19/><F98/><W4/><G108/><T76/><D101/><U49/><E42/><V120/><F120/><W40/><G40/><T109/><D109/><U86/><E55/><AGARI ba="0,0" hai="15,18,21,55,56,63,76,81,85,100,102" m="44138" machi="55" ten="30,2000,0" yaku="15,1,11,1" doraHai="67" who="0" fromWho="1" sc="325,20,270,-20,244,0,161,0" owari="345,45.0,250,5.0,244,-16.0,161,-34.0" />
</Scene>
</mjloggm>