<mjloggm ver="2.3"><GO type="169" lobby="0"/><UN n0="%E5%A4%AA%E3%81%8F%E3%81%AA%E3%81%84%E3%81%8A" n1="%E3%82%BF%E3%82%B1%E3%82%AA%E3%81%97%E3%82%83%E3%82%93" n2="%62%75%74%69%74%61%6D%61" n3="%E5%BE%A1%E5%AD%90%E6%9F%B4%E7%8E%B2%E4%BA%9C" dan="18,19,18,16" rate="2273.71,2254.40,2206.81,2057.41" sx="M,M,M,F"/><TAIKYOKU oya="0"/>

<Scene>
<INIT seed="0,0,0,5,0,28" ten="250,250,250,250" oya="0" hai0="35,128,99,31,69,36,87,103,55,126,58,6,135" hai1="129,93,85,134,106,78,124,97,41,112,81,79,125" hai2="17,105,50,111,117,96,76,71,19,110,43,3,61" hai3="100,29,119,52,67,131,120,46,86,15,132,133,127"/><T66/><D36/><U23/><E41/><V18/><F3/><W45/><G119/><T21/><D126/><N who="1" m="48747" /><E23/><V70/><F117/><W37/><G127/><T8/><D128/><U63/><E63/><V42/><F76/><W13/><G67/><T113/><D113/><U116/><E116/><V91/><F61/><W65/><G65/><T40/><D40/><N who="2" m="15402" /><F50/><W2/><G2/><T16/><D135/><U90/><E134/><V73/><F73/><W59/><G37/><T130/><D130/><U88/><E129/><V123/><F123/><W32/><G131/><T77/><D69/><N who="2" m="26122" /><F91/><W34/><G120/><T118/><D66/><U84/><E112/><V44/><F44/><W60/><G46/><T104/><D118/><U98/><E98/><V54/><F54/><W0/><G45/><T57/><D55/><U122/><E122/><V33/><F96/><W102/><G52/><T20/><D20/><U47/><E47/><V83/><F33/><W72/><G60/><T12/><D35/><U9/><E9/><V121/><F121/><W49/><G132/><T22/><D22/><U95/><E106/><V1/><F1/><W30/><G133/><T115/><D115/><U56/><E56/><V24/><F24/><W26/><G59/><T39/><D39/><U25/><E25/><V101/><F105/><W68/><G26/><N who="0" m="14631" /><D31/><U62/><E62/><V5/><F5/><W38/><G38/><T92/><D104/><U114/><E114/><V109/><F101/><AGARI ba="0,0" hai="78,79,81,84,85,88,90,93,95,97,101" m="48747" machi="101" ten="30,7700,0" yaku="18,1,34,2,54,1" doraHai="28" who="1" fromWho="2" sc="250,0,250,77,250,-77,250,0" />
</Scene>
<Scene>
<INIT seed="1,0,0,5,3,65" ten="250,327,173,250" oya="1" hai0="120,86,69,16,54,59,22,101,125,30,81,64,108" hai1="47,96,32,88,73,41,129,134,61,6,75,36,37" hai2="119,17,80,29,24,18,76,132,82,23,11,21,121" hai3="63,85,118,128,68,91,3,14,40,105,66,10,58"/><U44/><E32/><V57/><F121/><W51/><G128/><T126/><D120/><U135/><E6/><V53/><F119/><W27/><G118/><T67/><D30/><U19/><E61/><V72/><F132/><N who="1" m="50729" /><E19/><V77/><F11/><W114/><G114/><T107/><D108/><U25/><E25/><V0/><F0/><W39/><G105/><T93/><D107/><U52/><E129/><V115/><F115/><W50/><G27/><N who="0" m="14791" /><D69/><U94/><E37/><V33/><F33/><W43/><G3/><T117/><D117/><U123/><E123/><V113/><F23/><W48/><G39/><T49/><D126/><U83/><E83/><V99/><F99/><W100/><G68/><T131/><D125/><U97/><E97/><V127/><F113/><W9/><G9/><T110/><D131/><U122/><E122/><V34/><F34/><W28/><G28/><T15/><D110/><U103/><E103/><V102/><F102/><W89/><G100/><T5/><D101/><U90/><E90/><V46/><F127/><W20/><G91/><N who="0" m="53495" /><D81/><U74/><E74/><V38/><F80/><N who="3" m="49319" /><G20/><T84/><D84/><U133/><E133/><V4/><F4/><AGARI ba="0,0" hai="4,10,14,40,43,48,50,51,58,63,66" m="49319" machi="4" ten="30,1000,0" yaku="8,1" doraHai="65" who="3" fromWho="2" sc="250,0,327,0,173,-10,250,10" />
</Scene>
<Scene>
<INIT seed="2,0,0,3,2,60" ten="250,327,163,260" oya="2" hai0="85,33,49,63,127,115,13,83,95,112,100,107,88" hai1="92,93,66,38,69,119,123,86,12,101,79,19,22" hai2="122,56,102,82,62,97,61,43,40,87,15,98,26" hai3="53,48,35,96,52,2,57,114,70,65,54,28,39"/><V113/><F122/><W47/><G2/><T50/><D33/><U64/><E69/><V51/><F113/><W73/><G73/><T125/><D13/><U32/><E38/><V78/><F62/><N who="3" m="40247" /><G96/><N who="0" m="61831" /><D63/><U31/><E119/><V106/><F51/><N who="3" m="28799" /><G28/><T1/><D49/><U45/><E45/><V103/><F26/><W133/><G35/><T105/><D50/><U99/><E123/><V84/><F84/><W11/><G11/><T36/><D36/><U20/><E32/><V80/><F80/><W3/><G3/><T128/><D105/><U42/><E42/><V4/><F15/><W110/><G114/><N who="0" m="43563" /><D1/><U17/><E31/><V94/><REACH who="2" step="1"/><F4/><REACH who="2" ten="250,327,153,260" step="2"/><W132/><G110/><T76/><D128/><U89/><E79/><V68/><F68/><W124/><G39/><T58/><D58/><U5/><E5/><V120/><F120/><W44/><G124/><T91/><D91/><U104/><E104/><V111/><F111/><W74/><G74/><AGARI ba="0,1" hai="74,76,83,85,88,95,125,127" m="43563,61831" machi="74" ten="30,7700,0" yaku="24,1,34,2,54,1" doraHai="60" who="0" fromWho="3" sc="250,87,327,0,153,0,260,-77" />
</Scene>
<Scene>
<INIT seed="3,0,0,0,3,32" ten="337,327,153,183" oya="3" hai0="19,44,123,98,27,80,84,42,74,37,60,22,99" hai1="23,83,109,120,93,51,13,55,127,94,26,56,128" hai2="6,50,34,117,0,89,124,39,11,79,131,100,18" hai3="114,95,67,59,2,41,113,36,3,31,101,134,78"/><W70/><G31/><T132/><D123/><U118/><E120/><V4/><F39/><W96/><G59/><T92/><D132/><U69/><E109/><V68/><F68/><W53/><G53/><T130/><D130/><U57/><E69/><V90/><F34/><W10/><G78/><T71/><D74/><U62/><E127/><V33/><F33/><W9/><G134/><T64/><REACH who="0" step="1"/><D92/><REACH who="0" ten="327,327,153,183" step="2"/><U105/><E128/><V21/><F131/><W61/><G114/><T17/><D17/><U72/><E72/><V103/><F124/><W63/><G113/><T102/><D102/><U65/><E105/><V122/><F122/><W86/><G63/><T77/><AGARI ba="0,1" hai="19,22,27,37,42,44,60,64,71,77,80,84,98,99" machi="77" ten="20,2700,0" yaku="1,1,0,1,7,1,53,0" doraHai="32" doraHaiUra="35" who="0" fromWho="0" sc="327,37,327,-7,153,-7,183,-13" />
</Scene>
<Scene>
<INIT seed="4,0,0,2,3,46" ten="364,320,146,170" oya="0" hai0="67,8,48,10,117,80,58,99,19,0,35,108,61" hai1="59,105,65,112,84,43,51,129,132,63,31,96,66" hai2="38,110,92,26,32,44,36,29,93,95,114,103,82" hai3="111,126,125,94,9,133,24,91,130,90,97,106,76"/><T57/><D117/><U25/><E132/><V109/><F114/><W127/><G24/><T89/><D35/><U120/><E120/><V118/><F118/><W21/><G21/><T64/><D108/><U42/><E129/><V77/><F103/><N who="3" m="62831" /><G9/><T5/><D99/><U87/><E112/><V122/><F122/><W62/><G62/><T101/><D101/><U56/><E96/><V74/><REACH who="2" step="1"/><F44/><REACH who="2" ten="364,320,136,170" step="2"/><W102/><G111/><AGARI ba="0,1" hai="26,29,32,36,38,74,77,82,92,93,95,109,110,111" machi="111" ten="40,2600,0" yaku="1,1,2,1,53,0" doraHai="46" doraHaiUra="15" who="2" fromWho="3" sc="364,0,320,0,136,36,170,-26" />
</Scene>
<Scene>
<INIT seed="5,0,0,0,1,45" ten="364,320,172,144" oya="1" hai0="48,73,103,70,105,23,35,101,32,16,4,120,62" hai1="118,30,9,15,126,52,3,36,107,44,25,124,100" hai2="85,21,11,12,69,7,92,33,58,41,18,57,133" hai3="88,80,71,104,128,114,65,108,31,59,40,50,47"/><U134/><E118/><V123/><F69/><W84/><G108/><T74/><D4/><U86/><E134/><V91/><F123/><W96/><G114/><T82/><D120/><U115/><E115/><V66/><F133/><W53/><G128/><T51/><D62/><U75/><E75/><V110/><F110/><W79/><G31/><T95/><D95/><U81/><E3/><V102/><F33/><W72/><G71/><T68/><D23/><U10/><E100/><V87/><F41/><W6/><G6/><T49/><D49/><N who="1" m="28711" /><E107/><V27/><F66/><W131/><G131/><T135/><D105/><U77/><E36/><V28/><F102/><W37/><G65/><T125/><D135/><U38/><E38/><V93/><F7/><W1/><G1/><T113/><D113/><U127/><E15/><V106/><F106/><W121/><G121/><T34/><D34/><AGARI ba="0,0" hai="9,10,25,30,34,77,81,86,124,126,127" m="28711" machi="34" ten="30,5800,0" yaku="18,1,52,1,54,1" doraHai="45" who="1" fromWho="0" sc="364,-58,320,58,172,0,144,0" />
</Scene>
<Scene>
<INIT seed="5,1,0,2,1,23" ten="306,378,172,144" oya="1" hai0="130,118,112,44,115,15,96,63,87,125,2,124,106" hai1="47,70,128,68,42,135,120,103,121,49,131,73,123" hai2="80,25,19,7,46,37,105,89,83,14,77,75,35" hai3="78,126,40,13,114,52,43,11,45,101,34,51,86"/><U109/><E73/><V134/><F105/><W38/><G114/><N who="0" m="43563" /><D2/><U33/><E33/><V12/><F134/><W62/><G126/><T133/><D118/><U6/><E6/><V61/><F7/><W100/><G34/><T122/><D133/><U60/><E103/><V85/><F61/><W20/><G62/><T36/><D130/><N who="1" m="49707" /><E135/><V92/><F80/><W55/><G55/><T102/><D122/><U53/><E109/><V39/><F46/><W9/><G20/><T57/><D15/><U93/><E93/><V132/><F132/><W4/><G9/><T50/><D87/><U54/><E60/><V127/><F127/><W28/><G28/><T117/><D117/><U94/><E94/><V31/><REACH who="2" step="1"/><F12/><REACH who="2" ten="306,378,162,144" step="2"/><W64/><G64/><N who="0" m="39023" /><D36/><U108/><E108/><V72/><F72/><W5/><G4/><T65/><D65/><U74/><E74/><V0/><F0/><W26/><G38/><T79/><D79/><U69/><AGARI ba="1,1" hai="42,47,49,53,54,68,69,70,120,121,123" m="49707" machi="69" ten="50,9600,0" yaku="19,1,34,2" doraHai="23" who="1" fromWho="1" sc="306,-33,378,109,162,-33,144,-33" />
</Scene>
<Scene>
<INIT seed="5,2,0,3,3,27" ten="273,487,129,111" oya="1" hai0="24,25,81,17,34,121,129,54,57,62,98,20,60" hai1="40,13,15,30,90,8,108,112,128,89,97,115,125" hai2="23,26,102,33,92,65,91,5,131,120,80,94,44" hai3="32,56,79,29,82,130,52,99,111,64,88,95,127"/><U50/><E128/><V135/><F33/><W116/><G130/><T132/><D129/><U0/><E125/><V72/><F131/><W75/><G127/><T63/><D132/><U87/><E108/><V123/><F135/><W78/><G78/><T104/><D121/><U6/><E97/><V11/><F65/><W113/><G111/><T39/><D39/><U9/><E30/><V51/><F102/><W10/><G113/><T118/><D118/><U122/><E122/><V86/><F72/><W109/><G109/><T48/><D81/><U103/><E103/><V85/><F11/><W18/><G116/><T53/><D104/><U46/><E0/><V74/><F5/><W70/><G70/><T101/><D34/><U83/><REACH who="1" step="1"/><E90/><REACH who="1" ten="273,477,129,111" step="2"/><N who="2" m="53335" /><F123/><W110/><G110/><T14/><D98/><U84/><E84/><V37/><F120/><W61/><G64/><T69/><D101/><U31/><E31/><N who="2" m="17887" /><F74/><W126/><G126/><T43/><D69/><U1/><E1/><V55/><F37/><W133/><G133/><T71/><D71/><U19/><AGARI ba="2,1" hai="6,8,9,13,15,19,40,46,50,83,87,89,112,115" machi="19" ten="30,6000,0" yaku="1,1,0,1,53,1" doraHai="27" doraHaiUra="76" who="1" fromWho="1" sc="273,-22,477,76,129,-22,111,-22" />
</Scene>
<Scene>
<INIT seed="5,3,0,3,4,90" ten="251,553,107,89" oya="1" hai0="103,53,33,39,28,114,8,108,111,54,14,118,98" hai1="93,106,135,23,34,134,130,16,101,36,66,116,65" hai2="107,131,96,38,86,99,13,100,76,109,63,3,40" hai3="19,17,119,127,4,0,89,71,48,49,85,56,41"/><U133/><E36/><V51/><F3/><W74/><G74/><T94/><D118/><U30/><E116/><V122/><F38/><W44/><G71/><T20/><D39/><U129/><E106/><V72/><F72/><W7/><G119/><T10/><D33/><U115/><E30/><V112/><F109/><W52/><G127/><T121/><D114/><U132/><E34/><V69/><F122/><W42/><G42/><T18/><D121/><U68/><E115/><V5/><F131/><N who="1" m="50185" /><E68/><V35/><F35/><W2/><G2/><T45/><D111/><U88/><E101/><V120/><F112/><W110/><G110/><T24/><D108/><U84/><E134/><V60/><F120/><W1/><G1/><T55/><D8/><U82/><E82/><N who="2" m="47431" /><F99/><W25/><G0/><T95/><REACH who="0" step="1"/><D45/><REACH who="0" ten="241,553,107,89" step="2"/><U29/><E29/><V77/><F69/><W58/><G58/><T11/><D11/><U87/><E87/><V62/><F5/><N who="3" m="2123" /><G25/><AGARI ba="3,1" hai="16,23,25,65,66,84,88,93,132,133,135" m="50185" machi="25" ten="40,12000,1" yaku="20,1,19,1,52,1,54,2" doraHai="90" who="1" fromWho="3" sc="241,0,553,139,107,0,89,-129" owari="241,4.0,692,79.0,107,-29.0,-40,-54.0" />
</Scene>
</mjloggm>