<mjloggm ver="2.3"><GO type="169" lobby="0"/><UN n0="%E3%83%94%E3%82%AB%E5%90%BE%E9%83%8E" n1="%E5%A4%AA%E3%81%8F%E3%81%AA%E3%81%84%E3%81%8A" n2="%E5%B9%B3%E4%BA%95%E9%8A%80%E4%BA%8C" n3="%57%6F%6D%62%61%74" dan="16,18,17,16" rate="2111.20,2249.77,2158.27,2065.99" sx="M,M,F,M"/><TAIKYOKU oya="0"/>

<Scene>
<INIT seed="0,0,0,4,1,125" ten="250,250,250,250" oya="0" hai0="44,84,131,12,113,21,103,120,78,54,109,111,72" hai1="112,119,1,41,114,8,25,102,57,17,83,124,128" hai2="33,92,80,108,64,58,89,7,61,74,52,87,50" hai3="47,6,9,98,117,96,37,134,63,43,5,24,69"/><T32/><D32/><U107/><E119/><V122/><F122/><W4/><G134/><T60/><D120/><U81/><E124/><V85/><F108/><N who="0" m="41546" /><D72/><U79/><E41/><V95/><F33/><W86/><G117/><T99/><D113/><U42/><E42/><V75/><F7/><W93/><G24/><T49/><D60/><U104/><E57/><V18/><F18/><W22/><G22/><T11/><D21/><U82/><E79/><V135/><F135/><W101/><G86/><T116/><D84/><U15/><E25/><V45/><REACH who="2" step="1"/><F95/><REACH who="2" ten="250,250,240,250" step="2"/><W36/><G93/><N who="0" m="58863" /><D116/><U53/><E114/><V73/><F73/><W88/><G4/><T115/><D115/><U13/><E112/><V121/><F121/><W31/><G5/><N who="0" m="3183" /><D78/><AGARI ba="0,1" hai="45,50,52,58,61,64,74,75,78,80,85,87,89,92" machi="78" ten="30,3900,0" yaku="1,1,7,1,54,1,53,0" doraHai="125" doraHaiUra="30" who="2" fromWho="0" sc="250,-39,250,0,240,49,250,0" />
</Scene>
<Scene>
<INIT seed="1,0,0,4,0,74" ten="211,250,289,250" oya="1" hai0="41,68,103,16,135,11,130,42,134,33,31,111,126" hai1="80,119,121,48,132,77,9,14,32,15,51,8,107" hai2="21,82,93,108,109,39,43,53,37,129,17,118,124" hai3="73,23,59,49,22,63,56,67,127,104,112,34,106"/><U78/><E119/><V128/><F118/><W66/><G73/><T52/><D68/><U46/><E121/><V96/><F124/><W87/><G127/><T2/><D126/><U114/><E114/><V101/><F53/><W71/><G34/><T62/><D2/><U61/><E32/><V44/><F39/><W99/><G87/><T6/><D6/><N who="1" m="3351" /><E107/><V10/><F10/><W120/><G71/><T64/><D64/><U58/><E80/><V40/><F40/><W45/><G120/><T83/><D103/><U30/><E30/><V113/><F113/><W0/><G0/><T90/><D31/><U75/><E75/><V28/><F28/><W84/><G84/><T81/><D81/><U97/><E97/><V79/><F17/><W92/><G112/><T5/><D5/><N who="1" m="3503" /><E132/><V29/><F21/><W24/><G106/><T20/><D33/><U38/><E38/><V94/><F29/><W125/><G104/><T123/><D11/><U76/><E46/><V117/><F94/><W70/><G70/><T115/><D123/><U4/><E4/><V89/><F117/><W12/><G92/><T50/><D115/><U110/><E110/><N who="2" m="42603" /><F101/><W25/><G125/><T7/><D111/><U47/><E47/><V60/><F44/><W54/><G99/><T72/><D7/><U26/><E26/><N who="3" m="10346" /><G12/><N who="0" m="9223" /><D134/><U57/><E57/><V116/><F116/><W36/><G36/><T105/><D105/><U85/><E85/><V3/><F37/><W122/><G122/><T86/><D72/><U19/><E19/><V35/><F35/><W98/><G98/><T18/><D135/><RYUUKYOKU ba="0,0" sc="211,-15,250,15,289,-15,250,15" hai1="48,51,58,61,76,77,78" hai3="22,23,45,49,54,56,59,63,66,67" />
</Scene>
<Scene>
<INIT seed="1,1,0,4,3,90" ten="196,265,274,265" oya="1" hai0="25,78,114,9,3,95,135,119,32,60,40,74,80" hai1="18,73,1,36,83,69,133,96,65,8,37,56,91" hai2="26,126,77,76,42,93,108,15,131,38,35,13,68" hai3="124,49,24,117,88,130,54,23,132,47,61,11,48"/><U67/><E69/><V55/><F68/><W31/><G124/><T102/><D114/><U86/><E73/><V12/><F126/><W109/><G109/><T84/><D119/><U121/><E121/><V50/><F108/><W30/><G130/><T17/><D135/><U45/><E133/><V2/><F2/><W99/><G132/><T89/><D60/><U20/><E96/><V100/><F131/><W111/><G111/><T43/><D102/><U57/><E1/><V33/><F42/><N who="3" m="24695" /><G61/><T106/><D106/><U75/><E75/><V66/><F66/><N who="1" m="25097" /><E36/><V123/><F38/><W63/><G63/><T62/><D62/><U70/><E37/><V64/><F64/><W34/><G34/><T120/><D120/><U7/><E70/><V71/><F71/><W87/><G99/><T125/><D125/><U118/><E118/><V52/><F33/><W41/><G41/><T29/><REACH who="0" step="1"/><D17/><REACH who="0" ten="186,265,274,265" step="2"/><U22/><E18/><V53/><F123/><W98/><G117/><T101/><D101/><U82/><E7/><AGARI ba="1,1" hai="3,7,9,25,29,32,40,43,74,78,80,84,89,95" machi="7" ten="40,5200,0" yaku="1,1,52,1,53,1" doraHai="90" doraHaiUra="81" who="0" fromWho="1" sc="186,65,265,-55,274,0,265,0" />
</Scene>
<Scene>
<INIT seed="2,0,0,4,1,108" ten="251,210,274,265" oya="2" hai0="118,129,78,7,52,119,62,68,40,130,51,115,3" hai1="95,92,41,30,106,54,53,18,20,23,91,85,43" hai2="57,22,84,39,11,28,81,55,15,35,111,112,88" hai3="72,45,14,48,56,73,134,29,5,77,124,105,31"/><V13/><F35/><W123/><G105/><T32/><D32/><U133/><E106/><V58/><F112/><W100/><G100/><T9/><D40/><N who="1" m="15435" /><E133/><V4/><F39/><W6/><G134/><T63/><D78/><U117/><E117/><N who="0" m="44553" /><D115/><U33/><E33/><V36/><F36/><W122/><G56/><N who="0" m="32799" /><D68/><U116/><E116/><V101/><F111/><W83/><G124/><T69/><D69/><U128/><E128/><AGARI ba="0,0" hai="3,7,9,62,63,128,129,130" m="32799,44553" machi="128" ten="30,3900,0" yaku="19,1,12,1,54,1" doraHai="108" who="0" fromWho="1" sc="251,39,210,-39,274,0,265,0" />
</Scene>
<Scene>
<INIT seed="3,0,0,2,2,33" ten="290,171,274,265" oya="3" hai0="135,8,115,53,12,129,108,43,36,64,15,67,16" hai1="113,124,23,21,28,31,88,7,56,24,4,60,74" hai2="99,54,38,100,37,40,3,111,91,121,2,134,94" hai3="97,69,112,26,107,70,0,133,76,71,20,18,32"/><W95/><G112/><T14/><D108/><U118/><E74/><V11/><F111/><W52/><G107/><T101/><D115/><U114/><E124/><V127/><F127/><W50/><G133/><T130/><D135/><U116/><E56/><V39/><F134/><W104/><G104/><T80/><D101/><U125/><E60/><V35/><F35/><W19/><G32/><T102/><D102/><U106/><E106/><V132/><F132/><W89/><G76/><T128/><D53/><U5/><E125/><V117/><F117/><N who="1" m="45161" /><E88/><V45/><F121/><W63/><G63/><T27/><D80/><U10/><E10/><V22/><F11/><W119/><G119/><T83/><D8/><U17/><E31/><V79/><F79/><W93/><G93/><T68/><D83/><U123/><E123/><V75/><F75/><W126/><G126/><T48/><D36/><U90/><E90/><V6/><F39/><W120/><G120/><T58/><D68/><U41/><E41/><V105/><F38/><W29/><REACH who="3" step="1"/><G0/><REACH who="3" ten="290,171,274,255" step="2"/><T72/><D128/><U30/><E30/><V51/><F2/><W81/><G81/><T73/><D130/><U65/><E65/><V82/><F82/><W62/><G62/><N who="0" m="37975" /><D67/><U34/><E34/><V84/><F94/><W86/><G86/><T77/><D129/><U110/><E110/><V96/><F3/><W59/><AGARI ba="0,1" hai="18,19,20,26,29,50,52,59,69,70,71,89,95,97" machi="59" ten="30,6000,0" yaku="1,1,0,1,54,1,53,0" doraHai="33" doraHaiUra="61" who="3" fromWho="3" sc="290,-20,171,-20,274,-20,255,70" />
</Scene>
<Scene>
<INIT seed="3,1,0,2,5,78" ten="270,151,254,325" oya="3" hai0="11,6,116,84,60,90,28,120,17,82,64,63,44" hai1="129,71,110,93,107,98,105,132,77,32,135,9,69" hai2="66,5,131,33,46,59,24,18,10,111,114,83,73" hai3="122,118,108,39,38,121,50,37,101,128,72,112,91"/><W57/><G72/><T130/><D116/><U30/><E110/><V89/><F114/><W7/><G112/><T74/><D120/><U56/><E129/><V80/><F111/><W79/><G108/><T61/><D130/><U27/><E77/><V47/><F131/><W35/><G128/><T4/><D74/><U97/><E56/><V68/><F68/><N who="1" m="26185" /><E9/><V119/><F119/><W20/><G35/><T102/><D28/><U81/><E81/><V117/><F73/><W42/><G118/><T49/><D102/><N who="1" m="60719" /><E98/><V45/><F33/><W23/><G37/><T86/><D84/><U26/><E26/><V54/><F66/><W92/><G38/><T104/><D64/><U106/><E106/><V14/><F89/><W41/><G39/><T124/><D104/><U75/><E75/><V133/><F117/><W85/><G101/><T127/><D17/><U134/><AGARI ba="1,0" hai="27,30,32,105,107,132,134,135" m="60719,26185" machi="134" ten="40,1500,0" yaku="20,1" doraHai="78" who="1" fromWho="1" sc="270,-5,151,18,254,-5,325,-8" />
</Scene>
<Scene>
<INIT seed="4,0,0,0,2,113" ten="265,169,249,317" oya="0" hai0="7,66,54,59,84,104,31,41,12,27,51,35,19" hai1="93,43,55,111,88,91,70,77,102,126,57,15,97" hai2="39,50,30,22,20,119,9,124,83,87,96,36,120" hai3="14,76,117,42,17,64,133,134,38,135,11,92,63"/><T98/><D7/><U105/><E111/><V101/><F120/><W82/><G117/><T25/><D27/><U122/><E122/><V52/><F124/><W123/><G123/><T34/><D35/><U99/><E70/><V10/><F119/><W112/><G112/><T69/><D41/><U72/><E126/><V61/><F61/><W75/><G92/><T95/><D84/><U32/><E32/><V26/><F22/><W89/><G89/><T56/><D104/><U44/><E15/><V100/><F36/><W127/><G127/><T5/><D5/><U49/><E77/><V115/><F39/><W110/><G110/><T90/><D69/><U80/><E72/><V78/><F115/><W24/><G38/><T94/><D95/><U116/><E116/><V53/><F53/><W131/><G42/><T60/><D66/><U4/><E4/><V106/><REACH who="2" step="1"/><F100/><REACH who="2" ten="265,169,239,317" step="2"/><W107/><G133/><T37/><D37/><U0/><E43/><V103/><F103/><W73/><G134/><T21/><D60/><U71/><E71/><V28/><F28/><W1/><G63/><T62/><D62/><U128/><E102/><V45/><AGARI ba="0,1" hai="9,10,20,26,30,45,50,52,78,83,87,96,101,106" machi="45" ten="20,8000,1" yaku="1,1,0,1,7,1,54,1,53,1" doraHai="113" doraHaiUra="18" who="2" fromWho="2" sc="265,-40,169,-20,239,90,317,-20" />
</Scene>
<Scene>
<INIT seed="5,0,0,5,4,72" ten="225,149,329,297" oya="1" hai0="89,134,10,62,92,43,104,2,59,63,130,99,78" hai1="111,83,40,70,117,87,98,51,123,102,58,100,22" hai2="60,49,85,44,57,131,103,55,69,20,94,124,126" hai3="80,45,108,67,119,122,39,125,97,82,114,17,118"/><U76/><E117/><N who="3" m="44554" /><G67/><T90/><D104/><U6/><E123/><V24/><F69/><W66/><G66/><T37/><D37/><U75/><E70/><V135/><F135/><W95/><G122/><T35/><D43/><U30/><E111/><V74/><F74/><W84/><G108/><T7/><D35/><U68/><E68/><V33/><F33/><W65/><G65/><T16/><D59/><U1/><E75/><V42/><F131/><W50/><G39/><T107/><D107/><U14/><E1/><V120/><F120/><W4/><G114/><T106/><D106/><U3/><E3/><V112/><F112/><W133/><G4/><T53/><D130/><U0/><E0/><V41/><F41/><N who="3" m="24879" /><G125/><T23/><D134/><U27/><E98/><V21/><F42/><W13/><G84/><T52/><D63/><U18/><E6/><V105/><F60/><W101/><G133/><T34/><D62/><U47/><REACH who="1" step="1"/><E58/><REACH who="1" ten="225,139,329,297" step="2"/><N who="2" m="33135" /><F124/><W8/><AGARI ba="0,1" hai="8,13,17,80,82,95,97,101" m="24879,44554" machi="8" ten="30,1100,0" yaku="12,1" doraHai="72" who="3" fromWho="3" sc="225,-3,139,-5,329,-3,297,21" />
</Scene>
<Scene>
<INIT seed="6,0,0,1,2,111" ten="222,134,326,318" oya="2" hai0="25,47,127,42,132,29,75,51,107,65,124,112,3" hai1="125,53,92,69,77,15,22,0,63,90,105,54,67" hai2="113,74,117,35,86,41,130,4,81,71,116,23,62" hai3="135,31,50,79,64,106,99,14,120,95,101,102,38"/><V131/><F35/><W5/><G38/><T9/><D107/><U12/><E0/><V78/><F4/><W87/><G135/><T85/><D75/><U97/><E125/><V33/><F33/><W133/><G133/><T94/><D65/><U39/><E39/><V88/><F41/><W55/><G64/><T19/><D132/><U11/><E77/><V76/><F23/><W30/><G106/><T52/><D42/><U82/><E82/><N who="2" m="45335" /><F62/><W2/><G2/><T46/><D46/><U8/><E105/><V20/><F20/><W17/><G120/><T43/><D43/><U27/><E15/><V93/><F71/><W100/><G5/><T36/><D19/><U109/><E109/><V45/><F45/><N who="3" m="28111" /><G87/><T68/><D68/><U104/><E104/><V84/><F113/><W103/><G79/><T115/><D9/><AGARI ba="0,0" hai="9,14,17,30,31,95,99,100,101,102,103" m="28111" machi="9" ten="30,1000,0" yaku="8,1" doraHai="111" who="3" fromWho="0" sc="222,-10,134,0,326,0,318,10" />
</Scene>
<Scene>
<INIT seed="7,0,0,0,1,109" ten="212,134,326,328" oya="3" hai0="31,95,115,4,117,83,111,65,8,6,87,78,53" hai1="71,44,129,127,102,36,24,1,90,30,84,67,51" hai2="85,105,69,124,38,135,59,47,94,112,99,58,73" hai3="91,32,28,104,134,11,110,70,120,96,123,119,27"/><W86/><G119/><T46/><D111/><U89/><E129/><V12/><F112/><W52/><G134/><T126/><D126/><U108/><E108/><V118/><F73/><W122/><G110/><T131/><D65/><U97/><E127/><V113/><F113/><W54/><G70/><T21/><D117/><U101/><E1/><V19/><F69/><W25/><G25/><T80/><D95/><U29/><E36/><V37/><F135/><W107/><G11/><T55/><D8/><U62/><E84/><V48/><F38/><W5/><G5/><T125/><D115/><U18/><E101/><V72/><F72/><W33/><G33/><T42/><D131/><U82/><E30/><V39/><F39/><W34/><G34/><T60/><D4/><U43/><E18/><V75/><F75/><W79/><G79/><T41/><D78/><U15/><E15/><V77/><F105/><W103/><REACH who="3" step="1"/><G107/><REACH who="3" ten="212,134,326,318" step="2"/><T98/><D6/><U63/><E82/><AGARI ba="0,1" hai="27,28,32,52,54,82,86,91,96,103,104,120,122,123" machi="82" ten="40,12000,1" yaku="1,1,2,1,54,1,53,1" doraHai="109" doraHaiUra="81" who="3" fromWho="1" sc="212,0,134,-120,326,0,318,130" owari="212,-19.0,14,-49.0,326,13.0,448,55.0" />
</Scene>
</mjloggm>