<mjloggm ver="2.3"><GO type="169" lobby="0"/><UN n0="%E7%94%98%E7%B2%95%E3%81%A4%E3%81%B0%E3%82%81" n1="%E5%A4%AA%E3%81%8F%E3%81%AA%E3%81%84%E3%81%8A" n2="%E5%BE%A9%E8%AE%90%E3%81%A1%E3%82%83%E3%82%93" n3="%6E%61%63%6F%6D%61%69%69" dan="16,18,17,16" rate="2074.27,2236.54,2133.52,2076.53" sx="F,M,F,F"/><TAIKYOKU oya="0"/>

<Scene>
<INIT seed="0,0,0,4,3,55" ten="250,250,250,250" oya="0" hai0="63,3,80,1,100,101,114,67,90,85,20,33,6" hai1="98,45,94,73,70,71,86,56,106,133,75,54,131" hai2="40,44,103,109,117,47,5,7,81,13,46,31,17" hai3="32,69,43,116,16,2,93,112,84,57,15,64,4"/><T126/><D114/><U41/><E131/><V125/><F109/><W39/><G116/><T102/><D33/><U111/><E111/><V108/><F125/><W129/><G112/><T115/><D115/><U53/><E106/><V42/><F117/><W49/><G129/><T29/><D126/><U124/><E124/><V0/><F0/><W123/><G32/><T82/><D6/><U97/><E133/><V21/><F108/><W65/><G123/><T113/><D113/><U60/><E86/><V26/><F103/><W24/><G24/><T72/><D29/><U58/><E45/><V119/><F81/><W121/><G69/><T132/><D132/><U34/><E34/><V95/><F95/><W89/><G39/><T62/><D20/><U83/><E41/><N who="2" m="15979" /><F119/><W51/><G4/><T35/><D35/><U91/><E97/><V48/><F48/><W79/><G79/><T9/><D9/><AGARI ba="0,0" hai="5,7,9,13,17,21,26,31,44,46,47" m="15979" machi="9" ten="30,1000,0" yaku="8,1" doraHai="55" who="2" fromWho="0" sc="250,-10,250,0,250,10,250,0" />
</Scene>
<Scene>
<INIT seed="1,0,0,0,3,22" ten="240,250,260,250" oya="1" hai0="66,21,44,108,72,115,92,102,34,48,111,78,87" hai1="116,119,77,13,31,95,85,41,59,53,99,101,8" hai2="97,4,100,15,127,9,71,81,70,105,86,58,126" hai3="73,88,93,98,114,27,129,2,16,51,38,25,5"/><U0/><E0/><V74/><F74/><W60/><G38/><T112/><D34/><U103/><E41/><V61/><F126/><W113/><G73/><T117/><D66/><U128/><E128/><V28/><F127/><W33/><G129/><T6/><D6/><U17/><E101/><V39/><F39/><W49/><G5/><T43/><D117/><U32/><E77/><V125/><F125/><W104/><G104/><T67/><D67/><U64/><E64/><V1/><F1/><W47/><G60/><T36/><D72/><U46/><E46/><V96/><F96/><W110/><G51/><T30/><D102/><U26/><REACH who="1" step="1"/><E85/><REACH who="1" ten="240,240,260,250" step="2"/><V11/><F86/><W131/><G2/><T29/><D78/><U54/><E54/><V89/><F100/><W107/><G131/><T80/><D87/><U37/><E37/><V63/><F105/><W132/><G107/><T82/><D36/><U12/><E12/><V20/><F15/><W135/><G114/><T18/><D112/><U75/><E75/><V122/><F89/><W109/><G113/><T50/><D115/><U84/><E84/><V83/><F83/><W130/><G130/><T133/><D80/><U134/><E134/><V118/><F81/><W35/><G135/><T69/><D82/><U79/><E79/><V19/><F70/><W94/><G132/><T123/><D69/><U55/><E55/><V57/><F71/><W120/><G120/><T121/><D133/><U24/><E24/><V40/><F40/><W52/><G27/><T14/><D121/><U68/><E68/><V3/><F122/><RYUUKYOKU ba="0,1" sc="240,-10,240,30,260,-10,250,-10" hai1="8,13,17,26,31,32,53,59,95,99,103,116,119" />
</Scene>
<Scene>
<INIT seed="1,1,1,3,5,130" ten="230,270,250,240" oya="1" hai0="14,126,35,66,124,134,8,17,96,78,26,6,110" hai1="32,56,135,47,24,121,68,29,20,100,34,61,46" hai2="60,39,18,103,72,84,111,116,107,15,99,90,122" hai3="79,105,58,88,101,80,70,93,13,89,97,62,59"/><U33/><E121/><V69/><F39/><W43/><G43/><T44/><D110/><U102/><E68/><V76/><F111/><W112/><G112/><T27/><D78/><U81/><E135/><V3/><F3/><W129/><G129/><T83/><D134/><U108/><E108/><V115/><F116/><W74/><G89/><T127/><D83/><U133/><E133/><V45/><F45/><W63/><G13/><N who="0" m="5271" /><D66/><U118/><E118/><V71/><F60/><W5/><G5/><T87/><D87/><U49/><E81/><V51/><F51/><W11/><G11/><N who="0" m="6367" /><D96/><U73/><E73/><V1/><F1/><W120/><G120/><T22/><D44/><U85/><E85/><V7/><F7/><W53/><G70/><T41/><D41/><U67/><REACH who="1" step="1"/><E47/><REACH who="1" ten="230,260,250,240" step="2"/><V75/><F115/><W31/><G31/><N who="0" m="19967" /><D126/><U40/><AGARI ba="1,2" hai="20,24,29,32,33,34,40,46,49,56,61,67,100,102" machi="40" ten="30,3000,0" yaku="1,1,0,1,53,0" doraHai="130" doraHaiUra="123" who="1" fromWho="1" sc="230,-11,260,53,250,-11,240,-11" />
</Scene>
<Scene>
<INIT seed="1,2,0,0,1,123" ten="219,313,239,229" oya="1" hai0="51,135,9,133,59,43,122,16,87,109,102,124,101" hai1="62,105,113,45,55,66,60,116,88,34,131,85,75" hai2="94,33,83,8,15,82,29,111,2,125,18,118,134" hai3="11,40,12,10,107,68,41,130,132,98,119,49,25"/><U23/><E34/><V117/><F125/><W95/><G68/><T72/><D124/><U90/><E75/><V57/><F134/><N who="0" m="51210" /><D72/><U78/><E113/><V38/><F38/><W120/><G107/><T128/><D122/><U21/><E105/><V65/><F2/><W47/><G119/><T27/><D109/><U89/><E131/><V44/><F44/><W35/><G130/><T48/><D128/><U81/><E116/><V69/><F69/><W5/><G132/><T73/><D73/><U39/><E39/><V129/><F129/><W70/><G70/><T100/><D87/><U1/><E1/><V86/><F29/><W46/><G120/><T58/><D43/><U79/><E79/><V71/><F71/><W6/><G35/><T17/><D9/><U126/><E126/><V0/><F33/><W22/><G10/><T7/><D7/><U74/><E74/><V37/><BYE who="1" /><F0/><W61/><G61/><T127/><D127/><U14/><E14/><V56/><F15/><W115/><G5/><T92/><D92/><U121/><E121/><V112/><F8/><W53/><G115/><T103/><N who="0" m="25600" /><DORA hai="3" /><T64/><D64/><UN n1="%E5%A4%AA%E3%81%8F%E3%81%AA%E3%81%84%E3%81%8A" /><U110/><E110/><V63/><F111/><W77/><G77/><T54/><D27/><U26/><E66/><V99/><F65/><W30/><G95/><T80/><D80/><U104/><E104/><V91/><F94/><W67/><G67/><T24/><D24/><U52/><E26/><V13/><F112/><W96/><G41/><T76/><D76/><U50/><E55/><AGARI ba="2,0" hai="16,17,48,51,54,55,58,59" m="25600,51210" machi="55" ten="50,3200,0" yaku="20,1,54,1" doraHai="123,3" who="0" fromWho="1" sc="219,38,313,-38,239,0,229,0" />
</Scene>
<Scene>
<INIT seed="2,0,0,2,5,30" ten="257,275,239,229" oya="2" hai0="64,78,76,121,108,130,96,68,120,100,65,131,24" hai1="36,59,41,92,109,113,114,7,47,85,98,102,6" hai2="33,129,86,101,71,29,62,89,124,87,90,111,10" hai3="58,50,81,11,2,57,134,107,1,18,45,8,51"/><V106/><F124/><W5/><G134/><T49/><D108/><U128/><E109/><V12/><F129/><N who="0" m="49162" /><D49/><U26/><E128/><V54/><F111/><W80/><G107/><N who="0" m="63879" /><D24/><U23/><E85/><V115/><F115/><W125/><G18/><T110/><D110/><U60/><E113/><V19/><F101/><W126/><G45/><T4/><D4/><AGARI ba="0,0" hai="1,2,4,5,8,11,50,51,57,58,80,81,125,126" machi="4" ten="25,1600,0" yaku="22,2" doraHai="30" who="3" fromWho="0" sc="257,-16,275,0,239,0,229,16" />
</Scene>
<Scene>
<INIT seed="3,0,0,1,5,48" ten="241,275,239,245" oya="3" hai0="0,98,130,30,126,55,128,32,117,58,11,68,82" hai1="5,124,25,16,86,40,13,26,35,83,53,122,24" hai2="17,12,81,37,27,65,70,94,64,97,18,87,3" hai3="114,33,99,39,120,2,54,46,69,8,52,129,47"/><W91/><G120/><T44/><D117/><U31/><E122/><V10/><F37/><W79/><G114/><T67/><D126/><U85/><E124/><V61/><F3/><W113/><G33/><T108/><D108/><U1/><E40/><V43/><F43/><W49/><G113/><T112/><D44/><U20/><E53/><N who="3" m="20586" /><G39/><T22/><D98/><U15/><E15/><V84/><F64/><W76/><G2/><T89/><D67/><U96/><E96/><V51/><F51/><W107/><G107/><T132/><D68/><U57/><E57/><V28/><F18/><W116/><G69/><T29/><D128/><U71/><E85/><V88/><REACH who="2" step="1"/><F81/><REACH who="2" ten="241,275,229,245" step="2"/><W134/><G116/><T14/><D0/><U34/><E71/><V93/><F93/><N who="3" m="56767" /><G129/><T56/><D130/><U42/><E42/><V106/><F106/><W104/><G104/><T9/><D112/><U21/><E83/><V41/><F41/><N who="3" m="24783" /><G134/><T102/><D132/><U119/><E119/><V45/><F45/><W6/><G47/><T66/><D56/><U78/><E1/><V50/><F50/><W115/><G115/><T133/><D58/><U103/><E34/><AGARI ba="0,1" hai="10,12,17,27,28,34,61,65,70,84,87,88,94,97" machi="34" ten="30,3900,0" yaku="1,1,7,1,54,1,53,0" doraHai="48" doraHaiUra="127" who="2" fromWho="1" sc="241,0,275,-39,229,49,245,0" />
</Scene>
<Scene>
<INIT seed="4,0,0,0,1,56" ten="241,236,278,245" oya="0" hai0="27,46,36,89,57,85,45,86,7,113,60,3,133" hai1="44,116,114,99,80,23,13,0,79,108,39,37,6" hai2="92,2,43,29,32,125,123,41,53,106,111,127,110" hai3="42,119,71,87,12,70,112,68,61,52,103,66,28"/><T48/><D113/><U18/><E108/><V102/><F106/><W1/><G119/><T121/><D121/><U59/><E116/><V77/><F2/><W115/><G1/><T14/><D133/><U26/><E114/><N who="3" m="43562" /><G28/><T49/><D36/><U30/><E99/><V31/><F77/><W91/><G103/><T98/><D3/><U16/><E59/><V47/><F102/><W58/><G42/><T107/><D27/><U63/><E63/><V81/><F81/><N who="3" m="49647" /><G12/><T84/><D107/><U73/><E44/><N who="0" m="17001" /><D14/><U64/><E64/><AGARI ba="0,0" hai="52,58,61,64,66,68,70,71" m="49647,43562" machi="64" ten="40,5200,0" yaku="15,1,52,1,54,1" doraHai="56" who="3" fromWho="1" sc="241,0,236,-52,278,0,245,52" />
</Scene>
<Scene>
<INIT seed="5,0,0,5,5,36" ten="241,184,278,297" oya="1" hai0="91,88,111,0,39,16,47,99,93,129,45,110,56" hai1="73,68,67,101,53,43,76,75,14,19,106,109,61" hai2="34,44,46,48,70,102,31,29,133,132,107,82,74" hai3="59,57,89,22,77,125,117,32,104,25,90,127,69"/><U100/><E109/><V17/><F70/><W27/><G69/><T116/><D116/><U79/><E53/><V71/><F71/><W97/><G77/><T24/><D0/><U8/><E43/><V63/><F63/><W6/><G6/><T33/><D129/><U98/><REACH who="1" step="1"/><E101/><REACH who="1" ten="241,174,278,297" step="2"/><V40/><F102/><W119/><G119/><T21/><D110/><U124/><E124/><V122/><F40/><W72/><G117/><T11/><D111/><U20/><E20/><V66/><F66/><W86/><G125/><T64/><D33/><U37/><E37/><V65/><F65/><W78/><G22/><T134/><D39/><U118/><E118/><V38/><F38/><W121/><G32/><T10/><D134/><U128/><E128/><V130/><F130/><W92/><G127/><T103/><D10/><U84/><E84/><V35/><F35/><W3/><G86/><T62/><D11/><U15/><E15/><V115/><F132/><W23/><G23/><T94/><D103/><U13/><E13/><V12/><F12/><W55/><G55/><T41/><D41/><U105/><E105/><V49/><F107/><W42/><G104/><T5/><D5/><U87/><E87/><AGARI ba="0,1" hai="16,21,24,45,47,56,62,64,87,88,91,93,94,99" machi="87" ten="30,7700,0" yaku="7,1,8,1,54,2" doraHai="36" who="0" fromWho="1" sc="241,87,174,-77,278,0,297,0" />
</Scene>
<Scene>
<INIT seed="6,0,0,5,2,64" ten="328,97,278,297" oya="2" hai0="126,41,45,117,25,131,75,40,112,65,69,17,118" hai1="22,23,18,9,101,125,60,56,98,116,89,124,59" hai2="107,99,106,49,20,96,81,78,70,88,21,3,90" hai3="93,104,108,8,11,113,0,39,127,47,82,54,57"/><V34/><F34/><W73/><G108/><T102/><D75/><U58/><E116/><N who="0" m="44649" /><D112/><U85/><E125/><V94/><F3/><W28/><G104/><T91/><D131/><U76/><E124/><V120/><F120/><W77/><G28/><T121/><D121/><U48/><E76/><V2/><F2/><W52/><G113/><T71/><D102/><U51/><E9/><V115/><F115/><W27/><G27/><T135/><D135/><U109/><E109/><V105/><F49/><W46/><G127/><T12/><D25/><U19/><E60/><V103/><F70/><W42/><G93/><T33/><D33/><U74/><E74/><N who="2" m="43223" /><F20/><W100/><G100/><T50/><D91/><N who="2" m="34858" /><F21/><W15/><G47/><N who="0" m="25959" /><D65/><U37/><E37/><V67/><F67/><W43/><G43/><T5/><D5/><U55/><E48/><V6/><F6/><N who="3" m="1095" /><G57/><T129/><D129/><U38/><E38/><V128/><F128/><W122/><G122/><T24/><D24/><U7/><E7/><AGARI ba="0,0" hai="7,11,15,39,42,46,52,54,73,77,82" m="1095" machi="7" ten="30,2000,0" yaku="25,1,54,1" doraHai="64" who="3" fromWho="1" sc="328,0,97,-20,278,0,297,20" />
</Scene>
<Scene>
<INIT seed="7,0,0,1,1,82" ten="328,77,278,317" oya="3" hai0="118,2,49,81,1,9,46,90,75,44,66,96,25" hai1="132,29,15,123,21,8,87,80,77,42,55,19,18" hai2="110,26,30,16,127,131,129,5,40,128,45,24,83" hai3="38,59,107,95,3,48,69,14,98,100,64,17,65"/><W85/><G38/><T108/><D75/><U28/><E132/><V36/><F110/><W94/><G3/><T72/><D72/><U31/><E123/><V58/><F5/><W22/><G69/><T120/><D108/><U0/><E0/><V121/><F121/><W33/><G33/><T92/><D118/><U7/><E55/><V35/><F127/><W134/><G134/><T27/><D66/><N who="3" m="25705" /><G107/><T106/><D106/><U99/><E99/><V23/><F58/><W52/><G95/><T37/><D37/><U112/><E112/><V102/><F102/><W84/><AGARI ba="0,0" hai="14,17,22,48,52,59,84,85,94,98,100" m="25705" machi="84" ten="30,11700,0" yaku="8,1,52,2,54,1" doraHai="82" who="3" fromWho="3" sc="328,-39,77,-39,278,-39,317,117" owari="289,9.0,38,-46.0,239,-16.0,434,53.0" />
</Scene>
</mjloggm>