<mjloggm ver="2.3"><GO type="169" lobby="0"/><UN n0="%E5%A4%AA%E3%81%8F%E3%81%AA%E3%81%84%E3%81%8A" n1="%E3%81%86%E3%81%9F%E3%81%B2%E3%82%81" n2="%E6%B9%98%E5%8C%97%E2%91%AD%E4%B8%89%E4%BA%95%E5%AF%BF" n3="%E3%82%A8%E3%83%83%E3%83%95%E3%82%A7%E3%83%AB%E5%A1%94" dan="19,16,16,16" rate="2324.82,2026.50,2118.84,2071.42" sx="F,M,M,M"/><TAIKYOKU oya="0"/>

<Scene>
<INIT seed="0,0,0,2,5,7" ten="250,250,250,250" oya="0" hai0="66,113,127,89,19,55,99,3,25,93,95,71,14" hai1="132,68,4,10,104,70,51,27,24,107,20,49,0" hai2="63,8,33,83,46,96,105,103,67,90,5,100,50" hai3="97,2,22,126,106,62,17,128,56,18,120,134,54"/><T69/><D113/><U82/><E132/><V52/><F33/><W79/><G79/><T34/><D3/><U47/><E27/><V129/><F129/><W114/><G2/><T60/><D127/><U26/><E24/><V15/><F100/><W45/><G18/><T13/><D71/><U123/><E123/><V80/><REACH who="2" step="1"/><F90/><REACH who="2" ten="250,250,240,250" step="2"/><W65/><G128/><T53/><D34/><U44/><E107/><V133/><F133/><W32/><G32/><T6/><D25/><U88/><E104/><V125/><F125/><W38/><G126/><T77/><D77/><U72/><E72/><V9/><F9/><W81/><G106/><T11/><REACH who="0" step="1"/><D93/><REACH who="0" ten="240,250,240,250" step="2"/><U35/><E35/><V118/><F118/><W91/><G134/><T73/><D73/><U108/><E108/><V122/><F122/><W101/><G120/><T16/><D16/><U37/><E4/><V124/><F124/><W74/><G74/><T57/><D57/><AGARI ba="0,2" hai="5,8,15,46,50,52,57,63,67,80,83,96,103,105" machi="57" ten="30,8000,1" yaku="1,1,7,1,52,1,54,1,53,1" doraHai="7" doraHaiUra="42" who="2" fromWho="0" sc="240,-80,250,0,240,100,250,0" />
</Scene>
<Scene>
<INIT seed="1,0,0,2,3,110" ten="160,250,340,250" oya="1" hai0="50,105,83,114,21,16,60,84,55,54,128,19,2" hai1="23,40,70,14,41,1,28,92,86,130,102,30,42" hai2="4,78,53,90,117,106,39,22,134,25,58,48,12" hai3="85,65,67,62,6,56,61,17,116,69,109,0,9"/><U10/><E1/><V99/><F39/><W3/><G109/><T68/><D105/><U118/><E70/><V101/><F134/><W113/><G116/><T89/><D2/><U24/><E130/><V96/><F78/><W122/><G3/><T88/><D128/><U75/><E75/><V34/><F34/><W98/><G122/><T80/><D114/><U104/><E104/><V79/><F79/><W45/><G98/><T33/><D33/><U44/><E118/><V46/><F117/><W91/><G45/><T11/><D68/><U64/><E64/><V94/><F46/><W43/><G43/><T18/><D11/><U97/><E86/><V26/><REACH who="2" step="1"/><F4/><REACH who="2" ten="160,250,330,250" step="2"/><W63/><G17/><AGARI ba="0,1" hai="12,17,22,25,26,48,53,58,90,94,96,99,101,106" machi="17" ten="40,2600,0" yaku="1,1,2,1,53,0" doraHai="110" doraHaiUra="57" who="2" fromWho="3" sc="160,0,250,0,330,36,250,-26" />
</Scene>
<Scene>
<INIT seed="2,0,0,5,1,32" ten="160,250,366,224" oya="2" hai0="44,40,51,127,49,13,46,57,7,93,133,34,118" hai1="87,82,101,43,37,54,104,105,0,18,1,39,2" hai2="33,5,72,16,125,77,96,75,60,15,42,48,9" hai3="3,14,85,89,29,67,8,71,114,94,68,109,50"/><V112/><F33/><W120/><G120/><T62/><D34/><U86/><E101/><V83/><F112/><W61/><G114/><T107/><D107/><N who="1" m="41035" /><E82/><V69/><F125/><W126/><G126/><T27/><D127/><U113/><E54/><V58/><F96/><W110/><G29/><T22/><D133/><U115/><E43/><V81/><F69/><W84/><G50/><T102/><D118/><U122/><E18/><V108/><F108/><N who="3" m="41579" /><G71/><T36/><D13/><U134/><E134/><V55/><F5/><N who="3" m="1087" /><G14/><T130/><D7/><U132/><E132/><V76/><F42/><W97/><AGARI ba="0,0" hai="61,67,68,84,85,89,94,97" m="1087,41579" machi="97" ten="30,2000,0" yaku="14,1,52,1" doraHai="32" who="3" fromWho="3" sc="160,-5,250,-5,366,-10,224,20" />
</Scene>
<Scene>
<INIT seed="3,0,0,1,4,10" ten="155,245,356,244" oya="3" hai0="118,58,5,62,96,24,110,52,105,89,12,78,127" hai1="69,35,63,36,53,67,21,47,114,90,73,112,42" hai2="7,77,132,6,128,80,99,131,87,125,115,102,37" hai3="91,56,119,30,101,103,92,20,97,59,104,60,129"/><W13/><G129/><N who="2" m="49737" /><F37/><W51/><G119/><T81/><D118/><U26/><E35/><V70/><F70/><W41/><G104/><T72/><D110/><U23/><E73/><V107/><F115/><W49/><G30/><T120/><D120/><U29/><E90/><V95/><F132/><W113/><G113/><T54/><D127/><U79/><E79/><V126/><F7/><W28/><G59/><T71/><D71/><U33/><E33/><V32/><F32/><W9/><G41/><T50/><D24/><U133/><E133/><V48/><F6/><N who="3" m="3255" /><G20/><T85/><D5/><U109/><E109/><V25/><F25/><W38/><G28/><T64/><D12/><U16/><REACH who="1" step="1"/><E53/><REACH who="1" ten="155,235,356,244" step="2"/><V43/><F43/><W31/><G31/><T2/><D2/><U22/><E22/><V55/><F107/><W76/><G76/><T61/><D54/><U0/><E0/><V100/><F102/><N who="3" m="38923" /><G38/><T40/><D40/><U14/><AGARI ba="0,1" hai="14,16,21,23,26,29,36,42,47,63,67,69,112,114" machi="14" ten="20,8000,1" yaku="1,1,0,1,7,1,52,1,54,1,53,0" doraHai="10" doraHaiUra="34" who="1" fromWho="1" sc="155,-20,235,90,356,-20,244,-40" />
</Scene>
<Scene>
<INIT seed="4,0,0,4,5,2" ten="135,325,336,204" oya="0" hai0="95,37,67,33,100,8,64,74,117,134,135,130,110" hai1="127,96,131,46,28,61,92,43,41,14,108,48,97" hai2="9,72,103,40,94,58,114,112,86,71,24,62,0" hai3="128,120,90,85,70,16,123,82,63,75,35,6,15"/><T12/><D117/><U133/><E108/><V91/><F72/><W78/><G35/><T17/><D33/><U68/><E41/><V76/><F71/><W84/><G128/><T10/><D37/><U42/><E42/><V65/><F76/><W101/><G101/><T5/><D74/><U18/><E28/><V39/><F103/><W113/><G113/><N who="2" m="43625" /><F24/><W47/><G47/><T26/><D130/><U11/><E133/><N who="0" m="50697" /><D110/><U51/><E127/><V22/><F22/><N who="3" m="11551" /><G6/><N who="0" m="3095" /><D26/><U107/><E107/><V99/><F40/><W59/><G90/><T36/><D17/><U129/><E43/><V69/><F39/><W93/><G93/><T83/><D83/><U73/><E92/><V53/><F9/><W125/><G125/><T31/><D31/><U38/><E38/><V20/><F20/><W32/><G32/><T109/><D36/><U25/><E25/><V56/><F0/><W119/><G119/><T105/><D105/><U29/><E29/><V66/><F99/><W102/><G102/><T88/><D100/><U52/><E96/><V49/><F69/><W104/><G104/><T106/><D109/><U7/><E97/><V1/><F1/><W60/><G70/><T126/><D126/><U115/><E73/><V19/><F19/><W118/><G118/><T79/><D79/><U27/><E18/><V3/><F3/><W89/><G89/><T87/><D106/><U116/><E27/><V98/><F98/><W13/><G13/><AGARI ba="0,0" hai="5,10,13,64,67,87,88,95" m="3095,50697" machi="13" ten="30,11600,0" yaku="20,1,52,2,54,1" doraHai="2" who="0" fromWho="3" sc="135,116,325,0,336,0,204,-116" />
</Scene>
<Scene>
<INIT seed="4,1,0,3,1,96" ten="251,325,336,88" oya="0" hai0="110,114,87,97,37,77,43,79,98,33,58,24,63" hai1="10,61,108,51,111,90,57,3,89,9,118,16,85" hai2="11,67,131,102,15,26,128,28,27,54,93,116,124" hai3="120,103,4,40,29,78,55,42,94,104,129,44,125"/><T41/><D114/><U113/><E118/><V52/><F116/><W17/><G104/><T109/><D33/><U64/><E113/><V13/><F67/><W121/><G78/><N who="0" m="29707" /><D24/><N who="2" m="9258" /><F28/><W107/><G107/><T23/><D23/><U91/><E3/><V80/><F80/><W75/><G75/><T123/><D87/><U82/><E51/><V88/><F124/><W19/><G29/><T18/><D18/><N who="3" m="6665" /><G4/><T14/><D14/><N who="2" m="5130" /><F11/><W8/><G8/><T6/><D6/><U2/><E2/><V73/><F73/><W105/><G105/><T0/><D0/><U132/><E9/><V130/><F102/><W30/><G30/><T38/><D123/><N who="3" m="47177" /><G125/><T134/><D37/><U69/><E69/><V117/><F117/><W48/><G129/><T135/><D38/><U50/><E50/><V12/><N who="2" m="5138" /><V1/><DORA hai="127" /><F1/><W99/><AGARI ba="1,0" hai="40,42,44,48,55,94,99,103" m="47177,6665" machi="99" ten="30,2000,0" yaku="13,1,52,1" doraHai="96,127" who="3" fromWho="3" sc="251,-11,325,-6,336,-6,88,23" />
</Scene>
<Scene>
<INIT seed="5,0,0,3,4,118" ten="240,319,330,111" oya="1" hai0="60,70,25,117,57,107,18,98,9,94,42,24,99" hai1="122,48,106,88,51,104,85,96,7,93,66,80,81" hai2="49,87,86,41,119,12,116,15,30,28,50,95,2" hai3="0,114,5,62,73,71,84,59,33,34,19,109,102"/><U14/><E122/><V27/><F41/><W36/><G102/><T103/><D70/><U39/><E39/><V64/><F64/><W75/><G84/><T29/><D117/><U90/><E66/><V91/><F2/><W115/><G19/><T58/><D42/><U72/><E106/><V32/><F30/><W8/><G71/><T17/><D9/><N who="1" m="4415" /><E72/><N who="3" m="27722" /><G36/><T3/><D3/><U100/><E104/><V101/><F101/><W56/><G109/><T89/><D24/><U79/><E81/><V130/><F130/><W78/><G78/><T52/><REACH who="0" step="1"/><D57/><REACH who="0" ten="230,319,330,111" step="2"/><N who="3" m="22089" /><G62/><T111/><D111/><U83/><E83/><V31/><F27/><W135/><G135/><T128/><D128/><U1/><E1/><V45/><F119/><W4/><G0/><T13/><D13/><U11/><E11/><V55/><F116/><W123/><G8/><T125/><D125/><U20/><E20/><AGARI ba="0,1" hai="17,18,20,25,29,52,58,60,89,94,98,99,103,107" machi="20" ten="30,3900,0" yaku="1,1,7,1,54,1,53,0" doraHai="118" doraHaiUra="61" who="0" fromWho="1" sc="230,49,319,-39,330,0,111,0" />
</Scene>
<Scene>
<INIT seed="6,0,0,0,2,95" ten="279,280,330,111" oya="2" hai0="130,47,119,54,123,52,66,26,108,80,43,125,79" hai1="113,106,84,101,60,18,49,98,58,56,38,11,50" hai2="82,10,28,74,25,20,86,120,107,3,135,83,30" hai3="29,90,36,55,104,2,42,7,46,9,32,51,105"/><V53/><F107/><W75/><G90/><T40/><D123/><U61/><E38/><V14/><F120/><W27/><G55/><T5/><D108/><U41/><E113/><V69/><F135/><W68/><G51/><T89/><D130/><U0/><E84/><V37/><F37/><W109/><G109/><T126/><D119/><U44/><E0/><V115/><F115/><W12/><G12/><T39/><D43/><U6/><E6/><V73/><F69/><W81/><REACH who="3" step="1"/><G68/><REACH who="3" ten="279,280,330,101" step="2"/><T64/><D89/><U16/><E50/><V57/><F3/><W128/><G128/><T111/><D111/><U121/><E121/><V77/><F30/><W100/><G100/><T4/><D54/><U22/><E60/><V129/><F129/><W114/><G114/><T48/><D39/><U87/><E61/><V34/><F34/><W45/><G45/><T67/><D52/><U15/><E87/><V35/><F35/><W122/><G122/><T91/><D91/><U70/><E70/><V23/><F23/><W94/><G94/><T33/><D33/><U110/><REACH who="1" step="1"/><E110/><REACH who="1" ten="279,270,330,101" step="2"/><V117/><F83/><W133/><G133/><T93/><D48/><U116/><E116/><V62/><REACH who="2" step="1"/><F117/><REACH who="2" ten="279,270,320,101" step="2"/><W127/><G127/><T131/><D126/><U24/><AGARI ba="0,3" hai="11,15,16,18,22,24,41,44,49,56,58,98,101,106" machi="24" ten="20,8000,1" yaku="1,1,0,1,7,1,52,1,54,1,53,0" doraHai="95" doraHaiUra="76" who="1" fromWho="1" sc="279,-20,270,110,320,-40,101,-20" />
</Scene>
<Scene>
<INIT seed="7,0,0,0,2,67" ten="259,380,280,81" oya="3" hai0="115,31,53,133,46,3,114,78,132,56,34,35,127" hai1="71,27,113,54,65,2,104,70,106,30,131,47,26" hai2="50,112,123,7,119,91,98,103,25,93,75,99,0" hai3="77,9,14,84,61,76,48,121,15,110,10,126,69"/><W41/><G121/><T129/><D3/><U111/><E2/><V8/><F75/><W44/><G126/><T40/><D78/><U19/><E65/><V128/><F123/><W58/><G110/><T97/><D97/><U12/><E26/><V118/><F128/><W49/><G69/><T100/><D100/><U125/><E125/><V57/><F112/><N who="0" m="43050" /><D127/><U45/><E54/><V37/><F37/><W16/><G84/><T1/><D1/><U73/><E73/><V33/><F57/><W66/><REACH who="3" step="1"/><G49/><REACH who="3" ten="259,380,280,71" step="2"/><N who="0" m="30767" /><D129/><U24/><E131/><V122/><F50/><W11/><G11/><T64/><D64/><U59/><E71/><V42/><F122/><W108/><G108/><T85/><D85/><U107/><E70/><V38/><F38/><W95/><G95/><T62/><D62/><U68/><E68/><V51/><F51/><W43/><G43/><T6/><D133/><U74/><E111/><V18/><F42/><W90/><G90/><T134/><D134/><U94/><E94/><V36/><F36/><W72/><G72/><T55/><D132/><U96/><E106/><V135/><F135/><W101/><G101/><T109/><D109/><U29/><E74/><V87/><F118/><W52/><G52/><T13/><D55/><U89/><E89/><V28/><F119/><W92/><G92/><T105/><D105/><U83/><E104/><N who="2" m="63615" /><F87/><W17/><AGARI ba="0,1" hai="9,10,14,15,16,17,41,44,48,58,61,66,76,77" machi="17" ten="20,18000,2" yaku="1,1,0,1,7,1,9,1,8,1,54,1,53,0" doraHai="67" doraHaiUra="102" who="3" fromWho="3" sc="259,-60,380,-60,280,-60,71,190" />
</Scene>
<Scene>
<INIT seed="7,1,0,1,4,120" ten="199,320,220,261" oya="3" hai0="111,6,62,7,4,79,84,8,74,95,104,70,101" hai1="97,19,48,28,91,9,78,57,119,66,134,82,102" hai2="0,72,93,89,132,41,56,16,25,30,12,76,77" hai3="49,31,36,37,44,17,73,3,85,1,60,129,100"/><W105/><G73/><T67/><D104/><U40/><E28/><V64/><F0/><W14/><G31/><T21/><D74/><U10/><E91/><V122/><F122/><W46/><G46/><T53/><D21/><U65/><E65/><V11/><F132/><W29/><G29/><T88/><D79/><U83/><E83/><V124/><F124/><W15/><G15/><T115/><D111/><U13/><E9/><V63/><F72/><W135/><G85/><T81/><D115/><U113/><E113/><V99/><REACH who="2" step="1"/><F41/><REACH who="2" ten="199,320,210,261" step="2"/><W20/><G135/><T24/><D24/><U123/><E123/><V45/><F45/><W52/><G44/><T108/><D108/><U71/><E40/><V18/><F18/><W68/><G17/><T42/><D42/><U114/><E19/><V103/><F103/><W127/><G100/><T43/><D43/><U75/><E102/><V47/><F47/><W54/><G127/><T130/><D130/><U55/><E134/><V87/><F87/><W22/><G3/><T27/><D27/><U121/><E75/><V112/><F112/><W33/><G1/><T2/><REACH who="0" step="1"/><D53/><REACH who="0" ten="189,320,210,261" step="2"/><N who="1" m="31911" /><E114/><V107/><F107/><W58/><G105/><T34/><D34/><AGARI ba="1,2" hai="11,12,16,25,30,34,56,63,64,76,77,89,93,99" machi="34" ten="30,3900,0" yaku="1,1,7,1,54,1,53,0" doraHai="120" doraHaiUra="118" who="2" fromWho="0" sc="189,-42,320,0,210,62,261,0" owari="147,-35.0,320,42.0,272,7.0,261,-14.0" />
</Scene>
</mjloggm>