<mjloggm ver="2.3"><GO type="169" lobby="0"/><UN n0="%E3%82%AC%E3%83%9F%E3%82%B4%E3%83%B3" n1="%E3%82%89%E3%81%8F%E3%81%A0%EF%BC%90%EF%BC%91%EF%BC%90%EF%BC%99" n2="%E5%A4%AA%E3%81%8F%E3%81%AA%E3%81%84%E3%81%8A" n3="%6B%69%6D%38" dan="17,17,19,16" rate="2187.41,2198.89,2291.31,2116.23" sx="M,M,F,M"/><TAIKYOKU oya="0"/>

<Scene>
<INIT seed="0,0,0,4,3,32" ten="250,250,250,250" oya="0" hai0="135,129,40,59,96,125,84,56,1,83,69,46,52" hai1="97,43,17,51,34,101,123,79,89,30,116,103,73" hai2="111,128,11,10,71,115,41,134,66,18,75,67,72" hai3="6,114,117,28,118,31,16,91,106,74,65,35,68"/><T63/><D125/><U13/><E123/><V26/><F115/><W92/><G74/><T98/><D135/><U47/><E116/><V12/><F41/><W77/><G77/><T3/><D129/><U82/><E34/><V100/><F100/><W93/><G6/><T108/><D108/><U49/><E30/><V104/><F104/><W87/><G106/><T130/><D130/><U29/><E29/><V124/><F128/><W61/><G31/><T58/><D98/><U25/><E25/><V8/><F111/><W22/><G114/><T53/><D96/><U109/><E109/><V105/><F105/><W119/><G28/><T14/><D14/><U7/><E7/><V36/><F36/><W39/><G39/><T0/><D69/><U55/><E89/><V2/><F26/><W15/><REACH who="3" step="1"/><G35/><REACH who="3" ten="250,250,250,240" step="2"/><T102/><D63/><U62/><E62/><V122/><F124/><W78/><G78/><T44/><D102/><U23/><E97/><V37/><F37/><W5/><G5/><T80/><D40/><U132/><E132/><V70/><F134/><W133/><G133/><T107/><D107/><U86/><REACH who="1" step="1"/><E73/><REACH who="1" ten="250,240,250,240" step="2"/><V110/><F75/><W27/><G27/><T24/><D24/><U127/><E127/><V45/><F72/><W126/><G126/><T76/><REACH who="0" step="1"/><D83/><AGARI ba="0,2" hai="15,16,22,61,65,68,83,87,91,92,93,117,118,119" machi="83" ten="40,2600,0" yaku="1,1,54,1,53,0" doraHai="32" doraHaiUra="50" who="3" fromWho="0" sc="250,-26,240,0,250,0,240,46" />
</Scene>
<Scene>
<INIT seed="1,0,0,5,5,123" ten="224,240,250,286" oya="1" hai0="6,27,25,120,105,54,118,56,55,128,28,49,106" hai1="57,71,13,29,46,82,67,86,63,30,66,114,32" hai2="44,70,48,88,99,79,92,24,81,98,26,122,121" hai3="51,111,102,7,116,15,80,14,38,72,34,20,134"/><U36/><E114/><V21/><F70/><W115/><G34/><T8/><D118/><U129/><E129/><V65/><F65/><W135/><G115/><T4/><D128/><U94/><E32/><V19/><F98/><W9/><G38/><T42/><D120/><U87/><E36/><V43/><REACH who="2" step="1"/><F24/><REACH who="2" ten="224,240,240,286" step="2"/><W2/><G116/><T126/><D27/><U37/><E71/><V35/><F35/><W16/><G134/><T60/><D25/><U91/><E67/><V11/><F11/><W101/><G135/><T5/><D8/><U59/><E66/><V62/><F62/><W40/><G9/><T64/><D126/><U68/><E68/><V117/><F117/><W119/><G119/><T52/><REACH who="0" step="1"/><D28/><REACH who="0" ten="214,240,240,286" step="2"/><U53/><E29/><V107/><F107/><W12/><G7/><T109/><D109/><U58/><E30/><V31/><F31/><W110/><G111/><T97/><D97/><U45/><E63/><V22/><F22/><W113/><G20/><T78/><D78/><U76/><E76/><V125/><F125/><W130/><G110/><T18/><D18/><U100/><E13/><V95/><F95/><W84/><G15/><T133/><D133/><U127/><E127/><V103/><F103/><W41/><G102/><T69/><D69/><U47/><E100/><V17/><F17/><W0/><G16/><T50/><D50/><N who="1" m="30903" /><E37/><V23/><F23/><W90/><G101/><T77/><D77/><U132/><E132/><V33/><F33/><W83/><G12/><T1/><D1/><U85/><E94/><V10/><F10/><W131/><G14/><RYUUKYOKU ba="0,2" sc="214,10,240,10,240,10,286,-30" hai0="4,5,6,42,49,52,54,55,56,60,64,105,106" hai1="45,46,47,58,59,82,85,86,87,91" hai2="19,21,26,43,44,48,79,81,88,92,99,121,122" />
</Scene>
<Scene>
<INIT seed="1,1,2,3,3,56" ten="224,250,250,256" oya="1" hai0="44,70,68,108,73,14,128,18,83,90,75,25,9" hai1="36,16,50,88,24,104,42,37,106,99,47,135,57" hai2="38,19,72,132,5,109,71,84,127,89,134,4,94" hai3="64,74,117,46,20,31,45,40,119,81,34,86,1"/><U126/><E135/><N who="2" m="51755" /><F72/><W124/><G74/><T28/><D108/><U133/><E133/><V3/><F38/><W76/><G34/><T130/><D44/><U67/><E126/><V80/><F71/><N who="0" m="27178" /><D90/><U122/><E122/><V118/><F118/><W23/><G124/><T8/><D8/><U95/><E37/><V103/><F127/><W116/><G1/><T65/><D65/><U102/><E102/><V2/><F109/><W61/><G45/><T62/><D62/><U63/><REACH who="1" step="1"/><E36/><REACH who="1" ten="224,240,250,256" step="2"/><V110/><F110/><W39/><REACH who="3" step="1"/><G31/><REACH who="3" ten="224,240,250,246" step="2"/><T69/><D28/><U15/><E15/><V92/><F2/><W29/><G29/><T129/><D14/><U91/><E91/><V26/><F3/><W79/><G79/><T66/><D130/><U33/><E33/><V55/><F89/><W97/><G97/><T60/><D129/><U49/><E49/><V85/><F103/><W107/><G107/><T131/><D128/><U113/><E113/><V115/><F115/><W98/><G98/><T32/><D131/><U121/><E121/><V101/><F101/><W12/><G12/><T43/><D32/><U48/><E48/><V123/><F123/><W35/><G35/><T6/><D25/><U58/><E58/><AGARI ba="1,4" hai="20,23,39,40,46,58,61,64,76,81,86,116,117,119" machi="58" ten="40,5200,0" yaku="1,1,12,1,52,1,53,0" doraHai="56" doraHaiUra="105" who="3" fromWho="1" sc="224,0,240,-55,250,0,246,95" />
</Scene>
<Scene>
<INIT seed="2,0,0,3,4,122" ten="224,185,250,341" oya="2" hai0="37,40,3,83,72,61,135,113,81,120,23,55,90" hai1="22,58,67,65,39,105,88,48,29,114,30,6,71" hai2="5,11,123,96,26,32,13,126,107,47,89,31,131" hai3="54,109,91,14,43,20,78,59,80,119,9,102,73"/><V125/><F123/><W4/><G109/><T92/><D120/><U129/><E39/><V51/><F131/><W19/><G119/><T27/><D3/><U106/><E114/><V132/><F132/><W2/><G102/><T116/><D113/><U75/><E75/><V99/><F107/><W34/><G43/><T74/><D116/><U103/><E6/><V50/><F51/><W28/><G91/><T94/><D94/><U130/><E71/><V8/><F8/><W79/><G80/><T70/><D135/><U97/><E106/><V44/><F44/><W15/><G73/><T100/><D100/><U38/><E38/><V85/><F85/><W45/><G14/><T24/><D24/><U110/><E110/><V7/><F7/><W56/><G45/><T16/><D16/><U112/><BYE who="0" /><E112/><V60/><F60/><N who="3" m="35863" /><G59/><T52/><D52/><U1/><E1/><V111/><F111/><W108/><G108/><T64/><D64/><U33/><E33/><V98/><REACH who="2" step="1"/><F89/><REACH who="2" ten="224,185,240,341" step="2"/><W82/><G4/><T101/><D101/><U21/><E103/><V95/><F95/><W35/><G9/><T121/><D121/><U104/><E88/><V118/><F118/><W17/><G82/><T42/><D42/><AGARI ba="0,1" hai="5,11,13,26,31,32,42,47,50,96,98,99,125,126" machi="42" ten="40,2000,0" yaku="1,1,53,0" doraHai="122" doraHaiUra="124" who="2" fromWho="0" sc="224,-20,185,0,240,30,341,0" />
</Scene>
<Scene>
<INIT seed="2,1,0,0,1,56" ten="204,185,270,341" oya="2" hai0="49,85,134,108,30,73,40,114,28,92,93,98,86" hai1="102,100,19,110,97,78,44,18,62,87,68,1,51" hai2="91,17,16,36,14,96,84,47,106,107,42,29,12" hai3="116,54,127,122,8,57,64,90,5,109,38,135,35"/><V132/><F132/><UN n0="%E3%82%AC%E3%83%9F%E3%82%B4%E3%83%B3" /><W128/><G116/><T55/><D134/><U53/><E1/><V103/><F106/><W72/><G109/><T117/><D114/><U121/><E121/><V9/><F29/><W82/><G35/><T24/><D73/><U124/><E124/><V6/><REACH who="2" step="1"/><F12/><REACH who="2" ten="204,185,260,341" step="2"/><W3/><G135/><T133/><D133/><U115/><E115/><V45/><F45/><W2/><G2/><T65/><D30/><U81/><E110/><V39/><F39/><W111/><G111/><T37/><D28/><U27/><E27/><V76/><F76/><W33/><G38/><T23/><D24/><U101/><REACH who="1" step="1"/><E97/><REACH who="1" ten="204,175,260,341" step="2"/><V83/><AGARI ba="1,2" hai="6,9,14,16,17,36,42,47,83,84,91,96,103,107" machi="83" ten="20,7800,0" yaku="1,1,0,1,7,1,54,1,53,0" doraHai="56" doraHaiUra="129" who="2" fromWho="2" sc="204,-27,175,-27,260,101,341,-27" />
</Scene>
<Scene>
<INIT seed="2,2,0,0,1,57" ten="177,148,361,314" oya="2" hai0="7,118,110,113,46,14,97,0,58,88,122,68,124" hai1="49,23,106,53,30,8,115,127,28,62,5,85,21" hai2="38,51,42,129,130,108,69,59,15,105,47,112,67" hai3="107,29,25,4,109,74,26,44,77,75,103,87,9"/><V33/><F33/><W66/><G109/><T34/><D113/><U134/><E106/><V17/><F105/><W32/><G26/><T84/><D68/><U132/><E115/><V135/><F112/><W101/><G87/><T79/><D122/><U76/><E127/><V128/><F135/><W41/><G107/><T104/><D124/><U83/><E132/><V90/><F108/><W114/><G114/><T12/><D110/><U81/><E134/><V120/><F120/><W82/><G66/><T133/><D34/><U24/><E83/><V50/><F69/><W73/><G101/><T89/><D133/><U80/><E80/><V63/><REACH who="2" step="1"/><F90/><REACH who="2" ten="177,148,351,314" step="2"/><W123/><G123/><T52/><D89/><U18/><E21/><AGARI ba="2,1" hai="15,17,21,38,42,47,50,51,59,63,67,128,129,130" machi="21" ten="40,12000,1" yaku="1,1,2,1,19,1,52,1,53,0" doraHai="57" doraHaiUra="72" who="2" fromWho="1" sc="177,0,148,-126,351,136,314,0" />
</Scene>
<Scene>
<INIT seed="2,3,0,4,2,52" ten="177,22,487,314" oya="2" hai0="77,122,69,21,91,41,109,2,63,72,120,102,95" hai1="132,73,90,30,99,126,36,110,35,113,129,5,121" hai2="10,119,57,78,96,104,117,29,128,14,24,38,79" hai3="94,76,19,125,56,3,114,27,61,51,17,7,48"/><V50/><F38/><W89/><G125/><T16/><D2/><U0/><E99/><V107/><F128/><W12/><G114/><T64/><D102/><U15/><E90/><V6/><F79/><W1/><G76/><T32/><D32/><U20/><E20/><V58/><F78/><W23/><G7/><T68/><D68/><U108/><E5/><V71/><F71/><W134/><G134/><T53/><D109/><U92/><E92/><V46/><F117/><W37/><G37/><T116/><D116/><U9/><E9/><V81/><F81/><W98/><G3/><T105/><D105/><U106/><E15/><V82/><F82/><W33/><G1/><T67/><D67/><U123/><E30/><V70/><F70/><W55/><REACH who="3" step="1"/><G33/><REACH who="3" ten="177,22,487,304" step="2"/><T13/><D77/><U18/><E108/><V40/><F119/><W60/><G60/><T124/><D124/><U101/><E101/><V42/><F6/><W22/><AGARI ba="3,1" hai="12,17,19,22,23,27,48,51,55,56,61,89,94,98" machi="22" ten="20,12000,2" yaku="1,1,0,1,7,1,25,2,8,1,52,1,53,0" doraHai="52" doraHaiUra="133" who="3" fromWho="3" sc="177,-33,22,-33,487,-63,304,139" owari="144,-26.0,-11,-51.0,424,22.0,443,55.0" />
</Scene>
</mjloggm>