<mjloggm ver="2.3"><GO type="169" lobby="0"/><UN n0="%E3%81%87%E3%82%8B%E3%81%87%E3%82%8B" n1="%70%6F%6E%5F%6B%61%73%75" n2="%E3%83%97%E3%83%AC%E3%82%B9%E3%83%97" n3="%E5%A4%AA%E3%81%8F%E3%81%AA%E3%81%84%E3%81%8A" dan="16,16,16,18" rate="2060.98,2069.06,2082.92,2269.35" sx="F,M,M,F"/><TAIKYOKU oya="0"/>

<Scene>
<INIT seed="0,0,0,0,2,96" ten="250,250,250,250" oya="0" hai0="2,23,120,44,118,86,63,21,91,125,74,38,56" hai1="34,31,52,132,49,106,98,72,17,9,20,57,7" hai2="70,28,43,93,27,82,40,55,29,129,81,123,103" hai3="13,14,116,75,18,47,130,30,53,32,59,24,108"/><T117/><D74/><U15/><E132/><V107/><F107/><W101/><G116/><T87/><D120/><U131/><E131/><V97/><F123/><W45/><G75/><T61/><D2/><U111/><E72/><V100/><F129/><W88/><G130/><T90/><D56/><U48/><E111/><V8/><F70/><W5/><G108/><T112/><D38/><U79/><E79/><V68/><F68/><W71/><G71/><T3/><D3/><U115/><E115/><V99/><F8/><W12/><G5/><T42/><D42/><U41/><E31/><V135/><F55/><W1/><G1/><T121/><D121/><U62/><E34/><V114/><F135/><W37/><G18/><T22/><D23/><U54/><E41/><V6/><F6/><W104/><G37/><T89/><D91/><U66/><E106/><V94/><REACH who="2" step="1"/><F27/><REACH who="2" ten="250,250,240,250" step="2"/><W127/><G53/><T122/><D122/><U51/><REACH who="1" step="1"/><E98/><REACH who="1" ten="250,240,240,250" step="2"/><V50/><F50/><W110/><G104/><T26/><D118/><U60/><E60/><V134/><F134/><W64/><G110/><T77/><D117/><U126/><E126/><V10/><F10/><W83/><G127/><T36/><D125/><U33/><E33/><V65/><F65/><W84/><G64/><T69/><D61/><U133/><E133/><V92/><F92/><W105/><G105/><T35/><D63/><U58/><E58/><V16/><F16/><W119/><G119/><T11/><D35/><U124/><E124/><V95/><F95/><W67/><G59/><T128/><D69/><U46/><E46/><RYUUKYOKU ba="0,2" sc="250,-15,240,15,240,15,250,-15" hai1="7,9,15,17,20,48,49,51,52,54,57,62,66" hai2="28,29,40,43,81,82,93,94,97,99,100,103,114" />
</Scene>
<Scene>
<INIT seed="1,1,2,4,0,90" ten="235,255,255,235" oya="1" hai0="14,41,130,11,97,31,38,60,26,8,43,48,134" hai1="35,112,113,116,135,2,4,77,75,40,89,45,108" hai2="42,123,128,24,107,92,99,1,68,105,55,70,61" hai3="18,104,25,44,79,28,119,30,85,56,50,133,7"/><U110/><E116/><V126/><F123/><W0/><G104/><T106/><D134/><U47/><E135/><V83/><F126/><W117/><G133/><T81/><D130/><U76/><E35/><V73/><F128/><W71/><G71/><T33/><D38/><U86/><E75/><V131/><F131/><W9/><G56/><T124/><D124/><U109/><E4/><V118/><F118/><N who="3" m="45067" /><G79/><N who="1" m="30282" /><E2/><V121/><F121/><W93/><G18/><T21/><D81/><N who="1" m="49359" /><E45/><V67/><F83/><W69/><G69/><T64/><D48/><AGARI ba="1,2" hai="40,47,48,108,109,110,112,113" m="49359,30282" machi="48" ten="30,2900,0" yaku="14,1,10,1" doraHai="90" who="1" fromWho="0" sc="235,-32,255,52,255,0,235,0" />
</Scene>
<Scene>
<INIT seed="1,2,0,1,2,96" ten="203,307,255,235" oya="1" hai0="70,47,51,114,98,71,130,16,48,18,116,67,117" hai1="94,20,64,101,12,92,69,41,46,33,118,110,15" hai2="5,77,128,135,31,88,10,52,99,39,103,66,14" hai3="73,1,49,91,26,9,17,7,62,28,127,131,79"/><U102/><E33/><V76/><F128/><W13/><G131/><T126/><D130/><U95/><E118/><V86/><F39/><W35/><G127/><T55/><D126/><U81/><E110/><V134/><F66/><W119/><G119/><T112/><D98/><U75/><E69/><V0/><F31/><W60/><G91/><T8/><D67/><U80/><E64/><V63/><F0/><W25/><G25/><T125/><D125/><U50/><E75/><V132/><F63/><W93/><G93/><T121/><D8/><U107/><E107/><N who="2" m="63999" /><F52/><W68/><G68/><T74/><D74/><U45/><E45/><V34/><F34/><W113/><G113/><T40/><D121/><U123/><E123/><V42/><F42/><W82/><REACH who="3" step="1"/><G49/><REACH who="3" ten="203,307,255,225" step="2"/><T61/><D116/><U23/><E80/><AGARI ba="2,1" hai="5,10,14,76,77,80,86,88,132,134,135" m="63999" machi="80" ten="30,3900,0" yaku="20,1,52,1,54,1" doraHai="96" who="2" fromWho="1" sc="203,0,307,-45,255,55,225,0" />
</Scene>
<Scene>
<INIT seed="2,0,0,5,1,114" ten="203,262,310,225" oya="2" hai0="84,41,117,104,129,76,23,73,115,81,95,17,55" hai1="47,116,42,89,134,52,8,123,0,36,110,64,16" hai2="19,29,28,85,34,86,21,69,59,128,100,127,44" hai3="82,109,35,20,4,31,1,93,43,70,97,111,45"/><V102/><F69/><W112/><G70/><T92/><D115/><U63/><E116/><V71/><F71/><W78/><G35/><T62/><D104/><U37/><E110/><N who="3" m="41994" /><G112/><T57/><D129/><U103/><E37/><V131/><F127/><W106/><G106/><T22/><D41/><U30/><E30/><V79/><F34/><W66/><G66/><T132/><D132/><U33/><E33/><V13/><F44/><W7/><G1/><T61/><D117/><U48/><E134/><V40/><F40/><W5/><G20/><T77/><D62/><U14/><E0/><V74/><F74/><N who="3" m="43351" /><G31/><N who="2" m="11849" /><F59/><W53/><G53/><T49/><D76/><U105/><E123/><V118/><F118/><W39/><G5/><T98/><D73/><U135/><E135/><V99/><F79/><W130/><G130/><N who="2" m="49705" /><F102/><AGARI ba="0,0" hai="4,7,39,43,45,93,97,102" m="43351,41994" machi="102" ten="30,1000,0" yaku="14,1" doraHai="114" who="3" fromWho="2" sc="203,0,262,0,310,-10,225,10" />
</Scene>
<Scene>
<INIT seed="3,0,0,4,3,134" ten="203,262,300,235" oya="3" hai0="49,102,43,120,39,29,72,35,71,61,48,98,87" hai1="73,118,117,16,15,95,65,115,50,10,92,45,113" hai2="20,33,59,30,22,53,124,133,47,26,40,6,12" hai3="110,58,24,0,125,66,121,109,17,70,63,52,103"/><W2/><G121/><T64/><D72/><U41/><E65/><V105/><F105/><W27/><G103/><T46/><D120/><U57/><E73/><V119/><F133/><W94/><G94/><N who="1" m="35882" /><E57/><V68/><F68/><W127/><G0/><T89/><D87/><U14/><E15/><V129/><F129/><W116/><G2/><T90/><D49/><U132/><E132/><V122/><F119/><AGARI ba="0,0" hai="10,14,16,41,45,50,113,115,117,118,119" m="35882" machi="119" ten="30,2000,0" yaku="12,1,54,1" doraHai="134" who="1" fromWho="2" sc="203,0,262,20,300,-20,235,0" />
</Scene>
<Scene>
<INIT seed="4,0,0,2,0,92" ten="203,282,280,235" oya="0" hai0="23,105,53,26,10,97,75,86,70,27,116,78,16" hai1="43,41,22,85,4,104,1,61,67,77,127,60,89" hai2="98,134,44,40,28,18,0,56,133,58,35,31,111" hai3="57,82,62,19,59,109,135,42,76,12,87,126,25"/><T93/><D116/><U15/><E104/><V121/><F121/><W94/><G109/><T55/><D70/><U34/><E77/><V51/><F0/><W125/><G135/><N who="2" m="51721" /><F111/><W102/><G42/><T101/><D75/><U11/><E34/><V71/><F71/><W90/><G102/><T6/><D26/><U130/><E130/><V37/><F35/><W14/><G25/><T69/><D69/><U8/><E127/><N who="3" m="48650" /><G19/><T117/><D117/><U115/><E22/><V21/><F37/><W47/><G47/><T113/><D113/><U7/><E115/><V50/><F51/><W73/><G57/><N who="2" m="22121" /><F98/><N who="3" m="57687" /><G73/><T96/><D86/><U112/><E112/><V110/><F110/><W2/><G2/><T9/><D78/><U65/><E1/><V39/><F39/><W32/><G32/><T63/><D63/><U79/><E79/><V100/><F100/><W129/><G129/><T108/><D108/><U103/><E103/><V48/><F48/><W122/><G122/><T114/><D114/><U17/><E89/><V120/><F120/><W30/><G30/><T118/><D118/><U106/><E106/><V49/><F49/><W46/><G46/><T107/><D107/><U124/><E124/><V119/><F119/><W64/><AGARI ba="0,0" hai="12,14,59,62,64,76,82,87" m="57687,48650" machi="64" ten="30,2000,0" yaku="18,1,52,1" doraHai="92" who="3" fromWho="3" sc="203,-10,282,-5,280,-5,235,20" />
</Scene>
<Scene>
<INIT seed="5,0,0,4,0,118" ten="193,277,275,255" oya="1" hai0="108,37,14,26,47,6,50,18,106,46,43,29,91" hai1="113,126,48,52,53,59,76,90,17,74,93,8,102" hai2="112,123,77,121,45,94,132,105,119,109,84,41,44" hai3="12,110,116,10,19,79,4,122,57,115,87,42,58"/><U130/><E113/><V65/><F109/><W24/><G110/><T40/><D108/><U35/><E126/><V5/><F119/><W96/><G116/><T85/><D106/><U69/><E130/><V98/><F105/><W1/><G115/><T120/><D6/><U51/><E69/><V38/><F112/><W70/><G70/><T27/><D29/><U62/><E35/><V9/><F65/><W49/><G122/><T101/><D101/><U103/><E76/><V107/><F107/><W86/><G96/><T71/><D120/><U16/><E74/><V20/><F20/><N who="3" m="13343" /><G1/><T111/><D71/><U32/><E32/><V31/><F31/><W88/><G79/><T124/><D124/><U67/><E67/><V135/><F45/><N who="3" m="25783" /><G86/><T21/><REACH who="0" step="1"/><D111/><REACH who="0" ten="183,277,275,255" step="2"/><U100/><E8/><V66/><F9/><W39/><G39/><T11/><D11/><U55/><E51/><V133/><F5/><W82/><AGARI ba="0,1" hai="4,10,12,57,58,82,87,88" m="25783,13343" machi="82" ten="30,2000,0" yaku="8,1,54,1" doraHai="118" who="3" fromWho="3" sc="183,-5,277,-10,275,-5,255,30" />
</Scene>
<Scene>
<INIT seed="6,0,0,3,5,67" ten="178,267,270,285" oya="2" hai0="69,94,95,64,0,2,14,52,101,53,96,125,3" hai1="37,22,122,26,27,74,20,63,85,118,111,48,10" hai2="113,31,12,134,131,91,25,50,49,61,1,126,73" hai3="33,124,80,103,99,107,7,117,46,17,102,42,119"/><V128/><F1/><W89/><G33/><T43/><D125/><U55/><E118/><V109/><F126/><W72/><G124/><T57/><D43/><U13/><E111/><V86/><F73/><W60/><G7/><T129/><D129/><N who="2" m="49738" /><F113/><W108/><G108/><T115/><D115/><U114/><E74/><V34/><F134/><W90/><G17/><T82/><D82/><U112/><E37/><V44/><F12/><W127/><G127/><T39/><D39/><U21/><E122/><V24/><F61/><W105/><G60/><T77/><D77/><U120/><E120/><V70/><F70/><W116/><G46/><T78/><D78/><U106/><E63/><V38/><F109/><W65/><G42/><T40/><D40/><U135/><E135/><V8/><F8/><W132/><G65/><T47/><D47/><U84/><E106/><N who="3" m="40458" /><G132/><T29/><D64/><U92/><E114/><V5/><F5/><W59/><G59/><T54/><D69/><U4/><E112/><V88/><F38/><W9/><G9/><T93/><D14/><U30/><E92/><N who="2" m="54295" /><F91/><N who="3" m="34827" /><G99/><T19/><D19/><N who="1" m="12607" /><E22/><N who="2" m="15767" /><F44/><AGARI ba="0,0" hai="4,10,13,20,27,30,44,48,55,84,85" m="12607" machi="44" ten="30,1000,0" yaku="8,1" doraHai="67" who="1" fromWho="2" sc="178,0,267,10,270,-10,285,0" />
</Scene>
<Scene>
<INIT seed="7,0,0,1,1,74" ten="178,277,260,285" oya="3" hai0="51,98,135,133,84,132,123,76,131,110,65,27,79" hai1="72,8,44,20,9,63,120,116,68,11,49,119,75" hai2="85,23,118,45,125,104,117,36,91,47,14,58,95" hai3="24,38,12,25,99,59,3,89,86,60,5,90,50"/><W54/><G38/><T101/><D123/><U73/><E120/><V69/><F69/><W70/><G3/><T35/><D110/><U21/><E68/><V96/><F125/><W71/><G71/><T97/><D131/><U103/><E63/><V22/><F36/><W124/><G124/><T100/><D65/><U113/><E103/><N who="0" m="39497" /><D51/><U82/><E113/><V41/><F104/><W109/><G109/><T48/><D48/><U121/><E121/><V66/><F117/><N who="1" m="45129" /><E82/><V111/><F111/><W19/><G5/><T106/><D106/><U83/><E83/><V61/><F41/><AGARI ba="0,0" hai="8,9,11,20,21,41,44,49,72,73,75" m="45129" machi="41" ten="40,1300,0" yaku="12,1" doraHai="74" who="1" fromWho="2" sc="178,0,277,13,260,-13,285,0" />
</Scene>
<Scene>
<INIT seed="8,0,0,0,2,45" ten="178,290,247,285" oya="0" hai0="82,49,0,103,108,119,24,121,74,29,96,46,84" hai1="61,95,36,102,33,97,125,86,113,43,104,129,81" hai2="41,105,114,34,71,35,40,120,91,3,133,14,62" hai3="27,101,130,17,135,20,117,118,93,30,19,47,116"/><T59/><D121/><U28/><E129/><V1/><F120/><W26/><G130/><T5/><D119/><U77/><E125/><V42/><F114/><W16/><G135/><T66/><D74/><U54/><E113/><V123/><F123/><W112/><G112/><T44/><D108/><U124/><E124/><V10/><F105/><W52/><G52/><T56/><D5/><U80/><E80/><V73/><F133/><W69/><G69/><T32/><D0/><U68/><E43/><V12/><F73/><W88/><G47/><T23/><D32/><U60/><E36/><V48/><F91/><W53/><G53/><T22/><D22/><U85/><E95/><V132/><F132/><W65/><G65/><T15/><D15/><U31/><E54/><V83/><F83/><W122/><G101/><T92/><D59/><U90/><E60/><V18/><F71/><W8/><G122/><T106/><D106/><U58/><E58/><V127/><F127/><W25/><G8/><T67/><D67/><N who="1" m="41071" /><E28/><V128/><F128/><W38/><G38/><T75/><D75/><N who="1" m="43199" /><E90/><V13/><F62/><W109/><G109/><T100/><D100/><U4/><E4/><N who="2" m="1311" /><F1/><W79/><G79/><N who="0" m="46175" /><D49/><U72/><E72/><V55/><F18/><W51/><G51/><T99/><D99/><AGARI ba="0,0" hai="16,17,19,20,25,26,27,30,88,93,99,116,117,118" machi="99" ten="50,6400,0" yaku="16,1,54,2" doraHai="45" who="3" fromWho="0" sc="178,-64,290,0,247,0,285,64" owari="114,-39.0,290,9.0,247,-15.0,349,45.0" />
</Scene>
</mjloggm>