<mjloggm ver="2.3"><GO type="169" lobby="0"/><UN n0="%E5%A4%AA%E3%81%8F%E3%81%AA%E3%81%84%E3%81%8A" n1="%E3%82%89%E3%81%8F%E3%81%A0%EF%BC%90%EF%BC%91%EF%BC%90%EF%BC%99" n2="%7A%65%72%6F%52%58" n3="%E5%A4%A7%E6%A9%8B%E8%99%9A%E6%B3%89" dan="19,17,17,16" rate="2329.85,2194.36,2157.27,2073.05" sx="F,M,M,M"/><TAIKYOKU oya="0"/>

<Scene>
<INIT seed="0,0,0,1,2,60" ten="250,250,250,250" oya="0" hai0="91,105,122,71,116,31,65,135,49,106,42,7,83" hai1="2,24,78,25,18,89,50,45,14,54,99,128,46" hai2="59,124,10,112,28,130,108,13,39,33,41,134,80" hai3="82,38,69,114,118,12,84,97,103,11,113,92,93"/><T19/><D116/><U47/><E2/><V76/><F112/><W3/><G38/><T37/><D122/><U58/><E78/><V109/><F130/><W77/><G3/><T68/><D37/><U81/><E128/><V0/><F134/><W100/><G118/><T107/><D7/><U32/><E32/><V119/><F124/><W55/><G69/><T23/><D31/><U104/><E104/><V110/><F119/><W94/><G55/><T133/><D42/><U125/><E125/><V102/><F102/><W90/><G12/><T120/><D49/><U72/><E72/><V21/><F33/><W22/><G22/><T75/><D120/><U53/><E53/><V4/><F59/><W15/><G15/><T74/><D91/><U1/><E1/><V52/><F52/><W17/><G17/><T79/><D75/><U8/><REACH who="1" step="1"/><E99/><REACH who="1" ten="250,240,250,250" step="2"/><V117/><F117/><W95/><REACH who="3" step="1"/><G11/><REACH who="3" ten="250,240,250,240" step="2"/><T51/><D135/><U98/><E98/><V123/><F0/><W66/><G66/><T64/><D133/><U57/><E57/><V126/><F126/><W20/><G20/><T56/><D71/><U87/><AGARI ba="0,2" hai="8,14,18,24,25,45,46,47,50,54,58,81,87,89" machi="87" ten="30,7900,0" yaku="1,1,0,1,8,1,53,1" doraHai="60" doraHaiUra="48" who="1" fromWho="1" sc="250,-39,240,99,250,-20,240,-20" />
</Scene>
<Scene>
<INIT seed="1,0,0,3,2,16" ten="211,339,230,220" oya="1" hai0="55,130,81,76,82,52,23,83,60,18,14,101,102" hai1="91,110,106,128,13,11,86,89,120,96,69,27,105" hai2="87,43,24,6,15,54,32,122,79,73,121,67,46" hai3="0,84,112,133,97,111,64,26,124,88,72,107,17"/><U38/><E38/><V95/><F73/><W61/><G112/><T53/><D130/><U109/><E69/><V80/><F67/><W126/><G0/><T33/><D33/><U59/><E120/><V63/><F63/><W47/><G72/><T94/><D76/><U77/><E128/><V92/><F54/><W99/><G133/><T34/><D34/><U5/><E27/><V44/><F32/><W50/><G111/><N who="1" m="42506" /><E59/><V74/><F24/><W2/><G2/><T31/><D31/><U28/><E28/><V132/><F46/><W3/><G107/><N who="1" m="40970" /><E96/><V108/><F108/><W1/><G3/><T29/><D29/><U119/><E119/><V12/><F132/><W85/><G1/><T51/><D60/><U56/><E56/><V39/><F122/><W4/><G4/><T104/><D104/><U68/><E68/><V127/><F121/><W20/><G84/><T37/><D37/><U135/><E135/><V19/><F39/><W90/><G85/><T70/><D70/><U57/><E57/><V62/><F87/><W9/><G97/><N who="0" m="59575" /><D102/><U93/><E93/><V98/><F95/><W42/><G99/><T114/><D114/><U100/><E100/><V118/><F92/><W36/><G36/><T134/><D134/><U8/><E77/><V49/><F98/><W71/><REACH who="3" step="1"/><G9/><REACH who="3" ten="211,339,230,210" step="2"/><T65/><D65/><U123/><E123/><V25/><F74/><W131/><G131/><T41/><D51/><U75/><E75/><V78/><F49/><W22/><G22/><T7/><D7/><N who="1" m="3231" /><E86/><V35/><F6/><W117/><G117/><T125/><D81/><RYUUKYOKU ba="0,1" sc="211,-15,339,15,230,-15,210,15" hai1="5,11,89,91" hai3="17,20,26,42,47,50,61,64,71,88,90,124,126" />
</Scene>
<Scene>
<INIT seed="1,1,1,5,5,37" ten="196,354,215,225" oya="1" hai0="50,29,65,3,13,12,125,4,70,55,54,90,62" hai1="1,103,25,44,76,26,24,72,45,128,112,97,18" hai2="108,123,84,85,107,94,52,126,32,135,2,116,35" hai3="100,121,77,131,81,47,46,80,66,61,41,5,17"/><U111/><E1/><V42/><F123/><W27/><G121/><T75/><D75/><U57/><E112/><V0/><F116/><W73/><G131/><T104/><D104/><U110/><E128/><V95/><F107/><W129/><G129/><T14/><D125/><U119/><E119/><V130/><F108/><N who="1" m="41513" /><E18/><V113/><F130/><W7/><G100/><T20/><D90/><U19/><E19/><V71/><F71/><W127/><G47/><T28/><D20/><U59/><E76/><V117/><F117/><W53/><G127/><T58/><REACH who="0" step="1"/><D54/><REACH who="0" ten="186,354,215,225" step="2"/><U40/><E72/><V11/><F126/><W86/><G53/><T99/><D99/><U67/><E67/><V63/><F52/><W38/><G27/><T36/><D36/><N who="1" m="21511" /><E45/><V134/><F113/><W89/><REACH who="3" step="1"/><G17/><REACH who="3" ten="186,354,215,215" step="2"/><T101/><D101/><U8/><E24/><V64/><F64/><W39/><G39/><T88/><D88/><U56/><E26/><V68/><F135/><W118/><G118/><T23/><D23/><U109/><E109/><V82/><F134/><W9/><G9/><AGARI ba="1,3" hai="3,4,9,12,13,14,28,29,50,55,58,62,65,70" machi="9" ten="40,1300,0" yaku="1,1,53,0" doraHai="37" doraHaiUra="69" who="0" fromWho="3" sc="186,46,354,0,215,0,215,-16" />
</Scene>
<Scene>
<INIT seed="2,0,0,4,3,68" ten="232,354,215,199" oya="2" hai0="19,6,62,119,128,44,113,53,1,77,115,3,131" hai1="125,126,47,15,91,80,133,35,74,9,34,63,7" hai2="22,93,85,39,111,52,17,45,55,51,46,49,107" hai3="40,108,65,10,31,75,64,56,86,70,28,124,59"/><V87/><F107/><W81/><G75/><T16/><D77/><U83/><E133/><V114/><F114/><N who="0" m="43530" /><D62/><U12/><E63/><V129/><F129/><N who="0" m="49738" /><D53/><U94/><E47/><V23/><F111/><W89/><G108/><T78/><D78/><U26/><E15/><V41/><F93/><W109/><G124/><N who="1" m="47722" /><E74/><V11/><F11/><W116/><G70/><T20/><D44/><U42/><E42/><V104/><F104/><W105/><G116/><T134/><D134/><U110/><E110/><V100/><F100/><W48/><G105/><T0/><D119/><U97/><E26/><V13/><F23/><W127/><G127/><T5/><D19/><U67/><E67/><N who="3" m="25674" /><G109/><T66/><D66/><U117/><E117/><V118/><F118/><W90/><G90/><T135/><D135/><U14/><E80/><V30/><F30/><N who="3" m="11307" /><G10/><T25/><AGARI ba="0,0" hai="0,1,3,5,6,16,20,25" m="49738,43530" machi="25" ten="40,8000,1" yaku="19,1,34,2,54,1" doraHai="68" who="0" fromWho="0" sc="232,80,354,-20,215,-40,199,-20" />
</Scene>
<Scene>
<INIT seed="3,0,0,5,3,22" ten="312,334,175,179" oya="3" hai0="126,0,102,63,125,88,66,19,2,115,18,16,39" hai1="52,112,91,128,60,59,13,31,81,100,86,17,53" hai2="55,130,58,62,76,20,99,35,118,36,70,46,82" hai3="117,43,48,7,122,54,95,131,83,111,24,33,105"/><W127/><G122/><T61/><D39/><U113/><E128/><V72/><F35/><W34/><G117/><T57/><D102/><U12/><E100/><V96/><F130/><W45/><G105/><T47/><D47/><U9/><E31/><V27/><F118/><W90/><G131/><T73/><D73/><U75/><E75/><V26/><F70/><W107/><G107/><T14/><D115/><U37/><E37/><V123/><F123/><W42/><G127/><N who="0" m="48651" /><D14/><U97/><E97/><V93/><F20/><W77/><G34/><T56/><D88/><U133/><E133/><V64/><F99/><W71/><G71/><T135/><D135/><U110/><E110/><V85/><F72/><W104/><G104/><T114/><D114/><U50/><REACH who="1" step="1"/><E13/><REACH who="1" ten="312,324,175,179" step="2"/><V49/><F36/><W21/><G33/><T30/><D30/><U40/><E40/><V124/><F124/><W41/><G111/><T1/><D1/><U103/><E103/><AGARI ba="0,1" hai="26,27,46,49,55,58,62,64,76,82,85,93,96,103" machi="103" ten="30,7700,0" yaku="7,1,8,1,52,2" doraHai="22" who="2" fromWho="1" sc="312,0,324,-77,175,87,179,0" />
</Scene>
<Scene>
<INIT seed="4,0,0,2,5,97" ten="312,247,262,179" oya="0" hai0="31,45,40,128,70,26,29,61,8,81,34,22,25" hai1="87,102,100,0,13,131,110,96,55,44,114,49,79" hai2="37,132,101,38,68,16,41,74,126,127,125,76,77" hai3="43,15,118,62,116,11,14,86,120,82,107,19,92"/><T83/><D128/><U52/><E0/><V33/><F33/><W28/><G107/><T71/><D8/><U36/><E36/><N who="2" m="13931" /><F41/><W54/><G43/><T123/><D123/><U65/><E110/><V85/><F68/><W104/><G104/><T63/><D40/><U24/><E131/><V119/><F132/><W58/><G120/><T90/><D45/><U5/><E114/><V23/><F74/><W59/><G28/><T4/><D4/><U7/><E65/><V103/><F119/><W98/><G15/><T73/><D90/><U56/><E96/><V88/><F77/><W2/><G2/><T57/><D73/><U113/><E24/><N who="2" m="14439" /><F76/><W47/><G47/><T99/><D99/><U94/><E113/><V66/><F66/><W80/><G80/><AGARI ba="0,0" hai="80,85,88,101,103,125,126,127" m="14439,13931" machi="80" ten="40,8000,1" yaku="18,1,52,2,54,2" doraHai="97" who="2" fromWho="3" sc="312,0,247,0,262,80,179,-80" />
</Scene>
<Scene>
<INIT seed="5,0,0,2,4,53" ten="312,247,342,99" oya="1" hai0="86,75,17,27,40,131,132,65,33,66,88,20,99" hai1="41,115,48,91,42,120,71,123,0,18,124,101,19" hai2="23,111,43,8,29,89,129,92,113,77,36,46,56" hai3="52,122,112,95,130,82,51,1,73,26,12,125,24"/><U128/><E71/><V11/><F111/><W35/><G122/><T10/><D75/><U44/><E0/><V47/><F129/><W121/><G121/><T116/><D116/><U45/><E128/><V72/><F47/><W87/><G130/><T110/><D110/><U81/><E101/><V105/><F105/><W98/><G1/><T109/><D109/><U74/><E115/><V69/><F69/><W64/><G73/><T108/><D108/><U79/><E124/><V96/><F77/><W6/><G125/><T54/><D33/><U80/><E120/><V93/><F72/><W117/><G35/><T104/><D40/><U39/><E123/><V61/><F113/><W100/><G112/><T16/><D131/><U119/><E119/><V127/><F127/><W15/><G64/><T84/><D132/><U62/><E62/><V78/><F78/><W60/><G60/><T25/><D104/><U31/><E31/><V114/><F114/><W55/><G55/><T30/><D54/><U58/><E58/><V2/><F2/><W76/><G117/><T5/><D99/><U4/><E4/><V68/><F68/><W97/><G97/><T49/><D49/><U106/><E106/><V94/><F56/><N who="3" m="32799" /><G15/><N who="0" m="5583" /><D65/><U13/><E13/><V133/><F61/><W90/><G100/><T126/><D66/><U9/><E74/><V3/><F3/><W34/><G34/><N who="0" m="20815" /><D126/><U134/><E41/><V63/><F63/><W50/><G50/><T32/><D32/><U22/><E48/><V67/><F67/><W28/><G28/><N who="0" m="17511" /><D84/><U83/><E42/><V102/><F43/><RYUUKYOKU ba="0,0" sc="312,15,247,-15,342,-15,99,15" hai0="16,17,86,88" hai3="6,12,24,26,76,82,87,90,95,98" />
</Scene>
<Scene>
<INIT seed="6,1,0,4,3,94" ten="327,232,327,114" oya="2" hai0="91,84,10,5,83,38,109,14,66,134,70,37,105" hai1="50,20,32,128,81,51,122,125,115,92,133,59,88" hai2="13,135,90,131,39,111,99,82,26,130,89,29,123" hai3="86,57,42,124,75,35,87,2,60,17,54,28,108"/><V110/><F39/><W103/><G2/><T3/><D109/><N who="2" m="41482" /><F123/><W0/><G75/><T62/><D134/><U72/><E32/><N who="2" m="20535" /><F135/><W9/><G0/><T63/><D105/><U100/><E133/><V23/><F82/><W6/><G108/><T113/><D113/><U30/><E115/><V80/><F80/><W69/><G124/><T126/><D126/><U119/><E125/><V97/><F23/><W61/><G42/><T44/><D44/><U65/><E119/><V104/><F13/><W4/><G35/><T74/><D74/><U127/><E127/><V101/><F97/><W56/><G28/><T16/><D63/><N who="1" m="38143" /><E128/><AGARI ba="1,0" hai="89,90,99,101,104,128,130,131" m="20535,41482" machi="128" ten="30,5800,0" yaku="19,1,10,1,52,1" doraHai="94" who="2" fromWho="1" sc="327,0,232,-61,327,61,114,0" />
</Scene>
<Scene>
<INIT seed="6,2,0,5,4,109" ten="327,171,388,114" oya="2" hai0="90,59,78,62,2,44,76,75,113,12,24,40,118" hai1="23,111,130,128,26,102,0,17,119,81,105,38,69" hai2="16,27,64,104,42,92,58,129,86,98,124,84,82" hai3="3,94,50,28,107,15,72,115,4,22,127,60,30"/><V34/><F104/><W45/><G107/><T83/><D2/><U13/><E111/><V79/><F129/><N who="1" m="49769" /><E119/><V135/><F124/><W122/><G72/><T131/><D131/><U88/><E0/><V48/><F135/><W80/><G122/><T37/><D118/><U57/><E69/><V39/><F39/><W11/><G127/><T85/><D12/><U96/><E38/><V73/><F64/><W41/><G80/><T74/><D24/><U89/><E81/><V106/><F106/><W31/><G60/><T32/><D32/><U49/><E13/><V53/><F42/><W9/><G94/><T110/><D110/><U19/><E19/><V108/><F108/><W55/><G22/><T133/><D133/><U70/><E70/><V36/><F36/><W101/><G101/><T1/><D1/><U29/><E29/><V8/><F34/><W56/><G11/><T91/><D91/><U10/><E10/><V65/><F65/><W95/><G95/><T117/><D117/><U20/><E20/><V6/><F6/><W47/><G3/><T126/><D126/><U125/><E125/><V25/><F25/><W33/><G33/><T132/><D132/><U114/><E114/><V51/><F27/><W93/><G93/><T87/><D113/><U71/><E71/><V116/><F8/><W14/><G14/><T18/><D18/><U35/><E35/><V112/><F16/><W103/><G103/><T21/><D21/><U120/><E120/><V99/><F116/><W52/><G115/><T54/><D76/><U97/><E97/><V66/><F99/><RYUUKYOKU ba="2,0" sc="327,15,171,15,388,-15,114,-15" hai0="37,40,44,54,59,62,74,75,78,83,85,87,90" hai1="17,23,26,49,57,88,89,96,102,105" />
</Scene>
<Scene>
<INIT seed="7,3,0,4,1,115" ten="342,186,373,99" oya="3" hai0="20,35,38,132,42,104,81,74,128,83,130,4,105" hai1="62,65,50,111,45,55,2,23,53,69,52,85,67" hai2="27,78,21,94,87,120,18,97,76,88,19,25,61" hai3="75,37,51,24,98,40,59,63,48,1,66,0,29"/><W114/><G75/><T117/><D35/><U28/><E2/><V17/><F120/><W90/><G114/><T112/><D112/><U64/><E111/><V16/><F27/><W91/><G37/><T72/><D4/><U44/><E85/><V14/><F14/><W34/><G51/><T71/><D71/><N who="1" m="42391" /><E28/><V15/><F15/><W7/><G7/><T134/><D38/><U10/><E10/><V127/><F127/><W58/><G91/><T47/><D47/><N who="1" m="17995" /><E23/><V125/><F125/><W108/><G108/><T122/><D20/><U93/><E93/><N who="2" m="54431" /><F61/><W33/><G33/><T109/><D109/><U121/><E121/><V126/><F126/><W3/><G40/><T68/><D42/><U80/><E80/><V56/><F56/><W11/><G11/><T39/><D68/><U124/><E124/><V49/><F49/><W110/><G110/><T79/><D39/><U113/><E113/><V32/><F32/><W135/><G135/><T60/><D122/><U123/><E123/><V22/><F22/><W82/><G82/><T99/><D83/><U9/><E9/><V103/><AGARI ba="3,0" hai="16,17,18,19,21,25,76,78,94,97,103" m="54431" machi="103" ten="30,4000,0" yaku="8,1,54,2" doraHai="115" who="2" fromWho="2" sc="342,-13,186,-13,373,49,99,-23" owari="329,13.0,173,-23.0,422,52.0,76,-42.0" />
</Scene>
</mjloggm>