<mjloggm ver="2.3"><GO type="169" lobby="0"/><UN n0="%E5%A4%AA%E3%81%8F%E3%81%AA%E3%81%84%E3%81%8A" n1="%E4%BB%B2%E5%B7%9D%E7%BF%94" n2="%E7%94%9F%E3%81%8D%E3%81%A6%E3%81%A6%E3%82%88%E3%81%8B%E3%81%A3%E3%81%9F" n3="%E9%87%8C%E6%9C%A8%E4%BB%81" dan="18,16,16,16" rate="2231.96,2093.02,2070.19,2040.56" sx="M,M,M,M"/><TAIKYOKU oya="0"/>

<Scene>
<INIT seed="0,0,0,3,0,90" ten="250,250,250,250" oya="0" hai0="127,21,67,4,87,123,96,47,109,91,133,128,1" hai1="97,70,124,45,54,2,35,32,36,28,33,5,18" hai2="125,39,71,118,55,129,59,44,122,83,119,42,27" hai3="94,20,81,104,12,51,13,134,38,43,61,78,85"/><T69/><D123/><U68/><E124/><V50/><F122/><W16/><G104/><T40/><D127/><U64/><E18/><V115/><F125/><W9/><G38/><T103/><D128/><U99/><E54/><V112/><F83/><W23/><G134/><T41/><D133/><U66/><E28/><V10/><F10/><W62/><G94/><N who="0" m="58775" /><D69/><U37/><E5/><V22/><F129/><W19/><REACH who="3" step="1"/><G9/><REACH who="3" ten="250,250,250,240" step="2"/><T77/><D109/><U89/><E37/><V58/><F115/><W65/><G65/><T88/><D1/><U15/><E36/><V79/><F112/><W95/><G95/><T93/><D67/><U11/><E2/><V56/><F39/><W29/><G29/><T25/><D4/><U110/><E66/><V114/><F114/><W86/><G86/><N who="0" m="52375" /><D77/><U49/><E64/><V76/><F79/><W26/><G26/><T72/><D72/><U111/><E70/><V8/><F76/><W105/><G105/><T116/><D116/><U102/><E68/><V92/><F71/><W14/><G14/><T0/><D0/><U75/><E75/><V34/><F119/><W107/><G107/><T80/><D47/><AGARI ba="0,1" hai="12,13,16,19,20,23,43,47,51,61,62,78,81,85" machi="47" ten="40,8000,1" yaku="1,1,9,1,8,1,54,1,53,0" doraHai="90" doraHaiUra="98" who="3" fromWho="0" sc="250,-80,250,0,250,0,240,90" />
</Scene>
<Scene>
<INIT seed="1,0,0,4,3,86" ten="170,250,250,330" oya="1" hai0="113,117,1,27,58,41,83,25,127,130,38,78,79" hai1="63,47,112,77,10,89,80,33,6,122,91,45,118" hai2="12,59,13,81,16,60,57,18,133,129,54,51,124" hai3="105,11,61,99,21,0,43,20,28,14,126,96,53"/><U121/><E33/><V46/><F133/><W31/><G0/><T62/><D113/><U104/><E104/><V115/><F129/><W94/><G43/><T67/><D117/><U7/><E118/><V48/><F124/><W97/><G105/><T8/><D127/><U111/><E112/><V69/><F69/><W73/><G73/><T3/><D79/><U101/><E101/><V4/><F115/><W90/><G126/><T39/><D130/><U24/><E111/><V82/><F4/><W106/><G106/><T114/><D114/><U64/><E24/><V35/><F35/><W85/><G61/><T68/><D68/><U50/><E6/><V98/><F98/><W9/><G53/><T40/><D40/><U34/><E34/><V87/><F82/><W120/><G120/><T56/><D56/><U72/><E47/><V44/><F12/><W17/><REACH who="3" step="1"/><G21/><REACH who="3" ten="170,250,250,320" step="2"/><T108/><D1/><U22/><E22/><V123/><F123/><W92/><G92/><T65/><D41/><U132/><E122/><V135/><F60/><W37/><G37/><T70/><D38/><U5/><E121/><V134/><F134/><W109/><G109/><T116/><D39/><U84/><E132/><V128/><F135/><W125/><G125/><T107/><D107/><U110/><E72/><V93/><F93/><W76/><G76/><T30/><D108/><U23/><E110/><V102/><F128/><W29/><AGARI ba="0,1" hai="9,11,14,17,20,28,29,31,85,90,94,96,97,99" machi="29" ten="30,7900,0" yaku="1,1,0,1,8,1,52,1,53,0" doraHai="86" doraHaiUra="42" who="3" fromWho="3" sc="170,-20,250,-39,250,-20,320,89" />
</Scene>
<Scene>
<INIT seed="2,0,0,5,4,28" ten="150,211,230,409" oya="2" hai0="42,24,84,119,114,59,135,45,6,128,110,96,70" hai1="32,93,99,130,95,49,109,134,113,79,26,47,87" hai2="68,69,38,81,123,117,16,56,75,74,105,8,43" hai3="112,33,44,10,126,12,103,61,25,31,55,80,72"/><V94/><F123/><W36/><G126/><T54/><D114/><U51/><E113/><V34/><F117/><W13/><G112/><T100/><D119/><U7/><E7/><V62/><F94/><W46/><G103/><T85/><D110/><U97/><E109/><V108/><F108/><W76/><G36/><T86/><D135/><U78/><E87/><V67/><F105/><W58/><REACH who="3" step="1"/><G13/><REACH who="3" ten="150,211,230,399" step="2"/><T129/><D100/><U88/><E134/><V132/><F132/><W14/><G14/><T115/><D115/><U102/><E130/><V124/><F124/><W65/><G65/><T15/><D15/><U5/><E5/><AGARI ba="0,1" hai="5,10,12,25,31,33,44,46,55,58,61,72,76,80" machi="5" ten="30,7700,0" yaku="1,1,7,1,52,1,53,1" doraHai="28" doraHaiUra="9" who="3" fromWho="1" sc="150,0,211,-77,230,0,399,87" />
</Scene>
<Scene>
<INIT seed="3,0,0,1,1,119" ten="150,134,230,486" oya="3" hai0="133,35,116,86,124,105,106,13,29,33,90,85,117" hai1="96,67,62,41,11,3,109,71,113,26,9,18,112" hai2="107,46,34,118,27,57,63,81,38,47,7,66,108" hai3="79,48,75,68,54,91,56,40,31,52,92,5,12"/><W49/><G68/><T45/><D13/><U21/><E109/><V98/><F108/><W72/><G40/><T55/><D45/><U25/><E41/><V97/><F7/><W61/><G79/><T44/><D44/><U123/><E123/><V53/><F118/><W64/><G31/><T24/><D29/><U99/><E26/><V135/><F135/><W87/><G75/><T83/><D24/><U101/><E99/><V20/><F34/><W39/><G72/><T132/><D83/><U76/><E76/><V131/><F131/><W60/><G39/><T134/><D134/><U30/><E18/><V23/><F38/><W65/><G65/><T128/><D55/><U100/><E100/><V10/><F107/><W130/><G130/><T104/><D104/><U32/><E21/><V122/><F81/><W115/><G115/><T84/><D84/><U36/><E36/><V111/><F10/><N who="3" m="4175" /><G64/><T88/><REACH who="0" step="1"/><D128/><REACH who="0" ten="140,134,230,486" step="2"/><U1/><E11/><V114/><F27/><W59/><AGARI ba="0,1" hai="48,49,52,54,56,59,60,61,87,91,92" m="4175" machi="59" ten="30,3000,0" yaku="8,1,54,1" doraHai="119" who="3" fromWho="3" sc="140,-10,134,-10,230,-10,486,40" />
</Scene>
<Scene>
<INIT seed="3,1,0,3,5,121" ten="130,124,220,526" oya="3" hai0="5,11,40,45,73,23,0,120,104,22,84,57,96" hai1="113,127,54,82,91,97,108,4,93,119,112,103,8" hai2="24,128,129,126,78,15,88,122,66,16,20,47,52" hai3="114,81,123,118,21,133,31,28,48,135,131,105,10"/><W39/><G39/><T85/><D120/><U71/><E71/><V68/><F78/><W100/><G123/><T80/><D57/><U106/><E127/><V65/><F122/><W72/><G114/><T132/><D132/><N who="3" m="50761" /><G131/><N who="2" m="50249" /><F68/><W30/><G10/><T27/><D104/><U64/><E64/><V26/><F26/><N who="3" m="16463" /><G118/><T107/><D107/><U41/><E119/><V130/><F126/><W9/><G48/><T89/><D96/><U116/><E116/><V67/><F130/><W124/><G124/><T38/><D89/><U111/><E54/><V37/><F37/><W3/><G100/><T58/><D58/><U125/><E41/><V95/><F24/><W14/><G3/><T83/><D83/><U90/><E8/><V43/><F43/><W35/><G35/><T7/><D7/><U87/><E4/><V46/><F52/><W55/><G55/><T42/><D42/><U63/><E63/><V99/><AGARI ba="1,0" hai="15,16,20,46,47,65,66,67,88,95,99" m="50249" machi="99" ten="30,4000,0" yaku="19,1,54,2" doraHai="121" who="2" fromWho="2" sc="130,-11,124,-11,220,43,526,-21" />
</Scene>
<Scene>
<INIT seed="4,0,0,5,5,80" ten="119,113,263,505" oya="0" hai0="117,61,52,62,86,40,123,74,81,25,1,108,68" hai1="57,134,42,46,13,51,17,126,110,115,50,9,29" hai2="59,7,88,100,120,31,64,135,19,89,8,48,54" hai3="28,111,102,23,128,132,71,56,38,41,32,104,79"/><T37/><D117/><U69/><E110/><V67/><F120/><W16/><G56/><T103/><D123/><U114/><E69/><V36/><F36/><W133/><G111/><T49/><D108/><U26/><E126/><V131/><F131/><W84/><G71/><T87/><D1/><U11/><E11/><V83/><F31/><W98/><G32/><T39/><D103/><U125/><E125/><V45/><F100/><W78/><G28/><T53/><D74/><U65/><E134/><N who="3" m="51818" /><G84/><T2/><D2/><U55/><REACH who="1" step="1"/><E65/><REACH who="1" ten="119,103,263,505" step="2"/><V12/><F135/><W4/><G128/><T130/><D130/><U91/><E91/><V33/><F89/><W27/><G79/><T82/><D68/><U6/><E6/><V10/><F33/><AGARI ba="0,1" hai="9,13,17,26,29,33,42,46,50,51,55,57,114,115" machi="33" ten="40,1300,0" yaku="1,1,53,0" doraHai="80" doraHaiUra="94" who="1" fromWho="2" sc="119,0,103,23,263,-13,505,0" />
</Scene>
<Scene>
<INIT seed="5,0,0,2,2,125" ten="119,126,250,505" oya="1" hai0="47,72,90,123,33,80,135,59,68,11,129,28,110" hai1="118,83,112,92,116,126,60,84,86,99,30,124,64" hai2="14,130,107,24,54,4,81,57,34,62,36,15,21" hai3="2,134,26,96,78,22,122,89,114,132,111,25,20"/><U67/><E30/><V55/><F34/><W1/><G122/><T40/><D68/><U45/><E45/><V31/><F107/><W108/><G78/><T105/><D105/><U109/><E60/><V70/><F70/><W76/><G76/><T66/><D123/><U49/><E49/><V42/><F42/><W104/><G104/><T35/><D110/><U103/><E64/><V94/><F81/><W17/><G89/><T23/><D11/><U39/><E67/><V113/><F36/><W73/><G73/><T27/><D135/><N who="3" m="51753" /><G96/><T51/><D129/><U16/><E16/><V77/><F130/><W56/><G56/><T120/><D120/><U93/><E39/><V65/><F77/><W12/><G114/><T69/><D69/><U95/><E112/><V63/><F94/><N who="1" m="36457" /><E109/><N who="3" m="42058" /><G26/><T18/><D59/><U37/><E37/><V6/><F113/><W133/><G133/><T75/><D66/><U98/><E98/><V52/><F63/><W87/><G1/><T3/><D3/><U19/><E19/><V7/><AGARI ba="0,0" hai="4,6,7,14,15,21,24,31,52,54,55,57,62,65" machi="7" ten="30,4000,0" yaku="0,1,8,1,54,1" doraHai="125" who="2" fromWho="2" sc="119,-10,126,-20,250,40,505,-10" />
</Scene>
<Scene>
<INIT seed="6,0,0,2,3,19" ten="109,106,290,495" oya="2" hai0="27,119,15,118,46,60,49,35,53,6,50,41,14" hai1="13,114,121,98,116,131,23,130,37,45,78,128,61" hai2="12,77,124,34,135,101,42,103,86,93,75,17,39" hai3="65,68,21,7,62,85,73,80,44,70,55,31,4"/><V33/><F39/><W112/><G73/><T92/><D60/><U32/><E32/><V87/><F42/><W16/><G70/><T82/><D92/><U133/><E116/><N who="0" m="44585" /><D6/><U8/><E114/><V38/><F38/><W20/><G31/><N who="0" m="19967" /><D82/><U63/><E133/><V94/><F135/><W59/><G44/><AGARI ba="0,0" hai="14,15,41,44,46,49,50,53" m="19967,44585" machi="44" ten="30,1000,0" yaku="12,1" doraHai="19" who="0" fromWho="3" sc="109,10,106,0,290,0,495,-10" />
</Scene>
<Scene>
<INIT seed="7,0,0,1,0,128" ten="119,106,290,485" oya="3" hai0="66,28,71,12,5,38,29,49,122,30,73,51,45" hai1="33,13,103,53,116,31,127,120,58,60,2,22,106" hai2="56,20,42,34,121,129,92,44,19,17,96,68,86" hai3="95,11,46,104,78,83,89,98,88,126,114,59,109"/><W24/><G114/><T43/><D73/><U135/><E120/><V25/><F68/><W72/><G126/><T124/><D122/><U0/><E127/><V7/><F34/><W16/><G104/><T108/><D108/><U9/><E116/><V32/><F32/><W94/><G59/><T37/><D124/><U79/><E79/><V101/><F7/><W67/><G67/><T8/><REACH who="0" step="1"/><D51/><REACH who="0" ten="109,106,290,485" step="2"/><U18/><E135/><V3/><F121/><W62/><G109/><T77/><D77/><U130/><E130/><V115/><F129/><W110/><G46/><T84/><D84/><U113/><E113/><V85/><F115/><W48/><G48/><T1/><D1/><U64/><E33/><V133/><F3/><W57/><G11/><T81/><D81/><U14/><E64/><V75/><F133/><W105/><G105/><T39/><D39/><U23/><E23/><V87/><F75/><W97/><G110/><T36/><D36/><U102/><E106/><V131/><F131/><W70/><G70/><T90/><D90/><U111/><E111/><V69/><F69/><W40/><G40/><T80/><D80/><U76/><E76/><V26/><F56/><W61/><G57/><T100/><D100/><N who="1" m="38443" /><E0/><V99/><F99/><W117/><G117/><T50/><D50/><U93/><E2/><V134/><F134/><W82/><G82/><T125/><D125/><U91/><E31/><V41/><F44/><W6/><G6/><T21/><D21/><AGARI ba="0,1" hai="17,19,20,21,25,26,41,42,85,86,87,92,96,101" machi="21" ten="40,2600,0" yaku="9,1,8,1" doraHai="128" who="2" fromWho="0" sc="109,-26,106,0,290,36,485,0" /><AGARI ba="0,0" hai="16,21,24,61,62,72,78,83,88,89,94,95,97,98" machi="21" ten="40,7700,0" yaku="9,1,54,2" doraHai="128" who="3" fromWho="0" sc="83,-77,106,0,326,0,485,77" owari="6,-49.0,106,-29.0,326,13.0,562,65.0" />
</Scene>
</mjloggm>