<mjloggm ver="2.3"><GO type="169" lobby="0"/><UN n0="%E9%BA%BB%E9%9B%80%E7%89%87%E6%83%B3%E3%81%84" n1="%E5%A4%AA%E3%81%8F%E3%81%AA%E3%81%84%E3%81%8A" n2="%41%79%65%73%68%61" n3="%E3%81%93%E3%81%98%E3%81%BE%E3%82%82%E3%82%93" dan="16,17,16,16" rate="2081.31,2263.68,2156.21,2112.34" sx="M,M,M,M"/><TAIKYOKU oya="0"/>

<Scene>
<INIT seed="0,0,0,4,1,70" ten="250,250,250,250" oya="0" hai0="23,135,45,46,111,122,103,44,65,64,82,127,133" hai1="123,16,96,80,24,33,28,125,108,86,47,6,124" hai2="120,59,126,9,67,55,60,131,97,43,128,49,116" hai3="87,90,8,42,34,92,107,13,53,26,129,119,73"/><T37/><D122/><U93/><E123/><V2/><F120/><W78/><G119/><T32/><D32/><U79/><E108/><V20/><F116/><W130/><G107/><T40/><D103/><U104/><E6/><V15/><F2/><W99/><G42/><T105/><D105/><U115/><E115/><V62/><F126/><W30/><G53/><T74/><D127/><U101/><E47/><N who="0" m="17993" /><D111/><U39/><E39/><V1/><F43/><W10/><G73/><T63/><D23/><U61/><E61/><V121/><F121/><W48/><G48/><T84/><D74/><U14/><REACH who="1" step="1"/><E104/><REACH who="1" ten="250,240,250,250" step="2"/><V66/><F62/><W91/><G129/><T88/><D63/><U85/><E85/><V17/><F60/><W94/><G130/><N who="2" m="49705" /><F97/><W57/><G99/><T95/><D95/><U36/><E36/><V22/><F1/><W12/><G94/><T27/><D27/><U4/><E4/><V76/><F66/><W113/><G113/><T102/><D102/><U25/><E25/><V50/><F67/><W89/><G92/><T29/><D29/><U98/><E98/><V18/><F49/><W54/><G26/><T100/><D100/><U69/><E69/><V81/><F17/><W21/><G30/><T58/><D58/><U5/><E5/><V31/><F31/><W0/><G57/><T68/><D68/><U118/><E118/><V112/><F112/><W71/><G71/><T114/><D114/><U38/><E38/><V110/><F110/><W134/><G0/><T109/><D109/><U106/><E106/><V83/><F81/><W51/><G51/><RYUUKYOKU ba="0,1" sc="250,10,240,10,250,10,250,-30" hai0="37,40,46,64,65,82,84,88,133,135" hai1="14,16,24,28,33,79,80,86,93,96,101,124,125" hai2="9,15,18,20,22,50,55,59,76,83" />
</Scene>
<Scene>
<INIT seed="0,1,1,0,1,106" ten="260,250,260,220" oya="0" hai0="82,123,28,100,67,36,14,8,86,58,69,41,37" hai1="53,84,61,33,60,128,92,99,6,95,63,31,118" hai2="93,131,54,57,127,98,89,26,29,34,133,43,18" hai3="47,15,7,126,115,78,74,122,64,71,20,94,16"/><T35/><D123/><U108/><E118/><V112/><F112/><W103/><G115/><T46/><D100/><U70/><E108/><V68/><F68/><W2/><G122/><T80/><D69/><U91/><E128/><V132/><F131/><W113/><G113/><T17/><D35/><U105/><E6/><V62/><F43/><W83/><G126/><T24/><D36/><U125/><E125/><V50/><F127/><W22/><G64/><T116/><D116/><U97/><E105/><V109/><F109/><W124/><G71/><T49/><D37/><U77/><E70/><V85/><F50/><W88/><G124/><T120/><D120/><U59/><E33/><V75/><F85/><W134/><G134/><N who="2" m="51817" /><F18/><W27/><G47/><T48/><D86/><U73/><E31/><V66/><F66/><W25/><G103/><T51/><D28/><U40/><E40/><V76/><F76/><W45/><G45/><T4/><D24/><U11/><E11/><V79/><F79/><W65/><G65/><T72/><D17/><U9/><E9/><V111/><F111/><W90/><G90/><T135/><D135/><U102/><REACH who="1" step="1"/><E84/><REACH who="1" ten="260,240,260,220" step="2"/><V21/><F34/><W56/><G7/><T114/><D114/><U96/><E96/><V39/><F39/><W81/><G22/><T3/><D3/><U117/><E117/><V19/><F29/><W129/><G2/><T107/><D107/><U5/><E5/><V104/><F104/><W101/><G20/><T10/><D4/><U121/><E121/><V110/><F110/><W55/><G129/><T30/><D41/><RYUUKYOKU ba="1,2" sc="260,-15,240,15,260,15,220,-15" hai1="53,59,60,61,63,73,77,91,92,95,97,99,102" hai2="19,21,26,54,57,62,75,89,93,98" />
</Scene>
<Scene>
<INIT seed="1,2,2,3,2,14" ten="245,255,275,205" oya="1" hai0="111,16,20,81,83,75,80,120,92,119,109,86,124" hai1="110,5,74,36,31,28,91,26,93,135,79,49,129" hai2="33,1,106,118,88,64,97,42,128,104,38,69,95" hai3="89,11,127,19,43,39,57,55,50,87,105,114,15"/><U60/><E36/><V115/><F118/><W32/><G114/><T78/><D119/><U68/><E129/><V10/><F115/><W72/><G72/><T17/><D120/><U54/><E135/><V123/><F123/><W73/><G73/><T53/><D124/><U99/><E110/><N who="0" m="41993" /><D53/><U58/><E5/><V112/><F112/><W90/><G127/><T130/><D130/><U71/><E31/><V107/><F128/><W4/><G32/><T24/><D17/><U61/><E74/><V34/><F42/><W2/><G105/><T35/><D35/><U9/><E79/><V100/><F38/><W30/><G30/><T134/><D134/><U113/><E113/><V65/><F69/><W98/><G98/><T125/><D125/><U62/><REACH who="1" step="1"/><E9/><REACH who="1" ten="245,245,275,205" step="2"/><V56/><F10/><W131/><G131/><T51/><D51/><U48/><E48/><V76/><F76/><W37/><G37/><T3/><D3/><U0/><E0/><V27/><F1/><W117/><G117/><T8/><D8/><U45/><E45/><V70/><F33/><AGARI ba="2,3" hai="26,28,33,49,54,58,60,61,62,68,71,91,93,99" machi="33" ten="40,3900,0" yaku="1,1,53,1" doraHai="14" doraHaiUra="23" who="1" fromWho="2" sc="245,0,245,75,275,-45,205,0" />
</Scene>
<Scene>
<INIT seed="1,3,0,2,1,96" ten="245,320,230,205" oya="1" hai0="20,36,107,62,11,10,118,16,92,29,27,119,81" hai1="77,91,134,49,52,45,15,57,14,130,90,31,46" hai2="17,93,67,124,79,78,35,63,125,28,56,126,121" hai3="86,59,100,122,116,26,47,6,24,82,76,55,23"/><U34/><E134/><V38/><F121/><W54/><G122/><T13/><D107/><U41/><E130/><V48/><F38/><W75/><G116/><T50/><D36/><U40/><E77/><V65/><F65/><W3/><G75/><T129/><D129/><U104/><E104/><V99/><F48/><W53/><G3/><T115/><D115/><U113/><E113/><V128/><F128/><W66/><G6/><T64/><D50/><N who="1" m="26927" /><E34/><V106/><F106/><W135/><G135/><T114/><D114/><U112/><E31/><V69/><F69/><W70/><G70/><T102/><D81/><U95/><E112/><V51/><F51/><W19/><G47/><T1/><D10/><U43/><E91/><V9/><F28/><W131/><G131/><T71/><REACH who="0" step="1"/><D1/><REACH who="0" ten="235,320,230,205" step="2"/><U105/><E105/><V111/><F124/><W25/><REACH who="3" step="1"/><G100/><REACH who="3" ten="235,320,230,195" step="2"/><T39/><D39/><U74/><E74/><V94/><F125/><W133/><G133/><T72/><D72/><U132/><E132/><V12/><F126/><W2/><G2/><T44/><D44/><U5/><E46/><V97/><F56/><W80/><G80/><T120/><D120/><U18/><E43/><V85/><F78/><W83/><G83/><T42/><D42/><U117/><E40/><V127/><F79/><W88/><G88/><T4/><D4/><U33/><E5/><V89/><F127/><W98/><G98/><AGARI ba="3,2" hai="11,13,16,20,27,29,62,64,71,92,98,102,118,119" machi="98" ten="40,8000,1" yaku="1,1,52,1,54,1,53,1" doraHai="96" doraHaiUra="61" who="0" fromWho="3" sc="235,109,320,0,230,0,195,-89" />
</Scene>
<Scene>
<INIT seed="2,0,0,4,3,9" ten="344,320,230,106" oya="2" hai0="44,45,3,86,110,79,88,68,74,73,62,122,105" hai1="90,51,54,19,20,58,111,5,132,34,63,13,42" hai2="31,15,108,33,10,49,70,94,127,128,119,133,121" hai3="8,89,93,29,0,101,39,2,83,57,95,97,109"/><V77/><F121/><W22/><G39/><T84/><D110/><U91/><E111/><V59/><F108/><W55/><G109/><T69/><D105/><U46/><E34/><V78/><F119/><W130/><G130/><T72/><D3/><U87/><E132/><V126/><F70/><W12/><G83/><T14/><D122/><U76/><REACH who="1" step="1"/><E5/><REACH who="1" ten="344,310,230,106" step="2"/><V98/><F133/><W103/><G22/><T41/><D72/><U21/><E21/><V106/><F128/><W118/><G118/><T66/><D73/><U124/><E124/><V134/><F126/><W120/><G120/><T115/><D74/><U38/><E38/><V37/><F127/><W16/><G29/><T129/><D129/><U56/><E56/><V36/><F134/><W60/><REACH who="3" step="1"/><G103/><REACH who="3" ten="344,310,230,96" step="2"/><T135/><D135/><U100/><E100/><V48/><F37/><W96/><AGARI ba="0,2" hai="0,2,8,12,16,55,57,60,89,93,95,96,97,101" machi="96" ten="20,12000,2" yaku="1,1,2,1,0,1,7,1,52,1,54,1,53,0" doraHai="9" doraHaiUra="125" who="3" fromWho="3" sc="344,-30,310,-30,230,-60,96,140" />
</Scene>
<Scene>
<INIT seed="3,0,0,2,2,121" ten="314,280,170,236" oya="3" hai0="58,67,101,114,70,8,38,49,0,60,87,91,108" hai1="106,11,104,9,65,110,63,115,59,12,15,26,76" hai2="80,133,56,51,10,5,72,100,28,124,36,35,48" hai3="132,135,97,109,78,39,40,127,99,92,122,126,23"/><W20/><G122/><T79/><D114/><U113/><E76/><V94/><F133/><N who="3" m="51275" /><G78/><T130/><D130/><U21/><E110/><V123/><F123/><W42/><G109/><T24/><D38/><U81/><E81/><V75/><F80/><W53/><G53/><T69/><D79/><U50/><E50/><V112/><F36/><W1/><G1/><T84/><D84/><U118/><E118/><V96/><F112/><W102/><G97/><T34/><D101/><U17/><E115/><V6/><F124/><N who="3" m="47659" /><G39/><T89/><D108/><U73/><E73/><V86/><F86/><W93/><G92/><T129/><D87/><U29/><REACH who="1" step="1"/><E113/><REACH who="1" ten="314,270,170,236" step="2"/><V77/><F75/><W120/><G120/><T131/><D49/><U85/><E85/><V62/><F77/><W125/><G125/><T2/><D2/><U66/><E66/><V98/><F72/><W55/><G55/><T52/><D0/><U68/><E68/><V128/><F51/><W61/><G61/><T119/><D70/><U30/><E30/><V116/><F28/><W25/><G40/><T41/><D41/><U43/><E43/><V45/><F48/><W4/><G42/><T74/><D69/><U95/><E95/><V18/><F94/><W107/><G93/><T111/><D74/><U54/><E54/><V90/><F116/><W16/><G99/><T71/><D71/><U103/><E103/><V14/><F98/><W44/><G102/><T82/><D52/><U83/><E83/><V22/><F100/><W27/><G44/><T47/><D111/><U57/><E57/><V3/><F56/><RYUUKYOKU ba="0,1" sc="314,-10,270,30,170,-10,236,-10" hai1="9,11,12,15,17,21,26,29,59,63,65,104,106" />
</Scene>
<Scene>
<INIT seed="4,1,1,0,5,89" ten="304,300,160,226" oya="0" hai0="109,87,67,41,44,62,108,66,27,26,12,96,61" hai1="3,91,0,40,45,34,65,127,33,38,13,123,98" hai2="112,1,75,81,124,36,132,74,50,11,101,68,121" hai3="83,60,49,22,32,106,133,59,125,51,115,15,10"/><T86/><D96/><U131/><E123/><V92/><F11/><W73/><G32/><T111/><D12/><U54/><E65/><N who="0" m="24585" /><D26/><U9/><E54/><V5/><F5/><W14/><G106/><T24/><D24/><U100/><E91/><V70/><F50/><W42/><G22/><T126/><D27/><U17/><E127/><V20/><F20/><W69/><G125/><T82/><D126/><U64/><E64/><V21/><F21/><W16/><G14/><T85/><D82/><U52/><E33/><V77/><F77/><W29/><G29/><T72/><D72/><U113/><E34/><V90/><F70/><W56/><G73/><T134/><D134/><U107/><E131/><V88/><F68/><W43/><G69/><T99/><D99/><U23/><E23/><V6/><F36/><AGARI ba="1,1" hai="36,41,44,61,62,85,86,87,108,109,111" m="24585" machi="36" ten="40,2000,0" yaku="10,1" doraHai="89" who="0" fromWho="2" sc="304,33,300,0,160,-23,226,0" />
</Scene>
<Scene>
<INIT seed="4,2,0,5,4,82" ten="337,300,137,226" oya="0" hai0="126,127,96,94,22,84,72,3,43,7,128,107,121" hai1="104,86,123,133,12,92,51,113,48,89,57,32,44" hai2="90,114,131,18,80,108,62,100,130,17,118,42,91" hai3="124,61,97,74,50,4,71,1,102,11,6,65,0"/><T20/><D121/><U103/><E123/><V14/><F114/><W29/><G50/><T36/><D72/><U129/><E32/><V26/><F108/><W93/><G124/><T56/><D107/><U81/><E129/><N who="2" m="49163" /><F62/><W33/><G74/><T69/><D69/><U119/><E119/><V78/><F100/><W79/><G79/><T2/><D128/><U70/><E70/><V112/><F42/><W25/><G4/><T132/><D7/><U37/><E133/><V30/><F118/><W9/><REACH who="3" step="1"/><G11/><REACH who="3" ten="337,300,137,216" step="2"/><T28/><D127/><U38/><E51/><V111/><F111/><W115/><G115/><T40/><D126/><U105/><E113/><V13/><F112/><W67/><G67/><T76/><D76/><U120/><E120/><V101/><F78/><W49/><G49/><T24/><D132/><U15/><E48/><V54/><F54/><W122/><G122/><T125/><D125/><U31/><E44/><V63/><F63/><W106/><G106/><T10/><D10/><U34/><E104/><V73/><F73/><W8/><G8/><T75/><D75/><U52/><E105/><V64/><F64/><W109/><G109/><T53/><D40/><U39/><E52/><V88/><F14/><AGARI ba="2,1" hai="0,1,6,9,14,25,29,33,61,65,71,93,97,102" machi="14" ten="30,2000,0" yaku="1,1,7,1,53,0" doraHai="82" doraHaiUra="41" who="3" fromWho="2" sc="337,0,300,0,137,-26,216,36" />
</Scene>
<Scene>
<INIT seed="5,0,0,1,0,131" ten="337,300,111,252" oya="1" hai0="9,17,16,81,113,67,58,59,30,121,93,11,119" hai1="102,116,77,0,73,55,20,62,108,31,82,97,68" hai2="26,8,19,49,43,54,99,41,107,65,15,33,112" hai3="45,28,87,86,35,111,29,95,80,84,52,133,118"/><U51/><E116/><V106/><F112/><W27/><G111/><T83/><D113/><U75/><E0/><V94/><F65/><W21/><G118/><T64/><D119/><U44/><E108/><V60/><F60/><W127/><G127/><T34/><D34/><U126/><E126/><V128/><F128/><W103/><G35/><T10/><D30/><U22/><E75/><V92/><F106/><W47/><G29/><T57/><D121/><U23/><E31/><V98/><F107/><W115/><G115/><T2/><D2/><U46/><E46/><V101/><F33/><W76/><G133/><T3/><D3/><U134/><E134/><V89/><REACH who="2" step="1"/><F26/><REACH who="2" ten="337,300,101,252" step="2"/><W38/><G27/><T72/><D67/><U96/><E62/><V114/><F114/><W40/><G38/><T123/><D64/><U4/><E68/><V18/><F18/><W14/><G28/><T71/><D17/><U37/><E37/><V85/><F85/><W79/><G86/><T132/><D16/><U105/><E96/><V104/><F104/><W1/><G84/><T50/><D72/><U120/><E120/><V61/><F61/><W91/><G87/><T66/><D66/><U129/><E129/><V117/><F117/><W74/><G74/><T69/><D69/><U39/><E39/><V12/><F12/><W53/><G14/><T48/><D71/><U135/><E135/><V88/><F88/><W70/><G91/><T110/><D123/><U25/><E25/><V78/><F78/><W125/><G76/><T124/><D132/><U5/><AGARI ba="0,1" hai="4,5,20,22,23,44,51,55,73,77,82,97,102,105" machi="5" ten="30,1500,0" yaku="0,1" doraHai="131" who="1" fromWho="1" sc="337,-5,300,25,101,-5,252,-5" />
</Scene>
<Scene>
<INIT seed="5,1,0,3,5,74" ten="332,325,96,247" oya="1" hai0="107,55,111,44,78,59,122,37,65,96,14,9,69" hai1="85,135,66,61,57,56,116,49,130,73,71,99,92" hai2="17,35,2,54,80,120,131,19,3,58,30,11,34" hai3="25,105,119,26,51,27,0,77,60,41,89,52,63"/><U15/><E73/><V83/><F120/><W93/><G105/><T46/><D111/><U43/><E116/><V129/><F58/><W45/><G0/><T1/><D1/><U117/><E117/><V72/><F72/><W94/><G119/><T64/><D122/><U32/><E32/><V39/><F30/><W108/><G108/><T68/><D78/><U7/><E135/><V29/><F29/><W76/><G94/><T10/><D96/><U47/><E130/><V53/><F11/><W132/><G132/><T100/><D100/><U40/><E40/><V4/><F4/><W125/><G125/><T114/><D107/><U22/><E85/><V110/><REACH who="2" step="1"/><F39/><REACH who="2" ten="332,325,86,247" step="2"/><W97/><G63/><T23/><D10/><U82/><E7/><V128/><F128/><W124/><G124/><T62/><D9/><U134/><E134/><V24/><F24/><W50/><G60/><T102/><D62/><U87/><E15/><V118/><F118/><W33/><G33/><T42/><D14/><U81/><E22/><V12/><F12/><W84/><REACH who="3" step="1"/><G97/><REACH who="3" ten="332,325,86,237" step="2"/><T123/><D123/><U67/><E67/><V112/><F112/><W121/><G121/><T79/><D114/><U48/><E99/><V6/><F6/><W127/><G127/><T21/><D65/><U126/><E126/><V31/><F31/><W91/><G91/><T36/><D64/><U103/><E66/><V98/><F98/><W38/><G38/><T16/><D36/><U95/><E61/><V88/><F88/><W104/><G104/><T8/><D37/><U109/><E103/><V28/><F28/><RYUUKYOKU ba="1,2" sc="332,-15,325,-15,86,15,237,15" hai2="2,3,17,19,34,35,53,54,80,83,110,129,131" hai3="25,26,27,41,45,50,51,52,76,77,84,89,93" />
</Scene>
<Scene>
<INIT seed="6,2,2,4,3,98" ten="317,310,101,252" oya="2" hai0="45,79,30,74,57,75,110,23,62,117,36,91,97" hai1="77,83,31,86,9,81,107,100,54,10,68,64,109" hai2="13,59,15,119,28,12,112,33,131,120,87,73,127" hai3="35,37,24,66,90,40,50,7,130,114,128,118,135"/><V11/><F120/><W43/><G118/><T55/><D110/><U78/><E109/><V39/><F119/><W121/><G121/><T99/><D79/><U88/><E31/><V2/><F73/><W19/><G37/><T80/><D74/><U111/><E111/><V125/><F39/><W61/><G135/><T133/><D133/><U0/><E54/><V63/><F112/><W20/><G7/><T93/><D75/><U106/><E0/><V70/><F70/><W96/><G35/><T14/><D80/><U104/><E100/><V60/><F131/><N who="3" m="50219" /><G50/><N who="0" m="29135" /><D36/><U124/><E124/><N who="2" m="47691" /><F87/><W89/><G114/><T132/><D132/><U56/><E68/><V85/><F85/><W16/><G19/><N who="0" m="10743" /><D30/><U129/><E129/><V34/><F28/><W42/><G96/><N who="0" m="57407" /><D117/><U47/><E78/><V115/><F115/><W69/><AGARI ba="2,2" hai="16,20,24,40,42,43,61,66,69,89,90" m="50219" machi="69" ten="30,2000,0" yaku="19,1,54,1" doraHai="98" who="3" fromWho="3" sc="317,-7,310,-7,101,-12,252,46" />
</Scene>
<Scene>
<INIT seed="7,0,0,3,3,10" ten="310,303,89,298" oya="3" hai0="62,45,51,15,87,38,19,66,46,72,64,39,97" hai1="4,78,21,82,59,125,9,133,32,94,127,95,5" hai2="7,89,114,98,83,23,11,42,48,118,112,28,13" hai3="68,43,33,92,36,126,76,67,111,85,17,3,80"/><W50/><G33/><T124/><D72/><N who="1" m="43335" /><E32/><V60/><F118/><W29/><G29/><T8/><D124/><N who="1" m="47691" /><E133/><V24/><F60/><W90/><G126/><T84/><D46/><U102/><E102/><V35/><F42/><W61/><G3/><T56/><D66/><U37/><E37/><V119/><F48/><W57/><G111/><T99/><D39/><U122/><E122/><V16/><F119/><W20/><G36/><T134/><D38/><U53/><E21/><V34/><F83/><W88/><G92/><N who="1" m="35370" /><E9/><N who="2" m="6191" /><F89/><N who="3" m="34411" /><G68/><T128/><D134/><U40/><E40/><V30/><F98/><N who="0" m="37386" /><D128/><U101/><E101/><V2/><F30/><W75/><G75/><T109/><D109/><U26/><E26/><V123/><F123/><W27/><G43/><AGARI ba="0,0" hai="8,15,19,43,45,51,56,62,64,84,87" m="37386" machi="43" ten="30,2000,0" yaku="8,1,52,1" doraHai="10" who="0" fromWho="3" sc="310,20,303,0,89,0,298,-20" owari="330,43.0,303,10.0,89,-41.0,278,-12.0" />
</Scene>
</mjloggm>