<mjloggm ver="2.3"><GO type="169" lobby="0"/><UN n0="%E3%82%82%E3%81%90%EF%BD%92%EF%BD%92%EF%BD%92%EF%BD%92%EF%BD%92" n1="%E5%A4%AA%E3%81%8F%E3%81%AA%E3%81%84%E3%81%8A" n2="%E3%81%84%E3%81%9F%E3%83%92%E3%83%AD" n3="%74%61%6B%61%79%79%79%79" dan="16,19,16,16" rate="2137.69,2278.11,2130.09,2097.60" sx="M,F,M,M"/><TAIKYOKU oya="0"/>

<Scene>
<INIT seed="0,0,0,2,0,48" ten="250,250,250,250" oya="0" hai0="109,62,126,108,20,135,46,27,23,63,125,68,5" hai1="113,100,99,116,60,65,92,30,22,55,89,75,114" hai2="25,124,133,13,39,31,106,57,6,123,120,19,34" hai3="35,10,15,71,79,118,96,17,43,44,129,2,54"/><T115/><D115/><N who="1" m="44043" /><E75/><V29/><F39/><W130/><G118/><T53/><D5/><U101/><E116/><V104/><F31/><W84/><G71/><T58/><D135/><U64/><E55/><V93/><F133/><W102/><G35/><T80/><D80/><U42/><E42/><V4/><F93/><W61/><G2/><T86/><D86/><U16/><E30/><V67/><F124/><N who="0" m="47722" /><D46/><U128/><E128/><V8/><F106/><W85/><G79/><T98/><D98/><U28/><E28/><V121/><F104/><W111/><G111/><N who="0" m="42571" /><D27/><N who="1" m="14791" /><E64/><AGARI ba="0,0" hai="20,23,53,58,62,63,64,68" m="42571,47722" machi="64" ten="30,11600,0" yaku="18,1,14,1,10,1,52,1" doraHai="48" who="0" fromWho="1" sc="250,116,250,-116,250,0,250,0" />
</Scene>
<Scene>
<INIT seed="0,1,0,3,3,76" ten="366,134,250,250" oya="0" hai0="108,86,131,132,54,28,99,65,58,36,5,94,116" hai1="118,9,52,75,61,105,97,53,69,16,47,10,33" hai2="109,89,68,113,78,134,2,112,13,35,49,1,14" hai3="127,63,129,19,92,41,91,93,7,26,67,135,111"/><T74/><D74/><U32/><E118/><V88/><F78/><W124/><G111/><T21/><D36/><U117/><E117/><V62/><F35/><W11/><G135/><T126/><D116/><U39/><E75/><V48/><F62/><W17/><G129/><T121/><D121/><U40/><E69/><V87/><F87/><W45/><G92/><T125/><D65/><U98/><E61/><V80/><F68/><W57/><G26/><N who="0" m="16463" /><D5/><U128/><E128/><V82/><F109/><W73/><G73/><T64/><D131/><U130/><E130/><V106/><F106/><W8/><G93/><T77/><D108/><U25/><E25/><V44/><F44/><W24/><G91/><N who="0" m="55775" /><D64/><U107/><E47/><V55/><REACH who="2" step="1"/><F55/><REACH who="2" ten="366,134,240,250" step="2"/><W34/><G45/><T95/><D132/><AGARI ba="1,1" hai="1,2,13,14,48,49,80,82,88,89,112,113,132,134" machi="132" ten="25,12000,2" yaku="1,1,2,1,22,2,52,2,54,1,53,0" doraHai="76" doraHaiUra="120" who="2" fromWho="0" sc="366,-123,134,0,240,133,250,0" />
</Scene>
<Scene>
<INIT seed="1,0,0,0,4,1" ten="243,134,373,250" oya="1" hai0="97,38,127,31,126,18,17,35,85,118,37,48,120" hai1="105,84,52,77,123,116,106,54,60,51,117,44,83" hai2="98,101,62,22,128,26,28,134,56,0,2,33,65" hai3="74,70,119,135,53,71,82,90,25,110,72,66,107"/><U10/><E123/><V3/><F128/><W86/><G25/><N who="0" m="18927" /><D118/><U43/><E106/><V78/><F78/><W6/><G110/><T9/><D120/><U102/><E105/><V50/><F134/><W92/><G107/><T79/><D48/><U132/><E102/><V14/><F14/><W15/><G135/><T124/><D97/><U23/><E132/><V76/><F76/><W122/><G122/><T113/><D113/><U59/><E23/><V8/><F33/><W20/><G53/><T103/><D103/><U36/><E36/><N who="0" m="13929" /><D9/><U4/><REACH who="1" step="1"/><E54/><REACH who="1" ten="243,124,373,250" step="2"/><V125/><F125/><W95/><G20/><T57/><D127/><U16/><E16/><V40/><F40/><W99/><G119/><T100/><D126/><U11/><E11/><V104/><F8/><W39/><G39/><T12/><D124/><U64/><E64/><V129/><F129/><W27/><G66/><T91/><D100/><U5/><E5/><V61/><F65/><W7/><G6/><T55/><D18/><U29/><E29/><V13/><F104/><W131/><G7/><T108/><D17/><U45/><E45/><V42/><F101/><W80/><G131/><T46/><D46/><U47/><E47/><V58/><F28/><W96/><G27/><T121/><D121/><U93/><E93/><V30/><F30/><W81/><G95/><T49/><D55/><U130/><E130/><V87/><F26/><W24/><G24/><T75/><D12/><AGARI ba="0,1" hai="4,10,12,43,44,51,52,59,60,77,83,84,116,117" machi="12" ten="30,18000,2" yaku="1,1,7,1,25,2,52,1,54,1,53,0" doraHai="1" doraHaiUra="94" who="1" fromWho="0" sc="243,-180,124,190,373,0,250,0" />
</Scene>
<Scene>
<INIT seed="1,1,0,2,4,89" ten="63,314,373,250" oya="1" hai0="12,90,134,9,52,26,107,10,81,46,3,122,74" hai1="110,44,35,94,133,51,131,41,116,5,68,114,113" hai2="112,32,84,80,102,118,125,111,8,117,38,127,82" hai3="124,120,129,109,106,49,53,22,24,128,130,57,104"/><U71/><E35/><V25/><F38/><W83/><G109/><T69/><D69/><N who="1" m="26699" /><E5/><V27/><F102/><W72/><G120/><T15/><D122/><U77/><E77/><V45/><F45/><W61/><G124/><T93/><D107/><U13/><E13/><N who="0" m="5193" /><D74/><U58/><E94/><V115/><F8/><N who="0" m="3178" /><D3/><U14/><E14/><V135/><F84/><W76/><REACH who="3" step="1"/><G61/><REACH who="3" ten="63,314,373,240" step="2"/><T54/><D134/><U39/><E133/><V88/><F135/><W95/><G95/><T4/><D4/><U87/><E110/><V30/><F111/><W66/><G66/><T119/><D119/><U33/><E116/><V6/><F6/><W23/><G23/><T7/><D7/><U21/><E21/><V73/><F32/><W28/><AGARI ba="1,1" hai="22,24,28,49,53,57,72,76,83,104,106,128,129,130" machi="28" ten="30,7900,0" yaku="1,1,0,1,19,1,53,1" doraHai="89" doraHaiUra="18" who="3" fromWho="3" sc="63,-21,314,-40,373,-21,240,92" />
</Scene>
<Scene>
<INIT seed="2,0,0,0,2,13" ten="42,274,352,332" oya="2" hai0="23,24,43,26,35,79,89,40,106,80,107,118,58" hai1="127,49,54,19,128,1,47,16,90,86,81,117,91" hai2="9,132,34,0,50,74,99,61,7,39,111,85,100" hai3="46,30,31,67,133,75,14,92,97,84,70,125,53"/><V57/><F74/><W71/><G75/><T134/><D89/><U87/><E117/><V126/><F39/><W120/><G120/><T41/><D118/><U102/><E1/><V114/><F34/><W131/><G131/><T32/><D58/><U11/><E128/><V42/><F114/><W77/><G133/><T21/><D80/><U28/><E127/><V109/><F132/><W95/><G70/><T66/><D134/><U78/><E28/><V76/><F126/><W55/><G67/><T108/><D66/><U37/><E37/><V72/><F72/><W83/><G71/><T48/><D48/><U112/><E112/><V115/><F115/><W135/><G135/><T12/><D12/><U8/><E102/><V129/><F129/><W110/><G110/><N who="2" m="41993" /><F42/><W96/><G125/><T15/><D15/><U62/><E62/><V119/><F50/><N who="3" m="28887" /><G14/><T10/><D108/><U36/><E36/><V104/><F119/><W5/><G5/><T69/><D69/><U52/><E78/><V101/><F100/><N who="3" m="60423" /><G55/><T3/><D79/><U65/><E65/><N who="2" m="39087" /><F76/><W103/><AGARI ba="0,0" hai="30,31,77,83,84,95,97,103" m="60423,28887" machi="103" ten="30,1100,0" yaku="8,1" doraHai="13" who="3" fromWho="3" sc="42,-3,274,-3,352,-5,332,11" />
</Scene>
<Scene>
<INIT seed="3,0,0,2,3,7" ten="39,271,347,343" oya="3" hai0="33,1,2,107,45,113,135,124,51,98,0,24,87" hai1="127,56,109,133,122,26,75,103,37,86,111,123,65" hai2="54,21,97,16,40,100,110,119,6,99,48,108,82" hai3="76,73,118,131,31,66,114,36,25,53,12,78,112"/><W81/><G76/><T96/><D107/><U13/><E75/><V46/><F119/><W125/><G118/><T132/><D124/><U92/><E37/><V27/><F82/><W15/><G36/><T39/><D39/><U34/><E127/><V3/><F3/><W77/><G77/><T74/><D74/><U20/><E34/><V62/><F6/><W11/><G125/><T10/><D87/><U67/><E133/><N who="0" m="51273" /><D113/><U4/><E103/><V64/><F40/><W68/><G15/><T84/><D84/><U52/><E92/><V9/><F9/><W57/><G66/><N who="1" m="25098" /><E86/><V120/><F120/><W35/><G68/><T29/><D10/><N who="1" m="4295" /><E20/><V116/><F116/><W19/><REACH who="3" step="1"/><G131/><REACH who="3" ten="39,271,347,333" step="2"/><T30/><D30/><U91/><E122/><V22/><F110/><W134/><G134/><T28/><D29/><U63/><E123/><V88/><F108/><N who="1" m="41545" /><E91/><V95/><F22/><W71/><G71/><T58/><D0/><U47/><E47/><V69/><F100/><W23/><G23/><T5/><D1/><U18/><E18/><V79/><F79/><W90/><G90/><T41/><D58/><U83/><E83/><V128/><F128/><W106/><G106/><T42/><D2/><U59/><E56/><V102/><F102/><W49/><AGARI ba="0,1" hai="11,12,19,25,31,35,49,53,57,73,78,81,112,114" machi="49" ten="20,7800,0" yaku="1,1,0,1,7,1,52,1,53,0" doraHai="7" doraHaiUra="43" who="3" fromWho="3" sc="39,-26,271,-26,347,-26,333,88" />
</Scene>
<Scene>
<INIT seed="3,1,0,2,5,104" ten="13,245,321,421" oya="3" hai0="106,110,8,35,121,90,16,69,31,87,30,71,93" hai1="11,92,112,50,42,60,124,129,133,56,75,51,63" hai2="70,53,49,6,28,45,0,99,19,36,105,10,98" hai3="131,58,82,89,37,126,72,114,85,128,34,123,1"/><W26/><G123/><T2/><D121/><U95/><E112/><V83/><F70/><W100/><G114/><T80/><D106/><U78/><E124/><V67/><F67/><W27/><G126/><T13/><D110/><U25/><E129/><N who="3" m="49738" /><G1/><T32/><D2/><U20/><E133/><V43/><F105/><W29/><G100/><T17/><D32/><U59/><E11/><V47/><F28/><N who="3" m="19735" /><G37/><T15/><D35/><U107/><E107/><V61/><F61/><W76/><G58/><T127/><D127/><U109/><E109/><V97/><F19/><W64/><G64/><T88/><D69/><U120/><E120/><V40/><F53/><W21/><G89/><T9/><REACH who="0" step="1"/><D71/><REACH who="0" ten="3,245,321,421" step="2"/><U96/><E60/><V54/><F43/><W12/><G12/><T52/><D52/><U119/><E42/><V103/><F54/><W113/><G113/><T134/><D134/><U65/><E63/><V33/><F33/><W55/><G55/><T7/><D7/><U135/><E135/><V4/><F4/><W62/><G62/><T101/><D101/><U116/><E65/><V111/><F103/><W81/><G81/><T115/><D115/><U108/><E108/><V46/><F111/><W73/><AGARI ba="1,1" hai="21,27,29,72,73,76,82,85" m="19735,49738" machi="73" ten="30,6000,0" yaku="19,1,52,2" doraHai="104" who="3" fromWho="3" sc="3,-21,245,-21,321,-21,421,73" owari="-18,-52.0,224,-18.0,300,10.0,494,60.0" />
</Scene>
</mjloggm>