<mjloggm ver="2.3"><GO type="169" lobby="0"/><UN n0="%E5%A4%AA%E3%81%8F%E3%81%AA%E3%81%84%E3%81%8A" n1="%4E%61%72%75%6B%61" n2="%44%53%43" n3="%61%6D%65%64%69%6F" dan="18,16,17,16" rate="2254.33,2090.24,2155.07,2118.06" sx="M,F,F,M"/><TAIKYOKU oya="0"/>

<Scene>
<INIT seed="0,0,0,0,1,87" ten="250,250,250,250" oya="0" hai0="60,120,52,123,32,35,71,119,73,90,19,129,3" hai1="98,49,117,130,67,81,8,9,82,13,124,96,78" hai2="109,4,80,37,103,107,61,92,72,110,56,36,132" hai3="93,6,76,69,121,25,105,128,70,58,102,20,59"/><T108/><D119/><U12/><E117/><V24/><F132/><W11/><G105/><T26/><D73/><U27/><E130/><V15/><F107/><W41/><G76/><T135/><D3/><U48/><E124/><V125/><F125/><W133/><G133/><T99/><D135/><U40/><E27/><V53/><F72/><W34/><G34/><T101/><D129/><U55/><E67/><V113/><F80/><W7/><G41/><T95/><D108/><N who="2" m="41578" /><F24/><W28/><G121/><N who="0" m="46667" /><D101/><U68/><E68/><V83/><F83/><W33/><G128/><T18/><D18/><U17/><E55/><V114/><F4/><W38/><G38/><N who="2" m="14953" /><F15/><W23/><G70/><T75/><D75/><U91/><E40/><V10/><F10/><W112/><G69/><T85/><D85/><U126/><E126/><V30/><F30/><W127/><G7/><T14/><D14/><U57/><E57/><V50/><F61/><W74/><G74/><T118/><D71/><U43/><E43/><V100/><F92/><W116/><G127/><T47/><D118/><U88/><E17/><V97/><F97/><W46/><G116/><T22/><D47/><U21/><E21/><V64/><F64/><W104/><G46/><T77/><D77/><AGARI ba="0,0" hai="8,9,12,13,48,49,77,78,81,82,88,91,96,98" machi="77" ten="25,12000,2" yaku="22,2,8,1,52,2,54,1" doraHai="87" who="1" fromWho="0" sc="250,-120,250,120,250,0,250,0" />
</Scene>
<Scene>
<INIT seed="1,0,0,0,2,101" ten="130,370,250,250" oya="1" hai0="96,31,47,65,42,53,61,81,45,14,118,27,33" hai1="72,64,2,48,133,117,83,91,46,85,19,128,34" hai2="109,74,28,15,69,6,50,1,126,32,113,60,86" hai3="77,30,70,87,52,16,92,38,99,111,18,116,11"/><U35/><E117/><V9/><F74/><W127/><G70/><T40/><D118/><U132/><E128/><V10/><F109/><W106/><G38/><T57/><D81/><U17/><E64/><V123/><F123/><W54/><G111/><T108/><D108/><U43/><E2/><V93/><F50/><W67/><G67/><T13/><D53/><U125/><E125/><V135/><F60/><W95/><G30/><T80/><D80/><U41/><E41/><V103/><F69/><W121/><G127/><T68/><D57/><U134/><E72/><V39/><F39/><W115/><G115/><T88/><D42/><U55/><E43/><V3/><F103/><W0/><G121/><T76/><D76/><U66/><E66/><V73/><F73/><W26/><G0/><T71/><D71/><U56/><E56/><V84/><F93/><W63/><G95/><T82/><D47/><U105/><E105/><V20/><F126/><W44/><G106/><T7/><D7/><U94/><E94/><V58/><F58/><W24/><G92/><T98/><D98/><U78/><E78/><V131/><F131/><W8/><G99/><T89/><D96/><U59/><E59/><V37/><F37/><W119/><G77/><T100/><D100/><U112/><E112/><V22/><F113/><W4/><G44/><T51/><REACH who="0" step="1"/><D89/><REACH who="0" ten="120,370,250,250" step="2"/><U130/><E130/><V5/><F5/><W12/><G4/><T75/><D75/><U129/><E129/><V49/><F6/><W102/><G102/><T25/><D25/><U104/><E104/><V120/><F3/><RYUUKYOKU ba="0,1" sc="120,15,370,15,250,-15,250,-15" hai0="13,14,27,31,33,40,45,51,61,65,68,82,88" hai1="17,19,34,35,46,48,55,83,85,91,132,133,134" />
</Scene>
<Scene>
<INIT seed="1,1,1,4,5,117" ten="135,385,235,235" oya="1" hai0="103,39,127,74,4,123,5,27,8,7,34,106,53" hai1="90,21,98,56,114,52,30,68,126,35,104,15,65" hai2="63,79,78,17,118,25,69,80,60,84,66,59,116" hai3="38,19,54,121,48,45,88,105,92,129,20,109,67"/><U102/><E114/><V112/><F112/><W115/><G115/><T134/><D74/><U28/><E126/><V95/><F79/><W131/><G109/><T76/><D39/><U23/><E90/><V135/><F135/><W55/><G105/><T36/><D36/><U111/><E111/><V6/><F6/><W29/><G67/><T71/><D71/><U113/><E113/><V119/><F95/><W101/><G101/><T81/><D134/><U70/><E70/><V13/><F25/><W2/><G2/><T93/><D106/><U77/><E77/><V125/><F125/><W32/><G32/><T62/><D127/><U40/><E40/><V22/><REACH who="2" step="1"/><F119/><REACH who="2" ten="135,385,225,235" step="2"/><W41/><G29/><T11/><D76/><U86/><E30/><V100/><F100/><W10/><G129/><T120/><D81/><U58/><E102/><V128/><F128/><W42/><G131/><T3/><D103/><U46/><E104/><V110/><F110/><W50/><G38/><T44/><D93/><U1/><E28/><V31/><F31/><W14/><G92/><T99/><D27/><U49/><E35/><V43/><F43/><W9/><G88/><T12/><D34/><U0/><E0/><V16/><F16/><W91/><G42/><T108/><D108/><U85/><E1/><V97/><F97/><W26/><G91/><T133/><D133/><U122/><E98/><V73/><F73/><W132/><G41/><T87/><D99/><U75/><E75/><V83/><F83/><W72/><G132/><T96/><D96/><U61/><E85/><V33/><F33/><RYUUKYOKU ba="1,2" sc="135,-10,385,-10,225,30,235,-10" hai2="13,17,22,59,60,63,66,69,78,80,84,116,118" />
</Scene>
<Scene>
<INIT seed="2,2,2,2,0,90" ten="125,375,255,225" oya="2" hai0="19,64,36,0,35,91,53,71,57,52,87,130,106" hai1="88,41,100,96,12,50,54,5,45,126,4,83,60" hai2="21,103,8,97,11,3,101,114,10,61,25,15,107" hai3="13,131,55,68,14,77,86,82,127,47,108,22,51"/><V58/><F114/><W112/><G68/><T117/><D106/><U81/><E126/><V99/><F3/><W84/><G127/><T9/><D35/><U2/><E2/><V75/><F75/><W30/><G131/><T67/><D36/><U42/><E100/><N who="2" m="38475" /><F107/><W95/><G108/><T32/><D32/><U80/><E60/><V20/><F15/><W28/><G112/><T72/><D72/><U74/><E74/><V132/><F132/><W104/><G104/><T65/><D130/><U34/><E34/><V119/><F119/><W49/><G49/><T37/><D37/><U135/><E135/><V93/><F93/><W27/><G30/><T121/><D121/><U115/><E115/><V1/><F1/><W123/><G123/><T73/><D73/><U79/><E79/><V125/><F125/><W33/><G33/><T63/><D117/><U98/><E12/><V128/><F128/><W56/><G47/><T122/><D122/><U110/><E88/><AGARI ba="2,2" hai="13,14,22,27,28,51,55,56,77,82,84,86,88,95" machi="88" ten="40,5200,0" yaku="8,1,52,1,54,1" doraHai="90" who="3" fromWho="1" sc="125,0,375,-58,255,0,225,78" />
</Scene>
<Scene>
<INIT seed="3,0,0,4,0,32" ten="125,317,255,303" oya="3" hai0="121,4,131,119,31,54,58,66,59,96,14,89,78" hai1="98,72,129,51,46,13,126,30,40,95,19,97,118" hai2="87,75,85,22,115,48,101,73,81,0,91,8,24" hai3="35,111,114,68,7,64,130,12,16,11,2,104,94"/><W62/><G104/><T83/><D119/><U133/><E133/><V84/><F115/><W45/><G114/><T69/><D121/><U60/><E126/><V49/><F101/><W61/><G35/><T127/><D127/><U122/><E129/><V23/><F75/><W108/><G130/><T93/><D131/><U18/><E72/><V36/><F36/><W90/><G45/><T110/><D110/><N who="3" m="42025" /><G68/><T26/><D69/><U67/><E122/><V6/><F73/><W29/><G29/><T41/><D41/><U76/><E76/><V120/><F120/><W106/><G106/><T109/><D109/><U65/><E30/><V71/><F71/><W38/><G38/><T27/><D66/><N who="1" m="25099" /><E60/><V86/><REACH who="2" step="1"/><F22/><REACH who="2" ten="125,317,245,303" step="2"/><N who="3" m="11527" /><G64/><T21/><D27/><U9/><E118/><V132/><F132/><W113/><G113/><T100/><D26/><U107/><E107/><V128/><F128/><W63/><G63/><T3/><D21/><U123/><E123/><V25/><F25/><W10/><G10/><T1/><D100/><U56/><E9/><V15/><F15/><W124/><G124/><T135/><D135/><U74/><E13/><V39/><F39/><W82/><G82/><T53/><D14/><U57/><E19/><AGARI ba="0,1" hai="0,6,8,19,23,24,48,49,81,84,85,86,87,91" machi="19" ten="40,2600,0" yaku="1,1,52,1,53,0" doraHai="32" doraHaiUra="117" who="2" fromWho="1" sc="125,0,317,-26,245,36,303,0" />
</Scene>
<Scene>
<INIT seed="4,0,0,5,0,6" ten="125,291,281,303" oya="0" hai0="22,49,50,41,53,42,55,94,44,9,117,112,48" hai1="103,57,51,88,20,111,10,56,84,18,116,102,128" hai2="35,130,107,7,36,63,90,81,123,75,113,68,124" hai3="28,132,135,82,64,4,93,73,65,37,8,26,78"/><T61/><D117/><U14/><E128/><V85/><RYUUKYOKU type="yao9" ba="0,0" sc="125,0,291,0,281,0,303,0" hai2="7,35,36,63,68,75,81,85,90,107,113,123,124,130" />
</Scene>
<Scene>
<INIT seed="4,1,0,5,1,61" ten="125,291,281,303" oya="0" hai0="84,99,72,64,73,117,25,58,85,77,45,91,51" hai1="110,55,108,123,124,115,121,104,14,86,27,89,101" hai2="109,9,19,62,118,96,53,13,130,41,129,8,134" hai3="26,126,125,98,92,23,38,122,43,36,114,83,46"/><T30/><D117/><U56/><E124/><N who="3" m="47722" /><G83/><T87/><D77/><U128/><E128/><V11/><F109/><W97/><G114/><T105/><D105/><U57/><E115/><V65/><F118/><W34/><G34/><T70/><D70/><U75/><E27/><V32/><F32/><W78/><G78/><T88/><D73/><U94/><E57/><N who="2" m="37071" /><F134/><W119/><G122/><T59/><D72/><U113/><E113/><V112/><F112/><W132/><G132/><T103/><D103/><U37/><E37/><V17/><F41/><W131/><G131/><N who="2" m="50185" /><F96/><W1/><G1/><T95/><D91/><U28/><E110/><V66/><F66/><W35/><G35/><T4/><D4/><U60/><E108/><V63/><F13/><W81/><G81/><T42/><REACH who="0" step="1"/><D64/><REACH who="0" ten="115,291,281,303" step="2"/><U116/><E116/><V52/><F63/><W90/><G119/><T12/><D12/><U82/><E14/><V76/><F76/><W7/><G7/><T74/><D74/><U107/><E75/><V10/><F19/><N who="3" m="12671" /><G98/><T93/><D93/><U69/><E94/><V16/><F17/><W67/><G67/><T22/><AGARI ba="1,1" hai="22,25,30,42,45,51,58,59,84,85,87,88,95,99" machi="22" ten="30,11700,0" yaku="1,1,0,1,8,1,54,1,53,0" doraHai="61" doraHaiUra="29" who="0" fromWho="0" sc="115,130,291,-40,281,-40,303,-40" />
</Scene>
<Scene>
<INIT seed="4,2,0,3,0,110" ten="245,251,241,263" oya="0" hai0="70,53,114,80,44,30,34,58,18,73,32,38,66" hai1="112,134,98,0,22,135,27,62,74,8,122,28,103" hai2="61,86,21,59,36,39,33,131,75,55,113,72,19" hai3="104,14,51,79,78,76,43,77,4,60,20,121,1"/><T116/><D116/><U128/><E122/><V67/><F33/><W88/><G121/><T126/><D126/><U108/><E108/><V124/><F124/><W100/><G1/><T17/><D73/><U106/><E128/><V95/><F131/><W84/><G104/><T123/><D80/><U69/><E74/><V16/><F75/><W111/><G100/><T23/><D123/><U87/><E87/><V5/><F72/><W94/><G111/><T130/><D130/><U90/><E90/><V57/><F5/><W35/><G35/><T85/><D85/><U47/><E47/><V56/><F19/><W9/><G20/><T115/><D17/><U81/><E81/><V2/><F2/><W26/><G26/><T120/><D120/><U129/><E129/><V64/><F64/><W119/><G119/><T24/><D70/><U25/><E62/><V29/><F29/><W37/><G37/><T40/><D66/><U13/><E69/><V45/><F39/><W31/><G31/><T42/><D42/><U41/><E41/><V63/><F36/><W132/><G60/><T46/><D46/><U68/><E68/><V101/><F45/><N who="3" m="26047" /><G132/><N who="1" m="50730" /><E27/><N who="2" m="14759" /><F59/><W107/><G107/><T99/><D99/><U10/><E0/><V3/><F3/><W15/><G15/><T49/><REACH who="0" step="1"/><D34/><REACH who="0" ten="235,251,241,263" step="2"/><U52/><E106/><V83/><F83/><N who="3" m="47231" /><G77/><T118/><D118/><U92/><E98/><AGARI ba="2,1" hai="4,9,14,76,78,88,94,98" m="47231,26047" machi="98" ten="30,3900,0" yaku="25,1,8,1,54,1" doraHai="110" who="3" fromWho="1" sc="235,0,251,-45,241,0,263,55" />
</Scene>
<Scene>
<INIT seed="5,0,0,0,5,122" ten="235,206,241,318" oya="1" hai0="64,83,99,0,96,71,23,77,19,68,109,29,6" hai1="61,75,125,13,93,126,131,127,43,33,119,74,135" hai2="113,3,88,47,30,84,121,115,120,7,134,60,108" hai3="111,76,18,2,87,52,103,35,132,78,27,39,107"/><U114/><E119/><V56/><F134/><W82/><G2/><T37/><D37/><U1/><E114/><N who="2" m="43531" /><F30/><W41/><G132/><T28/><D6/><U129/><E135/><V112/><F112/><W48/><G39/><T102/><D0/><U98/><E1/><V65/><F47/><W34/><G41/><T110/><D64/><U63/><E33/><V25/><F25/><W38/><G38/><T46/><D46/><U31/><E31/><V16/><F16/><W58/><G78/><T70/><D28/><U123/><E13/><V89/><F108/><W128/><G111/><T12/><D96/><U105/><E105/><V36/><F36/><W50/><G107/><T45/><D45/><U14/><E14/><V53/><F53/><W4/><G103/><T92/><REACH who="0" step="1"/><D29/><REACH who="0" ten="225,206,241,318" step="2"/><U130/><E123/><N who="2" m="47179" /><F84/><AGARI ba="0,1" hai="12,19,23,68,70,71,77,83,84,92,99,102,109,110" machi="84" ten="40,5200,0" yaku="1,1,52,2,53,0" doraHai="122" doraHaiUra="117" who="0" fromWho="2" sc="225,62,206,0,241,-52,318,0" />
</Scene>
<Scene>
<INIT seed="6,0,0,5,3,95" ten="287,206,189,318" oya="2" hai0="41,107,44,11,82,43,98,123,90,28,35,38,105" hai1="130,36,110,101,30,65,73,108,6,54,21,51,113" hai2="45,68,4,118,81,87,66,17,129,121,25,79,8" hai3="111,58,27,26,53,57,131,20,116,89,102,1,70"/><V62/><F118/><W86/><G1/><T32/><D123/><U48/><E113/><V96/><F121/><W39/><G70/><T18/><D43/><U9/><E130/><V2/><F129/><W122/><G39/><T16/><D28/><U42/><E73/><V63/><F63/><W128/><G122/><T127/><D127/><U109/><E65/><V7/><F7/><W112/><G116/><T114/><D114/><U22/><E36/><V91/><F45/><W104/><G112/><T134/><D134/><U24/><E42/><V56/><F68/><W100/><G111/><T52/><D52/><U10/><E22/><V23/><REACH who="2" step="1"/><F96/><REACH who="2" ten="287,206,179,318" step="2"/><W60/><G128/><T74/><D98/><U133/><E133/><V117/><F117/><W78/><G131/><T40/><D44/><U55/><E6/><V50/><F50/><W120/><G120/><T84/><D38/><U72/><E48/><V93/><F93/><W126/><G104/><T13/><D107/><U69/><E69/><V135/><F135/><W99/><G99/><T71/><D105/><U61/><E61/><V31/><F31/><W94/><G60/><T67/><D71/><U49/><E49/><V14/><F14/><W132/><G94/><T97/><D97/><U85/><E51/><V12/><F12/><W125/><G132/><T5/><D5/><U59/><E109/><V77/><AGARI ba="0,1" hai="2,4,8,17,23,25,56,62,66,77,79,81,87,91" machi="77" ten="30,6000,0" yaku="1,1,0,1,53,1" doraHai="95" doraHaiUra="33" who="2" fromWho="2" sc="287,-20,206,-20,179,70,318,-20" />
</Scene>
<Scene>
<INIT seed="6,1,0,3,0,31" ten="267,186,249,298" oya="2" hai0="70,53,123,16,7,125,64,25,8,108,57,74,54" hai1="120,106,33,52,69,24,32,34,99,111,95,97,28" hai2="15,66,98,83,62,82,10,29,39,75,14,38,94" hai3="91,134,27,127,65,46,103,48,60,73,100,114,17"/><V61/><F29/><W43/><G73/><T77/><D108/><U56/><E111/><V67/><F75/><W80/><G134/><T89/><D123/><U26/><E120/><V130/><F130/><W36/><G127/><T55/><D125/><U72/><E72/><V20/><F20/><N who="3" m="13711" /><G36/><T81/><D70/><U51/><E69/><V79/><F79/><W18/><G18/><T93/><D64/><N who="2" m="24618" /><F39/><W78/><G78/><T116/><D116/><U6/><E6/><N who="2" m="3415" /><F38/><W107/><G107/><T58/><D25/><U44/><E28/><V4/><F83/><W49/><G49/><T104/><D104/><U133/><E133/><V9/><F82/><W109/><G109/><T35/><D35/><U90/><REACH who="1" step="1"/><E56/><REACH who="1" ten="267,176,249,298" step="2"/><V115/><F115/><W102/><G114/><T13/><REACH who="0" step="1"/><D7/><REACH who="0" ten="257,176,249,298" step="2"/><U119/><E119/><V3/><F3/><W42/><G46/><T124/><D124/><U92/><E92/><V63/><F63/><W121/><G60/><T41/><D41/><U71/><E71/><V22/><F62/><W59/><G42/><T5/><D5/><U117/><E117/><V84/><F61/><W101/><G43/><T1/><D1/><U110/><E110/><V0/><F0/><W30/><G65/><T118/><D118/><U112/><E112/><V21/><F94/><W85/><G121/><T132/><D132/><U47/><E47/><V11/><F4/><W96/><G59/><T129/><D129/><U122/><E122/><V87/><F15/><W86/><N who="3" m="25600" /><DORA hai="19" /><W76/><G80/><T23/><D23/><U40/><E40/><V37/><F22/><RYUUKYOKU ba="1,2" sc="257,15,176,15,249,-15,298,-15" hai0="8,13,16,53,54,55,57,58,74,77,81,89,93" hai1="24,26,32,33,34,44,51,52,90,95,97,99,106" />
</Scene>
<Scene>
<INIT seed="7,2,2,5,3,122" ten="272,191,234,283" oya="3" hai0="96,131,28,41,125,129,104,36,87,90,9,74,43" hai1="42,75,95,107,25,10,19,73,119,47,8,27,94" hai2="2,98,132,31,70,24,20,13,108,18,21,30,60" hai3="52,66,4,64,112,69,86,71,44,103,128,0,118"/><W116/><G103/><N who="0" m="62567" /><D74/><U78/><E107/><V89/><F108/><W58/><G86/><T67/><D36/><U79/><E119/><V91/><F132/><W34/><G34/><T80/><D125/><U110/><E47/><V84/><F2/><W111/><G4/><T109/><D109/><U6/><E42/><V29/><F70/><W16/><G16/><T11/><D67/><U37/><E19/><N who="2" m="12319" /><F60/><W63/><G0/><T130/><D28/><U117/><E117/><N who="3" m="45162" /><G112/><T22/><D22/><U81/><E37/><V45/><F45/><W121/><G128/><T53/><D53/><U1/><E110/><V17/><F98/><W93/><G93/><T123/><D123/><U35/><E35/><V83/><F18/><W127/><G127/><T68/><D68/><N who="3" m="26185" /><G121/><T97/><D97/><U50/><E50/><V61/><F61/><W72/><G72/><T62/><D62/><U65/><E65/><N who="3" m="25194" /><G111/><T126/><D126/><U77/><E77/><AGARI ba="2,2" hai="13,17,21,29,30,31,77,83,84,89,91" m="12319" machi="77" ten="30,1000,0" yaku="8,1" doraHai="122" who="2" fromWho="1" sc="272,0,191,-16,234,36,283,0" />
</Scene>
<Scene>
<INIT seed="8,0,0,4,2,19" ten="272,175,270,283" oya="0" hai0="38,91,102,105,90,45,44,14,118,130,61,27,73" hai1="55,20,99,4,40,132,86,107,51,10,22,77,71" hai2="82,30,94,81,98,108,3,104,119,97,131,54,0" hai3="25,67,8,41,42,78,96,75,80,7,89,122,2"/><T60/><D73/><U24/><E132/><V101/><F108/><W37/><G122/><T84/><D118/><U17/><E71/><V21/><F119/><W64/><G25/><T6/><D105/><U1/><E40/><V120/><F120/><W63/><G42/><T16/><D102/><U56/><E107/><V114/><F114/><W121/><G121/><T18/><D38/><U128/><E128/><V129/><F54/><W34/><G34/><T135/><D130/><N who="2" m="49674" /><F30/><W87/><G96/><T88/><D84/><U79/><E99/><V68/><F68/><W15/><G15/><T123/><D135/><U53/><E86/><V93/><F21/><W11/><G11/><N who="0" m="4471" /><D123/><U117/><E117/><V9/><F9/><W58/><G67/><T43/><D43/><U113/><E113/><V62/><F62/><N who="0" m="24170" /><D27/><U47/><REACH who="1" step="1"/><E22/><REACH who="1" ten="272,165,270,283" step="2"/><V46/><F104/><W32/><G32/><T66/><D66/><U5/><E5/><V59/><F98/><W52/><G64/><T13/><D18/><U72/><E72/><V126/><F97/><W65/><G65/><T74/><D74/><U103/><E103/><V133/><F101/><W110/><G41/><T92/><D92/><U26/><E26/><V112/><F94/><W33/><G33/><T95/><D95/><U106/><E106/><V39/><F93/><N who="3" m="54463" /><G37/><T36/><D36/><U116/><E116/><V83/><F39/><W69/><G69/><T35/><D35/><U50/><AGARI ba="0,1" hai="1,4,10,17,20,24,47,50,51,53,55,56,77,79" machi="50" ten="20,5200,0" yaku="1,1,0,1,7,1,52,1,53,0" doraHai="19" doraHaiUra="127" who="1" fromWho="1" sc="272,-26,165,62,270,-13,283,-13" />
</Scene>
<Scene>
<INIT seed="9,0,0,1,0,93" ten="246,227,257,270" oya="1" hai0="14,58,103,134,83,6,71,50,64,15,116,68,36" hai1="52,112,10,117,48,45,98,101,118,60,81,17,95" hai2="42,104,63,35,34,100,77,128,82,27,70,121,5" hai3="62,29,32,85,129,114,54,38,59,109,105,61,66"/><U4/><E112/><V49/><F121/><W84/><G109/><T46/><D116/><N who="1" m="44651" /><E81/><V86/><F5/><W113/><G38/><T22/><D134/><U40/><E17/><V20/><F128/><W57/><G129/><T132/><D132/><U43/><E60/><V76/><F76/><W88/><G105/><T120/><D120/><U23/><E23/><V56/><F70/><W123/><G123/><T19/><D83/><U110/><E110/><V53/><F104/><W44/><G44/><T67/><D71/><U12/><AGARI ba="0,0" hai="4,10,12,40,43,45,48,52,95,98,101" m="44651" machi="12" ten="30,6000,0" yaku="16,1,52,1,54,1" doraHai="93" who="1" fromWho="1" sc="246,-20,227,60,257,-20,270,-20" />
</Scene>
<Scene>
<INIT seed="9,1,0,2,5,110" ten="226,287,237,250" oya="1" hai0="109,86,26,58,91,127,34,104,13,83,8,134,121" hai1="29,128,68,67,132,70,89,82,32,37,90,87,74" hai2="73,24,113,105,22,66,65,51,135,28,79,19,60" hai3="11,77,40,57,97,133,5,38,44,1,30,3,100"/><U115/><E115/><V88/><F105/><W4/><G57/><T102/><D109/><U123/><E123/><V33/><F135/><W63/><G63/><T21/><D34/><U120/><E120/><V84/><F113/><W27/><G77/><T69/><D121/><U53/><E37/><V23/><F33/><W75/><G75/><T17/><D69/><U130/><E132/><V92/><F60/><W46/><G46/><T9/><D134/><U114/><E114/><V43/><F79/><W6/><G133/><T93/><D127/><U41/><E41/><V25/><REACH who="2" step="1"/><F73/><REACH who="2" ten="226,287,227,250" step="2"/><W20/><G1/><T12/><D104/><AGARI ba="1,1" hai="3,4,5,6,11,20,27,30,38,40,44,97,100,104" machi="104" ten="30,1000,0" yaku="7,1" doraHai="110" who="3" fromWho="0" sc="226,-13,287,0,227,0,250,23" />
</Scene>
<Scene>
<INIT seed="10,0,0,0,0,35" ten="213,287,227,273" oya="2" hai0="112,79,107,101,29,43,133,103,91,72,1,109,117" hai1="34,69,132,40,120,124,42,127,11,123,63,108,10" hai2="75,14,76,50,129,121,70,113,12,99,94,128,119" hai3="65,6,82,114,97,47,104,20,80,77,61,4,110"/><V62/><F121/><N who="1" m="46665" /><E108/><V58/><F113/><W7/><G110/><T106/><D109/><U55/><E34/><V39/><F39/><W68/><G47/><T111/><D111/><U81/><E132/><V25/><F25/><W126/><G126/><N who="1" m="48170" /><E81/><N who="2" m="45215" /><F119/><W37/><G37/><T5/><D112/><U135/><E135/><V44/><F70/><W59/><G82/><N who="0" m="45415" /><D133/><U84/><E84/><V28/><F28/><W49/><G80/><T26/><D91/><U53/><E11/><V2/><F2/><W30/><G77/><T93/><D117/><U16/><E42/><N who="2" m="24855" /><F62/><W73/><G73/><T102/><D43/><U64/><E40/><V38/><F38/><W13/><G114/><T90/><D1/><U87/><E87/><V130/><F58/><W105/><G97/><N who="0" m="57527" /><D5/><U9/><E9/><V54/><F54/><W46/><G59/><T88/><D29/><U118/><E118/><V115/><F115/><W45/><G46/><T33/><D33/><U125/><E125/><V19/><F19/><W52/><G30/><T66/><D66/><U27/><E27/><V22/><F22/><W85/><G85/><T31/><D26/><U17/><E17/><V86/><F86/><W0/><G0/><T18/><D31/><U134/><E134/><V36/><F36/><W71/><G71/><T67/><D67/><U23/><E23/><V83/><F83/><W95/><G95/><T74/><D74/><U57/><E69/><V98/><F98/><W60/><G60/><T51/><D18/><U131/><E131/><V92/><F92/><W56/><G68/><T24/><D24/><RYUUKYOKU ba="0,0" sc="213,-30,287,10,227,10,273,10" hai1="10,16,53,55,57,63,64" hai2="12,14,94,99,128,129,130" hai3="4,6,7,13,20,45,49,52,56,61,65,104,105" />
</Scene>
<Scene>
<INIT seed="10,1,0,2,2,0" ten="183,297,237,283" oya="2" hai0="126,116,87,66,109,76,26,19,108,55,69,61,54" hai1="11,23,104,5,36,131,84,44,105,38,25,100,118" hai2="75,99,67,121,134,8,117,110,42,122,130,15,59" hai3="47,63,24,125,33,34,1,16,98,85,7,92,41"/><V82/><F42/><W27/><G125/><T32/><D126/><U58/><E131/><V80/><F130/><W45/><G63/><T79/><D116/><U123/><E118/><V114/><F114/><W119/><G85/><T73/><D73/><U107/><E100/><V90/><F117/><W48/><G34/><T68/><D68/><U6/><E58/><V97/><F134/><W17/><G33/><T21/><D32/><U12/><E6/><V29/><F29/><W89/><G119/><T112/><D112/><U111/><E111/><V39/><F39/><W13/><G17/><T71/><D71/><U120/><E84/><V53/><F67/><W64/><G64/><T70/><D70/><U51/><E51/><V106/><F106/><W40/><G7/><T14/><D26/><U135/><E135/><V128/><F128/><W35/><G1/><T50/><D55/><U124/><E124/><V30/><F30/><W20/><G35/><T103/><D103/><U101/><E101/><V52/><F110/><W9/><G20/><T3/><D3/><U95/><E95/><N who="2" m="56567" /><F99/><W37/><AGARI ba="1,0" hai="9,13,16,24,27,37,40,41,45,47,48,89,92,98" machi="37" ten="20,2700,0" yaku="0,1,7,1,54,1" doraHai="0" who="3" fromWho="3" sc="183,-8,297,-8,237,-14,283,30" owari="175,-32.0,289,9.0,223,-18.0,313,41.0" />
</Scene>
</mjloggm>