<mjloggm ver="2.3"><GO type="169" lobby="0"/><UN n0="%E8%A5%BF%E5%9C%92%E5%AF%BA%E9%9D%96%E5%AD%90" n1="%66%65%65%73" n2="%E5%A4%AA%E3%81%8F%E3%81%AA%E3%81%84%E3%81%8A" n3="%E3%82%AE%E3%82%AC%E3%83%9E%E3%82%A4%E3%83%B3" dan="16,17,18,18" rate="2178.58,2164.03,2300.30,2169.16" sx="F,M,M,M"/><TAIKYOKU oya="0"/>

<Scene>
<INIT seed="0,0,0,5,0,92" ten="250,250,250,250" oya="0" hai0="26,103,31,52,51,119,98,68,101,111,39,16,107" hai1="79,4,89,93,18,114,41,38,45,84,42,36,70" hai2="7,86,5,14,112,23,110,47,104,130,15,77,133" hai3="64,48,106,59,55,72,22,58,113,83,30,25,24"/><T20/><D39/><U80/><E70/><V2/><F112/><W35/><G113/><T40/><D119/><U28/><E114/><V76/><F104/><W122/><G122/><T46/><D68/><U88/><E28/><V126/><F2/><W116/><G116/><T50/><D111/><U43/><E4/><V17/><F110/><W91/><G106/><T124/><D124/><U74/><E36/><V56/><F126/><W85/><G72/><T118/><D118/><U29/><E29/><V65/><F133/><W115/><G115/><T135/><D135/><U128/><E128/><V125/><F125/><W32/><G64/><T27/><D103/><U34/><E34/><V81/><F130/><W105/><G105/><T129/><D129/><U61/><E61/><N who="2" m="38055" /><F47/><W49/><G25/><T13/><D31/><U87/><REACH who="1" step="1"/><E18/><REACH who="1" ten="250,240,250,250" step="2"/><N who="2" m="10711" /><F77/><W54/><AGARI ba="0,1" hai="22,24,30,32,35,48,49,54,55,58,59,83,85,91" machi="54" ten="30,2000,0" yaku="0,1,9,1" doraHai="92" who="3" fromWho="3" sc="250,-10,240,-5,250,-5,250,30" />
</Scene>
<Scene>
<INIT seed="1,0,0,2,2,119" ten="240,235,245,280" oya="1" hai0="108,114,77,90,117,58,95,61,1,7,51,2,87" hai1="82,100,52,43,128,4,44,109,69,60,105,98,106" hai2="23,125,3,32,53,113,46,19,67,120,76,34,101" hai3="91,48,29,118,39,70,59,78,72,84,111,68,110"/><U0/><E128/><V112/><F67/><W122/><G39/><T124/><D117/><U83/><E106/><V75/><F101/><W16/><G118/><T85/><D114/><N who="2" m="44138" /><F76/><W26/><G78/><T55/><D108/><N who="3" m="41513" /><G72/><T126/><D7/><U5/><E109/><V37/><F75/><W9/><G122/><T17/><D17/><U73/><E73/><V13/><F3/><W66/><G9/><T50/><D50/><U123/><E123/><V133/><F120/><W47/><G59/><T25/><D25/><U18/><E18/><V130/><F130/><W135/><G66/><T24/><D24/><U30/><E30/><V115/><F133/><W31/><G135/><T99/><D61/><U127/><E127/><N who="0" m="48681" /><D77/><U28/><E69/><N who="3" m="26730" /><G16/><T107/><D107/><U15/><E0/><AGARI ba="0,0" hai="0,1,2,51,55,58,85,87,90,95,99" m="48681" machi="0" ten="30,1000,0" yaku="18,1" doraHai="119" who="0" fromWho="1" sc="240,10,235,-10,245,0,280,0" />
</Scene>
<Scene>
<INIT seed="2,0,0,0,0,131" ten="250,225,245,280" oya="2" hai0="29,69,38,34,94,35,65,114,113,118,78,54,112" hai1="89,92,9,19,104,13,75,58,15,125,27,18,100" hai2="36,55,8,23,117,99,97,49,123,53,84,67,98" hai3="33,77,133,116,88,24,17,80,122,56,83,107,90"/><V52/><F36/><W76/><G107/><T129/><D38/><U110/><E75/><V61/><F117/><W59/><G122/><T32/><D118/><U26/><E110/><V106/><F123/><W6/><G116/><T63/><D129/><U3/><E3/><V28/><F8/><W21/><G33/><T134/><D78/><N who="3" m="30313" /><G6/><T31/><D134/><U87/><E125/><V4/><F4/><W79/><G133/><T121/><D121/><U7/><E7/><V25/><F84/><N who="3" m="48159" /><G83/><T37/><D37/><U119/><E119/><V1/><F1/><W95/><G90/><T30/><D54/><U22/><E104/><V91/><F106/><W60/><G60/><T11/><D94/><U120/><E120/><V127/><F127/><W51/><G51/><T128/><D128/><U103/><REACH who="1" step="1"/><E58/><REACH who="1" ten="250,215,245,280" step="2"/><N who="2" m="37303" /><F91/><W70/><G70/><T72/><REACH who="0" step="1"/><D11/><REACH who="0" ten="240,215,245,280" step="2"/><U2/><E2/><V5/><F5/><W82/><G82/><T0/><D0/><U85/><E85/><AGARI ba="0,2" hai="17,21,24,56,59,85,88,95" m="48159,30313" machi="85" ten="30,2000,0" yaku="8,1,54,1" doraHai="131" who="3" fromWho="1" sc="240,0,215,-20,245,0,280,40" />
</Scene>
<Scene>
<INIT seed="3,0,0,4,5,54" ten="240,195,245,320" oya="3" hai0="87,125,95,23,52,20,15,74,78,62,134,36,116" hai1="112,84,105,66,58,13,33,30,128,39,91,45,90" hai2="57,44,107,4,68,53,97,3,130,60,118,22,1" hai3="64,132,109,6,48,12,101,79,93,49,85,119,47"/><W102/><G119/><T56/><D36/><U81/><E105/><V72/><F118/><W129/><G132/><T77/><D116/><U131/><E112/><V88/><F72/><W32/><G32/><T73/><D134/><U71/><E71/><V82/><F130/><N who="1" m="49705" /><E13/><V75/><F68/><W94/><G129/><T133/><D133/><U86/><E33/><V100/><F4/><W103/><G64/><T11/><D74/><U99/><E30/><V124/><F124/><W24/><G24/><T111/><D73/><U115/><E99/><V7/><F7/><W80/><G109/><T121/><D121/><U76/><E115/><V0/><F44/><W127/><G127/><T98/><D111/><U67/><E76/><N who="0" m="29289" /><D87/><U38/><E45/><V113/><F113/><W19/><G6/><N who="0" m="3575" /><D125/><U51/><E39/><V83/><F75/><W122/><G122/><T8/><D8/><U17/><E38/><V37/><F37/><W61/><G47/><T117/><D117/><U41/><E41/><V2/><N who="2" m="0" /><DORA hai="14" /><V126/><F126/><W43/><G43/><T5/><D5/><U21/><E86/><V104/><F104/><W70/><G85/><T16/><D16/><U42/><E42/><V9/><F9/><W55/><G19/><T50/><D50/><U120/><E120/><V40/><F40/><W69/><G49/><T46/><D46/><U110/><E110/><V26/><REACH who="2" step="1"/><F88/><AGARI ba="0,0" hai="20,23,52,56,62,88,95,98" m="3575,29289" machi="88" ten="30,7700,0" yaku="8,1,52,1,54,2" doraHai="54,14" who="0" fromWho="2" sc="240,77,195,0,245,-77,320,0" />
</Scene>
<Scene>
<INIT seed="4,0,0,2,1,122" ten="317,195,168,320" oya="0" hai0="8,96,49,45,105,37,99,86,102,88,65,127,2" hai1="20,52,125,82,41,4,50,124,5,29,85,79,112" hai2="39,89,18,53,134,130,13,74,78,107,94,3,129" hai3="44,117,30,11,43,91,1,67,72,111,31,46,80"/><T33/><D33/><U126/><E41/><V64/><F107/><W12/><G111/><T48/><D127/><U9/><E112/><V128/><F3/><W92/><G1/><T59/><D96/><U119/><E119/><V131/><N who="2" m="32768" /><DORA hai="132" /><V101/><F134/><W71/><G117/><T98/><D98/><U35/><E35/><V40/><F64/><W76/><G67/><T60/><D37/><U77/><E77/><V25/><F101/><W69/><G46/><T26/><D26/><N who="1" m="16583" /><E9/><V123/><F123/><W93/><G93/><T121/><D121/><U0/><E0/><V81/><F25/><W133/><G133/><T21/><D21/><U32/><E32/><V57/><F40/><W34/><G34/><T100/><D100/><U58/><AGARI ba="0,0" hai="4,5,50,52,58,79,82,85,124,125,126" m="16583" machi="58" ten="30,8000,1" yaku="18,1,52,3,54,1" doraHai="122,132" who="1" fromWho="1" sc="317,-40,195,80,168,-20,320,-20" />
</Scene>
<Scene>
<INIT seed="5,0,0,1,0,68" ten="277,275,148,300" oya="1" hai0="65,104,106,58,84,55,89,50,37,38,10,90,78" hai1="24,23,95,86,133,39,32,117,2,6,25,18,63" hai2="98,42,115,99,73,103,52,28,44,21,119,77,129" hai3="76,79,27,41,0,54,75,49,11,108,48,26,125"/><U66/><E117/><V57/><F119/><W130/><G108/><T88/><D65/><U72/><E72/><V12/><F129/><W8/><G130/><T60/><D50/><U3/><E133/><V109/><F109/><W34/><G125/><T35/><D35/><U40/><E86/><V123/><F123/><W131/><G131/><T91/><D78/><U122/><E122/><V20/><F115/><W82/><G79/><T132/><D132/><U46/><E95/><V4/><F73/><W97/><G41/><T59/><D59/><U118/><E118/><V126/><F77/><W13/><G34/><T43/><D10/><U74/><E74/><V85/><F85/><W30/><G30/><T53/><D53/><U120/><E120/><V107/><F99/><W61/><G97/><T110/><D110/><U113/><E113/><V15/><F126/><W47/><G61/><T116/><D116/><U81/><E81/><V105/><F105/><W7/><G49/><T1/><D1/><U17/><E6/><AGARI ba="0,0" hai="0,6,7,8,11,13,26,27,47,48,54,75,76,82" machi="6" ten="30,1000,0" yaku="7,1" doraHai="68" who="3" fromWho="1" sc="277,0,275,-10,148,0,300,10" />
</Scene>
<Scene>
<INIT seed="6,0,0,5,4,23" ten="277,265,148,310" oya="2" hai0="53,65,62,52,70,69,66,10,132,125,115,94,122" hai1="40,63,129,56,86,130,81,124,50,106,28,13,104" hai2="128,30,76,108,25,34,83,87,41,36,131,82,105" hai3="90,42,17,75,44,64,15,92,16,18,6,8,22"/><V14/><F105/><W84/><G75/><T135/><D94/><U1/><E1/><V67/><F108/><W57/><G64/><N who="0" m="24683" /><D10/><U7/><E124/><V29/><F67/><W77/><G57/><N who="0" m="35111" /><D122/><U71/><E71/><N who="0" m="27145" /><D115/><U93/><E28/><V117/><F117/><W39/><REACH who="3" step="1"/><G77/><REACH who="3" ten="277,265,148,300" step="2"/><T95/><D95/><U38/><E93/><V58/><F82/><W11/><G11/><T47/><D125/><U110/><E81/><V33/><F58/><W80/><G80/><T102/><D102/><U118/><E56/><V46/><REACH who="2" step="1"/><F14/><AGARI ba="0,1" hai="6,8,14,15,16,17,18,22,39,42,44,84,90,92" machi="14" ten="30,3900,0" yaku="1,1,7,1,54,1,53,0" doraHai="23" doraHaiUra="51" who="3" fromWho="2" sc="277,0,265,0,148,-39,300,49" />
</Scene>
<Scene>
<INIT seed="7,0,0,3,3,78" ten="277,265,109,349" oya="3" hai0="95,40,34,93,6,30,120,94,98,31,19,15,74" hai1="29,4,101,65,57,61,35,132,83,116,58,110,63" hai2="43,47,115,50,46,36,102,42,128,45,103,51,76" hai3="56,33,69,12,23,48,64,10,28,75,21,79,100"/><W11/><G69/><T108/><D108/><U131/><E110/><V82/><F115/><W72/><G100/><T60/><D120/><U81/><E4/><V112/><F112/><W18/><G33/><T121/><D121/><U89/><E101/><V77/><F46/><W106/><G106/><T125/><D125/><U27/><E132/><V123/><F123/><W122/><G122/><T111/><D111/><U90/><E131/><V71/><F71/><W92/><G92/><T135/><D135/><U37/><E37/><V24/><F24/><W7/><G79/><T8/><D74/><U126/><E126/><V66/><F66/><W114/><G114/><T17/><D40/><U14/><E14/><V86/><F36/><W117/><G117/><T1/><D60/><U97/><E116/><V124/><F124/><W88/><G88/><T133/><D133/><U91/><REACH who="1" step="1"/><E97/><REACH who="1" ten="277,255,109,349" step="2"/><V9/><F128/><W104/><G12/><N who="0" m="5143" /><D34/><U3/><E3/><V59/><F59/><W39/><G56/><T26/><D1/><U118/><E118/><V49/><F49/><W99/><G7/><T70/><D70/><U25/><E25/><V134/><F134/><W129/><G99/><T2/><D2/><U96/><E96/><V84/><REACH who="2" step="1"/><F9/><REACH who="2" ten="277,255,99,349" step="2"/><W41/><G11/><N who="0" m="6399" /><D98/><U68/><E68/><V44/><F44/><W52/><G39/><T85/><D85/><U113/><E113/><V0/><F0/><W87/><G72/><T53/><D53/><AGARI ba="0,2" hai="27,29,35,53,57,58,61,63,65,81,83,89,90,91" machi="53" ten="40,8000,1" yaku="1,1,52,2,53,1" doraHai="78" doraHaiUra="20" who="1" fromWho="0" sc="277,-80,255,100,99,0,349,0" owari="197,-20.0,355,45.0,99,-40.0,349,15.0" />
</Scene>
</mjloggm>