<mjloggm ver="2.3"><GO type="225" lobby="0"/><UN n0="%E5%A4%AA%E3%81%8F%E3%81%AA%E3%81%84%E3%81%8A" n1="%73%69%78%72" n2="%E3%83%A9%E3%82%B0%E3%83%A9%E3%83%BC%E3%82%B8" n3="%E3%81%B1%E3%83%BC%E3%81%9D%E3%82%93" dan="18,16,16,16" rate="2208.95,2038.91,2040.40,2170.70" sx="F,M,M,M"/><TAIKYOKU oya="0"/>

<Scene>
<INIT seed="0,0,0,2,4,109" ten="250,250,250,250" oya="0" hai0="2,13,103,67,37,90,110,127,80,85,74,17,57" hai1="16,77,51,68,79,22,84,39,29,8,4,41,26" hai2="64,70,11,38,9,83,6,115,123,28,134,126,119" hai3="97,35,121,46,20,44,73,53,59,114,104,75,60"/><T101/><D2/><U69/><E39/><V112/><F123/><W76/><G121/><T23/><D37/><U128/><E128/><V108/><F108/><W102/><G35/><T135/><D110/><U25/><E77/><V27/><F83/><W92/><G104/><T107/><D127/><U72/><E72/><V105/><F9/><W120/><G120/><T62/><D135/><U82/><E41/><V1/><F134/><W66/><G76/><T113/><D74/><U24/><E51/><V99/><F38/><W61/><G75/><T133/><D133/><U98/><E98/><V34/><F126/><W12/><G73/><T96/><REACH who="0" step="1"/><D103/><REACH who="0" ten="240,250,250,250" step="2"/><U87/><E87/><V56/><F119/><W54/><G102/><T45/><D45/><U122/><E122/><V129/><F129/><W86/><G46/><T63/><D63/><U14/><REACH who="1" step="1"/><E29/><REACH who="1" ten="240,240,250,250" step="2"/><V52/><F28/><W40/><G40/><T91/><D91/><U36/><E36/><V132/><F132/><W124/><G124/><T18/><D18/><U88/><E88/><V71/><F6/><W43/><G43/><T65/><D65/><U0/><AGARI ba="0,2" hai="0,4,8,14,16,22,24,25,26,68,69,79,82,84" machi="0" ten="30,4000,0" yaku="1,1,0,1,54,1,53,0" doraHai="109" doraHaiUra="111" who="1" fromWho="1" sc="240,-20,240,60,250,-10,250,-10" />
</Scene>
<Scene>
<INIT seed="1,0,0,1,4,1" ten="220,300,240,240" oya="1" hai0="2,109,119,131,74,87,101,103,31,58,26,0,8" hai1="105,127,91,36,38,45,21,82,135,9,14,97,121" hai2="63,113,34,84,86,24,107,66,79,10,20,44,85" hai3="18,123,57,32,111,129,23,92,134,64,77,126,4"/><U99/><E121/><V114/><F34/><W7/><G123/><T81/><D119/><U46/><E127/><V94/><F107/><W98/><G32/><T76/><D109/><U35/><E35/><V71/><F44/><W52/><G126/><T110/><D110/><U72/><E21/><V16/><F79/><W61/><G111/><T41/><D131/><U27/><E27/><V29/><REACH who="2" step="1"/><F94/><REACH who="2" ten="220,300,230,240" step="2"/><W128/><G134/><T13/><D76/><U67/><E105/><V40/><F40/><W133/><G133/><T39/><D41/><U47/><E135/><V17/><F17/><W75/><G77/><T112/><D81/><U3/><E82/><V124/><F124/><W6/><G75/><T120/><D74/><U25/><E46/><V117/><F117/><W83/><G83/><T73/><D73/><U89/><E47/><V122/><F122/><W65/><G129/><T30/><D120/><U108/><E45/><V130/><F130/><W33/><G128/><T118/><D118/><U62/><E72/><V5/><F5/><W59/><G33/><T100/><D39/><U54/><E108/><V115/><F115/><W106/><G106/><T69/><D112/><U42/><E42/><V51/><F51/><W48/><G65/><T60/><D31/><U104/><E67/><V88/><F88/><N who="3" m="55559" /><G4/><T80/><D80/><U132/><E104/><V95/><F95/><W102/><G102/><T56/><D101/><U15/><E132/><V55/><F55/><W116/><G116/><T12/><D103/><U43/><E38/><V28/><F28/><W22/><G18/><RYUUKYOKU ba="0,1" sc="220,-15,300,-15,230,15,240,15" hai2="10,16,20,24,29,63,66,71,84,85,86,113,114" hai3="6,7,22,23,48,52,57,59,61,64" />
</Scene>
<Scene>
<INIT seed="2,1,1,3,0,8" ten="205,285,245,255" oya="2" hai0="16,107,63,35,49,108,126,86,134,30,7,102,40" hai1="3,130,100,55,70,43,117,14,95,78,54,123,135" hai2="59,6,128,133,77,57,4,18,82,62,115,121,50" hai3="85,124,129,132,2,120,119,110,17,20,104,13,96"/><V23/><F115/><W25/><G104/><T83/><D7/><U9/><E117/><V89/><F121/><W127/><G96/><T19/><D108/><U27/><E123/><V75/><F128/><W67/><G67/><T26/><D126/><N who="3" m="48169" /><G120/><T84/><D134/><U10/><E70/><V131/><F131/><W47/><G47/><T116/><D116/><U81/><E130/><V15/><F133/><W90/><G132/><T105/><D63/><U48/><E3/><V76/><F76/><W34/><G129/><T42/><D84/><N who="1" m="48183" /><E27/><V68/><F89/><W37/><G37/><T122/><D122/><U22/><E22/><V99/><F99/><W21/><G119/><T92/><D92/><U0/><E0/><V103/><F103/><W73/><G73/><T61/><D61/><U5/><E9/><V112/><F112/><W56/><G13/><T1/><D1/><U109/><E135/><V60/><F68/><W24/><G2/><T52/><D42/><U33/><E109/><V12/><F50/><W111/><G34/><T53/><D40/><U72/><E33/><V74/><F74/><W106/><G106/><T66/><D66/><U44/><E72/><V87/><F75/><W93/><G56/><N who="2" m="21577" /><F4/><W39/><G39/><T88/><D53/><U69/><E69/><V113/><F113/><W41/><G41/><T118/><D118/><U46/><E46/><V114/><F114/><W98/><G111/><T38/><D38/><U101/><E101/><V28/><F28/><N who="3" m="17415" /><G110/><T80/><D105/><U64/><E64/><V58/><F58/><W32/><G32/><RYUUKYOKU ba="1,1" sc="205,-30,285,10,245,10,255,10" hai1="5,10,14,43,44,48,54,55,95,100" hai2="6,12,15,18,23,60,62,77,82,87" hai3="17,21,25,85,90,93,98" />
</Scene>
<Scene>
<INIT seed="2,2,1,1,4,43" ten="175,295,255,265" oya="2" hai0="94,23,106,30,65,8,27,33,51,84,131,108,97" hai1="34,29,14,53,96,107,60,3,110,104,28,70,88" hai2="133,129,90,77,52,81,17,38,18,64,78,127,117" hai3="76,4,99,39,101,87,31,63,75,98,114,86,9"/><V68/><F117/><W69/><G114/><T120/><D120/><U66/><E3/><V50/><F38/><W102/><G39/><T40/><D108/><U44/><E110/><V16/><F133/><W45/><G75/><T91/><D131/><U10/><E34/><V7/><F129/><W32/><G76/><T56/><D8/><U1/><E1/><V122/><F122/><W119/><G119/><T130/><D130/><U19/><E104/><V47/><F127/><W35/><G63/><T103/><D33/><U134/><E134/><V118/><F118/><W73/><G73/><T111/><D111/><U15/><E107/><V58/><F68/><W0/><G69/><T12/><D12/><U2/><E2/><V59/><F7/><W37/><G99/><T124/><D124/><U89/><E15/><V49/><F64/><W11/><G11/><T80/><D65/><U82/><E89/><V113/><F113/><W61/><G102/><T92/><REACH who="0" step="1"/><D56/><REACH who="0" ten="165,295,255,265" step="2"/><N who="2" m="21546" /><F49/><W25/><G32/><T109/><D109/><U83/><E70/><V121/><F121/><W54/><G35/><T42/><D42/><U126/><E66/><V6/><F6/><W36/><G4/><T72/><D72/><U132/><E126/><V55/><F55/><W20/><G54/><T62/><D62/><U79/><E60/><V100/><F100/><W105/><G61/><T67/><D67/><U22/><E132/><V48/><F48/><W93/><G0/><T85/><D85/><AGARI ba="2,2" hai="16,17,18,47,50,52,77,78,81,85,90" m="21546" machi="85" ten="30,11600,0" yaku="8,1,52,1,54,2" doraHai="43" who="2" fromWho="0" sc="165,-122,295,0,255,142,265,0" />
</Scene>
<Scene>
<INIT seed="2,3,0,5,3,109" ten="43,295,397,265" oya="2" hai0="62,2,96,43,135,26,84,60,65,58,97,106,120" hai1="114,102,71,5,41,7,107,132,63,56,76,40,27" hai2="99,87,95,119,69,24,74,100,129,34,115,130,85" hai3="31,53,113,75,9,14,8,80,125,50,81,51,126"/><V86/><F69/><W4/><G31/><T105/><D120/><U39/><E71/><V37/><F37/><W111/><G111/><T91/><D2/><U101/><E132/><V16/><F119/><W36/><G36/><T77/><D135/><U11/><E76/><V88/><F115/><W93/><G93/><T21/><D106/><U57/><E27/><V0/><F74/><W61/><G61/><T18/><D105/><U134/><E134/><V117/><F0/><W32/><G32/><T118/><D118/><U66/><E114/><V131/><F117/><W79/><G113/><T20/><D77/><U23/><E23/><N who="2" m="13415" /><F34/><W35/><G35/><T3/><D3/><U128/><E128/><V110/><F110/><W89/><G53/><T59/><D43/><U73/><E73/><V103/><AGARI ba="3,0" hai="85,86,87,88,95,99,100,103,129,130,131" m="13415" machi="103" ten="40,7800,0" yaku="19,1,54,2" doraHai="109" who="2" fromWho="2" sc="43,-29,295,-29,397,87,265,-29" />
</Scene>
<Scene>
<INIT seed="2,4,0,1,1,73" ten="14,266,484,236" oya="2" hai0="2,79,72,39,97,34,37,67,9,135,80,33,100" hai1="0,109,115,111,52,54,76,65,23,29,98,74,25" hai2="81,5,56,78,36,18,62,47,105,102,117,38,45" hai3="87,35,75,126,15,131,70,43,85,69,101,32,71"/><V103/><F5/><W134/><G75/><T90/><D90/><U63/><E0/><V92/><F105/><W77/><G101/><T122/><D122/><U6/><E6/><V49/><F18/><W42/><G15/><T14/><D135/><U13/><E13/><V107/><F107/><W130/><G134/><T57/><D57/><N who="1" m="37103" /><E115/><V91/><F36/><W125/><REACH who="3" step="1"/><G71/><REACH who="3" ten="14,266,484,226" step="2"/><T58/><D2/><U121/><E121/><V86/><F102/><W12/><G12/><T50/><D37/><U84/><E74/><V123/><F38/><W48/><G48/><T129/><D39/><U40/><E109/><V124/><F49/><W132/><G132/><T96/><D129/><U21/><E111/><V114/><F103/><W113/><G113/><T3/><D3/><U83/><E40/><V17/><F114/><W4/><G4/><T94/><D96/><U60/><E98/><V10/><F123/><W30/><G30/><T46/><D58/><U82/><E29/><V28/><F28/><W24/><G24/><T61/><D61/><U7/><E25/><V1/><F56/><W44/><G44/><T106/><D106/><U104/><E104/><V88/><F45/><W108/><G108/><T133/><D133/><U119/><E60/><V120/><F62/><W128/><G128/><T99/><D99/><U41/><E7/><V53/><F1/><W22/><G22/><T19/><REACH who="0" step="1"/><D67/><REACH who="0" ten="4,266,484,226" step="2"/><U89/><E89/><V20/><F88/><W118/><G118/><T27/><D27/><U16/><E119/><V112/><F117/><W55/><G55/><AGARI ba="4,2" hai="9,14,19,33,34,46,50,55,72,79,80,94,97,100" machi="55" ten="30,3900,0" yaku="1,1,7,1,52,1,53,0" doraHai="73" doraHaiUra="68" who="0" fromWho="3" sc="4,71,266,0,484,0,226,-51" />
</Scene>
<Scene>
<INIT seed="3,0,0,3,4,119" ten="75,266,484,175" oya="3" hai0="30,78,120,48,71,24,17,8,100,84,111,2,36" hai1="94,25,19,56,107,105,91,118,20,128,132,60,126" hai2="72,16,28,10,80,64,43,134,130,39,52,44,50" hai3="83,131,34,18,23,75,22,66,46,29,133,123,62"/><W74/><G123/><T114/><D36/><U70/><E118/><V102/><F134/><W13/><G133/><T87/><D71/><U31/><E132/><V3/><F28/><W124/><G131/><T122/><D111/><U7/><E70/><V12/><F64/><W51/><G124/><T5/><D114/><U101/><E126/><V98/><F3/><W69/><G34/><T21/><D100/><U79/><E79/><V61/><F61/><W4/><G4/><T129/><D129/><U33/><E7/><V125/><F130/><W57/><G69/><T73/><D73/><U37/><E37/><V68/><F68/><W88/><G23/><T11/><D48/><U54/><E101/><V67/><F67/><W95/><G83/><T32/><D8/><U9/><E9/><V96/><F125/><W77/><G77/><T116/><D116/><U85/><E128/><V89/><F102/><W0/><G29/><T110/><D110/><U115/><E115/><V121/><F121/><N who="0" m="46698" /><D78/><U109/><E109/><V42/><F72/><W6/><G6/><T40/><D40/><N who="2" m="15402" /><F39/><W1/><G75/><T63/><D63/><U82/><E82/><V58/><F58/><W45/><G74/><T97/><D97/><U53/><E53/><V92/><F80/><W86/><G51/><T90/><D90/><U49/><E49/><V35/><F50/><W81/><G1/><T27/><D27/><AGARI ba="0,0" hai="19,20,25,27,31,33,54,56,60,85,91,94,105,107" machi="27" ten="30,1000,0" yaku="7,1" doraHai="119" who="1" fromWho="0" sc="75,-10,266,10,484,0,175,0" owari="65,-43.0,276,8.0,484,57.0,175,-22.0" />
</Scene>
</mjloggm>