<mjloggm ver="2.3"><GO type="169" lobby="0"/><UN n0="%74%61%6B%61%2D%31%31%36" n1="%68%61%7A%75%6B%69%38%39" n2="%E5%A4%AA%E3%81%8F%E3%81%AA%E3%81%84%E3%81%8A" n3="%E7%84%9A%E3%81%8D%E7%81%AB" dan="16,16,19,17" rate="2089.88,2053.59,2293.24,2212.61" sx="M,F,F,M"/><TAIKYOKU oya="0"/>

<Scene>
<INIT seed="0,0,0,4,5,46" ten="250,250,250,250" oya="0" hai0="108,72,95,16,77,31,86,55,88,36,79,121,13" hai1="18,47,59,134,110,120,23,131,128,107,4,102,71" hai2="0,15,2,32,114,81,124,12,96,24,70,93,60" hai3="82,43,122,35,44,7,48,37,129,115,78,132,30"/><T53/><D121/><U62/><E120/><V109/><F114/><W29/><G122/><T19/><D36/><U56/><E4/><V89/><F109/><W117/><G115/><T6/><D108/><U80/><E110/><V28/><F124/><W41/><G117/><T111/><D111/><U58/><E134/><V38/><F38/><W94/><G132/><T34/><D34/><U63/><E102/><V73/><F73/><W99/><G129/><T26/><D31/><U51/><E107/><V8/><F81/><W105/><G105/><T74/><D74/><U14/><E80/><V100/><F89/><W1/><G35/><T21/><D72/><U119/><E71/><V67/><REACH who="2" step="1"/><F15/><REACH who="2" ten="250,250,240,250" step="2"/><W3/><G3/><T133/><D133/><U5/><E119/><V39/><F39/><W126/><G126/><T22/><REACH who="0" step="1"/><D6/><AGARI ba="0,1" hai="0,2,6,8,12,24,28,32,60,67,70,93,96,100" machi="6" ten="30,2000,0" yaku="1,1,7,1,53,0" doraHai="46" doraHaiUra="123" who="2" fromWho="0" sc="250,-20,250,0,240,30,250,0" />
</Scene>
<Scene>
<INIT seed="1,0,0,1,5,22" ten="230,250,270,250" oya="1" hai0="21,0,26,133,8,38,92,102,119,68,82,53,59" hai1="48,109,36,132,124,6,125,99,111,66,32,86,25" hai2="122,16,90,83,56,20,95,39,101,81,13,120,123" hai3="3,78,100,85,98,51,27,135,117,94,70,17,4"/><U46/><E36/><V12/><F39/><W67/><G117/><T107/><D68/><U54/><E6/><V47/><F101/><W112/><G135/><T69/><D119/><U121/><E121/><V9/><F47/><W74/><G112/><T127/><D69/><U1/><E1/><V57/><F57/><W76/><G74/><T113/><D107/><U106/><E132/><V7/><REACH who="2" step="1"/><F56/><REACH who="2" ten="230,250,260,250" step="2"/><W128/><G70/><T104/><D38/><U91/><E66/><V77/><F77/><W44/><G67/><T34/><D59/><U24/><E106/><V14/><F14/><W5/><G3/><T29/><D102/><U33/><E99/><AGARI ba="0,1" hai="7,9,12,13,16,20,81,83,90,95,99,120,122,123" machi="99" ten="40,5200,0" yaku="1,1,54,1,53,1" doraHai="22" doraHaiUra="18" who="2" fromWho="1" sc="230,0,250,-52,260,62,250,0" />
</Scene>
<Scene>
<INIT seed="2,0,0,0,5,7" ten="230,198,322,250" oya="2" hai0="129,5,65,119,134,82,123,15,4,90,0,37,89" hai1="10,27,25,50,66,34,83,94,24,57,40,92,106" hai2="75,114,61,41,59,116,118,9,21,11,2,115,102" hai3="68,45,47,121,48,12,95,63,8,98,42,13,135"/><V86/><F75/><W20/><G135/><T32/><D123/><U127/><E106/><V55/><F102/><W35/><G35/><T58/><D32/><U16/><E127/><V17/><F41/><W125/><G125/><T132/><D37/><U51/><E34/><V131/><F131/><W49/><G121/><T96/><D129/><U23/><E83/><V120/><F120/><W105/><G105/><T103/><D0/><U64/><E40/><V133/><F133/><N who="0" m="51306" /><D119/><U91/><E10/><V36/><F36/><W53/><G68/><T104/><D15/><U84/><E94/><V46/><F46/><W130/><G130/><T31/><D31/><U122/><E122/><V87/><F116/><W73/><G73/><T38/><D38/><U108/><E108/><V28/><F28/><W80/><G63/><N who="0" m="38135" /><D82/><U71/><E71/><V76/><F118/><W110/><G110/><T6/><AGARI ba="0,0" hai="4,5,6,89,90,96,103,104" m="38135,51306" machi="6" ten="30,1100,0" yaku="20,1" doraHai="7" who="0" fromWho="0" sc="230,11,198,-3,322,-5,250,-3" />
</Scene>
<Scene>
<INIT seed="3,0,0,1,1,20" ten="241,195,317,247" oya="3" hai0="21,115,23,32,103,57,66,5,33,111,133,63,36" hai1="97,124,8,43,28,42,123,11,132,7,104,16,93" hai2="96,45,92,29,27,35,14,122,47,3,80,30,128" hai3="59,48,117,76,70,72,126,79,52,18,107,69,58"/><W50/><G117/><T26/><D36/><U0/><E123/><V55/><F3/><W127/><G107/><T91/><D111/><U37/><E104/><V81/><F122/><W109/><G18/><T38/><D38/><U31/><E124/><N who="3" m="47658" /><G72/><T61/><D103/><U119/><E132/><V90/><F128/><W112/><G109/><T17/><D133/><U87/><E87/><V49/><F30/><W67/><G112/><T74/><D5/><U71/><E71/><N who="3" m="27146" /><G79/><T44/><D63/><U19/><E37/><V113/><F113/><W53/><G76/><T22/><D32/><U39/><E39/><V40/><F14/><W131/><G67/><T73/><D33/><U114/><E114/><V82/><REACH who="2" step="1"/><F47/><REACH who="2" ten="241,195,307,247" step="2"/><W120/><G120/><T121/><D115/><U34/><E31/><V64/><F64/><W78/><G78/><T15/><D44/><U101/><E28/><V118/><F118/><W105/><G105/><T130/><D66/><U85/><E0/><V9/><F9/><W88/><G88/><T86/><D91/><U6/><E11/><V84/><F84/><W12/><G12/><T51/><D86/><U65/><E85/><V110/><F110/><W13/><G13/><T94/><D121/><U75/><E8/><V10/><F10/><W89/><G89/><T106/><D74/><U4/><E75/><V54/><AGARI ba="0,1" hai="27,29,35,40,45,49,54,55,80,81,82,90,92,96" machi="54" ten="30,4000,0" yaku="1,1,0,1,52,1,53,0" doraHai="20" doraHaiUra="102" who="2" fromWho="2" sc="241,-10,195,-10,307,50,247,-20" />
</Scene>
<Scene>
<INIT seed="4,0,0,2,3,53" ten="231,185,357,227" oya="0" hai0="88,114,104,5,74,19,112,46,91,82,69,98,106" hai1="3,57,127,8,105,100,80,76,135,51,73,68,126" hai2="123,9,44,41,94,118,86,15,2,64,103,97,121" hai3="34,84,62,129,14,72,107,61,79,23,49,128,25"/><T4/><D69/><U20/><E68/><V33/><F33/><W132/><G72/><T26/><D5/><U56/><E135/><V101/><F2/><W90/><G107/><N who="0" m="41003" /><D4/><N who="1" m="1055" /><E51/><V133/><F133/><W55/><G79/><N who="0" m="44407" /><D46/><U39/><E39/><V70/><F103/><W12/><G34/><T95/><D19/><U83/><E83/><V37/><F86/><W38/><G38/><T45/><D26/><U63/><E63/><N who="3" m="24074" /><G132/><T43/><D43/><U11/><E11/><V120/><F70/><W0/><G0/><T59/><D59/><U111/><E20/><V17/><F118/><W77/><G77/><T78/><D45/><U96/><E111/><V31/><F31/><N who="3" m="17855" /><G129/><T21/><D21/><U52/><E52/><V13/><F64/><W35/><G35/><T32/><D32/><U18/><E18/><V99/><F17/><W131/><G131/><T29/><D29/><U48/><E48/><V67/><F67/><W16/><G128/><T109/><D109/><U50/><E50/><V24/><F9/><W30/><G30/><T119/><D119/><U117/><E117/><V6/><F6/><W22/><G22/><T122/><D122/><U54/><E54/><V28/><F28/><W65/><G65/><T130/><D130/><U116/><E116/><V47/><F47/><N who="3" m="28095" /><G16/><T108/><D108/><U81/><E56/><V125/><F24/><W115/><G115/><N who="0" m="44075" /><D78/><N who="1" m="44111" /><E57/><V102/><F13/><W36/><G36/><T7/><D7/><U110/><E110/><V27/><F15/><W42/><G42/><T71/><D71/><U58/><E58/><V93/><F27/><RYUUKYOKU ba="0,0" sc="231,0,185,0,357,0,227,0" hai0="88,91,95,98" hai1="76,81,96,100,105,126,127" hai2="37,41,44,93,94,97,99,101,102,120,121,123,125" hai3="12,14,84,90" />
</Scene>
<Scene>
<INIT seed="4,1,0,2,2,87" ten="231,185,357,227" oya="0" hai0="10,120,97,62,7,9,125,105,73,42,131,0,81" hai1="113,61,65,72,104,43,99,20,11,130,118,74,85" hai2="76,92,56,47,6,78,35,96,58,93,91,83,49" hai3="115,31,84,109,8,27,50,69,19,90,124,45,121"/><T89/><D120/><U54/><E118/><V107/><F107/><W127/><G69/><T38/><D125/><U108/><E108/><V82/><F35/><W14/><G109/><T52/><D131/><U132/><E43/><V103/><F6/><W12/><G121/><T116/><D116/><U23/><E130/><V102/><F82/><W66/><G66/><T39/><D10/><U30/><E132/><V36/><F36/><W59/><G59/><N who="2" m="22569" /><F83/><W4/><G115/><T26/><D62/><U112/><E54/><N who="2" m="30015" /><F93/><W119/><G119/><T22/><D52/><U40/><E40/><V101/><AGARI ba="1,0" hai="76,78,91,92,96,101,102,103" m="30015,22569" machi="101" ten="30,2000,0" yaku="8,1,52,1" doraHai="87" who="2" fromWho="2" sc="231,-11,185,-6,357,23,227,-6" />
</Scene>
<Scene>
<INIT seed="5,0,0,4,0,64" ten="220,179,380,221" oya="1" hai0="37,52,10,57,96,62,88,26,107,71,122,128,25" hai1="53,127,131,69,105,16,102,81,20,118,28,38,36" hai2="58,112,79,56,18,121,29,11,90,34,80,63,114" hai3="116,89,97,123,109,55,13,133,73,24,126,74,8"/><U75/><E118/><V61/><F121/><W42/><G123/><T125/><D122/><U51/><E28/><V46/><F90/><W23/><G42/><T70/><D37/><U30/><E30/><V43/><F29/><W4/><G109/><T31/><D125/><U12/><E127/><V120/><F34/><W100/><G126/><T65/><D128/><U84/><E75/><V95/><F95/><W135/><G55/><T108/><D108/><U48/><E69/><V14/><F120/><W103/><G116/><T117/><D10/><U44/><E131/><V45/><F58/><W35/><G35/><T85/><D117/><U91/><REACH who="1" step="1"/><E51/><REACH who="1" ten="220,169,380,221" step="2"/><V67/><F114/><W98/><G74/><T3/><D71/><U21/><E21/><V66/><F112/><W17/><G73/><T5/><D31/><U94/><E94/><V27/><F61/><W119/><G119/><T106/><D106/><U115/><E115/><V113/><F113/><W83/><G135/><T78/><D107/><U59/><E59/><V7/><F56/><W124/><G133/><T9/><D78/><U110/><E110/><V60/><F63/><W76/><G124/><T99/><D25/><U86/><E86/><V2/><F27/><W1/><G24/><T40/><D26/><U50/><E50/><V68/><F68/><W87/><G76/><T132/><D132/><U0/><E0/><V129/><F129/><W134/><G134/><T39/><D70/><U130/><E130/><V32/><F79/><W104/><G104/><T47/><D65/><N who="2" m="24586" /><F2/><W6/><G1/><T15/><D3/><RYUUKYOKU ba="0,1" sc="220,15,169,15,380,-15,221,-15" hai0="5,9,15,39,40,47,52,57,62,85,88,96,99" hai1="12,16,20,36,38,44,48,53,81,84,91,102,105" />
</Scene>
<Scene>
<INIT seed="5,1,1,3,3,96" ten="235,184,365,206" oya="1" hai0="21,101,98,86,2,45,5,63,121,7,25,48,36" hai1="111,77,20,73,122,27,68,74,83,105,113,84,16" hai2="79,43,55,104,108,129,14,61,97,119,66,3,19" hai3="60,114,32,53,92,115,49,103,94,31,112,116,80"/><U135/><E122/><V102/><F108/><W117/><G60/><T72/><D72/><U51/><E135/><V127/><F119/><N who="3" m="45643" /><G80/><T44/><D121/><U22/><E111/><V82/><F3/><W38/><G38/><T99/><D86/><U18/><E105/><V6/><F43/><W26/><G103/><T37/><D63/><U30/><E113/><N who="3" m="28930" /><W126/><DORA hai="50" /><G126/><T81/><D2/><U35/><E68/><V47/><F82/><W13/><G13/><T8/><D81/><U57/><E35/><V76/><F14/><W39/><G39/><T1/><D101/><U40/><E30/><V41/><F102/><W9/><G9/><T89/><D8/><U15/><REACH who="1" step="1"/><E57/><AGARI ba="1,1" hai="26,31,32,49,53,57,92,94" m="28930,45643" machi="57" ten="40,5200,0" yaku="12,1,15,1,52,1" doraHai="96,50" who="3" fromWho="1" sc="235,0,184,-55,365,0,206,65" />
</Scene>
<Scene>
<INIT seed="6,0,0,5,2,111" ten="235,129,365,271" oya="2" hai0="127,32,86,81,112,54,121,30,0,116,125,42,73" hai1="41,7,114,18,100,106,96,102,48,8,117,84,133" hai2="43,70,10,78,21,90,16,55,65,29,109,34,93" hai3="123,67,89,94,44,118,103,46,128,119,52,126,97"/><V108/><F43/><W124/><G123/><T75/><D121/><U24/><E117/><V98/><F78/><W26/><G67/><T4/><D42/><U131/><E102/><V107/><F10/><W5/><G128/><T20/><D32/><U23/><E131/><V33/><F107/><W110/><G110/><N who="2" m="42601" /><F29/><W51/><G5/><T115/><D116/><U9/><E133/><V76/><F76/><W40/><G26/><N who="0" m="16711" /><D54/><U69/><E69/><V12/><F55/><W15/><G15/><T80/><D4/><U85/><E9/><V87/><F98/><W36/><G119/><T60/><D60/><AGARI ba="0,0" hai="12,16,21,33,34,60,65,70,87,90,93" m="42601" machi="60" ten="30,2900,0" yaku="10,1,54,1" doraHai="111" who="2" fromWho="0" sc="235,-29,129,0,365,29,271,0" />
</Scene>
<Scene>
<INIT seed="6,1,0,1,0,82" ten="206,129,394,271" oya="2" hai0="19,51,72,45,121,81,53,127,16,71,54,30,95" hai1="41,43,76,134,12,63,11,50,126,102,105,128,22" hai2="5,48,32,122,46,118,28,106,36,109,44,7,132" hai3="99,73,57,49,21,117,108,77,37,17,52,123,61"/><V34/><F106/><W83/><G117/><T94/><D121/><U69/><E126/><V112/><F122/><W85/><G123/><T56/><D71/><U90/><E128/><V42/><F118/><W4/><G108/><T96/><D30/><U20/><E134/><V111/><F112/><W80/><G37/><T104/><D127/><U97/><E76/><V124/><F124/><W100/><G4/><N who="2" m="1609" /><F28/><W60/><G83/><T92/><D72/><U59/><E69/><V133/><F32/><W38/><G38/><T88/><D104/><U68/><E68/><V24/><F24/><W67/><G73/><T8/><D81/><U98/><E43/><N who="2" m="24671" /><F34/><W40/><G40/><T78/><D78/><U103/><E11/><V27/><F27/><N who="3" m="14767" /><G67/><T2/><D2/><U87/><E12/><V55/><F55/><W129/><G129/><T135/><D135/><AGARI ba="1,0" hai="36,42,44,109,111,132,133,135" m="24671,1609" machi="135" ten="30,1500,0" yaku="20,1" doraHai="82" who="2" fromWho="0" sc="206,-18,129,0,394,18,271,0" />
</Scene>
<Scene>
<INIT seed="6,2,0,4,4,12" ten="188,129,412,271" oya="2" hai0="98,79,9,20,120,4,122,75,45,6,113,33,88" hai1="83,92,132,52,68,118,82,35,38,128,44,22,95" hai2="2,133,60,56,85,7,69,74,99,91,29,112,50" hai3="134,26,117,107,125,76,13,59,104,86,54,96,89"/><V16/><F74/><W72/><G117/><T55/><D33/><U105/><E118/><V87/><F29/><W58/><G125/><T121/><D75/><U90/><E68/><V127/><F69/><W36/><G36/><T30/><D79/><U34/><E105/><V57/><F127/><W101/><G134/><T21/><D113/><U61/><E128/><V70/><F70/><W46/><G107/><T67/><D67/><U24/><E132/><V0/><F7/><W31/><G46/><T39/><D6/><U102/><E38/><V84/><F133/><W10/><G76/><T111/><D30/><U114/><E114/><V119/><F119/><W77/><G54/><T27/><D27/><U106/><E106/><V66/><F0/><W17/><G77/><T3/><D111/><U15/><E15/><V130/><F2/><W94/><REACH who="3" step="1"/><G72/><REACH who="3" ten="188,129,412,261" step="2"/><T78/><D78/><U80/><E44/><V100/><F112/><W53/><G53/><T110/><D55/><U23/><E52/><V124/><F124/><W109/><G109/><T65/><D110/><U14/><E61/><V42/><F60/><W51/><G51/><T8/><D45/><U1/><E1/><V108/><F50/><W71/><G71/><T123/><D39/><U131/><E131/><V43/><F130/><W73/><G73/><T47/><D123/><U135/><E135/><V28/><F108/><W115/><G115/><T48/><D122/><U25/><E14/><V49/><F49/><W18/><G18/><T97/><D121/><U11/><E25/><V32/><F57/><W62/><G62/><RYUUKYOKU ba="2,1" sc="188,-10,129,-10,412,-10,261,30" hai3="10,13,17,26,31,58,59,86,89,94,96,101,104" />
</Scene>
<Scene>
<INIT seed="7,3,1,2,2,19" ten="178,119,402,291" oya="3" hai0="13,4,106,99,119,118,55,98,9,58,60,97,49" hai1="32,130,16,42,12,80,109,115,102,22,101,67,6" hai2="51,65,71,92,68,27,21,30,20,90,116,105,76" hai3="125,103,44,87,47,81,72,100,43,56,63,15,91"/><W14/><G72/><T121/><D121/><U53/><E109/><V18/><F105/><W26/><G125/><T2/><D106/><U113/><E32/><V123/><F116/><W122/><G122/><T69/><D69/><U110/><E110/><V93/><F76/><W59/><G59/><T127/><D127/><U114/><E130/><V85/><F123/><W134/><G134/><T64/><D2/><U38/><E67/><V117/><F117/><W40/><G47/><N who="0" m="28095" /><D119/><U48/><E42/><N who="3" m="15914" /><G44/><T135/><D118/><U37/><E80/><V108/><F108/><W34/><G34/><T86/><D135/><U129/><E6/><V84/><F51/><W57/><G57/><T7/><D86/><U107/><E129/><V104/><F104/><W10/><G26/><T66/><D7/><U33/><E33/><V112/><F112/><N who="1" m="28673" /><U50/><DORA hai="23" /><E50/><V83/><F65/><AGARI ba="3,1" hai="4,9,13,58,60,64,65,66,97,98,99" m="28095" machi="65" ten="30,1000,0" yaku="8,1" doraHai="19,23" who="0" fromWho="2" sc="178,29,119,0,402,-19,291,0" owari="207,-19.0,119,-38.0,383,48.0,291,9.0" />
</Scene>
</mjloggm>