<mjloggm ver="2.3"><GO type="169" lobby="0"/><UN n0="%E5%A4%AA%E3%81%8F%E3%81%AA%E3%81%84%E3%81%8A" n1="%68%75%6B%61" n2="%6D%61%63%6A%72" n3="%E5%9B%A0%E5%B9%A1" dan="18,16,18,16" rate="2228.88,2091.66,2252.99,2075.93" sx="M,M,M,M"/><TAIKYOKU oya="0"/>

<Scene>
<INIT seed="0,0,0,0,4,81" ten="250,250,250,250" oya="0" hai0="20,39,126,114,4,42,71,8,82,59,135,93,121" hai1="9,40,3,43,31,29,60,0,106,127,107,64,23" hai2="22,116,36,67,120,50,102,52,41,84,63,119,66" hai3="89,51,38,108,24,48,30,98,72,100,125,110,78"/><T103/><D71/><U92/><E127/><V134/><F120/><W124/><G38/><T53/><D121/><U34/><E23/><V80/><F134/><W46/><G78/><T99/><D114/><U105/><E92/><V75/><F75/><W16/><G72/><T79/><D135/><U37/><E9/><V14/><F102/><W32/><G89/><T28/><D126/><N who="3" m="48745" /><G16/><T128/><D128/><U21/><E21/><V122/><F122/><W123/><G123/><T96/><D42/><U87/><E87/><V76/><F41/><N who="3" m="24655" /><G51/><T55/><D39/><U47/><E40/><V90/><F76/><W69/><G69/><T26/><D96/><U86/><E31/><V131/><F36/><W12/><G12/><T73/><REACH who="0" step="1"/><D59/><REACH who="0" ten="240,250,250,250" step="2"/><U49/><E37/><V1/><F131/><W7/><G98/><T15/><AGARI ba="0,1" hai="4,8,15,20,26,28,53,55,73,79,82,93,99,103" machi="15" ten="20,7800,0" yaku="1,1,2,1,0,1,7,1,53,0" doraHai="81" doraHaiUra="101" who="0" fromWho="0" sc="240,88,250,-26,250,-26,250,-26" />
</Scene>
<Scene>
<INIT seed="0,1,0,2,3,48" ten="328,224,224,224" oya="0" hai0="124,123,28,4,56,22,2,99,54,98,118,103,87" hai1="53,33,128,130,95,76,64,40,71,80,51,129,115" hai2="0,65,125,9,17,35,110,116,88,30,120,39,114" hai3="23,38,26,19,78,49,122,66,34,6,44,5,107"/><T131/><D118/><U47/><E33/><V72/><RYUUKYOKU type="yao9" ba="1,0" sc="328,0,224,0,224,0,224,0" hai2="0,9,17,30,35,39,65,72,88,110,114,116,120,125" />
</Scene>
<Scene>
<INIT seed="0,2,0,0,5,24" ten="328,224,224,224" oya="0" hai0="82,84,99,111,0,3,106,27,115,104,19,131,43" hai1="112,37,67,69,121,73,86,18,54,42,23,133,87" hai2="8,25,52,7,48,126,45,47,119,79,88,6,29" hai3="118,92,4,20,13,80,74,36,129,46,116,15,123"/><T134/><D115/><U71/><E121/><V114/><F114/><W11/><G123/><T51/><D131/><U122/><E122/><V5/><F126/><W53/><G129/><T28/><D134/><U17/><E73/><V78/><F119/><W57/><G92/><T91/><D19/><U113/><E23/><N who="2" m="15551" /><F8/><W33/><G33/><T132/><D132/><U21/><E21/><V105/><F105/><W66/><G66/><T39/><D39/><U75/><E75/><V128/><F128/><W135/><G135/><T76/><D111/><U107/><E67/><V85/><F47/><W1/><G15/><T12/><D12/><U100/><E42/><V70/><F70/><W38/><G20/><T77/><D3/><U65/><E65/><V83/><AGARI ba="2,0" hai="5,6,7,45,48,52,78,79,83,85,88" m="15551" machi="83" ten="30,7900,0" yaku="8,1,52,1,54,2" doraHai="24" who="2" fromWho="2" sc="328,-41,224,-22,224,85,224,-22" />
</Scene>
<Scene>
<INIT seed="1,0,0,2,0,86" ten="287,202,309,202" oya="1" hai0="53,37,110,83,45,40,64,7,38,1,59,135,71" hai1="63,117,22,89,73,67,39,97,94,56,125,15,46" hai2="87,20,27,65,66,114,79,57,130,5,2,90,88" hai3="112,103,85,118,62,10,69,24,0,116,3,134,131"/><U102/><E117/><N who="3" m="45162" /><G112/><T35/><D35/><U111/><E73/><V55/><F114/><W36/><G36/><N who="0" m="21639" /><D83/><U52/><E111/><V8/><F130/><W60/><G131/><T108/><D7/><U47/><E125/><V93/><F79/><W43/><G43/><T126/><D1/><N who="3" m="585" /><G69/><T81/><D81/><U76/><E76/><V61/><REACH who="2" step="1"/><F90/><REACH who="2" ten="287,202,299,202" step="2"/><W122/><G122/><T75/><D126/><U91/><E39/><V19/><AGARI ba="0,1" hai="2,5,8,19,20,27,55,57,61,65,66,87,88,93" machi="19" ten="20,12000,2" yaku="1,1,2,1,0,1,7,1,52,1,54,1,53,0" doraHai="86" doraHaiUra="28" who="2" fromWho="2" sc="287,-30,202,-60,299,130,202,-30" />
</Scene>
<Scene>
<INIT seed="2,0,0,5,0,130" ten="257,142,429,172" oya="2" hai0="46,43,4,114,69,75,60,62,36,70,102,101,93" hai1="63,52,77,104,8,44,33,6,55,122,73,106,124" hai2="110,96,58,56,12,113,119,67,133,40,11,2,68" hai3="131,92,38,115,39,116,86,89,129,45,64,123,121"/><V88/><F113/><W23/><G115/><T83/><D114/><U15/><E33/><V87/><F119/><W103/><G116/><T26/><D26/><U22/><E124/><V78/><F2/><W109/><G109/><T9/><D62/><U94/><E122/><N who="3" m="46602" /><G64/><T37/><D37/><U81/><E55/><V66/><F110/><W117/><G117/><T100/><D93/><U71/><E71/><V125/><F125/><W59/><G59/><N who="2" m="22569" /><F133/><W49/><G23/><T118/><D118/><U85/><E63/><V41/><F78/><W19/><G19/><T97/><D97/><U17/><E94/><N who="2" m="54559" /><F96/><W99/><G99/><T108/><D108/><U20/><E73/><V120/><F68/><W84/><G103/><T29/><D60/><U34/><E34/><V112/><F112/><W30/><G86/><T14/><REACH who="0" step="1"/><D29/><REACH who="0" ten="247,142,429,172" step="2"/><U105/><E105/><V128/><F120/><W51/><G30/><T5/><D5/><U42/><E104/><V80/><F128/><N who="3" m="49227" /><G49/><T90/><D90/><U31/><E106/><V24/><F24/><W98/><G98/><T0/><D0/><U74/><E6/><N who="2" m="3191" /><F80/><W76/><G76/><AGARI ba="0,1" hai="4,9,14,36,43,46,69,70,75,76,83,100,101,102" machi="76" ten="40,1300,0" yaku="1,1,53,0" doraHai="130" doraHaiUra="91" who="0" fromWho="3" sc="247,23,142,0,429,0,172,-13" />
</Scene>
<Scene>
<INIT seed="3,0,0,5,5,130" ten="270,142,429,159" oya="3" hai0="24,99,132,129,86,85,46,52,113,78,77,49,107" hai1="27,44,124,126,3,9,87,76,131,122,34,57,39" hai2="70,123,30,28,37,16,21,69,100,71,94,108,103" hai3="5,26,114,8,67,0,83,38,117,6,120,102,25"/><W96/><G38/><T93/><D129/><U1/><E87/><N who="0" m="33289" /><D107/><U80/><E131/><V29/><F37/><W65/><G120/><T127/><D127/><U66/><E57/><V18/><F108/><W118/><G114/><T68/><D68/><U116/><E66/><V125/><F125/><W19/><G6/><T20/><D132/><U32/><E3/><V43/><F43/><W104/><G83/><T64/><D64/><U4/><E116/><V119/><F119/><W61/><G67/><T112/><D112/><U35/><E27/><V36/><F36/><W90/><G90/><N who="0" m="55735" /><D113/><U98/><E98/><V81/><F81/><W56/><REACH who="3" step="1"/><G26/><REACH who="3" ten="270,142,429,149" step="2"/><T13/><D13/><U51/><E122/><V84/><F123/><W48/><G48/><T82/><D82/><U17/><E51/><V92/><F69/><W23/><AGARI ba="0,1" hai="0,5,8,19,23,25,56,61,65,96,102,104,117,118" machi="23" ten="30,6000,0" yaku="1,1,0,1,53,1" doraHai="130" doraHaiUra="7" who="3" fromWho="3" sc="270,-20,142,-20,429,-20,149,70" />
</Scene>
<Scene>
<INIT seed="3,1,0,2,2,39" ten="250,122,409,219" oya="3" hai0="114,96,104,26,95,13,16,110,44,100,77,2,125" hai1="80,29,107,20,22,130,1,59,11,32,83,133,135" hai2="57,63,99,132,85,4,24,38,51,40,50,121,12" hai3="42,23,98,31,118,90,70,131,112,113,41,61,55"/><W106/><G118/><T49/><D2/><U33/><E107/><V46/><F132/><N who="1" m="50761" /><E59/><V34/><F121/><W129/><G31/><T8/><D110/><U84/><E84/><V81/><F99/><W10/><G23/><N who="1" m="8746" /><E80/><V6/><F24/><W3/><G55/><T123/><D123/><U87/><E87/><V124/><F124/><W122/><G122/><T14/><D125/><U43/><E83/><V18/><F34/><N who="1" m="13417" /><E43/><N who="3" m="16394" /><G61/><T126/><D126/><U36/><E36/><V94/><F38/><W127/><G127/><T35/><D104/><U82/><E82/><V102/><F50/><W69/><G90/><T117/><D117/><U15/><E130/><N who="3" m="49674" /><G98/><T71/><D96/><U119/><E119/><V120/><F120/><W48/><G48/><T75/><D49/><U111/><E111/><V37/><F37/><W79/><G79/><T53/><D77/><U116/><E116/><V65/><F40/><W45/><G45/><T56/><D44/><U72/><E29/><V64/><F51/><W92/><G92/><T28/><D95/><U109/><E109/><V88/><F46/><W54/><G54/><T30/><D53/><U115/><E115/><N who="3" m="44106" /><G106/><T62/><D114/><U47/><E47/><V93/><F64/><W0/><G0/><T9/><D30/><U108/><E108/><V73/><F93/><W67/><G67/><T66/><D66/><U76/><E1/><V17/><F63/><W97/><G97/><T74/><D62/><U60/><E60/><V86/><F65/><W27/><G3/><T58/><D28/><U91/><E76/><V89/><F94/><RYUUKYOKU ba="1,0" sc="250,0,122,0,409,0,219,0" />
</Scene>
<Scene>
<INIT seed="4,2,0,5,4,96" ten="250,122,409,219" oya="0" hai0="63,128,60,18,101,9,50,21,80,76,54,57,48" hai1="92,25,39,46,53,134,19,4,122,6,24,11,12" hai2="115,114,52,132,88,100,31,90,62,10,83,86,99" hai3="56,135,74,118,40,17,7,32,55,77,127,29,97"/><T133/><D133/><U111/><E122/><V91/><F132/><W123/><G40/><T38/><D38/><U26/><E134/><V113/><F31/><W73/><G7/><T5/><D128/><U109/><E39/><V69/><F10/><W87/><G118/><T64/><D101/><U33/><E46/><V58/><F69/><W126/><G97/><T51/><D9/><U131/><E53/><V120/><F120/><W37/><G37/><T79/><D5/><U34/><E92/><AGARI ba="2,0" hai="52,58,62,83,86,88,90,91,92,99,100,113,114,115" machi="92" ten="40,8000,1" yaku="15,1,52,1,54,2" doraHai="96" who="2" fromWho="1" sc="250,0,122,-86,409,86,219,0" />
</Scene>
<Scene>
<INIT seed="5,0,0,2,1,71" ten="250,36,495,219" oya="1" hai0="14,72,75,48,40,0,36,103,53,74,99,33,64" hai1="90,61,73,111,91,82,15,62,102,23,87,4,81" hai2="117,59,54,46,30,29,128,42,121,105,133,50,25" hai3="126,13,96,130,27,32,3,100,26,101,19,31,123"/><U10/><E111/><V84/><F117/><W37/><G37/><T120/><D0/><U55/><E102/><V118/><F118/><W68/><G68/><T43/><D33/><U58/><E23/><V94/><F105/><W88/><G123/><T41/><D120/><U11/><E11/><V124/><F121/><W110/><G110/><T51/><D64/><U57/><E73/><V22/><F124/><W104/><G3/><T24/><D24/><U20/><E20/><V47/><F133/><W80/><G130/><T7/><D7/><U56/><REACH who="1" step="1"/><E55/><REACH who="1" ten="250,26,495,219" step="2"/><V49/><F128/><W60/><G101/><T67/><D53/><U89/><E89/><N who="2" m="53543" /><F30/><W21/><G88/><T125/><D103/><U93/><E93/><V34/><F34/><W35/><G35/><T85/><D74/><U66/><E66/><V17/><F29/><W132/><G32/><T18/><D67/><U107/><E107/><V106/><F106/><W78/><G31/><T65/><D65/><U28/><E28/><V131/><F131/><W129/><G129/><T79/><D72/><U9/><E9/><V39/><F22/><W12/><G21/><T16/><D75/><U109/><E109/><V127/><F25/><W70/><G26/><T2/><D125/><U38/><E38/><V116/><F127/><W77/><G126/><T122/><D36/><U113/><E113/><V86/><F116/><W1/><G27/><T45/><D122/><U98/><E98/><V44/><F39/><W69/><G96/><T52/><D99/><U135/><E135/><V83/><F17/><W108/><G19/><RYUUKYOKU ba="0,1" sc="250,-15,26,15,495,15,219,-15" hai1="4,10,15,56,57,58,61,62,81,82,87,90,91" hai2="42,44,46,47,49,50,54,59,83,86" />
</Scene>
<Scene>
<INIT seed="5,1,1,4,1,94" ten="235,41,510,204" oya="1" hai0="31,10,59,127,56,14,39,19,112,32,95,21,61" hai1="7,62,117,134,15,88,45,73,75,41,133,20,106" hai2="86,42,119,28,77,126,44,57,109,11,27,107,43" hai3="108,24,25,5,79,100,76,22,4,105,130,8,40"/><U3/><E117/><V65/><F109/><W135/><G108/><T97/><D39/><U99/><E3/><V81/><F119/><W114/><G5/><T37/><D37/><U111/><E111/><V47/><F107/><W89/><G114/><T48/><D112/><U49/><E62/><N who="2" m="38095" /><F126/><W68/><G68/><T46/><D127/><U115/><E115/><V60/><F60/><W124/><G135/><N who="1" m="51722" /><E106/><V98/><F98/><W84/><G130/><T9/><D32/><U1/><E1/><V87/><F11/><N who="0" m="4106" /><D31/><U66/><E66/><V129/><F129/><W12/><G124/><T125/><D61/><U0/><E0/><V2/><F2/><W30/><G105/><T83/><D83/><U71/><E71/><V23/><F86/><W118/><G84/><T90/><D125/><U51/><E51/><V55/><F47/><W103/><G118/><T102/><D102/><U67/><E67/><V6/><F6/><W104/><G103/><T17/><D17/><N who="1" m="10303" /><E7/><V54/><F44/><W128/><G4/><T64/><D64/><U63/><E63/><V96/><F43/><AGARI ba="1,1" hai="14,19,21,43,46,48,56,59,90,95,97" m="4106" machi="43" ten="30,2000,0" yaku="8,1,52,1" doraHai="94" who="0" fromWho="2" sc="235,33,41,0,510,-23,204,0" />
</Scene>
<Scene>
<INIT seed="6,0,0,2,4,54" ten="268,41,487,204" oya="2" hai0="77,23,3,71,73,102,101,15,69,96,107,49,92" hai1="34,115,42,57,14,0,97,38,70,45,132,109,116" hai2="30,13,65,9,82,78,18,1,46,24,7,19,36" hai3="89,75,112,25,44,56,47,80,124,81,59,48,63"/><V103/><F103/><W84/><G124/><T21/><D3/><U17/><E97/><V31/><F65/><W26/><G112/><T118/><D118/><U52/><E116/><V53/><F1/><W134/><G134/><T125/><D125/><U50/><E109/><V135/><F135/><W79/><G47/><T72/><D49/><U104/><E132/><V12/><F24/><W133/><G133/><T43/><D43/><U117/><E117/><V127/><F127/><W106/><G106/><T126/><D126/><U105/><E0/><V110/><F110/><W121/><G121/><T122/><D122/><U22/><E115/><V27/><F27/><W8/><G8/><T74/><D77/><U99/><E34/><V119/><F119/><W91/><G91/><T58/><D107/><U129/><E129/><V40/><F53/><W90/><G90/><T94/><D15/><U100/><REACH who="1" step="1"/><E70/><REACH who="1" ten="268,31,487,204" step="2"/><V76/><F7/><W64/><G75/><T86/><D73/><U87/><E87/><V60/><F76/><W68/><G79/><T11/><D72/><U98/><E98/><V111/><F111/><W120/><G120/><T67/><D74/><U95/><AGARI ba="0,1" hai="14,17,22,38,42,45,50,52,57,95,99,100,104,105" machi="95" ten="20,8000,1" yaku="1,1,0,1,7,1,52,1,54,1,53,0" doraHai="54" doraHaiUra="20" who="1" fromWho="1" sc="268,-20,31,90,487,-40,204,-20" />
</Scene>
<Scene>
<INIT seed="7,0,0,0,0,121" ten="248,121,447,184" oya="3" hai0="117,45,41,111,100,21,23,134,13,14,25,115,105" hai1="96,15,4,125,36,5,68,73,97,95,130,26,102" hai2="50,10,109,3,2,47,1,62,31,56,18,88,0" hai3="17,12,81,114,74,38,49,42,71,122,87,75,29"/><W76/><G38/><T54/><D111/><U82/><E68/><V6/><F109/><W39/><G39/><T112/><D117/><U33/><E125/><V11/><F31/><W59/><G71/><T104/><D54/><U133/><E133/><V89/><F18/><W106/><G106/><N who="0" m="41067" /><D100/><U91/><E130/><V37/><F10/><W99/><G114/><N who="0" m="43563" /><D134/><U28/><E36/><V22/><F22/><N who="0" m="8202" /><D25/><U9/><E97/><V103/><F103/><W60/><G99/><T24/><D24/><U34/><E34/><V46/><F46/><W78/><G29/><T40/><D45/><U118/><E118/><V67/><REACH who="2" step="1"/><F37/><REACH who="2" ten="248,121,437,184" step="2"/><W113/><G113/><T101/><D101/><U79/><REACH who="1" step="1"/><E102/><REACH who="1" ten="248,111,437,184" step="2"/><V98/><F98/><W119/><G119/><T110/><D110/><U7/><AGARI ba="0,2" hai="4,5,7,9,15,26,28,33,73,79,82,91,95,96" machi="7" ten="20,5200,0" yaku="1,1,2,1,0,1,7,1,53,0" doraHai="121" doraHaiUra="51" who="1" fromWho="1" sc="248,-13,111,72,437,-13,184,-26" owari="235,4.0,183,-22.0,424,52.0,158,-34.0" />
</Scene>
</mjloggm>