<mjloggm ver="2.3"><GO type="169" lobby="0"/><UN n0="%E3%81%AE%E3%81%82%E3%83%9E%E3%82%B9%E3%82%BF%E3%83%BC" n1="%E3%83%AD%E3%83%BC%E3%83%89%E3%82%AB%E3%83%8A%E3%83%AD%E3%82%A2" n2="%E5%A4%AA%E3%81%8F%E3%81%AA%E3%81%84%E3%81%8A" n3="%E3%83%91%E3%83%B3%E5%8D%93%E3%81%AE%E6%94%AF%E9%85%8D%E8%80%85" dan="16,16,18,16" rate="2173.26,2024.32,2243.33,2086.11" sx="M,M,F,M"/><TAIKYOKU oya="0"/>

<Scene>
<INIT seed="0,0,0,5,1,69" ten="250,250,250,250" oya="0" hai0="55,28,78,27,32,94,47,14,127,116,34,2,12" hai1="81,4,95,135,106,50,18,16,99,0,17,8,68" hai2="44,123,24,33,63,75,117,82,119,46,30,77,109" hai3="39,121,89,20,45,41,98,54,48,73,10,25,21"/><T71/><D116/><N who="2" m="44618" /><F109/><W67/><G73/><T129/><D71/><U3/><E106/><V92/><F123/><W15/><G121/><T133/><D78/><U76/><E68/><V38/><F63/><W35/><G67/><T84/><D2/><U110/><E110/><V90/><F38/><W40/><G40/><T51/><D127/><U97/><E135/><V86/><AGARI ba="0,0" hai="24,30,33,44,46,75,77,82,86,90,92" m="44618" machi="86" ten="30,1100,0" yaku="12,1" doraHai="69" who="2" fromWho="2" sc="250,-5,250,-3,250,11,250,-3" />
</Scene>
<Scene>
<INIT seed="1,0,0,0,5,26" ten="245,247,261,247" oya="1" hai0="64,87,28,5,20,74,82,33,17,112,31,49,30" hai1="34,73,19,111,108,115,25,86,23,94,76,123,81" hai2="90,85,120,43,117,14,88,130,79,47,11,125,97" hai3="101,69,124,70,1,110,60,71,58,128,122,45,114"/><U48/><E115/><V65/><F117/><W38/><G1/><T93/><D112/><U57/><E123/><V2/><F120/><W75/><G114/><T15/><D74/><U106/><E106/><V89/><F2/><W8/><G75/><T102/><D33/><U119/><E119/><V78/><F130/><W50/><G8/><N who="0" m="4495" /><D64/><U105/><E105/><V127/><F65/><W16/><G101/><T77/><D49/><U80/><E94/><V135/><F97/><W67/><G122/><T129/><D129/><U116/><E116/><V4/><F135/><W53/><G128/><T9/><D9/><U42/><E34/><V134/><F134/><W99/><G99/><N who="0" m="59759" /><D17/><U13/><E25/><AGARI ba="0,0" hai="20,25,28,30,31,77,82,87" m="59759,4495" machi="25" ten="30,7700,0" yaku="8,1,52,3" doraHai="26" who="0" fromWho="1" sc="245,77,247,-77,261,0,247,0" />
</Scene>
<Scene>
<INIT seed="2,0,0,4,2,57" ten="322,170,261,247" oya="2" hai0="105,32,100,42,21,112,62,54,37,59,13,11,92" hai1="60,127,6,125,121,41,69,133,83,9,132,53,45" hai2="61,82,117,108,35,43,48,103,1,91,74,84,106" hai3="25,66,89,36,3,18,23,131,118,90,73,87,65"/><V52/><F117/><W17/><G73/><T122/><D122/><U130/><E121/><V101/><F1/><W94/><G3/><T78/><D32/><U134/><E83/><V71/><F35/><W49/><G118/><T33/><D33/><U81/><E81/><V120/><F120/><W24/><G36/><T67/><D105/><U88/><E88/><V75/><F43/><W124/><G131/><T109/><D109/><U5/><E9/><V114/><F114/><W104/><G104/><T123/><D112/><U20/><E20/><V119/><F119/><W19/><G124/><N who="1" m="47690" /><E53/><V7/><F7/><N who="1" m="2569" /><E69/><V4/><F4/><W50/><G18/><N who="0" m="8511" /><D37/><N who="1" m="21679" /><E60/><V97/><F103/><W8/><G23/><T80/><D123/><U93/><E93/><V111/><F71/><W27/><G8/><T96/><D42/><U77/><E77/><V56/><REACH who="2" step="1"/><F48/><REACH who="2" ten="322,170,251,247" step="2"/><W72/><G49/><T2/><D2/><U113/><E113/><V47/><F47/><W110/><G50/><T135/><D100/><U39/><E39/><V15/><F15/><W98/><G110/><AGARI ba="0,1" hai="52,56,61,74,75,82,84,91,97,101,106,108,110,111" machi="110" ten="40,12000,1" yaku="1,1,14,1,10,1,52,1,54,1,53,0" doraHai="57" doraHaiUra="63" who="2" fromWho="3" sc="322,0,170,0,251,130,247,-120" />
</Scene>
<Scene>
<INIT seed="2,1,0,5,5,25" ten="322,170,381,127" oya="2" hai0="50,70,108,13,122,40,61,104,54,79,131,26,96" hai1="43,105,8,80,103,21,134,93,102,128,64,119,7" hai2="65,30,63,73,91,10,35,92,20,111,62,4,129" hai3="74,9,32,71,22,114,1,116,83,81,89,66,100"/><V12/><F73/><W33/><G116/><T0/><D122/><U3/><E119/><V2/><F129/><W55/><G114/><T120/><D131/><U59/><E128/><V135/><F135/><W75/><G100/><T117/><D120/><U118/><E118/><V133/><F133/><W68/><G22/><T38/><D117/><U109/><E109/><V126/><F126/><W90/><G55/><T47/><D108/><U113/><E113/><V5/><F111/><W44/><G44/><T85/><D0/><U123/><E123/><V95/><F5/><W115/><G115/><T56/><D13/><U48/><E105/><V46/><F46/><W49/><G49/><T86/><D79/><U94/><E80/><V19/><F91/><W112/><G112/><T127/><D127/><U53/><E64/><V78/><F78/><W23/><G23/><T57/><D70/><U42/><E21/><V11/><F11/><W124/><G124/><T24/><D104/><U45/><E43/><V107/><F107/><W28/><G9/><T27/><REACH who="0" step="1"/><D96/><REACH who="0" ten="312,170,381,127" step="2"/><U14/><E3/><V88/><F12/><W101/><G1/><T69/><D69/><U125/><E125/><V77/><F77/><W18/><G101/><N who="1" m="38410" /><E134/><V37/><F2/><W39/><G71/><T106/><D106/><U72/><E72/><V67/><F88/><W97/><G68/><T132/><D132/><U51/><AGARI ba="1,1" hai="7,8,14,42,45,48,51,53,59,93,94" m="38410" machi="51" ten="30,1100,0" yaku="8,1" doraHai="25" who="1" fromWho="1" sc="312,-4,170,24,381,-6,127,-4" />
</Scene>
<Scene>
<INIT seed="3,0,0,0,0,57" ten="308,194,375,123" oya="3" hai0="9,14,131,30,79,91,48,45,7,119,26,11,110" hai1="40,124,55,10,51,22,113,16,60,74,37,78,33" hai2="120,86,29,134,88,63,49,59,115,56,87,96,95" hai3="20,28,18,92,135,107,54,132,121,4,81,64,32"/><W12/><G121/><T109/><D119/><U13/><E33/><V84/><F115/><W43/><G107/><T41/><D79/><U0/><E113/><V67/><F120/><W24/><G43/><T31/><D131/><U3/><E37/><V112/><F112/><W118/><G118/><T27/><D91/><U122/><E122/><V58/><F134/><W44/><G64/><T106/><D106/><U77/><E74/><V69/><REACH who="2" step="1"/><F29/><REACH who="2" ten="308,194,365,123" step="2"/><W103/><G81/><T98/><D31/><U108/><E108/><V105/><F105/><W25/><G92/><T111/><D30/><U75/><E124/><V15/><F15/><W126/><G126/><T38/><D98/><U17/><E0/><V90/><F90/><W83/><G83/><T114/><D114/><U47/><E3/><V39/><F39/><W116/><G116/><T125/><D125/><U5/><E75/><V50/><AGARI ba="0,1" hai="49,50,56,58,59,63,67,69,84,86,87,88,95,96" machi="50" ten="40,8000,1" yaku="1,1,0,1,52,1,54,1,53,0" doraHai="57" doraHaiUra="130" who="2" fromWho="2" sc="308,-20,194,-20,365,90,123,-40" />
</Scene>
<Scene>
<INIT seed="4,0,0,2,0,4" ten="288,174,455,83" oya="0" hai0="31,79,44,32,47,17,28,88,81,95,3,39,108" hai1="9,60,15,68,130,66,114,53,33,78,86,29,84" hai2="103,30,62,123,122,105,104,129,8,40,6,96,13" hai3="12,70,69,43,120,77,1,11,34,100,102,97,5"/><T58/><D3/><U38/><E38/><V41/><F129/><W21/><G120/><T110/><D58/><U113/><E130/><V54/><F104/><W116/><G116/><T74/><D17/><N who="1" m="8431" /><E78/><V132/><F132/><W56/><G77/><T87/><D32/><U72/><E72/><V65/><F54/><W98/><G43/><T37/><D37/><U45/><E33/><V73/><F73/><W89/><G89/><T90/><D90/><U92/><E92/><V117/><F117/><W7/><G34/><T48/><D39/><U18/><E18/><V19/><F30/><W24/><G56/><T112/><D47/><U121/><E29/><V124/><F124/><W23/><G23/><T80/><D112/><N who="1" m="43115" /><E121/><V10/><F122/><W106/><G7/><T107/><D107/><U135/><E135/><V35/><F123/><W63/><G1/><T134/><D134/><U16/><E16/><V57/><F35/><W83/><G83/><T42/><D81/><U26/><E26/><V75/><F75/><W109/><G109/><AGARI ba="0,0" hai="28,31,42,44,48,74,79,80,87,88,95,108,109,110" machi="109" ten="40,3900,0" yaku="10,1,54,1" doraHai="4" who="0" fromWho="3" sc="288,39,174,0,455,0,83,-39" />
</Scene>
<Scene>
<INIT seed="4,1,0,0,0,108" ten="327,174,455,44" oya="0" hai0="0,23,42,36,29,86,88,128,102,77,114,57,52" hai1="10,51,91,124,49,28,55,69,17,1,50,53,41" hai2="60,64,120,84,82,45,92,12,31,34,126,80,123" hai3="38,32,14,24,112,39,37,13,95,58,129,54,5"/><T107/><D0/><U71/><E124/><V74/><F126/><W33/><G129/><T135/><D128/><U72/><E72/><V93/><F34/><W116/><G116/><T44/><D77/><U21/><E28/><V3/><F3/><W15/><G5/><T40/><D40/><U18/><E41/><V70/><F31/><W66/><G66/><T27/><D135/><U56/><E55/><V121/><F45/><W105/><G105/><T131/><D131/><U30/><E30/><V75/><F12/><W104/><G104/><T87/><D114/><U79/><E79/><V16/><F16/><W122/><G95/><T100/><D87/><U127/><E71/><V2/><F2/><W98/><G98/><T111/><D111/><U106/><E69/><V25/><F25/><W115/><G122/><T6/><D6/><U48/><E1/><V83/><F93/><W96/><G96/><T62/><D107/><U8/><E106/><V4/><F4/><W73/><G73/><T67/><D67/><U85/><E127/><V47/><F47/><W7/><G7/><T99/><D99/><U65/><E65/><V90/><AGARI ba="1,0" hai="60,64,70,74,75,80,82,83,84,90,92,120,121,123" machi="90" ten="40,1500,0" yaku="0,1" doraHai="108" who="2" fromWho="2" sc="327,-8,174,-5,455,18,44,-5" />
</Scene>
<Scene>
<INIT seed="5,0,0,2,5,83" ten="319,169,473,39" oya="1" hai0="101,76,23,129,56,81,117,88,86,84,51,61,82" hai1="54,43,69,37,92,57,124,17,102,107,113,20,52" hai2="16,22,89,116,99,121,44,1,80,26,111,119,42" hai3="131,7,71,18,55,134,34,91,6,77,73,31,118"/><U0/><E0/><V70/><F121/><W58/><G71/><T27/><D117/><U40/><E69/><V126/><F111/><W11/><G118/><T21/><D129/><U122/><E122/><V97/><F1/><W123/><G123/><T135/><D135/><U130/><E107/><V36/><F126/><W3/><G7/><T60/><D101/><U75/><E124/><V35/><F70/><W4/><G4/><T45/><D56/><U29/><E75/><V93/><F35/><W109/><G109/><T125/><D125/><U127/><E29/><V128/><F128/><W74/><G131/><T9/><D9/><U10/><E10/><V41/><F41/><N who="1" m="15945" /><E113/><V15/><F26/><W8/><G77/><T65/><D65/><U90/><E127/><V133/><F133/><W30/><G91/><T68/><D68/><U98/><E37/><V72/><F99/><W106/><G106/><T94/><D94/><N who="1" m="58711" /><E57/><V25/><F72/><W24/><G31/><N who="0" m="17903" /><D23/><U105/><E105/><V132/><F132/><W46/><G46/><T63/><D63/><U66/><E66/><V28/><F119/><W59/><G134/><T100/><D100/><U108/><E108/><V112/><F116/><W38/><G38/><T79/><D79/><U115/><E115/><V120/><F112/><W114/><G114/><T19/><D19/><U103/><E103/><V85/><F120/><W95/><G58/><T49/><D49/><U14/><E130/><V64/><F64/><W48/><REACH who="3" step="1"/><G95/><REACH who="3" ten="319,169,473,29" step="2"/><T12/><D12/><AGARI ba="0,1" hai="3,6,8,11,12,18,24,30,34,48,55,59,73,74" machi="12" ten="40,5200,0" yaku="1,1,2,1,53,1" doraHai="83" doraHaiUra="2" who="3" fromWho="0" sc="319,-52,169,0,473,0,29,62" />
</Scene>
<Scene>
<INIT seed="6,0,0,2,2,42" ten="267,169,473,91" oya="2" hai0="80,14,117,85,110,39,40,23,73,131,135,116,120" hai1="114,119,90,26,111,17,103,34,75,59,35,107,29" hai2="128,61,50,13,57,95,76,69,0,53,94,79,81" hai3="24,133,63,129,10,108,47,70,127,83,113,123,68"/><V30/><F0/><W64/><G108/><T51/><D110/><U66/><E111/><V6/><F128/><W55/><G123/><T58/><D131/><U86/><E119/><N who="0" m="45641" /><D120/><U121/><E75/><V89/><F30/><W41/><G129/><T4/><D73/><U3/><E114/><V100/><F69/><W115/><G10/><N who="0" m="4423" /><D135/><U102/><E3/><V92/><F100/><W71/><G83/><T5/><D5/><U82/><E17/><V125/><F125/><W134/><G127/><T11/><D11/><U122/><E35/><V1/><F1/><W87/><G55/><N who="0" m="32127" /><D23/><U112/><E122/><V65/><F6/><W78/><G24/><T132/><D132/><N who="3" m="50793" /><G87/><T15/><D15/><U56/><E86/><N who="2" m="50383" /><F13/><W27/><G27/><T91/><D40/><U44/><E121/><V38/><F38/><AGARI ba="0,0" hai="38,39,80,85,91" m="32127,4423,45641" machi="38" ten="30,1000,0" yaku="12,1" doraHai="42" who="0" fromWho="2" sc="267,10,169,0,473,-10,91,0" />
</Scene>
<Scene>
<INIT seed="7,0,0,4,4,86" ten="277,169,463,91" oya="3" hai0="114,59,41,130,105,13,36,88,23,53,131,3,118" hai1="127,58,102,94,45,22,80,25,100,117,83,70,73" hai2="27,126,134,71,104,60,19,99,122,111,12,43,133" hai3="10,15,5,96,116,26,78,17,65,90,103,30,95"/><W125/><G116/><T101/><D118/><U135/><E117/><V108/><F126/><W39/><G125/><T35/><D3/><U119/><E119/><V97/><F122/><W2/><G39/><T82/><D35/><U6/><E127/><V112/><F112/><W38/><G38/><T62/><D114/><U54/><E70/><V7/><F43/><W109/><G109/><T72/><D36/><U132/><E6/><V18/><F7/><W110/><G110/><T89/><D41/><U52/><E45/><V40/><F40/><W85/><G65/><T33/><D33/><U32/><E32/><V55/><F27/><W14/><G78/><N who="0" m="44359" /><D101/><N who="1" m="39019" /><E94/><V46/><F104/><W93/><REACH who="3" step="1"/><G17/><REACH who="3" ten="277,169,463,81" step="2"/><N who="0" m="10671" /><D105/><U16/><E73/><V79/><F133/><N who="1" m="51273" /><E54/><V74/><F79/><W48/><G48/><AGARI ba="0,1" hai="16,22,25,48,52,58,80,83" m="51273,39019" machi="48" ten="30,3900,0" yaku="20,1,54,2" doraHai="86" who="1" fromWho="3" sc="277,0,169,49,463,0,81,-39" owari="277,8.0,218,-18.0,463,56.0,42,-46.0" />
</Scene>
</mjloggm>