<mjloggm ver="2.3"><GO type="169" lobby="0"/><UN n0="%E6%99%82%E3%81%AE%E6%BC%82%E6%B3%8A" n1="%E7%A5%9E%E6%A5%BD%E5%9D%82%E3%82%86%E3%81%8B" n2="%43%52%41%5A%59%42%45%45" n3="%E5%A4%AA%E3%81%8F%E3%81%AA%E3%81%84%E3%81%8A" dan="16,16,17,18" rate="2081.76,2060.09,2157.11,2261.43" sx="F,F,M,F"/><TAIKYOKU oya="0"/>

<Scene>
<INIT seed="0,0,0,1,4,39" ten="250,250,250,250" oya="0" hai0="74,85,96,19,61,52,135,10,2,13,115,112,102" hai1="57,50,65,17,129,56,108,79,101,126,14,45,22" hai2="124,66,6,117,59,100,43,51,88,68,44,30,86" hai3="73,49,81,15,109,94,113,64,21,58,35,62,83"/><T133/><D74/><U70/><E108/><V16/><F68/><W46/><G35/><T34/><D34/><U125/><E129/><V76/><F30/><W11/><G113/><T9/><D85/><U90/><E101/><V1/><F124/><N who="1" m="47721" /><E79/><V132/><F132/><N who="0" m="50762" /><D2/><U130/><E90/><V8/><F76/><W60/><G109/><T18/><D18/><U122/><E130/><V48/><F100/><W72/><G72/><T75/><D10/><U24/><E24/><V127/><F127/><W128/><G128/><T31/><D31/><U78/><E78/><V110/><F110/><W104/><G104/><N who="0" m="63559" /><D75/><U63/><E122/><V12/><F117/><W47/><G73/><T111/><D111/><U80/><E80/><N who="2" m="49223" /><F1/><W118/><G118/><T55/><D61/><U107/><E107/><V69/><F69/><W40/><G21/><T71/><D71/><U33/><E33/><V95/><F95/><W121/><G62/><T5/><D19/><U106/><E106/><V28/><F28/><W25/><G94/><T41/><D115/><U3/><E3/><V93/><F93/><W82/><G121/><T20/><D20/><U37/><E37/><V123/><F123/><W7/><G82/><T120/><D120/><U27/><E27/><V77/><F77/><W105/><G105/><T32/><D32/><U0/><E0/><V98/><F98/><W134/><G25/><T89/><D89/><U114/><E114/><V54/><F16/><W84/><G134/><T23/><D23/><U42/><AGARI ba="0,0" hai="14,17,22,42,45,50,56,57,63,65,70" m="47721" machi="42" ten="30,2000,0" yaku="18,1,52,1" doraHai="39" who="1" fromWho="1" sc="250,-10,250,20,250,-5,250,-5" />
</Scene>
<Scene>
<INIT seed="1,0,0,1,0,121" ten="240,270,245,245" oya="1" hai0="92,15,135,48,108,130,41,74,43,21,29,124,10" hai1="100,67,14,28,75,88,3,22,56,87,33,39,51" hai2="18,84,94,53,8,122,13,79,115,78,0,16,114" hai3="20,60,64,9,95,83,12,109,23,46,19,103,45"/><U127/><E39/><V27/><F122/><W38/><G109/><T105/><D74/><U1/><E75/><V113/><F0/><W131/><G131/><T111/><D105/><U82/><E127/><V117/><F117/><W35/><G35/><T96/><D130/><U11/><E100/><V69/><F69/><W81/><G103/><N who="0" m="60807" /><D124/><U54/><E33/><V50/><F27/><W4/><G95/><T107/><D107/><U90/><E67/><V98/><F18/><W101/><G101/><T134/><D29/><U36/><E36/><V77/><F98/><W89/><G38/><T106/><D21/><U85/><E22/><V104/><F104/><W25/><G23/><T40/><D48/><U37/><E28/><V80/><REACH who="2" step="1"/><F94/><REACH who="2" ten="240,270,235,245" step="2"/><W123/><G123/><T76/><D106/><U44/><E3/><V66/><F66/><W71/><G71/><T63/><D76/><U118/><E1/><V61/><F61/><W34/><G60/><T58/><D63/><U52/><E118/><V102/><F102/><W59/><G64/><T116/><D116/><U129/><E129/><V30/><F30/><W6/><G25/><T99/><D99/><U73/><E14/><V133/><F133/><N who="0" m="50698" /><D58/><AGARI ba="0,1" hai="8,13,16,50,53,58,77,78,79,80,84,113,114,115" machi="58" ten="40,5200,0" yaku="1,1,11,1,54,1,53,0" doraHai="121" doraHaiUra="17" who="2" fromWho="0" sc="240,-52,270,0,235,62,245,0" />
</Scene>
<Scene>
<INIT seed="2,0,0,4,3,102" ten="188,270,297,245" oya="2" hai0="127,80,9,40,29,73,35,49,118,53,109,106,26" hai1="67,44,21,42,70,134,121,64,12,81,32,131,77" hai2="13,110,130,85,19,124,7,96,2,98,103,114,94" hai3="23,107,27,113,47,100,43,15,125,25,91,5,126"/><V61/><F114/><W33/><G113/><T66/><D109/><U63/><E121/><V18/><F130/><W105/><G91/><T69/><D127/><N who="3" m="48649" /><G100/><T28/><D118/><U78/><E131/><V51/><F124/><W6/><G33/><T83/><D29/><U86/><E32/><V11/><F110/><W3/><G3/><T82/><D40/><U48/><E134/><V79/><F61/><W115/><G115/><T24/><D24/><N who="3" m="9289" /><G23/><T46/><D9/><U135/><E135/><V117/><F117/><W129/><G129/><T41/><D73/><U31/><E67/><V16/><F98/><W34/><G34/><T123/><D123/><U62/><E62/><V8/><REACH who="2" step="1"/><F51/><REACH who="2" ten="188,270,287,245" step="2"/><N who="3" m="27135" /><G15/><T1/><D1/><U58/><E12/><V84/><F84/><W72/><G72/><T36/><D66/><U71/><E86/><V92/><F92/><W39/><G39/><T37/><D37/><U45/><E64/><V50/><F50/><W30/><G30/><T0/><D0/><U17/><E31/><V112/><F112/><W133/><G133/><T89/><D36/><U119/><E48/><V74/><F74/><W54/><G54/><T99/><D53/><U87/><E87/><V75/><F75/><W65/><G65/><T88/><REACH who="0" step="1"/><D69/><REACH who="0" ten="178,270,287,245" step="2"/><U10/><E71/><V20/><F20/><W22/><G22/><T4/><D4/><AGARI ba="0,2" hai="4,5,6,105,107" m="27135,9289,48649" machi="4" ten="30,3900,0" yaku="18,1,52,2" doraHai="102" who="3" fromWho="0" sc="178,-39,270,0,287,0,245,59" />
</Scene>
<Scene>
<INIT seed="3,0,0,3,3,58" ten="139,270,287,304" oya="3" hai0="37,78,31,119,48,80,15,85,102,124,56,73,121" hai1="106,44,5,125,70,62,14,97,2,6,36,105,94" hai2="45,8,128,25,107,54,18,7,95,101,57,16,93" hai3="118,40,67,89,30,50,66,77,84,39,35,133,71"/><W75/><G118/><T116/><D121/><U123/><E123/><V9/><F107/><W79/><G39/><T103/><D37/><U53/><E2/><V120/><F120/><W34/><G133/><T10/><D124/><U86/><E125/><V112/><F112/><W117/><G117/><T109/><D109/><U46/><E86/><V38/><F128/><W115/><G115/><T65/><D116/><U4/><E14/><V126/><F126/><W42/><G75/><T0/><D0/><U21/><E21/><V69/><F69/><W114/><G114/><T22/><D119/><U27/><E27/><V32/><F9/><W104/><G104/><T51/><D73/><U74/><E74/><V72/><F72/><W52/><G30/><T91/><D78/><N who="3" m="29705" /><G71/><T23/><D51/><U28/><E28/><V122/><F122/><W29/><G29/><T127/><D127/><U113/><E113/><V61/><F32/><W68/><G68/><T64/><D64/><N who="3" m="24617" /><G34/><T83/><D31/><U12/><E70/><V19/><F25/><W20/><G20/><T134/><D23/><U26/><E105/><V41/><REACH who="2" step="1"/><F101/><REACH who="2" ten="139,270,277,304" step="2"/><W59/><G35/><T3/><D10/><N who="1" m="4183" /><E26/><V24/><F24/><W33/><G33/><T81/><D3/><AGARI ba="0,1" hai="3,7,8,16,18,19,38,41,45,54,57,61,93,95" machi="3" ten="40,5200,0" yaku="1,1,52,1,54,1,53,0" doraHai="58" doraHaiUra="99" who="2" fromWho="0" sc="139,-52,270,0,277,62,304,0" />
</Scene>
<Scene>
<INIT seed="4,0,0,1,4,100" ten="87,270,339,304" oya="0" hai0="10,55,27,49,113,98,104,17,96,23,4,90,37" hai1="126,133,58,112,74,60,101,1,108,35,105,124,20" hai2="36,79,95,103,132,97,120,28,45,14,76,44,94" hai3="53,134,33,47,116,82,46,54,11,107,81,102,110"/><T86/><D37/><U128/><RYUUKYOKU type="yao9" ba="0,0" sc="87,0,270,0,339,0,304,0" hai1="1,20,35,58,60,74,101,105,108,112,124,126,128,133" />
</Scene>
<Scene>
<INIT seed="4,1,0,3,3,73" ten="87,270,339,304" oya="0" hai0="42,134,126,62,11,86,95,14,103,0,88,27,101" hai1="38,65,121,50,47,22,52,108,77,90,9,6,25" hai2="26,10,125,105,12,129,55,110,56,4,75,59,83" hai3="87,100,85,81,61,104,8,131,109,135,71,89,123"/><T36/><D0/><U118/><E108/><V13/><F110/><W17/><G109/><T39/><D134/><U72/><E118/><V106/><F129/><W2/><G131/><T34/><D126/><U107/><E107/><V84/><F75/><W28/><G135/><T15/><D15/><U63/><E121/><V113/><F125/><W40/><G40/><T93/><D62/><U58/><E90/><V122/><F122/><W1/><G123/><T70/><D70/><U45/><E72/><V24/><F113/><W30/><G104/><T128/><D128/><U133/><E133/><V53/><F105/><W127/><G100/><T20/><D34/><U67/><E77/><N who="2" m="46191" /><F106/><W102/><G102/><T3/><D3/><U82/><E82/><V69/><F69/><W31/><G127/><T91/><D42/><N who="1" m="24951" /><E45/><V120/><F120/><W29/><G71/><T37/><D20/><U32/><E32/><V117/><F117/><W35/><G35/><T78/><D27/><N who="2" m="10282" /><F13/><W97/><G1/><T33/><D33/><U18/><E38/><V44/><F44/><W99/><G2/><T92/><D78/><U98/><E98/><V130/><F130/><W16/><G97/><T116/><D116/><U60/><E60/><V115/><F115/><W7/><G99/><T94/><REACH who="0" step="1"/><D91/><REACH who="0" ten="77,270,339,304" step="2"/><U96/><E63/><V64/><F12/><N who="3" m="5151" /><G61/><T124/><D124/><U19/><E22/><V57/><F64/><W5/><G89/><T23/><D23/><N who="1" m="13559" /><E67/><V54/><F10/><W132/><G132/><T21/><D21/><U114/><E65/><V74/><F4/><AGARI ba="1,1" hai="4,11,14,36,37,39,86,88,92,93,94,95,101,103" machi="4" ten="50,9600,0" yaku="1,1,54,1,53,1" doraHai="73" doraHaiUra="80" who="0" fromWho="2" sc="77,109,270,0,339,-99,304,0" />
</Scene>
<Scene>
<INIT seed="4,2,0,3,0,92" ten="186,270,240,304" oya="0" hai0="3,79,25,74,1,100,11,91,135,42,27,129,22" hai1="44,93,99,90,120,34,66,81,41,59,110,98,15" hai2="94,88,31,114,28,118,101,38,124,53,89,113,107" hai3="72,35,76,80,48,111,121,54,134,39,26,21,102"/><T30/><D129/><U2/><E2/><V82/><F38/><W62/><G111/><T116/><D116/><U33/><E110/><V58/><F118/><W70/><G39/><T5/><D135/><U0/><E0/><V105/><F124/><W73/><G35/><T23/><D42/><U61/><E120/><V131/><F131/><W40/><G134/><T50/><D50/><N who="1" m="26895" /><E33/><V67/><F67/><W9/><G121/><T132/><D132/><U127/><E34/><V56/><F94/><W46/><G9/><T17/><D91/><N who="2" m="34890" /><F82/><W108/><G108/><T130/><D130/><U106/><E106/><N who="2" m="40459" /><F101/><W19/><G102/><T68/><D68/><U69/><E69/><V13/><F13/><W16/><G70/><T47/><D47/><U97/><E127/><V36/><F36/><W52/><G62/><T117/><D117/><U64/><E81/><V18/><F18/><W4/><G19/><T115/><D100/><U65/><E15/><V10/><F10/><W103/><G103/><T6/><D79/><U86/><AGARI ba="2,0" hai="59,61,64,65,66,86,90,93,97,98,99" m="26895" machi="86" ten="30,7900,0" yaku="8,1,52,3" doraHai="92" who="1" fromWho="1" sc="186,-41,270,85,240,-22,304,-22" />
</Scene>
<Scene>
<INIT seed="5,0,0,3,0,60" ten="145,355,218,282" oya="1" hai0="39,11,41,31,49,93,35,77,132,45,17,19,69" hai1="6,72,82,129,107,94,75,36,101,83,44,64,100" hai2="113,84,120,70,110,22,61,21,57,124,59,24,67" hai3="81,66,53,102,3,95,111,117,43,0,89,47,134"/><U122/><E122/><V99/><F120/><W2/><G111/><T50/><D132/><U54/><E129/><V26/><F110/><W121/><G121/><T103/><D69/><U133/><E107/><V56/><F124/><W58/><G134/><T125/><D125/><U62/><E133/><V65/><F113/><W27/><G117/><T46/><D77/><U32/><E32/><V8/><F70/><W78/><G102/><T80/><D80/><U37/><E6/><V51/><F8/><W48/><G27/><N who="2" m="10281" /><F51/><W91/><G95/><T4/><D35/><U63/><E94/><V42/><F42/><W119/><G66/><N who="2" m="25097" /><F99/><W5/><G119/><T85/><D39/><U79/><E37/><V55/><F84/><W92/><G5/><T25/><D4/><U109/><E36/><V30/><F30/><W130/><G48/><T71/><D11/><U88/><E109/><V7/><F7/><W68/><G43/><N who="0" m="24767" /><D71/><U29/><E75/><V104/><F104/><W33/><G68/><T128/><D128/><U18/><E72/><V40/><F40/><W38/><G130/><T90/><D103/><U123/><E101/><V34/><F34/><W20/><G33/><T135/><D135/><U96/><E100/><V98/><F98/><W115/><G38/><T10/><D10/><U13/><E96/><V131/><F131/><W97/><G97/><T9/><D9/><N who="1" m="6447" /><E29/><V76/><F76/><W127/><G78/><T16/><D31/><U15/><E79/><V52/><F61/><W73/><G127/><T116/><D116/><U114/><E123/><V118/><F118/><RYUUKYOKU ba="0,0" sc="145,15,355,-15,218,15,282,-15" hai0="16,17,19,25,41,46,50,85,90,93" hai2="21,22,52,55,56,57,59" />
</Scene>
<Scene>
<INIT seed="6,1,0,1,5,91" ten="160,340,233,267" oya="2" hai0="113,119,61,101,11,4,6,71,59,111,39,30,133" hai1="121,84,122,92,127,115,19,109,110,128,41,73,81" hai2="34,57,31,135,74,118,56,47,132,7,49,25,63" hai3="112,95,72,17,93,69,106,82,26,77,114,43,29"/><V12/><F118/><W66/><G106/><T97/><D39/><U54/><E115/><N who="3" m="44074" /><G17/><T8/><D71/><U33/><E127/><V88/><F74/><W38/><G66/><T98/><D113/><U40/><E128/><V32/><F32/><N who="3" m="20535" /><G69/><T23/><D111/><U78/><E33/><V85/><F7/><W55/><G55/><T0/><D133/><N who="2" m="51274" /><F12/><W50/><G38/><T126/><D119/><U86/><E19/><V21/><F34/><W103/><G103/><T48/><D126/><U134/><E134/><V16/><F31/><W9/><G9/><T117/><D117/><U123/><E54/><N who="2" m="30015" /><F63/><W108/><G108/><N who="1" m="41578" /><E73/><V67/><F67/><W94/><G50/><T52/><D6/><U3/><E3/><V80/><AGARI ba="1,0" hai="16,21,25,56,57,80,85,88" m="30015,51274" machi="80" ten="30,6000,0" yaku="20,1,54,2" doraHai="91" who="2" fromWho="2" sc="160,-21,340,-21,233,63,267,-21" />
</Scene>
<Scene>
<INIT seed="6,2,0,3,5,87" ten="139,319,296,246" oya="2" hai0="39,3,90,56,67,60,95,73,85,50,51,118,45" hai1="112,111,64,49,121,115,40,33,98,132,35,88,27" hai2="41,31,52,93,42,63,58,34,55,14,5,71,109" hai3="70,116,86,100,102,53,30,6,83,32,89,13,97"/><V113/><F71/><W81/><G116/><T82/><D118/><U91/><E121/><V108/><F113/><N who="1" m="43593" /><E132/><V26/><F55/><W1/><G1/><T23/><D3/><U36/><E111/><N who="2" m="42571" /><F93/><W48/><G70/><T69/><D39/><U16/><E64/><V103/><F103/><W104/><G100/><T130/><D130/><U124/><E124/><V125/><F125/><W38/><G38/><T12/><D69/><U2/><E36/><V21/><F34/><N who="1" m="12809" /><E2/><V114/><F114/><W84/><G32/><T0/><D0/><U127/><E127/><V135/><F135/><W131/><G131/><T29/><D73/><U11/><E98/><V99/><F99/><W79/><G53/><T78/><D45/><N who="1" m="25767" /><E11/><AGARI ba="2,0" hai="5,11,14,21,26,31,41,42,52,58,63" m="42571" machi="11" ten="30,2900,0" yaku="10,1,54,1" doraHai="87" who="2" fromWho="1" sc="139,0,319,-35,296,35,246,0" />
</Scene>
<Scene>
<INIT seed="6,3,0,1,5,17" ten="139,284,331,246" oya="2" hai0="48,114,22,83,55,51,104,94,128,1,64,100,90" hai1="118,87,8,25,35,115,45,73,33,95,97,125,127" hai2="76,14,20,3,38,111,81,57,63,52,112,106,19" hai3="31,58,120,65,105,16,4,41,126,134,93,75,62"/><V69/><F3/><W50/><G105/><T67/><D128/><U28/><E118/><V80/><F38/><W133/><G75/><T72/><D114/><U40/><E115/><V5/><F112/><W135/><G120/><T36/><D1/><U119/><E119/><V74/><F106/><W108/><G108/><T71/><D36/><U29/><E73/><V23/><F5/><W117/><G117/><T103/><D71/><U102/><E8/><V82/><F111/><W0/><G126/><N who="1" m="48138" /><E87/><N who="2" m="48519" /><F69/><W32/><G93/><T121/><D121/><U43/><E45/><V39/><F74/><W89/><G89/><T18/><D51/><U6/><E6/><V61/><F39/><W68/><G31/><N who="1" m="11850" /><E25/><N who="2" m="14495" /><F63/><W88/><G4/><T109/><D109/><U60/><E60/><V78/><F78/><W56/><G0/><T92/><D104/><U122/><E122/><V131/><F131/><W49/><G134/><T70/><D70/><U24/><E24/><V12/><F12/><W123/><G123/><T10/><D72/><U85/><E85/><V66/><F66/><W99/><G65/><T34/><D34/><AGARI ba="3,0" hai="33,34,35,40,43,95,97,102" m="11850,48138" machi="34" ten="30,1000,0" yaku="18,1" doraHai="17" who="1" fromWho="0" sc="139,-19,284,19,331,0,246,0" />
</Scene>
<Scene>
<INIT seed="7,0,0,3,1,97" ten="120,303,331,246" oya="3" hai0="18,99,39,104,24,107,110,60,43,41,119,91,3" hai1="68,29,95,123,55,31,94,27,118,90,10,120,84" hai2="59,62,16,58,26,0,121,56,34,6,105,88,5" hai3="23,76,80,7,116,72,79,1,2,85,78,47,70"/><W127/><G116/><T100/><D110/><U112/><E112/><V33/><F105/><W133/><G70/><T14/><D119/><U53/><E118/><V101/><F101/><W36/><G133/><T46/><D3/><U75/><E75/><V83/><F121/><W20/><G127/><T126/><D126/><U113/><E113/><V109/><F109/><W17/><G23/><T37/><D24/><U96/><E68/><V132/><F132/><W28/><G28/><N who="1" m="10826" /><E123/><V131/><F131/><W25/><G85/><T12/><D60/><U71/><E71/><V87/><F0/><W52/><G1/><T117/><D117/><U135/><E135/><V40/><F34/><W64/><G64/><T122/><D122/><U21/><E10/><V22/><F33/><W128/><G52/><N who="1" m="20042" /><E120/><V15/><F62/><W61/><G61/><T11/><D91/><N who="1" m="55423" /><E21/><N who="2" m="11423" /><F40/><N who="3" m="22919" /><G128/><T86/><D86/><U73/><E73/><V38/><F38/><W35/><G35/><T103/><D14/><U45/><E27/><V111/><F111/><W51/><G51/><T134/><D134/><U82/><E82/><V129/><F129/><W81/><G81/><T69/><D69/><U54/><N who="1" m="20050" /><U13/><DORA hai="92" /><E13/><V106/><F106/><W77/><G77/><T66/><D66/><U114/><E114/><V63/><F63/><W4/><G2/><T30/><D30/><AGARI ba="0,0" hai="5,6,22,26,30,56,58,59,83,87,88" m="11423" machi="30" ten="30,3900,0" yaku="8,1,54,2" doraHai="97,92" who="2" fromWho="0" sc="120,-39,303,0,331,39,246,0" owari="81,-42.0,303,10.0,370,47.0,246,-15.0" />
</Scene>
</mjloggm>