<mjloggm ver="2.3"><GO type="169" lobby="0"/><UN n0="%E2%80%A0%41%71%75%61%E2%80%A0" n1="%E3%83%A1%E3%83%AB%E3%82%AF" n2="%73%66%73%66" n3="%E5%A4%AA%E3%81%8F%E3%81%AA%E3%81%84%E3%81%8A" dan="16,16,16,17" rate="2113.77,2065.37,2123.60,2235.55" sx="M,M,M,M"/><TAIKYOKU oya="0"/>

<Scene>
<INIT seed="0,0,0,4,5,4" ten="250,250,250,250" oya="0" hai0="37,20,63,104,128,102,65,95,99,22,87,15,56" hai1="96,82,88,11,52,80,3,29,43,97,47,124,61" hai2="100,76,50,54,117,77,130,131,94,51,49,26,92" hai3="89,13,19,25,46,1,118,106,129,111,101,93,32"/><T90/><D128/><N who="2" m="49194" /><F117/><W119/><G129/><T72/><D37/><U107/><E124/><V121/><F121/><W81/><G1/><T36/><D36/><U30/><E107/><V112/><F112/><W8/><G111/><T73/><REACH who="0" step="1"/><D15/><REACH who="0" ten="240,250,250,250" step="2"/><U14/><E3/><V114/><F114/><W66/><G13/><T40/><D40/><U132/><E132/><V126/><F126/><W6/><G119/><T110/><D110/><U103/><E43/><V67/><F26/><W133/><G25/><T16/><D16/><N who="1" m="8287" /><E29/><V45/><F67/><W86/><G66/><T85/><D85/><N who="1" m="50215" /><E30/><V44/><F54/><W53/><G53/><T83/><D83/><U9/><E82/><V42/><F42/><W10/><G118/><T34/><D34/><U79/><E79/><N who="2" m="30283" /><F100/><W75/><G101/><T24/><D24/><U31/><E31/><V134/><F134/><W64/><G32/><T38/><D38/><U62/><E103/><V28/><F28/><W21/><G133/><T115/><D115/><U60/><E9/><V127/><F127/><W23/><G10/><T135/><D135/><U18/><E18/><V78/><F78/><W84/><G8/><T125/><D125/><U12/><E12/><V69/><F69/><W113/><G19/><T105/><D105/><U5/><E5/><V0/><F0/><W2/><G106/><T57/><D57/><U74/><E74/><AGARI ba="0,1" hai="20,22,56,63,65,72,73,74,87,90,95,99,102,104" machi="74" ten="40,2000,0" yaku="1,1,53,0" doraHai="4" doraHaiUra="39" who="0" fromWho="1" sc="240,30,250,-20,250,0,250,0" />
</Scene>
<Scene>
<INIT seed="0,1,0,3,1,91" ten="270,230,250,250" oya="0" hai0="123,44,110,14,99,15,97,115,62,70,101,46,128" hai1="90,31,4,54,37,83,48,86,51,5,55,43,88" hai2="111,60,66,93,82,112,29,131,114,98,75,40,3" hai3="35,68,50,119,132,6,13,130,2,71,116,109,120"/><T129/><D115/><U76/><E31/><V122/><F3/><W10/><G35/><T121/><D62/><U79/><E37/><V11/><F122/><N who="0" m="46602" /><D70/><U67/><E67/><V53/><F40/><W1/><G120/><T59/><D59/><N who="1" m="33223" /><E43/><V81/><F11/><W28/><G68/><T21/><D110/><U45/><E90/><V42/><F42/><W41/><G71/><T22/><D22/><U103/><E103/><V63/><F29/><W7/><G109/><T27/><D27/><U134/><E134/><V92/><F111/><W57/><G132/><T105/><D97/><U89/><E89/><V72/><F98/><W77/><G28/><T16/><D15/><U9/><E9/><V24/><F24/><W69/><G13/><T113/><D113/><U33/><E33/><V106/><F66/><W34/><G69/><T8/><D8/><U52/><E55/><V17/><F53/><W80/><G10/><T30/><D30/><U84/><E79/><V65/><F65/><W36/><G34/><T133/><D133/><U108/><E108/><V64/><F64/><W127/><G1/><T49/><D49/><U85/><E85/><V38/><F38/><W0/><G50/><T126/><D126/><U78/><E78/><V19/><REACH who="2" step="1"/><F106/><REACH who="2" ten="270,230,240,250" step="2"/><W47/><G0/><T73/><D73/><U56/><E45/><V39/><F39/><W96/><G2/><T104/><D104/><U102/><E102/><V117/><F117/><W58/><G116/><T61/><D61/><U20/><E20/><V124/><F124/><W87/><G127/><T12/><D12/><RYUUKYOKU ba="1,1" sc="270,10,230,10,240,10,250,-30" hai0="14,16,21,44,46,99,101,105,128,129" hai1="4,5,51,52,56,76,83,84,86,88" hai2="17,19,60,63,72,75,81,82,92,93,112,114,131" />
</Scene>
<Scene>
<INIT seed="0,2,1,3,3,93" ten="280,240,250,220" oya="0" hai0="21,68,43,36,128,55,8,35,5,113,65,60,116" hai1="133,27,94,18,117,70,89,33,73,69,20,61,127" hai2="62,134,71,30,123,72,85,110,15,95,42,29,31" hai3="49,92,78,129,45,90,58,51,54,9,6,131,48"/><T1/><D35/><U24/><E117/><V32/><F72/><W10/><G78/><T66/><D116/><U81/><E133/><V22/><F134/><W16/><G16/><T13/><D113/><U23/><E127/><V97/><F32/><W4/><G10/><T63/><D128/><N who="3" m="49225" /><G45/><T76/><D76/><U14/><E33/><V41/><F110/><W77/><G77/><T130/><D130/><U47/><E73/><V37/><F123/><W75/><G75/><T135/><D135/><U67/><E81/><V101/><F37/><W17/><G17/><T107/><D107/><U34/><E34/><V7/><F71/><W102/><G102/><T105/><D105/><U104/><E104/><V2/><F2/><N who="3" m="151" /><G6/><T28/><D55/><U0/><E0/><V109/><F109/><W79/><G79/><T52/><D52/><U98/><E47/><V120/><F120/><W125/><G125/><T87/><D87/><AGARI ba="2,1" hai="48,49,51,54,58,87,90,92" m="151,49225" machi="87" ten="30,1000,0" yaku="19,1" doraHai="93" who="3" fromWho="0" sc="280,-16,240,0,250,0,220,26" />
</Scene>
<Scene>
<INIT seed="1,0,0,1,5,52" ten="264,240,250,246" oya="1" hai0="93,134,39,18,34,133,13,50,94,75,8,11,102" hai1="114,59,123,27,112,96,40,107,21,65,36,19,71" hai2="99,26,132,25,106,9,22,103,6,116,80,62,23" hai3="69,113,1,128,78,97,129,88,30,67,48,31,109"/><U126/><E123/><V83/><F116/><W5/><G113/><T32/><D39/><U77/><E126/><V43/><F43/><W79/><G109/><T53/><D75/><U117/><E117/><V111/><F111/><W127/><G127/><T17/><D102/><U24/><E71/><V57/><F132/><N who="0" m="50794" /><D17/><U2/><E2/><V10/><F23/><W45/><G1/><T82/><D82/><U135/><E135/><V120/><F25/><W108/><G5/><T66/><D66/><U118/><E118/><V20/><F20/><W54/><G108/><T38/><D38/><U46/><E77/><N who="3" m="29194" /><G67/><T15/><D15/><U7/><E7/><V95/><F106/><W104/><G69/><T58/><D11/><N who="2" m="4106" /><F6/><W101/><G88/><T37/><D37/><U119/><E119/><V42/><F120/><W105/><G105/><T125/><D125/><U74/><E74/><V49/><F26/><W33/><G33/><AGARI ba="0,0" hai="8,13,18,32,33,34,50,53,58,93,94" m="50794" machi="33" ten="30,2000,0" yaku="20,1,52,1" doraHai="52" who="0" fromWho="3" sc="264,20,240,0,250,0,246,-20" />
</Scene>
<Scene>
<INIT seed="2,0,0,5,0,88" ten="284,240,250,226" oya="2" hai0="95,61,32,108,9,124,20,13,31,14,115,93,3" hai1="114,66,46,63,16,84,127,30,105,118,97,36,62" hai2="79,55,113,39,133,112,109,5,48,50,21,42,122" hai3="106,130,100,54,117,11,89,81,116,82,15,98,135"/><V8/><F122/><W60/><G135/><T132/><D115/><U24/><E118/><V18/><F133/><W56/><G130/><T96/><D132/><U75/><E127/><V91/><F39/><W73/><G82/><T111/><D32/><U120/><E75/><V7/><F79/><W64/><G64/><T28/><D124/><U94/><E120/><V119/><F119/><W2/><G2/><T35/><D35/><U83/><E114/><V70/><F70/><W125/><G125/><T90/><D61/><U19/><E105/><V0/><F5/><W53/><G53/><T33/><D33/><U78/><E36/><V38/><F38/><W104/><G104/><T4/><D95/><U74/><E46/><V101/><F101/><W121/><G121/><T76/><D76/><U77/><E77/><V92/><F42/><W123/><G123/><T128/><D128/><U65/><E74/><V107/><F107/><W67/><G73/><T103/><D103/><N who="1" m="60855" /><E66/><V47/><F50/><W29/><G29/><N who="0" m="11339" /><D20/><N who="1" m="15623" /><E65/><V102/><F102/><W85/><REACH who="3" step="1"/><G67/><REACH who="3" ten="284,240,250,216" step="2"/><T68/><D68/><U41/><E41/><V69/><F69/><W10/><G10/><T27/><D3/><U59/><E59/><V86/><REACH who="2" step="1"/><F109/><REACH who="2" ten="284,240,240,216" step="2"/><W126/><G126/><T49/><D111/><U22/><E78/><V57/><F57/><W23/><G23/><T71/><D108/><U34/><E22/><V12/><AGARI ba="0,2" hai="0,7,8,12,18,21,47,48,55,86,91,92,112,113" machi="12" ten="20,7800,0" yaku="1,1,0,1,7,1,52,1,53,0" doraHai="88" doraHaiUra="37" who="2" fromWho="2" sc="284,-26,240,-26,240,98,216,-26" />
</Scene>
<Scene>
<INIT seed="2,1,0,3,1,31" ten="258,214,338,190" oya="2" hai0="35,119,18,121,129,115,109,88,114,116,133,15,19" hai1="27,78,102,9,4,107,43,21,38,100,96,39,105" hai2="61,110,69,70,98,47,80,3,86,82,53,87,24" hai3="74,42,92,40,64,44,134,113,48,68,5,50,22"/><V11/><F110/><W99/><G74/><T10/><D88/><U66/><E66/><V132/><F132/><W46/><G134/><T51/><D51/><U14/><E78/><V7/><F98/><W16/><G113/><N who="0" m="43019" /><D133/><U108/><E108/><V106/><F106/><W71/><G64/><T131/><D109/><U28/><REACH who="1" step="1"/><E43/><REACH who="1" ten="258,204,338,190" step="2"/><V36/><F69/><W55/><G55/><T123/><D121/><U122/><E122/><V125/><F70/><W6/><G68/><T83/><D123/><U45/><E45/><V1/><F47/><W135/><G71/><T34/><D83/><U62/><E62/><V59/><F80/><W57/><G135/><T91/><D91/><U49/><E49/><V104/><F82/><W95/><G57/><T58/><D58/><U112/><E112/><V54/><F59/><W97/><G92/><T73/><D73/><U17/><E17/><V127/><F61/><W72/><G72/><T89/><D89/><U126/><E126/><V33/><F127/><W0/><G95/><T130/><D19/><U56/><E56/><V90/><F125/><W29/><G16/><T26/><D26/><U81/><E81/><V128/><F90/><W32/><G42/><T75/><D75/><U79/><E79/><V37/><F24/><W8/><G44/><T20/><D10/><U23/><E23/><V111/><F11/><W101/><G48/><T118/><AGARI ba="1,1" hai="15,18,20,34,35,116,118,119,129,130,131" m="43019" machi="118" ten="50,12000,2" yaku="12,1,19,1,34,2,52,2" doraHai="31" who="0" fromWho="0" sc="258,133,204,-31,338,-61,190,-31" />
</Scene>
<Scene>
<INIT seed="3,0,0,1,4,114" ten="391,173,277,159" oya="3" hai0="100,117,81,30,2,17,12,28,127,110,11,90,89" hai1="62,3,66,1,36,6,133,58,106,92,21,7,103" hai2="121,14,76,52,59,51,37,123,125,45,75,102,107" hai3="4,57,91,29,97,16,112,85,79,23,50,15,0"/><W86/><G112/><T77/><D110/><U101/><E133/><V43/><F125/><W118/><G118/><T5/><D127/><U49/><E36/><V72/><F76/><W60/><G50/><T44/><D117/><U22/><E106/><V39/><F39/><W135/><G135/><T13/><D100/><U78/><E78/><V83/><F83/><N who="3" m="47359" /><G0/><T116/><D116/><U31/><E3/><V25/><F25/><N who="3" m="16575" /><G97/><T27/><D44/><U40/><E1/><V68/><F68/><W104/><G104/><T70/><D70/><U108/><E108/><V95/><F107/><W109/><G4/><T120/><D120/><N who="2" m="46154" /><F14/><W74/><G74/><T82/><D2/><U134/><E134/><V26/><F26/><W87/><G91/><N who="0" m="34827" /><D27/><N who="1" m="16879" /><E22/><V71/><F71/><W67/><G109/><T48/><D48/><U115/><E115/><V122/><F122/><W10/><AGARI ba="0,0" hai="10,15,16,57,60,67,86,87" m="16575,47359" machi="10" ten="30,3000,0" yaku="8,1,54,1" doraHai="114" who="3" fromWho="3" sc="391,-10,173,-10,277,-10,159,30" />
</Scene>
<Scene>
<INIT seed="3,1,0,3,3,80" ten="381,163,267,189" oya="3" hai0="2,104,114,50,45,99,77,61,65,119,33,64,10" hai1="78,68,9,60,49,1,121,63,128,83,124,70,15" hai2="41,112,86,0,100,93,35,39,102,130,24,122,132" hai3="117,127,76,95,43,90,53,69,87,27,89,58,92"/><W30/><G127/><T42/><D119/><U116/><E121/><V7/><F112/><W23/><G117/><T97/><D114/><U109/><E109/><V59/><F122/><W107/><G107/><T120/><D120/><U28/><E116/><V67/><F130/><W46/><G69/><T101/><D33/><U51/><E128/><V79/><F132/><W14/><G76/><T17/><D77/><U81/><E124/><V91/><F79/><W57/><G14/><T71/><D65/><U108/><E108/><V115/><F115/><W54/><G58/><T96/><REACH who="0" step="1"/><D17/><REACH who="0" ten="371,163,267,189" step="2"/><U36/><E78/><V52/><F67/><W38/><REACH who="3" step="1"/><G57/><REACH who="3" ten="371,163,267,179" step="2"/><T106/><D106/><U84/><E68/><V133/><F133/><W123/><G123/><T25/><D25/><U31/><E70/><V47/><F24/><W13/><G13/><T134/><D134/><U55/><E15/><V6/><F0/><W94/><G94/><T18/><D18/><U118/><E118/><V110/><F110/><W40/><G40/><T48/><D48/><U34/><E49/><V135/><F135/><W16/><G16/><T85/><D85/><AGARI ba="1,2" hai="23,27,30,38,43,46,53,54,85,87,89,90,92,95" machi="85" ten="30,18000,2" yaku="1,1,7,1,9,1,52,2,53,1" doraHai="80" doraHaiUra="20" who="3" fromWho="0" sc="371,-183,163,0,267,0,179,203" />
</Scene>
<Scene>
<INIT seed="3,2,0,5,0,58" ten="188,163,267,382" oya="3" hai0="14,29,128,105,4,92,78,103,22,76,10,54,104" hai1="108,15,41,3,107,53,79,134,25,17,118,33,1" hai2="60,83,0,40,81,19,132,59,124,109,68,64,110" hai3="31,63,77,106,7,91,121,116,97,36,99,98,32"/><W86/><G116/><T24/><D128/><U75/><E107/><V72/><F0/><W85/><G36/><T95/><D105/><U66/><E41/><V135/><F124/><W6/><G121/><T45/><D104/><U30/><E66/><V28/><F28/><W37/><G37/><T94/><REACH who="0" step="1"/><D103/><REACH who="0" ten="178,163,267,382" step="2"/><U21/><E118/><V88/><F135/><W34/><G106/><T49/><AGARI ba="2,1" hai="4,10,14,22,24,29,45,49,54,76,78,92,94,95" machi="49" ten="30,7900,0" yaku="1,1,2,1,0,1,8,1,53,0" doraHai="58" doraHaiUra="96" who="0" fromWho="0" sc="178,95,163,-22,267,-22,382,-41" />
</Scene>
<Scene>
<INIT seed="4,0,0,5,5,122" ten="273,141,245,341" oya="0" hai0="129,60,121,41,4,113,110,87,0,134,114,67,97" hai1="6,11,127,53,44,43,80,42,118,35,61,96,22" hai2="38,131,130,27,75,117,47,25,56,70,20,109,49" hai3="48,105,59,1,64,45,5,125,63,133,116,26,106"/><T17/><D121/><U102/><E35/><V82/><F70/><W16/><G125/><T30/><D30/><U86/><E127/><V73/><F117/><W36/><G116/><T81/><D129/><N who="2" m="49162" /><F38/><W103/><G133/><T19/><D41/><U91/><E118/><V84/><F56/><W95/><G36/><T24/><D134/><U39/><E22/><V58/><F58/><W99/><G1/><T120/><D120/><U69/><E43/><N who="2" m="24831" /><F109/><W108/><G5/><T51/><D51/><U71/><E53/><V128/><F128/><W66/><G108/><T111/><D97/><U28/><E61/><V83/><F27/><W115/><G64/><T72/><D72/><N who="2" m="27722" /><F84/><W33/><G33/><T62/><D4/><U40/><E40/><V55/><F55/><W94/><G106/><T112/><D0/><U65/><E65/><V93/><F93/><W7/><G7/><T88/><D62/><U89/><E69/><V78/><F78/><W74/><G74/><T98/><D98/><U85/><E71/><V32/><F32/><W31/><G31/><AGARI ba="0,0" hai="20,25,31,82,83" m="27722,24831,49162" machi="31" ten="30,1000,0" yaku="19,1" doraHai="122" who="2" fromWho="3" sc="273,0,141,0,245,10,341,-10" />
</Scene>
<Scene>
<INIT seed="5,0,0,3,0,82" ten="273,141,255,331" oya="1" hai0="12,37,61,25,79,107,134,54,63,108,78,51,24" hai1="58,84,8,38,83,93,104,122,132,1,102,60,68" hai2="43,28,115,87,94,19,42,69,32,135,77,33,117" hai3="40,46,133,125,27,119,29,95,65,21,45,52,100"/><U47/><E122/><V88/><F69/><W96/><G125/><T20/><D37/><U72/><E68/><V49/><F117/><W23/><G119/><T55/><D107/><U75/><E132/><V123/><F123/><W2/><G2/><T16/><D108/><U41/><E104/><V36/><F36/><W0/><G0/><T34/><D134/><U126/><E126/><V64/><F135/><W81/><G133/><T80/><D34/><U103/><E93/><V74/><F64/><W67/><G23/><T26/><D55/><U90/><E72/><V57/><F115/><W4/><G4/><T112/><D112/><U85/><E75/><V66/><F19/><W9/><G9/><T11/><D11/><U5/><REACH who="1" step="1"/><E85/><REACH who="1" ten="273,131,255,331" step="2"/><V109/><F74/><W97/><G97/><T114/><D114/><U30/><E30/><V48/><F28/><W118/><G118/><T18/><D80/><U106/><E106/><V120/><F120/><W92/><G92/><T22/><D79/><U98/><E98/><V71/><F77/><W44/><G81/><T131/><D78/><U101/><E101/><V39/><F94/><W128/><G96/><T50/><D131/><U111/><E111/><V129/><F109/><W3/><G128/><T56/><D63/><U76/><E76/><V14/><F87/><W10/><G95/><T70/><D70/><U7/><E7/><V89/><F71/><W6/><G6/><T53/><D61/><U31/><E31/><V15/><F129/><W124/><G124/><T127/><D127/><U121/><E121/><V86/><F86/><RYUUKYOKU ba="0,1" sc="273,15,131,15,255,-15,331,-15" hai0="12,16,18,20,22,24,25,26,50,51,53,54,56" hai1="1,5,8,38,41,47,58,60,83,84,90,102,103" />
</Scene>
<Scene>
<INIT seed="5,1,1,2,0,65" ten="288,146,240,316" oya="1" hai0="71,82,11,23,63,74,12,47,87,94,46,102,86" hai1="76,24,48,70,34,28,44,120,16,67,31,26,130" hai2="6,112,51,72,17,121,106,99,132,134,14,103,32" hai3="91,7,93,108,1,81,41,97,96,104,3,85,0"/><U60/><E120/><V119/><F121/><W133/><G108/><T61/><D74/><U45/><E130/><V113/><F119/><W57/><G133/><N who="2" m="51305" /><F72/><W52/><G41/><T22/><D102/><U43/><E76/><V78/><F78/><W75/><G7/><T79/><D94/><U54/><E16/><V95/><F6/><W19/><G104/><T90/><D71/><U29/><REACH who="1" step="1"/><E26/><REACH who="1" ten="288,136,240,316" step="2"/><V92/><F17/><W4/><G4/><T36/><D79/><U40/><E40/><V9/><F113/><W135/><G135/><T39/><D11/><U73/><E73/><V13/><F9/><W129/><G129/><T38/><D36/><AGARI ba="1,2" hai="24,28,29,31,34,36,43,44,45,48,54,60,67,70" machi="36" ten="30,5800,0" yaku="1,1,7,1,52,1,53,0" doraHai="65" doraHaiUra="122" who="1" fromWho="0" sc="288,-61,136,81,240,0,316,0" />
</Scene>
<Scene>
<INIT seed="5,2,0,4,4,46" ten="227,217,240,316" oya="1" hai0="43,103,49,135,88,38,4,25,63,105,16,114,39" hai1="37,123,107,70,5,20,126,96,61,54,83,102,53" hai2="34,100,132,108,21,15,7,81,67,68,64,131,71" hai3="113,110,35,13,98,56,2,9,58,0,92,117,40"/><U1/><E123/><V69/><F34/><W128/><G110/><T129/><D4/><U17/><E37/><V42/><F108/><W115/><G35/><T26/><D114/><N who="3" m="43529" /><G40/><T104/><D129/><U3/><E126/><V124/><F124/><W59/><G117/><T23/><D63/><U121/><E121/><V30/><F100/><N who="3" m="60487" /><G128/><T33/><D135/><U10/><E3/><V94/><F94/><W75/><G75/><T86/><D38/><U50/><E83/><V118/><F118/><W19/><AGARI ba="2,0" hai="0,2,9,13,19,56,58,59" m="60487,43529" machi="19" ten="30,1100,0" yaku="15,1" doraHai="46" who="3" fromWho="3" sc="227,-5,217,-7,240,-5,316,17" />
</Scene>
<Scene>
<INIT seed="6,0,0,3,0,38" ten="222,210,235,333" oya="2" hai0="50,74,83,125,63,32,100,36,31,42,3,126,104" hai1="58,68,133,90,4,37,120,18,105,81,101,97,34" hai2="28,9,47,59,51,23,91,107,43,93,0,60,72" hai3="13,44,78,84,87,114,24,109,46,119,40,15,112"/><V14/><F107/><W131/><G109/><T79/><D3/><U121/><E68/><V95/><F72/><W76/><G24/><N who="0" m="18535" /><D50/><U130/><E133/><V99/><F0/><W66/><G119/><T45/><D63/><U135/><E130/><V6/><F95/><W94/><G66/><T8/><D8/><U111/><E111/><V12/><F12/><W1/><G1/><T129/><D129/><U96/><E135/><V61/><REACH who="2" step="1"/><F59/><REACH who="2" ten="222,210,225,333" step="2"/><W62/><G94/><T65/><D65/><U52/><E105/><V16/><F16/><W67/><G67/><T106/><D106/><U57/><E18/><V110/><F110/><W41/><G131/><T10/><D104/><U54/><E58/><V108/><F108/><W33/><G13/><T117/><D117/><U71/><E57/><V30/><F30/><W17/><G15/><T132/><D132/><U73/><E73/><V127/><F127/><W49/><G17/><T113/><D126/><U11/><E71/><V69/><F69/><W20/><G114/><T39/><D125/><U102/><E81/><V75/><F75/><W88/><G112/><T86/><D113/><U128/><E128/><V70/><F70/><W123/><G123/><T29/><D29/><U7/><E121/><V55/><F55/><W98/><G84/><T35/><D74/><U27/><E120/><V89/><F89/><W85/><G88/><T25/><D83/><U21/><E90/><V77/><F77/><W124/><G78/><T19/><D79/><U82/><E82/><V122/><F122/><W53/><G124/><T5/><D19/><RYUUKYOKU ba="0,1" sc="222,-10,210,-10,225,30,333,-10" hai2="6,9,14,23,28,43,47,51,60,61,91,93,99" />
</Scene>
<Scene>
<INIT seed="6,1,1,2,4,76" ten="212,200,255,323" oya="2" hai0="126,127,135,86,97,68,93,88,16,109,2,30,11" hai1="115,60,3,12,63,66,122,102,35,96,4,110,28" hai2="5,6,71,106,40,132,125,95,48,114,52,92,78" hai3="119,67,130,107,37,82,8,91,99,80,56,18,17"/><V65/><F106/><W46/><G119/><T1/><D68/><N who="1" m="42055" /><E110/><V120/><F120/><W105/><G67/><T87/><D135/><U108/><E12/><V74/><F40/><W118/><G56/><T15/><D109/><U83/><E83/><V104/><F104/><W72/><G130/><T121/><D121/><U85/><E85/><N who="0" m="32265" /><D30/><U124/><E124/><AGARI ba="1,1" hai="1,2,11,15,16,88,93,97,124,126,127" m="32265" machi="124" ten="30,3900,0" yaku="18,1,54,2" doraHai="76" who="0" fromWho="1" sc="212,52,200,-42,255,0,323,0" />
</Scene>
<Scene>
<INIT seed="7,0,0,0,2,102" ten="264,158,255,323" oya="3" hai0="75,95,55,40,43,13,5,7,61,35,88,18,122" hai1="126,14,77,85,44,129,68,47,24,2,59,135,79" hai2="36,28,65,60,121,72,74,8,107,19,53,17,92" hai3="98,58,42,112,12,3,54,97,10,119,34,57,113"/><W1/><G34/><T120/><D75/><U81/><E68/><V32/><F36/><W48/><G119/><T132/><D35/><U115/><E2/><N who="3" m="522" /><G58/><N who="0" m="35039" /><D132/><U51/><E115/><N who="3" m="44106" /><G42/><T101/><D101/><U62/><E135/><V94/><F107/><W130/><G130/><T25/><D25/><U73/><E126/><V117/><F117/><W9/><G9/><T128/><D128/><U66/><E129/><V99/><F8/><W31/><G31/><T30/><D30/><U82/><E24/><V11/><F11/><W38/><G38/><T127/><D127/><U6/><E6/><AGARI ba="0,0" hai="6,10,12,48,54,57,97,98" m="44106,522" machi="6" ten="30,1500,0" yaku="15,1" doraHai="102" who="3" fromWho="1" sc="264,0,158,-15,255,0,323,15" owari="264,6.0,143,-36.0,255,-14.0,338,44.0" />
</Scene>
</mjloggm>