<mjloggm ver="2.3"><GO type="169" lobby="0"/><UN n0="%E3%83%A2%E3%82%A4%E3%83%92%E3%83%A3%E3%83%B3" n1="%E7%9C%9F%E3%81%A3%E5%90%91%E5%8B%9D%E8%B2%A0" n2="%E3%81%BE%E3%81%95%E3%81%AB%E5%AE%87%E5%AE%99" n3="%E5%A4%AA%E3%81%8F%E3%81%AA%E3%81%84%E3%81%8A" dan="16,16,16,18" rate="2042.70,2078.03,2050.22,2311.90" sx="F,F,M,M"/><TAIKYOKU oya="0"/>

<Scene>
<INIT seed="0,0,0,2,0,107" ten="250,250,250,250" oya="0" hai0="11,115,33,84,73,82,67,69,14,89,72,66,106" hai1="114,27,56,7,28,103,59,78,35,21,24,71,16" hai2="55,122,32,77,79,110,87,118,31,126,99,18,43" hai3="34,95,86,83,70,26,75,49,4,85,23,127,125"/><T100/><D33/><U64/><E78/><V9/><F122/><W38/><G38/><T131/><D115/><U105/><E7/><V53/><F110/><W116/><G116/><T54/><D131/><U6/><E6/><V10/><F118/><W25/><G70/><T129/><D129/><U113/><E56/><V2/><F126/><N who="3" m="48139" /><G4/><T44/><D100/><U15/><E59/><V8/><F43/><W1/><G1/><T20/><D106/><U58/><E58/><V47/><F2/><W68/><G68/><T17/><D20/><U117/><E24/><V97/><F32/><W22/><G49/><N who="0" m="28967" /><D69/><U101/><E101/><V80/><F31/><N who="3" m="19831" /><G95/><T119/><D119/><U41/><E41/><V133/><F133/><W63/><G63/><T102/><D102/><U62/><REACH who="1" step="1"/><E117/><REACH who="1" ten="250,240,250,250" step="2"/><V74/><F79/><N who="3" m="44543" /><G22/><T12/><D12/><U36/><E36/><V132/><F132/><W108/><G108/><T29/><D29/><AGARI ba="0,1" hai="23,25,29,85,86" m="44543,19831,48139" machi="29" ten="30,2000,0" yaku="18,1,52,1" doraHai="107" who="3" fromWho="0" sc="250,-20,240,0,250,0,250,30" />
</Scene>
<Scene>
<INIT seed="1,0,0,0,3,27" ten="230,240,250,280" oya="1" hai0="68,85,132,103,130,49,70,71,93,15,20,31,128" hai1="39,100,12,32,41,118,30,50,2,6,43,107,83" hai2="88,77,134,106,26,74,115,112,61,65,124,38,5" hai3="62,53,131,79,58,110,75,80,8,44,87,22,123"/><U11/><E118/><V1/><F106/><W35/><G35/><T67/><D67/><U60/><E50/><V73/><F38/><W34/><G34/><T126/><D132/><U29/><E32/><V54/><F134/><W51/><G110/><T104/><D126/><U81/><E107/><V66/><F124/><W116/><G131/><N who="0" m="50219" /><D104/><U47/><E100/><V105/><F105/><W102/><G123/><T23/><D15/><U84/><E43/><V63/><F5/><W0/><G102/><T48/><D31/><U4/><E83/><N who="2" m="45487" /><F1/><W109/><G109/><T45/><D49/><U113/><E113/><N who="2" m="43595" /><F74/><W99/><G99/><N who="0" m="59887" /><D85/><U42/><E42/><AGARI ba="0,0" hai="20,23,42,45,48,68,70,71" m="59887,50219" machi="42" ten="40,1300,0" yaku="19,1" doraHai="27" who="0" fromWho="1" sc="230,13,240,-13,250,0,280,0" />
</Scene>
<Scene>
<INIT seed="2,0,0,2,4,111" ten="243,227,250,280" oya="2" hai0="62,42,82,110,45,2,113,95,52,73,64,10,88" hai1="55,114,80,93,23,126,28,76,61,108,5,24,40" hai2="7,91,119,70,72,38,89,107,18,3,69,51,77" hai3="13,25,118,135,85,36,15,133,21,0,12,34,122"/><V58/><F119/><W101/><G36/><T17/><D110/><U57/><E108/><V16/><F38/><W31/><G101/><T33/><D33/><U86/><E126/><V121/><F121/><W67/><G67/><T98/><D113/><U44/><E5/><V131/><F131/><W109/><G109/><T102/><D42/><U32/><E114/><V60/><F107/><W104/><G104/><T8/><D2/><U22/><REACH who="1" step="1"/><E93/><REACH who="1" ten="243,217,250,280" step="2"/><V53/><F7/><W26/><G122/><T127/><D127/><U125/><E125/><V129/><F129/><W75/><G118/><T14/><D10/><U123/><E123/><V96/><F3/><W47/><G0/><T37/><D37/><AGARI ba="0,1" hai="22,23,24,28,32,37,40,44,55,57,61,76,80,86" machi="37" ten="30,2000,0" yaku="1,1,7,1,53,0" doraHai="111" doraHaiUra="63" who="1" fromWho="0" sc="243,-20,217,30,250,0,280,0" />
</Scene>
<Scene>
<INIT seed="3,0,0,1,1,134" ten="223,247,250,280" oya="3" hai0="126,51,42,54,29,81,93,96,43,14,85,110,59" hai1="65,10,119,20,50,94,125,80,120,133,113,58,118" hai2="95,112,106,9,104,3,132,36,83,68,8,123,129" hai3="86,124,15,37,117,78,69,82,17,26,99,128,33"/><W91/><G117/><T22/><D110/><U63/><E120/><V6/><F112/><W39/><G69/><T98/><D98/><U109/><E113/><V92/><F36/><W12/><G128/><T21/><D21/><U48/><E109/><V66/><F129/><W77/><G15/><T49/><D49/><U88/><E133/><V41/><F132/><W56/><G56/><T52/><D54/><U89/><E10/><V53/><F41/><W115/><G115/><T103/><D126/><U108/><E125/><V102/><F123/><W75/><G78/><T72/><D72/><U5/><E5/><V61/><F83/><W105/><G124/><T97/><D97/><U130/><E108/><V127/><F127/><W47/><G47/><T28/><D29/><U107/><E107/><V35/><F9/><N who="3" m="6287" /><G26/><N who="0" m="16471" /><D14/><U64/><E130/><V121/><F121/><W71/><G71/><T34/><D34/><U31/><E119/><V135/><F135/><W55/><G55/><T76/><AGARI ba="0,0" hai="42,43,51,52,59,76,81,85,93,96,103" m="16471" machi="76" ten="30,2000,0" yaku="8,1,54,1" doraHai="134" who="0" fromWho="0" sc="223,20,247,-5,250,-5,280,-10" />
</Scene>
<Scene>
<INIT seed="4,0,0,2,1,71" ten="243,242,245,270" oya="0" hai0="121,127,55,73,46,129,84,31,98,124,70,61,38" hai1="51,88,115,72,81,114,97,36,83,41,120,57,119" hai2="111,110,42,5,117,6,74,7,16,4,86,93,100" hai3="35,34,60,53,45,22,67,96,14,37,135,66,15"/><T25/><D73/><U2/><E119/><V123/><F123/><W78/><G78/><T54/><D121/><U108/><E108/><V29/><F74/><W105/><G135/><T3/><D3/><U75/><E2/><V12/><N who="2" m="1024" /><DORA hai="17" /><V133/><F133/><W79/><G79/><T113/><D113/><N who="1" m="43019" /><E51/><V20/><F42/><W28/><G53/><T104/><D84/><U126/><E57/><V8/><F117/><W24/><G35/><T33/><D129/><U106/><E126/><N who="0" m="48169" /><D38/><U125/><E120/><V82/><F82/><N who="1" m="31241" /><E125/><V92/><F92/><W89/><G66/><N who="0" m="41295" /><D46/><N who="1" m="23847" /><E106/><V63/><F63/><W23/><G105/><T21/><D33/><U49/><E49/><V26/><REACH who="2" step="1"/><F86/><REACH who="2" ten="243,242,235,270" step="2"/><W134/><G134/><T103/><AGARI ba="0,1" hai="21,25,31,54,55,98,103,104" m="41295,48169" machi="103" ten="30,3000,0" yaku="18,1,52,1" doraHai="71,17" who="0" fromWho="0" sc="243,40,242,-10,235,-10,270,-10" />
</Scene>
<Scene>
<INIT seed="4,1,0,0,2,84" ten="283,232,225,260" oya="0" hai0="86,37,28,13,81,58,56,135,116,38,114,64,10" hai1="27,46,42,132,44,62,23,101,128,102,24,133,57" hai2="1,122,6,68,2,48,96,0,103,98,94,52,69" hai3="125,8,93,70,61,88,109,22,49,78,126,134,71"/><T39/><D116/><U66/><E128/><V26/><F122/><W91/><G109/><T65/><D135/><N who="1" m="51787" /><E44/><V95/><F6/><W77/><G134/><T31/><D114/><U97/><E23/><V14/><F26/><N who="1" m="9769" /><E97/><V60/><F14/><W108/><G108/><T25/><D58/><U73/><E73/><V59/><REACH who="2" step="1"/><F60/><REACH who="2" ten="283,232,215,260" step="2"/><W131/><G61/><T80/><D25/><U45/><E45/><V100/><AGARI ba="1,1" hai="0,1,2,48,52,59,68,69,94,95,96,98,100,103" machi="100" ten="30,8000,1" yaku="1,1,2,1,0,1,9,1,54,1,53,0" doraHai="84" doraHaiUra="29" who="2" fromWho="2" sc="283,-41,232,-21,215,93,260,-21" />
</Scene>
<Scene>
<INIT seed="5,0,0,0,1,91" ten="242,211,308,239" oya="1" hai0="97,111,132,45,83,2,52,123,122,34,76,64,78" hai1="62,80,17,115,67,105,86,94,101,100,99,27,107" hai2="88,58,57,5,63,26,114,121,22,25,6,82,32" hai3="108,106,28,71,60,96,16,119,135,112,81,87,70"/><U103/><E115/><V12/><F121/><N who="0" m="46090" /><D111/><U92/><E27/><N who="2" m="10251" /><F114/><W113/><G28/><T109/><D109/><U130/><E17/><N who="2" m="10535" /><F32/><W36/><G36/><T9/><D34/><U104/><E62/><V90/><F58/><W102/><G108/><T127/><D127/><U56/><E56/><V125/><F125/><W110/><G110/><T66/><D132/><U131/><E67/><N who="0" m="25641" /><D97/><U1/><E1/><V93/><F82/><W21/><G135/><T11/><D2/><U18/><E18/><V124/><F124/><W134/><G134/><T120/><N who="0" m="46098" /><T48/><DORA hai="29" /><D78/><N who="1" m="46359" /><E94/><V128/><F128/><AGARI ba="0,0" hai="92,99,100,101,103,104,105,107,128,130,131" m="46359" machi="128" ten="40,12000,1" yaku="19,1,34,2,52,1" doraHai="91,29" who="1" fromWho="2" sc="242,0,211,120,308,-120,239,0" />
</Scene>
<Scene>
<INIT seed="5,1,0,5,3,15" ten="242,331,188,239" oya="1" hai0="9,17,95,26,82,121,89,122,19,76,133,11,85" hai1="112,98,62,41,55,92,0,38,107,68,67,109,28" hai2="97,30,124,48,4,69,58,96,22,100,53,49,108" hai3="73,127,44,75,87,88,79,83,21,66,84,63,5"/><U34/><E0/><V65/><F69/><W102/><G127/><T40/><D133/><U7/><E7/><V74/><F74/><W135/><G135/><T37/><D26/><N who="1" m="18711" /><E55/><V77/><F108/><W42/><G102/><T91/><D91/><U101/><E92/><V130/><F124/><W123/><G5/><T45/><D11/><U24/><E24/><N who="2" m="16663" /><F130/><W60/><G21/><T29/><D29/><U13/><E13/><V12/><F77/><W43/><G63/><T103/><D103/><U18/><E112/><V90/><F65/><W8/><G8/><T116/><D116/><U6/><E6/><V50/><F100/><W131/><G131/><T128/><D128/><U3/><E3/><V61/><F90/><W106/><G106/><T57/><D57/><U111/><E18/><V31/><F31/><W71/><G42/><T80/><D80/><U99/><E99/><V125/><F125/><W54/><G54/><T36/><D36/><U93/><E93/><V52/><F53/><W70/><G70/><T1/><D1/><U115/><E115/><V59/><F59/><W132/><G123/><N who="0" m="47115" /><D9/><AGARI ba="1,0" hai="4,9,12,48,49,50,52,58,61,96,97" m="16663" machi="9" ten="30,2000,0" yaku="8,1,54,1" doraHai="15" who="2" fromWho="0" sc="242,-23,331,0,188,23,239,0" />
</Scene>
<Scene>
<INIT seed="6,0,0,5,4,17" ten="219,331,211,239" oya="2" hai0="87,103,134,102,79,6,92,122,68,4,16,62,19" hai1="78,85,39,120,64,48,72,55,67,52,26,117,5" hai2="0,28,82,101,21,54,37,126,9,83,104,89,71" hai3="73,63,11,80,30,132,69,118,2,121,58,124,1"/><V13/><F37/><W75/><G118/><T57/><D122/><U86/><E39/><V3/><F71/><W46/><G121/><T106/><D106/><U135/><E72/><V32/><F126/><W41/><G69/><T91/><D68/><U129/><E5/><N who="0" m="2153" /><D79/><U36/><E36/><V110/><F32/><W100/><G100/><N who="0" m="38443" /><D134/><U35/><E129/><V7/><F110/><W33/><G11/><T128/><D128/><U127/><E127/><V108/><F108/><W45/><G45/><T66/><AGARI ba="0,0" hai="16,19,57,62,66,87,91,92" m="38443,2153" machi="66" ten="30,2000,0" yaku="8,1,54,1" doraHai="17" who="0" fromWho="0" sc="219,20,331,-5,211,-10,239,-5" />
</Scene>
<Scene>
<INIT seed="7,0,0,3,4,134" ten="239,326,201,234" oya="3" hai0="99,125,117,31,132,96,3,49,103,64,2,129,42" hai1="114,54,13,106,81,52,61,0,124,97,130,112,25" hai2="45,27,62,33,4,85,63,89,131,47,116,9,118" hai3="66,53,104,43,50,59,110,72,41,38,10,75,79"/><W135/><G104/><T82/><D117/><U29/><E124/><V107/><F107/><W26/><G135/><T37/><D37/><U19/><E0/><V32/><F131/><W21/><G110/><T94/><D132/><U108/><E130/><V101/><F101/><W91/><G66/><T20/><D125/><U88/><E61/><V5/><F85/><W40/><G38/><T34/><D34/><U35/><E108/><V74/><F9/><W90/><G10/><T16/><D31/><U44/><E44/><V133/><F133/><W12/><G12/><N who="0" m="9223" /><D3/><U58/><E58/><V77/><F27/><W23/><G23/><T87/><D2/><U28/><E28/><V39/><F39/><W113/><G113/><N who="1" m="43626" /><E81/><V119/><F119/><W11/><G11/><T57/><D129/><U115/><E115/><V55/><F55/><W83/><REACH who="3" step="1"/><G75/><REACH who="3" ten="239,326,201,224" step="2"/><T15/><D64/><U123/><E106/><V128/><F128/><W95/><G95/><T46/><D94/><N who="1" m="56519" /><E123/><V70/><F70/><W105/><G105/><T102/><D82/><U78/><E78/><V92/><F92/><W84/><G84/><T18/><D87/><U73/><E73/><V76/><REACH who="2" step="1"/><F89/><REACH who="2" ten="239,326,191,224" step="2"/><W120/><G120/><T48/><D103/><U93/><E93/><V1/><F1/><W126/><G126/><T111/><D102/><U8/><AGARI ba="0,2" hai="8,13,19,25,29,35,52,54" m="56519,43626" machi="8" ten="30,4000,0" yaku="15,1,54,2" doraHai="134" who="1" fromWho="1" sc="239,-10,326,60,191,-10,224,-20" owari="229,3.0,386,49.0,181,-32.0,204,-20.0" />
</Scene>
</mjloggm>