<mjloggm ver="2.3"><GO type="169" lobby="0"/><UN n0="%E3%81%84%E3%81%97%E3%82%82%E3%82%8A" n1="%E3%81%9F%E3%82%93%E3%82%86%E3%81%86" n2="%E5%A4%AA%E3%81%8F%E3%81%AA%E3%81%84%E3%81%8A" n3="%E3%83%94%E3%82%B3%E3%83%9E%E3%82%B9%E3%83%86%E3%82%A3%E3%83%95" dan="16,16,18,17" rate="2077.98,2148.64,2303.74,2205.39" sx="M,F,M,M"/><TAIKYOKU oya="0"/>

<Scene>
<INIT seed="0,0,0,3,5,124" ten="250,250,250,250" oya="0" hai0="122,27,78,20,111,41,29,90,130,82,19,123,79" hai1="21,55,100,133,95,11,128,98,33,34,135,69,115" hai2="97,56,68,94,9,60,44,106,52,125,8,26,51" hai3="38,109,105,71,3,50,110,32,101,59,131,47,31"/><T63/><D111/><N who="3" m="42505" /><G3/><T67/><D41/><U74/><E69/><V62/><F106/><W121/><G71/><T120/><D130/><U18/><E74/><V58/><F125/><W7/><G7/><T65/><D65/><U129/><E11/><V72/><F72/><W93/><G59/><T76/><D90/><U24/><E115/><V88/><F68/><W54/><G93/><T36/><D36/><U61/><E34/><V107/><F107/><W28/><G32/><T5/><D5/><U66/><E33/><V96/><F96/><N who="3" m="61607" /><G121/><T39/><D39/><U102/><E100/><V49/><F26/><W84/><G84/><T42/><D42/><U119/><E66/><N who="2" m="39175" /><F51/><W114/><G114/><T12/><D82/><U0/><E0/><V117/><F117/><W99/><G99/><T81/><D81/><U43/><E43/><AGARI ba="0,0" hai="8,9,43,44,49,52,58,62,88,94,97" m="39175" machi="43" ten="30,3900,0" yaku="8,1,54,2" doraHai="124" who="2" fromWho="1" sc="250,0,250,-39,250,39,250,0" />
</Scene>
<Scene>
<INIT seed="1,0,0,4,0,126" ten="250,211,289,250" oya="1" hai0="5,10,7,68,54,115,45,72,40,90,80,27,101" hai1="23,134,39,82,26,96,88,119,86,85,44,16,121" hai2="79,130,83,19,123,33,110,3,105,20,74,46,124" hai3="92,28,38,22,60,75,77,120,132,69,65,76,131"/><U66/><E121/><V87/><F123/><W32/><G120/><T102/><D115/><U81/><E119/><V53/><F33/><W73/><G38/><T63/><D27/><U57/><E134/><V78/><F3/><W117/><G32/><T122/><D122/><U6/><E6/><V15/><F105/><W11/><G11/><T104/><D7/><U17/><E96/><V52/><F124/><W58/><G92/><T62/><D104/><U2/><E2/><V21/><F110/><W4/><G4/><T103/><D68/><U98/><E98/><V135/><F135/><W8/><G8/><T37/><D54/><U129/><E39/><V29/><F74/><N who="3" m="28171" /><G58/><T18/><D18/><N who="1" m="12663" /><E44/><V42/><F78/><W55/><G55/><T127/><D127/><U114/><E114/><V1/><F1/><W47/><G47/><T108/><D108/><U71/><E71/><V97/><F53/><W9/><G9/><T95/><D72/><U61/><E129/><V25/><F130/><W100/><G132/><T67/><D67/><U70/><E70/><V99/><REACH who="2" step="1"/><F52/><REACH who="2" ten="250,211,279,250" step="2"/><W112/><G131/><T13/><D63/><U49/><E49/><AGARI ba="0,1" hai="15,19,20,21,25,29,42,46,49,79,83,87,97,99" machi="49" ten="30,7700,0" yaku="1,1,2,1,7,1,8,1,53,0" doraHai="126" doraHaiUra="31" who="2" fromWho="1" sc="250,0,211,-77,279,87,250,0" />
</Scene>
<Scene>
<INIT seed="2,0,0,1,0,98" ten="250,134,366,250" oya="2" hai0="27,97,110,2,42,77,127,73,70,130,4,6,104" hai1="26,93,31,40,113,82,34,106,109,123,135,125,128" hai2="13,129,84,91,105,57,49,111,117,114,122,28,92" hai3="55,81,39,116,62,112,38,83,36,89,12,102,85"/><V9/><F114/><W33/><G116/><T132/><D70/><U120/><E106/><V86/><F117/><W56/><G112/><T24/><D42/><U30/><E113/><V121/><F105/><W60/><G33/><T74/><D110/><U41/><E109/><V72/><F72/><W14/><G102/><T23/><D77/><U71/><E71/><V19/><F111/><W68/><REACH who="3" step="1"/><G81/><REACH who="3" ten="250,134,366,240" step="2"/><T32/><D32/><U75/><E82/><V53/><F129/><W8/><G8/><T1/><D130/><U3/><E128/><V47/><F121/><W115/><G115/><T45/><D127/><U99/><E125/><V7/><F122/><W79/><G79/><T52/><D132/><U69/><E135/><V21/><F28/><W96/><G96/><T134/><D134/><U16/><E34/><V64/><F64/><AGARI ba="0,1" hai="12,14,36,38,39,55,56,60,62,64,68,83,85,89" machi="64" ten="40,1300,0" yaku="1,1,53,0" doraHai="98" doraHaiUra="15" who="3" fromWho="2" sc="250,0,134,0,366,-13,240,23" />
</Scene>
<Scene>
<INIT seed="3,0,0,2,4,30" ten="250,134,353,263" oya="3" hai0="70,25,26,63,35,28,5,64,128,110,20,7,118" hai1="83,123,119,24,80,133,43,47,99,122,117,101,71" hai2="13,56,27,42,68,120,102,46,23,33,132,22,1" hai3="100,53,8,106,90,59,115,98,4,69,49,9,65"/><W95/><G115/><T112/><D110/><U79/><E71/><V2/><F68/><W62/><REACH who="3" step="1"/><G4/><REACH who="3" ten="250,134,353,253" step="2"/><T10/><D112/><U6/><E6/><V41/><F120/><W61/><G61/><T130/><D118/><U18/><E123/><V105/><F132/><W88/><G88/><T40/><D7/><U21/><E122/><V60/><F60/><W127/><G127/><T77/><D128/><U104/><E133/><V91/><F91/><W50/><G50/><T111/><D130/><U75/><REACH who="1" step="1"/><E83/><REACH who="1" ten="250,124,353,253" step="2"/><V107/><F1/><W97/><AGARI ba="0,2" hai="8,9,49,53,59,62,65,69,90,95,97,98,100,106" machi="97" ten="20,12000,1" yaku="1,1,0,1,7,1,53,2" doraHai="30" doraHaiUra="92" who="3" fromWho="3" sc="250,-40,124,-40,353,-40,253,140" />
</Scene>
<Scene>
<INIT seed="3,1,0,1,3,54" ten="210,84,313,393" oya="3" hai0="25,24,68,106,27,28,63,131,121,85,3,103,51" hai1="129,13,30,110,88,65,127,73,105,58,16,56,75" hai2="126,87,14,89,6,59,99,120,77,79,40,67,133" hai3="70,35,45,115,125,9,41,18,23,109,15,74,11"/><W21/><G115/><T119/><D121/><U78/><E105/><V62/><F126/><W112/><G112/><T134/><D119/><U84/><E127/><V111/><F120/><W71/><G125/><T10/><D85/><U132/><E30/><V47/><F111/><W34/><G74/><T22/><D134/><U96/><E110/><V94/><F133/><W83/><G109/><T124/><D124/><U116/><E132/><V44/><F44/><W17/><G83/><T4/><D51/><U48/><E116/><V135/><F135/><W118/><G118/><T86/><D86/><U113/><E113/><V66/><F66/><W80/><G80/><T101/><D101/><U57/><E65/><V32/><F32/><W72/><G72/><T29/><D131/><U33/><E33/><V90/><F6/><W102/><G102/><T130/><D130/><U117/><E129/><V93/><REACH who="2" step="1"/><F14/><REACH who="2" ten="210,84,303,393" step="2"/><W100/><G34/><T5/><D5/><U37/><E117/><V60/><F60/><W7/><G35/><T128/><D128/><U52/><E37/><AGARI ba="1,1" hai="37,40,47,59,62,67,77,79,87,89,90,93,94,99" machi="37" ten="30,7700,0" yaku="1,1,7,1,52,1,53,1" doraHai="54" doraHaiUra="42" who="2" fromWho="1" sc="210,0,84,-80,303,90,393,0" />
</Scene>
<Scene>
<INIT seed="4,0,0,2,3,63" ten="210,4,393,393" oya="0" hai0="10,59,68,91,70,43,108,92,15,84,104,72,123" hai1="116,80,50,19,41,62,12,101,34,118,21,122,127" hai2="54,79,52,66,100,5,105,37,64,47,9,134,117" hai3="120,86,129,112,22,51,17,93,28,18,56,87,130"/><T49/><D72/><U33/><E122/><V32/><F32/><W6/><G120/><T77/><D104/><U8/><E101/><V119/><F134/><W109/><G109/><T90/><D123/><U126/><E80/><V103/><F79/><W29/><G6/><T67/><D108/><U44/><E34/><V42/><F54/><N who="3" m="31839" /><G112/><T14/><D77/><U114/><E33/><V25/><F25/><W94/><G130/><T97/><D15/><U98/><E98/><N who="2" m="61591" /><F52/><W75/><G75/><T107/><D107/><U11/><E114/><V27/><F27/><N who="3" m="14807" /><G129/><T125/><D125/><N who="1" m="47627" /><E62/><V82/><F82/><W2/><G2/><T3/><D3/><U48/><E48/><V4/><F103/><W95/><G17/><T46/><D59/><U132/><E132/><V16/><F16/><W24/><G24/><T89/><D89/><U7/><E11/><V121/><F121/><W135/><G135/><T23/><D23/><U20/><E20/><V115/><F115/><W26/><G26/><AGARI ba="0,0" hai="7,8,12,19,21,26,41,44,50,116,118" m="47627" machi="26" ten="30,1000,0" yaku="18,1" doraHai="63" who="1" fromWho="3" sc="210,0,4,10,393,0,393,-10" />
</Scene>
<Scene>
<INIT seed="5,0,0,5,0,80" ten="210,14,393,383" oya="1" hai0="105,84,63,35,13,90,40,103,127,24,25,19,48" hai1="126,52,30,135,109,100,6,77,12,87,117,73,32" hai2="122,67,50,106,107,128,81,110,34,99,75,133,3" hai3="74,10,65,37,41,4,123,68,15,16,94,83,88"/><U134/><E73/><V119/><RYUUKYOKU type="yao9" ba="0,0" sc="210,0,14,0,393,0,383,0" hai2="3,34,50,67,75,81,99,106,107,110,119,122,128,133" />
</Scene>
<Scene>
<INIT seed="5,1,0,4,1,114" ten="210,14,393,383" oya="1" hai0="16,2,9,48,113,101,102,100,116,97,123,120,74" hai1="0,45,60,103,44,4,15,31,89,90,5,12,135" hai2="83,53,127,98,117,29,105,121,43,77,1,54,62" hai3="93,35,42,70,78,20,51,133,112,56,125,66,37"/><U130/><E103/><V75/><F121/><N who="0" m="46666" /><D74/><U107/><E107/><V11/><F117/><W3/><G35/><T69/><D69/><U26/><E60/><V58/><F127/><W106/><G106/><T64/><D64/><U129/><E26/><V128/><F128/><W40/><G3/><T68/><D68/><U110/><E31/><V21/><F29/><W94/><G112/><T33/><D33/><U131/><E0/><V96/><F21/><W82/><G125/><T49/><D116/><U52/><E52/><V134/><F134/><W38/><G133/><T8/><D97/><U95/><E135/><V46/><F54/><W80/><G70/><T85/><D85/><U104/><E104/><V79/><F79/><W10/><G10/><N who="0" m="4203" /><D2/><U19/><E110/><V88/><F88/><N who="1" m="33897" /><E95/><N who="3" m="36362" /><G37/><T34/><D34/><U72/><E72/><V111/><F111/><W13/><G38/><T41/><D113/><U61/><E61/><V63/><F63/><N who="3" m="38247" /><G78/><T7/><D41/><N who="3" m="15977" /><G51/><T76/><D76/><U57/><E57/><V24/><F105/><W55/><G55/><T25/><D7/><N who="1" m="2635" /><E19/><AGARI ba="1,0" hai="13,19,20,80,82" m="15977,38247,36362" machi="19" ten="30,1000,0" yaku="8,1" doraHai="114" who="3" fromWho="1" sc="210,0,14,-13,393,0,383,13" />
</Scene>
<Scene>
<INIT seed="6,0,0,4,3,131" ten="210,1,393,396" oya="2" hai0="10,76,121,95,90,101,31,126,4,11,13,72,41" hai1="20,125,5,133,21,15,66,23,36,64,2,9,117" hai2="100,0,58,46,93,119,112,68,27,96,94,26,14" hai3="102,130,48,107,38,83,105,57,42,75,55,115,111"/><V60/><F0/><W39/><G111/><T7/><D121/><U49/><E36/><V52/><F119/><W99/><G130/><T44/><D126/><U116/><E49/><N who="2" m="28727" /><F68/><W82/><G115/><T128/><D128/><U109/><E66/><N who="2" m="39191" /><F112/><W59/><G107/><T71/><D71/><U91/><E64/><V88/><F14/><W6/><G6/><T110/><D72/><U12/><E91/><V97/><AGARI ba="0,0" hai="26,27,88,93,94,96,97,100" m="39191,28727" machi="97" ten="30,6000,0" yaku="8,1,54,2" doraHai="131" who="2" fromWho="2" sc="210,-20,1,-20,393,60,396,-20" owari="190,-21.0,-19,-52.0,453,55.0,376,18.0" />
</Scene>
</mjloggm>