<mjloggm ver="2.3"><GO type="169" lobby="0"/><UN n0="%E4%B8%87%E8%83%BD%E3%81%AD%E3%81%8E" n1="%E3%82%A2%E3%82%AB%E2%98%86%E3%82%A6%E3%83%BC%E3%83%94%E3%83%B3" n2="%E5%A4%AA%E3%81%8F%E3%81%AA%E3%81%84%E3%81%8A" n3="%67%61%72%75%63%69%61" dan="16,18,18,17" rate="2121.55,2199.70,2248.15,2229.04" sx="M,M,F,M"/><TAIKYOKU oya="0"/>

<Scene>
<INIT seed="0,0,0,5,5,50" ten="250,250,250,250" oya="0" hai0="14,103,128,19,36,122,87,109,77,38,15,66,94" hai1="51,46,8,48,1,134,62,0,118,43,65,16,104" hai2="52,54,53,116,81,99,20,115,120,112,12,101,68" hai3="91,31,73,98,39,26,60,22,127,30,61,124,100"/><T10/><D122/><U76/><E104/><V21/><F120/><W108/><G39/><T85/><D128/><U97/><E118/><V83/><F68/><W27/><G73/><T132/><D132/><U64/><E134/><V33/><F33/><W24/><G91/><T125/><D125/><N who="3" m="48201" /><G108/><T90/><D103/><U106/><E76/><V96/><F116/><W114/><G114/><T130/><D66/><U117/><E65/><V4/><F4/><W105/><G26/><T129/><D109/><U135/><E135/><V86/><F12/><W69/><G69/><T80/><D130/><U113/><E113/><N who="2" m="43595" /><F86/><W58/><G58/><T71/><D71/><U84/><E84/><V133/><F101/><W78/><G78/><T111/><D111/><U7/><E0/><V42/><F42/><W131/><G131/><T70/><D70/><U28/><E43/><V25/><F25/><W35/><AGARI ba="0,0" hai="22,24,27,30,31,35,60,61,98,100,105" m="48201" machi="35" ten="30,1100,0" yaku="18,1" doraHai="50" who="3" fromWho="3" sc="250,-5,250,-3,250,-3,250,11" />
</Scene>
<Scene>
<INIT seed="1,0,0,2,5,66" ten="245,247,247,261" oya="1" hai0="91,95,13,123,58,38,0,112,90,127,102,70,122" hai1="63,50,32,8,104,19,134,114,21,125,73,81,111" hai2="116,93,130,100,45,133,7,12,106,31,118,54,86" hai3="24,129,41,60,61,9,57,131,87,51,119,49,17"/><U2/><E104/><V65/><F106/><W96/><G119/><T89/><D0/><U34/><E50/><V124/><F31/><W80/><G96/><N who="0" m="59679" /><D38/><U115/><E81/><V107/><F107/><W43/><G61/><T46/><D46/><U82/><E63/><V39/><F65/><W53/><G49/><T47/><D47/><U48/><E48/><V67/><F67/><W40/><G60/><T25/><D25/><N who="1" m="14527" /><E82/><V35/><F54/><W72/><G72/><T15/><D127/><U99/><E99/><V33/><F124/><W10/><G24/><T18/><D58/><U5/><E73/><V16/><F100/><W52/><G53/><T135/><D135/><U77/><E77/><V28/><F133/><W55/><G17/><T88/><D112/><N who="1" m="43051" /><E125/><V120/><F39/><W30/><G30/><T71/><D89/><U84/><E84/><V76/><F86/><W113/><G55/><T69/><D18/><U11/><E134/><V68/><F45/><W79/><G113/><T37/><D37/><U92/><E92/><V23/><F93/><W44/><G44/><T101/><D101/><U42/><E42/><V105/><F105/><W94/><G94/><T110/><D110/><U117/><E111/><V36/><F36/><W62/><G62/><T98/><D98/><U64/><E117/><V85/><F118/><W75/><G75/><T27/><D27/><U26/><E26/><V132/><F116/><W59/><G59/><T56/><D56/><U74/><E74/><V29/><F132/><W1/><G1/><T109/><D109/><U4/><E64/><RYUUKYOKU ba="0,0" sc="245,10,247,10,247,-30,261,10" hai0="13,15,69,70,71,88,90,91,122,123" hai1="2,4,5,8,11,32,34" hai3="9,10,40,41,43,51,52,57,79,80,87,129,131" />
</Scene>
<Scene>
<INIT seed="1,1,0,3,4,12" ten="255,257,217,271" oya="1" hai0="32,107,3,8,79,87,84,27,129,131,61,64,58" hai1="53,15,52,124,9,130,22,4,135,81,73,21,78" hai2="101,11,23,6,44,36,69,126,54,100,20,7,1" hai3="29,63,93,10,46,76,105,30,71,25,60,56,65"/><U34/><E34/><V45/><F69/><W13/><G105/><T108/><D108/><U24/><E124/><V94/><F126/><W98/><G76/><T90/><D107/><U26/><E135/><V103/><F94/><W111/><G46/><T86/><D79/><U55/><E130/><N who="0" m="49673" /><D8/><U66/><E66/><V39/><F54/><W96/><G111/><T68/><D3/><U37/><E37/><V89/><F89/><W109/><G109/><T132/><D132/><U91/><E91/><V31/><F31/><W75/><G75/><T14/><D14/><U134/><E134/><V42/><REACH who="2" step="1"/><F7/><REACH who="2" ten="255,257,207,271" step="2"/><W2/><G30/><N who="0" m="19551" /><D68/><U127/><E127/><V99/><F99/><W114/><G98/><T18/><D18/><U70/><E70/><V120/><F120/><W17/><G71/><T16/><D16/><U33/><REACH who="1" step="1"/><E26/><REACH who="1" ten="255,247,207,271" step="2"/><V97/><F97/><W104/><G96/><T74/><D90/><U119/><E119/><V123/><F123/><W72/><G25/><T50/><D64/><U118/><E118/><V80/><F80/><W110/><G65/><T116/><D116/><U113/><E113/><V115/><F115/><W62/><G114/><T40/><D74/><U102/><E102/><V49/><F49/><W57/><G72/><T122/><D50/><U92/><E92/><V51/><F51/><W35/><G110/><T133/><D133/><U88/><E88/><V59/><F59/><W0/><G57/><T47/><D58/><U5/><E5/><V41/><AGARI ba="1,2" hai="1,6,11,20,23,36,39,41,42,44,45,100,101,103" machi="41" ten="30,4000,0" yaku="1,1,0,1,9,1,53,0" doraHai="12" doraHaiUra="112" who="2" fromWho="2" sc="255,-11,247,-21,207,63,271,-11" />
</Scene>
<Scene>
<INIT seed="2,0,0,1,5,93" ten="244,226,270,260" oya="2" hai0="13,71,37,52,111,64,102,70,58,54,80,99,112" hai1="116,3,119,20,134,36,57,48,12,30,32,29,79" hai2="91,83,114,86,85,98,1,24,49,18,84,133,33" hai3="19,121,75,104,41,123,61,118,46,35,21,120,40"/><V14/><F114/><W100/><G75/><T47/><D112/><U101/><E36/><V53/><F1/><W74/><G74/><T44/><D111/><U105/><E79/><V10/><F133/><W62/><G35/><T42/><D80/><U90/><E3/><V67/><F67/><W126/><G118/><T34/><D34/><U92/><E32/><V45/><REACH who="2" step="1"/><F98/><REACH who="2" ten="244,226,260,260" step="2"/><W97/><G126/><T22/><D64/><U38/><E134/><V94/><F94/><W27/><REACH who="3" step="1"/><G40/><REACH who="3" ten="244,226,260,250" step="2"/><T15/><D42/><U72/><E119/><V135/><F135/><W131/><G131/><T109/><D109/><U16/><E116/><V81/><F81/><W73/><G73/><T17/><D54/><U6/><E72/><V31/><AGARI ba="0,2" hai="10,14,18,24,31,33,45,49,53,83,84,85,86,91" machi="31" ten="30,12000,1" yaku="1,1,0,1,25,2,53,1" doraHai="93" doraHaiUra="26" who="2" fromWho="2" sc="244,-40,226,-40,260,140,250,-40" />
</Scene>
<Scene>
<INIT seed="2,1,0,2,3,89" ten="204,186,400,210" oya="2" hai0="80,34,32,131,134,49,90,125,128,70,84,129,102" hai1="106,4,121,37,31,18,22,75,12,1,108,14,127" hai2="104,28,30,40,103,45,7,118,53,83,66,55,99" hai3="62,126,50,51,133,115,42,120,52,29,101,44,8"/><V74/><F118/><W5/><G120/><T95/><D125/><U112/><E75/><V23/><F66/><W65/><G126/><T21/><D134/><U78/><E106/><V0/><F30/><W9/><G133/><T48/><D21/><U135/><E37/><N who="2" m="21647" /><F23/><W3/><G115/><T27/><D27/><N who="1" m="16887" /><E78/><N who="2" m="44503" /><F28/><W36/><G29/><T35/><D70/><U122/><E127/><V96/><F99/><AGARI ba="1,0" hai="32,34,35,48,49,80,84,90,95,99,102,128,129,131" machi="99" ten="50,3200,0" yaku="19,1,52,1" doraHai="89" who="0" fromWho="2" sc="204,35,186,0,400,-35,210,0" />
</Scene>
<Scene>
<INIT seed="3,0,0,1,0,30" ten="239,186,365,210" oya="3" hai0="19,9,85,34,126,118,74,87,99,84,67,121,127" hai1="20,56,96,125,49,97,32,111,102,129,27,15,120" hai2="122,10,88,64,104,41,16,80,105,86,106,124,50" hai3="31,131,62,26,128,24,91,23,110,4,123,11,0"/><W54/><G123/><T43/><D121/><U8/><E120/><V51/><F122/><RYUUKYOKU type="kaze4" ba="0,0" sc="239,0,186,0,365,0,210,0" />
</Scene>
<Scene>
<INIT seed="3,1,0,3,5,133" ten="239,186,365,210" oya="3" hai0="21,116,82,127,102,119,79,68,46,40,73,22,93" hai1="117,28,111,35,90,75,57,30,15,52,121,24,43" hai2="64,110,113,37,112,107,9,31,29,42,3,27,89" hai3="20,14,95,61,1,7,50,62,106,92,69,66,99"/><W126/><G106/><T25/><D68/><U19/><E75/><V41/><F89/><W118/><G118/><T54/><D22/><U84/><E117/><V74/><F64/><W67/><G1/><T109/><D109/><U132/><E30/><V11/><F107/><W77/><G77/><T72/><D72/><U129/><E129/><V6/><F110/><W128/><G128/><T44/><D44/><U53/><E111/><V18/><F74/><W8/><G126/><T100/><D127/><U120/><E43/><V78/><F78/><W32/><G32/><T88/><D54/><U98/><E98/><V124/><F37/><W60/><G20/><T97/><D116/><U49/><E53/><V125/><F18/><W80/><G80/><T76/><D76/><U134/><E134/><V36/><F36/><W51/><G92/><T96/><D96/><U86/><E86/><V5/><F3/><W56/><REACH who="3" step="1"/><G62/><REACH who="3" ten="239,186,365,200" step="2"/><T87/><D119/><U123/><E132/><V63/><F63/><W39/><G39/><T122/><D122/><U108/><E108/><V26/><AGARI ba="1,1" hai="5,6,9,11,26,27,29,31,41,42,112,113,124,125" machi="26" ten="25,8000,1" yaku="0,1,22,2,52,2" doraHai="133" who="2" fromWho="2" sc="239,-21,186,-21,365,93,200,-41" />
</Scene>
<Scene>
<INIT seed="4,0,0,3,4,24" ten="218,165,458,159" oya="0" hai0="57,14,28,20,80,19,61,133,58,37,5,63,40" hai1="97,92,116,62,78,25,130,100,117,35,82,0,125" hai2="112,87,30,38,73,115,76,129,3,110,29,4,23" hai3="131,56,53,65,12,111,51,43,46,69,84,108,105"/><T47/><D133/><U71/><E0/><V9/><F110/><W90/><G105/><T66/><D5/><U94/><E125/><V81/><F129/><W48/><G131/><T17/><D80/><U45/><E130/><V102/><F102/><W1/><G1/><T6/><D6/><U86/><E45/><V121/><F121/><W93/><G69/><T123/><D123/><U32/><E94/><V126/><F126/><W60/><REACH who="3" step="1"/><G12/><REACH who="3" ten="218,165,458,149" step="2"/><T26/><REACH who="0" step="1"/><D14/><REACH who="0" ten="208,165,458,149" step="2"/><U7/><E116/><V91/><F3/><W13/><G13/><T15/><D15/><U67/><E117/><V96/><F4/><W50/><G50/><T120/><D120/><U10/><E7/><V109/><F9/><W103/><G103/><T54/><AGARI ba="0,2" hai="17,19,20,26,28,37,40,47,54,57,58,61,63,66" machi="54" ten="20,12000,1" yaku="1,1,0,1,7,1,52,1,53,1" doraHai="24" doraHaiUra="18" who="0" fromWho="0" sc="208,140,165,-40,458,-40,149,-40" />
</Scene>
<Scene>
<INIT seed="4,1,0,1,4,4" ten="348,125,418,109" oya="0" hai0="2,98,3,87,57,71,7,22,21,51,123,94,63" hai1="43,114,0,132,35,11,37,48,23,100,73,81,59" hai2="61,117,5,66,1,80,128,36,60,133,18,47,41" hai3="62,16,84,130,55,92,88,54,127,91,24,118,99"/><T9/><D2/><U8/><E35/><V69/><F128/><W113/><G118/><T39/><D39/><U96/><E0/><V15/><F117/><W126/><G130/><T107/><D107/><U44/><E132/><V104/><F104/><W119/><G119/><T72/><D72/><U30/><E114/><V38/><F133/><W56/><G113/><T13/><D71/><U103/><E73/><V68/><F80/><W109/><G109/><T58/><D3/><U102/><E81/><V70/><F36/><W106/><G106/><T131/><D131/><U10/><E59/><V64/><F1/><W78/><G78/><T53/><D87/><U76/><E76/><V105/><F105/><W125/><G55/><N who="0" m="34271" /><D123/><U82/><E82/><V17/><REACH who="2" step="1"/><F70/><REACH who="2" ten="348,125,408,109" step="2"/><W19/><G24/><T112/><D112/><U85/><E37/><V111/><F111/><W115/><G115/><T32/><D32/><U129/><E129/><V134/><F134/><W25/><G25/><T29/><D29/><U40/><E85/><V108/><F108/><W26/><G26/><T124/><D124/><U6/><E96/><V120/><F120/><W20/><G20/><T75/><D75/><U45/><E23/><V116/><F116/><W67/><G67/><T33/><D33/><U110/><E30/><V42/><F42/><W65/><G65/><T122/><D122/><U95/><E110/><V97/><F97/><W31/><G31/><T27/><D27/><U93/><E6/><V89/><F89/><AGARI ba="1,1" hai="7,9,13,21,22,51,53,57,89,94,98" m="34271" machi="89" ten="30,2900,0" yaku="8,1,52,1" doraHai="4" who="0" fromWho="2" sc="348,42,125,0,408,-32,109,0" />
</Scene>
<Scene>
<INIT seed="4,2,0,5,2,23" ten="390,125,376,109" oya="0" hai0="79,72,9,115,122,123,108,97,76,105,114,85,82" hai1="45,119,60,128,5,20,91,116,53,103,107,11,51" hai2="16,83,62,74,41,58,35,100,13,98,3,56,21" hai3="75,126,7,94,101,131,86,65,121,48,22,110,73"/><T50/><D50/><U71/><E128/><V15/><F3/><W135/><G7/><T6/><D6/><U130/><E130/><V12/><F35/><W19/><G131/><T37/><D37/><U32/><E32/><V111/><F111/><W90/><G110/><T113/><D9/><U133/><E133/><V24/><F41/><W125/><G135/><T40/><D40/><U87/><E103/><V63/><F74/><W1/><G1/><T42/><D42/><U120/><E107/><V59/><REACH who="2" step="1"/><F83/><REACH who="2" ten="390,125,366,109" step="2"/><W81/><G121/><T52/><D108/><U104/><E120/><V61/><F61/><W134/><G134/><T127/><D127/><U39/><E60/><V26/><F26/><W84/><G125/><T28/><D123/><U44/><E116/><V112/><F112/><W47/><G126/><T27/><D122/><U69/><E119/><V38/><F38/><W99/><G65/><T68/><D72/><U66/><E51/><V124/><F124/><W67/><G67/><T30/><D27/><U49/><E66/><V88/><F88/><W109/><G109/><T31/><D76/><U25/><E39/><V34/><F34/><W129/><G129/><T17/><D115/><U46/><E49/><V77/><F77/><N who="3" m="46127" /><G73/><T33/><D33/><U0/><E53/><V93/><AGARI ba="2,1" hai="12,13,15,16,21,24,56,58,59,62,63,93,98,100" machi="93" ten="30,8000,1" yaku="1,1,0,1,8,1,52,1,54,1,53,0" doraHai="23" doraHaiUra="36" who="2" fromWho="2" sc="390,-42,125,-22,366,96,109,-22" />
</Scene>
<Scene>
<INIT seed="5,0,0,4,4,125" ten="348,103,462,87" oya="1" hai0="85,124,81,51,98,28,41,15,34,16,2,37,120" hai1="25,118,91,56,30,61,54,110,59,70,90,8,68" hai2="36,75,82,58,29,87,32,86,42,9,66,55,38" hai3="22,6,102,92,67,79,27,105,78,108,126,0,95"/><U4/><E118/><V63/><F75/><W129/><G108/><T65/><D2/><U23/><E110/><V97/><F97/><W133/><G0/><T47/><D124/><U40/><E40/><V101/><F101/><W69/><G126/><T35/><D28/><U96/><E59/><V52/><F86/><W14/><G105/><T83/><D83/><U127/><E127/><V84/><F87/><W117/><G117/><T71/><D98/><U57/><E57/><V131/><F9/><W45/><G45/><T89/><D51/><U31/><E31/><V130/><F32/><W64/><G69/><T80/><D80/><U24/><E24/><V116/><F29/><W122/><G122/><T94/><D81/><U74/><E74/><V3/><F3/><W12/><G6/><T109/><D109/><U99/><E99/><V13/><F13/><W132/><G102/><T46/><D46/><U106/><E91/><V77/><F116/><W107/><G107/><T112/><D120/><U44/><E44/><N who="2" m="23623" /><F38/><W18/><G27/><T60/><D60/><U72/><E72/><V20/><F20/><W21/><G18/><T115/><D35/><U113/><E90/><V1/><F1/><W114/><G114/><T134/><D34/><U76/><E113/><V119/><F119/><W50/><G50/><T93/><D115/><U111/><E111/><V100/><F100/><W39/><G39/><T43/><D37/><U123/><E123/><V121/><F121/><W7/><G7/><T88/><D112/><U135/><E4/><V26/><F26/><W33/><G33/><RYUUKYOKU ba="0,0" sc="348,-15,103,-15,462,15,87,15" hai2="52,55,58,63,66,77,82,84,130,131" hai3="12,14,21,22,64,67,78,79,92,95,129,132,133" />
</Scene>
<Scene>
<INIT seed="6,1,0,2,5,0" ten="333,88,477,102" oya="2" hai0="122,131,16,79,59,53,4,20,60,111,10,5,15" hai1="78,124,114,21,2,36,38,103,65,134,117,71,128" hai2="96,86,115,101,99,84,121,85,75,26,52,50,9" hai3="130,40,8,54,46,51,97,28,30,35,93,45,1"/><V42/><F75/><W87/><G130/><T70/><D122/><U123/><RYUUKYOKU type="yao9" ba="1,0" sc="333,0,88,0,477,0,102,0" hai1="2,21,36,38,65,71,78,103,114,117,123,124,128,134" />
</Scene>
<Scene>
<INIT seed="6,2,0,1,1,66" ten="333,88,477,102" oya="2" hai0="40,83,23,61,84,94,96,14,103,93,35,21,47" hai1="1,115,81,30,20,71,98,17,18,41,124,121,29" hai2="5,127,132,92,102,15,7,89,74,19,112,113,38" hai3="3,31,90,53,87,8,10,129,12,101,76,130,57"/><V128/><F38/><W119/><G119/><T85/><D35/><U11/><E41/><V43/><F74/><W2/><G76/><T56/><D94/><U82/><E98/><V63/><F43/><W39/><G39/><T26/><D14/><U32/><E71/><V120/><F120/><W125/><G101/><T116/><D23/><U80/><E121/><V97/><F127/><W16/><G125/><T60/><D60/><U42/><E124/><V62/><F128/><N who="3" m="49259" /><G31/><T88/><D85/><U79/><E115/><N who="2" m="44107" /><F132/><W123/><G10/><T27/><D21/><U118/><E118/><V46/><F46/><W58/><G123/><T49/><REACH who="0" step="1"/><D116/><REACH who="0" ten="323,88,477,102" step="2"/><U100/><E32/><V22/><F63/><N who="3" m="36271" /><G58/><T50/><D50/><U110/><E20/><V104/><F62/><W133/><G133/><T13/><D13/><U105/><E11/><V37/><F37/><W28/><G28/><T48/><D48/><U9/><E9/><V34/><F34/><W68/><G68/><T95/><D95/><AGARI ba="2,1" hai="2,3,8,12,16,87,90,95" m="36271,49259" machi="95" ten="30,2000,0" yaku="19,1,54,1" doraHai="66" who="3" fromWho="0" sc="323,-26,88,0,477,0,102,36" />
</Scene>
<Scene>
<INIT seed="7,0,0,0,2,131" ten="297,88,477,138" oya="3" hai0="66,60,46,44,130,67,98,93,92,120,99,34,127" hai1="118,109,7,126,97,75,76,74,133,27,91,100,81" hai2="90,30,125,22,73,105,4,61,103,20,1,82,65" hai3="6,123,50,134,12,25,37,111,114,117,64,3,63"/><W113/><G37/><T79/><D130/><U57/><E7/><V0/><F4/><W39/><G39/><T45/><D60/><U70/><E57/><V110/><F20/><W24/><G117/><T9/><D9/><U124/><E27/><N who="3" m="10314" /><G123/><T5/><D5/><U77/><E70/><V19/><F30/><W15/><G50/><T58/><D58/><U94/><E109/><V128/><F110/><W2/><G111/><T129/><D129/><U56/><E56/><V51/><F51/><W17/><G63/><T135/><D34/><U29/><E29/><V26/><F128/><W101/><G101/><T54/><D54/><U104/><E118/><V122/><F122/><W96/><G96/><T43/><D46/><U87/><E133/><V13/><F103/><W35/><G64/><T32/><D32/><U49/><E49/><V112/><F105/><W102/><G102/><T84/><D120/><U14/><E14/><V31/><F31/><W116/><G116/><T119/><D67/><U80/><AGARI ba="0,0" hai="74,75,76,77,80,81,87,91,94,97,100,104,124,126" machi="80" ten="30,12000,2" yaku="0,1,9,1,24,2,34,3" doraHai="131" who="1" fromWho="1" sc="297,-30,88,120,477,-30,138,-60" owari="267,7.0,208,-19.0,447,54.0,78,-42.0" />
</Scene>
</mjloggm>