<mjloggm ver="2.3"><GO type="169" lobby="0"/><UN n0="%7A%61%63%63" n1="%4E%6E%31%33%34" n2="%E3%81%BF%E3%81%A3%E3%81%8F%E3%82%8D%E3%83%BC%E3%82%93" n3="%E5%A4%AA%E3%81%8F%E3%81%AA%E3%81%84%E3%81%8A" dan="17,16,16,18" rate="2189.33,2124.41,2036.50,2301.55" sx="F,M,M,M"/><TAIKYOKU oya="0"/>

<Scene>
<INIT seed="0,0,0,0,1,17" ten="250,250,250,250" oya="0" hai0="133,94,86,113,114,57,82,111,24,105,16,77,93" hai1="14,126,40,120,127,52,48,7,96,115,125,23,65" hai2="92,80,3,41,36,109,42,119,85,131,35,81,83" hai3="0,59,62,107,90,112,2,91,50,53,67,101,134"/><T108/><D105/><U47/><E120/><V51/><F3/><W49/><G112/><T10/><D133/><U130/><E130/><V70/><F70/><W117/><G117/><T89/><D57/><U61/><E115/><V87/><F35/><W76/><G134/><T26/><D94/><U118/><E96/><V22/><F131/><W106/><G76/><T11/><D114/><U63/><E118/><V99/><F36/><W9/><G50/><T30/><D26/><U19/><E7/><V38/><F38/><W66/><G66/><T74/><D113/><U18/><E18/><V37/><F37/><W132/><G132/><T122/><D122/><U44/><E65/><V69/><F69/><W27/><G107/><T33/><REACH who="0" step="1"/><D16/><REACH who="0" ten="240,250,250,250" step="2"/><U6/><REACH who="1" step="1"/><E6/><REACH who="1" ten="240,240,250,250" step="2"/><V8/><F119/><W5/><G5/><T64/><D64/><U95/><E95/><V43/><F92/><W102/><G67/><T32/><D32/><U55/><E55/><V29/><F29/><W128/><G53/><T54/><D54/><U39/><AGARI ba="0,2" hai="14,19,23,39,40,44,47,48,52,61,63,125,126,127" machi="39" ten="30,8000,1" yaku="1,1,0,1,18,1,52,1,54,1,53,0" doraHai="17" doraHaiUra="60" who="1" fromWho="1" sc="240,-40,240,100,250,-20,250,-20" />
</Scene>
<Scene>
<INIT seed="1,0,0,3,2,19" ten="200,340,230,230" oya="1" hai0="107,58,117,11,3,4,73,126,130,115,133,7,62" hai1="17,26,95,60,134,32,125,35,57,105,8,94,83" hai2="14,64,104,38,29,24,98,56,71,119,15,23,128" hai3="96,41,100,121,31,43,123,9,28,13,70,47,39"/><U61/><E105/><V50/><F71/><W0/><G70/><T77/><D117/><U53/><E134/><V44/><F38/><W106/><G41/><T92/><D115/><U25/><E125/><V75/><F75/><W132/><G0/><T112/><D107/><U10/><E83/><V36/><F36/><W124/><G132/><T86/><D130/><U59/><E17/><V74/><F74/><W46/><G46/><T27/><D7/><U81/><E81/><V116/><F128/><W48/><G39/><T68/><D68/><U49/><E49/><V93/><F104/><W113/><G113/><T65/><D133/><U102/><E102/><N who="2" m="60751" /><F119/><W90/><G90/><T66/><D65/><U91/><E91/><V109/><F109/><W40/><G40/><T2/><D3/><U80/><E80/><V88/><F88/><W108/><G108/><T67/><D66/><U30/><E53/><N who="2" m="29895" /><F116/><W120/><REACH who="3" step="1"/><G124/><REACH who="3" ten="200,340,230,220" step="2"/><T135/><D126/><U99/><E59/><V89/><F89/><W110/><G110/><T97/><D135/><U5/><E57/><V79/><F79/><W16/><AGARI ba="0,1" hai="9,13,16,28,31,43,47,48,96,100,106,120,121,123" machi="16" ten="30,4000,0" yaku="1,1,0,1,54,1,53,0" doraHai="19" doraHaiUra="18" who="3" fromWho="3" sc="200,-10,340,-20,230,-10,220,50" />
</Scene>
<Scene>
<INIT seed="2,0,0,4,0,45" ten="190,320,220,270" oya="2" hai0="42,1,30,6,114,46,131,73,120,68,27,64,18" hai1="75,112,92,90,56,50,12,91,0,134,65,31,83" hai2="63,81,14,13,76,60,104,88,25,133,71,11,117" hai3="26,7,127,10,97,72,87,95,84,70,119,116,15"/><V109/><F117/><W35/><G72/><T113/><D120/><U40/><E0/><V32/><F104/><W126/><G70/><T132/><D131/><U66/><E112/><V51/><F133/><W67/><G67/><T118/><D132/><U5/><E31/><V17/><F71/><W48/><G35/><T80/><D18/><U79/><E134/><V77/><F109/><W99/><G26/><T130/><D64/><U29/><E29/><V96/><F32/><W49/><G95/><T123/><D123/><U58/><E58/><V23/><F14/><W98/><G84/><T110/><D130/><U28/><E28/><V105/><F105/><W89/><G87/><T54/><D54/><U100/><E100/><V129/><F129/><W44/><G89/><T125/><D118/><N who="3" m="45097" /><G44/><T41/><D68/><U9/><E91/><V86/><F96/><W124/><AGARI ba="0,0" hai="7,10,15,48,49,97,98,99,124,126,127" m="45097" machi="124" ten="40,5200,0" yaku="18,1,52,2" doraHai="45" who="3" fromWho="3" sc="190,-13,320,-13,220,-26,270,52" />
</Scene>
<Scene>
<INIT seed="3,0,0,4,3,98" ten="177,307,194,322" oya="3" hai0="28,31,32,93,78,132,49,76,26,22,109,62,72" hai1="24,7,20,53,96,44,65,6,103,48,27,3,64" hai2="54,16,8,71,111,14,45,13,15,95,105,126,113" hai3="88,23,82,35,118,11,60,2,43,37,84,61,67"/><W40/><G35/><T36/><D36/><U127/><E127/><V41/><F111/><W85/><G118/><T110/><D132/><U131/><E131/><V90/><F71/><W121/><G121/><T81/><D76/><U102/><E3/><V104/><F113/><W70/><G37/><T74/><D74/><U92/><E27/><V119/><F119/><W21/><G61/><T50/><D28/><N who="1" m="17415" /><E103/><V47/><F54/><W51/><G84/><T42/><D42/><U87/><E87/><V91/><F91/><W59/><G70/><T129/><D129/><U94/><E92/><V9/><F14/><W4/><REACH who="3" step="1"/><G40/><REACH who="3" ten="177,307,194,312" step="2"/><T114/><D62/><U38/><E38/><V83/><F41/><W1/><G1/><T100/><D32/><U63/><E63/><V123/><F123/><W130/><G130/><T34/><D34/><U116/><E116/><V112/><F112/><W57/><G57/><T17/><D114/><U86/><E86/><V33/><F33/><W66/><G66/><AGARI ba="0,1" hai="6,7,44,48,53,64,65,66,94,96,102" m="17415" machi="66" ten="30,2000,0" yaku="8,1,52,1" doraHai="98" who="1" fromWho="3" sc="177,0,307,30,194,0,312,-20" />
</Scene>
<Scene>
<INIT seed="4,0,0,0,4,3" ten="177,337,194,292" oya="0" hai0="117,91,52,58,49,6,127,92,51,45,102,110,36" hai1="118,13,88,65,112,120,100,22,101,105,93,55,108" hai2="29,116,83,122,50,109,1,23,9,67,0,61,72" hai3="28,99,87,130,21,54,33,75,134,73,7,11,89"/><T98/><D117/><U57/><E108/><V103/><F122/><W80/><G33/><T96/><D110/><U34/><E34/><V38/><F38/><W104/><G130/><T18/><D36/><U48/><E118/><V76/><F109/><W111/><G111/><T132/><D132/><U12/><E120/><V26/><F116/><W19/><G28/><T78/><D78/><U4/><E105/><V39/><F39/><W70/><G70/><T62/><D127/><U95/><E95/><V68/><F103/><W82/><G134/><T47/><D18/><N who="1" m="10567" /><E65/><V69/><F69/><W107/><G54/><N who="0" m="30015" /><D6/><U25/><E25/><V16/><REACH who="2" step="1"/><F50/><REACH who="2" ten="177,337,184,292" step="2"/><W77/><G107/><T42/><D102/><U14/><E101/><V46/><F46/><W135/><G135/><T32/><D32/><U124/><E100/><V94/><F94/><W133/><G133/><T115/><D115/><U24/><E93/><V97/><F97/><AGARI ba="0,1" hai="42,45,51,52,58,62,91,92,96,97,98" m="30015" machi="97" ten="30,2900,0" yaku="8,1,54,1" doraHai="3" who="0" fromWho="2" sc="177,39,337,0,184,-29,292,0" />
</Scene>
<Scene>
<INIT seed="4,1,0,1,1,86" ten="216,337,155,292" oya="0" hai0="60,74,116,44,102,134,110,33,78,109,80,13,21" hai1="67,7,69,15,49,38,28,31,66,3,34,56,115" hai2="41,124,118,17,96,48,62,1,112,79,84,0,76" hai3="55,5,70,52,125,90,8,77,47,64,29,108,36"/><T39/><D116/><U126/><E3/><V103/><F118/><W91/><G108/><N who="0" m="41579" /><D33/><U133/><E38/><V63/><F124/><W42/><G29/><T22/><D134/><U50/><E56/><V53/><F112/><W120/><G125/><T37/><D102/><U82/><E15/><V85/><F41/><W95/><G120/><T61/><D44/><U12/><E12/><V2/><F17/><W127/><G127/><T18/><D22/><U89/><E34/><V11/><F11/><W20/><G20/><T43/><D43/><U93/><E133/><V81/><F48/><W92/><G77/><T25/><D13/><U135/><E135/><V88/><F53/><W51/><G64/><T83/><D83/><U105/><E82/><V121/><F121/><W100/><G70/><T87/><D74/><U111/><E69/><V58/><F58/><W119/><G119/><T32/><D32/><U75/><E75/><V4/><F4/><W10/><G100/><T131/><D131/><U65/><E7/><V99/><F103/><W114/><G114/><T16/><D18/><U123/><E126/><V45/><F45/><W73/><G73/><T71/><D71/><U107/><E111/><V68/><F68/><W122/><G122/><T54/><D54/><N who="3" m="20521" /><G36/><AGARI ba="1,0" hai="16,21,25,36,37,39,60,61,78,80,87" m="41579" machi="36" ten="30,2900,0" yaku="10,1,54,1" doraHai="86" who="0" fromWho="3" sc="216,32,337,0,155,0,292,-32" />
</Scene>
<Scene>
<INIT seed="4,2,0,2,4,31" ten="248,337,155,260" oya="0" hai0="40,100,54,27,42,97,120,94,111,12,14,44,37" hai1="118,86,22,119,33,1,60,56,85,122,75,11,47" hai2="105,121,16,6,45,39,110,30,18,83,66,32,2" hai3="72,89,68,77,67,115,62,13,70,51,124,113,93"/><T36/><D120/><U92/><E75/><V130/><F121/><W19/><G124/><T76/><D111/><U49/><E33/><V25/><F110/><W58/><G77/><T102/><D76/><U41/><E122/><V88/><F105/><W7/><G7/><T109/><D109/><U15/><E1/><V133/><F66/><W114/><G72/><T117/><D117/><U26/><E92/><V59/><F59/><W112/><N who="3" m="28672" /><DORA hai="116" /><W103/><G103/><T108/><D54/><U128/><E128/><V63/><F63/><W21/><REACH who="3" step="1"/><G51/><REACH who="3" ten="248,337,155,250" step="2"/><T8/><D108/><U135/><E119/><V74/><F130/><W24/><G24/><T132/><D102/><U53/><E118/><V52/><F74/><W69/><G69/><T38/><D27/><U80/><E26/><V10/><F133/><W125/><G125/><T28/><D132/><U99/><E49/><V106/><F39/><W82/><G82/><T104/><D38/><U129/><E80/><V131/><F131/><W98/><AGARI ba="2,1" hai="13,19,21,58,62,67,68,70,89,93,98" m="28672" machi="98" ten="60,8000,1" yaku="1,1,0,1,15,1,53,1" doraHai="31,116" doraHaiUra="17,43" who="3" fromWho="3" sc="248,-42,337,-22,155,-22,250,96" />
</Scene>
<Scene>
<INIT seed="5,0,0,1,0,48" ten="206,315,133,346" oya="1" hai0="115,96,135,72,119,35,24,3,59,87,44,110,112" hai1="126,123,54,127,46,102,94,26,20,82,13,69,66" hai2="5,39,107,23,2,113,100,17,1,128,68,29,10" hai3="90,98,25,97,93,121,95,53,109,63,106,101,22"/><U91/><E123/><V19/><F68/><W31/><G109/><T47/><D72/><U80/><E102/><V37/><F37/><W89/><G121/><T0/><D119/><U78/><E13/><N who="2" m="5327" /><F39/><W58/><G106/><T64/><D96/><U11/><E11/><V77/><F77/><W116/><G116/><T50/><D110/><U73/><E82/><V55/><F55/><W33/><G33/><T4/><D4/><U131/><E66/><V60/><F60/><W118/><G118/><T117/><D117/><U81/><E81/><V30/><F100/><AGARI ba="0,0" hai="22,25,31,53,58,63,89,90,93,95,97,98,100,101" machi="100" ten="30,7700,0" yaku="7,1,9,1,8,1,52,1" doraHai="48" who="3" fromWho="2" sc="206,0,315,0,133,-77,346,77" />
</Scene>
<Scene>
<INIT seed="6,0,0,4,2,129" ten="206,315,56,423" oya="2" hai0="9,13,131,128,36,77,75,67,101,86,90,39,1" hai1="54,62,97,108,105,52,72,59,57,8,73,45,34" hai2="18,41,32,95,84,4,19,81,43,110,30,119,118" hai3="112,31,66,74,48,111,115,79,100,26,17,55,76"/><V37/><F110/><W99/><G17/><T44/><D1/><U3/><E34/><V107/><F107/><N who="3" m="63903" /><G66/><T5/><D101/><U14/><E3/><V29/><F4/><W25/><G74/><T116/><D116/><U60/><E108/><V12/><F32/><N who="3" m="20591" /><G26/><T93/><D67/><U87/><E97/><V134/><F134/><W121/><G121/><T117/><D117/><U96/><E96/><V109/><F109/><W85/><G85/><T61/><D61/><U123/><E105/><V23/><F37/><W6/><G6/><T42/><D77/><U49/><E87/><V130/><F130/><N who="0" m="49706" /><D75/><U38/><E38/><AGARI ba="0,0" hai="5,9,13,36,38,39,42,44,86,90,93" m="49706" machi="38" ten="30,1000,0" yaku="19,1" doraHai="129" who="0" fromWho="1" sc="206,10,315,-10,56,0,423,0" />
</Scene>
<Scene>
<INIT seed="7,0,0,0,5,26" ten="216,305,56,423" oya="3" hai0="82,32,85,16,128,18,50,126,47,134,51,15,36" hai1="9,11,107,129,5,116,111,14,44,123,38,24,87" hai2="10,55,39,19,97,106,0,114,83,109,81,80,88" hai3="118,70,8,66,124,98,131,76,79,61,4,35,29"/><W64/><G118/><T2/><D2/><U43/><E107/><V20/><F109/><W7/><G7/><T73/><D73/><U28/><E111/><V63/><F114/><W108/><G108/><T13/><D32/><U34/><E129/><V25/><F106/><W41/><G41/><T71/><D71/><U40/><E40/><V46/><F39/><W112/><G66/><T77/><D126/><U12/><E116/><V86/><F86/><W56/><G56/><T3/><D3/><U127/><E127/><V121/><F0/><N who="3" m="7" /><G124/><T45/><D134/><U57/><E57/><V125/><F121/><W48/><G48/><T67/><D67/><U103/><E103/><V91/><F125/><W52/><G52/><N who="0" m="29775" /><D128/><U117/><E117/><V119/><F119/><W65/><G98/><T130/><D130/><U42/><E42/><V33/><F33/><W69/><G76/><T113/><D113/><U21/><E87/><V6/><F6/><W74/><G61/><T101/><D101/><U27/><E123/><V60/><F60/><W100/><G100/><T89/><D77/><U58/><E58/><V93/><F91/><W92/><G69/><T72/><D72/><U133/><E133/><V94/><F94/><W115/><G92/><T120/><D120/><U1/><E38/><V53/><F46/><W22/><G70/><T54/><D36/><U105/><E105/><V102/><F102/><W23/><G131/><T84/><D85/><U135/><E135/><V68/><REACH who="2" step="1"/><F10/><REACH who="2" ten="216,305,46,423" step="2"/><W30/><G115/><T95/><D89/><U78/><E11/><V110/><F110/><RYUUKYOKU ba="0,1" sc="216,-10,305,-10,46,30,423,-10" hai2="19,20,25,53,55,63,68,80,81,83,88,93,97" owari="206,-19.0,295,10.0,76,-42.0,423,51.0" />
</Scene>
</mjloggm>