<mjloggm ver="2.3"><GO type="169" lobby="0"/><UN n0="%6D%61%63%6A%72" n1="%72%61%67%61%2D%6D" n2="%E2%80%A0%58%54%45%4E%44%E2%80%A0" n3="%E5%A4%AA%E3%81%8F%E3%81%AA%E3%81%84%E3%81%8A" dan="18,16,16,17" rate="2262.91,2103.23,2145.36,2247.30" sx="M,M,F,M"/><TAIKYOKU oya="0"/>

<Scene>
<INIT seed="0,0,0,1,5,76" ten="250,250,250,250" oya="0" hai0="115,23,6,126,72,0,27,127,53,65,93,59,29" hai1="43,99,112,114,25,18,47,57,69,7,55,42,103" hai2="117,111,40,50,122,80,130,118,44,52,19,81,84" hai3="74,1,39,135,104,98,60,97,17,21,83,85,24"/><T63/><D115/><N who="1" m="44075" /><E69/><V22/><F122/><W86/><G1/><T56/><D72/><U77/><E7/><V2/><F2/><W51/><G39/><T45/><D45/><U100/><E77/><N who="2" m="46095" /><F111/><W131/><G135/><T95/><D6/><U54/><E54/><V68/><F68/><W71/><G131/><T28/><D28/><U96/><E25/><N who="2" m="14559" /><F130/><W15/><G74/><T16/><D0/><U12/><E47/><V89/><F89/><N who="3" m="51391" /><G104/><T78/><D78/><U75/><E75/><V87/><F87/><W119/><G71/><T30/><D126/><U91/><E91/><V125/><F125/><W128/><G119/><N who="2" m="45577" /><F81/><W62/><G86/><T66/><D127/><U70/><E70/><V20/><F20/><N who="3" m="11327" /><G128/><T133/><D133/><U5/><E5/><V106/><F106/><W36/><G98/><N who="1" m="37418" /><E42/><AGARI ba="0,0" hai="40,42,44,50,52" m="45577,14559,46095" machi="42" ten="30,3900,0" yaku="12,1,52,1,54,1" doraHai="76" who="2" fromWho="1" sc="250,0,250,-39,250,39,250,0" />
</Scene>
<Scene>
<INIT seed="1,0,0,2,2,65" ten="250,211,289,250" oya="1" hai0="102,116,92,1,106,77,63,37,19,21,107,18,96" hai1="45,12,24,62,3,80,90,119,83,121,73,48,72" hai2="94,122,16,31,57,101,70,2,27,125,50,64,11" hai3="29,113,51,71,104,52,89,54,124,59,35,30,69"/><U128/><E3/><V8/><F122/><W133/><G113/><T39/><D116/><U74/><E119/><V6/><F125/><W9/><G104/><T103/><D1/><U61/><E121/><V78/><F78/><W86/><G124/><T98/><D77/><U60/><E128/><V55/><F101/><W15/><G133/><T47/><D92/><U100/><E100/><V99/><F99/><W40/><G40/><T105/><D105/><U56/><E24/><V109/><F94/><W76/><G76/><T88/><D88/><U95/><E12/><V110/><F31/><W36/><G36/><T32/><D32/><U68/><E56/><V85/><F85/><W117/><G117/><T58/><D47/><U123/><E123/><V5/><F5/><W130/><G130/><T111/><D111/><N who="2" m="42506" /><F64/><W129/><G129/><T46/><D46/><U75/><N who="1" m="18432" /><DORA hai="132" /><U28/><E28/><V79/><F79/><W114/><G30/><T67/><REACH who="0" step="1"/><D18/><REACH who="0" ten="240,211,289,250" step="2"/><U134/><E134/><V7/><F7/><W26/><G114/><T91/><D91/><U135/><E135/><V38/><F38/><W108/><G108/><T120/><D120/><U22/><E90/><V81/><F81/><W25/><G89/><T118/><D118/><U0/><E95/><V44/><F44/><N who="3" m="27751" /><G35/><T126/><D126/><U43/><E0/><V82/><F82/><W49/><G86/><T127/><D127/><U34/><E34/><V97/><F97/><W115/><G115/><T20/><D20/><U13/><E22/><N who="2" m="13767" /><F8/><W53/><G9/><T66/><D66/><N who="1" m="41047" /><E13/><AGARI ba="0,1" hai="13,19,21,37,39,58,63,67,96,98,102,103,106,107" machi="13" ten="30,7700,0" yaku="1,1,7,1,9,1,53,1" doraHai="65,132" doraHaiUra="23,10" who="0" fromWho="1" sc="240,87,211,-77,289,0,250,0" />
</Scene>
<Scene>
<INIT seed="2,0,0,0,4,4" ten="327,134,289,250" oya="2" hai0="72,101,115,125,127,122,40,50,43,64,7,123,126" hai1="49,37,5,100,27,32,58,23,21,119,9,134,18" hai2="42,79,26,131,130,80,6,97,20,66,81,104,114" hai3="15,13,67,41,75,84,117,70,11,46,85,69,113"/><V133/><F114/><W87/><G117/><T106/><D72/><U59/><E37/><V53/><F133/><W62/><G75/><T33/><D33/><U52/><E134/><V24/><F42/><N who="0" m="15914" /><D7/><U88/><E119/><V86/><F66/><W45/><G113/><T36/><D115/><U16/><E100/><N who="2" m="62479" /><F81/><W91/><G69/><T68/><D36/><U2/><E32/><V94/><F94/><W76/><G76/><T19/><D50/><U29/><E88/><V124/><F124/><W8/><G91/><T57/><D68/><U1/><E1/><V31/><F6/><W71/><G71/><T108/><D101/><U10/><E10/><V25/><F53/><W74/><G74/><T120/><D106/><U110/><E110/><V60/><F60/><W82/><G82/><T51/><D19/><U54/><REACH who="1" step="1"/><E23/><REACH who="1" ten="327,124,289,250" step="2"/><V121/><F121/><W128/><G8/><T17/><D108/><U34/><E34/><V116/><F116/><W48/><G11/><T39/><D39/><U93/><E93/><V78/><F79/><W3/><G3/><T132/><D132/><U89/><E89/><V102/><F102/><W35/><G35/><T105/><D105/><U63/><AGARI ba="0,1" hai="2,5,9,16,18,21,27,29,49,52,54,58,59,63" machi="63" ten="20,12000,2" yaku="1,1,0,1,7,1,52,1,54,2,53,0" doraHai="4" doraHaiUra="61" who="1" fromWho="1" sc="327,-30,124,130,289,-60,250,-30" />
</Scene>
<Scene>
<INIT seed="3,0,0,3,5,14" ten="297,254,229,220" oya="3" hai0="40,100,116,123,66,44,101,127,46,96,78,35,88" hai1="57,67,4,11,126,109,0,113,131,98,81,25,3" hai2="82,70,1,54,56,75,99,10,21,53,87,118,26" hai3="102,114,90,68,34,73,2,85,55,37,125,7,36"/><W30/><G114/><T121/><D116/><U93/><E109/><V77/><F118/><W23/><G73/><T134/><D35/><U45/><E126/><V13/><F70/><W105/><G125/><T52/><D127/><U128/><E81/><V17/><F1/><W64/><G55/><T103/><D78/><U115/><E0/><V43/><F43/><W65/><G23/><T62/><D134/><U38/><E38/><V107/><F75/><W49/><G49/><N who="0" m="26759" /><D121/><U94/><E45/><V83/><F83/><W97/><G65/><T69/><D69/><U15/><E25/><V71/><F71/><W129/><G129/><N who="1" m="49738" /><E3/><V119/><F119/><W28/><G28/><T120/><D120/><U130/><E130/><V58/><F99/><W19/><G85/><T91/><D123/><U41/><E41/><V16/><F107/><W104/><G104/><T33/><D33/><U79/><E79/><V32/><F32/><W76/><G76/><T22/><D96/><U84/><E84/><V117/><F117/><W12/><G90/><N who="0" m="34347" /><D66/><U133/><E133/><V47/><F54/><W18/><G64/><T80/><D80/><U24/><E93/><V8/><F8/><N who="3" m="4127" /><G68/><T89/><D22/><U132/><E132/><V135/><F135/><W6/><G37/><T9/><D9/><U72/><E72/><V29/><F29/><W106/><G36/><T59/><D89/><N who="1" m="55631" /><E115/><V74/><F74/><W5/><G106/><T110/><D110/><U86/><E113/><V31/><F31/><W124/><G124/><T122/><D122/><U48/><E86/><V51/><AGARI ba="0,0" hai="10,13,16,17,21,26,47,51,53,56,58,77,82,87" machi="51" ten="30,12000,2" yaku="5,1,0,1,8,1,52,2,54,1" doraHai="14" who="2" fromWho="2" sc="297,-30,254,-30,229,120,220,-60" />
</Scene>
<Scene>
<INIT seed="4,0,0,0,4,57" ten="267,224,349,160" oya="0" hai0="14,42,90,41,44,87,27,3,9,130,38,22,85" hai1="45,111,69,13,2,37,86,73,20,84,49,97,82" hai2="129,51,83,108,133,118,32,4,1,113,80,122,93" hai3="92,112,65,127,134,5,99,47,106,126,101,34,6"/><T24/><D130/><U103/><E2/><V55/><F108/><W18/><G34/><T114/><D114/><U89/><E69/><V128/><F122/><W54/><G112/><T132/><D132/><U36/><E111/><V19/><F32/><W53/><G134/><T0/><D41/><U115/><E84/><V66/><F113/><W70/><G106/><T79/><D79/><U77/><E115/><V61/><F118/><W26/><G26/><T94/><D85/><U121/><E121/><V135/><F19/><W125/><G18/><T131/><D131/><N who="2" m="50250" /><F93/><W59/><G47/><T107/><D107/><U72/><E72/><V78/><F4/><N who="3" m="1643" /><G70/><T105/><D105/><U48/><E48/><V62/><F1/><W81/><G81/><N who="2" m="31305" /><F78/><W120/><G120/><T102/><D24/><U100/><E73/><V10/><F10/><W7/><N who="3" m="1651" /><W96/><DORA hai="21" /><G96/><T17/><REACH who="0" step="1"/><D102/><REACH who="0" ten="257,224,349,160" step="2"/><U98/><E100/><V29/><F135/><W71/><G101/><T75/><D75/><U60/><E103/><V8/><F133/><W110/><G110/><T123/><D123/><U95/><E77/><V50/><F29/><AGARI ba="0,1" hai="0,3,9,14,17,22,27,29,38,42,44,87,90,94" machi="29" ten="30,11600,0" yaku="1,1,7,1,52,1,53,1" doraHai="57,21" doraHaiUra="12,119" who="0" fromWho="2" sc="257,126,224,0,349,-116,160,0" />
</Scene>
<Scene>
<INIT seed="4,1,0,2,1,68" ten="383,224,233,160" oya="0" hai0="113,54,0,118,21,57,40,60,106,105,127,2,94" hai1="101,15,125,53,96,52,88,27,135,92,85,1,56" hai2="66,23,91,38,122,111,82,9,59,102,114,62,109" hai3="95,133,98,64,104,36,81,49,119,84,10,116,6"/><T55/><D118/><U11/><E125/><V25/><F122/><W13/><G133/><T115/><D127/><U24/><E135/><V90/><F38/><W72/><G64/><T134/><D134/><U123/><E1/><N who="0" m="617" /><D40/><U44/><E44/><V71/><F114/><N who="0" m="43530" /><D94/><N who="1" m="58519" /><E123/><V107/><F71/><W7/><G7/><T3/><N who="0" m="625" /><T18/><DORA hai="30" /><D55/><N who="1" m="21067" /><E56/><V87/><F59/><W80/><G49/><T79/><D79/><U12/><E12/><AGARI ba="1,0" hai="12,18,21,54,57,60,105,106" m="43530,625" machi="12" ten="40,2000,0" yaku="15,1" doraHai="68,30" who="0" fromWho="1" sc="383,23,224,-23,233,0,160,0" />
</Scene>
<Scene>
<INIT seed="4,2,0,1,5,64" ten="406,201,233,160" oya="0" hai0="83,131,116,100,133,129,119,32,56,99,57,128,126" hai1="47,40,118,120,3,2,105,130,11,79,14,69,7" hai2="52,36,33,117,135,107,50,75,49,60,18,77,46" hai3="121,5,62,41,85,17,66,34,92,65,10,27,97"/><T112/><D32/><U82/><E105/><V87/><F36/><W124/><G124/><T55/><D126/><U15/><E120/><V113/><F75/><W80/><G121/><T13/><D112/><U102/><E130/><V22/><F33/><W98/><G41/><T91/><D133/><U58/><E118/><N who="0" m="45097" /><D13/><U28/><E102/><V110/><F107/><W20/><G34/><T127/><D127/><U109/><E28/><V24/><F110/><W70/><G66/><T81/><D91/><U53/><E69/><V114/><F135/><W125/><G92/><N who="0" m="58471" /><D57/><U38/><E109/><V115/><F117/><W68/><G125/><T78/><D78/><U39/><E39/><V42/><F60/><AGARI ba="2,0" hai="55,56,60,81,83,128,129,131" m="58471,45097" machi="60" ten="40,2000,0" yaku="19,1" doraHai="64" who="0" fromWho="2" sc="406,26,201,0,233,-26,160,0" />
</Scene>
<Scene>
<INIT seed="4,3,0,4,1,128" ten="432,201,207,160" oya="0" hai0="93,60,81,130,121,101,24,134,55,83,69,74,19" hai1="118,72,77,9,38,99,43,88,100,66,125,34,31" hai2="15,14,27,133,85,20,12,6,13,63,76,57,42" hai3="97,8,56,132,62,109,49,32,116,117,26,112,0"/><T89/><D121/><U96/><E118/><V107/><F107/><W44/><G109/><T80/><D130/><U113/><E125/><V36/><F133/><W108/><G108/><T33/><D134/><U86/><E34/><V48/><F36/><W73/><G73/><T51/><D101/><U54/><E31/><V82/><F6/><W79/><G79/><T7/><D7/><U46/><E113/><V30/><N who="2" m="3072" /><DORA hai="39" /><V45/><F57/><W37/><G132/><T50/><D74/><U104/><E96/><V119/><REACH who="2" step="1"/><F63/><REACH who="2" ten="432,201,197,160" step="2"/><W4/><G37/><T65/><D50/><U135/><E135/><V52/><F52/><W114/><G117/><AGARI ba="3,1" hai="20,27,30,42,45,48,76,82,85,117,119" m="3072" machi="117" ten="50,3200,0" yaku="1,1,52,1,53,0" doraHai="128,39" doraHaiUra="91,29" who="2" fromWho="3" sc="432,0,201,0,197,51,160,-41" />
</Scene>
<Scene>
<INIT seed="5,0,0,2,2,36" ten="432,201,248,119" oya="1" hai0="125,83,70,65,91,14,33,104,39,6,20,5,26" hai1="71,86,58,54,115,99,66,35,67,133,3,60,15" hai2="79,1,114,103,75,8,110,82,53,10,42,34,129" hai3="2,21,77,73,52,19,119,16,116,74,17,105,78"/><U102/><E3/><V4/><F110/><W85/><G2/><T106/><D39/><U45/><E35/><V94/><F34/><W50/><G105/><T61/><D33/><U28/><E133/><V76/><F129/><W43/><G21/><T49/><D125/><U51/><E28/><V46/><F114/><W32/><G32/><T22/><D5/><U81/><E115/><V92/><F79/><N who="3" m="30219" /><G85/><T90/><D49/><U118/><E15/><V88/><F53/><W131/><G131/><T127/><D127/><U98/><E118/><N who="3" m="45098" /><G43/><T123/><D123/><U59/><E102/><V25/><F8/><W107/><G107/><T29/><D20/><U126/><E126/><V95/><F25/><W120/><G120/><T124/><D104/><U130/><E130/><V56/><F103/><W24/><G24/><T117/><D106/><U87/><E87/><V13/><F13/><W40/><G40/><T64/><D117/><U18/><E86/><V48/><REACH who="2" step="1"/><F56/><AGARI ba="0,0" hai="16,17,19,50,52,56,73,74" m="45098,30219" machi="56" ten="30,3900,0" yaku="12,1,54,2" doraHai="36" who="3" fromWho="2" sc="432,0,201,0,248,-39,119,39" />
</Scene>
<Scene>
<INIT seed="6,0,0,4,3,44" ten="432,201,209,158" oya="2" hai0="119,23,6,98,4,49,130,75,116,97,71,3,73" hai1="86,39,36,45,129,38,32,61,123,67,88,12,107" hai2="57,62,102,105,29,84,70,64,112,10,51,83,28" hai3="72,52,63,118,77,92,65,93,20,54,135,122,106"/><V104/><F112/><W47/><G118/><N who="0" m="45099" /><D71/><U94/><E32/><V79/><F10/><W131/><G122/><T43/><D130/><U24/><E107/><V133/><F133/><W66/><G106/><T46/><D23/><U19/><E24/><V5/><F105/><W103/><G131/><T128/><D128/><U42/><E129/><V1/><F1/><W56/><G135/><T80/><D3/><U78/><E78/><V76/><F5/><N who="0" m="2154" /><D80/><U132/><E132/><V121/><F121/><W85/><G72/><AGARI ba="0,0" hai="43,46,49,72,73,75,97,98" m="2154,45099" machi="72" ten="30,2000,0" yaku="12,1,52,1" doraHai="44" who="0" fromWho="3" sc="432,20,201,0,209,0,158,-20" />
</Scene>
<Scene>
<INIT seed="7,0,0,3,3,4" ten="452,201,209,138" oya="3" hai0="45,70,119,79,113,124,126,33,131,101,87,81,84" hai1="99,14,32,120,105,122,16,3,37,41,13,27,93" hai2="19,29,9,42,114,100,7,129,0,77,73,26,39" hai3="127,89,31,74,24,88,95,53,111,102,78,76,83"/><W34/><G127/><N who="0" m="48683" /><D70/><U66/><E105/><V90/><F114/><W121/><G121/><T63/><D33/><U11/><E66/><V1/><F100/><W123/><G123/><T116/><D113/><U28/><E37/><V46/><F19/><W48/><G111/><T103/><D131/><U35/><E35/><N who="2" m="20919" /><F90/><W82/><G102/><N who="0" m="38923" /><D63/><U86/><E41/><V40/><F42/><W68/><G68/><T125/><D125/><U30/><E86/><N who="0" m="32809" /><D45/><U75/><E75/><AGARI ba="0,0" hai="75,79,81,116,119" m="32809,38923,48683" machi="75" ten="30,3900,0" yaku="18,1,34,2" doraHai="4" who="0" fromWho="1" sc="452,39,201,-39,209,0,138,0" owari="491,59.0,162,-24.0,209,1.0,138,-36.0" />
</Scene>
</mjloggm>