<mjloggm ver="2.3"><GO type="169" lobby="0"/><UN n0="%E6%96%87%E5%9B%9B%E9%83%8E" n1="%73%75%6E%63%68%69%6C%64" n2="%E7%A2%BA%E8%AA%8D%E4%BA%8B%E9%A0%85" n3="%E5%A4%AA%E3%81%8F%E3%81%AA%E3%81%84%E3%81%8A" dan="16,16,16,19" rate="2050.80,2104.84,2134.17,2286.19" sx="M,M,M,M"/><TAIKYOKU oya="0"/>

<Scene>
<INIT seed="0,0,0,3,4,95" ten="250,250,250,250" oya="0" hai0="29,5,74,99,12,21,100,68,41,2,70,57,42" hai1="53,16,14,105,0,65,7,51,69,121,102,135,61" hai2="66,117,15,106,23,60,25,55,79,75,93,97,84" hai3="46,131,45,64,96,24,134,109,72,122,89,40,3"/><T67/><D74/><U118/><E118/><V94/><F117/><W129/><G3/><T19/><D29/><U35/><E35/><V92/><F75/><W33/><G72/><T28/><D28/><U114/><E121/><V36/><F36/><W83/><G122/><T103/><D103/><U13/><E114/><V27/><F55/><W112/><G112/><T17/><D57/><U63/><E63/><V44/><F44/><W91/><G64/><T101/><D101/><U78/><E78/><V77/><F15/><W1/><G1/><T125/><D19/><U90/><E135/><V111/><F111/><W115/><G115/><T73/><D73/><U110/><E110/><V56/><F84/><W22/><G33/><T85/><D85/><U54/><E90/><V86/><F86/><W48/><G109/><T116/><D116/><U58/><E53/><V88/><F27/><W104/><G83/><T98/><D100/><U127/><E127/><V30/><F106/><W120/><G120/><T6/><D125/><U32/><E32/><V47/><F47/><W50/><G134/><T130/><D2/><U80/><E80/><V49/><F49/><W128/><G104/><T9/><D70/><U34/><E34/><V52/><F66/><W119/><G119/><T8/><D68/><U71/><E69/><V20/><F20/><W38/><G38/><T18/><D67/><U59/><E71/><V43/><F43/><N who="3" m="24639" /><G96/><T108/><D108/><U39/><E39/><V113/><F113/><W26/><G26/><T82/><D82/><U132/><E132/><V81/><F81/><RYUUKYOKU ba="0,0" sc="250,-15,250,-15,250,15,250,15" hai2="23,25,30,52,56,60,77,79,88,92,93,94,97" hai3="22,24,40,46,50,89,91,128,129,131" />
</Scene>
<Scene>
<INIT seed="1,1,0,2,5,79" ten="235,235,265,265" oya="1" hai0="68,35,102,1,43,58,82,130,57,81,117,92,22" hai1="41,65,56,115,34,36,4,37,76,131,87,69,95" hai2="80,33,23,124,48,113,6,67,66,112,119,55,134" hai3="8,120,46,70,108,83,77,45,29,24,10,75,127"/><U121/><E115/><N who="2" m="44107" /><F33/><W107/><G120/><T98/><D117/><U122/><E69/><V99/><F119/><W49/><G107/><T128/><D35/><U84/><E34/><V31/><F134/><W63/><G108/><T88/><D68/><U9/><E131/><N who="0" m="50217" /><D1/><U2/><E84/><V111/><F111/><W50/><G127/><T54/><D43/><U11/><E11/><V125/><F6/><W59/><G70/><T42/><D42/><U103/><E103/><V105/><F105/><W90/><G90/><T78/><D22/><U64/><E64/><N who="2" m="24619" /><F99/><W110/><G110/><T38/><D38/><U96/><E96/><V86/><F31/><W20/><G59/><N who="0" m="22539" /><D54/><U16/><E37/><V123/><F23/><W60/><G8/><T62/><D62/><U93/><E36/><V21/><F21/><W40/><REACH who="3" step="1"/><G10/><REACH who="3" ten="235,235,265,255" step="2"/><T101/><D78/><U89/><E76/><N who="2" m="46343" /><F123/><W18/><G18/><T26/><D26/><U100/><E16/><V91/><F91/><W109/><G109/><T72/><D72/><U5/><E9/><V74/><F74/><W61/><G61/><T15/><D15/><U73/><E73/><V30/><F30/><W39/><G39/><T132/><D132/><U17/><E5/><V94/><F125/><W13/><G13/><T14/><D14/><U135/><E4/><V19/><F124/><W0/><G0/><T7/><D7/><U129/><E2/><V51/><F19/><W114/><G114/><T32/><D32/><U52/><E121/><V25/><F25/><W133/><G133/><T116/><D116/><U118/><E135/><RYUUKYOKU ba="1,1" sc="235,15,235,-15,265,-15,255,15" hai0="81,82,88,92,98,101,102" hai3="20,24,29,40,45,46,49,50,60,63,75,77,83" />
</Scene>
<Scene>
<INIT seed="2,2,1,3,3,24" ten="250,220,250,270" oya="2" hai0="39,68,96,105,74,60,78,58,13,84,0,117,8" hai1="133,4,104,99,20,83,124,123,111,53,65,86,46" hai2="88,91,103,67,18,72,79,61,97,120,27,43,26" hai3="93,45,66,70,37,54,34,47,100,19,3,48,14"/><V21/><F120/><W12/><G3/><T55/><D74/><U57/><E111/><V108/><F108/><W114/><G34/><T127/><D0/><U22/><E124/><V81/><F27/><W109/><G109/><T31/><D39/><U6/><E133/><V28/><F43/><W135/><G135/><T15/><D68/><U7/><E123/><V76/><F76/><W92/><G114/><T52/><D127/><U129/><E129/><V130/><F18/><W10/><G70/><T87/><D117/><U82/><E65/><V107/><REACH who="2" step="1"/><F130/><REACH who="2" ten="250,220,240,270" step="2"/><W25/><G25/><T35/><D78/><U94/><E6/><V38/><F38/><W98/><G37/><T101/><D55/><U64/><E7/><V73/><F73/><W102/><G66/><T41/><D41/><U23/><E4/><V113/><F113/><W95/><G19/><T112/><D112/><U11/><E64/><V80/><F80/><W128/><G128/><T118/><D118/><U2/><E82/><V40/><F40/><W51/><G54/><T77/><D77/><U106/><E83/><V56/><AGARI ba="2,2" hai="21,26,28,56,61,67,72,79,81,88,91,97,103,107" machi="56" ten="20,12000,1" yaku="1,1,0,1,7,1,52,1,54,1,53,0" doraHai="24" doraHaiUra="116" who="2" fromWho="2" sc="250,-42,220,-42,240,146,270,-42" />
</Scene>
<Scene>
<INIT seed="2,3,0,4,3,132" ten="208,178,386,228" oya="2" hai0="39,129,1,94,90,67,122,118,14,53,15,34,35" hai1="83,41,101,31,37,117,54,17,73,60,33,84,26" hai2="2,120,114,104,49,57,46,3,30,100,127,19,56" hai3="7,28,44,121,113,0,79,25,97,36,23,16,24"/><V42/><F114/><W105/><G121/><T63/><D122/><U123/><E117/><V11/><F120/><W78/><G113/><T21/><D1/><U50/><E123/><V81/><F30/><W110/><G110/><T126/><D39/><U74/><E101/><V13/><F104/><W92/><G105/><T77/><D77/><U10/><E37/><V59/><F100/><W68/><G68/><T65/><D118/><U116/><E41/><V32/><F32/><W112/><G112/><T96/><D129/><U69/><E116/><V91/><F127/><W87/><G0/><T4/><D126/><U8/><E60/><V119/><F119/><W12/><G7/><T18/><D35/><U82/><E69/><V106/><F106/><W58/><G36/><T109/><D34/><U20/><E82/><V51/><F51/><W107/><G44/><T115/><D115/><U85/><E85/><V125/><F125/><W48/><G107/><T52/><D109/><U9/><E33/><V76/><REACH who="2" step="1"/><F91/><REACH who="2" ten="208,178,376,228" step="2"/><W99/><G28/><T66/><D63/><U72/><E31/><V95/><F95/><W6/><G92/><T43/><REACH who="0" step="1"/><D43/><REACH who="0" ten="198,178,376,228" step="2"/><U131/><E131/><V75/><AGARI ba="3,2" hai="2,3,11,13,19,42,46,49,56,57,59,75,76,81" machi="75" ten="30,3000,0" yaku="1,1,0,1,53,0" doraHai="132" doraHaiUra="70" who="2" fromWho="2" sc="198,-13,178,-13,376,59,228,-13" />
</Scene>
<Scene>
<INIT seed="2,4,0,4,2,104" ten="185,165,435,215" oya="2" hai0="71,30,58,102,51,98,87,33,22,95,0,111,19" hai1="119,124,131,121,91,89,120,133,68,107,14,112,18" hai2="57,128,129,123,72,47,16,6,94,34,59,132,106" hai3="23,48,4,54,20,130,7,1,24,81,75,85,93"/><V64/><F106/><W79/><G130/><N who="2" m="50281" /><F34/><W36/><G36/><T122/><D122/><N who="1" m="47211" /><E131/><V69/><F6/><W2/><G4/><T21/><D71/><U53/><E119/><V56/><F123/><W60/><G60/><T99/><D0/><U101/><E68/><V117/><F117/><W29/><G20/><T66/><D111/><U11/><E112/><V38/><F132/><W84/><G93/><T26/><D33/><U45/><E124/><V80/><F94/><W46/><REACH who="3" step="1"/><G1/><REACH who="3" ten="185,165,435,205" step="2"/><T62/><D51/><N who="1" m="28911" /><E133/><V55/><F38/><W37/><G37/><T15/><D98/><AGARI ba="4,1" hai="11,14,18,89,91,98,101,107" m="28911,47211" machi="98" ten="30,1000,0" yaku="13,1" doraHai="104" who="1" fromWho="0" sc="185,-22,165,32,435,0,205,0" />
</Scene>
<Scene>
<INIT seed="3,0,0,3,5,17" ten="163,197,435,205" oya="3" hai0="99,61,134,12,46,126,102,130,8,74,128,100,40" hai1="6,3,114,118,34,4,76,80,71,38,30,21,59" hai2="123,104,48,23,37,25,2,105,39,31,109,115,78" hai3="81,10,125,69,133,112,65,28,121,108,75,63,117"/><W58/><G112/><T132/><D74/><U70/><E38/><V54/><F2/><W129/><G117/><T42/><D61/><U94/><E114/><V47/><F115/><W45/><G121/><T0/><D0/><U56/><E34/><V29/><F78/><W111/><G125/><T33/><D33/><U85/><E118/><V110/><F31/><W16/><G28/><T95/><D102/><U77/><E3/><V9/><F9/><W131/><G133/><N who="0" m="51307" /><D126/><U1/><E1/><V96/><F123/><W83/><G69/><T89/><D100/><U57/><E94/><V50/><F96/><W24/><G45/><T44/><D46/><U113/><E77/><V11/><F11/><W64/><G64/><T82/><D82/><N who="3" m="31241" /><G75/><T26/><D26/><U20/><E70/><V127/><F127/><W55/><G65/><T62/><D62/><U92/><E71/><V60/><F60/><W84/><G84/><T19/><D42/><U119/><E119/><V15/><F50/><AGARI ba="0,0" hai="8,12,19,40,44,50,89,95,99,128,130" m="51307" machi="50" ten="30,1000,0" yaku="20,1" doraHai="17" who="0" fromWho="2" sc="163,10,197,0,435,-10,205,0" />
</Scene>
<Scene>
<INIT seed="4,0,0,2,3,33" ten="173,197,425,205" oya="0" hai0="128,25,34,131,65,28,7,84,132,91,124,56,98" hai1="4,87,107,27,22,74,135,20,96,104,102,123,118" hai2="127,43,121,75,59,10,12,68,30,113,106,85,122" hai3="80,134,64,42,94,17,51,55,49,26,24,77,52"/><T6/><D98/><U129/><E118/><V111/><F59/><W109/><G109/><T120/><D120/><U11/><E74/><V78/><F85/><N who="3" m="48271" /><G134/><T58/><D132/><U92/><E123/><V32/><F12/><W110/><G110/><T48/><D124/><U130/><E135/><V13/><F10/><W93/><G64/><T9/><D7/><U46/><E46/><V37/><F43/><W81/><G42/><T86/><D84/><U41/><E41/><V76/><F76/><W18/><G81/><T97/><D97/><U54/><E54/><N who="3" m="20522" /><G26/><T108/><D108/><U112/><E27/><V16/><F106/><W69/><G69/><T57/><D48/><N who="3" m="18505" /><G24/><T2/><REACH who="0" step="1"/><D65/><REACH who="0" ten="163,197,425,205" step="2"/><U45/><E96/><V101/><F111/><W105/><G105/><T126/><D126/><U125/><E104/><V71/><F127/><W79/><G79/><T44/><D44/><U83/><E45/><V90/><F122/><W50/><G50/><T100/><D100/><U23/><E102/><V66/><F101/><W73/><G73/><T61/><D61/><U15/><E107/><V60/><F121/><W35/><G35/><T31/><D31/><U103/><E125/><V82/><F30/><W5/><G5/><T114/><D114/><U38/><E112/><V88/><F113/><W29/><G29/><T70/><D70/><U39/><E38/><V119/><F37/><W62/><G62/><T3/><D3/><U0/><E0/><V36/><F36/><W115/><G115/><T40/><D40/><U47/><E39/><V117/><F71/><W95/><AGARI ba="0,1" hai="17,18,93,94,95" m="18505,20522,48271" machi="95" ten="30,4000,0" yaku="5,1,8,1,54,1" doraHai="33" who="3" fromWho="3" sc="163,-20,197,-10,425,-10,205,50" />
</Scene>
<Scene>
<INIT seed="5,0,0,5,4,93" ten="143,187,415,255" oya="1" hai0="85,30,46,48,56,97,123,7,40,60,51,22,69" hai1="21,73,65,102,133,14,33,117,82,66,3,53,47" hai2="79,126,83,84,88,68,128,112,96,34,76,116,13" hai3="108,124,104,107,2,25,58,45,81,101,29,8,105"/><U95/><E117/><V91/><F34/><W1/><G108/><T52/><D123/><U4/><E33/><V72/><F68/><W114/><G114/><T31/><D7/><U37/><E133/><V119/><F13/><W59/><G124/><T61/><D85/><U87/><E73/><V28/><F28/><W19/><G101/><T55/><D69/><U106/><E106/><V130/><F126/><W74/><G45/><T78/><D78/><N who="2" m="29738" /><F72/><W121/><G81/><T86/><D86/><U26/><E3/><V12/><F12/><W49/><G74/><T118/><D118/><N who="2" m="45098" /><F112/><W115/><G115/><T39/><D31/><U111/><E14/><V80/><F80/><W42/><G29/><T89/><D22/><U113/><E21/><V131/><F131/><W6/><G2/><T15/><D15/><U62/><E82/><V100/><F91/><W120/><G25/><T135/><D30/><U63/><E26/><V90/><F90/><W32/><G32/><T23/><D23/><U10/><E113/><V77/><F77/><W67/><G19/><T50/><D135/><U129/><E129/><V5/><F5/><W16/><G16/><T44/><D39/><U127/><E37/><V70/><F70/><W125/><G125/><T9/><D9/><U43/><E10/><V71/><F71/><W110/><G8/><T20/><D20/><U18/><E4/><V109/><F109/><W103/><G110/><T64/><D64/><U36/><E111/><V54/><F54/><W38/><G67/><N who="1" m="25610" /><E127/><V75/><F75/><W92/><G6/><T27/><D27/><RYUUKYOKU ba="0,0" sc="143,15,187,-15,415,15,255,-15" hai0="40,44,46,48,50,51,52,55,56,60,61,89,97" hai2="83,84,88,96,100,128,130" />
</Scene>
<Scene>
<INIT seed="6,1,0,4,5,79" ten="158,172,430,240" oya="2" hai0="36,121,135,35,65,3,20,37,84,57,13,27,1" hai1="111,74,134,34,68,127,75,44,55,106,103,97,82" hai2="96,108,2,33,125,48,81,42,58,122,118,45,7" hai3="114,92,6,16,56,53,61,47,26,59,5,94,109"/><V21/><F33/><W67/><G109/><T32/><D121/><U24/><E111/><V116/><F108/><W104/><G104/><T0/><D135/><U72/><E127/><V10/><F122/><W71/><G114/><T73/><D73/><U4/><E134/><V69/><F69/><W18/><G47/><T62/><D13/><U40/><E55/><V9/><F125/><W80/><G71/><T119/><D119/><U95/><E95/><N who="3" m="36394" /><G80/><T126/><D126/><U131/><E131/><V23/><F96/><W107/><G107/><T52/><D84/><U31/><E4/><N who="3" m="1642" /><G26/><T91/><D91/><U12/><E12/><V19/><F45/><W60/><AGARI ba="1,0" hai="16,18,53,56,59,60,61,67" m="1642,36394" machi="60" ten="30,2000,0" yaku="8,1,54,1" doraHai="79" who="3" fromWho="3" sc="158,-6,172,-6,430,-11,240,23" />
</Scene>
<Scene>
<INIT seed="7,0,0,0,5,38" ten="152,166,419,263" oya="3" hai0="55,97,54,51,129,25,56,98,68,48,9,27,57" hai1="17,52,16,61,79,46,127,119,22,44,77,76,111" hai2="31,41,114,104,4,82,75,64,29,99,106,45,40" hai3="94,70,102,78,21,86,95,112,87,110,42,91,53"/><W33/><G33/><T132/><D68/><U67/><E111/><V2/><F64/><W12/><G70/><T60/><D129/><U133/><E127/><V26/><F41/><W125/><G125/><T49/><D132/><U14/><E133/><V85/><F75/><W121/><G121/><T80/><D80/><U1/><E1/><V30/><F26/><N who="0" m="9738" /><D9/><N who="1" m="6223" /><E119/><V108/><F108/><W81/><G110/><T35/><D35/><U83/><E67/><V124/><F114/><W131/><G112/><T122/><D122/><U130/><E130/><V62/><F62/><W23/><G131/><T134/><D134/><U74/><E74/><V115/><F115/><W117/><G117/><T96/><AGARI ba="0,0" hai="48,49,51,54,55,56,57,60,96,97,98" m="9738" machi="96" ten="30,1100,0" yaku="8,1" doraHai="38" who="0" fromWho="0" sc="152,11,166,-3,419,-3,263,-5" owari="163,-24.0,163,-34.0,416,52.0,258,6.0" />
</Scene>
</mjloggm>