<mjloggm ver="2.3"><GO type="169" lobby="0"/><UN n0="%E3%82%B8%E3%83%A3%E3%83%93%E3%83%BC%EF%BC%A0" n1="%E7%A7%91%E5%AD%A6%E9%BA%BB%E9%9B%80" n2="%EF%BC%84%E3%83%8A%E3%83%8A%E3%82%B7%E3%83%BC%EF%BF%A5" n3="%E5%A4%AA%E3%81%8F%E3%81%AA%E3%81%84%E3%81%8A" dan="16,16,16,18" rate="2050.36,2068.85,2104.73,2316.98" sx="M,M,M,M"/><TAIKYOKU oya="0"/>

<Scene>
<INIT seed="0,0,0,0,2,118" ten="250,250,250,250" oya="0" hai0="27,28,15,63,68,71,37,109,67,0,127,9,69" hai1="56,32,33,106,90,19,36,126,22,128,101,119,10" hai2="47,108,125,81,24,17,135,45,54,111,44,73,61" hai3="49,55,99,124,129,96,26,93,76,116,117,87,133"/><T82/><D127/><U114/><E119/><V123/><F125/><W85/><G124/><T8/><D109/><N who="2" m="42058" /><F135/><W11/><G133/><T97/><D37/><U75/><E75/><V12/><F24/><W34/><G129/><T53/><D53/><U4/><E36/><V3/><F3/><W95/><G11/><T64/><D82/><U134/><E128/><V23/><F61/><W94/><G34/><T16/><D97/><U84/><E114/><V72/><F54/><W78/><G26/><T98/><D98/><N who="3" m="37417" /><G117/><T40/><D40/><U62/><E101/><V18/><F18/><W107/><G116/><T83/><D83/><U105/><E134/><V88/><F123/><W70/><G70/><T38/><D38/><U100/><E33/><V5/><F5/><W29/><G29/><T42/><D42/><U104/><E32/><V14/><F14/><W30/><G30/><T113/><D113/><U122/><E100/><V110/><N who="2" m="42066" /><V131/><DORA hai="43" /><F131/><W60/><G60/><T130/><D130/><U77/><E122/><V35/><F35/><W112/><G107/><T41/><D41/><U21/><E126/><V86/><AGARI ba="0,0" hai="12,17,23,44,45,47,72,73,81,86,88" m="42066" machi="86" ten="50,8000,1" yaku="14,1,52,3,54,1" doraHai="118,43" who="2" fromWho="2" sc="250,-40,250,-20,250,80,250,-20" />
</Scene>
<Scene>
<INIT seed="1,0,0,1,2,56" ten="210,230,330,230" oya="1" hai0="77,21,18,5,126,48,80,91,8,116,106,124,113" hai1="17,94,125,52,102,36,51,66,98,34,33,87,20" hai2="43,38,78,11,84,64,32,105,130,71,13,58,118" hai3="135,60,90,81,111,44,15,10,108,104,53,12,31"/><U122/><E36/><V57/><F118/><W70/><G104/><T3/><D116/><U89/><E125/><V85/><F105/><W97/><G135/><T132/><D132/><U35/><E66/><V69/><F32/><W109/><G31/><T119/><D119/><U117/><E122/><V79/><F43/><W14/><G44/><T54/><D113/><U68/><E68/><V131/><F38/><W82/><G10/><T134/><D106/><U96/><E117/><V55/><F64/><N who="3" m="41223" /><G53/><T67/><D91/><U50/><E50/><V46/><F46/><W37/><G37/><T41/><D41/><U0/><E0/><V1/><F13/><W121/><G121/><T101/><D101/><U30/><E30/><V25/><F11/><W103/><G103/><T42/><D42/><U112/><E112/><V29/><F29/><W26/><G26/><T95/><D95/><AGARI ba="0,0" hai="12,14,15,81,82,90,95,97,108,109,111" m="41223" machi="95" ten="40,2600,0" yaku="14,1,52,1" doraHai="56" who="3" fromWho="0" sc="210,-26,230,0,330,0,230,26" />
</Scene>
<Scene>
<INIT seed="2,0,0,2,0,73" ten="184,230,330,256" oya="2" hai0="95,74,93,43,4,31,75,58,119,36,62,38,123" hai1="16,77,0,52,37,126,30,11,133,102,54,34,92" hai2="18,82,65,46,56,79,110,88,112,121,71,48,51" hai3="50,84,131,78,60,63,69,44,100,132,32,22,28"/><V8/><F121/><W130/><G32/><T9/><D123/><U15/><E37/><V116/><F116/><W55/><G132/><T24/><D119/><U111/><E111/><V67/><F112/><W85/><G100/><T27/><D43/><U42/><E42/><V3/><F71/><W106/><G106/><T17/><D58/><U59/><E0/><V96/><F110/><W41/><G69/><T49/><D49/><U103/><E126/><V10/><F3/><W81/><G84/><T13/><D62/><U124/><E77/><V80/><F56/><W101/><G101/><T6/><D13/><U114/><E114/><V21/><F10/><W45/><G28/><T76/><D9/><U72/><E72/><V35/><F8/><W117/><G22/><T7/><D7/><U68/><E68/><V115/><F35/><W2/><G2/><T134/><D31/><U107/><E124/><V90/><F82/><W91/><G91/><N who="2" m="34857" /><F96/><W87/><G87/><T33/><D33/><U12/><E34/><V108/><F115/><W64/><G117/><T83/><D83/><U128/><E30/><V26/><F108/><W61/><REACH who="3" step="1"/><G64/><REACH who="3" ten="184,230,330,246" step="2"/><T19/><D134/><U104/><E107/><V66/><F67/><W14/><G14/><T29/><D29/><U129/><E15/><V113/><F113/><W109/><G109/><T20/><D20/><U125/><E104/><V97/><F66/><W47/><G47/><T53/><D53/><U99/><E103/><V122/><F65/><W23/><G23/><T94/><D94/><U89/><E125/><V57/><F46/><RYUUKYOKU ba="0,1" sc="184,15,230,-15,330,-15,246,15" hai0="4,6,17,19,24,27,36,38,74,75,76,93,95" hai3="41,44,45,50,55,60,61,63,78,81,85,130,131" />
</Scene>
<Scene>
<INIT seed="3,1,1,1,4,133" ten="199,215,315,261" oya="3" hai0="23,93,109,3,54,14,85,42,20,112,22,84,28" hai1="81,99,2,4,1,37,66,114,125,83,134,118,100" hai2="104,102,47,89,92,15,70,107,33,121,46,130,17" hai3="5,97,87,41,68,95,101,131,65,55,74,117,79"/><W36/><G117/><T58/><D3/><U48/><E114/><V18/><F33/><W34/><G34/><T13/><D109/><U6/><E37/><V124/><F70/><W78/><G74/><T80/><D112/><U52/><E66/><V16/><F130/><W67/><G131/><T72/><D42/><U38/><E38/><V90/><F15/><W123/><G123/><T24/><D72/><U56/><E134/><V43/><F121/><W35/><G35/><T103/><D103/><U39/><E125/><V69/><F69/><W9/><G55/><T94/><D94/><U11/><E39/><V96/><F124/><W127/><G127/><T77/><D93/><U91/><E91/><V57/><F57/><W119/><G119/><T29/><D84/><U82/><E118/><V26/><F26/><W116/><G116/><T105/><D105/><U98/><E100/><V71/><F71/><W122/><G122/><T59/><D58/><U132/><E132/><V62/><F62/><W61/><G65/><T0/><D0/><U113/><E113/><V10/><F10/><AGARI ba="1,1" hai="1,2,4,6,10,11,48,52,56,81,82,83,98,99" machi="10" ten="40,2600,0" yaku="9,1,54,1" doraHai="133" who="1" fromWho="2" sc="199,0,215,39,315,-29,261,0" />
</Scene>
<Scene>
<INIT seed="4,0,0,0,1,109" ten="199,254,286,261" oya="0" hai0="73,22,47,81,49,88,119,105,62,4,17,61,127" hai1="60,38,32,2,114,86,118,93,16,95,15,56,57" hai2="85,97,67,101,3,26,74,58,129,41,40,103,133" hai3="20,72,100,124,9,5,55,71,64,77,104,80,130"/><T1/><D119/><U122/><E32/><V11/><F74/><W43/><G55/><T59/><D127/><U75/><E75/><V96/><F133/><W110/><G20/><T44/><D105/><U31/><E31/><V6/><F129/><W121/><G110/><T82/><D1/><U87/><E122/><V78/><F26/><W7/><G7/><T128/><D128/><U117/><E38/><V8/><F8/><W63/><G130/><T116/><D116/><U79/><E2/><V131/><F131/><W83/><G83/><T92/><D4/><U65/><E114/><V19/><F19/><W98/><G43/><N who="0" m="24735" /><D47/><U94/><E56/><V18/><F18/><W107/><G124/><T24/><D73/><U106/><E106/><V35/><F35/><W13/><REACH who="3" step="1"/><G107/><REACH who="3" ten="199,254,286,251" step="2"/><T50/><D61/><U37/><E37/><V45/><F6/><W36/><G36/><T33/><D33/><U46/><E118/><V90/><F41/><W25/><G25/><T111/><D111/><U120/><E117/><V125/><F40/><W14/><G14/><T135/><D135/><U30/><E120/><AGARI ba="0,1" hai="5,9,13,63,64,71,72,77,80,98,100,104,120,121" machi="120" ten="40,1300,0" yaku="1,1,53,0" doraHai="109" doraHaiUra="123" who="3" fromWho="1" sc="199,0,254,-13,286,0,251,23" />
</Scene>
<Scene>
<INIT seed="5,0,0,4,2,121" ten="199,241,286,274" oya="1" hai0="116,132,56,114,67,62,57,29,93,11,86,81,135" hai1="107,83,60,131,18,91,53,16,33,78,92,113,105" hai2="50,124,88,120,39,36,89,104,26,47,110,97,82" hai3="32,69,2,122,15,12,13,128,85,27,31,80,75"/><U7/><E33/><V19/><F120/><W49/><G122/><T3/><D116/><U0/><E131/><V87/><F110/><W84/><G2/><T130/><D114/><U90/><E113/><V45/><F124/><W1/><G1/><T59/><D130/><U58/><E7/><V24/><F47/><W103/><G128/><T21/><D93/><U115/><E0/><V79/><F39/><W46/><G69/><T129/><D129/><U127/><E127/><V63/><F36/><W72/><G103/><T119/><D119/><U55/><E55/><N who="2" m="30159" /><F104/><W111/><G111/><T43/><D43/><U9/><E115/><V23/><F63/><W10/><G85/><T94/><D94/><U30/><E30/><N who="2" m="17695" /><F97/><W28/><G28/><T70/><D29/><U6/><E105/><V134/><F134/><W5/><G75/><T99/><D99/><U123/><E123/><V14/><F26/><W61/><G61/><T48/><D48/><U98/><E90/><V106/><F106/><W34/><G72/><T100/><D100/><U17/><E107/><V52/><F52/><W108/><G108/><T35/><D35/><U8/><REACH who="1" step="1"/><E6/><REACH who="1" ten="199,231,286,274" step="2"/><V25/><F89/><W112/><G112/><T133/><D3/><U95/><E95/><V96/><F88/><W101/><G34/><T40/><D132/><U51/><E51/><V125/><F125/><W102/><G102/><T74/><D135/><U65/><E65/><V73/><F79/><N who="3" m="46111" /><G101/><T38/><D133/><U22/><E22/><V117/><F117/><W76/><G76/><T118/><D118/><U37/><E37/><RYUUKYOKU ba="0,1" sc="199,-15,231,15,286,-15,274,15" hai1="8,9,16,17,18,53,58,60,78,83,91,92,98" hai3="5,10,12,13,15,27,31,32,46,49" />
</Scene>
<Scene>
<INIT seed="5,1,1,2,3,18" ten="184,246,271,289" oya="1" hai0="21,55,12,5,57,86,109,97,72,120,30,32,102" hai1="105,26,111,118,68,132,28,13,92,17,33,45,73" hai2="50,67,131,62,31,56,130,85,70,52,127,113,58" hai3="115,1,69,81,15,78,71,82,112,89,39,2,54"/><U3/><E118/><V34/><F127/><W124/><G39/><T29/><D109/><U74/><E105/><V66/><F113/><N who="3" m="43595" /><G124/><T65/><D120/><U14/><E68/><N who="3" m="26186" /><G54/><T79/><D72/><U6/><E132/><V103/><F103/><W11/><G89/><T53/><D32/><U48/><E111/><V27/><F85/><N who="3" m="48311" /><G82/><T104/><D79/><U134/><E134/><V122/><REACH who="2" step="1"/><F122/><REACH who="2" ten="184,246,261,289" step="2"/><W20/><G20/><T46/><D21/><U101/><E73/><V93/><F93/><W60/><G60/><AGARI ba="1,2" hai="27,31,34,50,52,56,58,60,62,66,67,70,130,131" machi="60" ten="40,2600,0" yaku="1,1,54,1,53,0" doraHai="18" doraHaiUra="75" who="2" fromWho="3" sc="184,0,246,0,261,49,289,-29" />
</Scene>
<Scene>
<INIT seed="6,0,0,1,0,26" ten="184,246,310,260" oya="2" hai0="96,51,92,95,61,9,119,60,118,46,30,130,33" hai1="122,16,1,133,24,121,55,15,70,44,5,28,88" hai2="86,120,87,97,49,12,29,58,0,67,31,63,66" hai3="113,108,47,100,38,42,3,105,106,114,127,132,37"/><V124/><F0/><W83/><G108/><T89/><D130/><U103/><E70/><V7/><F120/><N who="1" m="46185" /><E103/><V129/><F129/><W23/><G3/><T78/><D78/><U22/><E133/><V68/><F124/><W99/><G132/><T52/><D9/><N who="1" m="2223" /><E88/><V64/><F49/><N who="3" m="26871" /><G106/><T59/><D95/><U135/><E135/><V14/><F97/><W112/><G127/><T131/><D131/><U98/><E98/><V80/><F68/><W77/><G23/><T69/><D69/><U57/><E44/><V126/><F126/><W50/><G50/><T43/><REACH who="0" step="1"/><D61/><REACH who="0" ten="174,246,310,260" step="2"/><N who="1" m="36031" /><E15/><V13/><F7/><W18/><G77/><T6/><D6/><U109/><E109/><V65/><F87/><W75/><G83/><T19/><D19/><AGARI ba="0,1" hai="16,19,22,24,28" m="36031,2223,46185" machi="19" ten="30,3900,0" yaku="13,1,52,1,54,1" doraHai="26" who="1" fromWho="0" sc="174,-39,246,49,310,0,260,0" />
</Scene>
<Scene>
<INIT seed="7,0,0,4,3,22" ten="135,295,310,260" oya="3" hai0="67,10,74,121,24,112,64,45,55,59,101,118,18" hai1="39,75,107,7,117,56,42,2,99,104,66,135,102" hai2="86,122,52,95,126,89,47,123,11,17,0,92,103" hai3="128,51,113,5,13,4,85,129,38,115,43,87,63"/><W76/><G38/><T23/><D121/><N who="2" m="46090" /><F126/><W82/><G63/><T116/><D74/><U120/><E120/><V96/><F17/><W70/><G70/><T46/><D101/><U133/><E75/><V93/><F93/><W77/><G51/><T16/><D112/><N who="3" m="43081" /><G43/><T130/><D130/><N who="3" m="50281" /><G13/><T58/><D23/><U88/><E107/><V134/><F134/><W131/><G131/><T90/><D10/><U69/><E117/><V8/><F0/><W109/><G109/><T81/><D81/><AGARI ba="0,0" hai="4,5,76,77,81,82,85,87" m="50281,43081" machi="81" ten="30,2900,0" yaku="15,1,19,1" doraHai="22" who="3" fromWho="0" sc="135,-29,295,0,310,0,260,29" />
</Scene>
<Scene>
<INIT seed="7,1,0,0,3,98" ten="106,295,310,289" oya="3" hai0="66,94,40,35,72,135,79,117,111,90,25,82,36" hai1="32,0,13,39,92,93,103,118,7,91,1,2,54" hai2="124,101,123,56,44,65,70,31,57,12,99,105,68" hai3="119,19,121,34,87,84,107,120,6,78,37,114,109"/><W83/><G37/><T115/><D66/><U28/><E39/><V130/><F124/><W112/><G34/><T52/><D40/><U8/><E118/><V5/><F130/><W67/><G119/><T134/><D25/><U73/><E73/><V3/><F3/><W48/><G6/><T69/><D52/><U60/><E103/><V38/><F123/><N who="3" m="47179" /><G67/><T116/><D90/><U74/><E74/><V20/><F5/><W24/><G48/><T16/><D16/><U26/><REACH who="1" step="1"/><E91/><REACH who="1" ten="106,285,310,289" step="2"/><V125/><F38/><W45/><G45/><T46/><D116/><U4/><E4/><V49/><F44/><W11/><G107/><T62/><D46/><U10/><E10/><V97/><F125/><W22/><G11/><T132/><D132/><U18/><E18/><V102/><F105/><W128/><G128/><T89/><D89/><U77/><E77/><V63/><F102/><W30/><G19/><T55/><D79/><U41/><E41/><V61/><F101/><W104/><G104/><T86/><D135/><U100/><E100/><V88/><F99/><W71/><G109/><T64/><D134/><U9/><E9/><V59/><F97/><W108/><G108/><T15/><D117/><U50/><E50/><V96/><F49/><W133/><G133/><T127/><D111/><U27/><E27/><V131/><F131/><W14/><G87/><T110/><D110/><U51/><E51/><V95/><F31/><W17/><G71/><N who="2" m="27177" /><F63/><W53/><G53/><T21/><D36/><U23/><E23/><V106/><F106/><W58/><G58/><AGARI ba="1,1" hai="0,1,2,7,8,13,26,28,32,54,58,60,92,93" machi="58" ten="40,8000,1" yaku="1,1,53,3" doraHai="98" doraHaiUra="33" who="1" fromWho="3" sc="106,0,285,93,310,0,289,-83" owari="106,-39.0,378,47.0,310,11.0,206,-19.0" />
</Scene>
</mjloggm>