<mjloggm ver="2.3"><GO type="169" lobby="0"/><UN n0="%E3%83%95%E3%83%AA%E3%83%86%E3%83%B3" n1="%E5%A4%AA%E3%81%8F%E3%81%AA%E3%81%84%E3%81%8A" n2="%E9%A7%84%E5%A6%B9" n3="%E7%A2%BA%E8%AA%8D%E4%BA%8B%E9%A0%85" dan="17,19,16,17" rate="2198.10,2331.70,2065.68,2120.74" sx="M,F,F,M"/><TAIKYOKU oya="0"/>

<Scene>
<INIT seed="0,0,0,5,2,71" ten="250,250,250,250" oya="0" hai0="8,110,46,21,27,0,128,93,45,11,92,125,76" hai1="127,75,98,32,69,10,40,52,109,99,81,103,114" hai2="135,67,78,38,66,18,94,117,22,104,63,61,72" hai3="91,60,126,13,41,26,115,58,107,65,47,51,83"/><T77/><D128/><U39/><E69/><V35/><F104/><W70/><G115/><T1/><D125/><U87/><E32/><V12/><F35/><W14/><G107/><T88/><D110/><U123/><E123/><V106/><F106/><W122/><G126/><T132/><D132/><U82/><E127/><V48/><F135/><W120/><G26/><T90/><D21/><U56/><E109/><V59/><F72/><W73/><G91/><T133/><D133/><U25/><E114/><V89/><F78/><W100/><G100/><T130/><D130/><U134/><E134/><V2/><F2/><W119/><G119/><T34/><D34/><U131/><E25/><AGARI ba="0,0" hai="0,1,8,11,25,27,45,46,76,77,88,90,92,93" machi="25" ten="25,4800,0" yaku="22,2,54,1" doraHai="71" who="0" fromWho="1" sc="250,48,250,-48,250,0,250,0" />
</Scene>
<Scene>
<INIT seed="0,1,0,3,5,29" ten="298,202,250,250" oya="0" hai0="135,134,13,108,57,105,75,12,58,60,18,59,126" hai1="106,8,20,7,30,9,79,50,52,117,37,121,70" hai2="87,104,90,39,77,85,4,10,91,1,55,127,81" hai3="72,88,25,92,111,62,0,69,61,33,65,48,19"/><T80/><D105/><U24/><E117/><V67/><F39/><W66/><G111/><T103/><D103/><U64/><E121/><V22/><F104/><W54/><G72/><T34/><D126/><U130/><E106/><V100/><F100/><W78/><G0/><T93/><D93/><U120/><E120/><V128/><F128/><W73/><G73/><T122/><D122/><U35/><E37/><V116/><F67/><W86/><G78/><T98/><D98/><U83/><E130/><V23/><F127/><W6/><G6/><T15/><D108/><U16/><E64/><V28/><F28/><W99/><G86/><T132/><D34/><U89/><E89/><V5/><F5/><W11/><G11/><T96/><D96/><U17/><E70/><V133/><F133/><W119/><G119/><T94/><D94/><U125/><E125/><V118/><F77/><W40/><G40/><T53/><D18/><U27/><E17/><V56/><F118/><W63/><G69/><T115/><D115/><U38/><E38/><V76/><F76/><AGARI ba="1,0" hai="12,13,15,53,57,58,59,60,75,76,80,132,134,135" machi="76" ten="50,2400,0" yaku="20,1" doraHai="29" who="0" fromWho="2" sc="298,27,202,0,250,-27,250,0" />
</Scene>
<Scene>
<INIT seed="0,2,0,5,2,92" ten="325,202,223,250" oya="0" hai0="125,24,98,102,83,97,65,129,99,94,30,84,8" hai1="110,12,123,108,58,44,55,103,121,109,57,132,6" hai2="38,61,19,96,33,120,0,88,87,37,63,71,91" hai3="119,126,54,112,86,100,80,89,107,131,115,62,114"/><T39/><D39/><U59/><E103/><V106/><F120/><N who="1" m="46153" /><E12/><V95/><F0/><W22/><G22/><N who="0" m="15639" /><D129/><U133/><E6/><V45/><F33/><W70/><G54/><T36/><D36/><U26/><E26/><V127/><F127/><W69/><G62/><T64/><D125/><U77/><E77/><V105/><F37/><W116/><G126/><T13/><D102/><U66/><E66/><N who="0" m="25705" /><D94/><U4/><E4/><V16/><F71/><W53/><G131/><T68/><D68/><U34/><E34/><V72/><F72/><W46/><G69/><T47/><D47/><U5/><E5/><V3/><F3/><W73/><G70/><T78/><D13/><U135/><E44/><V49/><F38/><W101/><G73/><T48/><D48/><AGARI ba="2,0" hai="48,55,57,58,59,108,109,110,132,133,135" m="46153" machi="48" ten="40,8000,1" yaku="14,1,20,1,34,2" doraHai="92" who="1" fromWho="0" sc="325,-86,202,86,223,0,250,0" />
</Scene>
<Scene>
<INIT seed="1,0,0,2,0,125" ten="239,288,223,250" oya="1" hai0="102,126,134,76,13,47,115,42,106,103,71,129,104" hai1="114,37,90,48,18,133,55,16,64,117,113,94,96" hai2="110,12,75,21,49,119,84,61,6,43,109,62,121" hai3="27,30,124,45,79,44,87,50,112,107,72,130,4"/><U46/><E117/><V11/><F75/><W22/><G112/><T35/><D115/><U118/><E118/><V57/><F119/><W99/><G124/><T39/><D126/><U120/><E120/><V8/><F121/><W92/><G4/><T69/><D35/><U15/><E133/><V51/><F62/><W56/><G130/><T28/><D28/><U70/><E37/><V23/><F8/><W97/><G72/><T34/><D34/><U31/><E31/><V26/><F84/><W38/><G107/><T10/><D76/><U66/><E18/><N who="2" m="12599" /><F23/><W59/><G38/><T60/><D134/><U86/><E113/><V77/><F43/><W85/><G97/><T29/><D29/><U128/><E70/><V127/><F77/><W98/><G98/><T105/><D129/><U53/><E128/><V80/><F80/><W135/><G135/><T116/><D116/><U88/><E55/><N who="2" m="33983" /><F127/><W95/><G79/><T111/><D111/><AGARI ba="0,0" hai="6,11,12,49,51,109,110,111" m="33983,12599" machi="111" ten="30,1000,0" yaku="14,1" doraHai="125" who="2" fromWho="0" sc="239,-10,288,0,223,10,250,0" />
</Scene>
<Scene>
<INIT seed="2,0,0,4,0,116" ten="229,288,233,250" oya="2" hai0="55,106,134,125,99,9,16,41,69,33,40,64,104" hai1="48,26,18,91,56,63,102,46,118,89,52,54,90" hai2="117,100,128,120,75,17,60,0,122,93,79,3,11" hai3="66,51,47,7,21,72,34,82,31,71,131,12,130"/><V23/><F117/><W6/><G34/><T133/><D33/><U107/><E118/><V80/><F128/><N who="3" m="49195" /><G66/><T4/><D125/><U2/><E2/><V98/><F60/><W87/><G72/><T68/><D55/><U10/><E26/><V113/><F113/><W126/><G71/><T85/><D85/><U101/><REACH who="1" step="1"/><E107/><REACH who="1" ten="229,278,233,250" step="2"/><V86/><F0/><W88/><G126/><T70/><D106/><U38/><E38/><V39/><F39/><W53/><G12/><AGARI ba="0,1" hai="10,12,18,46,48,52,54,56,63,89,90,91,101,102" machi="12" ten="40,8000,1" yaku="1,1,8,1,54,1,53,1" doraHai="116" doraHaiUra="13" who="1" fromWho="3" sc="229,0,278,90,233,0,250,-80" />
</Scene>
<Scene>
<INIT seed="3,0,0,1,3,61" ten="229,368,233,170" oya="3" hai0="16,113,72,54,132,62,77,14,0,63,109,52,68" hai1="124,105,49,71,25,130,112,46,122,44,37,116,17" hai2="127,70,38,29,85,1,15,7,9,20,22,73,119" hai3="84,41,42,66,58,60,114,39,78,35,65,125,123"/><W8/><G114/><T47/><D0/><U43/><E105/><V129/><F73/><W30/><G123/><T97/><D109/><U31/><E122/><V45/><F70/><W48/><G39/><T55/><D113/><U89/><E112/><V94/><F119/><W120/><G120/><T21/><D132/><U100/><E100/><V101/><F127/><W19/><G125/><T74/><D77/><U11/><E124/><V115/><F115/><W26/><G48/><T81/><D81/><U57/><E71/><V106/><F106/><W111/><G111/><T117/><D117/><U50/><E116/><V93/><F29/><W56/><G78/><T3/><D3/><U92/><E130/><V34/><F34/><W76/><G76/><T67/><D62/><U36/><E57/><V131/><F94/><W98/><G84/><T83/><D83/><U5/><E17/><V13/><F1/><W118/><G118/><T23/><D23/><U121/><E121/><V53/><F38/><W82/><G82/><T88/><REACH who="0" step="1"/><D47/><REACH who="0" ten="219,368,233,170" step="2"/><U32/><E44/><V133/><F133/><W102/><G60/><T104/><D104/><U90/><E46/><V2/><F131/><W126/><G126/><T4/><D4/><U18/><E5/><V87/><F129/><W103/><G35/><T80/><D80/><U108/><E32/><V33/><F33/><W24/><G8/><T6/><D6/><U51/><E11/><V95/><F9/><W135/><G135/><T128/><D128/><U91/><E108/><V10/><F10/><W27/><G30/><T64/><D64/><RYUUKYOKU ba="0,1" sc="219,30,368,-10,233,-10,170,-10" hai0="14,16,21,52,54,55,63,67,68,72,74,88,97" />
</Scene>
<Scene>
<INIT seed="4,1,1,4,5,66" ten="249,358,223,160" oya="0" hai0="18,30,100,10,50,60,51,70,82,67,35,39,29" hai1="61,84,78,128,132,99,81,112,93,91,126,105,89" hai2="32,119,127,110,68,55,54,121,47,43,25,15,59" hai3="1,5,11,111,31,135,58,40,107,2,108,117,98"/><T88/><D39/><U106/><E61/><V23/><F110/><W102/><G117/><T27/><D30/><U122/><E122/><V86/><F121/><W63/><G135/><T28/><D28/><U34/><E34/><V57/><F32/><W17/><G2/><T45/><D100/><U9/><E9/><V24/><F68/><W133/><G133/><T120/><D120/><U96/><E132/><V103/><F103/><W75/><G75/><T12/><REACH who="0" step="1"/><D45/><REACH who="0" ten="239,358,223,160" step="2"/><U85/><E128/><V125/><F47/><W118/><G31/><T72/><D72/><N who="1" m="43207" /><E126/><V69/><F127/><W7/><G102/><T21/><D21/><U49/><E112/><V33/><F23/><W115/><G115/><T56/><D56/><U44/><E44/><V77/><F57/><W95/><G58/><T130/><D130/><U42/><E49/><V52/><F59/><W97/><G108/><T48/><D48/><U87/><E42/><V22/><F43/><W101/><G111/><T131/><D131/><U114/><E114/><V20/><F125/><W80/><G40/><T38/><D38/><U124/><E124/><V37/><F37/><W3/><G118/><T13/><D13/><U116/><E116/><V92/><F33/><W6/><G3/><T64/><D64/><U134/><E134/><V123/><F123/><W16/><G1/><T36/><D36/><U71/><E71/><V41/><F69/><W73/><G11/><T53/><D53/><U14/><E14/><V0/><F0/><W46/><G46/><T109/><D109/><U8/><E8/><V62/><F119/><RYUUKYOKU ba="1,2" sc="239,15,358,15,223,-15,160,-15" hai0="10,12,18,27,29,35,50,51,60,67,70,82,88" hai1="84,85,87,89,91,93,96,99,105,106" />
</Scene>
<Scene>
<INIT seed="4,2,2,2,2,82" ten="254,373,208,145" oya="0" hai0="26,89,69,21,76,125,34,115,92,30,81,98,43" hai1="58,66,2,10,4,20,14,41,54,94,99,37,38" hai2="105,55,17,133,135,106,29,68,117,44,88,111,40" hai3="110,22,25,123,64,120,31,35,46,112,57,121,6"/><T73/><D115/><U85/><E66/><V100/><F111/><W47/><G110/><T27/><D125/><U127/><E127/><V52/><F68/><W62/><G112/><T16/><D43/><U72/><E72/><V0/><F0/><W53/><G6/><T33/><D69/><U49/><E41/><V61/><F29/><W122/><N who="3" m="30720" /><DORA hai="116" /><W71/><REACH who="3" step="1"/><G35/><AGARI ba="2,2" hai="16,21,26,27,30,33,34,35,73,76,81,89,92,98" machi="35" ten="30,2900,0" yaku="7,1,54,1" doraHai="82,116" who="0" fromWho="3" sc="254,55,373,0,208,0,145,-35" />
</Scene>
<Scene>
<INIT seed="4,3,0,0,0,115" ten="309,373,208,110" oya="0" hai0="90,33,107,132,80,35,94,87,47,59,28,131,125" hai1="45,44,95,63,4,82,78,36,27,30,68,113,40" hai2="17,52,73,84,43,37,21,56,61,9,129,117,22" hai3="54,38,122,20,99,135,51,53,120,55,86,72,121"/><T11/><D107/><U15/><E113/><V29/><F73/><W103/><G72/><T75/><D132/><U69/><E45/><V62/><F129/><W5/><G38/><T13/><D131/><U14/><E95/><V32/><F32/><W124/><G135/><T85/><D75/><U106/><E106/><V130/><F130/><W76/><G124/><T118/><D125/><U119/><E119/><V79/><F37/><W108/><G108/><T93/><D118/><U70/><E63/><V71/><F43/><W26/><G5/><T2/><D2/><U110/><E110/><V57/><F71/><W98/><G51/><T49/><D59/><U50/><E36/><V81/><F117/><W64/><G64/><T24/><D33/><U77/><E4/><V89/><F29/><W23/><G103/><T12/><D87/><U18/><E82/><V8/><F22/><N who="3" m="8235" /><G26/><T3/><D3/><U111/><E111/><V65/><REACH who="2" step="1"/><F79/><REACH who="2" ten="309,373,198,110" step="2"/><W116/><G116/><T104/><D35/><N who="1" m="20959" /><E78/><V123/><F123/><W31/><G31/><T114/><D28/><U92/><E77/><V0/><F0/><W100/><G100/><T133/><D114/><U66/><E69/><V128/><F128/><W42/><G42/><T101/><D101/><U96/><E68/><V6/><F6/><W25/><G25/><AGARI ba="3,1" hai="8,9,17,21,25,52,56,57,61,62,65,81,84,89" machi="25" ten="30,7700,0" yaku="1,1,7,1,8,1,54,1,53,0" doraHai="115" doraHaiUra="134" who="2" fromWho="3" sc="309,0,373,0,198,96,110,-86" />
</Scene>
<Scene>
<INIT seed="5,0,0,0,1,26" ten="309,373,294,24" oya="1" hai0="129,67,18,99,91,92,62,98,56,134,21,0,79" hai1="80,110,106,68,70,125,28,42,12,31,64,45,97" hai2="3,7,47,25,78,9,29,123,54,50,11,75,44" hai3="111,135,107,84,27,10,34,105,48,89,94,115,41"/><U15/><E125/><V36/><F123/><W57/><G111/><T30/><D129/><U63/><E70/><V85/><F11/><W88/><G115/><T16/><D0/><U93/><E106/><V35/><F85/><W13/><G135/><T132/><D79/><U23/><E110/><V109/><F109/><W49/><G89/><T74/><D74/><U101/><E80/><V39/><REACH who="2" step="1"/><F47/><REACH who="2" ten="309,373,284,24" step="2"/><W43/><G84/><N who="0" m="52327" /><D134/><U33/><E33/><V6/><F6/><W20/><G10/><T58/><D132/><U131/><E131/><V51/><F51/><W14/><G48/><T59/><D98/><U76/><E76/><V71/><F71/><W17/><G49/><T1/><D99/><U120/><E120/><V46/><F46/><W96/><G57/><N who="0" m="37327" /><D1/><U127/><E127/><V122/><F122/><W32/><G32/><T37/><D37/><U82/><E68/><V69/><F69/><W66/><G34/><T130/><D130/><U126/><E126/><V65/><F65/><W5/><G66/><T121/><D121/><U113/><E64/><V2/><F2/><W24/><G5/><T52/><D52/><U19/><E97/><V119/><F119/><W81/><G105/><T112/><D112/><U87/><E87/><V8/><F8/><N who="3" m="6311" /><G107/><T95/><D95/><U4/><E93/><V61/><F61/><W40/><G81/><AGARI ba="0,1" hai="3,7,9,25,29,35,36,39,44,50,54,75,78,81" machi="81" ten="40,5200,0" yaku="1,1,52,1,53,1" doraHai="26" doraHaiUra="104" who="2" fromWho="3" sc="309,0,373,0,284,62,24,-52" owari="309,-9.0,373,47.0,346,15.0,-28,-53.0" />
</Scene>
</mjloggm>