<mjloggm ver="2.3"><GO type="169" lobby="0"/><UN n0="%E5%A4%AA%E3%81%8F%E3%81%AA%E3%81%84%E3%81%8A" n1="%E9%9B%80%E5%B8%AB%E3%82%88%E3%83%BC" n2="%E6%AE%8B%E5%B0%BF%E6%84%9F%E3%81%AA%E3%81%84%EF%BC%9F" n3="%E3%81%BF%E3%81%A3%E3%81%A4%E3%81%83%EF%BD%9E" dan="18,16,16,16" rate="2306.21,2071.26,2169.20,2165.05" sx="M,M,F,F"/><TAIKYOKU oya="0"/>

<Scene>
<INIT seed="0,0,0,0,2,83" ten="250,250,250,250" oya="0" hai0="69,99,113,46,89,94,23,96,106,100,127,112,22" hai1="108,68,65,101,9,126,129,7,51,85,1,11,133" hai2="55,86,0,82,60,77,44,12,105,74,135,67,88" hai3="32,39,42,115,17,117,73,110,66,70,118,28,13"/><T61/><D127/><U93/><E126/><V45/><F0/><W71/><G13/><T16/><D23/><U81/><E108/><V132/><F105/><W97/><G17/><T20/><D22/><U104/><E104/><V111/><F111/><W72/><G115/><T58/><D46/><U119/><E119/><V5/><F5/><W33/><G97/><T4/><D69/><N who="3" m="26121" /><G66/><T10/><D10/><U80/><E65/><V63/><F12/><W121/><G110/><T26/><REACH who="0" step="1"/><D4/><REACH who="0" ten="240,250,250,250" step="2"/><U38/><E11/><V62/><F67/><AGARI ba="0,1" hai="16,20,26,58,61,67,89,94,96,99,100,106,112,113" machi="67" ten="30,12000,1" yaku="1,1,2,1,7,1,54,1,53,1" doraHai="83" doraHaiUra="98" who="0" fromWho="2" sc="240,130,250,0,250,-120,250,0" />
</Scene>
<Scene>
<INIT seed="0,1,0,1,2,78" ten="370,250,130,250" oya="0" hai0="64,126,83,41,87,40,127,70,111,6,79,21,69" hai1="128,82,115,51,72,52,104,55,36,1,90,46,62" hai2="95,121,9,10,66,4,8,74,67,12,118,56,89" hai3="33,119,20,110,75,94,114,130,7,65,113,134,107"/><T108/><D6/><U116/><E115/><V31/><F121/><W112/><G65/><T17/><D41/><U45/><E104/><V27/><F74/><W98/><G20/><T102/><D102/><U22/><E116/><V54/><F118/><W57/><G57/><T37/><D40/><U60/><E1/><V43/><F43/><W85/><G7/><T68/><D64/><U19/><E128/><V18/><F66/><W76/><G33/><T101/><D101/><U5/><E5/><V29/><F67/><W34/><G34/><T103/><D103/><U122/><E122/><V32/><F31/><W25/><G25/><N who="0" m="14511" /><D37/><U133/><E133/><V106/><F106/><W120/><G120/><T71/><D71/><U96/><E72/><V131/><F131/><W92/><G75/><T0/><D0/><U86/><E96/><V124/><F124/><AGARI ba="1,0" hai="68,69,70,79,83,87,108,111,124,126,127" m="14511" machi="124" ten="40,3900,0" yaku="18,1,52,1" doraHai="78" who="0" fromWho="2" sc="370,42,250,0,130,-42,250,0" />
</Scene>
<Scene>
<INIT seed="0,2,0,0,5,110" ten="412,250,88,250" oya="0" hai0="80,74,129,69,73,128,42,115,108,86,68,16,18" hai1="100,71,57,59,4,43,12,58,24,99,114,17,64" hai2="134,20,38,9,36,2,33,29,55,77,122,1,72" hai3="78,87,117,47,101,92,46,111,39,97,102,70,98"/><T131/><D42/><U133/><E133/><V56/><F122/><W120/><G70/><N who="0" m="27243" /><D108/><U85/><E43/><V62/><F134/><W93/><G117/><T13/><D115/><U91/><E4/><V135/><F135/><W81/><G120/><T30/><D30/><U67/><E24/><V5/><F33/><W66/><G111/><T112/><D112/><U32/><E32/><V109/><F109/><W45/><REACH who="3" step="1"/><G66/><REACH who="3" ten="412,250,88,240" step="2"/><T127/><D127/><U26/><E71/><V44/><F2/><W34/><G34/><T10/><D18/><U126/><E126/><V107/><F107/><W51/><G51/><T121/><D121/><U49/><E64/><V8/><F36/><AGARI ba="2,1" hai="36,39,45,46,47,78,81,87,92,93,97,98,101,102" machi="36" ten="40,2600,0" yaku="1,1,9,1,53,0" doraHai="110" doraHaiUra="0" who="3" fromWho="2" sc="412,0,250,0,88,-32,240,42" />
</Scene>
<Scene>
<INIT seed="1,0,0,1,5,34" ten="412,250,56,282" oya="1" hai0="82,29,45,72,65,32,35,131,107,81,108,93,33" hai1="57,130,11,91,5,99,60,20,50,84,23,73,59" hai2="16,38,104,76,12,22,31,121,67,24,69,127,18" hai3="68,26,106,14,62,122,110,13,8,116,7,52,94"/><U80/><E130/><V98/><F121/><W71/><G106/><T125/><D107/><U92/><E73/><V30/><F38/><W53/><G122/><T90/><D131/><U124/><E124/><V61/><F76/><W55/><G116/><T28/><D125/><U126/><E126/><V44/><F127/><W6/><G110/><T40/><D65/><U132/><E132/><V64/><F64/><W89/><G26/><T75/><D108/><U4/><E50/><V21/><REACH who="2" step="1"/><F44/><REACH who="2" ten="412,250,46,282" step="2"/><W49/><G71/><T109/><D45/><U36/><E36/><V56/><F56/><W97/><G68/><T95/><D109/><U101/><E59/><V54/><F54/><W63/><G49/><T70/><D70/><U15/><REACH who="1" step="1"/><E5/><REACH who="1" ten="412,240,46,282" step="2"/><V79/><F79/><W58/><G58/><T118/><D72/><U10/><E10/><AGARI ba="0,2" hai="6,7,8,10,13,14,52,53,55,62,63,89,94,97" machi="10" ten="40,5200,0" yaku="9,1,8,1,54,1" doraHai="34" who="3" fromWho="1" sc="412,0,240,-52,46,0,282,72" />
</Scene>
<Scene>
<INIT seed="2,0,0,5,3,111" ten="412,188,46,354" oya="2" hai0="75,126,116,112,104,113,36,135,42,7,109,64,84" hai1="99,39,100,97,37,59,103,71,3,92,107,101,114" hai2="102,119,1,70,35,31,98,85,94,25,122,105,38" hai3="91,56,45,58,130,93,89,127,4,21,53,5,32"/><V87/><F119/><W79/><G32/><T108/><D75/><U2/><E71/><V115/><F122/><W106/><G106/><T23/><D104/><U41/><E114/><N who="0" m="44137" /><D116/><U26/><E26/><V28/><F38/><W133/><G130/><T77/><D64/><U73/><E73/><V8/><F31/><W27/><G133/><T121/><D121/><U18/><E18/><V22/><F115/><W60/><G127/><T33/><D33/><U129/><E129/><V81/><F70/><W10/><G79/><T88/><D77/><U65/><E101/><V134/><F134/><W24/><G45/><N who="0" m="23751" /><D135/><U11/><E41/><V117/><F117/><W55/><G10/><T90/><D7/><U16/><E65/><V95/><F35/><W128/><G128/><T96/><D96/><U78/><E78/><V124/><F124/><W82/><G82/><T14/><D84/><U30/><E59/><V48/><F87/><W123/><G123/><T13/><D126/><U132/><E132/><V40/><F1/><W44/><G44/><T66/><D66/><U15/><E2/><V6/><F40/><W52/><G91/><N who="0" m="34859" /><D23/><U0/><E97/><V46/><F81/><W68/><G68/><T125/><D125/><U51/><E107/><V20/><F85/><W63/><G55/><T49/><D49/><U69/><E51/><V131/><F131/><W80/><G80/><T54/><D54/><U83/><E69/><V57/><F22/><W61/><G61/><T50/><D50/><U34/><E34/><V43/><F57/><W86/><G21/><T110/><AGARI ba="0,0" hai="13,14,108,109,110" m="34859,23751,44137" machi="110" ten="40,12000,2" yaku="5,1,14,1,52,3,54,1" doraHai="111" who="0" fromWho="0" sc="412,120,188,-30,46,-60,354,-30" owari="532,63.0,158,-24.0,-14,-51.0,324,12.0" />
</Scene>
</mjloggm>