<mjloggm ver="2.3"><GO type="169" lobby="0"/><UN n0="%E5%A4%AA%E3%81%8F%E3%81%AA%E3%81%84%E3%81%8A" n1="%E4%BB%B2%E5%B7%9D%E7%BF%94" n2="%E9%BA%BB%E9%9B%80%E5%95%86%E4%BA%BA%E3%81%8F%E3%82%93%E2%99%AA" n3="%59%6F%70%70%59" dan="18,16,16,16" rate="2206.57,2068.43,2097.61,2082.21" sx="F,M,M,F"/><TAIKYOKU oya="0"/>

<Scene>
<INIT seed="0,0,0,2,4,105" ten="250,250,250,250" oya="0" hai0="12,61,33,43,48,41,70,73,108,6,101,59,69" hai1="89,65,35,109,25,79,98,42,62,75,51,24,124" hai2="78,26,116,106,76,54,20,52,97,45,90,58,60" hai3="53,103,95,131,107,18,32,86,111,56,110,133,102"/><T87/><D33/><U132/><E109/><V66/><F116/><W57/><G32/><T7/><D101/><U13/><E124/><V55/><F45/><W3/><G3/><T112/><D112/><U23/><E132/><V130/><F130/><W22/><G57/><T82/><D108/><N who="3" m="41513" /><G133/><T68/><D73/><U117/><E89/><V85/><F97/><W93/><G107/><T29/><D29/><U122/><E98/><V129/><F106/><W4/><G4/><T72/><D72/><U38/><E38/><V114/><F114/><W31/><G31/><T16/><D6/><U37/><E37/><V96/><F96/><W92/><G86/><T39/><D7/><U119/><E122/><V125/><F125/><W49/><G131/><T36/><D36/><U80/><E13/><AGARI ba="0,0" hai="13,18,22,49,53,56,92,93,95,102,103" m="41513" machi="13" ten="30,1000,0" yaku="14,1" doraHai="105" who="3" fromWho="1" sc="250,0,250,-10,250,0,250,10" />
</Scene>
<Scene>
<INIT seed="1,0,0,2,1,8" ten="250,240,250,260" oya="1" hai0="110,47,22,116,123,24,26,80,72,10,111,30,118" hai1="34,68,7,130,15,17,86,16,97,36,31,19,84" hai2="27,92,41,55,108,94,122,3,33,121,13,120,83" hai3="21,127,129,88,91,60,126,45,29,48,132,87,65"/><U14/><E68/><V71/><F108/><N who="0" m="41514" /><D47/><U99/><E36/><V114/><F3/><W112/><G112/><T61/><D61/><U75/><E75/><V63/><F114/><W32/><G32/><N who="0" m="20551" /><D80/><U119/><E119/><N who="0" m="45609" /><D72/><U102/><E130/><V78/><F41/><W1/><G129/><T89/><D89/><U38/><E31/><V52/><F27/><W109/><G29/><N who="0" m="17623" /><D10/><N who="1" m="4447" /><E34/><V124/><F33/><W9/><G91/><T115/><D115/><U39/><E39/><V106/><F106/><W82/><G88/><T54/><D54/><U77/><E38/><V42/><F42/><W135/><G60/><T104/><D104/><U20/><E86/><V133/><F71/><W90/><G90/><T79/><D79/><U23/><E102/><V50/><F63/><W113/><G87/><T5/><D5/><U4/><E4/><V67/><F67/><W49/><G113/><T62/><D62/><U98/><E23/><V56/><F55/><W103/><G21/><T2/><D2/><U81/><AGARI ba="0,0" hai="15,16,17,19,20,77,81,84,97,98,99" m="4447" machi="81" ten="30,11700,0" yaku="8,1,52,2,54,1" doraHai="8" who="1" fromWho="1" sc="250,-39,240,117,250,-39,260,-39" />
</Scene>
<Scene>
<INIT seed="1,1,0,0,4,68" ten="211,357,211,221" oya="1" hai0="128,73,104,54,107,20,111,71,74,85,17,53,64" hai1="115,37,118,86,88,117,76,44,89,52,38,51,29" hai2="24,58,116,119,125,114,35,10,32,47,129,135,95" hai3="6,79,4,34,91,55,70,30,9,56,46,57,102"/><U78/><E115/><V31/><F95/><W131/><G70/><T12/><D111/><U26/><E89/><V87/><F87/><W62/><G131/><T84/><D128/><U1/><E1/><V82/><F82/><W108/><G108/><T97/><D71/><U18/><E18/><V41/><F129/><W15/><G79/><T80/><D64/><U105/><E105/><V5/><F114/><W19/><G102/><T101/><D107/><U48/><E78/><V75/><F75/><W133/><G133/><T14/><D84/><U21/><E76/><V25/><F135/><W28/><G34/><T130/><D130/><U106/><E106/><V45/><F58/><W43/><G57/><T124/><D124/><U22/><E22/><V2/><F47/><W23/><G23/><T113/><D113/><U65/><E65/><V8/><F125/><W69/><G69/><T98/><D98/><U36/><REACH who="1" step="1"/><E51/><REACH who="1" ten="211,347,211,221" step="2"/><V110/><F110/><W93/><G6/><T83/><D20/><U109/><E109/><V96/><F10/><W90/><G4/><T66/><D104/><U49/><E49/><V60/><F8/><W99/><G91/><T39/><D66/><U11/><E11/><V50/><F5/><W72/><G72/><T92/><D74/><U63/><E63/><V40/><F2/><W112/><G112/><T59/><D73/><U3/><E3/><V122/><F60/><W100/><G90/><T16/><D17/><U120/><E120/><V134/><F50/><AGARI ba="1,1" hai="9,15,19,28,30,43,46,50,55,56,62,93,99,100" machi="50" ten="30,2000,0" yaku="7,1,8,1" doraHai="68" who="3" fromWho="2" sc="211,0,347,0,211,-23,221,33" />
</Scene>
<Scene>
<INIT seed="2,0,0,1,1,64" ten="211,347,188,254" oya="2" hai0="77,49,72,71,80,54,107,66,43,9,6,2,90" hai1="20,114,8,112,102,110,126,35,129,58,93,13,61" hai2="36,60,85,83,119,47,89,23,84,5,28,40,97" hai3="26,133,100,16,81,42,69,132,111,79,30,14,56"/><V121/><F119/><W48/><G111/><T46/><D107/><U31/><E35/><V105/><F121/><W103/><G56/><T3/><D90/><U24/><E110/><V7/><F28/><W75/><G48/><T124/><D124/><U122/><E129/><V96/><F23/><N who="3" m="15711" /><G42/><T127/><D127/><U128/><E128/><V51/><F36/><W15/><G15/><T88/><D2/><U34/><E34/><V123/><F123/><W62/><G62/><T91/><REACH who="0" step="1"/><D43/><REACH who="0" ten="201,347,188,254" step="2"/><U19/><E126/><V113/><F113/><W101/><G101/><T25/><D25/><U22/><E122/><V109/><F109/><W87/><G100/><T106/><D106/><U65/><E114/><V55/><F105/><W120/><G103/><T17/><D17/><U108/><E112/><V59/><F5/><W99/><G120/><T11/><D11/><U82/><E108/><V39/><F7/><W0/><G16/><T41/><D41/><U52/><E8/><V18/><F18/><W98/><G0/><T115/><D115/><U104/><E104/><V38/><F38/><W94/><G132/><T27/><D27/><U95/><E102/><V73/><F39/><W45/><G133/><T116/><D116/><U130/><E130/><V29/><F29/><W67/><G14/><T32/><D32/><U50/><E82/><V63/><F63/><AGARI ba="0,1" hai="3,6,9,46,49,54,63,66,71,72,77,80,88,91" machi="63" ten="40,5200,0" yaku="1,1,52,1,54,1,53,0" doraHai="64" doraHaiUra="92" who="0" fromWho="2" sc="201,62,347,0,188,-52,254,0" />
</Scene>
<Scene>
<INIT seed="3,0,0,3,0,62" ten="263,347,136,254" oya="3" hai0="24,112,133,32,34,40,103,115,50,118,93,55,110" hai1="104,41,54,125,48,111,101,56,134,58,38,52,122" hai2="21,109,4,102,69,44,71,64,37,77,51,108,82" hai3="6,83,128,72,87,129,10,45,79,86,135,75,59"/><W66/><G135/><T17/><D118/><U1/><E1/><V95/><F37/><W92/><G45/><T90/><D103/><U25/><E104/><V20/><F4/><W42/><G42/><T65/><D40/><U91/><E101/><V30/><F69/><W8/><G8/><T94/><D133/><U105/><E105/><V16/><F30/><W19/><G19/><T31/><D110/><N who="2" m="42602" /><F21/><W98/><G87/><T74/><D74/><U127/><E91/><V100/><F95/><W78/><G78/><T29/><D17/><U46/><E25/><N who="2" m="14471" /><F51/><W120/><G120/><T113/><D31/><U96/><E96/><V28/><F44/><W11/><G6/><T0/><D0/><U53/><E111/><V126/><F126/><N who="1" m="48137" /><E134/><V2/><F28/><W70/><G70/><T121/><D121/><U3/><E3/><V43/><F43/><W106/><G106/><T33/><D94/><U12/><E12/><V130/><F130/><W114/><G92/><T81/><D93/><U26/><E26/><V61/><F2/><W124/><G98/><T49/><D24/><U5/><E5/><V76/><F76/><W88/><G124/><T47/><D29/><U73/><E122/><V35/><F35/><W15/><G79/><T7/><D7/><U84/><E73/><AGARI ba="0,0" hai="61,64,71,73,77,82,100,102" m="14471,42602" machi="73" ten="30,3900,0" yaku="14,1,52,1,54,1" doraHai="62" who="2" fromWho="1" sc="263,0,347,-39,136,39,254,0" />
</Scene>
<Scene>
<INIT seed="4,0,0,5,5,103" ten="263,308,175,254" oya="0" hai0="97,24,135,43,101,5,94,57,92,47,33,134,20" hai1="99,0,104,131,49,88,111,38,82,21,117,63,70" hai2="78,96,18,79,90,71,12,133,16,15,64,65,113" hai3="124,72,31,123,95,122,35,119,23,34,37,89,108"/><T76/><D33/><U6/><E38/><V13/><F71/><W11/><G108/><T1/><D76/><N who="2" m="29226" /><F113/><W132/><G37/><T120/><D120/><U93/><E117/><V22/><F133/><N who="0" m="50698" /><D57/><U30/><E111/><V125/><F125/><W50/><G124/><T74/><D74/><U52/><E131/><V126/><F126/><W2/><G72/><T114/><D114/><U62/><E6/><V80/><F96/><W51/><G34/><T116/><D116/><U28/><E0/><V121/><F121/><W55/><G35/><T129/><D129/><U75/><E75/><V107/><F107/><W110/><G119/><T128/><D128/><U66/><E104/><V60/><F60/><W100/><G110/><T98/><D5/><U17/><E63/><V67/><F22/><W40/><G132/><T27/><D1/><U81/><E81/><V10/><F10/><W41/><G11/><T112/><D112/><U45/><E82/><V115/><F115/><W83/><G2/><T86/><D86/><AGARI ba="0,0" hai="12,13,15,16,18,64,65,67,80,86,90" m="29226" machi="86" ten="40,2600,0" yaku="8,1,54,1" doraHai="103" who="2" fromWho="0" sc="263,-26,308,0,175,26,254,0" />
</Scene>
<Scene>
<INIT seed="5,0,0,3,3,47" ten="237,308,201,254" oya="1" hai0="23,61,90,95,36,77,7,43,28,115,82,85,83" hai1="24,98,72,119,67,33,17,127,112,122,105,69,111" hai2="34,66,87,2,40,30,25,68,1,42,51,18,125" hai3="45,126,107,135,114,56,103,78,100,129,50,63,44"/><U86/><RYUUKYOKU type="yao9" ba="0,0" sc="237,0,308,0,201,0,254,0" hai1="17,24,33,67,69,72,86,98,105,111,112,119,122,127" />
</Scene>
<Scene>
<INIT seed="5,1,0,3,2,78" ten="237,308,201,254" oya="1" hai0="21,25,103,83,114,93,125,110,116,9,89,11,23" hai1="130,37,75,24,64,4,47,10,48,107,90,20,54" hai2="13,111,12,63,41,68,57,95,117,122,127,60,44" hai3="126,28,67,31,97,38,79,27,6,1,55,19,14"/><U106/><E130/><V88/><F111/><W98/><G38/><T76/><D110/><U22/><E75/><V49/><F117/><W71/><G126/><T134/><D116/><U70/><E20/><V66/><F127/><W129/><G129/><T92/><D125/><U35/><E35/><V72/><F72/><W123/><G123/><T91/><D114/><U42/><E90/><V65/><REACH who="2" step="1"/><F122/><REACH who="2" ten="237,308,191,254" step="2"/><W131/><G131/><T34/><D134/><U45/><E70/><V3/><F3/><W56/><G71/><T17/><D34/><U36/><E36/><V74/><F74/><W119/><G119/><T8/><D23/><U94/><E37/><V5/><F5/><W30/><G6/><T86/><D103/><U80/><E4/><V113/><F113/><W58/><G1/><T108/><D108/><U85/><E22/><V82/><F82/><W18/><G31/><T43/><D43/><U15/><E80/><V46/><F46/><W33/><G30/><T128/><D128/><U73/><E47/><V135/><F135/><W84/><G28/><T124/><D124/><U105/><E45/><V102/><F102/><W109/><G109/><T16/><D17/><U59/><E73/><V62/><F62/><W99/><G19/><T87/><D9/><U115/><E42/><V121/><F121/><W81/><G81/><T26/><D26/><U100/><E24/><V50/><F50/><W118/><G27/><T32/><D32/><U51/><E51/><V101/><F101/><W133/><G33/><T2/><D2/><U132/><E132/><V96/><AGARI ba="1,1" hai="12,13,41,44,49,57,60,63,65,66,68,88,95,96" machi="96" ten="20,8000,1" yaku="1,1,5,1,0,1,7,1,54,1,53,0" doraHai="78" doraHaiUra="77" who="2" fromWho="2" sc="237,-21,308,-41,191,93,254,-21" />
</Scene>
<Scene>
<INIT seed="6,0,0,5,5,54" ten="216,267,284,233" oya="2" hai0="62,32,103,98,114,3,91,49,5,99,38,48,90" hai1="107,1,88,20,18,92,110,68,83,76,70,124,116" hai2="75,135,50,10,15,29,69,112,30,122,66,64,97" hai3="39,33,120,121,87,61,96,129,51,109,93,104,131"/><V72/><F122/><W47/><G33/><T27/><D38/><U11/><E110/><V85/><F135/><W63/><G39/><T41/><D114/><U53/><E107/><V115/><F97/><W55/><G109/><T7/><D3/><U80/><E80/><V126/><F85/><W95/><G104/><T46/><D62/><U60/><E116/><V71/><F50/><W134/><G134/><T45/><D32/><U52/><E124/><V78/><F15/><W101/><G87/><T130/><D130/><N who="3" m="49673" /><G95/><T37/><D37/><U12/><E11/><V40/><F10/><W74/><G74/><T28/><D27/><U4/><E4/><V79/><REACH who="2" step="1"/><F40/><REACH who="2" ten="216,267,274,233" step="2"/><W84/><G84/><T100/><D41/><U31/><E12/><V118/><F118/><W6/><G6/><T111/><D111/><U43/><E43/><V127/><AGARI ba="0,1" hai="29,30,64,66,69,71,72,75,78,79,112,115,126,127" machi="127" ten="25,9600,0" yaku="1,1,0,1,22,2,53,0" doraHai="54" doraHaiUra="2" who="2" fromWho="2" sc="216,-32,267,-32,274,106,233,-32" />
</Scene>
<Scene>
<INIT seed="6,1,0,4,0,38" ten="184,235,380,201" oya="2" hai0="135,114,103,102,130,101,46,7,83,97,1,35,68" hai1="90,52,118,8,115,73,133,75,60,62,106,16,111" hai2="42,86,41,91,122,116,47,51,33,15,105,12,19" hai3="67,65,30,129,69,128,54,27,126,9,13,17,107"/><V96/><F116/><W49/><G107/><T100/><D35/><U123/><E106/><V110/><F122/><W23/><G126/><T11/><D68/><U34/><E34/><V131/><F33/><W113/><G113/><T120/><D120/><U84/><E111/><V20/><F110/><W4/><G69/><T76/><D114/><U112/><E118/><V109/><F109/><W124/><G124/><T32/><D32/><U108/><E108/><V119/><F119/><W72/><G72/><T77/><D135/><U25/><E62/><V89/><F131/><W50/><G50/><T74/><D130/><N who="3" m="50281" /><G30/><T85/><D77/><U104/><E104/><V61/><F61/><W2/><G2/><T48/><D74/><U14/><E133/><V22/><F105/><W132/><G132/><T88/><D76/><U87/><E87/><V44/><F96/><W43/><G43/><N who="2" m="16393" /><F86/><W10/><G10/><T53/><REACH who="0" step="1"/><D103/><REACH who="0" ten="174,235,380,201" step="2"/><U92/><E123/><V71/><F71/><W18/><G4/><T134/><D134/><U81/><E115/><V5/><F5/><W70/><G70/><T63/><D63/><U95/><E112/><V57/><F91/><W64/><G64/><T45/><D45/><AGARI ba="1,1" hai="9,13,17,18,23,27,45,49,54,65,67" m="50281" machi="45" ten="30,1000,0" yaku="19,1" doraHai="38" who="3" fromWho="0" sc="174,-13,235,0,380,0,201,23" />
</Scene>
<Scene>
<INIT seed="7,0,0,3,3,126" ten="161,235,380,224" oya="3" hai0="99,49,20,45,65,21,29,113,19,118,116,91,6" hai1="13,117,76,61,8,127,93,58,97,131,60,27,78" hai2="22,53,120,129,33,108,41,106,92,32,77,18,122" hai3="3,28,56,135,81,54,111,47,75,66,11,16,46"/><W34/><G66/><T100/><D6/><U55/><E127/><V57/><F129/><W50/><G135/><T87/><D113/><U71/><E131/><V72/><F106/><W52/><G111/><T125/><D125/><U134/><E134/><V121/><F108/><W95/><G95/><T101/><D65/><U48/><E27/><N who="2" m="14807" /><F41/><W12/><G3/><T42/><D29/><U94/><E94/><V59/><F59/><W128/><G128/><T63/><D63/><N who="1" m="24139" /><E117/><V119/><F119/><W90/><G54/><T2/><D2/><U36/><E36/><V38/><F38/><W64/><G64/><T4/><D4/><N who="1" m="3207" /><E71/><V130/><F130/><W23/><G34/><T62/><D62/><U74/><E74/><V83/><F92/><W89/><G75/><T35/><D35/><U7/><E7/><V73/><F73/><W0/><G0/><T26/><D21/><U79/><E79/><V69/><F69/><W9/><G9/><T37/><D37/><U123/><E123/><V80/><F80/><W98/><G98/><T25/><D25/><U1/><E1/><V102/><F102/><AGARI ba="0,0" hai="48,55,58,76,78,93,97,102" m="3207,24139" machi="102" ten="30,1000,0" yaku="8,1" doraHai="126" who="1" fromWho="2" sc="161,0,235,10,380,-10,224,0" owari="161,-34.0,245,5.0,370,47.0,224,-18.0" />
</Scene>
</mjloggm>