<mjloggm ver="2.3"><GO type="169" lobby="0"/><UN n0="%E3%81%B5%E3%81%98%E3%81%8A" n1="%E5%A4%AA%E3%81%8F%E3%81%AA%E3%81%84%E3%81%8A" n2="%68%69%74%6F%73%68%69" n3="%E5%91%82%E5%A7%AB" dan="17,18,16,16" rate="2158.24,2304.41,2026.97,2113.34" sx="M,M,M,F"/><TAIKYOKU oya="0"/>

<Scene>
<INIT seed="0,0,0,4,5,16" ten="250,250,250,250" oya="0" hai0="122,48,131,114,127,53,120,77,56,105,113,17,49" hai1="108,92,89,98,55,125,35,42,87,8,69,85,11" hai2="81,15,70,38,58,41,6,119,134,43,10,88,63" hai3="124,13,68,71,21,33,80,18,132,44,90,93,45"/><T91/><D105/><U1/><E35/><V61/><F119/><W27/><G132/><T59/><D91/><U26/><E69/><V3/><F38/><W109/><G109/><T67/><D77/><U106/><E42/><V23/><F70/><W4/><G124/><T79/><D79/><U82/><E108/><V9/><F63/><W123/><G123/><N who="0" m="47147" /><D17/><U60/><E125/><V110/><F110/><W62/><G80/><T102/><D102/><U12/><E1/><V112/><F112/><W107/><G107/><T76/><D76/><U31/><E106/><V130/><F134/><W20/><G33/><T96/><D96/><U24/><E85/><V40/><F130/><W133/><G133/><T65/><D127/><U118/><E118/><V126/><F126/><W52/><G68/><T32/><D32/><U37/><E31/><V78/><F78/><W30/><G4/><T99/><D99/><U51/><E37/><V101/><F101/><W39/><G39/><T66/><D131/><U84/><E84/><N who="2" m="50191" /><F3/><W72/><G72/><T5/><D5/><U104/><E104/><V54/><F10/><W97/><G71/><T0/><D0/><U7/><E8/><V14/><F14/><W25/><G13/><T135/><D135/><U2/><E2/><V19/><F6/><W100/><G100/><T50/><D53/><U129/><E129/><V103/><F103/><W46/><G62/><T64/><N who="0" m="16384" /><DORA hai="22" /><T111/><D111/><U74/><E60/><V95/><F9/><W28/><G18/><T86/><D86/><U34/><E7/><V115/><F115/><AGARI ba="0,0" hai="48,49,50,56,59,113,114,115" m="16384,47147" machi="115" ten="50,12000,1" yaku="6,1,28,2,34,2" doraHai="16,22" who="0" fromWho="2" sc="250,120,250,0,250,-120,250,0" />
</Scene>
<Scene>
<INIT seed="0,1,0,5,5,92" ten="370,250,130,250" oya="0" hai0="49,108,31,8,118,26,111,109,105,71,83,3,44" hai1="75,77,91,65,59,40,100,41,121,63,81,120,89" hai2="101,84,98,37,4,130,17,124,60,55,16,10,123" hai3="52,15,131,38,45,14,34,22,72,36,97,119,115"/><T122/><D122/><U6/><E6/><V114/><F37/><W103/><G34/><T86/><D118/><U30/><E30/><V54/><F123/><W96/><G72/><T18/><D105/><U90/><E40/><V48/><F114/><W126/><G115/><T7/><D71/><U93/><REACH who="1" step="1"/><E41/><REACH who="1" ten="370,240,130,250" step="2"/><V128/><F124/><W67/><G119/><T132/><D18/><U135/><E135/><V19/><F84/><W113/><G113/><T62/><D132/><U66/><E66/><V69/><F69/><W33/><G67/><T94/><D108/><U134/><E134/><V50/><F60/><W106/><G126/><T42/><D62/><U29/><E29/><V23/><F23/><W87/><G33/><T80/><D111/><U82/><E82/><V104/><F55/><W70/><G70/><T107/><D109/><U47/><E47/><V0/><REACH who="2" step="1"/><F48/><REACH who="2" ten="370,240,120,250" step="2"/><W9/><G36/><T127/><D127/><U20/><E20/><V56/><AGARI ba="1,2" hai="0,4,10,16,17,19,50,54,56,98,101,104,128,130" machi="56" ten="30,8000,1" yaku="1,1,2,1,0,1,52,1,54,1,53,0" doraHai="92" doraHaiUra="58" who="2" fromWho="2" sc="370,-41,240,-21,120,103,250,-21" />
</Scene>
<Scene>
<INIT seed="1,0,0,2,2,78" ten="329,219,223,229" oya="1" hai0="85,67,63,93,106,31,46,26,29,34,1,121,36" hai1="87,42,39,62,18,7,81,10,52,59,107,80,76" hai2="27,70,135,3,48,90,89,60,92,122,25,35,112" hai3="123,105,125,91,130,15,116,75,55,58,110,100,53"/><U131/><E107/><V54/><F3/><W114/><G91/><T109/><D106/><U14/><E131/><V43/><F43/><W71/><G15/><T82/><D1/><U6/><REACH who="1" step="1"/><E81/><REACH who="1" ten="329,209,223,229" step="2"/><V49/><F112/><W104/><G104/><T0/><D82/><U111/><E111/><V17/><F122/><W13/><G105/><T33/><D109/><U72/><E72/><V94/><F92/><W73/><G73/><T9/><D93/><U88/><E88/><V21/><F94/><W64/><G75/><T96/><D121/><U117/><E117/><V68/><F90/><W47/><G110/><T23/><D96/><U37/><E37/><V56/><F89/><W120/><G130/><T41/><D85/><U83/><E83/><V44/><F135/><W103/><G103/><T11/><D36/><U113/><E113/><V132/><F132/><W98/><G100/><T133/><D133/><U40/><E40/><V84/><F84/><W74/><G98/><T119/><D41/><U30/><E30/><V38/><F38/><W4/><G74/><T86/><D86/><U126/><E126/><V19/><F70/><W102/><G102/><T8/><D31/><U32/><E32/><V77/><F68/><W45/><G125/><T22/><D119/><U50/><E50/><V66/><F49/><W118/><G71/><T51/><D34/><U124/><E124/><V95/><F95/><W5/><G114/><T24/><D33/><U101/><E101/><V65/><F48/><W128/><G128/><T61/><D51/><U127/><E127/><V115/><F35/><RYUUKYOKU ba="0,1" sc="329,-10,209,30,223,-10,229,-10" hai1="6,7,10,14,18,39,42,52,59,62,76,80,87" />
</Scene>
<Scene>
<INIT seed="1,1,1,1,5,33" ten="319,239,213,219" oya="1" hai0="124,31,81,62,9,75,113,117,73,2,1,30,83" hai1="118,44,84,0,89,86,39,130,98,119,61,3,108" hai2="18,91,25,71,85,131,121,23,101,64,115,41,35" hai3="8,5,45,26,82,36,106,56,123,27,63,50,80"/><U55/><E130/><V125/><F121/><W110/><G110/><T135/><D9/><U29/><E29/><V79/><F79/><W7/><G36/><T87/><D62/><U97/><E108/><V129/><F101/><W42/><G106/><T32/><D87/><U93/><E39/><V70/><F35/><W21/><G27/><T126/><D32/><U6/><E6/><N who="3" m="2058" /><G8/><T66/><D66/><U105/><E105/><V49/><F125/><W60/><G123/><T15/><D15/><U112/><E112/><V46/><F115/><W120/><G120/><T11/><D11/><U96/><E86/><V37/><F37/><W47/><G47/><T34/><D34/><U40/><E40/><V132/><F132/><W116/><G116/><T20/><D20/><U134/><E134/><V74/><F74/><W109/><G109/><T133/><REACH who="0" step="1"/><D113/><REACH who="0" ten="309,239,213,219" step="2"/><U104/><E61/><N who="3" m="23626" /><G56/><T122/><D122/><U54/><E104/><V95/><REACH who="2" step="1"/><F64/><REACH who="2" ten="309,239,203,219" step="2"/><W17/><AGARI ba="1,3" hai="17,21,26,42,45,50,80,82" m="23626,2058" machi="17" ten="30,1100,0" yaku="8,1" doraHai="33" who="3" fromWho="3" sc="309,-4,239,-6,203,-4,219,44" />
</Scene>
<Scene>
<INIT seed="2,0,0,4,2,110" ten="305,233,199,263" oya="2" hai0="117,109,50,87,119,21,86,116,61,40,77,83,113" hai1="76,62,66,53,38,3,94,8,54,43,32,37,84" hai2="0,73,125,20,7,14,28,69,95,23,15,18,85" hai3="11,33,106,126,128,35,34,71,112,29,92,44,41"/><V118/><F73/><W2/><G106/><T130/><D109/><U63/><E32/><V99/><F69/><W49/><G71/><T127/><D127/><U91/><E76/><V100/><F118/><W12/><G2/><T64/><D130/><U6/><E62/><V131/><F131/><W78/><G128/><T19/><D86/><U90/><E43/><V124/><F85/><W108/><G108/><T80/><D80/><U45/><E90/><V132/><F132/><W65/><G65/><T39/><D39/><U101/><E101/><V26/><REACH who="2" step="1"/><F0/><REACH who="2" ten="305,233,189,263" step="2"/><W17/><G126/><T93/><D119/><U88/><E84/><V121/><F121/><W13/><G78/><T9/><D117/><U42/><E3/><V102/><F102/><W123/><G123/><T135/><D87/><U55/><E91/><V46/><F46/><W70/><G70/><T89/><D89/><U68/><E45/><V82/><F82/><W120/><G120/><T52/><D83/><U104/><E88/><V59/><F59/><W122/><G122/><T27/><D77/><U36/><E68/><V133/><F133/><W47/><G47/><T1/><D135/><U96/><E96/><V48/><F48/><W10/><G49/><T79/><D79/><U67/><E37/><V16/><F16/><W72/><G17/><T56/><D50/><U30/><E38/><V57/><F57/><W24/><G44/><T111/><D56/><U103/><E36/><V107/><F107/><W4/><G72/><T129/><D116/><U60/><E104/><V114/><F114/><W81/><G112/><RYUUKYOKU ba="0,1" sc="305,-10,233,-10,189,30,263,-10" hai2="7,14,15,18,20,23,26,28,95,99,100,124,125" />
</Scene>
<Scene>
<INIT seed="2,1,1,4,3,71" ten="295,223,219,253" oya="2" hai0="31,60,55,39,103,116,66,76,122,28,27,88,85" hai1="18,21,7,92,46,128,123,14,41,78,42,0,75" hai2="109,81,84,111,64,129,134,10,13,49,17,34,8" hai3="130,90,107,50,121,127,119,82,33,93,12,115,32"/><V1/><F34/><W135/><G107/><T105/><D122/><U30/><E123/><V37/><F134/><W70/><G70/><T43/><D116/><U52/><E128/><V74/><F74/><W26/><G82/><T101/><D76/><U22/><E75/><V113/><F113/><W106/><G106/><T48/><D31/><U15/><E78/><V58/><F129/><W79/><G79/><T5/><D5/><U19/><E30/><V44/><F37/><W25/><G127/><T63/><D63/><U4/><E92/><V89/><F1/><W132/><G130/><T16/><D105/><U59/><E0/><V124/><F124/><W131/><G131/><T110/><D110/><N who="2" m="41994" /><F58/><W126/><G126/><T69/><D28/><U100/><E100/><V114/><F64/><W35/><G119/><T112/><D112/><U80/><E80/><V98/><F98/><W11/><G121/><T83/><D43/><N who="1" m="16395" /><E46/><V53/><F114/><W23/><G115/><T56/><REACH who="0" step="1"/><D39/><REACH who="0" ten="285,223,219,253" step="2"/><U29/><E29/><V118/><F118/><W38/><G38/><T47/><D47/><U120/><E120/><V54/><F54/><W68/><G132/><T2/><D2/><U40/><E40/><V24/><F24/><W133/><G133/><T94/><D94/><U108/><E108/><V20/><AGARI ba="1,2" hai="8,10,13,17,20,44,49,53,81,84,89" m="41994" machi="20" ten="30,3000,0" yaku="14,1,10,1" doraHai="71" who="2" fromWho="2" sc="285,-11,223,-11,219,53,253,-11" />
</Scene>
<Scene>
<INIT seed="2,2,0,0,0,10" ten="274,212,272,242" oya="2" hai0="107,54,81,45,86,69,94,9,34,117,115,49,20" hai1="91,29,92,106,7,100,50,41,72,51,103,19,21" hai2="52,76,128,47,22,38,82,17,85,97,16,42,102" hai3="14,43,31,121,83,62,116,114,1,44,126,30,120"/><V58/><F128/><W33/><G1/><T125/><D107/><U111/><E72/><V55/><F58/><W80/><G116/><T5/><D34/><U88/><E111/><V108/><F108/><W133/><G133/><T98/><D115/><U74/><E74/><V68/><F68/><W25/><G114/><T123/><D69/><U24/><E7/><V131/><F17/><W53/><G31/><T96/><D123/><U65/><E65/><V36/><F36/><W118/><G118/><T73/><D73/><U89/><E106/><V129/><F129/><W60/><G126/><T61/><D61/><U18/><E41/><V95/><REACH who="2" step="1"/><F131/><REACH who="2" ten="274,212,262,242" step="2"/><W130/><G130/><T37/><D37/><U110/><E110/><V67/><F67/><W113/><G113/><T66/><D66/><U134/><E134/><V105/><F105/><W28/><G120/><T77/><D117/><U90/><E18/><V64/><F64/><W15/><G121/><T12/><D125/><U23/><E51/><V93/><F93/><W124/><G124/><T75/><D94/><U56/><E56/><V101/><F101/><W127/><G127/><T39/><D39/><U78/><E50/><V79/><F79/><W0/><G60/><T3/><D77/><U13/><REACH who="1" step="1"/><E78/><REACH who="1" ten="274,202,262,242" step="2"/><V35/><F35/><W8/><G33/><T46/><D49/><U11/><E11/><V6/><F6/><W84/><G8/><T99/><D9/><U26/><E26/><AGARI ba="2,2" hai="16,22,26,38,42,47,52,55,76,82,85,95,97,102" machi="26" ten="30,12000,1" yaku="1,1,7,1,54,2,53,1" doraHai="10" doraHaiUra="71" who="2" fromWho="1" sc="274,0,202,-126,262,146,242,0" />
</Scene>
<Scene>
<INIT seed="2,3,0,2,5,43" ten="274,76,408,242" oya="2" hai0="61,84,131,90,13,81,5,14,75,53,72,82,59" hai1="64,67,30,34,36,33,27,3,106,45,74,19,37" hai2="10,102,4,129,24,63,125,123,1,98,57,110,26" hai3="130,114,111,0,126,18,58,65,132,39,69,101,108"/><V25/><F123/><W29/><G69/><T107/><D107/><U86/><E74/><V89/><F125/><W50/><G0/><T117/><D131/><U83/><E106/><V23/><F89/><W116/><G39/><T92/><D117/><U94/><E3/><V48/><F48/><W11/><G101/><T122/><D122/><U73/><E34/><V6/><F6/><W115/><G29/><T28/><D28/><U56/><E73/><V16/><F129/><W124/><G18/><T97/><D82/><U35/><E35/><V47/><F47/><W79/><G79/><T40/><D40/><U70/><E70/><V44/><F44/><W113/><G11/><T119/><D119/><U32/><E32/><V134/><F134/><W127/><G130/><T87/><D87/><U52/><E94/><V133/><F133/><W77/><G77/><T21/><D14/><U51/><E19/><V120/><F110/><N who="3" m="42027" /><G132/><T8/><REACH who="0" step="1"/><D21/><REACH who="0" ten="264,76,408,242" step="2"/><U118/><E118/><V93/><REACH who="2" step="1"/><F120/><REACH who="2" ten="264,76,398,242" step="2"/><W103/><G116/><T96/><D96/><U109/><E109/><V60/><F60/><W7/><G124/><T55/><D55/><AGARI ba="3,2" hai="1,4,10,16,23,24,25,26,55,57,63,93,98,102" machi="55" ten="30,18000,2" yaku="1,1,7,1,54,1,53,3" doraHai="43" doraHaiUra="22" who="2" fromWho="0" sc="264,-189,76,0,398,209,242,0" />
</Scene>
<Scene>
<INIT seed="2,4,0,0,3,115" ten="75,76,607,242" oya="2" hai0="118,26,8,19,57,72,59,86,110,23,105,128,51" hai1="94,90,44,61,93,54,1,34,43,127,101,82,106" hai2="122,81,78,24,121,42,112,129,6,28,33,87,32" hai3="47,10,131,123,124,53,46,21,109,36,95,116,25"/><V18/><F112/><W22/><G123/><T99/><D72/><U70/><E1/><V13/><F6/><W84/><G116/><T39/><D39/><U63/><E34/><V71/><F71/><W40/><G109/><T114/><D114/><U119/><E127/><V96/><F129/><W75/><G75/><T5/><D110/><U108/><E108/><V0/><F0/><W45/><G131/><T67/><D128/><U107/><E82/><V83/><F42/><W58/><G124/><T17/><D17/><U97/><E119/><V65/><F65/><W68/><G68/><T56/><D118/><U69/><E69/><V15/><F96/><W30/><G10/><T3/><D86/><U20/><E20/><V16/><F87/><W74/><G74/><T113/><D113/><U4/><E4/><V77/><F24/><W14/><G14/><T111/><D111/><U60/><E54/><V62/><F62/><W27/><G84/><T120/><D120/><U2/><E2/><V88/><F28/><W104/><G95/><T85/><D85/><U35/><E35/><V7/><F7/><W125/><G104/><T37/><D37/><U79/><E79/><V92/><F92/><W64/><G64/><T135/><D67/><U73/><E73/><V41/><F41/><W103/><G125/><T98/><D105/><N who="1" m="39947" /><E70/><V100/><F100/><W133/><G103/><T31/><D31/><U80/><E80/><V50/><F50/><N who="3" m="31031" /><G133/><T91/><D135/><U49/><E101/><V126/><F126/><W66/><G66/><T52/><D99/><N who="1" m="57783" /><E94/><V11/><F11/><RYUUKYOKU ba="4,0" sc="75,0,76,0,607,0,242,0" hai0="3,5,8,19,23,26,51,52,56,57,59,91,98" hai1="43,44,49,60,61,63,97" hai2="13,15,16,18,32,33,77,78,81,83,88,121,122" hai3="21,22,25,27,30,36,40,45,46,47" />
</Scene>
<Scene>
<INIT seed="2,5,0,5,3,18" ten="75,76,607,242" oya="2" hai0="94,57,111,30,88,114,21,84,71,31,109,73,133" hai1="10,108,75,49,105,117,58,90,63,77,61,62,59" hai2="131,99,95,80,102,27,79,69,42,7,37,16,132" hai3="8,54,45,97,81,74,87,53,50,44,130,56,125"/><V113/><F69/><W55/><G74/><T47/><D71/><U15/><E117/><V46/><F113/><W29/><G125/><T38/><D114/><U93/><E105/><V65/><F65/><W92/><G130/><T66/><D73/><U43/><E108/><N who="0" m="41545" /><D133/><U96/><E75/><V41/><F41/><W104/><G104/><T23/><D31/><U25/><E77/><V127/><F127/><W40/><G29/><T123/><D30/><U128/><E25/><V33/><F33/><W4/><G45/><T39/><D123/><U103/><E128/><V9/><F132/><W110/><G110/><T64/><D64/><U115/><E115/><V26/><F131/><W98/><G92/><T89/><D89/><U13/><E90/><V76/><F79/><W35/><G35/><T129/><D129/><U52/><E43/><V24/><F80/><W60/><G98/><T72/><D72/><U20/><E20/><N who="0" m="7753" /><D47/><N who="1" m="27711" /><E15/><V100/><F76/><N who="3" m="46503" /><G97/><T2/><D2/><U19/><AGARI ba="5,0" hai="10,13,19,58,59,61,62,63,93,96,103" m="27711" machi="19" ten="30,2000,0" yaku="8,1,54,1" doraHai="18" who="1" fromWho="1" sc="75,-10,76,35,607,-15,242,-10" />
</Scene>
<Scene>
<INIT seed="3,0,0,4,1,99" ten="65,111,592,232" oya="3" hai0="6,39,59,85,70,93,112,50,104,15,7,123,127" hai1="82,18,105,129,135,43,65,4,34,67,31,42,33" hai2="113,102,13,87,68,96,81,108,119,38,5,121,64" hai3="83,45,37,118,116,1,48,72,63,30,107,84,101"/><W132/><G72/><T94/><D123/><U74/><E105/><V54/><F38/><W66/><G37/><T62/><D39/><U131/><E4/><V11/><F119/><W55/><G1/><T103/><D70/><U126/><E126/><V90/><F113/><W44/><G132/><T19/><D127/><U110/><E135/><V98/><F121/><W47/><G30/><T133/><D133/><U60/><E110/><V71/><F64/><W9/><G9/><T58/><D104/><U32/><E31/><V111/><F54/><W26/><G26/><T97/><D112/><U91/><E18/><V89/><F90/><W57/><G107/><T35/><D35/><U46/><E46/><V52/><F98/><W134/><G134/><T117/><D117/><U61/><E91/><V24/><F24/><W115/><G115/><T40/><D59/><U10/><E10/><V77/><F77/><W109/><G109/><N who="2" m="42057" /><F52/><W49/><G49/><T0/><D0/><U122/><E122/><V120/><F120/><W79/><G118/><T53/><D85/><U12/><E65/><V3/><F3/><W114/><G114/><T21/><REACH who="0" step="1"/><D94/><AGARI ba="0,0" hai="5,11,13,68,71,81,87,89,94,96,102" m="42057" machi="94" ten="30,2000,0" yaku="14,1,52,1" doraHai="99" who="2" fromWho="0" sc="65,-20,111,0,592,20,232,0" />
</Scene>
<Scene>
<INIT seed="4,0,0,1,4,100" ten="45,111,612,232" oya="0" hai0="41,28,70,83,48,107,53,68,25,86,24,4,84" hai1="79,37,80,72,10,27,135,67,52,111,103,38,14" hai2="106,108,57,20,92,129,8,134,17,124,13,131,105" hai3="50,60,74,51,81,12,130,71,127,122,78,82,11"/><T32/><D41/><U19/><E111/><V65/><F108/><W97/><G127/><T0/><D84/><U66/><E135/><V93/><F124/><W59/><G130/><N who="2" m="49673" /><F134/><W21/><G71/><T5/><D25/><U33/><E103/><V23/><F65/><W26/><G122/><T99/><D68/><U117/><E117/><V55/><F23/><W119/><G119/><T110/><D70/><U58/><E67/><V47/><F47/><W9/><G82/><T62/><D62/><U49/><REACH who="1" step="1"/><E66/><REACH who="1" ten="45,101,612,232" step="2"/><V31/><F31/><AGARI ba="0,1" hai="10,14,19,27,31,33,37,38,49,52,58,72,79,80" machi="31" ten="40,5200,0" yaku="1,1,2,1,54,1,53,0" doraHai="100" doraHaiUra="34" who="1" fromWho="2" sc="45,0,101,62,612,-52,232,0" />
</Scene>
<Scene>
<INIT seed="5,0,0,4,5,56" ten="45,163,560,232" oya="1" hai0="38,49,103,81,84,1,18,28,104,99,20,124,94" hai1="37,116,131,76,52,113,63,95,112,0,26,21,93" hai2="13,88,96,10,22,34,133,106,107,42,14,47,71" hai3="60,46,57,117,111,127,29,85,6,53,122,4,59"/><U61/><E116/><V24/><F34/><W77/><G111/><T15/><D38/><U105/><E105/><V50/><F71/><W35/><G122/><T48/><D124/><U74/><E0/><V126/><F126/><W62/><G127/><T16/><D1/><U68/><E37/><V120/><F120/><W70/><G70/><T109/><D109/><U65/><E131/><V79/><F79/><W125/><G125/><T30/><D104/><U97/><E76/><V82/><F14/><W89/><G77/><T110/><D110/><U7/><E7/><V92/><F82/><W33/><G33/><T128/><D128/><U66/><E74/><V45/><F45/><W75/><G75/><T91/><REACH who="0" step="1"/><D18/><REACH who="0" ten="35,163,560,232" step="2"/><U100/><E95/><V25/><F133/><W118/><G118/><T23/><D23/><U123/><E123/><V11/><F11/><W135/><G117/><T31/><AGARI ba="0,1" hai="15,16,20,28,30,31,48,49,81,84,91,94,99,103" machi="31" ten="30,7900,0" yaku="1,1,0,1,8,1,54,1,53,0" doraHai="56" doraHaiUra="134" who="0" fromWho="0" sc="35,89,163,-39,560,-20,232,-20" />
</Scene>
<Scene>
<INIT seed="6,0,0,5,4,87" ten="124,124,540,212" oya="2" hai0="2,73,91,89,82,10,19,127,109,61,132,70,36" hai1="47,18,40,6,32,94,121,46,43,117,97,71,105" hai2="110,52,131,45,31,29,51,125,54,37,124,129,100" hai3="81,69,49,26,14,20,115,39,112,55,77,68,35"/><V113/><F100/><W5/><G39/><T42/><D109/><U119/><E71/><V62/><F110/><W130/><G35/><T76/><D132/><U23/><E105/><V90/><F113/><N who="3" m="43595" /><G130/><T1/><D1/><U48/><E32/><V38/><F90/><W116/><G116/><T95/><D95/><U28/><E6/><V58/><F29/><N who="3" m="17607" /><G14/><T8/><D127/><N who="2" m="48714" /><F31/><W9/><G9/><T56/><D8/><U50/><E28/><V4/><F4/><W44/><G5/><N who="0" m="1335" /><D19/><U122/><E117/><V101/><F101/><W3/><G3/><T96/><D70/><U123/><E119/><V102/><F102/><W93/><G93/><T7/><D7/><U118/><E118/><V24/><F24/><W133/><G133/><T63/><D96/><U75/><E75/><AGARI ba="0,0" hai="44,49,55,68,69,75,77,81" m="17607,43595" machi="75" ten="30,2000,0" yaku="15,1,11,1" doraHai="87" who="3" fromWho="1" sc="124,0,124,-20,540,0,212,20" />
</Scene>
<Scene>
<INIT seed="7,0,0,3,4,93" ten="124,104,540,232" oya="3" hai0="114,32,113,3,57,74,66,14,29,34,102,122,31" hai1="129,72,35,128,79,19,103,132,118,91,6,95,47" hai2="33,126,97,52,92,80,25,55,21,10,58,120,13" hai3="116,130,49,0,48,94,46,108,28,75,16,88,15"/><W56/><G0/><T53/><D74/><U23/><E35/><V63/><F33/><W43/><G75/><T133/><D3/><U67/><E6/><N who="2" m="3287" /><F126/><W101/><G116/><T18/><D66/><U9/><E9/><V4/><F4/><W12/><G130/><N who="1" m="50282" /><E118/><V30/><F120/><W62/><G101/><T26/><D133/><U45/><E132/><V124/><F124/><W40/><G28/><T5/><D5/><U123/><E123/><V39/><F39/><W121/><G15/><T135/><D135/><U8/><E8/><V134/><F80/><W77/><G77/><T106/><D122/><U17/><E103/><N who="2" m="60839" /><F134/><W76/><G76/><T59/><D34/><U1/><E1/><V96/><F96/><N who="3" m="57415" /><G108/><T127/><D127/><U104/><E104/><V117/><F117/><W85/><G85/><T64/><D106/><U119/><E119/><V37/><F37/><W87/><G87/><T98/><D29/><U131/><N who="1" m="50290" /><U89/><DORA hai="84" /><E89/><V61/><F61/><W2/><G2/><T90/><D90/><U99/><E67/><AGARI ba="0,0" hai="21,25,30,52,55,58,63,67" m="60839,3287" machi="67" ten="30,7700,0" yaku="25,1,8,1,52,1,54,1" doraHai="93,84" who="2" fromWho="1" sc="124,0,104,-77,540,77,232,0" owari="124,-28.0,27,-47.0,617,72.0,232,3.0" />
</Scene>
</mjloggm>