<mjloggm ver="2.3"><GO type="169" lobby="0"/><UN n0="%E3%83%88%E3%83%BC%E3%83%9E%E3%82%B5" n1="%E5%A4%AA%E3%81%8F%E3%81%AA%E3%81%84%E3%81%8A" n2="%E3%81%8A%E3%81%98%E3%81%95%E3%82%93" n3="%E7%AD%8B%E8%82%89%E3%82%82%E3%82%8A%E3%81%9E%E3%81%86" dan="16,19,17,16" rate="2108.26,2319.22,2158.97,2004.20" sx="M,F,M,M"/><TAIKYOKU oya="0"/>

<Scene>
<INIT seed="0,0,0,2,5,83" ten="250,250,250,250" oya="0" hai0="125,4,98,65,11,59,74,53,133,92,21,85,42" hai1="93,44,119,66,43,129,81,5,45,61,49,14,127" hai2="36,35,108,18,10,121,34,32,1,97,69,87,72" hai3="113,132,96,55,15,52,77,82,135,30,76,40,48"/><T89/><D74/><U75/><E119/><V103/><F72/><W128/><G113/><T51/><D125/><U109/><E127/><V12/><F69/><W20/><G128/><T56/><D133/><N who="3" m="51273" /><G96/><T23/><D42/><U41/><E129/><V29/><F36/><W73/><G76/><T86/><D65/><U27/><E109/><V13/><F108/><W91/><G91/><T116/><D59/><U101/><E27/><V19/><F121/><W80/><G80/><T60/><D60/><U8/><E75/><V2/><F87/><N who="0" m="33290" /><D116/><U88/><E81/><V94/><REACH who="2" step="1"/><F29/><REACH who="2" ten="250,250,240,250" step="2"/><W33/><G30/><T46/><D56/><U131/><E131/><V17/><F17/><W22/><G73/><T37/><D37/><U78/><E78/><V0/><F0/><W24/><G77/><T67/><D67/><U117/><E117/><V50/><F50/><W105/><G48/><T104/><D104/><U47/><E49/><V16/><F16/><W54/><G105/><T3/><D3/><U102/><E66/><V57/><F57/><W120/><G120/><T90/><D90/><U118/><E118/><V28/><F28/><W71/><G71/><T62/><D62/><U7/><E61/><V124/><F124/><W84/><G54/><T123/><D123/><U126/><E126/><V111/><F111/><W106/><G106/><T70/><D70/><U99/><E5/><V130/><F130/><W79/><G55/><T25/><D4/><U9/><E43/><V64/><F64/><W122/><G40/><T112/><D53/><U58/><E41/><V68/><F68/><RYUUKYOKU ba="0,1" sc="250,-10,250,-10,240,30,250,-10" hai2="1,2,10,12,13,18,19,32,34,35,94,97,103" />
</Scene>
<Scene>
<INIT seed="1,1,1,1,3,95" ten="240,240,270,240" oya="1" hai0="72,82,120,85,39,106,42,78,134,70,127,33,18" hai1="118,26,29,80,112,41,44,56,93,25,24,50,11" hai2="54,17,130,22,73,129,2,38,108,37,111,117,131" hai3="90,12,97,47,59,20,57,32,88,121,5,48,71"/><U36/><E112/><V123/><F2/><W7/><G32/><T60/><D33/><U34/><E118/><V125/><F117/><W13/><G71/><T89/><D127/><U87/><E93/><V110/><F73/><W94/><G121/><T79/><D134/><U8/><E36/><N who="2" m="13931" /><F17/><N who="3" m="10279" /><G90/><T101/><D120/><U119/><E119/><V98/><F123/><W128/><G128/><T91/><D79/><U28/><E56/><N who="3" m="21578" /><G13/><T126/><D126/><U114/><E114/><V84/><F125/><W122/><G122/><T53/><D89/><U103/><E103/><V77/><F22/><W21/><G21/><T4/><D4/><U31/><REACH who="1" step="1"/><E34/><REACH who="1" ten="240,230,270,240" step="2"/><V3/><F131/><W1/><G1/><T14/><D101/><U40/><E40/><AGARI ba="1,2" hai="5,7,40,47,48,88,94,97" m="21578,10279" machi="40" ten="30,3900,0" yaku="8,1,52,1,54,1" doraHai="95" who="3" fromWho="1" sc="240,0,230,-42,270,0,240,62" />
</Scene>
<Scene>
<INIT seed="2,0,0,2,0,32" ten="240,188,270,302" oya="2" hai0="104,124,48,126,89,70,98,57,61,68,130,0,94" hai1="24,46,63,77,66,17,92,119,15,79,52,85,60" hai2="45,109,110,120,11,111,51,4,59,114,103,47,8" hai3="96,88,19,133,117,116,38,106,6,22,122,53,97"/><V33/><F114/><W74/><G122/><T34/><D34/><U83/><E119/><V49/><F120/><W12/><G38/><T125/><D104/><U121/><E121/><V16/><F33/><W127/><G74/><T135/><D135/><U78/><E24/><V1/><F103/><W102/><G133/><T2/><D130/><U101/><E92/><V62/><F51/><W14/><G127/><T27/><D27/><U93/><E93/><V128/><F128/><W113/><G113/><T80/><D80/><U13/><E101/><V50/><F50/><W82/><G96/><T86/><D98/><U132/><E132/><V23/><F11/><W35/><G35/><T84/><D84/><U21/><E13/><N who="2" m="9615" /><F49/><W107/><G107/><T36/><D48/><N who="1" m="28695" /><E66/><AGARI ba="0,0" hai="1,4,8,45,47,59,62,66,109,110,111" m="9615" machi="66" ten="30,11600,0" yaku="14,1,10,1,52,1,54,1" doraHai="32" who="2" fromWho="1" sc="240,0,188,-116,270,116,302,0" />
</Scene>
<Scene>
<INIT seed="2,1,0,3,1,92" ten="240,72,386,302" oya="2" hai0="98,28,6,45,46,129,116,108,122,42,13,16,39" hai1="93,121,107,110,76,59,19,123,115,44,29,96,7" hai2="54,90,126,104,102,30,35,72,63,82,33,47,17" hai3="114,22,11,80,125,43,74,1,87,111,132,127,53"/><V4/><F126/><W51/><G111/><T128/><D122/><N who="1" m="46603" /><E115/><V78/><F4/><W32/><G32/><T27/><D108/><U26/><E110/><V113/><F113/><W71/><G114/><T103/><D6/><U55/><E107/><V95/><F17/><W37/><G71/><T85/><D85/><U41/><E7/><V48/><F30/><W64/><G64/><T69/><D69/><U124/><E76/><V119/><F119/><W24/><G11/><T75/><D75/><U97/><E19/><V57/><F102/><W9/><G74/><T84/><D84/><U134/><E93/><V60/><F60/><W62/><G62/><T12/><D46/><U8/><E8/><V112/><F104/><W133/><G9/><T83/><D83/><U5/><E5/><V65/><REACH who="2" step="1"/><F112/><REACH who="2" ten="240,72,376,302" step="2"/><W68/><G125/><T131/><D116/><U15/><E124/><V38/><F38/><W56/><G127/><T106/><D16/><U99/><E134/><V79/><F79/><W109/><G109/><T135/><D135/><U10/><E10/><V50/><F50/><W88/><G133/><T34/><AGARI ba="1,1" hai="12,13,27,28,34,39,42,45,98,103,106,128,129,131" machi="34" ten="30,4000,0" yaku="0,1,19,1,52,1" doraHai="92" who="0" fromWho="0" sc="240,53,72,-11,376,-21,302,-11" />
</Scene>
<Scene>
<INIT seed="3,0,0,0,1,59" ten="293,61,355,291" oya="3" hai0="103,3,8,2,120,131,47,55,90,39,19,133,5" hai1="6,134,126,104,20,85,116,33,129,112,56,119,86" hai2="74,25,26,53,84,111,80,17,109,71,11,130,32" hai3="54,29,83,108,69,123,91,28,97,99,41,124,49"/><W132/><G123/><T51/><D120/><U113/><E33/><V122/><F122/><W0/><G0/><T57/><D131/><U37/><E37/><V44/><F74/><W62/><G132/><T42/><D133/><U67/><E6/><V88/><F71/><W15/><G124/><T105/><D19/><U101/><E134/><V118/><F118/><N who="1" m="45097" /><E20/><V63/><F130/><W34/><G15/><T48/><D90/><U10/><E10/><V102/><F102/><W110/><G41/><T16/><D16/><U43/><E43/><V121/><F121/><W127/><G127/><T89/><D89/><U65/><E126/><V107/><F107/><W70/><G91/><T52/><D103/><U106/><E129/><V40/><F32/><W4/><G34/><T72/><D72/><U46/><E46/><V60/><F26/><W94/><G4/><T78/><D105/><N who="1" m="40555" /><E101/><V92/><F92/><W87/><G94/><T22/><D22/><U114/><E56/><V14/><F25/><W27/><G27/><T66/><D78/><U77/><E77/><V115/><F115/><N who="1" m="29441" /><U75/><DORA hai="95" /><E75/><V76/><F76/><W50/><G70/><T96/><D3/><U24/><E24/><V31/><F31/><W117/><G28/><T125/><D125/><U58/><E58/><V1/><F1/><W30/><G69/><T21/><D21/><U98/><E98/><V82/><F40/><W12/><G117/><T73/><D96/><U128/><E128/><V81/><F44/><W135/><G30/><T93/><D73/><U23/><E23/><V13/><F11/><RYUUKYOKU ba="0,0" sc="293,-10,61,30,355,-10,291,-10" hai1="65,67,85,86" />
</Scene>
<Scene>
<INIT seed="4,1,0,5,3,133" ten="283,91,345,281" oya="0" hai0="24,27,64,90,97,59,74,92,96,82,105,36,128" hai1="21,101,134,113,45,12,87,126,63,16,18,52,47" hai2="42,28,14,7,41,68,119,118,91,129,83,60,55" hai3="17,111,46,61,81,56,99,8,89,32,115,69,130"/><T109/><D36/><U19/><E134/><V123/><F123/><W114/><G111/><T39/><D39/><U112/><E101/><V70/><F129/><W58/><G32/><T75/><D128/><U100/><E100/><V51/><F28/><W108/><G108/><T73/><D109/><U49/><E63/><V106/><F106/><W125/><G130/><T53/><D64/><U40/><E87/><N who="2" m="50687" /><F14/><W22/><G69/><N who="2" m="26729" /><F7/><W44/><G61/><T31/><D82/><U88/><E88/><V85/><F85/><W116/><G116/><N who="2" m="44585" /><F60/><W38/><G89/><T66/><D66/><U37/><E126/><V84/><F84/><W93/><G125/><T13/><D13/><U102/><E102/><V50/><F50/><W54/><G38/><T98/><D105/><U43/><E43/><V34/><F34/><W107/><G107/><T94/><D94/><U65/><E65/><V25/><F25/><W15/><G81/><T72/><N who="0" m="18432" /><DORA hai="127" /><T120/><D120/><U48/><REACH who="1" step="1"/><E37/><REACH who="1" ten="283,81,345,281" step="2"/><V124/><F124/><W76/><G114/><AGARI ba="1,1" hai="12,16,18,19,21,40,45,47,48,49,52,112,113,114" machi="114" ten="40,12000,2" yaku="1,1,2,1,15,1,11,1,54,2,53,0" doraHai="133,127" doraHaiUra="6,35" who="1" fromWho="3" sc="283,0,81,133,345,0,281,-123" />
</Scene>
<Scene>
<INIT seed="5,0,0,5,3,96" ten="283,214,345,158" oya="1" hai0="134,27,62,7,83,61,84,52,30,107,42,49,19" hai1="26,67,64,37,88,2,55,126,127,75,23,86,72" hai2="102,3,92,94,115,71,48,29,0,69,4,105,60" hai3="135,78,121,122,110,101,9,25,40,99,82,11,51"/><U97/><E2/><V79/><F29/><W103/><G110/><T39/><D107/><U18/><E37/><V65/><F71/><W130/><G130/><T113/><D7/><U59/><E67/><V114/><F79/><W100/><G99/><T56/><D113/><N who="2" m="43018" /><F4/><W5/><G135/><T14/><D39/><U43/><E43/><V120/><F120/><W20/><G121/><T46/><D134/><U133/><E64/><V47/><F105/><W90/><G90/><T85/><D61/><N who="1" m="36095" /><E133/><V95/><F102/><N who="3" m="26115" /><W118/><DORA hai="1" /><G122/><T36/><D36/><U74/><E86/><V63/><F63/><W87/><G118/><T129/><D129/><U58/><E58/><V81/><F81/><W13/><G9/><T77/><D84/><U50/><E50/><V16/><F16/><N who="3" m="12423" /><G51/><T6/><D6/><U10/><E10/><V98/><F98/><W12/><G12/><T131/><D131/><U73/><N who="1" m="18944" /><DORA hai="70" /><U76/><E76/><V24/><F24/><W21/><G21/><T22/><D14/><U119/><E119/><V124/><F0/><W112/><G112/><T54/><REACH who="0" step="1"/><D19/><REACH who="0" ten="273,214,345,158" step="2"/><U57/><E97/><V128/><F3/><W104/><G104/><T123/><D123/><U68/><E18/><V8/><F128/><W53/><G53/><AGARI ba="0,1" hai="22,27,30,42,46,49,52,53,54,56,62,77,83,85" machi="53" ten="30,8000,1" yaku="1,1,7,1,8,1,54,1,53,1" doraHai="96,1,70" doraHaiUra="66,45,132" who="0" fromWho="3" sc="273,90,214,0,345,0,158,-80" />
</Scene>
<Scene>
<INIT seed="6,0,0,4,0,39" ten="363,214,345,78" oya="2" hai0="102,90,125,91,88,126,116,70,111,69,106,9,86" hai1="13,34,47,131,67,132,108,77,122,5,50,64,119" hai2="15,61,40,120,60,59,75,78,17,112,130,19,71" hai3="89,93,92,42,101,37,22,81,128,62,27,85,118"/><V46/><F120/><W1/><G118/><T80/><D111/><U38/><E34/><V82/><F112/><W121/><G121/><T68/><D116/><U25/><E119/><V49/><F130/><W87/><G128/><T26/><D26/><U127/><E38/><V18/><F71/><W4/><G1/><T135/><D135/><U73/><E131/><V110/><F110/><W115/><G4/><T133/><D133/><U45/><E45/><V31/><F31/><W114/><G101/><T56/><D9/><N who="1" m="4271" /><E73/><V32/><F32/><W97/><G62/><T33/><D33/><U0/><E0/><V16/><REACH who="2" step="1"/><F59/><REACH who="2" ten="363,214,335,78" step="2"/><W129/><G129/><T43/><D56/><U21/><E108/><V23/><AGARI ba="0,1" hai="15,16,17,18,19,23,40,46,49,60,61,75,78,82" machi="23" ten="30,18000,2" yaku="1,1,2,1,0,1,52,1,54,1,53,1" doraHai="39" doraHaiUra="105" who="2" fromWho="2" sc="363,-60,214,-60,335,190,78,-60" />
</Scene>
<Scene>
<INIT seed="6,1,0,1,3,5" ten="303,154,525,18" oya="2" hai0="26,96,15,90,92,105,82,124,84,89,128,25,61" hai1="108,27,64,106,18,33,55,133,35,39,2,76,113" hai2="77,114,80,132,12,14,75,131,99,53,3,109,11" hai3="83,117,49,43,42,95,24,47,102,28,98,44,57"/><V31/><F114/><W13/><G117/><T94/><D105/><U78/><E18/><V112/><F112/><W34/><G57/><T63/><D124/><U120/><E55/><V62/><F31/><W45/><G42/><T71/><D128/><U79/><E64/><V121/><F121/><W69/><G69/><T115/><D115/><U9/><E27/><N who="0" m="10249" /><D71/><U116/><E78/><V66/><F77/><W1/><G1/><T52/><D52/><U123/><E79/><V60/><F53/><W74/><G74/><T51/><D51/><U72/><E76/><V23/><F75/><W54/><G83/><T135/><D135/><U101/><E101/><V104/><F132/><W87/><G87/><N who="0" m="50551" /><D15/><U67/><E67/><V110/><F14/><W56/><REACH who="3" step="1"/><G13/><REACH who="3" ten="303,154,525,8" step="2"/><T4/><D63/><U17/><E2/><V32/><F12/><W0/><G0/><T8/><D61/><U10/><E72/><V97/><F60/><W103/><G103/><N who="0" m="60807" /><D4/><U41/><E41/><V107/><F62/><W58/><G58/><T30/><D84/><U6/><E113/><V40/><F3/><W7/><G7/><T21/><D89/><U126/><E6/><V88/><F40/><W125/><G125/><T38/><D38/><U37/><E126/><V70/><F88/><W59/><G59/><T130/><D130/><U65/><E116/><V85/><F66/><W91/><G91/><T20/><D20/><U36/><E36/><V134/><F23/><W118/><G118/><T119/><D21/><U127/><E37/><V81/><F85/><W73/><G73/><T111/><D119/><RYUUKYOKU ba="1,1" sc="303,-10,154,-10,525,-10,8,30" hai3="24,28,34,43,44,45,47,49,54,56,95,98,102" />
</Scene>
<Scene>
<INIT seed="7,2,1,3,4,43" ten="293,144,515,38" oya="3" hai0="34,39,58,31,74,125,91,99,48,123,93,47,130" hai1="51,2,127,82,75,5,117,126,133,20,53,110,73" hai2="111,98,104,45,27,72,3,89,9,12,25,119,83" hai3="32,86,109,52,4,85,100,10,42,128,70,46,15"/><W92/><G70/><T67/><D123/><U16/><E110/><V115/><F3/><W106/><G128/><T59/><D74/><U101/><E133/><V129/><F72/><N who="1" m="27721" /><E82/><V77/><F115/><W60/><G32/><T57/><D125/><N who="1" m="47627" /><E101/><V132/><F104/><W33/><G33/><T103/><D39/><U105/><E105/><V7/><F27/><W41/><G106/><T37/><D37/><U35/><E35/><V113/><F25/><W23/><G109/><T61/><D130/><U38/><E38/><V56/><F12/><W63/><G23/><T8/><D8/><N who="1" m="2103" /><E117/><V44/><F44/><W36/><G42/><N who="0" m="24695" /><D34/><U1/><E1/><V124/><F56/><N who="0" m="21610" /><D31/><U90/><E90/><AGARI ba="2,1" hai="59,61,67,90,91,93,99,103" m="21610,24695" machi="90" ten="30,2000,0" yaku="8,1,52,1" doraHai="43" who="0" fromWho="1" sc="293,36,144,-26,515,0,38,0" owari="329,13.0,118,-28.0,515,61.0,38,-46.0" />
</Scene>
</mjloggm>