<mjloggm ver="2.3"><GO type="169" lobby="0"/><UN n0="%E6%9D%B1%E9%A2%A8%E3%81%AE%E5%A4%AE" n1="%E3%83%AA%E3%83%A7%E3%82%AA" n2="%E5%A4%AA%E3%81%8F%E3%81%AA%E3%81%84%E3%81%8A" n3="%73%68%61%70%65%6C%65%72" dan="17,16,18,17" rate="2202.60,2055.86,2256.71,2217.20" sx="M,M,M,M"/><TAIKYOKU oya="0"/>

<Scene>
<INIT seed="0,0,0,2,2,67" ten="250,250,250,250" oya="0" hai0="116,58,21,88,69,39,3,64,44,111,115,122,37" hai1="26,15,40,22,61,68,107,46,93,19,53,101,110" hai2="29,20,104,131,23,13,127,78,72,43,25,45,27" hai3="125,8,7,10,81,24,66,42,83,49,14,50,103"/><T1/><D115/><U59/><E110/><V62/><F104/><W73/><G125/><T113/><D113/><U85/><E107/><V51/><F127/><W60/><G103/><T56/><D116/><U106/><E106/><V33/><F131/><W98/><G98/><T126/><D126/><U128/><E128/><V134/><F134/><W123/><G123/><T117/><D117/><U87/><E68/><V82/><F13/><W89/><G73/><T63/><D122/><U11/><E93/><V35/><REACH who="2" step="1"/><F62/><REACH who="2" ten="250,250,240,250" step="2"/><W54/><G24/><T100/><D63/><U32/><E32/><V80/><F80/><W129/><G129/><T95/><D3/><U86/><E101/><V79/><F79/><W0/><G83/><T52/><D1/><U130/><E130/><V97/><F97/><W84/><G42/><T65/><D100/><U12/><REACH who="1" step="1"/><E11/><REACH who="1" ten="250,240,240,250" step="2"/><V124/><F124/><W109/><G109/><T105/><D111/><U133/><E133/><V121/><F121/><W91/><G10/><T5/><D105/><U120/><E120/><V6/><F6/><W55/><G0/><T92/><D5/><U94/><E94/><V41/><F41/><W135/><G135/><T30/><D95/><U77/><E77/><V4/><F4/><W2/><G2/><T114/><D92/><U47/><E47/><V17/><AGARI ba="0,2" hai="17,20,23,25,27,29,33,35,43,45,51,72,78,82" machi="17" ten="20,2700,0" yaku="1,1,0,1,7,1,53,0" doraHai="67" doraHaiUra="71" who="2" fromWho="2" sc="250,-13,240,-7,240,47,250,-7" />
</Scene>
<Scene>
<INIT seed="1,0,0,1,4,123" ten="237,233,287,243" oya="1" hai0="33,16,99,94,125,6,35,98,60,119,48,92,18" hai1="115,85,66,23,28,39,91,82,62,128,43,38,79" hai2="87,5,103,65,93,95,29,73,20,64,24,51,129" hai3="109,56,68,72,9,102,113,67,90,53,74,3,25"/><U76/><E115/><V59/><F73/><W106/><G113/><T86/><D6/><U101/><E128/><V15/><F129/><W55/><G68/><T30/><D119/><U104/><E43/><V124/><F124/><W77/><G67/><N who="2" m="25673" /><F103/><W130/><G130/><T105/><D60/><U107/><E107/><V26/><F26/><W121/><G121/><T63/><D63/><U114/><E114/><V42/><F87/><W110/><G102/><T47/><D105/><U36/><E101/><V12/><F59/><W135/><G106/><T118/><D86/><U45/><E104/><V134/><F134/><W31/><G135/><T37/><D37/><U50/><E28/><V0/><F0/><W14/><G3/><T88/><D125/><U54/><REACH who="1" step="1"/><E23/><REACH who="1" ten="237,223,287,243" step="2"/><V81/><F20/><W117/><G117/><T58/><D118/><U78/><E78/><V126/><F29/><W84/><G77/><T61/><D30/><U80/><E80/><V69/><F81/><W46/><G74/><T122/><D35/><U132/><E132/><V10/><F42/><W57/><G72/><T13/><D33/><U19/><E19/><V44/><F126/><W83/><G31/><T11/><D18/><U52/><E52/><V22/><F22/><W116/><G116/><T100/><D122/><U8/><E8/><V120/><F120/><W27/><G55/><N who="0" m="32103" /><D61/><U112/><E112/><V1/><F10/><W71/><G71/><AGARI ba="0,1" hai="36,38,39,45,50,54,62,66,71,76,79,82,85,91" machi="71" ten="40,2000,0" yaku="1,1,53,0" doraHai="123" doraHaiUra="7" who="1" fromWho="3" sc="237,0,223,30,287,0,243,-20" />
</Scene>
<Scene>
<INIT seed="1,1,0,0,1,22" ten="237,253,287,223" oya="1" hai0="56,51,73,4,127,14,114,67,103,38,13,49,48" hai1="1,10,59,121,107,126,31,30,23,83,0,6,68" hai2="72,50,120,110,34,131,102,112,86,82,60,84,53" hai3="55,47,113,117,66,135,25,118,2,98,89,109,62"/><U15/><E68/><V7/><F120/><W85/><G113/><T87/><D73/><U108/><E121/><V43/><F34/><W132/><G2/><T37/><D114/><U115/><E107/><V130/><F112/><W69/><G109/><T129/><D129/><U134/><E115/><V35/><F35/><W32/><G98/><T12/><D4/><U79/><E134/><N who="3" m="51242" /><G47/><T91/><D103/><U42/><E42/><V124/><F110/><W104/><G104/><T16/><D16/><N who="1" m="10655" /><E108/><V28/><F28/><N who="3" m="19471" /><G55/><T39/><D127/><U9/><E59/><V58/><F102/><W46/><G46/><T63/><REACH who="0" step="1"/><D38/><REACH who="0" ten="227,253,287,223" step="2"/><U81/><E126/><V24/><F124/><W45/><G45/><T64/><D64/><U17/><E17/><V3/><F7/><W123/><G123/><T57/><D57/><U11/><E6/><V65/><F65/><W74/><G74/><T100/><D100/><U122/><E122/><V90/><F72/><W21/><G21/><T78/><D78/><U71/><E71/><V76/><F76/><W5/><G5/><T27/><D27/><U8/><E11/><V75/><F75/><W125/><G125/><T61/><D61/><U119/><E79/><V44/><F24/><W33/><G33/><T36/><D36/><U77/><E77/><N who="2" m="46159" /><F3/><W95/><AGARI ba="1,1" hai="62,66,69,85,89,95,117,118" m="19471,51242" machi="95" ten="30,2000,0" yaku="20,1,52,1" doraHai="22" who="3" fromWho="3" sc="227,-6,253,-11,287,-6,223,33" />
</Scene>
<Scene>
<INIT seed="2,0,0,5,2,94" ten="221,242,281,256" oya="2" hai0="89,5,76,10,33,125,120,32,134,90,0,39,4" hai1="109,41,88,20,57,37,67,42,50,127,117,119,85" hai2="100,34,121,38,62,93,124,129,87,108,12,80,54" hai3="74,70,118,51,130,77,28,35,46,9,110,3,17"/><V112/><F112/><W1/><G118/><T123/><D125/><U36/><E127/><V71/><F124/><W81/><G70/><T40/><D134/><U14/><E109/><V55/><F121/><W128/><G110/><T82/><D5/><U31/><E37/><V24/><F38/><W83/><G35/><N who="0" m="13387" /><D89/><U65/><E36/><V92/><F108/><W115/><G28/><T131/><D90/><U21/><E119/><V13/><F129/><N who="3" m="49771" /><G115/><T116/><D116/><U104/><E104/><V91/><F34/><W111/><G111/><T23/><D23/><N who="1" m="8779" /><E31/><V25/><F71/><W105/><G105/><T15/><D15/><N who="2" m="5706" /><F93/><W102/><G102/><T61/><D61/><U107/><E14/><V63/><F63/><W30/><G30/><T6/><D6/><U64/><E107/><V7/><F7/><W11/><G17/><T103/><D103/><U79/><E117/><V98/><F62/><W68/><G68/><T58/><D58/><U29/><E29/><V19/><F19/><W44/><G83/><T135/><D135/><U56/><E79/><V97/><F24/><W95/><G95/><T45/><D131/><U84/><E57/><V16/><F25/><W43/><G46/><T27/><D27/><U101/><E56/><V18/><F18/><W75/><G75/><AGARI ba="0,0" hai="0,4,10,39,40,45,75,76,82,120,123" m="13387" machi="75" ten="30,2000,0" yaku="25,1,23,1" doraHai="94" who="0" fromWho="3" sc="221,20,242,0,281,0,256,-20" />
</Scene>
<Scene>
<INIT seed="3,0,0,2,2,95" ten="241,242,281,236" oya="3" hai0="21,49,54,5,86,73,78,83,59,79,122,18,17" hai1="71,133,80,4,92,46,41,24,124,9,111,114,134" hai2="66,76,22,100,102,108,62,0,6,84,106,32,75" hai3="58,47,43,98,40,31,97,44,11,19,101,55,132"/><W116/><G116/><T77/><D122/><U1/><E114/><V135/><F32/><W126/><G132/><N who="1" m="50794" /><E71/><V15/><F75/><W50/><G126/><T26/><D73/><U8/><E111/><V23/><F0/><W113/><G113/><T29/><REACH who="0" step="1"/><D5/><REACH who="0" ten="231,242,281,236" step="2"/><U103/><E124/><V93/><F135/><W89/><G31/><T90/><AGARI ba="0,1" hai="17,18,21,26,29,49,54,59,77,78,79,83,86,90" machi="90" ten="30,7900,0" yaku="1,1,2,1,0,1,8,1,53,0" doraHai="95" doraHaiUra="104" who="0" fromWho="0" sc="231,89,242,-20,281,-20,236,-39" />
</Scene>
<Scene>
<INIT seed="4,0,0,1,0,5" ten="320,222,261,197" oya="0" hai0="19,99,8,131,88,25,28,1,10,77,61,51,123" hai1="33,54,17,121,9,132,32,87,40,24,91,74,11" hai2="63,114,97,39,18,126,118,108,122,27,106,79,4" hai3="56,31,43,119,34,127,42,69,0,44,129,93,16"/><T94/><D123/><U68/><E74/><V49/><F39/><W65/><G119/><T71/><D1/><U70/><E121/><V78/><F122/><W95/><G69/><T6/><D6/><U72/><E72/><V12/><F108/><W128/><G0/><T20/><D131/><U89/><E40/><V73/><F73/><W120/><G120/><T90/><D77/><U82/><E54/><V116/><F114/><W80/><G127/><T14/><D51/><U41/><E41/><V52/><F63/><W36/><G43/><T113/><D113/><U26/><E87/><V83/><F27/><W115/><G115/><T38/><D38/><U50/><E17/><V30/><F30/><W104/><G104/><T125/><D125/><U134/><E82/><V117/><F4/><W66/><G80/><T86/><D71/><U46/><E50/><V96/><F126/><W85/><G34/><T60/><D8/><U102/><E102/><N who="2" m="62791" /><F97/><W67/><G31/><T64/><D64/><U133/><REACH who="1" step="1"/><E134/><REACH who="1" ten="320,212,261,197" step="2"/><V47/><F83/><AGARI ba="0,1" hai="10,14,19,20,25,28,60,61,83,86,88,90,94,99" machi="83" ten="30,11600,0" yaku="7,1,8,1,52,1,54,1" doraHai="5" who="0" fromWho="2" sc="320,126,212,0,261,-116,197,0" />
</Scene>
<Scene>
<INIT seed="4,1,0,4,3,32" ten="446,212,145,197" oya="0" hai0="18,6,133,93,61,82,87,106,68,60,98,99,28" hai1="37,7,2,52,112,12,123,29,17,44,49,35,110" hai2="54,31,40,104,109,122,107,5,85,97,114,75,23" hai3="115,127,10,83,80,48,8,55,47,81,51,95,101"/><T117/><D117/><U76/><E110/><V78/><F109/><W86/><G115/><T71/><D18/><U77/><E123/><V56/><F122/><W72/><G72/><T103/><D6/><U9/><E37/><V79/><F75/><W46/><G127/><T67/><D28/><U126/><E126/><V66/><F66/><W38/><G38/><T70/><D60/><U88/><E112/><V58/><F40/><W130/><G130/><T30/><D30/><U125/><E125/><V100/><F107/><W20/><G20/><T65/><D65/><U57/><E44/><V124/><F124/><W119/><G119/><T135/><D99/><U43/><E43/><V132/><F114/><W33/><G33/><T131/><D131/><U108/><E108/><V21/><F132/><N who="0" m="50762" /><D93/><U120/><E120/><V69/><F5/><W14/><G14/><T74/><D74/><U15/><E29/><V11/><F31/><W22/><G22/><T128/><D128/><U4/><E35/><V105/><F105/><W118/><G118/><T91/><AGARI ba="1,0" hai="61,67,68,70,71,82,87,91,98,103,106" m="50762" machi="91" ten="30,1500,0" yaku="20,1" doraHai="32" who="0" fromWho="0" sc="446,18,212,-6,145,-6,197,-6" />
</Scene>
<Scene>
<INIT seed="4,2,0,3,1,60" ten="464,206,139,191" oya="0" hai0="124,109,130,47,120,78,11,66,38,103,104,73,43" hai1="46,15,62,114,94,30,105,65,67,83,99,50,39" hai2="110,81,23,89,52,132,107,88,6,116,77,115,92" hai3="127,40,17,133,100,16,57,74,25,84,70,10,58"/><T98/><D120/><U34/><E105/><V106/><F110/><W80/><G70/><T71/><D124/><U55/><E39/><V87/><F115/><W1/><G127/><T69/><D109/><U112/><E83/><V108/><F108/><W102/><G74/><T54/><D54/><U95/><E30/><V0/><F132/><W51/><G133/><T36/><D36/><U41/><E34/><V5/><F116/><W85/><G1/><T118/><D118/><U75/><E75/><V82/><F23/><W59/><G84/><T26/><D26/><U63/><E15/><V3/><F92/><N who="1" m="35369" /><E99/><V45/><F87/><W32/><G32/><T121/><D71/><U117/><E117/><V125/><F125/><W42/><G17/><T53/><D130/><U86/><E86/><V48/><F48/><W14/><G25/><T19/><D69/><U97/><E97/><V49/><F49/><W61/><G61/><N who="1" m="23050" /><E55/><V122/><F52/><W31/><G31/><T126/><D53/><U29/><E29/><V68/><F68/><W37/><G37/><T9/><D38/><U24/><E24/><V21/><F122/><W72/><G72/><T119/><D98/><U79/><E79/><V90/><F90/><W8/><G8/><T123/><D11/><U131/><E131/><V93/><F21/><W128/><G128/><T35/><D9/><U134/><E134/><V13/><F13/><W33/><G33/><T64/><D35/><U27/><E27/><V113/><F0/><W91/><G51/><T22/><D126/><U129/><E129/><V44/><F3/><RYUUKYOKU ba="2,0" sc="464,-15,206,15,139,-15,191,15" hai1="41,46,50,65,67,112,114" hai3="10,14,16,40,42,57,58,59,80,85,91,100,102" />
</Scene>
<Scene>
<INIT seed="5,3,0,3,0,90" ten="449,221,124,206" oya="1" hai0="117,59,25,103,86,89,82,102,130,43,99,126,128" hai1="42,23,7,98,112,46,71,31,123,106,60,8,79" hai2="92,24,29,111,85,107,33,64,129,87,0,44,22" hai3="61,88,30,110,100,108,56,51,15,96,28,41,132"/><U69/><E123/><V35/><F107/><W81/><G132/><T124/><D43/><U101/><E112/><V14/><F111/><W91/><G108/><T17/><D117/><U127/><E127/><N who="0" m="48681" /><D59/><U2/><E60/><V105/><F105/><W16/><G110/><T21/><D103/><U77/><E23/><V1/><F129/><W27/><G41/><T125/><D125/><U11/><E31/><V120/><F120/><W119/><G51/><T83/><D83/><U113/><E113/><V67/><F44/><W45/><G45/><T52/><D52/><U57/><E57/><V54/><F54/><W78/><G119/><T50/><D50/><U84/><E84/><V38/><F38/><W65/><G100/><T115/><D115/><U55/><E55/><V122/><F122/><W72/><G96/><T94/><AGARI ba="3,0" hai="17,21,25,82,86,89,94,99,102,128,130" m="48681" machi="94" ten="30,2000,0" yaku="18,1,52,1" doraHai="90" who="0" fromWho="0" sc="449,29,221,-13,124,-8,206,-8" />
</Scene>
<Scene>
<INIT seed="6,0,0,1,2,28" ten="478,208,116,198" oya="2" hai0="90,15,58,96,9,67,118,51,131,79,16,27,52" hai1="14,4,110,108,85,121,103,119,70,133,113,134,117" hai2="101,21,10,37,120,46,35,3,74,20,13,123,33" hai3="94,132,64,99,42,109,7,65,115,26,122,112,82"/><V107/><F74/><W98/><G122/><N who="2" m="46633" /><F101/><W38/><G109/><T80/><D118/><U36/><E103/><V41/><F107/><W56/><G132/><N who="1" m="50794" /><E85/><V100/><F100/><W32/><G7/><T49/><D67/><U124/><E121/><V57/><F57/><W47/><G82/><T127/><D49/><U116/><E70/><V130/><F46/><W83/><G83/><T105/><D27/><U91/><E91/><V62/><F62/><W69/><G69/><T8/><D8/><N who="1" m="4359" /><E36/><V78/><F41/><W87/><G87/><T11/><D58/><U0/><E0/><V24/><F78/><W63/><G65/><T23/><D51/><U43/><E43/><V135/><F37/><W106/><G106/><T50/><D105/><U34/><E34/><N who="2" m="12811" /><F135/><W25/><G99/><T111/><D79/><U72/><E72/><V22/><F3/><W45/><G45/><T129/><D96/><U54/><E54/><V12/><F130/><W18/><G94/><T95/><D95/><U102/><E102/><V86/><F86/><W84/><G84/><T39/><D39/><U6/><E108/><V68/><F68/><W31/><G98/><T76/><D111/><U1/><E110/><V97/><F97/><W44/><G44/><N who="0" m="27719" /><D131/><U55/><E55/><V71/><F71/><W75/><G75/><T59/><D129/><U5/><E1/><V128/><F128/><W126/><G64/><T19/><D59/><U17/><E117/><V66/><F66/><W77/><G56/><T104/><D76/><U48/><E116/><V2/><F24/><W81/><G77/><RYUUKYOKU ba="0,0" sc="478,-10,208,-10,116,30,198,-10" hai2="2,10,12,13,20,21,22" />
</Scene>
<Scene>
<INIT seed="6,1,0,4,5,57" ten="468,198,146,188" oya="2" hai0="110,112,4,58,103,73,6,116,64,19,81,90,92" hai1="69,14,123,70,75,78,42,109,101,45,96,26,106" hai2="72,128,32,80,120,49,126,82,131,124,77,115,108" hai3="68,71,20,95,60,47,102,79,2,93,105,134,119"/><V53/><F32/><W91/><G119/><T41/><D110/><U111/><E14/><V0/><F0/><W67/><G134/><T76/><D103/><U54/><E54/><V51/><F120/><W135/><G135/><T18/><D41/><U8/><E8/><V23/><F108/><W100/><G105/><T87/><D112/><U88/><E26/><V46/><F115/><W5/><G71/><T61/><D116/><U21/><E21/><V43/><F82/><W74/><G2/><T59/><D59/><U31/><E31/><V104/><F104/><W117/><G117/><T62/><D62/><U114/><E114/><V122/><F23/><W107/><G107/><T86/><D73/><U84/><E123/><V9/><F9/><W52/><G5/><AGARI ba="1,0" hai="4,5,6,18,19,58,61,64,76,81,86,87,90,92" machi="5" ten="40,2600,0" yaku="8,1,52,1" doraHai="57" who="0" fromWho="3" sc="468,29,198,0,146,0,188,-29" />
</Scene>
<Scene>
<INIT seed="7,0,0,3,1,126" ten="497,198,146,159" oya="3" hai0="99,58,77,125,113,134,13,57,62,67,122,17,98" hai1="82,39,29,40,37,54,64,129,85,97,9,11,78" hai2="89,72,59,61,121,38,109,107,130,120,75,49,106" hai3="119,0,87,117,86,24,51,25,79,115,133,5,76"/><W44/><G0/><T33/><D122/><N who="2" m="47210" /><F38/><W10/><G115/><T81/><D33/><U95/><E129/><V14/><F109/><W21/><G133/><T101/><D125/><U124/><E124/><V1/><F1/><W2/><G119/><T105/><D99/><U66/><E29/><V84/><F49/><W111/><G111/><T65/><D58/><U73/><E73/><N who="2" m="28235" /><F14/><W48/><G117/><T80/><D80/><U55/><E39/><V26/><F26/><W94/><G48/><T116/><D17/><U23/><E23/><V92/><F130/><W63/><G63/><T96/><D57/><U4/><E40/><V93/><F92/><W70/><G70/><T112/><D98/><U91/><E37/><V41/><F41/><W53/><G24/><T127/><D101/><U118/><E118/><V71/><F71/><W104/><G104/><T74/><D81/><U128/><E128/><V102/><F102/><W110/><G110/><T36/><D74/><U132/><E132/><V46/><F46/><W108/><G108/><T56/><D62/><U68/><E68/><V131/><F131/><W8/><G8/><N who="1" m="3146" /><E4/><V19/><F19/><W16/><REACH who="3" step="1"/><G94/><REACH who="3" ten="497,198,146,149" step="2"/><T100/><D113/><U52/><AGARI ba="0,1" hai="52,54,55,64,66,78,82,85,91,95,97" m="3146" machi="52" ten="30,2000,0" yaku="8,1,54,1" doraHai="126" who="1" fromWho="1" sc="497,-5,198,30,146,-5,149,-10" owari="492,59.0,228,3.0,141,-26.0,139,-36.0" />
</Scene>
</mjloggm>