<mjloggm ver="2.3"><GO type="169" lobby="0"/><UN n0="%65%72%61%6E%76%69%74%61" n1="%E9%A2%A8%E8%BB%8A%E3%81%AE%E7%B5%B5%E7%90%86%E5%AD%90" n2="%E5%A4%AA%E3%81%8F%E3%81%AA%E3%81%84%E3%81%8A" n3="%E3%81%8B%E3%81%97%E3%81%8B%E3%81%8A" dan="16,17,19,17" rate="2123.49,2158.10,2314.64,2198.74" sx="M,F,F,M"/><TAIKYOKU oya="0"/>

<Scene>
<INIT seed="0,0,0,5,4,104" ten="250,250,250,250" oya="0" hai0="37,23,61,122,28,129,32,52,73,125,30,116,31" hai1="117,89,84,56,44,94,60,97,119,113,130,133,87" hai2="38,36,22,86,128,55,110,107,115,80,121,66,109" hai3="5,76,59,2,10,127,0,71,126,118,85,101,135"/><T92/><D37/><U106/><E133/><V8/><F121/><W25/><G118/><T81/><D32/><U15/><E130/><V98/><F115/><W74/><G71/><T1/><D1/><U68/><E68/><V4/><F66/><W82/><G135/><T18/><D116/><U33/><E33/><V134/><F134/><W96/><G25/><T21/><D122/><U13/><E113/><V79/><F128/><W41/><G59/><T42/><D42/><U105/><E44/><V48/><F22/><W11/><G85/><T88/><D129/><U45/><E45/><N who="2" m="28047" /><F98/><W39/><G11/><T67/><D67/><U12/><E119/><V46/><F107/><N who="3" m="63911" /><G0/><T26/><D125/><U34/><E34/><V72/><F86/><W131/><G131/><T58/><D73/><U91/><E97/><V14/><F46/><AGARI ba="0,0" hai="2,5,10,39,41,46,74,76,82,126,127" m="63911" machi="46" ten="30,3900,0" yaku="25,1,23,1,52,1" doraHai="104" who="3" fromWho="2" sc="250,0,250,0,250,-39,250,39" />
</Scene>
<Scene>
<INIT seed="1,0,0,1,1,26" ten="250,250,211,289" oya="1" hai0="105,49,29,11,112,107,104,5,79,121,80,56,50" hai1="84,17,33,128,22,57,91,30,7,101,4,129,27" hai2="13,122,74,35,87,82,59,78,134,2,85,70,39" hai3="103,20,75,60,83,63,18,66,96,31,25,61,90"/><U41/><E41/><V108/><F70/><W42/><G42/><T37/><D37/><U116/><E116/><V95/><F2/><W51/><G51/><T48/><D112/><U86/><E101/><V53/><F39/><W15/><G75/><T45/><D56/><U130/><E57/><V44/><F122/><W38/><G38/><T77/><D121/><U12/><REACH who="1" step="1"/><E86/><REACH who="1" ten="250,240,211,289" step="2"/><V32/><F87/><W67/><G103/><T28/><D45/><U55/><E55/><V69/><F44/><W100/><G100/><T88/><D88/><U64/><E64/><V3/><F53/><W19/><G67/><T102/><D102/><U114/><E114/><V1/><F59/><W124/><G66/><T8/><D80/><AGARI ba="0,1" hai="4,7,12,17,22,27,30,33,80,84,91,128,129,130" machi="80" ten="40,7700,0" yaku="1,1,19,1,52,1,53,0" doraHai="26" doraHaiUra="43" who="1" fromWho="0" sc="250,-77,240,87,211,0,289,0" />
</Scene>
<Scene>
<INIT seed="1,1,0,2,4,80" ten="173,327,211,289" oya="1" hai0="93,116,23,17,56,132,51,104,70,133,3,37,4" hai1="20,100,21,39,44,126,124,15,11,24,46,112,130" hai2="19,128,71,81,25,38,45,78,27,72,60,0,120" hai3="134,101,86,119,103,8,75,29,7,61,87,54,94"/><U105/><E112/><V59/><F120/><W16/><G75/><T42/><D104/><U125/><E105/><V34/><F71/><W90/><G29/><T115/><D70/><U63/><E100/><N who="3" m="38474" /><G134/><T41/><D115/><U35/><E63/><V62/><F128/><W84/><G7/><T47/><D116/><U12/><E39/><V89/><F0/><W96/><G119/><T77/><D93/><U113/><E46/><V76/><F76/><W40/><G40/><T74/><D42/><U95/><E95/><V127/><F127/><W117/><G117/><T1/><D1/><U123/><E44/><V83/><F34/><W13/><G61/><T36/><D56/><U30/><E113/><V14/><F45/><W114/><G114/><T109/><D51/><U65/><E65/><V52/><F38/><W26/><G54/><T57/><D37/><U107/><E107/><V22/><REACH who="2" step="1"/><F60/><REACH who="2" ten="173,327,201,289" step="2"/><W121/><G121/><T67/><D47/><U2/><E123/><V129/><F129/><W110/><G110/><T111/><D109/><U55/><E130/><V106/><F106/><W91/><G26/><N who="0" m="14703" /><D111/><U18/><E2/><V49/><F49/><W64/><G64/><T10/><D67/><U122/><E122/><V9/><F9/><W31/><G31/><T53/><D36/><U69/><E69/><V118/><F118/><W108/><G108/><T79/><D79/><U102/><E55/><V131/><F131/><W33/><G33/><T6/><D3/><U68/><E68/><V48/><F48/><W66/><G66/><T32/><D32/><U97/><E35/><RYUUKYOKU ba="1,1" sc="173,-15,327,-15,201,15,289,15" hai2="14,19,22,25,27,52,59,62,72,78,81,83,89" hai3="8,13,16,84,86,87,90,91,94,96" />
</Scene>
<Scene>
<INIT seed="2,2,1,0,1,74" ten="158,312,216,304" oya="2" hai0="12,60,73,18,9,24,37,105,54,123,17,77,53" hai1="13,65,75,125,131,16,44,81,122,58,35,115,111" hai2="11,40,2,48,10,91,135,26,5,28,88,129,127" hai3="64,72,68,61,59,56,85,93,69,113,51,120,67"/><V86/><F127/><W117/><G72/><T119/><D37/><U87/><E75/><V94/><F135/><W89/><G120/><T66/><D105/><U33/><E115/><V84/><F129/><W132/><G117/><T43/><D43/><U57/><E111/><V36/><F36/><W70/><G132/><T101/><D101/><U21/><E131/><V30/><F11/><W90/><G113/><T27/><D123/><U80/><E80/><V14/><F2/><W1/><G1/><T118/><D54/><U22/><E125/><V99/><F26/><W82/><G51/><T42/><D53/><U38/><E22/><V121/><F121/><W32/><G32/><T4/><D42/><U50/><E38/><V133/><F133/><W78/><G93/><T98/><D98/><U39/><E39/><V110/><F110/><W92/><G92/><T15/><D4/><U31/><E65/><V130/><F130/><W103/><G103/><T49/><D49/><U6/><E6/><V134/><F134/><W41/><G41/><T8/><D119/><U45/><E45/><N who="2" m="25639" /><F99/><W25/><G25/><T102/><D118/><U106/><E106/><V0/><F0/><W97/><G97/><T29/><D102/><U34/><E122/><V96/><F96/><W76/><G90/><T108/><D29/><U55/><REACH who="1" step="1"/><E31/><REACH who="1" ten="158,302,216,304" step="2"/><V112/><F112/><W124/><G124/><T95/><D108/><U114/><E114/><V107/><F107/><W71/><N who="3" m="17920" /><DORA hai="63" /><W46/><G46/><T62/><D66/><U3/><E3/><V47/><F47/><W20/><G20/><RYUUKYOKU ba="2,2" sc="158,-30,302,10,216,10,304,10" hai1="13,16,21,33,34,35,44,50,55,57,58,81,87" hai2="5,10,14,28,30,84,86,88,91,94" hai3="56,59,61,64,67,76,78,82,85,89" />
</Scene>
<Scene>
<INIT seed="2,3,2,1,5,105" ten="128,312,226,314" oya="2" hai0="4,19,53,22,76,128,31,90,32,86,23,80,56" hai1="121,54,135,133,82,98,5,2,95,21,92,112,75" hai2="41,97,12,28,7,81,102,25,65,103,63,120,30" hai3="60,26,94,132,67,117,10,115,14,104,39,99,27"/><V78/><F120/><W57/><G39/><T96/><D128/><U131/><E2/><V45/><F7/><W126/><G117/><T43/><D32/><U66/><E66/><V70/><F12/><W59/><G132/><T3/><D3/><U46/><E5/><V85/><F97/><W124/><G104/><T91/><D4/><U77/><E21/><V52/><F30/><W118/><G118/><T50/><D96/><U40/><E46/><V72/><F85/><W18/><G115/><T24/><REACH who="0" step="1"/><D43/><REACH who="0" ten="118,312,226,314" step="2"/><U123/><E40/><V113/><F113/><W42/><G42/><T83/><D83/><U0/><E0/><V110/><F110/><W48/><G126/><T35/><D35/><U17/><E112/><V71/><F71/><W1/><G1/><T69/><D69/><U79/><E131/><V68/><F68/><W129/><G129/><T47/><D47/><U89/><E123/><V114/><F114/><W64/><G124/><T116/><D116/><U15/><E121/><V51/><REACH who="2" step="1"/><F41/><REACH who="2" ten="118,312,216,314" step="2"/><W125/><G125/><T8/><D8/><U16/><E135/><V108/><F108/><W109/><G109/><T74/><D74/><U130/><E133/><V101/><F101/><W6/><G6/><T127/><D127/><U93/><E130/><V88/><F88/><W62/><REACH who="3" step="1"/><G48/><REACH who="3" ten="118,312,216,304" step="2"/><T49/><D49/><U84/><E98/><V29/><F29/><W34/><G34/><AGARI ba="3,5" hai="25,28,34,45,51,52,63,65,70,72,78,81,102,103" machi="34" ten="30,12000,1" yaku="1,1,7,1,52,1,54,1,53,1" doraHai="105" doraHaiUra="73" who="2" fromWho="3" sc="118,0,312,0,216,179,304,-129" />
</Scene>
<Scene>
<INIT seed="2,4,0,5,4,19" ten="118,312,395,175" oya="2" hai0="93,92,85,57,126,115,99,105,68,55,74,102,40" hai1="118,13,114,37,47,128,75,110,106,4,65,98,26" hai2="69,56,73,27,131,95,31,61,111,86,109,9,108" hai3="104,129,6,64,50,43,44,94,24,87,125,66,124"/><V117/><F73/><W29/><G104/><T77/><D68/><U67/><E26/><V45/><F117/><W127/><G6/><T82/><D115/><U33/><E13/><V5/><F69/><W11/><G11/><T96/><D40/><U71/><E65/><V112/><F112/><W78/><G129/><T46/><D46/><U90/><E90/><N who="2" m="53719" /><F45/><W89/><REACH who="3" step="1"/><G78/><REACH who="3" ten="118,312,395,165" step="2"/><T119/><D119/><U120/><E4/><V52/><F131/><W41/><G41/><T7/><D7/><U103/><E128/><V70/><F9/><W35/><AGARI ba="4,1" hai="24,29,35,43,44,50,64,66,87,89,94,124,125,127" machi="35" ten="30,8000,1" yaku="1,1,0,1,18,1,53,2" doraHai="19" doraHaiUra="63" who="3" fromWho="3" sc="118,-24,312,-24,395,-44,165,102" />
</Scene>
<Scene>
<INIT seed="3,0,0,0,0,10" ten="94,288,351,267" oya="3" hai0="48,72,107,55,40,29,19,121,63,83,95,39,128" hai1="85,49,75,80,86,108,92,125,61,38,24,56,3" hai2="4,42,2,67,123,5,109,102,9,37,124,74,27" hai3="35,44,132,99,36,54,6,1,57,100,71,68,51"/><W81/><G35/><T62/><D107/><U22/><E38/><V18/><F102/><W90/><G132/><T84/><D72/><U20/><E3/><V96/><F96/><W103/><G6/><T59/><D121/><U133/><E75/><V97/><F97/><W52/><G1/><T17/><D128/><U127/><E49/><V131/><F5/><W32/><G32/><T66/><D29/><U23/><E92/><V31/><F67/><W89/><G103/><T119/><D95/><U8/><E8/><V111/><F74/><W7/><G7/><T79/><D119/><U110/><E24/><V46/><F131/><W122/><G122/><T115/><D115/><U134/><E56/><V25/><F123/><W94/><G36/><T69/><REACH who="0" step="1"/><D63/><REACH who="0" ten="84,288,351,267" step="2"/><U21/><E61/><V11/><F31/><W30/><G30/><T70/><D70/><U33/><E33/><V28/><F28/><W65/><G68/><T104/><D104/><U78/><N who="1" m="5120" /><DORA hai="13" /><U135/><REACH who="1" step="1"/><E86/><REACH who="1" ten="84,278,351,267" step="2"/><V0/><F27/><W98/><G71/><T53/><D53/><U58/><E58/><V41/><F25/><W60/><G81/><T130/><D130/><U114/><E114/><V76/><F4/><W120/><G120/><T116/><D116/><U101/><E101/><V77/><F0/><W43/><G99/><T112/><D112/><U47/><E47/><AGARI ba="0,2" hai="17,19,39,40,47,48,55,59,62,66,69,79,83,84" machi="47" ten="40,16000,3" yaku="1,1,24,2,52,2,53,3" doraHai="10,13" doraHaiUra="64,15" who="0" fromWho="1" sc="84,180,278,-160,351,0,267,0" />
</Scene>
<Scene>
<INIT seed="4,0,0,5,4,82" ten="264,118,351,267" oya="0" hai0="90,0,120,135,19,84,95,14,81,125,92,51,56" hai1="12,100,123,22,61,134,50,73,44,11,109,4,47" hai2="115,69,25,34,118,23,96,13,42,57,97,8,43" hai3="3,27,26,53,20,58,17,40,45,91,65,133,1"/><T30/><D0/><U85/><E73/><V106/><F69/><W72/><G72/><T32/><D120/><U70/><E109/><V114/><F34/><W105/><G105/><T39/><D39/><U6/><E123/><V113/><F118/><W89/><G65/><T94/><D125/><U93/><E134/><V76/><F76/><W10/><G133/><T24/><D135/><U63/><E6/><N who="2" m="3223" /><F57/><W131/><G131/><T80/><D80/><U98/><E70/><V2/><F2/><W102/><G102/><T86/><D56/><U75/><E75/><V60/><F60/><W111/><G111/><T83/><D51/><U28/><E47/><V15/><F15/><W74/><G74/><T122/><D122/><U21/><E21/><V104/><F96/><W87/><G27/><T59/><D59/><U36/><E36/><V54/><F54/><W129/><G129/><T88/><D95/><U7/><E7/><V101/><F106/><W9/><G3/><T71/><D71/><U29/><E29/><AGARI ba="0,0" hai="23,25,29,42,43,97,101,104,113,114,115" m="3223" machi="29" ten="30,1000,0" yaku="15,1" doraHai="82" who="2" fromWho="1" sc="264,0,118,-10,351,10,267,0" />
</Scene>
<Scene>
<INIT seed="5,0,0,1,3,99" ten="264,108,361,267" oya="1" hai0="75,67,55,44,36,17,110,130,28,29,21,70,98" hai1="34,72,30,87,96,93,42,69,90,47,18,62,79" hai2="121,2,89,135,114,127,125,60,23,31,65,59,109" hai3="101,13,68,32,86,126,8,41,35,134,0,19,25"/><U37/><E34/><V122/><F109/><W58/><G68/><T95/><D75/><U39/><E39/><V24/><F2/><W33/><G41/><T120/><D120/><U4/><E30/><V49/><F135/><W116/><G58/><T46/><D110/><U85/><E4/><V112/><F89/><W91/><G134/><T16/><D130/><U102/><E18/><V27/><F49/><W105/><G126/><N who="2" m="48137" /><F24/><W123/><G123/><AGARI ba="0,0" hai="23,27,31,59,60,65,112,114,121,122,123" m="48137" machi="123" ten="40,1300,0" yaku="18,1" doraHai="99" who="2" fromWho="3" sc="264,0,108,0,361,13,267,-13" />
</Scene>
<Scene>
<INIT seed="6,0,0,2,0,51" ten="264,108,374,254" oya="2" hai0="72,112,77,10,37,8,3,85,121,101,20,43,14" hai1="120,95,82,53,47,127,103,31,75,110,58,130,83" hai2="5,64,63,18,100,42,114,79,116,68,19,67,25" hai3="118,90,113,124,54,111,39,86,15,36,33,80,57"/><V40/><F116/><W13/><G111/><T2/><D101/><U92/><E110/><V50/><F79/><W129/><G33/><T119/><D85/><U7/><E7/><V76/><F76/><W23/><G118/><T74/><D119/><U22/><E75/><V0/><F64/><W62/><G129/><T106/><D106/><U87/><E130/><V115/><F100/><W21/><G124/><T69/><D20/><U17/><E31/><V125/><F125/><W132/><G132/><T84/><D84/><U78/><E127/><V9/><F25/><W105/><G105/><T73/><D69/><U32/><E32/><V133/><F133/><W45/><G113/><N who="2" m="43017" /><F50/><W131/><G131/><T98/><D77/><U30/><E30/><V61/><F61/><W11/><G15/><T29/><D14/><U56/><E83/><V102/><F102/><W123/><G123/><T128/><D29/><U27/><E120/><V93/><F93/><W6/><G39/><T16/><D74/><U35/><E35/><V99/><F99/><W12/><G12/><T26/><D98/><U97/><REACH who="1" step="1"/><E95/><REACH who="1" ten="264,98,374,254" step="2"/><V38/><F5/><W1/><G1/><T94/><D2/><U81/><E81/><V108/><F0/><W117/><G117/><T48/><D3/><U24/><E24/><V52/><F108/><W28/><G28/><T55/><D26/><U60/><E60/><V107/><F63/><W89/><G80/><T65/><D112/><U41/><E41/><V88/><F40/><W96/><G62/><T34/><D128/><U66/><E66/><V134/><F67/><RYUUKYOKU ba="0,1" sc="264,-10,98,30,374,-10,254,-10" hai1="17,22,27,47,53,56,58,78,82,87,92,97,103" />
</Scene>
<Scene>
<INIT seed="7,1,1,0,0,75" ten="254,128,364,244" oya="3" hai0="17,78,111,12,109,69,126,68,81,102,45,14,3" hai1="0,121,97,117,72,84,104,86,25,58,82,59,127" hai2="132,15,88,9,29,65,62,52,87,90,124,40,128" hai3="41,79,43,130,105,106,95,94,73,133,74,115,83"/><W134/><G41/><T57/><D3/><U114/><E0/><V70/><F40/><W129/><G43/><T34/><D34/><U24/><E121/><V39/><F39/><W98/><G115/><T38/><D45/><U31/><E72/><V28/><F124/><W33/><G33/><T103/><D38/><U21/><E127/><V47/><F128/><N who="3" m="49259" /><G73/><T27/><D57/><U49/><E114/><V99/><F132/><N who="3" m="50795" /><G94/><T80/><D126/><U10/><E117/><V76/><F99/><W77/><G77/><T131/><D131/><U48/><E10/><V71/><F76/><W46/><G46/><T8/><D78/><U100/><E104/><V50/><F71/><W66/><G66/><T51/><D8/><U20/><E97/><V19/><F90/><AGARI ba="1,1" hai="74,79,83,90,95,98,105,106" m="50795,49259" machi="90" ten="30,12000,1" yaku="19,1,20,1,34,2,52,1" doraHai="75" who="3" fromWho="2" sc="254,0,128,0,364,-123,244,133" owari="254,5.0,128,-37.0,241,-16.0,377,48.0" />
</Scene>
</mjloggm>