<mjloggm ver="2.3"><GO type="169" lobby="0"/><UN n0="%E3%81%AD%E3%82%80%E3%82%8A%E3%82%93" n1="%E5%A4%AA%E3%81%8F%E3%81%AA%E3%81%84%E3%81%8A" n2="%E6%8E%A8%E7%A9%BA%EF%BC%B0" n3="%7A%61%63%63" dan="16,17,16,17" rate="2066.86,2258.91,2082.26,2146.42" sx="F,M,F,F"/><TAIKYOKU oya="0"/>

<Scene>
<INIT seed="0,0,0,2,0,75" ten="250,250,250,250" oya="0" hai0="36,93,87,44,0,51,119,29,1,34,94,52,56" hai1="28,110,69,5,39,78,82,123,122,42,71,115,58" hai2="80,91,11,98,25,100,45,125,84,113,68,4,23" hai3="46,48,104,96,2,60,107,53,41,111,13,85,55"/><T61/><D119/><U6/><E28/><V3/><F113/><W127/><G2/><T65/><D29/><U135/><E115/><V133/><F125/><W49/><G127/><T105/><D34/><U19/><E110/><V37/><F133/><W18/><G111/><T72/><D72/><U101/><E135/><V108/><F108/><W27/><G27/><T15/><D105/><U83/><E101/><V126/><F126/><W64/><G96/><T16/><D36/><U47/><E19/><V43/><F68/><W50/><G104/><T22/><D94/><U31/><E31/><V74/><F74/><W131/><G85/><T14/><D14/><U17/><E17/><V134/><F134/><W86/><G86/><T30/><D30/><U54/><E83/><V117/><F117/><W109/><G107/><T128/><D128/><U103/><E103/><V97/><F100/><W8/><G131/><T76/><REACH who="0" step="1"/><D93/><REACH who="0" ten="240,250,250,250" step="2"/><U130/><E130/><V26/><F26/><W132/><G109/><T62/><D62/><U95/><E95/><V89/><F25/><W10/><G132/><T112/><D112/><U66/><E123/><V70/><F37/><W77/><G10/><T57/><D57/><U20/><E122/><V92/><F70/><W120/><G120/><T21/><D21/><U59/><E20/><V24/><F23/><W88/><G8/><T116/><D116/><U79/><E59/><V40/><F24/><W38/><G13/><T73/><D73/><N who="1" m="43343" /><E69/><V32/><F32/><W124/><G124/><T121/><D121/><U33/><E33/><V114/><F114/><RYUUKYOKU ba="0,1" sc="240,30,250,-10,250,-10,250,-10" hai0="0,1,15,16,22,44,51,52,56,61,65,76,87" />
</Scene>
<Scene>
<INIT seed="0,1,1,0,4,41" ten="270,240,240,240" oya="0" hai0="13,53,18,100,11,101,98,63,76,124,89,113,9" hai1="126,51,54,109,119,39,26,57,120,111,15,3,133" hai2="68,118,29,36,106,71,65,108,67,5,82,25,16" hai3="99,134,90,125,72,17,115,78,31,103,60,135,73"/><T55/><D113/><U23/><E3/><V86/><F5/><W96/><G31/><T52/><D124/><U112/><E119/><V69/><F108/><N who="1" m="41545" /><E120/><V80/><F118/><W102/><G17/><T92/><D76/><U128/><E126/><V64/><F106/><N who="3" m="63815" /><G60/><T58/><D9/><U27/><E112/><V2/><F2/><W59/><G59/><T131/><D131/><U123/><E123/><V0/><F0/><W43/><G43/><T129/><D129/><U116/><E116/><V1/><F1/><W132/><G115/><T127/><D127/><U130/><E39/><V50/><F64/><AGARI ba="1,1" hai="11,13,18,52,53,55,58,63,64,89,92,98,100,101" machi="64" ten="40,3900,0" yaku="8,1,54,1" doraHai="41" who="0" fromWho="2" sc="270,52,240,0,240,-42,240,0" />
</Scene>
<Scene>
<INIT seed="0,2,0,2,4,20" ten="322,240,198,240" oya="0" hai0="108,120,65,130,14,12,37,57,42,47,46,9,8" hai1="30,29,104,31,28,62,51,75,106,26,109,36,133" hai2="100,22,98,38,11,123,23,21,16,56,24,94,134" hai3="121,6,18,53,87,78,95,70,27,41,86,64,96"/><T1/><D120/><U107/><E36/><V2/><F38/><W55/><G41/><T66/><D1/><U111/><E75/><V72/><F134/><W112/><G112/><T128/><D108/><N who="1" m="41547" /><E133/><V118/><F123/><W79/><G70/><T61/><D65/><U125/><E125/><V82/><F118/><W99/><G6/><T52/><D47/><U93/><E51/><V84/><F72/><W67/><G27/><T34/><D34/><N who="1" m="20759" /><E93/><V71/><F71/><W103/><G18/><T44/><D44/><U129/><E62/><V89/><F2/><W60/><G60/><T116/><D66/><N who="3" m="25129" /><G121/><T124/><D124/><U83/><E83/><V92/><F11/><W49/><G55/><T126/><D126/><U10/><E10/><N who="0" m="4201" /><D116/><U15/><E15/><V68/><F68/><W85/><G99/><T88/><D88/><U17/><E17/><V7/><F7/><W110/><G110/><T19/><D19/><U69/><E69/><V101/><F56/><AGARI ba="2,0" hai="49,53,56,78,79,85,86,87,95,96,103" m="25129" machi="56" ten="30,1000,0" yaku="8,1" doraHai="20" who="3" fromWho="2" sc="322,0,240,0,198,-16,240,16" />
</Scene>
<Scene>
<INIT seed="1,0,0,4,1,49" ten="322,240,182,256" oya="1" hai0="7,43,131,47,3,115,10,39,22,73,134,14,81" hai1="79,66,69,92,4,91,114,118,18,100,56,106,121" hai2="103,80,46,93,113,126,24,29,74,65,133,36,77" hai3="78,120,2,27,54,112,90,40,85,20,45,28,42"/><U61/><E114/><V31/><F113/><W26/><G120/><T59/><D115/><U123/><E118/><V33/><F133/><W125/><G2/><T71/><D71/><U16/><E4/><V108/><F108/><W95/><G125/><T70/><D70/><U83/><E69/><V68/><F29/><W1/><G1/><T38/><D131/><U101/><E123/><V0/><F0/><W86/><G27/><T116/><D116/><U111/><E121/><V13/><F13/><W84/><G112/><T88/><D134/><U34/><E34/><V63/><F126/><W124/><G124/><T122/><D122/><U119/><E119/><V64/><F64/><W72/><G72/><T105/><D105/><U55/><E111/><V107/><F93/><W58/><G78/><T50/><D59/><N who="1" m="37183" /><E106/><V128/><F128/><W129/><G129/><T57/><D57/><U117/><E117/><V8/><F8/><W17/><G28/><T104/><D104/><U82/><E100/><V127/><F127/><W62/><REACH who="3" step="1"/><G45/><REACH who="3" ten="322,240,182,246" step="2"/><T48/><D3/><U44/><E44/><V110/><F46/><W32/><G32/><T135/><D73/><U41/><E79/><V23/><F110/><W25/><G25/><T52/><D47/><U98/><E41/><AGARI ba="0,1" hai="17,20,26,40,41,42,54,58,62,84,85,86,90,95" machi="41" ten="40,5200,0" yaku="1,1,8,1,52,1,53,0" doraHai="49" doraHaiUra="99" who="3" fromWho="1" sc="322,0,240,-52,182,0,246,62" />
</Scene>
<Scene>
<INIT seed="2,0,0,4,2,76" ten="322,188,182,308" oya="2" hai0="92,77,73,51,96,68,67,47,95,80,59,53,49" hai1="70,111,31,57,100,20,50,83,13,135,0,69,38" hai2="3,103,17,66,56,122,113,106,28,123,125,86,27" hai3="97,133,12,36,37,2,131,121,107,6,60,45,8"/><V62/><F113/><W4/><G121/><T22/><D68/><U15/><E0/><V10/><F125/><W34/><G133/><T116/><D116/><U5/><E38/><V48/><F106/><W58/><G34/><T101/><D67/><U43/><E135/><V41/><F103/><W54/><G131/><T24/><D92/><U42/><E111/><V30/><F3/><W74/><G74/><T110/><D110/><U105/><E105/><V132/><F132/><W65/><G4/><T91/><D101/><U93/><E69/><V29/><F123/><W44/><G97/><T39/><D39/><U127/><E70/><V88/><F122/><W114/><G114/><T85/><D47/><N who="3" m="17993" /><G2/><T115/><D115/><U40/><E127/><V108/><F108/><W119/><G107/><T9/><D9/><U1/><E1/><V126/><F126/><W128/><G119/><T124/><D124/><U64/><E5/><V102/><F102/><W118/><G128/><T104/><D104/><U7/><E7/><V75/><F75/><W71/><G118/><T25/><D25/><N who="1" m="16807" /><E83/><N who="2" m="49247" /><F41/><W89/><G37/><T26/><D26/><U35/><E35/><V129/><F129/><W52/><G36/><T19/><D73/><U18/><E100/><V21/><F48/><AGARI ba="0,0" hai="19,22,24,48,49,51,53,59,77,80,85,91,95,96" machi="48" ten="30,3900,0" yaku="7,1,8,1,52,1" doraHai="76" who="0" fromWho="2" sc="322,39,188,0,182,-39,308,0" />
</Scene>
<Scene>
<INIT seed="3,0,0,4,5,121" ten="361,188,143,308" oya="3" hai0="21,42,10,96,9,53,115,79,78,19,66,12,76" hai1="98,82,111,103,94,50,49,37,1,68,17,7,95" hai2="57,63,0,85,45,70,77,132,58,126,55,34,14" hai3="29,31,100,38,113,44,65,23,112,90,24,67,84"/><W106/><G31/><T74/><D74/><U134/><E37/><V32/><F0/><W15/><G106/><T80/><D115/><U101/><E68/><V5/><F126/><W105/><G105/><T59/><D80/><U60/><E60/><V83/><F70/><W88/><G100/><T33/><D33/><U43/><E134/><V109/><F132/><W28/><G28/><T18/><D66/><U122/><E122/><V36/><F109/><W64/><G90/><T89/><D42/><U62/><E62/><V128/><F128/><W117/><G117/><T119/><D119/><U61/><E61/><V110/><F110/><W69/><G69/><T8/><D96/><N who="1" m="59543" /><E1/><V114/><F114/><W3/><G3/><T52/><D89/><U46/><E111/><V91/><F58/><W27/><G27/><T133/><D133/><U41/><E7/><V30/><F30/><W35/><G44/><T99/><D99/><U54/><E82/><V118/><F118/><W73/><G73/><T135/><D135/><U56/><E17/><V125/><F125/><W51/><G51/><N who="0" m="31135" /><D53/><AGARI ba="0,0" hai="41,43,46,49,50,53,54,56,95,98,103" m="59543" machi="53" ten="30,1000,0" yaku="8,1" doraHai="121" who="1" fromWho="0" sc="361,-10,188,10,143,0,308,0" />
</Scene>
<Scene>
<INIT seed="4,0,0,4,1,66" ten="351,198,143,308" oya="0" hai0="20,76,38,44,109,108,36,42,81,46,122,89,95" hai1="133,0,93,124,23,52,61,72,34,1,49,94,116" hai2="69,67,24,63,132,37,29,112,96,126,35,18,12" hai3="92,64,30,62,21,101,51,56,6,121,2,7,68"/><T53/><D122/><U80/><E34/><V31/><F126/><W57/><G2/><T130/><D130/><U25/><E116/><V27/><F112/><W40/><G121/><T15/><D53/><U135/><E124/><V26/><F132/><N who="1" m="50761" /><E61/><V70/><F37/><W127/><G68/><T107/><D107/><U33/><E33/><V123/><F123/><W120/><G127/><T59/><D59/><N who="1" m="33167" /><E72/><V55/><F96/><N who="3" m="59527" /><G120/><T99/><D20/><U128/><E80/><V129/><F129/><W85/><G85/><T125/><D15/><U17/><E128/><V110/><F110/><W19/><G30/><T50/><D125/><U84/><E94/><V13/><F69/><W60/><G51/><T22/><D22/><U48/><E48/><V113/><F113/><W39/><G40/><T102/><D108/><U28/><E28/><V32/><F55/><N who="3" m="33823" /><G39/><T106/><D109/><U105/><E105/><V97/><REACH who="2" step="1"/><F97/><REACH who="2" ten="351,198,133,308" step="2"/><W45/><G45/><T71/><D46/><U111/><E111/><V43/><F43/><W9/><G9/><T47/><D71/><U90/><AGARI ba="0,1" hai="0,1,17,23,25,84,90,93" m="33167,50761" machi="90" ten="30,2000,0" yaku="20,1,54,1" doraHai="66" who="1" fromWho="1" sc="351,-10,198,30,133,-5,308,-5" />
</Scene>
<Scene>
<INIT seed="5,0,0,0,4,108" ten="341,228,128,303" oya="1" hai0="99,116,24,12,122,38,47,131,103,68,60,115,53" hai1="94,73,49,87,57,46,98,13,106,69,128,91,79" hai2="54,104,102,19,96,37,50,107,93,17,5,132,124" hai3="6,117,65,10,71,80,61,118,127,135,64,110,21"/><U121/><E69/><V32/><F37/><W34/><G110/><T114/><D116/><N who="3" m="44649" /><G34/><T84/><D131/><U109/><E109/><V130/><F32/><W101/><G135/><T25/><D122/><U1/><E1/><V88/><F132/><W83/><G127/><T9/><D84/><U129/><E57/><V97/><F124/><W2/><G101/><T52/><D53/><U27/><E121/><V133/><F133/><W3/><G65/><T62/><D62/><U33/><E13/><V75/><F130/><N who="1" m="50281" /><E73/><V111/><F111/><W20/><G2/><T95/><D68/><U15/><E15/><V41/><F75/><W18/><G21/><T59/><D47/><U28/><E79/><V4/><F41/><W44/><G44/><T123/><D38/><U43/><E106/><V67/><F67/><W125/><G125/><T16/><D123/><U35/><E35/><V8/><F107/><W30/><G30/><T22/><REACH who="0" step="1"/><D25/><AGARI ba="0,0" hai="3,6,10,18,20,25,61,64,71,80,83" m="44649" machi="25" ten="30,1000,0" yaku="12,1" doraHai="108" who="3" fromWho="0" sc="341,-10,228,0,128,0,303,10" />
</Scene>
<Scene>
<INIT seed="6,0,0,1,1,7" ten="331,228,128,313" oya="2" hai0="93,56,26,69,105,113,134,48,36,20,14,92,87" hai1="63,90,107,2,128,117,29,116,42,86,88,43,30" hai2="121,126,3,11,23,70,31,46,64,51,59,13,84" hai3="74,54,0,102,12,18,100,71,73,49,9,82,60"/><V119/><F121/><W123/><G0/><T57/><D69/><U81/><E107/><V28/><F119/><W91/><G123/><T32/><D36/><U6/><E128/><V96/><F3/><W104/><G104/><T110/><D105/><U72/><E72/><V114/><F70/><W111/><G111/><T103/><D110/><U132/><E132/><V41/><F126/><W61/><G71/><T130/><D113/><U133/><E133/><V94/><F114/><W122/><G73/><T129/><D32/><U4/><E2/><V99/><F84/><N who="3" m="50583" /><G74/><T85/><D14/><U5/><E63/><N who="3" m="24138" /><G122/><T106/><D106/><U79/><E117/><V27/><F31/><N who="1" m="11785" /><E116/><V131/><F131/><W53/><G53/><T109/><D109/><U135/><E135/><V97/><F64/><W127/><G127/><T45/><D134/><U55/><E55/><V58/><REACH who="2" step="1"/><F94/><REACH who="2" ten="331,228,118,313" step="2"/><W38/><G38/><T89/><D129/><U101/><E101/><V124/><F124/><W120/><G120/><T39/><D103/><U40/><AGARI ba="0,1" hai="4,5,6,40,42,43,79,81,86,88,90" m="11785" machi="40" ten="40,2700,0" yaku="8,1,54,1" doraHai="7" who="1" fromWho="1" sc="331,-7,228,37,118,-13,313,-7" />
</Scene>
<Scene>
<INIT seed="7,0,0,5,4,10" ten="324,265,105,306" oya="3" hai0="73,77,99,14,65,63,29,89,51,111,25,97,82" hai1="90,33,129,70,124,116,133,108,106,0,58,130,69" hai2="123,113,11,18,120,49,59,39,13,126,64,6,72" hai3="54,68,128,74,48,55,21,112,38,43,107,30,1"/><W44/><G107/><T19/><D51/><U27/><RYUUKYOKU type="yao9" ba="0,0" sc="324,0,265,0,105,0,306,0" hai1="0,27,33,58,69,70,90,106,108,116,124,129,130,133" />
</Scene>
<Scene>
<INIT seed="7,1,0,1,3,81" ten="324,265,105,306" oya="3" hai0="94,111,132,26,87,51,2,53,9,95,83,99,72" hai1="18,129,40,11,28,69,75,103,57,113,43,90,105" hai2="1,91,121,130,36,6,100,59,74,80,50,117,32" hai3="77,116,52,60,49,96,25,124,31,16,61,73,13"/><W118/><G124/><T19/><D72/><U85/><E69/><V84/><F6/><W3/><G3/><T70/><D70/><U82/><E113/><V101/><F50/><W8/><G73/><T56/><D111/><U134/><E134/><V128/><F1/><W78/><G116/><T76/><D132/><U126/><E126/><V10/><F10/><W45/><G118/><T27/><D2/><U22/><E129/><N who="2" m="49771" /><F59/><W44/><G96/><T20/><D9/><U23/><E75/><V58/><F58/><W33/><REACH who="3" step="1"/><G44/><REACH who="3" ten="324,265,105,296" step="2"/><T102/><D27/><N who="1" m="16511" /><E105/><AGARI ba="1,1" hai="19,20,26,51,53,56,76,83,87,94,95,99,102,105" machi="105" ten="30,2000,0" yaku="7,1,52,1" doraHai="81" who="0" fromWho="1" sc="324,33,265,-23,105,0,296,0" owari="357,45.0,242,-16.0,105,-39.0,296,10.0" />
</Scene>
</mjloggm>