<mjloggm ver="2.3"><GO type="169" lobby="0"/><UN n0="%E9%BA%A6%E3%81%A8%E3%83%9B%E3%83%83%E3%83%97" n1="%54%53%55%42%41%53%41" n2="%E5%85%83%E7%8F%8D" n3="%E5%A4%AA%E3%81%8F%E3%81%AA%E3%81%84%E3%81%8A" dan="16,16,16,19" rate="2019.15,2106.18,2139.22,2315.54" sx="M,M,M,F"/><TAIKYOKU oya="0"/>

<Scene>
<INIT seed="0,0,0,2,2,55" ten="250,250,250,250" oya="0" hai0="14,6,23,40,12,33,37,58,73,39,110,0,94" hai1="91,20,29,119,93,11,74,97,71,27,50,102,43" hai2="77,84,95,17,88,19,76,121,112,48,103,82,128" hai3="122,52,125,130,108,22,35,92,111,21,3,79,25"/><T54/><D33/><U117/><E74/><V41/><F121/><W75/><G3/><T42/><D94/><U7/><E71/><V2/><F2/><W56/><G122/><T90/><D90/><U57/><E91/><V96/><F112/><W16/><G125/><T18/><D110/><N who="3" m="42025" /><G130/><T86/><D86/><U31/><E31/><V98/><F128/><W81/><G92/><T15/><D73/><U5/><E5/><V51/><F77/><W123/><G123/><T85/><D85/><U115/><E115/><V80/><F80/><W44/><G44/><T78/><D78/><U24/><E24/><V63/><F63/><N who="3" m="36231" /><G22/><T59/><D0/><U32/><E32/><AGARI ba="0,0" hai="16,21,25,32,35,75,79,81" m="36231,42025" machi="32" ten="30,7700,0" yaku="14,1,52,1,54,2" doraHai="55" who="3" fromWho="1" sc="250,0,250,-77,250,0,250,77" />
</Scene>
<Scene>
<INIT seed="1,0,0,3,5,26" ten="250,173,250,327" oya="1" hai0="128,70,66,9,45,127,2,62,67,51,42,116,44" hai1="39,3,131,115,84,18,22,19,68,8,69,129,108" hai2="50,73,41,81,48,111,91,125,36,35,47,105,40" hai3="93,124,60,59,80,130,82,33,64,11,21,120,15"/><U95/><E115/><V132/><F105/><W94/><G33/><T134/><D116/><U1/><E39/><V16/><F111/><W114/><G114/><T119/><D119/><U55/><E95/><N who="3" m="36362" /><G120/><T31/><D31/><U121/><E84/><V79/><F132/><W103/><G103/><T25/><D25/><U99/><E99/><V96/><F125/><W86/><G124/><T5/><D127/><U58/><E8/><V100/><F91/><W49/><G130/><T0/><D134/><U52/><E58/><V109/><F109/><W30/><G49/><T54/><D67/><U28/><E108/><V88/><F100/><W97/><G97/><T4/><D128/><U78/><E22/><V135/><F135/><W12/><G11/><T77/><D77/><U89/><E78/><V104/><F35/><W102/><G102/><T118/><D118/><U17/><E17/><V10/><F104/><W32/><G32/><T83/><D83/><N who="3" m="31785" /><G86/><T13/><REACH who="0" step="1"/><D5/><REACH who="0" ten="240,173,250,327" step="2"/><U20/><E121/><V126/><F126/><W75/><G30/><T34/><D34/><U63/><E28/><V76/><F76/><W101/><G64/><T117/><D117/><U74/><E89/><V43/><F88/><W107/><G101/><T29/><D29/><U112/><E112/><V38/><F79/><W23/><G107/><T65/><D65/><U53/><E131/><V110/><F110/><W90/><G90/><T133/><D133/><U85/><E129/><V123/><F123/><W71/><G75/><T24/><D24/><N who="1" m="14359" /><E74/><V61/><F73/><W106/><G106/><T72/><D72/><RYUUKYOKU ba="0,1" sc="240,30,173,-10,250,-10,327,-10" hai0="0,2,4,9,13,42,44,45,51,54,62,66,70" />
</Scene>
<Scene>
<INIT seed="2,1,1,4,4,93" ten="270,163,240,317" oya="2" hai0="95,99,103,118,72,22,5,20,29,60,66,7,10" hai1="44,34,120,0,30,110,82,54,55,109,35,83,3" hai2="25,33,2,26,76,73,19,9,43,129,94,48,77" hai3="86,104,75,50,6,51,91,124,36,68,107,116,40"/><V12/><F129/><W127/><G116/><T132/><D118/><U88/><E44/><V123/><F123/><W27/><G75/><T130/><D130/><U45/><E45/><V41/><F2/><W115/><G68/><T81/><D132/><U57/><E57/><V80/><F77/><W18/><G115/><T59/><D29/><U100/><E100/><V119/><F119/><W17/><G6/><T98/><D98/><U62/><E30/><V38/><F38/><W8/><G36/><T49/><D49/><N who="3" m="18441" /><G40/><T46/><D46/><U89/><REACH who="1" step="1"/><E62/><REACH who="1" ten="270,153,240,317" step="2"/><V102/><F102/><W70/><G70/><T114/><D114/><U106/><E106/><V74/><F43/><W113/><G104/><T97/><D103/><U101/><E101/><V135/><F41/><W108/><G107/><T126/><D59/><U16/><E16/><V105/><F19/><W64/><G113/><T61/><D60/><U21/><E21/><V92/><F105/><W121/><G17/><T42/><D61/><U128/><E128/><V37/><F48/><W78/><G18/><T63/><D63/><U28/><E28/><V79/><F37/><W52/><G27/><T131/><D22/><U56/><E56/><V134/><F33/><W71/><G71/><T111/><D20/><U53/><E53/><V87/><F9/><W133/><G52/><T23/><D10/><U39/><E39/><V47/><F47/><W96/><G8/><T65/><D42/><U112/><E112/><V84/><F12/><W24/><G24/><T85/><D131/><U13/><E13/><V4/><F4/><RYUUKYOKU ba="1,2" sc="270,-15,153,15,240,15,317,-15" hai1="0,3,34,35,54,55,82,83,88,89,109,110,120" hai2="25,26,73,74,76,79,80,84,87,92,94,134,135" />
</Scene>
<Scene>
<INIT seed="2,2,2,0,0,88" ten="255,168,255,302" oya="2" hai0="118,134,30,133,0,81,94,117,86,100,116,72,84" hai1="28,79,127,58,44,74,126,123,113,106,66,78,104" hai2="63,51,110,108,9,19,129,85,2,33,39,55,10" hai3="18,73,75,99,4,34,38,71,17,89,87,46,56"/><V95/><F39/><W65/><G34/><T13/><D0/><U47/><E66/><V90/><F33/><W7/><G71/><T6/><D30/><U70/><E28/><V130/><F63/><N who="3" m="38119" /><G73/><T101/><D6/><N who="3" m="2089" /><G75/><T24/><D24/><U122/><E74/><V115/><F115/><W107/><G107/><T15/><D15/><U103/><E103/><N who="0" m="39497" /><D13/><U29/><E29/><V14/><F10/><W11/><G38/><T112/><D112/><U60/><E113/><V62/><F62/><W105/><G105/><T42/><D42/><U93/><E60/><V54/><F2/><W43/><G99/><T1/><D1/><U48/><E48/><V12/><F12/><W92/><G11/><T50/><D50/><U67/><E58/><N who="2" m="33119" /><F55/><W21/><G46/><T119/><D119/><U77/><E67/><V68/><F68/><W5/><G5/><T102/><D72/><U83/><E70/><V125/><F125/><N who="1" m="47625" /><E44/><V32/><F32/><W40/><G21/><T69/><D69/><U45/><E45/><V31/><F31/><W80/><G40/><T124/><D124/><U135/><E47/><V26/><F26/><W3/><G43/><T111/><D111/><AGARI ba="2,2" hai="9,14,19,85,90,95,108,110,111,129,130" m="33119" machi="111" ten="30,5800,0" yaku="14,1,10,1,52,1" doraHai="88" who="2" fromWho="0" sc="255,-64,168,0,255,84,302,0" />
</Scene>
<Scene>
<INIT seed="2,3,0,4,0,14" ten="191,168,339,302" oya="2" hai0="90,26,43,135,22,6,19,118,99,125,42,39,130" hai1="74,88,13,86,96,34,105,101,72,18,128,57,54" hai2="63,123,117,0,45,32,30,77,100,3,114,10,107" hai3="84,71,75,11,104,122,55,68,46,23,28,44,41"/><V126/><F114/><W50/><G75/><T52/><D118/><U61/><E34/><V132/><F117/><W92/><G104/><T24/><D135/><U51/><E61/><V49/><F123/><W20/><G122/><T67/><D67/><U66/><E66/><V127/><F132/><W121/><G121/><T98/><D130/><U17/><E128/><V25/><F77/><W102/><G11/><T53/><D125/><N who="2" m="47626" /><F63/><W1/><G1/><T47/><D6/><U113/><E113/><V7/><F100/><W29/><G71/><T65/><D65/><U40/><E40/><N who="0" m="15401" /><D39/><U37/><E37/><V59/><F59/><W60/><G68/><T82/><D47/><U103/><E103/><V111/><F107/><W35/><G35/><T124/><D124/><U97/><E97/><N who="0" m="36873" /><D26/><U69/><E69/><V9/><F49/><N who="3" m="26767" /><G60/><T95/><D82/><U31/><E31/><N who="3" m="11850" /><G102/><T106/><D106/><U89/><E89/><AGARI ba="3,0" hai="20,23,46,50,55,84,89,92" m="11850,26767" machi="89" ten="30,1000,0" yaku="8,1" doraHai="14" who="3" fromWho="1" sc="191,0,168,-19,339,0,302,19" />
</Scene>
<Scene>
<INIT seed="3,0,0,4,4,37" ten="191,149,339,321" oya="3" hai0="120,95,69,109,38,128,116,79,53,41,122,80,133" hai1="31,47,97,77,81,8,127,84,27,71,39,110,106" hai2="96,6,43,52,126,4,51,119,10,87,93,2,123" hai3="100,61,66,83,65,19,67,63,3,35,125,29,54"/><W72/><G3/><T28/><D116/><U45/><E110/><V75/><F75/><W76/><G125/><T102/><D109/><U18/><E127/><V46/><F126/><W58/><G100/><T103/><D69/><U129/><E129/><V135/><F119/><W118/><G118/><T131/><D133/><U33/><E18/><V32/><F32/><W98/><G98/><N who="0" m="59743" /><D28/><U30/><E8/><V21/><F135/><W42/><G19/><T134/><D134/><U25/><E71/><V104/><F104/><W78/><G78/><T62/><D62/><U57/><E57/><V130/><F130/><N who="0" m="49706" /><D103/><U88/><E106/><V108/><F108/><W89/><G89/><T26/><D26/><U114/><E114/><V85/><F6/><W22/><G35/><T12/><D12/><U0/><E0/><V20/><F123/><W113/><G113/><T16/><D16/><U14/><E14/><V115/><F115/><W73/><G63/><T101/><D53/><U111/><E111/><V91/><F21/><W9/><G22/><T48/><D101/><U23/><REACH who="1" step="1"/><E39/><REACH who="1" ten="191,139,339,321" step="2"/><V121/><F121/><W17/><G17/><T90/><D38/><U105/><E105/><V92/><F2/><W124/><G124/><T82/><D122/><U59/><E59/><V11/><F11/><W68/><G9/><T74/><D120/><U40/><E40/><V70/><F10/><W5/><G42/><T86/><D41/><U13/><E13/><V117/><F43/><W7/><G68/><T107/><D107/><U55/><E55/><V132/><F70/><W36/><G36/><RYUUKYOKU ba="0,1" sc="191,15,139,15,339,-15,321,-15" hai0="48,74,79,80,82,86,90" hai1="23,25,27,30,31,33,45,47,77,81,84,88,97" />
</Scene>
<Scene>
<INIT seed="4,1,1,3,5,130" ten="206,154,324,306" oya="0" hai0="84,13,78,73,53,55,134,42,61,26,112,28,98" hai1="117,108,83,90,62,1,106,103,15,101,80,60,99" hai2="124,5,50,56,46,113,37,32,25,129,16,94,131" hai3="18,107,127,100,3,9,82,10,104,75,96,71,119"/><T38/><D112/><U7/><E1/><V79/><F113/><W63/><G119/><T31/><D73/><U33/><E33/><V29/><F37/><W2/><G18/><T102/><D13/><U48/><E117/><V49/><F5/><N who="3" m="1207" /><G127/><T36/><D42/><U118/><E118/><V125/><F79/><N who="3" m="44415" /><G96/><T97/><D97/><U69/><E69/><V24/><F94/><W122/><G100/><N who="1" m="38474" /><E108/><V74/><F74/><W21/><G21/><T128/><D128/><N who="2" m="49226" /><F56/><W126/><G126/><N who="2" m="48745" /><F46/><W89/><G89/><T76/><D38/><U45/><E106/><V77/><F77/><W95/><G95/><T66/><D78/><U121/><E121/><V51/><F25/><W87/><G87/><T12/><D26/><U20/><E83/><V67/><F67/><N who="3" m="41471" /><G122/><T88/><D84/><N who="1" m="50439" /><E99/><V68/><F68/><W47/><G47/><T40/><D76/><U132/><E7/><AGARI ba="1,1" hai="3,7,10,104,107" m="41471,44415,1207" machi="7" ten="30,2000,0" yaku="33,2" doraHai="130" who="3" fromWho="1" sc="206,0,154,-23,324,0,306,33" />
</Scene>
<Scene>
<INIT seed="5,0,0,0,4,65" ten="206,131,324,339" oya="1" hai0="14,112,43,57,46,15,81,109,97,122,120,28,119" hai1="34,26,82,107,29,106,104,64,116,1,40,48,44" hai2="30,62,32,124,35,87,83,24,127,126,13,3,52" hai3="53,58,20,86,60,89,39,22,95,117,51,9,67"/><U25/><E116/><V8/><F3/><W125/><G117/><T80/><D109/><U98/><E1/><V72/><F72/><W45/><G125/><T18/><D119/><U110/><E110/><V36/><F36/><W21/><G39/><T54/><D112/><U79/><E25/><V135/><F135/><W133/><G133/><T76/><D28/><U56/><E56/><V111/><F111/><W84/><G9/><T27/><D27/><U0/><E0/><V123/><F123/><N who="0" m="47146" /><D97/><AGARI ba="0,0" hai="20,21,22,45,51,53,58,60,67,84,86,89,95,97" machi="97" ten="40,1300,0" yaku="8,1" doraHai="65" who="3" fromWho="0" sc="206,-13,131,0,324,0,339,13" />
</Scene>
<Scene>
<INIT seed="6,0,0,1,2,121" ten="193,131,324,352" oya="2" hai0="19,21,37,120,17,30,20,106,4,109,74,35,78" hai1="24,96,115,127,15,82,66,28,31,12,16,105,22" hai2="3,76,2,0,100,99,40,25,32,77,65,5,80" hai3="27,116,101,79,10,124,118,130,98,26,39,36,48"/><V49/><F65/><W43/><G79/><T113/><D106/><U63/><E115/><V41/><F77/><W89/><G89/><T91/><D37/><U107/><E127/><V104/><F5/><W69/><G69/><T67/><D67/><U134/><E134/><V126/><F126/><W34/><G124/><T72/><D91/><U58/><E28/><V8/><F8/><W94/><G130/><T68/><D68/><U128/><E128/><V114/><F114/><W42/><G48/><T81/><D113/><U133/><E133/><V125/><F125/><W11/><G94/><T110/><D120/><U64/><E12/><V46/><F41/><W6/><G6/><T7/><D78/><U59/><E82/><V85/><F25/><W92/><G92/><T60/><D60/><U50/><E96/><V61/><F61/><W33/><G98/><T84/><D81/><U54/><REACH who="1" step="1"/><E64/><REACH who="1" ten="193,121,324,352" step="2"/><V111/><REACH who="2" step="1"/><F32/><AGARI ba="0,1" hai="15,16,22,24,31,32,50,54,58,59,63,66,105,107" machi="32" ten="30,7700,0" yaku="1,1,2,1,7,1,54,1,53,0" doraHai="121" doraHaiUra="83" who="1" fromWho="2" sc="193,0,121,87,324,-77,352,0" />
</Scene>
<Scene>
<INIT seed="7,0,0,0,3,1" ten="193,208,247,352" oya="3" hai0="12,106,2,107,76,35,18,54,61,27,64,122,31" hai1="81,108,14,109,7,15,16,98,116,57,41,43,131" hai2="123,74,97,114,49,133,94,39,4,71,51,77,127" hai3="29,46,72,37,135,119,30,6,44,19,53,22,124"/><W8/><G119/><T66/><D122/><U67/><E131/><V115/><F39/><W70/><G70/><T103/><D76/><U47/><E116/><V125/><F71/><W101/><G72/><T50/><D2/><U10/><E41/><V82/><F4/><W93/><G124/><N who="2" m="47689" /><F123/><W55/><G135/><T105/><D103/><U38/><E98/><V104/><F104/><W62/><G101/><T56/><REACH who="0" step="1"/><D50/><REACH who="0" ten="183,208,247,352" step="2"/><U36/><E36/><V79/><F49/><W52/><G37/><T3/><D3/><U102/><E102/><V110/><F51/><W11/><G46/><T9/><AGARI ba="0,1" hai="9,12,18,27,31,35,54,56,61,64,66,105,106,107" machi="9" ten="30,4000,0" yaku="1,1,0,1,53,1" doraHai="1" doraHaiUra="58" who="0" fromWho="0" sc="183,50,208,-10,247,-10,352,-20" owari="233,-17.0,198,-30.0,237,4.0,332,43.0" />
</Scene>
</mjloggm>