<mjloggm ver="2.3"><GO type="169" lobby="0"/><UN n0="%E5%A4%AA%E3%81%8F%E3%81%AA%E3%81%84%E3%81%8A" n1="%E4%BB%B2%E5%B7%9D%E7%BF%94" n2="%E6%97%85%E4%BA%BA%E3%81%A1%E3%82%88%E3%81%99%E3%81%91" n3="%E3%82%AD%E3%83%A9%E3%83%BC%E3%83%9E%E3%82%B8%E3%83%B3%E3%82%AC%E6%A7%98" dan="18,16,17,17" rate="2254.49,2089.37,2159.74,2191.55" sx="M,M,M,F"/><TAIKYOKU oya="0"/>

<Scene>
<INIT seed="0,0,0,3,0,49" ten="250,250,250,250" oya="0" hai0="35,42,2,77,117,10,25,29,95,19,96,131,11" hai1="86,107,78,69,28,13,114,135,82,74,116,18,62" hai2="0,134,84,63,128,22,46,132,27,44,92,47,61" hai3="127,51,83,15,130,23,30,99,31,102,103,79,26"/><T72/><D117/><U4/><E116/><V129/><F0/><W43/><G130/><N who="2" m="50281" /><F84/><W56/><G127/><T106/><D106/><U101/><E4/><V81/><F81/><W104/><G103/><T21/><D131/><U20/><E114/><V75/><F92/><W24/><G15/><T45/><D77/><U7/><E135/><N who="2" m="51755" /><F75/><W14/><G83/><T112/><D72/><U58/><E69/><V91/><F91/><W53/><G79/><T124/><D124/><U66/><E7/><V85/><F85/><W17/><G43/><T67/><D67/><U39/><E39/><V37/><F37/><W60/><G14/><T34/><D112/><U94/><E28/><AGARI ba="0,0" hai="22,27,28,44,46,47,61,63" m="51755,50281" machi="28" ten="40,2600,0" yaku="19,1,20,1" doraHai="49" who="2" fromWho="1" sc="250,0,250,-26,250,26,250,0" />
</Scene>
<Scene>
<INIT seed="1,0,0,1,4,88" ten="250,224,276,250" oya="1" hai0="7,38,99,59,64,56,61,134,98,117,51,118,73" hai1="15,116,76,41,31,53,24,25,63,84,16,131,57" hai2="48,13,30,4,45,14,109,92,47,85,78,101,70" hai3="111,12,29,83,58,5,0,9,97,103,44,1,21"/><U96/><E116/><V129/><F70/><W72/><G111/><T11/><D38/><U127/><E127/><V49/><F109/><W37/><G58/><T26/><D73/><U133/><E131/><V67/><F129/><W126/><G126/><T22/><D134/><U82/><E133/><V52/><F67/><W35/><G35/><T74/><D74/><U81/><E41/><V34/><F34/><W110/><G110/><T40/><D118/><U135/><E135/><V50/><F30/><W112/><G37/><T60/><D117/><U27/><E82/><N who="2" m="47319" /><F4/><W33/><G33/><T87/><D87/><U104/><E104/><V107/><F107/><W122/><G122/><T89/><D51/><N who="2" m="19530" /><F47/><W130/><G44/><T90/><D40/><U69/><E69/><V108/><F108/><W77/><G130/><T23/><D7/><U42/><E42/><V28/><F28/><W36/><G36/><T6/><D6/><U68/><E68/><V102/><F102/><W121/><G121/><T66/><D66/><BYE who="0" /><U46/><E46/><V2/><F2/><W124/><G112/><T3/><D3/><U113/><E113/><V119/><F119/><W100/><G124/><T115/><D115/><U10/><REACH who="1" step="1"/><E96/><AGARI ba="0,0" hai="13,14,45,50,52,92,96,101" m="19530,47319" machi="96" ten="30,3900,0" yaku="8,1,52,1,54,1" doraHai="88" who="2" fromWho="1" sc="250,0,224,-39,276,39,250,0" />
</Scene>
<Scene>
<INIT seed="2,0,0,0,0,54" ten="250,185,315,250" oya="2" hai0="31,69,100,28,55,117,66,20,16,51,121,89,105" hai1="130,23,27,74,109,32,15,73,131,10,3,127,29" hai2="5,97,34,106,56,42,91,44,30,2,12,126,84" hai3="14,94,59,95,25,80,108,98,46,72,39,49,58"/><V22/><F126/><W79/><G108/><T45/><D45/><U107/><E107/><V85/><F34/><W86/><G39/><T128/><D128/><N who="1" m="49195" /><E74/><UN n0="%E5%A4%AA%E3%81%8F%E3%81%AA%E3%81%84%E3%81%8A" /><V96/><F2/><W120/><G120/><T93/><D121/><U41/><E41/><V101/><F97/><W81/><G25/><T75/><D75/><U7/><E73/><V1/><F1/><W52/><G14/><T110/><D110/><U53/><E53/><V64/><F30/><W116/><G116/><T4/><D4/><U82/><E82/><V8/><F22/><W19/><G19/><T11/><D105/><U111/><E127/><V65/><F91/><W71/><G71/><T36/><D100/><U13/><E13/><V70/><F70/><W125/><G125/><T50/><D69/><U0/><E0/><V119/><F119/><W102/><G94/><T133/><D93/><U124/><E124/><V43/><F43/><W123/><G123/><T76/><D117/><U48/><E48/><V57/><F65/><W103/><G103/><T67/><D66/><U18/><AGARI ba="0,0" hai="3,7,10,15,18,23,27,29,32,109,111" m="49195" machi="18" ten="30,7900,0" yaku="24,1,19,1,34,2" doraHai="54" who="1" fromWho="1" sc="250,-20,185,79,315,-39,250,-20" />
</Scene>
<Scene>
<INIT seed="3,0,0,2,0,68" ten="230,264,276,230" oya="3" hai0="20,71,92,19,56,116,21,9,93,104,0,52,59" hai1="96,50,113,12,40,127,89,38,42,28,17,102,60" hai2="8,26,1,95,115,25,73,35,108,97,134,22,106" hai3="119,37,2,48,109,85,121,70,10,49,24,57,54"/><W83/><G119/><T81/><D71/><U94/><E113/><V105/><F73/><W91/><G121/><T118/><D104/><U43/><E127/><V120/><F115/><W33/><G70/><T125/><D125/><U51/><E38/><V14/><F108/><W107/><G107/><T86/><D0/><U16/><E28/><V23/><F1/><W47/><G109/><T69/><D69/><U39/><E39/><V29/><F134/><W75/><G75/><T122/><D122/><U79/><E79/><V30/><F35/><W58/><G37/><T67/><D9/><U53/><E60/><V4/><REACH who="2" step="1"/><F120/><REACH who="2" ten="230,264,266,230" step="2"/><W112/><G112/><T135/><D135/><U34/><E34/><V13/><F13/><W123/><G123/><T74/><D74/><U63/><E63/><V82/><F82/><W32/><G24/><T76/><D118/><U3/><E3/><V100/><AGARI ba="0,1" hai="4,8,14,22,23,25,26,29,30,95,97,100,105,106" machi="100" ten="20,5200,0" yaku="1,1,0,1,7,1,9,1,53,0" doraHai="68" doraHaiUra="36" who="2" fromWho="2" sc="230,-13,264,-13,266,62,230,-26" />
</Scene>
<Scene>
<INIT seed="4,0,0,4,5,2" ten="217,251,328,204" oya="0" hai0="74,19,25,49,15,132,1,21,9,110,53,37,7" hai1="95,93,81,96,115,89,4,130,61,45,82,46,18" hai2="51,13,44,72,38,30,28,128,29,113,43,120,125" hai3="16,6,124,87,20,68,98,94,42,12,48,14,111"/><T76/><D37/><U57/><E130/><V83/><F120/><W5/><G68/><T8/><D132/><U75/><E115/><V35/><F113/><W90/><G124/><T60/><D110/><U88/><E18/><V66/><F128/><W104/><G111/><T102/><D102/><U85/><E4/><N who="3" m="1642" /><G104/><T40/><D40/><U55/><E75/><V86/><F72/><W26/><G87/><T97/><D60/><U17/><E17/><V106/><F106/><W65/><G65/><T114/><D97/><U59/><E59/><V22/><F35/><W50/><G50/><T71/><D71/><U126/><E126/><V117/><F66/><W107/><G107/><T33/><D114/><U118/><E118/><V134/><F134/><W67/><G67/><T58/><D8/><U56/><E56/><V70/><F117/><W24/><G24/><T31/><D74/><U131/><E131/><V133/><F133/><W122/><G122/><T91/><D91/><U92/><E92/><V123/><F123/><W135/><G135/><T41/><D41/><U116/><E116/><V63/><F38/><W108/><G108/><T0/><REACH who="0" step="1"/><D76/><REACH who="0" ten="207,251,328,204" step="2"/><U23/><E89/><N who="2" m="51423" /><F70/><W129/><G129/><T105/><D105/><U119/><E119/><V78/><F78/><W39/><G39/><T101/><D101/><U64/><E88/><V73/><F73/><W34/><G34/><T10/><D10/><U32/><E32/><V121/><F121/><W99/><G99/><T69/><D69/><U62/><E96/><V84/><F125/><W79/><G79/><T36/><D36/><RYUUKYOKU ba="0,1" sc="207,15,251,-15,328,-15,204,15" hai0="0,1,7,9,15,19,21,25,31,33,49,53,58" hai3="12,14,16,20,26,42,48,90,94,98" />
</Scene>
<Scene>
<INIT seed="4,1,1,5,3,116" ten="222,236,313,219" oya="0" hai0="112,45,23,30,64,6,26,98,131,84,83,57,53" hai1="47,81,17,65,0,28,94,132,108,99,68,87,3" hai2="66,117,42,31,118,35,5,1,97,14,63,109,89" hai3="22,61,48,111,76,129,13,135,51,50,10,126,115"/><T90/><D112/><U69/><E108/><V41/><F109/><W4/><G111/><T29/><D131/><U113/><E113/><V103/><F1/><W33/><G33/><T102/><D6/><U40/><E132/><V21/><F89/><W125/><G115/><T36/><D64/><U106/><E106/><V62/><F62/><W7/><G135/><T93/><D36/><U32/><E69/><V67/><F67/><W34/><G34/><T20/><D45/><U124/><E124/><N who="3" m="47722" /><G129/><T24/><D57/><U60/><E17/><V71/><F5/><N who="3" m="3279" /><G76/><T19/><REACH who="0" step="1"/><D53/><REACH who="0" ten="212,236,313,219" step="2"/><U82/><E65/><V101/><F66/><W96/><G4/><T130/><D130/><U114/><E47/><V37/><F37/><W110/><G7/><T88/><D88/><U86/><E114/><V43/><F118/><W2/><G110/><T72/><D72/><U121/><E0/><V54/><F54/><W80/><G2/><T55/><D55/><U119/><E3/><V92/><F117/><W107/><G61/><T74/><D74/><U11/><E60/><V58/><F63/><W70/><G70/><T16/><AGARI ba="1,2" hai="16,19,20,23,24,26,29,30,83,84,90,93,98,102" machi="16" ten="20,18000,2" yaku="1,1,0,1,7,1,9,1,8,1,54,1,53,0" doraHai="116" doraHaiUra="49" who="0" fromWho="0" sc="212,203,236,-61,313,-61,219,-61" />
</Scene>
<Scene>
<INIT seed="4,2,0,1,3,87" ten="415,175,252,158" oya="0" hai0="88,18,95,74,64,11,84,14,76,28,56,13,31" hai1="72,16,132,129,118,113,3,35,111,24,101,135,7" hai2="5,82,30,6,102,80,127,120,55,89,47,121,23" hai3="62,48,60,49,42,100,19,90,97,50,22,108,112"/><T96/><D74/><U125/><E101/><V115/><F115/><W116/><G108/><T78/><D64/><U32/><E72/><V21/><F102/><W46/><G116/><T92/><D56/><U103/><E103/><V105/><F105/><W25/><G112/><T58/><D58/><U53/><E53/><V26/><F127/><W12/><G12/><T134/><D134/><N who="1" m="51243" /><E113/><V130/><F130/><W67/><G90/><N who="0" m="55319" /><D14/><U43/><E43/><V4/><F23/><W61/><REACH who="3" step="1"/><G67/><REACH who="3" ten="415,175,252,148" step="2"/><T27/><D27/><U85/><E111/><V9/><F89/><W29/><G29/><AGARI ba="2,1" hai="11,13,18,28,29,31,76,78,84,88,95" m="55319" machi="29" ten="30,11600,0" yaku="8,1,52,2,54,1" doraHai="87" who="0" fromWho="3" sc="415,132,175,0,252,0,148,-122" />
</Scene>
<Scene>
<INIT seed="4,3,0,5,4,118" ten="547,175,252,26" oya="0" hai0="131,27,3,19,54,18,20,30,133,47,4,16,83" hai1="7,80,29,41,112,130,96,50,23,70,66,116,15" hai2="107,85,98,64,61,89,52,88,111,33,26,43,74" hai3="114,109,119,78,39,10,123,53,104,68,121,77,90"/><T120/><D131/><U105/><E116/><V79/><F111/><W84/><G109/><T126/><D126/><U125/><E125/><V67/><F43/><W63/><G119/><T122/><D83/><U49/><E130/><V0/><F0/><W42/><G104/><T115/><D115/><U132/><E132/><V24/><F89/><W32/><G32/><N who="0" m="20575" /><D54/><U103/><E70/><V129/><F129/><W57/><G68/><T2/><D47/><U28/><E66/><V128/><F128/><W37/><G114/><T48/><D48/><U25/><E29/><V69/><F64/><W60/><G60/><T13/><D133/><U58/><E49/><V71/><F33/><W17/><G78/><T46/><D46/><U35/><E35/><V65/><F65/><W87/><G77/><T45/><D45/><U97/><E41/><V55/><F69/><W110/><G110/><T44/><D44/><U73/><E96/><V11/><F52/><W117/><G117/><T21/><D19/><U6/><E80/><N who="2" m="45175" /><F55/><W135/><G135/><T22/><D22/><U34/><E73/><V102/><F11/><W113/><G113/><T108/><D108/><U134/><E134/><V93/><AGARI ba="3,0" hai="24,26,61,67,71,85,88,93,98,102,107" m="45175" machi="93" ten="30,2000,0" yaku="24,1,54,1" doraHai="118" who="2" fromWho="2" sc="547,-13,175,-8,252,29,26,-8" />
</Scene>
<Scene>
<INIT seed="5,0,0,3,3,40" ten="534,167,281,18" oya="1" hai0="17,72,7,46,35,1,67,134,105,14,71,128,79" hai1="88,77,125,89,110,122,97,94,78,120,100,45,51" hai2="59,29,68,57,87,47,11,73,31,8,20,53,32" hai3="135,28,117,132,111,123,118,42,25,48,115,75,4"/><U131/><E125/><V133/><F68/><W36/><G75/><T70/><D17/><U19/><E131/><V43/><F73/><W108/><G36/><T96/><D14/><U6/><E6/><V16/><F32/><W55/><G4/><T5/><D35/><U13/><E110/><N who="3" m="42026" /><G42/><T39/><D96/><U107/><E122/><V82/><F133/><N who="3" m="51275" /><G25/><T69/><D39/><U10/><E120/><V49/><F8/><W63/><G28/><N who="2" m="10825" /><F43/><W102/><G102/><T64/><D72/><U83/><E83/><V104/><F11/><W119/><G123/><T65/><D5/><U84/><REACH who="1" step="1"/><E89/><REACH who="1" ten="534,157,281,18" step="2"/><N who="2" m="51447" /><F104/><W129/><G129/><T66/><D105/><U34/><E34/><V0/><F0/><W76/><G76/><T61/><D128/><U37/><E37/><V85/><F85/><W9/><G9/><T52/><D1/><U114/><E114/><V38/><F38/><W126/><G126/><T41/><D134/><U56/><E56/><V113/><F113/><W15/><G15/><AGARI ba="0,1" hai="15,16,20,47,49,53,57,59" m="51447,10825" machi="15" ten="30,3900,0" yaku="8,1,52,1,54,1" doraHai="40" who="2" fromWho="3" sc="534,0,157,0,281,49,18,-39" owari="534,63.0,157,-24.0,330,13.0,-21,-52.0" />
</Scene>
</mjloggm>