<mjloggm ver="2.3"><GO type="169" lobby="0"/><UN n0="%E5%A4%AA%E3%81%8F%E3%81%AA%E3%81%84%E3%81%8A" n1="%E3%83%97%E3%83%AD%E3%83%86%E3%82%A4%E3%83%B3%E5%BE%97%E7%9B%9B" n2="%E9%88%B4%E4%BD%B3" n3="%E3%81%82%E3%81%8A%E3%81%8D%E3%82%93%E3%81%90" dan="18,16,17,16" rate="2252.33,2155.96,2206.58,2118.57" sx="M,M,M,M"/><TAIKYOKU oya="0"/>

<Scene>
<INIT seed="0,0,0,0,3,122" ten="250,250,250,250" oya="0" hai0="97,60,68,91,62,19,69,119,64,41,85,92,70" hai1="75,134,24,33,2,76,9,3,109,79,56,46,128" hai2="84,77,121,127,73,58,57,20,95,82,65,18,110" hai3="53,49,71,27,4,129,44,8,25,37,99,5,47"/><T90/><D119/><U55/><E46/><V29/><F121/><W87/><G129/><T59/><D41/><U10/><E128/><V106/><F106/><W26/><G71/><T113/><D113/><U1/><E134/><V117/><F127/><W48/><G37/><T36/><D36/><U12/><E75/><V107/><F107/><W6/><G87/><T38/><D38/><U115/><E115/><V43/><F43/><W11/><REACH who="3" step="1"/><G99/><REACH who="3" ten="250,250,250,240" step="2"/><T102/><D90/><U17/><E79/><V7/><F84/><W45/><G45/><T103/><D103/><U98/><E98/><V125/><F77/><W28/><G28/><T23/><D85/><U132/><E76/><V120/><F29/><W31/><G31/><T74/><D102/><U131/><E131/><V50/><F73/><W112/><G112/><T66/><REACH who="0" step="1"/><D74/><REACH who="0" ten="240,250,250,240" step="2"/><U67/><E132/><V100/><F100/><W63/><G63/><T22/><D22/><U123/><E123/><V61/><F20/><W108/><G108/><T116/><D116/><U133/><E133/><V89/><F110/><W86/><G86/><T96/><D96/><U34/><E109/><V80/><F61/><W21/><G21/><T15/><AGARI ba="0,2" hai="15,19,23,59,60,62,64,66,68,69,70,91,92,97" machi="15" ten="20,3900,0" yaku="1,1,0,1,7,1,53,0" doraHai="122" doraHaiUra="104" who="0" fromWho="0" sc="240,59,250,-13,250,-13,240,-13" />
</Scene>
<Scene>
<INIT seed="0,1,0,4,3,93" ten="299,237,237,227" oya="0" hai0="68,57,118,11,39,104,127,89,30,111,82,63,76" hai1="16,15,67,7,48,24,22,49,37,126,38,54,25" hai2="60,70,23,58,130,5,32,128,124,80,6,81,78" hai3="46,114,74,26,97,4,62,50,125,79,0,129,3"/><T96/><D118/><U120/><E120/><V101/><F32/><W95/><G125/><T42/><D127/><U109/><E126/><V8/><F124/><W102/><G129/><T35/><D68/><U87/><E67/><V83/><F70/><W94/><G114/><T55/><D111/><U133/><E109/><V73/><F23/><W85/><G4/><T14/><D39/><U110/><E110/><V106/><F83/><W91/><G62/><T31/><D42/><U86/><E133/><V66/><F81/><W117/><G117/><T33/><D33/><U59/><E49/><V20/><F20/><W1/><G74/><T41/><D41/><U29/><E7/><V64/><F64/><W19/><G79/><T90/><D104/><U43/><E24/><V2/><F6/><W65/><G65/><T52/><D55/><U131/><E131/><V103/><F103/><W28/><G19/><N who="0" m="8671" /><D35/><U71/><E71/><V61/><REACH who="2" step="1"/><F60/><REACH who="2" ten="299,237,227,227" step="2"/><W69/><G69/><T98/><D76/><U135/><E135/><V27/><F27/><W21/><REACH who="3" step="1"/><G1/><REACH who="3" ten="299,237,227,217" step="2"/><T107/><D63/><U105/><E25/><V108/><F108/><W47/><G47/><T122/><D122/><U56/><E56/><V99/><AGARI ba="1,2" hai="2,5,8,58,61,66,73,78,80,99,101,106,128,130" machi="99" ten="30,7900,0" yaku="1,1,0,1,52,1,53,1" doraHai="93" doraHaiUra="72" who="2" fromWho="2" sc="299,-40,237,-21,227,102,217,-21" />
</Scene>
<Scene>
<INIT seed="1,0,0,5,1,67" ten="259,216,329,196" oya="1" hai0="69,85,47,44,51,42,62,61,8,22,96,126,26" hai1="46,89,43,95,99,105,12,65,37,14,6,29,25" hai2="75,21,27,121,113,74,63,133,112,30,100,115,131" hai3="11,54,66,68,97,72,35,130,1,81,16,70,38"/><U32/><E105/><V109/><F121/><W123/><G123/><T40/><D126/><U64/><REACH who="1" step="1"/><E14/><REACH who="1" ten="259,206,329,196" step="2"/><V129/><F133/><W13/><G13/><T20/><D8/><AGARI ba="0,1" hai="6,8,12,25,29,32,37,43,46,64,65,89,95,99" machi="8" ten="40,7700,0" yaku="1,1,2,1,53,1" doraHai="67" doraHaiUra="94" who="1" fromWho="0" sc="259,-77,206,87,329,0,196,0" />
</Scene>
<Scene>
<INIT seed="1,1,0,4,1,109" ten="182,293,329,196" oya="1" hai0="99,121,48,69,129,111,98,4,81,3,52,116,131" hai1="33,120,80,71,105,15,66,21,126,11,40,62,55" hai2="60,59,92,64,104,118,49,50,110,134,23,37,5" hai3="103,117,119,78,65,133,54,34,89,124,43,44,36"/><U38/><E33/><V122/><F104/><W42/><G34/><T39/><D116/><N who="3" m="44617" /><G103/><T45/><D111/><U0/><E0/><V102/><F110/><W28/><G28/><T30/><D69/><U57/><E105/><V26/><F118/><W35/><G35/><T130/><D121/><U123/><E126/><V91/><F122/><W96/><G78/><T93/><D30/><U47/><E80/><V61/><F37/><W132/><G89/><T25/><D25/><U6/><REACH who="1" step="1"/><E21/><REACH who="1" ten="182,283,329,196" step="2"/><V18/><F134/><W9/><G124/><T10/><D93/><U19/><E19/><V77/><F77/><W84/><G132/><T125/><D125/><U86/><E86/><V107/><F107/><W58/><G84/><T8/><D81/><U68/><E68/><V73/><F73/><W14/><G133/><T29/><D29/><U7/><E7/><V88/><F5/><W12/><G96/><T67/><D10/><U63/><AGARI ba="1,1" hai="6,11,15,38,40,47,55,57,62,63,66,71,120,123" machi="63" ten="20,3900,0" yaku="1,1,0,1,7,1,53,0" doraHai="109" doraHaiUra="20" who="1" fromWho="1" sc="182,-14,283,52,329,-14,196,-14" />
</Scene>
<Scene>
<INIT seed="1,2,0,2,1,2" ten="168,335,315,182" oya="1" hai0="94,31,55,30,35,124,125,99,56,20,21,77,12" hai1="34,19,101,98,95,104,128,14,32,10,22,91,24" hai2="74,15,71,114,131,51,3,123,89,117,111,70,129" hai3="59,121,112,16,107,49,85,68,33,8,7,18,42"/><U28/><REACH who="1" step="1"/><E128/><REACH who="1" ten="168,325,315,182" step="2"/><V50/><F129/><W93/><G112/><T109/><D124/><U36/><E36/><V122/><F114/><W58/><G121/><T11/><D125/><U66/><E66/><V82/><F131/><W130/><G130/><T96/><D109/><U57/><E57/><V119/><F111/><W38/><G59/><T84/><D56/><U135/><E135/><V27/><F123/><W88/><G58/><T54/><D55/><U52/><E52/><V118/><F122/><W64/><G38/><T39/><D54/><U5/><E5/><V43/><F71/><W79/><G7/><T65/><D65/><U25/><E25/><V100/><F27/><W92/><G64/><T0/><D39/><U116/><E116/><V67/><F67/><W41/><G68/><T81/><D0/><U86/><AGARI ba="2,1" hai="10,14,19,22,24,28,32,34,86,91,95,98,101,104" machi="86" ten="20,12000,1" yaku="21,2,0,1,7,1,53,1" doraHai="2" doraHaiUra="103" who="1" fromWho="1" sc="168,-42,325,136,315,-42,182,-42" />
</Scene>
<Scene>
<INIT seed="1,3,0,1,5,133" ten="126,461,273,140" oya="1" hai0="122,72,128,93,26,91,33,60,83,97,52,70,28" hai1="36,30,12,90,41,43,0,114,78,19,27,124,35" hai2="64,20,62,111,42,75,88,92,24,107,4,84,82" hai3="38,104,134,6,102,80,113,47,49,99,15,40,112"/><U68/><E114/><V79/><F111/><W55/><G134/><T51/><D128/><U73/><E68/><V126/><F42/><W87/><G15/><T54/><D122/><U16/><E0/><V56/><F4/><W31/><G31/><T22/><D33/><U109/><E109/><V121/><F121/><W127/><G6/><T3/><D3/><U89/><E19/><V74/><F107/><W123/><G123/><T34/><D34/><U105/><E105/><V96/><REACH who="2" step="1"/><F126/><REACH who="2" ten="126,461,263,140" step="2"/><W85/><G127/><T76/><REACH who="0" step="1"/><D51/><REACH who="0" ten="116,461,263,140" step="2"/><U86/><E124/><V67/><F67/><AGARI ba="3,2" hai="22,26,28,52,54,60,67,70,72,76,83,91,93,97" machi="67" ten="40,5200,0" yaku="1,1,2,1,54,1,53,0" doraHai="133" doraHaiUra="39" who="0" fromWho="2" sc="116,81,461,0,263,-61,140,0" />
</Scene>
<Scene>
<INIT seed="2,0,0,1,3,109" ten="197,461,202,140" oya="2" hai0="67,114,81,36,117,6,100,120,37,135,69,131,74" hai1="85,26,95,53,7,89,43,121,116,47,80,87,46" hai2="125,57,11,34,77,76,22,51,13,48,20,108,18" hai3="106,44,52,111,65,110,38,91,72,55,86,49,82"/><V29/><F125/><W1/><G1/><T35/><RYUUKYOKU type="yao9" ba="0,0" sc="197,0,461,0,202,0,140,0" hai0="6,35,36,37,67,69,74,81,100,114,117,120,131,135" />
</Scene>
<Scene>
<INIT seed="2,1,0,4,3,120" ten="197,461,202,140" oya="2" hai0="79,117,133,42,118,8,89,93,125,115,66,44,18" hai1="57,5,29,116,100,47,14,4,58,75,114,31,70" hai2="130,23,2,27,129,19,61,30,3,78,52,21,59" hai3="73,80,127,36,110,34,109,77,121,40,94,104,132"/><V131/><REACH who="2" step="1"/><F78/><REACH who="2" ten="197,461,192,140" step="2"/><W15/><G77/><T124/><D79/><U98/><E75/><V37/><F37/><W122/><G36/><T112/><D117/><U101/><E116/><V13/><AGARI ba="1,1" hai="2,3,13,19,21,23,27,30,52,59,61,129,130,131" machi="13" ten="30,12000,1" yaku="21,2,0,1,19,1,54,1,53,0" doraHai="120" doraHaiUra="107" who="2" fromWho="2" sc="197,-41,461,-41,192,133,140,-41" />
</Scene>
<Scene>
<INIT seed="2,2,0,3,2,105" ten="156,420,325,99" oya="2" hai0="132,81,75,28,110,68,21,70,80,20,123,135,97" hai1="83,108,4,30,56,32,118,129,76,48,24,19,51" hai2="122,117,96,11,84,65,6,40,49,41,69,22,66" hai3="79,12,101,98,88,134,71,23,18,47,62,127,72"/><V43/><F117/><W100/><G134/><N who="0" m="51243" /><D123/><U103/><E118/><V92/><F122/><W125/><G47/><T89/><D110/><U1/><E108/><V120/><F120/><W61/><G79/><N who="0" m="44159" /><D28/><U78/><E129/><V33/><F33/><W63/><G72/><T130/><D130/><U113/><E113/><V3/><F69/><N who="0" m="26730" /><D97/><U39/><E78/><V29/><F84/><AGARI ba="2,0" hai="20,21,81,84,89" m="26730,44159,51243" machi="84" ten="30,2000,0" yaku="20,1,52,1" doraHai="105" who="0" fromWho="2" sc="156,26,420,0,325,-26,99,0" />
</Scene>
<Scene>
<INIT seed="3,0,0,2,1,133" ten="182,420,299,99" oya="3" hai0="106,105,91,12,48,87,73,4,89,23,45,90,94" hai1="50,72,110,132,64,122,108,36,47,92,46,116,101" hai2="49,69,25,77,86,67,38,6,53,43,96,59,31" hai3="11,124,35,82,103,19,7,71,66,70,27,123,18"/><W51/><G123/><T121/><D121/><U100/><E72/><V20/><F6/><W21/><G103/><T125/><D73/><U112/><E64/><V129/><F129/><W42/><G35/><T61/><D106/><U30/><E30/><V99/><F77/><W102/><G102/><T84/><D105/><U120/><E36/><V126/><F86/><W2/><G66/><T24/><D61/><U115/><E50/><V74/><F74/><W5/><G5/><T40/><D125/><U41/><E41/><V79/><F126/><W76/><G124/><T113/><D113/><U13/><E13/><V128/><F79/><W10/><G10/><N who="0" m="4167" /><D94/><U54/><E54/><V52/><F53/><W26/><G42/><T28/><AGARI ba="0,0" hai="23,24,28,40,45,48,84,87,89,90,91" m="4167" machi="28" ten="30,1100,0" yaku="8,1" doraHai="133" who="0" fromWho="0" sc="182,11,420,-3,299,-3,99,-5" />
</Scene>
<Scene>
<INIT seed="4,0,0,5,2,119" ten="193,417,296,94" oya="0" hai0="116,29,80,15,60,19,92,124,5,75,57,120,134" hai1="76,130,43,108,83,47,23,78,30,94,122,85,97" hai2="106,102,62,70,114,115,105,37,48,11,56,4,96" hai3="98,133,112,113,93,79,90,66,104,82,74,20,51"/><T3/><D116/><U10/><E122/><V99/><F37/><W7/><G66/><T121/><D29/><U26/><E130/><V63/><F70/><W2/><G20/><T67/><D124/><U49/><E108/><V77/><F77/><W34/><G51/><T55/><D134/><U33/><E10/><V117/><F117/><W31/><G31/><T44/><D3/><U131/><E131/><V52/><F99/><W110/><G7/><T42/><D5/><U0/><E0/><V95/><F106/><W41/><G41/><T86/><D92/><U28/><E28/><V58/><F105/><W65/><G65/><T17/><D75/><U39/><E39/><V101/><F101/><N who="3" m="62519" /><G34/><T84/><D84/><U132/><E132/><V13/><REACH who="2" step="1"/><F48/><REACH who="2" ten="193,417,286,94" step="2"/><W72/><G79/><T73/><D73/><U25/><E78/><V18/><F18/><W24/><G74/><T128/><D128/><U36/><E36/><V69/><F69/><W87/><G72/><T123/><D19/><U125/><E76/><V45/><F45/><W100/><G100/><T14/><D17/><U16/><E97/><V59/><F59/><W40/><G133/><T38/><REACH who="0" step="1"/><D67/><AGARI ba="0,1" hai="4,11,13,52,56,58,62,63,67,95,96,102,114,115" machi="67" ten="40,5200,0" yaku="1,1,54,1,53,1" doraHai="119" doraHaiUra="9" who="2" fromWho="0" sc="193,-52,417,0,286,62,94,0" />
</Scene>
<Scene>
<INIT seed="5,0,0,3,0,135" ten="141,417,348,94" oya="1" hai0="86,26,0,88,41,47,15,116,99,2,87,134,114" hai1="44,54,105,61,133,72,123,81,36,51,78,60,20" hai2="94,97,38,119,70,75,33,3,124,29,91,31,14" hai3="115,128,55,85,102,37,30,92,132,7,77,42,117"/><U62/><E133/><V1/><F119/><W5/><G115/><T84/><D116/><U104/><E123/><V9/><F75/><W35/><G128/><T93/><D134/><U32/><E32/><V73/><F73/><W16/><G132/><T122/><D114/><U110/><E110/><V71/><F38/><W63/><G117/><T58/><D122/><U22/><REACH who="1" step="1"/><E36/><REACH who="1" ten="141,407,348,94" step="2"/><V69/><F33/><W113/><G37/><T59/><D0/><U80/><E80/><V111/><F111/><W8/><G35/><T39/><D2/><U40/><E40/><V64/><F1/><W18/><G42/><T108/><D108/><U53/><E53/><V12/><F3/><W43/><G55/><T21/><REACH who="0" step="1"/><D15/><REACH who="0" ten="131,407,348,94" step="2"/><U11/><E11/><V66/><F14/><W101/><G8/><T56/><D56/><U45/><E45/><V23/><F9/><W24/><G113/><T67/><D67/><U10/><E10/><V27/><F12/><W121/><G121/><T76/><D76/><U34/><E34/><V17/><F66/><W46/><G77/><T127/><D127/><U95/><E95/><V19/><F64/><W129/><G92/><T68/><D68/><U120/><E120/><V109/><F109/><W13/><G46/><T112/><D112/><U90/><E90/><V49/><F124/><W82/><G13/><T28/><AGARI ba="0,2" hai="21,26,28,39,41,47,58,59,84,86,87,88,93,99" machi="28" ten="30,4000,0" yaku="1,1,0,1,54,1,53,0" doraHai="135" doraHaiUra="50" who="0" fromWho="0" sc="131,60,407,-20,348,-10,94,-10" />
</Scene>
<Scene>
<INIT seed="6,0,0,2,3,122" ten="191,387,338,84" oya="2" hai0="101,4,79,7,92,12,37,15,5,20,40,131,61" hai1="67,127,97,74,19,63,26,32,106,11,33,114,98" hai2="110,21,42,29,85,14,90,89,124,95,2,91,81" hai3="57,47,18,0,130,49,50,94,133,46,62,9,99"/><V53/><F2/><W108/><G130/><T68/><D131/><U129/><E74/><V111/><F124/><W102/><G133/><T107/><D107/><U87/><E129/><V117/><F117/><W96/><G108/><N who="2" m="41513" /><F42/><W59/><G59/><T69/><D79/><U113/><E127/><V51/><F95/><W86/><G86/><T41/><D37/><U83/><E11/><V34/><F34/><W44/><G99/><N who="0" m="59623" /><D69/><N who="1" m="42239" /><E19/><N who="2" m="10487" /><F29/><W125/><G125/><T80/><D41/><U126/><E126/><V88/><F91/><W121/><G121/><T78/><D40/><U112/><E106/><V28/><F28/><W84/><G84/><T76/><D20/><U27/><E33/><V43/><F43/><W1/><G1/><T39/><D39/><U8/><E8/><V3/><F3/><W115/><G115/><T103/><D103/><U35/><E35/><V38/><F38/><W93/><G93/><T58/><D76/><N who="1" m="46567" /><E32/><V82/><F82/><W64/><REACH who="3" step="1"/><G0/><REACH who="3" ten="191,387,338,74" step="2"/><T128/><D128/><U56/><E114/><V36/><F36/><W25/><G25/><T60/><D80/><U75/><E113/><V116/><F116/><W22/><G22/><T105/><D105/><U109/><E109/><V120/><F120/><W134/><G134/><T104/><D104/><U24/><E112/><V10/><F10/><W100/><G100/><T45/><D78/><U6/><E27/><V65/><F65/><W135/><G135/><T77/><D77/><U17/><E26/><V72/><F72/><W31/><G31/><T30/><D30/><U118/><E118/><V70/><F70/><RYUUKYOKU ba="0,1" sc="191,-15,387,-15,338,15,74,15" hai2="51,53,81,85,88,89,90" hai3="9,18,44,46,47,49,50,57,62,64,94,96,102" />
</Scene>
<Scene>
<INIT seed="6,1,1,0,5,128" ten="176,372,353,89" oya="2" hai0="74,105,94,107,14,134,123,68,106,96,40,21,15" hai1="52,90,84,122,131,65,41,33,91,5,6,82,113" hai2="55,101,9,60,77,48,98,50,86,29,87,115,16" hai3="58,39,61,44,127,88,129,3,76,114,121,51,32"/><V130/><F130/><W66/><G3/><T18/><D123/><U69/><E131/><V104/><F115/><W37/><G32/><T10/><D74/><U120/><E33/><V109/><F109/><W12/><G129/><T36/><D68/><U125/><E113/><V0/><F29/><W133/><G121/><N who="1" m="46698" /><E41/><V116/><F116/><W97/><G114/><T83/><D83/><U25/><E125/><V11/><F60/><W117/><G76/><T108/><D108/><U8/><E25/><V119/><F119/><W17/><G127/><T34/><D34/><U54/><E91/><V38/><F38/><W99/><G117/><T110/><D94/><U71/><E5/><V27/><F50/><W95/><G99/><T53/><D10/><U20/><E20/><V70/><F70/><N who="1" m="26633" /><E65/><V111/><F111/><W30/><G30/><T102/><D40/><U93/><E82/><V103/><F103/><W63/><G63/><T24/><D36/><U42/><E42/><V79/><F79/><W47/><G47/><T59/><D110/><U135/><E135/><V49/><F49/><W31/><G133/><T124/><D134/><U62/><E62/><V26/><F0/><AGARI ba="1,1" hai="0,6,8,52,54,84,90,93" m="26633,46698" machi="0" ten="30,2000,0" yaku="13,1,54,1" doraHai="128" who="1" fromWho="2" sc="176,0,372,33,353,-23,89,0" />
</Scene>
<Scene>
<INIT seed="7,0,0,0,5,123" ten="176,405,330,89" oya="3" hai0="95,30,0,119,131,112,105,62,8,36,73,46,109" hai1="47,134,106,3,21,55,68,28,19,77,102,6,103" hai2="135,97,12,90,127,121,74,124,128,1,115,66,107" hai3="56,69,34,16,67,80,125,98,31,100,38,15,35"/><W42/><G125/><T27/><D109/><U54/><E68/><V83/><F66/><W7/><G69/><T63/><D105/><U82/><E28/><V29/><F29/><W32/><G7/><N who="0" m="1127" /><D119/><U76/><E134/><V86/><F12/><W60/><G42/><N who="0" m="22855" /><D95/><U89/><E47/><V81/><F1/><W64/><G38/><T132/><D132/><U129/><E21/><V113/><F135/><W25/><G80/><T50/><D50/><U26/><E19/><V71/><F71/><W110/><G67/><T22/><D73/><U116/><E26/><V117/><F117/><W99/><G110/><T51/><D51/><U18/><E55/><V126/><F121/><W52/><G64/><T10/><D10/><U58/><E54/><V96/><F128/><W79/><G79/><T2/><D2/><U20/><E58/><V11/><F11/><W41/><G41/><T85/><D85/><U108/><E108/><V122/><F122/><W17/><G99/><T88/><D88/><U57/><E57/><V70/><F70/><W120/><G120/><T94/><D94/><U4/><E4/><V104/><F104/><W78/><G78/><T14/><D14/><U40/><E6/><V24/><F24/><W37/><G37/><T87/><D87/><U53/><E106/><V44/><F44/><W23/><G17/><T72/><D72/><U9/><E129/><V93/><F107/><AGARI ba="0,0" hai="15,16,23,25,31,32,34,35,52,56,60,98,100,107" machi="107" ten="30,5800,0" yaku="7,1,54,2" doraHai="123" who="3" fromWho="2" sc="176,0,405,0,330,-58,89,58" />
</Scene>
<Scene>
<INIT seed="7,1,0,4,2,90" ten="176,405,272,147" oya="3" hai0="30,133,29,101,135,102,36,41,6,32,114,99,70" hai1="65,43,23,57,98,4,5,53,128,104,78,130,74" hai2="87,76,26,1,88,20,97,16,69,25,66,51,94" hai3="75,107,109,22,19,49,108,71,72,39,27,81,52"/><W44/><G107/><T93/><D70/><U47/><E65/><V8/><F69/><W116/><G116/><T122/><D122/><U105/><E23/><V50/><F66/><W14/><G71/><T17/><D6/><U56/><E56/><V73/><F73/><W7/><G39/><T100/><D114/><U42/><E42/><V62/><F62/><W124/><G124/><T60/><D60/><N who="1" m="35887" /><E78/><V103/><F76/><W125/><G125/><T91/><D17/><U3/><E74/><V119/><F119/><W33/><G81/><T95/><D32/><U120/><E120/><V11/><F26/><W132/><G132/><N who="0" m="50763" /><D41/><U83/><E83/><N who="2" m="49279" /><F1/><W106/><G106/><T58/><D36/><U111/><E111/><N who="3" m="42570" /><G7/><T118/><D58/><U117/><E5/><V54/><F51/><W112/><G112/><T28/><D118/><U21/><E4/><V9/><F9/><N who="3" m="6607" /><G33/><T38/><D38/><U37/><E3/><V45/><AGARI ba="1,0" hai="8,11,16,20,25,45,50,54,94,97,103" m="49279" machi="45" ten="30,7900,0" yaku="8,1,52,1,54,2" doraHai="90" who="2" fromWho="2" sc="176,-21,405,-21,272,82,147,-40" owari="155,-24.0,384,48.0,354,15.0,107,-39.0" />
</Scene>
</mjloggm>