<mjloggm ver="2.3"><GO type="169" lobby="0"/><UN n0="%2E%E5%8E%9F%E6%9D%91%E5%92%8C%2E" n1="%6D%61%74%69%6F%73%61%6E" n2="%E6%97%85%E4%BA%BA%E3%81%A1%E3%82%88%E3%81%99%E3%81%91" n3="%E5%A4%AA%E3%81%8F%E3%81%AA%E3%81%84%E3%81%8A" dan="16,18,17,19" rate="2075.76,2179.99,2206.97,2302.39" sx="F,M,M,F"/><TAIKYOKU oya="0"/>

<Scene>
<INIT seed="0,0,0,3,5,87" ten="250,250,250,250" oya="0" hai0="31,85,117,69,51,109,74,4,112,127,96,92,22" hai1="20,71,23,42,99,84,7,13,131,95,130,44,52" hai2="32,46,18,17,132,45,29,105,56,90,121,68,129" hai3="88,134,107,67,11,47,1,5,37,26,78,64,115"/><T119/><D74/><U75/><E71/><V111/><F121/><W19/><G115/><T43/><D112/><U80/><E75/><V108/><F68/><W104/><G78/><T94/><D69/><U133/><E133/><V103/><F132/><W118/><G118/><T10/><D127/><U21/><E7/><V60/><F129/><N who="1" m="49161" /><E13/><V54/><F103/><W35/><G134/><T77/><D109/><U39/><E52/><V79/><F79/><W86/><G37/><T40/><D117/><U135/><E135/><V120/><F105/><W62/><G47/><T8/><D119/><U106/><E106/><V102/><F102/><W49/><G49/><T100/><D4/><U97/><E95/><V27/><F120/><W116/><G116/><T61/><D61/><U98/><E98/><V25/><F46/><W34/><G107/><T76/><D43/><U30/><E30/><V50/><F27/><W123/><G104/><T128/><D40/><U53/><E53/><V55/><REACH who="2" step="1"/><F90/><AGARI ba="0,0" hai="20,21,23,39,42,44,80,84,90,97,99" m="49161" machi="90" ten="30,2000,0" yaku="19,1,52,1" doraHai="87" who="1" fromWho="2" sc="250,0,250,20,250,-20,250,0" />
</Scene>
<Scene>
<INIT seed="1,0,0,2,1,105" ten="250,270,230,250" oya="1" hai0="61,18,9,110,98,56,87,71,111,109,0,66,113" hai1="48,59,13,68,124,42,51,53,128,52,67,43,104" hai2="1,79,37,38,99,88,22,50,133,35,100,70,134" hai3="108,4,54,39,65,92,107,46,129,34,81,2,49"/><U94/><E104/><V25/><F35/><W90/><G107/><T10/><D113/><U120/><E120/><V123/><F123/><W112/><G34/><T135/><D135/><N who="2" m="51722" /><F70/><W84/><G112/><T119/><D119/><U41/><E13/><V19/><F1/><W26/><G108/><T23/><D98/><U24/><E24/><V40/><F79/><W74/><G129/><T6/><D10/><U117/><E117/><V75/><F100/><W115/><G115/><T130/><D130/><U93/><E128/><V69/><F69/><W21/><G65/><T11/><D11/><U96/><E124/><V80/><F99/><W114/><G114/><T121/><D121/><U72/><E72/><V63/><F63/><W73/><G39/><T47/><D71/><U122/><E122/><V8/><F8/><W36/><G4/><T30/><D87/><U82/><E82/><V86/><F75/><W102/><G36/><T60/><D60/><U27/><E27/><V91/><F91/><W76/><G102/><T16/><REACH who="0" step="1"/><D47/><AGARI ba="0,0" hai="19,22,25,37,38,40,47,50,80,86,88" m="51722" machi="47" ten="30,2000,0" yaku="20,1,54,1" doraHai="105" who="2" fromWho="0" sc="250,-20,270,0,230,20,250,0" />
</Scene>
<Scene>
<INIT seed="2,0,0,4,5,47" ten="230,270,250,250" oya="2" hai0="76,32,88,127,97,123,17,50,94,48,102,24,129" hai1="16,46,135,64,68,67,72,56,41,44,52,37,65" hai2="103,109,13,40,43,36,26,45,70,85,23,120,91" hai3="73,132,125,100,34,121,119,25,5,101,87,89,83"/><V104/><F120/><W4/><G121/><T110/><D110/><U12/><E72/><V60/><F109/><W113/><G119/><T99/><D123/><U114/><E114/><V63/><F43/><W15/><G113/><T92/><D127/><U93/><E135/><V38/><F38/><W35/><G125/><T54/><D129/><U31/><E31/><V2/><F2/><W79/><G132/><T14/><D76/><U19/><E68/><V69/><F13/><W116/><G116/><T108/><D108/><U86/><E46/><V10/><F10/><W112/><G112/><T106/><D106/><U1/><E1/><V74/><F74/><W53/><G25/><T61/><D32/><U7/><E7/><V21/><F69/><W9/><G4/><T49/><D24/><U82/><E93/><V78/><F78/><W131/><G131/><T22/><D61/><U28/><E28/><V96/><F70/><W18/><G5/><T0/><D0/><U27/><E27/><V133/><F133/><W81/><G100/><T128/><D128/><U29/><E29/><V134/><F134/><W62/><G101/><T39/><D39/><U80/><E86/><V11/><F11/><W98/><G98/><T58/><AGARI ba="0,0" hai="14,17,22,48,49,50,54,58,88,92,94,97,99,102" machi="58" ten="20,12000,2" yaku="0,1,7,1,8,1,52,3,54,1" doraHai="47" who="0" fromWho="0" sc="230,120,270,-30,250,-60,250,-30" />
</Scene>
<Scene>
<INIT seed="3,0,0,1,3,13" ten="350,240,190,220" oya="3" hai0="105,98,9,73,16,112,127,62,34,0,108,46,65" hai1="2,1,96,37,30,72,60,51,45,36,78,52,94" hai2="24,121,116,103,130,55,124,97,17,8,122,123,70" hai3="93,74,47,128,59,76,120,15,82,29,18,38,133"/><W44/><G120/><T14/><D34/><U126/><E126/><V64/><F124/><W11/><G128/><T26/><D127/><U35/><E35/><V67/><F130/><W135/><G29/><T91/><D73/><U63/><E30/><V92/><F116/><W61/><G93/><T42/><D108/><U79/><E72/><V3/><F70/><W40/><REACH who="3" step="1"/><G47/><REACH who="3" ten="350,240,190,210" step="2"/><T81/><D46/><U87/><E37/><V84/><F123/><W27/><G27/><T110/><D26/><U57/><E36/><V56/><F122/><W101/><G101/><T48/><D105/><U117/><E117/><V22/><F121/><W107/><G107/><T58/><D112/><U129/><E129/><V50/><REACH who="2" step="1"/><F84/><REACH who="2" ten="350,240,180,210" step="2"/><W115/><G115/><T66/><D110/><U71/><E87/><V39/><F39/><W86/><G86/><T25/><D98/><U20/><E96/><V31/><F31/><W114/><G114/><T77/><D77/><U100/><E79/><V106/><F106/><W69/><G69/><T6/><D91/><U113/><E78/><V131/><F131/><W132/><G132/><T21/><D81/><U53/><E113/><V19/><F19/><W4/><G4/><AGARI ba="0,2" hai="3,4,8,17,22,24,50,55,56,64,67,92,97,103" machi="4" ten="40,2600,0" yaku="1,1,52,1,53,0" doraHai="13" doraHaiUra="75" who="2" fromWho="3" sc="350,0,240,0,180,46,210,-26" />
</Scene>
<Scene>
<INIT seed="4,0,0,2,2,127" ten="350,240,226,184" oya="0" hai0="65,123,1,77,112,28,88,97,95,122,132,45,108" hai1="51,24,31,131,92,54,135,37,116,120,70,71,26" hai2="50,33,63,133,38,23,115,35,36,57,47,109,60" hai3="53,34,121,104,48,96,13,79,85,61,10,100,111"/><T81/><D1/><U62/><E120/><V72/><F109/><W58/><G111/><T106/><D108/><U39/><E116/><V87/><F72/><W69/><G34/><T40/><D112/><U90/><E135/><V25/><F133/><W113/><G113/><T83/><D132/><U119/><E26/><V68/><F68/><W22/><G121/><T67/><D28/><U105/><E105/><V98/><F63/><W12/><G22/><T130/><D67/><U102/><E102/><V29/><F115/><W27/><G27/><T32/><D32/><U103/><E103/><V11/><F36/><W86/><G79/><T80/><D77/><U6/><E6/><V91/><F98/><W18/><REACH who="3" step="1"/><G13/><REACH who="3" ten="350,240,226,174" step="2"/><T44/><D122/><U0/><E24/><V126/><F35/><W94/><G94/><T49/><D95/><U64/><E92/><V43/><F33/><W9/><G9/><T114/><D123/><U82/><E0/><V75/><F11/><W41/><G41/><T59/><D40/><U20/><E20/><V8/><F8/><W16/><G16/><T17/><D17/><U46/><E31/><V129/><F25/><W4/><G4/><T89/><D114/><U14/><E14/><V66/><F23/><W7/><G7/><T76/><D76/><U30/><E30/><V3/><F29/><W56/><G56/><T101/><D59/><U78/><E78/><V55/><F43/><W99/><G99/><T42/><D97/><U52/><E70/><V74/><F57/><W5/><G5/><T73/><D42/><U117/><E71/><RYUUKYOKU ba="0,1" sc="350,-10,240,-10,226,-10,174,30" hai3="10,12,18,48,53,58,61,69,85,86,96,100,104" />
</Scene>
<Scene>
<INIT seed="5,1,1,3,0,132" ten="340,230,216,204" oya="1" hai0="79,97,100,102,106,37,50,86,11,44,17,73,68" hai1="13,15,124,127,61,53,39,62,25,77,129,33,40" hai2="117,66,126,60,56,10,8,58,84,74,3,76,121" hai3="57,51,36,21,120,70,46,133,87,45,28,65,123"/><U26/><E77/><V119/><F121/><N who="3" m="46667" /><G87/><T47/><D68/><U91/><E129/><V32/><F74/><W49/><G21/><T27/><D37/><U83/><E39/><V128/><F128/><W23/><G23/><T107/><D73/><U78/><E40/><V31/><F32/><W89/><G89/><T99/><D50/><N who="3" m="18953" /><G28/><T24/><D86/><U80/><E78/><V125/><F31/><W109/><G109/><T81/><D79/><U114/><E91/><V6/><F10/><W16/><G16/><T116/><D17/><U14/><E53/><V85/><F58/><W101/><G101/><T42/><D11/><U54/><E54/><V34/><F34/><W20/><G20/><T96/><D96/><U110/><E110/><V5/><F5/><W135/><G70/><T88/><D88/><U22/><E22/><V4/><F4/><W131/><G131/><T55/><D100/><U98/><E98/><V29/><F29/><W113/><G113/><T93/><D99/><U12/><E114/><V72/><F72/><W7/><G7/><T9/><D97/><U63/><N who="1" m="3072" /><DORA hai="92" /><U64/><E33/><V122/><F122/><W18/><G18/><T19/><D19/><U111/><E111/><V59/><F84/><W118/><G118/><T94/><D116/><U95/><E95/><V75/><F75/><W103/><G103/><T108/><D94/><U1/><E1/><V105/><F117/><W90/><G90/><T115/><D93/><U104/><E104/><V35/><F105/><W30/><G36/><T69/><D106/><U52/><E25/><RYUUKYOKU ba="1,1" sc="340,0,230,0,216,0,204,0" />
</Scene>
<Scene>
<INIT seed="6,2,1,4,2,94" ten="340,230,216,204" oya="2" hai0="67,9,112,1,78,6,28,48,18,32,96,70,30" hai1="87,40,104,14,90,42,41,79,77,107,37,45,68" hai2="76,56,0,81,108,59,19,102,91,36,5,38,57" hai3="33,29,86,75,4,115,26,34,69,53,65,13,124"/><V122/><F122/><W135/><G75/><T10/><D112/><U109/><E68/><V127/><F127/><W27/><G124/><T46/><D78/><U116/><E109/><V15/><F108/><W133/><G115/><T12/><D32/><U113/><E116/><V44/><F0/><W54/><G86/><T121/><D121/><U85/><E113/><V7/><F91/><W114/><G114/><T95/><D67/><U106/><E45/><V101/><F5/><W16/><G4/><T134/><D70/><U125/><E37/><V20/><F7/><W97/><G65/><T24/><D24/><U120/><E125/><V128/><F128/><W21/><G69/><T22/><D10/><U130/><E120/><V88/><F88/><W17/><G97/><T62/><D62/><U99/><E14/><V49/><F38/><W132/><REACH who="3" step="1"/><G34/><REACH who="3" ten="340,230,216,194" step="2"/><T51/><D6/><U11/><E99/><V50/><F36/><W39/><G39/><T73/><D96/><U55/><E87/><N who="2" m="48551" /><F49/><W35/><G35/><T80/><D48/><U74/><E85/><V100/><F100/><W58/><G58/><T103/><D51/><U47/><E74/><V64/><F64/><W119/><G119/><T66/><D66/><U111/><E111/><V72/><F72/><W23/><AGARI ba="2,2" hai="13,16,17,21,23,26,27,29,33,53,54,132,133,135" machi="23" ten="40,8000,1" yaku="1,1,0,1,20,1,54,1,53,0" doraHai="94" doraHaiUra="84" who="3" fromWho="3" sc="340,-22,230,-22,216,-42,194,106" />
</Scene>
<Scene>
<INIT seed="7,0,0,5,2,65" ten="318,208,174,300" oya="3" hai0="41,35,74,25,125,18,9,31,8,117,50,130,123" hai1="114,1,36,91,4,28,40,6,97,13,51,116,115" hai2="110,105,93,92,55,44,23,20,67,16,37,80,135" hai3="54,27,58,120,66,12,94,90,60,102,17,21,0"/><W45/><G0/><T53/><D117/><U83/><E116/><V61/><F110/><W128/><G120/><T122/><D125/><U49/><E36/><V98/><F135/><W112/><G112/><N who="1" m="43050" /><E28/><V10/><F105/><W100/><G128/><T81/><D41/><U47/><E49/><V109/><F109/><W3/><G3/><T104/><D104/><U108/><E108/><V76/><F10/><N who="3" m="6295" /><G45/><T101/><D101/><U69/><E69/><V85/><F55/><W119/><G66/><T132/><D132/><U77/><E1/><V59/><F98/><N who="3" m="57687" /><G119/><T96/><D130/><U84/><E13/><V121/><F121/><W78/><G78/><T99/><D122/><U126/><E126/><V32/><F32/><W118/><G118/><T43/><D43/><U127/><E127/><V82/><F23/><W107/><G107/><T30/><D30/><AGARI ba="0,0" hai="21,27,30,54,58,60,100,102" m="57687,6295" machi="30" ten="30,1500,0" yaku="8,1" doraHai="65" who="3" fromWho="0" sc="318,-15,208,0,174,0,300,15" owari="303,10.0,208,-19.0,174,-33.0,315,42.0" />
</Scene>
</mjloggm>