<mjloggm ver="2.3"><GO type="169" lobby="0"/><UN n0="%E6%AE%8B%E5%B0%BF%E6%84%9F%E3%81%AA%E3%81%84%EF%BC%9F" n1="%64%6F%6E%63%68%61%6E%33" n2="%E3%81%8F%E3%82%8B%E3%83%BC" n3="%E5%A4%AA%E3%81%8F%E3%81%AA%E3%81%84%E3%81%8A" dan="16,17,16,18" rate="2169.96,2173.96,2050.45,2318.13" sx="F,M,M,M"/><TAIKYOKU oya="0"/>

<Scene>
<INIT seed="0,0,0,2,4,111" ten="250,250,250,250" oya="0" hai0="62,99,56,76,83,122,32,93,22,38,75,25,19" hai1="103,51,55,79,126,120,43,3,82,11,46,107,65" hai2="9,30,26,129,112,47,4,12,29,33,101,95,45" hai3="89,78,6,105,36,128,117,40,67,130,10,27,110"/><T96/><D122/><U48/><E120/><V31/><F129/><W98/><G117/><T84/><D38/><U68/><E126/><V37/><F37/><W66/><G110/><T115/><D32/><U116/><E116/><V86/><F112/><W88/><G78/><T91/><REACH who="0" step="1"/><D115/><REACH who="0" ten="240,250,250,250" step="2"/><U90/><E48/><V135/><F33/><W132/><G36/><T134/><D134/><U44/><E51/><V72/><F135/><W85/><G132/><T73/><D73/><U64/><E65/><AGARI ba="0,1" hai="19,22,25,56,62,65,75,76,83,84,91,93,96,99" machi="65" ten="30,5800,0" yaku="1,1,7,1,53,1" doraHai="111" doraHaiUra="20" who="0" fromWho="1" sc="240,68,250,-58,250,0,250,0" />
</Scene>
<Scene>
<INIT seed="0,1,0,5,3,15" ten="308,192,250,250" oya="0" hai0="29,118,5,1,121,32,20,27,129,6,78,90,68" hai1="99,104,65,23,116,98,117,40,49,114,130,24,105" hai2="59,94,61,88,135,123,70,39,11,132,8,86,115" hai3="47,42,72,25,44,7,38,31,133,74,46,73,0"/><T41/><D68/><U75/><E75/><V120/><F39/><W18/><G133/><N who="2" m="51273" /><F70/><W16/><G7/><T43/><D118/><U134/><E130/><V101/><F101/><W108/><G0/><T51/><D121/><N who="2" m="46666" /><F115/><W103/><G108/><T4/><D129/><U91/><E134/><V67/><AGARI ba="1,0" hai="8,11,59,61,67,86,88,94" m="46666,51273" machi="67" ten="30,2000,0" yaku="20,1,54,1" doraHai="15" who="2" fromWho="2" sc="308,-11,192,-6,250,23,250,-6" />
</Scene>
<Scene>
<INIT seed="1,0,0,1,2,114" ten="297,186,273,244" oya="1" hai0="37,32,60,120,112,96,82,88,41,42,116,49,123" hai1="35,12,19,20,118,51,133,55,1,11,77,57,72" hai2="131,6,58,25,5,28,61,52,15,43,109,45,16" hai3="68,71,64,90,113,111,29,84,97,54,22,62,125"/><U9/><E35/><V130/><F109/><W33/><G113/><T21/><D32/><U67/><E118/><V70/><F70/><W98/><G33/><T47/><D112/><U4/><E133/><V100/><F100/><W127/><G71/><T10/><D116/><U17/><E67/><V36/><F25/><N who="3" m="16567" /><G54/><T128/><D128/><N who="2" m="49194" /><F28/><W8/><G8/><AGARI ba="0,0" hai="5,6,8,15,16,36,43,45,52,58,61" m="49194" machi="8" ten="30,3900,0" yaku="19,1,54,2" doraHai="114" who="2" fromWho="3" sc="297,0,186,0,273,39,244,-39" />
</Scene>
<Scene>
<INIT seed="2,0,0,0,4,109" ten="297,186,312,205" oya="2" hai0="71,67,90,60,115,112,42,99,104,0,18,108,9" hai1="2,15,96,23,70,63,25,122,56,79,86,113,55" hai2="133,36,88,57,6,61,7,131,33,110,119,8,92" hai3="80,21,101,106,69,87,38,111,135,132,134,65,68"/><V12/><F33/><W107/><G111/><T124/><D108/><U26/><E2/><V75/><F110/><W40/><G40/><T116/><D90/><U97/><E122/><V13/><F75/><W95/><G38/><T93/><D93/><U117/><E113/><N who="0" m="43593" /><D18/><U49/><E117/><V73/><F119/><W34/><G34/><T11/><D11/><U19/><E70/><N who="3" m="27242" /><G65/><T31/><D31/><U44/><E79/><V105/><F36/><W52/><G21/><T3/><D42/><U94/><E86/><V22/><F73/><W47/><G95/><T130/><D116/><U54/><REACH who="1" step="1"/><E97/><REACH who="1" ten="297,176,312,205" step="2"/><V120/><F120/><W118/><G118/><T45/><D3/><U74/><E74/><V128/><F128/><W29/><G87/><T89/><D130/><U4/><E4/><V100/><F131/><W77/><G77/><T30/><D99/><U1/><E1/><V121/><F121/><W127/><G80/><T39/><D0/><U78/><E78/><V85/><F6/><W91/><G134/><T10/><D71/><U27/><E27/><V28/><F133/><W20/><G132/><T125/><D125/><U5/><E5/><V14/><F14/><W59/><G127/><T58/><D124/><U83/><E83/><V16/><F7/><W43/><G135/><T46/><D39/><U66/><E66/><V82/><F13/><W102/><G91/><AGARI ba="0,1" hai="15,19,23,25,26,44,49,54,55,56,63,91,94,96" machi="91" ten="30,7700,0" yaku="1,1,7,1,8,1,53,1" doraHai="109" doraHaiUra="17" who="1" fromWho="3" sc="297,0,176,87,312,0,205,-77" />
</Scene>
<Scene>
<INIT seed="3,0,0,1,1,122" ten="297,263,312,128" oya="3" hai0="89,79,55,85,93,135,60,22,88,112,109,48,19" hai1="83,38,103,80,31,96,114,15,86,10,73,25,100" hai2="108,123,132,34,56,98,57,67,125,94,77,99,46" hai3="26,47,39,127,133,115,12,121,63,118,1,131,116"/><W97/><G1/><T64/><D109/><U9/><E114/><V119/><F108/><W66/><G121/><T130/><D135/><U110/><E110/><V20/><F34/><W111/><G111/><T117/><D130/><U36/><E73/><V102/><F119/><W0/><G0/><T30/><D117/><U7/><E9/><V76/><F123/><W53/><G115/><T11/><D112/><U21/><E103/><V44/><F125/><W91/><G127/><T90/><D79/><N who="2" m="30282" /><F132/><W124/><G124/><T50/><D11/><U113/><E113/><V84/><F84/><W128/><G133/><T59/><D30/><U41/><E41/><V2/><F2/><W52/><G12/><N who="0" m="9575" /><D50/><U92/><E83/><V81/><F81/><W74/><G74/><T24/><D24/><U27/><E27/><V37/><F37/><W120/><G120/><T107/><D107/><U42/><E42/><V51/><F20/><W6/><G6/><T49/><D49/><U72/><E72/><V58/><F99/><W33/><G33/><T14/><D14/><U105/><E105/><V54/><F44/><AGARI ba="0,0" hai="44,48,55,59,60,64,85,88,89,90,93" m="9575" machi="44" ten="30,2000,0" yaku="8,1,54,1" doraHai="122" who="0" fromWho="2" sc="297,20,263,0,312,-20,128,0" />
</Scene>
<Scene>
<INIT seed="4,0,0,3,2,20" ten="317,263,292,128" oya="0" hai0="7,38,9,14,102,26,79,3,10,94,12,104,66" hai1="110,97,80,36,114,41,45,75,0,84,127,126,101" hai2="93,1,73,96,91,37,39,63,131,65,57,77,4" hai3="120,28,17,113,130,135,53,44,32,87,33,15,59"/><T81/><D104/><U109/><E0/><V64/><F131/><W123/><G130/><T49/><D38/><U56/><E56/><V13/><F1/><W30/><G44/><T103/><D66/><U122/><E122/><N who="3" m="46634" /><G87/><T25/><D3/><U5/><E5/><V40/><F40/><W61/><G113/><T35/><D35/><N who="3" m="13385" /><G135/><T43/><D43/><U27/><E114/><V125/><F73/><W50/><G61/><T121/><D121/><U118/><E118/><V8/><F77/><W116/><G116/><T34/><D34/><U117/><E117/><V29/><F65/><W16/><G17/><T90/><D49/><U92/><E75/><V83/><F83/><W88/><G88/><T76/><D103/><U24/><E84/><V47/><F47/><W106/><G106/><T48/><D102/><U69/><E80/><V6/><F39/><W19/><G19/><N who="0" m="8591" /><D48/><U132/><E132/><V74/><F37/><W99/><G99/><N who="0" m="57815" /><D81/><U112/><E112/><V18/><F74/><W129/><G129/><T62/><D62/><U68/><E68/><V82/><F82/><W100/><G100/><T128/><D128/><U89/><E69/><V95/><F63/><W108/><G108/><N who="1" m="41578" /><E101/><V115/><F115/><W23/><AGARI ba="0,0" hai="15,16,23,28,30,50,53,59" m="13385,46634" machi="23" ten="30,2000,0" yaku="13,1,54,1" doraHai="20" who="3" fromWho="3" sc="317,-10,263,-5,292,-5,128,20" />
</Scene>
<Scene>
<INIT seed="5,0,0,0,2,21" ten="307,258,287,148" oya="1" hai0="69,51,74,85,119,26,22,78,59,27,10,68,93" hai1="49,83,61,107,127,32,39,47,35,0,77,50,115" hai2="42,71,84,101,80,64,131,12,60,4,126,72,114" hai3="89,117,92,44,9,86,18,113,31,52,17,8,24"/><U6/><E107/><V45/><F131/><W36/><G113/><T3/><D74/><N who="1" m="43447" /><E115/><V110/><F110/><W37/><G117/><T90/><D78/><U81/><E81/><V123/><F114/><W79/><G79/><T134/><D119/><U30/><E61/><V53/><F123/><W65/><G65/><T118/><D118/><U97/><E97/><V121/><F121/><W43/><G37/><T75/><D75/><U38/><E38/><V1/><F1/><W103/><G103/><T62/><D134/><U94/><E94/><V87/><F126/><W105/><G105/><T102/><D102/><U100/><E100/><V57/><F101/><W96/><G96/><T106/><D106/><U7/><E7/><V54/><F72/><W116/><G116/><T15/><D3/><U29/><E29/><V67/><F87/><W13/><G52/><N who="0" m="32159" /><D10/><N who="1" m="2375" /><E35/><V125/><F125/><W5/><REACH who="3" step="1"/><G9/><REACH who="3" ten="307,258,287,138" step="2"/><T99/><D99/><U112/><E112/><V33/><F67/><W82/><G82/><T76/><D76/><U55/><E127/><V91/><F54/><W109/><G109/><T73/><D73/><U48/><E55/><V66/><F53/><W23/><AGARI ba="0,1" hai="5,8,13,17,18,23,24,31,36,43,44,86,89,92" machi="23" ten="20,5200,0" yaku="1,1,0,1,7,1,52,1,53,0" doraHai="21" doraHaiUra="133" who="3" fromWho="3" sc="307,-13,258,-26,287,-13,138,62" />
</Scene>
<Scene>
<INIT seed="6,0,0,3,5,81" ten="294,232,274,200" oya="2" hai0="49,109,77,98,54,85,59,6,83,135,86,131,76" hai1="74,68,51,0,125,39,117,132,27,34,3,97,133" hai2="120,114,11,56,66,62,17,2,14,124,75,60,126" hai3="42,99,113,36,40,91,4,64,94,16,116,123,45"/><V78/><F114/><W50/><G116/><T28/><D109/><U130/><RYUUKYOKU type="yao9" ba="0,0" sc="294,0,232,0,274,0,200,0" hai1="0,3,27,34,39,51,68,74,97,117,125,130,132,133" />
</Scene>
<Scene>
<INIT seed="6,1,0,1,1,99" ten="294,232,274,200" oya="2" hai0="128,72,87,124,70,103,14,3,63,64,27,17,92" hai1="39,117,38,34,118,127,45,32,77,7,50,74,116" hai2="49,9,61,112,115,102,93,73,60,62,57,111,55" hai3="25,13,22,135,90,105,53,12,19,123,33,46,75"/><V94/><F73/><W88/><G123/><T41/><D3/><U58/><E127/><V101/><F9/><W114/><G75/><T129/><D72/><U134/><E134/><V110/><F93/><W26/><G105/><T8/><D41/><U24/><E7/><V108/><REACH who="2" step="1"/><F94/><REACH who="2" ten="294,232,264,200" step="2"/><W104/><G104/><T106/><D92/><U6/><E74/><V100/><AGARI ba="1,1" hai="49,55,57,60,61,62,100,101,102,108,110,111,112,115" machi="100" ten="40,24000,3" yaku="1,1,2,1,0,1,29,2,10,1,52,3,53,0" doraHai="99" doraHaiUra="21" who="2" fromWho="2" sc="294,-81,232,-81,264,253,200,-81" />
</Scene>
<Scene>
<INIT seed="6,2,0,2,4,80" ten="213,151,517,119" oya="2" hai0="64,97,7,121,17,39,120,46,129,16,68,10,8" hai1="87,66,127,0,47,40,33,19,112,45,85,12,135" hai2="102,82,84,11,43,90,76,18,98,109,108,74,128" hai3="134,13,34,57,79,99,83,100,132,38,106,29,126"/><V69/><F69/><W5/><G126/><T41/><D68/><U92/><E0/><V2/><F43/><W89/><G38/><T21/><D64/><U116/><E33/><V44/><F44/><W26/><G57/><T48/><D129/><U55/><E116/><V56/><F56/><W119/><G119/><T86/><D97/><U67/><E127/><V35/><F35/><W49/><G49/><T65/><D65/><N who="1" m="24587" /><E112/><V23/><F128/><W28/><G28/><T122/><D39/><U111/><E111/><N who="2" m="42571" /><F11/><W77/><G13/><T94/><D10/><N who="1" m="6551" /><E135/><V14/><F2/><W62/><G62/><T24/><D17/><U115/><E115/><V22/><F22/><W25/><G25/><T107/><D107/><U6/><E6/><V96/><F102/><W63/><G5/><T133/><D8/><U58/><E92/><AGARI ba="2,0" hai="14,18,23,74,76,82,84,90,92,96,98" m="42571" machi="92" ten="30,2900,0" yaku="10,1,52,1" doraHai="80" who="2" fromWho="1" sc="213,0,151,-35,517,35,119,0" />
</Scene>
<Scene>
<INIT seed="6,3,0,2,5,78" ten="213,116,552,119" oya="2" hai0="59,119,42,99,17,109,133,135,47,69,3,95,108" hai1="22,93,130,122,77,64,128,94,66,49,36,123,129" hai2="45,18,57,112,23,24,131,60,44,35,46,80,74" hai3="84,116,105,115,4,43,89,37,70,62,90,52,15"/><V71/><F71/><W87/><G116/><T68/><D3/><U31/><E36/><V132/><F112/><W83/><G105/><T73/><D73/><U111/><E111/><V127/><F127/><W40/><G115/><T39/><D119/><U100/><E49/><V28/><F131/><W10/><G37/><T120/><D120/><N who="1" m="46123" /><E77/><V38/><F132/><N who="0" m="50762" /><D59/><U63/><E100/><V117/><F117/><W85/><G70/><N who="0" m="27243" /><D17/><U88/><E63/><V97/><F97/><W11/><G11/><T75/><D75/><U30/><E94/><V6/><F6/><W50/><G62/><T118/><D118/><U65/><E22/><V13/><F38/><W56/><G85/><AGARI ba="3,0" hai="30,31,64,65,66,85,88,93,128,129,130" m="46123" machi="85" ten="40,5200,0" yaku="19,1,13,1,54,1" doraHai="78" who="1" fromWho="3" sc="213,0,116,61,552,0,119,-61" />
</Scene>
<Scene>
<INIT seed="7,0,0,3,2,43" ten="213,177,552,58" oya="3" hai0="14,130,118,55,93,32,64,61,19,22,8,48,45" hai1="96,25,30,53,88,86,135,132,92,40,106,2,6" hai2="134,70,18,74,23,63,100,54,120,34,125,66,1" hai3="9,72,76,31,27,89,78,111,98,56,108,128,123"/><W3/><G123/><T17/><D32/><U104/><E40/><V50/><F34/><W16/><G128/><T47/><D130/><U103/><E53/><V121/><F1/><W37/><G37/><T20/><D118/><U131/><E131/><V114/><F74/><W109/><G72/><T67/><D61/><U49/><E49/><V82/><F114/><W28/><G56/><T122/><D122/><U107/><E6/><V79/><F134/><N who="1" m="51241" /><E2/><V7/><F125/><W29/><G3/><T127/><D127/><U0/><E0/><V39/><F7/><W91/><G98/><T83/><D83/><N who="1" m="49247" /><E25/><V97/><F97/><W42/><G42/><T62/><D62/><U101/><E30/><V26/><F23/><N who="3" m="13799" /><G9/><T69/><D69/><U5/><E5/><V58/><F70/><W52/><G52/><T110/><D8/><U126/><E126/><V51/><F39/><W129/><G129/><T57/><D55/><U90/><AGARI ba="0,0" hai="90,92,96,101,103,104,106,107" m="49247,51241" machi="90" ten="40,8000,1" yaku="20,1,34,2,54,1" doraHai="43" who="1" fromWho="1" sc="213,-20,177,80,552,-20,58,-40" owari="193,-21.0,257,6.0,532,63.0,18,-48.0" />
</Scene>
</mjloggm>