<mjloggm ver="2.3"><GO type="169" lobby="0"/><UN n0="%72%79%6F%E2%80%A6%31%35" n1="%E5%A4%AA%E3%81%8F%E3%81%AA%E3%81%84%E3%81%8A" n2="%6D%61%63%6A%72" n3="%E3%83%81%E3%83%BC%E3%83%88%E3%82%A4%E7%8E%8B%E5%AD%90" dan="16,18,17,16" rate="2071.50,2293.91,2227.71,2127.20" sx="M,F,M,M"/><TAIKYOKU oya="0"/>

<Scene>
<INIT seed="0,0,0,4,5,93" ten="250,250,250,250" oya="0" hai0="59,126,114,41,38,24,98,133,31,62,36,102,65" hai1="105,72,107,100,97,26,10,7,53,64,11,111,49" hai2="55,42,88,23,109,113,44,71,30,43,63,3,77" hai3="120,33,78,86,50,13,16,73,104,95,84,135,39"/><T119/><D119/><U124/><E72/><V116/><F113/><W58/><G39/><T35/><D114/><U69/><E111/><V32/><F3/><W130/><G104/><T125/><D133/><U51/><E124/><N who="0" m="47721" /><D41/><U8/><E107/><AGARI ba="0,0" hai="24,31,35,36,38,59,62,65,98,102,107" m="47721" machi="107" ten="30,2900,0" yaku="18,1,52,1" doraHai="93" who="0" fromWho="1" sc="250,29,250,-29,250,0,250,0" />
</Scene>
<Scene>
<INIT seed="0,1,0,2,4,112" ten="279,221,250,250" oya="0" hai0="44,20,70,8,120,23,46,57,72,49,105,98,81" hai1="61,92,106,122,83,35,97,127,107,84,104,47,18" hai2="90,103,54,135,13,123,75,59,68,62,124,131,32" hai3="25,11,4,79,38,80,51,56,88,76,126,3,78"/><T133/><D70/><U119/><E35/><V7/><F123/><W93/><G38/><T58/><D120/><U2/><E122/><V12/><F32/><W111/><G111/><T34/><D34/><U0/><E127/><V66/><F124/><W94/><G126/><T95/><D105/><U19/><E61/><V28/><F135/><W132/><G132/><T5/><D133/><U118/><E47/><V52/><F131/><W86/><REACH who="3" step="1"/><G25/><REACH who="3" ten="279,221,250,240" step="2"/><T31/><D72/><U116/><E0/><V113/><F75/><W102/><G102/><T110/><D110/><U27/><E2/><V125/><F103/><W134/><G134/><T130/><D130/><U87/><E27/><V91/><F125/><W121/><G121/><T82/><D82/><U1/><E1/><V73/><F73/><W117/><G117/><T89/><D81/><U115/><E115/><V64/><F113/><W50/><G50/><T69/><D49/><U14/><E83/><V48/><F13/><W16/><G16/><T96/><D31/><U100/><REACH who="1" step="1"/><E19/><REACH who="1" ten="279,211,250,240" step="2"/><V6/><F12/><W109/><G109/><T33/><D33/><U45/><E45/><V108/><F108/><W17/><G17/><T40/><D46/><U36/><E36/><V10/><F28/><W41/><G41/><T9/><D44/><U42/><E42/><V24/><F24/><W71/><G71/><T129/><D69/><U43/><E43/><V99/><F68/><W21/><G21/><AGARI ba="1,2" hai="14,18,21,84,87,92,97,100,104,106,107,116,118,119" machi="21" ten="50,8000,1" yaku="1,1,52,3,53,1" doraHai="112" doraHaiUra="15" who="1" fromWho="3" sc="279,0,211,103,250,0,240,-83" />
</Scene>
<Scene>
<INIT seed="1,0,0,2,2,113" ten="279,314,250,157" oya="1" hai0="30,32,90,3,52,53,62,122,63,128,83,104,19" hai1="42,36,68,106,80,97,132,50,120,31,72,119,115" hai2="18,78,103,46,91,13,81,0,131,38,44,102,40" hai3="43,16,101,100,114,8,69,14,95,39,61,64,6"/><U27/><E50/><V58/><F0/><W33/><G114/><T123/><D104/><U126/><E115/><V70/><F70/><W57/><G33/><T49/><D3/><U24/><E24/><V20/><F131/><W134/><G134/><T73/><D128/><U94/><E120/><N who="0" m="46121" /><D30/><U121/><E121/><V118/><F91/><W130/><G130/><T9/><D32/><N who="1" m="20607" /><E94/><V4/><F4/><W15/><G95/><T129/><D129/><U85/><E85/><V54/><F44/><W89/><G89/><T48/><D19/><U76/><E132/><V111/><F118/><W35/><G35/><T96/><D9/><U25/><E25/><V11/><F111/><W88/><G88/><T21/><D21/><U65/><E126/><V107/><F20/><W99/><G99/><T116/><D116/><U110/><E110/><V2/><F2/><W98/><G98/><T105/><D73/><U79/><E79/><V87/><REACH who="2" step="1"/><F107/><REACH who="2" ten="279,314,240,157" step="2"/><W23/><REACH who="3" step="1"/><G57/><REACH who="3" ten="279,314,240,147" step="2"/><T77/><D105/><U124/><E106/><V117/><F117/><W71/><G71/><T112/><D90/><U92/><E119/><V5/><F5/><W127/><G127/><T74/><D112/><U41/><E124/><V17/><F17/><W75/><G75/><T47/><D96/><U66/><E68/><V59/><F59/><AGARI ba="0,2" hai="47,48,49,52,53,59,62,63,74,77,83" m="46121" machi="59" ten="30,2000,0" yaku="13,1,54,1" doraHai="113" who="0" fromWho="2" sc="279,40,314,0,240,-20,147,0" />
</Scene>
<Scene>
<INIT seed="2,0,0,3,2,126" ten="319,314,220,147" oya="2" hai0="110,30,18,80,112,68,94,54,97,12,45,59,14" hai1="19,130,71,75,4,13,35,64,109,95,100,120,133" hai2="60,0,76,58,39,73,128,9,131,28,40,135,51" hai3="104,49,5,125,50,81,90,46,72,78,85,29,44"/><V118/><F28/><W106/><G125/><T70/><D112/><U56/><E75/><V98/><F51/><W25/><G5/><T65/><D110/><U105/><E35/><V124/><F98/><W87/><G50/><T88/><D30/><U96/><E71/><V89/><F89/><W108/><G108/><T55/><D12/><U34/><E34/><V115/><F118/><W86/><G90/><T93/><D80/><U129/><E109/><V132/><F115/><W92/><G92/><T22/><D45/><U1/><E133/><N who="2" m="51275" /><F124/><W121/><G121/><T77/><D77/><U38/><E38/><V33/><F33/><W43/><REACH who="3" step="1"/><G46/><REACH who="3" ten="319,314,220,137" step="2"/><T16/><D94/><U27/><E120/><V79/><F0/><W91/><G91/><T47/><D47/><U7/><E95/><V42/><F39/><W37/><G37/><T113/><D113/><U21/><E1/><V127/><F127/><W2/><G2/><T23/><D93/><U117/><E4/><V61/><F61/><W11/><G11/><T101/><D88/><U52/><E7/><V15/><F76/><W3/><G3/><T32/><D97/><U119/><E117/><V114/><F114/><W74/><G74/><T26/><D101/><U84/><E119/><V111/><F79/><W20/><AGARI ba="0,1" hai="20,25,29,43,44,49,72,78,81,85,86,87,104,106" machi="20" ten="30,2000,0" yaku="1,1,0,1,53,0" doraHai="126" doraHaiUra="123" who="3" fromWho="3" sc="319,-5,314,-5,220,-10,137,30" />
</Scene>
<Scene>
<INIT seed="3,0,0,0,4,73" ten="314,309,210,167" oya="3" hai0="129,128,84,80,71,57,47,94,115,28,21,108,104" hai1="16,135,23,81,35,54,75,102,22,0,116,13,24" hai2="117,20,62,19,112,101,93,41,26,109,36,124,15" hai3="119,32,106,131,90,74,10,113,61,70,72,65,118"/><W92/><G113/><T8/><D104/><U123/><E123/><V77/><F112/><W29/><G106/><T17/><D71/><U67/><E0/><V45/><F117/><W126/><G131/><T121/><D115/><U64/><E35/><V134/><F109/><W53/><G126/><T79/><D108/><U39/><E39/><V82/><F124/><W86/><G10/><T85/><D121/><U56/><E116/><V44/><F134/><W96/><G53/><T38/><D28/><U18/><E135/><V83/><F45/><W31/><G119/><T50/><D8/><U103/><E75/><V66/><F93/><W4/><G118/><T133/><D57/><U98/><E81/><V122/><F101/><N who="1" m="38409" /><E98/><V42/><F42/><W60/><G74/><T2/><D38/><U7/><E7/><V132/><F132/><W48/><G4/><T100/><D100/><U25/><E13/><V52/><F122/><W76/><G72/><T69/><D69/><U14/><E14/><V114/><F114/><W5/><G5/><T120/><D2/><U111/><E111/><V97/><F97/><W1/><G32/><T125/><D120/><U99/><E99/><V34/><F15/><W89/><G1/><T58/><D133/><U3/><E3/><V127/><F34/><W30/><G70/><T46/><D125/><U51/><AGARI ba="0,0" hai="16,18,22,23,24,25,51,54,56,64,67" m="38409" machi="51" ten="30,2000,0" yaku="8,1,54,1" doraHai="73" who="1" fromWho="1" sc="314,-5,309,20,210,-5,167,-10" />
</Scene>
<Scene>
<INIT seed="4,0,0,4,3,91" ten="309,329,205,157" oya="0" hai0="48,81,19,61,46,41,107,8,103,3,25,131,125" hai1="89,128,56,79,71,52,70,93,58,98,132,90,119" hai2="55,86,112,65,84,104,69,0,114,72,12,127,94" hai3="129,22,45,126,95,87,15,88,27,134,10,80,82"/><T32/><D131/><U44/><E119/><V59/><F0/><W34/><G129/><T105/><D125/><U42/><E128/><V85/><F104/><W13/><G126/><T37/><D48/><U63/><E132/><V35/><F127/><W122/><G34/><T11/><D11/><U120/><E120/><V1/><F1/><W76/><G134/><T101/><D101/><U109/><E109/><V5/><F72/><W6/><G122/><T96/><D19/><U118/><E118/><V73/><F73/><W31/><G45/><T18/><D18/><U135/><E79/><V66/><F35/><W14/><REACH who="3" step="1"/><G82/><REACH who="3" ten="309,329,205,147" step="2"/><T115/><D81/><U36/><E135/><V64/><F112/><W57/><G57/><T7/><D115/><U9/><E58/><V77/><F69/><W49/><G49/><T133/><D133/><U113/><E113/><V43/><F114/><W117/><G117/><T54/><D32/><U92/><REACH who="1" step="1"/><E9/><REACH who="1" ten="309,319,205,147" step="2"/><V53/><F59/><W40/><G40/><T83/><D8/><U60/><E60/><V62/><F43/><W106/><G106/><T2/><D107/><U39/><E39/><V123/><F62/><W78/><G78/><T24/><D61/><U26/><E26/><V21/><F77/><W100/><G100/><T50/><D25/><U75/><E75/><AGARI ba="0,2" hai="6,10,13,14,15,22,27,31,75,76,80,87,88,95" machi="75" ten="30,7700,0" yaku="1,1,7,1,52,1,54,1,53,0" doraHai="91" doraHaiUra="111" who="3" fromWho="1" sc="309,0,319,-77,205,0,147,97" />
</Scene>
<Scene>
<INIT seed="5,0,0,3,5,81" ten="309,242,205,244" oya="1" hai0="19,64,78,2,115,38,31,94,11,36,108,114,90" hai1="101,86,92,130,107,74,111,73,67,14,96,125,110" hai2="66,76,59,40,119,84,120,89,82,6,48,18,99" hai3="37,12,20,72,15,70,23,91,105,46,45,80,68"/><U34/><E34/><V9/><F119/><W27/><G105/><T112/><D108/><N who="1" m="41515" /><E67/><V122/><F18/><W1/><G1/><T43/><D64/><U0/><E0/><V132/><F132/><W24/><G72/><N who="1" m="27754" /><E14/><V50/><F40/><W131/><G80/><T8/><D78/><U44/><E44/><V4/><F120/><W62/><G91/><T60/><D43/><U51/><E51/><N who="2" m="19499" /><F122/><W16/><G62/><T21/><D60/><U106/><E130/><V55/><F66/><W124/><G131/><T71/><D71/><U127/><E86/><N who="2" m="48455" /><F99/><W77/><G77/><T93/><D2/><U102/><E102/><V54/><F9/><W123/><G123/><T28/><D11/><U39/><E39/><V65/><F65/><W118/><G37/><T26/><D8/><U128/><E128/><V104/><F104/><AGARI ba="0,0" hai="92,96,101,104,106,107,125,127" m="27754,41515" machi="104" ten="40,7700,0" yaku="10,1,34,2" doraHai="81" who="1" fromWho="2" sc="309,0,242,77,205,-77,244,0" />
</Scene>
<Scene>
<INIT seed="5,1,0,2,2,16" ten="309,319,128,244" oya="1" hai0="113,39,93,36,63,26,44,21,27,89,2,62,80" hai1="129,100,69,51,83,77,17,48,54,133,116,107,95" hai2="106,135,50,94,96,37,58,19,132,88,109,134,65" hai3="115,8,124,98,90,53,86,67,43,13,57,111,29"/><U85/><E116/><V55/><F37/><W102/><G111/><T117/><D2/><U81/><E69/><V5/><F109/><W11/><G115/><T64/><D117/><U123/><E123/><V110/><F110/><W70/><G124/><T82/><D36/><U97/><E133/><V118/><F118/><W42/><G67/><T101/><D101/><U28/><E129/><V49/><F5/><W1/><G1/><T122/><D113/><U84/><E28/><V31/><F31/><W74/><G74/><T60/><D64/><U9/><E107/><V92/><F65/><W24/><G70/><T0/><D0/><U121/><E121/><V40/><F106/><W66/><G66/><T71/><D71/><U78/><REACH who="1" step="1"/><E54/><REACH who="1" ten="309,309,128,244" step="2"/><V34/><F34/><W47/><G53/><T105/><D105/><U76/><E76/><V10/><F132/><W23/><G29/><T22/><D122/><U12/><AGARI ba="1,1" hai="9,12,17,48,51,77,78,81,83,84,85,95,97,100" machi="12" ten="30,11700,0" yaku="1,1,0,1,9,1,8,1,53,0" doraHai="16" doraHaiUra="56" who="1" fromWho="1" sc="309,-40,309,130,128,-40,244,-40" />
</Scene>
<Scene>
<INIT seed="5,2,0,0,5,44" ten="269,439,88,204" oya="1" hai0="3,109,24,19,135,14,27,50,110,6,91,18,21" hai1="71,73,68,43,26,11,23,78,5,80,128,54,112" hai2="118,100,2,33,32,35,98,97,117,22,86,127,85" hai3="82,10,87,75,16,38,107,45,49,64,89,55,4"/><U81/><E112/><V88/><F2/><W72/><G107/><T130/><D130/><U104/><E104/><V7/><F7/><W90/><G64/><T65/><D65/><U56/><E81/><V108/><F108/><W94/><G38/><T17/><D91/><U134/><E43/><V99/><F127/><W113/><G113/><T132/><D50/><U76/><E76/><V0/><F0/><W103/><G103/><T69/><D69/><U53/><E53/><V116/><F100/><W105/><G105/><T12/><D3/><U28/><E134/><N who="0" m="51241" /><D6/><U93/><E93/><V66/><F66/><W31/><G31/><N who="0" m="17807" /><D27/><U67/><E128/><V30/><F88/><W101/><G101/><T8/><D19/><U9/><E67/><V1/><F1/><W83/><G4/><T92/><D92/><U13/><REACH who="1" step="1"/><E11/><AGARI ba="2,0" hai="8,11,12,14,17,18,109,110" m="17807,51241" machi="11" ten="30,3900,0" yaku="20,1,34,2" doraHai="44" who="0" fromWho="1" sc="269,45,439,-45,88,0,204,0" />
</Scene>
<Scene>
<INIT seed="6,0,0,4,3,60" ten="314,394,88,204" oya="2" hai0="27,108,73,14,125,74,94,121,41,5,55,17,72" hai1="19,89,120,49,9,88,57,61,105,112,101,96,127" hai2="11,119,79,42,36,56,24,29,85,22,54,20,98" hai3="80,15,81,23,16,28,1,71,67,38,32,135,18"/><V115/><F119/><W83/><G38/><T129/><D121/><U39/><E39/><V31/><F115/><W3/><G135/><T63/><D108/><U62/><E112/><V91/><F36/><W2/><G32/><T132/><D41/><U34/><E34/><V87/><F42/><W21/><G28/><T107/><D107/><U0/><E120/><V25/><F79/><W106/><G106/><T122/><D122/><U133/><E133/><V44/><F44/><W64/><REACH who="3" step="1"/><G71/><REACH who="3" ten="314,394,88,194" step="2"/><T47/><D132/><U59/><E105/><V104/><F11/><W43/><G43/><T50/><D129/><U69/><E69/><V114/><F114/><W65/><G65/><T134/><D134/><U123/><E9/><V111/><F111/><W45/><G45/><T82/><D47/><U66/><E66/><V118/><F118/><W113/><G113/><T8/><D8/><U4/><E123/><V40/><F40/><W130/><G130/><T126/><D126/><U53/><E127/><V110/><F110/><W76/><G76/><T86/><D125/><U95/><E57/><V109/><F109/><W131/><G131/><T75/><D55/><U93/><E53/><V52/><F104/><W70/><G70/><T58/><D58/><U102/><E59/><V26/><F26/><AGARI ba="0,1" hai="1,2,3,15,16,18,21,23,26,64,67,80,81,83" machi="26" ten="50,8000,1" yaku="1,1,52,2,54,1,53,0" doraHai="60" doraHaiUra="7" who="3" fromWho="2" sc="314,0,394,0,88,-80,194,90" />
</Scene>
<Scene>
<INIT seed="7,0,0,0,4,25" ten="314,394,8,284" oya="3" hai0="33,17,117,72,107,57,93,62,108,42,74,116,109" hai1="11,104,103,84,56,1,22,78,96,126,60,79,67" hai2="27,59,0,94,129,110,36,28,23,77,135,54,98" hai3="4,80,26,105,134,106,85,131,88,112,89,12,18"/><W52/><G112/><T21/><D33/><U115/><E115/><V95/><F110/><W122/><G122/><T6/><D107/><U61/><E126/><V32/><F36/><W34/><G131/><T133/><D133/><U68/><E22/><V39/><F39/><W43/><G134/><T71/><D71/><U37/><E37/><V3/><F135/><W87/><G43/><T118/><D42/><U8/><E1/><V49/><F129/><W13/><G4/><T44/><D44/><U114/><E114/><V63/><F77/><W51/><G34/><T120/><D6/><U2/><E2/><V81/><F81/><N who="3" m="49199" /><G105/><T132/><D120/><U46/><E46/><V53/><F32/><W10/><G106/><T35/><D35/><U58/><E68/><V127/><F127/><W5/><G26/><T7/><D7/><U50/><E79/><V102/><F95/><W40/><G40/><T14/><D132/><U41/><E41/><V48/><F48/><W55/><G51/><T128/><D128/><U30/><E50/><V76/><F76/><W65/><G65/><T130/><D130/><U66/><E78/><V125/><F125/><W82/><G80/><T45/><D93/><U24/><E24/><V113/><F113/><W119/><G119/><T101/><D118/><U20/><E104/><V69/><F69/><W90/><G90/><T15/><D117/><U97/><E67/><V121/><F121/><W19/><G5/><T124/><D124/><U64/><E66/><V70/><F70/><W73/><G73/><T86/><D116/><U99/><E64/><RYUUKYOKU ba="0,0" sc="314,-15,394,-15,8,15,284,15" hai2="0,3,23,27,28,49,53,54,59,63,94,98,102" hai3="10,12,13,18,19,52,55,82,87,89" />
</Scene>
<Scene>
<INIT seed="7,1,0,5,4,7" ten="299,379,23,299" oya="3" hai0="29,79,55,114,8,21,92,123,0,118,117,20,4" hai1="57,69,16,121,44,31,5,9,61,1,48,52,50" hai2="87,12,49,37,70,82,89,41,110,6,78,24,59" hai3="36,81,26,95,108,53,3,28,63,97,67,51,66"/><W65/><G36/><T129/><D123/><U72/><E121/><V120/><F120/><W46/><G3/><T112/><D79/><U42/><E72/><V88/><F110/><W85/><G108/><T83/><D83/><U104/><E104/><V119/><F119/><N who="0" m="45578" /><D55/><U122/><E122/><V64/><F70/><W101/><G63/><T58/><D58/><U15/><E31/><V111/><F111/><W30/><REACH who="3" step="1"/><G26/><REACH who="3" ten="299,379,23,289" step="2"/><N who="0" m="16583" /><D92/><U74/><E69/><V125/><F37/><W22/><G22/><T18/><D129/><U135/><E135/><V2/><F2/><W124/><G124/><T96/><D96/><U38/><E74/><V84/><F125/><W126/><G126/><T133/><D133/><U77/><E77/><AGARI ba="1,1" hai="28,30,46,51,53,65,66,67,77,81,85,95,97,101" machi="77" ten="40,3900,0" yaku="1,1,8,1,53,0" doraHai="7" doraHaiUra="86" who="3" fromWho="1" sc="299,0,379,-42,23,0,289,52" owari="299,-10.0,337,14.0,23,-48.0,341,44.0" />
</Scene>
</mjloggm>