<mjloggm ver="2.3"><GO type="169" lobby="0"/><UN n0="%E3%83%98%E3%82%AF%E3%82%B5%E3%83%BC" n1="%E2%99%AA%E7%B5%90%E6%9C%88%E3%82%86%E3%81%8B%E3%82%8A%E2%99%AA" n2="%E5%A4%AA%E3%81%8F%E3%81%AA%E3%81%84%E3%81%8A" n3="%E3%81%B6%E3%81%A3%E3%81%A8%E3%81%B3%E3%82%AB%E3%83%BC%E3%83%89" dan="17,16,19,17" rate="2241.11,2100.64,2331.44,2195.56" sx="M,F,F,M"/><TAIKYOKU oya="0"/>

<Scene>
<INIT seed="0,0,0,1,3,87" ten="250,250,250,250" oya="0" hai0="74,9,97,129,32,114,66,79,111,117,36,33,12" hai1="28,112,23,22,133,91,122,106,89,35,5,11,37" hai2="64,72,29,19,55,48,27,104,105,132,95,75,110" hai3="44,98,39,63,96,102,69,30,54,118,61,52,38"/><T21/><D117/><U77/><E122/><V3/><F3/><W1/><G1/><T107/><D114/><U51/><E37/><V123/><F123/><W94/><G118/><T10/><D129/><U127/><E112/><V100/><F64/><W126/><G30/><T68/><D36/><U78/><E106/><V65/><F65/><W41/><G126/><T131/><D131/><U49/><E35/><V4/><F4/><W16/><G39/><T67/><D111/><U76/><E133/><V6/><F6/><W86/><G86/><T2/><D21/><N who="1" m="7691" /><E28/><V101/><F19/><W85/><G85/><T25/><D2/><U45/><E127/><V81/><F95/><W73/><G73/><T56/><D56/><U14/><E51/><V46/><F132/><W128/><G16/><T34/><D25/><U13/><E13/><V20/><F110/><W80/><G80/><T47/><D12/><U26/><E26/><V92/><F81/><W8/><G8/><T82/><D47/><U71/><E71/><V103/><F105/><W90/><G128/><T40/><D9/><U62/><E62/><V134/><F104/><W115/><G115/><T93/><D10/><U53/><AGARI ba="0,0" hai="5,11,14,45,49,53,76,77,78,89,91" m="7691" machi="53" ten="30,4000,0" yaku="8,1,52,2" doraHai="87" who="1" fromWho="1" sc="250,-20,250,40,250,-10,250,-10" />
</Scene>
<Scene>
<INIT seed="1,0,0,1,2,93" ten="230,290,240,240" oya="1" hai0="132,58,22,67,76,62,108,71,133,8,44,60,19" hai1="5,52,100,128,40,99,47,111,30,49,89,2,131" hai2="42,118,110,123,129,55,29,69,4,10,35,104,135" hai3="43,115,18,85,105,59,17,81,38,66,7,20,15"/><U68/><E68/><V32/><F42/><W36/><G105/><T96/><D108/><U48/><E111/><V14/><F55/><W83/><G115/><T114/><D114/><U82/><E30/><V117/><F104/><W51/><G7/><T98/><D76/><U56/><E2/><V28/><F69/><W107/><G107/><T78/><D78/><U88/><E5/><V87/><F87/><W103/><G103/><T25/><D44/><U70/><E70/><V21/><F110/><W3/><G3/><T54/><REACH who="0" step="1"/><D8/><REACH who="0" ten="220,290,240,240" step="2"/><U9/><E9/><V45/><F45/><N who="3" m="26047" /><G38/><T31/><D31/><U64/><E64/><V134/><F28/><W77/><G36/><T101/><D101/><U23/><E23/><V116/><F21/><W1/><G20/><T39/><D39/><U130/><E82/><V86/><F29/><W112/><G112/><T92/><D92/><AGARI ba="0,1" hai="40,47,48,49,52,56,88,89,92,99,100,128,130,131" machi="92" ten="40,12000,1" yaku="19,1,52,1,54,2" doraHai="93" who="1" fromWho="0" sc="220,-120,290,130,240,0,240,0" />
</Scene>
<Scene>
<INIT seed="1,1,0,1,3,85" ten="100,420,240,240" oya="1" hai0="22,62,134,124,94,78,65,57,79,40,15,36,76" hai1="28,7,0,88,37,19,91,107,39,103,70,71,14" hai2="80,41,131,120,83,30,117,55,127,100,20,90,33" hai3="84,13,130,109,23,42,63,6,77,9,53,17,114"/><U92/><E28/><V95/><F33/><W49/><G109/><T45/><D134/><U43/><E0/><V102/><F41/><W69/><G130/><T125/><D15/><U96/><E7/><V4/><F4/><W38/><G114/><T111/><D111/><U81/><E81/><N who="2" m="31307" /><F117/><W108/><G108/><T44/><D22/><U133/><E133/><V105/><F120/><W8/><G84/><T60/><D45/><U110/><E110/><V10/><F10/><W51/><G77/><T98/><REACH who="0" step="1"/><D62/><REACH who="0" ten="90,420,240,240" step="2"/><U101/><E14/><V58/><F20/><W97/><G23/><T56/><D56/><U3/><E70/><V115/><F58/><W123/><G13/><T11/><D11/><U34/><E71/><V82/><F115/><W21/><G63/><T27/><D27/><U106/><E3/><V132/><F132/><W118/><G9/><T32/><D32/><U116/><E34/><V104/><F131/><W135/><G21/><T64/><D64/><U16/><E116/><V122/><F122/><W52/><G69/><T31/><D31/><U75/><E19/><V35/><F35/><W1/><G17/><T86/><D86/><U67/><E16/><V129/><F129/><W29/><G123/><T126/><D126/><U66/><E66/><V89/><F30/><W47/><G135/><T5/><D5/><U25/><E67/><V112/><F127/><W72/><G118/><T128/><D128/><U74/><E25/><V59/><F59/><W12/><G29/><T119/><D119/><U87/><E87/><V2/><F112/><W18/><G12/><RYUUKYOKU ba="1,1" sc="90,30,420,-10,240,-10,240,-10" hai0="36,40,44,57,60,65,76,78,79,94,98,124,125" />
</Scene>
<Scene>
<INIT seed="2,2,1,4,4,108" ten="120,410,230,230" oya="2" hai0="114,100,49,6,124,71,105,102,65,94,33,135,77" hai1="99,53,47,115,121,106,35,46,90,83,110,107,86" hai2="101,60,125,18,10,78,118,38,57,75,72,97,58" hai3="40,117,98,1,111,2,62,39,31,96,7,36,17"/><V54/><F118/><W3/><G117/><T92/><D124/><U19/><E110/><V79/><F38/><W4/><G111/><T29/><D135/><U87/><E35/><V113/><F125/><W34/><G17/><T80/><D114/><U126/><E115/><V50/><F113/><W8/><G62/><N who="0" m="40375" /><D49/><U76/><E121/><V66/><F75/><W134/><G134/><T13/><D100/><U112/><E112/><V130/><F72/><W63/><G63/><T127/><D127/><U21/><E126/><V12/><REACH who="2" step="1"/><F130/><REACH who="2" ten="120,410,220,230" step="2"/><W48/><G39/><T85/><D6/><U32/><E107/><AGARI ba="2,2" hai="10,12,18,50,54,57,58,60,66,78,79,97,101,107" machi="107" ten="30,5800,0" yaku="1,1,2,1,7,1,53,0" doraHai="108" doraHaiUra="37" who="2" fromWho="1" sc="120,0,410,-64,220,84,230,0" />
</Scene>
<Scene>
<INIT seed="2,3,0,5,1,50" ten="120,346,304,230" oya="2" hai0="76,15,105,19,108,29,55,4,47,125,132,53,104" hai1="102,84,46,62,22,112,36,101,117,5,133,33,81" hai2="121,67,21,3,35,134,82,18,111,23,16,95,25" hai3="126,12,115,96,116,14,38,74,107,64,90,37,28"/><V88/><F121/><W75/><G116/><T89/><D108/><U51/><E33/><V26/><F3/><W130/><G28/><T135/><D125/><U93/><E36/><V124/><F124/><W92/><G126/><T61/><D76/><U9/><E112/><V7/><F35/><W80/><G115/><T10/><D29/><U39/><E39/><V79/><F134/><N who="0" m="51242" /><D89/><U109/><E117/><V30/><F7/><W66/><G130/><T27/><D47/><U8/><E109/><V103/><F67/><W77/><G75/><T128/><D128/><U94/><E22/><V73/><F111/><W24/><G38/><T68/><D68/><U129/><E62/><V13/><F103/><N who="1" m="39433" /><E133/><V86/><REACH who="2" step="1"/><F30/><REACH who="2" ten="120,346,294,230" step="2"/><W78/><G66/><T40/><D4/><U31/><E31/><V91/><F91/><W118/><G90/><T71/><D105/><U52/><E129/><V123/><F123/><W6/><G64/><N who="0" m="41359" /><D104/><U114/><E114/><V49/><F49/><W20/><G6/><N who="0" m="3543" /><D40/><U2/><E2/><V34/><F34/><W48/><G107/><T113/><D113/><U58/><E5/><V119/><F119/><W97/><G118/><T65/><D65/><U98/><E51/><V32/><F32/><W56/><G48/><T72/><D72/><U0/><E0/><V11/><F11/><W41/><G37/><T45/><D45/><U44/><E8/><V120/><F120/><W99/><G74/><T110/><D110/><U127/><E9/><V85/><F85/><W87/><G87/><T131/><D131/><U59/><E127/><V63/><F63/><RYUUKYOKU ba="3,1" sc="120,15,346,-15,294,15,230,-15" hai0="19,27,53,55" hai2="13,16,18,21,23,25,26,73,79,82,86,88,95" />
</Scene>
<Scene>
<INIT seed="2,4,1,2,0,48" ten="135,331,309,215" oya="2" hai0="41,85,108,54,14,86,1,16,39,58,60,44,71" hai1="6,50,40,135,127,29,104,56,4,117,38,87,24" hai2="17,134,133,72,106,68,25,92,13,10,111,88,8" hai3="37,94,120,55,99,93,23,84,31,7,33,119,9"/><V20/><F106/><W27/><G119/><T5/><D108/><U131/><E117/><V103/><F72/><W130/><G120/><T70/><D1/><U79/><E38/><V132/><F68/><W113/><G37/><T15/><D5/><U67/><E104/><V61/><F111/><W97/><G130/><T34/><D14/><U32/><E127/><V128/><F128/><W115/><G33/><T65/><D34/><U12/><E135/><V0/><F103/><W36/><G36/><T110/><D110/><U43/><E43/><V118/><F118/><W53/><G84/><T76/><D76/><U83/><E131/><V77/><F77/><W11/><G94/><T47/><D47/><U129/><E129/><V21/><F61/><W123/><G99/><T121/><D121/><U28/><E28/><N who="2" m="17447" /><F0/><N who="3" m="231" /><G11/><T96/><D96/><AGARI ba="4,1" hai="8,10,13,17,21,88,92,96,132,133,134" m="17447" machi="96" ten="30,2900,0" yaku="20,1,54,1" doraHai="48" who="2" fromWho="0" sc="135,-41,331,0,309,51,215,0" />
</Scene>
<Scene>
<INIT seed="2,5,0,2,0,76" ten="94,331,360,215" oya="2" hai0="2,132,54,133,24,42,101,108,59,97,15,121,74" hai1="106,63,91,65,86,3,99,32,71,19,38,27,102" hai2="116,87,0,57,13,124,77,92,83,21,44,103,131" hai3="82,95,94,55,80,67,69,30,70,34,88,31,33"/><V29/><F0/><W40/><G67/><T39/><D121/><U48/><E38/><V72/><F116/><W16/><G55/><T18/><D2/><U11/><E48/><V73/><F124/><W36/><G36/><T49/><D108/><U134/><E134/><N who="0" m="51817" /><D74/><U115/><E115/><V58/><F131/><W17/><REACH who="3" step="1"/><G88/><REACH who="3" ten="94,331,360,205" step="2"/><T7/><D39/><U37/><E37/><V90/><F90/><W128/><G128/><T135/><D135/><U22/><E91/><V60/><F77/><W41/><AGARI ba="5,1" hai="16,17,30,31,33,34,40,41,69,70,80,82,94,95" machi="41" ten="25,12000,2" yaku="1,1,0,1,22,2,52,2,54,1,53,0" doraHai="76" doraHaiUra="114" who="3" fromWho="3" sc="94,-35,331,-35,360,-65,205,145" />
</Scene>
<Scene>
<INIT seed="3,0,0,0,4,5" ten="59,296,295,350" oya="3" hai0="72,35,131,121,8,49,81,28,108,58,31,40,65" hai1="14,26,114,39,110,23,106,2,84,134,11,0,53" hai2="17,104,135,9,32,109,97,6,19,88,74,127,122" hai3="123,83,57,13,59,46,76,4,132,78,36,118,75"/><W44/><G118/><T56/><D121/><U87/><E106/><V55/><F74/><W128/><G123/><T54/><D108/><U125/><E39/><V103/><F122/><W45/><G36/><T116/><D116/><U10/><E114/><V21/><F32/><W64/><G128/><T29/><D131/><U90/><E110/><V61/><F109/><W70/><G132/><T82/><D35/><U120/><E120/><V86/><F135/><W113/><G113/><T60/><D72/><U18/><E134/><V79/><F79/><W93/><G78/><T16/><REACH who="0" step="1"/><D40/><REACH who="0" ten="49,296,295,350" step="2"/><U85/><E125/><V24/><F127/><W96/><G70/><T42/><D42/><U12/><E53/><V100/><F55/><W129/><G129/><T133/><D133/><U119/><E119/><V3/><F103/><W48/><G64/><T62/><D62/><U91/><E91/><V94/><REACH who="2" step="1"/><F61/><REACH who="2" ten="49,296,285,350" step="2"/><W47/><G75/><T38/><D38/><U98/><E90/><V105/><F105/><W115/><G115/><T107/><D107/><U50/><E50/><V7/><F7/><W95/><G48/><T22/><D22/><U1/><REACH who="1" step="1"/><E98/><REACH who="1" ten="49,286,285,350" step="2"/><V25/><F25/><W43/><G96/><T20/><D20/><U67/><E67/><V124/><F124/><W34/><G43/><T66/><D66/><U30/><E30/><AGARI ba="0,3" hai="3,6,9,17,19,21,24,30,86,88,94,97,100,104" machi="30" ten="30,8000,1" yaku="1,1,7,1,52,1,54,1,53,1" doraHai="5" doraHaiUra="101" who="2" fromWho="1" sc="49,0,286,-80,285,110,350,0" />
</Scene>
<Scene>
<INIT seed="4,0,0,1,2,131" ten="49,206,395,350" oya="0" hai0="101,83,99,6,93,123,5,118,95,14,31,27,12" hai1="39,9,134,66,22,112,81,15,117,86,133,58,53" hai2="106,64,116,100,30,109,0,94,87,114,126,36,79" hai3="8,48,75,98,46,13,89,43,28,77,59,41,23"/><T57/><D123/><U111/><E111/><V40/><F109/><W1/><G1/><T20/><D118/><U33/><E33/><V122/><F0/><W25/><G75/><T11/><D83/><U38/><E66/><V2/><F2/><W29/><G77/><T124/><D124/><U65/><E65/><V24/><F122/><W128/><G59/><T55/><D95/><U10/><E22/><V97/><F116/><W119/><G128/><T90/><D101/><U60/><E117/><V3/><F3/><W69/><G69/><T63/><REACH who="0" step="1"/><D14/><REACH who="0" ten="39,206,395,350" step="2"/><U125/><E125/><V129/><F94/><W45/><G119/><T82/><D82/><U16/><E81/><V84/><F100/><W76/><G76/><T110/><D110/><U32/><E15/><V132/><F79/><W115/><G89/><T73/><D73/><U67/><E86/><V52/><F84/><W103/><G103/><T127/><D127/><U61/><E112/><V37/><F126/><W78/><G115/><T130/><D130/><U21/><E9/><V35/><F129/><W44/><G78/><T19/><AGARI ba="0,1" hai="5,6,11,12,19,20,27,31,55,57,63,90,93,99" machi="19" ten="20,12000,1" yaku="1,1,0,1,7,1,8,1,53,1" doraHai="131" doraHaiUra="85" who="0" fromWho="0" sc="39,130,206,-40,395,-40,350,-40" />
</Scene>
<Scene>
<INIT seed="4,1,0,3,2,31" ten="169,166,355,310" oya="0" hai0="100,15,13,76,130,78,125,99,109,104,26,32,111" hai1="47,77,24,85,79,113,98,61,20,112,94,97,53" hai2="41,117,80,74,63,56,22,110,86,17,23,37,123" hai3="28,116,119,36,10,34,132,66,64,19,108,0,121"/><T40/><D130/><U115/><E85/><V39/><F110/><N who="0" m="41994" /><D125/><U68/><E98/><V33/><F74/><W44/><G108/><T11/><D40/><U35/><E35/><V71/><F71/><W7/><G66/><T101/><D100/><U46/><E68/><V57/><F123/><W124/><G64/><T107/><D107/><U83/><E83/><V5/><F5/><W122/><G124/><T89/><D89/><N who="1" m="55503" /><E47/><V75/><F75/><W50/><G36/><T120/><D120/><U55/><E46/><V62/><F41/><W92/><G132/><T8/><D32/><U51/><E51/><V59/><F33/><W134/><G134/><T60/><D60/><U69/><E69/><V103/><F103/><W18/><G119/><T21/><D78/><N who="1" m="29707" /><E61/><V114/><F117/><W42/><G116/><T82/><D82/><U58/><E58/><V30/><F39/><W73/><G121/><T133/><D133/><U81/><E81/><V70/><F37/><W49/><G122/><T25/><D76/><U87/><E87/><V65/><F63/><W4/><G73/><T43/><D43/><U106/><E106/><V102/><F102/><W52/><G42/><T48/><D48/><U6/><E6/><V91/><F70/><W118/><G50/><T1/><D1/><U38/><E38/><V135/><F135/><W95/><G118/><T16/><D21/><U2/><E2/><V96/><F62/><W12/><G95/><T131/><D131/><U88/><E88/><V128/><F91/><W105/><G105/><T72/><D72/><U27/><E20/><RYUUKYOKU ba="1,0" sc="169,15,166,15,355,-15,310,-15" hai0="8,11,13,15,16,25,26,99,101,104" hai1="24,27,53,55,112,113,115" />
</Scene>
<Scene>
<INIT seed="4,2,0,4,2,58" ten="184,181,340,295" oya="0" hai0="7,87,31,13,127,125,131,33,103,132,39,50,104" hai1="92,36,123,80,54,44,15,98,29,41,113,23,26" hai2="128,93,17,102,124,57,108,67,117,107,106,82,73" hai3="105,5,60,2,78,63,38,118,47,112,97,95,14"/><T9/><D39/><U77/><E123/><V74/><F17/><W134/><G118/><T4/><D131/><U53/><E113/><V86/><F57/><W75/><G105/><N who="2" m="39945" /><F67/><W85/><G112/><T48/><D132/><U18/><E80/><V35/><F35/><W99/><G2/><T6/><D87/><U1/><E77/><N who="2" m="46415" /><F108/><W28/><G75/><T22/><D33/><U135/><E135/><V129/><F117/><W46/><G28/><T68/><D68/><U45/><E1/><V101/><F124/><N who="0" m="47690" /><D22/><U133/><E44/><N who="3" m="16938" /><G38/><T66/><D66/><U12/><E133/><V16/><F73/><W56/><G134/><T130/><D130/><U110/><E110/><V10/><F74/><W89/><G78/><T72/><D72/><U32/><REACH who="1" step="1"/><E15/><REACH who="1" ten="184,171,340,295" step="2"/><V90/><F129/><W3/><G3/><T40/><D40/><U55/><E55/><V30/><F128/><W52/><G14/><T34/><D13/><U71/><E71/><V42/><F42/><W21/><G52/><T59/><D59/><U88/><AGARI ba="2,1" hai="12,18,23,26,29,32,36,41,45,53,54,88,92,98" machi="88" ten="20,8000,1" yaku="1,1,0,1,7,1,54,1,53,1" doraHai="58" doraHaiUra="43" who="1" fromWho="1" sc="184,-42,171,96,340,-22,295,-22" />
</Scene>
<Scene>
<INIT seed="5,0,0,0,1,78" ten="142,267,318,273" oya="1" hai0="132,128,27,48,6,38,108,101,30,18,33,66,58" hai1="20,134,81,56,91,125,7,129,99,73,26,74,85" hai2="76,17,114,109,122,4,103,55,88,87,31,95,32" hai3="79,13,120,57,96,93,75,35,65,89,72,16,44"/><U54/><E125/><V15/><F109/><W62/><G120/><T11/><D128/><U25/><E129/><V104/><F122/><W19/><G35/><T112/><D108/><U69/><E69/><V107/><F4/><W34/><G34/><T64/><D112/><U133/><E7/><V106/><F114/><W97/><G44/><T119/><D119/><U22/><E99/><V127/><F127/><W37/><G37/><T10/><D132/><N who="1" m="50795" /><E25/><V121/><F121/><W29/><G29/><T23/><D38/><U47/><E47/><V80/><F55/><W60/><G79/><T126/><D126/><U50/><E22/><V98/><F31/><AGARI ba="0,0" hai="20,26,31,50,54,56,73,74,81,85,91" m="50795" machi="31" ten="30,2900,0" yaku="20,1,52,1" doraHai="78" who="1" fromWho="2" sc="142,0,267,29,318,-29,273,0" />
</Scene>
<Scene>
<INIT seed="5,1,0,0,1,112" ten="142,296,289,273" oya="1" hai0="95,129,60,52,69,130,49,56,50,22,13,37,65" hai1="67,34,123,99,75,96,45,38,97,132,5,31,33" hai2="133,115,124,6,55,8,14,74,42,117,18,77,68" hai3="78,79,2,7,41,59,107,100,119,106,116,24,25"/><U122/><E132/><V64/><F42/><W108/><G108/><T12/><D95/><U92/><E75/><V44/><F133/><W32/><G41/><T21/><D37/><U43/><E5/><V126/><F115/><W36/><G36/><T47/><D13/><U82/><E82/><V114/><F114/><W54/><G7/><T81/><D81/><U40/><E40/><V20/><F64/><W16/><G2/><T19/><REACH who="0" step="1"/><D22/><REACH who="0" ten="132,296,289,273" step="2"/><U109/><E92/><V9/><F20/><N who="3" m="13319" /><G106/><T88/><D88/><U83/><E83/><V90/><F90/><W86/><G107/><T73/><D73/><U35/><E35/><V104/><F14/><W125/><G100/><T17/><D17/><U89/><E34/><V131/><F18/><W53/><G32/><T102/><D102/><U63/><E89/><V135/><F104/><W105/><G105/><T98/><D98/><U93/><E93/><V84/><F74/><W66/><G86/><T103/><D103/><U23/><E33/><V113/><F84/><W29/><G79/><T1/><D1/><U51/><E38/><V121/><F77/><W120/><G78/><T28/><D28/><U80/><E80/><V72/><F72/><W71/><G29/><T10/><D10/><U61/><E23/><V85/><F8/><W134/><G25/><T110/><D110/><U39/><E31/><V70/><F9/><W128/><G134/><T48/><D48/><U91/><E109/><V94/><F135/><W57/><G128/><T27/><D27/><U127/><E39/><V30/><F113/><W111/><G111/><RYUUKYOKU ba="1,1" sc="132,30,296,-10,289,-10,273,-10" hai0="12,19,21,47,49,50,52,56,60,65,69,129,130" />
</Scene>
<Scene>
<INIT seed="6,2,1,4,2,97" ten="162,286,279,263" oya="2" hai0="66,123,76,90,57,125,118,58,34,71,3,18,127" hai1="27,91,72,95,10,78,37,11,86,23,80,60,4" hai2="31,51,102,103,30,50,21,67,112,1,113,70,73" hai3="28,84,74,65,16,131,38,134,81,35,64,22,53"/><V45/><F73/><W40/><G74/><T17/><D123/><U87/><E37/><V13/><F1/><W135/><G131/><T130/><D130/><U42/><E42/><V104/><F104/><W54/><G28/><N who="2" m="10793" /><F70/><W92/><G35/><T25/><D118/><U99/><E11/><V85/><F67/><N who="3" m="25675" /><G92/><T69/><D34/><U88/><E60/><V15/><F85/><W33/><G33/><T63/><D76/><U62/><E62/><V20/><F20/><W93/><G93/><T36/><D3/><U61/><E61/><V110/><F110/><W121/><G121/><T89/><D63/><U126/><E72/><V120/><F120/><W132/><G40/><T82/><D66/><U52/><E87/><V0/><F0/><W83/><G38/><T7/><D36/><U41/><E23/><V133/><F133/><W49/><G49/><N who="2" m="18441" /><F45/><W9/><G9/><T19/><D25/><U119/><E27/><V128/><F128/><W46/><G46/><T29/><D29/><U115/><E119/><V77/><F77/><N who="3" m="46127" /><G83/><T75/><D75/><U6/><E10/><V55/><F55/><W24/><AGARI ba="2,1" hai="16,22,24,53,54,132,134,135" m="46127,25675" machi="24" ten="40,2700,0" yaku="20,1,54,1" doraHai="97" who="3" fromWho="3" sc="162,-9,286,-9,279,-15,263,43" />
</Scene>
<Scene>
<INIT seed="7,0,0,1,3,130" ten="153,277,264,306" oya="3" hai0="20,55,134,4,110,116,106,7,18,48,69,35,21" hai1="42,84,107,40,10,56,125,119,5,71,33,91,15" hai2="68,100,86,112,128,114,34,9,72,89,64,36,94" hai3="129,126,101,115,98,81,8,85,43,105,132,124,74"/><W0/><G132/><T13/><D110/><U83/><E71/><V108/><F36/><W54/><G115/><N who="2" m="44073" /><F34/><W44/><G129/><T122/><D122/><U131/><E131/><V39/><F39/><N who="3" m="21631" /><G54/><T87/><D116/><U47/><E125/><V123/><F128/><W16/><G16/><T63/><D35/><U30/><E119/><V65/><F72/><W79/><G85/><T104/><D134/><U109/><E109/><V45/><F68/><W97/><G97/><T95/><D20/><U70/><E70/><V77/><F77/><W23/><G23/><T58/><D69/><U22/><E33/><V14/><F108/><W78/><G78/><T26/><D26/><U121/><E121/><V32/><F32/><W25/><G25/><T57/><D106/><U90/><E107/><V28/><F28/><W117/><G117/><T120/><D104/><U59/><E30/><V99/><F45/><W19/><G19/><T88/><REACH who="0" step="1"/><D120/><REACH who="0" ten="143,277,264,306" step="2"/><U133/><E22/><V11/><F123/><W67/><G126/><T82/><D82/><U24/><E83/><N who="2" m="49375" /><F9/><W92/><G124/><T12/><D12/><U62/><E15/><V113/><F113/><W46/><G105/><T51/><D51/><U53/><E10/><V29/><F29/><W93/><G93/><T31/><D31/><U73/><E133/><V76/><F76/><W17/><G0/><T49/><D49/><U50/><E50/><V6/><AGARI ba="0,1" hai="6,11,14,64,65,94,99,100" m="49375,44073" machi="6" ten="30,1100,0" yaku="15,1" doraHai="130" who="2" fromWho="2" sc="143,-3,277,-3,264,21,306,-5" owari="140,-36.0,274,-13.0,285,9.0,301,40.0" />
</Scene>
</mjloggm>