<mjloggm ver="2.3"><GO type="169" lobby="0"/><UN n0="%E6%AE%8B%E5%B0%BF%E6%84%9F%E3%81%AA%E3%81%84%EF%BC%9F" n1="%E5%A4%AA%E3%81%8F%E3%81%AA%E3%81%84%E3%81%8A" n2="%E3%81%A9%E3%83%BC%E3%81%91" n3="%E3%82%BF%EF%BD%9E%E5%9D%8A" dan="17,18,16,16" rate="2189.21,2218.71,2094.01,2075.09" sx="F,F,M,M"/><TAIKYOKU oya="0"/>

<Scene>
<INIT seed="0,0,0,2,3,67" ten="250,250,250,250" oya="0" hai0="50,24,110,22,35,127,117,8,0,6,61,105,75" hai1="40,102,108,70,14,63,100,129,71,30,113,120,87" hai2="42,18,97,107,79,11,122,84,53,109,128,82,55" hai3="74,56,121,88,92,125,118,83,25,44,64,20,5"/><T73/><D117/><U15/><E120/><V119/><F122/><W21/><G118/><T17/><D105/><U80/><E40/><V68/><F68/><N who="1" m="26153" /><E63/><V4/><F18/><W49/><G5/><T104/><D104/><U85/><E30/><V12/><F119/><W93/><G64/><T95/><D61/><U10/><E10/><V101/><F42/><W37/><G37/><T62/><D62/><U2/><E2/><V57/><F55/><W34/><G56/><T27/><D127/><U23/><E23/><V33/><F33/><W36/><G125/><T94/><D50/><U133/><E108/><V130/><F109/><W69/><G36/><T65/><D65/><U86/><E80/><V54/><F54/><W16/><G69/><T19/><D110/><U28/><E28/><V115/><REACH who="2" step="1"/><F115/><REACH who="2" ten="250,250,240,250" step="2"/><W26/><G34/><T3/><D35/><U90/><E113/><V45/><F45/><W106/><G121/><T41/><D41/><U131/><E133/><V81/><F81/><W124/><G124/><T96/><D22/><U134/><E134/><V47/><F47/><W132/><G132/><T116/><D116/><U91/><E131/><V52/><F52/><W59/><G44/><T114/><D114/><U9/><E129/><V7/><F7/><W51/><G21/><T111/><D111/><U112/><E112/><V39/><F39/><W46/><G20/><T78/><D6/><U60/><E60/><AGARI ba="0,1" hai="4,11,12,53,57,60,79,82,84,97,101,107,128,130" machi="60" ten="40,1300,0" yaku="1,1,53,0" doraHai="67" doraHaiUra="66" who="2" fromWho="1" sc="250,0,250,-13,240,23,250,0" />
</Scene>
<Scene>
<INIT seed="1,0,0,0,1,34" ten="250,237,263,250" oya="1" hai0="135,3,90,83,22,122,28,91,6,0,8,131,24" hai1="44,103,127,63,71,23,62,70,109,58,114,123,21" hai2="93,67,37,2,85,61,87,19,13,54,60,124,5" hai3="133,50,79,9,33,55,43,16,64,118,72,74,38"/><U46/><E103/><V49/><F37/><W12/><G33/><T80/><D131/><U119/><E114/><V84/><F124/><W110/><G133/><T65/><D65/><U31/><E119/><V104/><F104/><W77/><G118/><T56/><D135/><U117/><E117/><V95/><F95/><W40/><G110/><T111/><D111/><U78/><E109/><V26/><F26/><W17/><G64/><T32/><D122/><U69/><E123/><V14/><F2/><W92/><G38/><T102/><D102/><U86/><E127/><V29/><F29/><W99/><G74/><T98/><D98/><U20/><E31/><V112/><F93/><W115/><G17/><T36/><D36/><U52/><REACH who="1" step="1"/><E63/><REACH who="1" ten="250,227,263,250" step="2"/><V129/><F112/><W100/><G115/><T73/><D28/><U10/><E10/><N who="2" m="4303" /><F129/><W75/><G72/><T42/><D8/><U15/><E15/><V94/><F94/><W126/><G75/><T4/><D24/><U107/><E107/><V25/><F25/><W134/><G126/><T113/><D113/><U128/><E128/><V1/><F1/><W108/><G108/><T57/><D32/><U11/><E11/><N who="2" m="6623" /><F67/><W125/><G125/><T7/><D22/><U116/><E116/><V101/><F101/><W51/><G134/><T130/><D130/><U88/><E88/><V35/><F35/><W41/><G100/><T39/><D73/><U105/><E105/><V81/><F81/><AGARI ba="0,1" hai="20,21,23,44,46,52,58,62,69,70,71,78,81,86" machi="81" ten="50,9600,0" yaku="1,1,54,1,53,1" doraHai="34" doraHaiUra="48" who="1" fromWho="2" sc="250,0,227,106,263,-96,250,0" />
</Scene>
<Scene>
<INIT seed="1,1,0,5,0,105" ten="250,333,167,250" oya="1" hai0="112,79,65,95,122,127,86,124,109,128,58,8,101" hai1="91,121,99,44,5,73,35,89,9,16,83,108,96" hai2="22,77,120,28,50,20,55,107,78,60,70,134,116" hai3="43,61,113,131,64,26,48,6,39,57,76,33,14"/><U52/><E121/><V123/><F107/><W125/><G113/><T102/><D109/><U7/><E35/><V97/><F116/><W132/><G39/><T36/><D36/><U75/><E108/><V25/><F134/><W0/><G0/><T30/><D30/><U87/><E7/><V51/><F97/><W81/><G132/><T126/><D112/><U111/><E111/><V135/><F135/><W114/><G131/><T119/><D8/><U80/><E5/><V19/><F51/><W104/><G104/><T42/><D42/><U10/><E44/><V118/><F118/><W27/><G125/><T67/><D119/><U100/><E87/><V3/><F3/><W38/><G38/><T82/><D128/><U31/><E31/><V71/><F71/><W84/><G33/><T2/><D2/><U21/><E21/><V24/><F70/><W106/><G106/><T72/><D58/><U53/><REACH who="1" step="1"/><E100/><REACH who="1" ten="250,323,167,250" step="2"/><N who="0" m="38505" /><D122/><U17/><AGARI ba="1,1" hai="9,10,16,17,52,53,73,75,80,83,89,91,96,99" machi="17" ten="25,24000,3" yaku="1,1,0,1,22,2,52,2,54,2,53,0" doraHai="105" doraHaiUra="69" who="1" fromWho="1" sc="250,-81,323,253,167,-81,250,-81" />
</Scene>
<Scene>
<INIT seed="1,2,0,1,2,111" ten="169,576,86,169" oya="1" hai0="123,135,127,134,18,30,65,88,132,108,4,81,5" hai1="41,19,58,23,55,116,126,10,131,128,110,83,133" hai2="6,37,86,8,60,27,0,130,79,48,98,16,22" hai3="68,91,15,87,57,96,59,11,17,1,124,117,113"/><U115/><E116/><V95/><F37/><W129/><G68/><T49/><D108/><U2/><E110/><V102/><F130/><W72/><G72/><T118/><D118/><U69/><E69/><V92/><F48/><W94/><G129/><T32/><D65/><U9/><E41/><V122/><F60/><W36/><G36/><T13/><D127/><U75/><E126/><V21/><F21/><W82/><G1/><T33/><D49/><U7/><E10/><V62/><F62/><W105/><G105/><T99/><D81/><U56/><E56/><V80/><REACH who="2" step="1"/><F95/><REACH who="2" ten="169,576,76,169" step="2"/><W35/><G124/><T39/><D39/><U84/><E128/><V38/><F38/><W109/><G117/><T100/><D123/><AGARI ba="2,1" hai="0,6,8,16,22,27,79,80,86,92,98,102,122,123" machi="123" ten="40,2600,0" yaku="1,1,54,1,53,0" doraHai="111" doraHaiUra="24" who="2" fromWho="0" sc="169,-32,576,0,76,42,169,0" />
</Scene>
<Scene>
<INIT seed="2,0,0,4,3,108" ten="137,576,118,169" oya="2" hai0="109,115,27,70,41,49,93,28,19,134,67,10,119" hai1="11,20,82,46,121,135,61,44,130,68,45,65,126" hai2="95,92,96,88,21,26,80,56,84,4,42,118,75" hai3="16,79,74,24,53,114,9,47,73,131,7,97,89"/><V120/><F118/><W58/><G131/><T81/><D109/><U1/><E130/><V14/><F120/><W113/><G47/><T23/><D119/><U13/><E121/><V83/><F75/><W48/><G97/><T123/><D123/><U52/><E135/><V125/><F125/><W117/><G117/><T2/><D115/><N who="3" m="44041" /><G89/><T32/><D93/><U122/><E82/><V5/><F42/><W116/><G116/><T102/><D81/><N who="2" m="31306" /><F14/><N who="3" m="5439" /><G79/><T94/><D41/><U57/><E45/><V3/><F56/><W111/><G111/><T54/><D70/><U59/><E68/><V15/><F15/><W91/><G91/><T112/><D112/><U33/><E13/><V132/><F132/><W133/><G133/><T129/><D134/><U0/><E57/><V18/><F3/><W98/><G98/><T100/><D2/><U72/><E59/><V87/><F87/><W64/><G64/><T104/><D67/><U60/><E65/><V6/><F6/><W50/><G50/><T128/><D49/><U76/><E1/><V43/><F43/><W101/><G101/><AGARI ba="0,0" hai="4,5,18,21,26,84,88,92,95,96,101" m="31306" machi="101" ten="30,2900,0" yaku="8,1,54,1" doraHai="108" who="2" fromWho="3" sc="137,0,576,0,118,29,169,-29" />
</Scene>
<Scene>
<INIT seed="2,1,0,0,4,14" ten="137,576,147,140" oya="2" hai0="16,92,94,101,49,41,90,3,11,109,123,48,128" hai1="78,65,99,24,8,115,5,13,1,83,67,32,66" hai2="37,33,6,63,42,120,70,121,52,82,117,108,28" hai3="60,58,100,25,76,89,34,124,2,127,62,110,131"/><V85/><F117/><W19/><G2/><T119/><D109/><U54/><E115/><V132/><F6/><W59/><G110/><T102/><D123/><U57/><E1/><V79/><F108/><W75/><G131/><T96/><D128/><U74/><E99/><V45/><F132/><W134/><G134/><T129/><D129/><U53/><E57/><N who="3" m="21514" /><G100/><T21/><D119/><U91/><E91/><V112/><F112/><W93/><G76/><T72/><D72/><U97/><E97/><V69/><F52/><W71/><G75/><T20/><D3/><U0/><E0/><V61/><F61/><W47/><G47/><N who="0" m="25711" /><D49/><U12/><E12/><V10/><F10/><W30/><G71/><T87/><D101/><U80/><E80/><V38/><F38/><W18/><G62/><T84/><D84/><U36/><E36/><V4/><F4/><W105/><G60/><T50/><D50/><U7/><E7/><V98/><F98/><N who="3" m="57647" /><G105/><T51/><D51/><U35/><E54/><V107/><F107/><W113/><G113/><T17/><D11/><U26/><E53/><V95/><F63/><W27/><G27/><T68/><D68/><U114/><E114/><V31/><F33/><W106/><G106/><T40/><D40/><U118/><E118/><V9/><F69/><W29/><G29/><T73/><D73/><U133/><E133/><V56/><F70/><W111/><G111/><T81/><D94/><U39/><E39/><V88/><F56/><W22/><G34/><T46/><D46/><U126/><E35/><V23/><F121/><W103/><G103/><RYUUKYOKU ba="1,0" sc="137,15,576,-15,147,-15,140,15" hai0="16,17,20,21,81,87,90,92,96,102" hai3="18,19,22,25,30,124,127" />
</Scene>
<Scene>
<INIT seed="3,2,0,1,5,82" ten="152,561,132,155" oya="3" hai0="113,133,116,103,125,92,31,9,55,54,97,60,114" hai1="45,78,63,127,50,86,128,80,44,20,75,118,79" hai2="3,87,39,29,71,1,88,52,115,74,16,96,91" hai3="73,0,6,89,25,130,27,40,104,81,38,51,105"/><W8/><G130/><T47/><D116/><U53/><E128/><V70/><F39/><W36/><G51/><T76/><D125/><U35/><E35/><V32/><F74/><W42/><G38/><T49/><D133/><U69/><E127/><V84/><F96/><W2/><G2/><T66/><D31/><U21/><E118/><V72/><F72/><W56/><G56/><T100/><D76/><U7/><E7/><V46/><F32/><W41/><G36/><T62/><D103/><U117/><E117/><V85/><F29/><W99/><G73/><T93/><D93/><U135/><E135/><V10/><F115/><N who="0" m="44042" /><D9/><U30/><E30/><V101/><F101/><W18/><G18/><T119/><D119/><U22/><E75/><V12/><F71/><W102/><REACH who="3" step="1"/><G105/><REACH who="3" ten="152,561,132,145" step="2"/><T122/><D122/><U109/><E50/><N who="2" m="28759" /><F70/><W123/><G123/><T17/><D17/><U131/><E131/><V124/><F124/><W94/><G94/><T95/><D92/><U134/><E134/><V132/><F132/><W77/><G77/><T83/><D62/><U108/><E78/><V112/><F112/><W43/><N who="3" m="10240" /><DORA hai="5" /><W28/><G28/><T48/><D48/><U110/><E69/><V68/><F68/><W65/><G65/><T129/><D129/><U15/><E63/><V121/><F121/><W4/><G4/><T58/><D66/><U24/><E79/><V23/><F1/><W64/><G64/><T126/><D126/><U59/><E59/><V120/><F120/><W19/><G19/><T67/><D67/><U37/><E37/><V33/><F33/><RYUUKYOKU ba="2,1" sc="152,10,561,-30,132,10,145,10" hai0="47,49,54,55,58,60,83,95,97,100" hai2="3,10,12,16,23,84,85,87,88,91" hai3="0,6,8,25,27,81,89,99,102,104" />
</Scene>
<Scene>
<INIT seed="3,3,1,3,3,49" ten="162,531,142,155" oya="3" hai0="133,124,68,93,57,96,128,119,16,114,6,62,72" hai1="97,8,18,118,51,29,106,120,23,122,10,59,41" hai2="65,60,37,24,76,130,55,99,105,81,48,64,77" hai3="54,44,53,88,40,100,112,3,101,90,132,26,9"/><W84/><G112/><T85/><D72/><U56/><E29/><V2/><F37/><W87/><G132/><T12/><D68/><U75/><E75/><V126/><F2/><W61/><G26/><T80/><D119/><U52/><E118/><V14/><F126/><W0/><G61/><T104/><D104/><U7/><E41/><V94/><F105/><W21/><G21/><T102/><D124/><U71/><E71/><V27/><F14/><W63/><G63/><T78/><D133/><U13/><E59/><V34/><F34/><W5/><G3/><T113/><D6/><U131/><E131/><V22/><F130/><W1/><G1/><T82/><D82/><U25/><E8/><V109/><F109/><W30/><G30/><T20/><REACH who="0" step="1"/><D128/><REACH who="0" ten="152,531,142,155" step="2"/><U33/><E106/><V15/><F81/><N who="3" m="49167" /><G5/><T73/><D73/><U108/><E7/><V134/><F134/><W19/><G0/><T42/><D42/><U117/><E117/><V35/><F35/><W43/><G43/><T32/><D32/><U50/><E33/><V129/><F129/><W91/><G40/><T39/><D39/><U110/><E108/><V11/><F64/><AGARI ba="3,2" hai="12,16,20,57,62,64,78,80,85,93,96,102,113,114" machi="64" ten="40,2600,0" yaku="1,1,54,1,53,0" doraHai="49" doraHaiUra="125" who="0" fromWho="2" sc="152,55,531,0,142,-35,155,0" />
</Scene>
<Scene>
<INIT seed="4,0,0,5,1,76" ten="207,531,107,155" oya="0" hai0="12,123,41,64,74,30,56,131,95,94,18,75,110" hai1="85,82,54,31,51,20,8,46,58,17,69,90,81" hai2="36,22,127,128,47,65,115,3,25,1,45,34,15" hai3="101,59,133,44,89,135,14,61,43,11,112,108,16"/><T86/><D123/><U114/><E69/><V117/><F65/><W132/><G108/><T102/><D30/><U39/><E114/><V72/><F72/><W79/><G112/><T124/><D41/><N who="1" m="25039" /><E39/><V77/><F77/><W24/><G79/><T26/><D26/><N who="1" m="14607" /><E8/><V28/><F36/><W63/><G101/><T68/><D124/><U111/><E111/><V93/><F93/><W49/><G59/><T120/><D131/><U35/><E35/><V100/><F100/><W13/><G24/><T119/><D119/><U71/><E71/><V121/><F47/><W98/><G14/><T7/><D7/><U80/><E31/><V48/><F115/><W60/><G98/><T116/><D120/><U107/><E107/><V23/><F121/><W55/><G89/><T10/><D116/><U88/><E90/><V4/><F48/><AGARI ba="0,0" hai="48,54,58,80,81,82,85,88" m="14607,25039" machi="48" ten="30,8000,1" yaku="8,1,52,3,54,1" doraHai="76" who="1" fromWho="2" sc="207,0,531,80,107,-80,155,0" />
</Scene>
<Scene>
<INIT seed="5,0,0,1,4,121" ten="207,611,27,155" oya="1" hai0="72,112,96,129,24,87,7,68,126,86,82,134,73" hai1="108,127,74,131,39,29,75,123,76,128,15,53,63" hai2="43,62,97,118,93,13,98,34,6,17,27,35,42" hai3="45,91,92,32,84,30,9,89,83,77,71,28,116"/><U26/><E15/><V110/><F118/><W56/><G71/><T59/><D59/><U14/><E14/><V103/><F110/><W2/><G116/><T65/><D65/><U1/><E1/><V130/><F6/><W55/><G32/><T105/><D68/><U78/><E39/><V109/><F109/><W61/><G89/><T60/><D96/><U57/><E108/><V81/><F130/><W41/><G9/><T79/><D60/><U70/><E70/><V22/><F81/><W40/><G2/><T114/><D24/><U44/><E44/><V115/><F115/><W4/><G4/><T48/><D48/><U120/><E127/><V102/><F13/><W38/><REACH who="3" step="1"/><G41/><REACH who="3" ten="207,611,27,145" step="2"/><T16/><D114/><U0/><E0/><V10/><F10/><W94/><G94/><T47/><D112/><U132/><E123/><V54/><F43/><W23/><G23/><T113/><D113/><U95/><E95/><V46/><F42/><W67/><G67/><T64/><D64/><U20/><E120/><V90/><F46/><W5/><G5/><T124/><D47/><U33/><E33/><N who="2" m="12299" /><F98/><AGARI ba="0,1" hai="28,30,38,40,45,55,56,61,77,83,84,91,92,98" machi="98" ten="30,3900,0" yaku="1,1,7,1,53,1" doraHai="121" doraHaiUra="80" who="3" fromWho="2" sc="207,0,611,0,27,-39,145,49" owari="207,1.0,611,71.0,-12,-51.0,194,-21.0" />
</Scene>
</mjloggm>