<mjloggm ver="2.3"><GO type="169" lobby="0"/><UN n0="%E5%A4%AA%E3%81%8F%E3%81%AA%E3%81%84%E3%81%8A" n1="%E3%81%84%E3%81%AA%E3%81%8B%EF%BC%99" n2="%E5%AE%AE%E5%B4%8E%E7%9C%8C%E4%BB%A3%E8%A1%A8" n3="%E5%8D%81%E4%B8%89%E4%BB%A3%E7%9B%AE%E6%AC%A1%E5%85%83%E5%A4%A7%E4%BB%8B" dan="17,16,17,16" rate="2250.69,2058.94,2119.69,2127.02" sx="M,M,M,M"/><TAIKYOKU oya="0"/>

<Scene>
<INIT seed="0,0,0,4,2,118" ten="250,250,250,250" oya="0" hai0="2,123,56,98,61,76,57,10,26,34,69,91,93" hai1="126,97,40,65,1,55,95,49,133,48,8,90,30" hai2="6,45,94,122,87,124,37,73,132,135,43,104,39" hai3="27,134,67,77,47,127,23,64,81,99,20,21,38"/><T112/><D112/><U86/><E126/><V42/><F124/><W50/><G127/><T12/><D2/><U46/><E133/><V82/><F104/><W75/><G134/><N who="2" m="51241" /><F122/><W19/><G38/><N who="2" m="14345" /><F45/><W9/><G99/><T31/><D76/><U84/><E30/><V105/><F105/><W63/><G9/><T88/><D123/><U0/><E65/><V62/><F6/><W5/><G5/><T114/><D114/><U52/><E40/><V60/><F73/><W18/><G64/><T103/><D69/><U111/><E111/><V44/><F94/><W33/><G33/><T108/><D108/><U129/><E129/><V102/><F102/><W35/><G35/><T100/><D100/><U14/><E0/><V83/><F83/><W120/><G120/><T36/><D36/><U25/><E25/><V128/><F128/><W54/><REACH who="3" step="1"/><G27/><REACH who="3" ten="250,250,250,240" step="2"/><T74/><D74/><U28/><E1/><V106/><F106/><W53/><G53/><T13/><D13/><U66/><E14/><V113/><F113/><W85/><G85/><T109/><D109/><U7/><E8/><V121/><F121/><W4/><G4/><T16/><REACH who="0" step="1"/><D57/><AGARI ba="0,1" hai="18,19,20,21,23,47,50,54,57,63,67,75,77,81" machi="57" ten="40,1300,0" yaku="1,1,53,0" doraHai="118" doraHaiUra="11" who="3" fromWho="0" sc="250,-13,250,0,250,0,240,23" />
</Scene>
<Scene>
<INIT seed="1,0,0,5,1,58" ten="237,250,250,263" oya="1" hai0="124,91,76,43,59,84,19,3,117,46,108,6,26" hai1="69,88,127,98,75,41,97,1,63,33,62,67,17" hai2="129,80,74,99,87,115,24,135,10,39,11,96,60" hai3="37,66,70,18,51,82,89,15,55,123,132,106,53"/><U28/><E75/><V29/><F135/><W100/><G132/><T95/><D117/><U57/><E1/><V21/><F129/><W61/><G123/><T92/><D108/><U133/><E133/><V113/><F39/><W50/><G37/><T42/><D124/><U134/><E134/><V65/><F74/><W90/><G106/><T128/><D128/><U52/><E127/><V119/><F119/><W85/><G100/><T27/><D76/><U38/><E33/><V45/><F45/><W30/><G30/><T2/><D6/><U49/><E28/><V77/><F99/><W8/><G51/><T112/><D112/><N who="2" m="43082" /><F96/><W122/><G122/><T13/><D2/><U73/><E73/><V25/><F25/><W47/><REACH who="3" step="1"/><G89/><REACH who="3" ten="237,250,250,253" step="2"/><T20/><D91/><U126/><E126/><V116/><F116/><W35/><G35/><T130/><D130/><U107/><E107/><V4/><F4/><W120/><G120/><T86/><D19/><U31/><E31/><V23/><F23/><W14/><G14/><T101/><D13/><U105/><E17/><V12/><F12/><W103/><G103/><T40/><D101/><U94/><E105/><V102/><F102/><W36/><G36/><T0/><D20/><U5/><E38/><V131/><F131/><W71/><G71/><AGARI ba="0,1" hai="10,11,21,24,29,60,65,71,77,80,87" m="43082" machi="71" ten="30,2000,0" yaku="11,1,52,1" doraHai="58" who="2" fromWho="3" sc="237,0,250,0,250,30,253,-20" />
</Scene>
<Scene>
<INIT seed="2,0,0,5,5,15" ten="237,250,280,233" oya="2" hai0="43,126,74,66,96,69,128,75,121,50,113,27,79" hai1="87,6,125,106,101,37,64,98,21,112,102,54,25" hai2="83,78,135,29,90,59,31,10,51,105,85,84,60" hai3="133,131,48,4,111,28,118,67,127,119,92,82,61"/><V47/><F135/><W35/><G111/><T23/><D121/><U36/><E112/><V52/><F105/><W39/><G133/><T68/><D113/><U1/><E64/><V130/><F130/><W72/><G39/><T44/><D128/><U70/><E70/><V93/><REACH who="2" step="1"/><F10/><REACH who="2" ten="237,250,270,233" step="2"/><W103/><G131/><T49/><D126/><U89/><E106/><V20/><F20/><W76/><G127/><T129/><D129/><U19/><E21/><V56/><F56/><W3/><G118/><T122/><D68/><U57/><E57/><V73/><F73/><W95/><G72/><T2/><D74/><U18/><E125/><V115/><F115/><W124/><G124/><T14/><D75/><U104/><E104/><V110/><F110/><W80/><G119/><T58/><D58/><U134/><E134/><V7/><F7/><W62/><G4/><T123/><D23/><U91/><E6/><V45/><F45/><W22/><G22/><T94/><D44/><U88/><E1/><V77/><F77/><W42/><G76/><T117/><D2/><U132/><E132/><V86/><F86/><W26/><G3/><T32/><D79/><U65/><E87/><V41/><AGARI ba="0,1" hai="29,31,41,47,51,52,59,60,78,83,84,85,90,93" machi="41" ten="20,18000,2" yaku="1,1,0,1,7,1,8,1,54,1,53,1" doraHai="15" doraHaiUra="53" who="2" fromWho="2" sc="237,-60,250,-60,270,190,233,-60" />
</Scene>
<Scene>
<INIT seed="2,1,0,1,0,97" ten="177,190,460,173" oya="2" hai0="92,69,103,89,135,12,63,53,107,67,58,121,52" hai1="77,33,23,79,124,13,129,86,83,14,54,9,10" hai2="61,43,90,102,15,122,115,106,37,27,84,88,8" hai3="19,46,41,66,133,113,42,24,62,93,26,87,119"/><V4/><F115/><W39/><G119/><T3/><D3/><U57/><E33/><V21/><F122/><W112/><G133/><T117/><D121/><U38/><E38/><V32/><F32/><W94/><G42/><T118/><D135/><U120/><E124/><V45/><F61/><W65/><G65/><T30/><D30/><U126/><E126/><V80/><F106/><W48/><G39/><T51/><D12/><U131/><E120/><V70/><F70/><W49/><G49/><T105/><D53/><U2/><E2/><V81/><F102/><W6/><G6/><T96/><REACH who="0" step="1"/><D107/><REACH who="0" ten="167,190,460,173" step="2"/><U60/><E14/><V99/><F99/><AGARI ba="1,1" hai="51,52,58,63,67,69,89,92,96,99,103,105,117,118" machi="99" ten="40,8000,1" yaku="1,1,2,1,52,1,54,1,53,1" doraHai="97" doraHaiUra="50" who="0" fromWho="2" sc="167,93,190,0,460,-83,173,0" />
</Scene>
<Scene>
<INIT seed="3,0,0,4,1,106" ten="260,190,377,173" oya="3" hai0="18,2,37,24,9,101,94,29,32,17,57,40,0" hai1="30,83,96,12,133,54,7,87,8,89,48,4,117" hai2="53,116,97,75,119,123,91,84,90,103,134,118,27" hai3="58,50,43,39,125,99,113,35,64,131,135,129,77"/><W20/><G113/><T34/><D37/><U109/><E133/><V62/><F27/><W61/><G35/><N who="0" m="20903" /><D57/><U107/><E109/><V121/><F62/><W79/><G135/><T55/><D55/><U51/><E30/><V74/><F53/><W122/><G122/><N who="2" m="46601" /><F134/><W63/><G125/><T47/><D94/><U49/><E7/><V25/><F25/><W73/><G39/><T26/><D101/><U70/><E70/><V13/><F13/><W110/><G110/><T36/><D47/><U28/><E28/><V65/><F65/><N who="3" m="39095" /><G99/><T132/><D40/><U105/><E105/><N who="2" m="63727" /><F91/><W112/><G112/><T72/><D36/><U108/><E108/><V69/><F69/><W19/><G50/><T111/><D111/><U127/><E48/><V124/><F124/><W92/><G43/><T10/><D132/><U78/><E49/><V22/><F22/><W41/><G41/><T71/><D71/><U56/><E127/><V59/><F59/><W66/><G66/><T44/><D44/><U100/><E56/><V98/><F98/><W130/><G64/><T46/><D46/><U76/><E54/><V104/><F104/><W120/><G120/><T60/><D60/><U95/><E51/><V14/><F14/><N who="3" m="9335" /><G63/><T102/><D32/><U33/><E33/><V81/><AGARI ba="0,0" hai="74,75,81,84,90,116,118,119" m="63727,46601" machi="81" ten="40,8000,1" yaku="13,1,34,2,52,2" doraHai="106" who="2" fromWho="2" sc="260,-20,190,-20,377,80,173,-40" />
</Scene>
<Scene>
<INIT seed="4,0,0,0,1,98" ten="240,170,457,133" oya="0" hai0="34,89,105,115,110,4,59,27,72,97,70,62,128" hai1="47,107,53,17,3,11,57,19,124,101,65,54,14" hai2="0,26,126,31,56,81,6,52,48,32,5,104,28" hai3="88,119,2,94,8,41,87,122,92,102,133,90,22"/><T123/><D123/><U24/><E3/><V120/><F120/><W76/><G122/><T45/><D72/><U44/><E65/><V95/><F104/><W91/><G119/><T50/><D115/><U38/><E38/><V100/><F0/><W106/><G41/><T111/><D4/><U49/><E124/><V109/><F109/><W61/><G133/><T67/><D59/><U80/><E80/><V9/><F9/><W108/><G108/><T112/><D112/><U84/><E84/><V1/><F1/><W15/><G2/><T51/><D51/><U117/><E53/><V71/><F71/><W63/><G22/><T114/><D114/><U42/><E42/><V73/><F31/><W129/><G129/><T66/><D66/><U43/><E43/><V75/><F126/><W12/><G12/><T130/><D110/><U13/><E24/><V40/><F40/><W69/><G69/><T37/><D37/><U21/><E117/><V55/><F55/><W118/><G118/><T96/><D111/><U60/><E49/><V35/><F35/><W134/><G134/><T116/><D116/><U30/><E30/><V18/><F18/><W29/><G29/><N who="0" m="19775" /><D50/><U99/><AGARI ba="0,0" hai="11,13,14,17,19,21,44,47,54,57,60,99,101,107" machi="99" ten="30,2000,0" yaku="0,1,52,1" doraHai="98" who="1" fromWho="1" sc="240,-10,170,20,457,-5,133,-5" />
</Scene>
<Scene>
<INIT seed="5,0,0,2,3,20" ten="230,190,452,128" oya="1" hai0="38,107,116,5,56,66,13,19,98,73,131,74,87" hai1="57,33,21,109,133,47,108,100,77,28,90,9,97" hai2="31,81,22,61,103,117,26,7,85,84,94,25,132" hai3="119,71,8,11,53,62,95,67,93,18,40,15,78"/><U91/><E33/><V29/><F117/><W30/><G119/><T68/><D38/><U92/><E133/><V101/><F132/><W112/><G112/><T121/><D68/><U46/><E77/><V50/><F7/><W80/><G40/><T125/><D5/><U63/><E9/><V135/><F135/><W64/><G64/><T115/><D116/><U52/><E108/><V58/><F50/><W0/><G53/><T6/><D6/><U96/><E109/><V111/><F94/><W122/><G0/><T104/><D115/><U4/><E4/><V110/><F85/><W69/><G69/><T124/><D131/><U86/><E96/><V113/><F113/><W79/><G122/><T59/><D121/><U134/><E100/><V118/><F118/><W51/><G11/><N who="0" m="6591" /><D87/><U35/><E35/><V72/><F72/><W37/><G37/><T83/><D66/><U120/><E120/><V130/><F130/><W32/><G51/><T14/><D14/><U1/><E1/><V89/><F111/><W88/><G80/><T54/><D59/><U16/><E28/><V126/><F126/><N who="0" m="48746" /><D98/><U10/><E10/><V27/><F110/><W44/><G44/><T75/><D83/><N who="1" m="49503" /><E134/><V24/><F31/><W128/><G128/><T48/><AGARI ba="0,0" hai="48,54,56,73,74,75,104,107" m="48746,6591" machi="48" ten="40,1500,0" yaku="18,1" doraHai="20" who="0" fromWho="0" sc="230,15,190,-7,452,-4,128,-4" />
</Scene>
<Scene>
<INIT seed="6,0,0,0,2,11" ten="245,183,448,124" oya="2" hai0="25,45,16,9,134,127,108,5,129,29,120,4,113" hai1="98,91,102,22,87,40,54,69,94,121,0,110,104" hai2="63,133,88,123,14,13,32,74,18,38,7,60,46" hai3="31,65,92,99,68,75,128,122,12,124,70,135,71"/><V93/><F32/><W30/><G122/><T58/><D108/><U90/><E69/><V20/><F74/><W49/><G65/><T106/><D106/><U111/><E0/><V51/><F38/><W96/><G75/><T76/><D120/><U95/><E40/><N who="2" m="25031" /><F133/><W101/><G135/><T97/><D97/><U79/><E54/><V33/><F33/><W24/><G124/><T23/><D134/><U132/><E132/><V34/><F34/><W126/><G126/><T80/><D127/><U131/><E22/><V35/><F35/><W115/><G128/><T26/><D129/><U114/><E131/><V52/><F123/><W3/><G3/><T44/><D113/><U117/><E114/><V77/><F77/><W82/><G115/><T59/><D26/><U41/><E79/><V67/><F52/><W50/><G24/><T1/><D5/><U2/><E41/><V107/><F107/><W17/><G82/><T64/><D29/><U78/><E2/><V28/><F28/><W37/><G37/><T47/><REACH who="0" step="1"/><D64/><REACH who="0" ten="235,183,448,124" step="2"/><U19/><E121/><V86/><F67/><W85/><G31/><T116/><D116/><U53/><E117/><V43/><F7/><W83/><G30/><T84/><AGARI ba="0,1" hai="1,4,9,16,23,25,44,45,47,58,59,76,80,84" machi="84" ten="30,4000,0" yaku="1,1,0,1,54,1,53,0" doraHai="11" doraHaiUra="36" who="0" fromWho="0" sc="235,50,183,-10,448,-20,124,-10" />
</Scene>
<Scene>
<INIT seed="7,0,0,4,0,95" ten="285,173,428,114" oya="3" hai0="127,87,57,15,134,102,30,77,43,125,85,42,126" hai1="130,135,24,119,26,10,6,21,44,55,33,99,104" hai2="112,63,28,5,65,67,47,82,71,40,121,129,27" hai3="68,98,29,66,83,107,2,41,11,56,72,81,31"/><W23/><G68/><T109/><D134/><U54/><E135/><V3/><F112/><W35/><G35/><T90/><D109/><U7/><E33/><V12/><F65/><W93/><G41/><N who="0" m="15371" /><D102/><U19/><E130/><V115/><F3/><W25/><G107/><T9/><D30/><N who="3" m="11273" /><G72/><T92/><D57/><U86/><E104/><V122/><F115/><W133/><G2/><T13/><D9/><U14/><E7/><V37/><F28/><N who="3" m="17471" /><G133/><T60/><D60/><U20/><E44/><V78/><F37/><W132/><G132/><T118/><D118/><U46/><E46/><V1/><F71/><W16/><G56/><T17/><D17/><U105/><E119/><V34/><F34/><W70/><G66/><T53/><D53/><U0/><E54/><V48/><F67/><W103/><G70/><T64/><D64/><U84/><E55/><V69/><F69/><W62/><G62/><T128/><D128/><U89/><E105/><V97/><F63/><W79/><G79/><T75/><D75/><U50/><E0/><V22/><F1/><W61/><G61/><T73/><D73/><U96/><E50/><V116/><F129/><W117/><G117/><T123/><D123/><U113/><E113/><V80/><F116/><W88/><G103/><T58/><D58/><U100/><E100/><V114/><F114/><W52/><G52/><T39/><D39/><U51/><E51/><V36/><F36/><W45/><G45/><T110/><D110/><U108/><E108/><V38/><F38/><W124/><G124/><T91/><D77/><U76/><E76/><RYUUKYOKU ba="0,0" sc="285,15,173,-15,428,-15,114,15" hai0="13,15,85,87,90,91,92,125,126,127" hai3="11,16,81,83,88,93,98" />
</Scene>
<Scene>
<INIT seed="7,1,0,5,1,24" ten="300,158,413,129" oya="3" hai0="74,110,123,71,58,79,47,62,46,90,63,69,56" hai1="114,32,106,49,80,23,100,73,42,65,68,54,125" hai2="50,91,102,44,67,112,76,64,40,19,119,134,43" hai3="84,29,135,82,22,131,35,113,5,88,12,96,53"/><W27/><G113/><T2/><D2/><U66/><E32/><V108/><F112/><W122/><G131/><T124/><D79/><U30/><E68/><N who="0" m="26185" /><D90/><U6/><E114/><V15/><F43/><W51/><G135/><T127/><D74/><U72/><E125/><N who="0" m="48201" /><D110/><U103/><E6/><V60/><F76/><W8/><G122/><T45/><D123/><U99/><E103/><V132/><F91/><W31/><G96/><T20/><D20/><U107/><E73/><V37/><F102/><W118/><G118/><T9/><D9/><U38/><E72/><V89/><F89/><W116/><G116/><T36/><D36/><U75/><E38/><V70/><F108/><W59/><G35/><T39/><D39/><U55/><E75/><V48/><F37/><W0/><G0/><T18/><D18/><AGARI ba="1,0" hai="5,8,12,18,22,27,29,31,51,53,59,82,84,88" machi="18" ten="30,12000,1" yaku="7,1,8,1,52,2,54,1" doraHai="24" who="3" fromWho="0" sc="300,-123,158,0,413,0,129,123" />
</Scene>
<Scene>
<INIT seed="7,2,0,0,1,68" ten="177,158,413,252" oya="3" hai0="14,37,79,75,131,101,20,18,42,110,29,39,85" hai1="5,72,36,62,125,40,47,118,117,19,3,46,13" hai2="30,91,93,11,41,133,22,71,27,129,6,135,63" hai3="25,99,26,49,82,24,9,59,122,94,104,126,51"/><W32/><G122/><T7/><D110/><U89/><E125/><V73/><F73/><W98/><G32/><T66/><D75/><U8/><E62/><V2/><F129/><W43/><G82/><T10/><D131/><U58/><E58/><V109/><F109/><W134/><G9/><T33/><D101/><U65/><E65/><V12/><F41/><W56/><G94/><T23/><D66/><U100/><E100/><V96/><F63/><W15/><G15/><T77/><D23/><U88/><E72/><V106/><F71/><W92/><G92/><T78/><D85/><U105/><E47/><V54/><F54/><W21/><G21/><T116/><D116/><N who="1" m="44651" /><E105/><V114/><F114/><W16/><G59/><T60/><D60/><U35/><E35/><N who="2" m="20959" /><F106/><W0/><G56/><T44/><D39/><U76/><E76/><V123/><F123/><W28/><G104/><T113/><D113/><U64/><E64/><V4/><F4/><W128/><G126/><T80/><D33/><U45/><E45/><V121/><F121/><W81/><G98/><T97/><D97/><U55/><E55/><V95/><F95/><W31/><G99/><T83/><REACH who="0" step="1"/><D29/><REACH who="0" ten="167,158,413,252" step="2"/><U70/><E70/><V120/><F120/><W107/><G31/><T115/><D115/><U111/><E111/><V132/><F22/><AGARI ba="2,1" hai="3,5,8,13,19,22,36,40,46,88,89" m="44651" machi="22" ten="30,3900,0" yaku="12,1,52,1,54,1" doraHai="68" who="1" fromWho="2" sc="167,0,158,55,413,-45,252,0" owari="167,-33.0,213,-19.0,368,47.0,252,5.0" />
</Scene>
</mjloggm>