<mjloggm ver="2.3"><GO type="169" lobby="0"/><UN n0="%6B%79%6F%6E%6B%6F%31%31" n1="%4E%57%43" n2="%E7%88%BD%E6%B5%B7" n3="%E5%A4%AA%E3%81%8F%E3%81%AA%E3%81%84%E3%81%8A" dan="17,16,16,19" rate="2186.07,2062.72,2100.57,2323.17" sx="M,M,F,F"/><TAIKYOKU oya="0"/>

<Scene>
<INIT seed="0,0,0,0,1,22" ten="250,250,250,250" oya="0" hai0="38,64,59,86,10,99,97,56,65,82,132,44,29" hai1="100,98,70,114,5,9,80,42,89,19,61,66,88" hai2="27,109,30,118,112,40,93,92,17,2,83,116,131" hai3="121,12,115,21,126,48,3,46,103,135,120,18,111"/><T87/><D38/><U25/><E114/><V28/><F112/><W7/><G115/><T51/><D132/><U74/><E42/><V96/><F2/><W129/><G135/><T81/><D10/><U106/><E74/><V85/><F40/><W68/><G68/><T123/><D29/><U73/><E73/><V45/><F45/><W60/><G60/><T75/><D75/><U95/><E80/><V57/><F109/><W23/><G111/><T26/><D123/><U6/><E6/><V20/><F57/><W90/><G103/><T108/><D108/><U14/><E95/><N who="2" m="36427" /><F96/><W50/><G46/><T54/><D26/><U117/><E117/><N who="2" m="45163" /><F131/><W79/><G129/><T49/><D44/><U110/><E110/><V39/><F39/><W107/><G3/><T104/><D104/><U72/><E72/><V34/><F34/><W0/><G107/><T13/><D54/><U102/><E100/><V122/><F122/><W16/><G0/><T84/><REACH who="0" step="1"/><D87/><REACH who="0" ten="240,250,250,250" step="2"/><U134/><E134/><V133/><F133/><W36/><G36/><T76/><D76/><AGARI ba="0,1" hai="17,20,27,28,30,76,83,85" m="45163,36427" machi="76" ten="30,2000,0" yaku="12,1,52,1" doraHai="22" who="2" fromWho="0" sc="240,-20,250,0,250,30,250,0" />
</Scene>
<Scene>
<INIT seed="1,0,0,1,1,130" ten="220,250,280,250" oya="1" hai0="114,106,29,5,118,30,15,57,37,24,94,43,113" hai1="92,98,70,26,1,45,42,88,8,12,48,129,108" hai2="89,75,47,14,101,116,74,124,67,32,49,128,65" hai3="79,117,6,84,4,23,10,133,90,18,77,127,96"/><U22/><E70/><V100/><F116/><W41/><G127/><T107/><D118/><U80/><E129/><V123/><F123/><W27/><G117/><T93/><D57/><U110/><E1/><V86/><F32/><W2/><G6/><T11/><D43/><U16/><REACH who="1" step="1"/><E80/><REACH who="1" ten="220,240,280,250" step="2"/><V87/><F128/><W0/><G0/><T132/><D113/><U40/><E40/><V7/><F124/><W36/><G41/><T63/><D114/><U91/><E91/><V72/><F89/><W122/><G90/><T28/><D107/><U99/><E99/><V120/><F120/><W97/><G97/><T51/><D106/><U76/><E76/><V21/><F100/><W64/><G96/><T59/><D94/><U78/><E78/><V125/><F101/><W9/><G79/><T119/><D93/><U60/><E60/><V33/><F125/><W83/><G122/><T39/><D119/><U19/><AGARI ba="0,1" hai="8,12,16,19,22,26,42,45,48,88,92,98,108,110" machi="19" ten="30,11700,0" yaku="1,1,0,1,54,2,53,0" doraHai="130" doraHaiUra="53" who="1" fromWho="1" sc="220,-39,240,127,280,-39,250,-39" />
</Scene>
<Scene>
<INIT seed="1,1,0,2,1,104" ten="181,367,241,211" oya="1" hai0="24,33,103,10,106,17,62,28,94,89,85,111,70" hai1="59,117,14,122,81,18,124,65,127,102,119,27,64" hai2="107,90,125,78,50,74,58,76,82,26,12,79,99" hai3="48,60,128,38,55,86,41,75,100,54,68,126,93"/><U4/><E122/><V15/><F125/><N who="1" m="48201" /><E102/><V19/><F26/><W36/><G126/><T98/><D111/><U32/><E81/><V110/><F110/><W80/><G41/><T43/><D43/><U46/><E46/><V23/><F12/><W47/><G128/><T35/><D17/><U123/><E4/><V66/><F107/><W45/><G100/><T84/><D10/><N who="1" m="6487" /><E123/><V25/><F15/><W135/><G47/><T61/><D35/><U132/><E132/><V129/><F129/><W30/><G45/><T91/><REACH who="0" step="1"/><D70/><REACH who="0" ten="171,367,241,211" step="2"/><U22/><E32/><V7/><F7/><W6/><G68/><T88/><D88/><U3/><E3/><V40/><F90/><W118/><G6/><T63/><D63/><N who="1" m="38015" /><E65/><V72/><F66/><W39/><G60/><T131/><D131/><U34/><E34/><V134/><F19/><AGARI ba="1,1" hai="19,22,27,117,119" m="38015,6487,48201" machi="19" ten="30,1500,0" yaku="18,1" doraHai="104" who="1" fromWho="2" sc="171,0,367,28,241,-18,211,0" />
</Scene>
<Scene>
<INIT seed="1,2,0,2,3,8" ten="171,395,223,211" oya="1" hai0="49,61,5,122,39,119,109,93,95,70,135,47,79" hai1="36,123,80,20,94,89,50,4,64,82,65,51,43" hai2="17,90,131,33,38,3,96,125,57,9,29,55,116" hai3="84,11,41,35,30,104,32,63,53,56,42,108,121"/><U46/><E123/><V77/><F116/><W114/><G121/><T1/><D119/><U115/><E115/><V107/><F38/><W111/><G114/><T87/><D39/><U113/><E113/><V67/><F67/><W129/><G104/><T86/><D1/><U134/><E134/><V10/><F77/><W132/><G132/><T88/><D5/><U45/><E4/><V110/><F3/><W60/><G129/><T26/><D109/><N who="3" m="42057" /><G11/><T27/><D135/><U16/><E51/><V44/><F44/><W128/><G128/><T52/><D122/><U130/><E130/><V40/><F40/><N who="3" m="15467" /><G84/><T7/><D7/><U91/><E89/><V12/><F90/><W85/><G85/><T97/><D87/><N who="1" m="52607" /><E46/><V48/><F110/><W83/><G83/><N who="1" m="31786" /><E36/><V18/><F131/><W76/><G76/><T31/><D79/><U102/><E102/><V59/><F107/><W99/><G99/><T2/><D2/><U72/><E72/><V120/><F96/><W92/><G92/><T68/><D95/><U78/><E78/><V117/><F120/><W133/><G133/><T98/><D98/><U73/><E73/><V71/><F117/><W118/><G118/><T21/><D97/><U15/><AGARI ba="2,0" hai="15,16,20,43,45,50,64,65" m="31786,52607" machi="15" ten="30,6000,0" yaku="8,1,52,1,54,1" doraHai="8" who="1" fromWho="1" sc="171,-22,395,66,223,-22,211,-22" />
</Scene>
<Scene>
<INIT seed="1,3,0,1,0,103" ten="149,461,201,189" oya="1" hai0="124,11,133,80,3,73,86,93,21,18,42,28,75" hai1="126,64,50,69,9,96,17,110,39,94,53,14,44" hai2="101,38,129,54,88,90,31,23,119,0,120,15,114" hai3="62,20,102,105,66,109,121,48,19,134,26,7,30"/><U106/><E39/><V81/><F119/><W65/><G121/><T22/><D42/><U55/><E126/><V1/><F120/><W72/><G72/><T131/><D28/><U135/><E135/><V8/><F38/><W115/><G115/><T25/><D131/><U56/><E110/><V12/><F101/><W33/><G109/><T59/><D93/><U24/><E69/><V84/><F129/><W60/><G7/><T95/><D95/><U68/><E68/><V112/><F54/><W117/><G134/><T36/><D36/><U29/><E64/><V127/><F127/><W34/><G48/><T125/><D133/><U108/><E108/><V40/><F40/><W4/><G4/><T10/><D3/><N who="2" m="1098" /><F90/><W13/><G117/><T35/><D35/><U77/><E77/><V83/><F83/><W128/><G128/><T49/><D75/><U89/><E106/><V99/><F99/><W97/><REACH who="3" step="1"/><G34/><REACH who="3" ten="149,461,201,179" step="2"/><T51/><D73/><U16/><E29/><V107/><F31/><W43/><G43/><T67/><D125/><U58/><E55/><V98/><F114/><W78/><G78/><T91/><D124/><U104/><E104/><V47/><F112/><W123/><G123/><T122/><D122/><U46/><E44/><V82/><F47/><W63/><AGARI ba="3,1" hai="13,19,20,26,30,33,60,62,63,65,66,97,102,105" machi="63" ten="30,4000,0" yaku="1,1,0,1,52,1,53,0" doraHai="103" doraHaiUra="85" who="3" fromWho="3" sc="149,-13,461,-23,201,-13,179,59" />
</Scene>
<Scene>
<INIT seed="2,0,0,2,2,9" ten="136,438,188,238" oya="2" hai0="25,45,59,32,2,40,22,84,42,65,20,8,75" hai1="108,35,83,10,118,0,19,23,26,111,110,96,63" hai2="117,107,66,69,86,119,51,88,133,34,29,70,67" hai3="68,58,112,46,87,92,93,64,50,89,134,94,53"/><V41/><F107/><W17/><G134/><T114/><D75/><U105/><E83/><V97/><F97/><W82/><G112/><T95/><D114/><U109/><E63/><V100/><F100/><W131/><G131/><T21/><D32/><U78/><E78/><V116/><F133/><W30/><G68/><T125/><D125/><U103/><E118/><V48/><F34/><W129/><G129/><T122/><D122/><U77/><E77/><V6/><F29/><W115/><G115/><T44/><D2/><U101/><E101/><V16/><F6/><W106/><G106/><T57/><D8/><U98/><E98/><V102/><F102/><W76/><G30/><T24/><D95/><U14/><N who="1" m="27648" /><DORA hai="4" /><U71/><E71/><V5/><F5/><W43/><G64/><T120/><D84/><U28/><REACH who="1" step="1"/><E0/><REACH who="1" ten="136,428,188,238" step="2"/><V12/><F69/><W39/><G76/><T104/><D104/><U127/><E127/><V52/><F70/><W130/><G130/><T61/><D120/><U18/><E18/><V124/><F124/><W90/><G17/><T99/><D99/><U135/><E135/><V38/><F117/><W80/><G80/><T1/><D1/><U72/><E72/><V73/><F73/><W55/><G82/><T85/><D85/><U27/><E27/><V54/><F16/><W3/><G3/><T91/><D25/><U15/><E15/><V74/><F74/><W81/><G89/><T37/><D91/><U36/><E36/><V13/><F38/><W113/><G113/><T56/><D24/><U60/><E60/><V132/><F119/><RYUUKYOKU ba="0,1" sc="136,10,428,10,188,-30,238,10" hai0="20,21,22,37,40,42,44,45,56,57,59,61,65" hai1="10,14,19,23,26,28,35,96,103,105" hai3="39,43,46,50,53,55,58,81,87,90,92,93,94" />
</Scene>
<Scene>
<INIT seed="3,1,1,1,1,117" ten="146,438,158,248" oya="3" hai0="11,131,36,89,68,107,43,8,111,124,47,13,88" hai1="112,58,106,75,24,120,66,98,37,95,63,90,9" hai2="128,72,94,61,67,74,69,135,48,125,49,129,15" hai3="41,132,92,31,77,2,55,39,127,121,29,33,93"/><W80/><G2/><T6/><D107/><U1/><E37/><V23/><F135/><W103/><G132/><T0/><D68/><U62/><E112/><V40/><F125/><W101/><G127/><T60/><D124/><U18/><E75/><N who="2" m="28715" /><F94/><W116/><G116/><T84/><D111/><U16/><E106/><V30/><F40/><W73/><G55/><T14/><D131/><N who="2" m="50250" /><F15/><W122/><G92/><T64/><D84/><U38/><E38/><V114/><F114/><W32/><G41/><T50/><D36/><U46/><E95/><V17/><F17/><W115/><G39/><T10/><D0/><U12/><E18/><V123/><F123/><W81/><G93/><T20/><D20/><U71/><E120/><V85/><F85/><W44/><G73/><T91/><REACH who="0" step="1"/><D6/><REACH who="0" ten="136,438,158,248" step="2"/><U76/><E1/><V133/><F133/><W97/><G115/><T86/><D86/><U57/><E71/><V87/><F87/><W83/><G83/><T27/><D27/><AGARI ba="1,2" hai="23,27,30,48,49,61,67,69" m="50250,28715" machi="27" ten="30,1000,0" yaku="19,1" doraHai="117" who="2" fromWho="0" sc="136,-13,438,0,158,33,248,0" />
</Scene>
<Scene>
<INIT seed="4,0,0,3,1,74" ten="123,438,191,248" oya="0" hai0="127,31,122,112,25,40,78,105,15,91,9,88,86" hai1="22,92,3,108,62,10,111,125,79,17,85,26,75" hai2="77,109,51,48,71,46,34,37,84,1,60,23,4" hai3="29,13,18,0,19,7,116,32,132,119,28,42,65"/><T49/><D122/><U50/><E75/><V82/><F109/><W131/><G42/><T102/><D112/><U58/><E125/><V123/><F123/><W39/><G39/><T98/><D127/><U27/><E50/><V66/><F34/><W54/><G65/><T35/><D40/><U95/><E27/><V101/><F101/><W5/><G54/><T24/><D24/><U130/><E130/><V16/><F37/><W73/><G73/><T59/><D49/><U2/><E95/><V113/><F113/><W21/><G131/><T94/><D59/><U90/><E79/><V89/><F46/><W64/><G64/><T76/><D91/><U97/><E85/><V124/><F124/><W36/><G36/><T69/><D69/><U30/><E30/><N who="3" m="11882" /><G32/><T100/><REACH who="0" step="1"/><D102/><REACH who="0" ten="113,438,191,248" step="2"/><U80/><E111/><V106/><F89/><W129/><G129/><T134/><D134/><U41/><E108/><V70/><F70/><W104/><G132/><T133/><D133/><U57/><E41/><V14/><F48/><W61/><G61/><T128/><D128/><U67/><E62/><V53/><F51/><W12/><G116/><T52/><D52/><U96/><E26/><V33/><F53/><W6/><G119/><T135/><D135/><U43/><E90/><V118/><F118/><W55/><G55/><T72/><D72/><U81/><E43/><V93/><F71/><W120/><G120/><T47/><D47/><U114/><E58/><V68/><F68/><W121/><G121/><T126/><D126/><U117/><E57/><V56/><F60/><W103/><G103/><RYUUKYOKU ba="0,1" sc="113,30,438,-10,191,-10,248,-10" hai0="9,15,25,31,35,76,78,86,88,94,98,100,105" />
</Scene>
<Scene>
<INIT seed="4,1,1,4,2,110" ten="143,428,181,238" oya="0" hai0="131,84,108,48,56,118,29,58,133,65,124,42,50" hai1="92,68,1,14,111,132,62,126,97,113,19,36,112" hai2="88,34,2,44,73,106,6,122,55,135,49,5,11" hai3="116,41,87,94,102,15,20,89,26,38,60,18,33"/><T28/><D118/><U134/><E111/><V127/><F122/><W91/><G116/><T115/><D108/><U9/><E36/><V129/><F106/><W22/><G33/><T98/><D124/><U3/><E126/><V12/><F127/><W31/><G38/><T96/><D131/><U27/><E27/><V35/><F129/><W95/><G41/><T76/><D133/><N who="1" m="51307" /><E62/><V81/><F135/><W51/><G51/><N who="0" m="19499" /><D42/><U70/><E3/><V37/><F37/><W10/><G102/><T30/><D115/><N who="1" m="44107" /><E1/><V117/><F117/><W123/><G60/><N who="0" m="38023" /><D58/><U85/><E85/><N who="2" m="50223" /><F73/><W90/><G123/><T54/><D54/><U24/><E24/><V16/><F2/><W74/><G74/><T23/><D23/><U52/><E52/><V105/><F105/><W103/><G22/><T67/><D67/><U61/><E61/><V59/><F59/><W78/><G20/><T13/><D13/><U86/><E86/><V83/><F83/><AGARI ba="1,1" hai="28,29,30,76,83,84,96,98" m="38023,19499" machi="83" ten="30,1500,0" yaku="8,1" doraHai="110" who="0" fromWho="2" sc="143,28,428,0,181,-18,238,0" />
</Scene>
<Scene>
<INIT seed="4,2,0,3,3,132" ten="171,428,163,238" oya="0" hai0="114,104,44,97,58,75,1,101,81,72,15,27,109" hai1="90,80,125,38,25,105,2,45,53,66,96,28,43" hai2="55,71,13,14,134,65,135,116,83,59,40,76,108" hai3="23,0,5,123,52,84,30,34,8,20,4,54,32"/><T50/><D1/><U85/><E2/><V89/><F108/><W111/><G111/><T22/><D109/><U18/><E66/><V112/><F116/><W70/><G70/><T69/><D69/><U92/><E105/><V7/><F40/><W99/><G123/><T115/><D15/><U12/><E53/><V103/><F103/><W94/><G84/><T63/><D58/><U37/><E125/><V33/><F33/><W39/><G39/><T113/><D63/><U3/><E3/><V35/><F35/><W56/><G5/><T21/><D81/><U68/><E68/><V49/><F89/><W86/><G86/><T74/><REACH who="0" step="1"/><D27/><REACH who="0" ten="161,428,163,238" step="2"/><U46/><E80/><V110/><F110/><W82/><G82/><T87/><D87/><U16/><E85/><V133/><F71/><W107/><G56/><T61/><D61/><U95/><E12/><V78/><F14/><W131/><G0/><T106/><D106/><U29/><E92/><V102/><F135/><W117/><G94/><T11/><D11/><U26/><E25/><V64/><F133/><W91/><G8/><T79/><D79/><U6/><E26/><V120/><F76/><W19/><G107/><T17/><D17/><U129/><E16/><V36/><F78/><W73/><G19/><T93/><D93/><U48/><E18/><V67/><F83/><W47/><G4/><T100/><D100/><U42/><E6/><V118/><F7/><W51/><G91/><T41/><AGARI ba="2,1" hai="21,22,41,44,50,72,74,75,97,101,104,113,114,115" machi="41" ten="40,7800,0" yaku="1,1,0,1,15,1,53,0" doraHai="132" doraHaiUra="31" who="0" fromWho="0" sc="161,94,428,-28,163,-28,238,-28" />
</Scene>
<Scene>
<INIT seed="4,3,0,5,5,19" ten="255,400,135,210" oya="0" hai0="27,78,101,116,128,100,61,48,125,34,71,37,103" hai1="134,42,70,83,91,10,120,67,12,126,64,102,115" hai2="25,21,79,74,20,60,106,114,73,132,33,90,85" hai3="117,124,58,46,59,93,66,96,24,43,7,84,107"/><T98/><D37/><U13/><E120/><V104/><F114/><W2/><G117/><T5/><D116/><U81/><E102/><V63/><F132/><W112/><G112/><T39/><D39/><U123/><E123/><V87/><F25/><W18/><G107/><T76/><D5/><U133/><E115/><V53/><F90/><W121/><G121/><T94/><D125/><U119/><E119/><V1/><F53/><W32/><G84/><T26/><D128/><U4/><E91/><V55/><F55/><W62/><G124/><T89/><D48/><U135/><E126/><V122/><F122/><W88/><G2/><T99/><D99/><U129/><E129/><V72/><F72/><W57/><G7/><T109/><D109/><U30/><E30/><V23/><F23/><N who="3" m="13431" /><G32/><T56/><D71/><U105/><E105/><V36/><F36/><W54/><G66/><N who="1" m="25130" /><E70/><V44/><F33/><W80/><G80/><N who="1" m="30794" /><E42/><V51/><F1/><AGARI ba="3,0" hai="1,4,10,12,13,133,134,135" m="30794,25130" machi="1" ten="40,1300,0" yaku="20,1" doraHai="19" who="1" fromWho="2" sc="255,0,400,22,135,-22,210,0" />
</Scene>
<Scene>
<INIT seed="5,0,0,4,3,48" ten="255,422,113,210" oya="1" hai0="84,12,121,135,41,101,1,29,72,11,132,113,76" hai1="7,57,30,61,5,60,75,39,90,8,103,83,108" hai2="58,22,16,0,35,96,15,106,65,120,31,23,104" hai3="131,114,92,68,70,110,88,45,128,9,26,2,98"/><U102/><E39/><V27/><F120/><W52/><G110/><T97/><D72/><U81/><E30/><V125/><F125/><W34/><G114/><T55/><D41/><U6/><E108/><V18/><F0/><W126/><G126/><T40/><D40/><U32/><E8/><V62/><REACH who="2" step="1"/><F96/><REACH who="2" ten="255,422,103,210" step="2"/><W99/><G99/><T64/><D1/><U133/><E133/><V105/><F105/><W123/><G123/><T14/><D121/><U112/><E112/><V93/><F93/><W85/><G98/><T59/><D113/><U79/><E83/><V109/><F109/><W119/><G2/><T19/><D97/><U130/><E130/><V122/><F122/><W46/><G128/><T21/><D132/><U78/><E81/><V111/><F111/><W47/><G131/><T95/><D135/><U73/><E90/><V107/><F107/><W129/><G129/><T117/><D101/><U66/><E102/><V17/><F17/><W43/><G88/><N who="0" m="53639" /><D117/><U3/><E103/><V49/><F49/><W36/><G119/><T74/><D76/><U28/><E78/><V24/><AGARI ba="0,1" hai="15,16,18,22,23,24,27,31,35,58,62,65,104,106" machi="24" ten="20,5200,0" yaku="1,1,0,1,7,1,54,1,53,0" doraHai="48" doraHaiUra="80" who="2" fromWho="2" sc="255,-13,422,-26,103,62,210,-13" />
</Scene>
<Scene>
<INIT seed="6,0,0,5,3,106" ten="242,396,165,197" oya="2" hai0="14,123,121,6,53,59,91,120,85,26,11,80,97" hai1="39,15,21,111,2,18,42,37,75,32,50,36,51" hai2="73,77,17,119,84,96,125,89,88,128,5,48,129" hai3="118,134,117,130,86,54,76,116,109,95,0,65,72"/><V20/><F119/><W81/><G0/><T25/><REACH who="0" step="1"/><D97/><REACH who="0" ten="232,396,165,197" step="2"/><U99/><E99/><V49/><F125/><W57/><G117/><T93/><D93/><U7/><E111/><V45/><F5/><W103/><G95/><T112/><D112/><U62/><E7/><V87/><F96/><W79/><G109/><T58/><D58/><U67/><E2/><V66/><F66/><W56/><G57/><T114/><D114/><U124/><E67/><V92/><F129/><W27/><G130/><T108/><D108/><U41/><E124/><V74/><F128/><W9/><G56/><T29/><D29/><U110/><E110/><V3/><F3/><W1/><G65/><T82/><D82/><U133/><E133/><V47/><F92/><W8/><G134/><T115/><D115/><U71/><E71/><V68/><F68/><W46/><G1/><T101/><D101/><U126/><E126/><V28/><F28/><W22/><G103/><T69/><D69/><U52/><E37/><V105/><F105/><W98/><G98/><T40/><D40/><U24/><E41/><V107/><F107/><W104/><G104/><T90/><D90/><U100/><E42/><V34/><F77/><W131/><G131/><T33/><D33/><U16/><E39/><V102/><F102/><W10/><G118/><T70/><D70/><U38/><E36/><V61/><F34/><W122/><G116/><T31/><D31/><U60/><E38/><V4/><F4/><W23/><G76/><T135/><D135/><U43/><E32/><V64/><F89/><W78/><G79/><RYUUKYOKU ba="0,1" sc="232,30,396,-10,165,-10,197,-10" hai0="6,11,14,25,26,53,59,80,85,91,120,121,123" />
</Scene>
<Scene>
<INIT seed="7,1,1,0,3,32" ten="262,386,155,187" oya="3" hai0="123,72,58,132,60,51,111,30,36,19,99,127,2" hai1="66,14,75,28,46,134,39,112,89,1,74,84,49" hai2="131,23,71,31,96,0,15,92,125,128,104,64,54" hai3="8,94,117,63,69,24,41,55,95,37,118,101,33"/><W56/><G69/><T61/><D72/><U116/><E1/><V87/><F125/><W124/><G124/><T133/><D30/><U130/><E39/><V44/><F104/><W105/><G105/><T91/><D127/><U13/><E28/><V43/><F87/><W53/><G33/><T73/><D73/><U114/><E66/><V78/><F78/><W93/><G24/><T77/><D77/><U113/><E130/><N who="2" m="49707" /><F54/><W108/><G108/><T100/><D2/><U11/><E134/><V90/><F64/><W27/><G27/><T80/><D36/><U83/><E116/><V18/><F71/><W17/><G101/><T76/><D123/><U21/><E21/><V25/><F44/><W119/><G55/><T65/><D91/><U52/><E14/><V7/><F43/><W29/><G29/><T120/><D19/><AGARI ba="1,1" hai="11,13,19,46,49,52,74,75,83,84,89,112,113,114" machi="19" ten="40,8000,1" yaku="25,2,15,1,54,1" doraHai="32" who="1" fromWho="0" sc="262,-83,386,93,155,0,187,0" owari="179,-22.0,479,57.0,155,-34.0,187,-1.0" />
</Scene>
</mjloggm>