<mjloggm ver="2.3"><GO type="169" lobby="0"/><UN n0="%E5%A4%AA%E3%81%8F%E3%81%AA%E3%81%84%E3%81%8A" n1="%E3%81%86%E3%82%8B%E3%81%95%E3%81%84%E3%81%AF%E8%A4%92%E3%82%81%E8%A9%9E" n2="%E3%81%BA%E3%82%8A%E3%81%8B%E3%82%93" n3="%E8%B1%86%E7%89%B9%EF%BC%A0%E6%B2%B3%E6%9D%91%E8%BB%8D%E5%9B%A3" dan="18,17,17,18" rate="2256.33,2101.27,2180.75,2225.28" sx="F,M,F,M"/><TAIKYOKU oya="0"/>

<Scene>
<INIT seed="0,0,0,1,3,104" ten="250,250,250,250" oya="0" hai0="122,20,38,71,27,47,132,86,19,34,73,33,109" hai1="125,55,21,75,120,111,30,23,116,29,17,49,3" hai2="8,1,10,96,42,88,112,91,64,103,114,102,22" hai3="24,134,6,7,105,56,62,108,135,18,94,121,41"/><T25/><D73/><U16/><E116/><V133/><F64/><W93/><G105/><T54/><D71/><U35/><E120/><V107/><F42/><W83/><G121/><T36/><D122/><U113/><E75/><V101/><F107/><W92/><G41/><T2/><D2/><U15/><E3/><V110/><F1/><W37/><G37/><T85/><D132/><N who="3" m="50729" /><G108/><T32/><D109/><U28/><E111/><V39/><F133/><W11/><G83/><T70/><D70/><U40/><E40/><V43/><F110/><W79/><G79/><T72/><D72/><U124/><E35/><V57/><F57/><W77/><G77/><T90/><D25/><U52/><E113/><V58/><F58/><W31/><G18/><T78/><D78/><U131/><E131/><V106/><F106/><W53/><G11/><T123/><D123/><U4/><E4/><V127/><F43/><W45/><G45/><T13/><D27/><U68/><E68/><V69/><F69/><W48/><G62/><T117/><D117/><U66/><E66/><V87/><F39/><W119/><G119/><T26/><D26/><N who="1" m="14639" /><E49/><V61/><F61/><W14/><G14/><T100/><D36/><U82/><E82/><V67/><F67/><W80/><G80/><T89/><D38/><U98/><E98/><V130/><F114/><W9/><G9/><T95/><D86/><U5/><E5/><V76/><F10/><W12/><G12/><T50/><REACH who="0" step="1"/><D85/><REACH who="0" ten="240,250,250,250" step="2"/><U51/><E15/><V129/><F87/><W128/><G128/><T81/><D81/><U97/><E97/><AGARI ba="0,1" hai="13,19,20,32,33,34,47,50,54,89,90,95,97,100" machi="97" ten="40,3900,0" yaku="1,1,6,1,53,0" doraHai="104" doraHaiUra="115" who="0" fromWho="1" sc="240,49,250,-39,250,0,250,0" />
</Scene>
<Scene>
<INIT seed="0,1,0,4,4,75" ten="289,211,250,250" oya="0" hai0="53,111,76,33,54,25,12,56,1,48,11,58,89" hai1="7,4,122,128,85,61,15,123,129,69,79,60,14" hai2="95,103,51,82,73,37,83,106,117,18,30,91,9" hai3="125,107,71,134,6,131,13,78,74,19,124,50,135"/><T49/><D111/><U120/><E85/><V44/><F37/><W108/><G107/><T63/><D1/><U102/><E102/><V81/><F117/><W92/><G71/><T57/><D89/><U31/><E31/><V10/><F30/><W28/><G108/><T67/><D33/><U109/><E109/><V21/><F106/><W68/><G68/><T87/><D25/><U32/><E32/><V118/><F103/><W24/><G6/><N who="1" m="2090" /><E69/><V98/><F73/><W23/><G92/><T46/><D46/><U130/><E79/><V126/><F118/><W59/><G59/><T26/><D26/><U55/><E55/><V27/><REACH who="2" step="1"/><F126/><REACH who="2" ten="289,211,240,250" step="2"/><N who="3" m="48747" /><G74/><T112/><D112/><U93/><E93/><V16/><F16/><W121/><G19/><N who="0" m="8607" /><D87/><U86/><E86/><V35/><F35/><W72/><G72/><T97/><D97/><U77/><E123/><V84/><F84/><W3/><G121/><T110/><D110/><U94/><E122/><V104/><F104/><W113/><G113/><T0/><D0/><U101/><E120/><V119/><F119/><W8/><G3/><T114/><D114/><U62/><E128/><V36/><F36/><W115/><G131/><T66/><D66/><U41/><E130/><V29/><F29/><W88/><G115/><T5/><D5/><U90/><E129/><V70/><F70/><W132/><G28/><T20/><D67/><U105/><E105/><V2/><F2/><W39/><G39/><T96/><D96/><U65/><E101/><V80/><N who="2" m="20480" /><DORA hai="127" /><V40/><AGARI ba="1,1" hai="9,10,18,21,27,40,44,51,91,95,98" m="20480" machi="40" ten="40,12000,2" yaku="1,1,4,1,0,1,8,1,53,2" doraHai="75,127" doraHaiUra="42,45" who="2" fromWho="2" sc="289,-61,211,-31,240,133,250,-31" />
</Scene>
<Scene>
<INIT seed="1,0,0,3,0,59" ten="228,180,373,219" oya="1" hai0="114,23,39,106,45,37,64,94,43,62,102,46,58" hai1="82,103,134,28,104,75,40,11,63,1,10,2,24" hai2="51,69,79,98,99,26,22,77,56,131,123,119,67" hai3="5,116,32,16,76,14,111,80,6,27,33,8,118"/><U100/><E40/><V78/><F119/><N who="3" m="45611" /><G111/><T31/><D106/><U108/><E108/><V84/><F123/><W109/><G109/><T21/><D114/><U20/><E134/><V4/><F131/><W18/><G80/><T53/><D31/><U87/><E75/><V65/><F69/><W120/><G120/><T125/><D125/><U25/><E104/><V72/><F4/><N who="3" m="1643" /><G76/><T89/><D102/><N who="1" m="38955" /><E1/><V13/><F84/><W57/><G57/><T133/><D133/><U85/><E87/><V42/><F13/><N who="3" m="7207" /><G27/><T130/><D130/><U66/><E25/><V19/><F72/><W74/><G74/><T47/><D47/><U17/><E2/><V129/><F129/><W128/><G128/><T60/><D39/><U122/><E122/><V95/><F95/><W127/><G127/><T101/><D101/><U91/><E28/><V68/><F68/><W44/><G44/><T96/><REACH who="0" step="1"/><D46/><REACH who="0" ten="218,180,373,219" step="2"/><U97/><E97/><V126/><F126/><W135/><G135/><T61/><D61/><U36/><E36/><V3/><F99/><W41/><G41/><T38/><D38/><U48/><E48/><V49/><F98/><W112/><G112/><T29/><D29/><U83/><E82/><V92/><F51/><W81/><G81/><T93/><D93/><U86/><E85/><V73/><F92/><W0/><G0/><T7/><D7/><U105/><E105/><V34/><F73/><W132/><G132/><T15/><D15/><U70/><E83/><V107/><F3/><W52/><G52/><T35/><D35/><U124/><E124/><V50/><F107/><RYUUKYOKU ba="0,1" sc="218,10,180,10,373,-30,219,10" hai0="21,23,37,43,45,53,58,60,62,64,89,94,96" hai1="10,11,17,20,24,63,66,70,86,91" hai3="14,18,32,33" />
</Scene>
<Scene>
<INIT seed="1,1,1,5,3,39" ten="228,190,343,229" oya="1" hai0="43,134,105,35,67,22,9,16,63,101,130,29,120" hai1="56,50,125,69,60,34,74,77,62,76,61,7,113" hai2="93,55,32,38,53,109,3,65,91,79,80,95,127" hai3="129,100,98,11,28,131,132,59,119,42,84,89,31"/><U122/><E113/><V47/><F3/><W107/><G132/><T78/><D134/><U37/><E122/><V45/><F32/><W48/><G119/><T112/><D112/><U104/><E34/><V52/><F109/><W14/><G59/><T108/><D108/><U1/><E69/><V6/><F6/><W75/><G75/><T118/><D118/><U123/><E123/><V71/><F127/><W2/><G2/><T97/><D120/><U128/><E104/><V44/><F91/><W20/><G20/><T23/><D78/><U82/><E125/><V115/><F115/><W116/><G116/><T83/><D83/><U121/><E121/><V114/><F114/><W81/><G48/><T88/><D130/><N who="3" m="49673" /><G42/><T110/><D110/><U99/><E76/><V85/><REACH who="2" step="1"/><F38/><REACH who="2" ten="228,190,333,229" step="2"/><W72/><G72/><T24/><D88/><U18/><E128/><V40/><F40/><W124/><G124/><T126/><D43/><U30/><E37/><V92/><F92/><W58/><G89/><T15/><REACH who="0" step="1"/><D126/><REACH who="0" ten="218,190,333,229" step="2"/><U54/><E77/><V33/><F33/><W111/><G111/><T70/><AGARI ba="1,3" hai="9,15,16,22,23,24,29,35,63,67,70,97,101,105" machi="70" ten="20,16000,3" yaku="1,1,2,1,0,1,7,1,25,2,54,1,53,1" doraHai="39" doraHaiUra="64" who="0" fromWho="0" sc="218,193,190,-81,333,-41,229,-41" />
</Scene>
<Scene>
<INIT seed="2,0,0,4,4,64" ten="411,109,292,188" oya="2" hai0="77,3,29,97,100,26,93,126,28,19,59,2,79" hai1="31,9,23,96,116,105,55,61,135,73,99,114,14" hai2="47,87,78,13,130,8,83,22,103,104,94,54,124" hai3="90,6,82,65,27,72,129,33,98,24,128,21,17"/><V117/><F104/><W70/><G6/><T0/><D126/><U76/><E105/><V44/><F124/><W86/><G72/><T34/><D29/><U48/><E114/><V7/><F117/><W134/><G134/><T49/><D19/><U63/><E76/><V95/><F130/><N who="3" m="50283" /><G98/><N who="1" m="37418" /><E73/><V35/><F35/><W132/><G132/><T66/><REACH who="0" step="1"/><D49/><REACH who="0" ten="401,109,292,188" step="2"/><U113/><E116/><V50/><F22/><N who="3" m="13391" /><G33/><T42/><D42/><U106/><E113/><V91/><F103/><W32/><G32/><T75/><D75/><U133/><E135/><V45/><REACH who="2" step="1"/><F95/><REACH who="2" ten="401,109,282,188" step="2"/><W108/><G108/><T39/><D39/><U89/><E133/><V38/><F38/><W84/><G21/><T110/><D110/><U25/><E106/><V12/><F12/><W16/><G27/><T102/><D102/><U41/><E23/><V4/><F4/><W115/><G115/><T1/><D1/><U46/><E25/><V68/><F68/><W122/><G70/><T30/><D30/><U120/><E31/><V40/><F40/><W67/><G16/><T18/><D18/><U60/><E14/><V71/><F71/><W131/><G131/><T123/><D123/><U11/><E120/><V56/><F56/><W51/><G122/><T107/><D107/><U92/><E41/><V111/><F111/><W37/><G37/><T36/><D36/><U43/><E43/><V15/><F15/><W127/><G127/><T88/><D88/><U118/><E118/><V74/><AGARI ba="0,2" hai="7,8,13,44,45,47,50,54,74,78,83,87,91,94" machi="74" ten="20,3900,0" yaku="1,1,0,1,7,1,53,0" doraHai="64" doraHaiUra="109" who="2" fromWho="2" sc="401,-13,109,-13,282,59,188,-13" />
</Scene>
<Scene>
<INIT seed="2,1,0,5,1,84" ten="388,96,341,175" oya="2" hai0="111,103,40,63,68,38,112,87,61,98,101,108,24" hai1="66,80,117,125,100,60,134,10,83,73,12,22,6" hai2="128,94,34,76,89,36,123,14,54,19,119,21,11" hai3="41,97,55,75,104,27,109,105,90,44,51,45,35"/><V126/><F119/><W64/><G75/><T8/><D112/><U70/><E73/><V131/><F123/><W26/><G109/><N who="0" m="42059" /><D8/><U37/><E37/><V116/><F116/><W88/><G64/><T110/><D110/><U130/><E117/><V0/><F36/><W39/><G35/><T57/><D24/><U47/><E125/><V65/><F65/><W85/><G104/><T95/><D68/><U115/><E115/><V72/><F34/><W16/><G16/><T92/><D57/><U33/><E33/><V59/><F126/><W118/><G118/><T133/><D133/><U107/><E134/><V79/><F72/><W29/><G29/><T31/><D31/><U3/><E47/><V62/><F0/><W49/><G39/><T50/><D50/><U7/><E7/><V25/><F131/><W114/><G114/><T127/><D127/><U74/><E130/><V9/><F128/><W46/><G46/><N who="0" m="23831" /><D103/><U67/><E100/><V56/><F56/><W132/><G132/><T30/><D30/><U5/><E70/><V71/><F71/><W106/><G106/><T69/><D69/><U121/><E107/><V93/><F93/><N who="3" m="56503" /><G105/><T28/><D28/><U52/><E3/><V2/><F2/><W82/><AGARI ba="1,0" hai="26,27,41,44,45,49,51,55,82,85,88" m="56503" machi="82" ten="30,7900,0" yaku="8,1,52,2,54,1" doraHai="84" who="3" fromWho="3" sc="388,-21,96,-21,341,-40,175,82" />
</Scene>
<Scene>
<INIT seed="3,0,0,1,1,13" ten="367,75,301,257" oya="3" hai0="59,50,24,19,47,105,56,124,131,85,113,114,76" hai1="70,58,80,40,43,32,23,52,111,116,92,120,77" hai2="54,49,109,45,63,60,96,83,14,73,11,67,31" hai3="65,103,127,36,18,84,100,78,69,71,48,126,27"/><W1/><G36/><T42/><D105/><U10/><E70/><V89/><F109/><W119/><G119/><T28/><D131/><U30/><E32/><V68/><F31/><W75/><G1/><T26/><D124/><U79/><E111/><V104/><F63/><W134/><G75/><T130/><D130/><U33/><E33/><V132/><F132/><W107/><G134/><T5/><D5/><U66/><E66/><V51/><F51/><W20/><G48/><T6/><D6/><U94/><E10/><V90/><F104/><W46/><G46/><T3/><D3/><U87/><E79/><V86/><F96/><W44/><G44/><T97/><D97/><U125/><E125/><N who="3" m="47626" /><G107/><T37/><D76/><U110/><E120/><V64/><F64/><W35/><G35/><N who="0" m="20871" /><D85/><U81/><E81/><V7/><F73/><W41/><G41/><N who="1" m="15946" /><E116/><V62/><F62/><N who="3" m="40119" /><G71/><T101/><D37/><U72/><E72/><V122/><F122/><W9/><G9/><T95/><D59/><U57/><E57/><V112/><F112/><W29/><G29/><T99/><D56/><U121/><E110/><V88/><AGARI ba="0,0" hai="7,11,14,45,49,54,60,67,68,83,86,88,89,90" machi="88" ten="20,2700,0" yaku="0,1,7,1,54,1" doraHai="13" who="2" fromWho="2" sc="367,-7,75,-7,301,27,257,-13" />
</Scene>
<Scene>
<INIT seed="4,0,0,5,0,108" ten="360,68,328,244" oya="0" hai0="37,1,71,22,3,27,97,82,17,24,84,77,51" hai1="8,129,78,44,7,48,94,123,50,109,135,113,72" hai2="58,86,124,69,73,19,106,30,42,83,76,115,79" hai3="49,66,10,56,68,5,118,81,74,15,96,85,25"/><T88/><D37/><U91/><E109/><V112/><F106/><W9/><G118/><T52/><D71/><U89/><E123/><V6/><F69/><W121/><G74/><T57/><D97/><U104/><E104/><V131/><F124/><W38/><G38/><T133/><D133/><U14/><E135/><V100/><F100/><W70/><G121/><T114/><D114/><N who="2" m="43562" /><F131/><W39/><G39/><T103/><D103/><U61/><E129/><V126/><F126/><W107/><G107/><T20/><REACH who="0" step="1"/><D77/><REACH who="0" ten="350,68,328,244" step="2"/><U117/><E78/><V59/><F79/><N who="3" m="46271" /><G96/><T47/><D47/><U62/><E117/><V110/><F73/><W0/><G70/><T92/><D92/><U29/><E44/><V116/><F110/><W53/><G68/><T43/><D43/><U21/><E72/><V31/><F116/><W122/><G122/><T101/><D101/><U64/><E113/><V2/><F42/><W55/><G56/><N who="2" m="21545" /><F19/><AGARI ba="0,1" hai="1,3,17,19,20,22,24,27,51,52,57,82,84,88" machi="19" ten="30,12000,1" yaku="1,1,7,1,9,1,54,2,53,0" doraHai="108" doraHaiUra="102" who="0" fromWho="2" sc="350,130,68,0,328,-120,244,0" />
</Scene>
<Scene>
<INIT seed="4,1,0,1,1,26" ten="480,68,208,244" oya="0" hai0="52,106,62,51,53,107,47,79,19,39,55,50,91" hai1="75,46,67,27,42,118,70,25,73,7,31,23,81" hai2="2,115,88,11,120,133,61,54,41,97,6,44,86" hai3="117,103,78,69,12,92,43,48,65,129,89,45,71"/><T116/><D116/><U18/><E118/><V58/><F115/><W21/><G117/><T102/><D79/><U13/><E67/><V68/><F133/><W135/><G135/><T131/><D131/><U99/><E70/><V66/><F97/><W130/><G103/><T114/><D114/><U108/><E108/><V33/><F120/><W123/><G123/><T110/><D110/><U72/><E99/><V95/><F33/><W113/><G113/><T14/><D91/><U125/><E7/><V38/><REACH who="2" step="1"/><F68/><REACH who="2" ten="480,68,198,244" step="2"/><W93/><G71/><T10/><D102/><U56/><E125/><V49/><F49/><W105/><G129/><T40/><REACH who="0" step="1"/><D62/><REACH who="0" ten="470,68,198,244" step="2"/><U63/><E63/><V98/><F98/><W122/><G130/><T85/><D85/><U60/><E75/><V29/><F29/><W4/><G122/><T22/><D22/><U17/><E73/><V82/><F82/><W8/><G21/><T83/><D83/><U37/><E31/><V90/><F90/><W77/><G89/><T3/><D3/><U87/><E72/><V74/><F74/><W36/><G78/><T35/><D35/><U121/><E121/><V96/><F96/><W76/><G77/><T126/><D126/><U94/><E81/><V101/><F101/><W57/><G76/><T9/><D9/><U128/><E128/><V30/><F30/><W5/><G8/><T132/><D132/><U84/><E87/><V64/><AGARI ba="1,2" hai="2,6,11,38,41,44,54,58,61,64,66,86,88,95" machi="64" ten="30,4000,0" yaku="1,1,0,1,54,1,53,0" doraHai="26" doraHaiUra="15" who="2" fromWho="2" sc="470,-21,68,-11,198,63,244,-11" />
</Scene>
<Scene>
<INIT seed="5,0,0,3,0,20" ten="449,57,261,233" oya="1" hai0="62,18,51,17,67,126,125,89,85,77,0,102,70" hai1="47,129,106,105,45,27,46,92,21,25,73,113,64" hai2="37,133,59,54,65,34,74,76,66,5,48,72,115" hai3="32,63,82,11,33,109,35,14,43,44,8,108,22"/><U93/><E21/><V111/><F111/><W10/><G63/><T87/><D0/><U122/><E64/><V98/><F37/><W124/><G82/><N who="0" m="47311" /><D102/><U121/><E73/><V15/><F34/><W57/><G57/><T58/><D51/><U23/><E23/><V130/><F130/><W80/><G80/><N who="0" m="49383" /><D70/><U19/><E19/><V128/><F128/><W112/><G44/><T56/><D56/><U53/><E53/><V38/><F66/><W103/><G103/><T88/><D88/><U75/><E75/><V118/><F38/><W78/><G78/><T95/><D95/><N who="1" m="36427" /><E113/><V69/><F115/><W6/><G43/><T71/><D71/><U68/><E68/><V41/><F74/><W134/><G112/><T132/><D17/><U84/><E84/><V100/><F41/><W104/><G104/><N who="1" m="40042" /><E129/><V16/><F65/><W29/><G109/><T39/><D18/><U116/><E116/><V28/><F16/><N who="3" m="10519" /><G108/><T96/><D67/><U61/><E61/><V42/><F118/><W30/><G6/><T99/><D62/><U4/><E4/><V135/><F42/><W123/><G123/><AGARI ba="0,0" hai="25,27,45,46,47,121,122,123" m="40042,36427" machi="123" ten="40,12000,1" yaku="28,2,52,2" doraHai="20" who="1" fromWho="3" sc="449,0,57,120,261,0,233,-120" />
</Scene>
<Scene>
<INIT seed="5,1,0,4,2,131" ten="449,177,261,113" oya="1" hai0="111,40,106,27,13,68,23,129,72,16,28,66,71" hai1="116,90,54,11,53,50,20,121,52,12,105,10,119" hai2="92,4,96,74,104,70,125,8,58,5,61,31,97" hai3="26,21,109,124,80,35,37,134,86,60,22,95,34"/><U126/><E105/><V56/><F70/><W46/><G109/><T69/><D111/><U65/><E121/><V130/><F74/><W94/><G124/><T88/><D72/><U42/><E126/><V120/><F125/><W41/><G134/><T84/><D106/><U30/><E116/><V18/><F120/><W48/><G22/><T73/><D73/><U117/><E119/><V2/><F130/><W76/><G37/><T110/><D110/><U89/><E65/><V17/><F31/><W93/><REACH who="3" step="1"/><G60/><REACH who="3" ten="449,177,261,103" step="2"/><T122/><D122/><U133/><E133/><V102/><F61/><W113/><G113/><T135/><D135/><U51/><E117/><V14/><F104/><W63/><G63/><T81/><D129/><U15/><E20/><V64/><F64/><W9/><G9/><N who="1" m="3082" /><E30/><AGARI ba="1,1" hai="21,26,30,34,35,41,46,48,76,80,86,93,94,95" machi="30" ten="40,1300,0" yaku="1,1,53,0" doraHai="131" doraHaiUra="1" who="3" fromWho="1" sc="449,0,177,-16,261,0,103,26" />
</Scene>
<Scene>
<INIT seed="6,0,0,2,0,73" ten="449,161,261,129" oya="2" hai0="16,22,114,71,99,122,6,44,28,37,40,55,127" hai1="77,61,4,76,110,75,20,19,129,10,86,34,35" hai2="128,1,119,98,5,39,94,123,17,54,23,83,53" hai3="46,14,65,33,124,108,9,41,107,66,101,0,135"/><V30/><F119/><W121/><G108/><T133/><D122/><U38/><E38/><V116/><F123/><W25/><G121/><T117/><D117/><U52/><E75/><V50/><F116/><W59/><G0/><T45/><D71/><U24/><E110/><V89/><F39/><W82/><G135/><T115/><D133/><U31/><E86/><V78/><F128/><W72/><G124/><T12/><D127/><U3/><E129/><V105/><F105/><W93/><G107/><T15/><D28/><U51/><E61/><V134/><F134/><W96/><G59/><T18/><D6/><U63/><E63/><V113/><F30/><W111/><G25/><T109/><D109/><U11/><E11/><V7/><F113/><N who="0" m="43018" /><D99/><U27/><E34/><V79/><F83/><W21/><G21/><N who="0" m="11399" /><D45/><AGARI ba="0,0" hai="3,4,10,19,20,24,27,31,35,45,51,52,76,77" machi="45" ten="30,7700,0" yaku="7,1,52,2,54,1" doraHai="73" who="1" fromWho="0" sc="449,-77,161,77,261,0,129,0" />
</Scene>
<Scene>
<INIT seed="7,0,0,5,5,121" ten="372,238,261,129" oya="3" hai0="67,48,44,63,26,78,12,28,37,113,103,9,16" hai1="22,102,96,49,7,74,90,108,60,53,97,135,35" hai2="93,85,11,104,51,91,117,77,71,55,40,32,15" hai3="100,46,99,88,120,8,73,18,31,76,112,3,68"/><W56/><G120/><T110/><D110/><U0/><E35/><V13/><F117/><W65/><G68/><T79/><D37/><U72/><E135/><V66/><F104/><W14/><G3/><T54/><D103/><U39/><E39/><V127/><F32/><W70/><G70/><T94/><D94/><U75/><E60/><V62/><F127/><W126/><G126/><T87/><D87/><U4/><E0/><V118/><F118/><W116/><G116/><T69/><D113/><U64/><E64/><V41/><F77/><W2/><G2/><T42/><D54/><U38/><E38/><V106/><F106/><W128/><G112/><T92/><D92/><U52/><E108/><V130/><F130/><W24/><G128/><T20/><AGARI ba="0,0" hai="9,12,16,20,26,28,42,44,48,63,67,69,78,79" machi="20" ten="20,2700,0" yaku="0,1,7,1,54,1" doraHai="121" who="0" fromWho="0" sc="372,27,238,-7,261,-7,129,-13" owari="399,50.0,231,-17.0,254,5.0,116,-38.0" />
</Scene>
</mjloggm>