<mjloggm ver="2.3"><GO type="169" lobby="0"/><UN n0="%E5%A4%AA%E3%81%8F%E3%81%AA%E3%81%84%E3%81%8A" n1="%E3%81%A8%E3%82%82%E3%81%8D%E3%82%85%E3%82%93%E2%99%AA" n2="%64%6F%75%6D%6F%6B%75%6E" n3="%67%61%6D%6F%33" dan="19,17,17,17" rate="2331.70,2121.21,2187.56,2126.72" sx="F,M,M,M"/><TAIKYOKU oya="0"/>

<Scene>
<INIT seed="0,0,0,3,5,100" ten="250,250,250,250" oya="0" hai0="70,29,72,27,128,78,19,64,94,95,90,97,21" hai1="108,127,3,1,36,54,53,98,83,43,79,68,46" hai2="115,69,14,96,28,80,121,5,132,113,58,18,104" hai3="133,45,109,32,91,30,16,111,25,126,86,62,85"/><T52/><D128/><U61/><E108/><N who="3" m="41546" /><G126/><T40/><D40/><U116/><E116/><V77/><F69/><W110/><G133/><T130/><D130/><U57/><E127/><V59/><F28/><W31/><G31/><T33/><D72/><U82/><E83/><V131/><F5/><W112/><G112/><T119/><D78/><U15/><E15/><V47/><F47/><W93/><G45/><T65/><D70/><U67/><E98/><V101/><F121/><W107/><G62/><T55/><D119/><U76/><E76/><V134/><F131/><W10/><G110/><T87/><D33/><U129/><E129/><V39/><F39/><W103/><G85/><T117/><D29/><U20/><E20/><N who="2" m="11351" /><F115/><W17/><G10/><T48/><D117/><U34/><E34/><V13/><F13/><W135/><G135/><N who="2" m="51753" /><F113/><W125/><G125/><T105/><D105/><U41/><E41/><V60/><F60/><W11/><G11/><T0/><D0/><U44/><E44/><V2/><F2/><W81/><G81/><T49/><D49/><U8/><E8/><V118/><F118/><W26/><G26/><T123/><D123/><U114/><E114/><V12/><F12/><W24/><G24/><T124/><D124/><U88/><E68/><V71/><F71/><W50/><G50/><T4/><D4/><U23/><E1/><V122/><F122/><W7/><G7/><T106/><D48/><U37/><E3/><V66/><F66/><N who="0" m="25706" /><D106/><U120/><E120/><V42/><F42/><W102/><G107/><T56/><D56/><U35/><E57/><RYUUKYOKU ba="0,0" sc="250,10,250,-30,250,10,250,10" hai0="19,21,27,52,55,87,90,94,95,97" hai2="58,59,77,80,96,101,104" hai3="16,17,25,30,32,86,91,93,102,103" />
</Scene>
<Scene>
<INIT seed="0,1,0,5,2,126" ten="260,220,260,260" oya="0" hai0="69,134,101,107,135,51,5,72,64,80,133,66,9" hai1="45,12,125,38,55,40,20,74,7,95,26,85,19" hai2="39,2,28,79,24,33,96,121,108,71,56,16,84" hai3="48,123,32,27,44,21,106,4,61,105,47,46,63"/><T14/><D51/><U30/><E74/><V76/><F71/><W34/><G4/><T22/><D22/><U58/><E125/><V41/><F2/><W18/><G48/><T68/><D101/><U114/><E114/><V36/><F121/><W91/><G91/><T78/><REACH who="0" step="1"/><D107/><REACH who="0" ten="250,220,260,260" step="2"/><U115/><E115/><V6/><F39/><W127/><G127/><T13/><D13/><U75/><E12/><V70/><F36/><W35/><REACH who="3" step="1"/><G123/><REACH who="3" ten="250,220,260,250" step="2"/><T17/><D17/><U118/><E19/><V81/><F16/><W100/><G100/><T120/><D120/><U116/><E38/><V77/><F6/><W94/><G94/><T99/><D99/><U73/><E7/><V86/><F96/><W57/><G57/><T98/><D98/><U88/><E116/><V67/><F56/><W0/><G0/><T3/><D3/><U43/><E118/><V60/><F70/><AGARI ba="1,2" hai="5,9,14,64,66,68,69,70,72,78,80,133,134,135" machi="70" ten="50,12000,1" yaku="1,1,20,1,53,2" doraHai="126" doraHaiUra="62" who="0" fromWho="2" sc="250,143,220,0,260,-123,250,0" />
</Scene>
<Scene>
<INIT seed="0,2,0,1,5,92" ten="393,220,137,250" oya="0" hai0="69,94,45,1,37,71,114,38,84,31,72,7,117" hai1="44,100,113,110,121,26,89,16,70,65,20,123,62" hai2="112,102,86,0,74,34,77,36,66,130,53,91,83" hai3="135,6,30,80,78,9,115,17,49,42,3,60,104"/><T59/><D72/><U107/><E110/><V90/><F112/><W14/><G115/><T27/><D114/><U133/><E113/><V19/><F130/><W85/><G135/><T87/><D117/><U88/><E133/><V11/><F34/><W101/><G30/><T128/><D128/><U50/><E107/><V118/><F66/><W29/><G29/><T103/><D59/><U54/><REACH who="1" step="1"/><E100/><REACH who="1" ten="393,210,137,250" step="2"/><V40/><F102/><W127/><G101/><T21/><D103/><U43/><E43/><V58/><F118/><W61/><G104/><T81/><D69/><U105/><E105/><V18/><F40/><W23/><G127/><T67/><D71/><U116/><E116/><V76/><F36/><W33/><G33/><T129/><D38/><U64/><E64/><V82/><F19/><W119/><G119/><T13/><D37/><U79/><E79/><V35/><F35/><W52/><REACH who="3" step="1"/><G42/><REACH who="3" ten="393,210,137,240" step="2"/><T124/><D124/><U73/><E73/><V15/><REACH who="2" step="1"/><F0/><REACH who="2" ten="393,210,127,240" step="2"/><W109/><G109/><T22/><D1/><U75/><E75/><V131/><F131/><W68/><G68/><T63/><D129/><U111/><E111/><V46/><F46/><AGARI ba="2,3" hai="3,6,9,14,17,23,46,49,52,60,61,78,80,85" machi="46" ten="30,7700,0" yaku="1,1,7,1,54,1,53,1" doraHai="92" doraHaiUra="8" who="3" fromWho="2" sc="393,0,210,0,127,-83,240,113" />
</Scene>
<Scene>
<INIT seed="1,0,0,4,0,45" ten="393,210,44,353" oya="1" hai0="115,65,58,66,46,70,12,10,98,110,104,29,89" hai1="26,17,0,96,16,130,132,118,93,61,8,60,1" hai2="123,88,40,47,43,24,105,101,49,85,9,102,80" hai3="34,121,128,51,62,117,97,32,111,69,39,55,7"/><U75/><E118/><V3/><F123/><W95/><G39/><T38/><D70/><U125/><E75/><V109/><F109/><W77/><G121/><T112/><D29/><U6/><E125/><V63/><F105/><W114/><G114/><T53/><D110/><U44/><E0/><V50/><F3/><W106/><G106/><T20/><D20/><U119/><E119/><V103/><F9/><W14/><G77/><T133/><D133/><U135/><E130/><V30/><F63/><W131/><G117/><T68/><D66/><U11/><E17/><V36/><REACH who="2" step="1"/><F43/><REACH who="2" ten="393,210,34,353" step="2"/><W76/><G111/><T78/><D10/><U25/><E60/><V73/><F73/><W37/><G62/><T113/><D104/><U79/><E61/><V134/><F134/><W83/><G69/><T127/><D68/><U4/><E132/><V71/><F71/><W116/><G116/><T122/><D122/><U64/><E135/><V86/><F86/><W57/><G128/><T81/><D113/><U87/><E1/><V28/><F28/><W91/><G131/><T120/><D120/><U56/><E8/><V19/><F19/><W67/><G67/><T33/><D65/><U82/><E16/><V54/><F54/><W22/><G55/><T59/><D53/><U42/><E11/><V27/><F27/><W90/><G7/><T124/><D115/><U15/><E26/><V23/><AGARI ba="0,1" hai="23,24,30,36,40,47,49,50,80,85,88,101,102,103" machi="23" ten="30,8000,1" yaku="1,1,0,1,52,2,54,1,53,0" doraHai="45" doraHaiUra="74" who="2" fromWho="2" sc="393,-20,210,-40,34,90,353,-20" />
</Scene>
<Scene>
<INIT seed="2,0,0,2,2,22" ten="373,170,124,333" oya="2" hai0="120,38,130,71,35,70,11,54,37,15,16,104,135" hai1="60,125,19,46,51,26,118,68,1,115,18,76,111" hai2="0,3,90,87,119,107,4,126,24,92,44,85,124" hai3="50,59,82,47,62,127,63,117,91,95,110,2,112"/><V43/><F119/><W12/><G2/><T53/><D120/><U105/><E111/><V58/><F107/><W77/><G110/><T33/><D104/><U25/><E1/><V8/><F3/><W123/><G123/><T10/><D15/><U57/><E68/><V133/><F133/><W75/><G117/><T29/><D29/><U72/><E105/><V108/><F108/><W113/><G127/><T121/><D121/><U78/><E115/><N who="3" m="44106" /><G59/><T103/><D103/><U32/><E72/><V20/><F58/><W28/><G12/><T79/><D79/><N who="1" m="30251" /><E32/><V84/><F126/><W69/><G28/><T98/><D98/><U36/><E36/><V34/><F34/><W5/><G5/><T93/><D93/><U23/><E118/><V109/><F109/><W56/><G56/><T131/><D16/><N who="1" m="6187" /><E23/><V45/><F124/><W73/><G73/><T61/><D135/><U66/><E125/><V128/><F128/><W106/><G69/><T55/><D70/><U31/><E31/><V81/><F81/><W65/><G65/><T48/><D130/><U13/><E13/><V86/><REACH who="2" step="1"/><F43/><AGARI ba="0,0" hai="25,26,43,46,51,57,60,66" m="6187,30251" machi="43" ten="30,7700,0" yaku="8,1,52,2,54,1" doraHai="22" who="1" fromWho="2" sc="373,0,170,77,124,-77,333,0" />
</Scene>
<Scene>
<INIT seed="3,0,0,2,1,29" ten="373,247,47,333" oya="3" hai0="60,0,106,87,76,66,134,20,74,41,64,19,5" hai1="121,116,117,49,99,122,96,130,51,82,78,16,62" hai2="68,46,54,37,39,59,69,94,102,125,120,70,111" hai3="61,34,23,48,38,110,123,90,9,15,24,1,113"/><W73/><G38/><N who="2" m="14345" /><F102/><W88/><G73/><T131/><D106/><U22/><E62/><N who="2" m="36215" /><F94/><W8/><G123/><T79/><D41/><U31/><E31/><V80/><F80/><W129/><G113/><T12/><D131/><U63/><E63/><V56/><F120/><W55/><G129/><T85/><D134/><U11/><E130/><V4/><F4/><W126/><G126/><T93/><D74/><U91/><E11/><V14/><F14/><W132/><G132/><T2/><D5/><U13/><E91/><V26/><F26/><W133/><G133/><T43/><D93/><U17/><E22/><V103/><F103/><W115/><G115/><T67/><D12/><U105/><E13/><V100/><F100/><W119/><G119/><T32/><D85/><U127/><E82/><V81/><F81/><W86/><G1/><T72/><D87/><U97/><E97/><V65/><F125/><W124/><G124/><T95/><D95/><U77/><E127/><V108/><F46/><W42/><G8/><T98/><D98/><U21/><E21/><V33/><F33/><W30/><G23/><T36/><D72/><U83/><E83/><V28/><F28/><W84/><G84/><T45/><D0/><U114/><E114/><V135/><F135/><W10/><G10/><T7/><D2/><U58/><E105/><V89/><F89/><W27/><G27/><N who="0" m="14751" /><D7/><U109/><E122/><V71/><N who="2" m="17408" /><DORA hai="50" /><V107/><F107/><W3/><G3/><T44/><D32/><U118/><E121/><V104/><F104/><W92/><G90/><T25/><D25/><RYUUKYOKU ba="0,0" sc="373,-10,247,-10,47,30,333,-10" hai2="56,65,108,111" />
</Scene>
<Scene>
<INIT seed="4,1,0,2,5,15" ten="363,237,77,323" oya="0" hai0="44,26,87,116,7,65,111,77,107,61,4,109,68" hai1="104,2,122,58,51,70,43,90,72,91,42,74,9" hai2="32,79,39,114,94,132,49,56,106,57,21,126,96" hai3="129,125,1,131,55,50,28,19,54,10,33,99,11"/><T35/><D116/><U69/><E9/><V48/><F32/><W13/><G125/><T14/><D107/><U22/><E22/><V73/><F106/><W120/><G120/><T20/><D35/><U124/><E104/><V31/><F126/><W97/><G28/><T71/><D71/><U123/><E58/><V135/><F39/><W78/><G78/><T12/><D44/><U80/><E51/><N who="2" m="19531" /><F73/><W93/><G33/><T6/><D77/><U75/><E75/><V115/><F79/><W112/><G112/><N who="2" m="43049" /><F31/><W128/><G93/><T37/><D87/><U89/><E89/><V5/><F5/><N who="3" m="1327" /><G54/><T41/><D37/><U83/><E124/><V0/><F0/><AGARI ba="1,0" hai="0,2,42,43,69,70,72,74,80,83,90,91,122,123" machi="0" ten="25,1600,0" yaku="22,2" doraHai="15" who="1" fromWho="2" sc="363,0,237,19,77,-19,323,0" />
</Scene>
<Scene>
<INIT seed="5,0,0,5,0,118" ten="363,256,58,323" oya="1" hai0="121,59,24,19,43,125,126,77,17,94,26,35,56" hai1="131,10,115,109,81,128,55,61,72,97,5,42,130" hai2="89,79,3,34,23,60,116,107,53,70,111,36,83" hai3="106,135,64,119,16,100,132,28,29,124,63,12,105"/><U98/><E42/><V99/><F111/><W75/><G75/><T8/><D43/><U87/><E72/><V50/><F116/><W117/><G124/><N who="0" m="47723" /><D77/><U67/><E55/><V95/><F36/><W90/><G90/><T73/><D73/><U104/><E104/><V93/><F34/><W18/><G100/><T1/><D121/><U92/><E115/><V44/><F107/><W52/><G64/><T86/><D1/><U101/><E97/><V68/><F3/><W108/><G12/><N who="0" m="7303" /><D19/><U120/><E109/><V123/><F123/><W48/><G108/><T112/><D112/><U40/><E40/><V39/><F39/><W45/><G63/><T7/><D7/><U69/><E120/><V11/><F11/><W21/><G48/><T41/><D41/><U71/><E71/><V14/><F93/><W27/><G27/><N who="0" m="10283" /><D35/><U20/><E20/><V82/><F82/><W65/><G65/><T80/><D80/><U78/><REACH who="1" step="1"/><E128/><REACH who="1" ten="363,246,58,323" step="2"/><V0/><F23/><W84/><G21/><T13/><D86/><U91/><E91/><V31/><F70/><W2/><G84/><T51/><D51/><U127/><E127/><V32/><F68/><W96/><G96/><T47/><D47/><U25/><E25/><V4/><F44/><W129/><G45/><T49/><D49/><U122/><E122/><V88/><F50/><W110/><G110/><T37/><D37/><U74/><E74/><V22/><F89/><W33/><G33/><T54/><D54/><U57/><E57/><V76/><F53/><W38/><G38/><T6/><D59/><U66/><E66/><RYUUKYOKU ba="0,1" sc="363,-10,246,30,58,-10,323,-10" hai1="5,10,61,67,69,78,81,87,92,98,101,130,131" />
</Scene>
<Scene>
<INIT seed="5,1,1,2,4,72" ten="353,276,48,313" oya="1" hai0="69,56,8,50,100,94,117,54,13,97,36,134,18" hai1="40,29,126,46,110,44,34,81,122,128,55,57,52" hai2="116,80,124,10,77,30,103,24,6,102,127,91,99" hai3="73,32,45,71,135,87,101,83,121,60,21,119,123"/><U115/><E122/><V1/><F116/><W84/><G32/><T86/><D117/><U120/><E120/><V89/><F89/><W48/><G119/><T64/><D36/><U105/><E105/><V79/><F91/><W59/><G71/><T68/><D134/><U17/><E17/><V47/><F47/><W28/><G73/><T113/><D113/><U22/><E34/><V19/><F19/><W41/><G84/><T85/><D68/><U125/><E115/><V118/><F118/><W49/><G49/><T26/><D69/><U0/><E0/><V7/><F7/><W37/><G37/><T129/><D129/><U108/><E128/><V112/><F112/><W96/><G21/><N who="0" m="13623" /><D64/><U78/><E22/><V90/><F90/><W2/><G28/><T51/><D51/><N who="1" m="27015" /><E29/><V92/><F102/><W20/><G20/><T39/><D39/><U14/><E14/><V133/><F133/><W53/><G2/><T4/><AGARI ba="1,1" hai="4,8,13,50,54,56,85,86,94,97,100" m="13623" machi="4" ten="30,1100,0" yaku="8,1" doraHai="72" who="0" fromWho="0" sc="353,24,276,-6,48,-4,313,-4" />
</Scene>
<Scene>
<INIT seed="6,0,0,3,4,13" ten="377,270,44,309" oya="2" hai0="134,28,50,88,92,32,81,98,95,100,108,110,89" hai1="18,77,83,61,116,84,93,90,37,47,34,79,44" hai2="106,80,105,104,56,3,5,43,128,122,1,4,66" hai3="17,125,51,49,130,25,94,85,72,112,91,35,135"/><V54/><F128/><W40/><G72/><T109/><D50/><U71/><E116/><V26/><F122/><W60/><G130/><T21/><D32/><U0/><E34/><V118/><F118/><W123/><G123/><T14/><D28/><U70/><E0/><V57/><F43/><W75/><G75/><T6/><D6/><U114/><E114/><V121/><F121/><W55/><G112/><T7/><D7/><U101/><E101/><V20/><F80/><W107/><G107/><N who="0" m="63895" /><D14/><U103/><E103/><V68/><F68/><W36/><G125/><T30/><D21/><U126/><E126/><V115/><F115/><W82/><G135/><T127/><D30/><U52/><E71/><V117/><F117/><W124/><G124/><T76/><D127/><U74/><E77/><V29/><F5/><W33/><G36/><T102/><D134/><U46/><E18/><V63/><REACH who="2" step="1"/><F4/><REACH who="2" ten="377,270,34,309" step="2"/><W41/><G41/><T24/><D81/><U120/><E120/><V65/><F65/><W99/><G40/><T9/><D109/><U67/><E70/><V86/><F86/><W10/><G85/><T42/><D42/><U38/><E67/><V23/><F23/><W53/><G82/><T15/><D110/><U2/><E37/><V16/><F16/><W133/><G35/><T96/><D108/><U58/><E38/><V129/><F129/><W78/><G33/><T131/><D131/><U132/><E132/><V11/><F11/><W64/><G10/><T27/><D9/><U12/><E2/><V48/><AGARI ba="0,1" hai="1,3,20,26,29,48,54,56,57,63,66,104,105,106" machi="48" ten="30,6000,0" yaku="1,1,0,1,53,1" doraHai="13" doraHaiUra="22" who="2" fromWho="2" sc="377,-20,270,-20,34,70,309,-20" />
</Scene>
<Scene>
<INIT seed="6,1,0,3,3,49" ten="357,250,104,289" oya="2" hai0="83,31,102,40,131,60,12,106,50,135,126,109,78" hai1="111,133,121,52,47,54,84,86,91,10,120,100,85" hai2="95,61,72,65,125,51,20,81,80,5,114,1,105" hai3="129,90,19,48,98,32,79,24,30,8,35,68,59"/><V118/><F105/><W36/><G36/><T27/><D109/><U15/><E111/><V99/><F118/><W92/><G68/><T7/><D102/><U73/><E73/><V37/><F37/><W16/><G35/><T63/><D106/><U123/><E100/><V14/><F1/><W97/><G97/><T71/><D71/><U122/><E133/><V96/><F125/><W124/><G124/><T4/><D4/><N who="1" m="3527" /><E123/><V53/><F114/><W22/><G79/><T66/><D63/><U33/><E33/><V108/><F108/><W18/><G129/><T56/><D83/><N who="2" m="31818" /><F72/><W76/><G76/><T88/><D50/><N who="1" m="28767" /><E54/><V39/><F39/><W101/><G101/><T25/><D60/><U62/><E62/><V29/><F61/><W64/><G64/><T130/><D66/><U89/><AGARI ba="1,0" hai="84,85,86,89,91,120,121,122" m="28767,3527" machi="89" ten="40,5200,0" yaku="13,1,52,1,54,1" doraHai="49" who="1" fromWho="1" sc="357,-14,250,55,104,-27,289,-14" />
</Scene>
<Scene>
<INIT seed="7,0,0,4,5,108" ten="343,305,77,275" oya="3" hai0="132,73,119,113,48,4,47,29,131,80,74,59,134" hai1="15,28,6,133,49,16,87,62,36,55,35,77,95" hai2="25,31,67,103,117,46,26,129,107,56,45,109,51" hai3="9,116,130,20,63,13,17,72,94,124,41,38,64"/><W123/><G123/><T83/><D113/><U7/><E36/><V42/><F103/><W27/><G116/><T82/><D119/><U104/><E104/><V61/><F107/><W60/><G72/><T110/><D110/><U127/><E127/><V30/><F117/><W5/><G124/><T84/><D131/><U125/><E125/><V39/><F109/><W89/><G130/><T43/><D29/><U101/><E35/><V65/><F129/><W53/><G64/><T105/><D105/><U44/><E28/><V102/><F102/><W1/><G41/><T92/><D4/><U112/><E112/><V58/><F31/><W98/><G38/><T69/><D69/><U3/><E3/><V75/><F30/><W99/><G99/><T37/><D59/><U76/><E133/><N who="0" m="51305" /><D37/><U96/><E62/><V78/><F78/><W18/><REACH who="3" step="1"/><G53/><REACH who="3" ten="343,305,77,265" step="2"/><T54/><D43/><U52/><E55/><V90/><F75/><W12/><G12/><T120/><D120/><U10/><E87/><V14/><F90/><AGARI ba="0,1" hai="47,48,54,73,74,80,82,83,84,90,92" m="51305" machi="90" ten="30,1000,0" yaku="20,1" doraHai="108" who="0" fromWho="2" sc="343,20,305,0,77,-10,265,0" owari="363,45.0,305,11.0,67,-43.0,265,-13.0" />
</Scene>
</mjloggm>