<mjloggm ver="2.3"><GO type="169" lobby="0"/><UN n0="%E3%81%BD%E3%81%BF%E3%82%85" n1="%E3%81%9F%E3%81%8C%E3%82%84%E3%81%99" n2="%E5%A4%AA%E3%81%8F%E3%81%AA%E3%81%84%E3%81%8A" n3="%6B%75%72%69%6B%75%6E%6E" dan="16,16,19,16" rate="2062.92,2076.90,2319.71,2050.58" sx="F,M,F,M"/><TAIKYOKU oya="0"/>

<Scene>
<INIT seed="0,0,0,1,5,86" ten="250,250,250,250" oya="0" hai0="2,15,74,72,121,51,47,102,112,84,66,0,38" hai1="63,49,57,56,65,120,88,6,13,78,100,31,135" hai2="36,87,52,127,40,76,55,43,113,14,116,131,3" hai3="118,77,27,9,75,101,105,71,73,99,37,96,98"/><T23/><D38/><U33/><E100/><V69/><F3/><W110/><G110/><T59/><D121/><U10/><E78/><V28/><F113/><W81/><G37/><T106/><D106/><U92/><E135/><V30/><F69/><W4/><G118/><T93/><D112/><U111/><E111/><V24/><F116/><W54/><G71/><T41/><D0/><U21/><E33/><V42/><F36/><W22/><G54/><T5/><D2/><U67/><E120/><V129/><F127/><W39/><G39/><T46/><D46/><U17/><E31/><N who="2" m="11819" /><F24/><W11/><G75/><T83/><D93/><U8/><E6/><V82/><F14/><W90/><G4/><T97/><D97/><U35/><E35/><V61/><F61/><W128/><G128/><AGARI ba="0,0" hai="40,42,43,52,55,76,82,87,128,129,131" m="11819" machi="128" ten="30,2000,0" yaku="19,1,54,1" doraHai="86" who="2" fromWho="3" sc="250,0,250,0,250,20,250,-20" />
</Scene>
<Scene>
<INIT seed="1,0,0,3,0,90" ten="250,250,270,230" oya="1" hai0="65,83,107,103,15,92,109,116,88,135,94,118,37" hai1="101,13,99,9,68,79,100,112,47,26,55,74,41" hai2="56,36,106,52,25,24,124,96,127,75,32,111,54" hai3="5,70,35,22,110,128,98,58,0,49,48,82,86"/><U104/><E68/><V10/><F36/><W84/><G110/><T130/><D37/><U53/><E112/><V73/><F111/><W27/><G70/><T81/><D65/><U76/><E100/><N who="2" m="62727" /><F10/><W78/><G35/><T59/><D59/><U3/><E26/><N who="2" m="10347" /><F32/><W97/><G128/><T51/><D51/><U40/><E3/><V71/><F54/><W31/><G84/><T28/><D15/><U39/><E41/><V125/><F71/><W89/><G58/><T14/><D14/><U17/><REACH who="1" step="1"/><E79/><REACH who="1" ten="250,240,270,230" step="2"/><V50/><AGARI ba="0,1" hai="50,52,56,73,75,124,125,127" m="10347,62727" machi="50" ten="40,2700,0" yaku="18,1,54,1" doraHai="90" who="2" fromWho="2" sc="250,-7,240,-13,270,37,230,-7" />
</Scene>
<Scene>
<INIT seed="2,0,0,0,2,111" ten="243,227,307,223" oya="2" hai0="81,37,22,86,114,103,6,77,26,112,17,113,107" hai1="71,63,83,45,39,50,53,1,21,62,64,108,91" hai2="85,25,40,55,20,93,90,2,42,58,34,38,134" hai3="101,67,125,133,116,132,119,54,61,78,27,29,35"/><V30/><F2/><W121/><G121/><T80/><D37/><U118/><E1/><V120/><F120/><W117/><G54/><T3/><D81/><U44/><E118/><V49/><F134/><N who="3" m="51819" /><G78/><T31/><D103/><U131/><E131/><V92/><F38/><W56/><G101/><T69/><D69/><U124/><E124/><AGARI ba="0,0" hai="27,29,35,56,61,67,116,117,119,124,125" m="51819" machi="124" ten="40,1300,0" yaku="20,1" doraHai="111" who="3" fromWho="1" sc="243,0,227,-13,307,0,223,13" />
</Scene>
<Scene>
<INIT seed="3,0,0,3,4,60" ten="243,214,307,236" oya="3" hai0="2,75,96,69,24,47,98,79,63,86,99,110,120" hai1="123,25,16,34,46,10,116,11,38,104,0,51,33" hai2="29,130,135,93,3,14,42,5,101,109,61,7,26" hai3="95,54,117,45,64,124,12,56,27,80,105,119,36"/><W6/><G105/><T112/><D120/><U94/><E104/><V48/><F3/><W85/><G124/><T72/><D2/><U74/><E74/><V39/><F39/><W132/><G132/><T108/><D47/><U58/><E123/><V118/><F118/><W129/><G129/><T13/><D13/><U22/><E116/><V77/><F77/><W114/><G114/><T127/><D24/><U68/><E68/><V100/><F130/><W52/><G95/><T78/><D63/><U106/><E106/><V17/><F109/><N who="0" m="42090" /><D69/><U4/><E94/><V87/><F61/><N who="3" m="37927" /><G119/><T133/><D133/><U115/><E115/><V1/><F1/><W125/><G36/><T31/><D31/><U35/><E11/><V128/><F128/><W113/><G113/><T82/><D112/><U55/><E38/><V62/><F135/><W73/><G73/><N who="0" m="28235" /><D127/><U97/><E97/><N who="0" m="24833" /><T102/><DORA hai="43" /><D79/><U41/><REACH who="1" step="1"/><E58/><REACH who="1" ten="243,204,307,236" step="2"/><V49/><F5/><W134/><G125/><T71/><D71/><U37/><E37/><V121/><F7/><W76/><G134/><T59/><D59/><U65/><E65/><V81/><F121/><W19/><G117/><T23/><D23/><U40/><AGARI ba="0,1" hai="0,4,10,16,22,25,33,34,35,40,41,46,51,55" machi="40" ten="40,8000,1" yaku="1,1,0,1,52,1,54,1,53,1" doraHai="60,43" doraHaiUra="70,44" who="1" fromWho="1" sc="243,-20,204,90,307,-20,236,-40" />
</Scene>
<Scene>
<INIT seed="4,0,0,3,2,90" ten="223,294,287,196" oya="0" hai0="60,70,108,109,67,47,36,128,85,86,29,126,68" hai1="123,111,33,87,84,113,62,13,3,30,97,105,110" hai2="75,51,125,88,94,59,7,106,121,95,114,32,116" hai3="81,10,27,120,19,50,42,53,23,58,38,77,101"/><T129/><D29/><U11/><E3/><V37/><F37/><W118/><G118/><T91/><D85/><U104/><E123/><V0/><F106/><W73/><G120/><T49/><D86/><U96/><E62/><V34/><F75/><W135/><G135/><T82/><D82/><U52/><E11/><V72/><F72/><W83/><G83/><T16/><D16/><U12/><E30/><V102/><F121/><W21/><G101/><T61/><D91/><U74/><E74/><V41/><F7/><W2/><G27/><T25/><D25/><U55/><REACH who="1" step="1"/><E113/><REACH who="1" ten="223,284,287,196" step="2"/><V107/><F0/><W14/><G2/><T80/><D126/><U78/><E78/><V1/><F1/><W122/><G122/><T26/><D60/><U79/><E79/><V54/><F114/><W24/><G24/><T22/><D61/><U8/><E8/><V92/><F125/><W132/><G132/><T69/><D26/><U18/><E18/><V103/><F116/><W43/><REACH who="3" step="1"/><G38/><REACH who="3" ten="223,284,287,186" step="2"/><T89/><D36/><U4/><E4/><V35/><F35/><AGARI ba="0,2" hai="12,13,33,35,52,55,84,87,96,97,104,105,110,111" machi="35" ten="25,6400,0" yaku="1,1,22,2,54,1,53,0" doraHai="90" doraHaiUra="57" who="1" fromWho="2" sc="223,0,284,84,287,-64,186,0" />
</Scene>
<Scene>
<INIT seed="5,0,0,0,3,115" ten="223,368,223,186" oya="1" hai0="97,133,112,81,47,41,23,59,96,90,83,48,122" hai1="124,93,7,95,113,35,127,36,116,40,65,0,38" hai2="87,10,101,94,26,82,5,132,80,39,130,88,110" hai3="109,66,54,28,125,21,13,70,25,100,64,117,92"/><U129/><E65/><V45/><F110/><W50/><G109/><T22/><D112/><U56/><E113/><V76/><F132/><W78/><G125/><T121/><D133/><U98/><E56/><V79/><F130/><W6/><G78/><T61/><D121/><U118/><E35/><V12/><F26/><W123/><G123/><T103/><D122/><U62/><E62/><V60/><F60/><W75/><G75/><T43/><D43/><U18/><E18/><V52/><F39/><W44/><G70/><T67/><D96/><U105/><E105/><V134/><F134/><W3/><G3/><T24/><D90/><U106/><E106/><V53/><F101/><W111/><G111/><T37/><D37/><U49/><E98/><V89/><F45/><W108/><G108/><T73/><D73/><U42/><E7/><V55/><REACH who="2" step="1"/><F80/><REACH who="2" ten="223,368,213,186" step="2"/><W27/><G25/><T17/><REACH who="0" step="1"/><D22/><REACH who="0" ten="213,368,213,186" step="2"/><U9/><E129/><V131/><F131/><W84/><G21/><T114/><D114/><U74/><E127/><V135/><F135/><W58/><G27/><T51/><D51/><U120/><E49/><V4/><F4/><W99/><G6/><T68/><D68/><U32/><E120/><V1/><F1/><W119/><G50/><T2/><D2/><U30/><E0/><V86/><AGARI ba="0,2" hai="5,10,12,52,53,55,76,79,82,86,87,88,89,94" machi="86" ten="30,8000,1" yaku="1,1,0,1,8,1,54,2,53,0" doraHai="115" doraHaiUra="14" who="2" fromWho="2" sc="213,-20,368,-40,213,100,186,-20" />
</Scene>
<Scene>
<INIT seed="6,0,0,0,4,0" ten="193,328,313,166" oya="2" hai0="54,73,110,84,70,28,94,65,23,13,59,63,39" hai1="130,112,57,118,17,95,27,3,85,83,46,124,133" hai2="87,6,80,113,129,16,53,132,37,45,20,116,50" hai3="114,77,22,93,55,29,69,11,34,97,126,109,86"/><V122/><F116/><W21/><G109/><T96/><D73/><U2/><E95/><V99/><F122/><W41/><G126/><T15/><D39/><U47/><E118/><V4/><F113/><W60/><G114/><T123/><D123/><U117/><E117/><V26/><F129/><W52/><G41/><T75/><D75/><U105/><E105/><V42/><F132/><W79/><G34/><T64/><D110/><U44/><E112/><V9/><F99/><W81/><G79/><T134/><D84/><U32/><E124/><V119/><F119/><W102/><G29/><T74/><D74/><U121/><E121/><V72/><F72/><W104/><G104/><T76/><D76/><U125/><E125/><V40/><F9/><W88/><G77/><T67/><D70/><U90/><E133/><V19/><F19/><W35/><G35/><T61/><D61/><U18/><E130/><V128/><F128/><W51/><G11/><T12/><D134/><U58/><E32/><V115/><F115/><W49/><G49/><T107/><D107/><U7/><E2/><V103/><F103/><W101/><G101/><N who="0" m="60567" /><D28/><U82/><E82/><V14/><F26/><W43/><G43/><N who="2" m="16425" /><F37/><W66/><REACH who="3" step="1"/><G55/><REACH who="3" ten="193,328,313,156" step="2"/><T25/><D23/><U98/><E90/><AGARI ba="0,1" hai="4,6,14,16,20,45,50,53,80,87,90" m="16425" machi="90" ten="30,11600,0" yaku="8,1,52,2,54,1" doraHai="0" who="2" fromWho="1" sc="193,0,328,-116,313,126,156,0" />
</Scene>
<Scene>
<INIT seed="6,1,0,5,2,52" ten="193,212,439,156" oya="2" hai0="127,22,25,73,67,79,13,33,28,54,85,64,123" hai1="69,96,37,121,110,65,8,6,107,135,55,10,36" hai2="47,94,119,62,92,71,43,61,133,19,29,2,1" hai3="103,76,3,5,78,106,102,80,118,98,14,40,24"/><V15/><F119/><W104/><G118/><T44/><D123/><U0/><E10/><V42/><F29/><W81/><G3/><T97/><D73/><U41/><E110/><V45/><F15/><W91/><G24/><T9/><D33/><U126/><E135/><V111/><F19/><W124/><G40/><T31/><D31/><U114/><E114/><V93/><F133/><W95/><G14/><T18/><D127/><U90/><E41/><V134/><F134/><W30/><G30/><T23/><D23/><U68/><E126/><V77/><F77/><N who="3" m="29803" /><G5/><T38/><D97/><U32/><E32/><V105/><F92/><N who="3" m="58695" /><G124/><T84/><D38/><U128/><E36/><V70/><F105/><N who="3" m="40555" /><G103/><T109/><D109/><AGARI ba="1,0" hai="1,2,42,43,45,47,61,62,70,71,93,94,109,111" machi="109" ten="25,2400,0" yaku="22,2" doraHai="52" who="2" fromWho="0" sc="193,-27,212,0,439,27,156,0" />
</Scene>
<Scene>
<INIT seed="6,2,0,1,0,117" ten="166,212,466,156" oya="2" hai0="74,126,132,8,15,33,116,37,64,106,75,73,31" hai1="0,88,20,66,52,6,122,71,101,36,108,18,127" hai2="67,72,69,24,14,131,98,105,7,39,93,89,34" hai3="63,2,96,82,48,11,38,49,61,104,70,4,118"/><V135/><F39/><W56/><G118/><T86/><D86/><U114/><E36/><V53/><F72/><W40/><G70/><T123/><D64/><U111/><E101/><V109/><F53/><W12/><G61/><T54/><D54/><U85/><E6/><V60/><F105/><W17/><G38/><T25/><D37/><U90/><E0/><V91/><F34/><W76/><G40/><T57/><D57/><U128/><E127/><V81/><F24/><W62/><G62/><T102/><D116/><U103/><E103/><V5/><F14/><W68/><G68/><T26/><D26/><U3/><E3/><V22/><F22/><W100/><G2/><T19/><D132/><U21/><E21/><V80/><F80/><W59/><G4/><T13/><D13/><U58/><E71/><V9/><F81/><W79/><G59/><T125/><REACH who="0" step="1"/><D123/><REACH who="0" ten="156,212,466,156" step="2"/><U1/><E122/><V51/><F67/><W133/><G133/><T50/><D50/><U130/><E1/><V110/><F51/><W119/><G119/><T29/><D29/><U65/><E65/><V42/><F135/><W121/><G121/><T32/><D32/><U120/><E66/><V46/><F69/><W23/><G48/><T30/><D30/><U44/><E120/><V107/><F60/><W94/><G49/><T112/><D112/><U47/><E114/><V97/><F109/><W87/><G63/><T45/><D45/><U55/><E58/><V78/><F110/><W84/><G56/><T83/><D83/><U41/><E108/><V129/><F46/><N who="1" m="17449" /><E111/><V99/><F42/><RYUUKYOKU ba="2,1" sc="156,30,212,-10,466,-10,156,-10" hai0="8,15,19,25,31,33,73,74,75,102,106,125,126" />
</Scene>
<Scene>
<INIT seed="7,3,1,3,3,117" ten="186,202,456,146" oya="3" hai0="25,7,65,127,5,101,109,97,83,40,41,131,133" hai1="118,74,48,19,36,46,115,6,87,103,72,105,34" hai2="80,128,77,14,89,114,8,2,132,60,121,37,20" hai3="78,135,82,13,93,26,16,113,33,15,56,29,86"/><W85/><G113/><T107/><D109/><U31/><E36/><V123/><F37/><W22/><G135/><T52/><D133/><U50/><E6/><V130/><F132/><W57/><REACH who="3" step="1"/><G15/><REACH who="3" ten="186,202,456,136" step="2"/><T108/><D108/><U110/><E115/><V51/><F114/><W3/><G3/><T98/><D127/><U112/><E112/><V99/><F2/><W35/><G35/><T44/><D131/><U120/><E34/><V81/><F130/><W124/><G124/><T9/><D25/><U94/><E110/><V54/><F128/><W27/><G27/><T58/><D5/><U88/><E118/><V12/><F14/><W28/><G28/><T21/><D7/><U126/><E31/><V64/><F12/><W116/><G116/><T70/><D9/><U69/><E126/><V122/><F8/><W30/><G30/><T0/><D0/><U67/><E19/><V18/><F18/><W106/><G106/><T91/><D107/><U68/><E105/><V84/><F122/><W49/><G49/><T79/><D21/><U45/><E50/><V90/><F123/><W62/><G62/><T96/><D101/><U71/><E48/><V104/><F121/><W17/><G17/><T63/><D63/><N who="1" m="40063" /><E120/><V4/><F4/><W73/><G73/><T111/><D111/><U43/><E103/><V38/><F104/><W75/><G75/><T55/><D40/><U59/><E72/><V32/><F51/><W66/><G66/><T100/><D41/><U129/><E74/><V95/><F60/><W1/><G1/><T42/><D100/><U23/><E129/><RYUUKYOKU ba="3,2" sc="186,-10,202,-10,456,-10,136,30" hai3="13,16,22,26,29,33,56,57,78,82,85,86,93" />
</Scene>
<Scene>
<INIT seed="7,4,2,3,5,128" ten="176,192,446,166" oya="3" hai0="41,37,79,96,107,30,27,72,64,97,9,118,76" hai1="15,11,20,113,12,52,77,108,13,7,69,66,88" hai2="111,109,86,75,68,10,134,26,24,5,34,119,105" hai3="21,71,31,78,101,70,120,122,18,4,74,28,92"/><W135/><G122/><T127/><D118/><U99/><E77/><V54/><F75/><W73/><G120/><T123/><D123/><U16/><E108/><V43/><F68/><W3/><G135/><T56/><D127/><U106/><E113/><V100/><F43/><W23/><G71/><T60/><D37/><U57/><E69/><V114/><F119/><W58/><G70/><T62/><D41/><U65/><E13/><V80/><F114/><W6/><G3/><T130/><D130/><U39/><E39/><V51/><F134/><W38/><G38/><T126/><D126/><U17/><E17/><V103/><F105/><W125/><G125/><T14/><D72/><U44/><E44/><V115/><F115/><W1/><G1/><T131/><D62/><N who="1" m="36135" /><E106/><V132/><F100/><W19/><G58/><T133/><D133/><U98/><E88/><V104/><F103/><W85/><G101/><T32/><D131/><U40/><E40/><V46/><F10/><W102/><G102/><T90/><D107/><U67/><AGARI ba="4,2" hai="7,11,12,15,16,20,65,66,67,98,99" m="36135" machi="67" ten="30,4000,0" yaku="8,1,54,2" doraHai="128" who="1" fromWho="1" sc="176,-14,192,72,446,-14,166,-24" owari="162,-24.0,264,6.0,432,54.0,142,-36.0" />
</Scene>
</mjloggm>