<mjloggm ver="2.3"><GO type="169" lobby="0"/><UN n0="%73%68%61%74%69%61%6E%61" n1="%E3%82%B7%E3%83%A3%E3%83%BC%E3%83%AA%E3%83%97%E3%83%88%E3%83%A9" n2="%E5%A4%AA%E3%81%8F%E3%81%AA%E3%81%84%E3%81%8A" n3="%7A%65%72%6F%52%58" dan="17,16,19,17" rate="2167.72,2117.36,2324.28,2157.08" sx="F,M,F,M"/><TAIKYOKU oya="0"/>

<Scene>
<INIT seed="0,0,0,3,1,63" ten="250,250,250,250" oya="0" hai0="75,34,99,102,3,10,20,62,30,27,89,44,32" hai1="43,106,23,81,15,98,40,93,9,5,53,4,19" hai2="112,29,68,72,24,97,17,120,101,45,57,119,31" hai3="125,0,28,134,37,95,83,126,127,21,1,109,67"/><T121/><D121/><U7/><E106/><V51/><F68/><W55/><G37/><T113/><D113/><U116/><E116/><V18/><F72/><W46/><G109/><T11/><D89/><U82/><E53/><V6/><F120/><W14/><G134/><T111/><D75/><U25/><E82/><V58/><F6/><W123/><G123/><T48/><D111/><U70/><E81/><V105/><F112/><W88/><G83/><T110/><D110/><U90/><REACH who="1" step="1"/><E70/><REACH who="1" ten="250,240,250,250" step="2"/><V84/><F119/><W130/><G126/><T54/><D62/><U35/><E35/><V129/><F105/><W41/><G127/><T2/><D34/><U87/><E87/><V103/><F84/><W26/><G55/><T86/><D86/><U78/><E78/><V69/><F69/><W60/><G125/><T108/><D108/><U124/><E124/><V77/><F77/><W132/><G132/><T92/><REACH who="0" step="1"/><D32/><REACH who="0" ten="240,240,250,250" step="2"/><U100/><E100/><V56/><F103/><W115/><G115/><T73/><D73/><U38/><E38/><V65/><F101/><W135/><G135/><T117/><D117/><U52/><E52/><V71/><F71/><W94/><G88/><T80/><D80/><U36/><E36/><V61/><F61/><W39/><G39/><T104/><D104/><U66/><E66/><V96/><F65/><W79/><G67/><T49/><D49/><U114/><E114/><V12/><F51/><W91/><G60/><T8/><AGARI ba="0,2" hai="2,3,8,10,11,20,27,30,44,48,54,92,99,102" machi="8" ten="30,3000,0" yaku="1,1,0,1,53,0" doraHai="63" doraHaiUra="107" who="0" fromWho="0" sc="240,50,240,-10,250,-10,250,-10" />
</Scene>
<Scene>
<INIT seed="0,1,0,2,1,88" ten="290,230,240,240" oya="0" hai0="51,59,81,0,25,65,97,132,44,55,1,120,109" hai1="119,133,107,106,20,8,93,121,13,102,5,98,78" hai2="86,79,84,37,116,94,52,30,72,61,85,131,9" hai3="2,47,124,114,33,60,10,73,6,32,103,27,104"/><T49/><D120/><U57/><E119/><V42/><F116/><W3/><G114/><T117/><D117/><U23/><E121/><V40/><F131/><W69/><G73/><T34/><D132/><U118/><E118/><V21/><F37/><W75/><G75/><T96/><D109/><U67/><E133/><V28/><F72/><W50/><G124/><T22/><D34/><U122/><E122/><V134/><F134/><W111/><G111/><T24/><D24/><U80/><E107/><V130/><F130/><W58/><G69/><T87/><D0/><U112/><E112/><V56/><F79/><W63/><G2/><T95/><D1/><U16/><E106/><V46/><F9/><W113/><G63/><T100/><D97/><U26/><E23/><V115/><F115/><W128/><G128/><T4/><D4/><U35/><E35/><V92/><F21/><W17/><G104/><T110/><D110/><U83/><E78/><V62/><F62/><AGARI ba="1,0" hai="5,8,13,16,20,26,57,62,67,80,83,93,98,102" machi="62" ten="40,5200,0" yaku="8,1,52,1,54,1" doraHai="88" who="1" fromWho="2" sc="290,0,230,55,240,-55,240,0" />
</Scene>
<Scene>
<INIT seed="1,0,0,3,1,12" ten="290,285,185,240" oya="1" hai0="24,14,128,121,132,29,99,28,74,78,39,5,93" hai1="42,20,60,90,130,64,36,135,80,69,107,113,67" hai2="22,97,108,56,82,76,101,17,43,47,55,0,92" hai3="40,52,131,3,8,96,91,129,46,53,117,126,25"/><U41/><E107/><V84/><F108/><W62/><G126/><T26/><D39/><U100/><E100/><V110/><F110/><W7/><G117/><T118/><D118/><U61/><E90/><V109/><F0/><W72/><G72/><T57/><D132/><U106/><E106/><V19/><F109/><W70/><G25/><T48/><D78/><U111/><E111/><V87/><F22/><W119/><G119/><T71/><D71/><U54/><E80/><V134/><F134/><W21/><G21/><T120/><D74/><U104/><E104/><V30/><F30/><N who="0" m="11882" /><D128/><N who="3" m="49225" /><G70/><T124/><D124/><U23/><E130/><V27/><F27/><W1/><G62/><T86/><D86/><U68/><E135/><V15/><F15/><W123/><G1/><T94/><D94/><U81/><E81/><V102/><F102/><W133/><G123/><T79/><D79/><U32/><E36/><V125/><F125/><W33/><G33/><T2/><D2/><U115/><REACH who="1" step="1"/><E54/><REACH who="1" ten="290,275,185,240" step="2"/><V9/><F82/><W122/><G133/><T127/><D127/><U103/><E103/><V35/><F101/><W116/><G116/><T45/><D93/><U13/><E13/><V50/><F92/><N who="3" m="56351" /><G122/><T34/><D121/><U95/><E95/><V59/><F76/><W37/><AGARI ba="0,1" hai="3,7,8,37,40,46,52,53" m="56351,49225" machi="37" ten="30,2000,0" yaku="19,1,54,1" doraHai="12" who="3" fromWho="3" sc="290,-5,275,-10,185,-5,240,30" />
</Scene>
<Scene>
<INIT seed="2,0,0,5,5,12" ten="285,265,180,270" oya="2" hai0="123,83,90,120,134,86,11,46,76,8,32,113,75" hai1="35,82,6,40,108,10,42,117,78,0,17,53,45" hai2="114,28,70,119,68,85,110,111,79,19,88,21,54" hai3="91,87,18,67,14,128,61,20,71,106,77,25,102"/><V72/><F114/><W96/><G128/><T95/><D32/><U5/><E108/><N who="2" m="41515" /><F119/><W23/><G77/><T15/><D113/><U89/><E35/><V118/><F118/><W94/><REACH who="3" step="1"/><G25/><REACH who="3" ten="285,265,180,260" step="2"/><T133/><D123/><U30/><E78/><V3/><F28/><W99/><G99/><T58/><D120/><U26/><E117/><V100/><F79/><W59/><G59/><T84/><D58/><U38/><E30/><V69/><F72/><W9/><AGARI ba="0,1" hai="9,14,18,20,23,61,67,71,87,91,94,96,102,106" machi="9" ten="20,8000,1" yaku="1,1,0,1,7,1,52,1,53,1" doraHai="12" doraHaiUra="56" who="3" fromWho="3" sc="285,-20,265,-20,180,-40,260,90" />
</Scene>
<Scene>
<INIT seed="3,0,0,4,0,1" ten="265,245,140,350" oya="3" hai0="103,129,121,19,77,12,118,34,109,80,108,89,6" hai1="63,61,15,56,101,130,26,29,115,62,116,128,124" hai2="131,84,7,8,37,25,43,105,13,68,57,113,27" hai3="94,46,44,93,92,32,104,14,36,120,81,86,85"/><W28/><G104/><T90/><D121/><U88/><E101/><V11/><F68/><W64/><G120/><T38/><D118/><U51/><E115/><V76/><F113/><W98/><G64/><T66/><D34/><U119/><E124/><V107/><F131/><N who="1" m="50217" /><E15/><V135/><F135/><W110/><G32/><T75/><D129/><U73/><E73/><V31/><F57/><W59/><G28/><T65/><D38/><U16/><E29/><V22/><F25/><W126/><G126/><T133/><D133/><U41/><E41/><V17/><F43/><W24/><G24/><T35/><D35/><U33/><E33/><V72/><F72/><W71/><G71/><T9/><D103/><U5/><E51/><V40/><F76/><W10/><G36/><T2/><D90/><U127/><E56/><V91/><F40/><W67/><G98/><T111/><REACH who="0" step="1"/><D89/><REACH who="0" ten="255,245,140,350" step="2"/><U55/><E127/><V106/><F37/><W42/><G42/><T117/><D117/><U54/><E88/><V50/><F50/><W49/><G49/><T0/><D0/><U30/><E119/><V52/><F91/><W102/><G102/><T45/><D45/><U87/><E116/><V4/><F105/><W21/><G46/><T82/><D82/><U47/><E47/><V23/><F106/><W48/><G81/><T53/><D53/><U60/><E54/><V78/><F52/><W79/><G44/><T134/><D134/><U39/><E55/><V99/><F107/><W125/><G125/><T123/><D123/><U69/><N who="1" m="15360" /><DORA hai="18" /><U83/><E39/><V96/><F99/><RYUUKYOKU ba="0,1" sc="255,30,245,-10,140,-10,350,-10" hai0="2,6,9,12,19,65,66,75,77,80,108,109,111" />
</Scene>
<Scene>
<INIT seed="4,1,1,1,3,24" ten="285,235,130,340" oya="0" hai0="27,72,99,135,54,34,35,105,7,63,36,62,125" hai1="112,31,3,64,70,43,42,46,49,104,23,14,130" hai2="13,37,18,50,118,128,57,39,45,53,75,89,120" hai3="87,74,97,28,1,73,117,17,68,22,82,132,103"/><T108/><D36/><U60/><E3/><V110/><F110/><W86/><G68/><T0/><D54/><U96/><E130/><V114/><F120/><W83/><G1/><T2/><D108/><U92/><E104/><V16/><F75/><W77/><G117/><T78/><D63/><U6/><E112/><V32/><F114/><W51/><G132/><T56/><D56/><U61/><E61/><V109/><F109/><W25/><G51/><T95/><D62/><U116/><E116/><V80/><F118/><W71/><G71/><T9/><D2/><U29/><E43/><V115/><F115/><W69/><G69/><T124/><D135/><U67/><E23/><V59/><F32/><W134/><G17/><T127/><D27/><U20/><E20/><V58/><F18/><W5/><G5/><T26/><D26/><U88/><REACH who="1" step="1"/><E67/><REACH who="1" ten="285,225,130,340" step="2"/><V129/><F128/><W106/><G134/><T52/><D105/><U100/><E100/><V12/><F129/><W93/><G106/><T133/><D133/><U66/><E66/><V8/><REACH who="2" step="1"/><F12/><REACH who="2" ten="285,225,120,340" step="2"/><W119/><G119/><T55/><D34/><U10/><AGARI ba="1,3" hai="6,10,14,29,31,42,46,49,60,64,70,88,92,96" machi="10" ten="30,12000,2" yaku="1,1,0,1,52,2,54,1,53,1" doraHai="24" doraHaiUra="90" who="1" fromWho="1" sc="285,-61,225,153,120,-31,340,-31" />
</Scene>
<Scene>
<INIT seed="5,0,0,0,3,133" ten="224,378,89,309" oya="1" hai0="49,16,9,135,35,92,17,107,68,34,39,105,43" hai1="99,126,84,129,18,81,2,12,80,27,3,69,103" hai2="71,76,96,115,53,23,98,54,48,57,89,134,104" hai3="128,62,47,21,5,56,114,13,123,77,106,110,52"/><U112/><E69/><V40/><F71/><W26/><G110/><T70/><D39/><U97/><E27/><V101/><F134/><W19/><G106/><T8/><D92/><U66/><E66/><V79/><F40/><W127/><G123/><T31/><D31/><U65/><E65/><V78/><F115/><W30/><G114/><T41/><D49/><U46/><E12/><V85/><F104/><W4/><G128/><T10/><D10/><U73/><E84/><V131/><F101/><W95/><G127/><T64/><D64/><U83/><E126/><V100/><F100/><W37/><G77/><T63/><D63/><U24/><E103/><V45/><F23/><W90/><G47/><T6/><D135/><U75/><E46/><V0/><F0/><W50/><G62/><T72/><D72/><U55/><E55/><V116/><F116/><W91/><G37/><T25/><D25/><U132/><E132/><V67/><F67/><W88/><REACH who="3" step="1"/><G95/><REACH who="3" ten="224,378,89,299" step="2"/><T120/><D120/><U59/><E129/><V130/><F131/><W74/><G74/><T82/><D107/><U102/><E112/><V121/><F130/><W124/><G124/><T1/><D105/><U7/><E73/><V60/><REACH who="2" step="1"/><F121/><REACH who="2" ten="224,378,79,299" step="2"/><W113/><G113/><T33/><D70/><U108/><E108/><V29/><F29/><W51/><G51/><T14/><D68/><U86/><E75/><V117/><F117/><W119/><G119/><T44/><D43/><U109/><E109/><V122/><F122/><W32/><AGARI ba="0,2" hai="4,5,13,19,21,26,30,32,50,52,56,88,90,91" machi="32" ten="30,7900,0" yaku="1,1,0,1,54,2,53,0" doraHai="133" doraHaiUra="111" who="3" fromWho="3" sc="224,-20,378,-39,79,-20,299,99" />
</Scene>
<Scene>
<INIT seed="6,0,0,2,5,23" ten="204,339,59,398" oya="2" hai0="52,92,13,108,119,28,68,83,62,105,130,122,39" hai1="76,54,110,98,84,88,43,95,71,129,56,55,61" hai2="41,57,53,42,104,22,112,27,19,128,118,100,31" hai3="0,59,131,132,6,8,45,35,121,87,93,66,21"/><V24/><F118/><W16/><G121/><T20/><D105/><U82/><E129/><V1/><F1/><W44/><G35/><T60/><D39/><U113/><E113/><V111/><F112/><W47/><G131/><T126/><D108/><U51/><E110/><V11/><F128/><W38/><G132/><T127/><D130/><U50/><E71/><V65/><F111/><W7/><G38/><T115/><D115/><U2/><E2/><V3/><F65/><W86/><G7/><T134/><D122/><U97/><E43/><V135/><F135/><W74/><G74/><T37/><D37/><U15/><E15/><V124/><F124/><W58/><G58/><T80/><D134/><U107/><E107/><V10/><F100/><W114/><G114/><T12/><D92/><U9/><E9/><N who="2" m="3083" /><F3/><W72/><G72/><T63/><D68/><U133/><E133/><V4/><F4/><W25/><REACH who="3" step="1"/><G93/><REACH who="3" ten="204,339,59,388" step="2"/><T91/><D127/><U81/><E61/><AGARI ba="0,1" hai="0,6,8,16,21,25,44,45,47,59,61,66,86,87" machi="61" ten="40,8000,1" yaku="1,1,2,1,52,1,54,1,53,0" doraHai="23" doraHaiUra="102" who="3" fromWho="1" sc="204,0,339,-80,59,0,388,90" />
</Scene>
<Scene>
<INIT seed="7,0,0,4,1,7" ten="204,259,59,478" oya="3" hai0="115,113,66,20,49,98,67,55,75,93,56,11,41" hai1="102,122,80,72,81,92,52,23,109,79,68,10,125" hai2="78,101,110,99,28,103,82,69,54,123,36,76,3" hai3="38,65,134,62,17,64,51,30,60,25,0,114,77"/><W126/><G0/><T129/><D75/><U127/><E68/><V87/><F36/><W50/><G17/><T131/><D20/><U90/><E23/><V132/><F69/><W15/><G15/><T94/><D94/><U86/><E10/><V104/><F28/><W95/><G95/><T108/><D108/><U59/><E122/><V14/><F3/><W33/><G77/><T46/><D11/><U71/><E71/><V48/><F110/><W6/><G51/><N who="0" m="27087" /><D93/><U40/><E40/><V9/><F123/><W5/><G60/><T31/><D98/><U91/><E109/><V130/><F130/><N who="0" m="49674" /><D31/><U116/><E102/><V21/><F21/><W119/><G50/><T2/><D2/><U1/><E1/><V8/><F132/><W73/><G65/><AGARI ba="0,0" hai="49,55,56,65,66,67,113,115" m="49674,27087" machi="65" ten="30,3900,0" yaku="19,1,34,2" doraHai="7" who="0" fromWho="3" sc="204,39,259,0,59,0,478,-39" owari="243,-16.0,259,6.0,59,-44.0,439,54.0" />
</Scene>
</mjloggm>