<mjloggm ver="2.3"><GO type="169" lobby="0"/><UN n0="%E8%A5%BF%E5%9E%A3%E8%AA%A0%E4%B8%80" n1="%E3%81%B3%E3%81%A3%E3%81%8F%E3%82%8B" n2="%E5%A4%AA%E3%81%8F%E3%81%AA%E3%81%84%E3%81%8A" n3="%E3%82%8A%E3%82%81%E3%82%8D" dan="16,16,18,16" rate="2157.45,2128.45,2231.45,2095.12" sx="M,F,F,M"/><TAIKYOKU oya="0"/>

<Scene>
<INIT seed="0,0,0,5,1,115" ten="250,250,250,250" oya="0" hai0="14,124,126,27,119,132,122,85,110,8,113,106,10" hai1="105,89,73,87,61,109,17,133,63,108,81,75,134" hai2="67,77,48,47,53,58,51,52,128,104,46,60,135" hai3="2,41,130,68,25,123,57,38,33,120,13,66,28"/><T40/><D122/><N who="3" m="46633" /><G2/><T117/><D113/><U59/><E17/><V95/><F104/><W29/><G29/><T0/><D106/><U19/><E19/><V82/><F135/><N who="1" m="51721" /><E105/><V116/><F128/><W88/><G13/><T83/><D40/><U32/><E32/><V36/><F95/><W78/><G130/><T18/><D132/><U74/><E59/><V98/><F98/><W5/><G5/><N who="0" m="1063" /><D110/><AGARI ba="0,0" hai="61,63,73,74,75,81,87,89,108,109,110" m="51721" machi="110" ten="40,2600,0" yaku="14,1,20,1" doraHai="115" who="1" fromWho="0" sc="250,-26,250,26,250,0,250,0" />
</Scene>
<Scene>
<INIT seed="1,0,0,3,2,22" ten="224,276,250,250" oya="1" hai0="4,55,123,95,109,81,90,59,126,94,8,58,82" hai1="108,73,35,65,106,51,45,23,0,25,132,77,13" hai2="97,37,116,85,63,86,20,53,32,107,110,44,15" hai3="112,16,134,6,57,103,118,9,29,72,88,100,69"/><U76/><E0/><V130/><F32/><W133/><G69/><T96/><D109/><U74/><E106/><V14/><F116/><W40/><G112/><T34/><D126/><U28/><E132/><N who="3" m="50794" /><G72/><T19/><D34/><U5/><E108/><V105/><F53/><W66/><G118/><T39/><D39/><U60/><E73/><V50/><F20/><W83/><G40/><T135/><D123/><U31/><E74/><V18/><F18/><W61/><G29/><T113/><D113/><U122/><E122/><V70/><F63/><W46/><G46/><T80/><D135/><U71/><E5/><V33/><F97/><W102/><G16/><T67/><D67/><U89/><E89/><V56/><F14/><N who="3" m="5431" /><G103/><T119/><D119/><U64/><E64/><V129/><F70/><W27/><G27/><T78/><D19/><U43/><REACH who="1" step="1"/><E13/><REACH who="1" ten="224,266,250,250" step="2"/><V62/><F105/><W91/><G91/><T42/><D90/><U68/><E68/><V49/><F15/><W11/><G11/><T38/><D8/><U99/><E99/><V26/><F107/><W104/><G104/><T75/><D96/><U131/><E131/><V87/><F110/><W93/><G83/><T121/><D121/><U41/><E41/><N who="2" m="22575" /><F130/><W84/><AGARI ba="0,1" hai="57,61,66,84,88,93,100,102" m="5431,50794" machi="84" ten="30,2000,0" yaku="20,1,54,1" doraHai="22" who="3" fromWho="3" sc="224,-5,266,-10,250,-5,250,30" />
</Scene>
<Scene>
<INIT seed="2,0,0,5,2,131" ten="219,256,245,280" oya="2" hai0="20,113,77,83,87,120,88,103,114,57,85,108,63" hai1="70,86,102,32,123,76,127,0,130,129,84,11,26" hai2="105,74,100,7,48,97,30,34,75,35,81,17,107" hai3="92,13,1,54,29,9,91,53,6,49,46,89,22"/><V80/><F7/><W118/><G118/><T95/><D108/><U8/><E70/><V37/><F37/><W24/><G1/><T67/><D120/><U47/><E127/><V82/><F107/><W66/><G66/><T19/><REACH who="0" step="1"/><D103/><REACH who="0" ten="209,256,245,280" step="2"/><U128/><E102/><V135/><F135/><W124/><G124/><T69/><D69/><U59/><E123/><V78/><F75/><W72/><G72/><T96/><D96/><U33/><E130/><V99/><F99/><N who="3" m="57743" /><G91/><T98/><D98/><U18/><E129/><V71/><F71/><W117/><G117/><T126/><D126/><U14/><E128/><V116/><F116/><W79/><G79/><T10/><D10/><U68/><E11/><V101/><F101/><W61/><G61/><T16/><D16/><U125/><E68/><V31/><F17/><W104/><G104/><T51/><D51/><U111/><E111/><V2/><F48/><W27/><G9/><T64/><D64/><U133/><E18/><V28/><F74/><W12/><G49/><T121/><D121/><U122/><E8/><V52/><F78/><W94/><G6/><T119/><D119/><U109/><E76/><V110/><F110/><W112/><G112/><T58/><D58/><U3/><E109/><V25/><F100/><W65/><G65/><T40/><D40/><U21/><E125/><V56/><F97/><W42/><G42/><T93/><D93/><U132/><E122/><V106/><F105/><W15/><G94/><T44/><D44/><U60/><E47/><V45/><F45/><W4/><G46/><T5/><D5/><RYUUKYOKU ba="0,1" sc="209,30,256,-10,245,-10,280,-10" hai0="19,20,57,63,67,77,83,85,87,88,95,113,114" />
</Scene>
<Scene>
<INIT seed="3,1,1,1,0,110" ten="239,246,235,270" oya="3" hai0="3,58,75,56,64,14,7,25,19,73,15,35,108" hai1="1,134,24,102,31,4,105,129,59,74,52,47,91" hai2="98,53,61,101,93,76,112,32,103,36,83,126,29" hai3="120,72,42,6,109,9,135,119,2,17,122,41,54"/><W45/><G119/><T51/><D3/><U0/><E74/><V38/><F126/><W123/><G72/><T125/><D108/><U114/><E134/><V79/><F103/><W23/><G109/><T69/><D69/><U86/><E129/><V63/><F76/><W100/><G135/><T46/><D73/><U65/><E65/><V5/><F5/><W95/><G100/><T66/><D75/><U133/><E47/><V99/><F99/><W8/><G8/><N who="0" m="4383" /><D25/><U30/><E4/><V97/><F97/><W34/><G95/><T104/><D35/><U21/><E31/><V84/><F29/><W70/><G70/><T16/><D19/><U90/><E133/><V82/><F32/><W44/><G34/><T94/><D94/><U116/><E116/><V62/><F83/><W131/><G131/><T39/><D39/><U128/><E128/><V20/><F20/><W18/><G54/><N who="0" m="30071" /><D104/><U10/><E10/><V77/><F36/><W111/><G111/><T33/><D33/><U117/><E117/><V88/><F38/><W132/><G132/><T27/><D27/><U60/><E102/><V124/><F101/><W113/><G120/><T43/><D43/><U115/><E105/><V67/><F93/><W49/><G2/><T50/><D125/><U40/><E40/><V127/><F124/><W130/><G130/><T55/><D58/><U92/><E91/><V57/><F77/><W106/><G41/><T26/><D26/><U48/><E60/><V22/><F63/><W118/><G42/><T85/><D85/><U78/><E78/><V12/><F127/><RYUUKYOKU ba="1,1" sc="239,15,246,15,235,-15,270,-15" hai0="15,16,50,55,56,64,66" hai1="0,1,21,24,30,48,52,59,86,90,92,114,115" />
</Scene>
<Scene>
<INIT seed="4,2,1,1,0,30" ten="254,261,220,255" oya="0" hai0="85,55,117,53,75,16,80,5,112,14,22,62,42" hai1="128,111,57,93,2,17,76,108,67,27,31,18,94" hai2="113,43,114,100,121,6,78,66,133,4,40,8,116" hai3="71,39,135,95,41,96,118,37,83,77,120,51,68"/><T105/><D75/><U109/><E2/><V19/><F121/><W52/><G118/><T82/><D112/><N who="2" m="43114" /><F116/><W107/><G120/><T134/><D117/><U36/><E36/><V33/><F133/><W72/><G107/><T9/><D105/><U81/><E128/><V12/><F100/><W21/><G135/><T92/><D42/><N who="2" m="15914" /><F78/><W110/><G110/><T28/><D28/><U59/><E67/><V10/><F66/><W98/><G41/><T26/><D134/><U25/><E76/><V115/><N who="2" m="43122" /><V79/><DORA hai="89" /><F79/><W86/><G39/><T46/><D46/><U101/><E101/><V58/><F58/><N who="1" m="22025" /><E81/><N who="0" m="31337" /><D62/><U50/><E50/><V63/><F63/><W102/><G37/><T74/><D74/><U3/><E31/><V129/><F129/><W44/><G72/><T73/><D73/><U23/><E3/><N who="2" m="31" /><F6/><W64/><G64/><T122/><D122/><U127/><E127/><V106/><F106/><W65/><G65/><T90/><AGARI ba="2,1" hai="5,9,14,16,22,26,53,55,85,90,92" m="31337" machi="90" ten="30,6000,0" yaku="8,1,52,1,54,1" doraHai="30,89" who="0" fromWho="0" sc="254,76,261,-22,220,-22,255,-22" />
</Scene>
<Scene>
<INIT seed="4,3,0,5,0,50" ten="330,239,198,233" oya="0" hai0="118,4,26,23,135,51,53,129,48,54,132,89,16" hai1="80,97,13,102,42,93,22,131,115,59,55,87,15" hai2="91,68,66,6,17,58,45,61,49,1,88,83,116" hai3="123,104,72,130,133,69,57,3,127,44,25,109,60"/><T11/><D118/><U24/><E131/><V120/><F120/><W124/><RYUUKYOKU type="yao9" ba="3,0" sc="330,0,239,0,198,0,233,0" hai3="3,25,44,57,60,69,72,104,109,123,124,127,130,133" />
</Scene>
<Scene>
<INIT seed="4,4,0,4,4,73" ten="330,239,198,233" oya="0" hai0="105,16,11,132,25,49,50,130,36,99,125,60,20" hai1="51,102,95,12,134,5,22,76,57,78,28,29,47" hai2="110,113,59,92,54,31,94,8,62,74,37,3,61" hai3="123,126,119,33,19,21,84,81,101,39,103,4,45"/><T6/><D125/><U66/><E134/><V23/><F110/><W63/><G119/><T86/><D130/><U97/><E5/><V90/><F37/><W46/><G126/><T122/><D36/><U120/><E120/><V69/><F74/><W112/><G33/><T27/><D122/><U18/><E66/><V34/><F34/><W129/><G129/><T106/><D132/><U96/><E57/><V72/><F72/><W10/><G112/><T98/><D105/><U89/><E29/><V42/><F42/><W2/><G63/><T107/><D107/><U77/><E28/><V41/><F41/><W71/><G71/><T100/><D99/><N who="1" m="57839" /><E102/><V127/><F127/><W56/><G56/><T83/><D60/><U109/><E109/><V114/><F69/><W82/><G123/><T133/><D27/><U64/><E64/><V93/><F62/><W79/><G39/><T65/><D65/><U80/><E80/><V70/><F70/><W117/><G82/><T131/><D131/><U43/><AGARI ba="4,0" hai="12,18,22,43,47,51,76,77,78,96,97" m="57839" machi="43" ten="30,7900,0" yaku="8,1,52,3" doraHai="73" who="1" fromWho="1" sc="330,-43,239,91,198,-24,233,-24" />
</Scene>
<Scene>
<INIT seed="5,0,0,3,4,29" ten="287,330,174,209" oya="1" hai0="82,6,123,36,107,68,43,102,70,11,2,31,126" hai1="67,78,80,17,71,131,101,23,3,100,7,9,54" hai2="52,55,117,22,44,122,15,116,27,0,97,121,96" hai3="12,59,76,21,81,127,37,57,112,89,30,14,39"/><U103/><E131/><V13/><F22/><W49/><G112/><T111/><D111/><U84/><E67/><V124/><F44/><W87/><G127/><T53/><D53/><U91/><E71/><N who="0" m="27177" /><D126/><U65/><E65/><V128/><F124/><W20/><G37/><T118/><D118/><U62/><E62/><V28/><F28/><W79/><G39/><T24/><D82/><U83/><E54/><V85/><F85/><W113/><G113/><T129/><D123/><U8/><E8/><V77/><F27/><N who="3" m="16751" /><G49/><T88/><D88/><U115/><E115/><V26/><F26/><W60/><G20/><T19/><D19/><U45/><E45/><V32/><F77/><N who="3" m="29771" /><G57/><T133/><D133/><U46/><E46/><V25/><F25/><W125/><G125/><T95/><D129/><U73/><E103/><V50/><F128/><W110/><G110/><T34/><D95/><U5/><E5/><V114/><F114/><W69/><G69/><T66/><D66/><AGARI ba="0,0" hai="12,14,59,60,66,81,87,89" m="29771,16751" machi="66" ten="30,1000,0" yaku="8,1" doraHai="29" who="3" fromWho="0" sc="287,-10,330,0,174,0,209,10" />
</Scene>
<Scene>
<INIT seed="6,0,0,0,2,35" ten="277,330,174,219" oya="2" hai0="98,20,34,41,101,105,62,85,10,12,130,67,51" hai1="48,16,83,1,22,133,77,122,6,97,106,57,8" hai2="117,14,29,127,89,93,99,123,82,79,118,66,125" hai3="102,84,47,2,74,59,135,53,3,113,128,45,61"/><V19/><F29/><W4/><G74/><T132/><D34/><U87/><E133/><V24/><F24/><W15/><G102/><T104/><D130/><U92/><E122/><V27/><F27/><W70/><G135/><T65/><D105/><U134/><E106/><V64/><F123/><W120/><G120/><T55/><D41/><U23/><E134/><V37/><F37/><W116/><G116/><N who="2" m="44649" /><F14/><W9/><G128/><T72/><D72/><U121/><E121/><V95/><F19/><W111/><G111/><T0/><D85/><U17/><E23/><V63/><F63/><W40/><G113/><T58/><D132/><U73/><E73/><N who="2" m="43375" /><F66/><W91/><G70/><T11/><D0/><U110/><E110/><V46/><F46/><W114/><G114/><T44/><D65/><U80/><E57/><V31/><F31/><W88/><G91/><T13/><D20/><U30/><E48/><V115/><F64/><W124/><G124/><N who="2" m="47689" /><F95/><W39/><G47/><T69/><D44/><U129/><E129/><V109/><F115/><W5/><G4/><T50/><D50/><U7/><E7/><V18/><F18/><W56/><G59/><T108/><D108/><AGARI ba="0,0" hai="89,93,99,108,109" m="47689,43375,44649" machi="108" ten="40,7700,0" yaku="18,1,34,2" doraHai="35" who="2" fromWho="0" sc="277,-77,330,0,174,77,219,0" />
</Scene>
<Scene>
<INIT seed="6,1,0,3,4,34" ten="200,330,251,219" oya="2" hai0="92,2,49,90,31,9,15,3,108,119,24,64,68" hai1="75,42,135,46,132,52,115,48,74,4,89,59,123" hai2="51,83,99,98,44,54,129,114,47,1,71,58,93" hai3="113,18,104,86,100,105,87,22,85,120,116,107,95"/><V60/><F114/><W11/><G116/><T80/><D108/><U61/><E115/><V67/><F129/><W16/><G113/><T32/><D119/><U38/><E123/><V62/><F1/><W35/><G35/><T29/><D29/><U57/><E4/><V84/><F93/><W82/><G120/><T117/><D117/><U41/><E89/><V27/><F27/><W17/><G11/><T96/><D49/><U50/><E75/><V25/><F25/><W124/><G124/><T12/><D12/><U130/><E74/><V21/><F21/><W55/><G55/><T79/><D64/><N who="1" m="38959" /><E130/><V76/><REACH who="2" step="1"/><F47/><AGARI ba="1,0" hai="38,41,42,46,47,48,50,52,59,132,135" m="38959" machi="47" ten="30,3900,0" yaku="34,2,54,1" doraHai="34" who="1" fromWho="2" sc="200,0,330,42,251,-42,219,0" />
</Scene>
<Scene>
<INIT seed="7,0,0,4,1,38" ten="200,372,209,219" oya="3" hai0="77,105,25,135,57,43,24,42,72,115,32,41,40" hai1="4,107,134,96,10,104,111,80,20,61,75,88,87" hai2="121,82,119,37,5,64,50,12,128,93,29,92,34" hai3="2,9,45,21,46,1,55,114,71,8,59,94,98"/><W0/><G71/><T95/><N who="0" m="10240" /><DORA hai="48" /><T117/><D105/><U15/><E111/><V56/><F37/><W109/><G109/><T63/><D117/><U100/><E134/><V39/><F39/><W103/><G114/><T85/><D135/><U70/><E75/><V118/><F128/><W126/><G126/><T83/><D115/><U69/><E107/><V97/><F121/><W102/><G103/><T76/><D32/><U67/><E20/><V27/><F82/><W6/><G21/><T17/><D17/><U79/><E79/><N who="0" m="30281" /><D72/><U68/><AGARI ba="0,0" hai="4,10,15,61,67,68,69,70,80,87,88,96,100,104" machi="68" ten="20,2700,0" yaku="0,1,7,1,54,1" doraHai="38,48" who="1" fromWho="1" sc="200,-7,372,27,209,-7,219,-13" owari="193,-31.0,399,50.0,202,-20.0,206,1.0" />
</Scene>
</mjloggm>