<mjloggm ver="2.3"><GO type="169" lobby="0"/><UN n0="%E9%A7%84%E5%A6%B9" n1="%E5%A4%AA%E3%81%8F%E3%81%AA%E3%81%84%E3%81%8A" n2="%70%67%61%69%6E" n3="%E3%81%8A%E3%81%98%E3%81%95%E3%82%93" dan="16,19,16,17" rate="2073.02,2319.60,2099.14,2156.86" sx="F,F,M,M"/><TAIKYOKU oya="0"/>

<Scene>
<INIT seed="0,0,0,4,2,113" ten="250,250,250,250" oya="0" hai0="39,88,36,17,127,85,21,122,40,94,92,9,53" hai1="60,28,121,11,103,48,116,100,119,13,112,65,18" hai2="131,47,90,58,75,107,101,51,129,15,8,76,95" hai3="102,56,59,120,72,105,27,67,33,69,109,84,34"/><T135/><D122/><U1/><E121/><V99/><F58/><W50/><G72/><T29/><D127/><U7/><E112/><V89/><F76/><W62/><G120/><T125/><D125/><U83/><E28/><V43/><F75/><W23/><G109/><T130/><D130/><N who="2" m="49674" /><F107/><W124/><G124/><T91/><D40/><U25/><E25/><V134/><F134/><W52/><G59/><T108/><D135/><U0/><E83/><V126/><F126/><W114/><G114/><T128/><D108/><U14/><E48/><V96/><F96/><W64/><G64/><T46/><D29/><U5/><E65/><V111/><F111/><W6/><G6/><AGARI ba="0,0" hai="6,8,15,43,47,51,89,90,95,99,101" m="49674" machi="6" ten="30,1000,0" yaku="19,1" doraHai="113" who="2" fromWho="3" sc="250,0,250,0,250,10,250,-10" />
</Scene>
<Scene>
<INIT seed="1,0,0,1,1,99" ten="250,250,260,240" oya="1" hai0="117,76,57,30,27,100,5,49,91,86,50,72,111" hai1="22,54,127,134,131,119,133,31,7,68,106,65,35" hai2="15,98,92,21,39,45,80,38,132,59,105,89,37" hai3="42,11,25,135,2,28,40,0,41,64,32,109,61"/><U16/><E119/><V9/><F132/><N who="1" m="50793" /><E106/><V101/><F21/><W44/><G135/><T126/><D117/><U51/><E7/><V14/><F80/><W69/><G109/><T83/><D111/><U130/><E31/><V60/><F45/><W115/><G115/><T113/><D5/><U56/><E35/><V18/><F15/><W63/><G11/><T74/><D74/><U20/><E68/><V52/><REACH who="2" step="1"/><F39/><REACH who="2" ten="250,250,250,240" step="2"/><W66/><REACH who="3" step="1"/><G44/><REACH who="3" ten="250,250,250,230" step="2"/><T4/><D113/><U81/><E131/><V110/><F110/><W53/><G53/><T6/><D126/><U29/><E130/><V3/><F3/><W88/><G88/><T24/><D91/><U77/><E127/><V34/><F34/><W96/><G96/><AGARI ba="0,2" hai="9,14,18,37,38,52,59,60,89,92,96,98,101,105" machi="96" ten="30,8000,1" yaku="1,1,7,1,52,1,54,1,53,1" doraHai="99" doraHaiUra="55" who="2" fromWho="3" sc="250,0,250,0,250,100,230,-80" />
</Scene>
<Scene>
<INIT seed="2,0,0,3,2,135" ten="250,250,350,150" oya="2" hai0="53,59,22,78,66,134,31,61,13,69,121,52,17" hai1="74,11,105,64,112,113,23,122,101,115,18,14,55" hai2="7,1,123,82,20,58,104,98,88,77,26,45,89" hai3="25,29,81,71,127,43,114,12,6,124,100,24,83"/><V125/><F125/><N who="3" m="48203" /><G71/><T62/><D134/><U103/><E74/><V99/><F123/><W75/><G114/><T39/><D39/><U126/><E64/><V60/><F45/><W50/><G100/><T111/><D111/><U30/><E126/><V65/><F7/><W96/><G96/><T131/><D131/><U21/><E122/><V120/><F120/><W5/><G75/><T90/><D78/><U0/><E105/><V3/><F99/><W108/><G108/><T133/><D133/><U38/><E101/><V44/><F44/><N who="3" m="25887" /><G25/><T130/><D121/><U117/><E103/><V109/><F26/><W68/><G68/><T97/><D97/><U41/><E115/><V32/><F104/><W57/><G57/><T15/><D69/><U72/><E72/><V95/><F58/><W10/><G5/><T116/><D59/><U87/><E112/><V118/><F98/><W76/><G76/><T110/><D110/><U67/><E113/><V28/><F77/><W85/><G85/><T119/><D130/><U49/><E87/><V102/><F109/><W73/><G73/><T35/><D90/><U47/><E47/><V128/><F88/><W36/><G36/><T19/><D119/><U129/><E38/><V42/><F118/><W51/><G51/><T91/><D116/><U70/><E49/><V86/><F89/><W63/><G63/><T93/><D61/><U107/><E70/><V56/><F60/><W54/><G54/><T106/><D62/><U92/><E55/><V8/><F128/><W94/><G94/><T4/><D53/><U46/><E117/><RYUUKYOKU ba="0,0" sc="250,-10,250,-10,350,-10,150,30" hai3="6,10,12,24,29,81,83" />
</Scene>
<Scene>
<INIT seed="3,1,0,5,4,22" ten="240,240,340,180" oya="3" hai0="103,102,118,124,59,100,125,122,75,98,4,31,99" hai1="82,77,123,104,121,109,61,0,83,107,62,91,58" hai2="42,68,38,127,64,51,135,108,70,84,113,110,11" hai3="49,67,88,119,54,5,71,35,6,101,17,80,33"/><W65/><G119/><T30/><D118/><U81/><E0/><V26/><F113/><W114/><G114/><T7/><D59/><U47/><E47/><V9/><F38/><W72/><G101/><T90/><D90/><U94/><E58/><V126/><F135/><W45/><G35/><T63/><D63/><U36/><E36/><V57/><F84/><N who="3" m="50183" /><G33/><T131/><D75/><U10/><E10/><V97/><F110/><W116/><G72/><T19/><D19/><U21/><E21/><V117/><F108/><W14/><G71/><T60/><D60/><U53/><E53/><V74/><F64/><N who="3" m="24651" /><G116/><T86/><D122/><U29/><E109/><V18/><F74/><W40/><G40/><T25/><D103/><U112/><E112/><V76/><F42/><W16/><G17/><T93/><D93/><U134/><E104/><V48/><F70/><W24/><G24/><T95/><D95/><U69/><E107/><V55/><F26/><W52/><G54/><T2/><D25/><U50/><E69/><V32/><F55/><W132/><G132/><T46/><D2/><U92/><E134/><V120/><F18/><W44/><G44/><T130/><D86/><U129/><E123/><V43/><F120/><W37/><G37/><T96/><D96/><U15/><E121/><V105/><F105/><W20/><AGARI ba="1,0" hai="5,6,14,16,20,45,49,52" m="24651,50183" machi="20" ten="30,11700,0" yaku="8,1,54,3" doraHai="22" who="3" fromWho="3" sc="240,-40,240,-40,340,-40,180,120" />
</Scene>
<Scene>
<INIT seed="3,2,0,0,5,6" ten="200,200,300,300" oya="3" hai0="39,119,100,104,126,52,18,81,122,79,59,77,4" hai1="128,23,22,51,2,56,96,89,50,93,112,40,86" hai2="14,5,17,20,85,67,58,1,61,65,12,35,118" hai3="54,103,41,66,32,71,44,46,33,38,48,109,69"/><W21/><G109/><T94/><D119/><U99/><E112/><V8/><F118/><W30/><G21/><N who="1" m="7690" /><E2/><V95/><F35/><W13/><G13/><T76/><D104/><U107/><E107/><V92/><F1/><W73/><G73/><T91/><D39/><U49/><E128/><V105/><F105/><W117/><G117/><T15/><D4/><U108/><E108/><V37/><F37/><W43/><G103/><T124/><D100/><N who="1" m="60431" /><E99/><V98/><F85/><W115/><G115/><T53/><D122/><U3/><E3/><V62/><REACH who="2" step="1"/><F98/><REACH who="2" ten="200,200,290,300" step="2"/><W101/><G33/><T72/><D124/><U113/><E113/><V63/><F63/><W25/><G101/><T36/><D36/><U31/><E86/><V90/><F90/><W7/><G38/><T19/><D126/><U68/><E89/><V70/><AGARI ba="2,1" hai="5,8,12,14,17,20,58,61,62,65,67,70,92,95" machi="70" ten="20,5200,0" yaku="1,1,0,1,7,1,52,1,53,0" doraHai="6" doraHaiUra="123" who="2" fromWho="2" sc="200,-15,200,-15,290,68,300,-28" />
</Scene>
<Scene>
<INIT seed="4,0,0,5,4,33" ten="185,185,358,272" oya="0" hai0="114,117,34,130,121,80,38,31,70,99,1,67,113" hai1="131,97,60,8,11,50,16,35,9,22,4,108,74" hai2="23,45,69,88,90,134,68,52,95,77,112,107,78" hai3="43,63,85,100,111,98,75,96,94,79,3,129,87"/><T127/><RYUUKYOKU type="yao9" ba="0,0" sc="185,0,185,0,358,0,272,0" hai0="1,31,34,38,67,70,80,99,113,114,117,121,127,130" />
</Scene>
<Scene>
<INIT seed="4,1,0,4,1,61" ten="185,185,358,272" oya="0" hai0="42,116,31,97,109,93,117,49,115,4,33,66,82" hai1="1,129,12,98,104,86,65,70,23,107,32,52,83" hai2="135,87,127,35,3,92,71,51,72,128,85,69,88" hai3="63,106,94,34,20,118,119,19,123,18,101,75,44"/><T38/><D38/><U15/><E1/><V126/><F72/><W103/><G75/><T45/><D4/><U6/><E32/><V114/><F35/><W59/><G34/><T132/><D115/><U99/><E129/><V112/><F3/><W111/><G106/><T95/><D95/><U96/><E70/><N who="2" m="26635" /><F128/><W39/><G111/><T28/><D109/><U131/><E131/><V7/><F7/><W8/><G123/><T89/><D132/><U27/><E107/><V105/><F105/><W84/><G44/><T133/><D133/><U17/><E104/><V25/><F135/><W91/><G39/><T55/><D66/><U9/><E65/><V110/><F110/><W21/><G8/><T78/><D55/><U100/><E100/><N who="3" m="38474" /><G119/><T64/><D64/><U2/><REACH who="1" step="1"/><E52/><REACH who="1" ten="185,175,358,272" step="2"/><V56/><F114/><W58/><G118/><T16/><D33/><U76/><AGARI ba="1,1" hai="2,6,9,12,15,17,23,27,76,83,86,96,98,99" machi="76" ten="30,4000,0" yaku="1,1,2,1,0,1,53,0" doraHai="61" doraHaiUra="24" who="1" fromWho="1" sc="185,-21,175,53,358,-11,272,-11" />
</Scene>
<Scene>
<INIT seed="5,0,0,0,2,127" ten="164,228,347,261" oya="1" hai0="75,35,72,24,44,105,94,82,92,39,102,13,15" hai1="64,125,43,118,33,61,56,109,4,54,86,45,69" hai2="36,99,58,116,97,40,81,131,21,133,114,26,85" hai3="88,42,52,47,74,0,41,89,78,111,108,6,101"/><U55/><E33/><V63/><F133/><W90/><G101/><T38/><D102/><U16/><E4/><V5/><F114/><W135/><G135/><T12/><D82/><U134/><E134/><V83/><F83/><N who="3" m="45527" /><G42/><T32/><D24/><U57/><E118/><V128/><F5/><W129/><G52/><N who="1" m="20010" /><E86/><V2/><F2/><W73/><G129/><N who="2" m="49737" /><F116/><W124/><G73/><N who="0" m="28235" /><D44/><U62/><E16/><N who="2" m="12583" /><F36/><N who="0" m="13866" /><D105/><U53/><E125/><V29/><F29/><W123/><G124/><T7/><D7/><U49/><E109/><V110/><F110/><W17/><G6/><T132/><D132/><U77/><E77/><N who="2" m="46255" /><F40/><W106/><G41/><T30/><D30/><U8/><E8/><V68/><F68/><AGARI ba="0,0" hai="43,45,49,53,56,57,61,62,64,68,69" m="20010" machi="68" ten="30,18000,2" yaku="35,5,54,1" doraHai="127" who="1" fromWho="2" sc="164,0,228,180,347,-180,261,0" />
</Scene>
<Scene>
<INIT seed="5,1,0,2,5,107" ten="164,408,167,261" oya="1" hai0="30,105,58,131,110,57,4,34,6,82,5,17,40" hai1="70,132,104,8,116,51,53,95,86,28,50,9,29" hai2="71,56,99,123,32,134,15,63,122,12,101,73,113" hai3="48,41,90,54,80,92,52,33,43,111,87,24,114"/><U2/><E104/><V89/><F71/><W44/><G111/><T84/><D105/><U16/><E70/><V133/><F32/><W20/><G114/><T55/><D110/><U60/><E116/><V1/><F1/><W47/><G33/><T102/><D40/><U26/><E132/><N who="2" m="50795" /><F89/><W74/><G74/><T81/><D102/><U106/><E106/><N who="2" m="63807" /><F113/><W59/><G80/><T103/><D103/><U38/><E38/><V27/><F27/><W36/><REACH who="3" step="1"/><G59/><REACH who="3" ten="164,408,167,251" step="2"/><T85/><D34/><U7/><E2/><V21/><F73/><W62/><G62/><T39/><D58/><U100/><E60/><V25/><F56/><W65/><G65/><T22/><D57/><U10/><E95/><V109/><F109/><W120/><G120/><N who="2" m="46121" /><F63/><W97/><G97/><T127/><D81/><U3/><E3/><V94/><F94/><W93/><G93/><T91/><D82/><U35/><E35/><V135/><F135/><W46/><G46/><T49/><D84/><U79/><E86/><V76/><F76/><W45/><G45/><T115/><D85/><U14/><E79/><V125/><F125/><W64/><G64/><T18/><D127/><U68/><E68/><V118/><F118/><W13/><G13/><T119/><D119/><U112/><E112/><V61/><F61/><W98/><G98/><T108/><D115/><U117/><E117/><V19/><AGARI ba="1,1" hai="12,15,19,21,25" m="46121,63807,50795" machi="19" ten="30,1100,0" yaku="20,1" doraHai="107" who="2" fromWho="2" sc="164,-4,408,-6,167,24,251,-4" />
</Scene>
<Scene>
<INIT seed="6,0,0,4,5,48" ten="160,402,191,247" oya="2" hai0="89,122,25,132,128,91,105,110,31,101,27,1,133" hai1="21,83,121,86,45,73,54,19,71,125,70,97,18" hai2="52,74,119,53,14,67,90,39,34,99,43,56,124" hai3="17,29,112,23,87,114,40,69,120,28,135,0,30"/><V64/><F119/><W98/><G69/><T123/><D1/><U2/><E2/><V77/><F34/><W76/><G120/><T84/><D31/><U115/><E73/><V80/><F39/><W59/><G0/><T22/><D22/><U126/><E121/><N who="0" m="46089" /><D25/><N who="1" m="14519" /><E115/><N who="3" m="44074" /><G135/><N who="0" m="51787" /><D27/><U131/><E131/><V51/><F43/><W24/><G40/><T38/><D38/><U6/><E6/><V66/><F124/><N who="1" m="47721" /><E97/><V41/><F14/><W95/><G59/><T102/><D128/><U117/><E19/><V49/><F41/><W108/><G108/><T109/><D105/><U116/><E70/><V129/><F129/><W93/><G17/><T81/><D91/><N who="1" m="51679" /><E71/><V62/><F67/><W50/><G30/><T10/><D10/><U58/><E45/><V107/><F90/><W96/><G29/><T42/><D42/><U65/><E65/><V8/><F8/><W11/><G11/><T104/><D104/><U26/><E26/><V118/><F66/><W106/><G28/><T94/><D94/><U92/><E92/><V47/><F64/><W33/><G24/><T127/><D127/><U5/><E5/><V63/><F47/><W57/><G93/><T85/><D85/><U35/><E35/><V130/><F130/><W37/><G95/><T55/><D55/><U134/><E134/><V20/><F20/><W103/><G37/><T72/><D72/><U44/><E117/><V100/><F118/><W32/><G32/><T16/><D16/><U113/><E116/><V13/><F13/><W61/><G33/><T60/><D60/><N who="1" m="35927" /><E113/><V36/><F36/><W15/><G106/><RYUUKYOKU ba="0,0" sc="160,10,402,10,191,10,247,-30" hai0="81,84,89,101,102,109,110" hai1="44" hai2="49,51,52,53,56,62,63,74,77,80,99,100,107" />
</Scene>
<Scene>
<INIT seed="6,1,0,3,0,53" ten="170,412,201,217" oya="2" hai0="5,128,28,121,56,130,34,46,35,31,62,129,63" hai1="0,122,64,10,135,33,105,8,71,124,6,68,57" hai2="80,37,90,49,76,61,12,93,81,96,94,32,69" hai3="1,100,109,23,47,83,85,7,2,15,95,125,131"/><V115/><F37/><W72/><G109/><T78/><D121/><U44/><E105/><V67/><F32/><N who="0" m="12330" /><D63/><N who="1" m="37999" /><E33/><V87/><F115/><W98/><G125/><T73/><D5/><N who="1" m="1063" /><E44/><V114/><F114/><W134/><G131/><N who="0" m="33539" /><T99/><DORA hai="48" /><D46/><U118/><E118/><V133/><F133/><W43/><G134/><T66/><D99/><U25/><E25/><V24/><F24/><W55/><G72/><T20/><D20/><U16/><E6/><V29/><F29/><W45/><G45/><T9/><D9/><U91/><E10/><V14/><F49/><W113/><G113/><T4/><D4/><U123/><E135/><V116/><F116/><W54/><G1/><T11/><D11/><U38/><E38/><V106/><F106/><W39/><G2/><T27/><D27/><U82/><E124/><V132/><F132/><W70/><G70/><T110/><D110/><U26/><E26/><V97/><REACH who="2" step="1"/><F81/><AGARI ba="1,0" hai="28,31,56,62,66,73,78,81" m="33539,12330" machi="81" ten="50,3200,0" yaku="19,1,52,1" doraHai="53,48" who="0" fromWho="2" sc="170,35,412,0,201,-35,217,0" />
</Scene>
<Scene>
<INIT seed="7,0,0,5,1,89" ten="205,412,166,217" oya="3" hai0="21,109,95,91,63,20,30,125,101,18,22,52,50" hai1="9,77,6,105,107,7,122,59,92,78,34,64,0" hai2="19,98,129,70,65,79,4,11,5,102,26,1,36" hai3="80,117,74,68,15,12,16,99,73,86,127,48,24"/><W72/><G117/><T31/><D109/><U118/><E34/><V17/><F129/><W40/><G68/><T53/><D125/><U116/><E122/><V76/><F36/><W60/><G127/><T28/><D101/><U132/><E132/><V47/><F5/><W124/><G124/><T134/><D63/><N who="1" m="38015" /><E7/><V112/><F112/><W56/><G99/><N who="0" m="57855" /><D134/><U14/><E14/><V114/><F114/><W45/><G24/><N who="0" m="14359" /><D52/><U42/><E42/><V10/><F47/><AGARI ba="0,0" hai="21,22,28,30,31,47,50,53" m="14359,57855" machi="47" ten="30,2000,0" yaku="8,1,52,1" doraHai="89" who="0" fromWho="2" sc="205,20,412,0,166,-20,217,0" owari="225,3.0,412,50.0,146,-35.0,217,-18.0" />
</Scene>
</mjloggm>