<mjloggm ver="2.3"><GO type="169" lobby="0"/><UN n0="%E5%A4%AA%E3%81%8F%E3%81%AA%E3%81%84%E3%81%8A" n1="%E8%87%AA%E7%A7%B0%E6%9C%80%E5%BC%B7%E9%9B%80%E5%A3%AB%EF%BC%93" n2="%E3%82%8A%E3%82%81%E3%82%8D" n3="%E3%81%84%E3%81%97%E3%82%82%E3%82%8A" dan="19,16,16,16" rate="2322.99,2125.22,2156.69,2114.81" sx="F,M,M,M"/><TAIKYOKU oya="0"/>

<Scene>
<INIT seed="0,0,0,0,3,75" ten="250,250,250,250" oya="0" hai0="26,105,67,3,35,108,24,53,87,4,15,81,49" hai1="85,32,74,2,20,90,31,17,100,73,113,91,88" hai2="8,65,13,82,97,47,77,95,6,111,119,46,45" hai3="131,125,29,51,48,7,25,37,126,1,44,78,55"/><T64/><D105/><U103/><E2/><V96/><F111/><W83/><G131/><T93/><D3/><U30/><E113/><V118/><F65/><N who="0" m="25162" /><D35/><U80/><E32/><V68/><F68/><W133/><G133/><T40/><D40/><U89/><E73/><V19/><F19/><W121/><G121/><T36/><D36/><U71/><E74/><N who="2" m="43319" /><F95/><W66/><G66/><T28/><D93/><U99/><E71/><V10/><F10/><W134/><G134/><T11/><D28/><N who="1" m="10795" /><E99/><V76/><F76/><W114/><G114/><T52/><D108/><U63/><E63/><V61/><F61/><W130/><G130/><T38/><D38/><U104/><E104/><V135/><F135/><W72/><G51/><T109/><D109/><U39/><E39/><V41/><F41/><W94/><G37/><T14/><D14/><AGARI ba="0,0" hai="14,17,20,80,85,88,89,90,91,100,103" m="10795" machi="14" ten="30,2000,0" yaku="8,1,54,1" doraHai="75" who="1" fromWho="0" sc="250,-20,250,20,250,0,250,0" />
</Scene>
<Scene>
<INIT seed="1,0,0,2,1,63" ten="230,270,250,250" oya="1" hai0="10,119,32,77,134,110,109,72,87,69,104,34,89" hai1="85,4,61,74,123,40,98,84,29,133,0,24,15" hai2="8,97,55,131,54,121,47,23,81,39,101,122,25" hai3="68,62,9,65,105,132,71,14,46,20,26,129,60"/><U94/><E74/><V80/><F131/><W83/><G129/><T82/><D119/><U44/><E123/><V13/><F39/><W124/><G124/><T41/><D69/><U53/><E0/><V128/><F128/><W106/><G132/><T135/><D41/><U107/><E107/><V125/><F125/><W73/><G46/><T113/><D10/><U58/><E133/><N who="0" m="50697" /><D113/><U12/><E12/><V95/><F121/><W50/><G50/><T93/><D104/><U111/><E111/><AGARI ba="0,0" hai="32,34,72,77,82,87,89,93,109,110,111" m="50697" machi="111" ten="30,2000,0" yaku="14,1,20,1" doraHai="63" who="0" fromWho="1" sc="230,20,270,-20,250,0,250,0" />
</Scene>
<Scene>
<INIT seed="2,0,0,5,0,10" ten="250,250,250,250" oya="2" hai0="30,59,119,11,84,121,19,51,53,56,130,1,5" hai1="45,79,15,58,105,72,66,20,21,71,87,55,52" hai2="9,116,44,16,28,61,117,101,126,31,7,33,99" hai3="62,29,89,18,113,102,124,74,106,13,114,83,57"/><V104/><F126/><W68/><G68/><T63/><D121/><U0/><E0/><V41/><F61/><W36/><G36/><T112/><D112/><N who="3" m="43113" /><G124/><T48/><D130/><U110/><E72/><V95/><F104/><W125/><G125/><T131/><D131/><U12/><E71/><V80/><F80/><W85/><G29/><T78/><D119/><U49/><E105/><V132/><F132/><W2/><G2/><T40/><D30/><U42/><E66/><V133/><F133/><W97/><G74/><T88/><D78/><U98/><E98/><V32/><F31/><W90/><G90/><T107/><D107/><U6/><E6/><V109/><F109/><W118/><G118/><T23/><D40/><U82/><E110/><V27/><F32/><W86/><G86/><T67/><D56/><U26/><E55/><V65/><F65/><N who="3" m="39119" /><G18/><T8/><D67/><U129/><E129/><V91/><F16/><W39/><G39/><T60/><D51/><N who="1" m="27063" /><E21/><V24/><F91/><W115/><G115/><T77/><D77/><U17/><AGARI ba="0,0" hai="12,15,17,20,26,49,52,58,79,82,87" m="27063" machi="17" ten="30,7900,0" yaku="8,1,52,2,54,1" doraHai="10" who="1" fromWho="1" sc="250,-20,250,79,250,-39,250,-20" />
</Scene>
<Scene>
<INIT seed="3,0,0,0,4,67" ten="230,329,211,230" oya="3" hai0="99,44,81,43,28,106,46,109,27,101,30,4,103" hai1="23,65,128,126,90,35,22,96,42,117,92,31,8" hai2="79,54,88,32,69,61,114,37,72,86,89,80,82" hai3="66,135,52,14,33,132,17,47,10,18,113,26,59"/><W120/><G120/><T115/><D109/><U83/><E42/><V34/><F37/><W25/><G113/><T123/><D123/><U77/><E128/><V73/><F114/><W50/><G18/><T75/><D115/><U3/><E126/><V63/><F54/><W121/><G121/><T127/><D127/><U11/><E35/><V19/><F19/><W13/><G13/><T5/><D103/><U41/><E41/><V16/><F16/><W53/><G66/><T56/><D56/><U29/><E117/><V51/><F51/><N who="3" m="31167" /><G33/><T78/><D46/><U107/><E107/><V62/><F69/><W93/><G93/><T100/><D100/><U6/><E11/><V7/><F7/><W87/><G87/><T49/><D30/><U20/><REACH who="1" step="1"/><E65/><REACH who="1" ten="230,319,211,230" step="2"/><V105/><F105/><W36/><G36/><T55/><D43/><U70/><E70/><V119/><F119/><W48/><G48/><T24/><D24/><U95/><E95/><V116/><F116/><W134/><AGARI ba="0,1" hai="10,14,17,25,26,47,50,52,132,134,135" m="31167" machi="134" ten="30,3000,0" yaku="20,1,54,1" doraHai="67" who="3" fromWho="3" sc="230,-10,319,-10,211,-10,230,40" />
</Scene>
<Scene>
<INIT seed="3,1,0,0,0,40" ten="220,309,201,270" oya="3" hai0="81,96,41,95,127,67,119,88,31,32,21,71,42" hai1="54,28,106,89,117,108,46,98,44,84,111,15,22" hai2="60,132,99,129,49,43,20,30,102,16,8,82,4" hai3="77,123,113,94,121,55,114,33,120,124,135,59,38"/><W104/><G33/><T66/><D119/><U53/><E117/><V134/><F129/><W9/><G104/><T52/><D32/><U75/><E75/><V115/><F115/><N who="3" m="44043" /><G77/><T103/><D127/><U73/><E73/><V18/><F30/><W93/><G9/><T12/><D71/><U10/><E106/><V69/><F82/><W24/><G24/><N who="0" m="16783" /><D12/><U0/><E0/><V112/><F112/><W107/><G107/><T79/><D79/><U122/><E122/><V105/><F69/><W116/><G116/><T72/><D72/><U25/><E98/><V133/><F60/><N who="3" m="35967" /><G93/><T86/><D52/><N who="1" m="20075" /><E89/><V101/><F101/><W91/><G94/><T1/><D1/><U58/><E58/><V35/><F35/><W2/><G91/><T63/><D63/><U11/><E84/><V85/><F85/><W126/><G2/><T26/><D26/><U125/><E125/><N who="3" m="48234" /><G38/><T57/><D57/><U64/><E10/><V80/><F80/><W5/><G5/><T14/><D14/><U34/><E34/><V36/><F36/><W110/><G110/><N who="1" m="42026" /><E11/><V62/><F20/><W90/><G90/><N who="0" m="51535" /><D103/><U61/><E15/><N who="2" m="5511" /><F62/><W13/><G13/><T50/><D96/><U27/><E27/><V118/><F118/><W65/><G65/><N who="0" m="24587" /><D88/><U131/><E61/><V37/><F37/><W45/><G45/><AGARI ba="1,0" hai="16,18,43,45,49,99,102,105,132,133,134" m="5511" machi="45" ten="30,3900,0" yaku="20,1,52,1,54,1" doraHai="40" who="2" fromWho="3" sc="220,0,309,0,201,42,270,-42" />
</Scene>
<Scene>
<INIT seed="4,0,0,4,5,19" ten="220,309,243,228" oya="0" hai0="1,16,54,42,116,100,93,38,36,130,11,111,14" hai1="34,59,101,133,107,22,96,69,105,45,26,110,13" hai2="91,23,47,120,58,104,66,35,102,77,85,49,7" hai3="62,2,8,41,25,74,131,88,99,33,117,52,5"/><T128/><D116/><U81/><E69/><V12/><F35/><W57/><G117/><T68/><D68/><U108/><E133/><V72/><F72/><W92/><G131/><N who="0" m="50219" /><D111/><U95/><E34/><V126/><F120/><W21/><G74/><T60/><D1/><U30/><E81/><V37/><F37/><N who="0" m="14442" /><D42/><U44/><E108/><V18/><F126/><W134/><G134/><T15/><D100/><U97/><E110/><V32/><F32/><W84/><G41/><T65/><D93/><U86/><E107/><V125/><F104/><W135/><G135/><T94/><D94/><U109/><E109/><V78/><F125/><W50/><G33/><T10/><D54/><U123/><E123/><V56/><F7/><W24/><G24/><T87/><D87/><U112/><E86/><V28/><F102/><W70/><G70/><N who="0" m="42279" /><D14/><U55/><E112/><V17/><F12/><W132/><G132/><T103/><D103/><U113/><E113/><V4/><F85/><W20/><G25/><T63/><D63/><U114/><E114/><V6/><F66/><W73/><G73/><T80/><D80/><U64/><E64/><V83/><F83/><W51/><G62/><T115/><D115/><U106/><E106/><V27/><F78/><W75/><G75/><T79/><D79/><U121/><E121/><V29/><F77/><W119/><G119/><T122/><D122/><U90/><E13/><V39/><F39/><W3/><G3/><T0/><D0/><U89/><E89/><V71/><F91/><W46/><G84/><T43/><D10/><U82/><E82/><RYUUKYOKU ba="0,0" sc="220,10,309,10,243,-30,228,10" hai0="11,15,16,43" hai1="22,26,30,44,45,55,59,90,95,96,97,101,105" hai3="2,5,8,20,21,46,50,51,52,57,88,92,99" />
</Scene>
<Scene>
<INIT seed="4,1,0,3,0,65" ten="230,319,213,238" oya="0" hai0="52,62,55,58,17,8,98,0,23,7,14,134,79" hai1="42,1,53,125,100,109,60,89,76,86,28,90,128" hai2="15,84,47,6,126,35,2,101,20,5,80,113,29" hai3="71,54,40,61,38,91,66,82,103,72,39,102,59"/><T25/><D134/><U111/><E1/><V12/><F113/><W97/><G40/><T95/><D79/><U110/><E28/><V83/><F2/><W93/><G103/><T75/><D75/><U11/><E42/><V81/><F35/><W21/><G21/><T57/><D0/><U115/><E11/><V33/><F33/><W129/><G129/><T70/><D70/><U49/><E128/><V92/><F126/><W87/><REACH who="3" step="1"/><G72/><REACH who="3" ten="230,319,213,228" step="2"/><T122/><D122/><U135/><E100/><V120/><F101/><W41/><G41/><T63/><D95/><U121/><E121/><V19/><F92/><W105/><G105/><T88/><D98/><U44/><E125/><V96/><F96/><W37/><G37/><T106/><REACH who="0" step="1"/><D88/><REACH who="0" ten="220,319,213,228" step="2"/><U118/><E90/><V34/><F120/><W99/><G99/><T24/><D24/><U107/><E89/><V4/><F84/><W119/><G119/><T73/><D73/><U27/><E118/><V85/><F85/><W74/><G74/><T10/><D10/><U68/><E27/><V18/><F83/><W77/><G77/><T133/><D133/><U46/><E135/><V130/><F81/><W131/><G131/><T31/><D31/><U22/><E86/><V51/><F80/><W69/><G69/><T67/><D67/><U45/><E76/><V16/><F130/><W26/><G26/><T114/><D114/><U43/><E115/><V94/><F94/><W116/><G116/><T30/><D30/><U9/><E107/><AGARI ba="1,2" hai="7,8,14,17,23,25,52,55,57,58,62,63,106,107" machi="107" ten="40,7700,0" yaku="1,1,9,1,54,1,53,0" doraHai="65" doraHaiUra="78" who="0" fromWho="1" sc="220,100,319,-80,213,0,228,0" />
</Scene>
<Scene>
<INIT seed="4,2,0,2,2,74" ten="320,239,213,228" oya="0" hai0="131,27,72,28,11,126,109,130,43,58,42,84,1" hai1="68,90,26,122,55,96,56,76,78,120,97,121,48" hai2="35,62,107,116,4,115,16,22,30,85,67,2,110" hai3="102,73,124,36,80,95,17,41,38,23,93,6,103"/><T44/><D72/><U132/><E68/><V33/><F107/><W83/><G124/><T14/><D1/><U8/><E132/><V81/><F110/><W54/><G6/><T101/><D126/><U89/><E8/><V10/><F115/><W88/><G41/><T45/><D101/><U79/><REACH who="1" step="1"/><E26/><REACH who="1" ten="320,229,213,228" step="2"/><V29/><F116/><W50/><G38/><T47/><D11/><U59/><E59/><V25/><F35/><W112/><G36/><T5/><D58/><U135/><E135/><V98/><F33/><W51/><G112/><T75/><D27/><U108/><E108/><V69/><REACH who="2" step="1"/><F98/><AGARI ba="2,1" hai="48,55,56,76,78,79,89,90,96,97,98,120,121,122" machi="98" ten="50,12000,2" yaku="1,1,52,3,53,3" doraHai="74" doraHaiUra="117" who="1" fromWho="2" sc="320,0,229,136,213,-126,228,0" />
</Scene>
<Scene>
<INIT seed="5,0,0,5,2,97" ten="320,365,87,228" oya="1" hai0="47,73,66,88,51,116,57,42,96,94,9,10,11" hai1="70,113,0,120,112,16,4,65,127,20,125,68,114" hai2="29,49,6,54,39,134,58,101,52,34,64,81,126" hai3="67,118,100,17,106,25,95,30,48,28,93,59,23"/><U110/><E110/><V82/><F39/><W130/><G130/><T27/><D73/><U12/><E120/><V15/><F134/><W22/><G118/><T72/><D72/><U132/><E65/><V80/><F126/><N who="1" m="48137" /><E132/><V89/><F29/><W128/><G128/><T7/><D116/><U43/><E43/><V105/><F34/><W2/><G2/><T40/><D27/><U131/><E131/><V78/><F64/><W56/><G106/><T46/><D66/><U8/><AGARI ba="0,0" hai="0,4,8,12,16,20,68,70,112,113,114" m="48137" machi="8" ten="40,7800,0" yaku="15,1,18,1,54,1" doraHai="97" who="1" fromWho="1" sc="320,-26,365,78,87,-26,228,-26" />
</Scene>
<Scene>
<INIT seed="5,1,0,2,3,123" ten="294,443,61,202" oya="1" hai0="38,76,100,22,126,11,107,7,99,44,12,111,132" hai1="84,51,8,15,40,56,61,45,135,66,0,105,118" hai2="101,98,65,58,69,49,86,81,73,2,119,26,74" hai3="34,37,33,128,70,131,129,108,60,122,52,67,97"/><U28/><E118/><V24/><F119/><W75/><G108/><T35/><D35/><U115/><E105/><V19/><F69/><W89/><G122/><T91/><D126/><U77/><E115/><V55/><F2/><W79/><G37/><T68/><D68/><U36/><E0/><V27/><F65/><W62/><G75/><T3/><D132/><U109/><E109/><V50/><F50/><W9/><G79/><T103/><D76/><U106/><E106/><V88/><REACH who="2" step="1"/><F19/><REACH who="2" ten="294,443,51,202" step="2"/><W14/><G70/><T4/><D3/><U78/><E36/><V93/><AGARI ba="1,1" hai="24,26,27,49,55,58,73,74,81,86,88,93,98,101" machi="93" ten="30,8000,1" yaku="1,1,2,1,0,1,54,1,53,1" doraHai="123" doraHaiUra="92" who="2" fromWho="2" sc="294,-21,443,-41,51,93,202,-21" />
</Scene>
<Scene>
<INIT seed="6,0,0,3,4,13" ten="273,402,144,181" oya="2" hai0="69,104,57,126,48,79,120,92,39,0,49,78,124" hai1="53,32,114,55,72,42,3,35,83,43,115,77,102" hai2="36,74,91,17,15,26,71,23,21,34,6,128,94" hai3="11,19,129,80,75,68,16,86,45,132,89,101,109"/><V116/><F36/><W9/><G109/><T7/><D69/><U59/><E3/><V122/><F74/><W103/><G68/><T64/><D104/><U29/><E102/><N who="3" m="38922" /><G75/><T61/><D39/><U50/><E53/><V22/><F71/><W106/><G106/><T60/><D120/><U107/><E107/><V134/><F122/><W98/><G132/><T127/><D61/><U131/><E131/><V44/><F116/><W111/><G111/><T90/><D7/><U52/><E55/><V51/><F134/><W99/><G129/><T110/><D0/><U54/><E54/><N who="2" m="30055" /><F34/><N who="1" m="12841" /><E29/><N who="2" m="17615" /><F128/><W38/><G38/><T5/><D5/><U70/><E70/><V4/><F23/><W27/><G45/><T93/><D93/><U63/><E63/><V117/><F117/><W1/><G1/><T41/><D110/><U31/><E31/><V8/><F22/><N who="3" m="13767" /><G11/><T119/><D119/><U113/><AGARI ba="0,0" hai="42,43,50,52,59,72,77,83,113,114,115" m="12841" machi="113" ten="40,2700,0" yaku="15,1,54,1" doraHai="13" who="1" fromWho="1" sc="273,-7,402,27,144,-13,181,-7" />
</Scene>
<Scene>
<INIT seed="7,0,0,0,4,118" ten="266,429,131,174" oya="3" hai0="26,126,55,96,117,29,46,101,79,85,49,122,9" hai1="12,98,131,60,33,127,113,15,27,129,72,78,2" hai2="104,108,90,61,36,67,76,54,41,133,84,121,6" hai3="86,28,7,110,70,73,106,21,99,69,4,63,124"/><W24/><G73/><T53/><D117/><U0/><E113/><V18/><F108/><W88/><G124/><T17/><D122/><U102/><E60/><V91/><F104/><W100/><G110/><T62/><D126/><U123/><E127/><V64/><F133/><W125/><G125/><T65/><D79/><U59/><E123/><V11/><F76/><W34/><G21/><N who="0" m="15567" /><D85/><U128/><E59/><V8/><F54/><W25/><G25/><T130/><D130/><U51/><E51/><V42/><F91/><W82/><G70/><T5/><D5/><U19/><E15/><V10/><F18/><W94/><G82/><T38/><D38/><U16/><E78/><V47/><F42/><W77/><G77/><T105/><D105/><N who="1" m="63703" /><E72/><V83/><F64/><AGARI ba="0,0" hai="4,7,24,28,34,63,64,69,86,88,94,99,100,106" machi="64" ten="40,7700,0" yaku="25,2,54,1" doraHai="118" who="3" fromWho="2" sc="266,0,429,0,131,-77,174,77" />
</Scene>
<Scene>
<INIT seed="7,1,0,1,1,20" ten="266,429,54,251" oya="3" hai0="83,35,129,46,21,96,62,80,4,86,25,41,112" hai1="45,109,65,13,79,60,42,134,130,18,120,81,116" hai2="7,15,55,72,63,33,94,70,16,38,28,85,105" hai3="91,1,64,111,73,98,9,48,53,124,75,40,36"/><W126/><G111/><T88/><D35/><U54/><E109/><V6/><F105/><W114/><G114/><T121/><D121/><U10/><E120/><V82/><F72/><W107/><G64/><T103/><D112/><U69/><E116/><V99/><F38/><W110/><G110/><T27/><D129/><U128/><E134/><V135/><F135/><W92/><G36/><T23/><D4/><U122/><E54/><V89/><F70/><W108/><G40/><T66/><D80/><U76/><E122/><V50/><F63/><W3/><G108/><T22/><D103/><U101/><E101/><V17/><F33/><W29/><G29/><T74/><D96/><U123/><E123/><V71/><F71/><W118/><G118/><T34/><D74/><N who="3" m="28169" /><G107/><T93/><D83/><U104/><E104/><V59/><F28/><W125/><G9/><T95/><D95/><U14/><E81/><V51/><F51/><W8/><G8/><T68/><REACH who="0" step="1"/><D34/><REACH who="0" ten="256,429,54,251" step="2"/><U49/><E130/><V37/><F37/><AGARI ba="1,1" hai="21,22,23,25,27,37,41,46,62,66,68,86,88,93" machi="37" ten="40,12000,2" yaku="1,1,2,1,52,2,54,1,53,1" doraHai="20" doraHaiUra="84" who="0" fromWho="2" sc="256,133,429,0,54,-123,251,0" owari="389,19.0,429,53.0,-69,-57.0,251,-15.0" />
</Scene>
</mjloggm>