<mjloggm ver="2.3"><GO type="169" lobby="0"/><UN n0="%E5%A4%AA%E3%81%8F%E3%81%AA%E3%81%84%E3%81%8A" n1="%E3%81%BB%E3%81%9F%E3%81%8B%E3%81%92" n2="%E3%83%AB%E3%83%8D%E3%82%B9%E3%82%BF" n3="%E6%8E%A8%E7%A9%BA%EF%BC%B0" dan="18,16,16,16" rate="2234.04,2070.15,2070.20,2128.65" sx="M,M,M,F"/><TAIKYOKU oya="0"/>

<Scene>
<INIT seed="0,0,0,1,5,102" ten="250,250,250,250" oya="0" hai0="52,72,40,18,16,93,38,113,49,122,134,1,15" hai1="109,87,89,118,106,126,132,57,37,84,20,58,25" hai2="115,91,74,77,12,28,51,100,123,30,11,71,2" hai3="97,120,26,63,47,90,45,104,68,81,42,44,73"/><T99/><D113/><U54/><E37/><V0/><F115/><W111/><G120/><T4/><D122/><U43/><E43/><V94/><F71/><W66/><G111/><T96/><D72/><U13/><E118/><V92/><F123/><W107/><G26/><T114/><D114/><U3/><E3/><V82/><F0/><W29/><G29/><T61/><D134/><U101/><E109/><V24/><F2/><W53/><G53/><T130/><D130/><U35/><E35/><V83/><F100/><W19/><G19/><T17/><D38/><U55/><E13/><V116/><F116/><W23/><G23/><T8/><D1/><U56/><E87/><V103/><F103/><W33/><G33/><T112/><D112/><U9/><E9/><V36/><F36/><W88/><G42/><T39/><D39/><U27/><E27/><V105/><F105/><W67/><G67/><T95/><D61/><U62/><E132/><V5/><F83/><W32/><G32/><T34/><D34/><U41/><E41/><V128/><F128/><W69/><G69/><T48/><D40/><U85/><E85/><V70/><F70/><W135/><G135/><T60/><D60/><U78/><E78/><V121/><F121/><W80/><G73/><T75/><D75/><U119/><E62/><V79/><F74/><W127/><G127/><T14/><D15/><U124/><E119/><V59/><F24/><W110/><G110/><T108/><D108/><U65/><E124/><V7/><F12/><W6/><G68/><T50/><D52/><N who="1" m="20011" /><E126/><V10/><F51/><RYUUKYOKU ba="0,0" sc="250,30,250,-10,250,-10,250,-10" hai0="4,8,14,16,17,18,48,49,50,93,95,96,99" />
</Scene>
<Scene>
<INIT seed="0,1,0,3,3,14" ten="280,240,240,240" oya="0" hai0="54,82,7,6,63,20,92,62,111,88,71,26,116" hai1="132,4,47,29,30,74,123,33,5,135,67,100,59" hai2="8,115,2,90,77,118,105,12,49,87,3,46,21" hai3="103,80,106,38,57,60,16,51,69,17,73,126,68"/><T27/><D116/><U66/><E74/><V37/><F115/><W34/><G38/><T84/><D111/><U53/><E47/><V72/><F37/><W65/><G34/><T55/><D71/><U113/><E123/><V64/><F105/><W13/><G126/><T76/><D62/><U130/><E113/><V107/><F107/><W9/><G51/><T52/><D63/><U81/><E81/><V22/><F3/><W101/><G101/><T61/><D61/><U86/><E86/><V42/><F2/><W112/><G112/><T131/><D131/><U120/><E120/><V31/><F64/><N who="1" m="24617" /><E33/><V35/><F118/><W98/><G80/><T133/><D133/><N who="1" m="51275" /><E130/><V44/><F44/><W122/><G73/><T109/><D109/><U129/><E129/><V127/><F127/><W0/><G0/><T78/><D27/><U23/><E100/><V85/><F31/><N who="1" m="11785" /><E23/><V24/><F35/><W83/><G83/><T40/><D40/><U1/><E1/><V39/><F72/><W32/><G32/><T102/><D102/><U96/><E96/><V18/><F39/><W121/><G122/><T75/><REACH who="0" step="1"/><D78/><REACH who="0" ten="270,240,240,240" step="2"/><U25/><E25/><V10/><F77/><W15/><REACH who="3" step="1"/><G121/><REACH who="3" ten="270,240,240,230" step="2"/><T110/><D110/><U28/><E53/><V79/><F79/><W41/><G41/><T43/><D43/><U95/><E59/><V108/><F108/><W45/><G45/><T99/><D99/><U104/><E104/><V48/><F46/><W114/><G114/><T97/><D97/><U50/><E50/><V70/><F48/><W125/><G125/><T134/><D134/><RYUUKYOKU ba="1,2" sc="270,15,240,-15,240,-15,230,15" hai0="6,7,20,26,52,54,55,75,76,82,84,88,92" hai3="9,13,15,16,17,57,60,65,68,69,98,103,106" />
</Scene>
<Scene>
<INIT seed="0,2,2,3,4,29" ten="285,225,225,245" oya="0" hai0="6,25,46,78,0,34,65,97,1,44,84,48,9" hai1="23,72,93,38,88,54,15,64,74,42,110,47,132" hai2="119,73,28,39,24,104,81,18,131,116,12,83,7" hai3="98,79,2,90,21,62,32,120,85,127,114,77,30"/><T11/><D65/><U76/><E110/><V40/><F104/><W53/><G114/><T59/><D97/><U118/><E118/><N who="2" m="45099" /><F131/><W112/><G112/><T89/><D78/><U95/><E132/><V67/><F73/><W134/><G2/><T16/><D59/><U121/><E121/><V130/><F130/><W111/><G111/><T50/><D50/><U61/><E54/><V3/><F67/><W82/><G134/><T70/><D70/><U35/><E35/><N who="2" m="20871" /><F7/><W4/><G4/><T96/><D96/><U105/><E105/><V41/><F3/><W60/><G127/><T86/><D0/><U115/><E95/><V20/><F39/><W124/><G124/><T63/><D63/><N who="3" m="24105" /><G32/><T92/><D84/><U107/><E107/><V14/><F14/><W57/><G120/><T69/><D69/><U26/><E15/><V22/><F22/><W10/><G10/><T123/><D123/><U133/><E115/><V94/><F94/><W56/><G98/><T13/><REACH who="0" step="1"/><D48/><REACH who="0" ten="275,225,225,245" step="2"/><U100/><E133/><V36/><F36/><W43/><G57/><T55/><D55/><U71/><E76/><N who="3" m="29258" /><G53/><T113/><D113/><U102/><E74/><V66/><F66/><W75/><G75/><T5/><D5/><U58/><E71/><V87/><F87/><W80/><G56/><T91/><D91/><U128/><E72/><V51/><F51/><W31/><G85/><T52/><D52/><N who="1" m="33991" /><E128/><V99/><F99/><W106/><G90/><T109/><D109/><U27/><E64/><V33/><F41/><W135/><G43/><T8/><D8/><U45/><E42/><RYUUKYOKU ba="2,3" sc="275,30,225,-10,225,-10,245,-10" hai0="1,6,9,11,13,16,25,34,44,46,86,89,92" />
</Scene>
<Scene>
<INIT seed="0,3,3,0,2,21" ten="305,215,215,235" oya="0" hai0="57,89,18,91,105,29,62,117,24,14,113,92,45" hai1="22,65,131,28,112,68,82,72,25,9,31,123,32" hai2="19,27,54,17,90,40,133,83,101,36,59,2,109" hai3="99,104,66,60,67,121,97,126,120,26,75,46,80"/><T87/><D113/><U70/><E123/><N who="3" m="47178" /><G126/><T3/><D117/><U43/><E112/><V69/><F2/><W56/><G46/><T34/><D105/><U41/><E131/><V47/><F69/><W1/><G1/><T73/><D73/><U13/><E72/><V81/><F109/><W100/><G97/><T111/><D111/><U78/><E70/><V58/><F133/><W64/><G26/><T44/><D89/><U128/><E128/><V102/><F19/><W135/><G135/><T39/><D39/><U86/><E65/><V16/><F59/><W63/><G63/><T7/><D7/><N who="1" m="3263" /><E32/><V85/><F81/><W30/><G30/><N who="1" m="11306" /><E68/><V106/><F106/><W130/><G130/><T95/><D95/><U127/><E127/><V74/><F74/><W42/><G42/><T103/><D103/><U132/><E132/><V88/><F90/><W107/><G104/><T5/><D5/><U118/><E118/><V23/><F17/><AGARI ba="3,3" hai="17,22,25,41,43,78,82,86" m="11306,3263" machi="17" ten="30,2000,0" yaku="8,1,52,1" doraHai="21" who="1" fromWho="2" sc="305,0,215,59,215,-29,235,0" />
</Scene>
<Scene>
<INIT seed="1,0,0,1,4,65" ten="305,274,186,235" oya="1" hai0="88,42,56,52,135,92,83,69,55,87,16,89,66" hai1="94,11,91,97,107,15,75,76,108,61,29,90,23" hai2="134,50,30,84,129,125,120,112,105,14,74,62,133" hai3="0,64,70,67,131,19,57,33,41,126,45,121,47"/><U31/><E107/><V27/><F74/><W28/><G0/><T36/><D135/><N who="2" m="51722" /><F105/><W115/><G19/><T113/><D113/><U119/><E119/><V81/><F120/><W51/><G28/><T79/><D36/><U44/><E108/><V123/><F112/><W98/><G33/><T96/><D42/><U132/><E132/><V32/><F123/><W63/><G98/><T37/><D37/><U85/><E75/><V111/><F111/><W68/><G115/><T104/><D104/><U49/><E76/><V86/><F129/><W122/><G131/><T127/><D127/><U35/><E35/><V128/><F128/><W22/><G22/><T102/><D55/><N who="1" m="30119" /><E61/><V17/><F125/><W21/><G21/><T25/><D25/><U78/><E78/><V3/><F3/><W46/><G126/><T72/><D16/><N who="1" m="8319" /><E23/><V124/><F62/><N who="3" m="40055" /><G122/><T40/><D72/><U34/><E34/><V9/><F32/><W109/><G121/><T73/><D73/><U43/><E43/><V110/><F110/><W5/><G5/><T2/><D40/><U13/><E13/><V24/><F14/><W95/><G109/><T54/><D2/><U4/><E4/><V99/><F124/><W39/><G95/><AGARI ba="0,0" hai="29,31,85,90,91,94,95,97" m="8319,30119" machi="95" ten="30,2900,0" yaku="8,1,54,1" doraHai="65" who="1" fromWho="3" sc="305,0,274,29,186,0,235,-29" />
</Scene>
<Scene>
<INIT seed="1,1,0,2,2,40" ten="305,303,186,206" oya="1" hai0="112,32,70,84,23,36,120,101,75,22,7,63,122" hai1="56,117,25,79,133,31,115,60,39,99,19,80,125" hai2="42,127,54,29,0,116,24,78,45,50,10,53,61" hai3="33,129,74,20,65,44,37,8,73,35,69,82,109"/><U86/><E115/><V119/><F127/><W113/><G20/><T93/><D75/><N who="3" m="28681" /><G82/><T96/><D112/><U62/><E117/><V15/><F0/><W27/><G27/><T85/><D32/><N who="3" m="12361" /><G8/><T107/><D36/><U5/><E125/><V59/><F78/><W132/><G113/><T98/><D7/><U89/><E39/><V134/><F134/><W97/><G97/><T100/><D63/><U118/><E133/><V34/><REACH who="2" step="1"/><F54/><REACH who="2" ten="305,303,176,206" step="2"/><W83/><G132/><T18/><D120/><U114/><E118/><V91/><F91/><W90/><G90/><T51/><D122/><U94/><E114/><V72/><F72/><W111/><G83/><T12/><D100/><U77/><E79/><V49/><F49/><W106/><G129/><T76/><D51/><U13/><E62/><V30/><F30/><W26/><G65/><T9/><D76/><U1/><E1/><V128/><F128/><W131/><G131/><T123/><D123/><U130/><E130/><V28/><F28/><W16/><G37/><T46/><D101/><U81/><E31/><V11/><F11/><W4/><G106/><T3/><D107/><U58/><E81/><V52/><F52/><W67/><G67/><T88/><D3/><U21/><E60/><V95/><F95/><W102/><G102/><T121/><D121/><U124/><E124/><V104/><F104/><W43/><G43/><T57/><D93/><U2/><E2/><V135/><F135/><W68/><G4/><AGARI ba="1,1" hai="4,10,15,24,29,34,42,45,50,53,59,61,116,119" machi="4" ten="30,3900,0" yaku="1,1,7,1,52,1,53,0" doraHai="40" doraHaiUra="17" who="2" fromWho="3" sc="305,0,303,0,176,52,206,-42" />
</Scene>
<Scene>
<INIT seed="2,0,0,1,4,71" ten="305,303,228,164" oya="2" hai0="111,0,4,129,64,119,73,5,116,53,38,131,29" hai1="18,125,12,59,21,6,70,61,74,102,78,83,43" hai2="30,130,92,117,15,87,26,82,72,54,3,47,23" hai3="39,100,112,62,56,42,46,75,91,14,10,108,96"/><V121/><F117/><N who="0" m="45130" /><D73/><U113/><E70/><V122/><F3/><W88/><G108/><T98/><D111/><U132/><E113/><V107/><F107/><W76/><G112/><T32/><D64/><U69/><E69/><V101/><F72/><W105/><G76/><T50/><D98/><U127/><E102/><V124/><F130/><N who="0" m="49674" /><D0/><U16/><E132/><V114/><F124/><N who="1" m="47689" /><E43/><V67/><F114/><W25/><G25/><N who="0" m="18479" /><D38/><U135/><E135/><V66/><F67/><W103/><G103/><T120/><D120/><U86/><E74/><V49/><F66/><W19/><REACH who="3" step="1"/><G75/><REACH who="3" ten="305,303,228,154" step="2"/><T8/><D8/><N who="1" m="4119" /><E21/><V11/><F122/><W99/><G99/><T84/><D84/><U20/><E20/><V57/><F11/><W33/><G33/><T90/><D90/><U65/><AGARI ba="0,1" hai="16,18,59,61,65,78,83,86" m="4119,47689" machi="65" ten="30,2000,0" yaku="18,1,54,1" doraHai="71" who="1" fromWho="1" sc="305,-5,303,30,228,-10,154,-5" />
</Scene>
<Scene>
<INIT seed="3,0,0,4,5,119" ten="300,333,218,149" oya="3" hai0="89,76,44,1,113,7,86,74,102,43,32,109,123" hai1="98,65,42,114,51,6,23,90,116,18,120,124,87" hai2="96,28,29,134,60,95,48,58,81,107,17,100,111" hai3="54,39,5,115,132,75,55,19,59,40,50,125,21"/><W14/><G75/><T104/><D32/><U77/><E77/><V47/><F111/><W84/><G115/><T97/><D109/><U53/><E42/><V94/><F134/><W103/><G132/><T67/><D67/><U72/><E72/><V12/><F81/><W110/><G110/><T68/><D68/><U30/><E30/><V37/><F37/><W128/><G128/><T20/><D20/><U135/><E114/><V64/><F95/><W3/><G125/><T73/><D113/><U108/><E108/><V91/><F91/><W88/><G103/><T133/><D133/><U112/><E112/><V41/><REACH who="2" step="1"/><F107/><REACH who="2" ten="300,333,208,149" step="2"/><W121/><G121/><T62/><D104/><U52/><E135/><V106/><F106/><W33/><G39/><T36/><D89/><U49/><E120/><V9/><AGARI ba="0,1" hai="9,12,17,28,29,41,47,48,58,60,64,94,96,100" machi="9" ten="20,5200,0" yaku="1,1,0,1,7,1,8,1,53,0" doraHai="119" doraHaiUra="80" who="2" fromWho="2" sc="300,-13,333,-13,208,62,149,-26" />
</Scene>
<Scene>
<INIT seed="4,0,0,0,2,32" ten="287,320,270,123" oya="0" hai0="24,103,2,79,29,39,80,25,65,54,23,69,8" hai1="15,3,93,99,98,110,68,46,95,85,86,133,10" hai2="131,55,90,66,83,120,58,11,17,63,16,112,97" hai3="125,109,0,106,61,128,5,126,121,114,113,9,38"/><T122/><D122/><U67/><E110/><V135/><F120/><W77/><G121/><T50/><D39/><U88/><E133/><V40/><F135/><W52/><G77/><T13/><D103/><U47/><E68/><V101/><F112/><N who="3" m="43115" /><G106/><T51/><D69/><U73/><E67/><V111/><F111/><W14/><G109/><T18/><D65/><U45/><E73/><V127/><F40/><W56/><G38/><T75/><D25/><U108/><E3/><V1/><F127/><N who="3" m="48651" /><G128/><T6/><REACH who="0" step="1"/><D54/><REACH who="0" ten="277,320,270,123" step="2"/><U81/><E108/><V37/><F37/><W130/><G130/><T41/><D41/><U115/><E115/><V27/><F27/><W7/><G7/><T105/><D105/><U129/><E129/><V94/><F55/><W104/><G104/><T100/><D100/><N who="1" m="60511" /><E81/><V44/><F131/><W28/><G28/><T71/><D71/><U117/><E117/><V134/><F134/><W22/><G22/><AGARI ba="0,1" hai="2,6,8,13,18,22,23,24,29,50,51,75,79,80" machi="22" ten="30,11600,0" yaku="1,1,7,1,52,1,53,1" doraHai="32" doraHaiUra="74" who="0" fromWho="3" sc="277,126,320,0,270,0,123,-116" />
</Scene>
<Scene>
<INIT seed="4,1,0,4,1,52" ten="403,320,270,7" oya="0" hai0="88,2,132,124,62,77,25,95,93,7,32,81,49" hai1="65,14,57,86,109,23,47,80,59,70,29,72,96" hai2="9,75,108,19,110,114,122,130,46,120,135,43,26" hai3="45,50,85,94,106,36,17,30,134,35,71,58,38"/><T115/><D115/><U78/><E72/><V99/><F75/><W92/><G106/><T111/><D132/><U60/><E109/><V76/><F76/><W51/><G71/><T118/><D118/><U24/><E47/><V34/><F135/><W48/><G134/><T11/><D111/><U113/><E113/><V128/><F114/><W126/><G126/><T15/><D124/><U3/><E3/><V100/><F110/><W68/><G68/><T20/><D49/><U69/><E69/><V55/><F55/><W39/><G45/><T129/><D129/><N who="2" m="49770" /><F9/><W5/><G5/><T73/><D62/><U37/><E37/><N who="2" m="21871" /><F108/><W10/><G85/><T64/><D64/><U117/><E117/><V22/><F34/><W82/><G82/><T53/><D53/><U125/><E125/><V0/><F0/><W6/><G17/><N who="0" m="10303" /><D88/><U101/><REACH who="1" step="1"/><E14/><REACH who="1" ten="403,310,270,7" step="2"/><V8/><F8/><W107/><G10/><T67/><D67/><U56/><E56/><V123/><F122/><W87/><G58/><T42/><D42/><U116/><E116/><V119/><F119/><W44/><G44/><T112/><D112/><U127/><E127/><V97/><F97/><W79/><G6/><T102/><D102/><U121/><E121/><V63/><F123/><W74/><G74/><T4/><D4/><U66/><E66/><V103/><F120/><W98/><G107/><AGARI ba="1,1" hai="23,24,29,57,59,60,65,70,78,80,86,96,101,107" machi="107" ten="30,7700,0" yaku="1,1,7,1,52,2,53,0" doraHai="52" doraHaiUra="1" who="1" fromWho="3" sc="403,0,310,90,270,0,7,-80" owari="403,50.0,400,20.0,270,-13.0,-73,-57.0" />
</Scene>
</mjloggm>