<mjloggm ver="2.3"><GO type="169" lobby="0"/><UN n0="%E3%81%BE%E3%81%BF%E3%81%AD%E3%81%93" n1="%E5%A4%AA%E3%81%8F%E3%81%AA%E3%81%84%E3%81%8A" n2="%EF%BC%A4%EF%BC%B2%EF%BC%AF%EF%BC%B0" n3="%66%75%6A%69%6D%75%72%61" dan="17,18,17,16" rate="2167.94,2213.73,2095.56,2078.52" sx="M,F,M,M"/><TAIKYOKU oya="0"/>

<Scene>
<INIT seed="0,0,0,3,5,75" ten="250,250,250,250" oya="0" hai0="112,19,55,5,123,25,79,135,6,82,87,56,128" hai1="117,98,26,49,35,99,71,131,129,93,76,65,12" hai2="63,74,103,38,97,81,95,59,73,106,132,7,109" hai3="104,100,52,120,60,80,125,61,42,91,36,134,18"/><T41/><D123/><U88/><E117/><V47/><F109/><W10/><G120/><T102/><D112/><U78/><E49/><V66/><F132/><W113/><G113/><T108/><D135/><U58/><E71/><V101/><F7/><W33/><G33/><T8/><D108/><U124/><E124/><V24/><F101/><W84/><G125/><T46/><D128/><N who="1" m="49227" /><E12/><V21/><F106/><W116/><G116/><T127/><D127/><U14/><E14/><V126/><F126/><W27/><G36/><T11/><D102/><U28/><E98/><V9/><F9/><N who="0" m="3658" /><D41/><U34/><E34/><V114/><F114/><W44/><G42/><T67/><D46/><U94/><E94/><V16/><REACH who="2" step="1"/><F81/><REACH who="2" ten="250,250,240,250" step="2"/><W48/><G134/><T43/><D6/><U17/><E17/><V133/><F133/><W92/><G104/><T118/><D5/><U15/><E15/><V122/><F122/><W23/><G10/><T4/><D118/><U85/><E99/><AGARI ba="0,1" hai="18,23,27,44,48,52,60,61,80,84,91,92,99,100" machi="99" ten="40,2600,0" yaku="8,1,54,1" doraHai="75" who="3" fromWho="1" sc="250,0,250,-26,240,0,250,36" />
</Scene>
<Scene>
<INIT seed="1,0,0,4,2,93" ten="250,224,240,286" oya="1" hai0="133,4,116,64,105,102,117,97,111,135,83,6,79" hai1="92,5,127,31,125,69,80,13,12,119,60,42,71" hai2="118,89,129,34,123,110,112,20,95,53,81,128,121" hai3="16,66,103,108,67,0,18,65,30,8,37,3,29"/><U82/><E42/><V63/><F34/><W96/><G37/><T43/><D64/><U68/><E119/><N who="0" m="45641" /><D43/><U27/><E60/><V77/><F118/><W90/><G90/><T76/><D4/><U84/><E92/><V55/><F20/><W7/><G108/><T86/><D6/><U41/><E41/><V98/><F110/><W122/><G122/><N who="2" m="46601" /><F63/><W2/><G7/><T40/><D40/><U124/><E5/><V91/><F112/><W28/><G8/><T101/><D111/><U126/><N who="1" m="31744" /><DORA hai="15" /><U131/><E131/><N who="2" m="50251" /><F91/><W17/><G103/><N who="0" m="62703" /><D76/><N who="1" m="46087" /><E82/><V106/><F106/><W114/><G96/><T134/><AGARI ba="0,0" hai="79,83,86,101,102,133,134,135" m="62703,45641" machi="134" ten="40,8000,1" yaku="20,1,34,2,52,1" doraHai="93,15" who="0" fromWho="0" sc="250,80,224,-40,240,-20,286,-20" />
</Scene>
<Scene>
<INIT seed="2,0,0,2,4,104" ten="330,184,220,266" oya="2" hai0="9,19,83,82,8,109,74,120,22,21,57,6,86" hai1="103,62,60,130,105,2,81,68,15,10,133,43,59" hai2="18,63,80,40,127,79,36,1,11,35,107,97,39" hai3="115,20,41,38,134,4,52,100,32,58,121,45,33"/><V66/><F35/><W76/><G121/><T90/><D120/><U102/><E2/><V95/><F127/><W114/><G134/><T53/><D109/><U34/><E34/><V67/><F107/><W91/><G100/><T84/><D74/><U126/><E133/><V44/><F39/><W16/><G4/><T92/><D21/><U23/><E126/><V112/><F112/><N who="3" m="43051" /><G91/><T48/><D6/><U128/><E43/><V78/><F78/><W64/><G76/><T96/><D83/><U113/><E113/><V110/><F110/><W117/><G64/><T123/><D123/><U30/><E81/><V25/><F63/><N who="3" m="36295" /><G117/><T69/><D69/><U124/><E124/><V27/><F66/><W17/><G17/><T129/><D129/><U85/><E68/><V47/><F67/><W55/><G55/><T118/><D118/><U54/><E105/><V106/><F106/><W29/><G29/><T7/><D7/><N who="1" m="3551" /><E102/><N who="2" m="60735" /><F1/><W51/><G38/><T46/><D46/><N who="2" m="17450" /><F36/><W122/><G122/><T14/><D96/><U37/><E37/><V111/><F111/><W12/><AGARI ba="0,0" hai="12,16,20,32,33,41,45,51" m="36295,43051" machi="12" ten="30,4000,0" yaku="11,1,54,2" doraHai="104" who="3" fromWho="3" sc="330,-10,184,-10,220,-20,266,40" />
</Scene>
<Scene>
<INIT seed="3,0,0,2,4,82" ten="320,174,200,306" oya="3" hai0="100,7,101,58,26,124,79,109,119,128,83,57,98" hai1="31,130,76,11,36,40,99,72,65,97,118,122,27" hai2="106,113,17,48,46,96,67,127,80,73,30,50,70" hai3="95,111,84,5,63,21,47,62,43,0,2,90,56"/><W14/><G63/><T12/><D119/><U22/><E122/><V115/><F127/><W85/><G2/><T108/><D124/><U41/><E118/><V88/><F30/><W77/><G0/><T87/><D128/><U1/><E65/><V69/><F50/><N who="3" m="27007" /><G111/><N who="0" m="42571" /><D26/><U107/><E130/><V6/><F6/><W32/><G32/><T15/><D101/><U129/><E129/><V24/><F70/><W53/><G77/><T28/><D28/><U35/><E35/><V33/><F33/><W61/><G61/><T105/><D7/><N who="1" m="1519" /><E41/><V37/><F37/><W38/><G38/><T25/><D25/><U54/><E54/><V20/><F67/><W49/><G62/><T52/><D58/><U104/><E104/><V131/><F131/><W19/><G5/><T18/><D18/><U132/><E107/><V16/><F69/><W23/><G21/><T114/><D114/><U86/><E22/><V39/><F39/><W121/><G121/><T102/><D102/><U94/><E36/><V75/><F113/><W81/><G81/><T29/><D29/><U34/><E31/><N who="2" m="17799" /><F115/><W92/><G95/><T59/><D59/><U78/><E34/><V120/><F120/><W4/><G4/><T133/><D133/><U93/><E94/><N who="2" m="56391" /><F106/><W68/><G68/><T60/><AGARI ba="0,0" hai="12,15,52,57,60,79,83,87,98,100,105" m="42571" machi="60" ten="30,4000,0" yaku="14,1,52,1,54,1" doraHai="82" who="0" fromWho="0" sc="320,40,174,-10,200,-10,306,-20" />
</Scene>
<Scene>
<INIT seed="4,0,0,1,0,18" ten="360,164,190,286" oya="0" hai0="122,44,73,7,105,80,23,42,130,50,88,109,16" hai1="86,45,70,14,114,97,82,98,38,132,66,49,91" hai2="59,1,34,56,41,85,134,75,52,10,67,8,37" hai3="94,54,72,11,128,84,90,51,74,22,108,110,21"/><T68/><D122/><U99/><E132/><V78/><F134/><W115/><G11/><T103/><D68/><U2/><E2/><V102/><F34/><W4/><G4/><T79/><D7/><U119/><E119/><V57/><F75/><W15/><G115/><T71/><D71/><U46/><E114/><V20/><F1/><W83/><G128/><T101/><D130/><U53/><E70/><V87/><F67/><W39/><G39/><T69/><D69/><U12/><REACH who="1" step="1"/><E66/><REACH who="1" ten="360,154,190,286" step="2"/><V63/><F63/><W47/><G110/><T123/><D109/><U76/><E76/><V112/><F78/><W55/><G108/><T133/><D123/><U5/><E5/><V60/><F60/><W28/><G72/><T62/><D62/><U9/><E9/><V121/><F8/><W65/><G74/><T26/><D133/><U0/><E0/><V35/><F10/><W124/><G65/><T58/><D105/><U48/><E48/><V113/><F121/><W43/><G124/><T24/><D79/><U89/><E89/><V120/><F120/><W19/><G83/><T117/><D73/><U6/><E6/><V61/><F61/><W3/><G3/><T111/><D117/><U27/><E27/><AGARI ba="0,1" hai="15,19,21,22,27,28,43,47,51,54,55,84,90,94" machi="27" ten="40,5200,0" yaku="8,1,52,2" doraHai="18" who="3" fromWho="1" sc="360,0,154,-52,190,0,286,62" />
</Scene>
<Scene>
<INIT seed="5,0,0,2,1,71" ten="360,102,190,348" oya="1" hai0="32,38,110,73,93,3,94,0,10,19,43,96,69" hai1="109,99,104,132,35,70,14,46,118,130,20,74,47" hai2="67,92,79,75,65,133,63,52,68,15,125,41,40" hai3="27,131,135,105,122,98,29,90,48,82,91,127,119"/><U58/><E118/><V87/><F75/><W113/><G48/><T26/><D69/><U53/><E35/><V100/><F67/><W55/><G55/><T102/><D73/><U107/><E70/><V64/><F64/><W28/><G27/><T5/><D110/><U50/><E74/><V11/><F125/><W25/><G25/><T103/><D0/><U117/><E117/><V66/><F66/><W61/><G61/><T124/><D124/><U12/><E109/><V4/><F133/><W21/><G21/><T8/><D8/><U34/><E34/><V115/><F115/><W78/><G29/><T72/><D72/><U80/><E132/><V128/><F128/><W36/><G28/><T22/><D32/><U9/><E130/><V86/><F86/><W51/><G51/><T134/><D134/><U13/><E80/><V1/><F1/><W121/><G135/><T31/><D31/><U101/><E20/><V54/><F79/><W84/><G127/><T114/><D114/><U97/><REACH who="1" step="1"/><E9/><REACH who="1" ten="360,92,190,348" step="2"/><V59/><F68/><W83/><G119/><T16/><D22/><U111/><E111/><V23/><F23/><W18/><G131/><T123/><D26/><U33/><E33/><V39/><F11/><W88/><G113/><T49/><D10/><U116/><E116/><V60/><F60/><W89/><G83/><T62/><D62/><U42/><E42/><V77/><F41/><W17/><G82/><T126/><D43/><U76/><E76/><V112/><F77/><W85/><G78/><T108/><D108/><U2/><E2/><V30/><F112/><RYUUKYOKU ba="0,1" sc="360,-10,92,30,190,-10,348,-10" hai1="12,13,14,46,47,50,53,58,97,99,101,104,107" />
</Scene>
<Scene>
<INIT seed="5,1,1,4,4,47" ten="350,122,180,338" oya="1" hai0="22,16,129,67,28,104,65,3,58,117,14,61,112" hai1="5,85,76,62,114,89,82,75,59,38,132,4,30" hai2="96,33,100,106,64,102,87,73,108,54,128,35,130" hai3="42,97,94,2,84,24,119,21,46,98,56,124,125"/><U113/><E38/><V88/><F108/><W80/><G2/><T115/><D117/><U127/><E30/><V122/><F122/><W45/><G119/><T93/><D104/><U109/><E109/><V99/><F73/><W134/><G56/><T27/><D3/><U131/><E131/><N who="2" m="50219" /><F64/><W72/><G72/><T12/><D129/><U23/><E23/><V90/><F54/><W50/><G134/><T39/><D39/><U63/><E132/><V118/><F118/><W55/><G94/><T6/><D6/><U15/><E127/><N who="3" m="48714" /><G46/><T95/><D67/><U53/><E62/><V1/><F1/><W78/><G55/><T0/><D0/><U121/><E121/><V29/><F29/><AGARI ba="1,1" hai="21,24,29,42,45,50,78,80,84,97,98" m="48714" machi="29" ten="30,2000,0" yaku="18,1,52,1" doraHai="47" who="3" fromWho="2" sc="350,0,122,0,180,-23,338,33" />
</Scene>
<Scene>
<INIT seed="6,0,0,1,1,62" ten="350,122,157,371" oya="2" hai0="90,81,89,31,65,32,19,122,50,43,85,58,108" hai1="75,115,127,102,125,66,124,118,17,94,47,103,83" hai2="100,68,54,11,61,133,57,129,79,1,46,56,130" hai3="45,10,48,49,106,80,42,86,69,6,40,18,41"/><V101/><F68/><W126/><G106/><T110/><D122/><U60/><E118/><V78/><F46/><N who="3" m="25671" /><G69/><T84/><D31/><U53/><E115/><V28/><F133/><W87/><G6/><T107/><D32/><U97/><E17/><V44/><F44/><W120/><G126/><N who="1" m="32258" /><U72/><DORA hai="64" /><E103/><N who="2" m="39499" /><F28/><W96/><G96/><T8/><D107/><U2/><E2/><V111/><F111/><W109/><G120/><T3/><D43/><U76/><E47/><V39/><F39/><W128/><G128/><N who="2" m="49257" /><F57/><W112/><G112/><T22/><D3/><U91/><E102/><V70/><F70/><W119/><G119/><T37/><D37/><U71/><E53/><V16/><F1/><W67/><G67/><T117/><D117/><U131/><E131/><V38/><F38/><W113/><G113/><T116/><D116/><U4/><E4/><V7/><F7/><W13/><G109/><T59/><D110/><U121/><E121/><V33/><F33/><W55/><G87/><AGARI ba="0,0" hai="60,66,71,72,75,76,83,87,91,94,97" m="32258" machi="87" ten="40,5200,0" yaku="18,1,52,2" doraHai="62,64" who="1" fromWho="3" sc="350,0,122,52,157,0,371,-52" />
</Scene>
<Scene>
<INIT seed="7,0,0,2,4,120" ten="350,174,157,319" oya="3" hai0="53,16,56,88,78,114,10,94,87,3,63,134,17" hai1="116,133,76,27,36,59,6,77,64,122,47,50,61" hai2="2,84,93,90,113,126,19,119,130,66,28,105,11" hai3="92,41,62,81,117,123,85,23,57,68,129,118,75"/><W125/><G123/><T67/><D134/><U89/><E122/><V42/><F119/><W9/><G68/><T51/><D114/><U131/><E133/><V115/><F105/><W31/><G75/><T0/><D78/><U58/><E116/><V99/><F28/><W15/><G41/><T52/><D53/><N who="1" m="29919" /><E36/><V18/><F126/><W22/><G125/><T13/><D17/><U86/><E131/><V135/><F135/><W95/><G129/><T112/><D112/><N who="2" m="43082" /><F130/><W101/><G118/><T5/><D5/><U49/><E6/><N who="2" m="1495" /><F42/><W128/><G128/><T34/><D34/><U20/><E49/><V4/><F4/><N who="3" m="3495" /><G117/><T82/><D94/><N who="3" m="35881" /><G101/><T39/><D39/><U102/><E102/><N who="2" m="60783" /><F66/><N who="3" m="39247" /><G31/><T8/><D8/><U91/><E64/><V83/><F18/><W108/><G108/><T97/><D97/><U35/><E35/><V127/><F127/><W30/><G30/><T33/><D33/><U109/><E109/><V74/><F74/><W98/><G98/><T54/><D54/><N who="1" m="34007" /><E59/><AGARI ba="0,0" hai="0,3,10,13,16,51,52,56,59,63,67,82,87,88" machi="59" ten="30,7700,0" yaku="7,1,54,3" doraHai="120" who="0" fromWho="1" sc="350,77,174,-77,157,0,319,0" owari="427,52.0,97,-40.0,157,-24.0,319,12.0" />
</Scene>
</mjloggm>