<mjloggm ver="2.3"><GO type="169" lobby="0"/><UN n0="%E3%81%99%E3%81%84%E3%81%8F%E3%82%8D" n1="%E5%A4%AA%E3%81%8F%E3%81%AA%E3%81%84%E3%81%8A" n2="%E6%9D%8E%E7%A9%8E%E8%97%8D" n3="%E9%87%8F%E5%AD%90%28%E3%82%8A%E3%82%87%E3%81%86%E3%81%97%29" dan="16,18,17,16" rate="2061.18,2317.68,2083.22,2087.18" sx="M,M,M,M"/><TAIKYOKU oya="0"/>

<Scene>
<INIT seed="0,0,0,2,3,33" ten="250,250,250,250" oya="0" hai0="19,66,90,31,99,13,37,117,24,107,43,17,131" hai1="114,40,71,9,120,0,53,44,105,106,86,63,54" hai2="123,38,39,128,62,11,81,101,8,60,1,83,115" hai3="133,45,91,122,78,121,57,89,25,98,75,26,6"/><T111/><D131/><U68/><E120/><V77/><F123/><W59/><G45/><T116/><D111/><U10/><E114/><V42/><F115/><W69/><G69/><T80/><D66/><U47/><E86/><V134/><F101/><W12/><G133/><T125/><D125/><U16/><E63/><V28/><F28/><W87/><G121/><T41/><D19/><U100/><E100/><V2/><F42/><W61/><G122/><T110/><D37/><U109/><E40/><V79/><REACH who="2" step="1"/><F128/><REACH who="2" ten="250,250,240,250" step="2"/><W36/><G36/><T14/><D43/><U55/><E109/><V4/><F4/><W49/><G6/><T74/><D41/><U5/><E16/><V46/><F46/><W92/><G75/><T119/><D110/><U22/><E5/><V102/><F102/><W23/><G78/><T56/><D74/><U88/><E47/><V93/><F93/><W72/><G72/><T113/><D113/><U126/><E44/><V7/><F7/><W82/><G92/><T3/><D119/><U85/><E106/><V64/><F64/><W65/><G65/><T30/><D107/><U135/><E105/><V34/><F34/><W130/><G130/><T132/><D117/><U15/><E55/><V76/><F76/><W124/><G124/><T129/><D129/><U108/><E54/><V96/><F96/><W58/><G98/><T118/><D118/><U52/><E53/><V50/><F50/><W84/><G49/><T73/><D116/><U97/><E126/><V104/><F104/><W95/><G61/><T35/><D73/><U21/><E108/><RYUUKYOKU ba="0,1" sc="250,-15,250,-15,240,15,250,15" hai2="1,2,8,11,38,39,60,62,77,79,81,83,134" hai3="12,23,25,26,57,58,59,82,84,87,89,91,95" />
</Scene>
<Scene>
<INIT seed="1,1,1,4,2,42" ten="235,235,255,265" oya="1" hai0="74,29,134,76,8,44,66,77,130,17,79,84,59" hai1="50,37,132,80,97,31,133,116,53,129,78,121,81" hai2="35,58,5,49,85,60,30,106,104,43,65,14,108" hai3="57,38,64,2,96,98,39,54,75,33,4,51,71"/><U26/><E116/><V40/><F108/><W63/><G75/><T120/><D74/><U13/><E37/><V83/><F43/><W68/><G68/><T23/><D134/><N who="1" m="51819" /><E121/><V52/><F40/><W6/><G33/><T126/><D130/><U127/><E129/><V62/><F62/><W95/><G96/><T123/><D126/><U100/><E13/><V94/><F94/><W70/><G70/><T32/><D8/><U9/><E9/><V3/><F3/><W131/><G131/><T15/><D84/><U27/><E127/><V19/><F5/><W103/><G2/><T87/><D87/><N who="1" m="48535" /><E31/><V115/><F115/><W47/><G38/><T73/><D73/><U128/><E81/><V88/><F30/><W122/><G122/><T41/><D32/><U10/><E10/><V125/><F35/><W12/><G12/><T21/><D21/><U114/><E114/><V45/><F125/><W25/><G25/><T36/><REACH who="0" step="1"/><D29/><REACH who="0" ten="225,235,255,265" step="2"/><U135/><E128/><V107/><F104/><W119/><G98/><T24/><D24/><U7/><E135/><V93/><F93/><W18/><G95/><T11/><D11/><AGARI ba="1,2" hai="11,14,19,45,49,52,58,60,65,83,85,88,106,107" machi="11" ten="30,12000,2" yaku="7,1,25,2,52,1,54,2" doraHai="42" who="2" fromWho="0" sc="225,-123,235,0,255,143,265,0" />
</Scene>
<Scene>
<INIT seed="2,0,0,2,3,75" ten="102,235,398,265" oya="2" hai0="85,40,117,10,24,128,116,47,65,3,95,17,86" hai1="33,66,96,125,115,130,82,23,25,37,122,56,94" hai2="22,16,7,43,124,4,84,35,49,61,80,105,2" hai3="97,19,121,11,41,133,79,18,100,28,134,126,48"/><V127/><F35/><W30/><G121/><T77/><D128/><U113/><E37/><V34/><F34/><W52/><G41/><T111/><D111/><U90/><E33/><V71/><F105/><W15/><G19/><T6/><D65/><U54/><E130/><V31/><F31/><W135/><G126/><N who="2" m="48169" /><F2/><W112/><G112/><T87/><D95/><U42/><E125/><V32/><F32/><W36/><G36/><T102/><D102/><U67/><E42/><V27/><F61/><W114/><G114/><T14/><D24/><U81/><E122/><V107/><F71/><W129/><G129/><T131/><D131/><U64/><E115/><V70/><F70/><W45/><REACH who="3" step="1"/><G79/><REACH who="3" ten="102,235,398,255" step="2"/><T101/><D117/><U53/><E113/><V73/><F43/><W39/><G39/><T132/><D116/><U98/><E98/><V120/><F120/><W20/><G20/><T58/><D77/><U74/><E74/><V26/><F73/><W50/><G50/><T106/><D132/><U91/><E23/><V5/><F49/><W69/><G69/><T55/><D40/><U21/><E21/><V13/><F107/><AGARI ba="0,1" hai="11,15,18,28,30,45,48,52,97,100,107,133,134,135" machi="107" ten="40,5200,0" yaku="1,1,20,1,54,1,53,0" doraHai="75" doraHaiUra="123" who="3" fromWho="2" sc="102,0,235,0,398,-52,255,62" />
</Scene>
<Scene>
<INIT seed="3,0,0,2,5,31" ten="102,235,346,317" oya="3" hai0="92,83,16,51,62,105,41,30,104,112,45,73,32" hai1="2,5,110,58,63,125,100,109,86,90,113,69,127" hai2="12,46,82,121,7,124,114,85,38,35,60,6,80" hai3="39,43,1,37,47,4,64,116,84,18,132,119,26"/><W56/><G37/><T99/><D112/><U40/><E113/><V97/><F114/><W72/><G72/><T61/><D105/><U13/><E2/><V57/><F35/><W74/><G74/><T76/><D104/><U115/><E115/><V24/><F24/><W11/><G132/><T67/><D16/><U17/><E69/><V126/><F121/><W107/><G107/><T14/><D14/><U94/><E40/><V33/><F33/><W53/><G64/><T134/><D134/><U111/><E100/><V36/><F97/><W135/><G135/><T120/><D120/><U34/><E34/><V101/><F101/><W10/><G84/><T15/><D15/><U19/><E5/><V131/><F131/><W28/><G11/><T128/><D67/><N who="1" m="39415" /><E19/><V91/><F82/><W68/><G18/><T54/><D41/><U98/><E98/><V0/><F0/><W23/><G68/><T108/><D128/><U103/><E103/><V42/><F38/><W89/><G89/><T93/><D93/><U52/><E52/><N who="2" m="33831" /><F12/><W96/><G96/><T129/><D129/><U20/><AGARI ba="0,0" hai="13,17,20,86,90,94,109,110,111,125,127" m="39415" machi="20" ten="40,1500,0" yaku="14,1" doraHai="31" who="1" fromWho="1" sc="102,-4,235,15,346,-4,317,-7" />
</Scene>
<Scene>
<INIT seed="4,0,0,3,4,61" ten="98,250,342,310" oya="0" hai0="102,83,81,23,135,22,96,41,67,2,92,40,36" hai1="7,80,19,27,1,107,38,77,10,46,65,90,30" hai2="121,55,20,14,32,17,68,75,72,56,70,98,43" hai3="115,33,109,127,94,104,130,125,113,12,111,103,105"/><T119/><D135/><U63/><E90/><V114/><F114/><N who="3" m="43531" /><G33/><T133/><D133/><U122/><E122/><V123/><F32/><W128/><G12/><T84/><D2/><U71/><E19/><V120/><F43/><N who="0" m="16458" /><D36/><U79/><E46/><V95/><F72/><W51/><G51/><T76/><D119/><U134/><E134/><V73/><F73/><W4/><G4/><T93/><D93/><U3/><E38/><V5/><F5/><W106/><G94/><T29/><D83/><U129/><E129/><N who="3" m="49770" /><G103/><T110/><D110/><AGARI ba="0,0" hai="104,105,106,109,110,111,125,127" m="49770,43531" machi="110" ten="50,16000,3" yaku="28,2,15,1,19,1,31,2,34,2" doraHai="61" who="3" fromWho="0" sc="98,-160,250,0,342,0,310,160" owari="-62,-56.0,250,-15.0,342,14.0,470,57.0" />
</Scene>
</mjloggm>