<mjloggm ver="2.3"><GO type="41" lobby="0"/><UN n0="%E5%A4%AA%E3%81%8F%E3%81%AA%E3%81%84%E3%81%8A" n1="%2D%6B%6F%65%69%2D" n2="%73%68%69%6E%6A%69%6D%65" n3="%E3%82%AE%E3%83%B3%E3%83%A4%E3%83%B3%E3%83%9E" dan="17,15,14,13" rate="2266.76,1959.28,1921.73,1899.55" sx="M,M,M,M"/><TAIKYOKU oya="0"/>

<Scene>
<INIT seed="0,0,0,5,5,22" ten="250,250,250,250" oya="0" hai0="36,127,96,38,120,126,55,74,89,87,97,99,50" hai1="129,90,62,65,67,57,101,83,51,131,128,10,130" hai2="134,28,100,6,108,35,52,118,66,54,20,122,24" hai3="30,116,59,32,105,80,60,61,34,47,84,3,17"/><T64/><D74/><U37/><E37/><V73/><F122/><W33/><G105/><T107/><D107/><U43/><N who="1" m="33280" /><DORA hai="86" /><U56/><E101/><V16/><F73/><W77/><G116/><T15/><D64/><U124/><E124/><N who="0" m="47657" /><D15/><U21/><E21/><V44/><F108/><W113/><G113/><T115/><D120/><U25/><E25/><V69/><F118/><W133/><G133/><T114/><D36/><U95/><E83/><V93/><F134/><W81/><G3/><T39/><D38/><U110/><E110/><V75/><F75/><W49/><G17/><T53/><D39/><U40/><E10/><V79/><F79/><W135/><G135/><T8/><D8/><U7/><E7/><V0/><F0/><W26/><G81/><N who="0" m="49391" /><D55/><N who="1" m="31871" /><E65/><V14/><F44/><AGARI ba="0,0" hai="44,50,53,96,97,99,114,115" m="49391,47657" machi="44" ten="30,2900,0" yaku="18,1,52,1" doraHai="22,86" who="0" fromWho="2" sc="250,29,250,0,250,-29,250,0" />
</Scene>
<Scene>
<INIT seed="0,1,0,0,2,28" ten="279,250,221,250" oya="0" hai0="57,100,74,41,20,55,21,83,31,78,99,65,43" hai1="1,114,30,60,112,52,53,107,115,58,47,38,96" hai2="35,103,27,36,88,127,121,81,105,84,104,48,108" hai3="45,24,0,131,97,37,134,3,129,128,67,69,2"/><T61/><D20/><U133/><E133/><V51/><F36/><W95/><G134/><T25/><REACH who="0" step="1"/><D55/><REACH who="0" ten="269,250,221,250" step="2"/><U5/><E53/><V26/><F121/><W113/><G113/><T29/><D29/><U71/><E30/><V132/><F132/><W14/><G67/><T13/><D13/><U4/><E1/><V23/><F127/><W109/><G14/><T94/><AGARI ba="1,1" hai="21,25,31,41,43,57,61,65,74,78,83,94,99,100" machi="94" ten="20,12000,1" yaku="1,1,0,1,7,1,25,2,53,0" doraHai="28" doraHaiUra="44" who="0" fromWho="0" sc="269,133,250,-41,221,-41,250,-41" />
</Scene>
<Scene>
<INIT seed="0,2,0,2,4,13" ten="402,209,180,209" oya="0" hai0="40,127,118,81,28,74,34,121,36,17,24,20,55" hai1="123,84,120,133,64,57,77,126,108,88,39,135,6" hai2="33,46,109,87,0,61,107,78,37,14,9,79,131" hai3="93,105,70,75,86,54,100,104,48,102,62,94,60"/><T125/><D118/><U27/><E108/><V4/><F109/><W97/><G75/><T92/><D121/><U8/><E126/><N who="0" m="48137" /><D55/><U10/><E77/><V69/><F131/><W23/><G70/><T3/><D3/><U45/><E27/><V103/><F0/><W42/><G42/><T113/><D113/><U90/><E39/><V59/><F69/><W99/><G86/><T7/><D7/><U32/><E45/><V114/><F114/><W49/><G23/><T1/><D1/><U110/><E110/><V53/><F33/><W82/><G54/><T73/><D92/><U89/><E32/><V98/><F87/><W18/><G82/><T50/><D36/><U101/><E84/><V130/><F130/><W22/><G22/><T76/><D73/><U67/><E101/><V68/><F68/><W56/><G56/><T95/><D95/><U116/><E116/><V2/><F2/><W35/><G35/><T21/><D17/><AGARI ba="2,0" hai="17,18,48,49,60,62,93,94,97,99,100,102,104,105" machi="17" ten="25,6400,0" yaku="22,2,52,2" doraHai="13" who="3" fromWho="0" sc="402,-70,209,0,180,0,209,70" />
</Scene>
<Scene>
<INIT seed="1,0,0,2,0,115" ten="332,209,180,279" oya="1" hai0="99,65,41,52,92,112,39,64,128,25,15,94,24" hai1="118,17,103,81,35,101,78,83,51,86,50,100,127" hai2="80,117,70,53,114,6,76,54,85,88,5,21,19" hai3="131,119,32,66,126,108,79,28,59,72,23,22,56"/><U11/><E35/><V3/><F70/><W8/><G72/><T20/><D112/><U98/><E127/><V31/><F114/><W43/><G79/><T121/><D39/><U69/><E118/><V110/><F110/><W68/><G43/><T30/><D41/><U102/><E69/><V120/><F120/><W135/><G68/><T77/><D121/><U111/><E111/><V97/><F31/><W109/><G66/><T107/><D107/><U34/><E34/><V4/><F3/><W130/><G32/><T60/><D128/><N who="3" m="49193" /><G109/><T67/><D77/><U46/><E83/><V62/><F117/><W61/><G108/><T9/><D25/><U93/><E46/><V90/><F90/><W95/><G119/><T75/><D75/><U124/><E124/><V105/><F105/><W134/><G126/><T116/><D116/><U106/><E106/><V96/><F76/><W29/><G95/><T133/><D133/><N who="3" m="50697" /><G61/><T84/><D84/><U26/><REACH who="1" step="1"/><E11/><REACH who="1" ten="332,199,180,279" step="2"/><V13/><F62/><W37/><G8/><T1/><D60/><U12/><E12/><V42/><F42/><W45/><G45/><T33/><D15/><U89/><E89/><V14/><F13/><W125/><G125/><T104/><D33/><U27/><E27/><V40/><F40/><W122/><G122/><T87/><D9/><U48/><E48/><V49/><F54/><W74/><G37/><T132/><D132/><U113/><E113/><V91/><F91/><W58/><G74/><T82/><D52/><U63/><E63/><V7/><N who="2" m="1536" /><DORA hai="47" /><V38/><F38/><W18/><G23/><AGARI ba="0,1" hai="17,23,26,50,51,78,81,86,93,98,100,101,102,103" machi="23" ten="40,12000,1" yaku="1,1,6,1,8,1,52,2,53,0" doraHai="115,47" doraHaiUra="2,36" who="1" fromWho="3" sc="332,0,199,130,180,0,279,-120" />
</Scene>
<Scene>
<INIT seed="1,1,0,1,3,72" ten="332,329,180,159" oya="1" hai0="60,2,81,116,50,128,123,93,31,89,44,95,8" hai1="22,71,77,86,37,24,83,135,25,97,118,5,46" hai2="111,78,63,113,120,4,30,119,124,91,66,76,41" hai3="35,58,127,9,126,34,125,33,64,15,74,13,7"/><U38/><E118/><V20/><F119/><W107/><G107/><T56/><D116/><U48/><E25/><V90/><F120/><W73/><G64/><T53/><D123/><U96/><E71/><V36/><F113/><W40/><G40/><T26/><D128/><U69/><E69/><V23/><F111/><W100/><G100/><T42/><D2/><U70/><E70/><V130/><F130/><W28/><G58/><T65/><D8/><U105/><E135/><V80/><F124/><W117/><G117/><T115/><D115/><U79/><E5/><V62/><F4/><W101/><G101/><T6/><D6/><U133/><E133/><V102/><F102/><W47/><G47/><T92/><D81/><U104/><E104/><V32/><F32/><N who="3" m="12395" /><G74/><T55/><REACH who="0" step="1"/><D89/><REACH who="0" ten="322,329,180,159" step="2"/><N who="1" m="51423" /><E105/><V132/><F132/><W114/><G114/><T17/><D17/><N who="1" m="12367" /><E37/><V129/><F129/><W14/><G73/><T0/><D0/><U57/><E38/><V87/><F36/><W45/><G45/><T10/><D10/><U18/><E18/><V11/><F11/><W21/><G35/><AGARI ba="1,1" hai="26,31,35,42,44,50,53,55,56,60,65,92,93,95" machi="35" ten="40,1300,0" yaku="1,1,53,0" doraHai="72" doraHaiUra="82" who="0" fromWho="3" sc="322,26,329,0,180,0,159,-16" />
</Scene>
<Scene>
<INIT seed="2,0,0,5,2,118" ten="348,329,180,143" oya="2" hai0="80,110,81,15,130,8,131,74,77,32,132,128,126" hai1="49,71,65,116,73,100,30,104,85,31,75,4,40" hai2="59,0,121,24,129,33,67,123,108,83,53,84,107" hai3="79,135,52,98,113,82,23,86,91,101,38,70,36"/><V94/><F0/><W3/><G3/><T96/><D110/><U22/><E116/><V37/><F37/><W89/><G70/><T14/><D32/><U45/><E104/><V60/><F107/><W102/><G38/><T66/><D126/><U115/><E115/><V97/><F129/><W120/><G36/><T9/><D132/><U124/><E100/><N who="3" m="38506" /><G120/><T127/><D127/><U114/><E114/><V50/><F108/><W103/><G113/><T42/><D42/><U105/><E105/><V69/><F33/><W54/><G135/><T117/><D117/><U119/><E119/><V2/><F2/><W95/><G23/><T72/><D96/><U17/><E124/><V10/><F10/><N who="0" m="4202" /><D66/><U76/><E4/><V13/><F13/><N who="0" m="4618" /><D77/><U21/><E65/><V57/><F69/><W134/><G134/><T6/><D6/><U133/><E75/><AGARI ba="0,0" hai="72,74,75,80,81,128,130,131" m="4618,4202" machi="75" ten="40,5200,0" yaku="28,2,19,1" doraHai="118" who="0" fromWho="1" sc="348,52,329,-52,180,0,143,0" />
</Scene>
<Scene>
<INIT seed="3,0,0,1,2,40" ten="400,277,180,143" oya="3" hai0="96,71,125,134,54,31,131,29,7,102,14,47,108" hai1="67,105,39,11,87,46,65,83,32,4,78,30,63" hai2="76,101,75,99,93,17,12,26,43,45,15,5,33" hai3="111,120,85,50,113,135,19,20,64,55,121,103,48"/><W61/><G113/><T23/><D71/><U122/><E122/><V72/><F33/><W57/><G135/><T52/><D134/><U1/><E105/><V133/><F133/><W107/><G111/><T21/><D108/><U82/><E32/><V62/><F62/><W74/><G74/><T68/><D125/><U129/><E129/><V119/><F119/><W123/><G107/><T56/><D68/><U100/><E100/><V91/><F26/><W126/><G103/><T58/><D131/><U114/><E114/><V104/><F5/><W18/><G126/><T13/><D102/><U127/><E30/><V38/><F72/><W51/><G85/><T28/><D96/><U0/><E127/><V22/><F15/><N who="0" m="5642" /><D7/><U10/><E0/><V2/><F2/><W59/><REACH who="3" step="1"/><G20/><REACH who="3" ten="400,277,180,133" step="2"/><T115/><D115/><U36/><E87/><V81/><F104/><W80/><G80/><T41/><D21/><U90/><E83/><V42/><F101/><W73/><G73/><T70/><D23/><U88/><E82/><V27/><REACH who="2" step="1"/><F42/><REACH who="2" ten="400,277,170,133" step="2"/><W97/><G97/><T95/><D41/><U116/><E116/><V132/><F132/><W118/><G118/><T130/><D130/><U89/><E4/><V8/><F8/><W69/><G69/><T94/><D70/><U77/><E10/><V66/><F66/><W79/><G79/><T6/><D6/><U109/><E109/><V3/><F3/><W86/><G86/><T124/><D124/><U53/><E11/><V110/><F110/><W92/><G92/><N who="0" m="35371" /><D54/><U37/><E1/><V128/><F128/><W34/><G34/><RYUUKYOKU ba="0,2" sc="400,10,277,-30,170,10,133,10" hai0="28,29,31,47,52,56,58" hai2="12,17,22,27,38,43,45,75,76,81,91,93,99" hai3="18,19,48,50,51,55,57,59,61,64,120,121,123" />
</Scene>
<Scene>
<INIT seed="3,1,2,1,0,54" ten="410,247,180,143" oya="3" hai0="18,17,83,6,107,91,63,120,102,10,59,116,27" hai1="75,39,3,97,32,56,81,89,51,134,16,133,131" hai2="62,113,28,45,55,78,90,0,96,110,48,37,111" hai3="67,24,87,129,101,70,36,34,112,88,49,74,23"/><W13/><G74/><T26/><D116/><U80/><E39/><V12/><F0/><W9/><G112/><T8/><D120/><U104/><E32/><V60/><F113/><W57/><G36/><T92/><D107/><U69/><E69/><V40/><F28/><W135/><G70/><T124/><D102/><U43/><E3/><V33/><F33/><W15/><G34/><T68/><D83/><U66/><E131/><V106/><F78/><W126/><G129/><T105/><D105/><U118/><E118/><V65/><F12/><W35/><G35/><T76/><D76/><U22/><E75/><V4/><F4/><W95/><G135/><N who="1" m="51722" /><E43/><V53/><F106/><W31/><G126/><T123/><D68/><U47/><E47/><N who="2" m="23951" /><F90/><W20/><G101/><T11/><D6/><U100/><E89/><V93/><F93/><W85/><G23/><T29/><D123/><U52/><E66/><V128/><F96/><W50/><G85/><N who="0" m="52335" /><D124/><U1/><E1/><V73/><F73/><W86/><G86/><T98/><D98/><U25/><AGARI ba="1,2" hai="16,22,25,51,52,56,80,81,97,100,104" m="51722" machi="25" ten="30,7900,0" yaku="20,1,52,1,54,2" doraHai="54" who="1" fromWho="1" sc="410,-21,247,102,180,-21,143,-40" />
</Scene>
<Scene>
<INIT seed="4,0,0,4,5,95" ten="389,349,159,103" oya="0" hai0="109,12,104,44,111,125,41,7,110,123,57,19,96" hai1="43,20,39,124,0,101,45,133,113,6,73,115,80" hai2="82,56,72,61,103,32,58,89,84,8,54,27,21" hai3="5,127,14,18,129,77,3,67,94,119,42,66,106"/><T31/><D123/><U85/><E124/><V93/><F32/><W28/><G106/><T4/><D125/><U35/><E133/><V25/><F72/><W60/><G127/><T33/><D57/><U87/><E35/><V92/><F8/><W17/><G119/><T40/><D31/><U114/><E20/><V11/><F11/><W91/><G3/><T71/><D71/><U59/><E0/><V86/><F25/><W37/><G5/><N who="0" m="2123" /><D33/><U62/><E6/><V88/><F58/><W34/><G129/><T63/><D63/><U79/><REACH who="1" step="1"/><E101/><REACH who="1" ten="389,339,159,103" step="2"/><V74/><F103/><W69/><G34/><T53/><D110/><U38/><E38/><V24/><F21/><W68/><G37/><T134/><D134/><U50/><E50/><V118/><F118/><W70/><G60/><T100/><D109/><U122/><E122/><V36/><F36/><W26/><G70/><T9/><D111/><U47/><E47/><V105/><F105/><W76/><G69/><T22/><D22/><U10/><E10/><V55/><F55/><AGARI ba="0,1" hai="39,43,45,55,59,62,73,79,80,85,87,113,114,115" machi="55" ten="40,8000,1" yaku="1,1,15,1,11,1,53,1" doraHai="95" doraHaiUra="52" who="1" fromWho="2" sc="389,0,339,90,159,-80,103,0" />
</Scene>
<Scene>
<INIT seed="5,0,0,5,1,23" ten="389,429,79,103" oya="1" hai0="35,53,18,133,45,103,68,34,86,79,26,127,102" hai1="131,40,49,91,52,124,2,42,85,110,11,66,37" hai2="87,65,19,113,10,100,55,5,28,115,69,107,134" hai3="82,20,83,128,97,17,117,50,62,77,0,64,95"/><U44/><E124/><V73/><F73/><W89/><G0/><T46/><D68/><U118/><E118/><V30/><F134/><W132/><G132/><T78/><D133/><U135/><E135/><V32/><F87/><W90/><G117/><T99/><D127/><U130/><E110/><V31/><F55/><W9/><G128/><N who="1" m="49194" /><E37/><V84/><F84/><W93/><G9/><T22/><D35/><U75/><E75/><V98/><F19/><W125/><G125/><T8/><D34/><U14/><E2/><V59/><F59/><W47/><G64/><T92/><D103/><U21/><E21/><V71/><F71/><W29/><G29/><T67/><D67/><U126/><E66/><V12/><REACH who="2" step="1"/><F32/><REACH who="2" ten="389,429,69,103" step="2"/><W109/><G109/><T51/><D86/><U80/><E126/><V111/><F111/><W104/><G62/><AGARI ba="0,1" hai="5,10,12,28,30,31,62,65,69,98,100,107,113,115" machi="62" ten="40,5200,0" yaku="1,1,53,2" doraHai="23" doraHaiUra="108" who="2" fromWho="3" sc="389,0,429,0,69,62,103,-52" />
</Scene>
<Scene>
<INIT seed="6,0,0,5,5,91" ten="389,429,131,51" oya="2" hai0="120,109,52,48,11,105,100,24,50,80,70,58,57" hai1="115,134,66,3,117,130,22,2,15,54,87,20,73" hai2="79,39,69,35,29,61,89,26,46,44,103,55,76" hai3="95,92,78,127,118,45,97,114,27,81,71,111,131"/><V67/><F46/><W82/><G71/><T83/><D120/><U96/><E73/><V30/><F29/><W102/><G45/><T119/><D70/><U32/><E32/><V108/><F108/><W34/><G34/><T122/><D122/><U124/><E117/><V53/><F53/><W1/><G1/><T4/><D109/><U37/><E37/><V135/><F135/><W125/><G27/><T17/><D119/><U36/><E36/><V64/><F67/><W113/><G111/><T40/><D105/><U65/><E124/><N who="3" m="47690" /><G118/><T72/><D100/><U49/><E2/><V56/><F89/><W16/><G16/><T84/><D72/><U116/><E3/><V98/><F44/><W7/><G7/><T41/><D80/><N who="3" m="30825" /><G78/><N who="0" m="46199" /><D4/><U10/><E66/><V5/><F39/><W33/><G33/><T47/><D24/><U107/><E65/><V28/><F28/><W126/><G126/><T14/><D57/><U99/><E116/><V110/><F5/><W128/><G92/><T104/><D104/><U51/><E107/><N who="2" m="63991" /><F110/><W12/><G12/><T18/><D18/><U133/><E15/><V132/><F132/><W90/><G102/><T101/><D101/><U0/><E134/><V85/><F85/><W21/><G21/><N who="0" m="11447" /><D41/><U25/><E133/><V9/><F9/><AGARI ba="0,0" hai="9,11,40,47,48,50,52,58" m="11447,46199" machi="9" ten="30,2000,0" yaku="8,1,54,1" doraHai="91" who="0" fromWho="2" sc="389,20,429,0,131,-20,51,0" />
</Scene>
<Scene>
<INIT seed="7,0,0,0,4,12" ten="409,429,111,51" oya="3" hai0="129,94,34,61,66,10,104,112,73,26,107,96,111" hai1="101,97,14,39,45,19,62,74,20,69,99,117,82" hai2="60,30,123,84,67,17,78,95,134,33,59,40,132" hai3="86,88,90,131,32,50,63,110,87,127,72,18,46"/><W98/><G72/><T4/><D111/><U15/><E69/><V55/><F40/><W13/><G32/><T1/><D129/><U43/><E117/><V2/><F2/><W68/><G131/><T89/><D73/><U121/><E121/><V71/><F123/><W31/><G110/><T115/><D34/><U114/><E114/><N who="0" m="43561" /><D26/><U80/><E97/><V103/><F78/><W0/><G0/><T83/><D83/><U8/><E62/><V29/><F33/><W21/><G127/><T108/><D108/><U36/><E36/><V130/><F130/><W54/><G68/><AGARI ba="0,0" hai="1,4,10,61,66,68,89,94,96,104,107" m="43561" machi="68" ten="30,2000,0" yaku="15,1,11,1" doraHai="12" who="0" fromWho="3" sc="409,20,429,0,111,0,51,-20" owari="429,53.0,429,23.0,111,-29.0,31,-47.0" />
</Scene>
</mjloggm>