<mjloggm ver="2.3"><GO type="169" lobby="0"/><UN n0="%E5%A4%AA%E3%81%8F%E3%81%AA%E3%81%84%E3%81%8A" n1="%E7%9C%9F%E3%81%A3%E5%90%91%E5%8B%9D%E8%B2%A0" n2="%6D%61%74%69%6F%73%61%6E" n3="%67%6F%73%68%69%6B%6B%75" dan="18,16,18,17" rate="2236.62,2144.98,2256.37,2224.85" sx="F,F,M,F"/><TAIKYOKU oya="0"/>

<Scene>
<INIT seed="0,0,0,2,5,5" ten="250,250,250,250" oya="0" hai0="13,27,108,135,75,6,115,134,124,39,76,62,11" hai1="111,91,9,41,74,113,14,107,52,4,32,96,19" hai2="21,109,85,98,2,70,12,89,128,67,30,26,87" hai3="84,130,40,56,118,94,120,17,112,36,43,66,59"/><T77/><D115/><U0/><E74/><V123/><F2/><W48/><G84/><T64/><D39/><U29/><E41/><V71/><F123/><W119/><G94/><T22/><D124/><U33/><E111/><V83/><F109/><W121/><G17/><N who="0" m="12751" /><D75/><U57/><E29/><V1/><F1/><W122/><G112/><T106/><D106/><U133/><E133/><N who="0" m="50697" /><D108/><U54/><E54/><V23/><F128/><W126/><G126/><T97/><D97/><U46/><E46/><V93/><F87/><W53/><G130/><T24/><D24/><U72/><E72/><V49/><F67/><W114/><G114/><T42/><D42/><N who="3" m="15913" /><G36/><T60/><D60/><AGARI ba="0,0" hai="48,53,56,59,60,66,118,119,120,121,122" m="15913" machi="60" ten="40,5200,0" yaku="13,1,34,2" doraHai="5" who="3" fromWho="0" sc="250,-52,250,0,250,0,250,52" />
</Scene>
<Scene>
<INIT seed="1,0,0,1,0,129" ten="198,250,250,302" oya="1" hai0="108,100,22,31,102,7,67,105,65,78,14,40,122" hai1="125,21,33,85,66,30,107,13,41,58,55,98,26" hai2="72,132,10,115,16,120,24,90,44,114,9,96,63" hai3="0,126,94,80,43,57,109,8,4,130,81,117,51"/><U116/><E116/><V62/><F72/><W50/><G117/><T35/><D35/><U74/><E74/><V133/><F120/><W99/><G109/><T3/><D3/><U112/><E112/><N who="2" m="43051" /><F44/><W123/><G123/><T42/><D122/><U118/><E118/><V79/><F79/><W18/><G126/><T56/><D108/><U124/><E41/><V127/><F127/><W119/><G130/><T6/><D78/><U135/><E66/><V25/><F90/><W46/><G119/><T68/><D68/><U23/><E85/><V47/><F96/><W128/><G128/><T87/><D87/><U28/><E107/><V95/><F47/><W86/><G18/><T54/><D105/><U39/><E39/><V20/><F95/><W104/><G104/><T121/><D121/><U73/><E98/><V53/><F25/><W15/><G0/><T1/><D1/><U106/><E73/><V76/><F76/><W70/><G70/><T17/><D42/><U48/><E106/><V77/><F77/><W32/><G32/><T52/><D40/><U113/><E113/><V37/><F37/><W89/><REACH who="3" step="1"/><G99/><REACH who="3" ten="198,250,250,292" step="2"/><T110/><D110/><U29/><E125/><V101/><F16/><W36/><G36/><T27/><D17/><N who="1" m="10415" /><E124/><V61/><F24/><W2/><G2/><T131/><D131/><U97/><E97/><V69/><F69/><W103/><G103/><T49/><D102/><U12/><E26/><V111/><F101/><W92/><G92/><T5/><D100/><U64/><E29/><V134/><F111/><W75/><G75/><T84/><D27/><RYUUKYOKU ba="0,1" sc="198,-10,250,-10,250,-10,292,30" hai3="4,8,15,43,46,50,51,57,80,81,86,89,94" />
</Scene>
<Scene>
<INIT seed="2,1,1,2,3,68" ten="188,240,240,322" oya="2" hai0="32,117,12,37,20,10,67,107,101,111,79,3,105" hai1="27,91,2,128,78,133,9,131,86,60,54,126,16" hai2="28,109,51,47,134,123,34,114,44,17,8,39,135" hai3="30,96,45,87,89,49,21,66,82,77,69,104,98"/><V106/><F123/><W5/><G69/><T41/><D32/><U63/><E78/><V100/><F114/><W29/><G66/><T102/><D111/><U65/><E126/><V50/><F106/><W18/><G5/><T90/><D117/><U43/><E43/><V120/><F100/><W61/><G61/><T64/><D79/><U6/><E133/><N who="2" m="50699" /><F120/><W75/><G104/><T52/><D3/><U76/><E76/><V108/><F34/><W58/><G58/><T59/><D107/><U88/><E91/><V112/><F28/><W0/><G0/><T36/><D20/><N who="1" m="13703" /><E65/><V80/><F112/><W22/><G22/><T33/><D33/><U93/><E54/><N who="2" m="30023" /><F80/><W121/><G121/><T14/><D90/><U26/><E26/><V38/><F17/><W72/><G72/><T13/><D10/><U94/><E94/><V116/><F8/><W132/><G30/><T57/><D105/><U15/><E2/><V11/><F11/><W25/><G29/><T127/><D12/><U73/><E73/><V85/><F85/><W62/><G132/><T115/><D115/><U48/><E48/><V56/><F116/><W81/><G62/><T31/><D31/><U74/><E74/><V95/><F95/><W23/><G21/><T110/><D13/><U129/><AGARI ba="1,1" hai="6,9,15,60,63,86,88,93,128,129,131" m="13703" machi="129" ten="30,4000,0" yaku="19,1,54,2" doraHai="68" who="1" fromWho="1" sc="188,-11,240,53,240,-21,322,-11" />
</Scene>
<Scene>
<INIT seed="3,0,0,2,4,130" ten="177,293,219,311" oya="3" hai0="56,6,88,23,59,113,108,107,123,58,95,17,105" hai1="115,40,19,29,106,5,93,84,45,47,37,33,42" hai2="9,50,16,87,31,92,118,65,121,111,3,112,25" hai3="24,72,128,27,71,126,83,89,22,74,61,103,131"/><W8/><G103/><T44/><D123/><U66/><E106/><V102/><F112/><W36/><G36/><T53/><D113/><U4/><E66/><V21/><F118/><W98/><G24/><T122/><D122/><U99/><E84/><V46/><F121/><W43/><G43/><T76/><D108/><U100/><E115/><V129/><F111/><W69/><G8/><T13/><D76/><U7/><E19/><V35/><F65/><W60/><G126/><T49/><REACH who="0" step="1"/><D6/><REACH who="0" ten="167,293,219,311" step="2"/><U94/><E4/><V127/><F127/><W0/><G128/><T68/><D68/><U62/><E5/><V48/><F129/><W79/><G71/><T104/><D104/><U101/><E7/><V70/><F70/><W119/><G79/><T109/><D109/><U10/><E37/><V26/><F3/><W81/><G69/><T28/><D28/><U73/><E29/><V41/><F9/><W133/><G0/><T52/><D52/><U134/><E10/><V57/><F31/><W80/><G131/><T97/><AGARI ba="0,1" hai="13,17,23,44,49,53,56,58,59,88,95,97,105,107" machi="97" ten="30,4000,0" yaku="1,1,0,1,54,1,53,0" doraHai="130" doraHaiUra="20" who="0" fromWho="0" sc="167,50,293,-10,219,-10,311,-20" />
</Scene>
<Scene>
<INIT seed="4,0,0,4,1,82" ten="217,283,209,291" oya="0" hai0="73,54,38,15,117,71,101,131,70,41,100,109,106" hai1="108,97,42,98,86,61,2,46,56,35,33,36,105" hai2="125,122,29,91,45,113,115,128,32,0,107,40,67" hai3="58,25,34,27,132,135,76,18,60,118,65,7,78"/><T68/><D117/><U95/><E108/><V20/><F107/><W10/><G118/><T52/><D73/><U62/><E2/><V44/><F122/><W72/><G72/><T121/><D121/><U53/><E61/><V83/><F0/><W59/><G18/><T31/><D109/><U102/><REACH who="1" step="1"/><E86/><REACH who="1" ten="217,273,209,291" step="2"/><N who="2" m="50655" /><F125/><W93/><G60/><T88/><D131/><U6/><E6/><V26/><F128/><W79/><G7/><T17/><D70/><U119/><E119/><V96/><F113/><W23/><G135/><T57/><D71/><U75/><E75/><V110/><F115/><W81/><G132/><T90/><D68/><U87/><E87/><V24/><F110/><W130/><G130/><T43/><D31/><U66/><E66/><V51/><F67/><W89/><G65/><T116/><D116/><U9/><E9/><V111/><F111/><W16/><G10/><T103/><D106/><U99/><E99/><V64/><F64/><W14/><G79/><T12/><D17/><U30/><E30/><N who="2" m="17735" /><F96/><W3/><G78/><T104/><D104/><U80/><E80/><V134/><F134/><W28/><G3/><T94/><D94/><U11/><E11/><V133/><F133/><W129/><G129/><T92/><D92/><U48/><E48/><V123/><F123/><W5/><G81/><T63/><D38/><U39/><E39/><V37/><F37/><W112/><G76/><T127/><D127/><U55/><E55/><V49/><F49/><W22/><G112/><T4/><D54/><U69/><E69/><V8/><F8/><W84/><G5/><RYUUKYOKU ba="0,1" sc="217,-30,273,10,209,10,291,10" hai1="33,35,36,42,46,53,56,62,95,97,98,102,105" hai2="24,29,32,40,44,45,51" hai3="14,16,22,23,25,27,28,34,58,59,84,89,93" />
</Scene>
<Scene>
<INIT seed="5,1,1,5,3,69" ten="187,283,219,301" oya="1" hai0="56,4,50,112,32,70,9,60,135,64,104,105,15" hai1="0,45,66,97,42,93,46,10,6,133,16,28,5" hai2="91,119,109,53,67,123,108,84,106,30,17,85,107" hai3="121,94,63,134,127,86,75,117,76,81,44,115,36"/><U47/><E28/><V39/><F123/><W65/><G121/><T132/><D32/><U35/><E35/><V27/><F119/><W90/><G115/><T77/><D112/><U73/><E73/><V31/><F17/><W23/><G127/><T22/><D77/><U8/><E133/><N who="0" m="51273" /><D22/><U98/><E66/><V78/><F67/><W128/><G128/><T7/><D7/><U37/><E97/><V14/><F14/><W72/><G23/><T88/><D88/><U54/><E54/><AGARI ba="1,1" hai="4,9,15,50,54,56,60,64,70,104,105" m="51273" machi="54" ten="30,1000,0" yaku="20,1" doraHai="69" who="0" fromWho="1" sc="187,23,283,-13,219,0,301,0" />
</Scene>
<Scene>
<INIT seed="6,0,0,1,5,42" ten="210,270,219,301" oya="2" hai0="105,93,17,107,80,116,111,8,75,113,64,124,35" hai1="118,33,13,79,89,68,40,61,95,6,56,36,48" hai2="115,41,14,32,81,47,28,112,134,12,82,26,4" hai3="50,98,10,3,11,23,57,55,72,24,97,76,19"/><V34/><F34/><W117/><G117/><T132/><D35/><U106/><E106/><V102/><F102/><W74/><G74/><T30/><D30/><U69/><E33/><V53/><F53/><W49/><G3/><T131/><D64/><U16/><E36/><V18/><F134/><W83/><G50/><T119/><D111/><U38/><E38/><N who="2" m="21943" /><F4/><W110/><G110/><T0/><D132/><U1/><E6/><V46/><F46/><W121/><G121/><T78/><D0/><U77/><E1/><V104/><F104/><W90/><G90/><T25/><D107/><U91/><E91/><V114/><F14/><W70/><G70/><T37/><D105/><U71/><E48/><V88/><F88/><W92/><G92/><T62/><D37/><U120/><E40/><V135/><F135/><W87/><G72/><T94/><D93/><U108/><E118/><V58/><F58/><W123/><G123/><T39/><D94/><U99/><E120/><V52/><F52/><W130/><G130/><T133/><D131/><U5/><E5/><V85/><F85/><W20/><G23/><AGARI ba="0,0" hai="12,18,23,26,28,32,81,82,112,114,115" m="21943" machi="23" ten="30,2900,0" yaku="15,1,52,1" doraHai="42" who="2" fromWho="3" sc="210,0,270,0,219,29,301,-29" />
</Scene>
<Scene>
<INIT seed="6,1,0,5,0,63" ten="210,270,248,272" oya="2" hai0="33,115,41,86,29,6,80,60,127,23,54,72,44" hai1="12,15,2,56,106,79,95,129,91,50,85,64,93" hai2="22,62,39,87,42,131,125,104,43,38,126,118,19" hai3="119,69,65,71,61,48,124,92,10,17,18,4,49"/><V73/><F73/><W25/><G119/><T89/><D115/><U117/><E106/><V116/><F104/><W27/><G124/><N who="2" m="47721" /><F87/><W24/><G71/><T77/><D127/><U47/><E2/><V46/><F131/><W35/><G35/><T37/><D33/><U109/><E109/><V78/><F78/><W121/><G121/><T83/><D6/><U120/><E117/><N who="2" m="45163" /><F62/><W111/><G92/><T133/><D133/><U110/><E79/><V105/><F105/><W128/><G111/><T31/><D23/><U9/><E129/><V20/><F19/><W13/><G128/><T45/><D60/><U135/><E110/><V52/><F52/><W108/><G108/><T51/><AGARI ba="1,0" hai="29,31,37,41,44,45,51,54,72,77,80,83,86,89" machi="51" ten="30,1100,0" yaku="0,1" doraHai="63" who="0" fromWho="0" sc="210,14,270,-4,248,-6,272,-4" />
</Scene>
<Scene>
<INIT seed="7,0,0,4,0,85" ten="224,266,242,268" oya="3" hai0="108,69,35,28,107,70,133,20,123,62,1,14,73" hai1="120,40,113,63,31,23,67,25,102,38,29,128,127" hai2="78,80,83,33,39,81,91,41,42,116,92,132,105" hai3="18,112,0,114,82,4,76,22,110,47,53,96,122"/><W115/><G122/><T16/><D123/><U93/><E120/><V94/><F33/><W52/><G110/><T51/><D108/><U49/><E38/><V77/><F39/><W21/><G96/><T135/><D107/><U36/><E36/><V34/><F34/><W30/><G30/><T79/><D1/><U111/><E113/><V131/><F116/><W45/><G4/><T17/><D51/><U104/><E104/><V86/><F105/><W100/><G100/><T43/><D43/><N who="2" m="16394" /><F132/><N who="0" m="50762" /><D17/><U9/><E31/><V8/><F131/><W60/><G21/><T101/><D101/><U98/><E128/><V19/><F94/><W11/><G11/><T109/><D109/><U90/><E9/><V130/><F130/><W106/><G0/><T84/><D73/><U61/><E111/><V37/><F37/><W124/><G124/><T74/><D74/><U12/><E127/><V56/><F56/><N who="3" m="34823" /><G53/><T66/><D28/><U119/><E119/><V125/><F125/><W3/><G3/><T54/><D54/><U44/><E67/><V68/><F68/><W103/><G103/><T7/><D7/><U48/><E102/><V24/><F8/><W88/><G106/><T59/><D35/><U26/><E40/><V118/><F118/><W15/><G76/><N who="2" m="29289" /><F19/><W46/><G46/><T89/><D79/><U2/><E44/><V5/><F5/><W64/><G64/><T58/><D70/><U121/><E121/><V50/><F50/><N who="1" m="19561" /><E2/><V13/><F24/><N who="1" m="9321" /><E29/><V72/><F72/><W6/><G6/><T99/><D99/><U126/><E126/><V134/><F13/><RYUUKYOKU ba="0,0" sc="224,0,266,0,242,0,268,0" hai0="14,16,20,58,59,62,66,69,84,89" hai1="12,23,61,63,90,93,98" hai2="80,81,83,86,91,92,134" hai3="15,18,22,45,47,82,88,112,114,115" />
</Scene>
<Scene>
<INIT seed="7,1,0,0,3,20" ten="224,266,242,268" oya="3" hai0="94,100,130,15,24,0,92,83,9,12,43,112,71" hai1="62,118,78,67,52,11,49,54,97,96,25,41,125" hai2="109,79,89,37,44,116,4,119,36,5,126,59,19" hai3="47,95,27,42,105,114,77,123,69,14,87,63,106"/><W135/><G123/><T133/><D71/><U23/><E125/><V122/><F109/><W129/><G114/><T103/><D112/><U90/><E78/><V18/><F126/><W39/><G129/><T81/><D130/><U7/><E41/><V3/><F122/><W120/><G135/><T64/><D133/><U30/><E118/><V107/><F59/><W6/><G27/><T21/><D0/><U2/><E90/><V51/><F107/><W46/><G46/><T26/><D43/><U48/><E48/><V88/><F79/><W98/><G6/><T22/><D9/><U35/><E35/><V53/><F3/><W8/><G120/><T13/><D13/><U91/><E91/><V28/><F51/><W29/><G29/><T82/><D82/><U55/><REACH who="1" step="1"/><E49/><REACH who="1" ten="224,256,242,268" step="2"/><V132/><F132/><W17/><G77/><T60/><D64/><U32/><E32/><V115/><F115/><W38/><G42/><T93/><D93/><U73/><E73/><V16/><F119/><W134/><G95/><T86/><D86/><U108/><E108/><V45/><F116/><W127/><G87/><T84/><D84/><U101/><E101/><V31/><F37/><W68/><G39/><T72/><D60/><U124/><E124/><V70/><F36/><W102/><G38/><T75/><AGARI ba="1,1" hai="12,15,21,22,24,26,72,75,81,83,92,94,100,103" machi="75" ten="25,8000,1" yaku="0,1,22,2,52,2" doraHai="20" who="0" fromWho="0" sc="224,93,256,-21,242,-21,268,-41" owari="317,41.0,235,4.0,221,-28.0,227,-17.0" />
</Scene>
</mjloggm>