<mjloggm ver="2.3"><GO type="169" lobby="0"/><UN n0="%E5%A4%AA%E3%81%8F%E3%81%AA%E3%81%84%E3%81%8A" n1="%E7%9C%9F%E3%81%A3%E5%90%91%E5%8B%9D%E8%B2%A0" n2="%E3%82%82%E3%81%98%E3%82%89" n3="%E3%83%8D%E3%83%BC%E3%83%A0%E3%83%AC%E3%82%B9%EF%BC%97" dan="18,16,16,16" rate="2241.75,2141.42,2105.19,2134.98" sx="F,F,F,F"/><TAIKYOKU oya="0"/>

<Scene>
<INIT seed="0,0,0,4,3,83" ten="250,250,250,250" oya="0" hai0="0,96,62,15,2,8,127,10,125,9,119,29,120" hai1="70,44,19,98,4,121,85,129,69,13,113,73,94" hai2="118,74,31,93,78,11,95,71,130,103,12,48,116" hai3="50,24,128,49,72,123,84,28,6,52,87,1,45"/><T91/><D62/><U53/><E73/><V5/><F5/><W35/><BYE who="2" /><G72/><T105/><D119/><U51/><E121/><V82/><F82/><W33/><G123/><T23/><D120/><U22/><E129/><UN n2="%E3%82%82%E3%81%98%E3%82%89" /><V26/><F71/><W132/><G128/><T114/><D114/><U97/><E113/><V135/><F130/><W81/><G132/><T42/><D42/><U41/><E69/><V65/><F65/><W20/><G6/><T25/><D91/><U21/><E70/><V90/><F78/><W38/><G1/><N who="0" m="619" /><D96/><U68/><E4/><N who="2" m="3175" /><F74/><W17/><G38/><T101/><D101/><U34/><E34/><V111/><F135/><W80/><G28/><T54/><D54/><U106/><E68/><V89/><F103/><W67/><G67/><T79/><D79/><U107/><E21/><N who="2" m="15823" /><F111/><W112/><G112/><T117/><D105/><U57/><E107/><V126/><F48/><N who="3" m="28687" /><G35/><N who="0" m="20911" /><D117/><U92/><E106/><V61/><F116/><W46/><G33/><T108/><D108/><U55/><E55/><V134/><F118/><W16/><G17/><AGARI ba="0,0" hai="8,9,10,15,17,23,125,127" m="20911,619" machi="17" ten="40,3900,0" yaku="34,2" doraHai="83" who="0" fromWho="3" sc="250,39,250,0,250,0,250,-39" />
</Scene>
<Scene>
<INIT seed="0,1,0,5,1,3" ten="289,250,250,211" oya="0" hai0="39,82,70,59,80,112,120,92,97,28,88,100,43" hai1="103,121,40,81,79,30,35,98,114,96,89,9,50" hai2="21,23,69,75,47,49,38,44,45,19,115,126,104" hai3="55,127,7,14,71,109,62,65,108,116,58,134,124"/><T110/><D70/><U11/><E121/><V13/><F75/><W68/><G14/><T76/><D120/><U10/><E114/><V29/><F104/><W41/><G7/><T12/><D112/><U90/><E35/><V135/><F115/><W6/><G6/><T129/><D129/><U36/><E36/><V34/><F34/><W93/><G93/><T94/><D28/><U8/><E30/><V123/><F123/><W85/><G85/><T48/><D110/><N who="3" m="42601" /><G116/><T105/><D39/><U63/><E63/><V4/><F4/><W73/><G73/><T133/><D12/><U27/><E27/><V18/><F29/><W46/><G134/><T31/><D31/><U56/><E96/><V52/><F135/><W57/><G57/><T66/><D133/><U122/><E56/><V83/><F69/><N who="3" m="26699" /><G65/><T74/><D66/><U37/><E8/><V32/><F32/><W106/><G106/><T53/><D82/><U67/><E67/><V91/><F38/><AGARI ba="1,0" hai="38,41,46,55,58,62,124,127" m="26699,42601" machi="38" ten="30,3900,0" yaku="14,1,34,2" doraHai="3" who="3" fromWho="2" sc="289,0,250,0,250,-42,211,42" />
</Scene>
<Scene>
<INIT seed="1,0,0,3,4,90" ten="289,250,208,253" oya="1" hai0="4,3,57,38,7,86,112,29,66,74,52,36,106" hai1="26,80,81,135,104,134,117,79,63,77,108,19,10" hai2="64,1,49,32,12,124,23,20,51,105,102,98,132" hai3="75,69,82,24,9,13,94,111,67,129,35,25,76"/><U55/><E104/><V65/><F1/><W46/><G111/><T119/><D74/><U42/><E117/><V39/><F32/><W0/><G0/><T11/><D119/><U127/><E42/><V110/><F39/><W58/><G69/><T21/><D112/><U14/><E127/><V95/><F110/><W41/><G129/><T48/><D106/><U45/><E108/><V60/><F124/><W93/><G67/><T50/><D7/><U70/><E26/><V128/><F65/><W61/><G35/><T30/><D66/><U91/><E91/><V34/><F34/><W31/><G58/><T68/><D68/><U96/><E96/><V85/><F128/><W122/><G61/><T2/><D2/><U118/><E118/><V78/><F132/><N who="1" m="50729" /><E70/><V130/><F130/><W22/><G25/><T16/><D38/><U71/><E71/><V109/><F109/><W37/><REACH who="3" step="1"/><G122/><REACH who="3" ten="289,250,208,243" step="2"/><T101/><D57/><U120/><E63/><V73/><F60/><W28/><G28/><T59/><D30/><U131/><E131/><V88/><F64/><W15/><G15/><T84/><D29/><U97/><E120/><V100/><F12/><W40/><G40/><T126/><D126/><U92/><E55/><V99/><F49/><W5/><AGARI ba="0,1" hai="5,9,13,22,24,31,37,41,46,75,76,82,93,94" machi="5" ten="20,12000,2" yaku="1,1,0,1,7,1,52,2,53,1" doraHai="90" doraHaiUra="8" who="3" fromWho="3" sc="289,-30,250,-60,208,-30,243,130" />
</Scene>
<Scene>
<INIT seed="2,0,0,4,5,91" ten="259,190,178,373" oya="2" hai0="28,134,18,101,94,84,42,40,54,34,108,132,102" hai1="106,88,117,1,52,22,128,124,65,45,53,47,21" hai2="41,125,127,3,57,10,110,12,122,81,118,2,109" hai3="44,112,92,135,114,23,74,46,17,100,14,133,13"/><V15/><F118/><W68/><G68/><T107/><D108/><N who="2" m="41578" /><F41/><W61/><G74/><T32/><D18/><U116/><E106/><V104/><F104/><W16/><G61/><T123/><D107/><U111/><E111/><V63/><F81/><W120/><G120/><T31/><D84/><U105/><E105/><V71/><F71/><W115/><G100/><T0/><D54/><U60/><E1/><N who="2" m="11" /><F122/><W85/><G85/><T51/><D0/><U62/><E124/><N who="2" m="47691" /><F10/><N who="3" m="6199" /><G92/><T119/><D123/><U58/><E128/><V69/><F69/><W7/><G7/><T87/><D119/><U66/><E58/><V38/><F38/><W75/><G75/><T9/><D9/><U55/><E55/><AGARI ba="0,0" hai="12,15,55,57,63" m="47691,11,41578" machi="55" ten="40,7700,0" yaku="14,1,10,1,18,1" doraHai="91" who="2" fromWho="1" sc="259,0,190,-77,178,77,373,0" />
</Scene>
<Scene>
<INIT seed="2,1,0,0,5,90" ten="259,113,255,373" oya="2" hai0="20,79,76,114,33,102,29,56,103,89,49,130,125" hai1="45,35,105,48,8,74,51,57,24,67,4,15,23" hai2="7,109,52,98,101,9,39,5,111,41,86,126,78" hai3="31,95,36,3,131,129,12,54,50,92,116,112,6"/><V73/><F86/><W75/><G36/><T63/><D33/><U133/><E105/><V83/><F126/><W62/><G116/><T84/><D125/><U118/><E74/><V113/><F113/><W34/><G3/><T60/><D114/><U18/><E118/><V25/><F25/><N who="3" m="18799" /><G75/><T71/><D71/><U121/><E133/><V123/><F123/><W17/><G6/><T91/><D130/><N who="3" m="49673" /><G62/><T108/><D108/><N who="2" m="41546" /><F9/><N who="3" m="6287" /><G112/><T122/><D122/><U37/><E121/><V81/><F81/><W106/><G106/><T107/><D107/><U80/><E80/><V135/><F135/><W44/><AGARI ba="1,0" hai="44,50,54,92,95" m="6287,49673,18799" machi="44" ten="30,4000,0" yaku="19,1,52,2" doraHai="90" who="3" fromWho="3" sc="259,-11,113,-11,255,-21,373,43" />
</Scene>
<Scene>
<INIT seed="3,0,0,2,5,0" ten="248,102,234,416" oya="3" hai0="134,65,57,116,62,86,60,14,31,17,91,29,80" hai1="11,61,104,112,10,87,84,1,123,73,98,6,47" hai2="67,129,18,7,83,53,101,44,102,107,21,92,127" hai3="3,133,128,113,88,28,93,15,78,34,32,114,106"/><W72/><G3/><T108/><D116/><U121/><E112/><V12/><F107/><W135/><G106/><T94/><D108/><U37/><E84/><V24/><F127/><W75/><G15/><T36/><D36/><U55/><E87/><V79/><F67/><W90/><G28/><T122/><D122/><U63/><E55/><V77/><F129/><W97/><G128/><T120/><D120/><U64/><E61/><V59/><F44/><W38/><G38/><T27/><D134/><N who="3" m="51209" /><G78/><T110/><D110/><U71/><E73/><N who="3" m="28234" /><G34/><T96/><D62/><U43/><E11/><N who="2" m="4223" /><F83/><W22/><G22/><N who="0" m="13775" /><D14/><U95/><E95/><V85/><F77/><AGARI ba="0,0" hai="29,31,57,60,65,77,80,86,91,94,96" m="13775" machi="77" ten="30,1000,0" yaku="8,1" doraHai="0" who="0" fromWho="2" sc="248,10,102,0,234,-10,416,0" />
</Scene>
<Scene>
<INIT seed="4,0,0,4,3,74" ten="258,102,224,416" oya="0" hai0="21,128,77,57,25,76,113,82,59,23,61,7,60" hai1="3,63,116,10,68,133,118,121,31,124,53,36,85" hai2="102,117,80,50,30,64,29,100,5,13,105,130,132" hai3="84,87,1,110,88,16,56,71,35,75,2,20,73"/><T43/><D113/><U97/><E53/><V40/><F130/><W93/><G110/><T39/><D128/><U37/><E85/><V28/><F132/><W44/><G71/><T122/><D122/><U89/><E89/><V8/><F105/><W115/><G35/><T92/><D7/><U91/><E91/><V96/><F96/><W52/><G115/><T38/><D92/><U42/><E121/><V103/><F117/><W45/><G73/><T15/><D15/><U125/><E97/><V22/><F64/><W114/><G75/><T120/><D120/><U18/><E18/><V6/><F6/><W33/><G33/><T108/><D25/><U95/><E95/><V86/><F22/><W46/><G114/><T111/><REACH who="0" step="1"/><D43/><REACH who="0" ten="248,102,224,416" step="2"/><U11/><E42/><V17/><F5/><W104/><G104/><T135/><D135/><U27/><E27/><V101/><F40/><W24/><REACH who="3" step="1"/><G87/><REACH who="3" ten="248,102,224,406" step="2"/><T54/><D54/><U14/><E133/><V72/><F72/><W67/><G67/><T49/><D49/><AGARI ba="0,2" hai="1,2,16,20,24,44,45,46,49,52,56,84,88,93" machi="49" ten="40,8000,1" yaku="1,1,54,3,53,0" doraHai="74" doraHaiUra="131" who="3" fromWho="0" sc="248,-80,102,0,224,0,406,100" />
</Scene>
<Scene>
<INIT seed="5,0,0,1,4,32" ten="168,102,224,506" oya="1" hai0="112,77,33,13,93,126,119,72,85,110,79,34,0" hai1="118,97,106,47,102,57,19,58,62,98,59,105,48" hai2="55,21,107,78,23,49,71,122,53,30,11,104,1" hai3="28,22,69,114,94,121,99,68,63,6,76,88,125"/><U123/><E123/><V90/><F71/><W96/><G121/><T84/><D110/><U35/><E118/><V17/><F78/><W113/><G125/><T117/><D13/><U92/><E35/><V61/><F90/><W38/><G38/><T116/><D126/><U82/><E82/><V54/><F61/><W65/><G76/><T44/><D117/><U4/><E4/><V37/><F37/><W134/><G134/><T2/><D93/><U8/><E62/><V103/><F104/><W74/><G74/><T36/><D36/><U52/><REACH who="1" step="1"/><E98/><REACH who="1" ten="168,92,224,506" step="2"/><V9/><F122/><W5/><G99/><T115/><REACH who="0" step="1"/><D44/><REACH who="0" ten="158,92,224,506" step="2"/><U80/><E80/><V130/><F130/><W89/><G114/><T16/><D16/><U124/><E124/><V43/><F17/><W73/><G113/><T51/><D51/><U39/><E39/><V83/><F49/><W26/><G5/><T15/><D15/><AGARI ba="0,2" hai="8,15,19,47,48,52,57,58,59,92,97,102,105,106" machi="15" ten="40,3900,0" yaku="1,1,54,1,53,0" doraHai="32" doraHaiUra="56" who="1" fromWho="0" sc="158,-39,92,59,224,0,506,0" />
</Scene>
<Scene>
<INIT seed="5,1,0,5,4,73" ten="119,151,224,506" oya="1" hai0="109,88,58,91,15,107,110,113,26,7,18,81,5" hai1="45,78,76,3,123,124,93,53,66,9,102,125,74" hai2="108,6,16,118,112,98,51,32,89,27,63,103,39" hai3="114,38,75,65,4,24,101,52,54,96,117,46,35"/><U121/><E74/><V34/><F39/><W64/><G75/><T135/><D107/><U105/><E105/><V14/><F6/><W50/><G114/><T99/><D113/><U31/><E66/><V42/><F112/><W94/><G117/><T97/><D135/><U2/><E31/><V104/><F108/><W132/><G132/><T11/><D109/><U56/><E45/><V23/><F63/><W115/><G115/><T17/><D110/><U131/><E102/><V8/><F89/><W19/><G4/><N who="0" m="1611" /><D58/><U47/><E93/><V41/><F118/><W133/><G133/><T71/><D71/><U1/><E9/><V61/><F61/><W33/><G38/><T77/><D26/><U36/><E131/><V49/><F32/><W85/><G33/><T82/><D18/><U12/><E12/><V69/><F34/><W122/><G122/><T79/><D91/><U92/><E47/><V13/><F69/><W55/><G85/><N who="0" m="50231" /><D81/><U28/><E36/><V67/><F14/><W130/><G130/><T44/><D44/><U37/><E37/><V84/><F13/><W87/><G87/><T119/><D119/><U70/><E70/><V129/><F129/><W127/><G127/><N who="1" m="48714" /><E28/><V126/><F126/><W80/><G80/><T100/><D100/><U29/><E29/><V68/><F8/><W111/><G111/><T30/><D30/><U40/><E92/><V106/><F106/><W134/><G134/><T116/><D116/><U0/><N who="1" m="0" /><DORA hai="120" /><U95/><E95/><V57/><F68/><W22/><G35/><T90/><D99/><U48/><E40/><AGARI ba="1,0" hai="19,22,24,40,46,50,52,54,55,64,65,94,96,101" machi="40" ten="40,5200,0" yaku="6,1,8,1,54,1" doraHai="73,120" who="3" fromWho="1" sc="119,0,151,-55,224,0,506,55" />
</Scene>
<Scene>
<INIT seed="6,0,0,5,2,95" ten="119,96,224,561" oya="2" hai0="2,51,12,27,44,71,19,122,119,20,58,100,43" hai1="109,68,0,77,87,84,73,103,107,105,46,125,89" hai2="4,112,97,33,76,117,131,65,91,55,48,18,22" hai3="74,30,24,34,15,37,78,38,123,110,45,11,70"/><V133/><F33/><W106/><G110/><T134/><D122/><U17/><E68/><V121/><F121/><W6/><G123/><T128/><D2/><U96/><E0/><V88/><F117/><W108/><G108/><T98/><D71/><U56/><E46/><V41/><F41/><W114/><G70/><T69/><D69/><U57/><E109/><V75/><F131/><W101/><G114/><T63/><D128/><U60/><E56/><V132/><F65/><W13/><G13/><T50/><D119/><U14/><E107/><V116/><F4/><W36/><G45/><T124/><D134/><U129/><E125/><V23/><F116/><W10/><G10/><T115/><D124/><U61/><E129/><V82/><F91/><W9/><G9/><T93/><D115/><U111/><E111/><V81/><F81/><W29/><G29/><T25/><REACH who="0" step="1"/><D51/><REACH who="0" ten="109,96,224,561" step="2"/><U135/><E135/><V130/><F112/><W104/><G101/><T66/><AGARI ba="0,1" hai="12,19,20,25,27,43,44,50,58,63,66,93,98,100" machi="66" ten="20,12000,2" yaku="1,1,2,1,0,1,7,1,8,1,52,1,53,1" doraHai="95" doraHaiUra="59" who="0" fromWho="0" sc="109,130,96,-30,224,-60,561,-30" />
</Scene>
<Scene>
<INIT seed="7,0,0,4,3,76" ten="239,66,164,531" oya="3" hai0="36,135,59,55,39,81,75,20,62,61,49,106,11" hai1="84,104,78,103,92,124,79,3,95,70,4,122,52" hai2="80,131,115,129,22,90,123,29,65,56,43,14,53" hai3="19,47,0,23,8,77,10,2,121,42,27,112,68"/><W82/><G121/><T58/><D106/><U114/><E70/><V96/><F43/><W60/><G112/><T89/><D135/><U132/><E3/><V126/><F65/><W128/><G128/><N who="2" m="49225" /><F115/><W88/><G68/><T86/><D75/><U44/><E114/><V35/><F35/><W71/><G71/><T1/><D49/><U38/><E122/><V9/><F123/><W91/><G60/><T98/><D98/><U119/><E132/><V125/><F22/><W130/><G130/><T31/><D31/><U28/><E119/><V34/><F96/><W66/><G66/><T48/><D48/><U26/><E124/><N who="2" m="47723" /><F34/><W16/><G2/><T37/><D20/><U63/><E38/><V32/><F32/><W101/><G101/><T87/><D1/><U6/><E104/><V40/><F40/><W41/><G41/><T17/><D39/><U45/><E103/><V111/><F29/><W64/><G64/><T24/><D37/><U127/><E127/><V109/><F14/><W108/><G8/><T116/><D11/><U7/><E28/><V107/><F9/><W94/><G94/><T117/><D117/><U30/><E30/><V18/><F18/><W13/><G0/><T33/><D17/><U72/><E26/><V100/><F100/><W50/><G108/><T5/><D116/><U67/><E67/><V46/><F46/><W102/><G102/><T85/><D36/><U133/><E133/><V57/><F107/><W105/><G105/><T15/><D33/><U51/><E44/><V69/><F69/><W12/><G12/><T74/><D15/><RYUUKYOKU ba="0,0" sc="239,-10,66,-10,164,-10,531,30" hai3="10,13,16,19,23,27,42,47,50,77,82,88,91" owari="229,3.0,56,-44.0,154,-25.0,561,66.0" />
</Scene>
</mjloggm>