<mjloggm ver="2.3"><GO type="169" lobby="0"/><UN n0="%E9%88%B4%E4%BE%8D" n1="%E5%A4%AA%E3%81%8F%E3%81%AA%E3%81%84%E3%81%8A" n2="%48%65%61%72%E2%80%A0%73%31%38" n3="%E9%88%B4%E4%BD%B3" dan="16,18,16,17" rate="2096.24,2286.81,2088.75,2216.01" sx="M,M,F,M"/><TAIKYOKU oya="0"/>

<Scene>
<INIT seed="0,0,0,5,0,127" ten="250,250,250,250" oya="0" hai0="64,23,60,93,131,9,106,38,107,7,99,98,41" hai1="89,72,91,45,133,1,54,80,68,114,75,108,22" hai2="29,44,47,130,20,69,42,116,87,12,82,97,30" hai3="0,19,18,71,117,105,39,15,24,13,85,17,128"/><T78/><D78/><U63/><E1/><V123/><F123/><W25/><G71/><T135/><D23/><U88/><E108/><V102/><F69/><W58/><G39/><T55/><D55/><U48/><E133/><V129/><F116/><W126/><G105/><T113/><D113/><U77/><E114/><V52/><F12/><W86/><G0/><T94/><D135/><U124/><E124/><V81/><F20/><W11/><G126/><T16/><D41/><U125/><E125/><V57/><F29/><W49/><G117/><T119/><D38/><U115/><E115/><V121/><F30/><W76/><G19/><T65/><D16/><U79/><E22/><V118/><F121/><W36/><G36/><T74/><D74/><U35/><E35/><V2/><F2/><W112/><G112/><T33/><D33/><U43/><E54/><V37/><F44/><W62/><G49/><T14/><D119/><U46/><E46/><V67/><F67/><W70/><G70/><T96/><D65/><U66/><REACH who="1" step="1"/><E91/><REACH who="1" ten="250,240,250,250" step="2"/><V53/><F118/><W6/><G25/><T95/><REACH who="0" step="1"/><D131/><REACH who="0" ten="240,240,250,250" step="2"/><N who="2" m="50186" /><F53/><W5/><G128/><T122/><D122/><U92/><E92/><N who="2" m="58663" /><F87/><W101/><G86/><T104/><D104/><U120/><E120/><V59/><F52/><W40/><G85/><T31/><D31/><U84/><E84/><V21/><F21/><W32/><G32/><T100/><D100/><U56/><E56/><AGARI ba="0,2" hai="37,42,47,56,57,59,81,82" m="58663,50186" machi="56" ten="30,7700,0" yaku="19,1,52,3" doraHai="127" who="2" fromWho="1" sc="240,0,240,-77,250,97,250,0" /><AGARI ba="0,0" hai="7,9,14,56,60,64,93,94,95,96,98,99,106,107" machi="56" ten="40,2000,0" yaku="1,1,53,0" doraHai="127" doraHaiUra="110" who="0" fromWho="1" sc="240,20,163,-20,347,0,250,0" />
</Scene>
<Scene>
<INIT seed="0,1,0,0,3,71" ten="260,143,347,250" oya="0" hai0="14,45,1,22,106,99,43,68,28,59,121,72,85" hai1="81,21,53,20,102,5,58,23,128,101,135,31,94" hai2="90,119,10,8,2,65,112,78,95,44,51,42,100" hai3="89,70,69,129,80,74,16,61,82,36,4,131,49"/><T25/><D72/><U62/><E128/><N who="3" m="49226" /><G36/><T18/><D68/><U115/><E135/><V76/><F100/><W124/><G4/><T9/><D121/><U87/><E115/><V67/><F112/><W40/><G124/><T13/><D59/><U27/><E5/><V35/><F35/><W107/><G107/><T96/><D106/><U92/><E102/><V133/><F133/><W39/><G49/><T37/><D85/><U127/><E127/><V17/><F2/><W123/><G123/><T34/><REACH who="0" step="1"/><D1/><REACH who="0" ten="250,143,347,250" step="2"/><U79/><REACH who="1" step="1"/><E101/><REACH who="1" ten="250,133,347,250" step="2"/><V52/><F119/><W33/><G74/><T105/><D105/><U38/><E38/><V24/><F67/><W126/><G39/><T93/><D93/><AGARI ba="1,2" hai="20,21,23,27,31,53,58,62,79,81,87,92,93,94" machi="93" ten="40,2600,0" yaku="1,1,8,1,53,0" doraHai="71" doraHaiUra="66" who="1" fromWho="0" sc="250,-29,133,49,347,0,250,0" />
</Scene>
<Scene>
<INIT seed="1,0,0,4,2,50" ten="221,182,347,250" oya="1" hai0="79,33,128,87,61,90,115,21,123,39,25,22,69" hai1="41,37,91,12,116,44,84,93,96,1,53,131,20" hai2="19,26,105,109,86,10,47,14,55,56,36,68,74" hai3="101,30,4,124,35,118,32,15,23,76,42,46,72"/><U97/><E116/><V54/><F74/><W65/><G118/><T52/><D115/><U67/><E1/><V48/><F105/><W60/><G124/><T78/><D39/><U9/><E131/><V38/><F68/><W100/><G76/><T64/><D128/><U122/><E122/><V112/><F112/><W77/><G77/><T18/><D33/><U130/><E130/><V24/><F109/><W49/><G72/><T63/><D123/><U51/><E67/><V98/><F98/><W16/><G4/><T8/><D8/><U3/><E3/><V92/><F38/><W34/><REACH who="3" step="1"/><G30/><REACH who="3" ten="221,182,347,240" step="2"/><T58/><REACH who="0" step="1"/><D22/><REACH who="0" ten="211,182,347,240" step="2"/><U134/><E20/><V27/><F36/><W129/><G129/><T103/><D103/><U5/><REACH who="1" step="1"/><E134/><REACH who="1" ten="211,172,347,240" step="2"/><V106/><F10/><W62/><G62/><T126/><D126/><U114/><E114/><V133/><F133/><W43/><G43/><T88/><D88/><U75/><E75/><V85/><F48/><W113/><G113/><T29/><D29/><U40/><E40/><V111/><F111/><W66/><G66/><T125/><D125/><U127/><E127/><V107/><F19/><W17/><G17/><T110/><D110/><U82/><E82/><AGARI ba="0,3" hai="18,21,25,52,58,61,63,64,69,78,79,82,87,90" machi="82" ten="30,12000,2" yaku="1,1,7,1,52,1,54,1,53,2" doraHai="50" doraHaiUra="57" who="0" fromWho="1" sc="211,150,172,-120,347,0,240,0" />
</Scene>
<Scene>
<INIT seed="2,0,0,0,4,77" ten="361,52,347,240" oya="2" hai0="118,115,96,64,100,14,73,55,68,33,27,39,106" hai1="117,110,72,9,130,121,135,45,61,104,58,128,76" hai2="74,46,102,122,131,52,112,0,134,109,24,7,101" hai3="88,92,8,51,13,89,49,34,25,119,10,116,111"/><V82/><F112/><W65/><G111/><T94/><D115/><U41/><E104/><V26/><F122/><W5/><G65/><T62/><D39/><U29/><E29/><V83/><F109/><W2/><G89/><T23/><D118/><U50/><E110/><V36/><F36/><W97/><G34/><T6/><D73/><U21/><E21/><V11/><F74/><W47/><G25/><N who="2" m="9833" /><F134/><W84/><G97/><T120/><D120/><U75/><E121/><V4/><F131/><W114/><G51/><T91/><D55/><U132/><E9/><V95/><F0/><W78/><G78/><T80/><D33/><U63/><E117/><V85/><F11/><W126/><G126/><T79/><D14/><U67/><E75/><V17/><F17/><W93/><G93/><T3/><D6/><N who="2" m="2090" /><F85/><W1/><G1/><T69/><D3/><U70/><E72/><V22/><F22/><W105/><G105/><T19/><D69/><U12/><E12/><V40/><F40/><W103/><G114/><T129/><D129/><N who="1" m="49771" /><E76/><V133/><F133/><N who="1" m="51273" /><E63/><V71/><F71/><AGARI ba="0,0" hai="41,45,50,58,61,67,70,71" m="51273,49771" machi="71" ten="30,7700,0" yaku="19,1,20,1,34,2" doraHai="77" who="1" fromWho="2" sc="361,0,52,77,347,-77,240,0" />
</Scene>
<Scene>
<INIT seed="3,0,0,5,0,15" ten="361,129,270,240" oya="3" hai0="50,93,132,7,118,105,121,32,44,84,21,49,29" hai1="119,55,125,98,107,74,6,59,28,5,82,67,18" hai2="86,72,80,25,31,75,10,0,54,78,65,51,43" hai3="83,53,57,17,99,110,79,126,36,68,103,106,3"/><W62/><G36/><T129/><D118/><U60/><E28/><V102/><F65/><W69/><G3/><T130/><D105/><U90/><E119/><V2/><F102/><W23/><G126/><T30/><D121/><U89/><E125/><V97/><F97/><W45/><G45/><T113/><D32/><U112/><E112/><V87/><F43/><W66/><G66/><T1/><D132/><U92/><E107/><V91/><F10/><W117/><G117/><T131/><D113/><U76/><E89/><V108/><F108/><W47/><G47/><T39/><D39/><U115/><E115/><V109/><F109/><W111/><G111/><T104/><D104/><U63/><REACH who="1" step="1"/><E18/><REACH who="1" ten="361,119,270,240" step="2"/><V77/><F91/><W95/><G106/><T133/><D29/><U37/><E37/><V35/><F0/><W20/><G110/><T46/><D1/><U56/><AGARI ba="0,1" hai="5,6,55,56,59,60,63,67,74,76,82,90,92,98" machi="56" ten="20,2700,0" yaku="1,1,0,1,7,1,53,0" doraHai="15" doraHaiUra="123" who="1" fromWho="1" sc="361,-7,119,37,270,-7,240,-13" />
</Scene>
<Scene>
<INIT seed="4,0,0,1,1,133" ten="354,156,263,227" oya="0" hai0="29,9,117,75,80,22,1,69,105,131,31,74,120" hai1="20,124,15,97,128,72,121,76,19,67,5,106,130" hai2="51,81,114,11,14,18,54,21,28,87,101,93,98" hai3="42,91,99,36,103,95,57,48,90,50,110,116,24"/><T7/><D69/><U53/><E121/><V39/><F114/><W122/><G110/><T12/><D105/><U104/><E67/><V82/><F39/><W112/><G116/><T46/><D117/><U68/><E68/><V32/><F32/><W84/><G112/><T100/><D100/><U125/><E5/><V71/><F71/><W109/><G109/><T66/><D66/><U30/><E30/><V60/><F60/><W78/><G122/><T65/><D65/><U73/><E53/><V25/><REACH who="2" step="1"/><F87/><REACH who="2" ten="354,156,253,227" step="2"/><W88/><G36/><T33/><D33/><U45/><E72/><V43/><F43/><W23/><G42/><T118/><D118/><U96/><E73/><V108/><F108/><W89/><G57/><AGARI ba="0,1" hai="11,14,18,21,25,28,51,54,57,81,82,93,98,101" machi="57" ten="30,3900,0" yaku="1,1,7,1,8,1,53,0" doraHai="133" doraHaiUra="135" who="2" fromWho="3" sc="354,0,156,0,253,49,227,-39" />
</Scene>
<Scene>
<INIT seed="5,0,0,4,1,101" ten="354,156,302,188" oya="1" hai0="52,80,14,32,16,95,50,12,5,25,41,68,60" hai1="74,102,13,17,69,26,54,7,10,40,63,125,66" hai2="4,35,8,91,64,106,34,112,122,11,89,53,100" hai3="58,135,55,22,103,77,88,56,23,47,42,132,107"/><U48/><E125/><V105/><F64/><W116/><G77/><T45/><D32/><N who="2" m="12330" /><F100/><W124/><G124/><T99/><D68/><U72/><E40/><V110/><F53/><W67/><G116/><T104/><D104/><N who="2" m="40042" /><F110/><W121/><G121/><T73/><D73/><U3/><E26/><V129/><F122/><W86/><G67/><T1/><D1/><U9/><REACH who="1" step="1"/><E102/><REACH who="1" ten="354,146,302,188" step="2"/><V90/><F129/><W93/><G103/><T85/><D25/><U113/><E113/><V76/><F112/><W46/><G42/><T133/><D41/><U29/><E29/><V70/><F70/><W82/><G107/><T38/><D38/><U44/><AGARI ba="0,1" hai="3,7,9,10,13,17,44,48,54,63,66,69,72,74" machi="44" ten="20,3900,0" yaku="1,1,0,1,7,1,53,0" doraHai="101" doraHaiUra="39" who="1" fromWho="1" sc="354,-13,146,49,302,-13,188,-13" />
</Scene>
<Scene>
<INIT seed="5,1,0,5,5,100" ten="341,195,289,175" oya="1" hai0="107,131,20,84,6,119,64,88,59,67,96,53,102" hai1="98,15,16,38,95,93,115,34,70,18,124,126,62" hai2="114,133,4,27,92,42,74,132,40,77,63,26,103" hai3="90,83,134,122,79,101,106,120,46,37,128,29,48"/><U85/><E34/><V9/><F114/><W19/><G37/><T135/><D119/><U55/><E38/><V30/><F63/><W51/><G134/><N who="2" m="51817" /><F74/><W5/><G128/><T111/><D111/><U32/><E32/><N who="2" m="20567" /><F77/><W10/><G29/><T1/><D131/><U81/><E115/><V86/><F27/><W99/><G19/><T8/><D20/><U56/><E70/><V61/><F61/><W2/><G90/><T23/><D23/><U109/><E109/><V35/><F35/><W66/><G66/><T127/><D127/><N who="1" m="48683" /><E98/><N who="2" m="59847" /><F86/><W22/><G22/><T82/><D135/><U49/><E62/><AGARI ba="1,0" hai="1,6,8,53,59,62,64,67,82,84,88,96,102,107" machi="62" ten="30,3900,0" yaku="7,1,52,1,54,1" doraHai="100" who="0" fromWho="1" sc="341,42,195,-42,289,0,175,0" />
</Scene>
<Scene>
<INIT seed="6,0,0,3,1,51" ten="383,153,289,175" oya="2" hai0="98,46,113,37,119,26,19,12,4,80,16,18,61" hai1="85,122,56,44,75,5,22,126,79,41,88,135,117" hai2="0,134,121,66,124,118,71,103,38,14,34,99,94" hai3="125,31,64,36,112,10,106,92,60,9,73,25,87"/><V89/><F121/><W84/><G106/><T40/><D113/><U102/><E117/><V8/><F118/><W30/><G73/><T90/><D119/><U100/><E122/><V115/><F115/><W27/><G36/><T32/><D61/><U59/><E126/><V49/><F38/><W129/><G112/><T29/><D4/><U42/><E135/><V97/><F0/><W67/><G125/><T104/><D80/><N who="1" m="47263" /><E75/><V101/><F134/><W96/><G129/><T68/><D68/><U1/><E1/><V2/><F2/><W111/><G111/><T72/><D72/><U48/><E5/><V83/><F34/><W86/><G27/><T52/><D52/><N who="1" m="29703" /><E22/><V93/><F124/><W65/><G60/><T58/><D58/><N who="1" m="22059" /><E88/><V21/><F71/><W108/><G108/><T33/><D33/><U123/><E123/><V74/><F89/><W53/><G53/><T82/><D104/><U28/><E28/><V50/><F21/><N who="3" m="15663" /><G31/><T54/><D54/><U110/><E110/><V55/><F55/><W70/><G70/><T91/><D91/><AGARI ba="0,0" hai="9,10,64,65,67,84,86,87,91,92,96" m="15663" machi="91" ten="30,1000,0" yaku="8,1" doraHai="51" who="3" fromWho="0" sc="383,-10,153,0,289,0,175,10" />
</Scene>
<Scene>
<INIT seed="7,0,0,5,4,62" ten="373,153,289,185" oya="3" hai0="56,40,72,101,42,60,53,46,1,39,14,26,128" hai1="98,112,24,4,95,111,51,126,70,0,3,93,65" hai2="58,100,8,35,37,15,113,34,57,64,75,71,86" hai3="31,20,69,10,76,90,119,96,59,9,135,49,105"/><W36/><G36/><T38/><D1/><U77/><E111/><V63/><F37/><N who="0" m="13834" /><D14/><U84/><E112/><V109/><F109/><W133/><G69/><T97/><D26/><U89/><E126/><V83/><F75/><W16/><G119/><T82/><D82/><U87/><E51/><V27/><F100/><W33/><G76/><T129/><D46/><U78/><E24/><V2/><F2/><W108/><G108/><T91/><D91/><U61/><E4/><V29/><F34/><W22/><G33/><T134/><D72/><U68/><E68/><V85/><F113/><W44/><G31/><T13/><D13/><U11/><E11/><V103/><F103/><W28/><G28/><T17/><D17/><U116/><E116/><V80/><F83/><W106/><G22/><T73/><D73/><U7/><E7/><V50/><F50/><W118/><G118/><T5/><D5/><U74/><E74/><V47/><F47/><W67/><G106/><N who="0" m="63791" /><D134/><N who="3" m="51209" /><G105/><T104/><D104/><U115/><E115/><V99/><F71/><W43/><G96/><T127/><D127/><U125/><E125/><V131/><F99/><W114/><G90/><T32/><D32/><U132/><E132/><V12/><F8/><W121/><G114/><T120/><D120/><U110/><E110/><V88/><F88/><W81/><G121/><T54/><D128/><U124/><E124/><V79/><F131/><W122/><G122/><T25/><D129/><U19/><E19/><V30/><F30/><W21/><G81/><T92/><D92/><U102/><E78/><N who="2" m="46231" /><F58/><W107/><G59/><RYUUKYOKU ba="0,0" sc="373,-15,153,15,289,15,185,-15" hai1="0,3,61,65,70,77,84,87,89,93,95,98,102" hai2="12,15,27,29,35,57,63,64,79,86" owari="358,46.0,168,-33.0,304,10.0,170,-23.0" />
</Scene>
</mjloggm>