<mjloggm ver="2.3"><GO type="169" lobby="0"/><UN n0="%61%71%75%61%72%69%75%73" n1="%6B%75%72%69%6B%75%6E%6E" n2="%E7%B4%85%E9%A1%94%E3%81%AE%E7%BE%8E%E5%B0%91%E5%B9%B4" n3="%E5%A4%AA%E3%81%8F%E3%81%AA%E3%81%84%E3%81%8A" dan="17,16,17,19" rate="2162.65,2063.46,2066.64,2322.92" sx="F,M,M,F"/><TAIKYOKU oya="0"/>

<Scene>
<INIT seed="0,0,0,4,2,123" ten="250,250,250,250" oya="0" hai0="39,84,3,85,55,110,94,91,18,72,1,127,101" hai1="36,50,44,19,25,75,32,59,112,100,111,47,20" hai2="51,42,24,132,49,68,31,22,125,79,5,64,78" hai3="58,65,95,34,117,87,130,0,41,104,2,121,26"/><T128/><D72/><U60/><E112/><V80/><F125/><W14/><G104/><T73/><D73/><U108/><E75/><V46/><F132/><W66/><G117/><T13/><D127/><U99/><E32/><V70/><F64/><W29/><G41/><T37/><D128/><U133/><E36/><V86/><F78/><W98/><G130/><T118/><D118/><U120/><E120/><V48/><REACH who="2" step="1"/><F5/><REACH who="2" ten="250,250,240,250" step="2"/><W23/><G66/><T8/><D1/><U35/><E133/><V11/><F11/><W6/><G6/><T56/><D3/><U135/><E135/><V105/><F105/><W102/><G0/><T54/><D39/><AGARI ba="0,1" hai="22,24,31,39,42,46,48,49,51,68,70,79,80,86" machi="39" ten="40,2600,0" yaku="1,1,53,1" doraHai="123" doraHaiUra="17" who="2" fromWho="0" sc="250,-26,250,0,240,36,250,0" />
</Scene>
<Scene>
<INIT seed="1,0,0,4,2,45" ten="224,250,276,250" oya="1" hai0="18,94,120,80,60,62,43,72,86,40,76,116,66" hai1="7,54,30,119,98,37,65,100,70,53,9,52,49" hai2="91,87,103,31,21,67,57,56,16,89,73,125,101" hai3="71,102,50,113,135,104,92,35,26,10,105,42,126"/><U59/><E119/><V32/><F73/><W97/><G113/><T2/><D2/><U83/><E37/><V55/><F125/><W111/><G71/><T6/><D6/><U44/><E30/><V124/><F124/><W108/><G126/><T68/><D116/><U109/><E70/><V48/><F31/><N who="3" m="19959" /><G135/><T19/><D120/><U82/><E109/><N who="3" m="42058" /><G10/><T13/><D62/><N who="1" m="38111" /><E98/><V61/><F32/><W90/><G102/><N who="2" m="38921" /><F87/><W39/><G39/><T75/><D19/><U121/><E100/><V5/><F5/><W12/><G12/><AGARI ba="0,0" hai="12,16,21,48,55,56,57,61,67,89,91" m="38921" machi="12" ten="30,3900,0" yaku="8,1,52,1,54,1" doraHai="45" who="2" fromWho="3" sc="224,0,250,0,276,39,250,-39" />
</Scene>
<Scene>
<INIT seed="2,0,0,5,3,95" ten="224,250,315,211" oya="2" hai0="134,43,125,58,105,49,9,47,70,103,82,135,83" hai1="128,0,76,21,94,116,18,62,80,107,74,63,85" hai2="52,32,40,124,65,101,104,78,93,96,66,127,102" hai3="46,115,24,92,17,28,48,133,14,59,77,131,86"/><V10/><F32/><W55/><G133/><T81/><D70/><U117/><E128/><V57/><F78/><W110/><G131/><T22/><D9/><U108/><E108/><V36/><F10/><W73/><G110/><T112/><D112/><U89/><E0/><V98/><F40/><W122/><G122/><T97/><D125/><N who="2" m="48202" /><F36/><W84/><G115/><T69/><D69/><U61/><REACH who="1" step="1"/><E107/><REACH who="1" ten="224,240,315,211" step="2"/><V79/><F79/><W3/><G3/><T33/><D33/><U130/><E130/><V16/><F16/><W44/><G77/><T34/><D34/><U30/><E30/><V31/><F31/><W111/><G111/><T106/><D106/><U53/><E53/><V68/><F68/><W38/><G28/><T50/><D135/><U4/><E4/><V11/><F11/><W75/><G17/><T119/><D134/><U88/><E88/><V23/><F23/><W132/><G55/><T19/><D22/><U6/><E6/><V129/><F129/><W42/><G132/><T26/><D19/><U67/><E67/><V114/><F114/><W1/><G1/><T2/><D2/><U99/><E99/><V71/><F71/><W8/><G8/><T60/><D97/><U39/><E39/><V90/><F90/><W15/><G38/><T123/><D105/><U113/><E113/><V35/><F35/><W20/><G20/><T12/><D43/><U25/><AGARI ba="0,1" hai="18,21,25,61,62,63,74,76,80,85,89,94,116,117" machi="25" ten="30,2000,0" yaku="1,1,0,1,53,0" doraHai="95" doraHaiUra="118" who="1" fromWho="1" sc="224,-5,240,30,315,-10,211,-5" />
</Scene>
<Scene>
<INIT seed="3,0,0,2,0,31" ten="219,270,305,206" oya="3" hai0="80,107,4,69,79,120,104,98,12,42,2,116,62" hai1="46,73,132,36,63,129,134,17,40,83,33,99,76" hai2="96,67,1,34,14,133,16,60,125,3,77,75,93" hai3="135,64,105,28,43,8,0,97,91,51,92,115,27"/><W38/><G115/><T87/><D120/><U81/><E129/><V26/><F125/><W72/><G72/><T122/><D122/><U108/><E108/><V95/><F133/><W48/><G135/><N who="1" m="51754" /><E83/><V37/><F37/><W82/><G105/><T89/><D2/><U88/><E63/><V58/><F77/><W85/><G64/><T121/><D121/><U44/><E44/><V55/><F75/><W52/><G38/><T21/><D69/><U10/><E33/><V30/><F67/><W49/><G43/><T109/><D62/><U45/><E45/><V127/><F127/><W61/><G0/><T84/><D109/><U18/><E10/><V56/><F56/><N who="3" m="34951" /><G8/><T131/><D107/><U90/><E99/><V54/><F54/><W6/><G6/><T23/><D42/><U94/><E94/><V25/><F95/><W119/><G119/><T101/><D116/><U20/><E18/><V24/><F1/><W9/><G9/><N who="0" m="4135" /><D131/><U5/><E5/><V50/><F3/><W59/><G59/><T7/><D7/><U103/><E103/><V110/><F110/><W128/><G128/><T124/><D124/><U78/><E73/><V47/><F60/><W68/><G68/><T35/><D35/><U66/><E66/><V117/><F117/><W112/><G112/><T70/><D70/><U106/><E106/><V32/><F32/><N who="3" m="20511" /><G48/><T22/><D23/><U74/><E76/><V111/><F111/><W118/><G118/><T41/><D41/><U100/><E100/><N who="2" m="60431" /><F58/><W71/><G71/><T19/><D19/><U113/><E113/><V102/><F102/><AGARI ba="0,0" hai="49,51,82,85,91,92,97,102" m="20511,34951" machi="102" ten="30,5800,0" yaku="6,1,52,1,54,1" doraHai="31" who="3" fromWho="2" sc="219,0,270,0,305,-58,206,58" />
</Scene>
<Scene>
<INIT seed="3,1,0,3,2,54" ten="219,270,247,264" oya="3" hai0="116,93,19,32,105,9,7,41,0,89,104,128,129" hai1="85,56,59,97,125,47,90,26,15,71,112,37,115" hai2="68,92,132,100,77,109,123,110,117,83,3,102,82" hai3="25,103,94,96,11,118,76,4,12,20,2,35,131"/><W126/><G118/><T28/><D116/><U67/><E97/><N who="2" m="59431" /><F68/><W87/><G131/><N who="0" m="50251" /><D41/><U18/><E26/><V57/><F3/><W72/><G126/><T124/><D124/><U98/><E125/><V106/><F117/><W8/><G72/><T45/><D45/><U79/><E79/><V81/><F57/><W39/><G39/><T114/><D114/><U48/><E98/><N who="2" m="61783" /><F123/><W16/><G76/><T69/><D69/><U84/><E37/><V61/><F61/><W99/><G87/><N who="0" m="52415" /><D19/><U17/><E71/><V74/><F132/><W33/><REACH who="3" step="1"/><G96/><REACH who="3" ten="219,270,247,254" step="2"/><T51/><D104/><U6/><E85/><V31/><F31/><AGARI ba="1,1" hai="2,4,8,11,12,16,20,25,31,33,35,94,99,103" machi="31" ten="30,11600,0" yaku="1,1,2,1,7,1,54,1,53,0" doraHai="54" doraHaiUra="121" who="3" fromWho="2" sc="219,0,270,0,247,-119,254,129" />
</Scene>
<Scene>
<INIT seed="3,2,0,3,2,98" ten="219,270,128,383" oya="3" hai0="105,50,132,60,74,46,2,131,38,95,119,8,20" hai1="21,83,73,65,125,67,101,71,31,128,22,12,100" hai2="87,103,90,88,55,113,66,94,124,112,70,130,9" hai3="16,44,107,110,122,69,109,25,120,115,49,59,63"/><W19/><G69/><T10/><D74/><U18/><E125/><V5/><F124/><W32/><G107/><T91/><D105/><U7/><E128/><V41/><F130/><W4/><G4/><T114/><D119/><U102/><E71/><V0/><F41/><N who="3" m="24719" /><G115/><T30/><D38/><U104/><E104/><V45/><F70/><W11/><G32/><T134/><D114/><U35/><E35/><V81/><F66/><N who="1" m="25097" /><E73/><V96/><F45/><W42/><G42/><T39/><D39/><U76/><E7/><V56/><REACH who="2" step="1"/><F90/><REACH who="2" ten="219,270,118,383" step="2"/><W121/><G121/><T82/><D131/><U17/><E76/><V118/><F118/><W54/><G122/><T61/><D91/><U1/><E1/><V85/><F85/><W75/><G75/><T99/><D46/><U123/><E123/><V51/><AGARI ba="2,1" hai="0,5,9,51,55,56,81,87,88,94,96,103,112,113" machi="51" ten="20,8000,1" yaku="1,1,0,1,7,1,52,1,54,1,53,0" doraHai="98" doraHaiUra="13" who="2" fromWho="2" sc="219,-22,270,-22,118,96,383,-42" />
</Scene>
<Scene>
<INIT seed="4,0,0,2,1,93" ten="197,248,214,341" oya="0" hai0="108,86,27,133,66,61,122,88,110,102,44,20,76" hai1="38,45,68,16,87,72,113,74,127,1,42,18,99" hai2="111,43,13,58,120,71,69,107,4,130,2,70,126" hai3="51,31,82,63,131,129,15,92,22,21,124,84,57"/><T100/><D122/><U49/><E127/><V47/><F120/><W121/><G124/><T134/><D76/><U35/><E113/><V52/><F126/><W59/><G121/><T91/><D100/><U64/><E1/><V54/><F107/><W89/><G31/><N who="0" m="17895" /><D44/><U14/><E35/><V116/><F111/><N who="0" m="42538" /><D102/><U28/><E28/><V123/><F123/><W10/><G82/><N who="0" m="49239" /><D91/><U46/><E45/><V37/><F47/><W11/><G131/><T97/><D97/><U115/><E46/><V24/><F130/><W40/><G129/><T62/><D66/><U103/><E64/><V109/><F109/><W106/><G40/><T80/><D80/><U17/><E42/><V36/><F43/><W25/><G89/><T119/><D119/><U23/><E72/><V39/><F116/><W26/><G84/><T77/><D77/><U7/><E87/><V104/><F37/><W101/><G101/><T117/><D117/><U98/><E38/><V118/><F36/><W114/><G114/><T135/><AGARI ba="0,0" hai="61,62,133,134,135" m="49239,42538,17895" machi="135" ten="40,7800,0" yaku="20,1,10,1,54,1" doraHai="93" who="0" fromWho="0" sc="197,78,248,-26,214,-26,341,-26" />
</Scene>
<Scene>
<INIT seed="4,1,0,2,3,21" ten="275,222,188,315" oya="0" hai0="105,111,65,16,9,32,8,15,2,75,112,121,91" hai1="113,22,129,79,103,33,119,41,44,42,25,52,82" hai2="5,34,94,101,102,12,97,63,72,128,89,37,39" hai3="53,4,31,90,115,110,28,118,19,116,68,51,45"/><T106/><D121/><U135/><E119/><V109/><F109/><W60/><G4/><T88/><D75/><U38/><E129/><V114/><F128/><W96/><G110/><T18/><D111/><U35/><E135/><V62/><F72/><W73/><G73/><T24/><D65/><U70/><E70/><V87/><F114/><W76/><G76/><T93/><D91/><U122/><E122/><V40/><F102/><W11/><G115/><T58/><D58/><U74/><E113/><V6/><F34/><W132/><G132/><T134/><D134/><U14/><E41/><V123/><F123/><W108/><G108/><T47/><D47/><U23/><E103/><V26/><F39/><W120/><G120/><T46/><D46/><U131/><E131/><V84/><F37/><W104/><G104/><T56/><D56/><U125/><E125/><V80/><F40/><W117/><G96/><T57/><D57/><U7/><E52/><V27/><F87/><W0/><G90/><T59/><D59/><U50/><E38/><V83/><F83/><W54/><G54/><T98/><D112/><U3/><E3/><V36/><F36/><W67/><G0/><T81/><D81/><U77/><E77/><V107/><F107/><W55/><G55/><T17/><D2/><U10/><E23/><V130/><F130/><W92/><G117/><T30/><D17/><AGARI ba="1,0" hai="7,10,14,17,22,25,33,35,42,44,50,74,79,82" machi="17" ten="30,2000,0" yaku="7,1,52,1" doraHai="21" who="1" fromWho="0" sc="275,-23,222,23,188,0,315,0" />
</Scene>
<Scene>
<INIT seed="5,0,0,2,2,112" ten="252,245,188,315" oya="1" hai0="84,116,110,33,10,29,97,100,62,18,129,86,120" hai1="94,82,93,35,126,81,118,104,36,114,59,28,76" hai2="107,91,68,17,83,103,101,25,32,8,61,39,58" hai3="106,77,7,128,21,46,123,27,130,75,72,51,11"/><U63/><E114/><V80/><F39/><W92/><G106/><T102/><D62/><U15/><E104/><V13/><F68/><W98/><G123/><T125/><D29/><U54/><E36/><V85/><F107/><W41/><G77/><T1/><D18/><U22/><E126/><V117/><F32/><W74/><G21/><T5/><D33/><U44/><E81/><V71/><F71/><W42/><G27/><T16/><D110/><U124/><E124/><V14/><F25/><W53/><G92/><T88/><D125/><U60/><E35/><V133/><F133/><W78/><G98/><T67/><D67/><U12/><E118/><V105/><F105/><W9/><G78/><T20/><D84/><N who="1" m="48199" /><E60/><V135/><F135/><W99/><G99/><T4/><D4/><U2/><E2/><V40/><F117/><W87/><G87/><T64/><D64/><U119/><E119/><V24/><F83/><W45/><G7/><T111/><D116/><U127/><E127/><V38/><F38/><W69/><G69/><T73/><D73/><U134/><E134/><V89/><F89/><W66/><G66/><T47/><D120/><U115/><E115/><V19/><F40/><W65/><G65/><T79/><D79/><U0/><E0/><V57/><F61/><W30/><G42/><T52/><D1/><U90/><E44/><V50/><F50/><N who="3" m="28879" /><G30/><T56/><D47/><U132/><E132/><V49/><F49/><W95/><G95/><N who="1" m="36362" /><E90/><V109/><F109/><W131/><AGARI ba="0,0" hai="9,11,41,46,51,72,74,75,128,130,131" m="28879" machi="131" ten="40,1500,0" yaku="19,1" doraHai="112" who="3" fromWho="3" sc="252,-4,245,-7,188,-4,315,15" />
</Scene>
<Scene>
<INIT seed="6,0,0,4,1,87" ten="248,238,184,330" oya="2" hai0="28,123,135,81,66,124,112,90,61,12,43,130,95" hai1="55,102,111,70,5,15,67,40,88,79,6,108,128" hai2="94,121,56,127,103,60,72,33,119,44,98,57,131" hai3="58,18,100,26,10,69,42,34,16,7,89,134,64"/><V107/><F121/><W126/><G42/><T116/><D123/><U35/><E35/><V41/><F119/><W59/><G100/><T93/><D43/><U122/><E122/><V97/><F127/><W48/><G69/><T120/><D120/><U65/><E79/><V86/><F131/><W110/><G110/><T129/><D28/><U27/><E102/><V0/><F72/><W101/><G101/><T115/><D12/><U99/><E40/><V114/><F114/><N who="0" m="43562" /><D135/><U132/><E27/><V46/><F33/><W17/><G58/><N who="2" m="22633" /><F0/><W91/><G134/><T30/><D30/><U29/><E29/><V83/><F107/><W3/><G126/><T106/><D106/><U74/><E74/><V104/><F104/><W71/><G34/><T133/><D133/><U4/><E132/><V82/><F60/><W37/><G37/><T22/><D22/><U31/><E15/><V68/><F68/><W19/><G71/><N who="0" m="42447" /><D124/><U21/><E31/><V54/><F97/><W76/><G64/><T62/><D62/><U80/><E99/><V109/><F109/><W14/><G26/><T9/><D9/><U117/><E65/><V96/><F96/><W51/><G3/><T47/><D116/><U73/><E67/><V84/><F54/><W39/><G39/><T8/><D8/><U45/><E70/><V11/><F11/><W38/><G38/><T85/><D47/><N who="2" m="17962" /><F41/><W24/><G10/><T92/><AGARI ba="0,0" hai="81,85,90,92,93,95,129,130" m="42447,43562" machi="92" ten="40,2700,0" yaku="15,1,52,1" doraHai="87" who="0" fromWho="0" sc="248,27,238,-7,184,-13,330,-7" />
</Scene>
<Scene>
<INIT seed="7,0,0,1,0,116" ten="275,231,171,323" oya="3" hai0="6,1,26,108,131,124,77,2,125,52,132,9,78" hai1="93,122,67,74,117,38,11,133,5,82,65,76,92" hai2="10,118,69,34,19,128,61,101,64,120,57,102,71" hai3="70,18,79,27,41,94,55,88,32,37,42,15,17"/><W56/><G70/><T25/><D108/><U106/><E122/><V85/><F118/><W73/><G37/><T53/><D2/><U62/><E117/><V50/><F34/><W4/><G73/><T129/><D77/><U14/><E106/><V29/><F29/><W12/><G79/><T45/><D78/><U30/><E133/><V46/><F128/><N who="0" m="49226" /><D132/><U54/><E38/><V98/><F101/><W130/><G130/><T51/><D53/><U110/><E110/><V36/><F85/><N who="3" m="52495" /><G32/><T22/><D25/><U99/><E30/><AGARI ba="0,0" hai="1,6,9,22,26,30,45,51,52,124,125" m="49226" machi="30" ten="30,2000,0" yaku="19,1,54,1" doraHai="116" who="0" fromWho="1" sc="275,20,231,-20,171,0,323,0" owari="295,10.0,211,-19.0,171,-33.0,323,42.0" />
</Scene>
</mjloggm>