<mjloggm ver="2.3"><GO type="169" lobby="0"/><UN n0="%E3%81%B6%E3%81%A3%E3%81%A8%E3%81%B3%E3%82%AB%E3%83%BC%E3%83%89" n1="%E3%83%A9%E3%83%A0%E3%83%80%E3%81%95%E3%82%93" n2="%E5%A4%AA%E3%81%8F%E3%81%AA%E3%81%84%E3%81%8A" n3="%E3%81%B5%E3%81%86%E3%81%8C%E2%99%AA" dan="16,17,19,17" rate="2120.21,2199.32,2280.66,2132.35" sx="M,M,F,M"/><TAIKYOKU oya="0"/>

<Scene>
<INIT seed="0,0,0,4,1,5" ten="250,250,250,250" oya="0" hai0="98,86,87,13,106,44,19,100,72,99,122,67,88" hai1="43,51,37,9,130,83,101,54,112,33,2,23,93" hai2="66,52,85,108,76,128,34,49,25,131,109,0,63" hai3="53,20,55,120,59,127,92,71,61,38,50,16,75"/><T36/><D122/><U32/><E112/><V97/><F0/><W110/><G110/><N who="2" m="42601" /><F97/><W14/><G127/><T10/><D72/><U90/><E130/><N who="2" m="49707" /><F76/><W114/><G38/><T64/><D87/><U4/><E101/><V69/><F85/><W107/><G107/><T89/><D89/><U68/><E68/><V56/><F25/><W133/><G133/><T117/><D99/><U39/><E83/><V42/><F34/><W104/><G104/><T116/><D116/><U60/><E60/><V28/><F28/><W118/><G118/><T135/><D135/><U21/><E33/><V81/><F81/><W48/><G75/><T1/><D1/><U70/><E32/><V57/><F42/><W132/><G132/><T65/><D117/><U77/><E77/><V124/><F124/><W11/><G92/><T115/><D115/><U102/><E102/><V26/><F26/><W80/><G114/><T30/><D30/><U7/><E70/><AGARI ba="0,0" hai="49,52,56,57,63,66,69,70" m="49707,42601" machi="70" ten="30,8000,1" yaku="14,1,19,1,34,2,54,1" doraHai="5" who="2" fromWho="1" sc="250,0,250,-80,250,80,250,0" />
</Scene>
<Scene>
<INIT seed="1,0,0,1,4,32" ten="250,170,330,250" oya="1" hai0="33,129,85,26,92,57,45,76,103,0,83,60,78" hai1="107,91,13,133,111,130,12,19,80,94,68,22,67" hai2="124,51,93,16,58,87,6,29,74,36,117,119,95" hai3="73,72,70,77,116,28,82,98,134,37,55,135,101"/><U128/><E107/><V122/><F36/><W100/><G37/><T18/><D129/><U53/><E133/><N who="3" m="50698" /><G70/><T99/><D0/><U9/><E111/><V34/><F74/><N who="3" m="43319" /><G28/><T44/><D78/><U71/><E80/><V30/><F6/><W120/><G120/><T11/><D33/><U39/><E39/><V27/><F30/><W7/><G7/><T88/><D76/><U64/><E53/><V96/><F122/><W43/><G43/><T10/><D26/><U131/><E71/><V2/><F124/><W59/><G116/><T115/><D115/><U105/><E105/><V108/><F108/><W113/><G113/><T75/><D75/><N who="3" m="28745" /><G98/><T49/><D18/><U127/><E127/><V66/><F96/><W110/><G110/><T79/><D79/><U84/><REACH who="1" step="1"/><E68/><REACH who="1" ten="250,160,330,250" step="2"/><V31/><F119/><W41/><G41/><N who="0" m="24719" /><D45/><U123/><E123/><V15/><F117/><W121/><G121/><T97/><D97/><U35/><E35/><V54/><F34/><W42/><G42/><T125/><D125/><U48/><E48/><AGARI ba="0,1" hai="48,55,59,100,101" m="28745,43319,50698" machi="48" ten="30,1000,0" yaku="20,1" doraHai="32" who="3" fromWho="1" sc="250,0,160,-10,330,0,250,20" />
</Scene>
<Scene>
<INIT seed="2,0,0,1,3,9" ten="250,150,330,270" oya="2" hai0="15,81,98,12,60,67,22,83,87,51,96,56,19" hai1="47,95,52,134,57,80,44,10,97,29,117,66,73" hai2="105,128,103,49,131,114,62,58,119,37,14,75,121" hai3="36,68,110,33,122,85,112,4,84,94,32,2,100"/><V82/><F37/><W63/><G122/><T135/><D135/><U92/><E117/><V0/><F0/><W45/><G110/><T90/><D83/><U127/><E134/><V53/><F119/><W115/><G2/><T13/><D51/><U86/><E127/><V102/><F121/><W41/><G4/><T93/><REACH who="0" step="1"/><D98/><REACH who="0" ten="240,150,330,270" step="2"/><U43/><E97/><V7/><F49/><W59/><G115/><T6/><D6/><U118/><E80/><V76/><F114/><W11/><G112/><T107/><D107/><U40/><E118/><V21/><F105/><W1/><G94/><T91/><AGARI ba="0,1" hai="12,13,15,19,22,56,60,67,81,87,90,91,93,96" machi="91" ten="20,16000,3" yaku="1,1,0,1,7,1,8,1,52,3,53,1" doraHai="9" doraHaiUra="78" who="0" fromWho="0" sc="240,170,150,-40,330,-80,270,-40" />
</Scene>
<Scene>
<INIT seed="3,0,0,1,5,55" ten="410,110,250,230" oya="3" hai0="45,83,97,48,122,71,134,93,86,13,92,27,115" hai1="60,72,8,109,21,39,26,49,95,84,114,6,87" hai2="1,117,119,63,111,30,96,102,132,118,29,40,34" hai3="127,59,104,57,82,99,129,44,16,4,35,24,10"/><W94/><G129/><T85/><D122/><U12/><E114/><V14/><F1/><W65/><G104/><T25/><D71/><U58/><E39/><V32/><F40/><W64/><G127/><T79/><D134/><U107/><E72/><V15/><F63/><W103/><G82/><T121/><D121/><U77/><E107/><V128/><F96/><W133/><G133/><T113/><D113/><U68/><E68/><V70/><F102/><W61/><G44/><T130/><D130/><U56/><E109/><V80/><F80/><W89/><G103/><N who="0" m="60839" /><D13/><N who="2" m="4618" /><F70/><W17/><G59/><N who="1" m="22570" /><E60/><V91/><F91/><W78/><G78/><T42/><D115/><U74/><E74/><V125/><F132/><W3/><REACH who="3" step="1"/><G65/><REACH who="3" ten="410,110,250,220" step="2"/><T112/><D112/><U101/><E77/><V124/><F128/><W36/><G36/><T66/><D66/><U73/><E73/><V135/><F135/><W52/><G52/><T76/><D76/><U28/><E49/><V46/><F46/><W47/><G47/><T18/><D45/><U81/><E81/><V105/><F105/><W37/><G37/><T7/><D48/><U75/><E75/><V54/><F54/><W11/><G11/><T43/><D83/><U33/><E101/><V5/><F124/><W62/><G62/><T98/><D79/><U50/><E50/><V100/><F125/><W9/><G9/><T53/><D53/><U31/><E95/><V22/><F100/><W106/><G106/><T20/><D43/><U116/><E116/><V41/><F41/><W120/><G120/><T51/><D42/><U67/><E67/><RYUUKYOKU ba="0,1" sc="410,-15,110,15,250,-15,220,15" hai1="6,8,12,21,26,28,31,33,84,87" hai3="3,4,10,16,17,24,35,57,61,64,89,94,99" />
</Scene>
<Scene>
<INIT seed="3,1,1,1,3,101" ten="395,125,235,235" oya="3" hai0="122,0,47,119,94,49,132,10,97,87,22,120,134" hai1="83,67,34,64,8,129,29,20,45,81,9,40,46" hai2="69,126,39,77,43,123,84,6,74,73,71,89,7" hai3="52,36,37,32,98,54,1,3,66,14,121,28,95"/><W109/><G121/><T33/><D33/><U13/><E34/><V53/><F123/><W75/><G75/><T4/><D22/><U11/><E129/><V93/><F126/><W105/><G105/><T70/><D87/><U21/><E40/><V131/><F131/><W51/><G66/><N who="1" m="25130" /><E13/><V127/><F127/><W15/><G109/><T56/><D56/><U62/><E62/><V61/><F43/><W99/><G32/><T42/><D70/><U110/><E29/><V102/><F39/><W5/><G28/><T106/><D119/><U135/><E135/><N who="0" m="51753" /><D106/><U38/><E38/><V59/><F74/><W76/><G76/><T50/><D50/><U114/><E114/><V118/><F118/><W24/><G24/><T35/><D35/><U86/><E86/><V128/><F128/><W115/><G115/><T112/><D112/><U18/><E18/><V80/><F69/><W88/><G51/><T133/><D133/><U111/><E21/><V58/><F71/><W44/><G44/><N who="1" m="17002" /><E20/><V78/><F59/><W125/><G125/><T16/><D16/><U48/><E48/><V100/><F77/><W17/><G17/><T60/><D60/><U57/><E57/><V2/><F73/><W55/><G5/><T72/><D72/><U31/><E31/><V108/><F7/><W96/><G36/><T85/><D85/><U12/><E12/><N who="3" m="4650" /><G37/><T117/><D117/><U82/><AGARI ba="1,1" hai="8,9,11,81,82,83,110,111" m="17002,25130" machi="82" ten="40,8000,1" yaku="28,2,26,2" doraHai="101" who="1" fromWho="1" sc="395,-21,125,93,235,-21,235,-41" />
</Scene>
<Scene>
<INIT seed="4,0,0,1,5,21" ten="374,218,214,194" oya="0" hai0="43,76,51,44,121,29,50,108,41,89,8,82,68" hai1="13,106,100,75,134,65,15,37,54,77,102,46,45" hai2="120,57,135,132,74,34,129,18,97,103,23,47,7" hai3="40,9,11,64,91,73,0,130,81,93,10,30,107"/><T55/><D121/><U99/><E134/><N who="2" m="51243" /><F129/><W26/><G130/><T84/><D68/><U49/><E65/><V61/><F34/><W95/><G107/><T38/><D108/><U104/><E77/><V19/><F74/><W88/><G40/><T35/><D41/><U20/><E75/><V27/><F7/><W56/><G0/><T63/><D63/><U31/><E37/><V96/><F47/><W126/><G126/><T105/><D105/><U125/><E125/><V17/><F120/><W67/><G73/><T124/><D124/><U16/><E31/><N who="2" m="17919" /><F103/><W101/><G101/><T115/><D115/><U71/><E71/><V12/><F12/><W118/><G118/><T32/><D29/><U69/><E69/><V109/><F109/><W3/><G3/><T48/><D55/><AGARI ba="0,0" hai="17,18,19,55,57,61,96,97" m="17919,51243" machi="55" ten="30,2000,0" yaku="20,1,52,1" doraHai="21" who="2" fromWho="0" sc="374,-20,218,0,214,20,194,0" />
</Scene>
<Scene>
<INIT seed="5,0,0,2,2,50" ten="354,218,234,194" oya="1" hai0="94,8,115,134,135,129,18,21,91,64,14,41,17" hai1="73,46,104,123,54,105,33,20,28,77,49,13,26" hai2="124,126,102,96,44,133,106,68,66,3,99,39,89" hai3="116,45,128,80,121,6,100,19,122,97,31,55,95"/><U0/><E123/><V57/><F3/><W22/><G128/><T103/><D129/><U107/><E0/><V81/><F68/><W110/><G110/><T27/><D115/><U40/><E73/><V131/><F131/><W93/><G116/><T101/><D41/><U61/><E77/><V71/><F71/><W2/><G31/><T79/><D64/><U72/><E72/><V52/><F66/><W32/><G32/><T35/><D35/><U1/><E1/><V43/><F133/><N who="0" m="50698" /><D79/><U125/><E125/><N who="2" m="48235" /><F81/><W51/><G80/><T113/><D113/><U65/><E40/><V48/><F96/><AGARI ba="0,0" hai="8,14,17,18,21,27,91,94,96,101,103" m="50698" machi="96" ten="30,1000,0" yaku="20,1" doraHai="50" who="0" fromWho="2" sc="354,10,218,0,234,-10,194,0" />
</Scene>
<Scene>
<INIT seed="6,0,0,2,2,25" ten="364,218,224,194" oya="2" hai0="9,83,60,41,105,63,5,36,13,120,24,7,115" hai1="19,70,43,61,42,22,72,76,98,82,112,68,45" hai2="46,37,88,4,107,78,17,34,131,49,86,113,134" hai3="51,99,104,56,8,103,66,100,38,127,119,129,55"/><V14/><F107/><W122/><G119/><T106/><D120/><U30/><E112/><V74/><F34/><W91/><G122/><T10/><D83/><U44/><E30/><V16/><F37/><W132/><G129/><T33/><D36/><U12/><E98/><V64/><F113/><W28/><G132/><T85/><D41/><U67/><REACH who="1" step="1"/><E70/><REACH who="1" ten="364,208,224,194" step="2"/><V87/><F134/><W31/><G127/><T59/><D115/><U26/><E26/><V124/><F124/><W65/><G38/><T81/><D24/><U95/><E95/><N who="2" m="54679" /><F131/><W53/><G104/><T54/><D33/><U62/><E62/><V47/><F74/><W2/><G2/><T118/><D118/><U109/><E109/><V79/><F87/><W125/><G125/><T96/><D96/><U97/><E97/><V50/><F50/><N who="3" m="30775" /><G103/><T133/><D133/><U11/><E11/><N who="2" m="4455" /><F64/><N who="3" m="24683" /><G100/><T57/><D106/><U94/><E94/><V40/><F46/><AGARI ba="0,1" hai="12,19,22,42,43,44,45,46,61,67,68,72,76,82" machi="46" ten="40,2600,0" yaku="1,1,53,1" doraHai="25" doraHaiUra="18" who="1" fromWho="2" sc="364,0,208,36,224,-26,194,0" />
</Scene>
<Scene>
<INIT seed="7,0,0,0,3,5" ten="364,244,198,194" oya="3" hai0="127,8,95,30,124,125,130,22,99,106,83,80,49" hai1="84,35,51,58,94,2,135,97,65,25,100,41,112" hai2="17,55,27,81,87,50,72,86,12,37,36,90,78" hai3="71,46,43,111,60,34,114,1,73,129,54,39,63"/><W7/><G114/><T117/><D106/><U79/><E2/><V66/><F66/><N who="3" m="41415" /><G73/><T74/><D74/><U132/><E112/><V10/><F27/><W15/><G15/><T11/><D117/><U85/><E65/><V59/><F72/><W89/><G89/><N who="0" m="55791" /><D130/><U45/><E58/><V116/><REACH who="2" step="1"/><F116/><REACH who="2" ten="364,244,188,194" step="2"/><W13/><G1/><T53/><D127/><U18/><E25/><V92/><AGARI ba="0,1" hai="10,12,17,36,37,50,55,59,78,81,86,87,90,92" machi="92" ten="20,8000,1" yaku="1,1,2,1,0,1,7,1,52,1,53,0" doraHai="5" doraHaiUra="32" who="2" fromWho="2" sc="364,-20,244,-20,188,90,194,-40" owari="344,45.0,224,-18.0,278,8.0,154,-35.0" />
</Scene>
</mjloggm>