<mjloggm ver="2.3"><GO type="169" lobby="0"/><UN n0="%E3%81%91%E3%82%93%31%39%37%30" n1="%E2%98%85%E3%83%9B%E3%83%BC%E3%82%B9%E2%98%85" n2="%E4%BD%95%E3%81%A7%EF%BC%9F" n3="%E5%A4%AA%E3%81%8F%E3%81%AA%E3%81%84%E3%81%8A" dan="16,16,16,18" rate="2158.42,2120.74,2095.98,2300.14" sx="M,M,M,M"/><TAIKYOKU oya="0"/>

<Scene>
<INIT seed="0,0,0,3,2,74" ten="250,250,250,250" oya="0" hai0="61,109,102,8,98,110,41,115,69,49,19,25,71" hai1="28,120,39,88,1,105,89,29,87,32,23,35,51" hai2="73,70,5,31,48,107,58,9,38,77,100,86,129" hai3="52,108,60,7,106,2,46,47,4,62,10,126,104"/><T3/><D115/><U42/><E39/><V94/><F38/><W78/><G108/><N who="0" m="41579" /><D61/><U17/><E1/><V67/><F70/><W18/><G126/><T80/><D80/><U11/><E105/><V113/><F113/><W91/><G91/><T93/><D25/><U95/><E120/><V112/><F112/><W59/><G62/><T65/><D65/><U63/><E11/><V92/><F129/><W75/><G7/><N who="0" m="1151" /><D19/><U15/><E63/><V27/><F73/><W66/><G18/><T54/><D41/><U132/><E132/><V37/><F67/><W14/><G2/><T55/><D55/><U124/><E124/><V12/><F27/><W119/><G119/><T64/><D64/><U79/><E32/><V123/><F31/><W72/><G66/><T34/><D34/><U134/><E35/><V21/><F123/><W16/><G4/><T13/><D13/><U131/><E134/><V128/><F12/><W36/><G72/><T116/><D116/><U90/><E131/><V96/><F5/><W45/><REACH who="3" step="1"/><G36/><REACH who="3" ten="250,250,250,240" step="2"/><T76/><D69/><U50/><E28/><V6/><F37/><W0/><G0/><T85/><D71/><U57/><E29/><V114/><F6/><W56/><G56/><N who="0" m="32847" /><D85/><U118/><E118/><V83/><F128/><W81/><AGARI ba="0,1" hai="10,14,16,45,46,47,52,59,60,75,78,81,104,106" machi="81" ten="30,8000,1" yaku="1,1,0,1,52,1,54,2,53,0" doraHai="74" doraHaiUra="117" who="3" fromWho="3" sc="250,-40,250,-20,250,-20,240,90" />
</Scene>
<Scene>
<INIT seed="1,0,0,1,1,11" ten="210,230,230,330" oya="1" hai0="26,7,99,89,14,104,128,22,90,131,127,84,88" hai1="13,72,25,48,43,74,28,23,82,39,95,51,24" hai2="57,119,80,106,101,63,133,125,40,18,87,111,20" hai3="62,44,81,58,29,10,92,108,71,97,109,30,59"/><U135/><E135/><V54/><F133/><W34/><G71/><T37/><D37/><U12/><E39/><V27/><F111/><N who="3" m="42571" /><G44/><T4/><D127/><U19/><E95/><V5/><F125/><W8/><G81/><T61/><D61/><U46/><E51/><V17/><F119/><W38/><G38/><T9/><D7/><U126/><E126/><V69/><F40/><W122/><G59/><T70/><D70/><U118/><E118/><V65/><F5/><W100/><G122/><T49/><D49/><U35/><REACH who="1" step="1"/><E82/><REACH who="1" ten="210,220,230,330" step="2"/><V3/><F106/><W41/><G92/><N who="0" m="54279" /><D104/><U91/><E91/><V85/><F101/><W115/><G100/><T134/><D134/><U124/><E124/><V52/><F80/><W94/><G94/><T117/><D117/><U114/><E114/><V123/><F123/><W121/><G115/><T32/><D99/><U132/><E132/><V16/><F69/><W105/><G97/><T64/><D90/><U73/><AGARI ba="0,1" hai="12,13,19,23,24,25,28,35,43,46,48,72,73,74" machi="73" ten="30,11700,0" yaku="1,1,0,1,52,2,53,0" doraHai="11" doraHaiUra="93" who="1" fromWho="1" sc="210,-39,220,127,230,-39,330,-39" />
</Scene>
<Scene>
<INIT seed="1,1,0,2,4,135" ten="171,347,191,291" oya="1" hai0="93,20,121,14,12,89,92,31,91,84,17,120,114" hai1="45,25,107,44,1,87,96,4,10,131,102,98,3" hai2="33,100,43,125,61,64,103,66,15,104,124,109,60" hai3="59,7,63,101,34,47,5,54,127,51,78,128,24"/><U115/><E115/><V85/><F33/><W90/><G128/><T55/><D114/><U75/><E75/><V130/><F130/><W73/><G101/><T16/><D31/><U48/><E131/><V132/><F132/><W42/><G78/><T38/><D38/><U67/><E67/><V77/><F43/><W95/><G73/><T123/><D55/><U106/><E87/><V82/><F109/><W133/><G133/><T39/><D39/><U118/><E118/><V40/><F40/><W134/><G134/><T68/><D68/><U119/><E119/><V94/><F104/><W74/><G74/><T35/><D35/><U23/><E1/><V113/><F15/><W27/><G34/><T28/><D28/><U26/><E26/><N who="3" m="9770" /><G127/><N who="2" m="48713" /><F113/><W6/><G6/><T21/><D123/><U58/><E107/><V76/><F94/><W62/><G62/><N who="2" m="24169" /><F77/><W53/><G42/><T50/><D50/><U30/><E98/><AGARI ba="1,0" hai="5,7,47,51,53,54,59,63,90,95,98" m="9770" machi="98" ten="30,1000,0" yaku="8,1" doraHai="135" who="3" fromWho="1" sc="171,0,347,-13,191,0,291,13" /><AGARI ba="1,0" hai="12,14,16,17,20,21,84,89,91,92,93,98,120,121" machi="98" ten="40,2600,0" yaku="9,1,54,1" doraHai="135" who="0" fromWho="1" sc="171,26,334,-26,191,0,304,0" />
</Scene>
<Scene>
<INIT seed="2,0,0,0,1,34" ten="197,308,191,304" oya="2" hai0="31,50,61,44,94,48,100,120,25,77,129,57,69" hai1="12,110,6,128,93,17,54,135,99,10,104,116,5" hai2="59,114,45,97,130,73,41,62,85,52,58,96,75" hai3="126,118,95,11,132,30,9,105,111,37,98,74,124"/><V64/><F114/><W22/><G118/><T123/><D129/><U113/><E116/><V133/><F130/><W84/><G74/><T56/><D77/><U23/><E128/><V70/><F85/><W29/><G37/><T80/><D80/><U115/><E135/><V86/><F86/><W68/><G68/><T24/><D69/><U51/><E104/><V18/><F133/><W92/><G132/><T28/><D61/><U109/><E5/><V108/><F108/><N who="1" m="41577" /><E51/><V36/><F18/><W35/><G35/><T32/><D94/><U87/><E87/><V71/><F71/><W102/><G111/><T8/><D8/><N who="3" m="3145" /><G22/><T46/><D32/><U27/><E54/><V26/><F26/><W15/><G15/><T65/><REACH who="0" step="1"/><D100/><AGARI ba="0,0" hai="6,10,12,17,23,27,93,99,100,113,115" m="41577" machi="100" ten="30,1000,0" yaku="14,1" doraHai="34" who="1" fromWho="0" sc="197,-10,308,10,191,0,304,0" />
</Scene>
<Scene>
<INIT seed="3,0,0,0,0,55" ten="187,318,191,304" oya="3" hai0="27,50,99,104,58,78,3,76,90,14,81,126,38" hai1="0,32,122,113,39,87,6,71,120,115,100,112,67" hai2="20,19,116,132,69,59,13,51,29,12,80,110,133" hai3="17,111,79,1,11,40,128,91,121,102,22,23,9"/><W107/><G121/><T47/><D3/><U45/><E87/><V105/><F69/><W42/><G79/><T5/><D126/><U57/><E100/><V75/><F105/><W18/><G128/><T53/><D27/><U63/><E32/><V62/><F110/><W88/><G102/><T49/><D38/><U48/><E6/><V117/><F29/><W52/><G1/><T24/><D104/><U101/><E101/><V93/><F93/><W130/><G107/><T33/><D33/><U86/><E86/><V96/><F96/><W125/><G130/><T82/><D24/><U94/><E94/><V7/><F51/><W114/><G52/><N who="0" m="32023" /><D99/><U129/><E0/><V43/><F43/><W73/><G73/><T123/><D123/><N who="1" m="47147" /><E129/><V8/><F80/><N who="0" m="30826" /><D90/><U56/><E39/><V70/><F70/><W35/><G35/><T134/><D134/><N who="2" m="51818" /><F75/><W124/><REACH who="3" step="1"/><G111/><REACH who="3" ten="187,318,191,294" step="2"/><T30/><D30/><U16/><E115/><AGARI ba="0,1" hai="9,11,17,18,22,23,40,42,88,91,114,115,124,125" machi="115" ten="25,12000,1" yaku="1,1,2,1,22,2,54,1,53,0" doraHai="55" doraHaiUra="74" who="3" fromWho="1" sc="187,0,318,-120,191,0,294,130" />
</Scene>
<Scene>
<INIT seed="3,1,0,2,2,69" ten="187,198,191,424" oya="3" hai0="88,40,102,80,14,36,23,50,82,128,129,68,108" hai1="110,59,45,115,107,93,44,1,42,13,125,58,100" hai2="73,85,10,20,28,124,34,19,55,114,7,62,103" hai3="67,38,4,120,60,101,17,46,24,61,39,123,84"/><W21/><G4/><T6/><D68/><U65/><E115/><V109/><F73/><W51/><G101/><T32/><D32/><U30/><E1/><V96/><F109/><W122/><G84/><T131/><D108/><U97/><E110/><V127/><F114/><W41/><REACH who="3" step="1"/><G60/><REACH who="3" ten="187,198,191,414" step="2"/><T49/><D102/><U63/><E125/><V106/><F85/><W104/><G104/><T11/><D128/><U75/><E75/><V25/><F127/><W22/><G22/><T90/><D131/><U47/><E107/><V95/><F124/><W126/><G126/><T79/><D129/><U86/><E86/><V132/><F106/><W78/><G78/><T81/><D79/><U48/><E100/><V37/><F62/><W130/><G130/><T112/><D112/><U92/><E97/><V98/><F96/><W99/><G99/><T54/><D23/><U8/><E93/><V118/><F103/><W9/><G9/><T121/><D90/><U64/><E92/><V135/><F95/><W18/><G18/><T70/><D88/><U5/><E30/><V89/><F98/><W105/><G105/><T57/><D6/><U113/><E113/><V3/><F89/><W72/><G72/><T133/><D11/><U27/><E63/><V56/><F20/><W76/><G76/><T87/><D87/><U33/><E5/><V53/><F19/><W71/><AGARI ba="1,1" hai="17,21,24,38,39,41,46,51,61,67,71,120,122,123" machi="71" ten="30,11700,0" yaku="1,1,0,1,52,2,53,0" doraHai="69" doraHaiUra="83" who="3" fromWho="3" sc="187,-40,198,-40,191,-40,414,130" />
</Scene>
<Scene>
<INIT seed="3,2,0,4,1,6" ten="147,158,151,544" oya="3" hai0="93,80,129,36,55,90,1,94,32,104,10,128,76" hai1="134,102,118,123,86,41,50,78,97,18,65,113,43" hai2="133,54,71,47,75,81,70,91,38,122,96,108,131" hai3="64,44,116,88,67,63,16,106,68,8,124,125,45"/><W58/><G106/><T114/><D32/><U82/><E123/><V83/><F122/><W100/><G100/><T31/><D31/><U17/><E113/><V127/><F108/><W135/><G116/><T77/><D36/><U112/><E112/><V62/><F131/><W87/><G135/><T14/><D1/><U23/><E134/><V92/><F133/><W37/><G67/><T115/><D104/><U25/><E118/><V73/><F127/><N who="3" m="48715" /><G68/><T56/><D94/><N who="1" m="58679" /><E65/><V35/><F35/><W99/><G99/><T79/><D80/><U84/><E84/><V26/><F71/><W57/><G57/><T51/><D114/><U110/><E110/><V52/><F75/><W89/><G37/><T53/><D53/><U46/><E43/><V111/><F73/><W69/><G69/><T101/><D101/><U61/><E61/><V98/><F70/><W12/><G89/><T15/><D15/><U24/><E24/><V11/><F38/><W34/><G34/><T95/><D115/><U126/><E126/><V42/><F111/><W72/><G72/><T117/><D117/><U13/><E13/><V4/><F98/><W130/><G130/><N who="0" m="50283" /><D90/><U74/><E74/><V49/><F26/><W103/><G103/><T59/><D59/><U2/><E2/><N who="2" m="407" /><F62/><W119/><G119/><T22/><D22/><U120/><E120/><V60/><F60/><W105/><G105/><T33/><D33/><U9/><E78/><V40/><F40/><W28/><G28/><T0/><D0/><U27/><E27/><V39/><F39/><W121/><G121/><T29/><D29/><RYUUKYOKU ba="2,0" sc="147,10,158,-30,151,10,544,10" hai0="10,14,51,55,56,76,77,79,93,95" hai2="42,47,49,52,54,81,83,91,92,96" hai3="8,12,16,44,45,58,63,64,87,88" />
</Scene>
<Scene>
<INIT seed="3,3,0,0,2,54" ten="157,128,161,554" oya="3" hai0="81,52,0,7,100,113,134,129,55,68,87,35,116" hai1="69,126,39,78,122,88,42,107,135,37,30,41,96" hai2="17,48,67,6,14,133,49,59,127,117,131,31,25" hai3="119,105,125,15,4,23,1,28,94,80,130,60,112"/><W118/><G105/><T83/><D35/><U74/><E122/><V132/><F117/><W102/><G112/><T108/><D68/><U33/><E69/><V64/><F127/><W50/><G125/><T58/><D116/><U47/><E126/><V103/><F103/><W3/><G130/><T34/><D34/><U73/><E135/><N who="2" m="51787" /><F6/><W2/><G60/><T26/><D100/><N who="1" m="62855" /><E88/><V82/><F82/><W12/><G50/><N who="2" m="19561" /><F59/><W120/><G80/><T11/><D83/><U13/><E13/><V90/><F90/><W38/><G15/><T75/><D113/><U24/><E78/><V70/><F70/><W111/><G119/><T65/><D129/><U89/><E89/><V22/><F131/><W79/><G79/><T121/><D134/><U101/><E101/><V128/><F128/><W21/><G118/><T72/><D72/><U91/><E91/><V76/><F76/><W18/><G102/><T8/><D75/><U29/><E29/><V20/><AGARI ba="3,0" hai="14,17,20,22,25,31,64,67" m="19561,51787" machi="20" ten="30,1100,0" yaku="20,1" doraHai="54" who="2" fromWho="2" sc="157,-6,128,-6,161,20,554,-8" />
</Scene>
<Scene>
<INIT seed="4,0,0,2,4,105" ten="151,122,181,546" oya="0" hai0="0,22,21,124,73,57,56,9,2,19,41,18,121" hai1="33,70,100,103,49,127,115,114,46,50,28,134,111" hai2="107,26,71,81,66,25,118,39,17,123,27,91,108" hai3="52,69,89,31,61,98,93,65,80,125,126,74,133"/><T54/><D121/><U53/><E111/><V7/><F118/><W95/><G133/><T113/><D41/><U23/><E33/><V34/><F107/><W55/><G31/><T128/><D113/><N who="1" m="43019" /><E134/><V32/><F39/><W88/><G74/><T59/><D124/><N who="3" m="47721" /><G80/><T99/><D99/><AGARI ba="0,0" hai="52,55,61,65,69,88,89,93,95,98,99" m="47721" machi="99" ten="30,3900,0" yaku="18,1,54,2" doraHai="105" who="3" fromWho="0" sc="151,-39,122,0,181,0,546,39" />
</Scene>
<Scene>
<INIT seed="5,0,0,1,3,0" ten="112,122,181,585" oya="1" hai0="4,69,125,72,22,6,97,39,9,5,83,105,32" hai1="131,73,18,96,46,107,51,1,75,61,12,33,20" hai2="101,108,123,13,117,42,27,95,14,67,10,77,92" hai3="76,17,21,8,124,2,93,43,113,60,31,68,115"/><U103/><E131/><V35/><F117/><W28/><G43/><T57/><D32/><U85/><E33/><V70/><F123/><W62/><G76/><T88/><D69/><U133/><E133/><V81/><F108/><W135/><G93/><T49/><D39/><U89/><E1/><V56/><F70/><W78/><G78/><T71/><D71/><U34/><E34/><V47/><F27/><W74/><G74/><T114/><D72/><U91/><E61/><V30/><F30/><W38/><G38/><T121/><D9/><U94/><REACH who="1" step="1"/><E89/><REACH who="1" ten="112,112,181,585" step="2"/><V7/><F35/><W59/><G62/><T40/><D121/><U44/><E44/><V66/><F47/><W79/><G2/><T65/><D88/><U99/><E99/><V102/><F101/><W24/><G60/><T54/><D97/><U52/><AGARI ba="0,1" hai="12,18,20,46,51,52,73,75,85,91,94,96,103,107" machi="52" ten="20,7800,0" yaku="1,1,0,1,7,1,54,1,53,0" doraHai="0" doraHaiUra="127" who="1" fromWho="1" sc="112,-26,112,88,181,-26,585,-26" />
</Scene>
<Scene>
<INIT seed="5,1,0,1,2,113" ten="86,200,155,559" oya="1" hai0="92,60,124,97,71,68,47,45,6,0,109,72,108" hai1="31,66,50,87,1,70,82,13,67,41,29,20,102" hai2="127,26,62,38,99,56,85,7,12,103,52,84,77" hai3="9,2,54,5,37,89,24,48,40,32,63,76,121"/><U114/><E1/><V100/><F38/><W117/><G121/><T8/><D72/><U106/><E114/><V25/><F127/><W43/><G117/><T104/><D124/><U111/><E111/><V58/><F58/><W14/><G76/><T118/><D47/><N who="1" m="25967" /><E106/><V119/><F119/><W134/><G134/><T64/><D118/><U44/><E102/><N who="2" m="38955" /><F99/><W80/><G63/><T28/><D71/><U129/><E129/><V130/><F130/><W55/><G2/><T93/><D104/><U42/><E70/><V116/><F116/><W34/><G34/><T132/><D132/><U91/><E42/><V16/><F7/><W23/><G32/><T35/><D45/><U21/><E44/><V107/><F107/><W10/><G10/><T78/><D78/><U74/><E74/><V131/><F131/><W15/><G15/><T110/><REACH who="0" step="1"/><D97/><REACH who="0" ten="76,200,155,559" step="2"/><U18/><E31/><V53/><F77/><W51/><G37/><T27/><AGARI ba="1,1" hai="0,6,8,27,28,35,60,64,68,92,93,108,109,110" machi="27" ten="40,8000,1" yaku="1,1,2,1,0,1,53,1" doraHai="113" doraHaiUra="61" who="0" fromWho="0" sc="76,93,200,-41,155,-21,559,-21" />
</Scene>
<Scene>
<INIT seed="6,0,0,3,1,77" ten="169,159,134,538" oya="2" hai0="20,31,54,101,4,82,75,14,118,38,26,59,43" hai1="98,27,108,135,1,85,30,119,131,125,130,56,34" hai2="112,90,5,46,128,55,35,16,73,92,28,8,45" hai3="36,100,123,2,41,3,11,120,83,12,71,115,23"/><V33/><F73/><W114/><G71/><T57/><D118/><U104/><E119/><V106/><F128/><N who="1" m="49193" /><E108/><V13/><F112/><N who="3" m="43051" /><G100/><T103/><D38/><U89/><E135/><V132/><F106/><W69/><G69/><T96/><D43/><U116/><E116/><V10/><F132/><W74/><G23/><T105/><D103/><N who="1" m="62583" /><E56/><V17/><F35/><W65/><G65/><T63/><D57/><U61/><E61/><V6/><F28/><W39/><G83/><T87/><D75/><U64/><E64/><V122/><F33/><W68/><G68/><T107/><D107/><U84/><E125/><V127/><F127/><W7/><G74/><T52/><D4/><N who="2" m="1642" /><F122/><N who="3" m="46635" /><G41/><T58/><D14/><U44/><E1/><AGARI ba="0,0" hai="1,2,3,7,11,12,36,39" m="46635,43051" machi="1" ten="40,2600,0" yaku="15,1,11,1" doraHai="77" who="3" fromWho="1" sc="169,0,159,-26,134,0,538,26" />
</Scene>
<Scene>
<INIT seed="7,0,0,3,0,26" ten="169,133,134,564" oya="3" hai0="42,11,112,34,67,17,48,35,18,78,119,70,15" hai1="14,31,46,89,103,117,72,1,55,122,105,106,27" hai2="115,38,44,83,88,129,28,124,99,107,64,37,43" hai3="19,113,121,134,74,60,69,24,21,25,94,116,40"/><W9/><G116/><T118/><D70/><U110/><E1/><V3/><F3/><W132/><G121/><T133/><D67/><U6/><E110/><V108/><F108/><W114/><G74/><T50/><D78/><U91/><E122/><V109/><F109/><W10/><G40/><T90/><D133/><N who="3" m="51305" /><G94/><T81/><D112/><N who="3" m="43113" /><G25/><T101/><D42/><U32/><E72/><V71/><F115/><W39/><G39/><T56/><D119/><U77/><E77/><V123/><F38/><W23/><G23/><T41/><D41/><U127/><E117/><V93/><F123/><W33/><G33/><T29/><D35/><U65/><E127/><V130/><F124/><W45/><G45/><T20/><D34/><U61/><E106/><V98/><F107/><W73/><G73/><T79/><D20/><U51/><E6/><V126/><F126/><W62/><G69/><T2/><D118/><U82/><E82/><V57/><F83/><W135/><G135/><T120/><D81/><U92/><E92/><V85/><F71/><W59/><G62/><T52/><D120/><U16/><E105/><V87/><F87/><W47/><G47/><T4/><D56/><U63/><E103/><V128/><F99/><W13/><G10/><T66/><D11/><N who="1" m="6239" /><E63/><N who="2" m="37999" /><F98/><W95/><G95/><T36/><D101/><U80/><E80/><V30/><AGARI ba="0,0" hai="28,30,37,43,44,85,88,93,128,129,130" m="37999" machi="30" ten="40,8000,1" yaku="19,1,52,2,54,1" doraHai="26" who="2" fromWho="2" sc="169,-20,133,-20,134,80,564,-40" owari="149,-25.0,113,-39.0,214,1.0,524,63.0" />
</Scene>
</mjloggm>