<mjloggm ver="2.3"><GO type="169" lobby="0"/><UN n0="%E3%81%84%E3%81%9F%E3%83%92%E3%83%AD" n1="%E5%A4%AA%E3%81%8F%E3%81%AA%E3%81%84%E3%81%8A" n2="%E9%88%B4%E4%BD%B3" n3="%E7%89%9B%E9%A6%AC" dan="16,17,17,16" rate="2136.71,2245.21,2198.05,2109.76" sx="M,M,M,M"/><TAIKYOKU oya="0"/>

<Scene>
<INIT seed="0,0,0,5,4,7" ten="250,250,250,250" oya="0" hai0="116,98,125,86,37,129,2,100,69,76,108,12,124" hai1="66,85,1,31,4,40,0,99,118,109,121,82,29" hai2="32,5,52,33,81,102,87,111,59,88,28,61,132" hai3="9,44,128,6,50,39,104,83,38,135,47,106,64"/><T20/><D2/><U22/><E118/><V41/><F111/><W62/><G128/><T77/><D69/><U68/><E121/><V46/><F132/><W105/><G135/><T94/><D37/><U90/><E109/><V35/><F102/><W133/><G83/><T127/><D108/><U71/><E40/><V65/><F5/><W19/><G19/><T18/><D116/><U130/><E130/><V97/><F97/><W74/><G74/><T57/><D129/><U3/><E4/><V96/><F96/><W60/><G133/><T107/><D57/><U91/><E66/><V72/><F72/><W120/><G120/><T34/><D34/><U134/><E134/><V75/><F75/><W54/><G47/><T110/><D110/><U79/><E99/><V26/><REACH who="2" step="1"/><F65/><REACH who="2" ten="250,250,240,250" step="2"/><W89/><G89/><AGARI ba="0,1" hai="12,18,20,76,77,86,89,94,98,100,107,124,125,127" machi="89" ten="40,2000,0" yaku="18,1" doraHai="7" who="0" fromWho="3" sc="250,30,250,0,240,0,250,-20" />
</Scene>
<Scene>
<INIT seed="0,1,0,1,3,134" ten="280,250,240,230" oya="0" hai0="44,85,26,38,41,67,7,63,100,84,46,29,116" hai1="42,82,77,120,60,11,99,53,25,66,78,9,50" hai2="88,103,96,20,92,105,16,128,69,91,106,132,27" hai3="72,45,75,135,56,64,80,129,3,81,0,15,68"/><T127/><D116/><U95/><E42/><V102/><F69/><W123/><G135/><T118/><D118/><U110/><E110/><V101/><F132/><W90/><G68/><T17/><D100/><U8/><E120/><V117/><F117/><W119/><G119/><T104/><D104/><U35/><E35/><V6/><F128/><W111/><G111/><T30/><D7/><U113/><E25/><V37/><F37/><W73/><G129/><T40/><D17/><U4/><E4/><V61/><F6/><W98/><G45/><T5/><D5/><U87/><E77/><V86/><REACH who="2" step="1"/><F61/><REACH who="2" ten="280,250,230,230" step="2"/><W43/><G123/><T49/><D127/><U62/><E113/><V74/><F74/><W32/><G73/><T31/><REACH who="0" step="1"/><D26/><REACH who="0" ten="270,250,230,230" step="2"/><U130/><E130/><V23/><F23/><W22/><G22/><T24/><D24/><U54/><E9/><V107/><F107/><W59/><G3/><T93/><D93/><AGARI ba="1,2" hai="16,20,27,86,88,91,92,93,96,101,102,103,105,106" machi="93" ten="40,5200,0" yaku="1,1,54,2,53,0" doraHai="134" doraHaiUra="79" who="2" fromWho="0" sc="270,-55,250,0,230,75,230,0" />
</Scene>
<Scene>
<INIT seed="1,0,0,5,1,100" ten="215,250,305,230" oya="1" hai0="63,96,4,75,8,6,102,112,49,59,122,103,84" hai1="24,95,61,11,115,76,14,79,126,69,13,10,66" hai2="20,74,119,33,18,53,40,55,82,71,87,91,129" hai3="58,135,90,106,23,15,68,64,121,36,123,57,29"/><U48/><E115/><V56/><F71/><W134/><G36/><T46/><D75/><U110/><E126/><V131/><F119/><W94/><G68/><T72/><D72/><U43/><E110/><V133/><F33/><W30/><G106/><T54/><D112/><U34/><E95/><V45/><F74/><W65/><G15/><T37/><D37/><U31/><E43/><V107/><F107/><W12/><G12/><T27/><D122/><U67/><E48/><V19/><F133/><W2/><G94/><T81/><D27/><U92/><E66/><V99/><F99/><W52/><G23/><T83/><D83/><U16/><REACH who="1" step="1"/><E92/><REACH who="1" ten="215,240,305,230" step="2"/><V35/><F40/><W127/><G127/><T62/><D62/><U60/><E60/><V28/><F55/><W104/><G104/><T124/><D124/><U9/><E9/><V22/><F53/><W89/><G52/><T17/><D103/><U117/><E117/><V125/><F125/><W26/><G123/><T41/><D102/><U0/><E0/><V80/><F45/><W128/><G121/><T101/><D101/><U32/><E32/><V3/><F35/><W51/><G2/><T113/><D113/><U130/><E130/><V97/><F3/><W39/><G39/><T118/><D118/><U88/><E88/><V5/><F91/><W98/><G128/><T25/><D63/><U78/><E78/><V73/><F131/><W44/><G65/><T132/><D41/><U93/><E93/><V116/><F129/><W47/><G64/><T77/><D77/><U85/><E85/><V120/><F116/><RYUUKYOKU ba="0,1" sc="215,-10,240,30,305,-10,230,-10" hai1="10,11,13,14,16,24,31,34,61,67,69,76,79" />
</Scene>
<Scene>
<INIT seed="1,1,1,2,3,64" ten="205,270,295,220" oya="1" hai0="121,60,79,12,45,58,123,50,109,9,35,97,43" hai1="93,24,102,89,62,68,22,80,83,17,29,131,132" hai2="112,72,38,117,15,95,55,87,111,120,119,2,106" hai3="42,116,26,67,16,25,36,78,101,70,127,48,52"/><U19/><E132/><V73/><F15/><W82/><G101/><T90/><D35/><U41/><E131/><V74/><F55/><W34/><G127/><T104/><D79/><U11/><E41/><V129/><F87/><W84/><G116/><T98/><D109/><U65/><E102/><V88/><F88/><W23/><G36/><T31/><D31/><U40/><E40/><V20/><F20/><W33/><G42/><T122/><D104/><U32/><E11/><V54/><F54/><W13/><G34/><T86/><D58/><U1/><E1/><V99/><F74/><W94/><G33/><T81/><REACH who="0" step="1"/><D60/><REACH who="0" ten="195,270,295,220" step="2"/><U71/><E71/><V96/><F119/><W107/><G107/><T37/><D37/><U59/><E59/><V49/><F117/><W125/><G125/><T39/><D39/><U115/><E115/><V53/><F38/><W113/><G113/><T114/><D114/><U47/><E47/><V126/><F106/><W27/><G94/><T7/><AGARI ba="1,2" hai="7,9,12,43,45,50,81,86,90,97,98,121,122,123" machi="7" ten="30,4000,0" yaku="1,1,0,1,13,1,53,0" doraHai="64" doraHaiUra="91" who="0" fromWho="0" sc="195,63,270,-21,295,-11,220,-11" />
</Scene>
<Scene>
<INIT seed="2,0,0,3,3,24" ten="258,249,284,209" oya="2" hai0="23,107,70,48,131,36,76,88,123,68,127,20,49" hai1="91,51,72,4,5,30,99,105,119,10,15,47,115" hai2="74,9,79,58,3,63,1,42,125,64,132,117,94" hai3="103,29,7,75,130,116,11,109,78,12,86,56,41"/><V22/><F117/><W134/><G116/><T129/><D36/><U66/><E119/><V8/><F132/><W34/><G109/><T81/><D107/><U17/><E115/><V55/><F125/><W111/><G111/><T28/><D127/><U65/><E72/><V21/><F42/><W57/><G41/><T126/><D126/><U77/><E77/><V46/><F94/><W84/><G134/><T38/><D38/><U67/><E30/><V27/><F22/><W52/><G56/><T93/><D123/><U62/><E62/><V106/><F106/><W95/><G130/><T26/><D20/><U45/><E45/><V43/><F64/><W31/><G34/><T73/><D70/><U0/><E0/><V40/><F40/><W110/><G75/><T98/><D68/><U104/><E104/><V50/><F79/><W108/><G108/><T69/><D69/><U121/><E121/><V128/><F74/><W92/><G92/><T85/><D73/><U44/><E44/><V118/><F118/><W120/><G120/><T6/><D6/><U35/><E35/><V33/><F33/><W80/><G110/><T102/><D76/><U39/><E39/><V112/><F112/><W135/><G135/><T90/><D102/><U59/><E59/><V87/><F128/><AGARI ba="0,0" hai="23,26,28,48,49,81,85,88,90,93,98,128,129,131" machi="128" ten="40,5200,0" yaku="19,1,52,1,54,1" doraHai="24" who="0" fromWho="2" sc="258,52,249,0,284,-52,209,0" />
</Scene>
<Scene>
<INIT seed="3,0,0,1,4,17" ten="310,249,232,209" oya="3" hai0="112,18,88,86,10,128,96,62,106,89,44,33,42" hai1="125,133,65,19,58,132,82,29,45,8,5,80,127" hai2="69,95,99,98,60,48,11,81,83,50,34,130,73" hai3="115,124,40,9,72,97,28,43,68,131,100,32,108"/><W53/><G115/><T55/><D33/><U134/><E29/><V52/><F34/><W15/><G124/><N who="1" m="47690" /><E19/><V79/><F130/><W102/><G131/><T85/><D128/><U87/><E45/><V64/><F50/><W31/><G68/><T24/><D112/><U90/><E65/><V20/><F11/><W49/><G72/><T103/><D85/><N who="1" m="50471" /><E58/><V120/><F120/><W121/><G121/><T104/><D104/><U3/><E134/><V0/><F0/><W25/><G108/><T38/><D89/><AGARI ba="0,0" hai="3,5,8,82,87,89,132,133" m="50471,47690" machi="89" ten="30,1000,0" yaku="18,1" doraHai="17" who="1" fromWho="0" sc="310,-10,249,10,232,0,209,0" />
</Scene>
<Scene>
<INIT seed="4,0,0,0,4,30" ten="300,259,232,209" oya="0" hai0="49,106,95,110,27,133,36,55,122,125,24,17,11" hai1="32,102,25,56,86,96,83,10,39,57,124,104,52" hai2="114,37,65,85,13,21,93,82,46,89,72,34,70" hai3="92,2,68,78,135,100,31,14,121,3,81,59,117"/><T33/><D106/><U101/><E39/><V80/><F114/><W87/><G117/><T73/><D73/><U4/><E102/><V64/><F34/><W97/><G135/><T130/><D36/><U71/><E71/><V74/><F37/><W116/><G116/><T94/><D122/><U0/><E124/><V111/><F111/><W38/><G121/><T109/><D133/><U50/><E25/><V119/><F119/><W20/><G68/><T44/><D125/><U79/><REACH who="1" step="1"/><E32/><REACH who="1" ten="300,249,232,209" step="2"/><V48/><F70/><W69/><G69/><T1/><D27/><U123/><E123/><V40/><F74/><W128/><G38/><T62/><D24/><U99/><E99/><V126/><F72/><W112/><G112/><T8/><D33/><U63/><E63/><V113/><F126/><W103/><G103/><T76/><D62/><U120/><E120/><V105/><F113/><W108/><G108/><T43/><D110/><U77/><E77/><V131/><F105/><W134/><G134/><T47/><D109/><U22/><E22/><V132/><F132/><W29/><G20/><T9/><D76/><U84/><E84/><V54/><F131/><W75/><G75/><T88/><D1/><U60/><E60/><V16/><REACH who="2" step="1"/><F54/><REACH who="2" ten="300,249,222,209" step="2"/><W58/><G128/><T6/><D130/><U66/><E66/><AGARI ba="0,2" hai="13,16,21,40,46,48,64,65,66,80,82,85,89,93" machi="66" ten="40,8000,1" yaku="1,1,2,1,8,1,54,1,53,1" doraHai="30" doraHaiUra="41" who="2" fromWho="1" sc="300,0,249,-80,222,100,209,0" />
</Scene>
<Scene>
<INIT seed="5,0,0,1,1,44" ten="300,169,322,209" oya="1" hai0="68,70,103,5,80,77,18,112,32,0,47,92,10" hai1="41,110,97,60,133,39,117,61,123,94,131,125,22" hai2="120,21,107,109,114,119,27,2,72,115,64,132,98" hai3="51,20,76,28,67,35,99,113,23,128,71,82,37"/><U105/><E117/><V25/><F109/><W75/><G37/><T42/><D112/><U63/><E123/><V122/><F119/><W116/><G116/><T38/><D32/><U135/><E105/><V96/><F72/><W40/><G113/><N who="2" m="43017" /><F2/><W57/><G71/><T8/><D103/><U16/><E110/><V7/><F7/><W134/><G134/><N who="1" m="51210" /><E131/><V83/><F132/><W30/><G128/><T55/><D92/><U62/><N who="1" m="15360" /><DORA hai="90" /><U34/><E34/><V11/><F11/><W56/><G67/><T74/><D55/><U14/><E125/><V84/><F64/><W111/><G35/><T9/><D9/><U15/><E39/><V52/><F52/><W85/><G75/><T126/><D126/><U130/><E41/><V106/><F27/><W78/><G111/><T91/><D91/><N who="1" m="55519" /><E130/><V3/><F107/><W69/><G40/><T81/><D81/><U124/><E124/><V6/><F106/><W108/><G82/><T58/><D58/><U86/><E86/><V66/><F66/><W93/><G85/><T121/><D121/><U54/><E54/><V43/><F43/><W87/><G87/><T127/><D127/><U59/><E59/><V19/><F122/><W31/><G108/><T73/><D73/><U46/><E46/><V118/><F118/><W17/><G56/><T65/><D65/><U29/><E15/><AGARI ba="0,0" hai="0,5,8,10,15,18,38,42,47,68,70,74,77,80" machi="15" ten="40,2600,0" yaku="25,2" doraHai="44,90" who="0" fromWho="1" sc="300,26,169,-26,322,0,209,0" />
</Scene>
<Scene>
<INIT seed="6,0,0,3,2,103" ten="326,143,322,209" oya="2" hai0="129,26,55,35,110,69,92,99,66,83,63,74,62" hai1="64,11,41,112,131,36,59,28,122,31,25,34,101" hai2="42,98,1,116,90,5,85,82,114,27,118,45,86" hai3="105,33,71,70,57,125,127,0,29,75,53,67,77"/><V15/><F1/><W7/><G33/><T16/><D110/><U4/><E112/><V73/><F73/><W72/><G29/><T47/><D129/><U109/><E109/><V21/><F114/><W24/><G24/><T49/><D74/><U119/><E119/><V2/><F2/><W89/><G89/><T19/><D83/><U124/><E131/><V54/><F54/><W107/><G75/><T106/><D63/><U58/><E31/><V123/><F123/><W32/><G32/><T79/><D79/><U102/><E124/><N who="3" m="47690" /><G77/><T14/><D106/><N who="3" m="40457" /><G67/><T81/><D81/><U113/><E113/><V52/><F98/><W80/><G80/><T3/><D35/><U43/><E122/><V48/><F86/><W20/><G20/><T117/><D117/><U39/><E64/><V56/><F5/><W121/><G121/><T132/><D26/><U50/><E102/><V17/><REACH who="2" step="1"/><F27/><REACH who="2" ten="326,143,312,209" step="2"/><W46/><G72/><T91/><D99/><U95/><E25/><V87/><F87/><W13/><G0/><T126/><D3/><U10/><E4/><V30/><F30/><W76/><G7/><T88/><D126/><U9/><E28/><V96/><F96/><W78/><G78/><T94/><D19/><U84/><E34/><V6/><F6/><W100/><G76/><T115/><D16/><U12/><E84/><V65/><F65/><W68/><G13/><T23/><D14/><U133/><E12/><V97/><F97/><W60/><G100/><T38/><D115/><U120/><E101/><V128/><F128/><W8/><G8/><T111/><D66/><RYUUKYOKU ba="0,1" sc="326,-15,143,-15,312,15,209,15" hai2="15,17,21,42,45,48,52,56,82,85,90,116,118" hai3="46,53,57,60,68,70,71" />
</Scene>
<Scene>
<INIT seed="6,1,1,1,3,116" ten="311,128,327,224" oya="2" hai0="90,126,70,66,104,109,105,110,31,61,44,124,125" hai1="118,7,123,17,91,81,37,73,5,58,129,96,69" hai2="10,107,36,100,3,113,49,42,41,18,30,15,34" hai3="74,0,45,27,48,131,13,132,8,64,130,135,77"/><V32/><F36/><W97/><G0/><T53/><D31/><U65/><E118/><V103/><F113/><W56/><G74/><T114/><D90/><U63/><E37/><V89/><F3/><W47/><G77/><T40/><D114/><U24/><E129/><N who="3" m="49162" /><G27/><T112/><D112/><U39/><E39/><V93/><F107/><N who="0" m="41034" /><D53/><U133/><E133/><N who="3" m="51274" /><G97/><T25/><D25/><U102/><E69/><V52/><F34/><W67/><G56/><T117/><D117/><U35/><E73/><V101/><F30/><W99/><G99/><T2/><D2/><U85/><E123/><V38/><F38/><AGARI ba="1,1" hai="38,40,44,61,66,70,109,110,124,125,126" m="41034" machi="38" ten="40,2600,0" yaku="18,1,23,1" doraHai="116" who="0" fromWho="2" sc="311,39,128,0,327,-29,224,0" />
</Scene>
<Scene>
<INIT seed="7,0,0,0,4,135" ten="350,128,298,224" oya="3" hai0="65,103,22,130,91,102,104,56,19,48,39,38,45" hai1="106,108,30,62,134,90,34,21,75,4,74,53,116" hai2="76,110,92,35,127,113,32,72,20,59,2,29,57" hai3="37,120,88,49,109,11,36,67,51,7,54,0,96"/><W80/><G120/><T40/><D130/><U15/><E108/><V44/><F110/><W131/><G131/><T17/><D17/><U78/><E106/><V28/><F2/><W85/><G109/><T124/><D124/><U1/><E134/><V123/><F127/><W87/><G67/><T63/><D91/><U71/><E116/><V112/><F123/><W107/><G51/><T79/><D79/><U23/><E90/><V83/><F44/><W8/><G8/><T95/><D104/><U26/><E78/><V13/><F92/><W3/><G3/><T10/><D10/><U101/><E21/><V27/><F13/><W6/><G6/><T132/><D132/><U18/><E101/><V61/><F59/><W64/><G64/><T81/><D81/><U99/><E99/><V114/><REACH who="2" step="1"/><F29/><REACH who="2" ten="350,128,288,224" step="2"/><W94/><G107/><T125/><D125/><U111/><E111/><V115/><N who="2" m="28672" /><DORA hai="98" /><V133/><F133/><W105/><G105/><T117/><D117/><U129/><E129/><V70/><F70/><W119/><G119/><T68/><D95/><U121/><E121/><V12/><F12/><W82/><G82/><T122/><D122/><U5/><E5/><V58/><F58/><W33/><G80/><T55/><D39/><U42/><E42/><V100/><F100/><W50/><G37/><T9/><D9/><U47/><E71/><V24/><F24/><AGARI ba="0,1" hai="19,22,24,38,40,45,48,55,56,63,65,68,102,103" machi="24" ten="30,8000,1" yaku="7,1,24,2,52,2" doraHai="135,98" who="0" fromWho="2" sc="350,90,128,0,288,-80,224,0" owari="440,54.0,128,-37.0,208,-19.0,224,2.0" />
</Scene>
</mjloggm>