<mjloggm ver="2.3"><GO type="169" lobby="0"/><UN n0="%E3%81%A1%E3%82%83%E3%81%93%E3%81%93" n1="%E3%81%82%E3%83%BC%E3%82%8A%E3%82%93%E3%81%A7%E3%81%99%E3%80%82%E2%98%86" n2="%6D%61%73%61%31%32%30%32" n3="%E5%A4%AA%E3%81%8F%E3%81%AA%E3%81%84%E3%81%8A" dan="17,16,16,19" rate="2147.20,2027.15,2112.77,2339.33" sx="F,F,M,F"/><TAIKYOKU oya="0"/>

<Scene>
<INIT seed="0,0,0,5,0,99" ten="250,250,250,250" oya="0" hai0="50,63,60,80,5,87,45,53,92,126,75,112,78" hai1="71,94,62,23,116,90,95,91,48,110,79,115,114" hai2="83,36,21,34,82,61,121,65,18,27,12,76,6" hai3="11,46,93,17,70,33,51,58,68,26,39,56,64"/><T24/><D112/><N who="1" m="43051" /><E110/><V127/><F121/><W109/><G109/><T43/><D126/><U135/><E79/><V134/><F36/><W113/><G113/><T77/><D5/><U10/><E116/><V15/><F134/><W111/><G111/><T47/><D78/><U67/><E48/><V1/><F127/><W89/><G39/><T13/><D13/><U3/><E23/><V32/><F15/><W123/><G123/><T16/><D75/><U14/><E3/><V88/><F34/><W122/><G122/><T38/><REACH who="0" step="1"/><D92/><REACH who="0" ten="240,250,250,250" step="2"/><U104/><E135/><V103/><F76/><W84/><G93/><N who="1" m="35338" /><E104/><V119/><F6/><AGARI ba="0,1" hai="6,10,14,62,67,71,90,91" m="35338,43051" machi="6" ten="30,1000,0" yaku="11,1" doraHai="99" who="1" fromWho="2" sc="240,0,250,20,250,-10,250,0" />
</Scene>
<Scene>
<INIT seed="1,0,0,5,3,24" ten="240,270,240,250" oya="1" hai0="102,10,9,13,101,114,22,116,31,0,46,122,126" hai1="82,74,77,120,100,76,36,68,109,2,1,47,99" hai2="81,42,40,5,62,84,94,56,29,125,6,61,64" hai3="8,90,65,45,104,21,39,25,17,110,57,123,119"/><U53/><E120/><V43/><F125/><W20/><G123/><T115/><D116/><U121/><E121/><V44/><F44/><W72/><G72/><T107/><D122/><U134/><E68/><V118/><F118/><W108/><G119/><T11/><D126/><U38/><E134/><V106/><F106/><W89/><G104/><T80/><D0/><U69/><E69/><V70/><F94/><W7/><G65/><T67/><D67/><U85/><E109/><N who="3" m="42090" /><G57/><T41/><D114/><U14/><E76/><V130/><F130/><W113/><G113/><T16/><D115/><U75/><E14/><V135/><F135/><W66/><G66/><T91/><D107/><U131/><E131/><V83/><F83/><W51/><G21/><T88/><D31/><U55/><E85/><V95/><F62/><W78/><G39/><T27/><D27/><U30/><E30/><V15/><F15/><N who="3" m="5535" /><G78/><T28/><D28/><U98/><E77/><V96/><F29/><W50/><G50/><N who="0" m="26959" /><D91/><U26/><E26/><V23/><F23/><W87/><G87/><AGARI ba="0,0" hai="9,10,11,13,16,22,80,87,88,101,102" m="26959" machi="87" ten="30,3900,0" yaku="8,1,54,2" doraHai="24" who="0" fromWho="3" sc="240,39,270,0,240,0,250,-39" />
</Scene>
<Scene>
<INIT seed="2,0,0,2,5,7" ten="279,270,240,211" oya="2" hai0="89,9,87,12,116,95,105,80,94,3,43,68,134" hai1="104,35,98,52,57,38,48,37,59,24,100,88,0" hai2="74,128,96,126,18,19,25,33,6,73,44,16,58" hai3="84,20,49,131,81,69,102,27,97,56,121,32,4"/><V130/><F126/><W83/><G69/><T64/><D105/><U133/><E0/><V78/><F96/><W118/><G118/><T110/><D3/><U23/><E35/><V66/><F44/><W111/><G121/><T15/><D110/><U46/><E133/><V42/><F42/><W54/><G111/><T132/><D43/><U99/><E59/><V124/><F124/><W117/><G117/><T92/><D116/><U79/><E79/><V14/><F66/><W8/><G32/><T60/><REACH who="0" step="1"/><D15/><REACH who="0" ten="269,270,240,211" step="2"/><U13/><E13/><V76/><F14/><N who="3" m="5383" /><G131/><T86/><D86/><U70/><E38/><V61/><F128/><W1/><G1/><T125/><D125/><U40/><E104/><V122/><F130/><W101/><G97/><T107/><D107/><U93/><E37/><V115/><F74/><W113/><G113/><T34/><D34/><U65/><E99/><V50/><F73/><W45/><G84/><T119/><D119/><U123/><E123/><V29/><F115/><W85/><G85/><T36/><D36/><U106/><E106/><V30/><F122/><W17/><G45/><T114/><D114/><U41/><E46/><V75/><F75/><W77/><G77/><T127/><D127/><U5/><E100/><AGARI ba="0,1" hai="17,20,27,49,54,56,81,83,100,101,102" m="5383" machi="100" ten="30,2000,0" yaku="8,1,52,1" doraHai="7" who="3" fromWho="1" sc="269,0,270,-20,240,0,211,30" />
</Scene>
<Scene>
<INIT seed="3,0,0,3,1,40" ten="269,250,240,241" oya="3" hai0="96,13,82,121,33,109,130,15,60,32,19,115,46" hai1="103,105,69,53,57,5,47,84,128,29,85,102,135" hai2="127,118,35,31,123,125,17,83,108,101,86,94,3" hai3="41,21,16,88,73,11,112,62,75,8,20,12,99"/><W80/><G112/><T120/><D109/><U25/><E135/><V92/><F108/><W38/><G62/><T42/><D130/><U58/><E128/><V61/><F118/><W107/><G21/><T119/><D119/><U28/><E69/><V26/><F123/><W129/><G129/><T55/><D15/><U90/><E5/><V56/><F17/><W0/><G107/><T132/><D132/><U43/><E105/><V71/><F3/><W77/><G73/><T98/><D82/><U9/><E9/><V4/><F4/><W97/><G8/><T89/><D32/><U81/><E85/><V59/><F71/><W100/><G100/><N who="1" m="38442" /><E43/><V7/><F7/><N who="3" m="1511" /><G88/><T76/><D89/><U95/><E81/><V110/><F110/><W131/><G131/><T10/><D33/><U116/><E116/><V106/><F106/><W39/><G39/><T1/><D1/><U23/><E29/><V51/><F101/><W65/><G65/><T66/><D115/><U122/><E122/><V111/><F111/><W22/><G22/><T78/><D66/><U30/><E30/><V24/><F31/><W63/><G63/><T36/><D121/><U45/><E53/><V124/><F35/><W104/><G104/><T117/><D120/><U91/><E91/><N who="2" m="51679" /><F61/><W6/><G6/><T134/><D117/><U49/><E49/><V52/><F59/><AGARI ba="0,0" hai="23,25,28,45,47,57,58,59,84,90,95" m="38442" machi="59" ten="30,3900,0" yaku="8,1,52,2" doraHai="40" who="1" fromWho="2" sc="269,0,250,39,240,-39,241,0" />
</Scene>
<Scene>
<INIT seed="4,0,0,5,4,17" ten="269,289,201,241" oya="0" hai0="83,51,40,78,74,14,101,6,8,2,12,91,60" hai1="31,33,35,108,118,47,22,122,48,0,5,36,37" hai2="65,116,73,79,107,120,89,77,59,119,126,10,113" hai3="20,106,100,4,29,94,92,64,66,115,18,85,80"/><T21/><D101/><U97/><E118/><N who="2" m="45099" /><F10/><W63/><G115/><T134/><D134/><U68/><E68/><V56/><F120/><W41/><G29/><T128/><D128/><U132/><E132/><V99/><F65/><W58/><G4/><T30/><D91/><U34/><E122/><V96/><F113/><W54/><G106/><T114/><D60/><U50/><E108/><V82/><F59/><W75/><G75/><T81/><D81/><U53/><E97/><N who="2" m="37451" /><F56/><W44/><G100/><T27/><REACH who="0" step="1"/><D114/><REACH who="0" ten="259,289,201,241" step="2"/><U124/><E124/><V105/><F126/><W117/><G117/><T88/><D88/><U52/><E34/><V55/><F89/><N who="3" m="53295" /><G80/><T39/><D39/><U111/><E33/><V67/><F82/><W90/><G90/><T45/><AGARI ba="0,1" hai="2,6,8,12,14,21,27,30,40,45,51,74,78,83" machi="45" ten="30,11700,0" yaku="1,1,0,1,52,1,53,1" doraHai="17" doraHaiUra="32" who="0" fromWho="0" sc="259,127,289,-39,201,-39,241,-39" />
</Scene>
<Scene>
<INIT seed="4,1,0,2,5,78" ten="386,250,162,202" oya="0" hai0="27,91,38,121,22,59,100,63,110,45,21,7,37" hai1="94,117,25,30,95,5,83,113,60,15,54,31,35" hai2="107,32,28,14,108,90,12,72,58,18,19,93,74" hai3="96,105,89,53,36,102,0,47,135,9,16,106,62"/><T13/><D121/><U75/><E117/><V17/><F108/><W34/><G34/><T43/><D100/><U71/><E113/><V8/><F107/><W132/><G106/><T115/><D115/><U122/><E31/><V124/><F124/><W76/><G76/><T3/><D3/><U61/><E61/><V131/><F131/><W40/><G89/><T50/><D110/><U6/><E122/><V24/><F58/><W56/><REACH who="3" step="1"/><G0/><REACH who="3" ten="386,250,162,192" step="2"/><T134/><D91/><U44/><E35/><V86/><REACH who="2" step="1"/><F18/><REACH who="2" ten="386,250,152,192" step="2"/><W79/><G79/><T111/><D111/><U103/><E6/><V26/><F26/><W20/><G20/><AGARI ba="1,2" hai="8,12,14,17,19,20,24,28,32,72,74,86,90,93" machi="20" ten="30,2000,0" yaku="1,1,7,1,53,0" doraHai="78" doraHaiUra="109" who="2" fromWho="3" sc="386,0,250,0,152,43,192,-23" />
</Scene>
<Scene>
<INIT seed="5,0,0,0,2,63" ten="386,250,195,169" oya="1" hai0="124,30,116,57,26,89,11,4,40,29,58,47,79" hai1="75,61,37,117,49,96,120,128,62,92,35,119,133" hai2="9,12,7,36,23,33,34,39,32,74,64,115,24" hai3="99,8,90,22,134,108,55,112,113,72,10,19,118"/><U14/><E37/><V84/><F74/><W132/><G72/><T131/><D116/><U114/><E120/><V69/><F84/><W2/><G55/><T46/><D131/><U97/><E75/><V20/><F115/><N who="3" m="44107" /><G90/><T127/><D47/><U51/><E35/><V109/><F109/><W65/><G99/><T70/><D70/><U45/><E114/><V86/><F86/><W78/><G78/><T38/><D89/><U0/><E0/><V88/><F88/><W27/><G65/><T83/><D29/><U71/><E14/><V48/><F48/><W102/><G102/><T107/><D107/><U126/><E133/><N who="3" m="51306" /><G108/><T6/><D83/><U103/><E45/><V129/><F129/><W31/><G118/><T125/><D79/><U54/><E128/><V68/><F68/><W101/><G101/><T105/><D105/><U123/><E71/><V91/><F91/><W106/><G106/><T135/><D135/><U80/><E103/><V28/><REACH who="2" step="1"/><F23/><REACH who="2" ten="386,250,185,169" step="2"/><N who="3" m="15871" /><G2/><T41/><D124/><U42/><E126/><V56/><F56/><W73/><G73/><T25/><D127/><U82/><E119/><V21/><F21/><W3/><G3/><T18/><D125/><U76/><E117/><V98/><F98/><W111/><G111/><T16/><D58/><U53/><E97/><V122/><F122/><W13/><AGARI ba="0,1" hai="8,10,13,19,22" m="15871,51306,44107" machi="13" ten="30,7900,0" yaku="15,1,20,1,34,2" doraHai="63" who="3" fromWho="3" sc="386,-20,250,-39,185,-20,169,89" />
</Scene>
<Scene>
<INIT seed="6,0,0,0,3,63" ten="366,211,165,258" oya="2" hai0="86,54,7,113,55,118,26,122,38,19,110,21,123" hai1="130,29,77,17,36,133,51,100,31,121,98,135,8" hai2="95,11,9,88,81,64,109,83,128,84,94,35,37" hai3="0,53,60,76,10,115,46,5,69,106,34,32,50"/><V73/><F37/><W112/><G106/><T44/><D110/><U80/><E36/><V85/><F35/><W57/><G69/><T127/><D113/><N who="3" m="43593" /><G76/><T104/><D127/><U42/><E121/><V61/><F73/><W126/><G126/><T92/><D104/><U28/><E130/><V82/><F128/><W52/><AGARI ba="0,0" hai="0,5,10,32,34,46,50,52,53,57,60" m="43593" machi="52" ten="30,4000,0" yaku="15,1,11,1,54,1" doraHai="63" who="3" fromWho="3" sc="366,-10,211,-10,165,-20,258,40" />
</Scene>
<Scene>
<INIT seed="7,0,0,2,0,29" ten="356,201,145,298" oya="3" hai0="126,113,46,64,85,99,97,28,22,19,109,74,89" hai1="119,116,93,131,16,15,71,52,34,123,20,45,30" hai2="62,130,4,83,132,26,81,51,24,129,100,77,114" hai3="110,47,88,66,69,9,40,133,33,107,5,73,37"/><W2/><G107/><T70/><D109/><U7/><E123/><V120/><F62/><N who="3" m="40151" /><G88/><T105/><D74/><U87/><E71/><V135/><F51/><W91/><G91/><T27/><D64/><U118/><E131/><N who="2" m="50187" /><F120/><W31/><G133/><N who="2" m="51273" /><F4/><W42/><G42/><T8/><D70/><U61/><E7/><V98/><F26/><N who="3" m="18679" /><G110/><T49/><D113/><U65/><E118/><V72/><F24/><W54/><G54/><N who="0" m="30007" /><D105/><U108/><E108/><V57/><F57/><W94/><G94/><N who="0" m="54575" /><D126/><U122/><E122/><V115/><F83/><W32/><G73/><T79/><D79/><U86/><E116/><V6/><F6/><W95/><G95/><AGARI ba="0,0" hai="72,77,81,95,98,100,114,115" m="51273,50187" machi="95" ten="30,7700,0" yaku="19,1,20,1,34,2" doraHai="29" who="2" fromWho="3" sc="356,0,201,0,145,77,298,-77" owari="356,46.0,201,-30.0,222,2.0,221,-18.0" />
</Scene>
</mjloggm>