<mjloggm ver="2.3"><GO type="169" lobby="0"/><UN n0="%6D%6F%74%69%37%32%2E%2E" n1="%E5%A4%A9%E7%A5%9E%E4%B9%83%E9%9B%80" n2="%E3%83%9F%E3%83%A9%E3%82%AF%E3%83%AB%E3%81%8A%E3%81%98%E3%81%95%E3%82%93" n3="%E5%A4%AA%E3%81%8F%E3%81%AA%E3%81%84%E3%81%8A" dan="17,16,16,17" rate="2111.55,2050.49,2098.65,2237.41" sx="M,M,M,M"/><TAIKYOKU oya="0"/>

<Scene>
<INIT seed="0,0,0,4,1,24" ten="250,250,250,250" oya="0" hai0="16,118,85,95,39,51,133,56,74,112,109,5,18" hai1="43,94,6,121,38,80,45,53,113,65,98,29,67" hai2="34,52,75,119,132,92,28,8,54,89,62,116,15" hai3="78,87,104,20,41,69,88,120,127,2,50,3,83"/><T130/><D74/><U117/><E121/><V129/><F75/><W13/><G69/><T33/><D39/><U93/><E117/><N who="2" m="45131" /><F62/><W37/><G37/><T23/><D33/><U126/><E126/><V107/><F107/><W31/><G104/><T63/><D118/><U26/><E113/><V134/><F129/><W70/><G70/><T25/><D112/><U7/><E80/><V77/><F77/><W11/><G127/><T99/><D133/><N who="2" m="51306" /><F34/><W14/><G120/><T91/><D130/><U97/><E53/><V105/><F105/><W114/><G114/><T64/><D109/><U59/><E59/><V124/><F124/><W72/><G41/><T22/><D5/><U35/><E7/><N who="2" m="3487" /><F28/><W111/><G111/><T71/><D71/><U81/><E81/><V47/><F47/><W102/><G78/><T57/><D57/><U21/><E35/><V42/><F42/><W60/><G60/><T12/><REACH who="0" step="1"/><D51/><REACH who="0" ten="240,250,250,250" step="2"/><U90/><REACH who="1" step="1"/><E6/><REACH who="1" ten="240,240,250,250" step="2"/><V48/><F48/><W0/><G50/><T128/><D128/><U86/><E86/><AGARI ba="0,2" hai="52,54,86,89,92" m="3487,51306,45131" machi="86" ten="30,3900,0" yaku="12,1,20,1,54,1" doraHai="24" who="2" fromWho="1" sc="240,0,240,-39,250,59,250,0" /><AGARI ba="0,0" hai="12,16,18,22,23,25,56,63,64,85,86,91,95,99" machi="86" ten="40,7700,0" yaku="1,1,8,1,54,1,53,0" doraHai="24" doraHaiUra="1" who="0" fromWho="1" sc="240,77,201,-77,309,0,250,0" />
</Scene>
<Scene>
<INIT seed="0,1,0,4,0,86" ten="317,124,309,250" oya="0" hai0="41,5,106,20,65,67,94,110,125,126,29,10,128" hai1="102,50,82,35,74,46,8,49,6,48,62,66,63" hai2="92,53,115,131,91,52,124,119,75,0,64,121,33" hai3="73,117,99,32,13,133,11,111,71,14,36,101,113"/><T87/><D106/><U37/><E35/><V26/><F0/><W80/><G113/><T123/><D123/><U2/><E102/><V60/><F75/><W130/><G117/><T114/><D114/><U24/><E24/><V45/><F115/><W90/><G36/><T79/><D128/><U61/><E66/><V105/><F105/><W51/><G71/><T43/><D110/><U40/><REACH who="1" step="1"/><E63/><REACH who="1" ten="317,114,309,250" step="2"/><V9/><F64/><W88/><G32/><T76/><D65/><U112/><E112/><V16/><F60/><W7/><G111/><T135/><D67/><U54/><E54/><V69/><F53/><W4/><G130/><T85/><D41/><U12/><E12/><V42/><F33/><W23/><G101/><T120/><D43/><U39/><E39/><V93/><F26/><W18/><G14/><T28/><D120/><U55/><E55/><V38/><F42/><W34/><G34/><T77/><D29/><U72/><E72/><V132/><F38/><W3/><G13/><T68/><D28/><U1/><E1/><V103/><F121/><W122/><G3/><T31/><D31/><U100/><E100/><V21/><F103/><W84/><G73/><T108/><D108/><U109/><E109/><V56/><F131/><W47/><G122/><T44/><D68/><U96/><E96/><V15/><F69/><W95/><G99/><T116/><D116/><U98/><E98/><V27/><F119/><W25/><G25/><T78/><N who="0" m="19456" /><DORA hai="97" /><T129/><D129/><U70/><E70/><V59/><F27/><W19/><G51/><T57/><D126/><RYUUKYOKU ba="1,1" sc="317,-10,114,30,309,-10,250,-10" hai1="2,6,8,37,40,46,48,49,50,61,62,74,82" />
</Scene>
<Scene>
<INIT seed="1,2,1,4,3,68" ten="307,144,299,240" oya="1" hai0="32,129,127,112,109,34,80,92,43,101,42,106,130" hai1="14,39,126,121,118,52,38,117,107,28,66,128,113" hai2="132,2,13,40,0,55,26,11,88,31,1,122,33" hai3="97,82,51,7,134,115,50,105,100,45,10,116,86"/><U57/><E107/><V9/><F40/><W103/><G134/><T104/><D112/><U73/><E73/><V111/><F122/><W21/><G115/><T123/><D123/><U98/><E121/><V23/><F55/><W114/><G114/><T29/><D80/><U8/><E113/><V46/><F46/><W95/><G116/><T71/><D71/><U72/><E72/><V30/><F88/><N who="3" m="55527" /><G105/><T78/><D92/><U58/><E28/><N who="2" m="19607" /><F132/><W22/><G10/><N who="2" m="3593" /><F111/><W18/><G51/><T20/><D109/><U62/><E126/><V133/><F133/><W49/><G50/><T84/><D84/><U16/><E128/><V120/><F120/><W54/><G103/><T3/><D101/><U65/><E98/><V124/><F124/><W47/><G47/><T19/><D78/><U25/><E25/><V61/><F61/><W4/><G100/><T15/><D127/><U36/><REACH who="1" step="1"/><E66/><REACH who="1" ten="307,134,299,240" step="2"/><V87/><F87/><W24/><G24/><N who="0" m="16519" /><D104/><U5/><E5/><V53/><F53/><W59/><G4/><T81/><D106/><U96/><E96/><V37/><F37/><W99/><G7/><T17/><D129/><U85/><E85/><V90/><F90/><W135/><G135/><T125/><D130/><U74/><E74/><V93/><F93/><W119/><G99/><T110/><D125/><U131/><E131/><V67/><F67/><W77/><G86/><T12/><D110/><U70/><E70/><V108/><F108/><W79/><G54/><T83/><D83/><U44/><E44/><V94/><F94/><W27/><G45/><T69/><D81/><RYUUKYOKU ba="2,2" sc="307,-15,134,15,299,15,240,-15" hai1="8,14,16,36,38,39,52,57,58,62,65,117,118" hai2="0,1,2,13,23,30,31" />
</Scene>
<Scene>
<INIT seed="1,3,2,4,0,33" ten="292,149,314,225" oya="1" hai0="59,88,121,129,27,73,63,16,87,82,65,40,75" hai1="109,54,2,122,32,77,98,0,114,89,52,36,133" hai2="37,62,5,28,51,42,76,91,106,123,124,95,132" hai3="57,101,38,135,81,78,131,110,90,99,53,15,105"/><U39/><E122/><V10/><F106/><W120/><G120/><T49/><D121/><U47/><E32/><V115/><F123/><W127/><G38/><T117/><D117/><U7/><E114/><V113/><F37/><W130/><G110/><T55/><D129/><N who="3" m="49161" /><G135/><T84/><D40/><U92/><E109/><V1/><F76/><W86/><G15/><T107/><D107/><U69/><E69/><V72/><F72/><N who="3" m="43207" /><G57/><T13/><D84/><U116/><E116/><V70/><F132/><W50/><G50/><T118/><D118/><U31/><E31/><V26/><F124/><W18/><G18/><T46/><REACH who="0" step="1"/><D27/><REACH who="0" ten="282,149,314,225" step="2"/><U79/><E133/><V134/><F134/><W71/><G127/><T112/><D112/><U68/><E36/><V21/><F42/><W74/><G74/><T44/><D44/><U48/><E39/><V67/><F115/><W85/><G85/><T102/><D102/><U11/><E68/><V6/><F113/><W4/><G71/><T24/><D24/><U29/><E29/><V100/><F70/><W35/><G86/><T96/><D96/><U17/><E17/><V56/><F28/><W43/><G43/><T128/><D128/><U41/><REACH who="1" step="1"/><E2/><REACH who="1" ten="282,139,314,225" step="2"/><V22/><F1/><W12/><G35/><T20/><AGARI ba="3,4" hai="13,16,20,46,49,55,59,63,65,73,75,82,87,88" machi="20" ten="20,8000,1" yaku="1,1,0,1,7,1,54,2,53,0" doraHai="33" doraHaiUra="94" who="0" fromWho="0" sc="282,129,139,-43,314,-23,225,-23" />
</Scene>
<Scene>
<INIT seed="2,0,0,5,4,95" ten="411,96,291,202" oya="2" hai0="42,131,64,38,26,10,123,33,50,83,59,109,80" hai1="103,12,16,110,51,135,58,128,15,105,127,7,132" hai2="126,62,94,17,44,32,115,92,1,57,78,47,60" hai3="122,104,13,72,5,56,114,21,79,96,22,27,74"/><V34/><F1/><W119/><G119/><T73/><D123/><U118/><E118/><V65/><F78/><W102/><G122/><T97/><D38/><U61/><E127/><V86/><F115/><W81/><G114/><T55/><D42/><U11/><E128/><V87/><F57/><W69/><G69/><T4/><D73/><U70/><E110/><V45/><F17/><W125/><G125/><T68/><D109/><U67/><E51/><V37/><F126/><W8/><G56/><T113/><D113/><U133/><E103/><V108/><F108/><W48/><G48/><T121/><D121/><U76/><E76/><V107/><F37/><W99/><G99/><T3/><D131/><U91/><E91/><V82/><F82/><W93/><G104/><T120/><D120/><U2/><E105/><V116/><F116/><W52/><G52/><T49/><D49/><U20/><REACH who="1" step="1"/><E70/><REACH who="1" ten="411,86,291,202" step="2"/><V130/><F107/><W134/><G79/><T88/><D50/><U14/><AGARI ba="0,1" hai="2,7,11,12,14,15,16,20,58,61,67,132,133,135" machi="14" ten="40,8000,1" yaku="1,1,2,1,0,1,20,1,54,1,53,0" doraHai="95" doraHaiUra="29" who="1" fromWho="1" sc="411,-20,86,90,291,-40,202,-20" />
</Scene>
<Scene>
<INIT seed="3,0,0,4,3,62" ten="391,176,251,182" oya="3" hai0="44,54,51,87,2,23,61,17,91,59,10,47,63" hai1="66,57,77,130,39,26,109,128,1,127,112,86,58" hai2="83,14,15,89,113,18,92,53,71,135,33,49,98" hai3="68,29,85,64,43,121,3,20,103,55,32,104,65"/><W105/><G121/><T116/><D116/><U13/><E112/><V69/><F33/><W67/><G3/><T94/><D2/><U118/><E39/><V93/><F113/><W84/><G68/><T95/><D10/><U97/><E1/><V12/><F135/><W106/><G32/><T131/><D131/><U90/><E118/><V0/><F0/><W134/><G134/><T9/><D9/><U100/><E13/><V6/><F6/><W124/><G124/><T4/><D4/><U114/><E114/><V96/><F83/><W46/><G55/><T28/><D28/><U129/><E77/><V21/><F71/><W8/><G103/><T31/><D31/><U37/><E37/><V35/><F69/><W5/><G8/><T79/><D79/><U119/><E119/><V72/><F72/><W110/><G5/><T52/><D94/><N who="1" m="54615" /><E26/><V41/><F41/><W101/><G101/><T45/><REACH who="0" step="1"/><D63/><REACH who="0" ten="381,176,251,182" step="2"/><U81/><E127/><V122/><F122/><W120/><G120/><T111/><D111/><U74/><E109/><V40/><F35/><W48/><REACH who="3" step="1"/><G110/><REACH who="3" ten="381,176,251,172" step="2"/><T30/><D30/><U132/><E130/><V7/><F7/><W115/><G115/><T82/><D82/><U16/><E128/><V24/><F40/><W126/><G126/><T108/><D108/><U117/><E129/><V34/><F34/><W88/><G88/><T133/><D133/><U56/><E132/><V36/><F89/><W50/><G50/><T73/><D73/><U60/><E117/><V76/><F36/><W125/><G125/><T75/><D75/><U38/><E74/><RYUUKYOKU ba="0,2" sc="381,15,176,-15,251,-15,172,15" hai0="17,23,44,45,47,51,52,54,59,61,87,91,95" hai3="20,29,43,46,48,64,65,67,84,85,104,105,106" />
</Scene>
<Scene>
<INIT seed="3,1,2,0,5,9" ten="396,161,236,187" oya="3" hai0="119,58,52,126,19,75,81,51,47,32,40,100,46" hai1="80,111,113,33,129,60,97,93,65,70,17,4,28" hai2="76,105,106,57,15,127,74,82,130,124,90,59,27" hai3="95,101,91,5,72,22,54,26,20,55,6,42,67"/><W118/><G118/><T56/><D119/><U120/><E120/><V11/><F27/><W34/><G72/><T24/><D126/><N who="2" m="48170" /><F90/><W66/><G34/><T102/><D75/><U41/><E113/><V125/><N who="2" m="48178" /><V96/><DORA hai="132" /><F130/><W116/><G116/><T89/><D32/><U2/><E129/><V25/><F25/><W123/><G123/><T0/><D0/><U77/><E111/><V86/><F74/><W64/><G42/><T79/><D79/><U31/><E33/><V92/><F92/><W45/><G101/><T44/><D81/><U21/><E41/><V16/><F96/><W107/><G107/><AGARI ba="1,2" hai="11,15,16,57,59,76,82,86,105,106,107" m="48178" machi="107" ten="40,12000,2" yaku="18,1,52,5,54,1" doraHai="9,132" who="2" fromWho="3" sc="396,0,161,0,236,143,187,-123" />
</Scene>
<Scene>
<INIT seed="4,0,0,3,0,27" ten="396,161,379,64" oya="0" hai0="115,64,22,82,91,31,60,88,37,75,94,67,59" hai1="96,80,6,107,133,21,61,40,48,83,125,135,121" hai2="132,30,10,104,42,55,123,76,26,56,119,87,85" hai3="16,102,4,109,18,13,33,127,35,130,46,84,45"/><T5/><D115/><U113/><E121/><V2/><F104/><W23/><G109/><T120/><D120/><U41/><E6/><V12/><F123/><W24/><G127/><T101/><D37/><U14/><E113/><V62/><F2/><W128/><G102/><T110/><D110/><U38/><E125/><V90/><F42/><W77/><G77/><T7/><D67/><U53/><E61/><V112/><F112/><W111/><G84/><N who="0" m="50199" /><D75/><U71/><E71/><V97/><F132/><N who="1" m="50761" /><E38/><V15/><F119/><W3/><G46/><T98/><D91/><U39/><E39/><V93/><F76/><W89/><G45/><T19/><D19/><N who="1" m="10487" /><E96/><V63/><F63/><W103/><G89/><T74/><D74/><U118/><E107/><V78/><F78/><W34/><G103/><T32/><D32/><U17/><E17/><V131/><F131/><N who="3" m="50219" /><G111/><T66/><D66/><U47/><E118/><V79/><F79/><W116/><G116/><T92/><D92/><U68/><E68/><V81/><F81/><AGARI ba="0,0" hai="40,41,47,48,53,80,81,83" m="10487,50761" machi="81" ten="30,1000,0" yaku="20,1" doraHai="27" who="1" fromWho="2" sc="396,0,161,10,379,-10,64,0" />
</Scene>
<Scene>
<INIT seed="5,0,0,1,1,53" ten="396,171,369,64" oya="1" hai0="129,36,77,28,1,33,34,22,48,82,127,0,83" hai1="59,135,64,39,8,131,85,17,114,37,65,134,72" hai2="105,120,84,107,117,24,96,104,121,78,119,115,50" hai3="79,100,55,88,130,91,92,20,6,123,58,97,126"/><U89/><E72/><V3/><F3/><W49/><G126/><T124/><D36/><U38/><E131/><V14/><F24/><W31/><G130/><T75/><D129/><U57/><E114/><V11/><F115/><W2/><G123/><N who="2" m="47177" /><F50/><W7/><G79/><T66/><D66/><N who="1" m="25707" /><E17/><V16/><F96/><W46/><G2/><T42/><D28/><U103/><E8/><V51/><F51/><W122/><G122/><T44/><D22/><U93/><E103/><V90/><F78/><W128/><G128/><T125/><D1/><U101/><E101/><V23/><F11/><W26/><G46/><T74/><D0/><U40/><E40/><V80/><F119/><W62/><G49/><T25/><D25/><U110/><E110/><V98/><F98/><W87/><REACH who="3" step="1"/><G91/><REACH who="3" ten="396,171,369,54" step="2"/><T102/><D48/><U43/><E43/><V81/><F117/><W71/><G71/><T109/><D109/><U63/><E63/><V47/><F47/><W5/><G5/><T95/><D44/><U60/><E60/><V133/><F90/><W9/><G9/><T56/><D42/><U15/><E39/><V113/><F113/><W99/><G99/><T10/><D10/><U106/><E38/><V35/><F84/><W32/><G32/><T108/><D108/><U86/><E37/><V4/><F35/><W27/><G27/><T45/><D45/><U132/><E85/><V52/><F4/><W69/><G69/><T111/><D111/><U30/><E86/><V67/><F133/><W19/><G19/><T41/><D124/><U118/><E135/><V54/><F16/><RYUUKYOKU ba="0,1" sc="396,-10,171,-10,369,-10,54,30" hai3="6,7,20,26,31,55,58,62,87,88,92,97,100" />
</Scene>
<Scene>
<INIT seed="6,1,1,2,5,38" ten="386,161,359,84" oya="2" hai0="31,96,17,102,8,114,111,24,100,121,117,5,128" hai1="55,94,123,23,34,49,19,85,50,107,25,35,91" hai2="72,82,86,12,87,53,59,4,16,98,93,41,75" hai3="66,14,88,58,42,1,131,62,57,20,113,108,10"/><V126/><F4/><W95/><G108/><T112/><D111/><U120/><E107/><V65/><F65/><W115/><G131/><T129/><D121/><N who="1" m="46667" /><E49/><V116/><F116/><W40/><G1/><T122/><D122/><U118/><E118/><V0/><F0/><W84/><G20/><T27/><D17/><U6/><E6/><V22/><F126/><W18/><G58/><AGARI ba="1,1" hai="19,23,25,34,35,50,55,58,85,91,94" m="46667" machi="58" ten="30,1000,0" yaku="13,1" doraHai="38" who="1" fromWho="3" sc="386,0,161,23,359,0,84,-13" />
</Scene>
<Scene>
<INIT seed="7,0,0,3,2,54" ten="386,184,359,71" oya="3" hai0="33,38,90,100,92,116,86,81,18,32,40,133,125" hai1="43,114,63,34,52,14,72,109,66,98,82,107,88" hai2="64,115,96,101,23,60,111,105,121,20,102,10,53" hai3="9,91,128,130,6,21,17,83,44,35,95,42,46"/><W103/><G35/><T11/><D116/><U84/><E34/><V48/><F111/><W47/><G103/><T73/><D38/><U49/><E109/><V110/><F110/><W106/><G106/><T122/><D122/><U97/><E43/><V22/><F121/><W59/><G83/><T25/><D40/><U124/><E124/><V28/><F115/><W89/><G42/><T27/><D125/><U7/><E72/><V8/><F102/><W94/><G94/><T16/><D33/><U112/><E107/><V2/><F2/><W4/><G59/><T41/><D32/><U36/><E36/><V65/><F28/><W127/><G127/><T19/><D133/><U74/><E74/><V113/><F113/><N who="1" m="43625" /><E14/><V120/><F120/><W55/><G55/><T119/><D119/><U76/><E76/><V3/><F3/><W117/><G117/><T87/><D73/><U108/><E7/><N who="3" m="2602" /><G95/><T129/><D41/><U0/><E0/><V75/><F75/><W26/><G9/><T45/><D11/><U5/><E5/><V1/><F1/><W70/><G70/><T99/><D45/><N who="3" m="11521" /><W93/><DORA hai="29" /><G93/><T50/><D81/><U123/><E108/><V37/><F37/><W62/><G62/><T61/><D61/><U85/><E123/><V31/><F31/><W131/><AGARI ba="0,0" hai="17,21,26,89,91,128,130,131" m="11521,2602" machi="131" ten="40,2100,0" yaku="19,1" doraHai="54,29" who="3" fromWho="3" sc="386,-7,184,-7,359,-7,71,21" />
</Scene>
<Scene>
<INIT seed="7,1,0,0,0,34" ten="379,177,352,92" oya="3" hai0="48,122,69,112,11,92,99,83,64,129,132,3,39" hai1="79,107,97,51,15,56,30,110,22,2,98,108,81" hai2="50,119,42,94,78,27,25,4,16,67,73,103,133" hai3="68,18,24,77,93,87,118,36,57,121,127,46,100"/><W76/><G68/><T55/><D39/><U95/><E2/><V6/><F67/><W117/><G121/><T65/><D122/><U19/><E107/><V9/><F119/><W124/><G57/><T1/><D11/><U32/><E97/><V58/><F133/><W41/><G18/><T114/><D132/><U96/><E96/><N who="2" m="59799" /><F73/><W28/><G100/><N who="0" m="60519" /><D83/><U104/><E104/><V31/><F78/><N who="3" m="30315" /><G93/><T105/><D105/><U54/><E30/><V116/><F31/><W38/><G87/><T134/><D129/><U52/><E54/><N who="2" m="32087" /><F116/><W84/><G84/><T23/><D134/><U70/><E70/><V80/><F80/><W59/><G59/><N who="0" m="33255" /><D69/><U17/><E32/><V7/><F42/><W91/><G91/><T35/><D35/><U109/><E17/><V66/><F66/><W33/><G38/><T75/><D75/><U47/><E56/><V8/><F8/><W29/><G29/><T21/><D65/><U115/><E81/><V63/><F63/><W43/><G43/><T126/><D64/><U88/><REACH who="1" step="1"/><E79/><REACH who="1" ten="379,167,352,92" step="2"/><V53/><F53/><W130/><G130/><T49/><D3/><U135/><E135/><V82/><F82/><W40/><G40/><T10/><D1/><U26/><E26/><V89/><F89/><W44/><G44/><T74/><D74/><U123/><E123/><V62/><F62/><W102/><G102/><T60/><D60/><U125/><E125/><AGARI ba="1,1" hai="24,28,33,36,41,46,117,118,124,125,127" m="30315" machi="125" ten="30,1500,0" yaku="18,1" doraHai="34" who="3" fromWho="1" sc="379,0,167,-18,352,0,92,28" />
</Scene>
<Scene>
<INIT seed="7,2,0,0,4,34" ten="379,149,352,120" oya="3" hai0="25,27,111,125,113,53,46,49,66,9,47,6,134" hai1="59,10,90,71,83,24,0,91,93,19,36,132,35" hai2="82,30,14,109,105,70,85,61,39,103,100,52,76" hai3="22,107,79,69,11,1,26,18,64,67,8,135,74"/><W5/><G135/><T45/><D111/><U17/><E71/><V123/><F109/><W56/><G107/><T130/><D134/><U23/><E36/><V33/><F39/><W41/><G69/><T38/><D130/><U99/><E132/><V16/><F105/><W58/><G41/><T55/><D66/><U86/><E35/><V73/><F123/><W121/><G121/><T54/><D125/><U50/><E0/><V31/><F73/><W28/><G79/><T124/><D124/><U115/><E115/><V12/><F12/><W88/><G74/><T98/><D113/><U127/><E127/><V63/><F70/><W84/><G11/><T108/><D108/><U94/><E10/><N who="2" m="6231" /><F33/><W75/><G75/><T102/><D38/><U78/><E50/><V126/><F126/><W95/><REACH who="3" step="1"/><G18/><REACH who="3" ten="379,149,352,110" step="2"/><T40/><D40/><U60/><E17/><V68/><F68/><W101/><G101/><T96/><D102/><N who="1" m="60783" /><E94/><V92/><F103/><W4/><G4/><T7/><D9/><U89/><E78/><V114/><F114/><W110/><G110/><T42/><D7/><U29/><E19/><V131/><F100/><W21/><G21/><T119/><D6/><U80/><E86/><V77/><F92/><W65/><AGARI ba="2,1" hai="1,5,8,22,26,28,56,58,64,65,67,84,88,95" machi="65" ten="30,12000,1" yaku="1,1,0,1,52,1,54,1,53,1" doraHai="34" doraHaiUra="32" who="3" fromWho="3" sc="379,-42,149,-42,352,-42,110,136" />
</Scene>
<Scene>
<INIT seed="7,3,0,5,0,62" ten="337,107,310,246" oya="3" hai0="46,8,26,60,50,19,124,56,49,25,47,9,68" hai1="71,88,22,97,116,122,112,72,38,33,92,52,51" hai2="83,78,74,53,70,104,106,113,79,110,1,40,41" hai3="3,43,132,57,31,114,4,133,127,107,69,35,82"/><W10/><G69/><T17/><D68/><U103/><E122/><V111/><F1/><W89/><G107/><T99/><D124/><U117/><E116/><V21/><F70/><W120/><G43/><N who="0" m="24799" /><D99/><U12/><E71/><V29/><F113/><W125/><G57/><T100/><D100/><U45/><E72/><V63/><F79/><W6/><G89/><T27/><D9/><U42/><E33/><V90/><F106/><W128/><G82/><T65/><D8/><U108/><E112/><V5/><F104/><W87/><G87/><T59/><D59/><U37/><E117/><V14/><F90/><W96/><G96/><T75/><D75/><U98/><E108/><V67/><F67/><W121/><G114/><T20/><D20/><U94/><E12/><V95/><F95/><W55/><G55/><AGARI ba="3,0" hai="17,19,25,26,27,47,50,55,56,60,65" m="24799" machi="55" ten="30,2000,0" yaku="8,1,52,1" doraHai="62" who="0" fromWho="3" sc="337,29,107,0,310,0,246,-29" owari="366,46.0,107,-39.0,310,11.0,217,-18.0" />
</Scene>
</mjloggm>