<mjloggm ver="2.3"><GO type="169" lobby="0"/><UN n0="%E3%82%A2%E3%83%95%E3%83%AA%E3%82%AB" n1="%7A%68%6B%64%73%68%67%79" n2="%E5%A4%AA%E3%81%8F%E3%81%AA%E3%81%84%E3%81%8A" n3="%E3%81%8A%E3%81%98%E3%81%95%E3%82%93" dan="16,17,19,17" rate="2127.90,2209.72,2348.06,2174.01" sx="M,F,F,M"/><TAIKYOKU oya="0"/>

<Scene>
<INIT seed="0,0,0,1,4,51" ten="250,250,250,250" oya="0" hai0="135,30,20,93,133,123,120,80,72,84,74,26,125" hai1="85,15,127,78,19,4,134,67,110,107,44,104,70" hai2="11,16,31,0,6,49,28,106,108,41,98,50,3" hai3="131,124,83,33,54,100,75,95,55,90,121,42,2"/><T117/><D117/><U29/><E110/><V68/><F68/><W87/><G2/><T45/><D93/><U56/><E127/><V118/><F108/><W46/><G33/><T66/><D66/><U105/><E134/><N who="0" m="51209" /><D125/><U14/><E70/><V69/><F3/><W88/><G124/><T122/><D45/><U130/><E130/><V129/><F69/><W32/><G32/><T10/><D10/><U109/><E109/><V62/><F11/><W132/><G132/><T128/><D128/><U21/><E44/><V8/><F8/><W96/><G131/><T63/><D63/><U17/><E4/><V43/><F62/><W114/><G114/><T22/><D20/><U7/><E7/><V40/><F6/><W61/><G121/><T116/><D116/><U58/><E67/><V48/><F129/><W94/><G61/><T9/><D9/><U25/><E105/><V34/><F34/><W92/><G75/><T76/><AGARI ba="0,0" hai="22,26,30,72,74,76,80,84,120,122,123" m="51209" machi="76" ten="40,2100,0" yaku="20,1" doraHai="51" who="0" fromWho="0" sc="250,21,250,-7,250,-7,250,-7" />
</Scene>
<Scene>
<INIT seed="0,1,0,1,5,80" ten="271,243,243,243" oya="0" hai0="132,134,108,60,133,67,127,128,86,6,105,114,73" hai1="10,5,113,115,96,61,119,38,70,109,45,63,43" hai2="125,48,100,112,42,4,58,9,102,72,111,25,116" hai3="82,124,79,3,53,57,97,52,8,49,24,62,26"/><T37/><D73/><U56/><E119/><V135/><F72/><W88/><G124/><T78/><D105/><U29/><E109/><V74/><F74/><W12/><G3/><T17/><D37/><U28/><E96/><V18/><F112/><N who="1" m="43081" /><E70/><V71/><F71/><W46/><G79/><T95/><D114/><U50/><E50/><V31/><F111/><W77/><G77/><T131/><D108/><U94/><E94/><V103/><F125/><W85/><REACH who="3" step="1"/><G97/><REACH who="3" ten="271,243,243,233" step="2"/><T30/><D127/><U126/><E126/><V1/><F1/><W20/><G20/><T44/><D78/><U15/><E61/><V84/><F116/><W123/><G123/><T36/><D134/><U117/><E117/><V59/><F135/><W122/><G122/><T64/><D60/><U90/><E90/><V13/><F102/><W91/><G91/><T98/><D98/><U27/><E63/><V54/><F103/><W76/><G76/><T16/><D133/><U33/><E33/><V66/><F100/><W35/><G35/><T19/><D132/><U83/><E10/><V107/><F9/><W106/><G106/><T47/><D131/><U7/><E83/><V93/><F107/><W55/><G55/><T23/><D128/><U104/><E104/><V40/><F54/><W120/><G120/><T0/><D95/><U11/><E11/><V14/><F93/><W41/><G41/><T92/><D92/><U130/><E130/><V110/><F42/><W75/><G75/><T81/><D0/><U89/><E43/><V118/><F40/><W69/><G69/><T121/><D121/><RYUUKYOKU ba="1,1" sc="271,-10,243,-10,243,-10,233,30" hai3="8,12,24,26,46,49,52,53,57,62,82,85,88" />
</Scene>
<Scene>
<INIT seed="1,2,1,5,1,59" ten="261,233,233,263" oya="1" hai0="118,98,79,96,2,33,80,32,85,39,45,8,108" hai1="102,111,134,116,78,74,41,9,105,1,57,18,89" hai2="35,48,101,126,123,38,110,109,28,133,135,43,129" hai3="100,24,52,64,17,62,42,112,14,30,103,0,25"/><U94/><E116/><V99/><F123/><W12/><G0/><T106/><D118/><U120/><E120/><V117/><F117/><W83/><G112/><T27/><D108/><N who="2" m="41578" /><F129/><W5/><G42/><T75/><D27/><U121/><E121/><V119/><F119/><W19/><G5/><N who="0" m="1079" /><D85/><U84/><E111/><V6/><F6/><W130/><G130/><T16/><D16/><N who="3" m="6217" /><G64/><T47/><D47/><U124/><E124/><V54/><F126/><W34/><G34/><N who="0" m="13419" /><D106/><U82/><E134/><V11/><F35/><W55/><G83/><T7/><D7/><U56/><E41/><AGARI ba="2,1" hai="39,41,45,75,79,80,96,98" m="13419,1079" machi="41" ten="30,1000,0" yaku="25,1" doraHai="59" who="0" fromWho="1" sc="261,26,233,-16,233,0,263,0" />
</Scene>
<Scene>
<INIT seed="2,0,0,2,4,34" ten="287,217,233,263" oya="2" hai0="0,32,103,81,99,123,97,9,134,19,89,16,40" hai1="125,42,56,18,120,35,84,130,26,39,96,113,127" hai2="31,29,7,118,45,49,36,86,112,74,10,101,46" hai3="129,38,67,93,91,90,14,132,62,4,78,105,13"/><V122/><F74/><W51/><G38/><T133/><D32/><U107/><E113/><V100/><F112/><W50/><G105/><T30/><D30/><U57/><E130/><V52/><F118/><W68/><G129/><T37/><D123/><U71/><E120/><V23/><F122/><W102/><G132/><N who="0" m="50795" /><D40/><U1/><E71/><V121/><F121/><W88/><G78/><T53/><D53/><U54/><E84/><V70/><F70/><W83/><G83/><T108/><D108/><U77/><E77/><V20/><F86/><W22/><G4/><N who="0" m="1159" /><D37/><U87/><E35/><V44/><F29/><W24/><G51/><T73/><D89/><U27/><E42/><V94/><F36/><W66/><G66/><T135/><D135/><U47/><E39/><V106/><F106/><W115/><G50/><T80/><D80/><U21/><E107/><V12/><F31/><W119/><G119/><T25/><D25/><U75/><E26/><V104/><F104/><W126/><G115/><T92/><D99/><U124/><E96/><N who="2" m="59415" /><F101/><W82/><G82/><T63/><D63/><U61/><E61/><V11/><F11/><W110/><G102/><T8/><D8/><U65/><E27/><V98/><F98/><W33/><G33/><T131/><D131/><U114/><E114/><V6/><F6/><W64/><G24/><T79/><AGARI ba="0,0" hai="16,19,73,79,81,92,97,103" m="1159,50795" machi="79" ten="30,4000,0" yaku="20,1,52,1,54,1" doraHai="34" who="0" fromWho="0" sc="287,40,217,-10,233,-20,263,-10" />
</Scene>
<Scene>
<INIT seed="3,0,0,2,5,72" ten="327,207,213,253" oya="3" hai0="3,114,14,6,5,28,133,27,35,15,26,66,95" hai1="10,109,128,119,82,20,57,36,116,99,124,118,127" hai2="90,2,42,68,120,34,130,89,33,4,31,102,49" hai3="77,84,12,50,81,98,19,110,52,8,67,59,41"/><W122/><G122/><T71/><D71/><U61/><E109/><V55/><F68/><W17/><G110/><T51/><D66/><U60/><E128/><V101/><F42/><W48/><G67/><T70/><D70/><U7/><E36/><V115/><F115/><W111/><G111/><T75/><D75/><U69/><E69/><V32/><F31/><W63/><G98/><T65/><D65/><U93/><E20/><V62/><F62/><W23/><G41/><T105/><D105/><U87/><E93/><V45/><F130/><W16/><G23/><T11/><D51/><AGARI ba="0,0" hai="8,12,16,17,19,48,50,51,52,59,63,77,81,84" machi="51" ten="40,12000,1" yaku="8,1,52,1,54,2" doraHai="72" who="3" fromWho="0" sc="327,-120,207,0,213,0,253,120" />
</Scene>
<Scene>
<INIT seed="3,1,0,1,4,4" ten="207,207,213,373" oya="3" hai0="23,76,35,75,130,7,103,67,113,93,129,82,65" hai1="100,96,86,24,58,121,107,43,47,54,72,123,64" hai2="105,25,46,12,8,135,133,14,49,102,88,120,17" hai3="106,118,134,98,42,97,83,6,112,84,126,11,53"/><W80/><G112/><T89/><D35/><U92/><E72/><V57/><F120/><W5/><G118/><T85/><D113/><U71/><E71/><V117/><F117/><W45/><G5/><T56/><D7/><U28/><E64/><V41/><F105/><W37/><G126/><T77/><D77/><U19/><E19/><V36/><F102/><W125/><G125/><T63/><D23/><U55/><E86/><V95/><F12/><W30/><G30/><T10/><D10/><U51/><E107/><V40/><F25/><W81/><G134/><N who="2" m="51209" /><F57/><W18/><G18/><T70/><D103/><U34/><REACH who="1" step="1"/><E55/><REACH who="1" ten="207,197,213,373" step="2"/><N who="2" m="30135" /><F36/><AGARI ba="1,1" hai="24,28,34,36,43,47,51,54,58,92,96,100,121,123" machi="36" ten="30,3900,0" yaku="1,1,7,1,53,1" doraHai="4" doraHaiUra="44" who="1" fromWho="2" sc="207,0,197,52,213,-42,373,0" />
</Scene>
<Scene>
<INIT seed="4,0,0,4,5,125" ten="207,249,171,373" oya="0" hai0="116,2,108,37,105,86,6,71,26,80,4,49,62" hai1="130,44,106,128,110,85,23,104,5,120,101,30,13" hai2="29,27,59,93,118,39,112,103,102,58,45,123,96" hai3="41,74,87,64,100,60,132,76,63,0,134,18,115"/><T109/><D37/><U98/><E110/><N who="0" m="42601" /><D116/><U66/><E120/><V124/><F123/><W73/><G115/><T51/><D105/><U131/><E66/><V70/><F70/><W126/><G126/><T92/><D92/><N who="1" m="58567" /><E44/><V75/><F124/><W35/><G35/><T50/><D26/><N who="1" m="16735" /><E85/><V61/><F75/><W16/><G0/><T95/><D95/><U3/><E3/><V84/><F112/><W65/><G100/><T82/><D82/><U54/><E54/><V69/><F103/><W121/><G121/><T17/><D17/><U88/><E88/><V24/><F118/><W117/><G117/><T36/><D36/><U111/><E111/><V19/><F39/><W57/><G87/><T40/><D40/><U10/><AGARI ba="0,0" hai="5,10,13,104,106,128,130,131" m="16735,58567" machi="10" ten="40,8000,1" yaku="19,1,52,3" doraHai="125" who="1" fromWho="1" sc="207,-40,249,80,171,-20,373,-20" />
</Scene>
<Scene>
<INIT seed="5,0,0,5,0,49" ten="167,329,151,353" oya="1" hai0="23,121,107,25,52,104,29,118,45,75,74,95,83" hai1="34,125,16,59,130,76,22,127,1,79,63,110,73" hai2="81,3,124,60,36,41,71,11,47,46,32,122,39" hai3="50,9,120,111,77,99,27,20,90,48,15,33,54"/><U68/><E110/><V40/><F122/><W106/><G120/><T116/><D121/><U38/><E130/><V131/><F32/><W86/><G111/><T5/><D5/><U80/><E34/><V128/><F81/><N who="3" m="47407" /><G33/><T37/><D37/><U28/><E38/><V135/><F124/><N who="1" m="47689" /><E1/><V92/><F92/><N who="3" m="56727" /><G54/><T78/><D75/><U55/><E68/><V102/><F102/><W72/><G106/><T103/><D107/><U88/><E28/><V26/><F26/><W53/><G53/><T109/><D104/><U35/><E35/><V91/><F91/><W132/><G132/><T85/><D109/><U113/><E113/><V66/><REACH who="2" step="1"/><F135/><REACH who="2" ten="167,329,141,353" step="2"/><W105/><G105/><T93/><D103/><U14/><E79/><V82/><F82/><W119/><G119/><T100/><D100/><U61/><E88/><V57/><F57/><W112/><G112/><T30/><D118/><U133/><E133/><V69/><F69/><W87/><G87/><T56/><D116/><U6/><E6/><AGARI ba="0,1" hai="3,6,11,36,39,40,41,46,47,60,66,71,128,131" machi="6" ten="40,8000,1" yaku="1,1,9,1,23,2,53,0" doraHai="49" doraHaiUra="101" who="2" fromWho="1" sc="167,0,329,-80,141,90,353,0" />
</Scene>
<Scene>
<INIT seed="6,0,0,2,2,97" ten="167,249,231,353" oya="2" hai0="98,81,71,16,86,50,117,102,83,128,55,67,65" hai1="72,18,119,101,39,93,62,120,57,22,75,26,84" hai2="110,52,23,20,100,63,46,24,111,73,51,48,7" hai3="103,126,47,134,80,8,6,41,123,82,36,115,42"/><V3/><F73/><W32/><G123/><T38/><D128/><U131/><E119/><V121/><F121/><W118/><G118/><T5/><D117/><U116/><E116/><V135/><F135/><W89/><G32/><T17/><D38/><U11/><E120/><V132/><F132/><W104/><G134/><T76/><D5/><U88/><E131/><V90/><F63/><W127/><G42/><T44/><D83/><U10/><E39/><V0/><F90/><W33/><G33/><T78/><D78/><U124/><E124/><N who="3" m="47658" /><G89/><T74/><D74/><U2/><E2/><V79/><F79/><W92/><G92/><T64/><REACH who="0" step="1"/><D71/><REACH who="0" ten="157,249,231,353" step="2"/><U15/><E75/><V40/><F7/><W27/><G80/><T91/><D91/><U58/><E72/><V113/><F111/><W54/><G82/><T95/><AGARI ba="0,1" hai="16,17,44,50,55,64,65,67,76,81,86,95,98,102" machi="95" ten="30,8000,1" yaku="1,1,0,1,8,1,52,1,54,1,53,0" doraHai="97" doraHaiUra="130" who="0" fromWho="0" sc="157,90,249,-20,231,-40,353,-20" />
</Scene>
<Scene>
<INIT seed="7,0,0,1,0,86" ten="247,229,191,333" oya="3" hai0="131,52,6,42,108,88,62,126,104,44,72,41,63" hai1="84,129,133,9,35,87,101,20,59,38,128,2,19" hai2="61,23,91,48,96,18,78,21,3,69,112,25,99" hai3="114,15,73,71,13,54,74,127,64,92,122,95,17"/><W90/><G13/><T116/><D104/><U26/><E133/><V53/><F112/><W24/><G24/><T130/><D72/><U30/><E38/><V8/><F78/><W0/><G95/><T103/><D103/><U34/><E101/><V117/><F117/><W45/><G54/><T49/><D116/><U12/><E59/><V105/><F105/><W65/><G127/><T10/><D108/><U118/><E118/><V51/><F3/><W132/><G132/><T33/><D33/><U124/><E124/><V83/><F8/><W40/><G45/><T80/><D126/><U134/><E134/><V79/><F23/><W100/><G64/><T76/><D76/><U4/><E35/><V46/><F69/><W109/><G65/><T32/><D32/><U77/><E87/><V58/><F51/><W37/><G71/><T119/><D119/><U70/><E70/><V106/><F106/><W27/><G37/><T123/><D123/><U29/><E29/><V47/><F47/><W57/><G0/><N who="0" m="327" /><D42/><U75/><E75/><V120/><F120/><W94/><G40/><T98/><D41/><U93/><E93/><V115/><F115/><W89/><G92/><N who="0" m="56583" /><D80/><AGARI ba="0,0" hai="2,4,9,12,19,20,26,30,34,77,80,84,128,129" machi="80" ten="40,2600,0" yaku="24,2" doraHai="86" who="1" fromWho="0" sc="247,-26,229,26,191,0,333,0" owari="221,-18.0,255,6.0,191,-31.0,333,43.0" />
</Scene>
</mjloggm>