<mjloggm ver="2.3"><GO type="169" lobby="0"/><UN n0="%E5%A4%AA%E3%81%8F%E3%81%AA%E3%81%84%E3%81%8A" n1="%E7%84%A1%E8%8A%B1%E6%9E%9C" n2="%67%75%73%68" n3="%E5%B9%BE%E4%BD%95%E5%AD%A6%E5%B0%82%E6%94%BB" dan="19,16,16,16" rate="2328.33,2073.07,2102.05,2125.80" sx="F,F,M,M"/><TAIKYOKU oya="0"/>

<Scene>
<INIT seed="0,0,0,4,0,20" ten="250,250,250,250" oya="0" hai0="108,39,89,80,97,79,64,65,96,120,103,128,126" hai1="110,93,83,35,121,132,72,63,2,43,134,75,106" hai2="130,133,41,77,98,48,86,67,56,92,101,9,123" hai3="49,91,69,74,0,73,3,45,44,51,5,21,58"/><T36/><D120/><U117/><E93/><V125/><F123/><W95/><G69/><T40/><D126/><U14/><E14/><V71/><F125/><W1/><G5/><T11/><D128/><U17/><E17/><V116/><F130/><W115/><G58/><T81/><D11/><U84/><E63/><V8/><F116/><W47/><G21/><T25/><D108/><U26/><E84/><V124/><F124/><W127/><G115/><T135/><D135/><U76/><E43/><V18/><F133/><W107/><G107/><T50/><D50/><U90/><E75/><V19/><F71/><W7/><G7/><T111/><D111/><U6/><E6/><V4/><F67/><W12/><G127/><T23/><D89/><U33/><E110/><V94/><F9/><W102/><G102/><T88/><D40/><U24/><E121/><V82/><F92/><W54/><G12/><T32/><D32/><U13/><E106/><V16/><F56/><W52/><REACH who="3" step="1"/><G47/><REACH who="3" ten="250,250,250,240" step="2"/><T118/><D103/><U87/><E134/><V131/><F131/><W62/><G62/><T46/><D46/><U10/><E132/><V15/><F4/><W70/><G70/><T38/><D23/><U61/><E61/><V109/><F109/><W53/><G53/><T66/><D66/><U60/><E60/><V22/><F22/><W59/><G59/><T122/><D64/><U113/><E113/><V119/><F119/><W37/><G37/><T114/><D65/><U29/><E117/><V100/><F100/><W112/><G112/><T99/><D114/><U30/><E35/><RYUUKYOKU ba="0,1" sc="250,-15,250,-15,250,15,240,15" hai2="8,15,16,18,19,41,48,77,82,86,94,98,101" hai3="0,1,3,44,45,49,51,52,54,73,74,91,95" />
</Scene>
<Scene>
<INIT seed="1,1,1,2,2,59" ten="235,235,265,255" oya="1" hai0="7,53,48,5,27,43,52,13,41,33,15,108,88" hai1="62,134,102,106,17,71,55,39,76,89,75,104,29" hai2="24,37,51,36,8,0,84,87,112,86,50,10,12" hai3="30,26,9,65,57,114,115,4,21,31,116,94,28"/><U64/><E39/><V100/><F112/><W45/><G116/><T16/><D108/><U119/><E119/><V101/><F0/><W11/><G45/><N who="0" m="27663" /><D33/><U96/><E17/><V109/><F109/><W73/><G73/><T69/><D69/><U105/><E55/><V120/><F120/><W1/><G94/><T14/><D53/><U97/><E89/><V132/><F132/><W58/><G58/><T81/><D5/><U126/><E134/><V79/><F79/><W18/><G57/><T113/><D7/><U93/><E126/><V135/><F135/><W121/><G65/><T107/><D107/><U3/><E97/><V103/><F24/><W80/><G80/><T20/><D113/><N who="3" m="43017" /><G11/><N who="2" m="4137" /><F12/><W42/><G42/><T2/><D2/><U70/><E70/><V40/><F40/><W82/><G82/><T54/><D54/><U118/><E118/><V44/><F44/><W92/><G121/><T72/><D72/><U46/><E3/><V63/><F37/><W83/><G83/><T122/><D122/><U77/><E46/><V128/><F36/><W117/><G92/><T91/><D91/><U99/><E75/><V125/><F125/><W6/><G6/><T56/><D56/><U98/><E93/><V66/><F66/><W90/><G90/><T74/><D74/><U131/><E106/><V19/><F51/><W133/><G117/><T23/><D23/><U35/><E105/><V22/><F50/><W95/><G133/><T130/><D130/><U25/><E131/><V129/><F129/><W61/><G95/><T85/><AGARI ba="1,1" hai="13,14,15,16,20,27,41,43,81,85,88" m="27663" machi="85" ten="30,7900,0" yaku="8,1,54,3" doraHai="59" who="0" fromWho="0" sc="235,92,235,-40,265,-21,255,-21" />
</Scene>
<Scene>
<INIT seed="2,0,0,3,4,92" ten="327,195,244,234" oya="2" hai0="86,111,37,107,63,29,2,104,78,112,43,24,48" hai1="31,55,4,38,39,9,18,71,64,79,51,58,133" hai2="35,132,1,115,109,83,98,26,76,53,40,49,61" hai3="30,75,57,66,45,128,16,27,23,106,127,93,36"/><V96/><F1/><W59/><G106/><T130/><D112/><U68/><E31/><V123/><F123/><W15/><G75/><T22/><D37/><U62/><E18/><V17/><F115/><W94/><G127/><T134/><D2/><U3/><E133/><V118/><F118/><W42/><G128/><T34/><D34/><U129/><E129/><V116/><F116/><W12/><G12/><T19/><D29/><U67/><E79/><V0/><F0/><W65/><G59/><T90/><D78/><U46/><E9/><V95/><F132/><W99/><G57/><T119/><D134/><U21/><E21/><N who="2" m="13615" /><F35/><W120/><G94/><T88/><D90/><U56/><E4/><V80/><F95/><W72/><G72/><T82/><D119/><U7/><E7/><V100/><F100/><W77/><G77/><T121/><D121/><U60/><E3/><V44/><F109/><W124/><G124/><T11/><D111/><U50/><E46/><V87/><F80/><W6/><G6/><T122/><D122/><U91/><E91/><V28/><F28/><W85/><G120/><T113/><D113/><U131/><E131/><V5/><F5/><W70/><G70/><T74/><D130/><U126/><E126/><V54/><F61/><W117/><G117/><T13/><D63/><U89/><E89/><V73/><F73/><W32/><REACH who="3" step="1"/><G85/><REACH who="3" ten="327,195,244,224" step="2"/><T10/><D74/><U47/><REACH who="1" step="1"/><E47/><REACH who="1" ten="327,185,244,224" step="2"/><V101/><F44/><W25/><G25/><T20/><D24/><U69/><E69/><V84/><F76/><W103/><AGARI ba="0,2" hai="15,16,23,27,30,32,36,42,45,65,66,93,99,103" machi="103" ten="20,12000,2" yaku="1,1,0,1,7,1,52,1,54,1,53,1" doraHai="92" doraHaiUra="41" who="3" fromWho="3" sc="327,-30,185,-30,244,-60,224,140" />
</Scene>
<Scene>
<INIT seed="3,0,0,2,5,81" ten="297,155,184,364" oya="3" hai0="110,63,43,129,116,0,125,131,84,123,96,12,25" hai1="70,109,68,30,4,106,102,13,51,76,124,24,99" hai2="44,119,21,65,20,38,93,52,34,41,86,88,10" hai3="29,90,132,50,22,14,98,95,101,79,31,11,114"/><W113/><G132/><T28/><D0/><U8/><E124/><V26/><F119/><W82/><G113/><T23/><D116/><U56/><E109/><V6/><F65/><W85/><G114/><T7/><D123/><U32/><E76/><V130/><F130/><W27/><G50/><T17/><D7/><U19/><E51/><V92/><F92/><W89/><REACH who="3" step="1"/><G29/><REACH who="3" ten="297,155,184,354" step="2"/><T80/><D28/><U35/><E35/><V54/><F34/><W72/><G72/><T118/><D131/><U128/><E128/><V2/><F21/><W75/><G75/><T78/><D23/><U105/><E105/><V57/><F57/><W39/><G39/><T87/><D129/><U94/><E56/><V135/><F135/><W16/><AGARI ba="0,1" hai="11,14,16,22,27,31,79,82,85,89,90,95,98,101" machi="16" ten="20,18000,2" yaku="1,1,0,1,7,1,8,1,52,1,54,1,53,0" doraHai="81" doraHaiUra="53" who="3" fromWho="3" sc="297,-60,155,-60,184,-60,354,190" />
</Scene>
<Scene>
<INIT seed="3,1,0,5,1,129" ten="237,95,124,544" oya="3" hai0="122,134,35,111,48,106,5,28,131,49,83,93,10" hai1="90,19,73,41,17,52,47,9,36,84,18,81,74" hai2="104,61,118,31,86,82,75,40,8,113,34,97,25" hai3="37,133,46,65,87,109,120,53,110,14,43,24,92"/><W76/><G120/><T13/><D106/><U95/><E74/><V63/><F75/><W119/><G119/><T94/><D122/><U68/><E68/><V22/><F118/><W121/><G121/><T3/><D131/><U45/><E73/><V4/><F113/><W123/><G123/><T71/><D71/><U6/><E95/><V80/><F40/><W20/><G65/><T69/><D69/><U26/><E26/><V100/><F34/><W77/><G53/><T102/><D3/><U2/><E19/><V99/><F99/><W27/><G14/><T126/><D83/><U23/><E23/><V11/><F80/><W108/><G27/><T60/><D60/><U7/><E7/><V98/><F98/><W67/><G67/><T124/><D111/><U50/><AGARI ba="1,0" hai="2,6,9,17,18,36,41,45,47,50,52,81,84,90" machi="50" ten="30,2000,0" yaku="0,1,54,1" doraHai="129" who="1" fromWho="1" sc="237,-6,95,23,124,-6,544,-11" />
</Scene>
<Scene>
<INIT seed="4,0,0,0,5,2" ten="231,118,118,533" oya="0" hai0="126,67,125,79,23,13,66,113,54,80,94,119,111" hai1="122,108,7,43,19,55,78,41,64,27,42,34,106" hai2="10,15,33,60,37,62,102,68,91,71,104,5,75" hai3="51,32,40,129,99,61,8,31,114,76,84,77,65"/><T17/><D119/><U96/><E122/><V105/><F37/><W11/><G99/><T46/><D113/><U130/><E108/><V112/><F33/><W49/><G114/><T131/><D111/><U109/><E109/><V0/><F112/><W59/><G51/><N who="0" m="29047" /><D94/><U57/><E130/><V45/><F75/><W133/><G32/><T86/><D131/><U72/><E64/><V63/><F45/><W73/><G73/><T127/><AGARI ba="0,0" hai="13,17,23,66,67,79,80,86,125,126,127" m="29047" machi="127" ten="30,1500,0" yaku="18,1" doraHai="2" who="0" fromWho="0" sc="231,15,118,-5,118,-5,533,-5" />
</Scene>
<Scene>
<INIT seed="4,1,0,5,2,112" ten="246,113,113,528" oya="0" hai0="87,94,68,67,73,40,88,62,66,103,98,42,113" hai1="135,81,83,17,107,118,80,109,91,39,85,111,47" hai2="76,132,56,5,95,52,33,104,28,4,31,46,32" hai3="84,9,86,54,79,45,72,59,64,128,74,99,37"/><T125/><D113/><U1/><E1/><V77/><F104/><W19/><G64/><T34/><D34/><U3/><E3/><V75/><F132/><W23/><G99/><T92/><D125/><U14/><E135/><V60/><F33/><W16/><G128/><T115/><D115/><U71/><E71/><V7/><F75/><W102/><G102/><T6/><D73/><U21/><E107/><V116/><F116/><W24/><G45/><T70/><REACH who="0" step="1"/><D6/><REACH who="0" ten="236,113,113,528" step="2"/><U44/><E118/><V29/><F32/><W133/><G74/><T55/><D55/><U20/><E111/><V96/><REACH who="2" step="1"/><F46/><REACH who="2" ten="236,113,103,528" step="2"/><N who="1" m="17449" /><E109/><V13/><F13/><W43/><G72/><T134/><D134/><U97/><E39/><V61/><F61/><AGARI ba="1,2" hai="40,42,61,62,66,67,68,70,87,88,92,94,98,103" machi="61" ten="40,7700,0" yaku="1,1,9,1,54,1,53,0" doraHai="112" doraHaiUra="2" who="0" fromWho="2" sc="236,100,113,0,103,-80,528,0" />
</Scene>
<Scene>
<INIT seed="4,2,0,5,5,59" ten="336,113,23,528" oya="0" hai0="107,134,1,73,19,97,37,116,9,39,112,27,20" hai1="77,2,122,24,126,113,128,54,80,53,92,45,88" hai2="29,60,41,130,47,52,121,70,3,56,0,83,17" hai3="62,34,86,69,67,125,123,25,57,89,22,48,4"/><T50/><D116/><U68/><E122/><V63/><F121/><W61/><G125/><T99/><D73/><U18/><E2/><V38/><F29/><W64/><G34/><T51/><D112/><U66/><E126/><V120/><F120/><W21/><G123/><T23/><D134/><U114/><E128/><V131/><F17/><W101/><G101/><T74/><D74/><U71/><E24/><V91/><F83/><W58/><G4/><T32/><D32/><U10/><E10/><V75/><F75/><W102/><G102/><T5/><D107/><U44/><E18/><V6/><F91/><W36/><G36/><T94/><D99/><U132/><E77/><V49/><F6/><W13/><G13/><T72/><D72/><U40/><E80/><V100/><F100/><W119/><G119/><T14/><D39/><N who="1" m="21535" /><E92/><V124/><F124/><W82/><G69/><N who="1" m="26698" /><E88/><V110/><F110/><W129/><G129/><N who="2" m="49161" /><F70/><W108/><G108/><T26/><D94/><U117/><E117/><V65/><F65/><W133/><G25/><T78/><D26/><U8/><E66/><V46/><F46/><W31/><G31/><T33/><D27/><U87/><E132/><V84/><F84/><W79/><G133/><T96/><D5/><U28/><E28/><V135/><F135/><W118/><G118/><T109/><D19/><U85/><E45/><V43/><F43/><W11/><G67/><T55/><D109/><U104/><E104/><V98/><F98/><W16/><G64/><T127/><D127/><U105/><E105/><V90/><F90/><W15/><G89/><RYUUKYOKU ba="2,0" sc="336,-10,113,-10,23,30,528,-10" hai2="0,3,38,41,47,49,52,56,60,63" />
</Scene>
<Scene>
<INIT seed="5,3,0,2,0,86" ten="326,103,53,518" oya="1" hai0="83,135,124,4,119,21,30,95,46,59,89,109,36" hai1="115,77,74,70,34,99,113,15,80,110,126,47,93" hai2="28,41,102,81,10,82,122,71,60,48,91,45,1" hai3="107,63,104,33,111,7,123,43,96,64,40,23,8"/><U114/><E34/><V12/><F122/><W121/><G111/><T131/><D119/><U20/><E70/><V101/><F1/><W44/><G33/><T105/><D105/><U11/><E20/><V39/><F28/><W62/><G23/><T78/><D109/><U14/><E110/><V120/><F120/><W26/><G26/><T51/><D36/><U88/><E126/><V61/><F39/><W112/><G112/><T79/><D4/><U35/><E35/><V3/><F3/><W76/><G76/><T73/><D79/><U87/><E11/><V32/><F32/><W68/><G63/><N who="2" m="24137" /><F71/><W100/><G107/><T24/><D59/><U9/><E47/><V50/><F50/><W127/><G127/><T116/><D124/><U125/><E125/><V66/><F66/><W13/><G43/><T38/><D135/><U17/><E15/><V22/><F22/><W118/><G118/><T128/><D38/><AGARI ba="3,0" hai="7,8,13,38,40,44,62,64,68,96,100,104,121,123" machi="38" ten="30,1000,0" yaku="7,1" doraHai="86" who="3" fromWho="0" sc="326,-19,103,0,53,0,518,19" />
</Scene>
<Scene>
<INIT seed="6,0,0,0,5,38" ten="307,103,53,537" oya="2" hai0="18,49,89,106,88,102,42,10,117,26,34,124,6" hai1="13,131,50,43,68,110,24,127,77,36,109,72,85" hai2="115,40,67,61,15,35,133,12,107,5,52,44,86" hai3="99,135,81,96,101,22,47,105,74,41,7,27,103"/><V16/><F107/><W113/><G135/><T3/><D102/><U32/><E13/><V122/><F122/><W17/><G7/><T111/><D106/><U28/><E50/><N who="2" m="26887" /><F35/><W83/><G74/><T92/><D111/><U23/><E85/><V25/><F133/><W46/><G46/><N who="0" m="25815" /><D92/><U53/><E53/><V108/><F108/><W48/><G113/><T98/><D98/><U45/><E23/><N who="2" m="13543" /><F67/><W134/><G134/><T90/><D124/><U78/><E78/><V91/><F5/><W65/><G65/><T73/><D73/><U112/><E127/><V60/><F115/><W116/><G116/><T54/><D34/><U59/><E59/><N who="2" m="34919" /><F61/><W55/><G105/><T132/><D117/><U21/><E112/><V64/><F64/><W93/><G55/><T87/><D54/><U130/><E21/><V119/><F119/><W11/><G22/><T57/><D6/><U14/><E14/><V80/><AGARI ba="0,0" hai="12,15,80,86,91" m="34919,13543,26887" machi="80" ten="30,11700,0" yaku="8,1,52,1,54,2" doraHai="38" who="2" fromWho="2" sc="307,-39,103,-39,53,117,537,-39" />
</Scene>
<Scene>
<INIT seed="6,1,0,5,1,118" ten="268,64,170,498" oya="2" hai0="121,90,13,74,82,119,86,40,93,87,7,48,29" hai1="72,53,109,123,75,99,52,31,100,15,126,3,57" hai2="35,84,108,63,135,92,41,130,95,83,106,26,42" hai3="96,16,61,81,37,36,103,62,80,66,10,132,27"/><V9/><F106/><W79/><G132/><T45/><D119/><U49/><E3/><V38/><F135/><W122/><G122/><T91/><D121/><U104/><E109/><V11/><F108/><W50/><G50/><T60/><D74/><U44/><E126/><V65/><F130/><W21/><G10/><N who="2" m="3593" /><F38/><W18/><G18/><T39/><D39/><U110/><E110/><V56/><F26/><W113/><G113/><T101/><D13/><U128/><E128/><V0/><F0/><W4/><G4/><T120/><D120/><U107/><E123/><V23/><F23/><W58/><G62/><T133/><D133/><U25/><E15/><V89/><F35/><W68/><G68/><T105/><D7/><U115/><E115/><V64/><F65/><W17/><G17/><T116/><D105/><U71/><E71/><V73/><F73/><W34/><G34/><T117/><D29/><U67/><E107/><V28/><F28/><W111/><G111/><T46/><D101/><U30/><E67/><V88/><F83/><W98/><G80/><T5/><D5/><U19/><E30/><V20/><F20/><W102/><G37/><T43/><D82/><U114/><E114/><V14/><F14/><W51/><G36/><T2/><D2/><U124/><E124/><V24/><F24/><W12/><G12/><T112/><D112/><U76/><E19/><V97/><AGARI ba="1,0" hai="41,42,56,63,64,84,88,89,92,95,97" m="3593" machi="97" ten="30,3000,0" yaku="8,1,54,1" doraHai="118" who="2" fromWho="2" sc="268,-11,64,-11,170,33,498,-11" />
</Scene>
<Scene>
<INIT seed="6,2,0,0,2,122" ten="257,53,203,487" oya="2" hai0="22,134,8,58,123,36,127,102,0,72,40,52,130" hai1="116,90,85,83,133,61,73,91,33,29,76,107,25" hai2="81,120,86,32,30,11,63,111,48,94,98,64,100" hai3="31,14,23,70,5,38,87,68,3,55,74,114,6"/><V42/><F120/><W105/><G74/><T2/><D72/><U15/><E116/><V53/><F42/><W117/><G6/><T54/><D123/><U44/><E133/><V34/><F30/><W26/><G3/><T132/><D102/><U112/><E112/><V35/><F11/><W21/><G38/><T118/><D118/><U92/><E44/><V104/><F104/><W129/><G23/><T17/><D130/><U121/><E121/><V119/><F119/><W89/><G105/><T7/><D2/><U45/><E45/><V82/><F111/><W28/><G28/><T80/><D80/><U124/><E124/><V51/><F53/><W126/><G55/><T47/><D127/><U62/><E15/><V9/><F9/><N who="3" m="4399" /><G126/><T56/><D54/><U57/><E57/><V20/><F20/><W39/><G39/><T101/><D101/><U41/><E41/><V109/><F109/><W79/><G117/><T78/><D78/><U110/><E110/><V27/><F27/><W49/><G129/><T65/><D65/><U131/><E131/><V19/><F19/><W12/><G79/><T46/><D46/><U67/><E67/><V10/><F10/><W95/><G114/><T88/><D52/><U24/><E24/><V59/><REACH who="2" step="1"/><F82/><REACH who="2" ten="257,53,193,487" step="2"/><W115/><G31/><T16/><D17/><U43/><E43/><V69/><F69/><W113/><G70/><T135/><D56/><U71/><E71/><V96/><F96/><W66/><G68/><T77/><D58/><U97/><E107/><V75/><F75/><W4/><G21/><T125/><D40/><RYUUKYOKU ba="2,1" sc="257,-15,53,15,193,15,487,-15" hai1="25,29,33,61,62,73,76,83,85,90,91,92,97" hai2="32,34,35,48,51,59,63,64,81,86,94,98,100" />
</Scene>
<Scene>
<INIT seed="6,3,1,2,0,80" ten="242,68,208,472" oya="2" hai0="6,8,125,43,108,67,20,48,123,92,24,21,83" hai1="99,57,131,90,16,60,15,81,118,1,34,129,5" hai2="119,41,19,66,58,113,37,135,27,82,53,107,52" hai3="122,130,73,32,106,17,88,120,76,11,96,93,112"/><V74/><F119/><W25/><G32/><T31/><D108/><U39/><E118/><V28/><F107/><W40/><G40/><T45/><D123/><U109/><E109/><V44/><F113/><W18/><G112/><T128/><D128/><U95/><E39/><V35/><F135/><W114/><G114/><T132/><D132/><U91/><E34/><V30/><F30/><W63/><G130/><T72/><D125/><U10/><E131/><V89/><F19/><W50/><G106/><T110/><D110/><U42/><E129/><V77/><REACH who="2" step="1"/><F89/><REACH who="2" ten="242,68,198,472" step="2"/><N who="3" m="55343" /><G18/><T29/><D29/><U33/><E33/><V126/><F126/><W61/><G17/><T49/><D31/><U101/><E42/><V75/><F75/><W2/><G88/><N who="1" m="33834" /><E1/><V7/><F7/><W104/><G73/><T46/><D72/><U47/><E5/><V65/><F65/><W3/><G3/><T87/><D67/><N who="1" m="39311" /><E81/><V133/><F133/><W4/><G4/><T102/><D83/><U116/><E116/><V115/><F115/><W36/><G2/><T78/><D6/><U0/><E0/><V26/><F26/><W62/><G104/><T64/><D24/><U9/><E47/><V13/><F13/><W51/><G25/><T103/><D43/><U111/><E111/><V105/><F105/><W70/><G122/><T124/><D45/><U121/><E121/><V134/><F134/><W97/><G120/><T54/><D46/><U55/><E55/><V12/><F12/><W59/><G11/><AGARI ba="3,2" hai="9,10,11,15,16,95,99,101" m="39311,33834" machi="11" ten="30,3900,0" yaku="8,1,54,2" doraHai="80" who="1" fromWho="3" sc="242,0,68,68,198,0,472,-48" />
</Scene>
<Scene>
<INIT seed="7,0,0,4,1,54" ten="242,136,198,424" oya="3" hai0="65,0,94,130,50,103,59,53,5,28,123,124,113" hai1="37,68,52,116,111,25,108,14,10,120,48,1,21" hai2="12,98,13,96,19,8,80,132,92,122,128,9,55" hai3="125,84,11,109,49,39,23,29,77,112,51,6,18"/><W30/><G39/><T27/><D123/><U91/><E68/><V57/><F122/><W42/><G42/><T40/><D40/><U85/><BYE who="0" /><E120/><V22/><F128/><W90/><G51/><UN n0="%E5%A4%AA%E3%81%8F%E3%81%AA%E3%81%84%E3%81%8A" /><T69/><D65/><U105/><E37/><V32/><F32/><W3/><G49/><T129/><D69/><U102/><E116/><V16/><F132/><W66/><G30/><T76/><D76/><U95/><E1/><V36/><F36/><W88/><G29/><T97/><D124/><U56/><E105/><V126/><F126/><W38/><G3/><T24/><D113/><U44/><E102/><V79/><F22/><W86/><G23/><T101/><D101/><U114/><E114/><V58/><F55/><W87/><G38/><T75/><D75/><U104/><E104/><V133/><F133/><W110/><G112/><T89/><D103/><U99/><E111/><V35/><F35/><W70/><G70/><T107/><D107/><U26/><E108/><V41/><F41/><W72/><G72/><T81/><D28/><U119/><E119/><V15/><F15/><W83/><G109/><T121/><D121/><U118/><E118/><V93/><F79/><W47/><G110/><T61/><D130/><U127/><E127/><V31/><F31/><W115/><G115/><T62/><D129/><U34/><E34/><V82/><AGARI ba="0,0" hai="8,9,12,13,16,19,57,58,80,82,92,93,96,98" machi="82" ten="25,12000,2" yaku="0,1,22,2,8,1,52,2,54,1" doraHai="54" who="2" fromWho="2" sc="242,-30,136,-30,198,120,424,-60" owari="212,-19.0,106,-39.0,318,12.0,364,46.0" />
</Scene>
</mjloggm>